<mjloggm ver="2.3"><GO type="41" lobby="0"/><UN n0="%E5%A6%96%E6%80%AA%E9%A6%96%E3%81%8A%E3%81%84%E3%81%A6%E3%81%91" n1="%E5%B0%B1%E6%B4%BB%E7%94%9F%40%E5%B7%9D%E6%9D%91%E8%BB%8D%E5%9B%A3" n2="%73%68%69%6E%6A%69%6D%65" n3="%44%65%66%69%61%6E%74" dan="14,16,13,16" rate="1918.74,2065.18,1896.12,2050.48" sx="M,M,M,M"/><TAIKYOKU oya="0"/><INIT seed="0,0,0,0,3,114" ten="250,250,250,250" oya="0" hai0="46,125,9,64,105,47,96,59,98,73,10,72,66" hai1="83,119,16,121,14,11,3,106,62,85,45,130,50" hai2="39,13,15,78,30,27,25,41,68,118,91,61,111" hai3="23,84,87,38,127,120,126,63,108,110,81,17,53"/><T88/><D125/><N who="3" m="47625" /><G38/><T112/><D112/><U21/><E121/><V135/><F135/><W52/><G120/><T40/><D59/><U89/><E106/><V43/><F111/><N who="3" m="42539" /><G63/><T0/><D40/><N who="2" m="15434" /><F39/><W74/><G74/><T69/><D69/><U2/><E130/><V49/><F68/><W113/><G113/><T82/><D82/><U28/><E119/><V65/><F78/><N who="3" m="46135" /><G87/><T122/><D105/><U22/><E62/><V26/><F30/><W71/><G71/><T8/><D0/><U6/><E28/><V48/><F118/><W77/><G77/><T86/><D122/><U93/><E83/><V132/><F132/><W44/><G44/><N who="0" m="16939" /><D73/><U115/><E115/><V33/><F33/><W1/><G1/><T51/><D72/><U60/><E60/><V42/><F42/><W95/><G95/><N who="0" m="54679" /><D51/><N who="2" m="19530" /><F91/><W102/><G102/><T103/><D103/><U24/><REACH who="1" step="1"/><E22/><REACH who="1" ten="250,240,250,250" step="2"/><V107/><F107/><W123/><G123/><T18/><D18/><U80/><E80/><V124/><F124/><W70/><G70/><T55/><D55/><AGARI ba="0,1" hai="2,3,6,11,14,16,21,24,45,50,55,85,89,93" machi="55" ten="30,3900,0" yaku="1,1,7,1,54,1,53,0" doraHai="114" doraHaiUra="129" who="1" fromWho="0" sc="250,-39,240,49,250,0,250,0" /><INIT seed="1,0,0,1,0,12" ten="211,289,250,250" oya="1" hai0="135,96,129,62,114,44,66,82,113,46,11,131,119" hai1="41,58,65,17,20,33,35,26,27,97,57,4,10" hai2="8,39,63,103,126,67,125,61,109,64,59,134,78" hai3="117,43,110,116,87,89,115,22,48,25,133,93,70"/><U72/><E72/><V49/><F78/><W124/><G115/><N who="0" m="44043" /><D96/><U3/><E41/><V60/><F103/><W100/><G70/><N who="0" m="42327" /><D82/><U130/><E130/><N who="0" m="49673" /><D11/><U79/><E79/><V31/><F31/><W111/><G100/><T36/><D119/><U24/><E97/><V55/><F8/><W42/><G117/><T69/><D69/><U73/><E73/><V90/><F90/><W19/><G116/><T53/><D53/><U99/><E99/><V84/><F84/><W28/><G28/><T18/><D18/><U81/><E81/><V123/><F123/><W13/><G25/><T30/><D30/><U112/><E112/><V51/><F134/><W9/><G133/><T80/><D80/><U120/><E120/><V101/><F101/><W85/><G85/><T16/><D16/><U77/><E77/><V86/><F86/><W88/><G89/><T71/><D71/><U68/><E68/><V38/><F109/><W6/><G111/><T21/><D21/><U83/><E83/><V7/><F7/><W40/><G110/><T106/><D106/><U92/><E92/><V76/><F76/><W14/><G14/><T122/><D122/><U91/><E91/><V105/><F105/><W121/><G121/><T108/><D108/><U15/><REACH who="1" step="1"/><E65/><REACH who="1" ten="211,279,250,250" step="2"/><N who="2" m="25163" /><F49/><W54/><G48/><T29/><D135/><U23/><E23/><V56/><F59/><AGARI ba="0,1" hai="3,4,10,15,17,20,24,26,27,33,35,57,58,59" machi="59" ten="40,7700,0" yaku="1,1,52,1,53,1" doraHai="12" doraHaiUra="32" who="1" fromWho="2" sc="211,0,279,87,250,-77,250,0" /><INIT seed="1,1,0,3,5,103" ten="211,366,173,250" oya="1" hai0="70,51,56,30,8,3,81,31,69,99,66,86,36" hai1="109,110,14,133,67,84,75,12,79,128,125,124,92" hai2="49,38,134,45,90,15,129,11,60,41,74,131,72" hai3="37,135,42,6,121,44,96,63,85,16,95,50,34"/><U9/><E75/><V18/><F134/><W13/><G121/><T107/><D36/><U77/><E67/><V119/><F119/><W23/><G135/><T102/><D70/><U2/><E2/><V5/><F60/><W83/><G34/><T10/><D69/><U101/><E128/><N who="2" m="49227" /><F38/><W46/><G63/><T98/><D98/><N who="1" m="59591" /><E133/><V80/><F5/><W62/><G62/><T97/><D97/><U40/><E40/><V43/><F41/><W93/><G96/><T25/><D66/><U112/><E112/><V94/><F80/><W22/><G22/><T21/><D31/><U123/><E123/><V55/><F43/><W52/><REACH who="3" step="1"/><G6/><REACH who="3" ten="211,366,173,240" step="2"/><T89/><REACH who="0" step="1"/><D3/><REACH who="0" ten="201,366,173,240" step="2"/><U68/><E68/><V35/><F35/><W91/><AGARI ba="1,2" hai="13,16,23,37,42,44,46,50,52,83,85,91,93,95" machi="91" ten="20,12000,2" yaku="1,1,2,1,0,1,7,1,54,2,53,0" doraHai="103" doraHaiUra="7" who="3" fromWho="3" sc="201,-31,366,-61,173,-31,240,143" /><INIT seed="2,0,0,3,1,68" ten="170,305,142,383" oya="2" hai0="117,91,130,94,17,60,27,54,134,110,109,24,67" hai1="85,9,78,81,66,51,115,102,25,28,98,48,69" hai2="13,135,56,124,3,8,82,2,43,15,21,44,58" hai3="4,1,131,65,116,83,132,89,125,107,55,126,16"/><V95/><F124/><W47/><G116/><T6/><D6/><U73/><E115/><V12/><F135/><W61/><G107/><T53/><D134/><U39/><E73/><V88/><F82/><W36/><G132/><T59/><D117/><U45/><E9/><V0/><F21/><W90/><G131/><T11/><D130/><U52/><E39/><V7/><F2/><W76/><G55/><T75/><D75/><U80/><E80/><V118/><F3/><W84/><G4/><T97/><D27/><U133/><E133/><V40/><F43/><W41/><G1/><T74/><D74/><U22/><E48/><V31/><F31/><W64/><G64/><T79/><D79/><U113/><E113/><V92/><F95/><W23/><G126/><T14/><REACH who="0" step="1"/><D24/><REACH who="0" ten="160,305,142,383" step="2"/><U87/><E25/><V42/><F118/><W38/><G125/><T103/><D103/><U62/><E28/><V122/><F122/><W108/><G76/><T77/><D77/><U123/><E123/><V129/><F129/><W128/><G128/><T99/><D99/><U86/><REACH who="1" step="1"/><E22/><REACH who="1" ten="160,295,142,383" step="2"/><V114/><F114/><W26/><G23/><T104/><D104/><AGARI ba="0,2" hai="45,51,52,62,66,69,78,81,85,86,87,98,102,104" machi="104" ten="30,7700,0" yaku="1,1,2,1,7,1,54,1,53,0" doraHai="68" doraHaiUra="106" who="1" fromWho="0" sc="160,-77,295,97,142,0,383,0" /><INIT seed="3,0,0,4,2,117" ten="83,392,142,383" oya="3" hai0="28,32,111,101,73,13,71,119,44,62,37,75,98" hai1="115,43,68,40,127,95,104,100,39,114,35,65,70" hai2="19,26,69,80,78,129,116,53,105,94,54,1,24" hai3="2,83,57,77,109,84,11,3,112,132,12,10,128"/><W59/><G112/><T30/><D13/><U87/><E104/><V22/><F116/><W79/><G132/><T90/><D119/><U123/><E35/><V48/><F129/><W81/><G128/><T86/><D111/><U60/><E123/><V16/><F1/><W107/><G107/><T50/><D30/><U122/><E122/><V23/><F105/><W121/><G121/><T131/><D131/><U46/><E127/><V27/><F69/><W36/><G109/><T106/><D86/><U45/><E68/><V49/><F94/><W72/><G36/><T134/><D134/><U14/><E14/><V63/><F27/><W96/><G96/><T29/><D29/><U4/><E4/><V113/><F113/><W61/><G59/><T126/><D126/><U8/><E8/><V58/><REACH who="2" step="1"/><F53/><REACH who="2" ten="83,392,132,383" step="2"/><W18/><G2/><T31/><D32/><U97/><REACH who="1" step="1"/><E87/><AGARI ba="0,1" hai="16,19,22,23,24,26,48,49,54,58,63,78,80,87" machi="87" ten="30,12000,2" yaku="1,1,2,1,7,1,9,1,8,1,54,1,53,0" doraHai="117" doraHaiUra="25" who="2" fromWho="1" sc="83,0,392,-120,132,130,383,0" /><INIT seed="4,0,0,4,5,78" ten="83,272,262,383" oya="0" hai0="32,103,73,23,17,105,75,114,131,46,66,33,72" hai1="10,57,106,96,15,120,111,115,21,34,3,130,86" hai2="77,94,85,79,30,80,127,108,92,89,37,11,7" hai3="90,124,74,123,93,52,81,2,100,62,43,26,29"/><T107/><D114/><U116/><E111/><V65/><F37/><W5/><G100/><T87/><D66/><U121/><E116/><V47/><F108/><W132/><G43/><T12/><D46/><U42/><E130/><V18/><F127/><W25/><G124/><T88/><D131/><U135/><E115/><V101/><F65/><W19/><G19/><T56/><D56/><U13/><E135/><V27/><F18/><W133/><G123/><T71/><D71/><U9/><E34/><V49/><F30/><W126/><G126/><T70/><D70/><U69/><E69/><V8/><F27/><W122/><G122/><T128/><D128/><U61/><E42/><V45/><F47/><W125/><G29/><T40/><D40/><U41/><E41/><V22/><F22/><W4/><G125/><T54/><D54/><U83/><E3/><V16/><F11/><W95/><G2/><T76/><D76/><N who="2" m="29258" /><F7/><W31/><G31/><T64/><D64/><U38/><E38/><V48/><F101/><W99/><G132/><T67/><D67/><U59/><E21/><V60/><F60/><W35/><G62/><T0/><D0/><U109/><E61/><V113/><F113/><W1/><G1/><T44/><D44/><U55/><E55/><N who="2" m="30095" /><F49/><W28/><G133/><T104/><D103/><N who="1" m="62823" /><E109/><V39/><F39/><W118/><G52/><T14/><D14/><AGARI ba="0,0" hai="8,14,16,80,85,89,92,94" m="30095,29258" machi="14" ten="30,7700,0" yaku="25,1,8,1,52,1,54,1" doraHai="78" who="2" fromWho="0" sc="83,-77,272,0,262,77,383,0" /><INIT seed="5,0,0,5,2,99" ten="6,272,339,383" oya="1" hai0="116,49,66,121,53,104,26,9,20,100,55,21,40" hai1="125,44,57,120,83,45,70,60,48,23,33,3,65" hai2="110,85,31,82,119,80,118,18,105,11,111,108,14" hai3="56,90,16,134,27,5,106,131,93,112,75,79,117"/><U35/><E3/><V10/><F105/><W130/><G106/><T87/><D116/><U73/><E120/><V4/><F80/><W19/><G117/><T32/><D121/><U98/><E125/><V129/><F85/><W30/><G5/><T89/><D40/><U101/><E23/><V36/><F36/><W43/><G43/><T115/><D115/><U78/><E70/><V133/><F82/><W77/><G112/><T68/><D9/><U1/><E1/><V71/><F71/><W62/><G134/><T114/><D114/><U37/><E37/><V17/><F133/><W81/><G77/><T126/><D126/><U12/><E12/><N who="2" m="5191" /><F129/><N who="3" m="49163" /><G90/><T28/><D21/><U91/><E91/><V124/><F124/><W128/><G93/><T122/><D122/><U135/><E135/><V15/><F31/><W58/><G128/><T29/><D29/><U127/><E127/><V54/><F54/><N who="3" m="34071" /><G58/><T2/><D2/><U95/><REACH who="1" step="1"/><E44/><REACH who="1" ten="6,262,339,383" step="2"/><V7/><F7/><W59/><G59/><T123/><D123/><U113/><E113/><V13/><F13/><W94/><G27/><T38/><D38/><U8/><E8/><AGARI ba="0,1" hai="8,11,14,15,17,18,108,110,111,118,119" m="5191" machi="8" ten="30,2000,0" yaku="34,2" doraHai="99" who="2" fromWho="1" sc="6,0,262,-20,339,30,383,0" /><INIT seed="6,0,0,5,3,45" ten="6,242,369,383" oya="2" hai0="126,100,31,24,134,130,12,124,27,71,9,112,32" hai1="38,39,8,107,6,46,23,51,78,125,14,98,90" hai2="69,91,26,66,19,3,43,89,36,57,99,54,92" hai3="104,95,73,110,70,115,34,121,4,94,86,133,96"/><V77/><F3/><W122/><G70/><T120/><D71/><U116/><E116/><V5/><F5/><W117/><G34/><T48/><D100/><U68/><E125/><N who="0" m="48233" /><D120/><U106/><E68/><V97/><F77/><W59/><G117/><T103/><D103/><U114/><E78/><V119/><F119/><W29/><G29/><T16/><D112/><U83/><E114/><V18/><F36/><W50/><G73/><T7/><D48/><U79/><E106/><V105/><F43/><W44/><G115/><T118/><D118/><U60/><E60/><N who="2" m="35895" /><F69/><W80/><G104/><T81/><D81/><U41/><E23/><N who="2" m="13687" /><F105/><W88/><G80/><T20/><D130/><U0/><E0/><V30/><F30/><W102/><G122/><T63/><D63/><U11/><E11/><V127/><F127/><W1/><G121/><T35/><D27/><U135/><E135/><V123/><F123/><W22/><G1/><N who="0" m="239" /><D35/><U65/><E65/><V87/><F66/><W85/><G133/><AGARI ba="0,0" hai="12,16,20,24,31,32,133,134" m="239,48233" machi="133" ten="30,8000,1" yaku="24,1,18,1,34,2,54,1" doraHai="45" who="0" fromWho="3" sc="6,80,242,0,369,0,383,-80" /><INIT seed="7,0,0,1,0,110" ten="86,242,369,303" oya="3" hai0="99,113,44,80,89,98,7,104,30,71,85,127,58" hai1="84,114,65,59,8,111,17,120,79,15,101,76,121" hai2="129,19,93,36,4,9,39,135,32,33,100,2,12" hai3="18,25,108,10,5,124,75,118,69,112,22,41,130"/><W87/><G118/><T95/><D71/><U63/><E114/><V82/><F33/><W31/><G75/><T60/><D7/><U13/><E111/><V47/><F129/><W105/><G108/><T23/><D44/><U21/><E121/><V91/><F135/><W38/><G130/><T88/><D127/><U3/><E3/><V49/><F100/><W125/><G69/><T64/><D104/><U131/><E120/><V35/><F39/><W52/><G105/><T102/><D98/><U67/><E131/><V0/><F36/><W106/><G106/><T132/><D132/><U1/><E1/><V34/><F82/><W123/><G123/><T96/><D96/><U77/><E101/><V20/><F34/><W107/><G107/><T16/><D89/><U70/><E70/><V97/><F0/><W134/><G112/><T117/><D117/><U42/><E42/><AGARI ba="0,0" hai="2,4,9,12,19,20,32,35,42,47,49,91,93,97" machi="42" ten="30,1000,0" yaku="7,1" doraHai="110" who="2" fromWho="1" sc="86,0,242,-10,369,10,303,0" owari="86,-41.0,232,-17.0,379,48.0,303,10.0" /></mjloggm>