<mjloggm ver="2.3"><GO type="225" lobby="0"/><UN n0="%E3%81%82%E3%82%89%E3%81%8F%E3%82%8C" n1="%53%65%6E%61%72" n2="%E3%81%B5%E3%82%82%E3%81%B5%E3%82%82%E3%81%A3%E3%81%B5" n3="%E3%83%88%E3%83%88%E3%83%AA%E5%85%88%E7%94%9F%31%39%E6%AD%B3" dan="17,16,18,17" rate="2165.41,2079.28,2205.89,2222.16" sx="F,M,F,F"/><TAIKYOKU oya="0"/><INIT seed="0,0,0,2,2,105" ten="250,250,250,250" oya="0" hai0="110,84,117,109,56,133,23,24,107,47,101,38,18" hai1="93,13,20,118,59,8,19,104,126,60,0,53,49" hai2="81,4,68,57,116,10,129,72,112,98,26,97,41" hai3="44,102,113,28,58,25,96,131,5,31,3,77,89"/><T86/><D117/><U115/><E118/><V55/><F68/><W21/><G113/><T63/><D133/><U100/><E115/><V85/><F116/><W83/><G131/><T7/><D7/><U11/><E126/><V82/><F112/><W95/><G3/><T40/><D101/><U39/><E39/><V79/><F26/><W66/><G5/><T12/><D24/><U14/><E104/><V50/><F41/><W106/><G44/><T114/><D107/><U17/><E0/><V87/><F129/><W33/><G58/><T123/><D123/><U43/><E20/><V35/><F35/><W99/><G66/><T32/><D32/><U91/><E100/><V75/><F98/><W119/><G119/><T76/><D114/><U88/><E93/><V64/><F97/><W71/><G71/><T80/><REACH who="0" step="1"/><D84/><REACH who="0" ten="240,250,250,250" step="2"/><U9/><E9/><V132/><F132/><W27/><G27/><T124/><D124/><U15/><E15/><V52/><F85/><W36/><G33/><T54/><AGARI ba="0,1" hai="12,18,23,38,40,47,54,56,63,76,80,86,109,110" machi="54" ten="30,3000,0" yaku="1,1,0,1,53,0" doraHai="105" doraHaiUra="34" who="0" fromWho="0" sc="240,40,250,-10,250,-10,250,-10" /><INIT seed="0,1,0,5,4,126" ten="280,240,240,240" oya="0" hai0="110,10,107,112,2,37,41,6,40,100,35,116,70" hai1="86,25,60,75,32,44,109,4,88,79,76,93,130" hai2="81,19,64,20,30,48,98,43,61,15,69,58,0" hai3="114,1,73,51,106,53,122,29,36,135,27,68,83"/><T38/><D116/><U97/><E109/><V125/><F0/><W8/><G114/><T66/><D112/><U128/><E4/><V84/><F125/><W13/><G106/><T115/><D115/><U24/><E75/><V82/><F30/><W87/><G68/><T57/><D57/><U62/><E44/><V80/><F98/><W28/><G1/><T3/><D3/><U102/><E62/><V121/><F121/><W55/><G36/><T17/><D17/><U59/><E76/><V103/><F103/><W50/><G73/><T14/><D14/><U52/><E79/><V56/><F69/><W45/><G135/><T7/><D7/><U18/><E18/><V133/><F133/><W94/><G94/><T49/><D35/><U96/><E96/><V108/><F108/><W12/><G122/><T31/><D31/><N who="3" m="11849" /><G27/><T71/><D110/><U54/><E54/><N who="2" m="31815" /><F43/><W72/><G72/><T9/><D41/><U26/><REACH who="1" step="1"/><E32/><REACH who="1" ten="280,230,240,240" step="2"/><V132/><F132/><W11/><G8/><T105/><D9/><U119/><E119/><V127/><F127/><W5/><G11/><T21/><D10/><U67/><E67/><V74/><F74/><W111/><G5/><T63/><D6/><U16/><E16/><V134/><F134/><W65/><G65/><T95/><D66/><U118/><E118/><V113/><F113/><W34/><G34/><T33/><D33/><U92/><AGARI ba="1,1" hai="24,25,26,52,59,60,86,88,92,93,97,102,128,130" machi="92" ten="30,16000,3" yaku="1,1,0,1,52,2,54,2,53,2" doraHai="126" doraHaiUra="91" who="1" fromWho="1" sc="280,-81,230,173,240,-41,240,-41" /><INIT seed="1,0,0,0,1,40" ten="199,403,199,199" oya="1" hai0="43,129,32,124,113,23,76,12,63,102,122,33,56" hai1="21,39,0,8,68,22,90,52,133,51,106,119,121" hai2="81,46,62,94,120,95,35,16,2,30,85,13,37" hai3="77,70,28,107,117,15,110,29,11,127,91,100,93"/><U67/><E121/><V130/><F2/><W41/><G70/><T55/><D113/><U14/><E119/><V88/><F120/><W96/><G117/><T60/><D122/><U49/><E39/><V6/><F130/><W71/><G71/><T17/><D129/><U79/><E0/><V78/><F6/><W128/><G110/><T123/><D123/><U87/><E106/><V64/><F35/><W86/><G127/><T5/><D124/><U74/><E51/><V54/><F30/><W82/><G41/><T132/><D132/><U48/><E48/><N who="2" m="28951" /><F37/><W36/><G36/><T38/><D76/><U73/><E79/><V75/><F75/><N who="3" m="43327" /><G128/><T57/><D5/><AGARI ba="0,0" hai="5,11,15,28,29,86,91,93,96,100,107" m="43327" machi="5" ten="30,1000,0" yaku="24,1" doraHai="40" who="3" fromWho="0" sc="199,-10,403,0,199,0,199,10" /><INIT seed="2,0,0,3,5,120" ten="189,403,199,209" oya="2" hai0="21,82,107,33,28,134,99,65,81,110,116,12,69" hai1="5,40,119,37,18,76,9,111,104,90,67,26,61" hai2="95,19,123,48,47,49,53,109,14,3,121,41,55" hai3="113,124,105,84,125,45,16,132,35,75,102,73,32"/><V97/><F3/><W128/><G128/><T72/><D134/><U30/><E104/><V71/><F71/><W85/><G132/><T93/><D72/><N who="3" m="27721" /><G45/><T89/><D116/><U100/><E76/><V2/><F2/><W108/><G105/><T20/><D20/><U98/><E100/><V15/><F41/><W60/><G102/><N who="0" m="62943" /><D21/><U62/><E18/><V25/><F25/><W117/><G117/><T63/><D12/><U39/><E39/><V103/><F14/><W101/><G101/><T36/><D36/><U96/><E62/><V92/><F92/><W56/><G16/><T58/><D58/><U118/><E118/><V127/><F127/><N who="3" m="48715" /><G113/><T91/><D91/><U59/><E90/><V7/><F7/><W43/><G43/><T13/><D13/><U54/><E119/><V46/><REACH who="2" step="1"/><F109/><REACH who="2" ten="189,403,189,209" step="2"/><W27/><G108/><T11/><D110/><U31/><E111/><V79/><F79/><W0/><G0/><T22/><D22/><AGARI ba="0,1" hai="15,19,22,46,47,48,49,53,55,95,97,103,121,123" machi="22" ten="30,5800,0" yaku="1,1,7,1,9,1,53,0" doraHai="120" doraHaiUra="87" who="2" fromWho="0" sc="189,-58,403,0,189,68,209,0" /><INIT seed="2,1,0,5,4,36" ten="131,403,257,209" oya="2" hai0="135,86,44,45,25,10,98,14,116,96,109,48,13" hai1="47,81,87,43,49,113,71,12,60,22,21,88,121" hai2="6,78,26,94,66,1,79,35,132,9,57,123,38" hai3="32,101,107,90,85,128,63,102,40,17,50,92,15"/><V31/><F123/><W0/><G0/><T67/><D109/><U104/><E113/><V2/><F132/><W58/><G32/><T77/><D135/><U69/><E104/><V95/><F1/><W59/><G107/><T28/><D116/><U125/><E125/><V124/><F38/><W46/><G128/><T84/><D67/><U70/><E121/><V117/><F117/><W133/><G133/><T30/><D48/><U130/><E130/><V129/><F124/><W20/><REACH who="3" step="1"/><G58/><REACH who="3" ten="131,403,257,199" step="2"/><T134/><D134/><U54/><E70/><V62/><F129/><W34/><G34/><T72/><D72/><U115/><E115/><V4/><F2/><W120/><G120/><T37/><D37/><U19/><E69/><V29/><F35/><W89/><G89/><T39/><D39/><U27/><E71/><V3/><F3/><W42/><G42/><T55/><D77/><U106/><E106/><V53/><F78/><W8/><G8/><T111/><D111/><U7/><E7/><V82/><F9/><W118/><G118/><T23/><D10/><U51/><E22/><V68/><F4/><W119/><G119/><T110/><D110/><U112/><E112/><V24/><F6/><W64/><AGARI ba="1,1" hai="15,17,20,40,46,50,59,63,64,85,90,92,101,102" machi="64" ten="20,8000,1" yaku="1,1,0,1,7,1,8,1,52,1,53,0" doraHai="36" doraHaiUra="114" who="3" fromWho="3" sc="131,-21,403,-21,257,-41,199,93" /><INIT seed="3,0,0,3,1,20" ten="110,382,216,292" oya="3" hai0="64,0,25,104,87,22,103,122,46,40,67,39,74" hai1="107,29,7,12,97,61,102,115,116,62,81,59,132" hai2="11,100,53,77,96,83,5,9,15,123,65,68,31" hai3="24,112,43,13,118,30,45,86,127,85,19,47,17"/><W71/><G112/><T80/><D122/><U92/><E115/><V124/><F124/><W8/><G118/><T26/><D0/><U37/><E132/><V41/><F41/><W52/><G71/><T70/><D74/><U84/><E37/><V108/><F11/><W90/><G127/><T4/><D4/><U66/><E116/><V38/><F38/><W72/><G72/><T35/><D70/><U89/><E62/><V88/><F108/><W3/><G3/><T78/><D104/><U73/><E29/><V119/><F53/><W51/><G19/><T125/><D125/><U1/><E1/><V105/><F65/><W63/><G90/><T133/><D133/><U76/><E12/><V23/><F68/><W129/><G129/><T69/><D69/><U113/><E113/><V114/><F123/><W120/><G120/><T33/><D103/><U130/><E7/><V55/><F55/><W10/><G10/><T79/><D79/><U44/><E44/><V94/><F119/><W28/><G28/><T82/><D82/><U56/><E56/><V111/><F111/><W98/><G98/><T48/><D39/><U21/><E21/><V95/><F105/><W32/><G63/><T57/><D57/><U110/><E110/><V91/><F114/><W50/><AGARI ba="0,0" hai="8,13,17,24,30,32,43,45,47,50,51,52,85,86" machi="50" ten="20,7800,0" yaku="0,1,7,1,52,1,54,1" doraHai="20" who="3" fromWho="3" sc="110,-26,382,-26,216,-26,292,78" owari="84,-42.0,356,16.0,190,-21.0,370,47.0" /></mjloggm>