<mjloggm ver="2.3"><GO type="97" lobby="0"/><UN n0="%E3%82%8F%E3%81%A3%E3%81%91" n1="%6B%6F%62%79" n2="%E5%B0%B1%E6%B4%BB%E7%94%9F%40%E5%B7%9D%E6%9D%91%E8%BB%8D%E5%9B%A3" n3="%E3%82%B0%E3%83%95%E3%83%95" dan="14,13,15,14" rate="1938.04,1833.88,2025.02,1950.95" sx="M,M,M,M"/><TAIKYOKU oya="0"/><INIT seed="0,0,0,3,2,32" ten="250,250,250,250" oya="0" hai0="108,115,121,75,10,51,65,74,106,77,46,85,58" hai1="1,135,48,128,26,80,20,126,62,16,38,61,94" hai2="72,13,11,28,34,105,43,117,2,69,64,133,54" hai3="84,97,49,123,90,68,132,73,29,127,44,14,52"/><T71/><D115/><U114/><E114/><V45/><F105/><W130/><G73/><T112/><D112/><U56/><E38/><V63/><F72/><W67/><G127/><T119/><D121/><U37/><E37/><V100/><F117/><W59/><G123/><T79/><D119/><U66/><E126/><V24/><F133/><W83/><G130/><T22/><D106/><U131/><E135/><V92/><F54/><W47/><G132/><T18/><D71/><U99/><E80/><V110/><F110/><W50/><G68/><T107/><D107/><U31/><E48/><V129/><F129/><N who="1" m="49737" /><E31/><V124/><F124/><W87/><G29/><T40/><D108/><U91/><E62/><V5/><F92/><N who="3" m="56471" /><G83/><T118/><D118/><U60/><E60/><V98/><F98/><W111/><G111/><T89/><D75/><U109/><E109/><V102/><REACH who="2" step="1"/><F13/><REACH who="2" ten="250,250,240,250" step="2"/><W36/><G14/><T21/><D74/><U3/><AGARI ba="0,1" hai="1,3,16,20,26,56,61,66,91,94,99" m="49737" machi="3" ten="30,7900,0" yaku="19,1,52,2,54,1" doraHai="32" who="1" fromWho="1" sc="250,-39,250,89,240,-20,250,-20" /><INIT seed="1,0,0,5,4,100" ten="211,339,220,230" oya="1" hai0="38,27,117,133,71,68,13,110,109,24,94,43,56" hai1="134,39,0,51,124,33,32,41,126,44,89,2,21" hai2="84,18,53,57,36,54,65,50,73,14,103,16,19" hai3="7,79,135,55,5,80,6,70,87,40,29,115,125"/><U116/><E116/><V75/><F36/><W91/><G115/><T1/><D117/><U63/><E63/><V77/><F65/><W66/><G125/><N who="1" m="48234" /><E89/><V95/><F75/><W58/><G135/><T81/><D1/><N who="1" m="619" /><E21/><N who="2" m="11415" /><F73/><W62/><G29/><T132/><D81/><U46/><E134/><N who="0" m="51817" /><D94/><U130/><E130/><V111/><F111/><N who="0" m="42506" /><D56/><U35/><E51/><N who="2" m="30911" /><F77/><W8/><G40/><T90/><D90/><U64/><E64/><V93/><F93/><W23/><G23/><T4/><D43/><U31/><E31/><V121/><F121/><W30/><G30/><T3/><D38/><U12/><E12/><V101/><F101/><W107/><G107/><T105/><D105/><U119/><E119/><V108/><F108/><W129/><G129/><T112/><D71/><U97/><E46/><N who="2" m="27991" /><F103/><W118/><G118/><T26/><D68/><U49/><E49/><V15/><F15/><W61/><REACH who="3" step="1"/><G91/><AGARI ba="0,0" hai="18,19,84,91,95" m="27991,30911,11415" machi="91" ten="30,3900,0" yaku="25,1,8,1,54,1" doraHai="100" who="2" fromWho="3" sc="211,0,339,0,220,39,230,-39" /><INIT seed="2,0,0,0,4,95" ten="211,339,259,191" oya="2" hai0="131,7,23,73,10,119,29,66,81,85,111,116,55" hai1="109,128,82,51,6,75,8,91,62,25,106,68,33" hai2="94,2,80,63,60,44,24,113,17,83,110,13,22" hai3="88,16,30,64,4,87,52,74,134,45,71,105,67"/><V135/><F2/><W70/><G74/><T93/><D66/><N who="3" m="25129" /><G105/><T89/><D111/><U42/><E109/><V40/><F113/><W97/><G71/><T122/><D122/><U48/><E128/><V123/><F110/><W35/><G70/><T103/><D131/><U15/><E106/><V107/><F107/><W77/><G35/><T38/><D38/><U69/><E62/><N who="2" m="23595" /><F123/><W56/><G134/><T28/><D55/><U5/><E5/><V104/><F104/><W125/><G125/><T84/><D73/><U65/><E65/><V92/><F135/><W117/><G117/><N who="0" m="45131" /><D23/><U31/><E75/><V53/><F40/><W14/><G45/><T0/><D103/><U32/><E32/><V120/><F120/><W59/><G4/><T96/><D85/><U132/><E132/><V1/><F1/><W39/><G39/><T47/><D47/><U108/><E108/><V126/><F126/><W133/><G133/><T98/><D81/><N who="2" m="31306" /><F24/><W54/><G77/><T21/><D29/><U11/><E11/><V100/><F100/><W58/><G30/><T12/><D28/><U130/><E130/><V20/><F20/><N who="3" m="11287" /><G97/><N who="0" m="37483" /><D21/><U127/><E127/><V19/><F44/><W78/><G78/><T34/><D34/><U124/><E124/><V102/><F102/><W72/><G72/><T57/><D57/><N who="3" m="14593" /><W61/><DORA hai="118" /><G61/><T86/><D86/><N who="1" m="50647" /><E42/><V90/><F53/><W46/><G46/><T18/><D0/><U115/><E115/><V37/><F37/><W41/><G41/><T99/><D84/><U79/><E79/><V9/><F22/><W50/><G50/><AGARI ba="0,0" hai="6,8,15,25,31,33,48,50,51,68,69" m="50647" machi="50" ten="30,1000,0" yaku="6,1" doraHai="95,118" who="1" fromWho="3" sc="211,0,339,10,259,0,191,-10" /><INIT seed="3,0,0,2,0,31" ten="211,349,259,181" oya="3" hai0="96,23,103,41,128,133,105,100,47,1,39,7,2" hai1="91,102,84,97,119,95,73,38,49,112,69,82,113" hai2="117,56,63,44,26,50,62,19,116,54,24,124,58" hai3="125,79,72,17,0,3,104,107,94,33,11,134,89"/><W55/><G33/><T114/><D133/><U109/><E38/><V43/><F124/><W129/><G134/><T37/><D128/><U120/><E69/><V28/><F19/><W93/><G129/><T9/><D114/><U25/><E120/><V68/><F26/><W21/><G125/><T127/><D127/><U108/><E119/><V67/><F68/><W64/><G64/><T77/><D23/><AGARI ba="0,0" hai="23,24,28,43,44,50,54,56,58,62,63,67,116,117" machi="23" ten="30,1000,0" yaku="7,1" doraHai="31" who="2" fromWho="0" sc="211,-10,349,0,259,10,181,0" owari="201,-20.0,349,45.0,269,7.0,181,-32.0" /></mjloggm>