<mjloggm ver="2.3"><GO type="169" lobby="0"/><UN n0="%E6%9C%88%E3%83%9F%E7%85%A7%E2%98%86" n1="%E3%83%8C%E3%83%83%E3%83%97" n2="%E3%82%A6%E3%82%A7%E3%83%AB" n3="%E3%83%88%E3%83%88%E3%83%AA%E5%85%88%E7%94%9F%31%39%E6%AD%B3" dan="16,16,16,18" rate="2040.79,2145.23,2174.75,2182.95" sx="M,M,F,F"/><TAIKYOKU oya="0"/><INIT seed="0,0,0,4,3,27" ten="250,250,250,250" oya="0" hai0="119,65,19,128,47,6,93,33,126,54,50,57,106" hai1="1,49,5,42,114,69,110,22,105,113,45,97,130" hai2="39,72,16,89,61,80,64,129,134,14,3,41,28" hai3="8,135,84,59,117,23,112,56,124,37,67,77,122"/><T123/><D106/><U88/><E130/><V51/><F3/><W4/><G112/><N who="1" m="43114" /><E69/><V121/><F121/><W52/><G117/><T94/><D123/><U100/><E110/><V85/><F129/><W78/><G37/><T79/><D119/><U60/><E60/><V125/><F125/><W13/><G124/><T53/><D128/><U34/><E34/><V101/><F101/><W99/><G122/><T43/><D126/><U21/><E88/><V31/><F39/><W131/><G135/><T24/><D6/><U20/><E5/><V83/><F134/><W46/><G131/><T44/><D65/><U0/><AGARI ba="0,0" hai="0,1,20,21,22,42,45,49,97,100,105" m="43114" machi="0" ten="40,1500,0" yaku="11,1" doraHai="27" who="1" fromWho="1" sc="250,-7,250,15,250,-4,250,-4" /><INIT seed="1,0,0,1,1,114" ten="243,265,246,246" oya="1" hai0="84,24,20,118,108,14,127,82,122,95,8,23,54" hai1="97,56,115,46,96,79,1,52,57,94,40,116,25" hai2="130,132,30,74,103,107,47,22,70,3,112,89,91" hai3="37,45,60,36,9,15,134,69,80,99,92,27,86"/><U128/><E115/><V105/><F70/><W67/><G134/><T126/><D108/><U62/><E1/><V109/><F3/><W7/><G45/><T110/><D110/><U11/><E128/><V21/><F109/><W117/><G117/><T58/><D122/><U6/><E116/><V83/><F130/><W44/><G27/><T129/><D129/><U68/><E68/><V104/><F132/><W85/><G44/><T5/><D118/><U98/><E79/><V0/><F0/><W72/><G72/><T77/><D95/><U34/><E57/><V12/><F103/><W55/><G55/><T90/><D77/><U29/><E11/><V50/><F74/><W17/><G7/><T119/><D119/><U66/><E6/><V111/><F111/><W4/><G4/><T123/><D123/><U87/><E87/><V26/><F83/><W133/><G85/><T124/><REACH who="0" step="1"/><D24/><REACH who="0" ten="233,265,246,246" step="2"/><U106/><E106/><V63/><F112/><W100/><G133/><T18/><D18/><U101/><REACH who="1" step="1"/><E66/><REACH who="1" ten="233,255,246,246" step="2"/><V131/><F105/><W120/><G120/><T76/><D76/><AGARI ba="0,2" hai="9,15,17,36,37,60,67,69,76,80,86,92,99,100" machi="76" ten="30,1000,0" yaku="7,1" doraHai="114" who="3" fromWho="0" sc="233,-10,255,0,246,0,246,30" /><INIT seed="2,0,0,1,2,120" ten="223,255,246,276" oya="2" hai0="101,87,126,134,103,124,48,17,36,30,25,95,79" hai1="135,44,129,58,84,132,22,40,85,65,14,9,23" hai2="55,76,99,26,15,97,125,88,35,90,113,96,29" hai3="119,31,59,5,41,114,68,80,98,61,57,4,115"/><V52/><F113/><N who="3" m="43019" /><G119/><T12/><D36/><U111/><E129/><V54/><F125/><N who="0" m="48234" /><D134/><N who="1" m="51243" /><E85/><V24/><F24/><W53/><G41/><T43/><D79/><U118/><E84/><V63/><F15/><W7/><G68/><T109/><D87/><U20/><E118/><V67/><REACH who="2" step="1"/><F76/><REACH who="2" ten="223,255,236,276" step="2"/><W75/><G4/><T27/><D27/><U64/><E14/><V89/><F89/><W42/><G5/><T39/><D25/><U10/><E23/><V45/><F45/><W51/><G7/><T11/><D12/><U1/><E20/><V131/><F131/><W56/><G31/><T128/><D30/><U19/><E22/><V82/><F82/><W110/><G80/><T21/><D128/><U32/><E44/><V49/><F49/><W33/><G51/><T83/><D48/><U16/><E9/><V81/><F81/><W50/><G50/><T78/><D83/><U107/><E10/><V47/><F47/><W104/><G42/><T123/><D78/><U71/><E40/><V93/><F93/><W122/><G122/><T127/><D95/><U3/><E3/><V91/><F91/><W66/><G33/><T73/><D43/><U69/><E1/><V102/><F102/><W106/><G106/><T100/><D100/><U117/><E32/><V18/><F18/><W2/><G2/><T60/><D103/><U105/><E16/><V28/><F28/><W130/><G130/><T108/><D101/><U116/><E19/><V62/><F62/><W74/><G104/><T72/><D127/><U6/><E105/><V34/><F34/><W92/><G61/><RYUUKYOKU ba="0,1" sc="223,-10,255,-10,236,30,276,-10" hai2="26,29,35,52,54,55,63,67,88,90,96,97,99" /><INIT seed="2,1,1,4,1,35" ten="213,245,266,266" oya="2" hai0="65,48,23,63,40,38,93,55,47,72,80,120,89" hai1="39,0,2,96,66,60,13,113,92,119,90,101,68" hai2="76,112,81,31,50,1,69,128,70,12,11,98,46" hai3="132,43,22,79,24,61,127,15,28,59,106,64,122"/><V107/><F112/><W133/><G122/><T86/><D120/><U41/><E113/><V108/><F128/><W110/><G106/><T115/><D115/><U62/><E119/><V104/><F31/><W135/><G110/><T9/><D23/><U33/><E33/><V4/><F108/><W123/><G123/><T77/><D9/><U75/><E75/><V82/><F82/><W42/><G127/><T32/><D32/><U118/><E118/><V7/><F7/><W117/><G117/><T54/><REACH who="0" step="1"/><D38/><REACH who="0" ten="203,245,266,266" step="2"/><U78/><E39/><V34/><F34/><W94/><G132/><T58/><AGARI ba="1,2" hai="40,47,48,54,55,58,63,65,72,77,80,86,89,93" machi="58" ten="20,5200,0" yaku="1,1,2,1,0,1,7,1,53,0" doraHai="35" doraHaiUra="130" who="0" fromWho="0" sc="203,75,245,-14,266,-27,266,-14" /><INIT seed="3,0,0,5,5,90" ten="278,231,239,252" oya="3" hai0="80,82,111,4,94,3,106,47,7,17,56,30,131" hai1="18,91,42,52,102,2,53,45,0,27,32,9,108" hai2="86,81,29,97,109,105,112,120,113,124,103,64,55" hai3="101,89,73,93,60,21,115,125,117,39,25,78,75"/><W134/><G115/><T23/><D106/><U100/><E108/><V26/><F55/><W12/><G117/><T119/><D119/><U84/><E0/><V6/><F6/><N who="0" m="2090" /><D3/><U69/><E2/><V24/><F24/><W41/><G134/><T57/><D111/><U34/><E69/><V63/><F109/><W114/><G114/><T92/><D131/><U129/><E129/><V62/><F62/><W22/><G125/><T10/><D10/><U110/><E110/><V132/><F132/><W36/><G101/><T104/><D104/><U121/><E121/><V116/><F116/><W66/><G12/><N who="0" m="9639" /><D30/><U123/><E123/><V58/><F124/><W59/><G21/><T20/><D20/><U65/><E34/><V31/><F31/><W68/><G68/><T70/><D70/><U133/><E32/><V44/><F44/><W54/><G66/><T48/><D82/><U38/><E65/><V74/><F74/><W85/><G41/><N who="0" m="24687" /><D80/><U67/><E9/><V122/><F122/><W118/><G118/><T77/><D77/><U46/><E38/><V127/><F127/><W126/><G126/><T40/><D40/><U130/><E42/><V99/><F120/><W50/><G78/><T28/><D28/><U14/><E130/><V5/><F113/><W15/><G15/><T83/><D83/><U135/><E14/><V87/><F81/><W61/><G73/><T95/><AGARI ba="0,0" hai="56,57,92,94,95" m="24687,9639,2090" machi="95" ten="30,7900,0" yaku="8,1,52,3" doraHai="90" who="0" fromWho="0" sc="278,79,231,-20,239,-20,252,-39" /><INIT seed="4,0,0,1,3,34" ten="357,211,219,213" oya="0" hai0="69,18,121,39,128,59,117,88,53,12,94,75,66" hai1="15,3,8,65,16,13,108,52,97,74,76,115,83" hai2="32,36,7,41,123,0,5,29,81,71,45,104,31" hai3="67,90,102,89,109,124,98,10,4,80,133,35,70"/><T118/><D121/><U27/><E108/><V24/><F123/><W86/><G109/><T116/><D75/><U38/><E115/><V127/><F127/><W107/><G124/><T11/><D39/><U21/><E38/><V22/><F7/><W77/><G133/><T61/><D128/><U6/><E65/><V44/><F44/><W56/><G70/><T47/><D47/><U120/><E120/><V72/><F104/><W100/><G35/><T20/><D11/><U54/><E97/><V14/><F71/><W49/><G100/><T43/><D43/><U125/><E125/><V46/><F46/><W50/><G50/><T101/><D101/><U19/><E13/><V78/><F14/><W87/><G87/><T103/><D103/><U96/><E96/><V1/><REACH who="2" step="1"/><F5/><REACH who="2" ten="357,211,209,213" step="2"/><W25/><G107/><T63/><REACH who="0" step="1"/><D117/><REACH who="0" ten="347,211,209,213" step="2"/><U40/><E40/><V64/><F64/><W95/><G67/><T9/><D9/><AGARI ba="0,2" hai="3,6,8,9,15,16,19,21,27,52,54,74,76,83" machi="9" ten="30,7700,0" yaku="7,1,52,1,54,2" doraHai="34" who="1" fromWho="0" sc="347,-77,211,97,209,0,213,0" /><INIT seed="5,0,0,1,4,55" ten="270,308,209,213" oya="1" hai0="57,8,108,42,81,69,116,78,88,126,29,122,91" hai1="58,73,77,7,98,100,47,50,120,53,18,25,74" hai2="28,123,83,23,40,0,38,121,71,134,80,60,26" hai3="63,82,133,76,75,132,114,111,85,99,15,68,113"/><U32/><E120/><V90/><F0/><W20/><G15/><T61/><D116/><U14/><E7/><V129/><F129/><W118/><G20/><T84/><D108/><U124/><E124/><V119/><F119/><W13/><G13/><T21/><D126/><U107/><E77/><V89/><F134/><N who="3" m="51819" /><G118/><T92/><D69/><U56/><E74/><V128/><F128/><W46/><G46/><T101/><D122/><U16/><E73/><V54/><F38/><W24/><G24/><N who="0" m="16527" /><D42/><U34/><E34/><V17/><F17/><W125/><G125/><T110/><D110/><U87/><E87/><V93/><F40/><W86/><G68/><T37/><D37/><U66/><E66/><V127/><F127/><W130/><G63/><T3/><D3/><U5/><E5/><V62/><F71/><W59/><G130/><T48/><D48/><U43/><E43/><V135/><F135/><W22/><G22/><T106/><D106/><U39/><E39/><V131/><F131/><W12/><G12/><T109/><D8/><U65/><E65/><V4/><F4/><W112/><G111/><T31/><D31/><U2/><E2/><V36/><F36/><W97/><G59/><T19/><D19/><U30/><E18/><V117/><F117/><W67/><G67/><N who="0" m="39343" /><D109/><U95/><E107/><V102/><F123/><W51/><G51/><T35/><D35/><U1/><E1/><V96/><F121/><W104/><G104/><T41/><D41/><U115/><E32/><V105/><F105/><W9/><G9/><T64/><D64/><U72/><E30/><RYUUKYOKU ba="0,0" sc="270,15,308,-15,209,-15,213,15" hai0="78,81,84,88,91,92,101" hai3="75,76,82,85,86,97,99,112,113,114" /><INIT seed="6,1,0,0,1,87" ten="285,293,194,228" oya="2" hai0="1,26,95,27,14,110,45,53,82,74,121,48,122" hai1="3,106,4,47,71,40,89,24,9,16,17,10,51" hai2="64,7,88,6,43,135,25,42,19,38,63,67,92" hai3="104,11,83,109,75,0,132,50,28,81,79,80,32"/><V20/><F135/><W62/><G109/><T100/><D1/><U21/><E71/><V12/><F38/><W55/><G104/><T35/><D110/><U15/><E106/><V22/><F7/><W72/><G132/><T36/><D36/><U111/><E111/><V57/><F64/><W58/><G32/><T33/><D33/><U131/><E131/><V69/><F69/><W99/><G28/><T96/><D14/><N who="1" m="7255" /><E3/><V54/><F67/><W23/><G23/><T41/><D74/><U37/><E37/><V65/><F65/><W2/><G99/><T73/><D73/><U112/><E112/><V76/><F76/><W5/><G0/><T108/><D108/><U86/><E86/><N who="2" m="52247" /><F6/><W130/><G130/><T118/><D118/><U34/><E34/><V105/><F105/><W90/><G72/><T78/><D35/><U120/><E120/><V39/><F39/><W60/><G75/><T126/><D126/><U66/><E66/><V49/><F63/><W97/><G79/><T101/><D122/><U127/><E127/><V52/><F54/><W133/><G133/><T115/><D121/><U91/><AGARI ba="1,0" hai="4,9,15,17,21,24,40,47,51,89,91" m="7255" machi="91" ten="30,7900,0" yaku="8,1,52,2,54,1" doraHai="87" who="1" fromWho="1" sc="285,-21,293,82,194,-40,228,-21" /><INIT seed="7,0,0,4,0,95" ten="264,375,154,207" oya="3" hai0="48,27,93,109,40,55,71,21,28,118,72,81,90" hai1="130,36,20,37,41,106,100,13,59,123,126,75,67" hai2="5,15,115,57,29,97,110,111,45,79,94,96,6" hai3="34,46,117,113,49,74,134,9,31,52,124,120,77"/><W119/><G120/><T25/><D109/><U116/><E75/><V3/><F3/><W26/><G113/><T82/><D71/><U131/><E123/><V35/><F115/><W39/><G134/><T64/><D118/><U89/><E116/><V53/><F79/><W19/><G124/><T17/><D64/><U80/><E106/><V58/><F35/><W76/><G39/><T107/><D40/><U70/><E100/><V133/><F133/><W132/><G132/><T10/><D72/><U78/><E89/><V54/><F15/><W101/><G101/><T108/><D107/><U69/><E59/><V16/><F16/><W128/><G128/><T14/><D27/><U12/><E126/><V24/><F94/><W85/><G74/><T61/><D61/><U66/><E20/><V83/><F83/><W32/><G32/><T68/><D68/><U23/><E23/><V104/><F104/><W60/><G76/><T112/><D108/><U121/><E78/><V22/><F22/><W65/><G85/><N who="0" m="52431" /><D112/><U30/><E121/><V51/><F51/><W127/><G77/><T8/><D8/><U44/><E41/><V114/><F114/><W0/><G127/><T63/><D48/><U88/><E130/><V38/><F38/><W7/><REACH who="3" step="1"/><G19/><REACH who="3" ten="264,375,154,197" step="2"/><T99/><D17/><U47/><E131/><V125/><F125/><W42/><G42/><T87/><D87/><U33/><E33/><V98/><F110/><W86/><G86/><T129/><D129/><U50/><E37/><V122/><F111/><W92/><G92/><T62/><D28/><U56/><E30/><RYUUKYOKU ba="0,1" sc="264,-10,375,-10,154,-10,197,30" hai3="0,7,9,26,31,34,46,49,52,60,65,117,119" /><INIT seed="7,1,1,5,2,22" ten="254,365,144,227" oya="3" hai0="77,63,130,43,32,91,109,93,37,110,132,47,8" hai1="135,46,1,64,42,55,62,84,20,36,128,112,101" hai2="107,45,117,15,125,54,5,25,85,18,26,104,108" hai3="78,11,87,119,17,103,113,122,7,124,121,83,96"/><W111/><G119/><T73/><D32/><U82/><E128/><V19/><F108/><W80/><G111/><T6/><D130/><U34/><E34/><V40/><F117/><W21/><G113/><T79/><D132/><U89/><E135/><V106/><F125/><W58/><G124/><T57/><D79/><U115/><E1/><V56/><F5/><W116/><G116/><T3/><D91/><U24/><E55/><V102/><F102/><W123/><G83/><N who="0" m="45487" /><D93/><U75/><E75/><V126/><F126/><W98/><G58/><T133/><D133/><U49/><E101/><V33/><F33/><W100/><G100/><T9/><D9/><U29/><E49/><V114/><F85/><W67/><G67/><AGARI ba="1,1" hai="3,6,8,37,43,47,57,63,67,109,110" m="45487" machi="67" ten="30,1000,0" yaku="25,1" doraHai="22" who="0" fromWho="3" sc="254,23,365,0,144,0,227,-13" owari="277,8.0,365,47.0,144,-36.0,214,-19.0" /></mjloggm>