<mjloggm ver="2.3"><GO type="41" lobby="0"/><UN n0="%E3%81%8B%E3%81%BC%E3%81%A1%E3%82%83%E3%81%BC" n1="%E5%B0%B1%E6%B4%BB%E7%94%9F%40%E5%B7%9D%E6%9D%91%E8%BB%8D%E5%9B%A3" n2="%6D%69%6E%6F%6E%6E" n3="%6E%69%73%68%69%30%30%30" dan="14,16,15,14" rate="1919.53,2037.81,1992.77,1875.20" sx="M,M,M,M"/><TAIKYOKU oya="0"/><INIT seed="0,0,0,5,5,112" ten="250,250,250,250" oya="0" hai0="2,85,95,1,58,53,102,15,121,117,131,62,125" hai1="14,82,10,78,31,97,88,122,71,51,100,24,37" hai2="41,63,55,54,120,81,66,134,118,103,33,52,7" hai3="76,101,59,16,6,26,99,79,80,86,135,104,50"/><T9/><D121/><U40/><E71/><V91/><F120/><W128/><G6/><T105/><D117/><U119/><E37/><V106/><F33/><W57/><G135/><T11/><D131/><U94/><E122/><V22/><F41/><W28/><G128/><T23/><D125/><U32/><E119/><V3/><F106/><W56/><G76/><T108/><D108/><U12/><E100/><V64/><F103/><W74/><G74/><T70/><D70/><U18/><E14/><V21/><F134/><W123/><G123/><T48/><D105/><U46/><E82/><V89/><F118/><W0/><G0/><T38/><D38/><U77/><AGARI ba="0,0" hai="10,12,18,24,31,32,40,46,51,77,78,88,94,97" machi="77" ten="30,2000,0" yaku="0,1,54,1" doraHai="112" who="1" fromWho="1" sc="250,-10,250,20,250,-5,250,-5" /><INIT seed="1,0,0,2,3,93" ten="240,270,245,245" oya="1" hai0="99,133,116,32,9,114,63,6,10,124,95,79,55" hai1="24,59,92,35,58,44,67,68,40,131,113,2,39" hai2="120,49,20,109,100,65,34,70,96,26,130,31,87" hai3="8,1,46,47,110,129,107,36,38,16,94,122,126"/><U21/><E35/><V23/><F120/><W0/><G122/><T3/><D116/><U53/><E113/><V48/><F130/><W121/><G121/><T57/><D114/><U106/><E106/><V37/><F37/><W27/><G107/><T102/><D133/><U62/><E2/><V134/><F109/><W85/><G110/><T33/><D124/><U135/><E131/><V64/><F87/><W91/><G129/><T51/><D79/><U66/><E135/><V76/><F76/><W77/><G126/><T97/><D10/><U61/><E92/><V7/><F7/><W11/><G77/><T4/><D4/><U88/><E88/><V115/><F115/><W29/><G0/><T101/><D63/><N who="1" m="40031" /><E21/><V84/><F84/><W111/><G111/><T78/><D78/><U14/><E14/><V132/><F20/><N who="3" m="13703" /><G1/><T128/><D128/><U98/><E98/><V43/><F43/><W50/><G38/><T127/><D127/><U52/><E24/><V30/><F134/><W82/><G36/><T12/><D3/><U112/><E112/><V90/><F132/><W54/><G29/><T74/><D74/><U19/><E19/><V83/><F83/><W15/><G82/><T75/><D75/><U60/><E67/><V72/><F72/><W86/><G46/><T81/><D81/><U117/><E117/><V123/><F123/><W73/><G73/><T104/><AGARI ba="0,0" hai="6,9,12,32,33,51,55,57,95,97,99,101,102,104" machi="104" ten="20,5200,0" yaku="0,1,7,1,52,2" doraHai="93" who="0" fromWho="0" sc="240,52,270,-26,245,-13,245,-13" /><INIT seed="2,0,0,2,2,114" ten="292,244,232,232" oya="2" hai0="20,107,108,50,80,67,19,62,32,84,111,61,42" hai1="121,102,15,126,27,1,131,87,55,21,95,2,127" hai2="7,123,36,75,57,134,76,92,46,82,99,116,74" hai3="44,33,66,124,81,132,51,59,130,128,122,79,125"/><V41/><F123/><W98/><G33/><T69/><D107/><U16/><E121/><V86/><F134/><W13/><G13/><T118/><D32/><U129/><E55/><V117/><F57/><W103/><G122/><T3/><D3/><N who="1" m="1035" /><E102/><V135/><F135/><W88/><G59/><T39/><D62/><U12/><E95/><V0/><F86/><N who="3" m="50255" /><G66/><T17/><D39/><U104/><E87/><V73/><F92/><N who="3" m="58823" /><G79/><T93/><D93/><U56/><E56/><V18/><F99/><W43/><G132/><T133/><D133/><U63/><E63/><V31/><F18/><W100/><G100/><T47/><D19/><N who="1" m="12735" /><E104/><V113/><F31/><W77/><G77/><T85/><D80/><U40/><E40/><V68/><F68/><W22/><G22/><T11/><D11/><N who="1" m="6175" /><E15/><V6/><F113/><W29/><G29/><T110/><D85/><U58/><E58/><V101/><F101/><W4/><G4/><T38/><D84/><U24/><E24/><V91/><F91/><W109/><G109/><T28/><D38/><U49/><E49/><V23/><F23/><W37/><G37/><T112/><D112/><U30/><E30/><V8/><F7/><W35/><G35/><T115/><D28/><U119/><E119/><V34/><F34/><W65/><G65/><T97/><D115/><U9/><E9/><V78/><F74/><W105/><G105/><T60/><D60/><U26/><E26/><V25/><F25/><W14/><G14/><N who="0" m="9271" /><D97/><U53/><E53/><V89/><F89/><W120/><G120/><T52/><D52/><U5/><E5/><RYUUKYOKU ba="0,0" sc="292,0,244,0,232,0,232,0" hai0="42,47,50,61,67,69,108,110,111,118" hai1="126,127,129,131" hai2="0,6,8,36,41,46,73,75,76,78,82,116,117" hai3="43,44,51,124,125,128,130" /><INIT seed="2,1,0,4,3,73" ten="292,244,232,232" oya="2" hai0="3,117,30,91,62,57,34,104,88,119,86,23,14" hai1="42,67,84,1,54,69,59,12,56,0,19,9,10" hai2="25,81,122,110,45,2,89,108,72,125,41,115,20" hai3="111,76,113,123,4,64,134,83,8,74,5,50,65"/><V133/><F122/><W51/><G123/><T24/><D104/><U31/><E69/><V131/><F115/><W28/><G111/><N who="2" m="42537" /><F133/><W92/><G134/><T98/><D3/><U102/><E42/><V78/><F131/><W33/><G113/><T70/><D70/><U40/><E40/><V46/><F125/><W90/><G28/><T112/><D112/><U105/><E31/><N who="2" m="17831" /><F2/><W135/><G33/><T120/><D120/><U27/><E27/><V52/><F41/><W58/><G135/><T85/><D98/><U114/><E114/><V126/><F126/><W43/><G4/><T97/><D97/><U94/><E1/><V75/><F89/><N who="0" m="34378" /><D34/><U39/><E0/><V128/><F128/><W35/><G35/><T44/><D44/><N who="2" m="17002" /><F52/><W77/><G43/><T61/><D14/><U127/><E127/><V48/><F48/><N who="3" m="18475" /><G74/><AGARI ba="1,0" hai="72,74,75,78,81" m="17002,17831,42537" machi="74" ten="30,5800,0" yaku="14,1,10,1,52,1" doraHai="73" who="2" fromWho="3" sc="292,0,244,0,232,61,232,-61" /><INIT seed="2,2,0,2,4,59" ten="292,244,293,171" oya="2" hai0="135,104,126,91,5,71,65,77,116,98,3,11,120" hai1="22,66,134,40,103,84,56,114,80,68,100,72,21" hai2="29,23,87,47,24,67,34,129,62,38,2,49,111" hai3="50,118,43,17,45,7,30,101,64,93,105,27,58"/><V55/><F129/><W75/><G75/><T12/><D120/><U51/><E72/><V83/><F2/><W54/><G105/><T41/><D135/><U20/><E114/><V0/><F0/><W19/><G118/><T106/><D126/><U57/><E134/><V89/><F38/><W79/><G7/><T46/><D77/><U9/><E68/><V4/><F4/><W35/><G79/><T53/><D53/><U94/><E94/><V76/><F111/><W52/><G64/><T110/><D110/><U124/><E124/><V102/><F102/><W99/><REACH who="3" step="1"/><G54/><REACH who="3" ten="292,244,293,161" step="2"/><T31/><D116/><U16/><E66/><V95/><F67/><W15/><G15/><T85/><D12/><N who="1" m="7183" /><E40/><V14/><F14/><W81/><G81/><T107/><D65/><U78/><E51/><AGARI ba="2,1" hai="17,19,27,30,35,43,45,50,51,52,58,93,99,101" machi="51" ten="30,3900,0" yaku="1,1,7,1,54,1,53,0" doraHai="59" doraHaiUra="6" who="3" fromWho="1" sc="292,0,244,-45,293,0,161,55" /><INIT seed="3,0,0,5,2,34" ten="292,199,293,216" oya="3" hai0="129,75,9,67,35,33,134,69,78,22,115,56,19" hai1="12,112,37,126,122,81,98,110,106,116,52,28,53" hai2="111,88,1,127,109,68,45,121,26,117,27,51,63" hai3="105,0,30,96,7,120,14,79,18,58,3,73,131"/><W62/><G120/><T36/><D69/><U32/><E37/><V77/><F117/><W15/><G131/><T87/><D75/><U100/><E116/><V128/><F121/><W66/><G79/><T94/><D36/><U99/><E122/><V130/><F77/><W70/><G73/><T85/><D129/><N who="2" m="49770" /><F88/><W61/><G7/><T118/><D118/><U92/><E112/><V13/><F13/><W103/><G15/><T57/><D9/><U76/><E110/><N who="2" m="41995" /><F127/><W89/><G89/><T5/><D78/><U31/><E126/><V82/><F82/><W107/><G107/><T125/><D94/><U124/><E124/><V40/><F1/><W113/><G30/><T84/><D115/><U83/><E12/><V55/><F40/><W108/><G108/><T97/><D125/><U20/><E32/><V65/><AGARI ba="0,0" hai="26,27,45,51,55,63,65,68" m="41995,49770" machi="65" ten="40,2700,0" yaku="19,1,14,1" doraHai="34" who="2" fromWho="2" sc="292,-7,199,-7,293,27,216,-13" /><INIT seed="4,0,0,5,4,101" ten="285,192,320,203" oya="0" hai0="87,44,99,63,1,31,24,125,14,84,9,4,22" hai1="52,75,61,107,28,123,27,59,83,32,33,78,51" hai2="54,53,55,15,113,115,133,50,128,126,120,62,79" hai3="25,43,96,40,46,71,56,90,17,34,92,0,97"/><T72/><D72/><U48/><E123/><V20/><F120/><W18/><G0/><T26/><D125/><U135/><E33/><V103/><F126/><W41/><G71/><T30/><D99/><U127/><E127/><V118/><F118/><W21/><G34/><T67/><D44/><U112/><E135/><V105/><F133/><W106/><G56/><T42/><D42/><U114/><REACH who="1" step="1"/><E107/><REACH who="1" ten="285,182,320,203" step="2"/><V134/><F134/><W117/><G117/><T108/><D108/><U93/><E93/><V91/><F128/><W104/><G97/><T19/><D30/><U70/><E70/><V81/><F113/><AGARI ba="0,1" hai="27,28,32,48,51,52,59,61,75,78,83,112,113,114" machi="113" ten="40,8000,1" yaku="1,1,15,1,11,1,54,1,53,1" doraHai="101" doraHaiUra="76" who="1" fromWho="2" sc="285,0,182,90,320,-80,203,0" /><INIT seed="5,0,0,0,1,82" ten="285,272,240,203" oya="1" hai0="85,132,56,44,73,126,116,53,91,61,5,102,98" hai1="81,114,89,74,83,77,76,115,67,63,64,17,51" hai2="39,110,43,112,54,121,34,41,14,50,52,33,84" hai3="57,32,94,0,18,124,3,75,120,122,31,49,9"/><U12/><E51/><V92/><F110/><W47/><G75/><T45/><D116/><U123/><E123/><V38/><F121/><W93/><G124/><T42/><D126/><U125/><E125/><V46/><F14/><W25/><G122/><T58/><D132/><U24/><E24/><V96/><F112/><W55/><G120/><T22/><D73/><U72/><E89/><V128/><F128/><W133/><G133/><T105/><D5/><U13/><E63/><V113/><F113/><W19/><G0/><T28/><D58/><U48/><E48/><V7/><F7/><W117/><G117/><T95/><REACH who="0" step="1"/><D42/><REACH who="0" ten="275,272,240,203" step="2"/><U71/><E71/><V37/><F43/><W104/><G104/><T8/><D8/><U16/><AGARI ba="0,1" hai="12,13,16,17,64,67,72,74,76,77,81,83,114,115" machi="16" ten="25,9600,0" yaku="0,1,22,2,54,1" doraHai="82" who="1" fromWho="1" sc="275,-32,272,106,240,-32,203,-32" /><INIT seed="5,1,0,1,3,59" ten="243,378,208,171" oya="1" hai0="62,40,19,8,77,116,121,113,26,53,72,80,31" hai1="93,30,125,124,24,126,54,123,20,1,69,28,114" hai2="52,120,128,45,87,83,42,27,36,13,81,15,82" hai3="0,132,44,119,66,131,16,135,55,110,63,106,76"/><U107/><E107/><V102/><F120/><W74/><G110/><T134/><D116/><U48/><E69/><V57/><F128/><W70/><G106/><T22/><D121/><U108/><E108/><V38/><F36/><W10/><G131/><T92/><D134/><N who="3" m="51241" /><G119/><T96/><D113/><U46/><E123/><V37/><F37/><W34/><G34/><T39/><D39/><U109/><E109/><V35/><F102/><W75/><G76/><T73/><D40/><U23/><E1/><V18/><F87/><W111/><G111/><T90/><D8/><U33/><E114/><V65/><F65/><W67/><G67/><T47/><D47/><U41/><E30/><V104/><F104/><W100/><G100/><T3/><D3/><U129/><E129/><V122/><F122/><W58/><G44/><T71/><D31/><U98/><REACH who="1" step="1"/><E41/><REACH who="1" ten="243,368,208,171" step="2"/><V85/><F35/><W29/><G29/><T49/><D71/><U133/><E133/><V56/><F27/><W14/><G0/><T64/><D26/><U4/><E4/><V12/><F18/><W97/><G97/><T105/><D19/><U7/><E7/><V88/><REACH who="2" step="1"/><F57/><REACH who="2" ten="243,368,198,171" step="2"/><W68/><G68/><T86/><D105/><U103/><AGARI ba="1,2" hai="20,23,24,28,33,46,48,54,93,98,103,124,125,126" machi="103" ten="30,6000,0" yaku="1,1,0,1,18,1,53,0" doraHai="59" doraHaiUra="115" who="1" fromWho="1" sc="243,-21,368,83,198,-21,171,-21" /><INIT seed="5,2,0,2,5,131" ten="222,451,177,150" oya="1" hai0="6,31,101,92,124,9,50,113,134,103,110,125,83" hai1="23,93,30,11,18,53,62,32,33,27,57,135,81" hai2="87,58,69,72,116,37,130,123,41,67,74,77,68" hai3="65,16,66,14,29,60,121,108,20,80,90,26,10"/><U13/><E135/><V52/><F87/><W56/><G108/><T8/><D110/><U44/><E81/><V7/><F123/><W112/><G112/><T17/><D113/><U114/><E114/><V21/><F116/><W119/><G119/><T76/><D31/><U36/><E36/><V107/><F107/><W34/><G121/><T91/><D17/><U35/><E44/><V86/><F130/><W120/><G120/><T82/><D50/><U109/><E109/><V95/><F7/><W43/><G43/><T5/><D92/><U54/><E53/><V96/><F21/><W97/><G66/><T78/><D91/><U115/><E115/><V46/><F86/><W118/><G118/><T22/><D22/><U0/><REACH who="1" step="1"/><E93/><REACH who="1" ten="222,441,177,150" step="2"/><V49/><F77/><W75/><G75/><T100/><D100/><U129/><E129/><V71/><REACH who="2" step="1"/><F67/><REACH who="2" ten="222,441,167,150" step="2"/><W70/><G80/><T51/><REACH who="0" step="1"/><D51/><REACH who="0" ten="212,441,167,150" step="2"/><U1/><AGARI ba="2,3" hai="0,1,11,13,18,23,27,30,32,33,35,54,57,62" machi="1" ten="40,3900,0" yaku="1,1,0,1,53,0" doraHai="131" doraHaiUra="39" who="1" fromWho="1" sc="212,-15,441,75,167,-15,150,-15" /><INIT seed="5,3,0,1,5,56" ten="197,516,152,135" oya="1" hai0="20,58,110,16,11,81,127,78,98,61,62,77,53" hai1="57,73,33,15,96,122,103,59,68,26,88,23,87" hai2="104,116,34,64,93,108,100,1,38,47,69,107,114" hai3="44,99,129,118,70,71,32,10,121,60,84,135,13"/><U4/><E73/><V42/><F93/><W54/><G121/><T105/><D127/><U18/><E68/><V28/><F116/><W22/><G135/><T6/><D110/><U130/><E130/><V52/><F114/><W63/><G129/><T119/><D119/><U67/><E67/><V95/><F108/><W0/><G32/><T31/><D31/><U30/><E4/><V126/><F126/><W111/><G111/><T9/><D105/><U27/><E27/><V21/><F21/><W51/><G0/><T41/><D41/><U124/><E124/><V74/><F74/><W85/><G71/><T2/><D98/><U112/><E112/><V66/><F1/><W65/><G118/><T25/><D11/><U12/><E12/><V45/><F66/><W123/><G123/><T101/><D101/><U5/><E5/><V14/><F14/><W109/><G109/><T8/><D8/><U48/><E48/><V94/><F104/><W125/><G125/><T19/><D19/><U76/><E76/><V80/><F80/><W46/><G99/><T97/><D97/><U39/><E39/><V90/><F107/><W106/><G106/><T82/><D82/><U35/><E35/><V49/><F100/><W72/><G72/><T86/><D78/><U24/><E24/><N who="2" m="18695" /><F90/><W50/><G22/><T91/><D77/><U117/><E117/><V40/><F40/><N who="3" m="24839" /><G65/><T55/><D55/><U102/><E122/><V133/><F133/><W29/><G29/><T120/><D120/><U132/><E132/><V83/><F83/><W113/><G113/><T134/><D134/><RYUUKYOKU ba="3,0" sc="197,15,516,-15,152,15,135,-15" hai0="2,6,9,16,20,25,53,58,61,62,81,86,91" hai2="38,42,45,47,49,52,64,69,94,95" /><INIT seed="6,4,0,5,2,50" ten="212,501,167,120" oya="2" hai0="16,108,8,11,27,45,88,103,24,83,96,131,31" hai1="82,59,80,4,19,74,115,130,17,14,78,28,13" hai2="71,111,60,94,134,30,119,98,40,90,87,120,23" hai3="84,110,29,101,22,33,57,107,122,85,79,102,38"/><V3/><F120/><W48/><G110/><T124/><D108/><U44/><E115/><V123/><F111/><W62/><G122/><T106/><D131/><U2/><E130/><V41/><F123/><W18/><G38/><T66/><D124/><U118/><E118/><V91/><F3/><W36/><G36/><T32/><D66/><U46/><E28/><V55/><F71/><W15/><G107/><T65/><D65/><U56/><E2/><V100/><F134/><W25/><G48/><T109/><D109/><U7/><E78/><V97/><F119/><W95/><G79/><T129/><D129/><U114/><E114/><V133/><F133/><W51/><G51/><T61/><D61/><U49/><E49/><V26/><F98/><W113/><G113/><T54/><D45/><U10/><E10/><V5/><F5/><W128/><G128/><T42/><D42/><U126/><E126/><V112/><F112/><W77/><G77/><T99/><D11/><U34/><E34/><V70/><F70/><W121/><G121/><T135/><D135/><U75/><AGARI ba="4,0" hai="4,7,13,14,17,19,44,46,56,59,74,75,80,82" machi="75" ten="25,3200,0" yaku="0,1,22,2" doraHai="50" who="1" fromWho="1" sc="212,-12,501,44,167,-20,120,-12" /><INIT seed="7,0,0,3,1,72" ten="200,545,147,108" oya="3" hai0="133,113,5,117,41,45,76,33,34,30,31,10,110" hai1="8,105,96,51,25,85,90,22,17,24,70,28,82" hai2="56,120,106,12,14,26,77,73,100,2,123,27,6" hai3="124,102,29,132,109,118,47,4,16,21,9,87,127"/><W38/><G118/><T36/><D117/><U49/><E70/><V55/><F106/><W11/><G102/><T15/><D110/><U86/><E105/><V92/><F100/><W67/><G67/><T37/><D37/><U18/><E96/><V40/><F92/><W99/><G99/><T75/><D133/><U81/><E8/><V58/><F40/><W68/><G68/><T46/><D46/><U53/><E53/><V65/><F2/><W97/><G97/><T94/><D94/><U116/><E116/><V88/><F88/><W125/><G132/><T63/><D63/><U32/><E18/><V101/><F101/><W57/><G109/><T23/><D113/><U128/><E128/><V135/><F135/><W60/><G29/><T103/><D103/><U54/><E54/><V69/><F69/><W78/><G47/><T74/><D74/><U93/><E93/><V39/><F39/><W0/><G38/><T126/><D126/><U66/><E66/><V64/><F55/><N who="3" m="33855" /><G4/><T79/><D75/><U3/><E3/><V71/><F71/><W114/><G114/><T59/><D59/><U95/><E95/><V98/><F98/><W80/><G0/><T111/><D111/><U122/><E122/><V50/><F73/><W62/><G62/><T119/><D119/><U1/><E1/><V115/><F115/><W52/><G52/><T83/><D31/><U121/><E121/><V35/><F35/><N who="0" m="13322" /><D83/><U89/><AGARI ba="0,0" hai="17,22,24,25,28,32,49,51,81,82,85,86,89,90" machi="89" ten="20,2700,0" yaku="0,1,7,1,9,1" doraHai="72" who="1" fromWho="1" sc="200,-7,545,27,147,-7,108,-13" owari="193,-1.0,572,67.0,140,-26.0,95,-40.0" /></mjloggm>