<mjloggm ver="2.3"><GO type="169" lobby="0"/><UN n0="%E3%82%A8%E3%83%83%E3%83%95%E3%82%A7%E3%83%AB%E5%A1%94" n1="%E3%82%A6%E3%83%AB%E3%83%88%E3%83%A9%E7%AB%8B%E7%9B%B4" n2="%74%6F%72%69%30%36%31%32" n3="%E7%8E%84%E7%B1%B3" dan="17,17,16,16" rate="2183.16,2134.58,2098.92,2114.73" sx="M,M,M,M"/><TAIKYOKU oya="0"/><INIT seed="0,0,0,2,0,1" ten="250,250,250,250" oya="0" hai0="9,43,135,134,93,29,64,40,94,83,119,5,32" hai1="7,129,70,47,34,117,57,67,105,130,62,8,104" hai2="68,124,77,96,120,109,127,79,66,39,102,76,82" hai3="89,121,15,103,80,46,20,42,95,88,16,132,61"/><T28/><D119/><U85/><E34/><V37/><F120/><W53/><G121/><T78/><D64/><U6/><E117/><V10/><F109/><W50/><G132/><N who="0" m="50731" /><D32/><U27/><E27/><V71/><F82/><W56/><REACH who="3" step="1"/><G80/><REACH who="3" ten="250,250,250,240" step="2"/><T112/><D112/><U23/><E70/><V52/><F71/><W87/><G87/><N who="0" m="48631" /><D93/><U51/><E85/><V44/><F127/><W98/><AGARI ba="0,1" hai="15,16,20,42,46,50,53,56,61,88,89,95,98,103" machi="98" ten="30,12000,2" yaku="1,1,0,1,8,1,54,2,53,1" doraHai="1" doraHaiUra="13" who="3" fromWho="3" sc="250,-60,250,-30,250,-30,240,130" /><INIT seed="1,0,0,0,5,50" ten="190,220,220,370" oya="1" hai0="135,78,21,56,52,48,67,31,11,26,89,95,84" hai1="86,105,40,128,123,12,129,66,87,131,51,68,112" hai2="82,74,20,39,102,27,115,121,63,19,32,79,96" hai3="71,62,4,25,103,91,13,114,43,0,17,85,41"/><U111/><E105/><V65/><F121/><W57/><G114/><T107/><D135/><U5/><E123/><V55/><F39/><W73/><G73/><T35/><D107/><U15/><E112/><V132/><F132/><W6/><G71/><T77/><D67/><U125/><E125/><V28/><F115/><W42/><G103/><T45/><D11/><N who="1" m="4207" /><E111/><V127/><F127/><W92/><G25/><T101/><D101/><U30/><E30/><V59/><F65/><N who="3" m="39119" /><G0/><T76/><D35/><U113/><E113/><V36/><F36/><W72/><G72/><T14/><D14/><U53/><E40/><V70/><F70/><W108/><G108/><T54/><D78/><U124/><E124/><V97/><F102/><W46/><G46/><T61/><AGARI ba="0,0" hai="21,26,31,45,48,52,54,56,61,76,77,84,89,95" machi="61" ten="20,12000,2" yaku="0,1,7,1,8,1,52,2,54,1" doraHai="50" who="0" fromWho="0" sc="190,120,220,-60,220,-30,370,-30" /><INIT seed="2,0,0,5,4,48" ten="310,160,190,340" oya="2" hai0="87,127,67,133,58,86,1,113,40,50,16,42,62" hai1="38,47,33,27,98,100,110,131,123,60,56,112,59" hai2="121,53,104,93,24,117,55,45,51,43,130,116,30" hai3="15,4,49,109,77,39,74,44,32,73,71,84,107"/><V118/><F104/><W124/><G39/><T68/><D113/><U101/><E112/><V63/><F121/><W28/><G71/><T108/><D1/><U21/><E110/><V18/><F130/><W70/><G70/><T95/><D108/><U85/><E131/><V92/><F18/><W7/><G107/><T2/><D2/><U111/><E111/><V37/><F63/><W97/><G97/><T75/><D75/><U89/><E33/><V25/><F25/><N who="3" m="18447" /><G4/><T29/><D29/><U65/><E123/><V26/><F26/><W22/><G22/><T90/><D127/><U69/><E47/><V114/><F114/><W126/><G109/><T6/><D6/><U79/><E38/><V81/><F81/><N who="3" m="47151" /><G15/><T19/><D68/><U66/><E79/><V61/><F61/><W9/><G9/><T57/><D86/><U20/><E20/><V94/><REACH who="2" step="1"/><F37/><REACH who="2" ten="310,160,180,340" step="2"/><W120/><G120/><T36/><D36/><U99/><E60/><V134/><F134/><W76/><G126/><T46/><D133/><U72/><E27/><V41/><F41/><W103/><G124/><T128/><D128/><U105/><E105/><V80/><F80/><W91/><G49/><T35/><D42/><U83/><E83/><V23/><AGARI ba="0,1" hai="23,24,30,43,45,51,53,55,92,93,94,116,117,118" machi="23" ten="40,12000,1" yaku="1,1,0,1,52,2,53,0" doraHai="48" doraHaiUra="125" who="2" fromWho="2" sc="310,-40,160,-40,180,130,340,-40" /><INIT seed="2,1,0,1,5,76" ten="270,120,310,300" oya="2" hai0="68,71,28,56,102,33,129,133,99,6,107,70,109" hai1="64,88,110,49,9,100,92,12,30,72,105,7,22" hai2="86,24,20,55,125,8,79,122,115,38,36,130,94" hai3="112,134,78,93,11,53,5,73,57,85,65,104,81"/><V43/><F122/><W61/><G112/><T34/><D6/><U135/><E110/><V48/><F115/><W21/><G134/><T128/><D109/><U19/><E135/><V1/><F43/><W82/><G104/><T29/><D56/><U4/><E72/><V117/><F117/><W23/><G93/><T124/><D133/><U46/><E64/><V14/><F1/><W45/><G45/><T120/><D120/><U101/><E105/><V119/><F119/><W26/><G65/><T16/><D124/><U132/><E132/><V98/><F130/><N who="0" m="50282" /><D16/><U25/><E4/><V10/><F125/><W17/><G23/><T131/><N who="0" m="50290" /><T87/><DORA hai="35" /><D87/><U58/><E58/><V52/><F36/><W59/><G59/><T84/><D84/><U67/><E67/><V32/><F38/><W123/><G123/><T95/><D107/><U47/><E7/><N who="2" m="3359" /><F10/><W91/><G11/><T127/><D127/><U3/><E3/><V69/><F32/><AGARI ba="1,0" hai="28,29,32,33,34,68,70,71,95,99,102" m="50290" machi="32" ten="50,1600,0" yaku="19,1" doraHai="76,35" who="0" fromWho="2" sc="270,19,120,0,310,-19,300,0" /><INIT seed="3,0,0,0,1,75" ten="289,120,291,300" oya="3" hai0="98,37,114,53,19,23,18,86,41,131,38,21,127" hai1="32,24,46,43,45,39,107,42,2,115,70,97,25" hai2="92,59,94,65,66,3,58,72,54,33,15,106,11" hai3="113,71,1,7,69,60,49,47,35,101,79,30,84"/><W108/><G113/><T22/><D114/><U52/><E115/><V62/><F3/><W123/><G123/><T130/><D127/><U85/><E2/><V26/><F106/><W10/><G101/><T125/><D125/><U40/><E70/><V55/><F72/><W44/><G60/><T121/><D121/><U126/><E126/><V67/><F26/><W82/><G108/><T9/><D9/><U95/><E107/><V57/><F33/><W103/><G103/><T12/><D98/><U61/><E85/><V5/><F59/><W73/><G47/><T90/><D53/><U89/><E32/><V50/><AGARI ba="0,0" hai="5,11,15,50,54,55,57,58,62,65,66,67,92,94" machi="50" ten="30,2000,0" yaku="0,1,8,1" doraHai="75" who="2" fromWho="2" sc="289,-5,120,-5,291,20,300,-10" /><INIT seed="4,0,0,2,5,55" ten="284,115,311,290" oya="0" hai0="87,42,43,15,94,56,89,77,24,25,97,68,113" hai1="125,116,70,34,62,135,50,30,122,108,29,132,0" hai2="31,17,46,92,131,47,49,72,98,26,96,61,23" hai3="83,112,6,52,35,123,18,16,1,102,51,103,104"/><T130/><D68/><U105/><E50/><V9/><F72/><W13/><G35/><T66/><D113/><U21/><E62/><V14/><F131/><W22/><G112/><T67/><D130/><U93/><E21/><V19/><F61/><W81/><G104/><T33/><D33/><U59/><E59/><V75/><F75/><W53/><G1/><T45/><D15/><U39/><E93/><V7/><F98/><W128/><G6/><T129/><D129/><U88/><E88/><V86/><F86/><W71/><G71/><T99/><D99/><U109/><E30/><V20/><F49/><W117/><G128/><T12/><D12/><U127/><E29/><V36/><F36/><W38/><G38/><T82/><D56/><U121/><E39/><V120/><F120/><N who="1" m="46185" /><E70/><V134/><F134/><N who="1" m="51241" /><E34/><V85/><F85/><W106/><G123/><T110/><D45/><N who="2" m="16906" /><F23/><W27/><G51/><T11/><D11/><U79/><E105/><V48/><F48/><W10/><G106/><T44/><D44/><U84/><E0/><V78/><F78/><W60/><G60/><T126/><D87/><U119/><E84/><V5/><F5/><W64/><G22/><T90/><D97/><U107/><E107/><V58/><F58/><W37/><G37/><T63/><D63/><U65/><E65/><V100/><AGARI ba="0,0" hai="7,9,14,17,19,20,26,31,92,96,100" m="16906" machi="100" ten="30,1100,0" yaku="8,1" doraHai="55" who="2" fromWho="2" sc="284,-5,115,-3,311,11,290,-3" /><INIT seed="5,0,0,1,5,21" ten="279,112,322,287" oya="1" hai0="13,60,7,97,28,119,20,135,98,31,27,8,93" hai1="42,113,19,108,16,29,18,63,32,77,79,34,90" hai2="54,83,114,46,0,4,17,95,78,58,99,76,73" hai3="117,64,89,66,118,49,35,15,104,57,5,74,3"/><U107/><E113/><V94/><F78/><W43/><G3/><T11/><D135/><U44/><E108/><V48/><F114/><W37/><G37/><T47/><D119/><U52/><E107/><V96/><F4/><W68/><G35/><T50/><D60/><U24/><E34/><V71/><F0/><W62/><G104/><T23/><D8/><U125/><E125/><V72/><F71/><W132/><G74/><T56/><D56/><U111/><E111/><V120/><F120/><W121/><G121/><T134/><D134/><U131/><E131/><V115/><F17/><W1/><G1/><T30/><D23/><U105/><E105/><V82/><F82/><W92/><G132/><T6/><D6/><U130/><E130/><V59/><F72/><W110/><G110/><T101/><REACH who="0" step="1"/><D98/><REACH who="0" ten="269,112,322,287" step="2"/><U67/><E90/><V12/><F115/><W109/><G109/><T25/><D25/><U128/><E128/><V45/><F12/><W122/><G62/><T40/><AGARI ba="0,1" hai="7,11,13,20,27,28,30,31,40,47,50,93,97,101" machi="40" ten="20,8000,1" yaku="1,1,0,1,7,1,8,1,52,1,53,0" doraHai="21" doraHaiUra="126" who="0" fromWho="0" sc="269,90,112,-40,322,-20,287,-20" /><INIT seed="6,0,0,1,4,43" ten="359,72,302,267" oya="2" hai0="26,49,108,101,62,118,1,44,104,88,112,128,7" hai1="33,82,73,25,75,126,113,59,38,54,100,16,106" hai2="50,45,103,2,92,13,29,19,42,14,52,78,85" hai3="39,77,51,97,87,98,57,130,121,61,6,22,105"/><V24/><F2/><W123/><G39/><T83/><D108/><U56/><E38/><V58/><F103/><W4/><G130/><T115/><D128/><U72/><E113/><V102/><F102/><W27/><G123/><T47/><D118/><U67/><E126/><V9/><F14/><W129/><G129/><T28/><D62/><U132/><E132/><V64/><F64/><W135/><G121/><T69/><D69/><U65/><E82/><V127/><F127/><W94/><G105/><T80/><D7/><N who="3" m="2601" /><G51/><T109/><D1/><U66/><E54/><V37/><F78/><W18/><G135/><T63/><D63/><U81/><E81/><V86/><REACH who="2" step="1"/><F92/><REACH who="2" ten="359,72,292,267" step="2"/><W95/><G77/><T93/><D115/><U11/><E100/><V36/><F36/><W68/><G95/><T90/><D112/><U125/><E125/><V40/><F40/><W55/><G68/><T99/><D101/><U96/><E96/><V17/><F17/><W41/><G41/><T84/><D99/><U70/><E106/><V114/><F114/><W32/><G98/><T122/><D104/><U10/><E70/><V134/><F134/><W46/><G97/><T5/><D93/><U3/><E3/><V60/><F60/><W31/><G94/><T48/><D122/><U111/><E111/><V12/><F12/><W23/><G61/><T53/><D109/><U91/><E91/><V74/><F74/><W79/><G18/><T35/><D5/><U133/><E133/><V117/><F117/><W71/><G71/><T110/><D110/><U89/><E16/><V0/><F0/><RYUUKYOKU ba="0,1" sc="359,-10,72,-10,292,30,267,-10" hai2="9,13,19,24,29,37,42,45,50,52,58,85,86" /><INIT seed="6,1,1,5,3,121" ten="349,62,322,257" oya="2" hai0="58,1,97,76,104,31,123,133,3,56,69,32,79" hai1="19,2,94,61,90,10,20,30,50,127,119,59,33" hai2="125,122,128,124,25,23,86,114,93,101,107,87,55" hai3="112,16,84,95,38,116,82,98,108,15,49,6,129"/><V70/><F122/><W54/><G116/><T92/><D69/><U48/><E119/><V99/><F70/><W51/><G38/><T41/><D104/><U103/><E103/><V17/><F128/><W5/><G129/><T91/><D41/><U29/><E127/><N who="2" m="48715" /><F114/><W22/><G108/><T72/><D123/><U28/><E33/><V100/><F55/><W8/><G112/><T67/><D133/><U27/><E10/><V73/><F73/><W53/><G53/><T75/><D75/><U120/><E2/><V34/><F34/><W132/><G132/><T18/><D72/><U37/><E37/><V83/><F83/><W9/><G9/><T80/><D80/><U96/><REACH who="1" step="1"/><E120/><REACH who="1" ten="349,52,322,257" step="2"/><V42/><F101/><N who="3" m="60639" /><G8/><T71/><D32/><U106/><E106/><V36/><F107/><W44/><G51/><T74/><D3/><U35/><E35/><V115/><F115/><W134/><G134/><T118/><D1/><U7/><E7/><V78/><F78/><AGARI ba="1,2" hai="5,6,15,16,22,44,49,54,78,82,84" m="60639" machi="78" ten="30,2000,0" yaku="8,1,54,1" doraHai="121" who="3" fromWho="2" sc="349,0,52,0,322,-23,257,43" /><INIT seed="7,0,0,5,0,113" ten="349,52,299,300" oya="3" hai0="82,52,28,97,39,77,67,51,81,30,133,69,130" hai1="124,108,12,5,43,21,89,112,118,14,18,40,63" hai2="103,96,85,47,70,62,19,23,102,50,66,75,57" hai3="83,111,110,33,90,17,13,9,32,60,48,59,1"/><W74/><G1/><T68/><D39/><U72/><E72/><V99/><F75/><W128/><G48/><T88/><D69/><U56/><E63/><V129/><F129/><W123/><G123/><T115/><D130/><U79/><E56/><V95/><F85/><N who="3" m="50495" /><G74/><T36/><D36/><U126/><E89/><V105/><F70/><W42/><G42/><T49/><D115/><U125/><E79/><V27/><F105/><W7/><G7/><T92/><D133/><U91/><E91/><V76/><F76/><W98/><G98/><T109/><D109/><N who="3" m="41481" /><G128/><T61/><D51/><U35/><E108/><V3/><F3/><W101/><G101/><T31/><REACH who="0" step="1"/><D77/><REACH who="0" ten="339,52,299,300" step="2"/><U58/><E58/><AGARI ba="0,1" hai="28,30,31,49,52,58,61,67,68,81,82,88,92,97" machi="58" ten="40,8000,1" yaku="1,1,2,1,54,2,53,0" doraHai="113" doraHaiUra="100" who="0" fromWho="1" sc="339,90,52,-80,299,0,300,0" owari="429,53.0,-28,-53.0,299,-10.0,300,10.0" /></mjloggm>