<mjloggm ver="2.3"><GO type="41" lobby="0"/><UN n0="%6D%69%6F%64%61%7A%65" n1="%4D%31%4C%44" n2="%E5%B0%B1%E6%B4%BB%E7%94%9F%40%E5%B7%9D%E6%9D%91%E8%BB%8D%E5%9B%A3" n3="%E3%81%92%E3%82%8D%E3%81%92%E3%82%8D" dan="13,15,15,15" rate="1867.70,1957.23,1950.32,2006.78" sx="F,F,M,M"/><TAIKYOKU oya="0"/><INIT seed="0,0,0,1,3,77" ten="250,250,250,250" oya="0" hai0="95,11,115,71,123,64,37,55,66,82,8,17,16" hai1="124,128,63,84,61,101,118,83,76,78,36,23,114" hai2="131,108,67,111,109,29,113,87,34,1,81,120,88" hai3="24,86,92,125,57,2,39,102,25,46,32,26,119"/><T19/><D123/><U9/><E118/><V65/><F120/><W53/><G119/><T110/><D115/><U80/><E36/><V35/><F113/><W44/><G2/><T42/><D71/><U22/><E114/><V100/><F1/><W3/><G3/><T28/><D28/><U43/><E43/><V97/><F131/><W12/><G39/><T7/><D110/><U94/><E128/><V105/><REACH who="2" step="1"/><F29/><REACH who="2" ten="250,250,240,250" step="2"/><W38/><G125/><T0/><D55/><U112/><E112/><V60/><F60/><N who="1" m="23113" /><E124/><V89/><F89/><W58/><G32/><AGARI ba="0,1" hai="32,34,35,65,67,81,87,88,97,100,105,108,109,111" machi="32" ten="50,8000,1" yaku="1,1,14,1,52,1,54,1,53,0" doraHai="77" doraHaiUra="10" who="2" fromWho="3" sc="250,0,250,0,240,90,250,-80" /><INIT seed="1,0,0,4,4,34" ten="250,250,330,170" oya="1" hai0="97,79,87,59,62,31,41,4,8,67,18,12,110" hai1="55,27,64,25,16,98,114,70,129,124,96,109,88" hai2="22,117,130,106,133,19,94,6,36,78,122,5,51" hai3="49,0,40,108,45,125,69,7,48,91,112,15,107"/><U75/><E114/><V57/><F36/><W93/><G112/><T82/><D110/><U73/><E55/><N who="2" m="31999" /><F106/><W17/><G107/><T61/><D41/><U29/><E64/><V119/><F122/><W46/><G69/><T74/><D31/><U83/><E70/><V113/><F113/><W23/><G125/><T135/><D135/><U37/><E37/><V102/><F130/><W132/><G108/><T54/><D97/><U126/><E109/><V65/><F133/><W100/><G100/><T35/><D35/><U134/><E134/><V90/><F117/><W20/><G20/><T47/><D74/><U66/><E66/><V28/><F28/><W50/><G132/><T44/><D18/><U21/><E129/><V111/><F111/><W92/><G91/><T121/><D121/><U68/><E68/><AGARI ba="0,0" hai="4,8,12,44,47,54,59,61,62,67,68,79,82,87" machi="68" ten="30,1000,0" yaku="7,1" doraHai="34" who="0" fromWho="1" sc="250,10,250,-10,330,0,170,0" /><INIT seed="2,0,0,3,2,59" ten="260,240,330,170" oya="2" hai0="38,75,85,17,124,41,30,71,130,127,69,80,134" hai1="106,23,6,78,15,119,48,25,120,90,93,112,123" hai2="37,87,68,32,73,104,53,51,9,99,52,55,102" hai3="103,105,10,44,108,128,39,118,35,92,63,13,81"/><V113/><F113/><W88/><G118/><T89/><D75/><U94/><E106/><V133/><F73/><W110/><G35/><T26/><D17/><U22/><E119/><V79/><F37/><W40/><G81/><T18/><D18/><N who="1" m="10591" /><E78/><V86/><F32/><W50/><G128/><T24/><D134/><U126/><E126/><N who="0" m="48169" /><D130/><U125/><E125/><V84/><F133/><W60/><G39/><T83/><D83/><U95/><E6/><V77/><F68/><N who="0" m="26186" /><D30/><N who="1" m="17727" /><E48/><V116/><F116/><W67/><G67/><T29/><D29/><U3/><E3/><V109/><F109/><N who="3" m="42091" /><G103/><T101/><D101/><U98/><E112/><V64/><F64/><W58/><G58/><T1/><D1/><U129/><E129/><V132/><F132/><W43/><G105/><T91/><D91/><U12/><E12/><V49/><REACH who="2" step="1"/><F9/><REACH who="2" ten="260,240,320,170" step="2"/><W42/><G10/><T82/><D38/><U27/><E27/><V74/><F74/><W45/><G13/><T4/><D26/><U135/><E135/><V47/><F47/><N who="3" m="17995" /><G50/><AGARI ba="0,1" hai="49,50,51,52,53,55,77,79,84,86,87,99,102,104" machi="50" ten="40,3900,0" yaku="1,1,54,1,53,0" doraHai="59" doraHaiUra="14" who="2" fromWho="3" sc="260,0,240,0,320,49,170,-39" /><INIT seed="2,1,0,1,1,47" ten="260,240,369,131" oya="2" hai0="99,72,16,46,59,95,39,98,74,57,25,121,51" hai1="85,119,124,132,53,113,127,135,20,97,5,89,61" hai2="110,0,79,86,49,33,122,105,28,27,37,125,82" hai3="7,123,31,93,115,107,32,68,9,56,52,22,81"/><V87/><F122/><W90/><G107/><T92/><D39/><U104/><E5/><V78/><F37/><W77/><G68/><T91/><D121/><U131/><E20/><V26/><F0/><W76/><G32/><T34/><D34/><U21/><E21/><V109/><F105/><W40/><G115/><T38/><D38/><U83/><E61/><V62/><F62/><W12/><G40/><T60/><D74/><U75/><E53/><V48/><F125/><N who="1" m="48201" /><E113/><V42/><F27/><N who="3" m="16887" /><G81/><T13/><D25/><U55/><E55/><V58/><F42/><W35/><G35/><T94/><D72/><U126/><E126/><V100/><F100/><W30/><G30/><T67/><D57/><U23/><E23/><V1/><F1/><W8/><G8/><N who="0" m="6183" /><D91/><U130/><E75/><V80/><F58/><W128/><G128/><N who="1" m="49194" /><E119/><V103/><REACH who="2" step="1"/><F103/><AGARI ba="1,0" hai="83,85,89,97,103,104,132,135" m="49194,48201" machi="103" ten="40,12000,2" yaku="30,2,18,1,19,1,34,2" doraHai="47" who="1" fromWho="2" sc="260,0,240,123,369,-123,131,0" /><INIT seed="3,0,0,1,5,95" ten="260,363,246,131" oya="3" hai0="31,29,73,114,56,103,78,22,36,88,64,32,128" hai1="2,58,81,54,15,125,71,60,19,121,25,4,87" hai2="23,111,112,115,6,89,127,98,62,92,80,28,35" hai3="100,123,52,46,83,68,16,55,110,118,77,129,74"/><W13/><G123/><T96/><D36/><U44/><E121/><V43/><F35/><W93/><G118/><T39/><D39/><U37/><E125/><V102/><F127/><W133/><G68/><T67/><D32/><U61/><E2/><V49/><F111/><W69/><G69/><T104/><D128/><U26/><E4/><V42/><F6/><W48/><G129/><T65/><D114/><U70/><E70/><V1/><F1/><W72/><G110/><T113/><D113/><U14/><E14/><V63/><F112/><W47/><G133/><T20/><D56/><U12/><E15/><V120/><F120/><W99/><G72/><T75/><D88/><U40/><E61/><N who="2" m="23051" /><F49/><W109/><G109/><T117/><D117/><U9/><E71/><V134/><F134/><W79/><G77/><AGARI ba="0,0" hai="9,12,19,25,26,37,40,44,54,58,60,77,81,87" machi="77" ten="30,1000,0" yaku="7,1" doraHai="95" who="1" fromWho="3" sc="260,0,363,10,246,0,131,-10" /><INIT seed="4,0,0,0,5,83" ten="260,373,246,121" oya="0" hai0="126,104,107,44,25,70,69,91,59,33,57,14,117" hai1="10,84,105,53,38,42,128,16,56,22,89,68,15" hai2="87,94,50,8,99,90,100,54,30,102,0,6,11" hai3="71,45,112,78,52,26,88,18,35,32,103,36,124"/><T135/><D117/><U17/><E68/><V64/><F64/><W51/><G71/><T75/><D75/><U12/><E105/><V47/><F30/><W131/><G112/><T122/><D122/><U37/><E128/><V118/><F118/><W101/><G131/><T123/><D123/><U113/><E113/><V129/><F129/><W133/><G78/><T27/><D33/><U130/><E42/><V114/><F114/><W73/><G73/><T95/><D135/><U61/><REACH who="1" step="1"/><E130/><REACH who="1" ten="260,363,246,121" step="2"/><V72/><F72/><W34/><G133/><T66/><D107/><U49/><E49/><V108/><F108/><W106/><G36/><T31/><D104/><U62/><E62/><V46/><F50/><W96/><G124/><T97/><D126/><U65/><E65/><V109/><F109/><W5/><G106/><T63/><D70/><U81/><AGARI ba="0,1" hai="10,12,15,16,17,22,37,38,53,56,61,81,84,89" machi="81" ten="20,8000,1" yaku="1,1,0,1,7,1,52,1,54,1,53,0" doraHai="83" doraHaiUra="41" who="1" fromWho="1" sc="260,-40,363,90,246,-20,121,-20" /><INIT seed="5,0,0,3,4,2" ten="220,453,226,101" oya="1" hai0="130,14,71,30,23,131,25,67,62,80,69,5,105" hai1="33,121,4,40,17,52,41,26,9,35,11,128,97" hai2="75,132,106,53,51,109,65,37,18,88,84,46,113" hai3="10,82,125,87,57,83,45,70,78,101,61,119,68"/><U8/><E121/><V122/><F109/><W20/><G119/><T36/><D36/><U90/><E33/><V111/><F111/><W108/><G108/><T79/><D105/><U55/><E35/><V98/><F122/><W112/><G101/><T77/><D71/><U58/><E128/><N who="0" m="49193" /><D80/><U27/><E4/><V117/><F75/><W74/><G112/><T110/><D110/><U107/><E107/><V127/><F117/><W0/><G20/><T29/><D29/><U95/><E55/><V94/><F127/><W24/><G24/><N who="1" m="9258" /><E17/><V28/><F132/><W13/><G0/><T19/><D19/><U120/><E120/><V54/><F28/><W86/><G45/><T34/><D34/><U42/><E42/><V43/><F65/><W44/><G44/><T135/><D135/><U15/><E15/><V39/><F113/><W66/><G74/><T133/><D133/><U7/><E7/><V60/><F39/><W102/><G102/><T99/><D99/><U114/><E114/><V81/><F106/><W96/><G96/><T115/><D115/><U1/><E1/><V72/><F72/><W6/><REACH who="3" step="1"/><G125/><REACH who="3" ten="220,453,226,91" step="2"/><T93/><D93/><U126/><E126/><V12/><F37/><W48/><G48/><AGARI ba="0,1" hai="8,9,11,40,41,48,52,58,90,95,97" m="9258" machi="48" ten="30,2900,0" yaku="8,1,54,1" doraHai="2" who="1" fromWho="3" sc="220,0,453,39,226,0,91,-29" /><INIT seed="5,1,0,2,5,44" ten="220,492,226,62" oya="1" hai0="50,115,96,133,125,13,19,97,98,53,135,127,28" hai1="74,134,52,112,72,39,124,91,55,95,45,54,35" hai2="23,25,105,66,114,123,104,31,22,86,77,58,56" hai3="132,33,29,34,102,118,80,119,30,8,40,36,89"/><U61/><E35/><N who="3" m="13322" /><G102/><T106/><D28/><N who="3" m="10857" /><G80/><T17/><D106/><U60/><E124/><N who="0" m="47689" /><D115/><U20/><E134/><N who="0" m="51209" /><D13/><U100/><E100/><V75/><F75/><W126/><G126/><T130/><D130/><U128/><E128/><V121/><F114/><W109/><G89/><T85/><D85/><U81/><E20/><V57/><F66/><W48/><G132/><T83/><D83/><U27/><E27/><V14/><F105/><W90/><G90/><T7/><D7/><U21/><E21/><V82/><F104/><W99/><G99/><T107/><D107/><U42/><E112/><V70/><F70/><W1/><G109/><T26/><D26/><U131/><E131/><V43/><F43/><W3/><G36/><T41/><D41/><U10/><E81/><V37/><F37/><W2/><G8/><T32/><D32/><U117/><E10/><V76/><F76/><W9/><G9/><T5/><D5/><U116/><E74/><V0/><F121/><W59/><G40/><T93/><D93/><U62/><E72/><V65/><F123/><W47/><G47/><AGARI ba="1,0" hai="17,19,47,50,53,96,97,98" m="51209,47689" machi="47" ten="40,5200,0" yaku="18,1,20,1,52,1" doraHai="44" who="0" fromWho="3" sc="220,55,492,0,226,0,62,-55" /><INIT seed="6,0,0,4,0,6" ten="275,492,226,7" oya="2" hai0="105,93,78,44,29,25,39,7,127,14,33,56,109" hai1="58,102,79,32,112,12,103,120,115,129,36,121,117" hai2="124,50,135,107,87,15,43,72,91,22,92,97,125" hai3="82,45,81,77,24,131,63,88,28,89,61,111,75"/><V66/><F66/><W30/><G111/><T53/><D109/><U99/><E36/><V68/><F68/><W1/><G1/><T19/><D105/><U42/><E42/><V60/><F60/><W23/><G131/><T16/><D127/><N who="2" m="48714" /><F72/><W73/><G45/><T74/><D74/><U130/><E32/><V55/><F43/><W0/><G0/><T90/><D78/><U51/><E79/><V3/><F3/><W104/><G104/><T83/><D83/><U40/><E117/><V37/><F37/><W116/><G77/><T100/><D100/><N who="1" m="38443" /><E99/><V13/><F135/><W98/><G23/><T96/><D44/><N who="1" m="25991" /><E58/><N who="2" m="33143" /><F107/><W21/><G21/><N who="0" m="15535" /><D39/><U48/><E12/><V65/><F65/><W84/><G24/><T57/><D33/><U17/><E17/><N who="0" m="6729" /><D53/><U34/><E48/><V119/><F119/><W4/><G116/><T2/><D2/><U8/><E121/><V35/><F35/><W71/><G71/><T54/><D54/><U85/><E34/><V47/><F47/><W9/><G75/><T20/><D20/><U70/><E70/><V106/><F106/><W114/><G73/><T80/><D80/><U69/><E69/><V52/><F22/><W46/><G46/><T5/><D5/><U26/><E26/><V126/><N who="2" m="48722" /><V118/><DORA hai="67" /><F118/><W132/><G4/><T76/><D76/><U123/><E123/><V101/><F52/><W128/><G132/><T41/><D41/><U113/><E120/><V38/><F38/><W59/><G128/><T11/><AGARI ba="0,0" hai="7,11,14,56,57,90,93,96" m="6729,15535" machi="11" ten="30,4000,0" yaku="8,1,52,1,54,1" doraHai="6,67" who="0" fromWho="0" sc="275,40,492,-10,226,-20,7,-10" owari="315,12.0,482,57.0,206,-19.0,-3,-50.0" /></mjloggm>