<mjloggm ver="2.3"><GO type="41" lobby="0"/><UN n0="%40%42%4C%41%43%4B" n1="%E3%81%8F%E3%81%BE%E3%81%95%E3%82%93%52" n2="%E5%B0%B1%E6%B4%BB%E7%94%9F%40%E5%B7%9D%E6%9D%91%E8%BB%8D%E5%9B%A3" n3="%E6%90%BA%E5%B8%AF%E5%BB%83%E4%BA%BA" dan="13,14,16,13" rate="1854.44,1954.96,2098.18,1894.83" sx="M,M,M,M"/><TAIKYOKU oya="0"/><INIT seed="0,0,0,1,4,93" ten="250,250,250,250" oya="0" hai0="34,83,33,41,14,19,45,47,95,128,30,18,110" hai1="25,22,0,80,28,44,50,86,8,74,97,40,100" hai2="109,114,82,134,21,127,124,113,122,99,87,107,76" hai3="54,15,2,135,39,32,67,20,112,104,130,60,71"/><T10/><D128/><U77/><E74/><V70/><F70/><W94/><G104/><T52/><D30/><U125/><E125/><N who="2" m="48203" /><F21/><W11/><G112/><N who="2" m="43113" /><F122/><W68/><G20/><T81/><D19/><U131/><E131/><V126/><F126/><W38/><G2/><T16/><D110/><U13/><E0/><V115/><F115/><W1/><G1/><T90/><D18/><U120/><E120/><V36/><F36/><W66/><G32/><T17/><D17/><U27/><E27/><V43/><F43/><W35/><G35/><T63/><D33/><U7/><E100/><N who="2" m="62879" /><F134/><W31/><G135/><T132/><D34/><U55/><E55/><V106/><F106/><W108/><G130/><T6/><D132/><U98/><AGARI ba="0,0" hai="7,8,13,22,25,28,40,44,50,77,80,86,97,98" machi="98" ten="30,12000,2" yaku="0,1,25,2,8,1,52,2" doraHai="93" who="1" fromWho="1" sc="250,-60,250,120,250,-30,250,-30" /><INIT seed="1,0,0,0,3,82" ten="190,370,220,220" oya="1" hai0="91,111,8,74,17,59,93,65,51,72,36,39,128" hai1="95,105,101,106,56,114,116,40,15,4,7,46,110" hai2="34,37,21,70,86,18,123,67,113,6,12,3,89" hai3="10,124,31,13,131,108,97,115,99,83,122,33,79"/><U20/><E114/><V117/><F37/><W16/><G115/><T107/><D107/><U26/><E116/><V29/><F117/><W126/><G122/><T45/><D128/><U44/><E110/><V68/><F123/><W88/><G108/><T30/><D111/><U132/><E132/><V24/><F113/><W5/><G131/><T22/><D36/><U135/><E135/><V109/><F109/><W90/><G33/><T52/><D39/><U9/><E4/><V38/><F38/><W120/><G120/><T1/><D30/><U104/><E56/><V57/><F57/><W69/><G69/><T0/><D0/><U81/><E81/><V58/><F58/><W119/><G119/><T32/><D32/><U84/><E40/><V50/><F50/><W98/><G31/><T78/><D78/><U54/><E54/><V87/><F89/><W25/><G25/><T14/><D65/><U133/><E133/><V134/><F134/><W41/><G41/><T62/><D1/><U127/><E127/><N who="3" m="48682" /><G5/><T77/><D8/><U55/><E55/><V49/><F49/><W100/><G100/><T60/><D77/><U130/><E130/><V48/><F48/><W92/><G92/><T129/><D129/><U64/><E101/><V96/><F96/><N who="3" m="24579" /><W94/><DORA hai="71" /><G94/><T85/><D62/><U35/><E35/><V2/><F2/><W121/><G121/><T75/><REACH who="0" step="1"/><D72/><AGARI ba="0,0" hai="10,13,16,72,79,83,88,90" m="24579,48682" machi="72" ten="40,5200,0" yaku="18,1,54,2" doraHai="82,71" who="3" fromWho="0" sc="190,-52,370,0,220,0,220,52" /><INIT seed="2,0,0,3,3,106" ten="138,370,220,272" oya="2" hai0="22,9,107,59,71,130,51,25,110,36,84,89,86" hai1="73,3,43,11,52,65,1,37,101,81,47,88,77" hai2="105,112,33,13,74,2,126,27,19,108,125,97,46" hai3="132,133,28,40,87,79,67,34,54,113,82,57,4"/><V121/><F2/><W123/><G123/><T111/><D71/><U115/><E115/><V0/><F0/><W50/><G113/><T24/><D107/><U114/><E114/><V7/><F112/><W75/><G4/><T5/><D36/><U103/><E65/><V127/><F121/><W10/><G10/><T109/><D130/><U60/><E1/><V15/><F105/><W94/><G34/><T120/><D120/><U100/><E88/><V44/><F97/><W128/><G28/><T38/><D38/><U39/><E39/><V49/><F108/><W53/><G40/><T48/><D59/><N who="1" m="34919" /><E103/><V90/><F90/><W20/><G67/><T131/><D131/><U26/><E26/><N who="0" m="10345" /><D22/><U63/><E63/><V117/><F117/><W119/><G20/><T85/><D89/><U41/><E41/><N who="2" m="24719" /><F46/><W76/><G119/><T16/><D5/><AGARI ba="0,0" hai="3,5,11,37,43,47,73,77,81,100,101" m="34919" machi="5" ten="30,3900,0" yaku="25,1,52,1,54,1" doraHai="106" who="1" fromWho="0" sc="138,-39,370,39,220,0,272,0" /><INIT seed="3,0,0,3,1,71" ten="99,409,220,272" oya="3" hai0="107,8,52,133,125,119,101,110,53,4,57,103,34" hai1="32,46,66,106,67,123,87,97,26,130,31,95,56" hai2="50,132,54,85,45,77,10,115,75,91,16,92,17" hai3="37,108,23,38,42,68,69,94,102,109,5,74,51"/><W131/><G74/><T111/><D34/><U3/><E123/><V44/><F115/><W76/><G131/><T40/><D119/><U100/><E130/><V70/><F70/><N who="3" m="27243" /><G76/><T1/><D40/><U19/><E3/><V27/><F132/><W78/><G78/><T105/><D133/><U86/><E46/><V73/><F77/><W29/><G5/><T0/><D125/><U59/><E19/><V118/><F118/><W82/><G82/><T6/><D57/><U60/><REACH who="1" step="1"/><E106/><REACH who="1" ten="99,399,220,272" step="2"/><V9/><F17/><W129/><G129/><T24/><D24/><U126/><E126/><V72/><F10/><AGARI ba="0,1" hai="0,1,4,6,8,10,52,53,101,103,105,107,110,111" machi="10" ten="25,3200,0" yaku="22,2,54,1" doraHai="71" who="0" fromWho="2" sc="99,42,399,0,220,-32,272,0" /><INIT seed="4,0,0,4,1,93" ten="141,399,188,272" oya="0" hai0="77,78,105,114,116,45,111,5,43,86,132,12,81" hai1="52,97,46,17,10,104,66,113,60,119,126,131,18" hai2="48,15,102,127,11,62,26,33,118,19,31,44,122" hai3="107,98,99,129,133,135,53,8,61,87,72,91,71"/><T51/><D116/><U57/><E119/><V96/><F122/><W70/><G72/><T1/><D105/><U90/><E131/><V36/><F36/><W47/><G129/><T4/><D114/><U82/><E126/><V14/><F118/><W124/><G107/><T50/><D132/><N who="3" m="50761" /><G124/><T108/><D1/><U21/><E113/><V58/><F127/><W85/><G8/><N who="0" m="4103" /><D5/><U59/><E46/><V103/><F15/><W88/><G47/><N who="0" m="25983" /><D77/><U106/><E10/><V123/><F123/><W16/><G16/><T49/><D45/><U73/><E73/><V89/><F89/><W34/><G34/><T25/><D25/><U110/><E110/><AGARI ba="0,0" hai="49,51,78,81,86,108,110,111" m="25983,4103" machi="110" ten="30,2900,0" yaku="25,1,10,1" doraHai="93" who="0" fromWho="1" sc="141,29,399,-29,188,0,272,0" /><INIT seed="4,1,0,4,4,35" ten="170,370,188,272" oya="0" hai0="10,99,132,87,52,7,76,93,22,77,130,17,75" hai1="134,62,43,47,73,90,38,110,23,70,3,28,124" hai2="96,40,121,100,32,27,16,117,59,74,83,114,125" hai3="58,61,78,56,118,112,45,109,2,0,126,57,69"/><T82/><D132/><U127/><E110/><V107/><F121/><W9/><G109/><T39/><D39/><U101/><E134/><V66/><F114/><W25/><G118/><T105/><D105/><U89/><E73/><V44/><F117/><W29/><G112/><T13/><D130/><U97/><E3/><V49/><F125/><N who="1" m="48201" /><E28/><V63/><F32/><W19/><G78/><T24/><D52/><U33/><E33/><V55/><F74/><W131/><G126/><T88/><REACH who="0" step="1"/><D75/><REACH who="0" ten="160,370,188,272" step="2"/><U133/><E133/><V60/><F60/><W122/><G61/><T115/><D115/><U71/><E62/><V42/><REACH who="2" step="1"/><F83/><REACH who="2" ten="160,370,178,272" step="2"/><W123/><G122/><T103/><AGARI ba="1,2" hai="7,10,13,17,22,24,76,77,82,87,88,93,99,103" machi="103" ten="20,18000,2" yaku="1,1,0,1,7,1,8,1,54,1,53,1" doraHai="35" doraHaiUra="86" who="0" fromWho="0" sc="160,203,370,-61,178,-61,272,-61" /><INIT seed="4,2,0,3,2,118" ten="363,309,117,211" oya="0" hai0="83,47,104,30,14,22,105,128,123,46,61,67,59" hai1="11,58,73,66,6,10,34,57,36,72,112,2,81" hai2="48,33,8,28,65,79,133,50,110,126,49,114,19" hai3="115,27,78,74,131,39,120,107,101,76,31,99,82"/><T41/><D123/><U7/><E36/><V130/><F110/><W90/><G39/><T116/><D116/><U80/><E34/><V102/><F114/><W55/><G78/><T88/><D128/><U29/><E29/><V62/><F130/><W44/><G131/><T70/><D47/><U91/><E112/><V32/><F126/><W42/><G115/><T95/><D83/><U12/><E91/><V92/><F133/><W75/><G75/><T84/><D70/><U94/><E94/><V51/><F79/><W103/><G103/><T89/><D89/><U69/><E69/><V52/><N who="2" m="12800" /><DORA hai="17" /><V87/><F65/><W121/><G55/><T100/><D46/><U68/><E68/><V0/><F28/><W5/><G44/><T25/><D41/><U71/><E71/><V135/><F135/><W43/><G5/><T18/><REACH who="0" step="1"/><D100/><REACH who="0" ten="353,309,117,211" step="2"/><U113/><E113/><V23/><F102/><W64/><G90/><T129/><D129/><U109/><E109/><V37/><F37/><W15/><G120/><T98/><D98/><U125/><E125/><V106/><F106/><W63/><G121/><T1/><D1/><U60/><E58/><V16/><F92/><W35/><G43/><T111/><D111/><U53/><E80/><V93/><F93/><W127/><G42/><T122/><D122/><U96/><E96/><V13/><F87/><W119/><G119/><T77/><D77/><N who="1" m="44199" /><E73/><V97/><F97/><W21/><G127/><T4/><D4/><U56/><E56/><N who="2" m="35079" /><F0/><W54/><G99/><T38/><D38/><U3/><E3/><V117/><F117/><RYUUKYOKU ba="2,1" sc="353,10,309,10,117,10,211,-30" hai0="14,18,22,25,30,59,61,67,84,88,95,104,105" hai1="2,6,7,10,11,12,53,57,60,66" hai2="8,13,16,19,23,32,33" /><INIT seed="4,3,1,4,3,65" ten="363,319,127,181" oya="0" hai0="85,94,120,70,64,108,55,34,25,89,56,119,73" hai1="74,3,48,50,1,38,122,129,22,76,69,0,52" hai2="82,13,54,9,87,112,101,35,95,53,96,10,12" hai3="135,60,102,26,5,128,15,31,49,80,4,68,28"/><T134/><D119/><U24/><E122/><V113/><F35/><W27/><G102/><T130/><D120/><U40/><E129/><V42/><F42/><W124/><G128/><T71/><D73/><U109/><E109/><V63/><F63/><W45/><G135/><T57/><D130/><U106/><E106/><V117/><F117/><W67/><G124/><T103/><D134/><U61/><E38/><V81/><F87/><W125/><G125/><T33/><D108/><U41/><E74/><V43/><F43/><W121/><G121/><T44/><D44/><U32/><E32/><V21/><F21/><W127/><G127/><T75/><D75/><U111/><E76/><V131/><F131/><W132/><G132/><T46/><D46/><U118/><E118/><V39/><F39/><W98/><G98/><T8/><D103/><U62/><E50/><V14/><F82/><W66/><G80/><T107/><D107/><U100/><E100/><V51/><F81/><W126/><G67/><T72/><D72/><U47/><E62/><V79/><F79/><W6/><G126/><T114/><D64/><U91/><E91/><V17/><F13/><W20/><G15/><T2/><D2/><U30/><REACH who="1" step="1"/><E111/><REACH who="1" ten="363,309,127,181" step="2"/><V116/><F116/><W86/><G60/><N who="0" m="35871" /><D89/><U110/><E110/><V37/><F37/><W16/><G49/><T59/><D34/><U83/><E83/><V78/><F78/><W99/><G66/><AGARI ba="3,2" hai="0,1,3,22,24,30,40,41,47,48,52,61,66,69" machi="66" ten="40,8000,1" yaku="1,1,52,1,54,1,53,1" doraHai="65" doraHaiUra="18" who="1" fromWho="3" sc="363,0,309,109,127,0,181,-89" /><INIT seed="5,0,0,5,4,83" ten="363,418,127,92" oya="1" hai0="49,90,110,25,111,52,55,118,24,71,27,18,68" hai1="129,16,108,34,33,23,78,114,105,84,4,36,13" hai2="116,102,66,99,45,41,69,70,107,123,124,22,63" hai3="50,8,94,97,40,1,133,62,87,75,82,109,9"/><U0/><E36/><V92/><F123/><W135/><G109/><T54/><D118/><U60/><E105/><V73/><F116/><W19/><G75/><T46/><D18/><U85/><E108/><N who="0" m="41513" /><D90/><U53/><E114/><V38/><F124/><W119/><G119/><T79/><D79/><U126/><E126/><V20/><F73/><W14/><G62/><T42/><D42/><U30/><E129/><V21/><REACH who="2" step="1"/><F70/><REACH who="2" ten="363,418,117,92" step="2"/><W7/><G133/><T2/><D71/><U125/><E125/><V113/><F113/><W112/><G112/><T130/><D68/><U115/><E115/><V32/><F32/><W104/><G135/><T121/><D121/><U103/><E34/><V86/><F86/><W35/><G35/><T132/><D132/><U131/><E131/><V28/><F28/><W95/><G104/><AGARI ba="0,1" hai="20,21,22,38,41,45,63,66,69,92,99,102,104,107" machi="104" ten="40,2600,0" yaku="1,1,53,1" doraHai="83" doraHaiUra="64" who="2" fromWho="3" sc="363,0,418,0,117,36,92,-26" /><INIT seed="6,0,0,5,3,104" ten="363,418,153,66" oya="2" hai0="79,14,22,36,89,113,117,26,56,107,52,112,103" hai1="111,47,98,10,15,4,6,74,58,17,127,28,30" hai2="102,21,80,83,33,130,24,42,27,91,5,78,23" hai3="63,25,48,88,55,40,1,16,118,123,126,108,122"/><V38/><F130/><W66/><G118/><T121/><D36/><U59/><E74/><V75/><F33/><W46/><G108/><T44/><D121/><U76/><E76/><V135/><F135/><W43/><G1/><T93/><D44/><U125/><E111/><V57/><F102/><W82/><G126/><N who="1" m="48138" /><E47/><V54/><F5/><N who="1" m="2153" /><E98/><V11/><F11/><W134/><G134/><T37/><D37/><U94/><E94/><V19/><F38/><W65/><G123/><T129/><D117/><U73/><E73/><V85/><F42/><W12/><G122/><T31/><D129/><U86/><E86/><V7/><F7/><W60/><G25/><T70/><D79/><U20/><E10/><V29/><F57/><AGARI ba="0,0" hai="15,17,20,28,30,57,58,59" m="2153,48138" machi="57" ten="30,1000,0" yaku="18,1" doraHai="104" who="1" fromWho="2" sc="363,0,418,10,153,-10,66,0" /><INIT seed="7,0,0,3,0,98" ten="363,428,143,66" oya="3" hai0="132,2,17,26,121,88,95,28,94,10,78,110,47" hai1="8,63,84,80,21,60,1,38,70,66,96,71,74" hai2="43,27,135,50,73,133,126,122,81,52,45,4,134" hai3="83,68,102,116,39,30,16,106,123,130,82,91,120"/><W113/><G116/><T12/><D121/><U34/><E34/><V15/><F126/><W111/><G113/><T93/><D110/><U97/><E74/><V6/><F122/><W86/><G39/><T99/><D132/><U131/><E131/><V124/><F124/><W32/><G68/><T36/><D78/><U48/><E38/><V31/><F43/><W89/><G130/><T115/><D2/><U67/><E21/><N who="2" m="15855" /><F15/><W0/><G0/><T129/><D129/><U127/><E48/><V42/><F42/><W119/><G119/><T55/><D115/><U9/><E127/><V125/><F125/><W79/><G111/><T5/><D5/><U87/><E1/><V29/><F29/><W7/><G7/><T101/><D36/><U14/><E14/><V40/><F40/><W109/><G109/><T24/><D94/><U64/><E67/><V118/><F118/><W128/><G128/><T58/><D47/><U107/><E80/><V11/><F11/><W104/><G32/><T75/><D28/><U19/><E19/><V41/><F41/><W108/><G108/><T57/><D75/><U77/><E77/><AGARI ba="0,0" hai="4,6,45,50,52,73,77,81,133,134,135" m="15855" machi="77" ten="30,2000,0" yaku="20,1,54,1" doraHai="98" who="2" fromWho="1" sc="363,0,428,-20,143,20,66,0" owari="363,16.0,408,51.0,163,-24.0,66,-43.0" /></mjloggm>