<mjloggm ver="2.3"><GO type="97" lobby="0"/><UN n0="%4E%6F%4D%65%72%63%79" n1="%6D%6F%6D%69%61%67%65%30" n2="%E5%B0%B1%E6%B4%BB%E7%94%9F%40%E5%B7%9D%E6%9D%91%E8%BB%8D%E5%9B%A3" n3="%69%74%74%75%64%65%6D%69" dan="13,15,14,14" rate="1807.20,2018.68,1979.37,1922.66" sx="M,M,M,M"/><TAIKYOKU oya="0"/><INIT seed="0,0,0,5,0,104" ten="250,250,250,250" oya="0" hai0="46,63,101,121,16,34,56,18,76,32,47,78,105" hai1="120,96,129,123,102,131,83,1,9,2,128,134,79" hai2="51,80,117,15,17,72,106,81,4,33,91,127,5" hai3="38,58,87,60,118,116,97,130,28,0,90,53,75"/><T23/><D121/><N who="1" m="46667" /><E134/><V22/><F33/><W69/><G0/><T14/><D101/><U135/><E9/><V25/><F106/><W30/><G38/><T19/><D105/><N who="1" m="63687" /><E135/><V70/><F70/><W40/><G40/><T133/><D133/><U119/><E119/><V43/><F117/><W82/><G118/><T68/><D68/><U49/><E49/><V86/><F127/><W132/><G132/><T94/><D94/><U57/><E57/><V112/><F112/><W44/><G116/><T93/><D93/><U88/><E88/><N who="2" m="51271" /><F72/><AGARI ba="0,0" hai="1,2,72,79,83,128,129,131" m="63687,46667" machi="72" ten="40,5200,0" yaku="19,1,23,1,52,1" doraHai="104" who="1" fromWho="2" sc="250,0,250,52,250,-52,250,0" /><INIT seed="1,0,0,1,0,12" ten="250,302,198,250" oya="1" hai0="37,6,127,119,20,32,21,121,62,57,63,86,130" hai1="104,59,109,124,85,49,18,54,129,135,132,115,95" hai2="9,8,11,94,123,41,92,76,100,25,52,58,125" hai3="90,15,66,102,7,24,111,105,46,48,13,78,50"/><U110/><E115/><V43/><F123/><W112/><G112/><T103/><D37/><U133/><E104/><V87/><F125/><W80/><G111/><N who="1" m="42506" /><E124/><V35/><F35/><W28/><G105/><T89/><D32/><U93/><E129/><V1/><F1/><W99/><G66/><T22/><D103/><U17/><E85/><V5/><F5/><W16/><G7/><T84/><D121/><U0/><E0/><V113/><F113/><W74/><G102/><T29/><D29/><U53/><E53/><V96/><F25/><W88/><G99/><T116/><D130/><U27/><E27/><V69/><F69/><W3/><G3/><T73/><D73/><U45/><E45/><V19/><F19/><AGARI ba="0,0" hai="17,18,19,49,54,59,93,95,132,133,135" m="42506" machi="19" ten="40,18000,2" yaku="20,1,14,1,10,1,52,3" doraHai="12" who="1" fromWho="2" sc="250,0,302,180,198,-180,250,0" /><INIT seed="1,1,0,1,5,52" ten="250,482,18,250" oya="1" hai0="106,124,78,84,32,128,100,126,49,80,72,64,58" hai1="65,104,74,97,115,68,38,36,81,8,27,51,42" hai2="4,66,37,86,17,14,30,57,60,55,45,73,34" hai3="18,48,119,131,69,123,90,3,87,91,19,116,109"/><U127/><E127/><V61/><F73/><W67/><G3/><T9/><D32/><U44/><E115/><V113/><F113/><W20/><G123/><T71/><D71/><U111/><E111/><V62/><F4/><W28/><G109/><T135/><D135/><U117/><E117/><N who="3" m="45130" /><G131/><T105/><D128/><U35/><E8/><V15/><F15/><W133/><G133/><T89/><D9/><U83/><E68/><V99/><F99/><W77/><G69/><T12/><D12/><U132/><E65/><V26/><F86/><W130/><G67/><T56/><D64/><U110/><E110/><V33/><F33/><W85/><G130/><T98/><D106/><U40/><E74/><V50/><REACH who="2" step="1"/><F37/><REACH who="2" ten="250,482,8,250" step="2"/><W75/><G75/><T102/><D102/><U21/><E97/><V94/><F94/><W1/><G1/><T103/><D103/><U134/><E38/><V125/><F125/><N who="0" m="48234" /><D49/><U6/><E36/><V41/><F41/><W96/><G48/><T121/><D121/><U82/><E42/><V0/><F0/><W54/><G96/><T7/><D7/><U47/><E6/><V112/><F112/><W114/><G114/><T88/><D89/><U53/><E51/><V43/><F43/><W108/><G108/><T129/><D129/><U70/><E132/><V25/><F25/><N who="3" m="16423" /><G91/><T63/><D63/><U2/><E134/><V46/><F46/><W39/><G90/><T118/><D118/><U79/><E44/><V107/><F107/><W31/><G39/><T10/><D10/><AGARI ba="1,1" hai="10,14,17,26,30,34,45,50,55,57,60,61,62,66" machi="10" ten="30,7700,0" yaku="1,1,7,1,52,1,53,1" doraHai="52" doraHaiUra="5" who="2" fromWho="0" sc="250,-80,482,0,8,90,250,0" /><INIT seed="2,0,0,4,1,33" ten="170,482,98,250" oya="2" hai0="44,83,104,56,97,128,67,90,36,15,94,54,5" hai1="76,92,1,132,79,70,47,20,98,9,63,58,37" hai2="95,127,8,29,112,11,116,99,2,124,10,115,6" hai3="45,38,86,85,96,68,26,75,135,41,114,103,81"/><V106/><F106/><W72/><G68/><T13/><D128/><U108/><E108/><V14/><F95/><W110/><G110/><T27/><D104/><U91/><E132/><V84/><F84/><W19/><G135/><T118/><D118/><U25/><E70/><V131/><F99/><W93/><G114/><N who="2" m="43561" /><F116/><W117/><G117/><T107/><D107/><U22/><E37/><V121/><F121/><W80/><G26/><T46/><D83/><U61/><E47/><N who="0" m="17961" /><D67/><U50/><E50/><V133/><F133/><W129/><G19/><T3/><D3/><U113/><E113/><V0/><F131/><W32/><G32/><T48/><D36/><U4/><E22/><V39/><F39/><W130/><G129/><T35/><D35/><U73/><E73/><V28/><F10/><W105/><G130/><T31/><D5/><U55/><E61/><V52/><F52/><W82/><G45/><T88/><D90/><U21/><E21/><V77/><F77/><N who="3" m="44071" /><G41/><T69/><D69/><U89/><E89/><V87/><F87/><N who="3" m="33291" /><G38/><T119/><D119/><U42/><E42/><V40/><F40/><W109/><G109/><T64/><D64/><U125/><E125/><N who="2" m="48203" /><F2/><W17/><G82/><T57/><D57/><U123/><E123/><V62/><F62/><W43/><G43/><T7/><D7/><AGARI ba="0,0" hai="0,6,7,8,11,14,28,29" m="48203,43561" machi="7" ten="30,11600,0" yaku="18,1,34,2,52,1" doraHai="33" who="2" fromWho="0" sc="170,-116,482,0,98,116,250,0" /><INIT seed="2,1,0,1,2,109" ten="54,482,214,250" oya="2" hai0="114,94,25,32,33,72,76,87,110,91,59,107,78" hai1="18,62,84,64,120,112,105,129,17,113,13,38,133" hai2="29,11,117,70,75,101,34,99,121,73,135,124,28" hai3="134,6,53,48,74,103,126,116,92,81,106,90,132"/><V3/><F117/><W14/><G116/><T39/><D107/><U56/><E105/><V60/><F121/><W119/><G119/><T86/><D39/><U24/><E120/><V115/><F115/><W22/><G126/><T26/><D110/><U43/><E133/><V77/><F135/><W20/><G134/><T80/><D114/><U125/><E129/><V93/><F124/><W9/><G106/><T127/><D127/><U100/><E125/><V30/><F34/><W83/><G74/><T44/><D72/><U8/><E38/><V128/><F128/><W54/><G103/><T42/><D78/><U37/><E37/><V68/><F77/><W97/><G54/><T2/><D2/><U79/><E43/><V98/><F98/><W96/><G96/><T108/><D108/><U46/><E46/><V1/><F70/><W45/><REACH who="3" step="1"/><G132/><REACH who="3" ten="54,482,214,240" step="2"/><T131/><D131/><U71/><E100/><V111/><F111/><W12/><G12/><T95/><D86/><U57/><E13/><V66/><REACH who="2" step="1"/><F3/><REACH who="2" ten="54,482,204,240" step="2"/><W5/><G5/><AGARI ba="1,2" hai="1,5,11,28,29,30,60,66,68,73,75,93,99,101" machi="5" ten="40,12000,1" yaku="1,1,2,1,53,2" doraHai="109" doraHaiUra="104" who="2" fromWho="3" sc="54,0,482,0,204,143,240,-123" /><INIT seed="2,2,0,5,0,132" ten="54,482,347,117" oya="2" hai0="21,109,1,0,37,35,67,94,36,70,68,47,100" hai1="33,106,56,87,25,13,4,8,83,58,111,23,97" hai2="98,31,34,43,26,53,22,124,64,24,79,92,74" hai3="44,78,119,38,135,71,112,81,110,60,45,30,55"/><V66/><F124/><W114/><G119/><T28/><D35/><U105/><E111/><V82/><F43/><W89/><G89/><T88/><D109/><U77/><E33/><V48/><F26/><W65/><G110/><T39/><D100/><U42/><E42/><V118/><F34/><W32/><G135/><T115/><D115/><U116/><E116/><V93/><F93/><W134/><G134/><T14/><D47/><U120/><E120/><V63/><F63/><W108/><G108/><T12/><D67/><U61/><E97/><V121/><F121/><W2/><G2/><T86/><D12/><U54/><E58/><V107/><F107/><W15/><G15/><T126/><D126/><U96/><E96/><V29/><F29/><AGARI ba="2,0" hai="4,8,13,23,25,29,54,56,61,77,83,87,105,106" machi="29" ten="30,1000,0" yaku="7,1" doraHai="132" who="1" fromWho="2" sc="54,0,482,16,347,-16,117,0" /><INIT seed="3,0,0,4,3,75" ten="54,498,331,117" oya="3" hai0="32,101,135,70,1,132,107,112,102,27,49,133,120" hai1="94,38,34,115,19,117,15,18,97,67,134,124,54" hai2="111,92,109,10,12,106,68,73,3,35,64,78,114" hai3="2,0,25,30,122,108,62,98,40,127,126,33,43"/><W100/><G122/><T128/><D1/><U24/><E115/><V51/><F106/><W69/><G43/><T36/><D120/><U6/><E124/><N who="3" m="47658" /><G108/><N who="2" m="41545" /><F114/><W74/><G40/><T82/><D112/><U26/><E134/><V16/><F35/><W23/><G23/><T66/><D128/><U86/><E38/><V121/><F3/><W50/><G50/><T14/><D14/><U85/><E34/><V71/><F121/><W80/><G80/><T131/><D131/><U93/><E6/><V125/><F125/><W59/><G74/><T41/><D49/><U77/><E77/><V48/><F92/><N who="3" m="58439" /><G69/><N who="2" m="26697" /><F64/><AGARI ba="0,0" hai="0,2,25,30,33,59,62,64" m="58439,47658" machi="64" ten="30,1500,0" yaku="18,1" doraHai="75" who="3" fromWho="2" sc="54,0,498,0,331,-15,117,15" /><INIT seed="3,1,0,4,1,56" ten="54,498,316,132" oya="3" hai0="103,81,57,3,87,102,94,20,80,77,65,51,131" hai1="44,61,125,26,21,46,41,101,97,60,121,122,11" hai2="123,29,0,90,130,105,36,113,54,25,109,133,95" hai3="114,108,33,86,89,23,93,100,112,79,69,31,129"/><W84/><G33/><T98/><D3/><U55/><E125/><V42/><F105/><W66/><G69/><T53/><D131/><U124/><E124/><V37/><F0/><W16/><G31/><T9/><D9/><U63/><E55/><V135/><F113/><W64/><G129/><T32/><D32/><U99/><E11/><V15/><F130/><W38/><G38/><T59/><D81/><U96/><E101/><V132/><F109/><W73/><G73/><T4/><D4/><U12/><E12/><V58/><F123/><W128/><G128/><T18/><D65/><N who="3" m="25193" /><G108/><T120/><D120/><N who="1" m="46187" /><E41/><V30/><F15/><N who="3" m="9631" /><G114/><T91/><REACH who="0" step="1"/><D59/><REACH who="0" ten="44,498,316,132" step="2"/><U13/><E21/><N who="2" m="15535" /><F30/><W82/><G112/><T5/><D5/><U62/><E13/><V74/><F74/><W67/><G67/><T106/><D106/><U68/><E68/><V127/><F127/><W107/><G107/><T83/><D83/><U85/><N who="1" m="15360" /><DORA hai="111" /><U7/><E7/><V50/><F42/><W49/><G100/><T48/><D48/><AGARI ba="1,1" hai="48,49,79,82,84,86,89,93" m="9631,25193" machi="48" ten="30,2900,0" yaku="8,1,54,1" doraHai="56,111" who="3" fromWho="0" sc="44,-32,498,0,316,0,132,42" /><INIT seed="3,2,0,3,5,117" ten="12,498,316,174" oya="3" hai0="67,127,59,72,46,61,130,128,112,106,83,40,80" hai1="125,54,36,17,9,75,23,19,4,87,74,111,99" hai2="60,25,115,31,68,124,26,5,0,132,22,113,76" hai3="98,3,70,1,21,65,12,91,30,35,24,13,2"/><W53/><G70/><T27/><D106/><U66/><E111/><V51/><F124/><W42/><G42/><T121/><D27/><U18/><E125/><V97/><F132/><W86/><G98/><T89/><D127/><U20/><E36/><V8/><F76/><W50/><G65/><T123/><D112/><U37/><E37/><V129/><F129/><N who="0" m="49770" /><D72/><U69/><E69/><V45/><F97/><W120/><G120/><N who="0" m="46155" /><D89/><U62/><E75/><V7/><F7/><W33/><G33/><T10/><D10/><U131/><E74/><V78/><F78/><W101/><G101/><T63/><D63/><U96/><E9/><V6/><F6/><W108/><G108/><T126/><D126/><U58/><E4/><V114/><F26/><W93/><REACH who="3" step="1"/><G35/><REACH who="3" ten="12,498,316,164" step="2"/><T52/><D67/><U47/><E66/><V16/><F68/><W28/><G28/><T84/><D84/><U71/><E87/><V11/><F31/><W134/><G134/><T77/><D77/><U38/><E71/><V95/><F113/><W32/><G32/><T43/><D43/><U105/><E131/><V48/><F114/><W56/><AGARI ba="2,1" hai="1,2,3,12,13,21,24,30,50,53,56,86,91,93" machi="56" ten="30,3000,0" yaku="1,1,0,1,53,0" doraHai="117" doraHaiUra="103" who="3" fromWho="3" sc="12,-12,498,-12,316,-12,164,46" /><INIT seed="3,3,0,1,2,127" ten="0,486,304,210" oya="3" hai0="66,3,49,123,132,124,13,1,68,39,48,112,92" hai1="44,60,43,10,91,36,46,84,65,110,109,98,122" hai2="119,26,95,102,24,120,28,37,93,99,38,111,57" hai3="106,79,41,15,115,32,74,107,133,62,113,67,7"/><W121/><G32/><T50/><D39/><U9/><E46/><V82/><F119/><W129/><G121/><T72/><D123/><U58/><E98/><V47/><F120/><W56/><G41/><T55/><D124/><U96/><E96/><V29/><F111/><N who="1" m="42505" /><E122/><V83/><F93/><AGARI ba="3,0" hai="9,10,36,43,44,58,60,65,84,91,93" m="42505" machi="93" ten="30,1000,0" yaku="14,1" doraHai="127" who="1" fromWho="2" sc="0,0,486,19,304,-19,210,0" owari="0,-50.0,505,60.0,285,9.0,210,-19.0" /></mjloggm>