<mjloggm ver="2.3"><GO type="41" lobby="0"/><UN n0="%44%43%5F%41%41%41%41%41" n1="%E3%82%B9%E3%83%AA%E3%83%B4%E3%82%A1" n2="%E5%B0%B1%E6%B4%BB%E7%94%9F%40%E5%B7%9D%E6%9D%91%E8%BB%8D%E5%9B%A3" n3="%62%61%62%75%73%75%72%61" dan="13,13,15,15" rate="1843.81,1868.67,1944.58,2021.95" sx="M,M,M,M"/><TAIKYOKU oya="0"/><INIT seed="0,0,0,3,1,37" ten="250,250,250,250" oya="0" hai0="18,53,123,85,133,114,134,71,31,81,131,1,2" hai1="34,43,76,79,66,28,78,117,105,15,103,82,120" hai2="46,49,101,73,127,0,9,77,94,91,126,90,27" hai3="65,64,69,67,60,86,100,129,83,121,19,99,32"/><T41/><D71/><U52/><E117/><V108/><F73/><W106/><G129/><T107/><D107/><U44/><E120/><V26/><F77/><W95/><G121/><T97/><D97/><U58/><E66/><V25/><F108/><W115/><G115/><T23/><D123/><U59/><E59/><V38/><F38/><W13/><G32/><T7/><D31/><U61/><E103/><V96/><F9/><W33/><G33/><T109/><D114/><U87/><E105/><V47/><F47/><W35/><G35/><T12/><D109/><U89/><E15/><V118/><F118/><W75/><G75/><T3/><D131/><U132/><E132/><N who="0" m="50793" /><D53/><U11/><E34/><V14/><F14/><W112/><G106/><T104/><D104/><U74/><E28/><V57/><F57/><W20/><REACH who="3" step="1"/><G112/><REACH who="3" ten="250,250,250,240" step="2"/><T116/><D116/><U39/><REACH who="1" step="1"/><E11/><REACH who="1" ten="250,240,250,240" step="2"/><V36/><F127/><W113/><G113/><T45/><D3/><U92/><AGARI ba="0,2" hai="39,43,44,52,58,61,74,76,78,79,82,87,89,92" machi="92" ten="20,12000,2" yaku="1,1,2,1,0,1,7,1,52,1,54,1,53,0" doraHai="37" doraHaiUra="4" who="1" fromWho="1" sc="250,-60,240,140,250,-30,240,-30" /><INIT seed="1,0,0,1,4,26" ten="190,380,220,210" oya="1" hai0="91,49,112,39,86,124,108,35,45,95,51,101,33" hai1="130,53,85,131,118,123,63,1,30,54,0,128,25" hai2="59,9,109,66,4,67,69,8,64,79,40,16,132" hai3="29,133,12,115,43,41,106,68,17,70,19,34,117"/><U116/><E123/><V127/><F69/><W102/><G115/><T77/><D112/><U83/><E63/><V11/><F109/><W52/><G133/><T75/><D108/><U42/><E42/><V58/><F132/><W74/><G74/><T73/><D124/><U97/><E97/><V7/><F127/><W119/><G102/><T5/><D39/><U135/><E135/><V89/><F79/><W18/><G106/><T81/><D5/><N who="2" m="2122" /><F40/><N who="3" m="15435" /><G12/><T3/><D3/><N who="1" m="1099" /><E53/><V98/><F16/><W23/><G23/><T44/><D73/><U13/><E13/><V114/><F114/><W20/><G20/><T104/><D45/><U103/><E54/><V36/><F36/><W110/><G52/><N who="0" m="29735" /><D51/><U32/><E103/><V50/><F50/><W80/><G80/><T107/><D107/><U90/><AGARI ba="0,0" hai="25,30,32,83,85,90,116,118,128,130,131" m="1099" machi="90" ten="40,3900,0" yaku="19,1,52,1" doraHai="26" who="1" fromWho="1" sc="190,-13,380,39,220,-13,210,-13" /><INIT seed="1,1,0,2,2,82" ten="177,419,207,197" oya="1" hai0="66,63,102,68,94,17,6,117,54,44,123,96,73" hai1="84,105,83,65,108,34,56,58,120,23,2,32,130" hai2="43,132,81,0,12,76,28,3,100,101,20,78,1" hai3="127,39,42,95,99,61,131,10,41,22,91,89,46"/><U25/><E120/><V125/><F132/><W9/><G127/><T13/><D123/><U37/><E37/><V118/><F118/><W74/><G41/><T121/><D121/><U33/><E105/><V52/><F125/><W72/><G131/><T55/><D117/><U51/><E2/><V27/><F43/><W122/><G122/><T45/><D73/><U60/><E130/><V59/><F12/><W135/><G135/><T93/><D6/><U26/><E108/><V107/><F107/><W119/><G119/><T92/><D45/><U14/><E14/><V70/><F70/><W87/><G61/><T109/><D109/><U48/><E56/><V114/><F114/><W97/><G97/><T40/><D55/><U77/><REACH who="1" step="1"/><E26/><REACH who="1" ten="177,409,207,197" step="2"/><V133/><F133/><W104/><G104/><T53/><D96/><U50/><E50/><V35/><F35/><W7/><G99/><T90/><D102/><U128/><E128/><V49/><REACH who="2" step="1"/><F78/><REACH who="2" ten="177,409,197,197" step="2"/><W31/><G39/><T8/><REACH who="0" step="1"/><D90/><REACH who="0" ten="167,409,197,197" step="2"/><U113/><E113/><V15/><F15/><W67/><G91/><T98/><D98/><U80/><E80/><V18/><F18/><AGARI ba="1,3" hai="18,23,25,32,33,34,48,51,58,60,65,77,83,84" machi="18" ten="40,7700,0" yaku="1,1,52,1,53,1" doraHai="82" doraHaiUra="79" who="1" fromWho="2" sc="167,0,409,110,197,-80,197,0" /><INIT seed="1,2,0,1,5,91" ten="167,519,117,197" oya="1" hai0="90,67,121,60,63,50,58,78,24,39,20,8,12" hai1="36,52,65,56,29,18,97,64,73,5,129,26,103" hai2="7,11,23,81,43,74,87,100,116,120,32,13,16" hai3="68,125,34,53,55,66,59,14,126,88,72,54,47"/><U102/><E73/><V76/><F32/><W89/><G34/><T3/><D39/><U133/><E36/><V28/><F120/><W118/><G72/><T57/><D121/><U4/><E129/><V94/><F116/><W122/><G122/><T0/><D78/><U96/><E18/><V84/><F28/><W79/><G79/><T105/><D50/><U2/><E133/><V80/><F43/><W101/><G101/><T117/><D117/><U127/><E127/><N who="3" m="48650" /><G68/><T131/><D131/><U111/><E111/><V114/><F114/><W19/><G47/><T44/><D44/><U38/><E38/><V104/><F104/><W70/><G70/><T83/><D105/><U115/><E115/><V112/><F112/><W124/><G124/><T98/><D60/><U27/><E29/><V82/><F74/><W6/><G6/><T108/><D58/><U107/><E56/><V130/><F130/><W25/><G25/><T132/><D24/><U135/><E4/><V37/><F37/><W128/><G128/><T35/><D35/><U93/><E5/><V61/><F61/><N who="3" m="38207" /><G118/><T42/><D42/><U106/><E103/><V9/><F7/><W92/><G92/><T86/><D63/><U134/><E102/><V15/><F15/><W10/><AGARI ba="2,0" hai="10,14,19,53,54,55,88,89" m="38207,48650" machi="10" ten="30,2000,0" yaku="18,1,54,1" doraHai="91" who="3" fromWho="3" sc="167,-7,519,-12,117,-7,197,26" /><INIT seed="2,0,0,0,4,125" ten="160,507,110,223" oya="2" hai0="45,123,25,15,37,78,99,69,111,11,115,40,77" hai1="98,57,0,36,81,95,33,68,55,64,60,84,56" hai2="79,59,14,42,107,94,76,49,41,35,128,47,74" hai3="124,29,39,131,8,26,16,13,67,80,117,23,34"/><V120/><F107/><W110/><G117/><T43/><D115/><U87/><E36/><V62/><F120/><W122/><G39/><T7/><D123/><U104/><E104/><V51/><F128/><W61/><G122/><T28/><D43/><U1/><E33/><V116/><F35/><W86/><G124/><T105/><D111/><U121/><E121/><V12/><F116/><W53/><G53/><T100/><REACH who="0" step="1"/><D69/><REACH who="0" ten="150,507,110,223" step="2"/><U134/><E68/><V130/><F130/><W32/><G131/><T90/><D90/><U113/><E113/><V30/><F30/><W9/><G110/><T93/><D93/><U27/><E95/><V70/><F70/><W17/><G34/><AGARI ba="0,1" hai="7,11,15,25,28,34,37,40,45,77,78,99,100,105" machi="34" ten="30,2000,0" yaku="1,1,7,1,53,0" doraHai="125" doraHaiUra="127" who="0" fromWho="3" sc="150,30,507,0,110,0,223,-20" /><INIT seed="3,0,0,1,0,102" ten="180,507,110,203" oya="3" hai0="58,87,13,97,51,35,55,116,40,120,132,127,46" hai1="90,6,11,95,43,91,105,134,124,8,1,45,125" hai2="12,67,76,3,2,28,50,108,57,44,56,29,33" hai3="73,38,82,52,20,111,59,84,62,16,21,71,41"/><W83/><G73/><T126/><D120/><U54/><E134/><V115/><F108/><W26/><G71/><T18/><D116/><U110/><E110/><V122/><F115/><W104/><G104/><T7/><D132/><U74/><E74/><V93/><F122/><W119/><G119/><T89/><D7/><U85/><E105/><V121/><F121/><W37/><G111/><T49/><D35/><U135/><E135/><V123/><F123/><W106/><G106/><T15/><D97/><U77/><E77/><V66/><F76/><W99/><G99/><T133/><D133/><U23/><E11/><V118/><F118/><W10/><G10/><T101/><D101/><U81/><E54/><V42/><F33/><W31/><G41/><T9/><REACH who="0" step="1"/><D13/><REACH who="0" ten="170,507,110,203" step="2"/><U5/><E5/><V78/><F3/><W79/><G83/><AGARI ba="0,1" hai="9,15,18,40,46,49,51,55,58,83,87,89,126,127" machi="83" ten="40,2600,0" yaku="1,1,2,1,53,0" doraHai="102" doraHaiUra="92" who="0" fromWho="3" sc="170,36,507,0,110,0,203,-26" /><INIT seed="4,0,0,0,3,44" ten="206,507,110,177" oya="0" hai0="89,23,103,10,86,43,53,67,88,116,105,74,70" hai1="90,87,34,36,8,83,76,77,73,92,41,14,19" hai2="55,28,111,13,120,68,134,9,65,82,69,22,52" hai3="113,81,80,128,18,99,56,64,16,131,4,48,31"/><T51/><D116/><U101/><E34/><V75/><F111/><W123/><G113/><T45/><D74/><U98/><E73/><V102/><F120/><W118/><G118/><T85/><D105/><U58/><E36/><V21/><F134/><W124/><G124/><T66/><D103/><U63/><E41/><V110/><F110/><W37/><G37/><T109/><D109/><U104/><E104/><V6/><F102/><W59/><G31/><T32/><D32/><U30/><E30/><V62/><F69/><W38/><G38/><T84/><D43/><U121/><E121/><V106/><F106/><W50/><G4/><T96/><D10/><U11/><E11/><V114/><F114/><W127/><G99/><T125/><D125/><U119/><E119/><V3/><F22/><W33/><G33/><T54/><D54/><AGARI ba="0,0" hai="8,14,19,54,58,63,76,77,83,87,90,92,98,101" machi="54" ten="30,2000,0" yaku="7,1,8,1" doraHai="44" who="1" fromWho="0" sc="206,-20,507,20,110,0,177,0" /><INIT seed="5,0,0,1,0,112" ten="186,527,110,177" oya="1" hai0="31,61,67,42,36,28,80,21,130,5,133,95,62" hai1="57,48,74,32,91,76,8,1,51,50,2,30,85" hai2="25,134,60,54,63,14,101,104,78,135,97,40,71" hai3="53,65,34,115,33,127,7,38,43,19,118,129,110"/><U6/><E1/><V23/><F78/><W119/><G110/><T111/><D111/><U82/><E30/><V24/><F40/><W70/><G115/><T66/><D130/><U93/><REACH who="1" step="1"/><E32/><REACH who="1" ten="186,517,110,177" step="2"/><V22/><F134/><W89/><G129/><T124/><D133/><U128/><E128/><V55/><F135/><W88/><G34/><T56/><D28/><U41/><E41/><V12/><F71/><W126/><G33/><T94/><D42/><U15/><E15/><V77/><F14/><W46/><G70/><T125/><D31/><U73/><E73/><V113/><F12/><W103/><G127/><T87/><D125/><U18/><E18/><V84/><F113/><W20/><G126/><T96/><D124/><U100/><E100/><V102/><F24/><W106/><G103/><T17/><D17/><U37/><E37/><V117/><F102/><W120/><G19/><T109/><D36/><U52/><AGARI ba="0,1" hai="2,6,8,48,50,51,52,57,74,76,82,85,91,93" machi="52" ten="30,6000,0" yaku="1,1,0,1,54,1,53,0" doraHai="112" doraHaiUra="92" who="1" fromWho="1" sc="186,-20,517,70,110,-20,177,-20" /><INIT seed="5,1,0,0,2,91" ten="166,587,90,157" oya="1" hai0="65,36,125,56,51,8,38,66,132,127,94,74,22" hai1="54,35,129,60,69,16,50,133,75,87,100,24,46" hai2="29,68,89,124,67,80,92,108,112,2,39,106,40" hai3="84,27,118,42,25,7,59,101,15,64,96,47,63"/><U123/><E75/><V6/><F106/><W53/><G118/><T131/><D74/><U111/><E100/><V3/><F112/><W78/><G64/><N who="0" m="24683" /><D8/><U79/><E60/><V86/><F108/><W61/><G61/><T97/><D22/><U23/><E35/><V113/><F124/><N who="0" m="47690" /><D132/><U11/><E69/><V10/><F113/><W114/><G114/><T20/><D20/><U117/><E23/><V102/><F29/><W26/><G15/><T77/><D77/><U120/><E24/><V109/><F109/><W14/><G14/><T21/><D21/><U9/><E9/><V93/><F3/><W103/><G7/><T58/><D131/><U81/><E11/><V116/><F102/><W62/><G62/><T1/><D1/><U32/><E32/><V33/><F33/><W119/><G119/><T49/><D94/><U121/><E16/><V128/><F128/><W135/><G96/><T88/><D88/><U12/><E12/><V70/><F116/><W134/><G135/><T19/><D19/><U4/><E4/><V17/><F17/><W55/><G134/><T43/><D97/><U13/><E13/><V18/><F18/><W90/><G78/><T126/><N who="0" m="47698" /><T52/><DORA hai="99" /><D43/><U45/><E133/><V107/><F107/><W0/><G0/><T30/><D30/><U85/><E117/><V122/><F122/><W5/><G5/><T37/><D52/><U48/><E54/><V110/><F110/><W73/><G73/><T104/><D104/><U57/><E120/><V130/><F130/><W76/><G76/><T28/><D28/><RYUUKYOKU ba="1,0" sc="166,30,587,-10,90,-10,157,-10" hai0="36,37,38,49,51,56,58" /><INIT seed="6,2,0,0,1,114" ten="196,577,80,147" oya="2" hai0="27,50,132,109,60,44,61,79,12,91,94,41,7" hai1="76,63,54,68,119,75,5,23,108,46,123,96,121" hai2="37,39,78,104,10,125,19,0,131,103,74,28,118" hai3="80,133,128,73,93,105,130,127,17,129,3,101,116"/><V32/><F19/><W30/><G3/><T9/><D109/><U14/><E119/><V124/><F131/><W59/><G30/><T92/><D132/><U120/><E108/><V4/><F118/><W86/><G133/><T25/><D79/><U111/><E111/><V77/><F77/><N who="3" m="44079" /><G59/><T62/><D94/><U113/><E113/><V57/><F57/><W81/><G17/><T66/><D66/><U35/><E35/><V51/><F51/><W48/><G48/><T53/><D41/><U2/><E2/><V87/><F87/><AGARI ba="2,0" hai="7,9,12,25,27,44,50,53,60,61,62,87,91,92" machi="87" ten="40,1300,0" yaku="8,1" doraHai="114" who="0" fromWho="2" sc="196,19,577,0,80,-19,147,0" /><INIT seed="7,0,0,1,2,93" ten="215,577,61,147" oya="3" hai0="6,109,124,44,116,81,97,35,27,79,76,24,30" hai1="110,69,133,131,2,52,23,70,48,60,4,128,104" hai2="98,63,58,75,10,77,108,72,57,102,0,37,16" hai3="121,8,54,47,80,50,17,11,127,96,90,71,26"/><W100/><G121/><T107/><D116/><U51/><E110/><V9/><F37/><W91/><G71/><T88/><D109/><U46/><E133/><V111/><F108/><W65/><G65/><T101/><D124/><U32/><E32/><V20/><F111/><W36/><G36/><T113/><D113/><U13/><E2/><V53/><F57/><W67/><G67/><T33/><D6/><U99/><E60/><V64/><F64/><W125/><G8/><T78/><D44/><U83/><E83/><V56/><F56/><W85/><G91/><T120/><D120/><U130/><E51/><V15/><F9/><W38/><G38/><T68/><D68/><U106/><E106/><V25/><F0/><W5/><G5/><T62/><D62/><U34/><E34/><V3/><F77/><W55/><G55/><T115/><D115/><U61/><E61/><V45/><F45/><W59/><G59/><T1/><D1/><U29/><E4/><V89/><F89/><W21/><REACH who="3" step="1"/><G11/><REACH who="3" ten="215,577,61,137" step="2"/><T82/><D88/><U40/><E69/><V132/><F3/><W112/><G112/><T94/><D107/><AGARI ba="0,1" hai="17,21,26,47,50,54,80,85,90,96,100,107,125,127" machi="107" ten="40,3900,0" yaku="1,1,52,1,53,0" doraHai="93" doraHaiUra="122" who="3" fromWho="0" sc="215,-39,577,0,61,0,137,49" /><INIT seed="7,1,0,4,1,126" ten="176,577,61,186" oya="3" hai0="36,121,87,107,105,44,38,130,135,3,16,9,73" hai1="53,129,108,37,29,76,58,99,127,81,2,31,71" hai2="11,77,5,95,97,20,134,7,120,21,64,119,24" hai3="57,12,88,103,34,116,70,94,122,56,62,65,133"/><W114/><G116/><T96/><D121/><U40/><E71/><V79/><F119/><W83/><G122/><T0/><D87/><U63/><E2/><N who="0" m="553" /><D16/><U6/><E6/><V93/><F120/><W110/><G34/><T15/><D15/><U84/><E127/><V128/><F134/><W49/><G133/><T91/><D9/><U19/><E108/><V60/><F11/><W32/><G32/><T27/><D91/><U66/><E99/><V1/><F1/><W100/><G110/><T48/><D27/><U131/><E37/><N who="0" m="14441" /><D48/><U17/><E17/><V117/><F97/><N who="3" m="57543" /><G70/><T72/><D44/><U30/><E19/><V92/><F117/><W39/><G39/><T43/><D43/><U75/><E40/><V112/><F112/><W90/><G12/><T104/><D135/><U113/><E66/><V89/><F89/><W42/><G114/><T67/><D67/><U10/><E10/><V61/><F92/><W59/><G59/><T125/><D125/><U33/><E113/><V78/><F78/><W13/><G13/><T14/><D14/><U50/><E33/><V69/><F64/><W23/><G23/><T85/><D85/><U45/><E75/><N who="0" m="28745" /><D96/><U28/><E28/><V124/><F124/><W118/><G118/><T68/><D130/><U52/><AGARI ba="1,0" hai="29,30,31,45,50,52,53,58,63,76,81,84,129,131" machi="52" ten="30,7900,0" yaku="0,1,52,2,54,1" doraHai="126" who="1" fromWho="1" sc="176,-21,577,82,61,-21,186,-40" owari="155,-4.0,659,75.0,40,-46.0,146,-25.0" /></mjloggm>