<mjloggm ver="2.3"><GO type="41" lobby="0"/><UN n0="%53%68%6F%63%6B%65%72" n1="%66%75%6A%31%79%75%72%31" n2="%E3%82%AB%E3%83%8A%E3%83%85%E3%83%81%E3%83%9A%E3%83%B3%E3%82%AE%E3%83%B3" n3="%E3%82%A6%E3%83%AB%E3%83%88%E3%83%A9%E7%AB%8B%E7%9B%B4" dan="14,13,13,16" rate="1987.75,2016.46,1854.51,2172.78" sx="M,F,M,M"/><TAIKYOKU oya="0"/><INIT seed="0,0,0,4,5,81" ten="250,250,250,250" oya="0" hai0="88,129,104,117,45,84,65,33,77,125,56,114,113" hai1="0,7,59,78,90,80,72,26,122,134,66,53,38" hai2="23,75,13,60,109,135,99,91,97,61,40,19,22" hai3="128,14,37,24,55,102,27,70,68,30,107,132,11"/><T49/><D104/><U36/><E122/><V119/><F75/><W116/><G116/><T130/><D117/><U64/><E0/><V103/><F109/><W54/><G128/><N who="0" m="49259" /><D33/><U111/><E7/><V50/><F135/><W110/><G132/><T46/><D77/><U82/><E111/><V96/><F23/><W86/><G110/><T95/><D125/><U133/><E38/><V127/><F127/><W131/><G37/><T16/><D65/><U1/><E36/><V20/><F20/><W105/><G131/><T69/><D69/><U28/><E1/><V44/><F119/><W2/><G2/><T100/><D100/><U85/><E134/><V6/><F6/><W115/><G115/><N who="0" m="44043" /><D56/><U123/><E123/><V10/><F103/><W51/><G102/><T17/><D46/><U18/><E18/><V5/><REACH who="2" step="1"/><F91/><REACH who="2" ten="250,250,240,250" step="2"/><W101/><G101/><T41/><AGARI ba="0,1" hai="16,17,41,45,49,84,88,95" m="44043,49259" machi="41" ten="30,11700,0" yaku="19,1,52,1,54,2" doraHai="81" who="0" fromWho="0" sc="250,127,250,-39,240,-39,250,-39" /><INIT seed="0,1,0,2,2,36" ten="377,211,201,211" oya="0" hai0="100,9,61,92,82,55,98,13,39,106,12,95,14" hai1="38,11,67,101,15,63,25,42,80,43,40,91,123" hai2="41,107,4,124,35,34,127,1,131,81,20,8,57" hai3="110,5,37,54,86,3,103,22,68,108,64,76,47"/><T105/><D39/><U79/><E123/><V120/><F107/><W52/><G103/><T116/><D116/><U31/><E38/><V58/><F120/><W134/><G134/><T53/><D106/><U130/><E101/><V97/><F97/><W128/><G128/><T121/><D121/><U44/><E130/><V115/><F81/><W17/><G5/><T28/><D28/><U56/><E44/><V118/><F20/><W119/><G3/><T104/><D104/><U71/><E71/><V72/><F72/><W117/><G64/><T90/><D9/><U126/><E126/><N who="2" m="48171" /><F115/><W24/><G68/><T111/><D111/><N who="3" m="42537" /><G119/><T96/><D105/><U60/><E60/><V73/><F73/><W33/><G33/><N who="2" m="12297" /><F131/><W132/><G132/><T114/><D114/><U16/><E91/><V89/><F89/><W26/><G26/><T69/><D82/><U122/><E122/><V70/><F70/><W77/><G117/><T48/><D61/><U65/><E65/><V2/><F2/><W66/><G66/><T29/><D69/><U99/><E99/><V49/><F118/><W135/><G135/><T94/><D29/><U125/><E125/><V93/><F93/><W129/><G129/><T19/><D95/><U18/><E18/><V6/><F6/><W85/><G77/><T21/><D55/><N who="3" m="21033" /><G76/><T0/><D0/><U62/><E62/><V32/><F32/><W112/><G112/><T23/><D19/><U74/><E40/><AGARI ba="1,0" hai="17,22,24,37,40,47,85,86" m="21033,42537" machi="40" ten="30,3900,0" yaku="14,1,52,1,54,1" doraHai="36" who="3" fromWho="1" sc="377,0,211,-42,201,0,211,42" /><INIT seed="1,0,0,4,0,114" ten="377,169,201,253" oya="1" hai0="103,73,102,131,61,38,76,63,116,100,52,0,36" hai1="124,111,22,126,29,122,128,94,86,90,35,110,75" hai2="26,56,89,118,31,27,70,43,54,10,41,44,8" hai3="9,1,30,20,121,45,97,79,53,77,25,49,99"/><U33/><E122/><V85/><F70/><W91/><G121/><T13/><D0/><U78/><E22/><V69/><F69/><W66/><G66/><T7/><D38/><U14/><E14/><V88/><F118/><W106/><G106/><T130/><D36/><U108/><E29/><V17/><F17/><W48/><G1/><T5/><D76/><N who="3" m="29257" /><G9/><T135/><D73/><U15/><E15/><V47/><F31/><W19/><G19/><T21/><D135/><U125/><E128/><N who="0" m="49193" /><D21/><U133/><E133/><V23/><F23/><W115/><G115/><T24/><D24/><U60/><E60/><N who="0" m="23113" /><D13/><U92/><E92/><N who="2" m="54287" /><F89/><W98/><G49/><T12/><D12/><U50/><REACH who="1" step="1"/><E50/><REACH who="1" ten="377,159,201,253" step="2"/><V59/><F10/><W129/><G129/><T107/><D107/><U55/><E55/><V74/><F8/><W82/><G82/><AGARI ba="0,1" hai="33,35,75,78,82,86,90,94,108,110,111,124,125,126" machi="82" ten="50,12000,1" yaku="1,1,14,1,10,1,18,1,53,0" doraHai="114" doraHaiUra="32" who="1" fromWho="3" sc="377,0,159,130,201,0,253,-120" /><INIT seed="1,1,0,5,3,14" ten="377,289,201,133" oya="1" hai0="114,132,99,115,17,19,79,26,37,59,73,123,51" hai1="105,48,109,90,120,32,106,70,82,1,31,83,7" hai2="47,76,33,93,72,104,22,63,29,98,95,8,28" hai3="52,49,30,60,87,69,34,85,88,117,56,129,61"/><U71/><E120/><V101/><F33/><W86/><G129/><T77/><D123/><U75/><E1/><V45/><F8/><W42/><G117/><T84/><D73/><U130/><E7/><V25/><F29/><W24/><G42/><T18/><D37/><U68/><E31/><V10/><F10/><W16/><G69/><T50/><D132/><U55/><E32/><V111/><F111/><W118/><G118/><T119/><D119/><U66/><E66/><V80/><F93/><W5/><G5/><T21/><D114/><U102/><E130/><V92/><F92/><W9/><REACH who="3" step="1"/><G88/><REACH who="3" ten="377,289,201,123" step="2"/><T62/><D115/><U57/><E90/><V133/><F133/><W124/><G124/><T11/><D11/><U36/><E71/><V89/><REACH who="2" step="1"/><F63/><REACH who="2" ten="377,289,191,123" step="2"/><W128/><G128/><T35/><D35/><U94/><E109/><V2/><F2/><W103/><G103/><T113/><D113/><U116/><E102/><V65/><F65/><W135/><G135/><T74/><D62/><U112/><E116/><V40/><F40/><W81/><G81/><T12/><D74/><U100/><E83/><V107/><F107/><W41/><G41/><T91/><D91/><U110/><E112/><V58/><F58/><W67/><G67/><T97/><D59/><U134/><E110/><V13/><F13/><AGARI ba="1,2" hai="9,13,16,24,30,34,49,52,56,60,61,85,86,87" machi="13" ten="40,8000,1" yaku="1,1,52,1,54,2,53,1" doraHai="14" doraHaiUra="27" who="3" fromWho="2" sc="377,0,289,0,191,-83,123,103" /><INIT seed="2,0,0,3,1,89" ten="377,289,108,226" oya="2" hai0="80,0,106,46,27,23,9,91,55,6,121,37,13" hai1="35,36,112,52,75,66,103,83,92,134,63,33,99" hai2="109,67,18,72,43,4,21,41,84,118,126,129,31" hai3="79,70,68,100,135,15,39,133,108,96,8,51,50"/><V11/><F118/><W104/><G39/><T2/><D121/><U114/><E36/><V19/><F72/><W22/><G22/><T47/><D106/><U93/><E35/><V101/><F101/><W105/><G79/><T98/><D46/><U95/><E33/><V45/><F126/><W111/><G105/><T107/><D107/><N who="1" m="63999" /><E52/><V42/><F45/><W61/><G51/><T120/><D120/><U113/><E63/><V10/><F129/><W116/><G50/><T40/><D55/><U3/><E66/><V25/><F109/><N who="3" m="42059" /><G116/><T90/><D91/><U14/><E14/><N who="2" m="5447" /><F67/><N who="3" m="41071" /><G70/><T85/><D98/><U74/><E3/><V122/><F122/><W81/><G81/><T123/><D123/><U110/><E110/><V71/><F71/><W20/><G20/><T119/><D119/><U24/><E24/><V49/><F49/><W97/><G97/><T65/><D65/><U54/><E54/><V48/><F48/><W59/><G59/><T86/><D86/><U78/><E134/><V87/><F11/><W32/><G32/><T117/><D117/><U64/><E64/><V26/><F19/><AGARI ba="0,0" hai="8,15,19,96,100,104,133,135" m="41071,42059" machi="19" ten="30,1000,0" yaku="14,1" doraHai="89" who="3" fromWho="2" sc="377,0,289,0,108,-10,226,10" /><AGARI ba="0,0" hai="0,2,6,9,13,19,23,27,37,40,47,80,85,90" machi="19" ten="30,1000,0" yaku="7,1" doraHai="89" who="0" fromWho="2" sc="377,10,289,0,98,-10,236,0" /><INIT seed="3,0,0,4,1,7" ten="387,289,88,236" oya="3" hai0="15,11,45,134,65,130,89,73,19,17,75,128,4" hai1="133,127,71,82,105,47,8,91,86,125,58,13,12" hai2="84,33,42,93,113,6,18,70,52,38,28,112,103" hai3="101,123,66,62,44,69,35,29,119,110,40,48,0"/><W53/><G123/><T10/><D65/><U22/><E105/><V117/><F117/><W57/><G119/><T115/><D45/><U107/><E107/><V116/><F116/><W102/><G0/><T122/><D122/><U129/><E71/><V68/><F38/><W85/><G110/><T55/><D55/><U43/><E129/><N who="0" m="49769" /><D134/><U77/><E133/><V109/><F42/><W106/><G106/><T34/><D34/><U1/><E58/><V120/><F109/><W83/><G29/><T32/><D32/><U80/><E22/><V24/><F120/><W30/><G30/><T14/><D115/><U2/><E13/><V92/><F92/><W90/><REACH who="3" step="1"/><G35/><REACH who="3" ten="387,289,88,226" step="2"/><T46/><D46/><U88/><E2/><V61/><F112/><W108/><G108/><T96/><D4/><N who="1" m="3079" /><E1/><V100/><F113/><W54/><G54/><T114/><D114/><U111/><E111/><V135/><F6/><W118/><G118/><T9/><D14/><U94/><E47/><V59/><F135/><W50/><AGARI ba="0,1" hai="40,44,48,50,53,57,62,66,69,83,85,90,101,102" machi="50" ten="20,7800,0" yaku="1,1,0,1,7,1,53,1" doraHai="7" doraHaiUra="63" who="3" fromWho="3" sc="387,-26,289,-26,88,-26,226,88" /><INIT seed="3,1,0,3,5,90" ten="361,263,62,314" oya="3" hai0="116,81,49,6,35,46,50,89,22,28,68,59,91" hai1="65,9,106,34,36,20,42,96,118,72,32,61,128" hai2="0,78,44,31,107,129,87,4,95,130,76,125,63" hai3="23,83,131,53,98,57,97,21,112,119,40,13,84"/><W51/><G119/><T2/><D116/><U88/><E118/><V93/><F63/><W85/><G112/><T10/><D68/><U41/><E72/><V113/><F31/><W17/><G131/><N who="2" m="50185" /><F0/><W135/><G135/><T108/><D35/><U11/><E128/><V52/><F4/><W33/><G33/><T117/><D117/><U114/><E114/><V45/><F113/><W120/><G120/><T73/><D108/><U110/><E110/><V105/><F125/><W60/><G23/><T115/><D115/><U47/><E41/><V26/><F26/><W27/><G13/><T55/><D73/><U12/><E11/><V18/><F18/><W124/><G124/><T101/><D101/><U37/><E106/><N who="2" m="40459" /><F52/><W133/><G133/><T62/><D50/><U48/><E37/><V16/><F16/><W92/><G40/><T70/><D70/><U69/><E20/><V102/><F102/><W66/><G51/><T75/><D22/><U29/><E29/><V77/><F87/><W8/><G8/><T104/><D28/><U86/><E96/><V109/><F109/><W82/><G98/><T3/><D2/><U30/><E30/><V127/><F127/><W99/><G99/><T58/><D58/><U94/><REACH who="1" step="1"/><E48/><REACH who="1" ten="361,253,62,314" step="2"/><V1/><F1/><W80/><G85/><T39/><D39/><U56/><E56/><V71/><F71/><W126/><G84/><T121/><D49/><U111/><E111/><V5/><F5/><AGARI ba="1,1" hai="5,9,12,32,34,36,42,47,61,65,69,86,88,94" machi="5" ten="30,7700,0" yaku="1,1,7,1,52,1,54,1,53,0" doraHai="90" doraHaiUra="134" who="1" fromWho="2" sc="361,0,253,90,62,-80,314,0" owari="361,47.0,343,14.0,-18,-52.0,314,-9.0" /></mjloggm>