<mjloggm ver="2.3"><GO type="97" lobby="0"/><UN n0="%35%31%38%30%36%35" n1="%E3%83%A0%E3%83%8A%E3%83%B3%E3%82%B0" n2="%E3%83%88%E3%83%88%E3%83%AA%E5%85%88%E7%94%9F%31%39%E6%AD%B3" n3="%E9%9B%A8%E3%81%AE%E7%B3%B8" dan="14,14,15,14" rate="1938.86,1928.46,2049.41,1901.56" sx="M,M,F,F"/><TAIKYOKU oya="0"/><INIT seed="0,0,0,4,0,71" ten="250,250,250,250" oya="0" hai0="61,19,75,76,127,90,108,1,32,113,107,72,117" hai1="3,83,112,94,103,54,36,37,59,67,7,95,65" hai2="104,119,26,31,53,45,33,9,15,49,66,99,57" hai3="128,55,50,11,43,124,47,77,101,64,131,21,73"/><T58/><D113/><U8/><E112/><V70/><F119/><W129/><G101/><T105/><D117/><U134/><E134/><V120/><F120/><W133/><G133/><T63/><D1/><U6/><E103/><N who="2" m="62591" /><F15/><W78/><G64/><T102/><D32/><U114/><E114/><V85/><F85/><W25/><G11/><T10/><D127/><U35/><E35/><V22/><F22/><W56/><G124/><T111/><D90/><U86/><E7/><V74/><F9/><W48/><REACH who="3" step="1"/><G73/><REACH who="3" ten="250,250,250,240" step="2"/><T44/><D75/><U62/><E67/><V4/><F74/><W24/><G24/><T121/><D102/><U82/><E65/><V68/><F68/><W84/><G84/><T5/><D107/><U40/><E82/><V0/><F0/><W92/><G92/><T125/><D105/><U91/><E95/><V79/><F70/><W42/><G42/><T132/><D125/><U30/><E40/><V118/><F118/><W27/><G27/><T28/><D132/><U115/><E115/><V18/><F66/><W135/><G135/><T80/><D121/><U69/><E69/><V106/><F106/><W34/><G34/><T100/><D100/><U51/><E94/><V98/><F26/><W88/><G88/><T130/><D28/><AGARI ba="0,1" hai="21,25,28,43,47,48,50,55,56,77,78,128,129,131" machi="28" ten="40,5200,0" yaku="1,1,19,1,53,1" doraHai="71" doraHaiUra="16" who="3" fromWho="0" sc="250,-52,250,0,250,0,240,62" /><INIT seed="1,0,0,2,1,86" ten="198,250,250,302" oya="1" hai0="114,91,72,102,3,120,82,4,67,18,109,28,98" hai1="45,23,83,124,131,89,44,1,69,24,119,101,7" hai2="37,60,13,12,123,41,92,118,65,70,62,33,126" hai3="2,80,26,125,134,108,8,71,31,78,25,10,16"/><U103/><E131/><V112/><F118/><W17/><G71/><T49/><D114/><U84/><E69/><V128/><F123/><W115/><G78/><T88/><D120/><U113/><E124/><V79/><F33/><N who="3" m="20727" /><G80/><T117/><D117/><U48/><E119/><V97/><F128/><W29/><G115/><T27/><D109/><U53/><E7/><V111/><F112/><W95/><G95/><T5/><D67/><U64/><E1/><V135/><F111/><W104/><G104/><T132/><D132/><U6/><E64/><V43/><F135/><W46/><G46/><T14/><D3/><U74/><E74/><V90/><F126/><W47/><G47/><T130/><D130/><U19/><E6/><V32/><F32/><N who="3" m="20527" /><G125/><T99/><D72/><U100/><E113/><V66/><F79/><W93/><G93/><N who="0" m="58703" /><D82/><U96/><E45/><V36/><F41/><W127/><G127/><T20/><D99/><AGARI ba="0,0" hai="19,23,24,44,48,53,83,84,89,96,99,100,101,103" machi="99" ten="40,3900,0" yaku="8,1,52,1" doraHai="86" who="1" fromWho="0" sc="198,-39,250,39,250,0,302,0" /><INIT seed="1,1,0,2,1,58" ten="159,289,250,302" oya="1" hai0="68,55,74,24,61,101,135,69,76,84,12,8,113" hai1="124,18,3,53,129,56,50,122,15,41,36,0,26" hai2="81,72,4,112,130,134,104,114,10,100,6,29,103" hai3="73,111,70,92,39,95,79,23,106,57,86,20,123"/><U59/><E129/><V22/><F130/><W132/><G70/><T43/><D113/><N who="2" m="43626" /><F134/><W1/><G106/><T83/><D135/><U91/><E124/><V120/><F120/><W45/><G1/><T67/><D43/><U9/><E122/><V97/><F103/><W42/><G123/><T110/><D110/><U109/><E109/><V94/><F104/><W90/><G132/><T60/><D101/><U38/><E41/><V46/><F46/><W98/><G111/><T121/><D24/><U7/><E26/><N who="2" m="16599" /><F10/><W119/><G57/><T96/><D96/><U28/><E28/><V34/><F34/><W131/><G131/><T33/><D33/><U49/><E3/><V62/><F62/><W31/><G119/><T64/><D121/><U25/><E25/><V71/><F71/><W126/><G126/><T80/><D55/><U35/><E35/><V85/><F72/><W54/><G54/><T30/><D30/><U89/><E0/><V14/><F14/><W5/><G31/><T2/><D2/><U13/><E53/><V78/><AGARI ba="1,0" hai="4,6,78,81,85,94,97,100" m="16599,43626" machi="78" ten="30,1100,0" yaku="11,1" doraHai="58" who="2" fromWho="2" sc="159,-4,289,-6,250,14,302,-4" /><INIT seed="2,0,0,4,1,0" ten="155,283,264,298" oya="2" hai0="119,51,108,10,106,63,112,56,86,73,123,88,12" hai1="110,9,14,116,34,16,52,114,40,131,42,95,130" hai2="7,50,104,58,15,4,61,71,103,3,32,48,26" hai3="49,2,6,43,11,94,37,28,18,81,23,31,109"/><V83/><F3/><W70/><G70/><T66/><D112/><U115/><E34/><V1/><F1/><W124/><G109/><T118/><D123/><U60/><E116/><V102/><F71/><W92/><G124/><T13/><D73/><U54/><E60/><V35/><F35/><W99/><G37/><T79/><D79/><U30/><E30/><V69/><F69/><W76/><G49/><N who="2" m="19049" /><F104/><W105/><G105/><T21/><D106/><U133/><E95/><V128/><F32/><W55/><G55/><N who="1" m="21034" /><E133/><V96/><F128/><N who="1" m="49193" /><E110/><V62/><F26/><W67/><G67/><T100/><D100/><N who="2" m="38442" /><F96/><W38/><G99/><T64/><D108/><U135/><E135/><V134/><F134/><W19/><G38/><T74/><D74/><U113/><AGARI ba="0,0" hai="9,14,16,40,42,113,114,115" m="49193,21034" machi="113" ten="40,5200,0" yaku="19,1,54,2" doraHai="0" who="1" fromWho="1" sc="155,-13,283,52,264,-26,298,-13" /><INIT seed="3,0,0,1,0,68" ten="142,335,238,285" oya="3" hai0="38,107,47,24,41,54,123,15,114,34,67,5,21" hai1="100,79,58,88,8,27,12,92,127,98,106,33,4" hai2="11,25,70,39,0,69,111,81,71,119,13,87,115" hai3="16,124,51,56,108,103,104,42,117,7,78,89,121"/><W85/><G117/><T36/><D123/><U96/><E127/><V52/><F119/><W46/><G121/><T31/><D107/><U3/><E79/><V94/><F115/><W76/><G124/><T75/><D114/><U32/><E27/><V64/><F111/><W29/><G29/><T112/><D112/><U73/><E73/><V6/><F94/><W2/><G108/><T22/><D75/><U48/><E3/><V37/><F64/><W135/><G135/><T109/><D109/><U14/><E58/><V113/><F113/><W43/><G43/><T28/><D67/><U65/><E65/><V1/><F52/><N who="3" m="31775" /><G104/><T97/><D97/><U61/><E61/><V132/><F132/><W49/><G103/><T130/><D130/><U30/><E30/><V102/><F102/><W35/><G35/><T60/><D34/><U55/><E14/><V116/><F25/><W120/><G2/><T10/><D22/><U77/><E77/><V105/><F105/><W131/><G131/><T50/><REACH who="0" step="1"/><D31/><REACH who="0" ten="132,335,238,285" step="2"/><U18/><E33/><V122/><F122/><W20/><G120/><T126/><D126/><U110/><E32/><V57/><F116/><W66/><G66/><T82/><D82/><U59/><E110/><V72/><F72/><W45/><G20/><T53/><D53/><U83/><E83/><V128/><F128/><W84/><G42/><T19/><D19/><U90/><E18/><V99/><F71/><W129/><G16/><T26/><D26/><U101/><AGARI ba="0,1" hai="4,8,12,48,55,59,88,90,92,96,98,100,101,106" machi="101" ten="20,2700,0" yaku="0,1,7,1,54,1" doraHai="68" who="1" fromWho="1" sc="132,-7,335,37,238,-7,285,-13" owari="125,-37.0,372,47.0,231,-17.0,272,7.0" /></mjloggm>