<mjloggm ver="2.3"><GO type="97" lobby="0"/><UN n0="%E3%81%A8%E3%81%97%E3%81%8B%E3%81%9A" n1="%E3%81%BE%E3%81%8D%E3%81%BE%E3%83%BC" n2="%E5%B0%B1%E6%B4%BB%E7%94%9F%40%E5%B7%9D%E6%9D%91%E8%BB%8D%E5%9B%A3" n3="%E3%81%8A%E8%B1%86%E8%85%90%E3%81%AF%E8%B6%B3%E3%81%8C%E9%80%9F%E3%81%84" dan="14,13,14,14" rate="1890.53,2025.98,2005.91,1992.87" sx="M,F,M,M"/><TAIKYOKU oya="0"/><INIT seed="0,0,0,2,0,43" ten="250,250,250,250" oya="0" hai0="16,75,115,121,91,51,88,68,92,133,25,70,100" hai1="102,40,41,12,120,129,14,38,35,39,99,74,124" hai2="49,135,45,32,19,71,46,130,84,78,67,5,69" hai3="31,106,116,4,10,28,47,123,30,34,112,66,113"/><T83/><D121/><U65/><E120/><V37/><F32/><W117/><G106/><T77/><D115/><N who="3" m="44105" /><G66/><T54/><D133/><U103/><E35/><V0/><F135/><W18/><G47/><N who="2" m="17929" /><F37/><W98/><G98/><T57/><D100/><U122/><E122/><V15/><F0/><N who="3" m="263" /><G123/><T62/><D91/><U52/><E99/><V27/><F130/><W23/><G34/><T20/><D51/><U56/><E65/><V1/><F1/><W2/><G2/><T48/><D48/><U42/><E129/><V33/><F33/><W119/><G119/><T8/><D8/><U96/><E96/><AGARI ba="0,0" hai="16,20,25,54,57,62,68,70,75,77,83,88,92,96" machi="96" ten="30,12000,1" yaku="7,1,25,2,54,2" doraHai="43" who="0" fromWho="1" sc="250,120,250,-120,250,0,250,0" /><INIT seed="0,1,0,1,0,132" ten="370,130,250,250" oya="0" hai0="105,9,58,41,83,98,104,79,116,5,12,43,106" hai1="92,17,134,61,121,19,4,8,16,77,24,10,89" hai2="7,65,11,95,126,44,97,74,124,80,103,20,67" hai3="125,55,62,111,78,28,35,37,33,113,14,131,68"/><T123/><D116/><U100/><E121/><V120/><F120/><W34/><G113/><T115/><D115/><U30/><E134/><V39/><F20/><W54/><G37/><T66/><D123/><U31/><E77/><N who="2" m="44087" /><F44/><W81/><G111/><T117/><D117/><U56/><E100/><V21/><F21/><W69/><G131/><T64/><D98/><U84/><E24/><V75/><F75/><W86/><G28/><T72/><D64/><U18/><N who="1" m="4096" /><DORA hai="3" /><U38/><E38/><V70/><F70/><W107/><G107/><T32/><REACH who="0" step="1"/><D32/><REACH who="0" ten="360,130,250,250" step="2"/><U71/><E71/><V94/><F67/><W93/><G69/><T42/><D42/><U130/><E130/><V23/><F65/><W91/><G68/><T6/><D6/><U2/><REACH who="1" step="1"/><E10/><REACH who="1" ten="360,120,250,250" step="2"/><V26/><F11/><W50/><G35/><T53/><D53/><AGARI ba="1,2" hai="2,4,8,30,31,53,56,61,84,89,92" m="4096" machi="53" ten="50,8000,1" yaku="1,1,2,1,52,1,54,1,53,0" doraHai="132,3" doraHaiUra="60,110" who="1" fromWho="0" sc="360,-83,120,103,250,0,250,0" /><INIT seed="1,0,0,3,3,119" ten="277,223,250,250" oya="1" hai0="44,60,50,26,79,109,63,14,124,58,100,25,93" hai1="108,120,99,101,135,85,3,27,8,7,130,28,91" hai2="4,29,12,76,54,97,11,127,67,18,128,24,64" hai3="49,71,86,116,31,74,21,104,39,2,56,112,23"/><U113/><E120/><V13/><F127/><W95/><G112/><T102/><D124/><U62/><E113/><V134/><F128/><W35/><G71/><T61/><D109/><U34/><E130/><V22/><F134/><W115/><G39/><T123/><D79/><U131/><E131/><V68/><F68/><W90/><G104/><T94/><D123/><U73/><E135/><V126/><F126/><W87/><G74/><T84/><D58/><U105/><E108/><V103/><F76/><W65/><G2/><T10/><D14/><U110/><E110/><V121/><F54/><W111/><G111/><T80/><D10/><U6/><E6/><V33/><REACH who="2" step="1"/><F121/><REACH who="2" ten="277,223,240,250" step="2"/><W59/><G115/><T125/><D102/><U17/><E73/><V117/><F117/><W30/><G116/><T45/><D125/><U89/><E85/><V75/><F75/><W46/><G87/><T96/><D100/><U66/><E17/><V20/><F20/><N who="3" m="7755" /><G35/><T78/><D96/><U69/><AGARI ba="0,1" hai="3,7,8,27,28,34,62,66,69,89,91,99,101,105" machi="69" ten="20,7800,0" yaku="0,1,7,1,25,2" doraHai="119" who="1" fromWho="1" sc="277,-26,223,88,240,-26,250,-26" /><INIT seed="1,1,0,0,0,105" ten="251,311,214,224" oya="1" hai0="62,89,39,23,93,69,118,38,15,103,0,31,91" hai1="33,102,133,90,14,84,17,20,114,121,128,41,134" hai2="25,73,135,96,100,83,4,60,5,71,61,111,130" hai3="127,52,122,9,11,124,82,28,81,49,63,76,59"/><U107/><E128/><V22/><F111/><W1/><G122/><T27/><D0/><U44/><E121/><V106/><F130/><W66/><G28/><T104/><D118/><U79/><E114/><V51/><F135/><N who="1" m="51721" /><E33/><V16/><F51/><W94/><G94/><T18/><D104/><U29/><E29/><V97/><F97/><W112/><G112/><T108/><D103/><U101/><E79/><V37/><F37/><W21/><G21/><T72/><D108/><U92/><E107/><V64/><REACH who="2" step="1"/><F60/><REACH who="2" ten="251,311,204,224" step="2"/><W132/><G132/><T70/><D38/><AGARI ba="1,1" hai="14,17,20,38,41,44,84,90,92,101,102" m="51721" machi="38" ten="30,1500,0" yaku="20,1" doraHai="105" who="1" fromWho="0" sc="251,-18,311,28,204,0,224,0" /><INIT seed="1,2,0,0,4,27" ten="233,339,204,224" oya="1" hai0="75,62,43,89,40,32,71,21,88,134,84,33,133" hai1="127,95,74,66,123,70,111,64,24,42,119,10,1" hai2="53,77,50,98,118,26,15,52,112,116,73,61,41" hai3="96,100,108,12,132,130,57,34,68,81,72,109,99"/><U13/><E123/><V2/><F2/><W79/><G68/><T131/><D75/><U39/><E119/><V19/><F112/><W22/><G34/><N who="0" m="13419" /><D131/><U45/><E1/><V101/><F41/><N who="0" m="15946" /><D134/><U65/><E74/><V5/><F5/><W85/><G130/><T11/><D21/><U86/><E127/><V128/><F128/><W51/><G132/><T7/><D71/><U63/><E111/><N who="3" m="42570" /><G72/><T44/><D62/><U122/><E122/><V23/><F77/><W37/><G37/><T9/><D84/><U126/><E126/><V129/><F73/><W18/><G100/><T107/><D7/><U93/><E93/><V4/><F129/><W102/><G102/><T55/><D133/><U60/><E60/><V3/><F3/><W58/><G58/><T47/><D55/><AGARI ba="2,0" hai="12,18,22,51,55,57,79,81,85,96,99" m="42570" machi="55" ten="30,1000,0" yaku="14,1" doraHai="27" who="3" fromWho="0" sc="233,-16,339,0,204,0,224,16" /><INIT seed="2,0,0,3,5,23" ten="217,339,204,240" oya="2" hai0="104,129,30,20,58,2,28,106,128,121,100,101,24" hai1="26,53,105,59,45,99,88,69,79,75,111,40,52" hai2="51,27,66,125,31,126,15,61,72,60,22,56,80" hai3="11,102,124,3,67,25,113,8,133,6,65,130,38"/><V97/><F51/><W90/><G38/><T94/><D121/><U49/><E69/><V5/><F97/><W46/><G102/><T70/><D2/><U98/><E111/><V35/><F61/><W108/><G108/><T18/><D70/><U21/><E105/><V89/><F5/><W87/><G130/><N who="0" m="50283" /><D58/><U117/><E117/><V33/><F15/><W74/><G74/><T95/><D30/><N who="1" m="17743" /><E79/><V107/><F107/><N who="0" m="41002" /><D28/><U19/><E75/><V62/><F62/><W103/><G46/><T83/><D83/><U71/><E71/><V112/><F112/><W34/><G65/><T93/><AGARI ba="0,0" hai="18,20,24,93,94,95,100,101" m="41002,50283" machi="93" ten="40,2700,0" yaku="19,1,52,1" doraHai="23" who="0" fromWho="0" sc="217,27,339,-7,204,-13,240,-7" /><INIT seed="3,0,0,2,5,45" ten="244,332,191,233" oya="3" hai0="28,5,78,81,38,72,56,82,2,93,21,62,94" hai1="34,123,23,58,116,16,101,70,4,91,14,6,30" hai2="100,63,27,88,54,43,105,64,77,18,26,59,122" hai3="115,20,35,7,15,24,107,119,33,102,11,65,61"/><W125/><G119/><T49/><D38/><U92/><E123/><V75/><F122/><W80/><G115/><T131/><D2/><U22/><E70/><V79/><F43/><W127/><G80/><T19/><D5/><U117/><E101/><V113/><F113/><W8/><G102/><T134/><D28/><U97/><E34/><V118/><F118/><N who="1" m="45673" /><E58/><V96/><F75/><W76/><G76/><T120/><D131/><U132/><E132/><V55/><F55/><W39/><G107/><T85/><D120/><U17/><E30/><V73/><F73/><W108/><G39/><T106/><D62/><U0/><E0/><V10/><F64/><W84/><G84/><T71/><D106/><U25/><AGARI ba="0,0" hai="4,6,14,16,17,22,23,25,91,92,97" m="45673" machi="25" ten="30,2000,0" yaku="12,1,54,1" doraHai="45" who="1" fromWho="1" sc="244,-5,332,20,191,-5,233,-10" owari="239,4.0,352,45.0,186,-31.0,223,-18.0" /></mjloggm>