<mjloggm ver="2.3"><GO type="225" lobby="0"/><UN n0="%E3%83%88%E3%83%88%E3%83%AA%E5%85%88%E7%94%9F%31%39%E6%AD%B3" n1="%6C%65%74%69%74%62%65" n2="%E3%83%8B%E3%83%BC%E3%83%88%E7%A4%BE%E9%95%B7" n3="%65%76%61%63%61%6E%69%61" dan="18,16,16,16" rate="2256.89,2140.57,2109.66,2105.63" sx="F,F,M,M"/><TAIKYOKU oya="0"/><INIT seed="0,0,0,0,3,65" ten="250,250,250,250" oya="0" hai0="29,132,60,100,76,41,78,95,50,94,89,91,13" hai1="1,23,79,109,61,69,135,52,53,74,123,97,62" hai2="73,57,66,107,58,110,56,5,120,42,28,39,115" hai3="105,4,11,45,131,130,48,21,92,17,93,103,9"/><T71/><D132/><U101/><E123/><V119/><F5/><W32/><G32/><T128/><D128/><N who="3" m="49193" /><G105/><T113/><D113/><U77/><E135/><V49/><F28/><W12/><G103/><T46/><D100/><U26/><E1/><V133/><F73/><W87/><G87/><T24/><D13/><U54/><E109/><V59/><F107/><W88/><G88/><T51/><D51/><U67/><E62/><N who="2" m="38239" /><F110/><W72/><G72/><T64/><D91/><U44/><E44/><N who="2" m="23647" /><F133/><W80/><G80/><T124/><D124/><U2/><E2/><V121/><F115/><W127/><G127/><T126/><D126/><U31/><REACH who="1" step="1"/><E74/><REACH who="1" ten="250,240,250,250" step="2"/><V34/><F120/><W122/><G122/><T83/><D83/><U35/><E35/><V19/><F34/><W85/><G85/><T116/><D116/><U0/><E0/><V47/><F121/><W104/><G104/><AGARI ba="0,1" hai="23,26,31,52,53,54,61,67,69,77,79,97,101,104" machi="104" ten="40,8000,1" yaku="1,1,52,1,54,1,53,1" doraHai="65" doraHaiUra="18" who="1" fromWho="3" sc="250,0,240,90,250,0,250,-80" /><INIT seed="1,0,0,0,1,11" ten="250,330,250,170" oya="1" hai0="38,25,32,49,94,64,127,114,59,4,2,60,34" hai1="119,111,87,76,43,44,83,22,61,48,54,3,120" hai2="29,118,45,110,97,67,117,82,104,65,12,56,106" hai3="116,109,9,71,69,135,14,35,113,102,0,107,52"/><U21/><E119/><V46/><F110/><W57/><G113/><T62/><D114/><U8/><E120/><V96/><F56/><W68/><G116/><T123/><D38/><U131/><E111/><V124/><F82/><W129/><G109/><T91/><D123/><U41/><E131/><V24/><F24/><W73/><G129/><T80/><D127/><U39/><E43/><V40/><F40/><W128/><G128/><T98/><D2/><U92/><E92/><V81/><F81/><W55/><G135/><T37/><D37/><U63/><E63/><V50/><F50/><W23/><G73/><T42/><D4/><U126/><E61/><V95/><F95/><W122/><G35/><T20/><D42/><U93/><E93/><V75/><F75/><W74/><G74/><T72/><D49/><U7/><E126/><V27/><F27/><W100/><G122/><T13/><D13/><U101/><E101/><V79/><F124/><W134/><G134/><T26/><D26/><U53/><E53/><V133/><F133/><W15/><G0/><T31/><D72/><U6/><E7/><V17/><F17/><N who="3" m="10687" /><G107/><T99/><D99/><U103/><E103/><N who="3" m="39466" /><G57/><AGARI ba="0,0" hai="3,6,8,21,22,39,41,44,48,54,57,76,83,87" machi="57" ten="30,1500,0" yaku="7,1" doraHai="11" who="1" fromWho="3" sc="250,0,330,15,250,0,170,-15" /><INIT seed="1,1,0,4,5,12" ten="250,345,250,155" oya="1" hai0="22,99,84,44,51,110,115,120,126,134,69,76,46" hai1="94,43,18,1,3,112,106,114,54,75,16,88,14" hai2="91,13,102,131,79,67,66,2,20,83,87,45,86" hai3="55,101,92,98,82,60,32,33,8,11,59,109,78"/><U118/><E118/><V122/><F2/><W29/><G109/><T129/><D115/><U123/><E106/><V70/><F122/><W73/><REACH who="3" step="1"/><G29/><REACH who="3" ten="250,345,250,145" step="2"/><T47/><D120/><U61/><E123/><V104/><F131/><W90/><G90/><T17/><D129/><U35/><E88/><V80/><F91/><W10/><AGARI ba="1,1" hai="8,10,11,32,33,55,59,60,73,78,82,92,98,101" machi="10" ten="30,2000,0" yaku="1,1,0,1,53,0" doraHai="12" doraHaiUra="9" who="3" fromWho="3" sc="250,-6,345,-11,250,-6,145,33" /><INIT seed="2,0,0,4,4,95" ten="244,334,244,178" oya="2" hai0="133,59,99,102,17,68,18,3,64,20,66,86,117" hai1="23,47,121,84,114,76,16,75,110,112,73,119,91" hai2="9,132,25,82,62,124,100,15,1,105,85,10,29" hai3="93,122,6,123,109,106,77,113,74,26,13,57,129"/><V63/><F1/><W41/><G106/><T90/><D68/><U49/><E76/><V118/><F118/><W111/><G129/><T44/><D3/><U51/><E110/><N who="3" m="41994" /><G113/><T116/><D133/><U35/><E35/><V83/><F132/><W131/><G131/><T67/><D44/><U4/><E4/><V134/><F134/><W120/><G41/><T24/><D18/><U7/><E7/><V8/><F124/><W107/><G107/><T14/><D24/><U103/><E51/><V36/><F15/><W125/><G125/><T30/><D30/><U34/><E34/><V38/><F29/><W97/><G57/><T79/><D79/><U127/><E127/><V45/><F25/><W130/><G130/><T78/><D78/><U115/><E119/><N who="0" m="45641" /><D59/><U48/><E115/><V40/><F36/><W60/><G60/><T87/><D90/><U56/><E91/><V39/><F39/><W135/><G26/><T96/><D102/><U53/><E103/><V52/><F63/><W92/><G135/><T33/><D33/><U32/><E32/><V12/><F62/><W89/><G77/><T98/><AGARI ba="0,0" hai="14,17,20,64,66,67,86,87,96,98,99" m="45641" machi="98" ten="40,8000,1" yaku="12,1,52,3" doraHai="95" who="0" fromWho="0" sc="244,80,334,-20,244,-40,178,-20" /><INIT seed="3,0,0,3,0,35" ten="324,314,204,158" oya="3" hai0="29,30,87,86,11,89,57,18,96,33,0,77,97" hai1="104,37,25,10,28,63,84,107,62,131,34,125,7" hai2="53,106,101,55,122,46,134,130,73,48,99,68,69" hai3="72,118,17,126,40,24,129,22,19,85,74,127,64"/><W3/><G118/><T100/><D33/><U6/><E37/><V121/><F134/><W83/><G129/><T2/><D2/><U88/><E131/><V21/><F73/><W5/><G64/><T13/><D0/><U9/><E125/><N who="3" m="47626" /><G40/><T108/><D108/><U27/><E34/><V44/><F21/><N who="3" m="13359" /><G5/><N who="1" m="1546" /><E107/><V92/><F106/><W14/><G3/><T91/><D77/><AGARI ba="0,0" hai="14,19,22,72,74,77,83,85" m="13359,47626" machi="77" ten="30,1500,0" yaku="18,1" doraHai="35" who="3" fromWho="0" sc="324,-15,314,0,204,0,158,15" /><INIT seed="3,1,0,0,1,27" ten="309,314,204,173" oya="3" hai0="14,85,95,71,96,134,22,81,60,44,116,91,61" hai1="79,59,21,66,9,94,109,119,105,2,24,57,131" hai2="125,65,16,97,78,117,0,20,88,101,23,53,6" hai3="73,3,127,100,108,76,19,87,41,72,1,36,25"/><W121/><G121/><T30/><D116/><U128/><E105/><V63/><F117/><W47/><G127/><T34/><D134/><U115/><E119/><V11/><F125/><W113/><G113/><T70/><D34/><U68/><E115/><V56/><F78/><W98/><G108/><T107/><D107/><U17/><E109/><V13/><F88/><W86/><G1/><T77/><D70/><U43/><E43/><V93/><F53/><W33/><G3/><T40/><D71/><U46/><E46/><V5/><F5/><W67/><G67/><T55/><D55/><U84/><E68/><V74/><F74/><W132/><G132/><T133/><D133/><U122/><E66/><V106/><F106/><W90/><G76/><T15/><D15/><N who="1" m="7407" /><E2/><V31/><F31/><W123/><G123/><T52/><D52/><U129/><E122/><V28/><F28/><N who="3" m="19599" /><G19/><N who="0" m="10615" /><D30/><N who="1" m="17679" /><E94/><V135/><F135/><W75/><G100/><T49/><AGARI ba="1,0" hai="40,44,49,60,61,77,81,85,91,95,96" m="10615" machi="49" ten="30,1100,0" yaku="8,1" doraHai="27" who="0" fromWho="0" sc="309,14,314,-4,204,-4,173,-6" owari="323,42.0,310,11.0,200,-20.0,167,-33.0" /></mjloggm>