<mjloggm ver="2.3"><GO type="41" lobby="0"/><UN n0="%73%75%65%64%65%35%31" n1="%E5%B0%B1%E6%B4%BB%E7%94%9F%40%E5%B7%9D%E6%9D%91%E8%BB%8D%E5%9B%A3" n2="%37%30%38" n3="%E3%81%95%E3%81%8F%E3%81%AF%E3%82%8B" dan="13,15,14,13" rate="1872.01,2009.26,1881.86,1847.41" sx="M,M,M,M"/><TAIKYOKU oya="0"/><INIT seed="0,0,0,4,1,118" ten="250,250,250,250" oya="0" hai0="31,41,120,14,62,15,52,19,40,68,129,48,79" hai1="45,93,121,64,110,80,59,126,16,104,53,9,39" hai2="109,116,21,18,8,30,32,128,2,70,119,1,22" hai3="113,75,100,57,10,63,114,115,6,47,101,11,24"/><T77/><D31/><U35/><E104/><V49/><F70/><W98/><G75/><T78/><D14/><U81/><E35/><V25/><F128/><W33/><G47/><T60/><D129/><U106/><E106/><V134/><F49/><W36/><G36/><T112/><D112/><U51/><E126/><V108/><F134/><W55/><G11/><T103/><D103/><U132/><E110/><N who="2" m="42603" /><F22/><W44/><G44/><T66/><D62/><U97/><E132/><V123/><F123/><W3/><REACH who="3" step="1"/><G98/><REACH who="3" ten="250,250,250,240" step="2"/><T58/><REACH who="0" step="1"/><D120/><REACH who="0" ten="240,250,250,240" step="2"/><U91/><E121/><V88/><F8/><AGARI ba="0,2" hai="8,15,19,40,41,48,52,58,60,66,68,77,78,79" machi="8" ten="40,7700,0" yaku="1,1,2,1,54,1,53,0" doraHai="118" doraHaiUra="89" who="0" fromWho="2" sc="240,97,250,0,250,-77,240,0" /><INIT seed="0,1,0,0,3,94" ten="337,250,173,240" oya="0" hai0="132,57,32,8,135,43,75,88,60,89,119,34,130" hai1="117,44,12,29,2,107,4,46,86,39,25,31,105" hai2="5,56,111,122,92,10,14,73,133,109,37,120,129" hai3="127,67,42,40,7,30,41,100,45,78,58,33,131"/><T65/><D119/><U35/><E117/><V83/><F37/><W19/><G127/><T82/><D130/><U97/><E31/><V108/><F73/><W134/><G78/><T16/><D43/><U59/><E2/><V48/><F83/><W62/><G131/><T15/><D75/><U66/><E86/><V69/><F69/><W112/><G112/><T71/><D71/><U74/><E74/><V50/><F129/><W9/><G19/><T113/><D113/><U110/><E110/><V91/><F133/><N who="0" m="51274" /><D82/><U11/><E46/><V49/><REACH who="2" step="1"/><F56/><REACH who="2" ten="337,250,163,240" step="2"/><W13/><G134/><T81/><D81/><U68/><E68/><V0/><F0/><W21/><G58/><T26/><D26/><U17/><E59/><V104/><F104/><W18/><G62/><T36/><D36/><U63/><E63/><V80/><F80/><W95/><G95/><T24/><D24/><U99/><E39/><V22/><F22/><W47/><G21/><T118/><D118/><U102/><E66/><V115/><F115/><W52/><G67/><T38/><D38/><U51/><E51/><V93/><F93/><W101/><G47/><T3/><D3/><U126/><E44/><V116/><F116/><W6/><G45/><T121/><D121/><U76/><E76/><V20/><F20/><W79/><G79/><T27/><D27/><U106/><E126/><V70/><F70/><W23/><G23/><T77/><D77/><U125/><E125/><V54/><F54/><W55/><G55/><T98/><D34/><U90/><E107/><V53/><F53/><W1/><G52/><RYUUKYOKU ba="1,1" sc="337,-10,250,-10,163,30,240,-10" hai2="5,10,14,48,49,50,91,92,108,109,111,120,122" /><INIT seed="1,2,1,2,3,32" ten="327,240,193,230" oya="1" hai0="78,73,109,77,24,12,110,67,61,2,114,7,63" hai1="123,38,49,54,76,27,117,58,96,72,87,25,135" hai2="53,101,62,103,22,1,39,75,66,120,13,88,115" hai3="122,46,17,80,69,34,20,6,130,56,59,133,50"/><U35/><E123/><V100/><F75/><W28/><G69/><T23/><D114/><U83/><E117/><V64/><F120/><W86/><G122/><T48/><D63/><U126/><E38/><V8/><F39/><W41/><G130/><T36/><D36/><U128/><E128/><V16/><F115/><W121/><G121/><T113/><D113/><U44/><E126/><V97/><F53/><W92/><G92/><T65/><D65/><U112/><E135/><V90/><F97/><W127/><G127/><T95/><D12/><U26/><E112/><V3/><F66/><W134/><G6/><T5/><D5/><U91/><E96/><V85/><F90/><N who="3" m="51527" /><G28/><T70/><D73/><U84/><E72/><V29/><F22/><W129/><G34/><T74/><D74/><U105/><E105/><V55/><F29/><W94/><G94/><T0/><D7/><U98/><E98/><V30/><F30/><W108/><G108/><N who="0" m="41579" /><D95/><N who="1" m="54759" /><E35/><V57/><REACH who="2" step="1"/><F55/><REACH who="2" ten="327,240,183,230" step="2"/><W11/><G129/><T15/><D15/><U19/><E44/><V31/><F31/><W79/><G134/><T52/><D23/><AGARI ba="2,2" hai="19,23,25,26,27,49,54,58,76,83,87" m="54759" machi="23" ten="30,1500,0" yaku="8,1" doraHai="32" who="1" fromWho="0" sc="327,-21,240,41,183,0,230,0" /><INIT seed="1,3,0,4,4,28" ten="306,281,183,230" oya="1" hai0="50,96,51,1,109,23,119,40,24,32,25,107,21" hai1="37,49,133,124,38,75,0,102,61,104,66,85,93" hai2="76,98,74,57,123,90,5,113,4,16,36,120,114" hai3="55,92,128,10,111,7,11,47,117,65,52,2,12"/><U135/><E0/><V26/><F36/><W99/><G117/><T69/><D1/><U89/><E124/><V127/><F76/><W112/><G112/><N who="2" m="43113" /><F74/><W79/><G79/><T46/><D119/><U15/><E75/><V116/><F57/><W87/><G128/><T19/><D69/><U3/><E3/><V130/><F98/><W53/><G65/><T8/><D8/><U29/><E49/><V62/><F62/><W31/><G87/><T70/><D70/><U56/><E29/><V131/><F90/><W108/><G31/><T115/><D115/><U68/><E68/><V121/><F116/><W18/><REACH who="3" step="1"/><G47/><REACH who="3" ten="306,281,183,220" step="2"/><T101/><D46/><U54/><E66/><V110/><F127/><W129/><G129/><N who="2" m="49161" /><F110/><W78/><G78/><T63/><D109/><U13/><E38/><V126/><F126/><W88/><AGARI ba="3,1" hai="2,7,10,11,12,18,52,53,55,88,92,99,108,111" machi="88" ten="30,7900,0" yaku="1,1,0,1,54,2,53,0" doraHai="28" doraHaiUra="81" who="3" fromWho="3" sc="306,-23,281,-42,183,-23,220,98" /><INIT seed="2,0,0,2,0,121" ten="283,239,160,318" oya="2" hai0="7,128,113,1,52,133,85,25,68,10,94,127,35" hai1="65,12,110,125,79,32,89,2,95,103,81,104,59" hai2="92,58,38,67,41,50,131,28,63,84,66,62,9" hai3="117,44,80,119,124,86,105,0,108,99,74,6,3"/><V132/><F131/><W83/><G124/><T17/><D113/><U87/><E2/><V23/><F132/><W5/><G44/><T111/><D68/><U77/><E32/><V135/><F38/><W114/><G86/><T93/><D133/><U106/><E125/><V53/><F135/><W15/><G15/><T107/><D107/><N who="1" m="41003" /><E12/><V47/><F9/><W115/><G105/><T26/><D128/><U33/><E59/><V88/><F28/><W22/><G22/><T14/><D26/><U48/><E48/><V27/><REACH who="2" step="1"/><F63/><REACH who="2" ten="283,239,150,318" step="2"/><W76/><G114/><T18/><D127/><U13/><E33/><V39/><F39/><W82/><G115/><T97/><D35/><U96/><E65/><V78/><F78/><N who="1" m="29705" /><E13/><V134/><F134/><W34/><G76/><T101/><D1/><U123/><E123/><V70/><F70/><W120/><G120/><T71/><D71/><U75/><E110/><V98/><F98/><W102/><G99/><T72/><D111/><U116/><E116/><V69/><F69/><W19/><G108/><T42/><D97/><U109/><E109/><V55/><F55/><W21/><G0/><T51/><D52/><U60/><E60/><V49/><F49/><W54/><G3/><T20/><D51/><U100/><E75/><V73/><F73/><W37/><G74/><T112/><D72/><U57/><E57/><V31/><AGARI ba="0,1" hai="23,27,31,41,47,50,53,58,62,66,67,84,88,92" machi="31" ten="20,12000,1" yaku="1,1,0,1,7,1,8,1,54,1,53,0" doraHai="121" doraHaiUra="4" who="2" fromWho="2" sc="283,-40,239,-40,150,130,318,-40" /><INIT seed="2,1,0,1,4,59" ten="243,199,280,278" oya="2" hai0="14,109,111,103,119,117,9,21,1,58,51,129,40" hai1="112,126,66,15,5,132,113,91,75,101,28,92,64" hai2="6,43,79,134,88,13,61,2,125,62,74,30,131" hai3="87,124,44,130,54,33,7,82,27,65,104,78,69"/><V80/><F2/><W108/><G104/><T52/><D1/><U83/><E132/><V24/><F125/><W48/><G124/><T100/><D129/><U115/><E126/><V135/><F43/><W22/><G130/><T38/><D21/><U8/><E28/><V77/><F131/><W114/><G7/><T0/><D0/><U46/><E101/><V94/><F79/><W102/><G102/><N who="0" m="38955" /><D40/><U95/><E46/><V89/><F13/><W45/><G114/><T10/><D38/><U133/><E133/><N who="2" m="50699" /><F6/><W127/><G33/><T71/><D71/><U18/><E5/><V128/><F128/><W17/><G127/><T121/><D121/><U47/><E47/><V99/><F89/><W36/><G108/><N who="0" m="41547" /><D14/><U123/><E123/><V118/><F118/><AGARI ba="1,0" hai="9,10,51,52,58,117,118,119" m="41547,38955" machi="118" ten="30,3900,0" yaku="12,1,14,1,54,1" doraHai="59" who="0" fromWho="2" sc="243,42,199,0,280,-42,278,0" /><INIT seed="3,0,0,0,2,101" ten="285,199,238,278" oya="3" hai0="132,49,123,0,55,26,94,6,93,108,13,85,63" hai1="37,73,33,28,20,92,57,105,60,116,21,128,129" hai2="87,8,58,46,51,79,74,104,35,2,50,97,70" hai3="114,72,16,106,59,99,19,78,53,122,98,27,107"/><W130/><G122/><T25/><D123/><U89/><E73/><V45/><F70/><W39/><G39/><T38/><D0/><U86/><E37/><V11/><F35/><W48/><G114/><T118/><D118/><U56/><E116/><V66/><F74/><W91/><G130/><N who="1" m="50282" /><E56/><V82/><F66/><W134/><G134/><T88/><D132/><U42/><E42/><V77/><F58/><W65/><G65/><T32/><D38/><U71/><E71/><V75/><F2/><W135/><G135/><T119/><D119/><U127/><E127/><V103/><F77/><W41/><G41/><T17/><D6/><U61/><E61/><V131/><F131/><W34/><G34/><T40/><D40/><U52/><E105/><V64/><F64/><W14/><G98/><T10/><D63/><U117/><E117/><V80/><F50/><W22/><G78/><T112/><D32/><U113/><E113/><V12/><F82/><W9/><REACH who="3" step="1"/><G72/><REACH who="3" ten="285,199,238,268" step="2"/><T47/><D112/><U102/><E102/><V1/><F75/><W125/><G125/><T84/><D108/><U67/><E67/><V54/><F46/><W120/><G120/><T24/><D85/><U90/><E90/><V110/><F110/><W29/><G29/><T124/><D124/><U126/><E126/><V62/><F1/><W133/><G133/><T15/><REACH who="0" step="1"/><D13/><REACH who="0" ten="275,199,238,268" step="2"/><U31/><E33/><V69/><F12/><W76/><G76/><T43/><D43/><U115/><E115/><V3/><F3/><W44/><G44/><T30/><D30/><AGARI ba="0,2" hai="20,21,28,30,31,52,57,60,86,89,92" m="50282" machi="30" ten="30,2000,0" yaku="19,1,54,1" doraHai="101" who="1" fromWho="0" sc="275,-20,199,40,238,0,268,0" /><INIT seed="4,0,0,4,4,43" ten="255,239,238,268" oya="0" hai0="125,131,77,10,86,71,8,27,58,4,87,111,29" hai1="98,57,121,34,115,117,113,72,85,79,128,60,50" hai2="118,56,108,15,107,104,20,75,41,67,61,109,22" hai3="52,37,36,80,78,48,49,40,26,53,133,1,47"/><T70/><D125/><U76/><E34/><V110/><F75/><W3/><G133/><T82/><D8/><U21/><E72/><V63/><F118/><W91/><G26/><T119/><D119/><U103/><E117/><V14/><F41/><W126/><G126/><T23/><D131/><U17/><E121/><V74/><F74/><W130/><G130/><T51/><D111/><U92/><E128/><V124/><F124/><W99/><G3/><T28/><D28/><U44/><E113/><V32/><F32/><W16/><G1/><T81/><D58/><U59/><E115/><V105/><REACH who="2" step="1"/><F63/><REACH who="2" ten="255,239,228,268" step="2"/><W46/><G36/><T93/><D51/><U84/><E60/><V24/><F24/><W18/><G37/><T38/><D38/><U33/><E33/><V30/><F30/><W7/><G40/><T95/><D71/><U73/><E73/><V42/><F42/><W6/><G6/><T12/><REACH who="0" step="1"/><D70/><REACH who="0" ten="245,239,228,268" step="2"/><U122/><E122/><V127/><F127/><W62/><G62/><T101/><D101/><U69/><E69/><V114/><F114/><W35/><G35/><T54/><D54/><N who="1" m="30023" /><E57/><V96/><F96/><W39/><G39/><T0/><D0/><U31/><E59/><V134/><F134/><W94/><REACH who="3" step="1"/><G7/><REACH who="3" ten="245,239,228,258" step="2"/><T45/><D45/><U123/><E123/><V5/><F5/><W11/><G11/><T13/><D13/><AGARI ba="0,3" hai="13,14,15,20,22,56,61,67,104,105,107,108,109,110" machi="13" ten="50,1600,0" yaku="1,1,53,0" doraHai="43" doraHaiUra="68" who="2" fromWho="0" sc="245,-16,239,0,228,46,258,0" /><INIT seed="5,0,0,2,2,105" ten="229,239,274,258" oya="1" hai0="41,26,59,108,128,0,134,123,114,53,47,7,39" hai1="66,16,127,73,55,91,102,60,46,25,131,19,130" hai2="118,54,74,100,75,43,68,34,119,10,38,49,44" hai3="129,51,117,14,42,78,111,18,36,21,120,63,57"/><U8/><E73/><N who="2" m="27659" /><F49/><W124/><G120/><T70/><D108/><U135/><E135/><V31/><F54/><W27/><G111/><T133/><D123/><U88/><E127/><V61/><F100/><W72/><G124/><T32/><D70/><U101/><E46/><V6/><F6/><W12/><G117/><N who="2" m="44553" /><F68/><W87/><G72/><T81/><D81/><U64/><E8/><V94/><F94/><W20/><G129/><N who="1" m="49162" /><E55/><V95/><F95/><W109/><G109/><T122/><D128/><U40/><E40/><V65/><F10/><W113/><G36/><T13/><D122/><U1/><E1/><V45/><F45/><W97/><G51/><T84/><D0/><U104/><E104/><V58/><F58/><W86/><G42/><T132/><D7/><U110/><E110/><V106/><F106/><W52/><G97/><T29/><D84/><U98/><E98/><V76/><F76/><W77/><G87/><T24/><D24/><U107/><E107/><V67/><F67/><N who="1" m="25641" /><E60/><V22/><F22/><W11/><G21/><T82/><D82/><U121/><E121/><V50/><F50/><W93/><G78/><T17/><D53/><U71/><E71/><N who="2" m="42415" /><F31/><W99/><G77/><T125/><D59/><U115/><E115/><V28/><F28/><W37/><G113/><T89/><D114/><U80/><E19/><V85/><F85/><W92/><G86/><T83/><D125/><U23/><E80/><V103/><F103/><AGARI ba="0,0" hai="16,23,25,88,91,101,102,103" m="25641,49162" machi="103" ten="30,5800,0" yaku="19,1,54,2" doraHai="105" who="1" fromWho="2" sc="229,0,239,58,274,-58,258,0" /><INIT seed="5,1,0,0,0,26" ten="229,297,216,258" oya="1" hai0="110,103,59,120,78,9,54,64,93,111,115,41,73" hai1="135,101,14,119,36,8,99,45,61,12,50,66,84" hai2="134,127,16,11,29,112,121,83,129,85,32,56,25" hai3="118,18,104,126,96,131,114,124,7,123,100,109,33"/><U0/><E119/><V35/><F121/><W132/><RYUUKYOKU type="yao9" ba="1,0" sc="229,0,297,0,216,0,258,0" hai3="7,18,33,96,100,104,109,114,118,123,124,126,131,132" /><INIT seed="5,2,0,0,1,7" ten="229,297,216,258" oya="1" hai0="46,126,56,0,69,93,66,64,52,36,30,85,47" hai1="5,121,94,9,90,96,24,106,83,19,51,134,16" hai2="6,72,59,58,103,48,109,92,117,70,3,57,95" hai3="78,8,91,123,1,21,110,17,124,114,68,40,23"/><U111/><E121/><V44/><F72/><W13/><G110/><T129/><D30/><U75/><E111/><V82/><F70/><W131/><G123/><T125/><D0/><U14/><E134/><V54/><F117/><W119/><G68/><T135/><D135/><U12/><E106/><V104/><F109/><W105/><G105/><T71/><D129/><U2/><E24/><V27/><F27/><W100/><G131/><T112/><D93/><U41/><E75/><V42/><F82/><W120/><G120/><T107/><D107/><U35/><E35/><V77/><F77/><W4/><G119/><T102/><D102/><U80/><E2/><V84/><F104/><W127/><G114/><T43/><D85/><U63/><E63/><V98/><F92/><W37/><G100/><T97/><D97/><U115/><E115/><V73/><F73/><W61/><G61/><N who="0" m="35975" /><D112/><U33/><E33/><V32/><F84/><W108/><G108/><T29/><D29/><U86/><E14/><V20/><F20/><N who="3" m="11311" /><G91/><T34/><D34/><U62/><E62/><V89/><F32/><W10/><G78/><T31/><D31/><U79/><E80/><V116/><F116/><W113/><G113/><T39/><D71/><U118/><E118/><V25/><F25/><W18/><G1/><T132/><D132/><U50/><E50/><V49/><REACH who="2" step="1"/><F103/><REACH who="2" ten="229,297,206,258" step="2"/><W67/><G4/><T81/><D81/><U101/><E101/><V11/><AGARI ba="2,1" hai="3,6,11,42,44,48,49,54,57,58,59,89,95,98" machi="11" ten="30,8000,1" yaku="1,1,2,1,0,1,52,1,53,1" doraHai="7" doraHaiUra="87" who="2" fromWho="2" sc="229,-22,297,-42,206,96,258,-22" /><INIT seed="6,0,0,0,1,90" ten="207,255,302,236" oya="2" hai0="80,57,14,130,9,65,46,79,127,70,102,8,108" hai1="35,84,56,28,36,15,58,121,13,103,30,106,91" hai2="21,71,32,53,110,41,82,73,97,118,112,2,17" hai3="93,24,63,100,115,44,7,92,96,33,81,78,105"/><V133/><F71/><W132/><G7/><T42/><D108/><U34/><E36/><V6/><F32/><N who="1" m="12329" /><E103/><V104/><F118/><W61/><G132/><T25/><D70/><U50/><E91/><V122/><F110/><W131/><G44/><T88/><D8/><U68/><E84/><V10/><F122/><W135/><G135/><T1/><D1/><U19/><E19/><V23/><F133/><W18/><G131/><T128/><D102/><U45/><E50/><V114/><F104/><W67/><G63/><T107/><D107/><U52/><E52/><V26/><F97/><W29/><G18/><T3/><D3/><U4/><E4/><V22/><F41/><W101/><G101/><T27/><D65/><U43/><E106/><V111/><F111/><W74/><G115/><N who="2" m="44073" /><F53/><W66/><G66/><T11/><D57/><AGARI ba="0,0" hai="24,29,33,57,61,67,74,78,81,92,93,96,100,105" machi="57" ten="30,3900,0" yaku="7,1,52,2" doraHai="90" who="3" fromWho="0" sc="207,-39,255,0,302,0,236,39" /><INIT seed="7,0,0,3,0,51" ten="168,255,302,275" oya="3" hai0="8,4,24,77,42,88,90,28,31,59,106,123,91" hai1="64,58,94,102,131,48,108,124,92,125,103,109,134" hai2="114,85,37,32,113,41,52,130,110,39,61,82,68" hai3="9,19,53,133,44,104,21,121,18,87,70,89,127"/><W76/><G104/><T12/><D106/><U117/><E64/><V67/><F32/><W81/><G70/><T49/><D123/><U29/><E29/><V45/><F110/><N who="1" m="42601" /><E58/><V54/><F130/><W7/><G121/><T55/><D77/><U96/><E48/><V57/><F39/><W17/><G133/><T100/><D100/><N who="1" m="38443" /><E117/><V101/><F101/><W50/><G127/><N who="1" m="48714" /><E131/><V14/><F14/><N who="3" m="5439" /><G76/><T116/><D116/><U112/><E96/><V115/><F68/><W1/><G1/><T84/><D42/><U23/><E23/><AGARI ba="0,0" hai="17,18,19,21,23,44,50,53,81,87,89" m="5439" machi="23" ten="30,2900,0" yaku="8,1,52,1" doraHai="51" who="3" fromWho="1" sc="168,0,255,-29,302,0,275,29" owari="168,-33.0,226,-17.0,302,10.0,304,40.0" /></mjloggm>