<mjloggm ver="2.3"><GO type="169" lobby="0"/><UN n0="%79%6F%6A%6F" n1="%E3%82%A6%E3%83%AB%E3%83%88%E3%83%A9%E7%AB%8B%E7%9B%B4" n2="%50%61%65%6C%6C%61" n3="%E9%BE%8D%E9%96%80%E6%B8%95%E9%80%8F%E8%8A%B1" dan="16,17,16,17" rate="2166.56,2159.25,2103.16,2186.72" sx="F,M,M,M"/><TAIKYOKU oya="0"/><INIT seed="0,0,0,1,3,56" ten="250,250,250,250" oya="0" hai0="43,22,110,80,79,23,118,116,134,37,121,86,135" hai1="21,72,122,48,113,18,105,65,52,46,17,50,127" hai2="114,98,68,3,69,112,123,28,108,9,8,74,54" hai3="117,120,99,89,102,2,93,95,25,30,97,42,131"/><T33/><D33/><U100/><E122/><V82/><F123/><W4/><G117/><T64/><D121/><U91/><E72/><V76/><F108/><W13/><G2/><T58/><D110/><U62/><E127/><V41/><F54/><W106/><G131/><T53/><D64/><U81/><E113/><V115/><F28/><W66/><G120/><T49/><D43/><U119/><E119/><V104/><F41/><W6/><G42/><T126/><D126/><U129/><E129/><V103/><REACH who="2" step="1"/><F9/><REACH who="2" ten="250,250,240,250" step="2"/><W26/><G30/><T16/><D37/><U36/><E36/><V107/><F107/><W94/><G106/><T124/><D124/><U57/><E105/><V11/><F11/><W133/><G133/><N who="0" m="50699" /><D23/><U12/><E100/><V78/><F78/><W24/><G102/><T61/><D49/><U1/><E50/><V101/><F101/><W87/><G66/><T85/><D118/><U0/><E17/><V47/><F47/><W60/><G6/><AGARI ba="0,1" hai="3,6,8,68,69,74,76,82,98,103,104,112,114,115" machi="6" ten="40,8000,1" yaku="1,1,23,2,53,1" doraHai="56" doraHaiUra="77" who="2" fromWho="3" sc="250,0,250,0,240,90,250,-80" /><INIT seed="1,0,0,4,3,95" ten="250,250,330,170" oya="1" hai0="103,88,7,12,48,51,84,110,125,9,54,109,126" hai1="112,27,44,76,85,131,73,83,16,13,2,20,98" hai2="105,71,132,50,18,10,21,61,117,100,26,118,34" hai3="94,5,122,115,24,133,113,14,62,91,123,87,17"/><U38/><E2/><V134/><F50/><W49/><G133/><N who="2" m="51305" /><F10/><W74/><G74/><T93/><D103/><U106/><E112/><V66/><F34/><W99/><G5/><T75/><D75/><U121/><E121/><V92/><F105/><W57/><G24/><T33/><D33/><U36/><E131/><V30/><F18/><W55/><G113/><T53/><D51/><U19/><E73/><V108/><F108/><N who="0" m="41578" /><D48/><U11/><REACH who="1" step="1"/><E44/><REACH who="1" ten="250,240,330,170" step="2"/><V114/><F114/><W6/><G115/><T31/><D31/><U3/><E3/><V79/><F79/><W120/><G120/><T47/><D47/><U45/><E45/><V23/><F23/><W82/><G122/><T25/><D25/><U4/><E4/><V65/><F21/><N who="3" m="11447" /><G6/><T78/><D7/><U56/><E56/><V39/><F26/><W116/><G123/><T60/><D9/><U59/><E59/><V96/><F30/><W129/><G129/><T86/><D12/><U119/><E119/><V97/><F117/><W15/><G15/><T63/><D126/><U127/><E127/><V46/><F118/><W68/><G116/><T42/><D125/><U41/><E41/><V111/><F111/><W128/><G128/><T32/><D42/><U0/><E0/><V130/><F130/><W35/><G35/><T80/><D32/><U135/><E135/><V101/><F46/><W29/><G29/><T104/><D104/><U40/><E40/><V124/><F124/><W67/><G68/><T107/><D107/><U28/><E28/><V8/><F71/><W81/><G57/><T69/><D69/><RYUUKYOKU ba="0,1" sc="250,15,240,15,330,-15,170,-15" hai0="53,54,60,63,78,80,84,86,88,93" hai1="11,13,16,19,20,27,36,38,76,83,85,98,106" /><INIT seed="1,1,1,2,1,61" ten="265,255,315,155" oya="1" hai0="128,48,66,15,38,116,94,83,62,130,124,25,54" hai1="42,9,102,63,117,26,21,108,17,11,59,91,86" hai2="34,110,89,106,122,67,80,114,46,123,127,33,82" hai3="24,12,103,134,105,104,49,44,51,56,121,101,96"/><U65/><E117/><V37/><F110/><W60/><G121/><T113/><D38/><U135/><E135/><V90/><F106/><W75/><G134/><T118/><D113/><U64/><E108/><V40/><F114/><W69/><G75/><T41/><D41/><U95/><E42/><V97/><F127/><W2/><G2/><T68/><D124/><U125/><E125/><V99/><F40/><W132/><G69/><T133/><D133/><U92/><REACH who="1" step="1"/><E65/><REACH who="1" ten="265,245,315,155" step="2"/><V55/><F55/><W53/><G132/><T4/><D118/><U71/><E71/><V27/><F67/><W1/><G53/><T129/><D116/><U107/><E107/><V77/><F122/><W126/><G126/><T6/><D54/><U109/><E109/><V39/><F123/><W10/><G104/><T20/><D66/><U14/><E14/><V70/><F70/><W52/><G12/><T58/><D15/><U111/><E111/><V47/><F27/><W32/><G105/><T73/><D68/><U13/><E13/><V0/><F0/><W30/><G1/><T35/><D25/><U5/><E5/><V19/><F39/><W7/><G7/><T50/><D4/><U72/><E72/><V28/><F37/><W57/><G52/><T100/><D6/><U76/><E76/><V85/><F77/><W22/><G24/><T43/><D73/><U119/><E119/><V29/><F46/><W84/><G44/><T45/><D45/><U3/><E3/><V79/><F47/><W78/><G78/><T18/><D43/><U98/><AGARI ba="1,2" hai="9,11,17,21,26,59,63,64,86,91,92,95,98,102" machi="98" ten="30,11700,0" yaku="1,1,0,1,8,1,52,1,53,0" doraHai="61" doraHaiUra="8" who="1" fromWho="1" sc="265,-40,245,140,315,-40,155,-40" /><INIT seed="1,2,0,0,1,80" ten="225,385,275,115" oya="1" hai0="122,115,69,56,43,100,102,2,55,23,66,76,75" hai1="110,118,10,134,41,119,63,57,45,44,74,65,64" hai2="84,34,49,0,129,28,39,112,13,91,48,67,116" hai3="36,5,18,60,92,117,61,73,35,95,82,15,52"/><U12/><E74/><V107/><F116/><W124/><G36/><T99/><D2/><U22/><E134/><V54/><F129/><W1/><G35/><T37/><D115/><U105/><E105/><V72/><F72/><W38/><G38/><T51/><D122/><U9/><E22/><V93/><F0/><W128/><G128/><T29/><D75/><U4/><E110/><V59/><F107/><W104/><G104/><T30/><D76/><U90/><E45/><V135/><F39/><W27/><G1/><T98/><D23/><U103/><E103/><V25/><F135/><W11/><G124/><T62/><D102/><U70/><E10/><V26/><F67/><W42/><G42/><T20/><D20/><U106/><E106/><V47/><F25/><W8/><G8/><T132/><D132/><U46/><E46/><V108/><F13/><W123/><G123/><T85/><D85/><U109/><E109/><V79/><F79/><N who="3" m="44399" /><G61/><T127/><D127/><U78/><E78/><V114/><REACH who="2" step="1"/><F108/><REACH who="2" ten="225,385,265,115" step="2"/><W53/><G117/><T19/><D37/><N who="1" m="21551" /><E65/><V113/><F113/><W14/><G27/><T87/><D66/><U33/><E118/><V94/><F94/><W31/><G92/><T81/><D69/><U125/><E119/><V17/><F17/><W130/><G95/><N who="0" m="58463" /><D19/><U133/><E133/><V7/><F7/><W21/><G130/><T6/><D6/><U24/><E125/><V68/><F68/><W120/><G120/><T97/><D29/><N who="1" m="19623" /><E70/><V16/><F16/><W32/><G31/><T40/><D30/><U101/><E101/><V121/><F121/><RYUUKYOKU ba="2,1" sc="225,-15,385,15,265,15,115,-15" hai1="4,9,12,57,63,64,90" hai2="26,28,34,47,48,49,54,59,84,91,93,112,114" /><INIT seed="1,3,1,3,5,66" ten="210,400,280,100" oya="1" hai0="31,60,100,118,105,46,16,38,113,32,33,49,45" hai1="39,17,122,63,74,69,25,94,91,135,47,37,93" hai2="123,75,107,70,56,68,133,3,21,19,131,65,2" hai3="71,83,57,115,12,40,76,111,78,92,121,22,52"/><U34/><E74/><V99/><F123/><W27/><G121/><T87/><D113/><U44/><E122/><V20/><F75/><W59/><G115/><T103/><D118/><U128/><E128/><V50/><F131/><W54/><G71/><T42/><D60/><U124/><E124/><V114/><F114/><W108/><G40/><T51/><D38/><U72/><E72/><V29/><F133/><W106/><G106/><T134/><D134/><U18/><E135/><V67/><F29/><N who="3" m="17655" /><G92/><T95/><D105/><U86/><E69/><V1/><F50/><N who="3" m="30871" /><G83/><T125/><D125/><U112/><E112/><V101/><F65/><W81/><G81/><T58/><D58/><U23/><E34/><V127/><F21/><W102/><G102/><T109/><D109/><N who="3" m="42057" /><G12/><T24/><D33/><U14/><E94/><V55/><F127/><W97/><G97/><T61/><D103/><U73/><E73/><V117/><F117/><W130/><G130/><T119/><D119/><U129/><E129/><V79/><F79/><W15/><G15/><T11/><D100/><U28/><E39/><V104/><F104/><W13/><G13/><N who="0" m="7231" /><D61/><AGARI ba="3,1" hai="54,59,61,76,78" m="42057,30871,17655" machi="61" ten="30,2000,0" yaku="14,1,54,1" doraHai="66" who="3" fromWho="0" sc="210,-29,400,0,280,0,100,39" /><INIT seed="2,0,0,2,3,127" ten="181,400,280,139" oya="2" hai0="40,82,87,19,81,76,78,43,114,111,63,105,95" hai1="10,37,129,42,25,5,34,116,28,32,48,102,132" hai2="128,23,16,55,13,65,50,85,66,12,57,124,70" hai3="22,93,98,99,107,54,44,106,130,71,14,121,9"/><V0/><F128/><W60/><G121/><T125/><D105/><U113/><E48/><V26/><F0/><W64/><G130/><T35/><D35/><U46/><E129/><V101/><F101/><W134/><G134/><T118/><D114/><U109/><E132/><V72/><F72/><W126/><G126/><T110/><D125/><U94/><E94/><V7/><F124/><W97/><G22/><T104/><D104/><U135/><E135/><V69/><F69/><W89/><G106/><T4/><D4/><U100/><E113/><V38/><F38/><W24/><G24/><T90/><D63/><U30/><E116/><V3/><F70/><W122/><G122/><T8/><D118/><U80/><E109/><N who="0" m="41481" /><D8/><U84/><E30/><V86/><F3/><W27/><G27/><T36/><D19/><U67/><E67/><N who="2" m="25611" /><F7/><W33/><G33/><T56/><D56/><U120/><E34/><V45/><F57/><W52/><G107/><T29/><D29/><U51/><E37/><V108/><F108/><W68/><G71/><T58/><D58/><U74/><E74/><V88/><F85/><W123/><G123/><T1/><D1/><U15/><E120/><V49/><F50/><W131/><G131/><T11/><D11/><U92/><E92/><AGARI ba="0,0" hai="12,13,16,23,26,45,49,55,86,88,92" m="25611" machi="92" ten="30,5800,0" yaku="8,1,54,2" doraHai="127" who="2" fromWho="1" sc="181,0,400,-58,280,58,139,0" /><INIT seed="2,1,0,3,4,90" ten="181,342,338,139" oya="2" hai0="78,97,106,6,104,25,64,39,48,107,133,79,108" hai1="5,49,4,47,120,26,10,128,62,54,87,24,11" hai2="81,35,119,110,50,45,44,82,92,101,7,27,129" hai3="23,15,94,67,65,83,91,134,115,125,28,17,63"/><V88/><F119/><W42/><G125/><T70/><D39/><U16/><E120/><V123/><F123/><W71/><G134/><T61/><D133/><U13/><E128/><V85/><F129/><W99/><G115/><T100/><D108/><U95/><E62/><V22/><F35/><W40/><G65/><T32/><D6/><N who="1" m="2667" /><E10/><V0/><F110/><W59/><G71/><T126/><D126/><U122/><E122/><V21/><F21/><W12/><G28/><T68/><D68/><U124/><E124/><V38/><F38/><W36/><G36/><T74/><D48/><U114/><E114/><V55/><F44/><W135/><G135/><T96/><D96/><U58/><E47/><V43/><F43/><N who="3" m="16427" /><G83/><N who="0" m="45527" /><D79/><U34/><E34/><V89/><F101/><W2/><G2/><T31/><AGARI ba="1,0" hai="25,31,32,61,64,70,97,100,104,106,107" m="45527" machi="31" ten="30,4000,0" yaku="25,1,33,2" doraHai="90" who="0" fromWho="0" sc="181,43,342,-11,338,-21,139,-11" /><INIT seed="3,0,0,4,3,42" ten="224,331,317,128" oya="3" hai0="14,79,46,99,34,69,101,123,48,109,50,59,31" hai1="38,32,76,97,90,44,128,71,84,80,28,9,89" hai2="78,27,26,61,125,115,113,5,85,4,124,133,126" hai3="6,55,7,43,73,65,3,24,12,103,56,129,35"/><W118/><G118/><T95/><D69/><U68/><E28/><V25/><F61/><W108/><G73/><T117/><D117/><U30/><E30/><V52/><F133/><W21/><G35/><T45/><D123/><U105/><E32/><V110/><F110/><W127/><G3/><T58/><D109/><U119/><E119/><V102/><F102/><W37/><G108/><T17/><D79/><U10/><E76/><V41/><F41/><W74/><G74/><T22/><D31/><U92/><E105/><V33/><F52/><W134/><G65/><T120/><D34/><U116/><E116/><V107/><F107/><W121/><G121/><T39/><D39/><U96/><E96/><V106/><F106/><W2/><G2/><T47/><D120/><U60/><E128/><V114/><F33/><W49/><G129/><T1/><D1/><U16/><E60/><V53/><F53/><W67/><G67/><T83/><D83/><AGARI ba="0,0" hai="4,5,25,26,27,78,83,85,113,114,115,124,125,126" machi="83" ten="60,7700,0" yaku="29,2,18,1" doraHai="42" who="2" fromWho="0" sc="224,-77,331,0,317,77,128,0" /><INIT seed="4,0,0,0,5,106" ten="147,331,394,128" oya="0" hai0="66,130,72,123,105,84,2,14,30,37,22,116,127" hai1="92,6,4,101,12,96,10,15,124,48,41,74,70" hai2="71,56,55,58,129,5,38,110,94,50,27,11,79" hai3="57,59,52,16,34,104,28,54,115,39,99,73,111"/><T134/><RYUUKYOKU type="yao9" ba="0,0" sc="147,0,331,0,394,0,128,0" hai0="2,14,22,30,37,66,72,84,105,116,123,127,130,134" /><INIT seed="4,1,0,1,2,18" ten="147,331,394,128" oya="0" hai0="51,69,105,9,65,90,16,89,70,111,99,130,50" hai1="53,126,52,121,94,97,3,23,44,92,135,117,61" hai2="26,102,107,73,4,104,103,49,33,76,11,113,31" hai3="7,21,118,58,100,24,27,22,71,38,13,110,1"/><T63/><D130/><U79/><E3/><V96/><F113/><W34/><G71/><T129/><D129/><U32/><E32/><V108/><F49/><W35/><G38/><T88/><D69/><U37/><E121/><V131/><F108/><W47/><G47/><T20/><D9/><U133/><E117/><V40/><F40/><W64/><G100/><T60/><D60/><U128/><E128/><V95/><F131/><W2/><G58/><T12/><REACH who="0" step="1"/><D111/><REACH who="0" ten="137,331,394,128" step="2"/><U78/><E61/><V85/><F11/><N who="3" m="4351" /><G110/><T25/><D25/><N who="3" m="9801" /><G118/><T115/><D115/><U72/><E135/><V81/><F26/><W46/><G64/><T127/><D127/><U112/><E133/><V86/><F33/><N who="3" m="12299" /><G46/><T10/><D10/><U106/><E126/><V68/><F68/><W87/><G87/><T17/><D17/><U0/><E112/><V30/><F85/><W15/><G15/><T91/><N who="0" m="22528" /><DORA hai="101" /><T123/><D123/><U83/><E44/><V109/><F86/><W116/><G116/><T75/><D75/><U122/><E72/><V48/><F73/><W14/><G14/><T56/><D56/><U66/><E122/><V74/><F74/><W114/><G114/><T29/><D29/><U120/><E120/><V57/><F30/><W8/><G8/><T98/><D98/><U132/><E97/><V5/><F31/><W67/><G67/><T55/><D55/><U45/><E52/><V82/><F57/><W93/><G2/><T39/><D39/><U42/><E0/><V80/><F109/><W54/><G1/><T19/><D19/><U59/><E59/><RYUUKYOKU ba="1,1" sc="137,30,331,-10,394,-10,128,-10" hai0="12,16,20,50,51,63,65,70,99,105" /><INIT seed="4,2,1,1,5,68" ten="167,321,384,118" oya="0" hai0="119,52,120,63,106,58,42,72,49,1,83,95,62" hai1="124,123,110,93,37,98,91,71,111,57,116,12,103" hai2="5,133,6,36,86,20,22,100,131,27,135,9,18" hai3="117,51,74,109,121,112,41,26,75,101,61,54,29"/><T70/><D106/><U24/><E71/><V8/><F36/><W46/><G109/><T38/><D120/><U97/><E37/><V77/><F100/><W129/><G117/><T80/><D119/><U25/><E116/><V50/><F131/><W15/><G129/><T87/><D1/><U35/><E123/><V34/><F50/><W11/><G112/><T134/><D134/><N who="2" m="51210" /><F86/><W105/><G121/><T40/><D72/><U96/><E35/><V126/><F77/><W113/><G113/><T0/><D0/><U55/><E124/><V48/><F48/><W3/><G3/><T39/><D95/><U84/><E103/><V14/><F126/><W102/><G105/><T130/><D130/><U79/><E79/><V47/><F47/><W67/><G41/><N who="0" m="15979" /><D70/><U28/><E28/><N who="2" m="17527" /><F34/><W16/><G75/><T78/><D83/><U118/><E118/><V23/><F23/><N who="3" m="15583" /><G74/><T33/><D33/><U7/><E111/><V115/><F115/><W56/><AGARI ba="2,1" hai="11,15,16,46,51,54,56,61,67,101,102" m="15583" machi="56" ten="30,2000,0" yaku="8,1,54,1" doraHai="68" who="3" fromWho="3" sc="167,-12,321,-7,384,-7,118,36" /><INIT seed="5,0,0,1,4,38" ten="155,314,377,154" oya="1" hai0="79,62,23,131,1,94,10,48,12,125,36,83,75" hai1="31,132,8,29,56,51,69,42,99,128,126,47,110" hai2="130,61,95,54,122,53,92,65,80,4,71,106,9" hai3="3,49,57,19,81,113,20,102,64,100,109,73,24"/><U67/><E126/><V82/><F106/><W74/><G109/><T117/><D36/><U76/><E128/><V91/><F95/><W112/><G3/><T30/><D117/><U7/><E132/><V78/><F82/><W96/><G100/><T105/><D105/><U46/><E69/><V17/><F17/><W66/><G49/><T37/><D37/><U104/><E110/><V114/><F114/><N who="3" m="44139" /><G57/><T0/><D131/><U85/><E99/><V41/><F41/><W13/><G24/><T129/><D129/><U135/><E47/><V34/><F34/><W16/><G19/><T25/><D125/><U108/><E104/><V60/><F60/><W86/><G74/><T87/><D62/><N who="1" m="38343" /><E135/><V55/><F122/><W72/><G73/><T33/><D33/><U97/><E97/><V111/><F111/><W107/><G72/><T6/><D75/><U35/><E35/><V88/><F130/><W103/><G103/><T115/><D115/><U43/><E43/><V27/><F27/><W39/><G39/><T120/><D120/><U14/><E108/><V124/><F124/><W118/><G118/><T11/><D94/><U127/><E127/><V18/><F92/><W50/><G50/><T121/><D121/><U28/><E28/><V52/><F54/><W32/><G32/><T58/><D58/><U89/><E89/><AGARI ba="0,0" hai="13,16,20,64,66,81,86,89,96,102,107" m="44139" machi="89" ten="30,2000,0" yaku="15,1,54,1" doraHai="38" who="3" fromWho="1" sc="155,0,314,-20,377,0,154,20" /><INIT seed="6,0,0,3,3,41" ten="155,294,377,174" oya="2" hai0="2,58,91,8,77,117,7,92,44,108,57,29,16" hai1="80,134,107,71,61,86,49,67,115,46,14,89,88" hai2="59,47,125,76,12,84,42,81,93,79,98,23,55" hai3="97,48,35,111,104,105,99,19,25,27,15,130,1"/><V96/><F125/><W18/><G1/><T101/><D108/><U95/><E107/><V82/><F93/><W102/><G111/><T60/><D117/><U94/><E115/><V100/><F100/><W11/><G130/><T112/><D112/><U64/><E134/><V116/><F116/><W72/><G72/><T70/><D29/><U74/><E67/><V37/><F12/><W39/><G39/><T103/><D77/><U73/><E14/><V28/><F23/><W106/><G97/><T26/><D70/><U129/><E129/><V121/><F28/><W21/><G35/><T30/><D44/><U20/><E20/><V34/><F121/><W113/><G113/><T62/><D62/><U54/><E80/><V65/><F65/><W135/><G135/><T110/><D110/><U123/><E123/><V120/><F34/><W63/><G27/><T83/><D83/><U119/><E119/><V56/><F56/><W78/><G78/><T24/><D24/><U43/><E43/><V4/><F4/><W3/><G3/><T36/><D36/><U9/><E9/><V118/><F120/><W32/><G32/><T90/><D58/><U68/><E68/><V5/><F5/><W22/><G63/><T69/><D69/><U13/><E13/><V124/><F124/><W31/><G48/><T75/><D75/><U114/><E114/><V127/><F127/><W85/><G85/><AGARI ba="0,0" hai="46,49,54,61,64,71,73,74,85,86,88,89,94,95" machi="85" ten="30,7700,0" yaku="7,1,9,1,52,1,54,1" doraHai="41" who="1" fromWho="3" sc="155,0,294,77,377,0,174,-77" /><INIT seed="7,0,0,5,0,126" ten="155,371,377,97" oya="3" hai0="114,15,26,6,60,28,93,63,54,22,43,48,102" hai1="118,120,68,98,103,115,41,90,119,36,81,32,66" hai2="109,133,128,8,42,112,37,16,34,121,52,82,31" hai3="29,49,55,65,79,101,38,131,127,2,19,17,95"/><W20/><G2/><T39/><D114/><U23/><E32/><V44/><F109/><W25/><G38/><T61/><D39/><U123/><E115/><V84/><F128/><W80/><G127/><T9/><D43/><U83/><E41/><V12/><F112/><W35/><G65/><T89/><D102/><U105/><E36/><V104/><F104/><W40/><G40/><T108/><D108/><U94/><E23/><V58/><F133/><W24/><G131/><T116/><D116/><N who="1" m="44587" /><E66/><V0/><F0/><W67/><G67/><T46/><D61/><U96/><E68/><V132/><F132/><W56/><G19/><T53/><D53/><U33/><E33/><V13/><F121/><AGARI ba="0,0" hai="81,83,90,94,96,98,103,105,120,121,123" m="44587" machi="121" ten="30,3900,0" yaku="12,1,34,2" doraHai="126" who="1" fromWho="2" sc="155,0,371,39,377,-39,97,0" owari="155,-24.0,410,50.0,338,14.0,97,-40.0" /></mjloggm>