<mjloggm ver="2.3"><GO type="193" lobby="0"/><UN n0="%50%52%55%4D%49%45" n1="%E3%83%88%E3%83%88%E3%83%AA%E5%85%88%E7%94%9F%31%39%E6%AD%B3" n2="%E3%81%82%E3%81%8B%E3%81%95%E3%82%93%31%39%39%33" n3="%E9%9B%9B%E9%B3%A5%E3%82%8A%E3%82%80" dan="11,13,11,13" rate="1504.78,1908.70,1761.19,1783.63" sx="M,F,F,M"/><TAIKYOKU oya="0"/><INIT seed="0,0,0,0,1,14" ten="250,250,250,250" oya="0" hai0="77,127,52,126,131,84,48,122,20,109,105,36,94" hai1="128,87,75,35,59,73,15,120,60,106,111,79,54" hai2="17,118,30,93,78,134,56,22,12,46,82,32,65" hai3="21,29,116,90,40,57,114,125,9,124,108,62,47"/><T45/><D122/><U98/><E120/><V16/><F118/><W123/><G114/><T107/><D109/><U5/><E35/><V25/><F134/><W4/><G116/><T8/><D131/><U92/><E111/><V3/><F3/><W112/><G108/><T6/><D36/><U10/><E106/><V119/><F119/><W91/><G112/><T41/><D41/><U34/><E34/><V61/><F46/><W44/><G123/><T72/><D72/><U55/><E128/><V103/><F103/><W99/><G29/><T117/><D117/><U71/><E71/><V133/><F133/><W104/><G104/><T31/><D31/><U113/><E113/><V70/><F93/><W63/><G21/><T24/><D77/><U1/><E1/><V132/><F132/><W129/><G129/><T86/><D94/><U51/><E87/><V33/><F70/><W130/><G130/><T135/><D135/><U23/><E23/><V69/><F69/><W53/><G62/><T66/><D66/><U95/><E95/><V88/><F33/><W121/><G121/><T80/><D80/><U26/><E26/><V85/><F32/><W102/><G44/><T18/><D107/><U101/><E79/><V83/><F12/><N who="3" m="5159" /><G102/><T67/><D67/><U43/><E43/><V38/><F38/><N who="3" m="21911" /><G99/><T39/><D39/><U28/><E28/><V58/><F58/><AGARI ba="0,0" hai="5,10,15,51,54,55,58,59,60,73,75,92,98,101" machi="58" ten="30,1000,0" yaku="7,1" doraHai="14" who="1" fromWho="2" sc="250,0,250,10,250,-10,250,0" /><INIT seed="1,0,0,2,5,89" ten="250,260,240,250" oya="1" hai0="92,75,40,104,129,7,47,32,120,69,16,24,130" hai1="133,135,85,9,106,83,62,42,64,131,65,57,43" hai2="5,13,99,123,93,60,0,61,109,46,119,52,111" hai3="3,15,38,118,18,29,107,17,28,96,27,74,58"/><U14/><E106/><V22/><F123/><W91/><G118/><T63/><D120/><U70/><E131/><N who="0" m="50185" /><D75/><U8/><E8/><N who="2" m="2087" /><F119/><W2/><G38/><T53/><D104/><U124/><E124/><V33/><F13/><W56/><G74/><T87/><D7/><N who="1" m="3391" /><E65/><V125/><F22/><N who="3" m="13783" /><G107/><T4/><D4/><U77/><E70/><V128/><F33/><W76/><G76/><T94/><D32/><U86/><E86/><V41/><F128/><W12/><G96/><T55/><D87/><U121/><E121/><V1/><F1/><N who="3" m="11" /><G91/><T30/><D69/><U103/><E103/><N who="2" m="60911" /><F125/><W11/><G58/><N who="0" m="35279" /><D55/><U98/><E98/><V51/><F41/><W105/><G56/><T108/><D108/><AGARI ba="0,0" hai="46,51,52,60,61,108,109,111" m="60911,2087" machi="108" ten="30,3900,0" yaku="14,1,52,1,54,1" doraHai="89" who="2" fromWho="0" sc="250,-39,260,0,240,39,250,0" /><INIT seed="2,0,0,5,0,35" ten="211,260,279,250" oya="2" hai0="53,129,125,94,132,18,16,55,49,88,4,48,73" hai1="25,86,78,119,99,69,47,44,91,95,5,76,117" hai2="97,113,87,26,21,93,63,131,45,124,12,89,38" hai3="9,3,130,75,105,51,46,67,90,126,23,66,29"/><V40/><F113/><W128/><G75/><T33/><D33/><U114/><E114/><V22/><F131/><N who="3" m="50219" /><G105/><T20/><D132/><U82/><E69/><V103/><F124/><W7/><G126/><T70/><D70/><U135/><E135/><V71/><F12/><W58/><G90/><T28/><D28/><U74/><E25/><V42/><F42/><N who="3" m="25047" /><G58/><T60/><D129/><U79/><E5/><V59/><F71/><W6/><G6/><T101/><D125/><U134/><E134/><V0/><F0/><W17/><G29/><T127/><D127/><U84/><E44/><V77/><F77/><N who="1" m="29801" /><E47/><V61/><F61/><W52/><G52/><N who="0" m="20043" /><D60/><U104/><E86/><V112/><F112/><W83/><G83/><T116/><D116/><U10/><E10/><V121/><F121/><W102/><G102/><AGARI ba="0,0" hai="74,79,82,84,91,95,99,102,104,117,119" m="29801" machi="102" ten="30,3900,0" yaku="24,1,34,2" doraHai="35" who="1" fromWho="3" sc="211,0,260,39,279,0,250,-39" /><INIT seed="3,0,0,5,5,42" ten="211,299,279,211" oya="3" hai0="13,35,11,25,110,104,86,134,115,132,50,66,101" hai1="55,54,73,122,18,107,0,133,124,76,20,7,34" hai2="108,118,4,1,67,3,130,27,14,89,123,22,70" hai3="99,103,128,98,36,5,32,131,26,62,83,72,10"/><W74/><G36/><T17/><D115/><U41/><E122/><V135/><F70/><W52/><G32/><T64/><D110/><U77/><E107/><V56/><F67/><W127/><G26/><T28/><D101/><U16/><E34/><V60/><F118/><W87/><G5/><T30/><D104/><U90/><E133/><V51/><F135/><N who="0" m="51754" /><D86/><U21/><E124/><V85/><F51/><W37/><G10/><T59/><D30/><U120/><E120/><V45/><F123/><W92/><G37/><T40/><D59/><U113/><E113/><V31/><F130/><N who="3" m="49707" /><G127/><T116/><D116/><U93/><E41/><V106/><F106/><N who="3" m="63863" /><G62/><T82/><D82/><U111/><E111/><V117/><F108/><W47/><G47/><AGARI ba="0,0" hai="11,13,17,25,28,35,40,47,50,64,66" m="51754" machi="47" ten="30,2000,0" yaku="20,1,52,1" doraHai="42" who="0" fromWho="3" sc="211,20,299,0,279,0,211,-20" /><INIT seed="4,0,0,1,4,111" ten="231,299,279,191" oya="0" hai0="85,51,30,4,19,121,28,23,58,78,90,59,108" hai1="124,63,82,114,123,72,67,18,37,12,46,74,117" hai2="8,52,3,39,13,134,89,56,47,20,22,130,50" hai3="110,81,92,70,34,79,43,91,62,87,132,38,55"/><T112/><D112/><U17/><E114/><V45/><F134/><W98/><G34/><T40/><D121/><U61/><E117/><V69/><F3/><W71/><G110/><T116/><D116/><U99/><E123/><V88/><F69/><W76/><G132/><T93/><D108/><U5/><E124/><V6/><F130/><W53/><G38/><T95/><D4/><U119/><E119/><V73/><F73/><W2/><G2/><T1/><D1/><U84/><E5/><V15/><F39/><W35/><G43/><T126/><D126/><U54/><E99/><V21/><F13/><W26/><G35/><T120/><D120/><U80/><E18/><V113/><F113/><W103/><G26/><T135/><D135/><U86/><E54/><N who="2" m="30031" /><F47/><W66/><G71/><T10/><D10/><U27/><E27/><V75/><F75/><W11/><REACH who="3" step="1"/><G11/><REACH who="3" ten="231,299,279,181" step="2"/><T104/><D78/><AGARI ba="0,1" hai="53,55,62,66,70,76,78,79,81,87,91,92,98,103" machi="78" ten="40,2600,0" yaku="1,1,2,1,53,0" doraHai="111" doraHaiUra="102" who="3" fromWho="0" sc="231,-26,299,0,279,0,181,36" /><INIT seed="5,0,0,5,4,61" ten="205,299,279,217" oya="1" hai0="7,48,114,36,16,84,78,59,81,57,13,20,35" hai1="73,98,95,6,72,88,17,100,108,128,94,101,112" hai2="107,126,30,42,1,58,99,127,39,49,5,64,118" hai3="134,25,66,12,115,124,33,24,135,31,15,113,82"/><U40/><E40/><V27/><F118/><W116/><G116/><T111/><D111/><U46/><E46/><N who="2" m="23903" /><F1/><W106/><G106/><T65/><D114/><N who="3" m="43529" /><G124/><N who="2" m="47657" /><F5/><W110/><G110/><T21/><D36/><U96/><E112/><V28/><F49/><W97/><G97/><T2/><D2/><U22/><E108/><V92/><F107/><W55/><G55/><T69/><D69/><U56/><E128/><V11/><F11/><W133/><G82/><T93/><D93/><U102/><E6/><V76/><F76/><W37/><G37/><T117/><D117/><U85/><E56/><V89/><F27/><N who="3" m="18687" /><G66/><T121/><D7/><U47/><E47/><V60/><AGARI ba="0,0" hai="28,30,58,60,64,89,92,99" m="47657,23903" machi="60" ten="30,2000,0" yaku="18,1,52,1" doraHai="61" who="2" fromWho="2" sc="205,-5,299,-10,279,20,217,-5" /><INIT seed="6,0,0,0,1,0" ten="200,289,299,212" oya="2" hai0="19,25,95,111,92,76,29,2,38,11,39,94,46" hai1="105,61,59,60,50,12,20,16,135,99,6,87,106" hai2="68,113,15,127,69,103,90,57,74,130,41,86,27" hai3="123,77,114,28,75,102,116,51,35,52,80,4,88"/><V119/><F113/><W33/><G116/><T125/><D111/><U100/><E135/><V129/><F119/><W55/><G123/><T8/><D125/><U115/><E115/><V66/><F74/><W34/><G114/><T3/><D76/><U9/><E87/><V58/><F127/><W131/><G131/><N who="2" m="50185" /><F103/><W17/><G102/><T23/><D46/><U85/><E85/><V53/><F41/><W96/><G28/><T7/><D19/><U78/><E78/><V121/><F121/><W126/><G126/><T79/><REACH who="0" step="1"/><D79/><REACH who="0" ten="190,289,299,212" step="2"/><U67/><E105/><V40/><F40/><W101/><G17/><T118/><D118/><U31/><E31/><V21/><F15/><W26/><G26/><T108/><D108/><U124/><E124/><V112/><F112/><W48/><G4/><AGARI ba="0,1" hai="2,3,4,7,8,11,23,25,29,38,39,92,94,95" machi="4" ten="40,8000,1" yaku="1,1,9,1,52,2,53,0" doraHai="0" doraHaiUra="65" who="0" fromWho="3" sc="190,90,289,0,299,0,212,-80" /><INIT seed="7,0,0,4,5,68" ten="280,289,299,132" oya="3" hai0="112,118,113,129,55,46,134,83,34,38,1,23,44" hai1="110,81,80,84,87,78,43,48,88,36,133,73,41" hai2="109,65,12,30,19,105,77,76,53,47,50,27,126" hai3="131,31,0,74,122,92,82,17,120,7,75,10,71"/><W6/><G71/><T62/><D34/><U85/><E110/><V25/><F105/><W94/><G131/><T101/><D101/><U56/><E133/><V58/><F109/><W20/><G82/><N who="1" m="31850" /><E36/><V97/><F126/><W22/><G31/><T103/><D103/><U124/><E73/><V119/><F119/><W116/><G116/><T29/><D1/><U132/><E132/><V57/><F97/><W60/><G60/><T26/><D118/><U51/><E78/><N who="2" m="30315" /><F30/><W79/><G79/><T104/><D104/><U24/><E124/><V107/><F107/><W37/><G37/><T45/><D134/><U32/><E32/><V135/><F135/><W54/><G54/><T63/><D83/><N who="1" m="49183" /><E24/><N who="2" m="9291" /><F65/><W2/><REACH who="3" step="1"/><G10/><AGARI ba="0,0" hai="10,12,19,47,50,53,57,58" m="9291,30315" machi="10" ten="30,1000,0" yaku="8,1" doraHai="68" who="2" fromWho="3" sc="280,0,289,0,299,10,132,-10" owari="280,-12.0,289,9.0,309,41.0,122,-38.0" /></mjloggm>