<mjloggm ver="2.3"><GO type="169" lobby="0"/><UN n0="%E3%81%B3%E3%82%8A%E3%81%B3%E3%82%8A%E2%98%86%E3%83%93%E3%83%AA%E3%83%BC" n1="%E3%82%A6%E3%83%AB%E3%83%88%E3%83%A9%E7%AB%8B%E7%9B%B4" n2="%E3%83%AD%E3%83%83%E3%83%86%E9%9B%80%E7%90%83" n3="%E3%81%86%E3%81%A0%E3%81%A3%E3%81%B7" dan="18,17,16,16" rate="2160.99,2209.08,2103.88,2119.30" sx="M,M,M,M"/><TAIKYOKU oya="0"/><INIT seed="0,0,0,3,5,88" ten="250,250,250,250" oya="0" hai0="108,114,4,78,26,118,30,83,133,80,54,70,52" hai1="89,49,12,25,99,75,43,44,115,124,135,66,36" hai2="104,0,41,130,85,7,35,55,113,17,123,24,101" hai3="82,11,13,67,125,33,53,105,63,106,72,93,107"/><T94/><D114/><U79/><E79/><V120/><F113/><W110/><G110/><T91/><D118/><U121/><E75/><V86/><F41/><W47/><G33/><T40/><D70/><U103/><E89/><V111/><F111/><W60/><G125/><T112/><D112/><U117/><E117/><V21/><F130/><W27/><G27/><T48/><D108/><U56/><E135/><V18/><F35/><W68/><G82/><N who="0" m="31275" /><D78/><U3/><E25/><V129/><F55/><W128/><G72/><T119/><D4/><U42/><E3/><V132/><F7/><W87/><G128/><T127/><D119/><U28/><E124/><V65/><F104/><W38/><G38/><T9/><D9/><U29/><E36/><V109/><F132/><W97/><G87/><N who="0" m="52607" /><D127/><U58/><E121/><V84/><F0/><W59/><G47/><N who="0" m="25703" /><D133/><U1/><E1/><V61/><F129/><W5/><REACH who="3" step="1"/><G106/><REACH who="3" ten="250,250,250,240" step="2"/><T76/><D76/><U22/><E115/><V131/><F131/><W71/><G71/><T32/><D32/><U6/><E44/><V14/><F109/><W69/><G69/><T23/><AGARI ba="0,1" hai="23,26,30,52,54" m="25703,52607,31275" machi="23" ten="30,6000,0" yaku="8,1,52,1,54,1" doraHai="88" who="0" fromWho="0" sc="250,70,250,-20,250,-20,240,-20" /><INIT seed="0,1,0,5,3,78" ten="320,230,230,220" oya="0" hai0="85,77,115,124,8,101,5,103,62,19,20,102,30" hai1="119,24,90,95,66,34,120,98,56,51,42,69,49" hai2="60,81,23,80,134,107,12,65,132,121,27,76,108" hai3="131,41,21,46,17,67,112,32,64,128,26,70,129"/><T9/><D115/><U44/><E119/><V28/><F121/><W116/><G116/><T83/><D124/><U39/><E120/><V0/><F108/><W125/><G112/><T74/><D74/><U2/><E2/><V48/><F0/><W118/><G118/><T84/><D30/><U93/><E24/><V57/><F107/><W71/><G125/><T75/><D62/><U55/><E34/><V59/><F12/><W53/><G53/><T114/><D114/><U117/><E117/><V22/><F22/><W127/><G127/><T45/><D45/><U97/><E69/><N who="3" m="26122" /><G32/><T33/><D33/><U52/><E66/><V68/><F48/><AGARI ba="1,0" hai="17,21,26,41,46,48,64,67,128,129,131" m="26122" machi="48" ten="40,1300,0" yaku="19,1" doraHai="78" who="3" fromWho="2" sc="320,0,230,0,230,-16,220,16" /><INIT seed="1,0,0,0,2,13" ten="320,230,214,236" oya="1" hai0="86,43,116,33,60,108,17,119,128,103,40,118,76" hai1="21,91,81,0,130,101,45,82,131,34,59,96,97" hai2="67,122,77,61,129,57,53,9,72,29,41,94,20" hai3="32,71,54,133,121,19,75,92,50,26,84,85,106"/><U93/><E34/><V78/><F122/><W37/><G121/><T3/><D33/><U48/><E0/><V111/><F111/><W16/><G106/><T113/><D3/><U126/><E59/><V47/><F129/><N who="1" m="49161" /><E21/><V42/><F9/><W46/><G75/><T55/><D108/><U51/><E51/><N who="2" m="28927" /><F94/><W44/><G71/><T73/><D60/><U115/><E115/><V110/><F72/><W79/><G133/><T38/><D113/><U18/><E18/><N who="3" m="6698" /><G32/><T2/><D2/><U124/><E48/><V22/><F22/><W24/><G37/><T99/><D38/><U66/><E66/><V125/><F125/><N who="1" m="48233" /><E45/><V8/><F8/><W65/><G65/><T7/><D128/><U98/><E98/><V5/><F110/><W25/><G79/><N who="2" m="30217" /><F5/><W89/><G46/><T35/><D35/><U39/><E39/><V88/><F20/><W30/><G30/><T15/><D119/><U12/><E12/><V114/><F29/><W1/><G1/><T80/><D118/><U107/><AGARI ba="0,0" hai="81,82,91,93,96,97,101,107" m="48233,49161" machi="107" ten="30,11700,0" yaku="19,1,18,1,34,2" doraHai="13" who="1" fromWho="1" sc="320,-39,230,117,214,-39,236,-39" /><INIT seed="1,1,0,5,0,31" ten="281,347,175,197" oya="1" hai0="131,109,132,83,11,2,105,133,85,7,10,34,8" hai1="134,117,99,111,46,73,77,30,68,29,129,76,39" hai2="4,38,0,89,63,19,79,43,98,5,12,36,102" hai3="25,1,28,14,110,69,20,32,3,23,71,52,56"/><U101/><E68/><V123/><F123/><W92/><G110/><T49/><D105/><U18/><E117/><V13/><F0/><W90/><G69/><T24/><D109/><U51/><E39/><V84/><F79/><W103/><G103/><T135/><D49/><U67/><E67/><V127/><F127/><W120/><G71/><T118/><D118/><U62/><E62/><V106/><F63/><W22/><G14/><T21/><D131/><U125/><E125/><V128/><F128/><W26/><G120/><T66/><D66/><U81/><E76/><V96/><F96/><W80/><G80/><T47/><D47/><U126/><E134/><V97/><F97/><W41/><G26/><T82/><D82/><U6/><E6/><V114/><F114/><W70/><G41/><T130/><D130/><U37/><E37/><V100/><F100/><W40/><G40/><T104/><D104/><U17/><E126/><V112/><F112/><W64/><G70/><T78/><REACH who="0" step="1"/><D34/><REACH who="0" ten="271,347,175,197" step="2"/><U86/><E129/><V53/><F38/><W33/><G32/><T94/><D94/><N who="1" m="58615" /><E73/><V27/><F36/><W122/><G122/><T50/><D50/><U74/><E74/><V15/><F106/><W54/><G64/><T44/><D44/><U59/><E46/><V108/><F108/><W45/><G45/><T116/><D116/><U88/><E111/><V57/><F43/><W75/><G75/><T113/><D113/><U87/><E51/><V55/><F4/><W72/><G72/><T95/><D95/><N who="1" m="54679" /><E59/><V107/><F57/><W42/><G56/><T9/><D9/><RYUUKYOKU ba="1,1" sc="271,15,347,15,175,-15,197,-15" hai0="2,7,8,10,11,21,24,78,83,85,132,133,135" hai1="17,18,29,30,77,81,87" /><INIT seed="1,2,1,5,4,25" ten="286,362,160,182" oya="1" hai0="111,88,121,49,122,94,68,116,75,130,118,62,98" hai1="110,53,15,97,72,125,20,133,63,105,35,119,27" hai2="124,2,126,24,26,132,93,52,3,37,12,92,76" hai3="102,77,40,108,84,16,80,46,70,78,14,51,127"/><U103/><E72/><V34/><F37/><W74/><G108/><T33/><D33/><U44/><E119/><N who="0" m="45609" /><D49/><U107/><E107/><V10/><F132/><W66/><G127/><N who="2" m="48681" /><F76/><W11/><G102/><T29/><D29/><U134/><E110/><V6/><F52/><N who="3" m="29815" /><G74/><T41/><D41/><U17/><E125/><V109/><F109/><W90/><G70/><T42/><D42/><U117/><E117/><V7/><F93/><W99/><G40/><T57/><D68/><U19/><E44/><V96/><F6/><W135/><G135/><N who="1" m="51722" /><E35/><V48/><F48/><W4/><G66/><N who="0" m="39247" /><D111/><U45/><E45/><V60/><F60/><W87/><G99/><T54/><D54/><U86/><E86/><N who="3" m="32810" /><G4/><T131/><D75/><U91/><E91/><N who="2" m="55327" /><F34/><W85/><AGARI ba="2,1" hai="11,14,16,77,78,80,85,90" m="32810,29815" machi="85" ten="30,7900,0" yaku="25,1,8,1,54,2" doraHai="25" who="3" fromWho="3" sc="286,-22,362,-41,160,-22,182,95" /><INIT seed="2,0,0,2,1,5" ten="264,321,138,277" oya="2" hai0="39,115,36,81,14,7,88,78,46,12,101,44,70" hai1="29,120,43,31,84,135,18,27,45,129,121,57,74" hai2="52,0,91,76,89,56,54,6,123,75,126,68,77" hai3="109,100,111,17,22,13,37,82,73,132,85,90,95"/><V130/><F123/><N who="1" m="47177" /><E74/><V80/><F68/><W108/><G37/><T41/><D115/><U72/><E72/><V24/><F126/><W113/><G113/><T128/><D70/><U64/><E84/><V94/><F130/><W67/><G67/><T58/><D101/><U124/><E135/><V15/><F77/><N who="3" m="44335" /><G100/><T87/><D128/><U19/><E31/><V50/><F0/><W9/><G132/><T117/><D117/><U21/><E129/><V10/><F94/><W97/><G97/><T55/><D78/><U4/><E4/><V47/><REACH who="2" step="1"/><F24/><REACH who="2" ten="264,321,128,277" step="2"/><W61/><G61/><AGARI ba="0,1" hai="6,10,15,47,50,52,54,56,61,75,76,80,89,91" machi="61" ten="30,12000,1" yaku="1,1,2,1,7,1,52,1,54,1,53,0" doraHai="5" doraHaiUra="83" who="2" fromWho="3" sc="264,0,321,0,128,130,277,-120" /><INIT seed="2,1,0,2,3,60" ten="264,321,258,157" oya="2" hai0="85,12,77,130,72,58,15,74,102,7,34,99,116" hai1="41,115,25,131,100,84,61,67,87,24,10,0,93" hai2="26,9,91,20,8,133,96,44,56,95,132,76,50" hai3="27,39,22,14,18,46,29,48,113,54,128,135,11"/><V86/><F56/><W98/><G128/><T110/><D34/><U80/><E41/><V37/><F37/><W30/><G135/><N who="2" m="51785" /><F76/><W62/><G113/><T78/><D130/><U89/><E115/><V117/><F96/><W45/><G39/><T79/><D110/><U103/><E131/><V19/><F117/><W73/><G73/><T112/><D112/><U127/><E127/><V104/><F104/><W106/><G45/><T123/><D123/><U105/><E105/><V5/><F5/><W119/><G119/><T1/><D1/><U28/><E0/><V17/><F17/><W90/><G62/><T43/><D85/><U92/><E87/><V97/><F97/><W57/><G57/><T16/><D58/><N who="1" m="37303" /><E103/><V88/><F91/><W38/><G38/><T3/><D116/><U64/><E100/><V65/><F65/><W126/><G126/><T129/><D129/><U55/><E64/><V53/><AGARI ba="1,0" hai="8,9,19,20,26,44,50,53,86,88,95" m="51785" machi="53" ten="30,3000,0" yaku="20,1,54,1" doraHai="60" who="2" fromWho="2" sc="264,-11,321,-11,258,33,157,-11" /><INIT seed="2,2,0,3,2,12" ten="253,310,291,146" oya="2" hai0="100,104,118,116,27,103,57,45,33,124,81,62,11" hai1="32,5,86,88,17,84,134,135,122,22,132,14,21" hai2="113,39,73,19,127,90,50,56,89,94,125,36,48" hai3="52,111,117,1,123,8,76,2,64,6,83,63,107"/><V78/><F113/><W87/><G111/><T80/><D124/><N who="2" m="47690" /><F90/><W59/><G123/><T60/><D45/><U34/><E122/><V128/><F128/><W35/><G117/><N who="0" m="45163" /><D62/><U42/><E86/><V99/><F19/><W65/><G107/><T0/><D104/><U115/><E115/><V54/><F50/><W120/><G120/><T9/><D27/><U58/><E5/><V96/><F99/><W37/><G35/><T98/><D33/><U13/><E42/><V26/><F26/><W131/><G37/><T110/><D110/><U29/><E58/><V31/><F31/><W95/><G131/><T41/><D41/><U130/><E130/><V126/><N who="2" m="47698" /><V102/><DORA hai="109" /><F102/><N who="0" m="38954" /><D98/><U55/><E29/><V20/><F36/><W106/><G106/><T67/><D9/><U24/><E24/><V51/><F39/><W77/><G77/><T79/><D79/><U70/><E70/><V108/><F108/><W72/><REACH who="3" step="1"/><G1/><REACH who="3" ten="253,310,291,136" step="2"/><T4/><AGARI ba="2,1" hai="0,4,11,57,60,67,80,81" m="38954,45163" machi="4" ten="30,1100,0" yaku="12,1" doraHai="12,109" who="0" fromWho="0" sc="253,27,310,-5,291,-7,136,-5" /><INIT seed="3,0,0,3,2,17" ten="280,305,284,131" oya="3" hai0="1,73,34,35,134,91,2,133,95,14,130,97,65" hai1="62,20,10,111,8,120,116,105,21,22,52,121,135" hai2="80,128,81,48,47,92,56,26,124,64,86,54,101" hai3="102,4,94,112,3,60,5,79,30,98,85,39,69"/><W67/><G112/><T108/><D73/><U132/><E105/><V76/><F124/><W131/><G39/><T28/><D108/><U90/><E90/><V18/><F128/><W53/><G131/><T13/><D130/><U61/><E111/><V63/><F81/><W31/><G53/><T119/><D65/><U44/><E44/><V42/><F64/><W88/><G79/><T109/><D109/><U83/><E83/><V122/><F122/><N who="1" m="47209" /><E52/><V59/><F59/><W0/><G4/><T15/><D119/><U96/><E96/><N who="2" m="59527" /><F18/><W103/><G103/><T78/><D78/><U55/><E55/><V100/><F26/><W87/><G87/><T41/><D41/><U123/><E116/><V51/><F100/><W50/><G50/><AGARI ba="0,0" hai="42,47,48,50,51,54,56,63,76,80,86" m="59527" machi="50" ten="30,1000,0" yaku="8,1" doraHai="17" who="2" fromWho="3" sc="280,0,305,0,284,10,131,-10" /><INIT seed="4,0,0,4,2,130" ten="280,305,294,121" oya="0" hai0="49,28,60,128,131,117,113,5,112,92,14,115,7" hai1="119,46,4,27,23,105,54,78,20,76,62,74,22" hai2="26,37,93,111,127,86,89,34,85,59,39,41,40" hai3="125,102,98,57,124,51,94,68,101,87,0,29,134"/><T38/><D38/><U91/><E105/><V82/><F111/><W1/><G68/><T64/><D117/><U104/><E104/><V80/><F127/><N who="3" m="48715" /><G29/><T16/><D28/><U118/><E74/><V8/><F8/><W135/><G101/><T43/><D92/><U88/><E27/><V90/><F93/><W121/><G121/><T63/><D60/><U99/><E4/><N who="0" m="1609" /><D49/><N who="1" m="28983" /><E119/><V9/><F9/><W56/><G87/><T103/><D43/><U114/><E114/><V96/><F40/><W132/><G51/><T15/><D103/><U19/><E118/><V122/><F41/><W44/><G44/><T30/><D30/><U120/><E120/><V13/><F122/><W24/><G24/><T123/><D123/><U31/><E31/><V6/><F26/><W66/><G66/><T106/><D106/><U116/><E116/><V48/><F34/><W25/><G25/><T47/><D47/><U73/><E73/><V32/><F32/><W126/><N who="3" m="48723" /><W50/><DORA hai="83" /><G50/><T35/><D35/><U110/><E62/><V33/><F33/><W81/><G81/><T100/><D100/><U55/><E110/><V109/><F109/><W97/><G98/><T3/><D63/><U53/><E19/><V65/><F96/><W17/><G17/><T36/><D16/><U79/><E99/><V67/><F48/><W71/><G71/><T21/><D115/><U2/><E2/><AGARI ba="0,0" hai="0,1,2,56,57,94,97,102,132,134,135" m="48723" machi="2" ten="50,8000,1" yaku="20,1,18,1,52,3" doraHai="130,83" who="3" fromWho="1" sc="280,0,305,-80,294,0,121,80" /><INIT seed="5,0,0,0,4,41" ten="280,225,294,201" oya="1" hai0="121,133,82,101,38,110,3,30,98,90,61,19,70" hai1="45,18,67,108,0,92,126,36,28,66,123,35,65" hai2="68,128,83,80,26,60,89,104,53,21,32,1,2" hai3="10,22,57,105,111,114,106,122,76,52,100,81,34"/><U17/><E0/><V124/><F32/><W55/><G111/><T42/><D110/><U99/><E123/><V64/><F104/><W44/><G122/><T95/><D3/><U107/><E107/><V113/><F124/><W27/><G34/><T63/><D121/><U112/><E112/><V103/><F128/><W7/><G114/><T109/><D30/><U48/><E36/><V135/><F113/><W25/><G25/><T77/><D70/><U131/><E131/><V71/><F103/><W20/><G20/><T85/><D109/><U5/><E5/><V84/><F71/><W118/><G118/><T88/><D133/><U49/><E108/><V47/><F135/><W31/><G100/><T59/><D63/><U125/><E28/><V11/><F83/><W116/><G116/><T13/><D42/><N who="1" m="24631" /><E35/><V40/><F53/><W37/><G105/><T87/><D38/><U58/><E126/><V62/><F62/><W39/><G106/><T6/><D6/><U86/><E86/><V119/><F119/><W69/><G69/><T96/><D87/><U72/><E72/><V117/><F117/><W97/><G37/><T12/><D98/><U43/><E125/><V24/><F1/><N who="3" m="367" /><G97/><T78/><D19/><U73/><E73/><V74/><F74/><N who="3" m="43159" /><G57/><T33/><D33/><U51/><E58/><V4/><REACH who="2" step="1"/><F21/><REACH who="2" ten="280,225,284,201" step="2"/><W50/><G55/><N who="0" m="34047" /><D78/><U91/><E43/><V102/><F102/><W23/><G22/><T93/><D77/><U75/><E75/><V16/><F16/><AGARI ba="0,1" hai="16,17,18,49,51,65,66,67,91,92,99" m="24631" machi="16" ten="30,5800,0" yaku="8,1,52,1,54,1" doraHai="41" who="1" fromWho="2" sc="280,0,225,68,284,-58,201,0" /><INIT seed="5,1,0,2,4,114" ten="280,293,226,201" oya="1" hai0="17,80,74,4,81,126,130,62,23,29,121,25,27" hai1="106,117,115,128,1,93,32,88,6,79,132,89,72" hai2="64,103,54,24,113,105,44,61,58,63,123,40,69" hai3="43,14,99,85,110,2,125,35,129,46,133,92,56"/><U5/><E32/><V38/><F105/><W70/><G110/><T76/><D130/><U18/><E106/><V26/><F103/><W8/><G70/><T75/><D126/><U42/><E79/><V122/><REACH who="2" step="1"/><F113/><REACH who="2" ten="280,293,216,201" step="2"/><W84/><G129/><T109/><D109/><U67/><E115/><V53/><F53/><W50/><G125/><T10/><D121/><AGARI ba="1,1" hai="24,26,38,40,44,54,58,61,63,64,69,121,122,123" machi="121" ten="40,5200,0" yaku="1,1,53,2" doraHai="114" doraHaiUra="20" who="2" fromWho="0" sc="280,-55,293,0,216,65,201,0" /><INIT seed="6,0,0,0,2,113" ten="225,293,281,201" oya="2" hai0="91,40,54,65,94,80,23,63,25,17,83,15,77" hai1="39,131,24,43,128,98,109,30,104,71,29,124,21" hai2="41,26,57,115,50,78,119,56,16,49,130,69,105" hai3="11,9,66,82,70,5,85,31,103,100,72,106,88"/><V101/><F115/><W123/><G123/><T47/><D54/><U118/><E71/><V99/><F119/><W35/><G72/><T120/><D120/><U27/><E109/><V67/><F130/><N who="1" m="49705" /><E124/><V19/><F78/><W45/><G45/><T7/><D77/><U121/><E118/><V93/><F105/><W108/><G108/><T92/><D92/><U1/><E1/><V38/><F38/><W22/><G22/><T129/><D129/><U3/><E3/><V135/><F135/><W46/><G46/><T32/><D32/><U87/><E87/><V12/><F69/><W127/><G127/><T111/><D111/><U132/><E132/><V107/><F107/><W76/><G76/><T90/><D90/><U10/><E10/><N who="2" m="6167" /><F41/><W79/><G79/><T13/><D83/><U36/><E43/><V110/><F110/><W64/><G9/><T84/><D80/><U95/><E104/><V6/><F6/><W33/><G33/><T59/><REACH who="0" step="1"/><D7/><REACH who="0" ten="215,293,281,201" step="2"/><U34/><E121/><V116/><F116/><W53/><G53/><T14/><D14/><U44/><E44/><V42/><F42/><W86/><G106/><T0/><D0/><U112/><E112/><V58/><F67/><N who="3" m="25643" /><G85/><T125/><D125/><U102/><AGARI ba="0,1" hai="21,24,27,29,30,34,36,39,95,98,102" m="49705" machi="102" ten="30,1100,0" yaku="19,1" doraHai="113" who="1" fromWho="1" sc="215,-3,293,21,281,-5,201,-3" /><INIT seed="7,0,0,1,2,72" ten="212,314,276,198" oya="3" hai0="127,7,74,129,116,40,65,88,91,8,53,19,2" hai1="117,113,93,68,57,60,20,14,64,11,83,119,69" hai2="108,54,61,10,90,135,63,112,130,132,41,71,32" hai3="73,22,118,111,47,16,97,9,106,131,55,37,39"/><W26/><G118/><N who="1" m="45066" /><E93/><V76/><F108/><W122/><G111/><T133/><D19/><N who="1" m="10359" /><E113/><V86/><F130/><W125/><G122/><T51/><D91/><U75/><E11/><V105/><F105/><W110/><G110/><T95/><D53/><U94/><E94/><V128/><F128/><W62/><G131/><T58/><D65/><U25/><E25/><V100/><F100/><W27/><G125/><T104/><D104/><U78/><AGARI ba="0,0" hai="57,60,64,68,69,75,78,83" m="10359,45066" machi="78" ten="30,2000,0" yaku="12,1,52,1" doraHai="72" who="1" fromWho="1" sc="212,-5,314,20,276,-5,198,-10" owari="207,-19.0,334,43.0,271,7.0,188,-31.0" /></mjloggm>