<mjloggm ver="2.3"><GO type="169" lobby="0"/><UN n0="%E3%81%86%E3%81%A9%E3%82%93%E5%B1%8B" n1="%4B%69%72%63%68%65" n2="%E5%B0%B1%E6%B4%BB%E7%94%9F%40%E5%B7%9D%E6%9D%91%E8%BB%8D%E5%9B%A3" n3="%E3%82%A2%E3%83%95%E3%83%AA%E3%82%AB" dan="17,16,16,17" rate="2192.46,2105.86,2079.03,2149.43" sx="M,M,M,M"/><TAIKYOKU oya="0"/><INIT seed="0,0,0,0,3,55" ten="250,250,250,250" oya="0" hai0="80,122,129,93,98,41,103,124,24,83,25,135,118" hai1="95,35,114,126,59,39,18,56,11,101,97,14,29" hai2="37,8,28,6,66,0,60,36,57,105,68,22,51" hai3="92,96,130,34,46,112,75,84,77,10,73,12,4"/><T109/><D118/><U123/><E123/><V132/><F105/><W2/><G112/><T54/><D122/><U76/><E39/><V79/><F132/><W9/><G34/><T40/><D135/><U58/><E114/><V119/><F119/><W19/><G130/><T32/><D129/><U134/><E134/><V91/><F79/><W23/><G46/><T44/><D124/><U94/><E126/><V133/><F133/><W102/><G77/><T72/><D109/><U100/><E76/><V71/><F91/><W113/><G113/><T61/><D72/><U90/><REACH who="1" step="1"/><E95/><REACH who="1" ten="250,240,250,250" step="2"/><V27/><REACH who="2" step="1"/><F51/><REACH who="2" ten="250,240,240,250" step="2"/><W21/><G75/><T87/><D93/><U5/><E5/><V62/><F62/><W82/><G73/><T13/><D61/><U67/><E67/><V42/><F42/><W89/><AGARI ba="0,2" hai="2,4,9,10,12,19,21,23,82,84,89,92,96,102" machi="89" ten="20,1500,0" yaku="0,1,7,1" doraHai="55" who="3" fromWho="3" sc="250,-7,240,-4,240,-4,250,35" /><INIT seed="1,0,0,0,3,80" ten="243,236,236,285" oya="1" hai0="40,99,26,135,61,29,6,21,59,56,67,51,121" hai1="130,100,128,23,119,94,93,13,116,124,27,63,133" hai2="98,105,71,5,47,64,72,104,3,79,82,11,35" hai3="69,109,88,31,41,57,81,91,9,75,129,18,92"/><U60/><E13/><V44/><F44/><W127/><G69/><T20/><D135/><U101/><E23/><V55/><F55/><W15/><G127/><T110/><D110/><U22/><E22/><V117/><F117/><N who="1" m="45129" /><E27/><V10/><F10/><W96/><G109/><T103/><D121/><U123/><E123/><V16/><F16/><W39/><G129/><N who="1" m="49770" /><E133/><V14/><F14/><W84/><G75/><T73/><D73/><U102/><E124/><V107/><F47/><W46/><REACH who="3" step="1"/><G57/><REACH who="3" ten="243,236,236,275" step="2"/><T33/><D56/><U90/><E90/><V53/><F71/><W17/><G17/><T50/><D59/><U19/><E19/><V4/><F4/><W45/><G45/><T58/><D6/><U97/><E97/><V37/><F98/><W126/><G126/><T77/><D58/><U52/><E52/><V132/><F53/><W118/><G118/><T43/><D99/><U120/><E120/><V24/><F132/><W68/><G68/><T49/><D43/><U76/><E76/><V66/><F66/><W111/><G111/><T122/><D122/><U74/><E74/><V86/><F64/><W28/><AGARI ba="0,1" hai="9,15,18,28,31,39,41,46,81,84,88,91,92,96" machi="28" ten="30,8000,1" yaku="1,1,0,1,52,1,54,1,53,1" doraHai="80" doraHaiUra="12" who="3" fromWho="3" sc="243,-20,236,-40,236,-20,275,90" /><INIT seed="2,0,0,2,4,1" ten="223,196,216,365" oya="2" hai0="101,124,113,23,79,16,78,57,19,62,70,94,33" hai1="106,88,125,13,15,92,47,41,7,98,58,25,37" hai2="99,69,131,84,24,32,22,12,38,110,39,102,63" hai3="83,53,46,68,18,31,109,52,97,75,5,93,34"/><V128/><F32/><W28/><G68/><T54/><D113/><U3/><E106/><V59/><F69/><W104/><G104/><T73/><D33/><U71/><E71/><V6/><F84/><W87/><G75/><T123/><D123/><U86/><E125/><V95/><F110/><W134/><G109/><T108/><D108/><U132/><E132/><V116/><F116/><W56/><G134/><T107/><D124/><U129/><E129/><V91/><F131/><W120/><G120/><T96/><D73/><U60/><E86/><V2/><F2/><W64/><G64/><T130/><D130/><U127/><E25/><V105/><F128/><W35/><G18/><T74/><D74/><U26/><E26/><V80/><F80/><W36/><G36/><T115/><D115/><U48/><E37/><V100/><F105/><W117/><G117/><T50/><D107/><U40/><E41/><V20/><F38/><W89/><G35/><T82/><D82/><U81/><E81/><V21/><F39/><W42/><G42/><T90/><D101/><U65/><REACH who="1" step="1"/><E127/><REACH who="1" ten="223,186,216,365" step="2"/><V126/><F126/><W133/><G133/><T44/><D70/><U49/><E49/><V4/><F24/><W112/><G112/><T43/><D79/><U77/><E77/><V76/><F76/><W111/><G111/><T55/><D78/><U27/><E27/><V11/><REACH who="2" step="1"/><F6/><REACH who="2" ten="223,186,206,365" step="2"/><W30/><G5/><T85/><D85/><U121/><E121/><V135/><F135/><W17/><G34/><T72/><D72/><U9/><AGARI ba="0,2" hai="3,7,9,13,15,40,47,48,58,60,65,88,92,98" machi="9" ten="30,7900,0" yaku="1,1,0,1,52,1,54,1,53,0" doraHai="1" doraHaiUra="118" who="1" fromWho="1" sc="223,-20,186,99,206,-39,365,-20" /><INIT seed="3,0,0,5,1,85" ten="203,285,167,345" oya="3" hai0="104,79,62,105,100,47,23,4,56,116,73,130,129" hai1="27,95,60,112,80,40,39,134,91,106,128,102,96" hai2="121,86,126,36,45,113,89,11,33,74,132,52,29" hai3="54,17,92,20,67,64,66,110,55,31,46,88,22"/><W82/><G82/><T9/><D116/><U101/><E112/><V12/><F113/><W58/><G110/><T81/><D23/><U103/><E134/><V127/><F74/><W133/><G133/><T59/><D47/><U15/><E128/><N who="0" m="49257" /><D100/><U26/><E106/><N who="0" m="41065" /><D62/><U65/><E80/><N who="2" m="49351" /><F36/><W90/><G92/><T69/><D69/><U108/><E108/><V83/><F132/><W28/><G46/><T34/><D34/><U57/><E39/><V50/><F83/><W6/><G6/><T24/><D24/><U124/><E124/><N who="2" m="47659" /><F121/><W43/><G43/><T21/><D21/><N who="3" m="8297" /><G17/><T14/><AGARI ba="0,0" hai="4,9,14,56,59,73,79,81" m="41065,49257" machi="14" ten="30,1100,0" yaku="19,1" doraHai="85" who="0" fromWho="0" sc="203,11,285,-3,167,-3,345,-5" /><INIT seed="4,0,0,2,3,86" ten="214,282,164,340" oya="0" hai0="48,73,95,40,62,36,15,30,23,70,129,120,106" hai1="91,10,51,83,6,11,124,77,39,65,43,104,135" hai2="66,17,76,2,133,89,26,13,96,18,7,61,69" hai3="55,68,122,100,67,42,59,32,16,8,118,88,84"/><T0/><D15/><U85/><E104/><V20/><F133/><W5/><G32/><T132/><D23/><U93/><E39/><V24/><F76/><W90/><G118/><T121/><D95/><U125/><E135/><V98/><F98/><W123/><G100/><T34/><D30/><U130/><E130/><V113/><F113/><W58/><G42/><T54/><D54/><U46/><E65/><V115/><F115/><W94/><G16/><T56/><D56/><U111/><E111/><V92/><F2/><W27/><G27/><T110/><D48/><U60/><E60/><V64/><F7/><W3/><G90/><T79/><D62/><U29/><E29/><V72/><F72/><W82/><G82/><T97/><D97/><U108/><E108/><V44/><F64/><W4/><G4/><T63/><D63/><U87/><REACH who="1" step="1"/><E11/><REACH who="1" ten="214,272,164,340" step="2"/><V47/><REACH who="2" step="1"/><F26/><REACH who="2" ten="214,272,154,340" step="2"/><W41/><G67/><T80/><D120/><U12/><AGARI ba="0,2" hai="6,10,12,43,46,51,77,83,85,87,91,93,124,125" machi="12" ten="30,12000,2" yaku="1,1,2,1,0,1,25,2,52,1,53,0" doraHai="86" doraHaiUra="107" who="1" fromWho="1" sc="214,-60,272,140,154,-30,340,-30" /><INIT seed="5,0,0,4,0,25" ten="154,412,124,310" oya="1" hai0="17,28,70,46,59,63,19,128,78,2,0,84,133" hai1="94,26,79,119,115,47,127,22,35,96,83,108,9" hai2="27,56,98,88,4,23,129,92,82,14,60,49,86" hai3="54,112,45,58,66,39,5,102,37,123,125,38,71"/><U121/><E121/><V109/><F129/><W32/><G123/><T21/><D70/><U68/><E119/><V104/><F109/><W53/><G102/><T103/><D128/><U85/><E108/><V57/><F104/><W99/><G99/><T114/><D114/><U8/><E35/><V52/><F4/><W50/><G5/><T64/><D133/><U97/><E68/><V130/><F130/><W135/><G32/><T3/><D103/><U77/><E115/><V90/><F14/><W100/><G100/><T132/><D132/><U15/><E127/><V11/><F11/><W75/><G75/><T106/><D106/><U36/><E79/><V51/><F57/><W131/><G131/><T65/><D65/><U1/><E1/><V44/><F44/><W134/><G112/><T43/><D78/><U34/><E34/><V122/><F122/><W55/><G125/><T30/><D84/><U69/><E69/><V31/><AGARI ba="0,0" hai="23,27,31,49,51,52,56,60,82,86,88,90,92,98" machi="31" ten="20,12000,2" yaku="0,1,7,1,8,1,52,1,54,2" doraHai="25" who="2" fromWho="2" sc="154,-30,412,-60,124,120,310,-30" /><INIT seed="6,0,0,2,2,123" ten="124,352,244,280" oya="2" hai0="127,62,80,104,8,85,108,13,47,97,45,115,133" hai1="56,24,37,106,122,6,21,57,128,17,69,134,52" hai2="70,10,3,77,110,72,131,132,73,111,14,103,34" hai3="107,36,118,38,119,90,5,54,64,130,44,9,1"/><V15/><F70/><W88/><G107/><T41/><D115/><U116/><E69/><V82/><F34/><W26/><G130/><T105/><D133/><U19/><E116/><V40/><F131/><W87/><G64/><T22/><D127/><U32/><E128/><V50/><F132/><W20/><G90/><T39/><D22/><U49/><E134/><V29/><F29/><W33/><G33/><T66/><D45/><U65/><E37/><V74/><F103/><W59/><G44/><T99/><D104/><U16/><E106/><V79/><F3/><W60/><G119/><T91/><D105/><U129/><E129/><V95/><F95/><W55/><G55/><T43/><D43/><U71/><E71/><V68/><F68/><W53/><G53/><T121/><D121/><U135/><E135/><V125/><F125/><W113/><G113/><T0/><D0/><U94/><E32/><V76/><F82/><W112/><G112/><T2/><D2/><U92/><E6/><V25/><F25/><W67/><G67/><T63/><D108/><N who="2" m="41514" /><F10/><W75/><G118/><T4/><REACH who="0" step="1"/><D63/><REACH who="0" ten="114,352,244,280" step="2"/><N who="1" m="38127" /><E122/><V86/><F86/><W46/><G87/><T124/><D124/><U120/><E120/><V42/><F50/><W84/><G84/><T117/><D117/><U30/><AGARI ba="0,1" hai="16,17,19,21,24,30,49,52,56,92,94" m="38127" machi="30" ten="30,4000,0" yaku="8,1,54,2" doraHai="123" who="1" fromWho="1" sc="114,-10,352,50,244,-20,280,-10" /><INIT seed="7,0,0,4,2,55" ten="104,402,224,270" oya="3" hai0="53,107,119,28,54,63,3,27,102,48,114,68,0" hai1="13,77,6,12,92,15,91,60,23,5,130,76,45" hai2="41,71,16,33,9,112,22,44,30,72,96,104,121" hai3="57,56,42,106,126,93,64,4,18,34,2,1,98"/><W127/><G106/><T74/><D54/><U131/><E45/><V115/><F71/><W24/><G42/><T32/><D119/><U21/><E60/><V40/><F72/><W81/><G81/><T100/><D100/><U10/><E10/><V89/><F121/><W8/><G2/><T65/><D114/><N who="2" m="43562" /><F33/><W118/><G118/><T95/><D95/><U124/><E124/><N who="3" m="47658" /><G64/><T29/><D29/><U113/><E113/><V37/><F41/><W90/><G18/><T125/><D74/><U117/><E117/><V14/><F30/><AGARI ba="0,0" hai="1,4,8,24,30,34,56,57,90,93,98" m="47658" machi="30" ten="30,5800,0" yaku="18,1,52,2" doraHai="55" who="3" fromWho="2" sc="104,0,402,0,224,-58,270,58" /><INIT seed="7,1,0,4,2,100" ten="104,402,166,328" oya="3" hai0="85,103,15,52,56,19,64,83,4,34,119,59,25" hai1="61,41,74,73,90,66,6,69,5,115,113,46,12" hai2="86,102,81,26,110,107,93,105,106,114,117,38,89" hai3="11,27,91,44,22,82,95,109,39,32,131,42,68"/><W16/><G68/><T133/><D133/><U45/><E90/><N who="2" m="51535" /><F38/><W7/><G109/><T65/><D119/><U101/><E101/><V79/><F26/><W13/><G131/><T99/><D59/><U9/><E5/><V62/><F62/><W125/><G82/><T40/><D40/><U53/><E53/><V24/><F24/><W134/><G134/><T60/><D4/><U71/><E71/><V132/><F132/><W48/><G125/><T28/><D19/><U118/><E118/><V126/><F126/><W23/><G39/><T70/><D15/><U58/><E58/><V129/><F129/><W49/><G49/><T96/><D96/><U33/><E33/><V88/><F117/><W98/><REACH who="3" step="1"/><G7/><REACH who="3" ten="104,402,166,318" step="2"/><T104/><REACH who="0" step="1"/><D70/><REACH who="0" ten="94,402,166,318" step="2"/><U87/><E6/><V54/><F110/><W121/><G121/><T127/><D127/><U43/><E73/><V130/><F130/><W31/><AGARI ba="1,2" hai="11,13,16,22,23,27,31,32,42,44,48,91,95,98" machi="31" ten="30,6000,0" yaku="1,1,0,1,54,1,53,0" doraHai="100" doraHaiUra="77" who="3" fromWho="3" sc="94,-21,402,-21,166,-21,318,83" owari="73,-43.0,381,18.0,145,-25.0,401,50.0" /></mjloggm>