<mjloggm ver="2.3"><GO type="41" lobby="0"/><UN n0="%E5%B0%B1%E6%B4%BB%E7%94%9F%40%E5%B7%9D%E6%9D%91%E8%BB%8D%E5%9B%A3" n1="%E4%B9%85%E5%85%B5%E8%A1%9B" n2="%E3%81%8D%E3%81%BC%E3%82%93" n3="%54%61%72%6F%4D%61%6D%61" dan="14,13,13,14" rate="1951.90,2076.84,1892.94,1973.03" sx="M,M,M,F"/><TAIKYOKU oya="0"/><INIT seed="0,0,0,4,2,128" ten="250,250,250,250" oya="0" hai0="17,98,59,3,74,35,127,131,39,114,26,52,89" hai1="113,24,45,111,83,64,107,100,44,132,105,77,119" hai2="99,18,57,109,110,9,12,43,79,103,134,63,130" hai3="38,116,102,118,95,58,104,31,92,55,48,22,60"/><T4/><D74/><U16/><E119/><V0/><F130/><W71/><G104/><T123/><D39/><U36/><E111/><V28/><F28/><W135/><G135/><T90/><D123/><U33/><E113/><V62/><F79/><W2/><G2/><T112/><D131/><U65/><E132/><V93/><F134/><W126/><G126/><T96/><D127/><U40/><E45/><V78/><F78/><W20/><G38/><T106/><D3/><U7/><E7/><V73/><F73/><W67/><G92/><T94/><D4/><U117/><E117/><V70/><F0/><W76/><G20/><N who="0" m="13583" /><D35/><U10/><E107/><V108/><F43/><W120/><G76/><T14/><D14/><U66/><E100/><V46/><F46/><W47/><G120/><T42/><D42/><U23/><E105/><V50/><F70/><W56/><G56/><T49/><D106/><U84/><E10/><V6/><F6/><W53/><G71/><T82/><D112/><U5/><E5/><V115/><F115/><W124/><G124/><T27/><D27/><U13/><E33/><V37/><F37/><W54/><G118/><T15/><D15/><U75/><REACH who="1" step="1"/><E24/><REACH who="1" ten="250,240,250,250" step="2"/><V129/><F129/><W91/><G116/><T88/><D114/><U11/><E11/><V30/><F30/><W125/><G125/><T51/><D82/><U81/><E81/><V69/><F69/><W86/><G102/><N who="0" m="60695" /><D98/><U133/><E133/><V1/><F1/><W61/><G31/><T72/><D72/><AGARI ba="0,1" hai="13,16,23,36,40,44,64,65,66,72,75,77,83,84" machi="72" ten="40,2600,0" yaku="1,1,54,1,53,0" doraHai="128" doraHaiUra="121" who="1" fromWho="0" sc="250,-26,240,36,250,0,250,0" /><INIT seed="1,0,0,1,2,119" ten="224,276,250,250" oya="1" hai0="3,10,5,54,64,116,33,44,118,77,60,63,16" hai1="8,14,59,114,31,135,69,113,29,13,86,15,7" hai2="93,101,84,94,126,27,20,41,50,48,9,73,45" hai3="25,121,80,107,98,53,78,19,36,83,76,72,35"/><U43/><E69/><V128/><F73/><W1/><G121/><T28/><D77/><U34/><E43/><V49/><F128/><W100/><G1/><T99/><D33/><U2/><E86/><V55/><F126/><W67/><G36/><T109/><D28/><N who="1" m="10827" /><E59/><V4/><F101/><W103/><G67/><T105/><D109/><U21/><E34/><V51/><F84/><W124/><G124/><T104/><D104/><U37/><E37/><V58/><F20/><W120/><G120/><T6/><D6/><U82/><E82/><V79/><F79/><W112/><G112/><N who="1" m="43114" /><E135/><V71/><F27/><W90/><G35/><T17/><D105/><U52/><E52/><V75/><F75/><W106/><G53/><T56/><D99/><U92/><E92/><V133/><F133/><W130/><G130/><T62/><D44/><U68/><E68/><V122/><F122/><W66/><G66/><T97/><D97/><U23/><AGARI ba="0,0" hai="2,7,8,13,14,15,21,23" m="43114,10827" machi="23" ten="40,3900,0" yaku="34,2" doraHai="119" who="1" fromWho="1" sc="224,-13,276,39,250,-13,250,-13" /><INIT seed="1,1,0,5,1,77" ten="211,315,237,237" oya="1" hai0="30,85,26,67,84,8,119,135,6,20,55,66,34" hai1="22,11,90,117,0,122,35,25,107,91,92,131,86" hai2="98,17,15,114,118,52,48,4,31,96,74,87,3" hai3="62,93,12,36,103,29,61,43,51,109,88,63,5"/><U41/><E107/><V18/><F74/><W108/><G29/><T121/><D119/><U44/><E117/><V116/><F3/><W28/><G28/><T72/><D121/><U60/><E122/><V133/><F133/><W68/><G103/><T83/><D135/><U112/><E35/><V53/><F31/><W127/><G127/><T78/><D34/><U23/><E112/><V70/><F70/><W99/><G68/><T7/><D7/><U16/><E131/><V125/><F125/><W104/><G104/><T2/><D72/><U115/><E115/><V46/><F114/><W58/><G36/><T47/><D85/><U71/><E71/><V120/><F120/><W102/><G102/><T110/><D110/><N who="3" m="42601" /><G5/><T37/><REACH who="0" step="1"/><D55/><REACH who="0" ten="201,315,237,237" step="2"/><U81/><E0/><V79/><F118/><W39/><G12/><T106/><D106/><U95/><E60/><V105/><F116/><W75/><G75/><T130/><D130/><U132/><E132/><V82/><F105/><W33/><G33/><T129/><D129/><U54/><E54/><V101/><F53/><N who="3" m="32063" /><G63/><T42/><AGARI ba="1,1" hai="2,6,8,20,26,30,37,42,47,66,67,78,83,84" machi="42" ten="30,4000,0" yaku="1,1,0,1,52,1,53,0" doraHai="77" doraHaiUra="94" who="0" fromWho="0" sc="201,53,315,-21,237,-11,237,-11" /><INIT seed="2,0,0,0,5,35" ten="254,294,226,226" oya="2" hai0="99,101,61,9,63,85,80,112,111,83,94,15,64" hai1="17,45,8,98,90,67,32,78,110,6,134,104,23" hai2="22,120,25,117,106,60,4,76,43,26,56,42,38" hai3="1,28,126,44,91,52,57,54,118,87,109,41,70"/><V2/><F120/><W115/><G1/><T31/><D112/><U84/><E32/><V122/><F122/><W93/><G118/><T103/><D111/><U11/><E110/><V88/><F117/><W50/><G109/><T130/><D130/><U53/><E67/><V108/><F108/><W81/><G126/><T37/><D37/><U47/><E134/><V133/><F106/><W89/><G115/><T18/><D31/><U121/><E121/><V10/><F133/><W58/><G70/><T82/><D103/><U75/><E75/><V123/><F123/><W69/><G69/><T96/><D96/><U131/><E78/><V48/><F38/><W27/><G58/><N who="0" m="36919" /><D63/><U5/><E98/><V16/><F76/><AGARI ba="0,0" hai="9,15,18,76,80,82,83,85,94,99,101" m="36919" machi="76" ten="30,1000,0" yaku="8,1" doraHai="35" who="0" fromWho="2" sc="254,10,294,0,226,-10,226,0" /><INIT seed="3,0,0,1,2,70" ten="264,294,216,226" oya="3" hai0="13,14,96,31,27,93,85,4,74,117,114,123,128" hai1="101,122,1,99,88,100,127,56,32,98,54,90,40" hai2="69,81,63,20,78,34,37,41,103,83,12,110,43" hai3="102,52,75,121,51,132,87,92,49,28,68,95,22"/><W60/><G132/><T91/><D74/><U47/><E32/><V15/><F34/><W45/><G75/><T79/><D123/><U18/><E1/><V50/><F110/><W46/><G121/><T23/><D117/><U134/><E122/><V86/><F103/><W44/><G68/><T66/><D114/><U89/><E134/><V108/><F108/><W130/><G130/><T0/><D128/><U109/><E109/><V84/><F69/><W8/><G8/><T105/><D66/><U71/><E71/><V3/><F3/><W73/><G73/><T55/><D0/><U39/><E127/><V129/><F129/><W72/><G72/><T118/><D4/><U9/><E9/><V97/><F97/><W25/><G102/><T2/><D2/><U133/><E133/><V48/><F63/><W115/><G115/><T116/><D116/><U82/><E18/><V5/><F20/><W135/><G135/><T65/><D65/><U112/><E112/><V125/><F125/><W6/><G6/><T94/><D105/><U42/><E42/><V80/><F80/><W111/><G111/><T131/><D131/><U59/><E82/><V64/><F64/><W107/><G107/><T62/><D79/><U113/><E113/><V76/><F5/><W24/><G24/><T17/><D118/><U7/><E7/><V57/><F57/><N who="3" m="34855" /><G87/><T104/><D31/><U11/><E11/><V36/><AGARI ba="0,0" hai="12,15,36,37,41,43,48,50,76,78,81,83,84,86" machi="36" ten="25,8000,1" yaku="0,1,22,2,52,2" doraHai="70" who="2" fromWho="2" sc="264,-20,294,-20,216,80,226,-40" /><INIT seed="4,0,0,3,0,131" ten="244,274,296,186" oya="0" hai0="5,14,33,31,72,57,124,21,28,132,37,43,64" hai1="27,92,78,133,34,10,15,114,30,109,97,61,119" hai2="87,99,24,71,45,25,23,50,130,48,112,12,88" hai3="90,54,38,128,135,18,3,100,52,75,95,76,80"/><T36/><D72/><U94/><E109/><V58/><F71/><W85/><G38/><T20/><D33/><U84/><E119/><V83/><F130/><W116/><G3/><T103/><D124/><U53/><E114/><V47/><F112/><W117/><G128/><T63/><D103/><U65/><E53/><V29/><F99/><W4/><G4/><T77/><D77/><U19/><E133/><V91/><F12/><W40/><G40/><T98/><D132/><U120/><E120/><V44/><F58/><W2/><G2/><T7/><D98/><U102/><E78/><V67/><F67/><W118/><G135/><T32/><D32/><U39/><E39/><V22/><REACH who="2" step="1"/><F91/><REACH who="2" ten="244,274,286,186" step="2"/><W125/><G125/><T89/><D89/><U16/><E84/><V121/><F121/><W42/><G100/><T26/><D14/><U123/><E123/><V74/><F74/><W134/><G134/><T115/><D115/><U105/><E19/><AGARI ba="0,1" hai="19,22,23,24,25,29,44,45,47,48,50,83,87,88" machi="19" ten="40,5200,0" yaku="1,1,8,1,54,1,53,0" doraHai="131" doraHaiUra="62" who="2" fromWho="1" sc="244,0,274,-52,286,62,186,0" /><INIT seed="5,0,0,0,4,107" ten="244,222,348,186" oya="1" hai0="18,45,29,81,84,89,35,99,9,126,112,52,104" hai1="2,121,124,130,131,79,41,5,25,101,110,75,57" hai2="69,28,20,92,135,85,88,15,109,53,44,30,83" hai3="43,51,17,49,117,94,64,19,61,132,122,100,58"/><U27/><E121/><V68/><F109/><W33/><G132/><T3/><D112/><U50/><E110/><V90/><F135/><W105/><G117/><T56/><D126/><U39/><E124/><V114/><F114/><W42/><G105/><T65/><D35/><U72/><E101/><V21/><F69/><W74/><G33/><T40/><D29/><U118/><E118/><V1/><F1/><W76/><G122/><T120/><D65/><U31/><E79/><V133/><F68/><W97/><G74/><N who="1" m="28202" /><E39/><V62/><F133/><W6/><G6/><T23/><D120/><U60/><E41/><N who="3" m="15370" /><G76/><T113/><D113/><U4/><E50/><AGARI ba="0,0" hai="17,19,49,50,51,58,61,64,94,97,100" m="15370" machi="50" ten="30,1000,0" yaku="8,1" doraHai="107" who="3" fromWho="1" sc="244,0,222,-10,348,0,186,10" /><INIT seed="6,0,0,1,4,6" ten="244,212,348,196" oya="2" hai0="134,1,28,27,91,99,84,93,112,45,47,16,35" hai1="114,14,66,5,106,96,119,67,0,97,110,118,122" hai2="90,132,102,42,109,21,18,30,121,117,86,57,23" hai3="75,128,131,107,101,81,76,88,46,11,78,135,100"/><V51/><F121/><W111/><G11/><T3/><D112/><U38/><E38/><V26/><F117/><W82/><G46/><T127/><D127/><U53/><E110/><V49/><F109/><W34/><G34/><T55/><D134/><U4/><E0/><V63/><F102/><N who="3" m="39531" /><G111/><T69/><D69/><U87/><E114/><V37/><F37/><W113/><G113/><T92/><D16/><U10/><E122/><V68/><F68/><W32/><G32/><T54/><D47/><U52/><E106/><V103/><F103/><W59/><G59/><T108/><D108/><U60/><E87/><V70/><F70/><W105/><G135/><T115/><D115/><U9/><E60/><V77/><F77/><N who="3" m="29803" /><G75/><T79/><D54/><U73/><REACH who="1" step="1"/><E14/><REACH who="1" ten="244,202,348,196" step="2"/><N who="2" m="9431" /><F132/><W50/><G50/><T120/><D120/><U61/><E61/><V31/><F42/><W64/><G105/><T36/><D36/><U58/><E58/><V44/><F44/><W24/><G107/><T89/><D45/><U98/><E98/><V71/><F71/><W7/><G24/><T94/><D1/><U104/><E104/><V17/><F51/><W72/><G72/><AGARI ba="0,1" hai="4,5,9,10,52,53,66,67,72,73,96,97,118,119" machi="72" ten="25,12000,2" yaku="1,1,22,2,52,2,54,1,53,0" doraHai="6" doraHaiUra="83" who="1" fromWho="3" sc="244,0,202,130,348,0,196,-120" /><INIT seed="7,0,0,2,2,135" ten="244,332,348,76" oya="3" hai0="49,74,48,95,91,88,134,56,103,8,105,107,80" hai1="58,27,61,45,55,73,87,11,89,33,54,98,51" hai2="20,72,2,123,19,115,66,132,112,6,24,122,34" hai3="17,93,77,133,37,36,9,0,104,35,120,75,78"/><W65/><G120/><N who="2" m="46121" /><F72/><W69/><G133/><T47/><D134/><U86/><E73/><V3/><F132/><W67/><G17/><T62/><D107/><U79/><E33/><V57/><F66/><W118/><G118/><T10/><D105/><U117/><E117/><V38/><F38/><W124/><G93/><T127/><D127/><U59/><E79/><V126/><F126/><W83/><G124/><T125/><D125/><U21/><E11/><N who="2" m="2519" /><F57/><W82/><G67/><T12/><D74/><U121/><E121/><V71/><F71/><W94/><G94/><T40/><D49/><U39/><E39/><N who="3" m="14922" /><G82/><T46/><D46/><U106/><E58/><V63/><F63/><N who="3" m="40127" /><G77/><T129/><D129/><U50/><E50/><V110/><F110/><W31/><G104/><T13/><D80/><U84/><E106/><V5/><F34/><W113/><G113/><N who="2" m="43593" /><F5/><N who="3" m="1191" /><G31/><T99/><D10/><U128/><E128/><V26/><F3/><W108/><G35/><T53/><REACH who="0" step="1"/><D13/><AGARI ba="0,0" hai="13,19,20,24,26" m="43593,2519,46121" machi="13" ten="30,7700,0" yaku="13,1,15,1,34,2" doraHai="135" who="2" fromWho="0" sc="244,-77,332,0,348,77,76,0" owari="167,-23.0,332,13.0,425,52.0,76,-42.0" /></mjloggm>