<mjloggm ver="2.3"><GO type="97" lobby="0"/><UN n0="%E3%81%97%E3%81%84%E3%82%84" n1="%53%49%5A%45%52" n2="%E3%81%A6%E3%82%93%E3%81%B5%E3%81%89%E3%81%84" n3="%E5%B0%B1%E6%B4%BB%E7%94%9F%40%E5%B7%9D%E6%9D%91%E8%BB%8D%E5%9B%A3" dan="13,13,15,14" rate="1868.28,1922.23,1965.70,1928.42" sx="M,M,M,M"/><TAIKYOKU oya="0"/><INIT seed="0,0,0,3,2,65" ten="250,250,250,250" oya="0" hai0="114,90,84,120,92,125,66,129,4,132,24,118,53" hai1="49,117,108,58,73,81,105,0,133,12,15,87,20" hai2="102,39,124,135,104,86,107,1,119,11,55,35,88" hai3="22,61,74,26,3,37,32,95,33,6,109,99,59"/><T110/><D120/><U67/><E0/><V2/><F39/><W28/><G37/><T98/><D118/><U94/><E105/><V116/><F35/><W31/><G74/><T75/><D114/><U127/><E117/><N who="2" m="45131" /><F135/><W40/><G109/><T63/><D75/><U71/><E73/><V112/><F112/><W16/><G40/><T78/><D4/><U46/><E94/><N who="2" m="54551" /><F124/><W128/><G128/><T23/><D129/><U19/><E58/><V21/><F11/><W8/><G32/><T51/><D125/><U14/><E127/><V52/><F21/><W82/><G82/><N who="0" m="47191" /><D132/><U103/><E103/><V57/><F55/><W68/><G33/><T83/><D110/><U76/><E133/><V79/><F79/><W80/><G80/><T10/><D83/><U43/><REACH who="1" step="1"/><E108/><REACH who="1" ten="250,240,250,250" step="2"/><V100/><F100/><W25/><G95/><T9/><D92/><U89/><E89/><V97/><F104/><W101/><G101/><T122/><D90/><U27/><E27/><V56/><F56/><W134/><G134/><T113/><D24/><U7/><E7/><V17/><F17/><W106/><G106/><T115/><D122/><U126/><E126/><V30/><F30/><W123/><G123/><T41/><D115/><U70/><E70/><V69/><F69/><W38/><G68/><T44/><D113/><U64/><E64/><V72/><F72/><W5/><G5/><T93/><D66/><U36/><E36/><V91/><F91/><W13/><G38/><T85/><D93/><U54/><E54/><V29/><F29/><N who="3" m="11339" /><G99/><T50/><D98/><U47/><E47/><RYUUKYOKU ba="0,1" sc="250,-30,240,10,250,10,250,10" hai1="12,14,15,19,20,43,46,49,67,71,76,81,87" hai2="1,2,52,57,97,102,107" hai3="3,6,8,13,16,22,25,26,59,61" /><INIT seed="1,1,1,2,4,58" ten="220,250,260,260" oya="1" hai0="63,128,20,6,41,125,98,49,99,55,89,67,14" hai1="129,100,10,50,78,13,102,120,42,106,52,121,59" hai2="83,119,87,82,72,26,124,1,109,88,19,60,123" hai3="15,77,95,62,44,73,5,101,107,110,48,32,47"/><U36/><E129/><V108/><F119/><W126/><G107/><T111/><D128/><U27/><E78/><V11/><F123/><W92/><G32/><T46/><D111/><N who="2" m="42570" /><F124/><W70/><G73/><T53/><D125/><U18/><E36/><V75/><F83/><W81/><G110/><T97/><D89/><U104/><E42/><V80/><F80/><W114/><G126/><T24/><D14/><U31/><E120/><V112/><F112/><W90/><G114/><T56/><REACH who="0" step="1"/><D6/><REACH who="0" ten="210,250,260,260" step="2"/><U0/><E121/><V116/><F116/><W113/><G113/><T35/><D35/><U131/><E131/><V2/><F2/><W64/><G101/><T34/><D34/><U43/><E0/><V22/><F1/><W33/><G33/><T122/><D122/><U16/><E102/><V68/><F11/><W17/><G5/><T94/><D94/><U65/><E100/><V54/><F54/><W7/><G7/><T12/><D12/><U69/><E106/><V61/><F68/><W37/><G92/><T40/><D40/><U85/><E104/><V51/><F51/><W23/><G48/><T4/><D4/><U127/><E127/><V45/><F45/><W29/><G37/><T132/><D132/><U74/><E43/><V71/><F71/><W57/><G70/><T115/><D115/><U93/><E93/><V66/><F66/><W135/><G135/><T76/><D76/><U79/><E79/><V38/><F38/><W134/><G134/><T84/><D84/><U96/><E85/><V105/><F105/><W28/><G95/><T117/><D117/><RYUUKYOKU ba="1,2" sc="210,15,250,-15,260,15,260,-15" hai0="20,24,41,46,49,53,55,56,63,67,97,98,99" hai2="19,22,26,60,61,72,75,82,87,88" /><INIT seed="2,2,2,5,1,18" ten="225,235,275,245" oya="2" hai0="31,81,55,49,72,1,64,132,69,109,76,107,10" hai1="73,130,83,135,2,106,97,129,93,98,6,94,117" hai2="42,54,43,111,17,91,92,95,8,128,16,115,61" hai3="58,120,36,110,89,19,131,108,116,71,103,51,96"/><V123/><F123/><W65/><G116/><T21/><D107/><U24/><E2/><V62/><F115/><W4/><G120/><T127/><D69/><U121/><E6/><V125/><F125/><W113/><G36/><T45/><D64/><U78/><E24/><V57/><F128/><N who="1" m="49257" /><E121/><V63/><F111/><N who="3" m="42539" /><G131/><T80/><D109/><U0/><E0/><V30/><F30/><W23/><G113/><T40/><D127/><U20/><E20/><V46/><F95/><N who="1" m="36361" /><E117/><V101/><F101/><W88/><G4/><T102/><D132/><U77/><E135/><V70/><F70/><W114/><G114/><T7/><D102/><N who="1" m="62799" /><E78/><V50/><F43/><W59/><G71/><T26/><REACH who="0" step="1"/><D81/><REACH who="0" ten="215,235,275,245" step="2"/><U105/><E105/><V52/><F42/><AGARI ba="2,3" hai="1,7,10,21,26,31,40,42,45,49,55,72,76,80" machi="42" ten="40,8000,1" yaku="1,1,2,1,52,1,53,2" doraHai="18" doraHaiUra="38" who="0" fromWho="2" sc="215,116,235,0,275,-86,245,0" /><INIT seed="3,0,0,5,2,109" ten="331,235,189,245" oya="3" hai0="48,32,104,20,111,60,19,73,47,126,90,94,70" hai1="38,39,43,134,17,110,106,124,21,6,99,114,1" hai2="84,34,98,14,118,82,91,55,59,62,35,87,96" hai3="93,100,97,53,7,79,68,66,42,132,74,22,61"/><W58/><G132/><T31/><D73/><U133/><E110/><V54/><F118/><W83/><G42/><T92/><D111/><U15/><E124/><V56/><F87/><W67/><G68/><T119/><D104/><U50/><E50/><V125/><F125/><W63/><G63/><T33/><D31/><U64/><E64/><V71/><F71/><W51/><G7/><T11/><D11/><N who="1" m="2511" /><E43/><V75/><F75/><W102/><G102/><T10/><D94/><U9/><E9/><V121/><F121/><W113/><G113/><T57/><D10/><U8/><E8/><V88/><F14/><W115/><G115/><T29/><D29/><U3/><E3/><V116/><F116/><W123/><G123/><T46/><D46/><U23/><E23/><V36/><F36/><W27/><REACH who="3" step="1"/><G61/><REACH who="3" ten="331,235,189,235" step="2"/><T37/><D70/><U81/><E114/><V44/><F44/><W78/><G78/><T65/><D126/><U4/><E4/><V24/><F24/><W112/><G112/><T129/><D119/><U127/><E127/><V26/><F26/><W18/><AGARI ba="0,1" hai="18,22,27,51,53,58,66,67,74,79,83,93,97,100" machi="18" ten="20,7800,0" yaku="1,1,0,1,7,1,53,1" doraHai="109" doraHaiUra="105" who="3" fromWho="3" sc="331,-26,235,-26,189,-26,235,88" owari="305,11.0,209,-19.0,163,-34.0,323,42.0" /></mjloggm>