<mjloggm ver="2.3"><GO type="169" lobby="0"/><UN n0="%E5%8F%A4%E5%B7%9D%E8%AA%A0%E5%A4%AA%E9%83%8E" n1="%4B%E3%80%82" n2="%E3%81%9F%E3%83%BC%E3%81%AC" n3="%E3%82%A6%E3%83%AB%E3%83%88%E3%83%A9%E7%AB%8B%E7%9B%B4" dan="17,18,17,16" rate="2152.60,2124.12,2170.18,2128.39" sx="M,M,M,M"/><TAIKYOKU oya="0"/><INIT seed="0,0,0,4,1,23" ten="250,250,250,250" oya="0" hai0="83,79,120,135,27,101,105,3,73,41,70,74,134" hai1="103,92,90,123,18,50,93,78,132,31,121,0,77" hai2="44,22,115,113,91,124,11,87,20,35,36,110,107" hai3="8,116,29,118,82,64,16,57,55,28,52,128,5"/><T26/><D120/><U21/><E0/><V37/><F11/><W130/><G82/><T10/><D70/><U112/><E112/><V96/><F44/><W34/><G64/><T40/><D73/><U97/><E132/><N who="0" m="50729" /><D105/><U71/><E71/><V86/><F35/><W4/><G34/><T7/><D101/><U54/><E31/><V66/><F107/><W38/><G38/><T133/><N who="0" m="50737" /><T89/><DORA hai="99" /><D89/><U72/><E72/><V1/><F91/><W111/><G8/><T45/><D41/><U67/><E67/><V2/><F96/><W108/><G57/><T102/><D102/><U69/><E69/><V42/><F66/><W98/><G98/><T51/><AGARI ba="0,0" hai="3,7,10,26,27,40,45,51,74,79,83" m="50737" machi="51" ten="40,7800,0" yaku="20,1,52,2" doraHai="23,99" who="0" fromWho="0" sc="250,78,250,-26,250,-26,250,-26" /><INIT seed="0,1,0,3,1,76" ten="328,224,224,224" oya="0" hai0="102,60,59,19,135,41,75,24,99,23,9,115,27" hai1="54,55,94,104,44,22,68,84,113,67,89,51,82" hai2="34,126,38,83,98,48,117,14,109,65,0,118,16" hai3="100,66,108,26,81,70,119,17,40,31,11,124,129"/><T80/><D115/><U122/><E104/><V106/><F109/><W79/><G119/><N who="2" m="45577" /><F126/><W95/><G108/><T25/><D41/><U103/><E122/><V132/><F38/><W33/><G124/><T28/><D135/><U64/><E113/><V15/><F34/><W105/><G129/><T4/><D28/><U116/><E116/><V78/><F0/><W1/><G95/><T73/><D73/><U7/><E68/><V10/><F132/><W47/><G17/><T21/><D75/><U97/><E7/><V53/><F65/><W62/><G47/><T46/><D80/><U30/><REACH who="1" step="1"/><E55/><REACH who="1" ten="328,214,224,224" step="2"/><V3/><F106/><W56/><G70/><T96/><D4/><U57/><E57/><N who="2" m="32935" /><F3/><W36/><G1/><T114/><D114/><U18/><E18/><V91/><F16/><W88/><G105/><T93/><D46/><U50/><E50/><V71/><F71/><W43/><G36/><T39/><D39/><U131/><E131/><V111/><F111/><W61/><G56/><T107/><D19/><U134/><E134/><V101/><F10/><W37/><G11/><T121/><D9/><U92/><E92/><N who="2" m="56607" /><F101/><W128/><G100/><N who="0" m="60431" /><D121/><U5/><E5/><V42/><F42/><W58/><G43/><T8/><D8/><U133/><E133/><V20/><F20/><W120/><G40/><T87/><D21/><U29/><E29/><V123/><F123/><W13/><G37/><T32/><D23/><U6/><E6/><V69/><F69/><N who="3" m="42191" /><G120/><T52/><D32/><U63/><E63/><V112/><F112/><W85/><G62/><T2/><D2/><RYUUKYOKU ba="1,1" sc="328,10,214,10,224,10,224,-30" hai0="24,25,27,52,59,60,87,99,102,107" hai1="22,30,44,51,54,64,67,82,84,89,94,97,103" hai2="14,15,78,83" /><INIT seed="0,2,1,5,2,56" ten="338,224,234,194" oya="0" hai0="35,54,110,44,42,101,16,33,57,27,34,88,22" hai1="5,52,7,3,12,19,126,95,98,108,37,76,8" hai2="48,32,116,71,74,90,84,21,38,114,30,124,55" hai3="113,63,60,91,125,4,70,53,1,61,93,135,0"/><T49/><D110/><U59/><E37/><V115/><F32/><W26/><G113/><T14/><D101/><U36/><E36/><V112/><F38/><W82/><G70/><T105/><D105/><U122/><E122/><V50/><F71/><W20/><G4/><T87/><D27/><U130/><E108/><V77/><F124/><W58/><G125/><T31/><D31/><U13/><E126/><V118/><F74/><W65/><G65/><T117/><D117/><N who="2" m="45162" /><F77/><W102/><G135/><T81/><D35/><U78/><E130/><V128/><F128/><W28/><G102/><T47/><REACH who="0" step="1"/><D44/><REACH who="0" ten="328,224,234,194" step="2"/><U73/><E73/><V11/><F30/><W79/><G0/><T92/><D92/><U129/><E129/><V94/><F112/><W67/><G1/><T69/><D69/><U86/><E3/><V120/><F114/><W109/><G109/><T24/><D24/><U85/><E76/><V62/><F115/><W97/><G67/><T41/><D41/><U18/><E78/><V2/><F94/><W96/><G96/><T15/><D15/><U17/><E13/><V46/><F2/><W133/><G133/><T104/><D104/><U40/><E40/><V72/><F46/><W9/><G9/><T25/><D25/><U100/><REACH who="1" step="1"/><E7/><REACH who="1" ten="328,214,234,194" step="2"/><V131/><F131/><W51/><G79/><T64/><D64/><U111/><E111/><V123/><F123/><W127/><G127/><T45/><D45/><U121/><E121/><V10/><F120/><W107/><G107/><T68/><D68/><U132/><E132/><V43/><F43/><W99/><G99/><RYUUKYOKU ba="2,3" sc="328,10,214,10,234,-30,194,10" hai0="14,16,22,33,34,42,47,49,54,57,81,87,88" hai1="5,8,12,17,18,19,52,59,85,86,95,98,100" hai3="20,26,28,51,53,58,60,61,63,82,91,93,97" /><INIT seed="0,3,3,0,0,96" ten="338,224,204,204" oya="0" hai0="55,21,33,17,120,76,29,36,79,66,81,123,68" hai1="22,126,14,58,48,5,52,63,125,87,43,42,94" hai2="45,93,82,130,133,7,13,12,71,2,73,100,102" hai3="99,30,54,32,105,124,106,117,39,59,51,28,86"/><T121/><D36/><U31/><E5/><V67/><F130/><W97/><G39/><T3/><D3/><U37/><E37/><V118/><F118/><W35/><G117/><T92/><D55/><U44/><E43/><V112/><F112/><W116/><G116/><T16/><D92/><U20/><E31/><V83/><F133/><W108/><G86/><T132/><D132/><U41/><E41/><V75/><F2/><W9/><G9/><T84/><D79/><U25/><E14/><N who="2" m="5739" /><F71/><W34/><G124/><N who="1" m="47722" /><E25/><V46/><F67/><W0/><G0/><T8/><D8/><U53/><E42/><V78/><F93/><W27/><G108/><T24/><REACH who="0" step="1"/><D33/><REACH who="0" ten="328,224,204,204" step="2"/><U115/><E115/><V26/><F78/><W114/><G114/><T122/><N who="0" m="30720" /><DORA hai="15" /><T11/><D11/><U129/><E129/><V85/><F75/><W104/><G35/><T101/><D101/><U119/><E119/><V110/><F100/><W57/><G104/><T80/><D80/><U109/><E109/><V98/><F102/><W103/><G105/><T19/><D19/><U90/><AGARI ba="3,4" hai="20,22,44,48,52,53,58,63,87,90,94" m="47722" machi="90" ten="30,2000,0" yaku="18,1,54,1" doraHai="96,15" who="1" fromWho="1" sc="328,-13,224,69,204,-8,204,-8" /><INIT seed="1,0,0,2,5,107" ten="315,293,196,196" oya="1" hai0="25,30,101,51,23,122,95,72,117,14,64,74,16" hai1="9,38,15,65,71,42,90,22,115,91,68,44,79" hai2="80,10,76,41,61,85,8,97,58,69,73,133,21" hai3="49,109,57,35,88,70,105,26,66,24,86,56,54"/><U87/><E115/><V53/><F133/><W31/><G109/><T113/><D113/><U94/><E65/><V59/><F69/><W20/><G105/><T43/><D117/><U124/><E124/><V60/><F41/><W134/><G134/><T33/><D64/><U84/><E79/><V46/><F46/><W78/><G78/><T7/><D122/><U3/><E22/><V92/><F21/><W63/><G26/><T98/><REACH who="0" step="1"/><D7/><REACH who="0" ten="305,293,196,196" step="2"/><U40/><E3/><V96/><F85/><W29/><G35/><T1/><D1/><U108/><E108/><V135/><F135/><W118/><G118/><T131/><D131/><U6/><REACH who="1" step="1"/><E42/><REACH who="1" ten="305,283,196,196" step="2"/><V106/><F8/><W81/><REACH who="3" step="1"/><G31/><REACH who="3" ten="305,283,196,186" step="2"/><T103/><D103/><U127/><E127/><V132/><F132/><W0/><G0/><T4/><D4/><U77/><E77/><V83/><F76/><W93/><G93/><AGARI ba="0,3" hai="6,9,15,38,40,44,68,71,84,87,90,91,93,94" machi="93" ten="30,5800,0" yaku="1,1,7,1,9,1,53,0" doraHai="107" doraHaiUra="99" who="1" fromWho="3" sc="305,0,283,88,196,0,186,-58" /><INIT seed="1,1,0,2,4,97" ten="305,371,196,128" oya="1" hai0="71,110,75,102,77,47,2,26,66,31,89,95,63" hai1="94,36,112,124,105,52,53,91,133,85,79,58,60" hai2="11,117,1,90,42,7,5,39,126,111,46,45,34" hai3="132,101,44,69,13,41,130,87,81,27,135,115,23"/><U16/><E105/><V57/><F111/><W100/><G69/><T19/><D2/><U22/><E36/><V9/><F117/><W120/><G13/><T123/><D110/><U93/><E112/><V17/><F126/><W61/><G61/><T18/><D123/><U0/><E0/><V4/><F34/><W134/><G120/><T80/><D47/><U15/><E133/><V55/><F46/><W38/><G130/><T50/><D50/><U88/><E124/><V92/><F17/><N who="3" m="12783" /><G115/><T6/><D6/><U24/><E79/><AGARI ba="1,0" hai="38,41,44,79,81,87,100,101,132,134,135" m="12783" machi="79" ten="30,3900,0" yaku="20,1,52,2" doraHai="97" who="3" fromWho="1" sc="305,0,371,-42,196,0,128,42" /><INIT seed="2,0,0,3,3,128" ten="305,329,196,170" oya="2" hai0="64,115,25,39,131,117,17,13,92,116,23,37,68" hai1="63,27,58,41,54,51,56,123,5,33,0,36,110" hai2="112,82,90,8,89,32,47,114,85,66,76,121,40" hai3="84,57,127,83,79,45,126,72,101,60,129,111,108"/><V106/><F121/><W99/><G45/><T15/><D115/><U6/><E123/><V42/><F32/><W71/><G57/><T28/><D13/><U122/><E122/><V49/><F106/><N who="3" m="63807" /><G60/><N who="0" m="39943" /><D92/><U7/><E110/><N who="3" m="42026" /><G71/><T104/><D104/><U73/><E73/><V135/><F135/><W20/><G20/><T118/><D131/><U81/><E0/><V3/><F66/><W34/><G34/><AGARI ba="0,0" hai="15,17,23,25,28,34,37,39,116,117,118" m="39943" machi="34" ten="30,1000,0" yaku="12,1" doraHai="128" who="0" fromWho="3" sc="305,10,329,0,196,0,170,-10" /><INIT seed="3,0,0,4,3,48" ten="315,329,196,160" oya="3" hai0="87,15,81,117,103,40,43,86,101,73,128,41,71" hai1="121,124,108,90,130,123,34,116,98,77,68,80,13" hai2="94,37,14,35,45,88,2,66,110,21,118,32,92" hai3="119,131,100,60,24,58,111,31,47,50,105,112,78"/><W79/><G112/><T61/><D117/><U42/><E34/><V26/><F118/><W107/><G119/><T46/><D128/><U17/><E68/><V8/><F2/><W102/><G131/><T106/><D73/><U127/><E116/><V62/><F110/><W135/><G111/><T99/><D101/><N who="3" m="39017" /><G107/><T1/><D1/><U6/><E6/><V69/><F94/><W113/><G105/><T115/><D87/><U63/><E42/><V129/><F45/><W74/><G74/><T114/><D15/><U44/><E44/><V55/><F37/><W132/><G113/><T95/><D106/><U82/><E108/><V10/><F129/><W89/><G89/><T30/><D30/><U133/><E130/><V3/><F3/><W9/><G9/><T29/><D29/><U97/><E121/><V65/><F88/><W134/><G58/><T36/><D61/><U33/><E63/><V28/><F62/><W125/><G60/><T25/><D71/><U84/><E123/><V104/><F104/><W0/><G0/><T23/><D114/><U76/><E33/><V64/><F69/><W12/><G12/><T19/><D115/><U67/><E90/><AGARI ba="0,0" hai="19,23,25,36,40,41,43,46,81,86,90,95,99,103" machi="90" ten="30,1000,0" yaku="7,1" doraHai="48" who="0" fromWho="1" sc="315,10,329,-10,196,0,160,0" /><INIT seed="4,0,0,4,2,58" ten="325,319,196,160" oya="0" hai0="116,88,2,7,74,65,73,31,67,96,112,34,76" hai1="98,83,97,72,87,22,85,6,120,62,46,8,52" hai2="95,28,100,17,119,92,14,109,42,71,3,57,91" hai3="9,54,93,18,101,15,24,69,106,86,36,108,94"/><T11/><D116/><U12/><E72/><V110/><F71/><W20/><G108/><T35/><D112/><U53/><E120/><V78/><F119/><W47/><G69/><T19/><D19/><U1/><E1/><V90/><F3/><W128/><G128/><T16/><D76/><U37/><E22/><V134/><F134/><W130/><G130/><T60/><D65/><U21/><E21/><V133/><F133/><W103/><G106/><T66/><D66/><U27/><E27/><V0/><F0/><W48/><G36/><T99/><D16/><U5/><E5/><V75/><F28/><W55/><G55/><T59/><D99/><U39/><E39/><V114/><F114/><W41/><G41/><T56/><D56/><N who="1" m="35079" /><E37/><V89/><F42/><W13/><G13/><T64/><D64/><U40/><E40/><V80/><F57/><W107/><G107/><T38/><D38/><U26/><E26/><V123/><F123/><W121/><G121/><T70/><D70/><U44/><E85/><V77/><F77/><W117/><G117/><T102/><D31/><U111/><E111/><N who="2" m="42507" /><F17/><W23/><G86/><T124/><D74/><U4/><E4/><V50/><F14/><W104/><G104/><T10/><D73/><U30/><E30/><V45/><F45/><N who="1" m="17513" /><E53/><V131/><F131/><W129/><G129/><T126/><D34/><U105/><E105/><V49/><F95/><N who="3" m="36363" /><G23/><T79/><D35/><U122/><E122/><V43/><F43/><W125/><G125/><T61/><D126/><U84/><E84/><V81/><F81/><W25/><G20/><RYUUKYOKU ba="0,0" sc="325,-30,319,10,196,10,160,10" hai1="6,8,12,83,87,97,98" hai2="49,50,75,78,80,89,90,91,92,100" hai3="9,15,18,24,25,47,48,54,101,103" /><INIT seed="5,1,0,1,5,85" ten="295,329,206,170" oya="1" hai0="2,80,63,104,27,103,70,82,99,56,128,100,23" hai1="118,9,49,81,60,44,72,25,34,123,135,134,126" hai2="3,18,40,75,67,7,84,47,21,65,91,127,33" hai3="69,132,106,59,24,86,117,58,93,112,48,125,62"/><U50/><E123/><V129/><F127/><W110/><G106/><T101/><D2/><U89/><E118/><V133/><F75/><W35/><G110/><T57/><D128/><U52/><E126/><V46/><F129/><W19/><G125/><T73/><D70/><U97/><E60/><V12/><F33/><W122/><G122/><T71/><D71/><U15/><E72/><V53/><F133/><W83/><G132/><T116/><D57/><U74/><E74/><V68/><F68/><W20/><G35/><T94/><D104/><U28/><E50/><V98/><F98/><W42/><G112/><T6/><D6/><U107/><E107/><V14/><F3/><W4/><G4/><T54/><D116/><U32/><E32/><V30/><F30/><W17/><G69/><T78/><D82/><U76/><E76/><V79/><F79/><N who="3" m="46463" /><G117/><T77/><D77/><U90/><E97/><V22/><F53/><N who="3" m="32039" /><G93/><T36/><D36/><U115/><E115/><V41/><F7/><W26/><G42/><T108/><D108/><U11/><E81/><V88/><F84/><W124/><G124/><T55/><D55/><U96/><E96/><V66/><REACH who="2" step="1"/><F66/><REACH who="2" ten="295,329,196,170" step="2"/><N who="3" m="39263" /><G19/><AGARI ba="1,1" hai="19,23,27,54,56,63,73,78,80,94,99,100,101,103" machi="19" ten="30,1000,0" yaku="7,1" doraHai="85" who="0" fromWho="3" sc="295,23,329,0,196,0,170,-13" /><AGARI ba="1,0" hai="12,14,18,19,21,22,40,41,46,47,65,67,88,91" machi="19" ten="25,12000,2" yaku="1,1,22,2,8,1,52,2,54,1,53,0" doraHai="85" doraHaiUra="130" who="2" fromWho="3" sc="318,0,329,0,196,120,157,-120" /><INIT seed="6,0,0,1,3,85" ten="318,329,316,37" oya="2" hai0="90,92,48,41,29,105,64,87,82,91,93,0,26" hai1="124,102,54,132,22,21,69,51,109,37,98,36,56" hai2="17,96,55,70,78,34,74,61,80,100,67,50,122" hai3="103,134,65,108,1,76,15,27,28,32,107,86,53"/><V75/><F122/><W120/><G120/><T133/><D0/><U31/><E69/><V127/><F127/><W81/><G108/><T46/><D105/><U12/><E109/><V23/><F34/><W47/><G1/><T119/><D119/><U118/><E118/><V14/><F80/><W9/><G134/><T42/><D133/><U38/><E124/><V68/><F78/><W39/><G65/><T130/><D130/><U72/><E72/><V49/><F70/><W5/><G103/><T129/><D129/><U20/><E132/><V117/><F50/><W16/><G107/><T66/><D41/><U77/><E77/><V58/><REACH who="2" step="1"/><F117/><REACH who="2" ten="318,329,306,37" step="2"/><W24/><G39/><T25/><D82/><U59/><E37/><V126/><F126/><W115/><G115/><T88/><D26/><U18/><E36/><V52/><F52/><W19/><G27/><T60/><D60/><U62/><E38/><V7/><F7/><W3/><G3/><T121/><D121/><U30/><E31/><V89/><F89/><N who="0" m="34410" /><D93/><AGARI ba="0,1" hai="14,17,23,49,55,58,61,67,68,74,75,93,96,100" machi="93" ten="30,5800,0" yaku="1,1,7,1,53,1" doraHai="85" doraHaiUra="97" who="2" fromWho="0" sc="318,-58,329,0,306,68,37,0" /><INIT seed="6,1,0,0,2,53" ten="260,329,374,37" oya="2" hai0="43,116,59,31,115,10,57,107,47,95,94,82,109" hai1="39,129,61,58,74,121,26,101,102,45,50,96,55" hai2="11,119,118,111,42,72,103,19,27,15,5,7,76" hai3="124,84,114,3,4,134,81,41,88,51,108,104,25"/><V56/><F42/><W133/><G108/><T62/><D107/><U29/><E74/><V64/><F103/><W83/><G104/><T120/><D116/><U80/><E129/><V12/><F27/><W20/><G124/><T28/><D120/><U9/><E121/><V85/><F72/><W132/><G114/><T105/><D105/><U52/><E39/><V126/><F126/><W35/><G35/><T89/><D115/><U6/><E80/><V2/><F111/><W22/><G4/><T112/><D112/><U97/><E101/><V23/><F76/><W34/><G3/><T65/><D109/><U48/><E61/><V75/><F75/><W17/><G34/><T122/><D122/><U100/><E100/><V128/><F128/><W106/><G106/><T63/><D10/><U130/><E102/><V54/><F64/><W69/><G22/><T71/><D71/><U90/><E90/><V60/><F85/><W91/><G69/><T66/><D82/><N who="3" m="31241" /><G84/><T110/><D110/><U123/><E123/><V87/><F87/><W68/><G68/><T99/><D95/><U125/><E125/><V44/><F5/><W92/><G92/><T78/><D78/><U14/><REACH who="1" step="1"/><E130/><REACH who="1" ten="260,319,374,37" step="2"/><V117/><F118/><W18/><G91/><T135/><D135/><U0/><E0/><V79/><F2/><W37/><G88/><T127/><D127/><U67/><E67/><V46/><F79/><W131/><G37/><AGARI ba="1,1" hai="28,31,37,43,47,57,59,62,63,65,66,89,94,99" machi="37" ten="30,7700,0" yaku="7,1,9,1,52,2" doraHai="53" who="0" fromWho="3" sc="260,90,319,0,374,0,37,-80" owari="350,15.0,319,-8.0,374,47.0,-43,-54.0" /></mjloggm>