<mjloggm ver="2.3"><GO type="97" lobby="0"/><UN n0="%E5%B0%B1%E6%B4%BB%E7%94%9F%40%E5%B7%9D%E6%9D%91%E8%BB%8D%E5%9B%A3" n1="%41%65%67%69%73%4B%47" n2="%E7%8C%AB%E5%85%88%E8%BC%A9" n3="%6B%69%68%61%35%38" dan="16,15,14,14" rate="2090.39,1954.63,1943.29,1887.98" sx="M,M,M,M"/><TAIKYOKU oya="0"/><INIT seed="0,0,0,4,2,9" ten="250,250,250,250" oya="0" hai0="93,85,53,46,2,43,44,57,65,119,94,13,128" hai1="96,124,55,104,98,73,115,51,15,121,68,117,116" hai2="102,35,118,27,16,63,69,12,8,10,99,74,107" hai3="130,52,103,64,78,54,6,71,84,60,67,5,38"/><T61/><D2/><U4/><E121/><V28/><F74/><W105/><G38/><T126/><D119/><U11/><E68/><V42/><F42/><W82/><G130/><T14/><D126/><U26/><E73/><V49/><F49/><W20/><G67/><T134/><D128/><U3/><E124/><V135/><F135/><W131/><G131/><T66/><D134/><U48/><E115/><V79/><F79/><W33/><G33/><T17/><D14/><U39/><E39/><V76/><F76/><W122/><G122/><T29/><D29/><U81/><E51/><V36/><F36/><W88/><G78/><T45/><D43/><U32/><E81/><V114/><F114/><W109/><G109/><T129/><D129/><U133/><E133/><V22/><F118/><W87/><G87/><T100/><D85/><U106/><E3/><V123/><F123/><W18/><G103/><T80/><D80/><U24/><E32/><V34/><F34/><W58/><G105/><T86/><D94/><U50/><E11/><V30/><F30/><W0/><G0/><T101/><D101/><U75/><E75/><V112/><F112/><W95/><G95/><T111/><D111/><U31/><E31/><V59/><REACH who="2" step="1"/><F69/><REACH who="2" ten="250,250,240,250" step="2"/><W113/><G113/><T97/><REACH who="0" step="1"/><D86/><REACH who="0" ten="240,250,240,250" step="2"/><U89/><E117/><V90/><F90/><W91/><G91/><T77/><D77/><U40/><E89/><V1/><F1/><W7/><G71/><T62/><D62/><U70/><E116/><V110/><F110/><W83/><G82/><T72/><D72/><U92/><E70/><RYUUKYOKU ba="0,2" sc="240,10,250,-30,240,10,250,10" hai0="13,17,44,45,46,53,57,61,65,66,93,97,100" hai2="8,10,12,16,22,27,28,35,59,63,99,102,107" hai3="5,6,7,18,20,52,54,58,60,64,83,84,88" /><INIT seed="0,1,2,4,2,27" ten="250,220,250,260" oya="0" hai0="112,4,16,53,20,54,101,28,44,105,79,55,14" hai1="132,1,21,87,57,78,24,123,36,64,121,92,95" hai2="32,22,47,5,63,126,62,50,103,67,10,100,99" hai3="93,96,114,111,124,72,97,39,131,94,31,51,117"/><T7/><D112/><U80/><E1/><V11/><F32/><W23/><G39/><T48/><D105/><U46/><E132/><V29/><F126/><W106/><G114/><T52/><D101/><U110/><E110/><V17/><F29/><W86/><G72/><T125/><D125/><U25/><E36/><V3/><F11/><W68/><G124/><T49/><D79/><U26/><E46/><V104/><F100/><W66/><G131/><T76/><D76/><U61/><E123/><V30/><F30/><W77/><G68/><T6/><D28/><N who="1" m="17423" /><E121/><V37/><F37/><W108/><G66/><T9/><REACH who="0" step="1"/><D49/><REACH who="0" ten="240,220,250,260" step="2"/><U81/><E25/><AGARI ba="1,3" hai="4,6,7,9,14,16,20,25,44,48,52,53,54,55" machi="25" ten="40,12000,1" yaku="1,1,2,1,8,1,54,2,53,0" doraHai="27" doraHaiUra="71" who="0" fromWho="1" sc="240,153,220,-123,250,0,260,0" /><INIT seed="0,2,0,1,5,60" ten="393,97,250,260" oya="0" hai0="122,94,48,114,84,97,43,89,115,98,103,56,106" hai1="6,77,19,8,102,70,91,131,87,2,73,51,120" hai2="133,129,26,123,40,35,109,58,24,33,82,134,116" hai3="111,81,96,128,36,9,75,74,85,55,130,17,49"/><T66/><D122/><U121/><E70/><V93/><F40/><W13/><G36/><T28/><D28/><U69/><E69/><V112/><F82/><W16/><G96/><T125/><D125/><U65/><E102/><V100/><F58/><W62/><G62/><T88/><D43/><U135/><E135/><N who="2" m="51723" /><F93/><W3/><G3/><T95/><REACH who="0" step="1"/><D66/><REACH who="0" ten="383,97,250,260" step="2"/><U99/><E65/><V10/><F123/><W108/><G130/><T67/><D67/><U124/><E131/><V86/><F129/><W61/><G128/><T25/><D25/><U104/><E124/><V45/><F24/><W113/><G111/><T44/><D44/><U46/><E121/><V105/><F26/><W59/><G108/><T15/><D15/><U76/><E120/><V132/><F109/><W7/><G113/><T54/><AGARI ba="2,1" hai="48,54,56,84,88,89,94,95,97,98,103,106,114,115" machi="54" ten="30,6000,0" yaku="1,1,0,1,54,1,53,0" doraHai="60" doraHaiUra="42" who="0" fromWho="0" sc="383,76,97,-22,250,-22,260,-22" /><INIT seed="0,3,0,0,4,10" ten="459,75,228,238" oya="0" hai0="126,76,123,72,16,1,2,41,43,134,96,82,133" hai1="58,118,105,4,78,79,30,114,124,9,127,67,39" hai2="61,108,98,28,11,106,51,95,25,101,86,83,111" hai3="26,100,57,19,66,94,110,17,121,48,70,103,80"/><T77/><D123/><U104/><E118/><V131/><F106/><N who="1" m="41065" /><E39/><V112/><F112/><W22/><G110/><N who="2" m="42025" /><F51/><W21/><G70/><T56/><D126/><N who="1" m="48171" /><E114/><V122/><F61/><N who="3" m="38191" /><G80/><T87/><D96/><U55/><E30/><V33/><F11/><W47/><G94/><T38/><D56/><U69/><E67/><V115/><F122/><W109/><G109/><T37/><D87/><U128/><E69/><V5/><F115/><W54/><G121/><T7/><D7/><U52/><E128/><V34/><F5/><W71/><G71/><T92/><D92/><U42/><E42/><V46/><F46/><W120/><G120/><T35/><D35/><U18/><E18/><V113/><F113/><W135/><G135/><T89/><D89/><U62/><E55/><V117/><F117/><W90/><G90/><T31/><D31/><U99/><E99/><V107/><F107/><W59/><G47/><T27/><D38/><U60/><E60/><V68/><F68/><W6/><G6/><T3/><D37/><U23/><E23/><N who="2" m="15423" /><F131/><W40/><G40/><T102/><D43/><U49/><E49/><V13/><F13/><AGARI ba="3,0" hai="13,17,19,21,22,26,48,54,59,100,103" m="38191" machi="13" ten="30,2000,0" yaku="8,1,52,1" doraHai="10" who="3" fromWho="2" sc="459,0,75,0,228,-29,238,29" /><AGARI ba="3,0" hai="4,9,13,52,58,62,78,79" m="48171,41065" machi="13" ten="30,3900,0" yaku="18,1,52,1,54,1" doraHai="10" who="1" fromWho="2" sc="459,0,75,39,199,-39,267,0" /><INIT seed="1,0,0,4,3,1" ten="459,114,160,267" oya="1" hai0="76,88,111,18,117,47,22,97,92,73,112,48,122" hai1="65,115,26,13,10,107,105,60,114,4,119,39,127" hai2="87,68,96,79,38,123,134,66,14,29,35,9,30" hai3="33,45,55,42,113,12,21,86,51,5,58,2,36"/><U135/><E119/><V74/><F38/><W16/><G33/><T53/><D112/><U50/><E39/><V11/><F123/><W110/><G110/><T44/><D122/><U131/><E131/><V94/><F134/><W90/><G113/><T17/><D111/><U8/><E135/><V104/><F74/><W61/><G61/><T98/><D117/><U37/><E37/><V78/><F104/><W118/><G118/><T24/><D73/><U63/><E127/><V75/><F75/><W132/><G132/><T59/><D76/><U106/><E26/><V81/><F78/><W80/><G2/><T71/><D71/><U121/><E121/><V40/><F40/><W109/><G109/><T77/><D77/><U67/><E50/><V69/><F35/><W85/><REACH who="3" step="1"/><G86/><REACH who="3" ten="459,114,160,257" step="2"/><T57/><D98/><U20/><E20/><V95/><F68/><W49/><G49/><N who="0" m="28863" /><D18/><U23/><E23/><V129/><F69/><W108/><G108/><T32/><D32/><U124/><E124/><V15/><F129/><W84/><G84/><T72/><D72/><U83/><E83/><V6/><F66/><W62/><G62/><N who="1" m="23594" /><E67/><V133/><F133/><W89/><G89/><T101/><D101/><U116/><E65/><V102/><REACH who="2" step="1"/><F95/><REACH who="2" ten="459,114,150,257" step="2"/><W34/><G34/><T31/><D92/><U0/><E116/><V64/><F64/><W91/><G91/><T82/><D88/><U43/><E43/><V120/><F120/><W100/><G100/><T52/><D97/><U128/><E128/><V93/><F93/><W46/><G46/><T25/><D82/><U99/><E99/><RYUUKYOKU ba="0,2" sc="459,0,114,0,150,0,257,0" hai0="17,22,24,25,31,44,48,52,57,59" hai1="0,4,8,10,13,105,106,107,114,115" hai2="6,9,11,14,15,29,30,79,81,87,94,96,102" hai3="5,12,16,21,36,42,45,51,55,58,80,85,90" /><INIT seed="1,1,2,4,3,65" ten="459,114,150,257" oya="1" hai0="16,25,120,118,42,125,124,13,40,90,95,48,132" hai1="57,14,5,27,53,44,36,87,130,104,94,111,10" hai2="106,80,70,4,29,28,66,92,61,123,122,134,2" hai3="62,19,73,99,71,129,30,43,45,34,20,7,33"/><U117/><E104/><V102/><F106/><W63/><G73/><T110/><D118/><U72/><E117/><V67/><F67/><W58/><G129/><T9/><D120/><U79/><E130/><V109/><F109/><W11/><G30/><T126/><D132/><U60/><E111/><V15/><F2/><W131/><G99/><N who="0" m="57847" /><D110/><U93/><E72/><V23/><F134/><W82/><G82/><T133/><D133/><U26/><E36/><V37/><F37/><W59/><G71/><T108/><D108/><U105/><E105/><V18/><F80/><W116/><G59/><T17/><D48/><N who="1" m="28807" /><E79/><V78/><F78/><W107/><G107/><T24/><D24/><N who="1" m="9259" /><E87/><V135/><F135/><W56/><G56/><T96/><D96/><U115/><E115/><V85/><F4/><W50/><G63/><T101/><D101/><U76/><E76/><V74/><F74/><W47/><G131/><T1/><D1/><U75/><E75/><V31/><REACH who="2" step="1"/><F102/><REACH who="2" ten="459,114,140,257" step="2"/><W51/><G116/><T68/><D68/><U81/><E81/><V127/><F127/><W100/><G100/><T55/><D126/><U84/><E84/><V46/><F46/><W39/><G45/><T98/><D125/><U128/><E128/><V41/><F41/><W0/><G47/><T121/><D124/><U69/><E69/><V49/><F49/><W54/><G43/><T119/><D121/><U22/><E22/><V89/><AGARI ba="1,3" hai="15,18,23,28,29,31,61,66,70,85,89,92,122,123" machi="89" ten="30,4000,0" yaku="1,1,0,1,52,1,53,0" doraHai="65" doraHaiUra="113" who="2" fromWho="2" sc="459,-11,114,-21,140,73,257,-11" /><INIT seed="2,0,0,1,4,13" ten="448,93,213,246" oya="2" hai0="120,25,92,112,7,33,12,58,37,82,21,6,73" hai1="57,59,109,63,126,134,115,102,65,71,81,53,123" hai2="127,128,49,107,75,96,122,15,105,116,8,29,110" hai3="76,97,111,45,9,99,108,100,72,4,79,62,27"/><V48/><F122/><W61/><G45/><T91/><D37/><U68/><E115/><V119/><F75/><W113/><G27/><T85/><D33/><U19/><E109/><N who="3" m="42058" /><G113/><T106/><D106/><U11/><E126/><V17/><F110/><W36/><G36/><T84/><D112/><U41/><E134/><V117/><F127/><W133/><G133/><T26/><D73/><U16/><E41/><V83/><F128/><W98/><G100/><T70/><D70/><U66/><E123/><V132/><F132/><W60/><G72/><T35/><D35/><U1/><E102/><V3/><F3/><AGARI ba="0,0" hai="3,4,9,60,61,62,76,79,97,98,99" m="42058" machi="3" ten="40,1300,0" yaku="14,1" doraHai="13" who="3" fromWho="2" sc="448,0,93,0,213,-13,246,13" /><INIT seed="3,0,0,1,1,64" ten="448,93,200,259" oya="3" hai0="117,106,57,102,39,124,132,101,58,54,83,38,62" hai1="9,7,92,63,44,105,77,108,135,113,81,42,79" hai2="53,40,70,109,18,103,48,110,104,71,69,28,90" hai3="98,32,51,86,5,13,45,91,111,19,122,61,16"/><W121/><G32/><T68/><D117/><U24/><E105/><V2/><F2/><W27/><G111/><N who="2" m="42505" /><F28/><W17/><G98/><T14/><D68/><U118/><E108/><V46/><F90/><W56/><G27/><T11/><D124/><U29/><E113/><V50/><F18/><W120/><G5/><T123/><D123/><U114/><E114/><V127/><F127/><W115/><G115/><T112/><D112/><U3/><E118/><V20/><F20/><W87/><G13/><T82/><D132/><U76/><E135/><V119/><F119/><W52/><REACH who="3" step="1"/><G91/><REACH who="3" ten="448,93,200,249" step="2"/><T12/><D12/><U31/><E29/><V97/><F48/><W8/><G8/><T72/><D106/><U93/><E63/><V55/><AGARI ba="0,1" hai="40,46,50,53,55,69,70,71,97,103,104" m="42505" machi="55" ten="40,8000,1" yaku="14,1,52,3" doraHai="64" who="2" fromWho="2" sc="448,-20,93,-20,200,90,249,-40" owari="428,53.0,73,-43.0,290,9.0,209,-19.0" /></mjloggm>