<mjloggm ver="2.3"><GO type="169" lobby="0"/><UN n0="%E5%A4%A9%E9%BC%93" n1="%6E%6F%6E%6E" n2="%E3%82%A6%E3%83%AB%E3%83%88%E3%83%A9%E7%AB%8B%E7%9B%B4" n3="%E3%81%8D%E3%82%89%E3%82%81%E3%81%8F%E3%83%91%E3%83%B3%E3%82%B8%E3%83%BC" dan="17,16,16,16" rate="2101.09,2069.25,2108.86,2134.84" sx="M,M,M,M"/><TAIKYOKU oya="0"/><INIT seed="0,0,0,2,0,132" ten="250,250,250,250" oya="0" hai0="107,104,49,129,28,26,59,135,43,8,114,99,130" hai1="73,116,91,66,48,131,94,14,57,74,61,37,41" hai2="53,68,21,34,63,86,51,77,9,102,117,80,97" hai3="88,133,93,81,95,125,120,13,134,100,98,46,6"/><T38/><D114/><U121/><E121/><V27/><F117/><W128/><G46/><T12/><D38/><U79/><E116/><V52/><F9/><W78/><G13/><T40/><D135/><N who="3" m="51721" /><G6/><T101/><D107/><U23/><E37/><V11/><F11/><W90/><G120/><T29/><D59/><U123/><E123/><V36/><F36/><W25/><G25/><T89/><D89/><N who="3" m="34409" /><G128/><N who="0" m="49259" /><D49/><U5/><E131/><V72/><F34/><W122/><G122/><T111/><D111/><U67/><E66/><V20/><F68/><W22/><G22/><N who="0" m="15447" /><D29/><U3/><E3/><V33/><F63/><W55/><G55/><T16/><AGARI ba="0,0" hai="8,12,16,40,43,99,101,104" m="15447,49259" machi="16" ten="30,3000,0" yaku="19,1,54,1" doraHai="132" who="0" fromWho="0" sc="250,30,250,-10,250,-10,250,-10" /><INIT seed="0,1,0,1,2,72" ten="280,240,240,240" oya="0" hai0="77,67,15,135,130,13,52,46,68,107,111,44,128" hai1="96,39,56,70,88,37,40,27,76,47,35,113,69" hai2="51,66,99,127,116,91,10,12,112,9,26,115,29" hai3="22,92,63,48,23,45,132,2,64,104,31,87,49"/><T6/><D107/><U24/><E113/><V114/><F116/><W82/><G104/><T17/><D6/><U106/><E39/><V102/><F127/><W28/><G2/><T108/><D135/><U55/><E106/><V86/><F66/><W57/><G132/><T78/><D67/><U74/><E70/><V83/><F51/><W73/><G73/><T79/><D68/><U7/><E7/><V53/><F53/><W119/><G119/><T117/><D117/><U134/><E69/><V103/><F99/><W0/><G0/><T32/><D32/><U58/><E35/><V60/><F60/><W33/><G92/><T30/><D30/><N who="3" m="11305" /><G33/><T120/><D120/><U84/><E96/><V94/><F94/><W14/><G14/><N who="0" m="5131" /><D17/><U38/><E38/><V71/><F71/><W110/><G110/><N who="0" m="42027" /><D52/><U97/><E134/><V65/><F12/><W122/><G122/><T59/><D59/><U75/><E58/><V5/><F5/><W90/><G48/><T41/><D41/><AGARI ba="1,0" hai="22,23,41,45,49,57,63,64,82,87,90" m="11305" machi="41" ten="30,1000,0" yaku="8,1" doraHai="72" who="3" fromWho="0" sc="280,-13,240,0,240,0,240,13" /><INIT seed="1,0,0,0,1,20" ten="267,240,240,253" oya="1" hai0="120,15,49,19,82,88,83,132,73,75,80,100,78" hai1="115,47,126,90,54,32,39,12,103,87,28,97,51" hai2="56,111,67,45,2,42,130,22,125,52,35,17,94" hai3="43,63,60,129,5,4,37,44,31,96,48,14,55"/><U123/><E115/><V131/><F35/><W16/><G129/><N who="2" m="49161" /><F2/><W95/><G31/><T113/><D113/><U26/><E123/><V64/><F111/><W79/><G79/><T21/><D120/><U70/><E126/><V25/><F94/><W38/><G38/><T3/><D100/><U61/><E39/><N who="2" m="21727" /><F125/><W124/><G124/><T57/><D3/><U77/><E77/><V91/><F91/><N who="3" m="55423" /><G37/><T93/><D132/><U8/><E61/><AGARI ba="0,0" hai="17,22,25,52,56,61,64,67" m="21727,49161" machi="61" ten="30,3900,0" yaku="19,1,52,1,54,1" doraHai="20" who="2" fromWho="1" sc="267,0,240,-39,240,39,253,0" /><INIT seed="2,0,0,5,5,14" ten="267,201,279,253" oya="2" hai0="49,7,65,28,111,101,8,97,79,122,130,4,75" hai1="30,134,63,133,118,5,3,90,85,107,61,38,102" hai2="77,25,31,105,126,47,88,24,108,78,72,54,115" hai3="22,125,81,35,131,32,57,91,6,68,74,129,59"/><V33/><F115/><W20/><G6/><T37/><D37/><U60/><E118/><V86/><F105/><W123/><G68/><T76/><D122/><U41/><E30/><V70/><F70/><W2/><G2/><T15/><D130/><U45/><E102/><V99/><F99/><W50/><G123/><T104/><D111/><U109/><E107/><V132/><F132/><N who="1" m="50793" /><E109/><V128/><F108/><W89/><G50/><T95/><D28/><U43/><E43/><V80/><F128/><W58/><G58/><T0/><D65/><U100/><E100/><V53/><F126/><W23/><G23/><T48/><D7/><U44/><E44/><V62/><F72/><W12/><G74/><T110/><D110/><U121/><E121/><V106/><F106/><W124/><G12/><T71/><D71/><U27/><E27/><V17/><F47/><W94/><G94/><T1/><D75/><U34/><E34/><V29/><F29/><W96/><G96/><T127/><D127/><U56/><E5/><V69/><F69/><W64/><G64/><T9/><D104/><U51/><E3/><V117/><F117/><W119/><REACH who="3" step="1"/><G81/><REACH who="3" ten="267,201,279,243" step="2"/><T135/><D135/><U10/><E10/><V112/><F80/><W98/><G98/><T92/><D92/><N who="1" m="54351" /><E51/><N who="0" m="19529" /><D0/><U67/><AGARI ba="0,1" hai="38,41,45,56,60,61,63,67" m="54351,50793" machi="67" ten="30,1100,0" yaku="20,1" doraHai="14" who="1" fromWho="1" sc="267,-3,201,21,279,-5,243,-3" /><INIT seed="3,0,0,5,2,5" ten="264,222,274,240" oya="3" hai0="107,74,133,48,80,58,10,35,65,81,73,104,9" hai1="43,15,115,28,100,62,94,54,61,75,0,95,109" hai2="122,39,46,41,31,8,79,34,40,87,55,18,49" hai3="76,108,118,84,69,114,113,112,12,3,26,16,11"/><W83/><G118/><T25/><D35/><U91/><E75/><N who="0" m="28681" /><D25/><U53/><E115/><V85/><F34/><W45/><G69/><T92/><D48/><U67/><E0/><V124/><F39/><W6/><G45/><T96/><D58/><U4/><E100/><V117/><F117/><W30/><G108/><T57/><D57/><U123/><E109/><V22/><F124/><W134/><G134/><T7/><D7/><U110/><E110/><V116/><F116/><W103/><G103/><N who="0" m="60807" /><D10/><N who="1" m="4551" /><E123/><V13/><F122/><W32/><REACH who="3" step="1"/><G112/><REACH who="3" ten="264,222,274,230" step="2"/><T52/><D133/><U130/><E130/><V50/><F46/><W127/><G127/><T101/><D101/><U42/><E67/><V102/><F102/><W86/><G86/><T111/><D65/><U44/><E44/><V98/><F87/><W131/><G131/><T77/><D111/><U1/><E42/><V105/><F85/><W89/><G89/><T60/><D107/><U125/><E91/><V23/><F105/><W121/><G121/><T56/><D104/><U66/><E125/><V27/><F41/><W33/><G33/><T51/><D56/><U106/><E43/><V120/><F120/><W63/><G63/><T70/><D60/><U99/><E62/><V72/><F72/><W29/><G29/><T119/><D70/><U132/><E106/><V59/><F79/><W20/><AGARI ba="0,1" hai="3,6,11,12,16,20,26,30,32,76,83,84,113,114" machi="20" ten="20,24000,3" yaku="1,1,0,1,7,1,24,2,52,1,54,1,53,1" doraHai="5" doraHaiUra="21" who="3" fromWho="3" sc="264,-80,222,-80,274,-80,230,250" /><INIT seed="3,1,0,0,4,29" ten="184,142,194,480" oya="3" hai0="22,106,7,114,43,126,99,61,14,17,116,104,123" hai1="60,134,91,82,65,108,128,52,27,102,53,45,12" hai2="73,47,96,28,49,35,89,124,95,30,80,76,25" hai3="21,78,20,101,66,74,50,56,59,39,131,55,69"/><W34/><G39/><T26/><D123/><U70/><E108/><V90/><F124/><W72/><G69/><T68/><D116/><U81/><E134/><V71/><F71/><W1/><G1/><T98/><D126/><U36/><E128/><V112/><F112/><W118/><G118/><T111/><D111/><U41/><E102/><V16/><F30/><W67/><G131/><T63/><D114/><U11/><E27/><V130/><F130/><W129/><G129/><T54/><D43/><U18/><E91/><V119/><F119/><W5/><G34/><T117/><D117/><U133/><E133/><V13/><F95/><W92/><G5/><T46/><D99/><U135/><E135/><V2/><F96/><W105/><G105/><T10/><D98/><U93/><E93/><V44/><F2/><W97/><G74/><T88/><D88/><U113/><REACH who="1" step="1"/><E113/><REACH who="1" ten="184,132,194,480" step="2"/><V58/><F89/><W86/><G101/><T103/><D103/><U94/><E94/><V33/><F90/><W40/><G92/><T32/><D106/><U51/><E51/><V127/><F127/><W38/><G50/><N who="0" m="29015" /><D104/><U15/><E15/><V0/><F0/><W110/><G110/><T79/><D14/><U83/><AGARI ba="1,1" hai="11,12,18,36,41,45,52,53,60,65,70,81,82,83" machi="83" ten="30,4000,0" yaku="1,1,0,1,54,1,53,0" doraHai="29" doraHaiUra="107" who="1" fromWho="1" sc="184,-11,132,53,194,-11,480,-21" /><INIT seed="4,0,0,2,0,48" ten="173,185,183,459" oya="0" hai0="90,119,128,0,5,55,105,7,95,41,87,12,28" hai1="77,83,92,26,70,120,84,18,93,117,25,106,112" hai2="129,27,80,47,65,60,30,121,58,86,113,2,69" hai3="24,114,104,34,108,51,67,52,29,131,13,21,102"/><T115/><D0/><U59/><E120/><V56/><F121/><W79/><G108/><T32/><D119/><U118/><E70/><V11/><F129/><W73/><G114/><T96/><D41/><U16/><E106/><V91/><F113/><W76/><G131/><T61/><D115/><U64/><E112/><V3/><F47/><W122/><G122/><T39/><D39/><U50/><E118/><V14/><F58/><W42/><G73/><T130/><D32/><U75/><E75/><V9/><F69/><W101/><G67/><T68/><D28/><U89/><E117/><V63/><F60/><W31/><G42/><T1/><D1/><U123/><E123/><V116/><F11/><W99/><G102/><T46/><D5/><U33/><E33/><V94/><F80/><W38/><G38/><T74/><D74/><U107/><E107/><V15/><F15/><W37/><G37/><T23/><D7/><U135/><E135/><V111/><F111/><W66/><G66/><T97/><D105/><U126/><E126/><V100/><F100/><W81/><G81/><T82/><D130/><U127/><E127/><V44/><F116/><W22/><G34/><T103/><D128/><U133/><E133/><V49/><F3/><W71/><G71/><T124/><D124/><U53/><E64/><V110/><F2/><W134/><G134/><T8/><D68/><U125/><E125/><V10/><F110/><W85/><G85/><T40/><D40/><U19/><E77/><V62/><F65/><W43/><G43/><T57/><D103/><U98/><E83/><RYUUKYOKU ba="0,0" sc="173,-10,185,30,183,-10,459,-10" hai1="16,18,19,25,26,50,53,59,84,89,92,93,98" /><INIT seed="5,1,0,3,4,85" ten="163,215,173,449" oya="1" hai0="119,75,14,79,45,39,76,90,17,135,41,31,127" hai1="108,20,125,38,86,44,36,40,61,104,118,64,105" hai2="59,56,87,42,34,101,67,84,130,23,77,109,78" hai3="102,111,97,1,52,57,47,26,132,24,99,49,89"/><U11/><E118/><V43/><F34/><W55/><G111/><T98/><D119/><U13/><E108/><V134/><F109/><W33/><G1/><T7/><D7/><U124/><E20/><V82/><F130/><W129/><G129/><T28/><D135/><U12/><E38/><V126/><F134/><W8/><G132/><T100/><D127/><N who="1" m="48715" /><E86/><V65/><F126/><W96/><G8/><T116/><D116/><U69/><E13/><V22/><F101/><W63/><G33/><T122/><D100/><U112/><E112/><V46/><F46/><W18/><G102/><T54/><D122/><U60/><E61/><V19/><F19/><AGARI ba="1,0" hai="11,12,19,36,40,44,60,64,69,104,105" m="48715" machi="19" ten="30,1500,0" yaku="18,1" doraHai="85" who="1" fromWho="2" sc="163,0,215,18,173,-18,449,0" /><INIT seed="5,2,0,2,5,0" ten="163,233,155,449" oya="1" hai0="2,22,107,118,104,23,102,103,87,74,114,37,75" hai1="40,55,58,82,45,38,6,32,30,66,48,11,56" hai2="133,64,31,91,16,113,89,111,39,15,86,33,108" hai3="57,69,10,93,28,131,65,78,14,79,92,26,116"/><U60/><E82/><V85/><F39/><W21/><G131/><T90/><D23/><U17/><E17/><V109/><F133/><W44/><G116/><T41/><D22/><U101/><E101/><N who="0" m="38409" /><D41/><U134/><E134/><V76/><F113/><W129/><G129/><T126/><D37/><U24/><E11/><V20/><F64/><W84/><G69/><T80/><D2/><U18/><E18/><V81/><REACH who="2" step="1"/><F86/><REACH who="2" ten="163,233,145,449" step="2"/><W62/><G84/><N who="0" m="50439" /><D114/><U8/><E8/><V34/><F34/><W52/><G10/><T42/><D42/><U70/><E56/><V117/><F117/><W135/><G57/><T99/><D118/><U106/><E6/><V47/><F47/><W50/><G44/><T98/><D87/><U96/><REACH who="1" step="1"/><E96/><REACH who="1" ten="163,223,145,449" step="2"/><N who="0" m="36905" /><D126/><U127/><E127/><V72/><F72/><AGARI ba="2,2" hai="72,74,75,104,107" m="36905,50439,38409" machi="72" ten="30,8000,1" yaku="35,5" doraHai="0" who="0" fromWho="2" sc="163,106,223,0,145,-86,449,0" /><INIT seed="6,0,0,0,0,31" ten="269,223,59,449" oya="2" hai0="121,35,106,27,61,40,67,111,39,59,97,110,115" hai1="7,4,74,9,69,25,128,80,48,104,127,43,65" hai2="6,131,53,24,33,42,36,51,29,85,90,130,124" hai3="94,34,134,84,21,8,60,68,3,86,45,57,12"/><V133/><F124/><W49/><G3/><T78/><D121/><U63/><E127/><V5/><F133/><W72/><G34/><T102/><D78/><U66/><E104/><V98/><F98/><W28/><G72/><T55/><D115/><U14/><E128/><V18/><F18/><N who="3" m="8455" /><G68/><N who="0" m="42095" /><D55/><U44/><E66/><V109/><F109/><W58/><G134/><T50/><D59/><N who="3" m="22537" /><G60/><T114/><D50/><U107/><E107/><V91/><F42/><N who="3" m="24759" /><G94/><T112/><D40/><U120/><E120/><V13/><F36/><W126/><G126/><T10/><D10/><U132/><E132/><V105/><F105/><W83/><G83/><T17/><D17/><U118/><E118/><V46/><F13/><W96/><G96/><T16/><D16/><U113/><E113/><N who="0" m="43625" /><D39/><U62/><E63/><V135/><F135/><W30/><G21/><T56/><D56/><U70/><E69/><V2/><F2/><W103/><G103/><T23/><D23/><U37/><E37/><V77/><F77/><W52/><G52/><T79/><D79/><U100/><E100/><V19/><F19/><W81/><G81/><T32/><D32/><U82/><E7/><V38/><F38/><W26/><G26/><T47/><D47/><U22/><E74/><V101/><F101/><W54/><G54/><T1/><D1/><U123/><E123/><V129/><REACH who="2" step="1"/><F91/><REACH who="2" ten="269,223,49,449" step="2"/><W11/><G11/><T125/><D125/><U117/><E117/><V73/><F73/><W41/><G41/><T88/><D88/><U15/><E15/><V20/><F20/><W64/><G64/><T89/><D89/><RYUUKYOKU ba="0,1" sc="269,0,223,0,49,0,449,0" hai0="27,35,97,102,106,110,111" hai1="4,9,14,22,25,43,44,48,62,65,70,80,82" hai2="5,6,24,29,33,46,51,53,85,90,129,130,131" hai3="28,30,84,86" /><INIT seed="6,1,1,5,5,131" ten="269,223,49,449" oya="2" hai0="129,87,2,58,46,74,24,49,101,98,100,7,103" hai1="53,22,126,31,94,39,124,15,95,16,107,33,48" hai2="76,41,52,69,81,64,119,23,130,56,54,79,13" hai3="111,80,112,20,55,77,90,84,12,70,134,73,127"/><V132/><F119/><W91/><G111/><T35/><D74/><U19/><E39/><V66/><F69/><W0/><G0/><T40/><D129/><U5/><E107/><V65/><F130/><W120/><G120/><T118/><D118/><U82/><E5/><V99/><F41/><W47/><G70/><T32/><D98/><U63/><E63/><V88/><F132/><W135/><G127/><N who="1" m="48682" /><E82/><V14/><F54/><W117/><G117/><T45/><D58/><N who="1" m="33063" /><E19/><N who="2" m="10735" /><F14/><W106/><G106/><T9/><D32/><U72/><E72/><V51/><F99/><W62/><G12/><T3/><D3/><U75/><E75/><V104/><F104/><W50/><G73/><T25/><D35/><U36/><E36/><V61/><F61/><W102/><G62/><T116/><D116/><U28/><E33/><V86/><AGARI ba="1,1" hai="51,52,56,64,65,66,76,79,81,86,88" m="10735" machi="86" ten="30,6000,0" yaku="8,1,54,2" doraHai="131" who="2" fromWho="2" sc="269,-21,223,-21,49,73,449,-21" /><INIT seed="6,2,0,5,0,23" ten="248,202,122,428" oya="2" hai0="60,129,91,88,68,55,63,102,30,115,79,108,36" hai1="111,3,81,71,122,16,64,56,14,12,1,0,45" hai2="96,59,121,17,27,32,52,6,134,75,87,50,13" hai3="49,57,20,66,130,58,132,107,48,33,127,85,123"/><V128/><F75/><W62/><G33/><T86/><D108/><U94/><E111/><V112/><F121/><W19/><G107/><T70/><D36/><U22/><E71/><V42/><F134/><W69/><G123/><T133/><D102/><U10/><E122/><V93/><F128/><W61/><G132/><T44/><D79/><U131/><E131/><V29/><F112/><W100/><G130/><T38/><D115/><U120/><E120/><V90/><F42/><W98/><G127/><T28/><D86/><U135/><E135/><V101/><F6/><W41/><G41/><T51/><D70/><U9/><E45/><V89/><REACH who="2" step="1"/><F87/><REACH who="2" ten="248,202,112,428" step="2"/><W84/><G84/><T73/><D73/><U76/><E94/><V24/><F24/><W11/><G85/><T82/><D133/><U31/><E76/><V72/><F72/><W118/><G118/><T80/><D129/><U5/><E81/><V117/><F117/><W67/><G69/><T26/><D68/><U77/><E77/><V124/><F124/><W113/><G113/><T34/><D82/><U114/><E114/><V37/><F37/><W8/><G98/><T65/><D38/><U103/><E103/><V99/><F99/><W43/><G43/><T35/><D80/><U18/><E31/><V53/><F53/><W83/><G100/><T95/><D95/><U97/><E97/><V78/><F78/><W40/><G83/><T74/><D74/><U46/><E46/><V106/><F106/><W92/><G92/><T39/><D44/><U126/><E126/><V2/><F2/><W104/><G104/><RYUUKYOKU ba="2,1" sc="248,-15,202,15,112,15,428,-15" hai1="0,1,3,5,9,10,12,14,16,18,22,56,64" hai2="13,17,27,29,32,50,52,59,89,90,93,96,101" /><INIT seed="6,3,1,3,3,72" ten="233,217,127,413" oya="2" hai0="38,96,25,108,2,27,95,19,111,84,12,93,56" hai1="39,46,26,87,71,104,132,123,122,116,83,89,86" hai2="60,79,77,99,48,17,45,3,20,54,135,49,7" hai3="130,62,73,14,102,107,51,125,90,113,91,81,100"/><V67/><F135/><W134/><G134/><T114/><D2/><U0/><E132/><V66/><F7/><W117/><G117/><T1/><D1/><U58/><E71/><V29/><F3/><W59/><G125/><T120/><D38/><U31/><E116/><V42/><F29/><W103/><G130/><T6/><D120/><N who="1" m="46123" /><E0/><V129/><F99/><W85/><G113/><T36/><D36/><U34/><E104/><V78/><F60/><W128/><G128/><T92/><D6/><U22/><E58/><N who="2" m="33103" /><F129/><W11/><G73/><T44/><D114/><U30/><E87/><V68/><F68/><W94/><G51/><T74/><D74/><U112/><E112/><V55/><F42/><W18/><G107/><T133/><D96/><U105/><E105/><V82/><F82/><W21/><G11/><T16/><D133/><U8/><E8/><V13/><AGARI ba="3,1" hai="13,17,20,45,48,55,66,67,77,78,79" m="33103" machi="13" ten="30,11700,0" yaku="8,1,52,3" doraHai="72" who="2" fromWho="2" sc="233,-42,217,-42,127,136,413,-42" /><INIT seed="6,4,0,4,0,80" ten="191,175,263,371" oya="2" hai0="103,73,13,104,118,28,29,107,35,72,43,93,77" hai1="64,12,49,76,38,37,105,111,62,128,56,131,85" hai2="97,7,61,53,55,20,39,42,124,74,8,19,88" hai3="24,83,23,59,101,95,2,106,16,135,99,109,6"/><V87/><F74/><W17/><G109/><T54/><D43/><U4/><E111/><V27/><F124/><W89/><G135/><T15/><D93/><U84/><E105/><V127/><F127/><W22/><G83/><T67/><D54/><N who="1" m="31823" /><E76/><V98/><F42/><W68/><G68/><T58/><D77/><U10/><E38/><V18/><F39/><W70/><G70/><T134/><D134/><U40/><E40/><V102/><F19/><W66/><G2/><T119/><D58/><N who="1" m="36951" /><E37/><V5/><F61/><N who="3" m="38207" /><G6/><N who="2" m="2057" /><F8/><W126/><G126/><T51/><D51/><U90/><E90/><V116/><F116/><W21/><G106/><N who="0" m="40491" /><D67/><U120/><E120/><V1/><F1/><W69/><G69/><T117/><D103/><U41/><E41/><V36/><F36/><W92/><G24/><N who="0" m="18823" /><D29/><U9/><E9/><V71/><F71/><W48/><G48/><T122/><D122/><U33/><E33/><V3/><F3/><W30/><G30/><T115/><D73/><U60/><E60/><V113/><F102/><W94/><G101/><T63/><D63/><U32/><E32/><V108/><F108/><W57/><G57/><T123/><D123/><U133/><E133/><V110/><F110/><W86/><G99/><N who="2" m="37897" /><F55/><W130/><G130/><AGARI ba="4,0" hai="4,10,12,84,85,128,130,131" m="36951,31823" machi="130" ten="30,3900,0" yaku="19,1,52,2" doraHai="80" who="1" fromWho="3" sc="191,0,175,51,263,0,371,-51" /><INIT seed="7,0,0,4,2,38" ten="191,226,263,320" oya="3" hai0="49,106,100,31,126,101,117,51,52,135,41,18,62" hai1="29,75,13,64,123,76,21,71,39,42,89,7,50" hai2="26,12,124,85,1,132,72,48,95,35,125,74,131" hai3="20,66,83,55,69,33,56,36,24,43,105,92,15"/><W134/><G105/><T19/><D106/><U8/><E123/><V130/><F1/><W57/><G134/><T82/><D117/><U86/><E39/><V54/><F12/><W73/><G33/><T17/><D135/><U129/><E129/><N who="2" m="49163" /><F132/><W46/><G15/><T16/><N who="0" m="4096" /><DORA hai="59" /><T112/><D126/><U102/><E102/><N who="0" m="39529" /><D112/><U108/><E108/><V99/><F85/><W80/><G73/><T2/><D2/><U110/><E110/><V127/><F26/><W25/><G92/><T27/><D41/><U120/><E120/><V0/><F0/><W119/><G119/><T90/><D90/><U88/><E75/><V113/><F113/><W60/><G24/><T63/><D82/><N who="1" m="47431" /><E29/><V40/><F40/><W70/><G70/><T44/><D49/><U47/><E21/><AGARI ba="0,0" hai="21,27,31,44,51,52,62,63" m="39529,4096" machi="21" ten="40,8000,1" yaku="8,1,52,2,54,2" doraHai="38,59" who="0" fromWho="1" sc="191,80,226,-80,263,0,320,0" owari="271,7.0,146,-35.0,263,-14.0,320,42.0" /></mjloggm>