<mjloggm ver="2.3"><GO type="169" lobby="0"/><UN n0="%6D%6F%6E%65%79%2E%2E%2E" n1="%E3%83%88%E3%83%88%E3%83%AA%E5%85%88%E7%94%9F%31%39%E6%AD%B3" n2="%E7%B7%92%E6%96%B9%E6%99%BA%E7%B5%B5%E9%87%8C%2B" n3="%E3%83%A9%E3%83%A0%E3%83%80%E3%81%95%E3%82%93" dan="17,18,16,16" rate="2126.41,2253.32,2144.42,2186.12" sx="M,F,M,M"/><TAIKYOKU oya="0"/><INIT seed="0,0,0,5,4,89" ten="250,250,250,250" oya="0" hai0="55,5,62,30,17,103,133,68,45,75,37,114,115" hai1="129,91,44,65,12,34,40,85,101,108,8,13,10" hai2="123,14,76,21,36,93,122,100,41,112,46,54,99" hai3="81,16,33,47,79,61,70,4,31,86,56,87,64"/><T94/><D75/><U57/><E34/><V22/><F112/><W73/><G4/><T25/><D5/><U125/><E108/><V38/><F38/><W132/><G132/><T110/><D133/><U60/><E129/><V71/><F76/><W78/><G31/><T48/><D110/><U53/><E125/><V102/><F102/><W58/><G33/><T97/><D17/><U69/><E101/><V127/><F127/><W15/><G47/><T131/><D131/><U18/><E40/><V92/><F71/><W6/><G6/><T43/><D68/><U51/><E69/><V128/><F128/><W67/><G78/><T84/><D62/><U50/><E50/><V83/><F83/><W74/><G74/><T39/><D84/><U3/><E3/><V77/><F77/><W98/><G98/><T59/><REACH who="0" step="1"/><D39/><REACH who="0" ten="240,250,250,250" step="2"/><U9/><REACH who="1" step="1"/><E13/><REACH who="1" ten="240,240,250,250" step="2"/><V52/><F14/><W118/><G70/><T124/><D124/><U107/><E107/><V130/><F130/><W0/><G0/><T126/><D126/><U104/><E104/><V116/><F36/><W26/><G15/><T49/><D49/><U20/><E20/><AGARI ba="0,2" hai="20,25,30,37,43,45,48,55,59,94,97,103,114,115" machi="20" ten="30,5800,0" yaku="1,1,7,1,52,1,53,0" doraHai="89" doraHaiUra="106" who="0" fromWho="1" sc="240,78,240,-58,250,0,250,0" /><INIT seed="0,1,0,5,3,80" ten="318,182,250,250" oya="0" hai0="33,58,65,74,47,107,2,119,15,43,61,16,7" hai1="60,129,135,109,49,51,6,18,57,27,20,8,112" hai2="0,130,75,89,5,21,35,48,22,123,125,132,37" hai3="14,120,83,9,24,105,59,12,69,45,55,13,79"/><T32/><D119/><U114/><E109/><V77/><F37/><W50/><G69/><T54/><D107/><U17/><E129/><V96/><F35/><W133/><G105/><T40/><D74/><U91/><E135/><V26/><F123/><W84/><G133/><T19/><D40/><U52/><E18/><V106/><F77/><W94/><G120/><T113/><D19/><U110/><E110/><V108/><F75/><W122/><G122/><T131/><D113/><U56/><E56/><V115/><F115/><N who="1" m="44073" /><E91/><V78/><F78/><W67/><G24/><T101/><D101/><U134/><E134/><V103/><F130/><W3/><G3/><AGARI ba="1,0" hai="3,6,8,17,20,27,49,51,52,57,60" m="44073" machi="3" ten="30,2000,0" yaku="11,1,54,1" doraHai="80" who="1" fromWho="3" sc="318,0,182,23,250,0,250,-23" /><INIT seed="1,0,0,3,4,65" ten="318,205,250,227" oya="1" hai0="16,22,38,108,104,98,39,67,95,50,36,23,42" hai1="117,34,15,123,79,109,122,21,80,19,90,14,35" hai2="100,134,69,76,87,96,92,51,58,43,111,62,46" hai3="82,26,129,133,44,110,5,103,64,20,121,66,17"/><U89/><E117/><V40/><F134/><W3/><G121/><T73/><D73/><U94/><E109/><V128/><F128/><W125/><G110/><T86/><D108/><U55/><E15/><V56/><F111/><W118/><G129/><T13/><D104/><U2/><E2/><V0/><F0/><W54/><G118/><T57/><D86/><U99/><E90/><V32/><F32/><W49/><G133/><T25/><D42/><U106/><E106/><V116/><F116/><W131/><G131/><T63/><D50/><U31/><E55/><V6/><F6/><W28/><G125/><T113/><D113/><U29/><E34/><V71/><F58/><W135/><G135/><T47/><D47/><U18/><E18/><V24/><F24/><W11/><G103/><T130/><D130/><U10/><E35/><V119/><F43/><W127/><G127/><T124/><D124/><U97/><E97/><V8/><F8/><W115/><G115/><T1/><D1/><U45/><E45/><V72/><F72/><W37/><G37/><T7/><D7/><U120/><REACH who="1" step="1"/><E10/><REACH who="1" ten="318,195,250,227" step="2"/><V9/><F9/><W60/><G17/><T74/><D13/><U30/><E30/><V132/><F119/><W12/><G3/><T84/><D23/><U85/><AGARI ba="0,1" hai="14,19,21,29,31,79,80,85,89,94,99,120,122,123" machi="85" ten="30,3000,0" yaku="1,1,0,1,53,0" doraHai="65" doraHaiUra="107" who="1" fromWho="1" sc="318,-10,195,40,250,-10,227,-10" /><INIT seed="1,1,0,5,5,76" ten="308,235,240,217" oya="1" hai0="56,98,83,103,57,55,23,6,47,80,24,90,131" hai1="35,44,128,77,96,3,75,122,132,86,72,125,41" hai2="15,49,21,130,108,101,89,2,7,52,67,129,5" hai3="43,109,17,107,66,124,111,123,134,0,11,27,45"/><U100/><E122/><V26/><F108/><W92/><G123/><T1/><D131/><N who="2" m="50186" /><F2/><W42/><G107/><T91/><D47/><U53/><E128/><V50/><F67/><W79/><G134/><T88/><D6/><N who="2" m="2058" /><F101/><W114/><G114/><T22/><D1/><U31/><E3/><V30/><F89/><W36/><G0/><T102/><D98/><U51/><E132/><V112/><F112/><W40/><G124/><T104/><D104/><U9/><E9/><V105/><F105/><W133/><G133/><T10/><D10/><U28/><E125/><V121/><F121/><W84/><G66/><T46/><D46/><U68/><E68/><V110/><F110/><N who="3" m="41995" /><G92/><T82/><D57/><U12/><E100/><N who="0" m="38441" /><D24/><U126/><E126/><V106/><F106/><W118/><G118/><T48/><AGARI ba="1,0" hai="22,23,48,55,56,80,82,83,88,90,91" m="38441" machi="48" ten="40,8000,1" yaku="8,1,52,3,54,1" doraHai="76" who="0" fromWho="0" sc="308,83,235,-41,240,-21,217,-21" /><INIT seed="2,0,0,0,1,2" ten="391,194,219,196" oya="2" hai0="104,128,91,126,123,66,44,132,83,75,6,0,38" hai1="74,60,56,4,113,14,62,24,101,119,109,114,41" hai2="89,22,78,81,46,92,36,8,51,13,135,121,131" hai3="37,98,72,50,40,15,87,1,7,69,9,34,39"/><V102/><F121/><W45/><G72/><T63/><D91/><U120/><E119/><V97/><F135/><W116/><G116/><T134/><D104/><U57/><E120/><V12/><F36/><W118/><G118/><T25/><D25/><U130/><E74/><V49/><F131/><W18/><G69/><N who="0" m="42207" /><D123/><U65/><E109/><V71/><F71/><W90/><G98/><T43/><D126/><U79/><E79/><V129/><F129/><W100/><G100/><T95/><D95/><U30/><E130/><V76/><F51/><W125/><G34/><T64/><D64/><U16/><E41/><V107/><F22/><W28/><G28/><T58/><D58/><U94/><E4/><V99/><F13/><W21/><REACH who="3" step="1"/><G125/><REACH who="3" ten="391,194,219,186" step="2"/><T35/><D35/><U47/><E101/><V59/><F59/><W3/><G3/><T84/><D128/><U20/><E57/><V111/><F111/><W82/><AGARI ba="0,1" hai="1,7,9,15,18,21,37,39,40,45,50,82,87,90" machi="82" ten="20,8000,1" yaku="1,1,0,1,7,1,52,1,53,1" doraHai="2" doraHaiUra="17" who="3" fromWho="3" sc="391,-20,194,-20,219,-40,186,90" /><INIT seed="3,0,0,0,3,121" ten="371,174,179,276" oya="3" hai0="3,93,61,15,64,2,120,82,75,29,105,51,111" hai1="115,97,62,103,58,114,54,21,92,130,9,45,118" hai2="79,88,7,1,35,134,48,68,65,59,119,5,36" hai3="10,47,37,125,128,49,14,67,28,101,34,32,98"/><W123/><G123/><T102/><D120/><U78/><E130/><V100/><F119/><W11/><G37/><T99/><D51/><U112/><E118/><V40/><F35/><W12/><G128/><T46/><D46/><U50/><E78/><V91/><F91/><W74/><G74/><T95/><D15/><U89/><E9/><V132/><F1/><W124/><G67/><T20/><D93/><U116/><E116/><V107/><F79/><W106/><G14/><T39/><D39/><U57/><E21/><V6/><F68/><W110/><G110/><T23/><D111/><U122/><E122/><V31/><F31/><W126/><G28/><T129/><D129/><U85/><REACH who="1" step="1"/><E62/><REACH who="1" ten="371,164,179,276" step="2"/><N who="2" m="38111" /><F134/><W24/><G11/><T22/><D29/><U86/><E86/><V81/><F132/><W52/><REACH who="3" step="1"/><G24/><REACH who="3" ten="371,164,179,266" step="2"/><T56/><D75/><U94/><AGARI ba="0,2" hai="45,50,54,57,58,85,89,92,94,97,103,112,114,115" machi="94" ten="30,2000,0" yaku="1,1,0,1,53,0" doraHai="121" doraHaiUra="66" who="1" fromWho="1" sc="371,-5,164,40,179,-5,266,-10" /><INIT seed="4,0,0,3,0,7" ten="366,204,174,256" oya="0" hai0="81,59,121,113,106,61,42,5,45,79,3,36,11" hai1="22,63,96,21,95,133,116,24,104,97,120,44,27" hai2="49,82,90,60,112,62,127,41,129,20,93,12,31" hai3="91,88,73,39,69,2,114,100,1,52,53,29,66"/><T94/><D106/><U6/><E116/><V9/><F127/><W37/><G73/><T43/><D113/><U101/><E120/><V77/><F112/><W99/><G114/><T57/><D121/><U15/><E133/><V131/><F62/><W16/><G29/><T84/><D43/><U118/><E118/><V122/><F122/><W80/><G66/><T124/><D124/><U13/><E44/><V19/><F60/><W70/><G99/><T75/><D61/><U4/><E63/><V8/><F41/><W105/><G100/><T130/><D130/><N who="2" m="49674" /><F49/><W56/><G56/><T51/><D51/><U32/><E104/><V68/><F31/><W85/><G105/><T23/><D23/><U46/><E46/><V107/><F107/><W125/><G125/><T86/><D94/><U87/><E95/><V126/><F68/><W14/><G14/><T83/><REACH who="0" step="1"/><D86/><REACH who="0" ten="356,204,174,256" step="2"/><U71/><E87/><N who="2" m="52447" /><F126/><W28/><G85/><AGARI ba="0,1" hai="8,9,12,19,20,77,82,85" m="52447,49674" machi="85" ten="30,3900,0" yaku="19,1,52,2" doraHai="7" who="2" fromWho="3" sc="356,0,204,0,174,49,256,-39" /><INIT seed="5,0,0,2,1,16" ten="356,204,223,217" oya="1" hai0="44,92,67,69,19,112,30,70,91,115,27,59,47" hai1="22,34,117,71,83,66,102,96,126,41,82,122,89" hai2="135,72,113,11,24,6,57,25,62,58,95,131,50" hai3="88,43,125,12,74,2,76,42,73,21,15,87,60"/><U3/><E117/><V55/><F72/><W10/><G2/><T33/><D59/><U108/><E34/><V75/><F75/><W124/><G76/><T79/><D79/><U130/><E122/><V90/><F135/><W114/><G74/><T4/><D4/><U32/><E32/><V116/><F131/><W78/><G114/><N who="0" m="43563" /><D19/><U120/><E3/><V121/><F121/><W7/><G78/><T119/><D119/><U51/><E120/><V14/><F116/><W53/><G73/><T100/><D100/><U36/><E36/><V77/><F77/><W106/><G106/><T80/><D80/><U26/><E130/><V13/><F13/><W40/><G60/><N who="0" m="40167" /><D70/><U23/><E71/><V81/><F81/><N who="1" m="30729" /><E66/><N who="2" m="39247" /><F113/><W35/><G35/><T94/><D94/><N who="1" m="56399" /><E102/><V64/><F64/><W29/><G53/><T85/><AGARI ba="0,0" hai="27,30,33,44,47,85,91,92" m="40167,43563" machi="85" ten="30,1100,0" yaku="15,1" doraHai="16" who="0" fromWho="0" sc="356,11,204,-5,223,-3,217,-3" /><INIT seed="6,0,0,3,1,101" ten="367,199,220,214" oya="2" hai0="34,121,128,72,67,77,0,76,25,127,75,6,112" hai1="93,20,106,130,79,111,94,60,82,91,81,12,103" hai2="83,71,135,29,51,44,61,59,24,114,42,98,119" hai3="39,55,84,126,57,88,125,62,95,36,122,97,47"/><V22/><F119/><W68/><G122/><T27/><D121/><U134/><E111/><V108/><F108/><W63/><G47/><T16/><D67/><U54/><E130/><V118/><F118/><W7/><G7/><T66/><D66/><U38/><E38/><V43/><F135/><W123/><G123/><T109/><D109/><U9/><E134/><V100/><F114/><W65/><REACH who="3" step="1"/><G97/><REACH who="3" ten="367,199,220,204" step="2"/><T45/><D45/><U14/><E14/><V30/><F43/><W3/><G3/><T1/><D6/><U113/><E12/><V92/><F71/><W46/><G46/><T87/><D1/><U105/><E113/><V33/><F33/><W40/><G40/><T28/><D0/><U5/><E5/><V110/><F110/><W2/><G2/><T21/><D112/><U17/><E9/><V115/><F115/><W124/><AGARI ba="0,1" hai="36,39,55,57,62,63,65,68,84,88,95,124,125,126" machi="124" ten="30,8000,1" yaku="1,1,0,1,18,1,54,1,53,1" doraHai="101" doraHaiUra="86" who="3" fromWho="3" sc="367,-20,199,-20,220,-40,204,90" /><INIT seed="7,0,0,5,5,133" ten="347,179,180,294" oya="3" hai0="115,76,39,94,43,5,126,63,36,127,6,96,71" hai1="16,101,75,33,120,29,22,100,79,3,68,108,122" hai2="132,7,60,56,109,124,105,107,0,20,99,31,67" hai3="25,95,117,103,17,121,47,10,46,21,93,52,91"/><W116/><G121/><T123/><D123/><U4/><E108/><V42/><F109/><W15/><G117/><T59/><D71/><U44/><E68/><V28/><F124/><N who="0" m="47658" /><D76/><U54/><E101/><V12/><F132/><W18/><G116/><T11/><D115/><U55/><E100/><V102/><F42/><W27/><G103/><N who="0" m="60823" /><D43/><U45/><E120/><V134/><F134/><W83/><G83/><T26/><D26/><N who="1" m="18615" /><E122/><V70/><F107/><W61/><G27/><T8/><D8/><N who="1" m="2079" /><E79/><V135/><F135/><W23/><G10/><T119/><D119/><U82/><E82/><V78/><F78/><W1/><G1/><N who="0" m="431" /><D6/><U90/><E90/><V86/><F70/><W81/><G81/><T38/><D38/><U13/><E75/><V50/><F7/><W88/><G93/><T62/><D62/><U35/><E35/><V48/><F60/><W114/><G114/><T112/><D112/><U111/><E111/><V64/><F105/><W131/><G131/><T14/><D14/><U19/><E19/><V74/><F12/><W53/><G91/><T73/><D73/><U69/><E69/><V129/><F74/><W51/><G61/><T118/><D118/><U125/><E125/><V40/><F102/><W30/><G18/><T110/><D110/><U98/><E98/><V77/><F99/><N who="3" m="57831" /><G53/><AGARI ba="0,0" hai="36,39,53,59,63" m="431,60823,47658" machi="53" ten="30,7700,0" yaku="18,1,52,3" doraHai="133" who="0" fromWho="3" sc="347,77,179,0,180,0,294,-77" /><AGARI ba="0,0" hai="13,16,22,44,45,53,54,55" m="2079,18615" machi="53" ten="30,2000,0" yaku="24,1,54,1" doraHai="133" who="1" fromWho="3" sc="424,0,179,20,180,0,217,-20" owari="424,52.0,199,0.0,180,-32.0,197,-20.0" /></mjloggm>