<mjloggm ver="2.3"><GO type="97" lobby="0"/><UN n0="%E2%85%A1%E5%8F%B7" n1="%E3%83%88%E3%83%88%E3%83%AA%E5%85%88%E7%94%9F%31%39%E6%AD%B3" n2="%E3%81%A1%E3%82%8D%E3%81%A1%E3%82%8D%E3%81%BE%E3%81%A3%E3%81%8F" n3="%E3%83%8F%E3%83%AA%E3%83%8D%E3%82%BA%E3%83%9F%E5%91%BD" dan="14,13,14,15" rate="1887.70,1994.71,1928.30,1982.58" sx="M,F,F,M"/><TAIKYOKU oya="0"/><INIT seed="0,0,0,4,3,25" ten="250,250,250,250" oya="0" hai0="108,56,68,104,113,83,54,130,85,101,45,22,50" hai1="75,11,53,23,77,135,28,80,125,46,84,15,57" hai2="96,4,112,36,49,58,89,87,30,91,86,0,78" hai3="33,73,18,100,24,123,132,120,117,119,133,60,79"/><T55/><D68/><U107/><E107/><V9/><F36/><W99/><G60/><T102/><D104/><U32/><E32/><V94/><F112/><W62/><G62/><T111/><D113/><U95/><E135/><N who="3" m="51786" /><G18/><T3/><D3/><U43/><E125/><V76/><F96/><W17/><G17/><T1/><D1/><U6/><E57/><V106/><F106/><N who="3" m="63775" /><G24/><T19/><D130/><U16/><E53/><V115/><F115/><W51/><G51/><T122/><D122/><N who="3" m="46633" /><G33/><T121/><D121/><U70/><E70/><V42/><F58/><W98/><G98/><T12/><D55/><U48/><E28/><V39/><F30/><W118/><G79/><T61/><D61/><U105/><E105/><V26/><F26/><W126/><G73/><T35/><D35/><U74/><E23/><V88/><F49/><W67/><G67/><T14/><D14/><U93/><E16/><V131/><F131/><W37/><G37/><T29/><D29/><U90/><E75/><V38/><F38/><W20/><G20/><T134/><D134/><U65/><E65/><V10/><F9/><W41/><G41/><T7/><D7/><U69/><E69/><V34/><F34/><W92/><G92/><AGARI ba="0,0" hai="6,11,15,43,46,48,74,77,80,84,90,92,93,95" machi="92" ten="30,1000,0" yaku="7,1" doraHai="25" who="1" fromWho="3" sc="250,0,250,10,250,0,250,-10" /><INIT seed="1,0,0,4,5,65" ten="250,260,250,240" oya="1" hai0="76,56,24,2,50,115,117,105,124,68,103,21,71" hai1="36,19,107,11,5,86,79,94,126,44,33,39,128" hai2="78,66,111,20,7,55,116,51,108,48,46,14,31" hai3="35,72,113,22,73,70,88,17,119,100,1,13,0"/><U49/><E107/><V40/><F116/><W53/><G119/><T8/><D115/><U4/><E33/><V60/><F78/><W95/><G113/><T96/><D117/><U59/><E128/><V77/><F77/><W98/><G35/><T106/><D76/><U43/><E126/><V47/><F31/><W132/><G132/><T87/><D87/><U25/><E5/><V18/><REACH who="2" step="1"/><F7/><REACH who="2" ten="250,260,240,240" step="2"/><W74/><G70/><AGARI ba="0,1" hai="14,18,20,40,46,47,48,51,55,60,66,70,108,111" machi="70" ten="40,5200,0" yaku="1,1,2,1,52,1,53,0" doraHai="65" doraHaiUra="82" who="2" fromWho="3" sc="250,0,260,0,240,62,240,-52" /><INIT seed="2,0,0,4,2,30" ten="250,260,302,188" oya="2" hai0="112,83,22,134,47,4,73,102,34,59,117,16,111" hai1="51,125,96,39,21,60,2,38,124,119,108,25,63" hai2="19,52,6,0,57,98,43,71,1,46,24,9,70" hai3="105,97,135,7,3,14,56,92,26,72,116,91,32"/><V101/><F1/><W12/><G116/><T61/><D111/><U103/><E2/><V17/><F70/><W104/><G135/><T118/><D112/><U86/><E119/><N who="0" m="45577" /><D134/><U58/><E51/><V120/><F71/><W41/><G72/><T80/><D102/><U114/><E86/><V66/><F66/><W49/><G3/><T90/><D4/><U110/><E114/><V50/><F24/><W79/><G79/><N who="0" m="44143" /><D47/><U87/><E87/><V131/><F131/><W95/><G7/><T42/><D42/><U69/><E69/><V128/><F120/><W133/><G104/><T82/><D90/><U85/><E85/><V123/><F128/><W54/><G105/><T109/><D109/><N who="1" m="42091" /><E96/><V76/><F76/><W106/><G106/><T23/><D34/><U94/><E94/><V84/><F84/><W68/><G68/><T93/><D93/><U67/><E103/><V10/><F10/><W113/><G133/><T88/><D88/><U35/><E35/><V8/><F8/><W122/><G113/><T31/><D31/><U74/><E74/><V78/><F78/><W62/><G122/><T11/><D82/><U33/><E33/><V55/><F123/><W40/><G92/><T53/><D83/><U5/><E60/><N who="2" m="35879" /><F43/><N who="3" m="16459" /><G62/><T129/><D129/><U100/><E5/><V20/><F20/><W18/><G32/><T99/><D99/><U29/><E39/><V121/><F121/><W13/><G18/><T130/><D130/><U127/><E38/><V36/><F36/><W89/><G89/><T65/><D65/><N who="1" m="39159" /><E100/><V107/><F107/><W64/><G64/><AGARI ba="0,0" hai="21,25,29,64,67,124,125,127" m="39159,42091" machi="64" ten="40,5200,0" yaku="6,1,18,1,14,1" doraHai="30" who="1" fromWho="3" sc="250,0,260,52,302,0,188,-52" /><INIT seed="3,0,0,1,0,85" ten="250,312,302,136" oya="3" hai0="11,49,90,43,64,108,95,106,115,23,134,58,17" hai1="33,24,93,131,27,72,83,47,118,9,71,36,6" hai2="8,133,120,135,22,98,59,29,110,123,122,129,130" hai3="112,40,132,32,89,52,127,66,16,74,96,13,128"/><W62/><G112/><T117/><D106/><U21/><E71/><V86/><F98/><W44/><G127/><T125/><D125/><U12/><E131/><N who="2" m="50187" /><F110/><W28/><G128/><T75/><D75/><U38/><E118/><V91/><F8/><W102/><G132/><T101/><D134/><U73/><E33/><V45/><F45/><W2/><G2/><T54/><D108/><U55/><E27/><N who="2" m="16631" /><F59/><W92/><G74/><T87/><D117/><U60/><E73/><V99/><F99/><W30/><G32/><T69/><D69/><U77/><E93/><AGARI ba="0,0" hai="86,91,93,120,122,123,133,135" m="16631,50187" machi="93" ten="40,5200,0" yaku="13,1,19,1,52,1" doraHai="85" who="2" fromWho="1" sc="250,0,312,-52,302,52,136,0" owari="250,-15.0,260,6.0,354,45.0,136,-36.0" /></mjloggm>