<mjloggm ver="2.3"><GO type="41" lobby="0"/><UN n0="%E3%83%87%E3%82%A4%E3%82%B8%E3%83%BC" n1="%66%75%6D%69%33" n2="%72%65%6E%26%72%6F%6E" n3="%E5%B0%B1%E6%B4%BB%E7%94%9F%40%E5%B7%9D%E6%9D%91%E8%BB%8D%E5%9B%A3" dan="14,14,13,15" rate="1809.31,1944.45,1887.35,2023.08" sx="M,M,M,M"/><TAIKYOKU oya="0"/><INIT seed="0,0,0,0,0,135" ten="250,250,250,250" oya="0" hai0="108,27,21,83,111,95,99,96,46,19,94,57,64" hai1="38,4,113,116,1,81,34,71,13,128,101,65,82" hai2="55,29,105,52,93,89,9,53,28,50,97,80,37" hai3="5,130,40,109,127,25,73,17,88,22,85,14,76"/><T30/><D46/><U35/><E38/><V102/><F37/><W70/><G70/><T7/><D83/><U48/><E116/><V122/><F122/><W74/><G109/><N who="0" m="42059" /><D7/><U10/><E128/><V87/><F9/><W6/><G130/><T104/><D104/><U125/><E125/><V45/><REACH who="2" step="1"/><F105/><REACH who="2" ten="250,250,240,250" step="2"/><W129/><G129/><T118/><D118/><U56/><E113/><V36/><F36/><W124/><G6/><T8/><D8/><U39/><E39/><V91/><F91/><W106/><G106/><T18/><D64/><U23/><E101/><V92/><F92/><N who="0" m="35370" /><D57/><U41/><E82/><V90/><F90/><W98/><G5/><T26/><D18/><U44/><E81/><V133/><F133/><W24/><G88/><T43/><D43/><AGARI ba="0,1" hai="28,29,43,45,50,52,53,55,80,87,89,93,97,102" machi="43" ten="40,5200,0" yaku="1,1,8,1,54,1,53,0" doraHai="135" doraHaiUra="132" who="2" fromWho="0" sc="250,-52,250,0,240,62,250,0" /><INIT seed="1,0,0,5,2,132" ten="198,250,302,250" oya="1" hai0="80,133,89,100,58,113,67,23,19,13,54,114,61" hai1="125,70,115,16,111,44,94,1,121,120,85,49,79" hai2="2,27,116,69,119,124,108,104,37,112,117,52,62" hai3="51,72,55,42,71,35,76,97,38,127,110,5,28"/><U39/><E70/><V99/><F2/><W84/><G72/><T43/><D133/><U78/><E1/><V40/><F112/><W29/><G71/><T91/><D100/><U95/><E39/><V17/><F108/><W129/><G110/><T18/><D43/><U21/><E115/><V50/><F104/><W12/><G42/><T74/><D91/><U88/><E111/><V31/><F99/><W46/><G38/><T106/><D106/><U59/><E125/><V7/><F17/><W41/><G127/><T48/><D19/><U123/><E59/><V65/><F7/><W86/><G97/><T36/><D36/><U9/><E9/><V11/><F11/><W63/><G35/><T14/><D14/><U25/><REACH who="1" step="1"/><E95/><REACH who="1" ten="198,240,302,250" step="2"/><V122/><F124/><W30/><G46/><T103/><D114/><U10/><E10/><V22/><F122/><W93/><G93/><T130/><D113/><U15/><E15/><V126/><F126/><W6/><G12/><T0/><D0/><U101/><E101/><V131/><F37/><W3/><G3/><T60/><D130/><U134/><E134/><V96/><F131/><W109/><G6/><T83/><D103/><U64/><E64/><V56/><F96/><W26/><G5/><T66/><D74/><U118/><E118/><V128/><F128/><W73/><G129/><T75/><D75/><U34/><E34/><V107/><F107/><W105/><G105/><T33/><D33/><U32/><E32/><V57/><F69/><W24/><G109/><T8/><D8/><U90/><E90/><V82/><F82/><RYUUKYOKU ba="0,1" sc="198,-15,240,15,302,15,250,-15" hai1="16,21,25,44,49,78,79,85,88,94,120,121,123" hai2="22,27,31,40,50,52,56,57,62,65,116,117,119" /><INIT seed="1,1,1,0,4,41" ten="183,255,317,235" oya="1" hai0="17,122,11,86,8,92,61,1,113,112,80,107,87" hai1="78,102,101,38,124,114,123,45,7,18,127,15,44" hai2="72,82,42,46,116,35,55,48,133,23,97,68,118" hai3="25,81,94,29,129,83,34,64,111,66,14,47,4"/><U67/><E123/><V74/><F35/><W57/><G129/><T99/><D122/><U91/><E38/><V5/><F68/><W100/><G111/><T21/><D107/><U26/><E114/><V110/><F133/><W24/><G24/><T79/><D87/><U62/><E78/><V43/><F74/><W75/><G75/><T12/><D61/><U85/><E26/><V20/><F42/><W76/><G57/><T89/><REACH who="0" step="1"/><D1/><REACH who="0" ten="173,255,317,235" step="2"/><U106/><E106/><V40/><F116/><W95/><G66/><T77/><D77/><U69/><E7/><V132/><F118/><W50/><G64/><T120/><D120/><U49/><E49/><V10/><F110/><W33/><G81/><T71/><D71/><U73/><E73/><V36/><F82/><W39/><G39/><T90/><D90/><U37/><E37/><V58/><F72/><W128/><G128/><T126/><D126/><N who="1" m="48171" /><E102/><V134/><F97/><W59/><G100/><T9/><AGARI ba="1,2" hai="8,9,11,12,17,21,79,80,86,89,92,99,112,113" machi="9" ten="30,2000,0" yaku="1,1,0,1,53,0" doraHai="41" doraHaiUra="32" who="0" fromWho="0" sc="173,43,255,-11,317,-6,235,-6" /><INIT seed="2,0,0,1,0,40" ten="216,244,311,229" oya="2" hai0="38,104,44,24,62,52,79,13,49,54,72,84,86" hai1="6,47,12,125,118,5,92,91,77,130,46,8,57" hai2="115,41,16,56,37,21,0,83,131,126,15,123,10" hai3="90,45,30,60,73,7,67,97,42,109,65,78,25"/><V107/><F123/><W66/><G109/><T51/><D104/><U135/><E118/><V108/><F107/><W34/><G73/><T100/><D100/><U71/><E71/><V128/><F115/><W18/><G78/><T133/><D38/><U43/><E135/><V17/><F37/><W33/><G33/><T69/><D133/><U82/><E43/><V36/><F126/><W134/><G134/><T39/><D39/><U129/><E125/><V87/><F0/><W89/><G7/><T127/><D127/><U114/><E5/><V32/><F32/><W122/><G122/><T11/><D24/><U106/><E106/><V85/><F36/><W94/><G18/><T105/><D105/><U53/><E91/><V103/><F41/><W81/><G60/><T19/><D72/><U59/><E59/><V35/><F103/><W31/><G31/><T23/><D11/><U96/><E92/><V3/><F35/><W63/><G63/><T95/><D95/><U70/><E70/><V29/><F3/><W2/><G2/><T55/><D79/><U93/><E93/><V74/><F29/><W26/><G26/><T111/><D111/><U121/><E96/><V98/><F98/><W113/><G113/><T76/><D76/><U102/><E102/><V112/><F108/><W120/><G120/><T75/><D75/><N who="1" m="43327" /><E114/><V58/><F112/><W50/><REACH who="3" step="1"/><G67/><REACH who="3" ten="216,244,311,219" step="2"/><T80/><D62/><N who="1" m="36143" /><E121/><V116/><F74/><W22/><G22/><T9/><D23/><U119/><E119/><V20/><F21/><W110/><G110/><T14/><D9/><U88/><E88/><RYUUKYOKU ba="0,1" sc="216,-15,244,15,311,-15,219,15" hai1="6,8,12,46,47,129,130" hai3="25,30,34,42,45,50,65,66,81,89,90,94,97" /><INIT seed="3,1,1,1,4,112" ten="201,259,296,234" oya="3" hai0="56,134,32,106,18,29,59,91,130,123,121,60,34" hai1="52,92,128,21,41,19,87,3,74,63,39,26,84" hai2="100,31,2,12,113,115,93,57,85,44,104,58,24" hai3="76,0,46,88,109,90,73,40,98,120,79,61,118"/><W119/><G120/><T11/><D106/><U80/><E3/><V10/><F2/><W28/><G28/><T133/><D91/><N who="3" m="34857" /><G61/><T6/><D60/><U27/><E74/><V68/><F68/><W82/><G76/><T107/><D107/><U22/><E39/><V111/><F104/><W96/><G98/><T99/><D99/><U117/><E41/><V48/><F100/><W70/><G70/><T54/><D54/><U49/><E117/><V53/><F93/><W36/><G96/><T9/><D29/><U65/><E92/><V51/><F85/><W102/><G102/><T103/><D103/><U62/><E128/><V81/><F81/><W47/><G47/><T110/><D130/><U83/><E65/><V37/><F111/><W4/><G109/><T124/><D110/><U42/><E42/><V8/><F37/><W77/><G79/><T20/><D6/><U126/><E126/><V125/><F125/><W66/><G66/><T50/><D124/><U16/><E49/><V89/><F89/><W127/><G127/><T45/><D50/><U15/><E15/><V135/><F113/><W129/><G129/><T7/><D7/><U43/><E43/><V101/><F101/><W105/><G105/><T72/><D45/><U108/><E108/><V95/><F95/><W78/><G78/><T97/><D97/><U17/><E17/><V132/><F115/><W75/><G75/><T86/><D72/><U67/><E67/><V94/><F94/><W71/><G71/><T64/><D18/><U69/><E69/><V14/><F31/><W55/><G55/><AGARI ba="1,1" hai="16,19,21,22,26,27,52,55,62,63,80,83,84,87" machi="55" ten="25,12000,2" yaku="6,1,22,2,8,1,54,2" doraHai="112" who="1" fromWho="3" sc="201,0,259,133,296,0,234,-123" /><INIT seed="4,0,0,5,0,51" ten="201,392,296,111" oya="0" hai0="71,98,105,81,85,116,130,121,43,101,12,37,124" hai1="123,60,45,127,48,16,118,73,79,91,49,11,106" hai2="2,21,7,97,119,28,36,17,107,95,14,57,134" hai3="9,34,15,115,88,83,110,63,27,133,94,61,5"/><T86/><D71/><U29/><E106/><V53/><F36/><W93/><G110/><T26/><D121/><U66/><E123/><V42/><F107/><W128/><G128/><T44/><D116/><U135/><E118/><V64/><F42/><W108/><G108/><T92/><D130/><U3/><E29/><V46/><F119/><W117/><G117/><T52/><D124/><U13/><E3/><V38/><F38/><W55/><G115/><T50/><D26/><U103/><E103/><V129/><F46/><W70/><G133/><T39/><D12/><U68/><E127/><V72/><F72/><W89/><G70/><T87/><D37/><U74/><E49/><V18/><F134/><W80/><G34/><T90/><REACH who="0" step="1"/><D105/><REACH who="0" ten="191,392,296,111" step="2"/><U125/><E125/><V20/><F129/><W67/><G27/><T33/><D33/><U78/><E135/><V59/><F2/><W104/><G104/><T77/><D77/><U120/><E120/><V4/><F28/><W109/><G109/><T122/><D122/><U76/><REACH who="1" step="1"/><E91/><REACH who="1" ten="191,382,296,111" step="2"/><V99/><F97/><W24/><G89/><T6/><D6/><U96/><E96/><V56/><F4/><W25/><G5/><T132/><D132/><U19/><E19/><V75/><F7/><W111/><G88/><T131/><D131/><U113/><E113/><V100/><F64/><W22/><G111/><T40/><D40/><AGARI ba="0,2" hai="11,13,16,40,45,48,60,66,68,73,74,76,78,79" machi="40" ten="40,2600,0" yaku="1,1,54,1,53,0" doraHai="51" doraHaiUra="126" who="1" fromWho="0" sc="191,-26,382,46,296,0,111,0" /><INIT seed="5,0,0,4,0,4" ten="165,428,296,111" oya="1" hai0="83,117,120,119,22,77,26,14,53,124,114,90,60" hai1="128,38,123,127,74,79,32,100,109,65,15,69,47" hai2="134,68,129,34,51,50,72,80,130,24,86,78,87" hai3="41,54,82,73,66,58,116,46,115,106,125,64,85"/><U8/><E123/><V104/><F68/><W9/><G73/><T25/><D120/><U61/><E32/><V13/><F104/><W37/><G106/><T96/><D114/><U118/><E118/><V126/><F34/><W71/><G116/><T1/><D1/><U112/><E112/><V23/><F126/><W101/><G115/><T48/><D124/><U45/><E127/><V133/><F13/><W5/><G125/><T121/><D121/><U2/><E2/><V81/><F72/><W18/><G101/><T0/><D0/><U76/><E109/><V55/><F50/><W97/><G97/><T36/><D36/><U102/><E128/><V7/><F7/><W84/><G18/><T17/><D60/><U94/><E102/><V132/><F23/><W49/><G84/><N who="0" m="48239" /><D119/><U44/><E38/><V19/><F19/><W92/><G92/><N who="0" m="56343" /><D117/><U62/><E62/><V16/><F16/><W89/><REACH who="3" step="1"/><G71/><REACH who="3" ten="165,428,296,101" step="2"/><T113/><D113/><U29/><E74/><V131/><F24/><W98/><G98/><T30/><D30/><U21/><E29/><V3/><F3/><AGARI ba="0,1" hai="3,5,9,37,41,46,49,54,58,64,66,82,85,89" machi="3" ten="30,7700,0" yaku="1,1,7,1,52,1,53,1" doraHai="4" doraHaiUra="39" who="3" fromWho="2" sc="165,0,428,0,296,-77,101,87" /><INIT seed="6,0,0,4,2,115" ten="165,428,219,188" oya="2" hai0="2,22,120,125,10,101,24,1,91,6,20,45,94" hai1="128,108,37,7,25,38,16,104,73,93,83,8,64" hai2="76,117,129,79,63,32,121,92,113,88,19,34,78" hai3="61,116,17,132,81,23,106,33,112,77,99,46,80"/><V67/><F121/><W96/><G116/><T86/><D120/><U13/><E104/><V123/><F123/><W84/><G33/><T40/><D125/><U50/><E108/><V71/><F113/><W85/><G112/><T36/><D101/><U47/><E128/><V48/><F129/><W3/><G3/><T56/><D56/><U75/><E64/><V60/><F60/><W44/><G132/><T119/><D119/><U14/><E25/><V65/><F65/><W15/><G61/><T30/><REACH who="0" step="1"/><D1/><REACH who="0" ten="155,428,219,188" step="2"/><U43/><E93/><V55/><F117/><W35/><G35/><AGARI ba="0,1" hai="2,6,10,20,22,24,30,35,36,40,45,86,91,94" machi="35" ten="30,7700,0" yaku="1,1,2,1,7,1,53,1" doraHai="115" doraHaiUra="28" who="0" fromWho="3" sc="155,87,428,0,219,0,188,-77" /><INIT seed="7,0,0,1,2,22" ten="242,428,219,111" oya="3" hai0="53,28,97,41,54,122,27,14,61,116,135,78,72" hai1="76,51,20,120,74,12,96,62,23,94,19,60,123" hai2="87,83,99,73,9,126,121,69,58,7,130,17,10" hai3="118,40,26,46,39,125,43,47,68,129,111,48,108"/><W42/><G118/><T34/><D116/><U70/><E51/><V29/><F69/><W132/><G26/><T35/><D122/><U95/><E74/><V33/><F121/><N who="1" m="46665" /><E76/><V24/><F73/><W44/><G129/><T107/><D14/><U127/><E127/><V37/><F37/><N who="3" m="21519" /><G125/><T77/><D35/><U64/><E62/><V124/><F99/><W134/><G68/><T82/><D78/><U93/><E23/><V128/><F58/><W110/><AGARI ba="0,0" hai="39,42,43,46,47,48,108,110,111,132,134" m="21519" machi="110" ten="40,7800,0" yaku="10,1,34,2" doraHai="22" who="3" fromWho="3" sc="242,-26,428,-26,219,-26,111,78" /><INIT seed="7,1,0,1,3,35" ten="216,402,193,189" oya="3" hai0="93,0,88,123,100,55,21,72,122,85,5,82,94" hai1="112,92,9,114,41,81,22,32,135,128,36,75,49" hai2="129,19,84,38,37,133,6,78,67,60,108,103,15" hai3="76,54,101,45,132,17,125,39,121,117,89,51,1"/><W73/><G121/><T69/><D69/><U115/><E32/><V68/><F108/><W65/><G117/><T33/><D33/><U124/><E36/><V106/><F129/><W109/><G101/><T52/><D72/><U63/><E63/><V24/><F133/><W98/><G109/><T31/><D94/><U107/><E107/><V13/><F84/><W127/><G39/><T25/><D123/><U99/><E135/><V4/><F78/><W105/><G132/><T62/><D122/><U64/><E64/><V74/><F74/><W26/><G65/><T130/><D130/><U131/><E22/><V86/><F86/><W91/><G105/><T20/><D20/><U23/><E23/><V66/><F66/><W10/><G26/><T47/><D0/><U11/><E75/><V58/><F58/><W102/><G102/><T28/><D5/><U113/><E81/><V97/><F15/><N who="3" m="7415" /><G1/><T90/><D100/><N who="1" m="60519" /><E124/><N who="3" m="47690" /><G98/><T50/><D31/><U53/><E115/><V116/><F116/><W120/><G120/><T3/><D3/><U111/><E111/><V48/><F37/><W83/><AGARI ba="1,0" hai="45,51,54,73,76,83,89,91" m="47690,7415" machi="83" ten="30,1500,0" yaku="18,1" doraHai="35" who="3" fromWho="3" sc="216,-6,402,-6,193,-6,189,18" /><INIT seed="7,2,0,0,1,134" ten="210,396,187,207" oya="3" hai0="48,109,14,17,35,100,8,99,27,62,94,40,68" hai1="67,33,31,7,78,131,75,6,121,32,86,64,58" hai2="118,132,96,22,39,29,11,129,16,50,84,36,1" hai3="57,21,77,82,90,60,74,122,116,85,102,13,106"/><W104/><G116/><T79/><D109/><U63/><E121/><V4/><F118/><W125/><G122/><T135/><D135/><U34/><E75/><V123/><F123/><W73/><G73/><T15/><D79/><U56/><E31/><V46/><F132/><W28/><G125/><T26/><D35/><U112/><E112/><V114/><F129/><W61/><G61/><T124/><D124/><U107/><E107/><V41/><F114/><W93/><G102/><T89/><D100/><U83/><E131/><V113/><F113/><W0/><G0/><T69/><D69/><U51/><E51/><V10/><F10/><W92/><G92/><T54/><D40/><U38/><E38/><V66/><F66/><W103/><G103/><T133/><D15/><U87/><REACH who="1" step="1"/><E86/><REACH who="1" ten="210,386,187,207" step="2"/><V95/><F84/><N who="3" m="52423" /><G74/><T20/><D133/><U126/><E126/><V45/><F46/><W72/><G72/><T120/><D120/><U55/><E55/><V30/><F39/><W71/><G106/><T117/><D117/><U18/><E18/><V108/><F36/><W5/><G104/><T53/><D53/><U97/><E97/><V115/><F115/><W3/><G28/><T80/><D48/><U25/><E25/><N who="2" m="14535" /><F108/><W130/><G85/><T59/><D27/><U37/><E37/><V65/><F65/><W44/><G130/><T110/><D110/><U76/><E76/><V88/><F30/><W19/><G44/><T24/><D24/><U119/><E119/><V23/><F29/><W9/><G77/><T47/><D47/><U98/><E98/><V91/><F91/><RYUUKYOKU ba="2,1" sc="210,-15,386,15,187,15,207,-15" hai1="6,7,32,33,34,56,58,63,64,67,78,83,87" hai2="1,4,11,23,41,45,50,88,95,96" owari="195,-20.0,411,51.0,202,0.0,192,-31.0" /></mjloggm>