<mjloggm ver="2.3"><GO type="169" lobby="0"/><UN n0="%E5%B0%B1%E6%B4%BB%E7%94%9F%40%E5%B7%9D%E6%9D%91%E8%BB%8D%E5%9B%A3" n1="%E6%96%B0%E4%B8%96%E7%95%8C%E3%81%AE%E7%B4%99" n2="%E9%AF%89%E3%81%AB%E6%81%8B" n3="%E3%82%BF%EF%BD%9E%E5%9D%8A" dan="17,16,16,16" rate="2203.71,2093.45,2042.33,2092.38" sx="M,M,M,M"/><TAIKYOKU oya="0"/><INIT seed="0,0,0,3,0,73" ten="250,250,250,250" oya="0" hai0="46,0,78,49,96,121,117,131,125,98,95,62,2" hai1="23,91,38,11,84,25,66,126,70,29,111,79,135" hai2="86,24,120,113,102,22,60,28,83,26,42,127,19" hai3="10,6,97,17,129,56,72,87,61,118,54,88,21"/><T100/><D117/><U110/><E38/><V119/><F120/><W44/><G129/><T116/><D116/><U41/><E41/><V103/><F119/><W124/><G72/><T89/><D121/><U13/><E126/><V40/><F127/><W43/><G97/><T69/><D125/><U74/><E66/><V51/><F60/><W109/><G109/><N who="1" m="41482" /><E70/><V37/><F37/><W4/><G124/><T53/><D131/><U123/><E123/><V5/><F5/><W101/><G101/><T50/><D50/><U18/><E135/><V59/><F113/><W52/><G54/><T12/><D12/><U77/><E74/><V39/><F39/><W93/><G10/><T134/><D134/><U65/><E65/><V15/><F42/><W57/><G57/><T106/><D69/><U115/><E115/><V132/><F132/><W27/><REACH who="3" step="1"/><G118/><REACH who="3" ten="250,250,250,240" step="2"/><T67/><D67/><U14/><E14/><V76/><F15/><W7/><G7/><T55/><D55/><U71/><E71/><V133/><F133/><W130/><G130/><T108/><D108/><U34/><E34/><V105/><F40/><W94/><G94/><AGARI ba="0,1" hai="11,13,18,23,25,29,77,79,84,91,94" m="41482" machi="94" ten="30,3900,0" yaku="14,1,52,2" doraHai="73" who="1" fromWho="3" sc="250,0,250,49,250,0,240,-39" /><INIT seed="1,0,0,1,2,71" ten="250,299,250,201" oya="1" hai0="41,12,101,46,50,39,91,7,21,30,52,84,72" hai1="103,66,64,70,85,98,57,9,119,112,97,54,129" hai2="55,86,102,29,5,20,113,28,110,82,88,123,108" hai3="133,37,81,42,35,130,19,89,65,117,3,32,94"/><U104/><E112/><V2/><F123/><W15/><G3/><T60/><D72/><U26/><E119/><V69/><F69/><W99/><G133/><T107/><D30/><U63/><E129/><V75/><F113/><W36/><G130/><T17/><D7/><U51/><E66/><V4/><F102/><W77/><G117/><T132/><D132/><U87/><E97/><V48/><F75/><W122/><G65/><T49/><D101/><U90/><E90/><V93/><F82/><W118/><G122/><T121/><D107/><U134/><E134/><V16/><F29/><W83/><G118/><T120/><D60/><U23/><REACH who="1" step="1"/><E9/><REACH who="1" ten="250,289,250,201" step="2"/><V45/><F110/><W47/><G99/><T62/><D121/><U67/><E67/><V33/><F108/><W80/><G89/><T126/><D120/><U61/><E61/><V124/><F2/><W115/><G115/><T18/><D62/><U114/><E114/><V76/><F76/><W53/><G77/><T44/><D126/><U109/><E109/><V24/><REACH who="2" step="1"/><F124/><REACH who="2" ten="250,289,240,201" step="2"/><W116/><G116/><T100/><D100/><U58/><E58/><V73/><F73/><W10/><G81/><T27/><D91/><U105/><E105/><V0/><F0/><W131/><G83/><T95/><D95/><U111/><E111/><V8/><F8/><W74/><G94/><T40/><D84/><U25/><E25/><AGARI ba="0,2" hai="4,5,16,20,24,25,28,33,45,48,55,86,88,93" machi="25" ten="30,8000,1" yaku="1,1,7,1,54,2,53,1" doraHai="71" doraHaiUra="43" who="2" fromWho="1" sc="250,0,289,-80,240,100,201,0" /><INIT seed="2,0,0,5,2,98" ten="250,209,340,201" oya="2" hai0="6,85,77,123,61,74,32,108,66,8,38,68,30" hai1="16,96,28,59,0,103,40,15,39,76,107,14,67" hai2="110,122,37,102,36,52,125,9,135,44,62,79,60" hai3="21,111,114,27,13,41,93,119,132,82,83,73,48"/><V130/><F122/><W80/><G119/><T11/><D108/><U56/><E0/><V69/><F79/><W86/><G111/><T2/><D123/><U71/><E76/><V5/><F110/><W105/><G105/><T42/><D11/><U17/><E28/><V49/><F130/><W104/><G104/><T97/><D85/><U116/><E116/><V43/><F135/><W22/><G114/><T4/><D4/><U58/><E39/><V131/><F131/><W53/><G41/><T133/><D133/><U90/><E40/><V89/><F125/><W91/><G132/><T78/><D97/><U87/><E71/><V18/><F89/><W124/><G124/><T51/><D51/><U121/><E67/><V47/><F69/><W95/><G95/><T55/><D55/><U31/><E31/><V63/><F18/><N who="3" m="10447" /><G73/><T35/><D30/><U109/><E121/><V100/><REACH who="2" step="1"/><F37/><REACH who="2" ten="250,209,330,201" step="2"/><W45/><G82/><N who="0" m="45367" /><D78/><U112/><E109/><V65/><F65/><W99/><G83/><T84/><D84/><U34/><E87/><V19/><F19/><N who="3" m="12767" /><G80/><T134/><D134/><U25/><E17/><V126/><F126/><W106/><G86/><T101/><D38/><U81/><E81/><V12/><AGARI ba="0,1" hai="5,9,12,36,43,44,47,49,52,60,62,63,100,102" machi="12" ten="30,18000,2" yaku="1,1,0,1,52,2,54,1,53,1" doraHai="98" doraHaiUra="3" who="2" fromWho="2" sc="250,-60,209,-60,330,190,201,-60" /><INIT seed="2,1,0,5,4,60" ten="190,149,520,141" oya="2" hai0="22,50,30,102,45,105,64,23,74,32,19,99,7" hai1="33,101,89,92,58,133,129,128,81,113,123,13,35" hai2="119,97,130,14,68,53,42,43,112,27,44,77,100" hai3="12,121,94,88,70,78,59,36,98,4,87,48,106"/><V55/><F119/><W62/><G121/><T73/><D7/><U51/><E113/><V61/><F112/><W3/><G3/><T104/><D104/><U1/><E1/><V65/><F77/><W115/><G36/><T69/><D23/><U26/><E123/><V63/><F130/><N who="1" m="50281" /><E133/><V18/><F63/><W39/><G39/><T125/><D125/><U116/><E116/><V11/><F27/><W21/><G115/><T37/><D22/><U118/><E118/><V131/><F131/><W135/><G135/><T90/><D19/><U10/><E26/><V56/><F68/><W111/><G111/><T114/><D90/><U47/><E101/><V34/><F34/><W132/><G132/><T9/><D9/><U25/><E58/><V79/><F79/><W84/><G70/><T67/><D114/><U75/><E75/><V38/><F43/><W93/><G106/><AGARI ba="1,0" hai="11,14,18,38,42,44,53,55,56,61,65,97,100,106" machi="106" ten="30,2900,0" yaku="7,1,52,1" doraHai="60" who="2" fromWho="3" sc="190,0,149,0,520,32,141,-32" /><INIT seed="2,2,0,3,3,127" ten="190,149,552,109" oya="2" hai0="79,7,73,9,116,30,27,19,86,16,68,58,29" hai1="96,126,93,28,62,2,22,42,69,83,49,91,8" hai2="67,104,10,82,117,71,112,61,59,84,66,70,114" hai3="74,21,77,26,134,129,65,75,131,99,47,3,89"/><V130/><F117/><W1/><G134/><T106/><D68/><U43/><E126/><V41/><F104/><W20/><G65/><T56/><D73/><N who="3" m="27657" /><G77/><T40/><D106/><U120/><E120/><V111/><F41/><W128/><G47/><T94/><D40/><U24/><E69/><V100/><F100/><W85/><G99/><T44/><D44/><U108/><E108/><V52/><F111/><W122/><G122/><T34/><D30/><U55/><E62/><V105/><F105/><W103/><G103/><T18/><D116/><U4/><REACH who="1" step="1"/><E83/><REACH who="1" ten="190,139,552,109" step="2"/><V88/><F71/><W63/><G63/><T118/><D118/><U78/><E78/><V25/><F70/><W14/><G14/><T48/><D48/><U5/><E5/><V72/><F82/><N who="3" m="49335" /><G21/><T101/><D79/><U46/><AGARI ba="2,1" hai="2,4,8,22,24,28,42,43,46,49,55,91,93,96" machi="46" ten="20,2700,0" yaku="1,1,0,1,7,1,53,0" doraHai="127" doraHaiUra="110" who="1" fromWho="1" sc="190,-9,139,43,552,-15,109,-9" /><INIT seed="3,0,0,4,0,31" ten="181,182,537,100" oya="3" hai0="97,13,64,50,70,0,107,106,117,9,14,103,15" hai1="67,104,4,112,16,35,53,116,125,90,111,56,29" hai2="99,19,5,113,22,54,82,3,118,76,66,100,12" hai3="80,93,75,132,83,65,34,49,46,40,114,71,88"/><W30/><G114/><T73/><D117/><U61/><E112/><V108/><F113/><W120/><G120/><T51/><D73/><U18/><E116/><V21/><F118/><W32/><G132/><T23/><D106/><U84/><E104/><V72/><F66/><W52/><G71/><T55/><D23/><U87/><E111/><V36/><F36/><W121/><G121/><T24/><D24/><U105/><E105/><V131/><F108/><W43/><G65/><T8/><D51/><U126/><E4/><V85/><F3/><W25/><G34/><T130/><D130/><U124/><E87/><V20/><F5/><W109/><G109/><T69/><D0/><U79/><E79/><V60/><F131/><W134/><G134/><T37/><D37/><U62/><E29/><V119/><F72/><W2/><G2/><T17/><D64/><U26/><E26/><V96/><F119/><W68/><G68/><T122/><D14/><U33/><E62/><V86/><F86/><W81/><REACH who="3" step="1"/><G75/><REACH who="3" ten="181,182,537,90" step="2"/><T38/><D122/><U98/><E67/><V47/><F60/><W94/><G94/><T59/><REACH who="0" step="1"/><D38/><REACH who="0" ten="171,182,537,90" step="2"/><U77/><E33/><V91/><F12/><W10/><G10/><T7/><AGARI ba="0,2" hai="7,8,9,13,15,17,50,55,59,69,70,97,103,107" machi="7" ten="20,5200,0" yaku="1,1,2,1,0,1,7,1,53,0" doraHai="31" doraHaiUra="78" who="0" fromWho="0" sc="171,72,182,-13,537,-13,90,-26" /><INIT seed="4,0,0,0,0,88" ten="243,169,524,64" oya="0" hai0="75,5,78,3,10,129,72,94,115,132,52,122,133" hai1="1,107,55,9,90,20,102,37,118,54,34,121,19" hai2="125,84,62,98,14,96,99,97,21,67,64,28,113" hai3="76,51,24,25,2,43,86,46,22,41,13,38,91"/><T69/><D69/><U119/><E37/><V103/><F113/><W17/><G2/><T18/><D122/><U112/><E121/><V74/><F74/><W48/><G76/><T33/><D115/><U6/><E112/><V63/><F125/><W53/><G38/><T59/><D33/><U11/><E34/><V77/><F77/><W89/><G89/><T58/><D58/><U81/><E11/><V105/><F84/><W65/><G65/><T15/><D129/><U60/><E107/><V134/><F134/><N who="0" m="51818" /><D78/><U27/><E102/><V83/><F83/><W39/><G39/><T23/><D94/><U66/><E81/><V71/><F105/><W82/><REACH who="3" step="1"/><G43/><REACH who="3" ten="243,169,524,54" step="2"/><T128/><D128/><U100/><E90/><V93/><N who="2" m="24576" /><DORA hai="50" /><V123/><F64/><W70/><G70/><T110/><D110/><U32/><E100/><V16/><F67/><W4/><G4/><T61/><AGARI ba="0,1" hai="3,5,10,15,18,23,52,59,61,72,75" m="51818" machi="61" ten="30,6000,0" yaku="20,1,52,1,54,1" doraHai="88,50" who="0" fromWho="0" sc="243,70,169,-20,524,-20,54,-20" /><INIT seed="4,1,0,2,4,129" ten="313,149,504,34" oya="0" hai0="29,103,114,61,60,99,134,79,48,52,33,3,124" hai1="78,97,105,64,25,88,132,42,8,58,100,113,68" hai2="135,126,43,63,72,38,92,36,30,70,69,24,6" hai3="118,109,81,107,117,95,54,51,16,85,98,37,10"/><T46/><D3/><U131/><E78/><V22/><F72/><W66/><G37/><T56/><D124/><U53/><E131/><V45/><F126/><W31/><G107/><T27/><D114/><U93/><E42/><V84/><F38/><W111/><G66/><T128/><D128/><U67/><E113/><V94/><F6/><W55/><G31/><T4/><D4/><U130/><E130/><V73/><F73/><W108/><G118/><T15/><D79/><U12/><E68/><V119/><F119/><W1/><G117/><T26/><D26/><U74/><E74/><V83/><F69/><W106/><G106/><T77/><D77/><U122/><E25/><V49/><F36/><W123/><G123/><T40/><D15/><U89/><E132/><V21/><F21/><W121/><G121/><T127/><D127/><U116/><E122/><V44/><F44/><W35/><G35/><T19/><D19/><U0/><E0/><V32/><F32/><W65/><G65/><N who="1" m="25162" /><E105/><V14/><F70/><W87/><G1/><T86/><D134/><U96/><E96/><V112/><F135/><W9/><G81/><T75/><D75/><U104/><E104/><V76/><F112/><W28/><G28/><T82/><D82/><U18/><E116/><V23/><F63/><AGARI ba="1,0" hai="8,12,18,53,58,63,88,89,93,97,100" m="25162" machi="63" ten="30,2000,0" yaku="8,1,54,1" doraHai="129" who="1" fromWho="2" sc="313,0,149,23,504,-23,34,0" /><INIT seed="5,0,0,1,4,31" ten="313,172,481,34" oya="1" hai0="4,98,87,52,10,97,84,85,18,1,29,107,49" hai1="65,67,16,50,109,24,22,132,9,93,99,60,102" hai2="121,134,36,133,35,3,78,112,27,44,77,68,26" hai3="41,114,33,118,7,117,122,72,135,71,90,11,51"/><U62/><E132/><N who="2" m="50795" /><F121/><W96/><G71/><T129/><D129/><U30/><E109/><V42/><F112/><W58/><G114/><T14/><D107/><U45/><E9/><V53/><F68/><W20/><G72/><T5/><D29/><U91/><E91/><V105/><F3/><W104/><G135/><T40/><D40/><U74/><E74/><V63/><F35/><W92/><G104/><T125/><D125/><U56/><E30/><V111/><F111/><W75/><G75/><T34/><D34/><U37/><E37/><V19/><F19/><W119/><G122/><T103/><D103/><U127/><E127/><V110/><F110/><W12/><G33/><T108/><D108/><U21/><E21/><V101/><F101/><W120/><G120/><T39/><D39/><U76/><E76/><V54/><F54/><W128/><G128/><T43/><D43/><N who="1" m="24895" /><E62/><V46/><F105/><W83/><G20/><T23/><REACH who="0" step="1"/><D5/><REACH who="0" ten="303,172,481,34" step="2"/><U64/><AGARI ba="0,1" hai="16,22,24,56,60,64,65,67,93,99,102" m="24895" machi="64" ten="30,3000,0" yaku="8,1,54,1" doraHai="31" who="1" fromWho="1" sc="303,-10,172,40,481,-10,34,-10" /><INIT seed="5,1,0,2,3,1" ten="293,212,471,24" oya="1" hai0="78,66,107,77,65,131,116,43,61,47,23,129,28" hai1="102,25,90,50,128,109,59,7,86,37,63,12,8" hai2="69,123,121,33,81,46,52,51,117,119,13,72,127" hai3="62,39,134,54,113,124,4,125,104,101,56,29,93"/><U57/><E37/><V79/><F69/><W36/><G104/><T20/><D107/><U89/><E128/><N who="0" m="49225" /><D116/><U48/><E109/><V6/><F33/><W40/><G113/><T38/><D66/><N who="1" m="39279" /><E102/><V122/><REACH who="2" step="1"/><F127/><REACH who="2" ten="293,212,461,24" step="2"/><W45/><G134/><T130/><D130/><U85/><E25/><V3/><F3/><W84/><G36/><T0/><D0/><U74/><E74/><V71/><F71/><W11/><G29/><T30/><D30/><U44/><E59/><V49/><F49/><W19/><G19/><T2/><D2/><U17/><E17/><V95/><F95/><W31/><G31/><T96/><D28/><U41/><E50/><V87/><F87/><AGARI ba="1,1" hai="7,8,12,41,44,48,85,86,87,89,90" m="39279" machi="87" ten="30,2900,0" yaku="8,1,52,1" doraHai="1" who="1" fromWho="2" sc="293,0,212,42,461,-32,24,0" /><INIT seed="5,2,0,5,3,28" ten="293,254,429,24" oya="1" hai0="134,39,37,69,86,132,49,26,94,124,21,2,108" hai1="81,111,30,133,125,131,110,109,35,117,59,119,5" hai2="20,22,112,80,95,98,61,113,77,74,13,76,45" hai3="47,105,8,38,27,114,72,87,19,42,75,60,58"/><U100/><E125/><V48/><F77/><W97/><G114/><N who="2" m="44137" /><F61/><W120/><G120/><T116/><D2/><U127/><E127/><V40/><F13/><W17/><G17/><T56/><D69/><U9/><E100/><V126/><F126/><W54/><G87/><T107/><D107/><U129/><E59/><V43/><F40/><W102/><REACH who="3" step="1"/><G8/><REACH who="3" ten="293,254,429,14" step="2"/><T29/><D124/><U14/><E133/><V82/><F82/><W96/><G96/><T51/><D86/><U25/><E81/><V68/><F68/><W84/><G84/><T64/><D132/><U0/><E0/><V121/><F121/><W99/><G99/><T83/><D83/><U1/><E14/><V115/><F115/><W85/><G85/><T101/><D134/><U71/><E71/><V78/><F78/><W122/><G122/><T88/><D29/><U128/><AGARI ba="2,1" hai="1,5,9,25,30,35,109,110,111,117,119,128,129,131" machi="128" ten="40,24000,3" yaku="0,1,10,1,19,1,23,2,34,3,52,1" doraHai="28" who="1" fromWho="1" sc="293,-82,254,256,429,-82,14,-82" owari="211,-19.0,510,61.0,347,15.0,-68,-57.0" /></mjloggm>