<mjloggm ver="2.3"><GO type="97" lobby="0"/><UN n0="%E5%9D%82%E4%B8%8A%E9%97%98%E7%9C%9F" n1="%52%69%6E%67%79%69" n2="%E5%B0%B1%E6%B4%BB%E7%94%9F%40%E5%B7%9D%E6%9D%91%E8%BB%8D%E5%9B%A3" n3="%75%69%69%70%67" dan="13,13,14,13" rate="1908.62,1805.35,1918.84,1877.42" sx="M,F,M,M"/><TAIKYOKU oya="0"/><INIT seed="0,0,0,5,3,55" ten="250,250,250,250" oya="0" hai0="80,122,97,131,65,10,128,50,85,92,23,83,108" hai1="73,68,89,84,15,127,27,53,5,22,18,132,96" hai2="125,134,19,44,30,135,101,46,16,20,76,1,45" hai3="116,58,130,52,62,14,59,79,60,43,7,121,47"/><T98/><D122/><U78/><E132/><N who="2" m="50731" /><F1/><W107/><G107/><T105/><D65/><U56/><E127/><V51/><F125/><W129/><G116/><T49/><D23/><U33/><E68/><V9/><F101/><W106/><G106/><T37/><D10/><U109/><E109/><V34/><F76/><W99/><G99/><T35/><D37/><U88/><E73/><V21/><F9/><N who="3" m="4415" /><G121/><T133/><D35/><U117/><E117/><V118/><F118/><W126/><G126/><T102/><D133/><U29/><E96/><V91/><F91/><W86/><G79/><T0/><D50/><U63/><E5/><V4/><F4/><W54/><G86/><T112/><D49/><U12/><REACH who="1" step="1"/><E15/><REACH who="1" ten="250,240,250,250" step="2"/><N who="2" m="9247" /><F34/><W124/><G124/><T3/><D108/><U2/><E2/><V42/><F30/><W36/><G130/><N who="0" m="49707" /><D0/><U61/><E61/><V64/><F64/><N who="3" m="38935" /><G129/><T114/><D3/><U94/><E94/><V90/><F42/><W81/><G81/><AGARI ba="0,1" hai="12,18,22,27,29,33,53,56,63,78,81,84,88,89" machi="81" ten="40,5200,0" yaku="1,1,52,1,54,1,53,0" doraHai="55" doraHaiUra="110" who="1" fromWho="3" sc="250,0,240,62,250,0,250,-52" /><INIT seed="1,0,0,4,2,40" ten="250,302,250,198" oya="1" hai0="87,110,78,95,51,6,32,109,77,20,4,21,111" hai1="102,135,28,90,127,84,56,50,59,89,13,134,62" hai2="86,8,60,106,85,45,124,98,49,75,74,41,99" hai3="43,42,0,48,122,73,33,54,130,104,14,128,47"/><U30/><E127/><V105/><F124/><W93/><G122/><T11/><D32/><U10/><E102/><V76/><F74/><W2/><G104/><T118/><D118/><U52/><E90/><V67/><F75/><W27/><G73/><T71/><D71/><U114/><E114/><V3/><F105/><W92/><G14/><T9/><D51/><U80/><E135/><V70/><F106/><W26/><G33/><T34/><D34/><U91/><E91/><V126/><F126/><W117/><G117/><T36/><D95/><N who="3" m="36425" /><G42/><T55/><D55/><U23/><E23/><N who="0" m="8777" /><D36/><U5/><REACH who="1" step="1"/><E134/><REACH who="1" ten="250,292,250,198" step="2"/><V123/><F123/><W107/><G107/><T96/><D96/><U12/><E12/><V133/><F133/><W37/><G0/><N who="0" m="135" /><D87/><U72/><E72/><V61/><F86/><W129/><G2/><AGARI ba="0,1" hai="2,6,11,77,78,109,110,111" m="135,8777" machi="2" ten="30,1000,0" yaku="14,1" doraHai="40" who="0" fromWho="3" sc="250,20,292,0,250,0,198,-10" /><INIT seed="2,0,0,2,0,113" ten="270,292,250,188" oya="2" hai0="61,121,35,37,108,11,39,127,111,58,92,41,1" hai1="102,74,70,123,105,115,4,48,55,9,130,86,12" hai2="56,117,80,75,57,128,89,14,60,98,20,52,64" hai3="53,78,122,49,31,6,45,36,135,112,81,51,79"/><V82/><F128/><W134/><G112/><T118/><D35/><U34/><E115/><V21/><F117/><W109/><G122/><T72/><D72/><U30/><E74/><V84/><F98/><W3/><G109/><N who="0" m="42059" /><D121/><U25/><E70/><V95/><F75/><W101/><G101/><T63/><D127/><U0/><E123/><V114/><F114/><W124/><G124/><T26/><D26/><U110/><E110/><V68/><F68/><W7/><G31/><T85/><D85/><U28/><E130/><V131/><F131/><W46/><G36/><N who="0" m="13899" /><D92/><U83/><E30/><V96/><F14/><W119/><G119/><T107/><D41/><U125/><E125/><V87/><F87/><W16/><G81/><N who="2" m="31337" /><F84/><W8/><G8/><T104/><D118/><U23/><E102/><V15/><F15/><W66/><G3/><T99/><D99/><U71/><E105/><N who="0" m="40521" /><D58/><U65/><E71/><V59/><F59/><W100/><G100/><T50/><D50/><AGARI ba="0,0" hai="20,21,50,52,56,57,60,64,89,95,96" m="31337" machi="50" ten="30,2900,0" yaku="8,1,54,1" doraHai="113" who="2" fromWho="0" sc="270,-29,292,0,250,29,188,0" /><INIT seed="2,1,0,5,3,30" ten="241,292,279,188" oya="2" hai0="127,103,68,133,93,70,10,4,105,89,73,123,37" hai1="84,61,90,126,59,94,15,22,7,14,88,46,122" hai2="101,41,130,47,131,86,43,8,80,1,33,91,17" hai3="100,75,110,57,120,50,51,66,26,13,9,35,102"/><V44/><F33/><W118/><G120/><T55/><D73/><U119/><E119/><V81/><F101/><W52/><G118/><T96/><D37/><U97/><E126/><V98/><F98/><W2/><G2/><T64/><D123/><U109/><E109/><V132/><F132/><W29/><G75/><T60/><D127/><U74/><E74/><V27/><F1/><W128/><G110/><T107/><D55/><U134/><E134/><V121/><F121/><W39/><G39/><T32/><D133/><U62/><E122/><V79/><F79/><W69/><G128/><N who="2" m="49193" /><F81/><W31/><G31/><T112/><D112/><U56/><E46/><N who="2" m="17451" /><F8/><W111/><G111/><T34/><D70/><U106/><E106/><V48/><F48/><W5/><REACH who="3" step="1"/><G50/><REACH who="3" ten="241,292,279,178" step="2"/><T113/><D113/><U78/><E78/><V42/><F17/><W12/><G12/><N who="1" m="4650" /><E7/><V95/><F27/><W124/><G124/><T3/><D107/><U54/><E22/><V108/><F108/><W117/><G117/><T104/><D104/><U16/><E16/><V99/><F42/><W23/><G23/><T25/><REACH who="0" step="1"/><D25/><REACH who="0" ten="231,292,279,178" step="2"/><U53/><E90/><V45/><F43/><W92/><G92/><T116/><D116/><U0/><E0/><V38/><F95/><W115/><G115/><T40/><D40/><U72/><E72/><V49/><F38/><W11/><G11/><T21/><D21/><U76/><E76/><V87/><F80/><W65/><G65/><T63/><D63/><AGARI ba="1,2" hai="5,9,13,26,29,35,51,52,57,63,66,69,100,102" machi="63" ten="40,5200,0" yaku="1,1,52,1,54,1,53,0" doraHai="30" doraHaiUra="18" who="3" fromWho="0" sc="231,-55,292,0,279,0,178,75" /><INIT seed="3,0,0,1,3,124" ten="176,292,279,253" oya="3" hai0="120,59,13,114,112,95,96,88,17,20,8,131,64" hai1="113,5,122,82,68,107,94,43,6,132,33,36,12" hai2="90,105,129,78,93,27,81,34,80,39,125,55,53" hai3="56,51,109,111,42,89,4,84,110,134,115,44,57"/><W10/><G115/><N who="0" m="44075" /><D120/><U41/><E122/><V61/><F105/><W67/><G134/><T83/><D83/><U87/><E113/><V103/><F39/><W69/><G69/><T106/><D106/><U98/><E132/><V102/><F125/><W48/><G67/><T58/><D64/><U117/><E107/><V40/><F129/><W73/><G73/><T119/><D119/><U97/><E68/><V130/><F130/><W14/><REACH who="3" step="1"/><G48/><REACH who="3" ten="176,292,279,243" step="2"/><T25/><D131/><U50/><E117/><V30/><F61/><W52/><G52/><T0/><D0/><U75/><E75/><V121/><F55/><W49/><G49/><T85/><D96/><U63/><E36/><V123/><F53/><W128/><G128/><T45/><D45/><U46/><E63/><V32/><F40/><W86/><G86/><T126/><D126/><U100/><E43/><V72/><F121/><W28/><G28/><AGARI ba="0,1" hai="8,13,17,20,25,28,58,59,85,88,95" m="44075" machi="28" ten="30,2000,0" yaku="11,1,54,1" doraHai="124" who="0" fromWho="3" sc="176,30,292,0,279,0,243,-20" /><INIT seed="4,0,0,1,0,115" ten="206,292,279,223" oya="0" hai0="13,99,42,113,100,103,87,9,89,123,33,90,68" hai1="14,28,49,23,60,45,81,135,119,59,111,120,78" hai2="117,116,32,67,44,128,15,131,3,79,94,35,46" hai3="6,105,16,85,56,134,96,125,21,47,39,133,88"/><T2/><D123/><U12/><E120/><V25/><F3/><W101/><G6/><T20/><D68/><U26/><E111/><V64/><F79/><W71/><G71/><T95/><D33/><N who="2" m="12874" /><F25/><N who="3" m="14503" /><G125/><T55/><D2/><U53/><E119/><N who="2" m="45643" /><F15/><W41/><G56/><T22/><D113/><U97/><E97/><V31/><F31/><W130/><G130/><N who="2" m="49705" /><F94/><W65/><G65/><AGARI ba="0,0" hai="44,46,64,65,67" m="49705,45643,12874" machi="65" ten="40,12000,2" yaku="28,2,12,1,19,1,52,3" doraHai="115" who="2" fromWho="3" sc="206,0,292,0,279,120,223,-120" owari="206,-19.0,292,9.0,399,50.0,103,-40.0" /></mjloggm>