<mjloggm ver="2.3"><GO type="169" lobby="0"/><UN n0="%E9%96%8B%E3%81%8B%E3%82%8C" n1="%E3%82%8A%E3%82%87%E3%81%86%E3%81%BE%35%37%32%34" n2="%E5%B0%B1%E6%B4%BB%E7%94%9F%40%E5%B7%9D%E6%9D%91%E8%BB%8D%E5%9B%A3" n3="%E4%B8%89%E8%89%B2%E5%90%8C%E5%88%BB%E2%98%86" dan="16,16,17,16" rate="2049.58,2125.29,2197.56,2113.27" sx="M,M,M,M"/><TAIKYOKU oya="0"/><INIT seed="0,0,0,5,2,9" ten="250,250,250,250" oya="0" hai0="132,106,29,42,43,37,19,135,85,123,134,2,92" hai1="70,130,71,104,69,46,126,67,107,56,14,33,41" hai2="57,48,88,100,18,59,7,64,118,27,72,50,103" hai3="95,97,31,12,120,62,96,84,74,60,22,91,39"/><T93/><D123/><U23/><E33/><V111/><F72/><W109/><G74/><T34/><D106/><U117/><E117/><V108/><F7/><W110/><G39/><T78/><D2/><U119/><E119/><V94/><F118/><W77/><G120/><T76/><D29/><U116/><E116/><V15/><F27/><W101/><G77/><N who="0" m="29803" /><D34/><U54/><E67/><V24/><F24/><W44/><G44/><N who="0" m="23631" /><D43/><U81/><E81/><V61/><F100/><W87/><G87/><T89/><D19/><U73/><E73/><V8/><F103/><W129/><G97/><T90/><D90/><U4/><E126/><V35/><F35/><W26/><G129/><T55/><D55/><U58/><E130/><V45/><F59/><W98/><G98/><T10/><D10/><U133/><E133/><V66/><F64/><W63/><REACH who="3" step="1"/><G12/><REACH who="3" ten="250,250,250,240" step="2"/><T65/><D65/><U32/><E14/><V51/><REACH who="2" step="1"/><F45/><REACH who="2" ten="250,250,240,240" step="2"/><W11/><G11/><T114/><D114/><U38/><E46/><V68/><F68/><W115/><G115/><T121/><D121/><U1/><E70/><V47/><F47/><W82/><AGARI ba="0,2" hai="22,26,31,60,62,63,82,84,91,95,96,101,109,110" machi="82" ten="30,2000,0" yaku="1,1,0,1,53,0" doraHai="9" doraHaiUra="6" who="3" fromWho="3" sc="250,-10,250,-5,240,-5,240,40" /><INIT seed="1,0,0,5,0,88" ten="240,245,235,280" oya="1" hai0="60,4,35,40,93,34,9,127,68,87,41,54,78" hai1="38,59,83,77,100,132,117,42,135,53,15,30,92" hai2="61,50,28,56,131,58,65,3,128,76,24,106,129" hai3="105,79,48,37,63,7,108,103,71,125,94,110,126"/><U12/><E117/><V98/><F3/><W44/><G105/><T81/><D127/><N who="3" m="48649" /><G37/><T123/><D123/><U119/><E119/><V8/><F76/><W45/><G7/><T84/><D35/><U118/><E118/><V43/><F8/><W99/><G79/><T97/><D34/><U80/><E30/><V51/><F43/><N who="3" m="24607" /><G45/><T66/><D87/><U104/><E104/><V122/><F122/><W39/><G39/><T134/><D54/><U31/><E31/><V13/><F13/><N who="1" m="5193" /><E42/><V91/><F58/><W124/><N who="3" m="48657" /><W27/><DORA hai="72" /><G27/><T55/><D55/><U21/><E21/><V82/><F106/><W130/><G130/><T70/><D70/><U46/><E46/><V11/><F11/><W17/><G17/><T111/><D41/><U22/><E22/><V10/><F10/><W96/><G99/><T112/><D40/><U120/><E38/><V101/><F24/><W64/><AGARI ba="0,0" hai="63,64,71,94,96,103,108,110" m="24607,48657" machi="64" ten="50,3200,0" yaku="18,1,52,1" doraHai="88,72" who="3" fromWho="3" sc="240,-8,245,-16,235,-8,280,32" /><INIT seed="2,0,0,4,0,23" ten="232,229,227,312" oya="2" hai0="57,12,108,26,11,71,133,121,134,52,82,37,63" hai1="85,20,64,25,4,67,90,10,70,131,100,32,42" hai2="123,113,130,54,45,50,118,40,117,59,81,69,17" hai3="1,115,24,92,0,122,15,106,125,41,109,99,36"/><V14/><F123/><W38/><G122/><T62/><D121/><U35/><E131/><V98/><F69/><W116/><G116/><T88/><D37/><U76/><E100/><V13/><F130/><W127/><G106/><T114/><D114/><U135/><E76/><V87/><F113/><W119/><G119/><T29/><D108/><U60/><E42/><V27/><F98/><W58/><G15/><T65/><D82/><U2/><E67/><V72/><F72/><W129/><G129/><T110/><D110/><U104/><E104/><V9/><F14/><W105/><G105/><T107/><D107/><U33/><E135/><V86/><F86/><W128/><G128/><T79/><D79/><U53/><E53/><V112/><F112/><W46/><G38/><T73/><D73/><U66/><E66/><V80/><F80/><W3/><G109/><T55/><D55/><U18/><REACH who="1" step="1"/><E33/><REACH who="1" ten="232,219,227,312" step="2"/><V56/><F56/><W31/><G58/><T95/><D134/><U74/><E74/><V77/><REACH who="2" step="1"/><F27/><REACH who="2" ten="232,219,217,312" step="2"/><W43/><G115/><T19/><D133/><U6/><E6/><V47/><F47/><W39/><G46/><T102/><D102/><U93/><AGARI ba="0,2" hai="2,4,10,18,20,25,32,35,60,64,70,85,90,93" machi="93" ten="20,8000,1" yaku="1,1,0,1,7,1,52,1,53,1" doraHai="23" doraHaiUra="84" who="1" fromWho="1" sc="232,-20,219,100,217,-40,312,-20" /><INIT seed="3,0,0,5,5,121" ten="212,319,177,292" oya="3" hai0="70,129,35,80,18,25,87,38,11,106,23,40,50" hai1="49,84,14,37,96,60,44,109,119,108,56,33,99" hai2="58,3,32,19,97,41,48,131,62,86,98,81,94" hai3="127,53,134,105,47,26,31,13,24,20,88,30,69"/><W120/><G105/><T2/><D38/><U89/><E37/><V5/><F131/><W39/><G120/><T100/><D70/><U93/><E33/><V110/><F32/><W46/><G69/><T27/><D129/><U133/><E14/><V92/><F3/><W85/><G134/><T125/><D125/><U65/><E133/><V63/><F5/><W95/><G127/><T54/><D40/><U34/><E34/><V111/><F19/><W135/><G135/><T17/><D106/><U122/><E122/><V91/><F41/><W12/><G39/><T112/><D112/><U128/><E128/><V101/><F48/><N who="3" m="28823" /><G47/><T75/><D100/><U16/><E16/><V51/><F51/><W76/><G76/><T77/><D75/><U124/><E124/><V116/><F116/><W57/><G57/><T104/><D104/><U79/><E119/><V126/><F126/><W55/><G55/><T113/><D113/><U67/><E67/><V6/><F6/><W15/><G20/><T115/><D115/><U52/><REACH who="1" step="1"/><E79/><REACH who="1" ten="212,309,177,292" step="2"/><V36/><F36/><W66/><G66/><T64/><D64/><U22/><E22/><V90/><REACH who="2" step="1"/><F58/><REACH who="2" ten="212,309,167,292" step="2"/><W0/><G0/><T118/><D118/><U107/><E107/><V102/><F102/><W28/><AGARI ba="0,2" hai="12,13,15,24,26,28,30,31,85,88,95" m="28823" machi="28" ten="30,3000,0" yaku="8,1,54,1" doraHai="121" who="3" fromWho="3" sc="212,-10,309,-10,167,-10,292,50" /><INIT seed="3,1,0,3,2,124" ten="202,299,157,342" oya="3" hai0="59,73,115,7,16,61,101,37,20,9,26,107,102" hai1="55,53,86,51,31,111,121,74,50,126,39,106,33" hai2="112,89,67,123,116,6,54,0,8,38,14,15,128" hai3="133,19,103,80,94,43,63,125,93,92,18,122,25"/><W28/><G125/><T87/><D73/><U30/><E74/><V60/><F112/><W90/><G122/><T85/><D37/><U76/><E126/><V129/><F116/><W131/><G43/><T32/><D32/><U35/><E39/><V119/><F119/><W114/><G114/><T29/><D115/><U42/><E42/><V91/><F38/><W66/><G131/><N who="2" m="50249" /><F54/><W96/><G80/><T27/><D27/><U84/><E76/><V40/><F40/><W97/><G93/><T13/><D7/><U64/><E64/><V69/><F123/><W127/><G133/><T118/><D118/><U49/><E49/><V4/><F4/><W44/><G44/><T95/><D107/><U17/><E121/><V34/><F34/><W88/><G103/><N who="0" m="39435" /><D95/><U104/><REACH who="1" step="1"/><E17/><REACH who="1" ten="202,289,157,342" step="2"/><V71/><F71/><W52/><G127/><T68/><D68/><U56/><E56/><V134/><F134/><W41/><G41/><T57/><D57/><U77/><E77/><V46/><F46/><W117/><G117/><T47/><D47/><U58/><E58/><V70/><F70/><W81/><G66/><AGARI ba="1,1" hai="9,13,16,20,26,29,59,61,66,85,87" m="39435" machi="66" ten="30,2000,0" yaku="8,1,54,1" doraHai="124" who="0" fromWho="3" sc="202,33,289,0,157,0,342,-23" /><INIT seed="4,0,0,2,2,28" ten="235,289,157,319" oya="0" hai0="56,75,132,130,112,129,54,63,83,91,26,22,114" hai1="109,74,73,31,67,88,78,60,52,131,45,90,38" hai2="12,16,89,127,14,9,50,101,51,97,8,95,110" hai3="7,57,23,5,40,71,61,24,126,128,55,102,115"/><T32/><D132/><U103/><E109/><V65/><F127/><W87/><G126/><T81/><D91/><U17/><E103/><V20/><F110/><W116/><G116/><T58/><D58/><U30/><E17/><V21/><F65/><W80/><G115/><N who="0" m="44075" /><D32/><U113/><E113/><V104/><F21/><W93/><G71/><T133/><D133/><U62/><E131/><N who="0" m="50185" /><D75/><U19/><E19/><AGARI ba="0,0" hai="19,22,26,54,56,63,81,83" m="50185,44075" machi="19" ten="30,2900,0" yaku="15,1,19,1" doraHai="28" who="0" fromWho="1" sc="235,29,289,-29,157,0,319,0" /><INIT seed="4,1,0,0,3,116" ten="264,260,157,319" oya="0" hai0="6,52,55,11,30,43,26,127,93,42,27,119,128" hai1="103,134,111,104,113,80,36,38,67,107,83,61,88" hai2="118,114,79,24,100,117,76,45,21,81,92,123,101" hai3="35,70,8,20,96,18,4,130,126,50,39,68,106"/><T65/><D119/><N who="2" m="45578" /><F114/><W41/><G35/><T75/><D75/><U121/><E111/><V37/><F37/><W7/><G39/><T9/><D128/><U10/><E121/><V29/><F45/><W73/><G73/><T74/><D74/><U44/><E113/><V131/><F131/><W108/><G108/><T58/><D127/><U46/><E134/><V48/><F48/><W112/><G112/><T69/><D69/><U1/><E61/><V129/><F129/><W85/><G126/><T33/><D65/><U66/><E10/><N who="0" m="3593" /><D33/><U132/><E132/><V0/><F0/><W17/><G130/><T12/><D12/><U109/><E109/><V98/><F100/><W14/><G85/><T105/><D105/><U124/><E124/><V122/><F81/><W97/><G68/><T72/><D72/><U133/><E133/><V57/><F57/><W28/><G28/><T86/><D6/><N who="3" m="2089" /><G106/><T77/><D30/><U87/><E103/><V53/><F53/><N who="0" m="20554" /><D58/><U23/><E87/><V34/><F34/><W71/><G70/><T115/><D115/><U125/><E125/><V120/><AGARI ba="1,0" hai="21,24,29,76,79,92,98,101,120,122,123" m="45578" machi="120" ten="40,8000,1" yaku="12,1,52,3" doraHai="116" who="2" fromWho="2" sc="264,-41,260,-21,157,83,319,-21" /><INIT seed="5,0,0,5,2,66" ten="223,239,240,298" oya="1" hai0="112,19,63,60,11,108,70,113,83,43,75,72,2" hai1="23,80,77,1,50,73,18,39,10,28,38,134,21" hai2="116,9,86,31,25,40,95,90,59,13,20,98,111" hai3="93,127,91,82,26,8,76,71,88,3,105,135,79"/><U36/><E134/><V64/><F111/><W0/><G105/><T122/><D108/><U55/><E28/><V52/><F116/><W68/><G135/><T94/><D122/><U109/><E109/><V7/><F40/><W117/><G117/><T125/><D125/><U47/><REACH who="1" step="1"/><E18/><REACH who="1" ten="223,229,240,298" step="2"/><V17/><F64/><W32/><G127/><T106/><D19/><U121/><E121/><V14/><F98/><W126/><G126/><T5/><D113/><U30/><E30/><V78/><F78/><W24/><G32/><T118/><D112/><U110/><E110/><V22/><F22/><W49/><G8/><T65/><D118/><U129/><E129/><V102/><F102/><W85/><G79/><T35/><D35/><U6/><AGARI ba="0,1" hai="1,6,10,21,23,36,38,39,47,50,55,73,77,80" machi="6" ten="40,3900,0" yaku="1,1,0,1,53,0" doraHai="66" doraHaiUra="84" who="1" fromWho="1" sc="223,-13,229,49,240,-13,298,-13" /><INIT seed="5,1,0,2,5,129" ten="210,278,227,285" oya="1" hai0="49,122,38,92,34,98,33,46,115,25,89,68,80" hai1="117,19,8,109,13,97,52,57,10,35,91,9,135" hai2="83,121,1,81,134,14,73,56,131,28,48,93,99" hai3="79,105,36,31,7,114,40,100,112,106,126,39,16"/><U58/><E117/><V55/><F1/><W127/><G31/><T32/><D68/><U77/><E35/><V26/><F131/><W17/><G79/><T29/><D38/><N who="3" m="14377" /><G40/><T24/><D115/><N who="3" m="44073" /><G7/><T5/><D5/><U15/><E109/><V86/><F121/><W82/><G82/><T104/><D122/><U120/><E120/><V70/><F70/><W125/><G100/><T67/><D67/><U64/><E135/><V62/><F134/><W12/><G17/><T30/><D104/><U41/><E41/><V119/><F119/><W4/><G4/><T96/><D80/><U75/><E75/><V116/><F116/><W61/><G61/><T69/><D69/><U63/><E77/><V3/><F3/><W21/><AGARI ba="1,0" hai="12,16,21,105,106,125,126,127" m="44073,14377" machi="21" ten="40,5200,0" yaku="18,1,15,1,54,1" doraHai="129" who="3" fromWho="3" sc="210,-14,278,-27,227,-14,285,55" /><INIT seed="6,0,0,1,5,126" ten="196,251,213,340" oya="2" hai0="20,9,113,71,1,43,66,8,14,22,73,42,17" hai1="44,68,28,33,112,107,93,109,128,61,116,135,87" hai2="41,54,79,52,111,130,4,51,114,2,38,3,35" hai3="31,122,21,106,74,16,63,25,132,10,12,88,97"/><V60/><F35/><W77/><G122/><T104/><D73/><U67/><E109/><V49/><F111/><W92/><G106/><T127/><D104/><U120/><E116/><V129/><F79/><W103/><G132/><T124/><D113/><U86/><E107/><V131/><F114/><W34/><G74/><T89/><D71/><U50/><E112/><V11/><F60/><W45/><G77/><T47/><D66/><U108/><E108/><V123/><F123/><W102/><G63/><T105/><D105/><U23/><E33/><V118/><F118/><W96/><G96/><T19/><D89/><U58/><E68/><V98/><F98/><W119/><G119/><T18/><D47/><U62/><E62/><V82/><F82/><W7/><G45/><T57/><D57/><U0/><E0/><AGARI ba="0,0" hai="0,7,10,12,16,21,25,31,34,88,92,97,102,103" machi="0" ten="30,8000,1" yaku="7,1,24,2,54,2" doraHai="126" who="3" fromWho="1" sc="196,0,251,-80,213,0,340,80" /><INIT seed="7,0,0,4,0,91" ten="196,171,213,420" oya="3" hai0="67,109,134,118,75,0,45,129,37,49,83,103,124" hai1="7,27,122,34,1,114,11,35,43,69,52,119,5" hai2="111,133,123,16,126,51,18,36,56,79,48,46,105" hai3="116,63,26,89,90,97,20,127,41,92,113,19,86"/><W8/><G116/><T53/><D118/><U132/><E69/><V47/><F111/><W64/><G41/><T78/><D109/><U85/><E119/><V14/><F105/><W88/><G113/><T31/><D0/><U55/><E122/><V12/><F36/><W28/><G127/><T65/><D124/><U62/><E114/><V104/><F104/><W110/><G110/><T84/><D134/><U23/><E132/><V125/><F56/><N who="3" m="36967" /><G86/><T115/><D115/><U73/><E73/><V21/><F79/><W94/><G97/><T98/><D129/><U71/><E7/><V59/><F59/><W131/><G131/><T120/><D120/><U61/><E43/><V33/><F33/><W2/><G2/><T101/><D37/><U13/><E1/><V17/><F133/><W24/><G24/><T135/><D135/><U58/><E85/><V44/><F123/><W70/><G70/><T38/><D38/><U100/><E100/><V3/><F3/><W76/><G76/><T9/><D75/><U57/><E71/><V42/><F42/><W6/><G6/><T22/><D103/><U39/><E39/><V107/><F107/><W112/><G112/><T30/><D67/><U66/><E66/><V93/><F125/><W77/><G77/><T15/><D65/><U81/><E81/><V50/><F126/><W60/><G60/><T68/><D68/><U4/><E4/><V40/><F40/><W117/><G117/><T72/><D72/><U54/><E54/><V121/><F121/><W32/><G32/><T25/><D78/><U102/><E102/><RYUUKYOKU ba="0,0" sc="196,-15,171,15,213,-15,420,15" hai1="5,11,13,23,27,34,35,52,55,57,58,61,62" hai3="8,19,20,26,28,88,89,90,92,94" owari="181,-32.0,186,-21.0,198,0.0,435,53.0" /></mjloggm>