<mjloggm ver="2.3"><GO type="225" lobby="0"/><UN n0="%28%2A%C2%B4%33%EF%BD%80%2A%29" n1="%72%61%74%65%72%61%74%65" n2="%E5%B0%B1%E6%B4%BB%E7%94%9F%40%E5%B7%9D%E6%9D%91%E8%BB%8D%E5%9B%A3" n3="%E5%A4%A9%E7%A9%BA%73%61%79%61" dan="16,16,17,16" rate="2140.51,2124.72,2091.60,2112.97" sx="F,M,M,M"/><TAIKYOKU oya="0"/><INIT seed="0,0,0,1,3,72" ten="250,250,250,250" oya="0" hai0="124,85,12,6,68,58,27,83,122,86,110,9,74" hai1="103,133,134,30,132,121,21,78,14,113,129,56,49" hai2="48,34,19,117,32,38,36,115,111,116,76,119,37" hai3="47,94,66,46,23,92,88,77,102,108,125,20,128"/><T3/><D122/><U50/><E121/><V22/><F115/><W84/><G108/><T11/><D68/><U5/><E103/><V44/><F111/><W57/><G128/><T96/><D124/><U118/><E118/><V55/><REACH who="2" step="1"/><F76/><REACH who="2" ten="250,250,240,250" step="2"/><W4/><G77/><T33/><D110/><U114/><E129/><V109/><F109/><W90/><G125/><T18/><D96/><U42/><E78/><V61/><F61/><N who="3" m="38191" /><G102/><T80/><D74/><U28/><E42/><V100/><F100/><W35/><G35/><T106/><D106/><U81/><E81/><V112/><F112/><N who="1" m="43113" /><E56/><V79/><F79/><W75/><G75/><T63/><D80/><U7/><E14/><AGARI ba="0,1" hai="14,19,22,32,34,36,37,38,44,48,55,116,117,119" machi="14" ten="50,6400,0" yaku="1,1,12,1,53,1" doraHai="72" doraHaiUra="15" who="2" fromWho="1" sc="250,0,250,-64,240,74,250,0" /><INIT seed="1,0,0,3,5,5" ten="250,186,314,250" oya="1" hai0="101,40,27,45,64,122,19,9,12,2,3,1,126" hai1="115,79,43,67,50,49,59,114,42,77,134,20,90" hai2="73,132,38,17,31,53,54,85,94,103,36,78,6" hai3="124,57,63,98,80,121,74,123,68,125,81,25,83"/><U119/><E119/><V117/><F117/><W34/><G68/><T60/><D122/><U22/><E67/><V30/><F132/><W100/><G74/><T13/><D126/><N who="3" m="48745" /><G25/><T109/><D109/><U61/><E61/><V96/><F73/><W23/><G23/><T107/><D27/><U88/><REACH who="1" step="1"/><E59/><REACH who="1" ten="250,176,314,250" step="2"/><V118/><F118/><W14/><G57/><T133/><D133/><AGARI ba="0,1" hai="20,22,42,43,49,50,77,79,88,90,114,115,133,134" machi="133" ten="25,12000,1" yaku="1,1,2,1,22,2,54,1,53,0" doraHai="5" doraHaiUra="76" who="1" fromWho="0" sc="250,-120,176,130,314,0,250,0" /><INIT seed="1,1,0,0,0,29" ten="130,306,314,250" oya="1" hai0="57,3,83,87,97,73,89,93,22,75,50,13,115" hai1="131,96,122,19,28,46,25,30,70,12,99,9,86" hai2="39,27,53,117,11,62,95,80,45,42,4,61,40" hai3="10,63,76,79,128,6,90,126,37,124,35,91,135"/><U74/><E70/><V67/><F117/><W102/><G37/><T48/><D3/><U34/><E74/><V59/><F27/><W107/><G135/><T43/><D115/><U66/><E122/><V110/><F110/><W81/><G128/><T130/><D130/><U72/><E72/><V14/><F42/><W21/><G35/><T119/><D119/><U44/><E131/><V116/><F116/><W120/><G120/><T105/><D105/><U109/><E109/><V78/><F95/><W41/><G41/><T1/><D1/><U24/><E66/><V106/><F106/><W2/><G21/><T88/><D50/><U64/><E64/><V31/><F31/><W111/><G111/><T16/><REACH who="0" step="1"/><D57/><REACH who="0" ten="120,306,314,250" step="2"/><U134/><E134/><V123/><F123/><W36/><G107/><T92/><D92/><U69/><E69/><V32/><F62/><W121/><G63/><T5/><D5/><U38/><E46/><AGARI ba="1,1" hai="13,16,22,43,46,48,73,75,83,87,88,89,93,97" machi="46" ten="40,8000,1" yaku="1,1,54,2,53,1" doraHai="29" doraHaiUra="77" who="0" fromWho="1" sc="120,93,306,-83,314,0,250,0" /><INIT seed="2,0,0,1,1,95" ten="213,223,314,250" oya="2" hai0="124,21,45,110,76,131,36,87,126,23,16,50,115" hai1="72,17,47,26,34,65,81,55,127,48,41,1,39" hai2="96,77,83,92,27,98,32,6,4,13,106,19,56" hai3="10,18,134,125,61,85,86,82,40,121,14,130,54"/><V93/><F106/><W117/><G121/><T11/><D115/><U101/><E1/><V24/><F32/><W78/><G117/><T90/><D36/><U118/><E118/><V3/><F3/><W89/><G134/><T52/><D76/><U91/><E127/><N who="0" m="48681" /><D131/><U51/><E65/><V25/><F56/><N who="3" m="34967" /><G125/><T30/><D30/><U111/><E111/><V102/><F83/><N who="3" m="49375" /><G130/><T42/><D42/><AGARI ba="0,0" hai="10,14,18,40,42,78,82,85" m="49375,34967" machi="42" ten="30,1000,0" yaku="8,1" doraHai="95" who="3" fromWho="0" sc="213,-10,223,0,314,0,250,10" /><INIT seed="3,0,0,0,5,49" ten="203,223,314,260" oya="3" hai0="108,131,6,2,65,3,31,0,73,60,82,97,71" hai1="76,48,43,85,134,69,42,77,68,10,38,99,50" hai2="93,100,98,83,123,40,1,124,126,34,26,72,135" hai3="102,133,105,63,110,87,128,32,46,90,4,84,115"/><W86/><G115/><T51/><D131/><U80/><E134/><V75/><F1/><W129/><G32/><T41/><D108/><U22/><E99/><V91/><F123/><W70/><G133/><T103/><D31/><U113/><E113/><V61/><F135/><W25/><G110/><T64/><D64/><U67/><E38/><V57/><F40/><N who="1" m="15401" /><E69/><V92/><F26/><W95/><G4/><T37/><D37/><U81/><E68/><V111/><F111/><W28/><G46/><T27/><D27/><U109/><E109/><V9/><F9/><W66/><G25/><T16/><D16/><U94/><E67/><N who="2" m="39343" /><F83/><W74/><G28/><T107/><D6/><U17/><E10/><V96/><F34/><W52/><G74/><T88/><D73/><U106/><E106/><V20/><F20/><W79/><G105/><T12/><D12/><N who="1" m="9511" /><E94/><V78/><F78/><N who="1" m="30313" /><E85/><V19/><F19/><W29/><G86/><T119/><D119/><U120/><E120/><V54/><F75/><W7/><G87/><T44/><REACH who="0" step="1"/><D82/><AGARI ba="0,0" hai="48,50,80,81,82" m="30313,9511,15401" machi="82" ten="30,1000,0" yaku="8,1" doraHai="49" who="1" fromWho="0" sc="203,-10,223,10,314,0,260,0" owari="193,-31.0,233,-17.0,314,42.0,260,6.0" /></mjloggm>