<mjloggm ver="2.3"><GO type="193" lobby="0"/><UN n0="%E3%81%A8%E3%81%A1%E3%81%BE%E3%82%8B%E5%90%9B" n1="%E3%83%88%E3%83%88%E3%83%AA%E5%85%88%E7%94%9F%31%39%E6%AD%B3" n2="%74%65%6E%68%61%77" n3="%74%61%6D%61%73%61%6B%61" dan="11,10,13,11" rate="1629.90,1828.67,1719.30,1628.38" sx="M,F,M,M"/><TAIKYOKU oya="0"/><INIT seed="0,0,0,1,0,85" ten="250,250,250,250" oya="0" hai0="111,81,103,32,37,123,63,118,77,67,60,92,41" hai1="2,71,95,36,24,80,64,121,23,17,112,9,116" hai2="49,74,109,25,14,126,130,30,27,96,7,68,100" hai3="62,128,57,122,110,11,44,39,89,56,12,114,90"/><T91/><D123/><U84/><E112/><V46/><F68/><W16/><G114/><T35/><D118/><U127/><E116/><V79/><F130/><W31/><G128/><T120/><D111/><U26/><E121/><V115/><F115/><W125/><G122/><T76/><D120/><U53/><E36/><V83/><F109/><W133/><G110/><T131/><D131/><U101/><E127/><V48/><F126/><W117/><G125/><T75/><D77/><U4/><E71/><V28/><F7/><W105/><G105/><T104/><D63/><U106/><E64/><V69/><F69/><W6/><G117/><T97/><D37/><U20/><E106/><V73/><F73/><W22/><G133/><T87/><D41/><U21/><E53/><V52/><F14/><W40/><G57/><AGARI ba="0,0" hai="32,35,57,60,67,75,76,81,87,91,92,97,103,104" machi="57" ten="30,11600,0" yaku="7,1,24,2,52,1" doraHai="85" who="0" fromWho="3" sc="250,116,250,0,250,0,250,-116" /><INIT seed="0,1,0,3,1,76" ten="366,250,250,134" oya="0" hai0="60,91,29,99,78,31,132,7,30,59,119,102,69" hai1="28,94,118,43,19,124,1,100,114,40,89,17,24" hai2="116,97,72,8,115,110,48,104,80,117,112,96,13" hai3="50,38,120,83,129,37,109,61,113,36,26,20,103"/><T66/><D119/><N who="2" m="45642" /><F8/><W18/><G113/><N who="2" m="43593" /><F13/><W74/><G109/><T82/><D132/><U21/><E1/><V64/><F64/><W131/><G120/><T128/><D91/><U56/><E114/><V5/><F5/><W0/><G0/><T16/><D128/><N who="3" m="49225" /><G103/><T14/><D7/><U47/><E118/><V39/><F39/><W88/><G61/><T70/><D102/><U2/><E124/><V107/><F48/><W9/><G74/><T93/><D99/><N who="2" m="37962" /><F110/><W135/><G135/><T27/><D70/><U12/><E2/><V42/><F42/><W101/><G101/><T111/><D69/><U126/><E100/><V62/><F62/><W4/><G50/><T55/><D93/><U134/><E134/><V6/><F6/><W106/><G106/><T3/><D3/><U34/><E43/><V25/><F25/><W84/><G4/><T10/><D111/><U35/><E40/><V85/><F72/><W51/><G51/><T53/><D53/><U127/><E47/><V79/><AGARI ba="1,0" hai="79,80,85,104,107" m="37962,43593,45642" machi="79" ten="40,8000,1" yaku="12,1,34,2,52,1" doraHai="76" who="2" fromWho="2" sc="366,-41,250,-21,250,83,134,-21" /><INIT seed="1,0,0,1,5,52" ten="325,229,333,113" oya="1" hai0="69,6,59,44,96,73,64,30,72,106,47,77,43" hai1="112,135,103,90,97,82,85,89,102,34,22,17,63" hai2="2,101,67,25,42,60,125,4,70,9,27,128,93" hai3="122,92,99,111,7,98,41,13,131,35,130,8,38"/><U116/><E112/><V117/><F117/><W18/><G122/><T49/><D69/><U105/><E116/><V86/><F128/><N who="3" m="49195" /><G35/><T121/><D121/><U115/><E115/><V84/><F125/><W37/><G111/><T132/><D132/><U108/><E34/><V76/><F42/><W10/><G41/><T33/><D73/><U81/><E108/><V14/><F2/><N who="3" m="119" /><G99/><T19/><D6/><U0/><E0/><V21/><F27/><W50/><G50/><T65/><D33/><U56/><E135/><V107/><F107/><W119/><G119/><T31/><D106/><U20/><E103/><AGARI ba="0,0" hai="10,13,18,37,38,92,98,103" m="119,49195" machi="103" ten="30,1000,0" yaku="19,1" doraHai="52" who="3" fromWho="1" sc="325,0,229,-10,333,0,113,10" /><INIT seed="2,0,0,0,1,53" ten="325,219,333,123" oya="2" hai0="10,92,40,128,127,88,100,80,35,59,62,26,119" hai1="72,89,101,20,103,124,34,36,37,129,0,58,121" hai2="123,74,44,64,75,23,83,46,3,106,130,109,84" hai3="95,113,81,31,27,63,114,66,132,134,68,107,94"/><V69/><F123/><W110/><G107/><T133/><D35/><U79/><E34/><V112/><F112/><N who="3" m="43115" /><G81/><T8/><D119/><U11/><E121/><V97/><F3/><W87/><G87/><T135/><D40/><U104/><E129/><V73/><F130/><W65/><G65/><N who="0" m="39135" /><D128/><U82/><E124/><V49/><F46/><W120/><G120/><T122/><D127/><U28/><E89/><V25/><F109/><W126/><G126/><T4/><D122/><U48/><E104/><V105/><F97/><W43/><G43/><T24/><D100/><U2/><E101/><V56/><F69/><W18/><G18/><T98/><D80/><U115/><E103/><V61/><F83/><W96/><G96/><T1/><D10/><U90/><E90/><V99/><F84/><W71/><G71/><T57/><D57/><U14/><E115/><V9/><F99/><W55/><G55/><T30/><D30/><U118/><E118/><V108/><F108/><W13/><G13/><N who="0" m="5255" /><D24/><N who="1" m="16391" /><E2/><V42/><REACH who="2" step="1"/><F9/><REACH who="2" ten="325,219,323,123" step="2"/><W86/><G86/><T5/><D1/><U33/><E0/><V125/><F125/><W29/><G110/><T15/><D26/><U78/><E82/><V51/><F51/><W21/><G31/><AGARI ba="0,1" hai="23,25,31,42,44,49,56,61,64,73,74,75,105,106" machi="31" ten="40,7700,0" yaku="1,1,52,1,53,1" doraHai="53" doraHaiUra="17" who="2" fromWho="3" sc="325,0,219,0,323,87,123,-77" /><INIT seed="2,1,0,5,5,3" ten="325,219,410,46" oya="2" hai0="68,61,125,43,86,34,124,96,64,38,0,58,82" hai1="88,98,53,29,4,106,126,102,120,19,123,54,105" hai2="135,21,56,46,28,60,50,71,45,17,14,127,113" hai3="52,103,107,2,87,16,13,97,49,134,8,95,75"/><V10/><F113/><W129/><G134/><T108/><D0/><U114/><E114/><V80/><F71/><W62/><G129/><T67/><D34/><U1/><E105/><V12/><F135/><W99/><G75/><T32/><D32/><U74/><E74/><V116/><F116/><W5/><G62/><N who="0" m="40055" /><D96/><U119/><E119/><V63/><F127/><N who="0" m="48714" /><D82/><U89/><E29/><V22/><F80/><W77/><G77/><T115/><D115/><U104/><E104/><V27/><F63/><W128/><G128/><T30/><D30/><U130/><E126/><V81/><F81/><W92/><G87/><T66/><D86/><U110/><E130/><V83/><F83/><W94/><G107/><T20/><D20/><U112/><E112/><V69/><F69/><W23/><REACH who="3" step="1"/><G99/><REACH who="3" ten="325,219,410,36" step="2"/><T93/><D93/><U109/><E98/><V41/><F60/><W59/><AGARI ba="1,1" hai="2,5,8,13,16,23,49,52,59,92,94,95,97,103" machi="59" ten="20,12000,2" yaku="1,1,2,1,0,1,7,1,52,1,54,2,53,0" doraHai="3" doraHaiUra="36" who="3" fromWho="3" sc="325,-31,219,-31,410,-61,36,133" /><INIT seed="3,0,0,0,0,55" ten="294,188,349,169" oya="3" hai0="135,126,72,70,23,27,17,102,65,134,71,45,40" hai1="131,49,86,66,60,7,120,119,47,50,132,52,94" hai2="31,24,20,87,117,25,58,9,129,69,28,63,110" hai3="57,64,80,10,96,92,33,130,127,36,109,122,43"/><W95/><G122/><T89/><D72/><U46/><E120/><V22/><F117/><W123/><G123/><T16/><D126/><U68/><E119/><V73/><F73/><W56/><G127/><T29/><D102/><U75/><E75/><V62/><F129/><W106/><G33/><T41/><D71/><U77/><E131/><V133/><F133/><N who="0" m="50698" /><D70/><U15/><E132/><V121/><F121/><W38/><G130/><T97/><D65/><U115/><E115/><V107/><F107/><W90/><G106/><T32/><D97/><U84/><E77/><V81/><F110/><W54/><G80/><T14/><D89/><U34/><E34/><V82/><F82/><W0/><G109/><T76/><D76/><U113/><E94/><V4/><F69/><W98/><G43/><T42/><D17/><U26/><E113/><V105/><F105/><W67/><G10/><T48/><AGARI ba="0,0" hai="14,16,23,27,29,32,40,41,42,45,48" m="50698" machi="48" ten="30,2000,0" yaku="20,1,54,1" doraHai="55" who="0" fromWho="0" sc="294,20,188,-5,349,-5,169,-10" owari="314,11.0,183,-22.0,344,45.0,159,-34.0" /></mjloggm>