<mjloggm ver="2.3"><GO type="193" lobby="0"/><UN n0="%44%54%33%35%6D%61%78" n1="%7A%79%61%6E%73%69%30%31" n2="%6C%6F%6C%6F%6F" n3="%E3%83%88%E3%83%88%E3%83%AA%E5%85%88%E7%94%9F%31%39%E6%AD%B3" dan="12,12,11,12" rate="1629.29,1699.09,1501.70,1903.80" sx="M,M,M,F"/><TAIKYOKU oya="0"/><INIT seed="0,0,0,5,3,126" ten="250,250,250,250" oya="0" hai0="118,14,55,133,32,16,110,130,107,49,53,46,51" hai1="76,102,11,95,77,36,3,1,122,129,29,87,90" hai2="124,103,94,7,91,19,69,64,40,54,96,60,52" hai3="17,4,112,42,73,75,134,35,12,20,93,109,111"/><T38/><D118/><U78/><E122/><V82/><F124/><W58/><G112/><T131/><D110/><N who="3" m="41993" /><G35/><T24/><D107/><U21/><E36/><V62/><F40/><W66/><G134/><T135/><D32/><U123/><E123/><V0/><F82/><W61/><G42/><N who="0" m="22871" /><D24/><U108/><E108/><V59/><F103/><W18/><G4/><T84/><D84/><U23/><E102/><V115/><F115/><W70/><G93/><T67/><D67/><U45/><E3/><V31/><F31/><W98/><G98/><T105/><D105/><U28/><E1/><V127/><F127/><W83/><G83/><T106/><D106/><U30/><E129/><N who="0" m="49161" /><D14/><U121/><E121/><V26/><F26/><N who="3" m="14607" /><G70/><T47/><D16/><U100/><E100/><V48/><F19/><W92/><G92/><T57/><AGARI ba="0,0" hai="47,49,51,53,55,57,133,135" m="49161,22871" machi="57" ten="30,18000,2" yaku="19,1,34,2,52,3" doraHai="126" who="0" fromWho="0" sc="250,180,250,-60,250,-60,250,-60" /><INIT seed="0,1,0,2,5,131" ten="430,190,190,190" oya="0" hai0="125,116,90,30,114,18,19,4,35,99,3,134,41" hai1="24,53,66,14,129,13,95,96,26,17,81,51,97" hai2="87,40,120,55,39,127,76,11,6,16,52,110,118" hai3="85,105,31,10,65,32,106,48,54,126,2,109,20"/><T43/><D116/><U107/><E129/><V78/><F120/><W56/><G32/><T124/><D114/><U84/><E107/><V28/><F118/><W62/><G109/><T94/><D134/><U23/><E66/><V57/><F127/><N who="0" m="48714" /><D35/><U59/><E97/><V128/><F110/><W46/><G126/><T130/><D30/><U8/><E14/><V44/><F128/><W73/><G73/><T102/><D130/><U34/><E34/><V22/><F55/><W108/><G108/><T135/><D135/><U115/><E115/><V37/><F87/><W47/><G47/><T5/><D3/><U93/><E26/><V133/><F37/><W15/><G2/><T50/><D50/><U103/><E95/><V1/><F133/><W38/><G38/><T21/><D102/><U9/><REACH who="1" step="1"/><E24/><REACH who="1" ten="430,180,190,190" step="2"/><V0/><F0/><W75/><G106/><T80/><D94/><U82/><E82/><V83/><F83/><W49/><G105/><T104/><D80/><U71/><E71/><V79/><F28/><W33/><G33/><T64/><D104/><U123/><E123/><V74/><F74/><W98/><G20/><T72/><D64/><U112/><E112/><V89/><F79/><AGARI ba="1,1" hai="8,9,13,17,23,51,53,59,79,81,84,93,96,103" machi="79" ten="30,7700,0" yaku="1,1,7,1,8,1,53,1" doraHai="131" doraHaiUra="45" who="1" fromWho="2" sc="430,0,180,90,190,-80,190,0" /><INIT seed="1,0,0,4,4,54" ten="430,270,110,190" oya="1" hai0="108,47,81,116,20,95,68,36,58,51,70,53,86" hai1="115,14,6,74,84,49,26,96,28,9,45,72,48" hai2="85,40,92,62,21,50,123,132,65,87,117,32,29" hai3="13,103,135,56,71,98,88,104,109,134,67,78,10"/><U44/><E115/><V111/><F117/><W126/><G71/><T15/><D108/><U118/><E118/><V33/><F123/><W38/><G38/><T16/><D116/><U63/><E96/><V101/><F111/><W19/><G109/><T30/><D95/><U73/><E63/><V129/><F132/><N who="3" m="50731" /><G126/><T121/><D36/><U69/><E69/><V99/><F129/><W89/><G78/><T124/><D124/><U112/><E112/><V7/><F85/><W37/><G37/><T76/><D121/><U107/><E107/><V61/><F61/><AGARI ba="0,0" hai="10,13,19,56,61,67,88,89,98,103,104" m="50731" machi="61" ten="30,3900,0" yaku="20,1,52,1,54,1" doraHai="54" who="3" fromWho="2" sc="430,0,270,0,110,-39,190,39" /><INIT seed="2,0,0,4,5,30" ten="430,270,71,229" oya="2" hai0="35,20,74,130,125,78,41,32,65,104,127,100,122" hai1="112,120,93,51,37,61,81,14,1,28,54,111,44" hai2="124,108,83,110,87,96,102,57,60,134,55,7,113" hai3="72,129,47,26,121,52,33,4,49,88,45,15,17"/><V90/><F113/><W89/><G121/><T79/><D122/><U94/><E112/><V23/><F7/><W34/><G72/><T24/><D41/><U116/><E116/><V53/><F124/><N who="0" m="47690" /><D65/><U0/><E120/><V114/><F114/><W29/><G129/><T107/><D130/><U66/><E111/><N who="2" m="42539" /><F134/><W135/><G135/><T40/><D40/><N who="1" m="22543" /><E28/><V8/><F23/><W27/><G4/><T67/><D67/><U131/><E14/><V132/><F8/><W63/><G47/><T95/><D95/><N who="1" m="36363" /><E81/><V12/><F132/><W10/><G63/><T84/><D84/><U115/><E115/><V22/><F12/><W31/><AGARI ba="0,0" hai="10,15,17,26,27,29,31,33,34,45,49,52,88,89" machi="31" ten="30,12000,2" yaku="0,1,9,1,52,2,54,2" doraHai="30" who="3" fromWho="3" sc="430,-30,270,-30,71,-60,229,120" /><INIT seed="3,0,0,2,1,94" ten="400,240,11,349" oya="3" hai0="112,53,83,17,59,45,99,75,11,100,7,107,122" hai1="6,31,76,131,12,38,92,133,65,114,91,105,22" hai2="89,67,2,33,51,116,9,58,125,81,5,78,8" hai3="68,55,135,84,16,101,95,88,37,10,97,69,30"/><W36/><G135/><T111/><D122/><U19/><E114/><V21/><F116/><W72/><G72/><T50/><D112/><U106/><E131/><V4/><F125/><W28/><G69/><T42/><D17/><U96/><E133/><V121/><F121/><W73/><G73/><T119/><D119/><U87/><E38/><V63/><F33/><W0/><G68/><T32/><D32/><U71/><E106/><V117/><F89/><W61/><G37/><T24/><D24/><U127/><E127/><V56/><F117/><W118/><G36/><T54/><D111/><U129/><E129/><V124/><F21/><W1/><G118/><T64/><D64/><U120/><E120/><V41/><F124/><W80/><G1/><T40/><D75/><U90/><E105/><V108/><F41/><W49/><G61/><T26/><D26/><U43/><E76/><V93/><F108/><W132/><G132/><T77/><D54/><U15/><E43/><V115/><F63/><W102/><G102/><T3/><D59/><U34/><E34/><V20/><F67/><W52/><G55/><T79/><REACH who="0" step="1"/><D83/><REACH who="0" ten="390,240,11,349" step="2"/><U86/><E71/><V44/><F115/><W74/><G74/><T57/><D57/><U82/><E65/><V128/><F128/><W126/><G126/><T70/><D70/><U104/><E104/><V48/><F58/><N who="3" m="33039" /><G0/><T29/><D29/><U60/><E60/><V25/><F81/><W14/><AGARI ba="0,1" hai="10,14,16,28,30,80,84,88,95,97,101" m="33039" machi="14" ten="30,12000,1" yaku="8,1,52,1,54,3" doraHai="94" who="3" fromWho="3" sc="390,-40,240,-40,11,-40,349,130" owari="350,15.0,200,-20.0,-29,-53.0,479,58.0" /></mjloggm>