<mjloggm ver="2.3"><GO type="97" lobby="0"/><UN n0="%E7%82%8E%E3%81%AE%E3%82%B7%E3%83%A5%E3%83%AC%E3%83%B3" n1="%79%6B%73%6D%6D%73%6B%79" n2="%73%6F%75%72%69%72%65" n3="%E3%83%88%E3%83%88%E3%83%AA%E5%85%88%E7%94%9F%31%39%E6%AD%B3" dan="15,14,14,14" rate="2061.61,1901.84,1878.16,2004.94" sx="M,M,M,F"/><TAIKYOKU oya="0"/><INIT seed="0,0,0,4,4,22" ten="250,250,250,250" oya="0" hai0="114,25,72,39,120,117,79,18,132,67,81,31,5" hai1="110,103,52,118,65,43,50,63,105,61,28,97,36" hai2="37,53,127,42,15,106,95,99,86,71,104,0,32" hai3="90,78,57,49,68,98,134,119,102,93,54,94,12"/><T89/><D114/><U30/><E118/><V80/><F0/><W19/><G134/><T45/><D117/><U11/><E110/><V17/><F32/><W126/><G119/><T107/><D120/><U56/><E11/><V24/><F71/><W44/><G68/><T101/><D132/><U92/><E105/><V88/><F24/><W40/><G126/><T135/><D135/><U38/><E63/><V27/><F127/><W8/><G78/><T115/><D115/><U76/><E76/><V77/><F27/><W47/><REACH who="3" step="1"/><G40/><REACH who="3" ten="250,250,250,240" step="2"/><T96/><D79/><U1/><E1/><V58/><F42/><W10/><G10/><T51/><D39/><U3/><E3/><V83/><F37/><W20/><G20/><T23/><D23/><U70/><REACH who="1" step="1"/><E38/><REACH who="1" ten="250,240,250,240" step="2"/><V33/><F104/><W116/><G116/><T131/><D107/><U6/><E6/><V26/><F106/><W129/><G129/><T122/><D131/><U87/><E87/><AGARI ba="0,2" hai="8,12,19,44,47,49,54,57,87,90,93,94,98,102" machi="87" ten="30,7700,0" yaku="1,1,7,1,8,1,53,1" doraHai="22" doraHaiUra="14" who="3" fromWho="1" sc="250,0,240,-77,250,0,240,97" /><INIT seed="1,0,0,1,1,19" ten="250,163,250,337" oya="1" hai0="11,115,100,32,56,106,132,102,36,31,8,14,42" hai1="99,134,27,66,75,45,55,83,119,69,114,25,88" hai2="98,16,123,82,5,60,37,13,70,131,44,59,129" hai3="18,21,91,17,105,51,81,85,128,48,7,22,122"/><U92/><E119/><V112/><F123/><W28/><G122/><T29/><D115/><U104/><E114/><V1/><F112/><W46/><G105/><T135/><D42/><U120/><E120/><V23/><F70/><W121/><G121/><T10/><D36/><U124/><E124/><V33/><F33/><W35/><G128/><N who="2" m="49225" /><F82/><W61/><G7/><T6/><D6/><U107/><E134/><N who="0" m="51241" /><D14/><U41/><E55/><V52/><F98/><W126/><G35/><T49/><D32/><U58/><E69/><V111/><F111/><W2/><G28/><N who="0" m="10827" /><D106/><U39/><E75/><V109/><F109/><W89/><G2/><T64/><D49/><N who="3" m="19017" /><G61/><AGARI ba="0,0" hai="8,10,11,56,61,64,100,102" m="10827,51241" machi="61" ten="40,1300,0" yaku="20,1" doraHai="19" who="0" fromWho="3" sc="250,13,163,0,250,0,337,-13" /><INIT seed="2,0,0,3,4,68" ten="263,163,250,324" oya="2" hai0="70,21,41,45,117,43,135,110,80,10,101,120,96" hai1="114,46,94,19,26,3,40,92,86,7,50,89,83" hai2="107,32,55,63,58,49,47,124,102,133,131,44,39" hai3="16,81,109,71,132,113,123,8,1,11,59,2,52"/><V84/><F32/><W75/><G123/><T37/><D120/><U25/><E114/><V31/><F31/><W98/><G71/><T76/><D70/><U38/><E3/><V56/><F84/><W111/><G113/><T99/><D117/><U125/><E7/><V27/><F27/><W18/><G132/><T93/><D135/><U74/><E125/><V116/><F102/><W97/><G81/><T0/><D21/><U130/><E130/><V134/><F107/><W15/><G75/><N who="0" m="43039" /><D43/><U14/><E74/><V128/><F116/><W48/><G2/><T24/><D24/><U87/><E94/><V104/><F104/><W77/><G77/><T17/><D17/><U69/><E69/><V13/><F13/><N who="3" m="7231" /><G1/><T126/><D99/><N who="3" m="37897" /><G111/><T60/><D60/><U91/><E50/><V34/><F124/><W54/><G109/><T22/><D22/><AGARI ba="0,0" hai="14,19,22,25,26,38,40,46,83,86,87,89,91,92" machi="22" ten="30,2000,0" yaku="7,1,52,1" doraHai="68" who="1" fromWho="0" sc="263,-20,163,20,250,0,324,0" /><INIT seed="3,0,0,3,3,27" ten="243,183,250,324" oya="3" hai0="103,84,4,71,37,67,56,83,118,58,127,18,107" hai1="26,43,65,30,59,42,40,105,78,96,85,1,21" hai2="100,77,125,82,134,135,12,54,130,50,51,86,124" hai3="44,52,49,122,10,62,68,34,102,128,115,101,19"/><W75/><G115/><T33/><D37/><U22/><E1/><V11/><F100/><N who="3" m="38507" /><G68/><T8/><D118/><U45/><E105/><V24/><F24/><W117/><G34/><T97/><D33/><U13/><E96/><V57/><F130/><W29/><G75/><T72/><D72/><U112/><E112/><V39/><F39/><W76/><G122/><T132/><D132/><N who="2" m="50730" /><F51/><W20/><G76/><T131/><D131/><U119/><E119/><V63/><F63/><W36/><G36/><T110/><D110/><U38/><E38/><V5/><AGARI ba="0,0" hai="5,11,12,50,54,57,77,82,86,124,125" m="50730" machi="5" ten="30,1100,0" yaku="20,1" doraHai="27" who="2" fromWho="2" sc="243,-3,183,-3,250,11,324,-5" owari="240,-16.0,180,-32.0,261,6.0,319,42.0" /></mjloggm>