<mjloggm ver="2.3"><GO type="169" lobby="0"/><UN n0="%61%6C%75%63%61%72%64" n1="%E3%82%A6%E3%83%AB%E3%83%88%E3%83%A9%E7%AB%8B%E7%9B%B4" n2="%E3%82%AA%E3%82%AB%E3%83%AB%E3%83%88%E4%B8%80%E8%89%B2" n3="%E3%82%AE%E3%82%AC%E3%83%9E%E3%82%A4%E3%83%B3" dan="17,17,16,16" rate="2150.11,2147.09,2054.64,2155.70" sx="M,M,M,M"/><TAIKYOKU oya="0"/><INIT seed="0,0,0,0,3,106" ten="250,250,250,250" oya="0" hai0="127,44,0,17,32,96,105,39,93,20,12,27,116" hai1="11,64,41,120,90,119,38,16,19,128,76,8,130" hai2="24,3,40,15,66,34,43,67,25,117,81,133,29" hai3="69,125,108,102,80,134,23,107,126,1,110,13,109"/><T7/><D116/><U113/><E120/><V30/><F3/><W47/><G1/><T85/><D105/><U48/><E119/><V18/><F117/><W95/><G69/><T114/><D114/><U55/><E113/><V6/><F6/><W26/><G107/><T21/><D85/><U51/><E64/><V87/><F133/><W9/><G134/><T99/><D127/><U63/><E90/><V42/><F15/><W36/><G80/><T123/><D123/><U91/><E91/><V35/><REACH who="2" step="1"/><F18/><REACH who="2" ten="250,250,240,250" step="2"/><W57/><G125/><T45/><D0/><U84/><E16/><V71/><F71/><W97/><G126/><T59/><D7/><U98/><E19/><V122/><F122/><W4/><G108/><T88/><D17/><U115/><E8/><V49/><F49/><W37/><G37/><T5/><D39/><U28/><E11/><V68/><F68/><W60/><G36/><T83/><D5/><U72/><E51/><V65/><F65/><W82/><G110/><T52/><D12/><U135/><E48/><V132/><F132/><W111/><G109/><T103/><D27/><U62/><E38/><V78/><AGARI ba="0,1" hai="24,25,29,30,34,35,40,42,43,66,67,78,81,87" machi="78" ten="30,4000,0" yaku="1,1,0,1,9,1,53,0" doraHai="106" doraHaiUra="121" who="2" fromWho="2" sc="250,-20,250,-10,240,50,250,-10" /><INIT seed="1,0,0,2,1,24" ten="230,240,290,240" oya="1" hai0="110,17,107,50,94,47,82,108,133,115,58,88,123" hai1="2,33,11,85,45,81,70,102,114,69,9,8,97" hai2="90,109,13,7,12,98,78,32,36,122,130,127,30" hai3="116,129,51,89,44,25,113,92,55,74,135,29,19"/><U112/><E2/><V10/><F36/><W95/><G74/><T64/><D107/><U0/><E0/><V96/><F122/><W34/><G113/><T75/><D115/><U39/><E33/><V65/><F78/><W42/><G135/><T43/><D133/><U79/><E114/><V132/><F132/><W93/><G129/><T111/><D123/><U52/><E112/><V106/><F130/><W63/><G116/><T62/><D17/><U66/><E66/><V60/><F109/><W3/><G3/><T41/><D75/><U54/><E39/><V59/><F127/><W104/><G104/><T80/><REACH who="0" step="1"/><D41/><REACH who="0" ten="220,240,290,240" step="2"/><U73/><E73/><V27/><F106/><W40/><G40/><T14/><D14/><U121/><E121/><V125/><F125/><W48/><G19/><T1/><D1/><U53/><REACH who="1" step="1"/><E45/><REACH who="1" ten="220,230,290,240" step="2"/><V86/><REACH who="2" step="1"/><F13/><REACH who="2" ten="220,230,280,240" step="2"/><W57/><REACH who="3" step="1"/><G63/><REACH who="3" ten="220,230,280,230" step="2"/><RYUUKYOKU type="reach4" ba="0,4" sc="220,0,230,0,280,0,230,0" hai0="43,47,50,58,62,64,80,82,88,94,108,110,111" hai1="8,9,11,52,53,54,69,70,79,81,85,97,102" hai2="7,10,12,27,30,32,59,60,65,86,90,96,98" hai3="25,29,34,42,44,48,51,55,57,89,92,93,95" /><INIT seed="1,1,4,0,1,22" ten="220,230,280,230" oya="1" hai0="63,24,91,95,57,120,105,106,112,42,60,87,97" hai1="13,29,12,46,76,113,54,128,89,114,31,3,35" hai2="104,83,39,116,127,132,36,4,55,107,58,45,71" hai3="90,93,56,64,48,32,118,15,40,28,8,69,110"/><U81/><E3/><V50/><F116/><W33/><G110/><T19/><D112/><U109/><E109/><V96/><F71/><W30/><G118/><T17/><D120/><U130/><E89/><V43/><F127/><W135/><G69/><T5/><D5/><U80/><E54/><V133/><F4/><N who="3" m="3463" /><G135/><N who="2" m="51785" /><F96/><N who="3" m="57399" /><G33/><T23/><D42/><U21/><E46/><N who="2" m="25951" /><F83/><W129/><G32/><T70/><D70/><U34/><REACH who="1" step="1"/><E21/><REACH who="1" ten="220,220,280,230" step="2"/><V66/><F55/><W124/><G124/><T78/><D23/><U41/><E41/><V86/><F45/><N who="3" m="25639" /><G129/><T9/><D91/><U115/><E115/><V77/><F66/><W1/><G1/><T53/><D53/><U47/><E47/><V59/><F39/><W119/><G119/><T134/><D134/><U7/><E7/><V121/><F36/><W27/><G27/><T10/><D24/><U14/><E14/><V99/><F121/><W75/><G75/><T108/><D108/><U52/><E52/><V16/><F86/><W103/><G103/><T98/><D87/><U26/><E26/><V122/><F122/><W62/><AGARI ba="1,5" hai="28,30,56,62,64" m="25639,57399,3463" machi="62" ten="30,1100,0" yaku="8,1" doraHai="22" who="3" fromWho="3" sc="220,-4,220,-6,280,-4,230,64" /><INIT seed="2,0,0,3,5,81" ten="216,214,276,294" oya="2" hai0="63,110,117,71,121,2,0,44,46,1,133,95,118" hai1="75,68,94,5,99,69,131,23,114,61,92,6,132" hai2="112,74,77,21,43,3,53,4,135,42,128,109,134" hai3="126,89,98,66,82,13,130,76,24,96,37,107,15"/><V32/><F112/><W18/><G37/><T87/><D121/><U62/><E75/><V113/><F113/><W124/><G130/><T104/><D104/><U48/><E114/><V47/><F32/><W20/><G66/><N who="0" m="41439" /><D110/><U108/><E108/><V59/><F109/><W16/><G24/><T97/><D133/><N who="2" m="50698" /><F128/><W123/><G123/><T19/><D19/><U72/><E72/><V70/><F70/><W83/><G89/><N who="0" m="53695" /><D97/><U80/><E99/><V55/><F21/><N who="3" m="11407" /><G107/><T90/><D90/><U11/><E23/><V105/><F105/><W40/><G40/><N who="2" m="15401" /><F47/><W78/><G98/><T101/><D101/><U33/><E132/><V54/><F59/><W10/><G96/><T31/><D31/><U7/><E33/><V27/><F27/><W102/><G102/><T17/><D17/><U67/><E131/><V28/><F28/><W35/><G35/><T125/><D125/><N who="3" m="48233" /><G20/><T65/><D65/><U45/><E67/><V58/><F58/><W8/><G8/><T29/><D29/><U111/><E11/><N who="2" m="2463" /><F77/><AGARI ba="0,0" hai="10,15,18,76,77,78,82,83" m="48233,11407" machi="77" ten="30,2000,0" yaku="18,1,54,1" doraHai="81" who="3" fromWho="2" sc="216,0,214,0,276,-20,294,20" /><INIT seed="3,0,0,4,3,10" ten="216,214,256,314" oya="3" hai0="73,28,3,118,78,120,21,36,17,110,8,12,26" hai1="101,47,14,81,60,53,122,135,70,112,34,106,33" hai2="80,37,35,25,51,31,76,58,104,79,50,134,111" hai3="24,87,75,62,23,94,4,85,0,69,102,59,96"/><W41/><G75/><T15/><D36/><U2/><E122/><V16/><F37/><W46/><G69/><T52/><D120/><U108/><E2/><V29/><F111/><W132/><G132/><T38/><D38/><U127/><E112/><V84/><F134/><W54/><G4/><N who="0" m="1055" /><D118/><U63/><E135/><V66/><F104/><W7/><G7/><T109/><D73/><U121/><E121/><V93/><F31/><W6/><G6/><T30/><D78/><U74/><E70/><V107/><F107/><W89/><G0/><T92/><D92/><U97/><E108/><N who="0" m="41577" /><D52/><U82/><E74/><V88/><F79/><W91/><G91/><T124/><D124/><U11/><E127/><V43/><F43/><W40/><G46/><T98/><D98/><U57/><E47/><V22/><F66/><W100/><G87/><T67/><D67/><U64/><E64/><V117/><F58/><W5/><G5/><T72/><D72/><U20/><E63/><V45/><F45/><W39/><G39/><T68/><D68/><U18/><REACH who="1" step="1"/><E20/><REACH who="1" ten="216,204,256,314" step="2"/><N who="2" m="15527" /><F117/><W86/><G41/><T114/><D114/><U103/><E103/><N who="3" m="39466" /><G40/><T32/><D30/><AGARI ba="0,1" hai="23,24,30,54,59,62,85,86,89,94,96" m="39466" machi="30" ten="30,1500,0" yaku="8,1" doraHai="10" who="3" fromWho="0" sc="216,-15,204,0,256,0,314,25" /><INIT seed="3,1,0,1,3,73" ten="201,204,256,339" oya="3" hai0="109,1,59,3,128,4,48,58,11,113,99,123,121" hai1="92,90,33,40,84,100,25,39,133,20,10,62,17" hai2="88,91,54,44,5,50,52,68,72,118,129,125,77" hai3="30,46,122,13,135,2,14,75,111,23,74,130,61"/><W132/><G2/><T18/><D109/><U43/><E133/><N who="3" m="51274" /><G122/><T71/><D71/><U12/><E39/><V7/><F118/><W67/><G130/><T55/><D128/><U53/><E33/><V107/><F129/><W97/><G111/><T28/><D113/><U24/><E100/><V64/><F107/><W38/><G97/><T114/><D114/><U6/><E25/><V98/><F125/><W126/><G126/><T87/><D28/><U124/><E124/><V102/><F68/><N who="3" m="42095" /><G30/><T131/><D131/><U103/><E103/><V115/><F115/><W89/><G89/><T82/><D1/><U16/><E6/><V37/><F64/><W105/><G105/><T79/><D18/><U31/><E31/><V26/><F7/><W42/><G23/><T70/><D70/><U51/><REACH who="1" step="1"/><E62/><REACH who="1" ten="201,194,256,339" step="2"/><V93/><F5/><W85/><G38/><T110/><D110/><U29/><E29/><V76/><F37/><W56/><G14/><T45/><D121/><U86/><E86/><V96/><F102/><W35/><G35/><T47/><D123/><U112/><E112/><V80/><F72/><W32/><G32/><T63/><REACH who="0" step="1"/><D99/><REACH who="0" ten="191,194,256,339" step="2"/><U119/><E119/><V104/><F98/><W94/><G13/><T21/><D21/><U78/><E78/><V69/><F77/><W127/><G127/><T36/><D36/><U120/><E120/><V49/><F76/><W57/><G75/><T101/><D101/><U9/><E9/><V66/><F96/><W19/><G74/><T0/><D0/><U83/><E83/><V134/><F134/><W27/><G19/><RYUUKYOKU ba="1,2" sc="191,15,194,15,256,-15,339,-15" hai0="3,4,11,45,47,48,55,58,59,63,79,82,87" hai1="10,12,16,17,20,24,40,43,51,53,84,90,92" /><INIT seed="4,2,2,3,4,84" ten="206,209,241,324" oya="0" hai0="107,121,16,23,59,1,40,75,130,37,19,20,117" hai1="9,2,56,82,24,134,38,109,25,73,128,35,81" hai2="39,67,70,53,10,116,28,22,76,131,63,104,15" hai3="96,52,115,123,5,71,132,95,26,65,101,45,60"/><T32/><D32/><U13/><E109/><V43/><F104/><W54/><G115/><T74/><D1/><U85/><E38/><V86/><F131/><W47/><G132/><T4/><D121/><U42/><E2/><V98/><F116/><W21/><G123/><T92/><D107/><U3/><E3/><V112/><F112/><W118/><G118/><T66/><D117/><U11/><E73/><V133/><F133/><W51/><G5/><T87/><D4/><N who="1" m="3239" /><E35/><V80/><F98/><W49/><G21/><T7/><D7/><U91/><E128/><V61/><F39/><W17/><G17/><T41/><D130/><U94/><E134/><V108/><F43/><N who="0" m="16458" /><D74/><U119/><E119/><V55/><F108/><W46/><REACH who="3" step="1"/><G26/><REACH who="3" ten="206,209,241,314" step="2"/><N who="0" m="14599" /><D37/><U103/><E25/><V122/><F122/><W110/><G110/><T105/><D23/><U124/><E24/><V6/><F22/><W106/><G106/><T69/><D105/><U64/><E11/><V129/><F10/><W14/><G14/><T97/><D19/><U8/><E8/><V99/><F15/><W114/><G114/><T36/><D36/><U88/><E124/><V83/><F6/><W127/><G127/><T68/><D68/><U125/><E125/><V34/><F70/><W72/><G72/><T102/><D75/><U29/><E29/><V78/><F28/><W111/><G111/><T58/><D69/><U50/><E42/><V44/><F129/><W0/><G0/><T93/><D66/><U90/><E64/><V113/><F67/><W77/><G77/><N who="2" m="29801" /><F113/><W120/><G120/><T12/><D12/><RYUUKYOKU ba="2,3" sc="206,15,209,-15,241,-15,314,15" hai0="58,59,87,92,93,97,102" hai3="45,46,47,49,51,52,54,60,65,71,95,96,101" /><INIT seed="4,3,3,1,2,129" ten="221,194,226,329" oya="0" hai0="63,34,121,57,115,8,62,67,86,93,23,101,103" hai1="119,25,88,59,85,126,97,50,110,116,48,0,60" hai2="87,107,10,109,40,69,70,7,92,122,26,39,43" hai3="134,46,132,95,24,56,6,12,41,49,102,29,33"/><T78/><D34/><U79/><E0/><V38/><F109/><W123/><G123/><T17/><D121/><U90/><E110/><V21/><F122/><W28/><G28/><T1/><D115/><U30/><E126/><V5/><F107/><W125/><G125/><T13/><D1/><U114/><E114/><V81/><F92/><W35/><G35/><T32/><D32/><U84/><E79/><V128/><F128/><W19/><G6/><N who="0" m="3223" /><D62/><U72/><E72/><V61/><F61/><W91/><G56/><T55/><D67/><N who="1" m="39327" /><E119/><V76/><F38/><W45/><G45/><T113/><D113/><U16/><E30/><V44/><F40/><W71/><G102/><T74/><D74/><U118/><E116/><V66/><F66/><W68/><G68/><T47/><D47/><U52/><E118/><V2/><REACH who="2" step="1"/><F7/><REACH who="2" ten="221,194,216,329" step="2"/><W18/><G71/><T96/><D93/><N who="1" m="54415" /><E97/><V131/><F131/><W22/><REACH who="3" step="1"/><G19/><AGARI ba="3,4" hai="2,5,10,19,21,26,39,43,44,69,70,76,81,87" machi="19" ten="30,2000,0" yaku="1,1,7,1,53,0" doraHai="129" doraHaiUra="124" who="2" fromWho="3" sc="221,0,194,0,216,69,329,-29" /><INIT seed="5,0,0,5,3,131" ten="221,194,285,300" oya="1" hai0="93,115,99,40,81,50,122,19,37,102,84,32,107" hai1="61,34,17,20,92,16,23,46,91,89,124,2,73" hai2="65,104,125,98,51,3,21,88,59,108,75,87,94" hai3="12,133,126,67,1,106,110,10,123,129,117,8,120"/><U69/><E34/><V76/><F108/><W128/><G67/><T29/><D37/><U109/><E73/><V38/><F38/><W111/><G106/><T71/><D71/><U70/><E2/><V90/><F125/><W97/><G97/><T82/><D115/><U41/><E109/><N who="3" m="41482" /><G126/><T79/><D122/><N who="3" m="46633" /><G117/><T77/><D40/><U74/><E74/><V80/><F3/><W114/><G114/><T39/><D39/><U121/><E121/><V24/><F104/><W134/><G1/><T101/><D50/><N who="1" m="26959" /><E124/><V6/><F75/><W58/><G58/><T0/><D0/><U4/><E70/><V60/><F51/><W113/><G113/><T127/><D127/><U135/><E69/><V42/><F42/><W13/><G13/><T100/><D107/><U52/><E4/><V48/><F6/><N who="3" m="3095" /><G10/><T86/><D101/><U30/><E52/><N who="2" m="32135" /><F65/><W63/><G63/><T14/><D102/><U44/><E61/><V18/><F60/><W62/><G62/><T22/><D100/><AGARI ba="0,0" hai="18,21,24,76,80,87,88,90,94,98,100" m="32135" machi="100" ten="30,3900,0" yaku="8,1,54,2" doraHai="131" who="2" fromWho="0" sc="221,-39,194,0,285,39,300,0" /><INIT seed="6,0,0,0,2,132" ten="182,194,324,300" oya="2" hai0="14,55,32,41,116,103,47,93,80,69,56,118,110" hai1="45,115,39,13,87,70,58,74,64,73,21,6,105" hai2="49,91,9,63,81,16,29,84,54,27,19,50,23" hai3="0,8,92,130,108,67,62,15,94,26,35,43,71"/><V114/><F114/><W61/><G0/><T17/><D69/><U48/><E105/><V77/><F77/><W135/><G108/><T52/><D32/><U75/><E115/><V99/><F99/><W88/><G135/><T3/><D3/><U131/><E131/><V124/><F124/><W101/><G130/><T85/><D110/><U20/><E87/><V46/><F63/><W95/><G101/><T112/><D112/><U107/><E107/><V76/><F76/><W126/><G126/><T11/><D93/><U57/><E6/><V5/><REACH who="2" step="1"/><F50/><REACH who="2" ten="182,194,314,300" step="2"/><W134/><G62/><T133/><D133/><U102/><E48/><V33/><F33/><W104/><G134/><T12/><D116/><U123/><E74/><V22/><F22/><W122/><G35/><T89/><D118/><U111/><E21/><V51/><F51/><W36/><G61/><T65/><D103/><U53/><E20/><V38/><F38/><W42/><G36/><T97/><D97/><U121/><E39/><V66/><F66/><W10/><G67/><T37/><D65/><U72/><E102/><V79/><F79/><W28/><G122/><T90/><D90/><U78/><E111/><V34/><F34/><W68/><G88/><T96/><D96/><U2/><E78/><V129/><F129/><W127/><G127/><T60/><D37/><U117/><E123/><V109/><F109/><W30/><G10/><T82/><D60/><N who="1" m="40199" /><E121/><V113/><F113/><W98/><G8/><T4/><D89/><U128/><E128/><V119/><F119/><W125/><G98/><T18/><D11/><RYUUKYOKU ba="0,1" sc="182,-10,194,-10,314,30,300,-10" hai2="5,9,16,19,23,27,29,46,49,54,81,84,91" /><INIT seed="6,1,1,5,2,81" ten="172,184,344,290" oya="2" hai0="83,62,53,79,91,50,59,85,24,90,0,8,80" hai1="133,30,6,63,15,29,58,128,33,11,93,7,38" hai2="18,67,61,84,21,76,3,73,48,27,74,51,45" hai3="109,4,99,9,88,125,25,69,47,46,32,124,78"/><V129/><F3/><W35/><G69/><T82/><D24/><U52/><E38/><V118/><F129/><W65/><G65/><N who="0" m="39135" /><D0/><U104/><E104/><V13/><F118/><W44/><G109/><T119/><D119/><U54/><E128/><V43/><F51/><W37/><G37/><T127/><D127/><N who="3" m="48713" /><G78/><T97/><D8/><U89/><E133/><V111/><F111/><W120/><G120/><T19/><D19/><N who="1" m="8703" /><E54/><V94/><F27/><W14/><G25/><T101/><D101/><U66/><E66/><V23/><F23/><W95/><AGARI ba="1,1" hai="4,9,14,32,35,44,46,47,88,95,99" m="48713" machi="95" ten="40,2700,0" yaku="18,1,54,1" doraHai="81" who="3" fromWho="3" sc="172,-8,184,-8,344,-14,290,40" /><INIT seed="7,0,0,2,2,79" ten="164,176,330,330" oya="3" hai0="31,105,26,125,44,37,51,89,19,67,74,133,83" hai1="58,42,14,90,86,62,78,122,6,128,60,66,34" hai2="16,123,134,120,0,80,87,119,91,10,27,5,30" hai3="96,33,130,117,110,59,108,64,45,72,106,8,127"/><W135/><G72/><T77/><D105/><U32/><E122/><N who="2" m="46635" /><F134/><W41/><G33/><T102/><D133/><U24/><E78/><V4/><F119/><W121/><G135/><T118/><D102/><U3/><E3/><V114/><F114/><W21/><G121/><T48/><D118/><U97/><E97/><V92/><F16/><W54/><G117/><T57/><D125/><U75/><E75/><V88/><F5/><W94/><G106/><T115/><D115/><U38/><E128/><V104/><F104/><W101/><G64/><T63/><D19/><U85/><E85/><V29/><F27/><W70/><G70/><T20/><REACH who="0" step="1"/><D89/><REACH who="0" ten="154,176,330,330" step="2"/><U111/><E111/><N who="3" m="42538" /><G127/><T25/><D25/><U9/><E24/><V13/><F0/><W103/><G130/><T12/><D12/><U7/><E7/><V1/><F1/><W98/><G8/><T39/><D39/><U61/><E34/><V50/><F50/><N who="3" m="31191" /><G21/><T76/><D76/><U126/><E32/><V132/><F132/><W113/><G113/><T99/><D99/><AGARI ba="0,1" hai="4,10,13,29,30,80,87,88,91,92,99" m="46635" machi="99" ten="30,3900,0" yaku="13,1,52,1,54,1" doraHai="79" who="2" fromWho="0" sc="154,-39,176,0,330,49,330,0" owari="115,-38.0,176,-22.0,379,47.0,330,13.0" /></mjloggm>