<mjloggm ver="2.3"><GO type="97" lobby="0"/><UN n0="%61%77%75%6E%62" n1="%E3%81%8B%E3%81%96%E3%81%B0%E3%81%AA" n2="%E5%9B%A3%E9%95%B7%EF%BC%A0%E5%B7%9D%E6%9D%91%E8%BB%8D%E5%9B%A3" n3="%E5%B0%B1%E6%B4%BB%E7%94%9F%40%E5%B7%9D%E6%9D%91%E8%BB%8D%E5%9B%A3" dan="13,14,13,15" rate="1970.14,1925.11,1861.29,2002.52" sx="M,M,M,M"/><TAIKYOKU oya="0"/><INIT seed="0,0,0,4,1,51" ten="250,250,250,250" oya="0" hai0="62,121,128,26,91,78,61,65,41,89,113,98,115" hai1="129,4,18,86,133,25,111,71,110,5,109,80,126" hai2="117,28,48,10,57,44,119,88,73,107,3,130,132" hai3="92,106,29,6,90,74,122,101,53,94,64,58,68"/><T79/><D121/><U125/><E71/><V131/><F132/><W55/><G74/><T69/><D41/><U66/><E66/><V81/><F107/><W82/><G106/><T33/><D33/><U96/><E96/><V23/><F57/><W77/><G68/><T2/><D2/><U72/><E72/><V35/><F23/><W16/><G122/><T8/><D8/><U27/><E133/><V114/><F114/><W1/><G29/><T104/><D104/><U9/><E129/><N who="2" m="49163" /><F28/><W118/><G118/><N who="2" m="45065" /><F35/><W67/><G6/><N who="1" m="2666" /><E86/><N who="2" m="50255" /><F73/><W39/><G58/><T46/><D98/><U15/><E80/><V19/><F3/><W37/><G1/><T43/><D43/><U11/><E11/><V95/><F95/><W83/><G90/><T108/><D108/><U56/><E56/><V40/><F10/><W0/><G0/><T12/><D12/><U13/><E13/><V7/><F7/><W47/><G47/><T34/><D46/><U99/><E99/><V20/><F20/><W52/><G77/><T127/><D34/><U102/><E102/><V116/><N who="2" m="45073" /><V112/><DORA hai="76" /><F112/><W49/><G101/><T103/><D26/><AGARI ba="0,0" hai="9,15,18,25,26,27,109,110,111,125,126" m="2666" machi="26" ten="40,5200,0" yaku="14,1,34,2" doraHai="51,76" who="1" fromWho="0" sc="250,-52,250,52,250,0,250,0" /><INIT seed="1,0,0,0,4,92" ten="198,302,250,250" oya="1" hai0="15,6,21,25,125,94,67,2,17,18,87,135,1" hai1="27,47,28,36,79,19,102,55,4,39,20,68,96" hai2="74,112,13,72,131,91,34,32,56,128,69,8,97" hai3="124,54,22,37,127,86,49,110,109,63,75,120,108"/><U24/><E68/><V45/><F69/><W113/><G75/><N who="2" m="28713" /><F112/><W103/><G113/><T123/><D135/><U78/><E4/><N who="2" m="3207" /><F45/><N who="3" m="27951" /><G103/><T11/><D125/><N who="3" m="48201" /><G86/><T90/><D123/><U95/><E55/><V3/><F3/><W85/><G85/><T5/><D67/><U126/><E126/><V43/><F43/><W118/><G22/><T14/><D6/><U71/><E71/><V82/><F56/><W42/><G120/><T105/><REACH who="0" step="1"/><D105/><REACH who="0" ten="188,302,250,250" step="2"/><U93/><E36/><V104/><F104/><W26/><G118/><T98/><D98/><U44/><E39/><V58/><F97/><W33/><G37/><T38/><D38/><U88/><E47/><V117/><F117/><W129/><G129/><T116/><D116/><U35/><REACH who="1" step="1"/><E44/><REACH who="1" ten="188,292,250,250" step="2"/><V89/><F131/><W59/><G110/><T133/><D133/><U60/><E60/><V115/><F128/><W101/><G63/><T114/><D114/><U23/><E23/><AGARI ba="0,2" hai="1,2,5,11,14,15,17,18,21,23,25,87,90,94" machi="23" ten="30,2000,0" yaku="1,1,7,1,53,0" doraHai="92" doraHaiUra="65" who="0" fromWho="1" sc="188,40,292,-20,250,0,250,0" /><INIT seed="2,0,0,3,5,87" ten="228,272,250,250" oya="2" hai0="8,133,125,123,38,20,0,28,36,88,49,71,66" hai1="129,99,11,79,89,62,119,5,128,122,7,100,115" hai2="110,68,118,27,29,86,117,108,58,37,55,24,90" hai3="85,70,43,61,44,21,95,19,80,72,74,45,33"/><V51/><F37/><W46/><G33/><T120/><D125/><U78/><E119/><N who="2" m="45579" /><F68/><W93/><G72/><T22/><D133/><U83/><E115/><V48/><F51/><W53/><G74/><T17/><D123/><U60/><E122/><V114/><F114/><W97/><G43/><T124/><D124/><U105/><E5/><V63/><F48/><W98/><G70/><T81/><D120/><U101/><E101/><V132/><F132/><W109/><G109/><N who="2" m="42089" /><F29/><W103/><G53/><T135/><D135/><U15/><E79/><V121/><F121/><W59/><G59/><T127/><D127/><U9/><E9/><V32/><F32/><W112/><G61/><T92/><D0/><U77/><E77/><V23/><F23/><W34/><G34/><T96/><D81/><AGARI ba="0,0" hai="24,27,55,58,63,81,86,90" m="42089,45579" machi="81" ten="30,5800,0" yaku="14,1,10,1,52,1" doraHai="87" who="2" fromWho="0" sc="228,-58,272,0,250,58,250,0" /><INIT seed="2,1,0,2,0,94" ten="170,272,308,250" oya="2" hai0="96,43,53,119,21,23,47,82,60,77,130,30,97" hai1="20,70,75,59,42,132,45,118,124,52,112,104,16" hai2="81,18,90,54,101,131,134,129,35,40,17,64,57" hai3="74,102,51,4,6,36,11,62,91,49,13,80,26"/><V41/><F35/><W50/><G36/><T33/><D130/><N who="2" m="49674" /><F64/><W125/><G125/><T99/><D33/><U37/><E104/><V79/><F90/><W39/><G39/><T55/><D119/><U58/><E75/><N who="2" m="43263" /><F101/><W114/><G114/><T31/><D31/><U38/><E112/><V76/><F76/><W84/><G74/><T32/><D32/><U69/><E118/><V27/><F134/><W61/><G6/><T9/><D9/><U7/><E7/><V63/><F18/><W98/><REACH who="3" step="1"/><G26/><REACH who="3" ten="170,272,308,240" step="2"/><N who="0" m="16719" /><D23/><AGARI ba="1,1" hai="17,23,27,40,41,54,57,63" m="43263,49674" machi="23" ten="30,1500,0" yaku="19,1" doraHai="94" who="2" fromWho="0" sc="170,-18,272,0,308,28,240,0" /><INIT seed="2,2,0,3,2,10" ten="152,272,336,240" oya="2" hai0="108,125,14,117,34,77,30,86,12,58,127,83,95" hai1="24,118,105,37,26,54,106,3,129,122,68,67,123" hai2="43,98,15,17,103,134,41,28,90,1,120,124,59" hai3="31,52,20,100,0,89,72,126,75,21,40,33,128"/><V91/><F120/><N who="1" m="46121" /><E118/><V9/><F1/><W92/><G0/><T119/><D108/><U74/><E74/><V104/><F124/><N who="0" m="47690" /><D95/><U29/><E3/><V130/><F134/><W11/><G100/><T132/><D132/><U131/><E37/><V46/><F130/><N who="1" m="49673" /><E54/><V71/><F71/><W25/><G40/><T60/><D30/><U49/><E49/><V45/><F28/><W35/><G126/><T109/><D34/><N who="1" m="20775" /><E26/><V133/><F133/><W114/><G128/><T47/><D47/><U80/><E80/><V97/><F59/><W135/><G75/><T99/><D99/><U18/><E18/><V88/><F46/><W5/><G72/><T8/><D109/><U4/><E4/><V42/><REACH who="2" step="1"/><F45/><REACH who="2" ten="152,272,326,240" step="2"/><W69/><G69/><T87/><D8/><U84/><E84/><V51/><F51/><W56/><G135/><T57/><D87/><U65/><E68/><V110/><F110/><W36/><G31/><T22/><D58/><U79/><E79/><V63/><F63/><W96/><G56/><T48/><D22/><U78/><E78/><V76/><F76/><W23/><G21/><T19/><D48/><U2/><E2/><V13/><F13/><N who="0" m="5226" /><D19/><U116/><E116/><V53/><F53/><AGARI ba="2,1" hai="53,57,60,77,83,86,117,119" m="5226,47690" machi="53" ten="30,7700,0" yaku="18,1,52,3" doraHai="10" who="0" fromWho="2" sc="152,93,272,0,326,-83,240,0" /><INIT seed="3,0,0,1,5,22" ten="245,272,243,240" oya="3" hai0="39,38,5,1,76,97,125,111,45,130,0,49,104" hai1="94,69,43,19,3,36,75,132,127,83,89,56,2" hai2="40,98,78,4,103,48,18,124,59,58,72,129,126" hai3="79,32,108,52,123,12,121,71,134,41,95,135,13"/><W63/><G32/><T74/><D111/><U30/><E69/><V37/><F129/><W131/><G131/><T122/><D122/><N who="3" m="46601" /><G79/><T99/><D130/><U112/><E30/><V14/><F4/><W47/><G95/><T133/><D133/><N who="3" m="50697" /><G108/><T15/><D125/><N who="2" m="48234" /><F37/><N who="3" m="21935" /><G71/><T44/><D15/><U119/><E19/><V128/><F128/><W50/><G63/><T87/><D87/><U120/><E36/><V16/><F78/><W64/><G64/><T53/><D45/><AGARI ba="0,0" hai="12,13,45,50,52" m="21935,50697,46601" machi="45" ten="30,2900,0" yaku="20,1,54,1" doraHai="22" who="3" fromWho="0" sc="245,-29,272,0,243,0,240,29" /><INIT seed="3,1,0,5,3,62" ten="216,272,243,269" oya="3" hai0="44,49,77,88,109,63,37,68,6,132,39,129,111" hai1="51,45,102,31,0,8,24,5,70,122,82,79,74" hai2="42,94,78,83,12,50,34,134,65,3,127,40,9" hai3="91,32,113,54,81,28,13,18,69,36,133,30,126"/><W103/><G113/><T22/><D129/><U17/><E122/><V76/><F34/><W98/><G36/><N who="0" m="13899" /><D132/><U35/><E102/><V99/><F3/><W14/><G126/><T100/><D77/><N who="2" m="29802" /><F127/><W33/><G69/><T64/><D100/><U80/><E80/><V112/><F112/><W108/><G108/><N who="0" m="41547" /><D6/><U119/><E119/><V41/><F83/><W101/><G133/><T125/><D22/><U72/><E70/><V20/><F134/><W118/><G118/><T4/><D125/><U71/><E71/><V38/><F38/><W107/><G101/><T19/><D4/><U46/><E72/><V95/><F20/><W120/><G120/><T93/><D19/><U75/><E75/><V52/><F65/><W16/><G33/><T117/><D93/><N who="2" m="35338" /><F99/><W97/><G32/><T67/><D88/><U2/><E2/><V130/><F130/><W29/><G107/><T124/><D124/><U7/><E7/><N who="2" m="3135" /><F40/><W55/><G103/><T66/><D117/><U59/><REACH who="1" step="1"/><E17/><REACH who="1" ten="216,262,243,269" step="2"/><N who="3" m="6762" /><G81/><T1/><D1/><U110/><E110/><V128/><F128/><W61/><G91/><T25/><D25/><U104/><E104/><V105/><F105/><W27/><G98/><T84/><D84/><U58/><E58/><AGARI ba="1,1" hai="41,42,50,52,58" m="3135,35338,29802" machi="58" ten="30,2000,0" yaku="8,1,54,1" doraHai="62" who="2" fromWho="1" sc="216,0,262,-23,243,33,269,0" /><INIT seed="4,0,0,4,2,35" ten="216,239,276,269" oya="0" hai0="52,99,70,37,118,126,110,67,97,135,8,79,17" hai1="101,19,43,94,12,131,81,34,82,18,78,33,85" hai2="58,86,134,21,103,113,20,119,73,14,54,121,109" hai3="88,3,65,24,102,56,105,40,29,48,124,71,106"/><T36/><D118/><U6/><E131/><V127/><F73/><W25/><G124/><T64/><D126/><U47/><E6/><V133/><F127/><W31/><G3/><T53/><D135/><N who="2" m="51722" /><F109/><W72/><G72/><T45/><D79/><U98/><E81/><V96/><F121/><W11/><G71/><T84/><D84/><U1/><E1/><V116/><F113/><W55/><G105/><T2/><D17/><U95/><E95/><N who="2" m="58783" /><F86/><W30/><G106/><T125/><D125/><U0/><E0/><V108/><F108/><W10/><G102/><T74/><D2/><U66/><E66/><V46/><F46/><W13/><G40/><T61/><D74/><U80/><E80/><V128/><F128/><W60/><G88/><T132/><D8/><U112/><E112/><V41/><F41/><W130/><G130/><T44/><D110/><U57/><E57/><V27/><F14/><W100/><G100/><T87/><D87/><U42/><E42/><V92/><F92/><W111/><G111/><T23/><D132/><U120/><E120/><V93/><F93/><W5/><G11/><T26/><D26/><N who="3" m="10345" /><G48/><T129/><D129/><U15/><E33/><V38/><F38/><W59/><G59/><T83/><D23/><N who="2" m="8778" /><F27/><W4/><G4/><T69/><D83/><U16/><REACH who="1" step="1"/><E34/><REACH who="1" ten="216,229,276,269" step="2"/><V50/><AGARI ba="0,1" hai="50,54,58,116,119" m="8778,58783,51722" machi="50" ten="30,1100,0" yaku="20,1" doraHai="35" who="2" fromWho="2" sc="216,-5,229,-3,276,21,269,-3" /><INIT seed="5,0,0,0,1,50" ten="211,226,297,266" oya="1" hai0="85,98,25,128,36,47,27,1,69,64,35,63,61" hai1="111,92,122,57,74,38,106,81,58,90,108,117,73" hai2="68,8,48,110,84,97,41,135,99,26,88,2,129" hai3="29,12,133,67,30,103,72,114,60,93,4,87,126"/><U13/><E38/><V115/><F110/><N who="1" m="42025" /><E122/><V20/><F68/><W71/><G72/><N who="1" m="27754" /><E117/><V104/><F8/><W52/><G114/><T23/><D128/><U11/><E106/><V131/><F2/><W0/><G0/><T112/><D112/><U130/><E130/><N who="2" m="49675" /><F135/><W43/><G43/><T102/><D1/><U77/><E77/><V127/><F127/><W18/><G4/><T123/><D123/><U46/><E46/><N who="2" m="25679" /><F104/><W15/><G15/><T9/><D9/><U32/><E81/><N who="2" m="49167" /><F115/><W28/><G126/><T49/><D36/><U100/><E32/><V105/><F105/><W132/><G133/><T116/><D116/><U56/><E100/><V82/><F82/><W42/><G103/><T19/><D85/><N who="1" m="52303" /><E56/><V44/><F44/><W51/><G132/><T10/><D10/><U37/><E37/><V16/><AGARI ba="0,0" hai="16,20,26,97,99" m="49167,25679,49675" machi="16" ten="30,4000,0" yaku="19,1,54,2" doraHai="50" who="2" fromWho="2" sc="211,-10,226,-20,297,40,266,-10" owari="201,-30.0,206,-19.0,337,43.0,256,6.0" /></mjloggm>