<mjloggm ver="2.3"><GO type="41" lobby="0"/><UN n0="%E3%81%BE%E3%81%AA%E3%81%BF%E4%B8%80%E5%B8%8C" n1="%E4%B8%8D%E5%99%A8%E7%94%A8%E3%81%AA%E4%B8%80%E7%95%AA%E5%BC%9F%E5%AD%90" n2="%2D%68%69%6B%61%72%69%2D" n3="%E5%B0%B1%E6%B4%BB%E7%94%9F%40%E5%B7%9D%E6%9D%91%E8%BB%8D%E5%9B%A3" dan="13,13,13,15" rate="2105.33,1867.82,1889.22,2024.03" sx="M,M,M,M"/><TAIKYOKU oya="0"/><INIT seed="0,0,0,0,0,92" ten="250,250,250,250" oya="0" hai0="65,23,44,50,64,52,35,66,88,116,128,102,40" hai1="118,9,81,93,25,17,1,14,114,3,79,54,28" hai2="18,8,60,63,62,16,2,121,55,106,73,32,29" hai3="45,105,82,68,67,104,21,70,108,46,11,117,124"/><T49/><D35/><U48/><E118/><V0/><F121/><W74/><G117/><T83/><D116/><U57/><E114/><V26/><F73/><W101/><G124/><T59/><D128/><U71/><E71/><V38/><F38/><W6/><G108/><T13/><D102/><U123/><E123/><V111/><F106/><W51/><G45/><T98/><D83/><U97/><E79/><V47/><F111/><W119/><G119/><T85/><D85/><U87/><E87/><V33/><F33/><W90/><G21/><T130/><D130/><U107/><E107/><V91/><F47/><W125/><G125/><T4/><D4/><U19/><E81/><V86/><F55/><W96/><G104/><T89/><REACH who="0" step="1"/><D98/><REACH who="0" ten="240,250,250,250" step="2"/><U109/><E109/><V80/><F86/><W34/><G34/><T122/><D122/><U53/><E97/><V72/><F80/><W56/><G74/><T94/><D94/><U95/><E95/><V76/><F72/><W7/><G82/><T135/><D135/><U30/><E93/><V99/><F99/><W129/><G96/><T78/><D78/><U110/><E110/><V120/><F76/><W75/><G101/><T126/><D126/><U103/><E103/><V77/><F77/><W15/><G75/><T10/><D10/><U115/><E115/><V37/><F8/><W133/><G129/><T100/><D100/><U20/><E9/><V131/><F32/><W132/><G11/><T5/><D5/><U43/><E3/><V134/><F2/><W113/><G6/><T24/><D24/><U61/><E1/><RYUUKYOKU ba="0,1" sc="240,30,250,-10,250,-10,250,-10" hai0="13,23,40,44,49,50,52,59,64,65,66,88,89" /><INIT seed="0,1,1,5,4,106" ten="270,240,240,240" oya="0" hai0="90,116,102,67,77,14,34,73,60,37,44,68,134" hai1="128,123,8,7,40,26,42,16,59,70,45,23,124" hai2="56,122,19,131,79,55,82,18,135,125,113,118,101" hai3="64,27,32,54,51,104,75,47,74,9,93,49,71"/><T133/><D34/><U117/><E128/><V43/><F122/><W21/><G104/><T39/><D116/><U100/><E124/><V105/><F113/><W94/><G32/><T2/><D2/><U98/><E70/><V87/><F125/><W24/><G71/><T38/><D102/><U29/><E123/><V81/><F131/><W127/><G127/><T41/><D90/><U63/><E45/><V53/><F118/><W28/><G64/><T86/><D86/><U62/><E29/><V20/><F135/><N who="0" m="51722" /><D14/><U46/><E117/><V84/><F43/><W25/><G28/><T13/><D13/><N who="1" m="5279" /><E46/><V12/><F105/><W0/><G21/><T115/><D115/><U35/><E35/><V33/><F101/><W17/><G93/><T69/><D68/><U126/><E126/><V30/><F30/><W65/><G94/><T107/><D107/><U22/><E63/><V61/><F33/><W6/><G17/><T76/><D76/><U132/><E132/><V97/><F97/><W89/><G89/><T129/><D129/><U4/><E4/><V114/><F114/><W111/><G111/><T110/><D110/><U11/><E11/><V121/><F121/><W57/><REACH who="3" step="1"/><G65/><REACH who="3" ten="270,240,240,230" step="2"/><T66/><D66/><U103/><E23/><V10/><F20/><W80/><G80/><AGARI ba="1,2" hai="37,38,39,41,44,60,67,69,73,77,80" m="51722" machi="80" ten="30,5800,0" yaku="20,1,23,1,52,1" doraHai="106" who="0" fromWho="3" sc="270,81,240,0,240,0,230,-61" /><INIT seed="0,2,0,5,2,55" ten="351,240,240,169" oya="0" hai0="29,116,42,98,37,117,23,15,78,113,74,48,47" hai1="85,100,92,12,19,26,13,4,57,84,124,50,115" hai2="126,105,91,76,88,83,120,93,111,132,121,5,129" hai3="123,102,28,128,87,32,112,125,3,134,70,63,108"/><T31/><D113/><U66/><E124/><V75/><F5/><W33/><G102/><T89/><D78/><U68/><E68/><V21/><F21/><W72/><G28/><T107/><D74/><U59/><E115/><V79/><F126/><W40/><G40/><T10/><D37/><U64/><E50/><V44/><F44/><W43/><G43/><T97/><D107/><U131/><E131/><V17/><F17/><W110/><G87/><N who="1" m="33354" /><E26/><V71/><F71/><W51/><G51/><T54/><D117/><U61/><E4/><V53/><F53/><W30/><G30/><N who="0" m="11275" /><D23/><U18/><E100/><V45/><F45/><W41/><G41/><T24/><D24/><U34/><E92/><V36/><F36/><W1/><G63/><T69/><D69/><U130/><E34/><V127/><F127/><W7/><G7/><N who="0" m="3551" /><D116/><U60/><E130/><V8/><F129/><W67/><G33/><T39/><D39/><U86/><N who="1" m="33362" /><U95/><DORA hai="16" /><E95/><V2/><F93/><W65/><G3/><T77/><D77/><U27/><E19/><V58/><F79/><W38/><G67/><T82/><D42/><U103/><E103/><V11/><F76/><W118/><G65/><T99/><D82/><U114/><E114/><V135/><F83/><W80/><G80/><T96/><D96/><U46/><E46/><V90/><F105/><AGARI ba="2,0" hai="1,32,38,70,72,105,108,110,112,118,123,125,128,134" machi="105" ten="0,32000,5" yakuman="47" doraHai="55,16" who="3" fromWho="2" sc="351,0,240,0,240,-326,169,326" owari="351,15.0,240,-16.0,-86,-59.0,495,60.0" /></mjloggm>