<mjloggm ver="2.3"><GO type="97" lobby="0"/><UN n0="%E9%BB%92%E6%9F%B3" n1="%E9%BB%92%E5%B8%AF%E3%83%89%E3%83%A9%E3%82%B4%E3%83%B3" n2="%E3%81%95%E3%81%8F%E5%9D%8A" n3="%E5%B0%B1%E6%B4%BB%E7%94%9F%40%E5%B7%9D%E6%9D%91%E8%BB%8D%E5%9B%A3" dan="15,14,14,15" rate="1945.28,1977.55,1946.84,1949.06" sx="M,M,M,M"/><TAIKYOKU oya="0"/><INIT seed="0,0,0,4,5,124" ten="250,250,250,250" oya="0" hai0="76,113,5,83,27,72,6,123,3,74,135,79,68" hai1="118,132,104,31,7,19,70,39,1,88,134,94,133" hai2="73,77,2,22,109,16,122,36,67,50,49,18,62" hai3="29,15,25,119,20,43,80,110,57,17,102,115,54"/><T105/><D113/><U131/><E118/><V45/><F122/><W37/><G119/><T127/><D123/><U33/><E104/><V41/><F2/><W11/><G110/><T107/><D68/><U47/><E70/><V103/><F103/><W21/><G115/><T108/><D127/><U120/><E120/><V91/><F109/><W69/><G69/><T59/><D135/><U64/><E64/><V128/><F128/><W90/><G102/><T65/><D108/><U61/><E61/><V58/><F91/><W130/><G130/><T23/><D3/><U78/><E78/><V14/><REACH who="2" step="1"/><F18/><REACH who="2" ten="250,250,240,250" step="2"/><W81/><G90/><T112/><D112/><U106/><E1/><V0/><F0/><W56/><G80/><AGARI ba="0,1" hai="14,16,22,36,41,45,49,50,58,62,67,73,77,80" machi="80" ten="40,5200,0" yaku="1,1,54,1,53,1" doraHai="124" doraHaiUra="8" who="2" fromWho="3" sc="250,0,250,0,240,62,250,-52" /><INIT seed="1,0,0,0,1,109" ten="250,250,302,198" oya="1" hai0="129,61,114,60,79,20,96,45,68,15,47,77,135" hai1="67,48,59,23,36,70,30,121,46,2,57,42,103" hai2="97,124,10,55,65,27,94,115,51,116,3,111,5" hai3="11,134,130,125,82,28,92,91,1,43,132,7,123"/><U81/><E2/><V127/><F116/><W26/><G123/><T76/><D114/><U33/><E33/><V107/><F107/><W16/><G43/><T78/><D129/><U110/><E121/><V64/><F111/><W102/><G102/><T118/><D118/><U50/><E103/><V0/><F0/><W8/><G130/><T74/><D135/><N who="3" m="51753" /><G82/><T62/><D68/><U80/><E81/><V40/><F40/><W69/><G69/><T131/><D131/><U100/><E80/><V95/><F27/><W98/><G125/><N who="2" m="48201" /><F115/><W66/><G66/><N who="2" m="25705" /><F97/><W49/><G49/><N who="1" m="19050" /><E23/><V89/><F89/><W9/><G16/><N who="0" m="10271" /><D74/><U119/><E30/><V54/><F54/><W113/><G113/><T52/><N who="0" m="19456" /><DORA hai="56" /><T35/><D35/><AGARI ba="0,0" hai="1,7,8,9,11,26,28,35,91,92,98" m="51753" machi="35" ten="30,1000,0" yaku="20,1" doraHai="109,56" who="3" fromWho="0" sc="250,-10,250,0,302,0,198,10" /><INIT seed="2,0,0,1,1,99" ten="240,250,302,208" oya="2" hai0="16,121,78,86,92,95,44,100,58,30,2,110,3" hai1="49,63,35,75,83,52,19,6,20,129,67,41,69" hai2="76,133,134,101,118,55,119,50,57,13,60,77,120" hai3="105,22,90,43,14,4,111,21,9,127,122,38,5"/><V17/><F120/><W40/><G122/><T115/><D110/><U64/><E35/><V80/><F60/><W31/><G111/><T0/><D115/><U107/><E129/><V85/><F77/><W82/><G127/><T29/><D121/><U91/><E107/><V53/><F53/><W48/><G105/><T56/><D44/><U37/><E67/><V104/><F104/><W131/><G38/><T10/><D100/><U45/><E6/><V89/><F76/><W66/><G131/><T15/><D78/><U102/><E75/><V7/><F7/><W109/><G109/><T74/><D74/><U81/><E102/><V130/><F101/><W70/><G4/><T108/><D108/><U117/><E91/><V103/><F103/><W28/><G66/><T88/><REACH who="0" step="1"/><D92/><REACH who="0" ten="230,250,302,208" step="2"/><U11/><E117/><V34/><F130/><W106/><G106/><T79/><D79/><U42/><E11/><V84/><F118/><W132/><G132/><T71/><D71/><U113/><E113/><V32/><F119/><W51/><G70/><T25/><D25/><N who="1" m="14495" /><E41/><N who="3" m="15946" /><G28/><AGARI ba="0,1" hai="0,2,3,10,15,16,28,29,30,56,58,86,88,95" machi="28" ten="40,5200,0" yaku="1,1,54,2,53,0" doraHai="99" doraHaiUra="125" who="0" fromWho="3" sc="230,62,250,0,302,0,208,-52" /><INIT seed="3,0,0,3,2,130" ten="292,250,302,156" oya="3" hai0="12,129,101,87,1,115,75,104,65,60,44,54,93" hai1="19,11,32,43,116,28,39,41,83,94,22,59,57" hai2="127,125,31,23,56,34,50,95,106,55,132,8,4" hai3="133,20,112,126,77,3,105,69,27,92,73,90,120"/><W85/><G120/><T53/><D75/><U78/><E116/><V61/><F132/><W70/><G3/><T98/><D1/><U122/><E122/><V33/><F106/><W42/><G126/><N who="2" m="48137" /><F23/><W72/><G112/><T7/><D129/><U51/><E39/><V135/><F135/><W117/><G133/><T84/><D115/><U24/><E94/><V97/><F31/><W49/><G117/><T109/><D109/><U26/><E41/><V108/><F61/><W74/><G105/><T67/><D44/><U25/><E25/><V113/><F108/><W63/><G77/><T46/><D104/><U91/><E91/><N who="2" m="55551" /><F113/><W29/><REACH who="3" step="1"/><G63/><REACH who="3" ten="292,250,302,146" step="2"/><T79/><D60/><U102/><E78/><V30/><F30/><W110/><G110/><T21/><D79/><U13/><E102/><V35/><F35/><W119/><G119/><T88/><D101/><U66/><E66/><V37/><F34/><W103/><G103/><T118/><D65/><U38/><E83/><V121/><F33/><W80/><G80/><T131/><D67/><U64/><E64/><V18/><F121/><W0/><G0/><T17/><D118/><U16/><E28/><V15/><F55/><N who="0" m="21002" /><D131/><U96/><E32/><V82/><F82/><W36/><G36/><T52/><D7/><U14/><E38/><V81/><F37/><W71/><G71/><T9/><D9/><U134/><E134/><V99/><F4/><W62/><G62/><T45/><D52/><U114/><E114/><V6/><F6/><W10/><G10/><T100/><D100/><U86/><E11/><V48/><F8/><RYUUKYOKU ba="0,1" sc="292,15,250,-15,302,-15,146,15" hai0="12,17,21,45,46,84,87,88,93,98" hai3="20,27,29,42,49,69,70,72,73,74,85,90,92" /><INIT seed="3,1,1,0,0,32" ten="307,235,287,161" oya="3" hai0="65,21,86,111,39,17,124,37,22,112,132,12,34" hai1="35,108,125,64,56,53,14,129,31,74,8,59,106" hai2="60,10,73,77,46,130,71,5,100,102,93,29,24" hai3="81,84,20,48,58,82,40,97,44,79,87,30,96"/><W92/><G58/><T7/><D112/><U61/><E106/><V15/><F130/><W107/><G107/><T116/><D116/><U122/><E74/><V63/><F46/><W99/><G30/><T26/><D111/><U16/><E122/><V115/><F115/><W49/><G20/><T28/><D124/><U6/><E108/><V3/><F71/><W90/><REACH who="3" step="1"/><G48/><REACH who="3" ten="307,235,287,151" step="2"/><T75/><D132/><U78/><E125/><V69/><F29/><W2/><G2/><T101/><D39/><U117/><E117/><V42/><F3/><W43/><G43/><T52/><D37/><U19/><E31/><V41/><F41/><W11/><G11/><T70/><D22/><U126/><E35/><V66/><F42/><W95/><AGARI ba="1,2" hai="40,44,49,79,81,82,84,87,90,92,95,96,97,99" machi="95" ten="30,11700,0" yaku="1,1,0,1,8,1,53,1" doraHai="32" doraHaiUra="85" who="3" fromWho="3" sc="307,-40,235,-40,287,-40,151,140" /><INIT seed="3,2,0,1,0,2" ten="267,195,247,291" oya="3" hai0="35,71,50,67,94,120,107,15,9,79,8,102,104" hai1="33,103,106,52,70,57,34,53,47,23,60,96,40" hai2="42,74,27,84,44,85,7,69,116,111,118,61,62" hai3="83,123,78,98,24,125,131,31,39,97,3,14,100"/><W117/><G3/><T4/><D35/><U63/><E23/><V21/><F74/><W87/><G123/><T38/><D38/><U91/><E91/><V51/><F111/><W134/><G39/><T112/><D120/><U119/><E119/><V72/><F72/><W76/><G117/><T115/><D79/><U22/><E22/><V133/><F133/><W86/><G134/><T80/><D80/><U75/><E75/><V37/><F37/><W101/><G131/><T105/><D50/><U10/><E10/><V110/><F110/><W90/><G125/><T109/><D109/><U13/><E13/><V56/><F69/><W127/><G127/><T11/><D67/><U65/><REACH who="1" step="1"/><E53/><REACH who="1" ten="267,185,247,291" step="2"/><V18/><F116/><W92/><G14/><T66/><D71/><U59/><E59/><V43/><F118/><W25/><G31/><T6/><D66/><U55/><E55/><V99/><F56/><W81/><G90/><T82/><D15/><U129/><E129/><V1/><F1/><W41/><G41/><T28/><D28/><U135/><E135/><V124/><F124/><W126/><G126/><T48/><D112/><U58/><E58/><V77/><F43/><W113/><G113/><T114/><D115/><U12/><E12/><V0/><F42/><W64/><G64/><T130/><D114/><U36/><AGARI ba="2,1" hai="33,34,36,40,47,52,57,60,63,65,70,96,103,106" machi="36" ten="20,5200,0" yaku="1,1,0,1,7,1,54,1,53,0" doraHai="2" doraHaiUra="128" who="1" fromWho="1" sc="267,-15,185,68,247,-15,291,-28" /><INIT seed="4,0,0,5,0,41" ten="252,253,232,263" oya="0" hai0="56,70,120,12,126,97,131,64,45,28,31,8,22" hai1="107,53,83,90,25,39,100,65,11,40,7,10,2" hai2="52,86,5,114,9,50,111,0,93,135,20,102,76" hai3="91,94,18,30,51,55,46,35,44,122,72,85,1"/><T128/><D120/><U48/><E65/><V71/><F111/><W119/><G119/><T75/><D75/><U84/><E11/><V109/><F109/><W29/><G72/><T108/><D108/><U32/><E40/><V4/><F71/><W101/><G1/><T13/><D70/><U132/><E39/><V127/><F114/><W59/><G35/><T73/><D73/><U98/><E132/><V38/><F38/><W3/><G3/><T15/><D97/><U81/><E32/><V77/><F127/><W16/><G101/><T133/><D133/><U113/><E113/><V47/><F135/><W95/><G95/><T121/><D121/><U82/><E25/><V67/><F67/><W27/><G122/><T88/><D126/><U103/><E103/><V33/><F33/><W104/><G104/><T17/><D45/><AGARI ba="0,0" hai="2,7,10,45,48,53,81,82,83,84,90,98,100,107" machi="45" ten="30,2000,0" yaku="7,1,52,1" doraHai="41" who="1" fromWho="0" sc="252,-20,253,20,232,0,263,0" /><INIT seed="5,0,0,2,0,49" ten="232,273,232,263" oya="1" hai0="64,4,113,22,80,135,118,134,10,35,117,30,27" hai1="16,23,88,126,98,99,38,33,11,12,7,96,28" hai2="44,3,65,94,125,93,103,101,20,123,106,39,36" hai3="122,60,91,57,13,69,84,75,120,40,61,78,21"/><U110/><E38/><V74/><F123/><W53/><G75/><T112/><D64/><U86/><E126/><V52/><F74/><W83/><G40/><T132/><D80/><U130/><E130/><V111/><F111/><W92/><G69/><T133/><D133/><U68/><E68/><V124/><F3/><W47/><G47/><T100/><D100/><N who="2" m="38474" /><F106/><W1/><G1/><N who="0" m="271" /><D22/><U121/><E121/><V131/><F65/><W63/><G120/><T6/><D6/><U97/><E110/><V76/><F76/><W55/><G57/><T95/><D95/><N who="2" m="36362" /><F20/><W54/><G122/><T2/><D2/><N who="1" m="503" /><E98/><V85/><F85/><N who="3" m="52335" /><G63/><T48/><D48/><U0/><E99/><V104/><F104/><W66/><G66/><T15/><D15/><U43/><E43/><V45/><F131/><W127/><G127/><N who="2" m="48713" /><F45/><W31/><G31/><T82/><D82/><N who="1" m="49239" /><E0/><V72/><F72/><W102/><G102/><T128/><D128/><U67/><E67/><V114/><F114/><AGARI ba="0,0" hai="27,30,35,112,113,114,117,118,132,134,135" m="271" machi="114" ten="40,8000,1" yaku="15,1,20,1,23,1,34,2" doraHai="49" who="0" fromWho="2" sc="232,80,273,0,232,-80,263,0" owari="312,42.0,273,7.0,152,-35.0,263,-14.0" /></mjloggm>