<mjloggm ver="2.3"><GO type="169" lobby="0"/><UN n0="%55%52%41%4E" n1="%E3%83%88%E3%83%88%E3%83%AA%E5%85%88%E7%94%9F%31%39%E6%AD%B3" n2="%E3%83%AD%E3%83%83%E3%83%86%E9%9B%80%E7%90%83" n3="%E3%82%A2%E3%83%8B%E3%82%BD%E3%83%B3%E5%A5%BD%E3%81%8D" dan="16,18,16,16" rate="2051.42,2236.04,2122.26,2021.38" sx="M,F,M,F"/><TAIKYOKU oya="0"/><INIT seed="0,0,0,2,4,89" ten="250,250,250,250" oya="0" hai0="105,45,104,13,134,4,98,91,52,32,84,38,81" hai1="56,26,28,55,19,53,129,74,5,130,67,29,76" hai2="47,12,73,106,7,0,8,126,70,63,107,93,59" hai3="92,20,41,120,34,109,42,21,112,22,36,110,94"/><T66/><D134/><U131/><E5/><V103/><F70/><W10/><G112/><T44/><D32/><U61/><E74/><V37/><F126/><W72/><G72/><T133/><D133/><U40/><E76/><V49/><F37/><W27/><G120/><T75/><D75/><U64/><E40/><N who="3" m="15466" /><G36/><T86/><D66/><U17/><E64/><V65/><F73/><W123/><G123/><T102/><D38/><U124/><E124/><V9/><F49/><W31/><G10/><T87/><D104/><U95/><E28/><V60/><F47/><W122/><G122/><T30/><D30/><U11/><E11/><V3/><F63/><W127/><G127/><T114/><D114/><U99/><E55/><V16/><REACH who="2" step="1"/><F0/><REACH who="2" ten="250,250,240,250" step="2"/><W79/><G79/><T118/><D44/><U24/><E130/><V100/><F100/><W82/><G82/><T108/><D81/><U88/><E129/><V135/><F135/><W90/><G90/><T77/><D45/><U1/><E1/><V83/><F83/><W111/><AGARI ba="0,1" hai="20,21,22,27,31,34,92,94,109,110,111" m="15466" machi="111" ten="40,5200,0" yaku="14,1,52,2" doraHai="89" who="3" fromWho="3" sc="250,-26,250,-13,240,-13,250,62" /><INIT seed="1,0,0,2,4,52" ten="224,237,227,312" oya="1" hai0="115,22,128,57,105,75,4,73,30,97,8,44,131" hai1="58,134,69,89,38,96,83,99,129,66,130,90,3" hai2="88,119,1,50,135,70,53,71,62,45,7,95,54" hai3="124,98,102,15,87,24,126,64,29,122,56,93,106"/><U67/><E38/><V13/><F119/><W55/><G122/><T34/><D115/><U121/><E121/><V5/><F135/><W92/><G64/><T60/><D44/><U23/><E3/><V46/><F1/><W36/><G36/><T12/><D34/><U86/><E69/><V6/><F13/><W132/><G132/><T19/><D30/><U51/><E134/><V113/><F113/><W81/><G15/><T41/><D41/><U17/><E66/><V26/><F26/><W61/><G93/><T9/><D105/><U2/><E2/><V100/><F100/><W112/><G112/><T76/><D97/><U33/><E33/><V116/><F116/><W37/><G37/><T47/><D47/><U21/><E21/><V63/><F71/><W94/><G94/><T48/><D48/><U91/><E129/><N who="0" m="49737" /><D76/><N who="1" m="46439" /><E130/><V31/><F31/><W77/><REACH who="3" step="1"/><G106/><REACH who="3" ten="224,237,227,302" step="2"/><T14/><D8/><U59/><E67/><AGARI ba="0,1" hai="4,9,12,14,19,22,57,60,67,73,75" m="49737" machi="67" ten="30,2000,0" yaku="19,1,52,1" doraHai="52" who="0" fromWho="1" sc="224,30,237,-20,227,0,302,0" /><INIT seed="2,0,0,2,5,5" ten="254,217,227,302" oya="2" hai0="123,67,32,48,28,4,129,113,36,110,108,127,33" hai1="109,124,74,82,35,68,6,42,92,105,11,38,95" hai2="84,71,31,70,55,69,133,75,117,63,135,119,66" hai3="59,52,8,73,115,14,20,57,53,94,134,47,60"/><V85/><F75/><W81/><G134/><N who="2" m="51209" /><F31/><W126/><G126/><T25/><D127/><U125/><E105/><V34/><F34/><W106/><G106/><T7/><D36/><U118/><E35/><V26/><F26/><W64/><G115/><T0/><D67/><U79/><E118/><N who="2" m="45067" /><F55/><W45/><G73/><T101/><D101/><U40/><E109/><V65/><F63/><N who="3" m="36271" /><G81/><T41/><D33/><U97/><E40/><V46/><F46/><N who="3" m="17419" /><G20/><T112/><D113/><U51/><E125/><V49/><F49/><W13/><G94/><T2/><D112/><U91/><E51/><V121/><F121/><W54/><G14/><T30/><D32/><U62/><E124/><V116/><F116/><W78/><G78/><T107/><D107/><U131/><E42/><V99/><F99/><W1/><G1/><T24/><D123/><U3/><E38/><V128/><F128/><W76/><G76/><T12/><D41/><U111/><E111/><V37/><F37/><W58/><G58/><T93/><D12/><U86/><E131/><V120/><F120/><W21/><G21/><T96/><D96/><U77/><E77/><V22/><F22/><W80/><G80/><T100/><D108/><U50/><E50/><V87/><AGARI ba="0,0" hai="65,66,69,70,71,84,85,87" m="45067,51209" machi="87" ten="50,9600,0" yaku="28,2,20,1" doraHai="5" who="2" fromWho="2" sc="254,-32,217,-32,227,96,302,-32" /><INIT seed="2,1,0,0,2,50" ten="222,185,323,270" oya="2" hai0="88,25,16,24,83,98,36,127,7,68,0,114,123" hai1="106,3,58,51,40,95,131,21,115,32,26,9,124" hai2="54,110,130,63,91,5,69,72,8,86,12,104,78" hai3="105,19,76,118,34,46,135,18,14,39,111,10,15"/><V20/><F130/><W47/><G118/><T42/><D68/><U117/><E117/><V133/><F133/><W43/><G135/><T6/><D123/><U75/><E106/><V41/><F104/><W121/><G121/><T33/><D114/><U108/><E115/><V93/><F41/><W73/><G105/><T101/><D36/><U66/><E75/><V97/><F72/><W87/><G34/><T134/><D42/><U37/><E32/><V62/><F110/><W119/><G119/><T55/><D127/><U113/><E113/><V90/><F78/><W35/><G35/><T85/><D33/><U56/><E37/><V48/><F20/><W107/><G107/><T70/><D70/><U102/><E131/><V77/><F77/><W79/><G73/><T120/><D120/><U28/><E124/><V89/><F69/><W1/><G1/><T71/><D0/><U64/><E108/><V30/><F30/><W129/><G129/><T57/><D71/><U61/><E3/><V96/><F96/><W52/><G111/><T4/><D16/><U49/><E9/><V31/><F31/><W29/><G29/><T81/><D81/><U59/><E40/><V128/><F128/><W122/><G122/><T2/><D2/><U17/><E28/><V109/><F109/><W13/><G87/><T53/><D134/><U45/><E45/><N who="2" m="27919" /><F86/><W100/><G10/><T84/><D84/><U67/><E61/><AGARI ba="1,0" hai="5,8,12,61,62,63,89,90,91,93,97" m="27919" machi="61" ten="30,2900,0" yaku="8,1,52,1" doraHai="50" who="2" fromWho="1" sc="222,0,185,-32,323,32,270,0" /><INIT seed="2,2,0,5,2,60" ten="222,153,355,270" oya="2" hai0="87,18,93,65,70,128,98,95,0,102,97,25,34" hai1="132,37,113,79,66,8,6,129,61,69,108,121,86" hai2="116,39,63,26,48,123,99,24,52,59,124,45,126" hai3="127,81,133,101,72,51,38,42,1,7,92,88,58"/><V68/><F116/><W32/><G32/><T12/><D0/><U35/><E113/><V29/><F123/><W62/><G38/><T74/><D74/><U27/><E37/><V44/><F68/><W107/><G127/><N who="2" m="48681" /><F99/><W83/><G72/><T75/><D75/><U109/><E121/><V104/><F104/><W106/><G133/><T4/><D4/><U9/><E132/><V11/><F11/><W40/><G107/><T5/><D5/><U118/><E118/><V91/><F91/><W57/><G106/><T13/><D87/><U3/><E129/><V67/><F29/><W134/><G134/><T115/><D115/><U130/><E130/><V19/><F19/><W77/><G101/><T112/><D112/><U100/><E8/><V111/><F111/><W15/><G1/><T71/><D71/><U84/><E100/><V82/><F82/><N who="3" m="31243" /><G77/><T33/><D33/><U10/><E10/><V120/><F120/><W131/><G131/><T28/><D18/><U36/><E79/><V105/><F105/><W47/><G7/><T80/><D80/><U17/><E36/><V43/><AGARI ba="2,0" hai="24,26,39,43,44,45,48,52,59,63,67" m="48681" machi="43" ten="30,6000,0" yaku="18,1,52,1,54,1" doraHai="60" who="2" fromWho="2" sc="222,-22,153,-22,355,66,270,-22" /><INIT seed="2,3,0,1,2,30" ten="200,131,421,248" oya="2" hai0="48,36,4,32,99,66,116,56,123,94,109,41,10" hai1="73,72,20,130,79,34,54,106,92,61,70,33,55" hai2="71,101,45,119,27,47,13,108,18,121,9,44,76" hai3="62,59,67,81,58,125,128,88,126,1,50,93,107"/><V111/><F119/><W90/><G107/><T84/><D123/><U38/><E106/><V23/><F121/><W82/><G1/><T95/><D116/><U104/><E104/><V8/><F71/><W28/><G128/><T46/><D109/><N who="2" m="42058" /><F101/><W22/><G22/><T132/><D32/><U26/><E38/><V21/><F76/><W87/><G28/><AGARI ba="3,0" hai="8,9,13,18,21,23,27,28,44,45,47" m="42058" machi="28" ten="30,2900,0" yaku="14,1,10,1" doraHai="30" who="2" fromWho="3" sc="200,0,131,0,421,38,248,-38" /><INIT seed="2,4,0,0,0,98" ten="200,131,459,210" oya="2" hai0="18,28,44,109,84,129,55,32,1,30,121,20,119" hai1="19,131,92,11,130,73,133,21,111,102,50,79,68" hai2="106,135,3,4,33,37,93,116,45,70,9,57,94" hai3="97,60,15,54,87,13,69,100,6,110,72,103,114"/><V105/><F116/><W17/><G72/><T108/><D121/><U63/><E111/><N who="0" m="42569" /><D119/><U43/><E133/><V51/><F70/><W118/><G110/><T75/><D75/><U49/><E11/><V67/><F33/><W95/><G118/><T107/><D107/><U132/><E132/><V83/><F83/><W77/><G114/><T90/><D1/><U46/><E73/><V12/><F135/><W126/><G126/><T35/><D129/><N who="1" m="49163" /><E79/><V85/><F37/><W8/><G69/><T26/><D44/><U113/><E113/><V128/><F106/><W104/><G104/><T82/><D55/><U99/><E68/><V39/><F105/><W10/><G87/><T22/><D30/><U27/><E63/><V16/><F85/><W96/><G77/><T66/><D66/><U0/><E0/><V59/><F67/><W58/><G96/><T115/><D115/><U34/><E34/><V81/><F45/><W52/><G54/><T36/><D36/><AGARI ba="4,0" hai="19,21,27,36,43,46,49,50,92,99,102" m="49163" machi="36" ten="30,2000,0" yaku="19,1,52,1" doraHai="98" who="1" fromWho="0" sc="200,-32,131,32,459,0,210,0" /><INIT seed="3,0,0,0,0,64" ten="168,163,459,210" oya="3" hai0="70,126,59,36,16,22,34,77,89,47,39,46,87" hai1="119,13,4,127,2,45,43,6,23,69,15,117,99" hai2="42,27,32,110,102,56,130,14,66,29,118,100,52" hai3="80,18,101,41,1,71,103,33,30,111,133,74,83"/><W68/><G1/><T122/><D34/><U10/><E127/><V75/><F118/><N who="1" m="45065" /><E6/><V81/><F110/><W98/><G41/><T92/><D122/><U37/><E99/><V40/><F130/><W85/><G74/><T3/><D3/><U78/><E78/><V12/><F66/><W131/><G131/><T62/><D126/><U51/><E37/><V132/><F132/><W84/><G18/><T135/><D135/><U54/><E43/><V109/><F109/><W121/><G121/><T72/><D72/><U95/><E95/><V113/><F113/><W106/><G111/><T91/><D77/><U26/><E69/><V48/><F75/><W38/><G38/><T0/><D0/><U19/><AGARI ba="0,0" hai="2,4,10,13,15,19,23,26,45,51,54" m="45065" machi="19" ten="30,1100,0" yaku="12,1" doraHai="64" who="1" fromWho="1" sc="168,-3,163,11,459,-3,210,-5" /><INIT seed="4,0,0,1,3,69" ten="165,174,456,205" oya="0" hai0="59,128,42,7,39,23,14,98,32,16,24,90,0" hai1="52,88,126,87,72,75,114,26,115,85,6,76,29" hai2="36,62,60,84,3,40,11,91,47,131,125,5,106" hai3="102,15,2,71,53,43,67,111,81,63,108,1,133"/><T31/><D128/><U44/><E126/><V124/><F106/><W49/><G133/><T96/><D90/><U64/><E85/><V94/><F131/><W121/><G121/><T110/><D110/><U95/><E64/><V116/><F116/><W41/><G102/><T27/><D59/><U65/><E65/><V122/><F122/><W13/><G81/><T50/><D50/><N who="1" m="28743" /><E6/><V57/><F57/><W127/><G127/><AGARI ba="0,0" hai="3,5,11,36,40,47,60,62,84,91,94,124,125,127" machi="127" ten="40,2600,0" yaku="18,1,52,1" doraHai="69" who="2" fromWho="3" sc="165,0,174,0,456,26,205,-26" /><INIT seed="5,0,0,0,1,31" ten="165,174,482,179" oya="1" hai0="90,109,125,57,105,127,22,88,13,40,47,129,16" hai1="130,100,80,14,29,93,113,4,15,6,65,41,42" hai2="135,7,102,122,59,120,61,27,99,48,94,119,32" hai3="118,83,45,34,84,2,38,78,95,54,112,74,87"/><U46/><E113/><V18/><F119/><W21/><G112/><T103/><D109/><U89/><E130/><V55/><F135/><W58/><G2/><T9/><D129/><U76/><E100/><V108/><F108/><W20/><G118/><T101/><D57/><U116/><E116/><V37/><F37/><W60/><G34/><T73/><D73/><U98/><E65/><V23/><F7/><W8/><G8/><T49/><D103/><U11/><E29/><V53/><F32/><W36/><G36/><T35/><D35/><U25/><E25/><V68/><F68/><W66/><G74/><T71/><D71/><U62/><E62/><V70/><F70/><W117/><G117/><T121/><D121/><U123/><E123/><V134/><F134/><W126/><G126/><N who="0" m="48139" /><D9/><U91/><E91/><N who="0" m="34857" /><D101/><U85/><E46/><AGARI ba="0,0" hai="18,23,27,46,48,53,55,59,61,94,99,102,120,122" machi="46" ten="30,1000,0" yaku="7,1" doraHai="31" who="2" fromWho="1" sc="165,0,174,-10,482,10,179,0" /><INIT seed="6,0,0,2,2,114" ten="165,164,492,179" oya="2" hai0="65,49,36,4,27,17,31,47,9,20,90,32,59" hai1="89,74,91,60,29,42,12,13,98,41,101,38,56" hai2="48,23,21,95,119,107,99,81,34,124,117,85,108" hai3="16,115,18,28,6,8,39,75,121,109,125,86,79"/><V116/><F107/><W92/><G75/><T35/><D36/><U0/><E0/><V77/><F124/><W76/><G115/><T10/><D90/><N who="1" m="34315" /><E74/><V127/><F127/><W58/><G125/><T122/><D122/><U120/><E29/><V69/><F34/><W62/><G39/><T66/><D59/><U100/><E38/><V130/><F130/><W51/><G109/><T61/><D61/><U5/><E120/><V96/><F108/><W24/><G121/><T104/><D104/><U123/><E123/><V118/><F69/><W57/><G92/><T111/><D111/><U102/><E98/><V71/><F71/><W33/><G51/><T19/><D35/><U87/><E87/><V128/><F128/><W70/><G70/><T133/><D32/><U1/><E1/><V97/><F95/><W11/><G11/><T52/><D9/><N who="1" m="4143" /><E13/><V55/><REACH who="2" step="1"/><F118/><REACH who="2" ten="165,164,482,179" step="2"/><W131/><G131/><T129/><D129/><U110/><E110/><V78/><F78/><W45/><G76/><T103/><D103/><N who="1" m="26371" /><U126/><DORA hai="44" /><E126/><V40/><F40/><W30/><G79/><T63/><D66/><AGARI ba="0,1" hai="41,42,56,60,66" m="26371,4143,34315" machi="66" ten="30,1000,0" yaku="8,1" doraHai="114,44" who="1" fromWho="0" sc="165,-10,164,20,482,0,179,0" /><INIT seed="7,0,0,4,3,101" ten="155,184,482,179" oya="3" hai0="85,95,53,96,71,87,21,20,99,107,35,10,108" hai1="124,88,51,62,38,19,0,31,36,72,23,33,61" hai2="117,125,37,122,2,26,97,76,52,13,63,132,89" hai3="50,6,100,59,134,44,48,84,25,119,54,7,22"/><W68/><G119/><T126/><D35/><U12/><E72/><V80/><F2/><W46/><G68/><T17/><D71/><U14/><E0/><V103/><F37/><W49/><G134/><T57/><D108/><U28/><E33/><V82/><F125/><W74/><G74/><T64/><D126/><U70/><E124/><V131/><F131/><W121/><G121/><T110/><D110/><U114/><E38/><V47/><F89/><W92/><G100/><T111/><D111/><U41/><E36/><V118/><F82/><W112/><G112/><T29/><D64/><U4/><E114/><V98/><F98/><W120/><G120/><T104/><D96/><U39/><E39/><V16/><F26/><W91/><G46/><T24/><D10/><N who="1" m="4167" /><E88/><V67/><F67/><W129/><G129/><T9/><D9/><U73/><E73/><V81/><F81/><W115/><G115/><T56/><D87/><U123/><E70/><V105/><F132/><W94/><G94/><T128/><D85/><U55/><E41/><V18/><F122/><W133/><G133/><T78/><D78/><U102/><E102/><V8/><F47/><W60/><G44/><T43/><D43/><U34/><E34/><V11/><F80/><W58/><G58/><N who="0" m="22635" /><D128/><U90/><E90/><V27/><F103/><W75/><G75/><T42/><D42/><U69/><E123/><V15/><F118/><W32/><G32/><T77/><D77/><U135/><E135/><V5/><F5/><W1/><G1/><T40/><D40/><U106/><E69/><V86/><F117/><RYUUKYOKU ba="0,0" sc="155,-10,184,-10,482,-10,179,30" hai3="6,7,22,25,48,49,50,54,59,60,84,91,92" /><INIT seed="7,1,0,1,4,0" ten="145,174,472,209" oya="3" hai0="87,16,51,132,28,92,34,30,134,7,56,55,61" hai1="108,71,127,10,50,73,100,82,54,68,69,105,129" hai2="125,39,12,99,42,118,103,37,58,83,107,63,78" hai3="21,48,4,33,113,29,35,15,91,72,66,104,85"/><W95/><G113/><T24/><D30/><U126/><E108/><V26/><F118/><W75/><G104/><T40/><D40/><U62/><E129/><V67/><F125/><N who="1" m="47625" /><E105/><V44/><F26/><W121/><G121/><T1/><D61/><U81/><E100/><V135/><F12/><W47/><G66/><T8/><D87/><U59/><E73/><V52/><F135/><N who="0" m="51754" /><D92/><U57/><E10/><V65/><F37/><W111/><G111/><T36/><D36/><U6/><E6/><V43/><F43/><W131/><G72/><AGARI ba="1,0" hai="39,42,44,52,58,63,65,67,72,78,83,99,103,107" machi="72" ten="30,2000,0" yaku="7,1,54,1" doraHai="0" who="2" fromWho="3" sc="145,0,174,0,472,23,209,-23" owari="145,-35.0,174,-23.0,495,59.0,186,-1.0" /></mjloggm>