<mjloggm ver="2.3"><GO type="169" lobby="0"/><UN n0="%E3%82%A6%E3%83%AB%E3%83%88%E3%83%A9%E7%AB%8B%E7%9B%B4" n1="%3A%63%6F%63%75%61%3A" n2="%E6%9B%BF%E7%8E%89%E5%9B%BA%E9%BA%BA" n3="%E2%80%90%E8%B5%A4%E7%8A%AC%E2%80%90" dan="18,16,16,16" rate="2206.78,2029.67,2026.02,2025.68" sx="M,M,M,M"/><TAIKYOKU oya="0"/><INIT seed="0,0,0,3,2,12" ten="250,250,250,250" oya="0" hai0="40,7,69,49,75,29,83,38,6,79,110,111,93" hai1="14,114,112,124,60,1,46,102,9,86,28,32,16" hai2="54,135,113,109,116,84,133,107,62,73,117,11,56" hai3="125,59,71,67,22,123,27,43,8,58,98,131,90"/><T3/><D69/><U76/><E124/><V77/><F73/><W50/><G125/><T63/><D29/><U39/><E102/><V104/><F113/><N who="1" m="43625" /><E1/><V30/><F30/><W37/><G131/><T74/><D74/><U10/><E60/><V95/><F109/><N who="0" m="41482" /><D63/><U118/><E118/><N who="2" m="45675" /><F11/><W15/><G59/><T121/><D121/><U23/><E32/><V72/><F72/><W81/><G22/><T128/><D128/><U34/><E34/><V103/><F103/><W19/><G50/><T130/><D130/><U108/><E108/><V42/><F42/><W92/><G43/><T55/><D3/><U126/><E28/><V17/><F17/><W134/><G27/><T48/><D38/><U0/><E0/><V53/><F53/><W21/><G37/><T101/><D40/><N who="1" m="22815" /><E126/><V80/><F95/><W122/><G92/><T68/><D68/><U91/><E76/><V115/><F115/><W132/><G71/><T66/><D66/><U100/><E100/><V25/><F25/><W85/><G67/><T26/><D26/><U89/><E89/><V99/><F99/><W87/><G98/><N who="0" m="59599" /><D49/><U51/><E51/><V97/><F97/><W82/><G123/><T13/><D13/><U36/><E36/><V31/><F31/><W41/><G122/><T24/><D24/><U129/><E129/><V105/><AGARI ba="0,0" hai="54,56,62,77,80,84,104,105,107,133,135" m="45675" machi="105" ten="40,1500,0" yaku="12,1" doraHai="12" who="2" fromWho="2" sc="250,-7,250,-4,250,15,250,-4" /><INIT seed="1,0,0,1,0,76" ten="243,246,265,246" oya="1" hai0="11,33,111,50,116,80,129,37,43,29,60,120,23" hai1="104,75,100,134,74,39,25,79,5,2,112,17,15" hai2="68,123,96,81,102,8,77,72,131,27,132,93,135" hai3="38,21,113,122,12,61,19,34,115,127,14,126,86"/><U67/><E134/><N who="2" m="51243" /><F68/><W88/><G38/><T36/><D116/><U110/><E112/><V95/><F27/><W71/><G122/><T3/><D33/><U44/><E67/><V101/><F8/><W92/><G34/><T24/><D111/><U107/><E110/><V0/><F0/><W59/><G71/><T87/><D129/><U105/><E100/><V53/><F53/><W16/><G126/><T119/><D119/><U47/><E25/><V7/><F7/><W114/><G127/><T106/><D106/><U118/><E118/><V62/><F62/><W133/><G133/><T130/><D130/><U57/><E57/><V45/><F45/><W1/><G1/><T40/><D60/><U83/><E75/><V82/><F131/><W98/><G86/><T89/><D120/><U84/><E74/><V49/><F49/><W66/><REACH who="3" step="1"/><G113/><REACH who="3" ten="243,246,265,236" step="2"/><T125/><D125/><U18/><E39/><V70/><F70/><W4/><G4/><T85/><D37/><U117/><E117/><V6/><F6/><W108/><G108/><T94/><D36/><U28/><E2/><V99/><F123/><W35/><G35/><T91/><D3/><U48/><E5/><V42/><F42/><W10/><AGARI ba="0,1" hai="10,12,14,16,19,21,59,61,66,88,92,98,114,115" machi="10" ten="20,8000,1" yaku="1,1,0,1,7,1,54,2,53,0" doraHai="76" doraHaiUra="64" who="3" fromWho="3" sc="243,-20,246,-40,265,-20,236,90" /><INIT seed="2,0,0,3,3,36" ten="223,206,245,326" oya="2" hai0="47,61,24,81,14,135,25,10,44,72,132,43,41" hai1="115,9,66,3,2,64,125,57,15,80,18,85,52" hai2="31,131,91,92,110,0,21,7,89,4,105,63,124" hai3="58,28,126,67,101,122,33,129,100,39,40,48,20"/><V68/><F105/><W116/><G20/><T55/><D72/><U50/><E125/><V120/><F120/><W107/><G100/><T12/><D81/><U99/><E115/><V90/><F124/><W32/><G48/><T104/><D104/><U114/><E114/><V34/><F34/><W93/><G93/><T74/><D74/><U42/><E99/><V128/><F110/><W102/><G58/><T27/><D61/><U46/><E3/><V30/><F92/><W76/><G76/><T94/><D94/><U84/><E2/><V22/><F0/><W49/><G49/><T53/><D25/><U5/><E18/><V60/><REACH who="2" step="1"/><F89/><REACH who="2" ten="223,206,235,326" step="2"/><W38/><G32/><T127/><D127/><U117/><E117/><V11/><F11/><AGARI ba="0,1" hai="10,11,12,14,24,27,41,43,44,47,53,55,132,135" machi="11" ten="25,6400,0" yaku="22,2,52,2" doraHai="36" who="0" fromWho="2" sc="223,74,206,0,235,-64,326,0" /><INIT seed="3,0,0,5,2,15" ten="297,206,171,326" oya="3" hai0="38,90,37,126,58,128,18,61,135,43,23,3,131" hai1="88,26,85,57,101,49,65,104,42,4,63,73,95" hai2="46,122,119,1,108,129,55,72,59,14,84,64,105" hai3="8,96,13,99,31,30,10,6,35,112,86,67,78"/><W53/><G112/><T127/><D3/><U80/><E4/><V47/><F1/><W120/><G120/><T106/><D106/><U16/><E104/><V134/><F105/><W107/><G67/><T109/><D90/><U29/><E73/><V92/><F72/><W70/><G70/><T0/><D0/><U130/><E130/><N who="0" m="49705" /><D109/><U50/><E42/><V89/><F108/><W33/><G86/><T117/><D117/><U44/><E44/><V69/><F134/><W66/><G78/><T123/><D123/><U68/><E68/><V81/><F129/><W133/><G66/><T75/><D75/><U83/><E29/><V48/><F119/><W54/><G13/><N who="0" m="9679" /><D43/><U118/><E118/><V71/><F122/><W21/><G107/><T40/><D40/><U111/><E111/><V2/><F2/><W79/><G79/><T11/><D11/><U124/><E124/><N who="0" m="47657" /><D135/><U19/><E26/><V113/><F113/><W87/><G133/><T82/><D82/><N who="1" m="31275" /><E101/><V27/><F81/><W51/><G21/><T36/><D36/><U121/><E121/><V94/><F94/><W17/><G87/><T52/><AGARI ba="0,0" hai="37,38,52,58,61" m="47657,9679,49705" machi="52" ten="30,7900,0" yaku="19,1,18,1,52,1,54,1" doraHai="15" who="0" fromWho="0" sc="297,79,206,-20,171,-20,326,-39" /><INIT seed="4,0,0,4,2,53" ten="376,186,151,287" oya="0" hai0="120,130,77,101,9,13,107,58,12,132,103,95,93" hai1="104,27,116,59,23,87,83,4,35,60,69,63,128" hai2="42,91,45,50,14,129,86,66,127,47,22,124,131" hai3="134,117,126,16,52,57,25,34,80,36,43,106,85"/><T97/><D120/><U76/><E128/><N who="2" m="49227" /><F66/><W133/><G106/><T123/><D123/><U65/><E116/><V64/><F64/><W6/><G117/><T31/><D130/><U105/><E4/><V70/><F70/><W94/><G126/><N who="2" m="48169" /><F45/><W125/><G6/><T88/><D31/><U108/><E108/><V37/><F37/><W29/><G94/><T100/><D77/><U17/><REACH who="1" step="1"/><E35/><REACH who="1" ten="376,176,151,287" step="2"/><V115/><F115/><W7/><G7/><T73/><D107/><U46/><E46/><V0/><F0/><W55/><G125/><T82/><D101/><U5/><E5/><V8/><F22/><W68/><G34/><T71/><D100/><U89/><E89/><V98/><F98/><W135/><G134/><T122/><D88/><U78/><E78/><V10/><F14/><W21/><G133/><T121/><D97/><U48/><E48/><V51/><F51/><W112/><G135/><T24/><D103/><U79/><E79/><V75/><F75/><W110/><G21/><T49/><D132/><U119/><E119/><V2/><F2/><W18/><G110/><T113/><D13/><U92/><E92/><AGARI ba="0,1" hai="8,10,42,47,50,86,91,92" m="48169,49227" machi="92" ten="30,2000,0" yaku="19,1,18,1" doraHai="53" who="2" fromWho="1" sc="376,0,176,-20,151,30,287,0" /><INIT seed="5,0,0,3,5,41" ten="376,156,181,287" oya="1" hai0="5,65,103,42,91,50,69,2,118,46,7,15,80" hai1="12,27,134,55,76,44,38,131,130,115,74,34,94" hai2="107,109,68,63,24,26,59,128,10,93,25,53,102" hai3="97,78,90,120,45,111,84,79,1,82,92,14,19"/><U133/><E115/><V61/><F109/><W54/><G120/><T72/><D2/><U49/><E38/><V122/><F122/><W6/><G111/><T114/><D118/><U29/><E94/><V126/><F126/><W75/><G1/><T83/><D103/><U40/><E40/><V13/><F128/><N who="1" m="49193" /><E12/><V28/><F107/><W86/><G6/><T119/><D119/><U33/><E33/><V57/><F68/><W58/><G75/><T132/><D83/><AGARI ba="0,0" hai="27,29,34,44,49,55,74,76,83,133,134" m="49193" machi="83" ten="30,2900,0" yaku="19,1,52,1" doraHai="41" who="1" fromWho="0" sc="376,-29,156,29,181,0,287,0" /><INIT seed="5,1,0,1,1,95" ten="347,185,181,287" oya="1" hai0="3,42,32,49,53,67,37,21,2,6,12,75,87" hai1="98,134,10,109,105,84,33,107,106,46,25,59,39" hai2="112,40,126,72,0,64,80,90,94,13,8,62,135" hai3="129,34,17,85,96,117,81,108,27,79,121,127,66"/><U99/><E134/><V110/><F110/><W71/><G108/><T119/><D75/><U11/><E109/><V47/><F135/><W18/><G17/><T114/><D32/><U35/><E59/><V101/><F126/><W48/><G48/><T116/><D3/><U120/><E120/><V74/><F112/><W29/><G18/><T4/><D6/><U63/><E63/><V54/><F54/><W131/><G127/><T82/><D2/><U91/><E33/><V132/><F132/><W20/><G20/><T43/><D67/><U115/><E115/><V130/><F0/><W104/><G117/><T50/><D37/><U7/><E39/><V58/><F101/><N who="3" m="62503" /><G121/><T70/><D50/><U14/><E46/><V1/><F1/><W76/><G85/><T77/><D114/><U19/><E35/><V93/><F80/><W97/><G97/><T28/><D70/><U15/><REACH who="1" step="1"/><E25/><REACH who="1" ten="347,175,181,287" step="2"/><V123/><F123/><W78/><G34/><T92/><D119/><U133/><E133/><V73/><F130/><W125/><G125/><T122/><D116/><U118/><E118/><V86/><F47/><W60/><G129/><T113/><D113/><U26/><E26/><V44/><F44/><W16/><G131/><T89/><D122/><U38/><E38/><V5/><F40/><W51/><G27/><T65/><D43/><U30/><E30/><V69/><F58/><W103/><G29/><T100/><D42/><U22/><E22/><V45/><F45/><W31/><G31/><T9/><D21/><U41/><E41/><V55/><F55/><W52/><G52/><RYUUKYOKU ba="1,1" sc="347,-15,175,15,181,15,287,-15" hai1="7,10,11,14,15,19,84,91,98,99,105,106,107" hai2="5,8,13,62,64,69,72,73,74,86,90,93,94" /><INIT seed="5,2,1,5,1,36" ten="332,190,196,272" oya="1" hai0="102,42,125,33,65,96,59,133,26,49,117,84,114" hai1="55,99,78,121,118,20,107,71,126,19,101,46,68" hai2="90,66,116,105,22,86,38,104,34,135,6,37,113" hai3="109,62,10,51,15,28,52,60,24,128,70,40,82"/><U122/><E126/><V94/><F34/><W103/><G109/><T87/><D117/><U16/><E118/><V7/><F116/><W77/><G128/><T25/><D114/><U91/><E78/><V92/><F66/><W127/><G103/><T110/><D110/><U14/><E91/><V64/><F64/><W108/><G70/><T21/><D33/><U123/><REACH who="1" step="1"/><E19/><REACH who="1" ten="332,180,196,272" step="2"/><V63/><F113/><W74/><G127/><T88/><D88/><U9/><E9/><V18/><F18/><W57/><G108/><T53/><D125/><U100/><E100/><V1/><F90/><W43/><G10/><T132/><D102/><U5/><E5/><V115/><F7/><W80/><G77/><T75/><D132/><U85/><E85/><V35/><F6/><W2/><G74/><T39/><D75/><U3/><E3/><V13/><F86/><W120/><G2/><T58/><D87/><U50/><AGARI ba="2,2" hai="14,16,20,46,50,55,68,71,99,101,107,121,122,123" machi="50" ten="40,7800,0" yaku="1,1,0,1,54,1,53,0" doraHai="36" doraHaiUra="29" who="1" fromWho="1" sc="332,-28,180,104,196,-28,272,-28" /><INIT seed="5,3,0,0,0,22" ten="304,284,168,244" oya="1" hai0="0,21,104,77,114,74,119,31,103,90,109,42,120" hai1="13,98,45,87,76,89,66,49,52,127,108,82,25" hai2="95,83,100,132,12,14,9,102,71,123,99,129,3" hai3="7,32,53,64,126,15,63,111,94,58,133,5,105"/><U29/><E127/><V81/><F3/><W92/><G105/><T11/><D90/><U112/><E112/><V43/><F123/><W131/><G32/><T86/><D86/><U26/><E108/><V37/><F129/><W61/><G131/><T130/><D103/><U35/><E66/><V113/><F132/><W115/><G115/><T62/><D62/><U20/><E13/><V30/><F113/><W17/><G111/><T70/><D104/><U96/><REACH who="1" step="1"/><E76/><REACH who="1" ten="304,274,168,244" step="2"/><V101/><F14/><W50/><G126/><T19/><D77/><U116/><E116/><V23/><F12/><W73/><G133/><T18/><D119/><U80/><E80/><V28/><F81/><W10/><G64/><T55/><D114/><U38/><E38/><V67/><F83/><W79/><G79/><T121/><D109/><U8/><E8/><V6/><F9/><W34/><G15/><T24/><D11/><U41/><E41/><V97/><F43/><W134/><G134/><T122/><D42/><U135/><E135/><V57/><F37/><W33/><G10/><T88/><D122/><U27/><E27/><N who="2" m="16511" /><F6/><W44/><G7/><T106/><D121/><U54/><E54/><V91/><F71/><W84/><G5/><T110/><D70/><U117/><E117/><V69/><F69/><W93/><G53/><T48/><D55/><U72/><E72/><V65/><F65/><W75/><G73/><T36/><D74/><U4/><E4/><V60/><F30/><AGARI ba="3,1" hai="20,25,26,29,30,35,45,49,52,82,87,89,96,98" machi="30" ten="30,12000,1" yaku="1,1,7,1,52,2,54,1,53,0" doraHai="22" doraHaiUra="118" who="1" fromWho="2" sc="304,0,274,139,168,-129,244,0" /><BYE who="2" /><INIT seed="5,4,0,2,4,114" ten="304,413,39,244" oya="1" hai0="6,99,133,54,28,103,121,16,83,25,9,10,46" hai1="47,11,81,31,59,55,15,116,89,107,127,27,24" hai2="97,90,62,51,33,128,125,13,76,53,39,126,70" hai3="119,8,4,120,80,20,65,29,86,109,75,106,0"/><U100/><E127/><V57/><F57/><W118/><G75/><T134/><D121/><U63/><E116/><N who="3" m="44586" /><G120/><T2/><D83/><U71/><E71/><V122/><F122/><W5/><G106/><T58/><D46/><U26/><E107/><V32/><F32/><W117/><N who="3" m="44594" /><W56/><DORA hai="61" /><G109/><T104/><D10/><U72/><E100/><V131/><F131/><W112/><G112/><T101/><D103/><U79/><E47/><V132/><F132/><W42/><G42/><T40/><D40/><U123/><E123/><V19/><F19/><W115/><G115/><T38/><D38/><U88/><REACH who="1" step="1"/><E31/><REACH who="1" ten="304,403,39,244" step="2"/><V68/><F68/><W52/><G5/><AGARI ba="4,1" hai="5,11,15,24,26,27,55,59,63,72,79,81,88,89" machi="5" ten="40,7700,0" yaku="1,1,2,1,54,1,53,0" doraHai="114,61" doraHaiUra="67,113" who="1" fromWho="3" sc="304,0,403,99,39,0,244,-89" /><INIT seed="5,5,0,4,0,41" ten="304,502,39,155" oya="1" hai0="9,100,42,104,44,69,110,38,66,128,10,87,107" hai1="27,6,58,83,133,102,98,71,60,97,76,131,48" hai2="120,68,73,75,122,1,64,117,123,96,81,129,37" hai3="85,106,65,101,125,62,7,16,79,52,40,74,55"/><U43/><E131/><V124/><F124/><W3/><G125/><T30/><D110/><U63/><E133/><V49/><F49/><W127/><G40/><T72/><D72/><U2/><E27/><V126/><F126/><W94/><G74/><T24/><D128/><U93/><E71/><V50/><F50/><W77/><G106/><T35/><D87/><N who="1" m="48615" /><E2/><V92/><F92/><W25/><G127/><T36/><D107/><U103/><E6/><V22/><F22/><W116/><G116/><T13/><D13/><U45/><E58/><V32/><F32/><W90/><G101/><N who="1" m="38410" /><E98/><V111/><F111/><W0/><G0/><T67/><D67/><U28/><E28/><V78/><F78/><W119/><G119/><T23/><D38/><U95/><E95/><V51/><F51/><W108/><G108/><T47/><D35/><U99/><E99/><V56/><F56/><N who="3" m="37063" /><G7/><T105/><D105/><U14/><E14/><V53/><F53/><N who="3" m="20555" /><G3/><T18/><D36/><U39/><E39/><V112/><F112/><W135/><G135/><T115/><D115/><U17/><E17/><V46/><F46/><W59/><G59/><T114/><D114/><U15/><E15/><V109/><F109/><W19/><G25/><T113/><D113/><U70/><E70/><V33/><F33/><W34/><G34/><T88/><D69/><U4/><E4/><V57/><F57/><W134/><G134/><T61/><D104/><U26/><E26/><V91/><F91/><AGARI ba="5,0" hai="43,45,48,60,63,91,93,97" m="38410,48615" machi="91" ten="30,2900,0" yaku="8,1,52,1" doraHai="41" who="1" fromWho="2" sc="304,0,502,44,39,-44,155,0" owari="304,10.0,546,65.0,-5,-51.0,155,-24.0" /></mjloggm>