<mjloggm ver="2.3"><GO type="169" lobby="0"/><UN n0="%E3%81%AE%E3%81%A9%E3%81%94%E3%81%97%E3%80%88%E7%94%9F%E3%80%89" n1="%74%61%6E%61%4B%61" n2="%28%E8%9B%99%E3%83%BB%60%CF%89%E3%83%BB%C2%B4%29" n3="%E3%82%A6%E3%83%AB%E3%83%88%E3%83%A9%E7%AB%8B%E7%9B%B4" dan="17,16,16,17" rate="2090.14,2183.94,2118.95,2121.97" sx="M,M,M,M"/><TAIKYOKU oya="0"/><INIT seed="0,0,0,5,1,38" ten="250,250,250,250" oya="0" hai0="72,6,33,66,107,79,118,110,13,64,61,135,131" hai1="35,85,75,68,11,87,30,86,55,17,98,7,116" hai2="54,46,59,39,76,74,22,58,88,73,124,99,134" hai3="28,103,40,108,122,50,9,53,132,113,16,123,49"/><T133/><D118/><U34/><E68/><V60/><F134/><W130/><G28/><T70/><D13/><U82/><E116/><V121/><F121/><N who="3" m="46091" /><G113/><T37/><D6/><U117/><E117/><V25/><F124/><W42/><G132/><T45/><D66/><U119/><E119/><V89/><F76/><W5/><G130/><T44/><D44/><U91/><E17/><N who="2" m="12495" /><F89/><W112/><G112/><T101/><D131/><U77/><E30/><V1/><F1/><N who="3" m="175" /><G103/><T90/><D90/><U31/><E31/><V80/><F80/><W23/><G108/><T84/><D33/><U106/><E34/><V126/><F126/><W48/><G53/><T104/><D110/><U67/><E55/><V96/><F96/><W47/><G47/><T19/><D84/><U109/><E35/><V102/><F102/><W128/><G128/><T52/><D52/><U14/><E67/><V69/><F69/><W125/><G125/><T71/><D71/><U29/><E109/><V41/><F59/><W12/><AGARI ba="0,0" hai="12,16,23,40,42,48,49,50" m="175,46091" machi="12" ten="30,7900,0" yaku="13,1,52,2,54,1" doraHai="38" who="3" fromWho="3" sc="250,-39,250,-20,250,-20,250,79" /><INIT seed="1,0,0,0,5,28" ten="211,230,230,329" oya="1" hai0="14,16,45,17,32,76,39,116,20,65,5,27,96" hai1="55,84,29,58,109,8,132,101,71,117,80,102,93" hai2="21,97,120,49,89,79,23,62,95,56,70,100,103" hai3="133,42,3,114,85,115,11,46,1,119,51,92,122"/><U118/><E71/><V53/><F120/><W123/><G92/><T34/><D65/><U38/><E38/><V110/><F110/><W60/><G85/><T125/><D76/><U73/><E132/><V112/><F112/><W54/><G11/><T129/><D116/><U57/><E109/><V91/><F79/><W41/><G3/><T124/><D96/><U68/><E68/><V44/><F70/><W88/><G88/><N who="2" m="33865" /><F103/><W63/><G1/><T126/><D5/><U107/><E8/><V61/><F61/><N who="3" m="23627" /><G133/><T6/><D6/><U106/><E73/><V59/><F59/><W4/><G4/><T48/><D39/><U35/><E117/><V33/><F33/><W111/><G111/><T7/><D7/><U127/><E118/><V113/><F113/><N who="3" m="43019" /><G119/><T69/><D69/><U108/><E108/><V13/><F13/><W130/><G130/><T90/><D90/><U9/><E102/><V26/><F26/><W0/><G0/><T18/><D129/><U12/><E101/><V99/><F99/><W134/><G134/><T52/><D14/><U104/><E107/><V66/><AGARI ba="0,0" hai="21,23,44,49,53,56,62,66,95,97,100" m="33865" machi="66" ten="30,2000,0" yaku="8,1,54,1" doraHai="28" who="2" fromWho="2" sc="211,-5,230,-10,230,20,329,-5" /><INIT seed="2,0,0,0,2,80" ten="206,220,250,324" oya="2" hai0="9,71,73,17,107,67,64,30,62,34,114,117,105" hai1="69,87,15,55,82,83,54,3,98,128,116,124,1" hai2="72,26,109,53,41,28,126,20,29,23,118,125,106" hai3="18,16,21,24,58,12,27,42,25,90,132,75,81"/><V78/><F118/><W70/><G70/><T92/><D73/><U127/><E116/><V38/><F106/><W120/><G120/><T100/><D117/><U97/><E15/><V11/><F109/><W50/><G132/><T134/><D134/><U112/><E69/><V133/><F133/><W110/><G110/><T6/><D114/><U135/><E135/><V76/><F11/><N who="3" m="6175" /><G75/><T115/><D115/><U44/><E112/><V52/><F41/><W93/><G81/><T79/><D79/><N who="2" m="30250" /><F38/><W103/><G103/><T74/><D74/><U4/><E44/><V63/><F63/><W43/><G43/><T60/><D17/><U94/><E94/><V35/><F72/><W39/><G39/><T48/><D48/><U96/><E96/><V51/><F51/><W36/><G36/><T10/><D92/><U121/><E121/><V13/><F13/><W0/><G0/><T113/><D113/><U33/><E33/><V2/><F2/><W56/><G56/><T31/><D71/><U68/><E68/><V40/><F40/><W57/><G57/><T89/><D34/><U119/><E119/><V123/><F123/><W130/><G130/><T101/><D6/><U46/><E46/><V66/><F66/><W14/><G42/><T129/><D129/><U131/><REACH who="1" step="1"/><E4/><REACH who="1" ten="206,210,250,324" step="2"/><V86/><F35/><W77/><G14/><T95/><D95/><U65/><E65/><V111/><F111/><W32/><G32/><T61/><D61/><U37/><E37/><V99/><F99/><N who="3" m="57783" /><G27/><T85/><D67/><U47/><E47/><V122/><F26/><W8/><G25/><RYUUKYOKU ba="0,1" sc="206,-10,210,30,250,-10,324,-10" hai1="1,3,54,55,82,83,87,97,98,124,127,128,131" /><INIT seed="3,1,1,1,5,89" ten="196,240,240,314" oya="3" hai0="107,7,97,51,3,32,6,26,54,31,23,37,57" hai1="123,63,47,103,44,2,91,49,20,42,1,9,130" hai2="75,73,5,58,13,28,65,115,60,82,86,30,45" hai3="18,21,132,105,125,27,34,83,113,64,38,104,74"/><W68/><G38/><T95/><D37/><U14/><E123/><V19/><F115/><W127/><G113/><T84/><D107/><U87/><E130/><V52/><F5/><W106/><G34/><T118/><D118/><U121/><E121/><V71/><F73/><W88/><G132/><T25/><D3/><U93/><E103/><V90/><F75/><W128/><G128/><T43/><D84/><U99/><E20/><V55/><F71/><W33/><G33/><T15/><D15/><U122/><E122/><V62/><F62/><W41/><G41/><T92/><D43/><U109/><E109/><V67/><F55/><W101/><G101/><T36/><D36/><U116/><E116/><V50/><F67/><W131/><G131/><T69/><D69/><U80/><E63/><V119/><REACH who="2" step="1"/><F119/><REACH who="2" ten="196,240,230,314" step="2"/><W134/><G74/><T0/><D0/><U117/><E117/><V61/><F61/><N who="3" m="39951" /><G134/><T39/><D7/><N who="1" m="3391" /><E2/><V111/><F111/><W133/><G133/><T48/><D6/><U40/><E1/><V12/><F12/><W120/><G120/><T110/><D110/><U112/><E112/><V135/><F135/><W98/><G127/><T10/><D26/><U76/><E40/><V46/><F46/><AGARI ba="1,2" hai="42,44,46,47,49,76,80,87,91,93,99" m="3391" machi="46" ten="30,3900,0" yaku="25,1,8,1,52,1" doraHai="89" who="1" fromWho="2" sc="196,0,240,62,230,-42,314,0" /><INIT seed="4,0,0,4,2,61" ten="196,302,188,314" oya="0" hai0="127,59,5,28,22,21,26,79,112,88,25,37,72" hai1="126,78,51,39,47,109,96,81,132,24,57,71,65" hai2="125,93,107,67,19,89,82,75,62,12,80,92,56" hai3="30,58,48,87,94,70,134,46,54,63,44,83,106"/><T113/><D37/><U135/><E109/><V123/><F107/><W8/><G106/><T105/><D105/><U10/><E126/><V86/><F125/><W34/><G134/><N who="1" m="51242" /><E71/><V18/><F123/><W98/><G70/><T101/><D127/><U14/><E24/><V124/><F124/><W115/><G115/><T114/><D101/><U97/><E39/><V118/><F118/><W45/><G8/><T42/><D42/><N who="1" m="25079" /><E57/><V36/><F36/><W102/><G30/><T129/><D59/><U33/><E33/><V7/><F7/><W120/><G34/><T99/><D5/><N who="1" m="3407" /><E65/><V27/><F75/><AGARI ba="0,0" hai="75,78,81,96,97" m="3407,25079,51242" machi="75" ten="30,1000,0" yaku="20,1" doraHai="61" who="1" fromWho="2" sc="196,0,302,10,188,-10,314,0" /><INIT seed="5,0,0,2,5,51" ten="196,312,178,314" oya="1" hai0="87,83,3,102,80,32,33,67,17,53,123,121,75" hai1="109,12,108,62,70,89,130,115,106,96,66,71,5" hai2="30,119,40,116,118,36,55,63,120,29,9,81,91" hai3="107,57,38,129,74,98,59,28,6,61,93,77,39"/><U60/><E115/><V58/><F120/><W79/><G107/><T97/><D67/><U11/><E130/><V34/><F9/><W100/><G39/><T56/><D17/><U103/><E89/><V84/><REACH who="2" step="1"/><F34/><REACH who="2" ten="196,312,168,314" step="2"/><W65/><G129/><T122/><D3/><U90/><E109/><V135/><F135/><W95/><G6/><T110/><D110/><U104/><E108/><V4/><F4/><W92/><G74/><T15/><D75/><U132/><E132/><V50/><F50/><W18/><G38/><T14/><D33/><U19/><E5/><V69/><F69/><W94/><G28/><T82/><D32/><U117/><E71/><V43/><F43/><W86/><G18/><T113/><D113/><U88/><E117/><V22/><F22/><W101/><G101/><T47/><D47/><AGARI ba="0,1" hai="29,30,36,40,47,55,58,63,81,84,91,116,118,119" machi="47" ten="40,2600,0" yaku="1,1,52,1,53,0" doraHai="51" doraHaiUra="64" who="2" fromWho="0" sc="196,-26,312,0,168,36,314,0" /><INIT seed="6,0,0,4,3,119" ten="170,312,204,314" oya="2" hai0="84,16,44,22,103,114,14,100,15,39,107,52,21" hai1="128,64,41,25,116,54,42,117,35,58,70,109,1" hai2="131,45,37,81,26,10,129,77,71,67,92,126,66" hai3="34,115,97,5,72,121,83,123,110,130,29,87,32"/><V18/><F126/><W96/><G29/><T105/><D84/><U132/><E1/><V36/><F92/><W90/><G5/><T122/><D39/><N who="2" m="14922" /><F71/><W9/><G9/><T93/><D93/><U43/><E25/><V86/><F45/><W33/><G110/><T20/><D20/><U98/><E109/><V101/><F101/><W76/><G130/><N who="2" m="49673" /><F26/><W127/><G127/><T13/><D13/><AGARI ba="0,0" hai="10,13,18,66,67,77,81,86" m="49673,14922" machi="13" ten="30,1500,0" yaku="19,1" doraHai="119" who="2" fromWho="0" sc="170,-15,312,0,204,15,314,0" /><INIT seed="6,1,0,3,3,41" ten="155,312,219,314" oya="2" hai0="92,40,97,135,119,12,27,8,11,32,22,131,124" hai1="70,99,96,17,23,64,1,37,108,134,53,39,51" hai2="31,100,104,43,102,109,113,128,60,35,20,98,36" hai3="65,121,110,118,73,9,129,2,74,34,57,91,75"/><V79/><F113/><W125/><G34/><T0/><D119/><U54/><E108/><V76/><F128/><W58/><G65/><T133/><D40/><U82/><E1/><V26/><F109/><W16/><G118/><T4/><D131/><U46/><E134/><V105/><F60/><W89/><G2/><T90/><D124/><U29/><E29/><V49/><F36/><W93/><G121/><T117/><D117/><U33/><E33/><V67/><F67/><W13/><G110/><T86/><D86/><U81/><E64/><V103/><F103/><W78/><G78/><T61/><D11/><U55/><E70/><V111/><F111/><W44/><G91/><T38/><D38/><U21/><E39/><V130/><F130/><W83/><G83/><N who="1" m="31754" /><E37/><V120/><F120/><W77/><G77/><T25/><D61/><U68/><E21/><V7/><F7/><W132/><G132/><T71/><D27/><N who="1" m="14831" /><E68/><V127/><F127/><W6/><G125/><T42/><D71/><U59/><E59/><N who="3" m="22538" /><G75/><T47/><D133/><U10/><E10/><V19/><F104/><W84/><G74/><T48/><D135/><U24/><E24/><V116/><F116/><W72/><G72/><T30/><REACH who="0" step="1"/><D32/><REACH who="0" ten="145,312,219,314" step="2"/><U112/><E112/><V114/><F114/><W18/><G73/><T69/><D69/><U80/><E99/><N who="2" m="61599" /><F43/><W66/><G129/><T106/><D106/><U50/><E96/><V15/><F49/><W88/><G84/><T122/><D122/><U14/><E51/><V45/><F35/><W95/><G9/><T115/><D115/><U94/><E50/><RYUUKYOKU ba="1,1" sc="145,30,312,-10,219,-10,314,-10" hai0="0,4,8,12,22,25,30,42,47,48,90,92,97" /><INIT seed="7,2,1,5,1,31" ten="175,302,209,304" oya="3" hai0="108,64,75,54,35,41,21,72,28,118,102,5,10" hai1="135,127,77,80,59,109,8,45,89,52,125,106,20" hai2="27,9,112,60,49,11,18,6,38,98,43,53,29" hai3="114,128,15,19,70,55,37,90,16,81,61,83,103"/><W117/><G37/><T101/><D118/><U133/><E109/><V79/><F112/><W69/><G103/><T85/><D108/><U119/><E106/><V126/><F126/><N who="1" m="48137" /><E45/><V4/><F79/><W78/><G114/><T129/><D129/><U17/><E8/><V76/><F76/><W25/><G128/><T91/><D41/><U48/><E89/><V7/><F60/><W73/><G90/><T122/><D122/><U104/><E104/><V24/><F43/><W82/><G81/><T97/><D54/><U115/><E115/><V113/><F38/><W39/><G82/><T40/><D40/><U36/><E36/><V67/><F67/><W3/><G3/><T105/><D64/><U100/><E100/><V58/><F113/><W12/><G39/><T1/><D102/><U95/><E95/><V68/><F68/><W23/><G69/><T110/><D110/><U92/><E92/><V0/><F98/><W71/><G117/><T131/><D131/><U47/><E47/><V134/><F134/><W86/><G73/><T123/><D123/><U111/><E111/><V93/><F93/><W33/><G70/><T66/><D66/><U124/><E119/><V42/><F42/><W116/><G116/><T22/><D91/><U132/><E124/><V57/><F57/><N who="3" m="35007" /><G71/><T50/><D85/><N who="1" m="48271" /><E135/><V65/><F65/><W2/><G2/><T51/><D75/><U96/><E96/><V107/><F107/><W121/><G121/><T74/><D74/><U56/><E56/><V99/><F99/><W30/><G33/><T62/><D72/><U120/><E120/><RYUUKYOKU ba="2,1" sc="175,-15,302,15,209,-15,304,15" hai1="17,20,48,52,59,132,133" hai3="12,15,16,19,23,25,30,78,83,86" owari="160,-34.0,317,12.0,194,-21.0,329,43.0" /></mjloggm>