<mjloggm ver="2.3"><GO type="97" lobby="0"/><UN n0="%E3%83%88%E3%83%88%E3%83%AA%E5%85%88%E7%94%9F%31%39%E6%AD%B3" n1="%E3%83%99%E3%83%9B%E3%82%A4%E3%83%9F" n2="%6D%61%73%61%31%30%31%33" n3="%E3%81%BF%E3%81%9A%E3%81%BE%EF%BD%94" dan="15,15,15,15" rate="2062.31,2001.90,1993.30,2103.44" sx="F,M,M,M"/><TAIKYOKU oya="0"/><INIT seed="0,0,0,3,5,43" ten="250,250,250,250" oya="0" hai0="127,35,129,89,36,77,82,59,126,100,104,44,75" hai1="62,123,91,14,86,9,134,125,66,10,112,19,45" hai2="31,12,64,133,61,113,30,51,92,58,120,95,28" hai3="23,4,109,79,47,40,115,128,8,18,48,53,52"/><T83/><D35/><U69/><E123/><V67/><F120/><W118/><G115/><T63/><D129/><U114/><E134/><V103/><F133/><W68/><G118/><T5/><D5/><U74/><E74/><V20/><F113/><N who="1" m="43625" /><E125/><N who="0" m="47625" /><D100/><U60/><E60/><V87/><F67/><W7/><G68/><T38/><D104/><U94/><E45/><V80/><F103/><W29/><G29/><T106/><D106/><U78/><E78/><V46/><F12/><N who="3" m="5127" /><G109/><T42/><D83/><U25/><E25/><V26/><F92/><W81/><G7/><T57/><D89/><U108/><E108/><V73/><F95/><W122/><G122/><T99/><D99/><U27/><E27/><V130/><F73/><W110/><G110/><T37/><D59/><U88/><E91/><N who="2" m="51687" /><F130/><W71/><G71/><T41/><D41/><AGARI ba="0,0" hai="20,26,28,30,31,41,46,51,58,61,64" m="51687" machi="41" ten="30,2000,0" yaku="8,1,52,1" doraHai="43" who="2" fromWho="0" sc="250,-20,250,0,250,20,250,0" /><INIT seed="1,0,0,2,2,39" ten="230,250,270,250" oya="1" hai0="80,20,70,93,76,49,87,47,122,101,46,85,59" hai1="9,91,79,98,115,111,43,1,118,125,29,113,130" hai2="78,15,30,53,86,124,17,23,18,50,74,82,5" hai3="97,127,75,71,22,7,11,99,66,110,64,12,10"/><U56/><E118/><V116/><F116/><W105/><G75/><T103/><D70/><U89/><E79/><V52/><F124/><W21/><G127/><T14/><D122/><U88/><E125/><V26/><F74/><W6/><G110/><T135/><D135/><U95/><E29/><V69/><F69/><W117/><G71/><T28/><D46/><U62/><E111/><V37/><F37/><W45/><G117/><T107/><D107/><U102/><E130/><V65/><F65/><W24/><G45/><T48/><D48/><U133/><E133/><V84/><F84/><W40/><G105/><T35/><D35/><U96/><E96/><V4/><F18/><W129/><G24/><N who="0" m="16391" /><D59/><U36/><E43/><V57/><REACH who="2" step="1"/><F53/><REACH who="2" ten="230,250,260,250" step="2"/><W25/><G129/><T16/><D87/><U106/><E36/><V32/><AGARI ba="0,1" hai="4,5,15,17,23,26,30,32,50,52,57,78,82,86" machi="32" ten="20,8000,1" yaku="1,1,2,1,0,1,7,1,54,1,53,0" doraHai="39" doraHaiUra="100" who="2" fromWho="2" sc="230,-20,250,-40,260,90,250,-20" /><INIT seed="2,0,0,0,1,92" ten="210,210,350,230" oya="2" hai0="38,118,112,20,15,40,65,82,73,64,6,52,96" hai1="63,58,128,49,10,12,100,18,85,88,25,107,90" hai2="101,126,130,134,106,53,3,76,8,14,77,68,16" hai3="44,116,26,119,55,135,103,78,70,45,113,61,95"/><V7/><F126/><W56/><G78/><T1/><D112/><U34/><E128/><V57/><F68/><W11/><G11/><N who="0" m="2511" /><D15/><U2/><E2/><V13/><F130/><W17/><G113/><T89/><D20/><N who="1" m="13463" /><E34/><V43/><F3/><W97/><G70/><T4/><D4/><N who="1" m="3143" /><E107/><V0/><F0/><W91/><G135/><T74/><D74/><U86/><E100/><V120/><F43/><W35/><G103/><T121/><D121/><U60/><E49/><V80/><F120/><W124/><G124/><T24/><D24/><U104/><E104/><V99/><F134/><W48/><G45/><N who="0" m="23703" /><D118/><U62/><E58/><V110/><F110/><W132/><G132/><T114/><D114/><U41/><E41/><V94/><F106/><W72/><G72/><T83/><D83/><N who="1" m="49215" /><E63/><N who="2" m="36271" /><F80/><AGARI ba="0,0" hai="60,62,80,86,90" m="49215,3143,13463" machi="80" ten="30,2000,0" yaku="8,1,54,1" doraHai="92" who="1" fromWho="2" sc="210,0,210,20,350,-20,230,0" /><INIT seed="3,0,0,5,3,55" ten="210,230,330,230" oya="3" hai0="83,32,109,56,106,134,121,90,132,76,43,80,126" hai1="36,33,23,81,131,11,94,135,88,14,25,104,87" hai2="24,67,111,4,19,79,2,107,60,53,117,52,46" hai3="16,49,12,91,17,66,47,58,41,3,18,97,82"/><W120/><G120/><T89/><D121/><U73/><E104/><V65/><F111/><W5/><G3/><T37/><D32/><U29/><E135/><N who="0" m="51753" /><D109/><U34/><E131/><V70/><F117/><W10/><G97/><T54/><D126/><U45/><E36/><V71/><F107/><W64/><REACH who="3" step="1"/><G58/><REACH who="3" ten="210,230,330,220" step="2"/><T1/><D1/><U62/><E45/><V42/><F2/><W119/><G119/><T15/><D106/><U128/><E128/><V28/><F46/><W102/><G102/><T112/><D112/><U44/><E44/><V110/><F71/><W30/><G30/><T0/><D0/><U26/><E29/><V103/><F70/><W21/><G21/><T95/><D43/><U22/><E23/><V69/><F42/><W85/><AGARI ba="0,1" hai="5,10,12,16,17,18,41,47,49,64,66,82,85,91" machi="85" ten="30,11700,0" yaku="1,1,0,1,8,1,54,1,53,0" doraHai="55" doraHaiUra="105" who="3" fromWho="3" sc="210,-39,230,-39,330,-39,220,127" owari="171,-33.0,191,-21.0,291,9.0,347,45.0" /></mjloggm>