<mjloggm ver="2.3"><GO type="97" lobby="0"/><UN n0="%E3%81%8D%E3%81%9A%E3%81%9A" n1="%E5%B0%B1%E6%B4%BB%E7%94%9F%40%E5%B7%9D%E6%9D%91%E8%BB%8D%E5%9B%A3" n2="%69%74%74%75%64%65%6D%69" n3="%E3%81%93%E3%82%8C%E3%81%AF%E3%81%AA%E3%81%84%E3%83%BB%E3%83%BB%E3%83%BB" dan="13,15,14,15" rate="1942.40,2062.49,1958.18,1991.90" sx="M,M,M,M"/><TAIKYOKU oya="0"/><INIT seed="0,0,0,1,5,74" ten="250,250,250,250" oya="0" hai0="63,13,94,115,126,69,16,65,31,59,54,95,113" hai1="84,10,79,28,37,101,120,93,36,19,76,44,2" hai2="43,22,121,34,99,104,111,81,119,133,97,106,127" hai3="123,61,39,124,17,4,20,35,55,80,3,9,29"/><T15/><D126/><U6/><E120/><V96/><F43/><W75/><G124/><T45/><D31/><U78/><E28/><V25/><F34/><W40/><G123/><T82/><D45/><U129/><E129/><V108/><F127/><W42/><G39/><T7/><D7/><U132/><E132/><V68/><F68/><W23/><G23/><T86/><D94/><U51/><E19/><V24/><F121/><W18/><G18/><T58/><D95/><U107/><E107/><V21/><F133/><W67/><G55/><T11/><D13/><U98/><REACH who="1" step="1"/><E84/><REACH who="1" ten="250,240,250,250" step="2"/><V66/><F119/><W91/><G29/><T134/><D134/><U112/><E112/><V41/><F106/><W62/><G17/><T73/><D73/><U117/><E117/><V122/><F104/><W0/><G75/><T103/><D103/><U57/><E57/><V32/><F122/><W27/><G35/><T116/><D116/><U64/><E64/><V114/><F32/><W109/><G4/><T128/><D128/><U92/><E92/><V71/><F114/><W88/><G67/><T72/><D72/><U14/><E14/><V12/><F12/><W85/><G85/><T60/><REACH who="0" step="1"/><D59/><REACH who="0" ten="240,240,250,250" step="2"/><U125/><E125/><V53/><F71/><W49/><G3/><T90/><AGARI ba="0,2" hai="11,15,16,54,58,60,63,65,69,82,86,90,113,115" machi="90" ten="20,12000,1" yaku="1,1,2,1,0,1,7,1,54,1,53,0" doraHai="74" doraHaiUra="1" who="0" fromWho="0" sc="240,140,240,-40,250,-40,250,-40" /><INIT seed="0,1,0,1,4,34" ten="380,200,210,210" oya="0" hai0="93,45,129,73,10,12,94,31,6,80,65,28,67" hai1="81,9,120,103,16,123,109,107,60,111,100,78,26" hai2="29,116,48,50,58,104,83,18,88,37,91,27,52" hai3="99,96,17,113,53,89,21,25,77,56,46,115,5"/><T57/><D129/><U118/><E118/><V54/><F37/><W114/><G77/><T23/><D73/><N who="1" m="43215" /><E60/><V4/><F104/><W35/><G35/><T55/><D80/><U62/><E62/><V64/><F116/><W84/><G46/><T22/><D45/><U49/><E49/><V127/><F127/><W38/><G38/><T101/><D23/><N who="1" m="13671" /><E9/><V97/><F64/><N who="0" m="24650" /><D22/><U71/><E71/><V122/><F122/><N who="1" m="46633" /><E107/><V76/><F4/><W33/><G33/><T108/><D108/><AGARI ba="1,0" hai="100,103,108,109,111" m="46633,13671,43215" machi="108" ten="30,2000,0" yaku="14,1,54,1" doraHai="34" who="1" fromWho="0" sc="380,-23,200,23,210,0,210,0" /><INIT seed="1,0,0,2,2,125" ten="357,223,210,210" oya="1" hai0="82,103,61,116,84,74,113,89,4,132,90,79,35" hai1="45,105,42,106,55,7,115,64,80,36,121,0,108" hai2="114,77,49,58,126,128,33,99,88,8,83,134,54" hai3="76,37,98,119,122,15,47,85,50,34,23,95,86"/><U57/><E121/><V135/><F33/><W63/><G34/><T18/><D116/><U22/><E115/><V46/><F114/><W91/><G37/><T68/><D113/><U72/><E64/><V120/><F120/><W102/><G76/><T52/><D4/><U59/><E22/><V93/><F126/><W107/><G122/><T51/><D103/><U70/><E70/><V38/><F8/><W71/><G119/><T39/><D39/><U56/><E55/><V127/><F127/><W87/><G63/><T29/><D132/><U2/><E108/><V10/><F10/><W133/><G133/><T62/><D18/><U44/><E44/><V131/><F38/><W48/><G71/><T123/><D123/><U27/><E27/><V124/><F124/><W41/><REACH who="3" step="1"/><G48/><REACH who="3" ten="357,223,210,200" step="2"/><T17/><D35/><U109/><E109/><V25/><F135/><W43/><G43/><T26/><D68/><U92/><E36/><V30/><F134/><W112/><G112/><T40/><D40/><U81/><E42/><V60/><F77/><W24/><G24/><T96/><D61/><U21/><E72/><V9/><F9/><W6/><G6/><T94/><D62/><U129/><E7/><V73/><F73/><W104/><G104/><T1/><D26/><U11/><E105/><V66/><F83/><W19/><AGARI ba="0,1" hai="15,19,23,41,47,50,85,86,87,91,95,98,102,107" machi="19" ten="30,2000,0" yaku="1,1,0,1,53,0" doraHai="125" doraHaiUra="118" who="3" fromWho="3" sc="357,-5,223,-10,210,-5,200,30" /><INIT seed="2,0,0,0,4,8" ten="352,213,205,230" oya="2" hai0="102,46,116,58,68,97,16,63,119,39,109,14,132" hai1="98,53,64,111,129,127,81,113,54,7,67,79,24" hai2="83,33,49,78,92,27,86,91,34,15,40,56,45" hai3="0,60,28,61,35,17,11,48,47,43,36,121,66"/><V38/><F34/><W108/><G108/><T115/><D115/><U133/><E113/><V96/><F33/><W25/><G121/><T110/><D68/><U5/><E111/><N who="0" m="42505" /><D132/><U37/><E37/><V84/><F27/><W90/><G66/><N who="1" m="25130" /><E129/><V19/><F38/><W59/><G90/><T62/><D46/><U10/><E133/><V82/><F56/><W89/><G89/><T70/><D70/><U105/><E105/><V77/><F83/><W94/><G94/><N who="0" m="58679" /><D39/><U135/><E127/><V69/><F69/><W134/><G134/><T31/><D31/><U2/><E2/><V126/><F126/><W1/><G1/><T99/><D99/><U76/><E98/><V41/><F86/><W22/><G59/><T104/><D104/><U71/><E71/><V6/><F6/><N who="3" m="1479" /><G36/><T13/><D13/><AGARI ba="0,0" hai="13,17,22,25,28,35,43,47,48,60,61" m="1479" machi="13" ten="30,2000,0" yaku="24,1,52,1" doraHai="8" who="3" fromWho="0" sc="352,-20,213,0,205,0,230,20" /><INIT seed="3,0,0,2,1,41" ten="332,213,205,250" oya="3" hai0="77,43,132,31,47,108,71,0,106,112,72,69,20" hai1="49,125,67,33,28,117,124,62,65,11,57,119,131" hai2="51,123,26,134,87,5,50,105,53,99,96,12,37" hai3="110,88,98,63,30,17,18,6,83,103,19,2,52"/><W25/><G2/><T54/><D106/><U120/><E120/><V22/><F37/><W82/><G6/><T78/><D0/><U15/><E33/><V113/><F123/><W89/><G110/><T74/><D108/><U46/><E28/><V94/><F113/><W76/><G103/><T70/><D54/><N who="1" m="30007" /><E131/><V85/><F105/><W68/><G98/><T45/><D43/><U73/><E73/><V75/><F75/><W36/><G36/><T84/><D84/><U128/><E128/><V40/><F134/><W107/><G107/><T130/><D130/><U48/><E67/><V35/><F35/><W102/><G102/><T59/><D59/><U4/><E48/><V135/><F135/><W64/><G52/><T79/><D112/><U127/><AGARI ba="0,0" hai="4,11,15,57,62,65,117,119,124,125,127" m="30007" machi="127" ten="40,2700,0" yaku="18,1,52,1" doraHai="41" who="1" fromWho="1" sc="332,-7,213,27,205,-7,250,-13" owari="325,42.0,240,4.0,198,-30.0,237,-16.0" /></mjloggm>