<mjloggm ver="2.3"><GO type="97" lobby="0"/><UN n0="%E3%82%AD%E3%83%B3%E3%82%B0%E3%83%AC%E3%82%AA" n1="%E3%81%82%E3%82%8F%E3%81%82%E3%82%8F%E2%98%86" n2="%E5%B0%B1%E6%B4%BB%E7%94%9F%40%E5%B7%9D%E6%9D%91%E8%BB%8D%E5%9B%A3" n3="%42%61%6C%6C%79" dan="13,14,14,14" rate="1810.42,1918.66,1991.45,1927.24" sx="M,F,M,M"/><TAIKYOKU oya="0"/><INIT seed="0,0,0,4,5,73" ten="250,250,250,250" oya="0" hai0="108,17,44,8,70,120,112,65,91,111,15,42,87" hai1="30,106,110,134,52,54,102,37,118,39,46,60,29" hai2="28,47,64,63,98,25,88,127,5,96,16,125,116" hai3="126,48,121,123,18,4,41,92,69,58,124,79,45"/><T14/><D120/><N who="3" m="46153" /><G69/><T130/><D112/><U21/><E118/><V26/><F116/><W86/><G4/><T113/><D113/><U61/><E134/><V33/><F5/><W135/><G135/><T99/><D130/><U20/><E110/><V34/><F47/><W71/><G71/><T114/><D114/><U77/><E102/><V67/><F63/><W74/><G74/><T12/><D99/><U43/><E106/><V104/><F104/><W6/><G6/><T32/><D32/><U66/><E66/><V105/><F105/><W89/><G18/><T131/><D131/><U56/><E77/><V38/><F38/><W82/><G58/><T81/><D65/><U36/><E61/><V68/><F68/><W22/><G22/><T90/><D70/><U62/><E60/><V1/><F1/><W115/><G115/><T3/><D3/><U83/><E54/><V0/><F0/><W117/><G117/><T85/><D108/><U2/><E2/><V78/><F28/><W13/><G13/><T95/><REACH who="0" step="1"/><D111/><REACH who="0" ten="240,250,250,250" step="2"/><U119/><E119/><V109/><F109/><W35/><G35/><T80/><D80/><U9/><E83/><V100/><F34/><W129/><G129/><T94/><D94/><U101/><E30/><V23/><F33/><W122/><G122/><T7/><D7/><U75/><E29/><V49/><F67/><W128/><G128/><T51/><AGARI ba="0,1" hai="8,12,14,15,17,42,44,51,81,85,87,90,91,95" machi="51" ten="20,7800,0" yaku="1,1,0,1,7,1,8,1,53,0" doraHai="73" doraHaiUra="132" who="0" fromWho="0" sc="240,88,250,-26,250,-26,250,-26" /><INIT seed="0,1,0,5,4,90" ten="328,224,224,224" oya="0" hai0="85,20,62,12,3,71,97,125,57,34,61,17,16" hai1="14,98,93,99,81,23,65,132,1,26,59,36,131" hai2="70,122,5,106,66,58,8,43,35,41,119,128,11" hai3="22,82,54,92,56,95,64,75,21,60,29,114,87"/><T118/><D118/><U101/><E1/><V77/><F35/><W39/><G39/><T69/><D125/><U96/><E36/><V135/><F70/><W52/><G114/><T33/><D3/><U100/><E132/><V78/><F106/><W115/><G115/><T55/><D71/><U63/><E131/><V47/><F122/><W51/><G75/><T30/><D30/><U27/><E81/><V83/><F128/><W110/><G110/><T123/><D123/><U91/><E27/><V44/><F135/><W111/><G111/><T53/><D69/><U126/><E14/><V50/><F119/><W112/><G112/><T37/><D37/><U15/><E15/><V104/><F104/><W32/><G32/><T133/><D133/><U76/><E76/><N who="2" m="29291" /><F83/><W45/><G54/><T120/><D120/><U79/><E79/><V121/><F121/><W107/><G107/><T67/><D33/><U24/><E126/><V117/><F5/><W9/><G9/><N who="2" m="3657" /><F117/><W25/><G22/><T38/><D34/><U13/><E13/><V74/><F74/><W28/><G28/><T86/><D38/><U89/><E24/><V102/><F102/><N who="1" m="39529" /><E89/><AGARI ba="1,0" hai="21,25,29,45,51,52,56,60,64,82,87,89,92,95" machi="89" ten="30,8000,1" yaku="7,1,8,1,52,2,54,1" doraHai="90" who="3" fromWho="1" sc="328,0,224,-83,224,0,224,83" /><INIT seed="1,0,0,4,5,6" ten="328,141,224,307" oya="1" hai0="32,71,52,7,46,130,8,3,85,25,82,116,97" hai1="69,110,78,70,2,21,103,113,37,108,41,27,4" hai2="73,13,66,104,31,96,112,107,33,105,26,34,86" hai3="134,40,39,102,118,68,16,12,76,19,60,92,57"/><U84/><E113/><V75/><F112/><W65/><G118/><T83/><D116/><U99/><E70/><V95/><F34/><W80/><G134/><T93/><D130/><U88/><E69/><V100/><F66/><W10/><G39/><T36/><D71/><U81/><E37/><V28/><F28/><W126/><G126/><T72/><D72/><U9/><E41/><V1/><F1/><W24/><G40/><T5/><D83/><U123/><E123/><V11/><REACH who="2" step="1"/><F86/><REACH who="2" ten="328,141,214,307" step="2"/><N who="3" m="48391" /><G68/><T106/><D85/><U0/><E0/><V61/><F61/><W22/><G102/><T30/><D30/><U17/><REACH who="1" step="1"/><E78/><REACH who="1" ten="328,131,214,307" step="2"/><V18/><AGARI ba="0,2" hai="11,13,18,26,31,33,73,75,95,96,100,104,105,107" machi="18" ten="30,4000,0" yaku="1,1,0,1,52,1,53,0" doraHai="6" doraHaiUra="79" who="2" fromWho="2" sc="328,-10,131,-20,214,60,307,-10" /><INIT seed="2,0,0,2,2,133" ten="318,111,274,297" oya="2" hai0="81,43,16,87,30,39,49,26,54,113,62,105,13" hai1="18,60,34,36,114,67,95,44,111,32,15,108,123" hai2="48,40,0,50,131,71,88,77,53,21,59,76,78" hai3="11,51,116,132,22,75,92,79,9,72,86,122,93"/><V64/><F0/><W56/><G116/><T119/><D119/><U58/><E114/><V120/><F120/><W118/><G118/><T42/><D113/><U66/><E123/><V28/><F131/><W5/><G132/><T38/><D105/><U2/><E67/><V23/><F28/><W20/><G86/><T17/><D62/><U14/><E2/><V128/><F128/><W52/><G122/><T47/><D17/><U96/><E34/><V82/><F71/><W74/><G79/><T1/><D1/><U130/><E32/><V69/><F69/><W7/><G74/><T103/><D103/><U31/><E130/><V10/><F64/><W57/><G51/><T135/><D135/><U25/><E31/><V107/><F10/><W70/><G70/><T90/><D39/><U68/><E25/><V3/><F3/><W12/><G12/><T98/><D98/><U8/><E68/><V33/><F33/><W102/><G102/><T94/><D94/><U65/><E66/><V110/><F107/><W126/><G126/><T73/><D73/><U61/><E60/><V104/><F104/><W115/><G115/><T89/><D89/><U100/><REACH who="1" step="1"/><E14/><REACH who="1" ten="318,101,274,297" step="2"/><V134/><F134/><W109/><G109/><T112/><D112/><U24/><E24/><V45/><F110/><W29/><G29/><T35/><D38/><U117/><E117/><V19/><F19/><W84/><G57/><T129/><D129/><U99/><E99/><V106/><F106/><W121/><G56/><T83/><D26/><U85/><E85/><AGARI ba="0,1" hai="21,23,40,45,48,50,53,59,76,77,78,82,85,88" machi="85" ten="40,3900,0" yaku="8,1,54,1" doraHai="133" who="2" fromWho="1" sc="318,0,101,-39,274,49,297,0" /><INIT seed="2,1,0,5,1,67" ten="318,62,323,297" oya="2" hai0="95,22,46,33,101,74,15,65,10,120,108,128,8" hai1="24,26,112,4,131,89,48,97,117,51,123,75,87" hai2="76,94,122,31,57,39,83,60,111,104,13,47,100" hai3="105,18,68,127,49,133,54,44,119,19,50,17,37"/><V72/><F122/><W41/><G119/><T70/><D120/><U30/><E48/><V124/><F104/><W102/><G127/><T32/><D108/><U80/><E51/><V58/><F124/><W29/><G29/><T23/><D128/><U45/><E45/><V53/><F111/><W84/><G84/><T79/><D10/><U14/><E26/><V91/><F100/><W98/><G133/><T56/><D70/><U92/><E14/><V107/><F107/><W1/><G1/><T40/><D23/><U5/><E4/><V2/><F2/><W93/><G68/><T35/><D22/><U121/><E5/><V114/><F114/><W103/><REACH who="3" step="1"/><G54/><REACH who="3" ten="318,62,323,287" step="2"/><T115/><D115/><U118/><E112/><V90/><F31/><W113/><G113/><T42/><D74/><U126/><E126/><V63/><F72/><W125/><G125/><T3/><D3/><U9/><E118/><V81/><F53/><W132/><G132/><T34/><D40/><U129/><E117/><V73/><F73/><W12/><G12/><T82/><D15/><U62/><E75/><V110/><F13/><W88/><G88/><T64/><D42/><U78/><E123/><V69/><F69/><W61/><G61/><T21/><D79/><U96/><E121/><V134/><F76/><W59/><G59/><T43/><D56/><U36/><E78/><V116/><F134/><W38/><G38/><T85/><D85/><U28/><E36/><V52/><F116/><W6/><G6/><T7/><D7/><U0/><E87/><V11/><F39/><W77/><G77/><RYUUKYOKU ba="1,1" sc="318,-10,62,-10,323,-10,287,30" hai3="17,18,19,37,41,44,49,50,93,98,102,103,105" /><INIT seed="3,2,1,0,0,126" ten="308,52,313,317" oya="3" hai0="26,96,30,102,46,12,17,14,32,11,85,112,37" hai1="106,101,50,44,15,115,75,99,78,73,74,82,25" hai2="125,67,49,118,105,63,127,117,9,60,61,87,5" hai3="51,2,92,19,65,111,64,114,135,81,55,13,45"/><W35/><G114/><T57/><D112/><U98/><E15/><V108/><F105/><W128/><G128/><T110/><D110/><U29/><E50/><V116/><F108/><W124/><G124/><N who="2" m="47689" /><F49/><W68/><G135/><T53/><D37/><U94/><E44/><V107/><F107/><W20/><G35/><T119/><D119/><U41/><E25/><V1/><F87/><W88/><G2/><T59/><D46/><U54/><E29/><V69/><AGARI ba="2,1" hai="1,5,9,60,61,63,67,69,116,117,118" m="47689" machi="69" ten="40,1500,0" yaku="18,1" doraHai="126" who="2" fromWho="2" sc="308,-6,52,-6,313,31,317,-9" owari="302,-10.0,46,-45.0,344,44.0,308,11.0" /></mjloggm>