<mjloggm ver="2.3"><GO type="41" lobby="0"/><UN n0="%E5%B0%B1%E6%B4%BB%E7%94%9F%40%E5%B7%9D%E6%9D%91%E8%BB%8D%E5%9B%A3" n1="%E2%91%A8%E7%A8%8B%E5%BA%A6%E3%81%AE%E8%83%BD%E5%8A%9B" n2="%67%75%73%68" n3="%E9%80%9F%E7%89%B9%E6%9C%88%E5%8D%97" dan="15,14,15,15" rate="2008.19,1914.68,2019.13,1962.91" sx="M,M,M,M"/><TAIKYOKU oya="0"/><INIT seed="0,0,0,0,2,39" ten="250,250,250,250" oya="0" hai0="74,21,116,59,43,97,10,108,99,102,98,72,135" hai1="91,54,125,65,128,20,95,96,114,42,120,11,85" hai2="41,49,31,22,33,83,18,52,94,76,123,129,50" hai3="133,92,126,109,110,63,77,111,35,117,68,80,38"/><T46/><D116/><U2/><E120/><V127/><F123/><W25/><G117/><T119/><D119/><U26/><E128/><V9/><F129/><W86/><G133/><T36/><D135/><U48/><E114/><V45/><F127/><W32/><G38/><T3/><D108/><U62/><E125/><V113/><F113/><W56/><G126/><T66/><D102/><U105/><E2/><V0/><F94/><W12/><G12/><T64/><D21/><U93/><E11/><V15/><F33/><N who="3" m="12875" /><G68/><T28/><D28/><U112/><E105/><V17/><F31/><W19/><G92/><T44/><D44/><N who="1" m="25623" /><E112/><V69/><F69/><W1/><G1/><T104/><D104/><U115/><E115/><V73/><F0/><W101/><G101/><T131/><D131/><U130/><E130/><V23/><REACH who="2" step="1"/><F17/><REACH who="2" ten="250,250,240,250" step="2"/><W100/><G100/><T34/><D34/><U67/><E95/><V61/><F61/><W89/><G19/><T132/><D132/><U51/><E62/><V16/><F16/><W106/><G106/><T84/><D3/><U118/><E118/><V79/><F79/><W37/><G77/><T4/><D4/><U40/><E93/><V13/><F13/><W14/><G14/><T70/><D99/><U87/><E96/><V58/><AGARI ba="0,1" hai="9,15,18,22,23,41,45,49,50,52,58,73,76,83" machi="58" ten="20,8000,1" yaku="1,1,0,1,7,1,52,1,54,1,53,0" doraHai="39" doraHaiUra="57" who="2" fromWho="2" sc="250,-40,250,-20,240,90,250,-20" /><INIT seed="1,0,0,4,0,107" ten="210,230,330,230" oya="1" hai0="101,33,15,50,64,135,72,13,120,55,113,14,112" hai1="93,34,77,2,40,74,6,117,10,25,111,5,36" hai2="1,132,86,80,63,66,60,100,130,81,118,31,85" hai3="133,98,30,108,54,12,127,22,78,29,11,114,121"/><U62/><E117/><V96/><F118/><W9/><G121/><T32/><D120/><U51/><E111/><V56/><F1/><W7/><G108/><T17/><D135/><U44/><E93/><N who="2" m="58383" /><F132/><W65/><G114/><T128/><D128/><U75/><E77/><N who="2" m="46223" /><F130/><W88/><G65/><T59/><D17/><U91/><E91/><N who="2" m="51663" /><F60/><W28/><G133/><T35/><D101/><U83/><E83/><V43/><F43/><W21/><G78/><T47/><D72/><U82/><E82/><V104/><F104/><W39/><G39/><T24/><D24/><U76/><E76/><V84/><F84/><W27/><G54/><T67/><REACH who="0" step="1"/><D47/><REACH who="0" ten="200,230,330,230" step="2"/><U45/><E45/><V48/><F31/><W129/><G129/><T125/><D125/><U26/><E26/><V90/><F90/><W37/><G127/><T131/><D131/><U46/><E46/><V70/><F70/><W16/><G27/><T0/><D0/><U73/><E5/><V53/><F66/><AGARI ba="0,1" hai="13,14,15,32,33,35,50,55,59,64,66,67,112,113" machi="66" ten="50,1600,0" yaku="1,1,53,0" doraHai="107" doraHaiUra="89" who="0" fromWho="2" sc="200,26,230,0,330,-16,230,0" /><INIT seed="2,0,0,2,5,80" ten="226,230,314,230" oya="2" hai0="133,107,99,129,36,103,25,70,89,51,100,114,68" hai1="19,7,98,73,56,113,13,97,126,5,9,72,112" hai2="74,11,20,12,42,106,117,122,40,123,115,93,1" hai3="26,52,55,16,132,64,27,134,76,6,15,10,2"/><V48/><F106/><W77/><G64/><T86/><D36/><U8/><E126/><V95/><F117/><W105/><G105/><T88/><D114/><U124/><E124/><V75/><F115/><W78/><G27/><T3/><D3/><U17/><E56/><V4/><F20/><N who="3" m="11295" /><G26/><T47/><D129/><U120/><REACH who="1" step="1"/><E13/><REACH who="1" ten="226,220,314,230" step="2"/><V50/><F12/><W65/><G65/><T46/><D70/><U128/><E128/><V41/><F123/><AGARI ba="0,1" hai="5,7,8,9,17,19,72,73,97,98,112,113,120,123" machi="123" ten="25,3200,0" yaku="1,1,22,2,53,0" doraHai="80" doraHaiUra="60" who="1" fromWho="2" sc="226,0,220,42,314,-32,230,0" /><INIT seed="3,0,0,2,4,7" ten="226,262,282,230" oya="3" hai0="123,17,72,46,62,106,12,21,117,39,4,44,41" hai1="50,97,0,68,89,22,124,57,71,108,6,130,107" hai2="38,101,98,26,35,118,51,81,42,36,67,9,93" hai3="115,133,109,20,113,86,48,74,27,43,16,110,76"/><W37/><G74/><T120/><D117/><U23/><E130/><V87/><F118/><W95/><G37/><T45/><D106/><U65/><E124/><V70/><F67/><W34/><G34/><T114/><D72/><U91/><E108/><N who="3" m="41578" /><G133/><T63/><D114/><U8/><E68/><V54/><F70/><W1/><G1/><T55/><D4/><U83/><E71/><V105/><F42/><W119/><G119/><T33/><D33/><U5/><E5/><V111/><F111/><W11/><G11/><T121/><REACH who="0" step="1"/><D63/><REACH who="0" ten="216,262,282,230" step="2"/><U13/><E107/><V59/><F105/><W52/><G43/><T94/><D94/><N who="1" m="56527" /><E0/><V116/><F116/><W30/><G95/><T129/><D129/><U28/><E65/><V103/><F93/><W64/><G64/><T53/><D53/><N who="1" m="31927" /><E28/><V32/><F32/><W80/><G30/><T47/><D47/><AGARI ba="0,1" hai="16,20,27,47,48,52,76,80,86,113,115" m="41578" machi="47" ten="30,11600,0" yaku="14,1,10,1,54,2" doraHai="7" who="3" fromWho="0" sc="216,-116,262,0,282,0,230,126" /><INIT seed="3,1,0,0,5,131" ten="100,262,282,356" oya="3" hai0="48,70,64,117,91,50,101,32,66,80,39,90,29" hai1="44,106,79,115,37,22,81,55,10,85,108,21,74" hai2="84,6,98,69,12,135,114,59,49,33,34,28,97" hai3="65,40,25,129,103,41,133,94,93,27,122,95,105"/><W73/><G122/><T78/><D117/><U134/><E115/><V8/><F69/><W42/><G129/><T19/><D39/><U120/><E120/><V2/><F114/><W5/><G5/><T89/><D101/><U128/><E128/><V62/><F2/><W38/><G38/><T16/><D32/><U75/><E106/><V113/><F49/><W23/><G73/><T7/><D29/><U36/><E75/><V132/><F84/><W47/><G65/><T57/><D7/><U53/><E74/><V67/><F113/><W17/><G133/><N who="2" m="51273" /><F28/><W121/><G121/><T87/><D70/><U125/><E125/><V96/><AGARI ba="1,0" hai="6,8,12,33,34,59,62,67,96,97,98" m="51273" machi="96" ten="30,7900,0" yaku="20,1,52,3" doraHai="131" who="2" fromWho="2" sc="100,-21,262,-21,282,82,356,-40" /><INIT seed="4,0,0,0,3,30" ten="79,241,364,316" oya="0" hai0="131,20,110,120,83,124,93,50,97,86,134,82,118" hai1="13,64,9,18,113,21,132,66,96,107,12,16,52" hai2="19,36,43,103,105,0,6,35,57,48,31,54,71" hai3="73,114,76,125,63,3,22,111,17,95,41,15,58"/><T69/><D69/><U33/><E132/><V101/><F71/><W98/><G114/><T34/><D118/><U37/><E37/><V106/><F19/><W115/><G115/><T78/><D120/><U84/><E113/><V133/><F133/><W68/><G3/><T80/><D134/><U59/><E33/><V14/><F0/><W117/><G117/><T92/><D34/><U99/><E107/><V104/><F36/><W85/><G111/><T39/><D39/><U112/><E112/><V10/><REACH who="2" step="1"/><F43/><REACH who="2" ten="79,241,354,316" step="2"/><W24/><G68/><T62/><D110/><U79/><E66/><V60/><F60/><W91/><G125/><T1/><D124/><U8/><E64/><V102/><F102/><W123/><G41/><T74/><D1/><U119/><E119/><V90/><F90/><W65/><G123/><T121/><D121/><U38/><E38/><V67/><F67/><W49/><G49/><T7/><D7/><U5/><E5/><V127/><F127/><W4/><G4/><T129/><D62/><N who="1" m="36199" /><E8/><V94/><F94/><N who="0" m="36458" /><D50/><U45/><E45/><V27/><AGARI ba="0,1" hai="6,10,14,27,31,35,48,54,57,101,103,104,105,106" machi="27" ten="40,5200,0" yaku="1,1,0,1,52,1,53,0" doraHai="30" doraHaiUra="72" who="2" fromWho="2" sc="79,-26,241,-13,354,62,316,-13" /><INIT seed="5,0,0,1,3,109" ten="53,228,416,303" oya="1" hai0="6,77,93,73,129,41,52,15,45,81,42,103,46" hai1="63,21,44,114,92,53,38,101,16,133,29,48,125" hai2="50,56,89,119,83,5,54,0,7,24,23,127,19" hai3="33,3,62,22,82,59,102,113,68,130,39,9,57"/><U30/><E125/><V49/><F127/><W69/><G39/><T37/><D129/><U66/><E133/><V94/><F119/><W18/><G33/><T111/><D111/><U76/><E76/><V84/><F0/><W70/><G102/><T26/><D26/><U20/><E20/><V110/><F110/><W107/><G107/><T117/><D117/><U28/><E114/><V90/><REACH who="2" step="1"/><F49/><REACH who="2" ten="53,228,406,303" step="2"/><W1/><G130/><T123/><D123/><U60/><E38/><V134/><F134/><W65/><G113/><T35/><D35/><U61/><E66/><V116/><F116/><W31/><G59/><T115/><D115/><U13/><E63/><V58/><F58/><W36/><G36/><T11/><D52/><U96/><AGARI ba="0,1" hai="13,16,21,28,29,30,44,48,53,60,61,92,96,101" machi="96" ten="30,6000,0" yaku="0,1,8,1,54,1" doraHai="109" who="1" fromWho="1" sc="53,-20,228,70,406,-20,303,-20" /><INIT seed="5,1,0,5,2,11" ten="33,298,386,283" oya="1" hai0="82,0,121,119,110,67,75,5,73,55,58,24,31" hai1="33,107,23,17,2,80,81,134,49,95,29,91,66" hai2="62,74,16,92,41,56,98,87,112,21,65,9,6" hai3="38,85,35,127,109,132,122,93,84,94,19,97,26"/><U64/><E107/><V114/><F74/><W32/><G122/><T68/><D121/><U90/><E2/><V124/><F41/><W52/><G109/><T14/><D119/><U99/><E134/><V133/><F133/><W39/><G19/><T70/><D110/><U69/><E33/><V105/><F105/><W40/><G40/><T42/><D42/><U104/><E29/><V116/><F87/><W18/><G18/><T128/><D128/><U61/><E66/><V111/><F111/><W71/><G71/><T36/><D36/><U83/><E104/><V120/><F116/><W86/><G132/><T108/><D0/><U57/><E69/><V125/><F120/><W30/><G35/><T43/><D43/><U63/><E63/><V76/><F76/><W96/><G52/><T54/><D108/><U20/><E49/><V51/><F51/><W15/><G15/><T46/><D46/><U115/><E115/><N who="2" m="44075" /><F9/><W103/><REACH who="3" step="1"/><G127/><REACH who="3" ten="33,298,386,273" step="2"/><T8/><D67/><U100/><REACH who="1" step="1"/><E23/><REACH who="1" ten="33,288,386,273" step="2"/><V102/><F125/><W101/><AGARI ba="1,2" hai="26,30,32,38,39,84,85,86,93,94,96,97,101,103" machi="101" ten="30,7900,0" yaku="1,1,2,1,0,1,9,1,53,0" doraHai="11" doraHaiUra="60" who="3" fromWho="3" sc="33,-21,288,-40,386,-21,273,102" /><INIT seed="6,0,0,2,0,116" ten="12,248,365,375" oya="2" hai0="93,106,108,103,13,41,27,5,44,25,33,65,15" hai1="101,79,58,71,4,88,32,14,120,3,72,61,107" hai2="22,83,112,69,74,20,91,39,35,73,94,40,62" hai3="21,12,95,130,129,34,82,118,70,127,78,23,124"/><V133/><F35/><W102/><G118/><T38/><D106/><U105/><E3/><V26/><F112/><W10/><G34/><T47/><D108/><U6/><E71/><V84/><F133/><W37/><G37/><T132/><D65/><U63/><E32/><V7/><F7/><N who="3" m="3167" /><G70/><T114/><D132/><U30/><E30/><V117/><F117/><W75/><G95/><T113/><D93/><U121/><E72/><V92/><F73/><W57/><G57/><T76/><D76/><U53/><E79/><V46/><F74/><W110/><G102/><T115/><D103/><U97/><E107/><V98/><F92/><W126/><G110/><T19/><D33/><U1/><E1/><V85/><F85/><W128/><AGARI ba="0,0" hai="21,23,75,78,82,124,126,127,128,129,130" m="3167" machi="128" ten="40,2700,0" yaku="18,1,19,1" doraHai="116" who="3" fromWho="3" sc="12,-7,248,-7,365,-13,375,27" /><INIT seed="7,0,0,0,5,113" ten="5,241,352,402" oya="3" hai0="79,53,131,60,40,15,18,91,61,44,97,116,105" hai1="68,88,73,107,77,98,48,7,85,120,47,16,38" hai2="34,82,67,126,2,9,110,33,124,72,71,78,65" hai3="36,104,22,64,101,35,30,55,29,121,23,19,117"/><W12/><G117/><T123/><D123/><U122/><E68/><V134/><F110/><W6/><G36/><T62/><D131/><U87/><E38/><V28/><F67/><W49/><G64/><T25/><D79/><U108/><E108/><V58/><F58/><N who="3" m="33135" /><G35/><T26/><D105/><U111/><E111/><V112/><F112/><W133/><G104/><T69/><D69/><U51/><E7/><V4/><F134/><W89/><G121/><T83/><D53/><U21/><E51/><V13/><F13/><N who="3" m="9583" /><G133/><T14/><D116/><U46/><E73/><V86/><F86/><W114/><G114/><T84/><D97/><U50/><E50/><V59/><F59/><W56/><G101/><T127/><D127/><U92/><E77/><V115/><F115/><W41/><G41/><T5/><D5/><U66/><E87/><V90/><F90/><W42/><G42/><T8/><D15/><U102/><E66/><V52/><F52/><W3/><G3/><T135/><D135/><U128/><E128/><V96/><F96/><W130/><G130/><T31/><D31/><N who="3" m="11785" /><G89/><T80/><D80/><U17/><E17/><V95/><F95/><W99/><G99/><T43/><D43/><U20/><E20/><V0/><F0/><W81/><G56/><T106/><D106/><U24/><REACH who="1" step="1"/><E47/><REACH who="1" ten="5,231,352,402" step="2"/><V109/><F109/><W39/><G23/><T63/><N who="0" m="15872" /><DORA hai="119" /><T54/><D54/><AGARI ba="0,1" hai="16,21,24,46,48,54,85,88,92,98,102,107,120,122" machi="54" ten="30,12000,2" yaku="1,1,7,1,52,2,54,2,53,0" doraHai="113,119" doraHaiUra="75,27" who="1" fromWho="0" sc="5,-120,231,130,352,0,402,0" owari="-115,-62.0,361,16.0,352,-5.0,402,51.0" /></mjloggm>