<mjloggm ver="2.3"><GO type="225" lobby="0"/><UN n0="%E3%83%88%E3%83%88%E3%83%AA%E5%85%88%E7%94%9F%31%39%E6%AD%B3" n1="%E5%A4%9C%E5%8D%8A%E3%81%AE%E5%AF%9D%E8%A6%9A" n2="%79%61%6E%6F%70%61%6E" n3="%E3%83%9A%E3%82%B3" dan="17,17,16,16" rate="2179.60,2166.95,2097.68,2130.50" sx="F,M,M,M"/><TAIKYOKU oya="0"/><INIT seed="0,0,0,3,2,103" ten="250,250,250,250" oya="0" hai0="61,21,68,94,29,110,12,43,13,107,96,38,131" hai1="8,66,55,24,53,25,57,119,15,85,116,0,28" hai2="118,44,83,48,95,115,73,126,30,63,135,80,121" hai3="9,77,62,111,5,108,114,45,22,120,124,34,54"/><T123/><D123/><U47/><E0/><V69/><F115/><W87/><G34/><T99/><D131/><U7/><E66/><V130/><F121/><W122/><G114/><T100/><D110/><N who="3" m="42025" /><G124/><T78/><D78/><U90/><E47/><V76/><F126/><W109/><G22/><T41/><D29/><U59/><E59/><V32/><F130/><W36/><G109/><T18/><D38/><U72/><E72/><V81/><F118/><W88/><G77/><T65/><REACH who="0" step="1"/><D13/><REACH who="0" ten="240,250,250,250" step="2"/><U117/><E28/><V97/><F30/><W71/><G36/><T58/><D58/><U125/><E125/><V27/><F76/><W67/><G122/><T46/><D46/><U14/><E14/><V79/><F79/><W50/><G120/><T56/><D56/><U42/><E57/><V93/><F44/><W106/><G45/><T129/><D129/><U19/><E42/><V17/><F73/><W49/><G71/><T20/><D20/><U91/><E53/><V74/><F74/><W113/><G54/><T105/><D105/><U33/><E55/><V39/><F39/><W132/><G106/><T3/><D3/><U102/><E33/><V2/><F2/><W112/><G113/><T52/><D52/><U75/><E75/><V37/><F37/><W51/><G112/><T31/><D31/><U70/><E70/><V1/><F1/><W92/><G9/><T127/><D127/><U104/><E119/><V60/><F69/><W4/><G132/><T86/><D86/><U133/><E116/><V64/><F32/><W98/><G87/><T16/><D16/><RYUUKYOKU ba="0,1" sc="240,15,250,-15,250,-15,250,15" hai0="12,18,21,41,43,61,65,68,94,96,99,100,107" hai3="4,5,49,50,51,62,67,88,92,98" /><INIT seed="0,1,1,0,5,134" ten="255,235,235,265" oya="0" hai0="82,27,26,79,80,117,67,3,33,46,8,63,125" hai1="4,0,88,77,72,60,34,128,36,129,130,14,74" hai2="65,41,84,133,100,121,9,15,93,81,42,103,71" hai3="43,28,112,98,132,38,119,70,120,56,12,68,20"/><T57/><D117/><U91/><E36/><V114/><F121/><W118/><G112/><T97/><D125/><U102/><E34/><V25/><F114/><W54/><G132/><T51/><D3/><U69/><E0/><V73/><F133/><W104/><G120/><T35/><D35/><U21/><E102/><V124/><F73/><N who="1" m="28265" /><E77/><V7/><F124/><W111/><G111/><T55/><D33/><U75/><N who="1" m="28273" /><U37/><DORA hai="58" /><E37/><V107/><F107/><W108/><G108/><T78/><D8/><N who="1" m="4359" /><E21/><V45/><F100/><W30/><G20/><T49/><D97/><U53/><E53/><V135/><F135/><W127/><G98/><T29/><D29/><U2/><E2/><V64/><F25/><N who="0" m="9226" /><D51/><U106/><E106/><V122/><F122/><W89/><G30/><T31/><D31/><U101/><E101/><V126/><F126/><W94/><G28/><T61/><D79/><U13/><E13/><V76/><F42/><W18/><G12/><T39/><D78/><U113/><E113/><V86/><F103/><W10/><G104/><T116/><D116/><U85/><E85/><V62/><F86/><W48/><G127/><T123/><D123/><U19/><E19/><V87/><F87/><N who="3" m="52543" /><G119/><T11/><D11/><U22/><E22/><V50/><F93/><W1/><G118/><T40/><D39/><U5/><E5/><V99/><F99/><W24/><G1/><T115/><D115/><U131/><N who="1" m="32768" /><DORA hai="23" /><U47/><E47/><V92/><F92/><W16/><G10/><T59/><AGARI ba="1,1" hai="40,46,49,55,57,59,61,63,67,80,82" m="9226" machi="59" ten="30,18000,2" yaku="8,1,52,5" doraHai="134,58,23" who="0" fromWho="0" sc="255,193,235,-61,235,-61,265,-61" /><INIT seed="0,2,0,1,4,117" ten="448,174,174,204" oya="0" hai0="41,19,74,12,4,107,29,123,28,5,75,82,119" hai1="79,40,38,39,6,104,121,101,43,130,128,55,49" hai2="71,94,61,81,124,66,122,31,58,133,78,45,51" hai3="127,56,89,24,20,36,118,112,98,33,27,85,30"/><T16/><D119/><U57/><E101/><V63/><F133/><W73/><G118/><T59/><D107/><U50/><E104/><V97/><F124/><W3/><G73/><T2/><D123/><U129/><E79/><V70/><F31/><W23/><G36/><N who="1" m="13866" /><E6/><V60/><F122/><W91/><G3/><T80/><D59/><U115/><E121/><V54/><F70/><W92/><G112/><T34/><D12/><U64/><E115/><V99/><F71/><W0/><G0/><T108/><D41/><N who="1" m="15947" /><E64/><V72/><F97/><W131/><G33/><T126/><D2/><U53/><E53/><V21/><REACH who="2" step="1"/><F21/><REACH who="2" ten="448,174,164,204" step="2"/><W35/><G23/><T7/><D34/><U84/><E84/><V26/><F26/><W120/><G20/><T77/><D126/><U106/><E106/><V95/><F95/><W88/><G24/><T132/><D29/><U110/><E110/><V111/><F111/><W102/><G30/><T14/><D28/><U87/><E87/><V103/><AGARI ba="2,1" hai="45,51,54,58,60,61,63,66,72,78,81,94,99,103" machi="103" ten="20,2700,0" yaku="1,1,0,1,7,1,53,0" doraHai="117" doraHaiUra="18" who="2" fromWho="2" sc="448,-15,174,-9,164,43,204,-9" /><INIT seed="1,0,0,3,1,18" ten="433,165,207,195" oya="1" hai0="43,5,62,73,63,123,9,76,102,17,22,6,30" hai1="113,54,106,21,40,37,132,79,7,78,72,49,89" hai2="112,68,46,85,109,130,129,60,127,13,32,1,47" hai3="94,97,27,107,96,69,86,29,59,10,25,82,58"/><U35/><E35/><V53/><F1/><W39/><G69/><T83/><D123/><U15/><E106/><V57/><F109/><W19/><G107/><T56/><D30/><U28/><E113/><V84/><F112/><W103/><G39/><T4/><D102/><U36/><E72/><V111/><F111/><W95/><G10/><T91/><D43/><U75/><E75/><V0/><F0/><W11/><G11/><T133/><D133/><U34/><E34/><V16/><F32/><W33/><G19/><T20/><D62/><U81/><E132/><V98/><F127/><W93/><G25/><T14/><REACH who="0" step="1"/><D91/><REACH who="0" ten="423,165,207,195" step="2"/><U66/><E40/><V23/><F68/><W38/><G103/><T108/><D108/><U87/><E37/><V120/><F120/><W55/><G38/><T99/><D99/><U67/><E36/><V77/><F98/><W118/><G97/><T121/><D121/><U124/><E124/><V117/><F117/><W70/><G96/><T26/><D26/><N who="1" m="16463" /><E66/><AGARI ba="0,1" hai="4,5,6,9,14,17,20,22,56,63,66,73,76,83" machi="66" ten="40,5200,0" yaku="1,1,52,2,53,0" doraHai="18" doraHaiUra="92" who="0" fromWho="1" sc="423,62,165,-52,207,0,195,0" /><INIT seed="2,0,0,4,0,108" ten="485,113,207,195" oya="2" hai0="130,54,101,103,1,75,132,91,86,29,72,124,30" hai1="62,122,117,19,110,121,49,126,46,115,90,84,104" hai2="56,38,11,4,87,128,50,118,64,14,79,22,41" hai3="80,24,135,116,25,78,48,42,102,17,107,133,52"/><V9/><F118/><W16/><G42/><T34/><D1/><U61/><E104/><V63/><F128/><W106/><G116/><T2/><D2/><U47/><E117/><V82/><F38/><W77/><G48/><T98/><D130/><U26/><E26/><V89/><F11/><W31/><G102/><T113/><D113/><U5/><E5/><V45/><REACH who="2" step="1"/><F22/><REACH who="2" ten="485,113,197,195" step="2"/><W83/><G135/><T67/><D132/><U65/><E110/><V95/><F95/><W18/><G133/><T55/><D34/><U39/><E39/><V32/><F32/><W33/><G33/><T129/><D129/><U3/><E3/><V74/><F74/><W120/><G107/><T109/><D109/><U23/><E23/><V27/><F27/><W51/><G25/><T114/><D75/><U96/><E115/><V105/><F105/><W0/><G24/><T123/><D72/><U71/><E121/><V6/><F6/><W13/><G0/><T57/><D114/><U12/><E122/><V8/><F8/><W10/><G106/><T127/><D123/><U35/><E35/><V43/><F43/><W93/><G10/><T60/><D124/><U73/><E126/><V70/><F70/><W112/><G120/><T134/><D127/><U131/><E73/><V58/><F58/><W119/><G112/><T76/><D134/><U125/><E131/><V94/><F94/><W66/><G93/><T37/><D37/><U40/><E71/><V53/><F53/><W88/><G52/><T68/><D68/><U36/><E125/><V111/><F111/><W44/><G119/><RYUUKYOKU type="nm" ba="0,1" sc="485,80,113,-20,197,-40,195,-20" hai2="4,9,14,41,45,50,56,63,64,79,82,87,89" /><INIT seed="2,1,1,0,2,91" ten="565,93,157,175" oya="2" hai0="110,112,86,77,131,70,95,66,46,134,107,79,119" hai1="62,51,28,126,26,78,120,31,88,121,3,65,80" hai2="106,11,19,96,85,81,37,64,42,115,25,32,90" hai3="24,105,29,129,68,15,60,75,18,118,98,53,5"/><V83/><F115/><W124/><G75/><T111/><D107/><U30/><E3/><V116/><F116/><W74/><G74/><T20/><D112/><U128/><E51/><V100/><F64/><W1/><G118/><T127/><D119/><U103/><E103/><V58/><F58/><W41/><G41/><T27/><D131/><U23/><E128/><V13/><F83/><W6/><G1/><T39/><D134/><U7/><E7/><V122/><F122/><W33/><G124/><T34/><D34/><U123/><E126/><V21/><F32/><W40/><G40/><N who="0" m="22815" /><D127/><U8/><E8/><V76/><F42/><W9/><G53/><T61/><D95/><U17/><E78/><V56/><F56/><W133/><G133/><T109/><D86/><U67/><REACH who="1" step="1"/><E62/><REACH who="1" ten="565,83,157,175" step="2"/><V63/><F63/><W12/><G9/><T89/><D89/><U57/><E57/><V113/><F113/><W92/><G6/><T52/><D79/><U132/><E132/><V71/><F37/><W59/><G5/><T43/><D77/><U108/><E108/><V125/><F125/><W36/><G59/><N who="0" m="35047" /><D43/><U54/><E54/><V47/><F76/><W114/><G129/><T84/><D66/><U50/><E50/><V10/><F10/><W38/><G38/><T55/><D55/><U14/><E14/><V22/><F11/><W73/><G12/><T4/><D4/><U72/><E72/><V97/><F13/><W104/><G36/><T49/><D49/><U99/><E99/><V44/><F97/><W130/><G98/><T82/><D109/><U2/><E2/><RYUUKYOKU ba="1,2" sc="565,-10,83,30,157,-10,175,-10" hai1="17,23,26,28,30,31,65,67,80,88,120,121,123" /><INIT seed="3,2,2,5,1,59" ten="555,113,147,165" oya="3" hai0="116,128,86,74,34,123,135,0,125,107,112,58,85" hai1="79,117,18,19,72,55,42,46,121,88,8,78,113" hai2="11,118,17,27,5,133,60,69,100,75,50,90,83" hai3="99,16,14,35,53,131,7,66,39,111,87,9,110"/><W52/><G39/><T97/><D85/><U47/><E72/><V101/><F118/><W94/><G35/><T30/><D58/><U57/><E121/><V132/><F50/><W32/><G32/><T49/><D49/><N who="1" m="26839" /><E113/><V6/><F6/><W41/><G41/><T81/><D86/><U76/><E117/><V10/><F90/><N who="3" m="55767" /><G66/><T43/><D81/><U114/><E114/><V56/><F69/><W106/><G106/><T54/><D30/><U71/><E71/><V45/><F45/><W129/><G7/><T1/><D97/><U23/><E47/><V26/><F75/><W36/><G87/><T62/><D54/><N who="3" m="21097" /><G36/><T109/><D43/><U24/><E88/><V119/><F119/><W92/><G92/><T31/><D1/><U84/><E84/><V63/><F83/><W134/><G134/><T77/><D135/><U105/><E105/><V38/><F38/><W68/><G68/><T124/><D107/><U104/><E104/><V89/><F89/><W4/><G4/><T28/><D0/><U21/><E55/><V20/><F56/><W91/><G91/><T12/><D34/><U64/><E57/><V40/><F40/><W80/><G80/><T130/><D112/><U44/><E44/><V29/><F132/><W15/><G131/><T70/><D70/><U102/><E64/><V13/><F133/><W25/><G129/><T37/><D128/><U33/><E102/><N who="2" m="39531" /><F10/><W98/><G9/><T82/><D130/><U95/><E95/><V67/><F67/><W65/><G65/><T96/><D82/><U22/><E8/><V103/><F103/><RYUUKYOKU ba="2,2" sc="555,-15,113,15,147,15,165,-15" hai1="18,19,21,22,23,24,33,76,78,79" hai2="5,11,13,17,20,26,27,29,60,63" owari="560,66.0,128,-37.0,162,-4.0,150,-25.0" /></mjloggm>