<mjloggm ver="2.3"><GO type="97" lobby="0"/><UN n0="%E3%83%8B%E3%83%A3%E3%83%BC%E5%8A%A9" n1="%E5%B0%B1%E6%B4%BB%E7%94%9F%40%E5%B7%9D%E6%9D%91%E8%BB%8D%E5%9B%A3" n2="%E7%A0%B4%E7%89%87" n3="%E3%81%90%E3%82%89%E3%81%95%E3%82%93%EF%BC%88%E9%9B%80%E5%A3%AB%EF%BC%89" dan="14,14,15,13" rate="1985.73,1951.51,2040.02,1845.71" sx="M,M,M,M"/><TAIKYOKU oya="0"/><INIT seed="0,0,0,2,4,55" ten="250,250,250,250" oya="0" hai0="83,84,51,43,78,14,15,130,62,120,82,27,135" hai1="9,72,125,61,91,1,105,41,18,44,58,50,129" hai2="42,101,107,8,104,106,95,31,121,81,80,73,134" hai3="96,71,70,24,29,112,76,21,48,5,46,54,114"/><T12/><D135/><U25/><E125/><V45/><F121/><W20/><G76/><T35/><D120/><U110/><E129/><V88/><F134/><W102/><G5/><T64/><D130/><U75/><E105/><V132/><F132/><W3/><G3/><T33/><D82/><U60/><E110/><V4/><F31/><W99/><G20/><T65/><D64/><U22/><E61/><V28/><F28/><W79/><G79/><T131/><D131/><U53/><REACH who="1" step="1"/><E91/><REACH who="1" ten="250,240,250,250" step="2"/><V100/><F88/><W127/><G127/><T87/><D62/><U49/><E49/><V93/><F106/><W10/><G114/><T63/><D51/><U56/><E56/><V90/><F90/><W92/><G112/><T26/><D43/><U30/><E30/><V34/><F107/><W66/><G71/><T38/><D38/><U17/><E17/><V74/><F104/><W59/><G70/><T124/><D124/><U32/><E32/><V2/><F34/><W126/><G59/><N who="0" m="37119" /><D35/><U89/><E89/><V36/><F101/><W94/><G102/><T47/><D33/><U115/><E115/><V85/><F100/><W128/><G29/><T19/><D47/><U13/><E13/><V67/><F45/><W23/><G46/><T7/><D7/><AGARI ba="0,1" hai="1,7,9,18,22,25,41,44,50,53,58,60,72,75" machi="7" ten="40,5200,0" yaku="1,1,52,1,53,1" doraHai="55" doraHaiUra="40" who="1" fromWho="0" sc="250,-52,240,62,250,0,250,0" /><INIT seed="1,0,0,2,1,128" ten="198,302,250,250" oya="1" hai0="76,59,98,17,37,28,38,117,1,21,6,95,26" hai1="34,73,12,41,104,54,116,36,42,114,72,2,58" hai2="4,85,23,115,125,111,105,29,75,81,100,130,10" hai3="44,62,96,93,27,99,78,3,89,50,132,60,79"/><U13/><E116/><V77/><F111/><W83/><G3/><T47/><D117/><U112/><E2/><V16/><F125/><W126/><G126/><T82/><D59/><U133/><E34/><V8/><F130/><W66/><G132/><T19/><D38/><U31/><E31/><V80/><F115/><W121/><G121/><T127/><D127/><U18/><E104/><V51/><F29/><W69/><G60/><T30/><D30/><U109/><E109/><V131/><F131/><W11/><G11/><T68/><D68/><U108/><E108/><V90/><F4/><W124/><G124/><T9/><D98/><U102/><E102/><V57/><F100/><W14/><G14/><T120/><D95/><U65/><E65/><V20/><F20/><W35/><G99/><T118/><D120/><U101/><E101/><V87/><F75/><W63/><G63/><T67/><D67/><U52/><E58/><V53/><REACH who="2" step="1"/><F105/><REACH who="2" ten="198,302,240,250" step="2"/><W107/><G107/><T24/><D118/><U15/><E18/><V49/><F49/><W0/><G35/><T48/><D26/><AGARI ba="0,1" hai="8,10,16,23,26,51,53,57,77,80,81,85,87,90" machi="26" ten="30,7700,0" yaku="1,1,7,1,8,1,54,1,53,0" doraHai="128" doraHaiUra="110" who="2" fromWho="0" sc="198,-77,302,0,240,87,250,0" /><INIT seed="2,0,0,0,4,131" ten="121,302,327,250" oya="2" hai0="88,60,99,123,98,133,111,11,49,14,118,41,47" hai1="95,77,15,91,105,57,10,116,58,96,20,132,104" hai2="70,92,117,127,61,43,32,45,121,19,83,53,110" hai3="69,67,26,72,84,2,63,48,90,5,75,76,64"/><V29/><F117/><W16/><G67/><T100/><D123/><U25/><E116/><V0/><F121/><W35/><G76/><T97/><D118/><U17/><E132/><V8/><F127/><W109/><G109/><T115/><D115/><U7/><E77/><V52/><F110/><W12/><G2/><T129/><D129/><U9/><E9/><V3/><F83/><W4/><G4/><T66/><D111/><U62/><REACH who="1" step="1"/><E58/><REACH who="1" ten="121,292,327,250" step="2"/><N who="2" m="35015" /><F8/><W125/><G125/><T33/><D133/><U13/><E13/><V51/><F0/><W102/><G12/><T50/><D100/><U56/><E56/><V79/><F3/><W103/><G102/><T34/><D50/><U134/><E134/><V27/><F51/><W87/><G103/><T122/><D122/><U74/><E74/><V128/><F128/><W135/><G48/><T38/><D38/><U73/><E73/><V44/><F79/><W6/><G135/><T31/><D34/><U94/><E94/><V36/><F32/><W65/><G72/><T106/><D106/><U39/><E39/><V114/><F92/><W107/><G75/><T30/><D33/><U23/><E23/><V28/><F36/><W89/><G35/><T22/><D22/><U1/><E1/><V68/><F68/><W37/><G69/><T126/><D126/><U54/><AGARI ba="0,1" hai="7,10,15,17,20,25,54,57,62,91,95,96,104,105" machi="54" ten="20,8000,1" yaku="1,1,0,1,7,1,25,2,53,0" doraHai="131" doraHaiUra="24" who="1" fromWho="1" sc="121,-20,292,90,327,-40,250,-20" /><INIT seed="3,0,0,4,1,15" ten="101,382,287,230" oya="3" hai0="75,37,67,78,97,109,120,102,24,0,104,40,46" hai1="35,56,52,114,135,38,2,25,121,54,112,20,14" hai2="45,41,76,107,6,113,55,57,119,10,23,110,51" hai3="105,39,86,26,30,71,85,48,16,99,49,21,133"/><W9/><G133/><T13/><D13/><U95/><E2/><V44/><F113/><W18/><G39/><T7/><D120/><U62/><E38/><V91/><F119/><W108/><G71/><T132/><D24/><U81/><E121/><V47/><F107/><W3/><G108/><T69/><D109/><U28/><E135/><V122/><F110/><W106/><G106/><T68/><D67/><U34/><E81/><V101/><F101/><W93/><G105/><T123/><D123/><U96/><E54/><V50/><F76/><W70/><G70/><T19/><D19/><N who="3" m="7209" /><G3/><T83/><REACH who="0" step="1"/><D132/><REACH who="0" ten="91,382,287,230" step="2"/><U4/><E112/><V60/><F122/><W11/><G86/><T66/><D66/><U125/><E114/><V12/><F12/><W130/><G85/><T100/><D100/><U79/><E35/><V111/><F111/><W8/><G130/><T115/><D115/><U29/><E34/><V74/><F74/><W129/><G129/><T134/><D134/><U116/><E116/><V5/><F5/><W131/><G131/><T127/><D127/><U59/><E125/><V61/><F6/><W32/><G32/><T36/><D36/><U88/><E29/><V63/><F23/><W77/><G77/><T22/><D22/><U1/><E79/><V43/><F91/><AGARI ba="0,1" hai="8,9,11,21,26,30,48,49,91,93,99" m="7209" machi="91" ten="30,12000,1" yaku="8,1,52,3,54,1" doraHai="15" who="3" fromWho="2" sc="91,0,382,0,287,-120,230,130" /><INIT seed="3,1,0,3,0,93" ten="91,382,167,360" oya="3" hai0="119,7,102,127,2,118,80,73,34,24,66,11,112" hai1="109,100,56,70,15,4,115,40,47,28,79,43,48" hai2="22,128,105,55,92,97,71,16,113,74,133,77,59" hai3="72,29,94,13,21,99,36,54,61,32,33,67,8"/><W110/><G72/><T108/><D66/><U49/><E70/><V87/><F113/><W98/><G36/><T122/><D102/><U126/><E115/><V85/><F71/><W41/><G41/><T123/><D80/><U124/><E109/><V129/><F133/><W107/><G107/><T83/><D83/><U9/><E79/><V30/><F30/><W58/><G110/><T50/><D50/><U6/><E6/><V135/><F135/><W46/><G33/><T90/><D90/><U18/><E100/><N who="2" m="60455" /><F105/><W81/><G32/><T10/><D73/><U25/><E4/><V12/><F74/><W5/><G81/><T96/><D96/><N who="3" m="36905" /><G94/><T23/><D112/><U19/><E19/><V0/><F0/><W134/><G134/><T42/><D42/><U130/><E130/><N who="2" m="50283" /><F77/><W27/><G46/><T57/><D57/><U17/><E17/><V65/><F59/><W117/><G117/><N who="0" m="44555" /><D108/><U76/><E76/><V38/><F38/><W75/><G75/><T63/><D63/><U62/><E43/><V114/><F114/><W60/><G60/><T45/><D45/><U103/><E103/><V20/><F85/><W44/><G44/><T86/><D86/><U91/><E91/><V68/><F87/><W101/><G101/><T120/><D34/><N who="1" m="20751" /><E62/><V131/><F131/><W1/><G1/><T82/><D82/><U116/><E116/><V53/><F68/><W26/><G26/><T89/><D89/><U39/><E56/><V14/><F20/><W51/><G51/><T69/><D69/><U78/><E78/><V104/><F104/><W88/><G88/><RYUUKYOKU ba="1,0" sc="91,-15,382,15,167,-15,360,15" hai1="9,15,18,39,40,47,48,49,124,126" hai3="5,8,13,21,27,29,54,58,61,67" /><INIT seed="3,2,0,2,5,11" ten="76,397,152,375" oya="3" hai0="99,8,39,37,74,72,7,128,30,98,20,0,41" hai1="16,13,118,48,108,109,79,126,103,9,107,49,27" hai2="110,52,2,120,104,71,78,57,31,14,46,123,82" hai3="59,94,38,96,105,106,80,3,87,83,115,86,34"/><W84/><G3/><T90/><D128/><U61/><E126/><V77/><F2/><W36/><G34/><T111/><D111/><N who="1" m="42571" /><E118/><V19/><F71/><W100/><G59/><T22/><D41/><U15/><E27/><V43/><F104/><N who="3" m="40043" /><G36/><T63/><D8/><N who="1" m="6183" /><E79/><V1/><F1/><W116/><G38/><T135/><D0/><U17/><E61/><V10/><F110/><W60/><G60/><T112/><D63/><U124/><E124/><V45/><F31/><W121/><G121/><N who="2" m="46665" /><F77/><N who="3" m="46095" /><G116/><T125/><D125/><U44/><E44/><V62/><F43/><W101/><G115/><T28/><D112/><U50/><E107/><V117/><F117/><W26/><G26/><T92/><D7/><U113/><E113/><V53/><F53/><W122/><G122/><T47/><D47/><U91/><E103/><N who="3" m="39498" /><G83/><T69/><D69/><U95/><E49/><V88/><F45/><W5/><G5/><T81/><D81/><U93/><E93/><V42/><F46/><W4/><G4/><T134/><REACH who="0" step="1"/><D92/><REACH who="0" ten="66,397,152,375" step="2"/><U119/><E119/><V65/><F82/><W35/><G35/><T102/><D102/><AGARI ba="2,1" hai="86,87,94,96,102" m="39498,46095,40043" machi="102" ten="30,12000,1" yaku="35,5" doraHai="11" who="3" fromWho="0" sc="66,-126,397,0,152,0,375,136" owari="-60,-56.0,397,20.0,152,-25.0,511,61.0" /></mjloggm>