<mjloggm ver="2.3"><GO type="97" lobby="0"/><UN n0="%E5%B0%B1%E6%B4%BB%E7%94%9F%40%E5%B7%9D%E6%9D%91%E8%BB%8D%E5%9B%A3" n1="%E7%BE%8E%E6%B5%9C%E3%81%A1%E3%82%83%E3%82%93" n2="%6F%6E%69%73%61%6E%74%6F" n3="%79%61%73%75%7A%75%30%31" dan="14,13,13,14" rate="1946.38,1970.51,1915.22,1812.73" sx="M,F,M,M"/><TAIKYOKU oya="0"/><INIT seed="0,0,0,3,5,96" ten="250,250,250,250" oya="0" hai0="63,59,13,49,33,27,42,48,1,95,93,5,47" hai1="128,11,91,37,124,36,58,130,78,15,18,25,92" hai2="21,90,85,117,2,87,8,112,3,73,103,7,54" hai3="16,50,109,10,120,19,89,34,104,46,105,26,113"/><T68/><D1/><U60/><E78/><V94/><F73/><W80/><G120/><T6/><D68/><U69/><E69/><V76/><F112/><W41/><G113/><T39/><D33/><U79/><E79/><V22/><F117/><W24/><G34/><T14/><D27/><U98/><E25/><N who="3" m="9834" /><G104/><T100/><D48/><U30/><E30/><V135/><F3/><W17/><G105/><T82/><D82/><U119/><E119/><V107/><F135/><W9/><G109/><T23/><D39/><U114/><E114/><V65/><F65/><W28/><G28/><T129/><D129/><N who="1" m="49771" /><E124/><V106/><F106/><W102/><G102/><T115/><D115/><U133/><E133/><V99/><F54/><AGARI ba="0,0" hai="11,15,18,36,37,54,58,60,91,92,98" m="49771" machi="54" ten="30,1000,0" yaku="19,1" doraHai="96" who="1" fromWho="2" sc="250,0,250,10,250,-10,250,0" /><INIT seed="1,0,0,2,1,129" ten="250,260,240,250" oya="1" hai0="57,108,120,10,53,28,50,23,122,106,33,75,27" hai1="39,17,56,30,92,127,72,84,96,8,76,20,16" hai2="124,101,73,133,21,126,69,55,59,46,45,4,116" hai3="123,26,98,63,38,58,15,41,52,29,70,94,117"/><U134/><E72/><V64/><F73/><W132/><G123/><N who="0" m="47147" /><D106/><U118/><E118/><V104/><F101/><W77/><G70/><T34/><D75/><U112/><E112/><V102/><F104/><W97/><G77/><T128/><D128/><U11/><E39/><V47/><F102/><W107/><G117/><T25/><D108/><U66/><E127/><N who="2" m="48683" /><F116/><W32/><G107/><T103/><D103/><N who="1" m="60807" /><E134/><V6/><F21/><W87/><G38/><T19/><D10/><N who="1" m="3627" /><E84/><V85/><F85/><W13/><G41/><T49/><D49/><U67/><E76/><V24/><F24/><W2/><G87/><T113/><D113/><U65/><E56/><V7/><F69/><W62/><G97/><T42/><D42/><U48/><E48/><N who="2" m="31207" /><F64/><W71/><G2/><T100/><D100/><U80/><E80/><V93/><F93/><W91/><G71/><T131/><D131/><U121/><E121/><V54/><F54/><W111/><G132/><AGARI ba="0,0" hai="4,6,7,45,46,47,132,133" m="31207,48683" machi="132" ten="40,5200,0" yaku="18,1,52,2" doraHai="129" who="2" fromWho="3" sc="250,0,260,0,240,52,250,-52" /><INIT seed="2,0,0,1,3,93" ten="250,260,292,198" oya="2" hai0="41,4,92,98,132,108,28,133,49,76,69,64,53" hai1="59,72,47,58,103,1,24,94,78,104,121,56,70" hai2="45,91,37,124,123,102,12,22,85,122,105,68,73" hai3="17,46,113,18,66,134,8,34,27,81,52,60,36"/><V5/><F68/><W120/><G120/><T126/><D28/><U109/><E121/><V80/><F124/><W65/><G134/><N who="0" m="51819" /><D126/><U99/><E70/><V11/><F73/><W107/><G107/><T100/><D108/><U125/><E125/><V42/><REACH who="2" step="1"/><F22/><REACH who="2" ten="250,260,282,198" step="2"/><W51/><G113/><T112/><D112/><U33/><E72/><V71/><F71/><W16/><G34/><T135/><D135/><U129/><E33/><V67/><F67/><W7/><G66/><T2/><D69/><U26/><E109/><V97/><AGARI ba="0,1" hai="5,11,12,37,42,45,80,85,91,97,102,105,122,123" machi="97" ten="30,11700,0" yaku="1,1,0,1,52,1,53,1" doraHai="93" doraHaiUra="83" who="2" fromWho="2" sc="250,-39,260,-39,282,127,198,-39" /><INIT seed="2,1,0,4,2,4" ten="211,221,409,159" oya="2" hai0="43,129,21,2,132,94,95,31,97,117,91,72,70" hai1="105,83,37,84,71,59,135,122,24,7,38,18,106" hai2="6,5,88,102,30,51,87,69,17,61,96,93,68" hai3="126,82,79,100,56,67,3,110,123,92,13,85,0"/><V34/><F68/><W66/><G123/><T11/><D70/><U86/><E71/><V65/><F51/><W80/><G3/><T76/><D117/><U98/><E122/><V27/><REACH who="2" step="1"/><F17/><REACH who="2" ten="211,221,399,159" step="2"/><W62/><G126/><T12/><D129/><U113/><E18/><V134/><F134/><W25/><G110/><T125/><D132/><U57/><E135/><V35/><F35/><W23/><G0/><T75/><D125/><U108/><E108/><V54/><F54/><W52/><G13/><T103/><D2/><U47/><E38/><V58/><F58/><W60/><G66/><T124/><D124/><U46/><E37/><V9/><F9/><W49/><G49/><T45/><D12/><U107/><E57/><V63/><F63/><W89/><G79/><T109/><D11/><U41/><E59/><V36/><F36/><W99/><G62/><T81/><D109/><U50/><E50/><V118/><F118/><W111/><G67/><T32/><D32/><U131/><E47/><V42/><F42/><W29/><REACH who="3" step="1"/><G111/><REACH who="3" ten="211,221,399,149" step="2"/><T44/><D43/><U119/><E41/><V14/><F14/><W90/><G90/><T48/><D48/><U53/><E119/><V15/><F15/><W116/><G116/><T78/><D45/><U26/><E46/><V112/><F112/><W73/><G73/><T104/><D44/><U16/><E113/><V39/><F39/><W121/><G121/><T28/><D91/><U114/><E114/><V133/><F133/><W127/><G127/><T128/><D75/><U1/><E1/><V74/><F74/><W33/><G33/><RYUUKYOKU ba="1,2" sc="211,-15,221,-15,399,15,149,15" hai2="5,6,27,30,34,61,65,69,87,88,93,96,102" hai3="23,25,29,52,56,60,80,82,85,89,92,99,100" /><INIT seed="2,2,2,2,4,101" ten="196,206,414,164" oya="2" hai0="121,34,24,23,18,127,114,102,2,36,89,46,107" hai1="63,126,75,15,106,90,129,125,135,61,17,100,16" hai2="26,124,117,71,59,122,91,29,41,86,69,53,32" hai3="8,113,73,68,105,30,87,85,56,12,82,97,78"/><V13/><F122/><W58/><G68/><T9/><D121/><U43/><E75/><V98/><F117/><W111/><G113/><T47/><D114/><U21/><E135/><V4/><F124/><N who="1" m="47721" /><E129/><V57/><F59/><W93/><G30/><T95/><D127/><U134/><E134/><V130/><F130/><W110/><G111/><T62/><D36/><U28/><E28/><V132/><F132/><W128/><G128/><T45/><D34/><U103/><E43/><V20/><F41/><W1/><G1/><T50/><D62/><N who="1" m="23563" /><E106/><V99/><F71/><W67/><G110/><T104/><D102/><U0/><E0/><V66/><F66/><W37/><G37/><T88/><D50/><U80/><E17/><N who="2" m="10287" /><F4/><W14/><G67/><T3/><D89/><U112/><E112/><V19/><F19/><W77/><G105/><T39/><D39/><U40/><E40/><V48/><F69/><W38/><G73/><T65/><D65/><U79/><E79/><V83/><F32/><W60/><G38/><T42/><D42/><U35/><E35/><V84/><F29/><W133/><G60/><T81/><D2/><U70/><E70/><V22/><F22/><W31/><G133/><T76/><D9/><U96/><E96/><N who="2" m="36907" /><F84/><AGARI ba="2,2" hai="15,16,21,80,84,90,100,103" m="23563,47721" machi="84" ten="30,2000,0" yaku="18,1,54,1" doraHai="101" who="1" fromWho="2" sc="196,0,206,46,414,-26,164,0" /><INIT seed="3,0,0,0,2,43" ten="196,252,388,164" oya="3" hai0="8,9,13,20,123,38,135,66,69,108,88,59,130" hai1="101,33,80,119,126,49,5,133,41,60,18,34,127" hai2="40,114,56,12,128,111,63,110,15,55,28,86,29" hai3="17,61,42,3,125,7,96,72,48,77,6,84,24"/><W91/><G3/><T31/><D123/><U71/><E133/><V97/><F114/><W103/><G72/><T107/><D107/><U19/><E5/><N who="3" m="1546" /><G77/><T1/><D69/><U92/><E80/><V129/><F40/><W44/><G61/><N who="0" m="38207" /><D38/><U52/><E119/><V16/><F86/><W117/><G117/><T22/><D1/><U37/><E37/><V35/><F97/><W68/><G68/><T102/><D102/><U82/><E82/><V112/><F112/><W62/><G62/><T0/><D0/><U26/><E41/><V104/><F104/><W65/><G65/><T116/><D116/><U14/><E60/><V98/><F98/><W109/><G109/><N who="2" m="41481" /><F15/><W81/><G96/><T99/><D108/><U83/><E19/><V23/><F35/><W121/><G103/><T58/><D31/><AGARI ba="0,0" hai="12,16,23,28,29,31,55,56,63,128,129" m="41481" machi="31" ten="30,2000,0" yaku="14,1,54,1" doraHai="43" who="2" fromWho="0" sc="196,-20,252,0,388,20,164,0" owari="176,-22.0,252,5.0,408,51.0,164,-34.0" /></mjloggm>