<mjloggm ver="2.3"><GO type="41" lobby="0"/><UN n0="%52%2E%4B%61%7A%75%6B%69" n1="%E3%81%AA%E3%81%AA%E3%81%A3%E3%81%A8%E3%81%86" n2="%E5%B0%B1%E6%B4%BB%E7%94%9F%40%E5%B7%9D%E6%9D%91%E8%BB%8D%E5%9B%A3" n3="%70%65%6C%6F%74%69%63%61" dan="14,15,17,14" rate="1876.19,1962.47,2216.21,1947.00" sx="M,M,M,M"/><TAIKYOKU oya="0"/><INIT seed="0,0,0,5,5,113" ten="250,250,250,250" oya="0" hai0="22,58,33,82,26,10,117,119,37,11,19,101,50" hai1="21,105,47,103,62,112,6,41,60,67,29,89,126" hai2="90,1,98,43,40,69,81,31,80,127,91,71,42" hai3="18,17,63,131,111,108,59,124,115,12,97,88,4"/><T74/><D37/><U54/><E112/><V95/><F127/><W55/><G115/><T28/><D101/><U76/><E126/><V53/><F1/><W123/><G124/><T118/><D74/><U120/><E120/><V34/><F34/><W84/><G131/><T96/><D96/><U121/><E121/><V49/><F31/><W100/><G4/><T48/><D82/><U36/><E76/><V3/><F3/><W13/><G123/><T116/><N who="0" m="29696" /><DORA hai="135" /><T16/><D19/><U68/><E6/><V73/><F73/><W132/><G132/><T99/><D99/><U133/><E133/><V64/><F64/><W8/><G97/><T66/><D66/><U65/><E105/><V93/><F71/><W134/><G100/><T23/><D33/><U44/><E103/><V61/><F61/><W79/><G79/><T15/><REACH who="0" step="1"/><D58/><REACH who="0" ten="240,250,250,250" step="2"/><U20/><E67/><V87/><F69/><W45/><G134/><T109/><D109/><U24/><E68/><V35/><F35/><W130/><G130/><T75/><D75/><U128/><E65/><V30/><F81/><N who="3" m="49167" /><G111/><T77/><D77/><U102/><E102/><V125/><F125/><W46/><G108/><T92/><D92/><U122/><E128/><V39/><F39/><W32/><G32/><T57/><D57/><U51/><E122/><V72/><F72/><W52/><G55/><T129/><D129/><U2/><E54/><V104/><F80/><W85/><G85/><T78/><D78/><U114/><E36/><V25/><F98/><W106/><G106/><T9/><AGARI ba="0,1" hai="9,10,11,15,16,22,23,26,28,48,50" m="29696" machi="9" ten="60,18000,2" yaku="1,1,0,1,52,4,54,1,53,0" doraHai="113,135" doraHaiUra="56,83" who="0" fromWho="0" sc="240,190,250,-60,250,-60,250,-60" /><INIT seed="0,1,0,5,3,79" ten="430,190,190,190" oya="0" hai0="121,111,92,113,81,90,120,134,3,112,100,54,80" hai1="87,22,33,67,99,19,58,42,109,101,7,37,11" hai2="50,29,66,93,133,8,95,5,43,27,74,13,34" hai3="17,116,69,31,16,57,131,89,36,128,85,127,6"/><T107/><D3/><U77/><E33/><V20/><F74/><W72/><G72/><T114/><D54/><U84/><E109/><V35/><F133/><W118/><G69/><T102/><D134/><U47/><E67/><V106/><F106/><W2/><G36/><T83/><D107/><U132/><E132/><V64/><F35/><W24/><G57/><T0/><D0/><U91/><E77/><V14/><F34/><N who="3" m="20839" /><G85/><N who="0" m="52303" /><D111/><U105/><E58/><V46/><F14/><W130/><G89/><T76/><D76/><U73/><E73/><V117/><F117/><N who="3" m="45163" /><G127/><T53/><D53/><U49/><E91/><V96/><REACH who="2" step="1"/><F95/><REACH who="2" ten="430,190,180,190" step="2"/><W125/><G125/><T15/><D15/><U126/><E126/><V59/><F59/><W10/><AGARI ba="1,1" hai="2,6,10,16,17,128,130,131" m="45163,20839" machi="10" ten="40,8000,1" yaku="19,1,34,2,54,1" doraHai="79" who="3" fromWho="3" sc="430,-41,190,-21,180,-21,190,93" /><INIT seed="1,0,0,4,1,84" ten="389,169,159,283" oya="1" hai0="15,52,124,89,59,109,50,117,123,101,135,47,17" hai1="118,55,20,34,105,11,10,3,46,111,110,133,82" hai2="2,74,61,127,42,25,85,37,91,64,9,119,103" hai3="100,99,92,43,29,93,4,67,86,77,49,0,81"/><U87/><E118/><V122/><F122/><W96/><G0/><T90/><D117/><U8/><E34/><V41/><F119/><W79/><G4/><T33/><D124/><U107/><E3/><V88/><F74/><W75/><G29/><T130/><D135/><U98/><E133/><V1/><F127/><W65/><G43/><N who="0" m="24959" /><D130/><U22/><E22/><V58/><F103/><W125/><G49/><N who="0" m="31119" /><D33/><U95/><E46/><V128/><F128/><W73/><G65/><T31/><D123/><U26/><E55/><V38/><F2/><W63/><G67/><T13/><D109/><N who="1" m="41483" /><E107/><V76/><F1/><W116/><G63/><T6/><D31/><N who="1" m="17863" /><E105/><V40/><F9/><W112/><G116/><T131/><D101/><N who="1" m="60639" /><E8/><V28/><F38/><W115/><G125/><T104/><D104/><U113/><E113/><V27/><F37/><W56/><G56/><T71/><D131/><U106/><E106/><V108/><F108/><W51/><G51/><T57/><D71/><U44/><E44/><V21/><F27/><W24/><G24/><T7/><D57/><U72/><E72/><V19/><F28/><W14/><G14/><N who="0" m="5131" /><D17/><U83/><E83/><AGARI ba="0,0" hai="19,21,25,40,41,42,58,61,64,76,83,85,88,91" machi="83" ten="40,8000,1" yaku="8,1,52,2,54,1" doraHai="84" who="2" fromWho="1" sc="389,0,169,-80,159,80,283,0" /><INIT seed="2,0,0,2,4,95" ten="389,89,239,283" oya="2" hai0="42,80,107,102,63,10,125,99,56,9,64,19,36" hai1="57,5,103,32,68,100,40,53,92,20,93,86,23" hai2="51,97,13,39,54,16,21,82,70,71,28,116,101" hai3="87,7,3,105,90,104,18,50,79,120,66,35,4"/><V41/><F116/><W108/><G18/><T30/><D125/><U45/><E32/><V133/><F133/><W130/><G50/><T98/><D30/><U106/><E68/><V2/><F2/><W77/><G87/><T61/><D80/><U135/><E135/><V44/><F28/><W114/><G90/><T111/><D111/><U78/><E106/><V6/><F82/><W46/><G46/><T88/><D19/><U12/><E92/><V75/><F75/><W25/><G66/><T22/><D22/><U89/><E78/><V83/><F83/><W38/><G25/><T74/><D74/><U81/><E81/><V52/><F6/><W17/><G17/><T109/><D109/><U121/><E121/><V119/><F119/><W27/><G27/><T29/><D29/><U60/><E23/><V124/><F124/><W127/><G7/><T14/><D14/><U11/><REACH who="1" step="1"/><E20/><REACH who="1" ten="389,79,239,283" step="2"/><V58/><F54/><W84/><G77/><T33/><D33/><U91/><E91/><V112/><F112/><W24/><G79/><T69/><D10/><U15/><E15/><V0/><F0/><W118/><G24/><T55/><D9/><U115/><E115/><V134/><F134/><W48/><G4/><T43/><D36/><AGARI ba="0,1" hai="5,11,12,36,40,45,53,57,60,86,89,93,100,103" machi="36" ten="30,3900,0" yaku="1,1,7,1,53,1" doraHai="95" doraHaiUra="1" who="1" fromWho="0" sc="389,-39,79,49,239,0,283,0" /><INIT seed="3,0,0,1,5,104" ten="350,128,239,283" oya="3" hai0="97,54,127,124,70,31,27,21,105,34,60,16,84" hai1="103,107,123,44,93,73,26,106,87,95,3,51,133" hai2="77,0,15,119,52,63,59,85,14,20,39,118,2" hai3="129,1,13,115,99,67,9,38,66,28,33,82,58"/><W6/><G115/><T49/><D84/><U62/><E3/><V109/><F39/><W86/><G129/><T17/><D70/><U117/><E123/><V74/><F109/><W101/><G13/><T125/><D60/><U43/><E133/><V110/><F110/><W71/><G38/><T98/><D105/><U134/><E134/><V116/><F85/><W65/><G58/><N who="0" m="33103" /><D17/><U83/><E117/><V100/><F100/><W57/><G57/><T4/><D4/><U11/><E11/><V48/><F63/><W50/><G50/><T79/><D79/><U91/><E62/><V88/><F88/><W24/><G71/><T112/><D112/><U25/><E106/><V23/><F15/><AGARI ba="0,0" hai="15,16,21,27,31,34,97,98,124,125,127" m="33103" machi="15" ten="30,2000,0" yaku="18,1,54,1" doraHai="104" who="0" fromWho="2" sc="350,20,128,0,239,-20,283,0" /><INIT seed="4,0,0,0,0,103" ten="370,128,219,283" oya="0" hai0="121,13,14,42,57,40,86,93,47,8,51,31,29" hai1="90,9,4,81,30,114,84,120,129,49,131,123,55" hai2="116,101,111,67,128,38,26,61,62,134,12,99,59" hai3="85,126,54,18,89,82,22,91,122,110,130,70,21"/><T24/><D121/><U1/><E30/><N who="0" m="11273" /><D40/><U63/><E63/><V109/><F38/><W72/><G70/><T104/><D104/><U11/><E11/><V32/><F32/><W20/><G122/><T41/><D24/><U17/><E17/><V33/><F33/><W108/><G72/><T96/><D86/><U68/><E68/><V39/><F39/><W78/><G126/><T3/><D3/><U58/><REACH who="1" step="1"/><E114/><REACH who="1" ten="370,118,219,283" step="2"/><V37/><F62/><W25/><G110/><T88/><D8/><U7/><E7/><V64/><F109/><W119/><G108/><T75/><D75/><U15/><E15/><V83/><F12/><W113/><G113/><T100/><D14/><U36/><E36/><V76/><F61/><W43/><G18/><T115/><D13/><U74/><E74/><V71/><F37/><W45/><G25/><T105/><D115/><U48/><E48/><V133/><F71/><W60/><G60/><T23/><D51/><U53/><E53/><V124/><F26/><W16/><G16/><T44/><D42/><U2/><E2/><V107/><F111/><W118/><G43/><T5/><D41/><U65/><E65/><V6/><F6/><W106/><G54/><T69/><D5/><U56/><E56/><V127/><F67/><W79/><G45/><T95/><D69/><U28/><E28/><V66/><F59/><W135/><G21/><T94/><D57/><U19/><E19/><V102/><F64/><W97/><G20/><T27/><D44/><U34/><E34/><V73/><F66/><W0/><G22/><T52/><D47/><RYUUKYOKU ba="0,1" sc="370,-10,118,30,219,-10,283,-10" hai1="1,4,9,49,55,58,81,84,90,120,123,129,131" /><INIT seed="5,1,1,4,4,15" ten="360,148,209,273" oya="1" hai0="123,55,39,78,59,111,10,89,16,57,118,113,6" hai1="100,129,60,122,50,66,33,44,74,64,17,88,82" hai2="30,108,97,90,52,45,35,0,53,81,69,87,26" hai3="72,56,47,106,101,67,132,134,19,75,96,98,38"/><U11/><E122/><V126/><F108/><W63/><G98/><T48/><D39/><U76/><E33/><V13/><F0/><W131/><G131/><T8/><D123/><U91/><E129/><V115/><F69/><W36/><G36/><T5/><D111/><U117/><E117/><V127/><F115/><W37/><G37/><T104/><D118/><U102/><E66/><V124/><F45/><W40/><REACH who="3" step="1"/><G19/><REACH who="3" ten="360,148,209,263" step="2"/><T49/><D113/><U62/><E102/><V27/><F97/><W119/><G119/><T73/><D104/><U107/><E107/><V77/><F27/><W86/><G86/><T135/><D135/><AGARI ba="1,2" hai="38,40,47,56,63,67,72,75,96,101,106,132,134,135" machi="135" ten="40,2600,0" yaku="1,1,20,1,53,0" doraHai="15" doraHaiUra="24" who="3" fromWho="0" sc="360,-29,148,0,209,0,263,49" /><INIT seed="6,0,0,1,5,84" ten="331,148,209,312" oya="2" hai0="50,15,131,20,85,16,33,68,44,123,2,79,111" hai1="27,94,115,25,0,69,49,95,93,98,120,118,108" hai2="29,52,130,11,99,86,60,121,96,7,19,57,117" hai3="46,4,67,62,74,1,92,122,72,40,31,66,75"/><V125/><F121/><W17/><G122/><T76/><D123/><U38/><E120/><RYUUKYOKU type="kaze4" ba="0,0" sc="331,0,148,0,209,0,312,0" /><INIT seed="6,1,0,3,1,130" ten="331,148,209,312" oya="2" hai0="94,90,98,20,69,85,47,36,57,108,52,33,14" hai1="135,104,103,66,54,40,111,48,42,23,53,19,86" hai2="10,51,8,60,67,131,37,71,0,39,127,34,2" hai3="134,105,84,132,61,116,21,64,117,9,45,87,58"/><V44/><F34/><W124/><G105/><T26/><D108/><U82/><E111/><V18/><F131/><W41/><G9/><T27/><D33/><U11/><E66/><V113/><F113/><W74/><G74/><T114/><D69/><U79/><E11/><V119/><F127/><W16/><G124/><T68/><D68/><U12/><E135/><N who="3" m="51754" /><G16/><N who="0" m="10263" /><D114/><U35/><E35/><V100/><F100/><W122/><G21/><T63/><D36/><U38/><E38/><V49/><F119/><N who="3" m="45643" /><G122/><T89/><D47/><U59/><E104/><V112/><F112/><W4/><G4/><T1/><D1/><U102/><E102/><V77/><F10/><W50/><AGARI ba="1,0" hai="41,45,50,58,61,64,84,87" m="45643,51754" machi="50" ten="30,7900,0" yaku="20,1,52,3" doraHai="130" who="3" fromWho="3" sc="331,-21,148,-21,209,-40,312,82" /><INIT seed="7,0,0,0,5,18" ten="310,127,169,394" oya="3" hai0="126,105,73,4,128,53,20,59,87,95,110,64,26" hai1="82,35,49,29,46,66,34,102,13,97,22,56,85" hai2="7,116,67,114,71,122,108,111,3,47,81,120,72" hai3="23,32,96,68,119,125,36,80,17,106,60,39,5"/><W16/><G32/><T113/><D73/><U103/><E35/><V27/><F7/><W43/><G5/><T15/><D110/><U94/><E34/><V61/><F3/><W134/><G17/><T101/><D113/><U9/><E102/><V51/><F27/><W124/><G80/><T65/><D126/><U115/><E115/><V57/><F81/><W38/><G43/><T83/><D128/><U62/><E9/><V33/><F33/><W74/><G16/><N who="0" m="12551" /><D105/><U37/><E37/><V10/><F10/><W12/><G119/><T98/><D4/><U6/><E6/><V132/><F72/><W88/><G74/><T48/><D15/><U50/><E13/><V8/><F8/><W104/><G12/><T52/><D53/><U123/><E123/><V44/><F116/><W70/><G68/><T130/><D130/><U93/><E93/><V31/><F114/><W21/><G106/><T25/><D25/><N who="1" m="16567" /><E46/><V129/><F129/><W91/><G104/><T100/><D100/><U30/><E30/><V112/><F112/><W76/><G38/><T84/><D84/><U77/><AGARI ba="0,0" hai="49,50,56,62,66,77,82,85,94,97,103" m="16567" machi="77" ten="30,4000,0" yaku="25,1,8,1,52,1" doraHai="18" who="1" fromWho="1" sc="310,-10,127,40,169,-10,394,-20" owari="300,10.0,167,-23.0,159,-34.0,374,47.0" /></mjloggm>