<mjloggm ver="2.3"><GO type="41" lobby="0"/><UN n0="%E6%99%82%E3%82%92%E5%88%BB%E3%82%80%E5%94%84" n1="%73%69%62%69%79%61" n2="%E3%82%84%E3%82%93%E3%82%84%36" n3="%E5%B0%B1%E6%B4%BB%E7%94%9F%40%E5%B7%9D%E6%9D%91%E8%BB%8D%E5%9B%A3" dan="18,15,13,15" rate="2180.96,1997.90,1980.60,1956.85" sx="F,M,M,M"/><TAIKYOKU oya="0"/><INIT seed="0,0,0,5,1,5" ten="250,250,250,250" oya="0" hai0="25,1,107,63,94,80,21,66,70,27,52,69,26" hai1="133,28,98,65,123,126,135,29,61,2,113,31,24" hai2="38,44,16,72,104,100,122,131,40,101,32,57,119" hai3="42,134,4,7,102,15,110,74,97,79,35,22,20"/><T82/><D107/><U54/><E123/><V115/><F122/><W99/><G35/><T37/><D37/><U124/><E113/><V78/><F119/><W106/><G134/><N who="1" m="51210" /><E2/><V109/><F32/><W13/><G110/><T92/><D69/><N who="1" m="42159" /><E98/><V116/><F115/><W33/><G33/><T18/><D1/><U68/><E68/><V55/><F131/><W30/><G42/><T120/><D120/><U46/><E24/><N who="0" m="9321" /><D66/><U84/><E84/><V132/><F132/><W43/><G43/><T114/><D70/><U85/><E85/><V64/><F116/><W88/><G30/><T86/><D114/><U76/><E76/><V62/><F109/><W127/><G127/><N who="1" m="48682" /><E46/><V34/><F34/><W45/><G45/><T11/><D82/><U93/><E54/><V105/><F78/><W81/><G97/><T96/><D96/><U3/><E3/><V103/><F72/><W73/><G73/><T51/><D80/><U83/><E83/><V39/><F55/><W125/><G125/><T19/><D86/><U8/><E93/><V12/><REACH who="2" step="1"/><F39/><REACH who="2" ten="250,250,240,250" step="2"/><W87/><G74/><T112/><D112/><U117/><E117/><V71/><F71/><W130/><G79/><T36/><D36/><U108/><E108/><V49/><F49/><W111/><G111/><T128/><D51/><U6/><E6/><V14/><F14/><N who="3" m="5131" /><G7/><T89/><D52/><U75/><E75/><V59/><F59/><W17/><G4/><T47/><D47/><U118/><E118/><V91/><F91/><W56/><G88/><T41/><D89/><U58/><E58/><V129/><F129/><RYUUKYOKU ba="0,1" sc="250,-15,250,15,240,15,250,-15" hai1="8,28,29,31" hai2="12,16,38,40,44,57,62,64,100,101,103,104,105" /><INIT seed="1,1,1,2,4,79" ten="235,265,255,235" oya="1" hai0="57,17,134,83,125,1,132,105,116,33,109,90,106" hai1="91,16,67,25,61,28,81,73,30,115,12,97,13" hai2="40,135,100,49,127,63,69,120,59,24,108,34,128" hai3="75,126,47,76,9,44,113,124,15,4,121,11,94"/><U14/><E115/><V129/><F120/><W89/><G121/><T95/><D33/><U42/><E42/><V96/><F135/><N who="0" m="51754" /><D1/><U20/><E73/><V72/><F72/><W43/><G113/><T80/><D116/><U35/><E35/><V84/><F108/><W46/><G11/><T74/><D109/><U0/><E0/><V58/><F127/><N who="3" m="48683" /><G76/><T27/><D125/><U117/><E117/><V55/><F84/><N who="3" m="52519" /><G75/><T101/><D74/><U71/><REACH who="1" step="1"/><E97/><REACH who="1" ten="235,255,255,235" step="2"/><V51/><F34/><W133/><G133/><T68/><D105/><U104/><E104/><V64/><F96/><W38/><AGARI ba="1,2" hai="4,9,15,38,43,44,46,47" m="52519,48683" machi="38" ten="30,1100,0" yaku="18,1" doraHai="79" who="3" fromWho="3" sc="235,-4,255,-6,255,-4,235,34" /><INIT seed="2,0,0,5,1,130" ten="231,249,251,269" oya="2" hai0="93,47,19,118,84,31,41,24,124,52,26,83,56" hai1="23,57,72,112,122,135,6,110,103,129,76,117,20" hai2="63,12,34,95,127,59,98,134,113,58,75,86,50" hai3="107,39,68,54,69,15,100,53,3,96,92,64,36"/><V80/><F113/><W25/><G3/><T81/><D124/><U62/><E103/><V33/><F75/><W88/><G39/><T11/><D118/><U45/><E6/><V74/><F74/><W87/><G36/><T90/><D41/><U71/><E45/><V108/><F108/><W120/><G120/><T37/><D37/><U51/><E51/><V65/><F127/><W27/><G15/><N who="0" m="7679" /><D47/><U5/><E57/><V4/><F134/><W114/><G114/><T94/><D94/><U85/><E85/><V115/><F115/><W132/><G132/><T116/><D116/><U106/><E62/><V82/><F82/><N who="0" m="31242" /><D31/><U111/><E117/><V16/><F4/><W102/><G102/><T8/><D8/><U43/><E112/><V21/><F50/><AGARI ba="0,0" hai="24,26,50,52,56,84,90,93" m="31242,7679" machi="50" ten="30,2000,0" yaku="8,1,54,1" doraHai="130" who="0" fromWho="2" sc="231,20,249,0,251,-20,269,0" /><INIT seed="3,0,0,4,3,118" ten="251,249,231,269" oya="3" hai0="72,16,19,113,15,105,9,3,95,48,41,93,31" hai1="27,11,116,80,112,68,127,8,101,128,114,84,58" hai2="135,88,94,56,96,45,25,47,102,35,4,91,24" hai3="38,92,120,13,34,66,81,97,132,110,109,52,20"/><W59/><G34/><T103/><D72/><U130/><E68/><V131/><F131/><N who="1" m="50217" /><E127/><V83/><F135/><W17/><G38/><T129/><D129/><U124/><E124/><V42/><F35/><W60/><G132/><T121/><D31/><U10/><E116/><V28/><F28/><W49/><G81/><T53/><D41/><U75/><E101/><V100/><F4/><W54/><G120/><T62/><D121/><U99/><E75/><V117/><F117/><W85/><G85/><T78/><D62/><U107/><E107/><V89/><F83/><W6/><G6/><T30/><D19/><U119/><E119/><V67/><F67/><W82/><G82/><T106/><D15/><U63/><E99/><V37/><F56/><W36/><G36/><T125/><D48/><U122/><E27/><V33/><F47/><W123/><G123/><T0/><D53/><N who="1" m="34255" /><E122/><V29/><REACH who="2" step="1"/><F25/><REACH who="2" ten="251,249,221,269" step="2"/><W5/><G5/><N who="0" m="1191" /><D30/><U108/><E108/><N who="3" m="41578" /><G49/><T86/><D125/><U55/><E55/><V74/><F74/><W14/><G14/><T70/><D3/><U22/><E22/><V76/><F76/><AGARI ba="0,1" hai="8,10,11,76,80,84,112,114" m="34255,50217" machi="76" ten="30,1000,0" yaku="19,1" doraHai="118" who="1" fromWho="2" sc="251,0,249,20,221,-10,269,0" /><INIT seed="4,0,0,3,1,106" ten="251,269,211,269" oya="0" hai0="6,31,63,132,135,123,122,81,114,59,95,11,73" hai1="109,97,45,91,66,7,44,16,4,104,0,48,111" hai2="85,128,129,101,8,56,116,72,58,75,37,54,99" hai3="67,103,46,82,98,50,27,100,115,121,88,35,74"/><T102/><D31/><U36/><E66/><V126/><F116/><W107/><G100/><T1/><D114/><U49/><E36/><V5/><F37/><W68/><G115/><T76/><D95/><U87/><E0/><V47/><F47/><W57/><G121/><T84/><D84/><U28/><E28/><V61/><F85/><W13/><G13/><T32/><D102/><U15/><E97/><V51/><F126/><W19/><G68/><T125/><D32/><U2/><E104/><V79/><F79/><W53/><G67/><T33/><D33/><U89/><E2/><V94/><F58/><W55/><G35/><T108/><D125/><U78/><E78/><V131/><F61/><W42/><G57/><T38/><D38/><U90/><E87/><V9/><F9/><W112/><G112/><T83/><D81/><U17/><E90/><V18/><F18/><W3/><G3/><AGARI ba="0,0" hai="3,5,8,51,54,56,72,75,94,99,101,128,129,131" machi="3" ten="40,5200,0" yaku="19,1,52,2" doraHai="106" who="2" fromWho="3" sc="251,0,269,0,211,52,269,-52" /><INIT seed="5,0,0,4,5,58" ten="251,269,263,217" oya="1" hai0="22,118,47,75,29,6,72,88,50,86,128,69,65" hai1="84,93,99,32,35,134,104,52,76,28,21,54,5" hai2="59,62,129,51,49,27,80,127,19,34,40,73,94" hai3="2,12,43,105,103,89,79,3,53,121,126,87,133"/><U26/><E104/><V116/><F116/><W98/><G121/><T70/><D118/><U42/><E134/><V68/><F129/><W90/><G126/><T83/><D128/><U74/><E74/><V41/><F127/><W36/><G133/><T37/><D37/><U9/><E42/><V130/><F130/><W23/><G36/><T106/><D106/><U125/><E125/><V113/><F113/><W132/><G132/><T92/><D6/><U108/><E108/><V66/><F73/><W131/><G131/><T95/><D75/><U13/><E32/><V101/><F80/><W24/><G43/><T77/><D65/><U30/><E30/><V115/><F115/><W17/><G53/><T56/><D56/><U61/><E61/><V117/><F117/><W120/><G120/><T44/><D92/><U64/><E64/><V82/><F82/><W57/><G57/><T48/><D48/><U55/><E35/><V71/><F71/><W63/><G63/><T111/><D111/><U96/><REACH who="1" step="1"/><E76/><REACH who="1" ten="251,259,263,217" step="2"/><V91/><F40/><W15/><G79/><T123/><D123/><U46/><E46/><V67/><F41/><W109/><G109/><T39/><D47/><U122/><E122/><V135/><F34/><W10/><G90/><AGARI ba="0,1" hai="5,9,13,21,26,28,52,54,55,84,90,93,96,99" machi="90" ten="40,7700,0" yaku="1,1,8,1,54,1,53,0" doraHai="58" doraHaiUra="97" who="1" fromWho="3" sc="251,0,259,87,263,0,217,-77" /><INIT seed="5,1,0,2,4,61" ten="251,346,263,140" oya="1" hai0="38,35,122,111,133,80,79,87,42,37,43,77,55" hai1="8,6,69,3,91,30,10,76,95,67,21,101,22" hai2="106,118,81,65,41,1,33,50,132,0,99,66,27" hai3="58,97,44,75,54,49,130,107,113,20,83,84,86"/><U5/><E76/><V116/><F81/><W125/><G113/><T57/><D111/><U16/><E101/><V14/><F132/><W123/><G123/><T62/><D133/><U71/><E30/><V129/><F129/><W47/><G130/><T59/><D35/><U17/><E3/><V74/><F74/><W28/><G125/><T26/><D26/><U124/><E124/><V23/><F33/><W85/><G75/><T36/><D122/><U13/><E13/><V109/><F14/><W128/><G128/><T119/><D119/><U117/><E117/><V63/><F63/><W25/><REACH who="3" step="1"/><G83/><REACH who="3" ten="251,346,263,130" step="2"/><T78/><D80/><U64/><E95/><V53/><F106/><W90/><G90/><AGARI ba="1,1" hai="5,6,8,10,16,17,21,22,64,67,69,71,90,91" machi="90" ten="25,12000,1" yaku="22,2,52,2,54,1" doraHai="61" who="1" fromWho="3" sc="251,0,346,133,263,0,130,-123" /><INIT seed="5,2,0,4,2,34" ten="251,479,263,7" oya="1" hai0="94,57,10,8,21,61,66,15,43,40,107,91,98" hai1="93,17,121,92,78,102,115,22,95,103,90,13,97" hai2="119,6,130,110,41,74,37,85,32,104,4,122,38" hai3="18,71,44,30,19,5,114,0,126,29,1,86,101"/><U111/><E121/><V124/><F41/><W59/><G71/><T112/><D112/><U2/><E115/><V87/><F4/><W25/><G114/><T105/><D105/><U73/><E111/><V27/><F6/><W55/><G101/><N who="1" m="38410" /><E73/><V20/><F20/><W128/><G128/><T48/><D107/><U50/><E2/><N who="3" m="1130" /><G44/><N who="0" m="25607" /><D43/><U118/><E118/><V28/><F37/><W81/><G59/><T58/><D58/><U83/><E78/><V3/><F38/><W131/><G55/><T120/><D120/><U31/><E83/><V69/><F87/><W89/><G131/><T16/><AGARI ba="2,0" hai="8,10,15,16,21,57,61,66,91,94,98" m="25607" machi="16" ten="30,2000,0" yaku="8,1,54,1" doraHai="34" who="0" fromWho="0" sc="251,26,479,-12,263,-7,7,-7" /><INIT seed="6,0,0,4,1,121" ten="277,467,256,0" oya="2" hai0="37,42,59,126,106,64,40,73,13,66,87,134,24" hai1="63,38,94,50,108,107,97,93,46,67,15,55,69" hai2="132,128,9,102,104,60,27,29,123,99,77,52,20" hai3="25,115,79,111,74,78,114,70,21,36,92,47,14"/><V22/><F123/><W65/><G14/><T85/><D73/><U117/><E108/><V89/><F132/><W84/><G74/><T129/><D106/><U91/><E117/><V12/><F128/><W131/><G131/><T86/><D129/><U26/><E107/><V82/><F89/><N who="3" m="53287" /><G111/><T95/><D134/><U4/><E26/><V127/><F127/><W122/><G122/><T28/><D126/><U71/><E94/><V45/><F29/><N who="3" m="17583" /><G70/><T18/><D95/><U33/><E33/><V62/><F27/><W17/><G65/><T0/><D0/><U110/><E110/><V113/><F113/><N who="3" m="43019" /><G17/><T56/><D64/><U96/><E69/><V130/><F130/><W88/><G88/><T11/><D66/><U125/><E125/><V1/><F1/><W75/><G75/><T119/><D119/><U116/><E116/><V43/><F22/><W112/><N who="3" m="43027" /><W49/><DORA hai="30" /><G36/><T34/><D37/><U135/><E38/><V16/><F20/><W57/><G57/><T8/><D59/><U80/><E135/><V68/><F68/><W109/><G109/><T23/><D56/><U31/><E71/><V48/><F43/><AGARI ba="0,0" hai="43,47,49,78,79" m="43027,17583,53287" machi="43" ten="40,2600,0" yaku="15,1,11,1" doraHai="121,30" who="3" fromWho="2" sc="277,0,467,0,256,-26,0,26" /><INIT seed="7,0,0,4,5,41" ten="277,467,230,26" oya="3" hai0="3,47,88,126,113,63,77,74,57,51,100,19,106" hai1="93,49,55,117,68,82,133,26,122,14,70,62,97" hai2="105,125,11,90,60,12,13,31,91,29,134,89,116" hai3="48,109,75,115,71,123,114,98,23,84,94,112,118"/><W87/><G71/><T54/><D3/><U30/><E122/><V52/><F116/><W0/><G0/><T4/><D4/><U99/><E133/><V10/><F105/><W101/><G123/><T1/><D1/><U43/><E117/><V92/><F134/><W78/><G118/><T37/><D37/><U18/><E68/><V27/><F125/><W132/><G132/><T131/><D126/><U59/><E70/><V107/><F107/><W40/><G23/><T95/><D106/><U79/><E93/><V5/><F92/><W25/><G25/><T24/><D74/><U53/><E43/><V80/><F80/><W42/><G109/><T130/><D77/><U104/><E104/><V46/><F27/><W8/><G8/><T34/><D100/><U28/><E82/><V38/><F38/><W7/><G7/><T83/><D83/><U111/><E79/><V128/><F128/><N who="0" m="49194" /><D113/><U72/><E72/><V110/><F110/><W35/><G35/><T16/><D24/><U15/><E111/><V61/><F61/><W85/><REACH who="3" step="1"/><G48/><REACH who="3" ten="277,467,230,16" step="2"/><T120/><D34/><U36/><E49/><N who="2" m="28727" /><F60/><W45/><G45/><T81/><D120/><U44/><E62/><V66/><F66/><W9/><G9/><T64/><D64/><U67/><E44/><V58/><F58/><W2/><G2/><T56/><D56/><U22/><E59/><V33/><F33/><W102/><G102/><T21/><D57/><U103/><E67/><V129/><F129/><W119/><G119/><T124/><D47/><U20/><E103/><V32/><F32/><W135/><G135/><RYUUKYOKU ba="0,1" sc="277,-15,467,-15,230,15,16,15" hai2="5,10,11,12,13,29,31,89,90,91" hai3="40,42,75,78,84,85,87,94,98,101,112,114,115" /><INIT seed="7,1,1,1,0,128" ten="262,452,245,31" oya="3" hai0="111,11,8,67,24,85,110,15,120,96,33,36,74" hai1="44,102,81,51,69,108,104,10,91,86,47,123,130" hai2="92,19,109,17,64,78,84,48,28,29,59,119,76" hai3="116,52,118,83,89,132,1,112,113,26,0,121,127"/><W135/><G83/><T6/><D120/><U42/><E108/><V125/><F119/><N who="3" m="45611" /><G89/><T56/><D36/><U60/><E130/><V54/><F125/><W80/><G80/><T133/><D74/><U25/><E123/><V82/><F109/><W106/><G106/><T63/><D133/><N who="3" m="51273" /><G121/><T12/><D85/><U37/><E86/><V61/><F92/><W49/><G127/><T50/><D96/><U115/><E91/><V94/><F94/><W4/><G26/><T99/><D99/><U93/><E81/><V87/><F87/><W14/><G14/><T41/><D24/><U77/><E25/><V103/><F103/><W20/><G20/><T105/><D33/><U23/><E102/><V30/><F78/><W58/><G4/><T68/><D105/><U57/><E104/><V79/><F79/><W107/><G107/><T22/><D22/><U98/><E23/><V34/><F34/><W55/><G55/><T5/><D41/><U100/><E42/><V39/><F39/><W90/><G90/><T21/><D21/><U13/><E37/><V46/><AGARI ba="1,1" hai="17,19,28,29,30,46,48,54,59,61,64,76,82,84" machi="46" ten="30,2000,0" yaku="0,1,8,1" doraHai="128" who="2" fromWho="2" sc="262,-6,452,-6,245,33,31,-11" owari="256,-14.0,446,54.0,278,8.0,20,-48.0" /></mjloggm>