<mjloggm ver="2.3"><GO type="225" lobby="0"/><UN n0="%E7%8E%A9%E5%80%8B%4A%42" n1="%E5%90%91%E4%BA%95%E7%90%86" n2="%E3%83%88%E3%83%88%E3%83%AA%E5%85%88%E7%94%9F%31%39%E6%AD%B3" n3="%6B%6F%75%33%32%38%34" dan="17,16,17,16" rate="2188.82,2137.73,2199.48,2147.93" sx="M,M,F,F"/><TAIKYOKU oya="0"/><INIT seed="0,0,0,0,2,80" ten="250,250,250,250" oya="0" hai0="111,62,38,117,27,91,43,15,16,1,114,33,60" hai1="18,3,19,37,121,40,23,102,53,95,0,32,103" hai2="94,54,108,35,128,85,56,68,58,101,66,105,63" hai3="126,5,89,129,31,39,14,98,133,127,59,135,116"/><T65/><D114/><U106/><E32/><V4/><F35/><W125/><G116/><T97/><D117/><U123/><E106/><V30/><F30/><W75/><G39/><T2/><D62/><U51/><E40/><V78/><F105/><W124/><G75/><T55/><D55/><U46/><E37/><V41/><F41/><W11/><G125/><T119/><D119/><U25/><E18/><V74/><F74/><W86/><G31/><T34/><D34/><U24/><E24/><V6/><F68/><W112/><G112/><T83/><D27/><U36/><E36/><V115/><F108/><W42/><G42/><T61/><D61/><U92/><E92/><V17/><F128/><W113/><G113/><T28/><D28/><U12/><E12/><V50/><F115/><W71/><G71/><T69/><D33/><U132/><E132/><N who="3" m="50762" /><G98/><T49/><D38/><U72/><E72/><V22/><F101/><W70/><G70/><T82/><D111/><U88/><E103/><V64/><F66/><W130/><G59/><N who="0" m="37023" /><D2/><U110/><E102/><V81/><REACH who="2" step="1"/><F94/><AGARI ba="0,0" hai="5,11,14,86,89,94,124,126,127,129,130" m="50762" machi="94" ten="40,8000,1" yaku="30,2,18,1,20,1,52,1" doraHai="80" who="3" fromWho="2" sc="250,0,250,0,250,-80,250,80" /><INIT seed="1,0,0,3,1,0" ten="250,250,170,330" oya="1" hai0="7,45,15,111,112,74,104,90,46,122,106,67,128" hai1="37,63,78,32,123,58,99,113,107,68,115,55,34" hai2="40,135,103,24,51,39,27,8,110,3,82,109,36" hai3="43,97,1,52,96,114,126,73,94,12,121,131,80"/><U88/><E123/><V60/><F135/><W50/><G1/><T44/><D112/><U76/><E37/><V25/><F103/><W64/><G114/><T20/><D74/><U130/><E68/><V116/><F116/><W21/><G121/><T29/><D122/><U41/><E41/><V72/><F60/><W105/><G105/><T100/><D100/><U108/><E115/><V117/><F117/><W101/><G96/><T118/><D118/><U75/><E113/><V4/><F51/><W56/><G131/><T26/><D128/><U30/><E130/><V85/><F72/><W83/><G73/><T102/><D102/><U38/><E38/><V54/><F54/><W10/><G21/><T16/><D111/><N who="2" m="42506" /><F40/><W11/><G11/><T6/><D90/><AGARI ba="0,0" hai="3,4,8,24,25,27,36,39,82,85,90" m="42506" machi="90" ten="30,2000,0" yaku="14,1,52,1" doraHai="0" who="2" fromWho="0" sc="250,-20,250,0,170,20,330,0" /><INIT seed="2,0,0,5,0,27" ten="230,250,190,330" oya="2" hai0="125,43,58,45,133,87,88,56,44,85,124,12,94" hai1="129,134,65,92,107,41,59,28,128,37,117,122,16" hai2="132,49,104,103,14,127,112,60,63,119,64,110,99" hai3="5,19,80,46,84,114,4,31,72,6,3,135,51"/><V38/><F112/><W75/><G3/><T15/><D133/><U81/><E107/><V102/><F119/><W90/><G31/><T67/><D67/><U130/><E117/><V1/><F1/><W18/><G135/><T13/><D85/><U55/><E134/><V23/><F38/><W9/><G114/><T77/><D77/><U105/><E105/><V126/><F132/><W82/><G82/><T36/><REACH who="0" step="1"/><D45/><REACH who="0" ten="220,250,190,330" step="2"/><N who="1" m="23727" /><E65/><V53/><F110/><W20/><G72/><T39/><D39/><U98/><E129/><V0/><F0/><W71/><G75/><T68/><D68/><U116/><E128/><V11/><F103/><W108/><G71/><T86/><D86/><U73/><E73/><V62/><F64/><W115/><G115/><T29/><D29/><U109/><E28/><V91/><F91/><W118/><G118/><T93/><D93/><U89/><E92/><V21/><F126/><AGARI ba="0,1" hai="12,13,15,36,43,44,56,58,87,88,94,124,125,126" machi="126" ten="40,8000,1" yaku="1,1,18,1,54,1,53,1" doraHai="27" doraHaiUra="69" who="0" fromWho="2" sc="220,90,250,0,190,-80,330,0" /><INIT seed="3,0,0,0,3,122" ten="310,250,110,330" oya="3" hai0="132,72,104,59,33,29,94,1,20,118,114,87,95" hai1="125,129,5,97,41,54,91,14,57,42,0,35,111" hai2="36,62,3,98,89,93,112,124,110,131,123,70,52" hai3="135,6,28,4,38,134,65,109,26,66,100,119,53"/><W67/><G119/><T121/><D118/><U105/><E0/><V106/><F52/><W83/><G38/><T84/><D121/><U117/><E35/><V90/><F62/><W56/><G109/><T34/><D1/><U31/><E111/><V7/><F90/><W51/><G100/><T40/><D72/><U108/><E108/><V133/><F89/><W55/><G83/><T74/><D74/><U46/><E117/><V86/><F93/><W78/><G78/><T102/><D104/><U50/><E105/><V45/><F86/><W21/><REACH who="3" step="1"/><G55/><REACH who="3" ten="310,250,110,320" step="2"/><T64/><D102/><U60/><E54/><V13/><F98/><W82/><G82/><T75/><D114/><U116/><E97/><V115/><F13/><W128/><G128/><T9/><D132/><AGARI ba="0,1" hai="4,6,21,26,28,51,53,56,65,66,67,132,134,135" machi="132" ten="40,3900,0" yaku="1,1,20,1,53,0" doraHai="122" doraHaiUra="10" who="3" fromWho="0" sc="310,-39,250,0,110,0,320,49" owari="271,7.0,250,-15.0,110,-39.0,369,47.0" /></mjloggm>