<mjloggm ver="2.3"><GO type="169" lobby="0"/><UN n0="%73%61%6E%67%6F%64%64%6F" n1="%E6%A1%9C%E4%BA%95%E3%81%95%E3%82%93" n2="%E3%83%88%E3%83%88%E3%83%AA%E5%85%88%E7%94%9F%31%39%E6%AD%B3" n3="%66%75%6A%69%32%32%39" dan="16,16,18,17" rate="2090.90,2084.40,2217.55,2137.12" sx="M,M,F,M"/><TAIKYOKU oya="0"/><INIT seed="0,0,0,3,5,67" ten="250,250,250,250" oya="0" hai0="113,24,103,21,82,38,88,33,59,73,63,56,106" hai1="102,9,85,83,101,43,122,115,134,18,42,14,84" hai2="90,46,15,7,45,117,40,54,20,13,31,8,121" hai3="30,124,111,89,107,125,58,61,110,120,60,87,4"/><T10/><D38/><U23/><E122/><V69/><F121/><W80/><G107/><T100/><D113/><U81/><E115/><V32/><F32/><W119/><G119/><T71/><D106/><U105/><E134/><V47/><F117/><W16/><G30/><T91/><D10/><U79/><E105/><V25/><F69/><W0/><G0/><T123/><D123/><U96/><E96/><V12/><F40/><N who="1" m="15401" /><E23/><V98/><F54/><N who="3" m="33879" /><G4/><T92/><D33/><U132/><E132/><V17/><F31/><W99/><G120/><T52/><D71/><U97/><E97/><V93/><AGARI ba="0,0" hai="7,8,12,13,15,17,20,25,45,46,47,90,93,98" machi="93" ten="30,2000,0" yaku="0,1,8,1" doraHai="67" who="2" fromWho="2" sc="250,-10,250,-5,250,20,250,-5" /><INIT seed="1,0,0,3,1,50" ten="240,245,270,245" oya="1" hai0="56,11,94,53,42,18,13,16,105,113,57,31,134" hai1="55,45,85,33,52,5,1,58,119,36,81,30,22" hai2="2,35,108,93,10,75,107,3,77,47,122,43,118" hai3="40,86,133,15,97,100,83,79,90,127,109,66,120"/><U37/><E119/><V99/><F122/><W19/><G120/><T115/><D105/><U123/><E123/><V111/><F118/><W78/><G109/><N who="2" m="42057" /><F35/><W23/><G133/><T70/><D134/><U41/><E33/><V32/><F32/><W61/><G40/><T80/><D70/><U68/><E68/><V25/><F107/><W114/><G127/><T9/><D31/><U34/><E34/><V54/><F25/><W48/><G48/><T135/><D135/><U7/><E36/><N who="2" m="21991" /><F10/><W29/><G29/><T65/><D42/><U74/><E74/><V103/><F54/><W51/><G51/><T87/><D65/><U130/><E1/><V92/><F92/><N who="3" m="58407" /><G114/><T110/><D94/><U62/><E130/><V4/><F4/><W39/><G39/><T67/><D110/><U27/><REACH who="1" step="1"/><E55/><REACH who="1" ten="240,235,270,245" step="2"/><V117/><F117/><W121/><G121/><T44/><D115/><U21/><E21/><V101/><F3/><W71/><G71/><T59/><D113/><U49/><E49/><V116/><F2/><W104/><G66/><T96/><D67/><U84/><E84/><V8/><F116/><W46/><G23/><T124/><D53/><U88/><AGARI ba="0,1" hai="5,7,22,27,30,37,41,45,52,58,62,81,85,88" machi="88" ten="20,18000,2" yaku="1,1,0,1,7,1,52,1,54,2,53,1" doraHai="50" doraHaiUra="26" who="1" fromWho="1" sc="240,-60,235,190,270,-60,245,-60" /><INIT seed="1,1,0,4,4,7" ten="180,425,210,185" oya="1" hai0="46,2,38,81,65,91,51,22,102,54,58,36,73" hai1="88,12,15,125,69,105,134,32,127,90,76,29,24" hai2="118,0,133,23,101,96,132,115,17,21,74,89,47" hai3="97,130,27,107,99,87,43,82,63,60,11,8,70"/><U95/><E69/><V121/><F118/><W77/><G130/><T31/><D2/><U64/><E64/><V124/><F121/><W128/><G128/><T98/><D65/><U112/><E112/><V117/><F117/><W108/><G108/><T33/><D33/><U39/><E39/><V30/><F0/><W83/><G43/><T53/><D73/><U1/><E1/><V111/><F74/><W10/><G70/><T92/><D81/><U114/><E114/><V19/><F111/><W42/><G42/><T110/><D110/><U135/><E76/><V80/><F124/><N who="1" m="47689" /><E105/><V18/><F115/><W79/><G27/><T4/><D4/><U68/><E68/><V75/><F47/><W3/><G3/><T116/><D116/><U50/><E50/><V6/><F6/><W52/><G107/><T59/><D38/><U106/><E106/><V5/><F5/><W93/><G52/><N who="0" m="29815" /><D36/><U119/><E119/><V41/><F41/><W100/><REACH who="3" step="1"/><G99/><REACH who="3" ten="180,425,210,175" step="2"/><T84/><D53/><U109/><E109/><V20/><F96/><W26/><G26/><N who="0" m="16855" /><D54/><U56/><E56/><V126/><F126/><W37/><G37/><T78/><D59/><U45/><E45/><V86/><F30/><W55/><G55/><T103/><D58/><U49/><E49/><V13/><F13/><W9/><N who="3" m="2048" /><DORA hai="94" /><W25/><G25/><T16/><D98/><N who="1" m="57703" /><E12/><V131/><F131/><W120/><G120/><T44/><D44/><U14/><E15/><V122/><F122/><W28/><G28/><T48/><D48/><U34/><E14/><V61/><F19/><W85/><AGARI ba="1,1" hai="60,63,77,79,82,83,85,87,93,97,100" m="2048" machi="85" ten="40,16000,3" yaku="1,1,5,1,0,1,9,1,8,1,52,5,53,0" doraHai="7,94" doraHaiUra="67,123" who="3" fromWho="3" sc="180,-41,425,-81,210,-41,175,173" /><INIT seed="2,0,0,5,0,31" ten="139,344,169,348" oya="2" hai0="28,58,53,1,70,44,19,76,92,101,106,118,80" hai1="100,38,66,11,51,39,86,20,2,104,135,12,42" hai2="79,88,52,33,123,24,121,83,91,114,14,49,105" hai3="59,13,30,22,85,16,62,81,41,107,98,132,68"/><V45/><F114/><W69/><G132/><T54/><D1/><U97/><E135/><V75/><F105/><W120/><G120/><T9/><D70/><U102/><E102/><V126/><F126/><W5/><G41/><T3/><D106/><U77/><E2/><V131/><F131/><W64/><G5/><T96/><D118/><U117/><E117/><V48/><F121/><W113/><G113/><T47/><D54/><U50/><E66/><V46/><F123/><W87/><G87/><T90/><D28/><U63/><E63/><V116/><F116/><W18/><G30/><T73/><D101/><U72/><E72/><V130/><F130/><W127/><G127/><T35/><D35/><U56/><E20/><V23/><F33/><W133/><G18/><T26/><D26/><U10/><E51/><V60/><F14/><W8/><G22/><T15/><D3/><U103/><E103/><V34/><F60/><AGARI ba="0,0" hai="9,15,19,44,47,53,58,60,73,76,80,90,92,96" machi="60" ten="30,1000,0" yaku="7,1" doraHai="31" who="0" fromWho="2" sc="139,10,344,0,169,-10,348,0" /><INIT seed="3,0,0,2,3,24" ten="149,344,159,348" oya="3" hai0="99,38,111,16,33,43,59,22,128,134,64,121,17" hai1="120,32,51,100,74,35,82,66,60,78,57,125,7" hai2="119,77,79,103,73,108,83,27,131,25,5,52,30" hai3="116,49,114,115,98,18,80,1,54,62,90,42,104"/><W75/><G1/><T20/><D121/><U102/><E120/><V81/><F119/><W94/><G116/><T69/><D69/><U58/><E125/><V50/><F108/><W19/><G42/><T61/><D33/><U0/><E7/><V107/><F131/><W70/><G104/><T71/><D128/><U96/><E0/><V26/><F5/><W85/><G75/><T88/><D134/><U47/><E57/><V2/><F2/><W133/><G133/><T135/><D135/><U10/><E10/><V129/><F129/><W97/><G97/><T11/><D71/><U87/><E74/><V132/><F132/><W28/><G28/><T110/><D43/><U15/><E15/><V23/><F103/><W53/><G70/><T9/><D38/><U4/><E4/><V95/><F95/><W6/><G6/><T67/><D67/><U37/><E37/><V48/><F48/><W91/><G62/><T130/><D130/><U8/><E8/><N who="0" m="3145" /><D20/><U89/><E78/><V44/><F107/><W101/><G54/><T72/><D72/><AGARI ba="0,0" hai="23,25,26,27,30,44,50,52,72,73,77,79,81,83" machi="72" ten="30,7700,0" yaku="7,1,9,1,52,1,54,1" doraHai="24" who="2" fromWho="0" sc="149,-77,344,0,159,77,348,0" /><INIT seed="4,0,0,4,0,6" ten="72,344,236,348" oya="0" hai0="49,129,88,31,92,113,114,82,91,7,23,43,130" hai1="103,94,5,96,69,99,120,80,53,62,87,90,8" hai2="73,20,11,76,18,2,38,117,37,9,106,10,14" hai3="32,70,67,57,48,25,111,54,41,109,4,101,133"/><T97/><D7/><U134/><E134/><V16/><F106/><W42/><G4/><T79/><D43/><N who="3" m="16393" /><G101/><T13/><D49/><U63/><E120/><V72/><F2/><W85/><G85/><N who="0" m="48351" /><D31/><U0/><E69/><V24/><F117/><W100/><G100/><N who="0" m="60455" /><D23/><U102/><E53/><V115/><F115/><N who="0" m="44042" /><D13/><U30/><E30/><V61/><F76/><W75/><G32/><T15/><D15/><U86/><E86/><V132/><F132/><W116/><G25/><T28/><D28/><U81/><E80/><V52/><F61/><N who="3" m="40303" /><G133/><T126/><D126/><U95/><AGARI ba="0,0" hai="0,5,8,62,63,81,87,90,94,95,96,99,102,103" machi="95" ten="20,5200,0" yaku="0,1,7,1,9,1,52,1" doraHai="6" who="1" fromWho="1" sc="72,-26,344,52,236,-13,348,-13" /><INIT seed="5,0,0,3,1,134" ten="46,396,223,335" oya="1" hai0="31,0,39,126,25,34,14,35,52,87,33,56,7" hai1="93,80,98,121,10,28,66,16,48,107,83,104,71" hai2="55,114,117,63,22,17,81,54,132,43,61,115,51" hai3="5,44,122,94,49,4,73,106,111,65,64,8,30"/><U102/><E121/><V24/><F117/><W18/><G106/><T69/><D69/><U46/><E28/><V67/><F132/><W103/><G73/><T68/><D68/><U96/><E71/><V6/><F43/><W47/><G30/><T57/><D39/><U116/><E66/><V78/><F6/><N who="3" m="2667" /><G111/><T77/><D57/><U99/><E116/><V53/><F51/><W79/><G79/><T135/><D135/><U40/><E107/><V75/><REACH who="2" step="1"/><F67/><REACH who="2" ten="46,396,213,335" step="2"/><W26/><G65/><T85/><D77/><U45/><E40/><V12/><F12/><W23/><G64/><T108/><D108/><U70/><E48/><V21/><F21/><W76/><G49/><T119/><D119/><U36/><E36/><V124/><F124/><W118/><G118/><T42/><D42/><U110/><E110/><V95/><F95/><W41/><G41/><T101/><D34/><U92/><E104/><V88/><F88/><W29/><G94/><T15/><D35/><U60/><E70/><V97/><F97/><W128/><G23/><T74/><D126/><U82/><E99/><V32/><F32/><W129/><G122/><T91/><D101/><N who="1" m="60551" /><E60/><AGARI ba="0,1" hai="17,22,24,53,54,55,60,61,63,75,78,81,114,115" machi="60" ten="40,1300,0" yaku="1,1,53,0" doraHai="134" doraHaiUra="84" who="2" fromWho="1" sc="46,0,396,-13,213,23,335,0" /><INIT seed="6,0,0,2,2,123" ten="46,383,236,335" oya="2" hai0="27,84,133,64,109,20,32,62,26,8,43,122,49" hai1="17,66,100,107,22,82,21,120,48,95,35,102,108" hai2="77,70,5,30,34,80,37,61,58,85,128,126,14" hai3="4,129,104,96,18,88,112,118,69,15,50,7,52"/><V47/><F70/><W125/><G118/><T83/><D122/><U40/><E108/><V134/><F128/><W71/><G125/><T78/><D133/><U115/><E35/><V111/><F126/><W93/><G104/><T10/><D32/><U130/><E107/><V25/><F134/><W87/><G129/><T121/><D121/><U75/><E115/><V56/><F111/><W42/><G42/><T86/><D86/><U63/><E22/><V89/><F37/><W38/><G38/><T91/><D20/><U76/><E95/><V54/><F47/><N who="3" m="27743" /><G69/><T13/><D8/><U23/><E23/><V74/><F56/><W53/><G71/><T106/><D106/><U16/><E17/><V60/><F14/><W98/><G53/><T99/><D99/><N who="3" m="37929" /><G112/><T110/><D26/><U11/><E120/><V28/><F28/><W9/><AGARI ba="0,0" hai="4,7,9,15,18,87,88,93" m="37929,27743" machi="9" ten="30,4000,0" yaku="8,1,54,2" doraHai="123" who="3" fromWho="3" sc="46,-10,383,-10,236,-20,335,40" /><INIT seed="7,0,0,5,1,11" ten="36,373,216,375" oya="3" hai0="47,120,53,2,62,109,104,64,54,78,82,100,106" hai1="59,131,73,20,77,91,67,38,49,44,86,29,6" hai2="87,55,37,4,3,79,25,74,70,130,88,63,39" hai3="1,128,71,8,0,17,43,30,122,101,111,19,102"/><W46/><G122/><T21/><D21/><U89/><E131/><V18/><F130/><W119/><G71/><T127/><D2/><U99/><E38/><V123/><F123/><W35/><G119/><T133/><D120/><U27/><E73/><V125/><F125/><W121/><G121/><T72/><D127/><U83/><E6/><V68/><F74/><W56/><G128/><T34/><D109/><U33/><E33/><V15/><F79/><W132/><G0/><T61/><D133/><U105/><E105/><V81/><F68/><W7/><G132/><T126/><D126/><U75/><E75/><V5/><F3/><W10/><G111/><T50/><D50/><U118/><E99/><V117/><F117/><W112/><G112/><T90/><D54/><N who="1" m="29991" /><E118/><V110/><F110/><W52/><G35/><T76/><D53/><U98/><E98/><V103/><F39/><W85/><G30/><T135/><D135/><U14/><E14/><V124/><F37/><W36/><G85/><T96/><D78/><U9/><E9/><V13/><F124/><W31/><G31/><T57/><D47/><U80/><E83/><V113/><F113/><W129/><G129/><T32/><D62/><AGARI ba="0,0" hai="20,27,29,59,62,67,77,80,86,89,91" m="29991" machi="62" ten="30,1000,0" yaku="8,1" doraHai="11" who="1" fromWho="0" sc="36,-10,373,10,216,0,375,0" owari="26,-47.0,383,47.0,216,-18.0,375,18.0" /></mjloggm>