<mjloggm ver="2.3"><GO type="97" lobby="0"/><UN n0="%E5%B0%B1%E6%B4%BB%E7%94%9F%40%E5%B7%9D%E6%9D%91%E8%BB%8D%E5%9B%A3" n1="%66%72%65%64" n2="%E5%B0%8F%E5%B7%9D%2E%63%6F%6D" n3="%E3%81%8C%E3%81%8A%E3%83%BC" dan="15,14,14,15" rate="1989.02,1918.60,1978.59,2056.05" sx="M,M,M,M"/><TAIKYOKU oya="0"/><INIT seed="0,0,0,1,4,44" ten="250,250,250,250" oya="0" hai0="27,73,60,50,35,21,25,121,134,23,114,76,62" hai1="82,85,67,59,6,124,72,61,129,98,22,108,78" hai2="1,10,48,19,123,132,102,83,7,17,90,57,68" hai3="2,95,131,118,3,53,71,111,0,86,55,126,18"/><T92/><D114/><U30/><E108/><V100/><F123/><W125/><G118/><T66/><D121/><U32/><E124/><N who="3" m="47722" /><G111/><T65/><D35/><U39/><E129/><V63/><F132/><W41/><G71/><T42/><D73/><U120/><E120/><V8/><F68/><W58/><G41/><T106/><D106/><U34/><E39/><V28/><F28/><W54/><G131/><T29/><D76/><U69/><E6/><V51/><F100/><W75/><G75/><T52/><D42/><U105/><E72/><V9/><F102/><W26/><G26/><T12/><D92/><U15/><E59/><V117/><F1/><W16/><G58/><N who="0" m="33047" /><D12/><U87/><E87/><N who="2" m="50559" /><F7/><W11/><G11/><T36/><D36/><U113/><E113/><V45/><F45/><W40/><G40/><T99/><D99/><U70/><E70/><V33/><F33/><W103/><G86/><T88/><D88/><U109/><E109/><V13/><F117/><W4/><G4/><T96/><D96/><AGARI ba="0,0" hai="0,2,3,16,18,53,54,55,95,96,103" m="47722" machi="96" ten="40,2600,0" yaku="18,1,54,1" doraHai="44" who="3" fromWho="0" sc="250,-26,250,0,250,0,250,26" /><INIT seed="1,0,0,1,0,89" ten="224,250,250,276" oya="1" hai0="88,115,4,29,119,118,56,47,80,104,31,30,71" hai1="60,58,5,59,76,24,135,26,101,126,17,134,52" hai2="6,122,35,20,92,79,129,85,67,127,11,98,49" hai3="74,82,10,87,105,99,1,75,124,123,110,73,57"/><U48/><E126/><V43/><F127/><W103/><G123/><T69/><D104/><U64/><E5/><V39/><F35/><W42/><G124/><T131/><D115/><U128/><E128/><V84/><F122/><W65/><G42/><T8/><D131/><U130/><E130/><V21/><F39/><W107/><G110/><T78/><D47/><U111/><E76/><V108/><F108/><W38/><G38/><T125/><D125/><U97/><E17/><V66/><F129/><W13/><G1/><T117/><D56/><U50/><E50/><V41/><F79/><W28/><G28/><T114/><D114/><U95/><REACH who="1" step="1"/><E111/><REACH who="1" ten="224,240,250,276" step="2"/><V19/><F19/><W106/><G74/><T40/><D40/><U86/><E86/><V22/><F49/><W25/><G75/><T36/><D36/><U9/><E9/><V112/><F112/><W46/><G73/><T100/><D78/><U0/><E0/><V102/><F43/><W51/><G10/><T96/><D8/><U68/><E68/><V44/><F41/><W2/><G51/><T53/><D4/><U72/><E72/><V45/><F85/><W3/><G87/><N who="0" m="50279" /><D119/><U70/><E70/><N who="0" m="26633" /><D118/><U7/><E7/><V81/><F84/><W27/><G2/><T120/><D117/><U63/><E63/><V90/><F11/><W121/><G3/><T23/><D120/><U83/><E83/><V133/><F6/><W15/><G82/><T116/><D116/><U37/><E37/><V16/><F81/><W113/><G121/><T55/><D23/><U33/><E33/><V34/><F34/><RYUUKYOKU ba="0,1" sc="224,15,240,15,250,-15,276,-15" hai0="29,30,31,53,55,96,100" hai1="24,26,48,52,58,59,60,64,95,97,101,134,135" /><INIT seed="1,1,1,3,1,128" ten="239,255,235,261" oya="1" hai0="75,79,13,3,124,81,70,127,44,35,106,69,8" hai1="129,85,54,103,25,117,65,42,132,12,76,89,55" hai2="0,112,34,94,16,11,109,1,33,9,49,96,19" hai3="52,84,17,126,36,27,43,93,77,64,18,108,130"/><U28/><E117/><V135/><F49/><W83/><G108/><T134/><D35/><N who="2" m="13322" /><F94/><W98/><G130/><T31/><D106/><U86/><E129/><V48/><F48/><W66/><G126/><N who="0" m="48171" /><D31/><U78/><E65/><N who="3" m="25194" /><G36/><T37/><D134/><U100/><E42/><V101/><F96/><W45/><G43/><N who="0" m="22639" /><D3/><N who="2" m="1098" /><F101/><N who="3" m="60623" /><G27/><T97/><D97/><U22/><E132/><V68/><F68/><W114/><G114/><T120/><D120/><U74/><E74/><V133/><F109/><W20/><G20/><T125/><N who="0" m="48179" /><T60/><DORA hai="116" /><D60/><U73/><E73/><V91/><F91/><W21/><G21/><T123/><D123/><U57/><E12/><N who="2" m="7183" /><F112/><W29/><G29/><T41/><D41/><U14/><E14/><AGARI ba="1,1" hai="11,14,19,133,135" m="7183,1098,13322" machi="14" ten="40,8000,1" yaku="34,2,52,2,54,1" doraHai="128,116" who="2" fromWho="1" sc="239,0,255,-83,235,93,261,0" /><INIT seed="2,0,0,1,0,1" ten="239,172,328,261" oya="2" hai0="51,60,81,135,42,23,61,79,66,108,63,54,70" hai1="134,36,25,127,112,29,124,97,110,104,132,3,32" hai2="80,69,40,57,55,117,125,109,131,2,50,129,99" hai3="30,114,39,120,48,85,45,118,98,122,130,58,67"/><V6/><F117/><W133/><G118/><T38/><D135/><N who="1" m="51755" /><E97/><V107/><F125/><N who="1" m="48201" /><E104/><V8/><F109/><W52/><G114/><T33/><D33/><U92/><E92/><V94/><F69/><W111/><G111/><T18/><D108/><U43/><E43/><V75/><F40/><W5/><G133/><T47/><D81/><U78/><E78/><V88/><REACH who="2" step="1"/><F107/><REACH who="2" ten="239,172,318,261" step="2"/><W72/><G120/><T106/><D106/><U14/><E110/><V26/><F26/><W71/><G122/><T10/><D70/><U90/><E112/><V11/><F11/><W27/><G71/><T13/><D10/><U16/><E36/><V53/><F53/><W102/><G39/><T95/><D42/><U101/><E101/><V77/><AGARI ba="0,1" hai="2,6,8,50,55,57,75,77,80,88,94,99,129,131" machi="77" ten="30,11700,0" yaku="1,1,0,1,52,1,54,1,53,0" doraHai="1" doraHaiUra="103" who="2" fromWho="2" sc="239,-39,172,-39,318,127,261,-39" /><INIT seed="2,1,0,3,5,100" ten="200,133,445,222" oya="2" hai0="113,63,48,89,114,59,46,129,104,18,75,117,124" hai1="83,37,134,49,120,92,16,106,86,95,99,29,121" hai2="28,126,41,60,128,38,115,0,19,90,36,14,61" hai3="91,4,78,94,70,45,53,58,119,64,11,40,20"/><V26/><F0/><W15/><G78/><T125/><D75/><U33/><E37/><V82/><F115/><N who="0" m="44042" /><D104/><U3/><E3/><V5/><F5/><W6/><G119/><T24/><D24/><U23/><E134/><V51/><F38/><W107/><G70/><T55/><D18/><U34/><E29/><V98/><F36/><W62/><G107/><T80/><D89/><U56/><E95/><V17/><F60/><W67/><G20/><T1/><D80/><U12/><E106/><V25/><F19/><W135/><G135/><T96/><D96/><U66/><E66/><V7/><F17/><W27/><G27/><T87/><D87/><U112/><E83/><V65/><F7/><W13/><G13/><T97/><D97/><U130/><E99/><V132/><F14/><W116/><G116/><T69/><D1/><U42/><E42/><V79/><F41/><W71/><G71/><T30/><D30/><U85/><E85/><V110/><F28/><W73/><G73/><T108/><D108/><U122/><E130/><V22/><F128/><W109/><G109/><T44/><D129/><U54/><REACH who="1" step="1"/><E112/><REACH who="1" ten="200,123,445,222" step="2"/><V68/><F110/><W81/><G81/><T93/><D93/><U72/><E72/><V50/><F82/><W123/><G67/><N who="0" m="41215" /><D117/><U77/><E77/><V2/><F79/><W43/><G64/><T52/><D55/><U118/><E118/><V84/><F65/><W76/><G76/><T74/><D74/><U103/><E103/><V10/><F2/><W131/><G131/><T47/><AGARI ba="1,1" hai="44,46,47,48,52,59,124,125" m="41215,44042" machi="47" ten="40,5200,0" yaku="34,2,54,1" doraHai="100" who="0" fromWho="0" sc="200,65,123,-14,445,-27,222,-14" /><INIT seed="3,0,0,1,5,35" ten="265,109,418,208" oya="3" hai0="2,66,101,81,107,16,123,36,54,82,48,91,99" hai1="77,128,30,131,26,25,117,60,33,19,96,43,49" hai2="80,32,27,120,73,14,74,124,52,111,72,85,118" hai3="106,79,8,115,5,63,7,45,97,127,135,90,93"/><W119/><G115/><T56/><D2/><U108/><E60/><V94/><F118/><W0/><G119/><T67/><D36/><U129/><E117/><V86/><F111/><W133/><G127/><T15/><D123/><U46/><E108/><V110/><F110/><W1/><G79/><T89/><D89/><U24/><E24/><V62/><F120/><W10/><G45/><T53/><D53/><U84/><E96/><V39/><F39/><W47/><G47/><T29/><D29/><U70/><E70/><V122/><F122/><W50/><G50/><T18/><D18/><U116/><E116/><V78/><F14/><W3/><G63/><T42/><D42/><U121/><E121/><V103/><F62/><W12/><G106/><T68/><D68/><U92/><E25/><V100/><F52/><W105/><G105/><T51/><D51/><U28/><E28/><V23/><F32/><W76/><G76/><T20/><D91/><U38/><E19/><V132/><F124/><W95/><G93/><T104/><REACH who="0" step="1"/><D107/><REACH who="0" ten="255,109,418,208" step="2"/><U98/><E38/><V88/><F78/><W6/><REACH who="3" step="1"/><G12/><REACH who="3" ten="255,109,418,198" step="2"/><T31/><D31/><U13/><E13/><V21/><F27/><W40/><G40/><T9/><D9/><AGARI ba="0,2" hai="0,1,3,5,6,7,8,9,10,90,95,97,133,135" machi="9" ten="40,12000,1" yaku="1,1,9,1,52,3,53,0" doraHai="35" doraHaiUra="64" who="3" fromWho="0" sc="255,-120,109,0,418,0,198,140" /><INIT seed="3,1,0,3,5,30" ten="135,109,418,338" oya="3" hai0="100,0,45,118,85,57,34,78,97,48,31,106,3" hai1="17,79,63,77,38,105,98,47,81,123,18,125,27" hai2="109,40,5,51,75,114,61,95,72,103,14,7,13" hai3="68,64,90,22,94,71,83,74,36,55,37,135,19"/><W15/><G135/><T92/><D118/><U32/><E123/><V126/><F114/><W60/><G55/><T107/><D57/><U120/><E120/><V130/><F75/><W119/><G71/><T50/><D50/><U43/><E79/><V56/><F72/><W70/><G70/><T26/><D106/><U82/><E82/><V62/><F109/><W115/><G115/><T28/><D28/><U91/><E125/><V1/><F1/><W89/><G119/><T88/><D78/><U110/><E18/><V11/><F130/><W93/><G83/><T23/><D23/><U76/><E76/><V33/><F33/><W53/><G53/><AGARI ba="1,0" hai="0,3,26,31,34,45,48,53,85,88,92,97,100,107" machi="53" ten="30,3900,0" yaku="7,1,52,1,54,1" doraHai="30" who="0" fromWho="3" sc="135,42,109,0,418,0,338,-42" owari="177,-22.0,109,-39.0,418,51.0,296,10.0" /></mjloggm>