<mjloggm ver="2.3"><GO type="169" lobby="0"/><UN n0="%E3%82%A6%E3%83%AB%E3%83%88%E3%83%A9%E7%AB%8B%E7%9B%B4" n1="%E3%83%AC%E3%83%9F%E3%83%AA%E3%82%A2%E3%81%AF%E4%BF%BA%E3%81%AE%E5%AB%81" n2="%79%61%6D%69" n3="%7A%65%61%6C%E2%88%AB" dan="17,17,18,16" rate="2148.06,2124.12,2162.24,2074.61" sx="M,M,M,M"/><TAIKYOKU oya="0"/><INIT seed="0,0,0,2,5,97" ten="250,250,250,250" oya="0" hai0="116,24,104,125,38,33,37,64,105,62,56,89,76" hai1="80,86,23,63,74,1,61,46,130,102,93,0,106" hai2="66,91,107,9,57,54,68,67,58,98,78,40,18" hai3="70,42,43,17,113,30,111,49,101,19,90,7,55"/><T28/><D116/><U135/><E135/><V112/><F68/><W72/><G72/><T31/><D125/><U133/><E133/><V29/><F40/><N who="3" m="15403" /><G113/><T110/><D110/><U8/><E130/><V39/><F39/><W53/><G70/><T122/><D122/><U119/><E119/><V26/><F78/><W10/><G30/><T12/><D76/><U44/><E23/><V4/><F18/><W77/><G77/><T127/><D127/><U84/><E74/><V103/><F91/><W36/><G36/><T121/><D121/><U131/><E106/><V60/><F112/><W27/><G90/><T2/><D2/><U134/><E134/><V124/><F124/><W25/><G7/><T5/><D31/><U120/><E131/><V108/><F108/><W48/><G101/><T32/><D33/><U118/><E102/><V15/><REACH who="2" step="1"/><F58/><REACH who="2" ten="250,250,240,250" step="2"/><N who="3" m="33063" /><G17/><T13/><D38/><U99/><E120/><V21/><AGARI ba="0,1" hai="4,9,15,21,26,29,54,57,60,66,67,98,103,107" machi="21" ten="20,5200,0" yaku="1,1,0,1,7,1,52,1,53,0" doraHai="97" doraHaiUra="41" who="2" fromWho="2" sc="250,-26,250,-13,240,62,250,-13" /><INIT seed="1,0,0,3,4,69" ten="224,237,302,237" oya="1" hai0="83,49,8,3,100,65,51,129,112,121,30,31,54" hai1="120,122,11,91,111,86,114,108,22,5,102,52,70" hai2="56,89,43,79,25,9,16,115,24,15,93,90,99" hai3="46,47,131,59,19,123,126,109,40,134,7,96,76"/><U119/><E70/><V36/><F115/><W12/><G123/><T27/><D112/><U45/><E102/><V80/><F56/><W106/><G109/><N who="1" m="42058" /><E22/><V135/><F135/><W37/><G134/><T48/><D129/><U6/><E119/><V53/><F53/><W18/><G126/><T127/><D127/><U78/><E78/><V38/><F90/><W81/><G131/><T124/><D124/><U28/><E28/><V50/><F50/><W42/><G59/><T87/><D100/><U118/><E118/><V107/><F107/><W63/><G63/><T61/><D121/><N who="1" m="46699" /><E114/><V57/><F57/><W17/><G106/><T21/><D31/><U125/><E125/><V88/><F89/><W77/><G96/><T110/><D110/><U20/><E20/><V55/><F55/><W26/><G26/><T73/><D54/><U92/><E11/><V71/><F71/><W101/><G101/><T66/><D73/><U133/><E133/><V34/><F43/><W39/><G81/><T116/><D116/><U14/><E14/><V1/><F1/><W132/><G132/><T33/><D3/><U105/><E105/><V32/><F25/><W41/><G41/><T13/><D83/><U67/><E67/><V94/><F94/><W0/><G0/><T113/><D66/><U29/><E29/><V72/><REACH who="2" step="1"/><F24/><REACH who="2" ten="224,237,292,237" step="2"/><W10/><AGARI ba="0,1" hai="7,10,12,17,18,19,37,39,40,42,46,47,76,77" machi="10" ten="30,7900,0" yaku="0,1,9,1,52,2" doraHai="69" who="3" fromWho="3" sc="224,-20,237,-39,292,-20,237,89" /><INIT seed="2,0,0,3,4,127" ten="204,198,272,326" oya="2" hai0="31,128,114,55,37,125,72,134,10,0,89,123,100" hai1="98,113,95,133,1,11,68,3,21,32,130,110,57" hai2="5,22,101,91,71,80,17,109,116,111,35,65,26" hai3="102,50,126,60,29,9,41,42,73,52,119,84,12"/><V106/><F116/><W40/><G73/><T8/><D123/><U76/><E32/><V66/><F35/><W70/><G119/><T20/><D114/><U132/><E68/><V97/><F5/><W83/><G29/><T23/><D37/><U18/><E113/><V135/><F135/><N who="1" m="51785" /><E110/><N who="2" m="41995" /><F71/><W61/><G102/><T115/><D72/><U94/><E76/><V46/><F46/><N who="3" m="27735" /><G126/><T112/><D100/><U75/><E75/><V120/><F120/><W85/><G70/><T2/><D134/><U44/><E95/><V103/><F103/><W129/><G129/><T121/><D121/><U108/><E108/><V78/><F91/><N who="3" m="51615" /><G85/><AGARI ba="0,0" hai="17,22,26,65,66,78,80,85,97,101,106" m="41995" machi="85" ten="30,2900,0" yaku="14,1,10,1" doraHai="127" who="2" fromWho="3" sc="204,0,198,0,272,29,326,-29" /><INIT seed="2,1,0,1,1,114" ten="204,198,301,297" oya="2" hai0="40,34,94,58,10,65,57,37,79,96,66,106,8" hai1="14,26,107,118,116,87,128,135,108,69,92,47,55" hai2="113,18,122,43,100,82,101,91,23,15,111,52,97" hai3="0,80,120,70,131,36,21,110,22,2,4,11,25"/><V31/><F113/><W1/><G70/><T85/><D106/><U68/><E107/><V130/><F122/><W33/><G36/><T93/><D34/><U62/><E26/><V125/><F125/><W115/><G80/><N who="0" m="47263" /><D40/><U13/><E108/><V90/><F111/><W41/><G41/><T59/><D37/><U30/><E30/><V46/><F130/><W89/><G89/><N who="0" m="55343" /><D94/><U61/><E92/><V86/><F31/><N who="3" m="19695" /><G115/><T44/><D44/><U78/><E87/><V102/><F91/><W63/><G63/><T112/><D112/><U7/><E47/><V67/><F67/><AGARI ba="1,0" hai="8,10,57,58,59,65,66,67" m="55343,47263" machi="67" ten="30,1000,0" yaku="8,1" doraHai="114" who="0" fromWho="2" sc="204,13,198,0,301,-13,297,0" /><INIT seed="3,0,0,4,1,129" ten="217,198,288,297" oya="3" hai0="107,89,97,33,8,86,106,37,128,56,108,102,29" hai1="38,103,127,55,45,53,15,11,95,133,122,24,72" hai2="32,105,59,75,94,92,74,1,69,116,34,3,50" hai3="25,83,111,16,0,77,58,61,84,109,76,12,112"/><W39/><G112/><T88/><D128/><U132/><E72/><N who="2" m="27691" /><F50/><W4/><G39/><T42/><D108/><N who="3" m="41545" /><G25/><T47/><D107/><U30/><E122/><V81/><F59/><W123/><G123/><T2/><D56/><U135/><E127/><V5/><F81/><W46/><G46/><T66/><D66/><U125/><E125/><V120/><F5/><W10/><G84/><T51/><D37/><U65/><E65/><V110/><F94/><W134/><G134/><T124/><D124/><U13/><E103/><V19/><F92/><W6/><G83/><T21/><D33/><N who="2" m="12906" /><F19/><W22/><G6/><T113/><D113/><U70/><E70/><V130/><F130/><W118/><G118/><T114/><D114/><U54/><E95/><V100/><F116/><W18/><G18/><T36/><D36/><U20/><E11/><V79/><F110/><W67/><AGARI ba="0,0" hai="0,4,10,12,16,22,58,61,67,76,77" m="41545" machi="67" ten="30,6000,0" yaku="14,1,10,1,54,1" doraHai="129" who="3" fromWho="3" sc="217,-20,198,-20,288,-20,297,60" /><INIT seed="3,1,0,5,3,68" ten="197,178,268,357" oya="3" hai0="33,56,104,121,131,83,105,63,37,70,48,126,8" hai1="72,92,44,55,40,93,41,36,2,94,97,135,79" hai2="77,19,28,58,116,128,60,125,84,59,65,42,23" hai3="99,39,1,123,103,50,82,98,17,7,81,49,127"/><W46/><G123/><T66/><D121/><U34/><E34/><V89/><F116/><W85/><G127/><T29/><D126/><U86/><E135/><V87/><F125/><W102/><G1/><T9/><D131/><U71/><E71/><V14/><F128/><W108/><G7/><T119/><D119/><U6/><E41/><V67/><F42/><W107/><G17/><T74/><D8/><N who="1" m="2135" /><E86/><V110/><F110/><W53/><G108/><T112/><D9/><U45/><E45/><V22/><F77/><W26/><G26/><N who="0" m="18615" /><D48/><U132/><E132/><V100/><F100/><W4/><G4/><T21/><D56/><U64/><E64/><V134/><F134/><W120/><G120/><T5/><D21/><U78/><E78/><V96/><F96/><W20/><G20/><T76/><D5/><U11/><E55/><V118/><F118/><W3/><G3/><T117/><D117/><U32/><E32/><V0/><F0/><W10/><G10/><T38/><D112/><U122/><E11/><V106/><F106/><AGARI ba="1,0" hai="37,38,63,66,70,74,76,83,104,105,106" m="18615" machi="106" ten="30,7700,0" yaku="33,2,52,2" doraHai="68" who="0" fromWho="2" sc="197,80,178,0,268,-80,357,0" /><INIT seed="4,0,0,3,0,36" ten="277,178,188,357" oya="0" hai0="50,3,110,20,109,91,124,28,78,47,33,40,14" hai1="32,99,67,2,62,95,89,96,121,70,111,58,21" hai2="45,125,117,133,100,119,87,123,26,126,76,83,82" hai3="74,16,27,118,31,59,90,130,41,29,61,135,22"/><T128/><D3/><U42/><E32/><V60/><F26/><W75/><G118/><N who="2" m="45065" /><F60/><W12/><G130/><T38/><D128/><U48/><E111/><N who="0" m="42505" /><D124/><N who="2" m="47722" /><F45/><W102/><G135/><T24/><D78/><U35/><E35/><V129/><F129/><W6/><G102/><T122/><D122/><U93/><E2/><V108/><F133/><W55/><G90/><T0/><D91/><N who="1" m="55359" /><E121/><V52/><F108/><W115/><G115/><T1/><D38/><U68/><E68/><V57/><F57/><W51/><G74/><T131/><D131/><U13/><E70/><V15/><F52/><N who="3" m="34023" /><G75/><T113/><D113/><U77/><E21/><V54/><F54/><W5/><G31/><T69/><D69/><U88/><E13/><V66/><F66/><W43/><G29/><T105/><D0/><U11/><E11/><V85/><F15/><W92/><G92/><T39/><D1/><U23/><E23/><V94/><F123/><W65/><G65/><T84/><D14/><U25/><E25/><V9/><F9/><N who="3" m="4151" /><G5/><T79/><D33/><U98/><E67/><V71/><F71/><W114/><G114/><T73/><D39/><U63/><E63/><V101/><F94/><W112/><G112/><T10/><D28/><U18/><E62/><V8/><F8/><W116/><G116/><T49/><D10/><U4/><E95/><V120/><F120/><W30/><G30/><T17/><D24/><U53/><E4/><V81/><F76/><W37/><G37/><T80/><D50/><U103/><E77/><V72/><F72/><W64/><G64/><T104/><D73/><RYUUKYOKU ba="0,0" sc="277,10,178,-30,188,10,357,10" hai0="17,20,40,47,49,79,80,84,104,105" hai2="81,82,83,85,87,100,101" hai3="16,22,27,41,43,51,55" /><INIT seed="4,1,0,0,0,58" ten="287,148,198,367" oya="0" hai0="22,40,92,79,100,1,34,6,106,67,46,87,39" hai1="78,135,29,83,31,47,133,53,7,41,121,85,19" hai2="38,48,69,95,55,131,84,97,132,86,11,80,99" hai3="33,91,17,64,96,68,50,118,115,111,5,123,54"/><T93/><D34/><U66/><E121/><V52/><F38/><W107/><G111/><T129/><D129/><U59/><E66/><V8/><F69/><W110/><G110/><T82/><D22/><U116/><E116/><V30/><F131/><W127/><G118/><T71/><D106/><U18/><E7/><V12/><F132/><W16/><G33/><T44/><D100/><U102/><E102/><V3/><F3/><W37/><G37/><T14/><D14/><U60/><E19/><V77/><F30/><W124/><G5/><T42/><D67/><U76/><E76/><V114/><F114/><W10/><G10/><T25/><D25/><U134/><REACH who="1" step="1"/><E18/><REACH who="1" ten="287,138,198,367" step="2"/><V35/><F77/><W112/><G123/><T113/><D79/><U56/><E56/><V81/><F12/><W57/><G64/><T0/><D71/><U101/><E101/><V108/><F108/><W98/><G68/><T24/><D6/><U62/><E62/><V128/><F128/><W90/><G17/><T89/><D1/><U21/><E21/><V109/><F109/><W120/><G16/><T73/><D0/><U125/><E125/><N who="3" m="48202" /><G120/><T9/><D9/><U26/><E26/><V28/><F35/><W122/><G122/><T51/><D24/><U103/><E103/><V72/><F28/><W61/><G61/><T117/><D117/><U43/><E43/><V75/><F75/><W32/><G32/><T49/><D73/><U130/><E130/><V13/><F72/><W94/><G107/><T27/><D42/><U126/><E126/><V23/><F23/><W65/><G65/><RYUUKYOKU ba="1,1" sc="287,-15,138,15,198,-15,367,15" hai1="29,31,41,47,53,59,60,78,83,85,133,134,135" hai3="50,54,57,90,91,94,96,98,112,115" /><INIT seed="5,2,1,3,4,94" ten="272,153,183,382" oya="1" hai0="1,114,64,12,9,112,99,118,87,26,28,0,42" hai1="92,111,86,128,120,60,70,16,7,24,79,71,52" hai2="130,20,44,69,41,134,124,23,127,33,15,29,55" hai3="13,133,81,34,38,129,25,57,53,132,121,30,46"/><U74/><E120/><V117/><F117/><W135/><G129/><T66/><D118/><U78/><E74/><V85/><F69/><W77/><G121/><T110/><D110/><U108/><E128/><V8/><F55/><W14/><G46/><T106/><D87/><U35/><E35/><V126/><F130/><W73/><G38/><T31/><D42/><U80/><E7/><V36/><F134/><W65/><G65/><T75/><D75/><U19/><E79/><V105/><F105/><W50/><AGARI ba="2,1" hai="13,14,25,30,34,50,53,57,73,77,81,132,133,135" machi="50" ten="30,2000,0" yaku="0,1,20,1" doraHai="94" who="3" fromWho="3" sc="272,-7,153,-12,183,-7,382,36" /><INIT seed="6,0,0,3,0,22" ten="265,141,176,418" oya="2" hai0="87,64,4,118,132,119,29,125,100,0,127,123,130" hai1="9,113,13,79,62,21,67,128,124,102,28,19,34" hai2="82,7,98,96,103,135,25,53,35,90,74,49,8" hai3="106,129,81,3,46,108,10,55,121,84,30,104,6"/><V66/><F135/><W126/><G108/><T83/><D123/><U48/><E113/><V95/><F66/><W54/><G121/><T70/><D132/><U110/><E110/><V12/><F74/><W134/><G134/><T115/><D115/><U39/><E39/><V2/><F2/><W36/><G30/><T1/><D130/><U107/><E128/><V117/><F117/><N who="0" m="44554" /><D100/><U65/><E124/><N who="0" m="47689" /><D4/><U23/><E79/><V89/><F82/><W5/><G81/><T40/><D40/><U11/><E23/><V133/><F133/><W20/><G20/><T44/><D44/><U97/><E48/><V73/><F73/><W61/><G46/><T68/><D29/><U72/><E72/><V78/><F78/><W59/><G6/><T80/><D80/><U109/><E109/><V63/><F63/><W26/><G61/><N who="0" m="39951" /><D70/><U42/><E42/><V32/><F32/><W17/><G5/><T33/><D33/><U43/><E43/><V122/><F122/><W52/><G129/><T60/><D60/><U57/><REACH who="1" step="1"/><E67/><REACH who="1" ten="265,131,176,418" step="2"/><V75/><F75/><W120/><G126/><T88/><AGARI ba="0,1" hai="0,1,83,87,88" m="39951,47689,44554" machi="88" ten="30,4000,0" yaku="12,1,18,1,54,1" doraHai="22" who="0" fromWho="0" sc="265,50,131,-10,176,-20,418,-10" /><INIT seed="7,0,0,5,0,61" ten="315,121,156,408" oya="3" hai0="99,95,34,71,104,1,111,73,49,31,94,107,88" hai1="16,92,87,19,102,127,117,4,118,21,51,10,129" hai2="84,109,121,80,5,37,96,67,78,48,0,133,54" hai3="76,59,46,7,20,74,42,50,65,3,43,125,89"/><W17/><G125/><T64/><D1/><N who="1" m="271" /><E21/><V126/><F109/><W41/><G74/><T112/><D73/><U85/><E127/><V122/><F126/><W39/><G76/><T32/><D111/><U66/><E87/><V45/><F133/><W53/><G3/><T55/><D112/><U35/><E35/><V18/><F18/><W100/><G100/><T120/><D120/><N who="2" m="46186" /><F37/><W25/><G7/><T36/><D36/><U23/><E23/><V123/><F123/><W2/><G2/><T26/><D34/><U9/><E9/><N who="2" m="2215" /><F67/><W70/><G89/><T30/><D30/><U114/><E114/><V11/><F11/><W33/><G33/><T103/><D95/><U60/><E51/><V6/><F6/><W68/><G68/><T98/><D107/><U44/><E44/><V75/><F96/><W82/><G82/><T72/><D72/><AGARI ba="0,0" hai="45,48,54,72,75,78,80,84" m="2215,46186" machi="72" ten="30,1000,0" yaku="13,1" doraHai="61" who="2" fromWho="0" sc="315,-10,121,0,156,10,408,0" owari="305,11.0,121,-38.0,166,-23.0,408,50.0" /></mjloggm>