<mjloggm ver="2.3"><GO type="169" lobby="0"/><UN n0="%E5%A3%87%E2%98%86%E8%9C%9C" n1="%73%61%74%6F%72%75%53%50" n2="%E3%81%8F%E3%82%8D%E3%81%AF%E3%81%A1" n3="%E3%83%88%E3%83%88%E3%83%AA%E5%85%88%E7%94%9F%31%39%E6%AD%B3" dan="16,16,17,17" rate="2080.27,2107.34,2174.15,2234.08" sx="M,M,M,F"/><TAIKYOKU oya="0"/><INIT seed="0,0,0,5,4,110" ten="250,250,250,250" oya="0" hai0="52,84,53,135,27,29,33,100,89,42,67,105,34" hai1="23,81,56,54,117,80,99,74,130,131,76,120,47" hai2="45,35,133,77,0,13,75,96,92,46,17,123,3" hai3="85,20,124,25,55,62,132,1,30,101,2,90,83"/><T103/><D135/><U122/><E117/><V115/><F123/><W113/><G132/><T86/><D42/><U68/><E68/><V102/><F133/><W109/><G109/><T59/><D34/><U60/><E81/><V37/><F35/><W32/><G124/><T95/><D105/><U87/><E74/><V127/><F127/><W28/><G113/><T121/><D121/><U49/><E23/><V26/><F26/><W31/><G101/><T118/><D118/><U48/><E99/><V70/><F70/><W41/><G32/><T108/><D108/><U22/><E49/><V93/><F93/><W57/><REACH who="3" step="1"/><G41/><REACH who="3" ten="250,250,250,240" step="2"/><T10/><D103/><U12/><E122/><V4/><F115/><W69/><G69/><T58/><D100/><U79/><E120/><V66/><F102/><W114/><G114/><T106/><D106/><U126/><E126/><V72/><F37/><W40/><G40/><T94/><D67/><U129/><E130/><V73/><F66/><W15/><G15/><T65/><D65/><U111/><E12/><V91/><F0/><AGARI ba="0,1" hai="0,1,2,20,25,28,30,31,55,57,62,83,85,90" machi="0" ten="40,8000,1" yaku="1,1,53,3" doraHai="110" doraHaiUra="24" who="3" fromWho="2" sc="250,0,250,0,250,-80,240,90" /><INIT seed="1,0,0,0,4,100" ten="250,250,170,330" oya="1" hai0="26,53,123,113,85,64,65,66,130,133,56,52,104" hai1="89,125,44,78,70,67,95,97,30,121,46,29,6" hai2="10,114,49,74,120,37,106,119,13,47,25,105,45" hai3="11,38,71,48,76,93,36,62,75,2,132,94,69"/><U0/><E125/><V108/><F119/><W54/><G132/><T61/><D113/><U7/><E121/><V51/><F120/><W72/><G2/><T103/><D123/><U135/><E135/><V112/><F37/><W16/><G38/><T88/><D133/><U33/><E78/><V101/><F74/><W68/><G36/><T107/><D130/><U55/><E33/><V35/><F101/><W24/><G62/><T14/><D103/><U124/><E124/><V63/><F63/><W15/><G24/><T57/><D14/><U86/><E86/><V12/><F25/><W99/><G76/><T84/><D26/><U81/><E81/><V131/><F35/><W5/><G5/><T21/><D21/><U96/><E97/><V39/><F39/><W8/><G8/><T79/><D79/><U32/><E0/><V9/><F108/><W128/><G128/><AGARI ba="0,0" hai="9,10,12,13,45,47,49,51,105,106,112,114,128,131" machi="128" ten="25,6400,0" yaku="22,2,52,2" doraHai="100" who="2" fromWho="3" sc="250,0,250,0,170,64,330,-64" /><INIT seed="2,0,0,4,3,131" ten="250,250,234,266" oya="2" hai0="134,96,97,6,56,102,37,90,59,9,57,126,34" hai1="45,74,72,120,68,5,16,122,2,48,0,110,14" hai2="125,77,33,66,99,88,86,132,1,22,54,121,135" hai3="103,39,3,67,92,61,130,133,32,53,30,89,20"/><V118/><F118/><W93/><G130/><T70/><D70/><U62/><E110/><V40/><F121/><N who="1" m="46697" /><E5/><V50/><F33/><W43/><G3/><N who="1" m="1066" /><E62/><V7/><F40/><W10/><G32/><T81/><D37/><U19/><E68/><V31/><F66/><W84/><G10/><T69/><D69/><U117/><E117/><V18/><F31/><W28/><G53/><T60/><D60/><U79/><E79/><V65/><F65/><W42/><G28/><T25/><D25/><U76/><E76/><V52/><F125/><W115/><G115/><T128/><D34/><U106/><E106/><V58/><F99/><N who="3" m="59887" /><G39/><T98/><D126/><U100/><E100/><V13/><F77/><W95/><G95/><T107/><D128/><U23/><E19/><V38/><F38/><W113/><G113/><T83/><D102/><U46/><E45/><V101/><F101/><W123/><G123/><T114/><D107/><U127/><E127/><V35/><F35/><W64/><G64/><T47/><D47/><U12/><E14/><V29/><F29/><W24/><G61/><T104/><D104/><U73/><E74/><V75/><F75/><W36/><G67/><T85/><D114/><U119/><E119/><V44/><F7/><W63/><G63/><T8/><D6/><U108/><E108/><V124/><F1/><W49/><G36/><T27/><D27/><U112/><E112/><V91/><F124/><W116/><G116/><T105/><D105/><U51/><E51/><N who="2" m="31007" /><F91/><W4/><G4/><T94/><D90/><U55/><AGARI ba="0,0" hai="12,16,23,46,48,55,72,73" m="1066,46697" machi="55" ten="30,2000,0" yaku="13,1,54,1" doraHai="131" who="1" fromWho="1" sc="250,-5,250,20,234,-10,266,-5" /><INIT seed="3,0,0,5,4,56" ten="245,270,224,261" oya="3" hai0="61,16,72,93,68,40,124,90,103,19,42,34,62" hai1="119,2,89,30,69,74,102,38,88,58,105,79,33" hai2="107,84,65,22,39,45,20,91,44,82,110,76,41" hai3="135,26,128,67,47,122,12,92,96,77,8,132,49"/><W27/><G122/><T104/><D34/><U4/><E38/><V134/><F107/><W86/><G128/><T21/><D72/><U31/><E69/><V54/><F110/><W63/><G86/><N who="0" m="52439" /><D68/><U37/><E37/><V73/><F134/><N who="3" m="51243" /><G77/><T7/><D104/><U43/><E33/><V127/><F127/><W98/><G12/><N who="0" m="9351" /><D7/><U106/><E4/><V94/><F65/><W55/><G8/><T111/><D111/><U126/><E2/><V87/><F73/><W130/><G130/><T24/><D103/><U52/><E102/><V113/><F113/><W129/><G129/><T108/><D124/><U133/><E126/><V23/><F23/><W6/><G6/><T57/><D108/><U101/><E101/><V80/><F94/><W50/><G92/><T32/><D57/><U117/><E74/><V81/><F81/><W60/><G98/><T85/><D85/><U120/><E120/><V29/><F29/><N who="1" m="10761" /><E133/><V35/><F35/><W112/><G96/><T75/><D32/><U118/><E105/><V99/><F99/><W71/><G112/><T51/><D75/><U3/><E106/><V25/><F25/><N who="3" m="9227" /><G47/><N who="0" m="26087" /><D42/><U46/><E43/><V1/><F1/><W114/><G114/><T83/><D83/><U28/><E3/><V0/><F0/><W64/><G55/><T36/><D36/><U11/><E118/><V121/><F121/><W97/><G97/><T59/><D59/><AGARI ba="0,0" hai="49,50,59,60,63,64,67,71" m="9227,51243" machi="59" ten="30,5800,0" yaku="20,1,52,2" doraHai="56" who="3" fromWho="0" sc="245,-58,270,0,224,0,261,58" /><INIT seed="3,1,0,4,2,135" ten="187,270,224,319" oya="3" hai0="58,42,71,23,43,35,79,112,67,20,78,111,117" hai1="76,31,127,69,82,133,11,10,103,15,18,85,120" hai2="60,8,70,101,74,65,106,37,12,38,130,19,98" hai3="102,54,63,77,72,30,86,48,28,16,115,14,109"/><W62/><G115/><T47/><D35/><U4/><E133/><V99/><F74/><W17/><G72/><T110/><D117/><U96/><E120/><V91/><F130/><W128/><G128/><T118/><D118/><U121/><E121/><V0/><F0/><W81/><G102/><T22/><D71/><U108/><E108/><N who="0" m="41513" /><D112/><U5/><E69/><V2/><F2/><W55/><G17/><T33/><D33/><U114/><E114/><V83/><REACH who="2" step="1"/><F83/><REACH who="2" ten="187,270,214,319" step="2"/><W29/><G109/><T56/><D67/><U26/><E82/><V6/><F6/><W27/><G27/><T131/><D131/><U32/><E4/><V116/><F116/><W49/><G55/><T84/><D42/><U126/><E5/><V104/><F104/><W100/><G100/><T21/><D78/><U88/><E76/><V129/><F129/><W66/><G54/><T90/><D79/><U39/><E103/><V52/><F52/><W3/><G3/><T40/><D40/><U45/><E10/><V105/><F105/><W132/><G132/><T94/><N who="0" m="5120" /><DORA hai="89" /><T1/><D1/><U134/><E11/><V44/><F44/><W92/><G66/><T119/><D119/><U122/><E134/><V93/><AGARI ba="1,1" hai="8,12,19,37,38,60,65,70,91,93,98,99,101,106" machi="93" ten="30,8000,1" yaku="1,1,0,1,52,1,53,2" doraHai="135,89" doraHaiUra="61,59" who="2" fromWho="2" sc="187,-21,270,-21,214,93,319,-41" /><INIT seed="4,0,0,0,3,16" ten="166,249,307,278" oya="0" hai0="128,71,106,114,19,21,121,63,44,60,119,130,88" hai1="98,9,35,90,81,131,108,1,14,46,15,13,49" hai2="26,75,84,45,83,2,5,20,111,102,36,4,113" hai3="27,94,58,123,101,28,10,66,124,42,25,38,129"/><T18/><D119/><U3/><E108/><V100/><F111/><W132/><G123/><T73/><D121/><U115/><E131/><N who="0" m="50217" /><D73/><U87/><E35/><V79/><F113/><W112/><G112/><T97/><D114/><U43/><E115/><V61/><F84/><W69/><G69/><T92/><D106/><U85/><E9/><N who="2" m="2199" /><F61/><N who="0" m="23626" /><D71/><U135/><E135/><V122/><F5/><W78/><G124/><T30/><D44/><U22/><E87/><V33/><F33/><W91/><G132/><T126/><D126/><U109/><E109/><V72/><F72/><W51/><G66/><T32/><D32/><U134/><E134/><V62/><F62/><W107/><G107/><T50/><D50/><U80/><E49/><V103/><F122/><W37/><G51/><T24/><AGARI ba="0,0" hai="18,19,21,24,30,88,92,97" m="23626,50217" machi="24" ten="30,6000,0" yaku="19,1,52,1,54,1" doraHai="16" who="0" fromWho="0" sc="166,60,249,-20,307,-20,278,-20" /><INIT seed="4,1,0,0,4,91" ten="226,229,287,258" oya="0" hai0="68,19,133,121,41,99,26,89,50,24,82,57,128" hai1="101,92,36,73,75,67,102,127,114,38,61,45,9" hai2="90,48,55,95,129,113,87,81,77,25,56,124,40" hai3="117,33,31,42,112,52,118,8,125,37,28,32,131"/><T58/><D68/><U83/><E127/><V98/><F124/><W49/><G125/><T34/><D121/><U64/><E114/><V18/><F113/><W12/><G112/><T93/><D133/><U23/><E23/><N who="2" m="13559" /><F129/><W11/><G131/><T21/><D128/><U70/><E64/><V20/><F20/><W44/><G31/><T4/><D4/><U65/><E83/><V123/><F123/><W29/><G29/><T62/><D34/><U7/><E45/><V63/><F40/><W108/><G108/><T119/><D119/><U5/><E61/><AGARI ba="1,0" hai="48,55,56,61,63,77,81,87,90,95,98" m="13559" machi="61" ten="30,2000,0" yaku="8,1,52,1" doraHai="91" who="2" fromWho="1" sc="226,0,229,-23,287,23,258,0" /><INIT seed="5,0,0,2,0,89" ten="226,206,310,258" oya="1" hai0="59,77,93,78,43,91,79,7,56,57,44,115,71" hai1="31,126,1,75,47,116,62,18,135,107,10,68,55" hai2="98,12,113,0,53,35,66,14,106,65,124,108,37" hai3="123,21,110,81,134,64,131,111,26,5,86,72,92"/><U67/><E116/><V38/><F108/><W54/><G123/><T120/><D71/><U63/><E75/><V105/><F0/><W6/><G131/><T103/><D115/><U83/><E107/><V117/><F35/><W11/><G134/><T22/><D7/><U50/><E126/><V58/><F58/><W99/><G72/><T122/><D22/><U121/><E121/><V45/><F98/><W19/><G64/><T84/><REACH who="0" step="1"/><D103/><REACH who="0" ten="216,206,310,258" step="2"/><U127/><E127/><V28/><F113/><W20/><G20/><T13/><D13/><U4/><E135/><V97/><F12/><W95/><G110/><T102/><D102/><U112/><E112/><V52/><F14/><W41/><G111/><T51/><AGARI ba="0,1" hai="43,44,51,56,57,59,77,78,79,84,91,93,120,122" machi="51" ten="40,5200,0" yaku="1,1,0,1,52,1,53,0" doraHai="89" doraHaiUra="16" who="0" fromWho="0" sc="216,62,206,-26,310,-13,258,-13" /><INIT seed="6,0,0,5,2,77" ten="278,180,297,245" oya="2" hai0="0,65,19,30,42,134,20,69,76,21,107,48,54" hai1="93,26,87,15,73,101,115,79,8,94,24,66,27" hai2="97,135,128,49,51,114,113,11,18,64,58,92,60" hai3="109,43,75,119,122,61,35,132,88,104,22,6,56"/><V72/><F72/><W125/><G119/><T116/><D107/><U1/><E115/><N who="2" m="44043" /><F128/><W126/><G35/><T121/><D0/><U2/><E73/><V89/><F135/><W84/><G109/><T78/><D121/><U23/><E66/><V17/><F11/><W63/><G122/><T129/><D42/><U4/><E23/><V47/><F51/><W90/><G104/><T91/><D134/><U25/><N who="1" m="6144" /><DORA hai="133" /><U37/><E37/><V41/><AGARI ba="0,0" hai="17,18,41,47,49,58,60,64,89,92,97" m="44043" machi="41" ten="30,1500,0" yaku="15,1" doraHai="77,133" who="2" fromWho="2" sc="278,-5,180,-5,297,15,245,-5" /><INIT seed="6,1,0,5,4,33" ten="273,175,312,240" oya="2" hai0="85,20,99,130,44,115,40,73,126,131,21,92,3" hai1="118,66,86,98,46,80,48,56,67,37,13,58,84" hai2="96,49,61,90,62,76,12,68,59,55,135,9,2" hai3="95,6,110,43,108,104,52,79,31,88,114,27,50"/><V74/><F68/><W119/><G119/><T103/><D73/><U51/><E118/><V29/><F2/><W57/><G104/><T82/><D115/><U25/><E37/><V94/><F135/><W77/><G114/><T7/><D126/><U123/><E123/><V63/><F29/><W32/><G6/><T17/><D7/><U41/><E98/><V116/><F116/><W38/><G43/><T1/><D85/><U26/><E41/><V105/><F105/><W132/><G38/><T22/><D82/><U133/><E13/><V18/><F74/><W117/><G132/><T14/><D17/><U24/><E133/><V28/><F28/><W113/><G113/><T5/><D14/><U10/><E25/><V122/><F122/><W72/><G117/><T39/><D5/><U16/><E10/><V100/><F76/><W81/><G79/><T53/><D53/><U70/><E70/><V83/><F83/><W35/><G35/><T93/><D92/><U102/><E80/><V128/><F128/><AGARI ba="1,0" hai="1,3,20,21,22,39,40,44,93,99,103,128,130,131" machi="128" ten="40,5200,0" yaku="19,1,52,2" doraHai="33" who="0" fromWho="2" sc="273,55,175,0,312,-55,240,0" /><INIT seed="7,0,0,5,4,58" ten="328,175,257,240" oya="3" hai0="20,61,91,51,103,28,108,102,65,49,120,92,1" hai1="40,57,99,119,14,10,3,109,64,24,25,126,127" hai2="8,33,9,115,11,94,41,55,78,85,4,125,105" hai3="96,116,107,56,39,12,7,32,106,59,38,122,75"/><W18/><G116/><T50/><D1/><U129/><E109/><V93/><F105/><W113/><G122/><T81/><D81/><U118/><E129/><V42/><F33/><W29/><G75/><T71/><D108/><U19/><E40/><N who="2" m="15467" /><F115/><W69/><G69/><T44/><D44/><U54/><E99/><V89/><F125/><N who="1" m="47625" /><E3/><V100/><F78/><W135/><G113/><T87/><D120/><U131/><E64/><V73/><F73/><W110/><G7/><T97/><D97/><U35/><E131/><V132/><F132/><W6/><G135/><T23/><D28/><N who="1" m="19855" /><E54/><V128/><F128/><W86/><G110/><T130/><D130/><U66/><E66/><V31/><F31/><W77/><G6/><T21/><AGARI ba="0,0" hai="20,21,23,49,50,51,61,65,71,87,91,92,102,103" machi="21" ten="30,2000,0" yaku="0,1,52,1" doraHai="58" who="0" fromWho="0" sc="328,20,175,-5,257,-5,240,-10" owari="348,45.0,170,-33.0,252,5.0,230,-17.0" /></mjloggm>