<mjloggm ver="2.3"><GO type="225" lobby="0"/><UN n0="%E4%BC%9D%E8%AA%AC%E3%81%AE%E3%81%B2%E3%82%88%E3%81%93" n1="%73%2E%63%65%6C%74%79" n2="%E3%83%88%E3%83%88%E3%83%AA%E5%85%88%E7%94%9F%31%39%E6%AD%B3" n3="%E6%A9%8B%E6%9C%AC%E5%8D%83%E5%85%89%E5%B9%B4" dan="16,17,17,16" rate="2149.26,2191.33,2118.41,2129.61" sx="F,F,F,M"/><TAIKYOKU oya="0"/><INIT seed="0,0,0,4,0,55" ten="250,250,250,250" oya="0" hai0="74,58,121,105,106,66,119,42,72,10,45,125,20" hai1="100,34,21,8,4,60,6,50,25,63,126,29,47" hai2="85,96,127,81,1,0,79,86,101,27,107,133,115" hai3="39,15,131,78,90,28,46,73,9,89,75,43,59"/><T113/><D121/><U2/><E126/><V24/><F115/><W129/><G28/><T91/><D119/><U56/><E6/><V22/><F127/><W33/><G33/><T110/><D125/><U112/><E100/><V68/><F68/><W88/><G78/><T123/><D123/><U49/><E112/><V111/><F111/><W57/><G75/><T11/><D113/><U80/><E80/><V26/><F133/><W124/><G73/><T67/><D20/><U114/><E114/><V38/><F38/><W13/><G124/><T130/><D45/><U103/><E103/><V5/><F85/><W84/><G84/><T99/><D99/><U19/><E47/><V3/><REACH who="2" step="1"/><F5/><REACH who="2" ten="250,250,240,250" step="2"/><N who="3" m="3247" /><G15/><T30/><D110/><U16/><E19/><AGARI ba="0,1" hai="0,1,3,19,22,24,26,27,79,81,86,96,101,107" machi="19" ten="40,1300,0" yaku="1,1,53,0" doraHai="55" doraHaiUra="120" who="2" fromWho="1" sc="250,0,250,-13,240,23,250,0" /><INIT seed="1,0,0,0,5,47" ten="250,237,263,250" oya="1" hai0="57,40,8,41,135,64,108,102,99,87,1,75,36" hai1="72,100,81,67,113,105,62,63,115,3,88,59,42" hai2="33,14,6,104,96,78,91,121,127,10,38,83,112" hai3="85,29,13,114,97,132,17,52,68,26,39,124,37"/><U48/><E3/><V69/><F121/><W93/><G114/><T117/><D75/><U128/><E128/><V130/><F130/><W2/><G68/><T45/><D117/><U19/><E105/><V23/><F33/><W24/><G2/><T92/><D41/><U74/><E100/><V82/><F69/><W70/><G70/><T9/><D108/><U18/><E63/><V46/><F112/><W71/><G71/><T58/><D135/><U25/><E19/><V11/><F127/><W32/><G26/><T110/><D110/><U30/><E18/><V55/><F23/><W116/><G132/><T44/><D44/><U120/><E120/><V12/><F78/><W94/><G124/><T21/><D64/><U31/><E31/><V51/><F38/><W109/><G109/><T80/><D9/><U95/><E74/><V22/><F22/><W61/><G85/><T125/><D21/><U54/><E42/><V65/><F65/><W50/><G61/><T20/><D20/><N who="1" m="15655" /><E81/><V86/><F104/><W103/><G94/><T84/><D125/><U89/><E72/><V129/><F129/><W98/><G98/><T35/><D35/><U76/><E76/><V134/><F96/><W56/><REACH who="3" step="1"/><G116/><REACH who="3" ten="250,237,263,240" step="2"/><T118/><D118/><U7/><E113/><V106/><F106/><W15/><G15/><T131/><D131/><U122/><E115/><V126/><F126/><W79/><G79/><N who="0" m="46111" /><D87/><U16/><E95/><N who="2" m="54775" /><F134/><W111/><G111/><T4/><D4/><AGARI ba="0,1" hai="4,6,10,11,12,14,46,51,55,82,83" m="54775" machi="4" ten="30,2000,0" yaku="8,1,52,1" doraHai="47" who="2" fromWho="0" sc="250,-20,237,0,263,30,240,0" /><INIT seed="2,0,0,2,5,130" ten="230,237,293,240" oya="2" hai0="124,120,40,108,50,95,65,58,113,115,98,5,71" hai1="8,26,112,17,106,35,28,128,41,4,48,67,117" hai2="105,23,129,42,43,64,29,9,25,18,83,100,62" hai3="68,54,103,53,104,30,19,135,45,74,81,77,59"/><V15/><F129/><W79/><G68/><T78/><D120/><U69/><E112/><V47/><F105/><W38/><G79/><T87/><D71/><U116/><E128/><V56/><F100/><W34/><G34/><T102/><D108/><U57/><E106/><V76/><REACH who="2" step="1"/><F47/><REACH who="2" ten="230,237,283,240" step="2"/><W93/><G104/><T16/><D115/><U46/><E116/><V109/><F109/><W75/><G103/><T99/><D113/><U13/><E117/><V123/><F123/><W85/><G45/><T52/><D124/><U114/><E114/><V90/><F90/><W1/><G77/><T125/><D125/><U36/><E46/><V101/><F101/><W70/><G75/><AGARI ba="0,1" hai="9,15,18,23,25,29,42,43,56,62,64,75,76,83" machi="75" ten="30,2900,0" yaku="1,1,7,1,53,0" doraHai="130" doraHaiUra="82" who="2" fromWho="3" sc="230,0,237,0,283,39,240,-29" /><INIT seed="2,1,0,5,2,66" ten="230,237,322,211" oya="2" hai0="117,116,13,39,28,129,0,107,127,115,104,23,111" hai1="22,52,134,112,5,3,32,95,56,46,60,1,53" hai2="92,123,91,7,133,84,15,54,105,21,62,80,68" hai3="87,16,73,124,132,27,19,83,119,70,94,88,12"/><V76/><F123/><W118/><G132/><T17/><D39/><U30/><E112/><V81/><F105/><W110/><G110/><T108/><D115/><U75/><E134/><V131/><F133/><W24/><G124/><T33/><D127/><U29/><E75/><V40/><F131/><W71/><G73/><T58/><D58/><U113/><E113/><V55/><F40/><W9/><G119/><N who="0" m="45643" /><D0/><U109/><E109/><N who="0" m="42057" /><D129/><U34/><E95/><V11/><F81/><W106/><G106/><T85/><D85/><U4/><E22/><V82/><F82/><W44/><G118/><T50/><D50/><U125/><E125/><V41/><F41/><W89/><G44/><T121/><D121/><U114/><E114/><V90/><F21/><W61/><G19/><T51/><D51/><U126/><E126/><V35/><F84/><W74/><G61/><T96/><D96/><U78/><E78/><V122/><F62/><W99/><REACH who="3" step="1"/><G74/><REACH who="3" ten="230,237,322,201" step="2"/><T8/><D104/><U42/><E46/><V97/><F122/><W37/><G37/><T2/><D107/><U14/><E60/><V93/><F7/><W6/><G6/><N who="0" m="1111" /><D28/><U49/><E5/><V10/><F76/><W59/><G59/><T77/><D77/><U72/><E72/><V79/><F79/><W120/><G120/><T101/><D101/><U26/><E30/><V135/><F135/><W18/><G18/><T103/><D103/><U45/><E29/><V67/><F90/><W57/><G57/><T48/><D48/><U47/><E56/><V31/><F91/><W102/><G102/><T69/><D69/><AGARI ba="1,1" hai="9,12,16,24,27,69,70,71,83,87,88,89,94,99" machi="69" ten="40,12000,2" yaku="1,1,6,1,52,3,54,2,53,0" doraHai="66" doraHaiUra="63" who="3" fromWho="0" sc="230,-123,237,0,322,0,201,133" /><INIT seed="3,0,0,2,5,119" ten="107,237,322,334" oya="3" hai0="71,78,43,7,37,74,92,84,133,106,77,27,124" hai1="9,63,126,14,128,62,29,10,15,79,31,97,108" hai2="4,110,80,103,104,26,60,112,57,13,11,59,17" hai3="93,24,121,28,30,82,52,8,44,83,75,1,2"/><W33/><G121/><T12/><D71/><U51/><E108/><V47/><F112/><W40/><G30/><T123/><D37/><U101/><E79/><V69/><F110/><W129/><G129/><T131/><D43/><U46/><E126/><V39/><F69/><W0/><G93/><T55/><D55/><U114/><E114/><V53/><F104/><W48/><G75/><T70/><D70/><U61/><E128/><V36/><F103/><W115/><G115/><T102/><D27/><U45/><E61/><V127/><F127/><W64/><G64/><T134/><D12/><U22/><E22/><V130/><F130/><W122/><G122/><T94/><D7/><U85/><E85/><V56/><F39/><W90/><G90/><T107/><D124/><U21/><E21/><V41/><F80/><W87/><G87/><T113/><D131/><U6/><E51/><V95/><F95/><W68/><G68/><T65/><D113/><U35/><E35/><V38/><F38/><W54/><G8/><T20/><D65/><U49/><E10/><V105/><F105/><W96/><G96/><T98/><D20/><U99/><E9/><V125/><F125/><W111/><G111/><T5/><D5/><U16/><E6/><V118/><F118/><W89/><G89/><T3/><D3/><U120/><E29/><V109/><F109/><W76/><G76/><T81/><D123/><U66/><E31/><V50/><F36/><W23/><G33/><T34/><D34/><U25/><E120/><V42/><F42/><W88/><G83/><N who="0" m="45527" /><D107/><U86/><E66/><RYUUKYOKU ba="0,0" sc="107,10,237,-30,322,10,334,10" hai0="77,81,84,92,94,98,102,106,133,134" hai2="4,11,13,17,26,41,47,50,53,56,57,59,60" hai3="0,1,2,23,24,28,40,44,48,52,54,82,88" owari="117,-38.0,207,-19.0,332,13.0,344,44.0" /></mjloggm>