<mjloggm ver="2.3"><GO type="97" lobby="0"/><UN n0="%E3%83%88%E3%83%88%E3%83%AA%E5%85%88%E7%94%9F%31%39%E6%AD%B3" n1="%E3%81%AE%E3%81%82%E3%83%9E%E3%82%B9%E3%82%BF%E3%83%BC" n2="%E3%83%8B%E3%83%A3%E3%83%83%E3%83%94%E3%83%BC%E3%81%AE%E5%9B%BD" n3="%61%73%61%67%6F%68%61%6E" dan="14,14,14,15" rate="2037.59,1964.94,1924.17,1941.47" sx="F,M,M,M"/><TAIKYOKU oya="0"/><INIT seed="0,0,0,2,5,49" ten="250,250,250,250" oya="0" hai0="46,116,13,38,47,7,67,42,85,105,127,110,113" hai1="77,117,19,54,111,100,58,8,122,124,36,10,11" hai2="2,20,93,131,17,65,73,34,53,14,126,23,103" hai3="68,134,63,59,112,9,75,21,74,37,104,72,61"/><T69/><D113/><U0/><E117/><V130/><F34/><W109/><G109/><T95/><D116/><U89/><E111/><V129/><F73/><W79/><G37/><T30/><D105/><U1/><E122/><V78/><F78/><W108/><G108/><T32/><D110/><U80/><E124/><V102/><F126/><W3/><G104/><T123/><D123/><U57/><E100/><V115/><F115/><W120/><G120/><T118/><D118/><U52/><E36/><V50/><F2/><W125/><G125/><T18/><D127/><U91/><E19/><V70/><F93/><W43/><G68/><T97/><D7/><U114/><E114/><V82/><F82/><W4/><G3/><N who="1" m="1098" /><E77/><V12/><F12/><W39/><G4/><T86/><D47/><U28/><E28/><V25/><F65/><W51/><G43/><T64/><D30/><U94/><E80/><V16/><F70/><W71/><G71/><T48/><D32/><U87/><E94/><V107/><F107/><W119/><G39/><T132/><D38/><U29/><E87/><N who="0" m="33289" /><D69/><U99/><E29/><V6/><F6/><W5/><G79/><T35/><D35/><U83/><E83/><V90/><F90/><N who="1" m="34313" /><E99/><V31/><F31/><W62/><G75/><T98/><D95/><U55/><AGARI ba="0,0" hai="8,10,11,52,54,55,57,58" m="34313,1098" machi="55" ten="40,12000,2" yaku="28,2,52,3,54,1" doraHai="49" who="1" fromWho="1" sc="250,-60,250,120,250,-30,250,-30" /><INIT seed="1,0,0,4,5,68" ten="190,370,220,220" oya="1" hai0="59,113,42,124,80,7,81,12,63,109,2,62,24" hai1="96,45,8,25,48,61,18,132,100,117,107,74,134" hai2="38,53,13,20,108,54,129,23,49,110,51,44,69" hai3="28,104,106,99,26,65,128,33,84,72,17,14,135"/><U22/><E117/><V98/><F69/><W86/><G72/><T114/><D2/><U123/><E123/><V118/><F118/><W10/><G128/><T60/><D109/><N who="2" m="42090" /><F129/><W89/><G135/><T46/><D124/><U37/><E74/><V35/><F35/><W119/><G119/><T75/><D59/><U83/><E83/><V41/><F98/><W64/><G86/><T102/><D102/><U73/><E73/><V91/><F91/><W95/><REACH who="3" step="1"/><G84/><REACH who="3" ten="190,370,220,210" step="2"/><T58/><D75/><U9/><E134/><V1/><F1/><W85/><G85/><T0/><D80/><U116/><E132/><V120/><F120/><W125/><G125/><T15/><D81/><U27/><E116/><V70/><F70/><W122/><G122/><T92/><D113/><U101/><E107/><AGARI ba="0,1" hai="10,14,17,26,28,33,64,65,89,95,99,104,106,107" machi="107" ten="40,1300,0" yaku="1,1,53,0" doraHai="68" doraHaiUra="121" who="3" fromWho="1" sc="190,0,370,-13,220,0,210,23" /><INIT seed="2,0,0,2,1,33" ten="190,357,220,233" oya="2" hai0="40,36,34,98,103,83,22,6,55,88,9,93,1" hai1="69,89,122,62,111,66,3,7,75,65,135,106,35" hai2="85,86,77,94,81,117,59,47,30,90,26,116,58" hai3="72,53,76,121,99,28,73,71,80,11,31,82,27"/><V110/><F110/><W2/><G121/><T87/><D34/><U133/><E122/><V63/><F47/><W19/><G71/><T57/><D22/><U46/><E111/><V107/><F107/><W49/><G27/><T29/><D29/><U18/><E106/><V43/><F43/><W101/><G80/><T102/><D40/><U8/><E75/><V112/><F112/><W96/><G73/><T105/><D36/><U42/><E65/><V16/><F59/><W104/><G96/><T64/><D64/><U50/><E35/><V108/><F108/><W56/><REACH who="3" step="1"/><G19/><REACH who="3" ten="190,357,220,223" step="2"/><T54/><D54/><U95/><REACH who="1" step="1"/><E18/><REACH who="1" ten="190,347,220,223" step="2"/><V130/><F16/><W10/><G10/><T67/><D67/><U44/><E44/><V126/><F117/><W25/><G25/><T127/><D105/><U132/><E132/><V15/><F116/><W17/><G17/><T52/><D55/><U14/><E14/><V12/><F15/><W23/><G23/><T13/><D13/><U38/><E38/><V21/><F12/><W118/><G118/><T114/><D114/><U24/><E24/><V37/><F37/><W79/><G79/><T84/><D52/><U41/><E41/><V113/><F113/><W128/><G128/><T48/><D1/><U32/><E32/><V68/><F26/><W134/><G134/><T91/><D9/><U60/><E60/><V92/><F77/><W123/><G123/><T120/><D120/><U124/><E124/><V119/><F126/><W51/><G51/><T100/><D127/><U45/><E45/><V74/><F130/><W61/><G61/><RYUUKYOKU ba="0,2" sc="190,-15,347,15,220,-15,223,15" hai1="3,7,8,42,46,50,62,66,69,89,95,133,135" hai3="2,11,28,31,49,53,56,72,76,82,99,101,104" /><INIT seed="3,1,2,1,3,19" ten="175,362,205,238" oya="3" hai0="48,86,93,61,44,88,82,56,43,128,99,2,53" hai1="21,111,85,80,15,78,126,97,5,127,112,24,33" hai2="106,76,45,132,108,119,36,104,11,74,17,84,100" hai3="27,70,20,46,35,0,110,47,89,102,29,92,118"/><W91/><G118/><T131/><REACH who="0" step="1"/><D2/><REACH who="0" ten="165,362,205,238" step="2"/><U58/><E126/><V50/><F119/><W83/><G0/><T115/><D115/><U28/><E127/><V31/><F108/><W37/><G110/><T34/><D34/><U14/><E33/><V129/><F132/><W42/><G35/><T120/><D120/><U116/><E112/><V113/><F113/><W94/><G70/><T133/><D133/><U57/><E116/><V64/><F129/><W10/><G47/><T4/><D4/><U103/><E111/><V3/><F3/><W81/><G10/><T41/><D41/><U87/><E5/><V71/><F11/><W1/><G1/><T72/><D72/><U69/><E69/><V8/><F74/><W95/><G102/><AGARI ba="1,3" hai="43,44,48,53,56,61,82,86,88,93,99,102,128,131" machi="102" ten="40,8000,1" yaku="21,2,54,1,53,1" doraHai="19" doraHaiUra="59" who="0" fromWho="3" sc="165,113,362,0,205,0,238,-83" owari="278,8.0,362,45.0,205,-19.0,155,-34.0" /></mjloggm>