<mjloggm ver="2.3"><GO type="41" lobby="0"/><UN n0="%E5%B0%B1%E6%B4%BB%E7%94%9F%40%E5%B7%9D%E6%9D%91%E8%BB%8D%E5%9B%A3" n1="%E3%81%BE%E3%81%A4%E3%81%94%E3%82%8D" n2="%6E%65%6F%32%39%35%36" n3="%E5%A4%A9%E5%B0%8A%E4%BD%8D" dan="14,15,14,15" rate="1930.46,1977.63,1988.57,2049.13" sx="M,M,M,F"/><TAIKYOKU oya="0"/><INIT seed="0,0,0,5,2,3" ten="250,250,250,250" oya="0" hai0="82,86,29,106,107,79,118,126,99,51,89,8,87" hai1="132,73,84,101,88,125,44,17,81,62,15,37,75" hai2="80,97,63,10,52,77,11,120,2,38,85,91,27" hai3="55,92,110,49,9,76,135,70,59,41,53,45,54"/><T61/><D118/><U28/><E125/><V20/><F38/><N who="3" m="21687" /><G76/><T5/><D126/><U117/><E132/><V19/><F120/><W116/><G92/><T72/><D29/><U34/><E117/><V65/><F2/><W121/><G9/><T6/><D72/><U94/><E62/><V4/><F65/><W26/><G26/><T128/><D128/><U109/><E109/><V119/><F119/><W130/><G116/><T129/><D129/><U16/><E17/><V25/><F25/><W58/><G130/><T42/><D8/><U98/><E28/><V104/><F104/><W43/><G135/><T60/><D106/><U50/><E37/><V57/><F4/><N who="0" m="1642" /><D107/><U95/><E95/><AGARI ba="0,0" hai="10,11,19,20,27,52,57,63,77,80,85,91,95,97" machi="95" ten="40,8000,1" yaku="25,2,8,1,54,1" doraHai="3" who="2" fromWho="1" sc="250,0,250,-80,250,80,250,0" /><INIT seed="1,0,0,4,3,23" ten="250,170,330,250" oya="1" hai0="115,42,86,130,13,64,50,83,11,82,16,55,20" hai1="95,7,127,100,79,40,30,15,124,92,114,10,66" hai2="117,31,109,121,25,128,72,134,129,46,0,81,33" hai3="108,56,91,107,131,125,28,38,35,84,97,37,69"/><U93/><E114/><V29/><F72/><W17/><G69/><T119/><D115/><U123/><E123/><V78/><F121/><W110/><G125/><N who="1" m="48202" /><E79/><V5/><F109/><N who="3" m="42091" /><G17/><T9/><D119/><U49/><E66/><V36/><F31/><W126/><G126/><T120/><D120/><U73/><E73/><V90/><F90/><W102/><G131/><N who="2" m="50249" /><F134/><W111/><N who="3" m="42099" /><W3/><DORA hai="67" /><G3/><T58/><D130/><U87/><E30/><V18/><F81/><N who="3" m="49551" /><G56/><T68/><D82/><U14/><E14/><V53/><F78/><W54/><G54/><T101/><D42/><U2/><E2/><V60/><F117/><W61/><G61/><T85/><D68/><U75/><E75/><V113/><F113/><W51/><G51/><T88/><D64/><U26/><E26/><AGARI ba="0,0" hai="26,28,35,37,38,97,102,107" m="49551,42099" machi="26" ten="40,2600,0" yaku="14,1,52,1" doraHai="23,67" who="3" fromWho="1" sc="250,0,170,-26,330,0,250,26" /><INIT seed="2,0,0,1,3,21" ten="250,144,330,276" oya="2" hai0="62,94,60,22,80,10,11,92,23,17,118,38,114" hai1="124,111,27,135,61,2,59,46,4,133,40,9,73" hai2="85,29,37,72,26,7,119,110,126,113,97,81,19" hai3="58,32,3,122,65,57,123,30,36,0,6,68,127"/><V74/><F119/><W14/><G36/><T99/><D38/><U84/><E111/><V106/><F113/><W39/><G39/><T132/><D114/><U41/><E73/><V53/><F37/><W8/><G57/><T86/><D118/><U117/><E124/><V109/><F126/><W98/><G58/><T66/><D132/><U130/><E117/><V43/><F43/><W75/><G75/><T105/><D105/><U120/><E130/><V104/><F19/><W12/><G127/><T96/><D80/><U103/><E120/><V45/><F7/><W78/><G78/><T125/><D125/><U69/><E69/><V112/><F112/><W87/><G87/><T54/><D86/><U82/><E103/><N who="2" m="62575" /><F106/><W47/><G47/><T25/><D54/><U16/><E46/><V34/><F53/><W1/><G98/><T18/><D66/><U83/><E83/><V129/><F45/><W116/><G116/><T67/><D67/><U93/><E93/><V134/><F134/><N who="1" m="51209" /><E59/><V115/><F115/><W5/><G65/><T77/><D77/><N who="1" m="46159" /><E61/><V88/><F129/><W79/><G68/><T101/><D101/><U89/><E89/><V128/><F128/><W50/><G79/><T131/><D131/><U64/><E64/><V108/><AGARI ba="0,0" hai="26,29,34,72,74,81,85,88,108,109,110" m="62575" machi="108" ten="30,11700,0" yaku="14,1,10,1,52,1,54,1" doraHai="21" who="2" fromWho="2" sc="250,-39,144,-39,330,117,276,-39" /><INIT seed="2,1,0,2,4,115" ten="211,105,447,237" oya="2" hai0="110,53,67,55,35,9,119,117,0,1,72,133,68" hai1="60,108,39,62,66,86,112,30,24,25,104,43,36" hai2="4,19,127,37,135,16,101,89,70,46,128,14,18" hai3="20,75,97,107,45,124,51,77,11,31,32,12,8"/><V27/><F70/><W73/><G124/><T34/><D72/><U96/><E108/><V81/><F101/><W118/><G118/><N who="0" m="45067" /><D110/><U59/><E112/><V95/><F127/><W78/><G32/><N who="0" m="12331" /><D133/><U105/><E104/><V40/><F81/><W111/><G111/><T56/><D68/><U5/><E5/><V113/><F135/><W79/><G107/><T3/><D9/><U28/><E86/><V134/><F134/><W50/><G97/><T74/><D74/><U130/><E96/><V22/><F113/><W65/><G65/><T48/><D55/><U109/><E105/><V100/><F100/><W125/><G125/><T41/><D41/><U49/><E109/><V121/><F121/><W63/><G8/><T2/><D2/><U21/><E43/><V76/><F76/><W33/><G75/><T98/><D98/><U52/><E62/><V57/><F57/><W17/><G63/><N who="0" m="38375" /><D3/><U116/><E116/><V91/><F128/><W6/><G73/><T126/><D126/><U38/><E130/><V69/><F69/><W87/><G11/><T58/><AGARI ba="1,0" hai="0,1,48,53,58" m="38375,12331,45067" machi="58" ten="30,7900,0" yaku="12,1,52,3" doraHai="115" who="0" fromWho="0" sc="211,82,105,-21,447,-40,237,-21" /><INIT seed="3,0,0,3,2,92" ten="293,84,407,216" oya="3" hai0="87,22,90,109,4,105,112,47,34,81,20,0,134" hai1="100,5,127,55,8,130,50,114,48,125,102,27,19" hai2="62,91,103,18,118,33,135,29,113,46,124,35,28" hai3="6,41,107,132,119,24,111,126,70,71,80,7,37"/><W53/><G119/><T131/><D34/><U61/><E114/><V13/><F113/><W54/><G126/><T69/><D112/><U40/><E130/><V83/><F118/><W110/><G24/><T14/><D69/><N who="3" m="26121" /><G132/><T3/><D105/><U66/><E40/><V36/><F103/><W108/><G80/><T31/><D131/><U59/><E50/><V21/><F124/><N who="1" m="47689" /><E27/><V49/><F36/><W57/><G107/><T86/><D109/><U56/><E19/><V97/><F135/><W76/><G76/><T93/><D134/><U52/><E55/><N who="3" m="21002" /><G57/><T123/><D123/><U78/><E78/><V1/><F1/><AGARI ba="0,0" hai="1,5,8,48,52,56,59,61,66,100,102" m="47689" machi="1" ten="30,2000,0" yaku="18,1,54,1" doraHai="92" who="1" fromWho="2" sc="293,0,84,20,407,-20,216,0" /><INIT seed="4,0,0,1,1,3" ten="293,104,387,216" oya="0" hai0="40,68,86,53,46,11,123,90,131,30,18,31,119" hai1="107,25,39,1,132,105,61,108,100,93,69,44,64" hai2="122,45,116,56,133,32,15,75,55,57,23,78,73" hai3="49,113,20,110,74,38,24,85,87,106,102,67,59"/><T66/><D123/><U125/><E108/><V37/><F32/><W126/><G74/><T120/><D120/><U128/><E93/><V89/><F122/><W13/><G38/><T103/><D119/><U35/><E107/><V17/><F133/><W2/><G2/><T130/><D103/><U10/><E132/><V95/><F116/><W96/><G110/><T58/><D66/><U71/><E128/><N who="0" m="49193" /><D68/><N who="1" m="41999" /><E125/><V16/><F78/><W21/><G126/><T84/><D18/><U48/><E48/><V47/><F57/><W22/><G24/><T80/><D11/><U4/><E44/><V72/><F37/><W14/><G113/><T50/><D86/><U115/><E39/><AGARI ba="0,0" hai="30,31,39,40,46,50,53,58,80,84,90" m="49193" machi="39" ten="30,1500,0" yaku="19,1" doraHai="3" who="0" fromWho="1" sc="293,15,104,-15,387,0,216,0" /><INIT seed="4,1,0,4,0,27" ten="308,89,387,216" oya="0" hai0="81,40,119,118,45,24,61,65,116,125,77,55,93" hai1="33,3,54,132,133,34,99,44,131,126,0,127,115" hai2="35,69,18,109,121,128,66,130,74,83,42,108,16" hai3="73,92,50,122,11,21,12,10,84,76,1,102,31"/><T64/><D125/><N who="1" m="47627" /><E115/><V9/><F121/><W13/><G122/><T29/><D93/><U22/><E99/><V96/><F42/><W51/><G73/><T58/><D45/><U37/><E54/><V80/><F96/><N who="3" m="59655" /><G1/><N who="1" m="586" /><E22/><V38/><F38/><W56/><G76/><T134/><D134/><N who="1" m="51819" /><E44/><V4/><F35/><N who="1" m="13321" /><E37/><V78/><F83/><W19/><G84/><T101/><D101/><U113/><E113/><V87/><F87/><W53/><G51/><T48/><D48/><U90/><E90/><V36/><F36/><W105/><G105/><T97/><D97/><U94/><E94/><V7/><F80/><W23/><G23/><T117/><D40/><U82/><E82/><V70/><F78/><W88/><G88/><T30/><N who="0" m="30208" /><DORA hai="104" /><T72/><REACH who="0" step="1"/><D30/><REACH who="0" ten="298,89,387,216" step="2"/><U86/><E86/><V62/><F66/><W39/><G39/><T103/><D103/><U120/><E120/><V49/><F49/><W17/><G31/><T71/><D71/><U100/><E100/><V5/><F70/><W59/><G59/><T114/><D114/><U91/><E91/><V25/><F69/><W8/><AGARI ba="1,1" hai="8,10,11,12,13,17,19,21,50,53,56" m="59655" machi="8" ten="30,1100,0" yaku="8,1" doraHai="27,104" who="3" fromWho="3" sc="298,-6,89,-4,387,-4,216,24" /><INIT seed="5,0,0,1,3,121" ten="292,85,383,240" oya="1" hai0="88,31,55,70,92,32,1,46,13,87,86,30,134" hai1="5,62,78,133,128,59,60,53,113,6,2,89,51" hai2="33,27,75,54,74,39,84,48,15,4,132,73,71" hai3="111,24,80,64,81,57,40,68,124,94,135,105,14"/><U77/><E113/><V131/><F39/><W119/><G105/><T107/><D107/><U102/><E133/><V9/><F71/><W65/><G68/><T47/><D70/><U56/><E128/><V66/><F132/><W125/><G135/><T85/><D1/><U95/><E102/><V25/><F66/><W82/><G119/><T108/><D108/><U123/><E123/><V109/><F109/><W101/><G40/><T8/><D134/><U91/><E2/><V28/><F131/><W19/><G24/><T98/><D32/><U127/><E51/><V99/><F27/><W114/><G114/><T83/><D83/><U11/><E127/><N who="3" m="48714" /><G57/><T41/><D55/><U115/><E115/><V126/><F99/><N who="3" m="59639" /><G111/><T36/><REACH who="0" step="1"/><D46/><REACH who="0" ten="282,85,383,240" step="2"/><U97/><E53/><V16/><F126/><W110/><G110/><T52/><D52/><U3/><E3/><V37/><F33/><W58/><G58/><T104/><D104/><U42/><E42/><V26/><F54/><W120/><G120/><T76/><D76/><U116/><E116/><V106/><F106/><W12/><G65/><T96/><D96/><U22/><E97/><V103/><F103/><W7/><G64/><T43/><D43/><U63/><E95/><V49/><F49/><W130/><G130/><T90/><D90/><U44/><E44/><V29/><F48/><W34/><G34/><T10/><D10/><U18/><E11/><V117/><F9/><N who="3" m="4159" /><G82/><T79/><D79/><N who="1" m="30219" /><E91/><V61/><F117/><W45/><G45/><T0/><D0/><U122/><E122/><V23/><F37/><W112/><G112/><RYUUKYOKU ba="0,1" sc="282,15,85,-15,383,-15,240,15" hai0="8,13,30,31,36,41,47,85,86,87,88,92,98" hai3="14,19,80,81" /><INIT seed="6,1,1,1,4,58" ten="297,70,368,255" oya="2" hai0="50,73,1,94,77,84,102,72,76,52,89,69,51" hai1="36,70,81,111,0,33,122,57,114,15,93,2,113" hai2="134,123,46,117,25,32,67,112,107,95,97,34,128" hai3="119,4,83,60,35,6,40,31,87,105,3,10,110"/><V115/><F117/><W88/><G110/><T22/><D1/><U64/><E111/><V74/><F123/><W68/><G119/><T5/><D69/><U92/><E57/><V44/><F107/><W26/><G105/><T42/><D73/><U98/><E36/><V37/><F74/><W7/><REACH who="3" step="1"/><G40/><REACH who="3" ten="297,70,368,245" step="2"/><T63/><D42/><U108/><E122/><V78/><F128/><W13/><G13/><T80/><D5/><U27/><E108/><V17/><F134/><W127/><G127/><T47/><D76/><U99/><E15/><V23/><F78/><W100/><G100/><T8/><D102/><U61/><E2/><V21/><F115/><W11/><G11/><T121/><D121/><U129/><E0/><V124/><F112/><W30/><G30/><T24/><D8/><U120/><E120/><V79/><F124/><W19/><G19/><T118/><D118/><U131/><E113/><V96/><F17/><W54/><G54/><T65/><D52/><U16/><E114/><V38/><F79/><W9/><G9/><T14/><D14/><U20/><E129/><V41/><F41/><W28/><G28/><T82/><D24/><U55/><E131/><V109/><F25/><W106/><G106/><T71/><D77/><U53/><E33/><V18/><F34/><W103/><G103/><T62/><D72/><U125/><E125/><V43/><F32/><W90/><G90/><T59/><D22/><U85/><E55/><V12/><F23/><W29/><G29/><T104/><D104/><U39/><E53/><V45/><F21/><W56/><G56/><RYUUKYOKU ba="1,2" sc="297,-10,70,-10,368,-10,245,30" hai3="3,4,6,7,10,26,31,35,60,68,83,87,88" /><INIT seed="7,2,2,1,4,44" ten="287,60,358,275" oya="3" hai0="80,118,9,90,120,88,73,134,40,34,122,65,33" hai1="35,87,102,10,83,51,129,18,12,107,81,32,14" hai2="109,0,8,74,84,132,31,25,36,28,78,114,112" hai3="106,86,75,41,58,37,43,57,30,68,124,70,46"/><W108/><G75/><T11/><D118/><U69/><E129/><V3/><F109/><W103/><G30/><T131/><D131/><U76/><E69/><N who="3" m="26730" /><G86/><T121/><D134/><U104/><E102/><V54/><F132/><W85/><G85/><T105/><D105/><U64/><E64/><V128/><F74/><W133/><G103/><T13/><D65/><U71/><E71/><V49/><F36/><W92/><G92/><T130/><D130/><U24/><E35/><V91/><F78/><W94/><G94/><T22/><D40/><U99/><E99/><V61/><F128/><W19/><G106/><T135/><D135/><U117/><E117/><V123/><F123/><W48/><G19/><T56/><D56/><N who="3" m="21609" /><G133/><T29/><D73/><U89/><E14/><V100/><F100/><W93/><G93/><T101/><D101/><U7/><E7/><V66/><F31/><W111/><G124/><T115/><D80/><U20/><E32/><N who="0" m="12393" /><D115/><N who="2" m="44074" /><F8/><N who="0" m="3146" /><D90/><U6/><E107/><V95/><F25/><W63/><G63/><T110/><D88/><U55/><E104/><V42/><F28/><W27/><G27/><N who="0" m="16631" /><D13/><U96/><E96/><V97/><F61/><W26/><G26/><T119/><D119/><U21/><E81/><V67/><F97/><W52/><G43/><T62/><D62/><U50/><E76/><V38/><F67/><W72/><G72/><T16/><D16/><N who="1" m="12327" /><E55/><V5/><F66/><W39/><G39/><T53/><D53/><U79/><E79/><V77/><F77/><W125/><G125/><T47/><D110/><U15/><AGARI ba="2,2" hai="6,10,12,15,18,20,50,51,83,87,89" m="12327" machi="15" ten="30,7900,0" yaku="8,1,52,2,54,1" doraHai="44" who="1" fromWho="1" sc="287,-22,60,105,358,-22,275,-41" owari="265,7.0,165,-33.0,336,43.0,234,-17.0" /></mjloggm>