<mjloggm ver="2.3"><GO type="41" lobby="0"/><UN n0="%E4%B8%89%E5%B3%B6%E5%AE%B6" n1="%E3%81%A1%E3%82%85%E3%81%86%E3%81%9F%E3%81%A4" n2="%E5%B0%B1%E6%B4%BB%E7%94%9F%40%E5%B7%9D%E6%9D%91%E8%BB%8D%E5%9B%A3" n3="%41%4E%44%59%54%41%4B%41" dan="13,14,15,14" rate="2016.47,1916.97,2021.58,1954.16" sx="M,M,M,M"/><TAIKYOKU oya="0"/><INIT seed="0,0,0,1,1,128" ten="250,250,250,250" oya="0" hai0="64,33,11,20,91,87,104,95,73,72,92,39,134" hai1="126,93,42,55,38,121,127,7,13,114,81,129,90" hai2="101,124,119,99,62,84,0,52,79,69,50,47,120" hai3="27,30,98,9,108,70,45,106,112,103,110,65,46"/><T15/><D33/><U43/><E121/><V31/><F120/><W28/><G112/><T75/><D104/><U131/><E81/><V105/><F0/><W56/><G9/><T5/><D39/><U123/><E123/><V100/><F119/><W61/><G56/><T49/><D64/><U22/><E114/><V115/><F115/><W18/><G18/><T67/><D67/><U133/><E38/><V74/><F74/><W113/><G113/><T54/><D20/><U40/><E55/><V88/><F124/><N who="1" m="47657" /><E7/><V12/><F79/><W118/><G28/><T111/><D95/><U41/><E13/><V130/><F101/><W36/><G118/><T1/><D111/><U29/><N who="1" m="10752" /><DORA hai="57" /><U125/><N who="1" m="47665" /><U24/><DORA hai="35" /><E133/><V83/><F130/><W17/><G17/><T51/><D134/><U14/><E14/><V63/><F69/><W80/><G80/><T21/><REACH who="0" step="1"/><D54/><REACH who="0" ten="240,250,250,250" step="2"/><U71/><E71/><V3/><F31/><W117/><G117/><T16/><AGARI ba="0,1" hai="1,5,11,15,16,21,49,51,72,73,75,87,91,92" machi="16" ten="40,18000,2" yaku="1,1,2,1,0,1,52,1,54,1,53,1" doraHai="128,57,35" doraHaiUra="66,25,4" who="0" fromWho="0" sc="240,190,250,-60,250,-60,250,-60" /><INIT seed="0,1,0,0,5,24" ten="430,190,190,190" oya="0" hai0="66,10,75,71,67,20,74,134,46,69,114,12,77" hai1="25,129,50,107,30,104,73,78,58,72,106,38,121" hai2="64,111,103,60,32,37,125,84,99,45,124,100,33" hai3="122,21,53,2,101,85,44,89,49,29,17,41,43"/><T3/><D114/><U47/><E121/><V83/><F111/><W62/><G122/><T130/><D134/><U80/><E129/><V105/><F100/><W16/><G2/><T51/><D130/><U5/><E5/><V86/><F37/><W59/><G101/><T120/><D3/><U116/><E116/><V8/><F8/><W132/><G43/><T133/><D133/><U18/><E18/><V40/><F40/><W108/><G108/><T13/><D120/><U119/><E119/><V35/><F45/><W109/><G109/><T34/><D34/><U1/><E1/><V82/><F86/><W55/><G41/><T102/><D102/><U28/><E38/><V4/><F4/><W6/><G6/><T117/><D117/><U110/><E110/><V93/><F93/><W15/><G132/><T87/><D74/><U36/><E25/><V127/><REACH who="2" step="1"/><F84/><REACH who="2" ten="430,190,180,190" step="2"/><W96/><G96/><T70/><D87/><U91/><E36/><V57/><AGARI ba="1,1" hai="32,33,35,57,60,64,82,83,99,103,105,124,125,127" machi="57" ten="40,8000,1" yaku="1,1,2,1,0,1,18,1,53,1" doraHai="24" doraHaiUra="56" who="2" fromWho="2" sc="430,-41,190,-21,180,93,190,-21" /><INIT seed="1,0,0,5,4,127" ten="389,169,273,169" oya="1" hai0="49,52,56,69,109,88,46,94,130,29,80,68,66" hai1="91,53,36,106,38,32,61,34,14,93,105,0,78" hai2="107,108,28,84,113,77,2,76,82,128,116,11,87" hai3="7,25,41,27,70,75,115,99,65,101,58,100,110"/><U85/><E0/><V104/><F28/><W40/><G115/><T12/><D109/><U119/><E119/><V48/><F108/><W132/><G110/><T123/><D123/><U10/><E78/><V71/><F71/><W39/><G70/><T35/><D80/><U24/><E61/><V90/><F116/><W83/><G132/><T63/><D12/><U96/><E53/><V20/><F113/><W79/><G7/><T30/><D130/><U81/><E24/><V92/><F128/><W98/><G39/><T33/><D30/><U54/><E54/><V122/><F122/><W18/><G65/><T57/><D57/><U102/><E36/><V125/><F125/><W15/><G58/><T8/><D8/><U42/><E42/><V21/><F76/><W118/><G118/><T126/><D126/><U59/><E59/><V103/><F103/><W16/><G15/><T47/><D47/><U43/><E43/><V124/><F124/><W62/><G62/><T89/><D35/><U1/><E1/><V31/><F31/><W135/><G135/><T121/><D121/><U67/><E67/><V17/><F48/><W129/><G79/><T86/><REACH who="0" step="1"/><D89/><REACH who="0" ten="379,169,273,169" step="2"/><U6/><E32/><V134/><F134/><W72/><G83/><T55/><D55/><U4/><E34/><V37/><F2/><W74/><G74/><T26/><AGARI ba="0,1" hai="26,29,33,46,49,52,56,63,66,68,69,86,88,94" machi="26" ten="30,7900,0" yaku="1,1,0,1,54,2,53,0" doraHai="127" doraHaiUra="9" who="0" fromWho="0" sc="379,89,169,-39,273,-20,169,-20" /><INIT seed="2,0,0,3,4,44" ten="468,130,253,149" oya="2" hai0="25,124,126,72,51,120,9,5,31,106,89,11,58" hai1="103,43,38,132,118,122,121,12,78,22,76,127,71" hai2="111,48,45,125,49,107,80,88,96,17,4,97,3" hai3="115,133,108,69,59,40,119,105,36,113,42,1,6"/><V8/><F125/><N who="0" m="48234" /><D72/><U104/><E127/><V66/><F66/><W35/><G105/><T62/><D106/><U52/><E118/><V61/><F111/><W77/><G35/><T60/><D120/><N who="1" m="46187" /><E71/><V134/><F134/><W19/><G119/><T117/><D89/><U23/><E132/><V114/><F114/><W123/><G123/><T34/><D117/><U110/><E110/><V2/><F2/><W85/><G108/><T81/><D81/><U41/><E103/><V87/><F61/><N who="0" m="23658" /><D5/><U18/><E104/><V93/><F45/><W131/><G133/><T68/><D68/><U67/><E67/><V83/><F17/><W13/><G69/><T74/><D74/><U56/><E38/><V70/><F70/><W65/><G36/><T90/><D90/><U116/><E116/><V135/><F135/><W129/><G1/><T26/><D26/><U100/><E100/><V128/><F128/><W79/><G131/><T39/><D39/><U98/><E98/><V10/><F10/><W32/><G115/><T30/><D9/><U28/><E76/><V21/><F21/><N who="1" m="7689" /><E28/><V102/><F83/><W55/><G32/><T92/><D31/><U82/><E78/><AGARI ba="0,0" hai="3,4,8,48,49,78,80,87,88,93,96,97,102,107" machi="78" ten="30,11600,0" yaku="7,1,52,2,54,1" doraHai="44" who="2" fromWho="1" sc="468,0,130,-116,253,116,149,0" /><INIT seed="2,1,0,0,4,77" ten="468,14,369,149" oya="2" hai0="37,101,91,89,112,106,15,79,135,50,121,7,52" hai1="8,113,94,72,6,117,100,107,13,109,58,74,3" hai2="86,63,42,90,115,92,71,110,66,53,62,120,36" hai3="65,29,54,61,127,21,48,4,0,14,134,49,59"/><V133/><F120/><W104/><G104/><T78/><D121/><U56/><E117/><V34/><F34/><W28/><G134/><T123/><D135/><U81/><E113/><V51/><F115/><W102/><G127/><T103/><D123/><U105/><E109/><V119/><F119/><W99/><G49/><T31/><D37/><U41/><E13/><V16/><F133/><W2/><G29/><T33/><D33/><U39/><E94/><V124/><F124/><W114/><G114/><T116/><D116/><U68/><E56/><V70/><F110/><W132/><G132/><T80/><D31/><U108/><E58/><V47/><F16/><W85/><G4/><T75/><D79/><N who="1" m="44263" /><E108/><V60/><REACH who="2" step="1"/><F70/><REACH who="2" ten="468,14,359,149" step="2"/><W82/><G28/><T131/><D112/><U1/><E68/><V111/><F111/><W93/><G2/><T30/><D30/><U87/><E1/><V73/><F73/><W18/><G0/><T57/><D75/><U43/><E74/><V24/><F24/><W122/><G122/><T19/><D15/><U88/><E100/><V126/><F126/><W125/><G125/><T11/><D103/><U69/><E41/><V9/><F9/><W130/><G14/><T27/><D101/><U32/><E32/><V97/><F97/><W55/><G18/><T46/><D11/><U96/><E96/><V10/><F10/><W40/><G40/><T64/><D19/><U22/><E22/><V38/><F38/><W95/><G21/><T12/><D27/><U98/><E98/><V84/><F84/><W23/><G85/><T76/><D12/><RYUUKYOKU ba="1,1" sc="468,-10,14,-10,359,30,149,-10" hai2="36,42,47,51,53,60,62,63,66,71,86,90,92" /><INIT seed="2,2,1,0,1,98" ten="458,4,389,139" oya="2" hai0="129,48,105,128,58,61,45,4,72,120,118,10,133" hai1="41,44,134,0,109,14,60,74,13,121,119,103,62" hai2="49,73,40,32,35,27,79,116,50,89,26,115,131" hai3="21,24,39,51,88,114,36,70,87,37,123,52,22"/><V15/><F116/><W8/><G70/><T2/><D120/><U43/><E119/><V125/><F115/><W86/><G123/><T94/><D118/><U124/><E74/><V9/><F125/><W108/><G108/><T135/><D105/><U23/><E121/><V75/><F131/><N who="0" m="50250" /><D72/><U78/><E109/><V111/><F111/><W18/><G114/><T57/><D94/><U17/><E0/><V67/><F67/><W28/><G8/><T92/><D92/><U59/><E124/><V126/><F126/><W83/><G87/><T104/><D104/><U66/><E134/><N who="0" m="51209" /><D61/><U130/><E130/><V47/><F89/><W25/><REACH who="3" step="1"/><G36/><REACH who="3" ten="458,4,389,129" step="2"/><T68/><D68/><U76/><E78/><V64/><F75/><W12/><G12/><T132/><D132/><U100/><E76/><V110/><F73/><W38/><G38/><T93/><D10/><U90/><E90/><V56/><F79/><W20/><G20/><T69/><D69/><U112/><E112/><V107/><F110/><W106/><G106/><T97/><D2/><U1/><E1/><V55/><F107/><W30/><G30/><T16/><D4/><U53/><E13/><V101/><F35/><W42/><G42/><N who="1" m="15882" /><E44/><AGARI ba="2,2" hai="18,21,22,24,25,28,37,39,44,51,52,83,86,88" machi="44" ten="30,7700,0" yaku="1,1,7,1,54,2,53,0" doraHai="98" doraHaiUra="117" who="3" fromWho="1" sc="458,0,4,-83,389,0,129,103" owari="458,56.0,-79,-58.0,389,19.0,232,-17.0" /></mjloggm>