<mjloggm ver="2.3"><GO type="169" lobby="0"/><UN n0="%6B%77%5F%67%69%66%75" n1="%7A%65%6C%64%69%6E%61" n2="%E3%82%A6%E3%83%AB%E3%83%88%E3%83%A9%E7%AB%8B%E7%9B%B4" n3="%E3%82%AC%E3%83%9F%E3%82%B4%E3%83%B3" dan="16,16,17,16" rate="2047.57,2094.78,2163.98,2146.48" sx="M,M,M,M"/><TAIKYOKU oya="0"/><INIT seed="0,0,0,1,5,95" ten="250,250,250,250" oya="0" hai0="70,134,108,9,133,51,79,44,10,96,3,93,58" hai1="37,110,77,117,124,75,50,47,54,31,41,111,84" hai2="36,34,56,116,106,85,33,32,38,125,64,42,13" hai3="101,114,2,81,98,61,30,128,4,21,52,20,49"/><T39/><D70/><U90/><E117/><V68/><F125/><W67/><G114/><T135/><D108/><U53/><E124/><V63/><F116/><W0/><G128/><T7/><D79/><U86/><E77/><V17/><F106/><W27/><G4/><T11/><D58/><U127/><E75/><V82/><F42/><W23/><G81/><T130/><D39/><U72/><E72/><V28/><F28/><W126/><G126/><T62/><D62/><U65/><E65/><V5/><F5/><W83/><G83/><T103/><REACH who="0" step="1"/><D130/><REACH who="0" ten="240,250,250,250" step="2"/><U26/><E127/><V129/><F129/><W59/><G2/><T8/><D8/><U14/><E37/><V57/><F57/><N who="3" m="32911" /><G0/><T73/><D73/><U87/><E111/><V55/><F68/><W113/><G113/><T109/><D109/><U48/><E110/><V122/><F38/><W1/><G1/><T132/><N who="0" m="33792" /><DORA hai="6" /><T131/><D131/><U35/><E50/><V92/><F36/><W74/><G74/><T43/><AGARI ba="0,1" hai="3,7,9,10,11,43,44,51,93,96,103" m="33792" machi="43" ten="60,24000,3" yaku="1,1,0,1,20,1,52,4,53,1" doraHai="95,6" doraHaiUra="69,88" who="0" fromWho="0" sc="240,250,250,-80,250,-80,250,-80" /><INIT seed="0,1,0,0,4,18" ten="490,170,170,170" oya="0" hai0="124,47,9,111,25,17,102,78,14,94,54,70,81" hai1="21,85,118,36,80,66,42,108,128,45,40,75,16" hai2="53,95,105,51,119,109,115,101,26,24,65,58,37" hai3="44,2,41,11,114,31,77,131,117,132,74,59,6"/><T79/><D70/><U133/><E75/><V129/><F105/><W52/><G114/><T61/><D124/><U69/><E118/><V97/><F115/><W98/><G117/><T126/><D126/><U83/><E108/><V116/><F109/><W72/><G132/><T90/><D102/><U49/><E133/><V125/><F125/><W35/><G131/><T39/><D39/><U107/><E107/><V88/><F129/><W130/><G130/><T86/><D111/><U12/><E128/><V23/><F37/><W13/><G98/><T92/><D79/><U28/><E28/><V91/><F116/><W68/><G68/><T84/><D25/><U121/><E121/><V56/><F119/><W15/><G31/><T103/><D103/><U71/><E66/><V46/><F26/><W22/><G35/><T135/><D135/><U38/><E83/><V62/><F46/><W50/><G77/><T8/><D8/><U0/><E0/><V106/><F106/><W93/><G93/><N who="0" m="54471" /><D61/><U64/><E64/><V57/><F57/><W10/><G2/><T99/><D99/><U96/><E96/><V1/><F1/><W73/><G22/><T67/><D67/><U4/><E71/><V100/><F100/><W127/><G127/><T55/><D55/><U82/><E69/><V89/><F89/><W48/><REACH who="3" step="1"/><G74/><REACH who="3" ten="490,170,170,160" step="2"/><T3/><D3/><U29/><E29/><AGARI ba="1,1" hai="23,24,29,51,53,56,58,62,65,88,91,95,97,101" machi="29" ten="30,12000,2" yaku="7,1,25,2,8,1,52,1,54,1" doraHai="18" who="2" fromWho="1" sc="490,0,170,-123,170,133,160,0" /><INIT seed="1,0,0,0,2,45" ten="490,47,303,160" oya="1" hai0="106,15,10,3,119,40,83,88,0,118,46,44,35" hai1="48,53,94,67,107,69,7,134,90,65,84,132,80" hai2="100,59,71,49,110,79,135,133,56,54,96,43,42" hai3="86,38,89,131,93,87,62,30,39,16,36,47,41"/><U127/><E107/><V130/><F71/><W126/><G131/><T57/><D35/><U23/><E127/><V124/><F79/><W108/><G126/><T50/><D106/><U109/><E109/><V82/><F82/><W72/><G72/><T105/><D105/><U9/><E69/><V111/><F124/><W112/><G112/><T8/><D57/><U99/><E23/><V117/><F117/><W18/><G108/><N who="2" m="41513" /><F130/><W2/><G2/><T103/><D103/><U26/><E26/><V125/><F125/><W32/><G62/><T101/><D101/><U13/><E134/><N who="2" m="51211" /><F59/><W81/><G30/><T34/><D83/><U37/><E37/><V4/><F4/><W1/><G1/><T24/><D0/><U98/><E132/><V51/><F51/><W73/><G73/><T14/><D50/><U75/><E75/><V128/><F128/><W104/><G104/><AGARI ba="0,0" hai="42,43,49,54,56,96,100,104" m="51211,41513" machi="104" ten="30,3900,0" yaku="14,1,20,1,52,1" doraHai="45" who="2" fromWho="3" sc="490,0,47,0,303,39,160,-39" /><INIT seed="2,0,0,3,5,113" ten="490,47,342,121" oya="2" hai0="130,96,36,64,38,71,45,0,22,15,17,67,103" hai1="110,12,14,4,1,76,111,49,28,84,69,118,61" hai2="70,21,24,86,41,79,35,134,127,2,55,6,128" hai3="32,23,7,10,57,47,88,108,121,129,60,50,98"/><V102/><F70/><W73/><G32/><T100/><D0/><U25/><E118/><V104/><F35/><W20/><G121/><T78/><D130/><U19/><E49/><V117/><F117/><W63/><G73/><T92/><D103/><U135/><E135/><V11/><F134/><W112/><G108/><T8/><D78/><U97/><E97/><V56/><F128/><W90/><G112/><T74/><D74/><U13/><E84/><V93/><F41/><N who="3" m="24943" /><G129/><T33/><D33/><N who="1" m="20623" /><E76/><V59/><F127/><W66/><G63/><T5/><D71/><U99/><E99/><V89/><F79/><W54/><G54/><T26/><D38/><U48/><E48/><V82/><F104/><W53/><G53/><T101/><D101/><U18/><E61/><V87/><F55/><W132/><G132/><T9/><D45/><U62/><E62/><V31/><F102/><W37/><G37/><T43/><D43/><U91/><E91/><N who="3" m="34858" /><G98/><T123/><D36/><U114/><E69/><V125/><F125/><W72/><G72/><T126/><D126/><U30/><E114/><V116/><F116/><W83/><G83/><T51/><D51/><U16/><E30/><V81/><F81/><W42/><G42/><T40/><D40/><U85/><E85/><V105/><F105/><W27/><G66/><T46/><D46/><U75/><E75/><V122/><F86/><W3/><G60/><T120/><D67/><U106/><E106/><V39/><F39/><W52/><G57/><N who="2" m="22089" /><F82/><W77/><G77/><T115/><D64/><U29/><E29/><V124/><F124/><RYUUKYOKU ba="0,0" sc="490,-15,47,15,342,15,121,-15" hai1="1,4,12,13,14,16,18,19,110,111" hai2="2,6,11,21,24,31,87,89,93,122" /><INIT seed="2,1,0,5,2,46" ten="475,62,357,106" oya="2" hai0="20,124,129,39,36,12,89,65,108,54,45,34,86" hai1="110,105,64,72,49,21,106,6,29,118,77,22,67" hai2="27,47,83,17,130,3,52,66,101,44,31,80,38" hai3="50,91,9,25,13,122,82,100,94,10,57,32,123"/><V87/><F3/><W51/><G122/><T0/><D34/><U26/><E118/><V43/><F130/><W97/><G123/><T104/><D0/><U135/><E110/><V19/><F66/><W98/><G32/><T113/><D104/><U30/><E135/><V116/><F101/><W93/><G25/><T99/><D113/><U132/><E132/><V14/><F116/><W1/><G1/><T102/><D65/><U120/><E120/><V75/><F75/><W7/><G10/><T56/><D124/><U69/><E26/><V84/><F14/><W59/><G82/><T23/><D108/><U126/><E77/><V128/><F128/><W85/><G98/><T8/><D129/><U63/><E63/><V81/><F87/><W103/><G103/><T96/><D45/><U62/><E62/><V131/><F84/><W133/><G133/><T2/><D39/><U40/><E40/><V109/><F109/><W79/><G79/><T73/><D36/><U90/><E90/><V121/><F121/><W111/><G111/><T53/><D73/><U61/><E61/><V125/><F125/><W15/><REACH who="3" step="1"/><G13/><REACH who="3" ten="475,62,357,96" step="2"/><T134/><D2/><U74/><E126/><V58/><F131/><W33/><G33/><T60/><D134/><U11/><E11/><V48/><REACH who="2" step="1"/><F44/><REACH who="2" ten="475,62,347,96" step="2"/><W119/><G119/><T4/><D102/><U16/><E74/><V55/><F55/><W18/><G18/><T92/><D54/><U114/><E16/><V117/><F117/><W115/><G115/><T28/><D28/><U37/><E114/><V5/><F5/><W107/><G107/><RYUUKYOKU ba="1,2" sc="475,10,62,-30,347,10,96,10" hai0="4,8,12,20,23,53,56,60,86,89,92,96,99" hai2="17,19,27,31,38,43,47,48,52,58,80,81,83" hai3="7,9,15,50,51,57,59,85,91,93,94,97,100" /><INIT seed="2,2,2,2,1,71" ten="485,32,357,106" oya="2" hai0="115,69,83,103,113,131,64,107,22,49,92,28,79" hai1="8,4,0,132,44,11,52,116,124,1,60,19,56" hai2="85,95,126,34,29,50,58,105,111,23,55,66,57" hai3="123,133,14,129,84,97,35,12,109,114,63,17,80"/><V106/><F34/><W42/><G123/><T130/><D107/><U31/><E116/><V112/><F112/><W99/><G114/><T88/><D103/><U118/><E118/><V110/><F126/><W72/><G35/><T40/><D64/><U65/><E31/><V15/><F105/><W27/><G72/><N who="0" m="43495" /><D69/><U102/><E102/><V90/><F106/><W74/><G74/><T104/><D104/><U128/><E124/><V87/><F87/><W30/><G129/><N who="0" m="49163" /><D49/><U91/><E128/><V117/><F117/><W61/><G133/><T25/><D40/><U68/><E132/><V73/><F73/><W48/><G30/><T51/><D51/><U100/><E100/><V75/><F75/><W59/><G63/><T16/><D28/><U82/><E19/><N who="2" m="10751" /><F29/><W54/><G27/><T24/><D24/><U134/><E134/><V76/><F76/><N who="3" m="46087" /><G12/><T37/><D37/><U32/><E32/><V96/><F96/><AGARI ba="2,2" hai="16,22,25,88,92,96,113,115" m="49163,43495" machi="96" ten="30,3900,0" yaku="19,1,54,2" doraHai="71" who="0" fromWho="2" sc="485,65,32,0,357,-45,106,0" /><INIT seed="3,0,0,1,1,81" ten="550,32,312,106" oya="3" hai0="54,122,109,13,6,9,80,61,18,89,127,60,131" hai1="1,106,94,69,42,4,105,33,10,19,17,117,51" hai2="35,0,53,72,79,126,38,123,104,128,111,41,102" hai3="29,12,124,37,15,11,59,130,85,75,125,73,27"/><W21/><G37/><T25/><D122/><U50/><E69/><V28/><F53/><W58/><G130/><T71/><D109/><U40/><E33/><V68/><F102/><W93/><G75/><T95/><D80/><U99/><E117/><V48/><F48/><W132/><G73/><T3/><D71/><U44/><E106/><V83/><F83/><W5/><G132/><T92/><D127/><N who="3" m="48713" /><G15/><T70/><D70/><U63/><E63/><V66/><F79/><W31/><G29/><T49/><D95/><U129/><E105/><V30/><F28/><W8/><G8/><T91/><D91/><AGARI ba="0,0" hai="5,11,12,21,27,31,58,59,85,91,93" m="48713" machi="91" ten="30,2900,0" yaku="18,1,52,1" doraHai="81" who="3" fromWho="0" sc="550,-29,32,0,312,0,106,29" /><INIT seed="3,1,0,3,4,41" ten="521,32,312,135" oya="3" hai0="84,66,31,21,129,112,70,91,117,89,11,32,90" hai1="123,93,34,30,128,46,104,119,50,71,25,122,12" hai2="126,82,125,55,80,94,75,15,78,96,113,18,37" hai3="2,81,76,43,65,134,79,115,35,8,77,27,3"/><W130/><G115/><T38/><D112/><U63/><E104/><V19/><F113/><W135/><G65/><T45/><D32/><U87/><E119/><V88/><F37/><W58/><G58/><T36/><D117/><U118/><E128/><V127/><F15/><W1/><G130/><T51/><D129/><U120/><E118/><V68/><F68/><W107/><G107/><T39/><D84/><U49/><E49/><V86/><REACH who="2" step="1"/><F55/><REACH who="2" ten="521,32,302,135" step="2"/><W5/><G134/><T124/><D39/><U132/><E12/><V69/><F69/><W0/><G135/><T83/><D38/><U114/><E132/><V103/><AGARI ba="1,1" hai="18,19,75,78,80,82,86,88,94,96,103,125,126,127" machi="103" ten="30,8000,1" yaku="1,1,0,1,18,1,54,1,53,1" doraHai="41" doraHaiUra="73" who="2" fromWho="2" sc="521,-21,32,-21,302,93,135,-41" /><INIT seed="4,0,0,0,0,81" ten="500,11,395,94" oya="0" hai0="86,59,68,64,61,104,19,37,120,94,123,1,80" hai1="9,96,11,15,132,135,74,77,56,114,7,107,124" hai2="110,121,85,133,126,111,65,35,89,22,46,29,45" hai3="55,69,33,117,25,12,3,98,58,40,82,50,24"/><T79/><D104/><U97/><E124/><V112/><F35/><W91/><G69/><T129/><D37/><U36/><E36/><V119/><F121/><W31/><G3/><T14/><D1/><U20/><E20/><V67/><F126/><W66/><G117/><T30/><D30/><U10/><E114/><V47/><F119/><W109/><G109/><T75/><D129/><U42/><E42/><V99/><F112/><W84/><G66/><T51/><D75/><U18/><E56/><V49/><F133/><N who="1" m="51273" /><E107/><V26/><F99/><N who="1" m="37961" /><E7/><V41/><F111/><W39/><G98/><T131/><D131/><U21/><E77/><V88/><F110/><W17/><G39/><T100/><D100/><U52/><E74/><V70/><F89/><W130/><G130/><T27/><D27/><U71/><E71/><V128/><F128/><W48/><G25/><T102/><D102/><U53/><AGARI ba="0,0" hai="9,10,11,15,18,21,52,53" m="37961,51273" machi="53" ten="40,2700,0" yaku="20,1,54,1" doraHai="81" who="1" fromWho="1" sc="500,-13,11,27,395,-7,94,-7" /><INIT seed="5,0,0,1,2,103" ten="487,38,388,87" oya="1" hai0="66,62,3,122,135,96,82,85,84,72,99,55,43" hai1="104,38,65,95,112,81,11,93,33,7,105,134,128" hai2="13,48,50,109,45,19,30,71,46,98,4,67,2" hai3="68,29,69,8,78,86,116,132,14,79,89,73,22"/><U1/><E33/><V53/><F30/><W131/><G73/><T23/><D3/><U15/><E38/><V24/><F2/><W87/><G69/><T61/><D72/><U26/><E65/><V59/><F71/><W94/><G68/><T58/><D43/><U92/><E26/><V107/><F109/><W111/><G111/><T97/><D135/><U49/><E134/><V106/><F4/><W118/><G132/><T37/><D37/><U127/><E1/><V5/><F5/><N who="3" m="3343" /><G131/><T126/><D126/><U125/><E128/><V110/><F24/><N who="3" m="16535" /><G87/><T114/><D84/><U100/><E100/><V102/><F110/><W51/><G51/><T6/><D6/><U31/><E31/><V130/><F130/><W27/><G27/><T101/><D101/><U9/><E9/><V77/><F77/><W60/><G60/><T90/><D122/><U91/><E49/><V18/><F67/><W115/><G115/><T34/><D114/><U129/><E129/><V47/><F50/><W76/><G118/><T57/><REACH who="0" step="1"/><D23/><REACH who="0" ten="477,38,388,87" step="2"/><U56/><E112/><V54/><F54/><W21/><G116/><T80/><D80/><U74/><E56/><V17/><REACH who="2" step="1"/><F13/><REACH who="2" ten="477,38,378,87" step="2"/><W117/><G117/><T121/><D121/><U42/><E42/><V28/><F28/><W75/><G75/><T70/><D70/><U108/><E108/><V40/><F40/><W16/><G78/><T124/><D124/><N who="1" m="47691" /><E91/><V52/><F52/><W12/><AGARI ba="0,2" hai="12,16,21,76,79,86,89,94" m="16535,3343" machi="12" ten="30,2000,0" yaku="8,1,54,1" doraHai="103" who="3" fromWho="3" sc="477,-5,38,-10,378,-5,87,40" /><INIT seed="6,0,0,1,3,48" ten="472,28,373,127" oya="2" hai0="108,62,42,36,127,88,19,18,25,73,80,39,64" hai1="29,0,9,134,34,56,91,4,107,99,46,128,79" hai2="13,1,89,45,121,16,8,90,96,60,131,58,104" hai3="78,126,132,122,65,49,103,24,40,21,7,118,10"/><V81/><F121/><W119/><G122/><T28/><D108/><U82/><E128/><V95/><F131/><W105/><G78/><T57/><D127/><U71/><E71/><V74/><F104/><W30/><G105/><T83/><D83/><U26/><E134/><V116/><F116/><W32/><G103/><T130/><D130/><U109/><E109/><V14/><F1/><N who="3" m="367" /><G49/><T106/><D106/><U61/><E46/><V84/><F74/><W101/><G101/><T135/><D135/><U54/><E107/><V93/><F45/><W98/><G98/><T112/><D112/><U44/><E44/><V94/><REACH who="2" step="1"/><F14/><REACH who="2" ten="472,28,363,127" step="2"/><W50/><G119/><T53/><D73/><U17/><E17/><V35/><F35/><W27/><G118/><T47/><D39/><U33/><E33/><V115/><F115/><W59/><G132/><T67/><D19/><U68/><E68/><V72/><F72/><W85/><G32/><T86/><D18/><U31/><E31/><V11/><F11/><W20/><G30/><T70/><D70/><U110/><E110/><V63/><F63/><W69/><G69/><T3/><D3/><U76/><REACH who="1" step="1"/><E99/><REACH who="1" ten="472,18,363,127" step="2"/><V111/><F111/><W77/><G126/><T12/><D12/><U2/><E2/><V22/><F22/><AGARI ba="0,2" hai="22,25,28,36,42,47,53,57,62,64,67,80,86,88" machi="22" ten="30,3900,0" yaku="7,1,52,1,54,1" doraHai="48" who="0" fromWho="2" sc="472,59,18,0,363,-39,127,0" /><INIT seed="7,0,0,1,0,97" ten="531,18,324,127" oya="3" hai0="107,6,35,59,56,100,33,20,121,69,46,78,120" hai1="31,43,111,122,30,23,98,67,127,118,13,62,81" hai2="65,12,47,119,93,0,55,130,53,128,71,2,32" hai3="102,73,54,37,113,3,38,66,125,52,95,131,4"/><W114/><G73/><T109/><D69/><U123/><E118/><V75/><F32/><W48/><G66/><T49/><D109/><U21/><E111/><V90/><F12/><W72/><G72/><T7/><D78/><U87/><E43/><V19/><F19/><W79/><G79/><T45/><D107/><U14/><E127/><V104/><F104/><W85/><G131/><T40/><D100/><U9/><E123/><V133/><F93/><W126/><G4/><T60/><D49/><U76/><E122/><V22/><F90/><N who="3" m="53711" /><G3/><T70/><D60/><U44/><E44/><V77/><F65/><W92/><G38/><T26/><D70/><U115/><E115/><N who="3" m="44042" /><G37/><T129/><D129/><U134/><E134/><V88/><F0/><W58/><G54/><T16/><D40/><U29/><E98/><AGARI ba="0,0" hai="48,52,58,92,98,102,125,126" m="44042,53711" machi="98" ten="30,5800,0" yaku="15,1,52,1,54,1" doraHai="97" who="3" fromWho="1" sc="531,0,18,-58,324,0,127,58" owari="531,63.0,-40,-54.0,324,12.0,185,-21.0" /></mjloggm>