<mjloggm ver="2.3"><GO type="225" lobby="0"/><UN n0="%E5%85%88%E2%99%80%E7%94%9F" n1="%E5%B0%B1%E6%B4%BB%E7%94%9F%40%E5%B7%9D%E6%9D%91%E8%BB%8D%E5%9B%A3" n2="%65%76%61%63%61%6E%69%61" n3="%76%69%62%72%61%74%65" dan="16,16,16,16" rate="2152.95,2073.33,2078.26,2053.07" sx="F,M,M,M"/><TAIKYOKU oya="0"/><INIT seed="0,0,0,5,4,121" ten="250,250,250,250" oya="0" hai0="94,126,34,8,66,90,39,27,97,13,87,7,1" hai1="16,104,57,99,6,44,132,95,128,69,127,50,19" hai2="25,49,98,82,115,119,5,102,83,51,47,60,63" hai3="14,61,105,81,73,45,88,29,9,129,54,11,106"/><T123/><D123/><U116/><E69/><V125/><F115/><W91/><G129/><T46/><D126/><U77/><E116/><V64/><F125/><W30/><G73/><T65/><D1/><U32/><E104/><V0/><F119/><W31/><G61/><T53/><D39/><U118/><E32/><V21/><F5/><W124/><G124/><T117/><D117/><U79/><E118/><V67/><F0/><W26/><G106/><T62/><D34/><U78/><E127/><V38/><F38/><W23/><G105/><T112/><D112/><U80/><E128/><V74/><F74/><W108/><G108/><T4/><D4/><U2/><E132/><V12/><F12/><W55/><G91/><T72/><D72/><U130/><E130/><V43/><F51/><N who="3" m="29039" /><G55/><T20/><D87/><U68/><E68/><V71/><F63/><W56/><G56/><N who="0" m="35087" /><D46/><U75/><E57/><V131/><F67/><W103/><G103/><T110/><D110/><U52/><E75/><V122/><F131/><W100/><G9/><T35/><D35/><U93/><E80/><V109/><F109/><W10/><G10/><T28/><AGARI ba="0,0" hai="7,8,13,20,27,28,65,66,90,94,97" m="35087" machi="28" ten="30,1500,0" yaku="8,1" doraHai="121" who="0" fromWho="0" sc="250,15,250,-5,250,-5,250,-5" /><INIT seed="0,1,0,1,2,129" ten="265,245,245,245" oya="0" hai0="53,108,132,12,125,75,21,55,123,116,88,67,102" hai1="60,4,110,79,72,120,99,69,39,50,85,30,133" hai2="35,57,9,82,48,71,100,16,83,34,47,0,98" hai3="111,84,17,15,112,45,115,95,97,73,81,5,107"/><T135/><D116/><U92/><E120/><V49/><F71/><W131/><G131/><T32/><D123/><U38/><E72/><V104/><F57/><W65/><G73/><T42/><D32/><U64/><E110/><V91/><F49/><W43/><G111/><T121/><D121/><U25/><E4/><V117/><F117/><W119/><G119/><T58/><D108/><U29/><E29/><V18/><F18/><W114/><G107/><T36/><D75/><U51/><E133/><N who="0" m="51273" /><D125/><U105/><E85/><V90/><F83/><W103/><G5/><T113/><D113/><U77/><E51/><V20/><F82/><W86/><G65/><T19/><D102/><N who="1" m="62687" /><E50/><V66/><F66/><W10/><G81/><T11/><D88/><U76/><E92/><V27/><F34/><AGARI ba="1,0" hai="25,30,34,38,39,60,64,69,76,77,79" m="62687" machi="34" ten="30,1000,0" yaku="25,1" doraHai="129" who="1" fromWho="2" sc="265,0,245,13,245,-13,245,0" /><INIT seed="1,0,0,5,0,55" ten="265,258,232,245" oya="1" hai0="47,28,82,124,35,72,79,83,113,95,62,105,42" hai1="118,75,51,122,36,64,46,25,73,10,91,27,87" hai2="107,38,17,41,0,20,52,86,119,50,30,43,127" hai3="23,16,84,6,74,48,5,103,76,2,56,40,49"/><U85/><E118/><V45/><F119/><W67/><G74/><T7/><D113/><U135/><E36/><V65/><F107/><W57/><G2/><T126/><D105/><U111/><E122/><V93/><F127/><N who="0" m="48682" /><D7/><N who="3" m="2569" /><G103/><T116/><D116/><U24/><E135/><V14/><F0/><W37/><G67/><T34/><D28/><U125/><E125/><V44/><F65/><W80/><G37/><N who="0" m="21967" /><D95/><U31/><E31/><V22/><F43/><W88/><G76/><N who="0" m="44295" /><D62/><U11/><E111/><V66/><F66/><W26/><G40/><T69/><D69/><U70/><E70/><V102/><F30/><W77/><G77/><T68/><D68/><U132/><E64/><V9/><REACH who="2" step="1"/><F102/><REACH who="2" ten="265,258,222,245" step="2"/><W129/><G129/><T71/><D71/><U1/><E1/><V121/><F121/><W92/><G80/><T133/><D133/><U19/><E132/><V32/><F32/><W39/><G39/><T108/><D108/><U101/><E101/><V115/><F115/><W110/><G110/><T15/><D15/><U130/><E27/><V8/><F8/><W53/><G53/><T100/><D100/><U114/><E10/><V54/><F54/><W97/><G97/><T21/><D21/><U89/><E130/><V4/><F4/><W117/><G117/><T13/><D13/><N who="1" m="7615" /><E114/><V81/><F81/><W96/><G96/><T59/><D35/><U98/><E25/><V78/><F78/><W3/><G3/><T61/><D34/><U12/><E24/><V29/><F29/><W106/><G106/><T18/><D79/><U134/><E12/><V90/><AGARI ba="0,1" hai="9,14,17,20,22,38,41,44,45,50,52,86,90,93" machi="90" ten="30,7900,0" yaku="1,1,5,1,0,1,54,1,53,0" doraHai="55" doraHaiUra="60" who="2" fromWho="2" sc="265,-20,258,-39,222,89,245,-20" /><INIT seed="2,0,0,5,0,86" ten="245,219,311,225" oya="2" hai0="78,61,122,110,74,33,63,111,14,58,88,50,52" hai1="116,31,82,2,89,118,25,3,0,62,114,23,115" hai2="96,7,40,112,121,119,73,123,120,91,39,129,45" hai3="5,55,13,81,57,56,9,95,104,99,42,43,133"/><V93/><F112/><N who="1" m="43049" /><E62/><V37/><F119/><N who="1" m="45609" /><E82/><V22/><F129/><W51/><G133/><T36/><D122/><U135/><E89/><V48/><F73/><W128/><G128/><T103/><D33/><U44/><E44/><V72/><F72/><W70/><G70/><T11/><D36/><U29/><E135/><V124/><F124/><W18/><G104/><T75/><D103/><U100/><E100/><V97/><F7/><W131/><G131/><T109/><D75/><U26/><E26/><V106/><F106/><W59/><G81/><N who="0" m="45271" /><D88/><U66/><E66/><V134/><F134/><W53/><G59/><T12/><D12/><U127/><E127/><V1/><F97/><W6/><G43/><T98/><D98/><U38/><E38/><V79/><F79/><W16/><G42/><T113/><D113/><U132/><E132/><V80/><F80/><W32/><G32/><T108/><D108/><U126/><E126/><V92/><F92/><W27/><G55/><T28/><D28/><AGARI ba="0,0" hai="0,2,3,23,25,28,29,31" m="45609,43049" machi="28" ten="40,2600,0" yaku="34,2" doraHai="86" who="1" fromWho="0" sc="245,-26,219,26,311,0,225,0" /><INIT seed="3,0,0,5,1,41" ten="219,245,311,225" oya="3" hai0="36,23,50,9,21,2,80,113,112,48,13,74,120" hai1="56,105,134,95,98,6,59,94,90,51,73,132,123" hai2="97,55,135,37,46,45,104,0,68,86,15,72,100" hai3="82,29,49,78,67,43,8,125,114,101,47,64,44"/><W115/><G125/><T60/><D120/><U17/><E73/><V7/><F72/><W89/><G101/><T4/><D36/><U25/><E123/><V35/><F68/><W40/><G29/><T116/><D116/><U12/><E105/><V33/><F0/><W83/><G89/><T129/><D129/><U38/><E38/><V52/><F33/><W30/><G30/><T93/><D93/><U127/><E127/><V63/><F35/><W131/><G8/><T19/><D23/><N who="1" m="13551" /><E94/><V53/><F37/><W11/><G11/><T66/><D80/><U96/><E96/><V122/><F135/><N who="1" m="51753" /><E51/><V126/><F126/><W79/><G49/><T70/><REACH who="0" step="1"/><D74/><REACH who="0" ten="209,245,311,225" step="2"/><U26/><E26/><V54/><F122/><W118/><G118/><T58/><D58/><U57/><E57/><V92/><F92/><W133/><G133/><T85/><D85/><U5/><E59/><V28/><F86/><W81/><G81/><T99/><D99/><U103/><E56/><V71/><F97/><W42/><G42/><T62/><D62/><U130/><E130/><AGARI ba="0,1" hai="40,43,44,47,64,67,78,79,82,83,114,115,130,131" machi="130" ten="25,9600,0" yaku="22,2,52,2" doraHai="41" who="3" fromWho="1" sc="209,0,245,-96,311,0,225,106" owari="209,-19.0,149,-35.0,311,11.0,331,43.0" /></mjloggm>