<mjloggm ver="2.3"><GO type="169" lobby="0"/><UN n0="%CE%BC%E3%81%97%E3%82%82%E3%81%A7" n1="%6D%6F%6D%6F%2D" n2="%74%6F%72%69%30%36%31%32" n3="%E5%B0%B1%E6%B4%BB%E7%94%9F%40%E5%B7%9D%E6%9D%91%E8%BB%8D%E5%9B%A3" dan="17,17,17,17" rate="2154.40,2146.77,2142.54,2189.77" sx="M,M,M,M"/><TAIKYOKU oya="0"/><INIT seed="0,0,0,4,1,24" ten="250,250,250,250" oya="0" hai0="54,4,105,86,60,36,80,52,102,12,113,82,73" hai1="91,122,123,7,57,128,135,111,121,64,62,1,74" hai2="83,84,37,124,63,29,14,94,10,20,100,59,16" hai3="58,97,89,108,119,133,112,107,2,25,109,23,93"/><T30/><D113/><U38/><E38/><V47/><F124/><W130/><G112/><T70/><D36/><U127/><E74/><V26/><F37/><W40/><G2/><T11/><D73/><U31/><E127/><V76/><F47/><W72/><G72/><T35/><D105/><U131/><E111/><V125/><F125/><W6/><G6/><T114/><D102/><U129/><E135/><V51/><F51/><W18/><G119/><T13/><D82/><U50/><E7/><V77/><F94/><W118/><G118/><T79/><D114/><U3/><E91/><N who="2" m="51615" /><F100/><W49/><G130/><T9/><D70/><U33/><REACH who="1" step="1"/><E50/><REACH who="1" ten="250,240,250,250" step="2"/><V55/><AGARI ba="0,1" hai="10,14,16,20,26,29,55,59,63,76,77" m="51615" machi="55" ten="30,4000,0" yaku="8,1,52,1,54,1" doraHai="24" who="2" fromWho="2" sc="250,-20,240,-10,250,50,250,-10" /><INIT seed="1,0,0,1,0,16" ten="230,230,300,240" oya="1" hai0="64,68,7,119,89,31,44,72,17,120,27,65,70" hai1="35,32,38,1,42,49,96,129,80,94,28,98,48" hai2="52,122,21,75,30,102,104,107,105,83,41,121,124" hai3="23,103,76,106,100,3,127,134,86,78,18,26,24"/><U14/><E1/><V99/><F41/><W128/><G3/><T13/><D119/><U54/><E38/><V91/><F30/><W39/><G39/><T73/><D120/><N who="2" m="46186" /><F52/><W74/><G74/><T12/><D44/><U77/><E129/><V79/><F21/><N who="3" m="13367" /><G106/><N who="2" m="41065" /><F91/><W114/><G134/><T45/><D45/><U33/><E14/><V60/><F60/><W125/><G114/><T61/><D89/><U66/><E66/><V90/><F90/><W46/><G46/><T85/><D7/><U132/><E42/><V84/><F124/><N who="3" m="47691" /><G128/><T51/><D51/><U67/><E67/><V50/><F50/><W0/><G0/><T8/><D13/><U118/><E49/><V10/><F10/><W88/><G100/><T81/><D65/><U115/><E115/><V22/><F22/><W63/><G63/><T40/><D40/><U123/><E123/><V87/><AGARI ba="0,0" hai="75,79,83,84,87,99,102,107" m="41065,46186" machi="87" ten="40,2700,0" yaku="34,2" doraHai="16" who="2" fromWho="2" sc="230,-7,230,-13,300,27,240,-7" /><INIT seed="2,0,0,1,0,28" ten="223,217,327,233" oya="2" hai0="16,112,25,46,114,62,72,102,0,45,118,9,20" hai1="37,129,23,6,93,108,61,100,83,107,104,54,92" hai2="101,35,95,44,119,3,132,49,121,33,30,41,78" hai3="128,1,48,87,127,124,51,59,115,91,69,47,27"/><V56/><F3/><W135/><G1/><T73/><D118/><U34/><E34/><V12/><F119/><W70/><G128/><T42/><D102/><U81/><E37/><V15/><F121/><W65/><G135/><T90/><D90/><U43/><E43/><V88/><F101/><W105/><G105/><T52/><D46/><U7/><E23/><V66/><F78/><W79/><G79/><T116/><D116/><U74/><E100/><V63/><F132/><W76/><G76/><T71/><D71/><U75/><E61/><V11/><F30/><W82/><G27/><T40/><D40/><U2/><E2/><V29/><F29/><W131/><G131/><T58/><D73/><U8/><E54/><V106/><F15/><W4/><G4/><T10/><D72/><U17/><E17/><V21/><F21/><W77/><G77/><T67/><D67/><U24/><E24/><V50/><F50/><W57/><G51/><T98/><D98/><U5/><E8/><V32/><F106/><W64/><G70/><T68/><D68/><U53/><E6/><V96/><F35/><W39/><G39/><T22/><D22/><U26/><E26/><V94/><F94/><W111/><G69/><T122/><D122/><U36/><E36/><V133/><F133/><W97/><G65/><T14/><D0/><U109/><E129/><V113/><F113/><N who="0" m="43626" /><D25/><U60/><E53/><V86/><F96/><W134/><G97/><T38/><D38/><U99/><E99/><V123/><F123/><W80/><G64/><T103/><D103/><U18/><E60/><RYUUKYOKU ba="0,0" sc="223,10,217,10,327,10,233,-30" hai0="9,10,14,16,20,42,45,52,58,62" hai1="5,7,18,74,75,81,83,92,93,104,107,108,109" hai2="11,12,32,33,41,44,49,56,63,66,86,88,95" /><INIT seed="2,1,0,0,3,79" ten="233,227,337,203" oya="2" hai0="35,66,101,19,51,1,38,58,91,44,28,132,98" hai1="113,106,127,55,68,95,33,103,39,5,117,31,7" hai2="65,49,114,83,122,12,27,108,17,41,87,29,45" hai3="62,13,90,107,40,53,116,135,81,64,18,96,9"/><V104/><F104/><W130/><G116/><T131/><D1/><U118/><E95/><V100/><F122/><W70/><G130/><T42/><D131/><U129/><E55/><V60/><F114/><W73/><G135/><T88/><D132/><U109/><E103/><V75/><F75/><W48/><G40/><T133/><D133/><U112/><E31/><V82/><F100/><W105/><G96/><T14/><D28/><U30/><E30/><V22/><F87/><W86/><REACH who="3" step="1"/><G73/><REACH who="3" ten="233,227,337,193" step="2"/><T52/><D35/><U21/><E33/><V11/><F108/><W16/><G16/><T126/><D126/><U121/><E109/><V110/><F110/><W56/><AGARI ba="1,1" hai="9,13,18,48,53,56,62,64,70,81,86,90,105,107" machi="56" ten="20,12000,2" yaku="1,1,0,1,7,1,52,1,53,2" doraHai="79" doraHaiUra="102" who="3" fromWho="3" sc="233,-31,227,-31,337,-61,193,133" /><INIT seed="3,0,0,1,0,123" ten="202,196,276,326" oya="3" hai0="121,47,67,134,71,65,70,90,76,107,22,55,12" hai1="125,75,115,89,126,13,117,110,120,93,128,109,66" hai2="49,104,130,92,21,41,46,0,29,83,14,116,78" hai3="94,113,77,26,48,39,3,103,5,97,56,63,86"/><W101/><G39/><T88/><D121/><U85/><E120/><V81/><F104/><W10/><G113/><T52/><D107/><U19/><E115/><V84/><F116/><W42/><G101/><T40/><D134/><U25/><E75/><V98/><F0/><W1/><G26/><T32/><D32/><U50/><E117/><V45/><F130/><W16/><G3/><T108/><D76/><U51/><E66/><V36/><F81/><W18/><G42/><T20/><D12/><U111/><E25/><V37/><F46/><W135/><G48/><N who="1" m="18474" /><E128/><V112/><F112/><W53/><REACH who="3" step="1"/><G135/><REACH who="3" ten="202,196,276,316" step="2"/><T100/><D100/><U68/><E68/><V91/><F14/><W17/><G17/><T129/><D129/><U15/><E15/><V31/><F31/><W62/><G62/><T27/><D27/><U44/><E44/><V60/><F60/><W96/><G96/><T34/><D47/><U28/><E28/><V57/><F36/><W127/><G127/><T33/><D40/><U59/><E59/><V69/><F69/><W79/><G79/><T9/><D9/><AGARI ba="0,1" hai="9,13,19,85,89,93,109,110,111,125,126" m="18474" machi="9" ten="40,8000,1" yaku="14,1,52,3" doraHai="123" who="1" fromWho="0" sc="202,-80,196,90,276,0,316,0" /><INIT seed="4,0,0,5,5,117" ten="122,286,276,316" oya="0" hai0="20,88,11,61,97,52,73,75,108,95,79,129,77" hai1="71,25,29,6,27,125,4,86,63,83,122,10,84" hai2="133,132,115,131,3,70,64,21,33,90,13,120,41" hai3="34,134,5,0,66,7,85,111,54,82,67,60,128"/><T19/><D129/><U39/><E39/><V38/><F90/><W57/><G111/><T107/><D108/><U43/><E43/><V130/><F13/><W17/><G34/><T62/><D107/><U68/><E125/><V109/><F21/><W14/><G128/><N who="2" m="49193" /><F3/><W76/><G134/><N who="2" m="51817" /><F33/><W26/><G26/><N who="0" m="14623" /><D62/><U99/><E63/><N who="2" m="40223" /><F109/><W31/><G31/><T113/><D75/><U119/><E29/><V16/><F16/><W93/><G0/><T53/><D73/><U9/><E83/><V91/><F91/><W80/><G80/><T59/><D113/><U127/><E99/><V72/><F72/><W135/><G135/><T114/><D114/><U104/><E104/><V98/><F98/><W45/><G93/><T8/><D53/><U106/><E106/><V12/><F12/><W123/><G67/><T92/><D92/><U2/><E2/><V81/><F81/><W44/><G66/><T32/><D32/><U103/><E103/><V37/><F115/><W56/><G7/><T49/><D49/><U121/><E119/><V15/><F15/><W69/><G5/><T22/><D22/><U55/><E4/><V96/><F96/><W112/><G112/><T118/><D118/><U89/><E6/><V102/><F102/><W47/><G82/><T110/><D110/><U124/><E89/><V100/><F100/><W58/><G85/><T36/><D36/><N who="2" m="13930" /><F41/><W46/><G17/><T50/><D61/><U23/><E23/><V74/><F74/><W1/><N who="3" m="11776" /><DORA hai="48" /><W78/><G60/><T65/><D65/><U24/><E24/><V42/><F42/><RYUUKYOKU ba="0,0" sc="122,10,286,10,276,10,316,-30" hai0="8,11,50,52,59,77,79,88,95,97" hai1="9,10,25,27,55,68,71,84,86,121,122,124,127" hai2="120" /><INIT seed="4,1,0,5,2,11" ten="132,296,286,286" oya="0" hai0="42,84,41,85,14,68,43,74,98,125,45,26,122" hai1="51,32,53,72,20,99,108,132,120,0,62,18,54" hai2="105,1,77,3,90,78,76,106,71,47,57,10,28" hai3="82,100,38,94,107,70,88,17,128,118,48,7,66"/><T6/><D122/><U102/><E32/><V129/><F71/><W133/><G38/><T121/><D121/><U117/><E120/><V2/><F129/><W79/><G118/><T73/><D68/><U91/><E72/><V59/><F28/><W130/><G7/><T123/><D123/><U86/><E0/><V95/><F47/><W80/><G133/><T92/><D125/><U44/><E132/><V87/><REACH who="2" step="1"/><F10/><REACH who="2" ten="132,296,276,286" step="2"/><W67/><G70/><T24/><D45/><U16/><E108/><V50/><F50/><W25/><G48/><T52/><D73/><U22/><E117/><V110/><F110/><W46/><G46/><T126/><D74/><U112/><E22/><V61/><F61/><W56/><G130/><T63/><D126/><U116/><E116/><V83/><F83/><W124/><G82/><T97/><D63/><U4/><E20/><V29/><F29/><W13/><G80/><T113/><D113/><U5/><E112/><V15/><F15/><W89/><G13/><T58/><D24/><U36/><E36/><V111/><F111/><W64/><G128/><T49/><D26/><U31/><E31/><V75/><F75/><W104/><G25/><T93/><D14/><U81/><E62/><V19/><F19/><W55/><G17/><T23/><D23/><U27/><E27/><V65/><F65/><W39/><G124/><T69/><D69/><U96/><E18/><V33/><F33/><W119/><G39/><T109/><D109/><U40/><E16/><V60/><F60/><W9/><G119/><T30/><D30/><U115/><E115/><RYUUKYOKU ba="1,1" sc="132,-10,296,-10,276,30,286,-10" hai2="1,2,3,57,59,76,77,78,87,90,95,105,106" /><INIT seed="5,2,1,4,2,98" ten="122,286,306,276" oya="1" hai0="69,18,59,49,99,38,40,52,97,85,73,43,34" hai1="128,4,127,62,118,88,61,102,132,112,65,89,113" hai2="3,33,23,76,82,110,105,79,67,90,11,37,6" hai3="130,17,101,42,50,122,71,108,56,39,134,103,20"/><U77/><E118/><V51/><F37/><W36/><G108/><T78/><D73/><U81/><E132/><V115/><F33/><W9/><G71/><T46/><D34/><U24/><E128/><V114/><F110/><W126/><G122/><T13/><D69/><U53/><E127/><V19/><F67/><W31/><G126/><T22/><D40/><U96/><E4/><V135/><F105/><W57/><G130/><T133/><D133/><U92/><E24/><N who="2" m="14463" /><F51/><W106/><G106/><T35/><D35/><U129/><E129/><V80/><F135/><W70/><G70/><T54/><D54/><U84/><E53/><V72/><F90/><N who="1" m="34921" /><E65/><V68/><F68/><W123/><G123/><T21/><REACH who="0" step="1"/><D22/><REACH who="0" ten="112,286,306,276" step="2"/><U28/><E112/><N who="2" m="43051" /><F72/><W27/><G39/><T14/><D14/><U66/><E113/><V109/><F109/><W94/><G36/><T95/><D95/><U10/><E66/><V93/><F93/><W91/><G134/><T83/><AGARI ba="2,2" hai="13,18,21,38,43,46,49,52,59,78,83,85,97,99" machi="83" ten="30,4000,0" yaku="1,1,0,1,54,1,53,0" doraHai="98" doraHaiUra="120" who="0" fromWho="0" sc="112,66,286,-22,306,-12,276,-12" /><INIT seed="6,0,0,0,4,26" ten="178,264,294,264" oya="2" hai0="105,112,51,9,28,90,50,107,76,101,15,106,55" hai1="25,122,132,63,72,135,24,33,22,18,31,92,21" hai2="78,126,16,81,20,38,129,54,58,61,103,98,80" hai3="56,97,104,87,116,123,66,4,110,53,14,49,29"/><V83/><F38/><W131/><G110/><T30/><D101/><U5/><E72/><V27/><F126/><W3/><G3/><T8/><D112/><U13/><E63/><V109/><F129/><W52/><G116/><T34/><D34/><U17/><E92/><V120/><F120/><W118/><G118/><T119/><D119/><U91/><E91/><V121/><F121/><W19/><G131/><T44/><D76/><U45/><E45/><V94/><REACH who="2" step="1"/><F109/><REACH who="2" ten="178,264,284,264" step="2"/><W7/><G123/><T117/><D117/><U32/><E122/><V57/><F57/><W10/><G104/><T74/><D74/><AGARI ba="0,1" hai="16,20,27,54,58,61,74,78,80,81,83,94,98,103" machi="74" ten="30,5800,0" yaku="1,1,7,1,54,1,53,0" doraHai="26" doraHaiUra="108" who="2" fromWho="0" sc="178,-58,264,0,284,68,264,0" /><INIT seed="6,1,0,5,0,10" ten="120,264,352,264" oya="2" hai0="97,78,82,105,77,83,42,48,11,124,84,70,131" hai1="21,117,40,106,66,64,28,65,32,19,3,92,79" hai2="22,125,74,112,91,95,5,128,134,31,93,23,12" hai3="135,38,53,113,121,58,49,68,8,1,59,116,16"/><V127/><F74/><W63/><G116/><T45/><D131/><U72/><E106/><V110/><F128/><W126/><G121/><T25/><D124/><N who="2" m="47690" /><F112/><W60/><G126/><T41/><D70/><U69/><E69/><V85/><F134/><W67/><G38/><T81/><D105/><U133/><E133/><V6/><F110/><W115/><G135/><T15/><D97/><U132/><E132/><V98/><F31/><W17/><G1/><T73/><D25/><U123/><E3/><V7/><F12/><W111/><G111/><T118/><D118/><U51/><E72/><V80/><F95/><W101/><G101/><AGARI ba="1,0" hai="5,6,7,22,23,80,85,91,93,98,101" m="47690" machi="101" ten="30,1500,0" yaku="18,1" doraHai="10" who="2" fromWho="3" sc="120,0,264,0,352,18,264,-18" /><INIT seed="6,2,0,5,2,28" ten="120,264,370,246" oya="2" hai0="46,125,70,49,67,60,19,117,13,25,90,115,58" hai1="26,82,80,106,18,29,3,91,52,103,88,15,72" hai2="130,50,114,97,9,124,73,44,74,32,76,131,85" hai3="63,43,94,116,98,121,59,69,133,84,71,55,6"/><V92/><F9/><W95/><G121/><T16/><D117/><U4/><E103/><V77/><F32/><W36/><G116/><T11/><D125/><U135/><E106/><V123/><F123/><W128/><G128/><N who="2" m="49193" /><F124/><W96/><G6/><T107/><D115/><U86/><E135/><V37/><F37/><W20/><G133/><T47/><D107/><U129/><E129/><V62/><F62/><W5/><G5/><T7/><D70/><U83/><E72/><N who="2" m="27755" /><F85/><W81/><G20/><T109/><D109/><U89/><E3/><V104/><F104/><W101/><G43/><T99/><D25/><U118/><E4/><V48/><F48/><W100/><G36/><T64/><D64/><U54/><E118/><V12/><F12/><W0/><G0/><T2/><D2/><U122/><E122/><V110/><F110/><W10/><G10/><T42/><REACH who="0" step="1"/><D46/><REACH who="0" ten="110,264,370,246" step="2"/><U23/><REACH who="1" step="1"/><E86/><REACH who="1" ten="110,254,370,246" step="2"/><V27/><F114/><W111/><G111/><T21/><D21/><AGARI ba="2,2" hai="15,18,21,23,26,29,52,54,80,82,83,88,89,91" machi="21" ten="40,8000,1" yaku="1,1,2,1,8,1,54,2,53,0" doraHai="28" doraHaiUra="119" who="1" fromWho="0" sc="110,-86,254,106,370,0,246,0" /><INIT seed="7,0,0,3,5,77" ten="24,360,370,246" oya="3" hai0="55,53,57,90,62,61,44,5,27,13,135,47,124" hai1="127,111,125,41,115,10,129,100,105,81,22,97,73" hai2="70,4,96,35,92,95,34,8,108,80,16,94,36" hai3="82,56,31,79,107,109,7,122,113,84,65,15,20"/><W132/><G122/><T3/><D3/><U75/><E111/><V24/><F70/><W29/><G109/><T32/><D32/><U130/><E115/><V69/><F69/><W106/><G113/><T37/><D27/><U11/><E41/><V23/><F36/><W89/><G132/><T114/><D13/><U134/><E22/><V123/><F123/><W14/><G106/><T46/><D5/><U66/><E66/><V112/><F112/><W118/><G107/><T21/><D21/><U86/><E134/><V39/><F39/><W68/><G68/><T9/><D9/><N who="1" m="3083" /><E75/><V43/><F43/><W102/><G102/><T133/><D90/><N who="1" m="51535" /><E73/><V85/><F96/><W18/><G118/><T6/><D6/><U117/><E117/><V28/><F28/><W88/><G14/><T128/><D114/><U119/><E119/><V126/><F126/><AGARI ba="0,0" hai="97,100,105,125,126,127,129,130" m="51535,3083" machi="126" ten="30,2000,0" yaku="18,1,52,1" doraHai="77" who="1" fromWho="2" sc="24,0,360,20,370,-20,246,0" owari="24,-48.0,380,48.0,350,15.0,246,-15.0" /></mjloggm>