<mjloggm ver="2.3"><GO type="169" lobby="0"/><UN n0="%E8%93%AE%E5%B1%B1" n1="%E3%81%BF%E3%81%8D%E3%81%BF%E3%81%8D%E2%99%AA" n2="%72%79%6F%E2%80%A6%31%35" n3="%E3%82%A6%E3%83%AB%E3%83%88%E3%83%A9%E7%AB%8B%E7%9B%B4" dan="16,17,16,17" rate="2102.46,2147.59,2142.62,2145.12" sx="M,M,M,M"/><TAIKYOKU oya="0"/><INIT seed="0,0,0,3,0,52" ten="250,250,250,250" oya="0" hai0="59,57,39,120,47,21,42,95,126,1,69,74,77" hai1="116,119,102,58,10,118,60,54,61,100,73,46,82" hai2="32,30,132,53,64,43,108,106,91,31,37,83,0" hai3="2,9,78,48,26,18,44,15,68,103,62,101,23"/><T45/><D120/><U85/><E73/><V133/><F106/><W66/><G78/><T11/><D69/><U7/><E46/><N who="2" m="23919" /><F108/><W34/><G34/><T87/><D126/><U29/><E29/><V124/><F0/><W12/><G12/><T112/><D47/><U79/><REACH who="1" step="1"/><E61/><REACH who="1" ten="250,240,250,250" step="2"/><V14/><F30/><W96/><G44/><T13/><D112/><U67/><E67/><V113/><F64/><W72/><G72/><T104/><D74/><U51/><E51/><V80/><F31/><W131/><G48/><T76/><D45/><U97/><E97/><V16/><F124/><W130/><G96/><T35/><D39/><U134/><E134/><V135/><F113/><W90/><G62/><T41/><D87/><U24/><E24/><V55/><F53/><W63/><G26/><T98/><D98/><U20/><E20/><N who="2" m="11287" /><F32/><W121/><G23/><T49/><D21/><U27/><E27/><V114/><F55/><W125/><G125/><T93/><D35/><U127/><E127/><V28/><F28/><W111/><G63/><T115/><D49/><U89/><E89/><V75/><F114/><W6/><G90/><T3/><D115/><U88/><E88/><V84/><F75/><W40/><G66/><T36/><D36/><U56/><E56/><V123/><F123/><W17/><G121/><T86/><D86/><U70/><E70/><V22/><F22/><W5/><G68/><T109/><D59/><U94/><E94/><AGARI ba="0,1" hai="80,83,84,91,94,132,133,135" m="11287,23919" machi="94" ten="30,2000,0" yaku="20,1,54,1" doraHai="52" who="2" fromWho="1" sc="250,0,240,-20,250,30,250,0" /><INIT seed="1,0,0,5,1,87" ten="250,220,280,250" oya="1" hai0="7,86,45,107,35,13,32,117,65,80,21,78,49" hai1="66,59,113,26,135,25,36,44,64,109,111,50,15" hai2="22,77,74,133,125,106,62,52,19,4,30,99,31" hai3="119,41,84,8,60,128,33,114,115,27,23,94,47"/><U92/><E113/><V17/><F125/><W38/><G128/><T42/><D117/><U12/><E135/><V120/><F120/><W122/><G119/><T69/><D107/><U46/><E36/><V48/><F133/><W73/><G73/><T83/><D83/><U63/><E92/><V97/><F4/><W134/><G122/><T98/><D98/><N who="2" m="37386" /><F106/><W85/><G134/><T67/><D21/><U54/><E46/><N who="2" m="27671" /><F74/><W101/><G33/><T112/><D112/><U29/><E64/><V24/><F77/><W81/><G47/><T56/><D69/><U37/><E37/><V3/><F3/><W104/><G41/><T71/><D71/><U51/><E51/><V130/><F130/><W105/><G38/><T34/><REACH who="0" step="1"/><D56/><REACH who="0" ten="240,220,280,250" step="2"/><U2/><E59/><V11/><F11/><AGARI ba="0,1" hai="7,11,13,32,34,35,42,45,49,65,67,78,80,86" machi="11" ten="40,8000,1" yaku="1,1,2,1,25,2,53,1" doraHai="87" doraHaiUra="5" who="0" fromWho="2" sc="240,90,220,0,280,-80,250,0" /><INIT seed="2,0,0,3,1,36" ten="330,220,200,250" oya="2" hai0="97,50,70,68,27,37,56,116,63,111,2,109,114" hai1="52,5,57,0,96,38,121,22,62,92,118,78,103" hai2="64,54,21,65,132,123,75,86,79,31,90,129,1" hai3="88,18,104,107,82,12,74,128,46,89,124,134,34"/><V106/><F1/><W30/><G124/><T40/><D2/><U95/><E118/><V67/><F123/><W26/><G128/><T122/><D97/><U117/><E117/><V72/><F129/><W7/><G134/><T125/><D27/><U35/><E121/><V19/><F106/><W51/><G7/><T33/><D33/><U59/><E78/><V101/><F101/><W105/><G82/><T32/><D32/><U126/><E126/><V99/><F31/><W20/><REACH who="3" step="1"/><G74/><REACH who="3" ten="330,220,200,240" step="2"/><T110/><D125/><U83/><E83/><V28/><F132/><W41/><AGARI ba="0,1" hai="12,18,20,26,30,34,41,46,51,88,89,104,105,107" machi="41" ten="30,12000,2" yaku="1,1,2,1,0,1,52,1,54,1,53,1" doraHai="36" doraHaiUra="45" who="3" fromWho="3" sc="330,-30,220,-30,200,-60,240,130" /><INIT seed="3,0,0,1,3,108" ten="300,190,140,370" oya="3" hai0="78,32,60,107,133,59,114,111,30,102,85,36,33" hai1="112,89,58,66,7,54,31,8,39,12,119,38,45" hai2="86,3,127,91,70,51,93,72,99,56,130,40,48" hai3="92,77,84,98,21,1,24,121,76,100,46,6,44"/><W9/><G121/><T73/><D36/><U11/><E119/><V4/><F70/><W63/><G63/><T16/><D30/><U69/><E31/><V135/><F72/><W83/><REACH who="3" step="1"/><G76/><REACH who="3" ten="300,190,140,360" step="2"/><T79/><D79/><U22/><E39/><V62/><F62/><W122/><G122/><T19/><D78/><U115/><E38/><V71/><F135/><W57/><G57/><T28/><D59/><U90/><E58/><V132/><F56/><W113/><G113/><T88/><D60/><U34/><E112/><V52/><F132/><W53/><G53/><T87/><D114/><U124/><E115/><V50/><F52/><W126/><G126/><T41/><D133/><U18/><E124/><V81/><F127/><W27/><G27/><T15/><D41/><U95/><E54/><V29/><F40/><W131/><G131/><T118/><D118/><U13/><E69/><V109/><F130/><W0/><G0/><T23/><D111/><U61/><E61/><V129/><F109/><W26/><G26/><T75/><D15/><U128/><E13/><V101/><F71/><W106/><G106/><T97/><D107/><U68/><E12/><V80/><F129/><W104/><G104/><T105/><D105/><U103/><E68/><V43/><F43/><W17/><AGARI ba="0,1" hai="1,6,9,17,21,24,44,46,77,83,84,92,98,100" machi="17" ten="20,3900,0" yaku="1,1,0,1,7,1,53,0" doraHai="108" doraHaiUra="65" who="3" fromWho="3" sc="300,-13,190,-13,140,-13,360,49" /><INIT seed="3,1,0,1,0,72" ten="287,177,127,409" oya="3" hai0="27,76,17,53,99,37,87,38,104,40,13,108,97" hai1="133,4,7,32,14,96,74,71,31,42,68,2,116" hai2="100,135,60,125,115,22,95,112,9,50,89,48,26" hai3="25,81,58,34,127,3,24,66,129,79,62,84,78"/><W46/><G3/><T19/><D108/><U33/><E2/><V12/><F125/><W36/><G127/><T102/><D99/><U11/><E133/><V103/><F135/><W43/><G129/><T39/><D53/><U29/><E42/><V118/><F118/><W90/><REACH who="3" step="1"/><G34/><REACH who="3" ten="287,177,127,399" step="2"/><T132/><D132/><U45/><E32/><V121/><F115/><W120/><G120/><T56/><D39/><U109/><E33/><V49/><F112/><W111/><G111/><T128/><D38/><U131/><E109/><V69/><F121/><W83/><G83/><T57/><D128/><U107/><E131/><V35/><F35/><W77/><AGARI ba="1,1" hai="24,25,36,43,46,58,62,66,77,78,79,81,84,90" machi="77" ten="30,18000,2" yaku="1,1,0,1,52,3,53,1" doraHai="72" doraHaiUra="63" who="3" fromWho="3" sc="287,-61,177,-61,127,-61,399,193" /><INIT seed="3,2,0,3,0,81" ten="226,116,66,592" oya="3" hai0="118,23,90,16,100,78,76,89,3,31,127,125,12" hai1="82,105,29,93,116,88,96,45,110,71,18,114,115" hai2="8,121,13,9,134,103,120,92,28,72,60,84,107" hai3="4,129,98,75,36,40,112,39,133,109,91,117,104"/><W49/><G4/><T57/><D3/><U86/><E110/><V87/><F72/><W122/><G49/><T22/><D118/><U106/><E71/><V10/><F134/><W67/><G67/><T24/><D100/><U74/><E45/><V25/><F107/><N who="1" m="40969" /><E29/><V52/><F13/><W65/><G65/><T83/><D57/><U97/><E18/><V99/><F60/><W128/><G40/><T20/><D23/><U135/><E135/><V35/><REACH who="2" step="1"/><F52/><REACH who="2" ten="226,116,56,592" step="2"/><W1/><G128/><T26/><D12/><U47/><E116/><V5/><F5/><W54/><G54/><T64/><D64/><U59/><E47/><V27/><F27/><W94/><G129/><T51/><D26/><U68/><E68/><V17/><F17/><W38/><G1/><T2/><D2/><U7/><E7/><V46/><F46/><W11/><G133/><T73/><D24/><U30/><E59/><V124/><F124/><W43/><G117/><T53/><D53/><U62/><E62/><V21/><F21/><W44/><G44/><T132/><D22/><U14/><E14/><V41/><F41/><W33/><G43/><T15/><D20/><U69/><E69/><V32/><F32/><W63/><G63/><T48/><D15/><U85/><E30/><V0/><F0/><W102/><G33/><T131/><D31/><U42/><E42/><V130/><F130/><W80/><G39/><T58/><D131/><U19/><E19/><V123/><AGARI ba="2,1" hai="8,9,10,25,28,35,84,87,92,99,103,120,121,123" machi="123" ten="40,8000,1" yaku="1,1,0,1,13,1,52,2,53,0" doraHai="81" doraHaiUra="101" who="2" fromWho="2" sc="226,-22,116,-22,56,96,592,-42" /><INIT seed="4,0,0,2,2,119" ten="204,94,152,550" oya="0" hai0="25,77,4,118,33,96,42,1,56,125,120,13,92" hai1="49,129,7,67,3,102,87,5,48,41,132,66,45" hai2="47,39,79,90,104,44,15,64,17,62,38,14,73" hai3="18,22,8,83,135,117,108,97,122,103,52,75,128"/><T112/><D118/><U51/><E129/><V69/><F104/><W55/><G117/><T27/><D120/><U70/><E132/><V11/><F79/><W82/><G108/><T76/><D1/><U85/><E102/><V113/><F73/><W68/><G68/><T63/><D42/><U58/><E70/><V127/><F113/><W131/><G122/><T54/><D112/><U121/><E121/><V105/><F105/><W126/><G8/><T37/><D37/><U34/><E34/><V101/><F101/><W9/><G9/><T24/><D33/><U91/><E85/><V26/><F26/><N who="3" m="14679" /><G126/><T80/><D80/><N who="3" m="30761" /><G75/><T78/><D125/><U10/><E7/><V29/><F39/><W32/><G32/><T133/><D133/><U36/><REACH who="1" step="1"/><E58/><REACH who="1" ten="204,84,152,550" step="2"/><V31/><F127/><W116/><G135/><T81/><D4/><U86/><E86/><V30/><F69/><W123/><G116/><T6/><D6/><U74/><E74/><V23/><F44/><W0/><G123/><T53/><D81/><AGARI ba="0,1" hai="3,5,10,36,41,45,48,49,51,66,67,81,87,91" machi="81" ten="40,1300,0" yaku="1,1,53,0" doraHai="119" doraHaiUra="106" who="1" fromWho="0" sc="204,-13,84,23,152,0,550,0" /><INIT seed="5,0,0,4,5,69" ten="191,107,152,550" oya="1" hai0="128,57,16,98,111,19,37,18,24,0,34,90,4" hai1="61,66,94,62,41,10,122,12,134,76,26,97,39" hai2="15,72,92,100,104,55,125,58,109,117,64,3,75" hai3="42,93,88,74,86,91,67,89,14,63,133,65,121"/><U50/><E122/><V127/><F3/><W77/><G121/><T11/><D111/><U110/><E110/><V6/><F109/><W28/><G133/><T119/><D119/><U51/><E134/><V21/><F64/><W8/><G28/><T79/><D79/><U60/><E66/><V7/><F104/><W84/><G42/><T22/><D128/><U99/><E76/><V124/><F117/><W132/><G132/><T83/><D34/><U73/><E73/><N who="2" m="28235" /><F21/><W116/><G74/><T45/><D57/><U52/><E26/><V126/><F15/><W129/><G129/><T95/><REACH who="0" step="1"/><D83/><REACH who="0" ten="181,107,152,550" step="2"/><U87/><E87/><V23/><F125/><W108/><G108/><T118/><D118/><U5/><E97/><V102/><F124/><W40/><G84/><T29/><D29/><U78/><E78/><V27/><F126/><W38/><G77/><T56/><D56/><U123/><E123/><V32/><F58/><W114/><G116/><T2/><D2/><U82/><E82/><V96/><F32/><W44/><G114/><T71/><D71/><U112/><E112/><V13/><F127/><W68/><G67/><T135/><D135/><U106/><E106/><V107/><F107/><W31/><G31/><T131/><D131/><U113/><E113/><V30/><F96/><W115/><G115/><T59/><D59/><N who="1" m="33183" /><E99/><V130/><F130/><W103/><G86/><T54/><D54/><U49/><E94/><V9/><F55/><W105/><G93/><T48/><D48/><U46/><E50/><V36/><F92/><W47/><G105/><T81/><D81/><RYUUKYOKU ba="0,1" sc="181,15,107,15,152,-15,550,-15" hai0="0,4,11,16,18,19,22,24,37,45,90,95,98" hai1="5,10,12,39,41,46,49,60,61,62" /><INIT seed="5,1,1,1,0,1" ten="196,122,137,535" oya="1" hai0="50,74,76,55,77,90,49,88,40,84,35,85,95" hai1="133,20,46,61,70,86,38,47,126,57,115,101,106" hai2="82,14,16,66,2,114,10,96,78,71,8,34,31" hai3="97,45,119,54,112,91,81,110,111,89,122,17,32"/><U19/><E115/><V94/><F114/><W124/><G32/><T12/><D35/><U9/><E126/><V127/><F127/><W42/><G122/><T80/><D74/><U7/><E133/><V98/><F71/><W107/><G124/><T105/><D105/><U36/><E70/><V3/><F66/><W30/><G30/><T0/><D0/><U15/><E86/><V129/><F129/><W29/><G112/><T62/><D62/><U22/><E22/><V4/><F3/><W67/><G29/><T72/><D72/><U83/><E83/><V87/><REACH who="2" step="1"/><F94/><REACH who="2" ten="196,122,127,535" step="2"/><N who="3" m="56527" /><G67/><T132/><D132/><U53/><E38/><V26/><AGARI ba="1,2" hai="2,4,8,10,14,16,26,31,34,78,82,87,96,98" machi="26" ten="30,7900,0" yaku="1,1,0,1,52,1,54,1,53,0" doraHai="1" doraHaiUra="109" who="2" fromWho="2" sc="196,-21,122,-40,127,102,535,-21" /><INIT seed="6,0,0,4,1,92" ten="175,82,229,514" oya="2" hai0="14,130,108,119,12,117,114,75,116,17,42,20,64" hai1="83,101,7,47,11,100,40,73,82,10,72,104,135" hai2="23,5,32,39,129,30,80,19,99,76,61,89,6" hai3="115,127,34,74,44,70,106,121,81,27,2,68,0"/><V109/><F39/><W57/><G57/><T78/><D108/><U3/><E135/><V128/><F109/><W4/><G121/><T18/><D64/><U77/><E11/><V133/><F133/><W62/><G127/><T96/><D42/><U125/><E125/><V51/><F61/><W111/><G111/><T45/><D45/><U122/><E122/><V86/><F51/><W35/><G115/><T41/><D41/><U71/><E71/><N who="3" m="27178" /><G62/><T65/><D130/><N who="2" m="50282" /><F30/><N who="3" m="19807" /><G44/><T94/><D65/><U33/><E33/><V28/><F28/><W50/><G50/><T60/><D114/><U112/><E112/><V26/><F32/><W59/><G59/><T46/><D60/><U131/><E131/><V31/><F31/><W107/><G35/><T8/><D46/><U67/><E67/><V13/><F13/><W24/><G24/><T113/><D113/><U48/><REACH who="1" step="1"/><E104/><REACH who="1" ten="175,72,229,514" step="2"/><N who="3" m="39978" /><G4/><T15/><D119/><U55/><E55/><V63/><F5/><W98/><G98/><T91/><D14/><U43/><E43/><V118/><F6/><W1/><G1/><T123/><D123/><U97/><E97/><V87/><F99/><W21/><G21/><T53/><D53/><U29/><E29/><V103/><F23/><W126/><G126/><T56/><D20/><U22/><E22/><V36/><F118/><W105/><G105/><T9/><D117/><U110/><E110/><V54/><F54/><W93/><G93/><T120/><D116/><U25/><E25/><V49/><F26/><W79/><AGARI ba="0,1" hai="0,2,74,79,81" m="39978,19807,27178" machi="79" ten="40,2700,0" yaku="33,2" doraHai="92" who="3" fromWho="3" sc="175,-7,72,-7,229,-13,514,37" /><INIT seed="7,0,0,0,2,15" ten="168,65,216,551" oya="3" hai0="39,78,58,52,28,66,71,110,27,135,90,10,109" hai1="14,48,96,23,65,6,126,37,42,9,34,112,102" hai2="51,106,99,63,8,29,132,20,95,12,87,127,32" hai3="1,2,86,119,0,79,100,122,85,93,30,131,89"/><W62/><G122/><T57/><D39/><U80/><E112/><V35/><F127/><W55/><G119/><T38/><D38/><U108/><E108/><V134/><F106/><W116/><G116/><T11/><D135/><N who="2" m="51754" /><F87/><W97/><G131/><T24/><D78/><U69/><E126/><V98/><F63/><W60/><G30/><T13/><D90/><U16/><E34/><V117/><F117/><W70/><G70/><T45/><D45/><U104/><E80/><V61/><F61/><W130/><G130/><T114/><D114/><U49/><E37/><V120/><F99/><W81/><REACH who="3" step="1"/><G55/><REACH who="3" ten="168,65,216,541" step="2"/><T83/><D52/><U103/><E103/><V123/><F29/><W124/><G124/><T133/><D71/><U118/><E118/><V5/><F123/><W50/><G50/><T31/><D28/><U115/><E115/><V46/><F51/><W91/><G91/><T121/><D31/><U3/><REACH who="1" step="1"/><E42/><REACH who="1" ten="168,55,216,541" step="2"/><V47/><F120/><W67/><G67/><T56/><D66/><U77/><E77/><V75/><F35/><W33/><G33/><T128/><D121/><U18/><E18/><V72/><F32/><W92/><AGARI ba="0,2" hai="0,1,2,60,62,79,81,85,86,89,92,93,97,100" machi="92" ten="30,3000,0" yaku="1,1,0,1,53,0" doraHai="15" doraHaiUra="54" who="3" fromWho="3" sc="168,-10,55,-10,216,-10,541,50" owari="158,-24.0,45,-45.0,206,1.0,591,68.0" /></mjloggm>