<mjloggm ver="2.3"><GO type="97" lobby="0"/><UN n0="%E3%83%91%E3%83%B3%E3%82%B8%E3%83%A3%42" n1="%53%65%6E%61%72" n2="%E5%A6%82%E6%9C%88%E3%82%AB%E3%83%AB%E3%83%8A" n3="%E5%B0%B1%E6%B4%BB%E7%94%9F%40%E5%B7%9D%E6%9D%91%E8%BB%8D%E5%9B%A3" dan="15,15,14,15" rate="2016.93,2053.49,1925.54,2031.37" sx="M,M,M,M"/><TAIKYOKU oya="0"/><INIT seed="0,0,0,4,2,88" ten="250,250,250,250" oya="0" hai0="0,128,105,20,59,5,72,18,123,99,102,49,36" hai1="68,89,2,34,63,26,90,101,27,21,28,79,108" hai2="104,22,95,135,15,119,112,52,51,56,58,87,94" hai3="98,23,127,84,48,109,4,65,12,131,97,111,132"/><T126/><D36/><U91/><E108/><N who="3" m="41546" /><G127/><T3/><D126/><U121/><E121/><V110/><F110/><W9/><G131/><T107/><D128/><U114/><E114/><V14/><F112/><W134/><G65/><T16/><D123/><U83/><E2/><V74/><F74/><W113/><G113/><T38/><D38/><U33/><E101/><V44/><F104/><W35/><G35/><T129/><D129/><U125/><E125/><V42/><F135/><N who="3" m="51755" /><G23/><T7/><D72/><U86/><E68/><V81/><F119/><W96/><G84/><T71/><D71/><U24/><E63/><N who="2" m="36231" /><F58/><W130/><G130/><T54/><D107/><U115/><E115/><V39/><F39/><W37/><G37/><T61/><D18/><U75/><E75/><V69/><F69/><W106/><G48/><T32/><D32/><U64/><E64/><V100/><F100/><AGARI ba="0,0" hai="4,9,12,96,97,98,100,106" m="51755,41546" machi="100" ten="30,2000,0" yaku="14,1,20,1" doraHai="88" who="3" fromWho="2" sc="250,0,250,0,250,-20,250,20" /><INIT seed="1,0,0,3,5,46" ten="250,250,230,270" oya="1" hai0="51,72,121,69,3,56,97,54,35,90,45,91,124" hai1="44,0,116,39,58,5,130,123,13,111,100,30,37" hai2="48,106,95,96,38,62,53,60,9,52,19,129,67" hai3="26,113,41,12,110,22,127,42,17,75,77,36,16"/><U107/><E123/><V1/><F129/><W114/><G110/><T133/><D121/><U76/><E116/><V79/><F106/><W47/><G127/><T70/><D124/><U14/><E130/><V68/><F38/><W71/><G71/><T29/><D3/><U49/><E111/><V132/><F132/><W128/><G42/><T109/><D109/><U63/><E30/><V80/><F60/><W50/><G36/><T11/><D133/><U119/><E76/><V112/><F112/><W117/><G117/><T59/><D72/><U135/><E39/><V61/><F61/><W88/><G128/><T122/><D122/><U94/><E107/><V134/><F134/><W98/><G77/><T32/><D11/><U33/><E33/><V86/><F53/><W131/><G131/><T40/><D59/><U65/><E37/><V126/><F126/><W10/><REACH who="3" step="1"/><G75/><REACH who="3" ten="250,250,230,260" step="2"/><T2/><D70/><U105/><E119/><V85/><F79/><W120/><G120/><T6/><D69/><U21/><E135/><V99/><F68/><W20/><G20/><T78/><D35/><U92/><E21/><V81/><F9/><W125/><G125/><T93/><D78/><U104/><E65/><V27/><F67/><W4/><G4/><T108/><D108/><U103/><E5/><V73/><F73/><W102/><G102/><T23/><D32/><U57/><E103/><V43/><F43/><W66/><G66/><T82/><D6/><U84/><E100/><V31/><F1/><W64/><G64/><T87/><D2/><U101/><E0/><V115/><F115/><RYUUKYOKU ba="0,1" sc="250,-10,250,-10,230,-10,260,30" hai3="10,12,16,17,22,26,41,47,50,88,98,113,114" /><INIT seed="2,1,1,0,3,58" ten="240,240,220,290" oya="2" hai0="115,19,106,48,95,83,118,12,79,127,56,60,86" hai1="112,59,70,31,99,53,96,122,61,104,75,37,81" hai2="39,66,51,18,84,36,33,25,109,44,62,55,21" hai3="11,50,72,116,52,69,34,80,124,94,92,113,120"/><V129/><F129/><W7/><G69/><T114/><D106/><U102/><E112/><V135/><F135/><W91/><G34/><T2/><D2/><U3/><E37/><V4/><F109/><W9/><G116/><T0/><D118/><U38/><E38/><V42/><F33/><W98/><G120/><T1/><D127/><U22/><E3/><V40/><F4/><W133/><G133/><T107/><D107/><U111/><E111/><V29/><F84/><W45/><G124/><T123/><D123/><U105/><E70/><V126/><F126/><W134/><G134/><T103/><D115/><U64/><E122/><V110/><F110/><W57/><G113/><T68/><D114/><U14/><E53/><V125/><F125/><W74/><G80/><T131/><D131/><U71/><E71/><V90/><F90/><W100/><G45/><T117/><D117/><U23/><E14/><V119/><F119/><W32/><G32/><T130/><D130/><U24/><E23/><V97/><F97/><W47/><G47/><T73/><D68/><U65/><E65/><V76/><F76/><W67/><G67/><T46/><D73/><U26/><E26/><V54/><F29/><W30/><G30/><T5/><D5/><U87/><E75/><V17/><F17/><W27/><G27/><T132/><D132/><U78/><E99/><V8/><F8/><N who="3" m="3147" /><G7/><T121/><D121/><U63/><E105/><V77/><F77/><W35/><G35/><T128/><D128/><U101/><E101/><V10/><F10/><W85/><G74/><T20/><D0/><RYUUKYOKU ba="1,1" sc="240,-15,240,15,220,-15,290,15" hai1="22,24,31,59,61,63,64,78,81,87,96,102,104" hai3="50,52,57,72,85,91,92,94,98,100" /><INIT seed="3,2,1,0,2,93" ten="225,255,205,305" oya="3" hai0="124,11,116,91,121,29,125,12,74,79,89,71,28" hai1="86,6,57,5,113,77,126,15,64,133,4,1,2" hai2="100,90,109,112,114,43,118,42,14,96,0,63,58" hai3="132,31,105,25,44,87,134,129,48,88,20,17,47"/><W38/><G105/><T99/><D71/><U46/><E113/><V66/><F118/><W19/><G129/><T68/><D68/><U117/><E117/><V131/><F0/><W115/><G115/><T123/><D116/><U33/><E33/><V23/><F131/><W75/><G75/><T108/><D74/><U81/><E133/><N who="3" m="51306" /><G38/><T26/><D79/><U107/><E107/><V50/><F109/><W3/><G3/><T120/><D108/><U52/><E126/><N who="0" m="48745" /><D99/><U56/><E2/><V39/><F39/><W37/><G37/><T111/><D111/><U73/><E73/><V22/><F90/><N who="0" m="34314" /><D26/><U16/><E64/><V69/><F42/><N who="3" m="24599" /><G47/><T7/><AGARI ba="2,1" hai="7,11,12,28,29,120,121,123" m="34314,48745" machi="7" ten="40,1500,0" yaku="18,1" doraHai="93" who="0" fromWho="0" sc="225,31,255,-6,205,-6,305,-9" /><INIT seed="4,0,0,2,1,8" ten="256,249,199,296" oya="0" hai0="98,24,120,18,121,25,112,6,54,80,49,13,57" hai1="9,46,129,71,111,26,3,87,61,0,78,7,56" hai2="91,131,59,132,118,72,110,106,109,47,114,117,102" hai3="74,42,19,55,67,101,134,60,92,68,31,99,48"/><T14/><D112/><U135/><E111/><N who="2" m="42507" /><F47/><W130/><G74/><T64/><D64/><U15/><E71/><V50/><F59/><W34/><G130/><T95/><D80/><U16/><E129/><V38/><F50/><W51/><G134/><T84/><D84/><U94/><E135/><V66/><F38/><W79/><G79/><T115/><D115/><U39/><E39/><V125/><F66/><W70/><G70/><T100/><D121/><U29/><E46/><V126/><F132/><W44/><G19/><T123/><D120/><U12/><E78/><V4/><F4/><W1/><G1/><T33/><D33/><U10/><E87/><V86/><F131/><W105/><G92/><T41/><D41/><U81/><E94/><N who="2" m="54647" /><F114/><W127/><G127/><N who="2" m="48649" /><F72/><W52/><G48/><T53/><D123/><U17/><E7/><V133/><F133/><W97/><G97/><AGARI ba="0,0" hai="97,102,106,117,118" m="48649,54647,42507" machi="97" ten="40,5200,0" yaku="18,1,34,2" doraHai="8" who="2" fromWho="3" sc="256,0,249,0,199,52,296,-52" /><INIT seed="5,0,0,3,2,100" ten="256,249,251,244" oya="1" hai0="4,98,117,132,45,26,64,44,106,85,40,79,81" hai1="92,8,99,112,86,129,67,124,30,72,107,76,94" hai2="31,18,49,103,23,65,37,12,14,55,88,2,135" hai3="53,111,80,33,110,133,38,68,47,66,125,16,83"/><U11/><E67/><V131/><F2/><W29/><G125/><T69/><D117/><U58/><E58/><V43/><F131/><W56/><G133/><T95/><D132/><U78/><E30/><V60/><F135/><W36/><G33/><T22/><D4/><U120/><E120/><V51/><F103/><W105/><G105/><T17/><D106/><U91/><E124/><V84/><F31/><W74/><G29/><T102/><D69/><U89/><E112/><V7/><F37/><W6/><G6/><T62/><D40/><U63/><E63/><V32/><F43/><W77/><G83/><T27/><D27/><U82/><E129/><V73/><F73/><W115/><G115/><T28/><D17/><U93/><E11/><N who="2" m="4223" /><F65/><W127/><G127/><T116/><D116/><U46/><E46/><V25/><F25/><W15/><G66/><T122/><D122/><U108/><E8/><V71/><F71/><W3/><G3/><T126/><D126/><U75/><E108/><V21/><F21/><W57/><G68/><T109/><D109/><U119/><E119/><V1/><F1/><W104/><G104/><T59/><AGARI ba="0,0" hai="22,26,28,44,45,59,62,64,79,81,85,95,98,102" machi="59" ten="20,8000,1" yaku="0,1,7,1,25,2,8,1" doraHai="100" who="0" fromWho="0" sc="256,80,249,-40,251,-20,244,-20" owari="336,44.0,209,-29.0,231,3.0,224,-18.0" /></mjloggm>