<mjloggm ver="2.3"><GO type="169" lobby="0"/><UN n0="%E3%83%88%E3%83%88%E3%83%AA%E5%85%88%E7%94%9F%31%39%E6%AD%B3" n1="%E6%93%8D" n2="%E3%81%84%E3%81%8F%E3%82%84%E3%81%BE%E2%98%86%E3%81%95%E3%82%80%E3%81%8A" n3="%6E%61%72%75%72%75%72%75" dan="18,17,16,16" rate="2251.69,2178.18,2135.66,2144.26" sx="F,M,M,M"/><TAIKYOKU oya="0"/><INIT seed="0,0,0,4,1,82" ten="250,250,250,250" oya="0" hai0="87,38,103,99,109,22,72,86,111,90,60,68,59" hai1="106,19,70,9,77,130,133,110,20,102,94,114,101" hai2="55,31,129,105,100,79,74,92,117,61,126,88,81" hai3="13,58,108,11,132,16,69,17,46,89,120,135,33"/><T119/><D119/><U115/><E70/><V121/><F117/><W25/><G69/><T4/><D38/><U96/><E9/><V83/><F31/><W1/><G1/><T49/><D72/><U43/><E43/><V124/><F55/><W44/><G120/><T8/><D49/><U28/><E28/><V76/><F61/><W85/><G33/><T34/><D22/><U47/><E47/><V104/><F129/><W36/><G108/><N who="0" m="41547" /><D90/><U42/><E42/><V125/><F121/><W71/><G71/><T95/><D34/><U123/><E110/><V66/><F66/><W23/><G36/><T112/><D112/><U65/><E123/><V35/><F35/><W29/><G29/><T48/><D48/><U26/><E65/><V39/><F39/><W37/><G37/><T54/><D68/><U21/><E130/><V63/><F63/><W78/><G78/><N who="2" m="29737" /><F74/><W134/><REACH who="3" step="1"/><G58/><REACH who="3" ten="250,250,250,240" step="2"/><T127/><D127/><U131/><E131/><V12/><F126/><W107/><G107/><T84/><D84/><U18/><E115/><V41/><F125/><W93/><AGARI ba="0,1" hai="11,13,16,17,23,25,44,46,85,89,93,132,134,135" machi="93" ten="30,8000,1" yaku="1,1,0,1,20,1,52,1,54,1,53,0" doraHai="82" doraHaiUra="113" who="3" fromWho="3" sc="250,-40,250,-20,250,-20,240,90" /><INIT seed="1,0,0,5,2,124" ten="210,230,230,330" oya="1" hai0="94,0,101,18,11,110,72,103,48,16,87,21,123" hai1="1,85,24,39,73,95,64,28,9,23,19,8,135" hai2="67,43,4,65,26,74,76,22,5,34,10,45,32" hai3="6,77,41,52,134,30,13,56,68,66,17,102,78"/><U58/><E73/><V89/><F67/><W115/><G115/><T12/><D72/><U90/><E39/><V122/><F65/><W71/><G6/><T59/><D110/><U15/><E135/><V31/><F122/><W35/><G41/><T98/><D123/><U97/><E1/><V55/><F89/><W36/><G36/><T44/><D87/><U37/><E37/><N who="2" m="21743" /><F55/><W80/><G102/><N who="0" m="60759" /><D59/><U117/><E117/><V105/><F4/><W130/><G66/><T75/><D75/><U104/><E104/><V128/><F105/><W79/><G134/><T81/><D81/><U40/><E40/><V69/><F69/><W49/><G80/><T120/><D0/><U113/><E113/><V129/><F76/><W121/><G121/><T47/><D120/><U127/><E127/><V60/><F60/><W92/><G92/><T126/><D126/><U83/><E58/><V84/><F84/><W133/><G133/><T61/><D61/><U88/><REACH who="1" step="1"/><E64/><REACH who="1" ten="210,220,230,330" step="2"/><V106/><F106/><W116/><G116/><T111/><D47/><U131/><E131/><N who="2" m="50251" /><F74/><W125/><G130/><T57/><D57/><U3/><E3/><AGARI ba="0,1" hai="3,5,10,22,26,31,32,34" m="50251,21743" machi="3" ten="30,7700,0" yaku="19,1,52,3" doraHai="124" who="2" fromWho="1" sc="210,0,220,-77,230,87,330,0" /><INIT seed="2,0,0,0,4,85" ten="210,143,317,330" oya="2" hai0="77,15,105,92,17,49,73,80,31,119,24,104,76" hai1="48,28,112,7,13,53,39,30,1,19,93,25,60" hai2="50,124,56,79,6,51,66,14,4,9,123,107,95" hai3="89,109,127,81,90,12,132,23,2,72,70,100,29"/><V117/><F107/><W47/><G2/><T16/><D119/><U86/><E39/><V34/><F117/><W41/><G70/><T87/><D49/><U110/><E112/><V74/><F123/><W69/><G69/><T20/><D17/><U10/><E60/><V64/><F34/><W11/><G100/><T118/><D118/><U91/><E110/><V134/><F74/><W114/><G109/><T58/><D58/><U65/><E65/><N who="2" m="25195" /><F79/><W133/><G114/><T120/><D120/><U33/><E30/><V55/><F134/><N who="3" m="51819" /><G127/><T115/><D115/><U128/><E128/><V26/><F26/><N who="3" m="16607" /><G81/><T32/><REACH who="0" step="1"/><D76/><REACH who="0" ten="200,143,317,330" step="2"/><U135/><E135/><V94/><F124/><W126/><G126/><T54/><D54/><U98/><E86/><V3/><F50/><N who="3" m="26991" /><G72/><T96/><D96/><U130/><E130/><V35/><F51/><W27/><G27/><T122/><D122/><U18/><REACH who="1" step="1"/><E1/><REACH who="1" ten="200,133,317,330" step="2"/><V71/><F3/><W84/><G84/><T8/><D8/><U83/><E83/><V36/><F9/><W0/><G0/><T106/><D106/><U37/><E37/><V62/><F36/><W43/><G43/><T45/><D45/><AGARI ba="0,2" hai="7,10,13,18,19,25,28,33,45,48,53,91,93,98" machi="45" ten="30,7700,0" yaku="1,1,7,1,52,1,53,1" doraHai="85" doraHaiUra="44" who="1" fromWho="0" sc="200,-77,133,97,317,0,330,0" /><INIT seed="3,0,0,0,3,130" ten="123,230,317,330" oya="3" hai0="83,52,76,122,9,102,73,127,106,22,133,119,109" hai1="67,131,57,51,3,31,23,54,110,120,58,21,27" hai2="64,72,5,98,26,101,12,70,25,108,96,77,134" hai3="15,13,61,63,38,94,113,104,44,35,19,100,8"/><W121/><G121/><T47/><D122/><U128/><E3/><V117/><F117/><W88/><G113/><T118/><D127/><U1/><E1/><V97/><F108/><W6/><G35/><T32/><D32/><U49/><E120/><V87/><F72/><W24/><G24/><T79/><D109/><U40/><E110/><V4/><F101/><W115/><G115/><T82/><D133/><U41/><E67/><V39/><F39/><W56/><G104/><T69/><D69/><U42/><E23/><V129/><F129/><W17/><G100/><T11/><D22/><U29/><E29/><V107/><F107/><W99/><G15/><T10/><D102/><U71/><REACH who="1" step="1"/><E71/><REACH who="1" ten="123,220,317,330" step="2"/><V0/><F70/><W90/><G63/><T18/><D106/><U105/><E105/><V2/><F64/><W78/><G78/><T62/><D18/><U30/><E30/><V111/><F77/><W28/><G28/><T89/><D89/><U55/><AGARI ba="0,1" hai="21,27,31,40,41,42,49,51,54,55,57,58,128,131" machi="55" ten="30,4000,0" yaku="1,1,0,1,9,1,53,0" doraHai="130" doraHaiUra="123" who="1" fromWho="1" sc="123,-10,220,50,317,-10,330,-20" /><INIT seed="4,0,0,0,3,66" ten="113,270,307,310" oya="0" hai0="74,2,63,80,84,3,65,79,15,9,28,64,30" hai1="123,67,132,97,29,105,59,47,126,125,10,11,13" hai2="98,77,6,39,106,118,69,17,38,51,104,117,92" hai3="82,45,14,115,12,83,20,110,75,131,68,52,112"/><T81/><D3/><U62/><E123/><V40/><F6/><W37/><G110/><T46/><D2/><U24/><E132/><V96/><F77/><W73/><G131/><T116/><D116/><N who="2" m="44650" /><F17/><W102/><G102/><T4/><D65/><U88/><E105/><V120/><F120/><W57/><G45/><T85/><D46/><U113/><E47/><N who="2" m="26087" /><F69/><W90/><G37/><N who="2" m="13833" /><F98/><W0/><G0/><T70/><REACH who="0" step="1"/><D74/><REACH who="0" ten="103,270,307,310" step="2"/><U107/><E126/><V21/><F21/><W87/><G20/><T50/><D50/><U60/><E125/><V56/><F56/><W49/><G75/><T25/><D25/><U31/><E24/><V130/><F130/><W19/><G73/><T27/><D27/><U128/><E59/><V54/><F54/><W53/><G53/><T133/><D133/><U58/><E58/><V72/><F72/><W33/><G57/><T23/><D23/><U42/><E128/><V101/><AGARI ba="0,1" hai="92,96,101,104,106" m="13833,26087,44650" machi="101" ten="30,1100,0" yaku="12,1" doraHai="66" who="2" fromWho="2" sc="103,-5,270,-3,307,21,310,-3" /><INIT seed="5,0,0,1,1,101" ten="98,267,328,307" oya="1" hai0="113,134,18,75,27,109,129,31,19,60,21,94,48" hai1="22,13,89,111,120,64,15,72,121,99,74,28,95" hai2="122,96,40,38,55,6,12,133,125,102,98,83,68" hai3="4,5,67,62,108,16,85,86,45,26,46,7,114"/><U104/><E64/><V79/><F122/><N who="1" m="47209" /><E28/><V78/><F68/><W117/><G108/><T25/><D109/><U135/><E22/><V69/><F69/><W73/><G73/><N who="1" m="28266" /><E15/><V57/><F38/><W33/><G114/><T1/><D75/><U116/><E13/><V124/><F40/><W43/><G117/><T0/><D113/><U81/><E111/><V127/><F6/><W70/><G46/><T34/><D94/><U2/><E2/><V10/><F10/><W66/><G67/><T58/><D48/><U24/><E24/><V126/><F12/><W123/><G123/><T105/><D134/><U32/><E32/><V132/><F124/><W82/><G82/><T49/><D129/><U8/><E8/><V106/><F133/><W52/><G52/><T92/><D92/><U128/><E135/><V47/><F132/><W76/><G76/><T39/><D49/><U88/><E116/><V9/><F9/><W50/><G33/><T53/><D39/><U36/><E128/><V44/><F55/><W11/><G11/><T71/><D71/><U130/><E130/><V90/><F57/><W63/><G63/><T80/><D19/><U131/><E131/><V97/><F44/><W103/><G103/><T59/><D59/><U118/><E118/><V93/><F47/><W51/><G51/><T23/><D34/><U100/><E36/><V65/><F65/><W17/><G17/><T41/><D41/><U56/><E56/><V29/><F29/><W107/><G16/><T87/><D105/><U35/><E35/><V20/><F20/><W112/><G107/><RYUUKYOKU ba="0,0" sc="98,30,267,-10,328,-10,307,-10" hai0="0,1,18,21,23,25,27,31,53,58,60,80,87" /><INIT seed="6,1,0,4,0,32" ten="128,257,318,297" oya="2" hai0="45,109,93,89,44,96,76,26,2,102,9,83,115" hai1="120,52,79,66,0,113,121,95,104,64,59,23,35" hai2="116,7,5,60,6,68,11,58,14,51,82,99,22" hai3="126,47,118,69,4,16,98,125,72,90,63,123,3"/><V124/><F116/><W80/><G118/><T8/><D109/><U105/><E35/><V97/><F124/><W131/><G123/><T107/><D115/><U53/><E79/><V55/><F82/><W21/><G131/><T81/><D26/><U48/><E23/><V42/><F22/><W56/><G69/><T17/><D81/><U108/><E95/><V71/><F71/><W12/><BYE who="1" /><G47/><T73/><D8/><U117/><E117/><V86/><F86/><W112/><G112/><T94/><D94/><UN n1="%E6%93%8D" /><U49/><E113/><V127/><F127/><W62/><G62/><T41/><D41/><U37/><E37/><V70/><F70/><W128/><G128/><T50/><D50/><U75/><E75/><V129/><F129/><W119/><G119/><T134/><D134/><U130/><E130/><V30/><F30/><W110/><G110/><T25/><D25/><U15/><E15/><V43/><F43/><W65/><G98/><N who="2" m="37385" /><F68/><W36/><G36/><T19/><D19/><U67/><E108/><V1/><F1/><W13/><G3/><T101/><D17/><U39/><E0/><V27/><F27/><W61/><G72/><T10/><D10/><U84/><E84/><V28/><F28/><W34/><G34/><T24/><D24/><U88/><E39/><V77/><F77/><W54/><G126/><T74/><D74/><U100/><E121/><V114/><F114/><W132/><G125/><T135/><D135/><U91/><E120/><V38/><F38/><W29/><G132/><T106/><D106/><N who="1" m="41067" /><E100/><N who="0" m="38505" /><D107/><U46/><E46/><AGARI ba="1,0" hai="5,6,7,11,14,42,46,51,55,58,60" m="37385" machi="46" ten="30,1500,0" yaku="8,1" doraHai="32" who="2" fromWho="1" sc="128,0,257,-18,318,18,297,0" /><INIT seed="6,2,0,2,1,81" ten="128,239,336,297" oya="2" hai0="44,74,33,16,45,125,132,119,122,103,7,46,116" hai1="22,96,14,86,39,77,121,6,29,102,0,78,127" hai2="48,42,57,118,112,71,40,99,15,37,64,53,115" hai3="63,117,65,11,30,93,105,35,84,109,110,49,82"/><V51/><F15/><W123/><G105/><T73/><D122/><U24/><E39/><V89/><F89/><W72/><G123/><T135/><D33/><U83/><E121/><V58/><F99/><W76/><G117/><N who="0" m="45131" /><D7/><U28/><E127/><V85/><F85/><W13/><G49/><N who="2" m="19017" /><F118/><W106/><G106/><T107/><D107/><U2/><E29/><V34/><F34/><W80/><G93/><T111/><D111/><U8/><REACH who="1" step="1"/><E78/><REACH who="1" ten="128,229,336,297" step="2"/><V68/><F37/><W104/><G30/><T50/><D125/><U100/><E100/><V124/><F124/><W47/><G110/><T25/><D103/><U31/><E31/><V10/><F115/><W61/><G109/><T114/><D114/><U3/><E3/><V38/><F112/><W26/><G76/><T60/><D50/><U32/><E32/><V69/><F38/><W18/><G35/><T36/><D36/><U41/><E41/><V130/><F40/><W94/><G104/><AGARI ba="2,1" hai="0,2,6,8,14,22,24,28,77,83,86,96,102,104" machi="104" ten="30,7700,0" yaku="1,1,7,1,52,1,53,1" doraHai="81" doraHaiUra="95" who="1" fromWho="3" sc="128,0,229,93,336,0,297,-83" /><INIT seed="7,0,0,3,2,135" ten="128,322,336,214" oya="3" hai0="118,31,55,83,20,122,116,103,72,131,16,27,123" hai1="5,29,80,49,106,45,28,63,134,7,82,12,47" hai2="39,107,30,50,85,71,34,53,88,13,52,3,23" hai3="4,46,41,91,38,76,94,57,112,51,68,99,48"/><W130/><G68/><T109/><D103/><U77/><E106/><V98/><F39/><W89/><G112/><T60/><D109/><U114/><E114/><V35/><F3/><W0/><G130/><T81/><D72/><U54/><E134/><V6/><F71/><W75/><G57/><T44/><D131/><U25/><E63/><V67/><F67/><W108/><G108/><T24/><D60/><U22/><E29/><V90/><F107/><W87/><G87/><T121/><D55/><N who="2" m="21066" /><F35/><W37/><G89/><T1/><D44/><U100/><E100/><V86/><F34/><W95/><G95/><T102/><D102/><U61/><E61/><V11/><F50/><W79/><G79/><T33/><D81/><U15/><E47/><V40/><F40/><W97/><G97/><T129/><D83/><N who="1" m="31787" /><E77/><V96/><F86/><W9/><G76/><T32/><D129/><U26/><E26/><N who="2" m="16735" /><F90/><W69/><G69/><T128/><D128/><U42/><E42/><V104/><F104/><W113/><G113/><T133/><D133/><U2/><E2/><V119/><F119/><W111/><G111/><T19/><D1/><U70/><E70/><V21/><F21/><W36/><REACH who="3" step="1"/><G51/><REACH who="3" ten="128,322,336,204" step="2"/><T110/><D110/><U84/><E84/><V17/><F85/><W18/><G18/><N who="0" m="12311" /><D33/><U78/><E78/><V124/><F88/><W92/><G92/><T126/><D126/><U127/><E127/><V64/><F124/><W105/><G105/><T101/><D101/><U59/><E59/><V115/><F115/><W43/><G43/><T93/><D93/><U58/><E58/><RYUUKYOKU ba="0,1" sc="128,10,322,10,336,-30,204,10" hai0="16,19,27,31,32,116,118,121,122,123" hai1="5,7,12,15,22,25,28,45,49,54" hai3="0,4,9,36,37,38,41,46,48,75,91,94,99" /><INIT seed="7,1,1,1,4,19" ten="138,332,306,214" oya="3" hai0="121,2,84,128,112,55,56,124,38,129,96,44,72" hai1="0,102,53,30,65,58,60,91,27,35,48,34,32" hai2="69,47,1,61,99,50,73,89,18,78,6,37,51" hai3="117,14,135,57,76,93,119,79,15,106,20,86,133"/><W109/><G106/><T88/><D121/><U82/><E0/><V52/><F18/><N who="3" m="10327" /><G57/><T36/><D72/><U74/><E102/><V94/><F69/><W75/><G75/><T134/><D2/><U41/><E41/><N who="2" m="22959" /><F61/><W66/><G66/><T5/><D5/><U114/><E114/><V28/><F28/><W29/><G109/><T83/><D134/><N who="3" m="51209" /><G29/><T118/><D124/><U49/><E49/><V40/><F52/><W39/><G39/><T23/><D118/><N who="3" m="45065" /><G15/><T116/><D116/><U70/><REACH who="1" step="1"/><E91/><AGARI ba="1,1" hai="76,79,86,91,93" m="45065,51209,10327" machi="91" ten="30,2900,0" yaku="20,1,52,1" doraHai="19" who="3" fromWho="1" sc="138,0,332,-32,306,0,214,42" /><INIT seed="7,2,0,3,4,36" ten="138,300,306,256" oya="3" hai0="87,63,58,4,122,13,29,2,90,82,75,77,55" hai1="43,100,125,32,97,38,25,118,111,45,85,24,101" hai2="34,121,61,22,60,16,112,54,94,110,126,96,84" hai3="124,35,50,108,72,42,79,99,117,78,109,46,26"/><W28/><G117/><T105/><D122/><U76/><E111/><N who="3" m="42570" /><G72/><T103/><D2/><U15/><E125/><V127/><F110/><W5/><G124/><N who="2" m="47657" /><F121/><W83/><G83/><T68/><D68/><U0/><E0/><V48/><F112/><W134/><G134/><T131/><D131/><U40/><E32/><V81/><F34/><W1/><G99/><T129/><D129/><U135/><E135/><V62/><F84/><W115/><G115/><T65/><D29/><U116/><E85/><V49/><F81/><W132/><G132/><T107/><D65/><U113/><E76/><N who="3" m="29226" /><G1/><T73/><D73/><U130/><E130/><V53/><F53/><W8/><G8/><T10/><REACH who="0" step="1"/><D103/><REACH who="0" ten="128,300,306,256" step="2"/><U27/><E101/><N who="2" m="60567" /><F54/><W114/><G114/><T70/><D70/><U64/><E64/><V119/><F119/><W11/><G11/><T41/><D41/><U7/><E43/><V20/><F20/><W86/><G86/><T9/><D9/><N who="1" m="4543" /><E113/><V39/><F39/><W30/><G30/><T31/><D31/><U56/><E118/><V52/><F52/><W19/><G19/><T47/><D47/><U18/><E116/><V17/><F17/><W102/><G102/><T88/><D88/><U93/><E18/><V89/><F89/><W98/><G98/><T91/><D91/><U69/><E69/><V80/><F16/><W120/><G120/><T33/><D33/><U95/><E56/><V59/><F59/><W67/><G67/><T104/><D104/><U106/><E106/><V92/><F22/><W66/><G66/><T23/><D23/><U14/><E14/><RYUUKYOKU ba="2,1" sc="128,10,300,10,306,-30,256,10" hai0="4,10,13,55,58,63,75,77,82,87,90,105,107" hai1="24,25,27,38,40,45,93,95,97,100" hai3="5,26,28,35,42,46,50" /><INIT seed="7,3,1,5,2,103" ten="138,310,276,266" oya="3" hai0="62,42,94,119,118,72,110,74,81,57,107,55,25" hai1="79,73,5,90,89,52,21,7,39,134,86,130,22" hai2="31,15,38,70,78,95,12,3,121,88,129,80,17" hai3="35,113,65,131,133,111,77,2,87,24,97,28,66"/><W85/><G2/><T135/><D110/><U56/><E39/><V8/><F38/><W91/><G111/><T69/><D135/><U96/><E73/><V27/><F121/><W0/><G0/><T9/><D107/><U16/><E22/><V54/><F129/><W102/><G133/><T108/><D108/><U112/><E134/><V41/><F70/><W26/><G131/><T63/><D42/><U122/><E122/><V100/><F41/><W99/><G77/><T47/><D47/><U120/><E120/><V106/><F54/><W67/><G99/><T124/><D124/><U116/><E116/><V84/><F106/><W101/><G102/><T23/><D9/><U45/><E45/><V92/><F3/><W6/><G6/><N who="1" m="2058" /><E96/><N who="2" m="59423" /><F15/><W18/><G91/><T48/><D94/><U30/><E30/><V71/><F71/><W51/><G51/><T125/><D125/><U13/><E130/><V76/><F80/><W33/><G113/><T61/><D69/><U53/><E112/><V34/><F34/><W19/><G19/><T11/><D11/><U98/><E98/><V64/><F64/><W4/><G4/><T59/><D59/><U60/><E53/><V68/><F68/><W127/><G127/><T43/><D43/><U105/><E105/><V37/><F37/><W132/><G132/><T128/><D128/><U46/><E46/><V83/><F83/><AGARI ba="3,1" hai="13,16,21,52,56,60,79,83,86,89,90" m="2058" machi="83" ten="30,3900,0" yaku="8,1,54,2" doraHai="103" who="1" fromWho="2" sc="138,0,310,58,276,-48,266,0" owari="138,-36.0,368,46.0,228,-17.0,266,7.0" /></mjloggm>