<mjloggm ver="2.3"><GO type="169" lobby="0"/><UN n0="%E3%82%AB%E3%83%A9%E3%82%B9%E3%81%AE%E5%AD%90" n1="%E5%B0%B1%E6%B4%BB%E7%94%9F%40%E5%B7%9D%E6%9D%91%E8%BB%8D%E5%9B%A3" n2="%E6%96%B0%E9%96%8B%E5%96%84%E6%96%87" n3="%E7%99%BD%E9%BB%92%E7%A5%9E" dan="19,16,17,16" rate="2234.57,2041.87,2160.50,2150.21" sx="M,M,F,F"/><TAIKYOKU oya="0"/><INIT seed="0,0,0,4,3,125" ten="250,250,250,250" oya="0" hai0="84,119,132,77,28,32,50,22,98,92,120,101,49" hai1="124,85,59,39,75,20,1,37,33,72,66,30,53" hai2="74,6,73,79,100,21,15,126,55,19,7,27,24" hai3="110,56,41,93,67,102,54,128,63,103,26,112,133"/><T12/><D120/><U8/><E33/><V23/><F126/><W95/><G110/><T87/><D119/><U82/><E124/><V118/><F100/><W65/><G112/><T88/><D132/><U42/><E66/><V90/><F118/><W127/><G127/><T52/><D32/><U2/><E42/><V121/><F121/><W0/><G133/><T11/><D49/><U40/><E40/><V81/><F73/><N who="1" m="28233" /><E20/><V61/><F15/><W43/><G0/><N who="1" m="106" /><E30/><V131/><F90/><W107/><G107/><T36/><D36/><N who="1" m="13899" /><E8/><V69/><F23/><W13/><G13/><T99/><D77/><U51/><E85/><V117/><F21/><W105/><G105/><T14/><D99/><U76/><E82/><V96/><F96/><W10/><G10/><T46/><D11/><U68/><E68/><V108/><F69/><W17/><G17/><T9/><D9/><U64/><E64/><V4/><F19/><W31/><G31/><T129/><D87/><U70/><E70/><V111/><F117/><W115/><G67/><T45/><D45/><U57/><E76/><V104/><F79/><W71/><G71/><T35/><D35/><U5/><E5/><V123/><F6/><W109/><G65/><T122/><D28/><U130/><E59/><V89/><F7/><W106/><G43/><T34/><D34/><U25/><E25/><V29/><F4/><W44/><G41/><T78/><D78/><U47/><E57/><V114/><F27/><W58/><G56/><T80/><D22/><U94/><E94/><V97/><F24/><W135/><G26/><RYUUKYOKU ba="0,0" sc="250,-10,250,30,250,-10,250,-10" hai1="47,51,53,130" /><INIT seed="1,1,0,4,4,105" ten="240,280,240,240" oya="1" hai0="115,4,106,50,62,17,101,128,129,75,120,64,117" hai1="125,45,6,121,73,22,132,74,1,99,53,12,102" hai2="111,70,90,87,116,119,84,127,71,38,81,7,52" hai3="9,56,0,25,96,110,43,15,40,124,3,10,104"/><U103/><E121/><V36/><F111/><W41/><G110/><T88/><D117/><U135/><E1/><V42/><F127/><W100/><G124/><T130/><D115/><U91/><E125/><V89/><F7/><W108/><G108/><T69/><D120/><U131/><E131/><V33/><F33/><W66/><G25/><T118/><D118/><U51/><E91/><V16/><F42/><W23/><G23/><T13/><D4/><U107/><E102/><V126/><F126/><W8/><REACH who="3" step="1"/><G15/><REACH who="3" ten="240,280,240,230" step="2"/><T65/><D13/><U113/><E113/><V11/><F116/><W109/><G109/><T114/><D129/><U78/><E78/><V68/><F119/><W48/><G48/><T92/><D50/><U85/><E85/><V29/><F84/><W34/><G34/><T39/><D114/><U93/><E107/><V14/><F87/><W44/><G44/><T18/><D106/><U24/><E12/><V59/><F14/><W55/><G55/><T60/><D130/><U31/><REACH who="1" step="1"/><E6/><REACH who="1" ten="240,270,240,230" step="2"/><V28/><F89/><W58/><G58/><T32/><D128/><U67/><E67/><V97/><F90/><W72/><G72/><AGARI ba="1,2" hai="22,24,31,45,51,53,72,73,74,93,99,103,132,135" machi="72" ten="40,12000,1" yaku="1,1,52,3,53,0" doraHai="105" doraHaiUra="37" who="1" fromWho="3" sc="240,0,270,143,240,0,230,-123" /><INIT seed="1,2,0,4,2,8" ten="240,413,240,107" oya="1" hai0="0,36,67,112,109,103,38,18,62,24,71,61,5" hai1="51,43,23,11,7,95,63,3,47,87,85,114,111" hai2="4,107,1,35,69,79,72,125,123,134,98,13,2" hai3="76,116,128,20,110,65,50,9,101,94,19,126,28"/><U25/><E114/><V37/><RYUUKYOKU type="yao9" ba="2,0" sc="240,0,413,0,240,0,107,0" hai2="1,2,4,13,35,37,69,72,79,98,107,123,125,134" /><INIT seed="1,3,0,5,2,75" ten="240,413,240,107" oya="1" hai0="129,58,88,100,86,81,98,80,24,84,34,103,15" hai1="70,74,95,99,120,48,72,104,112,47,105,97,10" hai2="18,101,4,125,11,133,46,127,12,41,122,14,91" hai3="79,37,64,82,124,39,115,61,59,118,3,2,36"/><U31/><E70/><V87/><F122/><W52/><G115/><T9/><D129/><U55/><E120/><V21/><F101/><W77/><G118/><T1/><D1/><U93/><E112/><V83/><REACH who="2" step="1"/><F133/><REACH who="2" ten="240,413,230,107" step="2"/><W126/><G64/><T53/><D98/><U89/><E104/><V66/><F66/><W17/><G17/><T63/><D34/><U114/><E105/><V92/><F92/><W134/><G134/><T107/><D107/><U32/><E114/><V19/><F19/><W121/><G121/><T27/><D103/><U28/><E28/><V22/><F22/><W109/><G109/><T94/><D94/><U57/><E31/><V43/><F43/><W29/><G29/><T76/><D100/><U62/><E32/><V25/><F25/><W54/><G54/><T23/><D23/><U26/><E26/><V106/><F106/><W90/><G124/><T20/><D20/><U71/><E10/><V6/><F6/><AGARI ba="3,1" hai="6,9,15,24,27,53,58,63,76,80,81,84,86,88" machi="6" ten="30,7700,0" yaku="7,1,8,1,52,1,54,1" doraHai="75" who="0" fromWho="2" sc="240,96,413,0,230,-86,107,0" /><INIT seed="2,0,0,5,0,132" ten="336,413,144,107" oya="2" hai0="87,50,79,39,0,98,102,30,1,34,89,130,124" hai1="135,110,95,76,62,3,63,14,31,119,80,67,103" hai2="100,112,126,37,19,51,8,91,66,46,59,97,16" hai3="44,74,43,128,47,35,9,122,42,23,33,70,116"/><V10/><F112/><W104/><G74/><T36/><D130/><U28/><E3/><V133/><F37/><W41/><G104/><T29/><D79/><U18/><E135/><V24/><F133/><W64/><G116/><T48/><D34/><U108/><E119/><V105/><F91/><W7/><G128/><T56/><D56/><U72/><E95/><V65/><F65/><W118/><G118/><T90/><D87/><U111/><E103/><V53/><F126/><W71/><G122/><T85/><D85/><U73/><E63/><V68/><F68/><N who="3" m="26155" /><G64/><T101/><D98/><U92/><E92/><V121/><F121/><W113/><G23/><T120/><REACH who="0" step="1"/><D120/><REACH who="0" ten="326,413,144,107" step="2"/><U77/><E77/><V123/><F123/><W82/><G113/><T17/><D17/><U2/><E73/><V69/><F69/><W88/><G35/><T99/><D99/><U4/><E76/><V32/><F32/><W22/><G33/><T125/><AGARI ba="0,1" hai="0,1,29,30,36,39,48,50,89,90,101,102,124,125" machi="125" ten="25,12000,2" yaku="1,1,0,1,22,2,52,2,53,0" doraHai="132" doraHaiUra="61" who="0" fromWho="0" sc="326,130,413,-30,144,-60,107,-30" /><INIT seed="3,0,0,3,2,94" ten="456,383,84,77" oya="3" hai0="71,70,116,41,111,24,104,131,83,38,110,121,115" hai1="109,59,78,19,51,26,125,57,129,4,68,12,58" hai2="135,101,2,112,118,27,53,45,18,5,102,36,34" hai3="52,35,114,39,117,56,113,67,66,47,108,22,55"/><W93/><G117/><T69/><D116/><U17/><E68/><V127/><F118/><W92/><G35/><T61/><D121/><U65/><E109/><N who="0" m="41481" /><D131/><U49/><E125/><V133/><F112/><W0/><G108/><T50/><D115/><U40/><E129/><V124/><F36/><W134/><G0/><T85/><D104/><U122/><E122/><V98/><F101/><W64/><G22/><T13/><D24/><U23/><E78/><V105/><F53/><W10/><G10/><T100/><D100/><U107/><E4/><V29/><F45/><W89/><G134/><N who="2" m="51209" /><F18/><W80/><G80/><T33/><D33/><U25/><E107/><V123/><F123/><W73/><G93/><T7/><D38/><U91/><E91/><V128/><F128/><W14/><G14/><T30/><D30/><U62/><E25/><V82/><F82/><W15/><G15/><T1/><D1/><U16/><E17/><V81/><F81/><W48/><G73/><T74/><D74/><U63/><E40/><V86/><F86/><W79/><G79/><N who="0" m="46335" /><D13/><U11/><E59/><V37/><F37/><W6/><G6/><T96/><D7/><U90/><E90/><V88/><F88/><W106/><G106/><T77/><D77/><U31/><E31/><V130/><F130/><W99/><REACH who="3" step="1"/><G39/><REACH who="3" ten="456,383,84,67" step="2"/><T120/><D120/><U95/><E95/><V20/><F20/><W119/><G119/><T60/><D96/><U43/><E43/><V87/><F87/><W42/><G42/><T72/><D72/><U3/><E3/><V28/><F28/><W84/><G84/><RYUUKYOKU ba="0,1" sc="456,0,383,0,84,0,67,0" hai0="41,50,60,61,69,70,71" hai1="11,12,16,19,23,26,49,51,57,58,62,63,65" hai2="2,5,27,29,34,98,102,105,124,127" hai3="47,48,52,55,56,64,66,67,89,92,99,113,114" /><INIT seed="3,1,1,3,2,6" ten="456,383,84,67" oya="3" hai0="127,131,2,5,82,89,63,65,48,14,23,20,55" hai1="125,70,44,111,126,41,28,31,103,46,72,117,59" hai2="37,94,40,77,96,102,71,101,62,84,64,106,95" hai3="134,34,85,51,47,16,90,50,9,97,0,53,119"/><W99/><G134/><T56/><D131/><U45/><E70/><V17/><F37/><W29/><G119/><T33/><D33/><U3/><E3/><V49/><F101/><W114/><G114/><T69/><D127/><N who="1" m="48651" /><E72/><V52/><F40/><N who="3" m="24935" /><G34/><T121/><D121/><U129/><E41/><V135/><F135/><W93/><G29/><N who="1" m="11338" /><E103/><V120/><F120/><W19/><G0/><T15/><D2/><U100/><E100/><V88/><F95/><W68/><G19/><T66/><D66/><U36/><E36/><V24/><F77/><W124/><G68/><T108/><D108/><U7/><E7/><V73/><F73/><W128/><G128/><T109/><D109/><U74/><E74/><V67/><F67/><W30/><G30/><T130/><D130/><U122/><E111/><V107/><F107/><W4/><G4/><T58/><D69/><U38/><E38/><V13/><F24/><W86/><G99/><T110/><D110/><U79/><E129/><V39/><F39/><W91/><G91/><T43/><D43/><U133/><E79/><V60/><F71/><W18/><G18/><T27/><D5/><U92/><E133/><V61/><F64/><W54/><G124/><T105/><D105/><U8/><E92/><V112/><F112/><W115/><G115/><T80/><D80/><U75/><E75/><V81/><F106/><W22/><G22/><N who="0" m="8235" /><D27/><U42/><E122/><V78/><F102/><W1/><G1/><T35/><D35/><U21/><E117/><V123/><F123/><W116/><G116/><T76/><D76/><U10/><E42/><RYUUKYOKU ba="1,1" sc="456,30,383,-10,84,-10,67,-10" hai0="14,15,48,55,56,58,63,65,82,89" /><INIT seed="4,2,1,0,3,109" ten="486,373,74,57" oya="0" hai0="93,22,45,130,122,90,37,55,62,110,63,24,66" hai1="113,121,12,129,100,84,107,44,47,80,114,72,101" hai2="15,19,32,128,5,69,30,20,103,86,43,33,29" hai3="0,91,106,54,65,48,104,102,41,70,39,126,87"/><T9/><D122/><U16/><E72/><V123/><F69/><W96/><G126/><T97/><D130/><U116/><E121/><V132/><F103/><N who="1" m="39497" /><E107/><V125/><F43/><W4/><G106/><T27/><D110/><U75/><E75/><V60/><F60/><W7/><G0/><T36/><D9/><N who="1" m="6159" /><E116/><V1/><F86/><W61/><G41/><T11/><D11/><U131/><E47/><V18/><F123/><W58/><REACH who="3" step="1"/><G39/><REACH who="3" ten="486,373,74,47" step="2"/><T64/><D36/><U76/><E44/><V118/><F125/><W99/><G99/><T49/><D37/><U8/><E8/><N who="2" m="2095" /><F118/><W85/><G85/><T34/><D97/><U28/><E28/><N who="2" m="10859" /><F128/><AGARI ba="2,2" hai="76,80,84,113,114,128,129,131" m="6159,39497" machi="128" ten="30,7700,0" yaku="19,1,52,2,54,1" doraHai="109" who="1" fromWho="2" sc="486,0,373,103,74,-83,47,0" owari="486,58.0,476,28.0,-9,-51.0,47,-35.0" /></mjloggm>