<mjloggm ver="2.3"><GO type="225" lobby="0"/><UN n0="%E3%83%88%E3%83%88%E3%83%AA%E5%85%88%E7%94%9F%31%39%E6%AD%B3" n1="%E5%AE%AE%E5%AD%90" n2="%E9%BB%92%E5%B7%9D%E5%8D%83%E7%A7%8B" n3="%45%53%54%69" dan="17,17,16,17" rate="2145.52,2156.99,2144.46,2074.40" sx="F,M,M,M"/><TAIKYOKU oya="0"/><INIT seed="0,0,0,2,3,99" ten="250,250,250,250" oya="0" hai0="15,103,13,60,43,91,116,68,28,134,131,119,32" hai1="102,1,90,71,97,48,124,37,14,101,18,51,61" hai2="65,59,8,106,56,5,27,63,20,126,128,123,73" hai3="130,81,4,25,3,39,67,17,54,76,29,36,12"/><T108/><D131/><U84/><E37/><V22/><F123/><W133/><G130/><T122/><D122/><U16/><E1/><V83/><F128/><W89/><G67/><N who="0" m="41063" /><D91/><U53/><E124/><V93/><F106/><W105/><G105/><T19/><D19/><N who="1" m="7211" /><E71/><V40/><F126/><W34/><G89/><T24/><D43/><U2/><E2/><V55/><F40/><W100/><G100/><N who="1" m="38506" /><E97/><V38/><F38/><W88/><G36/><T21/><D32/><U69/><E69/><V23/><F73/><W72/><G39/><T113/><D103/><U107/><E107/><V42/><F42/><W7/><G3/><T26/><D116/><U112/><E112/><V62/><F93/><W52/><G4/><T121/><D113/><U31/><E31/><N who="2" m="17895" /><F83/><W45/><G7/><T118/><D121/><U30/><E30/><V110/><F110/><W75/><G75/><T120/><D108/><U92/><E14/><AGARI ba="0,0" hai="5,8,14,22,23,55,56,59,62,63,65" m="17895" machi="14" ten="30,1000,0" yaku="8,1" doraHai="99" who="2" fromWho="1" sc="250,0,250,-10,250,10,250,0" /><INIT seed="1,0,0,1,3,46" ten="250,240,260,250" oya="1" hai0="133,12,124,33,40,90,10,66,101,0,135,121,94" hai1="57,45,91,26,93,18,96,59,111,3,29,67,50" hai2="103,109,114,41,76,23,80,19,82,21,32,95,20" hai3="87,58,9,4,129,49,115,54,130,22,2,99,36"/><U60/><E3/><V71/><F32/><W70/><G115/><T75/><D33/><U98/><E111/><V72/><F71/><W83/><G70/><T107/><D75/><U13/><E57/><V47/><F109/><W28/><G36/><T132/><D0/><U56/><E56/><V63/><F114/><W73/><G73/><T48/><D124/><U44/><E96/><V1/><F1/><W6/><G6/><T108/><D108/><U120/><E120/><V88/><F63/><W31/><G99/><N who="0" m="61887" /><D66/><U11/><REACH who="1" step="1"/><E50/><REACH who="1" ten="250,230,260,250" step="2"/><V106/><F106/><W128/><REACH who="3" step="1"/><G22/><AGARI ba="0,1" hai="11,13,18,22,26,29,44,45,59,60,67,91,93,98" machi="22" ten="30,11600,0" yaku="1,1,2,1,7,1,8,1,53,0" doraHai="46" doraHaiUra="112" who="1" fromWho="3" sc="250,0,230,126,260,0,250,-116" /><INIT seed="1,1,0,2,2,19" ten="250,356,260,134" oya="1" hai0="51,89,97,123,111,16,85,2,100,33,12,61,64" hai1="8,129,6,5,92,133,93,24,116,36,106,66,23" hai2="56,84,115,135,81,1,54,39,86,125,104,72,105" hai3="28,103,127,68,78,13,58,121,95,52,20,77,49"/><U40/><E106/><V62/><F1/><W94/><G121/><T132/><D33/><U59/><E116/><V27/><F39/><W71/><G127/><T42/><D2/><U29/><E129/><V4/><F4/><W79/><G103/><T25/><D123/><U131/><E131/><V120/><F120/><W31/><G71/><T3/><D3/><U74/><E74/><V122/><F122/><W43/><G68/><T60/><D25/><U53/><E133/><V75/><F125/><W21/><G43/><T0/><D0/><U126/><E126/><V112/><F135/><W118/><G118/><T114/><D114/><N who="2" m="43562" /><F86/><W45/><G45/><N who="0" m="26039" /><D64/><U87/><E66/><V34/><F72/><W11/><G31/><T55/><D111/><U48/><E36/><V107/><F75/><W17/><G11/><T90/><D55/><U38/><E38/><V69/><F69/><W102/><G102/><T26/><D26/><AGARI ba="1,0" hai="13,17,20,21,26,28,49,52,58,77,78,79,94,95" machi="26" ten="40,8000,1" yaku="8,1,52,2,54,1" doraHai="19" who="3" fromWho="0" sc="250,-83,356,0,260,0,134,83" /><INIT seed="2,0,0,5,0,85" ten="167,356,260,217" oya="2" hai0="108,78,9,114,67,100,59,5,4,22,101,52,127" hai1="82,134,103,112,71,50,79,46,8,89,107,68,64" hai2="60,131,113,105,102,11,49,86,133,7,110,2,129" hai3="27,104,106,20,98,135,92,118,18,120,58,10,15"/><V42/><F113/><W99/><G135/><T1/><D114/><U62/><E112/><V73/><F73/><W121/><G118/><T16/><D108/><U19/><E134/><V87/><F133/><W29/><G99/><T32/><D32/><U70/><E103/><N who="0" m="39497" /><D1/><U116/><E107/><V83/><F110/><W37/><G37/><T41/><D127/><U84/><E116/><V74/><F74/><W57/><G106/><T33/><D33/><U111/><E111/><V76/><F86/><W44/><G104/><T93/><D41/><U94/><E19/><V54/><F60/><W28/><G44/><T40/><D40/><U51/><E8/><V53/><F42/><W109/><G109/><T55/><D78/><U130/><E130/><N who="2" m="49675" /><F49/><W24/><G121/><T96/><D67/><U43/><E51/><V34/><F34/><W39/><G39/><T23/><D23/><U30/><E30/><V124/><F124/><W75/><G120/><T12/><D9/><U123/><E123/><V95/><F105/><W26/><G75/><AGARI ba="0,0" hai="43,46,50,62,64,68,70,71,75,79,82,84,89,94" machi="75" ten="30,2000,0" yaku="7,1,52,1" doraHai="85" who="1" fromWho="3" sc="167,0,356,20,260,0,217,-20" /><INIT seed="3,0,0,2,1,113" ten="167,376,260,197" oya="3" hai0="27,90,87,70,73,40,17,108,16,19,117,5,20" hai1="118,131,89,52,8,14,65,94,95,120,85,105,48" hai2="110,15,51,2,29,93,77,84,125,41,31,22,129" hai3="98,10,7,72,42,132,3,134,12,114,61,57,0"/><W46/><G72/><T103/><D108/><U43/><E105/><V11/><F2/><W53/><G114/><T21/><D117/><U78/><E120/><V59/><F110/><W45/><G45/><T80/><D70/><U130/><E118/><V62/><F129/><W71/><G98/><T38/><D73/><U109/><E109/><V1/><F1/><W81/><G81/><T35/><D38/><U64/><E43/><V68/><F68/><W128/><G128/><N who="1" m="49194" /><E95/><V9/><F125/><W135/><REACH who="3" step="1"/><G71/><REACH who="3" ten="167,376,260,187" step="2"/><T49/><D103/><U69/><E69/><V88/><F77/><W83/><G83/><T63/><D63/><U133/><E78/><V39/><F62/><W111/><G111/><T107/><D107/><U82/><E82/><V24/><F39/><AGARI ba="0,1" hai="0,3,7,10,12,39,42,46,53,57,61,132,134,135" machi="39" ten="40,3900,0" yaku="1,1,20,1,53,0" doraHai="113" doraHaiUra="66" who="3" fromWho="2" sc="167,0,376,0,260,-39,187,49" /><INIT seed="3,1,0,0,0,35" ten="167,376,221,236" oya="3" hai0="53,127,122,80,4,73,9,111,107,25,20,128,34" hai1="1,92,51,66,109,81,98,42,15,100,110,31,22" hai2="130,56,26,6,13,33,125,37,133,71,54,2,85" hai3="134,84,86,87,14,70,32,113,97,79,116,38,106"/><W5/><G70/><T114/><D122/><U27/><E1/><V10/><F71/><W0/><G32/><T11/><D107/><U96/><E81/><V103/><F37/><W68/><G68/><T93/><D111/><N who="1" m="42507" /><E15/><V48/><F103/><W91/><G134/><T105/><D105/><U63/><E96/><V95/><F133/><W101/><G14/><T57/><D128/><U45/><E63/><V61/><F130/><W115/><G0/><T40/><D127/><U75/><E66/><V102/><F125/><W78/><G5/><T104/><D104/><U132/><E132/><V8/><F33/><W17/><G78/><T43/><D34/><U117/><E75/><V30/><F30/><W120/><G17/><T67/><D67/><U18/><E117/><V77/><F26/><W12/><G116/><T62/><D114/><U21/><E21/><V112/><F112/><W124/><G124/><T55/><D80/><U50/><E18/><V24/><F24/><W74/><G12/><T69/><D73/><U46/><E46/><V123/><F123/><W44/><G120/><T47/><D69/><U82/><E82/><V3/><F77/><W52/><G79/><T65/><D93/><U129/><E129/><V23/><F23/><W94/><G74/><T88/><D88/><U121/><E121/><V118/><F118/><W7/><G91/><T135/><D135/><U59/><E22/><V89/><F102/><W83/><G101/><T90/><D90/><U29/><E100/><V72/><F72/><W36/><G115/><T126/><D126/><U16/><E92/><RYUUKYOKU ba="1,0" sc="167,0,376,0,221,0,236,0" owari="167,-33.0,376,47.0,221,-18.0,236,4.0" /></mjloggm>