<mjloggm ver="2.3"><GO type="225" lobby="0"/><UN n0="%E6%9D%89%E6%B5%A6%E7%B6%BE%E4%B9%83%76" n1="%63%6F%61" n2="%E7%99%BD%E6%B2%B3%E3%81%84%E3%81%8A%E3%82%8A" n3="%E3%83%88%E3%83%88%E3%83%AA%E5%85%88%E7%94%9F%31%39%E6%AD%B3" dan="16,16,16,17" rate="2145.19,2028.14,2128.51,2130.35" sx="M,M,F,F"/><TAIKYOKU oya="0"/><INIT seed="0,0,0,2,1,96" ten="250,250,250,250" oya="0" hai0="2,36,124,101,25,90,5,95,115,107,78,111,112" hai1="125,60,84,129,117,35,55,59,28,57,63,40,120" hai2="110,68,91,33,21,118,1,56,7,12,48,51,127" hai3="16,105,66,85,27,64,73,37,53,102,98,116,114"/><T131/><D36/><U104/><E120/><V70/><F33/><W50/><G114/><T89/><D5/><U10/><E117/><V82/><F1/><W79/><G116/><T128/><D2/><U58/><E129/><N who="0" m="49737" /><D25/><U23/><E35/><V133/><F110/><W22/><G37/><T65/><D65/><U54/><E104/><V93/><F133/><W87/><G73/><T15/><D15/><U100/><E100/><V94/><F82/><W38/><G38/><T67/><D67/><U46/><E125/><V123/><F12/><W62/><G79/><T9/><D9/><U99/><E99/><V26/><F7/><W130/><G66/><T6/><D6/><U30/><E58/><V77/><F127/><W18/><G18/><T72/><D124/><U24/><E10/><V52/><F68/><W132/><G132/><T3/><D3/><U106/><E106/><V49/><F70/><W13/><G27/><T45/><D45/><U8/><E8/><V39/><F39/><W113/><G113/><N who="0" m="43595" /><D107/><U17/><E46/><V4/><F4/><W75/><G75/><T122/><D122/><U29/><E40/><V61/><F26/><W31/><G31/><T108/><D72/><U47/><E47/><V34/><F123/><W44/><REACH who="3" step="1"/><G130/><REACH who="3" ten="250,250,250,240" step="2"/><T81/><D78/><U119/><E119/><V42/><F77/><W121/><G121/><T83/><D111/><U109/><E109/><V0/><F118/><W126/><G126/><T20/><D108/><U71/><E71/><AGARI ba="0,1" hai="13,16,22,44,50,53,62,64,71,85,87,98,102,105" machi="71" ten="30,7700,0" yaku="1,1,7,1,52,1,54,1,53,0" doraHai="96" doraHaiUra="69" who="3" fromWho="1" sc="250,0,250,-77,250,0,240,87" /><INIT seed="1,0,0,1,2,48" ten="250,173,250,327" oya="1" hai0="49,79,76,3,100,25,73,135,37,86,70,96,62" hai1="56,9,126,44,1,77,122,72,23,90,42,45,112" hai2="115,55,8,17,121,27,123,43,67,120,13,26,15" hai3="103,105,102,50,106,29,108,88,39,125,78,129,52"/><U131/><E112/><V21/><F67/><W118/><G39/><T113/><D113/><U22/><E122/><V92/><F43/><W2/><G2/><T53/><D3/><U35/><E35/><V0/><F115/><W91/><G29/><T127/><D73/><U133/><E133/><V28/><F92/><W5/><G5/><T54/><D37/><N who="1" m="21583" /><E45/><V14/><F55/><N who="0" m="21002" /><D70/><U57/><E126/><V128/><F128/><W10/><G129/><T84/><D62/><U11/><E11/><V12/><F0/><W38/><G38/><T75/><D75/><U6/><E90/><V99/><F99/><N who="3" m="61663" /><G78/><N who="0" m="29739" /><D135/><U20/><E131/><V132/><F132/><W80/><G125/><T110/><D110/><U51/><E51/><V81/><F81/><AGARI ba="0,0" hai="1,6,9,20,22,23,56,57,72,77,81" m="21583" machi="81" ten="30,1500,0" yaku="25,1" doraHai="48" who="1" fromWho="2" sc="250,0,173,15,250,-15,327,0" /><INIT seed="1,1,0,2,2,38" ten="250,188,235,327" oya="1" hai0="16,83,96,114,53,22,128,123,63,35,110,10,61" hai1="68,20,109,101,6,55,127,91,1,51,93,62,70" hai2="75,34,11,92,126,60,58,77,132,67,52,40,116" hai3="24,5,4,74,85,107,42,76,56,3,23,39,78"/><U104/><E127/><V100/><F116/><W27/><G107/><T95/><D35/><U124/><E124/><V30/><F126/><W45/><G74/><T113/><D110/><U121/><E121/><V117/><F117/><W29/><G3/><T19/><D128/><U46/><E109/><V47/><F132/><W73/><G73/><T119/><D119/><U25/><E6/><V57/><F11/><W2/><G2/><T115/><D123/><U44/><E1/><V90/><F100/><W111/><G111/><T135/><D135/><U69/><E46/><V8/><F8/><W81/><G78/><T133/><D133/><U9/><E9/><V106/><F106/><W99/><G99/><T48/><D83/><U31/><E104/><V120/><F120/><W131/><G131/><T102/><D10/><U72/><E72/><V87/><F77/><W65/><G65/><T88/><D102/><U84/><REACH who="1" step="1"/><E101/><REACH who="1" ten="250,178,235,327" step="2"/><V97/><F75/><W80/><G4/><T15/><D114/><U49/><E49/><N who="2" m="26855" /><F34/><W21/><G5/><T66/><D113/><U64/><AGARI ba="1,1" hai="20,25,31,44,51,55,62,64,68,69,70,84,91,93" machi="64" ten="30,6000,0" yaku="1,1,0,1,53,1" doraHai="38" doraHaiUra="26" who="1" fromWho="1" sc="250,-21,178,73,235,-21,327,-21" /><INIT seed="1,2,0,4,0,75" ten="229,251,214,306" oya="1" hai0="36,127,41,115,88,99,80,93,24,27,117,58,23" hai1="3,45,94,125,71,29,101,82,111,66,51,95,81" hai2="87,12,7,26,114,86,120,83,63,16,91,6,47" hai3="4,113,39,129,62,60,52,92,35,17,79,106,32"/><U134/><E3/><V15/><F120/><W21/><G106/><T124/><D115/><U18/><E125/><N who="0" m="48201" /><D117/><U126/><E126/><V37/><F114/><W105/><G105/><T55/><D41/><U33/><E134/><V108/><F108/><W34/><G113/><T104/><D36/><U102/><E111/><V20/><F63/><W96/><G39/><T53/><D104/><U25/><E18/><V65/><F65/><W61/><G129/><T67/><D27/><U98/><E66/><V22/><F37/><W68/><G4/><N who="2" m="1577" /><F47/><W11/><G11/><T69/><D69/><U31/><E31/><N who="2" m="17863" /><F87/><W1/><G1/><T119/><D119/><U0/><E0/><V13/><AGARI ba="2,0" hai="12,13,15,16,22,83,86,91" m="17863,1577" machi="13" ten="30,2000,0" yaku="8,1,54,1" doraHai="75" who="2" fromWho="2" sc="229,-7,251,-12,214,26,306,-7" /><INIT seed="2,0,0,4,0,80" ten="222,239,240,299" oya="2" hai0="118,3,31,124,63,76,123,8,35,64,38,60,58" hai1="108,53,50,41,98,14,82,85,127,84,42,9,29" hai2="135,19,55,130,93,36,11,134,90,74,0,6,57" hai3="110,87,49,113,37,109,2,65,129,89,103,92,46"/><V23/><F36/><W71/><G2/><T32/><D123/><U95/><E108/><N who="3" m="41578" /><G37/><T99/><D38/><U48/><E29/><V5/><F74/><W111/><G111/><T67/><D124/><U94/><E127/><V69/><F69/><W26/><G113/><T119/><D99/><U16/><E94/><V51/><F6/><W21/><G129/><T15/><D3/><U131/><E131/><V120/><F120/><W28/><G103/><T33/><D76/><U66/><E66/><N who="0" m="25129" /><D58/><N who="1" m="33063" /><E82/><V44/><F44/><W122/><G65/><T61/><D31/><U45/><E42/><V77/><F77/><W73/><G73/><T96/><D96/><U52/><E41/><V75/><F75/><W104/><G104/><T128/><D128/><U4/><E4/><V54/><F54/><N who="3" m="30007" /><G122/><T83/><D83/><U34/><E34/><V102/><F102/><AGARI ba="0,0" hai="9,14,16,45,50,52,84,85,95,98,102" m="33063" machi="102" ten="30,8000,1" yaku="8,1,52,2,54,2" doraHai="80" who="1" fromWho="2" sc="222,0,239,80,240,-80,299,0" /><INIT seed="3,0,0,3,2,14" ten="222,319,160,299" oya="3" hai0="28,117,58,39,67,54,93,20,7,0,51,130,44" hai1="120,69,18,85,80,127,122,31,132,104,111,49,113" hai2="6,17,115,57,36,43,40,135,73,94,63,89,71" hai3="66,90,109,131,27,92,81,68,52,98,25,95,2"/><W37/><G2/><T75/><D7/><U74/><E113/><V103/><F115/><W102/><G37/><T99/><D0/><U79/><E69/><V24/><F135/><W26/><G109/><T12/><D75/><U86/><E104/><V41/><F71/><W11/><G131/><T38/><D130/><U87/><E31/><V19/><F73/><W134/><G134/><T42/><D117/><U88/><E132/><V101/><F6/><W23/><G11/><T133/><D133/><U59/><E18/><N who="2" m="6667" /><F24/><W30/><G81/><T61/><D12/><U72/><E80/><V65/><F36/><W13/><G13/><T4/><D4/><U32/><E32/><V8/><F8/><W123/><G66/><T119/><D119/><U16/><E72/><V108/><F108/><W21/><G68/><T48/><D48/><U35/><E49/><V84/><AGARI ba="0,0" hai="40,41,43,57,63,65,84,89,94,101,103" m="6667" machi="84" ten="30,7900,0" yaku="8,1,52,3" doraHai="14" who="2" fromWho="2" sc="222,-20,319,-20,160,79,299,-39" /><INIT seed="4,0,0,0,3,135" ten="202,299,239,260" oya="0" hai0="58,33,117,87,45,63,83,21,60,119,118,16,56" hai1="22,126,50,85,4,100,76,46,67,0,23,109,105" hai2="125,96,18,32,53,17,20,123,124,7,62,68,129" hai3="99,57,89,74,30,84,94,131,15,108,110,102,26"/><T82/><D33/><U8/><E109/><V9/><F123/><W48/><G131/><T6/><D6/><U93/><E126/><N who="2" m="48747" /><F32/><W25/><G74/><T121/><D121/><U104/><E67/><N who="2" m="41079" /><F129/><W71/><G71/><T90/><D45/><U101/><E105/><V112/><F112/><W28/><G15/><T111/><D111/><U11/><E11/><V47/><F96/><W127/><G127/><T2/><D2/><U24/><E104/><V86/><F86/><W72/><G72/><T27/><REACH who="0" step="1"/><D83/><REACH who="0" ten="192,299,239,260" step="2"/><U103/><E0/><N who="2" m="231" /><F20/><W43/><G108/><T37/><D37/><U97/><E23/><V92/><F92/><W134/><G110/><T64/><D64/><U79/><E22/><V40/><F53/><W10/><G10/><T41/><D41/><U114/><E8/><V70/><F70/><W91/><G43/><T120/><D120/><U34/><E93/><V116/><F116/><W78/><G94/><T38/><D38/><AGARI ba="0,1" hai="17,18,38,40,47" m="231,41079,48747" machi="38" ten="30,7700,0" yaku="18,1,52,3" doraHai="135" who="2" fromWho="0" sc="192,-77,299,0,239,87,260,0" owari="115,-38.0,299,10.0,326,42.0,260,-14.0" /></mjloggm>