<mjloggm ver="2.3"><GO type="97" lobby="0"/><UN n0="%E5%B0%B1%E6%B4%BB%E7%94%9F%40%E5%B7%9D%E6%9D%91%E8%BB%8D%E5%9B%A3" n1="%E3%81%99%E3%82%81%E3%81%97" n2="%6B%61%75%74%65%6E" n3="%E9%A6%AC%E9%B9%BF%E3%81%A0%E3%81%AA%E4%BF%BA" dan="15,14,14,15" rate="1953.33,2040.66,1901.35,2000.91" sx="M,M,M,M"/><TAIKYOKU oya="0"/><INIT seed="0,0,0,5,1,130" ten="250,250,250,250" oya="0" hai0="40,103,112,131,48,86,70,30,23,85,12,101,89" hai1="95,64,123,96,71,0,77,9,129,132,106,11,56" hai2="31,98,34,16,81,92,45,74,82,72,53,4,94" hai3="100,47,80,46,110,87,20,79,65,1,2,107,90"/><T105/><D112/><U69/><E123/><V128/><F128/><W97/><G110/><T76/><D70/><U83/><E106/><V22/><F4/><W91/><G65/><T118/><D131/><U73/><E129/><V125/><F125/><W117/><G117/><T6/><D105/><U37/><E37/><V121/><F121/><W15/><G47/><N who="0" m="25703" /><D118/><U111/><E111/><V135/><F34/><W57/><G46/><T75/><D75/><U3/><E11/><V127/><F31/><W134/><G91/><T124/><D124/><U42/><E42/><V52/><F127/><W102/><G102/><N who="0" m="38923" /><D76/><U28/><E3/><V19/><F22/><W27/><G2/><T84/><D6/><U51/><E69/><V35/><F35/><W41/><G1/><T113/><D113/><U25/><E71/><V88/><F98/><W29/><G41/><T78/><D78/><U114/><E114/><V43/><F45/><W18/><G79/><T119/><D119/><U68/><E68/><V108/><F43/><W93/><G107/><T126/><D126/><U133/><E0/><V116/><F108/><W44/><G44/><T67/><D67/><U49/><E9/><V10/><F10/><W36/><G36/><T17/><D30/><U55/><E64/><V122/><F122/><W60/><G134/><N who="1" m="51818" /><E51/><V62/><F135/><W120/><G120/><T99/><D99/><U63/><E49/><V58/><F116/><W50/><G50/><T115/><D115/><U32/><E96/><V61/><F58/><W8/><G57/><T66/><D66/><U104/><E104/><RYUUKYOKU ba="0,0" sc="250,0,250,0,250,0,250,0" hai0="12,17,23,84,85,86,89" hai1="25,28,32,55,56,63,73,77,83,95" hai2="16,19,52,53,61,62,72,74,81,82,88,92,94" hai3="8,15,18,20,27,29,60,80,87,90,93,97,100" /><INIT seed="0,1,0,0,1,28" ten="250,250,250,250" oya="0" hai0="85,125,82,120,77,45,16,10,4,73,12,5,116" hai1="33,23,68,36,21,54,7,19,112,96,131,102,47" hai2="127,60,64,100,11,99,49,113,2,8,43,25,75" hai3="98,84,53,83,35,52,121,78,130,3,86,74,72"/><T32/><D120/><U119/><E119/><V91/><F113/><W105/><G3/><T107/><D116/><U79/><E68/><V17/><F127/><W97/><G121/><T109/><D125/><U56/><E131/><V58/><F75/><W111/><G130/><T39/><D107/><U110/><E112/><V37/><F37/><W51/><G111/><T104/><D104/><U20/><E110/><V115/><F115/><W48/><G105/><T22/><D109/><U1/><E79/><V61/><F61/><W46/><G35/><T34/><D85/><U15/><E33/><V95/><F2/><W90/><G74/><T0/><D4/><U70/><E70/><V81/><F43/><AGARI ba="1,0" hai="0,5,10,12,16,22,32,34,39,43,45,73,77,82" machi="43" ten="40,12000,1" yaku="25,2,52,2,54,1" doraHai="28" who="0" fromWho="2" sc="250,123,250,0,250,-123,250,0" /><INIT seed="0,2,0,2,3,52" ten="373,250,127,250" oya="0" hai0="104,116,14,83,31,130,4,32,25,20,92,94,68" hai1="60,18,89,102,46,78,126,5,65,87,12,98,135" hai2="47,95,36,67,9,7,121,91,49,76,85,106,128" hai3="2,38,120,119,71,84,134,53,48,10,34,26,109"/><T112/><D104/><U69/><E135/><V44/><F121/><W123/><G38/><T125/><D68/><U39/><E126/><V1/><F106/><W129/><G71/><T30/><D116/><U41/><E5/><V72/><F128/><W132/><G119/><T110/><D112/><U15/><E78/><V108/><F67/><W29/><G129/><T73/><D125/><U133/><E133/><N who="3" m="51306" /><G84/><T82/><D130/><U114/><E114/><V19/><F19/><W62/><G62/><T33/><D110/><U11/><E15/><V100/><F100/><W122/><G109/><T23/><D73/><U45/><E45/><V37/><F108/><W70/><G70/><T80/><D4/><U35/><E35/><N who="0" m="13385" /><D25/><U40/><E40/><V103/><F103/><W27/><G26/><T111/><D14/><U75/><E75/><V127/><F127/><W43/><G43/><T113/><D113/><U59/><E69/><V3/><F3/><W93/><G93/><N who="0" m="35947" /><D111/><U74/><E74/><V50/><F44/><N who="3" m="27783" /><G2/><T61/><D61/><U51/><E39/><V105/><F105/><W63/><G63/><T81/><N who="0" m="20992" /><DORA hai="54" /><T79/><D79/><U6/><E6/><V42/><F76/><W21/><G34/><T115/><D115/><U77/><E77/><V0/><F0/><W96/><G96/><T107/><D107/><U117/><E117/><V28/><F72/><W64/><G123/><T58/><D58/><U55/><E98/><V97/><F97/><W101/><G122/><T16/><D16/><U131/><E131/><V8/><F36/><W56/><G120/><RYUUKYOKU ba="2,0" sc="373,30,250,-10,127,-10,250,-10" hai0="20,23,30,31" /><INIT seed="0,3,0,2,1,89" ten="403,240,117,240" oya="0" hai0="29,79,101,54,92,6,16,116,30,87,80,74,32" hai1="39,53,1,97,48,84,15,133,66,102,111,123,47" hai2="17,5,34,45,129,115,135,36,52,70,125,49,14" hai3="8,88,75,46,122,56,103,4,72,57,100,28,78"/><T11/><D116/><U40/><E123/><V19/><F70/><W38/><G28/><T107/><D32/><U31/><E1/><V33/><F115/><W99/><G122/><T50/><D107/><U108/><E133/><V13/><F125/><W124/><G124/><T60/><D60/><U26/><E66/><V61/><F135/><W120/><G120/><T98/><D74/><U42/><E84/><V121/><F121/><W109/><G109/><N who="1" m="42058" /><E15/><V77/><F129/><W20/><G20/><T110/><D110/><U90/><E90/><V113/><F113/><W3/><G75/><T35/><D35/><N who="1" m="20983" /><E39/><V24/><F36/><W83/><G57/><N who="0" m="32983" /><D6/><U82/><E82/><V68/><F77/><W95/><G56/><T106/><D106/><AGARI ba="3,0" hai="40,42,47,48,53,97,102,106" m="20983,42058" machi="106" ten="30,1000,0" yaku="14,1" doraHai="89" who="1" fromWho="0" sc="403,-19,240,19,117,0,240,0" /><INIT seed="1,0,0,4,4,48" ten="384,259,117,240" oya="1" hai0="88,99,75,86,102,123,24,16,78,76,68,77,57" hai1="11,41,69,101,34,124,43,29,35,27,90,4,32" hai2="7,97,134,1,70,122,115,5,66,14,114,21,71" hai3="42,128,53,33,109,120,113,91,106,12,82,52,81"/><U131/><E69/><V96/><F21/><W30/><G113/><T62/><D68/><N who="2" m="26154" /><F66/><W40/><G120/><T72/><D123/><U127/><E131/><V74/><F74/><W117/><G106/><T80/><D24/><U79/><E79/><V3/><F122/><W10/><G128/><T60/><D16/><U130/><E130/><V64/><F14/><W8/><G33/><T110/><D110/><U87/><E101/><V61/><F61/><W2/><G109/><T100/><D62/><U104/><E104/><V126/><F64/><W22/><G117/><T65/><REACH who="0" step="1"/><D102/><REACH who="0" ten="374,259,117,240" step="2"/><U116/><E116/><V56/><F7/><N who="3" m="3103" /><G2/><N who="2" m="521" /><F5/><W83/><G10/><T26/><D26/><U15/><E27/><V28/><F28/><W84/><G30/><T19/><D19/><U17/><E17/><V125/><F56/><W118/><G22/><T103/><D103/><U18/><E18/><V38/><F38/><W112/><G118/><T9/><D9/><U49/><E29/><V59/><F59/><W85/><G112/><N who="2" m="43049" /><F134/><W105/><G105/><AGARI ba="0,1" hai="57,60,65,72,75,76,77,78,80,86,88,99,100,105" machi="105" ten="40,2600,0" yaku="1,1,54,1,53,0" doraHai="48" doraHaiUra="121" who="0" fromWho="3" sc="374,36,259,0,117,0,240,-26" /><INIT seed="2,0,0,2,3,44" ten="410,259,117,214" oya="2" hai0="24,37,31,57,47,51,87,109,42,0,70,8,108" hai1="102,77,121,126,110,54,91,11,33,32,122,53,73" hai2="75,16,80,30,61,23,92,114,131,27,9,1,105" hai3="111,129,40,59,86,123,116,119,94,39,22,14,101"/><V84/><F114/><W71/><G71/><T106/><D70/><U25/><E110/><N who="0" m="42601" /><D106/><U52/><E126/><V76/><F105/><W6/><G111/><T28/><D87/><U115/><E115/><V117/><F117/><W93/><G123/><N who="1" m="47114" /><E102/><V20/><F131/><W68/><G68/><T5/><D24/><U133/><E133/><V43/><F43/><W56/><G129/><T4/><D4/><U35/><E11/><V65/><F1/><W97/><G39/><T60/><D37/><U95/><E25/><V132/><F132/><W130/><G130/><T7/><D7/><U2/><E2/><V50/><F9/><W12/><G119/><T125/><D125/><U107/><E107/><V82/><F92/><W18/><G40/><T98/><D98/><U88/><E95/><V41/><F80/><AGARI ba="0,0" hai="32,33,35,52,53,54,73,77,80,88,91" m="47114" machi="80" ten="40,5200,0" yaku="13,1,54,2" doraHai="44" who="1" fromWho="2" sc="410,0,259,52,117,-52,214,0" /><INIT seed="3,0,0,2,5,39" ten="410,311,65,214" oya="3" hai0="64,72,78,93,7,49,85,20,125,32,70,120,67" hai1="94,115,21,23,133,13,132,129,84,2,56,107,17" hai2="82,62,52,0,95,118,127,42,15,98,3,89,76" hai3="5,35,124,33,53,18,10,75,134,109,55,63,106"/><W57/><G106/><T88/><D32/><U50/><E107/><V58/><F118/><W113/><G75/><T91/><D70/><U77/><E115/><V47/><F127/><W59/><G113/><T43/><D72/><U66/><E2/><V36/><REACH who="2" step="1"/><F15/><REACH who="2" ten="410,311,55,214" step="2"/><W37/><G124/><T8/><D125/><U96/><E13/><V101/><F101/><W28/><G134/><T69/><D69/><U110/><E133/><V31/><F31/><W1/><G109/><T24/><D120/><U81/><E132/><V117/><F117/><W130/><G130/><T128/><D128/><U44/><E129/><V114/><F114/><W135/><G135/><T83/><D8/><U46/><E110/><V79/><F79/><W87/><G28/><N who="0" m="17415" /><D7/><U45/><E17/><V60/><F60/><W71/><G5/><T68/><D68/><U99/><E77/><V80/><F80/><W29/><G71/><T12/><D12/><U126/><E126/><V40/><F40/><W6/><G29/><T97/><D78/><U104/><E81/><V41/><F41/><W102/><G18/><T9/><D9/><U54/><E21/><V30/><F30/><W108/><G108/><T26/><D26/><U122/><E23/><V14/><F14/><W22/><G102/><T4/><D4/><U112/><E122/><V51/><F51/><N who="3" m="30911" /><G37/><T131/><D131/><U92/><E112/><V105/><F105/><W74/><G22/><T103/><D103/><U27/><E104/><V90/><F90/><W100/><G100/><T25/><D25/><U48/><E27/><V121/><F121/><RYUUKYOKU ba="0,1" sc="410,15,311,-15,55,15,214,-15" hai0="43,49,64,67,83,85,88,91,93,97" hai2="0,3,36,42,47,52,58,62,76,82,89,95,98" owari="435,53.0,296,10.0,70,-43.0,199,-20.0" /></mjloggm>