<mjloggm ver="2.3"><GO type="169" lobby="0"/><UN n0="%E3%82%A6%E3%83%AB%E3%83%88%E3%83%A9%E7%AB%8B%E7%9B%B4" n1="%2D%E7%81%BC%E7%86%B1%E3%83%8E%E6%B3%A2%E5%8B%95%2D" n2="%6F%6E%65%73%74%61%72" n3="%E3%83%89%E3%83%A9%EF%BC%91%EF%BC%92%EF%BC%90%EF%BC%85" dan="16,17,16,16" rate="2109.17,2074.32,2127.88,2102.48" sx="M,M,M,M"/><TAIKYOKU oya="0"/><INIT seed="0,0,0,2,5,69" ten="250,250,250,250" oya="0" hai0="83,80,122,89,58,70,66,26,82,132,98,107,134" hai1="48,123,22,86,30,7,116,28,37,19,127,90,129" hai2="24,23,50,5,76,8,113,77,0,57,130,92,43" hai3="96,16,131,39,133,38,128,120,95,20,115,81,114"/><T61/><D122/><U110/><E123/><V74/><F113/><N who="3" m="43019" /><G120/><T109/><D109/><U15/><E116/><V71/><F130/><N who="3" m="49707" /><G81/><T84/><D58/><U102/><E129/><V41/><F71/><W111/><G133/><N who="0" m="51307" /><D26/><U35/><E110/><V67/><F74/><W126/><G126/><T40/><D40/><U100/><E127/><V135/><F135/><W29/><G29/><N who="1" m="11370" /><E35/><V108/><F108/><W72/><G72/><T52/><D52/><U94/><E7/><V91/><F43/><W9/><G9/><T112/><D112/><U6/><E6/><V64/><F41/><W56/><G56/><T97/><D97/><U63/><E63/><V65/><F57/><W75/><G75/><T51/><D51/><U27/><E37/><V31/><REACH who="2" step="1"/><F50/><REACH who="2" ten="250,250,240,250" step="2"/><W59/><G59/><T55/><D55/><U104/><E48/><V79/><F79/><W106/><G111/><T124/><D124/><U11/><E104/><V103/><F103/><AGARI ba="0,1" hai="61,66,70,80,82,83,84,89,98,103,107" m="51307" machi="103" ten="30,1500,0" yaku="20,1" doraHai="69" who="0" fromWho="2" sc="250,25,250,0,240,-15,250,0" /><INIT seed="0,1,0,1,0,117" ten="275,250,225,250" oya="0" hai0="64,1,26,98,110,40,43,79,80,67,60,73,99" hai1="6,129,8,82,27,56,5,33,132,57,49,125,106" hai2="42,121,94,48,84,37,17,78,83,46,24,3,34" hai3="13,128,123,90,86,18,12,22,85,103,29,75,116"/><T45/><D1/><U119/><E106/><V25/><F3/><W133/><G116/><T9/><D110/><U100/><E119/><V115/><F115/><W102/><G75/><T30/><D9/><U65/><E132/><V69/><F69/><W51/><G133/><T16/><D16/><U127/><E100/><N who="3" m="38442" /><G128/><T88/><D88/><U20/><E33/><V11/><F34/><W0/><G0/><T71/><D64/><U81/><E129/><V111/><F111/><W105/><G105/><T122/><D122/><U23/><E65/><V126/><F126/><W108/><G108/><T135/><D135/><U54/><E8/><V68/><F68/><W72/><G72/><T14/><D14/><U107/><E107/><V89/><F121/><W4/><G29/><T53/><D53/><U95/><E54/><V131/><F37/><W134/><G134/><T31/><D43/><U50/><E27/><V10/><F131/><W91/><G51/><T19/><D19/><U61/><E61/><V36/><F36/><W118/><G123/><T62/><D60/><U120/><E120/><V113/><F113/><W87/><G118/><T76/><D76/><U101/><E95/><V44/><F44/><W63/><G63/><T21/><REACH who="0" step="1"/><D30/><REACH who="0" ten="265,250,225,250" step="2"/><U39/><E127/><V15/><F11/><AGARI ba="1,1" hai="4,11,12,13,18,22,85,86,87,90,91" m="38442" machi="11" ten="30,1000,0" yaku="8,1" doraHai="117" who="3" fromWho="2" sc="265,0,250,0,225,-13,250,23" /><INIT seed="1,0,0,0,2,40" ten="265,250,212,273" oya="1" hai0="80,8,85,7,98,129,18,20,127,63,11,39,64" hai1="69,38,51,96,53,21,101,56,34,37,116,54,93" hai2="66,82,90,75,124,4,81,117,108,5,132,94,25" hai3="59,19,110,89,30,112,49,45,47,134,114,65,32"/><U1/><E34/><V26/><F117/><W130/><G110/><T57/><D127/><U46/><E116/><V14/><F108/><W61/><G130/><T10/><D39/><U122/><E1/><V24/><F124/><W115/><G134/><T42/><D42/><U73/><E73/><V83/><F132/><W62/><G32/><T31/><D31/><U133/><E122/><V121/><F121/><W55/><G30/><T17/><D129/><U72/><E72/><V41/><F75/><W36/><G19/><T86/><D98/><U118/><E118/><V97/><F66/><N who="3" m="39231" /><G89/><T105/><D105/><U125/><E125/><V84/><F41/><N who="3" m="22695" /><G114/><T6/><D86/><U104/><E133/><V48/><F14/><W135/><G135/><T28/><D28/><U70/><E21/><V113/><F113/><W87/><G87/><T29/><D29/><U103/><E103/><V99/><F48/><W78/><G78/><N who="0" m="46231" /><D18/><U50/><E104/><V102/><REACH who="2" step="1"/><F97/><REACH who="2" ten="265,250,202,273" step="2"/><W79/><G79/><T60/><D60/><U131/><E131/><V88/><F88/><W12/><G12/><AGARI ba="0,1" hai="6,7,8,10,11,12,17,20,57,63,64" m="46231" machi="12" ten="30,1000,0" yaku="8,1" doraHai="40" who="0" fromWho="3" sc="265,20,250,0,202,0,273,-10" /><INIT seed="2,0,0,4,3,37" ten="285,250,202,263" oya="2" hai0="121,77,25,108,98,56,128,59,80,34,61,15,22" hai1="87,133,20,78,5,17,110,134,29,23,126,54,26" hai2="70,116,84,79,93,132,0,21,53,28,55,123,92" hai3="106,39,120,114,72,135,35,38,100,64,86,103,24"/><V118/><F123/><W83/><G72/><T109/><D121/><U43/><E110/><N who="0" m="42601" /><D128/><U111/><E111/><V8/><F70/><W129/><G120/><T30/><D98/><U3/><E126/><V69/><F69/><W14/><G129/><T89/><D89/><U85/><E78/><V105/><F105/><W42/><G135/><N who="1" m="51722" /><E43/><V107/><F132/><W81/><G64/><T9/><D61/><U95/><E95/><V45/><F107/><W119/><G119/><T13/><D34/><U115/><E115/><V41/><F21/><W12/><G114/><T90/><D90/><U33/><E54/><V50/><F28/><W94/><G106/><T130/><D130/><U91/><E91/><V52/><F93/><W6/><G100/><T71/><D71/><U19/><E87/><V76/><F92/><W60/><G60/><T101/><D101/><U82/><E85/><V104/><F104/><W49/><G103/><T125/><D125/><U124/><E82/><V46/><F46/><N who="3" m="25815" /><G94/><T122/><D122/><U51/><E51/><V97/><F97/><W16/><G83/><T31/><D31/><U62/><E62/><V112/><F112/><W2/><G39/><T7/><D59/><U27/><E124/><V40/><F84/><W1/><G38/><T75/><D56/><U99/><E99/><V66/><F116/><W44/><G44/><T96/><D96/><U113/><E113/><V47/><F118/><W63/><G63/><T67/><D67/><U65/><E65/><V10/><F66/><W48/><G48/><T73/><D73/><U57/><E57/><RYUUKYOKU ba="0,0" sc="285,30,250,-10,202,-10,263,-10" hai0="7,9,13,15,22,25,30,75,77,80" /><INIT seed="3,1,0,2,0,106" ten="315,240,192,253" oya="3" hai0="7,95,113,4,34,134,76,85,103,108,25,53,41" hai1="17,93,3,8,55,57,125,60,22,5,0,107,126" hai2="40,56,32,118,96,26,54,48,59,123,135,69,97" hai3="70,49,75,129,42,62,128,110,47,78,15,12,38"/><W24/><G110/><T114/><D41/><U30/><E107/><V92/><F118/><W33/><G49/><T35/><D134/><U72/><E72/><V68/><F135/><W133/><G133/><T121/><D121/><U23/><E0/><V109/><F123/><W91/><G91/><T82/><D53/><U21/><E93/><V20/><F32/><N who="0" m="12330" /><D25/><U27/><REACH who="1" step="1"/><E22/><REACH who="1" ten="315,230,192,253" step="2"/><V94/><F109/><W66/><G129/><T86/><D108/><U1/><E1/><V9/><F94/><W74/><G128/><T98/><D86/><U84/><E84/><V81/><F92/><W100/><G75/><T11/><D11/><U111/><E111/><V37/><F20/><W43/><G74/><T58/><D95/><U36/><E36/><V99/><F37/><W131/><G38/><T104/><D104/><U80/><E80/><V50/><F81/><W79/><G131/><T89/><D98/><U16/><E16/><V88/><F9/><W105/><G105/><T102/><D85/><U18/><E18/><V10/><F10/><W61/><G33/><T52/><D82/><U65/><E65/><V112/><F97/><W87/><G66/><T132/><D132/><U101/><E101/><V51/><F99/><W124/><G100/><T45/><D103/><U115/><E115/><V73/><F112/><W130/><G130/><T14/><D102/><U19/><E19/><V90/><F96/><W29/><G87/><T127/><D114/><U6/><E6/><V63/><F73/><W116/><G79/><T77/><D77/><U64/><E64/><V120/><F120/><RYUUKYOKU ba="1,1" sc="315,-10,230,30,192,-10,253,-10" hai1="3,5,8,17,21,23,27,30,55,57,60,125,126" /><INIT seed="4,2,1,3,0,125" ten="305,260,182,243" oya="0" hai0="80,40,126,32,83,129,48,123,73,120,8,3,39" hai1="103,30,52,109,68,122,71,119,97,133,10,0,74" hai2="91,46,34,79,38,111,44,127,134,75,12,35,89" hai3="33,90,1,130,98,63,70,45,95,42,101,21,4"/><T25/><D48/><U59/><E122/><V9/><F127/><W13/><G33/><T106/><D83/><U132/><E109/><V82/><F111/><W131/><G1/><T72/><D106/><U105/><E119/><V17/><F134/><N who="1" m="51817" /><E74/><N who="0" m="28777" /><D80/><U29/><E0/><V26/><F38/><W107/><G70/><N who="1" m="26666" /><E10/><V19/><F35/><W2/><G63/><AGARI ba="2,1" hai="29,30,52,59,63,97,103,105" m="26666,51817" machi="63" ten="30,2000,0" yaku="20,1,54,1" doraHai="125" who="1" fromWho="3" sc="305,0,260,36,182,0,243,-26" /><INIT seed="5,0,0,1,4,18" ten="305,296,182,217" oya="1" hai0="92,12,74,111,93,116,103,4,20,127,11,35,36" hai1="77,84,98,82,14,34,113,31,68,133,48,81,131" hai2="87,7,2,134,6,16,112,89,106,37,53,88,107" hai3="32,52,114,95,55,13,39,43,30,69,40,62,72"/><U38/><E38/><V67/><F37/><W86/><G72/><T27/><D111/><U130/><E113/><V59/><F67/><W15/><G114/><T50/><D36/><U42/><E133/><V124/><F112/><W76/><G32/><T108/><D108/><U71/><E98/><V109/><F109/><W125/><G125/><T105/><D116/><U24/><E14/><N who="3" m="5130" /><G30/><T123/><D127/><U79/><E48/><V21/><F124/><W56/><G69/><T117/><D74/><U65/><E42/><N who="3" m="15914" /><G39/><T26/><D117/><U80/><E80/><V101/><F134/><W8/><G8/><T61/><D35/><U122/><E122/><V110/><F2/><W85/><G76/><T3/><D3/><U78/><E78/><V41/><F41/><W96/><G55/><T46/><D105/><U99/><E65/><V91/><F87/><W29/><G29/><T45/><D11/><U90/><E79/><V1/><F110/><W66/><G66/><T25/><D123/><U44/><E44/><V33/><F33/><W54/><G54/><T75/><D46/><U70/><REACH who="1" step="1"/><E99/><REACH who="1" ten="305,286,182,217" step="2"/><V132/><F132/><W118/><G118/><T5/><D45/><U115/><E115/><V22/><F1/><W28/><G28/><T102/><D12/><U97/><E97/><V121/><F121/><W23/><G23/><T58/><D20/><U63/><E63/><V47/><F22/><W129/><G129/><T60/><D60/><U17/><E17/><V0/><F21/><W57/><G57/><T83/><D58/><U104/><E104/><N who="2" m="39979" /><F0/><W10/><G10/><RYUUKYOKU ba="0,1" sc="305,-15,286,15,182,-15,217,15" hai1="24,31,34,68,70,71,77,81,82,84,90,130,131" hai3="52,56,62,85,86,95,96" /><INIT seed="5,1,1,5,1,6" ten="290,301,167,232" oya="1" hai0="56,21,89,46,11,81,53,91,39,103,10,33,83" hai1="69,44,85,52,12,55,3,18,123,95,4,59,129" hai2="35,133,100,5,106,27,68,20,92,124,80,105,135" hai3="58,15,67,16,75,72,120,78,107,134,96,86,71"/><U110/><E123/><V50/><F68/><W30/><G30/><T60/><D33/><U61/><E69/><V62/><F124/><W42/><G42/><T54/><D103/><U114/><E114/><V79/><F35/><W19/><G71/><T93/><D21/><U130/><E110/><V8/><F50/><W122/><G19/><T101/><D101/><U127/><E127/><V116/><F116/><W132/><G107/><T34/><D34/><U26/><E26/><V47/><F47/><W66/><G96/><N who="0" m="57391" /><D39/><U84/><E95/><V2/><F62/><N who="3" m="38231" /><G67/><T102/><D102/><U113/><E113/><V82/><F92/><W13/><G13/><T22/><D22/><N who="1" m="11591" /><E44/><V45/><F45/><W23/><G86/><N who="1" m="33386" /><E4/><V77/><F100/><W0/><G0/><T90/><D91/><U128/><E3/><V98/><F98/><W117/><G117/><T94/><D94/><U70/><E70/><V97/><F97/><W64/><G120/><T112/><D112/><U118/><E118/><V37/><F37/><W74/><G122/><T88/><D88/><U32/><E32/><V57/><F105/><W115/><G115/><T126/><D126/><U48/><E48/><V125/><F106/><W31/><G75/><T14/><D90/><U99/><E99/><V104/><F104/><W17/><G74/><T76/><D14/><U9/><E55/><V1/><F125/><W51/><G72/><N who="0" m="43143" /><D83/><U108/><E108/><V36/><F80/><W109/><G109/><T41/><D41/><U7/><E130/><V65/><F82/><W24/><G15/><T73/><D73/><RYUUKYOKU ba="1,1" sc="290,15,301,15,167,-15,232,-15" hai0="10,11,46,53,54,56,60" hai1="7,9,52,59,61,128,129" /><INIT seed="5,2,1,4,4,128" ten="305,316,152,217" oya="1" hai0="42,97,123,58,60,74,103,133,54,59,114,93,84" hai1="79,86,31,19,17,134,52,109,1,105,80,50,90" hai2="131,23,129,36,115,78,116,75,25,99,9,101,3" hai3="28,47,55,85,83,29,130,91,40,49,39,30,89"/><U112/><E1/><V63/><F115/><W67/><G130/><T71/><D74/><U87/><E105/><V132/><F116/><W64/><REACH who="3" step="1"/><G91/><REACH who="3" ten="305,316,152,207" step="2"/><T20/><D114/><U8/><E90/><V72/><F131/><W70/><G70/><T13/><D71/><U34/><E112/><V41/><F129/><W96/><G96/><T127/><D97/><U81/><E109/><V6/><F99/><W53/><G53/><T45/><D54/><U107/><E52/><V61/><F101/><W46/><AGARI ba="2,2" hai="28,29,30,39,40,46,47,49,55,64,67,83,85,89" machi="46" ten="30,2000,0" yaku="1,1,0,1,53,0" doraHai="128" doraHaiUra="0" who="3" fromWho="3" sc="305,-7,316,-12,152,-7,207,46" /><INIT seed="6,0,0,1,4,22" ten="298,304,145,253" oya="2" hai0="58,12,27,120,13,114,31,84,128,73,63,104,134" hai1="62,116,40,10,72,110,106,78,91,19,9,1,54" hai2="57,92,11,99,71,16,80,65,51,127,89,83,76" hai3="39,111,44,43,17,2,23,102,36,60,122,132,74"/><V59/><F127/><W37/><G74/><T90/><D73/><U29/><E29/><V20/><F71/><W15/><G2/><T35/><D120/><U41/><E106/><V81/><F76/><W49/><G111/><T125/><D104/><U108/><E116/><V6/><F65/><W66/><G132/><T18/><D134/><U129/><E91/><V67/><F67/><W87/><G102/><T69/><D69/><U100/><E100/><V47/><F11/><W30/><G122/><T98/><D98/><U8/><E1/><V56/><F6/><W86/><G30/><T64/><D125/><U103/><E103/><V117/><F117/><W42/><REACH who="3" step="1"/><G43/><REACH who="3" ten="298,304,145,243" step="2"/><T94/><D128/><U32/><E129/><V121/><F121/><W113/><G113/><T96/><D114/><U46/><E40/><V3/><F3/><W82/><G82/><T97/><D13/><N who="1" m="7607" /><E110/><V75/><F75/><W45/><G45/><T61/><D12/><U79/><E41/><N who="2" m="25071" /><F81/><W26/><G26/><AGARI ba="0,1" hai="16,20,26,56,57,59,80,83,89,92,99" m="25071" machi="26" ten="30,5800,0" yaku="8,1,52,1,54,1" doraHai="22" who="2" fromWho="3" sc="298,0,304,0,145,68,243,-58" /><INIT seed="6,1,0,5,0,76" ten="298,304,213,185" oya="2" hai0="87,112,19,84,22,89,13,80,64,133,66,59,38" hai1="37,92,35,36,56,39,18,53,58,2,17,7,72" hai2="119,9,85,134,91,20,78,27,96,5,124,73,6" hai3="88,110,81,94,135,26,131,114,10,49,30,121,100"/><V21/><F119/><W109/><G121/><T34/><D34/><U24/><E72/><V106/><F124/><W12/><G131/><T60/><D38/><U103/><E56/><V126/><F126/><W28/><G135/><T4/><D133/><U79/><E79/><V52/><F134/><W62/><G100/><T8/><D112/><U120/><E120/><V101/><F73/><W54/><G114/><T25/><D87/><U69/><E69/><V57/><F78/><W15/><G62/><T11/><D11/><U128/><E128/><V47/><F47/><N who="3" m="27967" /><G94/><T71/><D71/><U130/><E2/><V51/><F27/><W68/><G68/><T67/><AGARI ba="1,0" hai="4,8,13,19,22,25,59,60,64,66,67,80,84,89" machi="67" ten="20,5200,0" yaku="0,1,7,1,8,1,52,1" doraHai="76" who="0" fromWho="0" sc="298,55,304,-14,213,-27,185,-14" /><INIT seed="7,0,0,0,2,9" ten="353,290,186,171" oya="3" hai0="69,111,133,132,63,36,88,51,44,47,4,30,110" hai1="96,43,106,18,14,35,37,129,104,120,98,82,27" hai2="131,113,134,26,135,126,79,105,117,119,8,31,102" hai3="50,118,130,21,33,2,53,97,81,34,122,77,65"/><W23/><G118/><N who="2" m="45065" /><F113/><W114/><G114/><T124/><D124/><U58/><E104/><V19/><F79/><W7/><G122/><T103/><D103/><U41/><E37/><V6/><F126/><W24/><G130/><T61/><D4/><U78/><E120/><V95/><F105/><W80/><G65/><N who="0" m="41151" /><D88/><U15/><E129/><V38/><F38/><W71/><G71/><T100/><D100/><U109/><E98/><N who="2" m="59743" /><F19/><W60/><G60/><T116/><D30/><U54/><E106/><V90/><F90/><W123/><G123/><T28/><D28/><U56/><E18/><V83/><F83/><N who="3" m="31819" /><G2/><T72/><D61/><U125/><E125/><V64/><F64/><W12/><G34/><T86/><D72/><U46/><E82/><V55/><F131/><W74/><G33/><T29/><D29/><U92/><E92/><V48/><F31/><N who="3" m="17807" /><G74/><T3/><D116/><U42/><E35/><V84/><F84/><W107/><G107/><T49/><D86/><U101/><E101/><V108/><F108/><N who="0" m="41514" /><D3/><U22/><E109/><V16/><F6/><W1/><G1/><T127/><D127/><U94/><E78/><V99/><F99/><W62/><G62/><T76/><D76/><U20/><E96/><V67/><F67/><W52/><G77/><T57/><D36/><U32/><E32/><V5/><F5/><W128/><G128/><T25/><D133/><U40/><E27/><V13/><F26/><W39/><G39/><T59/><D25/><U66/><E66/><V75/><F75/><W10/><G97/><T91/><D132/><U85/><E85/><RYUUKYOKU ba="0,0" sc="353,-10,290,-10,186,30,171,-10" hai2="8,13,16,48,55,134,135" owari="343,44.0,280,8.0,216,-18.0,161,-34.0" /></mjloggm>