<mjloggm ver="2.3"><GO type="225" lobby="0"/><UN n0="%E3%80%93%E9%B3%A9%E9%BA%A6%E7%8E%84%E7%B1%B3%E3%80%93" n1="%E6%B4%BE%E9%81%A3%E3%81%AE%E3%82%B8%E3%83%A3%E3%83%83%E3%82%AF" n2="%E3%82%A6%E3%83%AB%E3%83%88%E3%83%A9%E7%AB%8B%E7%9B%B4" n3="%E3%81%99%E3%81%BF%E3%82%84%E3%81%AB" dan="17,17,17,16" rate="2240.53,2214.02,2151.35,2055.29" sx="M,M,M,M"/><TAIKYOKU oya="0"/><INIT seed="0,0,0,2,4,49" ten="250,250,250,250" oya="0" hai0="135,64,41,15,113,30,60,24,92,78,23,68,35" hai1="105,56,34,114,39,118,103,14,57,120,129,25,124" hai2="80,81,84,98,69,89,29,63,38,5,134,45,40" hai3="12,17,90,115,76,104,52,87,31,125,97,94,11"/><T7/><D113/><U65/><E39/><V13/><F134/><W1/><G115/><T93/><D135/><U109/><E14/><V117/><F117/><W91/><G125/><T75/><D41/><U131/><E114/><V132/><F132/><W37/><G37/><T22/><D22/><U51/><E118/><V110/><F110/><W33/><G1/><T107/><D107/><U116/><E116/><V95/><F29/><W6/><G76/><T8/><D75/><U58/><E120/><V66/><F98/><W47/><G104/><T48/><D78/><U119/><E119/><V54/><F5/><W77/><G77/><T20/><D20/><U108/><E124/><V121/><F13/><W67/><G67/><T36/><D36/><U99/><E65/><V62/><F121/><W21/><G33/><T82/><D82/><U83/><E83/><V86/><F86/><W128/><G31/><T50/><REACH who="0" step="1"/><D35/><REACH who="0" ten="240,250,250,250" step="2"/><U102/><E34/><V88/><F81/><N who="3" m="49519" /><G21/><T122/><D122/><U32/><E32/><V59/><F80/><W2/><G128/><T61/><D61/><U126/><E126/><V46/><F40/><W55/><G94/><AGARI ba="0,1" hai="7,8,15,23,24,30,48,50,60,64,68,92,93,94" machi="94" ten="40,2000,0" yaku="1,1,53,0" doraHai="49" doraHaiUra="70" who="0" fromWho="3" sc="240,30,250,0,250,0,250,-20" /><INIT seed="0,1,0,4,5,27" ten="270,250,250,230" oya="0" hai0="127,122,68,36,43,33,2,111,104,53,103,61,24" hai1="131,49,79,34,128,87,11,59,84,105,106,89,126" hai2="76,95,125,65,5,69,40,26,109,134,29,12,118" hai3="115,77,107,119,56,55,41,1,51,90,28,9,32"/><T135/><RYUUKYOKU type="yao9" ba="1,0" sc="270,0,250,0,250,0,230,0" hai0="2,24,33,36,43,53,61,68,103,104,111,122,127,135" /><INIT seed="0,2,0,1,0,43" ten="270,250,250,230" oya="0" hai0="106,85,52,83,26,57,34,21,60,110,112,23,32" hai1="97,79,89,29,13,44,131,117,27,66,109,84,108" hai2="28,11,133,132,40,10,53,18,0,16,119,82,38" hai3="55,123,63,103,24,65,70,42,58,64,134,71,4"/><T91/><D112/><U50/><E131/><V88/><F119/><W129/><G129/><T105/><D21/><U78/><E117/><V80/><F28/><W135/><G103/><T86/><D110/><N who="1" m="42603" /><E13/><V49/><F40/><W94/><G4/><T19/><REACH who="0" step="1"/><D85/><REACH who="0" ten="260,250,250,230" step="2"/><U68/><E84/><N who="2" m="50183" /><F10/><W75/><G135/><T98/><D98/><U22/><E97/><V25/><F11/><W54/><G134/><T67/><D67/><U20/><E20/><V8/><F8/><W114/><G65/><T100/><D100/><U76/><E66/><V113/><F133/><W96/><G64/><T35/><AGARI ba="2,1" hai="19,23,26,32,34,35,52,57,60,83,86,91,105,106" machi="35" ten="30,11700,0" yaku="1,1,0,1,54,1,53,1" doraHai="43" doraHaiUra="14" who="0" fromWho="0" sc="260,133,250,-41,250,-41,230,-41" /><INIT seed="0,3,0,3,5,0" ten="393,209,209,189" oya="0" hai0="132,78,22,133,50,58,77,18,79,80,49,74,41" hai1="51,83,106,122,25,2,121,67,135,86,7,39,87" hai2="11,34,61,31,75,102,62,107,76,65,9,21,115" hai3="98,93,23,127,12,81,29,119,124,131,91,52,32"/><T54/><D79/><U99/><E39/><V111/><F21/><W118/><G32/><T92/><D78/><U3/><E135/><N who="0" m="51785" /><D92/><U103/><E67/><V66/><F62/><W40/><G40/><T128/><D128/><U120/><E25/><N who="2" m="18799" /><F66/><W116/><G131/><T123/><D123/><U90/><E51/><V20/><F20/><W70/><G70/><T56/><D41/><U8/><REACH who="1" step="1"/><E87/><REACH who="1" ten="393,199,209,189" step="2"/><V17/><F65/><W100/><G118/><T95/><D50/><U63/><E63/><V4/><F61/><W69/><G119/><T43/><D49/><U94/><E94/><V112/><F115/><W125/><G116/><T82/><D95/><U27/><E27/><V46/><F112/><W48/><G48/><T126/><D43/><U14/><AGARI ba="3,1" hai="2,3,7,8,14,83,86,90,99,103,106,120,121,122" machi="14" ten="30,4000,0" yaku="1,1,0,1,52,1,53,0" doraHai="0" doraHaiUra="55" who="1" fromWho="1" sc="393,-23,199,59,209,-13,189,-13" /><INIT seed="1,0,0,3,4,98" ten="370,258,196,176" oya="1" hai0="94,109,65,58,97,32,100,23,38,84,18,133,48" hai1="20,53,120,33,59,51,86,87,12,76,52,31,57" hai2="5,104,62,99,10,13,11,83,89,1,42,68,75" hai3="45,63,78,105,118,15,27,121,80,71,126,115,61"/><U3/><E120/><V113/><F113/><W92/><G105/><T108/><D32/><U73/><E3/><V67/><F42/><W119/><G115/><T46/><D133/><U74/><E33/><V122/><F122/><W4/><G121/><T36/><D84/><U124/><E124/><V85/><F75/><W9/><G126/><T44/><D65/><U17/><E31/><V60/><F60/><W14/><G27/><N who="0" m="14839" /><D58/><U21/><E21/><V0/><REACH who="2" step="1"/><F11/><REACH who="2" ten="370,258,186,176" step="2"/><W81/><G9/><T41/><D109/><U66/><E66/><V82/><F82/><W43/><G81/><T127/><D108/><U103/><E74/><V93/><F93/><W91/><G63/><T132/><D41/><U110/><E110/><V24/><F24/><W102/><G61/><T40/><D40/><U8/><E73/><V34/><F34/><W88/><G43/><T111/><D111/><U106/><E8/><V55/><F55/><W114/><G114/><T77/><D127/><U70/><E70/><V39/><F39/><W64/><G71/><T35/><D35/><U116/><E116/><V125/><F125/><W69/><G69/><T19/><D36/><U6/><E106/><V123/><F123/><W101/><G119/><T25/><D38/><U95/><E95/><V130/><F130/><W107/><G107/><T16/><D94/><U129/><E129/><V54/><F54/><W128/><G118/><T26/><D25/><U112/><E112/><V56/><F56/><W47/><G128/><T50/><D26/><U2/><E59/><V79/><F79/><W28/><G92/><RYUUKYOKU ba="0,1" sc="370,-10,258,-10,186,30,176,-10" hai2="0,1,5,10,13,62,67,68,83,85,89,99,104" /><INIT seed="2,1,1,1,2,123" ten="360,248,216,166" oya="2" hai0="118,0,29,80,94,65,67,97,12,72,116,104,98" hai1="90,91,51,57,132,100,9,3,69,38,135,4,31" hai2="5,121,46,102,34,89,20,106,114,19,81,115,64" hai3="120,36,85,66,49,88,7,131,127,95,30,78,134"/><V75/><F34/><W126/><G36/><T56/><D0/><U27/><E69/><V52/><F121/><W55/><G120/><T50/><D29/><U40/><E100/><V11/><F64/><W70/><G131/><T74/><D104/><U24/><E38/><V23/><F23/><W125/><G134/><N who="1" m="51242" /><E24/><V10/><F10/><W25/><G7/><T96/><D94/><U37/><E37/><V53/><F53/><W73/><G78/><N who="0" m="44103" /><D74/><U6/><E6/><V1/><F102/><W107/><G73/><T128/><D128/><U15/><E3/><V8/><F106/><W47/><G107/><T68/><D68/><U86/><E86/><N who="2" m="50383" /><F75/><W14/><G14/><T18/><D12/><U43/><E43/><V58/><F114/><W21/><G70/><T28/><D28/><U39/><E39/><V22/><F115/><W54/><REACH who="3" step="1"/><G66/><REACH who="3" ten="360,248,216,156" step="2"/><T13/><D67/><U33/><E15/><N who="2" m="7679" /><F1/><W48/><G48/><T32/><D50/><U99/><E4/><V61/><F5/><W129/><G129/><T63/><D118/><U42/><E51/><V117/><F117/><W110/><G110/><T17/><D116/><U108/><E108/><V35/><F8/><W45/><G45/><T119/><D119/><U16/><E9/><V59/><F46/><W133/><G133/><T79/><D79/><U82/><E57/><V77/><F59/><W109/><G109/><T2/><D2/><U130/><E130/><V71/><F77/><W103/><G103/><T60/><D56/><U84/><E27/><V26/><F71/><W44/><G44/><T93/><D65/><RYUUKYOKU ba="1,2" sc="360,-15,248,-15,216,15,156,15" hai2="20,22,26,35,52,58,61" hai3="21,25,30,47,49,54,55,85,88,95,125,126,127" /><INIT seed="2,2,2,0,4,130" ten="345,233,231,171" oya="2" hai0="133,14,9,135,88,22,0,33,84,58,10,55,61" hai1="39,12,79,68,35,104,16,118,54,57,3,103,119" hai2="100,74,18,56,94,2,121,48,107,5,134,108,27" hai3="17,60,7,30,105,101,31,83,20,46,113,29,47"/><V15/><F74/><W65/><G113/><T110/><D33/><U59/><E68/><V41/><F121/><W67/><G7/><T129/><D129/><U77/><E39/><V89/><F2/><W64/><G60/><T63/><D110/><U23/><E35/><V34/><F107/><W52/><G83/><N who="0" m="49183" /><D0/><U90/><E3/><V128/><F128/><W97/><REACH who="3" step="1"/><G52/><REACH who="3" ten="345,233,231,161" step="2"/><T71/><D63/><U51/><E54/><V126/><F5/><W132/><G132/><N who="0" m="50763" /><D71/><U82/><E118/><V25/><F134/><W123/><G123/><T76/><D76/><U114/><E77/><V111/><F108/><W92/><G92/><T8/><D22/><U86/><E23/><V80/><F111/><W6/><G6/><AGARI ba="2,3" hai="6,8,9,10,14,55,58,61" m="50763,49183" machi="6" ten="30,8000,1" yaku="20,1,52,3,54,1" doraHai="130" who="0" fromWho="3" sc="345,116,233,0,231,0,161,-86" /><INIT seed="3,0,0,0,5,132" ten="461,233,231,75" oya="3" hai0="7,84,57,73,13,58,65,29,109,113,100,1,123" hai1="31,133,77,64,114,72,66,106,134,10,48,27,34" hai2="19,117,68,69,124,131,35,20,4,43,76,126,41" hai3="16,87,97,98,0,26,121,127,18,6,40,96,50"/><W107/><G121/><T94/><D57/><U92/><E114/><V54/><F35/><W80/><G107/><T33/><D13/><U12/><E106/><V120/><F4/><W2/><G127/><N who="2" m="48681" /><F117/><W99/><N who="3" m="25088" /><DORA hai="63" /><W75/><G75/><T79/><D84/><U17/><E48/><V119/><F119/><W67/><G67/><T52/><D94/><U39/><E39/><V30/><F30/><W86/><G87/><T47/><D65/><U116/><E116/><V115/><F115/><W11/><G2/><T71/><D29/><U108/><E108/><V3/><F3/><W44/><REACH who="3" step="1"/><G26/><REACH who="3" ten="461,233,231,65" step="2"/><T70/><D1/><U91/><E72/><V23/><F120/><W89/><AGARI ba="0,1" hai="0,6,11,16,18,40,44,50,80,86,89" m="25088" machi="89" ten="40,12000,1" yaku="1,1,2,1,0,1,54,1,53,0" doraHai="132,63" doraHaiUra="8,125" who="3" fromWho="3" sc="461,-40,233,-40,231,-40,65,130" /><INIT seed="3,1,0,2,1,132" ten="421,193,191,195" oya="3" hai0="56,49,70,122,101,100,111,64,29,34,3,124,67" hai1="50,58,92,119,55,133,47,77,6,80,107,61,90" hai2="45,13,81,52,32,41,130,96,91,128,1,46,7" hai3="73,114,108,76,54,5,26,17,48,30,66,43,51"/><W24/><G114/><T38/><D49/><U89/><E133/><V35/><F1/><W112/><G112/><T19/><D56/><U59/><E107/><V127/><F127/><W99/><G108/><T10/><D124/><U115/><E115/><V109/><F109/><W98/><G5/><T113/><D19/><U22/><E119/><V110/><F110/><W93/><G66/><T62/><D10/><U103/><E6/><V12/><F52/><W117/><G117/><T94/><D122/><U135/><E135/><V126/><F126/><W102/><G73/><T71/><D94/><U72/><E22/><V2/><F2/><W120/><G76/><T31/><D62/><U78/><E59/><V118/><F118/><W16/><G120/><T11/><D11/><U57/><E57/><V60/><F60/><W37/><G99/><T95/><D95/><U4/><E4/><V68/><F68/><W79/><G79/><N who="1" m="30218" /><E80/><V87/><F96/><W14/><G37/><T8/><D101/><U21/><E21/><V33/><F7/><W82/><G82/><T129/><D31/><U105/><E105/><V15/><F46/><N who="3" m="25695" /><G30/><T125/><D129/><N who="2" m="49770" /><F35/><W63/><G63/><T28/><D67/><N who="1" m="39351" /><E72/><V44/><F44/><N who="3" m="28007" /><G17/><T86/><D29/><U97/><AGARI ba="1,0" hai="47,50,55,89,90,92,97,103" m="39351,30218" machi="97" ten="30,1100,0" yaku="8,1" doraHai="132" who="1" fromWho="1" sc="421,-4,193,14,191,-4,195,-6" owari="417,51.0,207,1.0,187,-31.0,189,-21.0" /></mjloggm>