<mjloggm ver="2.3"><GO type="169" lobby="0"/><UN n0="%E3%83%95%E3%82%A7%E3%83%AB%E3%83%A1%E3%83%BC%E3%83%AB" n1="%E3%81%82%E3%81%B2%E3%82%8B%E3%81%95%E3%82%93" n2="%E3%82%A6%E3%83%AB%E3%83%88%E3%83%A9%E7%AB%8B%E7%9B%B4" n3="%E9%96%8B%E9%81%8B%E5%BE%A1%E5%AE%88" dan="16,16,17,16" rate="2154.78,2064.72,2162.57,2115.18" sx="M,M,M,M"/><TAIKYOKU oya="0"/><INIT seed="0,0,0,5,2,65" ten="250,250,250,250" oya="0" hai0="11,63,35,15,20,39,0,78,8,71,99,60,76" hai1="33,36,19,30,134,126,26,1,86,48,92,100,41" hai2="70,72,124,131,102,42,59,32,73,89,67,53,7" hai3="115,14,88,80,79,64,119,45,130,113,55,127,9"/><T37/><D35/><U43/><E1/><V133/><F102/><W2/><G2/><T34/><D34/><U121/><E36/><V17/><F32/><W103/><G119/><T61/><D71/><U66/><E121/><V77/><F7/><W120/><G120/><T109/><D99/><U83/><E134/><V18/><F133/><W129/><G103/><T128/><D128/><N who="3" m="49257" /><G64/><T13/><D0/><U110/><E110/><V93/><F131/><W38/><G127/><T25/><D109/><U123/><E123/><V68/><F124/><W116/><G116/><T90/><D90/><U22/><E126/><V85/><F42/><N who="3" m="22743" /><G55/><T74/><D60/><U5/><E66/><V58/><F67/><W49/><G49/><T40/><D40/><U117/><E43/><V111/><F111/><W97/><G97/><T132/><D132/><U96/><E117/><V95/><F53/><W44/><G44/><T12/><D12/><U10/><E41/><V6/><F89/><W98/><G98/><T46/><D46/><U135/><E48/><V94/><F94/><W27/><G27/><T112/><D25/><U106/><E92/><V81/><F81/><W87/><G79/><T24/><D24/><U114/><E135/><V16/><F77/><W82/><G80/><T29/><D29/><U3/><E30/><V23/><F95/><W56/><G56/><T69/><D69/><U84/><E33/><V54/><F93/><W50/><G50/><T75/><D112/><U118/><E114/><V107/><F70/><W108/><G108/><T125/><D125/><U51/><E118/><RYUUKYOKU ba="0,0" sc="250,15,250,-15,250,-15,250,15" hai0="8,11,13,15,20,37,39,61,63,74,75,76,78" hai3="9,14,82,87,88,113,115" /><INIT seed="0,1,0,1,1,81" ten="265,235,235,265" oya="0" hai0="54,100,68,4,111,1,122,101,53,88,123,117,121" hai1="45,102,118,103,130,22,29,2,42,20,60,18,52" hai2="61,134,36,71,48,40,98,82,112,43,63,129,13" hai3="31,46,115,97,126,39,56,35,24,49,5,55,91"/><T58/><D117/><U89/><E2/><V133/><F98/><W32/><G126/><T85/><D68/><U14/><E130/><V132/><F13/><W87/><G97/><T72/><D72/><U21/><E118/><V124/><F82/><W27/><G5/><T16/><D111/><U90/><E42/><N who="2" m="15915" /><F36/><W19/><G39/><T51/><D4/><U131/><E131/><V73/><F73/><W108/><G108/><T70/><D70/><U6/><E6/><V50/><F129/><W135/><G135/><T15/><D53/><U109/><E109/><V113/><F124/><W84/><G115/><N who="2" m="44105" /><F71/><W10/><G91/><T23/><D1/><U28/><E90/><V76/><F76/><W74/><G74/><T34/><D34/><U78/><E78/><V0/><F0/><W62/><G35/><T59/><D59/><U64/><E89/><V92/><F92/><AGARI ba="1,0" hai="15,16,23,51,54,58,85,88,92,100,101,121,122,123" machi="92" ten="40,12000,1" yaku="25,2,52,1,54,2" doraHai="81" who="0" fromWho="2" sc="265,123,235,0,235,-123,265,0" /><INIT seed="0,2,0,3,4,83" ten="388,235,112,265" oya="0" hai0="92,100,61,67,116,129,127,123,58,49,87,37,52" hai1="38,110,109,31,84,82,30,77,94,7,12,69,79" hai2="80,73,99,117,56,40,96,62,72,27,5,4,36" hai3="120,16,131,18,66,134,42,6,14,60,46,22,53"/><T65/><D116/><U17/><E69/><V51/><F117/><W8/><G134/><T71/><D123/><U135/><E38/><V118/><F118/><W124/><G124/><T11/><D127/><U122/><E122/><V132/><F36/><W98/><G131/><T63/><D129/><U19/><E7/><V128/><F128/><W32/><G32/><T50/><D37/><U91/><E135/><V33/><F132/><W13/><G120/><T103/><D11/><U54/><E77/><V106/><F106/><W111/><G111/><T125/><D125/><U113/><E113/><V0/><F0/><W105/><G53/><T55/><D92/><U102/><E102/><V45/><F73/><W76/><G76/><T59/><D87/><N who="1" m="48607" /><E19/><V101/><F72/><W88/><G105/><T114/><REACH who="0" step="1"/><D114/><REACH who="0" ten="378,235,112,265" step="2"/><U85/><E110/><V34/><F99/><W15/><G98/><T3/><D3/><U133/><E133/><V90/><F96/><W26/><G8/><T119/><D119/><U47/><E109/><V115/><F115/><W25/><G6/><T97/><D97/><U108/><E108/><V75/><F4/><W20/><G26/><T24/><D24/><U43/><E85/><N who="2" m="50471" /><F27/><W23/><G25/><T21/><D21/><U39/><E39/><V44/><F5/><W121/><G121/><T126/><D126/><U64/><E84/><V81/><F34/><W107/><G23/><T86/><D86/><U1/><E1/><V29/><F33/><W112/><G22/><T104/><D104/><U95/><E95/><V48/><F75/><W28/><G112/><RYUUKYOKU ba="2,1" sc="378,30,235,-10,112,-10,265,-10" hai0="49,50,52,55,58,59,61,63,65,67,71,100,103" /><INIT seed="0,3,1,4,2,97" ten="408,225,102,255" oya="0" hai0="76,125,54,30,129,29,81,130,20,133,112,72,132" hai1="67,31,45,6,120,23,123,11,95,25,56,2,121" hai2="8,108,42,87,70,44,52,98,101,96,49,104,41" hai3="80,18,79,21,116,17,40,38,32,62,89,71,9"/><T93/><D112/><U24/><E45/><V14/><F108/><W15/><G32/><T33/><D33/><U102/><E25/><V105/><F70/><W73/><G116/><T64/><D64/><U69/><E69/><V57/><F87/><W35/><G35/><T10/><D10/><U13/><E2/><V94/><F98/><W16/><G18/><T82/><D82/><U39/><E39/><V60/><REACH who="2" step="1"/><F42/><REACH who="2" ten="408,225,92,255" step="2"/><W109/><G109/><T127/><D127/><U43/><E43/><V99/><F99/><W118/><G118/><T4/><D125/><U46/><E123/><V19/><AGARI ba="3,2" hai="8,14,19,41,44,49,52,57,60,94,96,101,104,105" machi="19" ten="20,8000,1" yaku="1,1,0,1,7,1,52,1,54,1,53,0" doraHai="97" doraHaiUra="124" who="2" fromWho="2" sc="408,-43,225,-23,92,109,255,-23" /><INIT seed="1,0,0,2,3,127" ten="365,202,201,232" oya="1" hai0="115,128,61,16,39,6,55,42,129,135,32,9,81" hai1="30,20,50,77,40,15,88,62,92,66,124,69,31" hai2="25,43,106,113,19,27,98,49,11,23,85,8,29" hai3="0,133,123,94,114,82,13,53,56,91,117,130,33"/><U68/><E68/><V87/><F113/><W99/><G114/><T111/><D32/><U134/><E124/><V121/><F121/><W78/><G123/><T76/><D115/><U86/><E134/><V116/><F116/><W14/><G0/><T35/><D35/><U64/><E64/><V96/><F106/><W97/><G33/><T72/><D135/><U67/><E67/><V1/><F1/><W120/><G120/><T51/><D61/><U93/><E77/><V63/><F63/><W80/><G133/><T102/><D102/><U57/><E93/><V41/><F23/><W84/><G117/><T109/><D42/><U38/><E38/><V5/><F19/><W70/><G70/><T18/><D39/><U65/><E65/><V103/><F103/><W54/><G99/><T21/><D9/><U131/><E131/><N who="0" m="50249" /><D6/><U100/><E100/><V89/><F5/><W7/><G7/><T126/><D126/><U132/><E132/><V60/><F60/><W24/><G130/><T37/><D37/><U71/><E71/><V36/><F36/><W48/><G54/><T4/><D4/><U45/><E69/><V90/><REACH who="2" step="1"/><F49/><REACH who="2" ten="365,202,191,232" step="2"/><W101/><G48/><T47/><D18/><AGARI ba="0,1" hai="15,18,20,30,31,40,45,50,57,62,66,86,88,92" machi="18" ten="40,3900,0" yaku="8,1,54,1" doraHai="127" who="1" fromWho="0" sc="365,-39,202,49,191,0,232,0" /><INIT seed="1,1,0,3,4,5" ten="326,251,191,232" oya="1" hai0="28,56,6,83,25,125,34,9,47,32,52,81,41" hai1="79,1,46,123,13,98,12,19,24,53,94,49,120" hai2="88,65,58,54,101,97,59,21,95,105,40,89,127" hai3="29,85,78,42,62,51,96,92,102,86,121,70,18"/><U100/><E1/><V77/><F127/><W0/><G0/><T4/><D34/><U66/><E79/><V64/><F77/><W35/><G121/><T131/><D125/><U63/><E24/><V33/><F33/><W38/><G38/><T126/><D126/><U30/><E30/><V72/><F72/><W87/><G18/><T20/><D32/><U111/><E13/><V80/><F40/><W112/><G112/><T16/><D28/><U57/><REACH who="1" step="1"/><E111/><REACH who="1" ten="326,241,191,232" step="2"/><V129/><F129/><W134/><G29/><T69/><D131/><U73/><E73/><V103/><F105/><W23/><G78/><T133/><D133/><U84/><E84/><V104/><F104/><W26/><G134/><T60/><D4/><U109/><E109/><V61/><F97/><W75/><G75/><T3/><REACH who="0" step="1"/><D69/><REACH who="0" ten="316,241,191,232" step="2"/><U55/><E55/><V44/><F54/><W116/><G35/><T50/><AGARI ba="1,2" hai="3,6,9,16,20,25,41,47,50,52,56,60,81,83" machi="50" ten="20,12000,2" yaku="1,1,2,1,0,1,7,1,52,1,54,2,53,0" doraHai="5" doraHaiUra="68" who="0" fromWho="0" sc="316,143,241,-61,191,-31,232,-31" /><INIT seed="2,0,0,1,1,31" ten="459,180,160,201" oya="2" hai0="106,39,76,72,109,107,100,116,69,121,32,20,77" hai1="91,52,16,8,29,65,55,12,118,89,90,87,128" hai2="95,130,11,9,15,127,133,28,4,68,45,132,47" hai3="112,78,105,62,51,63,67,114,102,43,49,0,123"/><V101/><F68/><W83/><G123/><T57/><D20/><U66/><E118/><V120/><F120/><W17/><G0/><T10/><D57/><U92/><E128/><V30/><F130/><W5/><G5/><T110/><D121/><U44/><E29/><N who="2" m="11371" /><F127/><W93/><G105/><T61/><D10/><N who="2" m="3594" /><F15/><W53/><G17/><T124/><D124/><U54/><E54/><V50/><BYE who="1" /><F50/><N who="3" m="18955" /><G43/><UN n1="%E3%81%82%E3%81%B2%E3%82%8B%E3%81%95%E3%82%93" /><T119/><D39/><U81/><E44/><N who="2" m="16971" /><F4/><W98/><G53/><N who="1" m="20554" /><E81/><V19/><F19/><W99/><G99/><T129/><D129/><U111/><E111/><V94/><F101/><W135/><G135/><AGARI ba="0,0" hai="94,95,132,133,135" m="16971,3594,11371" machi="135" ten="30,5800,0" yaku="28,2,20,1" doraHai="31" who="2" fromWho="3" sc="459,0,180,0,160,58,201,-58" /><INIT seed="2,1,0,2,1,77" ten="459,180,218,143" oya="2" hai0="39,68,131,72,49,120,118,41,18,130,16,127,81" hai1="36,78,102,66,74,104,57,26,79,46,70,87,114" hai2="107,84,32,97,51,30,20,38,123,6,125,58,113" hai3="115,23,25,71,22,105,54,110,91,95,90,7,94"/><V0/><F123/><W117/><G110/><T33/><D120/><U64/><E70/><V31/><F38/><W2/><G71/><T126/><D33/><U67/><E74/><V73/><F73/><W55/><G105/><T34/><D34/><U59/><E114/><V60/><F113/><W83/><G115/><T98/><D39/><U108/><E108/><V5/><F125/><N who="0" m="47626" /><D68/><U10/><E104/><V82/><F32/><W13/><G13/><T119/><D98/><U8/><E102/><V134/><F134/><W101/><G101/><T63/><D63/><U47/><E36/><V111/><F111/><W52/><G25/><T14/><D41/><U103/><E103/><V93/><F107/><W128/><G128/><N who="0" m="49195" /><D49/><U9/><E26/><N who="2" m="16711" /><F51/><W15/><G117/><T76/><D18/><U75/><E75/><V29/><F29/><W65/><G65/><T106/><D106/><U96/><E96/><V4/><F31/><W88/><G2/><T121/><D121/><U129/><E129/><V56/><F0/><W80/><G7/><T61/><D61/><U69/><E69/><V3/><F3/><W44/><G44/><N who="1" m="16938" /><E87/><V109/><F109/><W86/><G15/><T100/><D100/><U135/><E135/><V89/><F60/><W116/><G116/><T35/><D35/><U133/><E133/><V24/><F24/><W45/><G45/><T132/><D132/><U53/><E53/><V37/><F37/><W42/><G42/><T43/><D43/><U48/><E48/><V122/><F122/><W28/><G86/><T27/><D27/><U19/><E19/><RYUUKYOKU ba="1,0" sc="459,10,180,10,218,10,143,-30" hai0="14,16,72,76,81,118,119" hai1="8,9,10,57,59,64,66,67,78,79" hai2="4,5,6,56,58,82,84,89,93,97" /><INIT seed="2,2,0,4,5,42" ten="469,190,228,113" oya="2" hai0="27,130,50,105,3,114,38,79,9,102,56,19,8" hai1="37,21,25,64,116,89,103,55,95,35,73,83,93" hai2="127,78,128,47,117,54,107,96,68,66,7,126,113" hai3="12,122,11,111,16,90,49,18,33,23,43,124,118"/><V62/><F117/><W71/><G111/><T97/><D38/><U74/><E116/><V1/><F113/><W30/><G122/><T69/><D69/><U13/><E35/><V39/><F78/><W52/><G118/><T81/><D130/><U2/><E2/><V112/><F112/><W80/><G124/><N who="2" m="47657" /><F128/><W82/><G71/><T88/><D3/><U129/><E129/><V44/><F39/><W45/><G33/><T77/><D9/><U26/><E37/><V24/><F54/><W99/><G30/><T36/><D36/><U86/><E64/><V29/><F7/><W57/><G99/><T133/><D133/><U98/><E73/><V40/><F40/><W110/><G90/><T85/><D114/><U125/><E125/><V65/><F65/><W60/><G110/><T15/><REACH who="0" step="1"/><D27/><AGARI ba="2,0" hai="11,12,16,18,23,27,43,45,49,52,57,60,80,82" machi="27" ten="30,8000,1" yaku="7,1,8,1,52,1,54,2" doraHai="42" who="3" fromWho="0" sc="469,-86,190,0,228,0,113,86" /><INIT seed="3,0,0,0,0,77" ten="383,190,228,199" oya="3" hai0="104,40,36,73,20,12,116,95,39,60,17,102,55" hai1="16,74,110,108,66,56,52,34,42,115,131,134,59" hai2="133,49,5,26,53,92,122,9,14,48,35,93,79" hai3="15,96,100,2,89,32,117,65,50,71,80,91,19"/><W25/><G2/><T28/><D116/><U87/><E74/><V30/><F133/><W135/><G117/><T75/><D104/><U118/><E118/><V111/><F111/><N who="1" m="42537" /><E34/><V54/><F122/><W10/><G50/><T63/><D28/><U69/><E115/><V86/><F79/><W90/><G135/><T58/><D63/><N who="1" m="38247" /><E69/><V88/><F49/><W99/><G71/><T103/><D103/><U51/><E134/><V23/><F35/><W82/><G65/><T78/><D40/><U106/><E106/><V72/><F72/><W128/><G128/><T81/><REACH who="0" step="1"/><D75/><REACH who="0" ten="373,190,228,199" step="2"/><U112/><E42/><V47/><REACH who="2" step="1"/><F54/><REACH who="2" ten="373,190,218,199" step="2"/><W13/><G32/><T76/><D76/><U31/><E52/><V68/><F68/><W21/><G100/><T44/><D44/><U61/><E59/><V107/><F107/><W22/><G99/><AGARI ba="0,2" hai="12,17,20,36,39,55,58,60,73,78,81,95,99,102" machi="99" ten="40,2600,0" yaku="1,1,52,1,53,0" doraHai="77" doraHaiUra="126" who="0" fromWho="3" sc="373,46,190,0,218,0,199,-26" /><INIT seed="4,0,0,4,1,64" ten="419,190,218,173" oya="0" hai0="51,67,5,0,108,116,21,104,114,26,58,6,44" hai1="110,13,66,72,113,92,52,1,12,28,109,24,31" hai2="97,121,79,29,69,77,40,133,57,89,84,118,62" hai3="105,33,53,16,54,127,46,55,115,63,102,61,60"/><T123/><D116/><U27/><E72/><V98/><F121/><W70/><G33/><T117/><D104/><U106/><E106/><V80/><F69/><W100/><G105/><T90/><D117/><U18/><E1/><V50/><F118/><W49/><G127/><T112/><D123/><U111/><E92/><V36/><F36/><W23/><G115/><N who="0" m="44075" /><D0/><U107/><E107/><V95/><F29/><W47/><G47/><T2/><D2/><U99/><E113/><V135/><F50/><W126/><G126/><T120/><D120/><U125/><E125/><V71/><F40/><N who="3" m="24775" /><G70/><T129/><D129/><U87/><E99/><N who="2" m="37899" /><F71/><W14/><AGARI ba="0,0" hai="14,16,23,53,54,55,60,61,63,100,102" m="24775" machi="14" ten="30,2000,0" yaku="8,1,54,1" doraHai="64" who="3" fromWho="3" sc="419,-10,190,-5,218,-5,173,20" /><INIT seed="5,0,0,5,0,26" ten="409,185,213,193" oya="1" hai0="131,95,108,35,123,6,3,127,71,66,58,1,133" hai1="111,45,76,79,81,51,65,120,109,37,55,43,69" hai2="16,19,32,48,92,70,130,46,67,118,128,99,102" hai3="12,103,38,2,61,18,94,122,121,41,23,84,73"/><U87/><E120/><V104/><F118/><W72/><G2/><T75/><D58/><N who="1" m="33151" /><E79/><V60/><F92/><W54/><G73/><T20/><D66/><U85/><E87/><V83/><F83/><W64/><G72/><T135/><D95/><U15/><E15/><V107/><F107/><W89/><G103/><T134/><D6/><U63/><AGARI ba="0,0" hai="37,43,45,63,65,69,76,81,85,109,111" m="33151" machi="63" ten="30,1500,0" yaku="24,1" doraHai="26" who="1" fromWho="1" sc="409,-5,185,15,213,-5,193,-5" /><INIT seed="5,1,0,3,2,95" ten="404,200,208,188" oya="1" hai0="27,48,30,39,50,38,107,66,86,78,43,18,44" hai1="16,72,59,19,104,10,83,55,69,120,125,128,35" hai2="102,127,53,105,28,79,117,7,106,123,132,62,31" hai3="58,41,101,96,84,134,34,92,46,51,68,6,109"/><U3/><E120/><V11/><F123/><W47/><G109/><T5/><D107/><U74/><E69/><V29/><F117/><W56/><G68/><T82/><D18/><U49/><E35/><V133/><F79/><W97/><G134/><N who="2" m="51817" /><F127/><W57/><G34/><T119/><D119/><U85/><E128/><V93/><F93/><N who="3" m="58543" /><G6/><T23/><D66/><U36/><E36/><V61/><F53/><W45/><G84/><T9/><D50/><U12/><E125/><V126/><F126/><W13/><G13/><AGARI ba="1,0" hai="5,9,13,23,27,30,38,39,43,44,48,78,82,86" machi="13" ten="30,3900,0" yaku="7,1,25,2" doraHai="95" who="0" fromWho="3" sc="404,42,200,0,208,0,188,-42" /><INIT seed="6,0,0,3,2,28" ten="446,200,208,146" oya="2" hai0="121,53,94,73,134,10,72,59,131,99,128,29,89" hai1="7,98,92,27,97,0,91,2,120,19,22,18,101" hai2="16,90,25,61,58,105,129,80,6,81,47,119,43" hai3="17,26,77,130,133,62,79,50,106,11,112,4,122"/><V15/><F105/><W111/><G122/><T64/><D64/><U127/><E127/><V13/><F119/><W95/><G111/><T12/><D29/><U103/><E120/><V84/><F129/><N who="0" m="49738" /><D134/><U132/><E132/><V33/><F6/><W109/><G106/><T66/><D66/><U1/><E91/><V118/><F118/><W39/><G109/><T20/><D20/><U63/><E19/><V8/><F15/><W55/><G130/><T49/><D121/><U110/><E110/><V56/><F80/><W126/><G39/><T21/><D21/><U113/><E113/><V71/><F71/><W75/><G126/><T78/><D78/><N who="3" m="29705" /><G75/><T46/><D46/><U108/><E108/><V117/><F117/><W40/><G133/><T83/><D83/><U9/><E63/><V114/><F114/><W23/><G112/><T45/><D45/><U124/><E124/><V30/><F61/><W60/><G40/><T74/><D73/><U54/><E54/><V115/><F115/><W44/><G95/><AGARI ba="0,0" hai="0,1,2,7,9,18,22,27,92,95,97,98,101,103" machi="95" ten="30,2000,0" yaku="7,1,9,1" doraHai="28" who="1" fromWho="3" sc="446,0,200,20,208,0,146,-20" /><INIT seed="7,0,0,1,3,56" ten="446,220,208,126" oya="3" hai0="94,78,72,12,85,31,66,55,2,14,45,91,116" hai1="64,134,97,82,95,130,61,129,108,24,22,81,79" hai2="71,65,93,52,80,89,4,26,110,17,54,98,132" hai3="123,119,47,40,120,69,122,63,16,9,8,33,77"/><W42/><G119/><T87/><D2/><U25/><E108/><V1/><F110/><W103/><G33/><T131/><D72/><U32/><E32/><V59/><F71/><W0/><G103/><T102/><D131/><N who="1" m="50187" /><E134/><V19/><F1/><W57/><G69/><T38/><D66/><U60/><E64/><V114/><F114/><W3/><G77/><T21/><D102/><N who="1" m="60735" /><E82/><V125/><F125/><W44/><G3/><T50/><D38/><U37/><E37/><V99/><F4/><W86/><G86/><T27/><D116/><U49/><E49/><N who="2" m="31119" /><F65/><W67/><G0/><T111/><D111/><U88/><E88/><V135/><F80/><AGARI ba="0,0" hai="12,14,21,27,31,45,50,55,78,80,85,87,91,94" machi="80" ten="40,1300,0" yaku="8,1" doraHai="56" who="0" fromWho="2" sc="446,13,220,0,208,-13,126,0" owari="459,55.0,220,2.0,195,-20.0,126,-37.0" /></mjloggm>