<mjloggm ver="2.3"><GO type="169" lobby="0"/><UN n0="%69%73%63%6F%70%65" n1="%73%66%73%66" n2="%E5%B0%B1%E6%B4%BB%E7%94%9F%40%E5%B7%9D%E6%9D%91%E8%BB%8D%E5%9B%A3" n3="%74%79%64%79" dan="16,17,16,16" rate="2097.96,2165.97,2127.76,2102.45" sx="M,M,M,M"/><TAIKYOKU oya="0"/><INIT seed="0,0,0,5,5,68" ten="250,250,250,250" oya="0" hai0="5,133,26,23,47,35,76,88,28,51,55,65,84" hai1="60,122,90,29,134,48,119,107,78,49,96,40,7" hai2="32,46,37,50,54,103,117,62,95,63,114,100,91" hai3="16,0,66,53,31,18,13,70,21,110,132,30,113"/><T64/><D133/><U73/><E119/><V52/><F114/><W81/><G113/><T11/><D76/><U128/><E134/><V39/><F32/><W4/><G132/><T56/><D35/><U2/><E122/><V10/><F10/><W93/><G70/><T1/><REACH who="0" step="1"/><D56/><REACH who="0" ten="240,250,250,250" step="2"/><U130/><E78/><V3/><F117/><W15/><G110/><T57/><D57/><U45/><E130/><V120/><F120/><W79/><G79/><T27/><D27/><U105/><E128/><V118/><F118/><W6/><G0/><T42/><D42/><U109/><E40/><V25/><F3/><W67/><G67/><T8/><D8/><U86/><E2/><V12/><F25/><W77/><G66/><T98/><D98/><U61/><E96/><V41/><F12/><W24/><G77/><T112/><D112/><U102/><E109/><V89/><F41/><W14/><G13/><T131/><D131/><U72/><E73/><V82/><F50/><W108/><G15/><T9/><D9/><U34/><E72/><V44/><REACH who="2" step="1"/><F95/><AGARI ba="0,1" hai="1,5,11,23,26,28,47,51,55,64,65,84,88,95" machi="95" ten="30,11600,0" yaku="1,1,7,1,54,1,53,1" doraHai="68" doraHaiUra="83" who="0" fromWho="2" sc="240,126,250,0,250,-116,250,0" /><INIT seed="0,1,0,2,3,41" ten="366,250,134,250" oya="0" hai0="90,11,57,49,0,87,47,16,1,46,34,45,62" hai1="8,91,121,64,74,83,129,30,48,86,98,51,113" hai2="110,127,124,63,13,71,56,76,79,80,54,73,132" hai3="67,116,89,24,26,55,65,23,92,43,68,50,39"/><T12/><D34/><U133/><E121/><V111/><F79/><W72/><G72/><T53/><D1/><U59/><E74/><V81/><F80/><W77/><G77/><T82/><REACH who="0" step="1"/><D0/><REACH who="0" ten="356,250,134,250" step="2"/><U104/><E113/><V88/><F132/><W33/><G33/><T70/><D70/><U123/><E133/><V78/><F71/><W106/><G68/><T103/><D103/><U52/><E123/><V14/><F124/><W100/><G100/><T126/><D126/><U22/><E129/><V2/><F2/><W66/><G116/><T108/><D108/><U19/><E104/><V5/><F127/><W130/><G106/><T93/><D93/><U117/><E117/><V128/><F128/><W36/><G130/><T40/><AGARI ba="1,1" hai="11,12,16,40,45,46,47,49,53,57,62,82,87,90" machi="40" ten="20,24000,3" yaku="1,1,0,1,7,1,8,1,52,3,54,1,53,1" doraHai="41" doraHaiUra="7" who="0" fromWho="0" sc="356,253,250,-81,134,-81,250,-81" /><INIT seed="0,2,0,3,2,76" ten="609,169,53,169" oya="0" hai0="38,54,18,86,78,55,128,39,35,105,13,117,134" hai1="45,16,106,40,82,100,66,17,34,103,99,111,3" hai2="43,14,130,33,89,15,94,79,27,21,47,0,77" hai3="71,107,116,62,51,32,19,58,67,36,50,44,123"/><T95/><D105/><U70/><E3/><V9/><F33/><W28/><G107/><T24/><D117/><U135/><E34/><V119/><F119/><W96/><G116/><T83/><D134/><U80/><E135/><V97/><F0/><W49/><G96/><T63/><D128/><U127/><E103/><V64/><F64/><W133/><G133/><T22/><D39/><U88/><E127/><V73/><F73/><W48/><G19/><T1/><D38/><U84/><E111/><V93/><F93/><W69/><G28/><T121/><D1/><U10/><E10/><V6/><F15/><W68/><G32/><T2/><D2/><U8/><E8/><V90/><F89/><W26/><G26/><T129/><D129/><U115/><E115/><V104/><F104/><W124/><G124/><T7/><D121/><U101/><E101/><V131/><F131/><W98/><G98/><T12/><D35/><U92/><E66/><V112/><F112/><W132/><G132/><T5/><D95/><N who="1" m="58495" /><E70/><V42/><F130/><W52/><G123/><T29/><D5/><U30/><E30/><V56/><F56/><W114/><G114/><T37/><D37/><AGARI ba="2,0" hai="36,37,44,48,49,50,51,52,58,62,67,68,69,71" machi="37" ten="50,12000,2" yaku="35,6,54,1" doraHai="76" who="3" fromWho="0" sc="609,-126,169,0,53,0,169,126" /><INIT seed="1,0,0,5,0,30" ten="483,169,53,295" oya="1" hai0="3,114,60,75,91,111,62,81,102,95,70,109,73" hai1="92,134,101,121,132,35,10,115,117,21,4,40,119" hai2="44,85,130,105,116,28,18,50,45,118,108,52,9" hai3="12,133,113,49,68,97,103,120,22,74,104,90,110"/><U82/><E115/><V15/><F105/><W48/><G68/><T14/><D114/><U31/><E40/><V56/><F130/><W72/><G113/><T57/><D3/><U93/><E82/><V96/><F108/><W80/><G110/><T1/><D1/><U106/><E121/><V27/><F96/><W47/><G133/><N who="1" m="51306" /><E106/><V43/><F85/><W65/><G65/><T61/><D102/><U19/><E101/><V7/><F7/><W125/><G125/><T135/><D135/><U99/><E99/><V123/><F45/><W29/><G120/><T58/><D75/><U98/><E98/><V5/><F5/><W25/><G49/><T86/><D70/><U94/><E10/><V69/><F69/><W36/><G36/><T79/><D109/><U59/><E4/><V76/><F76/><W84/><G12/><T87/><D73/><U42/><E42/><AGARI ba="0,0" hai="22,25,29,42,47,48,72,74,80,84,90,97,103,104" machi="42" ten="30,1000,0" yaku="7,1" doraHai="30" who="3" fromWho="1" sc="483,0,169,-10,53,0,295,10" /><INIT seed="2,0,0,1,0,129" ten="483,159,53,305" oya="2" hai0="93,65,51,82,88,80,83,3,26,58,117,120,22" hai1="99,28,11,29,70,18,132,103,81,114,45,106,36" hai2="100,56,62,24,55,47,19,64,5,21,68,134,84" hai3="2,98,92,116,0,41,111,35,115,7,91,33,37"/><V39/><F5/><W85/><G116/><T14/><D120/><U40/><E70/><V1/><F1/><W54/><G111/><T17/><D3/><U13/><E114/><V79/><F100/><W46/><G98/><T42/><D117/><U10/><E132/><V69/><F134/><W32/><G115/><T78/><D42/><U27/><E27/><V128/><F128/><W16/><G7/><T74/><D26/><U43/><E43/><V23/><F39/><W121/><G121/><T31/><D31/><U71/><E71/><V48/><REACH who="2" step="1"/><F23/><REACH who="2" ten="483,159,43,305" step="2"/><W67/><G2/><T77/><D22/><U34/><E34/><V135/><F135/><W109/><G0/><T53/><D78/><U95/><E10/><V57/><F57/><W87/><G37/><T127/><D58/><U119/><E119/><V15/><F15/><W73/><G33/><T44/><D14/><U52/><E11/><V76/><F76/><W59/><G35/><T61/><D77/><U20/><E13/><V107/><F107/><W108/><G59/><T66/><D74/><U60/><E106/><V75/><F75/><W50/><G73/><T12/><D12/><U125/><E20/><V4/><F4/><W101/><G32/><T102/><D102/><U131/><E103/><V104/><F104/><W25/><G101/><T63/><D66/><U130/><E131/><V124/><F124/><W89/><G67/><T8/><D65/><U96/><E125/><V94/><F94/><W118/><G118/><T38/><D127/><U133/><E130/><V112/><F112/><W126/><G126/><RYUUKYOKU ba="0,1" sc="483,-10,159,-10,43,30,305,-10" hai2="19,21,24,47,48,55,56,62,64,68,69,79,84" /><INIT seed="2,1,1,5,4,74" ten="473,149,73,295" oya="2" hai0="109,54,12,103,67,27,129,97,81,110,38,66,105" hai1="124,113,44,13,114,92,104,83,121,135,7,62,118" hai2="18,35,15,96,45,6,68,106,61,65,47,73,80" hai3="78,30,108,53,1,39,69,77,122,90,33,42,126"/><V21/><F35/><W63/><G122/><T84/><D38/><U37/><E118/><V34/><F34/><W4/><G1/><T116/><D129/><U98/><E121/><V56/><F6/><W117/><G4/><T22/><D116/><U111/><E104/><V102/><REACH who="2" step="1"/><F68/><REACH who="2" ten="473,149,63,295" step="2"/><W100/><G69/><T130/><D130/><U82/><E7/><V88/><F88/><W89/><G33/><T93/><D110/><U91/><E111/><V87/><F87/><W72/><G90/><T131/><D109/><U46/><E91/><V25/><F25/><W132/><G89/><T133/><D131/><U119/><E119/><V17/><F17/><W19/><G19/><T32/><D32/><U120/><E114/><V48/><F48/><W50/><G50/><T26/><D26/><U2/><E113/><V8/><F8/><W55/><G117/><T40/><D27/><U14/><E120/><V60/><F60/><W16/><G16/><T125/><D84/><U75/><E62/><V5/><F5/><W0/><G63/><T23/><D67/><U43/><E2/><V20/><F20/><W99/><G0/><T107/><D66/><U24/><E24/><V70/><F70/><W94/><G108/><T31/><D23/><U64/><E64/><V79/><AGARI ba="1,2" hai="15,18,21,45,47,56,61,65,73,79,80,96,102,106" machi="79" ten="30,6000,0" yaku="1,1,0,1,52,1,53,0" doraHai="74" doraHaiUra="71" who="2" fromWho="2" sc="473,-21,149,-21,63,83,295,-21" /><INIT seed="2,2,0,4,0,100" ten="452,128,146,274" oya="2" hai0="74,3,95,41,120,8,19,66,135,112,47,83,85" hai1="10,61,86,67,129,44,31,72,104,79,81,35,6" hai2="113,68,92,40,59,118,107,91,9,37,109,29,1" hai3="28,96,70,93,56,69,80,127,4,38,25,99,116"/><V71/><F113/><W133/><G116/><T24/><D120/><U122/><E129/><V52/><F29/><W64/><G38/><T102/><D112/><U16/><E122/><V50/><F107/><W97/><G127/><T46/><D135/><U108/><E108/><V98/><F118/><W17/><G133/><T20/><D74/><U45/><E104/><V115/><F115/><W21/><G4/><T48/><D66/><U7/><E72/><V14/><F1/><W111/><G111/><T101/><D95/><U119/><E119/><V106/><F109/><W75/><G17/><T13/><D47/><U22/><E31/><V125/><F125/><W134/><G134/><T27/><D27/><U58/><E35/><V121/><F121/><W105/><G105/><T32/><D32/><U60/><E61/><V53/><F53/><W30/><G30/><N who="0" m="17671" /><D3/><U33/><E33/><V76/><F76/><AGARI ba="2,0" hai="8,13,19,41,46,48,76,83,85,101,102" m="17671" machi="76" ten="30,1000,0" yaku="8,1" doraHai="100" who="0" fromWho="2" sc="452,16,128,0,146,-16,274,0" /><INIT seed="3,0,0,1,0,125" ten="468,128,130,274" oya="3" hai0="22,38,31,1,68,117,20,129,97,82,36,130,105" hai1="52,44,109,2,66,98,93,28,9,84,71,3,48" hai2="53,87,61,65,107,58,122,134,10,34,14,135,23" hai3="92,120,54,19,15,72,55,64,62,133,50,47,80"/><W57/><G120/><T111/><D117/><U63/><E109/><V76/><F34/><W118/><G118/><T69/><D111/><U73/><E73/><V79/><F107/><W77/><G133/><N who="2" m="50697" /><F23/><N who="0" m="8746" /><D31/><U95/><E28/><V88/><F65/><W4/><G4/><T46/><D46/><U49/><E9/><V42/><F42/><W90/><G15/><T30/><D30/><U116/><E116/><V6/><F122/><W91/><G19/><T33/><D82/><AGARI ba="0,0" hai="6,10,14,53,58,61,76,79,82,87,88" m="50697" machi="82" ten="30,2000,0" yaku="20,1,54,1" doraHai="125" who="2" fromWho="0" sc="468,-20,128,0,130,20,274,0" /><INIT seed="4,0,0,5,4,37" ten="448,128,150,274" oya="0" hai0="52,90,11,53,104,70,41,69,101,17,23,99,87" hai1="95,133,92,82,6,68,75,10,113,80,76,18,9" hai2="86,97,131,47,16,26,85,134,1,62,130,120,127" hai3="119,31,29,105,57,63,110,56,67,34,91,8,25"/><T118/><D118/><U74/><E68/><V44/><F1/><W7/><G105/><T102/><D102/><U4/><E18/><V135/><F62/><W65/><G110/><T124/><D124/><U43/><E113/><V42/><F97/><W117/><G31/><T71/><D11/><U122/><E122/><V66/><F66/><W103/><G103/><T64/><D64/><U98/><E133/><N who="2" m="50699" /><F47/><W60/><REACH who="3" step="1"/><G91/><REACH who="3" ten="448,128,150,264" step="2"/><T89/><D89/><U54/><E76/><V94/><F127/><W22/><G22/><T50/><D90/><U107/><E107/><V72/><F120/><W0/><AGARI ba="0,1" hai="0,7,8,25,29,34,56,57,60,63,65,67,117,119" machi="0" ten="20,12000,2" yaku="1,1,0,1,7,1,9,1,53,2" doraHai="37" doraHaiUra="115" who="3" fromWho="3" sc="448,-60,128,-30,150,-30,264,130" /><INIT seed="5,0,0,0,2,21" ten="388,98,120,394" oya="1" hai0="120,113,73,86,116,78,7,54,12,80,83,77,129" hai1="92,71,95,13,121,19,110,51,114,81,64,34,134" hai2="30,122,55,6,17,22,4,79,103,128,101,23,61" hai3="88,20,65,39,111,3,37,108,135,96,89,8,93"/><U104/><E121/><V98/><F128/><W10/><G65/><T106/><D129/><U75/><E104/><V48/><F79/><W38/><G20/><N who="2" m="7721" /><F30/><W76/><G76/><T63/><D116/><U82/><E34/><V99/><F17/><W91/><G135/><T94/><D106/><U118/><E118/><V90/><F61/><W119/><G119/><T62/><D120/><U74/><E134/><V87/><F99/><W60/><G60/><T42/><D42/><U0/><E0/><V11/><F11/><W132/><G132/><T27/><D54/><U68/><E19/><V69/><F69/><N who="1" m="26697" /><E64/><V100/><F98/><W41/><G41/><T29/><D78/><U50/><E13/><V84/><F122/><W105/><G105/><T26/><D12/><U123/><E123/><V66/><F66/><W36/><G36/><T59/><D29/><U125/><E125/><V117/><F117/><W46/><G3/><T18/><D18/><U131/><E131/><V107/><F107/><W1/><G1/><T126/><D126/><U28/><E28/><V43/><F43/><W112/><G38/><T40/><D40/><U124/><E124/><V14/><F14/><W24/><G37/><T72/><D72/><N who="1" m="27691" /><E110/><V33/><F33/><W67/><G39/><T52/><D73/><U5/><E5/><N who="2" m="2155" /><F90/><W127/><G91/><T47/><D7/><U115/><E51/><V31/><F31/><W85/><G127/><T35/><D35/><U53/><E50/><V32/><F32/><W97/><G67/><T2/><D2/><U9/><E9/><V70/><F70/><RYUUKYOKU ba="0,0" sc="388,-10,98,-10,120,30,394,-10" hai2="48,55,84,87,100,101,103" /><INIT seed="6,1,0,3,3,15" ten="378,88,150,384" oya="2" hai0="37,129,47,59,64,16,81,69,70,40,127,58,48" hai1="12,54,101,109,6,108,8,67,21,2,118,9,130" hai2="27,53,23,61,42,110,97,34,124,133,7,79,30" hai3="104,98,74,17,100,33,93,103,99,51,119,128,62"/><V90/><F124/><W41/><G33/><T112/><D127/><U65/><E118/><V39/><F133/><W80/><G119/><T75/><D75/><U31/><E101/><V3/><F79/><W22/><G128/><T76/><D76/><U117/><E117/><V83/><F34/><W32/><G32/><T38/><D81/><U86/><E86/><V25/><F25/><W68/><G80/><T82/><D82/><U28/><E54/><V113/><F113/><W26/><G74/><T0/><D0/><U135/><E67/><V116/><F39/><W84/><G84/><T96/><D96/><U20/><E65/><V63/><F42/><W92/><G104/><T57/><D129/><U43/><E43/><V123/><F123/><W89/><G89/><T10/><D112/><U24/><E130/><V36/><F36/><W19/><G68/><T120/><D120/><U55/><E55/><V1/><F53/><W85/><G85/><T114/><D114/><U5/><E135/><V106/><F106/><W49/><G62/><T29/><D70/><U13/><E2/><V125/><F125/><W94/><G94/><T87/><D87/><U122/><E122/><V126/><F83/><W131/><G131/><T18/><D38/><U111/><E111/><V91/><F110/><W77/><G77/><T78/><D78/><U60/><E60/><V88/><F126/><W44/><G51/><T115/><D37/><U50/><E50/><V56/><F116/><W14/><G14/><T121/><D115/><U11/><E11/><V72/><F72/><W132/><G132/><RYUUKYOKU ba="1,0" sc="378,-15,88,15,150,-15,384,15" hai1="5,6,8,9,12,13,20,21,24,28,31,108,109" hai3="17,19,22,26,41,44,49,92,93,98,99,100,103" /><INIT seed="7,2,0,5,2,54" ten="363,103,135,399" oya="3" hai0="44,17,11,111,38,35,10,52,104,43,50,20,0" hai1="97,102,81,31,103,126,4,122,125,78,37,70,59" hai2="23,5,25,39,128,7,106,58,46,16,67,57,21" hai3="91,83,53,133,55,109,72,69,45,63,56,132,29"/><W107/><G107/><T80/><D35/><U19/><E70/><V74/><F106/><W84/><G109/><T65/><D111/><U112/><E37/><V135/><F74/><W47/><G72/><T101/><D0/><U3/><E122/><V6/><F135/><N who="3" m="51787" /><G69/><T26/><D65/><U40/><E40/><V120/><F67/><N who="3" m="39399" /><G29/><T64/><D64/><U61/><E19/><N who="2" m="12479" /><F39/><W32/><G32/><T131/><D131/><U116/><E31/><V94/><F46/><AGARI ba="2,0" hai="45,46,47,53,55,83,84,91" m="39399,51787" machi="46" ten="30,2900,0" yaku="20,1,52,1" doraHai="54" who="3" fromWho="2" sc="363,0,103,0,135,-35,399,35" owari="363,16.0,103,-30.0,100,-40.0,434,54.0" /></mjloggm>