<mjloggm ver="2.3"><GO type="169" lobby="0"/><UN n0="%E3%82%A6%E3%83%AB%E3%83%88%E3%83%A9%E7%AB%8B%E7%9B%B4" n1="%E3%82%B7%E3%83%B3%E3%83%87%E3%83%AB%E3%83%A9" n2="%65%72%61%6E%76%69%74%61" n3="%E3%82%BF%E3%83%8A%E3%82%AE" dan="17,17,16,19" rate="2148.31,2140.78,2071.55,2270.08" sx="M,M,M,M"/><TAIKYOKU oya="0"/><INIT seed="0,0,0,1,2,123" ten="250,250,250,250" oya="0" hai0="120,98,95,133,128,85,0,116,17,3,91,27,109" hai1="52,84,28,132,38,30,20,64,110,70,32,7,81" hai2="54,59,100,108,31,39,134,41,114,101,67,99,118" hai3="36,47,117,34,115,119,87,121,86,90,10,129,61"/><T56/><D120/><U79/><E32/><V73/><F73/><W72/><G121/><T97/><D116/><U16/><E38/><V29/><F134/><W6/><G34/><T19/><D133/><U75/><E132/><V57/><F114/><W43/><G115/><T93/><D128/><U13/><E75/><V74/><F74/><W102/><G129/><T49/><D0/><U126/><E126/><V50/><F118/><W58/><G102/><T15/><D3/><U80/><E80/><V82/><F100/><W124/><G72/><T4/><D109/><U2/><E110/><V48/><F82/><W9/><G86/><T14/><D85/><U35/><E35/><V60/><F39/><W25/><G25/><T71/><D71/><U22/><E22/><V66/><F108/><W65/><G10/><N who="0" m="4423" /><D27/><U103/><E103/><V78/><F78/><W68/><G124/><T96/><D93/><U112/><E112/><V51/><F41/><W77/><G77/><T62/><D49/><U11/><REACH who="1" step="1"/><E52/><REACH who="1" ten="250,240,250,250" step="2"/><N who="2" m="31903" /><F66/><W104/><G119/><T18/><D15/><U37/><E37/><V33/><F33/><W122/><G117/><T5/><D5/><U125/><E125/><V55/><F55/><AGARI ba="0,1" hai="17,18,19,55,56,62,91,95,96,97,98" m="4423" machi="55" ten="30,1500,0" yaku="8,1" doraHai="123" who="0" fromWho="2" sc="250,25,240,0,250,-15,250,0" /><INIT seed="0,1,0,1,1,23" ten="275,240,235,250" oya="0" hai0="42,60,98,102,3,41,8,109,84,44,11,37,46" hai1="92,101,128,28,33,34,5,125,30,89,32,1,83" hai2="79,53,93,25,59,15,50,16,86,66,13,45,91" hai3="70,19,74,4,124,43,134,57,120,61,31,97,112"/><T96/><D109/><U17/><E128/><V14/><F79/><W68/><G112/><T51/><D3/><U99/><E125/><V106/><F106/><W9/><G74/><T47/><D47/><U2/><E17/><V107/><F107/><W55/><G124/><T118/><D118/><U36/><E36/><V29/><F66/><W119/><G119/><T131/><D131/><U126/><E126/><V103/><F103/><W24/><G134/><T90/><D60/><U95/><E83/><V135/><F135/><W104/><G43/><T133/><D133/><U64/><E64/><V62/><F62/><W71/><G19/><T49/><D37/><U56/><E56/><V122/><F122/><W10/><G120/><T7/><D7/><U21/><E5/><V94/><F94/><W6/><G6/><T35/><D35/><U117/><E117/><V18/><REACH who="2" step="1"/><F59/><REACH who="2" ten="275,240,225,250" step="2"/><W130/><G130/><T132/><D132/><U115/><E95/><V40/><F40/><W110/><G71/><T87/><D102/><U20/><E101/><V12/><N who="2" m="3072" /><DORA hai="82" /><V38/><F38/><W121/><G70/><T116/><D116/><U108/><E92/><V114/><F114/><W123/><G68/><T78/><D78/><U111/><E111/><V67/><F67/><W58/><G110/><T81/><D81/><U48/><E115/><V54/><F54/><N who="3" m="33975" /><G123/><T113/><D113/><U0/><E108/><V129/><F129/><W27/><G121/><T26/><D90/><U22/><E48/><V77/><F77/><W72/><G104/><T69/><D69/><U127/><E127/><RYUUKYOKU ba="1,1" sc="275,10,240,10,225,10,250,-30" hai0="8,11,26,41,42,44,46,49,51,84,87,96,98" hai1="0,1,2,20,21,22,28,30,32,33,34,89,99" hai2="16,18,25,29,45,50,53,86,91,93" /><INIT seed="0,2,1,0,5,11" ten="285,250,235,220" oya="0" hai0="87,12,45,101,22,49,117,85,16,48,106,98,104" hai1="84,66,114,14,83,29,107,38,127,77,124,39,86" hai2="100,67,27,71,63,128,129,65,47,43,34,105,134" hai3="70,122,19,81,110,59,74,57,18,36,42,91,76"/><T108/><D117/><U68/><E114/><V3/><F134/><W111/><G70/><T20/><D108/><N who="3" m="41513" /><G122/><T56/><D104/><U46/><E107/><V10/><F67/><W62/><G91/><T8/><D56/><N who="3" m="21577" /><G62/><T15/><D22/><U78/><E29/><N who="2" m="19775" /><F47/><AGARI ba="2,1" hai="18,19,36,42,47,74,76,81" m="21577,41513" machi="47" ten="30,1000,0" yaku="14,1" doraHai="11" who="3" fromWho="2" sc="285,0,250,0,235,-16,220,26" /><INIT seed="1,0,0,5,2,83" ten="285,250,219,246" oya="1" hai0="0,21,121,75,33,1,46,5,10,114,31,55,57" hai1="64,117,80,22,91,62,82,16,15,69,97,13,124" hai2="63,59,17,3,86,111,89,2,26,95,42,131,92" hai3="23,20,94,18,96,84,87,49,60,123,78,98,73"/><U34/><E117/><V43/><F131/><W112/><G112/><T52/><D75/><U68/><E124/><V71/><F71/><W44/><G123/><T51/><D114/><U125/><E125/><V40/><F111/><W126/><G126/><T76/><D121/><U134/><E134/><V67/><F95/><W132/><G132/><T74/><D33/><U120/><E120/><V65/><F65/><W101/><G73/><T8/><D76/><U93/><E34/><V72/><F72/><W54/><G78/><T128/><D74/><U29/><E29/><V118/><F118/><W19/><G98/><T129/><D21/><N who="3" m="8265" /><G60/><T39/><D31/><U130/><E130/><N who="0" m="50281" /><D39/><U100/><E69/><V90/><F89/><W41/><G41/><T119/><D119/><U135/><E135/><V70/><F70/><W45/><G45/><T107/><D107/><U27/><REACH who="1" step="1"/><E80/><REACH who="1" ten="285,240,219,246" step="2"/><V79/><F3/><W110/><G110/><T47/><D1/><U109/><E109/><V88/><F2/><W61/><G61/><T30/><D30/><U12/><E12/><V36/><F36/><W32/><G32/><T104/><D0/><U103/><E103/><V50/><F26/><W58/><G44/><T38/><D46/><U37/><E37/><V4/><F63/><W105/><G105/><T25/><D25/><U24/><E24/><V53/><F67/><W116/><G116/><T56/><D38/><U81/><E81/><V133/><F133/><W48/><G49/><N who="0" m="30735" /><D104/><U66/><E66/><V108/><F108/><W127/><G127/><T14/><D47/><U85/><AGARI ba="0,1" hai="13,15,16,22,27,62,64,68,82,85,91,93,97,100" machi="85" ten="30,12000,1" yaku="1,1,5,1,0,1,52,1,54,1,53,0" doraHai="83" doraHaiUra="122" who="1" fromWho="1" sc="285,-40,240,130,219,-40,246,-40" /><INIT seed="1,1,0,0,4,62" ten="245,370,179,206" oya="1" hai0="132,88,134,30,110,102,73,100,3,12,75,60,31" hai1="77,36,96,85,79,109,83,95,45,114,76,33,74" hai2="116,97,0,50,82,14,124,135,80,28,64,53,117" hai3="89,78,115,48,15,52,41,98,13,133,37,71,129"/><U27/><E114/><V68/><F0/><W20/><G115/><T72/><D3/><U90/><E36/><V94/><F124/><W111/><G71/><T86/><D12/><U54/><E74/><V127/><F127/><W63/><G111/><T92/><D110/><U19/><E109/><V42/><F42/><W126/><G126/><T9/><D9/><U70/><E70/><V91/><F28/><N who="0" m="10794" /><D60/><U108/><E33/><V55/><F55/><W65/><G129/><T130/><D130/><U61/><E108/><V23/><F135/><AGARI ba="1,0" hai="72,73,75,86,88,92,100,102,132,134,135" m="10794" machi="135" ten="40,2600,0" yaku="20,1,54,1" doraHai="62" who="0" fromWho="2" sc="245,29,370,0,179,-29,206,0" /><INIT seed="2,0,0,5,1,47" ten="274,370,150,206" oya="2" hai0="73,43,100,53,93,122,118,84,24,134,99,126,32" hai1="66,64,9,71,74,106,95,19,36,48,56,130,60" hai2="5,87,38,11,112,18,52,10,105,129,115,86,3" hai3="135,124,4,17,123,45,63,83,88,54,7,101,28"/><V75/><F75/><W133/><G123/><T12/><D122/><U78/><E106/><V70/><F38/><W14/><G124/><T29/><D73/><U72/><E36/><V121/><F70/><W79/><G101/><T51/><D126/><U42/><E130/><V96/><F129/><W22/><G28/><T23/><D134/><N who="3" m="51209" /><G88/><T67/><D67/><U125/><E125/><V8/><F121/><W111/><G111/><T26/><D43/><U91/><E78/><V97/><F18/><W92/><G92/><T98/><D118/><U107/><E107/><V21/><F105/><W117/><G117/><T16/><D98/><U77/><E77/><V0/><F5/><W55/><G63/><T61/><D84/><U132/><E132/><V49/><F21/><W89/><G89/><T119/><D119/><U90/><E90/><V82/><F11/><W131/><G131/><T109/><D109/><U39/><E91/><V128/><F128/><W1/><G1/><T37/><D61/><U59/><E60/><V120/><F120/><W58/><G58/><T30/><D32/><U103/><E59/><V40/><F82/><W46/><G46/><N who="0" m="27895" /><D30/><U15/><E56/><V108/><F108/><W62/><G62/><T116/><D116/><U6/><E66/><V94/><F94/><W114/><G114/><T44/><D29/><U34/><E64/><V113/><F113/><W80/><G80/><T110/><D110/><U35/><E35/><V50/><F40/><W25/><G45/><T65/><D65/><U33/><E71/><V76/><F76/><W27/><G79/><RYUUKYOKU ba="0,0" sc="274,15,370,-15,150,15,206,-15" hai0="12,16,23,24,26,37,44,93,99,100" hai2="0,3,8,10,49,50,52,86,87,96,97,112,115" /><INIT seed="2,1,0,4,3,124" ten="289,355,165,191" oya="2" hai0="112,64,70,27,90,44,61,118,76,68,52,111,106" hai1="101,126,109,13,51,117,28,82,72,41,25,93,10" hai2="9,130,84,42,58,53,49,75,34,121,33,57,87" hai3="7,59,22,133,15,62,115,21,40,125,81,2,85"/><V122/><F75/><W31/><G125/><T127/><D112/><U19/><E126/><V36/><F36/><W43/><G2/><T55/><D106/><U116/><E109/><V88/><F42/><N who="3" m="15915" /><G133/><T3/><D3/><U11/><E11/><V107/><F107/><W83/><G115/><T20/><D76/><U4/><E4/><V24/><F130/><W91/><G81/><T119/><D127/><U32/><E82/><V103/><F103/><W73/><G73/><T12/><D111/><U18/><E18/><V60/><F33/><W120/><G31/><T37/><D37/><U86/><E72/><V54/><F9/><N who="3" m="4543" /><G120/><T17/><D90/><U50/><E50/><V96/><F122/><W110/><G110/><T56/><D27/><U123/><E123/><V134/><F134/><W8/><G8/><T67/><D68/><U16/><E19/><V104/><F104/><W131/><G131/><T69/><D70/><U66/><E66/><AGARI ba="1,0" hai="21,22,59,62,66,83,85,91" m="4543,15915" machi="66" ten="30,1000,0" yaku="8,1" doraHai="124" who="3" fromWho="1" sc="289,0,355,-13,165,0,191,13" /><INIT seed="3,0,0,2,4,62" ten="289,342,165,204" oya="3" hai0="80,93,34,115,83,21,117,108,123,68,100,58,11" hai1="23,60,64,72,6,0,134,8,107,33,55,88,14" hai2="61,24,119,29,26,106,97,101,67,130,90,99,111" hai3="132,131,112,82,103,102,135,78,113,4,71,16,69"/><W94/><G4/><T63/><D34/><U31/><E134/><N who="3" m="51242" /><G131/><T86/><D108/><U92/><E107/><V95/><F111/><W133/><N who="3" m="51250" /><W53/><DORA hai="35" /><G53/><T38/><D115/><N who="3" m="44105" /><G16/><T109/><D109/><U74/><E55/><V39/><F130/><W1/><G1/><T59/><D123/><U96/><E33/><V46/><F119/><W5/><G5/><T15/><D117/><U27/><E14/><V28/><F28/><W37/><G37/><T47/><D21/><U50/><E50/><V32/><F24/><W36/><G36/><T49/><D38/><U73/><E73/><V17/><F17/><W124/><G124/><T77/><D15/><U120/><E120/><V121/><F121/><W42/><G42/><T118/><D11/><U65/><E65/><V44/><REACH who="2" step="1"/><F39/><REACH who="2" ten="289,342,155,204" step="2"/><W25/><G25/><T48/><D118/><U3/><E27/><V10/><F10/><W116/><G116/><T114/><D114/><U40/><E8/><V57/><AGARI ba="0,1" hai="26,29,32,44,46,57,61,67,90,95,97,99,101,106" machi="57" ten="20,5200,0" yaku="1,1,0,1,7,1,52,1,53,0" doraHai="62,35" doraHaiUra="105,70" who="2" fromWho="2" sc="289,-13,342,-13,155,62,204,-26" /><INIT seed="4,0,0,5,3,92" ten="276,329,217,178" oya="0" hai0="29,129,85,30,17,79,107,24,70,6,11,48,68" hai1="86,36,75,23,125,106,91,117,18,97,128,96,109" hai2="56,38,73,39,82,64,67,89,77,110,69,83,44" hai3="33,10,28,104,118,59,49,47,100,112,130,53,14"/><T74/><D129/><U55/><E36/><V127/><F110/><W2/><G2/><N who="0" m="471" /><D85/><U84/><E109/><V51/><F69/><W126/><G126/><T105/><D48/><U27/><E125/><V54/><F127/><W121/><G112/><T111/><D17/><U65/><E117/><V102/><F102/><W9/><G130/><T132/><D30/><U99/><E128/><V71/><F71/><N who="0" m="27178" /><D111/><U119/><E119/><V42/><F38/><W40/><G118/><T78/><D78/><U133/><E133/><V62/><F39/><W32/><G121/><T15/><D15/><U35/><E106/><V26/><F26/><W131/><G131/><T120/><D120/><U93/><E75/><V113/><F113/><W134/><G134/><T63/><D63/><U4/><E4/><V46/><F46/><W37/><G28/><T61/><D61/><U101/><E65/><V57/><F57/><W122/><G122/><T123/><D123/><U52/><E35/><V60/><F62/><W98/><REACH who="3" step="1"/><G9/><REACH who="3" ten="276,329,217,168" step="2"/><T13/><D132/><U103/><E84/><V7/><F73/><W16/><AGARI ba="0,1" hai="10,14,16,32,33,37,40,47,49,53,59,98,100,104" machi="16" ten="20,12000,2" yaku="1,1,2,1,0,1,7,1,52,1,54,1,53,0" doraHai="92" doraHaiUra="90" who="3" fromWho="3" sc="276,-60,329,-30,217,-30,168,130" /><INIT seed="5,0,0,2,4,98" ten="216,299,187,298" oya="1" hai0="73,74,46,29,115,19,125,129,126,17,89,36,124" hai1="71,42,107,27,57,80,61,103,111,22,55,26,39" hai2="135,108,63,23,76,65,99,84,1,13,67,35,32" hai3="77,14,133,5,15,11,109,119,49,105,117,3,8"/><U102/><E111/><V24/><F1/><W93/><G105/><T122/><D115/><U48/><E107/><V92/><F135/><W88/><G109/><T62/><D129/><U12/><E80/><V106/><F106/><W70/><G70/><T30/><D62/><U50/><E12/><V58/><F67/><W52/><G77/><T130/><D89/><U90/><E90/><V37/><F37/><W94/><G133/><T56/><D56/><U114/><E114/><V116/><F13/><W10/><G10/><T123/><D130/><U60/><E39/><V113/><F116/><N who="3" m="44619" /><G94/><T47/><D36/><U59/><E71/><V43/><F43/><W41/><G41/><T97/><D125/><U78/><E42/><V118/><F113/><W81/><G81/><T79/><REACH who="0" step="1"/><D97/><REACH who="0" ten="206,299,187,298" step="2"/><U4/><E61/><V51/><F118/><W134/><G134/><T66/><D66/><U83/><E60/><V120/><F108/><W9/><G11/><T110/><D110/><U104/><E59/><V86/><F58/><N who="3" m="33039" /><G9/><T33/><D33/><U6/><E57/><V40/><F35/><W91/><G91/><T68/><D68/><U87/><E50/><V25/><F51/><W54/><G54/><T96/><D96/><AGARI ba="0,1" hai="3,5,8,14,15,88,93,96" m="33039,44619" machi="96" ten="30,3900,0" yaku="12,1,54,2" doraHai="98" who="3" fromWho="0" sc="206,-39,299,0,187,0,298,49" /><INIT seed="6,0,0,0,1,62" ten="167,299,187,347" oya="2" hai0="61,69,42,119,103,57,90,55,101,10,78,112,21" hai1="67,120,105,36,40,28,123,60,15,46,66,95,107" hai2="125,8,41,3,91,89,81,127,23,114,134,30,118" hai3="82,88,54,37,83,122,29,106,58,128,11,6,39"/><V85/><F118/><W133/><G106/><T74/><D119/><U64/><E28/><V104/><F104/><N who="1" m="40009" /><E95/><V76/><F114/><W132/><G122/><N who="1" m="46634" /><E15/><V5/><F41/><W53/><G128/><T20/><D112/><U79/><E79/><V99/><F134/><N who="3" m="51819" /><G29/><T84/><D69/><AGARI ba="0,0" hai="36,40,46,60,64,66,67,69" m="46634,40009" machi="69" ten="30,7700,0" yaku="13,1,52,3" doraHai="62" who="1" fromWho="0" sc="167,-77,299,77,187,0,347,0" /><INIT seed="7,0,0,1,4,87" ten="90,376,187,347" oya="3" hai0="108,36,92,29,19,44,11,74,76,3,64,93,111" hai1="57,7,63,84,22,10,91,15,26,133,6,105,42" hai2="9,56,12,45,21,16,117,58,113,100,131,49,132" hai3="120,41,34,50,95,31,0,39,20,85,115,73,68"/><W135/><G73/><T71/><D93/><N who="1" m="54503" /><E133/><V80/><F132/><W116/><G135/><T18/><D19/><N who="1" m="8695" /><E105/><V88/><F131/><W48/><G116/><T134/><D18/><N who="1" m="12631" /><E42/><V60/><F117/><W98/><G120/><T23/><D92/><U124/><E124/><V119/><F119/><W110/><G115/><T66/><D23/><U27/><E27/><V38/><F113/><W90/><G110/><T118/><D29/><U129/><E129/><V83/><F38/><W75/><G75/><T72/><D118/><U114/><E114/><V69/><F69/><W101/><G34/><T4/><D134/><U89/><E89/><V123/><F123/><W102/><G0/><T51/><D74/><U35/><E35/><V24/><F100/><W121/><G121/><T40/><D51/><U107/><E107/><V126/><F126/><W1/><G1/><T78/><D78/><U82/><E82/><V14/><F83/><W33/><G33/><T8/><D8/><U109/><E109/><V46/><F46/><N who="3" m="23871" /><G68/><T2/><D2/><U59/><E59/><V128/><F128/><W25/><G102/><T30/><D30/><U28/><E28/><N who="2" m="17423" /><F12/><W61/><G61/><T32/><D32/><U37/><E37/><V77/><F60/><W47/><G47/><T127/><D127/><U79/><E79/><V94/><F77/><W5/><G5/><T103/><D103/><U55/><AGARI ba="0,0" hai="6,7,55,57,63" m="12631,8695,54503" machi="55" ten="30,2000,0" yaku="8,1,52,1" doraHai="87" who="1" fromWho="1" sc="90,-5,376,20,187,-5,347,-10" owari="85,-41.0,396,49.0,182,-22.0,337,14.0" /></mjloggm>