<mjloggm ver="2.3"><GO type="225" lobby="0"/><UN n0="%E3%83%88%E3%83%88%E3%83%AA%E5%85%88%E7%94%9F%31%39%E6%AD%B3" n1="%6C%65%74%69%74%62%65" n2="%E9%87%98%E5%AE%AE%E7%97%85%E6%82%A3%E8%80%85" n3="%E5%A4%A7%E5%AE%AE%E5%BF%8D%76" dan="18,16,16,16" rate="2279.30,2112.18,2206.35,2168.62" sx="F,F,F,M"/><TAIKYOKU oya="0"/><INIT seed="0,0,0,2,1,13" ten="250,250,250,250" oya="0" hai0="15,63,30,60,104,132,67,47,12,91,105,103,117" hai1="78,18,7,70,112,79,54,121,101,123,95,124,34" hai2="37,17,97,83,74,119,131,9,27,84,10,33,135" hai3="64,19,110,133,42,8,134,41,51,111,86,23,88"/><T16/><D117/><U114/><E70/><V32/><F119/><W53/><G64/><T57/><D132/><N who="3" m="50793" /><G8/><T5/><D30/><U36/><E34/><V92/><F135/><W116/><G116/><T62/><D103/><U96/><E36/><V87/><F131/><W11/><G11/><N who="0" m="4207" /><D104/><U90/><E7/><V40/><F74/><W98/><G98/><T128/><D105/><U66/><E66/><V38/><F27/><N who="3" m="14847" /><G53/><T85/><D47/><U75/><E54/><V102/><F40/><N who="3" m="15467" /><G51/><T6/><D6/><U39/><E39/><V48/><F48/><W61/><G61/><N who="0" m="38319" /><D128/><U80/><E124/><V130/><F130/><W43/><N who="3" m="15475" /><W26/><DORA hai="3" /><G26/><T129/><D129/><U122/><E79/><V0/><F0/><W107/><G107/><T113/><D113/><N who="1" m="43627" /><E18/><V73/><F37/><W115/><G115/><T21/><D63/><U108/><E101/><V45/><F38/><W118/><G118/><T22/><D22/><U44/><E44/><V94/><F45/><W14/><G14/><T69/><D69/><U89/><E89/><V100/><F17/><W4/><G4/><T99/><D99/><U109/><AGARI ba="0,0" hai="75,78,80,90,95,96,108,109,121,122,123" m="43627" machi="109" ten="40,5200,0" yaku="11,1,34,2" doraHai="13,3" who="1" fromWho="1" sc="250,-26,250,52,250,-13,250,-13" /><INIT seed="1,0,0,4,2,54" ten="224,302,237,237" oya="1" hai0="20,40,128,65,44,8,133,106,134,88,90,107,99" hai1="41,50,47,112,56,33,124,22,28,83,91,17,113" hai2="82,103,70,42,58,59,117,71,26,68,114,14,102" hai3="21,109,79,81,122,63,118,7,37,46,51,92,64"/><U53/><E124/><V13/><F117/><W72/><G122/><T100/><D128/><U111/><E33/><V9/><F114/><W76/><G76/><T30/><D107/><U84/><E111/><V93/><F42/><W97/><G109/><T130/><D130/><U96/><E96/><V123/><F123/><W108/><G108/><T115/><D115/><U77/><E28/><V34/><F82/><W87/><G118/><T5/><D65/><U94/><E17/><V85/><F85/><W67/><G37/><T32/><D32/><U129/><E22/><V0/><F0/><W110/><G110/><T2/><D20/><U31/><E31/><V24/><F34/><W66/><G7/><T4/><D30/><U119/><E129/><V120/><F120/><W36/><G36/><T6/><D6/><U131/><E119/><V48/><F48/><W39/><G39/><N who="0" m="21535" /><D4/><U49/><REACH who="1" step="1"/><E131/><REACH who="1" ten="224,292,237,237" step="2"/><V55/><F9/><W25/><G21/><T89/><D5/><U16/><E16/><V1/><F1/><W35/><G35/><T95/><D8/><U23/><E23/><V125/><F125/><W18/><G18/><T19/><D19/><U75/><AGARI ba="0,1" hai="41,47,49,50,53,56,75,77,83,84,91,94,112,113" machi="75" ten="20,7800,0" yaku="1,1,0,1,7,1,52,1,53,0" doraHai="54" doraHaiUra="62" who="1" fromWho="1" sc="224,-26,292,88,237,-26,237,-26" /><INIT seed="1,1,0,3,0,72" ten="198,380,211,211" oya="1" hai0="70,38,12,49,27,79,81,42,69,36,90,16,51" hai1="122,83,102,60,71,68,99,73,40,10,62,35,23" hai2="134,91,5,107,53,33,106,110,25,80,46,135,118" hai3="111,128,37,6,75,126,115,133,76,88,17,7,3"/><U108/><E35/><V105/><F118/><W93/><G115/><T114/><D114/><U127/><E122/><V52/><F5/><W19/><G111/><T11/><D90/><U104/><E108/><V29/><F110/><W8/><G6/><T116/><D116/><U97/><E40/><V13/><F13/><W44/><G126/><T82/><D82/><U87/><E73/><V4/><F4/><W14/><G14/><T130/><D130/><U129/><E129/><V61/><F61/><W0/><G0/><T2/><D2/><U15/><E23/><V92/><F80/><N who="3" m="45087" /><G133/><N who="2" m="50697" /><F46/><W98/><G128/><T1/><D1/><U121/><E62/><V96/><AGARI ba="1,0" hai="25,29,33,52,53,91,92,96,105,106,107" m="50697" machi="96" ten="40,2700,0" yaku="20,1,54,1" doraHai="72" who="2" fromWho="2" sc="198,-8,380,-14,211,30,211,-8" /><INIT seed="2,0,0,3,1,114" ten="190,366,241,203" oya="2" hai0="21,84,35,66,131,94,22,123,43,3,48,81,65" hai1="63,91,44,101,115,75,133,59,52,37,122,85,42" hai2="16,47,89,29,31,86,120,14,25,118,93,34,6" hai3="73,40,15,127,80,128,58,9,106,49,57,90,61"/><V121/><F6/><W78/><G106/><T82/><D123/><U33/><E115/><V5/><F5/><W113/><G113/><T130/><D35/><U92/><E122/><V95/><F47/><W102/><G128/><N who="0" m="49195" /><D3/><U41/><E75/><V76/><F76/><W30/><G127/><T36/><D36/><U46/><E33/><V20/><F118/><W19/><G102/><T55/><D94/><U105/><E133/><V135/><F135/><W87/><G30/><T28/><D43/><U13/><E13/><V39/><F39/><W38/><G38/><T69/><D81/><U12/><E12/><V129/><F129/><W83/><REACH who="3" step="1"/><G61/><REACH who="3" ten="190,366,241,193" step="2"/><N who="0" m="40111" /><D28/><U126/><E126/><V62/><F62/><W50/><G50/><T1/><D1/><U124/><E105/><V77/><F31/><W60/><G60/><T98/><D66/><U32/><E101/><V79/><F121/><W0/><G0/><T110/><D110/><U104/><E104/><V4/><F120/><W51/><G51/><T10/><D10/><U70/><E124/><V18/><F29/><W109/><G109/><T116/><D116/><U74/><E32/><V45/><F34/><W24/><G24/><T7/><D22/><U26/><E26/><V112/><F20/><W132/><G132/><T107/><D21/><U64/><E37/><V117/><F117/><W56/><G56/><N who="0" m="32871" /><D107/><U103/><E103/><V2/><F25/><W119/><G119/><T72/><D72/><U11/><E11/><V96/><F2/><W53/><G53/><T88/><D98/><U8/><E8/><V108/><F108/><RYUUKYOKU ba="0,1" sc="190,15,366,-15,241,-15,193,15" hai0="7,82,84,88" hai3="9,15,19,40,49,57,58,73,78,80,83,87,90" /><INIT seed="3,1,1,1,0,7" ten="205,351,226,208" oya="3" hai0="120,74,92,122,42,50,131,37,59,71,47,113,135" hai1="17,10,125,1,45,19,44,5,15,110,14,32,73" hai2="84,103,52,99,82,117,128,76,90,22,80,100,64" hai3="105,38,112,72,96,119,97,23,13,130,107,118,18"/><W57/><G112/><T34/><D34/><U123/><E123/><N who="0" m="47145" /><D74/><U83/><E32/><V35/><F35/><W104/><G72/><T127/><D92/><U51/><E110/><V101/><F64/><W31/><G38/><T40/><D113/><U58/><E125/><V108/><F117/><W48/><G31/><T53/><D127/><U133/><E73/><V6/><F108/><W56/><G130/><T93/><D93/><U132/><E83/><V79/><F128/><W2/><G2/><T88/><D88/><U30/><E30/><V109/><F109/><W114/><G114/><T70/><D131/><U61/><E1/><V134/><F6/><W62/><G118/><T116/><D116/><U8/><E5/><V43/><F43/><W0/><G119/><T89/><D89/><U12/><E12/><V68/><F68/><N who="0" m="26154" /><D42/><U60/><E8/><V4/><F4/><W36/><G0/><T86/><D86/><U77/><E10/><V87/><F22/><W24/><G13/><T75/><D75/><U85/><E14/><V26/><F26/><W102/><G97/><T41/><D41/><U3/><E15/><V55/><F99/><W27/><G27/><T9/><D9/><U129/><E129/><V28/><F90/><W111/><G111/><T49/><D135/><U11/><E133/><V81/><F134/><W39/><G96/><T94/><D94/><U115/><E132/><V29/><F82/><W25/><G102/><T21/><D21/><U124/><E115/><V106/><F101/><W69/><G25/><T63/><AGARI ba="1,1" hai="37,40,47,49,50,53,59,63" m="26154,47145" machi="63" ten="30,2000,0" yaku="34,2" doraHai="7" who="0" fromWho="0" sc="205,33,351,-6,226,-6,208,-11" owari="238,4.0,345,44.0,220,-18.0,197,-30.0" /></mjloggm>