<mjloggm ver="2.3"><GO type="169" lobby="0"/><UN n0="%E3%82%AB%E3%83%9C%E3%83%81%E3%83%A3%E3%82%BF%E3%83%8D" n1="%E9%BA%BB%E9%9B%80%E3%81%AE%E6%89%89" n2="%E5%A5%88%E8%90%BD%E3%81%AE%E7%8E%8B" n3="%E3%82%A6%E3%83%AB%E3%83%88%E3%83%A9%E7%AB%8B%E7%9B%B4" dan="16,16,16,16" rate="2126.85,2078.69,2055.77,2123.53" sx="M,M,M,M"/><TAIKYOKU oya="0"/><INIT seed="0,0,0,1,2,119" ten="250,250,250,250" oya="0" hai0="111,63,104,77,89,72,94,81,130,96,34,44,117" hai1="20,23,29,82,25,46,116,69,70,91,114,47,133" hai2="110,73,120,9,3,128,35,61,103,68,83,92,50" hai3="80,14,86,37,48,79,17,65,102,71,67,101,36"/><T28/><D117/><U11/><E116/><V132/><F50/><W99/><G37/><T107/><D130/><U6/><E114/><V115/><F92/><W75/><G36/><T22/><D34/><U106/><E106/><V112/><F103/><W108/><G108/><T33/><D33/><U62/><E133/><V45/><F132/><W15/><G75/><T40/><D111/><U121/><E121/><V74/><F110/><W51/><G15/><T123/><D63/><U32/><E20/><V57/><F45/><W27/><G27/><T122/><D104/><U100/><E23/><V30/><F57/><W88/><G79/><T59/><D59/><U55/><E100/><N who="3" m="38506" /><G99/><T124/><D107/><U60/><E60/><V93/><F93/><W78/><G78/><T41/><D124/><U109/><E109/><V131/><F83/><W4/><G4/><T56/><D56/><U26/><E26/><N who="2" m="18903" /><F74/><W54/><G71/><T129/><D129/><N who="2" m="49738" /><F73/><W134/><G134/><T39/><REACH who="0" step="1"/><D40/><REACH who="0" ten="240,250,250,250" step="2"/><U19/><E62/><V135/><F135/><W12/><G65/><T5/><D5/><U125/><E6/><N who="2" m="1247" /><F120/><W98/><G67/><AGARI ba="0,1" hai="61,67,68,112,115" m="1247,49738,18903" machi="67" ten="30,2000,0" yaku="19,1,23,1" doraHai="119" who="2" fromWho="3" sc="240,0,250,0,250,30,250,-20" /><INIT seed="1,0,0,3,0,33" ten="240,250,280,230" oya="1" hai0="71,131,4,106,78,61,117,133,30,74,123,108,76" hai1="118,60,8,39,22,12,56,58,6,115,47,114,120" hai2="25,52,67,5,105,34,18,75,110,107,41,84,2" hai3="3,88,9,51,135,128,65,127,81,119,80,53,102"/><U95/><E120/><V28/><F75/><W73/><G119/><T99/><D117/><U69/><E69/><V36/><F67/><W124/><G102/><N who="0" m="62815" /><D76/><U97/><E118/><V92/><F18/><W89/><G65/><N who="0" m="41391" /><D108/><U14/><E58/><V70/><F70/><W44/><G128/><T46/><D46/><U42/><E22/><V121/><F110/><W112/><G112/><T126/><D133/><U11/><E56/><V86/><F52/><N who="3" m="29799" /><G135/><T40/><D40/><U55/><E55/><V19/><F19/><W20/><G20/><T45/><D45/><U113/><E60/><V48/><F48/><W1/><G53/><T62/><D62/><U43/><E43/><V109/><F109/><W82/><G73/><T100/><D100/><U35/><E35/><V57/><F57/><W94/><G9/><T85/><D85/><U7/><REACH who="1" step="1"/><E115/><REACH who="1" ten="240,240,280,230" step="2"/><V27/><F34/><W72/><G72/><T116/><D116/><U37/><E37/><V31/><F36/><W130/><G130/><T125/><D131/><U87/><E87/><V10/><F41/><W64/><G64/><T132/><D132/><U16/><E16/><V96/><F121/><W50/><G50/><T24/><D123/><U0/><E0/><V122/><F122/><W66/><G66/><T111/><D111/><U17/><E17/><V77/><F2/><W59/><G1/><T93/><D4/><U54/><E54/><V101/><F5/><W91/><G3/><T68/><D68/><U98/><E98/><N who="2" m="61623" /><F86/><N who="3" m="52503" /><G59/><T79/><D74/><U83/><E83/><V15/><F84/><N who="3" m="50327" /><G80/><T103/><D30/><RYUUKYOKU ba="0,1" sc="240,-15,240,15,280,-15,230,15" hai1="6,7,8,11,12,14,39,42,47,95,97,113,114" hai3="81,91,124,127" /><INIT seed="1,1,1,4,1,26" ten="225,255,265,245" oya="1" hai0="7,41,76,125,62,18,121,133,80,39,110,21,129" hai1="34,104,15,87,94,22,60,79,64,49,102,31,98" hai2="95,51,37,35,86,108,40,4,65,33,93,13,131" hai3="59,84,122,12,38,14,118,89,85,23,48,77,46"/><U1/><E1/><V105/><F105/><W112/><G38/><T115/><D115/><U29/><E49/><V127/><F37/><W126/><G112/><T72/><D110/><U8/><E34/><V107/><F107/><W67/><G122/><T63/><D121/><U54/><E54/><V82/><F65/><W113/><G113/><T78/><D78/><U69/><E22/><V74/><F74/><W10/><G118/><T32/><D32/><U70/><E70/><V44/><F108/><W99/><G126/><T128/><D125/><U57/><E69/><V111/><F111/><W6/><G77/><T132/><D7/><N who="1" m="3487" /><E104/><V119/><F119/><W120/><G120/><T73/><D73/><U135/><E135/><N who="0" m="51785" /><D41/><U45/><E45/><V3/><F3/><W16/><G59/><T36/><D36/><U123/><E123/><V43/><F43/><N who="3" m="24671" /><G67/><T50/><D50/><U11/><E11/><N who="2" m="4327" /><F127/><W30/><G10/><T52/><D39/><U106/><E106/><V66/><F35/><W100/><G6/><T91/><D91/><U2/><E2/><V47/><F33/><W27/><G89/><T117/><D117/><U42/><E42/><V56/><F47/><W134/><G134/><T17/><D63/><U53/><E64/><V81/><F66/><W103/><G103/><T88/><D88/><U97/><E97/><V92/><F40/><W9/><G99/><T28/><D62/><U20/><E20/><V116/><F116/><W25/><G100/><T96/><D96/><U19/><E19/><N who="0" m="7177" /><D52/><U71/><E71/><V75/><F51/><W83/><G23/><RYUUKYOKU ba="1,1" sc="225,15,255,15,265,-15,245,-15" hai0="21,28,72,76,80,128,129" hai1="29,31,53,57,60,79,87,94,98,102" /><INIT seed="1,2,1,1,1,119" ten="240,270,250,230" oya="1" hai0="127,92,38,117,131,13,81,33,94,89,35,93,48" hai1="55,24,22,76,102,66,14,61,2,46,17,90,116" hai2="72,118,103,56,43,112,65,78,126,91,135,8,104" hai3="37,79,3,75,41,120,125,30,36,32,53,111,15"/><U77/><E2/><V101/><F8/><W4/><G15/><T10/><D38/><U83/><E116/><V1/><F56/><W18/><G53/><T58/><D117/><U113/><E102/><V68/><F43/><W26/><G18/><T42/><D131/><U128/><E113/><V85/><F1/><W52/><G52/><T74/><D127/><U98/><E128/><V80/><F65/><W84/><G84/><T132/><D132/><U34/><E34/><V27/><F27/><W47/><G125/><T64/><D74/><U21/><E46/><V88/><F68/><W5/><G5/><T109/><D109/><U110/><E55/><V40/><F40/><W6/><G6/><T59/><D33/><U95/><E83/><N who="2" m="49215" /><F118/><W39/><G111/><T86/><D35/><U133/><E133/><V12/><F12/><W29/><G29/><T99/><D99/><U31/><REACH who="1" step="1"/><E110/><REACH who="1" ten="240,260,250,230" step="2"/><V70/><F126/><W0/><G0/><T122/><D64/><U71/><AGARI ba="2,2" hai="14,17,21,22,24,31,61,66,71,76,77,90,95,98" machi="71" ten="20,7800,0" yaku="1,1,2,1,0,1,7,1,53,0" doraHai="119" doraHaiUra="114" who="1" fromWho="1" sc="240,-28,260,104,250,-28,230,-28" /><INIT seed="1,3,0,0,0,91" ten="212,364,222,202" oya="1" hai0="103,17,38,21,123,81,59,47,2,16,36,114,64" hai1="133,83,88,56,28,105,124,94,51,29,107,109,79" hai2="68,34,118,60,46,85,4,53,52,7,74,22,19" hai3="42,37,43,45,25,86,106,31,77,82,110,102,23"/><U100/><E133/><V112/><F74/><W8/><G110/><T57/><D114/><U33/><E124/><V72/><F72/><W35/><G43/><T15/><D2/><U40/><E109/><V101/><F34/><W84/><G106/><T108/><D108/><U18/><E100/><V80/><F118/><W49/><G102/><T95/><D123/><U104/><E33/><V67/><F101/><W62/><G62/><N who="0" m="37967" /><D38/><U76/><E18/><V39/><F39/><W131/><G131/><T96/><D36/><U122/><E122/><V127/><F127/><W50/><G35/><T54/><D17/><U92/><E40/><V71/><F71/><W0/><REACH who="3" step="1"/><G84/><REACH who="3" ten="212,364,222,192" step="2"/><T63/><D47/><U111/><E111/><V99/><F46/><W125/><G125/><T113/><D113/><U128/><E128/><V5/><F99/><W119/><G119/><T12/><D81/><U129/><E129/><V41/><F41/><W90/><G90/><T27/><AGARI ba="3,1" hai="12,15,16,21,27,54,59,63,95,96,103" m="37967" machi="27" ten="30,4000,0" yaku="8,1,52,1,54,1" doraHai="91" who="0" fromWho="0" sc="212,59,364,-23,222,-13,192,-13" /><INIT seed="2,0,0,0,0,108" ten="271,341,209,179" oya="2" hai0="1,109,59,53,135,68,47,104,127,134,97,70,46" hai1="128,114,99,80,79,121,55,125,45,100,5,132,31" hai2="122,16,90,115,64,3,103,4,129,43,56,33,72" hai3="93,101,74,131,37,86,21,25,102,11,0,123,76"/><V124/><F33/><W35/><G123/><T107/><D97/><U83/><E121/><V119/><F72/><W48/><G131/><T78/><D78/><U62/><E128/><V7/><F3/><W85/><G37/><T96/><D96/><U118/><E118/><V2/><F2/><W23/><G74/><T106/><D1/><U10/><E31/><V105/><F105/><W95/><G0/><T24/><D24/><U27/><E27/><V41/><F103/><W71/><G71/><N who="0" m="27179" /><D109/><U116/><E116/><V91/><F56/><W15/><G35/><T77/><D77/><U58/><E132/><N who="0" m="50729" /><D127/><U117/><E125/><V61/><F124/><W60/><G76/><T17/><D17/><U36/><E83/><V133/><F133/><W82/><G25/><T22/><D22/><U120/><E120/><V51/><F122/><W42/><G82/><T49/><AGARI ba="0,0" hai="46,47,49,53,59,104,106,107" m="50729,27179" machi="49" ten="40,1500,0" yaku="20,1" doraHai="108" who="0" fromWho="0" sc="271,15,341,-4,209,-7,179,-4" /><INIT seed="3,0,0,3,2,25" ten="286,337,202,175" oya="3" hai0="116,85,129,36,102,52,47,117,69,7,37,96,57" hai1="3,111,93,44,97,77,58,21,127,13,8,55,119" hai2="110,17,53,27,41,78,61,48,31,30,76,59,115" hai3="56,10,108,28,38,40,98,34,4,122,81,70,14"/><W24/><G70/><T126/><D7/><U118/><E111/><V35/><F110/><W121/><G108/><T19/><D69/><U33/><E33/><V104/><F104/><W92/><G56/><T87/><D129/><U63/><E127/><V83/><F115/><W86/><G40/><T91/><D126/><U16/><E77/><N who="2" m="29803" /><F83/><W95/><G38/><T11/><D87/><U114/><E114/><V101/><F101/><W22/><G34/><T100/><D37/><U82/><E82/><V5/><F5/><W18/><G121/><T15/><D36/><U89/><E3/><V0/><F0/><W123/><G123/><T103/><D96/><U75/><E75/><V12/><F27/><W80/><G122/><T50/><REACH who="0" step="1"/><D57/><REACH who="0" ten="276,337,202,175" step="2"/><U2/><E2/><V71/><F71/><W65/><G4/><T66/><D66/><U113/><E113/><V49/><F35/><W131/><G131/><T1/><D1/><U9/><E44/><N who="2" m="25615" /><F61/><W45/><G45/><T120/><D120/><U67/><E67/><V20/><AGARI ba="0,1" hai="12,17,20,30,31,49,53,59" m="25615,29803" machi="20" ten="30,4000,0" yaku="8,1,52,2" doraHai="25" who="2" fromWho="2" sc="276,-10,337,-10,202,50,175,-20" /><INIT seed="4,0,0,5,4,97" ten="266,327,252,155" oya="0" hai0="16,110,63,27,3,91,65,111,103,114,113,8,49" hai1="62,132,0,104,9,80,5,107,128,82,11,106,57" hai2="93,83,102,67,31,122,124,121,55,29,87,133,23" hai3="21,12,89,6,81,76,72,54,61,37,84,112,32"/><T119/><D119/><U40/><E132/><V98/><F133/><W48/><G37/><T53/><D3/><U85/><E128/><V30/><F124/><W116/><G32/><T78/><D78/><U101/><E40/><V74/><F74/><W100/><G116/><T24/><D91/><U66/><E11/><V69/><F23/><W115/><G61/><T105/><D27/><U13/><E0/><V131/><F131/><W88/><G100/><T33/><D53/><U14/><E14/><V118/><F118/><W77/><G89/><T99/><D49/><U135/><E135/><V86/><F86/><W94/><G77/><T109/><D8/><U68/><E68/><V71/><F55/><W95/><G95/><T17/><D33/><U7/><E7/><V73/><F73/><W18/><REACH who="3" step="1"/><G6/><REACH who="3" ten="266,327,252,145" step="2"/><T117/><D117/><U42/><E82/><V34/><F34/><W46/><AGARI ba="0,1" hai="12,18,21,46,48,54,72,76,81,84,88,94,112,115" machi="46" ten="30,7900,0" yaku="1,1,2,1,0,1,54,1,53,0" doraHai="97" doraHaiUra="120" who="3" fromWho="3" sc="266,-39,327,-20,252,-20,145,89" /><INIT seed="5,0,0,0,0,57" ten="227,307,232,234" oya="1" hai0="135,107,31,78,1,126,9,43,49,8,109,134,112" hai1="83,32,71,62,2,124,0,132,72,23,84,111,92" hai2="89,48,90,59,122,56,3,14,19,108,21,116,17" hai3="22,119,105,77,41,42,102,118,37,68,125,120,30"/><U91/><E32/><V54/><F108/><W87/><G120/><T99/><D109/><U35/><E35/><V28/><F3/><W27/><G37/><T60/><D126/><U58/><E71/><V76/><F122/><W97/><G68/><T25/><D78/><U98/><E124/><V81/><F28/><W7/><G7/><T11/><D1/><U70/><E70/><V117/><F59/><W65/><G65/><T55/><D43/><U24/><E72/><V123/><F123/><W110/><G110/><T106/><D99/><U50/><E50/><V53/><F53/><W113/><G125/><T121/><D121/><U13/><E13/><V131/><F131/><W85/><G113/><T129/><D112/><U79/><E132/><N who="0" m="50729" /><D129/><U44/><E44/><V39/><F39/><W93/><G105/><N who="0" m="39947" /><D49/><U66/><REACH who="1" step="1"/><E111/><REACH who="1" ten="227,297,232,234" step="2"/><V130/><F130/><W16/><G119/><T103/><D11/><U75/><E75/><V73/><F117/><W38/><G118/><T6/><D9/><U88/><E88/><V10/><F116/><W128/><G128/><T63/><D103/><U115/><E115/><V33/><F33/><W64/><G38/><T20/><D8/><U26/><E26/><AGARI ba="0,1" hai="10,14,17,19,21,26,48,54,56,73,76,81,89,90" machi="26" ten="30,1000,0" yaku="7,1" doraHai="57" who="2" fromWho="1" sc="227,0,297,-10,232,20,234,0" /><INIT seed="6,0,0,0,4,48" ten="227,287,252,234" oya="2" hai0="129,60,135,8,128,54,71,14,17,74,131,13,75" hai1="11,35,126,51,93,7,36,123,95,18,10,37,112" hai2="0,26,25,59,46,120,22,16,73,90,66,31,61" hai3="50,91,82,69,41,132,15,94,119,53,111,63,134"/><V104/><F120/><W87/><G119/><T56/><D135/><N who="3" m="51753" /><G111/><T43/><D43/><U70/><E35/><V27/><F73/><N who="0" m="27658" /><D14/><U80/><E70/><AGARI ba="0,0" hai="8,13,17,54,56,60,70,71,128,129,131" m="27658" machi="70" ten="40,2600,0" yaku="19,1,52,1" doraHai="48" who="0" fromWho="1" sc="227,26,287,-26,252,0,234,0" /><INIT seed="7,0,0,2,3,99" ten="253,261,252,234" oya="3" hai0="40,54,21,132,110,63,65,43,134,98,15,9,74" hai1="31,128,34,7,51,1,101,27,46,81,126,119,37" hai2="68,59,121,118,6,103,116,49,120,60,112,19,61" hai3="2,131,50,24,18,88,123,97,127,38,76,47,106"/><W22/><G123/><N who="2" m="47177" /><F6/><W108/><G2/><T87/><D74/><U55/><E119/><N who="2" m="45611" /><F19/><W113/><G38/><T93/><D110/><U122/><E122/><V30/><F30/><W79/><G108/><T109/><D109/><U12/><E37/><V86/><F86/><W100/><G127/><T85/><D54/><U23/><E126/><V111/><F111/><W104/><G104/><T8/><D21/><U35/><E128/><V125/><F125/><W117/><G117/><T3/><D3/><U45/><E45/><V44/><F103/><W82/><G131/><T133/><D87/><U42/><E101/><V89/><F89/><W58/><G58/><N who="0" m="37111" /><D85/><U73/><E1/><V91/><F91/><W70/><G70/><T16/><D8/><N who="1" m="4127" /><E73/><V80/><F80/><W14/><G113/><T64/><D64/><U13/><E81/><V78/><F112/><W57/><G57/><T71/><D71/><U33/><E35/><V83/><F83/><W130/><G130/><T41/><D41/><U84/><E42/><N who="2" m="24727" /><F68/><W4/><G82/><T105/><D105/><U32/><E84/><V11/><F11/><N who="3" m="4455" /><G88/><AGARI ba="0,0" hai="9,15,16,40,43,88,93,98,132,133,134" m="37111" machi="88" ten="30,3900,0" yaku="20,1,54,2" doraHai="99" who="0" fromWho="3" sc="253,39,261,0,252,0,234,-39" /><INIT seed="8,0,0,3,2,128" ten="292,261,252,195" oya="0" hai0="37,35,73,19,39,40,14,135,49,55,61,86,81" hai1="107,45,125,92,116,48,124,12,69,9,94,22,60" hai2="0,66,32,134,30,117,75,29,78,23,31,126,26" hai3="131,99,62,132,115,93,77,38,24,91,41,58,65"/><T68/><D73/><U106/><E116/><V1/><F66/><W72/><G115/><T64/><D35/><U16/><E69/><V74/><F78/><W82/><G131/><T108/><D108/><U102/><E60/><V123/><F75/><W95/><G38/><T4/><D4/><U83/><E83/><V50/><F50/><W67/><G41/><T36/><D40/><N who="1" m="24615" /><E9/><V54/><F54/><W42/><G42/><T105/><D105/><N who="1" m="39947" /><E102/><V79/><F79/><W130/><G130/><T28/><D28/><U56/><E56/><V122/><F74/><W120/><G120/><T51/><D51/><U2/><E2/><V113/><F117/><W33/><G67/><T70/><D70/><U97/><E97/><V15/><F113/><W111/><G111/><T57/><D39/><U59/><E59/><V110/><F110/><W88/><G24/><T10/><D135/><U103/><E103/><V6/><F134/><W63/><G63/><T114/><D114/><U96/><E96/><V13/><F123/><W18/><G33/><T8/><D8/><U127/><AGARI ba="0,0" hai="12,16,22,92,94,124,125,127" m="39947,24615" machi="127" ten="40,2700,0" yaku="18,1,54,1" doraHai="128" who="1" fromWho="1" sc="292,-13,261,27,252,-7,195,-7" /><INIT seed="9,0,0,0,5,37" ten="279,288,245,188" oya="1" hai0="60,121,50,89,117,82,70,49,62,27,15,13,105" hai1="113,36,19,69,34,64,23,83,55,29,56,123,14" hai2="133,25,107,10,125,20,45,33,79,132,47,109,104" hai3="124,5,7,80,100,24,32,43,77,28,12,102,118"/><U95/><E123/><V97/><F109/><W11/><G124/><T4/><D105/><U65/><E113/><V127/><F33/><W9/><G118/><T106/><D106/><N who="2" m="40490" /><F97/><W85/><REACH who="3" step="1"/><G43/><REACH who="3" ten="279,288,245,178" step="2"/><T78/><D117/><U0/><E69/><V58/><F127/><W51/><G51/><T76/><D50/><U63/><E36/><V35/><F125/><W108/><G108/><T3/><D49/><U38/><E38/><V6/><F133/><W103/><G103/><T72/><D60/><U22/><E63/><V99/><F132/><W84/><G84/><T111/><D62/><U131/><E131/><V68/><F99/><W44/><G44/><T91/><D111/><U93/><E65/><V17/><F45/><W112/><G112/><T130/><D130/><U74/><E64/><V115/><F47/><W46/><G46/><T129/><D129/><U98/><E98/><V31/><F115/><W94/><G94/><T57/><D121/><U26/><E95/><V39/><F39/><W66/><G66/><T42/><D42/><U96/><E96/><V75/><F75/><W53/><G53/><T48/><D72/><U71/><E71/><V16/><F68/><W116/><G116/><T30/><D70/><U101/><E101/><V2/><F58/><W90/><G90/><T126/><D126/><U135/><E135/><V40/><F40/><W114/><G114/><T61/><D61/><U88/><E74/><V134/><F134/><W128/><G128/><T59/><D59/><U8/><E56/><V92/><F92/><W18/><G18/><T81/><D57/><RYUUKYOKU ba="0,1" sc="279,-10,288,-10,245,-10,178,30" hai3="5,7,9,11,12,24,28,32,77,80,85,100,102" /><INIT seed="10,1,1,0,0,68" ten="269,278,235,208" oya="2" hai0="36,13,14,18,25,76,12,43,9,5,62,49,79" hai1="117,88,45,64,80,4,104,27,108,29,67,42,97" hai2="128,101,39,38,122,10,56,33,131,15,84,83,116" hai3="87,30,20,3,2,34,132,121,105,127,46,44,54"/><V95/><F33/><W11/><G105/><T110/><D110/><U81/><E117/><V93/><F116/><W17/><G121/><T111/><D111/><U103/><E108/><V126/><F122/><W28/><G127/><T24/><D36/><N who="2" m="13866" /><F56/><W31/><G34/><T50/><D62/><U100/><E4/><N who="2" m="3527" /><F101/><W73/><G73/><T113/><D113/><U37/><E103/><V96/><F96/><W66/><G66/><T19/><D13/><U52/><E52/><V22/><F22/><W59/><G87/><T134/><D5/><U114/><E114/><V72/><F72/><W16/><G11/><T98/><D98/><U65/><REACH who="1" step="1"/><E88/><REACH who="1" ten="269,268,235,208" step="2"/><N who="2" m="51231" /><F126/><W1/><G54/><T55/><D55/><U6/><E6/><V91/><F91/><W21/><G46/><T123/><D123/><U89/><E89/><V40/><F40/><W78/><G44/><T71/><D43/><U51/><E51/><V70/><F70/><W107/><G78/><T57/><D71/><U135/><E135/><V90/><F90/><W112/><G59/><T60/><D134/><U94/><E94/><V7/><F7/><W99/><G132/><T92/><D92/><U26/><E26/><N who="0" m="10345" /><D79/><U53/><E53/><V0/><F95/><W8/><G112/><T23/><D76/><U86/><E86/><V35/><F93/><W77/><G77/><T58/><D58/><U106/><E106/><V47/><F47/><W102/><REACH who="3" step="1"/><G17/><REACH who="3" ten="269,268,235,198" step="2"/><N who="0" m="8335" /><D57/><U69/><E69/><V63/><F63/><W119/><G119/><T82/><D60/><U85/><E85/><V120/><F120/><W41/><G41/><RYUUKYOKU ba="1,3" sc="269,-15,268,15,235,-15,198,15" hai1="27,29,37,42,45,64,65,67,80,81,97,100,104" hai3="1,2,3,8,16,20,21,28,30,31,99,102,107" /><INIT seed="11,2,3,0,5,38" ten="254,283,220,213" oya="3" hai0="66,79,73,98,19,96,101,58,134,11,45,21,99" hai1="111,129,133,40,55,18,70,8,9,94,126,74,41" hai2="29,16,122,49,72,89,33,104,123,88,97,12,65" hai3="112,83,46,117,80,63,60,84,3,82,85,34,39"/><W52/><G112/><T95/><D134/><U30/><E74/><V24/><F72/><W109/><G3/><T118/><D118/><U69/><E111/><V31/><F31/><W0/><G0/><T100/><D11/><U13/><E30/><V121/><F65/><W127/><G34/><T5/><D5/><U64/><E133/><V42/><F49/><N who="3" m="28727" /><G39/><T22/><D73/><U110/><E110/><V71/><F71/><W86/><G109/><T81/><D81/><N who="3" m="31337" /><G117/><T17/><D79/><U91/><E70/><V50/><F50/><W7/><G127/><T43/><D58/><U48/><E126/><V102/><F42/><W44/><G7/><T76/><D76/><U53/><E69/><V125/><F125/><W35/><G35/><T132/><D66/><U10/><E64/><V92/><F104/><W37/><G37/><T59/><D59/><N who="1" m="33191" /><E55/><V130/><F130/><W15/><G44/><T116/><D116/><U27/><E129/><V115/><F115/><W57/><G15/><N who="0" m="9407" /><D132/><U93/><E27/><V105/><F105/><W56/><N who="3" m="31345" /><W25/><DORA hai="23" /><G25/><N who="0" m="14559" /><D43/><N who="1" m="16459" /><E94/><V135/><F135/><W32/><G32/><T1/><D1/><U78/><E78/><V87/><F87/><AGARI ba="2,3" hai="8,9,10,13,18,87,91,93" m="16459,33191" machi="87" ten="30,7700,0" yaku="8,1,52,3" doraHai="38,23" who="1" fromWho="2" sc="254,0,283,113,220,-83,213,0" owari="254,5.0,396,50.0,137,-36.0,213,-19.0" /></mjloggm>