<mjloggm ver="2.3"><GO type="169" lobby="0"/><UN n0="%E7%B5%B6%E5%AF%BE%E3%81%AB%E3%82%86%E3%82%8B%E3%81%95%E3%81%AA%E3%81%84" n1="%E8%B1%86%E7%89%B9%EF%BC%A0%E6%B2%B3%E6%9D%91%E8%BB%8D%E5%9B%A3" n2="%E3%82%A6%E3%83%AB%E3%83%88%E3%83%A9%E7%AB%8B%E7%9B%B4" n3="%74%79%64%79" dan="16,16,17,16" rate="2090.59,2081.24,2188.79,2135.19" sx="M,M,M,M"/><TAIKYOKU oya="0"/><INIT seed="0,0,0,3,0,2" ten="250,250,250,250" oya="0" hai0="77,100,12,73,4,26,28,109,124,7,58,47,76" hai1="129,14,97,65,94,52,48,102,83,116,3,9,6" hai2="79,134,10,53,101,27,93,95,49,60,41,88,66" hai3="13,61,86,111,55,123,16,15,42,36,87,17,91"/><T118/><D118/><U70/><E129/><V74/><F134/><W5/><G36/><T25/><D124/><U54/><E116/><V35/><F41/><W8/><G42/><T37/><D100/><U117/><E117/><V85/><F79/><N who="0" m="30282" /><D37/><U68/><E83/><V33/><F74/><W120/><G111/><T81/><D73/><U67/><E3/><V103/><F10/><N who="3" m="6263" /><G17/><T78/><D47/><U114/><E114/><V44/><F27/><N who="0" m="10250" /><D28/><U132/><E132/><V46/><F46/><W96/><G123/><T125/><D125/><U133/><E133/><V11/><F11/><W62/><G120/><T107/><D107/><U22/><E22/><V99/><REACH who="2" step="1"/><F103/><REACH who="2" ten="250,250,240,250" step="2"/><W98/><G8/><T64/><D109/><U63/><REACH who="1" step="1"/><E48/><REACH who="1" ten="250,240,240,250" step="2"/><V57/><AGARI ba="0,2" hai="33,35,44,49,53,57,60,66,85,88,93,95,99,101" machi="57" ten="20,8000,1" yaku="1,1,2,1,0,1,7,1,54,1,53,0" doraHai="2" doraHaiUra="131" who="2" fromWho="2" sc="250,-40,240,-20,240,100,250,-20" /><INIT seed="1,0,0,5,0,81" ten="210,220,340,230" oya="1" hai0="131,97,47,83,19,135,127,10,70,94,2,132,126" hai1="64,95,115,22,28,89,24,56,63,15,121,21,78" hai2="111,66,108,90,50,80,74,73,8,84,25,31,110" hai3="51,101,52,68,76,86,106,116,71,105,32,75,92"/><U9/><E115/><V117/><F117/><W61/><G32/><T5/><D70/><U14/><E121/><V124/><F124/><N who="0" m="47658" /><D47/><U79/><E21/><V113/><F113/><W34/><G34/><T13/><D83/><U12/><REACH who="1" step="1"/><E9/><REACH who="1" ten="210,210,340,230" step="2"/><V4/><F8/><W30/><G116/><T18/><D131/><U33/><E33/><N who="2" m="20719" /><F4/><W112/><G112/><T119/><D119/><U11/><E11/><V65/><F50/><W72/><G51/><T55/><D135/><U102/><E102/><V85/><F74/><W133/><G75/><T0/><D132/><U125/><E125/><V36/><F73/><W57/><G133/><T1/><D55/><U114/><E114/><V37/><F37/><W134/><G134/><T96/><D96/><AGARI ba="0,1" hai="12,14,15,22,24,28,56,63,64,78,79,89,95,96" machi="96" ten="40,7700,0" yaku="1,1,8,1,53,1" doraHai="81" doraHaiUra="23" who="1" fromWho="0" sc="210,-77,210,87,340,0,230,0" /><INIT seed="1,1,0,0,3,77" ten="133,297,340,230" oya="1" hai0="100,48,30,36,110,109,119,22,62,34,120,43,60" hai1="2,45,99,88,134,133,71,28,107,115,104,11,83" hai2="118,37,8,46,89,38,63,72,25,103,49,73,4" hai3="105,80,93,125,70,108,58,29,124,44,126,78,13"/><U66/><E115/><V50/><F103/><W117/><G105/><T94/><D119/><U47/><E28/><V26/><F63/><N who="0" m="24106" /><D34/><U7/><E66/><V68/><F68/><W67/><G70/><T111/><D120/><U33/><E33/><V23/><F89/><W85/><G67/><T135/><D135/><N who="1" m="51723" /><E71/><V112/><F112/><W24/><G117/><T54/><D36/><U121/><E121/><V102/><F102/><W15/><G108/><T56/><D43/><U55/><E55/><V97/><F97/><W61/><G93/><T98/><D22/><U19/><E19/><V32/><F23/><N who="3" m="15519" /><G44/><N who="1" m="16970" /><E99/><V42/><F32/><W123/><G123/><T122/><D122/><U57/><E57/><V9/><F46/><W82/><G58/><T79/><D30/><U114/><E114/><V17/><F118/><W106/><G61/><T74/><D111/><U10/><E10/><V40/><F17/><W113/><G113/><T6/><D110/><U51/><E51/><V12/><F38/><W27/><G27/><T31/><D109/><U35/><E35/><V131/><F37/><W95/><G106/><T39/><D39/><U127/><E127/><V52/><F50/><W1/><G126/><T69/><D69/><U130/><E130/><V41/><F131/><W81/><G125/><T65/><D31/><U64/><E64/><V3/><F49/><W59/><G59/><T75/><D65/><U84/><AGARI ba="1,0" hai="2,7,11,83,84,88,104,107" m="16970,51723" machi="84" ten="30,6000,0" yaku="20,1,52,1,54,1" doraHai="77" who="1" fromWho="1" sc="133,-21,297,63,340,-21,230,-21" /><INIT seed="1,2,0,2,0,8" ten="112,360,319,209" oya="1" hai0="96,76,10,24,115,28,50,122,37,55,42,21,91" hai1="112,52,0,135,92,89,31,82,13,4,64,45,23" hai2="43,110,123,1,25,22,59,61,129,27,85,106,49" hai3="73,94,111,11,81,7,15,134,78,95,19,97,38"/><U5/><E112/><V34/><F1/><W9/><G38/><T87/><D115/><U100/><E0/><V118/><F106/><W51/><G111/><T67/><D67/><U36/><E64/><V40/><F110/><W133/><G51/><T109/><D109/><U126/><E126/><V53/><F123/><W107/><G107/><T72/><D122/><U77/><E100/><V62/><F118/><W12/><REACH who="3" step="1"/><G95/><REACH who="3" ten="112,360,319,199" step="2"/><T90/><D37/><U120/><E120/><V117/><F49/><W2/><G2/><T63/><D50/><N who="1" m="28751" /><E36/><V125/><F125/><W26/><G26/><T108/><D24/><U127/><E127/><V75/><F25/><W84/><G84/><T18/><D87/><N who="1" m="48591" /><E135/><V131/><F85/><W105/><G105/><T58/><D108/><U3/><E3/><V103/><F27/><W56/><G56/><T102/><D58/><U69/><E69/><V66/><F59/><W99/><G99/><T35/><D96/><N who="1" m="57359" /><E31/><V65/><F75/><W60/><G60/><T128/><D28/><U93/><E93/><V6/><F62/><W83/><G83/><T16/><D63/><U39/><E39/><V41/><F61/><W68/><G68/><T57/><D72/><U20/><E20/><V80/><F22/><W29/><G29/><T32/><D21/><U30/><E30/><V71/><F71/><W70/><G70/><T17/><D35/><U98/><E98/><V104/><F34/><W88/><AGARI ba="2,1" hai="7,9,11,12,15,19,73,78,81,88,94,97,133,134" machi="88" ten="30,8000,1" yaku="1,1,0,1,52,2,54,1,53,0" doraHai="8" doraHaiUra="121" who="3" fromWho="3" sc="112,-22,360,-42,319,-22,199,96" /><INIT seed="2,0,0,0,0,110" ten="90,318,297,295" oya="2" hai0="22,8,74,31,109,85,39,10,35,127,63,66,44" hai1="38,26,95,21,56,68,83,97,69,58,106,57,84" hai2="119,100,135,29,15,123,71,50,120,42,23,55,112" hai3="92,41,37,99,3,1,64,111,116,0,51,122,40"/><V113/><F100/><W49/><G116/><T34/><D74/><U78/><E106/><V88/><F88/><W14/><G122/><N who="2" m="46633" /><F29/><W53/><G111/><T130/><D109/><U103/><REACH who="1" step="1"/><E38/><REACH who="1" ten="90,308,297,295" step="2"/><V118/><F135/><W133/><G37/><T17/><D39/><U52/><E52/><V62/><F15/><W43/><G14/><T129/><D129/><U24/><E24/><V48/><F23/><W32/><G133/><T19/><D22/><U73/><E73/><V82/><F82/><W75/><G75/><T102/><D130/><U28/><AGARI ba="0,1" hai="21,26,28,56,57,58,68,69,78,83,84,95,97,103" machi="28" ten="30,4000,0" yaku="1,1,0,1,53,1" doraHai="110" doraHaiUra="81" who="1" fromWho="1" sc="90,-10,308,50,297,-20,295,-10" /><INIT seed="3,0,0,4,5,117" ten="80,358,277,285" oya="3" hai0="38,130,37,85,46,128,119,47,25,84,127,10,133" hai1="62,33,69,100,132,97,20,114,77,50,81,31,135" hai2="43,111,113,16,3,35,67,120,2,29,44,107,74" hai3="1,134,66,108,96,6,79,58,41,124,99,72,80"/><W112/><G112/><T82/><D119/><U0/><E0/><V5/><F74/><W7/><G134/><N who="1" m="51242" /><E114/><V26/><F107/><W118/><G118/><T89/><D133/><U71/><E50/><V40/><F40/><W30/><G30/><T51/><D127/><U48/><E48/><V105/><F105/><W93/><G124/><T109/><D109/><U18/><E33/><V63/><F111/><W101/><G108/><T13/><D25/><N who="1" m="14487" /><E62/><V34/><F34/><W9/><G41/><T55/><D47/><U22/><E22/><V86/><F86/><W8/><G66/><T14/><D85/><N who="1" m="48303" /><E31/><V28/><F28/><W42/><G42/><T116/><D116/><U73/><E73/><V90/><F113/><W12/><G58/><T131/><REACH who="0" step="1"/><D13/><REACH who="0" ten="70,358,277,285" step="2"/><U125/><E125/><V4/><F44/><W76/><G96/><T129/><N who="0" m="32768" /><DORA hai="59" /><T64/><D64/><U106/><AGARI ba="0,1" hai="69,71,97,100,106" m="48303,14487,51242" machi="106" ten="30,1100,0" yaku="20,1" doraHai="117,59" who="1" fromWho="1" sc="70,-3,358,21,277,-3,285,-5" /><INIT seed="4,0,0,2,0,29" ten="67,379,274,280" oya="0" hai0="100,25,72,101,125,119,82,81,106,99,115,113,15" hai1="8,131,114,14,83,78,87,33,10,7,50,94,104" hai2="3,90,89,67,76,116,134,91,9,59,107,51,68" hai3="112,45,41,71,12,39,110,75,53,121,126,37,102"/><T58/><D119/><U85/><E104/><V135/><F107/><W86/><G75/><T80/><D58/><U18/><E33/><V123/><F123/><W43/><G110/><T24/><D15/><N who="1" m="7543" /><E131/><V109/><F109/><W44/><G102/><N who="0" m="62815" /><D25/><U17/><E114/><N who="0" m="43529" /><D24/><U27/><E27/><V66/><F116/><W49/><G112/><T120/><D120/><U62/><E62/><V105/><F105/><W31/><G31/><T30/><D30/><U74/><E74/><V111/><F76/><W65/><G12/><T70/><D70/><U97/><E87/><V60/><F111/><W28/><G28/><T98/><D125/><U55/><E7/><V47/><F68/><W93/><G126/><T108/><D108/><U122/><E122/><V46/><F67/><W56/><G121/><T73/><D101/><N who="1" m="60599" /><E50/><V1/><F9/><W52/><G71/><T133/><D133/><N who="2" m="50698" /><F51/><W35/><G65/><T69/><D69/><U124/><E124/><V26/><F26/><W128/><G39/><T32/><D32/><U23/><E55/><V54/><F54/><W36/><G35/><T77/><D77/><U88/><E78/><V118/><F118/><W22/><G53/><T117/><D117/><U61/><E61/><V13/><F13/><W11/><G36/><T84/><D84/><U38/><E38/><V2/><AGARI ba="0,0" hai="1,2,3,46,47,59,60,66,89,90,91" m="50698" machi="2" ten="40,1500,0" yaku="20,1" doraHai="29" who="2" fromWho="2" sc="67,-7,379,-4,274,15,280,-4" /><INIT seed="5,0,0,4,4,50" ten="60,375,289,276" oya="1" hai0="106,49,108,40,124,52,7,78,17,84,19,129,9" hai1="63,97,99,70,44,33,105,120,24,21,91,94,128" hai2="39,100,103,12,67,104,127,62,96,134,48,80,45" hai3="41,47,111,51,26,76,116,133,122,14,95,102,110"/><U117/><E117/><V0/><F0/><W64/><G122/><T123/><D108/><U6/><E6/><V69/><F127/><W112/><G116/><T43/><D106/><U11/><E11/><V13/><F134/><W56/><G133/><T71/><D71/><U28/><E128/><V101/><F39/><W58/><G56/><T61/><D129/><U135/><E135/><V1/><F1/><W114/><G76/><T53/><D124/><U121/><E21/><V118/><F118/><W27/><G14/><N who="0" m="5439" /><D123/><U88/><E44/><V65/><F65/><W38/><G111/><T2/><D2/><U75/><E75/><V54/><F80/><W131/><G131/><T126/><D126/><U74/><E74/><V3/><F3/><W77/><G77/><T23/><D17/><U85/><E85/><V5/><F5/><W18/><G18/><T60/><D78/><U73/><E73/><V98/><REACH who="2" step="1"/><F101/><REACH who="2" ten="60,375,279,276" step="2"/><W8/><G64/><T34/><D34/><N who="1" m="20743" /><E121/><V57/><F57/><W66/><G66/><T93/><D93/><AGARI ba="0,1" hai="12,13,45,48,54,62,67,69,93,96,98,100,103,104" machi="93" ten="30,3900,0" yaku="1,1,7,1,52,1,53,0" doraHai="50" doraHaiUra="30" who="2" fromWho="0" sc="60,-39,375,0,279,49,276,0" /><INIT seed="6,0,0,5,2,43" ten="21,375,328,276" oya="2" hai0="38,132,102,33,57,13,110,62,108,69,46,16,130" hai1="58,36,21,128,23,0,66,92,71,34,107,10,6" hai2="133,4,20,86,101,99,50,84,41,75,94,3,25" hai3="114,97,49,12,44,93,24,55,17,135,90,74,47"/><V67/><F75/><W72/><G135/><T53/><D33/><U11/><E107/><V82/><F133/><W127/><G127/><T19/><D132/><U26/><E71/><V40/><F4/><W115/><G24/><T15/><D130/><U112/><E36/><V91/><F3/><W76/><G47/><T88/><D69/><U64/><E128/><V85/><F67/><W31/><G31/><T124/><D102/><U63/><E64/><V83/><F50/><W134/><G134/><T103/><D103/><U96/><E112/><N who="3" m="43050" /><G76/><T39/><D124/><U70/><E70/><V9/><F9/><AGARI ba="0,0" hai="9,12,17,44,49,55,72,74,90,93,97" m="43050" machi="9" ten="30,3900,0" yaku="15,1,11,1,52,1" doraHai="43" who="3" fromWho="2" sc="21,0,375,0,328,-39,276,39" /><INIT seed="7,0,0,2,2,5" ten="21,375,289,315" oya="3" hai0="50,52,71,29,7,113,97,78,14,99,90,104,49" hai1="131,36,117,110,45,129,120,3,75,20,135,61,33" hai2="66,13,127,15,83,43,26,100,73,74,94,47,105" hai3="62,1,23,116,37,53,98,86,103,35,72,123,68"/><W64/><G116/><T8/><D71/><U0/><RYUUKYOKU type="yao9" ba="0,0" sc="21,0,375,0,289,0,315,0" hai1="0,3,20,33,36,45,61,75,110,117,120,129,131,135" /><INIT seed="7,1,0,1,2,69" ten="21,375,289,315" oya="3" hai0="97,125,93,27,109,17,7,107,61,13,20,9,47" hai1="36,56,122,92,12,119,124,57,96,80,106,75,59" hai2="50,66,111,33,115,129,2,15,5,35,70,121,41" hai3="128,78,19,90,100,22,60,55,71,54,91,65,133"/><W81/><G133/><T79/><D109/><U52/><E122/><V131/><F111/><W83/><G128/><N who="2" m="49225" /><F121/><W53/><G100/><T42/><D125/><U8/><E124/><V88/><F2/><W51/><G51/><T14/><D107/><U37/><E106/><V98/><F115/><W48/><G48/><T127/><D127/><U64/><E64/><V31/><F31/><W104/><G104/><T135/><D135/><U118/><E80/><V82/><F66/><W116/><G116/><N who="1" m="44586" /><E52/><V73/><F70/><W24/><REACH who="3" step="1"/><G83/><REACH who="3" ten="21,375,289,305" step="2"/><T67/><D79/><U62/><E75/><AGARI ba="1,1" hai="19,22,24,53,54,55,60,65,71,75,78,81,90,91" machi="75" ten="40,3900,0" yaku="1,1,2,1,53,0" doraHai="69" doraHaiUra="123" who="3" fromWho="1" sc="21,0,375,-42,289,0,305,52" owari="21,-48.0,333,13.0,289,-11.0,357,46.0" /></mjloggm>