<mjloggm ver="2.3"><GO type="169" lobby="0"/><UN n0="%E3%82%AB%E3%83%AA%E3%83%95%E3%82%A9%E3%83%AB%E3%83%8B%E3%82%A2%E9%A2%A8" n1="%EF%BC%88%E2%88%AA%EF%BC%BE%CF%89%EF%BC%BE%EF%BC%89%E3%81%8A%EF%BC%81" n2="%E3%82%B7%E3%83%A7%E3%83%BC%E3%83%9E" n3="%E3%82%A6%E3%83%AB%E3%83%88%E3%83%A9%E7%AB%8B%E7%9B%B4" dan="17,16,16,16" rate="2104.34,2091.64,2097.14,2105.54" sx="M,M,M,M"/><TAIKYOKU oya="0"/><INIT seed="0,0,0,1,5,113" ten="250,250,250,250" oya="0" hai0="14,61,57,78,48,58,11,67,21,81,2,107,38" hai1="8,12,127,46,133,101,43,71,119,39,102,111,104" hai2="100,32,9,47,96,60,63,92,132,6,26,15,69" hai3="73,134,85,18,82,50,41,86,0,117,91,33,83"/><T75/><D38/><U62/><E119/><V36/><F69/><W115/><G115/><T124/><D107/><U128/><E111/><V29/><F132/><W1/><G73/><T34/><D34/><U53/><E133/><V118/><F36/><W122/><G134/><T65/><D2/><U70/><E128/><V13/><F118/><W110/><G117/><T19/><D124/><U89/><E127/><V77/><F77/><W3/><G110/><T103/><D103/><U55/><E102/><V4/><F47/><W49/><G122/><T126/><D126/><U105/><E89/><V84/><F84/><W31/><G41/><T129/><D129/><U44/><E104/><V72/><F72/><W7/><G7/><T131/><D131/><U123/><E101/><V98/><F96/><W42/><G42/><T90/><D90/><U95/><E95/><V112/><F112/><W99/><G99/><T30/><D48/><N who="1" m="28823" /><E12/><V40/><REACH who="2" step="1"/><F40/><REACH who="2" ten="250,250,240,250" step="2"/><W35/><G86/><T80/><D75/><U125/><E123/><V10/><AGARI ba="0,1" hai="4,6,9,10,13,15,26,29,32,60,63,92,98,100" machi="10" ten="30,7900,0" yaku="1,1,2,1,0,1,9,1,53,0" doraHai="113" doraHaiUra="54" who="2" fromWho="2" sc="250,-39,250,-20,240,89,250,-20" /><INIT seed="1,0,0,2,2,29" ten="211,230,329,230" oya="1" hai0="66,5,111,46,76,4,83,130,17,28,38,55,118" hai1="78,13,71,135,114,2,24,107,109,35,16,68,72" hai2="106,93,98,99,108,122,120,62,86,7,94,123,10" hai3="88,42,67,52,100,32,58,75,59,89,11,70,36"/><U65/><E114/><V80/><F62/><N who="3" m="40311" /><G75/><T31/><D118/><U56/><E107/><V64/><F64/><W77/><G77/><T21/><D66/><U51/><E2/><V115/><F10/><W1/><G59/><T113/><D113/><U45/><E72/><V39/><F7/><N who="3" m="1519" /><G100/><T25/><D130/><U27/><E78/><V97/><F39/><W96/><G96/><T112/><D112/><U50/><E56/><V61/><F61/><W19/><G19/><T92/><D111/><U44/><E65/><V105/><F115/><W90/><G90/><T20/><D92/><U41/><E109/><V79/><F108/><W110/><G32/><T43/><D55/><U132/><E35/><V33/><REACH who="2" step="1"/><F33/><REACH who="2" ten="211,230,319,230" step="2"/><W73/><G110/><T6/><REACH who="0" step="1"/><D21/><REACH who="0" ten="201,230,319,230" step="2"/><U131/><E131/><V85/><F85/><AGARI ba="0,2" hai="4,5,6,17,20,25,28,31,38,43,46,76,83,85" machi="85" ten="40,8000,1" yaku="1,1,2,1,53,2" doraHai="29" doraHaiUra="26" who="0" fromWho="2" sc="201,100,230,0,319,-80,230,0" /><INIT seed="2,0,0,2,1,3" ten="301,230,239,230" oya="2" hai0="60,124,2,46,34,115,31,107,95,99,20,112,91" hai1="132,12,39,16,57,54,7,131,110,32,103,100,6" hai2="102,119,109,98,4,67,15,135,123,14,80,25,50" hai3="51,73,88,30,72,28,96,134,114,10,69,9,29"/><V26/><F119/><W41/><G69/><T13/><D34/><U42/><E32/><V120/><F135/><W24/><G134/><T86/><D2/><U65/><E132/><V70/><F120/><W36/><G36/><T37/><D124/><U22/><E110/><V33/><F123/><W85/><G114/><T40/><D60/><U77/><E131/><V84/><F109/><W17/><G96/><T44/><D44/><U122/><E122/><V62/><F33/><W8/><G41/><T66/><D66/><U52/><E77/><V11/><F50/><W83/><REACH who="3" step="1"/><G51/><REACH who="3" ten="301,230,239,220" step="2"/><T105/><D99/><U108/><E108/><V118/><F118/><W78/><G78/><T101/><D40/><U56/><E39/><V0/><F98/><W48/><G48/><T45/><D37/><U133/><E42/><V97/><F97/><W1/><G1/><T87/><D115/><U27/><E133/><V18/><F102/><W21/><AGARI ba="0,1" hai="8,9,10,17,21,24,28,29,30,72,73,83,85,88" machi="21" ten="40,5200,0" yaku="1,1,0,1,54,1,53,0" doraHai="3" doraHaiUra="64" who="3" fromWho="3" sc="301,-13,230,-13,239,-26,220,62" /><INIT seed="3,0,0,0,5,99" ten="288,217,213,282" oya="3" hai0="13,101,60,73,129,22,94,0,29,62,82,83,113" hai1="31,86,117,111,32,42,108,81,77,85,16,130,20" hai2="59,24,105,43,52,118,45,100,75,104,64,50,23" hai3="7,67,40,3,93,69,78,47,35,28,127,58,66"/><W84/><G127/><T61/><D0/><U41/><E117/><V87/><F75/><W27/><G69/><T8/><D73/><U54/><E130/><V15/><F118/><W103/><G58/><T124/><D129/><U95/><E32/><V17/><F64/><W128/><G128/><T21/><D113/><U11/><E31/><V89/><F24/><W106/><G106/><T97/><D124/><U114/><E11/><V96/><F105/><W1/><G1/><T131/><D131/><U133/><E133/><V46/><REACH who="2" step="1"/><F43/><REACH who="2" ten="288,217,203,282" step="2"/><W30/><G67/><T25/><REACH who="0" step="1"/><D22/><REACH who="0" ten="278,217,203,282" step="2"/><U68/><E114/><V107/><F107/><W14/><G35/><T34/><D34/><U49/><E108/><V55/><F55/><W70/><G66/><T92/><D92/><AGARI ba="0,2" hai="15,17,23,45,46,50,52,59,87,89,92,96,100,104" machi="92" ten="30,12000,2" yaku="1,1,7,1,25,2,52,1,54,1,53,1" doraHai="99" doraHaiUra="90" who="2" fromWho="0" sc="278,-120,217,0,203,140,282,0" /><INIT seed="4,0,0,2,1,81" ten="158,217,343,282" oya="0" hai0="49,40,13,38,33,7,129,82,87,18,134,86,77" hai1="5,89,56,65,31,97,10,132,53,34,101,92,79" hai2="95,69,113,23,105,27,55,76,103,41,75,3,71" hai3="62,57,51,45,72,15,48,128,64,127,90,133,70"/><T119/><D38/><U52/><E132/><V130/><F3/><W80/><G133/><T98/><D134/><U24/><E79/><V4/><F4/><W8/><G127/><T60/><D119/><U78/><E78/><V50/><F41/><W126/><G126/><T2/><D33/><U68/><E68/><V116/><F105/><W1/><G1/><T42/><D2/><U61/><REACH who="1" step="1"/><E101/><REACH who="1" ten="158,207,343,282" step="2"/><V63/><F76/><W28/><G70/><T107/><D129/><U94/><E94/><V121/><F71/><W108/><G72/><T112/><D112/><U39/><E39/><V67/><F75/><W96/><G128/><T21/><D7/><U99/><E99/><V35/><F113/><W118/><G96/><T44/><D107/><U32/><E32/><V104/><F104/><W54/><G118/><T88/><D98/><U125/><E125/><V59/><F95/><W84/><G108/><T26/><D60/><U19/><E19/><V6/><F103/><W106/><G106/><T83/><D40/><U29/><E29/><V17/><F35/><W43/><G28/><T37/><REACH who="0" step="1"/><D37/><REACH who="0" ten="148,207,343,282" step="2"/><U46/><E46/><V16/><F130/><W47/><G47/><T11/><D11/><U100/><E100/><V123/><F116/><W12/><G8/><T93/><D93/><U110/><E110/><V109/><F109/><W14/><G43/><T114/><D114/><U22/><E22/><V85/><F6/><W115/><G115/><T124/><D124/><U111/><E111/><V91/><F63/><N who="3" m="37999" /><G45/><T66/><D66/><U9/><E9/><V25/><F67/><RYUUKYOKU ba="0,2" sc="148,10,207,10,343,-30,282,10" hai0="13,18,21,26,42,44,49,77,82,83,86,87,88" hai1="5,10,24,31,34,52,53,56,61,65,89,92,97" hai3="12,14,15,48,51,54,62,80,84,90" /><INIT seed="4,1,2,2,0,99" ten="158,217,313,292" oya="0" hai0="96,21,108,86,131,33,54,37,135,104,18,107,57" hai1="85,6,121,84,26,120,72,94,98,90,88,10,50" hai2="53,73,68,71,58,67,35,8,65,115,89,128,101" hai3="32,130,80,22,95,77,92,29,16,87,12,1,61"/><T43/><D33/><U113/><E113/><V42/><F73/><W0/><G130/><T81/><D131/><U55/><E72/><V70/><F35/><W126/><G126/><T45/><D135/><U19/><E26/><V69/><F128/><W31/><G32/><T48/><D108/><U124/><E19/><V44/><F89/><W17/><G0/><T2/><D2/><U129/><E129/><V30/><F30/><N who="3" m="11275" /><G1/><T78/><REACH who="0" step="1"/><D96/><REACH who="0" ten="148,217,313,292" step="2"/><U114/><E114/><V74/><F115/><W76/><G77/><T66/><D66/><U34/><E34/><V47/><F67/><W63/><G17/><T56/><D56/><N who="1" m="32887" /><E124/><V112/><F112/><W14/><G14/><AGARI ba="1,3" hai="14,18,21,37,43,45,48,54,57,78,81,86,104,107" machi="14" ten="30,2900,0" yaku="1,1,7,1,53,0" doraHai="99" doraHaiUra="116" who="0" fromWho="3" sc="148,62,217,0,313,0,292,-32" /><INIT seed="4,2,0,2,4,8" ten="210,217,313,260" oya="0" hai0="57,34,24,59,93,95,9,77,76,135,122,50,81" hai1="120,126,84,60,90,41,75,20,27,54,117,107,16" hai2="131,44,101,115,13,36,19,25,102,110,45,17,28" hai3="58,35,108,7,29,123,83,100,97,71,67,72,39"/><T33/><D122/><U119/><E120/><V55/><F110/><W88/><G108/><T78/><D81/><U21/><E107/><V42/><F115/><W112/><G112/><T89/><D135/><U94/><E75/><V22/><F131/><W128/><G128/><T105/><D105/><U62/><E126/><V69/><F69/><W125/><G125/><T18/><D34/><U26/><E41/><V47/><F19/><W130/><G130/><T121/><D121/><U30/><REACH who="1" step="1"/><E54/><REACH who="1" ten="210,207,313,260" step="2"/><V104/><F104/><W10/><G72/><T79/><D33/><U52/><E52/><V56/><F42/><W99/><G35/><T43/><D43/><U66/><E66/><V103/><F36/><W0/><G67/><T64/><D64/><U4/><E4/><V80/><F55/><W132/><G7/><T118/><D118/><AGARI ba="2,1" hai="16,20,21,26,27,30,60,62,84,90,94,117,118,119" machi="118" ten="40,2600,0" yaku="1,1,54,1,53,0" doraHai="8" doraHaiUra="74" who="1" fromWho="0" sc="210,-32,207,42,313,0,260,0" /><INIT seed="5,0,0,1,1,7" ten="178,249,313,260" oya="1" hai0="24,58,67,68,56,54,132,40,9,25,109,66,31" hai1="3,10,115,39,47,127,51,121,43,37,113,97,18" hai2="8,61,36,33,87,103,28,80,83,93,17,117,76" hai3="119,64,50,1,112,42,130,96,91,16,12,129,128"/><U120/><E97/><N who="2" m="59823" /><F33/><W20/><G119/><T107/><D68/><U44/><E3/><V41/><F36/><W15/><G112/><N who="1" m="43082" /><E18/><V114/><F114/><W71/><G1/><T110/><D107/><U82/><E82/><N who="2" m="47559" /><F117/><W102/><G91/><T111/><D132/><U0/><E127/><V34/><F34/><W135/><G135/><T27/><D31/><U106/><E106/><V134/><F134/><W124/><G124/><T55/><D40/><N who="1" m="22559" /><E51/><V94/><F41/><W86/><G50/><T63/><REACH who="0" step="1"/><D9/><REACH who="0" ten="168,249,313,260" step="2"/><U85/><E85/><V118/><F28/><W104/><G86/><T126/><D126/><U69/><E69/><V23/><F8/><W74/><G42/><T21/><D21/><U22/><E22/><V123/><F118/><W100/><G128/><T78/><D78/><U92/><E92/><V95/><F94/><W6/><G130/><T84/><D84/><U35/><E35/><V108/><F95/><W133/><G129/><T79/><D79/><U116/><E116/><V30/><F30/><W60/><G133/><T45/><D45/><U90/><E90/><V14/><F83/><W38/><G100/><T49/><AGARI ba="0,1" hai="24,25,27,49,54,55,56,58,63,66,67,109,110,111" machi="49" ten="40,8000,1" yaku="1,1,0,1,53,2" doraHai="7" doraHaiUra="48" who="0" fromWho="0" sc="168,90,249,-40,313,-20,260,-20" /><INIT seed="6,0,0,1,0,62" ten="258,209,293,240" oya="2" hai0="63,87,71,131,97,115,113,55,76,37,52,5,59" hai1="74,47,34,120,114,108,31,35,78,57,81,69,130" hai2="132,124,93,127,83,134,3,110,7,133,36,67,89" hai3="135,25,6,88,14,45,42,18,103,116,29,64,102"/><V126/><F36/><W38/><G116/><T44/><D71/><U53/><E69/><V125/><F125/><W43/><G135/><T65/><D5/><U106/><E108/><V23/><F110/><W49/><G6/><T77/><D131/><U107/><E120/><V46/><F46/><W70/><G43/><N who="0" m="22639" /><D97/><U85/><E130/><V60/><F83/><W122/><G122/><T4/><D4/><U12/><E47/><V118/><F118/><W48/><G88/><T10/><D10/><U1/><E1/><V50/><F50/><W2/><G2/><T92/><D92/><U96/><E74/><V98/><F23/><W66/><G49/><T94/><D94/><U104/><E12/><V72/><F72/><W28/><G38/><T21/><D21/><U0/><E0/><V109/><F109/><W27/><G70/><T80/><D77/><U91/><E31/><N who="3" m="11850" /><G103/><T56/><D59/><U8/><E8/><V129/><F129/><W82/><G102/><T117/><D117/><U26/><E26/><N who="3" m="9738" /><G82/><T22/><D22/><AGARI ba="0,0" hai="14,18,22,42,45,48,64,66" m="9738,11850" machi="22" ten="30,3900,0" yaku="8,1,52,2" doraHai="62" who="3" fromWho="0" sc="258,-39,209,0,293,0,240,39" /><INIT seed="7,0,0,4,2,129" ten="219,209,293,279" oya="3" hai0="31,19,116,74,29,14,41,114,84,95,126,53,7" hai1="86,133,72,68,57,73,108,30,77,20,49,2,89" hai2="65,28,113,48,59,103,32,10,97,52,5,80,104" hai3="40,38,124,60,0,82,15,93,87,36,132,24,58"/><W67/><G0/><T91/><D74/><U62/><E2/><V118/><F118/><W85/><G124/><T69/><D116/><U79/><E68/><V23/><F32/><W33/><G40/><T18/><D69/><U61/><E49/><V83/><F113/><W81/><G93/><T92/><D41/><U45/><E45/><V27/><F65/><W96/><G96/><T11/><D114/><U25/><E108/><V17/><F28/><N who="0" m="10826" /><D126/><U112/><E112/><V76/><F76/><W54/><G24/><T88/><D53/><U3/><E3/><AGARI ba="0,0" hai="3,5,10,17,23,27,48,52,59,80,83,97,103,104" machi="3" ten="30,2000,0" yaku="7,1,54,1" doraHai="129" who="2" fromWho="1" sc="219,0,209,-20,293,20,279,0" owari="219,-18.0,189,-31.0,313,41.0,279,8.0" /></mjloggm>