<mjloggm ver="2.3"><GO type="97" lobby="0"/><UN n0="%E3%81%8F%E3%81%86%E3%81%9F%E2%99%AA" n1="%53%68%61%64%6F%77%6D%61" n2="%E5%B0%B1%E6%B4%BB%E7%94%9F%40%E5%B7%9D%E6%9D%91%E8%BB%8D%E5%9B%A3" n3="%E6%9C%A8%E6%9D%91%E6%8B%93%E5%93%89" dan="14,14,15,15" rate="1935.91,1909.67,2057.84,1975.68" sx="F,M,M,M"/><TAIKYOKU oya="0"/><INIT seed="0,0,0,2,1,76" ten="250,250,250,250" oya="0" hai0="54,87,20,5,121,134,16,89,58,50,111,30,131" hai1="79,53,125,49,52,130,8,119,90,106,21,55,12" hai2="27,44,18,35,127,98,103,115,120,81,109,133,123" hai3="17,51,25,9,22,82,135,83,97,6,47,116,108"/><T85/><D121/><U105/><E119/><V95/><F115/><W57/><G108/><T73/><D73/><U94/><E125/><V78/><F109/><W41/><G116/><T77/><D111/><U1/><E1/><V14/><F127/><W113/><G113/><T132/><D131/><U88/><E130/><V92/><F133/><N who="0" m="51306" /><D5/><U122/><E122/><V118/><F118/><W24/><G135/><T33/><D33/><U117/><E117/><V129/><F95/><W80/><G57/><T60/><D77/><U63/><E79/><V2/><F2/><W101/><G24/><T15/><D30/><U10/><E63/><V11/><F129/><W91/><G91/><N who="1" m="34858" /><E94/><V110/><F110/><W71/><G71/><T42/><D89/><U28/><E28/><V36/><F27/><W37/><G37/><T93/><D93/><U61/><E61/><V0/><F0/><W13/><REACH who="3" step="1"/><G80/><REACH who="3" ten="250,250,250,240" step="2"/><T124/><D124/><U34/><E34/><V38/><F35/><W39/><G39/><T104/><D104/><AGARI ba="0,1" hai="6,9,13,17,22,25,41,47,51,82,83,97,101,104" machi="104" ten="30,8000,1" yaku="1,1,7,1,52,2,53,1" doraHai="76" doraHaiUra="3" who="3" fromWho="0" sc="250,-80,250,0,250,0,240,90" /><INIT seed="1,0,0,5,0,112" ten="170,250,250,330" oya="1" hai0="92,23,109,42,93,1,60,123,26,95,101,27,44" hai1="128,10,84,32,122,41,107,38,133,132,108,68,114" hai2="83,30,22,62,113,120,87,50,121,55,18,76,105" hai3="20,0,129,86,59,80,81,25,69,36,39,72,54"/><U126/><E84/><V19/><F105/><W49/><G129/><T127/><D1/><U33/><E41/><V134/><F134/><W82/><G69/><T100/><D109/><U6/><E6/><V24/><F113/><W48/><G0/><T85/><D127/><U51/><E51/><V37/><F37/><W77/><G81/><T43/><D123/><U67/><E67/><V89/><F62/><W78/><REACH who="3" step="1"/><G49/><REACH who="3" ten="170,250,250,320" step="2"/><T47/><D60/><U73/><E132/><V4/><F121/><W35/><G35/><T99/><D85/><U53/><E53/><V28/><F120/><W65/><G65/><T119/><D119/><U58/><E58/><V102/><F50/><W3/><G3/><T2/><D2/><U90/><E133/><V115/><F55/><W117/><G117/><T104/><D104/><U116/><E122/><V118/><F83/><W96/><G96/><T110/><D110/><U70/><E116/><V130/><F118/><W91/><G91/><T111/><D111/><U7/><E108/><V106/><F89/><W131/><G131/><T46/><D99/><U66/><E128/><V125/><F130/><W29/><AGARI ba="0,1" hai="20,25,29,36,39,48,54,59,72,77,78,80,82,86" machi="29" ten="20,2700,0" yaku="1,1,0,1,7,1,53,0" doraHai="112" doraHaiUra="94" who="3" fromWho="3" sc="170,-7,250,-13,250,-7,320,37" /><INIT seed="2,0,0,1,0,134" ten="163,237,243,357" oya="2" hai0="128,67,41,14,109,79,116,84,62,18,44,34,3" hai1="51,54,28,6,65,132,10,22,48,64,2,12,111" hai2="94,124,120,16,26,69,80,55,86,108,82,85,112" hai3="47,52,102,21,61,119,123,76,89,13,106,130,31"/><V60/><F112/><W98/><G119/><T49/><D116/><U96/><E132/><V56/><F120/><W78/><G123/><T0/><D128/><U15/><E111/><V9/><F69/><W99/><G130/><T11/><D109/><U95/><E2/><V103/><F124/><W53/><G53/><T23/><D34/><U135/><E135/><V32/><F32/><W101/><G89/><T118/><D118/><U33/><E33/><V42/><F42/><W70/><G13/><T20/><D3/><U71/><E71/><V114/><F114/><W46/><G46/><T40/><D40/><U8/><E51/><V110/><F108/><W91/><G91/><T68/><REACH who="0" step="1"/><D0/><REACH who="0" ten="153,237,243,357" step="2"/><U105/><E105/><V90/><F110/><W36/><G36/><T63/><D63/><U117/><E117/><V24/><F103/><W58/><G102/><T113/><D113/><U43/><E43/><V50/><F60/><W19/><G61/><T30/><D30/><U77/><E77/><N who="2" m="46223" /><F82/><AGARI ba="0,1" hai="11,14,18,20,23,41,44,49,62,67,68,79,82,84" machi="82" ten="40,2600,0" yaku="1,1,53,1" doraHai="134" doraHaiUra="59" who="0" fromWho="2" sc="153,36,237,0,243,-26,357,0" /><INIT seed="3,0,0,3,1,134" ten="189,237,217,357" oya="3" hai0="89,121,84,61,110,5,78,36,20,88,51,6,104" hai1="113,101,95,0,58,26,25,29,98,11,21,108,71" hai2="109,90,125,133,28,67,44,47,59,9,105,68,62" hai3="56,102,70,116,119,31,13,130,52,1,126,65,91"/><W57/><G70/><T60/><D110/><U76/><E108/><V120/><F125/><W45/><G126/><T115/><D121/><U123/><E113/><V14/><F105/><W100/><G1/><T75/><D115/><U66/><E123/><V54/><F109/><W99/><G130/><T124/><D104/><U37/><E37/><V118/><F118/><W87/><G100/><T33/><D36/><U111/><E111/><V50/><F133/><W131/><G45/><T23/><D33/><U32/><E71/><V82/><F28/><W48/><G13/><T85/><D75/><U43/><E43/><V19/><F120/><W96/><G96/><T30/><D30/><U22/><E76/><V107/><F107/><W94/><G31/><T63/><D51/><U35/><E11/><V24/><F24/><W53/><G65/><T74/><D78/><U55/><E0/><V7/><F7/><N who="0" m="2570" /><D74/><U18/><REACH who="1" step="1"/><E55/><REACH who="1" ten="189,227,217,357" step="2"/><V79/><F90/><N who="0" m="34922" /><D124/><U15/><E15/><V17/><F68/><W129/><G129/><T117/><D117/><U41/><E41/><V81/><F79/><W3/><G131/><T10/><D10/><U42/><E42/><V135/><F135/><W2/><G3/><T64/><D64/><U69/><E69/><V73/><F73/><W12/><G2/><T34/><D34/><U122/><E122/><V83/><F67/><W72/><G72/><T39/><D39/><U16/><E16/><V127/><F17/><W114/><G119/><T103/><D103/><U80/><E80/><V106/><F127/><W93/><G116/><T27/><D27/><RYUUKYOKU ba="0,1" sc="189,15,227,15,217,-15,357,-15" hai0="20,23,60,61,63,84,85" hai1="18,21,22,25,26,29,32,35,58,66,95,98,101" owari="204,-20.0,242,4.0,202,-30.0,352,46.0" /></mjloggm>