<mjloggm ver="2.3"><GO type="97" lobby="0"/><UN n0="%E5%B0%B1%E6%B4%BB%E7%94%9F%40%E5%B7%9D%E6%9D%91%E8%BB%8D%E5%9B%A3" n1="%E7%A9%BA%E3%81%AF%E8%92%BC%E3%81%8F" n2="%6D%69%7A%75%79%6F%75" n3="%E3%82%A4%E3%82%AB%E5%A8%98" dan="15,14,13,14" rate="2026.46,1873.37,1920.49,1926.01" sx="M,M,M,M"/><TAIKYOKU oya="0"/><INIT seed="0,0,0,3,0,95" ten="250,250,250,250" oya="0" hai0="82,29,102,13,77,47,83,134,68,17,54,88,63" hai1="121,71,56,5,9,76,36,104,81,114,65,79,44" hai2="31,118,66,96,4,123,72,69,91,62,23,107,1" hai3="108,52,46,21,25,26,64,119,28,115,39,112,45"/><T93/><D134/><U11/><E121/><V116/><F123/><W122/><G119/><T89/><D29/><U37/><E71/><V103/><F91/><N who="0" m="34890" /><D68/><U131/><E104/><V74/><F23/><W94/><G122/><T75/><D75/><N who="2" m="28714" /><F31/><W59/><G108/><T38/><D38/><U105/><E105/><V2/><F4/><W70/><G94/><T15/><D77/><U3/><E11/><V12/><F12/><N who="0" m="4682" /><D17/><U127/><E44/><V30/><F30/><W27/><G45/><T35/><D35/><U49/><E49/><V58/><F58/><W50/><G112/><T8/><D8/><U130/><E114/><V128/><F128/><N who="1" m="49193" /><E65/><V97/><F97/><W98/><G98/><N who="0" m="59727" /><D47/><U126/><E56/><AGARI ba="0,0" hai="54,56,63,82,83" m="59727,4682,34890" machi="56" ten="30,5800,0" yaku="8,1,52,1,54,1" doraHai="95" who="0" fromWho="1" sc="250,58,250,-58,250,0,250,0" /><INIT seed="0,1,0,2,0,63" ten="308,192,250,250" oya="0" hai0="126,26,106,3,86,135,101,51,42,5,79,74,7" hai1="45,60,72,77,47,24,30,87,9,128,91,71,88" hai2="4,114,1,68,123,132,81,20,34,39,53,82,121" hai3="49,69,134,103,67,110,55,37,97,122,111,43,83"/><T108/><D74/><U28/><E128/><V94/><F34/><W75/><G134/><T92/><D3/><U36/><E72/><V17/><F39/><W6/><G122/><T12/><D135/><U29/><E77/><V56/><F68/><W65/><G6/><T89/><D126/><U11/><E36/><V23/><F114/><W59/><G43/><T102/><D108/><N who="3" m="41513" /><G37/><T66/><D79/><U8/><E24/><V48/><F132/><W21/><G69/><T14/><D26/><U118/><E118/><V99/><F23/><W44/><G44/><N who="0" m="26007" /><D106/><U95/><REACH who="1" step="1"/><E91/><REACH who="1" ten="308,182,250,250" step="2"/><V54/><F121/><W10/><G75/><T2/><D2/><U46/><E46/><V31/><F123/><W19/><G103/><T40/><D102/><U115/><E115/><V41/><F1/><W98/><G98/><T76/><D101/><U61/><E61/><V130/><F130/><W127/><G97/><T96/><D76/><U13/><E13/><V62/><F62/><W78/><G127/><T35/><D35/><U22/><E22/><V52/><F99/><W57/><G10/><T100/><D14/><U18/><E18/><V16/><F20/><W85/><G19/><T124/><D12/><U90/><E90/><V27/><F27/><W117/><G21/><T107/><D124/><U112/><E112/><V105/><F17/><W38/><G117/><T58/><D7/><U129/><E129/><V109/><F16/><W133/><G133/><T32/><D5/><U50/><E50/><V125/><F4/><W93/><G38/><T64/><D32/><U120/><E120/><RYUUKYOKU ba="1,1" sc="308,-10,182,30,250,-10,250,-10" hai1="8,9,11,28,29,30,45,47,60,71,87,88,95" /><INIT seed="1,2,1,5,4,29" ten="298,212,240,240" oya="1" hai0="43,25,24,70,77,40,119,30,58,51,19,85,130" hai1="73,67,79,20,93,57,99,107,0,8,105,129,41" hai2="14,7,109,36,124,60,9,71,92,66,28,118,50" hai3="17,2,46,94,117,125,113,52,69,74,10,42,80"/><U61/><E129/><V91/><F36/><W63/><G113/><T4/><D70/><U35/><E41/><N who="0" m="15945" /><D130/><U108/><E108/><V115/><F109/><W48/><G125/><T114/><D114/><U34/><E20/><V64/><F124/><W131/><G131/><T53/><D4/><U65/><E67/><V21/><F118/><W6/><G74/><T37/><D37/><U22/><E22/><V47/><F115/><W32/><G32/><T132/><D132/><U16/><E79/><V18/><F28/><W133/><G133/><T102/><D119/><U81/><E81/><V11/><F64/><W26/><G80/><N who="0" m="47247" /><D30/><U75/><E73/><V54/><REACH who="2" step="1"/><F7/><REACH who="2" ten="298,212,230,240" step="2"/><W33/><G6/><T96/><D19/><U95/><E65/><V62/><F62/><W49/><G17/><T106/><D106/><U126/><E126/><V15/><F15/><W128/><G63/><T31/><D31/><U97/><E105/><V1/><F1/><W134/><G134/><T83/><D25/><U76/><E107/><V45/><F45/><W135/><G128/><T121/><D24/><U12/><E0/><V89/><F89/><W104/><G117/><T120/><D120/><U100/><E76/><V55/><F55/><W3/><G104/><T98/><D121/><U123/><E75/><V13/><F13/><W68/><G135/><T38/><D38/><U87/><E87/><AGARI ba="2,2" hai="9,11,14,18,21,47,50,54,60,66,71,87,91,92" machi="87" ten="30,3900,0" yaku="1,1,7,1,53,1" doraHai="29" doraHaiUra="56" who="2" fromWho="1" sc="298,0,212,-45,230,65,240,0" /><INIT seed="2,0,0,3,5,37" ten="298,167,295,240" oya="2" hai0="62,105,14,134,18,114,28,72,98,35,133,127,101" hai1="19,20,23,29,44,50,41,32,77,129,135,78,79" hai2="69,125,108,43,132,90,112,126,130,113,81,47,119" hai3="110,56,87,70,100,26,53,85,122,65,42,93,91"/><V118/><F81/><W86/><G122/><T58/><D72/><U1/><E1/><V13/><F90/><W48/><G110/><T24/><D114/><N who="2" m="44138" /><F13/><W83/><G26/><T64/><REACH who="0" step="1"/><D127/><REACH who="0" ten="288,167,295,240" step="2"/><N who="2" m="48650" /><F69/><W61/><G70/><T60/><D60/><U51/><E32/><V75/><F75/><W94/><G61/><T6/><D6/><U80/><E135/><V46/><F132/><W36/><G83/><T3/><D3/><U96/><E129/><V12/><F130/><W76/><G76/><T38/><D38/><U128/><E128/><V40/><F108/><W102/><G36/><T104/><D104/><U5/><E5/><V63/><F63/><W116/><G116/><N who="2" m="44585" /><F12/><W55/><G86/><T115/><D115/><U39/><E96/><V33/><F33/><W0/><G85/><T88/><D88/><U2/><E2/><V97/><F97/><W67/><G91/><T17/><D17/><U120/><E80/><V30/><F30/><W27/><G0/><T11/><AGARI ba="0,1" hai="11,14,18,24,28,35,58,62,64,98,101,105,133,134" machi="11" ten="30,4000,0" yaku="1,1,0,1,53,1" doraHai="37" doraHaiUra="22" who="0" fromWho="0" sc="288,50,167,-10,295,-20,240,-10" /><INIT seed="3,0,0,5,0,15" ten="338,157,275,230" oya="3" hai0="32,27,90,5,13,105,57,55,45,80,132,126,121" hai1="129,10,46,20,29,22,56,107,77,24,102,85,8" hai2="37,89,74,3,86,127,98,92,81,133,7,68,41" hai3="130,0,49,53,62,52,36,108,103,73,42,124,26"/><W21/><G0/><T48/><D105/><U30/><E129/><V12/><F68/><W83/><G124/><T35/><D121/><U19/><E56/><V91/><F133/><W111/><G130/><T125/><D132/><U131/><E131/><V99/><F127/><N who="0" m="48650" /><D27/><U119/><E119/><V116/><F116/><W60/><G103/><T31/><D31/><U17/><E102/><V2/><F74/><W72/><G36/><T123/><D123/><U65/><E107/><V50/><F37/><W43/><G83/><T6/><D45/><U44/><E65/><V51/><F2/><W96/><G96/><T128/><D128/><U33/><E33/><N who="0" m="12873" /><D13/><N who="1" m="9583" /><E77/><V70/><F70/><W114/><G114/><T134/><D134/><U66/><E85/><AGARI ba="0,0" hai="5,6,48,55,57,80,85,90" m="12873,48650" machi="85" ten="30,1000,0" yaku="18,1" doraHai="15" who="0" fromWho="1" sc="338,10,157,-10,275,0,230,0" owari="348,44.0,147,-35.0,275,8.0,230,-17.0" /></mjloggm>