<mjloggm ver="2.3"><GO type="169" lobby="0"/><UN n0="%E3%82%B7%E3%83%AB%E3%83%93%E3%82%A3" n1="%E3%82%A6%E3%83%AB%E3%83%88%E3%83%A9%E7%AB%8B%E7%9B%B4" n2="%E3%83%89%E3%83%A9%EF%BC%91%EF%BC%92%EF%BC%90%EF%BC%85" n3="%6D%69%6E%32%30%30%32" dan="17,16,16,16" rate="2213.45,2085.79,2108.52,2055.34" sx="F,M,M,F"/><TAIKYOKU oya="0"/><INIT seed="0,0,0,0,5,54" ten="250,250,250,250" oya="0" hai0="43,105,38,63,115,42,55,0,45,101,12,9,73" hai1="1,132,121,72,112,4,32,13,57,85,22,70,91" hai2="52,81,67,14,66,120,8,128,116,77,97,78,92" hai3="16,33,11,130,56,93,123,75,61,10,28,119,27"/><T29/><D115/><U68/><E72/><V80/><F120/><W46/><G119/><T124/><D124/><U39/><E39/><V19/><F128/><W109/><G130/><T96/><D43/><U117/><E117/><V30/><F30/><W23/><G75/><T48/><D73/><U118/><E121/><V89/><F116/><W2/><G123/><T113/><D113/><U21/><E32/><V49/><F80/><W79/><G2/><T99/><D0/><U65/><E118/><V82/><F82/><W84/><G46/><T62/><D99/><U102/><E70/><V5/><F5/><W71/><G71/><T6/><REACH who="0" step="1"/><D29/><REACH who="0" ten="240,250,250,250" step="2"/><U31/><E31/><V87/><REACH who="2" step="1"/><F78/><REACH who="2" ten="240,250,240,250" step="2"/><W34/><G79/><T129/><D129/><U90/><E112/><V37/><F37/><W20/><G34/><T51/><D51/><U74/><E1/><V106/><F106/><W127/><G33/><T114/><D114/><U86/><E74/><V44/><AGARI ba="0,2" hai="8,14,19,44,49,52,66,67,77,81,87,89,92,97" machi="44" ten="20,12000,2" yaku="1,1,0,1,7,1,8,1,54,1,53,1" doraHai="54" doraHaiUra="94" who="2" fromWho="2" sc="240,-60,250,-30,240,140,250,-30" /><INIT seed="1,0,0,3,4,85" ten="180,220,380,220" oya="1" hai0="34,120,113,101,63,19,49,33,68,126,66,65,82" hai1="74,60,73,4,103,87,94,37,20,43,32,12,31" hai2="54,110,0,78,50,27,95,46,116,80,13,112,111" hai3="22,25,71,122,52,98,36,100,130,124,72,89,24"/><U119/><E119/><V76/><F0/><W56/><G122/><T48/><D113/><U133/><E133/><V30/><F116/><W51/><G71/><T18/><D120/><U75/><E43/><V29/><F112/><W83/><G36/><T84/><D101/><U123/><E37/><V15/><F30/><W42/><G130/><T23/><D66/><U96/><E123/><V117/><F95/><N who="3" m="58463" /><G72/><T11/><D126/><U115/><E115/><V134/><F134/><W93/><G124/><T97/><D97/><U41/><E41/><V90/><F117/><W9/><G9/><T6/><D33/><U127/><E127/><V53/><F53/><W7/><G7/><T35/><D35/><U114/><E114/><V16/><F13/><W61/><G83/><T131/><D34/><U14/><E32/><V77/><F90/><W107/><G107/><T44/><D131/><U59/><E87/><V67/><F67/><W91/><G93/><T5/><D11/><U135/><E4/><V26/><F80/><W128/><G128/><T21/><D6/><U104/><E104/><V125/><F125/><W55/><G42/><T86/><D5/><U45/><E45/><V40/><F40/><W2/><G2/><T1/><D1/><U106/><E106/><V108/><F29/><N who="3" m="17559" /><G25/><N who="0" m="14519" /><D82/><U38/><E38/><V17/><F17/><W10/><G10/><AGARI ba="0,0" hai="10,15,16,26,27,46,50,54,76,77,78,108,110,111" machi="10" ten="50,3200,0" yaku="14,1,54,1" doraHai="85" who="2" fromWho="3" sc="180,0,220,0,380,32,220,-32" /><INIT seed="2,0,0,4,5,80" ten="180,220,412,188" oya="2" hai0="31,121,71,119,1,21,4,107,120,36,109,115,45" hai1="112,135,13,58,27,123,44,116,128,24,10,7,66" hai2="55,14,131,69,97,74,70,19,104,42,100,48,125" hai3="61,9,30,22,11,5,57,132,62,56,133,32,16"/><V47/><F74/><W96/><G96/><T122/><D107/><U93/><E116/><V90/><F131/><W28/><G32/><T106/><D106/><U117/><E112/><V108/><F125/><W86/><G86/><T78/><D71/><U67/><E128/><V85/><F42/><W127/><G127/><T65/><D65/><N who="1" m="24587" /><E135/><N who="3" m="51786" /><G57/><T72/><D115/><U68/><E68/><V126/><F108/><W46/><G46/><T53/><D109/><U75/><E75/><V64/><F64/><N who="3" m="38951" /><G62/><T79/><D119/><U111/><E111/><V95/><REACH who="2" step="1"/><F126/><REACH who="2" ten="180,220,402,188" step="2"/><W40/><G40/><T99/><D72/><U92/><E117/><V94/><F94/><W83/><G83/><T91/><D121/><U54/><E123/><V63/><F63/><W118/><G118/><T2/><D122/><U73/><E73/><V49/><F49/><W103/><G103/><T17/><D120/><U29/><E93/><V84/><F84/><W105/><G105/><T26/><D99/><U38/><E92/><V113/><F113/><W3/><G11/><AGARI ba="0,1" hai="11,14,19,47,48,55,69,70,85,90,95,97,100,104" machi="11" ten="30,5800,0" yaku="1,1,7,1,52,1,53,0" doraHai="80" doraHaiUra="134" who="2" fromWho="3" sc="180,0,220,0,402,68,188,-58" /><INIT seed="2,1,0,3,1,9" ten="180,220,470,130" oya="2" hai0="132,48,51,54,116,63,26,103,20,65,122,22,42" hai1="2,115,72,45,17,21,99,46,125,12,133,52,59" hai2="58,105,124,102,29,135,108,128,95,6,23,38,67" hai3="113,130,97,53,3,44,1,73,90,39,41,32,112"/><V93/><F38/><W57/><G73/><T47/><D122/><U134/><E72/><V14/><F105/><W83/><G32/><T119/><D103/><U92/><E2/><V74/><F74/><W24/><G24/><T70/><D132/><N who="1" m="50795" /><E115/><N who="3" m="44106" /><G130/><T56/><REACH who="0" step="1"/><D22/><REACH who="0" ten="170,220,470,130" step="2"/><U25/><E125/><V109/><F23/><W50/><G97/><T33/><D33/><U127/><E127/><V111/><F102/><W16/><G90/><T4/><D4/><U69/><E69/><V77/><F6/><W7/><G7/><T126/><D126/><U27/><E99/><V71/><F124/><W100/><G100/><T87/><D87/><U40/><E92/><V84/><F95/><W13/><G83/><T64/><D64/><U91/><E91/><V131/><F93/><W30/><G30/><AGARI ba="1,1" hai="20,26,30,42,47,48,51,54,56,63,65,70,116,119" machi="30" ten="40,2600,0" yaku="1,1,53,1" doraHai="9" doraHaiUra="62" who="0" fromWho="3" sc="170,39,220,0,470,0,130,-29" /><INIT seed="3,0,0,0,4,62" ten="209,220,470,101" oya="3" hai0="120,58,78,60,89,69,52,24,118,36,72,77,43" hai1="31,108,18,68,19,13,8,16,84,70,55,113,79" hai2="128,67,87,105,15,98,1,85,110,90,49,2,33" hai3="0,109,107,119,73,57,74,88,7,45,96,115,28"/><W37/><G119/><T124/><D118/><U20/><E113/><V106/><F49/><W80/><G115/><T103/><D120/><U82/><E108/><V111/><F15/><W40/><G109/><T131/><D131/><U97/><E97/><V23/><F23/><W92/><G107/><T48/><D124/><U135/><E135/><V51/><F51/><W65/><G28/><T116/><D116/><U64/><E55/><V76/><F98/><W114/><G114/><T95/><D103/><U127/><E127/><V29/><F29/><W10/><REACH who="3" step="1"/><G80/><REACH who="3" ten="209,220,470,91" step="2"/><T122/><D122/><U83/><E82/><V27/><F106/><W41/><G41/><T21/><D43/><U38/><E31/><V125/><F105/><W25/><G25/><T121/><D121/><U101/><E83/><V22/><F27/><W34/><G34/><T129/><D129/><U53/><E38/><V9/><F33/><W4/><G4/><T104/><D36/><U47/><E19/><V35/><F35/><W56/><G56/><T17/><D104/><U54/><E16/><V14/><F111/><W61/><AGARI ba="0,1" hai="0,7,10,37,40,45,57,61,65,73,74,88,92,96" machi="61" ten="30,11700,0" yaku="1,1,0,1,52,1,54,1,53,0" doraHai="62" doraHaiUra="44" who="3" fromWho="3" sc="209,-39,220,-39,470,-39,91,127" /><INIT seed="3,1,0,4,1,116" ten="170,181,431,218" oya="3" hai0="17,133,20,16,54,53,37,32,31,9,66,8,122" hai1="58,135,4,42,21,61,48,29,114,102,125,75,118" hai2="123,34,39,64,1,27,22,7,60,110,96,121,94" hai3="120,101,36,43,90,105,95,5,115,18,73,33,26"/><W52/><G115/><T13/><D37/><U77/><E114/><V103/><F39/><W70/><G70/><T57/><D133/><U86/><E75/><V44/><F110/><W12/><G73/><T124/><D124/><U49/><E135/><V28/><F44/><W3/><G101/><T41/><D41/><U97/><E125/><V131/><F131/><W30/><G105/><T50/><D122/><N who="2" m="46602" /><F7/><W104/><G104/><T100/><D66/><U128/><E4/><V113/><F113/><W98/><G120/><T23/><D100/><U68/><E68/><N who="2" m="41991" /><F1/><W51/><G43/><T67/><D67/><U108/><E42/><V119/><F119/><W81/><G36/><T127/><D127/><U65/><E128/><V59/><F59/><W132/><G132/><T69/><D69/><U14/><E108/><V55/><F55/><W89/><G5/><T78/><D54/><U117/><E118/><V79/><F79/><W10/><G3/><T15/><REACH who="0" step="1"/><D78/><REACH who="0" ten="160,181,431,218" step="2"/><U130/><E77/><V40/><F40/><W109/><G109/><T46/><D46/><U83/><E117/><V87/><F87/><W74/><G52/><T72/><D72/><U11/><E65/><V47/><F47/><W6/><G74/><T76/><D76/><N who="1" m="46439" /><E58/><V63/><F63/><W2/><G51/><T93/><D93/><N who="1" m="58671" /><E61/><V111/><F111/><W88/><G81/><T24/><AGARI ba="1,1" hai="8,9,13,15,16,17,20,23,24,31,32,50,53,57" machi="24" ten="30,7900,0" yaku="1,1,0,1,9,1,54,1,53,0" doraHai="116" doraHaiUra="71" who="0" fromWho="0" sc="160,92,181,-21,431,-21,218,-40" /><INIT seed="4,0,0,3,5,122" ten="252,160,410,178" oya="0" hai0="45,73,128,12,68,88,130,108,135,38,37,72,93" hai1="27,75,113,13,41,15,83,14,21,6,56,134,53" hai2="92,11,106,48,40,111,23,66,18,34,116,58,121" hai3="96,24,20,31,84,43,36,87,97,98,104,47,101"/><T77/><D68/><U94/><E41/><V103/><F34/><W109/><REACH who="3" step="1"/><G109/><REACH who="3" ten="252,160,410,168" step="2"/><T64/><D108/><U42/><E134/><V1/><F111/><W63/><G63/><T44/><D135/><U76/><E113/><V125/><F121/><W9/><G9/><T95/><D130/><U22/><E6/><V46/><F11/><W129/><G129/><T30/><D128/><U81/><E14/><V4/><F4/><W16/><G16/><T115/><D12/><U118/><E13/><V119/><F18/><W133/><G133/><T105/><D115/><U19/><E15/><V114/><F114/><W32/><G32/><T82/><D30/><U80/><E19/><V102/><F119/><W3/><G3/><T132/><D132/><U74/><E118/><V65/><F116/><W117/><G117/><T28/><D28/><U54/><E22/><V99/><F1/><W78/><G78/><T71/><D77/><U51/><E21/><V17/><F17/><W2/><G2/><T25/><D25/><U50/><E27/><V49/><F23/><W57/><G57/><T91/><D71/><U10/><E10/><V107/><F58/><W39/><G39/><T26/><D26/><U62/><E76/><V110/><F110/><W59/><G59/><T112/><D112/><U0/><E0/><V120/><F120/><W52/><G52/><T85/><D38/><U55/><E55/><V29/><F29/><W33/><G33/><T5/><D37/><U131/><E54/><V35/><F35/><W79/><G79/><T90/><D5/><U70/><E53/><RYUUKYOKU ba="0,1" sc="252,-10,160,-10,410,-10,168,30" hai3="20,24,31,36,43,47,84,87,96,97,98,101,104" /><INIT seed="5,1,1,5,2,114" ten="242,150,400,198" oya="1" hai0="1,66,64,63,30,54,78,92,109,70,48,53,120" hai1="83,26,23,104,116,85,105,41,111,13,2,121,125" hai2="39,24,20,103,21,106,118,29,113,8,36,19,80" hai3="58,28,93,46,87,129,33,100,38,32,86,65,0"/><U130/><E2/><V42/><F113/><W15/><G0/><T95/><D1/><U102/><E121/><V101/><F8/><W49/><G38/><T84/><D109/><U35/><E35/><V71/><F71/><W56/><G129/><T34/><D66/><U96/><E130/><V62/><F62/><W57/><G65/><T117/><D120/><U40/><E111/><V94/><F106/><W55/><G15/><T89/><D117/><U79/><E116/><V88/><F80/><W128/><G128/><T59/><D78/><U81/><E125/><V110/><F118/><W132/><G132/><T44/><D30/><U47/><E13/><V51/><F39/><W69/><G69/><T31/><D31/><U14/><E14/><N who="2" m="9335" /><F36/><W133/><G133/><T126/><D126/><U10/><E10/><V77/><F77/><W61/><G61/><T12/><D12/><U98/><E83/><V72/><F72/><W115/><G115/><T60/><D34/><U99/><E105/><V67/><F67/><W112/><G112/><T119/><D119/><U124/><E124/><V5/><F5/><W52/><G33/><T123/><D123/><U27/><E27/><V75/><F75/><W90/><G32/><T37/><D37/><N who="1" m="21903" /><E41/><V11/><F11/><W73/><G73/><T16/><D16/><U122/><E122/><V127/><F127/><W50/><G28/><T18/><D18/><N who="1" m="12663" /><E104/><V97/><F110/><W17/><G17/><T91/><D91/><N who="1" m="51631" /><E102/><V107/><F107/><W82/><G100/><T25/><D25/><U134/><E134/><V4/><F4/><RYUUKYOKU ba="1,1" sc="242,0,150,0,400,0,198,0" hai0="44,48,53,54,59,60,63,64,70,84,89,92,95" hai1="79,96,98,99" hai2="21,24,29,42,51,88,94,97,101,103" hai3="46,49,50,52,55,56,57,58,82,86,87,90,93" /><INIT seed="5,2,1,3,5,95" ten="242,150,400,198" oya="1" hai0="15,100,85,90,68,104,42,60,82,30,36,84,135" hai1="110,77,53,24,49,98,47,57,108,35,25,7,5" hai2="123,99,10,69,67,16,109,23,115,125,131,9,18" hai3="2,127,94,87,80,112,71,86,32,50,81,41,83"/><U65/><E77/><V93/><F109/><N who="1" m="42089" /><E98/><V78/><F78/><W124/><G112/><T76/><D135/><U103/><E103/><V97/><F115/><W122/><G122/><T34/><D15/><U11/><E35/><V37/><F37/><W26/><G71/><T55/><D34/><U56/><E7/><V45/><F45/><N who="3" m="25903" /><G2/><T132/><D132/><U14/><E65/><V29/><F97/><W1/><G1/><T0/><D0/><U106/><E106/><V89/><F67/><W13/><G13/><T79/><D104/><U31/><E31/><V133/><F29/><N who="3" m="19511" /><G94/><T39/><D30/><U120/><E120/><V117/><F93/><W48/><G48/><T134/><D134/><U19/><E19/><V66/><F18/><W58/><G58/><AGARI ba="2,1" hai="5,11,14,24,25,47,49,53,56,57,58" m="42089" machi="58" ten="30,1500,0" yaku="10,1" doraHai="95" who="1" fromWho="3" sc="242,0,150,31,400,0,198,-21" /><INIT seed="5,3,0,4,0,60" ten="242,181,400,177" oya="1" hai0="86,75,40,6,10,50,101,80,100,7,36,30,19" hai1="123,120,15,11,121,5,20,108,31,51,8,110,27" hai2="29,118,112,113,93,124,35,76,116,46,85,133,22" hai3="28,25,63,16,114,12,89,49,132,117,109,39,77"/><U131/><E51/><V67/><F35/><W58/><G109/><T127/><D75/><U65/><E65/><V44/><F133/><W68/><G114/><N who="2" m="44137" /><F124/><W103/><G132/><T37/><D30/><U55/><E55/><V72/><F72/><W83/><G39/><T64/><D64/><U4/><REACH who="1" step="1"/><E131/><REACH who="1" ten="242,171,400,177" step="2"/><V87/><F67/><W81/><G49/><T42/><D50/><U99/><E99/><V59/><F46/><W57/><G117/><T92/><D37/><U104/><E104/><V9/><F44/><W84/><G68/><T17/><D36/><U48/><E48/><V102/><F59/><W61/><G58/><T74/><D42/><U94/><E94/><V24/><F118/><W52/><G63/><T95/><D95/><U82/><E82/><V45/><F45/><W107/><G83/><T98/><D92/><U135/><E135/><V119/><F119/><W126/><G126/><T71/><D98/><U34/><E34/><V62/><F62/><W38/><G38/><T96/><D96/><U21/><E21/><V2/><F116/><W91/><G107/><T43/><D40/><U26/><E26/><V0/><F93/><W115/><G115/><T13/><D43/><U90/><E90/><V18/><F22/><N who="3" m="15415" /><G103/><T105/><D105/><U14/><AGARI ba="3,1" hai="4,5,8,11,14,15,20,27,31,108,110,120,121,123" machi="14" ten="40,18000,2" yaku="1,1,0,1,9,1,34,3,53,0" doraHai="60" doraHaiUra="41" who="1" fromWho="1" sc="242,-63,171,199,400,-63,177,-63" /><INIT seed="5,4,0,2,4,65" ten="179,370,337,114" oya="1" hai0="104,127,120,2,101,3,106,133,23,50,26,33,103" hai1="134,60,29,54,9,105,107,59,123,12,129,85,73" hai2="13,38,32,81,57,44,102,66,46,58,0,24,53" hai3="47,79,95,116,87,11,25,100,96,31,94,132,64"/><U84/><E73/><V70/><F0/><W71/><G132/><T113/><D133/><U114/><E123/><V78/><F102/><W68/><G64/><T49/><D33/><U74/><E74/><V115/><F38/><W8/><G116/><T20/><D26/><U5/><E134/><V17/><F115/><W43/><G11/><T10/><D10/><U72/><E72/><V88/><F78/><W52/><G8/><T135/><D135/><U55/><E114/><V90/><F70/><W18/><G18/><T80/><D113/><U67/><E129/><V62/><F24/><W92/><G52/><N who="1" m="20010" /><E107/><V98/><F32/><W37/><G79/><T119/><D80/><U99/><E105/><V75/><F75/><W6/><G6/><T108/><D119/><U15/><E29/><V39/><F39/><W112/><G112/><T27/><D27/><U77/><E15/><V7/><F7/><W48/><G37/><T89/><D120/><U110/><E110/><V45/><F98/><W16/><G16/><T51/><D51/><U83/><E85/><V76/><F76/><W97/><G87/><T130/><D130/><U4/><E99/><V131/><F81/><W36/><G36/><T82/><D82/><U56/><E56/><V122/><F122/><W22/><G95/><T86/><D86/><U124/><E124/><V121/><F121/><W128/><G128/><T1/><D1/><U125/><E125/><V109/><F109/><W41/><G41/><T63/><D127/><U69/><E5/><V40/><F131/><W91/><AGARI ba="4,0" hai="22,25,31,43,47,48,68,71,91,92,94,96,97,100" machi="91" ten="20,5200,0" yaku="0,1,7,1,52,2" doraHai="65" who="3" fromWho="3" sc="179,-17,370,-30,337,-17,114,64" /><INIT seed="6,0,0,5,3,21" ten="162,340,320,178" oya="2" hai0="76,8,117,0,69,65,123,41,106,99,113,116,77" hai1="129,67,52,40,121,78,27,7,133,125,134,70,23" hai2="18,112,11,39,59,29,85,75,28,119,55,127,56" hai3="42,64,131,26,31,48,124,44,80,97,126,14,25"/><V122/><F75/><W87/><G131/><T100/><D113/><U71/><E129/><V1/><F39/><W19/><G64/><T24/><D41/><U101/><E67/><V9/><F112/><W130/><G97/><T3/><D123/><U108/><E108/><V57/><F122/><W66/><G66/><T61/><D8/><N who="2" m="3146" /><F1/><W84/><G130/><T2/><REACH who="0" step="1"/><D24/><REACH who="0" ten="152,340,320,178" step="2"/><U46/><E40/><V30/><F119/><AGARI ba="0,1" hai="0,2,3,61,65,69,76,77,99,100,106,116,117,119" machi="119" ten="50,8000,1" yaku="1,1,2,1,12,1,53,2" doraHai="21" doraHaiUra="74" who="0" fromWho="2" sc="152,90,340,0,320,-80,178,0" /><INIT seed="7,0,0,3,5,109" ten="242,340,240,178" oya="3" hai0="85,65,32,70,88,120,53,132,117,134,131,26,9" hai1="57,97,39,78,7,75,96,124,98,28,52,126,128" hai2="23,4,59,1,92,13,17,25,127,68,47,48,44" hai3="93,112,111,45,6,118,40,90,66,69,12,77,113"/><W108/><G118/><T58/><D117/><U106/><E39/><V74/><F68/><W19/><G77/><T34/><D120/><U110/><E28/><V133/><F133/><N who="0" m="51306" /><D131/><U46/><E46/><V21/><F74/><W129/><G129/><T8/><D65/><U27/><E27/><N who="2" m="14767" /><F1/><W64/><G6/><T122/><D70/><U56/><E7/><V83/><F83/><W99/><G69/><T115/><D115/><N who="3" m="44105" /><G66/><T73/><D73/><U10/><E57/><V42/><F127/><W33/><G64/><T41/><D41/><U67/><E78/><V2/><F2/><W87/><G33/><N who="0" m="12907" /><D26/><U95/><E67/><V130/><F130/><W43/><G99/><T72/><D72/><U60/><E75/><V15/><F4/><W51/><G43/><T105/><D122/><U62/><E128/><V135/><F135/><W81/><G81/><N who="0" m="49199" /><D105/><U84/><E106/><V76/><F76/><W18/><G18/><T22/><D22/><AGARI ba="0,0" hai="12,19,22,40,45,51,87,90,93,108,111" m="44105" machi="22" ten="30,11600,0" yaku="15,1,52,3" doraHai="109" who="3" fromWho="0" sc="242,-116,340,0,240,0,178,116" /><INIT seed="7,1,0,2,1,72" ten="126,340,240,294" oya="3" hai0="26,2,104,121,45,83,112,74,87,42,73,55,92" hai1="66,9,119,82,114,75,29,27,101,65,90,35,77" hai2="67,94,13,118,0,60,62,41,88,106,1,53,96" hai3="86,124,50,93,107,48,24,38,16,126,30,80,52"/><W37/><G107/><T110/><D104/><U6/><E101/><V120/><F118/><W31/><G93/><T89/><D121/><U23/><E114/><V46/><F53/><W85/><G50/><T105/><D105/><U69/><E69/><V20/><F120/><W25/><G25/><T32/><D110/><U108/><E108/><V78/><F78/><N who="3" m="46231" /><G86/><T122/><D122/><U103/><E103/><V22/><F62/><W44/><G16/><T36/><D2/><U59/><E119/><V58/><F106/><W97/><G97/><T135/><D135/><U116/><E116/><V133/><F133/><W95/><G95/><T21/><D32/><U123/><E123/><V128/><F128/><W5/><G5/><T54/><D112/><U129/><E129/><V14/><F1/><W99/><G99/><T4/><D4/><U130/><E130/><V76/><F76/><W61/><G61/><T127/><D74/><U43/><E90/><V132/><F132/><W3/><G3/><T79/><D55/><U34/><E6/><V125/><F0/><W100/><G100/><T102/><D54/><U40/><E9/><V57/><F13/><W68/><G68/><T134/><D134/><U131/><E131/><V18/><F20/><N who="3" m="15623" /><G31/><N who="0" m="17871" /><D102/><U12/><E12/><V117/><F117/><W98/><G98/><T84/><D73/><U113/><E113/><V56/><F125/><AGARI ba="1,0" hai="37,38,44,48,52,124,125,126" m="15623,46231" machi="125" ten="30,5800,0" yaku="18,1,52,1,54,1" doraHai="72" who="3" fromWho="2" sc="126,0,340,0,240,-61,294,61" owari="126,-37.0,340,14.0,179,-22.0,355,45.0" /></mjloggm>