<mjloggm ver="2.3"><GO type="169" lobby="0"/><UN n0="%E3%80%93%E3%81%84%E3%81%A1%E3%81%AF%E3%82%89%E3%80%93" n1="%E3%81%A1%E3%82%83%E3%81%9D%E2%98%86" n2="%E5%B0%B1%E6%B4%BB%E7%94%9F%40%E5%B7%9D%E6%9D%91%E8%BB%8D%E5%9B%A3" n3="%E6%96%B0%E4%B8%96%E7%95%8C%E3%81%AE%E7%B4%99" dan="17,17,17,16" rate="2193.76,2146.65,2206.74,2111.06" sx="M,M,M,M"/><TAIKYOKU oya="0"/><INIT seed="0,0,0,5,2,62" ten="250,250,250,250" oya="0" hai0="20,106,131,23,91,3,81,79,7,133,43,134,129" hai1="51,32,64,44,54,130,38,123,24,68,37,99,70" hai2="61,76,125,33,47,111,10,41,84,18,9,87,35" hai3="107,116,48,120,89,11,8,55,113,26,104,103,100"/><T66/><D43/><U75/><E123/><V25/><F125/><W58/><G113/><T128/><D106/><U74/><E130/><V97/><F111/><W117/><G120/><T95/><D7/><U122/><E122/><V73/><F97/><W108/><G108/><T132/><D3/><U53/><E75/><V2/><F10/><W13/><G26/><T93/><D66/><U82/><E99/><V49/><F61/><W98/><G11/><T50/><D50/><U60/><E70/><V126/><F126/><W78/><G78/><T94/><D91/><U77/><REACH who="1" step="1"/><E53/><REACH who="1" ten="250,240,250,250" step="2"/><V15/><F73/><AGARI ba="0,1" hai="20,23,73,79,81,93,94,95,128,129,131,132,133,134" machi="73" ten="50,12000,1" yaku="29,2,19,1,20,1" doraHai="62" who="0" fromWho="2" sc="250,130,240,0,250,-120,250,0" /><INIT seed="0,1,0,3,4,82" ten="380,240,130,250" oya="0" hai0="22,44,3,131,129,45,57,100,31,55,112,29,66" hai1="72,70,78,123,99,15,107,67,86,96,75,40,14" hai2="56,38,130,126,34,71,108,105,103,116,125,47,104" hai3="118,2,113,27,53,117,94,110,36,121,97,21,85"/><T84/><D3/><U20/><E40/><V90/><F34/><W65/><G113/><T102/><D112/><U79/><E70/><V61/><F116/><W23/><G36/><T41/><D66/><U13/><E67/><V54/><F130/><W35/><G2/><T16/><D102/><U59/><E59/><V60/><F108/><W50/><G65/><T9/><D100/><U132/><E20/><V106/><F103/><W19/><G35/><T30/><D9/><U98/><E107/><V87/><F61/><W109/><G97/><T73/><D73/><N who="1" m="28235" /><E123/><V69/><F47/><N who="3" m="27871" /><G23/><T17/><D17/><U12/><E12/><V8/><F8/><W18/><G121/><T49/><D45/><U4/><E4/><V46/><F46/><W33/><G33/><T92/><D44/><U52/><E52/><V83/><REACH who="2" step="1"/><F38/><REACH who="2" ten="380,240,120,250" step="2"/><W64/><G117/><T127/><D41/><U95/><E132/><V122/><F122/><W114/><G118/><T51/><D51/><U120/><E120/><V10/><F10/><W77/><G114/><T58/><D58/><U7/><E7/><V133/><F133/><W74/><G109/><T0/><D0/><U32/><E32/><V89/><F89/><N who="3" m="53551" /><G110/><T43/><D43/><U1/><E1/><V37/><F37/><W5/><G5/><T93/><D49/><U11/><E11/><V63/><F63/><W128/><G128/><T135/><D131/><U24/><E79/><V42/><F42/><W81/><G64/><T134/><D129/><U91/><E78/><V111/><F111/><W101/><G101/><T62/><D62/><RYUUKYOKU ba="1,1" sc="380,-30,240,10,120,10,250,10" hai1="13,14,15,24,86,91,95,96,98,99" hai2="54,56,60,69,71,83,87,90,104,105,106,125,126" hai3="18,19,21,27,74,77,81" /><INIT seed="1,2,1,4,4,27" ten="350,250,130,260" oya="1" hai0="39,128,85,29,112,100,134,52,131,44,58,96,64" hai1="98,51,22,119,59,72,34,25,3,90,101,79,24" hai2="23,117,26,81,48,82,30,14,105,78,120,31,9" hai3="2,60,8,87,103,61,84,127,42,43,89,4,17"/><U15/><E3/><V76/><F117/><W45/><G127/><T1/><D1/><U126/><E119/><V124/><F105/><W53/><G103/><T73/><D73/><U18/><E126/><V114/><F124/><W6/><G84/><T132/><D112/><U12/><E72/><V91/><F114/><W95/><G43/><N who="0" m="22655" /><D85/><U110/><E110/><V47/><F120/><W104/><G104/><N who="0" m="63495" /><D64/><U116/><E79/><N who="2" m="30251" /><F91/><W133/><G133/><N who="0" m="51307" /><D29/><N who="2" m="10762" /><F23/><W28/><G28/><T74/><D74/><U107/><E90/><V118/><F26/><W65/><G2/><T32/><D32/><U46/><E34/><V62/><F62/><AGARI ba="2,1" hai="52,58,62,128,131" m="51307,63495,22655" machi="62" ten="30,2000,0" yaku="20,1,54,1" doraHai="27" who="0" fromWho="2" sc="350,36,250,0,130,-26,260,0" /><INIT seed="2,0,0,4,1,35" ten="386,250,104,260" oya="2" hai0="17,110,41,19,1,92,38,75,113,105,81,87,123" hai1="135,8,65,12,91,111,15,55,42,102,24,80,120" hai2="58,45,51,40,121,133,100,44,31,109,5,96,37" hai3="103,94,59,9,125,117,23,3,22,53,46,32,54"/><V68/><F121/><W104/><G32/><T116/><D105/><U64/><E111/><V97/><F68/><W132/><G104/><T63/><D123/><U39/><E102/><V131/><F109/><W88/><G117/><T82/><D113/><U30/><E135/><V84/><F133/><W7/><G132/><T85/><D116/><U93/><E80/><V106/><F131/><W73/><G103/><T14/><D75/><U26/><E15/><V66/><F31/><W29/><G73/><T69/><D41/><U33/><E24/><V0/><F97/><W130/><G29/><T27/><D38/><U20/><E33/><V78/><F78/><W115/><G125/><T57/><D69/><U60/><E120/><V79/><F84/><W98/><G115/><T56/><D92/><U76/><E42/><V36/><F79/><W74/><G74/><T28/><D110/><U126/><E39/><V50/><F58/><W101/><G101/><T13/><D28/><U134/><E76/><V16/><F66/><W47/><G130/><T6/><D27/><U86/><E126/><V119/><F119/><W122/><G122/><T4/><D63/><U34/><E34/><V108/><F108/><W77/><G77/><T114/><D114/><U52/><E65/><V48/><F16/><W2/><G47/><N who="2" m="17993" /><F40/><W124/><G124/><T89/><D89/><U83/><E134/><V118/><F118/><W127/><G127/><T129/><D129/><U71/><REACH who="1" step="1"/><E93/><REACH who="1" ten="386,240,104,260" step="2"/><V99/><F99/><W95/><G95/><T70/><D70/><U21/><E21/><N who="3" m="7690" /><G94/><T10/><D10/><AGARI ba="0,1" hai="0,5,10,36,37,48,50,51,96,100,106" m="17993" machi="10" ten="30,2900,0" yaku="6,1,52,1" doraHai="35" who="2" fromWho="0" sc="386,-29,240,0,104,39,260,0" /><INIT seed="2,1,0,5,1,108" ten="357,240,143,260" oya="2" hai0="16,98,109,41,69,44,119,92,94,1,18,104,30" hai1="95,12,43,112,15,51,116,50,32,102,56,99,10" hai2="82,23,131,58,64,0,59,75,125,42,88,31,28" hai3="126,13,84,27,81,134,55,115,72,46,113,122,36"/><V5/><F131/><W11/><G122/><T65/><D109/><U91/><E116/><V124/><F42/><W14/><G126/><N who="2" m="48745" /><F75/><W101/><G134/><T2/><D30/><N who="2" m="11306" /><F23/><W123/><G123/><T22/><D104/><U129/><E32/><V105/><F105/><W39/><G72/><T38/><D119/><U117/><E117/><V53/><F64/><W128/><G27/><T34/><D34/><U9/><E129/><V107/><F107/><W110/><G101/><T83/><D65/><U48/><E43/><V45/><F45/><W21/><G110/><T80/><D22/><U52/><E102/><V87/><F53/><W70/><G70/><T127/><D127/><U86/><E99/><V66/><F66/><W49/><G128/><T130/><D130/><U26/><E26/><V57/><F5/><W90/><G21/><T73/><D73/><U97/><E97/><V93/><F0/><W74/><G14/><T133/><D98/><U100/><E15/><V79/><F79/><W61/><G61/><T77/><D77/><U121/><E121/><V25/><F25/><W40/><G74/><T24/><D24/><U20/><E20/><V54/><F54/><W118/><G118/><T120/><D120/><U96/><E12/><V106/><F106/><W37/><REACH who="3" step="1"/><G40/><REACH who="3" ten="357,240,143,250" step="2"/><T132/><D41/><U60/><E9/><V3/><F3/><W103/><G103/><T35/><D35/><U29/><E10/><V8/><F8/><W33/><G33/><T85/><D2/><U71/><E100/><V17/><F17/><AGARI ba="1,1" hai="11,13,17,36,37,39,46,49,55,81,84,90,113,115" machi="17" ten="40,12000,2" yaku="1,1,25,2,52,2,53,1" doraHai="108" doraHaiUra="6" who="3" fromWho="2" sc="357,0,240,0,143,-123,250,133" /><INIT seed="3,0,0,0,3,117" ten="357,240,20,383" oya="3" hai0="94,19,78,9,43,8,35,20,4,69,91,29,6" hai1="108,47,80,105,27,131,22,50,66,74,122,87,16" hai2="112,11,63,57,13,40,76,53,45,65,64,71,1" hai3="28,88,18,86,61,30,129,68,118,134,82,89,126"/><W104/><G118/><T12/><D69/><U107/><E108/><V3/><F112/><W75/><G104/><T102/><D43/><U110/><E110/><V56/><F76/><W98/><G75/><T103/><D78/><U119/><E74/><V77/><F77/><W62/><G126/><T73/><D73/><U106/><E131/><V101/><F101/><W42/><G129/><T130/><D130/><U81/><E119/><V85/><F85/><W115/><G115/><T33/><D103/><U15/><E122/><V39/><F57/><W58/><G134/><T114/><D102/><U116/><E66/><V125/><F64/><N who="3" m="38967" /><G68/><T83/><D83/><U24/><E116/><V36/><F36/><W0/><G0/><N who="0" m="7" /><D94/><U31/><E27/><V52/><F53/><W51/><G62/><T54/><D54/><U14/><E14/><V34/><F34/><N who="0" m="12810" /><D91/><U17/><E105/><V41/><F41/><W46/><G18/><T32/><D114/><U25/><E106/><V128/><F128/><W72/><G72/><T127/><D127/><U49/><E17/><V79/><F79/><W21/><G21/><T113/><D113/><U55/><E107/><V2/><F125/><W135/><G135/><T121/><D121/><U60/><E60/><V93/><F93/><AGARI ba="0,0" hai="28,30,42,46,51,82,86,88,89,93,98" m="38967" machi="93" ten="30,2900,0" yaku="8,1,54,1" doraHai="117" who="3" fromWho="2" sc="357,0,240,0,20,-29,383,29" owari="357,16.0,240,-16.0,-9,-51.0,412,51.0" /></mjloggm>