<mjloggm ver="2.3"><GO type="225" lobby="0"/><UN n0="%E5%A4%A9%E7%A9%BA%73%61%79%61" n1="%E3%82%BB%E3%82%A4%E3%83%A8%E3%82%A6%E3%83%AA%E3%83%B3%E3%82%B4" n2="%E6%9C%A8%E5%B1%B1%E6%98%A5%E7%94%9F" n3="%E5%B0%B1%E6%B4%BB%E7%94%9F%40%E5%B7%9D%E6%9D%91%E8%BB%8D%E5%9B%A3" dan="16,16,16,16" rate="2141.17,2141.97,2113.98,2044.65" sx="M,M,M,M"/><TAIKYOKU oya="0"/><INIT seed="0,0,0,3,4,56" ten="250,250,250,250" oya="0" hai0="129,51,29,117,62,106,135,16,133,36,11,75,35" hai1="95,15,2,82,121,87,84,20,21,19,118,91,123" hai2="7,26,1,127,69,96,73,77,38,70,65,8,34" hai3="33,120,66,100,68,63,126,44,4,45,74,22,71"/><T134/><D117/><U49/><E2/><V24/><F127/><W42/><G33/><T18/><D36/><U110/><E110/><V85/><F85/><W109/><G74/><T67/><D129/><U41/><E118/><V57/><F57/><N who="3" m="37231" /><G4/><T80/><D106/><U58/><E20/><V9/><F9/><W48/><G100/><T105/><D105/><U3/><E3/><V83/><F26/><W111/><G22/><T59/><D11/><U99/><E84/><V50/><F50/><N who="3" m="26903" /><G126/><T64/><D64/><U88/><REACH who="1" step="1"/><E41/><REACH who="1" ten="250,240,250,250" step="2"/><V79/><F1/><W97/><G120/><T46/><D35/><U5/><E5/><V13/><F7/><W128/><G97/><T101/><D29/><U12/><E12/><V32/><F13/><W115/><G115/><T72/><D72/><U107/><E107/><V54/><F73/><W122/><G122/><T14/><D14/><U114/><E114/><V89/><F32/><W92/><G92/><T76/><D101/><U113/><E113/><V104/><F34/><W98/><G98/><T94/><D94/><U28/><E28/><V116/><F96/><W93/><G93/><T108/><D108/><N who="3" m="41545" /><G128/><T0/><REACH who="0" step="1"/><D0/><REACH who="0" ten="240,240,250,250" step="2"/><U124/><E124/><V78/><F104/><W52/><AGARI ba="0,2" hai="45,48,52,68,71" m="41545,26903,37231" machi="52" ten="30,8000,1" yaku="14,1,34,2,52,1,54,1" doraHai="56" who="3" fromWho="3" sc="240,-40,240,-20,250,-20,250,100" /><INIT seed="1,0,0,1,3,71" ten="200,220,230,350" oya="1" hai0="40,56,32,29,20,35,37,133,75,65,94,62,97" hai1="128,69,33,2,135,41,59,105,43,76,88,39,64" hai2="7,49,3,81,66,17,109,116,30,120,89,132,14" hai3="72,61,54,124,11,15,63,102,95,60,101,1,26"/><U4/><E33/><V19/><F120/><W58/><G72/><T130/><D75/><U47/><E105/><V48/><F116/><W52/><G1/><T122/><D122/><U98/><E76/><V83/><F3/><W53/><G124/><T51/><D133/><U82/><E43/><V104/><F104/><W86/><G26/><T108/><D130/><U22/><E128/><V112/><F112/><W127/><G127/><T115/><D115/><U45/><E45/><V123/><F123/><W50/><G86/><T93/><D108/><U36/><E22/><V21/><F66/><W68/><G68/><T42/><D51/><U74/><E135/><V5/><F30/><W113/><G113/><T118/><D118/><U13/><E69/><V87/><F109/><W18/><REACH who="3" step="1"/><G102/><REACH who="3" ten="200,220,230,340" step="2"/><T27/><D42/><U134/><E41/><V46/><F87/><W6/><G6/><T73/><D73/><U31/><E4/><V99/><F132/><W9/><G9/><T77/><D77/><U25/><E2/><V125/><F125/><W121/><G121/><T110/><D110/><U79/><E134/><V111/><F111/><W103/><G103/><N who="0" m="60847" /><D94/><U10/><E79/><V84/><F84/><W80/><G80/><T85/><D85/><U114/><E82/><V96/><F14/><W12/><G12/><T106/><D106/><U8/><E13/><V28/><F83/><W107/><G107/><T131/><D131/><U24/><E74/><V57/><F81/><W100/><G100/><T78/><D78/><U23/><E114/><V67/><F5/><W38/><G38/><RYUUKYOKU ba="0,1" sc="200,15,220,-15,230,-15,340,15" hai0="20,27,29,32,35,37,40,56,62,65" hai3="11,15,18,50,52,53,54,58,60,61,63,95,101" /><INIT seed="2,1,1,4,5,88" ten="215,205,215,355" oya="2" hai0="127,8,76,111,60,31,90,68,10,25,73,92,45" hai1="95,56,128,13,72,69,98,113,91,135,132,118,93" hai2="112,28,107,82,50,100,119,115,126,1,41,79,121" hai3="36,105,44,81,9,104,2,125,120,106,55,7,97"/><V48/><F121/><W62/><G120/><T54/><D111/><U58/><E69/><V26/><F1/><W123/><G123/><T12/><D127/><U27/><E113/><V122/><F122/><W0/><G0/><T78/><D73/><U37/><E118/><V49/><F119/><W108/><G108/><T109/><D109/><U5/><E128/><V35/><F126/><W57/><G125/><T83/><D83/><U124/><E72/><V117/><F117/><W14/><G2/><T6/><D10/><N who="1" m="4303" /><E27/><V61/><F61/><W20/><G20/><N who="0" m="15783" /><D68/><U59/><E37/><V47/><F107/><W71/><G71/><T103/><D103/><N who="1" m="60879" /><E124/><V87/><REACH who="2" step="1"/><F100/><REACH who="2" ten="215,205,205,355" step="2"/><W40/><G105/><T133/><D60/><U84/><E135/><V22/><F22/><W24/><G106/><T4/><D133/><U64/><E132/><V130/><F130/><W86/><G104/><T42/><D8/><U131/><E131/><V66/><F66/><AGARI ba="1,2" hai="56,58,59,64,66,84,91,95" m="60879,4303" machi="66" ten="30,3900,0" yaku="8,1,52,2" doraHai="88" who="1" fromWho="2" sc="215,0,205,62,205,-42,355,0" /><INIT seed="3,0,0,0,5,117" ten="215,267,163,355" oya="3" hai0="112,127,58,21,114,110,113,107,18,111,120,29,60" hai1="83,133,54,9,99,34,106,49,81,89,132,128,74" hai2="100,102,3,68,92,66,39,73,5,97,67,47,70" hai3="75,42,129,51,4,1,26,130,64,46,85,78,20"/><W119/><G119/><T71/><D107/><U72/><E128/><N who="3" m="49258" /><G64/><N who="0" m="41351" /><D127/><U43/><E34/><V121/><F73/><N who="1" m="28265" /><E43/><V91/><F39/><W52/><G75/><T48/><D120/><U32/><E32/><V93/><F47/><W126/><G126/><T12/><D29/><U24/><E24/><V28/><F28/><W96/><G96/><T31/><D31/><U123/><E9/><V105/><F5/><W82/><G4/><T8/><D48/><U13/><E123/><V135/><F135/><N who="1" m="51785" /><E13/><V40/><F40/><W44/><G1/><T87/><D58/><N who="1" m="33103" /><E89/><V23/><F23/><W134/><G134/><T35/><D87/><U94/><E94/><V86/><F3/><W50/><G20/><T15/><D35/><U10/><E10/><V88/><F97/><W25/><AGARI ba="0,0" hai="25,26,42,44,46,50,51,52,78,82,85" m="49258" machi="25" ten="30,3000,0" yaku="19,1,54,1" doraHai="117" who="3" fromWho="3" sc="215,-10,267,-10,163,-10,355,30" owari="205,-19.0,257,6.0,153,-35.0,385,48.0" /></mjloggm>