<mjloggm ver="2.3"><GO type="169" lobby="0"/><UN n0="%E3%81%94%E3%82%8A%E3%81%94%E3%82%8A%E3%81%94%E3%82%8A%E3%82%89" n1="%E3%81%A8%E3%81%AA%E3%81%BF" n2="%E3%82%A6%E3%83%AB%E3%83%88%E3%83%A9%E7%AB%8B%E7%9B%B4" n3="%E7%AB%8B%E8%8F%AF%E5%A5%8F" dan="17,16,16,17" rate="2190.98,2045.77,2098.58,2214.28" sx="M,M,M,F"/><TAIKYOKU oya="0"/><INIT seed="0,0,0,5,2,21" ten="250,250,250,250" oya="0" hai0="7,22,69,99,51,92,132,4,127,0,40,105,120" hai1="96,8,81,45,30,91,63,37,83,94,95,11,97" hai2="67,49,89,41,76,98,14,128,50,48,34,59,46" hai3="32,114,19,117,44,66,126,110,29,18,57,131,123"/><T124/><D69/><U113/><E113/><V84/><F128/><W38/><G131/><T43/><D120/><U13/><E11/><V9/><F34/><W65/><G110/><T111/><D111/><U54/><E37/><V129/><F129/><W115/><G117/><T122/><D122/><U100/><E30/><V75/><F75/><W36/><G123/><T133/><D105/><U130/><E130/><V52/><F98/><W25/><G126/><N who="0" m="48171" /><D0/><U78/><E78/><V93/><F76/><W20/><G44/><N who="0" m="25991" /><D43/><U90/><E100/><V23/><F67/><W53/><G38/><T112/><D112/><U42/><E42/><V1/><F1/><W116/><G36/><T82/><D82/><U35/><E35/><V102/><F102/><W77/><G116/><T6/><D22/><U28/><E28/><V15/><F50/><W24/><G115/><T103/><AGARI ba="0,0" hai="4,6,7,92,99,103,132,133" m="25991,48171" machi="103" ten="40,2100,0" yaku="18,1" doraHai="21" who="0" fromWho="0" sc="250,21,250,-7,250,-7,250,-7" /><INIT seed="0,1,0,0,0,56" ten="271,243,243,243" oya="0" hai0="31,55,14,126,93,87,28,58,4,74,38,40,119" hai1="73,18,118,77,35,99,41,27,7,25,115,33,97" hai2="122,86,109,70,65,135,53,107,125,22,100,36,72" hai3="106,19,79,67,75,83,102,96,117,85,48,6,80"/><T104/><D74/><U12/><E41/><V44/><F72/><W60/><G117/><T116/><D104/><U103/><E118/><V124/><F100/><W5/><G48/><N who="0" m="31079" /><D126/><N who="2" m="48746" /><F107/><W51/><G51/><T57/><D38/><U45/><E45/><V16/><F122/><W63/><G19/><T110/><D119/><U61/><E115/><V128/><F128/><W94/><G106/><T81/><D40/><U10/><E35/><V69/><F135/><W88/><REACH who="3" step="1"/><G60/><REACH who="3" ten="271,243,243,233" step="2"/><T95/><D116/><U26/><E61/><V113/><F113/><W47/><G47/><T127/><D127/><U20/><E18/><V101/><F44/><W49/><G49/><T13/><D110/><U2/><E7/><V43/><F109/><W42/><G42/><T82/><D4/><U114/><E114/><V84/><F43/><W50/><G50/><T108/><D108/><U59/><E33/><V23/><F16/><W46/><G46/><T98/><D31/><U120/><E120/><V3/><F36/><W0/><G0/><T54/><D28/><U24/><E2/><V64/><F3/><W71/><AGARI ba="1,1" hai="5,6,63,67,71,75,79,80,83,85,88,94,96,102" machi="71" ten="20,12000,2" yaku="1,1,0,1,7,1,52,1,54,1,53,1" doraHai="56" doraHaiUra="90" who="3" fromWho="3" sc="271,-61,243,-31,243,-31,233,133" /><INIT seed="1,0,0,5,4,40" ten="210,212,212,366" oya="1" hai0="85,48,81,65,21,132,128,42,92,121,67,46,124" hai1="104,135,61,134,23,17,120,99,57,77,129,10,56" hai2="32,116,88,18,28,5,33,7,118,105,98,58,1" hai3="43,63,59,12,24,100,115,11,108,83,60,36,79"/><U133/><E120/><V31/><F58/><W125/><G108/><T53/><D121/><U96/><E77/><V30/><F105/><W91/><G125/><T14/><D128/><U45/><E129/><V71/><F98/><W109/><G109/><T66/><D132/><U2/><E104/><V64/><F64/><W73/><G115/><T93/><D124/><U74/><E74/><V15/><F88/><W39/><G100/><T26/><D14/><U70/><E70/><V111/><F71/><W89/><G24/><T6/><D6/><N who="2" m="2058" /><F111/><W51/><G63/><T87/><D53/><U80/><E80/><V37/><F37/><W75/><G75/><T20/><D20/><U47/><E99/><V49/><F49/><W126/><G126/><T50/><D50/><U112/><E96/><V3/><F118/><W41/><G39/><T82/><D82/><U76/><E76/><V34/><F116/><W4/><G36/><T102/><D102/><U68/><E68/><V131/><F131/><W16/><G4/><T25/><D25/><N who="1" m="14575" /><E57/><V0/><F34/><W101/><G101/><T54/><D42/><U127/><E127/><V97/><F97/><W19/><G41/><T69/><D69/><U27/><E134/><V114/><F114/><W110/><G110/><T55/><D55/><U86/><E135/><V106/><F106/><W95/><G43/><T38/><D38/><U78/><E133/><V94/><F94/><N who="0" m="36458" /><D81/><U72/><E72/><V107/><F107/><W52/><G95/><T84/><D87/><U44/><E86/><V130/><F130/><W103/><G73/><RYUUKYOKU ba="0,0" sc="210,15,212,-15,212,15,366,-15" hai0="21,26,46,48,54,65,66,67,84,85" hai2="0,1,3,15,18,28,30,31,32,33" /><INIT seed="2,1,0,1,4,27" ten="225,197,227,351" oya="2" hai0="57,64,82,55,102,75,121,114,119,60,126,132,71" hai1="128,66,59,48,83,11,112,72,84,31,0,38,35" hai2="68,6,25,87,32,86,9,116,122,125,52,21,17" hai3="45,10,34,81,131,70,79,62,101,115,56,130,124"/><V49/><F68/><W99/><G70/><T104/><D121/><U97/><E112/><V23/><F122/><W107/><G124/><T50/><D114/><U133/><E133/><V46/><F116/><W129/><G115/><T3/><D119/><U53/><E128/><V80/><F125/><W92/><G34/><T15/><D3/><U67/><E97/><V108/><F108/><W110/><G110/><T22/><D132/><U58/><E38/><V33/><F23/><W14/><G45/><T118/><D126/><U28/><E35/><V103/><F103/><W106/><G81/><T16/><D118/><U120/><E72/><V37/><F86/><W88/><G79/><T61/><D102/><U20/><E120/><V74/><F74/><W26/><G26/><T123/><D104/><U134/><E134/><V73/><F73/><W43/><G43/><T51/><REACH who="0" step="1"/><D123/><REACH who="0" ten="215,197,227,351" step="2"/><U135/><E135/><V69/><F37/><W93/><G101/><T100/><D100/><U85/><E0/><V47/><F69/><W65/><G93/><T42/><D42/><U96/><E83/><V105/><F105/><W18/><AGARI ba="1,1" hai="10,14,18,56,62,65,88,92,99,106,107,129,130,131" machi="18" ten="30,4000,0" yaku="0,1,19,1,54,1" doraHai="27" who="3" fromWho="3" sc="215,-11,197,-11,227,-21,351,53" /><INIT seed="3,0,0,2,4,67" ten="204,186,206,404" oya="3" hai0="78,30,13,128,22,23,97,116,39,131,85,1,134" hai1="17,132,36,55,111,118,53,2,10,7,99,70,90" hai2="94,42,45,27,34,72,31,4,58,114,135,125,48" hai3="93,41,46,38,20,33,133,126,29,60,83,14,40"/><W3/><G3/><T102/><D1/><U57/><E36/><V76/><F114/><W127/><G133/><T86/><D39/><U51/><E132/><V6/><F135/><W69/><G40/><T108/><D116/><U91/><E118/><V101/><F125/><N who="3" m="47627" /><G83/><T59/><D108/><U79/><E111/><V8/><F58/><W12/><G33/><T122/><D122/><U81/><E99/><V44/><F8/><W88/><G29/><T87/><D78/><U5/><E5/><V107/><F107/><W32/><G32/><T50/><D134/><U98/><E98/><V28/><F28/><W106/><G106/><N who="0" m="63823" /><D13/><U43/><E43/><V21/><F34/><W112/><G112/><T82/><D30/><U35/><E35/><V115/><F115/><W124/><G124/><T65/><D82/><U84/><E17/><V129/><F4/><W19/><G14/><T18/><D18/><U104/><E104/><V80/><F6/><W96/><G60/><N who="0" m="38047" /><D50/><U110/><E110/><V61/><F61/><W63/><G63/><T73/><D73/><U121/><E121/><V119/><F119/><W77/><G77/><T120/><D120/><U117/><E117/><V66/><F80/><W49/><G38/><T100/><D100/><U56/><E79/><V47/><F76/><W52/><G41/><T74/><D74/><U92/><E92/><V54/><F72/><W11/><G11/><T24/><D24/><U71/><E91/><V109/><F94/><W15/><G15/><T95/><D95/><U75/><E75/><V113/><F113/><W89/><G89/><RYUUKYOKU ba="0,0" sc="204,10,186,10,206,-30,404,10" hai0="22,23,85,86,87,128,131" hai1="2,7,10,51,53,55,56,57,70,71,81,84,90" hai3="12,19,20,46,49,52,69,88,93,96" /><INIT seed="3,1,0,4,2,37" ten="214,196,176,414" oya="3" hai0="28,114,111,97,20,71,78,77,10,42,17,123,58" hai1="30,85,119,108,54,15,38,96,56,88,76,79,101" hai2="27,18,126,90,121,67,29,62,83,106,86,84,52" hai3="69,102,23,46,49,131,2,26,81,68,118,103,43"/><W9/><G118/><T31/><D123/><U24/><E119/><V34/><F126/><W3/><G131/><T44/><D71/><U127/><E127/><V8/><F121/><W122/><G122/><T1/><D114/><U82/><E108/><V63/><F106/><W113/><G113/><T135/><D111/><U0/><E0/><V53/><F63/><W91/><G68/><T35/><D135/><U100/><E38/><V40/><F40/><W59/><G69/><T25/><D97/><U74/><E15/><V87/><F86/><W105/><G59/><T75/><D58/><U12/><E12/><V55/><F87/><W132/><G132/><T94/><D94/><U125/><E125/><V70/><F18/><W109/><G109/><T33/><D33/><U47/><E47/><V124/><F8/><W21/><G105/><T61/><D61/><U89/><E74/><V19/><F19/><W112/><G112/><T36/><D35/><U45/><E45/><V117/><REACH who="2" step="1"/><F124/><REACH who="2" ten="214,196,166,414" step="2"/><W110/><G9/><T4/><D78/><U133/><E79/><V72/><F72/><W48/><G43/><T99/><D99/><U73/><E73/><V66/><F66/><W130/><G110/><T95/><D95/><N who="1" m="58399" /><E133/><V14/><F14/><W98/><G98/><T41/><REACH who="0" step="1"/><D42/><REACH who="0" ten="204,196,166,414" step="2"/><U80/><E101/><V65/><F65/><W22/><G103/><T39/><D39/><U11/><E76/><V116/><AGARI ba="1,2" hai="27,29,34,52,53,55,62,67,70,83,84,90,116,117" machi="116" ten="30,4000,0" yaku="1,1,0,1,54,1,53,0" doraHai="37" doraHaiUra="7" who="2" fromWho="2" sc="204,-11,196,-11,166,63,414,-21" /><INIT seed="4,0,0,1,1,11" ten="193,185,229,393" oya="0" hai0="43,114,44,93,76,59,66,26,39,85,4,119,126" hai1="116,133,64,36,0,9,104,105,134,94,110,120,42" hai2="47,18,14,81,62,131,103,48,112,83,52,53,92" hai3="124,37,121,67,7,87,82,6,99,72,70,17,23"/><T69/><D119/><U27/><E94/><V45/><F112/><W71/><G72/><T38/><D114/><U132/><E116/><V57/><F131/><W89/><G37/><T22/><D126/><U25/><E120/><V15/><F47/><W74/><G124/><T5/><D69/><U49/><E49/><V50/><F62/><W84/><G74/><T108/><D38/><U16/><E110/><V40/><F40/><W10/><G121/><T12/><D108/><U129/><E64/><V55/><F55/><W86/><G67/><T24/><D66/><U80/><E129/><V58/><F45/><W115/><G115/><T41/><D59/><U32/><E80/><N who="2" m="30795" /><F18/><W20/><G71/><T60/><D60/><U117/><E117/><V3/><F3/><W35/><G35/><T68/><D68/><U107/><E42/><N who="0" m="15881" /><D44/><U75/><E36/><V29/><F29/><W125/><G70/><T123/><D39/><U28/><E0/><V106/><F106/><W98/><G125/><T21/><D123/><U1/><E1/><V78/><F78/><W51/><G51/><T8/><D76/><U54/><E107/><V91/><F103/><W96/><G82/><T63/><D63/><U13/><E105/><V113/><F113/><W122/><G122/><T101/><D4/><N who="3" m="1577" /><G89/><N who="0" m="53423" /><D101/><U90/><E104/><V61/><F61/><W33/><G33/><T127/><D127/><U65/><E65/><V111/><F111/><W2/><G2/><T73/><D73/><U118/><E75/><V30/><F30/><W88/><G88/><T77/><D77/><U135/><E118/><RYUUKYOKU ba="0,0" sc="193,10,185,-30,229,10,393,10" hai0="5,8,12,21,22,24,26" hai2="14,15,48,50,52,53,57,58,91,92" hai3="10,17,20,23,84,86,87,96,98,99" /><INIT seed="4,1,0,2,2,81" ten="203,155,239,403" oya="0" hai0="80,67,109,49,66,108,79,63,44,32,11,112,31" hai1="4,41,104,117,33,47,103,7,102,57,6,34,15" hai2="123,22,120,122,18,126,17,0,37,116,133,92,19" hai3="5,65,62,90,48,98,82,39,10,111,59,1,76"/><T30/><D112/><U127/><E117/><V91/><F37/><W53/><G39/><T13/><D32/><U21/><E127/><V23/><F126/><W64/><G111/><T45/><D45/><U95/><E104/><V60/><F116/><W118/><G118/><T86/><D108/><U72/><E72/><V54/><F0/><W74/><G98/><T3/><D3/><U100/><E57/><V50/><F60/><W115/><G115/><T130/><D130/><U52/><E95/><V134/><F23/><W8/><G8/><T35/><D35/><U2/><E2/><V114/><F22/><W99/><G99/><T135/><D135/><U93/><E34/><V26/><F26/><W97/><G97/><T87/><D109/><U75/><E75/><V51/><F114/><W38/><G38/><T55/><D87/><U113/><E33/><V42/><F42/><W20/><G20/><T107/><D107/><U125/><E41/><V36/><F36/><W61/><G90/><T73/><D73/><U85/><E125/><V40/><F40/><W129/><G129/><T124/><D124/><U24/><E15/><V94/><F91/><W69/><G65/><N who="0" m="24587" /><D63/><U28/><E113/><V84/><F84/><W27/><G27/><T77/><D77/><U25/><E25/><V78/><F78/><W70/><G61/><T43/><D55/><U105/><E105/><V58/><F51/><W16/><G70/><T119/><D119/><U132/><E24/><V110/><F110/><W46/><G69/><T121/><D121/><U56/><E28/><V83/><F83/><RYUUKYOKU ba="1,0" sc="203,10,155,-30,239,10,403,10" hai0="11,13,30,31,43,44,49,79,80,86" hai2="17,18,19,50,54,58,92,94,120,122,123,133,134" hai3="1,5,10,16,46,48,53,59,62,64,74,76,82" /><INIT seed="4,2,0,0,4,75" ten="213,125,249,413" oya="0" hai0="98,83,74,46,1,120,124,62,89,87,93,19,36" hai1="42,130,73,129,51,106,26,8,88,39,12,127,114" hai2="53,101,94,35,126,102,68,52,122,58,33,40,131" hai3="31,92,71,16,44,134,111,78,21,69,38,4,123"/><T0/><D120/><U91/><E39/><V84/><F68/><W17/><G111/><T99/><D124/><U13/><E106/><V97/><F122/><W133/><G4/><T115/><D115/><U118/><E118/><V10/><F126/><W82/><G123/><T128/><D128/><N who="1" m="49259" /><E127/><V125/><F125/><W59/><G59/><T14/><D62/><U66/><E66/><V41/><F131/><W56/><G56/><T9/><D74/><U18/><E26/><V96/><F84/><W110/><G110/><T85/><D85/><U80/><E13/><V64/><F64/><W32/><G32/><T95/><D46/><N who="1" m="26071" /><E114/><V109/><F109/><W86/><G92/><T104/><D36/><U116/><E116/><V30/><F94/><W103/><G103/><T45/><D45/><U100/><E100/><V25/><F58/><W105/><G105/><T7/><D104/><U107/><E107/><V37/><F37/><W70/><G31/><T90/><REACH who="0" step="1"/><D7/><REACH who="0" ten="203,125,249,413" step="2"/><U15/><E73/><V3/><F41/><W63/><G63/><T11/><D11/><U2/><E8/><V121/><F40/><W57/><G38/><T135/><D135/><N who="3" m="51721" /><G44/><T67/><D67/><U5/><E5/><V20/><F121/><W34/><G86/><T77/><AGARI ba="2,1" hai="0,1,9,14,19,77,83,87,89,90,93,95,98,99" machi="77" ten="20,18000,2" yaku="1,1,0,1,7,1,9,1,52,1,53,1" doraHai="75" doraHaiUra="72" who="0" fromWho="0" sc="203,196,125,-62,249,-62,413,-62" /><INIT seed="4,3,0,1,2,44" ten="399,63,187,351" oya="0" hai0="34,112,47,1,89,57,77,83,84,86,42,48,74" hai1="72,93,95,5,35,30,62,109,106,122,75,129,16" hai2="133,61,3,104,80,88,41,49,125,68,60,117,32" hai3="121,43,67,105,132,8,78,25,119,23,46,50,29"/><T73/><D112/><U36/><E106/><V134/><F104/><W115/><G119/><T128/><D128/><U97/><E36/><V22/><F32/><W12/><G115/><T135/><D135/><N who="2" m="51722" /><F3/><W85/><G132/><T9/><D34/><U15/><E109/><V21/><F125/><W108/><G108/><T66/><D1/><U13/><E122/><V4/><F4/><W7/><G105/><T58/><D9/><U55/><E129/><V79/><F117/><W98/><G121/><T92/><REACH who="0" step="1"/><D66/><REACH who="0" ten="389,63,187,351" step="2"/><U45/><E35/><V38/><F21/><W81/><G98/><T40/><D40/><U59/><E97/><V37/><F22/><W126/><G126/><T20/><D20/><U118/><E118/><V31/><F41/><W124/><G124/><T69/><D69/><U28/><E5/><V94/><F68/><W103/><G67/><T39/><D39/><U53/><E53/><V11/><F11/><W99/><G99/><T54/><D54/><U14/><E55/><V102/><F37/><W87/><G103/><T52/><D52/><U70/><E70/><V91/><F38/><W120/><G120/><T111/><D111/><U130/><E130/><V27/><F102/><W0/><G0/><T113/><D113/><U64/><E64/><V33/><F33/><W26/><G26/><T6/><D6/><U2/><E2/><V123/><F27/><W114/><G114/><T131/><D131/><U19/><E59/><AGARI ba="3,1" hai="42,47,48,57,58,59,73,74,77,83,84,86,89,92" machi="59" ten="40,3900,0" yaku="1,1,52,1,53,0" doraHai="44" doraHaiUra="56" who="0" fromWho="1" sc="389,58,63,-48,187,0,351,0" /><INIT seed="4,4,0,2,2,10" ten="447,15,187,351" oya="0" hai0="87,29,110,101,44,82,4,27,97,102,72,103,28" hai1="90,111,37,58,98,17,73,132,94,113,84,68,85" hai2="22,32,119,60,120,49,65,75,66,7,104,26,125" hai3="52,1,91,42,23,80,59,46,105,11,107,35,45"/><T39/><D110/><U67/><E73/><V16/><F120/><W38/><G35/><T71/><D71/><U31/><E111/><V106/><F75/><W129/><G129/><T76/><D4/><U3/><E68/><V96/><F32/><W43/><G23/><T48/><D39/><U114/><E37/><V134/><F125/><W2/><G80/><T127/><D127/><U24/><E3/><V122/><F122/><W81/><G81/><T123/><D123/><U14/><E132/><V131/><F66/><W124/><G124/><T57/><D57/><U12/><E58/><V115/><F134/><W18/><G91/><T89/><D27/><U118/><E67/><V88/><F119/><W13/><G1/><T108/><D108/><U15/><E17/><V93/><F131/><W51/><REACH who="3" step="1"/><G2/><REACH who="3" ten="447,15,187,341" step="2"/><T56/><D72/><U99/><E118/><V53/><F115/><N who="1" m="44041" /><E98/><V116/><F116/><W117/><G117/><T86/><D97/><U21/><AGARI ba="4,1" hai="12,14,15,21,24,31,84,85,90,94,99" m="44041" machi="21" ten="30,8000,1" yaku="15,1,11,1,52,3" doraHai="10" who="1" fromWho="1" sc="447,-44,15,102,187,-24,341,-24" /><INIT seed="5,0,0,3,1,113" ten="403,117,163,317" oya="1" hai0="130,72,109,58,59,28,81,93,74,108,87,31,9" hai1="40,85,1,68,53,15,76,120,89,123,29,17,11" hai2="42,96,13,48,32,95,71,20,16,51,77,79,38" hai3="25,98,88,103,57,39,62,125,91,124,107,112,41"/><U50/><E68/><V21/><F32/><W66/><G112/><T54/><D130/><U61/><E1/><V83/><F71/><W65/><G65/><T3/><D93/><U84/><E29/><V60/><F60/><W30/><G41/><T0/><D87/><U69/><E40/><V105/><F105/><W131/><G39/><T73/><D81/><U56/><E76/><V97/><F97/><W119/><G131/><T111/><D54/><U36/><E36/><V115/><F115/><W4/><G4/><T5/><D9/><U114/><E114/><V122/><F122/><W100/><G100/><T99/><D99/><U12/><E85/><V64/><F64/><W101/><G101/><T8/><D8/><U127/><E127/><N who="3" m="48714" /><G119/><T94/><D94/><U18/><E69/><V2/><F2/><N who="0" m="554" /><D5/><U33/><E33/><AGARI ba="0,0" hai="25,30,33,57,62,66,88,91,98,103,107" m="48714" machi="33" ten="30,2000,0" yaku="18,1,54,1" doraHai="113" who="3" fromWho="1" sc="403,0,117,-20,163,0,317,20" /><INIT seed="6,0,0,5,4,96" ten="403,97,163,337" oya="2" hai0="104,50,102,68,100,5,9,94,10,64,43,111,49" hai1="59,122,89,129,112,67,71,48,118,134,135,54,79" hai2="92,131,42,17,75,34,69,72,11,63,93,133,32" hai3="126,99,98,132,16,124,55,130,120,110,22,28,115"/><V116/><F116/><W77/><G120/><T90/><D104/><U31/><E79/><V91/><F42/><W62/><G110/><T83/><D83/><U13/><E89/><V109/><F93/><W103/><G28/><T25/><D68/><U24/><E13/><V29/><F29/><W44/><G77/><T6/><D64/><U70/><E118/><V3/><F63/><W121/><G121/><T4/><D25/><U117/><E117/><V74/><F69/><N who="1" m="26121" /><E122/><V23/><F34/><W47/><G130/><T45/><D50/><U21/><E129/><V123/><F32/><W60/><G132/><N who="1" m="50730" /><E67/><V38/><F75/><W128/><G128/><T86/><D111/><U39/><E112/><V78/><F74/><W2/><G2/><T0/><D4/><U80/><E80/><V1/><F72/><W97/><G115/><T81/><D81/><U119/><E119/><V61/><F1/><AGARI ba="0,0" hai="0,1,5,6,9,10,43,45,49,86,90,94,100,102" machi="1" ten="30,7700,0" yaku="7,1,9,1,52,2" doraHai="96" who="0" fromWho="2" sc="403,77,97,0,163,-77,337,0" /><INIT seed="7,0,0,0,4,10" ten="480,97,86,337" oya="3" hai0="69,130,6,112,123,22,104,85,58,113,54,74,37" hai1="29,33,72,62,1,132,27,93,99,49,56,7,24" hai2="133,87,31,107,92,16,20,67,80,9,131,121,84" hai3="98,111,95,52,5,14,119,114,106,12,39,53,115"/><W44/><G106/><T91/><D85/><U47/><E72/><V61/><F107/><W23/><G119/><T83/><D22/><U100/><E132/><V17/><F133/><W43/><G111/><T77/><D54/><N who="3" m="21097" /><G23/><T105/><D91/><U48/><E47/><V18/><F131/><W66/><G5/><T96/><D69/><U120/><E120/><V82/><F121/><W109/><G109/><T57/><D37/><U55/><REACH who="1" step="1"/><E27/><REACH who="1" ten="480,87,86,337" step="2"/><N who="2" m="16871" /><F9/><AGARI ba="0,1" hai="1,7,9,24,29,33,48,49,55,56,62,93,99,100" machi="9" ten="40,1300,0" yaku="1,1,53,0" doraHai="10" doraHaiUra="110" who="1" fromWho="2" sc="480,0,87,23,86,-13,337,0" owari="480,58.0,110,-29.0,73,-43.0,337,14.0" /></mjloggm>