<mjloggm ver="2.3"><GO type="97" lobby="0"/><UN n0="%22%76%6F%64%6B%61%22" n1="%E5%B0%B1%E6%B4%BB%E7%94%9F%40%E5%B7%9D%E6%9D%91%E8%BB%8D%E5%9B%A3" n2="%E6%9C%9D%E9%A3%9F%E3%82%B7%E3%83%9E%E3%82%A6%E3%83%9E" n3="%52%2E%4E%2E%E3%81%9B%E3%82%93%E3%81%9A%E3%82%8A" dan="13,14,14,15" rate="1876.96,1953.08,1992.12,2001.54" sx="F,M,F,M"/><TAIKYOKU oya="0"/><INIT seed="0,0,0,5,5,128" ten="250,250,250,250" oya="0" hai0="119,122,127,85,26,70,19,45,96,23,51,97,9" hai1="84,21,67,86,17,13,42,99,15,113,98,104,107" hai2="63,37,130,4,38,106,2,55,11,116,126,89,62" hai3="50,27,36,120,43,60,109,133,80,79,58,33,77"/><T32/><D119/><U123/><E123/><V65/><F106/><W93/><G120/><T8/><D122/><U76/><E113/><V92/><F130/><W57/><G109/><T121/><D121/><U47/><E67/><V59/><F116/><W132/><G36/><T48/><D70/><U34/><E34/><V103/><F103/><W40/><G93/><T69/><D69/><U108/><E108/><V90/><F126/><W64/><G57/><T91/><D127/><U44/><E76/><N who="3" m="29258" /><G80/><N who="0" m="49575" /><D32/><U22/><REACH who="1" step="1"/><E17/><REACH who="1" ten="250,240,250,250" step="2"/><V112/><F112/><W7/><G7/><T82/><D9/><U10/><E10/><V5/><F4/><W20/><G33/><T61/><D8/><U35/><E35/><V72/><F11/><W56/><G132/><T118/><D118/><U52/><E52/><V53/><F55/><N who="3" m="31863" /><G133/><T81/><D19/><AGARI ba="0,1" hai="19,20,27,40,43,58,60,64" m="31863,29258" machi="19" ten="30,1000,0" yaku="8,1" doraHai="128" who="3" fromWho="0" sc="250,-10,240,0,250,0,250,20" /><INIT seed="1,0,0,2,3,98" ten="240,240,250,270" oya="1" hai0="13,60,86,71,126,122,34,119,66,55,63,26,1" hai1="103,92,43,107,61,99,123,36,69,48,12,72,102" hai2="124,35,2,25,0,84,47,7,94,52,133,111,88" hai3="53,105,104,109,113,110,5,24,29,81,56,37,16"/><U57/><E72/><V39/><F111/><N who="3" m="42507" /><G113/><T49/><D119/><U19/><E123/><V11/><F133/><W91/><G37/><T74/><D74/><U76/><E69/><V89/><F124/><W27/><G5/><T45/><D1/><U59/><E36/><V9/><F9/><W135/><G135/><T82/><D126/><U14/><E107/><N who="3" m="41034" /><G29/><T112/><D112/><U118/><E118/><V4/><F4/><W21/><G81/><T132/><D132/><U70/><E70/><V128/><F128/><W129/><G91/><T106/><D106/><U33/><E33/><V65/><F0/><W18/><G129/><T62/><D122/><U108/><E108/><V22/><F35/><W79/><G79/><T114/><D114/><U32/><E76/><V23/><F65/><W131/><G131/><T83/><D13/><N who="1" m="5227" /><E19/><N who="3" m="7210" /><G21/><T44/><D83/><U6/><E6/><V87/><F25/><W125/><G125/><T127/><D127/><U10/><E32/><V41/><REACH who="2" step="1"/><F52/><REACH who="2" ten="240,240,240,270" step="2"/><W78/><G27/><T15/><D26/><U85/><E10/><V96/><F96/><W101/><G24/><T130/><D34/><U117/><E117/><V17/><F17/><W46/><G46/><T75/><D44/><N who="1" m="25631" /><E99/><V121/><F121/><W77/><G53/><T134/><D134/><U58/><E61/><V40/><F40/><W31/><G31/><T93/><D62/><U80/><E92/><AGARI ba="0,1" hai="2,7,11,22,23,39,41,47,84,87,88,89,92,94" machi="92" ten="30,7700,0" yaku="1,1,7,1,9,1,54,1,53,0" doraHai="98" doraHaiUra="73" who="2" fromWho="1" sc="240,0,240,-77,240,87,270,0" /><INIT seed="2,0,0,3,5,33" ten="240,163,327,270" oya="2" hai0="20,125,35,44,18,115,45,108,126,51,92,41,62" hai1="36,98,47,22,17,30,15,26,119,50,90,54,110" hai2="113,4,102,34,74,75,21,123,39,103,109,71,10" hai3="61,2,105,72,114,135,60,3,6,79,65,124,112"/><V85/><F21/><W25/><G105/><T53/><D108/><U118/><E36/><V27/><F85/><W37/><G37/><T78/><D35/><U28/><E110/><V46/><F103/><W95/><G135/><T43/><D115/><N who="3" m="44073" /><G124/><N who="0" m="47723" /><D78/><U100/><E90/><V70/><F113/><W101/><G25/><N who="0" m="14487" /><D62/><N who="3" m="24169" /><G65/><T12/><D12/><U91/><E91/><V38/><F109/><W130/><G130/><T111/><D111/><U5/><E5/><V83/><F102/><W132/><G132/><T116/><D116/><U80/><E80/><V23/><F83/><N who="3" m="45543" /><G6/><T14/><D14/><U76/><E76/><V97/><F4/><W133/><G133/><T58/><D92/><U88/><E30/><V104/><F27/><W73/><G73/><T106/><D106/><U131/><E131/><V84/><F104/><W121/><G121/><T59/><D44/><U93/><REACH who="1" step="1"/><E100/><REACH who="1" ten="240,153,327,270" step="2"/><V55/><F123/><W24/><G101/><T11/><D41/><U29/><E29/><V120/><F120/><W89/><G24/><T68/><D43/><U69/><E69/><V82/><F71/><W1/><G89/><T42/><D68/><U32/><AGARI ba="0,1" hai="15,17,22,26,28,32,47,50,54,88,93,98,118,119" machi="32" ten="20,5200,0" yaku="1,1,0,1,7,1,54,1,53,0" doraHai="33" doraHaiUra="81" who="1" fromWho="1" sc="240,-13,153,62,327,-26,270,-13" /><INIT seed="3,0,0,2,4,44" ten="227,215,301,257" oya="3" hai0="121,107,43,9,118,130,16,25,105,22,134,128,58" hai1="72,98,70,55,57,12,120,83,4,61,65,132,27" hai2="95,0,77,75,99,76,23,85,47,127,60,32,126" hai3="133,7,125,63,84,13,100,30,33,116,62,8,31"/><W26/><G116/><T41/><D121/><U97/><E120/><V110/><F32/><W51/><G133/><T21/><D118/><U39/><E39/><V45/><F75/><W64/><G125/><N who="2" m="47625" /><F0/><W79/><G30/><T6/><D134/><U81/><E132/><V86/><F110/><W109/><G109/><T114/><D114/><U53/><E72/><V96/><F23/><W17/><G100/><T28/><D58/><U101/><E70/><V135/><F135/><W20/><G64/><T14/><D107/><U80/><E27/><V67/><F85/><W68/><G68/><T34/><D105/><U91/><E91/><N who="2" m="55423" /><F99/><N who="1" m="37897" /><E101/><V123/><F123/><W88/><G79/><N who="2" m="30281" /><F86/><W106/><G106/><T2/><D2/><U90/><E90/><V102/><F102/><W82/><G51/><T66/><D66/><U50/><E50/><V93/><F93/><W131/><G131/><N who="0" m="50219" /><D34/><U108/><E108/><V18/><F18/><W104/><G104/><T3/><AGARI ba="0,0" hai="3,6,9,14,16,21,22,25,28,41,43" m="50219" machi="3" ten="30,2000,0" yaku="19,1,54,1" doraHai="44" who="0" fromWho="0" sc="227,20,215,-5,301,-5,257,-10" /><INIT seed="4,0,0,1,3,101" ten="247,210,296,247" oya="0" hai0="38,29,90,17,35,77,84,32,122,69,2,125,15" hai1="48,3,33,117,16,22,68,0,95,53,55,45,134" hai2="65,70,96,104,73,130,135,27,98,79,81,47,114" hai3="63,76,44,57,13,88,25,121,62,92,116,31,19"/><T49/><D122/><U119/><E33/><V71/><F98/><W74/><G116/><T40/><D2/><U9/><E134/><V126/><F135/><W43/><G121/><T102/><D38/><U111/><E68/><V59/><F59/><W128/><G128/><T80/><D69/><U24/><E111/><V97/><F97/><W82/><G57/><T132/><D132/><U78/><E78/><V34/><F130/><W5/><G5/><T21/><D102/><U123/><E123/><V58/><F58/><W113/><G113/><T46/><D125/><U91/><E53/><V42/><F114/><W37/><G13/><T107/><D107/><U89/><E89/><V6/><F6/><W56/><G19/><T26/><REACH who="0" step="1"/><D77/><REACH who="0" ten="237,210,296,247" step="2"/><U64/><E64/><V115/><F126/><W67/><G62/><T20/><AGARI ba="0,1" hai="15,17,20,21,26,29,32,35,40,46,49,80,84,90" machi="20" ten="20,7800,0" yaku="1,1,2,1,0,1,7,1,53,0" doraHai="101" doraHaiUra="105" who="0" fromWho="0" sc="237,88,210,-26,296,-26,247,-26" owari="325,43.0,184,-32.0,270,7.0,221,-18.0" /></mjloggm>