<mjloggm ver="2.3"><GO type="169" lobby="0"/><UN n0="%E2%98%85%E9%9B%80%E9%AC%BC%E7%99%BE%E7%80%AC%E2%98%85" n1="%EF%BC%BF%E3%82%86%E3%82%86%E3%82%86" n2="%E3%82%A6%E3%83%AB%E3%83%88%E3%83%A9%E7%AB%8B%E7%9B%B4" n3="%E3%82%AF%E3%83%AD%E3%83%8E%E3%82%B9%40" dan="18,16,16,19" rate="2204.06,2019.40,2099.22,2307.90" sx="M,F,M,M"/><TAIKYOKU oya="0"/><INIT seed="0,0,0,2,5,18" ten="250,250,250,250" oya="0" hai0="57,92,35,77,129,34,115,56,88,26,135,48,61" hai1="43,0,15,93,90,85,53,82,10,74,72,100,11" hai2="89,68,111,17,16,21,3,105,95,31,19,102,2" hai3="91,41,69,24,22,127,29,5,67,54,30,104,96"/><T101/><D115/><U97/><E43/><V42/><F68/><W9/><G127/><T133/><D77/><U7/><REACH who="1" step="1"/><E53/><REACH who="1" ten="250,240,250,250" step="2"/><V12/><F42/><W106/><G41/><T59/><D133/><U40/><E40/><V55/><F55/><W122/><G54/><T117/><D135/><U75/><E75/><V116/><F116/><W23/><G122/><T76/><D117/><U80/><E80/><V20/><F111/><W51/><G67/><T126/><D126/><U13/><E13/><V112/><F112/><W65/><G65/><T27/><D27/><U4/><AGARI ba="0,1" hai="0,4,7,10,11,15,72,74,82,85,90,93,97,100" machi="4" ten="20,5200,0" yaku="1,1,0,1,7,1,53,1" doraHai="18" doraHaiUra="99" who="1" fromWho="1" sc="250,-26,240,62,250,-13,250,-13" /><INIT seed="1,0,0,5,3,13" ten="224,302,237,237" oya="1" hai0="81,70,34,103,134,110,48,40,82,56,15,115,62" hai1="44,108,67,91,9,47,95,78,84,86,38,124,116" hai2="19,99,61,101,1,26,131,128,6,132,75,23,79" hai3="109,83,77,28,88,55,41,135,118,0,126,46,12"/><U127/><E67/><V22/><F132/><W93/><G0/><T35/><D115/><U111/><E9/><V39/><F39/><W130/><G109/><N who="1" m="42058" /><E38/><V114/><F114/><W94/><G130/><N who="2" m="49705" /><F79/><W27/><G126/><N who="1" m="48170" /><E116/><V7/><F75/><W21/><G135/><T32/><D34/><U58/><E58/><V104/><F1/><W52/><G118/><T25/><D32/><U54/><E54/><N who="3" m="20522" /><G12/><T65/><D15/><U43/><E43/><V107/><F61/><W121/><G121/><T105/><D62/><U49/><E49/><V74/><F23/><W53/><G41/><T80/><D40/><U102/><E102/><V76/><F6/><W59/><G46/><N who="1" m="17450" /><E78/><V60/><F60/><N who="3" m="35951" /><G77/><T133/><D134/><U50/><E50/><V123/><F76/><W42/><G42/><T112/><D133/><U106/><E106/><V10/><F107/><W57/><G57/><T20/><D110/><U63/><E63/><V120/><F10/><W113/><G113/><T69/><D112/><U100/><E100/><V92/><F104/><W16/><G28/><T45/><D105/><U5/><E5/><V97/><F7/><W98/><G94/><T122/><D56/><U96/><AGARI ba="0,0" hai="84,86,91,95,96" m="17450,48170,42058" machi="96" ten="40,7800,0" yaku="14,1,10,1,18,1" doraHai="13" who="1" fromWho="1" sc="224,-26,302,78,237,-26,237,-26" /><INIT seed="1,1,0,2,3,8" ten="198,380,211,211" oya="1" hai0="22,36,0,87,57,51,97,4,85,127,19,102,7" hai1="89,6,94,59,54,1,62,80,53,43,78,40,82" hai2="88,12,81,47,60,108,18,116,75,9,30,31,117" hai3="50,98,93,111,48,100,10,130,124,132,72,123,16"/><U29/><E29/><V41/><F108/><W49/><G123/><T37/><D127/><U23/><E23/><V106/><F106/><W84/><G72/><T42/><D36/><U68/><E68/><V61/><F117/><W69/><G69/><T63/><D37/><U92/><E80/><V17/><F116/><W90/><G111/><T14/><D0/><U76/><E78/><V64/><F18/><W15/><G124/><T71/><D71/><U128/><E128/><V77/><F88/><W46/><G132/><T73/><D73/><U56/><E6/><V25/><F64/><W103/><G130/><T110/><D110/><U131/><E1/><V24/><F25/><W52/><REACH who="3" step="1"/><G103/><REACH who="3" ten="198,380,211,201" step="2"/><T133/><D133/><U34/><E131/><V86/><F75/><W21/><G21/><T115/><D115/><U70/><E34/><V20/><REACH who="2" step="1"/><F31/><REACH who="2" ten="198,380,201,201" step="2"/><W125/><G125/><T109/><D109/><U65/><E70/><V27/><F27/><W38/><G38/><AGARI ba="1,2" hai="9,12,17,20,24,30,38,41,47,60,61,77,81,86" machi="38" ten="30,7700,0" yaku="1,1,7,1,52,1,53,1" doraHai="8" doraHaiUra="13" who="2" fromWho="3" sc="198,0,380,0,201,100,201,-80" /><INIT seed="2,0,0,0,1,131" ten="198,380,301,121" oya="2" hai0="42,75,38,34,125,88,44,14,64,36,15,0,16" hai1="57,51,56,116,129,65,39,106,66,31,117,108,37" hai2="91,9,54,123,82,61,32,133,7,126,1,79,120" hai3="115,25,77,83,97,81,70,19,29,8,55,28,85"/><V134/><F32/><W103/><G70/><T11/><D34/><U2/><E2/><V4/><F91/><W45/><G115/><T23/><D75/><U5/><E5/><V102/><F102/><W76/><G45/><T47/><D0/><U92/><E92/><V104/><F104/><W68/><G68/><T89/><D64/><N who="1" m="24683" /><E31/><V48/><F61/><W63/><G55/><T46/><D125/><U18/><E18/><V74/><F7/><W121/><G63/><T53/><D53/><N who="1" m="31807" /><E106/><V124/><F123/><W10/><G121/><T30/><D30/><U71/><E71/><V27/><F120/><W98/><G19/><T80/><D80/><U130/><E108/><V73/><F27/><W128/><G128/><N who="1" m="49258" /><E57/><N who="2" m="32967" /><F74/><W50/><G25/><T101/><D101/><U62/><E62/><V135/><AGARI ba="0,0" hai="1,4,9,73,79,82,124,126,133,134,135" m="32967" machi="135" ten="40,12000,1" yaku="20,1,52,3" doraHai="131" who="2" fromWho="2" sc="198,-40,380,-40,301,120,121,-40" /><INIT seed="2,1,0,3,3,8" ten="158,340,421,81" oya="2" hai0="41,57,129,21,75,90,133,65,112,17,31,103,108" hai1="23,30,87,53,4,119,51,126,96,128,27,82,125" hai2="78,42,107,64,62,33,3,7,24,14,50,29,80" hai3="60,46,68,89,55,15,86,12,117,88,37,99,111"/><V36/><F107/><W77/><G117/><T118/><D75/><U124/><E119/><V94/><F94/><N who="3" m="56775" /><G37/><T92/><D118/><U102/><E128/><V73/><F50/><N who="3" m="29143" /><G68/><T58/><D41/><U40/><E4/><V26/><F26/><W61/><G77/><T114/><D129/><U110/><E110/><V104/><F104/><W45/><G45/><T97/><D57/><U59/><E40/><V79/><F79/><W52/><G111/><T132/><D108/><U95/><E87/><V16/><F42/><W54/><G60/><T47/><D47/><U56/><E82/><V135/><F36/><W67/><G67/><T71/><D71/><U43/><E43/><V32/><F32/><W66/><G66/><T74/><D74/><U20/><REACH who="1" step="1"/><E59/><REACH who="1" ten="158,330,421,81" step="2"/><V13/><F7/><W19/><G61/><T98/><D58/><U63/><E63/><V0/><F62/><W34/><G34/><AGARI ba="1,1" hai="20,23,27,30,34,51,53,56,95,96,102,124,125,126" machi="34" ten="40,2600,0" yaku="1,1,18,1,53,0" doraHai="8" doraHaiUra="106" who="1" fromWho="3" sc="158,0,330,39,421,0,81,-29" /><INIT seed="3,0,0,2,0,124" ten="158,369,421,52" oya="3" hai0="110,14,118,97,1,89,85,32,46,92,7,64,83" hai1="94,35,132,90,101,61,127,93,37,58,43,41,105" hai2="77,100,86,50,91,135,10,67,28,63,72,115,20" hai3="33,120,103,0,126,12,107,76,133,52,121,8,130"/><W24/><G0/><T80/><D118/><U23/><E35/><V66/><F115/><W111/><G126/><T87/><D32/><U114/><E114/><V74/><F135/><W128/><G133/><T19/><D110/><U18/><E127/><V39/><F39/><W81/><G111/><T36/><D64/><U88/><E105/><V134/><F134/><W31/><G103/><T30/><D30/><U116/><E116/><V131/><F66/><W75/><G107/><T6/><D1/><U119/><E119/><V38/><F38/><W112/><G112/><T102/><D46/><U84/><E37/><V21/><F10/><W53/><G53/><T4/><D36/><U104/><E101/><V48/><F20/><W99/><G99/><T2/><D2/><U79/><E79/><V129/><F21/><W69/><G69/><T82/><D102/><U117/><E104/><V71/><F28/><W56/><G121/><T13/><REACH who="0" step="1"/><D19/><REACH who="0" ten="148,369,421,52" step="2"/><U122/><E117/><V73/><F100/><W34/><G34/><T45/><D45/><U106/><E132/><V70/><F70/><W78/><G120/><T3/><D3/><U29/><E29/><V95/><F77/><W51/><REACH who="3" step="1"/><G78/><REACH who="3" ten="148,369,421,42" step="2"/><T54/><D54/><N who="1" m="34007" /><E122/><V98/><F98/><W16/><AGARI ba="0,2" hai="8,12,16,24,31,33,51,52,56,75,76,81,128,130" machi="16" ten="30,18000,2" yaku="1,1,0,1,52,2,54,2,53,1" doraHai="124" doraHaiUra="15" who="3" fromWho="3" sc="148,-60,369,-60,421,-60,42,200" /><INIT seed="3,1,0,4,4,127" ten="88,309,361,242" oya="3" hai0="80,58,72,86,23,110,55,89,63,13,26,9,112" hai1="15,108,98,50,64,12,42,94,91,97,20,28,135" hai2="38,106,25,115,90,92,47,73,117,34,93,100,116" hai3="29,6,68,46,35,71,45,0,95,77,5,11,30"/><W39/><G6/><T105/><D105/><U74/><E74/><V88/><F73/><W132/><G132/><T83/><D110/><U36/><E108/><V99/><F115/><W118/><G118/><T57/><D112/><U31/><E36/><V49/><F38/><W125/><G125/><T43/><D43/><U124/><E64/><V76/><F76/><W70/><G77/><T128/><D72/><U27/><E135/><V60/><F60/><W101/><G35/><T133/><D133/><U24/><E124/><V103/><F103/><W48/><G39/><T102/><D102/><U59/><E97/><V82/><F82/><W4/><G4/><T134/><D134/><U122/><E122/><V19/><F106/><W32/><G46/><T129/><D58/><U81/><E81/><V56/><F56/><W120/><G120/><T78/><D83/><U21/><E59/><V2/><F100/><W51/><G51/><T7/><REACH who="0" step="1"/><D78/><REACH who="0" ten="78,309,361,242" step="2"/><U113/><E113/><V33/><F116/><W111/><G111/><T3/><D3/><U52/><E42/><V67/><F2/><N who="3" m="439" /><G70/><T131/><D131/><U53/><E53/><V114/><F117/><W37/><G71/><T61/><D61/><U54/><E54/><V69/><F69/><W14/><G68/><T123/><D123/><U66/><E66/><V121/><F67/><W1/><G1/><T18/><AGARI ba="1,1" hai="7,9,13,18,23,26,55,57,63,80,86,89,128,129" machi="18" ten="30,7900,0" yaku="1,1,0,1,52,2,53,0" doraHai="127" doraHaiUra="40" who="0" fromWho="0" sc="78,92,309,-21,361,-21,242,-40" /><INIT seed="4,0,0,3,3,28" ten="170,288,340,202" oya="0" hai0="99,85,71,2,128,10,68,40,91,62,1,79,48" hai1="94,135,42,124,110,20,33,9,72,54,86,31,104" hai2="5,112,126,93,66,77,118,37,65,108,64,95,13" hai3="6,15,67,34,47,70,88,96,80,90,36,26,109"/><T45/><D128/><U130/><E110/><V17/><F108/><W14/><G109/><T74/><D74/><U30/><E104/><V11/><F37/><W103/><G36/><T39/><D79/><U101/><E72/><V114/><F126/><W4/><G47/><T16/><D99/><U125/><E135/><V7/><F77/><W100/><G80/><T58/><D39/><U117/><E117/><V87/><F118/><W89/><G15/><T59/><D59/><U82/><E42/><V18/><F87/><W129/><G129/><T43/><D43/><U76/><E33/><V24/><F24/><W134/><G134/><T19/><D68/><U27/><E31/><V97/><F5/><W12/><G12/><T98/><D98/><U41/><E41/><V111/><F111/><W63/><G14/><T121/><D71/><U25/><E9/><V38/><F38/><W69/><G69/><T132/><D121/><U56/><E130/><V120/><F120/><W131/><G131/><T0/><D10/><U61/><E27/><V53/><F53/><W83/><G83/><T22/><D22/><U75/><E101/><N who="2" m="60591" /><F95/><W35/><G103/><T106/><D106/><U133/><E133/><V46/><F46/><W3/><G3/><T8/><D8/><U102/><E102/><V78/><F78/><W49/><G35/><T92/><REACH who="0" step="1"/><D132/><REACH who="0" ten="160,288,340,202" step="2"/><U122/><E122/><V116/><F116/><W55/><G96/><T44/><D44/><U81/><E75/><V105/><F105/><W32/><G100/><T57/><D57/><U73/><E73/><V60/><F11/><RYUUKYOKU ba="0,1" sc="160,30,288,-10,340,-10,202,-10" hai0="0,1,2,16,19,40,45,48,58,62,85,91,92" /><INIT seed="4,1,1,3,0,46" ten="190,278,330,192" oya="0" hai0="127,31,84,132,54,109,89,94,12,26,93,0,58" hai1="3,129,59,111,106,25,96,78,28,72,115,9,110" hai2="124,33,49,15,6,8,103,80,105,74,5,101,121" hai3="88,50,47,75,65,126,87,114,27,120,2,43,45"/><T44/><D0/><U70/><E59/><V112/><F33/><W71/><G2/><T108/><D127/><U67/><E129/><V123/><F124/><W83/><G126/><T56/><D132/><U113/><E78/><V16/><F112/><N who="1" m="43081" /><E72/><V57/><F105/><W119/><G119/><T130/><D130/><U14/><E3/><V92/><F74/><W68/><G114/><T64/><D12/><U66/><E96/><V125/><F125/><W40/><G75/><T85/><D64/><N who="1" m="24619" /><E106/><V39/><F57/><W36/><G120/><T37/><D58/><U100/><E100/><V131/><F103/><W41/><G65/><T13/><D13/><U77/><E77/><V91/><F101/><W107/><G107/><T7/><D7/><N who="1" m="3391" /><E70/><V29/><F15/><W90/><G40/><N who="0" m="22543" /><D85/><U122/><E122/><V104/><F123/><W95/><REACH who="3" step="1"/><G27/><REACH who="3" ten="190,278,330,182" step="2"/><T61/><D26/><U38/><E25/><V42/><F121/><W18/><G18/><T116/><D116/><U62/><E110/><N who="0" m="42601" /><D31/><U73/><E28/><V69/><F29/><W35/><G35/><T1/><D1/><U55/><E111/><V48/><F131/><W30/><G30/><T63/><D63/><U76/><E73/><V118/><F118/><W4/><G4/><T19/><D19/><U81/><E62/><V24/><F16/><W53/><G53/><T134/><D134/><U128/><E128/><V11/><F5/><W99/><AGARI ba="1,2" hai="36,41,43,45,47,50,68,71,83,87,88,90,95,99" machi="99" ten="20,8000,1" yaku="1,1,0,1,7,1,52,1,54,1,53,0" doraHai="46" doraHaiUra="135" who="3" fromWho="3" sc="190,-41,278,-21,330,-21,182,103" /><INIT seed="5,0,0,5,3,24" ten="149,257,309,285" oya="1" hai0="3,21,121,97,54,102,40,59,116,7,118,34,88" hai1="35,45,39,77,98,101,111,117,126,27,69,50,52" hai2="56,103,2,122,133,135,42,90,58,127,46,62,17" hai3="115,87,32,48,76,75,66,132,37,6,25,104,134"/><U5/><E117/><V112/><F122/><W129/><G37/><T4/><D121/><U29/><E126/><V12/><F2/><W1/><G104/><T47/><D34/><U70/><E111/><V100/><F127/><W20/><G32/><T82/><D3/><U105/><E5/><V19/><F90/><W31/><G75/><T14/><D116/><U26/><E77/><V55/><F58/><W41/><G66/><T131/><D118/><U80/><E80/><V44/><F112/><W79/><G129/><T93/><D131/><U96/><E27/><V61/><F62/><W72/><G72/><T130/><D130/><U119/><E119/><V53/><F53/><W85/><G115/><T110/><D110/><U91/><REACH who="1" step="1"/><E39/><REACH who="1" ten="149,247,309,285" step="2"/><V63/><F133/><W9/><G79/><T38/><D82/><U114/><E114/><V18/><F135/><N who="3" m="51755" /><G76/><T11/><D4/><U60/><E60/><V99/><F63/><W8/><G6/><T49/><REACH who="0" step="1"/><D21/><REACH who="0" ten="139,247,309,285" step="2"/><U28/><E28/><V64/><F18/><W123/><G123/><T15/><D15/><U78/><E78/><V125/><F17/><W65/><G1/><T0/><D0/><U33/><E33/><V106/><F19/><W71/><G8/><T86/><D86/><U92/><AGARI ba="0,2" hai="26,29,35,45,50,52,69,70,91,92,96,98,101,105" machi="92" ten="30,11700,0" yaku="1,1,0,1,52,1,54,1,53,0" doraHai="24" doraHaiUra="36" who="1" fromWho="1" sc="139,-39,247,137,309,-39,285,-39" /><INIT seed="5,1,0,2,2,51" ten="100,384,270,246" oya="1" hai0="86,112,113,111,106,114,37,4,47,133,0,78,131" hai1="58,24,16,84,95,64,93,104,117,91,49,65,53" hai2="125,71,33,82,99,52,83,107,116,123,134,109,17" hai3="98,127,11,75,94,44,19,66,3,67,9,59,77"/><U54/><E104/><V30/><F109/><W43/><G127/><T100/><D0/><U18/><E117/><V29/><F123/><W36/><G11/><T15/><D4/><U90/><E53/><V27/><F116/><W70/><G70/><T23/><D15/><U69/><E69/><V128/><F30/><W40/><G40/><T55/><D37/><U42/><E42/><V6/><F6/><N who="3" m="1247" /><G19/><N who="1" m="7210" /><E24/><V35/><F27/><W63/><G94/><T39/><D39/><U72/><E72/><V8/><F107/><W31/><G98/><AGARI ba="1,0" hai="49,54,58,64,65,84,90,91,93,95,98" m="7210" machi="98" ten="30,5800,0" yaku="8,1,52,1,54,1" doraHai="51" who="1" fromWho="3" sc="100,0,384,61,270,0,246,-61" /><INIT seed="5,2,0,2,0,102" ten="100,445,270,185" oya="1" hai0="71,126,110,92,30,3,60,106,116,95,90,79,99" hai1="55,41,16,131,1,36,8,111,123,101,25,114,74" hai2="127,68,6,2,39,20,118,10,117,15,42,113,35" hai3="0,89,73,78,122,109,12,70,112,33,107,28,22"/><U119/><E101/><V61/><F127/><W19/><G109/><T9/><D110/><U7/><E55/><V108/><F108/><W76/><G122/><T47/><D116/><U18/><E114/><V124/><F124/><W13/><G70/><T48/><D126/><U97/><E97/><V134/><F113/><W72/><G0/><T5/><D79/><U85/><E85/><V132/><F35/><W93/><G107/><T121/><D121/><U51/><E51/><V65/><F20/><W58/><G112/><T53/><D30/><U86/><E86/><V129/><F15/><N who="3" m="9599" /><G28/><T98/><D71/><U32/><E131/><V104/><F129/><W62/><G33/><T45/><D60/><U63/><E41/><V77/><F77/><N who="3" m="29803" /><G73/><T130/><D130/><U83/><E36/><V128/><F104/><W84/><G72/><T38/><D38/><U120/><E63/><V82/><F82/><W57/><G57/><T91/><REACH who="0" step="1"/><D106/><REACH who="0" ten="90,445,270,185" step="2"/><U17/><E119/><N who="2" m="45579" /><F128/><W125/><G125/><T103/><D103/><U29/><E111/><V31/><F31/><W50/><G50/><T66/><D66/><AGARI ba="2,1" hai="12,13,58,62,66,84,89,93" m="29803,9599" machi="66" ten="30,1000,0" yaku="8,1" doraHai="102" who="3" fromWho="0" sc="90,-16,445,0,270,0,185,26" /><INIT seed="6,0,0,5,0,110" ten="74,445,270,211" oya="2" hai0="16,74,126,122,118,112,41,35,77,75,65,56,8" hai1="131,67,46,40,124,70,4,99,135,30,21,63,103" hai2="11,2,117,102,87,134,28,123,85,47,62,125,130" hai3="128,60,105,88,90,25,7,64,91,119,120,73,50"/><V29/><F123/><W38/><G38/><T45/><D122/><U20/><E4/><V43/><F117/><W66/><G119/><T5/><D118/><U10/><E10/><V18/><F125/><W84/><G73/><T23/><D35/><U51/><E131/><V92/><F130/><W104/><G120/><T33/><D33/><U0/><E0/><V79/><F134/><W101/><G7/><T34/><D34/><U114/><E30/><V61/><F2/><W72/><G72/><T129/><D129/><U24/><E24/><V26/><F61/><W42/><G104/><T19/><D126/><U71/><E63/><V132/><F62/><W68/><G66/><T96/><D96/><U82/><E67/><V13/><F132/><W100/><G128/><T115/><D56/><U81/><E70/><V93/><F26/><W37/><G37/><N who="0" m="21679" /><D65/><U49/><E71/><V59/><F59/><W86/><G105/><T98/><D98/><U133/><E124/><V52/><F43/><W48/><G25/><N who="0" m="14567" /><D19/><U39/><E40/><V109/><F29/><W108/><G42/><T27/><D27/><U44/><E133/><V78/><F28/><W76/><G68/><T54/><D54/><U80/><E39/><V113/><F52/><W94/><G64/><T14/><D77/><U106/><E99/><V1/><F79/><W127/><G76/><T53/><D53/><U6/><E135/><V107/><F78/><W111/><G127/><T55/><D55/><U12/><E46/><V89/><F47/><W97/><G97/><T58/><D58/><U32/><E44/><RYUUKYOKU ba="0,0" sc="74,30,445,-10,270,-10,211,-10" hai0="5,8,14,74,75,112,115" /><INIT seed="7,1,0,3,3,0" ten="104,435,260,201" oya="3" hai0="119,102,128,91,58,33,14,51,27,37,41,90,20" hai1="24,55,88,65,43,87,134,34,4,109,7,114,94" hai2="131,35,68,8,77,97,44,69,73,78,98,26,46" hai3="132,1,86,118,71,70,49,12,93,16,72,52,28"/><W79/><G118/><T6/><D128/><U63/><E109/><V40/><F26/><W96/><G72/><T11/><D119/><U85/><E43/><V22/><F22/><N who="3" m="11527" /><G1/><T64/><D37/><U110/><E110/><V130/><F35/><W120/><G120/><T76/><D76/><U82/><E134/><V48/><F73/><W10/><G28/><T126/><D126/><U29/><E55/><V121/><F121/><W30/><G30/><T95/><D33/><U42/><E42/><V38/><F38/><W50/><G132/><T129/><D129/><U3/><E114/><V124/><F124/><W89/><G70/><T66/><D102/><U59/><E3/><V81/><F68/><W32/><G71/><T74/><D74/><U122/><E122/><V100/><F69/><W2/><G2/><T54/><D41/><U60/><E60/><V112/><F112/><W135/><G10/><T47/><D47/><U83/><E83/><V56/><F8/><W108/><G135/><T111/><D111/><U117/><E117/><V15/><F130/><W104/><G32/><T17/><REACH who="0" step="1"/><D91/><AGARI ba="1,0" hai="4,7,24,29,34,59,63,65,82,85,87,88,91,94" machi="91" ten="30,7700,0" yaku="7,1,52,2,54,1" doraHai="0" who="1" fromWho="0" sc="104,-80,435,80,260,0,201,0" owari="24,-48.0,515,62.0,260,6.0,201,-20.0" /></mjloggm>