<mjloggm ver="2.3"><GO type="97" lobby="0"/><UN n0="%E3%81%AC%E3%82%8B%E3%82%8A%E3%82%93%E3%81%93" n1="%57%65%64%67%65" n2="%E7%B4%94%EF%BC%93%E9%BE%8D%E9%96%80" n3="%E5%B0%B1%E6%B4%BB%E7%94%9F%40%E5%B7%9D%E6%9D%91%E8%BB%8D%E5%9B%A3" dan="16,15,13,15" rate="2112.16,1997.53,1889.52,2056.60" sx="F,M,F,M"/><TAIKYOKU oya="0"/><INIT seed="0,0,0,2,5,2" ten="250,250,250,250" oya="0" hai0="122,90,42,70,55,76,123,27,41,87,79,33,134" hai1="24,30,112,121,45,115,6,97,4,85,71,44,46" hai2="10,91,52,88,20,105,74,0,93,100,81,78,31" hai3="29,56,35,7,51,86,113,64,62,49,47,99,34"/><T16/><D70/><U89/><E71/><V130/><F130/><W127/><G113/><N who="1" m="43594" /><E97/><V104/><F100/><W3/><G127/><T25/><D134/><U38/><E38/><V22/><F52/><W54/><G29/><T13/><D33/><N who="1" m="20679" /><E121/><V107/><F31/><W119/><G119/><T60/><D122/><U114/><N who="1" m="43602" /><U125/><DORA hai="57" /><E125/><V19/><F91/><W37/><G37/><T36/><D123/><U118/><E118/><V116/><F116/><W40/><G99/><T103/><D36/><U28/><E28/><V126/><F126/><W8/><REACH who="3" step="1"/><G86/><REACH who="3" ten="250,250,250,240" step="2"/><T83/><D87/><U14/><E14/><V92/><F0/><W109/><G109/><T94/><D13/><U5/><E46/><AGARI ba="0,1" hai="3,7,8,34,35,40,46,47,49,51,54,56,62,64" machi="46" ten="30,7700,0" yaku="1,1,7,1,52,2,53,0" doraHai="2,57" doraHaiUra="84,77" who="3" fromWho="1" sc="250,0,250,-77,250,0,240,87" /><INIT seed="1,0,0,4,0,29" ten="250,173,250,327" oya="1" hai0="115,132,23,42,121,11,13,70,18,85,48,55,45" hai1="7,125,84,28,112,34,96,135,50,12,24,62,91" hai2="108,133,114,127,47,63,106,134,116,31,22,109,8" hai3="117,0,44,99,32,5,67,14,19,77,36,87,51"/><U10/><E135/><N who="2" m="51723" /><F106/><W4/><G36/><T83/><D132/><U49/><E125/><V59/><F127/><W68/><G32/><T123/><D115/><U21/><E112/><V15/><F114/><W119/><G0/><T71/><D42/><U97/><E62/><V110/><F47/><W3/><G3/><T72/><D72/><U43/><E43/><V101/><F101/><W16/><G99/><T66/><D23/><U75/><E75/><V40/><F40/><W93/><G67/><T118/><D118/><N who="3" m="45065" /><G68/><T76/><REACH who="0" step="1"/><D66/><REACH who="0" ten="240,173,250,327" step="2"/><U128/><E128/><V60/><F116/><W104/><G104/><T33/><D33/><U57/><E34/><V52/><F22/><W81/><G93/><T39/><D39/><U27/><E27/><V79/><F109/><W9/><G4/><T82/><D82/><N who="1" m="49559" /><E50/><V64/><F110/><W69/><G69/><AGARI ba="0,1" hai="11,13,18,45,48,55,69,70,71,76,83,85,121,123" machi="69" ten="40,1300,0" yaku="1,1,53,0" doraHai="29" doraHaiUra="126" who="0" fromWho="3" sc="240,23,173,0,250,0,327,-13" /><INIT seed="2,0,0,1,0,20" ten="263,173,250,314" oya="2" hai0="55,63,94,76,49,128,11,62,112,130,4,33,9" hai1="83,125,117,119,38,56,86,36,105,52,115,122,95" hai2="104,97,96,85,34,90,65,7,24,116,124,98,114" hai3="58,29,69,47,6,39,66,42,134,102,10,133,61"/><V100/><F114/><W103/><G29/><T35/><D112/><U123/><E95/><V2/><F116/><N who="1" m="44617" /><E86/><V25/><F124/><W72/><G72/><T64/><D76/><U16/><E83/><V26/><F34/><N who="0" m="12810" /><D94/><U129/><E105/><V19/><F19/><W15/><REACH who="3" step="1"/><G69/><REACH who="3" ten="263,173,250,304" step="2"/><T44/><D128/><U22/><E115/><V23/><F23/><W50/><G50/><T51/><D49/><N who="1" m="30735" /><E129/><V110/><F110/><W87/><G87/><T48/><D51/><U60/><E125/><V77/><F85/><W13/><G13/><T74/><D48/><U99/><E99/><V8/><F97/><W45/><G45/><T57/><D44/><U59/><E22/><V88/><F96/><W93/><G93/><T46/><D74/><U43/><E16/><V78/><REACH who="2" step="1"/><F65/><REACH who="2" ten="263,173,240,304" step="2"/><W84/><G84/><T135/><D64/><N who="1" m="38943" /><E43/><V92/><F92/><W131/><G131/><T68/><D130/><U41/><E41/><V54/><F54/><W0/><G0/><T121/><D55/><U120/><AGARI ba="0,2" hai="36,38,120,122,123" m="38943,30735,44617" machi="120" ten="40,8000,1" yaku="13,1,34,2,54,1" doraHai="20" who="1" fromWho="1" sc="263,-20,173,100,240,-40,304,-20" /><INIT seed="3,0,0,5,0,13" ten="243,273,200,284" oya="3" hai0="14,37,98,111,25,101,35,123,46,8,121,74,54" hai1="39,29,96,32,58,47,124,122,125,128,63,4,73" hai2="135,117,132,109,108,7,30,133,83,10,87,103,131" hai3="41,129,107,92,91,68,62,40,67,60,51,75,52"/><W57/><G75/><T55/><D111/><N who="2" m="42570" /><F117/><W76/><G107/><T104/><D74/><U22/><E73/><V61/><F131/><W16/><G129/><T2/><D2/><U19/><E128/><V86/><F30/><W113/><G76/><T65/><D65/><U69/><E69/><V120/><F120/><W80/><G113/><T70/><D70/><U56/><E4/><V38/><F38/><W84/><G80/><T100/><D100/><U95/><E29/><V78/><F103/><W36/><G36/><T93/><D104/><U77/><E77/><V6/><F61/><W88/><G91/><T116/><D116/><U3/><E3/><N who="2" m="383" /><F6/><W114/><G114/><T99/><D101/><U81/><E32/><V102/><F102/><W18/><G62/><T115/><D35/><U34/><E34/><V119/><F119/><W23/><G18/><T11/><D37/><U127/><E63/><V82/><F82/><W48/><G48/><T126/><D115/><U50/><E39/><V79/><F87/><W31/><G31/><T97/><D121/><U94/><E81/><V105/><F105/><W106/><G106/><T53/><D99/><U44/><E50/><V12/><F12/><AGARI ba="0,0" hai="12,16,23,40,41,51,52,57,60,67,68,84,88,92" machi="12" ten="30,18000,2" yaku="7,1,25,2,52,1,54,3" doraHai="13" who="3" fromWho="2" sc="243,0,273,0,200,-180,284,180" owari="243,-16.0,273,7.0,20,-48.0,464,57.0" /></mjloggm>