<mjloggm ver="2.3"><GO type="169" lobby="0"/><UN n0="%E5%8D%9A%E9%BA%97%E3%82%86%E3%81%8B%E3%82%8A" n1="%E5%B0%B1%E6%B4%BB%E7%94%9F%40%E5%B7%9D%E6%9D%91%E8%BB%8D%E5%9B%A3" n2="%E9%87%8C%E4%B8%AD%E4%BA%9C%E7%9F%A2%E5%AD%90" n3="%41%79%6F%75%46" dan="17,17,16,18" rate="2184.26,2090.05,2062.81,2202.95" sx="M,M,F,M"/><TAIKYOKU oya="0"/><INIT seed="0,0,0,3,0,32" ten="250,250,250,250" oya="0" hai0="84,31,20,53,77,100,90,105,13,101,120,68,35" hai1="55,58,129,133,81,125,50,132,16,122,124,11,36" hai2="107,104,40,113,79,97,135,117,95,67,73,15,94" hai3="19,86,96,85,48,119,134,65,69,10,83,8,126"/><T23/><D120/><U78/><E36/><V123/><F67/><W116/><G134/><N who="1" m="51818" /><E122/><V66/><F66/><W51/><G65/><T47/><D68/><U102/><E102/><N who="0" m="39529" /><D105/><N who="2" m="40522" /><F15/><W82/><G19/><N who="0" m="10351" /><D35/><U108/><E108/><V18/><F40/><W41/><G41/><T3/><D3/><U88/><E129/><V22/><F123/><W80/><G96/><T72/><D72/><U1/><E78/><V52/><F135/><W61/><G61/><T44/><D77/><U114/><E114/><V93/><F79/><W24/><G24/><N who="0" m="16799" /><D53/><U56/><E1/><V57/><F113/><W45/><G69/><T91/><D91/><U33/><E33/><V26/><F73/><W130/><G130/><T106/><D106/><U64/><E11/><N who="3" m="4138" /><G126/><N who="1" m="48746" /><E16/><N who="2" m="12615" /><F117/><W118/><G45/><T87/><D87/><AGARI ba="0,0" hai="48,51,80,82,83,85,86,87,116,118,119" m="4138" machi="87" ten="40,2600,0" yaku="28,2" doraHai="32" who="3" fromWho="0" sc="250,-26,250,0,250,0,250,26" /><INIT seed="1,0,0,4,1,14" ten="224,250,250,276" oya="1" hai0="8,30,98,73,135,10,91,85,13,33,9,90,101" hai1="52,86,44,96,88,109,116,132,42,24,20,27,12" hai2="87,53,124,89,36,80,120,31,134,15,22,29,58" hai3="108,122,103,115,59,46,7,100,119,104,62,97,113"/><U6/><E116/><V0/><F0/><W65/><G122/><T40/><D73/><U47/><E132/><V117/><F120/><W81/><G119/><T76/><D135/><U50/><E109/><V83/><F36/><W1/><G108/><T133/><D133/><U41/><E96/><V105/><F134/><W63/><G103/><T54/><D40/><N who="1" m="15467" /><E44/><V77/><F105/><W39/><G39/><T49/><D30/><U21/><E6/><V72/><F124/><W34/><G46/><T64/><D64/><U92/><E21/><V128/><F128/><W129/><G34/><T94/><D33/><U106/><E106/><V57/><F57/><W37/><G37/><T5/><D76/><U26/><E12/><V121/><F121/><W19/><G129/><T3/><D3/><U25/><E25/><V35/><F35/><W78/><G7/><T51/><D51/><U56/><E47/><V61/><REACH who="2" step="1"/><F117/><REACH who="2" ten="224,250,240,276" step="2"/><W107/><G1/><T93/><REACH who="0" step="1"/><D101/><REACH who="0" ten="214,250,240,276" step="2"/><U28/><AGARI ba="0,2" hai="20,24,26,27,28,50,52,56,86,88,92" m="15467" machi="28" ten="30,6000,0" yaku="8,1,54,2" doraHai="14" who="1" fromWho="1" sc="214,-20,250,80,240,-20,276,-20" /><INIT seed="1,1,0,5,4,53" ten="194,330,220,256" oya="1" hai0="54,90,60,134,62,109,2,14,126,20,45,57,32" hai1="63,94,102,70,19,93,83,67,66,51,76,110,114" hai2="77,38,122,78,107,56,113,123,33,131,132,41,25" hai3="64,47,89,5,86,116,129,72,103,133,43,36,101"/><U13/><E114/><V16/><F107/><W23/><G72/><T21/><D32/><U121/><E121/><V4/><F4/><W55/><G64/><T112/><D112/><U28/><E28/><V26/><F113/><W58/><G133/><T92/><D134/><U44/><E67/><V100/><F132/><W35/><G35/><T29/><D2/><U50/><E110/><V75/><F100/><W59/><G129/><T10/><D126/><U1/><E1/><V30/><F131/><W48/><G116/><T98/><D109/><U85/><E102/><N who="3" m="38922" /><G36/><T52/><D29/><U24/><E51/><V104/><F104/><W65/><G5/><T88/><D90/><U8/><REACH who="1" step="1"/><E24/><REACH who="1" ten="194,320,220,256" step="2"/><V84/><F123/><W117/><G117/><T120/><D120/><U61/><E61/><V39/><F122/><W99/><G65/><T96/><D62/><U74/><E74/><V0/><F75/><W108/><G108/><T124/><D124/><U11/><E11/><V7/><F38/><W31/><G43/><AGARI ba="1,1" hai="8,13,19,43,44,50,63,66,70,76,83,85,93,94" machi="43" ten="30,2900,0" yaku="1,1,7,1,53,0" doraHai="53" doraHaiUra="127" who="1" fromWho="3" sc="194,0,320,42,220,0,256,-32" /><INIT seed="1,2,0,4,5,29" ten="194,362,220,224" oya="1" hai0="61,26,125,36,124,107,22,100,71,94,72,119,57" hai1="105,15,108,40,30,117,74,88,37,82,46,4,31" hai2="20,113,19,13,52,80,134,50,87,53,62,33,44" hai3="38,9,68,90,12,28,131,1,67,83,103,11,14"/><U85/><E117/><V65/><F134/><W111/><G38/><T70/><D119/><U32/><E105/><V126/><F126/><N who="0" m="48746" /><D36/><U101/><E101/><V41/><F33/><W123/><G123/><T81/><D107/><U6/><E74/><V127/><F113/><W47/><G103/><T34/><D34/><U45/><E108/><V25/><F25/><W76/><G111/><T0/><D0/><U51/><E15/><V69/><REACH who="2" step="1"/><F127/><REACH who="2" ten="194,362,210,224" step="2"/><W2/><G2/><T95/><D26/><U23/><E32/><V49/><F49/><W59/><G1/><T66/><D22/><U112/><E112/><V3/><F3/><W130/><G9/><T16/><D61/><U120/><E120/><V118/><F118/><W86/><G11/><T63/><D63/><U84/><E23/><V35/><F35/><W99/><G14/><T104/><D66/><U129/><E31/><V135/><F135/><W91/><G12/><T89/><D71/><U56/><E30/><V79/><AGARI ba="2,1" hai="13,19,20,41,44,50,52,53,62,65,69,79,80,87" machi="79" ten="20,8000,1" yaku="1,1,0,1,7,1,54,1,53,1" doraHai="29" doraHaiUra="73" who="2" fromWho="2" sc="194,-22,362,-42,210,96,224,-22" /><INIT seed="2,0,0,4,5,92" ten="172,320,306,202" oya="2" hai0="103,96,83,14,77,112,129,135,43,56,88,86,31" hai1="97,105,122,72,26,76,39,116,85,75,49,40,100" hai2="2,82,78,104,37,65,45,134,4,93,6,113,95" hai3="53,30,11,16,25,94,107,20,17,98,133,73,120"/><V89/><F104/><W50/><G73/><T118/><D112/><U126/><E39/><V22/><F113/><W67/><G120/><T80/><D135/><U1/><E1/><V114/><F114/><W110/><G133/><T117/><D43/><U32/><E32/><V46/><F65/><W71/><G107/><N who="0" m="63975" /><D56/><U111/><E26/><V54/><F134/><W101/><G110/><T62/><D62/><U34/><E34/><V61/><F22/><W66/><G71/><T48/><D48/><U3/><E3/><V63/><F2/><W19/><G11/><T130/><D14/><U21/><E21/><V36/><F78/><W0/><G0/><T28/><D28/><U109/><E49/><V24/><F82/><W69/><G69/><T44/><D44/><AGARI ba="0,0" hai="16,17,19,20,25,30,44,50,53,66,67,94,98,101" machi="44" ten="40,5200,0" yaku="8,1,52,1,54,1" doraHai="92" who="3" fromWho="0" sc="172,-52,320,0,306,0,202,52" /><INIT seed="3,0,0,4,0,78" ten="120,320,306,254" oya="3" hai0="87,31,39,9,119,64,2,93,99,115,38,86,103" hai1="33,42,79,107,118,43,48,130,131,98,17,15,116" hai2="94,97,60,77,22,74,80,6,134,132,20,44,57" hai3="111,124,56,92,123,75,133,105,83,81,91,13,37"/><W95/><G37/><T50/><D119/><N who="1" m="45611" /><E33/><V106/><F106/><W58/><G105/><T12/><D2/><U3/><E3/><V52/><F44/><W73/><G13/><T70/><D115/><U101/><E79/><V90/><REACH who="2" step="1"/><F6/><REACH who="2" ten="120,320,296,254" step="2"/><W112/><G112/><T121/><D121/><U61/><E131/><V127/><F127/><W96/><G123/><T108/><D108/><U110/><E130/><V25/><F25/><W109/><G124/><T71/><D39/><U67/><E110/><N who="3" m="41994" /><G133/><AGARI ba="0,1" hai="20,22,52,57,60,74,77,80,90,94,97,132,133,134" machi="133" ten="40,8000,1" yaku="1,1,20,1,52,1,54,1,53,1" doraHai="78" doraHaiUra="84" who="2" fromWho="3" sc="120,0,320,0,296,90,254,-80" /><INIT seed="4,0,0,5,1,134" ten="120,320,386,174" oya="0" hai0="10,33,133,4,1,6,64,111,2,80,21,122,54" hai1="132,87,50,37,35,92,25,72,48,12,34,57,45" hai2="56,31,55,23,75,115,47,121,93,52,94,91,8" hai3="0,123,74,130,103,58,95,85,88,120,131,81,18"/><T86/><D122/><N who="3" m="46633" /><G0/><T27/><D64/><U71/><E72/><V7/><F75/><W79/><G18/><T96/><D133/><U90/><E71/><V61/><F115/><W39/><G39/><T68/><D68/><U109/><E132/><V119/><F119/><W117/><G58/><T67/><D96/><U77/><E37/><V46/><F94/><W15/><G15/><T41/><D111/><U51/><E109/><V83/><F83/><N who="3" m="45559" /><G117/><T14/><D67/><U110/><E110/><V60/><F121/><W44/><G44/><T29/><D54/><U97/><E57/><N who="2" m="34855" /><F8/><W36/><G36/><T105/><D41/><U69/><E25/><N who="2" m="16831" /><F7/><W62/><G62/><T30/><D105/><U38/><E69/><V13/><F13/><W11/><G11/><T76/><D30/><U104/><E12/><V20/><F20/><W66/><G66/><T28/><REACH who="0" step="1"/><D6/><REACH who="0" ten="110,320,386,174" step="2"/><U101/><E38/><V116/><F116/><W99/><AGARI ba="0,1" hai="81,85,88,95,99,103,130,131" m="45559,46633" machi="99" ten="30,7900,0" yaku="13,1,34,2,54,1" doraHai="134" who="3" fromWho="3" sc="110,-39,320,-20,386,-20,174,89" /><INIT seed="5,0,0,0,1,55" ten="71,300,366,263" oya="1" hai0="15,81,119,48,19,75,14,84,101,110,121,95,128" hai1="99,0,35,56,123,30,118,31,4,6,27,112,38" hai2="135,12,116,41,13,104,103,54,39,72,114,98,1" hai3="94,107,97,21,76,65,108,105,93,124,125,80,86"/><U90/><E38/><V53/><F116/><W52/><G65/><T91/><D119/><U70/><E70/><V16/><F1/><W61/><G21/><T26/><D110/><U87/><E118/><V122/><F122/><W85/><G108/><T29/><D121/><U22/><E123/><V5/><F72/><W64/><G64/><T69/><D69/><U33/><E99/><V79/><F79/><W23/><G23/><T63/><D128/><U96/><E96/><V46/><F135/><W82/><G61/><T58/><D48/><U45/><E45/><V11/><F114/><W17/><G17/><T57/><D63/><U120/><E120/><V50/><F50/><W71/><G71/><T62/><D62/><U66/><E0/><V74/><F74/><W102/><G52/><T113/><D113/><U59/><E112/><V109/><F109/><W37/><G37/><T9/><D15/><U77/><E77/><V34/><F34/><W67/><G67/><T47/><D47/><U111/><E66/><V18/><F5/><N who="1" m="2153" /><E33/><V126/><F126/><N who="3" m="48747" /><G107/><T36/><D36/><U32/><E111/><V3/><F3/><W49/><G49/><T73/><D73/><U25/><E35/><V133/><F133/><W127/><G127/><T134/><D134/><U20/><E32/><V100/><F100/><W44/><G44/><T78/><REACH who="0" step="1"/><D101/><REACH who="0" ten="61,300,366,263" step="2"/><U89/><E89/><AGARI ba="0,1" hai="76,80,82,85,86,89,93,94,97,102,105" m="48747" machi="89" ten="30,3900,0" yaku="18,1,34,2" doraHai="55" who="3" fromWho="1" sc="61,0,300,-39,366,0,263,49" /><INIT seed="6,0,0,1,1,23" ten="61,261,366,312" oya="2" hai0="45,78,128,6,35,104,109,98,120,48,115,19,94" hai1="52,32,39,70,64,30,93,102,36,61,44,34,69" hai2="105,7,101,22,132,20,124,68,117,134,9,122,26" hai3="47,135,75,24,113,31,95,53,86,106,74,21,119"/><V67/><F122/><W10/><G106/><T73/><D120/><U38/><E32/><V100/><F117/><W87/><G119/><T0/><D109/><U111/><E111/><V65/><F124/><W17/><G135/><N who="2" m="51753" /><F20/><W51/><G75/><T29/><D128/><U3/><E3/><N who="2" m="255" /><F68/><N who="1" m="26217" /><E93/><V58/><F58/><W82/><G113/><T129/><D94/><U123/><E102/><N who="2" m="39531" /><F105/><W5/><G95/><T16/><D104/><U18/><E30/><AGARI ba="0,0" hai="22,26,30,65,67" m="39531,255,51753" machi="30" ten="30,2900,0" yaku="20,1,52,1" doraHai="23" who="2" fromWho="1" sc="61,0,261,-29,366,29,312,0" /><INIT seed="6,1,0,2,3,82" ten="61,232,395,312" oya="2" hai0="57,111,81,50,71,85,53,102,96,121,119,115,39" hai1="32,12,42,25,122,31,41,52,92,106,33,43,29" hai2="60,112,129,84,108,93,100,124,11,68,45,40,66" hai3="94,62,10,97,76,38,73,61,19,104,78,64,98"/><V24/><F112/><W36/><G104/><T51/><D121/><U87/><E106/><V59/><F129/><W125/><G125/><T101/><D115/><U128/><E128/><V113/><F113/><W109/><G109/><T69/><D111/><U8/><E122/><V13/><F108/><W77/><G73/><T86/><D39/><U133/><E133/><V17/><F124/><W14/><G98/><T5/><D5/><U3/><E3/><V37/><F24/><W131/><G131/><T26/><D26/><U107/><E107/><V20/><F11/><W7/><G61/><T70/><D119/><U4/><E31/><V105/><F105/><W6/><G38/><T44/><D81/><U22/><REACH who="1" step="1"/><E52/><REACH who="1" ten="61,222,395,312" step="2"/><V114/><F114/><W123/><G123/><T130/><D130/><U135/><E135/><V48/><F66/><W120/><G120/><T132/><D132/><U117/><E117/><V9/><F60/><W2/><G2/><T118/><D118/><U116/><E116/><V30/><F30/><W63/><G63/><T103/><REACH who="0" step="1"/><D96/><REACH who="0" ten="51,222,395,312" step="2"/><U54/><E54/><AGARI ba="1,2" hai="44,50,51,53,54,57,69,70,71,85,86,101,102,103" machi="54" ten="50,8000,1" yaku="1,1,2,1,52,2,53,0" doraHai="82" doraHaiUra="35" who="0" fromWho="1" sc="51,103,222,-83,395,0,312,0" /><INIT seed="7,0,0,4,3,56" ten="154,139,395,312" oya="3" hai0="133,125,40,108,24,132,54,46,19,94,76,29,22" hai1="58,0,114,71,101,92,129,85,72,111,45,91,110" hai2="37,120,10,96,28,41,3,116,130,113,74,21,99" hai3="9,87,27,5,126,88,14,75,118,84,17,115,82"/><W7/><G75/><T30/><D108/><U65/><E0/><V93/><F116/><W4/><G118/><T18/><D125/><U81/><E71/><V43/><F120/><W59/><G126/><T127/><D127/><U117/><E45/><V107/><F107/><W12/><G115/><T80/><D94/><U69/><E69/><V11/><F130/><W73/><G73/><N who="0" m="43023" /><D54/><U53/><E65/><V2/><F113/><W51/><G27/><T98/><D98/><N who="1" m="59591" /><E58/><V23/><F93/><W36/><G36/><N who="0" m="21767" /><D30/><U103/><E53/><V134/><F134/><AGARI ba="0,0" hai="18,19,22,24,29,132,133,134" m="21767,43023" machi="134" ten="30,1000,0" yaku="20,1" doraHai="56" who="0" fromWho="2" sc="154,10,139,0,395,-10,312,0" owari="164,-24.0,139,-36.0,385,49.0,312,11.0" /></mjloggm>