<mjloggm ver="2.3"><GO type="169" lobby="0"/><UN n0="%52%69%2D%4D%6F%2D" n1="%E3%82%89%E3%81%84%E3%81%A1%E3%82%87%E3%81%86" n2="%E3%82%A6%E3%83%AB%E3%83%88%E3%83%A9%E7%AB%8B%E7%9B%B4" n3="%6D%6F%6E%65%79%2E%2E%2E" dan="17,17,17,17" rate="2145.49,2180.35,2207.04,2203.52" sx="M,M,M,M"/><TAIKYOKU oya="0"/><INIT seed="0,0,0,1,1,19" ten="250,250,250,250" oya="0" hai0="21,111,35,63,114,1,124,8,3,105,128,106,86" hai1="77,37,133,95,45,112,40,69,79,32,107,102,2" hai2="115,66,11,30,51,76,14,108,46,12,129,74,100" hai3="17,65,71,85,87,15,16,119,23,89,117,67,31"/><T70/><D35/><U80/><E32/><V54/><F115/><W20/><G31/><T50/><D114/><U132/><E69/><V90/><F108/><W72/><G72/><T73/><D73/><N who="1" m="43055" /><E79/><V36/><F129/><W5/><G5/><T44/><D128/><U121/><E95/><V49/><F100/><W118/><G71/><T55/><D124/><U96/><E112/><V123/><F66/><W88/><G117/><T33/><D33/><U64/><E64/><V97/><F36/><W7/><G7/><T126/><D126/><U24/><E24/><V43/><F76/><W13/><AGARI ba="0,0" hai="13,15,16,17,20,23,65,67,85,87,88,89,118,119" machi="13" ten="25,12000,2" yaku="0,1,22,2,52,2,54,2" doraHai="19" who="3" fromWho="3" sc="250,-60,250,-30,250,-30,250,120" /><INIT seed="1,0,0,4,1,97" ten="190,220,220,370" oya="1" hai0="119,38,62,6,105,31,37,18,13,78,46,63,113" hai1="57,114,124,88,135,16,73,79,104,19,83,45,129" hai2="106,132,70,101,108,55,39,115,25,126,40,12,14" hai3="121,30,35,29,26,123,84,96,0,93,23,122,109"/><U5/><E114/><V1/><F55/><W87/><G0/><T107/><D113/><U94/><E104/><V134/><F25/><W52/><G109/><T131/><D119/><U100/><E129/><V17/><F70/><W110/><G110/><T118/><D118/><U103/><E135/><V81/><F1/><W125/><G125/><T4/><D31/><U11/><E124/><V76/><F126/><W48/><G30/><T64/><D78/><U69/><E69/><V8/><F108/><W133/><G133/><N who="2" m="51305" /><F115/><W3/><G3/><T89/><D89/><U42/><E57/><V95/><F106/><W72/><G35/><T28/><D28/><U47/><E5/><V54/><F54/><W41/><G41/><T67/><D46/><U99/><E47/><V56/><F14/><W36/><G36/><T51/><D13/><U75/><E75/><V59/><F40/><W112/><G72/><T44/><D44/><U7/><E19/><V53/><F53/><W21/><G112/><T74/><D74/><U68/><E16/><V58/><F39/><W32/><G32/><T80/><D18/><U27/><E27/><V61/><F61/><W50/><G23/><T85/><D51/><N who="3" m="19497" /><G52/><T2/><D2/><N who="1" m="503" /><E68/><V98/><F59/><W90/><G121/><T24/><D24/><U82/><E82/><V116/><F116/><W49/><G49/><T22/><D80/><U43/><E43/><V86/><AGARI ba="0,0" hai="8,12,17,56,58,76,81,86,95,98,101" m="51305" machi="86" ten="30,2000,0" yaku="20,1,52,1" doraHai="97" who="2" fromWho="2" sc="190,-5,220,-10,220,20,370,-5" /><INIT seed="2,0,0,5,4,17" ten="185,210,240,365" oya="2" hai0="35,71,89,5,107,50,27,59,78,6,15,58,30" hai1="135,38,108,69,52,55,124,125,91,3,79,31,116" hai2="14,1,102,23,12,77,127,101,9,84,57,129,110" hai3="88,96,21,80,105,51,48,72,49,24,33,11,131"/><V73/><F73/><W115/><G131/><T100/><D71/><U36/><E3/><V28/><F1/><W86/><G33/><T126/><D126/><N who="1" m="48747" /><E79/><V128/><F127/><W32/><G32/><T4/><D78/><U18/><E31/><V29/><F57/><W43/><G115/><T70/><D70/><U103/><E103/><V118/><F118/><W134/><G134/><T61/><D50/><U76/><E76/><V98/><F110/><W45/><G11/><T120/><D120/><U133/><E116/><V132/><F132/><N who="1" m="50761" /><E108/><V0/><F0/><W63/><G72/><T19/><D89/><U26/><E91/><V53/><F29/><W109/><G109/><T83/><D83/><U66/><E18/><N who="2" m="10711" /><F28/><W67/><G105/><T7/><N who="0" m="1024" /><DORA hai="82" /><T41/><D100/><U65/><E26/><V93/><F102/><W81/><G24/><T46/><D61/><N who="1" m="40111" /><E66/><V90/><F77/><W113/><G67/><T13/><D107/><U44/><E44/><V64/><F64/><W8/><G45/><T74/><D74/><U10/><E10/><V47/><F9/><W54/><G8/><T130/><D13/><U62/><E62/><V122/><F12/><W104/><G63/><T92/><D15/><U112/><E112/><V99/><F101/><W25/><G113/><T87/><D30/><U94/><E94/><V60/><F122/><W75/><G104/><T123/><D123/><U106/><E106/><V114/><F114/><W20/><G75/><T121/><D121/><U56/><E56/><N who="2" m="34831" /><F47/><W42/><G25/><T34/><D27/><U111/><E111/><RYUUKYOKU ba="0,0" sc="185,-15,210,15,240,15,365,-15" hai1="36,38,52,55" hai2="84,90,93,98,99,128,129" /><INIT seed="2,1,0,0,4,80" ten="170,225,255,350" oya="2" hai0="135,30,46,15,31,64,120,84,58,116,74,61,105" hai1="117,54,53,14,91,72,79,16,13,41,9,89,43" hai2="37,4,28,87,60,71,99,32,26,121,49,48,6" hai3="131,94,112,82,67,133,107,78,38,66,12,86,70"/><V76/><F37/><W124/><G107/><T27/><D74/><U24/><E117/><V85/><F121/><W95/><G38/><T5/><D120/><U77/><E72/><V75/><F75/><W45/><G45/><T0/><D0/><U115/><E24/><V83/><F99/><W7/><G124/><T132/><D116/><U129/><E129/><V18/><F18/><W98/><G131/><T88/><D105/><U39/><E115/><V52/><F49/><W10/><G133/><N who="0" m="51275" /><D46/><U36/><REACH who="1" step="1"/><E16/><REACH who="1" ten="170,215,255,350" step="2"/><V108/><F108/><W25/><G25/><T93/><D27/><U111/><E111/><V127/><F127/><W3/><G112/><T110/><D110/><U35/><E35/><V65/><REACH who="2" step="1"/><F87/><REACH who="2" ten="170,215,245,350" step="2"/><W128/><G86/><T73/><D73/><U11/><AGARI ba="1,2" hai="9,11,13,14,36,39,41,43,53,54,77,79,89,91" machi="11" ten="25,6400,0" yaku="1,1,0,1,22,2,53,0" doraHai="80" doraHaiUra="114" who="1" fromWho="1" sc="170,-17,215,87,245,-33,350,-17" /><INIT seed="3,0,0,2,5,70" ten="153,302,212,333" oya="3" hai0="99,79,115,107,52,13,68,15,48,97,3,42,29" hai1="18,117,135,4,134,81,112,128,6,76,39,58,84" hai2="73,102,1,100,114,95,78,75,55,131,133,2,45" hai3="57,32,21,56,36,47,20,125,59,104,93,16,35"/><W24/><G104/><T53/><D3/><U113/><E128/><V72/><F78/><W28/><G125/><T105/><D68/><U89/><E117/><V12/><F114/><W88/><G47/><T80/><D115/><N who="1" m="44107" /><E39/><V110/><F131/><W8/><G8/><T98/><D42/><U23/><E58/><V119/><F119/><W101/><G101/><T43/><D43/><U38/><E38/><V122/><F122/><W34/><G36/><T62/><D29/><U65/><E65/><V129/><F129/><W126/><G126/><T83/><D62/><U63/><E63/><V108/><F12/><N who="0" m="4682" /><D48/><U82/><E18/><V132/><F95/><W85/><REACH who="3" step="1"/><G21/><REACH who="3" ten="153,302,212,323" step="2"/><T106/><D79/><U124/><E23/><V22/><F22/><W92/><G92/><T5/><D5/><U51/><E124/><V64/><F45/><W74/><G74/><T9/><D9/><U50/><E4/><V25/><F73/><W31/><AGARI ba="0,1" hai="16,20,24,28,31,32,34,35,56,57,59,85,88,93" machi="31" ten="40,12000,1" yaku="1,1,0,1,54,2,53,1" doraHai="70" doraHaiUra="87" who="3" fromWho="3" sc="153,-40,302,-40,212,-40,323,130" /><INIT seed="3,1,0,2,5,127" ten="113,262,172,453" oya="3" hai0="113,99,61,95,48,114,21,135,17,1,69,133,9" hai1="112,84,67,116,73,31,89,111,100,91,47,19,85" hai2="108,122,104,103,20,39,43,65,16,105,42,68,75" hai3="51,101,7,14,52,86,6,82,4,66,106,60,78"/><W40/><G40/><T28/><D48/><U5/><E112/><N who="0" m="43113" /><D61/><U62/><E73/><V130/><F75/><W36/><G36/><T131/><D69/><U83/><E111/><V79/><F108/><W57/><G106/><T24/><D99/><U13/><E100/><V45/><F79/><W18/><G101/><T115/><N who="0" m="43121" /><T98/><DORA hai="53" /><D98/><U120/><E120/><V88/><F122/><W27/><G27/><N who="0" m="14767" /><D95/><U71/><E31/><V11/><F43/><W92/><G92/><T87/><D87/><U63/><E5/><V3/><F65/><W129/><G129/><T72/><D72/><U12/><E116/><V102/><F68/><W54/><G51/><T0/><D131/><U37/><E63/><V35/><F130/><W8/><AGARI ba="1,0" hai="4,6,7,8,14,18,52,54,57,60,66,78,82,86" machi="8" ten="30,11700,0" yaku="0,1,8,1,52,1,54,1" doraHai="127,53" who="3" fromWho="3" sc="113,-40,262,-40,172,-40,453,120" /><INIT seed="3,2,0,3,5,85" ten="73,222,132,573" oya="3" hai0="77,65,101,9,72,64,91,27,61,119,79,13,126" hai1="106,102,26,12,54,127,68,76,99,52,24,60,98" hai2="11,39,89,132,84,121,100,6,71,108,86,32,114" hai3="118,19,22,134,41,56,35,42,0,62,122,16,25"/><W53/><G118/><T4/><D119/><U116/><E127/><V135/><F71/><W74/><G122/><T44/><D126/><U93/><E116/><V73/><F73/><W104/><G74/><T45/><D101/><U97/><E76/><V23/><F32/><W28/><G104/><T110/><D110/><U130/><E130/><V128/><F39/><W95/><G134/><T1/><D1/><U50/><E98/><V46/><F100/><W105/><G105/><T124/><D124/><U49/><E12/><V78/><F46/><W109/><G109/><T43/><D72/><U21/><E68/><V112/><F23/><W8/><G95/><T123/><D123/><U20/><E60/><V67/><F67/><N who="0" m="25674" /><D61/><U15/><E15/><V10/><F108/><W31/><G19/><T47/><D43/><U48/><E99/><V40/><F40/><W131/><G31/><T57/><D57/><U38/><E38/><V111/><F111/><W117/><G131/><T103/><D103/><U30/><E106/><V94/><F128/><W87/><G117/><T113/><D113/><U90/><E102/><V107/><F107/><W7/><REACH who="3" step="1"/><G87/><REACH who="3" ten="73,222,132,563" step="2"/><T29/><D29/><AGARI ba="2,1" hai="20,21,24,26,29,30,48,49,50,52,54,90,93,97" machi="29" ten="40,8000,1" yaku="9,1,8,1,52,1,54,1" doraHai="85" who="1" fromWho="0" sc="73,-86,222,96,132,0,563,0" owari="-13,-51.0,318,12.0,132,-27.0,563,66.0" /></mjloggm>