<mjloggm ver="2.3"><GO type="169" lobby="0"/><UN n0="%E3%82%89%E3%81%84%E3%81%A1%E3%82%87%E3%81%86" n1="%E3%82%A2%E3%83%83%E3%83%97%E3%83%AB%E3%82%B0%E3%83%9F" n2="%6E%65%6F%40%75%6E%69" n3="%E5%B0%B1%E6%B4%BB%E7%94%9F%40%E5%B7%9D%E6%9D%91%E8%BB%8D%E5%9B%A3" dan="17,17,18,17" rate="2147.27,2111.70,2260.12,2114.18" sx="M,M,M,M"/><TAIKYOKU oya="0"/><INIT seed="0,0,0,3,0,93" ten="250,250,250,250" oya="0" hai0="64,112,41,116,51,125,109,122,82,73,52,85,31" hai1="118,78,114,111,48,36,69,127,20,124,105,9,103" hai2="42,128,0,2,6,53,58,108,10,63,34,126,16" hai3="56,99,92,28,94,65,135,27,57,90,115,12,40"/><T38/><D112/><U120/><E78/><V101/><F34/><W18/><G135/><T15/><D116/><U55/><E103/><V119/><F108/><W17/><G40/><T22/><D122/><U43/><E9/><V107/><F126/><W45/><G45/><T87/><D125/><N who="1" m="48203" /><E20/><V71/><F128/><W49/><G115/><T44/><D109/><U134/><E105/><V4/><F42/><W61/><G12/><T100/><D64/><U66/><E111/><V37/><F37/><W59/><G94/><T72/><D100/><U14/><E14/><V98/><F71/><W30/><G30/><T121/><D121/><U7/><E7/><V13/><REACH who="2" step="1"/><F119/><REACH who="2" ten="250,250,240,250" step="2"/><W81/><G81/><T19/><D31/><U5/><E118/><V86/><F86/><W23/><REACH who="3" step="1"/><G49/><REACH who="3" ten="250,250,240,240" step="2"/><T11/><D82/><U123/><E114/><V39/><F39/><W8/><G8/><T60/><D11/><U102/><E120/><V70/><F70/><AGARI ba="0,2" hai="17,18,23,27,28,56,57,59,61,65,70,90,92,99" machi="70" ten="40,2600,0" yaku="1,1,52,1,53,0" doraHai="93" doraHaiUra="104" who="3" fromWho="2" sc="250,0,250,0,240,-26,240,46" /><INIT seed="1,0,0,3,3,2" ten="250,250,214,286" oya="1" hai0="24,65,9,50,3,64,127,121,13,0,115,88,33" hai1="123,66,59,49,102,8,107,116,86,76,21,95,93" hai2="111,62,78,98,27,48,43,56,38,108,101,110,19" hai3="119,133,132,25,40,58,7,75,129,4,120,22,15"/><U52/><E116/><V91/><F78/><W57/><G120/><T82/><D115/><U14/><E123/><V61/><F38/><W118/><G75/><T100/><D121/><U32/><E32/><V87/><F19/><N who="3" m="12511" /><G40/><T77/><D127/><U60/><E107/><N who="2" m="63927" /><F27/><W112/><G129/><T26/><D100/><U71/><E102/><V84/><F84/><W83/><G83/><T104/><D104/><U72/><E72/><V81/><F43/><W113/><G57/><T37/><D37/><U105/><E105/><V106/><F106/><W18/><G58/><T34/><D34/><U68/><E68/><V53/><AGARI ba="0,0" hai="48,53,56,61,62,81,87,91,108,110,111" m="63927" machi="53" ten="40,1500,0" yaku="14,1" doraHai="2" who="2" fromWho="2" sc="250,-4,250,-7,214,15,286,-4" /><INIT seed="2,0,0,5,3,121" ten="246,243,229,282" oya="2" hai0="29,83,51,21,27,40,60,79,47,92,64,102,108" hai1="69,101,90,25,55,97,125,107,77,123,104,127,66" hai2="58,124,41,82,122,130,59,3,13,86,20,103,28" hai3="7,78,38,100,93,81,112,61,2,87,46,70,75"/><V26/><F122/><W120/><G120/><T34/><D34/><U45/><E123/><V9/><F3/><W129/><G129/><T118/><D118/><U57/><E77/><V117/><F117/><W10/><G112/><T131/><D131/><U53/><E104/><V91/><F130/><W5/><G5/><T99/><D108/><U89/><E25/><V8/><F8/><W32/><G32/><T109/><D109/><U63/><E45/><V72/><F124/><N who="1" m="47689" /><E55/><V56/><F72/><W65/><G100/><T110/><D110/><U39/><E39/><V85/><F103/><W17/><G17/><T114/><D114/><U62/><AGARI ba="0,0" hai="53,57,62,63,66,69,89,90,97,101,107" m="47689" machi="62" ten="30,1100,0" yaku="18,1" doraHai="121" who="1" fromWho="1" sc="246,-3,243,11,229,-5,282,-3" /><INIT seed="3,0,0,4,5,109" ten="243,254,224,279" oya="3" hai0="37,46,11,131,66,16,72,119,26,121,112,87,22" hai1="64,63,128,54,77,118,58,104,20,24,124,62,76" hai2="39,45,89,99,100,43,123,28,132,126,17,133,95" hai3="8,74,53,92,61,96,47,111,55,108,90,5,1"/><W57/><REACH who="3" step="1"/><G74/><REACH who="3" ten="243,254,224,269" step="2"/><T7/><D72/><U12/><E118/><V107/><F133/><W15/><G15/><T9/><D119/><U38/><E12/><V35/><F132/><W101/><G101/><T98/><D121/><U56/><E124/><V110/><F126/><W114/><G114/><T70/><D112/><U21/><E128/><V30/><F123/><W14/><G14/><T134/><D131/><U60/><E104/><V75/><F75/><W85/><G85/><T25/><D134/><U2/><E2/><V50/><F110/><W59/><G59/><T48/><D87/><U105/><E105/><V115/><F115/><W94/><G94/><T84/><D84/><U86/><E86/><V33/><F107/><W68/><G68/><T80/><D70/><U120/><E120/><V117/><F100/><W93/><G93/><T81/><D80/><U31/><E76/><V69/><F69/><W10/><G10/><T135/><D81/><U82/><E82/><V79/><F79/><W29/><G29/><T18/><D135/><U0/><E77/><V102/><F102/><W44/><G44/><T23/><D11/><U3/><E3/><V13/><F117/><W71/><G71/><T73/><D73/><U52/><E0/><V113/><F113/><W36/><G36/><T83/><D37/><U32/><E38/><V91/><F91/><W78/><G78/><T103/><D83/><U67/><E67/><V49/><F30/><W130/><G130/><T106/><D66/><U127/><E127/><V65/><F65/><W34/><G34/><N who="2" m="12809" /><F28/><W51/><AGARI ba="0,1" hai="1,5,8,47,51,53,55,57,61,90,92,96,108,111" machi="51" ten="30,12000,1" yaku="21,2,5,1,0,1,53,1" doraHai="109" doraHaiUra="88" who="3" fromWho="3" sc="243,-40,254,-40,224,-40,269,130" /><INIT seed="3,1,0,5,5,64" ten="203,214,184,399" oya="3" hai0="96,91,88,15,124,32,127,18,20,11,86,134,117" hai1="1,105,104,8,45,77,72,102,65,40,59,39,57" hai2="21,116,98,24,2,52,87,74,54,4,79,30,93" hai3="33,101,46,29,53,48,108,31,9,76,103,50,97"/><W80/><G33/><T68/><D117/><U28/><E28/><V121/><F74/><W60/><G108/><T63/><D32/><U85/><E85/><V44/><F121/><W7/><G60/><T6/><D134/><U122/><E122/><V114/><F114/><W25/><G50/><T26/><D96/><U23/><E23/><V132/><F132/><W58/><G58/><T66/><REACH who="0" step="1"/><D91/><REACH who="0" ten="193,214,184,399" step="2"/><U95/><E102/><V67/><F116/><W112/><G97/><T56/><D56/><U47/><E59/><V106/><F106/><W99/><G99/><T14/><D14/><U38/><E104/><V22/><F98/><W130/><G103/><T0/><D0/><U49/><E105/><V115/><F2/><W73/><G101/><T62/><D62/><U35/><E35/><V133/><F133/><W16/><G112/><T107/><D107/><U113/><E113/><V126/><F115/><W119/><G119/><T83/><AGARI ba="1,1" hai="6,11,15,18,20,26,63,66,68,83,86,88,124,127" machi="83" ten="30,8000,1" yaku="1,1,0,1,52,1,54,1,53,1" doraHai="64" doraHaiUra="3" who="0" fromWho="0" sc="193,93,214,-21,184,-21,399,-41" /><INIT seed="4,0,0,2,2,5" ten="286,193,163,358" oya="0" hai0="130,117,30,33,82,99,38,55,134,104,101,77,97" hai1="11,94,133,63,49,16,4,116,70,72,59,115,61" hai2="125,57,37,121,22,24,41,50,31,92,23,9,128" hai3="65,6,129,126,110,42,75,26,66,106,84,3,8"/><T1/><D117/><U56/><E116/><V45/><F121/><W34/><G75/><T13/><D1/><U107/><E107/><V119/><F119/><W96/><G110/><T15/><D130/><U51/><E72/><V109/><F109/><W32/><G42/><T40/><D134/><U123/><E70/><V67/><F128/><W64/><G126/><T74/><D55/><N who="1" m="34047" /><E123/><V60/><F125/><W25/><G129/><T18/><D99/><U43/><E43/><V78/><F78/><W102/><REACH who="3" step="1"/><G84/><REACH who="3" ten="286,193,163,348" step="2"/><T113/><D40/><U62/><E133/><V86/><F37/><W105/><G105/><T90/><D38/><U81/><E115/><V2/><F86/><W93/><G93/><T36/><D36/><U47/><E94/><V98/><F92/><W89/><G89/><T52/><D90/><U71/><E81/><V19/><F98/><W120/><G120/><T122/><D122/><U29/><E71/><V20/><F2/><W132/><G132/><T12/><D113/><U46/><E46/><V88/><F88/><W85/><G85/><T95/><D104/><U44/><E44/><V48/><F48/><W114/><G114/><T28/><D74/><U58/><E49/><V76/><F76/><W103/><G103/><T87/><D77/><U135/><E135/><V69/><F69/><W7/><G7/><T17/><D82/><U112/><E4/><V39/><F39/><W0/><G0/><T79/><D79/><U124/><E124/><V131/><F131/><W21/><G21/><T91/><D95/><U68/><E112/><V73/><F73/><RYUUKYOKU ba="0,1" sc="286,-15,193,-15,163,15,348,15" hai2="9,19,20,22,23,24,31,41,45,50,57,60,67" hai3="3,6,8,25,26,32,34,64,65,66,96,102,106" /><INIT seed="5,1,1,3,0,5" ten="271,178,178,363" oya="1" hai0="16,25,116,28,113,6,20,76,1,4,84,57,99" hai1="94,135,98,117,7,63,17,0,93,80,114,41,68" hai2="130,56,26,54,107,75,66,78,90,70,22,49,64" hai3="115,129,119,134,42,39,111,58,12,132,45,10,122"/><U120/><E117/><V73/><F107/><W110/><G115/><T124/><D116/><U101/><E120/><V72/><F78/><W77/><G129/><T103/><D113/><U2/><E114/><V74/><N who="2" m="18432" /><DORA hai="43" /><V55/><F70/><W83/><G122/><T85/><D124/><U109/><E80/><V106/><F106/><W29/><G29/><T128/><D128/><U71/><E135/><N who="3" m="51754" /><G119/><T87/><D76/><U40/><E17/><V59/><F90/><W31/><G31/><T131/><D131/><U9/><E2/><V32/><F32/><W95/><G95/><N who="0" m="58879" /><D1/><U89/><E109/><V15/><F15/><W8/><G58/><T91/><D91/><U104/><E104/><V97/><F97/><W11/><G12/><N who="0" m="9223" /><D57/><U79/><E79/><V14/><F14/><W123/><G123/><T62/><D62/><U125/><E125/><V23/><F130/><W86/><AGARI ba="1,1" hai="8,10,11,39,42,45,77,83,86,110,111" m="51754" machi="86" ten="30,8000,1" yaku="20,1,52,4" doraHai="5,43" who="3" fromWho="3" sc="271,-21,178,-41,178,-21,363,93" /><INIT seed="6,0,0,5,5,42" ten="250,137,157,456" oya="2" hai0="56,50,5,37,85,40,51,107,12,68,48,81,129" hai1="128,86,67,22,123,73,132,71,115,24,108,130,131" hai2="88,30,43,112,19,44,29,36,64,28,3,20,54" hai3="26,8,66,114,55,94,14,98,13,47,96,27,78"/><V4/><F112/><W46/><G114/><T15/><D107/><U99/><E115/><V84/><F64/><W90/><G78/><T125/><D68/><U63/><E73/><V18/><F54/><W0/><G0/><T97/><D129/><U87/><E108/><V60/><F60/><W80/><G80/><T70/><D70/><U49/><E132/><V102/><F102/><W122/><G66/><T72/><D72/><U58/><E123/><V57/><F57/><W126/><G126/><T121/><D97/><U110/><E110/><V21/><F21/><W39/><G14/><T120/><D125/><U127/><E127/><V104/><F104/><W11/><G11/><N who="0" m="4207" /><D37/><U109/><E109/><V2/><F4/><N who="3" m="3207" /><G39/><T32/><D32/><U38/><E38/><V62/><F62/><W1/><G1/><T77/><D121/><U119/><E119/><V45/><F3/><W76/><G76/><T91/><D120/><U135/><E135/><V10/><F2/><W93/><G55/><N who="0" m="31847" /><D40/><U83/><E71/><V75/><F75/><W100/><G122/><T117/><D117/><U82/><E130/><V74/><F74/><W6/><G6/><T133/><D133/><U92/><E128/><V116/><F116/><W35/><G35/><T111/><D111/><U103/><E131/><V113/><F113/><W17/><G17/><T7/><D77/><U65/><E65/><V52/><F10/><AGARI ba="0,0" hai="7,10,15,50,51,81,85,91" m="31847,4207" machi="10" ten="30,1000,0" yaku="8,1" doraHai="42" who="0" fromWho="2" sc="250,10,137,0,157,-10,456,0" /><INIT seed="7,0,0,0,4,5" ten="260,137,147,456" oya="3" hai0="104,8,10,132,64,91,85,81,108,58,115,15,116" hai1="63,103,100,56,119,30,25,82,2,111,69,76,27" hai2="57,90,26,12,38,130,51,79,4,75,89,1,106" hai3="72,84,102,107,32,53,129,14,9,73,35,99,70"/><W124/><G70/><T47/><D108/><U49/><E111/><V52/><F106/><W114/><G114/><T62/><D116/><U121/><E121/><V28/><F38/><W41/><G41/><T97/><D132/><U61/><E2/><V88/><F1/><W95/><G84/><T105/><D115/><U23/><E119/><V135/><F135/><W22/><G53/><T54/><D97/><U29/><E49/><V3/><F3/><W44/><G22/><T77/><D105/><U134/><E69/><V101/><F101/><W36/><G95/><T96/><D104/><U31/><E134/><V34/><F130/><W65/><G14/><T98/><D77/><U60/><E56/><V48/><F48/><W126/><G44/><T19/><D8/><U71/><E71/><V17/><F4/><W50/><G9/><T94/><D94/><U122/><E122/><V131/><F131/><W13/><G50/><AGARI ba="0,0" hai="10,15,19,47,50,54,58,62,64,81,85,91,96,98" machi="50" ten="40,8000,1" yaku="25,2,8,1,52,1" doraHai="5" who="0" fromWho="3" sc="260,80,137,0,147,0,456,-80" owari="340,14.0,137,-36.0,147,-25.0,376,47.0" /></mjloggm>