<mjloggm ver="2.3"><GO type="225" lobby="0"/><UN n0="%6B%79%6F%6E%6B%6F%31%31" n1="%E5%B0%B1%E6%B4%BB%E7%94%9F%40%E5%B7%9D%E6%9D%91%E8%BB%8D%E5%9B%A3" n2="%E5%90%91%E4%BA%95%E7%90%86" n3="%74%74%6F%68%6F%6B%75" dan="17,16,17,16" rate="2118.86,2061.06,2157.96,2055.71" sx="M,M,M,M"/><TAIKYOKU oya="0"/><INIT seed="0,0,0,5,4,67" ten="250,250,250,250" oya="0" hai0="101,9,89,68,64,17,62,116,59,86,29,115,53" hai1="61,70,74,30,26,130,90,110,73,112,35,105,132" hai2="23,83,109,8,111,99,92,119,108,127,88,24,95" hai3="120,104,51,100,48,75,13,58,28,56,50,97,94"/><T118/><D115/><U65/><E110/><V34/><F34/><W21/><G75/><T55/><D101/><U20/><E112/><V131/><F131/><W129/><G129/><T0/><D29/><U40/><E130/><V43/><F127/><W103/><G120/><T93/><D53/><U91/><E132/><V11/><F43/><W36/><G36/><T54/><D54/><U42/><E20/><V12/><F83/><W96/><G13/><T85/><D85/><U14/><E14/><V133/><F133/><W46/><G46/><T122/><D122/><U72/><REACH who="1" step="1"/><E105/><REACH who="1" ten="250,240,250,250" step="2"/><V19/><F119/><W81/><REACH who="3" step="1"/><G81/><REACH who="3" ten="250,240,250,240" step="2"/><T84/><D118/><U47/><E47/><V126/><F126/><W37/><G37/><T6/><D116/><U60/><E60/><V128/><F128/><W22/><G22/><T82/><D0/><U77/><E77/><V135/><F135/><W4/><G4/><T39/><D6/><U25/><E25/><AGARI ba="0,2" hai="21,25,28,48,50,51,56,58,94,96,97,100,103,104" machi="25" ten="40,1300,0" yaku="1,1,53,0" doraHai="67" doraHaiUra="113" who="3" fromWho="1" sc="250,0,240,-13,250,0,240,33" /><INIT seed="1,0,0,0,0,57" ten="250,227,250,273" oya="1" hai0="68,133,35,134,93,2,64,5,79,77,123,27,40" hai1="80,107,84,109,0,15,88,121,115,108,119,60,1" hai2="116,22,21,117,101,127,71,103,46,10,34,118,85" hai3="69,47,106,111,26,37,30,74,92,18,61,4,114"/><U113/><E119/><V100/><F34/><W122/><G106/><T75/><D40/><U38/><E107/><V58/><F71/><W83/><G18/><T6/><D123/><U42/><E121/><V82/><F127/><W87/><G74/><T3/><D93/><U78/><E38/><V39/><F10/><W96/><G4/><N who="0" m="1643" /><D75/><N who="1" m="43103" /><E42/><V72/><F72/><W70/><G111/><N who="1" m="42570" /><E15/><V81/><F39/><W11/><G122/><T44/><D44/><U8/><E8/><V89/><F46/><W25/><G11/><T102/><D102/><U90/><E90/><V128/><F128/><W66/><G114/><N who="1" m="43530" /><E60/><V53/><REACH who="2" step="1"/><F82/><AGARI ba="0,0" hai="0,1,82,84,88" m="43530,42570,43103" machi="82" ten="30,5800,0" yaku="14,1,10,1,54,1" doraHai="57" who="1" fromWho="2" sc="250,0,227,58,250,-58,273,0" /><INIT seed="1,1,0,0,1,112" ten="250,285,192,273" oya="1" hai0="113,96,28,102,128,59,116,0,121,97,22,85,126" hai1="69,71,100,76,68,3,78,89,42,75,81,88,90" hai2="72,119,16,56,133,24,111,98,79,11,110,118,34" hai3="45,48,129,6,55,73,12,92,40,108,70,77,35"/><U115/><E115/><V7/><F98/><W127/><G35/><T1/><D113/><U32/><E32/><V135/><F56/><W31/><G70/><T103/><D126/><U9/><E42/><V82/><F16/><W20/><G108/><N who="2" m="41513" /><F24/><W124/><G129/><T44/><D128/><U47/><E47/><V107/><F107/><W134/><G134/><N who="2" m="51209" /><F34/><W95/><G77/><T27/><D121/><U30/><E30/><V14/><AGARI ba="1,0" hai="7,11,14,72,79,82,118,119" m="51209,41513" machi="14" ten="30,7900,0" yaku="14,1,20,1,52,2" doraHai="112" who="2" fromWho="2" sc="250,-21,285,-40,192,82,273,-21" /><INIT seed="2,0,0,0,1,34" ten="229,245,274,252" oya="2" hai0="107,92,45,72,60,11,64,122,102,50,30,73,88" hai1="29,48,83,38,87,85,94,110,43,120,68,81,56" hai2="129,82,36,21,70,65,98,17,1,97,74,54,61" hai3="6,19,90,104,117,114,124,109,118,49,123,10,62"/><V99/><F36/><W132/><G104/><T2/><D122/><U116/><E68/><V128/><F54/><W131/><G123/><T121/><D121/><U35/><E116/><V63/><F63/><W20/><G109/><T127/><D30/><U113/><E110/><V84/><F74/><W111/><G111/><T3/><D102/><U91/><E113/><V24/><REACH who="2" step="1"/><F1/><REACH who="2" ten="229,245,264,252" step="2"/><W135/><G114/><T100/><D73/><U75/><E38/><V106/><F106/><W42/><G117/><T80/><D72/><U9/><E75/><V115/><F115/><W86/><G118/><T71/><D107/><U119/><E120/><V15/><F15/><W93/><G124/><T40/><D127/><U14/><E119/><V47/><F47/><N who="3" m="25847" /><G62/><T133/><D133/><U95/><E43/><V5/><F5/><W112/><G112/><T28/><D2/><U16/><E48/><V37/><F37/><W89/><G131/><T4/><D50/><U67/><E67/><V125/><F125/><W126/><G126/><T66/><D66/><U44/><E44/><V31/><F31/><W8/><G6/><T52/><D28/><U23/><E56/><V46/><F46/><W101/><G135/><T25/><D45/><U59/><E59/><V79/><AGARI ba="0,1" hai="17,21,24,61,65,70,79,82,84,97,98,99,128,129" machi="79" ten="30,3000,0" yaku="1,1,0,1,53,0" doraHai="34" doraHaiUra="130" who="2" fromWho="2" sc="229,-10,245,-10,264,40,252,-10" /><INIT seed="2,1,0,5,5,128" ten="219,235,304,242" oya="2" hai0="56,131,46,4,96,134,37,44,119,87,41,43,124" hai1="49,45,23,7,54,113,26,79,106,78,32,22,91" hai2="53,100,47,70,5,71,2,64,3,36,104,66,126" hai3="112,11,63,31,92,75,67,133,85,10,59,55,120"/><V25/><F126/><W121/><G75/><T13/><D124/><U103/><E113/><V98/><F25/><W34/><G112/><T61/><D131/><U77/><E7/><V60/><F53/><W82/><G34/><T21/><D119/><U28/><REACH who="1" step="1"/><E91/><REACH who="1" ten="219,225,304,242" step="2"/><V19/><F5/><W33/><G120/><T122/><D122/><U80/><E80/><V16/><F2/><W35/><G121/><T38/><D4/><U0/><E0/><V102/><F3/><W101/><G82/><T57/><D13/><U107/><E107/><V88/><F88/><W48/><G101/><T15/><D15/><U109/><E109/><V12/><F102/><W68/><G35/><T18/><D18/><U114/><E114/><V42/><F12/><W74/><G33/><T27/><D27/><U6/><E6/><V129/><F129/><W86/><G31/><T69/><D21/><U51/><E51/><V95/><F104/><W118/><G118/><T1/><D1/><U30/><E30/><V8/><F8/><W130/><G130/><T111/><D111/><U50/><E50/><V65/><F36/><W29/><G29/><T132/><D96/><AGARI ba="1,1" hai="22,23,26,28,32,45,49,54,77,78,79,96,103,106" machi="96" ten="40,1300,0" yaku="1,1,53,0" doraHai="128" doraHaiUra="62" who="1" fromWho="0" sc="219,-16,225,26,304,0,242,0" /><INIT seed="3,0,0,1,1,66" ten="203,251,304,242" oya="3" hai0="116,125,128,73,60,54,131,107,132,98,13,76,49" hai1="61,70,135,67,71,1,113,22,94,17,127,126,15" hai2="2,74,16,62,11,92,43,129,32,83,29,117,41" hai3="55,9,84,101,36,105,114,38,95,104,88,64,78"/><W12/><G64/><T91/><D116/><U75/><E75/><V26/><F129/><N who="0" m="49738" /><D60/><U24/><E1/><V34/><F34/><W19/><G114/><T86/><D13/><U79/><E79/><V27/><F92/><W40/><G78/><T53/><D53/><U52/><E135/><V108/><F108/><W7/><G105/><T18/><D18/><U50/><E113/><V28/><F62/><W23/><G55/><T8/><D8/><U109/><E94/><V14/><F2/><W21/><G21/><T93/><D49/><U85/><E85/><V115/><F117/><W96/><REACH who="3" step="1"/><G40/><REACH who="3" ten="203,251,304,232" step="2"/><T25/><D54/><U44/><E109/><V72/><F115/><W68/><G68/><T130/><N who="0" m="49746" /><T89/><DORA hai="103" /><D132/><U48/><E71/><V77/><F41/><W120/><G120/><T100/><D125/><N who="1" m="47627" /><E50/><V134/><F43/><W5/><G5/><T133/><D133/><U65/><E65/><V124/><F134/><W37/><G37/><T4/><D4/><U82/><E67/><V3/><F124/><W58/><G58/><T97/><D73/><U20/><E70/><V39/><F39/><W69/><G69/><T57/><D57/><U51/><E51/><V10/><F72/><W102/><G102/><T122/><D122/><U46/><E61/><V31/><F74/><W33/><G33/><T118/><D118/><U30/><E46/><V110/><F32/><W119/><G119/><T87/><D76/><U63/><E63/><V56/><F77/><W80/><G80/><AGARI ba="0,1" hai="15,17,20,22,24,30,44,48,52,80,82" m="47627" machi="80" ten="30,2000,0" yaku="18,1,54,1" doraHai="66,103" who="1" fromWho="3" sc="203,0,251,30,304,0,232,-20" owari="203,-30.0,281,8.0,304,41.0,212,-19.0" /></mjloggm>