<mjloggm ver="2.3"><GO type="97" lobby="0"/><UN n0="%E5%B0%B1%E6%B4%BB%E7%94%9F%40%E5%B7%9D%E6%9D%91%E8%BB%8D%E5%9B%A3" n1="%68%61%6E%69%74%61%6B%61" n2="%52%2E%4E%2E%E3%81%9B%E3%82%93%E3%81%9A%E3%82%8A" n3="%E3%81%A6%E3%82%80%E3%81%A6%E3%82%80%E6%98%9F%E3%81%AE%E4%BD%BF%E8%80%85" dan="15,13,14,14" rate="2048.36,1909.27,1940.54,1910.76" sx="M,M,M,M"/><TAIKYOKU oya="0"/><INIT seed="0,0,0,0,4,116" ten="250,250,250,250" oya="0" hai0="25,126,5,113,35,1,13,56,101,17,20,128,108" hai1="52,19,26,109,9,34,78,29,75,124,6,37,40" hai2="7,11,125,84,127,43,90,98,53,23,46,79,105" hai3="27,68,134,22,106,130,12,100,14,67,21,81,91"/><T65/><D113/><U31/><E52/><V129/><F129/><W66/><G130/><T99/><D126/><U59/><E59/><V45/><F79/><W70/><G134/><T48/><D128/><U32/><E78/><V110/><F110/><W89/><G81/><T51/><D108/><U104/><E109/><V38/><F23/><W72/><G27/><T135/><D135/><U107/><E75/><V8/><F98/><W122/><G100/><T3/><D3/><U115/><E40/><V33/><F33/><W15/><G72/><T121/><D121/><U54/><E54/><V83/><F105/><W97/><G97/><T88/><D1/><U44/><E44/><V71/><F71/><W117/><G14/><T49/><D35/><U69/><E37/><V0/><REACH who="2" step="1"/><F11/><REACH who="2" ten="250,250,240,250" step="2"/><W61/><G106/><T80/><D101/><U114/><E69/><V86/><F86/><W60/><G117/><T41/><D41/><U55/><E124/><V62/><F62/><W93/><G68/><T94/><D25/><U76/><E107/><V123/><F123/><W47/><G70/><T30/><D30/><U16/><E104/><V82/><F82/><W120/><G93/><T111/><D111/><U132/><E76/><V39/><F39/><W18/><G120/><T36/><D36/><U57/><E132/><V87/><F87/><W77/><G122/><T10/><D80/><U2/><E114/><V4/><F4/><W118/><G118/><T103/><D103/><U73/><E115/><V131/><F131/><W133/><G133/><T24/><D56/><U64/><E73/><RYUUKYOKU ba="0,1" sc="250,15,250,-15,240,15,250,-15" hai0="5,10,13,17,20,24,48,49,51,65,88,94,99" hai2="0,7,8,38,43,45,46,53,83,84,90,125,127" /><INIT seed="0,1,1,1,4,95" ten="265,235,255,235" oya="0" hai0="122,84,101,36,21,16,5,70,77,61,29,105,81" hai1="54,128,25,104,73,135,132,35,100,119,118,90,106" hai2="24,71,66,4,15,41,30,37,23,39,52,123,82" hai3="50,103,92,96,14,67,127,45,1,68,19,86,20"/><T6/><D122/><U34/><E128/><V87/><F123/><W42/><G1/><T59/><D36/><U63/><E90/><V56/><F41/><W114/><G127/><T102/><D70/><U99/><E73/><V17/><F4/><N who="0" m="1642" /><D29/><U65/><E54/><V93/><F71/><W113/><G68/><T48/><D48/><U88/><E88/><V83/><F66/><W51/><G67/><N who="0" m="39359" /><D105/><U9/><E9/><V107/><F107/><W18/><G86/><T110/><D110/><U129/><E129/><V85/><F37/><W31/><G31/><T109/><D109/><U11/><E11/><N who="2" m="6399" /><F39/><W40/><REACH who="3" step="1"/><G18/><REACH who="3" ten="265,235,255,225" step="2"/><T80/><D80/><N who="2" m="30762" /><F93/><W98/><G98/><T0/><D0/><U33/><E106/><V74/><F74/><W125/><G125/><T10/><D10/><U108/><E108/><V26/><F26/><AGARI ba="1,2" hai="16,21,26,77,81,84,101,102" m="39359,1642" machi="26" ten="30,2900,0" yaku="8,1,54,1" doraHai="95" who="0" fromWho="2" sc="265,52,235,0,255,-32,225,0" /><INIT seed="0,2,0,0,2,44" ten="317,235,223,225" oya="0" hai0="3,80,52,62,61,69,20,108,4,18,57,33,124" hai1="28,114,97,90,135,70,107,89,105,116,21,77,59" hai2="102,92,93,119,127,25,113,29,12,10,46,99,53" hai3="24,71,16,64,109,101,65,84,0,11,126,13,27"/><T5/><D33/><U48/><E70/><V40/><F113/><W95/><G109/><T19/><D124/><U131/><E28/><V112/><F112/><W82/><G126/><T7/><D3/><U121/><E114/><V38/><F127/><W125/><G125/><T98/><D108/><U66/><E116/><V91/><F119/><W79/><G0/><T63/><D69/><U41/><E121/><V94/><F53/><W39/><G39/><T96/><D80/><U36/><E131/><V45/><F45/><W22/><G71/><T86/><D86/><U134/><E77/><V23/><REACH who="2" step="1"/><F102/><REACH who="2" ten="317,235,213,225" step="2"/><W122/><G122/><T8/><D61/><N who="1" m="38207" /><E36/><V115/><F115/><W104/><G101/><T88/><D63/><U130/><E130/><V117/><F117/><W15/><G64/><T118/><D118/><U51/><E21/><V60/><F60/><W132/><G65/><T9/><D20/><U76/><E76/><V67/><F67/><W78/><G79/><T110/><D110/><U120/><E120/><V68/><F68/><W2/><G78/><T58/><D58/><U73/><E73/><V55/><F55/><W42/><G22/><T123/><D123/><U30/><E30/><V106/><F106/><N who="1" m="40457" /><E41/><V1/><F1/><W74/><G2/><T100/><D100/><U35/><E35/><V14/><F14/><W17/><G104/><T72/><D9/><U6/><E6/><AGARI ba="2,1" hai="6,10,12,23,25,29,38,40,46,91,92,93,94,99" machi="6" ten="30,2000,0" yaku="1,1,7,1,53,0" doraHai="44" doraHaiUra="54" who="2" fromWho="1" sc="317,0,235,-26,213,36,225,0" /><INIT seed="1,0,0,1,5,86" ten="317,209,249,225" oya="1" hai0="78,75,124,102,63,43,129,125,126,99,107,60,118" hai1="23,90,31,103,5,119,4,116,120,2,104,29,66" hai2="84,108,13,0,114,115,117,95,73,109,10,71,100" hai3="7,122,25,20,76,81,123,105,26,12,27,50,34"/><U1/><E66/><V17/><F71/><W106/><G34/><T62/><D118/><U94/><E120/><V58/><F73/><W56/><G56/><T37/><D129/><U130/><E103/><V132/><F0/><W33/><G33/><T98/><D98/><U57/><E104/><V110/><F117/><W82/><G50/><T32/><D32/><U46/><E94/><V44/><F132/><W49/><G49/><T54/><D54/><U40/><E57/><V6/><F58/><W77/><G7/><T61/><D61/><U121/><E121/><V55/><F55/><W79/><G12/><T83/><D43/><U111/><E40/><V38/><F6/><W14/><G14/><T65/><D37/><U92/><E92/><V8/><F8/><W18/><G122/><T30/><D30/><U96/><E96/><N who="2" m="59423" /><F84/><W112/><G123/><T28/><REACH who="0" step="1"/><D28/><REACH who="0" ten="307,209,249,225" step="2"/><U21/><E130/><V41/><AGARI ba="0,1" hai="10,13,17,38,41,44,108,109,110,114,115" m="59423" machi="41" ten="40,1500,0" yaku="14,1" doraHai="86" who="2" fromWho="2" sc="307,-4,209,-7,249,25,225,-4" /><INIT seed="2,0,0,4,4,113" ten="303,202,274,221" oya="2" hai0="28,128,9,41,70,107,55,56,32,125,132,73,0" hai1="27,64,48,63,2,26,3,93,34,89,110,37,81" hai2="116,38,97,36,39,21,85,102,120,53,14,88,122" hai3="68,105,5,123,82,101,31,135,13,25,111,29,104"/><V90/><F116/><W114/><G123/><T96/><D70/><U86/><E37/><V6/><F53/><W51/><G111/><T59/><D73/><U11/><E110/><V77/><F77/><W98/><G135/><T127/><D41/><U16/><E48/><V58/><F58/><W46/><G114/><T8/><D132/><U72/><E34/><V100/><F90/><W22/><G68/><T134/><D134/><U20/><E27/><V7/><F102/><W108/><G108/><T71/><D71/><U75/><E81/><V67/><F67/><W33/><G33/><T80/><D128/><U10/><E10/><N who="0" m="4201" /><D0/><U65/><E65/><V24/><F14/><W40/><G13/><T54/><D80/><U130/><E130/><V87/><F87/><W84/><G5/><T52/><D28/><U99/><E99/><V103/><F103/><W92/><REACH who="3" step="1"/><G29/><REACH who="3" ten="303,202,274,211" step="2"/><T109/><D32/><U42/><E42/><V126/><F6/><W17/><G17/><T43/><D109/><U62/><E62/><V91/><F7/><W118/><G118/><T83/><D125/><U19/><E2/><V35/><F126/><W1/><G1/><T12/><D127/><U61/><E61/><V44/><F120/><W117/><G117/><T124/><D12/><N who="1" m="7199" /><E3/><V30/><F122/><W49/><G49/><T69/><D124/><U47/><E47/><V78/><F44/><W4/><G4/><T45/><D69/><U79/><E63/><V60/><F60/><W129/><G129/><T131/><D131/><U76/><E64/><V50/><F35/><W112/><G112/><RYUUKYOKU ba="0,1" sc="303,-15,202,15,274,-15,211,15" hai1="19,20,26,72,75,76,79,86,89,93" hai3="22,25,31,40,46,51,82,84,92,98,101,104,105" /><INIT seed="3,1,1,3,5,121" ten="288,217,259,226" oya="3" hai0="31,1,21,2,60,131,61,92,115,34,59,84,39" hai1="28,18,47,114,48,132,6,10,49,69,8,62,82" hai2="135,66,52,100,68,123,43,83,133,117,111,89,76" hai3="97,63,3,13,38,80,94,124,71,118,27,109,129"/><W14/><G3/><T119/><D39/><U99/><E114/><V17/><F117/><W77/><G118/><T90/><D119/><U7/><E132/><V55/><F123/><W75/><G38/><T50/><D34/><U37/><E28/><V19/><F100/><W98/><G129/><T64/><D115/><U53/><E18/><N who="2" m="6667" /><F43/><W113/><G113/><T24/><D131/><U102/><E82/><V35/><F35/><W22/><G124/><T9/><D9/><U51/><E37/><V91/><F66/><W105/><G105/><T5/><D5/><U46/><E8/><V85/><F68/><W40/><G40/><T112/><D112/><U29/><E29/><V108/><F133/><W36/><G36/><T74/><D74/><U95/><E69/><V70/><F70/><W23/><G23/><T56/><D50/><N who="1" m="19563" /><E10/><V65/><F65/><AGARI ba="1,1" hai="1,2,21,24,31,56,59,60,61,64,65,84,90,92" machi="65" ten="30,2000,0" yaku="7,1,9,1" doraHai="121" who="0" fromWho="2" sc="288,33,217,0,259,-23,226,0" owari="321,41.0,217,-28.0,236,4.0,226,-17.0" /></mjloggm>