<mjloggm ver="2.3"><GO type="97" lobby="0"/><UN n0="%E3%81%A1%E3%82%86%E3%81%A1%E3%82%83%E3%82%93" n1="%E5%B0%B1%E6%B4%BB%E7%94%9F%40%E5%B7%9D%E6%9D%91%E8%BB%8D%E5%9B%A3" n2="%E4%BC%9D%E6%89%BF%E8%80%85" n3="%6E%61%72%72%6F%77%31%39" dan="14,14,13,16" rate="1926.40,1969.95,2004.45,2058.83" sx="F,M,M,M"/><TAIKYOKU oya="0"/><INIT seed="0,0,0,3,1,82" ten="250,250,250,250" oya="0" hai0="107,10,105,18,130,121,83,9,113,2,5,24,126" hai1="0,42,55,38,47,15,72,28,103,11,98,21,87" hai2="75,123,60,95,125,69,80,124,71,89,112,49,122" hai3="39,81,96,114,102,44,100,74,29,61,134,62,88"/><T20/><D121/><U25/><E72/><V1/><F112/><W54/><G114/><T97/><D113/><U4/><E55/><V79/><F1/><W92/><G134/><T85/><D126/><N who="2" m="48746" /><F49/><N who="3" m="28967" /><G39/><T104/><D130/><U99/><E0/><V32/><F32/><W86/><G74/><T45/><D10/><U65/><E65/><N who="2" m="41127" /><F71/><W110/><G110/><T109/><D109/><U94/><REACH who="1" step="1"/><E103/><REACH who="1" ten="250,240,250,250" step="2"/><N who="3" m="39466" /><G29/><T108/><D108/><U12/><E12/><V119/><F119/><W77/><AGARI ba="0,1" hai="61,62,77,81,86,88,92,96" m="39466,28967" machi="77" ten="30,4000,0" yaku="8,1,52,1,54,1" doraHai="82" who="3" fromWho="3" sc="250,-20,240,-10,250,-10,250,50" /><INIT seed="1,0,0,1,5,15" ten="230,230,240,300" oya="1" hai0="34,123,67,110,31,70,43,90,130,103,119,104,112" hai1="92,126,57,53,86,121,128,19,16,64,62,95,17" hai2="14,98,125,93,0,71,94,12,18,2,91,134,101" hai3="40,26,75,27,25,38,54,115,33,30,39,56,88"/><U102/><E121/><V74/><F125/><W20/><G115/><T41/><D103/><U8/><E126/><V118/><F118/><W113/><G113/><T80/><D31/><U51/><E128/><V83/><F71/><W85/><G75/><T96/><D80/><U61/><E8/><V89/><F134/><W135/><G135/><T77/><D90/><N who="1" m="53335" /><E64/><V50/><F101/><W44/><G39/><T59/><D96/><AGARI ba="0,0" hai="16,17,19,51,53,57,61,62,95,96,102" m="53335" machi="96" ten="30,12000,1" yaku="8,1,52,3,54,1" doraHai="15" who="1" fromWho="0" sc="230,-120,230,120,240,0,300,0" /><BYE who="0" /><UN n0="%E3%81%A1%E3%82%86%E3%81%A1%E3%82%83%E3%82%93" /><INIT seed="1,1,0,4,4,115" ten="110,350,240,300" oya="1" hai0="53,54,59,23,90,78,106,102,99,31,67,109,80" hai1="39,10,51,123,61,128,18,130,81,117,71,56,55" hai2="108,132,9,98,122,21,134,112,110,107,28,77,89" hai3="131,3,94,38,83,60,62,14,64,73,4,95,40"/><U120/><E81/><V42/><F42/><W8/><G14/><T34/><D109/><N who="2" m="42090" /><F9/><W1/><G1/><T126/><D126/><U37/><E18/><V133/><F21/><W100/><G131/><N who="1" m="50218" /><E10/><V16/><F16/><W101/><G95/><T79/><D53/><N who="1" m="33935" /><E117/><V0/><F0/><W113/><G94/><T36/><D59/><N who="1" m="33279" /><E71/><V13/><F13/><W129/><G129/><T17/><D80/><U74/><E74/><V63/><F28/><W88/><G73/><T52/><D90/><U24/><E24/><V87/><F77/><W11/><G88/><T6/><D102/><U76/><E76/><V68/><F68/><W103/><G11/><T127/><D31/><U27/><E27/><V32/><F32/><W58/><G83/><T44/><D34/><U57/><E57/><V125/><F125/><W105/><G8/><T84/><D127/><U41/><E41/><V119/><F119/><W116/><G40/><T25/><D6/><U96/><E96/><V121/><F63/><W50/><G60/><T48/><D99/><U43/><E43/><V82/><F112/><W30/><G62/><T114/><D114/><U66/><E66/><V19/><F19/><W5/><G113/><T93/><D67/><U69/><E69/><V22/><F22/><W35/><G64/><T104/><D23/><U111/><E111/><V85/><F85/><W15/><G5/><T97/><D84/><U124/><E124/><V2/><F2/><W29/><G4/><T65/><D65/><U7/><E7/><V49/><F49/><W70/><G3/><T118/><D48/><RYUUKYOKU ba="1,0" sc="110,-15,350,15,240,15,300,-15" hai1="37,39,120,123" hai2="82,87,89,98,107,121,122,132,133,134" /><INIT seed="1,2,0,3,3,42" ten="95,365,255,285" oya="1" hai0="75,2,90,1,91,31,10,78,74,84,95,59,123" hai1="118,107,12,127,125,53,120,24,36,81,44,62,97" hai2="133,28,121,16,26,38,110,3,14,4,111,116,51" hai3="135,105,13,35,30,47,73,113,40,64,126,63,86"/><U33/><E118/><V49/><F116/><W108/><G73/><T87/><D123/><U101/><E120/><V43/><F121/><W50/><G113/><T109/><D109/><N who="2" m="41482" /><F133/><W94/><G108/><T15/><D78/><U61/><E81/><V122/><F122/><W130/><G130/><T52/><D31/><N who="1" m="19687" /><E12/><V34/><F43/><W92/><G135/><T55/><D15/><U27/><E27/><V67/><F67/><W117/><G117/><T96/><D96/><U131/><E131/><V76/><F38/><W17/><G105/><T102/><D102/><U20/><E20/><N who="2" m="11287" /><F76/><W7/><G7/><T80/><D10/><AGARI ba="2,0" hai="3,4,10,26,28,34,49,51" m="11287,41482" machi="10" ten="30,3900,0" yaku="24,1,14,1,54,1" doraHai="42" who="2" fromWho="0" sc="95,-45,365,0,255,45,285,0" /><INIT seed="2,0,0,4,4,52" ten="50,365,300,285" oya="2" hai0="48,82,121,124,118,38,107,24,26,89,61,87,32" hai1="128,46,70,45,69,119,65,22,14,77,31,41,63" hai2="92,95,123,13,49,43,33,79,54,7,105,117,8" hai3="111,53,80,21,50,40,16,72,3,35,76,108,112"/><V85/><F117/><W90/><G35/><T5/><D48/><U42/><E119/><V122/><F105/><W94/><G3/><T100/><D5/><U91/><E128/><V68/><F33/><W75/><G75/><T99/><D118/><U9/><E77/><V34/><F68/><W47/><G112/><T30/><D121/><U133/><E133/><V44/><F34/><W28/><G28/><T2/><D124/><U55/><E91/><V78/><F54/><W127/><G127/><T113/><D113/><U1/><E1/><V109/><F79/><W23/><G40/><T135/><D2/><U60/><E31/><V131/><F131/><W132/><G132/><T71/><D135/><U102/><E102/><V93/><REACH who="2" step="1"/><F109/><REACH who="2" ten="50,365,290,285" step="2"/><W36/><G108/><T57/><D26/><U51/><E70/><V116/><F116/><W101/><G111/><T67/><REACH who="0" step="1"/><D57/><REACH who="0" ten="40,365,290,285" step="2"/><U19/><E69/><V56/><F56/><W58/><G58/><T129/><D129/><U114/><E114/><V74/><F74/><W64/><G72/><T73/><D73/><U25/><E45/><V37/><F37/><AGARI ba="0,2" hai="24,30,32,37,38,61,67,71,82,87,89,99,100,107" machi="37" ten="40,5200,0" yaku="1,1,25,2,53,0" doraHai="52" doraHaiUra="10" who="0" fromWho="2" sc="40,72,365,0,290,-52,285,0" /><INIT seed="3,0,0,5,5,48" ten="112,365,238,285" oya="3" hai0="105,70,100,50,71,26,23,5,68,104,22,102,135" hai1="131,134,39,69,117,55,27,57,30,15,107,80,65" hai2="109,43,97,38,67,128,87,119,17,125,120,6,111" hai3="112,52,9,18,79,41,44,94,33,12,92,20,106"/><W77/><G106/><T115/><D50/><U103/><E117/><V118/><F6/><W130/><G33/><T61/><D5/><U95/><E39/><V82/><F17/><N who="3" m="8335" /><G41/><T63/><D26/><U7/><E131/><V28/><F28/><W89/><G112/><T58/><D58/><U29/><E134/><V84/><F67/><W81/><G130/><T116/><D135/><U123/><E123/><V99/><F43/><W66/><G66/><T37/><D37/><U19/><E7/><V0/><F38/><W90/><G81/><T46/><D46/><U11/><E95/><N who="3" m="36394" /><G44/><T47/><D47/><U53/><E80/><V108/><F0/><W101/><G101/><T36/><D36/><U122/><E122/><V49/><F49/><W2/><G2/><T56/><D56/><U73/><E73/><V127/><F128/><W124/><G124/><N who="2" m="47689" /><F120/><W59/><G79/><T76/><D76/><U78/><E78/><N who="2" m="46167" /><F87/><W16/><G77/><T8/><D8/><U45/><E45/><V60/><F60/><N who="3" m="35943" /><G18/><T25/><D115/><U62/><E30/><V110/><N who="2" m="28160" /><DORA hai="72" /><V10/><F10/><W51/><G51/><T32/><D116/><AGARI ba="0,0" hai="97,99,116,118,119" m="28160,46167,47689" machi="116" ten="60,8000,1" yaku="18,1,14,1,34,2,52,1" doraHai="48,72" who="2" fromWho="0" sc="112,-80,365,0,238,80,285,0" owari="32,-47.0,365,46.0,318,12.0,285,-11.0" /></mjloggm>