<mjloggm ver="2.3"><GO type="41" lobby="0"/><UN n0="%E7%9C%9F%E8%B1%AA%E9%AC%BC" n1="%E5%9C%9F%E6%B5%A6%E5%BD%A9%E8%8F%9C" n2="%E5%B0%B1%E6%B4%BB%E7%94%9F%40%E5%B7%9D%E6%9D%91%E8%BB%8D%E5%9B%A3" n3="%E3%82%8A%E3%82%85%E3%81%85" dan="15,15,15,15" rate="2036.76,1997.48,2009.22,1979.72" sx="M,F,M,M"/><TAIKYOKU oya="0"/><INIT seed="0,0,0,2,0,19" ten="250,250,250,250" oya="0" hai0="134,4,61,37,67,65,34,124,70,127,108,0,89" hai1="62,43,55,109,28,86,2,130,121,128,24,103,106" hai2="85,74,39,1,52,36,75,131,129,126,48,102,93" hai3="51,71,14,113,96,84,107,94,16,99,31,11,116"/><T38/><D34/><U83/><E109/><V104/><F1/><W21/><G113/><T17/><D108/><U12/><E121/><V58/><F126/><N who="0" m="48170" /><D134/><U101/><E2/><V132/><F104/><W81/><G71/><T56/><D89/><U47/><E12/><V79/><F132/><W9/><G116/><T53/><D4/><U82/><E55/><V44/><F102/><N who="1" m="38921" /><E62/><V91/><F79/><N who="3" m="46143" /><G107/><T98/><D0/><U112/><E106/><V95/><F95/><W90/><G96/><T64/><D98/><U114/><E24/><V120/><F120/><W77/><G77/><T54/><D17/><U78/><E83/><V23/><F36/><N who="0" m="13930" /><D54/><U119/><E28/><V49/><F23/><W5/><G31/><T13/><D13/><U105/><E105/><V123/><F39/><W26/><G9/><T45/><D45/><U42/><E47/><V60/><F123/><W111/><G111/><T6/><D6/><U125/><E125/><V80/><F80/><W20/><G20/><T10/><D10/><U46/><E46/><V41/><REACH who="2" step="1"/><F48/><AGARI ba="0,0" hai="5,11,14,16,21,26,48,51,90,94,99" m="46143" machi="48" ten="30,3900,0" yaku="8,1,52,1,54,1" doraHai="19" who="3" fromWho="2" sc="250,0,250,0,250,-39,250,39" /><AGARI ba="0,0" hai="48,53,56,61,64,65,67,70" m="13930,48170" machi="48" ten="30,5800,0" yaku="18,1,34,2" doraHai="19" who="0" fromWho="2" sc="250,58,250,0,211,-58,289,0" /><INIT seed="0,1,0,1,2,115" ten="308,250,153,289" oya="0" hai0="20,79,37,34,3,84,25,11,111,59,7,95,39" hai1="38,86,97,54,22,26,4,14,6,27,98,119,110" hai2="67,42,53,33,50,15,49,17,83,12,69,0,63" hai3="112,122,121,64,46,32,99,52,71,102,101,108,62"/><T47/><D34/><U89/><E119/><V104/><F0/><W130/><G108/><T48/><D111/><U76/><E110/><V13/><F104/><W57/><G112/><T82/><D59/><U135/><E135/><V106/><F106/><W5/><G130/><T75/><D95/><U129/><E129/><V30/><F42/><W16/><G5/><N who="1" m="2154" /><E38/><V66/><F66/><W96/><G32/><T125/><D125/><U88/><E76/><V114/><F114/><W44/><G99/><N who="1" m="37898" /><E54/><V78/><F50/><N who="3" m="30871" /><G102/><T21/><D75/><U18/><E89/><V40/><F40/><W133/><G133/><T116/><D116/><U73/><E73/><V23/><F30/><W126/><G126/><T131/><D131/><U92/><AGARI ba="1,0" hai="14,18,22,26,27,86,88,92" m="37898,2154" machi="92" ten="30,2000,0" yaku="8,1,54,1" doraHai="115" who="1" fromWho="1" sc="308,-11,250,23,153,-6,289,-6" /><INIT seed="1,0,0,3,3,49" ten="297,273,147,283" oya="1" hai0="4,30,92,52,60,66,36,76,0,70,121,29,114" hai1="7,12,27,86,21,74,102,77,51,3,119,25,135" hai2="89,39,71,112,131,73,50,19,54,1,126,93,88" hai3="57,91,35,80,46,99,81,116,104,20,33,125,47"/><U42/><E119/><V11/><F39/><W134/><G125/><T38/><D114/><U133/><E74/><V106/><F73/><W129/><G134/><N who="1" m="51210" /><E3/><V55/><F106/><W43/><G129/><T16/><D121/><U18/><E102/><V41/><F71/><W109/><G109/><T100/><D76/><U32/><E32/><V34/><F34/><W117/><G20/><T123/><D123/><U68/><E68/><V59/><F112/><W45/><G43/><T111/><D111/><U6/><E77/><V113/><F113/><W120/><G120/><T84/><D0/><U78/><E78/><V15/><F131/><W127/><G127/><T72/><D72/><U94/><E94/><V95/><F126/><W62/><G104/><T82/><D4/><N who="1" m="1579" /><E86/><N who="2" m="52375" /><F1/><W85/><G99/><N who="0" m="59495" /><D38/><U105/><E105/><V83/><F83/><W40/><G81/><T37/><D37/><U130/><E130/><V96/><F59/><W110/><G110/><T124/><D124/><U132/><N who="1" m="51218" /><U5/><N who="1" m="1587" /><DORA hai="24" /><U53/><DORA hai="58" /><E42/><V90/><F90/><W115/><G40/><T61/><D36/><U128/><E128/><V14/><F14/><W9/><G115/><T101/><D101/><U75/><E75/><V10/><F10/><W22/><G9/><T97/><D70/><U107/><E107/><V56/><F56/><AGARI ba="0,0" hai="12,18,21,25,27,51,53,56" m="1587,51218" machi="56" ten="50,4800,0" yaku="20,1,52,1" doraHai="49,24,58" who="1" fromWho="2" sc="297,0,273,48,147,-48,283,0" /><INIT seed="1,1,0,4,0,122" ten="297,321,99,283" oya="1" hai0="123,99,132,63,101,7,16,44,87,82,129,95,100" hai1="48,49,98,17,90,53,106,65,27,102,28,89,80" hai2="40,42,20,130,120,5,61,50,33,2,55,37,134" hai3="116,66,52,70,114,68,74,117,0,21,78,85,76"/><U4/><E4/><V9/><F33/><W119/><G114/><T103/><D123/><U67/><E17/><V127/><F130/><W96/><G0/><T75/><D129/><U131/><E131/><V35/><F120/><W30/><G74/><T110/><D75/><U24/><E80/><V113/><F35/><W86/><G96/><T29/><D7/><U88/><E49/><V18/><F113/><W126/><G126/><T36/><D29/><U26/><REACH who="1" step="1"/><E28/><REACH who="1" ten="297,311,99,283" step="2"/><V71/><F127/><W125/><G125/><T59/><D36/><U93/><E93/><V108/><F37/><W69/><G30/><T25/><D132/><U128/><E128/><V43/><F134/><W22/><G116/><T13/><D95/><U32/><E32/><V11/><F5/><W115/><G115/><T57/><D82/><U58/><AGARI ba="1,1" hai="24,26,27,48,53,58,65,67,88,89,90,98,102,106" machi="58" ten="30,6000,0" yaku="1,1,0,1,54,1,53,0" doraHai="122" doraHaiUra="107" who="1" fromWho="1" sc="297,-21,311,73,99,-21,283,-21" /><INIT seed="1,2,0,0,3,58" ten="276,384,78,262" oya="1" hai0="118,32,30,68,15,2,21,126,50,132,119,80,63" hai1="114,8,95,124,89,40,127,6,36,73,129,77,4" hai2="54,71,51,38,105,18,22,33,26,39,134,43,31" hai3="128,130,29,65,112,3,60,100,101,106,108,62,9"/><U88/><E114/><V47/><F134/><W56/><G108/><T55/><D132/><U7/><E129/><N who="3" m="49770" /><G112/><T57/><D2/><U52/><E36/><V135/><F135/><W66/><G29/><T64/><D126/><N who="1" m="48171" /><E40/><V11/><F105/><W87/><G106/><T24/><D80/><N who="1" m="45103" /><E52/><V78/><F78/><W115/><G115/><T133/><REACH who="0" step="1"/><D133/><REACH who="0" ten="266,384,78,262" step="2"/><U82/><E82/><V86/><F71/><N who="3" m="42407" /><G87/><T23/><D23/><U125/><E125/><V17/><F38/><W72/><G72/><T111/><D111/><U109/><E109/><V35/><F39/><W113/><G113/><T59/><D59/><U107/><E107/><V74/><F35/><W131/><G131/><T122/><D122/><U69/><E69/><V53/><F33/><W104/><G104/><T116/><D116/><U75/><E75/><V120/><F74/><W42/><G3/><T117/><D117/><U99/><E8/><V76/><F120/><W91/><G9/><T27/><D27/><U98/><E98/><V20/><F11/><W93/><G42/><T44/><D44/><U13/><E13/><N who="2" m="9263" /><F31/><W83/><G83/><AGARI ba="2,1" hai="18,22,26,43,47,51,53,54,76,83,86" m="9263" machi="83" ten="30,1000,0" yaku="8,1" doraHai="58" who="2" fromWho="3" sc="266,0,384,0,78,26,262,-16" /><INIT seed="2,0,0,4,5,73" ten="266,384,104,246" oya="2" hai0="18,74,51,96,95,17,112,106,108,83,42,53,52" hai1="21,43,120,98,33,111,127,34,135,133,113,70,62" hai2="94,11,13,56,30,134,107,20,72,27,40,124,12" hai3="44,125,119,91,89,41,66,37,22,115,9,76,45"/><V65/><F107/><W35/><G119/><T10/><D112/><U24/><E113/><V129/><F129/><W132/><G35/><T4/><D106/><U128/><E128/><V7/><F134/><N who="1" m="51209" /><E120/><V86/><F124/><W49/><G125/><T80/><D108/><U116/><E127/><V110/><F72/><W19/><G132/><T85/><D74/><U79/><E116/><V28/><F110/><W97/><G115/><T54/><D42/><U82/><E111/><V90/><F40/><W58/><G9/><T14/><D51/><U47/><E98/><V71/><F71/><W55/><G97/><T100/><D80/><U1/><E1/><V3/><REACH who="2" step="1"/><F30/><REACH who="2" ten="266,384,94,246" step="2"/><W122/><G122/><T16/><D4/><U60/><E70/><V78/><F78/><AGARI ba="0,1" hai="10,14,16,17,18,52,53,54,78,83,85,95,96,100" machi="78" ten="40,8000,1" yaku="8,1,52,1,54,2" doraHai="73" who="0" fromWho="2" sc="266,90,384,0,94,-80,246,0" /><INIT seed="3,0,0,1,2,108" ten="356,384,14,246" oya="3" hai0="21,84,43,103,77,116,27,7,128,72,118,75,127" hai1="54,37,88,33,34,76,125,109,47,73,99,20,115" hai2="45,69,31,79,32,55,16,80,30,39,82,132,1" hai3="71,129,124,98,110,89,5,85,92,70,63,101,134"/><W120/><G120/><T24/><D127/><U48/><E115/><V126/><F1/><W105/><G124/><T17/><D128/><U59/><E125/><V86/><F69/><W28/><G129/><T13/><D103/><U50/><E109/><V111/><F111/><W107/><G110/><T29/><D43/><U26/><E37/><V97/><F132/><W64/><G134/><T135/><D135/><U14/><E14/><V8/><F126/><W23/><G5/><T83/><D7/><U12/><E12/><V62/><F32/><W121/><G121/><T60/><D60/><U91/><E73/><V66/><F97/><W104/><G71/><T53/><D27/><U38/><E76/><V68/><F82/><W56/><G70/><T65/><D65/><U15/><E15/><V10/><F16/><W42/><G42/><T11/><REACH who="0" step="1"/><D53/><REACH who="0" ten="346,384,14,246" step="2"/><U95/><E38/><V114/><F114/><W46/><REACH who="3" step="1"/><G46/><REACH who="3" ten="346,384,14,236" step="2"/><T57/><D57/><U113/><E113/><V123/><F123/><W131/><G131/><T117/><AGARI ba="0,2" hai="11,13,17,21,24,29,72,75,77,83,84,116,117,118" machi="117" ten="30,7900,0" yaku="1,1,0,1,53,2" doraHai="108" doraHaiUra="106" who="0" fromWho="0" sc="346,99,384,-20,14,-20,236,-39" owari="445,55.0,364,16.0,-6,-51.0,197,-20.0" /></mjloggm>