<mjloggm ver="2.3"><GO type="41" lobby="0"/><UN n0="%E3%81%BE%E3%81%A4%E3%81%94%E3%82%8D" n1="%E8%8A%B9%E6%91%98" n2="%E3%81%95%E3%81%88%C3%97%E2%98%86%E2%98%86%E2%98%86" n3="%E5%B0%B1%E6%B4%BB%E7%94%9F%40%E5%B7%9D%E6%9D%91%E8%BB%8D%E5%9B%A3" dan="14,15,15,15" rate="1920.25,2016.69,1935.61,2059.92" sx="M,M,M,M"/><TAIKYOKU oya="0"/><INIT seed="0,0,0,0,0,25" ten="250,250,250,250" oya="0" hai0="114,84,87,10,73,69,128,41,117,26,7,78,98" hai1="56,93,63,58,57,20,115,122,99,94,79,6,123" hai2="74,49,31,64,92,65,12,13,34,121,110,43,106" hai3="111,21,75,22,101,132,18,19,88,17,14,2,126"/><T108/><D117/><U120/><E79/><V102/><F74/><W30/><G75/><T107/><D114/><U33/><E115/><V24/><F121/><W104/><G111/><T60/><D128/><U89/><E33/><V5/><F110/><W66/><G126/><T112/><D112/><U100/><E6/><V90/><F106/><W15/><G132/><T124/><D124/><U0/><E0/><V29/><F102/><W82/><G2/><T16/><D108/><U86/><REACH who="1" step="1"/><E20/><REACH who="1" ten="250,240,250,250" step="2"/><V27/><F5/><W32/><G32/><T8/><D73/><U59/><E59/><V62/><F34/><W116/><G116/><T61/><D78/><U91/><E91/><V71/><F71/><W85/><G22/><N who="0" m="13639" /><D69/><U28/><E28/><V37/><F31/><W47/><G47/><T68/><D68/><U39/><E39/><V134/><F29/><W42/><G30/><T9/><D7/><U3/><E3/><V129/><F37/><W48/><G21/><T44/><D44/><U83/><E83/><V80/><F80/><W50/><G15/><T70/><D70/><U119/><E119/><V135/><F12/><W23/><G14/><T53/><D107/><U81/><E81/><V72/><F13/><W40/><G23/><T127/><D127/><U118/><E118/><V4/><F4/><W67/><G82/><T97/><D10/><U105/><E105/><V52/><F135/><W46/><G46/><T76/><D9/><U54/><AGARI ba="0,1" hai="54,56,57,58,63,86,89,93,94,99,100,120,122,123" machi="54" ten="30,2000,0" yaku="1,1,0,1,53,0" doraHai="25" doraHaiUra="125" who="1" fromWho="1" sc="250,-10,240,30,250,-5,250,-5" /><INIT seed="1,0,0,4,4,15" ten="240,270,245,245" oya="1" hai0="112,16,95,20,56,82,21,93,49,37,72,11,91" hai1="52,59,29,87,74,99,45,66,120,19,110,60,107" hai2="9,79,73,124,25,83,39,43,26,44,35,28,105" hai3="80,58,131,119,77,115,1,76,51,130,90,34,89"/><U55/><E74/><V64/><F26/><W62/><G34/><T13/><D112/><U0/><E120/><V129/><F129/><N who="3" m="49163" /><G1/><T24/><D37/><U17/><E0/><V67/><F105/><W69/><G115/><T22/><D95/><U81/><E29/><V128/><F128/><W71/><G119/><T113/><D82/><U8/><E110/><V118/><F118/><W18/><G51/><T32/><D72/><U103/><E8/><V94/><F124/><W10/><G10/><T63/><D49/><U102/><E45/><V61/><F61/><W114/><G114/><T50/><D50/><U36/><E36/><V70/><F70/><N who="3" m="26635" /><G18/><N who="1" m="6666" /><E107/><V57/><F57/><W135/><G135/><T86/><D32/><U75/><E75/><V104/><F104/><W40/><G40/><T65/><D113/><U12/><E12/><V27/><F27/><AGARI ba="0,0" hai="11,13,16,20,21,22,24,27,56,63,65,86,91,93" machi="27" ten="40,5200,0" yaku="8,1,52,1,54,1" doraHai="15" who="0" fromWho="2" sc="240,52,270,0,245,-52,245,0" /><INIT seed="2,0,0,5,2,103" ten="292,270,193,245" oya="2" hai0="62,81,44,60,26,15,104,48,111,40,97,70,13" hai1="85,86,41,122,39,90,33,98,31,87,8,105,76" hai2="91,42,24,57,27,133,102,38,22,116,43,106,114" hai3="72,134,50,128,74,94,54,16,101,82,51,58,25"/><V37/><F114/><W61/><G128/><T107/><D111/><U6/><E122/><V135/><F116/><W0/><G0/><T55/><D70/><U45/><E31/><V92/><F57/><W63/><G134/><N who="2" m="51209" /><F27/><W67/><G72/><T21/><D97/><U77/><E33/><V121/><F121/><W59/><G74/><T80/><D40/><N who="2" m="15402" /><F102/><W115/><G82/><T96/><D96/><U123/><E123/><V29/><F106/><W68/><G68/><T110/><D80/><U119/><E105/><V64/><F64/><W23/><G115/><T30/><D81/><U34/><E34/><V71/><F71/><W32/><G32/><T118/><D118/><U124/><E119/><V36/><F36/><W83/><G83/><T7/><D110/><U1/><E124/><V47/><F47/><W127/><G127/><T35/><D35/><U120/><E120/><V95/><F95/><W49/><G94/><T3/><D3/><U4/><E4/><V129/><F129/><W18/><REACH who="3" step="1"/><G101/><REACH who="3" ten="292,270,193,235" step="2"/><T46/><D107/><U108/><E108/><V100/><F100/><W5/><G5/><T2/><D104/><U113/><E113/><V11/><F11/><W56/><G56/><T10/><D46/><U131/><E131/><V69/><F69/><W109/><G109/><T53/><D2/><U9/><E9/><V66/><F66/><W126/><G126/><T65/><D7/><U12/><E1/><V93/><F93/><W130/><G130/><T75/><D65/><U112/><E112/><V19/><F29/><AGARI ba="0,1" hai="16,18,23,25,29,49,50,51,54,58,59,61,63,67" machi="29" ten="40,5200,0" yaku="1,1,8,1,54,1,53,0" doraHai="103" doraHaiUra="28" who="3" fromWho="2" sc="292,0,270,0,193,-52,235,62" /><INIT seed="3,0,0,0,5,135" ten="292,270,141,297" oya="3" hai0="132,27,95,9,31,61,119,115,106,22,67,19,57" hai1="65,109,25,39,21,125,126,113,60,124,102,103,24" hai2="56,81,15,98,53,122,74,32,114,10,44,111,99" hai3="36,130,54,13,120,41,116,85,91,127,105,47,23"/><W29/><G105/><T62/><D119/><U96/><E113/><V58/><F114/><W64/><G116/><T17/><D115/><U66/><E109/><V46/><F32/><W92/><G120/><T7/><D106/><N who="1" m="63815" /><E39/><V89/><F122/><W76/><G130/><T50/><D132/><U8/><E103/><V51/><F111/><W69/><G76/><T94/><D50/><U82/><E82/><V83/><F74/><W73/><G73/><T128/><D128/><U16/><E8/><V48/><F83/><W133/><G133/><T77/><D77/><U112/><E112/><V71/><F71/><W121/><G121/><T80/><D80/><U49/><E49/><V129/><F129/><W52/><G64/><N who="1" m="24682" /><E60/><V6/><F99/><W75/><G69/><T37/><D37/><U12/><AGARI ba="0,0" hai="12,16,21,24,25,124,125,126" m="24682,63815" machi="12" ten="40,8000,1" yaku="18,1,52,3,54,1" doraHai="135" who="1" fromWho="1" sc="292,-20,270,80,141,-20,297,-40" /><INIT seed="4,0,0,3,3,135" ten="272,350,121,257" oya="0" hai0="87,84,78,65,75,102,80,34,108,58,62,101,104" hai1="20,48,44,4,69,130,111,2,106,90,37,81,110" hai2="38,31,63,116,93,107,53,5,24,41,54,19,42" hai3="52,103,30,112,131,73,77,10,49,32,8,14,59"/><T82/><D34/><U50/><E106/><V45/><F107/><W27/><G112/><T66/><D108/><U21/><E69/><V25/><F116/><W86/><G131/><T96/><D101/><U70/><E70/><V0/><F42/><W22/><G73/><T71/><D71/><U43/><E130/><V29/><F19/><W91/><G103/><T7/><D7/><U51/><E4/><V18/><F18/><W9/><G77/><T39/><D39/><U12/><E2/><V92/><F63/><W117/><G117/><T94/><D66/><U76/><E90/><V60/><F60/><W68/><G68/><T55/><D65/><U61/><E61/><V97/><F5/><W1/><G1/><T13/><D13/><U40/><E40/><V115/><F0/><W114/><G114/><T119/><D119/><U128/><E128/><V3/><F3/><W100/><G100/><T122/><D122/><U67/><E67/><V88/><F93/><N who="3" m="54519" /><G32/><T126/><D75/><U16/><REACH who="1" step="1"/><E21/><REACH who="1" ten="272,340,121,257" step="2"/><V124/><F115/><W15/><AGARI ba="0,1" hai="8,9,10,14,15,22,27,30,49,52,59" m="54519" machi="15" ten="30,2000,0" yaku="8,1,54,1" doraHai="135" who="3" fromWho="3" sc="272,-10,340,-5,121,-5,257,30" /><INIT seed="5,0,0,5,2,95" ten="262,335,116,287" oya="1" hai0="128,60,70,10,50,65,96,103,17,29,127,121,35" hai1="84,34,131,101,98,87,12,109,78,111,133,5,52" hai2="58,91,82,2,31,30,129,105,117,77,71,107,11" hai3="113,51,100,79,67,16,19,46,38,37,44,55,9"/><U4/><E34/><V24/><F71/><W68/><G113/><T125/><D128/><U23/><E131/><V14/><F117/><W62/><G100/><T66/><D66/><U90/><E133/><V94/><F129/><W36/><G79/><T0/><D50/><U43/><E43/><V75/><F2/><W88/><G9/><T72/><D17/><N who="1" m="10663" /><E78/><V3/><F58/><W123/><G123/><T8/><D121/><U114/><E114/><V104/><F3/><W21/><G88/><T64/><D64/><U99/><E101/><V27/><F27/><W86/><G86/><N who="1" m="32810" /><E52/><V110/><F110/><N who="1" m="41993" /><E90/><V1/><F1/><W112/><G112/><T81/><D0/><U53/><E53/><V32/><F30/><W73/><G73/><T13/><D81/><U49/><E49/><V134/><F134/><W74/><G74/><T39/><D72/><U63/><E63/><V6/><REACH who="2" step="1"/><F107/><REACH who="2" ten="262,335,106,287" step="2"/><W25/><G44/><T97/><D35/><U57/><E57/><V118/><F118/><W45/><G46/><T83/><D29/><U59/><E59/><V135/><F135/><W15/><G38/><T106/><D83/><U7/><AGARI ba="0,1" hai="4,5,7,98,99" m="41993,32810,10663" machi="7" ten="40,7800,0" yaku="10,1,52,2" doraHai="95" who="1" fromWho="1" sc="262,-26,335,88,106,-26,287,-26" /><INIT seed="5,1,0,0,4,114" ten="236,423,80,261" oya="1" hai0="36,97,128,31,68,109,81,86,98,91,79,104,127" hai1="65,103,135,17,130,100,72,11,24,54,29,90,53" hai2="56,6,39,50,93,27,66,9,40,41,43,30,83" hai3="19,89,71,20,121,117,55,7,122,112,105,18,70"/><U3/><E72/><V34/><F39/><W35/><G35/><T62/><D36/><U13/><E135/><V26/><F26/><W134/><G105/><T23/><D109/><U8/><E130/><V106/><F106/><W107/><G107/><T48/><D128/><U84/><E65/><V59/><F83/><W21/><G112/><T133/><D48/><U126/><E126/><V76/><F76/><W74/><G74/><N who="0" m="43255" /><D23/><U16/><E3/><V60/><F93/><W88/><G55/><T102/><D31/><U69/><E69/><V120/><F120/><W15/><G7/><T101/><D62/><U1/><E1/><V46/><REACH who="2" step="1"/><F59/><REACH who="2" ten="236,423,70,261" step="2"/><W131/><G131/><T57/><D57/><U22/><E24/><V108/><F108/><W80/><G80/><N who="0" m="49607" /><D68/><U116/><E29/><V5/><F5/><W113/><G134/><T119/><D133/><U32/><E17/><V123/><F123/><W38/><G113/><T67/><D67/><U73/><E16/><V87/><F87/><W52/><G38/><T25/><D25/><U2/><E84/><V61/><F61/><W14/><G70/><T78/><D127/><U4/><E4/><V33/><F33/><W111/><G71/><T94/><D78/><U115/><E32/><V132/><F132/><W129/><G111/><T95/><D104/><U124/><E115/><V45/><F45/><W118/><G129/><T51/><D51/><U44/><E124/><V92/><F92/><W96/><G19/><T99/><D99/><U63/><E44/><V58/><F58/><W77/><G18/><T42/><D42/><RYUUKYOKU ba="1,1" sc="236,15,423,-15,70,15,261,-15" hai0="94,95,97,98,101,102,119" hai2="6,9,27,30,34,40,41,43,46,50,56,60,66" /><INIT seed="6,2,1,1,1,129" ten="251,408,85,246" oya="2" hai0="35,94,57,53,1,71,98,50,24,121,59,13,124" hai1="39,20,19,15,58,44,128,131,28,62,22,29,101" hai2="70,72,78,135,9,3,109,118,8,41,92,2,36" hai3="47,48,14,75,46,11,51,52,112,104,18,100,93"/><V132/><F70/><W34/><G104/><T6/><D121/><U68/><E68/><V61/><F118/><W82/><G34/><T110/><D1/><N who="2" m="10" /><F61/><W30/><G112/><T83/><D110/><U125/><E101/><V67/><F67/><W49/><G30/><T42/><D124/><U26/><E125/><V81/><F92/><W25/><G25/><T10/><D71/><U89/><E89/><V64/><F64/><W76/><REACH who="3" step="1"/><G46/><REACH who="3" ten="251,408,85,236" step="2"/><T113/><D113/><U32/><E44/><N who="2" m="23591" /><F109/><W133/><G133/><AGARI ba="2,2" hai="8,9,72,78,81,132,133,135" m="23591,10" machi="133" ten="30,11600,0" yaku="20,1,52,3" doraHai="129" who="2" fromWho="3" sc="251,0,408,0,85,142,236,-122" /><INIT seed="6,3,0,2,1,61" ten="251,408,227,114" oya="2" hai0="54,37,120,44,59,97,40,98,113,10,125,124,118" hai1="121,19,110,134,67,79,36,24,39,3,122,91,47" hai2="116,105,114,130,29,23,106,104,63,107,72,53,89" hai3="126,78,70,77,127,46,41,60,99,69,117,22,9"/><V26/><F72/><W58/><G117/><T115/><D120/><N who="1" m="46187" /><E110/><V48/><F116/><W74/><G22/><T95/><D118/><U12/><E3/><V0/><F0/><W101/><G9/><T27/><D10/><N who="1" m="6551" /><E134/><V50/><F114/><N who="0" m="43530" /><D27/><U92/><E79/><V111/><F111/><W132/><G132/><T112/><N who="0" m="43538" /><T17/><DORA hai="8" /><D17/><U28/><E67/><V55/><F130/><W45/><G74/><T21/><D21/><N who="1" m="15375" /><E47/><V87/><N who="2" m="26624" /><DORA hai="128" /><V71/><F71/><W109/><G109/><T119/><D119/><U43/><E43/><V30/><F30/><W103/><G99/><AGARI ba="3,0" hai="36,39,91,92,99" m="15375,6551,46187" machi="99" ten="30,2000,0" yaku="13,1,52,1" doraHai="61,8,128" who="1" fromWho="3" sc="251,0,408,29,227,0,114,-29" /><INIT seed="7,0,0,3,3,45" ten="251,437,227,85" oya="3" hai0="74,40,122,25,97,90,77,15,51,113,112,119,103" hai1="58,37,60,101,116,72,53,6,111,85,64,92,93" hai2="52,80,68,4,44,69,134,28,120,23,87,76,57" hai3="95,59,96,11,82,108,56,9,12,29,110,31,109"/><W78/><G56/><T91/><D119/><U33/><E33/><V34/><F120/><W18/><G59/><T0/><D0/><U131/><E111/><V19/><F34/><W65/><G65/><T100/><D122/><U5/><E131/><V46/><F4/><N who="1" m="1641" /><E72/><V123/><F28/><W36/><G36/><T27/><D15/><U130/><E37/><V125/><F123/><W66/><G66/><T98/><D74/><U10/><E130/><V106/><F106/><W7/><G82/><T118/><D118/><U73/><E73/><V79/><F69/><W24/><G78/><T81/><D77/><U17/><E116/><V1/><F68/><W54/><G54/><T121/><D121/><U127/><E127/><V126/><F79/><W43/><G43/><T26/><D81/><U86/><E64/><V41/><F125/><W105/><G105/><T133/><D40/><U49/><E60/><V62/><F126/><W13/><REACH who="3" step="1"/><G24/><REACH who="3" ten="251,437,227,75" step="2"/><T47/><D27/><U83/><E93/><V129/><F41/><W35/><G35/><T63/><D63/><U94/><E83/><V114/><F80/><W84/><G84/><N who="1" m="32362" /><E101/><AGARI ba="0,1" hai="7,9,11,12,13,18,29,31,95,96,101,108,109,110" machi="101" ten="40,3900,0" yaku="1,1,10,1,53,0" doraHai="45" doraHaiUra="32" who="3" fromWho="1" sc="251,0,437,-39,227,0,75,49" /><INIT seed="7,1,0,3,4,51" ten="251,398,227,124" oya="3" hai0="91,128,36,126,104,12,49,120,46,39,22,54,86" hai1="35,89,93,113,92,34,133,0,38,5,123,28,95" hai2="74,33,62,64,50,65,67,78,7,119,72,63,40" hai3="29,121,9,116,109,6,105,61,124,4,45,87,99"/><W52/><G116/><T112/><D120/><U125/><E38/><V122/><F33/><W3/><G121/><T58/><D104/><U30/><E123/><V90/><F119/><W59/><G124/><T16/><D128/><U129/><E129/><V76/><F7/><W1/><G109/><T106/><D106/><U102/><E125/><V75/><F122/><W18/><G29/><T14/><D112/><U100/><E113/><V17/><F17/><W37/><G87/><T69/><D69/><U42/><E42/><V43/><F90/><W44/><G37/><T8/><D126/><U96/><E133/><V71/><F50/><W108/><G108/><T66/><D66/><U110/><E110/><V82/><F82/><W68/><G68/><T31/><D31/><U25/><E5/><V85/><F85/><W53/><G18/><T2/><D2/><U103/><E0/><V41/><F71/><W94/><G105/><T79/><D79/><AGARI ba="1,0" hai="40,41,43,62,63,64,65,67,72,74,75,76,78,79" machi="79" ten="50,8000,1" yaku="29,2,28,2" doraHai="51" who="2" fromWho="0" sc="251,-83,398,0,227,83,124,0" owari="168,-23.0,398,50.0,310,11.0,124,-38.0" /></mjloggm>