<mjloggm ver="2.3"><GO type="169" lobby="0"/><UN n0="%E3%82%A6%E3%83%AB%E3%83%88%E3%83%A9%E7%AB%8B%E7%9B%B4" n1="%73%69%6E%69%63%61" n2="%E3%82%82%E3%82%81%E3%82%93%E3%81%AA%E3%81%A1%E3%82%83%E3%81%84" n3="%E3%82%A6%E3%82%A3%E3%83%89%E3%82%A5%EF%BC%A0%E9%98%AA%E7%A5%9E" dan="16,16,17,16" rate="2110.23,2039.81,2159.10,2188.91" sx="M,M,F,M"/><TAIKYOKU oya="0"/><INIT seed="0,0,0,1,5,61" ten="250,250,250,250" oya="0" hai0="36,57,27,49,39,128,48,29,50,77,86,99,71" hai1="35,96,81,60,37,125,108,95,73,91,67,47,82" hai2="130,6,104,129,55,105,87,135,92,79,103,26,120" hai3="10,30,32,122,15,33,44,42,0,75,58,109,72"/><T69/><D128/><N who="2" m="49258" /><F6/><W94/><G0/><T22/><D57/><U41/><E125/><V131/><N who="2" m="49266" /><V133/><DORA hai="25" /><F55/><W118/><G118/><T62/><D99/><U78/><E108/><V76/><F26/><W56/><G109/><T11/><D11/><U65/><E35/><V116/><F120/><W63/><G58/><T7/><D7/><U123/><E123/><V17/><F17/><W3/><G3/><T12/><D12/><U54/><REACH who="1" step="1"/><E82/><REACH who="1" ten="250,240,250,250" step="2"/><V85/><F116/><W28/><G33/><T111/><D111/><U43/><E43/><V132/><F103/><W64/><G32/><T23/><D23/><U134/><E134/><V1/><F1/><W5/><G122/><T102/><D102/><U107/><E107/><N who="2" m="41035" /><F92/><W9/><G94/><T97/><D22/><U98/><E98/><V16/><F16/><W24/><G9/><T40/><D97/><U20/><E20/><V74/><F74/><W101/><G101/><T106/><D106/><U46/><E46/><V68/><F68/><W84/><G75/><T19/><D71/><U51/><E51/><V124/><F124/><W126/><G72/><T59/><D69/><U52/><E52/><V66/><F66/><W34/><G126/><T115/><D19/><U45/><E45/><V93/><F93/><W119/><G44/><T13/><D40/><U127/><E127/><V70/><F70/><W21/><G42/><T121/><D121/><U4/><E4/><V112/><F112/><W89/><G119/><T53/><D115/><U110/><E110/><V80/><F80/><N who="3" m="49287" /><G34/><N who="0" m="20799" /><D13/><U117/><E117/><RYUUKYOKU ba="0,1" sc="250,0,240,0,250,0,250,0" hai0="36,39,48,49,50,53,59,62,77,86" hai1="37,41,47,54,60,65,67,73,78,81,91,95,96" hai2="76,79,85,87,132,133,135" hai3="5,10,15,21,24,28,30,56,63,64" /><INIT seed="0,1,1,0,2,9" ten="250,240,250,250" oya="0" hai0="94,112,84,19,58,25,122,41,37,109,60,117,85" hai1="50,128,10,100,35,67,86,30,131,34,71,99,51" hai2="6,90,47,45,43,12,16,87,110,3,80,70,119" hai3="113,78,134,127,20,98,57,103,15,95,0,135,121"/><T92/><D122/><U7/><E86/><N who="0" m="33385" /><D37/><U44/><E67/><V1/><F70/><W59/><G0/><T36/><D36/><U64/><E64/><V56/><F110/><W8/><G113/><T61/><D117/><U77/><E77/><V68/><F68/><W54/><G78/><T17/><D112/><U132/><E132/><N who="3" m="50730" /><G127/><T38/><D38/><U42/><E71/><V108/><F108/><W62/><G20/><N who="0" m="13455" /><D109/><U123/><E123/><V31/><F31/><W24/><G24/><T72/><D72/><U27/><E35/><V21/><F119/><W107/><G121/><T65/><D60/><U26/><E26/><V83/><F83/><W13/><G107/><T2/><D2/><U81/><E81/><V93/><F80/><W40/><G40/><T115/><D115/><U89/><E42/><V4/><F1/><W23/><G23/><T120/><D120/><U39/><E39/><V133/><F133/><W114/><G114/><T33/><D33/><U18/><E27/><V130/><F3/><W46/><G46/><N who="2" m="17417" /><F43/><W96/><G59/><T14/><D41/><U97/><E34/><V79/><F79/><W125/><G125/><T75/><D75/><U129/><E129/><V111/><F111/><W66/><G66/><T88/><D88/><U124/><E89/><V106/><F130/><W116/><G116/><T76/><D76/><U101/><E131/><V11/><F106/><N who="3" m="63847" /><G8/><AGARI ba="1,1" hai="8,14,19,58,61,65,92,94" m="13455,33385" machi="8" ten="30,2900,0" yaku="8,1,52,1" doraHai="9" who="0" fromWho="3" sc="250,42,240,0,250,0,250,-32" /><INIT seed="0,2,0,0,5,61" ten="292,240,250,218" oya="0" hai0="15,111,43,19,105,132,118,74,124,94,59,56,109" hai1="20,92,33,53,8,46,96,3,67,55,48,4,81" hai2="40,9,23,27,21,49,104,36,30,11,10,114,99" hai3="35,127,108,89,42,22,77,113,76,29,121,71,130"/><T12/><D105/><U41/><E33/><V128/><F36/><W79/><G35/><T84/><D74/><U28/><E81/><V7/><F114/><W88/><G113/><T102/><D118/><U25/><REACH who="1" step="1"/><E67/><REACH who="1" ten="292,230,250,218" step="2"/><V1/><F128/><W126/><G130/><T97/><D124/><U106/><E106/><V91/><F104/><W82/><G126/><T26/><D132/><U90/><AGARI ba="2,1" hai="3,4,8,20,25,28,41,46,48,53,55,90,92,96" machi="90" ten="20,2700,0" yaku="1,1,0,1,7,1,53,0" doraHai="61" doraHaiUra="73" who="1" fromWho="1" sc="292,-15,230,43,250,-9,218,-9" /><INIT seed="1,0,0,5,2,93" ten="277,273,241,209" oya="1" hai0="102,38,73,76,14,45,60,15,132,83,94,43,99" hai1="85,49,81,44,88,40,18,39,107,124,116,130,117" hai2="80,126,119,101,120,30,25,86,28,113,24,7,90" hai3="8,58,75,50,31,79,103,112,19,97,121,23,70"/><U27/><E124/><V9/><F126/><W133/><G70/><T92/><D132/><U78/><E130/><V118/><F120/><W52/><G121/><T54/><D54/><U64/><E107/><V108/><F108/><W87/><G133/><T66/><REACH who="0" step="1"/><D94/><REACH who="0" ten="267,273,241,209" step="2"/><U84/><E64/><V100/><F118/><W57/><G112/><T95/><D95/><U32/><E117/><V42/><F119/><W91/><G75/><T3/><D3/><U128/><E116/><V89/><F113/><W21/><G79/><T22/><D22/><U125/><E125/><V26/><F89/><W71/><G23/><T68/><AGARI ba="0,1" hai="14,15,38,43,45,60,66,68,73,76,83,92,99,102" machi="68" ten="20,8000,1" yaku="1,1,0,1,7,1,52,1,53,1" doraHai="93" doraHaiUra="74" who="0" fromWho="0" sc="267,90,273,-40,241,-20,209,-20" /><INIT seed="2,0,0,2,3,53" ten="357,233,221,189" oya="2" hai0="105,16,98,61,1,107,15,134,29,19,124,5,50" hai1="85,32,111,36,101,122,135,87,41,125,88,57,72" hai2="46,35,17,76,27,108,56,26,71,43,55,128,30" hai3="39,110,45,77,7,103,86,82,13,109,54,79,119"/><V3/><F71/><W91/><G119/><T31/><D107/><U37/><E72/><V96/><F108/><N who="3" m="41579" /><G103/><T113/><D113/><U97/><E111/><V20/><F128/><W6/><G13/><T47/><D1/><U132/><E122/><V59/><F3/><W33/><G33/><T129/><D129/><U44/><E125/><V84/><F55/><W90/><G90/><T95/><D105/><U78/><E32/><V133/><F133/><N who="1" m="51273" /><E36/><V23/><F35/><W68/><G68/><T18/><D61/><U106/><E78/><N who="3" m="29706" /><G54/><N who="0" m="30047" /><D124/><U21/><E88/><V25/><F25/><W120/><G120/><T89/><D134/><U80/><E80/><N who="2" m="47111" /><F96/><W58/><G58/><N who="2" m="22057" /><F46/><W40/><AGARI ba="0,0" hai="6,7,39,40,45,82,86,91" m="29706,41579" machi="40" ten="30,1100,0" yaku="14,1" doraHai="53" who="3" fromWho="3" sc="357,-3,233,-3,221,-5,189,11" /><INIT seed="3,0,0,3,2,88" ten="354,230,216,200" oya="3" hai0="55,81,85,28,40,69,54,110,61,117,79,30,99" hai1="43,49,59,121,0,72,78,90,14,21,103,120,105" hai2="66,11,16,127,45,13,92,129,124,12,10,131,108" hai3="33,56,29,63,94,6,67,51,119,2,125,77,7"/><W109/><G119/><T17/><D117/><U83/><E0/><V36/><F66/><W87/><G125/><N who="2" m="48201" /><F36/><W25/><G109/><T20/><D110/><U75/><E75/><V19/><F45/><W37/><G37/><T70/><D70/><U106/><E90/><V114/><F108/><W39/><G39/><T111/><D111/><U86/><E72/><V126/><N who="2" m="48209" /><V98/><DORA hai="101" /><F114/><W82/><G2/><T65/><D40/><U68/><E68/><V133/><F133/><W89/><REACH who="3" step="1"/><G51/><REACH who="3" ten="354,230,216,190" step="2"/><T1/><D1/><U15/><E49/><V50/><F50/><W73/><AGARI ba="0,1" hai="6,7,25,29,33,56,63,67,73,77,82,87,89,94" machi="73" ten="20,18000,2" yaku="1,1,2,1,0,1,7,1,52,1,53,1" doraHai="88,101" doraHaiUra="93,53" who="3" fromWho="3" sc="354,-60,230,-60,216,-60,190,190" /><INIT seed="3,1,0,0,1,91" ten="294,170,156,380" oya="3" hai0="70,113,97,50,15,67,85,13,80,55,81,92,34" hai1="77,88,73,39,134,69,47,59,84,117,62,115,6" hai2="45,110,10,118,58,90,5,128,64,86,19,107,133" hai3="83,21,14,48,27,43,12,112,38,16,8,42,98"/><W3/><G112/><T65/><D34/><U75/><E115/><V0/><F118/><W18/><G38/><T52/><D113/><U126/><E69/><V122/><F110/><W111/><G111/><T60/><D55/><U26/><E117/><V35/><F128/><W108/><G108/><T63/><D63/><U61/><E126/><V72/><F72/><W68/><G68/><T36/><D36/><U101/><E134/><V106/><F133/><W116/><G116/><T82/><D85/><U7/><E101/><V74/><F74/><W132/><G132/><T1/><D1/><U54/><E62/><V127/><F127/><W78/><G3/><T99/><D67/><U37/><E75/><V33/><F122/><W109/><G109/><T51/><D51/><U28/><E77/><V56/><F35/><W30/><G48/><T4/><D4/><U102/><E102/><V89/><F33/><W105/><G105/><T96/><REACH who="0" step="1"/><D92/><REACH who="0" ten="284,170,156,380" step="2"/><N who="1" m="54279" /><E73/><V71/><F107/><W23/><G98/><T94/><D94/><U2/><E2/><V123/><F106/><W104/><G104/><T49/><D49/><N who="1" m="28991" /><E39/><V95/><F0/><W57/><G43/><T40/><D40/><U103/><E37/><V31/><F123/><W87/><G42/><T46/><AGARI ba="1,1" hai="13,15,46,50,52,60,65,70,80,81,82,96,97,99" machi="46" ten="30,4000,0" yaku="1,1,0,1,54,1,53,0" doraHai="91" doraHaiUra="29" who="0" fromWho="0" sc="284,53,170,-11,156,-11,380,-21" /><INIT seed="4,0,0,4,0,87" ten="337,159,145,359" oya="0" hai0="30,7,18,104,131,54,28,33,124,17,130,48,132" hai1="109,113,23,99,19,85,41,123,16,36,82,27,125" hai2="83,53,49,107,58,72,101,35,10,98,31,76,69" hai3="110,68,47,79,26,5,25,15,2,3,108,52,13"/><T34/><D104/><U6/><E123/><V61/><F10/><W45/><G68/><T115/><D48/><U84/><E109/><V39/><F39/><W57/><G79/><T66/><D54/><U97/><E125/><V86/><F31/><N who="0" m="11818" /><D66/><U133/><E6/><V64/><REACH who="2" step="1"/><F35/><REACH who="2" ten="337,159,135,359" step="2"/><W100/><G108/><T46/><D34/><U42/><E36/><V74/><AGARI ba="0,1" hai="49,53,58,61,64,69,72,74,76,83,86,98,101,107" machi="74" ten="30,7900,0" yaku="1,1,2,1,0,1,53,1" doraHai="87" doraHaiUra="103" who="2" fromWho="2" sc="337,-39,159,-20,135,89,359,-20" /><INIT seed="5,0,0,0,3,112" ten="298,139,224,339" oya="1" hai0="23,10,7,45,28,33,35,61,96,111,88,6,13" hai1="119,102,55,66,123,29,12,8,117,92,122,32,73" hai2="24,94,104,114,128,97,69,56,1,134,113,44,22" hai3="82,91,101,130,50,80,9,132,46,41,40,70,77"/><U2/><E2/><V18/><F69/><W31/><G70/><T79/><D111/><U93/><E73/><V76/><F104/><W14/><G130/><T100/><D79/><U53/><E66/><V26/><F1/><W115/><G115/><N who="2" m="44041" /><F128/><W11/><G101/><T51/><D61/><U36/><E36/><V95/><F134/><W89/><G31/><T25/><D7/><U98/><E92/><V20/><F76/><W62/><G62/><T4/><D4/><U86/><E86/><V48/><F56/><W5/><G40/><T124/><D124/><U133/><E133/><V47/><F48/><W68/><G68/><T3/><D3/><U43/><E43/><V52/><F52/><W125/><G125/><T37/><D37/><U15/><E123/><V90/><F95/><W49/><G49/><T87/><D51/><U109/><E122/><V131/><F131/><W129/><G129/><T84/><D84/><U81/><E109/><V30/><AGARI ba="0,0" hai="18,20,22,24,26,30,44,47,90,94,97" m="44041" machi="30" ten="30,2000,0" yaku="15,1,11,1" doraHai="112" who="2" fromWho="2" sc="298,-5,139,-10,224,20,339,-5" /><INIT seed="6,0,0,2,5,17" ten="293,129,244,334" oya="2" hai0="42,47,27,8,33,74,130,6,109,110,30,80,79" hai1="98,29,77,133,63,15,20,12,44,124,113,93,68" hai2="126,35,119,9,106,39,51,37,123,94,89,54,2" hai3="34,131,52,59,82,65,32,76,125,114,60,117,83"/><V73/><F123/><W61/><G117/><T25/><D25/><U21/><E113/><V87/><F119/><W115/><G125/><T7/><D7/><U3/><E3/><V48/><F73/><W1/><G1/><T111/><D130/><U28/><E124/><V95/><F106/><W23/><G23/><N who="1" m="8778" /><E133/><V105/><F105/><W72/><G83/><T128/><D128/><U116/><E116/><V53/><F35/><W91/><G91/><T108/><D108/><U85/><E68/><V101/><F126/><W75/><G75/><T5/><D5/><U40/><E63/><V41/><F41/><W71/><G131/><T0/><D110/><U13/><E44/><V70/><F70/><W78/><G78/><T64/><D64/><U46/><E46/><V120/><F120/><W57/><G71/><T104/><D104/><U55/><E55/><V100/><F2/><W129/><G129/><T67/><D67/><U62/><E62/><V121/><F121/><W36/><G36/><AGARI ba="0,0" hai="0,6,8,27,30,33,36,42,47,74,79,80,109,111" machi="36" ten="30,8000,1" yaku="7,1,25,2,23,2" doraHai="17" who="0" fromWho="3" sc="293,80,129,0,244,0,334,-80" /><INIT seed="7,0,0,5,2,24" ten="373,129,244,254" oya="3" hai0="131,99,117,118,38,44,30,16,54,6,60,79,130" hai1="5,36,7,14,108,15,63,22,8,10,106,97,59" hai2="51,3,62,25,41,67,121,72,68,123,128,93,0" hai3="87,23,11,83,19,102,28,78,37,90,77,133,95"/><W52/><G37/><T100/><D6/><U122/><E108/><V49/><F72/><W132/><G11/><T27/><D16/><U101/><E122/><N who="2" m="46603" /><F128/><N who="0" m="49194" /><D79/><U48/><E36/><V18/><F93/><W47/><G102/><T124/><D124/><U110/><E110/><V9/><F41/><W116/><G116/><T12/><D12/><U70/><E70/><V76/><F76/><W21/><G21/><N who="0" m="15727" /><D60/><U104/><E104/><V85/><F85/><W46/><G19/><T13/><D13/><U82/><E82/><V86/><F86/><N who="3" m="52695" /><G77/><T109/><D109/><U113/><E113/><V29/><F18/><W33/><G33/><T125/><D125/><U4/><E4/><N who="2" m="1159" /><F3/><W114/><G114/><T73/><D73/><U112/><E112/><V26/><F26/><N who="3" m="16479" /><G133/><T135/><D135/><U71/><E71/><V127/><F127/><W35/><G35/><AGARI ba="0,0" hai="25,29,35,49,51,62,67,68" m="1159,46603" machi="35" ten="30,2000,0" yaku="13,1,52,1" doraHai="24" who="2" fromWho="3" sc="373,0,129,0,244,20,254,-20" owari="373,48.0,129,-37.0,264,6.0,234,-17.0" /></mjloggm>