<mjloggm ver="2.3"><GO type="97" lobby="0"/><UN n0="%E7%A2%A7%E9%AD%82" n1="%74%6F%79%74%6F%79%32" n2="%E9%9D%92%E5%B5%90%E3%81%AE%E4%B8%80%E5%85%83" n3="%E5%B0%B1%E6%B4%BB%E7%94%9F%40%E5%B7%9D%E6%9D%91%E8%BB%8D%E5%9B%A3" dan="14,13,15,15" rate="2072.94,1913.14,1977.13,2023.04" sx="M,M,M,M"/><TAIKYOKU oya="0"/><INIT seed="0,0,0,1,1,57" ten="250,250,250,250" oya="0" hai0="104,133,91,129,67,135,108,33,77,62,109,118,41" hai1="51,80,17,36,56,120,60,24,2,52,126,54,114" hai2="0,96,107,34,74,71,61,4,116,124,88,29,31" hai3="125,49,131,18,69,63,132,81,19,83,46,23,14"/><T79/><D33/><U98/><E120/><V43/><F74/><W73/><G131/><T112/><D104/><U9/><E114/><V115/><F43/><W76/><G125/><T21/><D112/><U15/><E36/><V68/><F115/><W78/><G132/><N who="0" m="50763" /><D118/><U32/><E126/><V82/><F124/><W11/><G69/><N who="0" m="42231" /><D41/><U26/><E32/><V27/><F107/><W47/><G63/><T97/><D129/><U59/><E2/><V55/><F31/><W39/><G39/><T99/><D21/><U53/><E53/><V103/><F103/><W119/><G119/><T5/><D5/><U113/><E113/><V7/><F116/><W44/><G23/><T121/><D121/><U50/><E60/><V22/><F71/><W122/><G122/><T8/><D8/><U106/><E80/><V16/><F0/><W13/><G49/><T70/><D70/><U12/><E12/><V30/><F68/><W64/><G64/><T92/><D99/><U134/><E134/><V87/><F96/><W93/><G14/><T123/><D123/><U35/><E35/><V40/><F40/><W25/><G13/><T84/><D97/><U1/><E1/><V85/><F85/><W42/><G11/><T102/><D102/><AGARI ba="0,0" hai="9,15,17,24,26,50,51,52,54,56,59,98,102,106" machi="102" ten="40,2600,0" yaku="9,1,54,1" doraHai="57" who="1" fromWho="0" sc="250,-26,250,26,250,0,250,0" /><INIT seed="1,0,0,3,4,32" ten="224,276,250,250" oya="1" hai0="46,28,87,89,121,80,95,112,120,114,108,85,20" hai1="0,50,86,119,61,111,100,122,1,18,125,14,5" hai2="90,10,74,55,17,57,126,41,23,105,78,27,127" hai3="115,82,3,84,4,8,30,134,103,53,51,79,83"/><U132/><E122/><N who="0" m="47209" /><D46/><U33/><E119/><V124/><F105/><W91/><G134/><T59/><D59/><U133/><E33/><V12/><F41/><W6/><G115/><N who="0" m="44075" /><D28/><U131/><E5/><V36/><F36/><W21/><G6/><T34/><D20/><U69/><E50/><V107/><F107/><W16/><G30/><T49/><D49/><U77/><E100/><V72/><F78/><W75/><G103/><T35/><D35/><U40/><E40/><V71/><F90/><W54/><REACH who="3" step="1"/><G51/><REACH who="3" ten="224,276,250,240" step="2"/><T67/><D67/><N who="1" m="41199" /><E131/><V56/><F71/><W42/><G42/><T48/><D48/><U44/><E44/><V63/><REACH who="2" step="1"/><F57/><REACH who="2" ten="224,276,240,240" step="2"/><W113/><G113/><T2/><D34/><U47/><E47/><V130/><F130/><W110/><G110/><T106/><D106/><U11/><E133/><V66/><F66/><W22/><G22/><T118/><D118/><U62/><E132/><V58/><F58/><W109/><G109/><T94/><D108/><U26/><E111/><V93/><F93/><N who="0" m="35338" /><D87/><U128/><E128/><V104/><F104/><W60/><G60/><T117/><D117/><U97/><E86/><V45/><F45/><W29/><G29/><AGARI ba="0,2" hai="10,12,17,23,27,29,55,56,63,72,74,124,126,127" machi="29" ten="40,2600,0" yaku="1,1,18,1,53,0" doraHai="32" doraHaiUra="76" who="2" fromWho="3" sc="224,0,276,0,240,46,240,-26" /><INIT seed="2,0,0,5,1,134" ten="224,276,286,214" oya="2" hai0="87,128,31,105,103,16,120,17,95,123,63,29,99" hai1="23,22,92,53,15,69,118,19,132,40,113,90,85" hai2="81,24,84,93,55,117,11,25,10,52,2,71,75" hai3="12,104,114,107,64,51,32,38,108,110,126,79,72"/><V73/><F71/><W94/><G38/><T27/><D128/><U135/><E69/><V46/><F117/><W67/><G32/><T62/><D87/><U54/><E113/><V37/><F93/><W21/><G114/><T80/><D80/><U43/><E118/><V13/><F2/><W9/><G21/><T91/><D31/><U7/><E7/><V66/><F66/><W20/><G20/><T30/><D30/><U35/><E35/><V68/><F68/><W49/><G94/><T41/><D41/><U98/><E23/><V28/><F37/><W83/><G64/><T97/><D120/><U102/><E43/><V133/><F133/><N who="1" m="51273" /><E40/><V82/><F13/><W70/><G67/><T5/><D5/><U48/><E48/><N who="3" m="18506" /><G126/><T50/><D50/><U47/><E47/><V18/><F84/><W106/><G70/><T96/><D123/><U6/><E6/><V121/><F18/><N who="0" m="7274" /><D103/><U34/><E34/><V57/><F121/><W14/><G9/><T45/><D45/><U119/><E119/><V127/><F46/><W44/><G44/><T116/><D105/><AGARI ba="0,0" hai="15,19,22,53,54,85,90,92,98,102,105" m="51273" machi="105" ten="30,1000,0" yaku="20,1" doraHai="134" who="1" fromWho="0" sc="224,-10,276,10,286,0,214,0" /><INIT seed="3,0,0,4,5,62" ten="214,286,286,214" oya="3" hai0="11,4,23,41,20,79,9,64,69,55,83,70,94" hai1="33,90,48,130,58,97,17,66,26,86,102,105,93" hai2="12,42,0,74,127,128,112,46,73,19,10,81,120" hai3="80,27,115,98,67,111,133,89,24,72,96,126,124"/><W95/><G115/><T13/><D55/><U104/><E130/><V87/><F112/><W107/><G133/><T2/><D94/><U47/><E66/><V14/><F0/><W51/><G51/><T7/><D41/><U121/><E58/><V37/><F128/><W54/><G54/><T92/><D92/><U28/><E17/><V75/><F120/><W85/><G67/><T123/><D123/><U100/><E121/><V44/><F44/><W78/><G111/><T45/><D45/><U8/><E8/><V77/><F127/><N who="3" m="48683" /><G24/><T134/><D134/><U22/><E33/><V53/><F53/><W16/><G107/><T117/><D117/><U38/><E38/><V3/><F3/><W59/><G59/><T36/><D36/><U119/><E119/><V101/><F101/><W52/><G52/><T116/><D116/><U110/><E102/><V125/><F125/><W122/><G122/><T6/><D6/><U63/><E63/><V21/><REACH who="2" step="1"/><F75/><REACH who="2" ten="214,286,276,214" step="2"/><W103/><G103/><T34/><D64/><U1/><E1/><V114/><F114/><W30/><G16/><AGARI ba="0,1" hai="10,12,14,16,19,21,37,42,46,73,74,77,81,87" machi="16" ten="30,3900,0" yaku="1,1,7,1,54,1,53,0" doraHai="62" doraHaiUra="31" who="2" fromWho="3" sc="214,0,286,0,276,49,214,-39" owari="214,-19.0,286,9.0,325,42.0,175,-32.0" /></mjloggm>