<mjloggm ver="2.3"><GO type="97" lobby="0"/><UN n0="%E3%83%88%E3%83%88%E3%83%AA%E5%85%88%E7%94%9F%31%39%E6%AD%B3" n1="%E6%96%A7%E6%96%A7%E6%96%A7" n2="%E6%A5%A1%E5%AE%B6%E3%81%AE%E3%81%8A%E9%BE%8D" n3="%E8%B6%85%E8%83%BD%E5%8A%9B%E8%80%85" dan="15,13,14,14" rate="2025.08,1830.30,1916.12,1962.76" sx="F,M,M,M"/><TAIKYOKU oya="0"/><INIT seed="0,0,0,5,4,5" ten="250,250,250,250" oya="0" hai0="33,3,25,119,37,97,56,47,96,129,35,28,88" hai1="62,20,108,82,54,34,120,112,118,99,123,75,0" hai2="65,40,107,18,95,15,31,131,17,50,57,111,13" hai3="94,8,85,72,134,68,76,91,124,63,61,46,81"/><T80/><D119/><U60/><E118/><V84/><F107/><W7/><G124/><T10/><D129/><U83/><E34/><V71/><F111/><W14/><G134/><T19/><D33/><U16/><E108/><V109/><F71/><W6/><G46/><T52/><D47/><U55/><E112/><V121/><F131/><W41/><G41/><T66/><D66/><U67/><E0/><V98/><F121/><W115/><G115/><T30/><D37/><U21/><E99/><N who="0" m="37961" /><D3/><U39/><E67/><V9/><F84/><W106/><G68/><T103/><D103/><U116/><E116/><V36/><F31/><N who="0" m="11818" /><D35/><U12/><E12/><V74/><F74/><W101/><G6/><T27/><D80/><U133/><E39/><V110/><F36/><W104/><G104/><T22/><D88/><U100/><E100/><V79/><F110/><W24/><G101/><T93/><D93/><U78/><E133/><V11/><F109/><W105/><G106/><T38/><D38/><U113/><E113/><V48/><F79/><W51/><G105/><T92/><D92/><U42/><E78/><V64/><F40/><W26/><G81/><T135/><D135/><U73/><E42/><V87/><F87/><W44/><G76/><T89/><D89/><U114/><E114/><V128/><F128/><W32/><G72/><T126/><D126/><U122/><E122/><V59/><F98/><W102/><G102/><T4/><D4/><U77/><E77/><V90/><F90/><W70/><G32/><T69/><D69/><U117/><E117/><V130/><F130/><RYUUKYOKU ba="0,0" sc="250,-15,250,15,250,15,250,-15" hai1="16,20,21,54,55,60,62,73,75,82,83,120,123" hai2="9,11,13,15,17,18,48,50,57,59,64,65,95" /><INIT seed="1,1,0,3,0,89" ten="235,265,265,235" oya="1" hai0="131,9,88,70,62,3,32,54,115,120,108,127,4" hai1="100,18,118,66,121,19,71,48,30,35,60,63,129" hai2="47,76,123,97,50,128,122,41,8,28,20,49,34" hai3="79,102,1,86,65,117,72,22,90,82,5,17,78"/><U57/><E121/><V13/><F128/><W130/><G130/><T52/><D115/><U27/><E129/><V92/><F34/><W6/><G117/><T126/><D131/><U61/><E118/><V124/><F124/><N who="0" m="47658" /><D32/><U107/><E61/><V101/><F76/><W33/><G33/><T16/><D120/><U46/><E60/><V39/><F50/><W93/><G65/><N who="0" m="41271" /><D108/><U74/><E57/><V134/><F134/><W114/><G114/><T98/><D16/><U87/><E87/><V10/><F10/><W25/><G78/><T132/><D132/><U31/><E74/><V109/><F109/><W116/><G116/><T99/><D99/><N who="1" m="61855" /><E30/><V58/><F28/><W80/><G1/><T83/><D83/><U81/><E81/><V56/><F20/><W113/><G113/><T38/><D38/><U73/><E73/><V51/><F39/><W29/><G29/><T64/><D64/><U15/><E15/><V94/><F123/><W125/><G125/><T23/><D23/><U45/><E45/><N who="2" m="25775" /><F122/><W105/><G80/><T135/><D135/><U69/><E69/><V55/><F13/><W75/><G75/><T133/><D133/><U11/><E11/><V59/><F8/><W26/><G26/><T24/><D24/><U91/><E91/><V103/><F101/><W67/><G67/><T2/><D2/><U21/><E21/><V68/><F68/><W40/><G40/><AGARI ba="1,0" hai="18,19,27,31,35,40,46,48,63,66,71" m="61855" machi="40" ten="30,1500,0" yaku="25,1" doraHai="89" who="1" fromWho="3" sc="235,0,265,18,265,0,235,-18" /><INIT seed="1,2,0,3,1,100" ten="235,283,265,217" oya="1" hai0="110,121,83,116,92,65,50,80,101,45,54,49,17" hai1="19,27,36,70,16,47,0,81,89,120,78,114,74" hai2="59,2,44,134,58,37,67,85,22,8,43,111,123" hai3="60,9,98,71,122,103,55,102,99,32,12,125,97"/><U73/><E120/><V35/><F134/><W46/><G122/><T28/><D121/><U14/><E114/><V23/><F111/><W38/><G32/><T51/><D116/><U106/><E106/><V112/><F35/><W53/><G125/><T11/><D110/><U18/><E70/><V119/><F119/><W107/><G98/><N who="0" m="59591" /><D65/><U56/><E74/><V135/><F135/><W86/><G86/><T104/><D104/><U33/><E0/><V128/><F123/><W41/><G71/><T52/><D28/><U91/><E33/><V129/><F112/><W25/><G25/><T24/><D50/><U1/><E27/><V20/><F85/><W77/><G60/><T26/><D26/><U132/><E1/><V7/><REACH who="2" step="1"/><F67/><REACH who="2" ten="235,283,255,217" step="2"/><W87/><G87/><T82/><D82/><U64/><E132/><V133/><F133/><W34/><G34/><T30/><D30/><U29/><E29/><V94/><F94/><W5/><G77/><T61/><D83/><U124/><E81/><V131/><AGARI ba="2,1" hai="2,7,8,20,22,23,37,43,44,58,59,128,129,131" machi="131" ten="40,12000,2" yaku="1,1,0,1,19,1,53,3" doraHai="100" doraHaiUra="127" who="2" fromWho="2" sc="235,-32,283,-62,255,136,217,-32" /><INIT seed="2,0,0,3,3,23" ten="203,221,391,185" oya="2" hai0="31,119,46,109,14,13,39,18,63,134,84,100,37" hai1="131,38,6,42,62,116,108,130,15,66,126,74,107" hai2="124,20,93,60,77,2,112,64,58,98,105,80,0" hai3="72,83,106,120,82,35,49,87,57,78,8,129,97"/><V55/><F124/><W41/><G120/><T122/><D122/><U135/><E107/><V56/><F112/><W65/><G129/><N who="1" m="49162" /><E74/><V123/><F105/><W53/><G35/><T95/><D109/><U88/><E116/><V48/><F123/><W102/><G8/><T81/><D119/><U127/><E108/><V92/><F92/><W118/><G118/><T30/><D134/><U12/><E6/><V33/><F33/><W32/><G32/><T34/><D14/><U79/><E79/><V59/><F59/><W26/><G26/><T50/><D63/><U103/><E103/><V5/><F5/><W22/><G22/><N who="0" m="11599" /><D39/><U7/><E7/><V121/><F121/><W91/><REACH who="3" step="1"/><G65/><REACH who="3" ten="203,221,391,175" step="2"/><T89/><D34/><U61/><E66/><V21/><F20/><W115/><G115/><T19/><D19/><U9/><E9/><V73/><F21/><W11/><G11/><T47/><D37/><U24/><E38/><V128/><F128/><W99/><G99/><N who="0" m="59519" /><D47/><U10/><E10/><V117/><REACH who="2" step="1"/><F117/><REACH who="2" ten="203,221,381,175" step="2"/><W96/><G96/><T71/><D31/><U44/><E127/><V104/><F104/><W70/><G70/><T125/><D71/><U110/><E126/><V27/><F27/><W40/><AGARI ba="0,2" hai="40,41,49,53,57,72,78,82,83,87,91,97,102,106" machi="40" ten="30,2000,0" yaku="1,1,0,1,53,0" doraHai="23" doraHaiUra="1" who="3" fromWho="3" sc="203,-5,221,-5,381,-10,175,40" /><INIT seed="3,0,0,2,5,17" ten="198,216,371,215" oya="3" hai0="40,76,29,130,24,78,54,38,102,34,11,92,101" hai1="4,99,55,98,19,57,16,125,42,31,43,39,106" hai2="7,0,30,134,108,94,35,53,46,75,79,50,91" hai3="122,1,132,10,86,13,28,133,93,82,88,36,115"/><W121/><G36/><T5/><D130/><U112/><E112/><V15/><F134/><N who="3" m="51819" /><G115/><T8/><D8/><U9/><E125/><V131/><F108/><W47/><G1/><T124/><D124/><U111/><E111/><V117/><F131/><W126/><G126/><T68/><D68/><U113/><E113/><V104/><F117/><W110/><G110/><T97/><D101/><U12/><E31/><V128/><F128/><W37/><G28/><T81/><D54/><U6/><E39/><V60/><F0/><W90/><G37/><T83/><D38/><U61/><E106/><V18/><F104/><W123/><G47/><T77/><REACH who="0" step="1"/><D40/><REACH who="0" ten="188,216,371,215" step="2"/><U67/><E43/><V45/><F7/><N who="3" m="3295" /><G122/><T120/><D120/><U64/><E42/><V23/><F75/><W14/><G14/><AGARI ba="0,1" hai="5,11,14,24,29,34,76,77,78,81,83,92,97,102" machi="14" ten="40,1300,0" yaku="1,1,53,0" doraHai="17" doraHaiUra="105" who="0" fromWho="3" sc="188,23,216,0,371,0,215,-13" owari="211,-19.0,216,2.0,371,47.0,202,-30.0" /></mjloggm>