<mjloggm ver="2.3"><GO type="225" lobby="0"/><UN n0="%E8%BF%A6%E9%99%B5%E9%A0%BB%E4%BC%BD" n1="%E3%83%88%E3%83%88%E3%83%AA%E5%85%88%E7%94%9F%31%39%E6%AD%B3" n2="%E8%B6%85%E4%BA%BA%EF%BC%AD" n3="%E6%84%9B%E5%AE%95%E3%83%8D%E3%82%AD%E3%80%82" dan="17,16,17,16" rate="2130.68,2144.34,2211.55,2081.01" sx="F,F,M,M"/><TAIKYOKU oya="0"/><INIT seed="0,0,0,0,1,45" ten="250,250,250,250" oya="0" hai0="88,47,46,111,104,14,3,105,12,23,80,10,55" hai1="124,39,73,79,62,89,25,44,107,97,43,22,132" hai2="4,1,83,93,49,70,32,31,0,94,112,85,75" hai3="86,125,53,118,131,123,119,106,126,66,133,78,8"/><T91/><D3/><U71/><E132/><V64/><F75/><W7/><G66/><T9/><D23/><U134/><E134/><V101/><F112/><W42/><G133/><T57/><D80/><U51/><E124/><N who="3" m="47722" /><G106/><T11/><D105/><U72/><E79/><V2/><F4/><W76/><G42/><T102/><D104/><U121/><E121/><V109/><F101/><W52/><G123/><T120/><D102/><U95/><E107/><V81/><F81/><N who="3" m="47399" /><G78/><T128/><D120/><U29/><E71/><V82/><F83/><W99/><G99/><T38/><D128/><U68/><REACH who="1" step="1"/><E39/><REACH who="1" ten="250,240,250,250" step="2"/><V87/><F70/><W54/><G131/><T13/><D38/><U113/><E113/><V33/><F109/><W114/><G114/><T67/><D111/><U108/><E108/><V16/><F64/><AGARI ba="0,1" hai="22,25,29,43,44,51,62,64,68,72,73,89,95,97" machi="64" ten="40,2600,0" yaku="1,1,52,1,53,0" doraHai="45" doraHaiUra="116" who="1" fromWho="2" sc="250,0,240,36,250,-26,250,0" /><INIT seed="1,0,0,0,2,76" ten="250,276,224,250" oya="1" hai0="9,7,101,14,31,97,69,92,10,29,4,132,42" hai1="36,128,34,2,21,45,37,96,129,81,122,90,80" hai2="88,93,1,117,71,67,35,52,18,53,68,19,20" hai3="111,86,127,32,123,95,48,63,62,66,75,110,134"/><U133/><E122/><V104/><F35/><W25/><G75/><T105/><D69/><U11/><E34/><V125/><F104/><W54/><G127/><T50/><D132/><U33/><E33/><V64/><F1/><W83/><G123/><T58/><D105/><U56/><E133/><V61/><F117/><W102/><G134/><T15/><REACH who="0" step="1"/><D58/><REACH who="0" ten="240,276,224,250" step="2"/><U116/><E56/><V107/><F107/><W51/><G111/><T109/><D109/><U24/><E116/><V12/><F125/><W121/><G110/><T99/><D99/><U89/><E96/><V77/><F77/><W0/><G121/><T91/><D91/><U38/><E90/><V5/><F5/><W118/><G118/><T55/><D55/><U124/><E89/><V108/><F108/><W119/><G119/><T47/><AGARI ba="0,1" hai="4,7,9,10,14,15,29,31,42,47,50,92,97,101" machi="47" ten="30,7900,0" yaku="1,1,0,1,9,1,8,1,53,0" doraHai="76" doraHaiUra="73" who="0" fromWho="0" sc="240,89,276,-39,224,-20,250,-20" /><INIT seed="2,0,0,2,2,28" ten="329,237,204,230" oya="2" hai0="113,87,69,112,32,68,126,2,84,58,97,10,72" hai1="37,86,42,62,95,43,122,13,53,103,125,117,46" hai2="85,45,115,101,100,48,135,124,134,110,15,24,89" hai3="76,0,66,78,27,12,41,6,118,61,34,108,14"/><V127/><F115/><W39/><G118/><T128/><D58/><N who="1" m="35151" /><E37/><V104/><F15/><W131/><G0/><T91/><D10/><U65/><E117/><V19/><F24/><W1/><G1/><T109/><D97/><N who="1" m="59839" /><E65/><V111/><F19/><W47/><G108/><N who="2" m="41513" /><F48/><W17/><G131/><T70/><D128/><U81/><E125/><N who="2" m="48203" /><F45/><W29/><G6/><T20/><D126/><U5/><E122/><V33/><F33/><W56/><REACH who="3" step="1"/><G12/><REACH who="3" ten="329,237,204,220" step="2"/><T106/><D2/><U133/><E5/><V93/><F104/><W38/><G38/><T119/><D106/><U121/><E13/><V82/><F93/><W120/><G120/><T74/><D109/><U88/><E121/><V23/><F23/><AGARI ba="0,1" hai="14,17,23,27,29,34,39,41,47,56,61,66,76,78" machi="23" ten="30,7700,0" yaku="1,1,7,1,52,1,53,1" doraHai="28" doraHaiUra="52" who="3" fromWho="2" sc="329,0,237,0,204,-77,220,87" /><INIT seed="3,0,0,1,5,130" ten="329,237,127,307" oya="3" hai0="31,77,103,65,74,29,106,122,53,82,68,2,87" hai1="28,119,133,38,104,78,126,13,112,47,76,96,26" hai2="10,51,11,60,22,34,44,63,108,59,27,43,1" hai3="42,37,84,79,20,5,45,105,67,70,39,113,7"/><W132/><G105/><T135/><D135/><U125/><E13/><V90/><F34/><W81/><G132/><T25/><D122/><U71/><E78/><V94/><F1/><W35/><G35/><T55/><D2/><U97/><E97/><V123/><F63/><W46/><G113/><T48/><D48/><U128/><E128/><V33/><F33/><W19/><G67/><T24/><D68/><U118/><E112/><V41/><F41/><W61/><G61/><T127/><D65/><U101/><E71/><V49/><F49/><W52/><G70/><T95/><D127/><N who="1" m="48651" /><E76/><V134/><F108/><W83/><G83/><T18/><D106/><U8/><E8/><V40/><F40/><W120/><G120/><T57/><D24/><U117/><E47/><V86/><F134/><W17/><G37/><T9/><D9/><U36/><E133/><V114/><F114/><W15/><G19/><T111/><D111/><U89/><E89/><V107/><F107/><W124/><G124/><T98/><D74/><U66/><E66/><V6/><F6/><W72/><G72/><T69/><D69/><U64/><E64/><V58/><F58/><W73/><G73/><T110/><D110/><U129/><E129/><V92/><F92/><W109/><G109/><T75/><D75/><U0/><E0/><V23/><F123/><W91/><G79/><T102/><D102/><U56/><E56/><V54/><REACH who="2" step="1"/><F23/><REACH who="2" ten="329,237,117,307" step="2"/><W100/><G42/><T16/><D57/><U115/><E115/><V93/><F93/><W32/><G20/><T50/><D95/><U131/><E118/><RYUUKYOKU ba="0,1" sc="329,-10,237,-10,117,30,307,-10" hai2="10,11,22,27,43,44,51,54,59,60,86,90,94" owari="329,42.0,227,-17.0,147,-35.0,297,10.0" /></mjloggm>