<mjloggm ver="2.3"><GO type="225" lobby="0"/><UN n0="%E4%B8%8A%E5%AE%B6%E3%81%AF%E6%80%AA%E3%81%97%E3%81%84%EF%BC%81%EF%BC%81" n1="%E6%B7%AB%E7%8D%A3%E5%AE%AE%E8%97%A4" n2="%E3%81%BF%E3%82%85%E3%82%93%E3%81%93" n3="%E5%B0%B1%E6%B4%BB%E7%94%9F%40%E5%B7%9D%E6%9D%91%E8%BB%8D%E5%9B%A3" dan="17,16,18,16" rate="2120.15,2108.32,2232.39,2046.77" sx="M,M,F,M"/><TAIKYOKU oya="0"/><INIT seed="0,0,0,3,5,130" ten="250,250,250,250" oya="0" hai0="20,73,82,110,32,7,27,23,133,86,25,2,44" hai1="91,111,99,69,59,13,80,84,124,129,31,35,104" hai2="67,46,66,103,105,123,26,30,100,53,78,101,37" hai3="33,49,113,16,38,55,51,126,18,89,85,39,17"/><T22/><D73/><U63/><E69/><V64/><F123/><W119/><G33/><T95/><D44/><U6/><E129/><V5/><F5/><W19/><G119/><T58/><D95/><U10/><E111/><V112/><F112/><W72/><G113/><T81/><D110/><U61/><E124/><V45/><F105/><W135/><G72/><T107/><D107/><U127/><E127/><V125/><F125/><W36/><G126/><T21/><D58/><U43/><E43/><V14/><F78/><W11/><G135/><T77/><D133/><U109/><E109/><V106/><F106/><W4/><N who="3" m="4608" /><DORA hai="70" /><W42/><G42/><T52/><D81/><U9/><E61/><V76/><F76/><W28/><G28/><T60/><D32/><U12/><E104/><V3/><F3/><W68/><G68/><T98/><D98/><U48/><E48/><V92/><F14/><W93/><REACH who="3" step="1"/><G55/><REACH who="3" ten="250,250,250,240" step="2"/><T108/><D108/><U128/><E128/><V41/><F53/><W74/><G74/><T134/><D134/><U29/><E35/><V121/><F67/><W0/><AGARI ba="0,1" hai="0,4,11,36,38,39,49,51,85,89,93" m="4608" machi="0" ten="50,12000,2" yaku="1,1,0,1,52,3,54,1,53,0" doraHai="130,70" doraHaiUra="96,57" who="3" fromWho="3" sc="250,-60,250,-30,250,-30,240,130" /><INIT seed="1,0,0,4,1,122" ten="190,220,220,370" oya="1" hai0="74,37,67,79,73,58,123,26,13,130,70,63,66" hai1="10,46,11,105,104,15,61,21,100,93,4,82,117" hai2="23,6,83,118,76,19,124,36,14,54,125,47,114" hai3="20,44,18,33,7,86,80,126,24,107,2,22,0"/><U5/><E117/><V53/><F118/><W134/><G107/><T72/><D123/><U131/><E131/><V31/><F114/><W113/><G113/><T64/><D130/><U94/><E21/><V1/><F31/><W12/><G126/><N who="2" m="48745" /><F1/><W75/><G75/><T133/><D133/><U71/><E104/><V88/><F6/><W34/><G134/><T96/><D37/><U32/><E32/><N who="3" m="12394" /><G44/><T127/><D127/><U129/><E129/><V49/><F36/><W50/><G50/><T116/><D116/><U101/><E46/><V65/><F65/><W98/><G98/><T41/><D41/><U119/><E119/><V69/><F69/><W89/><G89/><T109/><D96/><U68/><E105/><V62/><F88/><W40/><G86/><T29/><D70/><U108/><E82/><V78/><F83/><W60/><G60/><T57/><D79/><U28/><E61/><V8/><F8/><N who="3" m="4127" /><G40/><T87/><D63/><U39/><E39/><V17/><F62/><W59/><G59/><T115/><D115/><U42/><E42/><V77/><F54/><W55/><G55/><T48/><D48/><U112/><E112/><V103/><F103/><W52/><G52/><T16/><D58/><U81/><E81/><V95/><F95/><W84/><G84/><T106/><D57/><U38/><E38/><V3/><F3/><N who="3" m="1067" /><G80/><T35/><D87/><U102/><E102/><V45/><F45/><W121/><G121/><T110/><REACH who="0" step="1"/><D106/><REACH who="0" ten="180,220,220,370" step="2"/><U43/><E43/><V56/><F56/><W135/><G135/><T92/><D92/><N who="1" m="35435" /><E71/><V99/><F99/><RYUUKYOKU ba="0,1" sc="180,10,220,-30,220,10,370,10" hai0="13,16,26,29,35,64,66,67,72,73,74,109,110" hai2="14,17,19,23,47,49,53,76,77,78" hai3="18,20,22,24" /><INIT seed="2,1,1,1,3,116" ten="190,190,230,380" oya="2" hai0="112,22,28,133,12,17,118,44,107,92,134,69,101" hai1="119,66,80,85,24,127,63,59,117,39,5,99,115" hai2="135,78,76,93,100,97,36,103,111,125,61,10,108" hai3="79,96,131,110,30,123,35,121,75,94,104,45,46"/><V2/><F36/><W41/><G104/><T114/><D69/><U54/><E115/><V120/><F120/><W86/><G75/><T23/><D118/><U4/><E39/><V43/><F43/><W132/><G35/><T87/><D107/><U57/><E119/><V77/><F61/><W83/><G30/><T105/><D105/><U73/><E73/><V62/><F62/><W89/><G110/><N who="2" m="42025" /><F125/><W48/><G131/><T52/><D28/><U29/><E117/><V8/><F135/><N who="0" m="51722" /><D23/><N who="1" m="15519" /><E127/><V0/><F103/><W102/><G132/><T109/><D109/><U34/><E34/><V33/><F33/><W50/><G102/><T126/><D126/><U7/><E99/><V42/><F42/><AGARI ba="1,1" hai="41,42,45,46,48,50,79,83,86,89,94,96,121,123" machi="42" ten="30,7700,0" yaku="7,1,9,1,52,2" doraHai="116" who="3" fromWho="2" sc="190,0,190,0,230,-80,380,90" /><INIT seed="3,0,0,3,5,101" ten="190,190,150,470" oya="3" hai0="78,40,115,13,134,127,102,38,44,99,82,80,57" hai1="52,104,36,56,124,76,42,86,4,55,46,64,135" hai2="94,81,75,110,132,89,69,126,63,39,9,117,84" hai3="28,77,97,92,107,130,20,98,91,113,43,27,25"/><W112/><G130/><T95/><D115/><U37/><E104/><V16/><F117/><W31/><G43/><T33/><D33/><U90/><E76/><V109/><F39/><W21/><G77/><T116/><D116/><U61/><E36/><V114/><F114/><W88/><G107/><T72/><D134/><U123/><E123/><V125/><F132/><W58/><G58/><T129/><D129/><U14/><E124/><N who="2" m="47723" /><F75/><W96/><G96/><T0/><D127/><U128/><E128/><V7/><F69/><W67/><G67/><T85/><D57/><U17/><E4/><V105/><F63/><W133/><G133/><T47/><D40/><U1/><E1/><N who="2" m="239" /><F81/><W15/><G15/><T18/><D0/><U34/><E34/><V68/><F68/><W51/><G51/><T24/><D38/><U120/><E135/><V12/><F105/><W73/><G73/><T70/><D70/><U103/><E103/><V3/><F3/><W66/><G66/><T23/><D13/><U65/><E65/><V83/><F83/><W106/><G106/><T45/><D72/><U50/><E37/><V111/><F12/><W5/><G5/><T48/><D80/><N who="1" m="49479" /><E120/><V118/><F118/><W71/><G71/><T121/><D121/><U22/><AGARI ba="0,0" hai="14,17,22,42,46,50,52,55,56,61,64" m="49479" machi="22" ten="30,2000,0" yaku="8,1,54,1" doraHai="101" who="1" fromWho="1" sc="190,-5,190,20,150,-5,470,-10" owari="185,-21.0,210,1.0,145,-35.0,460,55.0" /></mjloggm>