<mjloggm ver="2.3"><GO type="169" lobby="0"/><UN n0="%E3%82%A6%E3%83%AB%E3%83%88%E3%83%A9%E7%AB%8B%E7%9B%B4" n1="%E3%83%AA%E3%82%B9%E3%83%83%E3%83%81" n2="%E3%81%AB%E3%82%85%E3%83%BC%53" n3="%53%48%49%53%55%4B%45" dan="17,16,16,17" rate="2161.99,2056.39,2074.29,2181.38" sx="M,M,F,M"/><TAIKYOKU oya="0"/><INIT seed="0,0,0,0,4,8" ten="250,250,250,250" oya="0" hai0="36,79,37,111,83,77,53,22,59,27,52,104,88" hai1="21,43,97,135,130,58,94,39,26,93,61,74,11" hai2="121,47,134,6,89,42,17,24,4,71,108,49,120" hai3="33,98,86,115,72,2,65,48,30,126,68,84,105"/><T73/><D104/><U117/><E74/><V10/><F71/><W38/><G38/><T107/><D107/><U76/><E76/><V78/><F78/><W75/><G2/><T80/><D111/><U95/><E117/><V57/><F108/><W110/><G110/><T100/><D100/><U0/><E130/><V45/><F134/><W7/><G7/><T109/><D109/><U82/><E82/><V63/><F89/><W81/><G48/><T91/><D37/><U35/><E35/><V34/><F47/><W46/><G46/><T55/><D36/><U12/><E0/><V131/><F131/><W31/><G86/><T41/><D41/><U14/><E39/><V51/><F51/><W66/><G66/><T87/><REACH who="0" step="1"/><D59/><REACH who="0" ten="240,250,250,250" step="2"/><U119/><E43/><N who="2" m="24767" /><F121/><W5/><G105/><T9/><D9/><U70/><E11/><V64/><F42/><W92/><G68/><T114/><D114/><U101/><E70/><V23/><F120/><W116/><G115/><T128/><D128/><U96/><E135/><V69/><F69/><W40/><G116/><T1/><D1/><U106/><E119/><V67/><F10/><W102/><G40/><T16/><AGARI ba="0,1" hai="16,22,27,52,53,55,73,77,79,80,83,87,88,91" machi="16" ten="30,12000,1" yaku="1,1,0,1,54,3,53,0" doraHai="8" doraHaiUra="28" who="0" fromWho="0" sc="240,130,250,-40,250,-40,250,-40" /><INIT seed="0,1,0,4,1,124" ten="370,210,210,210" oya="0" hai0="103,78,79,41,82,106,90,102,66,115,54,123,0" hai1="119,64,86,16,37,101,132,67,1,92,8,94,14" hai2="44,74,35,38,46,55,65,135,91,24,5,10,18" hai3="130,113,111,120,117,50,87,118,3,71,59,129,27"/><T17/><D0/><U134/><E119/><V128/><F74/><W126/><G3/><T23/><D106/><U9/><E37/><V97/><F65/><W25/><G71/><T93/><D66/><U28/><E28/><V20/><F35/><W80/><G113/><T4/><D41/><U22/><E86/><V72/><F72/><W51/><G120/><T108/><D4/><U21/><E67/><V84/><F135/><N who="1" m="51753" /><E64/><V95/><F38/><W112/><G112/><T69/><D69/><U47/><E47/><V75/><F75/><W6/><G6/><T12/><D123/><U11/><E101/><N who="0" m="38409" /><D82/><U104/><E104/><V36/><F36/><W52/><G126/><T70/><D70/><U77/><E77/><V53/><F84/><W99/><G99/><N who="0" m="57783" /><D115/><U34/><E34/><V58/><F53/><N who="3" m="32183" /><G118/><T116/><D116/><U56/><E56/><V88/><F91/><W133/><G117/><T98/><D98/><U96/><E96/><V19/><F19/><W31/><G133/><T125/><D125/><U83/><E83/><V7/><F7/><W89/><G31/><T131/><D79/><U48/><E1/><V40/><F40/><W2/><G2/><T29/><D78/><U114/><E114/><V73/><F73/><W61/><G80/><T109/><D29/><U30/><E30/><V32/><F32/><W45/><G87/><T62/><D54/><U26/><E92/><V68/><F68/><W49/><G52/><T81/><D81/><U39/><E94/><V60/><F5/><W105/><G105/><T122/><D122/><U57/><E39/><RYUUKYOKU ba="1,0" sc="370,0,210,0,210,0,210,0" /><INIT seed="1,2,0,4,1,15" ten="370,210,210,210" oya="1" hai0="65,112,114,28,40,9,113,82,84,119,41,110,2" hai1="25,29,111,105,129,107,63,126,18,101,42,47,51" hai2="49,13,93,122,66,61,35,31,21,55,121,99,109" hai3="30,52,130,0,131,39,50,117,37,88,3,115,125"/><U38/><E129/><N who="3" m="49162" /><G115/><T90/><D90/><U6/><E6/><V72/><F72/><W74/><G74/><T102/><D102/><U91/><E126/><V73/><F73/><W134/><G125/><T58/><D84/><U8/><E91/><V68/><F109/><W34/><G134/><T46/><D82/><U32/><E63/><V116/><F116/><W104/><G104/><T133/><D9/><U95/><E111/><V123/><F35/><W87/><G30/><T62/><D28/><U98/><REACH who="1" step="1"/><E38/><REACH who="1" ten="370,200,210,210" step="2"/><N who="3" m="14346" /><G117/><T124/><D110/><U128/><E128/><V10/><F123/><W86/><G34/><T100/><D124/><U22/><E22/><V7/><F21/><W76/><G76/><T127/><D127/><U11/><E11/><V60/><F60/><W43/><G43/><T36/><D119/><U5/><E5/><V12/><F7/><W96/><G3/><T67/><D2/><U118/><E118/><V20/><F10/><W1/><G1/><T71/><D41/><U24/><E24/><N who="2" m="16775" /><F122/><W97/><G0/><T103/><D113/><U54/><E54/><V57/><F121/><W59/><G88/><T106/><D112/><U45/><E45/><N who="2" m="28079" /><F68/><W77/><G77/><T44/><D114/><U132/><E132/><V64/><F64/><W78/><G78/><T56/><D67/><U120/><E120/><V70/><F70/><W92/><G97/><T14/><D133/><U135/><E135/><V85/><F99/><W23/><G23/><T89/><D71/><U83/><E83/><V75/><F61/><W81/><G81/><T94/><D62/><RYUUKYOKU ba="2,1" sc="370,-15,200,15,210,-15,210,15" hai1="8,18,25,29,32,42,47,51,95,98,101,105,107" hai3="50,52,59,86,87,92,96" /><INIT seed="1,3,1,2,1,54" ten="355,215,195,225" oya="1" hai0="4,3,86,98,18,41,104,130,112,85,21,88,103" hai1="27,78,60,100,20,81,43,95,52,114,116,48,127" hai2="36,73,29,90,70,126,7,92,87,5,32,13,135" hai3="37,79,45,132,106,115,118,123,83,109,47,49,23"/><U40/><E116/><V125/><F70/><W38/><G106/><T119/><D119/><U107/><E114/><V113/><F36/><W80/><G49/><T46/><D130/><U97/><E127/><N who="2" m="48651" /><F113/><W11/><G23/><T66/><D66/><U8/><E8/><N who="2" m="4239" /><F73/><W76/><G11/><T6/><D86/><N who="1" m="48439" /><E60/><V50/><F135/><W77/><G115/><T24/><D3/><U102/><E102/><V26/><F7/><W101/><G101/><T58/><D112/><U82/><E82/><V22/><F50/><W121/><G77/><T53/><D4/><U111/><E111/><V17/><F17/><W42/><G118/><T51/><D6/><U0/><E107/><V68/><F68/><W14/><G132/><T55/><D98/><U69/><E69/><V57/><F32/><W108/><G14/><T15/><D103/><U56/><E0/><V34/><F34/><W110/><G109/><T61/><D104/><U65/><E65/><V93/><F92/><W105/><G105/><T25/><D41/><AGARI ba="3,1" hai="37,38,41,42,45,47,76,79,80,83,108,110,121,123" machi="41" ten="25,1600,0" yaku="22,2" doraHai="54" who="3" fromWho="0" sc="355,-25,215,0,195,0,225,35" /><INIT seed="2,0,0,1,5,61" ten="330,215,195,260" oya="2" hai0="50,5,123,13,133,55,113,14,40,88,131,3,80" hai1="28,96,77,130,72,103,108,22,56,25,106,47,57" hai2="105,128,78,75,76,121,12,26,21,31,120,45,16" hai3="73,46,119,64,83,97,125,62,134,109,92,44,74"/><V19/><F105/><W33/><G33/><T68/><D3/><U48/><E108/><V98/><F128/><W20/><G109/><T111/><D40/><U100/><E100/><V38/><F19/><W115/><G115/><T127/><D13/><U90/><E130/><V10/><F98/><W7/><G7/><T0/><D0/><U67/><E90/><V37/><F45/><W32/><G32/><T94/><D68/><U124/><E124/><V24/><F24/><W122/><G122/><T132/><D80/><U63/><E77/><V29/><F29/><W42/><G20/><T85/><D113/><U23/><E72/><V9/><F9/><W49/><G83/><T54/><D123/><U39/><E39/><V95/><F95/><W59/><G119/><T89/><D111/><U81/><E81/><N who="2" m="45215" /><F78/><W27/><G27/><T86/><D127/><U17/><E23/><V35/><F35/><W104/><G104/><T116/><D116/><U1/><E1/><V91/><F91/><W8/><G8/><N who="0" m="4367" /><D131/><U99/><E99/><V4/><F4/><W41/><G125/><T18/><D18/><U129/><E129/><V30/><F30/><W36/><REACH who="3" step="1"/><G134/><REACH who="3" ten="330,215,195,250" step="2"/><T114/><D114/><U69/><REACH who="1" step="1"/><E28/><REACH who="1" ten="330,205,195,250" step="2"/><V87/><F121/><W2/><G2/><T60/><D133/><U110/><E110/><V84/><F120/><W112/><G112/><T43/><D132/><U107/><E107/><V65/><F31/><W15/><G15/><T58/><D94/><U6/><E6/><V11/><F12/><W126/><G126/><T71/><D86/><U82/><E82/><RYUUKYOKU ba="0,2" sc="330,-15,205,15,195,-15,250,15" hai1="17,22,25,47,48,56,57,63,67,69,96,103,106" hai3="36,41,42,44,46,49,59,62,64,73,74,92,97" /><INIT seed="3,1,2,2,0,125" ten="315,220,180,265" oya="3" hai0="37,27,50,80,114,119,65,1,69,93,131,42,45" hai1="13,8,21,44,70,67,90,127,106,40,57,55,71" hai2="97,123,129,89,101,12,112,110,63,52,128,74,92" hai3="29,133,43,109,38,88,60,108,87,84,98,36,2"/><W100/><G133/><T48/><D1/><U18/><E106/><V62/><F74/><W91/><G2/><T24/><D119/><U0/><E127/><V82/><F112/><W111/><G29/><T28/><D24/><U25/><E90/><N who="3" m="34346" /><G60/><N who="0" m="40103" /><D93/><U6/><E67/><V49/><F123/><W16/><G16/><T4/><D4/><U86/><E86/><N who="3" m="32810" /><G43/><T113/><D80/><U47/><E47/><N who="2" m="27711" /><F82/><W99/><G99/><T130/><D50/><U58/><E58/><V117/><F117/><W41/><G41/><T102/><D48/><U54/><E54/><V53/><F53/><W66/><G66/><T7/><D7/><U68/><E44/><V5/><F89/><W96/><G96/><T26/><D26/><U46/><E46/><V64/><F64/><W61/><G61/><T77/><D27/><U120/><E40/><V19/><F5/><W76/><G76/><T121/><D77/><U9/><E120/><V56/><F56/><W115/><G115/><N who="0" m="44043" /><D28/><U135/><E135/><V30/><F30/><W83/><G83/><T39/><D121/><U105/><E105/><AGARI ba="1,2" hai="36,38,98,100,105,108,109,111" m="32810,34346" machi="105" ten="40,7700,0" yaku="14,1,10,1,54,1" doraHai="125" who="3" fromWho="1" sc="315,0,220,-80,180,0,265,100" /><INIT seed="3,2,0,1,3,86" ten="315,140,180,365" oya="3" hai0="129,17,100,110,66,126,104,19,33,25,107,69,35" hai1="96,76,30,29,64,90,24,108,9,93,16,26,62" hai2="98,102,78,1,54,109,6,47,81,11,44,114,21" hai3="133,87,53,20,119,23,31,42,61,103,113,123,67"/><W105/><G42/><T12/><D104/><U99/><E108/><V106/><F114/><W48/><G31/><T40/><D40/><U72/><E72/><V49/><F109/><W89/><G103/><T13/><D66/><U124/><E124/><V88/><F21/><W82/><G105/><T41/><D41/><U91/><E76/><V125/><F125/><W2/><G2/><T22/><D69/><U132/><E132/><V116/><F116/><W83/><G83/><T95/><D107/><U71/><E24/><V39/><F39/><W8/><G8/><T34/><D126/><U79/><E79/><V37/><F37/><W58/><G113/><T14/><D110/><U94/><REACH who="1" step="1"/><E9/><REACH who="1" ten="315,130,180,365" step="2"/><V18/><F78/><W57/><G133/><T45/><D25/><U111/><E111/><V28/><F11/><W36/><G119/><T60/><D34/><U68/><E68/><V130/><F130/><W115/><G115/><T134/><D35/><U135/><E135/><V3/><F3/><W121/><G36/><T122/><D33/><U15/><E15/><V77/><F1/><W4/><G4/><T5/><D13/><U80/><E80/><V74/><F6/><W101/><G82/><T112/><D5/><U51/><E51/><V56/><F49/><W52/><G48/><T38/><D12/><U65/><E65/><V128/><F128/><W0/><G67/><T75/><D14/><U84/><E84/><V118/><F118/><W131/><G87/><T97/><D134/><U32/><E32/><V10/><F10/><W46/><G0/><T85/><D38/><RYUUKYOKU ba="2,1" sc="315,-10,130,30,180,-10,365,-10" hai1="16,26,29,30,62,64,71,90,91,93,94,96,99" /><INIT seed="4,3,1,5,4,108" ten="305,160,170,355" oya="0" hai0="96,4,6,76,61,27,26,54,47,5,77,44,43" hai1="121,80,30,83,124,84,82,104,90,69,119,127,7" hai2="130,79,58,9,101,24,49,34,92,14,8,42,120" hai3="52,78,87,115,122,103,37,73,123,107,105,71,57"/><T64/><D96/><U89/><E69/><V116/><F120/><W117/><G117/><T12/><D12/><U102/><E7/><V118/><F130/><W10/><G71/><T17/><D54/><U36/><E36/><V21/><F79/><N who="0" m="30282" /><D43/><U63/><E63/><V28/><F101/><W38/><G38/><T112/><D112/><U97/><E30/><V128/><F92/><W135/><G37/><T93/><D93/><N who="1" m="54439" /><E121/><V95/><F95/><W66/><G115/><T75/><D75/><U32/><E32/><V2/><F128/><W46/><G73/><T110/><D110/><U51/><E51/><V65/><F65/><W134/><G123/><T98/><D98/><U114/><E119/><N who="2" m="45611" /><F2/><W41/><G122/><T60/><D60/><U55/><E55/><N who="2" m="32111" /><F42/><W1/><G41/><T126/><D61/><U11/><E11/><V109/><F109/><W86/><G10/><T106/><D64/><U31/><E31/><V131/><F131/><W23/><G66/><T74/><D74/><U18/><E18/><AGARI ba="3,1" hai="8,9,14,18,21,24,28,34" m="32111,45611" machi="18" ten="30,1000,0" yaku="12,1" doraHai="108" who="2" fromWho="1" sc="305,0,160,-19,170,29,355,0" /><INIT seed="5,0,0,5,5,112" ten="305,141,199,355" oya="1" hai0="86,118,115,97,134,51,45,125,71,76,39,99,117" hai1="100,62,43,8,23,101,129,111,67,77,128,113,12" hai2="31,44,58,18,127,1,123,57,109,14,79,15,116" hai3="65,25,98,42,73,74,35,93,126,17,108,46,120"/><U9/><E113/><V41/><F109/><W52/><G65/><T32/><D32/><U87/><E43/><V83/><F1/><W84/><G84/><T66/><D115/><U114/><E114/><V55/><F123/><W54/><G17/><T37/><D86/><U28/><E111/><V61/><F127/><W3/><G25/><T89/><D76/><U50/><E50/><V24/><F58/><W103/><G3/><T63/><D89/><U82/><E28/><V10/><F14/><W22/><G22/><T72/><D99/><U47/><E47/><V80/><F79/><W34/><G34/><T95/><D95/><U96/><E23/><V33/><REACH who="2" step="1"/><F116/><REACH who="2" ten="305,141,189,355" step="2"/><W5/><G126/><T69/><D125/><U4/><E128/><V122/><F122/><W124/><G120/><T26/><D71/><U0/><E129/><V121/><F121/><W30/><G108/><T40/><D26/><U88/><E77/><V49/><AGARI ba="0,1" hai="10,15,18,24,31,33,41,44,49,55,57,61,80,83" machi="49" ten="20,5200,0" yaku="1,1,0,1,7,1,53,1" doraHai="112" doraHaiUra="56" who="2" fromWho="2" sc="305,-13,141,-26,189,62,355,-13" /><INIT seed="6,0,0,3,2,101" ten="292,115,251,342" oya="2" hai0="125,59,63,46,93,103,23,109,71,37,116,78,17" hai1="76,22,21,91,61,124,65,44,70,13,95,88,104" hai2="128,49,66,79,27,99,2,33,1,81,35,80,122" hai3="127,55,120,34,113,130,106,126,100,16,129,62,85"/><V72/><F122/><W0/><G34/><T5/><D71/><U18/><E124/><N who="3" m="47658" /><G0/><T108/><D5/><U82/><E104/><V83/><F128/><W19/><G120/><T15/><D78/><U119/><E119/><V132/><F132/><W117/><G117/><T123/><D123/><U135/><E135/><V45/><F35/><W41/><G41/><T20/><D116/><U114/><E114/><V94/><F66/><W74/><G74/><T7/><D7/><U60/><E60/><V3/><F33/><W92/><G106/><T51/><D37/><U98/><E44/><V111/><F27/><W32/><G32/><T42/><D125/><U57/><E70/><V75/><F79/><W50/><G62/><T69/><D69/><U77/><REACH who="1" step="1"/><E22/><REACH who="1" ten="292,105,251,342" step="2"/><V6/><F45/><N who="3" m="28111" /><G113/><T31/><D109/><U64/><E64/><V52/><F111/><W4/><G129/><T97/><D108/><U58/><E58/><V12/><F49/><W96/><G130/><T102/><D59/><U26/><E26/><V121/><F121/><W118/><G118/><T68/><D63/><U134/><E134/><V133/><F133/><W14/><G85/><AGARI ba="0,1" hai="13,18,21,57,61,65,76,77,82,85,88,91,95,98" machi="85" ten="40,5200,0" yaku="1,1,8,1,54,1,53,0" doraHai="101" doraHaiUra="25" who="1" fromWho="3" sc="292,0,105,62,251,0,342,-52" /><INIT seed="7,0,0,3,2,105" ten="292,167,251,290" oya="3" hai0="47,32,102,14,88,125,109,114,65,135,121,44,106" hai1="75,100,16,23,12,80,34,78,128,73,111,118,36" hai2="77,133,134,117,7,54,3,123,5,95,74,79,28" hai3="104,0,37,101,48,81,93,129,70,52,10,108,82"/><W71/><G104/><T94/><D32/><U126/><E34/><V35/><F117/><W90/><G37/><T11/><D109/><U89/><E111/><V116/><F116/><W30/><G71/><T68/><D121/><U64/><E118/><V62/><F123/><W131/><G70/><T132/><D102/><U67/><E36/><V66/><F54/><W38/><G38/><T43/><D106/><U69/><E100/><V83/><F79/><W92/><G30/><T1/><D1/><U98/><E126/><V42/><F42/><W17/><G108/><T113/><D65/><U33/><E33/><V8/><F95/><W96/><G0/><T27/><D27/><U72/><E128/><N who="3" m="49226" /><G17/><N who="0" m="8415" /><D68/><U40/><E40/><V63/><F7/><W31/><G10/><T122/><D122/><U58/><E69/><N who="2" m="42199" /><F63/><W86/><G31/><T4/><D4/><U39/><E39/><V6/><F6/><W115/><G115/><N who="0" m="44043" /><D125/><U57/><E64/><V119/><F119/><W21/><G21/><T59/><D43/><U41/><E41/><V2/><F2/><W55/><G55/><T18/><D18/><U99/><E67/><V112/><F112/><W84/><G84/><N who="0" m="52487" /><D59/><AGARI ba="0,0" hai="48,52,59,81,82,86,90,92,93,96,101" m="49226" machi="59" ten="30,2900,0" yaku="19,1,54,1" doraHai="105" who="3" fromWho="0" sc="292,-29,167,0,251,0,290,29" owari="263,6.0,167,-33.0,251,-15.0,319,42.0" /></mjloggm>