<mjloggm ver="2.3"><GO type="169" lobby="0"/><UN n0="%E5%A4%95%E5%87%AA" n1="%4A%57%49%4C%4C" n2="%E3%82%A6%E3%83%AB%E3%83%88%E3%83%A9%E7%AB%8B%E7%9B%B4" n3="%74%61%6E%61%4B%61" dan="17,16,17,16" rate="2170.29,2144.20,2149.07,2050.14" sx="M,M,M,M"/><TAIKYOKU oya="0"/><INIT seed="0,0,0,2,0,95" ten="250,250,250,250" oya="0" hai0="14,11,74,48,58,116,88,28,127,33,119,47,86" hai1="6,90,122,134,103,71,110,26,64,49,35,132,75" hai2="24,9,96,111,29,73,76,38,15,2,80,32,108" hai3="70,114,115,93,41,34,130,117,102,10,121,82,59"/><T4/><D74/><U51/><E122/><V72/><F72/><W118/><G70/><T36/><D127/><U56/><E75/><V45/><F96/><W52/><G34/><T67/><D33/><U125/><E6/><V18/><F2/><W5/><G121/><T84/><D28/><U109/><E90/><V0/><F0/><W107/><G107/><T94/><D36/><U1/><E1/><V53/><F53/><W77/><G130/><T21/><D21/><U50/><E103/><V62/><F62/><W3/><G41/><T97/><D58/><U89/><E89/><V66/><F66/><W83/><G83/><T8/><D67/><U43/><E26/><V31/><F31/><W120/><G120/><T99/><D11/><U55/><E35/><V113/><F113/><W42/><G42/><N who="0" m="24695" /><D119/><U129/><E129/><V60/><F60/><W106/><G106/><T44/><D44/><N who="1" m="25759" /><E50/><V98/><F45/><W81/><G117/><T40/><D40/><U91/><E91/><V131/><F38/><W30/><G118/><T135/><D116/><U23/><E23/><V85/><F131/><W12/><G3/><T126/><D126/><U100/><E100/><V101/><REACH who="2" step="1"/><F73/><REACH who="2" ten="250,250,240,250" step="2"/><N who="3" m="43183" /><G114/><T123/><D123/><U20/><E125/><V17/><F17/><W104/><G115/><T68/><D99/><U133/><E20/><V105/><AGARI ba="0,1" hai="9,15,18,24,29,32,76,80,85,98,101,105,108,111" machi="105" ten="30,4000,0" yaku="1,1,0,1,52,1,53,0" doraHai="95" doraHaiUra="46" who="2" fromWho="2" sc="250,-20,250,-10,240,50,250,-10" /><INIT seed="1,0,0,2,2,2" ten="230,240,290,240" oya="1" hai0="134,83,35,106,78,118,55,56,9,73,15,21,5" hai1="31,84,135,113,110,59,4,79,70,108,121,112,68" hai2="81,60,94,98,125,64,82,127,90,7,93,74,103" hai3="44,63,111,65,62,75,14,0,114,119,8,61,99"/><U54/><E31/><V27/><F27/><W30/><G114/><N who="1" m="44138" /><E79/><V36/><F36/><W41/><G75/><T129/><D118/><U6/><E84/><V92/><F7/><N who="1" m="2601" /><E121/><V57/><F93/><W72/><G72/><T46/><D73/><U39/><E39/><V28/><F28/><W91/><G0/><T133/><D78/><U1/><E1/><V3/><F3/><W126/><G30/><T76/><D76/><U95/><E95/><V43/><F43/><W11/><G119/><T100/><D83/><U48/><E135/><V38/><F38/><W16/><G8/><T120/><D120/><U33/><E33/><V66/><F74/><W85/><G99/><T58/><D35/><U89/><E89/><V50/><F82/><W128/><G91/><T67/><D9/><U104/><E104/><V49/><F81/><W34/><G85/><T131/><D106/><U24/><E24/><V80/><F80/><W130/><G34/><T10/><D10/><U32/><E32/><V109/><F92/><W25/><G25/><T124/><D134/><U23/><E23/><V52/><F90/><W122/><G122/><T17/><D21/><U53/><E53/><V71/><F52/><W87/><G87/><T77/><D55/><U47/><E47/><V18/><F94/><W45/><G44/><T96/><D46/><U107/><E107/><V105/><F105/><W37/><G45/><T20/><D133/><U117/><E117/><V102/><F98/><W97/><G37/><T116/><D116/><U22/><E22/><V69/><F103/><W12/><G97/><RYUUKYOKU ba="0,0" sc="230,-10,240,30,290,-10,240,-10" hai1="48,54,59,68,70,108,110" /><INIT seed="1,1,0,1,2,101" ten="220,270,280,230" oya="1" hai0="123,66,3,111,71,124,76,22,8,7,88,73,127" hai1="122,131,92,34,65,64,77,126,12,29,128,91,79" hai2="38,85,114,118,5,117,103,6,16,49,21,20,26" hai3="106,104,81,15,82,63,110,4,134,129,35,84,67"/><U32/><E122/><V25/><F38/><W23/><G35/><N who="1" m="13354" /><E29/><V58/><F103/><W72/><G72/><T69/><D123/><U53/><E12/><V133/><F114/><W41/><G110/><T75/><D111/><U132/><E53/><V43/><F58/><W83/><G129/><N who="1" m="49738" /><E132/><V98/><F49/><W87/><G41/><T86/><D22/><U13/><E13/><V17/><F43/><W68/><G134/><T19/><D19/><U42/><E42/><V2/><F133/><W11/><REACH who="3" step="1"/><G23/><REACH who="3" ten="220,270,280,220" step="2"/><T61/><D75/><U47/><E47/><V109/><F109/><W108/><G108/><T36/><D73/><U30/><E30/><V102/><F21/><W135/><G135/><T105/><D127/><U96/><E126/><V55/><F20/><W57/><G57/><T97/><D124/><U28/><E28/><V119/><F26/><W44/><G44/><T37/><D71/><U50/><E50/><V45/><F25/><W62/><G62/><T10/><D37/><U115/><E115/><V90/><F45/><W40/><G40/><T56/><D36/><U59/><E59/><V80/><F118/><W33/><G33/><T116/><D116/><U107/><E64/><V70/><F119/><W14/><G14/><T95/><D56/><U52/><E65/><V99/><F117/><W93/><G93/><T125/><D125/><U60/><E60/><V113/><F113/><W1/><G1/><T100/><D8/><U24/><E24/><V89/><F70/><W51/><G51/><T48/><D48/><U9/><E9/><V78/><F2/><RYUUKYOKU ba="1,1" sc="220,15,270,-15,280,-15,220,15" hai0="3,7,10,61,66,69,76,86,88,95,97,100,105" hai3="4,11,15,63,67,68,81,82,83,84,87,104,106" /><INIT seed="2,2,1,3,1,55" ten="235,255,265,235" oya="2" hai0="117,31,128,49,2,133,46,52,47,100,35,99,12" hai1="122,70,66,92,90,24,29,134,56,95,82,123,129" hai2="77,26,64,112,103,8,7,119,91,132,38,115,110" hai3="32,53,57,0,62,27,73,72,43,76,5,120,16"/><V23/><F119/><W36/><G120/><N who="1" m="46122" /><E129/><V130/><F130/><W81/><G73/><T50/><D2/><U4/><E4/><V6/><F132/><W98/><G98/><T11/><D128/><U44/><E44/><V80/><F110/><W18/><G32/><T86/><D133/><U48/><E134/><V21/><F103/><W39/><G27/><T17/><D86/><N who="1" m="50519" /><E70/><V42/><F91/><W105/><G105/><T19/><D117/><U88/><E88/><V124/><F7/><W45/><G36/><T3/><D3/><U71/><E71/><V63/><F124/><W94/><G94/><T106/><D35/><N who="1" m="20903" /><E48/><V10/><F42/><W60/><G62/><AGARI ba="2,1" hai="56,62,66,92,95" m="20903,50519,46122" machi="62" ten="30,2000,0" yaku="13,1,52,1" doraHai="55" who="1" fromWho="3" sc="235,0,255,36,265,0,235,-26" /><INIT seed="3,0,0,5,0,21" ten="235,291,265,209" oya="3" hai0="63,28,12,84,8,135,4,46,122,104,70,37,11" hai1="77,71,2,65,80,66,103,75,42,96,87,119,36" hai2="134,112,19,90,114,101,10,48,86,27,15,127,73" hai3="116,120,24,129,110,107,34,41,118,124,39,68,25"/><W81/><RYUUKYOKU type="yao9" ba="0,0" sc="235,0,291,0,265,0,209,0" hai3="24,25,34,39,41,68,81,107,110,116,118,120,124,129" /><INIT seed="3,1,0,4,2,30" ten="235,291,265,209" oya="3" hai0="38,95,64,62,97,127,0,74,96,7,65,81,5" hai1="91,51,116,73,117,36,25,102,48,2,63,124,133" hai2="58,59,100,112,70,45,71,4,20,76,104,18,106" hai3="66,69,28,56,34,27,31,87,3,15,16,33,72"/><W88/><G72/><T113/><D38/><U128/><E2/><V98/><F112/><W1/><G69/><T135/><D113/><U32/><E73/><V132/><F132/><W78/><G78/><T23/><D0/><U49/><E36/><V42/><F106/><W80/><G66/><T13/><D74/><U44/><E102/><V40/><F4/><W8/><G56/><T93/><D81/><U84/><E133/><V19/><F76/><W121/><G121/><T55/><D23/><U126/><E63/><V54/><F59/><W118/><G118/><N who="1" m="45674" /><E128/><V52/><F54/><W120/><G120/><T6/><D55/><U12/><E12/><V101/><F101/><W14/><G14/><T86/><D13/><U35/><E44/><V50/><F42/><W67/><G67/><T107/><D62/><U89/><E25/><AGARI ba="1,0" hai="1,3,8,15,16,25,27,28,31,33,34,80,87,88" machi="25" ten="40,12000,1" yaku="9,1,52,2,54,2" doraHai="30" who="3" fromWho="1" sc="235,0,291,-123,265,0,209,123" /><INIT seed="3,2,0,1,0,34" ten="235,168,265,332" oya="3" hai0="109,61,48,32,38,10,95,75,54,74,126,30,132" hai1="104,37,113,5,128,27,115,7,94,119,63,98,55" hai2="33,3,133,20,127,80,15,69,87,71,73,45,22" hai3="121,112,12,42,70,47,93,130,116,88,13,105,4"/><W89/><G121/><T97/><D38/><U36/><E104/><V135/><F33/><W102/><G116/><T0/><D32/><U99/><E119/><V67/><F73/><W11/><G70/><T18/><D30/><U120/><E120/><V28/><F45/><W117/><G117/><T85/><D85/><U68/><E27/><V21/><F15/><W103/><G112/><T129/><D61/><U6/><E128/><V78/><F28/><W40/><G130/><T86/><D86/><U57/><E68/><V58/><F127/><W53/><G105/><T84/><D84/><U81/><E81/><V111/><F111/><W29/><G29/><T76/><D76/><U17/><E17/><V43/><F43/><N who="3" m="16427" /><G13/><T2/><D129/><U31/><E31/><V23/><N who="2" m="5120" /><DORA hai="77" /><V91/><F3/><W60/><G89/><T96/><D126/><U62/><E62/><N who="2" m="38359" /><F91/><W101/><G101/><T90/><D75/><U16/><E16/><V8/><F8/><W65/><G65/><T24/><D74/><U123/><E123/><V110/><F110/><W9/><G9/><T39/><D10/><U72/><E72/><V100/><F100/><W107/><G107/><T26/><D109/><U106/><E106/><V134/><AGARI ba="2,0" hai="69,71,78,80,87,133,134,135" m="38359,5120" machi="134" ten="50,3200,0" yaku="20,1,52,1" doraHai="34,77" who="2" fromWho="2" sc="235,-10,168,-10,265,38,332,-18" /><INIT seed="4,0,0,5,2,48" ten="225,158,303,314" oya="0" hai0="31,94,70,126,37,61,84,99,74,22,79,112,87" hai1="13,56,76,121,60,101,118,96,102,46,63,93,90" hai2="58,104,127,33,69,15,0,59,68,18,6,30,50" hai3="41,16,123,32,21,122,85,117,100,7,135,19,120"/><T98/><D37/><U115/><E121/><V42/><F104/><W103/><G117/><T89/><D126/><U3/><E118/><V20/><F127/><W71/><G32/><T28/><D112/><U57/><E3/><V82/><F82/><W64/><G135/><T51/><D74/><U2/><E2/><V49/><F50/><W39/><G7/><T75/><D75/><U72/><E115/><V95/><F95/><W27/><G85/><T129/><D129/><U55/><E46/><V40/><F59/><W12/><G41/><T38/><D38/><U114/><E114/><V26/><F42/><W109/><G109/><T65/><D87/><U111/><E111/><V47/><REACH who="2" step="1"/><F58/><REACH who="2" ten="225,158,293,314" step="2"/><W54/><G39/><T77/><D51/><U11/><E76/><V134/><F134/><W45/><G71/><T80/><D79/><U73/><E73/><V107/><F107/><W124/><G124/><T10/><D70/><U119/><E119/><V125/><F125/><W97/><G122/><T66/><D80/><U62/><E72/><V36/><F36/><W25/><G120/><T9/><D77/><U4/><REACH who="1" step="1"/><E63/><REACH who="1" ten="225,148,293,314" step="2"/><V113/><F113/><W8/><G123/><T91/><D61/><U116/><E116/><V105/><F105/><W67/><G45/><T53/><D94/><U78/><E78/><V14/><F14/><W29/><G12/><T131/><D131/><U34/><E34/><V92/><F92/><W106/><G106/><T81/><D81/><U132/><E132/><V24/><F24/><W17/><G27/><T108/><D108/><U86/><E86/><RYUUKYOKU ba="0,2" sc="225,-15,148,15,293,15,314,-15" hai1="4,11,13,55,56,57,60,62,90,93,96,101,102" hai2="0,6,15,18,20,26,30,33,40,47,49,68,69" /><INIT seed="5,1,2,1,3,100" ten="210,163,308,299" oya="1" hai0="122,134,28,27,79,47,98,53,43,15,67,21,106" hai1="110,9,117,58,92,51,36,17,22,56,23,71,95" hai2="90,130,121,24,60,10,94,4,11,112,73,105,78" hai3="0,25,50,32,14,131,59,26,1,114,126,96,93"/><U63/><E117/><V8/><F121/><W80/><G114/><T33/><D122/><U68/><E36/><V124/><F105/><W20/><G131/><T37/><D134/><U7/><E110/><V6/><F130/><W29/><G126/><T19/><D67/><U119/><E119/><V65/><F124/><W31/><G14/><T123/><D123/><U30/><E30/><V5/><F112/><W84/><G59/><T85/><D53/><N who="1" m="31807" /><E68/><V118/><F118/><W75/><G50/><T113/><D113/><U40/><E40/><V3/><F24/><W127/><G75/><T52/><D52/><N who="1" m="34247" /><E71/><V34/><F34/><W101/><REACH who="3" step="1"/><G127/><REACH who="3" ten="210,163,308,289" step="2"/><T120/><D120/><U38/><E38/><V132/><F73/><W83/><G83/><T44/><D37/><U91/><E7/><V48/><F48/><W41/><G41/><T89/><D43/><U39/><E39/><V12/><F4/><W35/><G35/><T77/><D79/><AGARI ba="1,3" hai="0,1,20,25,26,29,31,32,79,80,84,93,96,101" machi="79" ten="30,2000,0" yaku="1,1,7,1,53,0" doraHai="100" doraHaiUra="13" who="3" fromWho="0" sc="210,-23,163,0,308,0,289,53" /><INIT seed="6,0,0,5,3,44" ten="187,163,308,342" oya="2" hai0="93,111,79,26,35,119,78,27,16,41,32,103,37" hai1="1,73,94,117,107,71,84,81,12,128,15,131,133" hai2="115,45,11,86,49,65,60,14,122,3,53,57,120" hai3="18,29,124,104,83,99,8,100,24,110,89,22,21"/><V76/><F3/><W123/><G110/><T130/><D111/><U7/><E117/><V105/><F105/><W77/><G123/><T66/><D119/><U28/><E107/><V121/><F115/><W46/><G124/><T88/><D37/><U38/><E38/><V125/><F125/><W101/><G101/><T5/><D41/><U113/><E71/><V39/><F39/><W129/><G129/><T6/><D103/><U56/><E113/><V30/><F30/><W95/><G8/><T97/><D66/><U67/><E28/><V51/><F86/><W75/><G46/><T52/><D35/><U62/><E133/><V23/><F76/><N who="0" m="29226" /><D32/><U64/><E73/><V72/><F72/><W80/><G80/><T42/><D42/><U54/><E94/><V68/><F23/><W92/><G89/><T126/><D130/><N who="1" m="49707" /><E1/><V59/><REACH who="2" step="1"/><F51/><REACH who="2" ten="187,163,298,342" step="2"/><W87/><G75/><T90/><D126/><U127/><E127/><V109/><F109/><W4/><G104/><T31/><D31/><U50/><E7/><AGARI ba="0,1" hai="7,11,14,45,49,53,57,59,60,65,68,120,121,122" machi="7" ten="40,3900,0" yaku="1,1,52,1,53,0" doraHai="44" doraHaiUra="108" who="2" fromWho="1" sc="187,0,163,-39,298,49,342,0" /><INIT seed="6,1,0,2,3,4" ten="187,124,347,342" oya="2" hai0="125,71,131,116,5,23,37,127,94,68,112,101,63" hai1="60,18,38,78,121,27,83,102,88,6,132,93,14" hai2="2,89,122,42,36,22,113,43,98,62,40,130,64" hai3="91,115,13,65,15,73,45,114,28,119,128,106,59"/><V129/><F122/><W44/><G119/><T104/><D104/><U21/><E38/><V76/><F2/><W96/><G73/><T123/><D123/><U85/><E121/><V103/><F113/><N who="3" m="43019" /><G28/><T56/><D131/><N who="2" m="50186" /><F76/><W25/><G25/><T3/><D3/><U0/><E132/><V90/><F22/><W35/><G35/><T30/><D23/><U16/><E102/><V108/><F36/><W54/><G65/><T33/><D37/><U20/><E60/><V10/><F10/><W7/><G128/><T58/><D30/><U107/><E107/><N who="2" m="63991" /><F108/><W109/><G109/><T110/><D33/><U66/><E66/><V67/><F67/><W77/><G77/><T81/><D110/><U51/><E51/><V72/><F72/><W70/><G70/><AGARI ba="1,0" hai="40,42,43,62,64,70,89,90" m="63991,50186" machi="70" ten="30,1500,0" yaku="19,1" doraHai="4" who="2" fromWho="3" sc="187,0,124,0,347,18,342,-18" /><INIT seed="6,2,0,2,1,53" ten="187,124,365,324" oya="2" hai0="115,1,107,35,82,16,113,54,47,81,102,83,86" hai1="58,69,46,122,111,117,134,133,121,63,27,51,8" hai2="20,68,24,59,70,127,18,66,120,61,15,132,48" hai3="93,4,29,84,78,52,77,43,57,75,128,71,22"/><V96/><F120/><N who="1" m="46185" /><E8/><V80/><F127/><W21/><G71/><T42/><D1/><U106/><E106/><V49/><F132/><N who="1" m="50793" /><E27/><V30/><F96/><W26/><G128/><T44/><D107/><U55/><E117/><V87/><F68/><W7/><G75/><T62/><D102/><U92/><E92/><V56/><F49/><N who="3" m="30863" /><G43/><T19/><D83/><U99/><E99/><V114/><F48/><W45/><G45/><T90/><D86/><U79/><E79/><N who="3" m="30218" /><G21/><T108/><D42/><N who="1" m="25047" /><E69/><V0/><F0/><W50/><G50/><T34/><D34/><U65/><E111/><V97/><F97/><W135/><G135/><T129/><D35/><U11/><E11/><V6/><F114/><W76/><G76/><T125/><D108/><U31/><E31/><V67/><F70/><W39/><G39/><T13/><D115/><U72/><E72/><V112/><F112/><W23/><G23/><T10/><D113/><U41/><E41/><V91/><F30/><W105/><G105/><T101/><D47/><U123/><N who="1" m="46193" /><U28/><DORA hai="100" /><E28/><V38/><F38/><W109/><G109/><T74/><D44/><U37/><E37/><V25/><F24/><W17/><G29/><T94/><D74/><U118/><E118/><V40/><F40/><W119/><G119/><T5/><D19/><U73/><E73/><V32/><F32/><W60/><G93/><T3/><D94/><U85/><E85/><V124/><F25/><W88/><G84/><T2/><D2/><U12/><E12/><V126/><F6/><W36/><G36/><T64/><D3/><RYUUKYOKU ba="2,0" sc="187,-15,124,15,365,15,324,-15" hai1="55,58,63,65" hai2="15,18,20,56,59,61,66,67,80,87,91,124,126" /><INIT seed="6,3,0,3,4,35" ten="172,139,380,309" oya="2" hai0="3,20,49,33,66,105,8,135,115,108,62,39,46" hai1="129,30,28,90,37,15,63,44,22,59,43,125,131" hai2="26,9,82,80,38,32,55,5,24,16,64,57,93" hai3="106,25,65,53,41,36,54,123,75,42,0,94,12"/><V124/><F38/><W91/><G106/><T10/><D33/><U114/><E114/><V104/><F104/><W88/><G75/><T102/><D108/><U45/><E45/><V92/><F64/><W51/><G0/><T116/><D116/><U84/><E125/><V133/><F133/><W47/><G123/><T103/><D39/><U13/><E13/><V132/><F132/><W95/><G65/><T70/><D135/><U18/><E63/><V67/><F67/><W79/><G79/><T7/><D115/><U11/><E59/><V71/><F71/><W56/><G25/><T2/><D20/><U110/><E110/><V23/><F32/><W17/><G36/><T74/><D74/><U126/><E126/><V96/><F26/><W76/><G76/><T86/><D86/><U81/><REACH who="1" step="1"/><E22/><REACH who="1" ten="172,129,380,309" step="2"/><V83/><F124/><W1/><G56/><T61/><D61/><U60/><E60/><V50/><F96/><W101/><G12/><AGARI ba="3,1" hai="5,9,12,16,23,24,50,55,57,80,82,83,92,93" machi="12" ten="40,3900,0" yaku="8,1,54,1" doraHai="35" who="2" fromWho="3" sc="172,0,129,0,380,58,309,-48" /><INIT seed="6,4,0,5,0,82" ten="172,129,438,261" oya="2" hai0="45,35,24,79,110,76,59,134,65,5,15,84,50" hai1="27,131,32,111,62,124,125,122,88,39,86,3,2" hai2="87,38,103,120,53,60,0,7,52,26,19,106,36" hai3="4,73,70,41,107,54,61,22,127,30,99,94,85"/><V71/><F7/><W119/><G73/><T16/><D110/><U135/><E111/><V81/><F0/><W83/><G119/><T75/><D75/><U116/><E116/><V98/><F120/><W74/><G127/><N who="1" m="48714" /><E39/><V64/><F38/><W21/><G74/><T77/><D134/><U123/><E62/><V33/><F36/><W44/><G107/><T9/><D65/><U92/><E135/><V100/><F100/><W8/><G30/><T14/><D59/><U23/><E32/><V58/><F58/><W105/><G105/><T115/><D35/><U117/><E117/><V51/><F51/><N who="3" m="27023" /><G54/><T72/><D72/><U31/><E131/><V10/><F10/><W126/><G61/><T118/><D24/><U91/><E91/><N who="2" m="51695" /><F19/><W47/><G47/><T1/><D118/><U6/><E6/><V48/><F48/><W56/><G56/><T67/><D1/><AGARI ba="4,0" hai="1,2,3,23,27,31,86,88,92,122,123" m="48714" machi="1" ten="30,3900,0" yaku="18,1,52,1,54,1" doraHai="82" who="1" fromWho="0" sc="172,-51,129,51,438,0,261,0" /><INIT seed="7,0,0,5,3,65" ten="121,180,438,261" oya="3" hai0="17,58,49,63,40,122,101,25,81,93,121,127,46" hai1="133,98,35,8,79,16,87,29,37,96,15,126,114" hai2="36,88,119,130,30,27,0,67,19,125,78,106,110" hai3="135,89,134,112,117,82,74,85,109,72,84,76,103"/><W111/><G117/><T64/><D127/><U132/><E37/><V53/><F88/><W48/><G48/><T90/><D122/><U116/><E126/><V31/><F78/><W60/><G60/><T26/><D121/><U18/><E116/><V43/><F53/><W50/><G50/><T39/><D101/><U4/><E114/><V128/><F67/><W86/><G103/><T5/><D5/><U13/><E29/><V41/><F30/><W66/><G66/><T108/><D108/><N who="3" m="41545" /><G112/><T2/><D2/><U69/><E35/><V34/><F43/><W91/><G72/><T9/><D81/><U118/><E69/><V131/><F41/><W52/><G52/><T97/><D9/><U92/><E118/><V56/><F119/><W11/><G11/><T123/><D123/><U32/><E32/><V77/><F56/><W107/><G107/><T7/><D7/><U21/><E4/><V57/><F106/><W102/><G102/><T120/><D120/><U3/><E3/><V73/><F73/><W44/><G44/><T12/><REACH who="0" step="1"/><D39/><REACH who="0" ten="111,180,438,261" step="2"/><U70/><E70/><V33/><F57/><W115/><G115/><T62/><D62/><U94/><E79/><V124/><F77/><W28/><G76/><T6/><D6/><U61/><E61/><V59/><F36/><W75/><G82/><T80/><D80/><U45/><E8/><V20/><F110/><W38/><G38/><T23/><AGARI ba="0,1" hai="12,17,23,25,26,40,46,49,58,63,64,90,93,97" machi="23" ten="20,8000,1" yaku="1,1,0,1,7,1,8,1,53,1" doraHai="65" doraHaiUra="47" who="0" fromWho="0" sc="111,90,180,-20,438,-20,261,-40" owari="201,-20.0,160,-34.0,418,52.0,221,2.0" /></mjloggm>