<mjloggm ver="2.3"><GO type="97" lobby="0"/><UN n0="%4B%75%4B%75%4B%75" n1="%E5%B0%B1%E6%B4%BB%E7%94%9F%40%E5%B7%9D%E6%9D%91%E8%BB%8D%E5%9B%A3" n2="%E3%81%A8%E3%81%97%E3%82%8D%E3%81%86%E3%81%98%E3%81%98%E3%81%84" n3="%E8%90%BD%E9%9B%B7" dan="13,15,13,14" rate="1830.57,2009.24,1893.92,2021.47" sx="M,M,M,M"/><TAIKYOKU oya="0"/><INIT seed="0,0,0,1,4,101" ten="250,250,250,250" oya="0" hai0="7,47,35,32,57,102,29,95,96,130,51,113,16" hai1="66,104,134,62,36,112,25,9,69,72,98,93,121" hai2="125,105,109,63,123,83,76,50,100,38,55,31,86" hai3="64,99,70,17,5,4,14,71,53,2,110,107,89"/><T61/><D113/><U59/><E121/><V118/><F123/><W94/><G110/><T116/><D116/><U37/><E112/><V97/><F38/><W79/><G2/><T92/><D130/><U114/><E114/><V11/><F109/><W132/><G132/><T46/><D7/><U8/><E72/><V103/><F125/><W124/><G124/><T117/><D117/><U26/><E134/><V73/><F63/><W22/><G79/><T74/><D74/><U88/><E104/><V28/><F103/><W18/><G107/><T128/><D128/><U65/><E37/><V0/><F73/><W129/><G129/><T80/><D80/><U120/><E36/><V44/><F118/><W78/><G78/><T106/><D32/><U10/><E120/><V56/><F56/><W82/><G82/><T6/><D6/><U84/><E69/><V49/><F49/><W81/><G81/><T24/><D47/><U131/><E131/><V34/><F34/><W12/><G71/><T133/><D16/><U21/><E66/><V77/><F76/><W48/><G64/><T68/><D68/><U115/><E115/><V3/><F3/><W41/><G41/><T135/><D135/><U91/><REACH who="1" step="1"/><E21/><REACH who="1" ten="250,240,250,250" step="2"/><V39/><F39/><W67/><G67/><T43/><D133/><U27/><E27/><V42/><F0/><W58/><G70/><T40/><D40/><U108/><E108/><V54/><F42/><W119/><G119/><T15/><D15/><U1/><E1/><V85/><F55/><AGARI ba="0,1" hai="24,29,35,43,46,51,55,57,61,92,95,96,102,106" machi="55" ten="30,2900,0" yaku="7,1,52,1" doraHai="101" who="0" fromWho="2" sc="250,39,240,0,250,-29,250,0" /><INIT seed="0,1,0,5,0,117" ten="289,240,221,250" oya="0" hai0="77,126,78,131,76,69,27,4,103,98,108,83,38" hai1="107,29,23,118,51,8,89,123,72,11,88,28,39" hai2="30,111,102,134,62,90,84,17,60,56,31,48,36" hai3="20,7,67,122,75,101,45,63,132,54,82,52,16"/><T0/><D69/><U70/><E118/><V1/><F1/><W10/><G132/><T46/><D131/><U64/><E39/><V80/><F36/><W86/><G75/><N who="0" m="43423" /><D126/><U68/><E72/><V5/><F134/><W35/><G101/><T3/><D27/><U130/><E23/><V95/><F5/><W112/><G35/><T34/><D108/><U119/><E119/><V6/><F6/><W113/><G122/><T61/><D61/><U22/><E22/><V115/><F115/><W49/><G54/><T125/><D125/><U71/><E64/><V73/><F111/><W91/><G10/><N who="1" m="3626" /><E51/><V53/><F17/><W44/><G44/><T41/><D34/><U127/><E127/><V59/><F73/><W100/><G100/><T135/><D135/><U19/><E19/><V57/><F102/><W116/><G7/><T124/><D124/><U15/><E15/><V87/><F62/><W93/><G82/><T121/><D0/><U47/><E47/><N who="2" m="27807" /><F60/><W128/><G128/><T94/><D77/><AGARI ba="1,0" hai="30,31,56,57,59,77,80,84,87,90,95" m="27807" machi="77" ten="30,1000,0" yaku="8,1" doraHai="117" who="2" fromWho="0" sc="289,-13,240,0,221,13,250,0" /><INIT seed="1,0,0,3,0,14" ten="276,240,234,250" oya="1" hai0="96,51,24,118,93,71,126,21,134,100,11,74,72" hai1="70,1,113,109,42,53,26,73,104,48,111,89,69" hai2="49,27,131,52,78,98,90,135,123,119,6,34,116" hai3="43,40,41,107,8,30,28,83,44,88,65,79,120"/><U94/><E104/><V58/><F123/><W61/><G120/><T125/><D118/><U67/><E113/><V9/><F135/><W66/><G107/><T3/><D71/><U57/><E73/><V37/><F37/><W35/><G44/><T17/><D134/><U19/><E1/><V77/><F131/><W22/><G35/><T38/><D38/><U47/><E67/><N who="3" m="25610" /><G61/><T99/><D51/><U114/><E114/><V117/><F34/><W80/><G79/><T56/><D56/><U81/><E81/><N who="3" m="31306" /><G8/><T110/><D110/><N who="1" m="41995" /><E47/><V95/><REACH who="2" step="1"/><F27/><REACH who="2" ten="276,240,224,250" step="2"/><N who="3" m="16503" /><G30/><T101/><D125/><U59/><E42/><V127/><F127/><W122/><G122/><T108/><D126/><U20/><E59/><V4/><F4/><W128/><G128/><T23/><D108/><U25/><E25/><V129/><F129/><W2/><G43/><T13/><D74/><U85/><AGARI ba="0,1" hai="19,20,26,48,53,57,69,70,85,89,94" m="41995" machi="85" ten="30,6000,0" yaku="14,1,10,1,52,1" doraHai="14" who="1" fromWho="1" sc="276,-20,240,70,224,-20,250,-20" /><INIT seed="1,1,0,1,4,20" ten="256,310,204,230" oya="1" hai0="15,59,1,88,37,41,17,85,103,18,86,112,79" hai1="61,14,66,109,101,124,42,104,43,46,114,4,31" hai2="102,90,8,36,63,11,27,118,92,48,113,126,57" hai3="23,75,34,115,97,35,12,132,47,117,128,44,21"/><U3/><E114/><V58/><F36/><W5/><G115/><T26/><D112/><U95/><E104/><V25/><F118/><W120/><G75/><T82/><D1/><U62/><E3/><V54/><F102/><W119/><G120/><T30/><D103/><U111/><E124/><V81/><F81/><W96/><G5/><T60/><D41/><U70/><E31/><V84/><F126/><W65/><G65/><T87/><D37/><U133/><E133/><V108/><F108/><N who="1" m="41545" /><E62/><V22/><F22/><W67/><G67/><T121/><D121/><U2/><E2/><V50/><F50/><W24/><G12/><T69/><D69/><U129/><E129/><V130/><F130/><W107/><G107/><T32/><D18/><U89/><E101/><V116/><F116/><W19/><G19/><T16/><D17/><U56/><E70/><V39/><F39/><W7/><G7/><T45/><D79/><U68/><E68/><V72/><F72/><W83/><G128/><T13/><D45/><U64/><E64/><N who="2" m="39023" /><F113/><W77/><G77/><T51/><D51/><U78/><E78/><V122/><F122/><W49/><G49/><T38/><D13/><U74/><E74/><V53/><F53/><W29/><G132/><T55/><REACH who="0" step="1"/><D38/><REACH who="0" ten="246,310,204,230" step="2"/><U0/><E0/><V125/><F125/><W10/><G117/><T28/><D28/><U134/><E134/><V40/><F40/><W6/><G29/><T131/><D131/><U33/><E43/><V127/><F127/><W71/><G119/><T99/><D99/><U123/><E42/><V94/><F94/><RYUUKYOKU ba="1,1" sc="246,15,310,-15,204,15,230,-15" hai0="15,16,26,30,32,55,59,60,82,85,86,87,88" hai2="8,11,25,27,48,54,58,84,90,92" /><INIT seed="2,2,1,1,5,89" ten="261,295,219,215" oya="2" hai0="73,0,35,8,19,21,127,118,32,6,11,23,59" hai1="98,43,91,70,71,37,36,27,110,61,40,2,99" hai2="29,74,12,18,130,105,66,112,94,57,75,116,7" hai3="17,41,25,46,3,39,84,95,68,34,88,87,120"/><V26/><F105/><W86/><G120/><T85/><D73/><U62/><E2/><V78/><F116/><W123/><G123/><T14/><D85/><U92/><E27/><V122/><F122/><W55/><G3/><T107/><D107/><U111/><E91/><V65/><F7/><W129/><G129/><T77/><D77/><U69/><E69/><V54/><F112/><W103/><G103/><T100/><D100/><U33/><E33/><N who="0" m="12873" /><D59/><U49/><E49/><V104/><F104/><W125/><G125/><T72/><D72/><U9/><E9/><V96/><F78/><W134/><G134/><T135/><D135/><U50/><E50/><N who="2" m="30935" /><F74/><W15/><G68/><T113/><D113/><U80/><E80/><V79/><F130/><W42/><G42/><T56/><D56/><U126/><E126/><V24/><F79/><W60/><G60/><T93/><D93/><AGARI ba="2,1" hai="36,37,40,43,61,62,70,71,92,93,98,99,110,111" machi="93" ten="25,6400,0" yaku="22,2,52,2" doraHai="89" who="1" fromWho="0" sc="261,-70,295,80,219,0,215,0" /><INIT seed="3,0,0,0,3,62" ten="191,375,219,215" oya="3" hai0="59,32,124,25,74,2,10,15,88,90,27,38,110" hai1="112,39,1,41,83,105,133,23,49,84,127,117,103" hai2="19,118,121,77,96,93,111,13,78,108,95,34,71" hai3="125,0,104,21,58,3,48,85,123,81,66,63,31"/><W28/><G123/><T26/><D110/><U16/><E39/><V72/><F34/><W47/><G104/><T6/><D74/><U91/><E1/><V87/><F71/><W70/><G70/><T56/><D38/><U115/><E117/><V126/><F13/><W76/><G125/><T40/><D40/><U18/><E127/><V106/><F19/><W101/><G101/><T89/><D124/><U29/><E133/><V80/><F126/><W64/><G64/><T53/><D32/><U46/><E29/><V92/><F121/><W116/><G116/><T82/><D2/><U119/><E119/><V113/><F118/><W37/><G37/><T131/><D131/><U100/><E18/><V129/><F113/><W60/><G60/><T33/><D33/><U24/><REACH who="1" step="1"/><E105/><REACH who="1" ten="191,365,219,215" step="2"/><V50/><F129/><W36/><G36/><T5/><D5/><U86/><E86/><V8/><F106/><W45/><G3/><T132/><D132/><U128/><E128/><V114/><F114/><AGARI ba="0,1" hai="16,23,24,41,46,49,83,84,91,100,103,112,114,115" machi="114" ten="40,2600,0" yaku="1,1,54,1,53,0" doraHai="62" doraHaiUra="51" who="1" fromWho="2" sc="191,0,365,36,219,-26,215,0" owari="191,-31.0,401,50.0,193,-21.0,215,2.0" /></mjloggm>