<mjloggm ver="2.3"><GO type="169" lobby="0"/><UN n0="%E3%88%B1%E3%83%AA%E3%82%B3%E3%81%B4%E3%82%87%E3%82%93" n1="%E3%83%A1%E3%83%AB%E3%82%AB%E3%83%88%E3%83%AB%E3%81%8F%E3%82%93" n2="%E3%83%88%E3%83%88%E3%83%AA%E5%85%88%E7%94%9F%31%39%E6%AD%B3" n3="%7A%65%72%6F%52%58" dan="16,16,18,16" rate="2071.13,2115.88,2233.82,2126.67" sx="F,M,F,M"/><TAIKYOKU oya="0"/><INIT seed="0,0,0,3,5,9" ten="250,250,250,250" oya="0" hai0="59,130,114,11,70,3,131,25,94,0,113,99,115" hai1="111,121,108,64,103,52,105,12,35,73,78,50,75" hai2="31,129,72,71,104,58,122,60,123,95,117,96,81" hai3="18,54,86,65,40,1,13,26,80,91,46,22,83"/><T82/><D70/><U90/><E121/><V102/><F71/><W132/><G1/><T125/><D125/><U33/><E64/><V39/><F39/><W61/><G132/><T97/><D82/><U34/><E90/><V2/><F2/><N who="0" m="554" /><D25/><U14/><E103/><V47/><F129/><N who="0" m="49162" /><D59/><N who="1" m="33175" /><E105/><V42/><F117/><W77/><G54/><T10/><D94/><U43/><E43/><V45/><F104/><W30/><G65/><T49/><D49/><U100/><E100/><V4/><F42/><W24/><G61/><T88/><D88/><U44/><E44/><V17/><F47/><W57/><G57/><T23/><D23/><U19/><E78/><V120/><F45/><W20/><G26/><T87/><D87/><U85/><E85/><V32/><F81/><W21/><G21/><T38/><D38/><U110/><E12/><V48/><F120/><W67/><G67/><T133/><D133/><U127/><E127/><V63/><F122/><W27/><G27/><T5/><D5/><U29/><E29/><V55/><F4/><W69/><G69/><T116/><D116/><U16/><E19/><V93/><F17/><W15/><G46/><T119/><D119/><U41/><E41/><V89/><F123/><W74/><G40/><T28/><D28/><U126/><E126/><V128/><F128/><W101/><G101/><T62/><D62/><N who="2" m="23594" /><F102/><W6/><G6/><T109/><D109/><U118/><E118/><V92/><F72/><W66/><G66/><T135/><D135/><U134/><E134/><V36/><F36/><W107/><G107/><T7/><D7/><RYUUKYOKU ba="0,0" sc="250,0,250,0,250,0,250,0" hai0="10,11,97,99,113,114,115" hai1="14,16,33,34,35,73,75,108,110,111" hai2="31,32,48,55,58,89,92,93,95,96" hai3="13,15,18,20,22,24,30,74,77,80,83,86,91" /><INIT seed="0,1,0,1,3,19" ten="250,250,250,250" oya="0" hai0="86,41,4,110,95,25,101,106,66,67,99,34,14" hai1="45,130,28,119,85,73,116,43,3,75,120,124,77" hai2="58,47,94,129,42,88,22,39,49,11,29,12,123" hai3="63,52,6,60,18,128,135,51,91,36,57,48,55"/><T117/><D117/><U78/><E3/><V65/><F123/><W26/><G36/><T72/><D72/><U90/><E28/><V89/><F129/><W46/><G135/><T1/><D1/><U134/><E45/><V87/><F39/><W79/><G128/><T107/><D41/><U98/><E43/><V27/><F65/><W54/><G79/><N who="1" m="30218" /><E130/><V109/><F109/><W105/><G105/><T115/><D115/><U17/><E17/><V114/><F114/><W20/><G6/><T2/><D2/><U118/><E120/><V8/><F58/><N who="3" m="34887" /><G91/><T69/><D110/><U131/><E131/><V76/><F76/><W126/><G126/><T74/><D74/><N who="1" m="28171" /><E124/><V32/><F32/><W104/><G104/><T103/><D107/><U44/><E44/><V108/><F12/><W7/><G7/><T84/><D14/><U40/><E40/><V81/><F108/><W10/><G10/><T125/><D4/><U21/><E134/><V122/><F122/><W121/><G121/><T92/><D125/><U0/><E0/><V93/><F81/><W68/><G68/><T80/><D69/><U24/><E119/><V133/><F133/><W100/><G100/><T53/><D34/><U9/><E9/><V127/><F127/><W37/><G37/><T56/><D103/><U16/><E118/><V15/><F15/><W5/><G5/><T13/><D13/><U62/><E116/><V30/><F30/><W59/><G46/><T33/><D101/><U71/><E71/><V50/><F50/><AGARI ba="1,0" hai="18,20,26,48,50,51,54,55,57,59,63" m="34887" machi="50" ten="30,3900,0" yaku="8,1,52,1,54,1" doraHai="19" who="3" fromWho="2" sc="250,0,250,0,250,-42,250,42" /><INIT seed="1,0,0,2,4,49" ten="250,250,208,292" oya="1" hai0="9,25,121,93,41,97,29,111,45,65,103,62,16" hai1="102,51,24,56,78,64,90,70,98,86,99,82,59" hai2="63,134,114,46,12,8,105,68,108,0,126,36,104" hai3="128,122,1,72,106,33,61,130,113,60,11,43,14"/><U71/><E24/><V67/><F108/><W47/><G106/><T89/><D111/><U69/><E64/><V2/><F134/><W112/><G72/><T27/><D121/><U40/><E78/><V83/><F126/><W18/><G33/><T131/><D131/><N who="3" m="50217" /><G1/><T107/><D41/><U26/><E26/><V91/><F114/><N who="3" m="44139" /><G122/><T117/><D117/><U76/><E76/><V116/><F116/><W92/><G92/><T32/><D45/><U132/><E132/><V13/><F13/><W115/><N who="3" m="44147" /><W19/><DORA hai="4" /><G18/><T35/><D35/><U38/><E38/><AGARI ba="0,0" hai="11,14,19,38,43,47,60,61" m="44147,50217" machi="38" ten="40,2600,0" yaku="19,1,52,1" doraHai="49,4" who="3" fromWho="1" sc="250,0,250,-26,208,0,292,26" /><INIT seed="2,0,0,0,4,87" ten="250,224,208,318" oya="2" hai0="50,101,82,47,62,63,103,107,6,106,49,75,36" hai1="74,59,99,60,20,51,46,37,4,56,12,98,115" hai2="33,121,0,116,21,134,105,29,17,92,5,1,128" hai3="70,22,66,11,120,9,72,26,76,86,130,64,32"/><V111/><F105/><W118/><G120/><T68/><D6/><U15/><E74/><V31/><F121/><W94/><G72/><T44/><D75/><U2/><E37/><V83/><F116/><W40/><G32/><T25/><D82/><U90/><E2/><N who="2" m="1131" /><F83/><N who="3" m="47463" /><G70/><T108/><D25/><U102/><E115/><V65/><F92/><W113/><G118/><T8/><D8/><N who="3" m="3145" /><G40/><T129/><D36/><U131/><E131/><V122/><F65/><W135/><G130/><T67/><D129/><U13/><E4/><V54/><F54/><W16/><G135/><T109/><REACH who="0" step="1"/><D67/><REACH who="0" ten="240,224,208,318" step="2"/><U85/><E12/><N who="2" m="9383" /><F5/><W19/><G113/><T114/><D114/><U117/><E117/><V79/><F128/><W58/><G66/><T127/><D127/><U73/><E73/><V77/><F122/><W3/><G3/><T7/><D7/><U18/><E13/><V133/><F79/><W24/><G64/><T89/><D89/><U41/><E102/><V38/><F77/><W78/><G78/><T30/><D30/><N who="2" m="11274" /><F38/><W35/><G94/><T42/><D42/><U80/><E56/><V95/><F95/><W119/><G58/><T123/><D123/><U10/><E59/><V104/><F104/><W110/><G119/><T43/><D43/><U23/><E41/><V52/><F33/><W100/><G35/><T126/><D126/><U124/><E124/><V88/><F88/><W112/><G112/><T14/><D14/><U125/><E125/><V48/><F111/><W34/><G110/><T132/><D132/><U39/><E39/><V96/><F96/><W55/><G34/><RYUUKYOKU ba="0,1" sc="240,15,224,-15,208,15,318,-15" hai0="44,47,49,50,62,63,68,101,103,106,107,108,109" hai2="48,52,133,134" /><INIT seed="2,1,1,2,3,113" ten="255,209,223,303" oya="2" hai0="131,16,58,101,12,123,33,45,109,134,81,39,107" hai1="18,132,14,112,73,126,78,36,135,53,8,116,87" hai2="41,102,119,55,32,49,10,48,61,121,84,17,103" hai3="3,40,38,0,43,54,130,30,76,37,5,98,106"/><V42/><F121/><W1/><G5/><T80/><D123/><U27/><E73/><V64/><F32/><W89/><G76/><T11/><D33/><U25/><E36/><V77/><F119/><W6/><G6/><T71/><D71/><U9/><E112/><V93/><F64/><W86/><G30/><T67/><D109/><U72/><E72/><V66/><F66/><W105/><G54/><T96/><D134/><N who="1" m="51243" /><E126/><V29/><F61/><W2/><G2/><T125/><D125/><U57/><E8/><V120/><F29/><W19/><G19/><T31/><D31/><U88/><E78/><V122/><F122/><W111/><G111/><T95/><D107/><U68/><E68/><V34/><F34/><W46/><G98/><T20/><D131/><U60/><E116/><V97/><F120/><W21/><G21/><T79/><D79/><U47/><E47/><V15/><F103/><W104/><G130/><T118/><D118/><U23/><E9/><V117/><F117/><W92/><REACH who="3" step="1"/><G46/><REACH who="3" ten="255,209,223,293" step="2"/><T51/><D20/><U110/><E110/><V85/><F77/><W50/><G50/><N who="2" m="19561" /><F55/><W63/><G63/><N who="0" m="38391" /><D39/><AGARI ba="1,2" hai="0,1,3,37,38,39,40,43,86,89,92,104,105,106" machi="39" ten="50,3200,0" yaku="1,1,53,1" doraHai="113" doraHaiUra="82" who="3" fromWho="0" sc="255,-35,209,0,223,0,293,55" /><INIT seed="3,0,0,2,4,55" ten="220,209,223,348" oya="3" hai0="32,21,3,15,60,49,45,81,6,105,17,135,110" hai1="1,97,4,51,29,86,98,11,134,31,125,100,94" hai2="62,72,101,33,116,84,80,37,8,79,117,83,47" hai3="63,87,123,127,103,16,78,76,52,106,70,132,23"/><W120/><G127/><T64/><D110/><U93/><E125/><V35/><F101/><W88/><G132/><T91/><D105/><U53/><E134/><V41/><F8/><W0/><G0/><T126/><D32/><U77/><E77/><V30/><F62/><W36/><G36/><T20/><D135/><U44/><REACH who="1" step="1"/><E86/><REACH who="1" ten="220,199,223,348" step="2"/><V71/><F84/><W67/><G78/><T38/><D126/><U24/><E24/><V14/><F79/><W48/><G76/><T59/><D38/><U68/><E68/><V10/><F71/><W96/><G123/><T61/><D3/><U69/><E69/><V114/><F72/><W22/><G120/><T12/><D12/><U122/><E122/><V18/><F14/><W102/><G87/><N who="0" m="50671" /><D6/><U75/><E75/><V46/><F37/><W109/><G109/><T65/><D15/><U82/><E82/><V124/><F83/><W19/><G70/><T99/><D99/><U73/><E73/><V111/><F80/><W131/><G96/><T40/><D17/><U9/><E9/><V5/><F124/><W95/><G16/><T50/><D50/><U27/><E27/><V25/><F111/><W85/><G19/><T28/><D28/><U42/><E42/><V113/><F18/><W118/><G48/><T130/><D130/><U7/><E7/><V128/><F128/><W54/><G131/><T74/><D74/><U2/><E2/><N who="2" m="311" /><F41/><W121/><G121/><T66/><D61/><U129/><E129/><V133/><F133/><W90/><G63/><T34/><D34/><U119/><E119/><N who="2" m="45643" /><F35/><W13/><G118/><RYUUKYOKU ba="0,1" sc="220,10,199,10,223,10,348,-30" hai0="20,21,40,45,49,59,60,64,65,66" hai1="1,4,11,29,31,44,51,53,93,94,97,98,100" hai2="25,30,33,46,47,113,114" /><INIT seed="4,1,1,1,2,30" ten="230,209,233,318" oya="0" hai0="25,125,87,80,96,35,46,88,118,50,99,123,6" hai1="129,34,101,85,49,116,51,82,8,18,111,106,53" hai2="23,33,78,52,93,37,3,5,131,28,58,76,100" hai3="59,90,45,128,43,55,119,72,127,110,4,95,77"/><T24/><D118/><U98/><E116/><V114/><F37/><W122/><G119/><T69/><D123/><U71/><E71/><V75/><F114/><W44/><G110/><T70/><D125/><U60/><E111/><V73/><F131/><W19/><G127/><T48/><D6/><U91/><E129/><V84/><F23/><W29/><G4/><T0/><D0/><U41/><E41/><V66/><F66/><W7/><G7/><T26/><D35/><U15/><REACH who="1" step="1"/><E34/><REACH who="1" ten="230,199,233,318" step="2"/><V13/><F33/><W16/><G43/><N who="0" m="24671" /><D70/><U68/><E68/><V63/><F73/><W83/><G72/><T121/><D69/><U74/><E74/><V32/><F75/><W1/><G128/><T21/><D121/><U124/><E124/><V132/><F3/><W65/><G1/><T22/><D50/><U42/><E42/><V109/><F109/><W20/><G122/><T61/><D61/><U102/><E102/><V134/><F100/><W31/><G45/><T107/><D107/><U56/><AGARI ba="1,2" hai="8,15,18,49,51,53,56,60,82,85,91,98,101,106" machi="56" ten="30,2000,0" yaku="1,1,0,1,53,0" doraHai="30" doraHaiUra="89" who="1" fromWho="1" sc="230,-11,199,43,233,-6,318,-6" /><INIT seed="5,0,0,3,5,72" ten="219,242,227,312" oya="1" hai0="111,69,90,73,9,17,29,114,23,97,18,24,82" hai1="63,8,83,48,117,3,42,26,75,119,107,68,116" hai2="36,134,93,35,86,58,109,101,66,71,103,38,53" hai3="1,118,127,19,131,92,60,98,67,100,78,61,125"/><U20/><E107/><V128/><F109/><W85/><G1/><T30/><D111/><U55/><E42/><V112/><F35/><W120/><G120/><T27/><D69/><U50/><E3/><V4/><F128/><W130/><G118/><T79/><D114/><U113/><E8/><V10/><F112/><W16/><G85/><T33/><REACH who="0" step="1"/><D9/><REACH who="0" ten="209,242,227,312" step="2"/><U129/><E113/><V52/><F71/><W65/><G131/><T87/><D87/><U46/><E129/><V7/><F10/><W34/><G130/><T43/><D43/><U95/><E68/><V5/><F134/><W15/><G127/><T41/><D41/><U39/><E119/><V81/><F38/><W59/><G125/><T11/><D11/><U44/><E39/><V74/><F36/><W62/><G67/><T0/><D0/><U40/><E40/><V96/><F74/><W25/><G65/><T37/><D37/><U76/><E117/><V77/><F66/><W31/><G98/><T56/><D56/><N who="1" m="35231" /><E116/><V105/><F53/><W84/><G59/><T49/><D49/><U6/><E50/><N who="2" m="30999" /><F105/><W124/><G124/><T89/><D89/><AGARI ba="0,1" hai="4,5,7,77,81,86,89,93,96,101,103" m="30999" machi="89" ten="30,3900,0" yaku="8,1,52,1,54,1" doraHai="72" who="2" fromWho="0" sc="209,-39,242,0,227,49,312,0" /><INIT seed="6,0,0,1,5,129" ten="170,242,276,312" oya="2" hai0="91,35,34,47,4,78,116,109,20,42,66,95,11" hai1="74,92,43,88,41,8,17,113,123,128,45,24,132" hai2="64,98,10,75,112,89,121,40,73,127,67,97,120" hai3="107,59,15,13,7,119,9,56,22,102,79,111,63"/><V50/><F112/><W99/><G111/><T0/><D109/><U2/><E74/><V108/><F108/><W57/><G119/><T122/><D122/><U86/><E128/><V77/><F50/><W62/><G79/><T54/><D116/><U115/><E123/><V14/><F14/><W101/><G101/><T21/><D66/><U76/><E76/><V96/><F77/><W25/><REACH who="3" step="1"/><G15/><REACH who="3" ten="170,242,276,302" step="2"/><T83/><D78/><U23/><E113/><V70/><F121/><W27/><G27/><T16/><D0/><U90/><E115/><V84/><F120/><W135/><G135/><T87/><D35/><U110/><E132/><V48/><F75/><W72/><G72/><T52/><D34/><U46/><E110/><V51/><F73/><W126/><G126/><T105/><D105/><U12/><E2/><V31/><F127/><W130/><G130/><T69/><D69/><U85/><E41/><V32/><F40/><W37/><G37/><T29/><D42/><U131/><E43/><V104/><F70/><W80/><G80/><T133/><D133/><U94/><E131/><V60/><F104/><W28/><AGARI ba="0,1" hai="7,9,13,22,25,28,56,57,59,62,63,99,102,107" machi="28" ten="30,2000,0" yaku="1,1,0,1,53,0" doraHai="129" doraHaiUra="81" who="3" fromWho="3" sc="170,-5,242,-5,276,-10,302,30" /><INIT seed="7,0,0,2,2,16" ten="165,237,266,332" oya="3" hai0="51,111,102,42,124,81,50,76,40,31,80,112,68" hai1="117,34,6,60,110,8,132,135,93,30,94,109,49" hai2="83,95,21,23,22,0,105,121,89,39,33,91,108" hai3="107,1,103,119,18,134,13,72,61,100,43,7,52"/><W9/><G72/><T73/><D111/><U12/><E117/><V57/><F108/><N who="1" m="41577" /><E49/><V86/><F39/><W4/><G134/><N who="1" m="51242" /><E60/><V97/><F33/><W127/><G43/><T104/><D124/><U58/><E58/><V92/><F0/><W75/><G75/><T126/><D126/><U20/><E34/><V87/><F121/><W5/><G1/><T98/><D68/><U32/><E32/><V38/><F38/><W96/><G119/><T123/><D123/><U106/><E106/><V27/><F105/><W65/><G52/><T66/><D66/><U15/><E15/><V131/><F131/><W11/><G103/><T55/><D112/><U74/><E74/><V113/><F57/><W125/><G11/><T47/><D31/><U56/><E56/><V78/><F113/><W101/><G101/><T24/><D24/><AGARI ba="0,0" hai="6,8,12,20,24,30,93,94" m="51242,41577" machi="24" ten="30,2000,0" yaku="20,1,52,1" doraHai="16" who="1" fromWho="0" sc="165,-20,237,20,266,0,332,0" /><AGARI ba="0,0" hai="21,22,23,24,27,78,83,86,87,89,91,92,95,97" machi="24" ten="40,8000,1" yaku="8,1,52,3" doraHai="16" who="2" fromWho="0" sc="145,-80,257,0,266,80,332,0" owari="65,-43.0,257,-14.0,346,44.0,332,13.0" /></mjloggm>