<mjloggm ver="2.3"><GO type="169" lobby="0"/><UN n0="%E3%81%A9%E3%81%B0%E3%81%A8%E3%81%A1%E3%82%83%E3%82%93" n1="%28%EF%BC%BE%CF%89%EF%BC%BE%29%E3%81%8A%E3%81%89%E3%82%93" n2="%E3%81%B5%E3%81%8B%E3%81%98" n3="%E3%82%A6%E3%83%AB%E3%83%88%E3%83%A9%E7%AB%8B%E7%9B%B4" dan="17,17,17,17" rate="2124.44,2151.41,2097.46,2210.40" sx="F,F,M,M"/><TAIKYOKU oya="0"/><INIT seed="0,0,0,5,5,113" ten="250,250,250,250" oya="0" hai0="120,123,33,38,29,31,121,115,83,74,84,47,81" hai1="25,7,9,80,86,5,68,100,88,19,27,90,36" hai2="122,22,95,78,4,53,0,67,103,117,58,124,39" hai3="114,134,129,131,28,130,66,15,12,59,133,77,32"/><T93/><D115/><U60/><E36/><V99/><F122/><W35/><G114/><T72/><D93/><U102/><E68/><V49/><F39/><W17/><G77/><T16/><D33/><U37/><E37/><V13/><F124/><W55/><G66/><T128/><D128/><U89/><E60/><V85/><F67/><W91/><G91/><N who="1" m="34890" /><E25/><V56/><F0/><W112/><G112/><T6/><D6/><N who="1" m="2059" /><E27/><V3/><F3/><W132/><G28/><T65/><D65/><U104/><E104/><V62/><F117/><W46/><G46/><T87/><D121/><U75/><E75/><V94/><F62/><W119/><G119/><T8/><D38/><U118/><E118/><V127/><F127/><W126/><G126/><T69/><D47/><U34/><E34/><V135/><F4/><W82/><G82/><T14/><D69/><U26/><E26/><V125/><F125/><W101/><G101/><T63/><D63/><U45/><E45/><V21/><F103/><W110/><G110/><T40/><D14/><AGARI ba="0,0" hai="9,14,19,80,86,90,100,102" m="2059,34890" machi="14" ten="30,2000,0" yaku="8,1,54,1" doraHai="113" who="1" fromWho="0" sc="250,-20,250,20,250,0,250,0" /><INIT seed="1,0,0,1,3,4" ten="230,270,250,250" oya="1" hai0="51,45,64,72,92,39,22,6,134,131,43,99,52" hai1="1,117,17,9,126,14,133,70,26,20,56,63,94" hai2="96,113,55,125,114,74,28,0,16,30,41,34,47" hai3="32,66,78,77,36,84,18,116,80,58,11,25,83"/><U54/><E117/><V61/><F74/><W73/><G36/><T132/><D131/><U115/><E115/><V46/><F0/><W38/><G38/><T62/><D72/><U35/><E126/><V7/><F7/><W42/><G42/><T105/><D105/><U21/><E133/><V124/><F96/><W109/><G109/><T13/><D22/><U89/><E70/><V65/><F34/><W49/><G116/><T118/><D118/><U93/><E35/><V102/><F102/><W48/><G32/><T57/><D13/><U3/><E20/><V111/><F111/><W128/><G128/><T123/><D6/><U122/><E122/><V97/><F97/><W79/><G79/><T5/><D5/><U33/><E33/><V50/><F16/><W135/><G135/><T112/><D112/><N who="2" m="43114" /><F28/><W130/><G130/><T81/><D81/><U75/><E75/><V53/><F30/><W24/><G24/><T71/><REACH who="0" step="1"/><D123/><REACH who="0" ten="220,270,250,250" step="2"/><U59/><E1/><V106/><F106/><W103/><G25/><T44/><D44/><U60/><E3/><V31/><F31/><W107/><G107/><T127/><D127/><N who="2" m="48714" /><F47/><W37/><G73/><T68/><D68/><AGARI ba="0,1" hai="41,46,50,53,55,61,65,68" m="48714,43114" machi="68" ten="30,7700,0" yaku="11,1,18,1,34,2" doraHai="4" who="2" fromWho="0" sc="220,-77,270,0,250,87,250,0" /><INIT seed="2,0,0,0,3,112" ten="143,270,337,250" oya="2" hai0="4,60,88,122,106,86,30,69,29,102,24,59,28" hai1="76,114,33,44,67,83,105,6,123,98,96,46,15" hai2="117,23,129,85,14,61,133,45,107,127,51,125,130" hai3="72,40,8,27,110,16,109,22,131,1,116,7,25"/><V50/><F107/><W104/><G72/><T13/><D69/><U80/><E114/><V38/><F85/><W71/><G71/><T57/><D122/><U82/><E33/><V64/><F23/><N who="3" m="13543" /><G104/><T63/><D24/><U11/><E105/><V39/><F14/><W87/><G87/><T43/><D43/><U77/><E67/><V9/><F9/><W111/><G40/><T121/><D102/><U100/><E100/><V49/><F117/><W2/><G131/><N who="2" m="50185" /><F133/><W37/><G37/><N who="2" m="13833" /><F45/><N who="1" m="17513" /><E123/><V32/><F32/><W101/><G101/><T36/><D36/><U135/><E135/><V12/><F12/><N who="3" m="5151" /><G116/><T68/><D121/><U103/><E103/><V0/><F0/><W120/><G120/><T56/><D106/><U54/><E54/><V90/><F90/><W78/><G78/><AGARI ba="0,0" hai="6,11,15,76,77,78,80,82,83,96,98" m="17513" machi="78" ten="30,1000,0" yaku="8,1" doraHai="112" who="1" fromWho="3" sc="143,0,270,10,337,0,250,-10" /><INIT seed="3,0,0,1,1,134" ten="143,280,337,240" oya="3" hai0="35,106,38,131,86,52,87,10,67,22,25,95,83" hai1="119,66,60,27,2,18,31,48,96,135,30,68,61" hai2="118,103,116,59,78,16,19,97,39,101,7,90,108" hai3="26,21,79,50,36,105,42,29,81,123,76,46,120"/><W91/><G105/><T114/><D106/><U62/><E2/><V92/><F39/><W56/><G91/><T69/><D38/><U34/><E135/><V82/><F7/><W94/><G94/><T121/><D35/><U51/><E119/><V80/><F108/><W124/><G79/><T72/><D121/><U49/><E30/><V74/><F59/><W28/><G28/><T93/><D67/><U9/><E9/><V45/><F45/><W133/><G133/><T127/><D69/><U65/><E18/><V8/><F8/><W43/><G124/><T6/><D114/><U24/><E24/><V5/><F5/><W132/><G132/><T55/><D131/><U23/><E23/><V70/><F70/><W73/><REACH who="3" step="1"/><G42/><REACH who="3" ten="143,280,337,230" step="2"/><T126/><D95/><U111/><E111/><V57/><F116/><W102/><G102/><T40/><D40/><U100/><REACH who="1" step="1"/><E66/><REACH who="1" ten="143,270,337,230" step="2"/><V58/><F118/><W14/><G14/><T109/><D109/><U85/><E85/><V71/><F101/><W3/><G3/><T98/><D86/><U104/><AGARI ba="0,2" hai="27,31,34,48,49,51,60,61,62,65,68,96,100,104" machi="104" ten="30,7900,0" yaku="1,1,0,1,25,2,53,0" doraHai="134" doraHaiUra="13" who="1" fromWho="1" sc="143,-20,270,99,337,-20,230,-39" /><INIT seed="4,0,0,1,5,5" ten="123,369,317,191" oya="0" hai0="120,73,48,79,2,13,104,59,11,85,49,32,133" hai1="45,111,101,53,83,97,20,87,34,14,6,35,76" hai2="100,84,94,124,126,114,62,123,29,108,105,33,75" hai3="24,110,44,26,16,37,134,0,19,70,61,50,68"/><T8/><D120/><U135/><E111/><V54/><F29/><W112/><G110/><T92/><D32/><U129/><E129/><V78/><F33/><W30/><G37/><T119/><D119/><U130/><E130/><V39/><F39/><W42/><G112/><T80/><D104/><U91/><E135/><V113/><F54/><W21/><G0/><T51/><D133/><U7/><E35/><V131/><F62/><W95/><G134/><T121/><D121/><U117/><E34/><V41/><F41/><W23/><G30/><T81/><D92/><U47/><E117/><V27/><F27/><W89/><REACH who="3" step="1"/><G61/><REACH who="3" ten="123,369,317,181" step="2"/><T88/><D2/><U86/><E101/><V102/><F108/><W90/><G90/><T65/><REACH who="0" step="1"/><D13/><REACH who="0" ten="113,369,317,181" step="2"/><U18/><E14/><V118/><F131/><W77/><G77/><T116/><D116/><U98/><E76/><V40/><F118/><W31/><G31/><T125/><D125/><U103/><E103/><V93/><F123/><W10/><G10/><T115/><D115/><U36/><E36/><V22/><F102/><W74/><G74/><T12/><D12/><U60/><E60/><AGARI ba="0,2" hai="8,11,48,49,51,59,60,65,73,79,80,81,85,88" machi="60" ten="40,12000,1" yaku="1,1,52,2,54,1,53,1" doraHai="5" doraHaiUra="55" who="0" fromWho="1" sc="113,140,369,-120,317,0,181,0" /><INIT seed="4,1,0,1,5,67" ten="253,249,317,181" oya="0" hai0="132,56,114,97,96,94,65,10,0,79,33,38,71" hai1="90,15,2,58,34,46,35,18,19,107,76,3,31" hai2="36,122,82,111,14,53,134,55,99,47,135,4,42" hai3="116,41,62,66,11,131,108,92,20,77,43,125,106"/><T115/><D132/><N who="2" m="50730" /><F111/><W93/><G106/><T74/><D33/><N who="1" m="12299" /><E76/><V45/><F122/><W37/><G108/><T30/><D30/><U7/><E58/><V32/><F32/><W44/><G116/><T69/><D38/><U28/><E46/><N who="2" m="23879" /><F99/><W73/><G125/><T52/><D65/><U121/><E90/><V75/><F14/><W103/><G131/><T89/><D97/><U70/><E70/><V124/><F4/><W113/><G113/><N who="0" m="43019" /><D10/><N who="1" m="4575" /><E107/><V54/><F124/><W127/><G127/><T123/><D0/><N who="1" m="43" /><E121/><V88/><F75/><W128/><G73/><T60/><D123/><U84/><E84/><AGARI ba="1,0" hai="45,47,53,54,55,82,84,88" m="23879,50730" machi="84" ten="30,2000,0" yaku="20,1,54,1" doraHai="67" who="2" fromWho="1" sc="253,0,249,-23,317,23,181,0" /><INIT seed="5,0,0,0,0,58" ten="253,226,340,181" oya="1" hai0="97,83,77,22,70,47,71,9,94,66,73,119,113" hai1="102,75,131,64,36,27,107,31,4,65,82,60,51" hai2="14,93,68,81,54,120,103,57,128,17,6,101,122" hai3="126,100,37,55,84,21,28,105,52,90,87,56,127"/><U5/><E36/><V2/><F68/><W44/><G100/><T86/><D119/><U61/><E131/><V74/><F128/><W40/><G105/><T85/><D113/><U135/><E75/><V72/><F6/><N who="1" m="2665" /><E107/><V59/><F2/><W16/><G28/><T79/><D9/><U35/><E35/><V114/><F114/><W26/><G55/><T53/><D73/><U117/><E117/><V8/><F59/><W25/><G25/><T33/><D33/><U134/><E102/><V89/><F74/><W32/><G32/><T19/><D66/><N who="1" m="25707" /><E82/><V91/><F101/><W115/><G115/><T29/><D70/><U67/><N who="1" m="25715" /><U130/><DORA hai="110" /><E51/><V41/><F103/><W92/><REACH who="3" step="1"/><G87/><REACH who="3" ten="253,226,340,171" step="2"/><T38/><D85/><U24/><E130/><V133/><F72/><W48/><AGARI ba="0,1" hai="16,21,26,37,40,44,48,52,56,84,90,92,126,127" machi="48" ten="30,8000,1" yaku="1,1,2,1,0,1,54,2,53,0" doraHai="58,110" doraHaiUra="1,118" who="3" fromWho="3" sc="253,-20,226,-40,340,-20,171,90" /><INIT seed="6,0,0,5,2,107" ten="233,186,320,261" oya="2" hai0="114,103,134,96,5,41,99,33,51,49,46,59,72" hai1="61,0,15,29,38,84,22,4,70,128,118,126,92" hai2="12,71,121,34,26,19,48,86,94,91,53,102,88" hai3="81,55,25,127,52,6,18,76,9,82,23,65,56"/><V16/><F121/><W68/><G68/><T111/><D111/><U110/><E38/><V104/><F71/><W93/><G93/><T100/><D33/><U11/><E118/><V45/><F104/><W106/><G106/><T24/><D114/><U97/><E110/><V40/><F102/><W47/><G47/><T74/><D5/><U113/><E113/><V57/><F91/><W124/><G65/><T20/><D134/><U123/><E123/><V31/><REACH who="2" step="1"/><F12/><REACH who="2" ten="233,186,310,261" step="2"/><W3/><G3/><T17/><D103/><U2/><E15/><V117/><F117/><W131/><G127/><T8/><D100/><U27/><E126/><V133/><F133/><W75/><G124/><T122/><D122/><U83/><E0/><V80/><F80/><W120/><G82/><T135/><D135/><U79/><E70/><V73/><F73/><W78/><G81/><T54/><D74/><U77/><E128/><V69/><F69/><W60/><G75/><T108/><D72/><U14/><E2/><V90/><F90/><W43/><G131/><T112/><D112/><U1/><E1/><V132/><F132/><W44/><G120/><T89/><D108/><U98/><E77/><V115/><F115/><W101/><G101/><T50/><D89/><U35/><E92/><V30/><F30/><W28/><G28/><T109/><D109/><U125/><E125/><V67/><F67/><W116/><G116/><T66/><D66/><U87/><E87/><V85/><F85/><W62/><G78/><T64/><D64/><U105/><E105/><V129/><F129/><W130/><G130/><RYUUKYOKU ba="0,1" sc="233,-10,186,-10,310,30,261,-10" hai2="16,19,26,31,34,40,45,48,53,57,86,88,94" /><INIT seed="6,1,1,5,0,27" ten="223,176,340,251" oya="2" hai0="1,10,67,38,82,87,3,89,22,21,17,80,34" hai1="81,9,24,132,127,48,29,18,5,70,94,134,68" hai2="62,108,33,126,30,124,122,98,43,113,121,49,64" hai3="44,6,96,26,51,52,2,75,93,97,46,78,86"/><V69/><F113/><W39/><G75/><T12/><D34/><N who="1" m="20775" /><E18/><V41/><F108/><W130/><G2/><T105/><D105/><U101/><E81/><V73/><F73/><W79/><G6/><T4/><D38/><U107/><E48/><V104/><F121/><W119/><G39/><T120/><D120/><U135/><E94/><V65/><F65/><W50/><G119/><T85/><D67/><U88/><E88/><V28/><F122/><W114/><G114/><T131/><D131/><U35/><E35/><V109/><F109/><W111/><G130/><T115/><D115/><U99/><E127/><N who="2" m="48683" /><F49/><W61/><G61/><T106/><D106/><U116/><E116/><V92/><F104/><W128/><G128/><T20/><REACH who="0" step="1"/><D17/><REACH who="0" ten="213,176,340,251" step="2"/><U103/><E103/><N who="2" m="60871" /><F33/><W13/><G111/><T19/><D19/><U60/><E60/><V72/><F62/><W118/><G118/><T117/><D117/><U25/><E25/><V123/><F64/><W125/><G26/><T112/><D112/><U7/><E7/><V45/><F123/><W84/><G125/><T71/><D71/><U54/><E54/><V42/><F69/><W8/><G52/><T66/><D66/><U110/><E110/><V36/><F36/><W95/><G51/><T63/><D63/><U0/><AGARI ba="1,2" hai="0,5,9,68,70,99,101,107,132,134,135" m="20775" machi="0" ten="30,4000,0" yaku="20,1,23,1,52,1" doraHai="27" who="1" fromWho="1" sc="213,-11,176,63,340,-21,251,-11" /><INIT seed="7,0,0,3,1,19" ten="202,239,319,240" oya="3" hai0="132,61,79,97,131,34,45,66,15,36,35,46,39" hai1="18,6,4,65,29,84,85,87,124,5,27,16,28" hai2="11,20,2,116,52,114,115,31,33,7,24,26,73" hai3="72,121,56,60,63,88,129,50,58,94,1,53,95"/><W48/><G72/><T104/><D131/><U80/><E124/><V23/><F116/><W122/><G1/><T13/><D132/><U10/><E65/><V38/><F73/><W101/><G129/><T98/><D66/><U47/><E47/><V130/><F130/><W22/><G22/><T41/><D61/><U125/><E125/><V103/><F38/><W70/><G70/><T43/><REACH who="0" step="1"/><D104/><REACH who="0" ten="192,239,319,240" step="2"/><U102/><E80/><V68/><F114/><W105/><G105/><T100/><D100/><U54/><E102/><V55/><F103/><W74/><G101/><T49/><D49/><U126/><E126/><V12/><F115/><W117/><G48/><T25/><D25/><U120/><E120/><V89/><F24/><W113/><G50/><T14/><D14/><U83/><E83/><V67/><F12/><W30/><G113/><T82/><D82/><U69/><E69/><V57/><F26/><W107/><G107/><T111/><D111/><U78/><E27/><V9/><F67/><W32/><G63/><T106/><D106/><U71/><E71/><V135/><F68/><W119/><G60/><T109/><D109/><U134/><E134/><V128/><F135/><W59/><G122/><T92/><D92/><U17/><E78/><AGARI ba="0,1" hai="13,15,34,35,36,39,41,43,45,46,78,79,97,98" machi="78" ten="25,3200,0" yaku="1,1,22,2,53,0" doraHai="19" doraHaiUra="99" who="0" fromWho="1" sc="192,42,239,-32,319,0,240,0" owari="234,-17.0,207,-29.0,319,42.0,240,4.0" /></mjloggm>