<mjloggm ver="2.3"><GO type="169" lobby="0"/><UN n0="%E3%83%88%E3%83%88%E3%83%AA%E5%85%88%E7%94%9F%31%39%E6%AD%B3" n1="%E3%81%9F%E3%81%8C%E3%82%84%E3%81%99" n2="%E3%82%89%E3%81%84%E3%81%B5%E3%81%8C%E3%83%BC%E3%81%A9%E3%81%99%E3%81%8D" n3="%72%61%74%74%61%74%74%61" dan="18,16,17,18" rate="2279.16,2101.57,2157.42,2188.04" sx="F,M,M,M"/><TAIKYOKU oya="0"/><INIT seed="0,0,0,2,3,33" ten="250,250,250,250" oya="0" hai0="91,119,114,108,133,98,34,75,13,117,32,56,96" hai1="109,21,86,20,61,8,83,36,105,48,113,116,97" hai2="110,50,42,112,54,79,111,101,65,102,104,73,0" hai3="72,40,23,47,122,71,38,85,80,51,3,57,125"/><T129/><D75/><U14/><E36/><V120/><F120/><W10/><G71/><T2/><D13/><U93/><E105/><V68/><F112/><W9/><G122/><T44/><D56/><U39/><E39/><V82/><F42/><W5/><G23/><T59/><D59/><U58/><E48/><V52/><F0/><W130/><G130/><T16/><D129/><U124/><E124/><V94/><F104/><W89/><G10/><T49/><D49/><U46/><E46/><V25/><F25/><W45/><G57/><T17/><D44/><U106/><E106/><V22/><F22/><W1/><G125/><T70/><D91/><U95/><E116/><V88/><F50/><W103/><G103/><N who="2" m="39433" /><F65/><W76/><G3/><T60/><D2/><U64/><E113/><V18/><F18/><W107/><G107/><T123/><D123/><U127/><E127/><V121/><F68/><W84/><REACH who="3" step="1"/><G89/><REACH who="3" ten="250,250,250,240" step="2"/><T135/><D70/><U55/><E64/><V115/><F121/><W126/><G126/><T11/><D114/><U41/><E21/><V118/><F115/><W15/><G15/><T24/><D11/><U87/><E20/><V92/><F118/><W128/><G128/><T28/><D24/><U74/><E8/><V90/><F90/><W99/><G99/><T37/><D28/><U132/><E14/><V131/><F131/><W100/><G100/><T134/><D134/><U69/><E132/><V29/><F29/><W81/><G81/><T77/><D135/><U30/><E69/><V26/><F88/><W4/><G4/><T53/><D133/><RYUUKYOKU ba="0,1" sc="250,-10,250,-10,250,-10,240,30" hai3="1,5,9,38,40,45,47,51,72,76,80,84,85" /><INIT seed="1,1,1,0,5,48" ten="240,240,240,270" oya="1" hai0="30,19,67,90,68,125,47,99,1,94,76,84,71" hai1="112,130,9,61,38,62,11,75,24,81,0,124,102" hai2="39,87,72,63,3,66,127,55,85,50,70,65,18" hai3="109,23,132,120,107,128,93,86,36,41,37,43,78"/><U32/><E38/><V131/><F72/><W7/><G120/><T4/><D125/><U77/><E112/><V25/><F127/><W123/><G123/><T14/><D30/><U57/><E124/><V52/><F131/><W92/><G107/><T115/><D115/><U42/><E42/><V101/><F3/><W113/><G113/><T95/><D67/><N who="2" m="25610" /><F70/><W111/><G7/><T15/><D1/><U106/><E130/><V29/><F101/><W12/><G128/><T121/><D121/><U82/><E82/><V73/><F73/><W34/><G34/><T21/><D76/><U10/><E0/><V40/><F29/><W134/><G78/><T122/><D122/><U13/><E13/><V44/><F39/><W54/><G12/><T8/><REACH who="0" step="1"/><D47/><REACH who="0" ten="230,240,240,270" step="2"/><U89/><E77/><V98/><F98/><W60/><G109/><T64/><D64/><U91/><E32/><V28/><F28/><W69/><G111/><T119/><D119/><U16/><E75/><V133/><F133/><W33/><G134/><T116/><D116/><U114/><E114/><V22/><F63/><W27/><G60/><T100/><AGARI ba="1,2" hai="4,8,14,15,19,21,68,71,84,90,94,95,99,100" machi="100" ten="20,5200,0" yaku="1,1,0,1,7,1,53,1" doraHai="48" doraHaiUra="5" who="0" fromWho="0" sc="230,75,240,-27,240,-14,270,-14" /><INIT seed="2,0,0,2,2,5" ten="305,213,226,256" oya="2" hai0="81,129,127,28,123,72,106,84,130,70,122,79,95" hai1="97,44,14,51,102,74,60,83,75,23,121,13,15" hai2="22,116,7,78,8,120,132,65,94,55,40,49,34" hai3="57,112,63,18,96,56,126,87,36,76,85,0,59"/><V32/><F116/><W105/><G36/><T53/><D70/><U48/><E60/><V25/><F120/><W101/><G126/><T119/><D28/><U66/><E66/><V38/><F132/><W20/><G112/><T33/><D33/><U35/><E35/><V117/><F117/><W10/><G76/><T125/><D106/><U64/><E64/><V42/><F65/><W11/><G63/><T30/><D53/><U131/><E23/><V111/><F78/><W90/><G0/><T54/><D54/><U58/><E58/><V115/><F115/><W29/><G29/><T108/><D30/><U26/><E26/><V69/><F69/><W27/><REACH who="3" step="1"/><G85/><REACH who="3" ten="305,213,226,246" step="2"/><N who="0" m="48319" /><D119/><U62/><E62/><V47/><F38/><W92/><AGARI ba="0,1" hai="10,11,18,20,27,56,57,59,87,90,92,96,101,105" machi="92" ten="30,7900,0" yaku="1,1,0,1,52,2,53,0" doraHai="5" doraHaiUra="134" who="3" fromWho="3" sc="305,-20,213,-20,226,-39,246,89" /><INIT seed="3,0,0,5,2,11" ten="285,193,187,335" oya="3" hai0="108,30,46,17,48,135,28,87,49,8,22,102,121" hai1="75,89,69,18,51,34,10,31,2,19,50,101,42" hai2="25,23,104,93,82,70,52,60,5,64,134,45,80" hai3="59,63,13,78,76,12,129,94,47,38,68,35,117"/><W0/><G0/><T119/><D119/><U105/><E75/><V4/><F104/><W97/><G68/><T84/><D108/><U66/><E89/><V54/><F134/><W110/><G35/><T36/><D121/><U6/><E42/><V132/><F132/><W86/><G117/><T112/><D36/><U61/><E51/><V53/><F45/><W118/><G118/><T77/><D112/><U98/><REACH who="1" step="1"/><E50/><REACH who="1" ten="285,183,187,335" step="2"/><V29/><REACH who="2" step="1"/><F93/><REACH who="2" ten="285,183,177,335" step="2"/><W41/><G110/><T40/><D135/><U62/><E62/><V74/><F74/><W115/><G115/><T65/><D46/><U20/><E20/><V3/><F3/><W99/><G129/><T128/><D22/><U100/><E100/><V106/><F106/><W71/><G47/><T126/><D102/><U96/><E96/><V90/><F90/><W131/><G97/><T56/><D128/><U9/><E9/><V73/><F73/><W85/><G131/><T83/><D8/><U14/><E14/><V24/><F24/><AGARI ba="0,2" hai="2,6,10,18,19,24,31,34,61,66,69,98,101,105" machi="24" ten="40,8000,1" yaku="1,1,25,2,53,1" doraHai="11" doraHaiUra="27" who="1" fromWho="2" sc="285,0,183,100,177,-80,335,0" /><INIT seed="4,0,0,2,3,64" ten="285,283,97,335" oya="0" hai0="135,3,39,70,122,49,52,66,55,118,74,41,88" hai1="67,78,8,46,5,63,79,73,26,125,107,108,124" hai2="96,18,15,84,80,54,82,72,14,95,45,127,60" hai3="99,111,11,98,28,106,90,119,92,112,21,48,105"/><T94/><D118/><U104/><E46/><V4/><F127/><N who="1" m="48713" /><E26/><V131/><F131/><W126/><G111/><T100/><D3/><N who="1" m="63" /><E108/><V20/><F72/><W117/><G126/><T9/><D74/><U128/><E128/><V36/><F36/><W35/><G35/><T43/><D122/><U91/><E91/><V103/><F45/><W42/><G11/><T61/><D135/><U1/><E1/><V31/><F31/><W30/><G30/><T76/><D76/><N who="1" m="29227" /><E73/><V24/><F84/><W102/><G28/><T129/><D129/><U12/><E12/><V27/><F14/><W83/><G117/><T89/><D9/><U86/><E86/><V57/><REACH who="2" step="1"/><F27/><REACH who="2" ten="285,283,87,335" step="2"/><W97/><G119/><T53/><D39/><U38/><E38/><V51/><F51/><W44/><G48/><T132/><D132/><U37/><E37/><V134/><F134/><W6/><G44/><T130/><D130/><U69/><AGARI ba="0,1" hai="63,67,69,104,107" m="29227,63,48713" machi="69" ten="30,2000,0" yaku="18,1,52,1" doraHai="64" who="1" fromWho="1" sc="285,-10,283,30,87,-5,335,-5" /><INIT seed="5,0,0,1,5,116" ten="275,313,82,330" oya="1" hai0="10,79,122,99,119,74,36,54,135,17,94,111,105" hai1="95,112,131,0,52,7,25,47,61,124,72,75,113" hai2="86,128,51,92,29,115,64,8,117,18,43,46,62" hai3="41,125,81,37,27,69,32,65,35,13,123,57,120"/><U44/><E95/><V1/><F117/><W34/><G57/><T68/><D119/><U60/><E25/><V82/><F128/><W22/><G13/><T33/><D33/><U85/><E7/><V84/><F115/><N who="1" m="44105" /><E0/><V101/><F29/><W89/><G125/><T100/><D94/><U132/><E131/><V5/><F18/><W2/><G2/><T42/><D99/><U11/><E11/><V28/><F28/><W53/><G53/><T31/><D100/><U40/><E124/><V80/><F101/><W130/><G130/><T48/><D17/><U19/><E19/><V39/><F39/><W3/><G3/><T70/><D10/><U30/><E47/><V63/><F92/><W4/><G4/><T88/><D31/><U9/><E9/><V126/><F126/><W90/><G22/><T16/><D16/><U50/><E132/><V87/><REACH who="2" step="1"/><F63/><REACH who="2" ten="275,313,72,330" step="2"/><N who="3" m="40127" /><G37/><T20/><D36/><N who="1" m="21511" /><E30/><V102/><F102/><W56/><G34/><T49/><D135/><U59/><E61/><V98/><F98/><W24/><G32/><T55/><D20/><U97/><E97/><V76/><F76/><W38/><G35/><T58/><D79/><U91/><E60/><V106/><F106/><W108/><G38/><T127/><D105/><U104/><E104/><V109/><F109/><W71/><G108/><T45/><D111/><U21/><E21/><V14/><F14/><W96/><G96/><T93/><D127/><U15/><E15/><V66/><F66/><W6/><G24/><T129/><D129/><U118/><E118/><V121/><F121/><W73/><G27/><RYUUKYOKU ba="0,1" sc="275,-15,313,15,72,15,330,-15" hai1="50,52,59,72,75,85,91" hai2="1,5,8,43,46,51,62,64,80,82,84,86,87" /><INIT seed="5,1,1,0,5,104" ten="260,328,87,315" oya="1" hai0="65,19,40,73,109,49,131,108,113,13,9,70,71" hai1="55,122,23,87,63,35,18,132,67,46,75,117,32" hai2="64,14,83,54,97,61,121,21,0,80,36,41,112" hai3="39,53,115,102,82,81,68,45,111,60,7,76,79"/><U85/><E35/><V30/><F0/><W2/><G111/><T74/><D113/><U130/><E32/><V31/><F121/><W93/><G115/><T10/><D131/><U34/><E34/><V106/><F112/><W26/><G79/><T133/><D133/><U134/><E117/><V12/><F54/><W128/><G128/><T110/><D40/><U69/><E122/><V15/><F106/><W125/><G81/><T99/><D49/><N who="1" m="29111" /><E130/><V135/><F135/><N who="1" m="51753" /><E75/><V44/><F97/><W62/><G68/><T72/><D65/><U42/><E42/><V127/><F127/><W57/><G125/><T129/><D129/><U118/><E118/><V52/><F64/><W84/><G39/><T51/><D51/><U4/><E4/><V5/><F5/><W114/><G45/><T116/><D116/><U107/><E107/><V105/><F105/><W33/><G114/><T90/><REACH who="0" step="1"/><D10/><REACH who="0" ten="250,328,87,315" step="2"/><U8/><E8/><V103/><F36/><W24/><G60/><T88/><D88/><U101/><E101/><V6/><F103/><W123/><G102/><T59/><D59/><U126/><E126/><V22/><F6/><W124/><G124/><T91/><D91/><U50/><E50/><N who="2" m="28743" /><F41/><W78/><G7/><T28/><D28/><N who="2" m="10794" /><F61/><W25/><G62/><T98/><D98/><U94/><E63/><V29/><N who="2" m="10802" /><V48/><DORA hai="86" /><F48/><W47/><G33/><T66/><D66/><U77/><E67/><V95/><F95/><AGARI ba="1,2" hai="9,13,19,70,71,72,73,74,90,95,99,108,109,110" machi="95" ten="50,16000,3" yaku="1,1,52,4,53,3" doraHai="104,86" doraHaiUra="120,16" who="0" fromWho="2" sc="250,183,328,0,87,-163,315,0" owari="433,53.0,328,13.0,-76,-58.0,315,-8.0" /></mjloggm>