<mjloggm ver="2.3"><GO type="97" lobby="0"/><UN n0="%E3%83%80%E3%83%96%E3%83%AB%EF%BC%A7%E3%83%AA%E3%83%BC%E3%83%80%E3%83%BC" n1="%E3%81%9F%E3%81%82%E3%81%BC%E3%81%86%E9%9B%80%E4%BA%94%E9%83%8E" n2="%E5%B0%B1%E6%B4%BB%E7%94%9F%40%E5%B7%9D%E6%9D%91%E8%BB%8D%E5%9B%A3" n3="%E5%90%89%E5%B7%9D%E3%81%8D%E3%81%8F" dan="13,14,15,13" rate="1842.96,1988.23,2009.72,1842.82" sx="M,M,M,F"/><TAIKYOKU oya="0"/><INIT seed="0,0,0,2,0,61" ten="250,250,250,250" oya="0" hai0="16,99,31,8,67,116,72,27,91,131,23,79,40" hai1="51,3,64,45,60,55,81,132,97,115,119,100,19" hai2="109,108,127,0,104,106,120,4,21,15,102,68,77" hai3="36,12,86,113,25,90,80,103,130,92,96,5,125"/><T34/><D116/><U59/><E119/><V66/><F120/><W78/><G113/><T83/><D131/><U17/><E115/><V74/><F127/><W69/><G125/><T87/><D40/><U44/><E132/><V105/><F102/><W52/><G36/><T133/><D133/><U95/><E3/><V73/><F21/><W62/><G130/><T28/><D99/><U49/><REACH who="1" step="1"/><E81/><REACH who="1" ten="250,240,250,250" step="2"/><V70/><F0/><W75/><G80/><T33/><D72/><U39/><E39/><V26/><F73/><W54/><G75/><T1/><D79/><U82/><E82/><V85/><F74/><W30/><G78/><T93/><D83/><U112/><E112/><V107/><F77/><W121/><G121/><T6/><REACH who="0" step="1"/><D67/><REACH who="0" ten="240,240,250,250" step="2"/><U11/><E11/><V46/><F66/><W135/><G135/><T18/><D18/><U48/><E48/><V7/><F7/><W29/><G5/><T117/><D117/><U57/><E57/><V41/><F4/><W76/><G76/><T65/><D65/><U84/><E84/><V111/><F85/><W126/><G86/><T118/><D118/><U14/><E14/><V37/><F15/><W114/><G12/><T56/><D56/><U47/><E47/><V128/><F128/><W134/><G126/><T71/><D71/><U10/><E10/><V53/><F70/><W122/><G69/><T124/><D124/><U129/><E129/><V98/><F68/><W35/><G134/><T94/><D94/><U24/><E24/><V101/><F26/><W2/><G25/><T42/><D42/><AGARI ba="0,2" hai="17,19,42,44,45,49,51,55,59,60,64,95,97,100" machi="42" ten="30,7700,0" yaku="1,1,7,1,8,1,52,1,53,0" doraHai="61" doraHaiUra="110" who="1" fromWho="0" sc="240,-77,240,97,250,0,250,0" /><INIT seed="1,0,0,4,4,11" ten="163,337,250,250" oya="1" hai0="7,74,36,111,130,6,28,99,63,69,91,110,1" hai1="0,24,70,97,114,16,40,15,39,120,34,95,83" hai2="31,23,66,22,87,71,45,76,50,61,105,3,13" hai3="57,98,60,10,80,30,123,51,2,127,112,52,128"/><U102/><E120/><V86/><F105/><W55/><G112/><T35/><D36/><U119/><E114/><V41/><F3/><W26/><G123/><T37/><D74/><U90/><E119/><V59/><F71/><W18/><G128/><T29/><D37/><U89/><E70/><V44/><F76/><W64/><G127/><T106/><D91/><U116/><E0/><V12/><F44/><W19/><G98/><T93/><D130/><U134/><E116/><V113/><F113/><W125/><G125/><T107/><D1/><U25/><E134/><V101/><F101/><W58/><G2/><T65/><D93/><U43/><E39/><V56/><F56/><W81/><G64/><T118/><D118/><U117/><E117/><V4/><F4/><W82/><REACH who="3" step="1"/><G10/><REACH who="3" ten="163,337,250,240" step="2"/><T53/><D99/><U49/><E34/><AGARI ba="0,1" hai="18,19,26,30,34,51,52,55,57,58,60,80,81,82" machi="34" ten="40,8000,1" yaku="1,1,2,1,54,1,53,2" doraHai="11" doraHaiUra="54" who="3" fromWho="1" sc="163,0,337,-80,250,0,240,90" /><INIT seed="2,0,0,1,3,60" ten="163,257,250,330" oya="2" hai0="61,65,132,88,96,99,9,120,93,58,66,17,0" hai1="87,98,10,71,127,72,25,97,70,4,94,37,38" hai2="32,73,114,50,41,102,64,123,26,129,28,11,7" hai3="52,24,63,117,109,54,27,67,118,62,90,44,19"/><V104/><F123/><W48/><G109/><T46/><D120/><U100/><E127/><V128/><F114/><W30/><G19/><T91/><D132/><U79/><E97/><N who="2" m="61519" /><F73/><W92/><G27/><T133/><D133/><U116/><E116/><V42/><F50/><W75/><G75/><T119/><D119/><U22/><E72/><V39/><F64/><W122/><G122/><T57/><D0/><U130/><E130/><N who="2" m="50283" /><F39/><W20/><G54/><T83/><D46/><U43/><E37/><V15/><AGARI ba="0,0" hai="7,11,15,26,28,32,41,42" m="50283,61519" machi="15" ten="30,1500,0" yaku="19,1" doraHai="60" who="2" fromWho="2" sc="163,-5,257,-5,250,15,330,-5" /><INIT seed="2,1,0,1,5,8" ten="158,252,265,325" oya="2" hai0="4,88,1,82,70,49,78,129,26,127,6,76,14" hai1="121,53,93,86,35,111,12,23,99,0,123,48,2" hai2="50,135,116,17,77,108,83,79,30,89,36,25,98" hai3="103,69,131,126,20,118,132,5,58,59,114,21,105"/><V47/><F116/><W31/><G69/><T52/><D70/><U51/><E111/><V61/><F36/><W96/><G118/><T15/><D127/><U24/><E35/><V66/><F135/><W46/><G132/><T42/><D129/><U97/><E86/><V44/><F108/><W37/><G131/><T117/><D42/><U112/><E112/><V68/><F17/><W80/><G126/><T67/><D67/><U54/><E93/><V9/><F9/><W18/><G5/><N who="0" m="2155" /><D1/><U3/><E24/><V119/><F119/><W133/><G133/><T125/><D117/><U110/><E110/><V109/><F109/><W94/><G105/><T22/><D125/><U41/><E41/><V100/><F89/><W27/><G80/><T115/><D115/><U10/><E23/><V85/><F77/><N who="0" m="29802" /><D88/><U84/><E84/><V130/><F130/><W71/><G71/><T75/><D82/><U91/><E91/><V90/><F50/><N who="1" m="18985" /><E99/><V7/><F7/><W87/><G87/><T102/><D102/><U28/><E97/><V107/><REACH who="2" step="1"/><F79/><REACH who="2" ten="158,252,255,325" step="2"/><W124/><G124/><T120/><D120/><N who="1" m="46155" /><E28/><V92/><F92/><W29/><G114/><T38/><D38/><U113/><E113/><V73/><F73/><W74/><G74/><T95/><D75/><U62/><E62/><V34/><AGARI ba="1,1" hai="25,30,34,44,47,61,66,68,83,85,90,98,100,107" machi="34" ten="20,18000,2" yaku="1,1,0,1,7,1,25,2,53,1" doraHai="8" doraHaiUra="57" who="2" fromWho="2" sc="158,-61,252,-61,255,193,325,-61" /><INIT seed="2,2,0,4,3,130" ten="97,191,448,264" oya="2" hai0="72,87,55,94,18,23,31,116,47,54,65,1,114" hai1="124,90,32,9,88,129,83,64,79,44,68,11,134" hai2="42,128,112,45,110,2,13,97,89,93,37,12,20" hai3="24,66,96,111,86,81,98,132,82,51,8,34,38"/><V80/><F2/><W27/><G38/><T115/><D72/><U46/><E32/><V39/><F112/><W30/><G111/><T91/><D1/><U40/><E124/><V75/><F128/><W71/><G24/><T56/><D116/><U118/><E118/><V77/><F110/><W125/><G125/><T119/><D119/><U16/><E129/><V4/><F39/><W108/><G108/><T0/><D0/><U74/><E46/><V122/><F122/><W99/><G51/><T101/><D31/><U15/><E9/><V85/><F4/><W52/><G8/><T25/><D101/><U3/><E3/><V120/><F120/><W69/><G82/><T100/><D100/><U48/><REACH who="1" step="1"/><E134/><REACH who="1" ten="97,181,448,264" step="2"/><V17/><F75/><W26/><G132/><T58/><D115/><U131/><E131/><V61/><F45/><W53/><G34/><T50/><D114/><U73/><E73/><V123/><F123/><W135/><G135/><T107/><D107/><U103/><E103/><V57/><F42/><W43/><G43/><T33/><D33/><U92/><E92/><V102/><F37/><W28/><G81/><T126/><D126/><U10/><E10/><V7/><F7/><W84/><G96/><T104/><D104/><U76/><E76/><V21/><F77/><W5/><G5/><T70/><REACH who="0" step="1"/><D55/><REACH who="0" ten="87,181,448,264" step="2"/><U127/><E127/><V22/><F102/><W113/><G113/><T95/><D95/><U49/><E49/><V106/><F93/><W6/><G6/><T109/><D109/><U36/><E36/><V29/><F106/><W41/><G41/><RYUUKYOKU ba="2,2" sc="87,10,181,10,448,-30,264,10" hai0="18,23,25,47,50,54,56,58,65,70,87,91,94" hai1="11,15,16,40,44,48,64,68,74,79,83,88,90" hai3="26,27,28,30,52,53,66,69,71,84,86,98,99" /><INIT seed="3,3,2,4,0,83" ten="97,191,418,274" oya="3" hai0="61,132,28,68,84,91,81,78,113,31,62,118,64" hai1="29,115,96,110,11,127,77,95,7,52,105,79,40" hai2="100,15,90,87,125,130,8,19,86,44,99,22,26" hai3="72,18,39,74,121,135,71,133,23,55,42,46,73"/><W10/><G10/><T21/><D118/><U37/><E115/><V89/><F125/><W20/><G121/><T24/><D132/><N who="3" m="50761" /><G71/><T58/><D113/><U75/><E127/><V88/><F130/><W14/><G55/><T2/><D2/><N who="1" m="503" /><E29/><N who="2" m="17623" /><F44/><W38/><G23/><T76/><REACH who="0" step="1"/><D31/><REACH who="0" ten="87,191,418,274" step="2"/><U70/><E110/><V49/><F49/><AGARI ba="3,3" hai="14,18,20,38,39,42,46,49,72,73,74" m="50761" machi="49" ten="40,2000,0" yaku="20,1" doraHai="83" who="3" fromWho="2" sc="87,0,191,0,418,-29,274,59" /><INIT seed="3,4,0,3,0,67" ten="87,191,389,333" oya="3" hai0="36,102,53,34,106,37,54,0,31,72,92,79,60" hai1="110,15,113,49,98,62,129,7,104,123,32,46,131" hai2="68,51,70,124,73,90,81,41,88,115,120,103,107" hai3="94,95,33,82,74,18,114,128,132,8,77,101,30"/><W44/><G114/><T63/><D0/><U119/><E113/><V93/><F115/><W80/><G132/><T52/><D106/><U17/><E123/><V133/><F120/><W69/><G128/><N who="1" m="49226" /><E119/><V48/><F133/><W117/><G117/><T12/><D72/><U83/><E32/><V116/><F116/><W97/><G82/><T21/><D79/><U75/><E110/><V56/><F124/><W27/><G44/><T23/><D34/><U16/><E62/><V25/><F25/><W65/><G65/><T135/><D135/><U29/><E29/><V71/><F107/><W76/><G76/><T109/><D109/><U100/><E83/><V57/><F73/><W42/><G42/><T10/><D31/><U130/><E75/><V28/><F28/><W64/><G95/><T134/><D134/><U11/><N who="1" m="49234" /><U50/><DORA hai="87" /><E49/><V43/><F81/><W105/><G94/><T24/><D24/><U86/><E86/><V20/><F48/><W22/><G8/><T9/><D102/><U127/><E127/><V96/><F51/><W26/><G64/><T58/><D92/><U108/><E108/><V2/><F43/><AGARI ba="4,0" hai="7,11,15,16,17,43,46,50,98,100,104" m="49234" machi="43" ten="40,2600,0" yaku="19,1,54,1" doraHai="67,87" who="1" fromWho="2" sc="87,0,191,38,389,-38,333,0" owari="87,-41.0,229,-17.0,351,45.0,333,13.0" /></mjloggm>