<mjloggm ver="2.3"><GO type="169" lobby="0"/><UN n0="%E5%A5%88%E8%90%BD%E3%81%AE%E7%8E%8B" n1="%3A%44%75%63%61%3A" n2="%E9%9B%80%E6%97%A5%E9%80%A3%E7%99%BD%E6%B3%A2%E7%80%AC" n3="%E3%82%A6%E3%83%AB%E3%83%88%E3%83%A9%E7%AB%8B%E7%9B%B4" dan="16,16,16,16" rate="2106.88,2107.66,2057.29,2116.76" sx="M,M,M,M"/><TAIKYOKU oya="0"/><INIT seed="0,0,0,2,1,133" ten="250,250,250,250" oya="0" hai0="38,56,2,98,68,84,108,75,106,48,53,70,12" hai1="13,24,64,121,102,134,52,29,67,17,124,1,118" hai2="14,66,87,107,78,86,19,18,20,83,61,21,88" hai3="130,10,27,117,58,101,123,11,22,46,79,131,50"/><T73/><D2/><U114/><E1/><V30/><F107/><W128/><G117/><T16/><D38/><U122/><E118/><V116/><F116/><W110/><G123/><T125/><D108/><U97/><E134/><V80/><F30/><W129/><G110/><T44/><D44/><U5/><E5/><V65/><REACH who="2" step="1"/><F61/><REACH who="2" ten="250,250,240,250" step="2"/><W119/><G119/><T93/><D106/><U89/><E29/><V69/><F69/><W34/><G130/><T54/><D70/><U31/><E121/><V95/><F95/><W55/><G34/><T111/><D68/><U59/><E31/><V25/><AGARI ba="0,1" hai="14,18,19,20,21,25,65,66,78,80,83,86,87,88" machi="25" ten="20,8000,1" yaku="1,1,0,1,7,1,8,1,54,1,53,0" doraHai="133" doraHaiUra="28" who="2" fromWho="2" sc="250,-40,250,-20,240,90,250,-20" /><INIT seed="1,0,0,3,1,18" ten="210,230,330,230" oya="1" hai0="115,119,15,123,86,44,118,13,40,0,8,95,57" hai1="24,6,28,26,34,20,75,30,1,133,113,82,4" hai2="58,56,22,7,63,107,2,17,97,33,101,11,103" hai3="125,98,134,81,72,21,120,27,70,105,61,109,131"/><U43/><E43/><V112/><F112/><W55/><G120/><T135/><D115/><U124/><E113/><V117/><F117/><W59/><G109/><T37/><D123/><U64/><E64/><V41/><F33/><W23/><G125/><T39/><D135/><U114/><E114/><V19/><F41/><W122/><G122/><T89/><D39/><U126/><E82/><V96/><F19/><W48/><G134/><T74/><D74/><U67/><E133/><V12/><REACH who="2" step="1"/><F63/><REACH who="2" ten="210,230,320,230" step="2"/><W91/><G131/><T85/><D119/><U87/><E6/><V14/><F14/><W92/><G105/><AGARI ba="0,1" hai="2,7,11,12,17,22,56,58,96,97,101,103,105,107" machi="105" ten="30,7700,0" yaku="1,1,7,1,9,1,52,1,53,0" doraHai="18" doraHaiUra="51" who="2" fromWho="3" sc="210,0,230,0,320,87,230,-77" /><INIT seed="2,0,0,5,0,57" ten="210,230,407,153" oya="2" hai0="56,54,37,72,119,53,77,113,45,60,51,48,101" hai1="71,46,130,122,110,9,91,18,4,23,41,6,87" hai2="133,25,89,0,95,88,35,43,74,49,15,27,8" hai3="125,52,55,115,105,7,126,97,121,32,120,2,131"/><V80/><F0/><W38/><G32/><T42/><D101/><U26/><E110/><V103/><F103/><W5/><G38/><T107/><D107/><U44/><E130/><V117/><F117/><W47/><G47/><N who="0" m="24015" /><D77/><U28/><E122/><N who="3" m="47210" /><G97/><T17/><D17/><U86/><E71/><V102/><F102/><W124/><G105/><T1/><D1/><U92/><E87/><N who="2" m="50279" /><F74/><W13/><G131/><T82/><D82/><U99/><E44/><N who="2" m="25759" /><F35/><W22/><G2/><T106/><D106/><U16/><E99/><N who="2" m="57839" /><F133/><W62/><G115/><T85/><D72/><U21/><E9/><V40/><F40/><W98/><G98/><T65/><D85/><U104/><E104/><V67/><F67/><W111/><G111/><T69/><D113/><U20/><E28/><V3/><F3/><W114/><G114/><T129/><D129/><U50/><REACH who="1" step="1"/><E20/><REACH who="1" ten="210,220,407,153" step="2"/><V100/><F100/><W73/><G22/><T132/><D132/><U81/><E81/><V31/><F31/><W135/><G135/><T127/><D119/><U84/><E84/><V93/><F93/><W19/><G73/><T118/><D118/><U76/><E76/><V123/><F123/><W11/><G5/><AGARI ba="0,1" hai="5,8,15,25,27" m="57839,25759,50279" machi="5" ten="30,2900,0" yaku="8,1,54,1" doraHai="57" who="2" fromWho="3" sc="210,0,220,0,407,39,153,-29" /><INIT seed="2,1,0,1,3,82" ten="210,220,446,124" oya="2" hai0="48,92,126,5,75,107,21,68,59,83,103,54,41" hai1="78,23,64,14,73,120,129,91,26,0,87,119,85" hai2="128,56,32,76,96,94,117,131,63,80,116,135,1" hai3="38,88,20,97,79,62,65,67,100,11,34,22,2"/><V9/><F32/><W44/><G34/><T89/><D68/><U99/><E119/><V52/><F135/><W113/><G113/><T19/><D5/><U71/><E0/><V133/><F133/><W109/><G109/><T60/><D126/><U28/><E73/><V31/><F31/><W50/><G38/><T13/><D107/><U57/><E71/><V16/><F1/><W25/><G79/><T61/><D103/><U84/><E129/><N who="2" m="49739" /><F9/><W36/><G36/><T95/><D41/><U111/><E111/><V86/><F16/><W3/><G11/><T112/><D112/><U45/><E120/><V27/><F27/><W12/><G12/><T30/><D30/><U77/><E45/><V114/><F114/><W70/><G65/><T53/><D75/><U69/><E69/><V127/><F127/><W132/><G22/><T74/><D74/><U81/><E14/><V46/><F46/><W55/><G132/><T8/><D21/><U47/><E47/><V108/><F108/><W124/><G124/><T37/><D37/><U115/><E115/><V4/><F4/><W104/><G20/><T40/><D40/><U18/><E28/><V90/><AGARI ba="1,0" hai="52,56,63,76,80,86,90,94,96,116,117" m="49739" machi="90" ten="30,6000,0" yaku="19,1,52,1,54,1" doraHai="82" who="2" fromWho="2" sc="210,-21,220,-21,446,63,124,-21" /><INIT seed="2,2,0,3,4,60" ten="189,199,509,103" oya="2" hai0="94,44,18,59,116,125,82,126,17,36,63,127,103" hai1="21,129,35,48,78,42,3,106,6,133,20,25,135" hai2="10,13,97,56,76,16,87,57,33,19,99,73,121" hai3="64,134,111,128,15,29,31,8,58,52,11,114,79"/><V100/><F73/><W113/><G128/><T107/><D107/><U50/><E106/><V96/><F33/><W12/><G111/><T5/><D5/><U43/><E129/><V7/><F121/><W55/><G79/><T84/><D116/><U108/><E78/><V27/><F100/><W75/><G75/><T23/><D23/><U88/><E108/><V83/><F27/><W77/><G77/><N who="0" m="46159" /><D94/><U109/><E109/><V70/><F70/><W89/><G89/><T91/><D91/><U80/><E35/><V110/><F110/><W112/><G134/><N who="1" m="51210" /><E6/><V69/><F69/><W115/><G115/><T61/><D103/><U81/><E3/><V124/><F124/><W9/><G64/><N who="0" m="38975" /><D63/><U62/><E62/><V40/><F40/><AGARI ba="2,0" hai="17,18,36,40,44,125,126,127" m="38975,46159" machi="40" ten="30,2000,0" yaku="18,1,52,1" doraHai="60" who="0" fromWho="2" sc="189,26,199,0,509,-26,103,0" /><INIT seed="3,0,0,3,3,71" ten="215,199,483,103" oya="3" hai0="19,83,85,80,92,128,126,101,74,104,29,17,6" hai1="119,132,40,123,76,14,48,86,23,42,27,64,89" hai2="108,112,49,66,28,116,60,125,130,32,114,78,15" hai3="44,35,39,22,107,134,0,34,53,26,52,95,50"/><W55/><G107/><T9/><D128/><U122/><E132/><V67/><F116/><W82/><G134/><T75/><D29/><U133/><E133/><V84/><F130/><W30/><G0/><T21/><D104/><U121/><E64/><V54/><F108/><W12/><G82/><T61/><D61/><U96/><E119/><V3/><F3/><W117/><G117/><T91/><D126/><U131/><E131/><V7/><F125/><W18/><G39/><T33/><D33/><U77/><E14/><V129/><F129/><W88/><REACH who="3" step="1"/><G35/><REACH who="3" ten="215,199,483,93" step="2"/><T87/><D83/><U72/><E72/><V62/><F32/><W57/><G57/><T24/><D75/><U37/><E37/><V63/><F114/><W81/><G81/><T2/><D74/><U20/><E121/><V110/><F112/><W8/><G8/><T93/><D80/><U115/><E122/><V124/><F124/><W38/><G38/><T113/><D113/><U5/><E123/><V68/><F68/><W11/><G11/><T41/><D9/><U51/><E115/><V16/><F110/><W65/><G65/><T47/><D2/><U90/><E76/><V109/><F109/><W111/><G111/><T1/><D1/><U102/><E77/><V43/><F67/><W118/><G118/><T99/><D93/><U79/><E79/><V36/><F36/><W105/><G105/><T69/><D92/><U100/><E20/><V59/><F66/><W94/><G94/><T4/><D21/><U135/><E23/><V56/><F78/><W45/><G45/><T25/><D47/><RYUUKYOKU ba="0,1" sc="215,-10,199,-10,483,-10,93,30" hai3="12,18,22,26,30,34,44,50,52,53,55,88,95" /><INIT seed="3,1,1,4,2,60" ten="205,189,473,123" oya="3" hai0="38,117,82,93,47,95,18,71,109,108,52,3,84" hai1="90,127,77,96,8,15,133,106,102,131,81,105,44" hai2="104,1,94,40,107,28,25,100,115,86,132,120,61" hai3="75,76,91,64,121,10,113,21,50,55,27,41,5"/><W128/><G121/><T79/><D117/><U23/><E133/><V103/><F115/><W83/><G113/><T58/><D71/><U45/><E131/><V43/><F1/><W126/><G128/><T124/><D3/><U66/><E127/><V114/><F114/><W34/><G126/><T30/><D30/><U98/><E23/><V0/><F0/><W31/><G91/><T46/><D124/><U51/><E66/><V123/><F132/><W99/><G99/><T135/><D135/><U78/><E78/><V130/><F130/><W37/><G64/><T89/><D18/><U13/><E13/><V70/><F86/><W111/><G111/><N who="0" m="42571" /><D38/><U14/><E14/><V67/><F94/><N who="0" m="35850" /><D89/><U80/><E90/><V29/><F29/><W4/><G34/><T134/><D134/><U92/><E92/><V2/><F2/><W85/><G10/><T54/><D54/><U59/><E98/><N who="2" m="61463" /><F107/><W48/><G37/><T69/><D69/><U17/><E105/><V33/><F103/><W36/><G36/><T125/><D125/><U35/><E35/><V56/><F56/><N who="3" m="32871" /><G4/><T74/><D74/><U119/><E119/><V53/><F53/><W110/><G5/><T6/><D6/><U101/><E101/><V11/><F11/><W26/><G110/><T42/><D42/><AGARI ba="1,1" hai="25,28,33,40,42,43,61,67,70,120,123" m="61463" machi="42" ten="30,2000,0" yaku="25,1,52,1" doraHai="60" who="2" fromWho="0" sc="205,-23,189,0,473,33,123,0" /><INIT seed="4,0,0,4,4,16" ten="182,189,506,123" oya="0" hai0="80,9,82,28,0,94,66,119,17,111,126,20,92" hai1="27,34,4,12,130,29,118,133,61,93,71,46,43" hai2="56,23,122,117,88,7,127,125,62,134,65,81,5" hai3="97,128,124,52,32,1,30,95,59,39,85,113,116"/><T67/><D119/><U40/><E133/><V75/><F117/><W55/><G116/><T70/><D126/><N who="2" m="48138" /><F122/><W13/><G1/><T108/><D28/><U53/><E130/><V123/><F123/><W60/><G124/><T63/><D67/><U77/><E118/><V83/><F134/><W58/><G128/><T87/><D9/><U79/><E43/><V21/><F88/><W120/><G113/><T54/><D54/><U22/><E93/><N who="0" m="35945" /><D87/><U57/><E71/><V24/><F23/><W114/><G114/><T68/><D68/><U15/><E15/><V110/><F110/><N who="0" m="42026" /><D0/><U11/><REACH who="1" step="1"/><E34/><REACH who="1" ten="182,179,506,123" step="2"/><V106/><F106/><W107/><G107/><T115/><D115/><U33/><E33/><V78/><F81/><W50/><G120/><T35/><D35/><U64/><E64/><V69/><F69/><W26/><G13/><AGARI ba="0,1" hai="13,17,20,63,66,70,80,82" m="42026,35945" machi="13" ten="30,2900,0" yaku="10,1,52,1" doraHai="16" who="0" fromWho="3" sc="182,39,179,0,506,0,123,-29" /><INIT seed="4,1,0,5,3,88" ten="221,179,506,94" oya="0" hai0="9,89,93,114,49,35,44,102,16,66,40,59,97" hai1="39,134,98,7,48,23,33,112,119,56,87,129,103" hai2="128,37,8,19,47,106,32,92,108,1,132,118,4" hai3="123,131,115,22,26,79,94,76,116,29,24,60,72"/><T121/><D35/><U43/><E119/><V83/><F108/><W82/><G116/><T95/><D121/><U117/><E33/><V73/><F106/><W84/><G123/><T111/><D111/><U133/><E117/><V6/><F118/><W62/><G115/><T126/><D114/><U27/><E112/><V50/><F132/><N who="1" m="50793" /><E7/><V18/><F32/><W5/><G131/><T31/><D31/><U122/><E122/><V100/><F6/><W21/><G5/><T41/><D126/><U81/><E39/><V55/><F128/><W85/><G72/><T74/><D74/><U2/><E2/><V107/><F107/><W90/><REACH who="3" step="1"/><G79/><REACH who="3" ten="221,179,506,84" step="2"/><T91/><D41/><U105/><E43/><V63/><F73/><W69/><G69/><T54/><D66/><U17/><E129/><V15/><F4/><W78/><G78/><T0/><D0/><U75/><E75/><V30/><F1/><W68/><G68/><T77/><D77/><U99/><E105/><V135/><F135/><W101/><G101/><T14/><REACH who="0" step="1"/><D95/><REACH who="0" ten="211,179,506,84" step="2"/><U127/><E127/><V28/><F92/><W120/><G120/><T65/><D65/><U109/><E109/><V46/><F28/><AGARI ba="1,2" hai="21,22,24,26,28,29,60,62,76,82,84,85,90,94" machi="28" ten="30,8000,1" yaku="1,1,7,1,9,1,8,1,52,1,53,0" doraHai="88" doraHaiUra="130" who="3" fromWho="2" sc="211,0,179,0,506,-83,84,103" /><INIT seed="5,0,0,2,5,40" ten="211,179,423,187" oya="1" hai0="52,126,35,85,20,135,62,79,101,124,46,110,119" hai1="41,9,27,112,22,5,81,91,38,95,134,44,113" hai2="29,73,39,92,28,122,59,125,3,90,67,4,26" hai3="86,34,2,117,108,89,24,105,53,130,47,31,106"/><U107/><E107/><V58/><F122/><W88/><G108/><T21/><D35/><U111/><E134/><V70/><F73/><W100/><G130/><T75/><D110/><U87/><E111/><V114/><F70/><W48/><G117/><T96/><D75/><U60/><E60/><V63/><F58/><W43/><G2/><T51/><D135/><U69/><E69/><V66/><F66/><W10/><G10/><T131/><D131/><U49/><E38/><V121/><F121/><W133/><G133/><T37/><D37/><U68/><E68/><V80/><F80/><W0/><G0/><T132/><D132/><U76/><E22/><V54/><F67/><W50/><G100/><T42/><D119/><U128/><E27/><V56/><F63/><W98/><G98/><T17/><D17/><U30/><E30/><V77/><F4/><W45/><G89/><T6/><D6/><U104/><E104/><V18/><F90/><W19/><G19/><T93/><D126/><U103/><E103/><V8/><F18/><W11/><G11/><T16/><D16/><U61/><E61/><V33/><F8/><W15/><G15/><T78/><D124/><U25/><E25/><V32/><F26/><W12/><G12/><T7/><D7/><U74/><REACH who="1" step="1"/><E128/><REACH who="1" ten="211,169,423,187" step="2"/><V94/><F28/><W129/><G129/><T1/><D21/><U23/><E23/><V13/><F29/><W99/><G99/><T65/><D20/><U64/><E64/><V72/><F125/><W83/><AGARI ba="0,1" hai="24,31,34,43,45,47,48,50,53,83,86,88,105,106" machi="83" ten="20,8000,1" yaku="0,1,7,1,52,2,54,1" doraHai="40" who="3" fromWho="3" sc="211,-20,169,-40,423,-20,187,90" /><INIT seed="6,0,0,5,3,134" ten="191,129,403,277" oya="2" hai0="59,64,71,116,55,97,110,46,21,90,3,118,36" hai1="111,82,12,26,128,105,1,106,58,109,75,68,34" hai2="11,40,117,8,31,125,14,130,73,60,54,100,69" hai3="45,113,48,15,95,101,43,80,22,5,53,92,132"/><V67/><F117/><N who="0" m="45162" /><D3/><U20/><E68/><V120/><F73/><W63/><G132/><T121/><D21/><U37/><E1/><V76/><F76/><W25/><G113/><T19/><D19/><U65/><E128/><V17/><F40/><W56/><G101/><T50/><D97/><U74/><E37/><V9/><F130/><W39/><G80/><T32/><D90/><U103/><E109/><V119/><F120/><W98/><G98/><T107/><D107/><U112/><E111/><V131/><F131/><W88/><G88/><T41/><D32/><U24/><E112/><V23/><F31/><W129/><G129/><T91/><D91/><U96/><E105/><V35/><F35/><W0/><G0/><T115/><D110/><U62/><E82/><V38/><F100/><W81/><G81/><T27/><D27/><U94/><E106/><V77/><F77/><W57/><G5/><T124/><D115/><U16/><E24/><V33/><F33/><W66/><G15/><T7/><D7/><U87/><E87/><V79/><F79/><W93/><G93/><T114/><D114/><U28/><REACH who="1" step="1"/><E34/><REACH who="1" ten="191,119,403,277" step="2"/><V52/><F38/><W85/><G85/><T29/><D71/><U89/><E89/><V83/><F83/><W4/><G95/><T78/><D36/><U10/><AGARI ba="0,1" hai="10,12,16,20,26,28,58,62,65,74,75,94,96,103" machi="10" ten="20,12000,2" yaku="1,1,0,1,7,1,25,2,54,1,53,1" doraHai="134" doraHaiUra="99" who="1" fromWho="1" sc="191,-30,119,130,403,-60,277,-30" /><INIT seed="7,0,0,5,1,33" ten="161,249,343,247" oya="3" hai0="128,104,45,124,52,71,9,119,117,8,67,112,2" hai1="79,19,3,48,133,20,90,22,4,46,11,56,15" hai2="84,109,50,87,126,58,27,95,23,1,92,108,111" hai3="34,75,10,47,54,0,26,74,40,21,125,96,59"/><W130/><G34/><T57/><D104/><U43/><E133/><V73/><F1/><W129/><G125/><T93/><D9/><U30/><E79/><V101/><F126/><W116/><G116/><T55/><D124/><U44/><E56/><V86/><F73/><W100/><G54/><T49/><D128/><N who="3" m="49257" /><G59/><T99/><D71/><U132/><E132/><V63/><F50/><W70/><G70/><T36/><D67/><U135/><E135/><V88/><F101/><W17/><G10/><T51/><D36/><U77/><E77/><V14/><F14/><W82/><G82/><T123/><D123/><U62/><E62/><V120/><F120/><W106/><G0/><T131/><D131/><U6/><E6/><V69/><F69/><W29/><G29/><T18/><D112/><U42/><E90/><V60/><F60/><W80/><G80/><T32/><D32/><U28/><REACH who="1" step="1"/><E22/><REACH who="1" ten="161,239,343,247" step="2"/><V72/><F111/><W83/><G83/><T85/><D85/><U89/><E89/><V102/><F109/><W134/><G134/><T113/><D113/><U110/><E110/><V16/><F108/><W103/><G103/><T5/><REACH who="0" step="1"/><D18/><REACH who="0" ten="151,239,343,247" step="2"/><U94/><E94/><V127/><F127/><W13/><G75/><T37/><D37/><AGARI ba="0,2" hai="3,4,11,15,19,20,28,30,37,42,43,44,46,48" machi="37" ten="30,8000,1" yaku="1,1,7,1,52,1,53,2" doraHai="33" doraHaiUra="39" who="1" fromWho="0" sc="151,-80,239,100,343,0,247,0" owari="71,-43.0,339,14.0,343,44.0,247,-15.0" /></mjloggm>