<mjloggm ver="2.3"><GO type="225" lobby="0"/><UN n0="%E7%8E%A9%E5%80%8B%4A%42" n1="%E3%83%88%E3%83%88%E3%83%AA%E5%85%88%E7%94%9F%31%39%E6%AD%B3" n2="%E3%83%91%E3%82%B7%E3%83%AA%EF%BC%A0%E5%B7%9D%E6%9D%91%E8%BB%8D%E5%9B%A3" n3="%E3%81%A1%E3%83%BC%E3%81%A6%E3%82%93" dan="16,17,16,17" rate="2107.42,2207.20,2098.26,2091.92" sx="M,F,M,M"/><TAIKYOKU oya="0"/><INIT seed="0,0,0,3,3,125" ten="250,250,250,250" oya="0" hai0="120,50,3,26,30,73,80,115,1,82,81,21,128" hai1="49,92,101,7,41,83,94,103,27,15,28,56,88" hai2="127,107,130,116,117,23,68,104,105,65,33,66,29" hai3="38,76,43,72,24,70,75,2,87,99,44,6,17"/><T124/><D115/><U74/><E92/><V71/><F127/><W90/><G70/><N who="2" m="26665" /><F23/><W67/><G67/><N who="2" m="25609" /><F29/><W100/><G76/><T61/><D124/><U54/><E41/><V102/><F102/><W11/><G17/><T63/><D120/><U35/><E83/><V19/><F19/><W106/><REACH who="3" step="1"/><G24/><REACH who="3" ten="250,250,250,240" step="2"/><T89/><D73/><U109/><E74/><V119/><F33/><W129/><G129/><AGARI ba="0,1" hai="104,105,107,116,117,119,129,130" m="25609,26665" machi="129" ten="50,8000,1" yaku="28,2,12,1,52,2" doraHai="125" who="2" fromWho="3" sc="250,0,250,0,250,90,240,-80" /><INIT seed="1,0,0,1,2,105" ten="250,250,340,160" oya="1" hai0="79,90,43,19,58,68,80,53,99,46,38,81,126" hai1="89,82,86,26,94,104,67,122,110,56,75,120,16" hai2="32,27,24,57,73,129,35,65,85,131,20,135,50" hai3="13,74,111,37,11,69,71,0,63,76,124,49,47"/><U1/><E1/><V10/><F73/><W4/><G111/><T15/><D68/><U101/><E110/><V119/><F119/><W98/><G124/><T5/><D126/><U8/><E67/><V30/><F135/><W54/><G98/><T127/><D5/><U44/><E56/><V106/><F106/><W113/><G113/><T7/><D7/><U25/><E44/><V18/><F10/><W48/><G63/><T34/><D34/><U9/><E9/><V100/><F100/><W108/><G108/><T115/><D115/><U22/><E8/><V77/><F77/><W61/><G61/><T51/><D127/><U103/><E26/><V3/><F3/><W64/><G64/><T31/><D31/><U52/><E52/><N who="2" m="31895" /><F85/><W83/><G13/><T12/><D12/><U84/><E84/><V116/><F65/><W109/><G109/><T117/><D117/><U66/><E66/><V134/><F134/><W23/><G23/><T36/><D36/><U62/><E62/><V55/><F55/><W118/><G118/><T45/><D45/><U88/><E89/><V132/><F132/><W95/><G95/><T29/><D79/><N who="1" m="44415" /><E103/><V123/><F116/><W96/><G96/><AGARI ba="0,0" hai="16,22,25,86,88,94,96,101,104,120,122" m="44415" machi="96" ten="30,11600,0" yaku="24,1,52,1,54,2" doraHai="105" who="1" fromWho="3" sc="250,0,250,116,340,0,160,-116" /><INIT seed="1,1,0,4,0,94" ten="250,366,340,44" oya="1" hai0="124,30,83,28,81,15,41,37,58,57,93,34,88" hai1="19,125,43,86,36,98,116,55,35,127,51,52,13" hai2="102,133,64,25,2,75,7,69,10,33,79,105,91" hai3="72,103,63,113,16,26,85,32,6,111,17,90,23"/><U73/><E116/><V31/><F133/><W122/><G113/><T18/><D124/><N who="1" m="47691" /><E73/><V101/><F91/><W4/><G72/><T0/><D0/><U38/><E35/><V132/><F132/><W117/><G111/><T3/><D3/><U42/><E86/><V46/><F46/><W70/><G117/><T62/><D37/><N who="1" m="14443" /><E98/><N who="2" m="61623" /><F102/><W14/><G122/><T99/><D41/><N who="1" m="15371" /><E51/><V74/><F79/><W76/><G103/><T49/><D49/><U87/><E87/><V47/><F47/><W50/><G76/><T100/><D34/><U45/><E45/><V106/><F106/><W84/><G50/><T67/><D58/><U107/><E107/><V21/><F21/><AGARI ba="1,0" hai="13,19,21,52,55" m="15371,14443,47691" machi="21" ten="30,2900,0" yaku="18,1,54,1" doraHai="94" who="1" fromWho="2" sc="250,0,366,32,340,-32,44,0" /><INIT seed="1,2,0,2,5,68" ten="250,398,308,44" oya="1" hai0="33,73,89,58,28,49,1,43,76,66,108,125,46" hai1="97,65,131,29,12,70,132,26,75,88,118,122,134" hai2="109,40,72,53,19,130,129,56,41,91,45,31,83" hai3="37,85,10,103,25,7,64,48,9,20,17,123,61"/><U24/><E118/><V128/><F31/><W62/><G123/><T51/><D1/><U16/><E122/><V114/><F109/><W102/><G48/><T81/><D108/><U27/><E75/><V22/><F114/><W124/><G124/><T87/><D125/><U135/><E131/><V106/><F106/><W120/><G120/><T13/><D13/><U30/><E65/><V93/><F83/><W2/><G10/><T67/><D58/><U116/><E70/><V115/><F72/><W107/><G107/><T63/><D51/><U59/><E59/><V47/><F115/><W74/><G74/><T3/><D3/><U52/><E52/><V36/><F47/><W101/><G85/><T95/><REACH who="0" step="1"/><D63/><REACH who="0" ten="240,398,308,44" step="2"/><U78/><E116/><V105/><F56/><W100/><N who="3" m="25600" /><DORA hai="99" /><W126/><G126/><T34/><D34/><U69/><E69/><V42/><F105/><W82/><G82/><T94/><D94/><U38/><E12/><V4/><F93/><W90/><G90/><T86/><D86/><U6/><E88/><V110/><F91/><W57/><REACH who="3" step="1"/><G62/><REACH who="3" ten="240,398,308,34" step="2"/><T39/><D39/><AGARI ba="2,2" hai="2,7,9,17,20,25,37,39,57,61,64" m="25600" machi="39" ten="50,16000,3" yaku="1,1,2,1,52,6,53,2" doraHai="68,99" doraHaiUra="15,35" who="3" fromWho="0" sc="240,-166,398,0,308,0,34,186" /><INIT seed="2,0,0,2,1,34" ten="74,398,308,220" oya="2" hai0="39,28,51,17,94,35,130,71,36,50,54,91,1" hai1="10,81,95,46,7,13,126,48,115,31,114,116,59" hai2="96,105,92,82,67,119,117,89,66,102,125,85,88" hai3="29,133,75,52,53,0,64,16,97,61,108,12,128"/><V56/><F125/><W49/><G75/><T42/><D71/><U131/><E116/><N who="2" m="44619" /><F56/><W132/><G108/><T40/><D17/><U93/><E126/><V124/><F66/><W60/><G128/><T55/><D28/><U99/><E131/><V86/><F67/><W101/><G0/><T103/><D103/><U19/><E31/><V8/><F8/><N who="3" m="6151" /><G29/><T109/><D130/><U77/><E59/><V90/><F124/><W122/><G122/><T70/><D70/><U118/><E118/><V27/><F27/><W120/><G120/><T74/><D35/><U112/><E99/><V78/><AGARI ba="0,0" hai="78,82,85,86,88,89,90,92,96,102,105" m="44619" machi="78" ten="30,6000,0" yaku="34,2,54,1" doraHai="34" who="2" fromWho="2" sc="74,-20,398,-20,308,60,220,-20" /><INIT seed="2,1,0,3,3,122" ten="54,378,368,200" oya="2" hai0="38,105,120,113,78,99,2,40,94,118,77,34,79" hai1="18,131,0,25,87,124,82,98,56,92,43,93,52" hai2="90,27,3,121,76,111,4,96,135,12,104,88,33" hai3="39,57,30,51,59,5,130,68,62,48,91,102,115"/><V60/><F121/><W125/><G39/><T13/><D13/><U119/><E119/><V22/><F3/><W65/><G102/><T20/><D20/><N who="1" m="13463" /><E0/><V16/><F135/><W106/><G106/><T109/><D2/><U36/><E36/><V132/><F132/><W123/><G5/><T114/><D34/><U23/><E131/><V129/><F129/><W74/><G74/><T47/><D120/><U127/><E43/><V81/><F111/><W46/><G30/><T73/><D118/><U28/><E98/><V45/><F45/><W9/><G9/><T116/><D116/><U66/><E66/><V84/><F60/><W6/><G6/><T21/><D21/><U67/><E67/><V58/><F58/><W42/><G91/><T19/><D19/><U107/><E107/><V50/><F50/><N who="3" m="26967" /><G123/><T41/><D41/><U8/><E8/><V75/><F75/><W1/><G1/><T29/><D29/><U110/><E110/><V126/><F126/><N who="1" m="48169" /><E23/><V128/><F128/><W112/><G125/><T103/><D73/><U54/><E28/><V7/><F33/><W86/><G130/><T10/><D10/><U133/><E133/><V11/><REACH who="2" step="1"/><F7/><REACH who="2" ten="54,378,358,200" step="2"/><W53/><G51/><T55/><D109/><U108/><E108/><V69/><F69/><W100/><G59/><T37/><D37/><U95/><E56/><V72/><F72/><W61/><G62/><T49/><REACH who="0" step="1"/><D105/><REACH who="0" ten="44,378,358,200" step="2"/><U134/><E134/><V32/><F32/><W83/><G115/><T85/><D85/><U71/><E71/><V80/><F80/><W117/><G112/><T31/><D31/><RYUUKYOKU ba="1,2" sc="44,10,378,10,358,10,200,-30" hai0="38,40,47,49,55,77,78,79,94,99,103,113,114" hai1="52,54,82,87,92,93,95" hai2="4,11,12,16,22,27,76,81,84,88,90,96,104" /><INIT seed="2,2,2,4,5,95" ten="54,388,368,170" oya="2" hai0="13,103,54,16,109,0,27,129,23,28,24,117,73" hai1="52,130,82,64,94,89,125,133,108,56,131,34,44" hai2="120,42,76,111,50,31,122,102,83,1,38,86,98" hai3="22,62,5,47,2,36,87,15,106,71,101,92,67"/><V59/><F1/><W104/><G2/><T75/><D0/><U69/><E34/><V135/><F135/><W90/><G101/><T68/><D109/><U10/><E108/><V65/><F38/><W8/><REACH who="3" step="1"/><G22/><REACH who="3" ten="54,388,368,160" step="2"/><T57/><D117/><U3/><E3/><V58/><F111/><W115/><G115/><T45/><D129/><U66/><E131/><V51/><F102/><W84/><G84/><T53/><D68/><U35/><E69/><V107/><F86/><W29/><G29/><T25/><D28/><U78/><E130/><V41/><F31/><W100/><G100/><T127/><D127/><U88/><E125/><V63/><F120/><W110/><G110/><T119/><D119/><U4/><E133/><V39/><F122/><W114/><G114/><T74/><D103/><U55/><E35/><V81/><F107/><W85/><G85/><T79/><D79/><U124/><E78/><V105/><F76/><W33/><G33/><T123/><D123/><U49/><E124/><V113/><F105/><W112/><G112/><T43/><REACH who="0" step="1"/><D57/><REACH who="0" ten="44,388,368,160" step="2"/><U80/><E56/><V72/><F59/><W121/><G121/><T30/><D30/><U97/><E89/><V128/><F58/><W20/><G20/><T118/><D118/><U77/><E77/><V134/><F113/><W6/><G6/><T126/><D126/><U19/><E4/><V32/><F134/><W9/><G9/><T26/><N who="0" m="6144" /><DORA hai="12" /><T18/><D18/><U11/><E19/><V40/><F32/><W116/><G116/><T37/><AGARI ba="2,4" hai="13,16,23,37,43,45,53,54,73,74,75" m="6144" machi="37" ten="50,8000,1" yaku="1,1,0,1,52,1,54,1,53,1" doraHai="95,12" doraHaiUra="60,17" who="0" fromWho="0" sc="44,126,388,-22,368,-42,160,-22" /><INIT seed="3,0,0,2,4,12" ten="170,366,326,138" oya="3" hai0="135,120,21,93,124,92,134,88,66,98,8,62,107" hai1="103,115,87,110,15,10,97,35,119,33,57,70,36" hai2="18,58,37,73,131,90,22,54,43,126,118,76,105" hai3="7,80,104,112,101,3,102,17,95,79,2,14,19"/><W111/><G112/><T16/><D124/><U31/><E70/><V49/><F118/><W61/><G104/><T51/><D120/><U9/><E36/><V99/><F126/><W39/><G39/><T27/><D107/><U78/><E115/><V26/><F131/><W123/><G123/><T63/><D51/><U114/><E114/><V128/><F128/><W13/><G111/><T46/><D46/><U108/><E119/><V72/><F76/><W1/><G61/><T29/><D93/><N who="1" m="58799" /><E31/><V96/><F96/><W94/><G7/><T83/><D83/><N who="1" m="47607" /><E57/><V130/><F130/><W132/><G132/><N who="0" m="50731" /><D66/><U44/><E44/><V86/><F37/><W34/><G34/><T55/><D55/><U53/><E53/><V129/><F129/><W56/><G56/><T127/><D127/><U91/><E91/><V28/><F43/><W60/><G60/><T48/><D48/><U84/><E84/><V11/><F99/><N who="3" m="59639" /><G3/><T106/><D106/><U117/><E9/><V81/><F105/><W59/><G59/><T41/><D41/><U133/><E117/><V68/><F68/><W30/><G30/><T71/><D71/><U52/><E52/><V0/><F28/><W77/><G2/><T74/><D74/><U122/><E122/><V125/><F125/><W85/><G1/><T69/><D69/><U113/><E113/><V20/><F0/><W82/><G82/><T23/><D8/><U4/><E133/><V64/><F11/><N who="3" m="6335" /><G79/><T42/><D42/><U24/><E35/><V32/><F32/><W45/><G45/><T25/><AGARI ba="0,0" hai="16,21,23,25,27,29,62,63,88,92,98" m="50731" machi="25" ten="30,7900,0" yaku="20,1,52,1,54,2" doraHai="12" who="0" fromWho="0" sc="170,79,366,-20,326,-20,138,-39" owari="249,-15.0,346,44.0,306,11.0,99,-40.0" /></mjloggm>