<mjloggm ver="2.3"><GO type="169" lobby="0"/><UN n0="%65%67%69%73%68%6F%32" n1="%E5%B0%B1%E6%B4%BB%E7%94%9F%40%E5%B7%9D%E6%9D%91%E8%BB%8D%E5%9B%A3" n2="%6D%61%74%69%6F%73%61%6E" n3="%E9%BA%BB%E5%B8%83%E5%A0%85%E4%B8%80" dan="16,16,16,18" rate="2157.28,2123.73,2059.05,2281.95" sx="M,M,M,M"/><TAIKYOKU oya="0"/><INIT seed="0,0,0,1,0,100" ten="250,250,250,250" oya="0" hai0="35,45,133,22,61,21,46,77,64,44,11,93,106" hai1="17,4,41,99,60,0,51,24,128,34,75,36,53" hai2="74,50,32,86,13,130,69,134,23,6,132,15,8" hai3="101,56,117,97,40,125,96,122,12,47,89,80,129"/><T72/><D35/><U87/><E75/><V85/><F74/><W95/><G117/><T123/><D123/><U31/><E128/><V16/><F69/><W119/><G119/><T108/><D72/><U78/><E60/><V82/><F32/><W126/><G129/><T14/><D77/><U62/><E62/><V109/><F130/><W115/><G115/><T114/><D114/><U111/><E111/><V28/><F109/><W3/><G3/><T135/><D93/><U29/><E31/><V103/><F28/><W105/><G122/><T2/><D2/><U120/><E120/><V110/><F110/><W9/><G56/><T131/><D131/><U30/><E29/><V112/><F112/><W124/><G80/><T76/><D76/><U102/><E41/><V121/><F121/><W94/><G94/><T54/><D54/><U68/><E68/><V49/><F103/><W70/><G70/><N who="0" m="42255" /><D106/><U5/><E36/><V67/><F67/><W81/><G81/><T37/><D37/><U18/><E87/><N who="2" m="33291" /><F82/><W27/><G27/><T43/><D43/><U48/><E78/><V1/><F1/><W90/><G90/><T59/><D59/><U84/><E84/><V104/><F104/><W107/><G107/><T20/><D108/><U83/><E83/><V127/><F127/><W88/><G89/><T25/><D25/><U79/><E79/><V73/><F73/><W118/><G118/><T116/><D116/><U66/><E66/><V7/><F7/><N who="1" m="2633" /><E0/><V26/><F26/><W98/><G40/><T42/><D42/><U19/><E53/><V33/><F33/><RYUUKYOKU ba="0,0" sc="250,10,250,10,250,10,250,-30" hai0="11,14,20,21,22,44,45,46,133,135" hai1="17,18,19,24,30,34,48,51,99,102" hai2="6,8,13,15,16,23,49,50,132,134" /><INIT seed="0,1,0,3,3,83" ten="260,260,260,220" oya="0" hai0="85,15,35,108,89,119,121,30,9,5,27,26,69" hai1="25,95,77,49,115,54,18,130,78,22,128,98,34" hai2="101,29,52,127,31,24,13,86,4,41,62,2,90" hai3="42,82,104,84,56,70,46,81,67,88,74,106,48"/><T135/><D121/><U87/><E34/><V120/><F2/><W37/><G74/><T45/><D119/><U57/><E115/><V92/><F120/><W28/><G28/><T0/><D69/><U91/><E130/><V122/><F122/><W64/><G82/><T97/><D97/><U107/><E128/><V112/><F112/><W105/><REACH who="3" step="1"/><G70/><REACH who="3" ten="260,260,260,210" step="2"/><T80/><D135/><U44/><E107/><V51/><F31/><W58/><G58/><T16/><D108/><U134/><E134/><V11/><F127/><W7/><G7/><T55/><D27/><U6/><E6/><V60/><F24/><W40/><G40/><T10/><D45/><U73/><E73/><V1/><F29/><W20/><G20/><T47/><D47/><U65/><E98/><N who="2" m="59591" /><F41/><W14/><G14/><T118/><D118/><U93/><E93/><N who="2" m="54487" /><F1/><W17/><G17/><T94/><REACH who="0" step="1"/><D55/><AGARI ba="1,1" hai="37,42,46,48,55,56,64,67,81,84,88,104,105,106" machi="55" ten="40,8000,1" yaku="1,1,52,1,54,1,53,1" doraHai="83" doraHaiUra="43" who="3" fromWho="0" sc="260,-83,260,0,260,0,210,93" /><INIT seed="1,0,0,2,3,130" ten="177,260,260,303" oya="1" hai0="102,61,126,47,103,2,3,84,70,24,37,82,94" hai1="34,101,117,76,10,97,99,4,73,90,33,32,96" hai2="54,1,53,81,125,119,89,56,14,57,9,107,98" hai3="135,23,29,120,133,63,42,77,11,71,74,100,131"/><U134/><E117/><V75/><F1/><W85/><G120/><T39/><D24/><U15/><E90/><V30/><F119/><W69/><G74/><T122/><D122/><U109/><E109/><V28/><F125/><W50/><G131/><T8/><D126/><U110/><E110/><V105/><F75/><W83/><G100/><T88/><D39/><U66/><E66/><V111/><F111/><W0/><G29/><T48/><D37/><U44/><E44/><V45/><F45/><N who="3" m="25911" /><G23/><T93/><D103/><U5/><E101/><V21/><F21/><W22/><G22/><T108/><D108/><U26/><E26/><V123/><F123/><W113/><G63/><T116/><D116/><U20/><E20/><V16/><F107/><W92/><G92/><T36/><D36/><U7/><E73/><V46/><F46/><W64/><G64/><T72/><D102/><U38/><E76/><V67/><F67/><W52/><G52/><T55/><D61/><U40/><E40/><V104/><F104/><W86/><G85/><T41/><D41/><U112/><E38/><V58/><F105/><W59/><G113/><T127/><D70/><N who="3" m="26633" /><G59/><T121/><D121/><U124/><E112/><V118/><F118/><W27/><G27/><T35/><D35/><U18/><E124/><V95/><F81/><W115/><G115/><T68/><D68/><U62/><E62/><N who="2" m="36111" /><F58/><W91/><G77/><N who="0" m="44327" /><D127/><U128/><E128/><V132/><F28/><W106/><G106/><T51/><D94/><U80/><E80/><V49/><F30/><W31/><G31/><T19/><D51/><RYUUKYOKU ba="0,0" sc="177,0,260,0,260,0,303,0" hai0="2,3,8,19,47,48,55,84,88,93" hai1="4,5,7,10,15,18,32,33,34,96,97,99,134" hai2="9,14,16,49,54,57,89,95,98,132" hai3="0,11,83,86,91,133,135" /><INIT seed="1,1,0,3,4,34" ten="177,260,260,303" oya="1" hai0="47,60,28,123,88,121,32,19,133,15,104,105,127" hai1="135,99,130,3,45,21,65,120,70,116,84,63,117" hai2="124,11,82,43,81,20,9,48,69,42,26,106,1" hai3="100,102,39,6,13,89,90,126,134,113,61,114,56"/><U94/><E120/><N who="0" m="46153" /><D32/><U25/><E130/><V125/><F69/><W78/><G39/><T92/><D28/><U50/><E135/><V36/><F36/><W64/><G134/><T76/><D133/><U115/><E84/><V119/><F119/><W103/><G126/><N who="2" m="48745" /><F106/><W109/><G109/><T73/><D127/><U98/><E98/><V5/><F11/><N who="3" m="4343" /><G114/><T107/><D47/><U111/><E115/><V131/><F131/><W14/><G113/><T7/><D7/><U27/><E27/><V8/><F8/><W44/><G78/><T23/><D60/><U16/><E111/><V10/><F10/><W38/><G38/><T12/><D12/><U37/><E37/><V122/><F122/><W62/><G14/><T71/><D71/><U67/><E65/><V97/><F97/><W35/><G35/><T80/><D107/><U128/><E128/><V87/><F48/><W0/><G62/><T75/><D75/><U52/><REACH who="1" step="1"/><E3/><REACH who="1" ten="177,250,260,303" step="2"/><V58/><F87/><AGARI ba="1,1" hai="15,19,23,73,76,80,87,88,92,104,105" m="46153" machi="87" ten="30,2000,0" yaku="13,1,54,1" doraHai="34" who="0" fromWho="2" sc="177,33,250,0,260,-23,303,0" /><INIT seed="2,0,0,4,1,69" ten="210,250,237,303" oya="2" hai0="100,81,58,113,22,39,47,33,96,75,28,60,89" hai1="125,49,73,127,0,66,42,17,10,86,30,67,133" hai2="116,8,50,98,117,43,85,119,74,76,80,11,59" hai3="24,101,61,82,53,110,13,27,37,68,134,19,128"/><V79/><F98/><W54/><G101/><T92/><D33/><U35/><E73/><V41/><F74/><W99/><G99/><T97/><D113/><U65/><E133/><V91/><F41/><W131/><G134/><T122/><D122/><U106/><E106/><V36/><F76/><W6/><G6/><T55/><D75/><U130/><E130/><V88/><F91/><W94/><G94/><T93/><D81/><U4/><E17/><V48/><F79/><W9/><G82/><T120/><D120/><U3/><E3/><V104/><F104/><W121/><G37/><T16/><D28/><U95/><E30/><V71/><F71/><W29/><G24/><T23/><D23/><U70/><E35/><V87/><F87/><W129/><G121/><T14/><D47/><N who="1" m="25847" /><E70/><V52/><REACH who="2" step="1"/><F48/><REACH who="2" ten="210,250,227,303" step="2"/><W111/><G68/><T105/><D105/><U115/><E115/><V38/><F38/><W72/><G72/><T102/><D39/><U2/><E86/><V108/><F108/><W90/><G111/><T62/><D89/><U123/><E123/><V78/><F78/><W46/><G110/><T26/><D62/><U135/><E135/><V5/><F5/><W83/><G61/><T25/><AGARI ba="0,1" hai="14,16,22,25,26,55,58,60,92,93,96,97,100,102" machi="25" ten="30,7900,0" yaku="0,1,9,1,8,1,54,1" doraHai="69" who="0" fromWho="0" sc="210,89,250,-20,227,-39,303,-20" /><INIT seed="3,0,0,0,3,49" ten="299,230,188,283" oya="3" hai0="91,129,34,61,20,68,94,9,124,71,83,115,113" hai1="112,79,75,33,46,39,96,114,60,125,108,106,50" hai2="88,85,48,72,81,63,90,103,23,3,132,43,109" hai3="58,116,111,117,36,52,7,5,24,74,95,0,105"/><W29/><G105/><T87/><D34/><U30/><E108/><V97/><F3/><W82/><G36/><T12/><D129/><U84/><E125/><V40/><F109/><W67/><G111/><T53/><D20/><U121/><E39/><V18/><F72/><W73/><G67/><T32/><D32/><U2/><E75/><V45/><F132/><W25/><G95/><T126/><D83/><U122/><E2/><V26/><F63/><W21/><G74/><T4/><D71/><U62/><E30/><V17/><F17/><W92/><G92/><T127/><REACH who="0" step="1"/><D53/><REACH who="0" ten="289,230,188,283" step="2"/><U11/><E33/><V56/><F43/><W134/><G82/><T55/><D55/><U102/><E122/><V38/><F38/><W47/><G52/><T123/><D123/><U89/><E121/><V110/><F110/><W31/><G21/><T101/><D101/><U13/><E79/><V76/><REACH who="2" step="1"/><F56/><REACH who="2" ten="289,230,178,283" step="2"/><W27/><G58/><T93/><D93/><AGARI ba="0,2" hai="18,23,26,40,45,48,76,81,85,88,90,93,97,103" machi="93" ten="30,8000,1" yaku="1,1,2,1,7,1,8,1,54,1,53,0" doraHai="49" doraHaiUra="10" who="2" fromWho="0" sc="289,-80,230,0,178,100,283,0" /><INIT seed="4,0,0,5,1,106" ten="209,230,278,283" oya="0" hai0="47,99,16,45,104,25,21,42,132,49,56,23,125" hai1="58,75,1,30,11,41,123,74,126,96,51,46,6" hai2="108,90,5,54,128,112,80,48,2,73,19,101,113" hai3="43,7,0,111,66,83,4,35,114,92,131,117,78"/><T38/><D132/><U27/><E123/><V88/><F108/><W67/><G35/><T24/><D125/><U55/><E126/><V84/><F101/><W44/><G111/><T65/><D65/><U93/><E93/><V119/><F119/><W50/><G117/><T70/><D70/><U9/><E11/><N who="2" m="2487" /><F128/><W103/><G114/><N who="2" m="44137" /><F19/><W121/><G131/><T69/><D69/><U98/><E98/><V53/><F73/><W72/><G121/><T28/><D56/><U133/><E96/><V12/><F12/><W94/><G103/><T61/><D61/><U63/><REACH who="1" step="1"/><E133/><REACH who="1" ten="209,220,278,283" step="2"/><V110/><F110/><W77/><G94/><T34/><D99/><U86/><E86/><N who="2" m="50247" /><F48/><W15/><G50/><T79/><D104/><U22/><AGARI ba="0,1" hai="1,6,9,22,27,30,41,46,51,55,58,63,74,75" machi="22" ten="20,8000,1" yaku="1,1,0,1,7,1,52,2,53,0" doraHai="106" doraHaiUra="89" who="1" fromWho="1" sc="209,-40,220,90,278,-20,283,-20" /><INIT seed="5,0,0,1,2,78" ten="169,310,258,263" oya="1" hai0="47,12,31,104,73,74,10,7,98,18,102,100,62" hai1="34,91,103,26,57,20,105,116,4,128,44,80,46" hai2="114,37,54,72,121,22,2,96,29,90,67,93,88" hai3="23,36,111,130,131,71,82,94,110,60,66,56,61"/><U24/><E128/><N who="3" m="49194" /><G94/><T101/><D31/><U124/><E34/><V95/><F37/><W27/><G36/><T25/><D47/><U125/><E4/><V30/><F2/><W40/><G40/><T17/><D101/><U112/><E112/><V51/><F72/><W92/><G92/><T87/><D102/><U119/><E103/><V43/><F43/><W107/><G107/><T35/><D35/><U65/><E105/><V113/><F67/><N who="3" m="41455" /><G82/><T118/><D118/><U83/><E91/><V50/><F121/><W59/><G59/><T28/><D73/><U14/><E57/><V123/><F123/><W70/><G70/><T79/><D74/><U81/><E65/><V126/><F126/><N who="1" m="48745" /><E14/><V9/><F9/><W53/><G66/><T109/><D62/><U42/><E26/><N who="2" m="16599" /><F54/><W117/><G117/><N who="1" m="45130" /><E42/><V77/><F77/><W11/><G53/><T86/><D79/><U69/><E69/><V99/><F30/><AGARI ba="0,0" hai="20,24,30,44,46,80,81,83" m="45130,48745" machi="30" ten="40,12000,1" yaku="18,1,52,3" doraHai="78" who="1" fromWho="2" sc="169,0,310,120,258,-120,263,0" /><INIT seed="5,1,0,4,3,9" ten="169,430,138,263" oya="1" hai0="90,26,49,124,82,125,57,58,45,135,31,83,6" hai1="80,24,118,30,95,50,120,111,78,101,64,51,16" hai2="35,127,10,109,65,63,48,115,92,107,37,46,79" hai3="110,0,87,123,131,73,91,103,108,126,128,62,18"/><U36/><E36/><V4/><F107/><W28/><G0/><T121/><D6/><U17/><E120/><V38/><F109/><W67/><G73/><T5/><D5/><U54/><E64/><V43/><F35/><W106/><G123/><T133/><D121/><U41/><E41/><V77/><F127/><W22/><G126/><N who="0" m="48747" /><D90/><U55/><E95/><V96/><F115/><W21/><G106/><T84/><D84/><U75/><E101/><V29/><F29/><W94/><G103/><T112/><D112/><U116/><E111/><V88/><F38/><W74/><G74/><T102/><D102/><U89/><E89/><V132/><F37/><W66/><G28/><T44/><D49/><U100/><E100/><V97/><F97/><W76/><G87/><T68/><D26/><U60/><E60/><V122/><F122/><W32/><G62/><T114/><D31/><U134/><E134/><N who="0" m="51209" /><D114/><U130/><E30/><V12/><F132/><W72/><G91/><T93/><D93/><U42/><E24/><V14/><F14/><W3/><G94/><T40/><D40/><U129/><E42/><V34/><F34/><W13/><G108/><T104/><D104/><U61/><E61/><V8/><F8/><W85/><G13/><T113/><D113/><U23/><E75/><V69/><AGARI ba="1,0" hai="4,10,12,43,46,48,63,65,69,77,79,88,92,96" machi="69" ten="20,5200,0" yaku="0,1,7,1,52,1,54,1" doraHai="9" who="2" fromWho="2" sc="169,-14,430,-27,138,55,263,-14" /><INIT seed="6,0,0,1,0,84" ten="155,403,193,249" oya="2" hai0="34,19,114,77,16,53,31,48,73,102,50,74,63" hai1="69,2,9,130,11,68,95,70,23,120,128,81,134" hai2="99,89,71,131,29,88,10,61,123,27,45,18,21" hai3="82,122,33,104,46,111,135,6,83,62,54,100,110"/><V0/><F123/><W35/><G54/><T116/><D116/><U97/><E134/><V86/><F45/><W98/><G6/><T3/><D3/><U15/><E120/><V72/><F72/><W129/><G62/><T90/><D102/><U40/><E40/><V67/><F131/><N who="1" m="50217" /><E81/><V92/><F0/><W109/><G122/><T80/><D73/><U49/><E49/><V39/><F39/><W113/><G83/><T13/><D114/><U133/><E133/><V64/><F64/><W12/><G82/><T103/><D103/><N who="1" m="60863" /><E2/><V4/><F4/><W93/><G113/><T125/><D125/><U78/><E78/><V52/><F10/><W24/><G135/><T8/><D19/><AGARI ba="0,0" hai="9,11,15,19,23,68,69,70" m="60863,50217" machi="19" ten="40,1300,0" yaku="19,1" doraHai="84" who="1" fromWho="0" sc="155,-13,403,13,193,0,249,0" /><INIT seed="7,0,0,1,5,33" ten="142,416,193,249" oya="3" hai0="66,100,78,102,17,125,9,88,52,107,56,91,72" hai1="49,127,59,99,86,135,65,30,68,122,112,81,110" hai2="19,116,132,94,36,84,74,130,55,27,117,82,24" hai3="90,57,124,64,28,79,106,71,93,47,48,73,63"/><W61/><G28/><T0/><D66/><U40/><E68/><V89/><F36/><W54/><G106/><T41/><D41/><U34/><E65/><V87/><F74/><W3/><G3/><T77/><D125/><U83/><E86/><V75/><F75/><W38/><G63/><T103/><D107/><U20/><E59/><V8/><F132/><W16/><G16/><T15/><D0/><U96/><E20/><V109/><F109/><W128/><G128/><T18/><D18/><U32/><E96/><V6/><F130/><W12/><G12/><T11/><D11/><U126/><E83/><V60/><F19/><W114/><G93/><T31/><D31/><U10/><E49/><V44/><F117/><W113/><G48/><T35/><D35/><U25/><E10/><V1/><F116/><W23/><G61/><T119/><D119/><U51/><E25/><V46/><F46/><W53/><G47/><T97/><D72/><U70/><E51/><V67/><F55/><W80/><G54/><T22/><D9/><U43/><E81/><V58/><REACH who="2" step="1"/><F44/><REACH who="2" ten="142,416,183,249" step="2"/><W105/><G73/><T42/><D42/><U14/><E43/><V95/><F95/><W69/><G53/><T13/><D13/><U4/><E40/><V5/><F5/><W121/><G38/><T133/><D133/><U2/><E14/><V108/><F108/><W104/><G104/><T131/><D131/><U118/><E4/><V98/><F98/><W39/><G105/><T134/><D134/><U21/><E135/><V101/><F101/><W129/><G129/><T45/><D103/><RYUUKYOKU ba="0,1" sc="142,-10,416,-10,183,30,249,-10" hai2="1,6,8,24,27,58,60,67,82,84,87,89,94" owari="132,-37.0,416,52.0,213,-19.0,239,4.0" /></mjloggm>