<mjloggm ver="2.3"><GO type="97" lobby="0"/><UN n0="%69%74%74%75%64%65%6D%69" n1="%E5%B0%B1%E6%B4%BB%E7%94%9F%40%E5%B7%9D%E6%9D%91%E8%BB%8D%E5%9B%A3" n2="%E3%81%B2%E3%82%8D%E3%82%86%E3%81%8D%EF%BD%83%EF%BD%83%EF%BD%83" n3="%E3%82%AF%E3%83%AC" dan="14,15,15,15" rate="1923.18,1955.09,1987.33,2011.25" sx="M,M,M,M"/><TAIKYOKU oya="0"/><INIT seed="0,0,0,1,3,17" ten="250,250,250,250" oya="0" hai0="26,115,67,72,9,76,95,56,63,134,83,110,33" hai1="49,14,75,35,24,74,43,12,125,6,135,8,68" hai2="37,70,120,47,16,122,114,93,59,29,10,27,64" hai3="65,41,19,1,107,103,55,124,57,85,15,109,94"/><T36/><D115/><U5/><E68/><V30/><F114/><W89/><G1/><T127/><D36/><U97/><E125/><V130/><F70/><W22/><G124/><T106/><D127/><U51/><E135/><V73/><F73/><W133/><G133/><T60/><D134/><U18/><E97/><V25/><F130/><W45/><G109/><T77/><D110/><U99/><E99/><V129/><F129/><W7/><G7/><T54/><D106/><U100/><E100/><V116/><F116/><W92/><G65/><T61/><D77/><U80/><E5/><V69/><F69/><W81/><G103/><T13/><D95/><U113/><E113/><V104/><F104/><W119/><G119/><T79/><D79/><U105/><E105/><V126/><F126/><W121/><G121/><T66/><D33/><U102/><E102/><V53/><F93/><W39/><REACH who="3" step="1"/><G107/><REACH who="3" ten="250,250,250,240" step="2"/><T20/><D66/><U0/><E0/><V28/><F64/><W38/><G38/><T128/><D67/><U3/><E3/><V71/><F122/><W4/><G4/><T42/><D128/><U117/><E117/><V87/><F120/><W131/><G131/><T101/><D101/><U112/><E112/><V118/><F118/><W46/><G46/><T111/><D111/><U2/><E2/><V48/><F37/><W108/><G108/><T44/><D44/><U11/><E6/><V78/><F47/><W31/><G31/><N who="0" m="17863" /><D42/><U50/><E43/><V82/><F71/><W32/><G32/><T96/><D96/><U62/><E35/><V132/><F132/><RYUUKYOKU ba="0,1" sc="250,10,250,-30,250,10,240,10" hai0="9,13,54,56,60,61,63,72,76,83" hai2="10,16,25,27,28,29,30,48,53,59,78,82,87" hai3="15,19,22,39,41,45,55,57,81,85,89,92,94" /><INIT seed="0,1,1,1,1,1" ten="260,220,260,250" oya="0" hai0="59,104,120,131,77,88,36,93,105,3,24,115,25" hai1="94,113,6,0,15,98,12,121,53,99,129,130,84" hai2="96,66,86,91,51,28,109,116,68,100,40,38,8" hai3="70,106,76,78,97,10,22,61,90,31,111,39,43"/><T62/><D120/><U60/><E121/><V19/><F116/><W55/><G111/><T112/><D36/><U29/><E29/><V123/><F109/><W71/><G71/><T69/><D69/><U125/><E125/><V35/><F38/><W26/><G43/><T4/><D77/><U134/><E134/><V89/><F123/><W42/><G42/><T135/><D135/><U118/><E118/><V74/><F74/><W17/><G39/><T20/><D25/><U45/><E113/><V80/><F91/><W54/><G70/><T110/><D110/><U64/><E84/><V2/><F40/><W34/><G106/><T47/><D47/><U44/><E0/><V16/><F51/><W87/><G97/><N who="1" m="36874" /><E94/><V132/><F2/><W72/><G72/><T48/><D48/><N who="1" m="28807" /><E45/><V11/><F11/><W95/><G34/><T108/><D108/><U41/><E41/><V30/><F30/><W124/><G124/><T18/><D104/><U133/><E6/><V21/><F21/><W67/><G67/><T9/><D105/><U37/><E37/><V57/><F8/><W85/><G85/><T23/><D23/><U50/><E50/><V92/><F132/><W46/><G46/><T33/><D33/><U49/><E49/><V119/><F119/><W56/><G55/><N who="0" m="34175" /><D131/><N who="1" m="50187" /><E133/><V14/><F68/><AGARI ba="1,1" hai="12,15,60,64,68" m="50187,28807,36874" machi="68" ten="30,1000,0" yaku="19,1" doraHai="1" who="1" fromWho="2" sc="260,0,220,23,260,-13,250,0" /><INIT seed="1,0,0,5,3,44" ten="260,243,247,250" oya="1" hai0="104,8,36,47,122,56,130,50,121,116,105,14,91" hai1="13,39,133,27,2,16,53,38,26,82,6,18,88" hai2="113,54,79,107,60,108,23,4,106,69,30,28,58" hai3="109,89,71,66,61,95,32,93,41,74,15,80,73"/><U59/><E133/><V31/><F69/><W7/><G32/><T5/><D36/><U37/><E2/><V33/><F113/><W114/><G114/><T98/><D116/><U17/><E6/><V94/><F33/><W134/><G109/><T67/><D67/><U55/><E13/><V126/><F108/><W0/><G0/><T102/><D56/><U35/><E35/><V78/><F126/><W96/><G134/><T9/><D91/><U112/><E112/><V83/><F4/><W11/><G80/><T34/><D34/><U76/><E55/><V120/><F120/><N who="0" m="46186" /><D9/><U43/><E43/><V65/><F94/><W129/><G129/><T125/><D130/><U100/><E100/><V117/><F117/><W101/><REACH who="3" step="1"/><G41/><REACH who="3" ten="260,243,247,240" step="2"/><N who="0" m="24943" /><D125/><U128/><E128/><V119/><F119/><W111/><G111/><T48/><D48/><U110/><E110/><V123/><F123/><W115/><G115/><T131/><D131/><U10/><E10/><V42/><F42/><W64/><G64/><T135/><D135/><U45/><E38/><V20/><F65/><W97/><AGARI ba="0,1" hai="7,11,15,61,66,71,73,74,89,93,95,96,97,101" machi="97" ten="20,2700,0" yaku="1,1,0,1,7,1,53,0" doraHai="44" doraHaiUra="29" who="3" fromWho="3" sc="260,-7,243,-13,247,-7,240,37" /><INIT seed="2,0,0,4,0,29" ten="253,230,240,277" oya="2" hai0="4,74,19,126,40,51,84,92,113,57,71,83,115" hai1="25,103,6,17,91,79,55,70,129,42,33,73,100" hai2="2,10,54,48,14,32,37,95,72,135,108,125,8" hai3="13,127,104,102,119,117,12,94,81,133,7,82,87"/><V45/><F72/><W101/><G7/><T75/><D71/><U120/><E70/><V130/><F37/><W53/><G53/><T109/><D4/><U65/><E65/><V15/><F125/><W67/><G67/><T50/><D126/><U62/><E6/><V111/><F2/><W30/><G30/><T20/><D109/><N who="2" m="42058" /><F135/><W86/><G127/><T121/><D121/><U112/><E112/><V5/><F95/><W43/><G94/><T47/><D75/><U49/><E42/><V131/><F32/><W97/><G43/><T26/><D74/><U85/><E129/><N who="2" m="49163" /><F5/><W36/><G36/><T23/><D92/><U128/><E128/><V118/><F118/><W44/><G133/><T68/><D68/><U98/><E120/><V99/><F99/><W22/><G97/><T66/><D115/><U24/><E98/><V38/><F38/><W61/><G117/><T123/><D123/><U3/><E3/><V59/><F45/><W34/><G44/><T116/><D116/><U41/><E100/><V27/><F27/><W88/><G34/><T77/><D113/><U80/><E103/><V89/><F89/><W134/><G88/><T110/><D110/><U105/><E105/><V0/><F0/><W93/><G102/><T78/><D78/><U96/><E96/><V107/><F107/><W124/><G101/><T76/><D76/><U39/><E33/><V122/><F122/><W21/><G104/><T114/><D114/><U64/><E39/><V1/><F1/><W90/><G119/><T63/><D77/><U28/><E79/><V46/><F46/><RYUUKYOKU ba="0,0" sc="253,-10,230,-10,240,30,277,-10" hai2="8,10,14,15,48,54,59" /><INIT seed="2,1,0,4,0,65" ten="243,220,270,267" oya="2" hai0="131,60,12,25,6,68,27,59,91,82,104,75,44" hai1="39,3,92,109,11,99,5,74,114,56,130,89,132" hai2="95,124,110,61,43,54,30,52,127,57,53,10,34" hai3="55,118,38,126,116,111,115,0,78,62,33,31,129"/><V84/><F110/><W50/><G0/><T58/><D104/><U17/><E114/><V49/><F10/><W77/><G38/><T8/><D131/><U45/><E109/><V80/><F95/><W40/><G40/><T87/><D75/><U23/><E130/><V112/><F112/><W18/><G111/><T7/><D7/><U36/><E132/><V96/><F96/><W9/><G129/><T94/><D68/><U105/><E74/><V63/><F30/><W73/><G115/><T119/><D119/><U71/><E71/><V102/><F34/><W121/><G121/><T47/><D58/><U133/><E133/><V51/><F102/><W46/><G62/><N who="2" m="23561" /><F84/><W22/><G9/><T42/><D42/><U15/><E105/><V108/><F80/><W100/><G100/><T64/><D94/><U97/><E56/><V81/><F81/><W85/><G31/><T135/><D135/><U2/><E2/><V83/><F83/><W90/><G33/><T14/><D14/><U13/><E99/><V128/><F128/><W20/><G73/><T19/><D27/><U79/><E79/><V117/><F117/><W41/><G78/><T107/><D107/><U72/><E72/><V4/><F4/><W123/><G77/><T106/><D106/><U125/><E125/><N who="2" m="48203" /><F108/><W134/><G126/><T16/><D6/><U70/><E70/><V103/><F103/><W120/><G118/><T69/><D69/><U98/><E98/><V76/><F76/><W122/><G116/><T29/><D19/><N who="1" m="10735" /><E45/><AGARI ba="1,0" hai="43,45,49,51,52,53,54,57" m="48203,23561" machi="45" ten="30,11600,0" yaku="18,1,34,2,54,1" doraHai="65" who="2" fromWho="1" sc="243,0,220,-119,270,119,267,0" /><INIT seed="2,2,0,0,0,54" ten="243,101,389,267" oya="2" hai0="66,104,18,25,12,101,80,91,99,61,62,58,44" hai1="2,42,64,75,97,110,13,134,103,76,51,28,131" hai2="19,71,114,29,77,85,45,92,22,84,60,82,127" hai3="113,119,32,15,89,49,129,96,90,128,112,31,23"/><V59/><F71/><W52/><G119/><T102/><D25/><U130/><E2/><V117/><F114/><N who="3" m="44139" /><G32/><T41/><D101/><U70/><E28/><V78/><F117/><W9/><G23/><T10/><D62/><U111/><E76/><V88/><F127/><W56/><G31/><T93/><D80/><U106/><E75/><V39/><F29/><W115/><N who="3" m="44147" /><W63/><DORA hai="100" /><G63/><T68/><D68/><U1/><E1/><V87/><F39/><W57/><G57/><T121/><D121/><U122/><E122/><V47/><F78/><W11/><G11/><T81/><D81/><U73/><E73/><V123/><F87/><W6/><G96/><T69/><D69/><U50/><E134/><V72/><F72/><W7/><G6/><T16/><D18/><U40/><E13/><N who="2" m="9583" /><F123/><W27/><G27/><T48/><D91/><AGARI ba="2,0" hai="7,9,15,49,52,56,89,90,91,128,129" m="44147" machi="91" ten="40,5200,0" yaku="11,1,52,1,54,1" doraHai="54,100" who="3" fromWho="0" sc="243,-58,101,0,389,0,267,58" /><INIT seed="3,0,0,1,3,126" ten="185,101,389,325" oya="3" hai0="78,15,81,118,71,74,43,134,127,58,28,85,123" hai1="66,60,106,20,88,24,75,76,110,39,109,61,89" hai2="55,62,68,99,45,8,19,7,6,133,82,72,59" hai3="90,67,73,32,79,21,122,0,69,83,5,113,57"/><W34/><G113/><T49/><D118/><U97/><E39/><V22/><F68/><W48/><G48/><T129/><D127/><U92/><E106/><V11/><F133/><W111/><G57/><T124/><D123/><U100/><E75/><V27/><F99/><W40/><G21/><T41/><D124/><U18/><E76/><V14/><F72/><W10/><G90/><T47/><D71/><U84/><E89/><V87/><F45/><W42/><G122/><T23/><D134/><U114/><E114/><V101/><F101/><W44/><G42/><T37/><D37/><U115/><E115/><V54/><F11/><W77/><G77/><T119/><D119/><U132/><E132/><V65/><F7/><W36/><G111/><T102/><D74/><U26/><E26/><V63/><F62/><AGARI ba="0,0" hai="0,5,10,32,34,36,40,44,62,67,69,73,79,83" machi="62" ten="40,12000,1" yaku="25,2,33,3" doraHai="126" who="3" fromWho="2" sc="185,0,101,0,389,-120,325,120" owari="185,-21.0,101,-40.0,269,7.0,445,54.0" /></mjloggm>