<mjloggm ver="2.3"><GO type="169" lobby="0"/><UN n0="%E3%82%A6%E3%83%AB%E3%83%88%E3%83%A9%E7%AB%8B%E7%9B%B4" n1="%66%75%6C%6C%2D%74%70%21" n2="%6B%6F%75%33%32%38%34" n3="%7A%65%6C%64%65%6E" dan="17,17,16,19" rate="2237.19,2198.48,2114.04,2251.81" sx="M,M,F,M"/><TAIKYOKU oya="0"/><INIT seed="0,0,0,1,3,14" ten="250,250,250,250" oya="0" hai0="90,68,65,38,54,58,91,62,99,110,64,80,53" hai1="71,86,27,69,55,36,97,134,109,32,63,7,76" hai2="105,30,130,19,3,37,72,15,11,31,125,135,83" hai3="104,124,59,92,6,77,67,43,107,100,116,41,46"/><T131/><D131/><U42/><E109/><V33/><F37/><W113/><G113/><T51/><D110/><U101/><E134/><V127/><F105/><W16/><G116/><T70/><D90/><U117/><E117/><V129/><F72/><W47/><G6/><T13/><D80/><U132/><E132/><V28/><F83/><W29/><G29/><T50/><D13/><U40/><E7/><N who="2" m="1535" /><F33/><W94/><G124/><N who="2" m="47689" /><F135/><W10/><G77/><T93/><D38/><U81/><E36/><V17/><F17/><W45/><G104/><T39/><D39/><U102/><E102/><V35/><F35/><W84/><G107/><T56/><REACH who="0" step="1"/><D65/><REACH who="0" ten="240,250,250,250" step="2"/><U85/><E81/><V126/><F126/><W57/><G67/><T49/><D49/><U23/><E76/><V22/><AGARI ba="0,1" hai="15,19,22,28,30,31,129,130" m="47689,1535" machi="22" ten="40,8000,1" yaku="18,1,34,2,52,1" doraHai="14" who="2" fromWho="2" sc="240,-40,250,-20,250,90,250,-20" /><INIT seed="1,0,0,5,0,82" ten="200,230,340,230" oya="1" hai0="55,4,85,30,46,63,61,1,97,11,48,84,40" hai1="33,5,120,123,93,16,114,56,53,49,80,75,76" hai2="24,7,105,119,25,117,110,23,67,125,103,51,38" hai3="28,10,57,71,132,19,87,21,0,27,8,109,36"/><U91/><E114/><V90/><F38/><W22/><G71/><T29/><D97/><U73/><E73/><V47/><F67/><W100/><G36/><T131/><D131/><U74/><E74/><V121/><F7/><W14/><G109/><T79/><D79/><U89/><E33/><V70/><F70/><W43/><G132/><T2/><D2/><U92/><E5/><V135/><F121/><W58/><G43/><T127/><D127/><U102/><E102/><V81/><F125/><W69/><G69/><T129/><D129/><U96/><REACH who="1" step="1"/><E16/><REACH who="1" ten="200,220,340,230" step="2"/><V65/><F103/><W60/><G100/><T101/><D101/><U133/><E133/><V104/><F135/><W44/><G10/><T130/><D130/><U12/><E12/><V107/><F107/><W108/><G8/><T124/><D124/><U45/><E45/><V32/><F47/><W134/><G44/><T37/><D37/><U118/><E118/><V86/><F32/><W39/><G39/><T99/><D40/><U77/><E77/><V115/><F115/><W78/><G134/><T54/><D11/><U18/><E18/><V68/><F104/><W88/><G78/><T106/><D4/><U35/><E35/><V112/><F105/><W95/><G0/><T62/><D1/><U64/><E64/><V113/><F113/><W50/><G14/><T111/><D106/><U17/><E17/><V9/><F112/><W42/><G19/><T41/><D41/><U83/><E83/><V128/><F128/><W34/><G42/><T26/><D46/><U13/><E13/><V15/><F15/><RYUUKYOKU ba="0,1" sc="200,-10,220,30,340,-10,230,-10" hai1="49,53,56,75,76,80,89,91,92,93,96,120,123" /><INIT seed="1,1,1,5,4,51" ten="190,250,330,220" oya="1" hai0="6,12,78,121,25,65,37,130,83,27,77,133,8" hai1="132,52,62,93,105,72,135,128,55,67,41,14,60" hai2="10,59,112,1,70,22,104,87,63,109,13,85,102" hai3="120,122,119,88,58,129,33,61,115,18,5,24,82"/><U118/><E118/><V3/><F70/><W57/><G115/><T48/><D37/><U108/><E105/><V66/><F109/><W81/><G119/><T75/><D121/><U114/><E114/><V17/><F112/><W54/><G129/><T46/><D130/><U117/><E117/><V47/><F47/><W34/><G5/><T86/><D133/><N who="1" m="51275" /><E108/><V113/><F113/><W84/><G81/><T99/><D75/><U107/><E107/><V50/><F50/><W74/><G74/><T32/><D32/><U127/><E128/><V100/><F3/><W39/><G39/><T68/><D77/><U95/><E72/><V9/><F1/><W92/><G34/><T31/><D31/><U101/><E41/><V69/><F69/><W110/><G110/><T42/><D99/><N who="1" m="59631" /><E127/><V30/><F104/><W26/><G58/><T45/><D45/><U89/><E14/><V125/><F125/><W44/><G44/><T71/><D71/><N who="1" m="42471" /><E62/><AGARI ba="1,1" hai="6,8,12,25,27,42,46,48,62,65,68,78,83,86" machi="62" ten="40,2600,0" yaku="25,2" doraHai="51" who="0" fromWho="1" sc="190,39,250,-29,330,0,220,0" /><INIT seed="2,0,0,3,4,71" ten="229,221,330,220" oya="2" hai0="1,99,117,73,92,125,76,58,35,6,129,122,2" hai1="9,23,96,115,27,81,79,100,112,0,105,44,46" hai2="21,66,11,40,135,64,68,116,109,18,101,78,36" hai3="30,131,127,75,102,91,121,7,97,24,63,60,51"/><V123/><F116/><W106/><G121/><T133/><D35/><U119/><E119/><V83/><F123/><W14/><G75/><T87/><D122/><U94/><E46/><V49/><F101/><W61/><G127/><T33/><D33/><U114/><E105/><V59/><F11/><W52/><G131/><T48/><D6/><U80/><E44/><V50/><F68/><W43/><G43/><T77/><D77/><U45/><E45/><V104/><F104/><W31/><G91/><T16/><D73/><U34/><E34/><V98/><F98/><W126/><G126/><T90/><D125/><U53/><E53/><V38/><F83/><W22/><G31/><T13/><D129/><U85/><E81/><V69/><F69/><W134/><G134/><T32/><D32/><U84/><E84/><V25/><F78/><W62/><G62/><T5/><D5/><U20/><REACH who="1" step="1"/><E27/><REACH who="1" ten="229,211,330,220" step="2"/><V8/><F25/><W103/><G106/><T93/><D117/><U86/><E86/><V37/><F40/><W107/><G107/><T74/><D74/><U108/><E108/><V15/><F109/><W26/><G26/><T118/><D118/><U132/><E132/><V41/><F41/><W29/><G97/><T65/><D133/><U56/><E56/><V39/><F59/><N who="3" m="33183" /><G30/><T113/><D99/><U67/><E67/><V128/><F64/><W110/><G110/><T54/><D65/><U55/><E55/><V28/><F66/><W89/><G29/><T57/><D54/><U95/><E95/><V47/><F135/><W130/><G130/><T4/><D93/><RYUUKYOKU ba="0,1" sc="229,-10,211,30,330,-10,220,-10" hai1="0,9,20,23,79,80,85,94,96,100,112,114,115" /><INIT seed="3,1,1,1,4,123" ten="219,241,320,210" oya="3" hai0="113,53,98,109,28,78,42,110,22,117,132,108,56" hai1="135,115,122,70,18,85,54,73,23,45,1,114,21" hai2="71,82,13,17,106,46,92,125,80,58,119,30,97" hai3="2,133,10,84,55,118,41,77,29,131,25,67,103"/><W68/><G118/><T8/><D113/><U14/><E73/><V111/><F71/><W127/><G127/><T104/><D117/><U107/><E107/><V83/><F106/><W93/><G133/><T49/><D132/><U64/><E1/><V112/><F112/><W60/><G131/><T69/><D69/><U48/><E135/><V95/><F95/><W63/><G41/><T62/><D78/><U5/><E5/><V75/><F75/><W65/><G55/><T24/><D8/><U120/><E23/><V32/><F46/><W94/><G103/><N who="0" m="62583" /><D42/><U52/><E54/><V31/><F125/><W19/><G77/><T87/><D87/><U4/><E4/><V40/><F40/><W38/><G38/><T6/><D6/><U89/><E64/><V61/><F32/><W81/><G2/><T44/><D44/><U126/><E70/><V101/><F31/><W91/><G19/><T96/><D96/><U3/><E3/><V105/><F30/><W47/><G47/><T0/><D0/><U121/><E126/><V20/><F105/><W86/><G86/><T37/><D37/><U35/><E35/><V66/><F119/><W116/><G10/><T90/><D90/><U74/><E74/><V130/><F130/><W11/><G11/><T128/><D128/><U124/><E124/><V59/><F59/><N who="3" m="37023" /><G116/><T34/><D34/><U50/><E50/><AGARI ba="1,1" hai="22,24,28,49,50,53,56,62,108,109,110" m="62583" machi="50" ten="30,7700,0" yaku="14,1,52,3" doraHai="123" who="0" fromWho="1" sc="219,90,241,-80,320,0,210,0" /><INIT seed="4,0,0,1,3,32" ten="309,161,320,210" oya="0" hai0="127,111,73,53,83,88,118,57,107,2,10,102,62" hai1="51,87,76,48,7,89,114,108,86,59,113,36,26" hai2="71,64,25,129,95,61,17,49,93,14,92,21,39" hai3="80,9,55,121,4,54,98,75,81,65,20,60,112"/><T103/><D118/><U82/><E108/><V15/><F39/><W78/><G112/><N who="1" m="43114" /><E36/><V84/><F129/><W24/><G121/><T18/><D111/><U22/><E7/><V130/><F130/><W34/><G34/><T11/><D107/><U45/><E59/><V126/><F126/><W120/><G81/><T97/><D2/><U31/><E45/><V72/><F72/><W8/><G98/><T50/><D73/><U35/><E35/><V77/><F49/><W115/><G120/><T1/><D1/><U128/><E128/><V16/><F17/><W5/><G5/><T37/><D37/><U123/><E123/><V94/><F77/><W56/><G115/><T66/><D127/><U104/><E104/><V0/><F0/><W116/><G116/><T91/><D18/><U74/><E74/><V42/><F42/><W117/><G117/><T106/><D103/><U13/><E13/><V52/><F52/><W44/><G44/><T28/><D28/><U85/><E85/><V46/><F46/><W99/><G4/><T132/><D91/><U131/><E131/><V47/><F47/><W134/><G75/><T12/><D12/><U69/><E69/><V135/><F15/><W30/><G78/><T58/><D88/><U6/><E6/><V109/><F109/><W67/><G30/><T70/><D70/><U33/><E33/><V96/><F84/><W101/><G101/><T27/><D106/><U43/><E43/><V100/><F14/><W119/><G119/><T41/><D41/><U124/><E124/><V125/><F125/><W23/><G56/><RYUUKYOKU ba="0,0" sc="309,-15,161,15,320,15,210,-15" hai1="22,26,31,48,51,76,82,86,87,89" hai2="16,21,25,61,64,71,92,93,94,95,96,100,135" /><INIT seed="5,1,0,0,2,22" ten="294,176,335,195" oya="1" hai0="52,87,123,103,76,126,107,111,34,77,106,55,18" hai1="124,3,37,15,49,65,25,125,97,14,66,16,47" hai2="98,105,12,51,85,135,115,38,46,6,81,68,84" hai3="132,94,59,93,32,80,91,129,121,75,63,118,70"/><U10/><E37/><V7/><F68/><W73/><G70/><T82/><D111/><U88/><E3/><V2/><F2/><W50/><G32/><T9/><D34/><U13/><E125/><V114/><F38/><W78/><G121/><T101/><D126/><U131/><E131/><V89/><F135/><W113/><G132/><T24/><D107/><U4/><E124/><V67/><F67/><N who="1" m="25609" /><E4/><V104/><F85/><W8/><G129/><T28/><D106/><N who="2" m="41066" /><F12/><W90/><G113/><N who="2" m="43017" /><F98/><W120/><G120/><T100/><D76/><U21/><E10/><V56/><F56/><W86/><G8/><T31/><D123/><U61/><E61/><V109/><F109/><W35/><G63/><T116/><D116/><U71/><E71/><V57/><F57/><W48/><G118/><T1/><D1/><U54/><E15/><V69/><F69/><W79/><G59/><T128/><D9/><U96/><E96/><V134/><F134/><W43/><G75/><T19/><D128/><U20/><E20/><V29/><F29/><W122/><G122/><T11/><D11/><U58/><E58/><V27/><F7/><W23/><G23/><N who="0" m="15391" /><D31/><U0/><E0/><V5/><F5/><W133/><G35/><T40/><D18/><U119/><E119/><V83/><F6/><W60/><G133/><T64/><D19/><U117/><E117/><V110/><F110/><W36/><G36/><T30/><D30/><U92/><AGARI ba="1,0" hai="13,14,16,21,25,47,49,54,88,92,97" m="25609" machi="92" ten="30,11700,0" yaku="8,1,52,1,54,2" doraHai="22" who="1" fromWho="1" sc="294,-40,176,120,335,-40,195,-40" /><INIT seed="5,2,0,2,1,109" ten="254,296,295,155" oya="1" hai0="88,92,12,39,107,61,3,9,102,2,101,85,49" hai1="24,25,113,6,81,54,82,68,89,127,34,23,108" hai2="112,65,47,32,124,56,63,100,114,69,123,75,67" hai3="95,104,80,13,46,44,71,11,19,78,53,111,86"/><U36/><E108/><V37/><F75/><W20/><G111/><T16/><D39/><U135/><E68/><V94/><F32/><W83/><G104/><T77/><D77/><U0/><E36/><V43/><F123/><W110/><G110/><T58/><D49/><U74/><E135/><V103/><F124/><W1/><G71/><T38/><D38/><U133/><E133/><V40/><F40/><W55/><G95/><T30/><D30/><U72/><E34/><V97/><F103/><W130/><G130/><T117/><D117/><U22/><E6/><V15/><F15/><W41/><G46/><T45/><D45/><U4/><E4/><V62/><AGARI ba="2,0" hai="37,43,47,56,62,63,65,67,69,94,97,100,112,114" machi="62" ten="30,4000,0" yaku="0,1,52,2" doraHai="109" who="2" fromWho="2" sc="254,-12,296,-22,295,46,155,-12" /><INIT seed="6,0,0,4,2,82" ten="242,274,341,143" oya="2" hai0="3,6,1,31,127,36,101,37,57,111,61,66,23" hai1="11,52,102,63,65,107,62,75,49,73,117,114,70" hai2="26,22,15,85,68,30,4,14,13,20,96,110,69" hai3="12,91,42,2,64,40,122,32,132,77,98,92,27"/><V72/><F72/><W106/><G2/><T60/><D111/><U84/><E117/><V100/><F110/><W18/><G122/><T90/><D127/><U130/><E130/><V41/><F41/><W94/><G132/><T59/><D101/><U43/><E114/><V46/><F46/><W121/><G106/><T125/><D125/><U54/><E43/><V87/><F4/><W5/><G121/><T39/><D6/><U86/><E11/><V67/><F22/><W35/><G77/><T19/><D31/><U56/><E75/><V135/><F135/><W29/><G35/><T0/><D90/><U7/><E7/><V9/><F9/><W74/><G74/><T44/><D44/><U17/><E17/><V28/><F28/><W113/><G113/><T55/><REACH who="0" step="1"/><D0/><REACH who="0" ten="232,274,341,143" step="2"/><U47/><E102/><V88/><F88/><W34/><G5/><T133/><D133/><U76/><REACH who="1" step="1"/><E107/><REACH who="1" ten="232,264,341,143" step="2"/><V58/><F100/><W134/><G134/><T33/><D33/><U21/><E21/><V10/><F20/><W97/><G34/><T119/><D119/><U95/><E95/><V124/><F124/><W116/><G116/><T48/><D48/><U78/><E78/><V108/><F108/><W118/><G118/><T93/><D93/><U104/><E104/><V81/><F10/><W129/><G92/><T115/><D115/><U71/><E71/><V24/><F69/><W131/><G131/><T99/><D99/><U51/><E51/><V109/><F68/><W50/><G129/><T128/><D128/><U103/><E103/><V120/><F109/><W53/><G98/><RYUUKYOKU ba="0,2" sc="232,15,264,15,341,-15,143,-15" hai0="1,3,19,23,36,37,39,55,57,59,60,61,66" hai1="47,49,52,54,56,62,63,65,70,73,76,84,86" /><INIT seed="7,1,2,1,0,56" ten="247,279,326,128" oya="3" hai0="74,46,8,47,49,130,82,10,92,112,15,26,106" hai1="54,37,57,85,58,11,34,116,104,75,59,118,109" hai2="132,29,134,99,127,71,55,120,91,89,3,39,111" hai3="126,121,90,36,52,64,125,94,31,25,24,122,129"/><W117/><G117/><N who="1" m="45162" /><E75/><V93/><F111/><W100/><G100/><T32/><D106/><U133/><E109/><V45/><F3/><W70/><G36/><T30/><D130/><U107/><E34/><V73/><F73/><W84/><G129/><T33/><D33/><U18/><E37/><V96/><F71/><W110/><G110/><T40/><D92/><U41/><E41/><V60/><F127/><N who="3" m="48651" /><G52/><T51/><D112/><U35/><E35/><V123/><F29/><W102/><G102/><T5/><D74/><U80/><E133/><N who="2" m="51307" /><F99/><W21/><G25/><T103/><D103/><U16/><E54/><V95/><F95/><W19/><G19/><N who="1" m="7210" /><E11/><V79/><F79/><AGARI ba="1,2" hai="57,58,59,79,80,85,104,107" m="7210,45162" machi="79" ten="30,2000,0" yaku="12,1,54,1" doraHai="56" who="1" fromWho="2" sc="247,0,279,43,326,-23,128,0" owari="247,-15.0,322,42.0,303,10.0,128,-37.0" /></mjloggm>