<mjloggm ver="2.3"><GO type="169" lobby="0"/><UN n0="%E3%81%8A%E7%9F%A5%E3%82%89%E3%81%9B" n1="%E5%B0%B1%E6%B4%BB%E7%94%9F%40%E5%B7%9D%E6%9D%91%E8%BB%8D%E5%9B%A3" n2="%E5%99%82%E3%81%AE%E3%81%8D%E3%81%BF%E3%81%A9%E3%82%8A" n3="%65%72%61%6E%76%69%74%61" dan="16,17,16,16" rate="2097.56,2218.49,2096.32,2107.29" sx="M,M,F,M"/><TAIKYOKU oya="0"/><INIT seed="0,0,0,2,2,85" ten="250,250,250,250" oya="0" hai0="38,4,2,34,21,40,105,36,58,25,76,100,30" hai1="89,19,45,31,11,53,80,20,41,33,91,32,50" hai2="10,49,84,118,51,97,44,47,75,63,104,68,135" hai3="96,35,119,128,54,7,121,8,71,87,102,98,122"/><T106/><D100/><U60/><E33/><V73/><F135/><W101/><G119/><T17/><D76/><U110/><E110/><V92/><F118/><W123/><G35/><T107/><D40/><U9/><E32/><V114/><F114/><W95/><G71/><T93/><D58/><N who="1" m="34895" /><E80/><V74/><F84/><W6/><G54/><T48/><D48/><U66/><E66/><V77/><F10/><N who="1" m="3593" /><E31/><V99/><F77/><W27/><G128/><T69/><D69/><U72/><E72/><V130/><F130/><W46/><G46/><T113/><D113/><U90/><E90/><V22/><F104/><W86/><G27/><AGARI ba="0,0" hai="19,20,27,41,45,50,89,91" m="3593,34895" machi="27" ten="30,3900,0" yaku="8,1,52,2" doraHai="85" who="1" fromWho="3" sc="250,0,250,39,250,0,250,-39" /><INIT seed="1,0,0,3,4,111" ten="250,289,250,211" oya="1" hai0="105,84,115,32,62,67,46,103,16,11,86,10,125" hai1="108,118,94,123,95,48,12,80,8,126,6,56,79" hai2="42,7,60,50,112,70,28,91,72,40,26,24,88" hai3="43,100,69,90,3,93,34,59,124,31,109,117,121"/><U75/><E108/><V5/><F72/><W18/><G100/><T133/><D32/><U110/><E110/><V85/><F112/><W120/><G43/><T23/><D133/><U15/><E123/><V63/><F70/><W20/><G69/><T54/><D125/><U51/><E126/><V129/><F129/><W55/><G109/><T102/><D115/><U30/><E118/><V53/><F53/><W89/><G89/><T107/><D107/><U2/><E30/><V68/><F68/><W131/><G3/><T83/><D86/><U65/><E48/><V96/><F85/><W19/><G19/><T77/><D67/><U114/><E114/><V33/><F33/><W128/><G31/><T71/><D71/><U122/><E122/><V47/><F42/><W22/><G22/><T127/><D127/><U78/><E78/><V135/><F135/><W132/><G34/><T13/><D105/><U27/><E27/><N who="2" m="10283" /><F28/><W113/><G117/><T37/><D37/><U73/><E73/><V116/><F116/><W97/><G132/><T82/><D82/><U119/><E119/><V35/><F35/><W44/><G44/><T21/><D21/><U130/><E130/><N who="3" m="49706" /><G124/><T134/><D134/><U41/><E41/><V87/><F96/><W64/><G64/><T98/><D98/><U49/><E49/><V57/><F57/><W74/><G74/><T1/><D1/><U76/><E76/><V61/><F87/><W4/><G113/><T9/><REACH who="0" step="1"/><D46/><REACH who="0" ten="240,289,250,211" step="2"/><U81/><E65/><V14/><F14/><N who="1" m="5161" /><E80/><V52/><F40/><W45/><G45/><T101/><D101/><RYUUKYOKU ba="0,1" sc="240,10,289,10,250,10,211,-30" hai0="9,10,11,13,16,23,54,62,77,83,84,102,103" hai1="2,6,8,51,56,75,79,81,94,95" hai2="5,7,47,50,52,60,61,63,88,91" /><INIT seed="1,1,1,0,5,51" ten="250,299,260,181" oya="1" hai0="29,79,127,131,58,81,101,63,104,105,123,116,135" hai1="96,46,0,35,66,109,54,33,106,99,107,31,36" hai2="59,32,84,44,15,3,83,103,64,12,85,94,19" hai3="9,42,102,4,98,27,57,49,108,48,74,13,93"/><U117/><E117/><V25/><F3/><W118/><G108/><T113/><D116/><U126/><E0/><V72/><F72/><W1/><G74/><T122/><D113/><U23/><E109/><V80/><F32/><W82/><G118/><T89/><D135/><U16/><E66/><V40/><F25/><W28/><G82/><T78/><D131/><U14/><E126/><V38/><F12/><W17/><G42/><T8/><D29/><U21/><E36/><V90/><F103/><W47/><G47/><T20/><D20/><U125/><E125/><V34/><F34/><W26/><G26/><T10/><D89/><U41/><E41/><V88/><F64/><W71/><G71/><T132/><D132/><U115/><E115/><V50/><F94/><W119/><G119/><T129/><D129/><U6/><E6/><V124/><F124/><W76/><G76/><N who="0" m="29227" /><D81/><U69/><E69/><V110/><F110/><W39/><G39/><T100/><D127/><U60/><E35/><V52/><F15/><W65/><G1/><T73/><D73/><U22/><E33/><V91/><F19/><W11/><G17/><T62/><D105/><U68/><E68/><V7/><REACH who="2" step="1"/><F90/><REACH who="2" ten="250,299,250,181" step="2"/><W56/><G65/><N who="0" m="39127" /><D104/><U43/><E107/><V45/><F45/><W24/><G24/><T112/><D112/><U120/><E106/><V114/><F114/><W95/><G27/><T86/><D101/><U2/><E2/><V130/><F130/><W18/><G102/><T70/><D100/><U30/><E46/><V37/><F37/><W133/><G18/><T5/><D5/><AGARI ba="1,2" hai="5,7,38,40,44,50,52,59,80,83,84,85,88,91" machi="5" ten="40,12000,2" yaku="1,1,6,1,9,1,52,1,54,2,53,0" doraHai="51" doraHaiUra="61" who="2" fromWho="0" sc="250,-123,299,0,250,143,181,0" /><INIT seed="2,0,0,5,0,78" ten="127,299,393,181" oya="2" hai0="32,14,52,58,47,33,68,72,98,42,116,100,43" hai1="135,59,133,74,129,1,69,10,118,92,75,82,88" hai2="99,12,51,37,49,23,36,64,128,73,9,101,25" hai3="123,131,127,105,86,54,15,57,77,91,119,55,130"/><V35/><F35/><W27/><G123/><T65/><D72/><U71/><E118/><V48/><F73/><N who="1" m="27657" /><E129/><N who="3" m="49162" /><G105/><T7/><D116/><U67/><E59/><V85/><F128/><W63/><G119/><T34/><D68/><U124/><E67/><V110/><F110/><W108/><G127/><T40/><D65/><U87/><E124/><V24/><F64/><W31/><G77/><T29/><D29/><U89/><E10/><V84/><F99/><W112/><G15/><T125/><D125/><U104/><E1/><V97/><F97/><W4/><G4/><T56/><D14/><U30/><E30/><V132/><F101/><W38/><G38/><T122/><D7/><U76/><E104/><V93/><F132/><N who="1" m="50761" /><E89/><V28/><F25/><W53/><G108/><T60/><D56/><U94/><E94/><V8/><F8/><W19/><G19/><T26/><D26/><U114/><E114/><V18/><F93/><N who="3" m="54519" /><G112/><T134/><D134/><U115/><E115/><V113/><F113/><W61/><G57/><T121/><REACH who="0" step="1"/><D47/><REACH who="0" ten="117,299,393,181" step="2"/><U103/><E103/><V16/><F28/><W96/><G31/><T111/><D111/><U11/><E11/><V70/><F70/><W13/><G27/><T6/><D6/><U22/><E22/><V83/><REACH who="2" step="1"/><F85/><AGARI ba="0,1" hai="69,71,76,82,85,87,88,92" m="50761,27657" machi="85" ten="30,3900,0" yaku="20,1,52,1,54,1" doraHai="78" who="1" fromWho="2" sc="117,0,299,49,393,-39,181,0" /><INIT seed="3,0,0,3,2,95" ten="117,348,354,181" oya="3" hai0="9,61,67,37,14,21,48,16,12,42,59,5,4" hai1="15,26,11,45,34,71,50,35,1,72,124,111,92" hai2="93,132,36,75,17,74,113,105,51,90,80,66,82" hai3="44,22,49,69,133,107,79,23,112,18,24,10,46"/><W64/><G112/><T39/><REACH who="0" step="1"/><D4/><REACH who="0" ten="107,348,354,181" step="2"/><U28/><E124/><V84/><F113/><W54/><G133/><T122/><D122/><U58/><E111/><V123/><F132/><W55/><G107/><T68/><D68/><U134/><E71/><V0/><F123/><W88/><G79/><T78/><D78/><U87/><E134/><V128/><F105/><W89/><G10/><T38/><D38/><U43/><E72/><V119/><F36/><W76/><G76/><T108/><D108/><U118/><E118/><V29/><F75/><W130/><G130/><T106/><D106/><U3/><E35/><V40/><F74/><W117/><G117/><T103/><D103/><U62/><E87/><V32/><F84/><W115/><G115/><T52/><D52/><U33/><E33/><V109/><F32/><W13/><G69/><T6/><D6/><U19/><E92/><V63/><F109/><W127/><G127/><T2/><D2/><U86/><E86/><V102/><F0/><W30/><G64/><AGARI ba="0,1" hai="1,3,11,15,19,26,28,34,43,45,50,58,62,64" machi="64" ten="30,1000,0" yaku="7,1" doraHai="95" who="1" fromWho="3" sc="107,0,348,20,354,0,181,-10" /><INIT seed="4,0,0,5,3,111" ten="107,368,354,171" oya="0" hai0="9,99,128,46,31,109,81,100,117,69,0,42,2" hai1="120,105,77,49,71,28,47,82,40,16,26,6,60" hai2="134,55,112,84,58,73,87,83,115,21,44,25,19" hai3="22,130,8,131,114,38,1,116,126,127,13,51,56"/><T29/><D117/><U133/><E120/><V43/><F134/><W79/><G51/><T96/><D69/><U92/><E105/><V12/><F73/><W121/><G56/><T54/><D128/><N who="3" m="49193" /><G79/><T10/><D109/><U15/><E133/><V65/><F65/><W66/><G66/><T27/><D54/><U5/><E60/><V95/><F95/><W67/><G67/><T90/><D90/><U135/><E92/><V36/><F25/><W53/><G38/><T78/><D0/><U7/><E71/><V45/><F45/><W108/><G53/><T86/><D2/><U11/><E135/><V23/><F23/><W104/><G104/><T48/><D29/><U125/><E125/><N who="3" m="47626" /><G108/><T89/><D89/><U39/><E39/><V64/><F64/><W101/><G101/><T75/><D75/><U14/><E14/><V3/><F3/><W59/><G59/><T132/><D132/><U103/><E103/><V62/><F83/><W32/><G116/><T107/><REACH who="0" step="1"/><D99/><REACH who="0" ten="97,368,354,171" step="2"/><U106/><E28/><V123/><F123/><W102/><G121/><T74/><D74/><U52/><E52/><V118/><F118/><W37/><G1/><T61/><D61/><U124/><E124/><V17/><F55/><W34/><G102/><T30/><D30/><U68/><E68/><V33/><F62/><W85/><G34/><AGARI ba="0,1" hai="9,10,27,31,34,42,46,48,78,81,86,96,100,107" machi="34" ten="30,5800,0" yaku="1,1,7,1,53,1" doraHai="111" doraHaiUra="24" who="0" fromWho="3" sc="97,68,368,0,354,0,171,-58" /><INIT seed="4,1,0,4,2,8" ten="165,368,354,113" oya="0" hai0="123,7,58,89,124,32,49,63,59,85,14,23,27" hai1="50,0,130,10,119,62,109,129,133,68,114,2,5" hai2="44,73,69,87,17,66,70,11,101,19,15,33,105" hai3="28,100,61,126,53,60,96,55,25,52,82,103,128"/><T72/><D72/><U120/><E109/><V22/><F73/><W65/><G126/><T31/><D124/><U80/><E119/><V125/><F33/><W107/><G128/><N who="1" m="49258" /><E133/><V4/><F125/><W122/><G122/><T79/><D123/><U35/><E35/><V47/><F17/><W95/><G82/><T78/><D49/><U51/><E114/><V20/><F22/><W97/><REACH who="3" step="1"/><G65/><REACH who="3" ten="165,368,354,103" step="2"/><T84/><D78/><U83/><E120/><V116/><F66/><W81/><G81/><T91/><D79/><U111/><E83/><V40/><F116/><W64/><G64/><T30/><D84/><U48/><E80/><V113/><F87/><W6/><G6/><T99/><D85/><U13/><E111/><V92/><F4/><W1/><G1/><T43/><D99/><U29/><E29/><V39/><F113/><W67/><G67/><AGARI ba="1,1" hai="0,2,5,10,13,48,50,51,62,67,68" m="49258" machi="67" ten="30,2000,0" yaku="19,1,52,1" doraHai="8" who="1" fromWho="3" sc="165,0,368,33,354,0,103,-23" /><INIT seed="5,0,0,3,4,88" ten="165,401,354,80" oya="1" hai0="60,74,94,65,89,40,56,2,4,41,80,25,104" hai1="66,133,12,70,35,114,126,22,116,75,8,117,30" hai2="85,123,62,45,57,13,119,82,129,10,39,91,131" hai3="33,107,77,81,63,19,103,128,111,50,61,38,72"/><U14/><E75/><V26/><F119/><W83/><G111/><T121/><D104/><U18/><E70/><V108/><F123/><W95/><G38/><T99/><D121/><U100/><E66/><V93/><F108/><W134/><G33/><T42/><D2/><U132/><E100/><V112/><F112/><W78/><G134/><N who="1" m="51818" /><E114/><V101/><F26/><W90/><G128/><N who="2" m="49225" /><F39/><W67/><G19/><T76/><D4/><N who="1" m="3079" /><E126/><V9/><F45/><W96/><G50/><T102/><D25/><AGARI ba="0,0" hai="14,18,22,25,30,35,116,117" m="3079,51818" machi="25" ten="30,5800,0" yaku="20,1,34,2" doraHai="88" who="1" fromWho="0" sc="165,-58,401,58,354,0,80,0" /><INIT seed="5,1,0,2,1,47" ten="107,459,354,80" oya="1" hai0="118,19,37,31,26,8,33,77,123,10,111,76,66" hai1="98,64,119,27,6,124,30,113,29,125,83,58,41" hai2="104,87,82,92,108,132,105,122,67,75,130,7,5" hai3="46,121,54,116,40,15,14,74,28,120,129,56,21"/><U112/><E41/><V17/><F67/><W36/><G74/><T79/><D118/><U63/><E119/><V60/><F108/><W78/><G129/><T51/><D37/><U107/><E6/><V109/><F109/><W93/><G78/><T32/><D111/><U18/><E18/><V20/><F104/><W34/><G93/><T127/><D127/><N who="1" m="48715" /><E83/><V68/><F105/><W48/><G116/><T44/><D123/><U2/><E2/><V25/><F132/><W57/><G34/><T1/><D32/><N who="1" m="20543" /><E30/><V13/><F122/><W22/><G28/><T115/><D1/><U95/><E107/><V50/><F130/><W110/><G110/><T23/><D19/><U65/><E65/><V55/><F68/><W94/><G94/><T71/><D33/><U69/><E69/><V81/><F92/><W86/><G22/><T126/><D126/><U39/><E39/><V16/><F75/><W42/><G21/><T106/><D106/><U72/><E72/><V133/><F133/><W117/><G117/><T91/><D66/><U84/><E84/><V43/><F82/><W70/><G86/><T131/><D71/><U100/><AGARI ba="1,0" hai="58,63,64,95,98,100,112,113" m="20543,48715" machi="100" ten="30,1500,0" yaku="18,1" doraHai="47" who="1" fromWho="1" sc="107,-6,459,18,354,-6,80,-6" /><INIT seed="5,2,0,2,0,119" ten="101,477,348,74" oya="1" hai0="38,105,95,2,77,24,124,107,74,131,33,130,129" hai1="9,39,45,93,7,103,40,69,8,91,12,60,1" hai2="18,135,111,56,10,94,16,127,126,84,75,61,113" hai3="90,47,104,36,82,89,66,86,51,43,100,14,67"/><U132/><E132/><V30/><F75/><W46/><G104/><N who="0" m="40011" /><D124/><N who="2" m="47658" /><F135/><W54/><G100/><T120/><D38/><U125/><E125/><V112/><F111/><W11/><REACH who="3" step="1"/><G90/><REACH who="3" ten="101,477,348,64" step="2"/><T59/><D129/><U70/><E103/><V53/><F30/><W88/><G88/><T41/><D131/><U110/><E91/><N who="2" m="53607" /><F10/><W101/><G101/><T31/><D130/><U123/><E110/><V57/><F57/><W25/><G25/><T128/><D24/><U32/><E70/><V73/><F73/><W28/><G28/><T44/><D31/><U34/><E69/><V109/><F109/><W72/><G72/><T83/><D74/><U49/><E93/><V37/><F37/><W80/><G80/><T6/><D95/><U79/><E79/><V0/><F0/><W4/><AGARI ba="2,1" hai="4,11,14,36,43,46,47,51,54,66,67,82,86,89" machi="4" ten="20,2700,0" yaku="1,1,0,1,7,1,53,0" doraHai="119" doraHaiUra="65" who="3" fromWho="3" sc="101,-9,477,-15,348,-9,64,43" /><INIT seed="6,0,0,3,0,81" ten="92,462,339,107" oya="2" hai0="90,121,108,67,114,32,36,106,47,23,80,69,86" hai1="66,9,91,96,102,117,122,85,30,52,1,49,17" hai2="97,133,64,124,34,14,88,123,50,7,95,20,19" hai3="119,116,110,127,41,61,77,70,131,75,33,22,79"/><V38/><F123/><W13/><G33/><T128/><D32/><U3/><E122/><V0/><F38/><W25/><G110/><T12/><D121/><U83/><E117/><V74/><F124/><W109/><G109/><T11/><D108/><U76/><E66/><V84/><F74/><W42/><G127/><T15/><D106/><U92/><E30/><V48/><F34/><W126/><G13/><T10/><D114/><U105/><E17/><V101/><F133/><W94/><G94/><T44/><D69/><U55/><E9/><N who="0" m="3081" /><D36/><U57/><E55/><V120/><F120/><W104/><G70/><T132/><D132/><U51/><E51/><V103/><F0/><W112/><G104/><T78/><D67/><U5/><E5/><V113/><F7/><W40/><G75/><AGARI ba="0,0" hai="1,3,49,52,57,75,76,83,85,91,92,96,102,105" machi="75" ten="30,8000,1" yaku="7,1,24,2,52,1,54,1" doraHai="81" who="1" fromWho="3" sc="92,0,462,80,339,0,107,-80" /><INIT seed="7,0,0,3,0,92" ten="92,542,339,27" oya="3" hai0="109,105,130,75,93,47,40,89,112,68,100,37,1" hai1="39,3,13,50,94,29,25,28,87,43,16,74,10" hai2="88,63,26,21,66,17,119,76,33,34,7,44,69" hai3="55,108,107,4,77,81,118,82,104,18,45,132,124"/><W30/><G118/><T114/><D68/><U65/><E74/><V117/><F76/><W11/><G124/><T73/><D109/><U131/><E39/><V129/><F129/><W98/><G108/><T61/><D1/><U103/><E3/><V57/><F117/><W106/><G132/><T24/><D130/><U123/><E123/><V5/><F34/><W102/><G30/><T96/><D61/><U80/><E131/><V0/><F33/><W54/><G18/><T135/><D24/><U2/><E2/><V126/><F0/><W121/><G121/><T116/><D116/><U38/><E38/><V78/><F78/><W64/><G64/><T101/><D135/><U22/><E65/><V48/><F69/><W122/><G122/><T71/><D71/><U41/><E50/><V85/><F126/><W59/><G45/><T91/><D91/><N who="1" m="51687" /><E29/><V67/><F67/><W125/><G125/><T120/><D120/><U8/><E8/><V46/><F46/><W19/><G4/><T134/><D134/><U90/><E103/><N who="0" m="39497" /><D105/><U52/><E52/><N who="3" m="20010" /><G59/><T133/><D133/><U31/><E31/><V9/><F119/><W42/><G77/><T83/><D83/><N who="3" m="31753" /><G42/><T56/><D56/><U14/><E14/><V23/><F21/><W60/><G60/><T84/><D84/><AGARI ba="0,0" hai="10,13,16,22,25,28,41,43,84,90,94" m="51687" machi="84" ten="30,2000,0" yaku="8,1,54,1" doraHai="92" who="1" fromWho="0" sc="92,-20,542,20,339,0,27,0" owari="72,-33.0,562,66.0,339,14.0,27,-47.0" /></mjloggm>