<mjloggm ver="2.3"><GO type="97" lobby="0"/><UN n0="%E6%88%A6%E5%8A%9B%E5%A4%96" n1="%E7%89%B9%E3%81%AB%E3%81%AA%E3%81%97" n2="%E5%B0%B1%E6%B4%BB%E7%94%9F%40%E5%B7%9D%E6%9D%91%E8%BB%8D%E5%9B%A3" n3="%E3%81%BF%E3%81%AE%E3%81%9B" dan="14,13,15,14" rate="1905.85,1825.96,2010.13,1950.05" sx="M,M,M,M"/><TAIKYOKU oya="0"/><INIT seed="0,0,0,1,1,25" ten="250,250,250,250" oya="0" hai0="27,32,68,49,80,127,43,52,110,66,55,76,4" hai1="16,46,103,22,12,15,63,117,99,35,83,48,129" hai2="92,132,30,67,107,69,121,58,5,7,37,29,51" hai3="118,39,116,2,122,64,119,56,109,89,62,111,81"/><T131/><D127/><U97/><E117/><V20/><F107/><W120/><G2/><T61/><D131/><U26/><E129/><V50/><F37/><W60/><G89/><T65/><D66/><U8/><E35/><V75/><F75/><W40/><G81/><T93/><D4/><N who="2" m="1610" /><F69/><N who="3" m="42119" /><G40/><T18/><D93/><U42/><E63/><N who="2" m="38391" /><F121/><N who="3" m="46699" /><G39/><T95/><D95/><U57/><E57/><V77/><F77/><W102/><G102/><T88/><D76/><U33/><E33/><V45/><F132/><W87/><G87/><T104/><D104/><U114/><E114/><V14/><F92/><W0/><G0/><T10/><D43/><U130/><E130/><V78/><F78/><W70/><G70/><T125/><D125/><U79/><E8/><V24/><F14/><W59/><G59/><T19/><D55/><AGARI ba="0,0" hai="55,56,62,109,111,116,118,119" m="46699,42119" machi="55" ten="40,5200,0" yaku="13,1,34,2" doraHai="25" who="3" fromWho="0" sc="250,-52,250,0,250,0,250,52" /><INIT seed="1,0,0,2,1,30" ten="198,250,250,302" oya="1" hai0="106,118,9,3,36,117,87,75,70,48,61,59,112" hai1="31,102,19,43,89,44,28,74,53,72,103,57,93" hai2="104,58,108,95,66,26,76,81,7,73,90,4,125" hai3="69,83,21,17,97,92,46,34,63,84,71,18,2"/><U94/><E72/><V51/><F104/><W135/><G2/><T49/><D112/><U64/><E74/><V14/><F125/><W15/><G135/><T130/><D36/><U82/><E64/><V113/><F113/><W6/><G6/><T127/><D127/><U45/><E82/><V10/><F108/><W134/><G134/><T124/><D124/><U80/><E80/><V52/><F26/><W40/><G63/><T114/><D114/><U120/><E120/><V78/><F78/><W128/><G17/><T56/><D75/><U110/><E110/><V121/><F121/><W8/><G21/><T38/><D106/><U100/><E19/><V67/><REACH who="2" step="1"/><F4/><REACH who="2" ten="198,250,240,302" step="2"/><W24/><G24/><T129/><D118/><U111/><E111/><V25/><F25/><W107/><G107/><T39/><D117/><U119/><E119/><V77/><F77/><W133/><G133/><T12/><D3/><U42/><E31/><V54/><F54/><W16/><G18/><T105/><D105/><U91/><E28/><V98/><AGARI ba="0,1" hai="7,10,14,51,52,58,66,67,73,76,81,90,95,98" machi="98" ten="20,5200,0" yaku="1,1,0,1,7,1,54,1,53,0" doraHai="30" doraHaiUra="116" who="2" fromWho="2" sc="198,-13,250,-26,240,62,302,-13" /><INIT seed="2,0,0,0,1,25" ten="185,224,302,289" oya="2" hai0="93,26,108,14,131,32,123,66,118,22,84,23,120" hai1="56,42,5,7,27,24,35,98,111,43,50,57,39" hai2="63,30,114,9,59,135,65,95,100,45,62,129,117" hai3="85,81,12,11,105,28,74,49,90,132,70,83,53"/><V8/><F117/><W99/><G132/><T69/><D69/><U55/><E39/><V130/><F114/><W4/><G70/><T31/><D66/><U102/><E111/><V92/><F135/><W125/><G125/><T122/><D93/><N who="1" m="58703" /><E35/><V36/><F63/><W88/><G105/><T127/><D84/><U52/><E27/><V61/><F61/><W73/><G28/><T115/><D108/><U54/><E24/><V78/><F78/><W38/><G38/><T17/><D115/><U10/><E10/><V64/><F64/><W128/><G128/><N who="2" m="49257" /><F30/><W46/><G99/><T112/><D131/><U121/><E121/><V1/><F100/><W33/><G33/><T34/><D112/><U18/><E18/><V113/><F113/><W13/><G13/><T116/><REACH who="0" step="1"/><D127/><REACH who="0" ten="175,224,302,289" step="2"/><U80/><E80/><V97/><F92/><W101/><G74/><T37/><D37/><U86/><E86/><V96/><F95/><W110/><G73/><T15/><D15/><U103/><E103/><V20/><F1/><W44/><G110/><T89/><D89/><U77/><E77/><V106/><F96/><W67/><G101/><T72/><D72/><U68/><E68/><V76/><F97/><W75/><G75/><T79/><D79/><U51/><E55/><V94/><F106/><W29/><G67/><T21/><D21/><U107/><E107/><V119/><F20/><W124/><G124/><T0/><D0/><U71/><E71/><V104/><F104/><W47/><G90/><T6/><D6/><AGARI ba="0,1" hai="5,6,7,42,43,50,51,52,54,56,57" m="58703" machi="6" ten="30,2000,0" yaku="8,1,54,1" doraHai="25" who="1" fromWho="0" sc="175,-20,224,30,302,0,289,0" /><INIT seed="3,0,0,5,3,90" ten="155,254,302,289" oya="3" hai0="95,103,52,93,33,31,82,56,66,119,79,6,106" hai1="14,70,84,15,130,116,96,48,125,0,54,74,134" hai2="3,85,30,2,39,115,65,132,98,40,121,7,123" hai3="92,4,76,124,29,8,23,57,21,18,94,12,13"/><W122/><G122/><N who="2" m="46601" /><F115/><W60/><G124/><T78/><D119/><U16/><E74/><V86/><F132/><W1/><G1/><N who="2" m="9" /><F7/><W5/><G76/><N who="0" m="29227" /><D6/><U133/><E70/><V28/><F65/><N who="3" m="39055" /><G5/><T120/><D33/><U24/><E125/><V110/><F110/><W109/><G109/><T20/><D120/><U87/><E116/><V51/><F39/><W47/><G47/><T46/><D106/><U67/><E0/><V71/><F71/><W53/><G53/><T91/><D103/><U88/><E67/><V25/><F98/><W117/><G117/><T128/><D128/><U112/><E130/><V55/><F40/><W37/><G37/><T10/><D10/><U35/><E112/><V126/><F126/><W99/><G99/><T111/><D111/><U19/><E35/><N who="2" m="20879" /><F30/><W11/><G29/><T131/><D131/><U62/><E62/><V118/><F118/><W97/><G94/><N who="0" m="35851" /><D66/><U45/><E96/><V49/><F49/><W105/><G105/><T127/><D46/><AGARI ba="0,0" hai="46,51,55,85,86" m="20879,9,46601" machi="46" ten="30,1000,0" yaku="13,1" doraHai="90" who="2" fromWho="0" sc="155,-10,254,0,302,10,289,0" owari="145,-35.0,254,-15.0,312,41.0,289,9.0" /></mjloggm>