<mjloggm ver="2.3"><GO type="97" lobby="0"/><UN n0="%72%75%6B%69%61%30%31" n1="%E6%98%8E%E6%97%A5%E3%81%8B%E3%82%89%E9%9B%80%E9%BE%8D%E9%96%80" n2="%E5%B0%B1%E6%B4%BB%E7%94%9F%40%E5%B7%9D%E6%9D%91%E8%BB%8D%E5%9B%A3" n3="%E5%9B%BD%E5%A3%AB%E4%BC%9A" dan="14,15,14,14" rate="1974.31,1986.01,1959.98,1962.56" sx="M,M,M,M"/><TAIKYOKU oya="0"/><INIT seed="0,0,0,2,1,110" ten="250,250,250,250" oya="0" hai0="14,84,15,89,63,134,88,55,126,109,0,62,105" hai1="31,117,116,121,135,80,100,12,61,118,50,46,21" hai2="108,123,56,79,104,26,87,86,28,1,81,59,67" hai3="76,13,78,7,3,96,5,73,132,60,114,25,120"/><T19/><D0/><U66/><E121/><V53/><F108/><W29/><G132/><T106/><D109/><U71/><E135/><V95/><F104/><W9/><G120/><T11/><D134/><U103/><E80/><V4/><F123/><W90/><G78/><T107/><D126/><U17/><REACH who="1" step="1"/><E31/><REACH who="1" ten="250,240,250,250" step="2"/><V128/><F81/><W54/><G76/><T57/><D89/><U92/><E92/><V27/><F28/><W20/><G90/><T102/><D102/><U115/><E115/><V41/><F95/><W8/><G114/><T122/><D122/><U113/><E113/><V124/><F79/><W74/><G96/><T119/><D119/><U36/><E36/><V127/><F127/><W75/><G75/><T40/><D84/><U101/><E101/><V97/><F87/><W94/><G94/><T65/><D88/><U131/><E131/><V18/><F86/><W125/><G125/><T45/><D105/><U32/><E32/><V77/><F97/><W2/><G13/><T93/><D15/><U22/><E22/><V111/><F77/><W37/><G37/><T44/><D93/><U64/><E64/><V85/><F128/><W30/><G30/><T112/><D112/><U68/><E68/><V43/><F85/><W23/><G23/><T52/><D106/><U129/><E129/><V16/><F111/><W33/><G33/><T82/><D107/><U72/><E72/><V24/><F124/><W58/><AGARI ba="0,1" hai="2,3,5,7,8,9,20,25,29,54,58,60,73,74" machi="58" ten="30,2000,0" yaku="0,1,9,1" doraHai="110" who="3" fromWho="3" sc="250,-10,240,-5,250,-5,250,30" /><INIT seed="1,0,0,3,1,43" ten="240,235,245,280" oya="1" hai0="121,52,97,74,66,62,106,67,109,41,21,0,105" hai1="108,61,75,133,135,58,56,83,44,11,123,17,26" hai2="78,80,94,12,127,125,120,77,122,130,60,95,114" hai3="5,64,131,76,85,55,3,35,13,112,6,91,99"/><U16/><E123/><N who="2" m="47147" /><F60/><W36/><G112/><T28/><D0/><U69/><E108/><V96/><F12/><W4/><G131/><T65/><D109/><U119/><E119/><V18/><F18/><N who="1" m="7273" /><E11/><V132/><F130/><W81/><G35/><T7/><D7/><U14/><E14/><V115/><F132/><N who="1" m="50761" /><E26/><V59/><F59/><W86/><G3/><T124/><D74/><U48/><E61/><V1/><F1/><W98/><G13/><T33/><D33/><U24/><E24/><V103/><F95/><W113/><G113/><N who="2" m="43017" /><F78/><W116/><G116/><T102/><D106/><U128/><E69/><V72/><AGARI ba="0,0" hai="72,77,80,94,96,103,125,127" m="43017,47147" machi="72" ten="40,5200,0" yaku="11,1,34,2" doraHai="43" who="2" fromWho="2" sc="240,-13,235,-26,245,52,280,-13" /><INIT seed="2,0,0,5,2,99" ten="227,209,297,267" oya="2" hai0="97,34,21,108,7,85,116,43,30,67,55,40,42" hai1="110,131,71,57,4,118,76,24,87,119,16,70,60" hai2="105,27,120,54,12,125,5,93,111,100,109,64,0" hai3="15,58,132,106,62,73,112,56,129,82,113,38,91"/><V75/><F105/><W19/><G106/><T14/><D34/><U81/><E110/><N who="2" m="41995" /><F120/><W72/><G38/><T98/><D108/><U94/><E4/><V17/><F125/><W102/><G102/><T115/><D115/><N who="3" m="44105" /><G129/><T130/><D130/><U10/><E131/><V44/><F75/><W69/><G132/><T22/><D67/><U107/><E107/><V26/><F64/><N who="3" m="41111" /><G73/><T1/><D1/><U37/><E37/><V32/><F32/><W127/><G127/><T135/><D135/><U6/><E118/><V77/><F77/><N who="3" m="44327" /><G91/><T134/><D134/><U84/><E119/><V90/><F5/><W121/><G121/><T101/><D85/><U25/><E6/><V47/><F0/><W126/><G126/><T51/><D97/><U63/><E70/><V96/><F90/><W46/><G46/><N who="2" m="17449" /><F54/><W83/><G83/><T41/><D55/><U36/><E36/><V9/><AGARI ba="0,0" hai="9,12,17,26,27,93,96,100" m="17449,41995" machi="9" ten="30,6000,0" yaku="14,1,10,1,52,1" doraHai="99" who="2" fromWho="2" sc="227,-20,209,-20,297,60,267,-20" /><INIT seed="2,1,0,3,4,66" ten="207,189,357,247" oya="2" hai0="97,83,120,52,33,37,100,127,36,22,101,44,2" hai1="88,40,54,118,76,65,43,103,122,31,64,84,105" hai2="20,27,47,110,78,116,9,131,89,130,79,18,115" hai3="74,95,107,85,94,80,45,58,50,126,117,111,62"/><V121/><F115/><W106/><G117/><T23/><D33/><U28/><E118/><V135/><F116/><W68/><G111/><T99/><D120/><U42/><E76/><V48/><F121/><W57/><G126/><T129/><D127/><U73/><E73/><V61/><F135/><W102/><G74/><T29/><D2/><U69/><E103/><V90/><F61/><W49/><G80/><T63/><D129/><N who="2" m="49162" /><F9/><W70/><G62/><T112/><D112/><U3/><E69/><V59/><F59/><W133/><G102/><N who="0" m="39531" /><D36/><U7/><E105/><V21/><F21/><N who="0" m="7690" /><D37/><U34/><E34/><V119/><F119/><W32/><G32/><T128/><D128/><U51/><E7/><V41/><F110/><W13/><G13/><T39/><D39/><U109/><E3/><V75/><F75/><W93/><G85/><T16/><D29/><N who="1" m="11339" /><E122/><V1/><F1/><W15/><G15/><T108/><D16/><U14/><E109/><V6/><F6/><W8/><G8/><T38/><D38/><U56/><E14/><V11/><F11/><W17/><G17/><T82/><D108/><U12/><E12/><V24/><F24/><W98/><G98/><N who="0" m="37387" /><D63/><U123/><E123/><V104/><F104/><W125/><G125/><T96/><D96/><U5/><E5/><V86/><F86/><W26/><G95/><AGARI ba="1,0" hai="40,42,43,51,54,56,64,65,84,88,95" m="11339" machi="95" ten="30,2000,0" yaku="8,1,54,1" doraHai="66" who="1" fromWho="3" sc="207,0,189,23,357,0,247,-23" /><INIT seed="3,0,0,4,2,38" ten="207,212,357,224" oya="3" hai0="31,36,1,54,39,83,16,24,86,85,20,58,124" hai1="14,56,25,44,63,127,100,33,113,128,84,50,107" hai2="19,118,129,68,82,30,32,122,119,65,109,95,116" hai3="106,80,121,6,67,91,88,125,15,93,61,135,22"/><W51/><G121/><T17/><D1/><U81/><E113/><V94/><F109/><W52/><G125/><T53/><D124/><U79/><E127/><V49/><F129/><W76/><G135/><T115/><D115/><U26/><E128/><V27/><F122/><W131/><G131/><T8/><D36/><U2/><E2/><V46/><F19/><N who="0" m="7242" /><D39/><U123/><E33/><V132/><F132/><W41/><G106/><T75/><D75/><U74/><E123/><V34/><F34/><W133/><G93/><T101/><D101/><U45/><E74/><V9/><F9/><N who="3" m="4535" /><G22/><T111/><D111/><U48/><E14/><V43/><F82/><W5/><G5/><T64/><D8/><U117/><E100/><V90/><F90/><W87/><G133/><T0/><D0/><U4/><E4/><V98/><F98/><W70/><G52/><N who="0" m="20075" /><D83/><U92/><E107/><V66/><F68/><W47/><AGARI ba="0,0" hai="41,47,51,61,67,70,76,80,87,88,91" m="4535" machi="47" ten="30,6000,0" yaku="25,1,52,1,54,1" doraHai="38" who="3" fromWho="3" sc="207,-20,212,-20,357,-20,224,60" /><INIT seed="3,1,0,5,1,104" ten="187,192,337,284" oya="3" hai0="2,15,101,124,55,133,69,73,122,62,107,37,68" hai1="121,96,43,118,70,6,1,129,4,78,87,83,95" hai2="109,45,99,40,33,9,82,63,105,117,67,16,44" hai3="98,126,112,71,14,22,47,34,58,11,79,119,85"/><W50/><G119/><T25/><D122/><U30/><E121/><V132/><F117/><W131/><G112/><T35/><D15/><U56/><E118/><V66/><F33/><W36/><G131/><T26/><D2/><U41/><E70/><V29/><F29/><W21/><G126/><T7/><D7/><N who="1" m="2603" /><E1/><V27/><F132/><W60/><G71/><T17/><D124/><U108/><E129/><V19/><F109/><W31/><G36/><T115/><D115/><U125/><E108/><V80/><F99/><W97/><G34/><T88/><D133/><U74/><E74/><V52/><F105/><W12/><G14/><T106/><D73/><U93/><E125/><V110/><F110/><W28/><G12/><T51/><D37/><U81/><E81/><N who="2" m="31339" /><F40/><N who="1" m="15433" /><E30/><N who="3" m="11306" /><G11/><T18/><D35/><U91/><E95/><V114/><F114/><W61/><G85/><T76/><D76/><N who="1" m="46567" /><E56/><N who="2" m="35207" /><F9/><W3/><G79/><AGARI ba="1,0" hai="78,79,91,93,96" m="46567,15433,2603" machi="79" ten="30,1000,0" yaku="8,1" doraHai="104" who="1" fromWho="3" sc="187,0,192,13,337,0,284,-13" owari="187,-31.0,205,-19.0,337,43.0,271,7.0" /></mjloggm>