<mjloggm ver="2.3"><GO type="41" lobby="0"/><UN n0="%E5%B0%B1%E6%B4%BB%E7%94%9F%40%E5%B7%9D%E6%9D%91%E8%BB%8D%E5%9B%A3" n1="%E3%82%B3%E3%83%BC%E3%83%A9%E3%81%8F%E3%81%A0%E3%81%95%E3%81%84" n2="%73%73%79" n3="%E2%98%86%4B%45%4E%E2%98%86" dan="15,15,13,13" rate="1961.03,1963.42,1878.55,1898.48" sx="M,M,M,M"/><TAIKYOKU oya="0"/><INIT seed="0,0,0,4,5,85" ten="250,250,250,250" oya="0" hai0="38,34,46,107,56,48,3,8,0,25,7,75,51" hai1="78,47,11,90,124,68,24,39,83,129,100,116,30" hai2="104,52,70,15,22,17,95,14,77,41,72,109,36" hai3="31,29,73,60,87,117,27,40,79,71,98,112,59"/><T133/><D107/><U65/><E116/><V21/><F104/><W93/><G117/><T114/><D114/><U42/><E124/><V120/><F109/><W53/><G112/><T102/><D133/><U58/><E129/><V9/><F70/><W127/><G73/><T69/><D69/><U101/><E68/><V23/><F120/><W33/><G127/><T99/><D3/><U119/><E119/><V81/><F95/><W76/><G71/><T18/><D75/><U20/><E11/><V125/><F125/><W55/><G31/><T130/><D130/><U43/><E43/><V6/><REACH who="2" step="1"/><F52/><REACH who="2" ten="250,250,240,250" step="2"/><W35/><G55/><T121/><D121/><U50/><E65/><V63/><F63/><W44/><G35/><T96/><D56/><U89/><E58/><V103/><F103/><W84/><G40/><T97/><D102/><U66/><E66/><V45/><AGARI ba="0,1" hai="6,9,14,15,17,21,22,23,36,41,45,72,77,81" machi="45" ten="30,4000,0" yaku="1,1,0,1,53,1" doraHai="85" doraHaiUra="5" who="2" fromWho="2" sc="250,-20,250,-10,240,50,250,-10" /><INIT seed="1,0,0,4,5,25" ten="230,240,290,240" oya="1" hai0="35,100,96,72,97,64,106,48,124,86,92,46,111" hai1="19,108,0,66,77,119,9,89,73,27,41,33,104" hai2="78,88,14,118,23,26,31,98,122,15,105,81,37" hai3="127,11,7,62,58,10,21,90,5,56,109,29,28"/><U126/><E119/><V115/><F118/><W125/><G109/><T120/><D72/><U84/><E104/><V61/><F122/><W95/><G95/><T47/><D120/><U91/><E108/><V42/><F115/><W34/><G34/><T68/><D111/><U82/><E126/><N who="3" m="48138" /><G90/><T3/><D3/><U79/><E66/><V12/><F61/><W63/><G21/><T59/><D35/><U134/><E134/><V55/><F55/><N who="3" m="34079" /><G7/><T45/><D68/><U133/><E133/><V132/><F132/><W16/><G5/><T93/><D124/><U8/><E41/><V17/><F105/><W87/><G87/><T83/><D64/><U107/><E107/><V50/><F98/><W60/><G58/><T114/><D59/><U18/><E0/><V40/><F88/><N who="1" m="33865" /><E33/><V69/><F81/><W85/><G85/><T54/><D114/><U32/><E32/><V130/><F78/><W131/><G131/><T2/><D2/><U70/><E79/><V30/><F130/><W116/><G116/><T110/><D110/><U129/><E73/><V94/><F94/><W57/><G60/><T1/><D1/><U80/><E80/><V38/><F12/><N who="3" m="7191" /><G11/><N who="1" m="4170" /><E70/><V4/><F69/><W117/><G117/><T102/><D106/><U20/><E129/><V13/><F4/><W67/><AGARI ba="0,0" hai="28,29,57,63,67" m="7191,34079,48138" machi="67" ten="30,7900,0" yaku="18,1,52,2,54,1" doraHai="25" who="3" fromWho="3" sc="230,-20,240,-39,290,-20,240,79" /><INIT seed="2,0,0,1,0,128" ten="210,201,270,319" oya="2" hai0="88,79,125,93,95,109,8,99,67,56,33,42,121" hai1="32,57,100,83,47,1,91,77,112,104,3,126,27" hai2="117,92,35,71,49,119,69,106,120,24,127,52,124" hai3="41,70,58,46,40,75,10,62,20,21,45,114,118"/><V116/><F106/><W130/><G75/><T11/><D33/><U74/><E112/><V54/><F35/><W37/><G118/><T94/><D121/><U14/><E126/><N who="2" m="48171" /><F24/><W18/><G130/><T78/><D125/><U122/><E122/><V55/><F120/><W61/><G114/><T81/><D109/><U60/><E91/><V89/><F49/><W111/><G70/><T63/><D42/><U16/><E47/><V29/><F29/><W90/><G111/><T123/><D123/><U22/><E100/><V68/><F89/><W19/><G10/><T87/><D79/><U102/><E102/><V59/><F59/><W113/><G113/><T6/><REACH who="0" step="1"/><D11/><REACH who="0" ten="200,201,270,319" step="2"/><U65/><E104/><V98/><F98/><W97/><G97/><T15/><AGARI ba="0,1" hai="6,8,15,56,63,67,78,81,87,88,93,94,95,99" machi="15" ten="20,12000,2" yaku="1,1,2,1,0,1,7,1,8,1,54,1,53,0" doraHai="128" doraHaiUra="17" who="0" fromWho="0" sc="200,130,201,-30,270,-60,319,-30" /><INIT seed="3,0,0,3,5,124" ten="330,171,210,289" oya="3" hai0="118,32,83,65,74,34,133,80,71,57,96,87,3" hai1="115,109,36,119,44,42,92,112,101,123,50,6,39" hai2="93,126,84,113,105,51,130,131,82,121,53,12,107" hai3="2,99,31,120,11,25,67,81,15,102,4,9,117"/><W59/><G120/><T91/><D3/><U78/><E6/><V1/><F1/><W95/><G117/><T114/><D118/><U122/><E78/><V26/><F26/><W5/><G2/><T55/><D114/><N who="1" m="43563" /><E92/><V106/><F113/><W56/><G67/><T75/><D133/><U94/><E94/><V134/><F121/><N who="1" m="46089" /><E101/><V100/><F12/><N who="3" m="5159" /><G81/><T17/><D96/><U129/><E119/><V43/><F43/><W98/><G99/><T47/><D47/><N who="1" m="25975" /><E109/><V73/><F73/><W116/><G116/><T79/><D75/><U103/><E103/><V45/><F134/><W41/><G41/><T64/><D17/><U40/><E36/><V30/><F30/><W8/><G8/><T14/><D14/><U16/><E16/><V48/><F93/><W54/><G31/><T110/><D110/><U20/><E20/><V86/><F100/><W127/><G127/><T128/><D34/><U89/><E89/><V111/><F126/><W46/><G25/><T7/><D32/><U19/><E19/><V69/><F111/><W0/><G0/><T35/><D7/><U52/><E52/><V135/><F135/><W24/><G24/><T66/><D35/><U132/><E132/><V68/><F84/><W60/><G46/><T61/><D71/><U21/><E21/><V72/><F72/><W62/><G56/><T27/><D27/><U77/><E77/><V76/><F69/><W29/><G29/><T10/><D10/><U23/><E23/><V18/><F68/><W104/><G104/><N who="2" m="26625" /><V97/><DORA hai="88" /><F97/><W108/><G108/><T38/><D38/><RYUUKYOKU ba="0,0" sc="330,10,171,10,210,-30,289,10" hai0="55,57,61,64,65,66,74,79,80,83,87,91,128" hai1="39,40,44,129" hai3="5,11,15,54,59,60,62,95,98,102" /><INIT seed="3,1,0,5,0,76" ten="340,181,180,299" oya="3" hai0="1,79,132,113,58,39,11,36,90,37,67,24,93" hai1="44,28,5,131,124,6,20,60,95,9,15,120,127" hai2="123,126,107,129,109,115,100,96,54,57,75,121,91" hai3="43,29,61,69,64,33,50,8,30,111,72,7,14"/><W52/><G72/><T65/><D113/><U128/><E60/><V99/><F115/><W135/><G135/><T89/><D132/><U23/><E44/><V98/><F109/><W133/><G133/><T32/><D79/><U16/><E95/><V104/><F57/><W22/><G111/><T118/><D118/><U26/><E120/><N who="2" m="46155" /><F54/><W48/><G33/><T59/><D32/><U66/><E66/><V85/><F129/><N who="1" m="49737" /><E5/><V13/><F13/><AGARI ba="1,0" hai="6,9,13,15,16,20,23,26,28,124,127" m="49737" machi="13" ten="30,7700,0" yaku="19,1,34,2,54,1" doraHai="76" who="1" fromWho="2" sc="340,0,181,80,180,-80,299,0" /><INIT seed="4,0,0,3,1,125" ten="340,261,100,299" oya="0" hai0="87,46,77,48,66,30,21,43,134,25,62,104,41" hai1="13,116,126,47,107,10,93,103,121,59,44,9,18" hai2="108,52,40,130,105,17,80,132,78,74,6,64,51" hai3="101,82,53,118,33,72,35,37,71,135,7,11,81"/><T84/><D104/><U131/><E121/><V76/><F108/><W24/><G118/><T34/><D134/><U86/><E116/><V111/><F132/><W122/><G135/><T120/><D120/><U96/><E126/><V123/><F111/><W109/><G109/><T88/><D77/><U85/><E131/><V8/><F123/><W65/><G122/><T27/><D43/><U98/><E59/><V31/><F105/><W83/><G72/><T73/><D73/><U56/><E56/><V127/><F127/><W3/><G37/><T124/><D124/><U45/><REACH who="1" step="1"/><E10/><REACH who="1" ten="340,251,100,299" step="2"/><V2/><F8/><W57/><G71/><T19/><D88/><AGARI ba="0,1" hai="9,13,18,44,45,47,85,86,88,93,96,98,103,107" machi="88" ten="40,5200,0" yaku="1,1,2,1,54,1,53,0" doraHai="125" doraHaiUra="63" who="1" fromWho="0" sc="340,-52,251,62,100,0,299,0" /><INIT seed="5,0,0,3,4,14" ten="288,313,100,299" oya="1" hai0="79,89,128,56,16,29,57,69,86,60,133,10,99" hai1="72,121,19,49,43,107,21,36,65,70,11,76,0" hai2="118,34,75,12,15,116,51,32,100,123,38,7,5" hai3="40,22,78,55,83,93,88,42,127,46,25,2,13"/><U66/><E121/><V73/><F123/><W129/><G2/><T61/><D69/><U119/><E119/><V18/><F51/><W67/><G67/><N who="0" m="39303" /><D128/><U114/><E114/><V105/><F100/><W24/><G129/><T82/><D133/><U4/><E49/><V30/><F30/><W17/><G127/><T95/><D29/><U39/><E107/><V1/><F1/><W48/><G42/><T47/><D47/><N who="1" m="24039" /><E70/><V102/><F102/><W45/><G45/><T8/><D16/><U98/><E98/><V81/><F81/><W112/><G112/><T23/><D23/><U92/><E92/><V122/><F122/><W113/><G113/><T64/><AGARI ba="0,0" hai="8,10,57,61,64,79,82,86,89,95,99" m="39303" machi="64" ten="30,1100,0" yaku="8,1" doraHai="14" who="0" fromWho="0" sc="288,11,313,-5,100,-3,299,-3" /><INIT seed="6,0,0,5,3,23" ten="299,308,97,296" oya="2" hai0="116,8,124,55,26,134,101,24,49,91,118,88,31" hai1="80,133,75,120,17,12,25,78,112,90,30,10,51" hai2="125,114,71,111,135,66,109,113,18,52,68,39,96" hai3="34,38,57,58,87,94,47,14,44,130,79,20,115"/><V95/><F125/><W53/><G34/><T83/><D134/><U15/><E133/><V119/><F135/><W56/><G130/><T42/><D124/><U16/><E112/><N who="2" m="43115" /><F119/><N who="0" m="45610" /><D42/><U74/><E120/><V22/><F39/><W6/><G38/><T108/><D108/><N who="2" m="41546" /><F52/><W107/><G107/><T64/><D64/><U33/><E90/><N who="0" m="34345" /><D31/><U63/><E51/><V110/><F66/><W70/><G70/><T37/><D37/><U82/><E63/><V0/><F0/><W98/><G115/><T1/><D101/><U45/><E45/><V46/><F46/><W127/><G47/><N who="0" m="28095" /><D83/><U9/><E80/><V40/><F40/><W104/><G44/><T77/><D77/><U4/><E4/><AGARI ba="0,0" hai="1,4,8,24,26" m="28095,34345,45610" machi="4" ten="30,7700,0" yaku="12,1,52,2,54,1" doraHai="23" who="0" fromWho="1" sc="299,77,308,-77,97,0,296,0" /><INIT seed="7,0,0,3,0,79" ten="376,231,97,296" oya="3" hai0="89,36,17,44,19,49,52,72,33,81,112,94,64" hai1="6,13,48,62,120,110,95,26,56,96,129,130,5" hai2="47,35,91,102,51,15,27,57,86,108,132,25,55" hai3="114,93,106,82,84,88,118,76,92,39,68,103,87"/><W111/><G68/><T23/><D33/><U128/><E110/><V32/><F132/><W73/><G39/><T65/><D112/><U58/><E120/><V104/><F35/><W41/><G41/><T9/><D36/><U8/><E26/><V53/><F32/><W74/><G111/><T54/><D54/><U75/><E75/><N who="3" m="28682" /><G114/><T16/><D9/><U115/><E115/><V20/><F108/><W0/><G0/><T121/><D121/><U109/><E109/><V134/><F134/><W101/><G118/><T126/><D126/><U66/><E5/><V10/><F104/><W43/><G43/><T117/><D117/><U131/><N who="1" m="32768" /><DORA hai="1" /><U12/><E12/><V24/><F102/><N who="3" m="38923" /><G106/><T61/><D81/><AGARI ba="0,0" hai="76,81,82,84,87,88,92,93" m="38923,28682" machi="81" ten="30,24000,3" yaku="35,5,52,2,54,1" doraHai="79,1" who="3" fromWho="0" sc="376,-240,231,0,97,0,296,240" owari="136,-26.0,231,3.0,97,-40.0,536,63.0" /></mjloggm>