<mjloggm ver="2.3"><GO type="169" lobby="0"/><UN n0="%E6%A4%8B%E5%A4%A7%E6%A8%B9" n1="%E3%82%B5%E3%83%B3%E3%83%9E%E9%81%93%E6%A5%BD%E4%BB%A3%E8%A1%A8" n2="%E5%B0%B1%E6%B4%BB%E7%94%9F%40%E5%B7%9D%E6%9D%91%E8%BB%8D%E5%9B%A3" n3="%E3%81%97%E3%83%BC%E3%81%BA%E3%81%B5" dan="17,18,16,16" rate="2133.17,2255.15,2088.85,2107.30" sx="M,M,M,M"/><TAIKYOKU oya="0"/><INIT seed="0,0,0,4,1,20" ten="250,250,250,250" oya="0" hai0="118,42,113,23,77,83,22,2,47,94,76,8,68" hai1="43,92,87,110,11,38,45,3,15,96,21,7,62" hai2="102,14,90,5,29,91,104,0,26,86,58,135,33" hai3="6,51,78,98,109,66,52,123,17,73,107,88,79"/><T67/><D113/><U27/><E110/><V49/><F135/><W112/><G109/><T24/><D118/><U59/><E87/><V54/><F0/><W55/><G112/><T122/><D122/><U103/><E3/><V12/><F90/><W28/><G6/><T84/><D23/><U101/><E101/><V56/><F5/><W37/><G37/><T74/><D67/><U48/><E38/><V40/><F40/><W80/><G28/><T81/><D68/><U115/><E115/><V70/><F70/><W130/><G79/><T124/><D124/><U39/><E39/><V34/><F34/><W100/><G66/><T133/><D94/><U57/><REACH who="1" step="1"/><E62/><REACH who="1" ten="250,240,250,250" step="2"/><V127/><F127/><W82/><G123/><T69/><D133/><U36/><E36/><V64/><F102/><W116/><G100/><T53/><D2/><U46/><E46/><V134/><F104/><W93/><G107/><T41/><D47/><U32/><E32/><V99/><F99/><W85/><G98/><T18/><D84/><U97/><E97/><V125/><F125/><W120/><G85/><T50/><D74/><U106/><E106/><V61/><REACH who="2" step="1"/><F134/><REACH who="2" ten="250,240,240,250" step="2"/><W129/><G120/><T121/><D121/><U131/><E131/><V31/><F31/><AGARI ba="0,2" hai="7,11,15,21,27,31,43,45,48,57,59,92,96,103" machi="31" ten="30,8000,1" yaku="1,1,7,1,8,1,52,1,53,1" doraHai="20" doraHaiUra="89" who="1" fromWho="2" sc="250,0,240,100,240,-80,250,0" /><INIT seed="1,0,0,4,5,57" ten="250,340,160,250" oya="1" hai0="90,52,60,101,63,49,65,122,24,106,96,62,30" hai1="66,110,119,69,7,64,121,27,32,80,9,104,43" hai2="91,40,117,129,93,8,78,88,22,14,102,67,53" hai3="82,77,61,68,128,133,118,75,97,124,3,103,114"/><U11/><E121/><V56/><F117/><W85/><G114/><T1/><D1/><U13/><E119/><V74/><F129/><W79/><G118/><T95/><D65/><U33/><E43/><V41/><F74/><W59/><G3/><T29/><D122/><U115/><E115/><V127/><F78/><W37/><G37/><T34/><D30/><U10/><E66/><V131/><F67/><W23/><G23/><T5/><D5/><U132/><E33/><V107/><F131/><W20/><G20/><T45/><D63/><N who="1" m="40095" /><E80/><V76/><F76/><W94/><G68/><T46/><D46/><U134/><E110/><V44/><F127/><W38/><G128/><T15/><D15/><U35/><E35/><V123/><F123/><W55/><G38/><T116/><D116/><U36/><E36/><V58/><F22/><W26/><G26/><T108/><D108/><U19/><E7/><V4/><F107/><W54/><G124/><T50/><D50/><U113/><E113/><V21/><F21/><W109/><G109/><T48/><D48/><U83/><E83/><V17/><F4/><W111/><G111/><T81/><D81/><U72/><E72/><V47/><F47/><W105/><G75/><T120/><D120/><U70/><E70/><V25/><F25/><W126/><G126/><T2/><D2/><U71/><E71/><V42/><F44/><W73/><G77/><T130/><D130/><U51/><E104/><V39/><F39/><W89/><G55/><T84/><AGARI ba="0,0" hai="24,29,34,45,49,52,60,62,84,90,95,96,101,106" machi="84" ten="20,8000,1" yaku="0,1,7,1,52,2,54,1" doraHai="57" who="0" fromWho="0" sc="250,80,340,-40,160,-20,250,-20" /><INIT seed="2,0,0,4,4,47" ten="330,300,140,230" oya="2" hai0="21,27,106,6,5,128,122,108,98,25,42,45,33" hai1="41,28,53,77,96,4,89,17,127,113,84,104,37" hai2="39,43,7,9,61,135,26,31,90,57,73,51,107" hai3="71,123,14,110,46,48,82,86,94,88,132,20,130"/><V121/><F121/><W105/><G110/><T92/><D108/><U8/><E113/><V2/><F135/><W72/><G123/><T38/><D106/><U81/><E28/><V40/><F107/><W120/><G120/><T83/><D27/><U93/><E17/><V111/><F73/><W18/><G71/><T56/><D33/><U70/><E70/><V49/><F111/><W76/><G132/><T35/><D35/><U63/><E127/><V65/><F90/><W68/><G68/><T22/><D22/><U32/><E32/><V124/><F124/><W10/><G105/><T52/><D83/><U29/><E29/><V116/><F116/><W15/><G130/><T74/><D74/><U13/><E37/><V80/><F80/><W100/><G100/><T109/><D128/><U133/><E41/><V125/><F125/><W0/><G0/><T87/><D87/><U1/><E133/><V85/><F85/><W50/><G46/><T34/><D34/><U99/><E104/><V30/><F31/><W134/><G134/><T101/><D122/><U115/><E115/><V19/><F19/><AGARI ba="0,0" hai="10,14,15,18,19,20,48,50,72,76,82,86,88,94" machi="19" ten="30,7700,0" yaku="7,1,52,2,54,1" doraHai="47" who="3" fromWho="2" sc="330,0,300,0,140,-77,230,77" /><INIT seed="3,0,0,0,2,11" ten="330,300,63,307" oya="3" hai0="118,63,78,126,34,5,41,112,51,73,44,93,110" hai1="9,86,96,56,135,12,88,79,113,76,19,130,45" hai2="58,1,72,97,75,33,61,80,20,31,48,13,36" hai3="6,71,104,87,49,115,119,30,124,64,24,127,66"/><W46/><G104/><T55/><D34/><U21/><E113/><V106/><F36/><W101/><G115/><T74/><D118/><U50/><E135/><V37/><F37/><W15/><G101/><T52/><D112/><U69/><E69/><V35/><F1/><W111/><G119/><T59/><D110/><U40/><E130/><V89/><F106/><W47/><G111/><T3/><D126/><N who="3" m="48169" /><G87/><T84/><D5/><U90/><E56/><V131/><F131/><W18/><G6/><T105/><D3/><U103/><E90/><V100/><F100/><W129/><G129/><T121/><D121/><U77/><E9/><V98/><F75/><W70/><G70/><T102/><D105/><U28/><E28/><V114/><F114/><W81/><G81/><N who="0" m="47159" /><D74/><U99/><E103/><V16/><F48/><W68/><G68/><T120/><D73/><U133/><E133/><V91/><F91/><W85/><G85/><T38/><D38/><U107/><E107/><V65/><F97/><W8/><G47/><T23/><D23/><U94/><AGARI ba="0,0" hai="12,19,21,40,45,50,76,77,79,86,88,94,96,99" machi="94" ten="30,7900,0" yaku="0,1,8,1,52,1,54,1" doraHai="11" who="1" fromWho="1" sc="330,-20,300,79,63,-20,307,-39" /><INIT seed="4,0,0,1,2,54" ten="310,379,43,268" oya="0" hai0="79,128,95,11,46,17,48,71,8,88,2,34,76" hai1="61,14,49,44,102,6,106,68,18,74,86,32,1" hai2="92,60,85,83,30,33,135,120,59,99,52,107,105" hai3="62,58,4,35,72,28,12,134,108,23,45,118,67"/><T111/><D71/><U82/><E32/><V57/><F120/><W130/><G108/><T40/><D34/><U21/><E74/><V133/><F30/><W103/><G72/><T101/><D128/><U124/><E124/><V94/><F33/><W63/><G130/><T70/><D70/><U78/><E106/><V90/><F94/><W42/><G35/><T53/><D101/><U123/><E102/><V22/><F22/><W38/><G118/><T96/><D111/><U112/><E123/><V41/><F41/><W113/><G113/><T19/><D2/><U81/><E81/><V126/><F126/><W109/><G109/><T10/><REACH who="0" step="1"/><D40/><REACH who="0" ten="300,379,43,268" step="2"/><U9/><E68/><V115/><F115/><W47/><G103/><T39/><D39/><U75/><E112/><V24/><F24/><W36/><G36/><T127/><D127/><U125/><E125/><V31/><F31/><W110/><G28/><T131/><D131/><U25/><E1/><V121/><F121/><W98/><G38/><T69/><D69/><U66/><E75/><V80/><F107/><W93/><G42/><T64/><D64/><U26/><E66/><N who="2" m="39183" /><F105/><W37/><G67/><T132/><D132/><N who="2" m="50762" /><F99/><W114/><G98/><T87/><D87/><U55/><E26/><V84/><F84/><W122/><G114/><T97/><D97/><U91/><E25/><V0/><F0/><W3/><G110/><T73/><D73/><U77/><E86/><V5/><F5/><W50/><G3/><T16/><AGARI ba="0,1" hai="8,10,11,16,17,19,46,48,53,76,79,88,95,96" machi="16" ten="30,12000,1" yaku="1,1,0,1,8,1,54,2,53,0" doraHai="54" doraHaiUra="27" who="0" fromWho="0" sc="300,130,379,-40,43,-40,268,-40" /><INIT seed="4,1,0,0,4,35" ten="430,339,3,228" oya="0" hai0="2,104,131,89,52,126,5,81,85,21,56,129,64" hai1="130,75,54,95,16,124,62,78,68,1,121,71,12" hai2="9,22,32,31,90,117,109,93,49,58,48,41,118" hai3="73,132,43,14,76,37,127,0,113,27,122,120,25"/><T102/><D64/><U19/><E121/><N who="3" m="46698" /><G113/><T123/><D123/><U67/><E71/><V29/><F109/><W86/><G86/><T135/><D135/><U66/><E66/><V3/><F32/><W92/><G92/><T103/><D104/><U47/><E130/><N who="0" m="49673" /><D126/><U46/><E124/><V82/><F82/><N who="3" m="45327" /><G0/><T88/><D21/><U60/><E19/><V17/><F41/><W99/><G99/><T15/><D2/><U125/><E125/><V105/><F105/><W45/><G127/><T59/><D89/><U40/><E1/><V108/><F108/><W42/><G42/><T26/><D26/><U20/><E95/><V106/><F106/><W13/><G132/><T110/><D110/><U30/><E30/><V36/><F36/><W83/><G83/><T39/><D39/><U65/><E78/><V112/><F112/><W44/><G44/><T134/><D134/><U50/><E75/><V51/><F31/><W107/><G107/><T128/><D128/><U63/><REACH who="1" step="1"/><E67/><REACH who="1" ten="430,329,3,228" step="2"/><V69/><F29/><W80/><G80/><T72/><D72/><U24/><E24/><AGARI ba="1,1" hai="13,14,24,25,27,37,43,45" m="45327,46698" machi="24" ten="30,1000,0" yaku="13,1" doraHai="35" who="3" fromWho="1" sc="430,0,329,-13,3,0,228,23" /><INIT seed="5,0,0,5,5,121" ten="430,316,3,251" oya="1" hai0="22,17,61,18,3,99,101,110,28,35,32,73,50" hai1="108,129,64,14,62,77,71,44,120,12,128,46,1" hai2="85,2,115,70,60,41,37,11,57,8,82,67,130" hai3="52,72,79,10,39,102,117,38,16,6,49,47,122"/><U7/><E120/><V15/><F130/><N who="1" m="50281" /><E77/><V25/><F115/><W135/><G122/><T23/><D110/><U48/><E1/><V97/><F2/><W84/><G135/><T31/><D73/><U53/><E7/><V86/><F70/><W126/><G126/><T114/><D114/><U19/><E12/><V58/><F37/><W45/><G102/><T132/><D132/><U125/><E14/><V83/><F41/><W94/><G72/><T75/><D75/><U51/><E19/><V69/><F97/><W119/><G45/><T42/><D3/><U40/><E125/><V104/><F104/><W24/><G79/><T81/><D32/><U106/><E106/><V87/><F25/><W92/><G39/><T56/><D35/><U54/><E40/><V89/><F11/><W123/><G38/><T55/><D42/><U21/><E21/><V93/><F58/><W13/><G123/><T30/><D22/><U116/><E116/><N who="3" m="44618" /><G84/><N who="2" m="32361" /><F69/><W131/><G131/><T95/><D23/><AGARI ba="0,0" hai="6,10,13,16,23,24,47,49,52,92,94" m="44618" machi="23" ten="30,3900,0" yaku="12,1,54,2" doraHai="121" who="3" fromWho="0" sc="430,-39,316,0,3,0,251,39" /><INIT seed="6,0,0,0,1,104" ten="391,316,3,290" oya="2" hai0="20,62,31,93,109,17,22,89,91,61,73,80,87" hai1="123,65,13,97,99,114,12,88,1,133,41,130,103" hai2="101,43,45,49,59,26,75,131,108,5,71,106,58" hai3="128,32,8,134,14,70,113,23,27,53,39,54,33"/><V47/><F75/><W105/><G70/><T95/><D109/><U2/><E41/><V92/><F106/><W40/><G105/><T52/><D73/><U79/><E65/><V35/><F71/><W21/><G39/><T121/><D121/><U84/><E79/><V107/><F107/><W55/><G40/><T127/><D127/><U69/><E69/><V7/><F108/><W10/><G128/><T37/><D37/><U56/><E130/><V16/><F131/><W38/><G38/><T116/><D116/><U34/><E34/><N who="3" m="13418" /><G27/><N who="0" m="16887" /><D52/><U44/><E44/><V66/><F47/><W67/><G14/><N who="0" m="9271" /><D95/><U18/><E56/><N who="2" m="21547" /><F35/><W3/><G3/><T122/><D122/><U82/><E123/><V83/><F83/><W19/><G19/><T24/><D24/><U50/><E50/><V0/><F0/><W4/><G4/><N who="2" m="1609" /><F66/><W60/><G53/><T126/><D126/><U9/><E1/><V63/><F63/><W28/><G54/><T36/><D36/><U42/><E42/><V76/><F76/><W57/><G55/><T135/><D135/><U125/><E133/><V68/><F68/><W117/><G134/><T111/><D111/><U81/><E2/><V102/><F92/><W77/><G77/><T90/><D93/><U48/><E48/><V15/><F26/><W46/><G60/><AGARI ba="0,0" hai="60,61,62,80,87,89,90,91" m="9271,16887" machi="60" ten="30,1000,0" yaku="8,1" doraHai="104" who="0" fromWho="3" sc="391,10,316,0,3,0,290,-10" /><INIT seed="7,0,0,0,3,28" ten="401,316,3,280" oya="3" hai0="105,110,35,65,120,104,119,118,58,0,76,94,33" hai1="51,46,34,83,13,133,41,55,18,116,109,122,103" hai2="100,47,72,89,99,102,129,40,124,98,4,50,88" hai3="73,22,59,16,23,44,12,113,26,25,15,79,70"/><W1/><G70/><T9/><D110/><U90/><E109/><V132/><F72/><W61/><G113/><T24/><D94/><U111/><E111/><V8/><F129/><W45/><G1/><T67/><D58/><U27/><E122/><V125/><F132/><W10/><G79/><T123/><D24/><U97/><E133/><V95/><F124/><W112/><G73/><T87/><D87/><N who="1" m="50559" /><E41/><V96/><F125/><W21/><G112/><T84/><D9/><N who="1" m="6447" /><E27/><N who="3" m="10250" /><G12/><T82/><D84/><U71/><E71/><V85/><F89/><W66/><AGARI ba="0,0" hai="10,15,16,21,22,23,44,45,59,61,66" m="10250" machi="66" ten="30,3000,0" yaku="8,1,54,1" doraHai="28" who="3" fromWho="3" sc="401,-10,316,-10,3,-10,280,30" owari="391,49.0,306,-9.0,-7,-51.0,310,11.0" /></mjloggm>