<mjloggm ver="2.3"><GO type="97" lobby="0"/><UN n0="%E5%B0%B1%E6%B4%BB%E7%94%9F%40%E5%B7%9D%E6%9D%91%E8%BB%8D%E5%9B%A3" n1="%E4%B8%AD%E5%85%83%E3%81%99%E3%81%9A%E9%A6%99" n2="%E9%A2%A8%E3%82%92" n3="%53%55%52%4F%4F%54" dan="14,14,14,13" rate="1930.79,1957.94,1974.37,1930.97" sx="M,F,M,M"/><TAIKYOKU oya="0"/><INIT seed="0,0,0,5,5,79" ten="250,250,250,250" oya="0" hai0="98,117,24,12,0,49,114,59,27,71,95,128,15" hai1="118,9,51,3,48,17,32,73,120,74,89,83,93" hai2="52,44,84,58,72,23,60,90,104,55,78,13,122" hai3="56,5,86,62,116,26,124,81,97,99,46,22,25"/><T68/><D0/><U11/><E118/><V67/><F104/><W113/><G116/><T121/><D117/><U134/><E120/><V50/><F122/><W91/><G113/><T108/><D121/><U131/><E32/><V10/><F72/><W18/><G124/><T133/><D114/><U82/><E134/><V100/><F100/><W130/><G130/><T119/><D119/><U41/><E131/><V76/><F23/><W38/><G5/><T109/><D128/><U20/><E3/><V129/><F67/><W19/><G38/><T2/><D2/><U34/><E34/><V77/><F129/><W123/><G46/><T112/><D112/><U85/><E74/><V47/><F47/><W16/><G123/><T65/><D133/><U92/><E73/><V101/><F101/><W21/><G19/><T115/><D115/><U64/><E64/><AGARI ba="0,0" hai="16,18,21,22,25,26,56,62,64,81,86,91,97,99" machi="64" ten="30,8000,1" yaku="7,1,9,1,8,1,52,1,54,1" doraHai="79" who="3" fromWho="1" sc="250,0,250,-80,250,0,250,80" /><INIT seed="1,0,0,5,0,29" ten="250,170,250,330" oya="1" hai0="68,107,47,3,37,133,82,117,97,20,101,110,70" hai1="79,40,34,103,49,35,64,114,54,30,90,2,93" hai2="45,17,41,96,86,18,26,55,50,123,67,19,104" hai3="39,94,129,99,25,74,5,113,111,108,73,120,21"/><U62/><E114/><V78/><F123/><W7/><G113/><T98/><D117/><U127/><E2/><V10/><F67/><W105/><G120/><T44/><D3/><U32/><E127/><V100/><F78/><W14/><G129/><T130/><D130/><U135/><E135/><V106/><F106/><W118/><G118/><T134/><D110/><N who="3" m="42025" /><G105/><T36/><D82/><U72/><E40/><V109/><F109/><W9/><G39/><T122/><D107/><U59/><E103/><V46/><F86/><W6/><G74/><T1/><D1/><U75/><E30/><V52/><F26/><W83/><G83/><T61/><D122/><U42/><E42/><V48/><REACH who="2" step="1"/><F41/><REACH who="2" ten="250,170,240,330" step="2"/><W0/><G73/><T65/><D65/><U125/><E79/><V4/><F4/><W88/><G0/><T80/><D80/><U92/><E125/><V77/><F77/><W81/><G81/><T124/><D124/><U43/><E43/><V131/><F131/><W16/><AGARI ba="0,1" hai="5,6,7,9,14,16,21,25,88,94,99" m="42025" machi="16" ten="30,4000,0" yaku="14,1,54,2" doraHai="29" who="3" fromWho="3" sc="250,-10,170,-20,240,-10,330,50" /><INIT seed="2,0,0,1,4,76" ten="240,150,230,380" oya="2" hai0="81,125,121,134,132,89,8,116,86,130,108,64,73" hai1="46,88,29,119,2,50,4,115,103,93,44,32,28" hai2="135,109,11,59,20,49,68,18,19,70,33,83,123" hai3="38,26,43,53,40,0,127,72,71,24,14,7,36"/><V10/><F33/><W57/><G0/><T34/><D34/><U69/><E115/><V15/><F123/><W39/><G72/><T90/><D121/><U55/><E119/><V25/><F135/><N who="0" m="51754" /><D116/><U41/><E69/><V3/><F109/><W128/><G127/><T94/><D125/><U16/><E103/><V13/><F3/><W78/><G78/><N who="0" m="44239" /><D64/><U120/><E120/><V101/><F101/><W37/><G128/><T106/><D106/><U54/><E32/><V79/><F49/><W133/><G133/><T80/><D8/><U91/><E91/><V48/><F48/><W96/><G96/><N who="0" m="57423" /><D108/><U100/><E100/><V63/><F68/><W98/><G98/><T87/><D87/><U22/><E4/><V114/><F70/><W82/><G71/><T56/><D56/><U21/><E2/><V66/><F114/><W118/><G118/><T85/><D85/><N who="1" m="52367" /><E22/><N who="2" m="13527" /><F15/><W99/><G99/><T9/><D9/><N who="2" m="3082" /><F79/><W1/><G14/><T62/><D62/><U124/><E124/><V117/><F117/><W47/><G7/><T129/><AGARI ba="0,0" hai="80,86,90,129,130" m="57423,44239,51754" machi="129" ten="30,8000,1" yaku="20,1,34,2,52,2" doraHai="76" who="0" fromWho="0" sc="240,80,150,-20,230,-40,380,-20" /><INIT seed="3,0,0,1,3,82" ten="320,130,190,360" oya="3" hai0="75,118,129,106,47,71,35,49,114,122,39,103,92" hai1="85,6,41,54,5,130,26,37,8,57,112,59,52" hai2="51,67,102,11,105,10,131,25,124,0,72,94,121" hai3="61,128,68,24,120,109,95,64,44,32,73,14,78"/><W77/><G120/><T29/><RYUUKYOKU type="yao9" ba="0,0" sc="320,0,130,0,190,0,360,0" hai0="29,35,39,47,49,71,75,92,103,106,114,118,122,129" /><INIT seed="3,1,0,3,5,1" ten="320,130,190,360" oya="3" hai0="18,120,118,40,11,135,33,39,132,90,104,30,14" hai1="63,110,4,67,100,15,3,9,6,86,130,38,62" hai2="95,46,99,115,8,64,88,71,53,59,131,123,34" hai3="91,133,101,27,7,103,112,43,109,83,17,5,98"/><W124/><G112/><T107/><D118/><U127/><E38/><V87/><F115/><W68/><G68/><T22/><D120/><U37/><E37/><V48/><F131/><W51/><G124/><T72/><D72/><U23/><E127/><V42/><F34/><W105/><G133/><N who="0" m="51275" /><D40/><U74/><E74/><V97/><F123/><W35/><G109/><T129/><D39/><U65/><E110/><V122/><F122/><W93/><G35/><T121/><D121/><U119/><E119/><V76/><F76/><W36/><G36/><T85/><D129/><U134/><E130/><V13/><F64/><N who="1" m="24649" /><E3/><V29/><F29/><W60/><G60/><N who="1" m="23082" /><E134/><V50/><F71/><W75/><G103/><T116/><D116/><U79/><E100/><V111/><F111/><W19/><G19/><AGARI ba="1,0" hai="8,13,19,42,46,48,50,53,59,87,88,95,97,99" machi="19" ten="30,3900,0" yaku="7,1,8,1,54,1" doraHai="1" who="2" fromWho="3" sc="320,0,130,0,190,42,360,-42" owari="320,42.0,130,-37.0,232,-17.0,318,12.0" /></mjloggm>