<mjloggm ver="2.3"><GO type="193" lobby="0"/><UN n0="%E3%83%88%E3%83%88%E3%83%AA%E5%85%88%E7%94%9F%31%39%E6%AD%B3" n1="%41%6C%65%65%6E%36%35%37" n2="%E6%9D%B1%E5%8D%97%E5%80%B6%E6%A5%BD%E9%83%A8" n3="%E5%BE%B9" dan="9,5,3,12" rate="1800.38,1521.23,1524.21,1730.31" sx="F,F,F,M"/><TAIKYOKU oya="0"/><INIT seed="0,0,0,4,0,22" ten="250,250,250,250" oya="0" hai0="46,121,6,14,126,99,91,37,74,57,104,48,109" hai1="69,127,15,101,2,49,23,98,75,86,76,108,0" hai2="72,61,105,12,35,19,5,1,52,103,53,31,27" hai3="77,68,11,47,114,36,111,133,130,135,64,7,18"/><T67/><D121/><U9/><E108/><V45/><F72/><W119/><G114/><T34/><D34/><U29/><E127/><V79/><F79/><W70/><G119/><T58/><D74/><U122/><E122/><V24/><F105/><W107/><G111/><T78/><D78/><U44/><E69/><V124/><F103/><W26/><G130/><T39/><D126/><U17/><E29/><V80/><F80/><W51/><G36/><T100/><D109/><U10/><E75/><V13/><F124/><W33/><G107/><T20/><D91/><U96/><E76/><V84/><F84/><W89/><G77/><T131/><D131/><U123/><E123/><V83/><F83/><W41/><G89/><T92/><D104/><U54/><E86/><V28/><F61/><W60/><G68/><T21/><D21/><U110/><E110/><V129/><F45/><W94/><G94/><T16/><D6/><U8/><REACH who="1" step="1"/><E98/><REACH who="1" ten="250,240,250,250" step="2"/><V73/><F73/><W97/><G97/><T134/><D134/><U38/><E38/><V106/><F106/><AGARI ba="0,1" hai="0,2,8,9,10,15,17,23,44,49,54,96,101,106" machi="106" ten="40,1300,0" yaku="1,1,53,0" doraHai="22" doraHaiUra="116" who="1" fromWho="2" sc="250,0,240,23,250,-13,250,0" /><INIT seed="1,0,0,1,5,13" ten="250,263,237,250" oya="1" hai0="85,1,66,99,134,34,29,27,89,16,86,71,69" hai1="124,117,87,64,61,7,23,79,57,88,114,9,54" hai2="131,51,123,12,130,95,20,75,25,74,128,96,72" hai3="110,107,58,59,78,120,6,82,80,102,133,97,48"/><U52/><E114/><V126/><F123/><W103/><G120/><T111/><D1/><U119/><E117/><V39/><F39/><W132/><G110/><T28/><D111/><U32/><E119/><V109/><F109/><W106/><G6/><T122/><D122/><U104/><E32/><V90/><F126/><W81/><G78/><T108/><D108/><U77/><E104/><V84/><F51/><W73/><G73/><T26/><D134/><U2/><E23/><V115/><F12/><W19/><G19/><T112/><D112/><U33/><E33/><V55/><F55/><W65/><G65/><T17/><D99/><U98/><E124/><V83/><F115/><W63/><G81/><T36/><D36/><U30/><E30/><V60/><F60/><W68/><G97/><T93/><D66/><U49/><E54/><V127/><F127/><W53/><G53/><T38/><D38/><U41/><E41/><V116/><F116/><W35/><G35/><T43/><D43/><U40/><E40/><V121/><F121/><W3/><G3/><T45/><D45/><U50/><E98/><V44/><F44/><W56/><G56/><T47/><D47/><U113/><E113/><V105/><F105/><W62/><G48/><T18/><REACH who="0" step="1"/><D86/><REACH who="0" ten="240,263,237,250" step="2"/><U0/><E0/><V91/><F75/><W37/><G37/><T42/><D42/><U125/><E125/><V101/><F101/><W21/><G133/><T100/><D100/><U22/><E50/><V129/><N who="2" m="32768" /><DORA hai="15" /><V5/><F5/><W31/><G132/><T46/><D46/><U135/><E135/><RYUUKYOKU ba="0,1" sc="240,15,263,-15,237,15,250,-15" hai0="16,17,18,26,27,28,29,34,69,71,85,89,93" hai2="20,25,72,74,83,84,90,91,95,96" /><INIT seed="2,1,1,4,0,78" ten="255,248,252,235" oya="2" hai0="68,124,74,95,121,96,65,76,75,110,7,120,107" hai1="5,35,66,109,90,28,43,9,55,135,126,32,19" hai2="111,99,104,41,47,97,114,69,119,108,11,105,23" hai3="51,56,45,40,92,73,8,102,54,15,60,125,44"/><V115/><F69/><W134/><G125/><T82/><D7/><U17/><E109/><N who="2" m="42059" /><F23/><W89/><G134/><T67/><D110/><U118/><E126/><V81/><F11/><W100/><G73/><N who="0" m="43279" /><D65/><U48/><E135/><V0/><F0/><W72/><G45/><T94/><D67/><U127/><E118/><V71/><F71/><W113/><G72/><N who="0" m="27691" /><D68/><U64/><E127/><V34/><F34/><W27/><G27/><T14/><D14/><U128/><E128/><V80/><F119/><W10/><G113/><N who="2" m="43017" /><F99/><W46/><G10/><T123/><D124/><U30/><E9/><V106/><F97/><W131/><G131/><T3/><D3/><U91/><E5/><V84/><F84/><W18/><G8/><T133/><D133/><U62/><E43/><V50/><AGARI ba="1,1" hai="41,47,50,80,81,104,105,106" m="43017,42059" machi="50" ten="40,12000,1" yaku="14,1,10,1,52,2" doraHai="78" who="2" fromWho="2" sc="255,-41,248,-41,252,133,235,-41" /><INIT seed="2,2,0,1,4,64" ten="214,207,385,194" oya="2" hai0="9,16,110,82,83,12,102,38,85,103,29,67,61" hai1="32,129,11,122,115,97,128,65,60,37,59,43,52" hai2="123,1,101,104,63,13,49,72,76,86,73,90,78" hai3="75,119,124,3,0,18,50,24,117,111,79,28,68"/><V135/><F1/><W23/><G111/><T36/><D110/><U134/><E122/><V47/><F123/><W105/><G124/><T125/><D125/><U92/><E115/><V120/><F120/><W91/><G105/><T113/><D113/><U7/><E134/><V131/><F131/><N who="1" m="50249" /><E32/><V27/><F135/><W130/><G130/><T107/><D29/><U89/><E65/><V94/><F63/><W35/><G68/><T77/><D83/><U69/><E69/><V46/><F27/><W2/><G50/><T34/><D34/><U20/><E20/><V96/><F13/><W84/><G79/><T93/><D107/><U57/><E43/><V17/><F17/><W5/><G75/><N who="2" m="28745" /><F47/><W127/><G127/><T80/><D80/><U10/><E59/><V112/><F46/><W74/><G74/><T44/><D93/><U66/><E7/><V58/><F49/><W108/><G108/><T15/><D15/><U116/><E66/><V99/><F58/><W87/><G119/><T132/><D132/><U21/><E21/><V62/><F62/><W54/><G117/><T41/><REACH who="0" step="1"/><D38/><REACH who="0" ten="204,207,385,194" step="2"/><U126/><E116/><V22/><F112/><W45/><G35/><T40/><D40/><U51/><E126/><V39/><F39/><W53/><G28/><T4/><D4/><U19/><E60/><V88/><F22/><W81/><G5/><T70/><AGARI ba="2,1" hai="9,12,16,36,41,44,61,67,70,77,82,85,102,103" machi="70" ten="20,8000,1" yaku="1,1,0,1,7,1,52,1,54,1,53,0" doraHai="64" doraHaiUra="118" who="0" fromWho="0" sc="204,96,207,-22,385,-42,194,-22" /><INIT seed="3,0,0,4,0,108" ten="300,185,343,172" oya="3" hai0="52,113,93,11,44,115,103,98,50,40,107,81,24" hai1="109,104,91,120,68,43,99,119,5,42,20,102,84" hai2="100,77,33,83,79,1,135,23,87,22,89,66,125" hai3="26,71,62,133,123,0,69,27,94,6,124,128,116"/><W30/><G116/><T53/><D81/><U111/><E120/><V15/><F33/><W82/><G123/><T39/><D24/><U88/><E119/><V59/><F1/><W51/><G26/><T85/><D11/><U28/><E68/><V121/><F121/><W35/><G69/><T32/><D32/><U101/><E5/><V37/><F37/><W63/><G63/><T31/><D31/><U132/><E20/><N who="2" m="7723" /><F135/><W12/><G133/><T19/><D19/><U95/><E28/><V16/><F125/><W64/><G124/><T47/><D85/><U4/><E4/><V129/><F129/><W60/><G128/><T3/><D3/><U118/><E132/><V134/><F134/><W48/><G62/><T80/><D80/><N who="1" m="49159" /><E118/><V105/><F105/><W74/><G0/><T131/><D131/><U38/><E102/><V7/><F100/><W112/><G112/><N who="0" m="43083" /><D53/><U65/><E38/><V54/><F7/><W58/><G71/><T67/><D67/><U57/><E65/><V90/><F66/><W18/><G6/><T110/><D110/><N who="1" m="41995" /><E57/><V117/><F117/><W56/><G56/><T21/><D21/><U78/><E78/><V9/><F79/><W76/><REACH who="3" step="1"/><G94/><AGARI ba="0,0" hai="39,40,44,47,50,52,93,94,98,103,107" m="43083" machi="94" ten="30,8000,1" yaku="11,1,52,3,54,1" doraHai="108" who="0" fromWho="3" sc="300,80,185,0,343,0,172,-80" owari="380,48.0,185,-21.0,343,14.0,92,-41.0" /></mjloggm>