<mjloggm ver="2.3"><GO type="97" lobby="0"/><UN n0="%E3%83%99%E3%82%A2%E3%83%88%E3%83%AA%E3%83%BC%E3%83%81%E3%82%A7" n1="%E3%83%88%E3%83%88%E3%83%AA%E5%85%88%E7%94%9F%31%39%E6%AD%B3" n2="%72%69%6B%61%72%69%6E" n3="%77%61%6B%75%74%69%6E" dan="13,14,14,14" rate="1834.77,2033.10,1872.14,1885.39" sx="F,F,M,F"/><TAIKYOKU oya="0"/><INIT seed="0,0,0,1,4,10" ten="250,250,250,250" oya="0" hai0="80,41,37,45,120,56,95,34,32,2,91,130,22" hai1="115,51,15,27,31,7,24,126,83,36,109,23,4" hai2="100,73,42,58,70,86,105,121,96,68,93,92,43" hai3="117,98,113,132,0,78,19,112,49,97,5,50,59"/><T66/><D120/><U54/><E36/><V77/><F121/><W69/><G117/><T124/><D2/><U104/><E104/><V127/><F58/><W129/><G69/><T110/><D130/><U107/><E107/><V53/><F53/><W57/><G78/><T116/><D116/><U65/><E109/><V47/><F127/><W82/><G129/><T17/><D124/><U33/><E126/><V28/><F28/><W71/><G71/><T12/><D110/><U81/><E65/><V64/><F42/><W125/><G125/><T39/><D80/><U134/><E134/><V108/><F108/><W67/><G82/><T102/><D102/><U25/><E115/><V88/><F93/><W135/><G19/><T89/><D39/><U87/><E81/><N who="2" m="45231" /><F64/><W13/><G13/><T9/><D9/><N who="1" m="4519" /><E7/><V62/><F62/><W84/><G67/><T35/><REACH who="0" step="1"/><D95/><REACH who="0" ten="240,250,250,250" step="2"/><U119/><E119/><V101/><F101/><W11/><G0/><T6/><D6/><U128/><E128/><V76/><F76/><W38/><G5/><T55/><D55/><U103/><E103/><V123/><F123/><W79/><G38/><AGARI ba="0,1" hai="38,43,47,68,70,86,88,92,96,100,105" m="45231" machi="38" ten="30,2000,0" yaku="24,1,54,1" doraHai="10" who="2" fromWho="3" sc="240,0,250,0,250,30,250,-20" /><INIT seed="1,0,0,1,3,5" ten="240,250,280,230" oya="1" hai0="27,74,7,20,80,19,25,39,78,24,113,124,134" hai1="23,53,104,62,48,103,85,125,101,127,44,119,118" hai2="90,36,122,98,72,130,81,86,84,133,28,69,82" hai3="91,100,42,110,105,131,13,18,93,108,99,37,107"/><U116/><E104/><V11/><F69/><W126/><G126/><N who="1" m="48138" /><E23/><V132/><F36/><W117/><G131/><T47/><D134/><U41/><E85/><V121/><F28/><W106/><G117/><T111/><D124/><U63/><E101/><V17/><F130/><W34/><G34/><T31/><D113/><U55/><E103/><V65/><F65/><W52/><G37/><T32/><D111/><N who="3" m="42537" /><G42/><T94/><D94/><U135/><E135/><N who="2" m="51787" /><F17/><W92/><G52/><AGARI ba="0,0" hai="41,44,48,52,53,55,62,63,116,118,119" m="48138" machi="52" ten="40,12000,1" yaku="18,1,34,2,54,1" doraHai="5" who="1" fromWho="3" sc="240,0,250,120,280,0,230,-120" /><INIT seed="1,1,0,1,0,122" ten="240,370,280,110" oya="1" hai0="111,98,106,55,46,14,115,82,89,110,119,67,9" hai1="21,108,13,77,33,65,75,133,73,59,97,63,102" hai2="105,32,48,79,44,51,57,90,130,64,62,68,114" hai3="8,103,86,96,104,129,72,22,38,4,112,94,54"/><U135/><E33/><V87/><F79/><W52/><G112/><T107/><D115/><U91/><E91/><V109/><F114/><W100/><G38/><T17/><D119/><U6/><E108/><N who="0" m="41513" /><D67/><U95/><E77/><V76/><F76/><W66/><G129/><T24/><D24/><U0/><E0/><V88/><F109/><W99/><G72/><T113/><D113/><U132/><E6/><V23/><F105/><W5/><G66/><T36/><D98/><U84/><E84/><V26/><F32/><W19/><G86/><N who="0" m="50391" /><D55/><U127/><E127/><V11/><F130/><W35/><G35/><T29/><D29/><U25/><E13/><V124/><F124/><W117/><G117/><T131/><D131/><U92/><E92/><V69/><F11/><W81/><G8/><T47/><D47/><U3/><E3/><V60/><F44/><W20/><G99/><T93/><D93/><U80/><E80/><V125/><F125/><W42/><G94/><T101/><D101/><U120/><E120/><V12/><F69/><W116/><G81/><T128/><D128/><U41/><E75/><V1/><F26/><W71/><G103/><T39/><D39/><U15/><E15/><V121/><F1/><W83/><G116/><T134/><D134/><U50/><E73/><V30/><F121/><W18/><G83/><T85/><D85/><U118/><E118/><V37/><F37/><W74/><G74/><T123/><D123/><U40/><E25/><V126/><F126/><W28/><G54/><T7/><D17/><U10/><E132/><V34/><F30/><RYUUKYOKU ba="1,0" sc="240,30,370,-10,280,-10,110,-10" hai0="7,9,14,36,46,106,107" /><INIT seed="2,2,0,5,0,55" ten="270,360,270,100" oya="2" hai0="22,4,83,62,13,42,19,6,84,66,43,32,112" hai1="118,58,15,48,41,124,40,34,109,90,18,54,37" hai2="120,36,49,73,33,25,27,86,5,21,47,133,130" hai3="116,38,29,9,79,111,81,23,24,45,135,106,65"/><V93/><F36/><W82/><G111/><T7/><D112/><U57/><E118/><V50/><F73/><W99/><G116/><T51/><D32/><U1/><E1/><V98/><F120/><W114/><G114/><T59/><D51/><U97/><E34/><V92/><F33/><W85/><G135/><T132/><REACH who="0" step="1"/><D132/><REACH who="0" ten="260,360,270,100" step="2"/><U104/><E48/><V121/><F133/><W101/><G38/><T131/><D131/><U31/><E37/><V17/><F130/><W60/><G60/><T115/><D115/><U128/><E128/><V134/><F121/><W44/><G44/><T96/><D96/><U61/><E97/><V53/><F134/><W64/><G45/><T88/><AGARI ba="2,1" hai="4,6,7,13,19,22,42,43,59,62,66,83,84,88" machi="88" ten="30,8000,1" yaku="1,1,0,1,8,1,52,1,54,1,53,0" doraHai="55" doraHaiUra="70" who="0" fromWho="0" sc="260,96,360,-22,270,-42,100,-22" /><INIT seed="3,0,0,2,1,26" ten="356,338,228,78" oya="3" hai0="68,71,40,116,28,67,105,39,7,73,58,49,46" hai1="111,44,33,4,79,64,113,18,27,95,102,97,59" hai2="75,8,51,60,127,12,86,35,65,77,91,34,109" hai3="128,88,92,101,80,112,121,129,126,0,57,47,98"/><W106/><G112/><T135/><D105/><U11/><E113/><V63/><F77/><W66/><G0/><T62/><D73/><U110/><E79/><V43/><F75/><W50/><G121/><T108/><D7/><U61/><E44/><V117/><F117/><W22/><G126/><T96/><D116/><U122/><E122/><V48/><F127/><W74/><G22/><T2/><D2/><U69/><E59/><V130/><F130/><N who="3" m="50283" /><G57/><T13/><D108/><N who="1" m="41515" /><E18/><V19/><F35/><W115/><G115/><T78/><D135/><U38/><E38/><V53/><F34/><W30/><G66/><T20/><D78/><U14/><E27/><V45/><F109/><W3/><G3/><T84/><D84/><U131/><E131/><V104/><F104/><W89/><G30/><T81/><D81/><U90/><E33/><V103/><F65/><W72/><G72/><T55/><D96/><U125/><E125/><V6/><F103/><W93/><G74/><T94/><D94/><N who="3" m="36457" /><G80/><T17/><D28/><U9/><E9/><V134/><F134/><W41/><AGARI ba="0,0" hai="41,47,50,88,89,98,101,106" m="36457,50283" machi="41" ten="30,3000,0" yaku="19,1,54,1" doraHai="26" who="3" fromWho="3" sc="356,-10,338,-10,228,-10,78,30" /><INIT seed="3,1,0,1,2,73" ten="346,328,218,108" oya="3" hai0="122,47,60,97,103,127,83,48,31,0,9,125,132" hai1="94,86,95,71,32,58,38,109,1,41,30,27,133" hai2="44,53,8,67,85,90,89,62,63,100,75,20,23" hai3="7,112,81,121,82,28,36,19,10,4,78,11,99"/><W39/><G112/><T34/><D122/><U118/><E71/><V26/><F75/><W77/><G121/><T110/><D132/><U3/><E133/><V68/><F100/><W21/><G28/><T135/><D135/><U76/><E109/><V35/><F35/><W61/><G61/><T55/><D110/><U117/><E58/><V106/><F106/><W56/><G56/><T57/><D34/><U115/><E115/><V49/><F8/><N who="3" m="3115" /><G19/><T104/><D31/><U111/><E111/><V66/><F26/><W134/><G99/><T124/><D0/><N who="1" m="75" /><E41/><V24/><F63/><W64/><G21/><T37/><D9/><U33/><E38/><N who="3" m="14378" /><G64/><N who="0" m="38927" /><D37/><U102/><E102/><V42/><F66/><W74/><G134/><T59/><D83/><N who="3" m="31753" /><G74/><T16/><D16/><U101/><E101/><V131/><F24/><W126/><G126/><T128/><D128/><U113/><E113/><V17/><F42/><W107/><G107/><T51/><D51/><U50/><E50/><V13/><F131/><W69/><G69/><T18/><D18/><U5/><E33/><V45/><F23/><W96/><G96/><T40/><D59/><U65/><E65/><V130/><F130/><W54/><G54/><AGARI ba="1,0" hai="40,47,48,54,55,97,103,104,124,125,127" m="38927" machi="54" ten="30,1000,0" yaku="18,1" doraHai="73" who="0" fromWho="3" sc="346,13,328,0,218,0,108,-13" owari="359,45.0,328,13.0,218,-18.0,95,-40.0" /></mjloggm>