<mjloggm ver="2.3"><GO type="193" lobby="0"/><UN n0="%E3%83%88%E3%83%88%E3%83%AA%E5%85%88%E7%94%9F%31%39%E6%AD%B3" n1="%79%61%6D%65%74%61%72%61" n2="%E3%81%8A%E3%81%A3%E3%81%B1%E3%81%84%E3%83%90%E3%83%BC%E3%82%B9%E3%83%88" n3="%E3%81%AC%E3%81%BE%E3%81%A1%E3%81%A1%E3%81%B6" dan="5,11,12,12" rate="1668.05,1607.58,1732.28,1736.77" sx="F,M,M,M"/><TAIKYOKU oya="0"/><INIT seed="0,0,0,1,4,95" ten="250,250,250,250" oya="0" hai0="81,121,113,133,36,6,69,8,124,70,107,108,103" hai1="131,63,83,55,93,66,47,78,19,73,67,115,80" hai2="7,54,41,104,91,34,111,14,39,64,120,16,45" hai3="30,102,129,28,77,61,27,128,53,32,59,135,3"/><T119/><RYUUKYOKU type="yao9" ba="0,0" sc="250,0,250,0,250,0,250,0" hai0="6,8,36,69,70,81,103,107,108,113,119,121,124,133" /><INIT seed="0,1,0,2,0,97" ten="250,250,250,250" oya="0" hai0="72,9,116,24,70,67,92,33,101,91,88,48,45" hai1="42,1,12,126,3,75,7,68,123,56,81,37,11" hai2="118,100,47,86,102,108,84,26,89,63,78,111,5" hai3="60,4,104,115,30,82,50,55,122,83,10,21,71"/><T114/><D114/><U8/><E123/><V13/><F118/><W107/><G122/><T79/><D116/><U2/><E126/><V103/><F63/><W32/><G115/><T106/><D106/><U44/><E56/><V110/><F47/><W38/><G32/><T40/><D70/><U133/><E133/><V18/><F26/><W130/><G30/><T135/><D135/><U39/><E39/><V65/><F65/><W20/><G71/><T54/><D67/><U41/><E41/><V129/><F129/><W14/><G38/><T19/><D72/><U27/><E27/><V66/><F66/><W131/><G60/><T76/><D33/><U23/><E23/><N who="3" m="8778" /><G104/><T121/><D121/><U113/><E68/><V109/><N who="2" m="27648" /><DORA hai="17" /><V15/><F78/><N who="0" m="29738" /><D24/><U112/><E8/><N who="2" m="4239" /><F89/><N who="0" m="34378" /><D19/><U53/><E53/><V105/><F105/><W52/><G107/><T0/><D0/><U96/><E96/><V134/><F134/><W31/><G31/><T87/><D9/><AGARI ba="1,0" hai="9,15,18,84,86,100,102,103" m="4239,27648" machi="9" ten="60,8000,1" yaku="14,1,52,3" doraHai="97,17" who="2" fromWho="0" sc="250,-83,250,0,250,83,250,0" /><INIT seed="1,0,0,2,3,86" ten="167,250,333,250" oya="1" hai0="40,9,64,82,5,10,18,23,45,35,4,37,63" hai1="130,102,81,3,80,31,116,7,56,114,62,71,50" hai2="38,6,90,41,104,1,99,79,14,95,76,67,51" hai3="48,53,73,103,15,85,61,77,22,112,132,106,43"/><U52/><E116/><V129/><F38/><W70/><G112/><T54/><D35/><U84/><E114/><V108/><F108/><W122/><G122/><T78/><D54/><U110/><E110/><V127/><F1/><W59/><G132/><T25/><D9/><U128/><E71/><V30/><F30/><W100/><G73/><T36/><D36/><U46/><E102/><V65/><F129/><N who="1" m="49769" /><E3/><V34/><F34/><W97/><G70/><T72/><REACH who="0" step="1"/><D10/><REACH who="0" ten="157,250,333,250" step="2"/><U17/><E7/><V74/><F127/><W111/><G111/><T107/><D107/><U29/><E17/><V26/><F6/><W91/><G77/><T60/><D60/><U135/><E135/><V20/><F74/><W2/><G2/><T123/><D123/><U27/><E27/><V118/><F118/><W121/><G121/><T92/><D92/><U39/><E39/><V66/><F104/><W125/><G125/><T105/><D105/><U11/><E11/><V98/><F14/><W87/><G43/><T133/><D133/><U47/><E47/><N who="2" m="26095" /><F99/><W126/><G126/><T109/><D109/><U44/><E44/><V120/><F120/><W117/><G117/><T131/><D131/><U83/><E84/><N who="3" m="32330" /><G106/><T119/><D119/><U49/><E49/><V89/><F26/><W33/><G33/><T8/><D8/><U88/><E88/><N who="2" m="55655" /><F20/><W13/><G61/><T32/><D32/><U134/><E134/><V69/><F69/><AGARI ba="0,1" hai="4,5,18,23,25,37,40,45,63,64,69,72,78,82" machi="69" ten="30,3900,0" yaku="1,1,7,1,53,1" doraHai="86" doraHaiUra="16" who="0" fromWho="2" sc="157,49,250,0,333,-39,250,0" /><INIT seed="2,0,0,5,1,75" ten="206,250,294,250" oya="2" hai0="59,36,78,53,91,50,2,40,65,86,46,12,33" hai1="47,51,16,62,61,42,8,81,10,13,88,30,74" hai2="56,98,105,35,76,45,93,110,4,54,100,133,43" hai3="29,22,77,132,119,84,99,52,94,3,92,129,6"/><V116/><F116/><W14/><G119/><T87/><D33/><U121/><E121/><V5/><F35/><W97/><G129/><T38/><D2/><U15/><E30/><V122/><F122/><W101/><G3/><T31/><D31/><U117/><E117/><V111/><F133/><W114/><G132/><T125/><D125/><U89/><E74/><V106/><F76/><W126/><G114/><T26/><D26/><U96/><E96/><V108/><F5/><W58/><G126/><T102/><D102/><U127/><E127/><V70/><F4/><W71/><G71/><T112/><D112/><U123/><E123/><V118/><F70/><W68/><G68/><T24/><D24/><U17/><E81/><V7/><F7/><W103/><G29/><T9/><D65/><U32/><E32/><V48/><REACH who="2" step="1"/><F118/><REACH who="2" ten="206,250,284,250" step="2"/><W72/><G6/><T20/><D78/><U1/><E1/><V25/><F25/><W64/><G77/><T82/><D12/><U90/><AGARI ba="0,1" hai="8,10,13,15,16,17,42,47,51,61,62,88,89,90" machi="90" ten="30,8000,1" yaku="0,1,9,1,8,1,54,2" doraHai="75" who="1" fromWho="1" sc="206,-20,250,90,284,-40,250,-20" /><INIT seed="3,0,0,4,2,93" ten="186,340,244,230" oya="3" hai0="87,96,12,110,44,55,14,34,56,28,35,78,101" hai1="91,82,46,121,25,26,95,39,27,112,100,102,54" hai2="31,19,67,5,21,131,29,104,125,89,85,135,32" hai3="10,118,23,94,79,126,16,90,83,49,130,73,33"/><W52/><G118/><T40/><D110/><U111/><E121/><V45/><F104/><W0/><G126/><T58/><D78/><U123/><E123/><V1/><F125/><W60/><G33/><T119/><D119/><U50/><E112/><V76/><F76/><W59/><G130/><T6/><D87/><N who="1" m="50679" /><E39/><V88/><F67/><W57/><G0/><T120/><D120/><U124/><E124/><V127/><F127/><W66/><G10/><T115/><D115/><U75/><E75/><V92/><F32/><W114/><G114/><T97/><D34/><U38/><E38/><V20/><F131/><W69/><G69/><T116/><D116/><U105/><E105/><V103/><F103/><N who="1" m="39465" /><E111/><V63/><F63/><W132/><G132/><T8/><D101/><U72/><E72/><V47/><F135/><W7/><G7/><T41/><D14/><U15/><E15/><N who="2" m="9343" /><F21/><W74/><G74/><T65/><D28/><N who="2" m="10826" /><F1/><W134/><G134/><T128/><D35/><U3/><E3/><V70/><F5/><W98/><G23/><T22/><D22/><U106/><E106/><V84/><F70/><W113/><G113/><T30/><D30/><U80/><E80/><AGARI ba="0,0" hai="45,47,80,84,85,88,89,92" m="10826,9343" machi="80" ten="30,2000,0" yaku="8,1,54,1" doraHai="93" who="2" fromWho="1" sc="186,0,340,-20,244,20,230,0" owari="186,-31.0,320,42.0,264,6.0,230,-17.0" /></mjloggm>