<mjloggm ver="2.3"><GO type="97" lobby="0"/><UN n0="%E3%83%84%E3%83%8E%E3%82%AB%E3%83%8E%E2%85%A1" n1="%6A%75%6D%70%65%72%54" n2="%E5%B0%B1%E6%B4%BB%E7%94%9F%40%E5%B7%9D%E6%9D%91%E8%BB%8D%E5%9B%A3" n3="%E6%A5%A1%E5%AE%B6%E3%81%AE%E3%81%8A%E9%BE%8D" dan="14,13,15,14" rate="1921.08,1897.12,2004.04,1878.90" sx="F,M,M,M"/><TAIKYOKU oya="0"/><INIT seed="0,0,0,1,0,19" ten="250,250,250,250" oya="0" hai0="31,117,86,38,102,27,83,73,34,68,123,25,30" hai1="129,10,45,62,127,116,47,67,55,60,132,76,97" hai2="54,101,130,44,46,80,91,94,3,128,107,134,96" hai3="119,81,108,124,24,69,133,105,87,75,98,71,15"/><T103/><D117/><U126/><E76/><V4/><F134/><W66/><G133/><T64/><D73/><U61/><E132/><V5/><F80/><W49/><G124/><N who="1" m="47658" /><E10/><V0/><F0/><W77/><G108/><T109/><D123/><U84/><E84/><V6/><F3/><W43/><G119/><T12/><D38/><U35/><E97/><V9/><F9/><W48/><G15/><T28/><D109/><U53/><E35/><V57/><F107/><W74/><G74/><T122/><D122/><U32/><E32/><V89/><F44/><N who="1" m="16969" /><E116/><V29/><F46/><W115/><G43/><T104/><D30/><U72/><E72/><V51/><REACH who="2" step="1"/><F29/><REACH who="2" ten="250,250,240,250" step="2"/><W1/><G1/><T14/><D104/><U23/><E23/><V40/><F40/><W88/><G105/><T50/><D83/><U100/><E100/><V37/><F37/><W125/><G125/><T79/><D34/><U36/><E36/><V42/><F42/><W114/><G81/><T56/><D103/><U7/><E7/><V13/><F13/><W120/><G120/><T90/><D102/><U58/><E129/><AGARI ba="0,1" hai="4,5,6,51,54,57,89,91,94,96,101,128,129,130" machi="129" ten="40,2600,0" yaku="1,1,19,1,53,0" doraHai="19" doraHaiUra="63" who="2" fromWho="1" sc="250,0,250,-26,240,36,250,0" /><INIT seed="1,0,0,1,0,121" ten="250,224,276,250" oya="1" hai0="75,100,17,41,45,118,35,42,96,115,7,60,71" hai1="88,62,94,135,0,68,13,24,125,27,36,112,74" hai2="63,2,99,129,43,30,81,106,19,70,126,22,113" hai3="130,29,34,122,119,79,52,93,37,18,132,73,83"/><U21/><E0/><V85/><F2/><W124/><G122/><T9/><D115/><U25/><E112/><V55/><F113/><W32/><G124/><T15/><D118/><U67/><E74/><V16/><F126/><W86/><G130/><T53/><D75/><U23/><E125/><V92/><F106/><W49/><G37/><T10/><D35/><U66/><E36/><V47/><F129/><W11/><G29/><T38/><D38/><U128/><E135/><V91/><F30/><W20/><G132/><T31/><D31/><U26/><E128/><V84/><F70/><W104/><G104/><T107/><D71/><U82/><E82/><V80/><F43/><W111/><G119/><T69/><D69/><U77/><E77/><V116/><F116/><W56/><G11/><T114/><D114/><U98/><E67/><V103/><F22/><W8/><G8/><T87/><D87/><U72/><E72/><V109/><F109/><W28/><G28/><T12/><REACH who="0" step="1"/><D45/><REACH who="0" ten="240,224,276,250" step="2"/><U89/><E13/><V61/><F84/><W48/><G34/><T110/><D110/><U40/><E40/><V1/><F81/><W97/><G32/><T64/><D64/><U59/><E68/><V4/><F47/><W76/><G111/><T102/><D102/><N who="1" m="60759" /><E21/><V101/><F101/><W58/><G73/><T134/><D134/><U3/><E3/><V90/><F1/><W105/><G76/><T120/><D120/><U6/><E6/><V51/><F4/><W65/><G65/><T133/><D133/><U14/><E14/><V78/><F78/><W46/><G79/><RYUUKYOKU ba="0,1" sc="240,15,224,15,276,-15,250,-15" hai0="7,9,10,12,15,17,41,42,53,60,96,100,107" hai1="23,24,25,26,27,59,62,66,88,89" /><INIT seed="1,1,1,0,2,120" ten="255,239,261,235" oya="1" hai0="94,79,96,54,100,115,10,18,74,83,40,65,33" hai1="31,132,24,9,53,102,117,113,51,82,61,27,99" hai2="93,17,58,19,23,20,116,6,84,36,92,101,88" hai3="57,78,121,81,66,50,106,98,7,12,45,109,52"/><U128/><E117/><V15/><F36/><W118/><G118/><T112/><D33/><U122/><E113/><V89/><F116/><W55/><G121/><T63/><D40/><U11/><E122/><V72/><F72/><W135/><G135/><T64/><D64/><U42/><E132/><V70/><F70/><W87/><G106/><T5/><D54/><U86/><E128/><V29/><F29/><W44/><G98/><T30/><D30/><U90/><E61/><V48/><F6/><W108/><G66/><T39/><D18/><U13/><E42/><V41/><F101/><W91/><G78/><T60/><D39/><U4/><E11/><V25/><F41/><W34/><G34/><T127/><D127/><U71/><E31/><V21/><F21/><W103/><G103/><T69/><REACH who="0" step="1"/><D63/><REACH who="0" ten="245,239,261,235" step="2"/><U56/><REACH who="1" step="1"/><E71/><REACH who="1" ten="245,229,261,235" step="2"/><V129/><F129/><W97/><G55/><T47/><D47/><U38/><E38/><V111/><F58/><W26/><G45/><T131/><D131/><U126/><E126/><V133/><F133/><W105/><G44/><T130/><D130/><U104/><AGARI ba="1,3" hai="4,9,13,24,27,51,53,56,82,86,90,99,102,104" machi="104" ten="20,3900,0" yaku="1,1,0,1,7,1,53,0" doraHai="120" doraHaiUra="125" who="1" fromWho="1" sc="245,-14,229,72,261,-14,235,-14" /><INIT seed="1,2,0,4,2,14" ten="231,301,247,221" oya="1" hai0="83,6,58,50,25,8,128,107,24,80,60,15,17" hai1="74,62,99,66,127,37,115,44,0,20,64,126,101" hai2="111,9,73,54,1,10,2,124,91,34,76,90,67" hai3="18,22,77,102,117,87,56,129,95,134,57,30,131"/><U3/><E74/><V82/><F34/><W55/><G134/><T97/><D128/><U7/><E115/><V4/><F124/><N who="1" m="47657" /><E7/><V110/><F67/><N who="1" m="25641" /><E62/><V132/><F132/><W113/><G113/><T92/><D107/><N who="1" m="63935" /><E20/><V93/><F54/><W11/><G117/><T89/><D6/><U47/><E37/><V120/><F120/><W94/><G131/><T84/><D50/><U36/><E36/><V122/><F122/><W72/><G72/><T85/><D85/><U45/><AGARI ba="2,0" hai="0,3,44,45,47" m="63935,25641,47657" machi="45" ten="40,2100,0" yaku="18,1" doraHai="14" who="1" fromWho="1" sc="231,-9,301,27,247,-9,221,-9" /><INIT seed="1,3,0,5,5,32" ten="222,328,238,212" oya="1" hai0="122,33,86,109,28,118,129,30,41,62,31,21,92" hai1="17,132,2,52,127,19,67,78,3,43,49,51,133" hai2="130,8,90,108,125,91,94,22,26,23,29,58,126" hai3="82,65,117,87,93,119,36,95,0,113,35,48,13"/><U131/><E78/><V102/><F130/><W47/><G35/><T134/><D118/><U45/><E67/><V46/><F108/><W14/><G113/><T61/><D109/><U75/><E75/><V42/><F23/><W27/><G36/><T54/><D129/><U71/><E71/><V57/><F102/><W53/><G27/><T110/><D110/><U56/><E131/><V100/><F100/><W6/><G65/><T98/><D33/><U104/><E104/><V103/><F103/><W16/><G14/><T10/><D134/><N who="1" m="51819" /><E127/><N who="2" m="48651" /><F8/><N who="3" m="6183" /><G95/><T9/><D122/><U120/><E120/><V114/><F114/><W84/><G93/><T1/><D41/><U116/><E116/><N who="3" m="44618" /><G82/><T70/><D70/><U20/><E19/><V18/><F18/><W124/><G124/><T7/><D10/><AGARI ba="3,0" hai="0,6,10,47,48,53,84,87" m="44618,6183" machi="10" ten="30,3900,0" yaku="12,1,52,1,54,1" doraHai="32" who="3" fromWho="0" sc="222,-48,328,0,238,0,212,48" /><INIT seed="2,0,0,0,3,20" ten="174,328,238,260" oya="2" hai0="135,86,95,131,117,93,71,51,94,1,87,96,6" hai1="46,104,70,92,132,37,84,10,81,75,53,99,115" hai2="15,35,30,65,48,45,124,74,43,68,16,11,73" hai3="89,2,69,118,101,119,22,121,98,32,109,18,50"/><V23/><F35/><W8/><G109/><T82/><D131/><U9/><E70/><V113/><F113/><W63/><G121/><T25/><D135/><U28/><E115/><V29/><F124/><W17/><G32/><T24/><D71/><U52/><E132/><V103/><F103/><W80/><G119/><T55/><D117/><U21/><E104/><V42/><F42/><W7/><G118/><T100/><D6/><U72/><E75/><V64/><F30/><W56/><G80/><T127/><D1/><U125/><E72/><V61/><REACH who="2" step="1"/><F64/><REACH who="2" ten="174,328,228,260" step="2"/><W34/><G34/><T19/><D127/><U13/><E125/><V105/><F105/><W97/><G101/><T38/><D38/><U129/><E37/><V44/><F44/><W59/><G69/><T88/><D100/><N who="1" m="60519" /><E46/><V47/><F47/><W90/><G59/><N who="0" m="33279" /><D19/><N who="1" m="8623" /><E129/><V108/><F108/><W76/><G18/><T111/><D111/><U123/><E123/><V128/><F128/><W12/><G50/><T107/><D107/><U54/><E54/><V110/><F110/><W67/><G76/><N who="0" m="46407" /><D96/><U91/><E10/><V5/><F5/><W60/><G98/><T102/><D102/><U33/><E33/><V116/><F116/><W79/><G79/><T77/><D77/><U58/><E58/><V3/><F3/><W40/><G40/><T49/><D49/><U39/><E39/><V112/><F112/><W62/><G97/><T41/><D41/><U31/><E31/><V83/><F83/><AGARI ba="0,1" hai="24,25,83,87,88,93,94,95" m="46407,33279" machi="83" ten="30,7700,0" yaku="8,1,52,2,54,1" doraHai="20" who="0" fromWho="2" sc="174,87,328,0,228,-77,260,0" /><INIT seed="3,0,0,5,1,26" ten="261,328,151,260" oya="3" hai0="45,44,73,83,7,90,104,34,5,21,88,22,27" hai1="39,117,49,129,33,17,64,86,19,125,95,98,55" hai2="11,122,72,99,81,2,130,38,107,77,131,61,115" hai3="134,31,40,120,18,91,54,59,116,42,67,71,110"/><W60/><G120/><T6/><D104/><U25/><E39/><V3/><F115/><W132/><G116/><T48/><D73/><U36/><E117/><V9/><F122/><W78/><G78/><T127/><D127/><U30/><E36/><V46/><F61/><N who="3" m="40431" /><G18/><T105/><D105/><U14/><E125/><V108/><F108/><W112/><G112/><T94/><D34/><U121/><E121/><V12/><F12/><W119/><G91/><T124/><D124/><U0/><E0/><V85/><F85/><W56/><G31/><T37/><D37/><U89/><E129/><V92/><F9/><W109/><G119/><T70/><D70/><U24/><E64/><V13/><F13/><W93/><G93/><T80/><D5/><U114/><E114/><V63/><F63/><N who="3" m="36247" /><G42/><T103/><D94/><U57/><E25/><V66/><F66/><N who="3" m="39199" /><G40/><T123/><D123/><U76/><E14/><V62/><F62/><W68/><G68/><T10/><D27/><U15/><E15/><V51/><F51/><W82/><G82/><T41/><D41/><U106/><E106/><V28/><F28/><W1/><G1/><T101/><D10/><U50/><E76/><V4/><F2/><W79/><G79/><T35/><D35/><U126/><E126/><V65/><F65/><W100/><G100/><T8/><D8/><U29/><E29/><V32/><F32/><W58/><G58/><T43/><D43/><U53/><E86/><V84/><F84/><W52/><G52/><T135/><D48/><U20/><E33/><V118/><F118/><W75/><G75/><RYUUKYOKU ba="0,0" sc="261,10,328,10,151,-30,260,10" hai0="6,7,21,22,44,45,80,83,88,90,101,103,135" hai1="17,19,20,24,30,49,50,53,55,57,89,95,98" hai3="109,110,132,134" /><INIT seed="3,1,0,2,0,99" ten="271,338,121,270" oya="3" hai0="42,36,72,66,107,68,6,88,122,128,123,81,70" hai1="58,47,134,16,124,120,60,8,40,5,101,75,116" hai2="130,26,133,12,33,52,86,104,54,9,41,31,32" hai3="126,82,57,19,89,38,51,106,37,35,20,84,28"/><W4/><G126/><T111/><D111/><U27/><E124/><V59/><F130/><W10/><G106/><T71/><D128/><U115/><E120/><V91/><F133/><W53/><G35/><T132/><D132/><U13/><E75/><V121/><F104/><W67/><G67/><T45/><D6/><U3/><E115/><V17/><F121/><W97/><G97/><T77/><D66/><U127/><E127/><V80/><F41/><W73/><G73/><T103/><D88/><U65/><E116/><V34/><F54/><W96/><G96/><AGARI ba="1,0" hai="36,42,45,68,70,71,72,77,81,96,103,107,122,123" machi="96" ten="40,5200,0" yaku="23,2,52,1" doraHai="99" who="0" fromWho="3" sc="271,55,338,0,121,0,270,-55" owari="326,13.0,338,43.0,121,-38.0,215,-18.0" /></mjloggm>