<mjloggm ver="2.3"><GO type="169" lobby="0"/><UN n0="%63%6F%61" n1="%E3%81%BB%E3%82%8A%E3%81%88%E3%82%82%E3%82%93" n2="%E5%B0%B1%E6%B4%BB%E7%94%9F%40%E5%B7%9D%E6%9D%91%E8%BB%8D%E5%9B%A3" n3="%E9%9B%80%E9%BE%8D%E9%96%80%5F%59%75%74%69" dan="16,16,16,18" rate="2148.49,2098.58,2081.86,2277.71" sx="M,M,M,M"/><TAIKYOKU oya="0"/><INIT seed="0,0,0,0,3,131" ten="250,250,250,250" oya="0" hai0="22,125,42,2,134,0,37,55,5,57,9,93,47" hai1="82,19,41,29,15,39,128,13,46,86,88,89,135" hai2="12,24,60,81,67,75,132,91,84,40,59,76,129" hai3="45,106,101,120,21,85,38,35,43,73,122,108,69"/><T17/><D125/><U97/><E128/><V103/><F129/><W118/><G108/><T70/><D70/><U48/><E39/><V10/><F103/><W49/><G118/><T127/><D127/><U74/><E74/><V96/><F96/><W56/><G35/><T18/><D134/><U109/><E109/><V6/><F40/><W99/><G73/><T44/><D44/><U32/><E135/><V1/><F132/><W3/><G3/><T124/><D124/><U31/><E32/><V33/><F33/><W27/><G69/><T36/><D36/><U87/><E97/><V110/><F110/><W111/><G111/><T133/><D133/><U102/><E102/><V68/><F24/><W77/><G77/><T130/><D130/><U117/><E13/><V63/><F1/><W95/><G56/><T54/><D2/><U53/><E41/><V50/><F50/><W61/><G61/><T92/><D18/><U72/><E72/><V28/><F28/><W115/><G115/><T100/><D100/><U104/><E104/><V90/><REACH who="2" step="1"/><F75/><REACH who="2" ten="250,250,240,250" step="2"/><W58/><G49/><N who="0" m="29119" /><D42/><U78/><E117/><V98/><F98/><W80/><G106/><T126/><D126/><U25/><E25/><V83/><F83/><W116/><G116/><T112/><D37/><U16/><E31/><V52/><AGARI ba="0,1" hai="6,10,12,52,59,60,63,67,68,76,81,84,90,91" machi="52" ten="20,5200,0" yaku="1,1,0,1,7,1,54,1,53,0" doraHai="131" doraHaiUra="26" who="2" fromWho="2" sc="250,-26,250,-13,240,62,250,-13" /><INIT seed="1,0,0,5,3,84" ten="224,237,302,237" oya="1" hai0="9,54,85,36,71,48,120,112,34,76,63,13,73" hai1="72,33,119,0,7,21,2,82,5,26,32,79,57" hai2="39,44,3,61,134,37,11,78,115,129,4,96,123" hai3="66,116,77,132,14,94,10,52,121,81,15,22,41"/><U89/><E119/><V125/><F123/><W51/><G132/><T59/><D112/><U106/><E106/><V24/><F134/><W111/><G111/><T100/><D34/><N who="1" m="13419" /><E89/><V35/><F125/><W28/><G121/><T40/><D120/><U1/><E57/><V50/><F129/><W87/><G116/><T90/><D100/><U60/><E60/><V83/><F115/><W101/><G66/><T69/><D73/><U65/><E65/><V58/><F96/><W23/><G41/><T8/><D8/><U118/><E82/><V97/><F24/><N who="3" m="16407" /><G23/><T27/><D27/><U93/><E93/><V30/><F30/><W105/><G10/><T92/><D76/><U110/><E79/><V117/><F35/><W12/><G105/><T31/><D31/><N who="1" m="17871" /><E72/><V49/><F97/><N who="3" m="59575" /><G15/><T56/><D36/><U29/><E118/><V124/><F124/><W47/><AGARI ba="0,0" hai="12,14,47,51,52,77,81,87" m="59575,16407" machi="47" ten="30,2000,0" yaku="8,1,54,1" doraHai="84" who="3" fromWho="3" sc="224,-5,237,-10,302,-5,237,20" /><INIT seed="2,0,0,2,0,68" ten="219,227,297,257" oya="2" hai0="64,70,103,134,37,59,75,41,23,122,71,54,110" hai1="125,108,90,16,35,79,49,124,91,66,87,85,113" hai2="119,123,135,3,20,109,88,99,77,65,52,39,44" hai3="18,8,56,86,22,72,55,128,48,73,67,126,81"/><V25/><F119/><W78/><G128/><T46/><D75/><U74/><E35/><V34/><F123/><W60/><G126/><N who="1" m="48746" /><E66/><V50/><F3/><W51/><G8/><T112/><D122/><U0/><E0/><V105/><F135/><W97/><G97/><T27/><D112/><U36/><E113/><V115/><F34/><W132/><G48/><T107/><D134/><U62/><E62/><V26/><F115/><W6/><G6/><T30/><D110/><U42/><E49/><V7/><F7/><W40/><G40/><T84/><D84/><N who="1" m="32331" /><E108/><V98/><F65/><W116/><G116/><T120/><D120/><U1/><E74/><V104/><F77/><W133/><G133/><T14/><D64/><U101/><E101/><V11/><F11/><W13/><REACH who="3" step="1"/><G132/><REACH who="3" ten="219,227,297,247" step="2"/><T15/><D103/><U129/><E129/><V93/><F99/><W127/><G127/><T96/><D96/><U21/><E79/><V121/><F121/><W130/><G130/><T100/><D100/><U83/><E1/><V95/><F98/><W92/><G92/><T38/><D107/><U5/><E5/><V9/><F105/><W12/><G12/><T17/><D15/><N who="1" m="9375" /><E83/><V118/><F104/><W47/><AGARI ba="0,1" hai="13,18,22,47,51,55,56,60,67,72,73,78,81,86" machi="47" ten="20,5200,0" yaku="1,1,0,1,7,1,53,1" doraHai="68" doraHaiUra="19" who="3" fromWho="3" sc="219,-13,227,-13,297,-26,247,62" /><INIT seed="3,0,0,0,4,39" ten="206,214,271,309" oya="3" hai0="131,91,54,36,26,64,14,53,49,11,31,24,46" hai1="4,123,1,94,41,27,5,6,12,127,83,25,109" hai2="65,85,8,106,19,80,32,110,40,133,13,135,107" hai3="22,89,17,70,60,69,134,87,84,29,113,20,3"/><W57/><G134/><N who="2" m="51209" /><F32/><W63/><G113/><T79/><D131/><U97/><E123/><V73/><F73/><W112/><G112/><T50/><D36/><U48/><E127/><V118/><F118/><W104/><G104/><N who="2" m="39977" /><F65/><W33/><G3/><T42/><D64/><U62/><E1/><V125/><F125/><W16/><G33/><T72/><D79/><U116/><E116/><V56/><F56/><W10/><G57/><T88/><D72/><U0/><E0/><V61/><F61/><W38/><G38/><T103/><D103/><U98/><E62/><V121/><F121/><W58/><G58/><N who="0" m="33071" /><D54/><U102/><E109/><V119/><F119/><W115/><G115/><T86/><D31/><U45/><E98/><V101/><F101/><W130/><G29/><T81/><D91/><U37/><E37/><V55/><F55/><W124/><G89/><T100/><D100/><U51/><E51/><V59/><F59/><W93/><G124/><T128/><D128/><U132/><E132/><V18/><F110/><W78/><G130/><T23/><D23/><U2/><E2/><V95/><F95/><W77/><G10/><T108/><D108/><U117/><E117/><V105/><F105/><W68/><G70/><T21/><D21/><U122/><E122/><V111/><F111/><W67/><G67/><T82/><D82/><U28/><E83/><V44/><F85/><W15/><G93/><T90/><D90/><U43/><E94/><V92/><F92/><W35/><G35/><T71/><D71/><U52/><E102/><V76/><F80/><W129/><G129/><RYUUKYOKU ba="0,0" sc="206,15,214,-15,271,-15,309,15" hai0="11,14,24,26,42,46,50,81,86,88" hai3="15,16,17,20,22,60,63,68,69,77,78,84,87" /><INIT seed="3,1,0,3,2,107" ten="221,199,256,324" oya="3" hai0="127,68,12,130,105,20,122,97,57,60,0,75,46" hai1="87,133,74,125,84,67,41,89,109,123,34,101,23" hai2="80,15,61,69,27,42,44,126,13,86,51,72,28" hai3="21,4,124,62,112,35,116,98,76,30,11,1,82"/><W14/><G124/><T81/><D122/><U121/><E41/><V88/><F126/><W132/><G132/><T102/><D0/><U22/><E67/><V17/><F17/><W37/><G116/><T113/><D127/><U91/><E125/><V9/><F9/><W111/><G112/><T58/><D113/><U71/><E101/><V70/><F72/><W16/><G37/><T78/><D130/><U119/><E34/><V100/><F100/><W73/><G111/><T134/><D134/><U33/><E33/><V128/><F128/><W7/><G62/><T94/><D46/><U6/><E133/><V117/><F117/><W40/><G40/><T59/><D68/><U63/><E63/><V47/><F44/><W26/><G7/><T103/><D103/><U19/><E19/><V29/><F29/><W45/><G45/><T24/><D12/><U96/><E119/><V95/><F70/><W8/><G11/><T31/><REACH who="0" step="1"/><D105/><REACH who="0" ten="211,199,256,324" step="2"/><U64/><E71/><V2/><F2/><W66/><REACH who="3" step="1"/><G98/><REACH who="3" ten="211,199,256,314" step="2"/><T108/><D108/><U79/><E96/><V5/><F69/><W53/><G53/><AGARI ba="1,2" hai="20,24,31,53,57,58,59,60,75,78,81,94,97,102" machi="53" ten="30,3900,0" yaku="1,1,7,1,52,1,53,0" doraHai="107" doraHaiUra="39" who="0" fromWho="3" sc="211,62,199,0,256,0,314,-42" /><INIT seed="4,0,0,5,0,81" ten="273,199,256,272" oya="0" hai0="63,86,60,15,54,123,133,13,129,53,84,124,38" hai1="94,18,14,21,55,119,29,121,25,85,68,58,73" hai2="39,61,102,35,77,107,71,48,64,98,26,59,134" hai3="125,52,112,49,103,109,120,23,62,43,87,75,100"/><T65/><D38/><U74/><E68/><V97/><F134/><W82/><G109/><T19/><D123/><U108/><E119/><V7/><F7/><W11/><G112/><T93/><D133/><U0/><E0/><V89/><F77/><W10/><G125/><T57/><D124/><U6/><E6/><V46/><F97/><W132/><G132/><T78/><D129/><U31/><E121/><V9/><F9/><N who="3" m="3083" /><G75/><T32/><D32/><U127/><E127/><V115/><F115/><W8/><G62/><T116/><D116/><U99/><E108/><V101/><F101/><W12/><G43/><T22/><D78/><U4/><E4/><V135/><F89/><N who="3" m="51447" /><G23/><T34/><D34/><U40/><E40/><V16/><F135/><W126/><G126/><T1/><D1/><U27/><E74/><V90/><F90/><W114/><G114/><T17/><D93/><U37/><E37/><V66/><F66/><W88/><G88/><T47/><D47/><U36/><E36/><V41/><F35/><W110/><G110/><T67/><D22/><U80/><E73/><V70/><F39/><W3/><G3/><T20/><D20/><U56/><E94/><V72/><F72/><W131/><G131/><T113/><D113/><U91/><E99/><V106/><F106/><W92/><G92/><T79/><D79/><U45/><E27/><V28/><F28/><N who="1" m="10825" /><E25/><V105/><F105/><W42/><G120/><T128/><D128/><U30/><N who="1" m="10833" /><U130/><DORA hai="118" /><E130/><V95/><F107/><W44/><G42/><T69/><D69/><U50/><AGARI ba="0,0" hai="14,18,21,45,50,55,56,58,80,85,91" m="10833" machi="50" ten="40,5200,0" yaku="5,1,8,1,52,1" doraHai="81,118" who="1" fromWho="1" sc="273,-26,199,52,256,-13,272,-13" /><INIT seed="5,0,0,4,5,4" ten="247,251,243,259" oya="1" hai0="47,63,119,102,120,35,7,97,65,15,67,132,46" hai1="41,8,68,123,60,27,62,131,21,24,74,17,103" hai2="105,133,23,1,77,59,0,44,6,33,117,75,81" hai3="14,80,5,99,34,113,52,108,87,54,115,29,88"/><U28/><E123/><V25/><F117/><W69/><G108/><T125/><D119/><U55/><E74/><V53/><F133/><W42/><G69/><T134/><D35/><U26/><E131/><V50/><F105/><W79/><G42/><T127/><D120/><U84/><E41/><V104/><F104/><W57/><G34/><T118/><D118/><U76/><E103/><V30/><F33/><W101/><G29/><T73/><D73/><U31/><E68/><V78/><F77/><W90/><G54/><T16/><D7/><U93/><E55/><V124/><F124/><N who="0" m="47690" /><D132/><U13/><E21/><V9/><REACH who="2" step="1"/><F44/><REACH who="2" ten="247,251,233,259" step="2"/><W122/><G122/><T39/><D134/><U129/><E76/><V61/><F61/><N who="1" m="23657" /><E129/><V71/><F71/><W43/><G79/><T64/><D63/><U114/><E31/><V83/><F83/><W40/><G80/><T3/><D47/><U37/><E28/><V98/><F98/><W72/><G99/><T82/><D82/><U10/><E93/><V51/><F51/><W130/><G130/><T36/><D46/><U95/><E95/><V91/><F91/><W66/><G90/><T100/><D97/><U96/><E96/><V70/><F70/><W2/><G88/><T121/><D121/><U45/><E45/><V135/><F135/><W18/><G101/><T11/><D102/><U58/><E58/><V38/><F38/><N who="0" m="14378" /><D100/><U112/><E37/><V111/><F111/><W126/><G126/><T109/><D109/><U56/><E56/><V48/><F48/><W89/><G57/><T12/><D67/><U49/><E49/><RYUUKYOKU ba="0,1" sc="247,-10,251,-10,233,30,259,-10" hai2="0,1,6,9,23,25,30,50,53,59,75,78,81" /><INIT seed="6,1,1,5,3,26" ten="237,241,263,249" oya="2" hai0="71,6,122,104,59,43,45,15,28,29,93,9,78" hai1="24,14,20,125,96,84,2,38,117,74,109,83,53" hai2="13,30,19,75,16,118,1,135,47,87,92,55,119" hai3="131,34,57,105,10,126,37,56,48,66,100,90,107"/><V35/><F1/><W17/><G37/><T12/><D71/><U70/><E2/><V101/><F75/><W67/><G34/><T65/><D104/><U81/><E117/><V132/><F47/><W86/><G131/><T80/><D122/><U7/><E70/><V99/><F55/><W95/><G126/><T106/><D106/><U133/><E38/><V41/><F41/><W11/><G105/><T72/><D93/><U32/><E32/><V52/><F52/><N who="3" m="31751" /><G107/><T23/><D23/><U129/><E125/><V108/><F108/><W73/><G73/><T5/><D5/><U27/><E74/><V103/><F103/><W68/><G68/><T76/><D76/><U49/><E109/><V4/><F4/><W46/><G46/><T102/><D102/><U69/><E69/><V22/><F19/><W111/><G111/><T89/><D89/><U82/><E129/><V94/><F118/><W124/><G124/><T62/><D15/><U134/><E7/><V18/><F18/><W77/><G17/><T97/><D97/><U121/><E121/><V60/><F60/><N who="3" m="38159" /><G67/><T130/><D130/><U112/><E14/><V79/><F119/><W50/><G50/><AGARI ba="1,1" hai="6,9,12,28,29,43,45,50,59,62,65,72,78,80" machi="50" ten="30,3900,0" yaku="7,1,52,2" doraHai="26" who="0" fromWho="3" sc="237,52,241,0,263,0,249,-42" /><INIT seed="7,0,0,5,3,107" ten="289,241,263,207" oya="3" hai0="49,64,2,15,104,69,59,57,127,98,119,133,80" hai1="88,70,99,4,34,115,122,50,87,91,11,42,125" hai2="28,43,75,3,120,61,96,12,118,62,134,78,65" hai3="37,8,5,72,22,126,29,13,110,38,131,84,27"/><W52/><G131/><T121/><D2/><U56/><E70/><V101/><F3/><W111/><G126/><T17/><D119/><U16/><E34/><V102/><F118/><W67/><G67/><T54/><D121/><U92/><E122/><V0/><F0/><W20/><G84/><T23/><D127/><U44/><E125/><V103/><F43/><W21/><G52/><T109/><D109/><N who="3" m="41481" /><G72/><T105/><D69/><U89/><E115/><V60/><F134/><W24/><G38/><T45/><D133/><U19/><E56/><V25/><F96/><W90/><G90/><T48/><D98/><U7/><E91/><V71/><F120/><W94/><G37/><T41/><D80/><U108/><E108/><V26/><F78/><W66/><G94/><T46/><D59/><U53/><E42/><V83/><F83/><W86/><G86/><T97/><D97/><U63/><E63/><V123/><F75/><W32/><G66/><T30/><D64/><U6/><E11/><V116/><F116/><W36/><G36/><T35/><D57/><U18/><E4/><V100/><F123/><W129/><G129/><T82/><D82/><AGARI ba="0,0" hai="6,7,16,18,19,44,50,53,82,87,88,89,92,99" machi="82" ten="40,5200,0" yaku="8,1,54,2" doraHai="107" who="1" fromWho="0" sc="289,-52,241,52,263,0,207,0" /><INIT seed="8,0,0,3,5,94" ten="237,293,263,207" oya="0" hai0="95,37,88,123,5,127,66,72,9,112,40,131,87" hai1="0,93,134,108,81,113,52,11,47,38,65,92,35" hai2="105,51,27,67,111,133,60,4,135,85,2,33,44" hai3="13,103,62,10,82,77,97,104,63,43,7,126,49"/><T109/><D123/><U64/><E35/><V57/><F105/><W54/><G126/><T118/><D118/><U31/><E108/><V42/><F111/><W53/><G43/><T90/><D109/><U6/><E31/><V96/><F2/><W132/><G132/><T17/><D72/><U114/><E134/><N who="2" m="51211" /><F4/><W39/><G39/><T30/><D127/><U84/><E65/><V75/><F75/><W117/><G117/><T106/><D106/><U74/><E64/><V55/><F85/><W56/><REACH who="3" step="1"/><G53/><REACH who="3" ten="237,293,263,197" step="2"/><T28/><D40/><N who="1" m="22935" /><E52/><V41/><F33/><W20/><G20/><T101/><D37/><U14/><E113/><V115/><F115/><W107/><G107/><T34/><D112/><U68/><E114/><V99/><F27/><W32/><G32/><T125/><D34/><U59/><E11/><V23/><F23/><W98/><G98/><AGARI ba="0,1" hai="41,42,44,51,55,57,60,67,96,98,99" m="51211" machi="98" ten="30,7700,0" yaku="20,1,52,3" doraHai="94" who="2" fromWho="3" sc="237,0,293,0,263,87,197,-77" owari="237,-16.0,293,9.0,350,45.0,120,-38.0" /></mjloggm>