<mjloggm ver="2.3"><GO type="169" lobby="0"/><UN n0="%E6%A4%8E%E9%87%8E%E3%81%8D%E3%82%89%E3%82%8A" n1="%E3%82%B5%E3%82%A6%E3%83%AA%E3%83%BC" n2="%72%61%64%65%72" n3="%E3%82%A6%E3%83%AB%E3%83%88%E3%83%A9%E7%AB%8B%E7%9B%B4" dan="17,16,16,17" rate="2125.26,2083.24,2086.57,2170.49" sx="F,M,M,M"/><TAIKYOKU oya="0"/><INIT seed="0,0,0,0,3,25" ten="250,250,250,250" oya="0" hai0="26,45,50,71,84,40,46,88,32,3,72,9,70" hai1="34,24,47,12,67,11,1,17,63,49,20,4,69" hai2="55,85,107,100,28,53,119,48,23,83,66,61,7" hai3="13,106,78,98,123,10,36,58,96,27,133,57,2"/><T38/><D72/><U39/><E39/><V125/><F7/><W114/><G2/><T77/><D77/><U129/><E129/><V131/><F119/><W43/><G114/><T30/><D3/><U35/><REACH who="1" step="1"/><E1/><REACH who="1" ten="250,240,250,250" step="2"/><V79/><F131/><W41/><G36/><T18/><D18/><U101/><E101/><V99/><F125/><W93/><G123/><T64/><D64/><U75/><E75/><V115/><F115/><W97/><G133/><T122/><D122/><U120/><E120/><V121/><F121/><W135/><G135/><T112/><D112/><U0/><E0/><V82/><F100/><W118/><G118/><T113/><D113/><U108/><E108/><V90/><F66/><W87/><G106/><T89/><D9/><U92/><E92/><V74/><F107/><W105/><G105/><T103/><D103/><U128/><E128/><V73/><F74/><W134/><G134/><T76/><D76/><U62/><E62/><V44/><F79/><W130/><G130/><T31/><D89/><U110/><E110/><V19/><F73/><W52/><G93/><T56/><D56/><U16/><E16/><V37/><F19/><W116/><G58/><T102/><D102/><U127/><E127/><V42/><F90/><W109/><G109/><T111/><D111/><U126/><E126/><V132/><F132/><W22/><G116/><T80/><D31/><U59/><E59/><V6/><F28/><N who="3" m="17527" /><G57/><T95/><D95/><U21/><E21/><V104/><F104/><W54/><G78/><T8/><D8/><U15/><E15/><V81/><F23/><RYUUKYOKU ba="0,1" sc="250,15,240,15,250,-15,250,-15" hai0="26,30,32,38,40,45,46,50,70,71,80,84,88" hai1="4,11,12,17,20,24,34,35,47,49,63,67,69" /><INIT seed="0,1,1,0,2,95" ten="265,255,235,235" oya="0" hai0="71,88,18,65,56,96,129,9,74,66,116,119,55" hai1="81,39,44,1,46,57,77,89,6,47,67,34,122" hai2="113,62,64,118,21,10,45,11,8,87,82,121,29" hai3="133,90,132,99,51,111,102,35,130,59,135,110,41"/><T20/><D74/><U91/><E122/><V72/><F121/><W43/><G35/><T13/><D129/><U85/><E34/><V104/><F104/><N who="3" m="63583" /><G130/><T16/><D71/><U24/><E39/><V15/><F113/><W42/><G90/><T112/><D112/><U31/><E1/><V86/><F72/><W53/><AGARI ba="1,1" hai="41,42,43,51,53,59,110,111,132,133,135" m="63583" machi="53" ten="40,2700,0" yaku="20,1,52,1" doraHai="95" who="3" fromWho="3" sc="265,-14,255,-8,235,-8,235,40" /><INIT seed="1,0,0,5,0,63" ten="251,247,227,275" oya="1" hai0="127,64,5,54,90,66,77,105,40,71,98,110,78" hai1="61,59,57,52,75,0,124,44,100,93,92,55,84" hai2="123,91,81,34,76,101,39,134,2,80,62,111,87" hai3="30,38,122,102,31,96,50,28,135,13,46,86,107"/><U85/><E124/><V118/><F123/><W74/><G74/><T125/><D71/><U104/><E0/><V23/><F118/><W128/><G122/><T41/><D110/><U42/><E75/><V94/><F2/><W49/><G128/><T97/><D54/><U29/><E29/><V17/><F34/><W131/><G131/><T7/><D90/><U79/><E104/><AGARI ba="0,0" hai="5,7,40,41,64,66,77,78,97,98,104,105,125,127" machi="104" ten="25,6400,0" yaku="22,2,52,2" doraHai="63" who="0" fromWho="1" sc="251,64,247,-64,227,0,275,0" /><INIT seed="2,0,0,2,1,129" ten="315,183,227,275" oya="2" hai0="13,17,1,98,56,45,121,73,82,90,31,106,110" hai1="47,11,41,85,37,34,67,108,14,99,20,53,125" hai2="66,62,36,12,91,6,55,3,38,4,74,5,79" hai3="32,9,120,94,87,78,102,71,61,40,124,27,23"/><V113/><F113/><W30/><G120/><T7/><D110/><U88/><E125/><V135/><F3/><W18/><G124/><T70/><D70/><U116/><E116/><V126/><F126/><W35/><G40/><T29/><D121/><U96/><E108/><V48/><F12/><W80/><G71/><T123/><D123/><U24/><E34/><V112/><F112/><W86/><G61/><T131/><D131/><U10/><E67/><V109/><F91/><W21/><G9/><T75/><D75/><U8/><E14/><V92/><F92/><W111/><G111/><T60/><D45/><U114/><E114/><V15/><F15/><W63/><G63/><T134/><D7/><U127/><E127/><V76/><F109/><W68/><G68/><T33/><D33/><U84/><E53/><V26/><F26/><W89/><G102/><T52/><D1/><U128/><E128/><V72/><F38/><W133/><G133/><T0/><D134/><U25/><E85/><V64/><F36/><W103/><G103/><T42/><D42/><U107/><E107/><V93/><F72/><W43/><G43/><T65/><D65/><U97/><REACH who="1" step="1"/><E20/><REACH who="1" ten="315,173,227,275" step="2"/><V122/><F66/><W57/><G32/><T104/><D13/><U130/><E130/><V117/><F74/><W19/><G35/><T58/><D0/><U28/><E28/><V49/><F117/><W16/><G23/><T83/><D104/><U81/><AGARI ba="0,1" hai="8,10,11,24,25,37,41,47,81,84,88,96,97,99" machi="81" ten="30,8000,1" yaku="1,1,0,1,54,1,53,2" doraHai="129" doraHaiUra="22" who="1" fromWho="1" sc="315,-20,173,90,227,-40,275,-20" /><INIT seed="3,0,0,0,4,98" ten="295,263,187,255" oya="3" hai0="10,41,117,80,15,108,50,64,83,81,95,48,114" hai1="26,22,127,7,3,29,62,68,102,12,91,55,87" hai2="130,131,122,112,120,49,35,16,0,89,133,72,69" hai3="27,70,90,123,128,124,110,135,57,58,129,45,38"/><W42/><G90/><T8/><D117/><U85/><E127/><V2/><F89/><W39/><G27/><T78/><D108/><U106/><E3/><N who="2" m="1067" /><F35/><W52/><G124/><T86/><D114/><U107/><E107/><V17/><F49/><N who="0" m="19050" /><D41/><U25/><E106/><V75/><F69/><W63/><G110/><T76/><D64/><U66/><E102/><V99/><F133/><W40/><G135/><T116/><D116/><U74/><E74/><N who="2" m="28203" /><F99/><W115/><G115/><T84/><D95/><U134/><E134/><V61/><F61/><N who="3" m="36007" /><G70/><T34/><D34/><U101/><E101/><V111/><F111/><W104/><G104/><T105/><D105/><U60/><E91/><V31/><F31/><W109/><G109/><T47/><D47/><U19/><E7/><V65/><F65/><N who="3" m="39159" /><G123/><N who="2" m="47145" /><F112/><W56/><G56/><T82/><D78/><U119/><E119/><V21/><F21/><W103/><G103/><T77/><D77/><U13/><E13/><V43/><F43/><N who="3" m="16427" /><G45/><T5/><D76/><U32/><E26/><V118/><F118/><W67/><G67/><T36/><D82/><U18/><E18/><AGARI ba="0,0" hai="16,17,18,130,131" m="47145,28203,1067" machi="18" ten="40,8000,1" yaku="28,2,13,1,54,1" doraHai="98" who="2" fromWho="1" sc="295,0,263,-80,187,80,255,0" /><INIT seed="4,0,0,4,5,79" ten="295,183,267,255" oya="0" hai0="42,110,128,101,106,49,97,11,31,94,39,14,103" hai1="5,34,80,65,32,123,91,111,107,95,63,120,28" hai2="46,23,92,72,100,43,124,1,17,16,125,77,60" hai3="71,26,81,114,6,15,90,0,74,75,62,127,48"/><T99/><D128/><U85/><E111/><V132/><F132/><W47/><G0/><T24/><D110/><U41/><E107/><V131/><F131/><W89/><G127/><N who="2" m="48713" /><F60/><W98/><G114/><T102/><D39/><U83/><E83/><N who="2" m="45479" /><F1/><W51/><G26/><T61/><D61/><U52/><E41/><V35/><F23/><W38/><G38/><T9/><D9/><U8/><E123/><V126/><F35/><W88/><G98/><T40/><D49/><U64/><E120/><V117/><F117/><W36/><G36/><T134/><D102/><U133/><E133/><V118/><F118/><W30/><G30/><T4/><REACH who="0" step="1"/><D134/><REACH who="0" ten="285,183,267,255" step="2"/><U96/><E63/><V21/><F100/><W115/><G51/><T57/><D57/><U37/><E8/><V19/><F126/><W18/><G48/><T29/><D29/><U3/><E28/><V121/><F121/><W12/><G62/><T93/><D93/><U13/><E95/><V86/><F92/><W55/><G47/><T105/><D105/><U82/><E37/><V10/><F21/><AGARI ba="0,1" hai="4,11,14,21,24,31,40,42,94,97,99,101,103,106" machi="21" ten="30,2900,0" yaku="1,1,7,1,53,0" doraHai="79" doraHaiUra="116" who="0" fromWho="2" sc="285,39,183,0,267,-29,255,0" /><INIT seed="4,1,0,1,1,121" ten="324,183,238,255" oya="0" hai0="10,133,11,87,116,25,34,83,94,128,43,38,36" hai1="55,97,132,109,72,17,61,20,1,86,98,90,66" hai2="82,89,74,120,49,91,100,123,51,73,122,8,32" hai3="37,0,15,68,96,115,4,126,27,2,124,12,134"/><T110/><D116/><U16/><E132/><V99/><F32/><W40/><G68/><T56/><D94/><U53/><E72/><V77/><F8/><W88/><G40/><T24/><D133/><U76/><E1/><V28/><F28/><W125/><G37/><T63/><D128/><U60/><E76/><N who="2" m="44303" /><F51/><W69/><G69/><T65/><D34/><U111/><E86/><V45/><F49/><W105/><G134/><T113/><D113/><U93/><E98/><V39/><F45/><W47/><G47/><T41/><D56/><U48/><E55/><V101/><F39/><W26/><G105/><T14/><D14/><N who="3" m="5161" /><G115/><T129/><D129/><U67/><E67/><V75/><F77/><W19/><G19/><T42/><D65/><U31/><E31/><V95/><F91/><W9/><G0/><T130/><D63/><U13/><E17/><V52/><F52/><W103/><G103/><AGARI ba="1,0" hai="74,75,89,95,99,100,101,103,120,122,123" m="44303" machi="103" ten="30,2000,0" yaku="34,2" doraHai="121" who="2" fromWho="3" sc="324,0,183,0,238,23,255,-23" /><INIT seed="5,0,0,2,1,15" ten="324,183,261,232" oya="1" hai0="107,56,7,10,83,92,88,2,66,39,113,43,47" hai1="45,80,53,98,24,0,28,125,104,100,133,5,4" hai2="50,72,30,67,120,75,77,115,42,8,134,21,117" hai3="114,3,17,61,71,94,59,63,123,41,57,109,85"/><U54/><E133/><V127/><F50/><W44/><G3/><T76/><D113/><U35/><E125/><V55/><F8/><W112/><G85/><T128/><D128/><U16/><E0/><V34/><F34/><W46/><G94/><T73/><D107/><U95/><E104/><V38/><F55/><N who="3" m="33983" /><G17/><T70/><D56/><U108/><E108/><V131/><F21/><W86/><G86/><N who="0" m="52247" /><D66/><U111/><E111/><V103/><F67/><N who="3" m="41471" /><G109/><T135/><D135/><U48/><E54/><V87/><F42/><W26/><G26/><T116/><D70/><U122/><E122/><V118/><F30/><W119/><G123/><T11/><D11/><U18/><REACH who="1" step="1"/><E80/><REACH who="1" ten="324,173,261,232" step="2"/><V99/><F120/><W1/><G1/><T32/><D116/><N who="2" m="44650" /><F127/><W31/><G119/><T102/><D2/><U69/><E69/><V81/><F134/><W13/><G114/><T110/><D83/><U51/><E51/><V58/><F38/><W33/><G112/><T37/><D39/><U132/><E132/><V62/><F115/><W97/><G41/><T84/><D43/><U20/><E20/><V36/><F36/><W105/><G33/><T124/><D32/><U6/><AGARI ba="0,1" hai="4,5,6,16,18,24,28,35,45,48,53,95,98,100" machi="6" ten="30,12000,1" yaku="1,1,0,1,52,2,54,1,53,0" doraHai="15" doraHaiUra="130" who="1" fromWho="1" sc="324,-40,173,130,261,-40,232,-40" /><INIT seed="5,1,0,1,1,36" ten="284,303,221,192" oya="1" hai0="8,91,37,65,4,121,48,78,118,46,9,103,104" hai1="131,21,2,15,95,93,106,60,52,32,20,25,26" hai2="62,42,77,112,96,43,92,70,102,128,83,3,117" hai3="24,14,74,57,76,58,23,133,6,27,19,16,17"/><U85/><E106/><V129/><F117/><W5/><G74/><T125/><D37/><U81/><E2/><V56/><F112/><W101/><G133/><T41/><D118/><U55/><E131/><N who="2" m="50251" /><F3/><W0/><G76/><T99/><D125/><U98/><E32/><V47/><F47/><W120/><G120/><T45/><D121/><U22/><E15/><V114/><F70/><W134/><G134/><T13/><D46/><U66/><E66/><N who="2" m="39239" /><F114/><W12/><G101/><T49/><D49/><U61/><E61/><V111/><F111/><W33/><G57/><T64/><D91/><U113/><E113/><V82/><F82/><W115/><G58/><T84/><D9/><U119/><E119/><V97/><F96/><W135/><G135/><T1/><D1/><U35/><E35/><V130/><N who="2" m="50259" /><V109/><DORA hai="69" /><F109/><W122/><G122/><T40/><D40/><U18/><E60/><V39/><F39/><W107/><G107/><T116/><D116/><U53/><E98/><V79/><F79/><W126/><G126/><T86/><D86/><AGARI ba="1,0" hai="42,43,77,83,86,92,97,102" m="39239,50259" machi="86" ten="40,5200,0" yaku="19,1,52,2" doraHai="36,69" who="2" fromWho="0" sc="284,-55,303,0,221,55,192,0" /><INIT seed="6,0,0,3,1,122" ten="229,303,276,192" oya="2" hai0="49,43,25,55,75,82,5,84,69,9,11,71,36" hai1="110,0,103,115,27,87,21,80,63,2,104,88,127" hai2="93,123,4,44,54,28,117,59,65,100,1,108,135" hai3="70,62,3,98,16,91,22,118,6,113,50,78,19"/><V53/><F123/><W64/><G118/><T52/><D75/><U95/><E110/><V41/><F117/><W131/><G131/><T94/><D94/><U76/><E127/><V60/><F108/><W38/><G38/><T67/><D25/><U12/><E115/><V31/><F135/><W102/><G113/><T37/><D11/><U81/><E12/><V105/><F105/><W72/><G6/><T73/><D73/><N who="1" m="43023" /><E81/><V17/><F17/><W86/><G3/><T124/><D124/><U40/><E63/><V47/><F41/><W85/><G72/><T7/><D7/><U99/><E40/><V57/><F65/><W35/><G35/><T58/><D84/><U15/><E15/><V106/><F106/><W128/><G128/><T112/><D82/><U51/><E51/><N who="2" m="30911" /><F4/><W92/><G22/><T23/><D23/><U130/><E130/><V26/><F1/><W74/><G74/><T20/><D20/><U134/><E134/><V32/><F32/><W30/><G30/><AGARI ba="0,0" hai="0,2,21,27,30,87,88,95,99,103,104" m="43023" machi="30" ten="30,2000,0" yaku="24,1,54,1" doraHai="122" who="1" fromWho="3" sc="229,0,303,20,276,0,192,-20" /><INIT seed="7,0,0,4,3,5" ten="229,323,276,172" oya="3" hai0="6,40,132,121,62,45,60,54,28,115,42,89,20" hai1="48,29,25,4,16,106,84,12,43,98,76,63,122" hai2="3,9,61,128,80,50,71,18,78,131,15,114,31" hai3="93,125,110,127,19,116,92,57,74,24,8,79,49"/><W11/><G116/><T102/><D121/><U14/><E122/><V22/><F50/><W82/><G110/><T109/><D109/><U33/><E106/><V118/><F118/><W75/><G75/><T133/><D102/><U126/><E126/><N who="3" m="48138" /><G24/><N who="0" m="16391" /><D6/><U44/><E98/><V99/><F3/><W77/><G77/><T108/><D89/><U67/><E4/><V130/><F114/><W117/><G117/><T83/><D83/><U36/><E36/><V39/><F39/><W55/><G19/><T65/><D65/><U64/><E14/><V32/><F32/><W101/><G101/><T69/><D69/><U51/><E51/><V107/><F107/><W129/><G129/><T27/><D27/><U113/><E113/><V123/><F123/><W96/><G96/><T105/><D105/><U68/><E64/><N who="2" m="41359" /><F99/><W53/><G53/><T2/><D2/><U120/><E120/><V73/><F22/><W104/><G104/><T94/><D94/><AGARI ba="0,0" hai="8,11,49,55,57,74,79,82,92,93,94" m="48138" machi="94" ten="30,5800,0" yaku="18,1,52,2" doraHai="5" who="3" fromWho="0" sc="229,-58,323,0,276,0,172,58" /><INIT seed="7,1,0,2,0,86" ten="171,323,276,230" oya="3" hai0="32,113,99,13,122,33,54,121,87,116,19,126,96" hai1="132,44,131,115,18,22,125,71,28,8,84,117,6" hai2="105,34,81,92,3,41,80,91,72,123,59,133,57" hai3="90,20,4,14,55,37,48,65,31,11,58,39,77"/><W27/><G77/><T108/><D126/><U24/><E71/><V43/><F3/><W102/><G102/><T53/><D116/><U15/><E125/><V82/><F105/><W9/><G65/><T78/><D108/><U45/><E117/><V109/><F109/><W26/><G11/><T135/><D135/><U110/><E110/><V21/><F34/><W85/><REACH who="3" step="1"/><G27/><REACH who="3" ten="171,323,276,220" step="2"/><T69/><D69/><U67/><E67/><V95/><F72/><W46/><G46/><T93/><D78/><U56/><E132/><V42/><F133/><W60/><G60/><T61/><D61/><U36/><E115/><V52/><F123/><W111/><G111/><T5/><D5/><U107/><E45/><V64/><F64/><W103/><G103/><T2/><D113/><U89/><E44/><V112/><F112/><W75/><G75/><T50/><D2/><U119/><E119/><V100/><F100/><W23/><G23/><T106/><D106/><U101/><E101/><V114/><F21/><W88/><G88/><T7/><D7/><U62/><E6/><V63/><F114/><W70/><G70/><T124/><D124/><U118/><E118/><V129/><F129/><W40/><G40/><T98/><D122/><U83/><E131/><V120/><F120/><W17/><G17/><T12/><D121/><U104/><E104/><V30/><F41/><W130/><G130/><T38/><D19/><U97/><E107/><V1/><F42/><W94/><AGARI ba="1,1" hai="4,9,14,20,26,31,37,39,48,55,58,85,90,94" machi="94" ten="20,7800,0" yaku="1,1,0,1,7,1,52,1,53,0" doraHai="86" doraHaiUra="76" who="3" fromWho="3" sc="171,-27,323,-27,276,-27,220,91" owari="144,-36.0,296,10.0,249,-15.0,311,41.0" /></mjloggm>