<mjloggm ver="2.3"><GO type="97" lobby="0"/><UN n0="%E3%83%89%E3%82%A4%E3%83%AB" n1="%E9%80%81%E5%94%90%E5%9D%82%EF%BC%92" n2="%E3%83%AF%E3%82%A4%E3%83%AB%E3%83%89" n3="%E5%B0%B1%E6%B4%BB%E7%94%9F%40%E5%B7%9D%E6%9D%91%E8%BB%8D%E5%9B%A3" dan="15,14,15,15" rate="1994.33,1943.40,2049.41,2052.08" sx="M,M,M,M"/><TAIKYOKU oya="0"/><INIT seed="0,0,0,2,4,46" ten="250,250,250,250" oya="0" hai0="4,101,8,58,112,118,89,28,86,52,21,72,37" hai1="97,32,24,93,87,73,80,74,96,127,33,134,39" hai2="54,123,107,109,68,9,106,104,44,25,16,18,15" hai3="132,42,115,7,90,38,84,57,35,60,120,75,51"/><T98/><D118/><U95/><E39/><V119/><F68/><W23/><G75/><T122/><D112/><U130/><E32/><V108/><F119/><W100/><G35/><T111/><D122/><U88/><E24/><V5/><F123/><W121/><G115/><T131/><D72/><N who="1" m="27755" /><E33/><V125/><F125/><W124/><G124/><T10/><D37/><U110/><E127/><V67/><F67/><W19/><G100/><T3/><D131/><U41/><E41/><V114/><F114/><W113/><G7/><T48/><D111/><N who="2" m="42570" /><F25/><W2/><G2/><T14/><D28/><U0/><E0/><V128/><F128/><W26/><G132/><T135/><D135/><U103/><E110/><V34/><F34/><W43/><G38/><T13/><D21/><U66/><E66/><V29/><F29/><W47/><G42/><T94/><REACH who="0" step="1"/><D8/><REACH who="0" ten="240,250,250,250" step="2"/><U64/><E130/><V53/><F53/><W62/><G113/><T129/><D129/><U6/><E64/><V55/><F55/><W30/><G120/><T85/><D85/><U116/><E134/><V78/><F78/><W49/><G121/><T31/><D31/><U71/><E116/><V59/><F44/><W50/><G30/><T61/><D61/><AGARI ba="0,1" hai="5,9,15,16,18,54,59,61,104,106,107" m="42570" machi="61" ten="40,2600,0" yaku="14,1,54,1" doraHai="46" who="2" fromWho="0" sc="240,-26,250,0,250,36,250,0" /><INIT seed="1,0,0,1,5,103" ten="214,250,286,250" oya="1" hai0="9,7,133,99,13,18,33,115,132,106,128,67,102" hai1="116,21,114,8,12,41,58,88,23,36,108,92,4" hai2="122,93,105,94,121,62,112,50,119,6,75,27,5" hai3="48,78,10,86,130,60,56,29,38,44,0,59,126"/><U69/><E116/><V57/><F75/><W54/><G126/><T20/><D115/><U134/><E69/><V95/><F119/><W2/><G130/><T11/><D128/><U42/><E114/><V64/><F112/><W15/><G29/><T80/><D33/><U17/><E134/><V98/><F50/><W16/><G38/><T40/><D67/><U82/><E82/><V81/><F81/><W68/><G68/><T97/><D40/><N who="1" m="15467" /><E36/><V96/><F27/><W125/><G125/><T111/><D111/><U73/><E73/><V66/><F66/><W43/><G78/><T28/><D80/><U131/><E131/><V53/><F64/><W113/><G113/><T30/><D97/><N who="1" m="57479" /><E108/><V52/><F53/><W104/><G104/><T35/><D35/><U19/><E58/><V46/><F46/><W32/><G32/><T118/><D118/><U24/><E23/><V37/><F37/><W124/><G59/><T34/><D34/><U22/><E22/><V14/><F98/><W90/><REACH who="3" step="1"/><G124/><REACH who="3" ten="214,250,286,240" step="2"/><T85/><D30/><AGARI ba="0,1" hai="4,8,12,17,19,21,24,30" m="57479,15467" machi="30" ten="30,2900,0" yaku="8,1,54,1" doraHai="103" who="1" fromWho="0" sc="214,-29,250,39,286,0,240,0" /><INIT seed="1,1,0,4,2,96" ten="185,289,286,240" oya="1" hai0="133,20,3,14,5,27,106,94,88,115,64,48,77" hai1="113,35,15,16,67,116,97,44,114,102,131,112,55" hai2="101,12,78,34,123,120,118,0,25,57,82,10,53" hai3="46,121,56,126,85,63,59,51,49,109,17,135,103"/><U66/><E116/><V86/><F0/><W98/><G121/><T45/><D115/><U129/><E35/><V7/><F118/><W24/><G109/><T71/><D106/><U36/><E36/><V37/><F37/><W22/><G126/><T134/><D77/><U9/><E44/><V74/><F74/><W99/><G135/><N who="0" m="51723" /><D3/><U130/><REACH who="1" step="1"/><E55/><REACH who="1" ten="185,279,286,240" step="2"/><V31/><F120/><W52/><G85/><N who="0" m="52495" /><D64/><U81/><E81/><V107/><F123/><W122/><G122/><T79/><D71/><U6/><E6/><V127/><F127/><W1/><G56/><T19/><D79/><U90/><E90/><V111/><F111/><W61/><G1/><T8/><D45/><U105/><AGARI ba="1,1" hai="9,15,16,66,67,97,102,105,112,113,114,129,130,131" machi="105" ten="40,12000,1" yaku="1,1,0,1,19,1,52,1,54,1,53,0" doraHai="96" doraHaiUra="30" who="1" fromWho="1" sc="185,-41,279,133,286,-41,240,-41" /><INIT seed="1,2,0,4,0,122" ten="144,412,245,199" oya="1" hai0="72,51,73,69,7,47,76,28,114,46,68,67,66" hai1="54,61,126,112,119,79,19,116,52,25,12,55,39" hai2="124,96,89,62,23,106,98,18,102,90,91,120,115" hai3="100,41,36,85,82,6,80,134,78,71,3,57,95"/><U101/><E112/><V70/><F120/><W65/><G134/><T42/><D28/><U128/><E39/><V75/><F75/><W4/><G71/><T43/><D7/><U132/><E132/><V11/><F115/><W99/><G3/><T121/><D76/><U44/><E128/><V88/><F124/><W105/><G105/><T103/><D103/><U53/><E126/><V104/><F11/><W38/><G38/><N who="0" m="21847" /><D73/><U87/><E101/><V27/><N who="2" m="23040" /><DORA hai="20" /><V127/><F127/><W129/><G129/><T10/><D10/><U86/><E25/><V35/><F35/><W63/><G36/><N who="0" m="21991" /><D72/><U84/><E79/><V8/><F8/><W49/><G82/><T15/><D15/><U56/><E119/><V40/><F40/><W135/><G135/><T0/><D0/><U131/><E116/><V123/><F123/><W22/><G22/><T111/><D114/><U5/><E5/><V97/><REACH who="2" step="1"/><F102/><REACH who="2" ten="144,412,235,199" step="2"/><W92/><G6/><T34/><D34/><U14/><E131/><V108/><F108/><W33/><G33/><T50/><D121/><U26/><E12/><V117/><F117/><W24/><G4/><T13/><D111/><U58/><E14/><V74/><F74/><W133/><G133/><T83/><D13/><U77/><E77/><V30/><F30/><W109/><G109/><T2/><D2/><U94/><E87/><V32/><F32/><W31/><G100/><T110/><D110/><U29/><E86/><V93/><F93/><W17/><G95/><T107/><D83/><U113/><E84/><V48/><F48/><N who="0" m="18474" /><D107/><U9/><E113/><RYUUKYOKU ba="2,1" sc="144,15,412,-15,235,15,199,-15" hai0="66,67,68,69" hai2="18,23,27,62,70,96,97,98,104,106" /><INIT seed="2,3,1,0,4,78" ten="159,397,250,184" oya="2" hai0="57,45,55,85,36,102,47,131,124,108,46,56,99" hai1="19,106,16,92,75,70,5,91,71,1,118,109,44" hai2="110,50,96,64,133,6,60,22,105,48,26,33,97" hai3="128,20,38,119,72,125,77,88,113,93,3,130,129"/><V79/><F133/><W69/><G3/><T52/><D108/><U117/><E106/><V49/><F110/><W90/><G119/><T10/><D124/><U107/><E109/><V58/><F33/><W17/><G113/><T14/><D131/><U100/><E75/><V135/><F135/><W13/><G125/><T31/><D31/><U76/><E76/><V8/><F79/><W89/><G69/><T114/><D114/><U73/><E73/><V126/><F126/><W81/><REACH who="3" step="1"/><G38/><REACH who="3" ten="159,397,250,174" step="2"/><T104/><D36/><U63/><E118/><V61/><F105/><W86/><AGARI ba="3,2" hai="13,17,20,72,77,81,86,88,89,90,93,128,129,130" machi="86" ten="30,12000,2" yaku="1,1,2,1,0,1,19,1,52,1,54,1,53,0" doraHai="78" doraHaiUra="4" who="3" fromWho="3" sc="159,-33,397,-33,250,-63,174,149" /><INIT seed="3,0,0,3,4,63" ten="126,364,187,323" oya="3" hai0="108,37,120,46,47,97,8,23,110,93,24,52,99" hai1="88,18,127,57,38,62,129,112,80,87,13,31,25" hai2="60,58,14,79,41,71,1,132,9,113,28,22,85" hai3="103,94,104,111,68,65,73,12,29,50,81,90,53"/><W44/><G111/><T40/><D120/><U100/><E112/><V30/><F113/><W27/><G104/><T86/><D8/><U114/><E114/><V92/><F71/><W59/><G68/><T33/><D33/><U130/><E127/><V74/><F74/><W7/><G73/><T34/><D34/><U4/><E4/><V78/><F1/><W0/><G0/><T122/><D122/><U72/><E38/><V106/><F106/><W135/><G135/><T26/><D86/><U109/><E109/><V43/><F132/><W39/><G39/><T125/><D125/><U56/><E100/><V51/><F79/><W69/><G69/><T2/><D2/><U117/><E117/><V10/><F10/><N who="3" m="4191" /><G81/><T16/><D26/><U54/><E57/><V76/><F76/><W3/><G3/><T64/><D64/><U67/><E54/><V70/><F70/><W84/><G103/><T77/><D77/><U20/><E72/><V119/><F119/><W116/><G116/><T82/><D82/><U124/><E124/><V134/><F134/><W105/><G105/><T49/><REACH who="0" step="1"/><D99/><REACH who="0" ten="116,364,187,323" step="2"/><U83/><E83/><V66/><F85/><W126/><G126/><T6/><D6/><U42/><E25/><V36/><F66/><W98/><G98/><T89/><AGARI ba="0,1" hai="16,23,24,37,40,46,47,49,52,89,93,97,108,110" machi="89" ten="30,8000,1" yaku="1,1,0,1,54,2,53,1" doraHai="63" doraHaiUra="15" who="0" fromWho="0" sc="116,90,364,-20,187,-20,323,-40" owari="206,-19.0,344,44.0,167,-33.0,283,8.0" /></mjloggm>