<mjloggm ver="2.3"><GO type="225" lobby="0"/><UN n0="%E5%8E%A8%E8%B5%B0" n1="%E3%83%9C%E3%83%AD%E3%83%83%E3%83%86" n2="%E8%BF%A6%E9%99%B5%E9%A0%BB%E4%BC%BD" n3="%E3%82%A6%E3%83%AB%E3%83%88%E3%83%A9%E7%AB%8B%E7%9B%B4" dan="17,16,18,17" rate="2289.54,2114.38,2243.85,2120.68" sx="M,M,F,M"/><TAIKYOKU oya="0"/><INIT seed="0,0,0,2,0,0" ten="250,250,250,250" oya="0" hai0="116,6,55,24,23,71,98,32,13,115,80,75,5" hai1="67,119,85,132,133,43,111,57,41,82,126,105,62" hai2="3,96,7,44,86,129,130,92,54,48,90,4,26" hai3="81,19,120,18,10,22,17,89,33,42,83,74,1"/><T56/><D116/><U31/><E105/><V123/><F123/><W99/><G33/><T36/><D71/><U9/><E119/><V95/><F3/><W121/><G42/><T69/><D69/><U63/><E31/><V134/><F134/><N who="1" m="51817" /><E126/><V122/><F122/><N who="3" m="47211" /><G74/><T38/><D115/><U34/><E34/><V124/><F124/><W12/><G1/><T77/><D98/><U118/><E118/><V135/><F26/><N who="3" m="14671" /><G19/><T39/><D13/><U113/><E113/><V46/><F135/><W103/><G89/><T79/><D79/><N who="1" m="46303" /><E63/><V45/><F130/><W8/><G10/><T2/><D2/><U109/><E9/><V107/><F129/><W114/><G114/><T40/><D32/><U15/><E15/><V68/><F68/><W64/><G64/><T125/><D125/><U11/><E11/><V101/><REACH who="2" step="1"/><F107/><AGARI ba="0,0" hai="8,12,18,81,83,99,103,107" m="14671,47211" machi="107" ten="30,1000,0" yaku="13,1" doraHai="0" who="3" fromWho="2" sc="250,0,250,0,250,-10,250,10" /><INIT seed="1,0,0,3,5,0" ten="250,250,240,260" oya="1" hai0="59,1,32,90,7,48,99,53,101,107,44,82,35" hai1="27,65,105,125,132,85,119,78,84,103,70,54,106" hai2="61,21,135,133,124,76,36,114,127,46,41,39,58" hai3="116,104,31,81,95,57,28,115,129,14,25,79,24"/><U12/><E119/><V122/><F76/><W108/><G104/><T123/><D123/><U89/><E132/><N who="2" m="50763" /><F21/><W100/><G115/><T20/><D20/><U75/><E125/><N who="2" m="48203" /><F114/><W94/><G108/><T111/><D111/><U71/><E27/><V11/><F11/><W97/><G57/><T16/><D16/><U23/><E23/><V110/><F110/><W92/><G116/><T118/><D118/><U83/><E12/><V2/><F2/><W109/><G109/><T43/><D90/><U88/><E54/><N who="2" m="34007" /><F122/><W98/><G14/><T49/><D82/><N who="1" m="49335" /><E65/><V117/><F117/><W121/><G81/><T13/><D1/><U51/><E51/><AGARI ba="0,0" hai="36,39,41,46,51" m="34007,48203,50763" machi="51" ten="30,7700,0" yaku="20,1,18,1,34,2" doraHai="0" who="2" fromWho="1" sc="250,0,250,-77,240,77,260,0" /><INIT seed="2,0,0,0,1,17" ten="250,173,317,260" oya="2" hai0="21,96,86,28,112,75,109,0,66,84,105,14,61" hai1="110,8,69,89,97,50,131,32,51,119,74,101,99" hai2="40,81,120,20,56,77,91,108,114,135,38,95,65" hai3="39,2,13,45,25,15,85,11,23,125,10,72,19"/><V57/><F114/><W111/><G72/><T92/><D112/><U62/><E119/><V46/><F120/><W117/><G117/><T63/><D0/><U54/><E32/><V107/><F107/><W1/><G39/><T113/><D113/><U79/><E131/><V122/><F122/><W6/><G45/><T53/><D75/><U16/><E110/><V37/><F37/><W116/><G116/><T42/><D42/><U12/><E74/><V106/><F106/><W26/><G85/><T29/><D105/><U4/><E79/><V58/><F135/><W133/><G133/><T82/><D53/><U52/><E69/><V60/><F108/><W34/><G111/><T102/><D63/><U30/><E30/><N who="0" m="11881" /><D82/><U115/><E115/><V35/><F35/><W3/><G125/><T98/><D98/><U124/><E124/><V71/><F81/><W78/><G78/><T127/><D127/><U103/><E62/><V80/><F80/><W70/><G70/><T24/><D14/><U90/><E4/><V100/><F77/><W47/><G47/><T129/><D129/><U118/><E118/><V73/><F73/><W9/><G34/><T22/><D109/><U68/><E68/><V43/><F43/><W48/><G48/><T18/><D22/><U44/><E12/><V5/><F71/><W93/><G93/><T104/><D104/><U67/><E67/><V7/><F65/><W64/><G64/><T128/><D128/><U132/><E132/><V121/><F60/><W41/><G41/><T36/><D36/><U83/><E83/><V27/><F38/><RYUUKYOKU ba="0,0" sc="250,15,173,-15,317,-15,260,15" hai0="18,21,24,61,66,84,86,92,96,102" hai3="1,2,3,6,9,10,11,13,15,19,23,25,26" /><INIT seed="3,1,0,0,5,76" ten="265,158,302,275" oya="3" hai0="115,30,104,126,3,25,135,59,55,65,17,121,106" hai1="96,24,8,10,94,16,37,28,43,125,91,90,54" hai2="60,109,9,98,38,53,74,39,83,108,52,75,100" hai3="57,62,63,112,15,93,14,5,68,50,71,117,67"/><W103/><G112/><T123/><D3/><U31/><E125/><V95/><F9/><W131/><G117/><T51/><D126/><U78/><E37/><N who="2" m="13835" /><F83/><W102/><G131/><T11/><D115/><U27/><E43/><V84/><F84/><W32/><G32/><T26/><D135/><U88/><E78/><V77/><F77/><W92/><G50/><T130/><D130/><U81/><E54/><N who="2" m="21099" /><F60/><W7/><G57/><T87/><D65/><AGARI ba="1,0" hai="5,7,14,15,62,63,65,67,68,71,92,93,102,103" machi="65" ten="25,2400,0" yaku="22,2" doraHai="76" who="3" fromWho="0" sc="265,-27,158,0,302,0,275,27" /><INIT seed="3,2,0,5,5,39" ten="238,158,302,302" oya="3" hai0="81,108,53,123,110,15,49,122,130,128,61,9,30" hai1="100,51,113,72,57,46,37,60,29,77,85,75,42" hai2="17,73,28,106,22,111,79,103,47,12,97,135,43" hai3="36,115,82,48,98,14,3,10,56,112,68,32,16"/><W86/><G68/><T8/><D81/><U131/><E113/><V50/><F111/><N who="0" m="42538" /><D61/><U69/><E131/><N who="0" m="50217" /><D53/><U117/><E117/><V80/><F28/><W84/><G32/><T102/><D49/><U6/><E29/><V90/><F90/><N who="3" m="51479" /><G36/><T118/><D102/><U35/><E6/><V62/><F62/><W24/><G98/><T134/><D118/><U63/><E35/><V58/><F135/><W64/><G86/><T125/><D134/><U13/><E13/><V133/><F133/><W40/><G64/><T33/><D125/><U105/><E100/><V25/><F58/><W54/><G56/><T93/><D93/><U66/><E105/><V87/><REACH who="2" step="1"/><F12/><REACH who="2" ten="238,158,292,302" step="2"/><W7/><G14/><T126/><D126/><U23/><E23/><V27/><F27/><W127/><G24/><N who="0" m="18631" /><D9/><U107/><E107/><V18/><F18/><AGARI ba="2,1" hai="8,15,18,122,123" m="18631,50217,42538" machi="18" ten="30,7700,0" yaku="14,1,19,1,34,2" doraHai="39" who="0" fromWho="2" sc="238,93,158,0,292,-83,302,0" owari="331,43.0,158,-34.0,209,-19.0,302,10.0" /></mjloggm>