<mjloggm ver="2.3"><GO type="97" lobby="0"/><UN n0="%E3%82%B3%E3%82%A6%E3%83%84%E3%82%A1%E3%83%BC" n1="%4E%62%69%74%61" n2="%E5%88%A9%E7%9B%8A%E8%A1%A1%E9%87%8F" n3="%E3%83%88%E3%83%88%E3%83%AA%E5%85%88%E7%94%9F%31%39%E6%AD%B3" dan="13,13,13,17" rate="1996.76,1867.30,2006.35,2226.24" sx="M,M,M,F"/><TAIKYOKU oya="0"/><INIT seed="0,0,0,3,0,125" ten="250,250,250,250" oya="0" hai0="99,26,55,47,40,111,103,30,44,6,50,20,129" hai1="59,101,28,113,65,105,110,2,18,121,34,94,78" hai2="97,89,22,39,67,87,31,102,3,52,68,70,71" hai3="24,73,10,29,133,13,134,86,42,23,118,80,124"/><T130/><D6/><U109/><E121/><V16/><F3/><W79/><G118/><T90/><D111/><N who="1" m="42507" /><E2/><V5/><F5/><N who="3" m="3279" /><G42/><T135/><D135/><N who="3" m="51721" /><G124/><T43/><D90/><U45/><E78/><V32/><F39/><W64/><G64/><T91/><D91/><U131/><E105/><V51/><F67/><W120/><G120/><T77/><D77/><U72/><E72/><AGARI ba="0,0" hai="23,24,29,72,73,79,80,86" m="51721,3279" machi="72" ten="30,1000,0" yaku="20,1" doraHai="125" who="3" fromWho="1" sc="250,0,250,-10,250,0,250,10" /><INIT seed="1,0,0,5,4,22" ten="250,240,250,260" oya="1" hai0="71,100,0,39,82,120,53,52,7,30,79,94,104" hai1="92,109,34,90,59,16,135,46,73,130,110,5,49" hai2="134,26,117,33,127,88,43,67,21,10,14,84,93" hai3="41,47,2,61,38,107,66,3,32,86,101,97,8"/><U37/><E34/><V9/><F117/><W36/><G86/><T111/><D71/><U114/><E73/><V72/><F33/><W55/><G55/><T42/><D111/><N who="1" m="42507" /><E5/><V70/><F72/><W83/><G83/><T95/><D120/><U6/><E6/><V78/><F78/><W57/><G38/><T125/><D125/><U51/><E135/><V20/><F127/><W121/><G121/><T27/><D104/><U54/><E130/><V119/><F119/><W31/><G8/><N who="0" m="2151" /><D100/><U91/><E37/><V131/><F131/><W89/><G89/><N who="1" m="33802" /><E114/><V77/><F77/><W18/><G18/><T69/><D69/><U48/><E92/><V17/><F134/><W60/><G32/><N who="0" m="20575" /><D95/><U132/><E132/><V124/><F124/><W105/><G105/><T80/><D80/><U4/><E4/><V76/><F70/><W126/><G126/><T112/><D94/><U68/><E68/><V118/><F118/><W23/><G3/><T128/><D112/><U81/><E81/><V64/><F93/><W98/><G2/><T116/><D116/><U96/><E96/><V11/><F84/><W58/><G101/><T103/><D103/><U65/><E65/><V35/><F67/><N who="3" m="39311" /><G107/><T85/><D128/><U12/><E46/><V28/><F64/><W19/><G98/><T122/><D122/><U56/><E54/><V25/><F43/><W74/><G97/><T24/><D24/><U45/><E45/><V129/><F129/><W13/><G74/><T106/><D106/><U113/><E113/><V123/><F123/><W102/><G102/><T50/><D39/><RYUUKYOKU ba="0,0" sc="250,10,240,10,250,-30,260,10" hai0="42,50,52,53,79,82,85" hai1="12,16,48,49,51,56,59" hai3="13,19,23,31,36,41,47,58,61,66" /><INIT seed="1,1,0,1,1,62" ten="260,250,220,270" oya="1" hai0="29,76,113,39,71,46,98,56,77,1,111,101,83" hai1="110,79,36,109,89,121,106,12,11,130,22,9,27" hai2="118,18,32,126,73,72,43,50,61,60,135,26,65" hai3="58,133,120,52,94,92,134,69,131,15,59,99,33"/><U102/><E36/><V85/><F118/><W100/><G120/><T70/><D113/><U68/><E79/><V2/><F2/><W82/><G33/><T30/><D111/><N who="1" m="42507" /><E130/><V57/><F135/><N who="3" m="51723" /><G69/><T87/><D77/><U84/><E68/><V55/><F126/><W10/><G131/><T38/><D1/><U13/><E121/><V6/><F6/><N who="3" m="3543" /><G82/><T125/><D125/><U63/><E63/><V129/><F129/><W23/><G23/><T122/><D122/><U78/><E78/><V4/><F61/><N who="3" m="36039" /><G59/><T66/><D71/><U67/><E67/><V17/><F60/><W103/><G103/><T47/><D70/><U75/><E75/><V132/><F73/><W51/><G51/><T107/><D39/><U80/><E11/><V112/><F72/><W95/><AGARI ba="1,0" hai="92,94,95,99,100" m="36039,3543,51723" machi="95" ten="30,2000,0" yaku="20,1,54,1" doraHai="62" who="3" fromWho="3" sc="260,-6,250,-11,220,-6,270,23" /><INIT seed="2,0,0,4,2,83" ten="254,239,214,293" oya="2" hai0="4,116,19,110,8,51,15,95,97,24,30,133,121" hai1="52,102,126,69,101,3,44,113,38,90,82,12,120" hai2="41,1,118,119,53,135,99,78,47,103,64,63,13" hai3="105,106,50,79,26,107,68,61,25,49,85,0,48"/><V130/><F1/><W70/><G0/><T54/><D133/><U84/><E69/><N who="3" m="26730" /><G85/><T11/><D121/><U43/><E126/><V23/><F64/><W114/><G61/><T58/><D116/><U112/><E3/><V56/><F135/><W20/><G20/><T65/><D110/><U33/><E33/><V10/><F23/><W32/><G79/><T108/><D108/><U66/><E66/><V86/><F130/><W89/><G89/><T74/><D74/><U21/><E120/><V132/><F132/><W96/><G96/><T98/><D65/><U111/><E111/><V40/><F40/><W46/><G46/><T76/><D76/><U5/><E102/><V88/><F78/><W60/><G60/><T134/><D134/><U94/><E21/><V81/><F99/><W22/><G22/><N who="0" m="15639" /><D95/><U104/><E104/><V9/><F9/><N who="0" m="3658" /><D4/><U34/><E12/><V45/><F103/><W92/><G92/><T55/><D55/><U109/><E34/><V14/><F47/><W91/><G32/><T87/><D15/><U35/><E35/><V31/><F14/><W100/><G100/><T16/><D97/><N who="1" m="59575" /><E109/><V115/><F119/><W127/><G127/><T124/><D124/><U59/><E5/><N who="2" m="3279" /><F118/><W128/><G128/><T67/><D67/><U80/><E80/><V39/><F31/><W18/><G26/><T62/><D98/><U73/><E73/><V131/><F131/><W75/><G75/><T117/><D62/><N who="1" m="36199" /><E38/><V29/><F29/><W6/><G25/><T125/><D125/><U71/><E71/><V129/><F129/><W122/><G122/><RYUUKYOKU ba="0,0" sc="254,-15,239,15,214,15,293,-15" hai1="43,44,82,84,90,112,113" hai2="39,41,45,53,56,63,81,86,88,115" /><INIT seed="2,1,0,3,0,0" ten="239,254,229,278" oya="2" hai0="110,95,124,104,134,49,85,125,27,133,50,63,60" hai1="5,112,26,80,53,107,111,22,109,4,25,13,89" hai2="132,127,42,58,75,117,70,12,15,59,24,131,99" hai3="2,65,14,67,135,57,118,98,88,51,29,129,3"/><V68/><F75/><W108/><G118/><T35/><D104/><U44/><E107/><V66/><F99/><W46/><G108/><N who="1" m="41546" /><E112/><V122/><F24/><W43/><G129/><T9/><D110/><U41/><E13/><V74/><F74/><W93/><G135/><N who="0" m="51723" /><D35/><U32/><E32/><V18/><F132/><W115/><G115/><T54/><D27/><N who="1" m="10251" /><E22/><V130/><F122/><W28/><G3/><T23/><D23/><U37/><E53/><V120/><F120/><W39/><G2/><T33/><D33/><U19/><E19/><V87/><F18/><W30/><G14/><T21/><D21/><U20/><E20/><V83/><F117/><W73/><G73/><T38/><D38/><U90/><E80/><V31/><F31/><W62/><G39/><T52/><D9/><U123/><E123/><V7/><F83/><W81/><G81/><T56/><D85/><U113/><E113/><V79/><F87/><W101/><G65/><T91/><D91/><AGARI ba="1,0" hai="4,5,37,41,44,89,90,91" m="10251,41546" machi="91" ten="30,3900,0" yaku="14,1,52,2" doraHai="0" who="1" fromWho="0" sc="239,-42,254,42,229,0,278,0" /><AGARI ba="1,0" hai="28,29,30,43,46,51,57,62,67,88,91,93,98,101" machi="91" ten="40,2600,0" yaku="8,1,54,1" doraHai="0" who="3" fromWho="0" sc="197,-26,296,0,229,0,278,26" /><INIT seed="3,0,0,1,4,6" ten="171,296,229,304" oya="3" hai0="129,18,24,21,56,116,108,113,104,51,60,9,42" hai1="50,106,96,134,93,83,37,74,110,62,15,112,43" hai2="3,97,135,45,12,25,40,115,114,31,2,120,109" hai3="44,86,76,126,68,98,66,26,122,132,118,77,79"/><W63/><G118/><T78/><D116/><U23/><E110/><V72/><F109/><W94/><G122/><T91/><D104/><U59/><E134/><V8/><F72/><W10/><G132/><T5/><D129/><U32/><E106/><V49/><F135/><W103/><G126/><T38/><D113/><U33/><E37/><V28/><F120/><W125/><G125/><T29/><D108/><U69/><E69/><V105/><F31/><W85/><G10/><T53/><D78/><U27/><E112/><V39/><F49/><W82/><G86/><T20/><D38/><U61/><E74/><V22/><F115/><W64/><G64/><T36/><D36/><U17/><E83/><V48/><F39/><W107/><G107/><T131/><D131/><U80/><E80/><V71/><F71/><W101/><G101/><T89/><D42/><U99/><E32/><V92/><F105/><W47/><REACH who="3" step="1"/><G26/><REACH who="3" ten="171,296,229,294" step="2"/><T65/><D21/><U133/><E96/><V55/><F114/><W124/><G124/><T0/><REACH who="0" step="1"/><D29/><REACH who="0" ten="161,296,229,294" step="2"/><U57/><E133/><V34/><F28/><W75/><G75/><T123/><D123/><U90/><E33/><V19/><F25/><W119/><G119/><T54/><D54/><U67/><E27/><N who="2" m="14815" /><F55/><W128/><G128/><T127/><D127/><U102/><E67/><V100/><F34/><W87/><G87/><T70/><AGARI ba="0,2" hai="0,5,9,18,20,24,51,53,56,60,65,70,89,91" machi="70" ten="20,5200,0" yaku="1,1,0,1,7,1,52,1,53,0" doraHai="6" doraHaiUra="81" who="0" fromWho="0" sc="161,72,296,-13,229,-13,294,-26" /><INIT seed="4,0,0,2,0,29" ten="233,283,216,268" oya="0" hai0="112,105,94,50,100,67,62,83,1,81,49,41,97" hai1="65,134,123,32,6,130,71,99,82,133,51,118,9" hai2="68,66,110,84,25,33,96,106,69,111,38,30,59" hai3="10,57,37,80,24,113,119,27,104,18,56,0,35"/><T108/><D1/><N who="1" m="207" /><E32/><V22/><F38/><W132/><G119/><T39/><D108/><U127/><E118/><V21/><F59/><W13/><G104/><T125/><D125/><U103/><E127/><V72/><F72/><W19/><G37/><T31/><D31/><U131/><E123/><V135/><F84/><W91/><G113/><T114/><D39/><U70/><E82/><N who="0" m="31241" /><D105/><N who="1" m="63743" /><E51/><V64/><F106/><W42/><G132/><N who="1" m="50794" /><E65/><V76/><F135/><W2/><G35/><T79/><D79/><U34/><E34/><V117/><F117/><W86/><G0/><T17/><D17/><U4/><E4/><V78/><F33/><W28/><G2/><T63/><D41/><U20/><E20/><V87/><F30/><W89/><G42/><T15/><D15/><U73/><E73/><V90/><F25/><W36/><G36/><T7/><D7/><U45/><E45/><V14/><F14/><W128/><G128/><BYE who="3" /><AGARI ba="0,0" hai="70,71,128,130,131" m="50794,63743,207" machi="128" ten="30,3900,0" yaku="19,1,20,1,23,1" doraHai="29" who="1" fromWho="3" sc="233,0,283,39,216,0,268,-39" owari="233,3.0,322,42.0,216,-28.0,229,-17.0" /></mjloggm>