<mjloggm ver="2.3"><GO type="41" lobby="0"/><UN n0="%E5%B0%B1%E6%B4%BB%E7%94%9F%40%E5%B7%9D%E6%9D%91%E8%BB%8D%E5%9B%A3" n1="%4D%61%72%75%6B%65%6E" n2="%E3%83%8F%E3%82%A4%E3%83%86%E3%83%B3%E3%83%9C%E3%83%BC" n3="%E3%83%8A%E3%83%84%E3%82%AB%E3%83%AF" dan="16,14,14,15" rate="2123.45,1953.12,2020.35,2055.50" sx="M,M,M,M"/><TAIKYOKU oya="0"/><INIT seed="0,0,0,3,0,11" ten="250,250,250,250" oya="0" hai0="45,52,115,27,36,114,34,120,18,94,110,126,78" hai1="112,99,89,3,51,77,86,43,57,28,47,55,2" hai2="44,108,30,26,111,48,107,35,49,97,14,63,22" hai3="104,125,24,69,7,37,39,113,79,50,121,82,33"/><T60/><D120/><U6/><E112/><V73/><F73/><W103/><G113/><T17/><D36/><U0/><E77/><V90/><F63/><W102/><G125/><T41/><D126/><U106/><E106/><V75/><F75/><W58/><G69/><T128/><D128/><U85/><E99/><V129/><F129/><W66/><G39/><T64/><D78/><U92/><E28/><V62/><F62/><W132/><G37/><T109/><D94/><U105/><E105/><V135/><F135/><W93/><G104/><T5/><D5/><U56/><E56/><V25/><F49/><W84/><G132/><T54/><D41/><U117/><E117/><V83/><F107/><W80/><G80/><T53/><D45/><U134/><E134/><V9/><F26/><W91/><G66/><T32/><D114/><U101/><E101/><V124/><F35/><W70/><G70/><T42/><D42/><U100/><E100/><V74/><F97/><W71/><G71/><N who="0" m="42375" /><D115/><U130/><E130/><V38/><F38/><W98/><G121/><T40/><D40/><U123/><E123/><V59/><F59/><W95/><G95/><T72/><D72/><U1/><E1/><V118/><F118/><W87/><G98/><T10/><D10/><U46/><E46/><V127/><F127/><W15/><G24/><T13/><D27/><U68/><E68/><V88/><F124/><W29/><G29/><T67/><D67/><U23/><E85/><N who="2" m="50239" /><F74/><W16/><G33/><N who="0" m="12907" /><D17/><U20/><E6/><N who="2" m="3383" /><F90/><W31/><G103/><T119/><D119/><U133/><E133/><RYUUKYOKU ba="0,0" sc="250,10,250,10,250,10,250,-30" hai0="13,18,52,53,54,109,110" hai1="0,2,3,20,23,43,47,51,55,57,86,89,92" hai2="22,25,30,44,48,108,111" /><INIT seed="0,1,0,0,3,102" ten="260,260,260,220" oya="0" hai0="56,7,109,66,61,115,94,55,78,60,116,114,131" hai1="96,5,112,45,70,0,42,82,105,100,41,118,124" hai2="130,113,13,119,93,103,8,110,47,133,84,21,6" hai3="108,25,90,126,34,57,87,18,24,104,76,63,81"/><T30/><D116/><U106/><E118/><V80/><F113/><W73/><G108/><T48/><D78/><U99/><E124/><V59/><F119/><W20/><G126/><T121/><D7/><U23/><E112/><V107/><F107/><W29/><G104/><T111/><D30/><U97/><E70/><V74/><F74/><W54/><REACH who="3" step="1"/><G90/><REACH who="3" ten="260,260,260,210" step="2"/><T40/><D121/><U58/><E106/><V134/><F110/><N who="0" m="41994" /><D131/><U51/><E82/><V22/><F130/><W15/><G15/><T72/><D94/><U44/><E0/><V83/><F83/><W27/><G27/><T75/><D75/><AGARI ba="1,1" hai="18,20,24,25,29,34,54,57,63,73,75,76,81,87" machi="75" ten="40,1300,0" yaku="1,1,53,0" doraHai="102" doraHaiUra="43" who="3" fromWho="0" sc="260,-16,260,0,260,0,210,26" /><INIT seed="1,0,0,5,2,74" ten="244,260,260,236" oya="1" hai0="130,133,120,134,82,52,80,31,78,119,84,33,63" hai1="46,64,106,59,76,27,110,66,91,97,65,115,8" hai2="104,112,128,117,39,116,77,6,9,100,34,122,94" hai3="2,99,131,96,48,57,113,124,42,107,50,71,18"/><U3/><E115/><V102/><F122/><W53/><G113/><T81/><D119/><U88/><E110/><V61/><F112/><W79/><G71/><T10/><D120/><U83/><E27/><V62/><F39/><W55/><G2/><T72/><D130/><U5/><E46/><V26/><F104/><W103/><G131/><T105/><D105/><U89/><E106/><V41/><F41/><W54/><G124/><T24/><D10/><U35/><E35/><V49/><F128/><W51/><G99/><T58/><REACH who="0" step="1"/><D81/><REACH who="0" ten="234,260,260,236" step="2"/><U67/><E67/><V12/><F117/><W22/><G42/><T23/><D23/><U98/><REACH who="1" step="1"/><E59/><REACH who="1" ten="234,250,260,236" step="2"/><V29/><F116/><W126/><G57/><T60/><D60/><U92/><E92/><V73/><F94/><W37/><G107/><T17/><D17/><U4/><E4/><V101/><F62/><W129/><G18/><T108/><D108/><U75/><AGARI ba="0,2" hai="3,5,8,64,65,66,75,76,83,88,89,91,97,98" machi="75" ten="30,12000,1" yaku="1,1,0,1,52,1,54,1,53,1" doraHai="74" doraHaiUra="0" who="1" fromWho="1" sc="234,-40,250,140,260,-40,236,-40" /><INIT seed="1,1,0,0,4,106" ten="194,390,220,196" oya="1" hai0="90,130,38,24,73,107,9,60,78,76,121,51,26" hai1="7,114,32,75,50,13,29,21,64,1,129,10,81" hai2="5,119,96,12,3,103,48,43,86,98,58,116,88" hai3="40,39,14,54,97,128,124,27,15,71,53,42,133"/><U74/><E114/><V23/><F3/><W49/><G71/><T0/><D107/><U30/><E129/><V45/><F58/><W126/><G97/><T80/><D130/><U105/><E105/><V131/><F131/><W115/><G128/><T94/><D121/><U66/><E50/><V110/><F110/><W84/><G84/><T19/><D78/><U56/><E81/><V109/><F109/><W37/><G49/><T70/><D38/><N who="3" m="14345" /><G27/><T55/><D60/><U46/><E46/><V113/><F113/><W34/><G34/><T61/><D61/><U28/><E32/><V132/><F132/><W112/><G15/><T135/><D135/><U52/><E66/><V118/><F103/><W99/><G99/><T65/><D65/><U59/><E64/><V25/><F12/><W18/><G18/><T62/><D62/><U36/><E36/><V68/><F5/><W102/><G102/><T35/><D70/><U91/><E91/><V77/><F77/><W100/><G100/><T123/><D123/><U44/><E44/><V127/><F68/><W41/><G14/><T82/><D82/><U2/><E2/><V4/><F4/><W11/><G11/><T79/><D79/><U16/><E59/><V89/><F89/><W57/><G133/><T134/><D134/><U85/><E85/><V101/><F101/><W108/><G57/><N who="0" m="33023" /><D35/><U31/><E31/><V92/><REACH who="2" step="1"/><F127/><REACH who="2" ten="194,390,210,196" step="2"/><N who="3" m="48683" /><G108/><T20/><D0/><U93/><E1/><V47/><F47/><W83/><G115/><T87/><D9/><U122/><E13/><AGARI ba="1,1" hai="13,19,20,24,26,73,76,80,87,90,94" m="33023" machi="13" ten="30,2000,0" yaku="25,1,52,1" doraHai="106" who="0" fromWho="1" sc="194,33,390,-23,210,0,196,0" /><INIT seed="2,0,0,0,3,39" ten="227,367,210,196" oya="2" hai0="0,42,26,92,101,77,72,58,6,107,10,8,71" hai1="19,102,133,94,91,127,123,14,108,23,87,134,18" hai2="84,103,126,114,12,61,32,105,132,67,59,135,128" hai3="131,80,9,89,37,56,25,74,5,63,112,44,64"/><V40/><F32/><W111/><G111/><T27/><D71/><U17/><E108/><V28/><F28/><W73/><G131/><T21/><D107/><U124/><E123/><V29/><F29/><W47/><G112/><T95/><D10/><U34/><E34/><V60/><F114/><W113/><G113/><T117/><D117/><U16/><REACH who="1" step="1"/><E102/><REACH who="1" ten="227,357,210,196" step="2"/><V45/><F103/><W110/><G110/><T52/><D101/><U22/><E22/><V43/><F105/><W33/><G33/><T35/><D35/><U62/><E62/><V81/><F126/><AGARI ba="0,1" hai="14,16,17,18,19,23,87,91,94,124,126,127,133,134" machi="126" ten="40,5200,0" yaku="1,1,18,1,54,1,53,0" doraHai="39" doraHaiUra="66" who="1" fromWho="2" sc="227,0,357,62,210,-52,196,0" /><INIT seed="3,0,0,0,0,19" ten="227,419,158,196" oya="3" hai0="41,121,34,130,3,1,120,104,76,17,91,127,72" hai1="15,58,77,4,96,86,119,44,46,32,105,101,60" hai2="102,37,0,36,16,45,94,63,28,13,95,14,122" hai3="50,68,25,69,12,107,109,56,106,18,57,80,125"/><W85/><G125/><T9/><D104/><U100/><E32/><V21/><F0/><W79/><G107/><T128/><D72/><U62/><E101/><V132/><F28/><W10/><G106/><T51/><D76/><U29/><E29/><V78/><F78/><W116/><G116/><T108/><D41/><U74/><E74/><V117/><F117/><W31/><G109/><T113/><D91/><U52/><E62/><V129/><F129/><N who="0" m="49770" /><D51/><U92/><E119/><V124/><F124/><W64/><G64/><T40/><D40/><U43/><E105/><V81/><F81/><W98/><G98/><T65/><D65/><U126/><E126/><V115/><F115/><W47/><G69/><T54/><D54/><U133/><E133/><V42/><F132/><W66/><G66/><T112/><D127/><U111/><E111/><V99/><F37/><W53/><REACH who="3" step="1"/><G68/><REACH who="3" ten="227,419,158,186" step="2"/><T123/><D108/><U35/><E43/><V97/><F122/><W70/><G70/><T49/><D123/><U55/><E55/><V87/><F87/><W20/><AGARI ba="0,1" hai="10,12,18,20,25,31,47,50,53,56,57,79,80,85" machi="20" ten="20,18000,2" yaku="1,1,0,1,7,1,8,1,52,1,53,1" doraHai="19" doraHaiUra="6" who="3" fromWho="3" sc="227,-60,419,-60,158,-60,186,190" /><INIT seed="3,1,0,1,3,116" ten="167,359,98,376" oya="3" hai0="28,72,73,122,104,67,132,52,114,77,109,112,20" hai1="74,1,125,49,11,43,36,4,8,45,85,101,121" hai2="51,10,56,25,71,78,107,23,127,38,81,80,91" hai3="131,86,46,120,9,83,118,32,110,129,126,26,15"/><W34/><G118/><T31/><D104/><U39/><E74/><V57/><F71/><W134/><G126/><T13/><D67/><U70/><E125/><V88/><F127/><W30/><G134/><T6/><D132/><U21/><E70/><V65/><F107/><W40/><G120/><T128/><D128/><U61/><E61/><V54/><F38/><W69/><G69/><T18/><D109/><U96/><E121/><V103/><F103/><W133/><G133/><T75/><D77/><U59/><E59/><V2/><F2/><W14/><G110/><T37/><D37/><U60/><E60/><V5/><F65/><W68/><G68/><T130/><D130/><N who="3" m="49673" /><G34/><T55/><D6/><U97/><E85/><V89/><F57/><W87/><G87/><T79/><D79/><U53/><E53/><N who="0" m="20553" /><D122/><U63/><E63/><V117/><F117/><W113/><G113/><AGARI ba="1,0" hai="13,18,20,28,31,72,73,75,112,113,114" m="20553" machi="113" ten="40,2600,0" yaku="11,1,54,1" doraHai="116" who="0" fromWho="3" sc="167,29,359,0,98,0,376,-29" /><INIT seed="4,0,0,1,1,99" ten="196,359,98,347" oya="0" hai0="113,52,129,8,85,63,106,44,18,16,103,14,20" hai1="24,41,105,17,93,70,1,107,128,49,130,118,40" hai2="135,131,111,60,6,97,56,26,9,25,125,69,101" hai3="61,53,108,88,51,48,13,11,32,4,66,73,90"/><T116/><D116/><U102/><E118/><V42/><F111/><W112/><G108/><T124/><D113/><U23/><E70/><V72/><F69/><W134/><G73/><T10/><D124/><U7/><E1/><V109/><F72/><W62/><G134/><T117/><D117/><U81/><E81/><V94/><F109/><W65/><G32/><T122/><D122/><U96/><E7/><V64/><F135/><W121/><G112/><T75/><D75/><U21/><E21/><V46/><F125/><W123/><G62/><T82/><D129/><N who="1" m="49771" /><E49/><N who="3" m="19018" /><G53/><T5/><D44/><U30/><E30/><V38/><REACH who="2" step="1"/><F131/><REACH who="2" ten="196,359,88,347" step="2"/><W87/><G123/><T68/><D68/><U19/><E19/><V59/><F59/><W71/><G71/><T54/><D18/><U12/><E24/><V80/><F80/><W120/><G120/><T86/><D63/><U89/><E107/><V74/><F74/><W114/><G61/><T91/><D8/><U77/><E105/><V58/><F58/><W2/><G114/><T29/><D29/><U67/><E67/><V36/><F36/><W3/><G66/><T119/><D119/><U104/><E104/><V27/><F27/><W55/><G65/><T79/><D106/><U22/><E17/><V31/><F31/><W78/><G121/><T110/><D110/><U84/><E41/><V47/><F47/><W57/><G57/><T127/><D127/><U50/><E40/><V37/><F37/><W132/><G132/><T33/><D10/><U28/><E28/><V126/><F126/><W76/><G11/><T0/><D16/><RYUUKYOKU ba="0,1" sc="196,-10,359,-10,88,30,347,-10" hai2="6,9,25,26,38,42,46,56,60,64,94,97,101" /><INIT seed="5,1,1,1,1,90" ten="186,349,118,337" oya="1" hai0="61,117,102,134,17,53,95,135,22,30,49,20,43" hai1="28,129,119,132,34,101,94,7,87,39,46,36,100" hai2="81,57,73,29,16,63,109,52,42,104,118,62,96" hai3="133,56,27,115,125,106,120,76,72,78,31,58,37"/><U32/><E119/><V44/><F118/><W114/><G106/><T127/><D117/><U26/><E132/><N who="0" m="50729" /><D127/><U11/><E129/><V92/><F109/><W67/><G120/><T122/><D122/><U88/><E34/><V59/><F104/><W113/><G133/><T50/><D30/><U6/><E6/><V51/><F29/><W18/><G125/><T8/><D8/><U24/><E24/><V107/><F107/><W65/><G37/><T33/><D33/><U110/><E110/><V98/><F73/><W112/><G112/><T71/><D43/><U35/><E35/><V2/><F2/><W111/><G111/><T10/><D10/><U93/><E93/><V121/><F81/><N who="3" m="45191" /><G78/><T45/><D50/><U60/><E60/><V69/><F69/><W66/><G31/><T54/><D17/><U126/><E126/><V0/><F0/><W4/><G4/><T70/><D54/><U3/><REACH who="1" step="1"/><E46/><REACH who="1" ten="186,339,118,337" step="2"/><V25/><F121/><W116/><G116/><T130/><D130/><U23/><E23/><AGARI ba="1,2" hai="18,23,27,56,58,65,66,67,113,114,115" m="45191" machi="23" ten="40,1300,0" yaku="15,1" doraHai="90" who="3" fromWho="1" sc="186,0,339,-16,118,0,337,36" /><INIT seed="6,0,0,2,1,85" ten="186,323,118,373" oya="2" hai0="108,107,30,98,3,95,23,7,117,42,92,113,135" hai1="29,122,93,63,114,110,36,80,111,131,26,91,121" hai2="87,129,118,88,101,34,82,102,32,1,75,16,70" hai3="105,86,22,31,120,76,48,132,50,133,46,71,49"/><V8/><F118/><W0/><G105/><T64/><D117/><U45/><E114/><V18/><F70/><W56/><G0/><T5/><D108/><U73/><E63/><V17/><F75/><W38/><G71/><T47/><D135/><N who="3" m="51785" /><G38/><T53/><D107/><U104/><E45/><V79/><F79/><W83/><G56/><T127/><D64/><U81/><E36/><V52/><F129/><W24/><G120/><N who="1" m="46186" /><E29/><V100/><REACH who="2" step="1"/><F52/><AGARI ba="0,0" hai="22,24,31,46,48,49,50,52,76,83,86" m="51785" machi="52" ten="30,2000,0" yaku="20,1,54,1" doraHai="85" who="3" fromWho="2" sc="186,0,323,0,118,-20,373,20" /><INIT seed="7,0,0,0,4,109" ten="186,323,98,393" oya="3" hai0="50,75,72,40,66,102,14,84,52,19,68,81,34" hai1="57,120,62,123,106,74,29,87,5,77,26,115,101" hai2="96,70,97,30,60,135,99,65,44,127,126,95,93" hai3="69,49,13,9,12,45,134,114,86,111,11,91,35"/><W98/><G114/><T83/><D40/><U20/><E74/><V61/><F30/><W79/><G134/><T131/><D131/><U36/><E36/><V110/><F110/><W3/><G69/><T38/><D38/><U7/><E115/><V27/><F27/><W28/><G3/><T56/><D34/><U82/><E123/><V55/><F135/><W128/><G28/><T53/><D102/><U37/><E37/><V39/><F39/><W119/><G35/><T2/><D2/><U105/><E120/><V108/><F108/><W73/><G119/><T76/><D53/><U130/><E130/><V124/><F44/><W113/><G113/><T116/><D116/><U21/><E21/><V43/><F43/><W8/><G73/><T112/><D112/><U90/><E90/><V0/><F0/><W41/><G128/><T22/><D81/><U89/><E89/><V47/><F47/><W23/><G23/><T25/><D25/><U64/><E106/><V18/><F18/><W71/><G71/><T85/><D75/><U121/><E121/><V133/><F133/><W104/><G104/><T67/><D68/><U51/><E51/><V48/><F48/><W80/><G111/><T15/><D15/><N who="3" m="5705" /><G98/><T100/><D100/><U107/><E105/><V54/><REACH who="2" step="1"/><F61/><REACH who="2" ten="186,323,88,393" step="2"/><W6/><G6/><T46/><D46/><U42/><E42/><V94/><AGARI ba="0,1" hai="54,55,60,65,70,93,94,95,96,97,99,124,126,127" machi="94" ten="40,12000,2" yaku="1,1,2,1,0,1,29,2,18,1,53,0" doraHai="109" doraHaiUra="4" who="2" fromWho="2" sc="186,-30,323,-30,88,130,393,-60" owari="156,-34.0,293,9.0,218,-18.0,333,43.0" /></mjloggm>