<mjloggm ver="2.3"><GO type="97" lobby="0"/><UN n0="%E3%83%9A%E3%82%B3" n1="%E6%9F%B3%E3%81%AB%E7%95%AA%E5%82%98" n2="%E8%B5%A4%E3%83%9E%E9%9B%80%E5%A3%AB" n3="%E3%83%88%E3%83%88%E3%83%AA%E5%85%88%E7%94%9F%31%39%E6%AD%B3" dan="15,16,14,15" rate="2018.98,2081.13,1951.41,2053.67" sx="M,M,M,F"/><TAIKYOKU oya="0"/><INIT seed="0,0,0,0,5,114" ten="250,250,250,250" oya="0" hai0="134,84,89,105,96,100,42,77,51,69,11,37,16" hai1="50,21,28,95,1,4,43,38,19,14,126,32,90" hai2="131,22,98,128,65,72,79,113,35,24,23,29,54" hai3="27,6,129,70,71,112,66,88,41,60,117,62,80"/><T125/><D37/><U49/><E43/><V31/><F113/><W87/><G112/><T102/><D69/><U12/><E12/><V75/><F65/><W97/><G129/><N who="2" m="49737" /><F98/><W0/><G117/><T81/><D134/><U82/><E82/><V53/><F79/><W25/><G41/><T101/><D125/><U7/><E7/><V73/><F35/><W99/><G6/><T120/><D120/><U57/><E57/><V83/><F83/><W17/><G0/><T20/><D11/><N who="1" m="2447" /><E38/><V40/><F40/><W92/><G97/><T5/><D5/><U67/><E67/><V116/><F116/><W9/><G70/><T130/><D130/><U103/><E103/><V91/><F91/><W3/><G3/><T132/><D132/><U86/><E126/><V123/><F123/><W108/><G71/><T44/><REACH who="0" step="1"/><D89/><REACH who="0" ten="240,250,250,250" step="2"/><U36/><E36/><V94/><F31/><W59/><G9/><T111/><D111/><U124/><E124/><V78/><F29/><W33/><G108/><T15/><AGARI ba="0,1" hai="15,16,20,42,44,51,77,81,84,96,100,101,102,105" machi="15" ten="20,7800,0" yaku="1,1,0,1,7,1,54,1,53,0" doraHai="114" doraHaiUra="106" who="0" fromWho="0" sc="240,88,250,-26,250,-26,250,-26" /><INIT seed="0,1,0,4,4,30" ten="328,224,224,224" oya="0" hai0="103,132,64,51,122,124,86,80,96,65,0,90,88" hai1="52,1,41,95,125,10,36,81,5,128,18,14,62" hai2="113,98,79,117,71,40,83,101,28,92,121,8,7" hai3="133,34,42,37,25,76,31,57,49,116,47,69,53"/><T50/><D0/><U67/><E128/><V89/><F121/><W70/><G116/><T15/><D122/><U16/><E125/><V85/><F113/><W61/><G133/><T102/><D132/><U23/><E18/><V29/><F117/><W106/><G106/><T2/><D2/><U108/><E108/><V74/><F71/><W48/><G37/><T115/><D115/><U105/><E105/><V54/><F54/><W127/><G127/><T4/><D124/><U63/><E81/><V35/><F40/><W58/><REACH who="3" step="1"/><G76/><REACH who="3" ten="328,224,224,214" step="2"/><T123/><D123/><U33/><E36/><V135/><F135/><W97/><G97/><T104/><D104/><U119/><E119/><V110/><F110/><W3/><G3/><T131/><D96/><U24/><E1/><V39/><F39/><W38/><G38/><T99/><D99/><U94/><E41/><V26/><F101/><W82/><G82/><T107/><D80/><U112/><E112/><V87/><REACH who="2" step="1"/><F29/><REACH who="2" ten="328,224,214,214" step="2"/><W56/><G56/><T72/><D103/><U21/><E67/><AGARI ba="1,2" hai="25,31,34,42,47,48,49,53,57,58,61,67,69,70" machi="67" ten="30,3900,0" yaku="1,1,7,1,52,1,53,0" doraHai="30" doraHaiUra="78" who="3" fromWho="1" sc="328,0,224,-42,214,0,214,62" /><INIT seed="1,0,0,0,5,122" ten="328,182,214,276" oya="1" hai0="45,5,54,55,120,7,97,84,31,72,80,63,24" hai1="50,64,22,85,67,69,111,34,70,132,43,130,95" hai2="71,93,131,40,65,48,25,135,134,58,114,100,28" hai3="105,68,27,36,17,26,39,19,1,53,98,73,15"/><U51/><E34/><V6/><F131/><W109/><G1/><T49/><D72/><U35/><E35/><V4/><F71/><N who="1" m="27145" /><E22/><N who="2" m="15415" /><F114/><W10/><G73/><T75/><D75/><U33/><E33/><V66/><F40/><W90/><G68/><T96/><D7/><N who="2" m="2602" /><F48/><N who="1" m="18473" /><E130/><V78/><F78/><W76/><G76/><T94/><D5/><U20/><E20/><V116/><F116/><W18/><G105/><T42/><D97/><U88/><E43/><V46/><F46/><W61/><G98/><T121/><D45/><U56/><E56/><V126/><F58/><W108/><G90/><T52/><D42/><U113/><E113/><V99/><F126/><W119/><G26/><T129/><D24/><U21/><E21/><V32/><F32/><W12/><G119/><T57/><D129/><U9/><E9/><V79/><F79/><W74/><G74/><T77/><D57/><U81/><E81/><V41/><F41/><W3/><G27/><T47/><D80/><U30/><E30/><V102/><F100/><W13/><G3/><T107/><D31/><U2/><E2/><V110/><F102/><W118/><G10/><T112/><D112/><U104/><E104/><V123/><F99/><W14/><G14/><T115/><D107/><U101/><E101/><V11/><F11/><W106/><G118/><T38/><D115/><U125/><E125/><V133/><F93/><W16/><N who="3" m="4096" /><DORA hai="92" /><W0/><G0/><T128/><D96/><U62/><E62/><V89/><F89/><W60/><G106/><T8/><D128/><U23/><E88/><V29/><F29/><RYUUKYOKU ba="0,0" sc="328,0,182,0,214,0,276,0" /><INIT seed="2,1,0,4,4,22" ten="328,182,214,276" oya="2" hai0="4,12,135,0,24,90,81,72,123,59,49,121,56" hai1="27,128,117,20,99,3,46,21,98,43,83,34,101" hai2="37,2,23,66,104,111,87,84,115,109,40,110,92" hai3="130,9,55,133,29,73,68,67,118,47,15,6,63"/><V35/><F104/><W93/><G118/><T48/><D0/><U65/><E117/><V74/><F35/><W11/><G73/><T1/><D1/><U105/><E3/><V64/><F115/><W107/><G107/><T13/><D135/><U60/><E128/><V76/><F2/><W18/><G133/><T114/><D114/><U94/><E83/><N who="2" m="45463" /><F92/><W116/><G130/><T120/><D24/><U17/><E34/><V89/><F84/><W28/><G116/><T103/><D103/><U126/><E126/><V7/><F7/><W124/><G124/><T82/><D72/><U16/><E21/><V38/><F23/><W33/><G33/><T26/><D26/><U50/><E99/><V131/><F131/><W77/><G77/><T30/><D30/><N who="1" m="17767" /><E105/><V45/><F37/><W78/><G78/><T95/><D4/><U53/><E43/><V58/><F58/><AGARI ba="1,0" hai="16,17,46,50,53,58,60,65,94,98,101" m="17767" machi="58" ten="30,7700,0" yaku="25,1,8,1,52,1,54,1" doraHai="22" who="1" fromWho="2" sc="328,0,182,80,214,-80,276,0" /><INIT seed="3,0,0,1,5,119" ten="328,262,134,276" oya="3" hai0="94,77,55,4,75,86,62,7,111,40,95,76,88" hai1="98,121,108,71,46,109,26,52,110,107,12,19,38" hai2="53,128,134,117,131,57,15,2,83,41,113,44,1" hai3="87,102,105,34,69,103,67,118,116,47,65,59,81"/><W68/><G34/><T35/><D35/><U74/><E74/><V29/><F117/><W23/><G118/><T5/><D75/><U80/><E71/><V135/><F113/><W100/><G105/><T14/><D40/><U122/><E26/><V78/><F15/><W130/><G130/><N who="2" m="49705" /><F29/><W63/><G116/><T42/><D42/><N who="1" m="22871" /><E80/><V61/><F83/><W120/><G120/><N who="1" m="46186" /><E52/><N who="2" m="33959" /><F78/><W3/><G3/><T66/><D77/><U37/><E98/><V92/><F92/><W96/><G96/><T24/><D95/><U51/><E107/><V8/><F8/><W10/><G10/><T18/><D76/><U54/><E19/><V72/><F72/><W49/><G23/><T114/><D24/><U106/><E12/><V115/><F53/><N who="3" m="34287" /><G69/><T56/><D114/><U17/><E17/><V64/><F115/><W127/><G68/><T123/><D123/><U89/><E89/><V30/><F30/><W13/><G13/><T85/><D14/><U31/><E31/><V27/><F27/><W11/><G11/><T126/><D7/><U22/><E22/><V25/><F25/><W132/><G81/><T73/><D5/><U70/><E106/><V129/><N who="2" m="49713" /><V36/><DORA hai="82" /><F64/><N who="3" m="24651" /><G87/><T84/><D85/><U91/><E91/><V112/><F112/><W43/><G103/><T124/><D84/><U101/><E101/><V60/><F60/><W33/><G102/><T48/><D86/><U99/><E99/><V90/><F90/><W93/><G100/><T16/><D88/><U20/><E20/><V133/><F133/><W6/><G132/><N who="2" m="50729" /><F1/><W45/><G33/><RYUUKYOKU ba="0,0" sc="328,-10,262,-10,134,30,276,-10" hai2="2,36,41,44" owari="318,42.0,252,-15.0,164,-34.0,266,7.0" /></mjloggm>