<mjloggm ver="2.3"><GO type="225" lobby="0"/><UN n0="%E3%82%A6%E3%83%AB%E3%83%88%E3%83%A9%E7%AB%8B%E7%9B%B4" n1="%61%6B%69%21%21%21" n2="%E5%85%A8%E8%87%AA%E5%8B%95%E5%8D%93%E3%81%AE%E4%B8%AD%E3%81%AE%E4%BA%BA" n3="%E3%82%B5%E3%83%9C" dan="17,17,16,16" rate="2095.21,2173.66,2086.57,2096.06" sx="M,M,M,M"/><TAIKYOKU oya="0"/><INIT seed="0,0,0,1,1,91" ten="250,250,250,250" oya="0" hai0="110,55,39,122,125,30,132,123,24,58,54,14,95" hai1="106,129,11,75,46,43,103,115,61,1,105,89,62" hai2="53,9,23,2,72,90,37,48,130,4,67,34,56" hai3="49,19,111,96,81,20,29,36,77,41,114,10,32"/><T70/><D70/><U116/><E75/><V25/><F37/><W117/><G114/><T126/><D39/><U118/><E118/><V97/><F130/><W112/><G112/><T69/><D14/><U92/><E116/><V50/><F72/><W5/><G117/><T64/><D69/><U135/><E115/><V107/><F67/><W102/><G111/><T98/><D64/><U17/><E103/><V86/><F34/><W79/><G36/><T78/><D78/><U0/><E106/><V42/><F107/><W113/><G113/><T66/><D66/><U100/><E100/><V7/><F7/><W31/><G32/><T18/><D18/><U26/><E105/><V94/><F42/><W27/><G49/><N who="0" m="31055" /><D55/><U128/><E0/><V80/><F48/><W99/><G41/><T101/><D110/><U133/><E1/><V38/><F38/><W84/><G77/><T28/><D28/><N who="3" m="10825" /><G102/><T134/><D123/><U12/><E26/><V82/><REACH who="2" step="1"/><F97/><REACH who="2" ten="250,250,240,250" step="2"/><W71/><G71/><T93/><D122/><U65/><E129/><V131/><F131/><W68/><G68/><T124/><D124/><U15/><E128/><V87/><F87/><W109/><G109/><T121/><D121/><U119/><E119/><V74/><F74/><W60/><G60/><T120/><D120/><U63/><E65/><V47/><F47/><W51/><G51/><T45/><D45/><U57/><E46/><V76/><F76/><W6/><G5/><T21/><D126/><U127/><E127/><V104/><F104/><W52/><G52/><T22/><D125/><U35/><E43/><RYUUKYOKU ba="0,1" sc="250,-15,250,-15,240,15,250,15" hai2="2,4,9,23,25,50,53,56,80,82,86,90,94" hai3="6,10,19,20,27,79,81,84,96,99" /><INIT seed="1,1,1,4,4,75" ten="235,235,255,265" oya="1" hai0="38,23,61,85,132,20,52,49,34,102,100,29,78" hai1="48,4,47,101,124,66,40,108,51,68,65,37,67" hai2="70,32,46,18,114,14,117,60,135,89,76,106,81" hai3="22,120,93,53,77,13,121,109,56,116,39,64,7"/><U98/><E68/><V73/><F117/><W42/><G109/><T83/><D38/><U119/><E119/><V130/><F130/><W24/><G116/><T118/><D34/><U6/><E124/><V45/><F106/><W128/><G128/><T30/><D61/><U17/><E108/><V122/><F32/><W19/><G64/><T43/><D43/><U25/><E51/><V50/><F122/><W71/><G71/><T3/><D3/><U16/><E37/><V87/><F135/><W133/><G133/><T10/><D10/><U105/><REACH who="1" step="1"/><E25/><REACH who="1" ten="235,225,255,265" step="2"/><V115/><F70/><W27/><G27/><N who="0" m="16615" /><D132/><U15/><E15/><V94/><F60/><W28/><G39/><T31/><D118/><U92/><E92/><V74/><F74/><W104/><G93/><T126/><D126/><U96/><E96/><V55/><REACH who="2" step="1"/><F46/><REACH who="2" ten="235,225,245,265" step="2"/><W57/><G104/><T41/><D49/><U90/><E90/><V0/><F0/><W9/><G120/><T12/><D102/><U127/><E127/><V21/><AGARI ba="1,3" hai="14,18,21,45,50,55,73,76,81,87,89,94,114,115" machi="21" ten="30,4000,0" yaku="1,1,0,1,52,1,53,0" doraHai="75" doraHaiUra="59" who="2" fromWho="2" sc="235,-11,225,-21,245,73,265,-11" /><INIT seed="2,0,0,3,5,45" ten="224,204,318,254" oya="2" hai0="23,101,126,99,66,121,57,18,75,85,68,122,89" hai1="74,29,10,118,83,76,113,49,107,16,31,25,64" hai2="69,94,128,71,34,87,11,82,60,109,6,86,52" hai3="90,73,26,12,33,125,2,111,4,134,70,21,14"/><V81/><F34/><W22/><G70/><T65/><D68/><U47/><E113/><V124/><F94/><W116/><G73/><T19/><D75/><U106/><E118/><V91/><F124/><W93/><G116/><T62/><D126/><U97/><E64/><V79/><F128/><W37/><G125/><T9/><D9/><U17/><E31/><V50/><F60/><W129/><G129/><T96/><D66/><U80/><E80/><V127/><F109/><W43/><G134/><T20/><D101/><U35/><E97/><V44/><F127/><W55/><G2/><AGARI ba="0,0" hai="2,6,11,44,50,52,69,71,79,81,82,86,87,91" machi="2" ten="30,5800,0" yaku="7,1,52,1,54,1" doraHai="45" who="2" fromWho="3" sc="224,0,204,0,318,58,254,-58" /><INIT seed="2,1,0,0,2,72" ten="224,204,376,196" oya="2" hai0="2,134,112,3,118,132,67,116,120,20,6,34,80" hai1="5,28,71,90,54,86,113,1,30,7,95,131,119" hai2="117,32,69,107,74,14,70,8,111,49,15,47,110" hai3="89,11,93,18,10,39,21,123,37,44,84,25,16"/><V130/><F107/><W50/><G123/><T92/><D34/><U19/><E71/><V125/><F117/><N who="0" m="45162" /><D112/><U45/><E1/><N who="0" m="9" /><D6/><N who="1" m="2059" /><E113/><V46/><F32/><W57/><G57/><T33/><D33/><U88/><E131/><V51/><F74/><W58/><G58/><T127/><D120/><U36/><E36/><V22/><F22/><W129/><G129/><T26/><D127/><U102/><E102/><V52/><F130/><W23/><G37/><T41/><D67/><U17/><E119/><V65/><F125/><W59/><G59/><T68/><D68/><N who="2" m="26218" /><F8/><W99/><G39/><T108/><D92/><N who="1" m="54295" /><E54/><N who="2" m="30007" /><F65/><W64/><G64/><T94/><D94/><U42/><E30/><V38/><F38/><W82/><G44/><T4/><D4/><U55/><E28/><V13/><F14/><N who="3" m="9367" /><G50/><T122/><D122/><U62/><E42/><V126/><F126/><W53/><G53/><T98/><D41/><U104/><E104/><V35/><F35/><W101/><AGARI ba="1,0" hai="10,11,18,23,25,82,84,89,93,99,101" m="9367" machi="101" ten="30,2000,0" yaku="8,1,54,1" doraHai="72" who="3" fromWho="3" sc="224,-6,204,-6,376,-11,196,23" /><INIT seed="3,0,0,0,1,51" ten="218,198,365,219" oya="3" hai0="40,129,74,48,94,111,33,133,115,92,47,109,39" hai1="112,41,121,84,0,17,110,52,5,130,18,8,16" hai2="108,125,12,42,132,68,119,78,83,61,71,127,6" hai3="21,35,77,38,75,66,72,24,124,117,32,107,120"/><W105/><G117/><T100/><D74/><U88/><E121/><V99/><F119/><W37/><G120/><T30/><D129/><U57/><E112/><V79/><F42/><W90/><G124/><N who="2" m="47689" /><F108/><N who="0" m="41546" /><D133/><U64/><E110/><V46/><F46/><W86/><G66/><T56/><D100/><U1/><E41/><V22/><F132/><W10/><G10/><T65/><D115/><U58/><E130/><V101/><F61/><W80/><G72/><T116/><D116/><U122/><E122/><V104/><F78/><W36/><G107/><T63/><D39/><U69/><E0/><V93/><F93/><N who="0" m="35946" /><D30/><U114/><E114/><V131/><F131/><W11/><G105/><T98/><D98/><U70/><E58/><V60/><F60/><W73/><G73/><T23/><D23/><U15/><E64/><V85/><F22/><W103/><G103/><T59/><D33/><U126/><E126/><V89/><F79/><W13/><G35/><T91/><D91/><U45/><E45/><V76/><F76/><W102/><G32/><T67/><D67/><U135/><E135/><V14/><F6/><N who="3" m="3319" /><G102/><T81/><D81/><U49/><E1/><V27/><F27/><W118/><G118/><T97/><D97/><U62/><E62/><V44/><F104/><W50/><G50/><T29/><D29/><U28/><E28/><V2/><F101/><W31/><G38/><T26/><D26/><U34/><E34/><V7/><F2/><W96/><G75/><T25/><D25/><U123/><E123/><V134/><F134/><W55/><G55/><T87/><D87/><RYUUKYOKU ba="0,0" sc="218,10,198,10,365,-30,219,10" hai0="40,47,48,56,59,63,65" hai1="5,8,15,16,17,18,49,52,57,69,70,84,88" hai3="21,24,31,36,37,77,80,86,90,96" /><INIT seed="3,1,0,3,4,111" ten="228,208,335,229" oya="3" hai0="20,8,55,83,89,74,91,64,40,125,32,35,36" hai1="133,1,120,56,44,70,58,132,94,46,71,5,87" hai2="79,26,116,68,31,33,21,84,42,108,131,113,106" hai3="82,107,4,50,101,115,73,123,37,85,95,17,22"/><W110/><G37/><T49/><D64/><U66/><E1/><V77/><F108/><W27/><G123/><T88/><D40/><U112/><E5/><V119/><F113/><W53/><G107/><T67/><D67/><U16/><E120/><V34/><F68/><N who="1" m="26153" /><E94/><V92/><F131/><W78/><G110/><T81/><D36/><U3/><E87/><V24/><F106/><W15/><G115/><T48/><D8/><U39/><E3/><V7/><F7/><W2/><G2/><T9/><D9/><U102/><E102/><V43/><F92/><W63/><G63/><T90/><D90/><U93/><E93/><V19/><F84/><W18/><G4/><T105/><D89/><U47/><E39/><V11/><F11/><N who="3" m="6399" /><G73/><T25/><D74/><U61/><E16/><V0/><F0/><W28/><G18/><T62/><D105/><U29/><E29/><V80/><F19/><W54/><G101/><T114/><D114/><U65/><E112/><V23/><F31/><W57/><G95/><T135/><D20/><U96/><E96/><V99/><F99/><W109/><G109/><T13/><D13/><U30/><E30/><V69/><F69/><W6/><G6/><T127/><D25/><U128/><E128/><V126/><F126/><W76/><G78/><T45/><D32/><U51/><E51/><V130/><F130/><W117/><G117/><T118/><D35/><U103/><E103/><V75/><F75/><W52/><AGARI ba="1,0" hai="22,27,28,50,52,53,54,57,76,82,85" m="6399" machi="52" ten="30,3000,0" yaku="8,1,54,1" doraHai="111" who="3" fromWho="3" sc="228,-11,208,-11,335,-11,229,33" /><INIT seed="3,2,0,0,2,101" ten="217,197,324,262" oya="3" hai0="36,70,12,59,25,18,82,93,90,67,117,115,62" hai1="60,30,32,13,71,77,16,104,51,120,128,34,118" hai2="114,23,47,7,66,135,53,110,102,123,132,80,39" hai3="79,83,116,122,88,103,87,45,61,56,48,98,113"/><W5/><G116/><T29/><D36/><U11/><E120/><V74/><F114/><W112/><G122/><T37/><D37/><U26/><E118/><V95/><F123/><W108/><G5/><T97/><D117/><U84/><E104/><V121/><F121/><W22/><G22/><N who="0" m="15543" /><D70/><U10/><E128/><V127/><F66/><W126/><G126/><T111/><D111/><U52/><E10/><V125/><F110/><W91/><G108/><T99/><D115/><U106/><E106/><V89/><F102/><W94/><G112/><T14/><D82/><U68/><E60/><V33/><F33/><W15/><G15/><N who="0" m="5675" /><D18/><U58/><E34/><V21/><F7/><W130/><G130/><T105/><D105/><U9/><E9/><V76/><F21/><W96/><G113/><T54/><D99/><U43/><E43/><N who="2" m="23039" /><F53/><AGARI ba="2,0" hai="53,54,59,62,67,90,93,97" m="5675,15543" machi="53" ten="30,1000,0" yaku="8,1" doraHai="101" who="0" fromWho="2" sc="217,16,197,0,324,-16,262,0" owari="233,-17.0,197,-30.0,308,41.0,262,6.0" /></mjloggm>