<mjloggm ver="2.3"><GO type="169" lobby="0"/><UN n0="%E8%A1%80%E7%85%99" n1="%E7%AB%9C%E6%B2%B3%E6%86%A9" n2="%E3%82%A6%E3%83%AB%E3%83%88%E3%83%A9%E7%AB%8B%E7%9B%B4" n3="%E5%A4%A9%E7%A9%BA%73%61%79%61" dan="16,16,17,16" rate="2051.44,2058.19,2218.44,2076.67" sx="M,M,M,M"/><TAIKYOKU oya="0"/><INIT seed="0,0,0,4,2,40" ten="250,250,250,250" oya="0" hai0="44,116,120,104,68,125,107,23,67,3,100,29,96" hai1="13,106,50,71,27,66,15,64,130,53,74,63,19" hai2="105,90,9,70,54,7,121,30,134,128,118,6,28" hai3="78,12,93,34,119,1,82,133,108,14,24,76,72"/><T2/><D120/><U95/><E106/><V117/><F105/><W43/><G1/><T37/><D125/><U25/><E74/><V115/><F70/><W47/><G119/><T42/><D116/><U92/><E66/><V21/><F90/><W5/><G108/><T85/><D107/><U41/><E41/><V103/><F54/><W17/><G78/><T111/><D111/><U91/><E130/><V80/><F80/><W57/><G133/><T87/><D85/><U51/><E51/><V31/><F103/><W55/><G5/><T113/><D113/><U126/><E126/><V45/><F30/><W88/><G34/><T36/><D36/><U35/><E92/><V83/><F83/><W60/><G17/><T10/><D10/><U58/><E35/><V101/><F21/><W97/><REACH who="3" step="1"/><G24/><REACH who="3" ten="250,250,250,240" step="2"/><T124/><D124/><U135/><E135/><V69/><F134/><W39/><AGARI ba="0,1" hai="12,14,39,43,47,55,57,60,72,76,82,88,93,97" machi="39" ten="20,12000,2" yaku="1,1,2,1,0,1,7,1,52,1,54,1,53,0" doraHai="40" doraHaiUra="99" who="3" fromWho="3" sc="250,-60,250,-30,250,-30,240,130" /><INIT seed="1,0,0,5,4,114" ten="190,220,220,370" oya="1" hai0="133,88,103,14,41,81,11,119,12,0,59,30,39" hai1="67,104,5,25,68,125,89,74,37,64,108,72,85" hai2="19,8,50,128,111,129,122,35,21,135,17,45,69" hai3="29,97,120,73,63,46,62,34,44,20,99,77,91"/><U43/><E104/><V2/><F69/><W36/><G34/><T83/><D133/><U132/><E5/><V57/><F35/><W90/><G77/><T3/><D103/><U93/><E132/><V51/><F135/><W131/><G73/><T116/><D30/><U123/><E123/><V4/><F122/><W127/><G120/><T100/><D100/><U18/><E72/><V61/><F111/><W38/><G29/><T113/><D113/><U22/><E74/><V84/><F84/><W52/><G20/><T9/><D39/><U56/><E68/><V31/><F31/><W15/><G15/><T16/><D41/><U94/><E37/><V98/><F98/><W110/><G131/><N who="2" m="50249" /><F45/><W60/><G60/><T80/><D59/><U95/><E108/><V96/><F96/><W13/><G110/><T79/><D79/><U26/><E56/><V126/><F126/><W124/><REACH who="3" step="1"/><G13/><REACH who="3" ten="190,220,220,360" step="2"/><T40/><D12/><U28/><E125/><V48/><F21/><W42/><G42/><T106/><D40/><U54/><E43/><V58/><F61/><W33/><G33/><T66/><D14/><U55/><E28/><V82/><F19/><W102/><G102/><T10/><D16/><U32/><E32/><V117/><F17/><W109/><G109/><T107/><D3/><U27/><E18/><V53/><F2/><W23/><G23/><T6/><D0/><U87/><E22/><V1/><F1/><W118/><G118/><T101/><D116/><U115/><E115/><V47/><F117/><W49/><G49/><T78/><D119/><U134/><E25/><RYUUKYOKU ba="0,1" sc="190,-10,220,-10,220,-10,360,30" hai3="36,38,44,46,52,62,63,90,91,97,99,124,127" /><INIT seed="2,1,1,2,2,20" ten="180,210,210,390" oya="2" hai0="57,13,34,69,7,108,54,63,62,76,115,122,6" hai1="1,55,111,90,59,131,50,12,11,73,49,24,14" hai2="117,0,128,97,101,107,98,113,33,91,38,64,123" hai3="85,102,71,95,10,103,60,130,36,110,88,45,26"/><V72/><RYUUKYOKU type="yao9" ba="1,1" sc="180,0,210,0,210,0,390,0" hai2="0,33,38,64,72,91,97,98,101,107,113,117,123,128" /><INIT seed="2,2,1,3,1,44" ten="180,210,210,390" oya="2" hai0="59,24,124,104,86,65,29,46,52,84,32,76,39" hai1="47,93,5,85,119,87,88,27,64,50,68,61,121" hai2="107,19,69,101,98,33,9,26,126,10,91,110,16" hai3="23,42,115,57,127,17,30,49,31,1,80,7,134"/><V28/><F126/><W3/><G127/><T45/><D124/><U81/><E119/><V117/><F117/><W21/><G134/><T114/><D114/><U63/><E121/><V92/><F110/><W108/><G108/><T73/><D104/><U83/><E5/><V90/><F69/><W66/><G7/><T0/><D0/><U8/><E8/><V15/><REACH who="2" step="1"/><F107/><REACH who="2" ten="180,210,200,390" step="2"/><W18/><G115/><T22/><D39/><U123/><E123/><V72/><F72/><W74/><G74/><T6/><D73/><U106/><E106/><V132/><F132/><W129/><G129/><T131/><D131/><U128/><E128/><V135/><F135/><W13/><G1/><T100/><D76/><U4/><E68/><V79/><F79/><W25/><G3/><T82/><D32/><U130/><E130/><V62/><F62/><N who="3" m="38223" /><G80/><T20/><D82/><U97/><E81/><V116/><F116/><W120/><G120/><T55/><D6/><U111/><E4/><V35/><F35/><W70/><G70/><T11/><D11/><U109/><E111/><V43/><F43/><W41/><G42/><T53/><D22/><U40/><E109/><V71/><F71/><W103/><G41/><T36/><D20/><U14/><E63/><V102/><F102/><W54/><G103/><T112/><D100/><U12/><E83/><V96/><F96/><W58/><AGARI ba="2,2" hai="13,17,18,21,23,25,30,31,49,54,58" m="38223" machi="58" ten="30,2000,0" yaku="8,1,52,1" doraHai="44" who="3" fromWho="3" sc="180,-7,210,-7,200,-12,390,46" /><INIT seed="3,0,0,5,0,100" ten="173,203,188,436" oya="3" hai0="65,113,66,9,125,131,124,1,121,128,4,106,32" hai1="12,45,132,95,76,83,108,122,135,87,86,68,49" hai2="93,7,82,81,130,61,46,56,23,40,21,22,29" hai3="102,70,60,94,36,112,37,14,120,33,55,11,25"/><W84/><G112/><T16/><D32/><U111/><E68/><V38/><F130/><N who="0" m="49706" /><D121/><U71/><E71/><V75/><F7/><W50/><G120/><T73/><D73/><U77/><E122/><V35/><F75/><W101/><G101/><T6/><D113/><U57/><E57/><V107/><F107/><W78/><G60/><T15/><D106/><U17/><E95/><V53/><REACH who="2" step="1"/><F93/><REACH who="2" ten="173,203,178,436" step="2"/><W115/><G94/><T118/><D6/><U43/><E111/><V80/><F80/><W98/><G115/><T3/><D118/><U26/><E108/><V34/><F34/><W0/><G33/><T2/><D4/><U110/><E110/><V133/><F133/><W63/><G0/><T96/><D96/><U24/><E132/><V48/><F48/><W58/><G98/><T119/><D119/><U134/><E134/><V8/><F8/><W42/><G11/><T52/><D3/><U105/><E105/><V103/><F103/><W59/><G102/><T64/><D2/><U41/><E135/><V54/><F54/><W74/><G74/><T109/><D1/><U116/><E116/><V13/><F13/><W114/><G14/><T31/><D109/><U126/><E12/><V127/><F127/><W67/><G114/><T92/><D92/><U44/><E126/><V47/><F47/><N who="3" m="24015" /><G50/><T99/><D99/><U79/><E83/><V97/><F97/><W30/><G55/><T89/><D52/><U5/><E5/><V85/><F85/><N who="1" m="32265" /><E17/><V72/><F72/><W90/><G84/><T27/><D89/><U69/><E69/><V91/><F91/><RYUUKYOKU ba="0,1" sc="173,10,203,10,178,10,436,-30" hai0="9,15,16,27,31,64,65,66,124,125" hai1="24,26,41,43,44,45,49,76,77,79" hai2="21,22,23,29,35,38,40,46,53,56,61,81,82" /><INIT seed="4,1,1,2,5,51" ten="183,213,188,406" oya="0" hai0="31,99,13,46,2,28,96,15,60,9,106,121,35" hai1="71,124,74,101,50,53,115,52,5,107,82,0,132" hai2="68,118,87,112,57,91,36,64,129,40,81,120,1" hai3="6,39,127,83,63,70,19,108,126,88,128,17,62"/><T93/><D121/><U32/><E32/><V92/><F120/><W27/><G39/><T48/><D2/><U23/><E107/><V84/><F1/><W135/><G108/><T94/><D106/><U12/><E101/><V131/><F68/><W89/><G6/><T3/><D3/><U69/><E0/><V77/><F118/><W55/><G70/><T38/><D38/><U109/><E109/><V14/><F112/><W102/><G27/><T114/><D114/><U86/><E74/><V116/><F116/><W20/><G20/><T54/><D15/><U7/><E71/><V44/><F14/><W42/><G83/><T16/><D35/><U133/><E69/><V75/><F64/><W18/><G128/><N who="2" m="49225" /><F57/><W66/><G66/><T33/><D60/><U72/><E50/><V79/><F79/><W37/><G37/><T21/><D33/><U41/><E41/><V25/><F25/><W104/><G63/><T78/><D78/><N who="1" m="46423" /><E72/><AGARI ba="1,1" hai="36,40,44,72,75,77,81,84,87,91,92" m="49225" machi="72" ten="30,1000,0" yaku="19,1" doraHai="51" who="2" fromWho="1" sc="183,0,213,-13,188,23,406,0" /><INIT seed="5,0,0,3,1,9" ten="183,200,211,406" oya="1" hai0="20,2,31,118,50,104,127,131,114,84,78,121,71" hai1="40,37,45,21,106,27,86,22,81,49,34,88,63" hai2="65,135,96,113,25,57,14,11,66,33,28,77,55" hai3="79,85,59,44,60,134,93,32,62,75,38,111,125"/><U122/><E122/><V4/><F135/><W58/><G75/><T101/><D31/><U103/><E106/><V6/><F113/><W30/><G111/><T83/><D20/><U87/><E103/><V61/><F77/><W100/><G30/><T56/><D50/><U99/><E34/><V54/><F6/><W107/><G85/><T29/><D56/><U36/><E63/><V90/><F90/><W24/><G93/><T72/><D29/><U69/><E69/><V115/><F115/><W64/><G100/><T43/><D71/><U1/><E1/><V12/><F96/><W73/><G79/><T51/><D2/><U13/><E99/><V41/><F41/><W67/><G24/><T23/><D101/><U119/><E119/><V10/><F55/><W95/><G67/><T48/><D104/><U17/><E87/><V16/><AGARI ba="0,0" hai="4,10,11,12,14,16,25,28,33,54,57,61,65,66" machi="16" ten="20,8000,1" yaku="0,1,7,1,52,2,54,1" doraHai="9" who="2" fromWho="2" sc="183,-20,200,-40,211,80,406,-20" /><INIT seed="6,0,0,5,0,66" ten="163,160,291,386" oya="2" hai0="98,25,72,44,116,1,45,62,3,15,2,55,124" hai1="8,86,81,89,29,123,68,69,127,14,31,56,48" hai2="91,107,120,41,88,82,27,121,93,30,71,12,90" hai3="79,83,52,16,63,125,51,40,97,106,23,99,129"/><V21/><F107/><W6/><G129/><T19/><D72/><U54/><E123/><V70/><F41/><W5/><G125/><T118/><D124/><U108/><E108/><V85/><F12/><N who="3" m="9607" /><G40/><T58/><D25/><U50/><E50/><V114/><F114/><W94/><G63/><T34/><D34/><U4/><REACH who="1" step="1"/><E127/><REACH who="1" ten="163,150,291,386" step="2"/><V77/><REACH who="2" step="1"/><F93/><REACH who="2" ten="163,150,281,386" step="2"/><W65/><G94/><T39/><D118/><U32/><E32/><V132/><F132/><W75/><G106/><T100/><D116/><U115/><E115/><V60/><F60/><W33/><G33/><T101/><D62/><U9/><E9/><V105/><F105/><W24/><G24/><T0/><D0/><U92/><E92/><V135/><F135/><W13/><G13/><T43/><D15/><U26/><E26/><V49/><F49/><W133/><G133/><T37/><D2/><U104/><E104/><V130/><F130/><W36/><G51/><T64/><D3/><U57/><E57/><V126/><F126/><W113/><G113/><T11/><D58/><U42/><E42/><V67/><F67/><W110/><G65/><T95/><D64/><U78/><E78/><V111/><F111/><W84/><G110/><T76/><D76/><U131/><E131/><V7/><F7/><W73/><G5/><T38/><D1/><U128/><E128/><V134/><F134/><W119/><G6/><T18/><D43/><U10/><E10/><V112/><F112/><W122/><G119/><T87/><D11/><U80/><E80/><V61/><F61/><W109/><G109/><T96/><D95/><RYUUKYOKU ba="0,2" sc="163,-15,150,15,281,15,386,-15" hai1="4,8,14,29,31,48,54,56,68,69,81,86,89" hai2="21,27,30,70,71,77,82,85,88,90,91,120,121" /><INIT seed="6,1,2,0,5,134" ten="148,165,296,371" oya="2" hai0="58,89,38,90,1,28,66,85,11,33,18,64,61" hai1="9,76,84,119,95,24,111,131,45,101,129,118,105" hai2="80,34,83,99,70,72,115,109,124,47,71,56,35" hai3="53,49,37,97,110,117,107,120,32,91,16,68,78"/><V27/><F56/><W94/><G110/><T25/><D38/><U5/><E111/><V96/><F109/><W116/><G37/><T69/><D89/><U17/><E105/><V46/><F27/><W86/><G68/><T12/><D1/><U128/><E45/><V13/><F13/><W31/><G120/><T57/><REACH who="0" step="1"/><D66/><REACH who="0" ten="138,165,296,371" step="2"/><U135/><E135/><V98/><F115/><W20/><G91/><T55/><D55/><U4/><E76/><V103/><F103/><W8/><G53/><T7/><D7/><U14/><E5/><V29/><F98/><W127/><G78/><T87/><D87/><U106/><E84/><V132/><F132/><W112/><G86/><T41/><D41/><U130/><E130/><V133/><F133/><W79/><G79/><T10/><D10/><U82/><E4/><V54/><F54/><W43/><G97/><T52/><D52/><U88/><E88/><V60/><F96/><W126/><G8/><T44/><D44/><U73/><E128/><V122/><F99/><W26/><G112/><T65/><D65/><U3/><E9/><V42/><F42/><W104/><G104/><T15/><D15/><U62/><E106/><V51/><F47/><W22/><G107/><T100/><D100/><U39/><E3/><V123/><F46/><W92/><G43/><T48/><D48/><U21/><E101/><V77/><F51/><W125/><G49/><T108/><D108/><U0/><E129/><V74/><F77/><W81/><G127/><T6/><D6/><U113/><E131/><V121/><F124/><W36/><G126/><RYUUKYOKU ba="1,3" sc="138,30,165,-10,296,-10,371,-10" hai0="11,12,18,25,28,33,57,58,61,64,69,85,90" /><INIT seed="7,2,3,4,2,124" ten="168,155,286,361" oya="3" hai0="86,45,54,1,30,120,101,80,14,41,75,72,27" hai1="76,93,20,108,38,4,126,105,99,16,7,52,92" hai2="98,47,134,130,111,68,62,66,96,53,115,10,48" hai3="6,28,123,40,131,43,129,102,70,109,25,21,118"/><W0/><G123/><T106/><D120/><U84/><E105/><V65/><F111/><W9/><G118/><T132/><D132/><U135/><E38/><V3/><F134/><W11/><G109/><T35/><D1/><U59/><E108/><V100/><F115/><W42/><G70/><T24/><D24/><U71/><E71/><V122/><F122/><W46/><G102/><T63/><D14/><U56/><E135/><V26/><F66/><W36/><G9/><T49/><D101/><U12/><E59/><V60/><F60/><W51/><G36/><T67/><D54/><U17/><E17/><V19/><F3/><W8/><REACH who="3" step="1"/><G8/><REACH who="3" ten="168,155,286,351" step="2"/><T23/><D106/><U119/><E119/><V83/><F100/><W37/><G37/><T125/><D125/><U112/><E126/><V103/><F103/><W15/><G15/><T78/><D35/><U31/><E112/><V128/><F10/><W29/><G29/><T34/><D34/><U91/><E31/><V81/><F26/><W2/><G2/><T104/><D104/><U88/><REACH who="1" step="1"/><E76/><REACH who="1" ten="168,145,286,351" step="2"/><V74/><F19/><W121/><G121/><T57/><AGARI ba="2,5" hai="23,27,30,41,45,49,57,63,67,72,75,78,80,86" machi="57" ten="20,1500,0" yaku="0,1,7,1" doraHai="124" who="0" fromWho="0" sc="168,71,145,-6,286,-6,351,-9" owari="239,-16.0,139,-36.0,280,8.0,342,44.0" /></mjloggm>