<mjloggm ver="2.3"><GO type="169" lobby="0"/><UN n0="%7A%65%61%6C%E2%88%AB" n1="%E5%B0%B1%E6%B4%BB%E7%94%9F%40%E5%B7%9D%E6%9D%91%E8%BB%8D%E5%9B%A3" n2="%E8%A5%BF%E5%9C%92%E5%AF%BA%E9%9D%96%E5%AD%90" n3="%52%69%2D%4D%6F%2D" dan="16,16,17,16" rate="2122.12,2108.90,2157.71,2067.14" sx="M,M,F,M"/><TAIKYOKU oya="0"/><INIT seed="0,0,0,5,1,64" ten="250,250,250,250" oya="0" hai0="33,111,79,71,58,118,117,131,20,72,24,0,120" hai1="63,105,11,87,100,47,130,31,94,42,9,67,4" hai2="82,8,86,49,134,56,53,91,23,2,37,60,108" hai3="97,90,116,102,66,3,95,119,101,10,81,28,14"/><T122/><D0/><U46/><E130/><V69/><F37/><W29/><G3/><T98/><D131/><U126/><E126/><V93/><F108/><W6/><G66/><T25/><D111/><U18/><E105/><V15/><F134/><W80/><G116/><T125/><D125/><U74/><E74/><V22/><F2/><W132/><G132/><T36/><D36/><U103/><E31/><N who="3" m="11850" /><G119/><T51/><D33/><U44/><E42/><V104/><F104/><W32/><G32/><T70/><D72/><U61/><E18/><V127/><F127/><W41/><G41/><T114/><D114/><U19/><E19/><V27/><F27/><W55/><G55/><T13/><D71/><U129/><E129/><V52/><F93/><N who="3" m="58543" /><G102/><T121/><D70/><U50/><E50/><V123/><F123/><W43/><G43/><T48/><D118/><U92/><E87/><AGARI ba="0,0" hai="6,10,14,80,81,87,90,95" m="58543,11850" machi="87" ten="30,1000,0" yaku="8,1" doraHai="64" who="3" fromWho="1" sc="250,0,250,-10,250,0,250,10" /><INIT seed="1,0,0,4,4,97" ten="250,240,250,260" oya="1" hai0="40,88,67,129,35,64,15,16,65,94,48,126,17" hai1="33,70,43,127,119,54,132,22,51,63,75,113,12" hai2="34,18,32,135,118,77,128,93,37,87,5,36,28" hai3="26,27,78,9,30,85,23,96,86,91,81,55,111"/><U57/><E33/><V125/><F118/><W114/><G111/><T47/><D126/><U49/><E75/><V110/><F5/><W7/><G114/><T108/><D108/><U4/><E119/><V68/><F68/><W133/><G133/><T13/><D129/><U66/><E113/><V76/><F93/><W131/><G131/><T95/><D35/><U2/><E127/><V6/><F6/><W121/><G121/><T104/><D104/><U107/><E132/><V44/><F87/><W83/><G55/><T98/><D94/><U117/><E117/><V3/><F44/><W61/><G61/><T45/><D45/><U122/><E122/><V59/><F59/><W8/><G7/><T31/><D31/><U105/><E2/><V42/><F42/><W52/><G52/><T60/><D60/><U89/><E43/><V124/><F28/><W79/><G27/><T69/><D69/><U134/><E134/><V115/><F135/><W92/><AGARI ba="0,0" hai="8,9,23,26,30,78,79,81,83,85,86,91,92,96" machi="92" ten="30,4000,0" yaku="0,1,9,1,8,1" doraHai="97" who="3" fromWho="3" sc="250,-10,240,-20,250,-10,260,40" /><INIT seed="2,0,0,5,5,28" ten="240,220,240,300" oya="2" hai0="63,106,94,12,10,115,120,85,41,74,15,14,96" hai1="107,37,36,93,4,84,13,98,100,22,18,81,2" hai2="105,42,43,65,23,39,113,118,17,32,76,121,73" hai3="27,83,133,58,9,97,26,70,51,128,80,33,61"/><V90/><F113/><W119/><G119/><T54/><D74/><U56/><E107/><V123/><F118/><W82/><G128/><T79/><D120/><U122/><E122/><V112/><F112/><W48/><G133/><T114/><D41/><U21/><E21/><V55/><F105/><W50/><G70/><T89/><D10/><U40/><E40/><V134/><F65/><W11/><G97/><T130/><D130/><U59/><E4/><V110/><F134/><W20/><G33/><T67/><D54/><U52/><E59/><V78/><F23/><W108/><G108/><T99/><D99/><U16/><E18/><V47/><F47/><W25/><G20/><T7/><D7/><U87/><E2/><V69/><F73/><W75/><G75/><T62/><D62/><U92/><E92/><V1/><F1/><W129/><G129/><T30/><D30/><U60/><REACH who="1" step="1"/><E87/><REACH who="1" ten="240,210,240,300" step="2"/><V102/><F17/><W31/><G31/><T86/><D86/><U135/><E135/><V24/><F43/><W68/><G68/><N who="0" m="42111" /><D106/><U34/><E34/><V66/><F32/><W57/><G61/><T35/><D35/><U45/><E45/><V29/><F42/><W117/><G117/><T91/><D114/><U3/><E3/><V6/><F121/><W71/><G71/><T46/><D46/><U132/><E132/><V19/><F69/><W95/><G95/><N who="0" m="54703" /><D115/><U0/><E0/><V5/><F123/><W49/><N who="3" m="12288" /><DORA hai="8" /><W64/><G64/><T77/><D94/><U101/><E101/><V125/><F66/><W111/><G111/><T88/><D96/><RYUUKYOKU ba="0,1" sc="240,10,210,10,240,-30,300,10" hai0="12,14,15,77,79,88,91" hai1="13,16,22,36,37,52,56,60,81,84,93,98,100" hai3="9,11,25,26,27,57,58,80,82,83" /><INIT seed="3,1,1,3,3,44" ten="250,220,210,310" oya="3" hai0="91,100,52,103,63,75,55,81,36,69,6,38,66" hai1="101,121,35,82,120,65,74,30,77,127,18,56,45" hai2="110,122,26,93,3,89,58,62,43,61,67,31,108" hai3="42,132,16,4,11,48,79,78,99,131,54,86,98"/><W125/><G125/><T46/><D6/><U22/><E127/><V0/><F122/><W50/><G131/><T28/><D28/><U32/><E101/><V19/><F43/><W29/><G132/><T57/><D38/><U126/><E126/><V96/><F19/><W12/><G29/><T84/><D75/><U109/><E109/><N who="2" m="42091" /><F61/><W102/><G42/><N who="0" m="22855" /><D55/><U60/><E45/><V94/><F94/><N who="3" m="58743" /><G98/><T97/><D97/><U105/><E30/><V23/><AGARI ba="1,1" hai="0,3,23,26,31,58,62,67,89,93,96" m="42091" machi="23" ten="30,1100,0" yaku="14,1" doraHai="44" who="2" fromWho="2" sc="250,-4,220,-4,210,24,310,-6" /><INIT seed="4,0,0,2,5,7" ten="246,216,234,304" oya="0" hai0="77,83,135,45,58,47,71,107,53,105,76,111,6" hai1="64,1,129,78,115,46,59,72,3,33,119,92,93" hai2="79,70,66,13,52,14,43,22,12,88,19,116,133" hai3="73,38,34,117,126,54,49,21,118,74,114,24,27"/><T39/><D71/><U97/><E119/><V75/><F43/><W25/><G34/><T40/><D135/><U0/><E33/><V63/><F133/><W89/><G38/><T20/><D45/><U103/><E129/><V10/><F116/><W90/><G21/><T62/><D111/><U127/><E127/><V134/><F134/><W94/><G126/><T125/><D125/><U69/><E69/><V65/><F65/><W11/><G114/><T91/><D6/><U17/><E115/><V131/><F131/><W68/><G68/><T95/><D20/><U37/><E72/><V104/><F104/><W81/><G118/><T23/><D23/><U28/><E28/><V30/><F30/><W123/><G117/><T82/><D82/><U26/><E78/><V29/><F29/><W56/><G123/><T132/><D77/><U41/><E93/><V18/><F13/><W44/><G74/><T67/><D67/><U61/><E26/><V31/><F31/><W16/><G73/><T99/><REACH who="0" step="1"/><D132/><REACH who="0" ten="236,216,234,304" step="2"/><U85/><E17/><V120/><F79/><W96/><G16/><T87/><AGARI ba="0,1" hai="39,40,47,53,58,62,76,83,87,91,95,99,105,107" machi="87" ten="20,7800,0" yaku="1,1,2,1,0,1,7,1,53,0" doraHai="7" doraHaiUra="35" who="0" fromWho="0" sc="236,88,216,-26,234,-26,304,-26" /><INIT seed="4,1,0,4,5,15" ten="324,190,208,278" oya="0" hai0="50,125,19,26,73,27,70,28,42,48,24,56,51" hai1="23,44,97,86,55,1,82,64,3,20,47,68,118" hai2="57,37,120,14,89,76,43,129,115,103,53,75,133" hai3="40,29,5,108,4,16,90,101,18,102,127,95,116"/><T54/><D70/><U69/><E118/><V78/><F120/><W60/><G108/><T61/><D73/><U13/><E69/><V10/><F103/><N who="3" m="39435" /><G127/><T17/><D125/><U34/><E34/><V122/><F122/><W113/><G113/><T93/><D28/><U106/><E68/><V21/><F115/><W77/><G116/><T63/><D63/><U67/><E3/><V25/><F133/><W81/><G29/><T104/><D104/><U71/><E1/><V38/><F129/><W46/><G60/><T33/><D33/><U72/><E72/><V62/><F75/><W49/><G81/><T124/><D124/><U134/><E106/><V79/><F89/><W80/><G80/><T111/><D111/><U132/><E97/><V130/><F130/><W85/><G77/><T11/><D11/><U2/><E2/><V99/><F99/><W12/><G18/><N who="0" m="6667" /><D93/><U135/><E13/><V83/><F14/><W112/><G112/><T39/><D39/><U88/><E71/><V66/><F37/><W32/><G32/><T117/><D117/><U119/><E119/><V121/><F121/><W105/><G105/><T52/><D42/><U35/><E35/><V7/><F43/><W131/><G131/><T107/><D107/><U58/><E64/><AGARI ba="1,0" hai="24,26,27,48,50,51,52,54,56,61,64" m="6667" machi="64" ten="30,12000,1" yaku="8,1,52,3,54,1" doraHai="15" who="0" fromWho="1" sc="324,123,190,-123,208,0,278,0" /><INIT seed="4,2,0,4,3,79" ten="447,67,208,278" oya="0" hai0="102,40,8,63,91,133,74,88,121,89,35,109,14" hai1="107,127,21,71,126,68,67,118,56,98,9,100,26" hai2="55,96,25,24,66,51,17,46,113,81,5,129,27" hai3="6,117,131,19,57,29,48,94,120,73,75,92,12"/><T65/><D121/><U33/><E118/><V15/><F113/><W59/><G117/><T31/><D74/><U111/><E111/><V49/><F129/><W104/><G104/><T22/><D35/><U90/><E9/><V112/><F112/><W95/><G131/><T110/><D40/><U77/><E56/><V122/><F122/><W115/><G115/><T3/><D3/><U45/><E90/><V23/><F66/><W4/><G120/><T108/><D102/><U84/><E45/><V125/><F125/><W28/><G19/><N who="0" m="8647" /><D133/><U106/><E106/><V32/><F32/><W99/><G99/><T82/><D22/><U58/><E58/><N who="3" m="22026" /><G48/><T52/><D52/><U44/><E44/><V0/><F49/><W30/><G12/><T60/><D31/><N who="1" m="19703" /><E21/><V39/><F39/><W119/><G119/><T70/><D63/><N who="1" m="40063" /><E71/><V42/><F46/><W34/><G34/><T87/><AGARI ba="2,0" hai="60,65,70,82,87,88,89,91,108,109,110" m="8647" machi="87" ten="40,7800,0" yaku="10,1,52,1,54,1" doraHai="79" who="0" fromWho="0" sc="447,84,67,-28,208,-28,278,-28" /><INIT seed="4,3,0,1,0,20" ten="531,39,180,250" oya="0" hai0="0,64,99,18,128,72,47,31,111,62,91,30,39" hai1="53,98,125,130,88,113,118,5,65,67,44,116,121" hai2="69,38,33,100,59,107,74,29,42,94,77,41,28" hai3="90,112,97,15,70,19,10,102,11,24,51,114,106"/><T95/><D72/><U57/><E121/><V134/><F69/><W83/><G70/><T32/><D0/><U73/><E73/><V1/><F107/><W49/><G11/><T78/><D78/><U37/><E5/><V7/><F134/><W115/><G24/><T21/><D128/><U52/><E130/><V123/><F123/><W43/><G43/><T13/><D111/><U109/><E109/><V25/><F28/><W50/><G90/><T17/><D32/><U81/><E125/><V45/><F41/><W35/><G83/><T54/><D39/><U104/><E113/><V131/><F131/><W60/><G60/><T117/><D117/><U14/><E104/><V84/><F59/><W96/><G96/><T34/><D34/><AGARI ba="3,0" hai="10,15,19,34,35,49,50,51,97,102,106,112,114,115" machi="34" ten="50,1600,0" yaku="15,1" doraHai="20" who="3" fromWho="0" sc="531,-25,39,0,180,0,250,25" /><INIT seed="5,0,0,0,1,58" ten="506,39,180,275" oya="1" hai0="52,123,16,98,122,106,6,96,78,104,31,113,51" hai1="45,15,116,95,111,54,55,83,28,73,7,22,94" hai2="9,126,41,37,4,72,24,93,108,110,82,25,129" hai3="66,97,131,40,74,92,119,88,59,42,84,50,128"/><U2/><E116/><V81/><F126/><W77/><G119/><T3/><D31/><U65/><E111/><V29/><F129/><N who="3" m="49739" /><G74/><T23/><D78/><U1/><E65/><V62/><F37/><W107/><G77/><T14/><D6/><U134/><E134/><V79/><F41/><W117/><G117/><T49/><D3/><U68/><E68/><V20/><F82/><N who="3" m="49175" /><G107/><N who="0" m="41003" /><D51/><U60/><E2/><V99/><F24/><W56/><G66/><T120/><D113/><U61/><E1/><V118/><F118/><W17/><G17/><T63/><D49/><N who="1" m="28975" /><E73/><V115/><F115/><W112/><G112/><T57/><AGARI ba="0,0" hai="14,16,23,52,57,63,96,98,120,122,123" m="41003" machi="57" ten="40,8000,1" yaku="13,1,52,1,54,2" doraHai="58" who="0" fromWho="0" sc="506,80,39,-40,180,-20,275,-20" owari="586,68.0,-1,-50.0,160,-24.0,255,6.0" /></mjloggm>