<mjloggm ver="2.3"><GO type="169" lobby="0"/><UN n0="%E3%83%8F%E3%83%9E%E3%83%BC" n1="%6E%61%6B%61%6A%75%75%6E" n2="%E3%82%A6%E3%83%AB%E3%83%88%E3%83%A9%E7%AB%8B%E7%9B%B4" n3="%E5%8F%A4%E6%B8%85%E6%B0%B4%E6%80%9C" dan="17,19,18,16" rate="2156.52,2249.32,2225.51,2072.57" sx="M,M,M,F"/><TAIKYOKU oya="0"/><INIT seed="0,0,0,3,1,120" ten="250,250,250,250" oya="0" hai0="68,124,132,61,79,64,134,89,99,75,40,84,57" hai1="74,14,70,43,51,8,15,44,123,36,86,102,65" hai2="111,100,108,106,94,13,33,24,128,4,130,119,60" hai3="22,29,10,3,116,97,20,114,129,62,72,31,91"/><T77/><D124/><U42/><E74/><V0/><F106/><W109/><G72/><T41/><D75/><U76/><E123/><V125/><F0/><W21/><G114/><T93/><D68/><U88/><E102/><V87/><F125/><W32/><G116/><T9/><D9/><U95/><E76/><N who="0" m="29257" /><D84/><U50/><E15/><V80/><F119/><W81/><G97/><T49/><D49/><U28/><E28/><N who="2" m="19591" /><F60/><W122/><G62/><T67/><D67/><U52/><E70/><V103/><F80/><W105/><G81/><T69/><D69/><U7/><E65/><V82/><F82/><W71/><G105/><T18/><D18/><U39/><REACH who="1" step="1"/><E51/><REACH who="1" ten="250,240,250,250" step="2"/><V16/><F100/><W2/><G71/><T73/><D73/><U59/><E59/><V92/><F4/><W19/><G122/><T58/><D58/><U55/><E55/><V83/><F103/><W53/><G53/><T46/><D46/><U17/><E17/><V133/><F133/><AGARI ba="0,1" hai="40,41,57,61,64,89,93,99,132,133,134" m="29257" machi="133" ten="30,1500,0" yaku="20,1" doraHai="120" who="0" fromWho="2" sc="250,25,240,0,250,-15,250,0" /><INIT seed="0,1,0,2,4,54" ten="275,240,235,250" oya="0" hai0="42,15,27,76,50,121,55,111,71,73,66,72,110" hai1="96,124,32,106,81,43,13,128,52,93,122,100,88" hai2="20,29,99,125,17,74,68,77,119,89,126,61,116" hai3="46,69,45,36,21,117,133,115,62,80,82,56,7"/><T78/><D121/><U129/><E122/><V123/><F123/><W40/><G115/><T23/><D42/><U90/><E32/><V41/><F29/><W51/><G117/><N who="2" m="45129" /><F41/><W109/><G109/><N who="0" m="41483" /><D15/><U64/><E64/><N who="2" m="40975" /><F77/><N who="0" m="29802" /><D66/><U53/><E43/><V102/><F89/><N who="1" m="34409" /><E124/><V108/><F74/><W134/><G69/><T67/><D67/><U57/><E81/><V87/><F87/><W97/><G40/><T44/><D71/><U60/><E13/><N who="2" m="9263" /><F108/><W98/><G36/><T47/><D47/><U8/><E8/><V1/><F1/><W26/><G46/><T12/><D12/><U114/><E53/><V84/><F84/><W38/><G45/><T105/><D105/><AGARI ba="1,0" hai="99,102,105,125,126" m="9263,40975,45129" machi="105" ten="30,1000,0" yaku="12,1" doraHai="54" who="2" fromWho="0" sc="275,-13,240,0,235,13,250,0" /><INIT seed="1,0,0,1,3,47" ten="262,240,248,250" oya="1" hai0="67,44,133,80,121,43,36,115,116,114,10,8,134" hai1="17,106,69,128,70,61,104,71,32,48,84,4,20" hai2="7,58,60,131,34,19,27,132,68,25,126,13,9" hai3="77,111,21,50,39,46,88,62,129,122,55,37,54"/><U87/><E32/><V93/><F126/><W16/><G122/><T42/><D116/><U112/><E112/><V52/><F131/><W89/><G129/><T110/><D110/><U22/><E4/><V1/><F132/><N who="0" m="50794" /><D121/><U75/><E75/><V24/><F93/><W6/><G111/><T79/><D67/><U45/><E61/><V31/><REACH who="2" step="1"/><F68/><REACH who="2" ten="262,240,238,250" step="2"/><W109/><G109/><T85/><D114/><U124/><E124/><V66/><F66/><W83/><G37/><N who="0" m="21583" /><D115/><U51/><E128/><V135/><F135/><W35/><G39/><T3/><D3/><U2/><E70/><V95/><F95/><W63/><G35/><T15/><D36/><U18/><E45/><V91/><F91/><N who="3" m="34891" /><G6/><T90/><D43/><U74/><E74/><V23/><AGARI ba="0,1" hai="1,7,9,13,19,23,24,25,27,31,34,52,58,60" machi="23" ten="20,12000,2" yaku="1,1,0,1,7,1,24,2,54,1,53,0" doraHai="47" doraHaiUra="117" who="2" fromWho="2" sc="262,-30,240,-60,238,130,250,-30" /><INIT seed="2,0,0,0,3,26" ten="232,180,368,220" oya="2" hai0="91,32,58,38,90,67,121,88,71,133,13,68,54" hai1="76,119,6,79,117,132,59,55,89,82,17,135,65" hai2="0,70,1,81,69,40,33,45,56,108,30,78,100" hai3="25,24,35,31,118,101,127,7,73,21,110,20,18"/><V11/><F56/><W124/><G73/><T109/><D121/><U12/><E6/><V126/><F100/><W43/><G101/><T61/><D32/><U122/><E65/><V23/><F23/><W102/><G102/><T112/><D112/><U48/><E89/><V106/><F106/><W53/><G43/><T44/><D109/><U4/><E4/><V125/><F108/><W51/><G110/><T34/><D133/><N who="1" m="51275" /><E122/><V2/><F11/><W63/><G118/><N who="1" m="45066" /><E82/><V75/><F69/><W66/><G35/><T98/><D98/><U72/><E72/><V16/><F70/><W116/><G7/><T120/><D120/><U97/><E97/><V27/><REACH who="2" step="1"/><F16/><REACH who="2" ten="232,180,358,220" step="2"/><W64/><G116/><T15/><D68/><U114/><E114/><V52/><F52/><W28/><G18/><T47/><D71/><U62/><E62/><V134/><F134/><W94/><G63/><T42/><D67/><U22/><AGARI ba="0,1" hai="12,17,22,48,55,59,76,79" m="45066,51275" machi="22" ten="30,1100,0" yaku="20,1" doraHai="26" who="1" fromWho="1" sc="232,-3,180,21,358,-5,220,-3" /><INIT seed="3,0,0,2,2,74" ten="229,201,353,217" oya="3" hai0="128,70,118,55,0,29,6,103,132,133,119,85,33" hai1="112,19,50,16,20,44,51,88,111,37,27,45,95" hai2="63,116,57,48,107,82,66,97,24,108,32,42,114" hai3="21,73,69,8,106,9,77,2,18,7,1,53,13"/><W76/><G69/><T64/><D103/><U3/><E3/><V28/><F114/><W127/><G106/><T130/><D55/><N who="1" m="30151" /><E37/><V30/><F30/><W34/><G73/><T10/><D64/><U131/><E111/><V105/><F108/><W98/><G34/><T31/><D70/><U117/><E131/><N who="0" m="50217" /><D85/><N who="1" m="52623" /><E117/><N who="0" m="44553" /><D33/><U60/><E112/><V101/><F82/><W65/><G127/><T62/><D62/><U23/><E60/><V100/><F116/><W122/><G122/><T93/><D93/><U90/><E90/><V41/><F48/><W115/><G65/><T54/><D54/><N who="1" m="30063" /><E23/><V39/><F39/><W113/><G115/><T43/><D43/><U87/><E87/><V52/><F66/><W126/><G126/><T22/><D22/><U92/><E92/><V11/><F42/><W89/><G113/><T125/><D125/><U91/><E91/><V129/><F41/><W61/><G89/><T86/><D86/><U46/><E46/><V102/><F129/><W84/><G84/><T67/><D67/><U71/><E71/><V78/><F107/><W83/><G98/><T68/><D68/><U135/><E135/><AGARI ba="0,0" hai="0,6,10,29,31,132,133,135" m="44553,50217" machi="135" ten="40,8000,1" yaku="20,1,19,1,34,2" doraHai="74" who="0" fromWho="1" sc="229,80,201,-80,353,0,217,0" /><INIT seed="4,0,0,4,5,105" ten="309,121,353,217" oya="0" hai0="3,49,92,89,61,72,88,68,39,67,59,18,65" hai1="116,84,98,120,9,91,108,46,80,48,104,132,85" hai2="23,106,17,2,112,118,6,123,114,100,16,134,77" hai3="13,38,126,30,93,19,44,54,21,42,96,31,11"/><T64/><D39/><U95/><E120/><V53/><F123/><W57/><G126/><T66/><D3/><U74/><E116/><V32/><F32/><W5/><G57/><T79/><D18/><U47/><E108/><V87/><F134/><W50/><G38/><T12/><D12/><U78/><E132/><V128/><F128/><W35/><G42/><T130/><D130/><U8/><E46/><V129/><F53/><W4/><G35/><T41/><D92/><U51/><E51/><V58/><F58/><W76/><G76/><T83/><REACH who="0" step="1"/><D68/><REACH who="0" ten="299,121,353,217" step="2"/><U63/><E63/><V117/><F17/><W10/><G19/><T99/><D99/><U107/><E107/><V102/><F129/><W0/><G93/><T25/><D25/><U60/><E60/><V121/><F106/><W90/><G96/><T71/><D71/><U113/><E113/><V97/><F97/><W133/><G13/><T75/><D75/><U45/><E85/><V7/><F2/><W40/><G0/><T20/><D20/><U82/><E104/><V109/><F121/><W14/><G21/><T15/><D15/><U56/><E8/><V43/><F114/><W127/><G11/><T122/><D122/><U119/><E9/><V33/><F87/><W70/><G14/><T131/><D131/><U125/><E119/><V26/><F112/><W73/><G10/><T37/><D37/><U69/><E69/><V135/><F118/><W29/><G70/><T24/><D24/><U124/><E124/><V52/><F117/><W27/><G127/><T111/><D111/><U55/><E125/><RYUUKYOKU ba="0,1" sc="299,15,121,15,353,-15,217,-15" hai0="41,49,59,61,64,65,66,67,72,79,83,88,89" hai1="45,47,48,55,56,74,78,80,82,84,91,95,98" /><INIT seed="4,1,1,0,0,76" ten="314,136,338,202" oya="0" hai0="38,37,2,121,35,42,8,27,129,41,77,89,36" hai1="4,13,108,39,54,105,66,33,49,101,104,50,7" hai2="92,26,86,15,116,31,60,72,3,57,29,95,6" hai3="107,82,133,126,81,97,17,83,21,109,61,98,88"/><T32/><D121/><U70/><E39/><V114/><F3/><W113/><G109/><T58/><D129/><U117/><E117/><V20/><F72/><W53/><G113/><T87/><D77/><U1/><E1/><V106/><F106/><W25/><G126/><T96/><D96/><N who="3" m="36969" /><G107/><T112/><D112/><U23/><E33/><V130/><F130/><W75/><G75/><T94/><D35/><U85/><E101/><V63/><F63/><W102/><G133/><T51/><D58/><U84/><E66/><V69/><F69/><W28/><G102/><T78/><D51/><U110/><E23/><V22/><F86/><N who="3" m="50255" /><G28/><T5/><REACH who="0" step="1"/><D78/><REACH who="0" ten="304,136,338,202" step="2"/><U48/><E70/><V30/><F114/><W128/><G128/><T111/><D111/><U134/><E134/><V71/><F71/><W119/><G119/><T46/><D46/><U118/><E118/><V55/><F116/><W40/><G40/><T44/><D44/><U127/><E110/><V68/><F68/><W74/><G74/><T120/><D120/><U64/><E108/><V103/><F57/><AGARI ba="1,2" hai="17,21,25,53,57,61,82,83" m="50255,36969" machi="57" ten="30,8000,1" yaku="8,1,52,3,54,1" doraHai="76" who="3" fromWho="2" sc="304,0,136,0,338,-83,202,103" /><INIT seed="5,0,0,2,1,5" ten="304,136,255,305" oya="1" hai0="95,52,82,91,15,0,53,92,44,123,93,51,48" hai1="128,94,103,98,116,16,33,41,3,115,129,81,121" hai2="55,100,126,49,20,36,56,99,28,37,96,11,135" hai3="8,61,117,111,74,108,10,13,64,17,34,60,89"/><U57/><E121/><V32/><F32/><W43/><G74/><T27/><D0/><U85/><E116/><V42/><F126/><W46/><G34/><T66/><D123/><U119/><E119/><V90/><F135/><W70/><G117/><T22/><D66/><U80/><E33/><V86/><F42/><W113/><G113/><T97/><D82/><U132/><E132/><V26/><F96/><W62/><G62/><T24/><D15/><U130/><E115/><V6/><F90/><W69/><G89/><T83/><D83/><U75/><E41/><V59/><F86/><W72/><G72/><T63/><D63/><U39/><E39/><V71/><F71/><W65/><G10/><T1/><D1/><U102/><E3/><V77/><F77/><W127/><G127/><T79/><D79/><N who="1" m="44159" /><E57/><V109/><F59/><W73/><G73/><T67/><D67/><U2/><E2/><V45/><F56/><W134/><G134/><T54/><D27/><U9/><E103/><V7/><F7/><W87/><G87/><T14/><D14/><N who="1" m="7247" /><E81/><V110/><F37/><AGARI ba="0,0" hai="8,13,17,37,43,46,60,61,64,65,69,70,108,111" machi="37" ten="30,3900,0" yaku="7,1,9,1,52,1" doraHai="5" who="3" fromWho="2" sc="304,0,136,0,255,-39,305,39" /><INIT seed="6,0,0,4,1,34" ten="304,136,216,344" oya="2" hai0="0,103,122,6,30,114,59,45,66,69,19,46,88" hai1="20,25,31,17,108,41,67,62,118,121,60,75,70" hai2="124,84,91,131,7,32,83,129,4,105,127,74,77" hai3="65,23,1,73,134,43,135,33,53,36,113,63,111"/><V112/><F32/><W116/><G33/><T87/><D103/><U40/><E121/><V15/><F105/><W95/><G73/><T22/><D69/><U76/><E108/><V52/><F52/><W5/><G111/><T8/><D30/><U71/><E118/><V47/><F47/><W16/><G116/><T126/><D122/><U110/><E110/><V86/><F15/><W57/><G113/><T119/><D119/><U120/><E120/><V117/><F7/><W54/><G43/><T79/><D79/><U50/><E75/><V128/><F4/><W78/><G36/><T49/><D126/><N who="2" m="48170" /><F117/><W115/><G95/><T48/><D114/><U27/><E76/><V38/><F38/><W61/><G78/><T42/><D59/><U100/><E50/><V21/><F21/><W94/><G94/><T107/><D66/><U89/><E100/><V24/><F24/><N who="3" m="14439" /><G63/><T11/><D107/><U35/><REACH who="1" step="1"/><E89/><REACH who="1" ten="304,126,216,344" step="2"/><V18/><F112/><W133/><G115/><T101/><D101/><U132/><E132/><V13/><F91/><W26/><G135/><T99/><D88/><U85/><E85/><V82/><F86/><W12/><G134/><T56/><D87/><U51/><E51/><V10/><F84/><W102/><G102/><T123/><D48/><U64/><AGARI ba="0,1" hai="17,20,25,27,31,35,40,41,60,62,64,67,70,71" machi="64" ten="30,4000,0" yaku="1,1,0,1,9,1,53,0" doraHai="34" doraHaiUra="125" who="1" fromWho="1" sc="304,-10,126,50,216,-20,344,-10" /><INIT seed="7,0,0,4,2,69" ten="294,176,196,334" oya="3" hai0="85,56,35,39,25,9,133,110,135,97,90,131,89" hai1="67,24,121,109,61,13,62,125,128,95,96,18,88" hai2="21,65,53,82,48,116,0,115,76,72,112,87,122" hai3="68,64,60,32,84,52,37,81,111,6,77,38,43"/><W54/><G32/><T10/><D110/><U92/><E121/><V11/><F65/><W106/><G106/><T33/><D97/><N who="1" m="57479" /><E109/><V123/><F21/><W129/><G111/><T58/><D85/><U114/><E114/><N who="2" m="43563" /><F87/><W100/><G100/><T42/><D42/><U119/><E119/><V63/><F63/><N who="1" m="24073" /><E128/><V19/><F116/><W134/><G43/><T118/><D118/><U80/><E125/><V1/><F19/><W46/><G84/><T36/><D25/><U12/><E80/><V94/><F94/><W44/><G81/><T41/><D41/><U74/><E74/><V105/><F105/><W70/><G68/><T124/><D131/><U73/><E73/><V15/><F15/><W86/><G70/><T71/><D71/><U78/><E78/><V66/><F66/><W5/><G77/><T8/><REACH who="0" step="1"/><D10/><REACH who="0" ten="284,176,196,334" step="2"/><U91/><E67/><V79/><F11/><W120/><G86/><T130/><D130/><U102/><E102/><V34/><F79/><W40/><G64/><T83/><D83/><U14/><E24/><V113/><F113/><W117/><G40/><T126/><AGARI ba="0,1" hai="8,9,33,35,36,39,56,58,89,90,124,126,133,135" machi="126" ten="25,12000,2" yaku="1,1,0,1,22,2,52,2,53,0" doraHai="69" doraHaiUra="50" who="0" fromWho="0" sc="284,130,176,-30,196,-30,334,-60" owari="414,51.0,146,-35.0,166,-23.0,274,7.0" /></mjloggm>