<mjloggm ver="2.3"><GO type="169" lobby="0"/><UN n0="%E3%82%A8%E3%83%AB%E3%82%AF" n1="%E3%82%A6%E3%83%AB%E3%83%88%E3%83%A9%E7%AB%8B%E7%9B%B4" n2="%EF%BC%A0%E3%81%BF%E3%82%84" n3="%64%75%72%72%72%72%72" dan="16,17,16,17" rate="2014.11,2154.74,2120.70,2206.30" sx="M,M,F,M"/><TAIKYOKU oya="0"/><INIT seed="0,0,0,5,0,59" ten="250,250,250,250" oya="0" hai0="34,9,10,72,48,13,125,27,107,12,70,46,128" hai1="82,61,87,23,131,90,76,32,71,39,102,123,126" hai2="42,37,108,106,135,33,84,18,36,105,85,17,58" hai3="64,124,119,112,114,117,118,60,62,98,30,7,21"/><T53/><D125/><U68/><E123/><V49/><F58/><W22/><G124/><T19/><D70/><U120/><E120/><V129/><F49/><W75/><G75/><T66/><D128/><U111/><E32/><V65/><F65/><W28/><G7/><T132/><D72/><U5/><E126/><V67/><F67/><W104/><G64/><T16/><D107/><U52/><E131/><V29/><F29/><N who="3" m="11371" /><G98/><T57/><D34/><U92/><E111/><V80/><F129/><W133/><G104/><T11/><D132/><U122/><E39/><V31/><F31/><W91/><G91/><T77/><D77/><U40/><E40/><V63/><F33/><W43/><G43/><N who="0" m="24671" /><D27/><U25/><E122/><V56/><F42/><W96/><G96/><T51/><D66/><U100/><E5/><V83/><F108/><W41/><G41/><T81/><D81/><U79/><E76/><V6/><F135/><W55/><G55/><T47/><D47/><U97/><E68/><V78/><F6/><W99/><G99/><T116/><D116/><U69/><E71/><V103/><F37/><W130/><G130/><T45/><D45/><U14/><E69/><V88/><F36/><W101/><G133/><T35/><D35/><U113/><E113/><N who="3" m="43626" /><G101/><T110/><D110/><U44/><E102/><V73/><F103/><W134/><G134/><T38/><D38/><U86/><E100/><V3/><F3/><W94/><G94/><T15/><AGARI ba="0,0" hai="9,10,11,12,13,15,16,19,51,53,57" m="24671" machi="15" ten="30,3000,0" yaku="8,1,54,1" doraHai="59" who="0" fromWho="0" sc="250,30,250,-10,250,-10,250,-10" /><INIT seed="0,1,0,3,0,103" ten="280,240,240,240" oya="0" hai0="12,62,57,110,129,118,78,25,131,38,43,123,50" hai1="15,36,39,19,116,22,45,87,31,111,56,79,124" hai2="6,117,81,61,119,68,46,59,37,1,29,47,51" hai3="83,101,133,70,76,73,122,99,75,26,71,97,27"/><T108/><D38/><U102/><E116/><N who="2" m="44619" /><F29/><W10/><G133/><T100/><D118/><U5/><E111/><N who="0" m="42537" /><D123/><U17/><E124/><V9/><F68/><W20/><G122/><T41/><D78/><U114/><E114/><V134/><F134/><W58/><G75/><T18/><D100/><U96/><E5/><V120/><F120/><W91/><G10/><N who="0" m="6423" /><D25/><U115/><E115/><V104/><F104/><W121/><G27/><T35/><D35/><U64/><E31/><V106/><F106/><W7/><G26/><T2/><D2/><U48/><E39/><V14/><F37/><W92/><G101/><T105/><D105/><U82/><E36/><V94/><F1/><W127/><G76/><T95/><D95/><U40/><E19/><V74/><F94/><W86/><G92/><T52/><D50/><U112/><E112/><V3/><F51/><W63/><G121/><T67/><D67/><U49/><E49/><V66/><F3/><W44/><G83/><T13/><D13/><U32/><E32/><V54/><F66/><W53/><G127/><T89/><D89/><U72/><E102/><V11/><F11/><W42/><G91/><T125/><D125/><U55/><E64/><V85/><F74/><W30/><G73/><T0/><D0/><U23/><E72/><V24/><F24/><W113/><G113/><T135/><D135/><U128/><E48/><V69/><F69/><W65/><G71/><T90/><D90/><AGARI ba="1,0" hai="6,9,14,46,47,54,59,61,81,85,90" m="44619" machi="90" ten="30,1000,0" yaku="12,1" doraHai="103" who="2" fromWho="0" sc="280,-13,240,0,240,13,240,0" /><INIT seed="1,0,0,2,2,64" ten="267,240,253,240" oya="1" hai0="102,109,13,66,24,33,107,82,32,52,119,37,65" hai1="85,44,110,73,76,83,2,118,41,27,63,57,53" hai2="45,99,100,42,6,114,10,84,47,11,126,128,77" hai3="124,17,62,132,108,135,69,68,67,120,18,75,15"/><U113/><E113/><V133/><F114/><W116/><G120/><T104/><D37/><U4/><E118/><V26/><F128/><W28/><G116/><T111/><D119/><U14/><E110/><N who="0" m="41993" /><D13/><U134/><E134/><N who="3" m="51242" /><G108/><T88/><D52/><U35/><E2/><V115/><F115/><W34/><G75/><T12/><D12/><U90/><E27/><V117/><F126/><W94/><G124/><T50/><D50/><U21/><E35/><N who="0" m="13385" /><D24/><U49/><E21/><V91/><F26/><N who="3" m="18711" /><G94/><T121/><D121/><U112/><E112/><V60/><F11/><N who="3" m="6399" /><G18/><T46/><D46/><U25/><E25/><V48/><F47/><W56/><AGARI ba="0,0" hai="56,62,67,68,69" m="6399,18711,51242" machi="56" ten="30,4000,0" yaku="20,1,52,2" doraHai="64" who="3" fromWho="3" sc="267,-10,240,-20,253,-10,240,40" /><INIT seed="2,0,0,4,3,110" ten="257,220,243,280" oya="2" hai0="88,76,83,63,108,109,85,97,47,70,10,65,101" hai1="73,124,34,23,15,132,2,112,56,62,114,95,30" hai2="26,75,8,29,28,6,82,99,68,131,54,98,24" hai3="80,20,1,135,93,40,130,123,7,79,78,106,4"/><V74/><F131/><W50/><G106/><T49/><D10/><U38/><E38/><V48/><F68/><W125/><G123/><T92/><REACH who="0" step="1"/><D101/><REACH who="0" ten="247,220,243,280" step="2"/><U0/><E0/><V72/><F8/><W61/><G1/><T96/><D96/><U11/><E2/><V133/><F6/><W55/><G7/><T67/><D67/><U36/><E11/><V102/><F133/><W66/><G4/><T58/><D58/><U64/><E132/><V19/><F99/><W31/><G66/><T43/><AGARI ba="0,1" hai="43,47,49,63,65,70,76,83,85,88,92,97,108,109" machi="43" ten="30,7900,0" yaku="1,1,0,1,54,1,53,1" doraHai="110" doraHaiUra="89" who="0" fromWho="0" sc="247,89,220,-20,243,-39,280,-20" /><INIT seed="3,0,0,5,5,116" ten="336,200,204,260" oya="3" hai0="79,128,106,77,20,23,59,24,5,131,22,33,15" hai1="55,47,53,97,103,114,98,30,123,99,52,50,96" hai2="102,6,27,45,21,74,12,64,78,43,18,93,10" hai3="42,3,29,81,11,36,48,0,61,113,8,57,119"/><W108/><G119/><T107/><D59/><U19/><E114/><V75/><F78/><N who="0" m="29706" /><D5/><U94/><E123/><V4/><F4/><W58/><G113/><T109/><D15/><U85/><E30/><V92/><F64/><W67/><G36/><T38/><D38/><U87/><REACH who="1" step="1"/><E19/><REACH who="1" ten="336,190,204,260" step="2"/><V13/><F13/><W91/><G29/><N who="0" m="19623" /><D109/><U60/><E60/><V76/><F12/><W46/><G108/><T26/><D26/><U7/><E7/><V104/><F18/><W120/><G0/><T65/><D131/><U127/><E127/><V70/><F27/><W130/><G3/><T54/><D128/><U14/><E14/><V126/><F126/><W125/><G130/><T44/><D22/><U95/><E95/><V129/><F21/><W110/><G120/><T124/><D20/><U72/><E72/><V66/><F92/><W25/><G110/><T62/><D23/><U16/><E16/><V28/><F93/><W134/><G25/><T56/><D124/><U1/><E1/><V71/><F28/><W9/><G125/><T17/><D17/><U135/><E135/><V68/><F129/><W82/><G134/><T122/><D122/><U63/><E63/><N who="2" m="40031" /><F75/><W88/><REACH who="3" step="1"/><G58/><REACH who="3" ten="336,190,204,250" step="2"/><T100/><D56/><U31/><E31/><V105/><F71/><W86/><G86/><AGARI ba="0,2" hai="47,50,52,53,55,85,86,87,94,96,97,98,99,103" machi="86" ten="40,5200,0" yaku="1,1,8,1,54,1,53,0" doraHai="116" doraHaiUra="34" who="1" fromWho="3" sc="336,0,190,72,204,0,250,-52" /><INIT seed="4,0,0,0,3,52" ten="336,262,204,198" oya="0" hai0="114,121,133,62,0,128,99,45,103,60,17,66,115" hai1="48,117,20,92,34,105,80,29,100,71,27,25,104" hai2="49,96,122,129,55,82,15,13,111,24,47,127,10" hai3="9,130,95,11,50,135,33,101,98,19,58,6,1"/><T22/><D121/><U107/><E71/><V106/><F111/><W134/><G33/><T81/><D133/><N who="3" m="50697" /><G130/><T113/><D128/><U2/><E2/><V86/><F122/><W125/><G125/><T3/><D45/><U28/><E117/><V65/><F127/><W77/><G77/><T37/><D81/><U83/><REACH who="1" step="1"/><E48/><REACH who="1" ten="336,252,204,198" step="2"/><V63/><F129/><W73/><G73/><T116/><D37/><U70/><E70/><V68/><F49/><W79/><G79/><T74/><D116/><U53/><E53/><V118/><F55/><N who="3" m="32119" /><G11/><T43/><D43/><U36/><E36/><V39/><F10/><W91/><G19/><T23/><D74/><U84/><E84/><V87/><F87/><W18/><G18/><T44/><D17/><U75/><E75/><V108/><F86/><W57/><G57/><T61/><D0/><U88/><E88/><AGARI ba="0,1" hai="1,6,9,88,91,95,98,101" m="32119,50697" machi="88" ten="30,3900,0" yaku="20,1,52,1,54,1" doraHai="52" who="3" fromWho="1" sc="336,0,252,-39,204,0,198,49" /><INIT seed="5,0,0,4,1,12" ten="336,213,204,247" oya="1" hai0="55,102,53,33,99,43,6,124,20,69,57,70,106" hai1="47,74,78,113,130,71,109,105,25,30,63,9,36" hai2="135,16,133,108,72,125,15,58,18,100,111,59,110" hai3="28,120,86,46,54,23,116,19,31,101,128,81,121"/><U79/><E109/><V61/><F125/><W0/><G0/><T60/><D33/><U37/><E130/><V45/><F72/><W52/><G128/><T7/><D43/><U115/><E105/><V39/><F100/><W122/><G116/><T17/><D124/><U32/><E9/><V42/><F58/><W26/><G101/><T64/><D55/><U77/><E74/><V73/><F73/><W114/><G114/><N who="1" m="43530" /><E47/><V41/><F41/><W13/><G46/><T44/><D44/><U68/><E63/><V96/><F96/><W75/><G75/><T51/><D69/><AGARI ba="0,0" hai="25,30,32,36,37,68,69,71,77,78,79" m="43530" machi="69" ten="40,2000,0" yaku="15,1" doraHai="12" who="1" fromWho="0" sc="336,-20,213,20,204,0,247,0" /><INIT seed="5,1,0,3,0,37" ten="316,233,204,247" oya="1" hai0="21,133,11,120,60,71,83,64,75,31,102,115,78" hai1="45,44,69,97,79,73,68,54,38,29,41,63,40" hai2="22,131,132,119,52,39,122,72,111,4,28,112,6" hai3="91,128,86,124,80,16,81,134,129,23,58,98,57"/><U94/><E29/><V76/><F76/><W35/><G35/><T77/><D77/><U84/><E73/><V118/><F52/><W123/><G123/><T30/><D102/><U74/><E74/><V5/><F22/><W14/><G124/><T27/><D120/><U126/><E126/><V48/><F48/><W92/><G134/><T70/><D115/><U56/><E84/><V26/><F26/><W50/><G80/><T99/><D99/><U130/><E79/><V19/><F19/><W107/><G107/><T3/><D133/><U18/><E18/><V24/><F24/><W65/><G50/><T47/><D47/><U20/><E20/><V88/><F88/><N who="3" m="51279" /><G65/><T89/><D89/><U51/><E130/><AGARI ba="1,0" hai="14,16,23,57,58,91,92,98,128,129,130" m="51279" machi="130" ten="30,3900,0" yaku="19,1,54,2" doraHai="37" who="3" fromWho="1" sc="316,0,233,-42,204,0,247,42" /><INIT seed="6,0,0,5,3,86" ten="316,191,204,289" oya="2" hai0="56,48,84,44,43,100,50,23,88,21,129,10,124" hai1="114,85,28,1,97,32,92,60,16,98,112,78,83" hai2="5,128,131,118,15,94,17,106,96,122,46,81,29" hai3="22,119,7,115,57,116,105,12,120,35,67,126,45"/><V30/><F122/><W6/><G105/><T39/><D129/><N who="2" m="49738" /><F118/><W121/><G45/><N who="0" m="25663" /><D39/><U25/><E1/><V76/><F5/><N who="3" m="1547" /><G57/><T18/><D124/><U36/><E36/><V69/><F46/><W4/><G67/><T51/><D100/><U108/><E108/><V80/><F69/><W132/><G35/><T65/><D10/><U125/><E60/><V14/><F106/><W34/><G34/><T104/><D104/><U111/><E111/><V59/><F59/><W109/><G109/><T0/><D0/><U133/><E133/><V64/><F64/><W74/><G74/><T19/><D65/><U91/><E125/><V11/><F15/><W101/><G101/><T71/><D71/><U47/><E47/><V99/><F99/><W95/><G126/><T117/><D117/><N who="3" m="45129" /><G132/><T58/><D56/><U134/><E134/><V75/><F81/><W62/><G62/><T72/><D58/><U27/><REACH who="1" step="1"/><E98/><REACH who="1" ten="316,181,204,289" step="2"/><V70/><F70/><W54/><G120/><T130/><D130/><U77/><E77/><V55/><F55/><W26/><G54/><N who="0" m="30023" /><D51/><U53/><E53/><V82/><F82/><W107/><G121/><T73/><D72/><U37/><E37/><V33/><F33/><W3/><G3/><T8/><D73/><U63/><E63/><V13/><F80/><W87/><G87/><T9/><D84/><U113/><E113/><V66/><F76/><W24/><G115/><T89/><D8/><U42/><E42/><V40/><F40/><W49/><G49/><T93/><D9/><U38/><E38/><V127/><F127/><W52/><G52/><RYUUKYOKU ba="0,1" sc="316,-10,181,30,204,-10,289,-10" hai1="16,25,27,28,32,78,83,85,91,92,97,112,114" /><INIT seed="7,1,1,1,3,92" ten="306,211,194,279" oya="3" hai0="21,62,32,14,78,29,2,24,133,47,127,75,122" hai1="15,26,69,37,59,72,13,120,12,82,128,112,130" hai2="77,55,66,35,63,20,25,11,107,103,6,113,83" hai3="68,53,135,109,42,22,73,19,41,49,60,121,16"/><W18/><G121/><T54/><D122/><U28/><E69/><V76/><F113/><W48/><G73/><T27/><D2/><U123/><E37/><V117/><F117/><W43/><G135/><T115/><D133/><U108/><E108/><V61/><F55/><W95/><G109/><T46/><D14/><U81/><E59/><V10/><F63/><W51/><G95/><T50/><D62/><U86/><E72/><V70/><F20/><W94/><G94/><T79/><D115/><U57/><E57/><V102/><F102/><W39/><G39/><T67/><D67/><U132/><E132/><V111/><F111/><W33/><G33/><T89/><D127/><U87/><E112/><V4/><F4/><W129/><G129/><N who="1" m="49770" /><E86/><N who="2" m="48487" /><F6/><W110/><G110/><T100/><D47/><U74/><E74/><V106/><F77/><W80/><G80/><N who="1" m="30826" /><E87/><V9/><F106/><W17/><G68/><T119/><D75/><U90/><E90/><V8/><F8/><W3/><G3/><T34/><D89/><U116/><E116/><V64/><F10/><W7/><G7/><T65/><D119/><U36/><E36/><V124/><F124/><W93/><G93/><T30/><D100/><U40/><E40/><V31/><F66/><W85/><G85/><T56/><D32/><AGARI ba="1,1" hai="12,13,15,26,28,32,120,123" m="30826,49770" machi="32" ten="30,1000,0" yaku="19,1" doraHai="92" who="1" fromWho="0" sc="306,-13,211,23,194,0,279,0" /><INIT seed="8,0,0,2,1,14" ten="293,234,194,279" oya="0" hai0="72,98,67,62,103,30,84,79,82,74,115,12,119" hai1="46,36,124,125,32,109,85,24,101,37,54,8,13" hai2="89,18,77,122,17,63,99,133,95,50,47,11,49" hai3="105,20,71,117,5,110,111,65,40,132,44,16,107"/><T42/><D115/><U57/><E109/><V3/><F133/><W6/><G132/><T55/><D42/><U123/><E123/><V92/><F122/><W104/><G117/><T83/><D119/><U102/><E85/><V9/><F77/><W75/><G75/><T41/><D41/><U23/><E32/><V52/><F63/><W78/><G78/><T96/><D55/><U114/><E46/><V70/><F70/><W108/><G65/><T28/><D98/><U10/><E114/><V64/><F64/><W59/><G59/><T26/><D12/><U2/><E2/><V61/><F61/><W129/><G71/><N who="0" m="42487" /><D30/><U15/><E57/><N who="2" m="32911" /><F3/><W29/><G129/><T66/><D82/><U116/><E116/><V69/><F69/><W131/><G29/><T53/><D53/><U135/><E54/><N who="2" m="30047" /><F92/><W91/><G131/><T126/><D66/><U39/><E135/><V45/><F45/><W38/><REACH who="3" step="1"/><G91/><REACH who="3" ten="293,234,194,269" step="2"/><T4/><D74/><U106/><E8/><AGARI ba="0,1" hai="8,9,11,17,18,89,95,99" m="30047,32911" machi="8" ten="30,7700,0" yaku="8,1,52,2,54,1" doraHai="14" who="2" fromWho="1" sc="293,0,234,-77,194,87,269,0" /><INIT seed="9,0,0,0,4,107" ten="293,157,281,269" oya="1" hai0="102,109,105,110,19,108,30,14,42,103,34,123,46" hai1="63,104,72,83,133,66,122,120,50,111,88,70,86" hai2="75,47,130,36,98,58,43,6,119,15,51,78,125" hai3="41,74,99,45,94,81,101,135,97,37,68,131,90"/><U89/><E111/><V80/><F119/><W57/><G68/><T3/><D3/><U127/><E127/><V7/><F125/><W39/><G135/><T92/><D105/><U44/><E133/><V69/><F69/><W132/><G132/><T12/><D123/><U59/><E104/><V112/><F130/><W56/><G131/><T117/><D117/><U65/><E72/><V64/><F112/><W128/><G37/><T113/><D113/><U53/><E66/><V106/><F15/><W48/><G128/><T21/><D14/><U17/><E17/><V73/><F73/><W126/><G126/><T9/><D34/><U29/><E29/><V116/><F116/><W1/><G1/><T95/><D92/><U33/><E33/><V20/><F20/><W114/><G39/><T52/><D52/><U124/><E124/><V24/><F24/><W35/><G35/><T61/><D61/><U0/><E0/><V22/><F22/><W129/><G114/><T60/><D60/><U76/><REACH who="1" step="1"/><E70/><REACH who="1" ten="293,147,281,269" step="2"/><V38/><F64/><W40/><G74/><T8/><D30/><U84/><E84/><V54/><F106/><W93/><G129/><T85/><D85/><U27/><E27/><V79/><F75/><W77/><G99/><T121/><D109/><U96/><E96/><V10/><F98/><W49/><G97/><N who="0" m="59711" /><D108/><U16/><E16/><V67/><F67/><W62/><G101/><T55/><D110/><U134/><E134/><V87/><F87/><W13/><G13/><T26/><D103/><U115/><E115/><V91/><F6/><W100/><G100/><RYUUKYOKU ba="0,1" sc="293,-10,147,30,281,-10,269,-10" hai1="44,50,53,59,63,65,76,83,86,88,89,120,122" /><INIT seed="9,1,1,4,4,62" ten="283,177,271,259" oya="1" hai0="6,134,1,50,118,113,89,17,48,108,68,87,117" hai1="0,122,111,57,81,80,99,70,18,116,73,125,27" hai2="100,60,131,101,112,98,110,78,83,44,20,19,85" hai3="3,76,115,74,46,132,104,129,103,29,41,92,12"/><U86/><E122/><V43/><F110/><W102/><G3/><T59/><D108/><U97/><E111/><V36/><F131/><W15/><G104/><T25/><D68/><U35/><E70/><V79/><F112/><W90/><G129/><T49/><D134/><U22/><E0/><V84/><F60/><W56/><G115/><T21/><D113/><U72/><E125/><V2/><F2/><W95/><G132/><T106/><D106/><U37/><E37/><V126/><F126/><W64/><G29/><T34/><D34/><U77/><E116/><N who="0" m="44649" /><D6/><U8/><E35/><V120/><F120/><W14/><G76/><T61/><D1/><U82/><E8/><V91/><F85/><W128/><G74/><T54/><D61/><U88/><REACH who="1" step="1"/><E57/><REACH who="1" ten="283,167,271,259" step="2"/><V13/><F100/><W124/><G56/><T32/><D32/><U75/><E75/><V107/><AGARI ba="1,2" hai="13,19,20,36,43,44,78,79,83,84,91,98,101,107" machi="107" ten="20,1500,0" yaku="0,1,7,1" doraHai="62" who="2" fromWho="2" sc="283,-5,167,-8,271,38,259,-5" owari="278,8.0,159,-34.0,309,41.0,254,-15.0" /></mjloggm>