<mjloggm ver="2.3"><GO type="169" lobby="0"/><UN n0="%E5%AE%8C%E5%85%A8%E6%84%9F%E8%A6%9A%44" n1="%E3%81%BE%E3%81%95%E3%81%A8%E3%81%97" n2="%E3%82%AB%E3%83%9D%E3%83%8D%E5%9B%A3%E3%81%AE%E5%85%84%E8%B2%B4" n3="%E3%82%A6%E3%83%AB%E3%83%88%E3%83%A9%E7%AB%8B%E7%9B%B4" dan="16,17,18,17" rate="2103.23,2121.01,2254.15,2128.35" sx="M,M,M,M"/><TAIKYOKU oya="0"/><INIT seed="0,0,0,0,4,43" ten="250,250,250,250" oya="0" hai0="97,28,5,9,70,124,99,23,86,47,109,66,130" hai1="88,75,80,133,11,96,42,91,19,3,68,112,53" hai2="72,116,20,2,65,45,18,41,131,59,55,79,113" hai3="108,118,51,31,60,107,38,83,85,101,10,105,82"/><T12/><D124/><U29/><E133/><V30/><F2/><W106/><G38/><T56/><D70/><U33/><E68/><V92/><F113/><W1/><G118/><T58/><D130/><U64/><E64/><V63/><F30/><W114/><G60/><N who="0" m="38151" /><D109/><U8/><E29/><V129/><F116/><W103/><G1/><T110/><D110/><U61/><E33/><V52/><F92/><W67/><G67/><T126/><D126/><U16/><E3/><V24/><F79/><W123/><G31/><T94/><D58/><N who="1" m="35023" /><E75/><V76/><F76/><W120/><G108/><T115/><D115/><U0/><E42/><V44/><F72/><W15/><G114/><T37/><D37/><U81/><E0/><V84/><F41/><W48/><G120/><T49/><D86/><N who="1" m="50247" /><E112/><V117/><F84/><W135/><G85/><T39/><D39/><U35/><E35/><V73/><F73/><W125/><G123/><T26/><D94/><N who="1" m="56415" /><E81/><V22/><F117/><W40/><G107/><T32/><D32/><U77/><E77/><V78/><F78/><W69/><G106/><T71/><D71/><U95/><E95/><V93/><F93/><W62/><G69/><T7/><D99/><U121/><E121/><V119/><F119/><W74/><G105/><T27/><D97/><U54/><E54/><N who="2" m="20523" /><F129/><W122/><G125/><T34/><D34/><U46/><E46/><N who="2" m="18027" /><F131/><W89/><G122/><T98/><D98/><U21/><E19/><V104/><F104/><W50/><G74/><T132/><D28/><U36/><E36/><V25/><F18/><W134/><G134/><RYUUKYOKU ba="0,0" sc="250,-15,250,15,250,15,250,-15" hai1="8,11,16,21" hai2="20,22,24,25,59,63,65" /><INIT seed="1,1,0,2,0,120" ten="235,265,265,235" oya="1" hai0="67,70,56,20,50,121,31,4,8,11,17,117,22" hai1="100,27,80,104,83,33,79,60,26,57,94,95,101" hai2="62,59,90,85,12,63,118,32,128,7,23,113,55" hai3="42,19,69,36,18,125,2,106,51,15,14,6,38"/><U103/><E104/><V35/><F118/><W105/><G69/><T76/><D117/><U81/><E79/><V72/><F72/><W127/><G51/><T49/><D121/><U24/><E33/><V124/><F128/><W119/><G6/><T115/><D115/><U91/><E91/><V61/><F124/><W40/><REACH who="3" step="1"/><G119/><REACH who="3" ten="235,265,265,225" step="2"/><T87/><D50/><U29/><REACH who="1" step="1"/><E29/><REACH who="1" ten="235,255,265,225" step="2"/><V99/><F113/><W53/><G53/><AGARI ba="1,2" hai="24,26,27,53,57,60,80,81,83,94,95,100,101,103" machi="53" ten="50,12000,1" yaku="1,1,2,1,29,2,8,1,53,0" doraHai="120" doraHaiUra="109" who="1" fromWho="3" sc="235,0,255,143,265,0,225,-123" /><INIT seed="1,2,0,2,0,92" ten="235,398,265,102" oya="1" hai0="42,9,73,121,81,30,27,132,38,123,61,3,130" hai1="131,11,18,104,64,108,110,98,48,96,56,7,112" hai2="20,68,45,101,13,36,55,60,102,2,57,87,97" hai3="65,32,58,5,113,105,29,23,103,72,54,41,115"/><U85/><E104/><V126/><F2/><W135/><G32/><N who="0" m="20575" /><D132/><U124/><E112/><V28/><F101/><W19/><G72/><T89/><D61/><N who="1" m="37927" /><E131/><V26/><F13/><W62/><G135/><T59/><D59/><U133/><E133/><V10/><F10/><W88/><G29/><T82/><D130/><U111/><E124/><V83/><F126/><W86/><G41/><T52/><D89/><U4/><E85/><V78/><F68/><W21/><G65/><T84/><D73/><U66/><E66/><V77/><F36/><W51/><G62/><T31/><D84/><U71/><E71/><V12/><F12/><W44/><G44/><N who="0" m="23639" /><D31/><U14/><E48/><V107/><REACH who="2" step="1"/><F45/><REACH who="2" ten="235,398,255,102" step="2"/><W129/><G129/><T94/><D3/><N who="1" m="415" /><E7/><V76/><AGARI ba="2,1" hai="20,26,28,55,57,60,76,77,78,83,87,97,102,107" machi="76" ten="20,8000,1" yaku="1,1,0,1,7,1,52,1,53,1" doraHai="92" doraHaiUra="49" who="2" fromWho="2" sc="235,-22,398,-42,255,96,102,-22" /><INIT seed="2,0,0,1,4,3" ten="213,356,351,80" oya="2" hai0="55,27,112,21,65,94,31,25,36,108,126,46,131" hai1="51,5,35,16,96,128,12,124,109,48,111,9,40" hai2="0,121,26,114,80,116,70,97,78,64,13,82,129" hai3="58,56,30,106,105,17,95,29,77,113,10,33,91"/><V39/><F0/><W119/><G77/><T76/><D112/><U49/><E35/><V15/><F39/><W99/><G119/><T86/><D108/><N who="1" m="41547" /><E128/><V85/><F114/><W14/><G113/><T88/><D131/><U53/><E124/><V132/><F116/><W18/><G33/><T133/><D126/><U8/><E96/><V87/><F121/><W20/><G106/><T100/><D133/><U89/><E89/><V120/><F132/><W127/><G105/><T7/><D65/><U22/><E40/><V79/><F120/><W2/><G2/><T69/><D69/><U34/><E34/><V68/><F26/><W32/><G32/><T102/><D76/><U123/><E123/><V83/><F83/><W24/><G127/><T63/><D7/><U74/><E74/><V57/><F97/><W11/><G30/><T59/><REACH who="0" step="1"/><D25/><REACH who="0" ten="203,356,351,80" step="2"/><N who="1" m="14535" /><E9/><V50/><F129/><W93/><G11/><T44/><D44/><AGARI ba="0,1" hai="5,8,12,44,48,49,51,53" m="14535,41547" machi="44" ten="30,3900,0" yaku="14,1,52,1,54,1" doraHai="3" who="1" fromWho="0" sc="203,-39,356,49,351,0,80,0" /><INIT seed="3,0,0,3,4,53" ten="164,405,351,80" oya="3" hai0="62,72,100,34,58,21,102,78,83,52,48,106,132" hai1="59,94,79,61,43,20,95,16,32,12,98,114,28" hai2="66,27,127,120,90,37,7,96,22,17,135,97,38" hai3="33,119,6,85,26,5,105,64,54,123,60,39,82"/><W115/><G123/><T41/><D34/><U129/><E114/><V101/><F127/><W75/><G75/><T68/><D132/><U29/><E129/><V2/><F135/><W9/><G115/><T113/><D113/><U35/><E43/><V50/><F120/><W31/><G119/><T91/><D106/><U128/><E128/><V99/><F2/><W107/><G54/><T104/><D104/><U3/><E3/><V18/><F7/><W109/><G39/><T80/><D21/><U93/><E35/><V55/><F66/><W125/><G6/><T1/><D1/><U45/><E32/><V8/><F101/><W70/><G125/><T88/><D68/><U92/><E79/><V11/><F37/><W63/><G63/><T24/><D24/><U103/><E45/><V10/><F38/><W42/><G42/><T23/><D23/><U57/><E57/><N who="2" m="33015" /><F90/><N who="0" m="34346" /><D72/><U112/><E112/><V36/><F36/><W46/><G46/><N who="0" m="25679" /><D78/><U111/><E111/><V118/><F118/><W130/><G130/><T13/><D13/><AGARI ba="0,0" hai="8,10,11,13,17,18,22,27,96,97,99" m="33015" machi="13" ten="30,2000,0" yaku="8,1,52,1" doraHai="53" who="2" fromWho="0" sc="164,-20,405,0,351,20,80,0" /><INIT seed="4,0,0,2,1,70" ten="144,405,371,80" oya="0" hai0="132,77,85,82,105,38,114,61,46,118,66,119,111" hai1="83,43,64,65,100,59,116,92,125,79,0,12,72" hai2="39,74,78,1,127,69,60,76,49,52,21,58,37" hai3="44,121,89,17,14,88,36,35,107,134,28,50,19"/><T7/><D105/><U20/><E0/><V97/><F1/><W115/><G107/><T11/><D114/><U123/><E116/><V40/><F127/><W130/><G115/><T2/><D132/><U27/><E123/><V112/><F112/><W133/><G28/><T26/><D26/><U4/><E125/><V32/><F32/><W25/><G35/><T80/><D111/><U16/><E43/><V104/><F21/><W109/><G109/><T68/><REACH who="0" step="1"/><D82/><REACH who="0" ten="134,405,371,80" step="2"/><U13/><E27/><V98/><F104/><W73/><G133/><T102/><D102/><U90/><E100/><V3/><F74/><W6/><G73/><T15/><D15/><U117/><E13/><V63/><F3/><W24/><G134/><T45/><D45/><U108/><E108/><V103/><F103/><W5/><G25/><T124/><D124/><U23/><E12/><V48/><F69/><W71/><G71/><T101/><D101/><U113/><E113/><V47/><F47/><W128/><G24/><T62/><D62/><U42/><E83/><V99/><F60/><W122/><G14/><T33/><D33/><U34/><E34/><V81/><F81/><W53/><G44/><T55/><D55/><U22/><E72/><V84/><F63/><W120/><G120/><T86/><D86/><U56/><E65/><V10/><F84/><W135/><G135/><T94/><D94/><U54/><E64/><V126/><F126/><W18/><G53/><T110/><D110/><U57/><E54/><V91/><F52/><W31/><G121/><T129/><D129/><U75/><E75/><RYUUKYOKU ba="0,1" sc="134,30,405,-10,371,-10,80,-10" hai0="2,7,11,38,46,61,66,68,77,80,85,118,119" /><INIT seed="4,1,1,0,3,61" ten="164,395,361,70" oya="0" hai0="110,2,94,118,68,88,95,92,11,119,6,99,101" hai1="53,121,67,8,130,28,71,109,10,98,126,128,102" hai2="129,19,70,106,66,49,123,14,41,83,113,90,127" hai3="85,62,20,86,87,131,89,107,43,82,76,132,116"/><T9/><D110/><U96/><E109/><V74/><F106/><W103/><G116/><T112/><D112/><U5/><E121/><V51/><F123/><W58/><G131/><N who="1" m="50218" /><E126/><V12/><F113/><W55/><G132/><T32/><D32/><U115/><E115/><V91/><F127/><W111/><G111/><T34/><D34/><U33/><E53/><V125/><F125/><W72/><G43/><T52/><D68/><U42/><E42/><V29/><F29/><W0/><G0/><T97/><D11/><U135/><E135/><V79/><F12/><W39/><G39/><T133/><D133/><U22/><E33/><V78/><F78/><W31/><G31/><T108/><D108/><U69/><E10/><V36/><F36/><W18/><G103/><T59/><REACH who="0" step="1"/><D95/><REACH who="0" ten="154,395,361,70" step="2"/><N who="1" m="58655" /><E69/><V73/><F70/><W75/><G107/><T114/><D114/><U16/><E71/><V64/><F129/><W57/><G20/><T134/><D134/><U15/><E22/><V60/><F83/><W30/><G82/><T81/><D81/><U124/><E8/><V77/><F74/><W35/><G75/><T45/><D45/><U46/><E46/><V21/><F73/><W65/><G72/><T54/><D54/><U17/><E124/><V40/><F21/><W1/><G55/><T80/><D80/><U25/><E5/><V4/><F4/><W100/><G76/><T23/><D23/><U105/><E105/><V117/><F79/><W93/><G35/><T38/><D38/><U7/><E7/><V56/><F77/><W63/><G93/><T120/><D120/><RYUUKYOKU ba="1,2" sc="154,30,395,-10,361,-10,70,-10" hai0="2,6,9,52,59,88,92,94,97,99,101,118,119" /><INIT seed="4,2,2,3,2,102" ten="184,385,351,60" oya="0" hai0="61,125,46,68,43,114,113,48,95,79,47,90,33" hai1="127,21,101,10,40,27,98,17,55,36,126,134,76" hai2="99,57,56,77,120,63,44,123,65,2,23,118,41" hai3="116,59,16,71,8,1,15,30,11,45,50,37,94"/><T128/><D33/><U105/><E76/><V39/><F2/><W58/><G71/><T100/><D125/><N who="1" m="47627" /><E134/><V32/><F32/><W9/><G37/><T4/><D128/><U19/><E55/><V72/><F72/><W130/><G116/><T26/><D100/><U93/><E93/><V25/><F77/><W51/><G30/><T110/><D110/><U107/><E107/><V84/><F84/><W88/><G130/><T83/><D4/><U6/><E36/><V115/><F118/><W38/><G38/><T80/><D26/><U112/><E40/><V0/><F0/><W106/><G106/><T78/><D61/><U12/><E112/><N who="0" m="43113" /><D68/><U3/><E3/><V89/><F115/><W54/><G1/><T42/><D79/><U75/><E75/><V81/><F57/><N who="3" m="21515" /><G51/><N who="0" m="27095" /><D78/><U74/><E74/><V69/><F69/><W129/><G129/><T132/><D132/><U133/><E133/><V35/><F63/><W103/><G103/><T92/><D92/><U117/><E117/><V85/><F39/><W67/><G67/><T124/><D124/><U66/><E66/><V24/><F65/><W53/><G53/><T14/><D14/><U20/><E6/><V52/><F52/><W34/><G34/><T119/><D119/><U18/><E27/><V86/><F24/><W70/><G70/><T109/><D109/><U49/><E49/><V22/><F25/><W91/><G91/><T73/><D73/><U108/><E108/><V131/><F89/><W13/><G13/><T111/><D111/><U97/><E97/><AGARI ba="2,2" hai="8,9,11,15,16,45,50,54,88,94,97" m="21515" machi="97" ten="30,3900,0" yaku="8,1,54,2" doraHai="102" who="3" fromWho="1" sc="184,0,385,-45,351,0,60,65" /><AGARI ba="2,0" hai="43,47,48,80,83,90,95,97" m="27095,43113" machi="97" ten="30,1500,0" yaku="15,1" doraHai="102" who="0" fromWho="1" sc="184,15,340,-15,351,0,125,0" /><INIT seed="4,3,0,2,5,82" ten="199,325,351,125" oya="0" hai0="100,18,118,75,70,12,116,45,117,63,79,7,105" hai1="55,72,39,26,131,132,88,71,30,112,96,121,15" hai2="40,33,38,102,135,47,98,106,77,5,85,120,32" hai3="41,122,57,119,27,109,89,104,25,101,58,17,19"/><T99/><D7/><U60/><E121/><V110/><F110/><W134/><G104/><T133/><D133/><U53/><E132/><V36/><F120/><W42/><G134/><T127/><D127/><U114/><E72/><V95/><F135/><W67/><G122/><T44/><D75/><U68/><E39/><V23/><F38/><W9/><G109/><T84/><D70/><N who="1" m="26667" /><E15/><V0/><F23/><W94/><G101/><T86/><D63/><U78/><E78/><V129/><F129/><W124/><G124/><T20/><REACH who="0" step="1"/><D79/><REACH who="0" ten="189,325,351,125" step="2"/><U107/><E60/><V6/><F6/><W48/><G119/><T4/><D4/><U126/><E126/><V81/><F5/><W56/><G67/><T54/><D54/><U65/><E65/><V3/><F0/><W128/><G128/><T13/><D13/><U51/><E131/><V111/><F3/><W35/><G42/><T73/><D73/><U83/><E55/><V46/><F111/><W59/><G41/><T113/><D113/><U1/><E1/><V50/><F40/><W11/><G27/><T52/><D52/><U76/><E114/><V28/><F77/><W103/><G25/><T93/><D93/><N who="1" m="56359" /><E112/><V22/><F95/><W43/><G94/><T130/><D130/><U123/><E123/><V29/><F106/><W97/><G43/><T49/><D49/><U8/><E107/><V66/><F50/><W125/><G48/><T108/><D108/><U62/><E62/><V69/><F69/><W24/><G125/><T74/><D74/><U14/><E51/><V34/><F66/><W2/><G2/><RYUUKYOKU ba="3,1" sc="189,30,325,-10,351,-10,125,-10" hai0="12,18,20,44,45,84,86,99,100,105,116,117,118" /><INIT seed="4,4,1,0,4,80" ten="219,315,341,115" oya="0" hai0="55,60,32,128,81,86,116,0,10,95,88,35,69" hai1="118,77,91,59,67,9,108,120,62,110,98,135,92" hai2="53,104,56,50,125,48,79,124,63,111,134,31,19" hai3="30,132,15,72,40,28,126,90,89,26,123,85,29"/><T21/><D116/><U47/><E118/><V82/><F104/><W54/><G72/><T34/><D128/><U93/><E120/><V27/><F19/><W23/><G123/><T78/><D21/><U39/><E77/><V129/><F134/><W49/><G132/><T83/><D78/><U51/><E39/><V64/><F111/><W113/><G126/><N who="2" m="48745" /><F64/><W8/><G40/><T52/><D69/><U45/><E135/><V6/><F6/><N who="3" m="3479" /><G113/><T127/><D127/><U115/><E115/><V43/><F43/><W84/><G90/><T96/><D60/><U33/><E33/><N who="2" m="20735" /><F129/><W2/><G2/><T76/><REACH who="0" step="1"/><D83/><REACH who="0" ten="209,315,341,115" step="2"/><U7/><E108/><V109/><F109/><W14/><G26/><T106/><D106/><U94/><E110/><V68/><F68/><W131/><G131/><T20/><D20/><U133/><E133/><V122/><F122/><W13/><G23/><T103/><D103/><U97/><E93/><V101/><F101/><W44/><G89/><T42/><D42/><U12/><E51/><V66/><F82/><W24/><G24/><T73/><D73/><U65/><E94/><V70/><F79/><W3/><G3/><T5/><AGARI ba="4,2" hai="0,5,10,32,34,35,52,55,76,81,86,88,95,96" machi="5" ten="40,18000,2" yaku="1,1,0,1,52,1,54,2,53,1" doraHai="80" doraHaiUra="1" who="0" fromWho="0" sc="209,212,315,-64,341,-64,115,-64" /><INIT seed="4,5,0,5,1,109" ten="421,251,277,51" oya="0" hai0="35,72,49,86,34,10,82,45,16,30,42,11,85" hai1="46,135,131,58,68,40,101,2,105,113,108,124,95" hai2="15,77,24,8,61,94,92,39,83,88,107,74,50" hai3="51,128,53,123,43,5,106,99,117,80,26,63,55"/><T104/><D104/><U20/><E105/><V66/><F39/><W115/><G117/><T125/><D125/><U13/><E68/><V79/><F107/><W6/><G106/><T100/><D100/><U126/><E2/><V31/><F77/><W84/><G123/><T25/><D35/><U120/><E108/><V54/><F50/><W118/><G118/><T22/><D72/><U110/><E110/><V103/><F54/><W96/><G43/><T56/><D56/><U91/><E120/><V23/><F103/><W87/><G26/><T0/><D0/><U12/><E131/><V44/><F44/><W59/><G128/><T41/><D41/><U37/><E101/><V121/><F121/><W129/><G129/><T73/><D73/><U119/><E119/><V60/><F92/><W93/><G93/><T9/><REACH who="0" step="1"/><D82/><REACH who="0" ten="411,251,277,51" step="2"/><U102/><E102/><V57/><F57/><W89/><G59/><T75/><D75/><U52/><E126/><V29/><F83/><W130/><G80/><T17/><D17/><U47/><E124/><V127/><F74/><W65/><G130/><T4/><D4/><U27/><E58/><V38/><F127/><W114/><G63/><T116/><D116/><U97/><E40/><V18/><F61/><W14/><G65/><T90/><D90/><U134/><E91/><V67/><F60/><W48/><G89/><T70/><D70/><U98/><E134/><V122/><F66/><W7/><G7/><T132/><D132/><U19/><E135/><V28/><F67/><W62/><G62/><T32/><D32/><U112/><E19/><RYUUKYOKU ba="5,1" sc="411,15,251,-15,277,-15,51,15" hai0="9,10,11,16,22,25,30,34,42,45,49,85,86" hai3="5,6,14,48,51,53,55,84,87,96,99,114,115" /><INIT seed="4,6,1,0,5,73" ten="426,236,262,66" oya="0" hai0="113,120,105,128,67,11,15,37,71,9,50,32,52" hai1="28,134,123,130,99,13,90,125,68,39,118,119,66" hai2="88,24,89,51,122,31,43,10,18,21,53,75,30" hai3="76,40,102,42,127,98,108,132,44,131,96,77,84"/><T74/><D120/><U4/><E123/><V103/><F122/><W27/><G108/><T16/><D37/><U1/><E13/><N who="2" m="7479" /><F75/><W47/><G127/><T133/><D105/><U25/><E90/><N who="2" m="34923" /><F103/><W33/><G33/><T45/><D32/><U0/><E125/><V58/><F43/><N who="3" m="16427" /><G131/><T116/><D116/><U104/><E130/><V2/><F2/><W109/><G109/><T81/><D128/><U107/><E39/><V23/><F23/><W115/><G115/><T78/><D113/><U3/><E4/><V135/><F135/><W106/><G106/><T49/><D133/><U97/><E134/><V61/><F51/><W17/><G132/><T22/><REACH who="0" step="1"/><D50/><REACH who="0" ten="416,236,262,66" step="2"/><U82/><E107/><V129/><F129/><W114/><G114/><T92/><D92/><U87/><E104/><V20/><F20/><W46/><G98/><T117/><D117/><U69/><E99/><V6/><F6/><W36/><G96/><T86/><D86/><U12/><E97/><V121/><F121/><W100/><G84/><T62/><AGARI ba="6,2" hai="9,11,15,16,22,45,49,52,62,67,71,74,78,81" machi="62" ten="30,18000,2" yaku="1,1,0,1,52,1,54,2,53,1" doraHai="73" doraHaiUra="65" who="0" fromWho="0" sc="416,218,236,-66,262,-66,66,-66" /><INIT seed="4,7,0,0,1,37" ten="634,170,196,0" oya="0" hai0="10,86,49,81,65,123,73,25,61,27,105,17,2" hai1="98,135,57,40,19,107,74,132,22,125,127,97,0" hai2="104,118,95,72,21,128,122,130,28,45,14,56,88" hai3="1,110,44,41,42,84,63,39,109,90,16,50,46"/><T38/><D38/><U13/><E74/><V9/><F72/><W82/><G1/><T126/><D73/><U112/><E112/><V96/><F122/><W18/><G109/><T31/><D123/><U120/><E120/><V99/><F118/><W91/><G110/><T15/><D105/><U92/><E0/><V23/><F56/><W58/><G91/><N who="0" m="51663" /><D2/><U114/><E114/><V117/><F45/><W66/><AGARI ba="7,0" hai="16,18,39,41,42,44,46,50,58,63,66,82,84,90" machi="66" ten="20,8000,1" yaku="0,1,7,1,52,2,54,1" doraHai="37" who="3" fromWho="3" sc="634,-47,170,-27,196,-27,0,101" /><INIT seed="5,0,0,1,2,120" ten="587,143,169,101" oya="1" hai0="123,12,4,61,126,28,82,97,14,85,75,29,71" hai1="59,58,64,131,77,0,50,20,79,96,107,104,36" hai2="6,84,52,48,42,119,112,83,95,101,35,1,56" hai3="38,128,31,66,10,60,68,26,32,73,129,125,3"/><U2/><E36/><V94/><F35/><W11/><G11/><N who="0" m="4199" /><D75/><U109/><E131/><V91/><F119/><W110/><G73/><T105/><D105/><U80/><E20/><V23/><F112/><W93/><G93/><T118/><D71/><U132/><E132/><V106/><F42/><W7/><G125/><T17/><D118/><U25/><E25/><V47/><F1/><W5/><G5/><T67/><D97/><U135/><E135/><V111/><F6/><W34/><G34/><T19/><D126/><U89/><E64/><V90/><F111/><W117/><G117/><T45/><D45/><U116/><E116/><V21/><F106/><W54/><G54/><T51/><D51/><U65/><E65/><V130/><F47/><W108/><G38/><T18/><D123/><U121/><E121/><V87/><F130/><AGARI ba="0,0" hai="3,7,10,26,31,32,60,66,68,108,110,128,129,130" machi="130" ten="40,8000,1" yaku="19,1,23,2,52,2" doraHai="120" who="3" fromWho="2" sc="587,0,143,0,169,-80,101,80" /><INIT seed="6,0,0,4,3,72" ten="587,143,89,181" oya="2" hai0="81,102,29,0,64,69,108,98,61,62,35,100,31" hai1="32,51,52,124,66,133,119,46,50,33,134,126,60" hai2="34,43,27,103,118,26,25,88,89,90,19,16,24" hai3="13,15,18,93,76,49,127,47,123,20,99,2,79"/><V57/><F118/><W41/><G2/><T9/><D108/><U40/><E33/><V87/><F103/><N who="3" m="60911" /><G123/><T48/><D48/><U131/><E32/><V129/><F129/><W132/><G127/><N who="1" m="48682" /><E131/><V22/><F43/><W122/><G132/><N who="1" m="50794" /><E119/><V68/><F68/><W78/><G122/><T83/><D61/><U37/><E52/><V113/><F113/><W55/><G55/><T101/><D98/><U5/><E5/><V106/><F106/><W70/><G70/><AGARI ba="0,0" hai="37,40,46,50,51,60,66,70" m="50794,48682" machi="70" ten="30,7700,0" yaku="18,1,20,1,34,2" doraHai="72" who="1" fromWho="3" sc="587,0,143,77,89,0,181,-77" /><INIT seed="7,0,0,3,1,94" ten="587,220,89,104" oya="3" hai0="46,59,4,84,104,35,82,21,119,93,102,54,45" hai1="10,64,81,41,110,6,40,77,26,37,88,44,134" hai2="34,111,116,73,58,62,55,20,11,39,69,129,80" hai3="68,56,100,89,38,97,43,1,96,12,24,14,79"/><W103/><G68/><T101/><D35/><U120/><E110/><V23/><F34/><W71/><G71/><T9/><D104/><U123/><E134/><V13/><F116/><W86/><G1/><T60/><D119/><U112/><E112/><V125/><F111/><W16/><G43/><T76/><D21/><U90/><E64/><V51/><F125/><W105/><G38/><T31/><D31/><U128/><E41/><V113/><F113/><W66/><G79/><T127/><D127/><U95/><E128/><V133/><F39/><W61/><G24/><T22/><D22/><U29/><E26/><V115/><F115/><W85/><G85/><T15/><D93/><U65/><E29/><V17/><F133/><W124/><G124/><T107/><D107/><U121/><E65/><V70/><F129/><W2/><G2/><T33/><D33/><U117/><E95/><V135/><F135/><W130/><G130/><T32/><D32/><U67/><E67/><V36/><F36/><W75/><G75/><T42/><D46/><U132/><E117/><V83/><F69/><W30/><G30/><T126/><D126/><U131/><E131/><V53/><F70/><W78/><G78/><T57/><D57/><U7/><E132/><V8/><F73/><W109/><G109/><T0/><D0/><N who="1" m="327" /><E7/><V25/><F23/><N who="3" m="11655" /><G14/><T108/><D108/><U49/><E37/><AGARI ba="0,0" hai="4,9,15,37,42,45,54,59,60,76,82,84,101,102" machi="37" ten="30,1000,0" yaku="7,1" doraHai="94" who="0" fromWho="1" sc="587,10,220,-10,89,0,104,0" owari="597,70.0,210,1.0,89,-41.0,104,-30.0" /></mjloggm>