<mjloggm ver="2.3"><GO type="97" lobby="0"/><UN n0="%E5%B0%B1%E6%B4%BB%E7%94%9F%40%E5%B7%9D%E6%9D%91%E8%BB%8D%E5%9B%A3" n1="%E9%99%B8%E5%A5%A5%E9%9B%80%E5%A3%AB%EF%BC%A1%EF%BC%A9%EF%BC%B2" n2="%E5%B0%BE%E5%BC%B5%E4%B8%80" n3="%73%68%69%62%61%74%74%69" dan="15,14,15,13" rate="2006.11,1920.35,1930.73,1882.61" sx="M,M,M,M"/><TAIKYOKU oya="0"/><INIT seed="0,0,0,3,5,130" ten="250,250,250,250" oya="0" hai0="2,28,89,107,32,105,3,131,58,108,45,111,59" hai1="62,91,102,29,18,38,21,113,37,134,106,63,85" hai2="75,117,67,64,112,109,66,116,123,40,118,110,47" hai3="6,92,9,119,17,30,26,46,55,33,8,98,42"/><T31/><D131/><U51/><E29/><N who="0" m="11337" /><D45/><U120/><E120/><V4/><F75/><W14/><G119/><T101/><D89/><U39/><E113/><V125/><F4/><W88/><G55/><T81/><D81/><U87/><E51/><N who="2" m="27111" /><F112/><W127/><G127/><T132/><D132/><U12/><E134/><V126/><F123/><W54/><G54/><T41/><D41/><U25/><E87/><V27/><F27/><W11/><REACH who="3" step="1"/><G6/><REACH who="3" ten="250,250,250,240" step="2"/><T5/><D5/><U80/><REACH who="1" step="1"/><E25/><REACH who="1" ten="250,240,250,240" step="2"/><V94/><F94/><W24/><G24/><T13/><D32/><U133/><E133/><V76/><F76/><W93/><G93/><T129/><D129/><U1/><E1/><V74/><F74/><W86/><G86/><T72/><D72/><U15/><E15/><V68/><F68/><W78/><G78/><T53/><D13/><U65/><E65/><V19/><F19/><W36/><AGARI ba="0,2" hai="8,9,11,14,17,26,30,33,36,42,46,88,92,98" machi="36" ten="20,5200,0" yaku="1,1,0,1,7,1,54,1,53,0" doraHai="130" doraHaiUra="77" who="3" fromWho="3" sc="250,-26,240,-13,250,-13,240,72" /><INIT seed="1,0,0,0,2,105" ten="224,227,237,312" oya="1" hai0="119,123,26,53,20,3,85,43,135,83,17,15,64" hai1="38,87,30,52,46,128,67,8,12,5,7,97,89" hai2="90,80,84,44,75,88,86,50,93,55,112,113,72" hai3="11,107,49,22,39,40,60,73,35,98,13,23,71"/><U106/><E128/><V129/><REACH who="2" step="1"/><F129/><REACH who="2" ten="224,227,227,312" step="2"/><W103/><G39/><T91/><D119/><U19/><E38/><V122/><F122/><W61/><G35/><T79/><D123/><U131/><E131/><V121/><F121/><W0/><G0/><T24/><D3/><U10/><E30/><V95/><F95/><W104/><G104/><T27/><D135/><U127/><E106/><V78/><F78/><W68/><G71/><T42/><D64/><U101/><E67/><V59/><F59/><W111/><G68/><T6/><D6/><U92/><E7/><V4/><F4/><W41/><G111/><T56/><REACH who="0" step="1"/><D79/><REACH who="0" ten="214,227,227,312" step="2"/><U62/><E5/><V81/><F81/><W118/><G118/><T25/><N who="0" m="6656" /><DORA hai="94" /><T133/><D133/><U126/><E127/><V33/><F33/><W54/><G11/><T34/><D34/><U2/><E10/><V32/><F32/><W63/><G107/><T37/><D37/><U9/><E9/><V58/><F58/><W117/><G117/><T125/><D125/><U77/><E126/><V134/><F134/><W29/><G29/><T96/><D96/><U36/><E77/><V45/><F45/><W120/><G98/><T65/><D65/><U28/><E28/><V1/><F1/><W82/><G120/><T31/><D31/><U48/><E2/><V100/><F100/><W132/><G103/><T14/><D14/><U124/><E124/><V74/><AGARI ba="0,2" hai="44,50,55,72,74,75,80,84,86,88,90,93,112,113" machi="74" ten="40,16000,3" yaku="21,2,0,1,52,3,54,1,53,3" doraHai="105,94" doraHaiUra="110,76" who="2" fromWho="2" sc="214,-40,227,-80,227,180,312,-40" /><INIT seed="2,0,0,4,3,72" ten="174,147,407,272" oya="2" hai0="105,81,114,48,37,30,108,129,79,83,6,44,11" hai1="42,118,54,109,125,126,107,3,123,66,69,29,84" hai2="19,93,17,7,46,16,98,47,0,59,121,133,52" hai3="94,40,95,2,15,5,132,43,21,117,56,41,63"/><V116/><F116/><W10/><G117/><T25/><D105/><U36/><E42/><V103/><F121/><W87/><G132/><T76/><D114/><U92/><E29/><V53/><F133/><W62/><G63/><T135/><D108/><U102/><E123/><V22/><F0/><W34/><G34/><T99/><D129/><U33/><E54/><N who="2" m="21099" /><F7/><W38/><G38/><T100/><D37/><U73/><E84/><V120/><F120/><W119/><G119/><T110/><D110/><U86/><E86/><V71/><F71/><W85/><G85/><T112/><D112/><U104/><E92/><V60/><F22/><W39/><G39/><T9/><D135/><U70/><E102/><V113/><F113/><W97/><G87/><T134/><D134/><U106/><E66/><AGARI ba="0,0" hai="16,17,19,46,47,59,60,66,93,98,103" m="21099" machi="66" ten="30,5800,0" yaku="8,1,54,2" doraHai="72" who="2" fromWho="1" sc="174,0,147,-58,407,58,272,0" /><INIT seed="2,1,0,2,5,85" ten="174,89,465,272" oya="2" hai0="121,30,76,135,67,64,45,90,69,14,112,38,61" hai1="133,119,122,43,115,73,37,84,32,129,98,3,6" hai2="117,9,128,83,106,66,20,116,0,113,108,12,111" hai3="93,56,48,33,5,8,100,105,82,101,44,126,52"/><V89/><F106/><W123/><G123/><T132/><D121/><U110/><E98/><V134/><F113/><W96/><G33/><T50/><D112/><U114/><E84/><N who="2" m="50335" /><F128/><W18/><G126/><T24/><D76/><U86/><E86/><V91/><F66/><W55/><G18/><T15/><D67/><U58/><E58/><V131/><F131/><W95/><G82/><T81/><D81/><U13/><E13/><V26/><F0/><W107/><G100/><T109/><D90/><U77/><E77/><V70/><F70/><W53/><G95/><T19/><D38/><U124/><E43/><V94/><F134/><N who="0" m="51242" /><D19/><U78/><E6/><N who="2" m="3127" /><F20/><W23/><G23/><N who="0" m="15647" /><D109/><N who="2" m="42058" /><F26/><W104/><REACH who="3" step="1"/><G56/><REACH who="3" ten="174,89,465,262" step="2"/><T54/><AGARI ba="1,1" hai="14,15,45,50,54,61,64,69" m="15647,51242" machi="54" ten="30,1100,0" yaku="20,1" doraHai="85" who="0" fromWho="0" sc="174,24,89,-4,465,-6,262,-4" /><INIT seed="3,0,0,5,0,77" ten="198,85,459,258" oya="3" hai0="37,39,133,105,130,63,25,112,54,26,62,125,134" hai1="21,43,93,79,22,124,73,52,100,59,76,99,107" hai2="116,53,12,38,80,81,55,71,64,9,90,113,15" hai3="120,68,110,8,129,82,27,0,13,41,29,97,31"/><W14/><G120/><T96/><D105/><U122/><E122/><V94/><F38/><N who="0" m="14346" /><D96/><U104/><E43/><V128/><F113/><W60/><G0/><T16/><D112/><U44/><E44/><V33/><F33/><W115/><G115/><T2/><D2/><U35/><E35/><V65/><F71/><W86/><G41/><T92/><D92/><U56/><E124/><V135/><F128/><W119/><G119/><T69/><D130/><U91/><E107/><V101/><F101/><W123/><G123/><T126/><D54/><U132/><E79/><V74/><F74/><W103/><G129/><T19/><D69/><U111/><E111/><V18/><F135/><N who="0" m="51722" /><D26/><U1/><E1/><V49/><F55/><W102/><G68/><T3/><D3/><U67/><E67/><N who="2" m="25675" /><F12/><W10/><G60/><N who="0" m="23083" /><D25/><U131/><E132/><V117/><F117/><W89/><G27/><T118/><D118/><U51/><E56/><N who="2" m="32815" /><F116/><W47/><G97/><AGARI ba="0,0" hai="9,15,18,80,81,90,94,97" m="32815,25675" machi="97" ten="30,3900,0" yaku="8,1,52,2" doraHai="77" who="2" fromWho="3" sc="198,0,85,0,459,39,258,-39" owari="198,-20.0,85,-41.0,498,59.0,219,2.0" /></mjloggm>