<mjloggm ver="2.3"><GO type="169" lobby="0"/><UN n0="%E3%81%86%E3%81%A0%E3%81%A3%E3%81%B7" n1="%E3%83%AD%E3%83%83%E3%83%86%E9%9B%80%E7%90%83" n2="%73%68%61%70%65%6C%65%72" n3="%E5%B0%B1%E6%B4%BB%E7%94%9F%40%E5%B7%9D%E6%9D%91%E8%BB%8D%E5%9B%A3" dan="16,16,16,16" rate="2089.27,2160.19,2113.23,2189.68" sx="M,M,M,M"/><TAIKYOKU oya="0"/><INIT seed="0,0,0,4,0,93" ten="250,250,250,250" oya="0" hai0="98,10,82,87,132,102,75,101,131,88,103,125,81" hai1="18,65,22,127,77,61,72,9,135,16,21,32,34" hai2="38,116,57,36,120,40,118,7,86,13,15,117,24" hai3="6,130,110,105,14,91,43,8,96,134,104,35,29"/><T53/><D10/><U126/><E77/><V56/><F120/><W31/><G110/><T50/><D131/><U27/><E72/><V33/><F86/><W108/><G108/><T70/><D70/><U66/><E135/><V128/><F128/><W19/><G130/><T17/><D132/><U83/><E83/><V2/><F2/><W129/><G129/><T39/><D39/><N who="2" m="14890" /><F40/><W122/><G122/><T89/><D17/><U1/><E61/><V80/><F80/><W97/><G43/><T62/><D62/><U63/><E63/><V123/><F123/><W60/><G35/><N who="1" m="13354" /><E66/><V23/><F33/><W119/><G60/><T52/><D125/><N who="1" m="47627" /><E65/><V109/><F109/><W111/><G111/><T55/><D50/><U12/><E1/><V99/><F7/><W106/><G134/><T42/><D42/><U64/><E64/><V58/><F99/><W20/><G119/><T114/><D75/><U48/><E48/><V76/><F76/><W49/><G49/><T11/><D81/><U92/><E92/><V112/><F112/><W44/><G44/><T59/><D114/><U69/><E69/><V107/><F107/><W133/><G133/><T124/><D124/><U54/><E54/><V41/><F41/><W26/><G91/><T0/><D89/><U67/><E67/><V90/><F90/><W25/><G6/><N who="0" m="1479" /><D98/><U121/><E121/><V51/><F51/><W68/><G68/><T85/><D85/><U95/><E95/><V94/><F94/><W79/><G79/><T3/><D3/><U30/><E9/><V78/><F78/><W46/><G46/><RYUUKYOKU ba="0,0" sc="250,0,250,0,250,0,250,0" hai0="52,53,55,59,82,87,88,101,102,103" hai1="12,16,18,21,22,27,30" hai2="13,15,23,24,56,57,58,116,117,118" hai3="8,14,19,20,25,26,29,31,96,97,104,105,106" /><INIT seed="0,1,0,3,0,80" ten="250,250,250,250" oya="0" hai0="78,114,124,44,52,13,26,95,39,3,72,84,67" hai1="75,87,92,45,117,107,56,10,48,121,76,98,21" hai2="110,14,24,86,38,57,106,93,99,105,59,33,16" hai3="129,55,127,123,100,58,66,6,68,25,115,103,108"/><T9/><D114/><U128/><E117/><V126/><F38/><W8/><G115/><T125/><D3/><U19/><E121/><V111/><F126/><N who="0" m="48746" /><D72/><U132/><E132/><V37/><F37/><W36/><G36/><T88/><D78/><U12/><E128/><V134/><F134/><W40/><G40/><N who="0" m="22559" /><D67/><U82/><E107/><V73/><F73/><W112/><G123/><T116/><D26/><U41/><E56/><V43/><F43/><W94/><G112/><T65/><D65/><U113/><E113/><V64/><F59/><W31/><G66/><T15/><D116/><U47/><E47/><V28/><F57/><W49/><G68/><T79/><D79/><U20/><REACH who="1" step="1"/><E75/><REACH who="1" ten="250,240,250,250" step="2"/><V60/><F105/><W54/><G58/><T1/><D52/><U50/><E50/><V135/><F135/><W77/><G54/><T35/><D35/><U130/><E130/><V2/><F106/><W81/><G55/><T74/><D74/><U42/><E42/><V131/><F131/><W90/><G49/><T17/><D1/><U22/><E22/><N who="2" m="11543" /><F2/><W102/><G127/><T7/><D7/><U85/><E85/><V4/><F86/><W53/><G53/><T5/><D5/><U83/><E83/><V122/><F4/><W133/><G133/><T69/><D69/><U34/><E34/><V32/><F32/><N who="3" m="20591" /><G129/><T27/><D9/><U70/><E70/><N who="2" m="42247" /><F122/><W29/><G6/><T46/><D46/><U23/><E23/><AGARI ba="1,1" hai="13,15,17,23,27,84,88,95" m="22559,48746" machi="23" ten="30,5800,0" yaku="18,1,52,1,54,1" doraHai="80" who="0" fromWho="1" sc="250,71,240,-61,250,0,250,0" /><INIT seed="0,2,0,0,4,80" ten="321,179,250,250" oya="0" hai0="3,65,88,21,64,31,82,111,48,34,77,25,0" hai1="72,2,13,118,24,104,76,58,105,39,22,119,110" hai2="109,43,56,9,84,70,62,33,93,6,124,4,127" hai3="133,130,98,49,23,18,103,75,83,126,115,121,113"/><T78/><D78/><U55/><E2/><V102/><F70/><W68/><G68/><T86/><D111/><U81/><E110/><V20/><F33/><W7/><G121/><T94/><D34/><U120/><E39/><V100/><F109/><W97/><G130/><T59/><D0/><U35/><E120/><V116/><F43/><W40/><G133/><T42/><D3/><U132/><E132/><V27/><F116/><W28/><G7/><T57/><D57/><U19/><E35/><V99/><F102/><W32/><G32/><T52/><REACH who="0" step="1"/><D42/><REACH who="0" ten="311,179,250,250" step="2"/><U29/><E119/><V47/><F127/><W46/><G126/><T122/><D122/><U135/><E118/><V95/><F124/><W36/><G115/><T54/><D54/><U17/><E135/><V108/><F108/><W30/><G113/><T12/><D12/><U106/><REACH who="1" step="1"/><E13/><REACH who="1" ten="311,169,250,250" step="2"/><V14/><F14/><W66/><G36/><T112/><D112/><U8/><E8/><V73/><F9/><W74/><G23/><T51/><D51/><AGARI ba="2,2" hai="17,19,22,24,29,51,55,58,72,76,81,104,105,106" machi="51" ten="40,1300,0" yaku="1,1,53,0" doraHai="80" doraHaiUra="90" who="1" fromWho="0" sc="311,-19,169,39,250,0,250,0" /><INIT seed="1,0,0,3,4,121" ten="292,208,250,250" oya="1" hai0="73,29,58,94,25,23,105,84,131,27,106,126,39" hai1="101,44,78,111,72,16,115,14,56,52,51,40,104" hai2="119,74,26,70,60,57,34,118,13,45,91,38,108" hai3="87,12,28,7,122,43,35,62,133,127,88,76,81"/><U18/><E115/><V103/><F74/><W97/><G122/><T69/><D73/><U89/><E111/><V130/><F91/><W6/><G127/><T114/><D114/><U30/><E30/><V54/><F13/><W68/><G133/><T41/><D69/><U75/><E78/><V82/><F82/><W123/><G123/><T128/><D126/><U96/><E89/><V9/><F9/><W95/><G43/><T17/><D58/><U4/><E4/><V112/><F103/><W63/><G68/><T66/><D66/><U36/><REACH who="1" step="1"/><E18/><REACH who="1" ten="292,198,250,250" step="2"/><V129/><F112/><W49/><G28/><T21/><D29/><U90/><E90/><V86/><F108/><W117/><G117/><T85/><D17/><U93/><E93/><V24/><F119/><W47/><G35/><T132/><D94/><U113/><E113/><V32/><F118/><W3/><G3/><T2/><D2/><U83/><E83/><V116/><F116/><W135/><G135/><T10/><D106/><U53/><E53/><V107/><F107/><W125/><G125/><T33/><D105/><U48/><E48/><V71/><F34/><W64/><G64/><T5/><D33/><U1/><E1/><V46/><F32/><W11/><G6/><T0/><D5/><U109/><E109/><V92/><F92/><W22/><G63/><T120/><D0/><U37/><E37/><V102/><F38/><W59/><G62/><T15/><D39/><U99/><E99/><V98/><F60/><W134/><G134/><T110/><D132/><U19/><E19/><V20/><F54/><RYUUKYOKU ba="0,1" sc="292,-10,198,30,250,-10,250,-10" hai1="14,16,36,40,44,51,52,56,72,75,96,101,104" /><INIT seed="1,1,1,0,2,10" ten="282,228,240,240" oya="1" hai0="5,35,93,80,44,42,116,77,61,74,129,85,17" hai1="86,130,37,49,6,30,84,15,99,133,96,4,109" hai2="134,73,0,132,91,36,112,9,78,106,60,3,87" hai3="25,57,12,75,122,62,64,20,45,56,82,2,68"/><U54/><E133/><V100/><F36/><W65/><G2/><T51/><D116/><U115/><E130/><V43/><F43/><W7/><G122/><T41/><D129/><U31/><E37/><V128/><F128/><W88/><G68/><T111/><D111/><U119/><E115/><V66/><F112/><W27/><G45/><T125/><D125/><U101/><E119/><V103/><F78/><W123/><G75/><T22/><D35/><U67/><E67/><V117/><F73/><W11/><G123/><T95/><D41/><U18/><E109/><V92/><F117/><W79/><G79/><T40/><D40/><U105/><E99/><N who="2" m="61727" /><F9/><W50/><G20/><T16/><D5/><U34/><E4/><V48/><F48/><W19/><G7/><T113/><D113/><U33/><E6/><V53/><F53/><N who="3" m="31799" /><G64/><T46/><D46/><U24/><E31/><V39/><F103/><W1/><G1/><T28/><D61/><U127/><E34/><V98/><F98/><W58/><G57/><T97/><D74/><U114/><E127/><V124/><F39/><W110/><G110/><T70/><D70/><U131/><E131/><V94/><F124/><W38/><G38/><T76/><D76/><U71/><E71/><N who="2" m="42439" /><F94/><N who="0" m="35850" /><D97/><U23/><REACH who="1" step="1"/><E114/><REACH who="1" ten="282,218,240,240" step="2"/><V8/><F0/><W118/><G118/><T90/><D28/><U89/><E89/><V104/><F132/><W29/><G29/><T108/><D108/><U81/><E81/><V21/><F134/><W13/><G82/><T63/><D80/><U69/><E69/><V126/><F126/><W107/><G88/><RYUUKYOKU ba="1,2" sc="282,-10,218,30,240,-10,240,-10" hai1="15,18,23,24,30,33,49,54,84,86,96,101,105" /><INIT seed="1,2,2,5,2,38" ten="272,248,230,230" oya="1" hai0="20,11,110,59,47,75,102,80,35,8,63,23,27" hai1="126,113,122,14,94,24,60,114,85,2,51,29,3" hai2="109,84,97,111,21,67,124,65,92,42,118,1,93" hai3="16,99,87,105,44,91,70,107,52,18,135,131,7"/><U56/><E122/><V5/><F118/><W10/><G70/><T64/><D110/><U104/><E104/><V71/><F21/><W34/><G34/><T61/><D102/><U98/><E126/><V115/><F124/><W6/><G131/><T123/><D123/><U13/><E85/><V100/><F115/><W55/><G135/><T76/><D35/><U96/><E51/><V62/><F67/><W127/><G127/><T45/><D23/><U79/><E79/><V36/><F5/><W25/><G99/><T0/><D61/><U130/><E130/><V82/><F92/><N who="3" m="54399" /><G107/><T53/><D0/><U134/><E134/><V108/><F1/><W117/><G117/><T103/><D103/><U119/><E119/><V106/><F106/><W72/><G72/><T116/><D116/><U74/><E74/><V112/><F112/><W41/><G25/><T133/><D133/><U68/><E68/><V15/><F15/><N who="3" m="7287" /><G18/><T48/><REACH who="0" step="1"/><D45/><REACH who="0" ten="262,248,230,230" step="2"/><U73/><E2/><V129/><F129/><W26/><G26/><T32/><D32/><U89/><E3/><V57/><F108/><W40/><G44/><T50/><D50/><U128/><E128/><V86/><F109/><W78/><G105/><T69/><D69/><U77/><E114/><V4/><F111/><W31/><G31/><AGARI ba="2,3" hai="8,11,20,27,31,47,48,53,59,63,64,75,76,80" machi="31" ten="30,3900,0" yaku="1,1,7,1,53,1" doraHai="38" doraHaiUra="22" who="0" fromWho="3" sc="262,75,248,0,230,0,230,-45" /><INIT seed="2,0,0,2,1,79" ten="337,248,230,185" oya="2" hai0="66,38,41,36,112,19,62,37,84,33,40,27,29" hai1="103,92,115,91,113,10,15,75,72,99,88,68,13" hai2="105,96,45,61,39,98,119,76,80,50,26,82,83" hai3="70,130,48,44,14,0,30,25,94,95,107,53,118"/><V120/><F39/><W35/><G107/><T21/><D112/><U56/><E68/><V73/><F120/><W11/><G0/><T108/><D108/><U128/><E128/><V52/><F119/><W133/><G118/><T24/><REACH who="0" step="1"/><D84/><REACH who="0" ten="327,248,230,185" step="2"/><U121/><E115/><V60/><F98/><W5/><G130/><T126/><D126/><U47/><E113/><V124/><F124/><W59/><G70/><AGARI ba="0,1" hai="19,21,24,27,29,33,36,37,38,40,41,62,66,70" machi="70" ten="40,1300,0" yaku="1,1,53,0" doraHai="79" doraHaiUra="2" who="0" fromWho="3" sc="327,23,248,0,230,0,185,-13" /><INIT seed="3,0,0,5,1,112" ten="350,248,230,172" oya="3" hai0="114,129,5,128,6,36,88,76,64,83,130,16,78" hai1="28,52,54,60,97,42,53,8,125,101,10,135,131" hai2="104,122,82,40,21,92,45,110,25,118,63,49,58" hai3="24,73,33,38,113,11,132,20,12,121,34,35,23"/><W0/><G38/><T99/><D114/><U134/><E131/><V32/><F104/><W71/><G73/><T108/><D108/><U115/><E115/><V106/><F106/><W93/><G71/><T17/><D64/><U59/><E125/><V75/><F32/><W1/><G93/><N who="0" m="56743" /><D36/><U39/><E28/><V86/><F122/><W44/><G44/><T100/><D100/><U48/><E39/><V31/><F75/><W117/><G113/><T94/><D94/><N who="1" m="58551" /><E42/><V102/><F110/><W27/><G121/><T79/><D83/><U124/><E124/><V62/><F118/><W4/><G117/><T85/><D85/><U43/><E43/><V41/><F41/><W87/><G87/><T107/><D107/><U50/><E135/><V84/><F58/><W123/><G123/><T90/><D90/><U47/><E134/><V133/><F133/><W66/><G66/><T70/><D70/><U29/><E29/><V77/><REACH who="2" step="1"/><F86/><REACH who="2" ten="350,248,220,172" step="2"/><W3/><G132/><T67/><D129/><U2/><E2/><V81/><F81/><W69/><G69/><T46/><D128/><U13/><E13/><V95/><F95/><W116/><G116/><T22/><D130/><U103/><E103/><V68/><F68/><W109/><G109/><T96/><D96/><AGARI ba="0,1" hai="21,25,31,40,45,49,62,63,77,82,84,92,96,102" machi="96" ten="40,2600,0" yaku="1,1,8,1,53,0" doraHai="112" doraHaiUra="111" who="2" fromWho="0" sc="350,-26,248,0,220,36,172,0" /><INIT seed="4,0,0,4,0,56" ten="324,248,256,172" oya="0" hai0="5,110,120,1,70,108,96,48,109,3,123,89,13" hai1="32,103,23,87,19,83,67,54,22,104,44,17,133" hai2="21,18,97,92,84,36,34,57,105,61,25,6,76" hai3="102,88,113,60,59,68,30,115,31,111,52,45,119"/><T64/><D48/><N who="1" m="28935" /><E32/><V86/><F36/><W73/><G73/><T0/><D96/><U29/><E104/><V14/><F105/><W81/><G111/><T99/><D99/><U112/><E112/><N who="3" m="43082" /><G119/><T124/><D89/><U63/><E133/><V2/><F2/><W122/><G122/><N who="0" m="46635" /><D124/><U69/><E69/><V9/><F76/><W43/><G102/><T12/><D5/><U35/><E103/><N who="2" m="60839" /><F34/><W16/><G68/><T20/><D20/><U114/><E23/><V135/><F135/><W85/><G16/><T72/><D72/><U77/><E35/><V42/><F42/><W50/><AGARI ba="0,0" hai="30,31,43,45,50,52,59,60,81,85,88" m="43082" machi="50" ten="30,7900,0" yaku="15,1,52,1,54,2" doraHai="56" who="3" fromWho="3" sc="324,-39,248,-20,256,-20,172,79" /><INIT seed="5,0,0,3,5,2" ten="285,228,236,251" oya="1" hai0="80,33,102,128,19,83,108,6,110,55,50,75,104" hai1="94,129,46,134,132,93,77,10,120,109,38,112,115" hai2="78,23,106,72,88,76,117,126,29,15,135,99,89" hai3="51,86,47,8,133,81,121,130,16,44,85,14,48"/><U9/><E120/><V61/><F117/><W56/><G121/><T116/><D116/><U53/><E77/><V101/><F135/><N who="1" m="51753" /><E129/><V107/><F107/><W24/><G133/><T40/><D33/><U52/><E109/><V67/><F126/><W45/><G130/><T113/><D128/><U119/><E119/><V4/><F29/><W98/><G98/><T74/><D40/><N who="1" m="22807" /><E94/><V65/><F65/><W87/><G81/><T27/><D80/><U95/><E95/><V49/><F49/><W123/><G123/><T3/><D83/><U63/><E93/><V18/><F72/><W64/><G24/><T42/><D75/><U131/><E131/><V21/><F21/><W73/><G73/><T28/><D27/><U69/><E9/><V97/><F97/><W127/><G127/><T90/><D74/><U100/><E10/><V13/><F78/><W54/><G64/><T25/><D104/><U118/><E100/><V5/><F15/><W68/><G68/><T103/><D102/><U66/><E118/><V96/><F76/><W91/><G91/><T105/><D90/><U92/><E92/><V84/><F99/><W0/><G0/><T70/><D103/><U26/><E26/><V41/><F41/><AGARI ba="0,0" hai="8,14,16,41,44,45,47,48,51,54,56,85,86,87" machi="41" ten="40,2600,0" yaku="8,1,54,1" doraHai="2" who="3" fromWho="2" sc="285,0,228,0,236,-26,251,26" /><INIT seed="6,0,0,0,5,129" ten="285,228,210,277" oya="2" hai0="19,17,72,5,80,24,79,46,116,117,110,130,96" hai1="3,6,126,93,91,41,26,51,18,42,32,69,86" hai2="102,84,31,49,131,74,122,100,34,8,30,73,59" hai3="121,114,0,99,33,56,135,15,20,38,16,128,107"/><V108/><F122/><W29/><G121/><T62/><D110/><U112/><E69/><V28/><F34/><W54/><G38/><T118/><D130/><U94/><E112/><V125/><F131/><W22/><G0/><T85/><D5/><U65/><E126/><V115/><F115/><W64/><G33/><T50/><D24/><U81/><E65/><V133/><F125/><W25/><G114/><T36/><D36/><U77/><E94/><V82/><F108/><W35/><G128/><T88/><D62/><U104/><E104/><V78/><F73/><W92/><G107/><T101/><D79/><U103/><E103/><V11/><F74/><W44/><G135/><T12/><D12/><U113/><E113/><V123/><F123/><W21/><G64/><T111/><D72/><U90/><E77/><V127/><F127/><W4/><G44/><T98/><D98/><N who="1" m="57655" /><E6/><V63/><F49/><W47/><G47/><T97/><D97/><U52/><E3/><V14/><F133/><W57/><G4/><T124/><D111/><U71/><E71/><V40/><F40/><W23/><REACH who="3" step="1"/><G54/><REACH who="3" ten="285,228,210,267" step="2"/><N who="0" m="30039" /><D124/><U120/><E32/><V48/><F48/><W109/><G109/><T39/><D39/><U132/><E132/><V105/><F105/><AGARI ba="0,1" hai="17,19,80,85,88,96,101,105,116,117,118" m="30039" machi="105" ten="30,2000,0" yaku="12,1,54,1" doraHai="129" who="0" fromWho="2" sc="285,30,228,0,210,-20,267,0" /><INIT seed="7,0,0,1,3,76" ten="315,228,190,267" oya="3" hai0="69,120,114,83,1,74,111,21,55,37,100,16,15" hai1="132,23,29,3,33,11,28,102,60,61,125,130,58" hai2="116,0,64,13,129,93,87,22,121,90,18,66,35" hai3="113,53,85,108,123,77,112,7,81,73,122,126,42"/><W135/><G42/><T96/><D1/><U9/><E33/><V59/><F116/><W14/><G7/><T38/><D69/><U48/><E132/><V65/><F121/><N who="3" m="46091" /><G14/><T124/><D120/><U47/><E130/><V40/><F129/><W24/><G24/><T70/><D70/><U49/><E125/><V52/><F0/><W68/><G68/><T104/><D111/><U89/><E102/><V117/><F35/><W31/><G31/><T107/><D107/><U27/><E29/><V39/><F117/><W92/><G53/><T80/><D74/><U57/><E3/><V62/><F39/><W128/><G128/><T17/><D114/><N who="3" m="44137" /><G108/><T6/><D6/><U32/><E32/><V115/><F115/><W30/><G30/><T91/><D17/><U99/><E58/><V44/><REACH who="2" step="1"/><F40/><REACH who="2" ten="315,228,180,267" step="2"/><W41/><G41/><T101/><D37/><U84/><E9/><V71/><F71/><W5/><G135/><T54/><D38/><U12/><E47/><AGARI ba="0,1" hai="13,18,22,44,47,52,59,62,64,65,66,87,90,93" machi="47" ten="40,8000,1" yaku="1,1,8,1,54,1,53,1" doraHai="76" doraHaiUra="10" who="2" fromWho="1" sc="315,0,228,-80,180,90,267,0" owari="315,41.0,148,-35.0,270,7.0,267,-13.0" /></mjloggm>