<mjloggm ver="2.3"><GO type="41" lobby="0"/><UN n0="%E3%83%88%E3%83%88%E3%83%AA%E5%85%88%E7%94%9F%31%39%E6%AD%B3" n1="%61%73%61%64%61%79%6F" n2="%63%74%73%6F%61%35%37" n3="%E3%83%80%E3%83%BC%E3%83%8F%E3%83%A9" dan="15,13,13,14" rate="2040.60,1842.66,1937.46,1889.31" sx="F,M,M,M"/><TAIKYOKU oya="0"/><INIT seed="0,0,0,4,4,75" ten="250,250,250,250" oya="0" hai0="123,104,35,135,13,121,20,12,100,73,83,101,133" hai1="124,41,27,34,64,48,82,26,128,44,117,116,125" hai2="9,52,33,39,47,94,88,99,81,106,93,111,69" hai3="38,7,65,113,59,77,122,14,86,72,5,76,95"/><T119/><D35/><U108/><E108/><V11/><F69/><W57/><G38/><T114/><D114/><U74/><E128/><V129/><F33/><W58/><G72/><T63/><D63/><U16/><E64/><V109/><F106/><W71/><G113/><T4/><D4/><N who="3" m="1609" /><G71/><T92/><D20/><U18/><E34/><V70/><F70/><W45/><G65/><T91/><D12/><U30/><E30/><V31/><F31/><W51/><G122/><T103/><D103/><U102/><BYE who="0" /><E102/><V53/><F129/><W66/><G14/><T130/><D130/><U46/><E46/><V61/><F94/><W15/><G15/><T132/><D132/><U56/><E56/><N who="2" m="34951" /><F81/><W105/><G105/><T2/><D2/><U79/><E26/><V131/><F131/><UN n0="%E3%83%88%E3%83%88%E3%83%AA%E5%85%88%E7%94%9F%31%39%E6%AD%B3" /><W10/><G10/><T42/><D13/><U21/><REACH who="1" step="1"/><E18/><REACH who="1" ten="250,240,250,250" step="2"/><V84/><F47/><W68/><G66/><T98/><D101/><U24/><E24/><V80/><F39/><W29/><G29/><T3/><D121/><U107/><E107/><V23/><F111/><W110/><G110/><T112/><D123/><U6/><E6/><V22/><F109/><W118/><G68/><T32/><D112/><U60/><E60/><V67/><F67/><W134/><G134/><N who="0" m="51211" /><D32/><U127/><AGARI ba="0,1" hai="16,21,27,41,44,48,74,79,82,116,117,124,125,127" machi="127" ten="30,8000,1" yaku="1,1,0,1,18,1,52,1,54,1,53,0" doraHai="75" doraHaiUra="87" who="1" fromWho="1" sc="250,-40,240,90,250,-20,250,-20" /><INIT seed="1,0,0,3,0,106" ten="210,330,230,230" oya="1" hai0="112,15,21,135,95,115,109,34,63,86,89,100,79" hai1="118,23,0,5,28,94,50,83,6,51,124,48,74" hai2="130,19,54,131,36,16,49,123,24,101,75,43,70" hai3="12,81,4,26,27,35,127,102,66,45,52,17,120"/><U59/><E118/><V2/><F2/><W108/><G120/><T39/><D34/><U65/><E124/><V110/><F101/><W117/><G108/><T88/><D39/><U1/><E94/><V80/><F123/><W96/><G35/><T25/><D109/><U58/><E28/><V114/><F110/><W37/><G4/><T10/><D135/><U53/><E23/><N who="2" m="13415" /><F70/><W41/><G66/><T91/><D63/><U133/><E133/><V116/><F116/><W71/><G71/><T76/><D112/><U47/><E47/><N who="2" m="27967" /><F19/><W84/><G127/><T55/><D55/><U73/><E83/><V97/><F97/><W113/><G52/><T105/><D105/><U20/><E20/><V90/><F43/><W62/><G62/><T18/><D115/><U134/><E134/><V61/><F61/><W72/><G72/><T103/><D86/><U67/><E51/><V13/><F36/><W11/><G113/><T7/><REACH who="0" step="1"/><D100/><REACH who="0" ten="200,330,230,230" step="2"/><U82/><E53/><V68/><F114/><W56/><G117/><T8/><D8/><U98/><E82/><V57/><F131/><W85/><G85/><T122/><D122/><U60/><E60/><V132/><F132/><W104/><REACH who="3" step="1"/><G56/><REACH who="3" ten="200,330,230,220" step="2"/><T128/><D128/><U3/><E3/><V46/><F57/><W38/><G38/><T111/><D111/><U14/><E98/><AGARI ba="0,2" hai="7,10,15,18,21,25,76,79,88,89,91,95,98,103" machi="98" ten="40,5200,0" yaku="1,1,8,1,54,1,53,0" doraHai="106" doraHaiUra="77" who="0" fromWho="1" sc="200,72,330,-52,230,0,220,0" /><INIT seed="2,0,0,5,1,84" ten="272,278,230,220" oya="2" hai0="117,23,80,62,120,71,60,86,33,112,39,75,25" hai1="24,30,94,106,133,101,22,12,34,78,36,17,91" hai2="43,124,66,105,40,11,51,102,57,8,85,129,65" hai3="26,100,15,118,88,18,97,83,32,5,63,114,103"/><V56/><F124/><W44/><G118/><T45/><D112/><U52/><E133/><V93/><F129/><W113/><G5/><T16/><D117/><U95/><E36/><V108/><F108/><W73/><G73/><T123/><D75/><U72/><E106/><V77/><F105/><W126/><G126/><T55/><D33/><U116/><E116/><V13/><F11/><W96/><G63/><T110/><D110/><U58/><E101/><N who="3" m="38986" /><G44/><T89/><D60/><U128/><E95/><V109/><F109/><W54/><G54/><T10/><D10/><U121/><E121/><V28/><F28/><W42/><G42/><N who="2" m="15913" /><F102/><W46/><G46/><T99/><D99/><U6/><E6/><N who="2" m="3223" /><F93/><W41/><G41/><T53/><D39/><U14/><E78/><V9/><F9/><N who="3" m="6511" /><G26/><T125/><D125/><U67/><E128/><V111/><F111/><W48/><G32/><T31/><D31/><U3/><E3/><V81/><F51/><W134/><G48/><T107/><D107/><U87/><E72/><V27/><F27/><W47/><G47/><T0/><D0/><U49/><E14/><V69/><F69/><W76/><G134/><T130/><D130/><U131/><E131/><V20/><F20/><W98/><G113/><T2/><D2/><U1/><E1/><V29/><F29/><W59/><G59/><AGARI ba="0,0" hai="56,57,59,65,66,77,81,85" m="3223,15913" machi="59" ten="30,1500,0" yaku="8,1" doraHai="84" who="2" fromWho="3" sc="272,0,278,0,230,15,220,-15" /><INIT seed="2,1,0,0,0,63" ten="272,278,245,205" oya="2" hai0="58,32,44,127,66,74,116,128,113,42,112,102,18" hai1="84,64,108,61,12,16,59,123,4,97,6,53,37" hai2="25,126,81,54,71,131,130,41,31,106,88,47,52" hai3="135,68,82,120,0,2,73,100,103,49,39,109,14"/><V19/><F106/><W72/><G120/><T98/><D74/><U89/><E108/><V40/><F19/><W50/><G109/><T122/><D122/><U67/><E37/><V104/><F104/><W48/><G14/><T36/><D32/><U34/><E97/><V60/><F41/><W7/><G7/><N who="1" m="2602" /><E34/><V11/><F11/><W69/><G82/><T29/><D29/><U35/><E35/><V8/><F8/><W24/><G24/><T111/><D111/><U134/><E134/><V93/><F81/><W124/><G124/><T65/><D127/><U70/><E70/><N who="3" m="27242" /><G135/><T20/><D128/><N who="2" m="49194" /><F126/><W83/><G83/><T26/><D58/><U33/><E33/><N who="2" m="20719" /><F71/><W125/><G39/><T43/><D43/><U99/><E99/><N who="2" m="57767" /><F60/><W56/><G125/><T10/><D10/><N who="1" m="6167" /><E123/><V1/><F1/><N who="3" m="619" /><G56/><T46/><D36/><AGARI ba="1,0" hai="36,40,47,52,54" m="57767,20719,49194" machi="36" ten="30,5800,0" yaku="19,1,54,2" doraHai="63" who="2" fromWho="0" sc="272,-61,278,0,245,61,205,0" /><INIT seed="2,2,0,0,1,37" ten="211,278,306,205" oya="2" hai0="52,58,10,85,98,27,115,74,87,0,60,95,71" hai1="122,43,75,72,7,91,53,56,92,20,35,93,90" hai2="134,69,105,79,106,55,40,32,97,111,48,6,104" hai3="65,82,11,54,41,120,125,135,28,126,25,49,77"/><V63/><F32/><W109/><G120/><T118/><D115/><U113/><E113/><V78/><F6/><W88/><G65/><T124/><D74/><U94/><E35/><V4/><F4/><W18/><G109/><T3/><D124/><U57/><E122/><V21/><F97/><W112/><G135/><T14/><D118/><U23/><E7/><V34/><F34/><W73/><G112/><T127/><D127/><N who="3" m="48649" /><G28/><T66/><D27/><U16/><E93/><V130/><F134/><W47/><G88/><T24/><D24/><U83/><E53/><V36/><F111/><W9/><G54/><T86/><D14/><U110/><E110/><V68/><F21/><AGARI ba="2,0" hai="9,11,18,21,25,41,47,49,73,77,82" m="48649" machi="21" ten="30,2000,0" yaku="18,1,52,1" doraHai="37" who="3" fromWho="2" sc="211,0,278,0,306,-26,205,26" /><INIT seed="3,0,0,3,3,109" ten="211,278,280,231" oya="3" hai0="62,68,63,78,39,122,65,33,93,124,37,8,112" hai1="129,17,49,41,21,77,89,108,134,106,28,59,0" hai2="70,98,14,58,110,52,75,73,11,66,104,1,90" hai3="47,32,81,36,67,119,55,61,72,34,29,71,113"/><W105/><G119/><T40/><D122/><U128/><E108/><V79/><F110/><W115/><G105/><T117/><D33/><N who="3" m="12905" /><G29/><T60/><D117/><U27/><E0/><V86/><F1/><W48/><G48/><T132/><D78/><U125/><E106/><V97/><F104/><W50/><G50/><T19/><D19/><U46/><E77/><V130/><F70/><W127/><G55/><T135/><D93/><U22/><E125/><V3/><F3/><W53/><G53/><T6/><D124/><U2/><E2/><V13/><F66/><W133/><G133/><N who="0" m="51275" /><D8/><U95/><E59/><V74/><F79/><N who="3" m="44263" /><G127/><T30/><D6/><U35/><E35/><V87/><F86/><W43/><AGARI ba="0,0" hai="36,43,47,61,67,71,113,115" m="44263,12905" machi="43" ten="30,6000,0" yaku="23,1,52,2" doraHai="109" who="3" fromWho="3" sc="211,-20,278,-20,280,-20,231,60" /><INIT seed="3,1,0,0,4,78" ten="191,258,260,291" oya="3" hai0="55,34,129,29,21,25,22,118,94,105,116,23,114" hai1="128,3,119,76,35,79,104,46,24,95,131,72,65" hai2="18,16,80,5,6,75,81,63,109,117,59,62,41" hai3="31,51,111,134,86,36,90,127,98,0,82,8,69"/><W120/><G36/><T71/><D105/><U53/><E3/><V43/><F75/><W47/><G69/><T106/><D106/><U112/><E104/><V70/><F70/><W32/><G120/><T87/><D71/><U50/><E112/><V13/><F117/><N who="0" m="45162" /><D87/><U107/><E107/><V64/><F109/><W1/><G98/><T121/><D94/><U115/><E115/><V66/><F59/><W56/><G56/><T103/><D55/><U60/><E95/><V15/><AGARI ba="1,0" hai="5,6,13,15,16,18,41,43,62,63,64,66,80,81" machi="15" ten="25,12000,2" yaku="0,1,22,2,8,1,52,2,54,1" doraHai="78" who="2" fromWho="2" sc="191,-31,258,-31,260,123,291,-61" /><INIT seed="4,0,0,1,5,126" ten="160,227,383,230" oya="0" hai0="26,7,50,87,64,38,77,55,39,96,127,117,24" hai1="52,128,58,123,65,83,80,88,66,121,25,5,129" hai2="60,70,105,116,93,106,9,92,82,84,34,31,1" hai3="47,16,20,69,99,78,4,42,10,19,62,54,98"/><T133/><D117/><U49/><E5/><V75/><F116/><W81/><G69/><T37/><D127/><U18/><E25/><V53/><F75/><W68/><G68/><T103/><D133/><U109/><E18/><V73/><F73/><W30/><G30/><T111/><D111/><U22/><E22/><V110/><F34/><W2/><G62/><T101/><D64/><U113/><E109/><V45/><F31/><W59/><G19/><T72/><D72/><U21/><E21/><V91/><F9/><W119/><G119/><T32/><D7/><U27/><E27/><V71/><F1/><W0/><G0/><T41/><D41/><U100/><E100/><V28/><F28/><W63/><G81/><T115/><D115/><U33/><E33/><V90/><F82/><W23/><G78/><T118/><D118/><U43/><E43/><V74/><F74/><W97/><REACH who="3" step="1"/><G16/><REACH who="3" ten="160,227,383,220" step="2"/><T14/><D14/><U120/><E113/><V40/><F60/><W135/><G135/><T130/><D32/><U67/><REACH who="1" step="1"/><E83/><REACH who="1" ten="160,217,383,220" step="2"/><V29/><F29/><W108/><G108/><T11/><D24/><U112/><E112/><V57/><F110/><W61/><G61/><T3/><D26/><U86/><AGARI ba="0,2" hai="49,52,58,65,66,67,80,86,88,120,121,123,128,129" machi="86" ten="40,12000,2" yaku="1,1,0,1,52,2,54,2,53,0" doraHai="126" doraHaiUra="132" who="1" fromWho="1" sc="160,-60,217,140,383,-30,220,-30" /><INIT seed="5,0,0,3,2,104" ten="100,357,353,190" oya="1" hai0="65,54,102,39,89,51,119,64,112,101,103,20,31" hai1="38,41,76,9,133,80,130,116,94,73,37,74,109" hai2="30,127,26,72,15,75,40,121,78,125,106,17,131" hai3="44,58,122,52,10,105,22,43,71,36,27,61,4"/><U1/><E116/><V87/><F106/><W33/><G33/><T98/><D119/><U91/><E133/><V50/><F121/><W23/><G105/><T49/><D39/><U88/><E130/><V85/><F131/><W110/><G110/><T19/><D112/><U11/><E109/><V29/><F50/><W28/><G71/><T115/><D115/><U84/><E1/><V82/><F87/><W126/><G126/><N who="2" m="48137" /><F40/><W6/><G122/><T60/><D31/><N who="2" m="11786" /><F85/><W45/><G23/><T114/><D114/><U21/><E41/><V83/><F26/><W34/><G34/><T14/><D60/><U79/><E84/><N who="2" m="48215" /><F83/><W12/><REACH who="3" step="1"/><G44/><REACH who="3" ten="100,357,353,180" step="2"/><T128/><D128/><U47/><E47/><V134/><F134/><W70/><G70/><T42/><D42/><U124/><E124/><V48/><F48/><W18/><AGARI ba="0,1" hai="4,6,10,12,18,22,27,28,36,43,45,52,58,61" machi="18" ten="20,5200,0" yaku="1,1,0,1,7,1,54,1,53,0" doraHai="104" doraHaiUra="117" who="3" fromWho="3" sc="100,-13,357,-26,353,-13,180,62" /><INIT seed="6,0,0,1,0,128" ten="87,331,340,242" oya="2" hai0="89,85,49,10,6,61,122,125,63,78,99,114,119" hai1="56,98,110,135,52,130,113,25,81,14,132,5,21" hai2="17,4,48,19,42,41,77,22,32,62,118,0,66" hai3="47,29,120,33,104,134,126,55,11,57,127,92,97"/><V43/><F118/><W106/><G120/><T67/><D122/><U83/><E110/><V121/><F121/><W20/><G33/><T76/><D119/><U65/><E65/><V38/><F38/><W64/><G47/><T27/><D114/><U37/><E130/><V46/><F32/><W107/><G64/><T2/><D125/><N who="3" m="47625" /><G11/><T69/><D63/><U23/><E37/><V7/><F77/><W86/><G86/><T93/><D27/><U108/><E108/><V70/><F19/><W15/><G134/><N who="1" m="51242" /><E113/><V80/><F80/><N who="1" m="30793" /><E98/><V74/><F74/><W87/><G87/><T34/><D34/><U58/><E58/><N who="2" m="37207" /><F0/><W39/><G39/><T96/><D96/><U111/><E111/><V75/><F75/><W9/><G97/><T30/><D99/><U79/><E25/><N who="2" m="14543" /><F70/><W53/><G57/><T112/><D112/><U101/><E101/><V54/><AGARI ba="0,0" hai="4,7,41,42,43,46,48,54" m="14543,37207" machi="54" ten="30,1500,0" yaku="8,1" doraHai="128" who="2" fromWho="2" sc="87,-5,331,-5,340,15,242,-5" /><INIT seed="6,1,0,5,1,54" ten="82,326,355,237" oya="2" hai0="108,13,133,5,8,119,72,113,3,69,122,104,102" hai1="35,2,107,34,39,64,111,84,98,28,80,134,49" hai2="128,88,123,101,129,47,56,95,30,125,44,93,116" hai3="78,90,89,71,63,41,75,79,24,97,112,25,91"/><V86/><F123/><W70/><G97/><T87/><D13/><U109/><E134/><V114/><F116/><W46/><G75/><T110/><D87/><U17/><E39/><V76/><F76/><N who="3" m="29227" /><G63/><T132/><D8/><U6/><E17/><V40/><F30/><W55/><G41/><T81/><D5/><U74/><E74/><V92/><F101/><W37/><G55/><T1/><D81/><U27/><E35/><V23/><F125/><W51/><G51/><T130/><D102/><U20/><E34/><V36/><F47/><W31/><G31/><T12/><D12/><U14/><E2/><V82/><F114/><W65/><G65/><T100/><D100/><U29/><E29/><V42/><F42/><W60/><G60/><T9/><D9/><U105/><E64/><V10/><F10/><W61/><G61/><T59/><D59/><U66/><E66/><V7/><F7/><W115/><G37/><T53/><D53/><U45/><E14/><V120/><F120/><W33/><G33/><T62/><D62/><U117/><E6/><V67/><F23/><W18/><G46/><T15/><D15/><U21/><E21/><V68/><F68/><N who="3" m="26155" /><G18/><T43/><D43/><U131/><E117/><V124/><F124/><W77/><N who="3" m="29235" /><W127/><DORA hai="103" /><G127/><T52/><D52/><U4/><E4/><V16/><F16/><W121/><G121/><T50/><D3/><U19/><E28/><V0/><F0/><W85/><G85/><T38/><D132/><U57/><E98/><V106/><F106/><N who="1" m="40457" /><E45/><V96/><F96/><W83/><G83/><RYUUKYOKU ba="1,0" sc="82,-15,326,-15,355,15,237,15" hai2="36,40,44,56,67,82,86,88,92,93,95,128,129" hai3="24,25,89,90,91,112,115" /><INIT seed="6,2,0,1,3,29" ten="67,311,370,252" oya="2" hai0="122,63,82,16,27,23,67,17,126,81,107,18,73" hai1="24,103,87,50,54,113,97,58,75,57,131,80,115" hai2="60,12,45,127,19,68,96,71,98,2,102,79,37" hai3="64,89,125,66,117,15,41,110,76,72,114,22,5"/><V132/><F2/><W91/><G72/><T7/><D122/><U34/><E131/><V130/><F79/><W104/><G76/><T59/><D107/><U111/><E75/><V116/><F116/><W118/><G104/><T33/><D126/><U35/><E111/><V26/><F98/><W1/><G1/><T85/><D73/><U13/><E24/><V38/><F127/><W32/><G32/><T94/><D33/><U90/><E13/><V108/><F108/><W30/><G41/><T43/><D7/><U44/><E58/><V56/><F26/><N who="3" m="16727" /><G114/><N who="1" m="43530" /><E44/><V121/><F121/><W83/><G110/><T51/><D94/><AGARI ba="2,0" hai="34,35,50,54,57,80,87,90,94,97,103" m="43530" machi="94" ten="30,3900,0" yaku="15,1,52,2" doraHai="29" who="1" fromWho="0" sc="67,-45,311,45,370,0,252,0" /><INIT seed="7,0,0,2,4,59" ten="22,356,370,252" oya="3" hai0="25,62,128,32,76,68,21,82,15,97,111,87,8" hai1="80,13,100,90,3,18,42,41,57,67,86,122,29" hai2="120,134,65,135,99,73,93,104,19,63,48,108,40" hai3="72,38,4,96,119,106,20,43,28,0,125,34,61"/><W44/><G20/><T6/><D87/><U131/><E122/><V52/><F108/><W47/><G47/><T16/><D82/><U70/><E131/><V1/><F104/><W124/><G119/><T110/><D76/><U69/><E3/><V77/><F1/><W9/><G72/><T85/><D85/><U37/><E29/><V71/><F19/><W78/><G78/><T56/><D68/><U46/><E41/><V133/><F40/><W98/><G61/><T53/><D128/><U64/><E64/><V121/><F77/><W127/><REACH who="3" step="1"/><G106/><REACH who="3" ten="22,356,370,242" step="2"/><T117/><D117/><U84/><E46/><N who="2" m="27671" /><F73/><W112/><G112/><T45/><D45/><U91/><E42/><V33/><F33/><W10/><G10/><T114/><D114/><U94/><E37/><V81/><F81/><W55/><G55/><T88/><REACH who="0" step="1"/><D32/><REACH who="0" ten="12,356,370,242" step="2"/><U83/><E80/><V115/><F115/><W74/><G74/><T118/><D118/><U14/><E83/><V130/><F130/><W95/><G95/><AGARI ba="0,2" hai="6,8,15,16,21,25,53,56,62,88,95,97,110,111" machi="95" ten="40,12000,2" yaku="1,1,25,2,52,1,54,2,53,1" doraHai="59" doraHaiUra="17" who="0" fromWho="3" sc="12,140,356,0,370,0,242,-120" owari="152,-25.0,356,16.0,370,47.0,122,-38.0" /></mjloggm>