<mjloggm ver="2.3"><GO type="97" lobby="0"/><UN n0="%E5%B0%B1%E6%B4%BB%E7%94%9F%40%E5%B7%9D%E6%9D%91%E8%BB%8D%E5%9B%A3" n1="%E2%97%86%E3%82%82%E3%81%86%E3%82%89%E2%97%86" n2="%E3%81%82%E3%82%8F%E3%81%82%E3%82%8F%E2%98%86" n3="%E3%83%9D%E3%83%AB%E3%83%95%E3%82%A3%E3%83%BC%E3%83%AA%EF%BC%8B" dan="15,14,14,13" rate="2022.56,1959.69,1926.53,1822.28" sx="M,M,F,M"/><TAIKYOKU oya="0"/><INIT seed="0,0,0,2,3,117" ten="250,250,250,250" oya="0" hai0="66,132,52,27,4,54,107,76,82,59,55,133,89" hai1="10,85,50,118,7,72,1,12,93,103,51,34,53" hai2="83,14,123,68,61,109,96,106,47,135,115,19,37" hai3="98,95,94,29,42,127,108,48,13,104,43,24,131"/><T130/><D107/><U9/><E118/><V79/><F115/><W0/><G0/><T44/><D4/><U67/><E34/><V87/><F135/><N who="0" m="51786" /><D130/><U111/><E72/><V15/><F109/><W63/><G108/><T70/><D70/><U21/><E111/><V22/><F14/><W2/><G127/><T16/><D44/><U58/><E67/><V126/><F126/><W3/><G63/><N who="0" m="38271" /><D89/><U102/><E50/><V41/><F68/><W75/><G75/><N who="0" m="43295" /><D55/><U88/><E10/><V99/><F106/><W128/><G104/><T71/><D71/><U113/><E113/><V31/><F47/><W73/><G73/><T20/><AGARI ba="0,0" hai="16,20,27,52,54" m="43295,38271,51786" machi="20" ten="30,6000,0" yaku="20,1,54,2" doraHai="117" who="0" fromWho="0" sc="250,60,250,-20,250,-20,250,-20" /><INIT seed="0,1,0,1,5,47" ten="310,230,230,230" oya="0" hai0="123,131,132,121,109,84,59,86,28,50,126,29,115" hai1="42,30,119,21,44,130,49,92,82,31,70,100,63" hai2="85,88,67,58,20,74,5,16,62,83,69,93,73" hai3="32,135,96,43,25,40,48,13,35,91,54,53,27"/><T9/><D115/><U39/><E130/><V45/><F5/><W1/><G135/><T111/><D126/><U99/><E119/><V18/><F69/><W114/><G1/><T66/><D131/><U71/><E82/><V87/><F45/><W12/><G114/><T108/><D132/><U116/><E116/><V68/><F68/><W22/><G96/><T33/><D9/><U6/><E6/><V117/><F117/><W105/><G105/><T129/><D129/><U76/><E76/><V15/><REACH who="2" step="1"/><F18/><REACH who="2" ten="310,230,220,230" step="2"/><W38/><G38/><T94/><D121/><U95/><E71/><V80/><F80/><W56/><G32/><T90/><D123/><U24/><E39/><V55/><F55/><W106/><G35/><T14/><D33/><U112/><E112/><V4/><F4/><W124/><G124/><T79/><D14/><U125/><E125/><V127/><F127/><W77/><G12/><T17/><D17/><U19/><REACH who="1" step="1"/><E95/><REACH who="1" ten="310,220,220,230" step="2"/><V46/><F46/><W60/><G13/><T10/><D94/><U2/><E2/><V52/><F52/><W51/><G77/><AGARI ba="1,2" hai="15,16,20,58,62,67,73,74,77,83,85,87,88,93" machi="77" ten="30,8000,1" yaku="1,1,7,1,54,2,53,1" doraHai="47" doraHaiUra="72" who="2" fromWho="3" sc="310,0,220,0,220,103,230,-83" /><INIT seed="1,0,0,0,5,33" ten="310,220,323,147" oya="1" hai0="9,35,61,91,28,49,95,15,127,119,67,21,130" hai1="125,124,128,50,56,76,97,135,93,104,36,94,126" hai2="8,41,129,23,72,7,10,59,27,57,42,25,133" hai3="2,99,88,83,53,60,4,109,44,48,20,65,110"/><U89/><E36/><V118/><F118/><W107/><G107/><T77/><D119/><U96/><E50/><V98/><F72/><W117/><G117/><T47/><D127/><U103/><E56/><V101/><F133/><W120/><G120/><T78/><D130/><U112/><E112/><V51/><F129/><W22/><G4/><T54/><D35/><U84/><E128/><V29/><F27/><W63/><G2/><T69/><D21/><U18/><E18/><V108/><F108/><W73/><G73/><T80/><D28/><U102/><E135/><V71/><F71/><W100/><G110/><T121/><D121/><U26/><E26/><V64/><F64/><W58/><G100/><T40/><D40/><N who="2" m="15466" /><F7/><W5/><G5/><T31/><D31/><U45/><E45/><V52/><F59/><W75/><G75/><T85/><REACH who="0" step="1"/><D95/><AGARI ba="0,0" hai="8,10,23,25,29,51,52,57,95,98,101" m="15466" machi="95" ten="30,2000,0" yaku="8,1,54,1" doraHai="33" who="2" fromWho="0" sc="310,-20,220,0,323,20,147,0" /><INIT seed="2,0,0,5,1,12" ten="290,220,343,147" oya="2" hai0="13,117,51,39,62,82,115,135,35,20,45,27,64" hai1="23,70,26,99,52,105,15,36,75,76,95,107,63" hai2="4,11,126,19,28,89,84,133,125,32,69,134,68" hai3="37,6,97,112,98,31,24,123,21,14,25,16,61"/><V103/><F103/><W71/><G37/><T53/><D135/><N who="2" m="51722" /><F19/><W83/><G123/><T60/><D115/><U73/><E36/><V34/><F69/><W74/><G112/><T33/><D117/><U106/><E15/><N who="2" m="5607" /><F68/><W111/><G111/><T18/><D39/><U129/><E129/><V55/><F55/><W57/><G71/><T0/><D0/><U66/><E76/><V110/><F110/><W127/><G127/><N who="2" m="48649" /><F28/><W90/><G74/><T93/><D64/><U65/><E73/><V59/><F59/><W81/><G6/><T1/><D1/><U40/><E75/><V42/><F42/><W47/><G47/><T101/><D62/><U88/><E70/><V131/><F131/><W100/><G25/><T77/><D60/><U86/><E40/><V91/><F91/><W114/><G114/><T58/><D27/><U41/><E41/><V119/><F119/><W22/><G90/><T122/><D58/><U109/><E109/><V85/><F85/><W96/><REACH who="3" step="1"/><G100/><REACH who="3" ten="290,220,343,137" step="2"/><T92/><D101/><U87/><E88/><V56/><F56/><W108/><G108/><T132/><D132/><U29/><E87/><V128/><F128/><W38/><G38/><T78/><D45/><U124/><E86/><V5/><F5/><W9/><G9/><T17/><D78/><U121/><E124/><V102/><F102/><W49/><G49/><T2/><D51/><U44/><E44/><V72/><F72/><W79/><G79/><T50/><D77/><U80/><E63/><V130/><F130/><W120/><G120/><T43/><D122/><U7/><E121/><RYUUKYOKU ba="0,1" sc="290,-15,220,-15,343,15,137,15" hai2="32,34,84,89" hai3="14,16,21,22,24,31,57,61,81,83,96,97,98" /><INIT seed="2,1,1,3,0,120" ten="275,205,358,152" oya="2" hai0="124,82,68,84,12,40,36,67,114,22,2,111,115" hai1="90,33,63,71,132,104,54,121,9,48,106,100,60" hai2="95,122,51,14,70,15,45,66,133,49,112,21,30" hai3="39,94,34,62,101,79,16,83,53,123,5,47,44"/><V77/><F112/><W69/><G123/><T56/><D2/><U99/><E121/><V74/><F122/><W96/><G34/><T85/><D68/><U59/><E132/><V107/><F133/><W8/><G39/><T105/><D105/><U37/><E106/><V42/><F107/><W38/><G38/><T103/><D103/><U72/><E72/><V116/><F116/><W6/><G69/><T87/><D124/><U41/><E9/><V129/><F129/><W134/><G134/><T46/><D82/><U98/><E33/><V81/><F51/><W93/><G94/><T97/><D97/><U1/><E1/><V119/><F119/><W20/><G8/><T88/><D111/><U28/><E28/><V32/><F32/><W11/><G11/><T73/><D73/><U117/><E117/><V31/><F95/><W78/><G78/><T29/><D88/><U43/><E63/><V26/><F31/><W135/><G135/><T18/><D29/><U92/><REACH who="1" step="1"/><E37/><REACH who="1" ten="275,195,358,152" step="2"/><V50/><F30/><W127/><G127/><T80/><D80/><U35/><E35/><V110/><F74/><W3/><G3/><T52/><REACH who="0" step="1"/><D67/><AGARI ba="1,2" hai="41,43,48,54,59,60,67,71,90,92,98,99,100,104" machi="67" ten="40,1300,0" yaku="1,1,53,0" doraHai="120" doraHaiUra="113" who="1" fromWho="0" sc="275,-16,195,36,358,0,152,0" /><INIT seed="3,0,0,5,3,93" ten="259,231,358,152" oya="3" hai0="82,127,32,94,132,29,37,92,6,105,77,112,118" hai1="84,51,69,86,121,110,98,53,88,21,96,57,101" hai2="20,134,39,25,62,28,97,125,34,42,130,80,35" hai3="75,63,40,31,91,133,33,85,11,30,48,99,52"/><W56/><G75/><T64/><D105/><U7/><E69/><V87/><F134/><W120/><G120/><T66/><D37/><U90/><E121/><V50/><F130/><W115/><G33/><T71/><D118/><U24/><E110/><V107/><F39/><W9/><G115/><T14/><D71/><U100/><E7/><V129/><F129/><W55/><G133/><T83/><D132/><U116/><E116/><V23/><F125/><W106/><G40/><T44/><D127/><U26/><E100/><V54/><F42/><W8/><G106/><T79/><D44/><U0/><E101/><V17/><F62/><W5/><G5/><T76/><D29/><N who="1" m="17551" /><E26/><V70/><F70/><W68/><G68/><T4/><D32/><U16/><E16/><V135/><F135/><W2/><G2/><T104/><D104/><U45/><E45/><V12/><F35/><W103/><G103/><T27/><D27/><U10/><E10/><V15/><F34/><W49/><G63/><T22/><D112/><U41/><E41/><V43/><F12/><W72/><G72/><T78/><D6/><U124/><E0/><V102/><F43/><W13/><G13/><T46/><D46/><U61/><E61/><V36/><F36/><W38/><G38/><T73/><D73/><U123/><E123/><V81/><F107/><W117/><G117/><T74/><D74/><U113/><E124/><V122/><F122/><W109/><G109/><T126/><D126/><U111/><E111/><V108/><F108/><W89/><G89/><N who="1" m="34410" /><E113/><V19/><F15/><W128/><G128/><RYUUKYOKU ba="0,0" sc="259,-10,231,30,358,-10,152,-10" hai1="51,53,57,84,86,96,98" owari="249,-15.0,261,6.0,348,45.0,142,-36.0" /></mjloggm>