<mjloggm ver="2.3"><GO type="169" lobby="0"/><UN n0="%7A%65%72%6F%52%58" n1="%EF%BC%A0%E3%81%99%E3%81%9A" n2="%E5%B0%B1%E6%B4%BB%E7%94%9F%40%E5%B7%9D%E6%9D%91%E8%BB%8D%E5%9B%A3" n3="%54%4F%55%47%41%49%30%32" dan="16,16,16,16" rate="2172.00,2133.87,2169.12,2043.45" sx="M,M,M,M"/><TAIKYOKU oya="0"/><INIT seed="0,0,0,1,3,35" ten="250,250,250,250" oya="0" hai0="10,108,22,16,87,40,34,113,126,45,46,105,112" hai1="102,104,20,58,76,28,65,80,135,116,5,59,77" hai2="33,106,61,57,6,134,119,99,95,56,82,78,4" hai3="43,29,73,133,93,51,111,60,54,120,68,1,117"/><T18/><D105/><U66/><E116/><V30/><F106/><W84/><G117/><T81/><D34/><U31/><E135/><V47/><F134/><W55/><G133/><T14/><D126/><U91/><E5/><V26/><F47/><W2/><G73/><T92/><D92/><U114/><E102/><V70/><F70/><W3/><G29/><N who="1" m="11338" /><E114/><V52/><F57/><N who="1" m="21513" /><E104/><V19/><F19/><W36/><G120/><T115/><D108/><U74/><E74/><V62/><F62/><W101/><G36/><T44/><D40/><U94/><E20/><V41/><F41/><W130/><G111/><T83/><REACH who="0" step="1"/><D87/><REACH who="0" ten="240,250,250,250" step="2"/><N who="1" m="48519" /><E77/><V128/><F119/><W12/><G84/><AGARI ba="0,1" hai="65,66,84,91,94" m="48519,21513,11338" machi="84" ten="30,1000,0" yaku="8,1" doraHai="35" who="1" fromWho="3" sc="240,0,250,20,250,0,250,-10" /><INIT seed="1,0,0,2,2,128" ten="240,270,250,240" oya="1" hai0="5,106,14,39,66,58,116,104,64,62,112,50,4" hai1="26,52,83,84,125,48,17,43,110,75,115,60,11" hai2="132,0,34,102,85,7,21,90,38,44,119,82,134" hai3="122,53,113,71,61,37,70,56,45,19,121,124,63"/><U107/><E75/><V31/><F119/><W69/><G19/><T120/><D39/><U100/><E115/><V35/><F102/><W46/><G113/><T91/><D112/><U33/><E125/><V22/><F0/><W80/><G80/><T68/><D116/><U103/><E110/><V79/><F7/><W24/><G24/><T127/><D120/><U27/><E43/><N who="2" m="22647" /><F90/><W94/><G94/><T57/><D91/><U93/><E107/><V15/><F15/><W87/><G87/><T96/><D68/><U97/><E60/><V133/><F31/><W99/><G99/><T101/><D127/><U81/><E103/><V8/><F8/><W114/><G114/><T135/><D14/><N who="1" m="7391" /><E33/><AGARI ba="0,0" hai="21,22,33,34,35,79,82,85,132,133,134" m="22647" machi="33" ten="40,8000,1" yaku="20,1,52,3" doraHai="128" who="2" fromWho="1" sc="240,0,270,-80,250,80,240,0" /><INIT seed="2,0,0,3,1,41" ten="240,190,330,240" oya="2" hai0="48,109,42,17,99,2,94,83,32,40,113,47,55" hai1="81,9,58,70,7,34,115,31,37,5,67,107,68" hai2="24,85,33,3,53,74,132,93,11,19,75,98,127" hai3="25,38,96,61,118,71,101,77,1,116,54,135,86"/><V23/><F127/><W22/><G38/><T91/><D113/><U117/><E117/><V130/><F132/><W89/><G1/><T134/><D109/><U28/><E115/><V62/><F130/><W69/><G77/><T133/><D32/><U29/><E107/><V6/><F85/><W18/><G135/><N who="0" m="51723" /><D2/><U73/><E37/><V56/><REACH who="2" step="1"/><F33/><REACH who="2" ten="240,190,320,240" step="2"/><W14/><G86/><N who="0" m="50655" /><D17/><U63/><E34/><V27/><F27/><W78/><G25/><T0/><D0/><U39/><E73/><V100/><AGARI ba="0,1" hai="3,6,11,19,23,24,53,56,62,74,75,93,98,100" machi="100" ten="20,3900,0" yaku="1,1,0,1,7,1,53,0" doraHai="41" doraHaiUra="80" who="2" fromWho="2" sc="240,-13,190,-13,320,49,240,-13" /><INIT seed="2,1,0,0,5,97" ten="227,177,369,227" oya="2" hai0="129,91,123,104,135,12,55,110,38,41,73,124,26" hai1="68,34,7,69,31,100,70,81,17,108,5,117,115" hai2="40,30,15,105,57,106,80,0,63,2,71,4,95" hai3="113,10,85,19,11,72,59,6,36,94,33,67,96"/><V125/><F71/><W3/><G33/><T119/><RYUUKYOKU type="yao9" ba="1,0" sc="227,0,177,0,369,0,227,0" hai0="12,26,38,41,55,73,91,104,110,119,123,124,129,135" /><INIT seed="2,2,0,2,2,27" ten="227,177,369,227" oya="2" hai0="0,18,117,129,37,2,112,6,93,126,38,123,57" hai1="24,5,41,90,16,131,10,60,44,53,73,82,9" hai2="70,52,17,103,56,32,134,21,116,121,102,97,105" hai3="85,119,89,43,40,118,51,36,26,87,11,100,88"/><V95/><F70/><W111/><G36/><T128/><D123/><U65/><E131/><N who="0" m="50249" /><D112/><U96/><E53/><V34/><F121/><W67/><G67/><T83/><D126/><U108/><E108/><V15/><F116/><W48/><G26/><T92/><D18/><U47/><E73/><V49/><F134/><W74/><G11/><N who="0" m="2503" /><D2/><U63/><E5/><V31/><F31/><W79/><G100/><T12/><D12/><N who="1" m="7191" /><E9/><V71/><F71/><W4/><G4/><T122/><D122/><U50/><E47/><V98/><AGARI ba="2,0" hai="15,17,21,32,34,49,52,56,95,97,98,102,103,105" machi="98" ten="30,3000,0" yaku="0,1,54,1" doraHai="27" who="2" fromWho="2" sc="227,-12,177,-12,369,36,227,-12" /><INIT seed="2,3,0,0,0,111" ten="215,165,405,215" oya="2" hai0="105,115,39,85,101,117,13,31,124,135,109,34,40" hai1="15,33,87,73,53,44,96,49,65,92,29,71,21" hai2="11,43,93,99,130,55,69,75,64,20,82,23,30" hai3="48,52,88,121,58,97,78,68,134,57,66,47,76"/><V16/><F130/><W94/><G121/><T42/><D109/><U8/><E33/><V37/><F30/><W41/><G134/><T81/><D124/><U77/><E73/><V114/><F114/><W108/><G108/><T54/><D115/><U0/><E0/><V3/><F55/><W86/><G68/><T19/><D135/><U25/><E71/><V27/><F43/><W63/><REACH who="3" step="1"/><G97/><REACH who="3" ten="215,165,405,205" step="2"/><T12/><D117/><U120/><E120/><V100/><F69/><W118/><G118/><T18/><D40/><U10/><E96/><V125/><F125/><W26/><G26/><T32/><D42/><U6/><E25/><V9/><F27/><W4/><G4/><T128/><D128/><U7/><E6/><V14/><F99/><W110/><G110/><T51/><D34/><U72/><E7/><V119/><F119/><W67/><G67/><T107/><D32/><U116/><E65/><V28/><F64/><W102/><G102/><T79/><D101/><U123/><E116/><V46/><F100/><W62/><AGARI ba="3,1" hai="41,47,48,52,57,58,62,63,66,76,78,86,88,94" machi="62" ten="20,12000,2" yaku="1,1,0,1,7,1,8,1,54,2,53,0" doraHai="111" doraHaiUra="113" who="3" fromWho="3" sc="215,-33,165,-33,405,-63,205,139" /><INIT seed="3,0,0,2,4,51" ten="182,132,342,344" oya="3" hai0="99,53,91,8,57,106,24,46,56,12,102,10,125" hai1="76,23,37,5,94,95,86,128,100,105,82,63,25" hai2="20,9,117,124,120,18,92,114,13,73,77,40,83" hai3="36,104,69,2,44,11,118,19,89,116,22,108,26"/><W3/><G104/><T50/><D125/><U29/><E37/><V111/><F117/><W67/><G89/><T110/><D110/><U45/><E128/><V97/><F114/><W1/><G108/><T75/><D75/><U28/><E5/><V33/><F33/><W78/><G78/><T90/><D24/><U34/><E45/><V130/><F111/><W123/><G123/><T31/><D31/><U135/><E135/><V16/><F120/><W38/><G11/><T87/><D8/><U81/><E105/><V47/><F130/><W61/><REACH who="3" step="1"/><G44/><REACH who="3" ten="182,132,342,334" step="2"/><T68/><D91/><U134/><E76/><V7/><F124/><W119/><AGARI ba="0,1" hai="1,2,3,19,22,26,36,38,61,67,69,116,118,119" machi="119" ten="40,7800,0" yaku="1,1,2,1,0,1,53,0" doraHai="51" doraHaiUra="43" who="3" fromWho="3" sc="182,-26,132,-26,342,-26,334,88" /><INIT seed="3,1,0,3,1,19" ten="156,106,316,422" oya="3" hai0="125,57,74,54,10,87,112,108,133,47,83,70,68" hai1="96,9,110,128,85,131,38,60,7,5,49,106,130" hai2="134,124,103,31,55,40,135,14,11,2,76,88,52" hai3="127,35,71,78,101,79,36,73,50,44,24,113,75"/><W121/><G121/><T18/><D74/><U8/><E38/><V59/><F2/><W109/><G71/><T118/><D118/><U90/><E110/><V25/><F124/><W111/><G36/><T15/><D108/><N who="3" m="41545" /><G101/><T65/><D133/><N who="2" m="50698" /><F103/><W86/><G113/><T45/><D125/><U16/><E60/><V3/><F76/><N who="3" m="29227" /><G86/><T42/><D112/><U29/><E29/><V30/><F3/><W107/><G107/><T62/><D68/><U61/><E61/><N who="2" m="36071" /><F40/><N who="3" m="24839" /><G127/><T46/><D70/><U93/><E49/><V114/><F55/><W63/><G63/><T0/><D0/><U77/><E106/><V13/><F114/><W21/><G35/><T81/><D54/><U64/><E64/><V72/><F72/><W102/><G102/><T6/><D87/><U92/><E77/><V117/><F117/><W119/><G119/><T41/><D41/><U69/><E69/><V105/><F105/><W12/><G12/><N who="0" m="5207" /><D42/><U99/><E85/><V129/><F129/><W98/><G98/><T32/><D32/><U1/><E1/><V48/><F48/><W91/><G91/><T37/><D37/><U58/><E58/><V95/><F11/><AGARI ba="1,0" hai="11,15,18,45,46,47,57,62,65,81,83" m="5207" machi="11" ten="30,1000,0" yaku="8,1" doraHai="19" who="0" fromWho="2" sc="156,13,106,0,316,-13,422,0" /><INIT seed="4,0,0,5,3,1" ten="169,106,303,422" oya="0" hai0="117,89,114,120,107,6,25,14,135,68,58,70,28" hai1="103,71,99,55,13,104,79,123,85,83,133,51,54" hai2="95,121,69,116,125,131,66,3,40,62,88,9,67" hai3="24,48,134,33,60,98,129,94,87,102,127,32,36"/><T77/><D117/><U10/><E71/><V35/><F121/><W22/><G36/><T26/><D107/><U115/><E133/><V124/><F35/><W122/><G134/><T63/><D120/><U132/><E132/><V47/><F131/><W56/><G129/><T19/><D77/><U57/><E123/><V119/><F3/><W109/><G109/><T113/><D135/><U81/><E115/><N who="0" m="44041" /><D89/><U108/><E108/><V74/><F9/><W30/><G127/><N who="2" m="48713" /><F67/><W61/><G60/><T76/><D76/><U118/><E118/><V91/><F74/><W111/><G111/><T29/><D6/><U78/><E55/><V38/><F91/><W18/><G122/><T23/><D26/><U90/><REACH who="1" step="1"/><E83/><REACH who="1" ten="169,96,303,422" step="2"/><V16/><F116/><W93/><G33/><N who="0" m="20623" /><D29/><U110/><E110/><V0/><F69/><W101/><G32/><T31/><D31/><U7/><AGARI ba="0,1" hai="7,10,13,51,54,57,78,79,81,85,90,99,103,104" machi="7" ten="20,8000,1" yaku="1,1,0,1,7,1,52,1,53,1" doraHai="1" doraHaiUra="52" who="1" fromWho="1" sc="169,-40,96,90,303,-20,422,-20" /><INIT seed="5,0,0,1,0,98" ten="129,186,283,402" oya="1" hai0="71,57,75,44,17,5,3,99,108,25,50,19,101" hai1="77,54,53,10,70,58,29,43,119,26,6,103,79" hai2="100,87,62,85,125,12,21,30,15,38,34,105,94" hai3="55,73,51,20,32,0,92,37,134,106,90,76,56"/><U88/><E70/><V24/><F125/><W86/><G32/><T78/><D71/><U47/><E119/><V9/><F105/><W89/><G0/><T120/><D108/><U69/><E69/><V131/><F38/><W8/><G8/><T126/><D126/><U42/><E103/><V127/><F34/><W102/><G90/><T66/><D120/><U28/><E88/><V93/><F131/><W31/><G37/><T84/><D75/><U124/><E124/><V122/><F122/><W97/><G31/><N who="1" m="11850" /><E26/><V45/><F15/><W23/><G134/><T13/><D3/><U61/><E54/><V7/><F62/><W27/><G27/><T111/><D25/><U128/><E128/><V36/><F127/><W46/><G46/><T18/><D111/><U35/><E35/><V11/><F93/><W2/><G2/><T114/><D114/><U82/><E82/><AGARI ba="0,0" hai="20,23,51,55,56,73,76,82,86,89,92,97,102,106" machi="82" ten="40,5200,0" yaku="24,2,52,1" doraHai="98" who="3" fromWho="1" sc="129,0,186,-52,283,0,402,52" /><INIT seed="6,0,0,0,2,103" ten="129,134,283,454" oya="2" hai0="18,37,13,80,94,113,67,100,125,69,108,77,89" hai1="24,19,110,61,41,90,102,87,101,109,12,59,129" hai2="98,62,118,65,132,76,121,117,26,22,7,16,135" hai3="64,96,91,63,82,95,56,75,29,6,70,79,51"/><V66/><F76/><W31/><REACH who="3" step="1"/><G6/><REACH who="3" ten="129,134,283,444" step="2"/><T38/><D108/><U3/><E110/><V99/><F7/><W114/><G114/><T58/><D113/><U83/><E109/><V112/><F121/><W48/><G48/><T25/><D37/><U8/><E129/><V133/><F112/><W88/><G88/><T43/><D38/><U42/><E3/><V57/><REACH who="2" step="1"/><F65/><REACH who="2" ten="129,134,273,444" step="2"/><W130/><G130/><T9/><D67/><U4/><E4/><V120/><F120/><W11/><G11/><T68/><D9/><U134/><E8/><V34/><F34/><W50/><G50/><T44/><D125/><U21/><E61/><V54/><F54/><AGARI ba="0,2" hai="29,31,51,54,56,63,64,70,75,79,82,91,95,96" machi="54" ten="40,5200,0" yaku="21,2,53,1" doraHai="103" doraHaiUra="73" who="3" fromWho="2" sc="129,0,134,0,273,-52,444,72" /><INIT seed="7,0,0,0,0,37" ten="129,134,221,516" oya="3" hai0="64,79,123,4,12,54,127,7,78,124,6,11,5" hai1="132,22,98,25,88,89,130,94,126,18,2,28,113" hai2="1,109,48,104,101,71,34,91,135,58,116,76,53" hai3="33,84,110,41,81,82,39,57,121,20,117,23,125"/><W8/><G84/><T66/><D123/><U65/><E113/><V13/><F91/><W131/><G57/><T87/><D54/><U112/><E112/><V114/><F58/><W52/><G8/><T72/><D72/><U108/><E108/><V51/><F13/><W68/><G81/><N who="0" m="47543" /><D79/><U17/><E2/><V44/><F51/><W24/><G82/><T56/><D56/><U100/><E132/><V29/><F48/><W35/><G24/><T60/><D60/><U106/><E130/><V62/><F44/><W105/><G23/><T59/><D59/><U45/><E126/><AGARI ba="0,0" hai="4,5,6,7,11,12,64,66,124,126,127" m="47543" machi="126" ten="30,1000,0" yaku="18,1" doraHai="37" who="0" fromWho="1" sc="129,10,134,-10,221,0,516,0" owari="139,-26.0,124,-38.0,221,2.0,516,62.0" /></mjloggm>