<mjloggm ver="2.3"><GO type="225" lobby="0"/><UN n0="%E3%83%88%E3%83%88%E3%83%AA%E5%85%88%E7%94%9F%31%39%E6%AD%B3" n1="%E3%81%A1%E3%83%BC%E3%81%A6%E3%82%93" n2="%E3%83%AD%E3%83%9C%E3%82%B3%E3%83%97" n3="%6D%69%79%61%79%61" dan="17,16,16,16" rate="2202.89,2074.04,2035.25,2063.08" sx="F,M,M,F"/><TAIKYOKU oya="0"/><INIT seed="0,0,0,1,0,3" ten="250,250,250,250" oya="0" hai0="33,115,122,85,107,57,131,50,12,121,25,130,90" hai1="32,123,94,81,10,79,96,38,124,2,66,8,92" hai2="73,1,42,62,109,105,101,52,55,132,119,95,37" hai3="91,100,58,22,51,135,76,45,29,133,17,14,97"/><T86/><D107/><U28/><E123/><V127/><F73/><W77/><G91/><T93/><D115/><U59/><E124/><V134/><F1/><W83/><G29/><N who="0" m="19631" /><D85/><U111/><E111/><V69/><F105/><N who="3" m="63631" /><G58/><T80/><D80/><U89/><E38/><V71/><F101/><W116/><G83/><T61/><D50/><U15/><E2/><V108/><F95/><W87/><G87/><T65/><D12/><U11/><E94/><V35/><F35/><W16/><G17/><T70/><D70/><N who="2" m="26634" /><F119/><W30/><G30/><T63/><D63/><N who="1" m="38271" /><E32/><V120/><F120/><W6/><G116/><T126/><D126/><U88/><E28/><V56/><F127/><W39/><G39/><T129/><AGARI ba="0,0" hai="57,61,65,86,90,93,121,122,129,130,131" m="19631" machi="129" ten="30,1500,0" yaku="19,1" doraHai="3" who="0" fromWho="0" sc="250,15,250,-5,250,-5,250,-5" /><INIT seed="0,1,0,0,0,26" ten="265,245,245,245" oya="0" hai0="77,27,110,22,100,58,34,108,66,10,69,36,37" hai1="81,50,29,5,33,98,31,93,41,117,46,4,23" hai2="65,19,39,2,49,99,101,135,79,3,80,95,28" hai3="105,128,119,87,63,91,14,73,90,111,78,84,55"/><T121/><D121/><U59/><E117/><V116/><F39/><W48/><G111/><N who="0" m="42539" /><D69/><U102/><E33/><V42/><F116/><W123/><G105/><T47/><D34/><U88/><E59/><V64/><F135/><W109/><G73/><T92/><D77/><U68/><E68/><V130/><F130/><W85/><G128/><T82/><D82/><U13/><E13/><V62/><F19/><W1/><G1/><T9/><D47/><U21/><E21/><V70/><F64/><W45/><G123/><T132/><D132/><U30/><E23/><V24/><F49/><W114/><G114/><T38/><D92/><N who="1" m="58695" /><E81/><V8/><F42/><W107/><G63/><N who="0" m="38263" /><D100/><U131/><E131/><V52/><F8/><W115/><G115/><T129/><D129/><U94/><E94/><V112/><F112/><W127/><G119/><T72/><D72/><U32/><E32/><V17/><F70/><W74/><G74/><T57/><D57/><U18/><E18/><AGARI ba="1,0" hai="9,10,18,22,27,36,37,38" m="38263,42539" machi="18" ten="40,3900,0" yaku="14,1,10,1" doraHai="26" who="0" fromWho="1" sc="265,42,245,-42,245,0,245,0" /><INIT seed="0,2,0,3,3,18" ten="307,203,245,245" oya="0" hai0="108,5,23,51,76,44,114,123,128,101,72,84,86" hai1="22,81,127,55,19,79,89,98,125,0,118,28,6" hai2="109,52,65,14,110,117,13,2,71,40,78,95,80" hai3="107,83,31,45,17,42,15,130,1,87,16,37,68"/><T56/><D114/><U122/><E118/><V90/><F2/><W88/><G1/><T36/><D123/><U119/><E119/><V96/><F117/><W70/><G130/><T126/><D128/><U32/><E122/><V24/><F40/><W35/><G107/><T50/><D36/><U124/><E55/><V121/><F121/><W26/><REACH who="3" step="1"/><G17/><REACH who="3" ten="307,203,245,235" step="2"/><T116/><D116/><U25/><E0/><V11/><F110/><W10/><AGARI ba="2,1" hai="10,15,16,26,31,35,37,42,45,68,70,83,87,88" machi="10" ten="20,12000,2" yaku="1,1,2,1,0,1,7,1,54,2,53,0" doraHai="18" doraHaiUra="57" who="3" fromWho="3" sc="307,-62,203,-32,245,-32,235,136" /><INIT seed="1,0,0,1,0,64" ten="245,171,213,371" oya="1" hai0="59,129,36,44,6,83,89,28,61,98,63,55,102" hai1="101,2,134,1,12,10,86,95,112,113,104,133,18" hai2="11,132,56,46,37,3,110,58,57,82,40,24,124" hai3="16,109,54,75,91,21,35,65,45,92,5,85,50"/><U47/><E104/><V52/><F110/><W33/><G109/><T48/><D129/><U74/><E74/><V32/><F124/><W67/><G75/><T53/><D36/><U79/><E47/><V135/><F52/><N who="3" m="29775" /><G35/><T93/><D6/><U114/><E101/><V42/><F42/><W94/><G33/><T77/><D28/><U107/><E107/><V34/><F82/><W81/><G5/><T26/><D26/><U115/><N who="1" m="28672" /><DORA hai="99" /><U118/><E118/><V7/><REACH who="2" step="1"/><F24/><REACH who="2" ten="245,171,203,371" step="2"/><N who="3" m="14375" /><G54/><T119/><D119/><U108/><E108/><V125/><F125/><W29/><G81/><T17/><D83/><N who="1" m="47487" /><E95/><V8/><F8/><W62/><G94/><T126/><D126/><U123/><E123/><V27/><F27/><W9/><G92/><T80/><D80/><U103/><E103/><V68/><F68/><W19/><G9/><T90/><D77/><U120/><E120/><V131/><F131/><W88/><G91/><T96/><D90/><U72/><E72/><V128/><F128/><W43/><G88/><T105/><D89/><U66/><E66/><V38/><F38/><W106/><G67/><T51/><D105/><U60/><E60/><V39/><F39/><W4/><G65/><T117/><D117/><U0/><E0/><V49/><F49/><W127/><G106/><T121/><D121/><U84/><E2/><V30/><F30/><W13/><G29/><T20/><D98/><U14/><E1/><V87/><F87/><W130/><G85/><T76/><D76/><U69/><E69/><V22/><F22/><W25/><G127/><T71/><D71/><RYUUKYOKU ba="0,1" sc="245,15,171,-15,203,15,371,-15" hai0="17,20,44,48,51,53,55,59,61,63,93,96,102" hai2="3,7,11,32,34,37,40,46,56,57,58,132,135" /><INIT seed="2,1,1,5,1,37" ten="260,156,218,356" oya="2" hai0="109,133,74,19,34,111,81,124,20,95,17,130,2" hai1="127,108,70,25,58,121,47,1,92,128,51,31,82" hai2="36,117,107,75,57,41,33,84,101,72,114,55,6" hai3="76,29,119,32,71,28,69,99,4,120,94,48,21"/><V68/><F68/><W113/><G32/><T112/><D112/><U45/><E70/><V98/><F114/><W83/><G113/><T89/><D34/><U73/><E1/><V24/><F117/><W88/><G119/><T85/><D2/><U125/><E108/><N who="0" m="41545" /><D130/><U59/><E128/><V105/><F105/><W61/><G48/><T77/><D133/><U63/><E121/><V56/><F6/><W0/><G94/><T106/><D106/><U80/><E92/><V126/><F126/><W64/><G76/><T118/><D118/><U65/><E59/><V103/><F103/><W60/><G64/><T10/><D10/><U134/><E134/><V87/><F56/><W104/><G88/><T129/><D129/><U9/><E9/><V38/><F84/><W131/><G99/><T53/><D124/><N who="1" m="47691" /><E73/><V8/><F75/><W40/><G61/><T96/><D53/><N who="1" m="29951" /><E45/><V62/><F72/><W50/><G131/><T22/><D74/><U116/><E116/><V49/><F8/><W15/><G120/><T13/><D77/><U97/><E97/><V100/><F87/><W44/><G0/><T67/><D67/><U54/><E65/><V79/><F79/><W52/><G104/><T43/><D96/><U18/><E18/><V78/><F78/><W115/><G115/><T132/><D95/><U39/><E39/><N who="2" m="14891" /><F98/><W66/><G71/><T102/><D132/><U5/><E5/><V46/><F107/><W16/><G4/><T7/><D7/><U11/><E11/><V42/><F62/><N who="3" m="40151" /><G83/><T14/><D102/><U110/><E110/><V35/><F101/><RYUUKYOKU ba="1,1" sc="260,10,156,10,218,-30,356,10" hai0="13,14,17,19,20,22,43,81,85,89" hai1="25,31,54,58,63,80,82" hai3="15,16,21,28,29,40,44,50,52,60" /><INIT seed="3,2,1,5,2,77" ten="270,166,188,366" oya="3" hai0="45,98,118,102,28,71,104,29,39,43,0,34,113" hai1="12,103,27,109,20,44,126,68,72,81,3,22,40" hai2="119,95,55,123,66,74,129,121,117,42,30,76,17" hai3="7,108,91,88,93,122,120,38,75,5,58,54,46"/><W84/><G75/><T59/><D59/><U82/><E68/><V135/><F30/><W15/><G108/><T6/><D29/><N who="1" m="17639" /><E3/><V52/><F129/><W56/><G38/><T1/><D118/><N who="2" m="45066" /><F135/><W41/><G58/><T132/><D132/><U94/><E72/><V16/><F42/><W18/><G41/><T24/><D6/><U92/><E109/><V83/><F66/><W62/><G46/><T2/><REACH who="0" step="1"/><D113/><REACH who="0" ten="260,166,188,366" step="2"/><U73/><E126/><V125/><F125/><W4/><REACH who="3" step="1"/><G91/><REACH who="3" ten="260,166,188,356" step="2"/><T35/><D35/><U69/><E73/><V57/><F74/><W60/><G60/><T114/><D114/><U97/><E69/><AGARI ba="2,3" hai="0,1,2,24,28,34,39,43,45,69,71,98,102,104" machi="69" ten="40,8000,1" yaku="1,1,33,3,53,0" doraHai="77" doraHaiUra="63" who="0" fromWho="1" sc="260,116,166,-86,188,0,356,0" owari="376,47.0,80,-42.0,188,-21.0,356,16.0" /></mjloggm>