<mjloggm ver="2.3"><GO type="169" lobby="0"/><UN n0="%E3%82%A6%E3%83%AB%E3%83%88%E3%83%A9%E7%AB%8B%E7%9B%B4" n1="%E3%83%A6%E3%83%B3%E3%82%B1%E3%83%AB" n2="%41%49%53%4C%49%4E%4E" n3="%E3%83%8D%E3%83%BC%E3%83%A0%E3%83%AC%E3%82%B9%EF%BC%97" dan="17,16,17,18" rate="2165.65,2092.75,2179.48,2153.69" sx="M,M,F,M"/><TAIKYOKU oya="0"/><INIT seed="0,0,0,5,4,128" ten="250,250,250,250" oya="0" hai0="101,133,0,80,44,21,7,19,37,32,55,5,76" hai1="51,46,73,110,53,107,59,61,74,45,121,95,94" hai2="43,33,93,2,119,100,87,54,115,111,116,78,57" hai3="30,82,81,49,12,113,64,70,18,16,135,63,77"/><T58/><D32/><U17/><E121/><V69/><F111/><W31/><G113/><T56/><D101/><U72/><E110/><V75/><F69/><W13/><G135/><T114/><D114/><U25/><E107/><V60/><F2/><W52/><G13/><T47/><D133/><U11/><E46/><V40/><F33/><W68/><G68/><T66/><D66/><U131/><E131/><V97/><F75/><W120/><G120/><T92/><D92/><U96/><E96/><V129/><F129/><W65/><G65/><T86/><D56/><U27/><E27/><V125/><F125/><W90/><G90/><T106/><D106/><U123/><E123/><V42/><F115/><W62/><G62/><T35/><D35/><U112/><E112/><V102/><F100/><W9/><G18/><T26/><D37/><U6/><E17/><V99/><F99/><W108/><G108/><T118/><D118/><N who="2" m="45098" /><F87/><W117/><G117/><T4/><REACH who="0" step="1"/><D0/><REACH who="0" ten="240,250,250,250" step="2"/><U132/><E132/><V22/><F93/><W28/><REACH who="3" step="1"/><G77/><REACH who="3" ten="240,250,250,240" step="2"/><T38/><D38/><U122/><E122/><V104/><F78/><W124/><G124/><T20/><D20/><AGARI ba="0,2" hai="20,22,40,42,43,54,57,60,97,102,104" m="45098" machi="20" ten="30,1000,0" yaku="12,1" doraHai="128" who="2" fromWho="0" sc="240,-10,250,0,250,30,240,0" /><INIT seed="1,0,0,3,0,26" ten="230,250,280,240" oya="1" hai0="1,112,90,72,57,15,67,45,131,114,95,29,105" hai1="91,66,110,46,9,43,47,42,119,52,127,2,0" hai2="8,35,135,89,88,3,77,83,108,59,99,134,27" hai3="63,85,13,78,98,21,117,80,32,70,68,76,17"/><U132/><E119/><V81/><F108/><W30/><G117/><T25/><D1/><U54/><E132/><N who="2" m="50731" /><F59/><W5/><G78/><T62/><D131/><U4/><E127/><V23/><F35/><W10/><G63/><T113/><D105/><U7/><E66/><V121/><F121/><W125/><G125/><T74/><D15/><U58/><E110/><V41/><F41/><W36/><G36/><T93/><D45/><U107/><E107/><V65/><F65/><W60/><G60/><T53/><D53/><U24/><E91/><N who="2" m="34891" /><F99/><W101/><G32/><T49/><D49/><U31/><E58/><V71/><F77/><W16/><G30/><T126/><D126/><U115/><E115/><V79/><F79/><W11/><G11/><T28/><D93/><U12/><E12/><V61/><F61/><W56/><G56/><T109/><D109/><U6/><E6/><N who="2" m="1119" /><F71/><W37/><G37/><T75/><REACH who="0" step="1"/><D25/><REACH who="0" ten="220,250,280,240" step="2"/><U94/><E94/><V14/><F14/><W111/><G111/><T123/><D123/><U22/><E2/><V18/><AGARI ba="0,1" hai="18,23,27,81,83" m="1119,34891,50731" machi="18" ten="30,2000,0" yaku="20,1,54,1" doraHai="26" who="2" fromWho="2" sc="220,-5,250,-10,280,30,240,-5" /><INIT seed="2,0,0,0,2,84" ten="215,240,310,235" oya="2" hai0="113,90,102,85,111,58,60,128,28,132,7,29,30" hai1="123,130,75,70,62,118,40,126,9,33,91,92,110" hai2="42,77,87,109,89,13,116,21,47,98,76,11,68" hai3="99,112,20,3,15,65,16,88,14,121,74,57,34"/><V100/><F109/><W106/><G3/><T82/><D113/><U72/><E118/><V39/><F21/><W19/><G34/><T103/><D111/><U115/><E115/><V66/><F66/><W79/><G121/><T37/><D37/><U97/><E110/><V78/><F68/><W2/><G2/><T124/><D124/><U125/><E123/><V61/><F61/><N who="3" m="38063" /><G74/><T0/><D128/><U105/><E33/><V107/><F116/><W43/><G106/><T114/><D114/><U10/><E130/><V31/><F31/><W22/><G112/><T119/><D132/><U67/><E40/><V54/><F54/><W52/><G43/><T86/><D119/><U120/><E120/><V44/><F47/><W95/><G79/><T24/><D24/><U55/><E105/><V46/><F46/><W5/><G52/><N who="0" m="33863" /><D0/><U36/><E36/><V129/><F129/><W48/><G48/><T17/><D7/><AGARI ba="0,0" hai="5,7,14,15,16,19,20,22,88,95,99" m="38063" machi="7" ten="30,7700,0" yaku="8,1,52,1,54,2" doraHai="84" who="3" fromWho="0" sc="215,-77,240,0,310,0,235,77" /><INIT seed="3,0,0,5,4,84" ten="138,240,310,312" oya="3" hai0="61,112,51,120,41,78,67,109,110,36,62,129,86" hai1="21,39,131,53,7,76,10,97,19,95,91,56,68" hai2="11,3,48,127,24,65,27,35,89,87,80,130,79" hai3="31,63,8,37,38,45,85,2,102,52,26,115,72"/><W77/><G72/><T73/><D73/><U107/><E131/><V125/><F130/><W46/><G102/><T44/><D129/><U94/><E68/><V98/><F65/><W22/><G38/><T117/><D120/><U57/><E39/><V134/><F134/><W66/><G2/><T116/><D86/><U103/><E76/><V82/><F48/><W18/><G37/><T23/><D78/><U113/><E113/><V93/><F35/><W13/><G115/><T16/><D112/><U50/><E57/><V106/><F11/><W58/><REACH who="3" step="1"/><G66/><REACH who="3" ten="138,240,310,302" step="2"/><T69/><D36/><U60/><E107/><V29/><F3/><W132/><G132/><T83/><D117/><U133/><E133/><V12/><F106/><W4/><G4/><T25/><D116/><U88/><E50/><V101/><F101/><W92/><G92/><T0/><D0/><U99/><E103/><V128/><F80/><AGARI ba="0,1" hai="8,13,18,22,26,31,45,46,52,58,63,77,80,85" machi="80" ten="40,7700,0" yaku="1,1,8,1,54,1,53,0" doraHai="84" doraHaiUra="90" who="3" fromWho="2" sc="138,0,240,0,310,-77,302,87" /><INIT seed="3,1,0,5,1,42" ten="138,240,233,389" oya="3" hai0="105,46,93,101,55,99,13,6,38,70,118,10,113" hai1="34,18,60,104,67,27,75,20,9,73,84,51,39" hai2="92,91,53,7,14,15,107,65,22,125,49,122,131" hai3="61,128,11,47,17,126,81,23,76,44,109,56,129"/><W48/><G11/><T127/><D118/><U117/><E117/><V123/><F107/><W115/><G115/><T90/><D113/><U50/><E104/><V133/><F125/><W74/><G126/><T40/><D127/><U37/><E34/><V110/><F110/><W116/><G116/><T58/><D70/><U80/><E39/><V8/><F133/><W5/><G5/><T57/><REACH who="0" step="1"/><D55/><REACH who="0" ten="128,240,233,389" step="2"/><U108/><E108/><V77/><F53/><N who="3" m="31783" /><G109/><T124/><D124/><U35/><E75/><V32/><F122/><W30/><G30/><T79/><D79/><U66/><E73/><V64/><F77/><W134/><G134/><T0/><D0/><U19/><E37/><V71/><F71/><W4/><G4/><T120/><D120/><U98/><E35/><V69/><F32/><W119/><G119/><T24/><D24/><U33/><E33/><V12/><F69/><W25/><G61/><T106/><D106/><U100/><E67/><V111/><F64/><W89/><G89/><T59/><D59/><U31/><E51/><V63/><F65/><W1/><G1/><T121/><D121/><U97/><E50/><V43/><F49/><W21/><G21/><T2/><D2/><U95/><E9/><V83/><F8/><W29/><G29/><T94/><D94/><U3/><E3/><V54/><F111/><W68/><G68/><T72/><D72/><U52/><E66/><V87/><F91/><W135/><G135/><T26/><D26/><U114/><E114/><V103/><F123/><W45/><G74/><T78/><D78/><U102/><E95/><RYUUKYOKU ba="1,1" sc="128,15,240,-15,233,-15,389,15" hai0="6,10,13,38,40,46,57,58,90,93,99,101,105" hai3="17,23,25,44,45,47,76,81,128,129" /><INIT seed="3,2,1,5,3,109" ten="143,225,218,404" oya="3" hai0="131,53,20,103,43,98,17,37,16,117,28,111,96" hai1="100,26,11,3,90,72,41,46,104,8,59,34,31" hai2="115,24,81,113,55,7,75,82,32,135,78,68,42" hai3="58,92,35,12,132,5,119,77,40,45,101,18,105"/><W91/><G119/><T99/><D117/><U88/><E72/><N who="2" m="43207" /><F55/><W4/><G35/><T6/><D111/><U86/><E3/><V80/><F80/><W50/><G77/><T10/><D131/><U112/><E112/><N who="2" m="43083" /><F42/><W69/><G69/><T89/><D103/><U71/><E71/><V19/><F19/><W13/><G13/><N who="0" m="5335" /><D37/><U114/><E114/><V73/><F7/><W39/><G105/><T97/><D43/><U118/><E118/><V60/><F82/><W23/><G101/><T84/><N who="0" m="24576" /><DORA hai="124" /><T123/><D123/><U66/><E104/><V116/><F116/><W65/><G132/><T30/><D53/><U36/><E100/><V52/><F52/><N who="3" m="32023" /><G65/><T38/><D38/><U108/><E108/><V107/><F107/><W130/><G130/><T48/><D48/><U33/><E33/><V83/><F83/><W106/><G106/><T9/><D89/><U0/><E0/><V49/><F49/><W76/><G76/><T63/><D63/><U134/><E134/><V127/><F135/><W74/><G74/><T22/><D84/><AGARI ba="2,1" hai="4,5,12,18,23,39,40,45,84,91,92" m="32023" machi="84" ten="30,2900,0" yaku="25,1,54,1" doraHai="109,124" who="3" fromWho="0" sc="143,-35,225,0,218,0,404,45" /><INIT seed="3,3,0,0,4,18" ten="108,225,218,449" oya="3" hai0="89,91,65,85,109,107,100,72,24,39,16,34,121" hai1="19,9,95,31,92,36,126,128,20,108,60,13,120" hai2="127,15,48,33,78,62,68,132,119,35,84,125,53" hai3="97,30,135,80,52,96,54,133,79,57,29,75,38"/><W81/><G38/><T116/><D121/><U104/><E120/><V94/><F132/><N who="3" m="50763" /><G81/><T110/><D116/><U56/><E108/><N who="0" m="41577" /><D39/><U86/><E36/><V14/><F119/><W102/><G54/><T43/><D43/><U124/><E104/><V10/><F14/><W8/><G8/><T64/><D72/><U61/><E128/><V63/><F33/><W129/><G129/><T55/><D55/><U22/><E61/><V113/><F113/><W115/><G115/><T122/><D122/><U37/><E37/><V23/><F23/><N who="1" m="8745" /><E31/><N who="3" m="11786" /><G102/><T47/><D47/><U67/><E86/><V90/><F10/><W77/><G77/><T73/><D34/><U123/><E123/><V49/><F35/><W74/><G74/><T17/><D73/><U45/><E45/><V87/><F78/><W101/><G101/><T112/><D100/><U11/><E11/><V5/><F53/><W41/><G41/><T1/><D112/><U21/><E9/><V103/><F103/><W88/><G88/><T2/><D107/><U66/><E66/><N who="0" m="25705" /><D91/><U82/><E82/><V130/><F90/><W71/><G71/><T93/><D17/><U46/><E46/><V76/><F130/><W25/><G25/><T106/><D106/><U111/><E111/><V28/><F76/><W44/><G44/><T3/><D3/><U12/><E12/><V7/><F15/><W105/><G105/><T117/><D117/><U58/><E58/><V50/><F68/><W32/><G32/><T27/><D27/><U69/><E69/><V118/><F118/><W134/><G134/><T51/><D51/><AGARI ba="3,0" hai="51,52,57,75,79,80,96,97" m="11786,50763" machi="51" ten="30,5800,0" yaku="6,1,20,1,54,1" doraHai="18" who="3" fromWho="0" sc="108,-67,225,0,218,0,449,67" /><INIT seed="3,4,0,2,3,60" ten="41,225,218,516" oya="3" hai0="65,86,31,75,47,133,119,127,37,55,122,117,94" hai1="111,29,135,68,20,62,15,30,2,48,77,126,101" hai2="16,82,56,129,69,118,19,85,0,130,4,52,95" hai3="58,67,17,54,34,73,128,13,66,7,53,3,83"/><W98/><G34/><T74/><D122/><U84/><E111/><V6/><F118/><W71/><G71/><T96/><D127/><U24/><E2/><V121/><F95/><W23/><G3/><T44/><D133/><U103/><E135/><V18/><F69/><W22/><G7/><N who="2" m="2601" /><F0/><W88/><G54/><T78/><D31/><U114/><E126/><V109/><F109/><W104/><G104/><T63/><D86/><U64/><E114/><V87/><F121/><W79/><G128/><N who="2" m="49257" /><F82/><W32/><G32/><T134/><D134/><U50/><E30/><V132/><F132/><W8/><G8/><T46/><D55/><U110/><E110/><V10/><F10/><W42/><G42/><T100/><D37/><U99/><E103/><V91/><F91/><W61/><REACH who="3" step="1"/><G23/><REACH who="3" ten="41,225,218,506" step="2"/><T97/><D97/><U107/><E77/><V89/><F89/><W49/><G49/><AGARI ba="4,1" hai="16,18,19,49,52,56,85,87" m="49257,2601" machi="49" ten="30,3900,0" yaku="19,1,54,2" doraHai="60" who="2" fromWho="3" sc="41,0,225,0,218,61,506,-51" /><INIT seed="4,0,0,3,2,35" ten="41,225,279,455" oya="0" hai0="84,110,67,58,126,7,9,38,102,88,111,78,42" hai1="93,18,34,36,92,87,125,113,5,134,133,23,11" hai2="104,90,46,64,33,65,50,128,118,66,130,81,135" hai3="29,131,10,20,91,2,24,19,108,55,89,54,116"/><T32/><D32/><U71/><E36/><V122/><F135/><N who="1" m="51721" /><E71/><V14/><F104/><W59/><G55/><T82/><D126/><U21/><E125/><V94/><F122/><W52/><G54/><T26/><D102/><U98/><E34/><V97/><F33/><W53/><G53/><T76/><D26/><U114/><E87/><V132/><F132/><W112/><G108/><N who="0" m="41515" /><D67/><U96/><E93/><V100/><F14/><W13/><G13/><N who="0" m="5311" /><D58/><U79/><E79/><N who="0" m="30249" /><D38/><U22/><E18/><V43/><F118/><W101/><G24/><T75/><D42/><U63/><E63/><V85/><AGARI ba="0,0" hai="43,46,50,64,65,66,81,85,90,94,97,100,128,130" machi="85" ten="30,1100,0" yaku="0,1" doraHai="35" who="2" fromWho="2" sc="41,-5,225,-3,279,11,455,-3" /><INIT seed="5,0,0,0,2,71" ten="36,222,290,452" oya="1" hai0="42,88,79,6,18,109,5,29,82,33,86,20,96" hai1="133,13,57,85,120,61,98,35,126,37,129,3,23" hai2="77,28,26,58,97,121,123,32,49,2,78,12,66" hai3="135,21,1,44,80,130,54,95,81,60,48,4,115"/><U50/><E120/><V17/><F2/><W73/><G73/><T53/><D109/><U30/><E3/><V124/><F124/><W8/><G115/><T104/><D29/><U64/><E126/><V108/><F108/><W132/><G130/><T65/><D33/><U51/><E129/><V118/><F118/><W55/><G95/><T117/><D117/><U101/><E133/><N who="3" m="51274" /><G21/><T22/><D65/><U87/><E37/><V105/><F105/><W47/><G47/><T111/><D111/><U114/><E114/><V116/><F116/><W59/><AGARI ba="0,0" hai="1,4,8,44,48,54,55,59,60,80,81" m="51274" machi="59" ten="30,1100,0" yaku="20,1" doraHai="71" who="3" fromWho="3" sc="36,-3,222,-5,290,-3,452,11" /><INIT seed="6,0,0,2,3,127" ten="33,217,287,463" oya="2" hai0="101,83,14,39,18,93,61,119,53,114,89,73,48" hai1="103,46,38,43,128,75,11,2,116,21,117,107,88" hai2="122,44,66,95,1,72,84,4,12,135,42,70,56" hai3="45,51,22,100,105,37,33,0,9,104,19,50,23"/><V91/><F122/><W113/><G33/><T97/><D114/><U121/><E21/><V24/><F72/><W16/><G37/><T26/><D119/><U77/><E88/><V79/><F79/><W63/><G51/><T7/><D39/><U15/><E121/><V58/><F1/><W132/><G100/><T112/><D112/><U60/><E60/><V55/><F135/><W65/><G9/><T118/><D118/><U90/><E90/><V78/><F78/><W76/><G76/><T96/><D73/><U109/><E109/><V34/><F55/><W69/><G0/><T47/><D7/><N who="1" m="1527" /><E15/><V30/><F66/><W54/><G132/><T129/><D129/><U8/><E8/><V57/><F70/><W130/><G130/><T108/><D108/><U59/><E59/><V67/><F67/><W81/><G81/><T115/><D115/><U20/><E20/><V102/><F102/><W6/><G6/><T99/><D26/><U25/><E25/><V98/><F84/><W133/><G133/><T82/><D61/><U28/><E28/><V32/><F12/><W85/><G85/><T10/><D83/><N who="1" m="45503" /><E128/><V3/><F4/><W125/><G125/><T110/><D110/><U134/><E134/><V94/><F3/><W5/><G5/><T36/><D36/><U52/><E52/><V124/><F124/><W29/><G29/><T86/><AGARI ba="0,0" hai="10,14,18,47,48,53,82,86,89,93,96,97,99,101" machi="86" ten="30,7900,0" yaku="0,1,25,2,8,1" doraHai="127" who="0" fromWho="0" sc="33,79,217,-20,287,-39,463,-20" /><INIT seed="7,0,0,5,0,132" ten="112,197,248,443" oya="3" hai0="115,54,118,23,77,81,51,40,60,123,96,105,29" hai1="129,106,86,99,3,11,67,130,65,17,57,43,135" hai2="16,83,21,121,0,15,62,33,63,34,126,114,28" hai3="36,103,9,32,117,94,79,53,12,119,87,131,14"/><W127/><G53/><T44/><D123/><U75/><E135/><V82/><F0/><W125/><G87/><T113/><D118/><U98/><E75/><V35/><F28/><W20/><G94/><T74/><D105/><U2/><E43/><V37/><F37/><W128/><G79/><T6/><D96/><N who="1" m="36907" /><E106/><V4/><F4/><W66/><G103/><T107/><D107/><U69/><E69/><V10/><F10/><W102/><G66/><N who="1" m="25098" /><E57/><V5/><F5/><W24/><G102/><T120/><D120/><U68/><E68/><V134/><F121/><W18/><G36/><T91/><D91/><U84/><E17/><V38/><F38/><W42/><G42/><T31/><D6/><U110/><E11/><V101/><F101/><W27/><G32/><T70/><D23/><U92/><E92/><V108/><F134/><W88/><G88/><T133/><D133/><U73/><E73/><V97/><F35/><W85/><G85/><N who="1" m="32874" /><E110/><V93/><F108/><W112/><G112/><T47/><D70/><U109/><E109/><V19/><F114/><W8/><G20/><T104/><D104/><U46/><E46/><V50/><F34/><W59/><G59/><T76/><D115/><U89/><E89/><V116/><F33/><W100/><G100/><T48/><D113/><U95/><E95/><V52/><F93/><W71/><G71/><T45/><D60/><U80/><E80/><V22/><F62/><W78/><G78/><T26/><D77/><U64/><E64/><V56/><F63/><W39/><G39/><T124/><D76/><U13/><E2/><RYUUKYOKU ba="0,0" sc="112,-10,197,-10,248,-10,443,30" hai3="8,9,12,14,18,24,27,117,119,125,127,128,131" owari="102,-40.0,187,-21.0,238,4.0,473,57.0" /></mjloggm>