<mjloggm ver="2.3"><GO type="225" lobby="0"/><UN n0="%E3%82%A4%E3%82%B5%E3%82%AD" n1="%E3%83%88%E3%83%88%E3%83%AA%E5%85%88%E7%94%9F%31%39%E6%AD%B3" n2="%6B%61%6D%6F%73%75%6B%65" n3="%E3%81%A1%E3%83%BC%E3%81%A6%E3%82%93" dan="18,16,16,17" rate="2163.96,2079.89,2191.91,2149.55" sx="M,F,M,M"/><TAIKYOKU oya="0"/><INIT seed="0,0,0,5,4,129" ten="250,250,250,250" oya="0" hai0="27,65,92,84,16,23,77,106,52,67,73,116,10" hai1="33,57,125,78,3,127,75,32,74,42,21,112,22" hai2="76,34,56,58,31,66,64,41,29,100,79,121,30" hai3="8,90,59,24,36,94,114,37,83,35,61,134,87"/><T135/><D106/><U70/><E70/><V11/><F34/><N who="1" m="13417" /><E3/><V17/><F121/><W49/><G114/><T6/><D116/><U85/><E112/><V118/><F118/><W101/><G49/><T38/><D38/><U91/><E42/><V13/><F41/><W19/><G35/><T113/><D73/><N who="1" m="27659" /><E57/><N who="2" m="22123" /><F100/><W55/><G8/><T45/><D113/><U15/><E15/><V123/><F123/><W108/><G108/><T93/><D65/><AGARI ba="0,0" hai="11,13,17,29,30,31,64,65,66,76,79" m="22123" machi="65" ten="30,1000,0" yaku="8,1" doraHai="129" who="2" fromWho="0" sc="250,-10,250,0,250,10,250,0" /><INIT seed="1,0,0,0,4,94" ten="240,250,260,250" oya="1" hai0="90,126,69,65,115,120,22,18,56,103,60,83,68" hai1="80,66,78,82,61,15,113,121,125,39,41,21,118" hai2="52,114,116,92,77,85,4,5,134,9,102,130,59" hai3="67,43,96,11,38,122,2,91,110,57,88,106,98"/><U35/><E113/><V58/><F116/><W1/><G122/><T70/><D115/><U132/><E118/><V95/><F114/><W101/><G43/><T79/><D120/><U75/><E121/><V99/><F134/><W72/><G38/><T40/><D126/><U76/><E35/><V109/><F109/><W51/><G72/><T3/><D3/><U49/><E39/><V26/><F130/><W13/><G110/><T111/><D40/><U48/><E132/><V84/><F58/><W33/><G33/><T14/><D103/><U37/><E125/><V62/><F26/><W87/><G96/><T29/><D29/><U135/><E135/><V31/><F31/><W129/><G129/><T128/><D128/><U93/><E93/><V50/><F9/><W133/><G133/><T16/><D90/><U46/><E15/><V119/><F62/><W7/><G91/><T17/><REACH who="0" step="1"/><D111/><REACH who="0" ten="230,250,260,250" step="2"/><U10/><E41/><V6/><F119/><W24/><G2/><T105/><D105/><U55/><E76/><V25/><F77/><W36/><G1/><T23/><D23/><U123/><E21/><V32/><F32/><W63/><G36/><T89/><D89/><U19/><E123/><V74/><F102/><W20/><G101/><T44/><D44/><U131/><E131/><V8/><F8/><W112/><G112/><T124/><D124/><U53/><E37/><V73/><F95/><N who="3" m="54687" /><G106/><T64/><D64/><U81/><E10/><V97/><F92/><W127/><G127/><T104/><D104/><U27/><E78/><V47/><F47/><W100/><G100/><RYUUKYOKU ba="0,1" sc="230,30,250,-10,260,-10,250,-10" hai0="14,16,17,18,22,56,60,65,68,69,70,79,83" /><INIT seed="2,1,1,4,0,56" ten="260,240,250,240" oya="2" hai0="98,70,127,37,55,67,11,128,104,50,24,20,16" hai1="41,4,44,45,123,99,69,132,62,31,135,102,59" hai2="60,30,100,12,27,10,73,118,42,89,91,125,19" hai3="35,133,107,33,124,121,22,47,74,116,88,48,85"/><V64/><F118/><W130/><G121/><T21/><D37/><U34/><E123/><V65/><F73/><W51/><G107/><T57/><D127/><U109/><E69/><V81/><F125/><W97/><G97/><T83/><D128/><U32/><E109/><V103/><F42/><W82/><G74/><T5/><D83/><U1/><E4/><V68/><F65/><W75/><G75/><T80/><D80/><U117/><E1/><V54/><F54/><W46/><G130/><T95/><D104/><N who="1" m="63583" /><E117/><V53/><F53/><W108/><G108/><T49/><D21/><U38/><E44/><V3/><F3/><W0/><G0/><T52/><D67/><N who="1" m="39391" /><E31/><V92/><F81/><W9/><G9/><T101/><D70/><U13/><E13/><V2/><F2/><W71/><G71/><T134/><D11/><U29/><E29/><V114/><F114/><W86/><G124/><T119/><D5/><U77/><E77/><V58/><F68/><W63/><G63/><T126/><D126/><U129/><E129/><V76/><F76/><W110/><G110/><T26/><D26/><U90/><E90/><V96/><F100/><W112/><G112/><T6/><D6/><U111/><E111/><V36/><F36/><W7/><G7/><T78/><D78/><U115/><E115/><V120/><F120/><W72/><G72/><T84/><D84/><U39/><E39/><V15/><F15/><W43/><G116/><T25/><D25/><U8/><E8/><V28/><F28/><W61/><G86/><T17/><D119/><U40/><E40/><RYUUKYOKU ba="1,1" sc="260,-15,240,15,250,15,240,-15" hai1="32,34,38,41,45,132,135" hai2="10,12,19,27,30,58,60,64,89,91,92,96,103" /><INIT seed="2,2,1,3,1,16" ten="245,255,265,225" oya="2" hai0="83,69,34,33,78,96,42,60,89,67,4,100,107" hai1="71,63,38,95,49,73,124,117,104,91,37,122,30" hai2="76,5,39,15,57,101,10,84,54,109,64,62,108" hai3="27,87,61,9,113,19,3,77,75,112,41,59,120"/><V24/><F39/><W47/><G120/><T11/><D42/><U114/><E117/><V127/><F101/><W1/><G75/><T40/><D40/><U50/><E114/><N who="3" m="44138" /><G87/><T131/><D131/><U97/><E73/><V103/><F103/><W118/><G77/><T116/><D89/><U68/><E104/><V66/><F127/><W99/><G99/><T123/><D123/><U58/><E124/><V14/><F14/><N who="3" m="7631" /><G27/><T88/><D116/><U45/><E122/><V105/><F105/><W111/><G111/><N who="2" m="42569" /><F24/><W13/><G13/><T7/><D88/><U51/><E38/><V81/><AGARI ba="2,1" hai="5,10,15,54,57,62,64,66,76,81,84" m="42569" machi="81" ten="30,3000,0" yaku="14,1,10,1" doraHai="16" who="2" fromWho="2" sc="245,-12,255,-12,265,46,225,-12" /><INIT seed="2,3,0,3,5,64" ten="233,243,311,213" oya="2" hai0="14,37,75,33,51,105,96,25,34,99,46,56,98" hai1="44,101,81,72,107,86,58,76,128,10,112,110,17" hai2="132,113,120,26,9,77,18,22,53,7,124,94,78" hai3="35,48,36,133,13,67,123,69,55,100,16,126,93"/><V3/><F113/><W24/><G36/><T111/><D75/><U97/><E112/><V66/><F120/><W21/><G123/><T88/><D111/><U116/><E116/><V50/><F124/><W2/><G2/><T62/><D37/><U91/><E110/><V117/><F132/><W82/><G133/><T118/><D118/><U73/><E128/><V57/><F117/><W28/><G126/><T49/><D49/><U131/><E131/><V39/><F39/><W102/><G82/><T68/><D68/><U45/><E73/><V80/><F94/><W65/><G65/><T5/><D105/><U12/><REACH who="1" step="1"/><E58/><REACH who="1" ten="233,233,311,213" step="2"/><V31/><F66/><W40/><G93/><AGARI ba="3,1" hai="10,12,17,44,45,72,76,81,86,91,93,97,101,107" machi="93" ten="30,12000,2" yaku="1,1,2,1,7,1,24,2,53,1" doraHai="64" doraHaiUra="6" who="1" fromWho="3" sc="233,0,233,139,311,0,213,-129" /><INIT seed="3,0,0,2,3,45" ten="233,372,311,84" oya="3" hai0="70,135,130,80,84,53,133,99,111,24,67,91,121" hai1="52,34,102,54,63,3,85,110,49,36,6,92,62" hai2="134,44,87,66,55,61,47,93,71,50,43,26,114" hai3="127,59,95,65,131,8,129,41,27,119,120,109,15"/><W82/><G120/><T75/><D121/><U18/><E36/><V132/><F93/><W38/><G119/><T42/><D111/><U97/><E34/><V89/><F87/><W28/><G127/><T96/><D130/><N who="3" m="49673" /><G109/><T51/><D42/><U0/><E110/><V100/><F100/><W29/><G82/><T30/><D67/><U17/><E3/><V33/><F89/><W73/><G73/><T124/><D70/><U64/><E6/><V40/><F26/><W126/><G126/><T25/><D75/><U122/><E0/><V98/><F98/><N who="0" m="37418" /><D30/><U115/><E115/><V123/><F33/><W83/><G83/><T116/><D116/><U31/><E31/><V107/><F107/><W9/><G95/><T125/><D24/><U105/><E122/><V108/><F123/><W113/><G113/><T106/><D25/><U39/><E105/><V37/><F108/><W12/><G27/><T104/><D104/><U22/><E92/><V69/><F114/><W101/><G101/><T90/><D90/><U1/><E102/><V16/><F16/><N who="3" m="8199" /><G41/><T13/><D106/><U88/><E97/><V117/><F117/><W7/><G38/><T103/><D103/><U76/><E39/><N who="2" m="21535" /><F71/><W77/><G77/><T23/><D125/><U19/><E76/><V21/><F21/><W4/><G4/><T128/><D135/><U74/><E22/><V46/><AGARI ba="0,0" hai="37,43,46,47,50,55,61,66,69,132,134" m="21535" machi="46" ten="30,4000,0" yaku="34,2,52,1" doraHai="45" who="2" fromWho="2" sc="233,-10,372,-10,311,40,84,-20" owari="223,-18.0,362,47.0,351,15.0,64,-44.0" /></mjloggm>