<mjloggm ver="2.3"><GO type="97" lobby="0"/><UN n0="%E3%82%B9%E3%83%86%E3%83%AB%E3%82%B9%E3%81%AA%E3%82%93%E3%81%A8%E3%81%8B" n1="%E7%B4%84%E6%9D%9F%E3%81%AE%E6%97%A5" n2="%E5%B0%B1%E6%B4%BB%E7%94%9F%40%E5%B7%9D%E6%9D%91%E8%BB%8D%E5%9B%A3" n3="%E3%82%B3%E3%83%AB%E3%83%9C" dan="13,15,15,14" rate="1855.22,2005.56,2022.71,1926.65" sx="M,M,M,M"/><TAIKYOKU oya="0"/><INIT seed="0,0,0,0,2,100" ten="250,250,250,250" oya="0" hai0="32,122,28,29,95,39,36,80,67,98,37,13,2" hai1="24,3,90,111,79,73,135,19,40,107,134,51,56" hai2="120,48,68,75,63,113,45,14,11,126,128,97,74" hai3="131,4,106,44,60,130,78,26,9,115,6,81,55"/><T0/><D122/><U91/><E3/><V53/><F120/><W70/><G115/><T33/><D67/><U41/><E73/><V112/><F126/><W71/><G26/><T123/><D123/><U31/><E79/><V49/><F128/><N who="3" m="49195" /><G4/><T108/><D80/><U52/><E111/><V83/><F49/><N who="3" m="29095" /><G60/><T16/><D29/><U87/><E19/><V8/><F8/><W15/><G106/><T110/><D28/><U23/><E107/><V102/><F83/><W96/><G96/><T22/><D110/><U43/><REACH who="1" step="1"/><E87/><AGARI ba="0,0" hai="6,9,15,70,71,78,81,87" m="29095,49195" machi="87" ten="30,1000,0" yaku="19,1" doraHai="100" who="3" fromWho="1" sc="250,0,250,-10,250,0,250,10" /><INIT seed="1,0,0,1,1,77" ten="250,240,250,260" oya="1" hai0="9,43,4,89,56,122,99,25,20,115,90,119,135" hai1="61,76,16,21,75,33,93,97,41,132,74,114,59" hai2="68,127,30,47,12,130,31,134,86,121,113,37,27" hai3="109,83,80,8,5,116,50,105,65,118,124,42,40"/><U29/><E114/><V24/><F68/><W102/><G124/><T22/><D119/><N who="3" m="45609" /><G109/><T60/><D115/><U23/><E33/><V110/><F113/><W45/><G65/><T87/><D43/><U36/><E41/><V1/><F1/><N who="3" m="47" /><G40/><T85/><D85/><U73/><E36/><V131/><F121/><W51/><G51/><T13/><D122/><U66/><E132/><V96/><F37/><W84/><G84/><T57/><D57/><U95/><E29/><N who="2" m="10763" /><F47/><W129/><G129/><N who="2" m="49161" /><F86/><W103/><G105/><T44/><D44/><U88/><E21/><V79/><F79/><W69/><G69/><T106/><D106/><U35/><E35/><V101/><F110/><W0/><G0/><T82/><D135/><U7/><E7/><V52/><F127/><W14/><G14/><T15/><D15/><U58/><E58/><V126/><F12/><W112/><G112/><T98/><D25/><U48/><E48/><V91/><F134/><W3/><G3/><T26/><D26/><U32/><E32/><V117/><F117/><W128/><G128/><T94/><REACH who="0" step="1"/><D99/><REACH who="0" ten="240,240,250,260" step="2"/><U111/><E111/><V34/><F27/><W54/><G42/><T53/><AGARI ba="0,1" hai="4,9,13,20,22,53,56,60,82,87,89,90,94,98" machi="53" ten="20,12000,2" yaku="1,1,2,1,0,1,7,1,8,1,52,1,53,0" doraHai="77" doraHaiUra="46" who="0" fromWho="0" sc="240,130,240,-60,250,-30,260,-30" /><INIT seed="2,0,0,4,1,131" ten="370,180,220,230" oya="2" hai0="101,12,82,70,96,95,87,47,78,9,40,55,31" hai1="3,26,60,123,48,27,66,81,125,106,89,32,21" hai2="71,92,113,24,80,56,59,7,114,98,13,120,61" hai3="99,74,51,65,20,49,93,128,110,90,97,118,34"/><V25/><F120/><W19/><G118/><T88/><D70/><U76/><E123/><V35/><F71/><W18/><G128/><T44/><D31/><U22/><E3/><V1/><F1/><W85/><G34/><T119/><D55/><U73/><E48/><V127/><F127/><W86/><G74/><T69/><D69/><U37/><E37/><V15/><F80/><W41/><G110/><T46/><D119/><U16/><E125/><V135/><F35/><W105/><G65/><T133/><D133/><U43/><E32/><V121/><F121/><W134/><G134/><T129/><D129/><U83/><E43/><V64/><F135/><W11/><G105/><T109/><D109/><U54/><E106/><V0/><F0/><W53/><G99/><T116/><D116/><U84/><E54/><V57/><F113/><W33/><G33/><T111/><D111/><U4/><E4/><V124/><F124/><W112/><G41/><T42/><D78/><U117/><E117/><V103/><F114/><W104/><G104/><T38/><D38/><U30/><E66/><V107/><F107/><W122/><G51/><T14/><D14/><N who="2" m="5130" /><F7/><AGARI ba="0,0" hai="7,9,12,40,42,44,46,47,82,87,88,95,96,101" machi="7" ten="40,2600,0" yaku="8,1,54,1" doraHai="131" who="0" fromWho="2" sc="370,26,180,0,220,-26,230,0" /><INIT seed="3,0,0,2,0,32" ten="396,180,194,230" oya="3" hai0="116,135,106,131,73,23,124,93,111,52,69,125,70" hai1="13,83,134,60,31,103,12,123,3,122,130,61,127" hai2="26,33,63,48,47,62,128,53,34,113,79,9,8" hai3="2,22,55,94,42,57,121,66,72,75,38,132,6"/><W44/><G121/><T18/><D106/><U77/><E103/><V7/><F113/><W80/><G132/><T24/><D116/><U15/><E134/><V28/><F128/><W96/><G66/><T118/><D118/><U95/><E130/><V110/><F110/><W54/><G22/><T56/><D73/><U64/><E95/><V40/><F34/><W1/><G54/><T35/><D35/><U107/><E107/><V81/><F53/><W85/><G6/><T43/><D43/><U46/><E127/><N who="0" m="48713" /><D111/><U100/><E100/><V102/><F102/><W58/><G58/><T105/><D105/><U39/><E31/><V78/><F78/><W59/><G59/><T112/><D112/><U30/><E30/><V14/><F9/><W115/><G115/><T50/><D131/><U76/><E46/><V68/><F68/><W65/><G65/><T16/><D18/><U119/><E39/><V21/><F33/><W10/><G10/><T20/><D20/><U11/><E119/><V90/><F90/><N who="3" m="55383" /><G75/><AGARI ba="0,0" hai="7,8,14,21,26,28,40,47,48,62,63,75,79,81" machi="75" ten="30,1000,0" yaku="7,1" doraHai="32" who="2" fromWho="3" sc="396,0,180,0,194,10,230,-10" owari="396,50.0,180,-32.0,204,-20.0,220,2.0" /></mjloggm>