<mjloggm ver="2.3"><GO type="97" lobby="0"/><UN n0="%42%52%45%45%56" n1="%E5%B0%B1%E6%B4%BB%E7%94%9F%40%E5%B7%9D%E6%9D%91%E8%BB%8D%E5%9B%A3" n2="%E9%83%A1%E5%B1%B1%E7%83%88%E7%81%AB" n3="%45%4D%43%32" dan="15,15,14,14" rate="1978.21,2008.05,1903.69,1989.70" sx="M,M,M,M"/><TAIKYOKU oya="0"/><INIT seed="0,0,0,4,5,63" ten="250,250,250,250" oya="0" hai0="91,24,13,71,20,57,53,122,56,52,78,69,115" hai1="130,108,123,43,8,37,127,121,21,29,74,1,134" hai2="32,44,28,39,4,42,85,109,66,2,7,116,18" hai3="125,94,133,65,95,49,0,99,68,54,48,131,77"/><T90/><D122/><U38/><E74/><V110/><F85/><W70/><G0/><T47/><D78/><U75/><E75/><V58/><F116/><W5/><G77/><T82/><D13/><U40/><E1/><V35/><F18/><W22/><G5/><T34/><D34/><U16/><E127/><V79/><F79/><W17/><G125/><T30/><D47/><U92/><E108/><N who="2" m="41579" /><F28/><W11/><G11/><T25/><D115/><U117/><E117/><V45/><F45/><W88/><G133/><T112/><D112/><U96/><E134/><V26/><F26/><W80/><G131/><T93/><D82/><U120/><E130/><V9/><F7/><W67/><G70/><T27/><D27/><U118/><E118/><V102/><F102/><N who="3" m="60791" /><G80/><T126/><D126/><U46/><E29/><V107/><F107/><W15/><G68/><T100/><D100/><U113/><E8/><V6/><F4/><W86/><G49/><T73/><D73/><U104/><E104/><V87/><F87/><W55/><G55/><T119/><D119/><U59/><E113/><V101/><F101/><W76/><G76/><T128/><D128/><U50/><E43/><V61/><AGARI ba="0,0" hai="2,6,9,32,35,39,42,44,58,61,66" m="41579" machi="61" ten="30,2000,0" yaku="14,1,52,1" doraHai="63" who="2" fromWho="2" sc="250,-10,250,-5,250,20,250,-5" /><INIT seed="1,0,0,2,0,30" ten="240,245,270,245" oya="1" hai0="76,4,47,19,122,20,0,104,14,49,106,26,5" hai1="96,24,75,28,40,43,63,11,97,36,71,95,56" hai2="90,38,13,109,135,67,132,31,46,72,48,94,27" hai3="128,89,70,29,120,45,1,126,2,115,61,111,65"/><U125/><E71/><V54/><F72/><W124/><G120/><T110/><D110/><U121/><E75/><V131/><F109/><W91/><G115/><T10/><D122/><U9/><E125/><N who="3" m="48234" /><G111/><T44/><D76/><U88/><E121/><V7/><F38/><W79/><G79/><T55/><D5/><U81/><E81/><V78/><F78/><W87/><G128/><T3/><D3/><N who="3" m="1033" /><G29/><T74/><D74/><U85/><E11/><V6/><F67/><W127/><N who="3" m="48242" /><W66/><DORA hai="130" /><G66/><T134/><D134/><N who="2" m="51242" /><F13/><W86/><G45/><T98/><D47/><U99/><E9/><V119/><F119/><W35/><G35/><T52/><D0/><U23/><REACH who="1" step="1"/><E36/><REACH who="1" ten="240,235,270,245" step="2"/><V100/><F131/><W25/><G25/><T18/><D10/><U93/><E93/><V12/><F12/><W8/><G8/><T69/><D14/><U15/><E15/><V107/><F107/><W113/><G113/><T16/><D106/><U92/><E92/><V118/><F118/><W68/><G68/><T83/><D104/><U112/><E112/><V32/><F100/><W41/><G41/><T22/><D26/><U62/><E62/><V129/><F129/><W101/><G101/><T17/><D4/><U108/><E108/><V102/><F102/><W133/><G133/><T64/><D69/><U34/><E34/><V21/><F21/><W84/><AGARI ba="0,1" hai="61,65,70,84,86,87,89,91" m="1033,48242" machi="84" ten="50,1600,0" yaku="18,1" doraHai="30,130" who="3" fromWho="3" sc="240,-4,235,-8,270,-4,245,26" /><INIT seed="2,0,0,2,5,115" ten="236,227,266,271" oya="2" hai0="121,42,19,71,74,129,95,33,86,135,103,131,82" hai1="30,127,92,118,114,133,51,119,63,108,93,126,122" hai2="49,106,81,70,12,47,5,26,109,15,125,113,132" hai3="29,45,61,94,57,101,66,21,25,69,68,75,59"/><V64/><F113/><W55/><G75/><T32/><D71/><U1/><E1/><V134/><F106/><W27/><G45/><T3/><D3/><U65/><E114/><V79/><F26/><N who="3" m="16591" /><G69/><T8/><D121/><U83/><E122/><V111/><F5/><W85/><G68/><T22/><D8/><U73/><E30/><V87/><F64/><W10/><G10/><T31/><D74/><U11/><E11/><V38/><F70/><W43/><G43/><T50/><D42/><U102/><E51/><V80/><F38/><W40/><G40/><T28/><D28/><U53/><E65/><V56/><F56/><W60/><G85/><T44/><D44/><U96/><E108/><N who="2" m="41547" /><F81/><W89/><G89/><T105/><D105/><N who="1" m="63687" /><E133/><N who="2" m="51307" /><F125/><N who="1" m="47625" /><E63/><V62/><F62/><W14/><G14/><T34/><D135/><U107/><E53/><AGARI ba="0,0" hai="12,15,47,49,53,79,80,87" m="51307,41547" machi="53" ten="30,5800,0" yaku="14,1,10,1,20,1" doraHai="115" who="2" fromWho="1" sc="236,0,227,-58,266,58,271,0" /><INIT seed="2,1,0,0,0,8" ten="236,169,324,271" oya="2" hai0="117,20,129,12,116,67,81,17,60,97,108,21,68" hai1="91,88,110,77,118,59,51,38,90,70,107,119,100" hai2="4,114,0,93,45,16,111,13,66,62,27,41,9" hai3="54,33,120,15,72,65,19,31,122,121,10,47,55"/><V87/><F114/><W24/><G72/><T53/><D108/><U124/><E70/><V64/><F111/><W80/><G65/><T112/><D112/><U26/><E38/><V69/><F66/><W84/><REACH who="3" step="1"/><G47/><REACH who="3" ten="236,169,324,261" step="2"/><T85/><D129/><U49/><E110/><V6/><F45/><W113/><G113/><T94/><D53/><U46/><E124/><V63/><F41/><W75/><G75/><T92/><D117/><U86/><E118/><V57/><F0/><W106/><G106/><T37/><D116/><U123/><E119/><V39/><F39/><W42/><G42/><T96/><D37/><U28/><E123/><V58/><F69/><W23/><G23/><T40/><D40/><U135/><E135/><V29/><F58/><W99/><G99/><T101/><D21/><U79/><E59/><V103/><F63/><W78/><AGARI ba="1,1" hai="10,15,19,24,31,33,54,55,78,80,84,120,121,122" machi="78" ten="30,4000,0" yaku="1,1,0,1,52,1,53,0" doraHai="8" doraHaiUra="95" who="3" fromWho="3" sc="236,-11,169,-11,324,-21,261,53" /><INIT seed="3,0,0,5,4,81" ten="225,158,303,314" oya="3" hai0="117,82,103,14,57,99,90,119,42,102,88,132,94" hai1="11,64,35,110,49,51,67,2,30,80,108,121,17" hai2="85,131,66,16,62,32,26,86,118,52,47,113,5" hai3="123,20,50,22,97,6,125,73,58,107,59,13,77"/><W55/><G123/><T84/><D42/><U115/><E115/><V4/><F118/><N who="0" m="45066" /><D57/><U28/><E121/><V46/><F113/><W33/><G33/><T78/><D14/><U27/><E80/><V133/><F32/><W61/><G6/><N who="2" m="2665" /><F133/><W53/><G13/><T7/><D7/><U96/><E2/><V69/><F69/><W15/><G15/><T92/><D132/><U25/><E96/><AGARI ba="0,0" hai="78,82,84,88,90,92,94,96,99,102,103" m="45066" machi="96" ten="30,7700,0" yaku="34,2,52,1,54,1" doraHai="81" who="0" fromWho="1" sc="225,77,158,-77,303,0,314,0" owari="302,-10.0,81,-42.0,303,10.0,314,42.0" /></mjloggm>