<mjloggm ver="2.3"><GO type="169" lobby="0"/><UN n0="%73%65%69%6C" n1="%E3%82%84%E3%81%9F%E3%82%B1%E3%83%B3" n2="%E3%81%A9%E3%81%B0%E3%81%A8%E3%81%A1%E3%82%83%E3%82%93" n3="%E3%82%A6%E3%83%AB%E3%83%88%E3%83%A9%E7%AB%8B%E7%9B%B4" dan="16,17,17,17" rate="2141.84,2232.80,2114.40,2212.82" sx="M,M,F,M"/><TAIKYOKU oya="0"/><INIT seed="0,0,0,3,4,125" ten="250,250,250,250" oya="0" hai0="25,43,15,54,110,68,134,45,57,58,102,83,53" hai1="8,1,96,111,126,50,95,94,18,66,36,4,92" hai2="49,108,7,19,129,5,38,34,61,12,62,27,74" hai3="16,2,71,133,119,52,73,26,114,11,39,37,103"/><T40/><D68/><U59/><E36/><V128/><F38/><W48/><G71/><T6/><D134/><U93/><E126/><V55/><F74/><W100/><G73/><T33/><D110/><U77/><E77/><V31/><F108/><W85/><G114/><T0/><D0/><U118/><E118/><V51/><F62/><W10/><G119/><T65/><D102/><U28/><E28/><V99/><F99/><W117/><G133/><T69/><D69/><U56/><E111/><V88/><F88/><W32/><G32/><T42/><D65/><U23/><E66/><V82/><F82/><W107/><G107/><T124/><D124/><U67/><E50/><V72/><F61/><W87/><G2/><T106/><D106/><U132/><E67/><V120/><F120/><W127/><G127/><T64/><D64/><U24/><REACH who="1" step="1"/><E132/><REACH who="1" ten="250,240,250,250" step="2"/><V81/><F51/><W30/><G30/><T116/><D116/><U109/><E109/><V9/><F72/><W78/><G78/><T91/><D42/><U60/><E60/><V86/><F49/><W112/><G39/><T98/><D40/><U70/><E70/><V105/><F55/><W130/><G52/><T75/><D53/><U47/><E47/><V122/><F122/><W20/><G48/><T101/><D54/><U131/><E131/><V123/><F123/><W113/><G130/><T44/><D45/><U84/><E84/><N who="3" m="32330" /><G37/><T22/><D43/><U46/><E46/><V35/><F129/><W115/><G117/><T104/><D44/><U17/><E17/><V21/><F128/><W76/><G76/><RYUUKYOKU ba="0,1" sc="250,-15,240,15,250,-15,250,15" hai1="1,4,8,18,23,24,56,59,92,93,94,95,96" hai3="10,11,16,20,26,100,103,112,113,115" /><INIT seed="1,1,1,0,1,18" ten="235,255,235,265" oya="1" hai0="71,69,118,4,15,95,126,64,17,9,119,44,13" hai1="56,114,61,40,94,111,57,107,43,53,63,5,102" hai2="89,24,45,109,60,36,11,0,108,127,16,121,123" hai3="122,101,31,103,79,129,35,110,90,12,10,20,32"/><U2/><E107/><V3/><F60/><W131/><G79/><T7/><D126/><U133/><E114/><V26/><F89/><W81/><G122/><N who="2" m="46601" /><F45/><W55/><G55/><T125/><D125/><U84/><E133/><V42/><F42/><W86/><G35/><T100/><D44/><U70/><E70/><V33/><F36/><W99/><G32/><T48/><D48/><U98/><E111/><N who="2" m="42571" /><F127/><W25/><G110/><T28/><D64/><U39/><E39/><V65/><F65/><W76/><G90/><T106/><D100/><U68/><E68/><V58/><F58/><W51/><G51/><T21/><D71/><U14/><E84/><V115/><F115/><W8/><G103/><T112/><D112/><U91/><E102/><V37/><F37/><W78/><G78/><T120/><D120/><U46/><E2/><N who="2" m="555" /><F33/><W67/><G99/><T117/><D69/><U72/><E72/><V19/><F11/><W85/><G85/><T116/><D116/><U1/><E1/><V97/><F97/><W93/><G101/><T23/><D118/><U128/><E46/><V59/><F59/><W34/><G93/><T74/><D9/><N who="3" m="3689" /><G67/><T135/><D117/><U29/><E43/><V38/><F38/><W87/><G87/><T80/><D119/><U83/><E40/><V75/><F75/><W49/><G49/><T124/><D74/><U92/><E92/><V41/><F41/><W105/><G105/><T30/><D106/><U104/><E104/><V134/><F134/><W73/><G73/><T130/><D124/><U22/><E98/><V113/><F113/><RYUUKYOKU ba="1,1" sc="235,-15,255,-15,235,15,265,15" hai2="16,19,24,26" hai3="12,20,25,31,34,76,81,86,129,131" /><INIT seed="2,2,1,5,2,128" ten="220,240,250,280" oya="2" hai0="13,90,69,4,121,10,37,45,1,111,115,11,97" hai1="93,98,52,25,127,117,46,118,22,104,116,81,129" hai2="61,110,58,80,123,34,114,21,100,92,57,7,79" hai3="78,16,103,56,89,31,17,42,86,53,99,35,107"/><V101/><F114/><W55/><G42/><T67/><D121/><U24/><E129/><V9/><F34/><W6/><G78/><T91/><D115/><U48/><E104/><V28/><F123/><W15/><G55/><T30/><D111/><U71/><E71/><V62/><F110/><W88/><G89/><T19/><D30/><U106/><E106/><V70/><F70/><W38/><G38/><T60/><REACH who="0" step="1"/><D97/><REACH who="0" ten="210,240,250,280" step="2"/><U3/><E127/><V14/><F28/><W76/><G31/><T18/><D18/><U39/><E39/><V2/><F2/><W59/><G17/><T73/><D73/><U0/><E3/><V65/><F21/><W94/><G35/><T84/><D84/><U108/><E0/><V33/><F33/><W51/><G6/><T5/><D5/><U66/><E108/><V26/><F26/><W131/><G131/><T134/><D134/><U130/><E130/><V75/><REACH who="2" step="1"/><F92/><REACH who="2" ten="210,240,240,280" step="2"/><W83/><G107/><T119/><D119/><U77/><E22/><V96/><F96/><W124/><G99/><T126/><D126/><U87/><E93/><V32/><F32/><W63/><G124/><T72/><D72/><U12/><E98/><V133/><F133/><W36/><G94/><T8/><D8/><U122/><E122/><V82/><F82/><W44/><G83/><T95/><D95/><U74/><E74/><V125/><F125/><W85/><G15/><T68/><D68/><U132/><E132/><V113/><F113/><W109/><G109/><T23/><D23/><U135/><E135/><V20/><F20/><W40/><G103/><RYUUKYOKU ba="2,3" sc="210,15,240,-15,240,15,280,-15" hai0="1,4,10,11,13,19,37,45,60,67,69,90,91" hai2="7,9,14,57,58,61,62,65,75,79,80,100,101" /><INIT seed="2,3,3,0,2,85" ten="225,225,255,265" oya="2" hai0="131,119,49,37,62,43,112,32,24,35,34,50,52" hai1="56,66,1,117,99,135,68,120,46,124,89,101,77" hai2="53,48,98,19,123,84,11,58,110,45,26,94,128" hai3="21,42,75,113,38,51,65,67,74,20,27,133,81"/><V95/><F123/><W114/><G38/><T87/><D112/><N who="3" m="43113" /><G133/><T8/><D131/><U108/><E117/><V23/><F128/><W69/><G21/><T15/><D37/><U3/><E135/><V9/><F110/><W6/><G6/><T122/><D122/><U103/><E108/><V97/><F84/><W104/><G104/><T29/><D119/><U55/><E120/><V91/><REACH who="2" step="1"/><F45/><REACH who="2" ten="225,225,245,265" step="2"/><N who="3" m="26039" /><G75/><T36/><D87/><U22/><E46/><V71/><F71/><W61/><G74/><T92/><D34/><U118/><E68/><V47/><F47/><W63/><G69/><T86/><D35/><U40/><E118/><V130/><F130/><W72/><G72/><T16/><D36/><U80/><E56/><V5/><F5/><W7/><G7/><T105/><D32/><U18/><E1/><V31/><F31/><N who="3" m="17895" /><G81/><T116/><D116/><U102/><E80/><V129/><F129/><W79/><G79/><T14/><D29/><U76/><E76/><V59/><F59/><W132/><G132/><T100/><D86/><U0/><E77/><V4/><F4/><W12/><G12/><T78/><D15/><U41/><E0/><V109/><F109/><W125/><G125/><T96/><D78/><U60/><E124/><V70/><F70/><W25/><G25/><T115/><D24/><U44/><E3/><V83/><F83/><W126/><G126/><T54/><D115/><U134/><E134/><V121/><F121/><W57/><G57/><T111/><D111/><U17/><E44/><V33/><F33/><W93/><G93/><T10/><D92/><RYUUKYOKU ba="3,4" sc="225,-15,225,-15,245,15,265,15" hai2="9,11,19,23,26,48,53,58,91,94,95,97,98" hai3="61,63,65,67" /><INIT seed="2,4,4,3,3,53" ten="210,210,260,280" oya="2" hai0="20,117,36,64,102,41,27,21,56,110,106,91,125" hai1="73,112,3,123,31,24,6,48,29,113,34,119,111" hai2="23,131,80,126,132,38,114,44,130,47,121,59,12" hai3="39,26,133,45,32,100,58,104,81,86,96,115,66"/><V37/><F114/><W60/><G133/><T19/><D110/><U118/><E73/><V68/><F121/><W85/><G115/><N who="1" m="44106" /><E48/><V77/><F132/><W105/><G105/><T72/><D72/><U10/><E111/><V124/><F68/><W33/><G86/><T70/><D70/><U82/><E82/><V76/><F59/><W25/><G33/><T50/><D36/><N who="2" m="13930" /><F12/><W89/><REACH who="3" step="1"/><G32/><REACH who="3" ten="210,210,260,270" step="2"/><T43/><D106/><U0/><E123/><V11/><F126/><W2/><G2/><N who="1" m="554" /><E29/><V128/><F124/><W57/><G57/><T135/><D56/><U9/><E9/><V120/><F120/><W30/><G30/><T108/><D125/><U78/><E78/><V14/><F77/><W5/><G5/><T16/><D108/><U15/><AGARI ba="4,5" hai="6,10,15,24,31,34,118,119" m="554,44106" machi="15" ten="30,2000,0" yaku="34,2" doraHai="53" who="1" fromWho="1" sc="210,-9,210,82,260,-14,270,-9" /><INIT seed="3,0,0,5,1,122" ten="201,292,246,261" oya="3" hai0="62,58,94,89,101,34,74,128,4,41,104,96,8" hai1="9,102,45,20,21,32,109,133,113,2,77,0,90" hai2="83,35,23,48,54,66,71,15,70,93,110,65,1" hai3="47,44,49,115,86,118,33,14,134,18,119,98,5"/><W59/><G33/><T24/><D128/><U124/><E102/><V87/><F1/><W126/><G115/><T105/><D74/><U80/><E113/><V68/><F35/><W50/><G5/><T108/><D41/><U75/><E32/><V85/><F110/><W72/><G72/><T67/><D108/><U123/><E109/><V16/><F85/><W99/><G126/><T76/><D76/><U95/><E123/><V56/><REACH who="2" step="1"/><F93/><REACH who="2" ten="201,292,236,261" step="2"/><W28/><G86/><T26/><D34/><U19/><E2/><V81/><F81/><W135/><G118/><T84/><D105/><U106/><E95/><V37/><F37/><W73/><G119/><T79/><D79/><AGARI ba="0,1" hai="15,16,23,48,54,56,65,66,68,70,71,79,83,87" machi="79" ten="40,2600,0" yaku="1,1,54,1,53,0" doraHai="122" doraHaiUra="107" who="2" fromWho="0" sc="201,-26,292,0,236,36,261,0" /><INIT seed="4,0,0,3,4,70" ten="175,292,272,261" oya="0" hai0="67,82,64,93,113,11,6,16,24,72,135,58,75" hai1="50,12,21,15,25,103,112,45,59,85,52,31,54" hai2="109,53,87,102,80,123,27,133,46,49,51,60,96" hai3="90,130,97,108,115,92,7,33,19,17,88,84,1"/><T61/><D113/><U32/><E112/><V20/><F109/><W121/><G33/><T124/><D124/><U107/><E32/><V68/><F123/><W9/><G108/><T118/><D118/><U127/><E127/><V2/><F2/><W65/><G115/><T63/><D135/><U55/><E107/><V126/><F133/><W38/><G38/><T94/><D75/><U28/><E103/><V35/><F35/><W42/><G42/><T120/><D120/><U129/><E129/><V74/><F74/><W41/><G41/><T105/><D105/><U44/><E31/><V77/><F51/><W111/><G111/><T56/><D82/><U83/><E45/><V23/><F126/><W132/><G132/><T10/><D72/><U36/><E36/><V37/><F37/><W39/><G39/><T119/><D119/><U128/><E128/><V79/><F79/><W47/><G47/><T98/><D98/><U110/><E110/><V125/><F125/><W62/><G130/><T91/><D91/><N who="1" m="51647" /><E55/><V13/><F13/><W4/><G4/><T5/><REACH who="0" step="1"/><D24/><REACH who="0" ten="165,292,272,261" step="2"/><U22/><E25/><V117/><F27/><W73/><G73/><T81/><D81/><U89/><E89/><V29/><F117/><W30/><G121/><T40/><D40/><U122/><E122/><V104/><F104/><W116/><G116/><T106/><D106/><U43/><E43/><V134/><F96/><W131/><G131/><T3/><D3/><U48/><E28/><V114/><F114/><W69/><G30/><T66/><D66/><U100/><E100/><V18/><F102/><RYUUKYOKU ba="0,1" sc="165,10,292,10,272,-30,261,10" hai0="5,6,10,11,16,56,58,61,63,64,67,93,94" hai1="12,15,21,22,44,48,50,52,54,59" hai3="1,7,9,17,19,62,65,69,84,88,90,92,97" /><INIT seed="4,1,1,2,0,10" ten="175,302,242,271" oya="0" hai0="127,94,7,107,58,106,48,122,103,75,99,115,17" hai1="96,32,23,11,125,61,114,128,89,129,70,74,34" hai2="65,39,47,59,22,120,105,130,28,19,80,44,64" hai3="53,46,86,92,60,87,16,72,108,102,52,9,56"/><T24/><D122/><U0/><E74/><V25/><F120/><W38/><G72/><T113/><D127/><U51/><E125/><V31/><F130/><N who="1" m="50281" /><E114/><N who="0" m="43529" /><D75/><U73/><E73/><V95/><F105/><W116/><G108/><T82/><D82/><U71/><E51/><V67/><F80/><W2/><G2/><T97/><D7/><N who="1" m="1511" /><E23/><V35/><F35/><N who="1" m="13353" /><E61/><V132/><F39/><W117/><G38/><T54/><D97/><U112/><E112/><V55/><F95/><AGARI ba="1,1" hai="70,71,89,95,96" m="13353,1511,50281" machi="95" ten="30,1000,0" yaku="19,1" doraHai="10" who="1" fromWho="2" sc="175,0,302,23,242,-13,271,0" /><INIT seed="5,0,0,3,0,35" ten="175,325,229,271" oya="1" hai0="104,52,105,9,86,59,29,111,24,93,100,106,7" hai1="113,91,101,1,69,71,18,66,43,114,130,61,134" hai2="48,121,49,63,102,119,10,44,45,27,62,6,14" hai3="28,123,55,99,75,83,32,8,120,34,5,64,87"/><U97/><E130/><V90/><F119/><W81/><G64/><T68/><D68/><U67/><E134/><V133/><F121/><W50/><G99/><T22/><D111/><U115/><E43/><V128/><F128/><W19/><G19/><T74/><D74/><U0/><E91/><V132/><F102/><W116/><G116/><T23/><D23/><U11/><E11/><V12/><F27/><W112/><G112/><T36/><D36/><U38/><E38/><V96/><F96/><W57/><G75/><T103/><D86/><U77/><E18/><V4/><F90/><W117/><G117/><T60/><REACH who="0" step="1"/><D93/><REACH who="0" ten="165,325,229,271" step="2"/><N who="1" m="58543" /><E77/><V73/><F73/><W13/><G34/><T108/><D108/><U127/><E127/><V95/><F95/><W54/><G123/><T98/><D98/><U124/><E124/><V17/><F10/><W118/><G120/><T109/><D109/><U110/><E110/><V92/><F92/><W135/><G87/><T56/><D56/><U80/><E80/><V33/><F33/><W39/><G39/><T84/><D84/><U2/><E67/><V107/><F107/><W26/><G118/><T31/><D31/><U25/><E25/><V82/><F82/><W30/><G30/><T20/><D20/><U88/><E88/><V21/><F21/><W15/><G83/><T76/><D76/><U94/><E94/><V51/><F133/><W85/><G135/><T79/><D79/><U126/><E126/><V16/><F132/><W122/><G122/><T65/><D65/><U125/><E125/><V40/><F45/><W46/><G46/><RYUUKYOKU ba="0,1" sc="165,15,325,15,229,-15,271,-15" hai0="7,9,22,24,29,52,59,60,100,103,104,105,106" hai1="0,1,2,61,66,69,71,113,114,115" /><INIT seed="5,1,1,1,3,8" ten="180,340,214,256" oya="1" hai0="109,76,47,79,34,46,49,19,124,66,74,13,56" hai1="61,130,44,108,45,41,14,99,132,125,52,75,83" hai2="73,20,42,105,35,51,4,32,119,87,18,91,10" hai3="104,78,12,23,16,6,43,117,90,31,54,36,24"/><U69/><E125/><V53/><F73/><W7/><G104/><T106/><D109/><U133/><E108/><V58/><F105/><W67/><G78/><T70/><D106/><U68/><E130/><V26/><F42/><W89/><G67/><T64/><D34/><U107/><E83/><V3/><REACH who="2" step="1"/><F119/><REACH who="2" ten="180,340,204,256" step="2"/><W37/><G43/><N who="0" m="24799" /><D124/><U22/><E75/><V115/><F115/><W113/><G117/><T102/><D74/><U134/><E107/><V57/><F57/><W123/><G113/><T21/><D70/><U88/><E69/><V126/><F126/><W121/><G123/><T112/><D112/><U1/><E68/><V81/><AGARI ba="1,2" hai="3,4,10,18,20,26,32,35,51,53,58,81,87,91" machi="81" ten="20,5200,0" yaku="1,1,0,1,7,1,53,1" doraHai="8" doraHaiUra="85" who="2" fromWho="2" sc="180,-14,340,-27,204,75,256,-14" /><INIT seed="6,0,0,2,1,14" ten="166,313,279,242" oya="2" hai0="75,23,44,9,36,47,94,59,129,43,117,41,53" hai1="31,52,106,38,113,63,85,108,109,76,65,86,80" hai2="121,37,16,15,69,82,49,20,13,51,110,10,35" hai3="107,119,123,50,60,73,124,45,40,48,120,95,57"/><V78/><F121/><W92/><G107/><T1/><D129/><U34/><E106/><V8/><F35/><W131/><G73/><T105/><D105/><U81/><E38/><V83/><F37/><W19/><G119/><T56/><D117/><U72/><E72/><V5/><F69/><W4/><G4/><T12/><D75/><U133/><E113/><V96/><F110/><W46/><G131/><T115/><D115/><U26/><E133/><V98/><F20/><W64/><G124/><T93/><D1/><U32/><E32/><V100/><F100/><W89/><G95/><T30/><D23/><U97/><E97/><N who="2" m="37483" /><F78/><W17/><G120/><T68/><D30/><U77/><E52/><V18/><F5/><W61/><G61/><T87/><D68/><AGARI ba="0,0" hai="26,31,34,63,65,68,76,77,80,81,85,86,108,109" machi="68" ten="30,2000,0" yaku="7,1,9,1" doraHai="14" who="1" fromWho="0" sc="166,-20,313,20,279,0,242,0" /><INIT seed="7,0,0,4,5,74" ten="146,333,279,242" oya="3" hai0="69,75,40,62,100,66,127,71,8,115,1,32,54" hai1="99,13,47,10,105,12,131,101,90,20,30,19,72" hai2="113,68,135,15,117,39,97,35,106,83,82,37,81" hai3="14,76,125,63,57,103,84,36,25,7,108,58,31"/><W96/><G36/><T56/><D100/><U6/><E72/><V51/><F35/><W9/><G125/><T86/><D86/><U41/><E131/><V3/><F3/><W85/><G108/><T104/><D104/><U95/><E30/><V126/><F68/><W64/><G58/><T128/><D128/><U114/><E114/><V46/><F117/><W42/><G42/><T48/><D127/><U77/><E77/><V27/><F27/><W23/><REACH who="3" step="1"/><G76/><REACH who="3" ten="146,333,279,232" step="2"/><T78/><D115/><U61/><E61/><V28/><F37/><W55/><G55/><T60/><D32/><U38/><REACH who="1" step="1"/><E90/><REACH who="1" ten="146,323,279,232" step="2"/><V22/><F126/><W118/><G118/><T102/><D102/><U26/><E26/><V18/><F113/><W98/><G98/><T59/><D40/><U33/><E33/><V5/><F97/><W80/><G80/><T24/><D24/><U116/><E116/><V88/><F82/><W122/><G122/><T124/><D124/><U134/><E134/><V123/><F81/><W119/><G119/><T11/><D1/><U94/><AGARI ba="0,2" hai="6,10,12,13,19,20,38,41,47,94,95,99,101,105" machi="94" ten="30,4000,0" yaku="1,1,0,1,53,1" doraHai="74" doraHaiUra="4" who="1" fromWho="1" sc="146,-10,323,60,279,-10,232,-20" owari="136,-36.0,383,48.0,269,7.0,212,-19.0" /></mjloggm>