<mjloggm ver="2.3"><GO type="169" lobby="0"/><UN n0="%E3%82%A6%E3%83%AB%E3%83%88%E3%83%A9%E7%AB%8B%E7%9B%B4" n1="%E8%B5%A4%E6%9C%A8%E3%81%97%E3%81%92%E3%82%8C" n2="%67%69%6A%79%75%74%75" n3="%6B%61%64%75%6B%69%69" dan="16,16,17,16" rate="2107.27,2079.25,2215.32,2114.07" sx="M,M,M,M"/><TAIKYOKU oya="0"/><INIT seed="0,0,0,4,0,29" ten="250,250,250,250" oya="0" hai0="84,91,88,41,48,98,124,113,78,18,5,26,109" hai1="94,134,19,58,45,52,130,95,126,47,60,2,8" hai2="67,77,16,13,131,64,70,117,86,62,9,96,42" hai3="54,93,56,80,128,17,73,115,87,53,99,123,103"/><T37/><D37/><U100/><E134/><V57/><F131/><W135/><G115/><T101/><D113/><U23/><E130/><V102/><F117/><W107/><G123/><T116/><D116/><U92/><E126/><V36/><F36/><W65/><G128/><T111/><D5/><U51/><E100/><V112/><F42/><W81/><G135/><T31/><D18/><U61/><E8/><V119/><F119/><W133/><G133/><T11/><D11/><U108/><E2/><V28/><F28/><W0/><G0/><T63/><D63/><N who="1" m="24139" /><E108/><N who="0" m="41545" /><D124/><U15/><AGARI ba="0,0" hai="15,19,23,45,47,51,52,58,92,94,95" m="24139" machi="15" ten="30,2000,0" yaku="8,1,54,1" doraHai="29" who="1" fromWho="1" sc="250,-10,250,20,250,-5,250,-5" /><INIT seed="1,0,0,1,5,6" ten="240,270,245,245" oya="1" hai0="72,126,53,42,65,41,49,26,58,38,47,1,133" hai1="45,55,81,10,77,64,100,106,48,129,120,28,61" hai2="36,99,39,102,34,116,67,15,56,44,73,9,50" hai3="29,80,123,87,25,109,66,30,127,78,83,24,128"/><U117/><E117/><V130/><F34/><W97/><G109/><T75/><D126/><U91/><E120/><V94/><F73/><W51/><G127/><T69/><D133/><U76/><E28/><V118/><F130/><W96/><G128/><T52/><D1/><U104/><E129/><V111/><F111/><W79/><G123/><T23/><D42/><U46/><E46/><V110/><F110/><W70/><G70/><T95/><D53/><U0/><E91/><V14/><F118/><W107/><G66/><T59/><D58/><U33/><E33/><V71/><F71/><W3/><G3/><T5/><D5/><U101/><E104/><V125/><F125/><W4/><G4/><T35/><D95/><U57/><E0/><V134/><F15/><W115/><G51/><T32/><D35/><U27/><E27/><V19/><F134/><W112/><G87/><T17/><REACH who="0" step="1"/><D32/><REACH who="0" ten="230,270,245,245" step="2"/><U2/><E2/><V121/><F121/><W16/><G107/><T119/><D119/><U135/><E106/><V31/><F116/><W60/><G60/><AGARI ba="0,1" hai="17,23,26,38,41,47,49,52,59,60,65,69,72,75" machi="60" ten="40,8000,1" yaku="1,1,24,2,54,1,53,1" doraHai="6" doraHaiUra="18" who="0" fromWho="3" sc="230,90,270,0,245,0,245,-80" /><INIT seed="2,0,0,1,4,102" ten="320,270,245,165" oya="2" hai0="100,63,50,93,131,117,16,72,118,6,113,88,71" hai1="25,55,135,4,54,39,108,9,42,94,132,107,106" hai2="65,38,15,126,122,67,26,37,48,90,61,112,82" hai3="31,35,115,40,89,44,46,59,74,114,56,81,33"/><V123/><F15/><W51/><G31/><T13/><D72/><U45/><E108/><V12/><F12/><W120/><G120/><N who="2" m="46121" /><F26/><W97/><G97/><T64/><D6/><U84/><E25/><V119/><F90/><W130/><G130/><T11/><D113/><N who="3" m="43017" /><G89/><T32/><D32/><N who="3" m="12361" /><G46/><T125/><D131/><U29/><E29/><V14/><F14/><W101/><G101/><T69/><D100/><U53/><E94/><V28/><F28/><W124/><G124/><T73/><D125/><U22/><E22/><V86/><F126/><W27/><G27/><T1/><D1/><N who="1" m="143" /><E84/><V58/><F86/><W105/><G105/><T17/><D17/><U80/><E80/><V91/><F82/><W60/><G60/><T62/><D50/><U57/><E57/><N who="2" m="37039" /><F91/><W52/><G40/><T109/><D73/><U41/><E41/><V79/><F112/><W19/><G19/><T68/><D16/><U77/><E77/><AGARI ba="0,0" hai="44,51,52,56,59,74,77,81" m="12361,43017" machi="77" ten="30,2000,0" yaku="11,1,54,1" doraHai="102" who="3" fromWho="1" sc="320,0,270,-20,245,0,165,20" /><INIT seed="3,0,0,5,5,52" ten="320,250,245,185" oya="3" hai0="107,87,80,11,122,12,124,83,121,72,101,63,5" hai1="104,93,19,18,89,40,113,3,66,27,44,74,108" hai2="68,81,55,106,6,128,134,131,82,60,95,100,123" hai3="22,31,58,67,21,4,56,13,38,34,30,75,71"/><W57/><G38/><T135/><D107/><U126/><E113/><V29/><F123/><W1/><G75/><T79/><D101/><U129/><E3/><V23/><F6/><W49/><G71/><T39/><D39/><U37/><E104/><V48/><F106/><W116/><G116/><T20/><D124/><U46/><E126/><V76/><F134/><W91/><G1/><T105/><D105/><U70/><E74/><V8/><F8/><N who="3" m="4231" /><G34/><T127/><D127/><U65/><E129/><V119/><F119/><W51/><G91/><T9/><D9/><U132/><E132/><V96/><F128/><W130/><G130/><T42/><D20/><N who="3" m="7785" /><G67/><T98/><D135/><U115/><E66/><V54/><F131/><W16/><G16/><T33/><D33/><U45/><E65/><V114/><F68/><W111/><G111/><T110/><D110/><U50/><E18/><V62/><F114/><W88/><G88/><T7/><D72/><U47/><E115/><V99/><F99/><W64/><G64/><T103/><D98/><N who="1" m="57647" /><E70/><V78/><F78/><W94/><G94/><T85/><D79/><U36/><E108/><V59/><F76/><W77/><G77/><T86/><D122/><U2/><E2/><V53/><F81/><W43/><G43/><T92/><D42/><U15/><E36/><V10/><F82/><N who="0" m="31274" /><D121/><U117/><E37/><V14/><F10/><W73/><G73/><T109/><D109/><U133/><E133/><V120/><F120/><W32/><G32/><T24/><D92/><U61/><E117/><V118/><F118/><W35/><G35/><RYUUKYOKU ba="0,0" sc="320,-10,250,-10,245,-10,185,30" hai3="30,31,49,51,56,57,58" /><INIT seed="3,1,0,3,4,3" ten="310,240,235,215" oya="3" hai0="82,73,59,56,106,34,88,96,39,89,53,99,0" hai1="41,131,66,14,4,44,42,77,29,32,90,57,27" hai2="109,6,80,28,2,126,120,133,33,83,67,113,94" hai3="112,65,78,79,128,108,103,23,68,18,93,9,58"/><W36/><G68/><T127/><D34/><U11/><E131/><V75/><F75/><W62/><G112/><T111/><D39/><U64/><E77/><V12/><F2/><W71/><G128/><T10/><D106/><U72/><E72/><V24/><F113/><W97/><G36/><T85/><D73/><U25/><E25/><V134/><F120/><W118/><G118/><T52/><D111/><U74/><E74/><V17/><F109/><W101/><G108/><T129/><D127/><U91/><E41/><V37/><F37/><W48/><G9/><T104/><D104/><U102/><E102/><V105/><F105/><W81/><G103/><T5/><D89/><U124/><E124/><V46/><F46/><W132/><G132/><N who="2" m="50793" /><F126/><W1/><G1/><T116/><D116/><U61/><REACH who="1" step="1"/><E66/><REACH who="1" ten="310,230,235,215" step="2"/><V55/><F67/><W13/><G79/><T38/><D129/><U21/><E21/><V121/><F24/><W63/><G65/><T98/><D38/><AGARI ba="1,1" hai="4,11,14,27,29,32,38,42,44,57,61,64,90,91" machi="38" ten="30,3900,0" yaku="1,1,7,1,52,1,53,0" doraHai="3" doraHaiUra="117" who="1" fromWho="0" sc="310,-42,230,52,235,0,215,0" /><INIT seed="4,0,0,0,5,60" ten="268,282,235,215" oya="0" hai0="85,83,106,120,127,6,49,94,128,26,25,115,126" hai1="104,58,123,65,63,0,96,117,103,131,51,100,79" hai2="73,33,47,119,5,27,95,42,10,75,36,105,46" hai3="45,129,61,90,13,20,24,124,9,80,53,134,31"/><T35/><D106/><U15/><E0/><N who="2" m="295" /><F95/><W14/><G124/><N who="0" m="47659" /><D120/><U74/><E117/><V62/><F119/><W77/><G129/><T64/><D128/><U55/><E131/><V67/><F47/><W118/><G134/><T50/><D6/><U84/><E123/><V69/><F105/><W32/><G118/><T2/><D2/><U110/><E110/><V88/><F88/><W4/><G90/><N who="0" m="53583" /><D115/><U107/><E74/><V18/><F18/><W112/><G112/><T89/><D64/><U71/><E104/><V135/><F135/><W70/><G70/><T48/><D35/><U76/><E103/><V40/><F40/><W43/><G32/><T23/><D23/><U22/><E22/><V81/><F81/><W111/><G111/><T92/><D83/><U17/><E107/><V19/><F19/><W121/><G121/><T132/><D132/><U39/><E17/><V86/><F86/><AGARI ba="0,0" hai="25,26,48,49,50,86,89,92" m="53583,47659" machi="86" ten="30,1500,0" yaku="18,1" doraHai="60" who="0" fromWho="2" sc="268,15,282,0,235,-15,215,0" /><INIT seed="4,1,0,1,3,7" ten="283,282,220,215" oya="0" hai0="75,88,129,106,43,54,126,99,113,30,121,4,29" hai1="128,70,86,62,18,34,42,133,105,104,44,114,91" hai2="40,36,17,9,111,50,49,71,10,118,28,25,27" hai3="132,57,73,5,93,13,35,38,116,33,48,122,12"/><T125/><D121/><U101/><E34/><V47/><F111/><W63/><G116/><T56/><D75/><U53/><E133/><V120/><F120/><W45/><G38/><T64/><D64/><U31/><E31/><V107/><F107/><W92/><G73/><T95/><D106/><U55/><E128/><V22/><F71/><W84/><G132/><T41/><D129/><U79/><E79/><V87/><F118/><W110/><G110/><T66/><D66/><U134/><E134/><V115/><F115/><W37/><G37/><T103/><D103/><U83/><E70/><V108/><F108/><W8/><G13/><T0/><D113/><U58/><E114/><V21/><F36/><W131/><G131/><T94/><D95/><U117/><E101/><V2/><F2/><W76/><G122/><T67/><D67/><U124/><E124/><N who="0" m="47721" /><D29/><U77/><E117/><V51/><F51/><W61/><G61/><N who="0" m="35991" /><D30/><U80/><E105/><V119/><F119/><W85/><G35/><T130/><D130/><U3/><E104/><V82/><F50/><W19/><G33/><T60/><D60/><U23/><E62/><V26/><F25/><W15/><G63/><T20/><D20/><U72/><E3/><V89/><AGARI ba="1,0" hai="9,10,17,21,22,26,27,28,40,47,49,82,87,89" machi="89" ten="20,8000,1" yaku="0,1,7,1,8,1,52,2" doraHai="7" who="2" fromWho="2" sc="283,-41,282,-21,220,83,215,-21" /><INIT seed="5,0,0,3,2,92" ten="242,261,303,194" oya="1" hai0="123,131,85,101,74,7,129,106,19,32,16,40,0" hai1="58,124,38,108,70,73,71,87,105,28,12,90,121" hai2="110,52,5,46,113,47,59,2,119,68,36,60,66" hai3="81,9,133,89,126,115,62,91,44,82,10,41,15"/><U26/><E121/><V20/><F110/><W54/><G115/><T43/><D74/><U30/><E38/><V55/><F20/><W77/><G133/><T125/><D32/><U48/><E73/><V53/><F5/><W75/><G126/><T135/><D125/><U22/><E124/><V100/><F100/><W23/><G23/><T109/><D109/><U45/><E105/><V63/><F2/><W132/><G132/><T120/><D7/><U37/><E30/><V122/><F122/><N who="0" m="46634" /><D0/><U65/><E108/><V112/><F119/><W50/><G81/><T14/><D85/><U69/><E12/><V35/><F35/><W84/><G75/><T24/><D24/><U51/><E37/><V83/><F83/><W102/><G102/><T128/><D135/><U93/><REACH who="1" step="1"/><E45/><REACH who="1" ten="242,251,303,194" step="2"/><N who="2" m="16907" /><F36/><W31/><G31/><T88/><D14/><U103/><E103/><V94/><F94/><W116/><G116/><T86/><D101/><U111/><E111/><V56/><F68/><W4/><G10/><T29/><D29/><U67/><E67/><AGARI ba="0,1" hai="52,53,55,56,59,60,63,66,67,112,113" m="16907" machi="67" ten="30,3900,0" yaku="34,2,54,1" doraHai="92" who="2" fromWho="1" sc="242,0,251,-39,303,49,194,0" /><INIT seed="6,0,0,4,4,126" ten="242,212,352,194" oya="2" hai0="26,54,113,70,37,101,112,122,133,2,103,33,15" hai1="74,121,16,67,128,9,34,39,66,12,104,123,56" hai2="100,29,93,57,76,132,28,105,3,23,59,65,88" hai3="129,68,72,111,42,47,6,89,131,79,48,22,41"/><V62/><F3/><W114/><G111/><T7/><D37/><U99/><E74/><V30/><F132/><W36/><G89/><T21/><D70/><U60/><E34/><V58/><F76/><W75/><G22/><T117/><D133/><U38/><E67/><V25/><F100/><N who="0" m="38474" /><D54/><U71/><E104/><V0/><F0/><W90/><G90/><T97/><D97/><U94/><E71/><V116/><F116/><W19/><G19/><N who="0" m="10495" /><D122/><N who="1" m="46603" /><E128/><N who="3" m="49226" /><G114/><T18/><D117/><U13/><E13/><V64/><F105/><W69/><G6/><T124/><D124/><U17/><E17/><N who="2" m="12527" /><F65/><W85/><G85/><AGARI ba="0,0" hai="28,29,30,57,58,59,62,64,85,88,93" m="12527" machi="85" ten="30,2900,0" yaku="8,1,54,1" doraHai="126" who="2" fromWho="3" sc="242,0,212,0,352,29,194,-29" /><INIT seed="6,1,0,3,4,58" ten="242,212,381,165" oya="2" hai0="104,62,120,7,34,57,41,21,77,0,11,103,130" hai1="99,108,46,119,18,123,42,127,89,1,133,122,51" hai2="56,50,24,43,100,78,48,72,66,85,128,83,92" hai3="32,60,40,68,95,39,70,90,117,67,109,31,88"/><V76/><F128/><W107/><G117/><T17/><D130/><U102/><E119/><V3/><F3/><W80/><G107/><T101/><D120/><U14/><E1/><V13/><F72/><W53/><G70/><T22/><D34/><U9/><E108/><V63/><F76/><W106/><G106/><T87/><D41/><U47/><E127/><V111/><F111/><W6/><G109/><T126/><D126/><U61/><E133/><V113/><F113/><W10/><G53/><T118/><D118/><U121/><E47/><V29/><F43/><W73/><G95/><T84/><D22/><U94/><REACH who="1" step="1"/><E61/><REACH who="1" ten="242,202,381,165" step="2"/><V37/><F63/><W124/><G124/><T105/><D62/><U82/><E82/><V12/><F83/><W134/><G134/><T64/><D0/><U35/><E35/><V114/><F114/><W75/><G32/><T49/><D49/><U44/><E44/><V52/><F50/><W5/><G80/><T4/><D4/><U125/><E125/><V38/><F48/><W20/><G6/><T28/><D7/><U71/><E71/><V116/><F116/><W132/><G132/><T69/><D57/><U59/><E59/><V86/><F56/><W131/><G131/><T91/><D69/><U30/><E30/><V54/><F29/><W93/><G39/><T65/><D28/><U45/><E45/><V16/><F37/><W2/><G40/><T8/><D65/><U81/><E81/><V27/><F66/><W19/><G31/><T74/><D64/><U26/><E26/><V79/><F38/><W110/><G110/><RYUUKYOKU ba="1,1" sc="242,-10,202,30,381,-10,165,-10" hai1="9,14,18,42,46,51,89,94,99,102,121,122,123" /><INIT seed="7,2,1,1,5,4" ten="232,232,371,155" oya="3" hai0="32,59,119,135,21,2,8,24,117,126,39,50,26" hai1="77,127,101,55,124,60,29,103,76,13,61,0,134" hai2="123,108,131,121,45,84,97,99,6,71,42,27,85" hai3="48,129,115,36,3,19,98,22,109,66,73,68,75"/><W11/><G115/><T38/><D50/><U95/><E0/><V91/><F108/><W14/><G109/><T20/><D59/><N who="1" m="34943" /><E134/><V70/><F6/><W116/><G116/><T100/><D100/><N who="1" m="38475" /><E29/><V94/><F70/><W90/><G129/><T82/><D82/><U52/><E95/><V102/><F71/><W107/><G36/><T7/><D32/><U15/><E124/><V130/><F130/><W1/><G48/><T69/><D69/><U125/><E125/><V93/><F131/><W23/><G23/><T57/><D57/><N who="1" m="34983" /><E127/><V47/><F93/><W86/><G98/><T79/><D126/><U110/><E110/><V51/><F94/><W49/><G107/><T18/><D135/><U34/><E34/><V67/><F97/><W16/><G49/><T92/><D92/><U87/><E87/><V31/><F84/><W114/><G114/><T83/><D39/><U30/><E30/><V111/><F85/><W132/><G132/><T35/><D35/><U104/><E104/><V25/><F99/><W89/><G3/><T56/><D56/><U54/><E54/><V65/><F111/><W9/><G1/><T120/><D38/><U113/><E113/><V80/><F123/><W12/><G86/><N who="0" m="48511" /><D120/><U72/><E72/><V46/><F121/><W64/><G68/><T88/><D88/><U43/><E43/><V122/><F42/><W33/><G33/><T44/><D44/><U17/><E15/><V78/><F122/><W112/><G112/><T133/><D133/><U118/><E118/><V28/><F46/><W5/><G5/><T63/><D63/><RYUUKYOKU ba="2,1" sc="232,10,232,10,371,-30,155,10" hai0="2,7,8,18,20,21,24,26,117,119" hai1="13,17,76,77" hai3="9,11,12,14,16,19,22,64,66,73,75,89,90" /><INIT seed="7,3,1,5,4,115" ten="242,242,341,165" oya="3" hai0="71,11,114,112,100,60,46,58,67,130,27,51,16" hai1="41,90,22,42,2,65,116,1,5,74,94,17,23" hai2="122,125,91,129,19,85,12,24,35,95,40,93,73" hai3="56,53,106,105,34,21,64,36,7,101,132,111,50"/><W102/><G34/><T117/><D100/><U45/><E74/><V108/><F108/><W127/><G36/><T13/><D130/><U72/><E72/><V96/><F129/><W14/><G111/><T123/><D123/><U0/><E5/><V82/><F122/><W83/><G132/><T119/><D27/><U25/><E65/><V131/><F131/><W20/><G127/><T52/><D46/><U87/><E116/><V133/><F133/><W31/><G106/><T48/><D48/><U47/><E23/><N who="3" m="8778" /><G105/><T98/><D98/><U84/><E84/><V104/><F104/><W107/><G107/><T8/><D8/><U88/><E90/><N who="2" m="55415" /><F125/><W29/><G83/><T37/><D37/><U63/><E63/><V69/><F69/><W55/><G55/><T68/><D68/><U128/><E128/><V121/><F35/><W97/><G64/><T49/><D49/><U32/><E32/><V76/><F73/><W120/><G120/><T126/><D126/><U135/><E135/><V75/><F75/><W92/><G102/><T28/><D28/><U77/><E77/><V110/><F110/><W62/><G62/><T44/><D71/><U118/><E118/><V134/><F134/><W103/><G101/><T70/><D70/><U59/><E59/><V57/><F121/><W39/><G39/><T6/><D6/><U99/><E99/><V89/><F57/><W26/><G26/><T61/><D61/><U79/><E79/><V33/><F24/><W109/><G109/><T4/><D4/><U15/><E25/><V54/><F33/><W86/><G86/><RYUUKYOKU ba="3,1" sc="242,10,242,10,341,-30,165,10" hai0="11,13,16,44,51,52,58,60,67,112,114,117,119" hai1="0,1,2,15,17,22,41,42,45,47,87,88,94" hai3="7,14,29,31,50,53,56,92,97,103" /><INIT seed="7,4,1,2,1,42" ten="252,252,311,175" oya="3" hai0="97,38,33,13,2,100,93,96,130,14,113,43,106" hai1="35,39,92,120,12,63,77,22,87,31,112,118,73" hai2="108,123,24,83,69,133,110,134,29,46,50,67,25" hai3="47,90,7,0,80,30,116,57,115,32,17,66,129"/><W64/><G116/><T18/><D2/><U51/><E39/><V109/><F123/><W61/><G129/><T11/><D33/><U119/><E120/><V88/><F67/><W82/><G115/><T59/><D130/><U6/><E112/><V95/><F83/><W8/><G64/><T102/><D113/><U86/><E35/><V127/><F69/><W122/><G122/><T49/><D38/><U126/><E73/><V3/><F3/><W101/><G101/><T9/><D59/><U99/><E126/><V53/><F127/><W125/><G125/><T21/><D49/><U71/><E51/><V91/><F91/><W98/><G17/><T16/><D43/><U89/><E77/><V56/><F56/><W36/><G36/><T75/><D75/><U19/><E6/><V4/><F4/><W117/><G117/><N who="1" m="44554" /><E31/><V10/><F10/><AGARI ba="4,1" hai="9,10,11,13,14,16,18,21,93,96,97,100,102,106" machi="10" ten="30,2000,0" yaku="7,1,54,1" doraHai="42" who="0" fromWho="2" sc="252,42,252,0,311,-32,175,0" /><INIT seed="8,0,0,4,0,5" ten="294,252,279,175" oya="0" hai0="4,131,83,2,39,10,61,47,70,15,62,19,99" hai1="48,55,26,106,20,6,113,84,53,8,87,94,45" hai2="109,124,11,115,105,57,118,134,3,103,114,107,66" hai3="133,97,9,63,112,120,68,32,51,73,122,50,79"/><T13/><D131/><U128/><E106/><N who="2" m="40459" /><F11/><W60/><G32/><T75/><D70/><U98/><E128/><V121/><F57/><W108/><G108/><T119/><D99/><U0/><E55/><V130/><F66/><W72/><G79/><N who="0" m="44543" /><D119/><U89/><REACH who="1" step="1"/><E113/><REACH who="1" ten="294,242,279,175" step="2"/><V90/><F130/><W21/><G112/><T30/><D30/><AGARI ba="0,1" hai="0,6,8,20,26,30,45,48,53,84,87,89,94,98" machi="30" ten="30,7700,0" yaku="1,1,2,1,7,1,52,1,53,0" doraHai="5" doraHaiUra="76" who="1" fromWho="0" sc="294,-77,242,87,279,0,175,0" owari="217,-18.0,329,42.0,279,8.0,175,-32.0" /></mjloggm>