<mjloggm ver="2.3"><GO type="225" lobby="0"/><UN n0="%E9%87%98%E5%AE%AE%E7%97%85%E6%82%A3%E8%80%85" n1="%E3%83%88%E3%83%88%E3%83%AA%E5%85%88%E7%94%9F%31%39%E6%AD%B3" n2="%74%61%74%73%75%37%30%32" n3="%E2%98%86%E6%A8%AA%E5%B1%B1%E7%94%B1%E4%BE%9D%E2%98%86" dan="16,18,17,16" rate="2203.50,2294.98,2213.12,2067.48" sx="F,F,M,F"/><TAIKYOKU oya="0"/><INIT seed="0,0,0,4,4,8" ten="250,250,250,250" oya="0" hai0="63,135,68,74,102,39,21,24,43,0,37,97,111" hai1="54,58,132,1,15,2,118,82,56,103,26,124,78" hai2="90,27,7,121,36,75,14,99,98,125,60,25,17" hai3="113,18,77,116,66,127,59,20,108,112,105,134,32"/><T92/><D0/><U52/><E118/><V30/><F121/><W45/><G116/><T81/><D135/><U34/><E132/><V5/><F36/><W104/><G134/><T61/><D111/><U12/><E124/><V23/><F75/><W51/><G32/><T83/><D39/><U100/><E34/><V80/><F125/><W76/><G127/><T71/><D71/><U62/><E26/><V84/><F27/><W123/><G108/><T47/><D74/><U114/><E114/><V96/><REACH who="2" step="1"/><F60/><REACH who="2" ten="250,250,240,250" step="2"/><W22/><G123/><T11/><D63/><N who="1" m="36231" /><E2/><V65/><F65/><W106/><G66/><T38/><D38/><U109/><E1/><V67/><F67/><W44/><G113/><T115/><D115/><U16/><E109/><V6/><F6/><W88/><G112/><T64/><REACH who="0" step="1"/><D11/><AGARI ba="0,1" hai="5,7,11,14,17,23,25,30,80,84,90,96,98,99" machi="11" ten="40,5200,0" yaku="1,1,8,1,52,1,53,0" doraHai="8" doraHaiUra="122" who="2" fromWho="0" sc="250,-52,250,0,240,62,250,0" /><INIT seed="1,0,0,2,1,108" ten="198,250,302,250" oya="1" hai0="88,110,105,14,9,44,13,116,19,77,34,10,131" hai1="132,127,74,53,20,97,2,113,29,90,93,0,114" hai2="17,60,100,96,95,120,112,121,15,84,73,69,52" hai3="23,49,28,40,54,11,45,80,64,99,118,1,103"/><U22/><E74/><V50/><F73/><W85/><G118/><T86/><D116/><U117/><E117/><V67/><F112/><W78/><G64/><T4/><D105/><U47/><E132/><V123/><F84/><W55/><G1/><T75/><D110/><U16/><E127/><V12/><REACH who="2" step="1"/><F17/><REACH who="2" ten="198,250,292,250" step="2"/><W27/><REACH who="3" step="1"/><G11/><REACH who="3" ten="198,250,292,240" step="2"/><T48/><D10/><U7/><E114/><V6/><F6/><W111/><G111/><T24/><D4/><U33/><E113/><V70/><F70/><W122/><G122/><T107/><D9/><U57/><E7/><V135/><F135/><W94/><AGARI ba="0,2" hai="23,27,28,40,45,49,54,55,78,80,85,94,99,103" machi="94" ten="20,8000,1" yaku="1,1,0,1,7,1,8,1,53,1" doraHai="108" doraHaiUra="43" who="3" fromWho="3" sc="198,-20,250,-40,292,-20,240,100" /><INIT seed="2,0,0,0,1,26" ten="178,210,272,340" oya="2" hai0="49,124,14,120,121,117,15,24,52,43,131,133,6" hai1="8,83,58,96,122,59,109,75,51,130,78,35,73" hai2="27,70,17,36,7,74,2,55,20,68,126,61,92" hai3="66,128,111,118,18,12,72,13,125,40,127,107,132"/><V69/><F74/><W77/><G118/><T21/><D131/><U41/><E75/><V29/><F36/><W30/><G107/><T100/><D124/><N who="3" m="47689" /><G128/><T104/><D43/><U94/><E130/><V23/><F126/><W95/><G40/><T71/><D71/><U102/><E109/><V106/><F106/><W123/><G111/><T108/><D108/><U31/><E122/><V89/><F7/><W129/><G129/><T39/><D39/><U105/><E8/><V57/><F2/><W81/><G123/><T76/><D76/><U38/><E38/><V90/><REACH who="2" step="1"/><F92/><REACH who="2" ten="178,210,262,340" step="2"/><W46/><G95/><T88/><D120/><U84/><E73/><V134/><F134/><W11/><G132/><T80/><D133/><U135/><E105/><V1/><F1/><W86/><G72/><T4/><D121/><U99/><E135/><V19/><F19/><W5/><G18/><N who="0" m="12343" /><D104/><U42/><E94/><V62/><F62/><W119/><G5/><N who="0" m="2155" /><D117/><U45/><E51/><V47/><F47/><W56/><G46/><N who="0" m="27703" /><D100/><U33/><E102/><V87/><F87/><AGARI ba="0,1" hai="14,15,80,87,88" m="27703,2155,12343" machi="87" ten="30,3900,0" yaku="8,1,54,2" doraHai="26" who="0" fromWho="2" sc="178,49,210,0,262,-39,340,0" /><INIT seed="3,0,0,0,2,2" ten="227,210,223,340" oya="3" hai0="128,97,100,9,76,65,56,11,57,94,83,120,29" hai1="42,107,90,112,110,122,51,63,108,67,27,123,101" hai2="88,8,84,35,87,135,127,36,33,102,126,68,115" hai3="116,48,62,71,125,15,114,6,39,77,34,49,59"/><W60/><G39/><T16/><D29/><U89/><E112/><V133/><F36/><W12/><G34/><N who="2" m="12809" /><F115/><W79/><G71/><T81/><D120/><N who="1" m="46123" /><E27/><V75/><F68/><W20/><G20/><T32/><D32/><U13/><E13/><V66/><F66/><W14/><G14/><N who="0" m="7247" /><D128/><U58/><E101/><V17/><F8/><W131/><G59/><N who="0" m="22603" /><D65/><U22/><E22/><V124/><F17/><W23/><G23/><T0/><D0/><U54/><E42/><V113/><F113/><W104/><G104/><T5/><D11/><U117/><E107/><V40/><F40/><W99/><G99/><T78/><D5/><U134/><E134/><N who="2" m="51211" /><F102/><W7/><G114/><T91/><D100/><U111/><E117/><V44/><F44/><AGARI ba="0,0" hai="44,51,54,58,63,67,89,90,108,110,111" m="46123" machi="44" ten="40,1300,0" yaku="14,1" doraHai="2" who="1" fromWho="2" sc="227,0,210,13,223,-13,340,0" owari="227,3.0,223,-18.0,210,-29.0,340,44.0" /></mjloggm>