<mjloggm ver="2.3"><GO type="41" lobby="0"/><UN n0="%E5%B0%B1%E6%B4%BB%E7%94%9F%40%E5%B7%9D%E6%9D%91%E8%BB%8D%E5%9B%A3" n1="%E3%81%A1%E3%82%83%E3%82%93%E3%81%B7" n2="%E7%8E%84%E7%B1%B3" n3="%77%61%79%75%77%61%79%75" dan="15,14,15,14" rate="1976.38,1897.16,2005.68,1939.64" sx="M,M,M,M"/><TAIKYOKU oya="0"/><INIT seed="0,0,0,1,0,112" ten="250,250,250,250" oya="0" hai0="80,123,51,7,127,44,83,131,109,21,49,1,90" hai1="6,122,74,60,68,14,93,48,67,117,113,46,34" hai2="0,37,17,40,27,103,41,55,22,73,91,76,116" hai3="25,102,45,119,18,2,63,98,133,105,19,47,43"/><T38/><D123/><U52/><E74/><V106/><F0/><W72/><G72/><T77/><D127/><U58/><E34/><V124/><F124/><W9/><G133/><T31/><D131/><U42/><E113/><V12/><F37/><W92/><G119/><T56/><D109/><U78/><E122/><V97/><F116/><W89/><G63/><T15/><D1/><U114/><E114/><V10/><F55/><W132/><G132/><T84/><D38/><U75/><E93/><V3/><F3/><W33/><G45/><T61/><D44/><U54/><E117/><V70/><F70/><W135/><G135/><T11/><D21/><U62/><E75/><V95/><F76/><W39/><G2/><T81/><D31/><U8/><REACH who="1" step="1"/><E78/><REACH who="1" ten="250,240,250,250" step="2"/><V134/><F73/><W20/><G33/><T5/><D5/><U82/><E82/><N who="0" m="31849" /><D77/><U59/><E59/><V24/><F134/><W16/><REACH who="3" step="1"/><G9/><REACH who="3" ten="250,240,250,240" step="2"/><T88/><D90/><U129/><E129/><V69/><F91/><W130/><G130/><T94/><N who="0" m="31857" /><T29/><DORA hai="108" /><D29/><U86/><E86/><AGARI ba="0,2" hai="16,18,19,20,25,39,43,47,86,89,92,98,102,105" machi="86" ten="30,3900,0" yaku="1,1,7,1,54,1,53,0" doraHai="112,108" doraHaiUra="32,110" who="3" fromWho="1" sc="250,0,240,-39,250,0,240,59" /><INIT seed="1,0,0,0,3,115" ten="250,201,250,299" oya="1" hai0="96,48,20,66,107,12,98,22,60,100,128,91,24" hai1="37,2,13,85,75,43,63,5,94,74,81,133,25" hai2="131,62,15,78,112,80,51,130,21,103,0,101,97" hai3="28,124,126,8,38,110,134,61,87,53,58,92,32"/><U57/><E2/><V122/><F0/><W119/><G110/><T6/><D128/><N who="2" m="49194" /><F122/><W109/><G109/><T34/><D34/><U65/><E133/><V50/><F112/><W86/><G134/><T90/><D48/><U93/><E74/><V71/><F71/><W68/><G38/><T35/><D35/><U135/><E75/><V108/><F62/><W79/><G68/><T118/><D118/><U19/><E135/><V113/><F113/><W89/><G8/><T31/><D96/><U117/><E37/><V9/><F21/><W36/><G36/><T23/><D23/><N who="1" m="13567" /><E43/><V52/><F108/><W39/><G39/><T30/><D30/><U102/><E117/><V99/><F51/><W73/><G119/><T114/><D114/><U18/><E102/><N who="2" m="38923" /><F80/><N who="3" m="45167" /><G28/><T127/><D127/><N who="3" m="48681" /><G32/><T82/><D82/><U56/><E56/><N who="2" m="32791" /><F78/><W64/><G64/><T4/><D22/><N who="1" m="11599" /><E5/><AGARI ba="0,0" hai="5,9,15,97,99" m="32791,38923,49194" machi="5" ten="30,2000,0" yaku="19,1,54,1" doraHai="115" who="2" fromWho="1" sc="250,0,201,-20,250,20,299,0" /><INIT seed="2,0,0,5,4,105" ten="250,181,270,299" oya="2" hai0="9,96,73,43,98,115,20,7,64,114,120,44,129" hai1="69,126,74,37,61,22,92,104,122,65,124,18,68" hai2="76,117,33,80,134,19,128,54,52,66,29,89,8" hai3="119,79,31,67,21,78,47,82,91,27,107,99,83"/><V125/><F117/><W135/><G119/><T15/><D120/><U111/><E104/><V106/><F125/><N who="1" m="48233" /><E37/><V50/><F128/><W51/><G135/><T53/><D129/><U10/><E10/><V84/><F134/><W58/><G107/><T97/><D64/><U3/><E3/><V132/><F132/><W13/><G13/><T45/><D53/><U36/><E36/><V25/><F106/><W1/><G1/><T103/><D103/><U57/><E122/><V93/><F66/><W41/><G99/><T110/><D110/><U48/><E111/><V130/><F130/><W23/><G23/><T100/><D100/><U131/><E131/><V127/><F127/><W2/><G2/><T28/><D73/><U38/><E38/><V77/><F77/><N who="3" m="29195" /><G91/><T71/><D71/><N who="1" m="27211" /><E92/><V86/><REACH who="2" step="1"/><F50/><REACH who="2" ten="250,181,260,299" step="2"/><W113/><G67/><T55/><D114/><U88/><E48/><V72/><F72/><W70/><G113/><T35/><D115/><U121/><E121/><V101/><F101/><W6/><G51/><T123/><D123/><U0/><E0/><V11/><F11/><W62/><G62/><T56/><D9/><U4/><E88/><V34/><F34/><W59/><G21/><T112/><D20/><U12/><E4/><V32/><F32/><W17/><G6/><T14/><D35/><U5/><E5/><V87/><F87/><W30/><G70/><T26/><D7/><U90/><E90/><V16/><F16/><W46/><G17/><T42/><D112/><U81/><E74/><V63/><F63/><W108/><G108/><T116/><D116/><RYUUKYOKU ba="0,1" sc="250,-15,181,15,260,15,299,-15" hai1="12,18,22,57,61,65,81" hai2="8,19,25,29,33,52,54,76,80,84,86,89,93" /><INIT seed="2,1,1,5,5,130" ten="235,196,275,284" oya="2" hai0="30,60,70,52,129,48,78,132,19,104,89,83,51" hai1="44,106,94,0,22,32,41,124,127,102,131,25,86" hai2="29,45,36,15,75,103,88,117,99,47,118,90,114" hai3="18,66,16,120,7,14,109,68,100,53,77,73,37"/><V17/><F114/><W11/><G120/><T133/><D129/><U74/><E0/><V122/><F122/><W84/><G73/><T20/><D104/><U81/><E74/><V23/><F75/><W33/><G37/><T108/><D30/><U49/><E32/><V98/><F29/><W91/><G33/><T128/><D128/><U134/><E106/><V69/><F69/><W3/><G109/><T59/><D89/><U62/><E131/><V31/><F31/><W105/><G77/><T65/><D51/><U96/><E62/><V79/><F79/><W95/><G66/><T119/><D119/><U54/><E134/><V58/><F58/><W135/><G68/><T101/><D101/><U126/><E86/><V56/><F56/><W92/><G105/><T57/><D108/><U72/><E81/><V8/><F8/><W121/><G121/><T27/><REACH who="0" step="1"/><D70/><REACH who="0" ten="225,196,275,284" step="2"/><U123/><E123/><V80/><F118/><W113/><G100/><T9/><D9/><U10/><E10/><V13/><F117/><W6/><G11/><T61/><D61/><U43/><REACH who="1" step="1"/><E72/><AGARI ba="1,2" hai="19,20,27,48,52,57,59,60,65,72,78,83,132,133" machi="72" ten="40,8000,1" yaku="1,1,52,2,54,1,53,1" doraHai="130" doraHaiUra="12" who="0" fromWho="1" sc="225,103,196,-83,275,0,284,0" /><INIT seed="3,0,0,1,2,76" ten="328,113,275,284" oya="3" hai0="95,98,44,81,79,11,26,122,104,83,65,5,89" hai1="8,49,70,97,38,117,51,67,85,118,61,29,107" hai2="62,114,9,106,32,27,14,41,1,31,124,86,112" hai3="36,15,37,92,126,102,56,20,30,74,18,71,131"/><W47/><G71/><T91/><D122/><U135/><E29/><V64/><F106/><W40/><G131/><T129/><D129/><U77/><E8/><V55/><F1/><W110/><G126/><T3/><D104/><U72/><E38/><V24/><F124/><W63/><G110/><T132/><D132/><U10/><E72/><V35/><F41/><W34/><G74/><T94/><D79/><U33/><E10/><V80/><F55/><W82/><G34/><T120/><D120/><U75/><E33/><V134/><F27/><W111/><G111/><T96/><D65/><U4/><E4/><V25/><F25/><W93/><G30/><T125/><D125/><U101/><E75/><V19/><F32/><W73/><G37/><T68/><D68/><U121/><E135/><V16/><F19/><W43/><G43/><T53/><D26/><U45/><E121/><V69/><REACH who="2" step="1"/><F134/><REACH who="2" ten="328,113,265,284" step="2"/><W52/><REACH who="3" step="1"/><G102/><REACH who="3" ten="328,113,265,274" step="2"/><T22/><D22/><U50/><REACH who="1" step="1"/><E45/><REACH who="1" ten="328,103,265,274" step="2"/><V42/><F42/><W39/><G39/><T116/><D116/><U54/><E54/><V130/><F130/><W128/><G128/><T66/><D66/><U7/><E7/><V78/><AGARI ba="0,3" hai="9,14,16,24,31,35,62,64,69,78,80,86,112,114" machi="78" ten="20,12000,2" yaku="1,1,0,1,7,1,52,1,54,1,53,1" doraHai="76" doraHaiUra="6" who="2" fromWho="2" sc="328,-30,103,-30,265,150,274,-60" /><INIT seed="4,0,0,0,4,83" ten="298,73,415,214" oya="0" hai0="8,1,96,38,19,122,115,63,80,111,55,87,118" hai1="126,10,46,34,116,110,3,104,30,2,125,6,106" hai2="86,25,33,99,95,5,81,47,71,7,131,18,105" hai3="70,54,64,123,127,41,69,89,103,61,88,94,67"/><T14/><D118/><U128/><E106/><V65/><F105/><W58/><G127/><T98/><D122/><U117/><E104/><V57/><F71/><W79/><G123/><T32/><D32/><U48/><E48/><V82/><F131/><W134/><G134/><T51/><D38/><U100/><E46/><V72/><F72/><W119/><G119/><N who="1" m="45642" /><E100/><V60/><F47/><W91/><G41/><T133/><D111/><U45/><E45/><V102/><F82/><W85/><G69/><T42/><D133/><U44/><E44/><V43/><F43/><W121/><G70/><T35/><D35/><U93/><E93/><V77/><REACH who="2" step="1"/><F18/><REACH who="2" ten="298,73,405,214" step="2"/><W15/><G121/><T78/><D42/><U37/><E37/><V76/><F76/><W74/><G74/><T0/><D115/><U113/><E110/><V109/><F109/><W135/><G135/><T28/><D78/><U16/><E128/><V73/><F73/><W68/><G68/><T75/><D80/><U129/><E129/><V107/><F107/><W21/><G79/><T9/><D75/><U101/><E101/><V36/><F36/><W12/><G94/><T24/><D19/><U40/><E40/><V29/><AGARI ba="0,1" hai="5,7,25,29,33,57,60,65,77,81,86,95,99,102" machi="29" ten="30,4000,0" yaku="1,1,0,1,52,1,53,0" doraHai="83" doraHaiUra="4" who="2" fromWho="2" sc="298,-20,73,-10,405,50,214,-10" /><INIT seed="5,0,0,5,2,28" ten="278,63,455,204" oya="1" hai0="3,2,16,70,63,53,85,83,93,58,81,69,91" hai1="18,132,47,109,119,108,122,46,101,66,80,45,29" hai2="110,1,43,102,111,68,67,129,31,86,49,114,50" hai3="99,94,74,40,64,17,77,61,96,54,0,71,39"/><U20/><E101/><V87/><F1/><W118/><G0/><T38/><D3/><U9/><E132/><V92/><F129/><W48/><G118/><T78/><D38/><U10/><E119/><V12/><F114/><W23/><G77/><T117/><D117/><U105/><E105/><V11/><F31/><W76/><G74/><T14/><D2/><U51/><E122/><V25/><F25/><W75/><G75/><T116/><D116/><U30/><E66/><V35/><F35/><W52/><G76/><T79/><D79/><U88/><E51/><V8/><F102/><W65/><G65/><T100/><D100/><U97/><E30/><V134/><F134/><W15/><G54/><T60/><D60/><U103/><E29/><V128/><F128/><W82/><G94/><T36/><D36/><U73/><E103/><V7/><F8/><W21/><G82/><T123/><D83/><U62/><E62/><V98/><F67/><W135/><G23/><T115/><D115/><U90/><E73/><V127/><F68/><W113/><G135/><T112/><D112/><U42/><E42/><V133/><F133/><W24/><G24/><T32/><D32/><U130/><E130/><V84/><F43/><W126/><G113/><T19/><D123/><U55/><E97/><V41/><F41/><W56/><G126/><T26/><D70/><U121/><E121/><V124/><F111/><N who="1" m="42569" /><E55/><V34/><F110/><W57/><G57/><T107/><D69/><U89/><E80/><V5/><F127/><W37/><G37/><T59/><D107/><U13/><AGARI ba="0,0" hai="9,10,13,18,20,45,46,47,88,89,90" m="42569" machi="13" ten="40,7800,0" yaku="5,1,10,1,54,1" doraHai="28" who="1" fromWho="1" sc="278,-26,63,78,455,-26,204,-26" /><INIT seed="5,1,0,2,1,50" ten="252,141,429,178" oya="1" hai0="65,100,104,82,19,30,70,111,46,129,97,101,9" hai1="134,18,32,124,10,132,14,81,92,78,67,69,93" hai2="0,37,26,115,29,113,89,35,76,8,87,107,90" hai3="83,54,49,38,126,21,75,22,77,12,11,24,40"/><U27/><E124/><V119/><F119/><W62/><G126/><T84/><D111/><U95/><E67/><V52/><F107/><W85/><G75/><T45/><D129/><U68/><E32/><V94/><F37/><W74/><G74/><T123/><D101/><U71/><E27/><V33/><F76/><W61/><G38/><T103/><D103/><U128/><E128/><V42/><F42/><W64/><G40/><T127/><D30/><U6/><REACH who="1" step="1"/><E18/><REACH who="1" ten="252,131,429,178" step="2"/><V72/><F33/><W34/><G34/><T88/><D127/><U116/><E116/><V122/><F35/><W7/><G64/><T36/><D123/><U44/><E44/><V13/><F26/><W96/><G24/><T41/><D46/><U60/><E60/><N who="3" m="23146" /><G96/><T80/><D65/><U91/><E91/><V121/><F90/><W135/><G135/><T47/><D47/><AGARI ba="1,1" hai="7,11,12,21,22,47,49,54,77,83,85" m="23146" machi="47" ten="30,2000,0" yaku="8,1,52,1" doraHai="50" who="3" fromWho="0" sc="252,-23,131,0,429,0,178,33" /><INIT seed="6,0,0,1,1,102" ten="229,131,429,211" oya="2" hai0="22,97,8,75,46,127,56,40,7,41,109,105,50" hai1="100,55,81,99,54,104,4,6,12,124,110,89,39" hai2="31,20,131,15,2,23,129,1,14,71,26,28,38" hai3="33,93,34,116,24,18,67,17,64,91,103,43,133"/><V59/><F71/><W29/><G116/><T58/><D75/><U107/><E39/><V76/><F59/><W82/><G133/><T48/><D109/><U69/><E110/><V114/><F76/><W95/><G34/><T77/><D77/><U63/><E124/><V94/><F94/><W52/><G43/><T87/><D127/><U126/><E126/><V0/><F38/><W88/><G103/><T130/><D130/><N who="2" m="49674" /><F114/><W65/><G82/><T16/><D97/><U122/><E122/><V132/><F132/><W79/><G79/><T111/><D105/><U115/><E115/><V21/><F28/><W73/><G73/><T35/><D111/><U30/><E30/><V80/><F80/><W128/><G128/><T78/><D78/><U68/><E99/><V96/><F96/><W5/><G91/><T118/><D87/><U106/><E100/><V66/><F66/><W134/><G134/><T119/><D56/><U27/><E27/><V62/><F62/><W70/><G70/><T53/><D41/><U45/><E45/><V83/><F83/><W135/><G93/><T72/><D72/><U47/><E47/><V90/><F90/><W92/><G92/><T19/><D119/><U112/><E112/><V49/><F49/><W9/><G52/><N who="1" m="20010" /><E69/><V3/><F3/><W123/><G135/><T11/><D118/><U51/><E51/><V74/><F74/><W13/><G123/><T108/><D108/><U25/><E25/><V57/><F57/><W60/><G60/><T86/><D50/><U120/><E120/><V37/><F37/><W44/><G44/><RYUUKYOKU ba="0,0" sc="229,-15,131,-15,429,15,211,15" hai2="0,1,2,14,15,20,21,23,26,31" hai3="5,9,13,17,18,24,29,33,64,65,67,88,95" /><INIT seed="6,1,0,4,3,130" ten="214,116,444,226" oya="2" hai0="69,99,18,57,7,42,120,12,19,60,125,23,94" hai1="52,44,135,91,101,127,88,33,105,54,77,35,26" hai2="5,36,71,27,53,78,76,113,10,87,48,92,132" hai3="89,21,38,90,8,55,65,14,63,97,40,85,68"/><V62/><F36/><W95/><G38/><T66/><D120/><U24/><E105/><V134/><F113/><W117/><G117/><T37/><D125/><U70/><E127/><V86/><F27/><W83/><G40/><T115/><D115/><U102/><E70/><V93/><F62/><W79/><G21/><T112/><D112/><U124/><E124/><V0/><F71/><W31/><G31/><T30/><D30/><U28/><E44/><V123/><F123/><W67/><G55/><T41/><D37/><U121/><E77/><N who="2" m="29803" /><F92/><W82/><G65/><T51/><D7/><U11/><E121/><V47/><F93/><W119/><G119/><T64/><D19/><U13/><E11/><V50/><F48/><W22/><G22/><T34/><D34/><U1/><E13/><V96/><F96/><W80/><G79/><T45/><D42/><U128/><E128/><V126/><F126/><W49/><G49/><T109/><D109/><U108/><E108/><V103/><F103/><W107/><G107/><T98/><D94/><U114/><E114/><V118/><F118/><W4/><AGARI ba="1,0" hai="4,8,14,63,67,68,80,82,83,85,89,90,95,97" machi="4" ten="20,1500,0" yaku="0,1,7,1" doraHai="130" who="3" fromWho="3" sc="214,-5,116,-5,444,-8,226,18" /><INIT seed="7,0,0,2,2,71" ten="209,111,436,244" oya="3" hai0="110,36,29,131,126,90,114,69,24,5,19,83,0" hai1="52,31,118,84,98,7,59,99,82,23,10,39,129" hai2="6,127,37,22,28,30,53,49,124,33,41,106,12" hai3="65,113,135,88,86,94,92,67,68,123,27,3,14"/><W96/><G113/><T44/><D110/><U89/><E118/><V101/><F41/><W74/><G123/><T120/><D120/><U50/><E39/><V72/><F37/><W56/><G3/><T121/><D69/><U40/><E129/><V102/><F72/><W25/><G74/><T26/><D121/><U38/><E31/><N who="2" m="11819" /><F33/><W48/><G135/><T87/><D131/><U76/><E23/><V70/><F70/><W75/><G75/><T17/><D126/><N who="2" m="48170" /><F106/><W80/><G68/><T58/><D58/><U13/><REACH who="1" step="1"/><E76/><REACH who="1" ten="209,101,436,244" step="2"/><V112/><F22/><W47/><G65/><T133/><D36/><U104/><E104/><V85/><F85/><W81/><G67/><T42/><D87/><U35/><E35/><V103/><F112/><W117/><G117/><T108/><D29/><U132/><E132/><V134/><F134/><W63/><G86/><T51/><D133/><U46/><AGARI ba="0,1" hai="7,10,13,38,40,46,50,52,59,82,84,89,98,99" machi="46" ten="30,12000,2" yaku="1,1,0,1,52,1,54,1,53,2" doraHai="71" doraHaiUra="95" who="1" fromWho="1" sc="209,-30,101,130,436,-30,244,-60" owari="179,-32.0,231,3.0,406,51.0,184,-22.0" /></mjloggm>