<mjloggm ver="2.3"><GO type="97" lobby="0"/><UN n0="%6E%61%74%75%6B%69" n1="%E5%B0%B1%E6%B4%BB%E7%94%9F%40%E5%B7%9D%E6%9D%91%E8%BB%8D%E5%9B%A3" n2="%E2%98%86%E3%82%AC%E3%83%8A%E3%82%B3%E2%98%86" n3="%6D%69%6F" dan="13,14,14,13" rate="1882.49,1979.99,1935.20,1826.72" sx="M,M,F,F"/><TAIKYOKU oya="0"/><INIT seed="0,0,0,5,1,119" ten="250,250,250,250" oya="0" hai0="102,23,117,107,3,91,78,1,44,112,114,34,40" hai1="130,25,85,49,75,104,81,98,30,93,57,51,67" hai2="132,17,113,4,21,35,31,92,74,84,32,12,108" hai3="106,87,11,38,9,99,36,61,129,10,94,83,120"/><T71/><D117/><U90/><E130/><V58/><F74/><W88/><G129/><T134/><D91/><U15/><E104/><V55/><F132/><W42/><G106/><T6/><D23/><U115/><E75/><V60/><F113/><W33/><G33/><T22/><D22/><U13/><E115/><V50/><F108/><W41/><G120/><T80/><D71/><U89/><E51/><V24/><F60/><W62/><G38/><N who="0" m="21527" /><D34/><U20/><REACH who="1" step="1"/><E49/><REACH who="1" ten="250,240,250,250" step="2"/><V53/><F55/><W66/><G36/><T125/><D107/><U86/><E86/><V116/><F116/><W97/><G97/><T126/><D114/><U8/><E8/><V96/><F84/><W26/><G62/><AGARI ba="0,1" hai="13,15,20,25,30,57,62,67,81,85,89,90,93,98" machi="62" ten="40,2600,0" yaku="1,1,8,1,53,0" doraHai="119" doraHaiUra="68" who="1" fromWho="3" sc="250,0,240,36,250,0,250,-26" /><INIT seed="1,0,0,4,0,61" ten="250,276,250,224" oya="1" hai0="39,93,34,112,110,116,88,27,44,95,3,125,84" hai1="28,89,77,81,63,130,47,96,10,102,38,87,50" hai2="91,107,71,26,51,15,133,49,117,25,134,78,54" hai3="124,97,129,85,118,55,9,60,92,72,19,113,73"/><U8/><E38/><V94/><F107/><W23/><G113/><T2/><D112/><U101/><E130/><V11/><F117/><W120/><G124/><T33/><D116/><U74/><E28/><V79/><F71/><W131/><G120/><T86/><D125/><U127/><E127/><V32/><F32/><W22/><G85/><T66/><D66/><U20/><E20/><V0/><F0/><W111/><G9/><T46/><D39/><U58/><E74/><V103/><F103/><N who="1" m="39433" /><E96/><N who="2" m="57439" /><F134/><W52/><G111/><T18/><D18/><U132/><E77/><N who="2" m="29195" /><F133/><W90/><G23/><T64/><D33/><U5/><E5/><N who="2" m="3567" /><F51/><W53/><G118/><T99/><D34/><U57/><E132/><V70/><F70/><W76/><G73/><T69/><D69/><U68/><E68/><V21/><F21/><W98/><G97/><T121/><D99/><U14/><E14/><V36/><F36/><W109/><G109/><T7/><D110/><U6/><E6/><V135/><F135/><W119/><G76/><T115/><D115/><U108/><E108/><V82/><F82/><W45/><G72/><T48/><D7/><U80/><E80/><V29/><F29/><W4/><G4/><T105/><D105/><U114/><E114/><V100/><F100/><W59/><G119/><T31/><D121/><U122/><E122/><V106/><F106/><W56/><G131/><T43/><D3/><U13/><E13/><V40/><F25/><W65/><G129/><T1/><D1/><U126/><E126/><V37/><F26/><W123/><G123/><T24/><D2/><RYUUKYOKU ba="0,0" sc="250,0,276,0,250,0,224,0" /><INIT seed="2,1,0,1,4,81" ten="250,276,250,224" oya="2" hai0="122,44,121,65,56,53,126,116,130,67,6,110,88" hai1="95,33,0,66,97,63,1,91,20,85,39,96,72" hai2="2,73,7,3,45,41,106,61,94,107,83,102,103" hai3="74,43,119,24,30,82,80,15,57,22,37,89,48"/><V14/><F106/><W13/><G119/><T8/><D116/><U11/><E72/><V125/><F107/><W111/><G37/><T21/><D110/><U84/><E33/><V51/><F125/><W128/><G111/><T120/><D126/><U12/><E39/><V133/><F133/><W64/><G74/><T34/><D34/><U108/><E108/><V79/><F61/><W4/><G80/><T19/><D130/><U32/><E32/><V77/><F77/><W36/><G4/><T71/><D44/><U131/><E131/><V52/><F41/><W27/><G24/><T86/><D71/><U23/><E96/><V69/><F69/><W92/><G82/><T112/><D112/><U46/><E46/><V129/><F129/><W42/><G36/><T104/><D104/><U35/><E35/><V18/><F7/><W55/><G128/><T127/><D127/><U117/><E1/><V115/><F115/><W99/><G64/><T87/><D8/><U90/><E0/><V124/><F124/><W54/><G54/><T17/><D6/><N who="1" m="3191" /><E97/><V105/><F105/><W114/><G114/><T75/><D122/><U40/><E40/><AGARI ba="1,0" hai="13,15,22,27,30,40,42,43,48,55,57,89,92,99" machi="40" ten="40,1300,0" yaku="8,1" doraHai="81" who="3" fromWho="1" sc="250,0,276,-16,250,0,224,16" /><INIT seed="3,0,0,4,5,16" ten="250,260,250,240" oya="3" hai0="48,110,41,133,40,26,79,121,103,101,126,85,25" hai1="68,3,117,67,19,4,58,96,118,10,128,54,74" hai2="8,1,63,38,44,132,111,2,14,123,84,94,62" hai3="72,91,9,134,77,51,81,90,6,43,66,131,32"/><W35/><G131/><T64/><D121/><U112/><E74/><V97/><F123/><W114/><G114/><T105/><D110/><U42/><E112/><V93/><F111/><W57/><G134/><T113/><D113/><U127/><E128/><V17/><F132/><W106/><G106/><T15/><D133/><U89/><E127/><V22/><F84/><W82/><G66/><T120/><D26/><U56/><E42/><V21/><F93/><W20/><G20/><T116/><D48/><U28/><E28/><V31/><F31/><W71/><G82/><T24/><D85/><U99/><E68/><V30/><F44/><W18/><G91/><T47/><D15/><U0/><E0/><V87/><F87/><W104/><G90/><T55/><D105/><U34/><E34/><V73/><F38/><W124/><G104/><T83/><D64/><U88/><E19/><V102/><F73/><W5/><G18/><T80/><D80/><U107/><E107/><V70/><F70/><W33/><G5/><T76/><D83/><U39/><E39/><V98/><F98/><N who="1" m="37417" /><E67/><V108/><F108/><W50/><G124/><T95/><D126/><U23/><E58/><V130/><F130/><W29/><G71/><T69/><D69/><U109/><E23/><N who="2" m="8715" /><F30/><W86/><G57/><T37/><D120/><U45/><E45/><V11/><F1/><W12/><G72/><T60/><D116/><N who="1" m="44651" /><E109/><V7/><F2/><W59/><G29/><T65/><D65/><U13/><E3/><V53/><F53/><W49/><G59/><T125/><D125/><U61/><AGARI ba="0,0" hai="4,10,13,54,56,61,88,89" m="44651,37417" machi="61" ten="30,4000,0" yaku="5,1,12,1,54,1" doraHai="16" who="1" fromWho="1" sc="250,-10,260,40,250,-10,240,-20" owari="240,4.0,300,40.0,240,-16.0,220,-28.0" /></mjloggm>