<mjloggm ver="2.3"><GO type="97" lobby="0"/><UN n0="%E5%B0%B1%E6%B4%BB%E7%94%9F%40%E5%B7%9D%E6%9D%91%E8%BB%8D%E5%9B%A3" n1="%6D%75%67%65%6E%40" n2="%E8%A6%AA%E6%88%9A%E3%81%AA%E3%81%AE%E3%81%89" n3="%E3%81%82%E3%82%8B%E3%82%8B%E3%81%8B%E3%82%93%E3%80%82" dan="15,15,14,14" rate="1991.20,1974.68,1866.56,1922.03" sx="M,M,M,M"/><TAIKYOKU oya="0"/><INIT seed="0,0,0,2,1,74" ten="250,250,250,250" oya="0" hai0="20,98,68,132,38,67,96,0,47,130,83,52,31" hai1="75,40,119,109,10,24,126,115,102,113,12,1,15" hai2="93,95,30,61,105,104,23,124,121,116,117,34,36" hai3="103,51,19,123,107,13,111,131,82,35,133,89,48"/><T79/><D0/><U77/><E119/><N who="2" m="45643" /><F61/><W50/><G35/><T86/><D130/><U63/><E109/><V72/><F72/><W16/><G111/><T32/><D32/><U26/><E126/><V76/><F34/><W46/><G131/><T21/><D132/><U11/><E40/><V22/><F36/><W57/><G133/><T129/><D129/><U65/><E102/><V92/><F30/><W112/><G112/><N who="1" m="43082" /><E77/><V8/><F8/><N who="1" m="3113" /><E75/><V106/><F124/><W18/><G123/><T49/><D38/><U39/><E39/><V120/><F76/><W128/><G128/><T87/><D87/><U73/><E73/><V58/><F58/><W37/><G37/><T80/><D80/><U56/><E1/><V134/><F134/><W42/><G107/><T14/><D21/><AGARI ba="0,0" hai="21,22,23,92,93,95,104,105,106,120,121" m="45643" machi="21" ten="40,5200,0" yaku="28,2,12,1" doraHai="74" who="2" fromWho="0" sc="250,-52,250,0,250,52,250,0" /><INIT seed="1,0,0,0,5,109" ten="198,250,302,250" oya="1" hai0="21,128,73,28,44,76,29,65,41,13,50,122,1" hai1="43,64,14,114,126,52,101,69,23,62,77,10,135" hai2="25,35,70,40,45,89,100,34,105,2,86,95,131" hai3="6,124,46,111,106,60,88,119,36,78,98,55,54"/><U66/><E126/><V120/><F70/><W49/><G119/><T79/><D1/><U116/><E116/><V30/><F2/><W97/><G124/><T19/><D122/><U39/><E135/><V51/><F120/><W94/><G111/><T9/><D128/><U68/><E77/><V84/><F84/><W85/><G36/><T133/><D133/><U56/><E23/><V115/><F115/><W5/><G78/><T104/><D104/><U47/><E101/><V125/><F125/><W82/><G106/><T123/><D123/><U99/><E99/><V61/><F61/><W63/><G98/><T75/><D75/><U71/><REACH who="1" step="1"/><E114/><REACH who="1" ten="198,240,302,250" step="2"/><V11/><F100/><W91/><REACH who="3" step="1"/><G55/><REACH who="3" ten="198,240,302,240" step="2"/><T130/><D73/><U129/><E129/><V108/><F131/><W0/><G0/><T102/><D130/><U48/><E48/><V18/><F51/><W4/><AGARI ba="0,2" hai="4,5,6,46,49,54,60,63,82,85,88,91,94,97" machi="4" ten="30,7900,0" yaku="1,1,0,1,8,1,54,1,53,0" doraHai="109" doraHaiUra="15" who="3" fromWho="3" sc="198,-20,240,-39,302,-20,240,99" /><INIT seed="2,0,0,1,1,73" ten="178,201,282,339" oya="2" hai0="112,33,62,91,123,7,119,36,75,68,67,37,103" hai1="79,34,99,43,78,42,72,95,125,85,114,118,64" hai2="31,107,84,16,71,108,35,40,106,100,61,69,116" hai3="105,44,74,101,11,30,51,127,121,18,109,12,81"/><V113/><F116/><W59/><G121/><T128/><D123/><U120/><E34/><V97/><F113/><W8/><G109/><T124/><D112/><U83/><E120/><V94/><F108/><W66/><G127/><T77/><D33/><U58/><E118/><V92/><F40/><N who="1" m="15401" /><E114/><V111/><F111/><W27/><G105/><T23/><D124/><U132/><E72/><V5/><F5/><W22/><G101/><T15/><D119/><U130/><E130/><V21/><F61/><W47/><G74/><T89/><D128/><U41/><E132/><V54/><F54/><W24/><G81/><T4/><D103/><N who="1" m="60927" /><E125/><V102/><F84/><W55/><G66/><T133/><D133/><U122/><N who="1" m="15409" /><U19/><DORA hai="126" /><E122/><V82/><F82/><W26/><G30/><T70/><D70/><U14/><E58/><V129/><F129/><W45/><AGARI ba="0,0" hai="8,11,12,18,22,24,26,27,44,45,47,51,55,59" machi="45" ten="30,2000,0" yaku="0,1,8,1" doraHai="73,126" who="3" fromWho="3" sc="178,-5,201,-5,282,-10,339,20" /><INIT seed="3,0,0,0,0,90" ten="173,196,272,359" oya="3" hai0="123,88,23,58,105,65,39,82,33,59,103,36,56" hai1="67,133,16,113,63,86,81,100,32,53,24,108,72" hai2="104,1,10,78,77,132,47,107,46,7,75,44,126" hai3="128,43,45,99,96,51,97,6,9,2,12,94,54"/><W37/><G37/><T76/><D33/><U20/><E108/><V14/><F14/><W0/><G128/><T8/><D123/><U69/><E133/><V17/><F132/><W134/><G134/><T5/><D65/><U49/><E113/><V109/><F109/><W66/><G66/><T61/><D61/><U116/><E116/><V111/><F126/><W28/><G28/><T79/><D23/><U125/><E125/><V40/><F111/><W22/><G43/><T117/><D117/><U3/><E3/><V84/><F17/><W87/><G0/><T71/><D71/><U25/><E72/><V13/><F13/><W92/><G2/><T91/><D105/><U106/><E100/><V115/><F115/><W4/><G4/><T130/><D103/><U120/><E106/><V62/><F62/><W27/><G27/><T34/><D34/><U31/><E120/><V21/><F21/><W38/><G38/><T102/><D102/><U118/><E118/><V29/><F29/><W11/><G87/><T55/><D130/><U74/><E74/><V15/><F15/><N who="3" m="5559" /><G11/><T73/><D76/><U85/><REACH who="1" step="1"/><E81/><REACH who="1" ten="173,186,272,359" step="2"/><V131/><F107/><W48/><G99/><T41/><D55/><U101/><E101/><V26/><F104/><W112/><G112/><T70/><D70/><U122/><E122/><V89/><F131/><W121/><G97/><T42/><D42/><U114/><E114/><V135/><F75/><W95/><G121/><T35/><D35/><U30/><E30/><V50/><F135/><W124/><G124/><T83/><D41/><U57/><AGARI ba="0,1" hai="16,20,24,25,31,32,49,53,57,63,67,69,85,86" machi="57" ten="20,8000,1" yaku="1,1,5,1,0,1,7,1,54,1,53,0" doraHai="90" doraHaiUra="129" who="1" fromWho="1" sc="173,-20,186,90,272,-20,359,-40" owari="153,-35.0,276,8.0,252,-15.0,319,42.0" /></mjloggm>