<mjloggm ver="2.3"><GO type="193" lobby="0"/><UN n0="%45%63%65" n1="%EF%BC%91%47" n2="%E3%83%88%E3%83%88%E3%83%AA%E5%85%88%E7%94%9F%31%39%E6%AD%B3" n3="%54%61%6B%65%4F%76%65%72" dan="11,13,11,12" rate="1707.17,1716.17,1762.06,1787.98" sx="M,M,F,M"/><TAIKYOKU oya="0"/><INIT seed="0,0,0,0,4,24" ten="250,250,250,250" oya="0" hai0="28,90,124,125,7,22,76,92,115,133,88,93,47" hai1="60,66,85,98,13,65,32,48,30,121,59,99,40" hai2="110,0,84,18,94,116,23,75,16,61,117,79,86" hai3="69,37,45,70,10,74,131,57,31,41,51,114,11"/><T118/><D118/><N who="2" m="45674" /><F0/><W33/><G74/><T109/><D115/><U42/><E121/><V5/><F5/><W127/><G114/><T9/><D9/><U106/><E13/><N who="2" m="9615" /><F110/><W64/><G127/><T71/><D71/><U122/><E122/><V54/><F94/><W91/><G131/><T77/><D7/><U4/><E4/><V21/><F79/><W112/><G112/><T101/><D47/><U3/><E3/><V62/><F75/><W67/><G91/><T26/><D109/><U19/><E19/><V107/><F107/><W102/><G102/><T78/><D133/><U44/><E85/><N who="2" m="32875" /><F54/><W14/><G69/><T12/><D101/><U113/><E113/><V134/><F134/><W27/><G70/><T73/><D73/><U53/><E106/><V130/><F130/><W95/><G95/><T39/><D39/><U126/><E126/><N who="0" m="48745" /><D12/><AGARI ba="0,0" hai="12,18,21,61,62" m="32875,9615,45674" machi="12" ten="30,2000,0" yaku="12,1,54,1" doraHai="24" who="2" fromWho="0" sc="250,-20,250,0,250,20,250,0" /><INIT seed="1,0,0,2,4,14" ten="230,250,270,250" oya="1" hai0="63,80,9,1,30,94,121,84,107,127,3,134,36" hai1="65,128,99,78,126,111,83,103,87,115,46,88,112" hai2="43,58,122,108,22,64,110,31,50,95,17,109,15" hai3="13,61,60,102,101,38,105,66,69,51,91,68,89"/><U55/><E65/><V86/><F122/><W59/><G38/><T97/><D36/><U12/><E12/><V53/><F43/><W114/><G114/><T132/><D107/><U85/><E55/><V40/><F40/><W45/><G105/><T7/><D121/><U19/><E19/><V72/><F72/><W35/><G35/><T24/><D127/><U67/><E67/><V2/><F2/><W118/><G118/><T48/><D132/><U42/><E46/><V8/><F64/><W41/><G68/><T49/><D134/><U82/><E42/><V98/><F86/><W34/><G34/><T75/><D75/><U96/><E126/><V18/><F31/><W133/><G60/><T20/><D3/><U116/><E116/><V117/><F117/><W25/><G69/><T74/><D63/><U6/><E6/><N who="2" m="3479" /><F22/><W4/><G25/><T125/><D74/><U23/><E23/><V124/><F124/><W26/><G26/><T92/><D125/><U106/><E128/><V27/><F27/><W32/><G32/><T100/><REACH who="0" step="1"/><D94/><REACH who="0" ten="220,250,270,250" step="2"/><U44/><E111/><V16/><F95/><W71/><G133/><T135/><D135/><U77/><E44/><N who="2" m="27847" /><F98/><W90/><G71/><T56/><D56/><AGARI ba="0,1" hai="16,17,18,56,58,108,109,110" m="27847,3479" machi="56" ten="40,8000,1" yaku="14,1,52,3,54,1" doraHai="14" who="2" fromWho="0" sc="220,-80,250,0,270,90,250,0" /><INIT seed="2,0,0,2,1,6" ten="140,250,360,250" oya="2" hai0="19,46,130,51,74,107,110,54,18,75,112,63,101" hai1="96,25,29,56,23,20,73,97,111,21,58,76,27" hai2="39,106,22,131,0,91,28,127,99,113,3,44,45" hai3="53,100,115,62,71,88,85,61,50,128,104,103,122"/><V119/><F113/><W116/><G115/><T41/><D110/><U118/><E118/><V17/><F119/><W125/><G116/><T55/><D112/><U66/><E111/><V52/><F131/><W114/><G114/><T105/><D130/><U81/><E66/><V31/><F127/><W102/><G122/><T16/><D101/><U26/><E29/><V108/><F108/><W48/><G128/><T83/><D83/><U89/><E89/><V123/><F123/><W69/><G104/><T9/><D9/><U109/><E109/><V8/><F39/><W11/><G125/><T59/><REACH who="0" step="1"/><D41/><REACH who="0" ten="130,250,360,250" step="2"/><U42/><E42/><V78/><F8/><W13/><G69/><T43/><D43/><U57/><AGARI ba="0,1" hai="20,21,23,25,26,27,56,57,58,73,76,81,96,97" machi="57" ten="40,5200,0" yaku="0,1,29,2" doraHai="6" who="1" fromWho="1" sc="130,-13,250,62,360,-26,250,-13" /><INIT seed="3,0,0,1,5,6" ten="117,312,334,237" oya="3" hai0="132,65,102,12,16,44,103,46,92,49,119,19,35" hai1="121,134,62,11,9,91,48,127,122,41,7,4,99" hai2="130,72,56,110,22,10,50,82,23,37,116,83,89" hai3="124,27,33,105,98,111,58,118,36,47,32,57,101"/><W68/><G118/><T77/><D35/><U112/><E112/><V87/><F116/><W117/><G117/><T64/><D119/><U115/><E115/><V126/><F37/><W109/><G68/><T29/><D132/><U45/><E134/><V133/><F133/><W88/><G124/><T95/><D77/><U114/><E114/><V30/><F126/><W85/><G36/><T123/><D123/><U125/><E62/><V3/><F110/><N who="3" m="41995" /><G47/><T61/><D29/><U86/><E125/><V52/><F130/><W75/><G75/><T31/><D31/><U81/><E127/><V5/><F30/><N who="3" m="19551" /><G33/><T71/><D71/><U34/><E34/><V69/><F69/><W74/><G74/><T113/><D113/><U131/><E131/><V63/><F72/><W18/><G18/><T0/><D0/><U55/><E99/><V60/><F82/><AGARI ba="0,0" hai="57,58,82,85,88,98,101,105" m="19551,41995" machi="82" ten="30,5800,0" yaku="14,1,10,1,54,1" doraHai="6" who="3" fromWho="2" sc="117,0,312,0,334,-58,237,58" /><INIT seed="3,1,0,4,2,8" ten="117,312,276,295" oya="3" hai0="123,18,115,23,129,0,124,113,131,98,95,135,54" hai1="53,110,132,120,65,34,42,78,60,125,105,73,89" hai2="134,106,76,121,31,14,64,81,38,59,90,119,16" hai3="25,63,96,50,114,100,68,10,43,9,24,52,84"/><W67/><G114/><N who="0" m="43531" /><D54/><U39/><E120/><V94/><F119/><W118/><G118/><T61/><D61/><U37/><E125/><V32/><F106/><W109/><G43/><T99/><D0/><U30/><E105/><V28/><F38/><W7/><G109/><T85/><D18/><U122/><E122/><V2/><F2/><W49/><G49/><T80/><D23/><U47/><E110/><V11/><F134/><W77/><G9/><T19/><D19/><U79/><E132/><V4/><F121/><W88/><G77/><T74/><D123/><U62/><E89/><V103/><F103/><W22/><G96/><T116/><D116/><U91/><E91/><V44/><F32/><W20/><G100/><T102/><D135/><U27/><E39/><V36/><F4/><W35/><G35/><T127/><D99/><U40/><E40/><V75/><F44/><W15/><G22/><T104/><D127/><U5/><E5/><V46/><F46/><W71/><G68/><T69/><D69/><U130/><E130/><N who="0" m="49673" /><D124/><U97/><E97/><V92/><F36/><W51/><G51/><T101/><D101/><U117/><E117/><V58/><F64/><W57/><G20/><T87/><D74/><U72/><E72/><V45/><F45/><W48/><G48/><T126/><D126/><U6/><E6/><V1/><F1/><W29/><G29/><N who="2" m="11337" /><F59/><W13/><REACH who="3" step="1"/><G13/><REACH who="3" ten="117,312,276,285" step="2"/><T86/><D80/><AGARI ba="1,1" hai="7,10,15,24,25,50,52,57,63,67,71,80,84,88" machi="80" ten="30,18000,2" yaku="1,1,2,1,7,1,52,1,54,2,53,1" doraHai="8" doraHaiUra="3" who="3" fromWho="0" sc="117,-183,312,0,276,0,285,193" owari="-66,-57.0,312,11.0,276,-12.0,478,58.0" /></mjloggm>