<mjloggm ver="2.3"><GO type="41" lobby="0"/><UN n0="%E8%82%89%E2%98%86%E6%A3%92%E5%A4%AA%E9%83%8E" n1="%6D%61%79%6F%6E%32" n2="%E5%90%8D%E7%84%A1%E3%81%97%EF%BC%A0%E5%B7%9D%E6%9D%91%E8%BB%8D%E5%9B%A3" n3="%E5%B0%B1%E6%B4%BB%E7%94%9F%40%E5%B7%9D%E6%9D%91%E8%BB%8D%E5%9B%A3" dan="15,14,15,15" rate="2031.28,1900.86,2052.07,1961.31" sx="M,M,M,M"/><TAIKYOKU oya="0"/><INIT seed="0,0,0,3,1,36" ten="250,250,250,250" oya="0" hai0="33,93,121,125,103,67,99,69,105,14,35,61,91" hai1="64,23,102,32,10,85,81,50,113,57,58,107,54" hai2="127,71,56,46,30,60,7,40,124,29,126,49,68" hai3="83,86,89,5,1,72,26,31,133,51,94,131,90"/><T111/><D121/><U82/><E113/><V120/><F7/><W0/><G131/><T59/><D125/><U6/><E32/><V129/><F120/><W18/><G133/><T84/><D69/><N who="2" m="26698" /><F129/><W47/><G18/><T114/><D114/><U115/><E115/><V70/><N who="2" m="26706" /><V109/><DORA hai="108" /><F109/><W16/><G5/><T13/><REACH who="0" step="1"/><D111/><REACH who="0" ten="240,250,250,250" step="2"/><U75/><E75/><V101/><F101/><W73/><G73/><T95/><D95/><U2/><E107/><V19/><F19/><W87/><G72/><T74/><D74/><U104/><E104/><V34/><F30/><W25/><G16/><T118/><D118/><U119/><E119/><V38/><F29/><W92/><G83/><T8/><D8/><U97/><E82/><V41/><F34/><AGARI ba="0,1" hai="13,14,33,34,35,59,61,67,84,91,93,99,103,105" machi="34" ten="40,2000,0" yaku="1,1,53,0" doraHai="36,108" doraHaiUra="135,132" who="0" fromWho="2" sc="240,30,250,0,250,-20,250,0" /><INIT seed="0,1,0,0,2,132" ten="270,250,230,250" oya="0" hai0="127,1,47,13,26,18,50,90,51,29,121,0,97" hai1="88,11,100,102,113,73,71,43,2,106,30,80,125" hai2="25,82,34,55,15,42,57,119,21,123,116,58,63" hai3="4,61,92,112,27,110,79,5,24,95,70,38,117"/><T91/><D121/><U45/><E71/><V128/><F34/><W74/><G38/><T8/><D51/><U28/><E113/><V68/><F123/><W37/><G37/><T131/><D131/><U36/><E125/><V133/><F68/><W10/><G112/><T14/><D127/><U41/><E41/><V7/><F128/><W89/><G117/><N who="2" m="45129" /><F133/><W32/><G95/><T59/><D59/><U53/><E53/><N who="2" m="34223" /><F42/><W12/><G4/><T75/><D75/><U81/><E81/><V108/><F108/><W126/><G126/><T72/><D72/><U98/><E102/><V40/><F40/><W3/><G3/><T78/><D78/><N who="1" m="44111" /><E88/><N who="0" m="33833" /><D97/><U85/><E85/><V46/><F46/><W87/><G110/><T62/><D1/><U103/><E103/><V124/><F82/><W101/><G101/><T115/><D0/><U22/><E22/><V109/><F109/><W120/><G120/><T135/><D115/><U86/><E86/><V19/><F7/><AGARI ba="1,0" hai="2,7,11,28,30,36,43,45,98,100,106" m="44111" machi="7" ten="30,1000,0" yaku="25,1" doraHai="132" who="1" fromWho="2" sc="270,0,250,13,230,-13,250,0" /><INIT seed="1,0,0,1,0,65" ten="270,263,217,250" oya="1" hai0="10,48,37,38,114,106,116,25,88,42,108,1,78" hai1="3,135,134,97,64,133,113,49,122,94,35,55,23" hai2="130,109,103,20,80,29,12,5,117,44,43,90,8" hai3="16,34,89,87,4,33,131,92,28,118,77,36,14"/><U26/><E122/><V128/><F117/><W105/><G36/><T126/><D25/><U120/><E120/><V127/><F109/><W123/><G123/><T58/><D108/><U83/><E3/><V60/><F103/><W102/><G131/><T93/><D114/><U66/><E113/><V59/><F127/><W70/><G118/><T125/><D106/><U69/><E83/><V2/><F2/><W79/><G4/><N who="0" m="1295" /><D78/><U124/><E124/><N who="0" m="47721" /><D116/><U22/><E66/><V56/><F29/><W62/><G102/><T76/><D76/><U96/><E35/><V121/><F121/><W63/><G105/><T6/><D6/><U84/><E84/><N who="2" m="50439" /><F20/><N who="1" m="7721" /><E26/><V19/><F60/><W71/><G34/><T9/><D9/><U52/><E94/><V75/><F75/><W82/><G28/><T112/><D112/><U40/><E40/><V47/><F5/><W68/><G33/><T45/><D58/><N who="2" m="22058" /><F43/><W46/><G46/><T30/><D30/><U18/><E18/><V74/><F74/><W54/><G77/><T51/><D38/><U13/><E13/><V99/><F99/><AGARI ba="0,0" hai="37,42,45,48,51,88,93,99" m="47721,1295" machi="99" ten="30,2000,0" yaku="18,1,54,1" doraHai="65" who="0" fromWho="2" sc="270,20,263,0,217,-20,250,0" /><INIT seed="2,0,0,2,5,125" ten="290,263,197,250" oya="2" hai0="107,55,89,75,16,122,32,50,115,6,132,20,112" hai1="79,68,26,13,65,8,3,48,93,134,98,40,69" hai2="96,51,37,120,58,42,46,56,90,12,5,82,113" hai3="53,94,117,130,124,15,7,62,64,18,78,77,60"/><V22/><F113/><W91/><G117/><T128/><D107/><U71/><E3/><V123/><F37/><W61/><G124/><T17/><D75/><U49/><E79/><N who="3" m="30218" /><G130/><T41/><D128/><U76/><E76/><V9/><F120/><W28/><G28/><T67/><D32/><U29/><E134/><V108/><F123/><W121/><G121/><T102/><D132/><U129/><E65/><V105/><F108/><W81/><G81/><T0/><D102/><U109/><E109/><V106/><F106/><W118/><G118/><T116/><D41/><U19/><E129/><V24/><F105/><W34/><G34/><T33/><D67/><U84/><E84/><V101/><F101/><W44/><G7/><T10/><D33/><U30/><E40/><V54/><F42/><W131/><G131/><T103/><D103/><U92/><E92/><V72/><F72/><W133/><G133/><T88/><D116/><U97/><E97/><V73/><F73/><W21/><G64/><T70/><D70/><U14/><E14/><V39/><F39/><W27/><G15/><N who="0" m="9247" /><D17/><U110/><E110/><V80/><F80/><W59/><G44/><N who="0" m="28103" /><D122/><U4/><E19/><N who="2" m="12383" /><F82/><W100/><G100/><T25/><D25/><U85/><E85/><AGARI ba="0,0" hai="18,21,27,53,59,60,61,62,85,91,94" m="30218" machi="85" ten="30,1000,0" yaku="8,1" doraHai="125" who="3" fromWho="1" sc="290,0,263,-10,197,0,250,10" /><INIT seed="3,0,0,0,0,50" ten="290,253,197,260" oya="3" hai0="42,14,114,16,64,63,71,121,41,84,118,103,7" hai1="46,98,39,81,31,85,10,65,4,8,36,61,100" hai2="19,47,66,20,34,0,52,24,79,95,18,78,23" hai3="62,55,69,33,26,13,132,30,131,115,68,110,44"/><W117/><G117/><T89/><D121/><U82/><E46/><V53/><F0/><W125/><G115/><T116/><D114/><U93/><E82/><V72/><F34/><W75/><G75/><T130/><D130/><U15/><E10/><V67/><F72/><W76/><G76/><N who="2" m="29225" /><F95/><W80/><G131/><T107/><D7/><U57/><E31/><V111/><F47/><W40/><G80/><T91/><D42/><U126/><E126/><V38/><F38/><W5/><G125/><T108/><D41/><U87/><E87/><V97/><F97/><W123/><G123/><T12/><D108/><U51/><E51/><V17/><F111/><W70/><G132/><T56/><D14/><U96/><E98/><V119/><F119/><W99/><G99/><T43/><D71/><U3/><E3/><V122/><F122/><W105/><G105/><T49/><D107/><U6/><E6/><V25/><F18/><W90/><G90/><AGARI ba="0,0" hai="4,8,15,36,39,57,61,65,81,85,90,93,96,100" machi="90" ten="30,1000,0" yaku="7,1" doraHai="50" who="1" fromWho="3" sc="290,0,253,10,197,0,260,-10" /><INIT seed="4,0,0,1,1,44" ten="290,263,197,250" oya="0" hai0="43,0,132,64,28,32,26,134,85,23,8,135,114" hai1="12,127,118,125,123,18,29,129,55,103,16,66,93" hai2="52,92,79,20,133,121,48,24,9,22,88,108,101" hai3="100,27,4,1,71,75,69,58,15,81,30,76,111"/><T70/><D70/><U33/><E123/><V99/><F121/><W40/><G111/><T80/><D64/><U36/><E36/><V31/><F108/><W68/><G100/><T38/><D114/><U82/><E118/><V49/><F133/><W67/><G1/><T72/><D23/><U54/><E66/><V74/><F9/><W105/><G105/><T130/><D130/><U78/><E29/><V109/><F109/><W96/><G40/><T41/><D38/><U95/><E33/><V124/><F124/><N who="1" m="47689" /><E103/><V13/><F101/><W86/><G75/><T2/><D72/><U3/><E3/><N who="0" m="1065" /><D8/><N who="1" m="6151" /><E18/><V113/><F113/><W14/><G4/><T46/><D46/><U37/><E37/><V57/><F74/><W6/><G6/><T34/><D34/><U19/><E19/><N who="2" m="10351" /><F79/><AGARI ba="0,0" hai="26,28,32,41,43,79,80,85,132,134,135" m="1065" machi="79" ten="40,2000,0" yaku="20,1" doraHai="44" who="0" fromWho="2" sc="290,20,263,0,197,-20,250,0" /><INIT seed="4,1,0,5,0,37" ten="310,263,177,250" oya="0" hai0="121,80,86,116,61,36,130,70,129,92,23,105,90" hai1="126,88,99,108,21,91,47,93,87,81,38,43,9" hai2="72,15,30,135,82,73,20,131,104,14,35,42,7" hai3="31,112,119,27,25,39,16,1,128,44,113,50,49"/><T75/><D36/><U77/><E108/><V76/><F104/><W57/><G1/><T89/><D121/><U40/><E126/><V109/><F109/><W46/><G119/><T24/><D116/><U134/><E134/><V4/><F131/><N who="0" m="50186" /><D105/><U123/><E123/><V100/><F135/><W132/><G128/><T94/><D70/><U51/><E9/><V122/><F122/><W13/><G132/><T68/><D68/><U107/><E107/><V17/><F100/><W52/><G39/><T83/><D61/><U95/><E21/><V69/><F69/><W96/><G96/><N who="0" m="57359" /><D75/><U55/><E38/><V45/><F73/><AGARI ba="1,0" hai="40,43,47,51,55,73,77,81,87,88,91,93,95,99" machi="73" ten="30,7700,0" yaku="7,1,52,2,54,1" doraHai="37" who="1" fromWho="2" sc="310,0,263,80,177,-80,250,0" /><INIT seed="5,0,0,5,1,108" ten="310,343,97,250" oya="1" hai0="42,63,29,121,83,2,33,102,21,125,23,96,89" hai1="10,133,110,0,81,31,22,112,9,109,13,127,94" hai2="107,8,128,19,66,95,85,38,88,18,80,11,4" hai3="101,6,104,92,50,60,65,45,58,129,52,74,28"/><U77/><E127/><V122/><F38/><W105/><G129/><T40/><D2/><U16/><E133/><V68/><F122/><W57/><G74/><T126/><D121/><U32/><E94/><V20/><F128/><W35/><G6/><T119/><D119/><U64/><E64/><V86/><F107/><W17/><G35/><T30/><D63/><U103/><E103/><V5/><F68/><W53/><G28/><N who="0" m="10859" /><D33/><U120/><E120/><V111/><F66/><W37/><G37/><T91/><D83/><U44/><E44/><V124/><F111/><N who="1" m="42505" /><E81/><V55/><F55/><W43/><G43/><N who="0" m="16427" /><D102/><U73/><E73/><V87/><F124/><N who="0" m="47722" /><D96/><U78/><E77/><V1/><F20/><AGARI ba="0,0" hai="20,21,23,89,91" m="47722,16427,10859" machi="20" ten="30,3900,0" yaku="28,2,18,1" doraHai="108" who="0" fromWho="2" sc="310,39,343,0,97,-39,250,0" /><INIT seed="6,0,0,1,2,116" ten="349,343,58,250" oya="2" hai0="109,63,59,53,89,134,62,123,18,16,82,25,111" hai1="27,61,126,78,70,118,83,76,87,33,44,79,58" hai2="132,29,48,94,17,121,8,115,20,38,88,122,91" hai3="125,52,101,51,65,120,77,117,54,56,135,131,107"/><V35/><F38/><W28/><G117/><T37/><D123/><U129/><E118/><V26/><F115/><W103/><G120/><T36/><D134/><U21/><E126/><V60/><F132/><W113/><G135/><T66/><D109/><U110/><E110/><V4/><F60/><W127/><G131/><T108/><D37/><U7/><E129/><V30/><F91/><W14/><G65/><T19/><D36/><U112/><E112/><V69/><F69/><W106/><G77/><T71/><REACH who="0" step="1"/><D25/><REACH who="0" ten="339,343,58,250" step="2"/><U130/><E130/><V31/><F48/><W95/><G113/><T73/><D73/><U13/><E27/><V86/><REACH who="2" step="1"/><F35/><REACH who="2" ten="339,343,48,250" step="2"/><W55/><G51/><T124/><D124/><U80/><E33/><V74/><F74/><W41/><G125/><T67/><D67/><U22/><E61/><V10/><F10/><W2/><G127/><T68/><D68/><U72/><E70/><V0/><AGARI ba="0,2" hai="0,4,8,17,20,26,29,30,31,86,88,94,121,122" machi="0" ten="30,12000,1" yaku="1,1,0,1,52,2,54,1,53,0" doraHai="116" doraHaiUra="75" who="2" fromWho="2" sc="339,-40,343,-40,48,140,250,-40" /><INIT seed="6,1,0,4,1,134" ten="299,303,188,210" oya="2" hai0="129,33,14,105,70,41,94,51,8,75,68,114,99" hai1="44,72,21,128,64,1,112,101,58,29,89,34,12" hai2="115,36,40,49,59,123,102,66,85,113,130,100,93" hai3="52,23,87,95,133,63,117,126,54,88,90,118,35"/><V62/><F123/><W107/><G35/><T65/><D33/><U127/><E72/><V45/><F130/><W111/><G107/><T42/><D75/><U132/><E1/><V121/><F121/><W15/><G133/><T92/><D129/><U6/><E132/><V83/><F93/><W13/><G111/><T78/><D114/><U96/><E89/><V82/><F82/><W81/><G126/><T24/><D78/><U56/><E112/><V61/><F115/><W74/><G74/><T125/><D24/><U131/><E127/><V18/><F113/><W77/><G77/><T11/><D14/><U84/><E84/><V106/><F106/><W39/><G39/><T73/><D73/><U25/><E34/><V43/><F18/><W5/><G117/><T116/><D51/><U108/><E108/><V71/><F40/><W31/><G63/><T9/><D116/><U16/><E44/><V80/><F80/><W20/><G118/><T7/><D7/><U32/><E64/><V69/><F69/><N who="0" m="26730" /><D65/><U50/><E6/><V79/><REACH who="2" step="1"/><F36/><REACH who="2" ten="299,303,178,210" step="2"/><W120/><G120/><T38/><D38/><U19/><E131/><V91/><F91/><W104/><G104/><T27/><D94/><U30/><E128/><V37/><F37/><W53/><G5/><T10/><D105/><U135/><E135/><V55/><AGARI ba="1,1" hai="43,45,49,55,59,61,62,66,71,79,83,85,100,102" machi="55" ten="20,3900,0" yaku="1,1,0,1,7,1,53,0" doraHai="134" doraHaiUra="22" who="2" fromWho="2" sc="299,-14,303,-14,178,52,210,-14" /><INIT seed="6,2,0,1,3,4" ten="285,289,230,196" oya="2" hai0="36,114,133,52,103,120,66,17,104,127,38,58,73" hai1="34,79,69,135,113,97,62,96,63,8,12,56,33" hai2="91,1,75,107,29,43,67,9,28,10,42,41,14" hai3="59,6,37,7,13,71,0,95,55,15,35,93,110"/><V60/><F75/><W47/><G71/><T53/><D120/><U45/><E135/><V82/><F107/><W121/><G35/><T77/><D133/><U78/><E113/><V100/><F100/><W57/><G121/><T86/><D114/><U87/><E45/><V101/><F101/><W25/><G110/><T30/><D30/><U26/><E69/><V105/><F105/><W115/><G115/><T76/><D127/><U20/><E34/><V112/><F112/><W128/><G128/><T18/><D73/><U99/><E33/><V54/><F1/><W111/><G111/><T22/><D103/><U51/><E87/><N who="2" m="50679" /><F14/><W98/><G25/><T80/><D104/><U50/><E50/><V44/><F67/><W24/><G24/><T46/><D77/><N who="1" m="29195" /><E51/><N who="2" m="29031" /><F60/><W3/><G47/><T11/><D66/><N who="1" m="39239" /><E63/><V2/><F2/><W83/><G98/><T108/><D108/><U68/><E68/><V61/><F61/><W74/><G74/><T81/><D38/><U5/><E99/><V123/><F123/><W32/><G32/><T131/><D36/><U134/><E134/><V21/><F21/><W48/><G37/><T88/><D131/><U119/><E119/><V70/><F70/><W64/><G64/><T31/><D46/><U89/><E89/><V84/><F84/><W122/><G122/><T23/><D23/><U92/><E92/><V85/><F85/><W40/><G48/><T27/><D58/><U117/><E117/><V90/><F90/><W65/><G65/><T16/><D88/><U102/><E102/><V129/><F129/><W72/><G72/><RYUUKYOKU ba="2,0" sc="285,-15,289,15,230,15,196,-15" hai1="5,8,12,20,26,96,97" hai2="9,10,28,29,41,42,43" /><INIT seed="6,3,0,2,2,109" ten="270,304,245,181" oya="2" hai0="131,76,89,46,70,106,40,116,8,98,30,84,80" hai1="14,29,19,27,62,94,65,104,0,51,75,31,63" hai2="85,20,102,112,107,100,82,81,67,32,13,130,119" hai3="47,86,9,44,6,60,66,10,38,26,34,68,35"/><V3/><F32/><W87/><G34/><T15/><D70/><U1/><E104/><V28/><F3/><W113/><G10/><T21/><D131/><U41/><E75/><V4/><F119/><W54/><G44/><T88/><D116/><U93/><E41/><V24/><F130/><W48/><G38/><T73/><D73/><U77/><E77/><V23/><F107/><W121/><G121/><T5/><D106/><U7/><E51/><V126/><F67/><W120/><G120/><T49/><D98/><U117/><E117/><V37/><F37/><W90/><G35/><T135/><D135/><U74/><E74/><V71/><F71/><W53/><G26/><AGARI ba="3,0" hai="5,8,15,21,26,30,40,46,49,76,80,84,88,89" machi="26" ten="40,8000,1" yaku="25,2,8,1,54,1" doraHai="109" who="0" fromWho="3" sc="270,89,304,0,245,0,181,-89" /><INIT seed="7,0,0,2,1,30" ten="359,304,245,92" oya="3" hai0="54,37,100,113,19,4,135,1,23,14,95,32,118" hai1="60,33,21,22,50,72,69,86,49,34,68,78,57" hai2="41,84,103,8,122,55,44,97,94,128,80,27,65" hai3="62,29,77,126,53,10,114,28,123,81,116,83,119"/><W64/><G123/><T90/><D37/><U99/><E99/><V121/><F65/><W70/><G114/><T7/><D32/><N who="1" m="12395" /><E72/><V66/><F66/><W76/><G126/><T67/><D100/><U52/><E78/><V9/><F27/><W15/><G53/><T87/><D113/><U26/><E26/><V134/><F128/><W16/><G29/><T109/><D109/><U71/><E86/><V112/><F134/><W61/><G28/><T31/><D135/><U51/><E60/><V58/><F112/><W107/><G107/><T38/><D31/><U56/><E52/><V91/><F121/><W79/><REACH who="3" step="1"/><G61/><REACH who="3" ten="359,304,245,82" step="2"/><T85/><D54/><U131/><E131/><V101/><F122/><W42/><G42/><T124/><D124/><U6/><E6/><V45/><F55/><W63/><G63/><T11/><D7/><U18/><E18/><V115/><F41/><W75/><G75/><T74/><D19/><U59/><AGARI ba="0,1" hai="21,22,49,50,51,56,57,59,68,69,71" m="12395" machi="59" ten="50,12000,2" yaku="29,2,28,2,52,3" doraHai="30" who="1" fromWho="1" sc="359,-30,304,130,245,-30,82,-60" owari="329,13.0,434,53.0,215,-18.0,22,-48.0" /></mjloggm>