<mjloggm ver="2.3"><GO type="97" lobby="0"/><UN n0="%E3%82%AB%E3%83%AF%E3%83%81" n1="%74%72%34%37%38%79%75%75" n2="%E5%B0%B1%E6%B4%BB%E7%94%9F%40%E5%B7%9D%E6%9D%91%E8%BB%8D%E5%9B%A3" n3="%E8%81%96%E7%87%90" dan="13,13,14,13" rate="1849.40,1863.62,1977.62,1967.35" sx="M,M,M,F"/><TAIKYOKU oya="0"/><INIT seed="0,0,0,4,4,68" ten="250,250,250,250" oya="0" hai0="83,70,126,109,125,9,21,62,1,56,6,64,10" hai1="96,76,104,124,48,135,110,30,41,127,55,73,26" hai2="72,114,45,92,51,20,52,2,128,14,67,65,58" hai3="43,111,34,59,27,123,32,3,31,74,134,106,22"/><T112/><D112/><U16/><E110/><V98/><F2/><W130/><G59/><T88/><D109/><U80/><E135/><V4/><F72/><W49/><G49/><T133/><D133/><U71/><E71/><V42/><F114/><W36/><G43/><T66/><D10/><U101/><E41/><V61/><F128/><W19/><G19/><T35/><D35/><U87/><E73/><V119/><F119/><W131/><G22/><T129/><D129/><U94/><E104/><V60/><F60/><W25/><G25/><T90/><D21/><U102/><E102/><V103/><REACH who="2" step="1"/><F4/><REACH who="2" ten="250,250,240,250" step="2"/><W107/><G130/><T57/><D125/><U33/><REACH who="1" step="1"/><E16/><AGARI ba="0,1" hai="14,16,20,42,45,51,52,58,61,65,67,92,98,103" machi="16" ten="40,12000,2" yaku="1,1,2,1,8,1,54,2,53,1" doraHai="68" doraHaiUra="40" who="2" fromWho="1" sc="250,0,250,-120,240,130,250,0" /><INIT seed="1,0,0,3,3,80" ten="250,130,370,250" oya="1" hai0="33,75,118,18,0,109,115,105,45,46,88,96,124" hai1="76,52,24,16,90,128,36,8,6,78,61,25,121" hai2="5,67,62,66,94,86,11,63,1,135,91,26,103" hai3="114,42,123,60,99,39,77,19,133,85,120,87,72"/><U27/><E121/><V110/><F135/><W102/><G114/><T50/><D118/><U69/><E36/><V48/><F110/><W125/><G60/><T117/><D117/><U49/><E128/><V59/><F103/><W100/><G42/><T3/><D75/><U122/><E122/><N who="3" m="46634" /><G39/><T119/><D115/><U57/><E69/><V55/><F26/><W101/><G19/><T97/><D119/><U74/><E74/><V130/><F130/><W81/><G133/><T65/><D33/><U82/><E61/><V44/><REACH who="2" step="1"/><F63/><REACH who="2" ten="250,130,360,250" step="2"/><W107/><G125/><T4/><D124/><U68/><E68/><V34/><F34/><W71/><G71/><T127/><D127/><U93/><E82/><V58/><F58/><W28/><G28/><T98/><D109/><U95/><E95/><V106/><F106/><W30/><G30/><T51/><D105/><U40/><E40/><AGARI ba="0,1" hai="1,5,11,40,44,48,55,59,62,66,67,86,91,94" machi="40" ten="30,3900,0" yaku="1,1,7,1,52,1,53,0" doraHai="80" doraHaiUra="29" who="2" fromWho="1" sc="250,0,130,-39,360,49,250,0" /><INIT seed="2,0,0,1,1,65" ten="250,91,409,250" oya="2" hai0="41,67,99,100,10,112,85,42,127,135,37,12,49" hai1="69,107,28,117,96,101,59,88,34,20,44,120,70" hai2="132,53,52,31,22,5,84,0,118,124,66,32,75" hai3="108,33,43,36,91,106,80,77,97,58,1,126,60"/><V48/><F75/><W86/><G1/><T113/><D37/><U7/><E117/><V71/><F118/><W30/><G33/><T131/><D127/><U122/><E20/><V35/><F124/><W68/><G30/><T29/><D131/><U103/><E103/><V89/><F132/><W47/><G126/><T81/><D135/><U39/><E59/><V128/><F128/><W78/><G108/><T79/><D29/><U121/><E7/><V134/><F134/><W119/><G119/><T25/><D25/><N who="1" m="18703" /><E88/><V6/><F22/><W18/><G18/><T54/><D67/><U90/><E90/><V62/><F53/><W61/><G106/><T23/><D23/><U98/><E96/><V26/><F35/><W19/><G19/><N who="0" m="8599" /><D113/><U46/><E46/><V123/><F123/><W111/><G111/><T9/><D9/><U45/><E45/><V73/><F73/><W72/><G97/><T95/><D112/><U93/><E93/><V24/><F24/><W56/><G72/><T13/><D13/><U102/><E101/><V74/><F74/><W83/><G83/><T14/><D14/><U11/><E11/><V3/><F3/><W64/><G58/><AGARI ba="0,0" hai="41,42,49,54,58,79,81,85,95,99,100" m="8599" machi="58" ten="30,1000,0" yaku="8,1" doraHai="65" who="0" fromWho="3" sc="250,10,91,0,409,0,250,-10" /><INIT seed="3,0,0,2,3,44" ten="260,91,409,240" oya="3" hai0="115,85,8,54,77,20,78,42,14,74,51,19,25" hai1="101,86,62,60,40,59,38,109,105,26,131,61,2" hai2="111,90,34,43,31,18,66,95,58,123,65,93,89" hai3="67,68,119,124,4,108,104,107,57,56,7,52,17"/><W23/><G119/><T92/><D74/><U135/><E2/><V80/><F123/><W28/><G124/><T99/><D42/><U6/><E6/><V1/><F1/><W12/><G108/><T69/><D69/><U133/><E109/><V39/><F39/><W129/><G68/><T112/><D85/><U83/><E131/><V36/><F36/><W45/><G107/><T5/><D112/><U72/><E72/><V94/><F111/><W122/><G104/><T46/><REACH who="0" step="1"/><D115/><REACH who="0" ten="250,91,409,240" step="2"/><U126/><E126/><V88/><F43/><W70/><G122/><T49/><D49/><U22/><E38/><V73/><F73/><W116/><G70/><T24/><D24/><U130/><E40/><V82/><F82/><W114/><G114/><T121/><D121/><U127/><E127/><V29/><F80/><W9/><G116/><T27/><D27/><U76/><E130/><V118/><F118/><W0/><G129/><T120/><D120/><U103/><E105/><V96/><F96/><W55/><G0/><T79/><D79/><U75/><E75/><V125/><F125/><W91/><G91/><AGARI ba="0,1" hai="5,8,14,19,20,25,46,51,54,77,78,91,92,99" machi="91" ten="30,8000,1" yaku="1,1,7,1,8,1,52,1,53,1" doraHai="44" doraHaiUra="84" who="0" fromWho="3" sc="250,90,91,0,409,0,240,-80" owari="340,14.0,91,-41.0,409,51.0,160,-24.0" /></mjloggm>