<mjloggm ver="2.3"><GO type="41" lobby="0"/><UN n0="%44%75%61%6C%43%6F%72%65" n1="%74%65%72%75%74%61%6B%75" n2="%52%79%75%31%39%36%33" n3="%E5%B0%B1%E6%B4%BB%E7%94%9F%40%E5%B7%9D%E6%9D%91%E8%BB%8D%E5%9B%A3" dan="13,13,15,14" rate="1853.08,1896.67,2001.22,1958.73" sx="M,M,M,M"/><TAIKYOKU oya="0"/><INIT seed="0,0,0,4,2,69" ten="250,250,250,250" oya="0" hai0="86,12,72,55,80,51,104,105,2,84,7,58,25" hai1="53,21,0,110,63,79,68,13,124,91,102,103,26" hai2="126,76,107,1,127,132,128,3,131,123,57,54,17" hai3="130,129,70,119,23,85,47,71,39,90,45,88,133"/><T24/><D2/><U61/><E0/><N who="2" m="75" /><F107/><W49/><G119/><T20/><D72/><U31/><E124/><N who="2" m="47659" /><F76/><W46/><G133/><T22/><D105/><U89/><E68/><N who="3" m="26154" /><G23/><T27/><D104/><U42/><E110/><V19/><F54/><W32/><G32/><T111/><D111/><U16/><E79/><V34/><F57/><W36/><G49/><T114/><D114/><U60/><E42/><V101/><F101/><N who="1" m="38409" /><E53/><V109/><F109/><W121/><G121/><T38/><D38/><N who="3" m="14377" /><G85/><N who="0" m="32875" /><D80/><U40/><E40/><V64/><F64/><W66/><G66/><T5/><D22/><AGARI ba="0,0" hai="13,16,21,22,26,31,60,61,63,89,91" m="38409" machi="22" ten="30,2000,0" yaku="8,1,54,1" doraHai="69" who="1" fromWho="0" sc="250,-20,250,20,250,0,250,0" /><INIT seed="1,0,0,4,3,37" ten="230,270,250,250" oya="1" hai0="11,3,19,62,23,55,120,128,75,13,121,38,10" hai1="26,22,76,1,80,116,133,44,4,20,96,5,15" hai2="48,114,108,0,93,36,122,9,35,106,124,16,57" hai3="94,51,81,41,63,131,34,32,102,125,58,45,8"/><U24/><E116/><V134/><RYUUKYOKU type="yao9" ba="0,0" sc="230,0,270,0,250,0,250,0" hai2="0,9,16,35,36,48,57,93,106,108,114,122,124,134" /><INIT seed="1,1,0,5,2,25" ten="230,270,250,250" oya="1" hai0="9,66,71,11,97,81,76,38,46,114,113,67,15" hai1="99,127,112,33,17,79,102,100,54,70,48,118,26" hai2="21,106,22,128,133,75,0,30,20,37,4,50,125" hai3="87,86,61,104,111,132,121,83,45,47,35,115,43"/><U7/><E118/><V88/><F37/><W10/><G104/><T44/><D38/><U40/><E112/><V24/><F106/><W49/><G115/><T69/><D15/><U51/><E70/><V72/><F125/><W101/><G35/><T62/><D81/><U5/><E127/><V91/><F128/><W96/><G121/><T103/><D97/><U18/><E79/><V110/><F133/><W57/><G132/><T105/><D105/><U2/><E2/><V16/><F110/><W122/><G122/><T32/><D32/><U120/><E120/><V12/><F22/><W8/><G47/><T27/><D27/><U13/><E33/><N who="2" m="20679" /><F50/><W34/><G34/><T130/><D76/><U39/><E39/><V98/><F21/><W63/><G111/><T117/><D62/><U14/><E26/><V65/><F65/><W74/><G74/><N who="2" m="28201" /><F98/><W90/><G86/><T36/><D36/><U3/><E3/><V77/><F77/><W126/><G63/><T107/><D107/><U60/><E60/><V78/><F78/><W53/><G126/><T135/><D135/><U131/><E131/><V129/><F129/><W28/><G96/><T42/><D130/><U95/><E102/><V64/><F64/><W134/><G101/><T29/><D103/><U119/><E119/><V41/><F41/><W109/><G134/><T56/><D56/><N who="1" m="32839" /><E40/><V93/><F93/><W92/><G109/><T94/><D94/><U23/><E51/><V55/><F55/><W85/><G28/><T84/><D42/><U52/><E52/><V73/><N who="2" m="28209" /><V6/><DORA hai="1" /><F6/><RYUUKYOKU ba="1,0" sc="230,-30,270,10,250,10,250,10" hai1="5,7,13,14,17,18,23,95,99,100" hai2="0,4,12,16,20,88,91" hai3="8,10,43,45,49,53,57,61,83,85,87,90,92" /><INIT seed="1,2,0,1,3,88" ten="200,280,260,260" oya="1" hai0="36,134,31,75,125,19,116,95,97,63,70,2,124" hai1="117,40,99,132,45,44,16,28,53,119,10,85,76" hai2="90,80,0,69,93,4,57,128,3,41,79,26,7" hai3="110,108,86,94,32,48,50,23,123,106,37,58,61"/><U127/><E119/><V126/><F69/><W62/><G32/><T55/><D2/><U47/><E117/><V22/><F126/><W118/><G106/><T12/><D36/><U102/><E127/><V18/><F128/><W131/><G37/><T98/><D75/><U51/><E132/><V38/><F3/><W122/><G118/><T115/><D116/><U107/><E28/><V33/><F33/><W1/><G1/><T109/><D115/><U29/><E29/><V35/><F35/><W9/><G9/><T82/><D82/><U87/><E76/><V73/><F0/><W67/><G131/><T14/><D31/><U13/><REACH who="1" step="1"/><E47/><REACH who="1" ten="200,270,260,260" step="2"/><V100/><F100/><W84/><G123/><T130/><D134/><U81/><E81/><V60/><F41/><W59/><G122/><T113/><D130/><U103/><E103/><V120/><F120/><W6/><G110/><T135/><D109/><U71/><E71/><V11/><F11/><W65/><G108/><T83/><D124/><U64/><E64/><V49/><F38/><AGARI ba="2,1" hai="10,13,16,38,40,44,45,51,53,85,87,99,102,107" machi="38" ten="30,5800,0" yaku="1,1,7,1,54,1,53,0" doraHai="88" doraHaiUra="121" who="1" fromWho="2" sc="200,0,270,74,260,-64,260,0" /><INIT seed="1,3,0,2,5,0" ten="200,344,196,260" oya="1" hai0="2,45,110,29,82,123,16,92,13,88,104,126,119" hai1="72,27,94,78,75,8,131,66,108,51,113,129,105" hai2="99,106,81,20,65,5,115,133,118,79,15,3,43" hai3="17,109,12,25,93,32,28,102,73,40,18,112,127"/><U83/><E105/><V77/><F115/><W87/><G73/><T6/><D104/><U11/><E113/><V19/><F118/><W54/><G112/><T76/><D119/><U39/><E39/><V91/><F133/><W38/><G127/><T98/><D126/><U84/><E66/><V10/><F65/><W68/><G68/><T63/><D29/><U24/><E51/><V122/><F122/><W21/><G109/><T121/><D110/><U69/><E69/><V31/><F43/><W46/><G54/><T85/><D2/><U60/><E60/><V41/><F41/><W124/><G124/><T97/><D97/><U95/><E108/><V107/><F77/><W58/><G58/><T9/><D63/><U111/><E111/><V120/><F31/><W100/><G18/><T7/><D45/><U49/><E49/><V52/><F120/><AGARI ba="3,0" hai="6,7,9,13,16,76,82,85,88,92,98,120,121,123" machi="120" ten="40,8000,1" yaku="13,1,52,2,54,2" doraHai="0" who="0" fromWho="2" sc="200,89,344,0,196,-89,260,0" /><INIT seed="2,0,0,2,0,129" ten="289,344,107,260" oya="2" hai0="58,48,68,33,104,92,37,72,11,15,112,93,12" hai1="125,105,97,14,30,45,87,24,90,19,67,13,69" hai2="101,95,6,85,107,126,23,46,119,47,9,40,134" hai3="44,27,82,74,4,99,41,80,118,61,28,66,76"/><V116/><F126/><W2/><G118/><T52/><D104/><U127/><E45/><V63/><F107/><W53/><G53/><T94/><D33/><U65/><E97/><V18/><F47/><W62/><G99/><T34/><D34/><U132/><E105/><V135/><F63/><W55/><G55/><T100/><D72/><U81/><E14/><V91/><F101/><W70/><G62/><T1/><D1/><U35/><E132/><N who="2" m="50731" /><F18/><W43/><G80/><T16/><D68/><U54/><E54/><V75/><F23/><W106/><G43/><T78/><D78/><U110/><E110/><V49/><F75/><W64/><G64/><T71/><D71/><U25/><E25/><V124/><F124/><N who="1" m="47689" /><E69/><V10/><F10/><AGARI ba="0,0" hai="10,13,19,24,30,35,65,67,81,87,90" m="47689" machi="10" ten="30,1000,0" yaku="18,1" doraHai="129" who="1" fromWho="2" sc="289,0,344,10,107,-10,260,0" /><INIT seed="3,0,0,0,1,48" ten="289,354,97,260" oya="3" hai0="120,33,125,28,119,18,112,10,67,105,9,14,91" hai1="94,5,39,118,134,21,50,63,86,104,8,58,54" hai2="132,99,73,3,92,29,109,13,71,24,0,101,121" hai3="65,45,46,124,7,83,93,27,74,57,43,122,97"/><W32/><G122/><T37/><D105/><U123/><E104/><V77/><F71/><W116/><G116/><T84/><D37/><U23/><E39/><V130/><F121/><W111/><G124/><T35/><D120/><U131/><E123/><V17/><F130/><W102/><G111/><T68/><D119/><U25/><E118/><V107/><F109/><W16/><G7/><T66/><D125/><U20/><E134/><V114/><F132/><W31/><G16/><T64/><D68/><U90/><E131/><V55/><F114/><W62/><G43/><T52/><D112/><U95/><E8/><V34/><F107/><W42/><G42/><T72/><D72/><U1/><E5/><V126/><F126/><W30/><G30/><T19/><D35/><U128/><E1/><V133/><F133/><W36/><G36/><T76/><D76/><U135/><E135/><V127/><F127/><W75/><G75/><T26/><D18/><U100/><E128/><V108/><F108/><W15/><G15/><T103/><D103/><U70/><E70/><V88/><F101/><W59/><G59/><T117/><D117/><U110/><E110/><V81/><REACH who="2" step="1"/><F55/><REACH who="2" ten="289,354,87,260" step="2"/><W113/><G113/><T80/><D9/><AGARI ba="0,1" hai="0,3,9,13,17,24,29,34,73,77,81,88,92,99" machi="9" ten="30,7700,0" yaku="1,1,2,1,7,1,54,1,53,0" doraHai="48" doraHaiUra="96" who="2" fromWho="0" sc="289,-77,354,0,87,87,260,0" /><INIT seed="4,0,0,1,3,28" ten="212,354,174,260" oya="0" hai0="87,79,24,70,36,53,124,84,112,115,58,57,35" hai1="81,56,22,105,33,88,19,109,10,34,121,108,25" hai2="32,23,51,30,92,67,62,31,77,60,90,89,133" hai3="64,104,80,127,111,27,11,59,132,131,43,65,3"/><T101/><D36/><U16/><E105/><V9/><F133/><W117/><G104/><T128/><D70/><U69/><E69/><V114/><F114/><N who="0" m="43562" /><D101/><U63/><E121/><V116/><F116/><W26/><G117/><T2/><D2/><U50/><E50/><V5/><F77/><W38/><G111/><T18/><D79/><U95/><E81/><V122/><F122/><W41/><G132/><T21/><D124/><U123/><E123/><V61/><F51/><W106/><G106/><T12/><D128/><U15/><E109/><V1/><F67/><W29/><G38/><T113/><N who="0" m="43570" /><T94/><DORA hai="75" /><D94/><U100/><E100/><V46/><F46/><W103/><G103/><T73/><D73/><U130/><E130/><V126/><F126/><W82/><G3/><T14/><D14/><U120/><E108/><V119/><F119/><W102/><G102/><T97/><D97/><U68/><E120/><V134/><F134/><W83/><G127/><T44/><D44/><U107/><E68/><V7/><F7/><W135/><G135/><T110/><D110/><U93/><E93/><V74/><F74/><W20/><G131/><T8/><D35/><U78/><E78/><V76/><F76/><W71/><G71/><T98/><D98/><N who="1" m="57703" /><E107/><V40/><F40/><W91/><G91/><N who="2" m="34825" /><F32/><W42/><G59/><N who="0" m="22539" /><D53/><AGARI ba="0,0" hai="10,15,16,19,22,25,33,34,53,56,63" m="57703" machi="53" ten="30,8000,1" yaku="25,1,52,2,54,2" doraHai="28,75" who="1" fromWho="0" sc="212,-80,354,80,174,0,260,0" /><INIT seed="5,0,0,3,5,109" ten="132,434,174,260" oya="1" hai0="10,16,4,127,33,107,114,104,100,72,66,21,2" hai1="13,83,131,105,64,82,101,57,128,78,79,77,96" hai2="53,84,74,59,108,130,36,48,118,85,18,3,50" hai3="9,121,54,1,28,80,123,49,122,124,11,26,93"/><U95/><E57/><V23/><F108/><W125/><G80/><T103/><D72/><U111/><E64/><V22/><F74/><W51/><G93/><T14/><D66/><U34/><E111/><V94/><F36/><W41/><G41/><T69/><D69/><U81/><E34/><V91/><F3/><W37/><G37/><T27/><D103/><U15/><E13/><V5/><F5/><W8/><G1/><T65/><D65/><U24/><E15/><V19/><F130/><N who="1" m="49705" /><E24/><N who="2" m="14423" /><F118/><W25/><G54/><T7/><D7/><U106/><AGARI ba="0,0" hai="77,78,79,81,82,83,95,96,101,105,106" m="49705" machi="106" ten="40,7800,0" yaku="19,1,34,2" doraHai="109" who="1" fromWho="1" sc="132,-26,434,78,174,-26,260,-26" /><INIT seed="5,1,0,0,2,40" ten="106,512,148,234" oya="1" hai0="17,124,93,16,106,19,86,81,74,130,84,38,126" hai1="46,32,54,2,7,67,116,39,131,26,80,100,9" hai2="4,63,125,69,41,50,5,92,128,75,21,33,117" hai3="108,110,105,85,71,78,77,13,8,68,56,115,1"/><U60/><E116/><V36/><F117/><W121/><G1/><T49/><D38/><U10/><E131/><V122/><F75/><W97/><G121/><T107/><D74/><U58/><E100/><V135/><F33/><W120/><G120/><T22/><D22/><U134/><E134/><V34/><F34/><W6/><G115/><T73/><D73/><U83/><E10/><V28/><F122/><W118/><G118/><T27/><D93/><U31/><REACH who="1" step="1"/><E54/><REACH who="1" ten="106,502,148,234" step="2"/><V87/><F128/><W114/><G8/><T55/><D130/><U20/><E20/><V42/><F21/><W113/><G113/><T65/><D27/><U123/><E123/><V64/><F135/><W43/><G114/><T47/><D65/><U57/><E57/><V59/><F125/><N who="0" m="48234" /><D84/><U14/><E14/><V37/><F59/><W62/><G56/><T104/><D104/><U70/><E70/><V44/><F87/><W91/><G13/><T132/><D132/><U23/><E23/><V0/><F0/><W35/><G85/><T3/><D3/><U90/><E90/><AGARI ba="1,1" hai="16,17,19,47,49,55,81,86,90,106,107" m="48234" machi="90" ten="30,3900,0" yaku="18,1,52,1,54,1" doraHai="40" who="0" fromWho="1" sc="106,52,502,-42,148,0,234,0" /><INIT seed="6,0,0,0,0,15" ten="158,460,148,234" oya="2" hai0="9,68,67,92,99,129,19,76,11,7,65,124,30" hai1="24,20,57,118,135,10,100,23,42,131,2,93,33" hai2="44,123,80,29,43,3,79,73,6,1,104,91,122" hai3="55,114,120,83,72,121,54,50,5,66,133,82,27"/><V94/><F104/><W22/><G133/><T56/><D68/><U134/><E118/><V26/><F3/><W59/><G114/><T106/><D106/><U128/><E42/><V32/><F91/><W34/><G34/><T115/><D115/><U130/><E57/><V25/><F25/><W84/><G72/><T64/><D30/><N who="1" m="19655" /><E93/><V90/><F90/><W13/><G66/><T53/><D76/><U71/><E100/><V41/><F41/><W98/><G98/><T16/><D129/><U70/><E71/><V119/><F94/><W18/><G83/><T0/><D124/><U77/><E77/><V4/><F4/><W113/><G113/><T47/><D47/><U132/><E70/><V96/><F96/><W69/><G69/><T97/><D11/><U48/><E48/><V58/><F58/><W39/><G39/><T109/><D109/><U102/><E102/><V35/><F35/><W117/><G117/><T108/><D108/><U95/><E95/><V127/><F127/><W87/><G87/><T101/><REACH who="0" step="1"/><D97/><REACH who="0" ten="148,460,148,234" step="2"/><U40/><E40/><V126/><F126/><W89/><G120/><T37/><D37/><U21/><E10/><N who="2" m="2383" /><F119/><W116/><G121/><T52/><D52/><U49/><E49/><AGARI ba="0,1" hai="0,7,9,16,19,49,53,56,64,65,67,92,99,101" machi="49" ten="40,8000,1" yaku="1,1,52,2,54,1,53,1" doraHai="15" doraHaiUra="51" who="0" fromWho="1" sc="148,90,460,-80,148,0,234,0" /><INIT seed="7,0,0,4,0,34" ten="238,380,148,234" oya="3" hai0="119,82,2,117,35,127,134,77,87,30,40,18,58" hai1="96,53,44,103,118,27,83,70,102,116,14,132,90" hai2="22,130,84,54,19,86,92,50,62,91,59,60,65" hai3="38,31,109,105,37,52,23,16,56,75,89,115,48"/><W25/><G105/><T100/><D35/><U55/><E70/><V98/><F130/><W17/><G75/><T13/><D30/><U114/><E114/><V39/><F39/><W36/><G115/><T81/><D127/><U94/><E27/><V126/><F126/><W108/><REACH who="3" step="1"/><G89/><REACH who="3" ten="238,380,148,224" step="2"/><T113/><D113/><U80/><E118/><V74/><F74/><W135/><G135/><T11/><D134/><U10/><E116/><V121/><F121/><W57/><G57/><T107/><D119/><U110/><E132/><V124/><F124/><W133/><G133/><T28/><D117/><U125/><E125/><V99/><F84/><W33/><G33/><T49/><D107/><U69/><E110/><AGARI ba="0,1" hai="16,17,23,25,31,36,37,38,48,52,56,108,109,110" machi="110" ten="50,18000,2" yaku="1,1,10,1,54,2,53,3" doraHai="34" doraHaiUra="123" who="3" fromWho="1" sc="238,0,380,-180,148,0,224,190" owari="238,4.0,200,-20.0,148,-35.0,414,51.0" /></mjloggm>