<mjloggm ver="2.3"><GO type="169" lobby="0"/><UN n0="%E3%83%AC%E3%83%87%E3%82%B9%E3%83%9E" n1="%E5%B0%B1%E6%B4%BB%E7%94%9F%40%E5%B7%9D%E6%9D%91%E8%BB%8D%E5%9B%A3" n2="%6D%69%79%61%79%61" n3="%52%69%2D%4D%6F%2D" dan="16,16,16,17" rate="2119.29,2149.22,2042.42,2088.07" sx="M,M,F,M"/><TAIKYOKU oya="0"/><INIT seed="0,0,0,0,2,15" ten="250,250,250,250" oya="0" hai0="115,9,16,92,12,85,133,101,52,39,123,34,117" hai1="57,130,42,83,23,4,1,58,66,120,127,18,121" hai2="77,46,70,129,111,40,41,107,114,8,126,65,72" hai3="81,112,60,134,87,95,26,25,84,103,78,36,75"/><T47/><D115/><U32/><E32/><V71/><F111/><W44/><G112/><T10/><D123/><U125/><E42/><V109/><F114/><W76/><G134/><T86/><D34/><U100/><E100/><V28/><F109/><W37/><G75/><T35/><D35/><U55/><E66/><V7/><F28/><W118/><G118/><T106/><D106/><U48/><E130/><V0/><F41/><W27/><G60/><T93/><D39/><U73/><E58/><V105/><F129/><W122/><G122/><T96/><D117/><U5/><E83/><N who="2" m="45479" /><F126/><N who="1" m="48137" /><E73/><V2/><F2/><W68/><G68/><N who="2" m="26153" /><F65/><W62/><G62/><T20/><D133/><U45/><E45/><V124/><F124/><W80/><G44/><T69/><D69/><U33/><E33/><V14/><F14/><W132/><G132/><T11/><D93/><U90/><E90/><V51/><F51/><AGARI ba="0,0" hai="9,10,11,12,16,20,47,51,52,85,86,92,96,101" machi="51" ten="40,12000,1" yaku="8,1,52,1,54,2" doraHai="15" who="0" fromWho="2" sc="250,120,250,0,250,-120,250,0" /><INIT seed="0,1,0,0,5,117" ten="370,250,130,250" oya="0" hai0="83,103,0,14,74,84,110,27,12,59,127,63,135" hai1="86,47,18,68,131,20,129,51,112,45,48,60,101" hai2="26,65,81,19,49,37,42,23,8,79,88,107,115" hai3="53,132,21,40,32,17,41,128,10,16,6,126,62"/><T130/><D0/><U123/><E101/><V50/><F115/><W99/><G32/><T13/><D74/><U122/><E86/><N who="2" m="50255" /><F107/><W87/><G126/><T7/><D127/><U35/><E35/><V34/><F37/><W29/><G128/><N who="1" m="49226" /><E112/><V24/><F34/><W25/><G132/><T28/><D130/><U121/><E60/><V67/><F79/><W58/><G99/><T111/><D103/><U69/><E48/><N who="2" m="18539" /><F42/><W119/><G119/><T44/><D44/><N who="1" m="16971" /><E51/><V124/><F124/><W90/><G40/><T89/><D135/><U118/><E118/><V78/><F78/><W80/><REACH who="3" step="1"/><G41/><REACH who="3" ten="370,250,130,240" step="2"/><T66/><REACH who="0" step="1"/><D7/><REACH who="0" ten="360,250,130,240" step="2"/><U9/><E123/><V22/><F8/><W70/><G70/><N who="1" m="27242" /><E9/><V125/><F125/><W71/><G71/><T36/><D36/><U93/><E122/><V91/><F91/><W55/><G55/><T56/><D56/><U98/><E121/><V11/><F11/><W38/><G38/><T102/><D102/><U134/><E134/><V30/><AGARI ba="1,2" hai="19,22,23,24,26,30,65,67" m="18539,50255" machi="30" ten="30,2000,0" yaku="8,1,54,1" doraHai="117" who="2" fromWho="2" sc="360,-11,250,-6,130,43,240,-6" /><INIT seed="1,0,0,5,3,9" ten="349,244,173,234" oya="1" hai0="13,51,50,129,6,8,111,56,134,11,42,46,116" hai1="45,14,101,64,21,88,41,119,89,114,33,123,113" hai2="0,17,91,15,36,99,110,130,20,109,131,118,117" hai3="70,100,79,98,93,19,25,121,31,43,94,53,135"/><U78/><E123/><V108/><F36/><W4/><G121/><T81/><D116/><N who="2" m="44650" /><F99/><W72/><G135/><T24/><D134/><U120/><E33/><V7/><F91/><W133/><G133/><T28/><D129/><N who="2" m="49162" /><F7/><W105/><G70/><T10/><D111/><U126/><E120/><V23/><F0/><W75/><G4/><T71/><D71/><U52/><E119/><V54/><F54/><W82/><G72/><T112/><D112/><U1/><E1/><V74/><F74/><W92/><G43/><T34/><D81/><U16/><E126/><V27/><F110/><W62/><G19/><AGARI ba="0,0" hai="15,17,19,20,23,27,108,109" m="49162,44650" machi="19" ten="40,8000,1" yaku="19,1,34,2,52,1" doraHai="9" who="2" fromWho="3" sc="349,0,244,0,173,80,234,-80" /><INIT seed="2,0,0,1,4,129" ten="349,244,253,154" oya="2" hai0="99,20,26,134,96,53,89,109,10,18,23,102,42" hai1="28,16,124,70,118,76,105,87,79,30,91,59,9" hai2="83,128,33,77,54,12,101,126,113,94,19,133,90" hai3="51,5,31,21,32,92,115,100,62,123,110,131,17"/><V107/><F128/><W35/><G131/><T81/><D42/><U60/><E105/><V121/><F121/><W45/><G123/><T84/><D109/><U122/><E70/><V43/><F113/><W78/><G110/><T46/><D10/><U3/><E122/><V2/><F2/><W61/><G115/><T27/><D134/><U82/><E118/><V38/><F33/><W116/><G116/><T97/><D46/><U1/><E124/><V117/><F133/><W80/><G5/><T93/><REACH who="0" step="1"/><D53/><REACH who="0" ten="339,244,253,154" step="2"/><N who="1" m="33903" /><E3/><V48/><F43/><W47/><G47/><T49/><D49/><U34/><E1/><V7/><F38/><W36/><G36/><T37/><D37/><U63/><E63/><V98/><F117/><W6/><G61/><T73/><D73/><U13/><E34/><V4/><F126/><W86/><G62/><T111/><D111/><U58/><E58/><V57/><F7/><W56/><G6/><T41/><D41/><U106/><E106/><V24/><F4/><W66/><G56/><T22/><D22/><U119/><E119/><V114/><F114/><W0/><G0/><T88/><D88/><U29/><AGARI ba="0,1" hai="9,13,16,28,29,30,76,79,82,87,91" m="33903" machi="29" ten="30,2000,0" yaku="8,1,54,1" doraHai="129" who="1" fromWho="1" sc="339,-5,244,30,253,-10,154,-5" /><INIT seed="3,0,0,0,3,68" ten="334,274,243,149" oya="3" hai0="126,134,35,94,12,57,47,3,5,22,125,53,89" hai1="80,112,90,19,95,109,52,93,110,30,24,106,74" hai2="81,108,32,58,17,122,104,2,120,48,73,115,33" hai3="88,71,0,28,98,1,29,130,34,107,46,77,16"/><W4/><G71/><T60/><D35/><U66/><E66/><V72/><F108/><N who="1" m="41577" /><E106/><V62/><F115/><W105/><G77/><T97/><D134/><U21/><E112/><V86/><F104/><W13/><G130/><T14/><D47/><U31/><E74/><N who="2" m="28779" /><F2/><W27/><G29/><N who="1" m="10762" /><E80/><V38/><F38/><W41/><G4/><T36/><D36/><U49/><E90/><N who="2" m="51535" /><F17/><W121/><G121/><N who="2" m="46697" /><F48/><W9/><G105/><T8/><REACH who="0" step="1"/><D22/><REACH who="0" ten="324,274,243,149" step="2"/><U84/><E84/><V6/><F6/><W101/><REACH who="3" step="1"/><G88/><REACH who="3" ten="324,274,243,139" step="2"/><T91/><D91/><U45/><AGARI ba="0,2" hai="19,21,24,45,49,52,93,95" m="10762,41577" machi="45" ten="30,2000,0" yaku="14,1,54,1" doraHai="68" who="1" fromWho="1" sc="324,-5,274,40,243,-5,139,-10" /><INIT seed="4,0,0,2,2,8" ten="319,314,238,129" oya="0" hai0="1,16,53,63,11,47,14,72,86,28,79,75,4" hai1="22,5,91,103,6,0,68,125,128,83,97,67,105" hai2="12,33,7,107,32,51,109,100,124,30,49,3,42" hai3="118,50,23,108,31,104,38,21,58,29,106,93,131"/><T20/><D28/><U73/><E125/><V114/><F109/><W96/><G118/><T56/><REACH who="0" step="1"/><D47/><REACH who="0" ten="309,314,238,129" step="2"/><U24/><E128/><V37/><F30/><W39/><G31/><T65/><D65/><U92/><E67/><V111/><F111/><W13/><G29/><T89/><D89/><U69/><E69/><V35/><F124/><W130/><G108/><T94/><D94/><U98/><E68/><V70/><F70/><W74/><G130/><T120/><D120/><U135/><E91/><V17/><F35/><W82/><G131/><T129/><D129/><U18/><E92/><V119/><F33/><W115/><G93/><T87/><D87/><U52/><E73/><V43/><F32/><W61/><G74/><T134/><D134/><U45/><E135/><V117/><F119/><W123/><G123/><T77/><D77/><U54/><E45/><V66/><F66/><W90/><G90/><T95/><D95/><U133/><E133/><V48/><F117/><W99/><G104/><T9/><D9/><U36/><E105/><V88/><F88/><W34/><G106/><T112/><D112/><U55/><E83/><AGARI ba="0,1" hai="1,4,11,14,16,20,53,56,63,72,75,79,83,86" machi="83" ten="40,12000,1" yaku="1,1,52,1,54,1,53,1" doraHai="8" doraHaiUra="15" who="0" fromWho="1" sc="309,130,314,-120,238,0,129,0" /><INIT seed="4,1,0,5,0,104" ten="439,194,238,129" oya="0" hai0="75,22,86,114,54,24,72,42,9,97,58,37,4" hai1="84,27,76,131,68,90,15,43,87,106,41,67,102" hai2="83,134,122,64,109,92,81,31,26,133,25,117,110" hai3="116,65,13,8,23,17,120,18,33,3,78,29,1"/><T112/><D97/><U121/><E121/><V100/><F122/><W126/><G120/><T10/><D86/><U21/><E131/><V70/><F117/><W101/><G101/><T103/><D103/><U39/><E39/><V20/><F70/><W98/><G98/><T107/><D107/><U129/><E129/><V132/><F64/><W60/><G78/><T56/><D42/><U11/><E84/><V85/><F100/><W82/><G82/><N who="2" m="31241" /><F26/><N who="3" m="18615" /><G60/><T73/><D37/><U2/><E76/><V77/><F92/><W63/><G63/><T6/><D24/><U135/><E2/><N who="3" m="522" /><G65/><T127/><D22/><U44/><E67/><V130/><F130/><W5/><G126/><T16/><D127/><U128/><E68/><V79/><F85/><W59/><G59/><N who="0" m="22571" /><D54/><U74/><E102/><V105/><F105/><W99/><G99/><T108/><D108/><AGARI ba="1,0" hai="20,25,31,77,79,108,109,110,132,133,134" m="31241" machi="108" ten="40,1300,0" yaku="20,1" doraHai="104" who="2" fromWho="0" sc="439,-16,194,0,238,16,129,0" /><INIT seed="5,0,0,0,1,120" ten="423,194,254,129" oya="1" hai0="114,133,36,40,87,97,104,60,75,89,32,118,115" hai1="24,6,132,38,64,43,58,106,35,27,105,28,113" hai2="0,112,72,69,18,62,94,116,49,56,125,101,10" hai3="9,59,66,2,31,107,122,123,134,50,85,76,110"/><U22/><E113/><V68/><F116/><W79/><G107/><T95/><D32/><U129/><E129/><V83/><F112/><W96/><G31/><T15/><D118/><U34/><E132/><V63/><F125/><W46/><G96/><T128/><D133/><U74/><E74/><V70/><F49/><W84/><G134/><T92/><D128/><U25/><E6/><V71/><F71/><W135/><G135/><T17/><D104/><U102/><E102/><V67/><F101/><W121/><G2/><T16/><D75/><U3/><E3/><V130/><F94/><W93/><G9/><T5/><D5/><U53/><E64/><V29/><F29/><W131/><G131/><T103/><D60/><U90/><E90/><V47/><F47/><W44/><G93/><T39/><D17/><U26/><E43/><V100/><F100/><W91/><G91/><T81/><D95/><U99/><E38/><V77/><F130/><W65/><G50/><T78/><D103/><U33/><REACH who="1" step="1"/><E99/><REACH who="1" ten="423,184,254,129" step="2"/><V55/><F0/><W37/><G37/><T1/><D1/><U19/><E19/><V14/><AGARI ba="0,1" hai="10,14,18,55,56,62,63,67,68,69,70,72,77,83" machi="14" ten="30,1100,0" yaku="0,1" doraHai="120" who="2" fromWho="2" sc="423,-3,184,-5,254,21,129,-3" /><INIT seed="6,0,0,5,3,69" ten="420,179,275,126" oya="2" hai0="70,10,134,119,5,88,114,49,112,89,57,123,11" hai1="30,56,95,18,61,94,103,40,71,132,31,2,111" hai2="39,13,23,74,118,9,102,14,120,133,100,90,59" hai3="42,110,82,7,113,15,26,83,96,67,98,47,33"/><V64/><F120/><W106/><G110/><T97/><D70/><U128/><E2/><V109/><F118/><W79/><G113/><N who="0" m="43627" /><D123/><U85/><E71/><V122/><F122/><W35/><G67/><T107/><D134/><U27/><E132/><V3/><F39/><W34/><G106/><T84/><D119/><U105/><E105/><V121/><F121/><W37/><G26/><T32/><D32/><U46/><E128/><V4/><F74/><W65/><G65/><T62/><D49/><U117/><E117/><V125/><F125/><W21/><G82/><N who="0" m="49175" /><D5/><U78/><E111/><V45/><F109/><W66/><G66/><N who="0" m="39247" /><D89/><U28/><E46/><V60/><F133/><W29/><G7/><T48/><D48/><U77/><E40/><V55/><F90/><W135/><G135/><T124/><D124/><U127/><E127/><V38/><F3/><W25/><REACH who="3" step="1"/><G15/><REACH who="3" ten="420,179,275,116" step="2"/><T1/><D1/><U73/><E73/><AGARI ba="0,1" hai="21,25,29,33,34,35,37,42,47,73,79,83,96,98" machi="73" ten="40,8000,1" yaku="1,1,2,1,52,1,53,1" doraHai="69" doraHaiUra="72" who="3" fromWho="1" sc="420,0,179,-80,275,0,116,90" /><INIT seed="7,0,0,1,4,51" ten="420,99,275,206" oya="3" hai0="69,95,32,115,1,121,110,76,74,50,128,35,42" hai1="81,100,91,111,31,19,54,26,6,28,37,22,30" hai2="119,24,43,20,134,33,27,58,55,127,120,82,29" hai3="16,85,97,48,12,131,23,92,38,14,64,133,94"/><W99/><G38/><T60/><D1/><U40/><E111/><V107/><F119/><W7/><G131/><T2/><D110/><U135/><E135/><V79/><F134/><W46/><G133/><T123/><D2/><U93/><E6/><V53/><F127/><W73/><G73/><T87/><D74/><U62/><E37/><V80/><F107/><W18/><G64/><T75/><D75/><U77/><E40/><V8/><F120/><W125/><G7/><T59/><D69/><U90/><E100/><V98/><F43/><N who="3" m="24671" /><G125/><T78/><D35/><U84/><REACH who="1" step="1"/><E93/><REACH who="1" ten="420,89,275,206" step="2"/><N who="3" m="35946" /><G85/><T118/><D32/><U11/><E11/><AGARI ba="0,1" hai="11,12,14,16,18,23,97,99" m="35946,24671" machi="11" ten="30,2900,0" yaku="8,1,54,1" doraHai="51" who="3" fromWho="1" sc="420,0,89,-29,275,0,206,39" /><INIT seed="7,1,0,5,3,3" ten="420,60,275,245" oya="3" hai0="36,125,105,0,80,55,25,123,113,32,48,133,19" hai1="128,52,111,14,49,47,95,74,13,16,10,129,54" hai2="43,93,9,39,87,99,132,66,69,83,92,27,22" hai3="121,64,124,31,117,59,46,119,60,131,76,29,109"/><W106/><G121/><T134/><D105/><U28/><E111/><V130/><F132/><N who="0" m="50794" /><D36/><U107/><E74/><V4/><F130/><W38/><G106/><T112/><D123/><U70/><E107/><V33/><F33/><W12/><G76/><T24/><D0/><U51/><E70/><V101/><F39/><W116/><G131/><T120/><D120/><U30/><E128/><V45/><F92/><W6/><G109/><T108/><D125/><U8/><E129/><V110/><F110/><W75/><G75/><T118/><D118/><U90/><E90/><N who="2" m="51583" /><F69/><W37/><G124/><T100/><D100/><U97/><E95/><V85/><F66/><W73/><G73/><T42/><D42/><U104/><E104/><V57/><F85/><W61/><G61/><T44/><D108/><U86/><E86/><V79/><F79/><W20/><G46/><T5/><D80/><U21/><E97/><V103/><F57/><W89/><G89/><T114/><D32/><U17/><REACH who="1" step="1"/><E21/><REACH who="1" ten="420,50,275,245" step="2"/><V96/><F96/><W58/><G20/><N who="0" m="13343" /><D25/><U115/><E115/><V40/><F103/><W102/><G102/><T126/><D126/><U53/><E53/><V78/><F78/><W2/><G116/><T82/><D82/><U23/><E23/><V50/><F22/><W67/><G117/><T1/><D1/><U63/><E63/><V84/><F27/><W88/><G119/><T35/><D35/><U65/><E65/><V68/><F68/><W77/><G2/><T41/><D55/><U7/><E7/><AGARI ba="1,1" hai="5,7,41,44,48,112,113,114" m="13343,50794" machi="7" ten="40,8000,1" yaku="15,1,11,1,20,1,52,2" doraHai="3" who="0" fromWho="1" sc="420,93,50,-83,275,0,245,0" owari="513,60.0,-33,-53.0,275,8.0,245,-15.0" /></mjloggm>