<mjloggm ver="2.3"><GO type="169" lobby="0"/><UN n0="%E3%81%97%E3%81%8A%E3%81%BE%E3%81%AD%E3%81%8D" n1="%E3%82%A6%E3%83%AB%E3%83%88%E3%83%A9%E7%AB%8B%E7%9B%B4" n2="%E3%83%AD%E3%83%83%E3%83%86%E9%9B%80%E7%90%83" n3="%6A%69%6B%6F%6A%6D%68" dan="17,18,17,16" rate="2170.97,2193.67,2134.16,2050.86" sx="M,M,M,M"/><TAIKYOKU oya="0"/><INIT seed="0,0,0,4,3,104" ten="250,250,250,250" oya="0" hai0="71,120,26,0,91,107,6,37,57,36,48,122,51" hai1="118,1,59,119,54,79,29,65,124,73,12,49,50" hai2="94,32,89,126,114,69,64,18,103,44,129,105,96" hai3="46,10,74,92,14,95,115,85,13,106,16,128,116"/><T34/><D71/><U2/><E124/><V134/><F126/><W100/><G115/><T68/><D68/><U98/><E65/><V52/><F114/><W5/><G116/><T45/><D107/><U121/><E121/><V27/><F134/><W22/><G128/><T112/><D112/><U39/><E39/><V102/><F129/><W19/><G106/><T63/><D91/><U28/><E98/><V76/><F76/><W97/><G74/><T110/><D26/><U23/><E12/><V21/><F32/><W111/><G111/><T131/><D6/><U38/><E38/><V62/><REACH who="2" step="1"/><F105/><REACH who="2" ten="250,250,240,250" step="2"/><W40/><G92/><T77/><D34/><U75/><E79/><V7/><F7/><W93/><G93/><T99/><D131/><U8/><E23/><V127/><F127/><W56/><G5/><T53/><D77/><U82/><E8/><V87/><F87/><W41/><G85/><T90/><D110/><U17/><E82/><V42/><F42/><W108/><G108/><T31/><D122/><U109/><E109/><V66/><F66/><W9/><G22/><T58/><D120/><U130/><E130/><V133/><F133/><W4/><G4/><T125/><D125/><U81/><E81/><V132/><F132/><W72/><G40/><T24/><D0/><U67/><E67/><V86/><F86/><W20/><G20/><T80/><D80/><U70/><E1/><V33/><F33/><W135/><G135/><T83/><D83/><U61/><E2/><V25/><F25/><W43/><G43/><T84/><D24/><U35/><E35/><RYUUKYOKU ba="0,1" sc="250,-10,250,-10,240,30,250,-10" hai2="18,21,27,44,52,62,64,69,89,94,96,102,103" /><INIT seed="1,1,1,4,0,49" ten="240,240,270,240" oya="1" hai0="55,99,118,84,133,73,66,41,97,85,104,36,100" hai1="81,123,65,22,87,108,132,4,38,75,68,6,93" hai2="18,125,88,83,60,119,98,110,86,30,27,52,44" hai3="103,69,62,8,131,78,94,50,79,96,106,129,59"/><U115/><E123/><V111/><F125/><W107/><G69/><T121/><D66/><U109/><E115/><V91/><F119/><W95/><G8/><T64/><D64/><U0/><E38/><V31/><F18/><W3/><G3/><T112/><D41/><U11/><E132/><V116/><F116/><W23/><G23/><T67/><D36/><U120/><E120/><V80/><F98/><N who="3" m="59871" /><G50/><T14/><D67/><U70/><E6/><V35/><F31/><W46/><G46/><T122/><D14/><U134/><E134/><V77/><F44/><W71/><G71/><T128/><D133/><U74/><E22/><V7/><F7/><W57/><G57/><T124/><D118/><U102/><E65/><V51/><F51/><W19/><G19/><T15/><D15/><U48/><E48/><V37/><F37/><W113/><G113/><T10/><D10/><U9/><E9/><V101/><F101/><N who="3" m="60567" /><G62/><T33/><D100/><U76/><E70/><V28/><F28/><W43/><G59/><T32/><D112/><U16/><E16/><V90/><REACH who="2" step="1"/><F83/><REACH who="2" ten="240,240,260,240" step="2"/><W17/><G17/><T72/><D124/><U12/><E68/><V89/><N who="2" m="22528" /><DORA hai="34" /><V54/><F54/><W56/><G43/><T53/><REACH who="0" step="1"/><D104/><REACH who="0" ten="230,240,260,240" step="2"/><U21/><E12/><V2/><F2/><W135/><G106/><T58/><D58/><AGARI ba="1,3" hai="27,30,35,52,58,60,77,80,86,110,111" m="22528" machi="58" ten="50,8000,1" yaku="1,1,52,1,54,2,53,0" doraHai="49,34" doraHaiUra="45,1" who="2" fromWho="0" sc="230,-83,240,0,260,113,240,0" /><INIT seed="2,0,0,1,2,106" ten="147,240,373,240" oya="2" hai0="110,45,60,48,97,36,114,102,37,39,12,8,112" hai1="13,6,71,105,21,80,29,68,132,41,66,0,99" hai2="28,103,65,126,30,98,88,2,123,92,10,87,121" hai3="15,19,86,104,63,108,90,96,78,83,5,135,64"/><V85/><F126/><W23/><G108/><T93/><D110/><U100/><E132/><V43/><F87/><W73/><G135/><T52/><REACH who="0" step="1"/><D60/><REACH who="0" ten="137,240,373,240" step="2"/><U77/><E0/><V42/><F2/><W74/><G5/><AGARI ba="0,1" hai="5,8,12,36,37,39,45,48,52,93,97,102,112,114" machi="5" ten="40,5200,0" yaku="1,1,2,1,54,1,53,0" doraHai="106" doraHaiUra="67" who="0" fromWho="3" sc="137,62,240,0,373,0,240,-52" /><INIT seed="3,0,0,3,5,47" ten="199,240,373,188" oya="3" hai0="124,57,112,6,20,64,73,65,27,127,88,43,106" hai1="22,100,9,66,76,15,28,32,121,91,56,82,53" hai2="42,23,77,125,75,4,5,33,26,49,35,86,98" hai3="94,38,67,17,7,13,87,111,85,51,116,101,71"/><W1/><G116/><T110/><D73/><U78/><E121/><V40/><F75/><W120/><G120/><T128/><D106/><U31/><E32/><V97/><F125/><W2/><G38/><T84/><D43/><U41/><E41/><V134/><F134/><W131/><G131/><T62/><D6/><N who="2" m="2666" /><F35/><W29/><G29/><N who="0" m="17639" /><D128/><U135/><E100/><V105/><F33/><W102/><G71/><T72/><D72/><U118/><E66/><N who="0" m="25705" /><D110/><U39/><E135/><V59/><F105/><W80/><G67/><N who="0" m="39375" /><D112/><U95/><E39/><V30/><F40/><W70/><G70/><T108/><D108/><U60/><E118/><V99/><F42/><W68/><G68/><T69/><D69/><U74/><E74/><V83/><F59/><W21/><G111/><T107/><D107/><U10/><E31/><V45/><F45/><W93/><G1/><T19/><D127/><U46/><E46/><V113/><F113/><W117/><G117/><T52/><D19/><U119/><E119/><V126/><F126/><W54/><G7/><T81/><D124/><U18/><E28/><V50/><AGARI ba="0,0" hai="23,26,30,49,50,77,83,86,97,98,99" m="2666" machi="50" ten="30,4000,0" yaku="8,1,52,2" doraHai="47" who="2" fromWho="2" sc="199,-10,240,-10,373,40,188,-20" /><INIT seed="4,0,0,3,3,108" ten="189,230,413,168" oya="0" hai0="26,90,129,36,30,115,9,130,77,13,45,118,21" hai1="94,0,61,7,101,82,72,18,131,57,84,64,117" hai2="135,122,33,31,86,85,119,104,70,56,63,48,58" hai3="55,10,109,127,32,28,51,17,76,124,87,92,132"/><T120/><D120/><U40/><E117/><V60/><F104/><W20/><G109/><T34/><D118/><U23/><E131/><N who="0" m="50185" /><D90/><U19/><E40/><V52/><F70/><W80/><G132/><T50/><D77/><U71/><E72/><V37/><F37/><W75/><G32/><T123/><D36/><U126/><E126/><N who="3" m="48170" /><G28/><T43/><D123/><U27/><E71/><V68/><F68/><W106/><G106/><T16/><D115/><U62/><E62/><V111/><F48/><W39/><G39/><T93/><D93/><U46/><E94/><V67/><F111/><W3/><G92/><T29/><D29/><U49/><E101/><V41/><F119/><W78/><G78/><T35/><AGARI ba="0,0" hai="9,13,16,21,26,30,34,35,43,45,50" m="50185" machi="35" ten="30,3000,0" yaku="19,1,54,1" doraHai="108" who="0" fromWho="0" sc="189,30,230,-10,413,-10,168,-10" /><INIT seed="4,1,0,2,5,63" ten="219,220,403,158" oya="0" hai0="43,60,8,59,33,3,31,55,83,48,16,94,19" hai1="37,104,6,119,99,62,64,23,30,128,4,20,13" hai2="9,61,35,112,36,84,58,95,75,7,18,81,107" hai3="72,103,0,91,42,39,54,124,122,134,131,79,26"/><T106/><D106/><U80/><E119/><V25/><F107/><W52/><G124/><T101/><D31/><U96/><E128/><V105/><F105/><W32/><G131/><T44/><D33/><U117/><E37/><V38/><F95/><W92/><G103/><T130/><D130/><U56/><E117/><V125/><F75/><W93/><G0/><T21/><D3/><U69/><E69/><V77/><F112/><W82/><G134/><T34/><D34/><U123/><E123/><V1/><F125/><W11/><G11/><T120/><D120/><U17/><E104/><V22/><REACH who="2" step="1"/><F35/><REACH who="2" ten="219,220,393,158" step="2"/><W100/><G93/><T27/><D83/><U129/><E129/><V12/><F12/><W2/><G32/><T14/><D94/><U90/><E80/><V127/><F127/><W51/><G92/><T78/><D78/><U29/><E90/><V40/><F40/><W121/><G91/><T132/><D132/><U49/><E99/><V126/><F126/><W5/><G122/><T46/><D46/><U57/><E96/><V133/><F133/><W67/><G121/><T85/><D85/><U110/><E110/><V102/><F102/><AGARI ba="1,1" hai="8,14,16,19,21,27,43,44,48,55,59,60,101,102" machi="102" ten="40,3900,0" yaku="8,1,54,1" doraHai="63" who="0" fromWho="2" sc="219,52,220,0,393,-42,158,0" /><INIT seed="4,2,0,1,3,94" ten="271,220,351,158" oya="0" hai0="89,105,106,84,75,32,129,41,9,80,37,127,4" hai1="59,14,109,74,98,38,33,120,13,92,53,24,125" hai2="115,83,126,135,18,114,39,31,97,99,113,55,30" hai3="122,81,40,27,62,5,8,45,44,112,49,12,71"/><T66/><D129/><U43/><E120/><V6/><F126/><W25/><G112/><T119/><D127/><U26/><E109/><V101/><F135/><W69/><G122/><T72/><D119/><U88/><E74/><V103/><F6/><W3/><G3/><T76/><D32/><U42/><E125/><V102/><F39/><W16/><G45/><T58/><D75/><U0/><E0/><V28/><F55/><W22/><G62/><T23/><D23/><U35/><E35/><V21/><F83/><W121/><G121/><T17/><D17/><U60/><E38/><V48/><F48/><W34/><G34/><T70/><D70/><U50/><E33/><V96/><F21/><W67/><G67/><T54/><D66/><U118/><E118/><V95/><F18/><W87/><REACH who="3" step="1"/><G27/><REACH who="3" ten="271,220,351,148" step="2"/><N who="1" m="10282" /><E60/><V104/><F104/><W57/><G57/><T108/><D108/><U15/><AGARI ba="2,1" hai="13,14,15,42,43,50,53,59,88,92,98" m="10282" machi="15" ten="30,4000,0" yaku="8,1,52,1,54,1" doraHai="94" who="1" fromWho="1" sc="271,-22,220,56,351,-12,148,-12" /><INIT seed="5,0,0,3,4,75" ten="249,276,339,136" oya="1" hai0="10,61,95,118,41,78,116,108,2,92,85,47,109" hai1="113,72,11,110,119,86,7,27,29,9,49,76,39" hai2="126,37,112,121,1,128,70,51,79,15,23,105,73" hai3="134,93,28,115,24,53,45,3,77,127,81,36,69"/><U99/><E119/><N who="0" m="45609" /><D61/><U90/><E113/><V107/><F51/><W111/><G115/><T42/><D10/><U68/><E68/><V101/><F126/><W96/><G127/><T48/><D2/><U46/><E39/><V67/><F128/><W65/><G3/><T104/><D48/><U122/><E72/><V56/><F121/><W89/><G134/><T31/><D47/><U52/><E110/><N who="0" m="42601" /><D42/><U50/><E122/><V91/><F91/><W33/><G111/><T25/><D41/><U12/><E11/><V63/><F101/><W17/><G65/><T102/><D25/><U21/><E50/><V117/><F73/><W64/><G64/><T58/><D58/><U88/><E99/><V18/><F70/><W13/><G69/><T131/><D31/><U84/><E84/><V0/><F0/><W4/><G4/><T20/><D20/><U38/><E38/><V71/><F1/><W133/><G133/><T130/><D104/><U34/><E34/><V62/><F37/><W83/><G53/><T32/><D32/><U59/><E59/><V8/><F8/><N who="3" m="6311" /><G36/><T114/><D114/><U135/><E135/><V44/><F112/><W6/><G45/><T40/><D40/><U132/><E132/><V54/><F44/><W106/><G6/><T94/><D102/><U98/><E98/><V100/><F117/><W26/><G26/><T103/><D103/><U74/><E74/><V5/><F5/><W16/><G106/><N who="2" m="40457" /><F100/><W30/><G33/><T55/><D55/><U57/><E46/><V35/><F35/><W82/><G77/><T124/><D124/><RYUUKYOKU ba="0,0" sc="249,0,276,0,339,0,136,0" hai0="78,85,92,94,95,130,131" hai1="7,9,12,21,27,29,49,52,57,76,86,88,90" hai2="15,18,23,54,56,62,63,67,71,79" hai3="16,24,28,30,81,82,83,89,93,96" /><INIT seed="5,1,0,3,4,12" ten="249,276,339,136" oya="1" hai0="15,107,100,54,84,101,73,53,20,34,106,44,29" hai1="37,86,71,67,46,72,88,119,77,104,108,55,87" hai2="13,93,43,90,63,57,2,83,19,129,17,127,24" hai3="18,92,114,134,133,75,79,8,96,7,109,80,69"/><U42/><E104/><V14/><F2/><W89/><G114/><T0/><D73/><U49/><E119/><V27/><F127/><W35/><G109/><T91/><D0/><U16/><E108/><V120/><F129/><W85/><G69/><T38/><D34/><U94/><E72/><V4/><F83/><W76/><G35/><T126/><D126/><U36/><E36/><V66/><F4/><W121/><G121/><T111/><D111/><U52/><E71/><V62/><F43/><W78/><G133/><T32/><D32/><U1/><E67/><V23/><F63/><W82/><G134/><T128/><D128/><U102/><E102/><V125/><F120/><W25/><G78/><T61/><D38/><U51/><E1/><V115/><F115/><W48/><G48/><T26/><D107/><U123/><E123/><V21/><F125/><W130/><G130/><T22/><D106/><U81/><E37/><V97/><AGARI ba="1,0" hai="13,14,17,19,21,23,24,27,57,62,66,90,93,97" machi="97" ten="20,12000,2" yaku="0,1,7,1,9,1,8,1,52,2" doraHai="12" who="2" fromWho="2" sc="249,-31,276,-61,339,123,136,-31" /><INIT seed="6,0,0,1,4,82" ten="218,215,462,105" oya="2" hai0="96,111,126,45,76,112,80,79,13,117,40,102,101" hai1="92,14,99,32,20,125,66,63,59,69,10,81,12" hai2="65,15,98,78,57,28,97,108,1,58,121,54,71" hai3="116,16,37,36,84,34,129,7,77,70,74,135,33"/><V88/><F1/><W0/><G7/><T23/><D126/><U4/><E32/><V134/><F78/><W42/><G42/><T114/><D117/><U21/><E125/><V39/><F39/><W83/><G77/><T85/><D111/><U44/><E69/><V3/><F3/><W38/><G38/><T122/><D122/><U9/><E44/><V86/><F71/><W90/><G90/><T48/><D23/><U75/><E81/><N who="2" m="49231" /><F134/><W11/><G11/><T107/><D13/><U56/><E56/><V41/><F41/><W55/><G55/><T62/><D102/><N who="1" m="60775" /><E75/><V6/><F28/><W19/><G83/><T119/><D119/><U118/><E118/><V91/><F91/><W73/><G116/><T106/><D76/><U103/><E103/><V113/><F113/><N who="0" m="43626" /><D62/><U89/><E89/><V68/><F68/><W18/><G135/><T93/><AGARI ba="0,0" hai="40,45,48,79,80,85,93,96,101,106,107" m="43626" machi="93" ten="30,2000,0" yaku="15,1,52,1" doraHai="82" who="0" fromWho="0" sc="218,20,215,-5,462,-10,105,-5" /><INIT seed="7,0,0,5,3,120" ten="238,210,452,100" oya="3" hai0="72,126,71,43,113,130,35,128,111,88,20,91,75" hai1="135,59,4,104,98,108,8,80,95,52,90,132,30" hai2="117,82,92,127,110,17,28,133,68,62,40,21,32" hai3="56,85,26,9,57,78,29,76,112,97,100,37,129"/><W23/><G37/><T50/><D35/><U24/><E80/><V7/><F7/><W16/><G129/><T6/><D71/><U83/><E83/><V70/><F40/><W0/><G112/><T109/><D50/><U122/><E104/><V106/><F106/><W66/><G0/><T101/><D20/><U51/><E122/><V105/><F105/><W3/><G3/><T134/><D101/><U47/><E59/><N who="3" m="22602" /><G66/><T63/><D43/><U69/><E69/><V118/><F117/><W48/><G85/><T54/><D6/><U114/><E114/><V22/><F127/><W86/><G86/><T1/><D1/><U49/><E49/><V87/><F133/><N who="1" m="51273" /><E8/><V115/><F87/><W67/><G67/><T73/><D134/><U14/><E14/><V93/><F70/><W96/><G48/><T31/><D113/><U36/><E4/><V33/><F68/><W44/><G44/><T121/><D121/><U60/><E60/><V124/><F124/><W61/><G61/><T15/><D15/><U5/><E5/><V19/><F62/><W39/><G39/><T84/><D63/><U81/><E81/><V27/><F118/><W102/><G29/><T119/><D31/><U11/><E36/><V34/><F115/><W42/><G42/><T45/><D119/><U18/><E30/><V46/><F46/><W131/><G131/><N who="0" m="50219" /><D126/><U12/><E24/><V77/><F28/><W99/><G9/><T55/><D84/><U13/><E13/><V123/><F33/><W107/><G107/><T74/><N who="0" m="18944" /><DORA hai="10" /><T2/><D2/><U25/><E25/><RYUUKYOKU ba="0,0" sc="238,-15,210,15,452,-15,100,15" hai1="11,12,18,47,51,52,90,95,98,108" hai3="16,23,26,76,78,96,97,99,100,102" /><INIT seed="7,1,0,2,2,14" ten="223,225,437,115" oya="3" hai0="118,4,99,97,45,41,105,63,112,1,108,74,104" hai1="64,134,25,16,32,19,116,106,38,48,56,102,113" hai2="59,40,24,54,66,68,98,34,76,75,84,119,60" hai3="135,23,65,92,13,126,5,93,55,3,122,36,12"/><W79/><G122/><T43/><D118/><U20/><E32/><V17/><F119/><W125/><G135/><T101/><D108/><U71/><E38/><V62/><F75/><W30/><G36/><T10/><D63/><U7/><E113/><V39/><F98/><W115/><G115/><T33/><D112/><U73/><E73/><V47/><F34/><W85/><G65/><T107/><D41/><U81/><E7/><V67/><F67/><W31/><G55/><T96/><D33/><U77/><E102/><V35/><F35/><W109/><G109/><T100/><REACH who="0" step="1"/><D74/><REACH who="0" ten="213,225,437,115" step="2"/><U132/><E116/><V58/><F68/><W83/><G3/><T121/><D121/><U29/><E106/><V8/><F59/><W9/><G125/><T117/><D117/><U94/><E71/><V72/><F76/><W123/><G123/><T2/><D2/><U49/><E64/><V127/><F84/><W80/><G126/><T88/><D88/><U46/><E56/><V133/><F133/><W111/><G111/><T37/><AGARI ba="1,1" hai="1,4,10,37,43,45,96,97,99,100,101,104,105,107" machi="37" ten="40,2700,0" yaku="1,1,0,1,53,0" doraHai="14" doraHaiUra="82" who="0" fromWho="0" sc="213,40,225,-8,437,-8,115,-14" owari="253,5.0,217,-18.0,429,53.0,101,-40.0" /></mjloggm>