<mjloggm ver="2.3"><GO type="41" lobby="0"/><UN n0="%E3%82%AE%E3%82%BF%E3%83%AA%E3%82%B9%E3%83%88" n1="%E5%B0%B1%E6%B4%BB%E7%94%9F%40%E5%B7%9D%E6%9D%91%E8%BB%8D%E5%9B%A3" n2="%E7%8E%84%E7%B1%B3" n3="%E3%83%A9%E3%83%BC%E3%83%A1%E3%83%B3%E7%94%9F%E6%B4%BB" dan="15,17,15,14" rate="1928.40,2159.25,1988.35,1911.70" sx="M,M,M,M"/><TAIKYOKU oya="0"/><INIT seed="0,0,0,2,3,25" ten="250,250,250,250" oya="0" hai0="8,22,106,109,39,52,70,124,122,78,94,74,9" hai1="65,28,99,7,97,69,31,17,66,102,40,135,44" hai2="111,118,35,87,127,50,10,86,16,112,85,88,130" hai3="128,53,123,115,32,51,73,60,96,92,4,19,21"/><T20/><D122/><U116/><E135/><V100/><F112/><W63/><G115/><T2/><D106/><U49/><E116/><V18/><F35/><W26/><G4/><T67/><D39/><U3/><E3/><V48/><F118/><W72/><G128/><T62/><D124/><U46/><E7/><V126/><F130/><W81/><G32/><T107/><D107/><U80/><E69/><V6/><F100/><W23/><G73/><T14/><D2/><U89/><E17/><N who="2" m="6763" /><F111/><W0/><G0/><T110/><D94/><N who="1" m="58679" /><E46/><V68/><F68/><W132/><G132/><T5/><D8/><U64/><E99/><V129/><F129/><W61/><G72/><T30/><D74/><U98/><E98/><V55/><F55/><W56/><G81/><T120/><D78/><U57/><E57/><V41/><F41/><W76/><G76/><T90/><D120/><U83/><E83/><V34/><F34/><W134/><G134/><T105/><D105/><U13/><E13/><N who="2" m="5335" /><F88/><W45/><G123/><T133/><D133/><U59/><E59/><V113/><F113/><W42/><REACH who="3" step="1"/><G23/><REACH who="3" ten="250,250,250,240" step="2"/><T29/><D20/><U101/><E101/><AGARI ba="0,1" hai="19,21,26,42,45,51,53,56,60,61,63,92,96,101" machi="101" ten="30,7700,0" yaku="1,1,2,1,7,1,8,1,53,0" doraHai="25" doraHaiUra="125" who="3" fromWho="1" sc="250,0,250,-77,250,0,240,87" /><INIT seed="1,0,0,2,0,20" ten="250,173,250,327" oya="1" hai0="2,134,90,83,135,104,30,56,57,51,0,123,65" hai1="117,18,59,109,9,39,94,115,96,26,98,36,66" hai2="100,27,46,50,92,14,11,118,6,116,64,107,62" hai3="131,48,77,133,15,61,23,106,63,112,32,105,71"/><U95/><E117/><V101/><F107/><W21/><G32/><T55/><D104/><U44/><E115/><V33/><F118/><W128/><G77/><T79/><D123/><U47/><E109/><V84/><F116/><W114/><G48/><T93/><D65/><U43/><E66/><V3/><F3/><W75/><G15/><T42/><D42/><U17/><E59/><N who="2" m="36959" /><F33/><W124/><G133/><T85/><D57/><U111/><E111/><V29/><F29/><W53/><G53/><T88/><D30/><U35/><E35/><V8/><F8/><W108/><G108/><T54/><D55/><U24/><REACH who="1" step="1"/><E9/><REACH who="1" ten="250,163,250,327" step="2"/><V80/><F11/><W129/><G71/><T87/><REACH who="0" step="1"/><D79/><REACH who="0" ten="240,163,250,327" step="2"/><U13/><E13/><V70/><F14/><W76/><G76/><T7/><D7/><U12/><E12/><V102/><F6/><W10/><G128/><T60/><D60/><U34/><E34/><V37/><F70/><W91/><G61/><T1/><AGARI ba="0,2" hai="0,1,2,51,54,56,83,85,87,88,90,93,134,135" machi="1" ten="40,5200,0" yaku="1,1,0,1,54,1,53,0" doraHai="20" doraHaiUra="120" who="0" fromWho="0" sc="240,72,163,-26,250,-13,327,-13" /><INIT seed="2,0,0,3,3,102" ten="312,137,237,314" oya="2" hai0="12,135,10,118,121,33,89,3,31,133,26,132,76" hai1="7,74,108,24,22,43,78,101,29,71,111,81,16" hai2="52,82,47,36,54,2,97,25,94,59,23,125,105" hai3="126,73,51,48,0,56,65,96,129,66,8,117,84"/><V83/><F2/><W60/><G73/><T109/><D76/><U127/><E71/><V44/><F125/><W4/><G126/><T85/><D121/><U64/><E64/><V18/><F105/><W35/><G35/><T79/><D79/><U100/><E127/><V39/><F39/><W19/><G129/><T14/><D89/><U130/><E130/><V37/><F37/><W116/><G66/><T68/><D85/><U40/><E7/><V103/><F36/><W70/><G84/><T45/><D68/><U92/><E29/><V91/><F54/><W113/><G113/><T1/><D45/><N who="2" m="17482" /><F103/><W58/><G70/><T77/><D77/><U49/><E101/><V41/><F41/><W110/><G56/><T99/><D99/><U13/><E49/><AGARI ba="0,0" hai="18,23,25,49,52,59,82,83,91,94,97" m="17482" machi="49" ten="30,2900,0" yaku="8,1,54,1" doraHai="102" who="2" fromWho="1" sc="312,0,137,-29,237,29,314,0" /><INIT seed="2,1,0,5,1,68" ten="312,108,266,314" oya="2" hai0="85,11,113,126,103,105,93,42,26,46,121,31,98" hai1="102,75,124,62,119,127,90,79,1,107,48,94,25" hai2="64,44,13,39,101,53,82,61,109,40,17,87,115" hai3="27,77,28,32,16,76,133,100,56,123,23,60,33"/><V67/><F115/><W9/><G123/><T37/><D113/><U5/><E62/><V111/><F101/><W51/><G133/><T117/><D121/><U104/><E48/><V8/><F53/><W89/><G100/><T54/><D117/><U66/><E66/><V116/><F116/><W125/><G125/><N who="1" m="48202" /><E25/><V99/><F99/><W19/><G51/><T118/><D118/><U80/><E5/><V12/><F12/><W36/><G36/><T131/><D126/><U120/><E1/><V57/><REACH who="2" step="1"/><F67/><REACH who="2" ten="312,108,256,314" step="2"/><W18/><G32/><T47/><D54/><U110/><E119/><V74/><F74/><W83/><G33/><T6/><D103/><U128/><E128/><V91/><AGARI ba="1,1" hai="8,13,17,39,40,44,57,61,64,82,87,91,109,111" machi="91" ten="30,6000,0" yaku="1,1,0,1,52,1,53,0" doraHai="68" doraHaiUra="2" who="2" fromWho="2" sc="312,-21,108,-21,256,73,314,-21" /><INIT seed="2,2,0,4,4,8" ten="291,87,329,293" oya="2" hai0="60,89,29,92,0,107,93,119,49,81,2,45,31" hai1="118,68,40,14,23,58,53,135,90,91,65,95,74" hai2="125,112,88,83,72,47,104,52,7,9,76,87,30" hai3="18,39,1,84,116,98,16,50,102,17,96,132,103"/><V19/><F112/><W77/><G39/><T35/><D107/><U67/><E74/><V100/><F125/><W117/><G1/><T56/><D119/><U108/><E118/><V121/><F121/><W64/><G132/><T62/><D0/><U115/><E115/><V124/><F124/><W42/><G64/><T123/><D2/><U46/><E135/><V6/><F30/><W66/><G66/><T82/><D123/><U85/><E108/><V26/><F104/><W109/><G109/><T13/><D35/><U24/><E68/><V69/><F100/><N who="3" m="38443" /><G117/><T48/><D89/><U12/><E65/><V37/><F69/><W28/><G28/><T43/><D56/><U21/><E67/><V44/><F37/><W105/><G105/><T127/><D127/><U41/><E23/><N who="2" m="13695" /><F72/><W33/><G33/><T63/><D31/><N who="1" m="17807" /><E91/><V34/><F34/><W97/><G116/><T15/><D29/><U130/><E130/><V5/><F76/><W61/><G61/><T131/><D131/><U133/><E133/><V11/><F44/><N who="3" m="25879" /><G77/><T57/><D57/><U78/><E78/><V114/><F114/><W106/><G106/><T59/><D59/><U79/><E79/><V75/><F75/><W36/><G36/><T51/><D43/><N who="1" m="16459" /><E46/><V27/><F27/><W134/><G134/><T32/><D45/><U71/><E71/><V20/><F20/><W111/><G111/><T126/><D126/><U70/><E70/><V80/><F80/><N who="0" m="30826" /><D32/><U110/><E110/><V22/><F22/><W4/><G84/><T113/><D113/><U120/><E120/><V129/><F129/><RYUUKYOKU ba="2,0" sc="291,0,87,0,329,0,293,0" hai0="13,15,48,49,51,60,62,63,92,93" hai1="12,14,53,58,85,90,95" hai2="5,6,7,9,11,47,52,83,87,88" hai3="4,16,17,18,96,97,98" /><INIT seed="2,3,0,0,4,129" ten="291,87,329,293" oya="2" hai0="101,95,20,27,133,4,58,73,98,135,47,102,55" hai1="57,33,45,92,25,99,10,114,14,72,13,90,126" hai2="54,113,89,125,41,3,104,9,68,77,108,39,119" hai3="107,37,118,85,109,82,53,122,28,84,64,65,105"/><V116/><F113/><W8/><G122/><T112/><D73/><U81/><E114/><V38/><F54/><W131/><G37/><N who="2" m="13833" /><F89/><W21/><G118/><T50/><D112/><U134/><E126/><V12/><F12/><W69/><G69/><T70/><D70/><U2/><E2/><V86/><F86/><W48/><G85/><T110/><D4/><U100/><E45/><V66/><F125/><W94/><G107/><T79/><D79/><U56/><E14/><V61/><F77/><W93/><G105/><T71/><D71/><U32/><E32/><V75/><F75/><W16/><G109/><T60/><D110/><U67/><E25/><V83/><F83/><W74/><G74/><T51/><D102/><U22/><E22/><V120/><F108/><W78/><G28/><T17/><REACH who="0" step="1"/><D51/><REACH who="0" ten="281,87,329,293" step="2"/><U36/><E36/><V124/><F124/><W117/><G117/><T80/><D80/><U0/><E0/><V44/><F119/><W106/><G131/><T111/><D111/><U18/><E33/><V49/><F116/><W127/><G127/><T46/><D46/><U7/><E7/><V76/><F49/><W96/><G48/><T115/><D115/><U59/><E67/><AGARI ba="3,1" hai="17,20,27,47,50,55,58,60,67,95,98,101,133,135" machi="67" ten="40,5200,0" yaku="1,1,52,2,53,0" doraHai="129" doraHaiUra="29" who="0" fromWho="1" sc="281,71,87,-61,329,0,293,0" /><INIT seed="3,0,0,1,4,83" ten="352,26,329,293" oya="3" hai0="49,87,61,82,43,107,110,78,132,74,58,99,115" hai1="100,112,94,134,75,41,20,122,53,8,111,6,57" hai2="15,13,77,130,123,65,68,102,97,71,1,89,21" hai3="54,72,70,50,126,96,38,92,81,36,80,128,14"/><W52/><G70/><T116/><D116/><U124/><E75/><V73/><F1/><W90/><G126/><T12/><D110/><U3/><E111/><V84/><F130/><W33/><G33/><T47/><D115/><U98/><E122/><V4/><F123/><W59/><G72/><T11/><D132/><U113/><E124/><V67/><F4/><W55/><G128/><T86/><D107/><U56/><E134/><V62/><F73/><W35/><G35/><T9/><D99/><U16/><E41/><V108/><F77/><W135/><G135/><T46/><D47/><U27/><REACH who="1" step="1"/><E57/><REACH who="1" ten="352,16,329,293" step="2"/><V34/><F108/><W121/><G121/><T44/><D58/><U114/><E114/><V10/><F71/><W37/><G59/><T23/><D74/><U45/><E45/><V22/><F68/><W85/><G50/><AGARI ba="0,1" hai="3,6,8,16,20,27,50,53,56,94,98,100,112,113" machi="50" ten="30,7700,0" yaku="1,1,7,1,54,1,53,1" doraHai="83" doraHaiUra="51" who="1" fromWho="3" sc="352,0,16,87,329,0,293,-77" /><INIT seed="4,0,0,4,5,34" ten="352,103,329,216" oya="0" hai0="18,64,73,105,22,124,107,6,3,16,133,75,67" hai1="70,125,98,58,2,86,42,28,32,23,93,112,61" hai2="119,106,89,21,84,69,20,92,121,127,62,83,109" hai3="120,72,91,24,50,71,7,126,108,99,94,90,114"/><T29/><D124/><U117/><E70/><V132/><F121/><W54/><G120/><T25/><D133/><U77/><E117/><V130/><F109/><W47/><G108/><T116/><D116/><U111/><E111/><V19/><F106/><W110/><G110/><T5/><D29/><U4/><E125/><V11/><F119/><W76/><G126/><T15/><D25/><U131/><E42/><V115/><F127/><W134/><G114/><T95/><D95/><U17/><E131/><V52/><F115/><W60/><G134/><T43/><D43/><U122/><E122/><V37/><F37/><W45/><G47/><T100/><D15/><U8/><E112/><V35/><F35/><W97/><G7/><T104/><D22/><U31/><E32/><V13/><F132/><W0/><G0/><T30/><D30/><U87/><E77/><N who="2" m="46191" /><F69/><W88/><G24/><T57/><D100/><U56/><E56/><N who="2" m="35079" /><F130/><W135/><G135/><T102/><D102/><U36/><E36/><V53/><F53/><W82/><REACH who="3" step="1"/><G94/><REACH who="3" ten="352,103,329,206" step="2"/><T41/><D5/><U51/><E31/><V128/><F128/><W80/><G80/><T65/><D6/><U55/><E28/><V101/><F101/><W1/><G1/><T44/><D3/><U9/><E9/><V79/><F79/><W66/><AGARI ba="0,1" hai="45,50,54,60,66,71,72,76,82,88,90,91,97,99" machi="66" ten="30,4000,0" yaku="1,1,0,1,54,1,53,0" doraHai="34" doraHaiUra="103" who="3" fromWho="3" sc="352,-20,103,-10,329,-10,206,50" /><INIT seed="5,0,0,1,4,5" ten="332,93,319,256" oya="1" hai0="122,4,61,2,34,55,92,29,101,95,50,105,51" hai1="22,25,44,56,8,3,40,62,130,31,121,47,124" hai2="18,79,100,76,45,88,46,116,26,119,54,66,20" hai3="114,131,83,75,43,59,120,93,134,42,15,107,7"/><U27/><E121/><V36/><F100/><W64/><G107/><T133/><D122/><U0/><E124/><V82/><F66/><W91/><G120/><T78/><D133/><U41/><E130/><V72/><F79/><W33/><G33/><T111/><D111/><U30/><E62/><V117/><F36/><W60/><G134/><T9/><D78/><U97/><E56/><V10/><F54/><W68/><G114/><T129/><D129/><U48/><E97/><V118/><N who="2" m="30208" /><DORA hai="115" /><V84/><REACH who="2" step="1"/><F10/><REACH who="2" ten="332,93,309,256" step="2"/><N who="3" m="4575" /><G64/><T12/><D55/><U125/><E8/><V38/><F38/><W63/><G131/><T90/><D101/><U17/><E125/><V103/><F103/><W67/><G67/><T96/><D9/><U19/><E22/><V13/><F13/><W112/><G112/><T80/><D34/><U85/><REACH who="1" step="1"/><E48/><REACH who="1" ten="332,83,309,256" step="2"/><V28/><F28/><W69/><G63/><T87/><D29/><U73/><E73/><V74/><F74/><W108/><G75/><T37/><D61/><U39/><E39/><V71/><F71/><W1/><G68/><T57/><D37/><U24/><E24/><V110/><F110/><W106/><G108/><T113/><D50/><U53/><E53/><V99/><F99/><N who="3" m="57791" /><G69/><T104/><D51/><U21/><E21/><V102/><F102/><W132/><G60/><T23/><D113/><U11/><E11/><V6/><F6/><W65/><G59/><T127/><D57/><U52/><E52/><V58/><F58/><W49/><G49/><T32/><D127/><U86/><AGARI ba="0,2" hai="0,3,17,19,25,27,30,31,40,41,44,47,85,86" machi="86" ten="25,9600,0" yaku="1,1,0,1,22,2,53,0" doraHai="5,115" doraHaiUra="89,126" who="1" fromWho="1" sc="332,-32,83,116,309,-32,256,-32" /><INIT seed="5,1,0,3,0,86" ten="300,199,277,224" oya="1" hai0="134,79,50,58,12,133,126,32,5,108,23,119,118" hai1="112,94,62,68,72,45,111,24,10,80,130,54,52" hai2="35,26,117,115,120,67,0,113,43,84,29,25,42" hai3="131,40,132,14,6,73,95,56,39,41,27,122,101"/><U46/><E112/><N who="2" m="43083" /><F120/><W28/><G73/><T60/><D32/><U38/><E111/><V121/><F121/><W92/><G39/><T87/><D108/><U18/><E130/><V85/><F117/><W100/><G131/><T96/><D126/><U64/><E72/><V75/><F75/><W19/><G132/><T91/><D118/><U66/><E80/><V102/><F0/><W78/><G6/><T105/><D119/><U106/><E106/><V11/><F102/><W15/><G100/><T98/><D79/><U17/><E94/><N who="3" m="35882" /><G78/><T88/><D105/><U4/><E38/><V51/><F67/><N who="1" m="25641" /><E68/><V103/><F103/><W59/><G101/><T125/><D125/><U90/><E90/><N who="0" m="34345" /><D87/><N who="2" m="33354" /><F11/><W34/><G122/><T30/><D50/><N who="1" m="28751" /><E24/><N who="2" m="18855" /><F51/><W3/><G3/><T127/><D127/><U21/><E21/><V16/><F26/><W55/><G34/><T99/><D133/><U9/><E10/><V31/><F31/><W37/><G28/><T109/><D134/><U48/><E62/><V57/><F57/><N who="3" m="22091" /><G37/><T110/><D110/><U63/><E63/><V74/><F74/><W83/><G83/><T22/><D109/><U47/><E47/><V69/><F69/><W77/><G77/><T114/><D114/><U53/><E53/><V71/><F71/><W2/><G55/><N who="0" m="33887" /><D30/><U44/><E44/><V123/><F123/><W128/><G128/><T129/><D129/><U89/><E89/><V33/><F33/><W124/><G124/><T65/><D65/><U97/><E97/><N who="0" m="24833" /><T81/><DORA hai="49" /><D81/><U135/><E135/><V70/><F70/><W104/><G104/><RYUUKYOKU ba="1,0" sc="300,10,199,10,277,10,224,-30" hai0="5,12,22,23" hai1="4,9,17,18,46,48,54" hai2="16,25,42,43" /><INIT seed="5,2,0,4,0,96" ten="310,209,287,194" oya="1" hai0="68,104,74,70,3,28,29,127,18,51,133,81,34" hai1="105,4,97,66,16,131,78,60,49,108,9,64,23" hai2="6,117,36,134,0,5,106,30,24,86,20,53,102" hai3="123,55,111,59,52,2,21,77,71,1,61,41,90"/><U72/><E108/><V122/><F117/><W110/><G123/><T92/><D104/><U14/><E131/><V94/><F122/><W107/><G107/><T46/><D3/><U22/><E22/><V89/><F36/><W56/><G71/><T62/><D127/><U75/><E49/><V126/><F126/><W109/><G41/><T35/><D133/><U13/><E78/><V37/><F37/><W91/><G77/><T121/><D121/><U118/><E118/><V57/><F134/><W17/><G2/><T65/><D70/><U42/><E42/><V11/><F5/><W31/><G31/><T40/><D18/><U25/><E14/><V112/><F112/><W33/><G33/><T54/><D92/><U43/><E43/><V101/><REACH who="2" step="1"/><F106/><REACH who="2" ten="310,209,277,194" step="2"/><W85/><G110/><T7/><D7/><U73/><REACH who="1" step="1"/><E60/><AGARI ba="2,1" hai="0,6,11,20,24,30,53,57,60,86,89,94,101,102" machi="60" ten="30,12000,2" yaku="1,1,2,1,7,1,52,2,53,1" doraHai="96" doraHaiUra="82" who="2" fromWho="1" sc="310,0,209,-126,277,136,194,0" /><INIT seed="6,0,0,2,2,78" ten="310,83,413,194" oya="2" hai0="34,100,64,42,108,41,81,103,54,101,113,33,29" hai1="95,92,58,37,131,119,126,16,129,23,40,73,6" hai2="107,132,45,51,130,17,120,44,121,134,85,27,7" hai3="71,61,74,112,116,91,125,9,39,10,11,1,96"/><V56/><F107/><W50/><G39/><T18/><D108/><U68/><E68/><V20/><F130/><N who="1" m="49673" /><E73/><V5/><F85/><W60/><G74/><T25/><D113/><U2/><E119/><V79/><F79/><W38/><G112/><T124/><D124/><U80/><E126/><V133/><F56/><W30/><G38/><T66/><D18/><U4/><E58/><V123/><REACH who="2" step="1"/><F45/><REACH who="2" ten="310,83,403,194" step="2"/><W88/><G125/><T99/><D99/><U87/><E92/><V84/><F84/><W86/><G96/><T89/><D54/><AGARI ba="0,1" hai="5,7,17,20,27,44,51,54,120,121,123,132,133,134" machi="54" ten="50,4800,0" yaku="1,1,20,1,53,0" doraHai="78" doraHaiUra="72" who="2" fromWho="0" sc="310,-48,83,0,403,58,194,0" /><INIT seed="6,1,0,4,1,3" ten="262,83,461,194" oya="2" hai0="75,134,22,101,6,72,53,112,41,39,45,108,74" hai1="27,15,51,40,32,121,4,66,110,7,97,2,62" hai2="79,54,42,103,9,8,77,115,55,94,16,36,5" hai3="48,102,24,122,91,87,90,12,1,113,69,84,80"/><V33/><F33/><W131/><G69/><T63/><D108/><U10/><E121/><V46/><F115/><W81/><G113/><T125/><D112/><U31/><E110/><V17/><F77/><W128/><G1/><T49/><D125/><U57/><E2/><V47/><F79/><W123/><G24/><T120/><D120/><N who="3" m="46121" /><G12/><T99/><D134/><U73/><E73/><V38/><F94/><W111/><G48/><T29/><D63/><U60/><E97/><V35/><F35/><W59/><G59/><T78/><D29/><U23/><E32/><V135/><F135/><W67/><G67/><T19/><D78/><U50/><E40/><V11/><F11/><W21/><G21/><T114/><D114/><U20/><E20/><V119/><F42/><W106/><G111/><T85/><D39/><U86/><E7/><V100/><REACH who="2" step="1"/><F5/><REACH who="2" ten="262,83,451,194" step="2"/><W109/><G109/><T56/><D6/><U14/><E14/><V129/><F129/><N who="3" m="49739" /><G106/><T43/><D43/><U116/><E116/><AGARI ba="1,1" hai="8,9,16,17,36,38,46,47,54,55,100,103,116,119" machi="116" ten="25,9600,0" yaku="1,1,22,2,54,1,53,0" doraHai="3" doraHaiUra="124" who="2" fromWho="1" sc="262,0,83,-99,451,109,194,0" owari="262,6.0,-16,-52.0,560,67.0,194,-21.0" /></mjloggm>