<mjloggm ver="2.3"><GO type="97" lobby="0"/><UN n0="%E3%83%8B%E3%83%A3%E3%83%83%E3%83%94%E3%83%BC%E3%81%AE%E5%9B%BD" n1="%E5%B0%B1%E6%B4%BB%E7%94%9F%40%E5%B7%9D%E6%9D%91%E8%BB%8D%E5%9B%A3" n2="%E3%81%84%E3%81%8D%E3%81%97%E3%81%A1" n3="%6B%75%72%6F%74%6F%6D%6F" dan="15,15,14,14" rate="1939.05,2055.06,1901.29,1872.46" sx="M,M,M,M"/><TAIKYOKU oya="0"/><INIT seed="0,0,0,1,0,53" ten="250,250,250,250" oya="0" hai0="16,22,48,25,106,46,47,85,58,18,131,14,12" hai1="116,51,0,115,114,43,132,73,56,92,122,101,60" hai2="11,112,63,30,134,111,79,125,129,102,98,88,29" hai3="59,50,71,33,49,119,64,68,123,84,117,28,130"/><T39/><D106/><U75/><E0/><V20/><F112/><N who="1" m="43049" /><E122/><V19/><F125/><W31/><G123/><T36/><D131/><U66/><E132/><V13/><F129/><W133/><G130/><T4/><D39/><U96/><E116/><V77/><F134/><W10/><G133/><T120/><D120/><U37/><E37/><V126/><F126/><W118/><G10/><N who="0" m="4167" /><D36/><U113/><N who="1" m="43057" /><U52/><DORA hai="121" /><E43/><V34/><F34/><W90/><G64/><T91/><D48/><U3/><E3/><V35/><F35/><W127/><G127/><T42/><D42/><U65/><E65/><V74/><F102/><W55/><G49/><T15/><D58/><AGARI ba="0,0" hai="51,52,56,58,60,66,73,75,92,96,101" m="43057" machi="58" ten="40,8000,1" yaku="11,1,52,2,54,1" doraHai="53,121" who="1" fromWho="0" sc="250,-80,250,80,250,0,250,0" /><INIT seed="1,0,0,2,3,15" ten="170,330,250,250" oya="1" hai0="21,78,49,46,105,122,117,19,132,6,88,114,92" hai1="28,124,94,97,22,42,95,84,101,135,25,104,23" hai2="85,115,102,126,43,38,8,16,33,96,80,86,29" hai3="87,36,56,51,108,3,70,27,77,13,99,62,90"/><U18/><E124/><V71/><F71/><W121/><G36/><T106/><D117/><U66/><E135/><V1/><F115/><W11/><G108/><T0/><D114/><U10/><E42/><V93/><F126/><W52/><G121/><T53/><D122/><U65/><E10/><V111/><F111/><W100/><G77/><T64/><D132/><U26/><E104/><V76/><F33/><W82/><G3/><T55/><D64/><U54/><E54/><V4/><F29/><W67/><G27/><T31/><D31/><U14/><E14/><V127/><F127/><W89/><G89/><AGARI ba="0,0" hai="18,22,23,25,26,28,65,66,84,89,94,95,97,101" machi="89" ten="40,3900,0" yaku="8,1,52,1" doraHai="15" who="1" fromWho="3" sc="170,0,330,39,250,0,250,-39" /><INIT seed="1,1,0,5,4,67" ten="170,369,250,211" oya="1" hai0="76,22,33,63,58,16,53,100,81,68,132,72,46" hai1="120,45,25,127,11,87,119,42,113,122,39,21,133" hai2="90,121,40,14,64,2,27,134,52,108,13,105,114" hai3="70,107,57,91,23,5,28,98,60,115,123,111,19"/><U103/><E119/><V71/><F121/><W37/><G115/><T95/><D132/><U8/><E113/><V7/><F105/><W129/><G123/><T88/><D100/><U44/><E133/><V110/><F134/><W3/><G111/><N who="2" m="42537" /><F114/><W112/><G112/><T35/><D46/><U102/><E127/><V126/><F126/><W99/><G37/><T74/><D74/><U4/><E45/><V104/><F104/><W20/><G28/><T29/><D29/><U109/><E109/><V18/><F40/><W84/><G70/><T79/><D79/><U49/><E39/><V30/><F90/><W56/><G129/><T50/><D68/><U12/><E11/><N who="2" m="2551" /><F18/><W73/><G107/><T97/><REACH who="0" step="1"/><D50/><REACH who="0" ten="160,369,250,211" step="2"/><N who="1" m="26903" /><E103/><V61/><F30/><W89/><G73/><T80/><D80/><U116/><E102/><V48/><F27/><AGARI ba="1,1" hai="16,22,27,33,35,53,58,63,72,76,81,88,95,97" machi="27" ten="30,12000,2" yaku="1,1,7,1,25,2,54,2,53,1" doraHai="67" doraHaiUra="93" who="0" fromWho="2" sc="160,133,369,0,250,-123,211,0" /><INIT seed="2,0,0,1,4,128" ten="293,369,127,211" oya="2" hai0="32,22,48,1,88,98,94,47,110,7,0,92,106" hai1="124,125,65,103,102,39,25,60,33,83,11,17,90" hai2="40,70,63,113,2,78,81,15,38,105,49,133,35" hai3="9,118,28,69,111,82,117,121,116,95,45,76,87"/><V44/><F105/><W13/><G69/><T6/><D32/><U19/><E39/><V16/><F35/><W71/><G71/><T12/><D106/><U14/><E83/><V51/><F2/><W59/><G111/><T34/><D34/><U131/><E131/><V122/><F122/><W42/><G121/><T104/><D104/><U73/><E73/><V74/><F113/><W119/><G28/><T80/><D110/><U108/><E90/><V8/><REACH who="2" step="1"/><F133/><REACH who="2" ten="293,369,117,211" step="2"/><W120/><G120/><T52/><D0/><U72/><E108/><V37/><F37/><W64/><G119/><T27/><D1/><U135/><E135/><V79/><F79/><W109/><G76/><T89/><D80/><U54/><E33/><V86/><F86/><W24/><G82/><T130/><D130/><U46/><E72/><V107/><F107/><W23/><G87/><N who="0" m="52255" /><D12/><U31/><E14/><V66/><AGARI ba="0,1" hai="8,15,16,38,40,44,49,51,63,66,70,74,78,81" machi="66" ten="30,6000,0" yaku="1,1,0,1,54,1,53,0" doraHai="128" doraHaiUra="132" who="2" fromWho="2" sc="293,-20,369,-20,117,70,211,-20" /><INIT seed="2,1,0,2,2,100" ten="273,349,187,191" oya="2" hai0="19,86,97,109,129,23,74,8,133,17,32,102,99" hai1="11,107,85,5,94,51,130,114,30,92,22,128,120" hai2="108,96,122,71,87,58,20,41,46,2,31,116,123" hai3="7,104,115,70,15,89,79,39,13,18,132,28,126"/><V54/><F116/><W64/><G39/><T119/><D74/><U49/><E107/><V82/><F2/><W118/><G64/><T106/><D32/><U77/><E114/><V47/><F71/><W3/><G70/><T43/><D43/><U16/><E120/><V50/><F108/><W12/><G79/><T67/><D67/><U38/><E38/><V125/><F125/><W83/><G83/><T25/><D109/><U37/><E37/><V21/><F96/><W112/><G89/><T14/><D133/><U63/><E30/><V117/><F117/><W113/><G118/><T98/><D119/><U73/><E73/><V42/><F123/><W6/><G126/><T103/><D129/><N who="1" m="49771" /><E63/><V34/><F34/><W90/><G104/><T105/><D98/><U88/><E77/><N who="2" m="46543" /><F122/><W78/><G78/><T81/><D81/><U24/><E94/><V135/><F135/><W44/><G132/><T27/><D86/><U57/><E57/><V65/><F65/><W33/><G90/><T10/><D10/><U93/><E93/><V61/><F31/><W66/><G66/><T53/><D53/><U80/><E80/><V36/><F36/><W69/><G69/><T111/><D111/><U124/><E124/><V1/><F1/><AGARI ba="1,0" hai="1,5,11,16,22,24,49,51,85,88,92" m="49771" machi="1" ten="30,3900,0" yaku="19,1,54,2" doraHai="100" who="1" fromWho="2" sc="273,0,349,42,187,-42,191,0" /><INIT seed="3,0,0,1,3,109" ten="273,391,145,191" oya="3" hai0="50,5,30,99,124,8,76,77,78,84,55,126,26" hai1="74,133,87,75,1,61,11,7,67,56,96,24,65" hai2="79,73,23,97,98,52,60,43,105,70,14,27,94" hai3="10,54,112,116,117,48,68,81,132,113,18,103,111"/><W0/><G68/><T107/><D99/><U134/><E67/><V53/><F73/><W128/><G103/><T69/><D107/><U38/><E38/><V6/><F79/><W121/><G81/><T127/><D69/><U129/><E129/><V71/><F43/><W9/><G18/><T19/><D19/><U110/><E110/><V49/><F105/><W114/><G0/><N who="0" m="39" /><D84/><U104/><E24/><V32/><F32/><W131/><G111/><T102/><D102/><N who="1" m="62535" /><E87/><V40/><F40/><W135/><G121/><T85/><D85/><U51/><E51/><V3/><F3/><W119/><G48/><T95/><D95/><U59/><E59/><V4/><F98/><W15/><G54/><T83/><D83/><U125/><E125/><V64/><F71/><W34/><G34/><N who="0" m="20823" /><D78/><U16/><E16/><V28/><F14/><W17/><G9/><T72/><D72/><U106/><E106/><V33/><F33/><W101/><G101/><T22/><D22/><U44/><E44/><AGARI ba="0,0" hai="44,50,55,76,77,124,126,127" m="20823,39" machi="44" ten="30,1000,0" yaku="18,1" doraHai="109" who="0" fromWho="1" sc="273,10,391,-10,145,0,191,0" owari="283,8.0,381,48.0,145,-35.0,191,-21.0" /></mjloggm>