<mjloggm ver="2.3"><GO type="41" lobby="0"/><UN n0="%E3%80%9D%E3%83%A9%E3%83%A0%E3%83%80%E3%83%87%E3%83%AB%E3%82%BF%E3%80%9F" n1="%74%6F%74%6F%74%6F" n2="%66%75%6C%6C%6D%61%72%6B" n3="%E5%B0%B1%E6%B4%BB%E7%94%9F%40%E5%B7%9D%E6%9D%91%E8%BB%8D%E5%9B%A3" dan="15,14,14,17" rate="2056.45,1944.46,1925.74,2133.69" sx="F,M,M,M"/><TAIKYOKU oya="0"/><INIT seed="0,0,0,2,5,65" ten="250,250,250,250" oya="0" hai0="44,48,100,64,32,121,129,15,40,66,23,72,18" hai1="37,91,61,52,9,73,6,115,110,135,16,2,46" hai2="108,62,98,93,54,13,109,114,19,101,106,55,120" hai3="119,102,3,63,35,80,51,95,28,1,74,124,42"/><T17/><D72/><U113/><E110/><N who="2" m="42603" /><F114/><N who="1" m="43529" /><E135/><V133/><F120/><W125/><G119/><T134/><D32/><U5/><E5/><V107/><F133/><W47/><G35/><T84/><D121/><U58/><E73/><V20/><F62/><W22/><G74/><T79/><D129/><U81/><E81/><V78/><F78/><W103/><G80/><T33/><D33/><U90/><E16/><V85/><F85/><W76/><G76/><T10/><D134/><U29/><E29/><V27/><F27/><N who="3" m="16503" /><G63/><T104/><D104/><AGARI ba="0,0" hai="13,19,20,54,55,93,98,101,104,106,107" m="42603" machi="104" ten="30,1000,0" yaku="14,1" doraHai="65" who="2" fromWho="0" sc="250,-10,250,0,250,10,250,0" /><INIT seed="1,0,0,2,5,6" ten="240,250,260,250" oya="1" hai0="131,86,3,38,114,79,62,123,133,87,106,75,60" hai1="52,13,96,15,111,17,28,53,25,43,19,65,104" hai2="129,113,74,20,92,85,72,134,27,103,91,49,97" hai3="68,54,110,11,112,82,71,120,118,69,107,32,46"/><U109/><E43/><V101/><F113/><W80/><G112/><T89/><D3/><U100/><E65/><V16/><F134/><W67/><G118/><T63/><D38/><U40/><E40/><V58/><F129/><W37/><G120/><T98/><D114/><U130/><E130/><V0/><F0/><W1/><G32/><T122/><D131/><U76/><E76/><V55/><REACH who="2" step="1"/><F103/><REACH who="2" ten="240,250,250,250" step="2"/><W99/><G1/><T116/><D116/><U90/><E90/><V51/><F51/><W84/><G37/><T42/><D133/><U88/><E88/><V18/><F18/><W2/><G2/><T108/><D108/><N who="1" m="41547" /><E19/><V22/><F22/><W33/><G33/><T36/><D123/><U8/><E15/><V70/><F70/><W14/><G71/><T59/><D122/><U56/><E56/><V77/><F77/><W102/><G69/><T26/><D26/><U83/><E83/><AGARI ba="0,1" hai="16,20,27,49,55,58,72,74,83,85,91,92,97,101" machi="83" ten="30,7700,0" yaku="1,1,7,1,54,1,53,1" doraHai="6" doraHaiUra="48" who="2" fromWho="1" sc="240,0,250,-77,250,87,250,0" /><INIT seed="2,0,0,3,0,76" ten="240,173,337,250" oya="2" hai0="73,68,16,135,20,35,42,21,71,99,53,119,65" hai1="2,101,128,98,24,82,6,94,118,102,96,7,19" hai2="86,12,110,41,34,126,57,109,30,58,44,63,90" hai3="46,130,77,47,120,121,61,100,131,1,115,31,89"/><V127/><F12/><W11/><G100/><T10/><D73/><U91/><E128/><N who="3" m="49194" /><G77/><T80/><D119/><U116/><E116/><V104/><F104/><W23/><G89/><T124/><D35/><U15/><E118/><V52/><F58/><W88/><G1/><T29/><D135/><U66/><E66/><V50/><F30/><W74/><G74/><T78/><D42/><U49/><E2/><V69/><F34/><W67/><G11/><T0/><D65/><U70/><E70/><V125/><F69/><N who="3" m="42223" /><G23/><T105/><D29/><U27/><E101/><V122/><F122/><N who="3" m="47211" /><G31/><T84/><D21/><U117/><E117/><V55/><F55/><W38/><G88/><T32/><D53/><U85/><E98/><V51/><F63/><W62/><G115/><T81/><D32/><U9/><REACH who="1" step="1"/><E49/><REACH who="1" ten="240,163,337,250" step="2"/><V48/><F51/><W37/><G62/><T123/><D99/><U8/><E8/><V14/><REACH who="2" step="1"/><F14/><REACH who="2" ten="240,163,327,250" step="2"/><W40/><G38/><T26/><D123/><U83/><E83/><AGARI ba="0,2" hai="41,44,48,50,52,57,83,86,90,109,110,125,126,127" machi="83" ten="50,12000,1" yaku="1,1,2,1,18,1,52,1,54,1,53,0" doraHai="76" doraHaiUra="106" who="2" fromWho="1" sc="240,0,163,-120,327,140,250,0" /><INIT seed="2,1,0,0,0,134" ten="240,43,467,250" oya="2" hai0="66,85,13,46,51,28,63,36,48,35,56,68,92" hai1="45,11,93,103,43,91,80,127,70,123,6,130,105" hai2="117,31,57,42,14,114,60,110,78,69,17,133,102" hai3="67,87,58,50,27,101,72,25,47,71,44,100,38"/><V8/><F117/><W81/><G72/><T24/><D13/><U79/><E130/><V40/><F114/><W108/><G71/><T128/><D128/><U1/><E70/><V22/><F133/><W116/><G38/><T125/><D125/><U96/><E123/><V95/><F110/><W90/><G108/><T52/><D85/><U12/><E12/><V77/><F69/><W9/><G116/><T113/><D92/><U115/><E115/><V99/><F42/><W73/><G73/><T21/><D113/><U94/><E94/><V120/><F40/><W119/><G9/><T18/><D51/><U88/><E127/><V62/><F120/><W5/><G5/><T97/><D97/><U23/><E23/><V135/><F135/><W124/><G124/><T26/><REACH who="0" step="1"/><D36/><REACH who="0" ten="230,43,467,250" step="2"/><U76/><E105/><V15/><F62/><N who="3" m="38359" /><G119/><T30/><D30/><U111/><E111/><V82/><F82/><W49/><G101/><T84/><D84/><U122/><E122/><V20/><F20/><W16/><G100/><T121/><D121/><U2/><E2/><V104/><F104/><W7/><G7/><T37/><D37/><U55/><E80/><V33/><F33/><W54/><G16/><T65/><D65/><U32/><E6/><V34/><F34/><W10/><G10/><T112/><D112/><U83/><E11/><V132/><F132/><W64/><G64/><T59/><AGARI ba="1,1" hai="18,21,24,26,28,35,46,48,52,56,59,63,66,68" machi="59" ten="30,7900,0" yaku="1,1,0,1,54,1,53,1" doraHai="134" doraHaiUra="41" who="0" fromWho="0" sc="230,92,43,-21,467,-40,250,-21" /><INIT seed="3,0,0,0,2,112" ten="322,22,427,229" oya="3" hai0="96,56,52,97,69,48,71,24,72,22,53,119,65" hai1="88,33,126,12,42,29,87,103,124,78,132,85,106" hai2="67,37,80,34,99,45,117,27,18,54,62,60,14" hai3="111,39,129,57,44,8,32,120,82,100,107,94,91"/><W11/><G120/><T10/><D72/><U118/><E42/><V64/><F80/><W23/><G32/><T131/><D131/><U31/><E33/><V43/><F99/><W105/><G129/><T79/><D79/><U25/><E12/><V127/><F127/><N who="1" m="48681" /><E25/><V101/><F101/><W84/><G111/><T133/><D133/><U90/><E29/><V89/><F89/><N who="1" m="34409" /><E31/><V15/><F34/><W28/><G57/><T102/><D119/><U4/><E4/><V0/><F117/><W98/><G11/><T135/><D135/><U47/><E47/><V73/><F0/><W17/><G8/><T95/><D97/><N who="1" m="61807" /><E132/><V125/><F125/><W5/><G28/><T123/><D123/><U9/><E9/><V55/><F27/><W30/><G30/><T16/><D10/><U58/><E58/><V49/><F18/><W130/><G5/><T13/><D65/><U70/><E70/><V6/><F6/><W76/><G130/><T38/><D38/><U63/><E63/><V86/><F60/><W134/><G134/><T21/><D53/><U26/><E26/><V81/><F64/><W110/><G110/><T116/><D116/><U122/><E118/><V3/><F3/><W114/><G114/><T40/><D40/><U41/><E41/><V92/><F67/><W2/><G2/><T36/><D36/><U46/><E46/><V74/><F62/><W121/><G121/><T113/><D113/><U128/><E128/><V77/><F37/><W68/><G68/><T7/><D7/><U61/><E61/><V51/><F43/><N who="3" m="22655" /><G100/><T59/><D59/><RYUUKYOKU ba="0,0" sc="322,15,22,-15,427,-15,229,15" hai0="13,16,21,22,24,48,52,56,69,71,95,96,102" hai3="17,23,76,82,84,91,94,98,105,107" /><INIT seed="3,1,0,0,5,82" ten="337,7,412,244" oya="3" hai0="111,21,81,86,54,60,30,62,108,95,74,109,48" hai1="16,84,1,58,61,106,56,3,17,97,25,8,103" hai2="47,102,98,120,92,83,27,2,119,135,72,129,41" hai3="122,35,132,91,70,87,32,126,121,15,9,123,133"/><W67/><G70/><T53/><D74/><U51/><E51/><V89/><F119/><W13/><G67/><T19/><D30/><U73/><E73/><V50/><F120/><W5/><G126/><T117/><D95/><U101/><E103/><V46/><F129/><W99/><G99/><T93/><D93/><U75/><E75/><V33/><F135/><W114/><G114/><T116/><D116/><U125/><E125/><V128/><F128/><W100/><G100/><T79/><D117/><U42/><E42/><V29/><F2/><W112/><G112/><T37/><D37/><U85/><E3/><V124/><F124/><W26/><G15/><N who="0" m="9471" /><D53/><U64/><E1/><V6/><F6/><W88/><G91/><T4/><D4/><U12/><E58/><AGARI ba="1,0" hai="48,54,58,60,62,79,81,86,108,109,111" m="9471" machi="58" ten="30,2000,0" yaku="14,1,52,1" doraHai="82" who="0" fromWho="1" sc="337,23,7,-23,412,0,244,0" owari="360,16.0,-16,-52.0,412,52.0,244,-16.0" /></mjloggm>