<mjloggm ver="2.3"><GO type="41" lobby="0"/><UN n0="%E4%BD%90%E5%9F%8E%E9%9B%AA%E7%BE%8E" n1="%68%6F%63%6F%68%6F" n2="%E5%86%92%E9%99%BA%E9%9B%80%E5%A3%AB%E3%82%BF%E3%82%AB%E3%82%B7%E3%83%B3" n3="%E5%B0%B1%E6%B4%BB%E7%94%9F%40%E5%B7%9D%E6%9D%91%E8%BB%8D%E5%9B%A3" dan="15,15,15,17" rate="2018.93,1963.78,2049.86,2129.82" sx="M,M,M,M"/><TAIKYOKU oya="0"/><INIT seed="0,0,0,0,4,21" ten="250,250,250,250" oya="0" hai0="116,8,128,89,78,55,83,58,17,120,68,24,85" hai1="121,34,115,106,64,69,39,62,133,40,104,1,53" hai2="87,27,28,100,109,76,107,54,20,129,51,3,37" hai3="84,33,60,63,96,35,15,111,22,82,125,26,41"/><T32/><D120/><U94/><E121/><V31/><F37/><W11/><G125/><T18/><D116/><U72/><E133/><V71/><F3/><W12/><G111/><T52/><D68/><U49/><E115/><V48/><F71/><W122/><G41/><T5/><D128/><U42/><E1/><V13/><F129/><W90/><G122/><T45/><D45/><U30/><E72/><V113/><F109/><W0/><G0/><T23/><D32/><U14/><E14/><V44/><F113/><W77/><G35/><T134/><D134/><U61/><E62/><V88/><F76/><W93/><G33/><T114/><D114/><U126/><E126/><V123/><F13/><W91/><G15/><N who="0" m="5519" /><D78/><U118/><E118/><V65/><F65/><W59/><G59/><T117/><D117/><U131/><E131/><V92/><F123/><W2/><G77/><T102/><D102/><U66/><E64/><V130/><F130/><W110/><G110/><T38/><D38/><U99/><E39/><V47/><F107/><N who="1" m="41001" /><E30/><N who="2" m="17767" /><F100/><W57/><G57/><T101/><D101/><N who="1" m="60663" /><E34/><V98/><F98/><W56/><G56/><T46/><D46/><U124/><E124/><V16/><F16/><N who="0" m="6250" /><D58/><U97/><E97/><V6/><F6/><N who="3" m="3191" /><G2/><T112/><D112/><U81/><E81/><V50/><F50/><W75/><G75/><T103/><D103/><U9/><E9/><V36/><F36/><W7/><G7/><T4/><D4/><U79/><E79/><V73/><F73/><W29/><AGARI ba="0,0" hai="22,26,29,60,63,82,84,90,91,93,96" m="3191" machi="29" ten="30,2000,0" yaku="8,1,52,1" doraHai="21" who="3" fromWho="3" sc="250,-10,250,-5,250,-5,250,20" /><INIT seed="1,0,0,2,2,32" ten="240,245,245,270" oya="1" hai0="103,78,109,102,39,68,53,83,36,126,91,13,72" hai1="129,59,51,108,92,96,3,74,121,90,113,87,40" hai2="67,115,56,29,35,93,84,66,7,82,6,0,9" hai3="135,97,77,60,54,73,22,134,99,27,100,75,11"/><U105/><E113/><V37/><F115/><W132/><G11/><T2/><D68/><U55/><E121/><V94/><F37/><W69/><G77/><T133/><D133/><U89/><E129/><V107/><F107/><W26/><G99/><T86/><D126/><U31/><E74/><V28/><F7/><W98/><G98/><T23/><D109/><U46/><E108/><V24/><F29/><W14/><G14/><T16/><D2/><U49/><E3/><V79/><REACH who="2" step="1"/><F56/><REACH who="2" ten="240,245,235,270" step="2"/><N who="3" m="34839" /><G69/><T21/><D39/><U34/><E105/><V128/><F128/><W58/><G58/><T62/><D36/><U65/><E65/><AGARI ba="0,1" hai="0,6,9,24,28,35,65,66,67,79,82,84,93,94" machi="65" ten="40,8000,1" yaku="1,1,52,1,53,3" doraHai="32" doraHaiUra="61" who="2" fromWho="1" sc="240,0,245,-80,235,90,270,0" /><INIT seed="2,0,0,1,1,116" ten="240,165,325,270" oya="2" hai0="98,36,3,20,77,27,112,40,30,61,100,35,5" hai1="122,82,8,18,101,108,29,46,43,72,105,58,89" hai2="111,62,32,33,50,79,73,19,21,26,64,109,34" hai3="106,126,6,91,53,74,118,37,132,114,129,78,38"/><V96/><F50/><W11/><G118/><T2/><D112/><U12/><E108/><N who="2" m="41547" /><F96/><W24/><G106/><T71/><D77/><U121/><E29/><V0/><F0/><W90/><G114/><T84/><D20/><U88/><E58/><N who="2" m="36951" /><F79/><W60/><G78/><T51/><D84/><U80/><E72/><AGARI ba="0,0" hai="19,21,26,32,33,34,72,73" m="36951,41547" machi="72" ten="40,3900,0" yaku="14,1,10,1" doraHai="116" who="2" fromWho="1" sc="240,0,165,-39,325,39,270,0" /><INIT seed="2,1,0,2,1,14" ten="240,126,364,270" oya="2" hai0="25,53,21,61,58,95,101,85,75,104,48,81,107" hai1="74,15,22,87,56,105,38,84,3,110,132,24,83" hai2="70,78,40,52,60,0,46,129,6,118,123,67,128" hai3="94,65,35,34,59,106,1,31,33,12,68,5,119"/><V134/><F123/><W54/><G106/><T4/><D75/><U76/><E110/><V100/><F118/><W80/><G119/><T72/><D72/><U37/><E3/><V28/><F100/><W51/><G1/><T92/><D4/><U7/><E132/><V47/><F28/><W102/><G31/><T39/><D39/><U11/><E105/><V96/><F96/><W120/><G120/><T122/><D122/><U98/><E98/><V86/><F134/><W117/><G117/><T64/><D104/><U115/><E115/><V125/><F78/><W16/><G5/><T133/><D133/><U93/><E56/><V8/><F86/><W82/><G94/><T19/><D101/><U99/><E38/><V124/><F52/><W79/><G102/><T62/><D62/><U91/><REACH who="1" step="1"/><E37/><REACH who="1" ten="240,116,364,270" step="2"/><N who="2" m="21775" /><F47/><W114/><G114/><T55/><D107/><U29/><AGARI ba="1,1" hai="7,11,15,22,24,29,74,76,83,84,87,91,93,99" machi="29" ten="20,2700,0" yaku="1,1,0,1,7,1,53,0" doraHai="14" doraHaiUra="112" who="1" fromWho="1" sc="240,-8,116,40,364,-14,270,-8" /><INIT seed="3,0,0,1,0,72" ten="232,156,350,262" oya="3" hai0="63,67,115,90,51,105,132,101,47,5,81,104,109" hai1="120,32,91,12,111,44,35,6,107,16,87,23,19" hai2="62,74,7,14,124,65,36,26,61,15,37,75,3" hai3="55,102,71,125,92,70,24,122,1,22,39,34,76"/><W113/><G34/><T131/><D132/><U48/><E120/><V17/><F3/><W94/><G1/><T126/><D126/><U130/><E111/><V52/><F124/><W53/><G39/><T46/><D109/><U56/><E130/><V78/><F26/><W57/><G122/><T38/><D131/><U45/><E107/><V100/><F100/><W95/><G125/><T9/><D115/><U11/><E56/><V98/><F98/><W8/><G102/><T50/><D38/><U96/><E96/><V30/><F30/><W41/><G41/><T83/><D101/><U106/><E106/><V121/><F7/><W134/><G134/><T116/><D116/><U69/><E69/><V88/><F65/><W25/><G8/><T10/><D5/><U31/><E31/><V119/><F17/><W110/><G110/><T60/><D67/><U42/><E45/><V117/><F121/><W82/><G55/><T64/><D64/><U97/><E97/><V2/><F2/><W58/><G58/><T13/><D90/><U129/><E129/><V114/><F114/><W118/><G118/><T77/><REACH who="0" step="1"/><D13/><REACH who="0" ten="222,156,350,262" step="2"/><U27/><REACH who="1" step="1"/><E6/><REACH who="1" ten="222,146,350,262" step="2"/><V66/><F119/><W135/><G135/><T85/><D85/><U89/><E89/><V93/><F88/><W68/><G113/><T59/><D59/><U80/><AGARI ba="0,2" hai="11,12,16,19,23,27,32,35,42,44,48,80,87,91" machi="80" ten="20,8000,1" yaku="1,1,0,1,7,1,54,1,53,1" doraHai="72" doraHaiUra="84" who="1" fromWho="1" sc="222,-20,146,100,350,-20,262,-40" /><INIT seed="4,0,0,0,0,110" ten="202,246,330,222" oya="0" hai0="11,71,9,33,63,51,111,98,116,104,121,26,66" hai1="4,108,74,114,125,69,1,93,13,78,34,75,103" hai2="37,124,129,68,102,97,130,45,43,10,72,94,113" hai3="29,27,7,31,82,18,80,81,88,120,24,127,109"/><T91/><D116/><U59/><E69/><V21/><F68/><W38/><G109/><T65/><D111/><U40/><E108/><V28/><F72/><W49/><G38/><T70/><D121/><U117/><E117/><V90/><F124/><W23/><G127/><T133/><D133/><U99/><E125/><V30/><F113/><W17/><G120/><T101/><D91/><U56/><E1/><V126/><F126/><W8/><G49/><T95/><D95/><U6/><E34/><V42/><F42/><W61/><G61/><T55/><D66/><U122/><E122/><V60/><F60/><W107/><G107/><T119/><D71/><U19/><E114/><V128/><F10/><W132/><G132/><T77/><D77/><U53/><E40/><V96/><REACH who="2" step="1"/><F21/><REACH who="2" ten="202,246,320,222" step="2"/><W86/><G31/><N who="0" m="19703" /><D119/><U0/><E74/><V22/><F22/><W112/><G112/><T20/><D20/><U79/><E75/><V131/><N who="2" m="32768" /><DORA hai="2" /><V41/><F41/><W105/><G27/><T46/><AGARI ba="0,1" hai="9,11,46,51,55,63,65,70,98,101,104" m="19703" machi="46" ten="30,1500,0" yaku="25,1" doraHai="110,2" who="0" fromWho="0" sc="202,25,246,-5,320,-5,222,-5" /><INIT seed="4,1,0,3,0,69" ten="227,241,315,217" oya="0" hai0="39,13,108,67,14,79,99,15,72,6,22,107,102" hai1="40,0,58,76,74,106,52,92,26,61,127,65,91" hai2="97,96,82,63,129,18,105,64,98,86,7,75,113" hai3="28,114,43,37,115,109,3,112,85,5,44,36,128"/><T16/><D108/><U130/><E106/><V116/><F113/><W19/><G109/><T87/><D72/><U93/><E127/><V71/><F129/><W84/><G128/><T78/><D67/><U123/><E123/><V56/><F116/><W20/><G28/><T29/><D29/><U47/><E130/><V73/><F105/><W88/><G5/><T1/><D39/><U60/><E0/><V10/><F18/><W133/><G3/><T90/><D1/><U59/><E26/><V119/><F119/><W41/><G133/><T118/><D118/><U21/><E21/><V34/><F34/><W38/><G44/><T120/><D120/><U101/><E101/><V83/><F71/><W2/><G2/><T32/><D32/><U54/><E65/><V17/><F7/><W94/><G85/><T111/><D111/><U31/><E31/><V124/><F124/><W9/><G9/><T121/><D121/><U134/><E134/><V24/><F82/><W51/><G51/><T122/><D122/><U104/><E104/><V66/><F66/><W48/><G48/><T11/><REACH who="0" step="1"/><D14/><AGARI ba="1,0" hai="14,19,20,36,37,38,41,43,84,88,94,112,114,115" machi="14" ten="50,8000,1" yaku="15,1,52,3,54,1" doraHai="69" who="3" fromWho="0" sc="227,-83,241,0,315,0,217,83" /><INIT seed="5,0,0,1,0,113" ten="144,241,315,300" oya="1" hai0="133,68,53,79,115,127,13,95,74,71,38,47,45" hai1="75,128,93,81,125,117,22,14,92,36,122,2,118" hai2="66,98,4,73,58,91,72,21,40,39,37,129,0" hai3="111,50,11,28,33,65,86,7,63,101,51,32,30"/><U131/><E122/><V132/><F21/><W84/><G111/><T17/><D115/><U1/><E125/><V44/><F39/><W67/><G101/><T48/><D127/><U16/><E36/><V83/><F129/><N who="1" m="49737" /><E93/><V112/><F132/><W46/><G51/><T8/><D133/><U24/><E92/><V87/><F112/><W10/><G10/><T100/><D79/><N who="1" m="44287" /><E24/><V12/><F0/><AGARI ba="0,0" hai="0,1,2,14,16,22,117,118" m="44287,49737" machi="0" ten="30,11600,0" yaku="19,1,52,2,54,1" doraHai="113" who="1" fromWho="2" sc="144,0,241,116,315,-116,300,0" /><INIT seed="5,1,0,5,5,64" ten="144,357,199,300" oya="1" hai0="35,113,43,133,52,124,88,5,45,65,115,40,27" hai1="105,84,71,89,130,50,51,72,68,135,34,11,85" hai2="16,17,18,79,46,66,33,42,78,123,92,61,38" hai3="86,99,58,76,57,77,106,109,83,1,80,28,111"/><U119/><E119/><V122/><F33/><W56/><G1/><T0/><D124/><U102/><E72/><V44/><F92/><W87/><G28/><T21/><D35/><U104/><E130/><V67/><F46/><W127/><G127/><T32/><D32/><U24/><E135/><V60/><F79/><W31/><G31/><T3/><D133/><U2/><E34/><V63/><REACH who="2" step="1"/><F78/><REACH who="2" ten="144,357,189,300" step="2"/><W30/><G109/><T112/><D45/><U47/><E47/><V7/><F7/><W134/><G111/><T73/><D5/><U126/><E126/><V120/><AGARI ba="1,1" hai="16,17,18,38,42,44,60,61,63,66,67,120,122,123" machi="120" ten="40,12000,2" yaku="1,1,0,1,29,2,54,1,53,1" doraHai="64" doraHaiUra="37" who="2" fromWho="2" sc="144,-31,357,-61,189,133,300,-31" /><INIT seed="6,0,0,0,0,74" ten="113,296,322,269" oya="2" hai0="57,88,18,124,12,9,43,112,119,89,131,5,62" hai1="8,54,81,94,104,110,65,14,75,72,106,77,2" hai2="127,29,101,61,120,34,95,132,66,73,24,7,79" hai3="23,28,52,126,0,76,123,118,63,87,45,58,47"/><V35/><F120/><W11/><G118/><T31/><D119/><U20/><E110/><V98/><F132/><W25/><G123/><T44/><D112/><U67/><E75/><V53/><F127/><W128/><G126/><T83/><D131/><U15/><E2/><V30/><F7/><W71/><G128/><T116/><D31/><U60/><E20/><V68/><F53/><W69/><G69/><T13/><D116/><U108/><E108/><V111/><F111/><W1/><G71/><T97/><D97/><U50/><E94/><V86/><F73/><W96/><G96/><T107/><D107/><U121/><E121/><V55/><F55/><W125/><G125/><T51/><D83/><U32/><E32/><V105/><F95/><W114/><G114/><T36/><D36/><U78/><E77/><V85/><F79/><W21/><G21/><T39/><D39/><U99/><E99/><V70/><F70/><W100/><G100/><T64/><REACH who="0" step="1"/><D124/><REACH who="0" ten="103,296,322,269" step="2"/><U22/><E106/><V134/><F134/><W4/><G1/><T109/><D109/><U33/><E104/><V117/><F117/><W103/><G103/><T10/><AGARI ba="0,1" hai="5,9,10,12,13,18,43,44,51,57,62,64,88,89" machi="10" ten="20,8000,1" yaku="1,1,0,1,7,1,8,1,54,1,53,0" doraHai="74" doraHaiUra="82" who="0" fromWho="0" sc="103,90,296,-20,322,-40,269,-20" /><INIT seed="7,0,0,1,2,91" ten="193,276,282,249" oya="3" hai0="1,132,108,95,35,117,49,74,51,38,9,63,80" hai1="44,55,28,66,60,101,128,99,71,23,52,76,15" hai2="118,22,114,89,122,121,11,58,54,16,25,116,45" hai3="105,19,112,85,73,59,56,96,27,111,125,14,6"/><W61/><G73/><T97/><D117/><U4/><E128/><V18/><F114/><W134/><G112/><T42/><D108/><U39/><E76/><V48/><F89/><W123/><G123/><N who="2" m="47113" /><F45/><W3/><G111/><T72/><D35/><U43/><E4/><V30/><F11/><W50/><G134/><T75/><D80/><U21/><E21/><N who="2" m="15663" /><F18/><W69/><G3/><T26/><D132/><U36/><E39/><V109/><F109/><W34/><G6/><T53/><D26/><AGARI ba="0,0" hai="16,22,26,48,54,58,116,118" m="15663,47113" machi="26" ten="30,2000,0" yaku="13,1,54,1" doraHai="91" who="2" fromWho="0" sc="193,-20,276,0,282,20,249,0" owari="173,-33.0,276,8.0,302,40.0,249,-15.0" /></mjloggm>