<mjloggm ver="2.3"><GO type="97" lobby="0"/><UN n0="%E3%81%AD%E3%81%9F%E3%82%8D%E3%83%BC" n1="%E3%83%8F%E3%82%B3%E3%82%B9%E3%81%AE%E5%BC%9F%E5%AD%90" n2="%E3%83%88%E3%83%88%E3%83%AA%E5%85%88%E7%94%9F%31%39%E6%AD%B3" n3="%6D%61%67%61%6D%69" dan="13,14,15,15" rate="1884.66,1912.33,2055.45,1905.01" sx="M,M,F,M"/><TAIKYOKU oya="0"/><INIT seed="0,0,0,2,4,60" ten="250,250,250,250" oya="0" hai0="53,125,39,8,108,16,111,119,59,62,132,76,130" hai1="127,64,78,85,10,115,14,80,52,65,5,135,18" hai2="86,26,9,2,109,38,1,17,103,97,116,68,69" hai3="128,36,50,112,47,11,66,88,3,98,19,110,75"/><T118/><D132/><U44/><E135/><V96/><F38/><W41/><G110/><N who="0" m="42027" /><D130/><U82/><E127/><V13/><F97/><W24/><G75/><T25/><D125/><U124/><E124/><V45/><F45/><W15/><G3/><T122/><D39/><U21/><E115/><V113/><F113/><W67/><G112/><T54/><D122/><U129/><E129/><V28/><F116/><N who="0" m="44586" /><D76/><U74/><E44/><V101/><F109/><W27/><G36/><T63/><D8/><U42/><E42/><V92/><F103/><W55/><G41/><T91/><D91/><U93/><E93/><V0/><REACH who="2" step="1"/><F86/><REACH who="2" ten="250,250,240,250" step="2"/><W57/><G47/><T72/><D72/><U34/><E74/><V4/><F4/><W131/><G128/><T114/><D114/><U51/><E80/><V20/><AGARI ba="0,1" hai="0,1,2,9,13,17,20,26,28,68,69,92,96,101" machi="20" ten="30,4000,0" yaku="1,1,0,1,53,1" doraHai="60" doraHaiUra="6" who="2" fromWho="2" sc="250,-20,250,-10,240,50,250,-10" /><INIT seed="1,0,0,0,3,11" ten="230,240,290,240" oya="1" hai0="12,51,76,14,36,18,16,20,121,6,118,104,100" hai1="41,39,78,10,45,61,114,110,130,113,73,72,37" hai2="122,67,106,134,133,0,70,87,27,86,22,2,64" hai3="60,120,34,42,50,47,82,129,19,107,48,21,26"/><U38/><E130/><V98/><F122/><W15/><G120/><T127/><D121/><U91/><E91/><V112/><F112/><W62/><G129/><T131/><D131/><U17/><E110/><V9/><F106/><W101/><G82/><T24/><D36/><U126/><E126/><V33/><F33/><W63/><G101/><T8/><D127/><U103/><E103/><V1/><F98/><W59/><G107/><T32/><D76/><U109/><E109/><V94/><F9/><N who="3" m="6639" /><G34/><T46/><D118/><U23/><E10/><V123/><F123/><W128/><G48/><T97/><D32/><U90/><E90/><N who="2" m="53591" /><F87/><W55/><G128/><T80/><D80/><U57/><E113/><V35/><F70/><W124/><G124/><T13/><REACH who="0" step="1"/><D18/><AGARI ba="0,0" hai="18,21,26,42,47,50,55,59,60,62,63" m="6639" machi="18" ten="30,2000,0" yaku="8,1,52,1" doraHai="11" who="3" fromWho="0" sc="230,-20,240,0,290,0,240,20" /><INIT seed="2,0,0,0,4,131" ten="210,240,290,260" oya="2" hai0="8,90,124,19,72,95,133,78,9,91,100,89,122" hai1="37,48,98,26,116,123,23,58,126,79,81,109,55" hai2="5,7,118,54,57,14,29,125,106,117,69,10,75" hai3="68,31,80,49,66,38,132,104,71,43,56,103,40"/><V25/><F69/><N who="3" m="26699" /><G31/><T20/><D122/><U74/><E116/><V83/><F106/><W129/><G80/><T105/><D124/><U101/><E126/><V111/><F125/><W39/><G103/><T134/><D72/><U128/><E128/><V11/><F111/><W60/><G104/><T127/><D127/><U108/><E37/><N who="3" m="13834" /><G129/><T135/><D78/><U44/><E123/><V33/><F83/><W52/><G132/><T51/><D105/><U97/><E44/><AGARI ba="0,0" hai="40,43,44,49,52,56,60,66" m="13834,26699" machi="44" ten="30,12000,2" yaku="35,5,54,1" doraHai="131" who="3" fromWho="1" sc="210,0,240,-120,290,0,260,120" /><INIT seed="3,0,0,2,3,117" ten="210,120,290,380" oya="3" hai0="21,120,17,91,44,10,85,127,49,73,78,34,58" hai1="30,65,126,125,51,70,32,131,123,20,55,60,38" hai2="43,35,62,121,72,93,84,75,8,128,122,46,48" hai3="56,11,39,24,18,105,104,135,111,19,28,103,6"/><W101/><G111/><T61/><D34/><U89/><E32/><V40/><F35/><W23/><G39/><T130/><D130/><U26/><E89/><N who="2" m="53415" /><F128/><W133/><G56/><T87/><D127/><U102/><E102/><N who="3" m="38922" /><G104/><T42/><D10/><U124/><E131/><V114/><F114/><W67/><G67/><T106/><D106/><U13/><E13/><V47/><F8/><W129/><G105/><T68/><D73/><U108/><E108/><V53/><F62/><W2/><G129/><T99/><D68/><U14/><E14/><V63/><F63/><W94/><G94/><N who="0" m="56799" /><D78/><U59/><REACH who="1" step="1"/><E38/><REACH who="1" ten="210,110,290,380" step="2"/><N who="2" m="21783" /><F43/><W52/><G2/><T88/><D42/><U109/><E109/><V76/><F76/><W119/><G135/><T12/><D12/><U74/><E74/><V57/><F47/><W80/><G133/><T3/><D3/><U66/><E66/><V134/><F134/><W5/><G119/><T100/><D88/><U98/><E98/><V113/><F113/><W86/><G86/><T7/><D87/><U15/><E15/><V25/><F25/><W112/><G24/><T132/><D85/><U1/><E1/><V64/><F64/><W27/><G27/><T116/><D132/><U33/><E33/><V82/><F82/><W0/><G80/><T77/><D116/><U110/><E110/><V9/><F9/><W92/><G11/><T50/><D44/><U96/><E96/><V69/><F69/><W4/><G0/><T29/><D77/><U90/><E90/><V54/><F75/><W118/><G112/><T41/><D41/><U71/><E71/><RYUUKYOKU ba="0,1" sc="210,-10,110,30,290,-10,380,-10" hai1="20,26,30,51,55,59,60,65,70,123,124,125,126" owari="200,-20.0,140,-36.0,280,8.0,380,48.0" /></mjloggm>