<mjloggm ver="2.3"><GO type="169" lobby="0"/><UN n0="%E5%B0%B1%E6%B4%BB%E7%94%9F%40%E5%B7%9D%E6%9D%91%E8%BB%8D%E5%9B%A3" n1="%E3%81%A4%E3%81%8D%E3%81%AE%E3%81%AD%E3%81%93" n2="%74%61%6B%75%61%6B%61" n3="%E3%83%A1%E3%82%AB%E3%82%BC%E3%83%83%E3%83%88%E3%83%B3" dan="17,16,17,17" rate="2188.65,2085.06,2190.65,2208.92" sx="M,M,M,M"/><TAIKYOKU oya="0"/><INIT seed="0,0,0,5,1,41" ten="250,250,250,250" oya="0" hai0="39,75,77,122,121,3,101,90,15,65,135,44,21" hai1="73,2,80,12,71,68,72,1,42,57,28,22,92" hai2="81,69,98,88,107,112,108,45,61,58,67,115,126" hai3="74,116,43,131,26,60,20,24,97,9,119,103,125"/><T19/><D3/><U84/><E71/><V48/><F108/><W114/><G74/><T27/><D135/><U129/><E68/><V87/><F126/><W25/><G114/><T95/><D101/><U30/><E129/><V133/><F133/><W111/><G131/><T130/><D130/><U35/><E73/><V132/><F132/><W33/><G111/><T10/><D65/><U36/><E57/><V100/><REACH who="2" step="1"/><F69/><REACH who="2" ten="250,250,240,250" step="2"/><W32/><G125/><T63/><D121/><U79/><E1/><V51/><F51/><W104/><G119/><T94/><D122/><U70/><E2/><V124/><F124/><W89/><G116/><T47/><D39/><U120/><E70/><V52/><AGARI ba="0,1" hai="45,48,52,58,61,67,81,87,88,98,100,107,112,115" machi="52" ten="20,16000,3" yaku="1,1,0,1,7,1,52,1,54,2,53,2" doraHai="41" doraHaiUra="109" who="2" fromWho="2" sc="250,-80,250,-40,240,170,250,-40" /><INIT seed="1,0,0,5,4,3" ten="170,210,410,210" oya="1" hai0="13,105,85,0,79,119,14,133,134,47,20,120,73" hai1="51,59,125,29,86,135,92,77,38,90,53,112,103" hai2="30,87,17,91,24,69,82,12,122,43,60,35,89" hai3="109,45,44,98,25,99,65,5,121,106,33,63,27"/><U39/><E112/><V54/><F122/><W55/><G109/><T131/><D105/><U129/><E129/><V116/><F116/><W127/><G127/><T21/><D0/><U81/><E125/><V6/><F43/><W83/><G121/><T130/><D73/><U46/><E135/><N who="0" m="51721" /><D119/><U95/><E103/><V104/><F104/><W58/><G83/><N who="0" m="47359" /><D47/><U124/><E124/><V4/><F89/><W50/><G45/><T56/><D56/><U34/><E34/><V18/><F18/><W42/><G42/><T72/><D72/><U74/><E29/><V93/><F93/><W10/><G106/><T100/><D100/><U9/><E92/><V75/><F75/><W132/><G132/><T52/><D52/><U61/><REACH who="1" step="1"/><E9/><REACH who="1" ten="170,200,410,210" step="2"/><V40/><F35/><W126/><G126/><T78/><D120/><U64/><AGARI ba="0,1" hai="38,39,46,51,53,59,61,64,74,77,81,86,90,95" machi="64" ten="20,7800,0" yaku="1,1,2,1,0,1,7,1,53,0" doraHai="3" doraHaiUra="123" who="1" fromWho="1" sc="170,-26,200,88,410,-26,210,-26" /><INIT seed="1,1,0,0,5,92" ten="144,288,384,184" oya="1" hai0="65,22,37,93,126,17,77,27,135,111,79,45,81" hai1="117,72,53,118,59,58,51,88,21,19,91,7,134" hai2="36,39,55,113,110,15,104,128,115,96,61,69,9" hai3="14,1,97,87,33,130,24,2,20,3,114,83,86"/><U80/><E134/><V0/><F110/><W40/><G114/><N who="2" m="43529" /><F128/><W108/><G108/><T42/><D111/><U76/><E7/><V49/><F0/><W35/><G130/><T28/><D135/><U63/><E118/><V25/><F25/><W34/><G14/><T109/><D109/><U67/><REACH who="1" step="1"/><E117/><REACH who="1" ten="144,278,384,184" step="2"/><V133/><F133/><W124/><G124/><T103/><D126/><U32/><E32/><V127/><F127/><W94/><G40/><T98/><D65/><U38/><E38/><V44/><F69/><W123/><G123/><T29/><REACH who="0" step="1"/><D79/><REACH who="0" ten="134,278,384,184" step="2"/><U41/><E41/><V12/><F39/><W74/><G35/><T30/><D30/><U5/><E5/><V23/><F36/><W46/><G34/><T105/><D105/><U107/><E107/><V102/><F104/><W11/><G33/><T120/><D120/><U70/><E70/><V112/><F112/><W78/><G1/><T71/><D71/><U119/><E119/><V95/><F15/><AGARI ba="1,2" hai="15,19,21,51,53,58,59,63,67,72,76,80,88,91" machi="15" ten="30,11600,0" yaku="1,1,7,1,54,1,53,1" doraHai="92" doraHaiUra="13" who="1" fromWho="2" sc="134,0,278,139,384,-119,184,0" /><INIT seed="1,2,0,3,0,13" ten="134,417,265,184" oya="1" hai0="59,124,101,112,107,106,1,74,28,108,84,121,66" hai1="78,15,89,100,132,104,128,62,7,31,35,76,114" hai2="18,80,34,92,131,118,116,133,39,75,14,49,53" hai3="64,19,96,4,63,42,2,85,12,79,40,102,11"/><U130/><E114/><V135/><F39/><W22/><G85/><T120/><D1/><U44/><E132/><N who="2" m="50763" /><F131/><W36/><G79/><T25/><D74/><U33/><E31/><V129/><F34/><W24/><G36/><T81/><D112/><U56/><E33/><V126/><F126/><W68/><REACH who="3" step="1"/><G2/><REACH who="3" ten="134,417,265,174" step="2"/><T26/><D124/><U52/><E76/><N who="2" m="44063" /><F129/><W57/><G57/><T32/><D108/><U55/><E78/><V47/><F92/><AGARI ba="2,1" hai="4,11,12,19,22,24,40,42,63,64,68,92,96,102" machi="92" ten="30,3900,0" yaku="1,1,7,1,52,1,53,0" doraHai="13" doraHaiUra="51" who="3" fromWho="2" sc="134,0,417,0,265,-45,174,55" /><INIT seed="2,0,0,4,4,105" ten="134,417,220,229" oya="2" hai0="93,91,17,19,79,126,50,30,99,15,113,124,78" hai1="27,97,41,81,71,127,34,103,56,36,40,43,90" hai2="125,68,3,65,85,116,52,120,132,57,80,11,107" hai3="28,83,69,42,104,67,38,31,94,6,123,110,33"/><V59/><F120/><W70/><G104/><T48/><D113/><U131/><E71/><V9/><F116/><W60/><G70/><T51/><D30/><U102/><E131/><V95/><F107/><W121/><G110/><T12/><D79/><U21/><E34/><V72/><F125/><W106/><G94/><T133/><D133/><U96/><E36/><V53/><F68/><W119/><G119/><T37/><D37/><U100/><E56/><V4/><F132/><W16/><G6/><T26/><D78/><U35/><E35/><V122/><F122/><W77/><G106/><T22/><REACH who="0" step="1"/><D26/><REACH who="0" ten="124,417,220,229" step="2"/><U8/><E127/><V2/><F2/><W49/><G38/><T115/><D115/><U13/><E27/><V129/><F3/><W130/><G28/><T117/><D117/><U118/><E118/><V88/><F129/><W66/><G130/><T18/><D18/><N who="1" m="8487" /><E21/><AGARI ba="0,1" hai="12,15,17,19,21,22,48,50,51,91,93,99,124,126" machi="21" ten="40,2600,0" yaku="1,1,9,1,53,0" doraHai="105" doraHaiUra="25" who="0" fromWho="1" sc="124,36,417,-26,220,0,229,0" /><INIT seed="3,0,0,0,5,91" ten="160,391,220,229" oya="3" hai0="44,85,47,117,99,62,89,65,50,13,119,106,69" hai1="18,95,78,51,49,70,75,98,112,72,4,135,37" hai2="33,115,88,59,93,45,132,134,32,82,53,8,107" hai3="0,20,96,26,31,81,35,24,111,28,128,67,2"/><W127/><G67/><T52/><D44/><U74/><E37/><V43/><F107/><W103/><G127/><T125/><D125/><U118/><E70/><V64/><F82/><W97/><G128/><T122/><D122/><U86/><E4/><V87/><F8/><W14/><G111/><T90/><D13/><U17/><E112/><V29/><F64/><W121/><G121/><T104/><D104/><U84/><E135/><N who="2" m="51755" /><F29/><W77/><G14/><T10/><D10/><U71/><E78/><V120/><F115/><W66/><G66/><T133/><D133/><U79/><E79/><V63/><F120/><W22/><G35/><T30/><D30/><U76/><E76/><V27/><F27/><W54/><G54/><T34/><D34/><U9/><E71/><V16/><F16/><W19/><G19/><T110/><D110/><U61/><E74/><V94/><F94/><W15/><G15/><T1/><D1/><U130/><E9/><V40/><F40/><W92/><REACH who="3" step="1"/><G96/><REACH who="3" ten="160,391,220,219" step="2"/><T83/><D117/><U108/><E118/><V68/><F68/><W5/><G5/><T58/><D119/><U36/><E98/><V23/><F23/><W56/><G56/><T100/><D69/><U21/><E21/><V124/><F124/><W116/><G116/><T113/><D113/><U80/><E108/><V3/><F3/><W101/><G101/><T55/><D55/><U126/><E130/><V105/><F32/><W114/><G114/><T102/><D100/><U39/><E126/><V131/><F33/><W123/><G123/><T109/><D109/><U41/><E17/><RYUUKYOKU ba="0,1" sc="160,15,391,-15,220,-15,219,15" hai0="47,50,52,58,62,65,83,85,89,90,99,102,106" hai3="0,2,20,22,24,26,28,31,77,81,92,97,103" /><INIT seed="3,1,1,1,1,19" ten="175,376,205,234" oya="3" hai0="43,9,88,59,27,72,103,92,79,116,82,33,113" hai1="65,34,96,60,126,1,20,32,47,46,42,70,94" hai2="6,26,4,35,29,61,21,123,129,108,69,73,131" hai3="127,130,57,125,44,24,100,91,107,68,5,76,3"/><W54/><G68/><T16/><D116/><U62/><E1/><V84/><F73/><W117/><G117/><T99/><D113/><U41/><E126/><N who="3" m="48138" /><G76/><T75/><D75/><U45/><E62/><V14/><F84/><W8/><G130/><N who="2" m="49673" /><F108/><W40/><G91/><T66/><D43/><U64/><E64/><N who="2" m="41103" /><F123/><W115/><G115/><T38/><D38/><U52/><E52/><V83/><F83/><W119/><G119/><T95/><D33/><U49/><E34/><V11/><F35/><W134/><G134/><T87/><D59/><N who="1" m="37023" /><E32/><V78/><F78/><W120/><G120/><T63/><D63/><U58/><E58/><V74/><F74/><W135/><G135/><T101/><D66/><U118/><E42/><V106/><F106/><W77/><G77/><T85/><D9/><U7/><E70/><V124/><F124/><W53/><G57/><T28/><D28/><U112/><E112/><V133/><F133/><W22/><G107/><T48/><D48/><U56/><E56/><V67/><F67/><W37/><G100/><N who="0" m="60519" /><D72/><U30/><E118/><V15/><F11/><W31/><AGARI ba="1,1" hai="3,5,8,22,24,31,37,40,44,53,54" m="48138" machi="31" ten="30,3000,0" yaku="18,1,52,1" doraHai="19" who="3" fromWho="3" sc="175,-11,376,-11,205,-11,234,43" /><INIT seed="3,2,0,3,0,114" ten="164,365,194,277" oya="3" hai0="12,106,57,64,28,30,122,104,73,68,24,27,10" hai1="127,62,118,0,63,53,70,90,132,75,94,128,117" hai2="71,69,19,87,15,134,100,47,48,16,133,84,42" hai3="77,97,52,65,78,46,8,36,105,80,129,56,91"/><W89/><G129/><T109/><D73/><U2/><E132/><N who="2" m="50795" /><F100/><W125/><G65/><T20/><D68/><N who="2" m="26186" /><F19/><W7/><G125/><T60/><D109/><U58/><E75/><V116/><F116/><N who="1" m="44649" /><E127/><V50/><F50/><W54/><G105/><T23/><REACH who="0" step="1"/><D122/><REACH who="0" ten="154,365,194,277" step="2"/><U45/><E128/><V61/><F61/><N who="3" m="35975" /><G36/><T112/><D112/><U79/><E63/><V108/><F108/><W83/><G77/><T21/><D21/><AGARI ba="2,1" hai="15,16,21,42,47,48,84,87" m="26186,50795" machi="21" ten="30,2000,0" yaku="20,1,54,1" doraHai="114" who="2" fromWho="0" sc="154,-26,365,0,194,36,277,0" /><INIT seed="4,0,0,0,1,127" ten="128,365,230,277" oya="0" hai0="3,99,50,8,92,55,130,67,66,98,129,104,100" hai1="61,13,123,62,53,111,17,39,60,83,131,25,59" hai2="28,4,77,80,134,6,115,116,43,24,117,54,85" hai3="10,33,49,12,88,135,132,72,42,34,108,63,9"/><T19/><D3/><U56/><E39/><V86/><F115/><W94/><G72/><T18/><D67/><U93/><E111/><V32/><F134/><N who="3" m="51243" /><G108/><T14/><D66/><U20/><E123/><V35/><F35/><W79/><G79/><T71/><D71/><U5/><E83/><N who="2" m="47343" /><F43/><W105/><G105/><T126/><D126/><U78/><E78/><N who="2" m="46359" /><F54/><W31/><G63/><T89/><REACH who="0" step="1"/><D18/><REACH who="0" ten="118,365,230,277" step="2"/><U44/><E17/><V118/><AGARI ba="0,1" hai="4,6,24,28,32,116,117,118" m="46359,47343" machi="118" ten="30,1100,0" yaku="12,1" doraHai="127" who="2" fromWho="2" sc="118,-5,365,-3,230,21,277,-3" /><INIT seed="5,0,0,0,0,103" ten="113,362,251,274" oya="1" hai0="8,121,0,99,92,31,76,87,93,57,74,111,120" hai1="129,30,81,84,63,96,82,62,102,54,68,109,42" hai2="85,26,125,38,97,6,11,98,50,108,77,7,91" hai3="94,73,37,113,32,40,117,70,19,104,105,12,90"/><U20/><E129/><V45/><F108/><W59/><G70/><T130/><D111/><U43/><E109/><V134/><F125/><W27/><G73/><T49/><D130/><U80/><E84/><V51/><F38/><W67/><G113/><T33/><D74/><U127/><E127/><V135/><F77/><W88/><G117/><T46/><D33/><U13/><E68/><V36/><F36/><W119/><G119/><T21/><D0/><U132/><E132/><N who="2" m="50731" /><F26/><W3/><G3/><T15/><D57/><N who="1" m="35127" /><E63/><V124/><F124/><W122/><G122/><T10/><D120/><U64/><E64/><V107/><F107/><W61/><G90/><T2/><D2/><U71/><E71/><V5/><F11/><W66/><G66/><T17/><D121/><U35/><E35/><V72/><F72/><W110/><G110/><T75/><D75/><U83/><E30/><V123/><F123/><W23/><G40/><T100/><D31/><U118/><E118/><V25/><F25/><W115/><G115/><T52/><REACH who="0" step="1"/><D76/><REACH who="0" ten="103,362,251,274" step="2"/><U53/><N who="1" m="20480" /><DORA hai="133" /><U39/><E39/><V4/><F45/><W44/><G44/><T29/><D29/><U101/><E20/><V16/><F98/><W47/><G47/><T128/><D128/><U116/><E96/><V56/><F97/><W126/><G37/><T131/><D131/><U114/><E116/><V86/><F56/><W1/><G126/><T34/><D34/><U65/><E114/><V60/><F85/><N who="3" m="52495" /><G1/><T89/><AGARI ba="0,1" hai="8,10,15,17,21,46,49,52,87,89,92,93,99,100" machi="89" ten="30,12000,2" yaku="1,1,0,1,8,1,54,1,53,2" doraHai="103,133" doraHaiUra="48,41" who="0" fromWho="0" sc="103,130,362,-60,251,-30,274,-30" /><INIT seed="6,0,0,0,3,57" ten="233,302,221,244" oya="2" hai0="2,34,29,70,23,80,93,85,21,74,49,48,81" hai1="95,111,98,14,107,129,42,109,114,51,52,122,135" hai2="108,132,76,63,43,37,8,133,115,118,92,44,46" hai3="54,45,66,121,104,11,86,105,126,120,38,13,26"/><V16/><F118/><W10/><G66/><T7/><D70/><U106/><E42/><V68/><F115/><W6/><G126/><T119/><D119/><U69/><E69/><V117/><F117/><W123/><G26/><T89/><D34/><U100/><E107/><V110/><F46/><W131/><G131/><T19/><D2/><U103/><E106/><V12/><F76/><W31/><G31/><T53/><D7/><U3/><E103/><V28/><F28/><W87/><G105/><T77/><D29/><U32/><E3/><V79/><F79/><W18/><G104/><T17/><D53/><U96/><E98/><V5/><F92/><W27/><G27/><N who="0" m="14767" /><D74/><U101/><E32/><V0/><F63/><W75/><G75/><T83/><D77/><U58/><E101/><V88/><F88/><W84/><G54/><T102/><D102/><U91/><E100/><V94/><F94/><W67/><G67/><T61/><D61/><U60/><E60/><V134/><REACH who="2" step="1"/><F68/><REACH who="2" ten="233,302,211,244" step="2"/><W128/><G45/><T35/><D35/><U41/><E114/><V125/><F125/><W33/><G33/><T113/><D113/><U9/><E91/><V72/><F72/><W24/><G121/><T15/><AGARI ba="0,1" hai="15,19,23,48,49,80,81,83,85,89,93" m="14767" machi="15" ten="30,1100,0" yaku="8,1" doraHai="57" who="0" fromWho="0" sc="233,21,302,-3,211,-5,244,-3" /><INIT seed="7,0,0,2,2,39" ten="254,299,206,241" oya="3" hai0="104,68,79,108,66,28,53,59,14,81,0,51,101" hai1="73,61,92,132,16,116,2,71,58,52,42,99,105" hai2="40,60,36,76,86,128,80,25,70,121,82,123,135" hai3="27,75,134,124,118,8,26,15,17,7,83,91,20"/><W5/><G75/><T54/><D0/><U43/><E2/><V67/><F128/><W98/><G83/><T112/><D108/><U131/><E73/><V9/><F135/><W49/><G134/><T62/><D112/><U3/><E3/><V89/><F9/><N who="3" m="4543" /><G49/><T12/><D28/><U48/><E105/><V35/><F35/><W1/><G91/><T117/><D117/><U102/><E132/><V56/><F25/><N who="3" m="14479" /><G98/><T84/><D101/><U103/><E103/><V119/><F70/><W129/><G118/><T46/><D104/><U85/><E131/><V93/><F119/><W33/><G129/><T133/><D133/><U111/><E111/><V69/><F69/><W72/><G72/><T50/><AGARI ba="0,0" hai="12,14,46,50,51,53,54,59,62,66,68,79,81,84" machi="50" ten="20,1500,0" yaku="0,1,7,1" doraHai="39" who="0" fromWho="0" sc="254,15,299,-4,206,-4,241,-7" /><INIT seed="8,0,0,1,2,95" ten="269,295,202,234" oya="0" hai0="126,34,37,36,89,60,53,93,69,120,94,19,9" hai1="29,10,67,50,57,42,130,26,86,7,32,91,106" hai2="31,77,11,58,41,59,82,132,45,61,101,44,23" hai3="128,84,75,96,15,55,117,63,33,92,39,68,17"/><T51/><D120/><U12/><E106/><V85/><F132/><W27/><G39/><T49/><D34/><U79/><E130/><V72/><F72/><W48/><G75/><T133/><D133/><U64/><E79/><V21/><F101/><W88/><G128/><T52/><D126/><U71/><E71/><V38/><F11/><W110/><G110/><T113/><D113/><U62/><E50/><V13/><F13/><W124/><G124/><T65/><D9/><U99/><E99/><V131/><F131/><W22/><G117/><T6/><D6/><U103/><E103/><V46/><F58/><N who="3" m="35295" /><G33/><T119/><D19/><U54/><E42/><V112/><F112/><W125/><G68/><T116/><D89/><U2/><E2/><V100/><F100/><N who="3" m="60423" /><G48/><T83/><D83/><AGARI ba="0,0" hai="7,10,12,26,29,32,54,57,62,64,67,83,86,91" machi="83" ten="30,1000,0" yaku="7,1" doraHai="95" who="1" fromWho="0" sc="269,-10,295,10,202,0,234,0" owari="259,6.0,305,41.0,202,-30.0,234,-17.0" /></mjloggm>