<mjloggm ver="2.3"><GO type="225" lobby="0"/><UN n0="%E6%B0%B4%E4%B8%8A%E5%A4%8F%E6%A8%B9" n1="%53%65%6E%61%72" n2="%E3%83%80%E3%83%B3%E3%83%86" n3="%E3%83%88%E3%83%88%E3%83%AA%E5%85%88%E7%94%9F%31%39%E6%AD%B3" dan="16,16,17,17" rate="2075.96,2131.02,2178.70,2228.08" sx="M,M,M,F"/><TAIKYOKU oya="0"/><INIT seed="0,0,0,0,5,72" ten="250,250,250,250" oya="0" hai0="66,45,43,63,36,53,110,32,106,56,124,82,101" hai1="75,19,81,11,129,31,123,14,100,60,7,130,133" hai2="68,80,86,112,58,88,120,39,126,125,47,73,119" hai3="84,115,46,9,41,134,42,103,16,22,87,12,113"/><T95/><D32/><U33/><E123/><V5/><F68/><W92/><G134/><T83/><D124/><N who="2" m="47722" /><F112/><W55/><G113/><T1/><D1/><U30/><E133/><V24/><F120/><W48/><G115/><T93/><D110/><U25/><E100/><V104/><F104/><W35/><G35/><T40/><D40/><N who="3" m="15465" /><G22/><T65/><D106/><U54/><E31/><V117/><F39/><W91/><G103/><T79/><D83/><U89/><E60/><V71/><F71/><W131/><G131/><N who="1" m="50186" /><E54/><V2/><F47/><W61/><G61/><T94/><REACH who="0" step="1"/><D101/><REACH who="0" ten="240,250,250,250" step="2"/><U105/><E105/><V77/><F2/><W64/><G64/><T69/><D69/><U99/><E99/><AGARI ba="0,1" hai="9,12,16,46,48,55,84,87,91,92,99" m="15465" machi="99" ten="30,2000,0" yaku="8,1,54,1" doraHai="72" who="3" fromWho="1" sc="240,0,250,-20,250,0,250,30" /><INIT seed="1,0,0,5,4,97" ten="240,230,250,280" oya="1" hai0="87,61,17,20,37,105,118,60,43,113,0,41,25" hai1="12,8,114,128,104,40,52,94,108,59,48,38,65" hai2="42,28,85,117,15,109,24,135,112,29,103,32,72" hai3="130,9,14,111,93,23,99,51,102,82,63,123,88"/><U26/><E114/><V115/><F117/><W45/><G123/><T89/><D118/><U71/><E104/><V86/><F72/><W54/><G111/><T132/><D105/><U58/><E108/><V36/><F109/><W133/><G130/><T127/><D113/><N who="2" m="43594" /><F135/><W69/><G133/><T31/><D132/><U56/><E128/><V62/><F29/><W73/><G69/><T49/><D127/><U57/><E94/><V92/><F15/><W84/><G73/><T1/><D37/><U47/><E26/><V120/><F120/><W4/><G63/><N who="0" m="24139" /><D0/><U106/><E106/><V121/><F121/><W35/><G35/><T39/><D39/><U95/><E95/><V3/><F3/><W131/><G131/><T100/><D1/><U79/><E79/><V107/><F107/><W5/><G23/><T116/><D116/><U125/><BYE who="0" /><E125/><V64/><F42/><W81/><G81/><T6/><D6/><AGARI ba="0,0" hai="4,5,6,9,14,45,51,54,82,84,88,93,99,102" machi="6" ten="30,7700,0" yaku="7,1,8,1,52,1,54,1" doraHai="97" who="3" fromWho="0" sc="240,-77,230,0,250,0,280,77" /><INIT seed="2,0,0,0,4,118" ten="163,230,250,357" oya="2" hai0="74,12,82,64,13,26,44,110,94,132,112,97,52" hai1="87,16,70,125,11,105,49,103,68,50,40,85,115" hai2="109,124,127,31,20,96,95,61,80,58,91,108,47" hai3="84,107,72,130,101,28,93,60,22,53,23,3,15"/><V98/><F47/><UN n0="%E6%B0%B4%E4%B8%8A%E5%A4%8F%E6%A8%B9" /><W56/><G3/><T5/><D112/><U71/><E115/><V51/><F51/><W134/><G72/><T104/><D132/><U135/><E135/><V89/><F31/><W128/><G134/><T133/><D104/><U14/><E125/><N who="2" m="48203" /><F20/><W121/><G107/><T76/><D110/><N who="2" m="42602" /><F80/><W65/><G28/><T122/><D133/><U106/><E50/><V69/><F69/><W86/><G23/><T99/><D82/><U35/><E35/><V19/><F19/><W27/><G22/><T78/><D5/><U102/><E49/><V79/><F79/><W126/><G126/><T90/><D76/><U29/><E29/><V17/><F17/><W37/><G60/><T57/><D78/><U55/><E68/><V39/><F39/><W30/><G37/><T46/><D74/><U116/><E16/><V123/><F123/><W114/><G30/><T10/><D122/><U117/><E70/><V77/><F77/><W120/><G120/><T41/><D46/><U45/><E45/><V38/><F38/><W25/><G121/><T83/><D44/><U33/><E71/><V113/><F113/><W119/><G114/><T111/><D111/><U7/><E33/><V67/><F98/><W18/><G18/><T129/><D99/><U54/><E40/><V4/><F4/><W21/><G21/><T43/><D41/><U75/><E7/><V1/><F1/><W63/><G25/><T92/><D26/><U24/><E24/><V131/><F131/><W0/><G128/><T81/><D129/><U42/><E42/><V59/><F59/><RYUUKYOKU ba="0,0" sc="163,-10,230,-10,250,30,357,-10" hai2="58,61,67,89,91,95,96" /><INIT seed="2,1,0,4,1,41" ten="153,220,280,347" oya="2" hai0="17,19,49,47,57,23,4,25,31,52,98,99,115" hai1="86,70,40,75,54,3,129,68,103,45,85,120,122" hai2="96,97,36,90,8,107,116,83,92,15,43,65,66" hai3="77,71,30,91,123,6,76,38,29,56,124,55,100"/><V67/><F116/><W135/><G123/><N who="1" m="47146" /><E75/><V53/><F83/><W108/><G71/><N who="1" m="27178" /><E129/><V113/><F113/><W88/><G38/><T20/><D115/><U79/><E103/><V32/><F53/><W110/><G6/><T10/><D57/><U111/><E111/><N who="3" m="42538" /><G100/><T64/><D64/><U58/><E3/><V118/><F118/><W50/><G124/><T82/><D82/><U73/><E79/><N who="3" m="30282" /><G135/><T119/><D119/><U5/><E5/><V37/><F32/><W26/><G29/><T109/><D109/><U117/><E73/><V87/><F107/><W127/><G127/><T48/><D48/><N who="1" m="31047" /><E117/><V0/><F0/><W101/><G101/><T14/><REACH who="0" step="1"/><D31/><REACH who="0" ten="143,220,280,347" step="2"/><U61/><E61/><V24/><F67/><W11/><G30/><T44/><D44/><U125/><E125/><V18/><F65/><W51/><G56/><T126/><D126/><U131/><E131/><V42/><F66/><W104/><G51/><AGARI ba="1,1" hai="40,45,51,85,86" m="31047,27178,47146" machi="51" ten="30,2000,0" yaku="13,1,52,1" doraHai="41" who="1" fromWho="3" sc="143,0,220,33,280,0,347,-23" /><INIT seed="3,0,0,4,1,19" ten="143,253,280,324" oya="3" hai0="56,88,121,5,26,69,124,97,131,42,94,62,30" hai1="36,90,32,93,20,87,91,77,102,68,85,51,49" hai2="120,109,13,81,84,34,52,76,55,74,125,57,100" hai3="65,31,46,130,9,89,3,98,107,21,135,99,1"/><W108/><G130/><T43/><D131/><U82/><E32/><V78/><F34/><W44/><G65/><T22/><D121/><U119/><E36/><V33/><F33/><W60/><G60/><T122/><D122/><U117/><E68/><V105/><F120/><W123/><G123/><T72/><D72/><U61/><E61/><V54/><F125/><W106/><G135/><T126/><D69/><U110/><E110/><V23/><F109/><W39/><G108/><T73/><D73/><U112/><E112/><V79/><F74/><W115/><G89/><T59/><D5/><U28/><E102/><V48/><F100/><W67/><G67/><T58/><REACH who="0" step="1"/><D62/><REACH who="0" ten="133,253,280,324" step="2"/><U35/><E119/><V63/><F63/><W4/><G4/><T118/><D118/><U75/><E117/><V10/><F105/><W0/><G106/><T15/><D15/><U71/><E71/><V41/><F13/><W101/><G107/><T64/><D64/><U12/><E75/><V86/><F10/><W7/><G9/><T18/><D18/><U47/><E12/><V95/><F48/><W11/><G11/><T92/><D92/><U132/><E51/><V16/><F95/><W2/><G115/><T127/><AGARI ba="0,1" hai="22,26,30,42,43,56,58,59,88,94,97,124,126,127" machi="127" ten="40,8000,1" yaku="1,1,0,1,18,1,52,1,54,1,53,0" doraHai="19" doraHaiUra="8" who="0" fromWho="0" sc="133,90,253,-20,280,-20,324,-40" /><INIT seed="4,0,0,5,0,66" ten="223,233,260,284" oya="0" hai0="85,57,119,12,64,44,35,21,91,77,38,56,10" hai1="32,15,20,125,75,132,25,89,28,115,117,96,98" hai2="87,51,113,71,8,106,67,23,121,7,49,58,99" hai3="37,16,103,34,0,73,134,24,22,95,74,27,3"/><T4/><D35/><U47/><E117/><V92/><F121/><W86/><G37/><T54/><D119/><U122/><E122/><V63/><F113/><W70/><G70/><T105/><D105/><U124/><E75/><V90/><F23/><N who="3" m="13415" /><G3/><T52/><D77/><U1/><E1/><V42/><F42/><W9/><G0/><T11/><D11/><U17/><E115/><V33/><F33/><W128/><G74/><T68/><D68/><U88/><E47/><V55/><F51/><W84/><G73/><T5/><D5/><U41/><E41/><V97/><REACH who="2" step="1"/><F106/><REACH who="2" ten="223,233,250,284" step="2"/><W69/><G34/><T108/><D108/><U30/><E32/><V61/><F61/><W116/><G22/><T100/><D21/><U133/><E28/><V80/><F80/><W130/><G116/><T59/><D38/><U26/><E30/><V13/><AGARI ba="0,1" hai="7,8,13,49,55,58,63,67,71,87,90,92,97,99" machi="13" ten="20,5200,0" yaku="1,1,0,1,7,1,52,1,53,0" doraHai="66" doraHaiUra="39" who="2" fromWho="2" sc="223,-26,233,-13,250,62,284,-13" owari="197,-30.0,220,-18.0,312,41.0,271,7.0" /></mjloggm>