<mjloggm ver="2.3"><GO type="97" lobby="0"/><UN n0="%E3%81%8B%E3%81%B6%E3%81%AE%E4%B8%80%E5%A4%9C%E6%BC%AC%E3%81%91" n1="%73%65%69%79%61%E3%81%AE%E5%BC%9F%E5%AD%90" n2="%E4%B8%8A%E5%AE%B6%E9%B3%B4%E3%81%8B%E3%81%9B%E3%82%8D" n3="%E3%83%88%E3%83%88%E3%83%AA%E5%85%88%E7%94%9F%31%39%E6%AD%B3" dan="14,15,14,15" rate="1913.30,2036.20,1951.85,2045.61" sx="M,M,M,F"/><TAIKYOKU oya="0"/><INIT seed="0,0,0,2,1,46" ten="250,250,250,250" oya="0" hai0="109,87,47,9,42,13,67,18,44,68,51,102,14" hai1="113,89,49,88,110,130,5,70,86,10,4,26,80" hai2="118,72,48,45,121,71,19,30,101,97,107,32,122" hai3="132,36,64,52,59,2,1,41,108,24,66,57,125"/><T96/><D68/><U91/><E70/><V128/><F128/><W92/><G108/><T105/><D67/><U8/><E110/><V37/><F118/><W63/><G132/><T84/><D109/><U22/><E130/><V74/><F19/><W15/><G125/><T39/><REACH who="0" step="1"/><D14/><REACH who="0" ten="240,250,250,250" step="2"/><U17/><E113/><V6/><F71/><W127/><G66/><T20/><D20/><U21/><E21/><V115/><F115/><W31/><G15/><T133/><D133/><U55/><E10/><V11/><F121/><W103/><G127/><T35/><D35/><U56/><E5/><V117/><F122/><W114/><G114/><T33/><D33/><U79/><E79/><V23/><F117/><W131/><G131/><T75/><D75/><U60/><E60/><V69/><F23/><N who="3" m="15775" /><G2/><AGARI ba="0,1" hai="2,4,8,17,22,26,49,55,56,80,86,88,89,91" machi="2" ten="30,3900,0" yaku="7,1,52,1,54,1" doraHai="46" who="1" fromWho="3" sc="240,0,250,49,250,0,250,-39" /><INIT seed="1,0,0,3,3,106" ten="240,299,250,211" oya="1" hai0="21,10,31,30,36,25,110,64,105,131,53,65,4" hai1="94,61,15,52,125,132,96,78,50,130,43,49,73" hai2="3,45,74,122,39,55,16,71,28,89,62,121,12" hai3="6,134,76,80,69,42,79,82,128,48,102,0,37"/><U20/><E130/><V114/><F3/><W35/><G69/><T108/><D36/><U18/><E125/><V56/><F74/><N who="3" m="43031" /><G48/><N who="1" m="18538" /><E73/><V123/><F114/><W41/><G41/><T90/><D105/><U113/><E113/><V33/><F33/><W119/><G102/><T84/><D131/><U88/><E132/><V5/><F5/><W22/><G22/><T54/><D31/><U46/><E78/><V72/><F72/><N who="3" m="43367" /><G128/><T85/><D85/><U97/><E43/><V58/><F28/><W100/><G100/><T67/><D90/><U2/><E2/><V117/><F117/><W104/><G104/><T27/><D84/><N who="1" m="52487" /><E46/><V19/><F89/><W87/><G87/><T129/><D27/><U40/><E40/><V77/><F77/><W57/><G57/><AGARI ba="0,0" hai="15,18,20,52,57,61,96,97" m="52487,18538" machi="57" ten="30,5800,0" yaku="8,1,54,2" doraHai="106" who="1" fromWho="3" sc="240,0,299,58,250,0,211,-58" /><INIT seed="1,1,0,5,5,93" ten="240,357,250,153" oya="1" hai0="34,113,3,16,33,91,60,30,132,123,47,22,96" hai1="127,31,4,19,89,1,21,59,13,134,32,15,40" hai2="18,70,88,109,23,90,7,95,76,79,46,11,87" hai3="126,67,73,75,122,124,42,97,35,56,51,116,103"/><U6/><E40/><V114/><F70/><W64/><G122/><T2/><D123/><U50/><E50/><V104/><F104/><W12/><G35/><T115/><D47/><U62/><E134/><V107/><F107/><N who="3" m="63983" /><G12/><T112/><D60/><U20/><E127/><N who="3" m="48682" /><G116/><T29/><D96/><U28/><E89/><V5/><F109/><W100/><G100/><T102/><D91/><U84/><E84/><N who="2" m="52615" /><F114/><W72/><G42/><T14/><D102/><U57/><E32/><N who="0" m="12393" /><D132/><U38/><E1/><AGARI ba="1,0" hai="1,2,3,14,16,22,29,30,112,113,115" m="12393" machi="1" ten="40,5200,0" yaku="34,2,54,1" doraHai="93" who="0" fromWho="1" sc="240,55,357,-55,250,0,153,0" /><INIT seed="2,0,0,0,3,72" ten="295,302,250,153" oya="2" hai0="25,4,120,32,30,52,123,89,0,56,46,107,51" hai1="130,93,29,94,8,35,111,22,55,127,65,64,106" hai2="74,40,41,15,18,112,11,63,125,135,50,113,121" hai3="13,80,101,23,110,10,66,37,85,71,34,54,43"/><V9/><F121/><W19/><G34/><T92/><D107/><U81/><E106/><V62/><F125/><W126/><G126/><T42/><D0/><U117/><E127/><V131/><F135/><W70/><G110/><T118/><D4/><U39/><E39/><V1/><F131/><W48/><G101/><T124/><D118/><U21/><E35/><V82/><F112/><W78/><G66/><T60/><D124/><U104/><E104/><V95/><F113/><W91/><G37/><T17/><D17/><U59/><E117/><V57/><F95/><W79/><G43/><T132/><D132/><U128/><E111/><V90/><F50/><W68/><REACH who="3" step="1"/><G23/><REACH who="3" ten="295,302,250,143" step="2"/><T83/><D83/><U7/><E22/><V88/><F40/><W73/><G73/><T122/><D122/><U67/><E81/><V86/><F41/><W2/><G2/><T103/><D103/><U119/><E119/><V69/><F74/><W98/><G98/><AGARI ba="0,1" hai="25,30,32,42,46,51,52,56,60,89,92,98,120,123" machi="98" ten="30,2000,0" yaku="7,1,54,1" doraHai="72" who="0" fromWho="3" sc="295,30,302,0,250,0,143,-20" /><INIT seed="3,0,0,5,2,82" ten="325,302,250,123" oya="3" hai0="31,75,33,23,2,26,17,113,71,81,66,1,69" hai1="20,35,133,129,98,92,14,132,100,3,99,120,119" hai2="78,45,95,127,50,79,97,21,67,91,57,64,42" hai3="27,24,126,6,16,47,9,88,111,101,109,44,15"/><W131/><G131/><T0/><D113/><U59/><E120/><V41/><F127/><W90/><G126/><T84/><D75/><U115/><E3/><V135/><F135/><W51/><G101/><T122/><D122/><U30/><E115/><V93/><F42/><W8/><G27/><T49/><D49/><U53/><E129/><V85/><F21/><N who="3" m="13351" /><G44/><T86/><D86/><U73/><E73/><V102/><REACH who="2" step="1"/><F57/><REACH who="2" ten="325,302,240,123" step="2"/><W72/><G72/><T70/><D69/><U4/><E35/><V112/><F112/><W36/><G36/><T5/><D70/><U104/><E133/><V83/><F83/><W114/><G114/><T106/><D71/><U25/><E132/><V124/><F124/><W40/><G9/><T11/><D66/><AGARI ba="0,1" hai="41,45,50,64,66,67,78,79,85,91,93,95,97,102" machi="66" ten="40,5200,0" yaku="1,1,8,1,52,1,53,0" doraHai="82" doraHaiUra="110" who="2" fromWho="0" sc="325,-52,302,0,240,62,123,0" owari="273,-13.0,302,41.0,302,10.0,123,-38.0" /></mjloggm>