<mjloggm ver="2.3"><GO type="169" lobby="0"/><UN n0="%6E%65%75%74%72%6F%6E" n1="%E8%8D%89%E5%8E%9F%E3%81%AE%E6%B6%BC%E9%A2%A8" n2="%72%79%6F%E2%80%A6%31%35" n3="%E3%82%A6%E3%83%AB%E3%83%88%E3%83%A9%E7%AB%8B%E7%9B%B4" dan="16,16,18,17" rate="2123.08,2062.78,2202.77,2135.65" sx="M,F,M,M"/><TAIKYOKU oya="0"/><INIT seed="0,0,0,5,3,58" ten="250,250,250,250" oya="0" hai0="33,75,48,73,20,95,123,0,125,39,3,30,46" hai1="47,82,116,124,103,111,61,100,1,127,11,133,38" hai2="45,120,71,62,93,87,24,84,5,13,29,72,59" hai3="80,104,114,128,77,7,91,55,130,23,60,63,108"/><T92/><D39/><U32/><E116/><V107/><F107/><W57/><G104/><T28/><D33/><U67/><E32/><V96/><F72/><W74/><G114/><T53/><D123/><U69/><E111/><V70/><F120/><W41/><G108/><T42/><D125/><N who="1" m="48203" /><E133/><V79/><F45/><W76/><G76/><T85/><D85/><U6/><E82/><V10/><F71/><W19/><G7/><T34/><D34/><U4/><E4/><V49/><F49/><W106/><G106/><T117/><D117/><U37/><E47/><V40/><F40/><W17/><G41/><T102/><D42/><U118/><E118/><V132/><F70/><W101/><G101/><AGARI ba="0,0" hai="1,6,11,37,38,61,67,69,100,101,103" m="48203" machi="101" ten="30,2000,0" yaku="18,1,52,1" doraHai="58" who="1" fromWho="3" sc="250,0,250,20,250,0,250,-20" /><INIT seed="1,0,0,2,5,132" ten="250,270,250,230" oya="1" hai0="127,47,120,2,1,122,39,15,81,129,59,45,83" hai1="10,72,112,96,55,77,105,19,41,17,87,46,91" hai2="75,124,100,11,51,119,58,74,101,67,40,109,68" hai3="34,65,18,118,73,13,111,78,123,116,80,94,48"/><U63/><E112/><V25/><F109/><W60/><G34/><T133/><D59/><U66/><E55/><V106/><F119/><N who="3" m="45611" /><G48/><T42/><D15/><U14/><E72/><V50/><F68/><N who="3" m="42023" /><G111/><T108/><D108/><U130/><E130/><V69/><F69/><W90/><G123/><T9/><D133/><U27/><E105/><V107/><F40/><W84/><G13/><T29/><D29/><U103/><E103/><V110/><F110/><W6/><G18/><T0/><D9/><U126/><E96/><V43/><F11/><W26/><G26/><T62/><D62/><U12/><E27/><V125/><F43/><W115/><G6/><T57/><D57/><U76/><E63/><V79/><F25/><W92/><G92/><T86/><D129/><U16/><E66/><V38/><F58/><W21/><G21/><T89/><D47/><U64/><E64/><V44/><F67/><W54/><G54/><T56/><D56/><U23/><E19/><V88/><F44/><W33/><G33/><T7/><D7/><U131/><E131/><V28/><F28/><W134/><G134/><T4/><D4/><U30/><E30/><V70/><F70/><W35/><G35/><T71/><D71/><U95/><E46/><V104/><F104/><W49/><G49/><T113/><D113/><AGARI ba="0,0" hai="73,78,80,84,90,94,113,115" m="42023,45611" machi="113" ten="30,1000,0" yaku="12,1" doraHai="132" who="3" fromWho="0" sc="250,-10,270,0,250,0,230,10" /><INIT seed="2,0,0,0,1,68" ten="240,270,250,240" oya="2" hai0="51,86,80,60,127,75,133,135,89,54,79,46,102" hai1="35,125,4,15,95,52,104,132,98,96,45,31,115" hai2="123,58,33,97,17,43,63,119,0,10,21,1,19" hai3="66,41,53,26,92,25,88,116,49,39,32,42,114"/><V6/><F119/><W16/><G116/><T55/><D102/><U70/><E115/><V109/><F33/><W23/><G114/><T74/><D127/><U18/><E125/><V108/><F123/><W117/><G117/><T91/><D91/><U50/><E70/><V72/><F72/><W99/><G39/><T103/><D103/><U34/><E132/><N who="0" m="50761" /><D89/><U124/><E124/><V111/><F43/><W69/><G69/><T12/><D12/><U7/><E104/><V101/><F0/><W62/><G66/><T83/><D83/><U84/><E34/><V37/><F37/><W121/><G121/><T40/><D60/><U90/><E35/><V65/><REACH who="2" step="1"/><F21/><REACH who="2" ten="240,270,240,240" step="2"/><N who="3" m="13479" /><G32/><T77/><D74/><U126/><E126/><V38/><F38/><W13/><G42/><T28/><D75/><U81/><E31/><V57/><F57/><W27/><G41/><T9/><D28/><U61/><E96/><V82/><F82/><W5/><G23/><T22/><D22/><N who="1" m="11615" /><E61/><V11/><F11/><N who="3" m="4335" /><G62/><T120/><D9/><U20/><E20/><V100/><F100/><AGARI ba="0,1" hai="4,7,45,50,52,81,84,90,95,98,100" m="11615" machi="100" ten="30,2000,0" yaku="8,1,54,1" doraHai="68" who="1" fromWho="2" sc="240,0,270,30,240,-20,240,0" /><INIT seed="3,0,0,3,3,10" ten="240,300,220,240" oya="3" hai0="70,87,78,53,98,96,72,94,46,111,91,4,133" hai1="43,79,34,7,6,12,8,20,101,99,3,130,123" hai2="54,2,119,81,26,97,107,134,127,124,49,57,16" hai3="112,82,13,88,41,106,109,59,37,52,19,113,14"/><W105/><G37/><T39/><D70/><U80/><E123/><V47/><F119/><W120/><G41/><T76/><D111/><U102/><E34/><V24/><F2/><W32/><G32/><T55/><D133/><U125/><E125/><N who="2" m="48203" /><F134/><W122/><G109/><T116/><D116/><U48/><E130/><V22/><F81/><W114/><G19/><T23/><D4/><N who="1" m="3079" /><E3/><V118/><F118/><W60/><G120/><T0/><D0/><U69/><E69/><V15/><F47/><W27/><G27/><T31/><D39/><U45/><E99/><N who="0" m="37929" /><D72/><U64/><E64/><V103/><AGARI ba="0,0" hai="15,16,22,24,26,49,54,57,97,103,107" m="48203" machi="103" ten="30,4000,0" yaku="18,1,52,1,54,1" doraHai="10" who="2" fromWho="2" sc="240,-10,300,-10,220,40,240,-20" /><INIT seed="4,0,0,2,0,128" ten="230,290,260,220" oya="0" hai0="63,99,53,73,130,108,56,52,122,58,95,102,55" hai1="34,45,16,21,69,32,6,8,105,133,90,62,127" hai2="12,41,13,11,77,71,67,103,9,47,116,126,89" hai3="68,117,81,27,79,92,4,60,97,36,66,106,38"/><T94/><D122/><U29/><E105/><V119/><F77/><W7/><G117/><N who="2" m="45129" /><F103/><W26/><G106/><T72/><D130/><U40/><E133/><V82/><F126/><W113/><G113/><T19/><D108/><U42/><E127/><V118/><F118/><W54/><G54/><T17/><D94/><U18/><E69/><V111/><F111/><W131/><G131/><T109/><D109/><U35/><E62/><N who="2" m="40439" /><F89/><W24/><G36/><T33/><D33/><U70/><E70/><V74/><F82/><W110/><G38/><T15/><D19/><U44/><E90/><V0/><F74/><W101/><REACH who="3" step="1"/><G110/><REACH who="3" ten="230,290,260,210" step="2"/><T50/><REACH who="0" step="1"/><D55/><REACH who="0" ten="220,290,260,210" step="2"/><U84/><E40/><V22/><F41/><W64/><G64/><T112/><D112/><U10/><E42/><V100/><F100/><W5/><G5/><T114/><D114/><U129/><E6/><V104/><F104/><W14/><G14/><T3/><D3/><U1/><E1/><V43/><F0/><W31/><G31/><T98/><D98/><U2/><E2/><V96/><F96/><W20/><G20/><AGARI ba="0,2" hai="15,17,20,50,52,53,56,58,63,72,73,95,99,102" machi="20" ten="30,12000,1" yaku="1,1,7,1,54,1,53,2" doraHai="128" doraHaiUra="51" who="0" fromWho="3" sc="220,140,290,0,260,0,210,-120" /><INIT seed="4,1,0,4,4,48" ten="360,290,260,90" oya="0" hai0="7,70,74,43,61,44,76,28,42,57,15,108,87" hai1="68,27,117,17,8,11,52,32,111,131,59,9,10" hai2="40,97,64,130,34,96,51,85,119,5,33,46,14" hai3="77,35,25,75,47,109,81,84,107,37,126,38,79"/><T13/><D74/><U72/><E111/><V95/><F130/><W31/><G109/><T2/><D70/><U49/><E131/><V78/><F119/><W82/><G107/><T83/><D108/><U90/><E117/><V99/><F64/><W129/><G129/><T73/><D28/><U53/><E68/><V45/><F45/><W29/><G126/><T115/><D115/><U106/><E106/><V127/><F127/><W62/><G31/><T105/><D105/><U21/><E72/><V98/><F98/><W104/><G104/><T92/><D42/><U125/><E125/><V65/><F65/><W88/><G79/><T63/><D63/><N who="1" m="36335" /><E32/><V133/><F133/><W121/><G121/><T18/><D18/><N who="1" m="12727" /><E90/><V94/><F34/><W124/><G124/><T71/><D71/><U110/><E110/><V55/><F40/><W39/><REACH who="3" step="1"/><G62/><REACH who="3" ten="360,290,260,80" step="2"/><T101/><D61/><U26/><E8/><N who="2" m="4367" /><F33/><W132/><G132/><T93/><D76/><U60/><E60/><V113/><F113/><W56/><G56/><T134/><D57/><N who="1" m="32911" /><E9/><V16/><F78/><W20/><G20/><BYE who="3" /><AGARI ba="1,1" hai="10,11,17,20,26" m="32911,12727,36335" machi="20" ten="30,7700,0" yaku="8,1,52,2,54,1" doraHai="48" who="1" fromWho="3" sc="360,0,290,90,260,0,80,-80" /><INIT seed="5,0,0,3,4,99" ten="360,380,260,0" oya="1" hai0="41,67,79,129,58,49,128,57,97,124,134,70,78" hai1="11,18,93,100,87,80,23,133,50,46,77,24,54" hai2="88,21,51,95,68,103,82,29,33,26,37,127,104" hai3="30,14,45,113,126,107,117,65,121,135,115,52,73"/><U131/><E131/><N who="0" m="50249" /><D124/><U130/><E130/><V8/><F127/><W0/><G0/><T44/><D134/><U4/><E133/><V110/><F110/><W114/><G114/><T85/><D97/><N who="1" m="59439" /><E11/><V106/><F37/><W10/><G10/><T12/><D12/><U105/><E105/><V91/><F68/><W15/><G15/><T38/><D85/><U43/><E4/><V118/><F118/><W84/><G84/><T83/><D83/><U48/><E48/><V17/><F8/><W122/><G122/><T36/><D79/><U89/><E43/><V94/><F82/><W39/><G39/><N who="0" m="14891" /><D78/><AGARI ba="0,0" hai="18,23,24,46,50,54,77,78,80,87,89" m="59439" machi="78" ten="30,2900,0" yaku="8,1,52,1" doraHai="99" who="1" fromWho="0" sc="360,-29,380,29,260,0,0,0" /><INIT seed="5,1,0,2,5,102" ten="331,409,260,0" oya="1" hai0="88,11,70,55,30,46,106,60,15,12,19,116,117" hai1="8,71,39,119,78,87,38,113,73,14,100,95,111" hai2="66,33,59,32,41,92,128,63,10,35,127,40,104" hai3="28,82,26,132,51,85,98,110,44,107,57,5,64"/><U108/><E119/><V105/><F128/><W13/><G13/><T90/><D30/><U114/><E71/><V29/><F29/><W135/><G135/><T4/><D106/><U21/><E73/><V75/><F75/><W83/><G83/><T67/><D117/><U20/><E78/><V69/><F127/><W96/><G96/><T125/><D125/><U120/><E120/><V126/><F126/><W72/><G72/><T6/><D116/><U58/><E58/><V42/><F10/><W86/><G86/><T3/><D3/><U18/><E100/><V101/><REACH who="2" step="1"/><F69/><REACH who="2" ten="331,409,250,0" step="2"/><W50/><G50/><T17/><D4/><U54/><E38/><V118/><F118/><W34/><G34/><T131/><D6/><U130/><E39/><V94/><F94/><W133/><G133/><T124/><D131/><U121/><E130/><UN n3="%E3%82%A6%E3%83%AB%E3%83%88%E3%83%A9%E7%AB%8B%E7%9B%B4" /><V0/><F0/><W48/><G132/><T37/><D124/><U112/><E121/><V77/><F77/><N who="3" m="46287" /><G110/><T31/><D31/><U109/><E95/><V16/><F16/><W62/><G5/><T45/><D37/><U84/><E8/><V89/><F89/><W53/><G107/><T7/><D7/><U49/><E20/><V36/><F36/><W74/><G74/><T1/><D1/><U79/><E79/><V134/><F134/><W76/><G76/><T68/><D68/><U47/><AGARI ba="1,1" hai="14,18,21,47,49,54,84,87,108,109,111,112,113,114" machi="47" ten="40,7800,0" yaku="0,1,10,1,15,1" doraHai="102" who="1" fromWho="1" sc="331,-27,409,91,250,-27,0,-27" owari="304,10.0,500,61.0,223,-18.0,-27,-53.0" /></mjloggm>