<mjloggm ver="2.3"><GO type="169" lobby="0"/><UN n0="%79%61%6D%69" n1="%7A%61%63%63" n2="%E5%B0%B1%E6%B4%BB%E7%94%9F%40%E5%B7%9D%E6%9D%91%E8%BB%8D%E5%9B%A3" n3="%28%E3%80%8C%E3%83%BB%60%CF%89%E3%83%BB%29%E3%80%8C" dan="17,16,17,18" rate="2145.68,2132.50,2170.66,2232.66" sx="M,F,M,M"/><TAIKYOKU oya="0"/><INIT seed="0,0,0,1,2,82" ten="250,250,250,250" oya="0" hai0="98,45,99,83,16,101,25,46,75,61,97,78,135" hai1="96,128,131,14,86,73,67,59,125,5,22,117,30" hai2="54,79,52,60,110,28,35,113,71,58,37,6,56" hai3="41,102,34,38,129,63,104,39,68,80,76,72,84"/><T50/><D135/><U18/><E73/><V27/><F113/><W57/><G129/><T13/><D25/><U40/><E117/><V108/><F37/><W62/><G34/><T49/><D101/><U24/><E40/><V119/><F119/><W29/><G29/><T66/><D49/><U77/><E125/><V74/><F71/><W4/><G4/><T105/><D105/><U42/><E42/><V87/><F74/><W120/><G120/><T1/><D1/><U33/><E96/><V85/><F6/><W94/><G41/><T20/><REACH who="0" step="1"/><D50/><REACH who="0" ten="240,250,250,250" step="2"/><U100/><E100/><V53/><F79/><W36/><G104/><T89/><D89/><U95/><E77/><V133/><F133/><W47/><G47/><T123/><D123/><U109/><E131/><V134/><F134/><W23/><G102/><T121/><D121/><U93/><E128/><V48/><REACH who="2" step="1"/><F54/><REACH who="2" ten="240,250,240,250" step="2"/><W127/><G36/><T55/><D55/><U8/><E67/><V19/><F19/><W124/><G38/><T7/><D7/><U10/><E5/><V64/><F64/><W126/><G39/><T81/><D81/><U106/><E18/><V0/><F0/><W51/><G127/><T11/><D11/><U31/><E8/><V12/><F12/><W116/><G126/><T90/><D90/><U17/><E14/><V92/><F92/><W21/><G94/><T32/><D32/><U15/><E33/><V112/><F112/><W130/><G124/><T44/><D44/><U115/><E93/><V88/><F88/><W122/><G122/><T26/><D26/><U2/><E95/><RYUUKYOKU ba="0,2" sc="240,15,250,-15,240,15,250,-15" hai0="13,16,20,45,46,61,66,75,78,83,97,98,99" hai2="27,28,35,48,52,53,56,58,60,85,87,108,110" /><INIT seed="0,1,2,1,0,7" ten="255,235,255,235" oya="0" hai0="14,120,38,111,116,54,81,27,76,99,48,15,65" hai1="53,55,13,119,0,30,100,39,34,130,50,33,93" hai2="104,1,67,84,36,89,62,57,24,112,20,77,85" hai3="74,83,98,40,87,8,23,115,29,97,68,6,131"/><T132/><D38/><U91/><E39/><V118/><F112/><W52/><G74/><T11/><D116/><U135/><E0/><V73/><F104/><W49/><G68/><T59/><D120/><U22/><E119/><V75/><F1/><W41/><G115/><T25/><D132/><U19/><E100/><V32/><F36/><W71/><G71/><T2/><D2/><U72/><E72/><V28/><F118/><W117/><G117/><T133/><D133/><U5/><E130/><V101/><F101/><W78/><G131/><T47/><D111/><U9/><E30/><V56/><F32/><W17/><G29/><T128/><D128/><U70/><E55/><V129/><F129/><W60/><G60/><T105/><D105/><U26/><E70/><V61/><F77/><W114/><G114/><T94/><D65/><U90/><E91/><V69/><F85/><W106/><G106/><T124/><D59/><U66/><E66/><V109/><F109/><W80/><G80/><T126/><D124/><U95/><E93/><V121/><F121/><W31/><G31/><T125/><D126/><U42/><E42/><V110/><F110/><W103/><G103/><N who="0" m="60919" /><D125/><U64/><E64/><V21/><F69/><W63/><G63/><T12/><D11/><U58/><E135/><V96/><F75/><W134/><G134/><T44/><D44/><U37/><E37/><V122/><F73/><W86/><G8/><T107/><D107/><U4/><E5/><V123/><F67/><W46/><G6/><T43/><D43/><N who="3" m="16457" /><G87/><AGARI ba="1,2" hai="12,14,15,25,27,47,48,54,76,81,87" m="60919" machi="87" ten="30,1500,0" yaku="8,1" doraHai="7" who="0" fromWho="3" sc="255,38,235,0,255,0,235,-18" /><AGARI ba="1,0" hai="4,9,13,19,22,26,33,34,50,53,58,87,90,95" machi="87" ten="30,2000,0" yaku="7,1,52,1" doraHai="7" who="1" fromWho="3" sc="293,0,235,20,255,0,217,-20" /><INIT seed="0,2,0,1,2,108" ten="293,255,255,197" oya="0" hai0="119,112,65,67,20,10,15,75,131,28,82,21,55" hai1="0,47,3,43,85,38,4,123,54,29,130,71,48" hai2="44,22,39,18,120,122,111,9,72,61,87,13,110" hai3="117,63,31,109,99,11,90,91,80,73,97,26,30"/><T92/><D119/><U124/><E123/><N who="2" m="47147" /><F72/><W45/><G117/><T27/><D131/><U113/><E130/><V51/><F39/><W16/><G109/><N who="2" m="41481" /><F61/><W66/><G45/><T62/><D112/><U98/><E71/><V53/><F87/><W14/><G73/><T50/><D21/><AGARI ba="2,0" hai="9,13,18,21,22,44,51,53" m="41481,47147" machi="21" ten="30,1000,0" yaku="14,1" doraHai="108" who="2" fromWho="0" sc="293,-16,255,0,255,16,197,0" /><INIT seed="1,0,0,1,3,50" ten="277,255,271,197" oya="1" hai0="7,0,118,106,126,47,29,121,130,22,18,19,44" hai1="5,102,33,107,6,76,62,99,24,112,49,108,81" hai2="83,128,9,103,11,134,98,123,87,10,8,3,55" hai3="2,120,92,129,46,71,135,101,100,28,56,36,84"/><U90/><E112/><V67/><F123/><W15/><G71/><T115/><D106/><U65/><E90/><V114/><F128/><W104/><G2/><T132/><D47/><U82/><E108/><V91/><F134/><W131/><G120/><T12/><D44/><U21/><E82/><V117/><F114/><W23/><G135/><T73/><D73/><U57/><E49/><V85/><F117/><W122/><G122/><T41/><D41/><U105/><E33/><V34/><F67/><W127/><G104/><T88/><D88/><U68/><E68/><V43/><F43/><W4/><G127/><T95/><D95/><U70/><E70/><V39/><F39/><W79/><G36/><T42/><D42/><U89/><E89/><V32/><F87/><W78/><G46/><T116/><D121/><U37/><E107/><V86/><F85/><W119/><G119/><N who="0" m="45611" /><D132/><U1/><E1/><V66/><F66/><W60/><G84/><T113/><D126/><U96/><E96/><V14/><F3/><W133/><G133/><T72/><D72/><U64/><E65/><V25/><F98/><N who="3" m="59463" /><G101/><T17/><D130/><N who="3" m="49673" /><G56/><T93/><D93/><N who="1" m="58735" /><E37/><V63/><F103/><W125/><G125/><T59/><D0/><U61/><E61/><V40/><F40/><W30/><G60/><T38/><D38/><U51/><E51/><V13/><F86/><W54/><G79/><T53/><D115/><U80/><E105/><V109/><F91/><W110/><G78/><T111/><D113/><U35/><E35/><V27/><N who="2" m="2560" /><DORA hai="75" /><V31/><F34/><W26/><G110/><RYUUKYOKU ba="0,0" sc="277,0,255,0,271,0,197,0" /><INIT seed="2,1,0,2,5,17" ten="277,255,271,197" oya="2" hai0="128,41,19,80,29,69,10,53,0,56,38,26,49" hai1="67,22,133,4,84,20,44,87,15,40,12,9,54" hai2="90,111,65,93,33,77,76,27,79,43,97,24,124" hai3="32,94,8,92,47,131,21,135,126,100,99,42,98"/><V30/><F124/><W50/><G32/><T6/><D69/><U113/><E113/><V74/><F74/><W51/><G126/><T71/><D71/><U105/><E105/><V60/><F111/><W73/><G73/><T117/><D128/><U52/><E67/><V11/><F43/><W28/><G131/><T132/><D132/><U82/><E87/><V34/><F11/><W55/><G8/><T114/><D114/><U107/><E107/><V63/><F65/><W130/><G135/><T78/><D19/><U108/><E15/><V64/><F64/><W3/><G3/><T70/><D70/><U118/><E118/><V85/><F97/><W45/><G130/><T62/><D62/><U115/><E108/><V59/><F59/><W13/><G13/><T116/><D38/><U110/><E110/><V103/><F103/><W104/><REACH who="3" step="1"/><G99/><REACH who="3" ten="277,255,271,187" step="2"/><T68/><D0/><U122/><E133/><V57/><F34/><W81/><G81/><T86/><D10/><U16/><E115/><V119/><F119/><W46/><G46/><T88/><D80/><U91/><E122/><V39/><F57/><W36/><G36/><T35/><D56/><U72/><E72/><V66/><F39/><W83/><G83/><T127/><D127/><U18/><E4/><V129/><F129/><W61/><G61/><T134/><D35/><U48/><E9/><V123/><F123/><W120/><G120/><T125/><D134/><U112/><E112/><V106/><F63/><W23/><G23/><N who="1" m="8746" /><E12/><V89/><F33/><W95/><G95/><T14/><D125/><U101/><E82/><RYUUKYOKU ba="1,1" sc="277,-10,255,-10,271,-10,187,30" hai3="21,28,42,45,47,50,51,55,92,94,98,100,104" /><INIT seed="3,2,1,4,5,71" ten="267,245,261,217" oya="3" hai0="128,44,90,30,134,95,38,121,86,133,107,56,24" hai1="0,126,46,33,79,69,129,51,76,19,35,16,77" hai2="66,10,32,116,53,40,72,64,7,78,42,31,109" hai3="21,65,119,94,3,101,37,114,1,87,4,125,9"/><W98/><G119/><T11/><D121/><U83/><E69/><V34/><F109/><W84/><G114/><T120/><D120/><U5/><E0/><V110/><F110/><W59/><G125/><T2/><D107/><U123/><E5/><V57/><F116/><W75/><G75/><T96/><D128/><U45/><E123/><V111/><F111/><W60/><G1/><T20/><D56/><U36/><E126/><V15/><F78/><W80/><G80/><T55/><D96/><U132/><E129/><V70/><F72/><W103/><G103/><T99/><D99/><U68/><E68/><V18/><F70/><W67/><G67/><N who="2" m="25641" /><F31/><W27/><REACH who="3" step="1"/><G37/><REACH who="3" ten="267,245,261,207" step="2"/><T48/><D38/><U23/><E83/><V122/><F122/><W8/><G8/><T14/><D2/><U6/><E36/><V62/><F34/><W102/><G102/><T92/><D134/><U88/><E35/><V105/><F32/><W22/><G22/><T117/><D133/><U106/><E23/><N who="2" m="11743" /><F105/><W73/><G73/><T124/><D124/><U50/><E33/><V93/><F93/><W113/><G113/><T43/><D117/><U91/><E106/><V104/><F104/><W41/><G41/><T127/><D127/><U135/><E77/><V54/><F54/><W17/><AGARI ba="2,2" hai="3,4,9,17,21,27,59,60,65,84,87,94,98,101" machi="17" ten="20,3900,0" yaku="1,1,0,1,7,1,53,0" doraHai="71" doraHaiUra="47" who="3" fromWho="3" sc="267,-15,245,-15,261,-15,207,65" /><INIT seed="3,3,0,5,4,17" ten="252,230,246,272" oya="3" hai0="69,93,116,0,32,120,28,61,129,41,103,38,101" hai1="134,90,114,113,130,131,83,102,15,64,40,123,106" hai2="91,80,55,3,12,135,52,104,76,119,89,122,21" hai3="49,54,23,108,115,39,57,6,124,85,117,56,118"/><W35/><G35/><T29/><D93/><U13/><E40/><V11/><F119/><W66/><G115/><T82/><D61/><U68/><E68/><V51/><F135/><W33/><G33/><T14/><D14/><U105/><E64/><V107/><F122/><W127/><G39/><T48/><D48/><U109/><E102/><V45/><F104/><W53/><G66/><T133/><D82/><U8/><E123/><V67/><F107/><W94/><G6/><T26/><D26/><U132/><E90/><V59/><F67/><W18/><G108/><T16/><D41/><U19/><E83/><V50/><F21/><W86/><G94/><T31/><D69/><U36/><E36/><V34/><F3/><W2/><G2/><T125/><D38/><U5/><E109/><V63/><F63/><W60/><G118/><T58/><D0/><U10/><E19/><V44/><F59/><W24/><REACH who="3" step="1"/><G117/><REACH who="3" ten="252,230,246,262" step="2"/><T65/><D65/><U9/><E5/><V73/><F34/><W75/><G75/><T128/><D32/><U42/><E113/><V112/><F112/><W77/><G77/><T110/><D116/><U7/><E114/><V62/><F62/><W126/><AGARI ba="3,1" hai="18,23,24,49,53,54,56,57,60,85,86,124,126,127" machi="126" ten="30,11700,0" yaku="1,1,0,1,18,1,52,1,53,0" doraHai="17" doraHaiUra="92" who="3" fromWho="3" sc="252,-42,230,-42,246,-42,262,136" /><INIT seed="3,4,0,1,1,133" ten="210,188,204,398" oya="3" hai0="126,7,25,29,104,45,112,73,51,20,9,125,81" hai1="123,8,70,124,87,86,82,3,106,67,85,127,118" hai2="117,69,97,101,68,59,34,5,56,114,103,113,66" hai3="38,13,1,121,132,74,48,26,27,91,36,18,6"/><W61/><G74/><T116/><D116/><U32/><E106/><V10/><F34/><W107/><G107/><T21/><D104/><U102/><E32/><V84/><F117/><W33/><G121/><T44/><D112/><U55/><E102/><V15/><F101/><W111/><G132/><T119/><D119/><U58/><E123/><V130/><F130/><W72/><G72/><T109/><D109/><U24/><E24/><V47/><F103/><W96/><G111/><T49/><D73/><U31/><E31/><V23/><F97/><W110/><G110/><T105/><D105/><U115/><E115/><V62/><F69/><W108/><G108/><T19/><D81/><U129/><E129/><V57/><F23/><W42/><G61/><T52/><D19/><U90/><E67/><V37/><F84/><W41/><G6/><T28/><D21/><U92/><E70/><V128/><F128/><W46/><G1/><T93/><D93/><U54/><E55/><V63/><F62/><W135/><G135/><T65/><D65/><U80/><E8/><V30/><F30/><W60/><G60/><T88/><D88/><N who="1" m="53279" /><E3/><V71/><F68/><W11/><G33/><T50/><D29/><U53/><E118/><V134/><F134/><W14/><G96/><T12/><REACH who="0" step="1"/><D51/><REACH who="0" ten="200,188,204,398" step="2"/><N who="1" m="31039" /><E82/><V77/><F77/><W83/><G83/><T94/><D94/><U22/><E22/><V75/><F75/><W95/><G95/><T78/><D78/><U43/><E80/><V64/><F66/><W16/><G91/><T4/><D4/><U35/><E90/><V89/><F89/><RYUUKYOKU ba="4,1" sc="200,15,188,-15,204,15,398,-15" hai0="7,9,12,20,25,28,44,45,49,50,52,125,126" hai2="5,10,15,37,47,56,57,59,63,64,71,113,114" /><INIT seed="4,5,1,5,3,57" ten="215,173,219,383" oya="0" hai0="30,93,132,6,35,104,111,115,75,95,26,70,77" hai1="33,52,131,125,31,71,112,94,62,41,47,128,76" hai2="130,45,127,16,85,43,134,7,89,24,110,46,86" hai3="49,119,0,4,80,5,36,102,106,64,48,100,99"/><T37/><D95/><U69/><E76/><V109/><F7/><W22/><G36/><T3/><D93/><U25/><E125/><V88/><F127/><W54/><G119/><T108/><D115/><U21/><E112/><V114/><F114/><W2/><G64/><T133/><D104/><U58/><E33/><V59/><F134/><N who="0" m="51818" /><D70/><U44/><E94/><N who="2" m="54543" /><F43/><W13/><G99/><T9/><D37/><U78/><E78/><V50/><F130/><N who="1" m="49705" /><E47/><N who="2" m="17931" /><F110/><N who="0" m="42026" /><D77/><U121/><E121/><V90/><F109/><W14/><G106/><T53/><D53/><U27/><E25/><V74/><F74/><AGARI ba="5,1" hai="3,6,9,26,30,35,74,75" m="42026,51818" machi="74" ten="30,5800,0" yaku="20,1,10,1,23,1" doraHai="57" who="0" fromWho="2" sc="215,83,173,0,219,-73,383,0" /><INIT seed="4,6,0,1,4,23" ten="298,173,146,383" oya="0" hai0="127,51,107,47,117,135,87,52,48,56,8,58,131" hai1="2,66,81,80,78,112,50,85,12,103,88,110,72" hai2="28,29,91,32,67,73,0,90,115,128,44,114,96" hai3="62,100,13,61,57,35,55,27,42,79,92,43,14"/><T99/><D117/><U126/><E110/><V4/><F73/><W75/><G75/><T7/><D127/><U37/><E2/><V74/><F74/><W93/><G79/><T111/><D111/><U38/><E126/><V105/><F67/><W70/><G70/><T49/><D131/><U45/><E66/><V106/><F128/><W54/><G35/><T102/><D135/><U64/><E64/><V10/><F44/><W17/><G27/><T123/><D123/><U24/><E103/><V101/><F106/><W122/><G122/><T118/><D118/><U82/><E81/><V124/><F124/><W97/><G92/><T76/><D56/><U6/><E112/><N who="2" m="43051" /><F32/><W63/><G13/><T39/><D39/><U53/><E6/><V18/><F18/><W36/><G36/><T41/><D51/><U19/><REACH who="1" step="1"/><E24/><REACH who="1" ten="298,163,146,383" step="2"/><V1/><F1/><W116/><G116/><T34/><D7/><U104/><E104/><V98/><F91/><W132/><G100/><T26/><D26/><U89/><E89/><V119/><F119/><W120/><G120/><T25/><D25/><U15/><E15/><V84/><F96/><W60/><G97/><T65/><D99/><U31/><E31/><V113/><F113/><W30/><G30/><T68/><D65/><U21/><AGARI ba="6,1" hai="12,19,21,37,38,45,50,53,72,78,80,82,85,88" machi="21" ten="20,5200,0" yaku="1,1,0,1,7,1,54,1,53,0" doraHai="23" doraHaiUra="22" who="1" fromWho="1" sc="298,-32,163,80,146,-19,383,-19" /><INIT seed="5,0,0,0,0,64" ten="266,243,127,364" oya="1" hai0="115,19,80,49,24,51,116,71,69,77,65,11,91" hai1="85,58,74,107,2,34,135,8,72,54,129,110,88" hai2="127,22,28,93,73,67,13,47,128,79,39,97,131" hai3="82,17,45,108,106,48,89,113,25,90,33,26,130"/><U41/><E34/><V32/><F32/><W103/><G108/><T109/><D109/><U7/><E110/><V38/><F127/><W123/><G123/><T68/><D116/><U10/><E107/><V59/><F73/><W1/><G1/><T86/><D115/><U36/><E129/><V70/><F79/><W105/><G113/><T57/><D77/><U114/><E114/><V35/><F35/><W132/><G33/><T46/><D46/><U117/><E117/><V31/><F31/><W14/><G132/><T3/><D3/><U121/><E135/><V27/><F13/><W6/><G6/><T112/><D112/><U125/><E10/><V50/><F128/><W0/><G0/><T66/><D24/><U37/><E125/><V55/><F131/><W99/><G106/><T81/><D81/><U9/><E8/><V92/><F92/><W101/><G130/><T75/><D75/><U111/><E111/><V62/><REACH who="2" step="1"/><F70/><REACH who="2" ten="266,243,117,364" step="2"/><W134/><G134/><T12/><REACH who="0" step="1"/><D66/><REACH who="0" ten="256,243,117,364" step="2"/><U120/><E72/><V95/><F95/><W119/><G119/><T78/><D78/><U100/><E74/><V4/><F4/><W83/><G83/><T63/><AGARI ba="0,2" hai="11,12,19,49,51,57,63,65,68,69,71,80,86,91" machi="63" ten="40,8000,1" yaku="1,1,0,1,52,3,53,0" doraHai="64" doraHaiUra="122" who="0" fromWho="0" sc="256,100,243,-40,117,-20,364,-20" /><INIT seed="6,0,0,3,3,11" ten="356,203,97,344" oya="2" hai0="34,127,67,64,21,0,10,85,41,35,51,55,97" hai1="76,25,77,12,29,123,28,39,45,124,103,91,109" hai2="53,75,1,116,18,66,108,99,121,115,13,61,37" hai3="69,98,131,135,17,31,62,100,80,32,101,82,130"/><V57/><F1/><W70/><G135/><T84/><D41/><U107/><E109/><V81/><F108/><W128/><G62/><T40/><D40/><U106/><E123/><V104/><F115/><W42/><G42/><T87/><D127/><U73/><E103/><N who="3" m="39498" /><G98/><T90/><D34/><U126/><E25/><V59/><F116/><W36/><G36/><T110/><D35/><U74/><E45/><V44/><F121/><W122/><G122/><T113/><D110/><U56/><E56/><V47/><F37/><W26/><G17/><T83/><D113/><U114/><E91/><V43/><F104/><W49/><G49/><T63/><D21/><U2/><E2/><V52/><F99/><W86/><G86/><T7/><D83/><AGARI ba="0,0" hai="26,31,32,69,70,80,82,83,128,130,131" m="39498" machi="83" ten="40,1300,0" yaku="19,1" doraHai="11" who="3" fromWho="0" sc="356,-13,203,0,97,0,344,13" /><INIT seed="7,0,0,0,2,54" ten="343,203,97,357" oya="3" hai0="31,7,86,106,62,22,28,82,108,6,115,25,47" hai1="9,10,56,61,59,18,124,53,12,60,134,102,96" hai2="35,17,48,121,100,23,67,127,50,1,32,64,51" hai3="129,19,37,104,33,72,122,26,81,0,55,74,94"/><W3/><G104/><T95/><D106/><U70/><E134/><V110/><F1/><W131/><G37/><T15/><D108/><U13/><E70/><V135/><F110/><W133/><G122/><T123/><D123/><U4/><E124/><V105/><F121/><W40/><G133/><T132/><D132/><U118/><E118/><V98/><F135/><W99/><G40/><T39/><D115/><U41/><E41/><V46/><F127/><W16/><G55/><T128/><D128/><N who="3" m="49225" /><G33/><T43/><D95/><U24/><E24/><V21/><F17/><N who="3" m="6731" /><G26/><T85/><D15/><U63/><E53/><V101/><F46/><W83/><G83/><T30/><D62/><U38/><REACH who="1" step="1"/><E38/><REACH who="1" ten="343,193,97,357" step="2"/><V97/><F105/><AGARI ba="0,1" hai="4,9,10,12,13,18,56,59,60,61,63,96,102,105" machi="105" ten="40,8000,1" yaku="1,1,2,1,52,2,53,0" doraHai="54" doraHaiUra="68" who="1" fromWho="2" sc="343,0,193,90,97,-80,357,0" owari="343,14.0,283,-12.0,17,-48.0,357,46.0" /></mjloggm>