<mjloggm ver="2.3"><GO type="169" lobby="0"/><UN n0="%54%6B%40%32%35%32%35" n1="%E3%83%87%E3%83%87%E3%82%AD%E3%83%B3%E3%83%88" n2="%E5%B0%B1%E6%B4%BB%E7%94%9F%40%E5%B7%9D%E6%9D%91%E8%BB%8D%E5%9B%A3" n3="%E3%81%A8%E3%82%8C%E3%82%82%E3%82%8D" dan="16,16,16,17" rate="2049.24,2099.66,2086.35,2218.82" sx="M,M,M,M"/><TAIKYOKU oya="0"/><INIT seed="0,0,0,2,5,106" ten="250,250,250,250" oya="0" hai0="57,127,115,27,15,29,49,133,11,9,103,116,36" hai1="124,101,31,126,98,21,19,52,135,130,28,96,42" hai2="91,1,86,114,61,13,66,2,88,65,120,47,82" hai3="78,51,62,32,6,50,58,72,70,39,85,17,81"/><T53/><D36/><U4/><E130/><V121/><F114/><W20/><G32/><T94/><D116/><U117/><E117/><V80/><F47/><W40/><G70/><T25/><D115/><U119/><E119/><V104/><F104/><W23/><G6/><T73/><D73/><U84/><E135/><V34/><F13/><W95/><G39/><T131/><D133/><U56/><E42/><V59/><F34/><W69/><G69/><T30/><D131/><U14/><E84/><V71/><F71/><W48/><G40/><T37/><D37/><U63/><E4/><V33/><F33/><W128/><G128/><T90/><D103/><U12/><E12/><V41/><F41/><W105/><G105/><T43/><D43/><U16/><E19/><V118/><F118/><W0/><G0/><T83/><D83/><U64/><E64/><V55/><F55/><W67/><G17/><T10/><D15/><U3/><E3/><V92/><F66/><W87/><G72/><T112/><D127/><N who="1" m="48683" /><E98/><V5/><F82/><W111/><G111/><T22/><D112/><U46/><E46/><V122/><REACH who="2" step="1"/><F5/><REACH who="2" ten="250,250,240,250" step="2"/><W110/><G110/><T102/><D102/><U99/><E99/><AGARI ba="0,1" hai="1,2,59,61,65,80,86,88,91,92,99,120,121,122" machi="99" ten="40,5200,0" yaku="1,1,2,1,54,1,53,0" doraHai="106" doraHaiUra="45" who="2" fromWho="1" sc="250,0,250,-52,240,62,250,0" /><INIT seed="1,0,0,1,5,24" ten="250,198,302,250" oya="1" hai0="135,83,81,20,52,34,125,120,62,122,4,38,95" hai1="76,131,32,119,65,68,59,127,0,19,102,132,56" hai2="103,92,6,55,47,18,85,43,78,72,123,8,11" hai3="97,112,2,100,9,105,5,37,91,118,117,49,64"/><U116/><E32/><V77/><F123/><N who="0" m="47146" /><D38/><U28/><E0/><V108/><F108/><W21/><G37/><T107/><D107/><U87/><E102/><V90/><F72/><W126/><G112/><T14/><D34/><U106/><E106/><V53/><F103/><W17/><G126/><T15/><D125/><U111/><E127/><V89/><F18/><W75/><G75/><T114/><D114/><U121/><E111/><V16/><F89/><W134/><G134/><T22/><D95/><U36/><E36/><V86/><F16/><W40/><G64/><T133/><D62/><U109/><E121/><V69/><F69/><W104/><G104/><T70/><D52/><N who="2" m="20042" /><F6/><W96/><G96/><T66/><D66/><U30/><E109/><V113/><F113/><W1/><G1/><T10/><D70/><U23/><E132/><N who="0" m="50761" /><D15/><U25/><E68/><V13/><F13/><W41/><G91/><T84/><D83/><N who="1" m="47591" /><E119/><N who="3" m="45578" /><G49/><T27/><D27/><AGARI ba="0,0" hai="2,5,9,17,21,27,40,41,97,100,105" m="45578" machi="27" ten="30,1000,0" yaku="12,1" doraHai="24" who="3" fromWho="0" sc="250,-10,198,0,302,0,250,10" /><INIT seed="2,0,0,1,0,45" ten="240,198,302,260" oya="2" hai0="7,80,57,121,33,46,38,130,100,56,97,101,35" hai1="78,85,122,48,52,77,3,6,24,84,31,4,2" hai2="58,104,111,22,95,63,83,88,1,96,114,70,9" hai3="89,27,49,36,107,124,29,117,116,15,106,51,103"/><V112/><F70/><W133/><G36/><T11/><D121/><U75/><E122/><V60/><F104/><W47/><G124/><T13/><D130/><U79/><E75/><V39/><F39/><W5/><G133/><T127/><D127/><U10/><E6/><V12/><F111/><W69/><G69/><T129/><D129/><U28/><E3/><V44/><F1/><W135/><G135/><T50/><D38/><U64/><E64/><V17/><F44/><W82/><G107/><T132/><D132/><U125/><E125/><V76/><F9/><W74/><G103/><T126/><D126/><U123/><E123/><V118/><F60/><W91/><G106/><T21/><D101/><U67/><E67/><V81/><F81/><W128/><G128/><T66/><D80/><U55/><E55/><V16/><F17/><W19/><G5/><T134/><D134/><U59/><REACH who="1" step="1"/><E31/><REACH who="1" ten="240,188,302,260" step="2"/><V42/><F118/><W32/><G117/><T90/><D66/><U109/><E109/><V87/><F42/><W120/><G120/><T40/><D21/><AGARI ba="0,1" hai="2,4,10,21,24,28,48,52,59,77,78,79,84,85" machi="21" ten="40,5200,0" yaku="1,1,52,1,54,1,53,0" doraHai="45" doraHaiUra="131" who="1" fromWho="0" sc="240,-52,188,62,302,0,260,0" /><INIT seed="3,0,0,4,3,130" ten="188,250,302,260" oya="3" hai0="5,91,68,9,10,71,25,30,76,33,129,85,1" hai1="83,79,89,72,103,108,19,24,22,94,59,27,86" hai2="7,40,115,26,73,69,18,127,104,101,58,95,41" hai3="77,14,134,109,62,120,133,34,123,117,105,74,81"/><W97/><G117/><T119/><D119/><U70/><E108/><V4/><F69/><W16/><G34/><T23/><D76/><U31/><E70/><V135/><F73/><W0/><G0/><T8/><D129/><U107/><E59/><V13/><F104/><W67/><G109/><T131/><D131/><U98/><REACH who="1" step="1"/><E27/><REACH who="1" ten="188,240,302,260" step="2"/><V65/><F58/><W124/><G124/><T99/><D71/><U48/><E48/><V100/><F26/><W17/><G120/><T116/><D68/><U125/><E125/><V84/><F127/><W28/><G123/><T114/><D114/><U78/><E78/><V6/><F115/><W121/><G121/><T57/><D116/><U132/><E132/><N who="3" m="50794" /><G28/><AGARI ba="0,1" hai="19,22,24,28,31,72,79,83,86,89,94,98,103,107" machi="28" ten="40,5200,0" yaku="1,1,24,2,53,0" doraHai="130" doraHaiUra="64" who="1" fromWho="3" sc="188,0,240,62,302,0,260,-52" /><INIT seed="4,0,0,3,2,58" ten="188,302,302,208" oya="0" hai0="55,132,67,24,134,29,61,75,126,98,33,105,79" hai1="51,104,83,130,3,57,54,21,40,81,121,128,133" hai2="78,68,1,99,90,111,4,25,114,16,37,56,38" hai3="45,77,87,63,0,113,116,36,120,118,34,106,108"/><T46/><D126/><U8/><E121/><V42/><F68/><W53/><G108/><T72/><D46/><N who="1" m="26055" /><E104/><V65/><F111/><W71/><G106/><T30/><D55/><U2/><E21/><N who="2" m="13479" /><F78/><W28/><G0/><N who="1" m="42" /><E8/><V101/><F42/><W39/><G113/><T22/><D22/><U20/><E20/><V35/><F35/><W109/><G109/><T107/><D30/><U12/><E12/><V117/><F4/><W66/><G120/><T122/><D122/><U135/><E83/><V88/><F1/><W127/><G127/><T41/><D41/><U86/><E86/><V110/><F110/><W91/><G77/><T125/><D125/><U92/><E92/><N who="2" m="58599" /><F38/><W96/><G96/><T18/><D18/><U62/><E81/><V84/><F37/><W119/><G28/><T6/><D6/><U5/><E5/><V94/><F114/><W19/><G34/><T95/><D79/><U70/><E70/><V89/><F117/><W103/><G19/><T59/><D107/><U47/><E47/><V7/><F7/><W69/><G69/><T15/><D105/><U85/><E85/><V11/><F11/><W52/><G39/><T9/><D9/><U64/><E64/><V115/><F115/><W10/><G10/><T80/><D80/><U17/><E17/><V102/><F102/><W131/><G103/><N who="0" m="60895" /><D15/><U76/><E76/><V23/><F23/><W43/><REACH who="3" step="1"/><G131/><AGARI ba="0,0" hai="54,57,62,128,130,131,133,135" m="42,26055" machi="131" ten="30,2000,0" yaku="19,1,52,1" doraHai="58" who="1" fromWho="3" sc="188,0,302,20,302,0,208,-20" /><INIT seed="5,0,0,1,0,54" ten="188,322,302,188" oya="1" hai0="1,103,29,83,17,15,64,30,89,35,72,91,26" hai1="108,88,68,97,84,110,28,51,59,63,74,57,43" hai2="94,21,11,23,18,133,9,41,125,123,69,25,19" hai3="71,96,85,6,38,22,118,129,31,70,44,104,111"/><U67/><E74/><V60/><F125/><W56/><G111/><N who="1" m="42538" /><E28/><V124/><F124/><W106/><G6/><T34/><D1/><U62/><E97/><V37/><F123/><W7/><G7/><T0/><D0/><U79/><E79/><V73/><F73/><W119/><G129/><T16/><D103/><U75/><E75/><V5/><F133/><W98/><G85/><T101/><D101/><U127/><E127/><V114/><F114/><W46/><G31/><T55/><D64/><N who="1" m="39007" /><E43/><V122/><F122/><W14/><G14/><T92/><D17/><U13/><E13/><V65/><F5/><W95/><G22/><T117/><D117/><U36/><E36/><V12/><F41/><W39/><G95/><T2/><D2/><U52/><E84/><V32/><F37/><W78/><G78/><T8/><D72/><U126/><E126/><V105/><F105/><W53/><G53/><T135/><D55/><U121/><E88/><V90/><F32/><W131/><G131/><T49/><D91/><U40/><E40/><V50/><F50/><W130/><G130/><T58/><D49/><U77/><E77/><V132/><F132/><W82/><G82/><T66/><D83/><U80/><E80/><V113/><F113/><W120/><G120/><AGARI ba="0,0" hai="51,52,57,63,67,68,120,121" m="39007,42538" machi="120" ten="30,18000,2" yaku="10,1,34,2,52,2,54,1" doraHai="54" who="1" fromWho="3" sc="188,0,322,180,302,0,188,-180" /><INIT seed="5,1,0,3,4,30" ten="188,502,302,8" oya="1" hai0="40,11,126,100,109,131,94,9,45,24,123,2,115" hai1="32,112,8,63,83,13,104,88,73,133,47,96,130" hai2="49,108,29,67,125,22,72,5,50,124,39,122,66" hai3="25,90,37,121,77,101,76,132,57,119,97,84,23"/><U43/><E112/><V86/><F72/><W91/><G121/><T128/><D115/><U34/><E130/><N who="0" m="49705" /><D123/><U116/><E116/><V51/><F39/><W60/><G37/><T78/><D78/><N who="3" m="30313" /><G132/><T110/><D126/><N who="2" m="48746" /><F108/><N who="0" m="41578" /><D24/><U111/><E133/><V103/><F122/><W41/><G41/><T85/><D2/><U26/><E111/><V46/><F5/><W35/><G35/><T134/><D134/><U87/><E73/><V62/><F103/><W81/><G119/><T82/><D94/><U89/><E26/><N who="2" m="16599" /><F86/><W17/><G101/><T80/><D100/><U58/><E104/><V6/><F6/><W1/><G1/><T15/><D85/><U99/><E99/><V14/><F14/><W118/><G118/><T106/><D106/><U54/><E96/><V48/><F62/><W129/><G129/><T10/><D15/><U74/><E74/><V127/><F127/><W70/><G70/><T95/><D95/><U28/><E89/><V56/><F56/><W16/><G97/><T135/><D135/><U71/><E71/><V44/><F44/><W98/><G98/><T20/><D20/><U120/><E120/><V59/><F59/><W61/><G91/><T93/><D93/><U33/><E47/><V18/><F18/><N who="3" m="12535" /><G61/><T21/><D21/><U12/><E12/><V7/><F7/><W65/><AGARI ba="1,0" hai="16,17,57,60,65,81,84,90" m="12535,30313" machi="65" ten="30,2000,0" yaku="8,1,54,1" doraHai="30" who="3" fromWho="3" sc="188,-6,502,-11,302,-6,8,23" /><INIT seed="6,0,0,5,0,25" ten="182,491,296,31" oya="2" hai0="2,14,113,22,1,69,85,78,125,8,75,97,41" hai1="95,32,16,128,133,24,96,115,58,132,62,110,114" hai2="80,93,88,100,108,117,55,59,82,116,101,50,81" hai3="20,29,12,67,89,76,123,37,47,43,33,38,34"/><V15/><F108/><W71/><G123/><T19/><D69/><U35/><E110/><V21/><F117/><W98/><G37/><T64/><D75/><U120/><E128/><V102/><F116/><W70/><G76/><T112/><D64/><N who="1" m="38999" /><E120/><V74/><F74/><W61/><G71/><T111/><D111/><U13/><E24/><V0/><F0/><W126/><G126/><T53/><D125/><U42/><E42/><V103/><N who="2" m="26112" /><DORA hai="91" /><V94/><F88/><W10/><G10/><T9/><D41/><U127/><E127/><V87/><F87/><W27/><REACH who="3" step="1"/><G12/><REACH who="3" ten="182,491,296,21" step="2"/><T90/><D78/><U17/><E13/><V134/><F134/><W44/><G44/><T39/><D39/><U63/><E133/><V23/><F15/><W119/><G119/><T99/><D1/><U28/><E132/><V57/><F57/><W107/><G107/><T7/><D8/><U84/><E115/><V65/><F65/><W54/><G54/><T26/><D53/><U129/><E114/><N who="0" m="44137" /><D2/><U66/><E66/><V18/><F18/><W31/><G31/><T52/><D52/><U92/><E17/><V104/><F104/><W105/><G105/><T121/><D121/><U48/><E16/><V60/><F60/><W131/><G131/><T36/><D36/><U106/><E63/><V124/><F124/><W4/><G4/><T73/><D73/><U122/><E129/><V11/><F11/><W77/><G77/><T68/><D68/><U86/><E122/><V45/><F45/><W109/><G109/><T40/><D40/><U83/><E106/><V130/><F130/><RYUUKYOKU ba="0,1" sc="182,10,491,-30,296,10,21,10" hai0="7,9,14,19,22,26,85,90,97,99" hai2="21,23,50,55,59,80,81,82,93,94" hai3="20,27,29,33,34,38,43,47,61,67,70,89,98" /><INIT seed="6,1,1,1,4,2" ten="192,461,306,31" oya="2" hai0="24,133,47,134,86,94,102,99,105,50,90,78,98" hai1="73,14,19,16,106,32,113,130,132,8,44,104,17" hai2="40,129,96,121,62,92,70,13,93,127,117,49,63" hai3="3,36,6,97,118,31,71,60,89,108,110,114,76"/><V80/><F117/><W83/><G118/><T64/><D64/><U35/><E73/><V23/><F121/><W9/><G36/><T112/><D112/><U101/><E113/><V74/><F127/><W115/><G115/><T107/><D24/><U124/><E124/><V59/><F70/><W125/><G125/><T25/><D25/><U128/><E132/><N who="0" m="50793" /><D50/><U38/><E44/><N who="2" m="25735" /><F74/><W81/><G114/><T91/><D47/><U43/><E43/><V87/><F129/><N who="1" m="49769" /><E38/><V42/><F42/><W54/><G31/><T69/><D69/><U51/><E51/><V100/><F92/><W18/><G18/><N who="1" m="7274" /><E101/><V34/><F34/><AGARI ba="1,1" hai="8,14,19,32,34,35,104,106" m="7274,49769" machi="34" ten="30,2000,0" yaku="19,1,54,1" doraHai="2" who="1" fromWho="2" sc="192,0,461,33,306,-23,31,0" /><INIT seed="7,0,0,1,0,83" ten="192,494,283,31" oya="3" hai0="6,77,133,90,61,62,8,79,54,126,98,74,63" hai1="96,87,122,3,10,91,135,82,134,85,21,41,15" hai2="16,102,114,113,26,60,28,132,67,30,119,66,58" hai3="47,59,118,19,42,78,9,46,121,127,0,88,123"/><W4/><G118/><T69/><D126/><U117/><E122/><V71/><F132/><N who="1" m="50729" /><E3/><V89/><F119/><W93/><G127/><T45/><D133/><U13/><E41/><V11/><F102/><W70/><G70/><T110/><D110/><U125/><E125/><V38/><F38/><W112/><G112/><N who="2" m="43113" /><F89/><W50/><G78/><T22/><D74/><U76/><E96/><V116/><F116/><W55/><G19/><T73/><D22/><U43/><E43/><V101/><F101/><W92/><G92/><T27/><D27/><U107/><E107/><V131/><F131/><W25/><G25/><T103/><D90/><U1/><E117/><V53/><F67/><W18/><G18/><T97/><D73/><U37/><E37/><V23/><F11/><W100/><G100/><T29/><D29/><U52/><E52/><V115/><F115/><W57/><G57/><T109/><D109/><U17/><E1/><V124/><F124/><W48/><REACH who="3" step="1"/><G59/><REACH who="3" ten="192,494,283,21" step="2"/><N who="0" m="35063" /><D69/><U75/><E76/><V56/><F58/><W120/><G120/><T39/><D79/><U128/><E17/><V68/><F68/><W36/><G36/><T80/><D77/><U12/><E128/><V99/><F71/><W72/><G72/><T104/><D103/><U108/><E75/><V35/><F56/><W106/><G106/><T5/><D104/><U14/><E10/><V84/><F26/><W129/><G129/><T24/><D8/><U32/><E108/><V44/><F16/><W94/><G94/><T7/><D39/><U31/><E91/><V49/><F28/><W51/><G51/><RYUUKYOKU ba="0,1" sc="192,-10,494,-10,283,-10,21,30" hai3="0,4,9,42,46,47,48,50,55,88,93,121,123" /><INIT seed="7,1,1,3,4,41" ten="182,484,273,51" oya="3" hai0="91,77,24,13,133,79,96,85,75,88,129,36,47" hai1="20,17,84,27,115,37,50,22,93,34,86,16,49" hai2="92,33,55,101,104,38,14,73,63,68,116,105,99" hai3="57,6,23,124,72,5,30,21,1,89,8,0,46"/><W70/><G70/><T29/><D75/><U3/><E37/><V131/><F73/><W113/><G72/><T64/><D64/><U97/><E3/><V118/><F38/><W132/><G132/><T82/><D133/><U39/><E39/><V51/><F33/><W71/><G71/><T69/><D69/><U121/><E34/><V10/><F131/><W119/><G119/><T15/><D129/><U48/><E115/><V67/><F105/><W81/><G113/><T19/><D96/><U52/><E52/><V65/><F65/><W111/><G124/><T62/><D62/><U130/><E121/><V110/><F104/><W109/><G57/><T2/><D2/><U25/><E130/><V43/><F43/><W18/><G30/><T4/><D4/><U108/><E108/><N who="3" m="41546" /><G46/><T66/><D66/><U80/><E80/><V60/><F110/><W61/><G61/><T83/><D91/><AGARI ba="1,1" hai="16,17,20,22,25,27,48,49,50,84,86,91,93,97" machi="91" ten="40,5200,0" yaku="9,1,8,1,54,1" doraHai="41" who="1" fromWho="0" sc="182,-55,484,65,273,0,51,0" owari="127,-27.0,549,65.0,273,7.0,51,-45.0" /></mjloggm>