<mjloggm ver="2.3"><GO type="169" lobby="0"/><UN n0="%72%79%6F%E2%80%A6%31%35" n1="%E5%B0%B1%E6%B4%BB%E7%94%9F%40%E5%B7%9D%E6%9D%91%E8%BB%8D%E5%9B%A3" n2="%54%2E%54%2E%38" n3="%77%61%77%61%33%30%33%30" dan="17,16,16,16" rate="2202.43,2046.78,2118.41,2139.04" sx="M,M,M,M"/><TAIKYOKU oya="0"/><INIT seed="0,0,0,5,2,76" ten="250,250,250,250" oya="0" hai0="108,43,92,58,86,49,120,54,7,118,62,52,110" hai1="25,28,67,95,135,121,59,102,17,128,75,127,99" hai2="97,107,93,42,27,113,81,31,111,21,82,24,117" hai3="14,13,47,133,98,9,134,32,48,33,68,70,90"/><T26/><D118/><U61/><E75/><V8/><F107/><W18/><G68/><T71/><D120/><U114/><E121/><V112/><F117/><W77/><G70/><T130/><D7/><U87/><E114/><V15/><F42/><W34/><G77/><T85/><D130/><U50/><E128/><V124/><F124/><W88/><G14/><T64/><D43/><U115/><E115/><V106/><F106/><W11/><G11/><T35/><D92/><U44/><E135/><N who="3" m="51722" /><G98/><T40/><D40/><AGARI ba="0,0" hai="9,13,18,32,33,34,40,47,48,88,90" m="51722" machi="40" ten="40,2600,0" yaku="20,1,54,1" doraHai="76" who="3" fromWho="0" sc="250,-26,250,0,250,0,250,26" /><INIT seed="1,0,0,2,3,34" ten="224,250,250,276" oya="1" hai0="53,11,35,96,65,46,114,74,13,3,79,85,70" hai1="15,29,132,57,67,133,66,126,7,5,118,90,76" hai2="50,6,47,4,41,86,69,83,78,61,45,42,54" hai3="26,92,43,116,31,129,91,100,48,9,19,95,121"/><U125/><E76/><V112/><F112/><W93/><G116/><T55/><D35/><U23/><E57/><V32/><F32/><W119/><G119/><T101/><D74/><U98/><E98/><V38/><F69/><W81/><G129/><T106/><D114/><U40/><E40/><V77/><F77/><W99/><G121/><T80/><D3/><U134/><E90/><V10/><F61/><W8/><G19/><T84/><D84/><U117/><E66/><V102/><F102/><W21/><G81/><T97/><D97/><U14/><E67/><V122/><F122/><W1/><G1/><T16/><REACH who="0" step="1"/><D46/><REACH who="0" ten="214,250,250,276" step="2"/><U75/><E75/><V115/><F115/><W127/><G99/><T135/><D135/><U56/><E56/><V64/><F64/><W120/><G120/><T25/><D25/><N who="1" m="16575" /><E117/><V88/><F78/><W49/><G100/><T82/><D82/><U12/><E118/><V68/><F68/><W73/><G26/><T108/><D108/><U89/><E89/><V110/><F110/><W111/><G91/><T72/><D72/><U33/><E33/><V59/><REACH who="2" step="1"/><F10/><REACH who="2" ten="214,250,240,276" step="2"/><W60/><G9/><T103/><D103/><U62/><E62/><AGARI ba="0,2" hai="11,13,16,53,55,62,65,70,79,80,85,96,101,106" machi="62" ten="40,8000,1" yaku="1,1,54,1,53,2" doraHai="34" doraHaiUra="51" who="0" fromWho="1" sc="214,100,250,-80,240,0,276,0" /><INIT seed="2,0,0,4,0,79" ten="314,170,240,276" oya="2" hai0="118,95,18,8,110,75,61,14,103,84,113,116,127" hai1="99,27,90,5,3,7,80,68,59,121,37,93,130" hai2="50,64,51,74,57,23,77,48,126,134,19,36,12" hai3="76,115,129,38,120,105,88,70,45,58,63,91,92"/><V100/><F36/><W34/><G120/><T65/><D110/><U31/><E68/><V89/><F134/><W66/><G34/><T119/><D113/><U44/><E130/><V72/><F126/><W96/><G115/><T46/><D75/><U49/><E121/><V15/><F100/><W133/><G129/><T122/><D122/><U81/><E37/><V40/><F40/><W67/><G133/><T55/><D127/><U39/><E59/><V109/><F109/><W104/><G76/><T82/><D46/><U132/><E39/><V111/><F111/><W25/><G25/><T108/><D108/><U4/><E3/><V52/><F64/><W22/><G22/><T60/><D55/><U35/><REACH who="1" step="1"/><E132/><REACH who="1" ten="314,160,240,276" step="2"/><V41/><F41/><AGARI ba="0,1" hai="4,5,7,27,31,35,41,44,49,80,81,90,93,99" machi="41" ten="40,8000,1" yaku="1,1,2,1,52,2,53,1" doraHai="79" doraHaiUra="24" who="1" fromWho="2" sc="314,0,160,90,240,-80,276,0" /><INIT seed="3,0,0,0,2,123" ten="314,250,160,276" oya="3" hai0="39,61,29,126,76,14,23,113,59,99,86,43,112" hai1="129,105,106,44,2,79,134,40,6,7,125,133,36" hai2="52,89,115,108,15,54,131,38,53,116,101,84,18" hai3="10,91,12,68,95,110,132,21,32,50,58,1,94"/><W75/><G68/><T118/><D118/><U103/><E125/><V57/><F116/><W5/><G75/><T27/><D126/><U74/><E129/><V30/><F115/><N who="0" m="44106" /><D43/><U83/><E7/><V90/><F131/><W0/><G132/><N who="1" m="50794" /><E103/><V88/><F38/><W9/><G32/><T81/><D99/><U104/><E104/><V77/><F108/><W67/><G110/><T62/><D39/><U127/><E127/><V60/><F101/><W28/><G94/><T72/><D14/><U119/><E119/><V63/><F30/><W114/><G114/><T93/><D59/><U71/><E71/><V48/><F77/><W66/><G28/><T19/><D29/><U122/><E122/><V34/><F34/><W128/><G128/><T41/><D41/><U35/><E35/><V55/><REACH who="2" step="1"/><F84/><REACH who="2" ten="314,250,150,276" step="2"/><W64/><G91/><AGARI ba="0,1" hai="19,23,27,61,62,72,76,81,86,91,93" m="44106" machi="91" ten="30,1000,0" yaku="11,1" doraHai="123" who="0" fromWho="3" sc="314,20,250,0,150,0,276,-10" /><INIT seed="4,0,0,4,5,34" ten="334,250,150,266" oya="0" hai0="107,10,66,13,132,48,59,99,121,19,56,6,39" hai1="75,61,80,65,128,92,9,68,27,110,64,105,60" hai2="50,72,38,22,91,37,12,20,135,33,78,16,2" hai3="81,77,7,31,23,21,93,0,40,43,25,41,124"/><T120/><D39/><U131/><E110/><V102/><F135/><W114/><G114/><T97/><D132/><U86/><E105/><V71/><F33/><W83/><G124/><T45/><D120/><U90/><E27/><V96/><F71/><W53/><G93/><T17/><D121/><U35/><E35/><V108/><F108/><W49/><G23/><T118/><D118/><U133/><E133/><V100/><F100/><W63/><G63/><N who="0" m="38247" /><D59/><U116/><E116/><V126/><F126/><W46/><REACH who="3" step="1"/><G77/><REACH who="3" ten="334,250,150,256" step="2"/><T26/><D107/><U130/><E92/><V85/><F22/><W1/><G1/><T106/><D106/><U76/><E76/><V89/><F2/><W123/><G123/><T55/><D26/><U14/><E75/><V84/><F78/><W67/><G67/><N who="1" m="25674" /><E68/><V69/><F72/><W42/><N who="3" m="10240" /><DORA hai="73" /><W127/><G127/><T32/><D32/><U36/><E36/><V103/><F69/><W15/><G15/><T122/><D122/><U119/><E119/><V29/><F38/><W18/><G18/><AGARI ba="0,1" hai="6,10,13,17,18,19,45,48,55,97,99" m="38247" machi="18" ten="30,1500,0" yaku="8,1" doraHai="34,73" who="0" fromWho="3" sc="334,25,250,0,150,0,256,-15" /><AGARI ba="0,0" hai="9,14,18,60,61,80,86,90,128,130,131" m="25674" machi="18" ten="30,1000,0" yaku="19,1" doraHai="34,73" who="1" fromWho="3" sc="359,0,250,10,150,0,241,-10" /><INIT seed="4,1,0,4,2,5" ten="359,260,150,231" oya="0" hai0="108,29,98,82,39,35,53,63,79,13,10,132,50" hai1="95,77,122,65,91,66,124,52,0,59,14,86,48" hai2="71,47,32,19,3,40,134,118,38,69,23,121,34" hai3="31,102,15,96,25,41,104,129,114,97,46,27,4"/><T113/><D113/><U94/><E0/><V75/><F121/><W120/><G114/><T112/><D112/><U76/><E122/><V92/><F118/><W123/><G129/><T100/><D39/><U93/><E124/><V105/><F134/><W73/><G73/><T57/><D132/><U128/><E128/><V103/><F105/><W49/><G97/><T51/><D108/><U36/><E36/><V70/><F75/><W6/><G27/><T85/><D29/><U81/><REACH who="1" step="1"/><E14/><REACH who="1" ten="359,250,150,231" step="2"/><V125/><F3/><W7/><REACH who="3" step="1"/><G15/><REACH who="3" ten="359,250,150,221" step="2"/><T26/><D26/><U2/><E2/><V43/><F125/><W111/><G111/><T110/><D110/><U61/><E61/><V9/><F38/><W133/><G133/><T88/><D63/><U16/><E16/><V18/><F19/><W12/><G12/><T83/><D13/><U80/><E80/><V116/><F18/><W106/><G106/><T54/><D83/><U62/><E62/><V56/><F92/><W72/><G72/><T89/><D82/><U101/><E101/><V58/><F103/><W45/><G45/><T126/><D100/><U131/><E131/><V74/><F47/><W42/><G42/><T44/><D126/><U33/><E33/><AGARI ba="1,2" hai="4,6,7,25,31,33,41,46,49,96,102,104,120,123" machi="33" ten="40,1300,0" yaku="1,1,53,0" doraHai="5" doraHaiUra="87" who="3" fromWho="1" sc="359,0,250,-16,150,0,221,36" /><INIT seed="5,0,0,1,5,100" ten="359,234,150,257" oya="1" hai0="103,90,97,47,43,107,119,78,112,41,129,71,6" hai1="72,1,15,134,120,58,67,77,133,86,29,94,17" hai2="68,39,92,75,135,66,16,104,114,118,53,25,110" hai3="80,122,124,26,89,56,125,101,132,62,44,111,123"/><U61/><E72/><V76/><F135/><W13/><G111/><T24/><D119/><U32/><E1/><V115/><F118/><W48/><G132/><N who="1" m="50794" /><E120/><V117/><F117/><W73/><G101/><T108/><D108/><U95/><E29/><V21/><F110/><W4/><G26/><T12/><D71/><U36/><E32/><V74/><F39/><W23/><G73/><T83/><D112/><N who="2" m="43050" /><F76/><W102/><G102/><T60/><D78/><U105/><E105/><V35/><F35/><W109/><G89/><T99/><D107/><U126/><E126/><N who="3" m="48746" /><G80/><T96/><D103/><U57/><E57/><V14/><F104/><W20/><G4/><T2/><D2/><U121/><E121/><N who="3" m="46090" /><G13/><T38/><D6/><U10/><E36/><V9/><F92/><W50/><G50/><T5/><D38/><U33/><E33/><V59/><F75/><W40/><G109/><T11/><D5/><U64/><E64/><AGARI ba="0,0" hai="20,23,40,44,48,56,62,64" m="46090,48746" machi="64" ten="30,1000,0" yaku="18,1" doraHai="100" who="3" fromWho="1" sc="359,0,234,-10,150,0,257,10" /><INIT seed="6,0,0,2,5,94" ten="359,224,150,267" oya="2" hai0="12,28,52,2,113,56,54,16,85,63,79,122,83" hai1="127,65,34,8,0,75,73,131,103,72,68,112,133" hai2="60,92,132,27,120,109,45,50,74,110,31,44,17" hai3="124,51,123,102,108,67,18,84,3,36,91,59,128"/><V21/><F74/><W14/><G3/><T66/><D122/><U62/><E112/><V42/><F120/><W78/><G36/><T121/><D121/><U90/><E90/><V19/><F132/><W118/><G108/><T86/><D2/><U24/><E131/><V11/><F11/><W93/><G118/><T69/><D113/><U135/><E127/><V22/><F60/><W9/><G124/><T5/><D5/><N who="1" m="1063" /><E103/><V57/><F57/><W26/><G128/><T71/><D28/><AGARI ba="0,0" hai="24,28,34,62,65,68,72,73,75,133,135" m="1063" machi="28" ten="40,1300,0" yaku="23,1" doraHai="94" who="1" fromWho="0" sc="359,-13,224,13,150,0,267,0" /><INIT seed="7,0,0,2,1,125" ten="346,237,150,267" oya="3" hai0="76,61,120,51,114,34,104,80,111,35,135,5,52" hai1="90,109,116,108,81,71,49,11,57,78,131,96,23" hai2="99,14,42,69,27,54,45,65,22,44,1,117,60" hai3="6,55,56,110,32,62,33,7,82,3,91,128,132"/><W46/><G110/><T4/><D104/><U70/><E116/><V86/><F1/><W29/><G132/><T36/><D36/><U13/><E23/><V100/><F117/><W17/><G128/><T41/><D61/><U105/><E131/><V98/><F86/><W15/><G3/><T123/><D41/><U39/><E39/><V134/><F134/><W20/><G46/><T10/><D114/><U130/><E130/><V84/><F84/><W93/><G82/><T95/><D5/><U124/><E124/><V106/><F98/><W121/><G121/><T79/><D111/><U25/><E25/><V101/><F100/><W50/><G62/><T97/><D79/><U26/><E26/><V63/><F14/><W9/><G29/><T21/><D21/><U75/><E108/><V74/><F74/><W0/><REACH who="3" step="1"/><G7/><REACH who="3" ten="346,237,150,257" step="2"/><T67/><D135/><U127/><E109/><V2/><F2/><W88/><G88/><T66/><D123/><U16/><E127/><V103/><F103/><W126/><G126/><T112/><D120/><U73/><E73/><V31/><F45/><W107/><G107/><T94/><D80/><U8/><E105/><V129/><F129/><W72/><G72/><T89/><D89/><U53/><E90/><V24/><F60/><W64/><G64/><T102/><D67/><U30/><E30/><V40/><F27/><W58/><G58/><N who="0" m="33055" /><D66/><U12/><E96/><AGARI ba="0,1" hai="0,6,9,15,17,20,32,33,50,55,56,91,93,96" machi="96" ten="30,2900,0" yaku="1,1,7,1,53,0" doraHai="125" doraHaiUra="119" who="3" fromWho="1" sc="346,0,237,-29,150,0,257,39" /><INIT seed="7,1,0,3,3,102" ten="346,208,150,296" oya="3" hai0="86,56,66,77,124,112,6,60,19,20,45,61,22" hai1="38,64,125,48,42,134,119,29,76,128,26,100,33" hai2="17,39,14,21,44,75,13,23,54,35,93,73,120" hai3="34,121,126,55,46,78,51,40,28,81,106,116,95"/><W89/><G116/><T123/><D123/><U104/><E48/><V3/><F3/><W113/><G121/><T94/><D124/><U133/><E119/><V41/><F120/><W72/><G126/><T109/><D109/><U82/><E125/><V69/><F69/><W99/><G113/><T80/><D112/><U25/><E128/><V74/><F35/><W107/><REACH who="3" step="1"/><G40/><REACH who="3" ten="346,208,150,286" step="2"/><T27/><D6/><U115/><E42/><V32/><F32/><W24/><AGARI ba="1,1" hai="24,28,34,46,51,55,72,78,81,89,95,99,106,107" machi="24" ten="30,18000,2" yaku="1,1,2,1,0,1,52,2,53,1" doraHai="102" doraHaiUra="91" who="3" fromWho="3" sc="346,-61,208,-61,150,-61,286,193" owari="285,9.0,147,-25.0,89,-41.0,479,57.0" /></mjloggm>