<mjloggm ver="2.3"><GO type="169" lobby="0"/><UN n0="%E3%82%84%E3%81%BE%E3%83%BC%E3%82%93" n1="%E3%82%A6%E3%83%AB%E3%83%88%E3%83%A9%E7%AB%8B%E7%9B%B4" n2="%72%6F%6F%74%21" n3="%E9%9B%80%E6%97%A5%E9%80%A3%E7%99%BD%E6%B3%A2%E7%80%AC" dan="16,16,16,16" rate="2124.10,2122.12,2126.49,2050.06" sx="M,M,M,M"/><TAIKYOKU oya="0"/><INIT seed="0,0,0,1,1,96" ten="250,250,250,250" oya="0" hai0="64,5,28,91,76,102,90,45,118,129,2,85,54" hai1="52,25,115,62,31,46,101,68,20,21,121,66,83" hai2="111,89,119,116,79,103,29,4,11,99,110,16,82" hai3="9,126,105,94,42,43,97,48,38,56,10,95,44"/><T32/><D118/><N who="2" m="45098" /><F29/><W135/><G135/><T67/><D129/><U27/><E121/><V53/><F53/><W0/><G126/><T98/><D2/><U15/><E115/><V88/><F4/><W130/><G130/><T81/><D5/><U34/><E83/><V78/><F11/><W124/><G124/><T120/><D120/><U73/><E73/><N who="2" m="43343" /><F16/><W100/><G0/><T108/><D108/><N who="2" m="41514" /><F79/><W114/><G114/><T132/><D132/><U37/><E15/><V47/><F47/><W63/><G38/><T23/><D32/><U50/><E37/><V113/><F113/><W41/><G41/><T26/><D45/><U12/><E12/><V19/><F19/><W14/><G43/><T60/><D54/><U71/><E71/><V1/><F1/><W134/><G134/><T122/><D122/><U117/><E117/><V93/><AGARI ba="0,0" hai="88,89,93,99,103" m="41514,43343,45098" machi="93" ten="30,12000,2" yaku="12,1,14,1,34,2,52,1,54,1" doraHai="96" who="2" fromWho="2" sc="250,-60,250,-30,250,120,250,-30" /><INIT seed="1,0,0,2,5,125" ten="190,220,370,220" oya="1" hai0="110,89,50,81,65,15,100,64,19,39,85,21,0" hai1="109,73,104,83,60,27,30,58,67,36,25,31,11" hai2="9,103,101,2,75,72,128,35,6,23,46,59,24" hai3="4,42,14,54,43,87,68,76,95,34,7,17,79"/><U123/><E123/><V10/><F128/><W93/><G68/><T45/><D110/><U38/><E109/><V118/><F118/><W124/><G34/><T105/><D39/><U98/><E11/><V131/><F131/><W107/><G107/><T1/><D1/><U47/><E47/><V41/><F35/><W22/><G124/><T102/><D0/><U37/><E83/><V113/><F113/><W26/><G54/><T5/><D5/><N who="3" m="2121" /><G26/><T63/><D105/><U40/><E73/><V92/><F10/><W82/><G79/><T66/><REACH who="0" step="1"/><D63/><REACH who="0" ten="180,220,370,220" step="2"/><U53/><E37/><V52/><F2/><W108/><G108/><T44/><D44/><U29/><E38/><V119/><F6/><W70/><G70/><T8/><D8/><U62/><E36/><V55/><F9/><W48/><G48/><T112/><D112/><U57/><REACH who="1" step="1"/><E40/><AGARI ba="0,1" hai="14,17,22,40,42,43,76,82,87,93,95" m="2121" machi="40" ten="30,1000,0" yaku="8,1" doraHai="125" who="3" fromWho="1" sc="180,0,220,-10,370,0,220,20" /><AGARI ba="0,0" hai="15,19,21,40,45,50,64,65,66,81,85,89,100,102" machi="40" ten="40,2600,0" yaku="1,1,8,1,53,0" doraHai="125" doraHaiUra="3" who="0" fromWho="1" sc="180,26,210,-26,370,0,240,0" /><INIT seed="2,0,0,1,5,5" ten="206,184,370,240" oya="2" hai0="121,116,135,71,88,79,99,8,43,1,69,98,41" hai1="29,103,17,26,72,51,11,2,49,111,100,86,115" hai2="76,68,102,128,37,84,114,34,110,38,57,127,87" hai3="64,0,124,74,93,117,70,48,44,92,13,33,125"/><V40/><F114/><W19/><G0/><T55/><D121/><U77/><E72/><V130/><F34/><W36/><G36/><N who="2" m="13929" /><F68/><W39/><G39/><T20/><D135/><U132/><E111/><V60/><F40/><N who="3" m="24583" /><G33/><T89/><D79/><U120/><E132/><V27/><F127/><N who="3" m="48715" /><G74/><T122/><D20/><U82/><E120/><V25/><F102/><W85/><G117/><T83/><D83/><U46/><E115/><V118/><F118/><W96/><G85/><N who="2" m="32841" /><F76/><W75/><G75/><T24/><D116/><U47/><E47/><V134/><F134/><W31/><G31/><T59/><D71/><U107/><E107/><V23/><F110/><W97/><G64/><T61/><D69/><U9/><E2/><V104/><F104/><W50/><G50/><N who="1" m="18954" /><E46/><V62/><F57/><W15/><G70/><T30/><D122/><U129/><E129/><N who="2" m="49771" /><F23/><W63/><G63/><AGARI ba="0,0" hai="25,27,60,62,63" m="49771,32841,13929" machi="63" ten="40,7700,0" yaku="28,2,19,1" doraHai="5" who="2" fromWho="3" sc="206,0,184,0,370,77,240,-77" /><INIT seed="2,1,0,3,4,48" ten="206,184,447,163" oya="2" hai0="110,96,104,31,125,15,33,97,87,32,2,62,14" hai1="112,18,47,92,25,118,23,43,22,17,50,30,28" hai2="101,21,44,135,4,78,35,130,36,38,10,11,16" hai3="54,76,37,115,117,79,100,72,124,64,8,29,129"/><V7/><F35/><W98/><G117/><T127/><D2/><U131/><E118/><V71/><F71/><W108/><G124/><N who="0" m="47691" /><D87/><U70/><E70/><V123/><F123/><W94/><G129/><T49/><D49/><U26/><E112/><V63/><F135/><W106/><G115/><T74/><D74/><U82/><E131/><V84/><F63/><W126/><G126/><T80/><D80/><U57/><E82/><V102/><F130/><W6/><G108/><T103/><D62/><U122/><E122/><V91/><F78/><W58/><G64/><T75/><D75/><U53/><REACH who="1" step="1"/><E92/><REACH who="1" ten="206,174,447,163" step="2"/><V67/><F4/><W46/><G94/><T114/><D114/><U40/><E40/><V13/><F7/><W83/><G6/><T19/><D110/><U27/><E27/><V12/><F13/><W0/><G106/><T89/><D14/><U88/><E88/><V107/><F12/><W66/><G83/><T86/><D104/><U113/><E113/><V45/><F91/><W24/><G0/><T99/><D103/><U90/><E90/><V95/><F102/><W73/><G100/><T77/><D77/><U20/><E20/><V39/><F101/><W93/><G79/><T3/><D33/><U69/><E69/><V56/><F95/><W59/><G76/><T55/><D32/><U132/><E132/><V134/><F107/><W5/><G93/><N who="0" m="54455" /><D3/><U60/><AGARI ba="1,1" hai="17,18,22,23,25,26,28,30,43,47,50,53,57,60" machi="60" ten="20,12000,2" yaku="1,1,0,1,7,1,9,1,8,1,52,1,53,1" doraHai="48" doraHaiUra="52" who="1" fromWho="1" sc="206,-31,174,133,447,-61,163,-31" /><INIT seed="3,0,0,2,2,4" ten="175,307,386,132" oya="3" hai0="94,77,24,58,14,109,106,29,46,93,17,53,5" hai1="131,1,111,62,60,69,124,30,71,26,47,15,7" hai2="110,64,121,31,75,25,8,108,38,33,87,59,65" hai3="105,100,116,49,45,134,16,132,99,80,42,63,82"/><W40/><G116/><T10/><D109/><N who="2" m="42090" /><F75/><W120/><G120/><T37/><D106/><U48/><E1/><V128/><F38/><W57/><G42/><T72/><D72/><U101/><E111/><V13/><F128/><W117/><G117/><T11/><D46/><U44/><E131/><V56/><F121/><W70/><G70/><T23/><D77/><U19/><E7/><N who="2" m="3231" /><F87/><W89/><G16/><T95/><D37/><U119/><E119/><V51/><F51/><W52/><REACH who="3" step="1"/><G89/><REACH who="3" ten="175,307,386,122" step="2"/><T102/><D102/><U18/><E18/><V86/><F31/><W79/><G79/><T90/><D90/><U3/><E71/><V20/><F20/><W28/><G28/><T81/><D81/><AGARI ba="0,1" hai="40,45,49,52,57,63,80,81,82,99,100,105,132,134" machi="81" ten="40,7700,0" yaku="1,1,54,1,53,1" doraHai="4" doraHaiUra="36" who="3" fromWho="0" sc="175,-77,307,0,386,0,122,87" /><INIT seed="3,1,0,0,0,127" ten="98,307,386,209" oya="3" hai0="88,54,22,5,101,90,83,71,3,28,21,59,56" hai1="128,117,74,130,55,24,40,100,43,92,39,98,89" hai2="23,51,36,112,82,106,2,29,30,62,11,70,114" hai3="42,35,31,46,61,116,32,10,33,58,52,41,87"/><W122/><G122/><T94/><D71/><U132/><E74/><V9/><F36/><W95/><G116/><T25/><D3/><U20/><E117/><V47/><F106/><W45/><G31/><T27/><D5/><U121/><E121/><V129/><F129/><N who="1" m="49769" /><E132/><V16/><F82/><W13/><G87/><T18/><D83/><U86/><E55/><V85/><F112/><W75/><G75/><T1/><D1/><U81/><E39/><V107/><F114/><W78/><G78/><T99/><REACH who="0" step="1"/><D59/><REACH who="0" ten="88,307,386,209" step="2"/><U124/><E124/><V119/><F2/><W4/><REACH who="3" step="1"/><G95/><REACH who="3" ten="88,307,386,199" step="2"/><T133/><D133/><U53/><E81/><V79/><F119/><W7/><G7/><T96/><D96/><U12/><E86/><V49/><F85/><W111/><G111/><T26/><D26/><U50/><E24/><V84/><F84/><W66/><G66/><T57/><D57/><U131/><E131/><V77/><F107/><W67/><G67/><T8/><D8/><U123/><E123/><V115/><F11/><W19/><G19/><T6/><D6/><U91/><E20/><V135/><F9/><W76/><G76/><T63/><AGARI ba="1,2" hai="18,21,22,25,27,28,54,56,63,88,90,94,99,101" machi="63" ten="20,8000,1" yaku="1,1,0,1,7,1,8,1,54,1,53,0" doraHai="127" doraHaiUra="65" who="0" fromWho="0" sc="88,103,307,-21,386,-21,199,-41" /><INIT seed="4,0,0,1,3,2" ten="191,286,365,158" oya="0" hai0="58,44,25,97,113,67,94,61,82,42,103,120,70" hai1="130,53,5,76,16,59,73,69,101,111,75,79,21" hai2="80,77,88,60,4,121,49,0,105,112,64,9,126" hai3="26,17,114,38,50,43,52,41,125,6,104,116,22"/><T99/><D120/><U100/><E69/><V33/><F112/><W29/><G116/><T51/><D113/><U36/><E36/><V109/><F109/><W66/><G114/><T3/><D3/><U89/><E111/><V35/><F126/><W7/><G125/><T96/><D82/><U48/><E130/><V81/><F105/><W54/><G104/><T122/><D122/><U106/><E106/><V40/><F121/><W28/><G66/><T135/><D135/><U8/><E89/><V131/><F131/><W27/><G38/><T71/><D70/><U34/><E34/><V24/><F24/><W15/><G27/><T68/><D68/><U39/><E39/><V10/><F10/><N who="3" m="6391" /><G29/><T123/><D123/><U45/><E45/><V47/><F81/><W37/><G37/><T20/><D71/><U63/><E63/><V132/><F132/><W102/><G102/><N who="1" m="39530" /><E75/><V57/><F88/><W128/><G128/><T118/><D118/><U117/><E73/><AGARI ba="0,0" hai="0,4,9,33,35,40,47,49,57,60,64,73,77,80" machi="73" ten="30,2000,0" yaku="7,1,52,1" doraHai="2" who="2" fromWho="1" sc="191,0,286,-20,365,20,158,0" /><INIT seed="5,0,0,4,2,55" ten="191,266,385,158" oya="1" hai0="101,7,18,51,59,67,80,46,108,112,73,97,86" hai1="114,50,110,128,21,36,127,23,15,113,123,41,117" hai2="104,12,119,16,106,118,37,78,68,1,44,6,39" hai3="22,92,70,11,85,105,62,124,65,84,98,5,45"/><U9/><E36/><V29/><F68/><W90/><G124/><T8/><D108/><U74/><E74/><V25/><F78/><W134/><G134/><T96/><D73/><U26/><E41/><V27/><F1/><W57/><G105/><T20/><D112/><N who="1" m="43115" /><E50/><V102/><F6/><W87/><G22/><T129/><D129/><U61/><E61/><V120/><F120/><W109/><G109/><T19/><D19/><N who="1" m="12671" /><E110/><V40/><F39/><W122/><G122/><T91/><D101/><U43/><E43/><V125/><F125/><W69/><REACH who="3" step="1"/><G45/><REACH who="3" ten="191,266,385,148" step="2"/><T130/><D130/><U131/><E127/><V48/><F104/><W54/><G54/><N who="0" m="30071" /><D8/><U42/><E123/><V132/><F106/><W72/><G72/><T14/><D7/><N who="1" m="3519" /><E42/><V28/><F40/><W31/><G31/><T79/><D20/><U115/><E115/><V13/><F44/><W3/><AGARI ba="0,1" hai="3,5,11,57,62,65,69,70,84,85,87,90,92,98" machi="3" ten="30,7900,0" yaku="1,1,0,1,52,1,53,1" doraHai="55" doraHaiUra="95" who="3" fromWho="3" sc="191,-20,266,-39,385,-20,148,89" /><INIT seed="6,0,0,3,4,68" ten="171,227,365,237" oya="2" hai0="58,85,11,30,135,69,111,93,6,48,128,50,94" hai1="129,23,67,13,25,66,10,39,14,112,119,126,100" hai2="61,62,83,37,0,7,65,16,127,71,19,102,88" hai3="121,3,41,105,108,98,18,43,73,77,44,116,78"/><V103/><F127/><W34/><G121/><T91/><D111/><U70/><E119/><V28/><F28/><W132/><G116/><T47/><D128/><U97/><E129/><V72/><F61/><W125/><G108/><T49/><D135/><U82/><E126/><V118/><F118/><W9/><G125/><T46/><D69/><U115/><E82/><V122/><F122/><W123/><G41/><T120/><D120/><U15/><E10/><V92/><F37/><N who="3" m="21615" /><G77/><T38/><D30/><U110/><E39/><V57/><F71/><W56/><G56/><T113/><D113/><N who="1" m="43595" /><E70/><V4/><F72/><W53/><G53/><T45/><D38/><U51/><E51/><V76/><F0/><W63/><G63/><T117/><D117/><U99/><E99/><N who="2" m="57735" /><F83/><W27/><G123/><T80/><REACH who="0" step="1"/><D58/><REACH who="0" ten="161,227,365,237" step="2"/><U101/><E110/><V131/><F131/><W32/><G132/><T33/><D33/><U106/><E101/><N who="2" m="38411" /><F76/><W104/><G78/><T52/><D52/><U133/><E133/><V130/><F130/><W86/><G34/><T42/><D42/><U109/><E109/><V107/><F107/><W2/><G32/><T81/><D81/><U26/><E23/><V29/><F29/><W95/><G105/><T21/><D21/><U54/><E54/><V124/><F124/><W134/><G104/><T31/><D31/><U20/><E20/><V17/><AGARI ba="0,1" hai="4,7,16,17,19,57,62,65" m="38411,57735" machi="17" ten="30,6000,0" yaku="8,1,54,2" doraHai="68" who="2" fromWho="2" sc="161,-20,227,-20,365,70,237,-20" /><INIT seed="6,1,0,4,5,2" ten="141,207,435,217" oya="2" hai0="61,42,58,4,65,117,60,54,28,48,8,74,16" hai1="38,53,66,34,101,94,93,86,43,102,39,31,98" hai2="81,51,26,111,41,35,88,20,125,15,89,115,73" hai3="0,33,9,135,80,71,36,112,120,85,97,133,79"/><V24/><F115/><W7/><G120/><T72/><D117/><U40/><E66/><V132/><F125/><W29/><G71/><T27/><D60/><U49/><E31/><V96/><F132/><N who="3" m="50763" /><G97/><T109/><D109/><U127/><E34/><V118/><F35/><W64/><G64/><T116/><D116/><U12/><E127/><V18/><F73/><W75/><G85/><T19/><D42/><U84/><E12/><V56/><F81/><W124/><G124/><T92/><D92/><U129/><E129/><V6/><F111/><W122/><G36/><T14/><D72/><U44/><E53/><V69/><F69/><W21/><G21/><T90/><D90/><U110/><E110/><V32/><F89/><W83/><G83/><T37/><D37/><U108/><E108/><V52/><F41/><W87/><G87/><T55/><D74/><U46/><E49/><V123/><F118/><W130/><G122/><T22/><REACH who="0" step="1"/><D55/><REACH who="0" ten="131,207,435,217" step="2"/><U107/><E107/><V113/><F52/><W10/><G130/><T99/><D99/><AGARI ba="1,1" hai="38,39,40,43,44,46,84,86,93,94,98,99,101,102" machi="99" ten="40,5200,0" yaku="32,3" doraHai="2" who="1" fromWho="0" sc="131,-55,207,65,435,0,217,0" /><INIT seed="7,0,0,1,3,87" ten="76,272,435,217" oya="3" hai0="28,30,59,24,77,90,15,113,37,70,52,39,115" hai1="91,67,56,112,127,51,32,65,94,12,47,25,17" hai2="132,117,35,5,63,129,93,111,0,126,84,121,29" hai3="41,116,57,134,40,125,89,102,53,124,122,97,34"/><W73/><G73/><T38/><D70/><U103/><E103/><V49/><F111/><W72/><G72/><T114/><D77/><U43/><E112/><V92/><F35/><W26/><G122/><T31/><D15/><U83/><E83/><V4/><F0/><W64/><G116/><T1/><D1/><U99/><E127/><N who="3" m="48714" /><G64/><T131/><D131/><U23/><E56/><V123/><F132/><W75/><G75/><T33/><D33/><U20/><E32/><V81/><F129/><W66/><G66/><T7/><D7/><U10/><E23/><V69/><F63/><N who="3" m="36271" /><G134/><T3/><D3/><U82/><E82/><V74/><F69/><W68/><G68/><T18/><D90/><U14/><E14/><V105/><F74/><W128/><G128/><T110/><D110/><U8/><E8/><V80/><F117/><W120/><G120/><T27/><REACH who="0" step="1"/><D18/><AGARI ba="0,0" hai="10,12,17,18,20,25,43,47,51,65,67,91,94,99" machi="18" ten="30,3900,0" yaku="7,1,8,1,52,1" doraHai="87" who="1" fromWho="0" sc="76,-39,272,39,435,0,217,0" owari="37,-46.0,311,11.0,435,53.0,217,-18.0" /></mjloggm>