<mjloggm ver="2.3"><GO type="41" lobby="0"/><UN n0="%E9%B4%A8%E5%B7%9D%CE%94" n1="%72%61%6B%75%E6%9D%B1%E9%A2%A8%E8%8D%98" n2="%E6%A0%9E" n3="%E5%B0%B1%E6%B4%BB%E7%94%9F%40%E5%B7%9D%E6%9D%91%E8%BB%8D%E5%9B%A3" dan="14,13,13,15" rate="1821.72,1919.90,1883.91,2032.64" sx="M,M,F,M"/><TAIKYOKU oya="0"/><INIT seed="0,0,0,1,1,65" ten="250,250,250,250" oya="0" hai0="66,54,135,108,92,103,17,117,94,39,81,131,55" hai1="61,110,129,62,14,20,71,35,118,91,0,89,1" hai2="6,30,133,10,70,27,106,74,101,58,99,2,82" hai3="29,72,46,134,15,47,123,56,41,86,52,95,84"/><T16/><D117/><U8/><E35/><N who="2" m="20959" /><F58/><W79/><G123/><T12/><D39/><U87/><E129/><V105/><F133/><W4/><G134/><T13/><D135/><U75/><E118/><V28/><F28/><W21/><G72/><T40/><D131/><U23/><E89/><V122/><F122/><W43/><G29/><T32/><D32/><U11/><E75/><V69/><F105/><W80/><G47/><T114/><D114/><U107/><E107/><V31/><F31/><W93/><G84/><T124/><D40/><U60/><E71/><V18/><F18/><N who="0" m="7274" /><D124/><U37/><E37/><V125/><F125/><W100/><G46/><T67/><D108/><U109/><E91/><V83/><F83/><W38/><G21/><N who="1" m="8266" /><E87/><V24/><F24/><W119/><G38/><T19/><D81/><U49/><E49/><V42/><F42/><W104/><G104/><T97/><D92/><U7/><E11/><V96/><F96/><W48/><G119/><T121/><D121/><U51/><E51/><V26/><F26/><W5/><G5/><T45/><D45/><U120/><E120/><V77/><AGARI ba="0,0" hai="2,6,10,69,70,74,77,82,99,101,106" m="20959" machi="77" ten="30,7900,0" yaku="33,2,52,2" doraHai="65" who="2" fromWho="2" sc="250,-39,250,-20,250,79,250,-20" /><INIT seed="1,0,0,3,4,66" ten="211,230,329,230" oya="1" hai0="63,112,93,111,31,90,40,69,30,72,15,105,7" hai1="23,74,42,104,126,26,125,120,28,75,9,117,22" hai2="33,99,13,86,52,88,98,51,16,25,119,59,109" hai3="8,87,97,67,96,24,62,61,48,27,78,6,115"/><U53/><E104/><V14/><F119/><W1/><G115/><T44/><D111/><U47/><E117/><V4/><F33/><W133/><G133/><T37/><D112/><U118/><E118/><V36/><F36/><W49/><G87/><T45/><D72/><U18/><E120/><V19/><F109/><W123/><G78/><T34/><D105/><U73/><E53/><V91/><F25/><N who="3" m="9803" /><G123/><T12/><D34/><U92/><E92/><N who="2" m="54295" /><F91/><W17/><G67/><T113/><D113/><U54/><E54/><V80/><F80/><W130/><G130/><T101/><D101/><U10/><E23/><N who="2" m="11663" /><F4/><W95/><G95/><T35/><D35/><U102/><E102/><V122/><F122/><W107/><G107/><T5/><D93/><U135/><E135/><V46/><F46/><W21/><G8/><AGARI ba="0,0" hai="8,14,19,51,52,59,98,99" m="11663,54295" machi="8" ten="30,8000,1" yaku="25,1,8,1,54,3" doraHai="66" who="2" fromWho="3" sc="211,0,230,0,329,80,230,-80" /><INIT seed="2,0,0,3,4,52" ten="211,230,409,150" oya="2" hai0="120,85,92,30,83,10,29,108,103,25,90,22,121" hai1="70,39,65,11,44,40,12,43,7,79,78,86,50" hai2="17,60,27,4,1,61,99,37,82,54,117,55,45" hai3="76,116,32,66,111,35,102,31,96,74,122,23,80"/><V105/><F117/><W14/><G116/><T113/><D108/><U26/><E26/><V51/><F37/><W130/><G111/><T133/><D113/><U88/><E65/><V100/><F82/><W135/><G122/><T19/><D133/><U68/><E43/><V81/><F81/><W126/><G135/><T71/><D71/><U69/><REACH who="1" step="1"/><E39/><REACH who="1" ten="211,220,409,150" step="2"/><V34/><F27/><W131/><G66/><T114/><D121/><U107/><E107/><V33/><F34/><W112/><G112/><T87/><D120/><U2/><E2/><V95/><F33/><W57/><G35/><T64/><D64/><U93/><AGARI ba="0,1" hai="7,11,12,40,44,50,68,69,70,78,79,86,88,93" machi="93" ten="30,4000,0" yaku="1,1,0,1,54,1,53,0" doraHai="52" doraHaiUra="128" who="1" fromWho="1" sc="211,-10,220,50,409,-20,150,-10" /><INIT seed="3,0,0,2,2,31" ten="201,270,389,140" oya="3" hai0="55,99,24,19,98,3,77,23,82,100,96,66,107" hai1="121,85,21,8,110,13,75,109,25,36,87,93,33" hai2="56,10,130,2,76,59,91,71,79,127,125,78,92" hai3="7,86,104,103,120,102,60,39,4,73,54,18,58"/><W45/><G73/><T122/><D122/><U6/><E121/><V51/><F71/><W128/><G120/><T112/><D112/><U41/><E75/><V44/><F2/><W5/><G128/><T16/><D66/><U47/><E93/><V28/><F10/><W88/><G104/><T72/><D3/><U84/><REACH who="1" step="1"/><E33/><REACH who="1" ten="201,260,389,140" step="2"/><V129/><F130/><W15/><G39/><T30/><D107/><U42/><E42/><V81/><F129/><W22/><REACH who="3" step="1"/><G45/><REACH who="3" ten="201,260,389,130" step="2"/><T27/><D72/><U133/><E133/><V61/><F44/><W105/><G105/><T134/><D134/><U106/><E106/><V135/><F135/><W43/><G43/><T69/><D100/><U67/><E67/><V74/><F74/><W118/><G118/><T117/><D117/><U70/><E70/><V123/><F123/><W116/><G116/><T90/><D69/><U65/><E65/><V12/><F56/><W131/><G131/><T26/><D55/><U50/><E50/><V34/><F51/><W35/><G35/><T115/><D115/><U108/><E108/><V124/><F59/><W53/><G53/><T68/><D68/><U119/><E119/><V64/><F64/><W126/><G126/><T17/><D23/><U48/><E48/><V9/><F34/><W111/><G111/><T20/><D20/><U89/><E89/><V57/><F57/><W114/><G114/><T49/><D90/><U63/><E63/><V83/><F61/><W101/><G101/><T62/><D62/><U40/><E40/><V1/><F91/><W95/><AGARI ba="0,2" hai="4,5,7,15,18,22,54,58,60,86,88,95,102,103" machi="95" ten="30,11700,0" yaku="1,1,0,1,8,1,54,1,53,0" doraHai="31" doraHaiUra="37" who="3" fromWho="3" sc="201,-39,260,-39,389,-39,130,137" /><INIT seed="3,1,0,4,1,61" ten="162,221,350,267" oya="3" hai0="5,58,85,88,102,134,56,73,101,110,23,95,3" hai1="48,71,126,38,69,65,114,133,130,89,115,96,107" hai2="30,112,125,104,21,28,7,33,36,27,75,39,4" hai3="92,100,10,80,34,86,111,128,91,117,83,123,8"/><W45/><G34/><T9/><D110/><U64/><E107/><V44/><F104/><W90/><G123/><T135/><D73/><U98/><E89/><V116/><F75/><W62/><G117/><T53/><D23/><U105/><E105/><V32/><F112/><N who="1" m="43049" /><E38/><V43/><F116/><W93/><G128/><T108/><D108/><U132/><E130/><V6/><F125/><W76/><G111/><T13/><D3/><U1/><E48/><V74/><F74/><W17/><G100/><T99/><D102/><U129/><E129/><V78/><F78/><W14/><G8/><T118/><D118/><U57/><E57/><V26/><REACH who="2" step="1"/><F21/><REACH who="2" ten="162,221,340,267" step="2"/><W25/><G76/><T109/><D109/><U66/><E126/><V121/><F121/><W106/><G106/><T67/><D135/><N who="1" m="51787" /><E1/><V41/><F41/><W51/><G25/><T82/><D134/><U40/><E40/><V54/><F54/><N who="3" m="30063" /><G62/><N who="0" m="38359" /><D53/><U47/><E47/><V59/><F59/><AGARI ba="1,1" hai="5,9,13,56,59,82,85,88,95,99,101" m="38359" machi="59" ten="30,3900,0" yaku="8,1,52,1,54,1" doraHai="61" who="0" fromWho="2" sc="162,52,221,0,340,-42,267,0" /><INIT seed="4,0,0,0,3,46" ten="214,221,298,267" oya="0" hai0="94,88,3,122,91,24,10,45,4,85,100,56,96" hai1="44,62,20,25,111,21,98,117,43,87,39,27,28" hai2="5,105,108,57,65,102,107,33,12,135,77,84,47" hai3="72,63,121,130,66,104,16,14,119,132,6,134,31"/><T124/><D122/><U79/><E111/><V49/><F108/><W59/><G121/><T69/><D69/><U50/><E117/><V129/><F33/><W22/><G119/><T61/><D124/><U82/><E62/><V101/><F135/><N who="3" m="51755" /><G72/><T64/><D24/><U48/><E98/><V11/><F129/><W54/><G104/><T34/><D34/><U17/><AGARI ba="0,0" hai="17,20,21,25,27,28,39,43,44,48,50,79,82,87" machi="17" ten="20,5200,0" yaku="0,1,7,1,52,2" doraHai="46" who="1" fromWho="1" sc="214,-26,221,52,298,-13,267,-13" /><INIT seed="5,0,0,2,4,92" ten="188,273,285,254" oya="1" hai0="134,119,55,64,62,130,58,39,20,81,107,74,98" hai1="13,79,101,63,51,102,104,100,65,0,66,32,31" hai2="133,78,76,117,110,28,44,132,85,94,91,49,113" hai3="36,97,23,123,59,69,112,24,95,4,108,10,83"/><U25/><E0/><V89/><F110/><W12/><G108/><T43/><D119/><U52/><E79/><V126/><F117/><W56/><G69/><T109/><D109/><U128/><E13/><V135/><F28/><W116/><G36/><T42/><D134/><U11/><E11/><V21/><F126/><W40/><G116/><T84/><D130/><U120/><E128/><V77/><F89/><W75/><G112/><T45/><D43/><U29/><E120/><V5/><F5/><W87/><G75/><T105/><D74/><U127/><E127/><V99/><F21/><W17/><G40/><T33/><D33/><U103/><E31/><V124/><F124/><W70/><G70/><T96/><D20/><U71/><E66/><V46/><F113/><W82/><G123/><T1/><D1/><U14/><E14/><V2/><F2/><W106/><G106/><T122/><D122/><U118/><E118/><V35/><F35/><W121/><G121/><T115/><D115/><U26/><E26/><V27/><F27/><W48/><G48/><T86/><D64/><U114/><E114/><V73/><F73/><W80/><G87/><T72/><D72/><U6/><E6/><V34/><F34/><W38/><G38/><T37/><D37/><U30/><E30/><V54/><F44/><W18/><G18/><T67/><D67/><U129/><E129/><V125/><F125/><W16/><G17/><T68/><D68/><U61/><E61/><V88/><F91/><AGARI ba="0,0" hai="4,10,12,16,23,24,56,59,80,82,83,91,95,97" machi="91" ten="40,5200,0" yaku="8,1,52,1,54,1" doraHai="92" who="3" fromWho="2" sc="188,0,273,0,285,-52,254,52" /><INIT seed="6,0,0,5,4,38" ten="188,273,233,306" oya="2" hai0="117,129,67,37,83,57,66,78,120,93,16,81,99" hai1="119,54,98,121,101,9,20,50,122,80,30,55,70" hai2="112,135,96,49,131,21,109,133,114,125,108,107,71" hai3="46,91,92,11,65,23,84,100,22,15,47,103,33"/><V75/><F71/><W36/><G33/><T53/><D120/><U97/><E119/><V3/><F3/><W40/><G65/><T12/><D117/><U51/><E70/><V34/><F34/><W2/><G2/><T32/><D32/><U72/><E9/><V5/><F5/><W39/><G22/><T69/><D37/><U6/><E6/><V58/><F21/><W127/><G23/><T105/><D105/><U4/><E4/><V130/><F58/><W29/><G29/><T0/><D0/><U42/><E42/><V77/><F49/><N who="1" m="18441" /><E72/><V85/><F75/><W126/><G47/><T90/><D129/><N who="2" m="49162" /><F125/><N who="3" m="47627" /><G39/><T110/><D110/><N who="2" m="42602" /><F85/><W8/><G8/><N who="0" m="6151" /><D69/><U43/><E43/><V106/><F77/><W89/><G89/><T111/><D111/><U31/><E80/><N who="0" m="30793" /><D78/><U124/><E124/><V115/><F96/><N who="1" m="36969" /><E101/><V52/><F52/><N who="1" m="20009" /><E20/><V7/><F7/><AGARI ba="0,0" hai="7,11,15,36,40,46,84,91,92,100,103" m="47627" machi="7" ten="30,2000,0" yaku="18,1,52,1" doraHai="38" who="3" fromWho="2" sc="188,0,273,0,233,-20,306,20" /><INIT seed="7,0,0,3,1,1" ten="188,273,213,326" oya="3" hai0="63,89,16,23,12,44,35,114,60,129,126,10,124" hai1="14,57,13,127,107,108,34,87,104,112,6,42,131" hai2="31,100,4,80,70,69,52,18,67,30,110,113,15" hai3="37,49,61,133,75,3,77,56,76,38,99,134,21"/><W90/><G3/><T103/><D35/><U5/><E108/><V92/><F110/><W19/><G49/><T132/><D103/><U97/><E34/><V125/><F125/><W48/><G48/><T106/><D106/><U33/><E127/><N who="0" m="48681" /><D132/><N who="3" m="50793" /><G90/><T88/><D129/><U47/><E33/><V121/><F121/><W41/><G99/><T50/><D114/><U98/><E131/><V25/><F113/><W84/><G84/><T65/><D23/><U51/><E112/><V93/><F80/><N who="3" m="45087" /><G41/><N who="0" m="24847" /><D63/><U66/><E107/><V86/><F100/><W82/><G82/><T27/><D27/><U24/><E24/><V120/><F120/><W109/><G77/><T64/><D64/><U123/><E123/><V22/><F67/><N who="3" m="39335" /><G109/><T20/><D10/><U96/><E104/><V118/><F118/><W62/><G62/><T29/><D29/><U119/><E87/><V45/><F86/><W72/><G72/><T105/><D105/><U83/><E83/><V122/><F122/><W115/><G115/><T73/><D73/><U135/><E119/><V116/><F116/><W0/><G0/><T55/><D55/><U128/><E128/><V85/><F85/><W36/><G36/><T111/><D111/><U94/><E94/><V102/><F52/><W78/><G78/><T46/><D46/><U81/><E81/><V39/><F102/><W17/><G21/><T79/><D79/><U8/><E135/><V101/><F101/><W32/><G32/><T40/><D40/><U117/><E117/><V74/><F74/><W58/><G38/><T130/><D130/><U2/><E66/><RYUUKYOKU ba="0,0" sc="188,30,273,-10,213,-10,326,-10" hai0="12,16,20,60,65,88,89" owari="218,-18.0,263,6.0,203,-30.0,316,42.0" /></mjloggm>