<mjloggm ver="2.3"><GO type="225" lobby="0"/><UN n0="%E3%83%88%E3%83%88%E3%83%AA%E5%85%88%E7%94%9F%31%39%E6%AD%B3" n1="%56%65%6E%75%73%53%61%79" n2="%E3%82%82%E3%82%81%E3%82%93%E3%81%AA%E3%81%A1%E3%82%83%E3%81%84" n3="%73%2E%63%65%6C%74%79" dan="17,18,17,17" rate="2235.35,2259.47,2149.04,2166.11" sx="F,M,F,F"/><TAIKYOKU oya="0"/><INIT seed="0,0,0,0,0,85" ten="250,250,250,250" oya="0" hai0="108,106,61,74,64,11,0,4,55,132,57,43,112" hai1="110,123,125,5,94,97,24,81,40,53,73,7,14" hai2="51,89,83,39,6,49,44,86,135,25,100,111,96" hai3="34,17,62,65,91,33,80,58,42,13,63,90,59"/><T2/><D112/><U67/><E123/><V27/><F111/><W45/><G34/><T8/><D108/><U29/><E110/><V128/><F128/><W88/><G33/><T54/><D74/><U72/><E125/><V129/><F129/><W26/><G26/><T12/><D106/><U98/><E67/><V20/><F135/><W1/><G1/><T38/><D132/><U105/><E105/><V70/><F70/><W76/><G76/><T31/><D31/><U127/><E127/><V56/><F6/><W22/><G80/><T99/><D99/><U46/><E53/><V71/><F71/><W120/><G120/><T101/><D101/><U117/><E98/><V36/><F56/><W124/><G124/><T113/><D113/><U16/><E117/><V48/><F44/><W19/><G19/><T121/><D121/><U60/><E60/><V87/><F87/><W28/><G28/><T84/><D2/><U77/><E73/><V21/><F27/><W114/><G114/><T134/><D134/><U15/><E15/><V47/><F47/><W118/><G118/><T109/><D109/><U75/><E75/><V32/><F32/><W122/><G122/><T79/><D0/><U50/><E24/><V82/><F82/><W78/><G78/><T107/><D4/><U35/><E29/><V52/><F52/><N who="3" m="34119" /><G45/><N who="0" m="23799" /><D12/><U119/><E119/><V3/><F3/><W30/><G30/><T126/><D126/><U115/><E115/><V69/><F69/><W103/><G103/><T102/><D79/><U92/><E35/><V131/><F131/><W104/><G104/><RYUUKYOKU ba="0,0" sc="250,-10,250,-10,250,-10,250,30" hai3="13,17,22,42,59,63,65,88,90,91" /><INIT seed="1,1,0,1,2,21" ten="240,240,240,280" oya="1" hai0="76,65,48,134,56,59,28,17,35,19,11,96,84" hai1="9,42,107,41,5,126,22,33,2,1,80,45,82" hai2="53,121,52,135,101,67,112,12,90,4,63,89,103" hai3="85,81,39,3,104,123,8,69,38,94,128,105,83"/><U122/><E33/><V26/><F121/><W37/><G123/><T87/><D134/><U46/><E122/><V43/><F135/><W131/><G69/><T79/><D35/><U110/><E107/><N who="3" m="41034" /><G94/><T99/><D28/><U118/><E118/><V129/><F112/><W91/><G83/><T55/><D65/><U133/><E133/><V70/><F129/><N who="3" m="49739" /><G8/><T57/><D11/><U60/><E126/><V108/><F108/><W14/><G14/><T114/><D114/><U24/><E60/><V49/><F43/><W18/><G18/><N who="0" m="6667" /><D84/><U130/><E130/><V78/><F78/><N who="0" m="29738" /><D87/><U132/><E132/><V25/><F12/><W72/><G72/><T0/><D0/><AGARI ba="1,0" hai="0,3,37,38,39,81,85,91" m="49739,41034" machi="0" ten="40,1300,0" yaku="19,1" doraHai="21" who="3" fromWho="0" sc="240,-16,240,0,240,0,280,16" /><INIT seed="2,0,0,1,0,92" ten="224,240,240,296" oya="2" hai0="14,90,125,37,111,84,124,24,0,45,20,57,67" hai1="131,53,134,103,106,6,76,91,110,1,44,75,19" hai2="31,127,81,16,80,62,70,79,64,63,66,129,39" hai3="68,89,122,4,77,109,104,94,100,107,105,72,48"/><V71/><F129/><W126/><G68/><T29/><D0/><U10/><E131/><V36/><F127/><W9/><G122/><T74/><D74/><U47/><E134/><V108/><F108/><W5/><G109/><T21/><D111/><U130/><E110/><V112/><F112/><W38/><G38/><T15/><D67/><U102/><E130/><V65/><F65/><W96/><G126/><N who="0" m="48747" /><D57/><U43/><E91/><V115/><F115/><W128/><G128/><T83/><D20/><U30/><E19/><V69/><F69/><W34/><G34/><T7/><D7/><U13/><E106/><V113/><F113/><W17/><G48/><T51/><D37/><N who="1" m="21615" /><E13/><V132/><F132/><W54/><G54/><T41/><AGARI ba="0,0" hai="14,15,21,24,29,41,45,51,83,84,90" m="48747" machi="41" ten="30,1100,0" yaku="18,1" doraHai="92" who="0" fromWho="0" sc="224,11,240,-3,240,-5,296,-3" /><INIT seed="3,0,0,1,4,126" ten="235,237,235,293" oya="3" hai0="53,13,132,7,80,120,110,44,59,10,30,76,55" hai1="84,20,131,134,35,78,65,86,4,119,43,73,24" hai2="125,39,38,46,50,85,118,93,54,19,47,69,123" hai3="68,124,96,82,23,114,49,89,88,92,103,9,17"/><W74/><G124/><T40/><D120/><U64/><E35/><V26/><F118/><W57/><G68/><T129/><D132/><U122/><E122/><V36/><F123/><W90/><G114/><T18/><D110/><U135/><E119/><V112/><F69/><W6/><G74/><T27/><D129/><U107/><E107/><V99/><F112/><W25/><G82/><T11/><D59/><U42/><E73/><V100/><F125/><W117/><G117/><T113/><D113/><U108/><E4/><V2/><F2/><W83/><G83/><T51/><D11/><U116/><E116/><V41/><REACH who="2" step="1"/><F85/><REACH who="2" ten="235,237,225,293" step="2"/><W3/><G3/><T14/><D14/><U34/><E108/><V48/><F48/><W70/><G70/><T98/><D98/><U8/><E86/><V67/><F67/><W87/><G87/><N who="0" m="48519" /><D18/><U133/><E65/><V52/><F52/><N who="3" m="31887" /><G6/><T105/><D105/><U0/><E64/><V62/><F62/><W75/><G75/><T33/><AGARI ba="0,1" hai="7,10,13,27,30,33,40,44,51,53,55" m="48519" machi="33" ten="30,1100,0" yaku="25,1" doraHai="126" who="0" fromWho="0" sc="235,21,237,-3,225,-3,293,-5" /><INIT seed="4,0,0,1,3,7" ten="256,234,222,288" oya="0" hai0="67,100,30,131,121,96,75,103,22,111,45,87,98" hai1="21,32,23,129,12,125,133,60,5,19,63,18,120" hai2="134,55,99,71,85,20,126,35,31,41,97,47,27" hai3="115,135,3,13,93,57,1,49,90,14,119,46,52"/><T95/><D75/><U0/><E120/><V38/><F71/><W101/><G119/><T109/><D121/><U124/><E32/><V116/><F116/><W81/><G115/><T25/><D131/><U11/><E129/><V80/><F126/><N who="1" m="48745" /><E133/><V2/><F2/><W89/><G135/><T9/><D67/><U127/><N who="1" m="48753" /><U56/><DORA hai="108" /><E56/><V105/><F134/><W66/><G3/><T26/><D87/><U65/><E65/><V114/><F114/><W61/><G1/><T53/><D26/><AGARI ba="0,0" hai="0,5,11,12,18,19,21,23,26,60,63" m="48753" machi="26" ten="40,2600,0" yaku="18,1,52,1" doraHai="7,108" who="1" fromWho="0" sc="256,-26,234,26,222,0,288,0" /><INIT seed="5,0,0,1,3,8" ten="230,260,222,288" oya="1" hai0="54,115,21,65,17,108,70,39,9,19,121,61,43" hai1="96,51,129,72,38,133,47,52,3,92,125,20,81" hai2="32,13,29,126,131,123,124,2,18,60,57,31,45" hai3="46,42,16,53,28,49,95,106,82,89,73,84,103"/><U116/><E116/><V122/><F45/><W11/><G28/><N who="2" m="10825" /><F32/><W94/><G73/><T112/><D108/><U119/><E119/><V44/><F44/><W26/><G42/><T25/><D121/><N who="2" m="46090" /><F57/><W22/><G106/><T93/><D43/><U50/><E38/><V132/><F60/><W24/><G103/><T77/><D39/><U14/><E3/><V91/><F91/><W130/><G130/><T114/><D54/><U113/><E129/><V48/><F48/><W33/><G33/><T7/><D77/><U34/><E34/><V74/><F74/><W23/><G11/><T30/><REACH who="0" step="1"/><D93/><REACH who="0" ten="220,260,222,288" step="2"/><U110/><E110/><V79/><F79/><W63/><G94/><T0/><AGARI ba="0,1" hai="0,7,9,17,19,21,25,30,61,65,70,112,114,115" machi="0" ten="30,7900,0" yaku="1,1,2,1,0,1,15,1,53,0" doraHai="8" doraHaiUra="83" who="0" fromWho="0" sc="220,89,260,-39,222,-20,288,-20" owari="309,41.0,221,-18.0,202,-30.0,268,7.0" /></mjloggm>