<mjloggm ver="2.3"><GO type="41" lobby="0"/><UN n0="%E5%B0%B1%E6%B4%BB%E7%94%9F%40%E5%B7%9D%E6%9D%91%E8%BB%8D%E5%9B%A3" n1="%E2%98%86%E5%BC%A5%E4%B8%83%E2%98%86" n2="%68%61%72%75%72%75%39%31" n3="%E3%81%AE%E3%82%8A%E3%81%91%E3%81%9F%E3%82%93" dan="15,16,14,13" rate="2024.80,2040.02,1919.17,1859.58" sx="M,M,M,M"/><TAIKYOKU oya="0"/><INIT seed="0,0,0,5,4,15" ten="250,250,250,250" oya="0" hai0="130,82,116,26,96,68,131,87,23,9,124,45,10" hai1="4,53,57,75,5,86,102,128,61,21,12,17,106" hai2="63,36,58,64,99,7,135,27,105,11,51,34,111" hai3="117,127,67,65,98,56,129,2,115,33,107,92,22"/><T112/><D116/><U44/><E75/><V72/><F36/><W80/><G33/><T52/><D112/><U90/><E128/><N who="0" m="49193" /><D68/><U119/><E119/><V93/><F72/><W125/><G2/><T37/><D96/><U76/><E76/><V47/><F111/><W103/><G117/><T77/><D124/><N who="3" m="47689" /><G115/><T95/><D95/><U60/><E60/><V3/><F135/><W85/><G56/><T18/><D37/><U42/><E102/><V14/><F105/><W89/><G129/><T121/><D121/><U114/><E106/><V38/><F38/><W78/><G22/><T81/><D81/><N who="1" m="49487" /><E114/><V122/><F122/><W84/><AGARI ba="0,0" hai="65,67,78,80,84,85,89,92,98,103,107" m="47689" machi="84" ten="30,1100,0" yaku="18,1" doraHai="15" who="3" fromWho="3" sc="250,-5,250,-3,250,-3,250,11" /><INIT seed="1,0,0,5,4,126" ten="245,247,247,261" oya="1" hai0="60,44,69,80,28,94,75,108,12,79,107,18,74" hai1="104,47,24,30,55,41,56,114,78,29,54,13,112" hai2="127,84,26,46,106,51,31,97,118,38,25,135,85" hai3="50,48,70,10,109,88,105,87,20,3,63,57,133"/><U43/><E104/><V14/><F38/><W35/><G35/><T113/><D107/><U111/><E111/><V83/><F118/><W115/><G115/><T34/><D113/><U71/><E71/><V130/><F127/><W122/><G122/><T72/><D108/><U4/><E78/><V0/><F0/><W65/><G109/><T53/><D34/><U22/><E29/><V11/><F135/><W39/><G39/><T8/><D28/><U86/><E86/><V33/><F26/><W132/><G105/><T121/><D121/><U76/><E76/><V27/><F27/><W42/><G42/><T98/><D69/><U96/><E96/><V66/><F66/><W6/><G20/><T61/><D44/><U91/><E91/><V36/><F36/><W2/><G2/><T90/><REACH who="0" step="1"/><D53/><REACH who="0" ten="235,247,247,261" step="2"/><U45/><E55/><V95/><F106/><W99/><G70/><T58/><D58/><U17/><E112/><V134/><F46/><N who="1" m="17417" /><E114/><V119/><F33/><W37/><G37/><T125/><D125/><U40/><E40/><V102/><F31/><W129/><G65/><T92/><D92/><U131/><E43/><V116/><F116/><W9/><G57/><T64/><D64/><U77/><E41/><V101/><F119/><W82/><G63/><AGARI ba="0,1" hai="8,12,18,60,61,63,72,74,75,79,80,90,94,98" machi="63" ten="40,1300,0" yaku="1,1,53,0" doraHai="126" doraHaiUra="110" who="0" fromWho="3" sc="235,23,247,0,247,0,261,-13" /><INIT seed="2,0,0,3,4,89" ten="258,247,247,248" oya="2" hai0="95,127,7,115,120,111,8,1,60,78,59,118,77" hai1="108,0,44,90,126,83,64,50,41,133,17,36,88" hai2="98,122,24,74,73,104,49,4,12,116,97,94,112" hai3="22,10,109,28,102,93,2,106,79,19,101,55,87"/><V31/><F116/><W134/><G28/><T5/><D120/><U3/><E108/><V80/><F122/><W62/><G106/><T27/><D115/><U38/><E126/><V71/><F71/><W16/><G109/><T131/><D111/><U113/><E113/><V107/><F112/><W132/><G2/><T123/><D123/><U58/><E133/><N who="3" m="51306" /><G79/><T54/><D7/><U81/><E38/><V84/><F49/><W82/><G82/><N who="1" m="31242" /><E36/><V40/><F40/><W96/><G102/><T91/><D118/><U70/><E70/><V75/><F97/><W68/><G87/><T42/><D42/><U45/><E45/><V76/><F12/><N who="3" m="7191" /><G68/><T130/><D27/><U128/><E3/><V100/><REACH who="2" step="1"/><F4/><REACH who="2" ten="258,247,237,248" step="2"/><W86/><G86/><N who="0" m="52727" /><D127/><U110/><E110/><V32/><AGARI ba="0,1" hai="24,31,32,73,74,75,76,80,84,94,98,100,104,107" machi="32" ten="30,11700,0" yaku="1,1,0,1,52,1,53,1" doraHai="89" doraHaiUra="29" who="2" fromWho="2" sc="258,-39,247,-39,237,127,248,-39" /><INIT seed="2,1,0,1,1,60" ten="219,208,364,209" oya="2" hai0="81,29,63,97,14,8,17,135,113,34,64,71,61" hai1="41,24,78,54,133,4,65,96,112,26,84,72,94" hai2="127,20,129,30,109,125,55,123,35,57,40,23,86" hai3="110,131,82,44,68,91,73,45,70,92,80,100,3"/><V90/><F123/><W102/><G3/><T50/><D113/><U87/><E112/><V122/><F122/><W98/><G110/><T120/><D120/><U117/><E117/><V33/><F40/><W58/><G131/><T119/><D119/><U128/><E128/><V37/><F37/><W106/><G100/><T104/><D135/><U5/><E133/><V53/><F129/><W85/><G82/><T114/><D114/><U130/><E72/><V39/><F39/><W21/><G21/><N who="2" m="8265" /><F30/><W76/><REACH who="3" step="1"/><G58/><REACH who="3" ten="219,208,364,199" step="2"/><T12/><D81/><U27/><E130/><V13/><F109/><W0/><G0/><T32/><D32/><U75/><E27/><V115/><F115/><W101/><G101/><T79/><D34/><U95/><E75/><V132/><F132/><W36/><G36/><T103/><D29/><U48/><E24/><V1/><F1/><W121/><G121/><T124/><D79/><U66/><E26/><V107/><F35/><W15/><G15/><T52/><D14/><U18/><E78/><V28/><F13/><W31/><G31/><T11/><D11/><U46/><E18/><V93/><F28/><W111/><G111/><T108/><D108/><U89/><E4/><V88/><F33/><W51/><G51/><T2/><D2/><U9/><E5/><V116/><F116/><W49/><G49/><T6/><D50/><U47/><E9/><V69/><F57/><W43/><G43/><T74/><D74/><U67/><E48/><V16/><F16/><W22/><G22/><T10/><D10/><U77/><E41/><V59/><F59/><RYUUKYOKU ba="1,1" sc="219,-10,208,-10,364,-10,199,30" hai3="44,45,68,70,73,76,80,85,91,92,98,102,106" /><INIT seed="3,2,1,5,2,68" ten="209,198,354,229" oya="3" hai0="62,28,80,2,9,125,74,41,135,24,70,33,52" hai1="101,121,10,0,78,19,79,35,114,76,107,102,51" hai2="3,97,7,65,108,96,22,49,44,12,72,31,99" hai3="40,58,109,6,117,100,39,126,111,67,60,54,64"/><W85/><G117/><T29/><D125/><U36/><E36/><V119/><F72/><W42/><G6/><T81/><D135/><U89/><E35/><V94/><F119/><W25/><G100/><T8/><D29/><U26/><E107/><V113/><F113/><W53/><G25/><T87/><D41/><U30/><E121/><V23/><F3/><W93/><G93/><T61/><D74/><U88/><E114/><V134/><F134/><W5/><G5/><T21/><D33/><U131/><E0/><V73/><F73/><W11/><G11/><N who="0" m="4171" /><D70/><U128/><E51/><V16/><F7/><W116/><G85/><T110/><D110/><N who="3" m="41993" /><G116/><T115/><D115/><U56/><E30/><V112/><F112/><W13/><G13/><T90/><D2/><U14/><E26/><N who="2" m="16855" /><F65/><N who="3" m="25163" /><G126/><T82/><D62/><U132/><E132/><V55/><F108/><W118/><G118/><T84/><D90/><AGARI ba="2,1" hai="12,16,23,44,49,55,90,94,96,97,99" m="16855" machi="90" ten="30,2000,0" yaku="8,1,54,1" doraHai="68" who="2" fromWho="0" sc="209,-26,198,0,354,36,229,0" /><INIT seed="4,0,0,3,3,53" ten="183,198,390,229" oya="0" hai0="69,104,7,63,57,113,123,67,40,117,78,66,74" hai1="6,52,129,90,20,133,51,128,62,44,114,105,28" hai2="106,9,10,101,107,93,4,39,91,21,80,108,118" hai3="56,97,15,95,55,16,75,116,12,127,58,81,60"/><T65/><D117/><U34/><E34/><V92/><F39/><W134/><G116/><T35/><D35/><U38/><E105/><V131/><F118/><W89/><G134/><T121/><D104/><U37/><E133/><V17/><F107/><W32/><G32/><T83/><D113/><U86/><E114/><V94/><F106/><W79/><G127/><T111/><D111/><U5/><E37/><V29/><F29/><W59/><G12/><T2/><D40/><U33/><E33/><V11/><F101/><W100/><G100/><T0/><D69/><U22/><E62/><V88/><F131/><N who="1" m="50249" /><E38/><V70/><F70/><W112/><G112/><T23/><D23/><AGARI ba="0,0" hai="15,16,23,55,56,58,59,60,75,79,81,89,95,97" machi="23" ten="30,8000,1" yaku="7,1,52,3,54,1" doraHai="53" who="3" fromWho="0" sc="183,-80,198,0,390,0,229,80" /><INIT seed="5,0,0,5,3,8" ten="103,198,390,309" oya="1" hai0="17,120,71,66,76,95,41,58,134,111,114,37,79" hai1="46,50,81,106,25,127,72,31,130,30,43,13,45" hai2="56,33,35,89,44,88,61,32,105,96,87,62,118" hai3="19,47,121,82,26,128,64,108,24,103,132,55,123"/><U116/><E116/><V12/><F118/><W27/><G108/><T100/><D71/><U34/><E106/><V10/><F44/><W2/><G2/><T129/><D111/><U15/><E127/><V119/><F119/><W1/><G1/><T40/><D120/><U14/><E130/><V54/><F62/><W85/><G103/><T3/><D129/><U112/><E112/><V94/><F105/><W28/><G132/><T22/><D3/><U29/><REACH who="1" step="1"/><E45/><REACH who="1" ten="103,188,390,309" step="2"/><V109/><F109/><W113/><G128/><T93/><D114/><U74/><E74/><V0/><F0/><W104/><G104/><T39/><D134/><U133/><E133/><V63/><F35/><W4/><G113/><T65/><D100/><U86/><E86/><V23/><F33/><W83/><G85/><T51/><D39/><U6/><E6/><V16/><F32/><W84/><G4/><T73/><D37/><U107/><E107/><V42/><F87/><W59/><G82/><T80/><D76/><AGARI ba="0,1" hai="13,14,15,25,29,30,31,34,43,46,50,72,76,81" machi="76" ten="40,12000,1" yaku="1,1,52,3,53,1" doraHai="8" doraHaiUra="36" who="1" fromWho="0" sc="103,-120,188,130,390,0,309,0" owari="-17,-52.0,318,12.0,390,49.0,309,-9.0" /></mjloggm>