<mjloggm ver="2.3"><GO type="233" lobby="0"/><UN n0="%E3%81%A4%E3%81%B0%E3%81%8D%E3%81%A1%30%33" n1="%E5%B0%8F%E9%98%AA%E3%81%A1%E3%81%B2%E3%82%8D" n2="%E9%88%B4%E4%BE%8D" n3="%E3%82%A6%E3%83%AB%E3%83%88%E3%83%A9%E7%AB%8B%E7%9B%B4" dan="16,16,16,17" rate="2185.40,2073.14,2141.73,2194.10" sx="M,F,M,M"/><TAIKYOKU oya="0"/><INIT seed="0,0,0,1,0,132" ten="250,250,250,250" oya="0" hai0="112,28,7,116,60,22,59,4,46,94,128,122,30" hai1="39,12,37,18,69,50,32,135,121,45,97,54,36" hai2="131,134,47,90,8,81,84,119,44,21,109,82,25" hai3="106,38,71,107,73,65,125,130,2,56,92,67,53"/><T15/><D122/><U3/><E3/><V33/><F134/><W88/><G73/><T78/><D116/><U14/><E121/><V75/><F119/><W95/><G2/><T55/><D112/><U31/><E69/><V114/><F114/><W124/><G38/><T34/><D34/><U10/><E135/><V5/><F33/><W133/><G71/><T93/><D78/><U117/><E117/><V72/><F109/><W64/><G133/><T101/><D128/><U62/><E62/><V100/><F100/><W77/><G77/><T57/><D46/><U115/><E115/><V127/><F131/><W89/><G130/><T43/><D43/><U13/><E31/><N who="0" m="11817" /><D59/><U98/><E32/><V6/><F21/><W123/><G123/><T42/><D42/><U70/><E70/><V87/><F25/><W113/><G113/><T68/><D68/><U96/><AGARI ba="0,0" hai="10,12,13,14,18,36,37,39,45,50,54,96,97,98" machi="96" ten="40,1500,0" yaku="0,1" doraHai="132" who="1" fromWho="1" sc="250,-7,250,15,250,-4,250,-4" /><INIT seed="1,0,0,3,3,58" ten="243,265,246,246" oya="1" hai0="61,106,8,22,84,37,92,70,99,47,14,41,59" hai1="75,104,135,3,80,67,90,2,124,34,11,105,43" hai2="127,120,32,95,44,112,12,114,20,66,6,93,76" hai3="5,74,50,56,82,49,68,131,116,4,46,122,48"/><U63/><E34/><V54/><F32/><W86/><G74/><T51/><D106/><U0/><E135/><V21/><F120/><W24/><G68/><T45/><D84/><U130/><E124/><V26/><F127/><W17/><G122/><T33/><D33/><U28/><E130/><V62/><F76/><W35/><G131/><T79/><D79/><U98/><E43/><V111/><F111/><W42/><G116/><T81/><D81/><U71/><E11/><N who="2" m="4215" /><F44/><W94/><G94/><N who="2" m="35849" /><F54/><W77/><G35/><T129/><D129/><U36/><E36/><V57/><F26/><W132/><G132/><T52/><D22/><U30/><E104/><V13/><F13/><W55/><G49/><T115/><D115/><AGARI ba="0,0" hai="20,21,57,62,66,112,114,115" m="35849,4215" machi="115" ten="30,2000,0" yaku="11,1,52,1" doraHai="58" who="2" fromWho="0" sc="243,-20,265,0,246,20,246,0" /><INIT seed="2,0,0,5,2,8" ten="223,265,266,246" oya="2" hai0="58,10,100,121,55,36,25,17,42,48,45,103,73" hai1="39,114,83,85,124,30,66,123,82,77,40,130,7" hai2="59,34,111,93,18,2,98,24,125,105,129,28,33" hai3="91,35,71,78,26,107,135,94,104,90,88,1,23"/><V92/><F105/><W9/><G71/><T74/><D121/><U97/><E114/><V96/><F2/><W47/><G35/><T110/><D110/><U106/><E123/><V95/><F34/><W50/><G135/><T11/><D11/><U32/><E130/><V115/><F115/><W87/><G78/><T3/><D25/><U102/><E7/><V22/><F111/><W53/><G104/><T16/><D3/><U63/><E124/><V70/><F70/><W14/><G107/><T126/><D126/><U128/><E128/><V79/><F129/><W134/><G1/><T51/><D36/><U67/><E67/><V120/><F120/><W6/><G134/><T72/><REACH who="0" step="1"/><D17/><AGARI ba="0,0" hai="6,9,14,17,23,26,47,50,53,87,88,90,91,94" machi="17" ten="30,7700,0" yaku="7,1,8,1,52,1,54,1" doraHai="8" who="3" fromWho="0" sc="223,-77,265,0,266,0,246,77" /><INIT seed="3,0,0,3,4,53" ten="146,265,266,323" oya="3" hai0="49,78,42,10,44,50,7,60,75,27,114,46,63" hai1="92,69,51,17,74,85,21,131,54,68,32,65,43" hai2="122,86,58,70,99,133,91,100,2,89,28,41,62" hai3="19,20,36,101,121,39,38,134,76,35,126,125,96"/><W124/><G35/><T26/><D114/><U6/><E74/><V113/><F113/><W56/><G121/><T104/><D104/><U25/><E131/><V82/><F2/><W80/><G134/><T71/><D75/><U12/><E43/><V115/><F115/><W3/><G3/><T37/><D78/><U94/><E65/><V128/><F133/><W55/><G20/><T116/><D37/><U0/><E92/><V119/><F119/><W33/><G19/><T9/><D116/><U5/><E0/><V61/><F41/><W120/><G33/><T102/><D42/><U98/><E85/><V123/><F128/><W79/><G80/><T30/><D71/><U117/><E117/><V112/><F112/><W29/><G29/><T103/><REACH who="0" step="1"/><D30/><REACH who="0" ten="136,265,266,323" step="2"/><N who="1" m="17711" /><E69/><V77/><F28/><W52/><G120/><T127/><D127/><U48/><E68/><V110/><F70/><W66/><G79/><T106/><D106/><U109/><E32/><V83/><F122/><W108/><G76/><T97/><D97/><U81/><E98/><V107/><F123/><W18/><G125/><T84/><D84/><U87/><E87/><N who="2" m="50423" /><F77/><W59/><G124/><T13/><D13/><U11/><E12/><V129/><F129/><W111/><G126/><T16/><D16/><U135/><E17/><V47/><F107/><N who="3" m="63911" /><G18/><T95/><D95/><U93/><E94/><V64/><F99/><W14/><G14/><T15/><D15/><U40/><E93/><V118/><F118/><W130/><G130/><T8/><D8/><U88/><E11/><V45/><F86/><W23/><G36/><RYUUKYOKU ba="0,1" sc="136,30,265,-10,266,-10,323,-10" hai0="7,9,10,26,27,44,46,49,50,60,63,102,103" /><INIT seed="4,1,1,2,3,67" ten="166,255,256,313" oya="0" hai0="10,58,78,129,89,45,127,95,9,79,44,64,133" hai1="2,70,48,125,123,13,27,25,86,42,38,11,34" hai2="69,88,81,94,39,18,93,108,107,4,135,114,30" hai3="32,12,132,115,33,61,98,26,117,96,47,43,118"/><T87/><D129/><U50/><E123/><V131/><F107/><W77/><G77/><N who="0" m="29195" /><D127/><U53/><E125/><V54/><F108/><W20/><G33/><T17/><D133/><U104/><E38/><V5/><F39/><W92/><G32/><T134/><D134/><U51/><E2/><V121/><F121/><W109/><G109/><T41/><D41/><U14/><E104/><V83/><F131/><W24/><G132/><T73/><D73/><U80/><E70/><V113/><F69/><W56/><G115/><N who="2" m="44041" /><F30/><W99/><G117/><T62/><D17/><N who="1" m="8383" /><E34/><V110/><F94/><W3/><G92/><T19/><D19/><U128/><E128/><V126/><F110/><W35/><G35/><T102/><D102/><U28/><E42/><V57/><F18/><N who="3" m="10311" /><G118/><T23/><D23/><N who="1" m="15423" /><E27/><V71/><F71/><W37/><G3/><T55/><D64/><U49/><E14/><V7/><F126/><W130/><G130/><T1/><D1/><U90/><E48/><N who="2" m="30919" /><F135/><W68/><G68/><T74/><D74/><U112/><E112/><V66/><F66/><N who="3" m="39207" /><G24/><T46/><AGARI ba="1,1" hai="9,10,44,45,46,55,58,62,87,89,95" m="29195" machi="46" ten="30,1500,0" yaku="8,1" doraHai="67" who="0" fromWho="0" sc="166,28,255,-6,256,-6,313,-6" /><INIT seed="4,2,0,3,3,13" ten="194,249,250,307" oya="0" hai0="120,31,61,105,74,126,118,56,11,37,95,44,127" hai1="135,91,21,86,54,20,12,69,16,104,30,34,108" hai2="36,80,23,27,115,119,132,8,14,124,100,113,64" hai3="84,28,1,92,47,4,111,87,76,125,9,121,32"/><T10/><D105/><U83/><E108/><V58/><F36/><W43/><G111/><T107/><D107/><U18/><E69/><V78/><F100/><W24/><G125/><N who="0" m="47627" /><D118/><U114/><E104/><V90/><F90/><W19/><G121/><T63/><D120/><U22/><E34/><V89/><F89/><W67/><G67/><N who="0" m="39335" /><D74/><U96/><E135/><V57/><F124/><W123/><G123/><T52/><D31/><U128/><E128/><V81/><F132/><W106/><G106/><T42/><D95/><N who="1" m="56447" /><E114/><N who="2" m="43531" /><F119/><W39/><G92/><T77/><D77/><N who="1" m="46447" /><E30/><N who="2" m="17791" /><F64/><W0/><G76/><T53/><D53/><U98/><E98/><V101/><F101/><W72/><G72/><T93/><D93/><U49/><E12/><V3/><F3/><W66/><G0/><T46/><D46/><AGARI ba="2,0" hai="16,18,20,21,22,46,49,54" m="46447,56447" machi="46" ten="30,7700,0" yaku="8,1,52,2,54,1" doraHai="13" who="1" fromWho="0" sc="194,-83,249,83,250,0,307,0" /><INIT seed="5,0,0,2,2,98" ten="111,332,250,307" oya="1" hai0="13,17,48,103,14,67,99,57,6,135,93,80,72" hai1="10,79,12,124,133,68,83,11,69,21,2,60,50" hai2="41,4,29,86,1,18,88,120,45,9,47,27,84" hai3="130,91,58,105,74,101,73,110,89,66,3,134,114"/><U42/><E124/><V24/><F120/><W30/><G3/><T31/><D135/><U19/><E133/><V44/><F41/><W71/><G71/><T7/><D31/><U32/><E32/><V59/><F59/><W0/><G0/><T131/><D131/><U85/><E2/><V8/><F86/><W109/><G30/><T70/><D70/><U56/><E68/><V87/><F87/><W55/><G66/><T102/><D102/><U49/><E69/><V121/><F121/><W22/><G22/><T129/><D129/><U51/><REACH who="1" step="1"/><E42/><REACH who="1" ten="111,322,250,307" step="2"/><V119/><F119/><W118/><G118/><T16/><D72/><U36/><E36/><V52/><F52/><AGARI ba="0,1" hai="10,11,12,19,21,49,50,51,52,56,60,79,83,85" machi="52" ten="40,7700,0" yaku="1,1,8,1,54,1,53,0" doraHai="98" doraHaiUra="92" who="1" fromWho="2" sc="111,0,322,87,250,-77,307,0" /><INIT seed="5,1,0,1,0,133" ten="111,409,173,307" oya="1" hai0="67,114,28,2,15,4,62,112,50,121,7,77,1" hai1="104,42,40,95,130,73,87,115,14,84,93,103,123" hai2="74,61,65,51,56,41,60,70,108,124,122,100,25" hai3="49,48,66,21,10,47,36,39,81,11,0,22,118"/><U75/><E123/><V32/><F122/><W26/><G118/><T9/><D77/><U94/><E14/><V86/><F74/><N who="1" m="28169" /><E40/><V13/><F108/><W96/><G81/><T126/><D50/><U102/><E42/><V89/><F100/><N who="1" m="38441" /><E130/><V46/><F124/><W91/><G47/><T113/><D126/><U129/><E129/><V30/><F13/><W35/><G66/><T44/><D121/><U20/><E20/><V97/><F97/><W117/><G96/><T111/><D111/><U127/><E127/><V98/><F98/><W125/><G22/><T33/><D44/><U58/><E58/><V37/><F61/><W5/><G21/><T134/><D134/><U90/><E115/><V29/><F29/><W76/><G49/><T110/><D110/><U16/><E16/><V18/><F18/><W38/><G48/><T23/><D62/><U120/><E120/><V54/><F86/><N who="1" m="32809" /><E104/><V3/><F3/><N who="0" m="1034" /><D67/><U53/><E53/><V43/><F43/><W55/><G38/><T34/><D4/><U69/><E69/><V135/><F135/><W27/><G39/><T88/><D88/><AGARI ba="1,0" hai="88,90,93,94,95" m="32809,38441,28169" machi="88" ten="40,24000,3" yaku="28,2,35,5,54,1" doraHai="133" who="1" fromWho="0" sc="111,-243,409,243,173,0,307,0" /><AGARI ba="1,0" hai="25,30,32,37,41,46,51,54,56,60,65,70,88,89" machi="88" ten="40,5200,0" yaku="24,2,54,1" doraHai="133" who="2" fromWho="0" sc="-132,-52,652,0,173,52,307,0" owari="-184,-68.0,652,74.0,225,-17.0,307,11.0" /></mjloggm>