<mjloggm ver="2.3"><GO type="233" lobby="0"/><UN n0="%E5%B0%B1%E6%B4%BB%E7%94%9F%40%E5%B7%9D%E6%9D%91%E8%BB%8D%E5%9B%A3" n1="%E6%88%A6%E9%97%98%E5%93%A1%EF%BC%A0%E5%B7%9D%E6%9D%91%E8%BB%8D%E5%9B%A3" n2="%E3%83%81%E3%83%81%E3%82%AB%E3%82%AB%E6%B9%96" n3="%E3%83%91%E3%82%B7%E3%83%AA%EF%BC%A0%E5%B7%9D%E6%9D%91%E8%BB%8D%E5%9B%A3" dan="16,16,16,16" rate="2128.16,2114.07,2054.11,2058.62" sx="M,M,M,M"/><TAIKYOKU oya="0"/><INIT seed="0,0,0,4,0,117" ten="250,250,250,250" oya="0" hai0="69,106,74,98,77,4,8,39,113,7,46,66,20" hai1="104,96,19,54,2,13,112,51,59,131,32,110,50" hai2="23,25,76,94,132,97,43,24,126,53,18,22,118" hai3="55,67,103,27,134,135,125,72,30,6,87,133,68"/><T95/><D106/><U80/><E2/><V41/><F118/><W105/><G72/><T10/><D113/><U90/><E32/><V56/><F76/><W124/><G6/><T99/><D20/><U89/><E112/><V121/><F121/><W114/><G114/><T129/><D129/><U92/><E131/><V120/><F120/><W111/><G111/><T12/><D95/><U38/><E38/><V63/><F126/><N who="3" m="48747" /><G87/><T101/><D101/><U123/><E123/><V83/><F83/><W85/><G85/><T70/><D66/><U40/><E110/><V21/><F132/><W9/><G9/><T11/><D11/><U73/><E104/><V26/><REACH who="2" step="1"/><F18/><REACH who="2" ten="250,250,240,250" step="2"/><W57/><G134/><T14/><D77/><U102/><E80/><V122/><F122/><W91/><G133/><T78/><D78/><U128/><E128/><V31/><F31/><W107/><G30/><T15/><D74/><U71/><E73/><V58/><F58/><W47/><G57/><T82/><D82/><U1/><E71/><V35/><F35/><W61/><G68/><T88/><D70/><U33/><E33/><V42/><F42/><W75/><G75/><T16/><D69/><U34/><E34/><V86/><F86/><W64/><G135/><T17/><D98/><U49/><E40/><V36/><F36/><W62/><G47/><T84/><D99/><U37/><E37/><V44/><F44/><W119/><G67/><T60/><D46/><U93/><E96/><V5/><F5/><N who="0" m="2122" /><D39/><U109/><E59/><V130/><F130/><W52/><G64/><T127/><D127/><RYUUKYOKU ba="0,1" sc="250,-10,250,-10,240,30,250,-10" hai2="21,22,23,24,25,26,41,43,53,56,63,94,97" /><INIT seed="1,1,1,5,0,103" ten="240,240,270,240" oya="1" hai0="111,11,72,95,110,26,129,43,13,41,77,25,120" hai1="73,123,46,78,15,4,100,115,81,70,16,125,93" hai2="58,50,68,113,57,6,88,49,27,47,132,10,59" hai3="35,34,22,117,69,94,23,98,12,65,19,9,20"/><U76/><E123/><V56/><F132/><W104/><G117/><T106/><D106/><U79/><E115/><V17/><F68/><W36/><G36/><T53/><D72/><U45/><E70/><V122/><F122/><W31/><G31/><T107/><D77/><U119/><E119/><V63/><F113/><W89/><REACH who="3" step="1"/><G104/><REACH who="3" ten="240,240,270,230" step="2"/><T135/><D107/><U18/><E125/><V128/><F128/><W14/><G14/><T32/><D135/><U5/><E73/><V130/><F130/><W54/><G54/><T133/><D133/><U60/><E15/><V61/><F61/><AGARI ba="1,2" hai="9,12,19,20,22,23,34,35,61,65,69,89,94,98" machi="61" ten="40,2600,0" yaku="1,1,53,1" doraHai="103" doraHaiUra="7" who="3" fromWho="2" sc="240,0,240,0,270,-29,230,49" /><INIT seed="2,0,0,5,0,104" ten="240,240,241,279" oya="2" hai0="119,89,3,23,43,100,54,78,9,16,41,79,87" hai1="113,26,88,83,52,102,27,70,68,64,95,42,2" hai2="110,38,46,90,4,17,131,8,58,80,37,115,20" hai3="124,111,129,84,91,75,53,63,18,125,108,128,0"/><V28/><F115/><W30/><G0/><T10/><D119/><U65/><E113/><V134/><F131/><N who="3" m="50251" /><G30/><T29/><D29/><U60/><E2/><V96/><F28/><W62/><G18/><T1/><D100/><U93/><E42/><N who="0" m="15881" /><D1/><U66/><E83/><V103/><F134/><W24/><G24/><N who="1" m="9258" /><E70/><V21/><F46/><W98/><G98/><T45/><D3/><U39/><E39/><V92/><F4/><W130/><G130/><T126/><D126/><N who="3" m="48745" /><G75/><T99/><D99/><N who="1" m="59775" /><E68/><V77/><F96/><W122/><G122/><T106/><D106/><U121/><E121/><V117/><F17/><W59/><G63/><T105/><D105/><U35/><E35/><V86/><F86/><W72/><G72/><T48/><D23/><U14/><E14/><V97/><F21/><W55/><G55/><T57/><D45/><U114/><E114/><V13/><F20/><W47/><G47/><T5/><D5/><U112/><E112/><V101/><F13/><W107/><G107/><T15/><D10/><U69/><E69/><V74/><F8/><W123/><G123/><T49/><D49/><U135/><E93/><AGARI ba="0,0" hai="53,59,62,84,91,93,108,111" m="48745,50251" machi="93" ten="30,2000,0" yaku="19,1,18,1" doraHai="104" who="3" fromWho="1" sc="240,0,240,-20,241,0,279,20" /><AGARI ba="0,0" hai="9,15,16,48,54,57,78,79,87,89,93" m="15881" machi="93" ten="30,2000,0" yaku="8,1,54,1" doraHai="104" who="0" fromWho="1" sc="240,20,220,-20,241,0,299,0" /><INIT seed="3,0,0,1,4,29" ten="260,200,241,299" oya="3" hai0="0,59,46,36,101,131,35,14,13,48,130,118,63" hai1="75,45,71,80,133,114,83,7,39,65,37,135,119" hai2="44,86,3,10,12,22,107,5,105,68,122,60,56" hai3="30,55,25,95,51,23,40,27,66,61,38,28,67"/><W49/><G95/><T69/><D0/><U41/><E114/><V134/><F68/><W9/><G9/><T110/><D69/><U124/><E124/><V43/><F134/><W116/><G116/><T104/><D36/><U98/><E119/><V115/><F115/><W121/><G121/><T4/><D4/><U112/><E112/><V126/><F126/><W32/><G38/><T129/><D110/><U76/><E39/><V42/><F122/><W90/><G90/><T96/><D35/><U97/><E83/><V24/><F3/><W113/><G113/><T127/><D127/><U92/><E7/><V111/><F86/><W79/><G79/><T62/><D118/><U106/><E92/><V108/><F107/><W120/><G120/><T72/><D72/><U85/><E85/><V20/><F105/><W50/><REACH who="3" step="1"/><G40/><REACH who="3" ten="260,200,241,289" step="2"/><N who="0" m="24647" /><D62/><N who="1" m="40375" /><E106/><V103/><F43/><W132/><G132/><AGARI ba="0,1" hai="37,41,45,75,76,80,97,98,132,133,135" m="40375" machi="132" ten="30,1000,0" yaku="20,1" doraHai="29" who="1" fromWho="3" sc="260,0,200,20,241,0,289,-10" /><INIT seed="4,0,0,5,4,59" ten="260,220,241,279" oya="0" hai0="123,55,33,70,128,27,83,52,77,75,12,45,41" hai1="118,119,4,2,61,46,107,71,86,22,134,80,24" hai2="9,44,92,26,47,132,116,39,102,93,131,3,1" hai3="6,90,124,30,87,109,100,105,57,51,76,54,103"/><T95/><D128/><U67/><E107/><V78/><F131/><W25/><G109/><T79/><D79/><U129/><E129/><V63/><F132/><W126/><G76/><T23/><D33/><U10/><E134/><V56/><F116/><W35/><G6/><T53/><D70/><U112/><E46/><V99/><F78/><W98/><REACH who="3" step="1"/><G103/><REACH who="3" ten="260,220,241,269" step="2"/><T74/><D75/><U15/><E112/><V13/><F102/><W34/><G34/><T0/><D0/><U28/><REACH who="1" step="1"/><E2/><REACH who="1" ten="260,210,241,269" step="2"/><V85/><F1/><W64/><G64/><T65/><D65/><U96/><E96/><V58/><F99/><W7/><G7/><T66/><D66/><U31/><E31/><V69/><F3/><W122/><G122/><T114/><D123/><U72/><E72/><V50/><F85/><W89/><G89/><AGARI ba="0,2" hai="4,10,15,22,24,28,61,67,71,80,86,89,118,119" machi="89" ten="30,3900,0" yaku="1,1,7,1,52,1,53,0" doraHai="59" doraHaiUra="117" who="1" fromWho="3" sc="260,0,210,59,241,0,269,-39" /><INIT seed="5,0,0,4,5,68" ten="260,269,241,230" oya="1" hai0="126,79,97,20,38,96,117,107,89,18,115,52,70" hai1="113,60,56,36,92,66,43,30,48,127,33,128,50" hai2="132,77,26,58,5,86,95,123,108,49,88,44,129" hai3="112,35,31,119,104,13,63,98,10,24,7,67,94"/><U75/><E75/><V72/><F108/><W16/><G112/><T118/><D70/><U54/><E113/><V80/><F123/><W55/><G119/><T78/><D115/><U1/><E1/><V32/><F129/><W29/><G29/><T3/><D3/><U71/><E128/><V62/><F132/><W12/><G55/><T28/><D28/><U84/><E127/><V4/><F32/><W81/><G81/><T120/><D120/><U51/><E84/><V74/><F74/><W6/><G13/><T87/><D38/><U91/><E91/><V111/><F26/><W61/><G104/><T101/><D96/><U22/><E92/><V110/><F110/><W59/><REACH who="3" step="1"/><G63/><REACH who="3" ten="260,269,241,220" step="2"/><T83/><D118/><U14/><E14/><V9/><F111/><W76/><G76/><T82/><D117/><U122/><E122/><V135/><F135/><W57/><G57/><T134/><D134/><U73/><E33/><V102/><F58/><W100/><AGARI ba="0,1" hai="6,7,10,12,16,24,31,35,59,61,67,94,98,100" machi="100" ten="20,12000,2" yaku="1,1,0,1,7,1,54,1,53,2" doraHai="68" doraHaiUra="2" who="3" fromWho="3" sc="260,-30,269,-60,241,-30,220,130" /><INIT seed="6,0,0,2,1,123" ten="230,209,211,350" oya="2" hai0="85,3,47,92,29,94,119,35,36,106,120,109,114" hai1="64,22,104,111,96,21,75,11,43,91,16,117,93" hai2="1,116,102,63,81,50,58,24,52,49,72,125,37" hai3="38,30,31,7,73,133,74,135,32,66,112,76,79"/><V13/><F116/><W82/><G38/><T27/><D106/><U45/><E111/><V26/><F1/><W12/><G66/><T115/><D3/><U62/><E117/><V28/><F37/><W4/><G112/><N who="0" m="43051" /><D120/><U78/><E104/><V60/><F125/><W46/><G79/><T101/><D109/><U6/><E75/><V44/><F102/><W97/><G30/><T88/><D119/><U65/><E78/><V103/><F103/><W80/><G4/><T17/><D17/><U10/><E22/><N who="2" m="15383" /><F72/><W98/><G97/><N who="0" m="59575" /><D36/><U121/><E121/><V83/><F26/><W87/><G74/><T127/><D47/><U15/><E6/><V113/><F113/><W71/><G73/><T2/><D2/><U99/><E99/><V129/><F129/><W48/><G98/><T67/><D67/><N who="1" m="25675" /><E62/><N who="2" m="23595" /><F13/><W126/><G12/><T14/><D14/><U54/><E43/><AGARI ba="0,0" hai="43,44,49,50,52,58,81,83" m="23595,15383" machi="43" ten="30,2900,0" yaku="8,1,54,1" doraHai="123" who="2" fromWho="1" sc="230,0,209,-29,211,29,350,0" /><INIT seed="6,1,0,2,3,31" ten="230,180,240,350" oya="2" hai0="14,8,1,77,22,132,52,109,53,43,127,49,56" hai1="116,121,13,102,98,28,65,129,125,67,126,15,135" hai2="119,11,34,111,18,101,103,80,35,114,47,39,99" hai3="86,63,97,133,25,50,95,3,120,108,32,46,130"/><V87/><F119/><W33/><G3/><T81/><D132/><U70/><E116/><V88/><F114/><W74/><G74/><T2/><D127/><U21/><E135/><V12/><F111/><W40/><G120/><T117/><D109/><U55/><E121/><V6/><F6/><W29/><G130/><T23/><D43/><U107/><E129/><V73/><F73/><W0/><G0/><T79/><D81/><U128/><E128/><V85/><F85/><W124/><G124/><N who="1" m="47722" /><E55/><V115/><F115/><W19/><G86/><T91/><D91/><U62/><E67/><V68/><F68/><W54/><G19/><T106/><D106/><U89/><E89/><V27/><F27/><AGARI ba="1,0" hai="13,15,21,27,28,62,65,70,98,102,107" m="47722" machi="27" ten="30,1000,0" yaku="18,1" doraHai="31" who="1" fromWho="2" sc="230,0,180,13,240,-13,350,0" /><INIT seed="7,0,0,5,5,30" ten="230,193,227,350" oya="3" hai0="114,135,121,77,2,31,133,109,21,4,50,56,112" hai1="107,98,89,78,13,67,57,113,62,54,32,5,28" hai2="48,14,1,81,35,45,8,116,119,39,40,10,117" hai3="106,22,44,34,124,88,105,23,17,73,102,6,74"/><W60/><G6/><T59/><D109/><U64/><E113/><N who="0" m="43625" /><D121/><U9/><E78/><V100/><F35/><W115/><G23/><T65/><D77/><U37/><E37/><V71/><F71/><W127/><G102/><T7/><D50/><U0/><E0/><V80/><F100/><W12/><G12/><T131/><D131/><U125/><E125/><V96/><F96/><W43/><G17/><T79/><D79/><U29/><E107/><V42/><F1/><W26/><G105/><T110/><D110/><U19/><E5/><N who="0" m="2121" /><D2/><U11/><E11/><V33/><F8/><W99/><G74/><T25/><D65/><U68/><E64/><V53/><F42/><W130/><G43/><T104/><D104/><U90/><E98/><V70/><F117/><W103/><G99/><T128/><D128/><U66/><E66/><V15/><F119/><W16/><G106/><T3/><D3/><U83/><E29/><V58/><F116/><W120/><G73/><T132/><AGARI ba="0,0" hai="21,25,31,56,59,132,133,135" m="2121,43625" machi="132" ten="40,5200,0" yaku="20,1,15,1,11,1" doraHai="30" who="0" fromWho="0" sc="230,52,193,-13,227,-13,350,-26" owari="282,8.0,180,-32.0,214,-19.0,324,43.0" /></mjloggm>