<mjloggm ver="2.3"><GO type="193" lobby="0"/><UN n0="%E6%A1%90%E5%B3%B6%E3%81%AF%E3%81%98%E3%82%81" n1="%EF%BC%88%E3%82%9C%D0%94%E3%82%9C%EF%BC%89" n2="%E3%83%88%E3%83%88%E3%83%AA%E5%85%88%E7%94%9F%31%39%E6%AD%B3" n3="%E5%A5%B4%E9%9A%B7%E3%81%A1%E3%82%83%E3%82%93" dan="13,10,10,11" rate="1708.93,1433.43,1781.68,1503.60" sx="M,M,F,M"/><TAIKYOKU oya="0"/><INIT seed="0,0,0,1,5,39" ten="250,250,250,250" oya="0" hai0="10,60,49,44,31,16,57,62,25,132,7,121,134" hai1="93,73,68,5,98,130,9,123,104,112,69,46,48" hai2="90,19,22,37,78,79,17,76,75,43,35,38,116" hai3="42,118,119,82,117,85,63,99,8,1,91,34,50"/><T14/><D121/><U67/><E123/><V23/><F35/><W36/><G34/><T45/><D45/><U21/><E112/><V30/><F75/><W97/><G63/><T105/><D105/><U115/><E104/><V109/><F109/><W88/><G36/><T133/><D7/><U56/><E115/><V114/><F114/><W92/><G1/><T87/><D87/><U53/><E73/><V66/><F116/><W135/><G8/><T77/><D77/><U100/><E21/><V58/><F30/><W32/><G32/><N who="0" m="20591" /><D57/><U33/><E33/><V6/><F6/><W64/><G64/><T52/><AGARI ba="0,0" hai="10,14,16,44,49,52,60,62,132,133,134" m="20591" machi="52" ten="30,6000,0" yaku="20,1,54,2" doraHai="39" who="0" fromWho="0" sc="250,60,250,-20,250,-20,250,-20" /><INIT seed="0,1,0,1,2,122" ten="310,230,230,230" oya="0" hai0="65,59,28,128,117,93,104,135,13,78,98,115,68" hai1="111,90,53,96,7,116,86,17,36,112,12,87,81" hai2="83,82,91,48,0,16,118,120,72,6,14,41,108" hai3="51,37,38,101,19,64,100,95,8,46,20,26,107"/><T89/><D117/><U130/><E116/><V32/><F120/><W132/><G107/><T11/><D28/><U47/><E36/><V1/><F118/><W44/><G132/><T110/><D135/><U77/><E112/><V29/><F72/><W9/><G64/><T27/><D68/><U31/><E96/><V23/><F108/><W50/><G38/><T105/><D27/><U133/><E7/><V125/><F125/><W119/><G37/><T134/><D115/><U43/><E133/><V71/><F71/><W121/><G121/><T76/><D134/><U33/><E33/><V25/><F91/><W99/><G101/><T40/><D40/><U129/><E31/><V52/><F41/><W80/><G80/><T94/><D128/><N who="1" m="49259" /><E53/><V10/><REACH who="2" step="1"/><F0/><REACH who="2" ten="310,230,220,230" step="2"/><W113/><G119/><T3/><D110/><U70/><E111/><V73/><F73/><W75/><G75/><T21/><D3/><U92/><E70/><V103/><F103/><W79/><G79/><T67/><D76/><U24/><E43/><V88/><F88/><W42/><G113/><T2/><D78/><U58/><E77/><V106/><F106/><W109/><REACH who="3" step="1"/><G109/><REACH who="3" ten="310,230,220,220" step="2"/><T56/><D105/><U74/><E81/><V35/><F35/><W49/><G49/><T84/><D104/><U131/><E74/><V124/><F124/><W126/><G126/><T61/><D89/><U97/><E131/><V66/><F66/><W55/><AGARI ba="1,2" hai="8,9,19,20,26,42,44,46,50,51,55,95,99,100" machi="55" ten="20,5200,0" yaku="1,1,0,1,7,1,8,1,53,0" doraHai="122" doraHaiUra="62" who="3" fromWho="3" sc="310,-27,230,-14,220,-14,220,75" /><INIT seed="1,0,0,3,4,120" ten="283,216,206,295" oya="1" hai0="19,79,4,89,68,54,90,116,51,34,46,6,65" hai1="118,129,104,35,49,111,110,124,23,22,47,18,12" hai2="113,107,56,77,112,24,1,21,67,135,108,26,71" hai3="123,99,74,130,69,37,60,61,39,103,40,122,81"/><U125/><E118/><V29/><F107/><W2/><G130/><T82/><D34/><U48/><E104/><V126/><F1/><W88/><G2/><T98/><D116/><U117/><E35/><V16/><F71/><W41/><G103/><T32/><D32/><U96/><E117/><V28/><F135/><W73/><G99/><T76/><D19/><U33/><E96/><V11/><F126/><N who="1" m="48745" /><E33/><N who="2" m="20615" /><F77/><W17/><G17/><T0/><D79/><U45/><E129/><V133/><F56/><W59/><G59/><T27/><D27/><U5/><E22/><V30/><F67/><W66/><G66/><T15/><D0/><U92/><E5/><V83/><F83/><W93/><G93/><T86/><D68/><U9/><E92/><V134/><F108/><N who="1" m="41513" /><E23/><N who="2" m="15583" /><F11/><W132/><G81/><T10/><D82/><U70/><E70/><V80/><F80/><W91/><REACH who="3" step="1"/><G69/><REACH who="3" ten="283,216,206,285" step="2"/><T94/><D94/><U14/><E18/><V52/><F30/><W50/><G50/><N who="1" m="19562" /><E9/><V31/><F31/><W105/><G105/><T36/><D10/><U75/><E75/><V43/><F133/><AGARI ba="0,1" hai="37,39,40,41,60,61,73,74,88,91,122,123,132,133" machi="133" ten="25,6400,0" yaku="1,1,22,2,54,1,53,0" doraHai="120" doraHaiUra="95" who="3" fromWho="2" sc="283,0,216,0,206,-64,285,74" /><INIT seed="2,0,0,2,4,61" ten="283,216,142,359" oya="2" hai0="74,3,7,116,43,37,114,50,84,10,110,63,39" hai1="36,47,71,85,1,42,32,117,33,96,65,17,86" hai2="8,126,48,62,81,73,133,106,51,100,13,89,34" hai3="101,29,40,92,25,78,15,66,35,28,134,118,87"/><V19/><F34/><W131/><G118/><T64/><D114/><U31/><E117/><V27/><F133/><W130/><G134/><T128/><D74/><U57/><E32/><V104/><F126/><W80/><G29/><T105/><D105/><U6/><E33/><V125/><F125/><W111/><G40/><T75/><D75/><U30/><E1/><V45/><F100/><W88/><G101/><T97/><D116/><U115/><E6/><V52/><F27/><W82/><G82/><T103/><D128/><U72/><E72/><V93/><F62/><W44/><G44/><T123/><D123/><U135/><E135/><V113/><F113/><W94/><G15/><T98/><D84/><U0/><E0/><V11/><F11/><W21/><G35/><T77/><D77/><U122/><E122/><V109/><F109/><W41/><G41/><T9/><D9/><U107/><E107/><V129/><F129/><N who="3" m="49163" /><G111/><T119/><D119/><U54/><E115/><V112/><F112/><W49/><G49/><T90/><D110/><U46/><E96/><V14/><F14/><W67/><G94/><T121/><D121/><U5/><E17/><V83/><F51/><W108/><G108/><T69/><D98/><AGARI ba="0,0" hai="21,25,28,66,67,78,80,87,88,92,98" m="49163" machi="98" ten="30,7700,0" yaku="19,1,52,2,54,1" doraHai="61" who="3" fromWho="0" sc="283,-77,216,0,142,0,359,77" /><INIT seed="3,0,0,2,4,41" ten="206,216,142,436" oya="3" hai0="15,0,83,60,118,38,116,10,52,124,93,7,68" hai1="45,82,50,115,134,85,17,114,90,130,13,49,103" hai2="47,131,19,18,51,59,3,4,33,20,44,108,37" hai3="31,120,24,69,133,23,14,32,78,75,25,53,117"/><W98/><G120/><T104/><D104/><U87/><E115/><V1/><F33/><W46/><G69/><T28/><D28/><U42/><E114/><V79/><F108/><W11/><G117/><T64/><D38/><U2/><E2/><V106/><F106/><W67/><G67/><T27/><D27/><U119/><E119/><V100/><F100/><W74/><G133/><T65/><D65/><U96/><E134/><V84/><F131/><W16/><G78/><T26/><D26/><U36/><E130/><V88/><F79/><W107/><G107/><T97/><D124/><U61/><E87/><V112/><F112/><W127/><G98/><T111/><D111/><U39/><E39/><V129/><F129/><W123/><G127/><T6/><D83/><U121/><E121/><V63/><F37/><W132/><G132/><T30/><D30/><U40/><E40/><V91/><F4/><W58/><G46/><N who="2" m="17449" /><F3/><W35/><G35/><T72/><D72/><U62/><E61/><V125/><F1/><W21/><G32/><T94/><D94/><U29/><E62/><V77/><F125/><W66/><G66/><T56/><D6/><U12/><E12/><N who="2" m="9287" /><F51/><W80/><G80/><T122/><D122/><U113/><E29/><V55/><F19/><W128/><G128/><T135/><D0/><U126/><E113/><V71/><F71/><W86/><G86/><T92/><D92/><U70/><E70/><V57/><F57/><W109/><G109/><T48/><D135/><U8/><E126/><V9/><F9/><W81/><G123/><T102/><AGARI ba="0,0" hai="7,10,15,48,52,56,60,64,68,93,97,102,116,118" machi="102" ten="20,5200,0" yaku="5,1,0,1,7,1,54,1" doraHai="41" who="0" fromWho="0" sc="206,52,216,-13,142,-13,436,-26" owari="258,6.0,203,-20.0,129,-37.0,410,51.0" /></mjloggm>