<mjloggm ver="2.3"><GO type="225" lobby="0"/><UN n0="%E7%B7%8B%E3%81%84%E7%8C%AB%EF%BC%9E%EF%BC%9C%EF%BC%81" n1="%E3%83%88%E3%83%88%E3%83%AA%E5%85%88%E7%94%9F%31%39%E6%AD%B3" n2="%E5%AE%AE%E5%AD%90" n3="%E5%A4%95%E5%8F%A2%E9%9C%A7%E9%A6%99" dan="16,17,16,16" rate="2054.23,2219.91,2049.34,2138.85" sx="F,F,M,F"/><TAIKYOKU oya="0"/><INIT seed="0,0,0,3,4,72" ten="250,250,250,250" oya="0" hai0="11,33,42,0,67,98,127,51,22,111,55,118,121" hai1="112,104,128,53,69,119,133,105,95,16,109,102,124" hai2="30,59,84,43,106,134,135,15,85,87,91,89,65" hai3="56,20,49,3,39,80,63,47,24,14,70,18,116"/><T81/><D121/><U58/><E69/><V44/><F106/><W26/><G116/><T120/><D118/><U125/><E119/><V40/><F30/><W92/><G3/><T115/><D120/><U61/><E109/><V29/><F29/><W1/><G1/><T83/><D115/><U77/><E112/><V113/><F113/><W64/><G92/><T90/><D33/><U93/><E133/><N who="2" m="50699" /><F15/><W122/><G122/><T6/><D127/><N who="1" m="48715" /><E128/><V54/><F65/><W8/><G8/><T41/><D111/><U32/><E32/><V74/><F74/><W97/><G97/><T10/><D67/><U79/><E95/><V31/><F31/><W19/><G19/><T100/><D22/><U17/><E93/><V68/><F68/><W78/><G39/><T129/><D11/><U5/><E5/><V73/><F73/><W62/><G62/><T131/><D129/><U9/><E17/><V34/><F34/><W46/><G70/><T86/><D131/><U108/><E108/><V88/><F44/><W96/><G96/><T94/><REACH who="0" step="1"/><D83/><REACH who="0" ten="240,250,250,250" step="2"/><U60/><E9/><V66/><F66/><W28/><G20/><T110/><D110/><U126/><E126/><V13/><F13/><W21/><G14/><T101/><D101/><U132/><E132/><V103/><F103/><W25/><G64/><T82/><D82/><U23/><E102/><V123/><F123/><W71/><G21/><T52/><D52/><N who="1" m="33863" /><E23/><V45/><F54/><W117/><G117/><T27/><D27/><U76/><E16/><V35/><F35/><W38/><G25/><T7/><D7/><RYUUKYOKU ba="0,1" sc="240,15,250,15,250,-15,250,-15" hai0="0,6,10,41,42,51,55,81,86,90,94,98,100" hai1="53,61,76,77,79,104,105" /><INIT seed="0,1,1,4,2,114" ten="255,265,235,235" oya="0" hai0="23,5,25,31,101,71,111,123,59,66,122,61,28" hai1="106,86,91,2,126,115,37,3,63,104,0,8,125" hai2="131,52,43,89,45,54,84,10,51,127,62,73,105" hai3="103,29,93,67,134,16,40,27,79,88,92,21,19"/><T17/><D111/><U100/><E115/><V36/><F127/><N who="1" m="48649" /><E37/><V24/><F131/><W22/><G134/><T13/><D101/><U30/><E30/><V133/><F133/><W117/><G117/><T132/><D132/><U7/><E63/><V97/><F73/><W9/><G79/><T14/><D71/><U69/><E69/><V56/><F10/><W116/><G116/><T102/><D102/><U39/><E39/><V26/><F105/><N who="1" m="40553" /><E100/><V85/><F97/><N who="3" m="59823" /><G40/><T75/><D75/><U110/><E110/><V55/><F85/><N who="3" m="52239" /><G67/><T128/><D128/><U64/><E64/><V120/><F120/><W50/><G50/><T35/><REACH who="0" step="1"/><D31/><REACH who="0" ten="245,265,235,235" step="2"/><U87/><E87/><V121/><F121/><W72/><G72/><T11/><AGARI ba="1,2" hai="5,11,13,14,17,23,25,28,35,59,61,66,122,123" machi="11" ten="30,6000,0" yaku="1,1,2,1,0,1,53,0" doraHai="114" doraHaiUra="124" who="0" fromWho="0" sc="245,83,265,-21,235,-21,235,-21" /><INIT seed="0,2,0,2,2,14" ten="328,244,214,214" oya="0" hai0="70,77,41,63,114,26,121,42,22,5,98,115,87" hai1="17,73,12,46,111,48,58,94,108,91,82,89,45" hai2="132,102,90,60,30,13,96,18,110,81,74,72,129" hai3="62,86,130,71,104,78,0,80,127,117,56,83,112"/><T88/><D121/><U1/><E1/><V16/><F110/><N who="1" m="42025" /><E58/><V118/><F30/><W65/><G117/><T67/><D5/><U33/><E33/><V59/><F118/><W50/><G112/><T51/><D98/><N who="1" m="57679" /><E48/><V39/><F39/><W75/><G104/><T2/><D2/><U116/><E116/><V32/><F32/><W21/><G0/><T79/><D114/><U53/><E53/><V122/><F122/><W9/><G9/><T52/><D115/><U135/><E135/><V25/><F132/><W34/><G34/><T10/><D42/><U120/><E120/><V43/><F43/><W35/><G21/><T92/><D41/><U101/><E101/><V20/><F129/><W68/><G50/><T57/><D10/><U107/><E107/><V6/><F6/><W47/><G47/><T125/><D125/><U49/><E49/><V133/><F133/><W54/><G54/><T95/><D95/><U36/><E36/><V55/><F90/><W31/><G56/><T100/><D100/><U103/><E103/><V29/><F81/><W7/><G80/><T124/><D124/><U38/><E38/><V37/><F37/><W84/><G83/><T106/><D106/><U27/><E91/><V8/><F29/><AGARI ba="2,0" hai="22,26,29,51,52,57,63,67,70,77,79,87,88,92" machi="29" ten="30,5800,0" yaku="7,1,54,2" doraHai="14" who="0" fromWho="2" sc="328,64,244,0,214,-64,214,0" /><INIT seed="0,3,0,0,1,108" ten="392,244,150,214" oya="0" hai0="134,36,20,69,32,115,94,135,93,116,27,95,102" hai1="5,14,86,119,132,112,85,23,104,77,60,35,34" hai2="111,96,106,76,33,78,13,16,40,100,30,125,84" hai3="70,25,92,74,17,26,101,31,103,37,90,57,71"/><T66/><D116/><U120/><E119/><V38/><F111/><W118/><G118/><T65/><D32/><U19/><E120/><V1/><F1/><W91/><G74/><T10/><D36/><U50/><E104/><V79/><F125/><W12/><G37/><T21/><D10/><U83/><E132/><N who="0" m="50729" /><D102/><U4/><E112/><V98/><F98/><N who="3" m="57623" /><G70/><T68/><D115/><U39/><E39/><V73/><F73/><W61/><G91/><T107/><D27/><N who="3" m="10249" /><G71/><N who="0" m="27211" /><D107/><U56/><E35/><V82/><F30/><W41/><G41/><T117/><D117/><U75/><E34/><V52/><F33/><W29/><G103/><T24/><D24/><U123/><E123/><V54/><F40/><W6/><G6/><T105/><D105/><U121/><E121/><V128/><F38/><W124/><G101/><T58/><D58/><U44/><E5/><V126/><F126/><W80/><G124/><T55/><D55/><U45/><E4/><V63/><F128/><W133/><G133/><T67/><AGARI ba="3,0" hai="20,21,65,66,67,93,94,95" m="27211,50729" machi="67" ten="40,7800,0" yaku="28,2,20,1" doraHai="108" who="0" fromWho="0" sc="392,87,244,-29,150,-29,214,-29" /><INIT seed="0,4,0,3,3,30" ten="479,215,121,185" oya="0" hai0="111,33,87,122,99,36,128,20,108,124,100,92,1" hai1="22,75,88,53,27,134,135,101,40,37,68,14,116" hai2="70,62,115,105,89,32,25,84,119,98,3,95,102" hai3="24,10,55,34,44,106,110,132,57,47,35,96,8"/><T91/><D122/><U65/><E116/><V133/><F115/><W21/><G110/><N who="0" m="42027" /><D36/><U129/><E75/><V18/><F119/><W31/><G132/><T74/><D74/><U4/><E129/><V49/><F133/><W120/><G120/><T123/><D123/><U77/><E77/><V61/><F3/><W71/><G71/><T11/><D20/><U59/><E101/><V69/><F49/><W64/><G64/><T82/><D124/><U17/><E65/><V50/><F50/><W112/><G112/><T76/><D33/><U54/><E68/><V48/><F70/><W131/><G131/><T94/><D128/><U85/><E37/><V41/><F69/><W29/><G96/><T67/><D67/><U83/><E53/><V127/><F127/><W78/><G78/><T28/><D28/><U126/><E40/><V12/><F41/><W107/><G21/><T19/><D1/><U52/><E54/><V15/><F48/><W5/><G55/><T97/><D11/><N who="1" m="4455" /><E126/><V46/><F46/><W63/><G24/><T13/><D100/><U7/><E135/><V117/><F117/><W79/><G34/><T45/><D45/><U125/><E134/><V118/><F118/><W0/><G35/><T56/><D56/><U81/><E125/><V60/><REACH who="2" step="1"/><F18/><REACH who="2" ten="479,215,111,185" step="2"/><W43/><G47/><T26/><D19/><U72/><E17/><V51/><F51/><W16/><G16/><T121/><D121/><U130/><E130/><V38/><F38/><W58/><G44/><T113/><D113/><U109/><E109/><V73/><F73/><W39/><G43/><RYUUKYOKU ba="4,1" sc="479,-10,215,-10,111,30,185,-10" hai2="12,15,25,32,60,61,62,84,89,95,98,102,105" /><INIT seed="1,5,1,2,2,14" ten="469,205,141,175" oya="1" hai0="70,105,98,30,129,56,4,99,122,95,39,35,111" hai1="33,28,29,24,106,46,73,83,110,9,88,7,84" hai2="96,36,23,68,92,109,22,114,50,37,8,94,58" hai3="100,11,66,52,42,107,123,13,87,113,21,108,112"/><U97/><E110/><V103/><F109/><W91/><G108/><T32/><D111/><RYUUKYOKU type="kaze4" ba="5,1" sc="469,0,205,0,141,0,175,0" /><INIT seed="1,6,1,1,5,87" ten="469,205,141,175" oya="1" hai0="62,91,131,63,45,59,128,46,70,97,93,119,34" hai1="74,112,79,129,35,116,98,121,58,44,71,36,82" hai2="108,118,105,77,125,37,83,72,10,32,3,81,24" hai3="57,127,4,50,106,67,86,124,29,19,61,94,39"/><U60/><E112/><V84/><F118/><W126/><G106/><T0/><D119/><U64/><E116/><V115/><F115/><W117/><G117/><T123/><D123/><U75/><E121/><V14/><F3/><W30/><G39/><T100/><D0/><U5/><E35/><V26/><F108/><W33/><G4/><T90/><D34/><U40/><E129/><N who="0" m="49737" /><D70/><U8/><E98/><V111/><F111/><W89/><G33/><T22/><D22/><U69/><REACH who="1" step="1"/><E74/><REACH who="1" ten="469,195,141,175" step="2"/><V43/><F32/><W66/><G127/><T99/><D97/><U23/><E23/><V41/><F125/><W56/><G126/><T38/><D99/><U6/><E6/><V47/><F105/><W92/><G124/><T54/><D100/><U113/><E113/><V31/><F31/><W88/><G19/><T16/><D16/><U48/><E48/><V25/><F43/><W28/><G50/><T80/><D38/><U135/><E135/><V65/><F72/><W18/><G18/><T7/><D7/><U42/><E42/><V101/><F101/><W132/><G132/><T68/><D63/><U102/><E102/><V122/><F122/><W12/><G61/><T1/><D62/><U110/><E110/><V2/><F2/><AGARI ba="6,2" hai="2,5,8,36,40,44,58,60,64,69,71,75,79,82" machi="2" ten="30,11600,0" yaku="1,1,7,1,25,2,53,0" doraHai="87" doraHaiUra="49" who="1" fromWho="2" sc="469,0,195,154,141,-134,175,0" /><INIT seed="1,7,0,0,2,44" ten="469,349,7,175" oya="1" hai0="63,66,114,64,25,115,15,33,32,76,112,78,1" hai1="62,45,82,113,125,51,100,13,89,105,72,90,55" hai2="77,111,50,26,0,5,69,6,42,129,87,22,28" hai3="8,19,81,116,132,79,123,36,128,133,24,2,53"/><U7/><E113/><V4/><F111/><W3/><G36/><T70/><D1/><U75/><E125/><V27/><F69/><W35/><G123/><T86/><D66/><U34/><E34/><V97/><F129/><W29/><G128/><T131/><D131/><U67/><E105/><V126/><F0/><W83/><G83/><T85/><D15/><U94/><E100/><V23/><F126/><W88/><G116/><T12/><D12/><U38/><E38/><V118/><F97/><W9/><G88/><T46/><D46/><U117/><E117/><V130/><F118/><W11/><G19/><T124/><D124/><U98/><E7/><V109/><F130/><W135/><G53/><T37/><D37/><U41/><E41/><V59/><F109/><W56/><G56/><T49/><D32/><U18/><E89/><V40/><F77/><W92/><G92/><T39/><D39/><U58/><REACH who="1" step="1"/><E82/><REACH who="1" ten="469,339,7,175" step="2"/><V52/><F87/><AGARI ba="7,1" hai="2,3,8,9,11,24,29,35,79,81,87,132,133,135" machi="87" ten="50,1600,0" yaku="20,1" doraHai="44" who="3" fromWho="2" sc="469,0,339,0,7,-37,175,47" owari="469,57.0,339,14.0,-30,-53.0,222,-18.0" /></mjloggm>