<mjloggm ver="2.3"><GO type="41" lobby="0"/><UN n0="%E5%B0%B1%E6%B4%BB%E7%94%9F%40%E5%B7%9D%E6%9D%91%E8%BB%8D%E5%9B%A3" n1="%E3%83%8F%E3%82%A4%E3%83%86%E3%83%B3%E3%83%9C%E3%83%BC" n2="%E8%AC%8E%E3%81%AE%E9%9B%80%E5%A3%AB" n3="%6E%6F%72%75%6E%6F" dan="17,15,13,14" rate="2154.03,2054.48,1821.93,1954.96" sx="M,M,M,M"/><TAIKYOKU oya="0"/><INIT seed="0,0,0,0,4,68" ten="250,250,250,250" oya="0" hai0="83,135,77,128,71,112,130,70,93,30,45,78,16" hai1="24,104,81,92,56,85,98,5,22,108,126,10,119" hai2="125,116,14,54,88,75,99,50,96,129,82,106,80" hai3="110,2,133,42,40,105,36,47,97,122,37,114,131"/><T9/><D30/><U3/><E119/><V23/><F116/><W31/><G31/><T69/><D112/><U115/><E104/><V51/><F125/><W1/><G114/><T73/><D135/><U7/><E115/><V18/><F129/><N who="0" m="49770" /><D78/><U19/><E126/><V38/><F38/><N who="3" m="21911" /><G131/><T65/><D93/><U63/><E108/><V67/><F67/><W44/><G110/><T87/><D73/><U60/><E7/><V49/><F75/><W0/><G37/><T66/><D45/><U95/><E63/><V17/><F17/><W27/><G27/><T32/><D32/><U55/><E98/><V103/><F54/><W15/><G15/><AGARI ba="0,0" hai="9,15,16,65,66,69,70,71,77,83,87" m="49770" machi="15" ten="40,3900,0" yaku="19,1,54,1" doraHai="68" who="0" fromWho="3" sc="250,39,250,0,250,0,250,-39" /><INIT seed="0,1,0,2,2,85" ten="289,250,250,211" oya="0" hai0="53,23,92,111,19,98,109,120,57,51,63,125,6" hai1="32,107,67,46,106,71,108,104,112,54,41,101,123" hai2="7,61,131,122,97,21,60,40,31,129,94,133,20" hai3="55,26,17,0,14,4,39,114,128,34,59,2,12"/><T84/><D120/><U27/><E123/><V62/><F122/><W89/><G39/><T74/><D74/><U11/><E112/><V56/><F40/><W96/><G114/><T81/><D6/><U70/><E54/><V121/><F121/><W91/><G128/><T99/><D125/><U64/><E11/><V50/><F133/><W22/><G96/><T135/><D135/><U102/><E108/><N who="0" m="41545" /><D63/><U36/><E67/><V3/><F3/><W37/><G37/><T88/><D81/><U110/><E110/><V68/><F68/><W35/><G35/><T30/><D30/><U86/><E86/><V44/><F7/><W79/><G79/><T126/><D126/><U115/><E115/><V28/><F56/><W95/><G12/><AGARI ba="1,0" hai="12,19,23,51,53,57,84,88,92,98,99" m="41545" machi="12" ten="30,12000,1" yaku="25,1,14,1,10,1,52,1,54,1" doraHai="85" who="0" fromWho="3" sc="289,123,250,0,250,0,211,-123" /><INIT seed="0,2,0,2,4,96" ten="412,250,250,88" oya="0" hai0="131,71,31,110,15,123,68,134,86,3,127,84,133" hai1="92,73,56,59,83,135,2,8,21,42,95,10,30" hai2="52,17,28,118,57,91,70,37,89,85,108,81,58" hai3="103,60,75,24,112,48,46,64,121,35,9,0,6"/><T13/><D3/><U115/><E42/><V47/><F118/><W122/><G112/><T124/><D123/><N who="3" m="47113" /><G75/><T77/><D31/><U67/><E115/><V50/><F108/><W39/><G39/><T132/><D110/><U100/><E135/><V74/><F74/><W129/><G129/><T38/><D38/><U114/><E114/><V5/><F5/><W43/><G103/><T80/><D131/><U26/><E2/><V107/><F107/><W116/><G116/><T106/><D106/><U22/><E22/><V94/><F70/><N who="0" m="26666" /><D84/><U66/><E73/><V12/><F37/><W40/><G40/><T79/><D79/><U78/><E78/><V101/><F28/><N who="3" m="19847" /><G60/><T109/><D109/><U45/><E45/><V104/><F104/><W25/><G25/><T111/><D111/><U53/><E83/><V11/><REACH who="2" step="1"/><F101/><REACH who="2" ten="412,250,240,88" step="2"/><W51/><G64/><T113/><D113/><U99/><E67/><V44/><F44/><W87/><G48/><T128/><D128/><U4/><E4/><V63/><F63/><W41/><G41/><T61/><D61/><N who="1" m="38207" /><E92/><V76/><F76/><W14/><G87/><AGARI ba="2,1" hai="11,12,17,47,50,52,57,58,81,85,87,89,91,94" machi="87" ten="30,12000,2" yaku="1,1,7,1,25,2,8,1,54,1,53,0" doraHai="96" doraHaiUra="130" who="2" fromWho="3" sc="412,0,250,0,240,136,88,-126" owari="412,51.0,250,-15.0,376,18.0,-38,-54.0" /></mjloggm>