<mjloggm ver="2.3"><GO type="225" lobby="0"/><UN n0="%E2%98%86%E9%BB%84%E7%80%AC%E3%82%84%E3%82%88%E3%81%84%E2%98%86" n1="%E5%B0%B1%E6%B4%BB%E7%94%9F%40%E5%B7%9D%E6%9D%91%E8%BB%8D%E5%9B%A3" n2="%E3%82%B7%E3%83%AB%E3%83%93%E3%82%A3" n3="%E6%9C%9D%E5%80%89%E6%9C%88%E5%A5%88" dan="17,16,17,17" rate="2136.29,2116.64,2171.89,2117.15" sx="F,M,F,M"/><TAIKYOKU oya="0"/><INIT seed="0,0,0,0,5,75" ten="250,250,250,250" oya="0" hai0="123,5,60,96,80,18,93,46,110,42,19,16,7" hai1="55,10,2,95,33,84,73,70,92,121,122,71,20" hai2="119,90,67,61,94,23,112,98,108,13,34,78,127" hai3="117,31,43,88,45,11,99,28,79,25,58,132,111"/><T109/><D123/><U107/><E73/><V12/><F112/><W76/><G117/><T120/><D120/><U21/><E107/><V91/><F34/><W35/><G111/><N who="0" m="42507" /><D80/><U128/><E128/><V64/><F108/><W30/><G132/><T47/><D60/><U72/><E72/><V101/><F119/><W116/><G116/><T24/><D24/><U131/><E131/><V66/><F127/><W97/><G35/><T15/><D15/><N who="2" m="5706" /><F23/><N who="3" m="15423" /><G11/><T68/><D68/><U44/><E33/><V57/><F78/><N who="3" m="29739" /><G58/><T51/><D47/><U48/><E10/><V4/><F4/><W85/><G31/><T36/><D36/><U82/><E2/><V62/><F62/><W0/><G30/><T89/><AGARI ba="0,0" hai="5,7,16,18,19,42,46,51,89,93,96" m="42507" machi="89" ten="30,6000,0" yaku="14,1,10,1,54,1" doraHai="75" who="0" fromWho="0" sc="250,60,250,-20,250,-20,250,-20" /><INIT seed="0,1,0,4,3,48" ten="310,230,230,230" oya="0" hai0="13,45,40,84,11,69,5,104,37,49,35,91,97" hai1="55,24,128,25,3,57,135,125,134,21,20,1,58" hai2="77,70,115,59,86,90,95,122,65,74,41,80,16" hai3="132,93,66,110,29,28,73,43,98,34,26,101,107"/><T127/><D127/><U17/><E125/><V126/><F126/><W99/><G73/><T129/><D69/><U81/><E128/><V27/><F115/><W117/><G117/><T2/><D35/><U6/><E81/><V51/><F122/><W61/><G132/><T38/><D129/><U105/><E105/><V76/><F70/><W111/><G43/><T109/><D109/><U68/><E68/><V4/><F4/><W39/><G39/><T130/><D130/><U131/><E131/><V46/><F74/><W0/><G0/><T83/><D2/><U14/><E58/><V112/><F112/><W108/><G28/><T44/><D44/><U92/><E92/><V15/><F27/><W94/><REACH who="3" step="1"/><G99/><REACH who="3" ten="310,230,230,220" step="2"/><T23/><D97/><U82/><E134/><V52/><F65/><W60/><G60/><T50/><D38/><U102/><E135/><V120/><F120/><W42/><G42/><T64/><D37/><U123/><E123/><V103/><F103/><W96/><G96/><T8/><D40/><U72/><E102/><V54/><F41/><W87/><G87/><T71/><D64/><U56/><E72/><V113/><F113/><W79/><G79/><T32/><D84/><U62/><E62/><N who="2" m="36199" /><F80/><W9/><G9/><AGARI ba="1,1" hai="9,15,16,46,51,54,76,77,86,90,95" m="36199" machi="9" ten="30,8000,1" yaku="8,1,52,2,54,2" doraHai="48" who="2" fromWho="3" sc="310,0,230,0,230,93,220,-83" /><INIT seed="1,0,0,3,2,28" ten="310,230,323,137" oya="1" hai0="60,130,103,63,127,86,76,112,106,85,46,113,84" hai1="47,3,104,123,16,105,52,125,41,25,55,20,26" hai2="128,6,66,101,35,67,135,50,44,15,94,31,89" hai3="69,83,33,111,43,19,79,102,48,51,118,71,58"/><U109/><E123/><V9/><F101/><W68/><G102/><T77/><D103/><U126/><E109/><V100/><F100/><W108/><G118/><T53/><D106/><U81/><E3/><V132/><F128/><W107/><G107/><N who="1" m="41034" /><E26/><N who="2" m="18935" /><F89/><W1/><G1/><T96/><D96/><U18/><E18/><V8/><F8/><W80/><G19/><T39/><D130/><U59/><E81/><N who="3" m="31306" /><G79/><T117/><D117/><U21/><E59/><V61/><F61/><W70/><G58/><T120/><D39/><N who="1" m="21951" /><E21/><V95/><F95/><W23/><G23/><T115/><D120/><U122/><E122/><V49/><F94/><W75/><N who="3" m="17408" /><DORA hai="134" /><W74/><G43/><T14/><D14/><U13/><E25/><V82/><F82/><W114/><G114/><T29/><D113/><U98/><E98/><V38/><F38/><W30/><G30/><T27/><D112/><U54/><E54/><V97/><F97/><W56/><G56/><T22/><D53/><U12/><E12/><V65/><F44/><W121/><G33/><T24/><D46/><U57/><E57/><V133/><AGARI ba="0,0" hai="6,9,15,49,50,65,66,67,132,133,135" m="18935" machi="133" ten="40,2700,0" yaku="20,1,52,1" doraHai="28,134" who="2" fromWho="2" sc="310,-7,230,-13,323,27,137,-7" /><INIT seed="2,0,0,1,1,133" ten="303,217,350,130" oya="2" hai0="78,28,129,98,29,38,95,43,44,132,83,96,108" hai1="20,119,76,1,103,114,56,101,68,11,113,31,67" hai2="105,27,99,91,72,118,94,57,23,121,22,116,135" hai3="16,97,127,88,128,42,84,48,100,69,26,50,70"/><V104/><F121/><W33/><G128/><T120/><D120/><U60/><E119/><V90/><F135/><W12/><G127/><T8/><D132/><U130/><E130/><V61/><F72/><W10/><G69/><T111/><D129/><U112/><E76/><V110/><F23/><W64/><G64/><T21/><D8/><U9/><E68/><V107/><F91/><W37/><G70/><T92/><D21/><U6/><E11/><V125/><F125/><W25/><G37/><T106/><D106/><U36/><E36/><V0/><F0/><W54/><G42/><T18/><D18/><U19/><REACH who="1" step="1"/><E31/><REACH who="1" ten="303,207,350,130" step="2"/><V75/><F116/><W77/><G77/><T93/><D29/><U2/><E2/><V17/><F118/><W123/><G123/><T122/><D28/><U7/><E7/><V40/><F75/><W131/><G131/><T55/><D122/><U126/><E126/><V30/><F30/><W51/><G33/><T34/><D34/><U86/><E86/><V89/><F99/><W85/><G84/><N who="0" m="48247" /><D98/><U82/><E82/><V49/><F22/><W58/><G97/><T102/><D96/><U115/><N who="1" m="29184" /><DORA hai="32" /><U65/><E65/><V47/><F105/><W46/><G100/><T3/><D102/><U66/><E66/><V24/><F107/><W109/><G109/><N who="0" m="42059" /><D3/><U80/><E80/><V62/><F104/><W4/><G4/><T79/><D79/><U73/><E73/><V53/><F110/><W59/><G85/><T74/><D74/><U71/><E71/><V35/><F35/><W63/><G10/><T41/><D38/><RYUUKYOKU ba="0,1" sc="303,15,207,15,350,-15,130,-15" hai0="41,43,44,55,92,93,95" hai1="1,6,9,19,20,56,60,67,101,103" /><INIT seed="3,1,1,5,3,80" ten="318,222,335,115" oya="3" hai0="108,116,130,37,62,112,25,98,47,105,26,61,13" hai1="6,89,30,29,64,113,131,99,132,9,36,59,88" hai2="0,28,82,58,122,75,126,24,123,21,67,119,51" hai3="103,23,74,5,11,44,10,16,128,73,100,49,52"/><W86/><G128/><T18/><D116/><U91/><E36/><V127/><F0/><W60/><G74/><T120/><D120/><N who="2" m="46122" /><F119/><W31/><G73/><T92/><D105/><U19/><E113/><V20/><F20/><W12/><G31/><T121/><D121/><U133/><E131/><V124/><F51/><W43/><G86/><T104/><D104/><U8/><E99/><V125/><F125/><W114/><G114/><T90/><D112/><U54/><E64/><V48/><F48/><W70/><G10/><N who="0" m="6455" /><D130/><U22/><E30/><V53/><F53/><W97/><G97/><T96/><D108/><U15/><E29/><V84/><F75/><W35/><G35/><T109/><D109/><U95/><E95/><V129/><F129/><W72/><G72/><T46/><D37/><U135/><REACH who="1" step="1"/><E6/><REACH who="1" ten="318,212,335,115" step="2"/><V63/><F126/><W71/><G71/><T118/><D118/><U76/><E76/><AGARI ba="1,2" hai="21,24,28,58,63,67,76,82,84,124,127" m="46122" machi="76" ten="30,2000,0" yaku="13,1,52,1" doraHai="80" who="2" fromWho="1" sc="318,0,212,-23,335,43,115,0" owari="318,12.0,189,-21.0,378,47.0,115,-38.0" /></mjloggm>