<mjloggm ver="2.3"><GO type="169" lobby="0"/><UN n0="%E3%82%A2%E3%83%95%E3%83%AA%E3%82%AB" n1="%E3%82%A6%E3%83%AB%E3%83%88%E3%83%A9%E7%AB%8B%E7%9B%B4" n2="%53%69%6D%6F%6F%6E" n3="%E5%A4%95%E5%87%AA" dan="17,17,17,18" rate="2195.11,2141.59,2169.36,2176.23" sx="M,M,M,M"/><TAIKYOKU oya="0"/><INIT seed="0,0,0,1,0,85" ten="250,250,250,250" oya="0" hai0="125,120,88,55,28,33,18,93,63,60,113,98,26" hai1="75,121,70,0,11,45,32,5,29,87,48,38,105" hai2="92,78,59,61,97,135,102,58,51,50,95,12,76" hai3="80,115,86,124,99,34,24,36,114,65,49,89,52"/><T100/><D113/><U35/><E121/><V62/><F135/><W16/><G36/><T9/><D120/><U111/><E111/><V133/><F133/><W53/><G124/><T7/><D125/><U67/><E29/><V13/><F97/><W84/><G65/><T106/><D18/><U104/><E87/><V10/><F10/><W42/><G99/><T39/><D39/><U123/><E48/><V73/><F73/><W2/><G2/><T66/><D55/><U118/><E118/><V129/><F129/><W117/><G117/><T81/><D81/><U46/><E46/><V83/><F83/><N who="3" m="49311" /><G34/><N who="1" m="12842" /><E75/><V77/><F78/><N who="3" m="46359" /><G115/><T71/><D71/><U8/><E8/><V54/><F54/><W126/><G126/><T22/><D33/><U122/><E123/><V79/><F77/><W107/><G107/><T31/><D66/><U30/><E122/><V14/><REACH who="2" step="1"/><F13/><REACH who="2" ten="250,250,240,250" step="2"/><W3/><G3/><T47/><D9/><U20/><E11/><V130/><F130/><W1/><G1/><T103/><D7/><U6/><E6/><V69/><F69/><W101/><G114/><T57/><D106/><U25/><E5/><V128/><F128/><W108/><G108/><T23/><D47/><U119/><E0/><V72/><F72/><W21/><G101/><AGARI ba="0,1" hai="12,14,50,51,58,59,61,62,76,79,92,95,101,102" machi="101" ten="25,6400,0" yaku="1,1,22,2,8,1,53,0" doraHai="85" doraHaiUra="19" who="2" fromWho="3" sc="250,0,250,0,240,74,250,-64" /><INIT seed="1,0,0,1,0,119" ten="250,250,314,186" oya="1" hai0="40,64,79,74,35,69,36,4,94,29,130,7,39" hai1="10,131,106,78,99,134,73,90,44,122,88,48,3" hai2="82,34,66,15,27,57,25,76,107,62,124,102,52" hai3="18,96,23,61,42,93,30,53,12,0,13,108,98"/><U71/><E71/><V126/><F34/><W21/><G0/><T14/><D94/><U103/><E122/><V70/><F102/><W116/><G116/><T92/><D92/><U22/><E131/><V83/><F107/><W26/><G108/><T31/><D130/><U54/><E134/><V47/><F47/><W49/><G42/><T43/><D64/><U115/><E115/><V65/><F15/><W111/><G111/><T51/><D51/><U67/><E67/><N who="2" m="25611" /><F70/><W110/><G61/><T16/><D69/><U68/><E68/><V127/><F83/><W11/><G110/><T41/><D39/><U118/><E118/><V6/><F6/><N who="0" m="2090" /><D74/><AGARI ba="0,0" hai="25,27,52,57,62,74,76,82,124,126,127" m="25611" machi="74" ten="30,2000,0" yaku="18,1,54,1" doraHai="119" who="2" fromWho="0" sc="250,-20,250,0,314,20,186,0" /><INIT seed="2,0,0,3,3,44" ten="230,250,334,186" oya="2" hai0="11,69,85,123,60,61,96,106,132,19,107,8,80" hai1="109,117,70,54,18,90,16,36,48,71,113,38,93" hai2="122,111,104,87,49,91,84,98,3,42,92,112,4" hai3="131,88,108,25,12,58,75,13,126,6,102,0,55"/><V17/><F112/><W73/><G0/><T78/><D123/><U51/><E113/><V129/><F122/><W21/><G131/><T77/><D132/><U95/><E54/><V46/><F129/><W9/><G102/><T41/><D41/><U125/><E90/><V63/><F3/><W120/><G120/><T2/><D78/><U128/><E128/><V114/><F4/><W24/><G126/><T118/><D118/><U133/><E125/><V31/><F31/><W47/><G47/><T35/><D35/><U121/><E121/><V65/><F104/><W32/><G32/><T50/><D69/><U7/><E7/><V89/><F114/><W45/><G45/><T33/><D33/><U79/><E79/><V30/><F30/><W100/><G100/><T134/><D107/><U72/><E72/><V119/><F119/><W110/><G75/><T67/><D134/><U124/><E124/><V15/><F91/><W37/><G88/><T130/><D130/><U23/><E133/><V39/><F39/><W28/><G37/><T34/><D34/><U29/><E29/><V103/><F103/><W86/><G28/><T74/><D74/><U57/><E117/><V101/><F101/><W40/><G73/><T22/><D2/><U43/><E43/><V83/><F83/><W97/><G40/><T62/><D106/><U81/><E81/><V68/><F111/><W5/><G110/><T82/><D82/><U105/><E109/><V56/><F68/><W76/><G108/><T10/><D80/><U135/><E105/><V66/><F66/><W20/><G76/><RYUUKYOKU ba="0,0" sc="230,-10,250,-10,334,30,186,-10" hai2="15,17,42,46,49,56,63,65,84,87,89,92,98" /><INIT seed="2,1,0,0,3,90" ten="220,240,364,176" oya="2" hai0="49,38,125,26,76,102,121,89,41,105,59,107,42" hai1="70,87,74,17,103,94,32,101,1,66,24,62,30" hai2="131,126,51,15,20,96,109,33,123,6,79,48,72" hai3="112,52,128,23,99,63,37,106,44,47,31,43,19"/><V124/><F123/><W85/><G128/><T36/><D121/><U117/><E117/><V122/><F122/><W129/><G129/><T57/><D89/><U21/><E74/><V78/><F33/><W130/><G130/><T16/><D76/><U108/><E108/><V118/><F118/><W58/><G112/><T104/><D102/><U133/><E133/><V45/><F131/><W56/><G31/><T60/><D125/><N who="2" m="48234" /><F72/><W67/><G85/><T97/><D97/><U34/><E34/><V86/><F51/><W69/><G47/><T25/><D49/><U100/><E1/><V114/><F114/><W110/><G110/><T2/><D2/><U91/><REACH who="1" step="1"/><E103/><REACH who="1" ten="220,230,364,176" step="2"/><V75/><F75/><W27/><G37/><T11/><D38/><U115/><E115/><V95/><F109/><W7/><G43/><T54/><D41/><U55/><E55/><V9/><F86/><W84/><G84/><T83/><D42/><U46/><E46/><V39/><F39/><W135/><G44/><T28/><D36/><U8/><E8/><V35/><F35/><W132/><G132/><T40/><D40/><U77/><E77/><V18/><F45/><W82/><G135/><T22/><D11/><U3/><E3/><V80/><F80/><W12/><G82/><T5/><D83/><U14/><AGARI ba="1,1" hai="14,17,21,24,30,32,62,66,70,87,91,94,100,101" machi="14" ten="20,8000,1" yaku="1,1,0,1,7,1,52,1,53,1" doraHai="90" doraHaiUra="65" who="1" fromWho="1" sc="220,-21,230,93,364,-41,176,-21" /><INIT seed="3,0,0,5,0,106" ten="199,323,323,155" oya="3" hai0="68,16,43,15,78,109,119,127,128,20,48,99,19" hai1="37,117,135,4,125,96,104,77,14,89,45,17,33" hai2="10,86,107,66,123,2,110,113,53,52,82,5,61" hai3="80,64,79,30,21,114,8,73,22,105,41,81,101"/><W74/><G114/><T62/><D119/><U63/><E117/><V23/><F113/><W54/><G64/><T27/><D109/><U133/><E33/><V42/><F107/><W118/><G118/><T9/><D128/><U50/><E125/><V56/><F110/><W34/><G41/><T47/><D127/><U98/><E37/><V103/><F103/><W1/><G54/><T87/><D99/><U18/><E77/><V85/><F123/><W57/><G57/><T88/><D78/><U121/><E121/><V120/><F120/><W91/><G91/><T84/><D84/><U129/><E129/><V36/><F86/><W65/><G65/><T44/><D44/><U46/><E63/><V40/><F40/><W28/><G79/><T24/><D62/><U7/><E104/><V67/><F67/><W92/><G105/><T90/><D68/><U49/><E14/><V12/><F42/><W122/><G34/><T58/><D58/><U29/><E29/><N who="3" m="11370" /><G122/><T39/><D39/><U38/><E38/><V59/><F36/><W13/><G1/><T93/><D90/><AGARI ba="0,0" hai="4,7,17,18,45,46,49,50,89,90,96,98,133,135" machi="90" ten="25,1600,0" yaku="22,2" doraHai="106" who="1" fromWho="0" sc="199,-16,323,16,323,0,155,0" /><INIT seed="4,0,0,0,3,77" ten="183,339,323,155" oya="0" hai0="40,66,76,0,24,81,90,67,84,49,60,9,12" hai1="119,32,111,50,91,57,120,1,65,79,47,53,17" hai2="134,6,126,107,36,83,115,41,132,109,19,39,131" hai3="7,61,125,37,133,72,122,85,64,21,55,117,116"/><T3/><D24/><U108/><E32/><V10/><F109/><N who="1" m="42057" /><E91/><V94/><F107/><W58/><G72/><T105/><D105/><U92/><E92/><V63/><F41/><W13/><G37/><T46/><D90/><U15/><E17/><V89/><F19/><W103/><G133/><N who="2" m="51305" /><F131/><W127/><G122/><T73/><D73/><U100/><E15/><V88/><F126/><W78/><G103/><T22/><D22/><U114/><E79/><V70/><F83/><N who="3" m="47351" /><G117/><T97/><D97/><U31/><E31/><V69/><F89/><W14/><G116/><T135/><D135/><U128/><E100/><V44/><F44/><W4/><G127/><T112/><D112/><U87/><E87/><N who="2" m="52511" /><F115/><W74/><G74/><T80/><D80/><U54/><E114/><V23/><F23/><W27/><G125/><T124/><D124/><U8/><E47/><V51/><F51/><W38/><G38/><N who="2" m="14377" /><F63/><W52/><G7/><N who="0" m="3135" /><D60/><U16/><E50/><V18/><F18/><N who="3" m="10455" /><G27/><T2/><AGARI ba="0,0" hai="0,2,3,40,46,49,66,67,76,81,84" m="3135" machi="2" ten="30,3000,0" yaku="25,1,52,1" doraHai="77" who="0" fromWho="0" sc="183,30,339,-10,323,-10,155,-10" /><INIT seed="4,1,0,4,5,29" ten="213,329,313,145" oya="0" hai0="102,3,103,69,114,127,79,56,116,100,59,68,115" hai1="87,117,40,23,122,63,110,108,32,96,85,22,93" hai2="118,84,33,24,104,111,99,34,76,61,10,11,5" hai3="133,4,57,50,25,89,21,72,71,62,83,36,98"/><T38/><D3/><U12/><E32/><V97/><F111/><W51/><G36/><T75/><D38/><U101/><E117/><V90/><F76/><W15/><G133/><T20/><D20/><U82/><E122/><V66/><F118/><W77/><G71/><N who="0" m="27211" /><D116/><U105/><E40/><V8/><F5/><W26/><G26/><T9/><D9/><U91/><E63/><V70/><F24/><W129/><G129/><T16/><D16/><U132/><E12/><V74/><F74/><W54/><G15/><T1/><D1/><U53/><E53/><V131/><F131/><W81/><G4/><T46/><D46/><U123/><E123/><V86/><F86/><W126/><G83/><N who="0" m="45567" /><D127/><U44/><E44/><V47/><F47/><W31/><G126/><T80/><D80/><U65/><E65/><V88/><F90/><W14/><G14/><T52/><D52/><U119/><E119/><V6/><F6/><W92/><AGARI ba="1,0" hai="21,25,31,50,51,54,57,62,72,77,81,89,92,98" machi="92" ten="30,1100,0" yaku="0,1" doraHai="29" who="3" fromWho="3" sc="213,-6,329,-4,313,-4,145,14" /><INIT seed="5,0,0,5,5,50" ten="207,325,309,159" oya="1" hai0="5,52,106,61,29,112,63,93,59,127,51,53,124" hai1="13,15,68,67,0,12,3,114,104,64,94,82,23" hai2="116,84,28,87,46,89,4,108,72,69,10,103,128" hai3="135,132,105,111,60,79,133,115,62,85,99,109,56"/><U66/><E104/><V76/><F72/><W55/><G115/><T27/><D106/><U107/><E107/><V7/><F69/><W33/><G33/><T90/><D5/><U71/><E114/><V14/><F108/><W40/><G40/><T98/><D112/><U113/><E113/><V17/><F116/><W92/><G105/><T129/><D129/><U30/><E82/><N who="2" m="47175" /><F128/><W131/><G131/><T119/><D119/><U32/><E94/><N who="2" m="54591" /><F103/><W49/><G85/><T22/><REACH who="0" step="1"/><D63/><REACH who="0" ten="197,325,309,159" step="2"/><N who="3" m="24105" /><G79/><T54/><D54/><U100/><E0/><V47/><F7/><W57/><G57/><AGARI ba="0,1" hai="22,27,29,51,52,53,57,59,61,90,93,98,124,127" machi="57" ten="40,8000,1" yaku="1,1,52,2,54,1,53,0" doraHai="50" doraHaiUra="120" who="0" fromWho="3" sc="197,90,325,0,309,0,159,-80" /><INIT seed="6,0,0,1,4,68" ten="287,325,309,79" oya="2" hai0="77,10,82,70,102,90,19,94,53,83,88,2,116" hai1="55,56,61,15,130,34,104,6,31,32,71,63,27" hai2="76,107,59,109,45,115,113,79,110,81,125,26,128" hai3="122,57,23,12,18,41,35,126,119,95,91,50,3"/><V89/><F107/><W44/><G126/><T108/><D108/><N who="2" m="41578" /><F125/><W49/><G122/><T103/><D70/><U101/><E15/><V62/><F128/><W72/><G72/><T93/><D116/><U123/><E6/><V105/><F105/><W133/><G133/><T25/><D2/><U0/><E0/><V7/><F7/><W134/><G3/><T51/><D25/><U29/><E130/><V99/><F26/><W17/><G134/><T30/><D30/><N who="1" m="19551" /><E34/><V112/><F45/><W16/><G35/><T117/><D117/><U73/><E73/><V39/><F39/><W106/><G106/><T92/><D19/><U64/><E123/><V58/><F58/><W118/><G118/><T96/><D10/><U65/><E65/><N who="2" m="39135" /><F99/><AGARI ba="0,0" hai="29,31,55,56,61,63,64,71,99,101,104" m="19551" machi="99" ten="30,1000,0" yaku="25,1" doraHai="68" who="1" fromWho="2" sc="287,0,325,10,309,-10,79,0" /><INIT seed="7,0,0,5,0,95" ten="287,335,299,79" oya="3" hai0="40,69,86,77,129,19,49,122,123,0,55,20,135" hai1="16,36,112,24,64,87,100,104,65,34,8,42,78" hai2="59,31,89,126,9,72,83,66,114,84,125,11,111" hai3="120,133,13,73,101,22,46,30,91,43,60,32,53"/><W47/><G120/><T85/><D69/><U99/><E42/><V116/><F111/><W92/><G73/><T15/><D0/><U14/><E36/><V127/><F116/><W17/><G133/><T28/><D135/><U80/><E112/><V7/><F72/><W128/><G128/><T119/><D119/><U56/><E56/><V96/><F114/><W70/><G101/><T79/><D40/><U102/><E102/><V113/><F113/><W71/><G32/><T82/><D129/><U106/><E106/><V21/><F7/><W93/><G30/><T103/><D28/><U121/><E121/><V61/><REACH who="2" step="1"/><F96/><REACH who="2" ten="287,335,289,79" step="2"/><W110/><G110/><T130/><D130/><U97/><E99/><V74/><F74/><W75/><G75/><T63/><D103/><U48/><E97/><V115/><F115/><W117/><G117/><T94/><D63/><U38/><E100/><V76/><F76/><W68/><G91/><N who="0" m="53623" /><D79/><U52/><E104/><V5/><F5/><W1/><G1/><T25/><D123/><U6/><E6/><V4/><F4/><W33/><G33/><T45/><D122/><U23/><E34/><V10/><F10/><W35/><G35/><T12/><AGARI ba="0,1" hai="12,15,19,20,25,45,49,55,77,82,85" m="53623" machi="12" ten="30,1100,0" yaku="8,1" doraHai="95" who="0" fromWho="0" sc="287,21,335,-3,289,-3,79,-5" owari="308,11.0,332,43.0,286,-11.0,74,-43.0" /></mjloggm>