<mjloggm ver="2.3"><GO type="97" lobby="0"/><UN n0="%E5%B9%BC%E5%A5%B3%E5%A4%A7%E5%A5%BD%E7%81%AB%E3%83%8E%E9%B3%A5" n1="%4B%41%5A%4F%4F%4E" n2="%E5%8A%A9%E5%85%AD" n3="%E3%83%88%E3%83%88%E3%83%AA%E5%85%88%E7%94%9F%31%39%E6%AD%B3" dan="14,14,14,15" rate="1943.58,1925.01,2023.75,2062.16" sx="M,M,M,F"/><TAIKYOKU oya="0"/><INIT seed="0,0,0,4,3,97" ten="250,250,250,250" oya="0" hai0="41,58,132,53,109,27,69,134,15,54,110,130,33" hai1="70,125,28,3,26,62,47,19,63,30,37,59,86" hai2="57,34,68,111,73,66,119,0,72,13,108,94,21" hai3="52,17,135,92,90,129,96,64,98,1,65,5,67"/><T20/><D69/><U121/><E121/><V42/><F34/><W22/><G129/><T32/><D130/><U100/><E125/><V95/><F0/><W44/><G135/><N who="0" m="51755" /><D41/><U71/><E3/><V12/><F42/><W38/><G1/><T131/><D131/><U35/><E86/><V16/><F68/><W60/><G5/><T29/><D15/><U10/><E37/><V117/><F57/><N who="3" m="34855" /><G38/><T46/><D46/><U91/><E91/><V7/><F66/><W79/><G79/><T82/><D82/><U133/><E133/><V88/><F7/><W51/><G96/><T118/><D118/><N who="2" m="45066" /><F12/><N who="3" m="9511" /><G67/><T8/><D8/><U81/><E81/><V14/><F14/><W11/><G11/><T93/><D93/><N who="2" m="35338" /><F88/><W124/><G124/><T103/><D103/><U85/><E100/><V78/><F78/><W107/><G107/><T23/><D23/><U101/><E101/><V87/><F87/><W45/><G45/><T77/><D77/><U114/><E47/><V55/><F55/><AGARI ba="0,0" hai="44,51,55,64,65,90,92,98" m="9511,34855" machi="55" ten="30,2000,0" yaku="8,1,54,1" doraHai="97" who="3" fromWho="2" sc="250,0,250,0,250,-20,250,20" /><INIT seed="1,0,0,3,2,34" ten="250,250,230,270" oya="1" hai0="135,23,133,2,9,30,123,38,127,78,88,8,45" hai1="67,128,28,61,69,125,104,95,131,74,71,60,6" hai2="122,77,89,105,55,25,96,12,134,21,0,26,53" hai3="5,3,50,91,46,35,63,129,83,93,59,111,126"/><U1/><E104/><V51/><F122/><W52/><G35/><T75/><D123/><U42/><E74/><V99/><F134/><N who="0" m="51210" /><D127/><U15/><E125/><V13/><F77/><W90/><G126/><T58/><D58/><U64/><E28/><V16/><F0/><W94/><G111/><T103/><D103/><U32/><E32/><V27/><F55/><W118/><G129/><T79/><D2/><U70/><E15/><V4/><F105/><W113/><G113/><T73/><D38/><U120/><E120/><V49/><F49/><W121/><G121/><T47/><D30/><U20/><E20/><V109/><F109/><W98/><G118/><T76/><D23/><U18/><E18/><V24/><F89/><W48/><G83/><T57/><D57/><N who="1" m="36879" /><E95/><V36/><N who="2" m="6656" /><DORA hai="22" /><V44/><REACH who="2" step="1"/><F36/><REACH who="2" ten="250,250,220,270" step="2"/><W124/><G124/><T85/><D75/><U80/><E1/><V54/><F54/><W33/><G33/><T86/><D73/><U102/><E128/><V10/><AGARI ba="0,1" hai="4,10,12,13,16,21,44,51,53,96,99" m="6656" machi="10" ten="40,16000,3" yaku="1,1,0,1,8,1,52,4,54,1,53,0" doraHai="34,22" doraHaiUra="84,68" who="2" fromWho="2" sc="250,-40,250,-80,220,170,270,-40" /><INIT seed="2,0,0,0,3,18" ten="210,170,390,230" oya="2" hai0="10,5,122,14,66,135,6,99,3,123,118,15,119" hai1="93,117,55,58,36,71,108,22,30,52,82,69,132" hai2="12,86,92,116,59,124,98,34,115,87,8,9,109" hai3="44,129,11,127,133,97,91,72,100,75,101,76,88"/><V79/><F116/><N who="0" m="44586" /><D66/><U38/><E108/><V19/><F115/><W50/><G129/><T128/><D99/><U28/><E117/><V83/><F109/><W53/><G133/><T54/><D135/><U68/><E132/><V47/><F34/><W57/><G127/><T56/><D128/><U125/><E125/><V104/><F104/><W107/><G100/><T126/><D126/><U113/><E113/><V39/><F124/><W67/><G67/><T40/><D40/><U51/><E93/><V62/><F47/><W110/><G110/><T89/><D89/><U95/><E95/><V106/><F39/><N who="1" m="14889" /><E82/><V35/><F35/><W121/><G121/><N who="0" m="46091" /><D6/><U23/><E51/><AGARI ba="0,0" hai="3,5,10,14,15,51,54,56" m="46091,44586" machi="51" ten="30,1000,0" yaku="12,1" doraHai="18" who="0" fromWho="1" sc="210,10,170,-10,390,0,230,0" /><INIT seed="3,0,0,1,1,13" ten="220,160,390,230" oya="3" hai0="105,104,114,74,135,44,88,108,111,64,93,75,53" hai1="51,54,16,117,116,110,113,71,96,87,20,21,59" hai2="58,92,52,132,98,130,42,30,29,76,68,25,62" hai3="109,125,8,37,47,55,122,50,38,3,0,6,126"/><W89/><G122/><T56/><D64/><U32/><E32/><V65/><F76/><W127/><G109/><N who="0" m="42059" /><D44/><U43/><E110/><V83/><F132/><W106/><G106/><N who="0" m="41067" /><D114/><U112/><E71/><V31/><F83/><W133/><G133/><T82/><D135/><U79/><E96/><V94/><F130/><W90/><G3/><T9/><D82/><U86/><E43/><V123/><F42/><W119/><REACH who="3" step="1"/><G119/><REACH who="3" ten="220,160,390,220" step="2"/><N who="1" m="45642" /><E79/><V39/><F123/><W18/><G18/><T66/><D9/><U7/><E7/><V11/><F11/><W118/><G118/><T129/><D129/><U115/><E21/><V1/><F1/><W131/><G131/><T36/><D36/><AGARI ba="0,1" hai="0,6,8,36,37,38,47,50,55,89,90,125,126,127" machi="36" ten="50,4800,0" yaku="1,1,18,1,53,0" doraHai="13" doraHaiUra="12" who="3" fromWho="0" sc="220,-48,160,0,390,0,220,58" /><INIT seed="3,1,0,0,4,27" ten="172,160,390,278" oya="3" hai0="23,13,38,126,79,134,9,8,121,113,74,19,21" hai1="82,28,125,99,45,95,80,61,107,43,47,116,123" hai2="68,120,51,3,77,88,34,103,90,41,91,52,37" hai3="75,64,97,102,63,89,25,54,93,108,36,115,132"/><W20/><G115/><T26/><D121/><U96/><E125/><V112/><F112/><W48/><G36/><T76/><D38/><U67/><E123/><V46/><F120/><W71/><G75/><T70/><D70/><U109/><E109/><V129/><F129/><W114/><G132/><T7/><D134/><U24/><E107/><V15/><F34/><W118/><G108/><T33/><D113/><U81/><E116/><V42/><F3/><W39/><G39/><T59/><D126/><U128/><E128/><V86/><F103/><W35/><G114/><T58/><D74/><U56/><E43/><V17/><F68/><W2/><G2/><T94/><D94/><U104/><E104/><V29/><F29/><W92/><G118/><T66/><D33/><U30/><E96/><V14/><F14/><W98/><G35/><T65/><D8/><U53/><E53/><V72/><F72/><W110/><G110/><T119/><D119/><U55/><E24/><V40/><F77/><N who="0" m="29770" /><D21/><U73/><E73/><V106/><F106/><W133/><G133/><T4/><D4/><U0/><E0/><V130/><F130/><W124/><G124/><T57/><AGARI ba="1,0" hai="7,9,13,19,23,26,57,58,59,65,66" m="29770" machi="57" ten="30,1100,0" yaku="8,1" doraHai="27" who="0" fromWho="0" sc="172,14,160,-4,390,-4,278,-6" owari="186,-21.0,156,-34.0,386,48.0,272,7.0" /></mjloggm>