<mjloggm ver="2.3"><GO type="97" lobby="0"/><UN n0="%E6%9F%B3%E9%9B%AA" n1="%68%69%79%6F%74%6F%61%65" n2="%E3%81%8A%E3%81%A7%E3%82%93%E3%81%8F%E3%82%93" n3="%E5%B0%B1%E6%B4%BB%E7%94%9F%40%E5%B7%9D%E6%9D%91%E8%BB%8D%E5%9B%A3" dan="15,13,14,14" rate="1934.77,1824.50,1899.77,1948.48" sx="F,M,M,M"/><TAIKYOKU oya="0"/><INIT seed="0,0,0,5,4,100" ten="250,250,250,250" oya="0" hai0="34,94,128,92,109,32,110,103,104,76,42,112,1" hai1="58,132,88,95,93,9,61,20,68,57,62,8,56" hai2="19,113,118,2,127,114,21,3,89,72,48,91,81" hai3="38,119,115,18,45,131,123,120,33,67,83,124,105"/><T5/><D112/><U41/><E132/><V125/><F48/><W27/><G119/><T107/><D42/><U25/><E68/><V10/><F118/><W6/><G115/><N who="2" m="44041" /><F72/><W130/><G67/><T126/><D76/><U22/><E41/><V26/><F81/><W63/><G124/><N who="2" m="47689" /><F10/><N who="1" m="4201" /><E25/><V133/><F133/><W23/><G105/><N who="0" m="40523" /><D126/><U74/><E74/><V117/><F117/><W16/><G83/><T7/><D1/><AGARI ba="0,0" hai="1,2,3,19,21,26,89,91" m="47689,44041" machi="1" ten="40,1300,0" yaku="18,1" doraHai="100" who="2" fromWho="0" sc="250,-13,250,0,250,13,250,0" /><INIT seed="1,0,0,1,3,129" ten="237,250,263,250" oya="1" hai0="69,85,25,66,84,37,28,92,104,110,56,5,58" hai1="27,51,38,52,35,126,106,116,102,94,71,93,78" hai2="60,97,53,70,109,107,32,133,68,119,23,127,73" hai3="95,61,30,12,9,31,74,45,59,111,118,64,77"/><U49/><E116/><V82/><F32/><W20/><G118/><T128/><D104/><U18/><E71/><V72/><F119/><W98/><G111/><T122/><D110/><U24/><E38/><V40/><F109/><W80/><G20/><T79/><D128/><U65/><E126/><V6/><F127/><W101/><REACH who="3" step="1"/><G45/><REACH who="3" ten="237,250,263,240" step="2"/><T83/><D122/><U115/><E115/><V121/><F23/><W114/><G114/><T81/><D69/><U13/><E106/><V108/><F121/><W90/><G90/><T105/><D105/><U91/><E78/><V50/><F107/><W88/><G88/><T120/><D120/><U33/><E65/><V55/><F70/><W0/><G0/><T87/><D66/><U86/><E35/><V15/><F68/><W21/><G21/><T103/><D79/><U134/><E33/><V4/><F108/><W29/><G29/><T96/><D28/><U112/><E112/><V8/><F8/><W17/><AGARI ba="0,1" hai="9,12,17,30,31,59,61,64,74,77,80,95,98,101" machi="17" ten="20,2700,0" yaku="1,1,0,1,7,1,53,0" doraHai="129" doraHaiUra="43" who="3" fromWho="3" sc="237,-7,250,-13,263,-7,240,37" /><INIT seed="2,0,0,1,3,67" ten="230,237,256,277" oya="2" hai0="99,75,97,40,18,101,84,37,112,93,72,47,91" hai1="118,6,125,65,102,68,79,33,110,49,78,13,133" hai2="109,32,62,87,108,96,35,134,121,57,103,74,129" hai3="44,48,86,119,1,83,20,80,0,27,11,114,4"/><V41/><F121/><W116/><G114/><T12/><D112/><U106/><E118/><V105/><F74/><W94/><G0/><T61/><D61/><U29/><E110/><N who="2" m="42603" /><F41/><W100/><G100/><T38/><D38/><U104/><E104/><V113/><F113/><W124/><G124/><T132/><D132/><U122/><E133/><V22/><F134/><W123/><G123/><T59/><D59/><U24/><E125/><V17/><F87/><W92/><G83/><T2/><D2/><U117/><E117/><V81/><F81/><W39/><G39/><T63/><D63/><N who="1" m="39999" /><E122/><V30/><F129/><W55/><G116/><T95/><REACH who="0" step="1"/><D99/><REACH who="0" ten="220,237,256,277" step="2"/><N who="1" m="61791" /><E49/><V89/><F62/><W34/><G119/><T43/><D43/><U14/><E14/><V54/><F57/><W85/><G85/><T42/><D42/><U46/><E46/><V107/><F96/><W66/><G66/><T45/><D45/><U88/><E13/><V77/><F107/><W126/><G126/><T135/><D135/><U115/><E115/><V58/><F105/><W73/><G73/><T70/><D70/><U69/><E69/><V64/><F64/><W52/><G55/><T50/><D50/><U19/><E6/><V16/><F54/><W9/><G52/><T10/><AGARI ba="0,1" hai="10,12,18,37,40,47,72,75,84,91,93,95,97,101" machi="10" ten="20,2700,0" yaku="1,1,0,1,7,1,53,0" doraHai="67" doraHaiUra="25" who="0" fromWho="0" sc="220,37,237,-7,256,-13,277,-7" /><INIT seed="3,0,0,5,1,57" ten="257,230,243,270" oya="3" hai0="104,113,55,36,119,47,18,52,1,129,114,112,77" hai1="105,30,54,132,64,96,70,134,31,80,5,61,86" hai2="84,71,108,48,37,28,98,7,38,23,131,21,123" hai3="26,75,110,124,33,133,10,51,49,45,29,73,106"/><W43/><G106/><T3/><D119/><U67/><E5/><V128/><F71/><W89/><G124/><T59/><D104/><U85/><E54/><V16/><F7/><W63/><G133/><N who="1" m="51306" /><E86/><V9/><F98/><W79/><G110/><T69/><D69/><U72/><E72/><V25/><F9/><W11/><G51/><N who="0" m="28799" /><D36/><U125/><E125/><V92/><F108/><W83/><G73/><T99/><D99/><U14/><E14/><N who="2" m="9367" /><F48/><W118/><G118/><T4/><D4/><U103/><E67/><V115/><F115/><W66/><REACH who="3" step="1"/><G89/><AGARI ba="0,0" hai="30,31,61,64,70,80,85,89,96,103,105" m="51306" machi="89" ten="30,2000,0" yaku="20,1,52,1" doraHai="57" who="1" fromWho="3" sc="257,0,230,20,243,0,270,-20" /><INIT seed="4,0,0,2,1,49" ten="257,250,243,250" oya="0" hai0="91,82,39,16,108,47,71,55,21,83,135,117,32" hai1="28,111,86,132,90,5,131,29,109,129,43,6,80" hai2="127,41,88,57,36,54,60,87,119,84,85,48,56" hai3="95,121,27,94,34,133,120,126,46,4,118,130,30"/><T101/><D71/><U50/><E132/><V124/><F36/><W40/><G118/><T92/><D32/><U102/><E102/><V64/><F41/><W24/><G133/><T59/><D117/><U25/><E29/><V68/><F119/><W53/><G130/><N who="1" m="49674" /><E43/><V9/><F9/><W74/><G74/><T51/><D39/><U61/><E61/><V110/><F110/><N who="1" m="41993" /><E50/><V20/><F20/><AGARI ba="0,0" hai="5,6,20,25,28,80,86,90" m="41993,49674" machi="20" ten="30,1000,0" yaku="19,1" doraHai="49" who="1" fromWho="2" sc="257,0,250,10,243,-10,250,0" /><INIT seed="5,0,0,4,3,67" ten="257,260,233,250" oya="1" hai0="41,56,53,120,43,60,8,49,61,37,128,118,11" hai1="90,44,81,135,105,5,63,103,34,26,69,36,95" hai2="106,111,89,127,17,25,54,1,80,20,59,4,74" hai3="116,28,79,24,47,100,55,117,40,86,58,68,94"/><U39/><E5/><V123/><F106/><W96/><G79/><T108/><D108/><U113/><E113/><V125/><F111/><W92/><G86/><T31/><D118/><N who="3" m="45673" /><G94/><T87/><D31/><N who="1" m="19831" /><E81/><V114/><F123/><W46/><G68/><T42/><D128/><U65/><E44/><V121/><F121/><W107/><G107/><T32/><D32/><U122/><E122/><V131/><F131/><W76/><G76/><T88/><D37/><U33/><E33/><V78/><F89/><W99/><G99/><T50/><D120/><U101/><E101/><V73/><F73/><W52/><G58/><T85/><D85/><N who="1" m="52687" /><E135/><V57/><F114/><W21/><G47/><T18/><D18/><U70/><E69/><V72/><F72/><W62/><G62/><N who="0" m="24171" /><D50/><AGARI ba="0,0" hai="21,24,28,40,46,50,52,55,92,96,100" m="45673" machi="50" ten="30,2000,0" yaku="12,1,54,1" doraHai="67" who="3" fromWho="0" sc="257,-20,260,0,233,0,250,20" /><INIT seed="6,0,0,0,0,105" ten="237,260,233,270" oya="2" hai0="36,51,110,67,13,40,61,78,69,62,15,6,4" hai1="114,90,135,89,24,72,0,29,127,21,88,53,7" hai2="104,97,3,130,42,58,20,79,35,71,74,101,60" hai3="27,95,77,52,44,55,50,63,19,46,125,124,59"/><V49/><F3/><W68/><G77/><T132/><D110/><U103/><E114/><V128/><F35/><W131/><G131/><N who="2" m="50217" /><F71/><W8/><G95/><T119/><D119/><U129/><E129/><V111/><F111/><W75/><G75/><T108/><D132/><U98/><E135/><V116/><F116/><W92/><G92/><T17/><D36/><U14/><E0/><V96/><F96/><W120/><G120/><T123/><D123/><U48/><E127/><N who="3" m="48714" /><G27/><T25/><D25/><U85/><E72/><V37/><F37/><W76/><G76/><T23/><D78/><U18/><E7/><V121/><F121/><W12/><G68/><T106/><D106/><U87/><E103/><V34/><F34/><W65/><G46/><T16/><D108/><U115/><E98/><V84/><F84/><W41/><AGARI ba="0,0" hai="8,12,19,41,44,50,52,55,59,63,65" m="48714" machi="41" ten="30,2000,0" yaku="18,1,54,1" doraHai="105" who="3" fromWho="3" sc="237,-5,260,-5,233,-10,270,20" /><INIT seed="7,0,0,5,1,10" ten="232,255,223,290" oya="3" hai0="11,30,52,87,21,97,16,103,93,124,20,126,9" hai1="81,32,6,22,102,129,128,51,123,36,119,25,107" hai2="8,122,66,48,0,23,92,69,29,108,35,134,2" hai3="58,71,59,28,79,109,135,41,61,130,132,3,88"/><W47/><G3/><T43/><D43/><U121/><E36/><V14/><F108/><W110/><G79/><T7/><D87/><U42/><E119/><V111/><F111/><N who="3" m="42507" /><G28/><T60/><D30/><N who="1" m="19535" /><E81/><V46/><F134/><N who="3" m="51243" /><G130/><N who="1" m="50282" /><E51/><V117/><F117/><W118/><G118/><T1/><D9/><U45/><E22/><V91/><F122/><W67/><G88/><T101/><D20/><U116/><E116/><V24/><F0/><W44/><G44/><T78/><D78/><U106/><E6/><N who="2" m="1111" /><F91/><W115/><G115/><T98/><D103/><U95/><E45/><V74/><F74/><W77/><G77/><T17/><D101/><U49/><E49/><AGARI ba="0,0" hai="41,47,49,58,59,61,67,71" m="51243,42507" machi="49" ten="30,11600,0" yaku="10,1,20,1,34,2" doraHai="10" who="3" fromWho="1" sc="232,0,255,-116,223,0,290,116" owari="232,3.0,139,-36.0,223,-18.0,406,51.0" /></mjloggm>