<mjloggm ver="2.3"><GO type="169" lobby="0"/><UN n0="%6D%6F%6B%69%6F" n1="%E3%81%86%E3%81%83%E3%83%BC%E3%81%A1%E3%82%83%E3%82%93" n2="%E3%81%88%E3%82%8B%E3%81%9F%E3%81%9D" n3="%E3%83%88%E3%83%88%E3%83%AA%E5%85%88%E7%94%9F%31%39%E6%AD%B3" dan="16,18,16,18" rate="2069.21,2271.25,2075.74,2272.07" sx="F,M,F,F"/><TAIKYOKU oya="0"/><INIT seed="0,0,0,3,2,20" ten="250,250,250,250" oya="0" hai0="90,87,2,134,121,122,45,112,120,97,50,86,66" hai1="133,77,11,118,67,42,60,78,51,5,88,62,57" hai2="23,129,119,98,105,44,71,103,54,100,32,69,83" hai3="10,53,82,26,117,106,127,7,4,68,80,92,126"/><T74/><D112/><U21/><E118/><V111/><F32/><W49/><G117/><T30/><D2/><U33/><E33/><V128/><F119/><W31/><G106/><T65/><D74/><U61/><E133/><V36/><F111/><W96/><G68/><T34/><D134/><U3/><E21/><V104/><F83/><W52/><G53/><T72/><D72/><U109/><E109/><V114/><F114/><W28/><G28/><T84/><D97/><U24/><E24/><V93/><F23/><N who="3" m="15839" /><G127/><T17/><D90/><U70/><E60/><V76/><F76/><W43/><G43/><T16/><D30/><U91/><E78/><V29/><F29/><W110/><G110/><T55/><REACH who="0" step="1"/><D34/><REACH who="0" ten="240,250,250,250" step="2"/><U41/><E77/><V81/><F98/><W94/><G126/><T8/><D8/><U22/><E91/><V64/><F103/><N who="3" m="60807" /><G10/><T38/><D38/><U130/><E88/><V116/><F100/><W85/><G94/><T107/><D107/><U115/><E115/><V27/><F93/><W108/><G108/><T15/><D15/><U56/><E11/><V132/><F105/><W48/><G82/><T9/><D9/><U89/><E89/><V124/><F104/><W75/><G75/><T95/><D95/><U63/><E3/><V37/><F124/><W101/><G101/><T0/><D0/><U79/><E79/><V73/><F132/><W19/><G80/><T35/><D35/><U102/><E102/><V135/><F81/><W46/><G85/><T40/><D40/><U123/><E42/><V59/><F135/><W58/><G19/><AGARI ba="0,1" hai="16,17,19,45,50,55,65,66,84,86,87,120,121,122" machi="19" ten="50,9600,0" yaku="1,1,6,1,54,1,53,0" doraHai="20" doraHaiUra="1" who="0" fromWho="3" sc="240,106,250,0,250,0,250,-96" /><INIT seed="0,1,0,2,0,52" ten="346,250,250,154" oya="0" hai0="55,120,12,25,81,0,6,89,99,103,86,11,82" hai1="26,65,113,111,123,13,43,129,132,77,56,42,28" hai2="70,101,126,91,39,37,87,17,51,96,98,53,40" hai3="64,1,90,74,19,124,22,72,92,61,18,118,36"/><T93/><D120/><U32/><E123/><V83/><F70/><W114/><G118/><T104/><D25/><U10/><E111/><V100/><F126/><W85/><G114/><T66/><D66/><U75/><E113/><V30/><F30/><W109/><G124/><T23/><D23/><U34/><E34/><V134/><F134/><W49/><G109/><T69/><D69/><U112/><E112/><V4/><F4/><W117/><G36/><T41/><D0/><U62/><E129/><V44/><F17/><W128/><G1/><T78/><D41/><U35/><E35/><V14/><F14/><W94/><G117/><T125/><D125/><U60/><E132/><V95/><REACH who="2" step="1"/><F40/><REACH who="2" ten="346,250,240,154" step="2"/><W58/><G19/><T107/><D55/><U2/><E2/><V115/><F115/><W46/><G128/><T21/><D21/><U16/><REACH who="1" step="1"/><E60/><REACH who="1" ten="346,240,240,154" step="2"/><V108/><F108/><W8/><G61/><T3/><D3/><U38/><E38/><V105/><AGARI ba="1,2" hai="37,39,44,51,53,83,87,91,95,96,98,100,101,105" machi="105" ten="20,2700,0" yaku="1,1,0,1,7,1,53,0" doraHai="52" doraHaiUra="29" who="2" fromWho="2" sc="346,-14,240,-8,240,50,154,-8" /><INIT seed="1,0,0,5,2,131" ten="332,232,290,146" oya="1" hai0="86,1,72,89,104,20,77,14,79,15,27,13,43" hai1="69,25,39,64,21,122,97,106,61,78,96,133,41" hai2="125,2,115,90,7,129,111,135,116,63,12,99,10" hai3="102,127,19,67,66,9,11,54,36,16,75,107,93"/><U4/><E122/><V134/><F116/><W35/><G75/><T32/><D32/><U128/><E128/><V70/><F129/><W6/><G35/><T28/><D104/><U24/><E78/><N who="0" m="29705" /><D1/><U68/><E4/><V123/><F123/><W100/><G107/><T109/><D72/><U18/><E69/><V38/><F38/><W50/><G36/><T76/><D109/><U42/><E133/><N who="2" m="50699" /><F111/><W132/><G132/><T80/><D43/><U103/><E39/><V33/><F33/><W23/><G127/><T82/><D76/><U3/><E3/><V52/><F125/><W71/><G19/><T105/><D105/><U8/><E8/><N who="3" m="3146" /><G71/><T55/><D55/><U31/><REACH who="1" step="1"/><E96/><REACH who="1" ten="332,222,290,146" step="2"/><V84/><F99/><N who="3" m="59503" /><G6/><T114/><D114/><U121/><E121/><V62/><F115/><W113/><G113/><T94/><AGARI ba="0,1" hai="13,14,15,20,27,28,80,82,86,89,94" m="29705" machi="94" ten="30,1100,0" yaku="8,1" doraHai="131" who="0" fromWho="0" sc="332,21,222,-5,290,-3,146,-3" /><INIT seed="2,0,0,3,3,63" ten="353,217,287,143" oya="2" hai0="84,118,19,62,26,66,98,13,74,88,132,64,11" hai1="18,73,60,90,122,54,120,97,17,96,36,20,4" hai2="112,22,80,131,79,94,25,28,55,44,69,92,101" hai3="61,68,33,3,91,9,127,39,113,56,106,119,72"/><V130/><F112/><W107/><RYUUKYOKU type="yao9" ba="0,0" sc="353,0,217,0,287,0,143,0" hai3="3,9,33,39,56,61,68,72,91,106,107,113,119,127" /><INIT seed="2,1,0,0,4,15" ten="353,217,287,143" oya="2" hai0="24,14,69,53,70,0,31,59,40,100,106,133,39" hai1="17,1,90,56,50,77,96,16,55,36,83,72,113" hai2="98,111,75,117,97,6,103,44,58,27,71,92,21" hai3="63,67,129,125,107,41,12,42,33,60,116,43,109"/><V78/><F71/><W118/><G107/><T132/><D0/><U7/><E113/><V23/><F117/><W34/><G109/><T5/><D40/><U51/><E36/><V30/><F111/><W88/><G129/><T3/><D39/><U13/><E1/><V80/><F6/><W4/><G125/><T91/><D3/><U57/><E7/><V119/><F119/><W124/><G124/><T52/><D53/><U46/><E13/><V2/><F2/><W9/><G116/><T62/><D91/><U121/><E121/><V84/><F44/><W65/><G118/><T54/><D54/><U74/><E74/><V86/><F21/><W19/><G4/><T85/><D85/><U22/><E22/><V87/><F75/><W20/><G20/><N who="0" m="15751" /><D100/><U32/><E32/><V11/><F11/><W101/><G101/><T45/><D106/><U38/><E38/><V102/><REACH who="2" step="1"/><F58/><REACH who="2" ten="353,217,277,143" step="2"/><W130/><G130/><T47/><D45/><U110/><E110/><V105/><AGARI ba="1,1" hai="23,27,30,78,80,84,86,87,92,97,98,102,103,105" machi="105" ten="20,7800,0" yaku="1,1,2,1,0,1,7,1,53,0" doraHai="15" doraHaiUra="135" who="2" fromWho="2" sc="353,-27,217,-27,277,91,143,-27" /><INIT seed="2,2,0,2,4,74" ten="326,190,368,116" oya="2" hai0="82,104,44,46,67,127,110,50,112,119,89,35,7" hai1="10,16,102,37,12,22,107,126,51,99,20,75,133" hai2="31,52,14,108,45,4,128,106,114,77,41,21,111" hai3="24,3,34,123,25,6,88,83,58,135,78,124,53"/><V76/><F106/><W118/><G118/><T54/><D35/><U30/><E37/><V79/><F114/><W1/><G123/><T28/><D112/><U27/><E126/><V55/><F128/><W109/><G124/><T98/><D28/><U94/><E133/><V32/><F32/><W120/><G120/><T70/><D110/><N who="2" m="42026" /><F4/><W29/><G109/><T42/><D119/><U9/><E75/><V23/><F14/><W84/><G135/><T5/><D127/><U103/><E103/><V113/><F113/><W33/><G6/><T85/><D67/><U122/><E122/><V2/><F2/><W100/><G100/><T121/><D70/><U73/><E73/><V48/><F31/><W40/><G40/><T90/><D121/><U68/><E68/><V65/><F65/><W63/><G25/><T134/><D134/><U43/><REACH who="1" step="1"/><E107/><REACH who="1" ten="326,180,368,116" step="2"/><V72/><F72/><W56/><G34/><T117/><D117/><U96/><E96/><V49/><F41/><W0/><REACH who="3" step="1"/><G56/><AGARI ba="2,1" hai="21,23,45,48,49,52,55,56,76,77,79" m="42026" machi="56" ten="30,18000,2" yaku="14,1,10,1,52,3,54,1" doraHai="74" who="2" fromWho="3" sc="326,0,180,0,368,196,116,-186" owari="326,13.0,180,-22.0,564,66.0,-70,-57.0" /></mjloggm>