<mjloggm ver="2.3"><GO type="225" lobby="0"/><UN n0="%E4%B8%AD%E5%B1%B1%E9%87%8E%E8%8D%89" n1="%E3%83%88%E3%83%88%E3%83%AA%E5%85%88%E7%94%9F%31%39%E6%AD%B3" n2="%E3%83%89%E3%83%A9%E3%83%AD%E3%83%B3%E3%83%80%E3%82%A4%E3%83%B4" n3="%52%6F%62%69%4E" dan="18,17,16,17" rate="2191.04,2128.06,2099.13,2161.43" sx="M,F,M,M"/><TAIKYOKU oya="0"/><INIT seed="0,0,0,1,0,92" ten="250,250,250,250" oya="0" hai0="77,10,70,37,60,75,34,33,27,46,131,66,15" hai1="127,59,103,52,113,93,83,111,1,107,115,73,72" hai2="43,21,105,112,124,56,108,133,11,23,79,13,101" hai3="119,36,30,87,58,78,39,109,50,71,62,64,91"/><T76/><D131/><U104/><E1/><V95/><F105/><N who="1" m="40521" /><E83/><V48/><F112/><N who="1" m="43081" /><E111/><V106/><F106/><W116/><G78/><T67/><D67/><U45/><E45/><N who="2" m="25663" /><F108/><W12/><G109/><T134/><D134/><U90/><E103/><V98/><F133/><W80/><G119/><T8/><D8/><U35/><E35/><V118/><F124/><W81/><G116/><T25/><D34/><U18/><E18/><N who="2" m="8511" /><F118/><W97/><G30/><T135/><D135/><U65/><E65/><V126/><F126/><W55/><G81/><T20/><D75/><U44/><E44/><V19/><F79/><W51/><G64/><T5/><D46/><U86/><E127/><V22/><F56/><W4/><G58/><T32/><D32/><U82/><E82/><V117/><F117/><W28/><G80/><T3/><D37/><U2/><E2/><V61/><F61/><AGARI ba="0,0" hai="52,59,61,72,73,86,90,93" m="43081,40521" machi="61" ten="30,2000,0" yaku="11,1,54,1" doraHai="92" who="1" fromWho="2" sc="250,0,250,20,250,-20,250,0" /><INIT seed="1,0,0,0,5,127" ten="250,270,230,250" oya="1" hai0="23,66,103,45,74,76,33,118,122,101,93,120,108" hai1="21,25,20,44,48,126,38,51,80,88,64,133,72" hai2="67,54,50,56,4,134,92,104,12,14,110,100,13" hai3="115,105,28,135,65,18,102,17,16,77,97,107,85"/><U117/><E117/><V32/><F104/><W75/><G115/><T113/><D33/><U58/><E126/><V86/><F32/><W53/><G135/><T30/><D113/><U116/><E116/><V40/><F134/><W98/><G28/><T130/><D66/><U55/><E133/><V49/><F110/><W61/><G53/><T87/><D108/><U124/><E124/><V89/><F67/><W22/><G75/><T1/><D1/><U68/><E38/><V62/><F100/><W84/><G77/><T59/><D59/><U83/><E72/><V81/><F4/><W128/><G128/><T63/><D63/><U9/><E68/><V8/><F8/><W24/><G98/><T19/><D30/><N who="1" m="17703" /><E9/><V7/><F7/><W112/><G105/><T43/><D130/><U78/><E78/><N who="2" m="46391" /><F40/><W5/><G5/><T131/><D131/><U47/><E21/><V95/><F95/><W42/><G42/><T34/><D34/><U109/><E109/><V36/><F36/><W46/><G112/><T79/><D118/><U39/><E39/><V121/><F121/><N who="0" m="46698" /><D74/><U3/><E3/><V52/><F54/><W125/><G125/><T0/><D0/><U132/><E132/><V27/><F27/><W111/><G111/><T31/><D31/><U96/><E64/><V99/><AGARI ba="0,0" hai="12,13,14,49,50,52,56,62,89,92,99" m="46391" machi="99" ten="30,2000,0" yaku="8,1,54,1" doraHai="127" who="2" fromWho="2" sc="250,-5,270,-10,230,20,250,-5" /><INIT seed="2,0,0,2,3,96" ten="245,260,250,245" oya="2" hai0="93,32,78,2,6,55,36,20,109,92,21,117,57" hai1="31,7,46,94,42,24,56,119,60,84,98,35,27" hai2="64,15,11,72,47,77,112,87,66,125,95,68,67" hai3="26,88,79,85,127,41,99,116,48,54,63,49,8"/><V28/><F112/><W101/><G116/><T129/><D32/><U110/><E119/><V114/><F114/><W91/><G79/><T108/><D117/><U23/><E110/><N who="0" m="42601" /><D36/><U76/><E7/><V115/><F115/><W1/><G127/><T86/><D129/><U59/><E60/><V121/><F121/><W58/><G26/><T40/><D40/><U89/><E84/><V126/><F72/><W83/><G91/><T132/><D132/><U34/><E76/><V10/><F28/><W103/><G41/><T9/><D78/><U50/><REACH who="1" step="1"/><E35/><REACH who="1" ten="245,250,250,245" step="2"/><V22/><F77/><N who="3" m="46319" /><G1/><T16/><D86/><U122/><E122/><V80/><F87/><W18/><G99/><T81/><D81/><U102/><E102/><N who="3" m="38922" /><G88/><T90/><D90/><U45/><E45/><V4/><F80/><W39/><G39/><T44/><D44/><U25/><E25/><V106/><F47/><W70/><G70/><T104/><D104/><U113/><E113/><V107/><F68/><W128/><G128/><T52/><D92/><U120/><E120/><V100/><F95/><W135/><G135/><T17/><D93/><U13/><E13/><AGARI ba="0,1" hai="8,13,18,48,49,54,58,63" m="38922,46319" machi="13" ten="30,7700,0" yaku="8,1,52,3" doraHai="96" who="3" fromWho="1" sc="245,0,250,-77,250,0,245,87" /><INIT seed="3,0,0,1,4,27" ten="245,173,250,332" oya="3" hai0="92,65,128,109,81,4,82,70,38,133,50,67,66" hai1="90,74,98,96,76,112,36,10,108,20,94,41,64" hai2="118,63,127,106,2,28,131,111,11,104,29,9,26" hai3="95,119,73,89,32,116,78,42,130,124,126,80,117"/><W0/><G0/><T120/><D120/><U99/><E112/><V75/><F118/><W101/><G32/><T105/><D105/><U134/><E134/><V16/><F75/><W91/><G42/><T85/><D38/><U68/><E108/><V23/><F111/><W6/><G6/><T14/><D70/><U87/><E68/><V13/><F131/><W12/><G12/><T3/><D3/><U60/><E36/><V135/><F135/><W47/><G47/><T45/><D133/><U77/><E74/><V71/><F127/><N who="3" m="48683" /><G130/><T48/><D128/><U79/><E41/><V5/><REACH who="2" step="1"/><F29/><REACH who="2" ten="245,173,240,332" step="2"/><W125/><G125/><T103/><D109/><U86/><E10/><V35/><F35/><W132/><G132/><T34/><D34/><U122/><E122/><V21/><F21/><W25/><G116/><T31/><D31/><U51/><E51/><V15/><F15/><W72/><G73/><T7/><D48/><U57/><REACH who="1" step="1"/><E20/><REACH who="1" ten="245,163,240,332" step="2"/><V69/><F69/><W8/><G119/><T39/><D39/><U43/><E43/><V88/><F88/><W129/><G91/><T97/><D50/><U102/><E102/><V37/><F37/><W53/><G101/><T49/><D103/><U114/><E114/><V33/><F33/><W123/><G89/><T58/><D49/><U46/><E46/><V107/><F107/><W62/><G117/><T93/><D45/><U24/><E24/><V22/><F22/><W18/><G25/><T59/><D59/><U61/><E61/><V56/><F56/><W55/><G62/><T17/><D58/><U52/><E52/><RYUUKYOKU ba="0,2" sc="245,-15,163,15,240,15,332,-15" hai1="57,60,64,76,77,79,86,87,90,94,96,98,99" hai2="2,5,9,11,13,16,23,26,28,63,71,104,106" owari="230,-17.0,178,-32.0,255,6.0,337,43.0" /></mjloggm>