<mjloggm ver="2.3"><GO type="169" lobby="0"/><UN n0="%E7%B6%BE%E9%A6%99" n1="%73%68%6F%6F%74%33%39" n2="%E3%83%88%E3%83%88%E3%83%AA%E5%85%88%E7%94%9F%31%39%E6%AD%B3" n3="%4B%E3%80%82" dan="17,18,18,17" rate="2229.99,2251.92,2281.33,2124.62" sx="F,M,F,M"/><TAIKYOKU oya="0"/><INIT seed="0,0,0,4,4,85" ten="250,250,250,250" oya="0" hai0="38,102,86,124,108,81,90,94,12,101,18,67,103" hai1="95,96,31,35,24,19,84,83,23,133,110,121,8" hai2="37,33,26,21,22,52,53,122,97,92,13,7,4" hai3="93,32,44,41,51,91,58,106,17,115,64,130,40"/><T118/><D38/><U112/><E121/><V119/><F122/><W9/><G115/><T0/><D0/><U128/><E112/><V11/><F37/><W127/><G106/><T16/><D118/><U10/><E110/><V65/><F119/><W39/><G127/><T3/><D3/><U45/><E128/><V48/><F33/><W43/><G130/><T104/><D108/><U77/><E133/><V68/><F68/><W63/><G32/><T25/><D67/><U59/><E45/><V1/><F65/><W70/><G70/><T56/><D124/><U79/><E79/><V88/><F1/><W46/><G46/><T116/><D116/><U14/><REACH who="1" step="1"/><E59/><REACH who="1" ten="250,240,250,250" step="2"/><N who="2" m="33159" /><F7/><W36/><G39/><T62/><D56/><U98/><E98/><V109/><F109/><W73/><G36/><T74/><D104/><U75/><E75/><V87/><F26/><W117/><G73/><T5/><D74/><U28/><E28/><V111/><F111/><W54/><G117/><T42/><D25/><U80/><E80/><N who="2" m="49255" /><F53/><W30/><G30/><T107/><D107/><U99/><E99/><V134/><F134/><W34/><G54/><T71/><D42/><U69/><E69/><V60/><F60/><W72/><G72/><T76/><D62/><U66/><E66/><V129/><F129/><W125/><G125/><T61/><D61/><U20/><E20/><V114/><F114/><W126/><G126/><T120/><D71/><U2/><E2/><V82/><F82/><W27/><G34/><T6/><D120/><U29/><E29/><V57/><F57/><W15/><G27/><RYUUKYOKU ba="0,1" sc="250,-30,240,10,250,10,250,10" hai1="8,10,14,19,23,24,31,35,77,83,84,95,96" hai2="4,11,13,21,22,92,97" hai3="9,15,17,40,41,43,44,51,58,63,64,91,93" /><INIT seed="1,1,1,1,5,23" ten="220,250,260,260" oya="1" hai0="61,52,120,7,59,135,58,22,93,118,89,36,129" hai1="11,106,49,75,91,73,56,86,90,112,53,26,94" hai2="55,13,33,81,70,104,105,128,19,37,51,8,131" hai3="117,30,124,40,79,96,127,92,14,4,29,63,95"/><U45/><E112/><V47/><F70/><W0/><G117/><T113/><D36/><U84/><E106/><V134/><F134/><W123/><G123/><T126/><D120/><U38/><E11/><V24/><F37/><W42/><G0/><T66/><D118/><U80/><E38/><V41/><F41/><W71/><G79/><T25/><D113/><U16/><REACH who="1" step="1"/><E45/><REACH who="1" ten="220,240,260,260" step="2"/><V69/><F104/><W65/><G124/><T67/><D126/><U121/><E121/><V98/><F105/><W103/><G127/><T99/><D135/><U54/><E54/><V35/><F55/><W31/><G42/><T125/><D125/><U111/><E111/><V114/><F47/><W74/><G40/><T6/><D129/><U76/><E76/><V132/><F132/><W50/><G65/><T107/><D107/><U57/><E57/><V87/><F114/><W28/><G71/><T21/><D67/><U85/><E85/><V15/><F8/><W77/><G77/><T62/><REACH who="0" step="1"/><D21/><AGARI ba="1,2" hai="16,21,26,49,53,56,73,75,80,84,86,90,91,94" machi="21" ten="40,12000,1" yaku="1,1,52,1,54,1,53,1" doraHai="23" doraHaiUra="44" who="1" fromWho="0" sc="220,-123,240,143,260,0,260,0" /><INIT seed="1,2,0,5,0,48" ten="97,383,260,260" oya="1" hai0="13,33,120,51,25,69,19,116,37,74,133,62,123" hai1="38,101,78,31,61,88,102,122,11,46,32,44,17" hai2="41,26,109,75,93,115,68,95,121,56,67,73,106" hai3="57,71,87,39,65,112,53,43,1,54,6,107,30"/><U36/><E122/><N who="0" m="46633" /><D37/><U27/><E78/><V42/><F121/><W118/><G107/><T132/><D74/><U66/><E38/><V15/><F68/><W127/><G112/><T100/><D116/><U20/><E11/><V117/><F106/><W79/><G30/><N who="0" m="19663" /><D100/><U18/><E102/><V60/><F75/><W22/><G22/><N who="0" m="11631" /><D51/><U82/><E101/><V7/><F73/><W85/><G118/><T86/><D86/><N who="1" m="50263" /><E32/><V23/><F115/><W119/><G119/><T50/><D50/><U105/><E36/><V24/><F117/><W10/><G71/><T83/><D83/><U130/><E105/><V35/><F35/><W4/><G85/><T72/><D72/><U96/><E96/><V64/><F95/><W89/><G79/><T12/><D12/><U70/><E46/><V63/><F93/><W108/><G39/><T134/><D62/><U125/><E44/><V47/><F47/><W8/><G43/><T14/><D14/><U21/><E61/><V97/><F97/><W9/><G87/><T59/><D59/><U0/><E70/><AGARI ba="2,0" hai="69,70,132,133,134" m="11631,19663,46633" machi="70" ten="40,2600,0" yaku="20,1,13,1" doraHai="48" who="0" fromWho="1" sc="97,32,383,-32,260,0,260,0" /><INIT seed="2,0,0,2,5,44" ten="129,351,260,260" oya="2" hai0="73,93,16,54,72,32,48,57,86,125,68,131,85" hai1="8,66,117,39,74,13,103,129,102,87,84,63,123" hai2="111,133,10,132,30,97,59,55,112,34,35,40,64" hai3="134,122,120,94,80,20,7,14,67,58,106,51,46"/><V130/><F112/><W28/><G106/><T33/><D68/><U65/><E74/><V115/><F115/><W107/><G107/><T43/><D125/><U15/><E39/><V105/><F130/><W9/><G134/><N who="2" m="51817" /><F30/><W50/><G80/><T5/><D131/><U128/><E8/><V82/><F64/><W118/><G118/><T79/><D5/><U27/><E27/><V22/><F111/><W95/><G122/><T19/><D43/><U49/><E63/><V6/><F22/><W121/><G121/><T31/><D31/><U69/><E123/><V104/><F82/><W100/><G120/><T2/><D2/><U89/><E69/><V18/><F18/><W17/><G28/><T77/><D57/><U91/><E117/><V110/><F40/><W114/><G114/><T3/><D3/><U36/><E36/><V11/><F11/><W90/><G100/><T61/><D61/><U92/><E92/><N who="3" m="35370" /><G90/><T101/><D93/><U23/><E23/><V96/><F110/><W0/><G0/><T113/><D113/><U41/><E41/><V12/><F105/><W99/><G99/><N who="2" m="37961" /><F104/><W37/><G37/><T119/><D119/><U45/><E129/><V62/><AGARI ba="0,0" hai="6,10,12,34,35,55,59,62" m="37961,51817" machi="62" ten="30,1500,0" yaku="20,1" doraHai="44" who="2" fromWho="2" sc="129,-5,351,-5,260,15,260,-5" /><INIT seed="2,1,0,0,4,130" ten="124,346,275,255" oya="2" hai0="41,7,123,73,75,96,55,28,11,79,92,51,35" hai1="17,31,121,105,122,54,83,106,14,32,118,78,24" hai2="56,111,86,38,125,21,128,95,65,94,103,126,10" hai3="63,77,26,129,115,135,8,114,50,39,119,57,45"/><V124/><F38/><W87/><G119/><T89/><D123/><N who="1" m="47115" /><E54/><V74/><F74/><W80/><G129/><T44/><D35/><U104/><E118/><V117/><F117/><W20/><G39/><T109/><D28/><U84/><E104/><V97/><F128/><W47/><G8/><AGARI ba="1,0" hai="8,14,17,24,31,32,78,83,84,105,106" m="47115" machi="8" ten="30,1000,0" yaku="13,1" doraHai="130" who="1" fromWho="3" sc="124,0,346,13,275,0,255,-13" /><INIT seed="3,0,0,1,5,17" ten="124,359,275,242" oya="3" hai0="100,112,107,119,54,57,71,35,83,111,95,63,22" hai1="49,25,84,133,24,122,58,1,128,103,20,81,94" hai2="16,28,40,46,41,4,2,9,52,23,26,131,56" hai3="75,92,6,30,11,27,121,85,7,124,29,38,101"/><W97/><G121/><T3/><D35/><U76/><E1/><V5/><F131/><W99/><G124/><T60/><D3/><U91/><E128/><V116/><F116/><W0/><G75/><T47/><D119/><U130/><E122/><V126/><F126/><W67/><G38/><T98/><D112/><U12/><E133/><V114/><F114/><W90/><G7/><T39/><D111/><U78/><E130/><V48/><F5/><W50/><G67/><T105/><D83/><U14/><E25/><V132/><F132/><W61/><G61/><T53/><D39/><U73/><E78/><V118/><F118/><W43/><G99/><T10/><D10/><U96/><E58/><V70/><F70/><W123/><G123/><T65/><D47/><U135/><E49/><V129/><F129/><W45/><REACH who="3" step="1"/><G27/><REACH who="3" ten="124,359,275,232" step="2"/><T106/><REACH who="0" step="1"/><D54/><REACH who="0" ten="114,359,275,232" step="2"/><U89/><E135/><V37/><F41/><W117/><G117/><T69/><D69/><U21/><E73/><V120/><F120/><W127/><G127/><T36/><D36/><U109/><E109/><V68/><F68/><W115/><G115/><T113/><D113/><U32/><E32/><V44/><F37/><W19/><G19/><T88/><D88/><N who="1" m="33867" /><E24/><V13/><F40/><W86/><G86/><T8/><D8/><AGARI ba="0,2" hai="2,4,8,9,13,16,23,26,28,44,46,48,52,56" machi="8" ten="30,7700,0" yaku="7,1,52,1,54,2" doraHai="17" who="2" fromWho="0" sc="114,-77,359,0,275,97,232,0" /><INIT seed="4,0,0,3,5,58" ten="37,359,372,232" oya="0" hai0="0,82,71,97,132,80,17,90,87,88,52,119,7" hai1="115,100,63,116,101,14,64,40,54,125,84,45,67" hai2="66,91,131,122,98,62,2,48,5,102,114,117,3" hai3="21,27,109,37,85,95,68,51,61,22,50,89,8"/><T12/><D71/><U28/><E116/><V110/><F110/><W93/><G37/><T75/><D119/><U108/><E108/><V121/><F117/><W24/><G109/><T65/><D132/><U9/><E28/><V57/><F114/><W94/><G8/><T86/><D75/><U73/><E115/><V103/><F131/><W43/><G68/><T10/><D65/><U106/><E73/><V79/><F79/><W56/><G22/><T33/><D33/><U105/><E105/><V25/><F91/><W1/><G1/><T127/><D127/><U135/><E84/><V60/><F48/><N who="3" m="18475" /><G43/><T107/><D107/><U42/><E106/><V123/><F25/><N who="3" m="9803" /><G21/><T46/><D97/><U124/><E135/><V81/><F98/><W15/><G15/><T129/><D129/><U55/><E9/><V70/><F5/><W32/><G32/><T83/><D46/><U47/><E14/><V112/><F112/><W39/><G39/><T29/><D29/><U96/><E96/><V92/><F2/><W53/><AGARI ba="0,0" hai="53,56,61,85,89,93,94,95" m="9803,18475" machi="53" ten="30,2000,0" yaku="8,1,52,1" doraHai="58" who="3" fromWho="3" sc="37,-10,359,-5,372,-5,232,20" /><INIT seed="5,0,0,5,1,70" ten="27,354,367,252" oya="1" hai0="48,80,74,102,24,66,125,58,115,104,116,106,64" hai1="37,118,109,32,10,126,40,17,112,23,49,114,131" hai2="110,105,14,63,12,6,96,135,130,5,7,27,50" hai3="59,129,54,88,67,21,90,76,73,81,65,121,43"/><U52/><E118/><V9/><F110/><W93/><G121/><T84/><D24/><U39/><E32/><V38/><F38/><W86/><G129/><T78/><D58/><U120/><E120/><V8/><F130/><W36/><G90/><T18/><D48/><U46/><E131/><V98/><F135/><W42/><G21/><T56/><D56/><U77/><E109/><V3/><F3/><W57/><G57/><T0/><D116/><U26/><E126/><V92/><F105/><W15/><G15/><N who="2" m="5673" /><F63/><W111/><G111/><T30/><D30/><U45/><E77/><V71/><F71/><W4/><G4/><T83/><D0/><U16/><E10/><N who="2" m="4203" /><F92/><W127/><G127/><T100/><D18/><N who="1" m="12663" /><E39/><V123/><F123/><W19/><G19/><T99/><D125/><U97/><E97/><N who="2" m="37483" /><F50/><W82/><G93/><N who="0" m="58479" /><D115/><AGARI ba="0,0" hai="16,17,37,40,45,46,49,52,112,114,115" m="12663" machi="115" ten="30,11600,0" yaku="15,1,52,1,54,2" doraHai="70" who="1" fromWho="0" sc="27,-116,354,116,367,0,252,0" owari="-89,-59.0,470,57.0,367,17.0,252,-15.0" /></mjloggm>