<mjloggm ver="2.3"><GO type="225" lobby="0"/><UN n0="%4D%72%2E%6E%69%6B%75%39" n1="%E3%83%88%E3%83%88%E3%83%AA%E5%85%88%E7%94%9F%31%39%E6%AD%B3" n2="%55%4E%4B%4F%63%68%61%6E" n3="%E3%82%BF%E3%82%B3%EF%BC%92%EF%BC%95%EF%BC%92%EF%BC%95" dan="17,16,16,16" rate="2241.70,2088.49,2137.93,2076.95" sx="M,F,M,M"/><TAIKYOKU oya="0"/><INIT seed="0,0,0,1,4,46" ten="250,250,250,250" oya="0" hai0="1,30,51,105,47,3,97,72,104,69,17,116,67" hai1="57,26,91,29,113,52,103,120,118,82,107,98,32" hai2="15,53,135,10,85,109,89,36,96,124,111,87,13" hai3="130,110,40,21,45,55,27,7,43,56,125,106,75"/><T95/><D72/><U108/><E118/><V28/><F36/><W6/><G75/><T0/><D116/><U60/><E120/><V112/><F112/><W35/><G35/><T31/><D69/><U133/><E108/><N who="2" m="41547" /><F124/><W42/><G125/><T79/><D67/><U19/><E133/><V25/><F135/><W66/><G106/><T23/><D79/><U64/><E113/><V129/><F129/><W84/><G130/><T77/><D77/><U24/><E82/><V83/><F53/><W33/><G33/><T37/><D37/><U20/><REACH who="1" step="1"/><E91/><REACH who="1" ten="250,240,250,250" step="2"/><V34/><F83/><W61/><G110/><T12/><D105/><U100/><E100/><V134/><F134/><W48/><REACH who="3" step="1"/><G84/><REACH who="3" ten="250,240,250,240" step="2"/><T2/><D104/><U131/><E131/><V101/><F85/><W102/><G102/><T117/><D117/><U74/><E74/><V86/><F101/><W5/><G5/><T63/><D97/><U99/><E99/><V70/><F96/><W128/><G128/><T93/><D93/><U8/><E8/><V121/><F86/><W44/><G44/><T59/><D95/><U122/><E122/><V58/><F121/><W88/><G88/><T73/><D73/><U81/><E81/><V92/><F89/><W14/><G14/><T50/><D3/><U78/><E78/><V65/><F87/><W39/><G39/><T62/><D47/><U49/><E49/><N who="0" m="18441" /><D63/><U41/><E41/><V80/><F92/><W114/><G114/><T94/><D94/><U9/><E9/><V119/><F10/><W123/><G123/><T127/><D127/><U16/><E16/><AGARI ba="0,2" hai="6,7,16,21,27,40,42,43,45,48,55,56,61,66" machi="16" ten="40,8000,1" yaku="1,1,6,1,8,1,52,1,54,1,53,0" doraHai="46" doraHaiUra="126" who="3" fromWho="1" sc="250,0,240,-80,250,0,240,100" /><INIT seed="1,0,0,5,5,32" ten="250,160,250,340" oya="1" hai0="97,37,87,104,120,131,2,127,55,135,0,100,59" hai1="101,68,31,121,41,60,124,20,110,64,8,71,42" hai2="5,57,103,98,132,61,45,15,72,125,27,49,39" hai3="81,33,19,80,74,23,56,63,106,10,9,1,70"/><U65/><E121/><V14/><F72/><W4/><G106/><T66/><D127/><U24/><E124/><V112/><F39/><W53/><G33/><T115/><D115/><U11/><E110/><V130/><F112/><W44/><G9/><T62/><D120/><U18/><E101/><V86/><F130/><W29/><G29/><T91/><D37/><U47/><E31/><V109/><F109/><W78/><G80/><T105/><D105/><U54/><E54/><V38/><F38/><W85/><G70/><T51/><D135/><U88/><E88/><V34/><F132/><W16/><G44/><T17/><D17/><U69/><E64/><V134/><F86/><W114/><G114/><T25/><D25/><U12/><E11/><V73/><F73/><W76/><G19/><T13/><D13/><U40/><REACH who="1" step="1"/><E47/><REACH who="1" ten="250,150,250,340" step="2"/><V126/><F126/><W99/><G76/><T7/><D131/><U113/><E113/><V102/><F125/><W82/><G82/><T94/><D7/><U35/><E35/><V46/><F5/><W119/><G99/><T96/><REACH who="0" step="1"/><D97/><REACH who="0" ten="240,150,250,340" step="2"/><U108/><E108/><V128/><F98/><W3/><G4/><T48/><D48/><U123/><E123/><V84/><F49/><W83/><G78/><T111/><D111/><U129/><E129/><V28/><F128/><W43/><G74/><T133/><D133/><U22/><E22/><V118/><F134/><W6/><G23/><T50/><D50/><U116/><E116/><V117/><F34/><W122/><G6/><T95/><D95/><U107/><E107/><V79/><F117/><RYUUKYOKU ba="0,2" sc="240,15,150,15,250,-15,340,-15" hai0="0,2,51,55,59,62,66,87,91,94,96,100,104" hai1="8,12,18,20,24,40,41,42,60,65,68,69,71" /><INIT seed="1,1,2,5,3,21" ten="255,165,235,325" oya="1" hai0="39,69,123,108,86,45,22,90,104,89,120,121,109" hai1="8,18,107,112,48,59,133,119,83,28,10,81,117" hai2="9,17,51,115,14,99,5,65,46,88,105,38,124" hai3="57,127,113,70,102,73,67,130,2,111,11,97,63"/><U41/><E112/><V91/><F124/><W27/><G113/><T47/><D69/><U25/><E107/><V34/><F38/><W31/><G127/><T106/><D22/><N who="1" m="15415" /><E117/><V42/><F115/><W132/><G111/><N who="0" m="42571" /><D39/><U32/><E32/><V80/><F34/><N who="3" m="20863" /><G57/><T76/><D76/><U82/><E133/><V23/><F65/><W135/><G73/><T30/><D30/><U98/><E119/><V6/><F6/><N who="3" m="1495" /><G130/><T94/><D90/><U53/><E18/><V78/><F105/><AGARI ba="1,2" hai="63,67,70,97,102,105,132,135" m="1495,20863" machi="105" ten="30,3900,0" yaku="25,1,23,1,52,1" doraHai="21" who="3" fromWho="2" sc="255,0,165,0,235,-42,325,62" /><AGARI ba="1,0" hai="45,47,86,89,94,104,105,106,120,121,123" m="42571" machi="105" ten="40,2600,0" yaku="13,1,14,1" doraHai="21" who="0" fromWho="2" sc="255,26,165,0,193,-26,387,0" /><INIT seed="2,0,0,3,5,16" ten="281,165,167,387" oya="2" hai0="133,22,122,12,97,118,83,102,0,35,24,80,95" hai1="124,18,123,99,57,39,64,1,132,26,108,29,14" hai2="53,81,46,130,88,106,128,41,23,38,69,19,93" hai3="70,84,7,120,17,61,104,11,66,60,5,134,79"/><V105/><F69/><W20/><G104/><T114/><D114/><U116/><E116/><V111/><F81/><W94/><G134/><T4/><D122/><U67/><E39/><V36/><F36/><W49/><G120/><T56/><D133/><U91/><E1/><V9/><F9/><W21/><G61/><T54/><D0/><U25/><E123/><V96/><F53/><W28/><G49/><N who="0" m="30799" /><D35/><U55/><E108/><V74/><F74/><W13/><G28/><N who="0" m="17431" /><D118/><U65/><E124/><V89/><F89/><W87/><G5/><T100/><D100/><U2/><E2/><V109/><F105/><W117/><G117/><T6/><D6/><U63/><E29/><V45/><F45/><W103/><G7/><T75/><D75/><U44/><E44/><V10/><F10/><AGARI ba="0,0" hai="4,10,12,80,83,95,97,102" m="17431,30799" machi="10" ten="30,2000,0" yaku="8,1,52,1" doraHai="16" who="0" fromWho="2" sc="281,20,165,0,167,-20,387,0" /><INIT seed="3,0,0,4,3,123" ten="301,165,147,387" oya="3" hai0="38,93,58,49,18,61,80,31,72,28,59,23,25" hai1="135,67,89,121,108,14,55,2,117,125,115,114,39" hai2="111,94,60,76,77,126,12,99,27,100,6,86,66" hai3="45,120,85,30,98,9,122,75,62,133,74,91,129"/><W8/><G45/><T131/><D38/><U42/><E2/><V107/><F126/><W109/><G30/><T56/><D131/><U105/><E121/><V71/><F111/><W22/><G109/><T63/><D72/><U81/><E108/><V51/><F51/><W79/><G98/><T68/><D68/><U35/><E35/><V53/><F53/><W69/><G79/><T130/><D80/><U134/><E105/><V10/><REACH who="2" step="1"/><F27/><REACH who="2" ten="301,165,137,387" step="2"/><W102/><G120/><T21/><D49/><U84/><E125/><V52/><F52/><W57/><G129/><T112/><D130/><U43/><E117/><V19/><F19/><W36/><G36/><T33/><D112/><N who="1" m="43051" /><E39/><V4/><F4/><W110/><G62/><T37/><D37/><U3/><E3/><V0/><F0/><W44/><G110/><T95/><D18/><U15/><E67/><V97/><F97/><W113/><G44/><T118/><D118/><U78/><E55/><V13/><F13/><N who="1" m="4617" /><E78/><V103/><F103/><W88/><G102/><T7/><D7/><U90/><E90/><AGARI ba="0,1" hai="6,10,12,60,66,71,76,77,86,90,94,99,100,107" machi="90" ten="40,1300,0" yaku="1,1,53,0" doraHai="123" doraHaiUra="24" who="2" fromWho="1" sc="301,0,165,-13,137,23,387,0" owari="301,10.0,152,-35.0,160,-24.0,387,49.0" /></mjloggm>