<mjloggm ver="2.3"><GO type="169" lobby="0"/><UN n0="%E3%83%9F%E3%82%B9%E5%8C%97%E5%8D%83%E4%BD%8F" n1="%E3%83%95%E3%83%AA%E3%83%86%E3%83%B3" n2="%4B%69%72%63%68%65" n3="%E3%82%A6%E3%83%AB%E3%83%88%E3%83%A9%E7%AB%8B%E7%9B%B4" dan="18,18,16,18" rate="2216.10,2237.55,2088.81,2190.07" sx="M,M,M,M"/><TAIKYOKU oya="0"/><INIT seed="0,0,0,2,3,73" ten="250,250,250,250" oya="0" hai0="25,18,17,21,112,125,56,28,127,95,4,23,11" hai1="120,133,82,47,115,13,88,26,24,101,31,85,135" hai2="46,52,3,51,12,131,37,78,116,68,76,15,93" hai3="62,87,35,39,81,22,48,0,10,128,96,117,124"/><T119/><D95/><U34/><E120/><V55/><F68/><W102/><G35/><T83/><D83/><U8/><E115/><V111/><F3/><W54/><G39/><T121/><D56/><U69/><E69/><V40/><F116/><W27/><G117/><T91/><D91/><U75/><E101/><V114/><F114/><W70/><G62/><T132/><D112/><U38/><E26/><V110/><F131/><W41/><G128/><T122/><D119/><U65/><E65/><V57/><F93/><W2/><G41/><T66/><D66/><U5/><REACH who="1" step="1"/><E75/><REACH who="1" ten="250,240,250,250" step="2"/><V1/><F1/><W97/><G102/><T71/><D71/><U32/><E32/><V99/><F15/><W9/><G0/><N who="0" m="391" /><D132/><U94/><E94/><V29/><F12/><W80/><G70/><T20/><D122/><U64/><E64/><V103/><F103/><W108/><G2/><T98/><D121/><U61/><E61/><V7/><F29/><W60/><G60/><T90/><D28/><U49/><E49/><V58/><F51/><W16/><G48/><T105/><D25/><U50/><E50/><V36/><F36/><W43/><G27/><T67/><D67/><U77/><E77/><V63/><F63/><W45/><G54/><T30/><D30/><U19/><E19/><N who="0" m="7177" /><D105/><U109/><E109/><V84/><F110/><W100/><G108/><T72/><D72/><U113/><E113/><V123/><F111/><W42/><G100/><T89/><D89/><U130/><E130/><V59/><F123/><W6/><G45/><T33/><D33/><U134/><E134/><RYUUKYOKU ba="0,1" sc="250,15,240,15,250,-15,250,-15" hai0="20,21,23,90,98,125,127" hai1="5,8,13,24,31,34,38,47,82,85,88,133,135" /><INIT seed="0,1,1,4,0,90" ten="265,255,235,235" oya="0" hai0="88,134,2,130,74,5,128,98,102,37,99,96,50" hai1="62,21,69,83,47,103,34,19,77,97,126,91,122" hai2="107,70,125,29,73,6,56,79,13,12,85,68,105" hai3="43,80,115,133,57,119,24,51,71,61,108,9,82"/><T111/><D37/><U48/><E126/><V45/><F73/><W14/><G119/><T121/><D74/><U112/><E34/><V65/><F29/><W42/><G115/><T33/><D33/><U20/><E112/><V81/><F125/><W10/><G133/><T35/><D35/><U120/><E91/><V127/><F127/><W30/><G108/><T94/><D121/><U27/><E21/><V36/><F56/><W132/><G132/><T114/><D114/><U16/><E19/><V3/><F13/><W31/><G71/><T87/><D134/><U109/><E109/><V76/><F76/><W18/><G9/><N who="0" m="2231" /><D50/><U39/><E39/><V89/><F79/><W1/><G1/><T104/><D111/><U92/><E62/><V26/><F26/><W100/><G100/><T32/><D32/><U7/><E7/><V93/><F81/><N who="3" m="31339" /><G24/><T0/><D0/><U4/><E4/><V84/><F3/><W113/><G113/><T55/><D55/><U67/><E67/><V23/><F65/><N who="3" m="39087" /><G51/><T59/><D59/><U53/><REACH who="1" step="1"/><E69/><REACH who="1" ten="265,245,235,235" step="2"/><V38/><F70/><W131/><G31/><T52/><D88/><U123/><E123/><V60/><F68/><W28/><G30/><T116/><D102/><U124/><E124/><V72/><F89/><W17/><G28/><T129/><D116/><U106/><E106/><V44/><F105/><W78/><G18/><T63/><D104/><U117/><E117/><V49/><F107/><W15/><G17/><T101/><D101/><U8/><E8/><V58/><F38/><W135/><G10/><T41/><D63/><RYUUKYOKU ba="1,2" sc="265,-10,245,30,235,-10,235,-10" hai1="16,20,27,47,48,53,77,83,92,97,103,120,122" /><INIT seed="1,2,2,1,4,37" ten="255,275,225,225" oya="1" hai0="38,87,110,94,45,33,75,104,124,28,24,101,103" hai1="118,72,84,3,11,64,65,90,125,82,32,15,27" hai2="54,97,59,53,123,93,16,20,39,85,129,35,113" hai3="68,126,6,112,63,13,121,40,106,128,30,10,61"/><U19/><E118/><V83/><F35/><W135/><G121/><T134/><D75/><U92/><E125/><V56/><F39/><W9/><G112/><T117/><D117/><U62/><E3/><V89/><F123/><W86/><G126/><T22/><D124/><U18/><E72/><V4/><F4/><W71/><G106/><T46/><D104/><U50/><E32/><V36/><F36/><W119/><G119/><T116/><D116/><U80/><E50/><V1/><F1/><W81/><G128/><T41/><D110/><U55/><E55/><N who="2" m="21003" /><F129/><W25/><G135/><T66/><D134/><U26/><E65/><V95/><F113/><W111/><G10/><T51/><D66/><U127/><E127/><V100/><F83/><N who="1" m="31785" /><E19/><V102/><F100/><W70/><G111/><T109/><D109/><U52/><E64/><V2/><F2/><W79/><REACH who="3" step="1"/><G40/><REACH who="3" ten="255,275,225,215" step="2"/><T12/><D41/><U31/><E31/><V107/><F107/><W114/><G114/><T76/><D45/><U34/><E34/><AGARI ba="2,3" hai="6,9,13,25,30,34,61,63,68,70,71,79,81,86" machi="34" ten="40,1300,0" yaku="1,1,53,0" doraHai="37" doraHaiUra="17" who="3" fromWho="1" sc="255,0,275,-19,225,0,215,49" /><INIT seed="2,0,0,1,1,20" ten="255,256,225,264" oya="2" hai0="96,66,51,13,105,88,49,89,81,52,33,70,16" hai1="106,127,90,24,32,102,23,116,45,62,2,10,44" hai2="37,26,80,22,28,0,63,68,104,109,107,30,122" hai3="41,1,48,55,17,27,112,101,114,69,46,5,131"/><V124/><F122/><W85/><G69/><T75/><D33/><U42/><E116/><V108/><F0/><W4/><G131/><T133/><D133/><U73/><E73/><V79/><F37/><W115/><G101/><T53/><D70/><U129/><E129/><V100/><F124/><W128/><G128/><T72/><D66/><U8/><E32/><V57/><F68/><W130/><G130/><T60/><D75/><U113/><E2/><V121/><F121/><W11/><G85/><N who="0" m="50223" /><D105/><U25/><E45/><V6/><F6/><W82/><G82/><T47/><D72/><U126/><E90/><V94/><F30/><W65/><G65/><T123/><D60/><U43/><E62/><V134/><F134/><W67/><G67/><T21/><D123/><U61/><E61/><V86/><F94/><W91/><G91/><T120/><D120/><U29/><E113/><V99/><REACH who="2" step="1"/><F104/><REACH who="2" ten="255,256,215,264" step="2"/><W50/><G1/><T12/><D12/><U56/><E126/><V39/><F39/><W78/><G4/><T83/><D83/><U19/><E127/><V18/><F18/><W125/><G125/><T135/><D135/><U98/><E19/><V40/><F40/><W71/><G71/><T38/><D38/><U59/><E43/><V31/><F31/><W34/><G17/><T3/><D3/><U110/><E29/><V15/><F15/><N who="3" m="5615" /><G41/><N who="0" m="24815" /><D51/><U111/><E106/><V103/><F103/><W7/><G50/><T84/><D96/><U9/><E98/><V132/><F132/><W76/><G7/><T64/><D13/><U87/><E102/><V54/><AGARI ba="0,1" hai="22,26,28,54,57,63,79,80,86,99,100,107,108,109" machi="54" ten="30,12000,1" yaku="1,1,5,1,0,1,52,1,53,1" doraHai="20" doraHaiUra="93" who="2" fromWho="2" sc="255,-40,256,-40,215,130,264,-40" /><INIT seed="2,1,0,3,0,14" ten="215,216,345,224" oya="2" hai0="37,72,58,11,35,81,82,56,5,77,25,10,30" hai1="8,3,98,39,92,109,6,114,84,13,22,73,1" hai2="4,87,116,134,18,2,99,27,57,36,132,46,20" hai3="7,125,83,74,52,101,124,64,85,55,26,29,51"/><V127/><F116/><W17/><G7/><T86/><D37/><U103/><E109/><V33/><F33/><W121/><G121/><T117/><D117/><U118/><E118/><V0/><F127/><N who="3" m="48715" /><G64/><T67/><D67/><U70/><E73/><V88/><F99/><W47/><G101/><T107/><D107/><U120/><E114/><V91/><F57/><W113/><G74/><T62/><D62/><U112/><E112/><V45/><F91/><W93/><G93/><T40/><D40/><U24/><E120/><V69/><F69/><W9/><G113/><T129/><D129/><U23/><E70/><V60/><F60/><W12/><G55/><T89/><REACH who="0" step="1"/><D11/><REACH who="0" ten="205,216,345,224" step="2"/><U133/><E8/><V115/><F115/><W53/><G53/><T38/><D38/><U49/><E39/><V65/><F65/><W68/><G68/><T54/><D54/><U96/><E49/><V135/><F36/><W111/><G111/><T78/><D78/><U110/><E110/><V126/><F126/><W50/><G50/><T28/><D28/><U66/><E66/><V32/><F135/><W31/><G26/><T16/><D16/><U19/><E133/><V100/><F134/><W128/><G128/><T61/><D61/><U59/><E19/><V15/><F132/><W119/><G119/><T63/><D63/><U75/><E24/><V122/><F27/><W131/><G131/><T43/><D43/><U21/><E103/><V76/><F100/><W41/><G41/><T80/><D80/><U71/><E71/><V130/><F130/><W48/><G48/><T106/><D106/><RYUUKYOKU ba="1,1" sc="205,15,216,-15,345,-15,224,15" hai0="5,10,25,30,35,56,58,72,77,81,82,86,89" hai3="9,12,17,29,31,47,51,52,83,85" /><INIT seed="3,2,1,0,3,70" ten="220,201,330,239" oya="3" hai0="134,123,30,43,120,101,105,36,7,100,133,26,6" hai1="10,55,75,78,71,91,135,20,35,17,132,46,54" hai2="81,68,29,34,106,57,9,122,14,109,74,59,102" hai3="41,88,118,24,97,47,38,83,39,1,12,85,108"/><W21/><G1/><T79/><D79/><U37/><E35/><V32/><F68/><W76/><G118/><T89/><D89/><U13/><E71/><V4/><F122/><N who="0" m="46634" /><D105/><U23/><E91/><V84/><F74/><W61/><G108/><T5/><D26/><U16/><E10/><V73/><F73/><W18/><G61/><T0/><D30/><U45/><E75/><V15/><F109/><W98/><G76/><T129/><D0/><U115/><E78/><V128/><F128/><W125/><G125/><T95/><D95/><U72/><E72/><V60/><F29/><W56/><G56/><T114/><D129/><U42/><E115/><V8/><F59/><W58/><G58/><T44/><D114/><U117/><E117/><V119/><F119/><W50/><REACH who="3" step="1"/><G24/><REACH who="3" ten="220,201,330,229" step="2"/><T121/><D121/><U130/><E130/><V28/><F60/><W49/><G49/><T116/><D116/><U19/><E46/><V96/><F57/><W64/><G64/><T82/><D82/><U124/><E124/><V48/><F48/><W94/><G94/><T67/><D67/><U3/><E3/><V65/><F65/><W110/><G110/><T62/><D62/><U11/><E132/><AGARI ba="2,2" hai="5,6,7,36,43,44,100,101,132,133,134" m="46634" machi="132" ten="40,2600,0" yaku="20,1,52,1" doraHai="70" who="0" fromWho="1" sc="220,52,201,-32,330,0,229,0" /><INIT seed="4,0,0,4,4,97" ten="272,169,330,229" oya="0" hai0="133,0,77,104,19,65,36,50,79,80,84,62,129" hai1="67,46,22,48,127,27,130,7,10,103,24,66,61" hai2="49,123,51,121,57,58,90,54,71,113,1,26,100" hai3="2,115,55,111,53,6,45,30,21,106,125,41,108"/><T52/><D36/><U92/><E127/><V4/><F71/><W47/><G125/><T112/><D0/><U40/><E130/><V122/><F113/><W11/><G115/><T13/><D112/><U12/><E27/><V131/><F131/><W32/><G32/><T39/><D39/><U56/><E67/><V23/><F90/><W94/><G106/><T63/><D133/><U132/><E132/><V9/><F100/><W82/><G82/><T60/><D104/><U73/><E73/><V37/><F37/><W68/><G68/><T105/><D105/><U88/><E103/><V8/><F9/><W134/><G134/><T29/><D29/><U93/><REACH who="1" step="1"/><E88/><REACH who="1" ten="272,159,330,229" step="2"/><V59/><REACH who="2" step="1"/><F54/><REACH who="2" ten="272,159,320,229" step="2"/><W128/><G55/><T76/><D129/><U116/><E116/><V14/><F14/><W117/><G53/><T3/><D3/><U110/><E110/><V114/><F114/><W95/><G117/><T124/><D124/><U109/><E109/><V135/><F135/><W15/><G128/><T99/><D65/><U126/><E126/><V43/><F43/><W96/><G41/><T81/><D52/><U25/><E25/><V85/><F85/><W16/><G108/><T44/><D84/><U91/><E91/><V69/><F69/><W98/><G111/><T33/><D13/><U83/><E83/><V35/><F35/><W18/><G2/><T70/><D70/><U107/><E107/><V74/><F74/><W120/><G96/><T72/><D99/><U101/><E101/><V34/><F34/><W119/><G98/><T38/><D81/><U31/><AGARI ba="0,2" hai="7,10,12,22,24,31,40,46,48,56,61,66,92,93" machi="31" ten="20,8000,1" yaku="1,1,5,1,0,1,7,1,8,1,53,0" doraHai="97" doraHaiUra="78" who="1" fromWho="1" sc="272,-40,159,100,320,-20,229,-20" /><INIT seed="5,0,0,4,5,131" ten="232,259,300,209" oya="1" hai0="122,23,62,6,111,48,11,74,13,16,44,90,125" hai1="102,56,132,108,72,81,64,109,89,118,67,77,76" hai2="63,103,36,94,116,57,87,33,85,58,2,39,12" hai3="128,73,53,121,4,120,51,18,1,71,17,52,40"/><U127/><E118/><V32/><F116/><W68/><G73/><T5/><D111/><N who="1" m="42571" /><E77/><V98/><F2/><W117/><G117/><T82/><D125/><U15/><E102/><V54/><F12/><W0/><G51/><T7/><D122/><U123/><E89/><V22/><F22/><W96/><G40/><T31/><D62/><U99/><E99/><V61/><F39/><W60/><G60/><T115/><D115/><U30/><E30/><V26/><F36/><W35/><G96/><T100/><D100/><U84/><E72/><V97/><F97/><W129/><G4/><T79/><D90/><U59/><E15/><V86/><REACH who="2" step="1"/><F26/><REACH who="2" ten="232,259,290,209" step="2"/><W80/><G80/><T50/><D31/><U9/><E81/><V95/><F95/><W93/><G35/><T65/><D23/><U66/><E9/><V135/><F135/><W126/><G126/><T114/><D114/><U25/><E132/><V24/><F24/><W37/><G37/><T43/><D82/><N who="1" m="47175" /><E25/><V8/><F8/><W38/><G38/><T19/><D11/><U46/><E127/><V75/><F75/><W41/><G93/><T106/><D74/><U101/><E101/><V107/><F107/><W47/><G0/><T27/><D106/><U70/><E70/><V55/><AGARI ba="0,1" hai="32,33,54,55,57,58,61,63,85,86,87,94,98,103" machi="55" ten="30,8000,1" yaku="1,1,0,1,9,1,53,2" doraHai="131" doraHaiUra="28" who="2" fromWho="2" sc="232,-20,259,-40,290,90,209,-20" /><INIT seed="6,0,0,1,0,78" ten="212,219,380,189" oya="2" hai0="76,90,93,22,34,26,115,83,12,125,128,105,37" hai1="54,20,21,135,122,17,67,61,131,45,59,4,30" hai2="27,32,63,85,53,124,99,119,102,111,16,25,75" hai3="70,1,35,41,48,89,51,112,98,2,134,11,3"/><V106/><F75/><W94/><G35/><T0/><D0/><U40/><E135/><V23/><F119/><W71/><G134/><T101/><D37/><U95/><E131/><V127/><F127/><W110/><BYE who="2" /><G110/><UN n2="%4B%69%72%63%68%65" /><T56/><D128/><U114/><E114/><V44/><F124/><W66/><G112/><T36/><D36/><U31/><E4/><V73/><F73/><W132/><G132/><T87/><D125/><U84/><E122/><V47/><F111/><W28/><G28/><N who="1" m="10794" /><E40/><V42/><F32/><W57/><G11/><T97/><D115/><U33/><E33/><V24/><F85/><W86/><G98/><T113/><D113/><U5/><E5/><V116/><F116/><W104/><G104/><T52/><D12/><N who="1" m="9255" /><E21/><V77/><F77/><W9/><G9/><T117/><D117/><U50/><E95/><V88/><F27/><W13/><G13/><T108/><D108/><U133/><E133/><V46/><F25/><W103/><G71/><T18/><D34/><U15/><E84/><V65/><F42/><W79/><G70/><T60/><D105/><U107/><E107/><V120/><F120/><W121/><G121/><T92/><D92/><U123/><E123/><V81/><F24/><W6/><G6/><T29/><D29/><U39/><E39/><V126/><F126/><W109/><G109/><T10/><D10/><U129/><E129/><V38/><F38/><W130/><G130/><T58/><D58/><U49/><E15/><V82/><F23/><W91/><G57/><T7/><D7/><U43/><E43/><V8/><F106/><RYUUKYOKU ba="0,0" sc="212,15,219,15,380,-15,189,-15" hai0="18,22,26,52,56,60,76,83,87,90,93,97,101" hai1="45,49,50,54,59,61,67" /><INIT seed="7,1,0,0,3,21" ten="227,234,365,174" oya="3" hai0="94,22,68,76,36,78,67,34,43,24,32,50,38" hai1="28,109,118,124,100,120,56,112,31,105,75,88,0" hai2="115,8,108,98,102,70,134,60,106,82,17,81,2" hai3="125,90,39,86,92,80,23,52,13,46,69,27,15"/><W7/><G69/><T83/><D78/><U77/><E0/><V33/><F33/><W79/><G125/><T6/><D6/><U30/><E120/><V64/><F108/><W126/><G126/><T123/><D123/><U42/><E109/><V54/><F134/><W44/><G39/><T99/><D50/><U95/><E42/><V29/><F29/><W74/><G7/><T16/><D67/><U4/><E4/><V61/><F2/><W71/><G71/><T57/><D57/><U97/><E118/><V73/><F73/><W40/><G40/><T41/><D68/><U103/><E112/><V47/><F115/><W107/><G107/><T58/><D58/><U127/><E103/><V63/><F63/><W93/><G93/><T55/><D55/><U53/><E77/><V131/><F131/><W110/><G110/><T48/><D43/><U11/><E75/><V121/><F121/><W85/><G74/><T37/><D48/><U5/><E56/><V19/><F61/><W133/><G133/><T119/><D119/><U128/><E53/><V66/><F66/><W132/><G132/><T10/><D10/><U116/><E116/><V113/><F113/><W65/><G65/><T62/><D62/><U129/><E127/><V35/><F54/><W122/><G122/><T45/><D38/><U89/><E124/><V117/><F117/><W104/><G104/><T72/><D37/><U51/><E51/><V12/><F64/><W18/><G46/><T84/><D72/><U25/><E5/><V130/><F70/><W9/><G9/><T26/><D26/><RYUUKYOKU ba="1,0" sc="227,15,234,-15,365,-15,174,15" hai0="16,22,24,32,34,36,41,45,76,83,84,94,99" hai3="13,15,18,23,27,44,52,79,80,85,86,90,92" /><INIT seed="7,2,0,5,2,87" ten="242,219,350,189" oya="3" hai0="61,15,116,117,7,59,10,25,33,110,60,2,58" hai1="75,124,85,8,119,78,71,63,12,40,56,108,95" hai2="14,82,49,13,73,66,84,134,93,42,76,53,45" hai3="46,123,112,99,121,94,120,130,79,3,47,132,18"/><W55/><G3/><T36/><D36/><U22/><E108/><V101/><F66/><W34/><G34/><T28/><D110/><U90/><E71/><V98/><F134/><W20/><G132/><T86/><D86/><U51/><E124/><V128/><F128/><W80/><G130/><T92/><D92/><U129/><E129/><V62/><F73/><W106/><G106/><T32/><D32/><U69/><E69/><V23/><F23/><W4/><G4/><T16/><D59/><AGARI ba="2,0" hai="13,14,42,45,49,53,59,62,76,82,84,93,98,101" machi="59" ten="40,1300,0" yaku="8,1" doraHai="87" who="2" fromWho="0" sc="242,-19,219,0,350,19,189,0" owari="223,2.0,219,-18.0,369,47.0,189,-31.0" /></mjloggm>