<mjloggm ver="2.3"><GO type="41" lobby="0"/><UN n0="%E3%83%89%E3%83%A9%E3%83%83%E3%83%81" n1="%79%6F%73%68%69%31%30%32" n2="%E5%B0%B1%E6%B4%BB%E7%94%9F%40%E5%B7%9D%E6%9D%91%E8%BB%8D%E5%9B%A3" n3="%28%EF%BD%80%6F%C2%B4%29%23%36%36" dan="14,13,16,13" rate="1989.60,1846.59,2049.27,1918.94" sx="M,M,M,M"/><TAIKYOKU oya="0"/><INIT seed="0,0,0,0,0,86" ten="250,250,250,250" oya="0" hai0="24,134,117,85,102,88,47,31,103,98,71,13,133" hai1="64,55,41,40,17,82,3,38,32,57,33,74,100" hai2="36,96,0,114,2,1,92,121,91,39,106,37,107" hai3="95,61,76,125,60,14,132,68,128,16,65,66,45"/><T5/><D71/><U35/><E3/><V30/><F30/><W10/><G128/><T52/><D117/><U105/><E64/><V90/><F114/><W34/><G34/><T79/><D79/><U15/><E38/><V62/><F121/><W4/><G125/><T73/><D73/><U54/><E100/><V130/><F130/><W58/><G132/><N who="0" m="50795" /><D98/><U127/><E105/><V44/><F44/><W7/><G45/><T111/><D13/><U23/><E127/><V72/><F72/><W93/><G76/><T51/><D5/><U108/><E108/><V113/><F113/><W49/><G49/><T131/><D131/><U116/><E116/><V19/><F62/><W124/><G124/><T50/><D50/><U27/><E27/><V6/><F6/><W119/><G119/><T59/><D47/><U77/><REACH who="1" step="1"/><E55/><REACH who="1" ten="250,240,250,250" step="2"/><V53/><F53/><W135/><G135/><T20/><D111/><U25/><E25/><V46/><F46/><W87/><REACH who="3" step="1"/><G95/><AGARI ba="0,1" hai="20,24,31,51,52,59,85,88,95,102,103" m="50795" machi="95" ten="30,11600,0" yaku="20,1,52,1,54,2" doraHai="86" who="0" fromWho="3" sc="250,126,240,0,250,0,250,-116" /><INIT seed="0,1,0,3,3,41" ten="376,240,250,134" oya="0" hai0="128,31,55,106,72,83,32,11,84,104,124,66,45" hai1="121,120,34,115,48,65,3,49,57,67,21,53,10" hai2="129,0,71,33,130,43,35,95,122,23,94,81,99" hai3="90,112,19,42,61,9,91,14,135,111,15,134,80"/><T6/><D66/><U75/><E75/><V16/><F71/><W17/><G112/><T44/><D72/><U78/><E34/><V93/><F0/><W39/><G111/><T58/><D31/><U24/><E78/><V60/><F122/><W102/><G102/><T18/><D18/><U8/><E115/><V70/><F43/><W117/><G117/><T86/><D32/><U7/><E8/><V25/><F99/><W63/><G80/><T123/><D123/><U103/><E103/><V36/><F36/><W118/><G118/><T27/><D27/><U92/><E92/><V54/><F81/><W40/><REACH who="3" step="1"/><G9/><REACH who="3" ten="376,240,250,124" step="2"/><T88/><D128/><N who="2" m="49258" /><F70/><W126/><G126/><T89/><D124/><U22/><E120/><V76/><F76/><W110/><G110/><T64/><D106/><U68/><E121/><V1/><F1/><W51/><G51/><T79/><D104/><U107/><E107/><V62/><F62/><W82/><G82/><N who="0" m="49175" /><D79/><U59/><E68/><V26/><F35/><W46/><G46/><T113/><D113/><U30/><E21/><V69/><F33/><W98/><G98/><T29/><D45/><U100/><E100/><V28/><F69/><W119/><G119/><T105/><D105/><U116/><E116/><V50/><F60/><W38/><AGARI ba="1,1" hai="14,15,17,19,38,39,40,42,61,63,90,91,134,135" machi="38" ten="25,6400,0" yaku="1,1,0,1,22,2,53,0" doraHai="41" doraHaiUra="109" who="3" fromWho="3" sc="376,-33,240,-17,250,-17,124,77" /><INIT seed="1,0,0,4,3,11" ten="343,223,233,201" oya="1" hai0="131,71,3,97,63,33,77,58,17,42,24,81,107" hai1="98,115,53,122,16,76,82,109,72,32,55,125,116" hai2="49,48,56,79,86,54,26,35,65,37,101,113,13" hai3="23,84,88,0,60,31,67,80,104,87,99,25,114"/><U90/><E115/><V21/><F37/><W40/><G114/><T18/><D42/><U108/><E116/><V29/><F113/><W20/><G0/><T129/><D3/><U8/><E32/><V45/><F101/><W119/><G119/><T4/><D4/><U69/><E69/><V15/><F35/><W85/><G40/><T93/><D107/><U10/><E122/><V9/><F9/><W43/><G43/><T38/><D38/><U123/><E123/><V117/><F117/><W46/><G46/><T75/><D71/><U68/><E68/><V96/><F96/><W130/><G130/><T59/><D59/><U47/><E125/><V64/><F49/><W127/><G127/><T112/><D112/><U44/><E10/><V105/><F105/><W57/><G104/><T61/><D61/><U106/><E47/><V102/><F102/><W91/><REACH who="3" step="1"/><G23/><REACH who="3" ten="343,223,233,191" step="2"/><T5/><D131/><U83/><E106/><V27/><F45/><W34/><G34/><T126/><D129/><U134/><E134/><V133/><F133/><W120/><G120/><T14/><D126/><U73/><E44/><V28/><F64/><W111/><G111/><T2/><D33/><U118/><E118/><V94/><F65/><W100/><G100/><T66/><D66/><U124/><E124/><V39/><F39/><W92/><AGARI ba="0,1" hai="20,25,31,57,60,67,80,84,85,87,88,91,92,99" machi="92" ten="30,7900,0" yaku="1,1,0,1,8,1,54,1,53,0" doraHai="11" doraHaiUra="132" who="3" fromWho="3" sc="343,-20,223,-39,233,-20,191,89" /><INIT seed="2,0,0,0,4,102" ten="323,184,213,280" oya="2" hai0="109,92,80,108,111,88,107,4,113,23,3,38,49" hai1="90,68,110,13,132,42,96,70,57,2,127,100,121" hai2="115,86,120,29,34,97,125,28,53,114,129,43,91" hai3="66,85,8,134,56,30,9,54,135,83,133,61,87"/><V26/><F120/><W128/><G128/><T1/><D38/><U124/><E2/><V81/><F129/><W32/><G32/><T11/><D3/><U72/><E72/><V15/><F125/><W40/><G40/><T17/><D80/><U7/><E110/><V75/><F29/><W117/><G30/><T55/><D113/><U101/><E42/><V0/><F0/><W33/><G33/><T18/><D23/><U77/><E77/><V63/><F43/><W41/><G41/><T25/><D25/><U122/><E90/><V84/><F75/><W82/><G117/><T67/><D67/><U93/><E57/><V112/><F15/><W31/><G31/><T94/><D94/><U37/><E37/><V44/><F97/><W123/><G123/><N who="1" m="47114" /><E101/><V118/><F118/><W20/><G20/><T62/><D62/><U65/><E65/><V36/><F86/><W76/><REACH who="3" step="1"/><G66/><REACH who="3" ten="323,184,213,270" step="2"/><T105/><D18/><U24/><E132/><V106/><F36/><W46/><G46/><N who="0" m="28087" /><D17/><U27/><E70/><V104/><REACH who="2" step="1"/><F44/><REACH who="2" ten="323,184,203,270" step="2"/><W21/><G21/><T19/><D19/><U74/><E124/><V95/><F95/><W99/><G99/><AGARI ba="0,2" hai="1,4,11,88,92,99,105,107,108,109,111" m="28087" machi="99" ten="30,7700,0" yaku="14,1,52,2,54,1" doraHai="102" who="0" fromWho="3" sc="323,97,184,0,203,0,270,-77" /><INIT seed="3,0,0,3,1,2" ten="420,184,203,193" oya="3" hai0="93,102,55,109,14,12,119,52,84,30,98,82,90" hai1="23,96,80,78,91,88,8,13,66,125,26,39,75" hai2="122,53,34,33,19,10,15,32,74,79,99,114,86" hai3="130,6,20,61,133,97,85,50,115,36,70,54,11"/><W100/><G115/><T51/><D119/><U108/><E39/><V69/><F74/><W5/><G36/><T107/><D109/><U127/><E66/><V28/><F114/><W103/><G70/><T129/><D129/><U59/><E108/><V43/><F69/><W65/><G130/><T22/><D55/><U111/><E111/><V25/><F43/><W63/><G133/><T94/><D107/><U29/><E59/><V44/><F122/><W83/><G20/><T21/><D94/><U4/><REACH who="1" step="1"/><E96/><REACH who="1" ten="420,174,203,193" step="2"/><V135/><F99/><W45/><G97/><T38/><D38/><U112/><E112/><V118/><F118/><W47/><G65/><T41/><D98/><U72/><E72/><V81/><F135/><W7/><G47/><T106/><D106/><U17/><E17/><V56/><F44/><W73/><G73/><T124/><D102/><N who="3" m="38953" /><G11/><T62/><D30/><U71/><E71/><V1/><F1/><W95/><G95/><T49/><D93/><U0/><E0/><V101/><F101/><W131/><G131/><T67/><D67/><U40/><E40/><V68/><F68/><W126/><G126/><AGARI ba="0,1" hai="4,8,13,23,26,29,75,78,80,88,91,125,126,127" machi="126" ten="40,8000,1" yaku="1,1,18,1,52,1,54,1,53,0" doraHai="2" doraHaiUra="37" who="1" fromWho="3" sc="420,0,174,90,203,0,193,-80" /><INIT seed="4,0,0,1,5,5" ten="420,264,203,113" oya="0" hai0="28,39,31,81,123,92,32,82,113,57,119,64,98" hai1="27,45,46,76,55,77,41,133,37,134,33,67,90" hai2="7,34,70,86,124,118,101,85,53,78,26,16,35" hai3="58,62,111,105,13,68,75,131,0,10,47,91,11"/><T89/><D39/><U56/><E67/><V126/><F118/><W36/><G68/><T12/><D119/><U61/><E45/><V2/><F70/><W84/><G105/><T71/><D71/><U63/><E63/><V22/><F22/><W99/><G75/><T130/><D123/><U65/><E65/><V15/><F15/><W103/><G111/><T29/><D32/><U24/><E90/><V93/><F78/><N who="1" m="30313" /><E33/><V48/><F7/><W97/><G131/><T73/><D73/><U42/><E42/><V122/><F2/><W50/><G36/><T1/><D1/><U30/><E30/><V116/><F116/><W23/><G0/><T72/><D72/><U115/><E115/><V38/><F122/><W132/><G132/><AGARI ba="0,0" hai="24,27,37,41,46,55,56,61,132,133,134" m="30313" machi="132" ten="30,1000,0" yaku="20,1" doraHai="5" who="1" fromWho="3" sc="420,0,264,10,203,0,113,-10" /><INIT seed="5,0,0,5,0,87" ten="420,274,203,103" oya="1" hai0="81,14,91,27,49,102,15,17,93,3,16,29,23" hai1="106,114,122,101,34,32,99,44,53,129,110,36,65" hai2="134,92,120,132,59,70,128,4,50,0,18,88,71" hai3="41,84,20,8,72,133,124,10,73,54,43,46,35"/><U67/><E122/><V55/><F120/><W47/><G35/><T127/><D3/><U6/><E129/><V48/><F128/><W83/><G124/><T21/><D102/><U118/><E118/><V61/><F0/><W60/><G133/><N who="2" m="51305" /><F4/><W76/><G20/><T89/><D127/><U57/><E114/><V111/><F18/><W45/><G72/><T109/><D109/><U52/><E110/><V100/><F100/><W42/><G73/><T113/><D113/><U78/><E78/><V33/><F33/><W116/><G116/><T107/><D107/><U135/><E135/><V98/><F111/><W119/><G119/><T66/><D81/><U126/><E126/><V39/><F39/><W31/><G31/><T1/><D93/><U63/><E6/><V12/><F12/><W7/><G7/><T80/><D80/><U94/><E106/><V19/><F19/><W117/><G117/><T103/><D103/><U9/><E9/><N who="3" m="3690" /><G60/><T38/><D38/><U115/><E115/><V104/><F104/><W121/><G121/><T105/><D105/><U26/><E65/><V108/><F108/><W64/><G64/><T37/><D37/><U85/><E85/><V40/><F40/><N who="3" m="10243" /><W58/><DORA hai="75" /><G58/><T125/><D125/><U79/><E79/><V69/><AGARI ba="0,0" hai="48,50,55,59,61,69,70,71,88,92,98" m="51305" machi="69" ten="40,5200,0" yaku="20,1,52,1,54,1" doraHai="87,75" who="2" fromWho="2" sc="420,-13,274,-26,203,52,103,-13" /><INIT seed="6,0,0,2,1,129" ten="407,248,255,90" oya="2" hai0="81,118,107,40,18,113,69,34,101,84,30,10,125" hai1="11,93,28,22,123,49,19,38,75,76,4,94,112" hai2="9,8,127,58,33,90,65,6,131,116,42,85,62" hai3="15,87,83,39,115,24,120,96,54,52,14,53,108"/><V27/><F116/><W119/><G108/><T89/><D69/><U1/><E112/><V130/><F42/><W25/><G119/><T16/><D118/><U35/><E49/><V51/><F127/><W73/><G73/><T32/><D113/><U13/><E123/><V47/><F33/><W109/><G109/><T82/><D107/><U78/><E38/><V124/><F124/><W110/><G110/><T79/><D101/><U117/><E117/><V99/><F99/><W43/><G115/><T63/><D63/><U134/><E134/><V7/><F27/><W97/><G120/><T67/><D67/><U21/><E21/><V5/><F51/><W41/><G39/><T48/><D30/><U128/><E128/><N who="2" m="49195" /><F47/><W91/><G25/><T121/><D121/><U71/><E71/><V60/><F62/><W77/><G24/><T46/><D18/><U17/><E17/><V45/><F45/><W98/><G77/><T102/><D125/><U70/><E70/><V55/><F65/><W20/><G20/><T12/><D102/><U105/><E105/><V135/><F135/><W50/><G50/><T29/><D29/><U3/><E3/><V66/><F66/><W37/><G37/><T95/><D82/><AGARI ba="0,0" hai="5,6,7,8,9,55,58,60,82,85,90" m="49195" machi="82" ten="30,1500,0" yaku="19,1" doraHai="129" who="2" fromWho="0" sc="407,-15,248,0,255,15,90,0" /><INIT seed="6,1,0,2,1,117" ten="392,248,270,90" oya="2" hai0="76,101,99,79,28,89,119,104,19,18,110,116,130" hai1="84,93,47,131,74,14,38,127,62,11,42,118,95" hai2="37,53,65,52,124,122,80,4,16,8,81,86,51" hai3="12,64,113,9,49,78,29,56,30,102,125,120,70"/><V68/><F122/><W40/><G78/><T6/><D110/><U82/><E74/><V91/><F37/><W111/><G102/><T115/><D130/><U32/><E118/><N who="0" m="45097" /><D89/><U105/><E105/><V45/><F124/><W133/><G30/><T106/><D106/><U123/><E131/><V121/><F121/><W96/><G96/><T26/><D6/><U85/><E32/><V60/><F80/><W112/><G29/><T135/><D115/><N who="3" m="44105" /><G9/><T66/><D135/><U21/><E85/><V75/><F75/><W134/><G12/><T46/><D66/><U97/><E127/><V109/><F109/><W98/><G98/><T17/><D46/><U22/><E95/><V63/><F63/><N who="3" m="40223" /><G111/><T35/><AGARI ba="1,0" hai="17,18,19,26,28,35,76,79,99,101,104" m="45097" machi="35" ten="30,1100,0" yaku="12,1" doraHai="117" who="0" fromWho="0" sc="392,14,248,-4,270,-6,90,-4" /><INIT seed="7,0,0,1,4,92" ten="406,244,264,86" oya="3" hai0="24,87,96,99,64,102,113,124,52,69,45,71,37" hai1="112,62,68,76,127,90,19,94,125,133,77,88,86" hai2="91,129,39,32,60,103,29,56,50,131,51,65,16" hai3="132,75,97,114,85,5,93,98,109,83,89,120,100"/><W105/><G5/><T4/><D99/><U14/><E112/><V28/><F39/><W2/><G2/><T22/><D113/><U26/><E26/><V9/><F103/><N who="3" m="62703" /><G120/><T6/><D124/><N who="1" m="47691" /><E133/><V0/><F91/><N who="3" m="51647" /><G114/><T47/><D87/><N who="1" m="52511" /><E62/><V80/><F80/><W81/><G132/><T128/><D71/><U35/><E35/><V11/><F32/><W67/><G67/><T117/><D117/><U122/><E68/><V126/><F126/><W107/><G109/><T108/><D108/><U70/><E70/><V1/><F50/><W123/><G123/><T49/><D64/><U48/><E48/><V15/><F51/><W34/><G34/><T61/><D61/><U10/><E122/><V57/><F57/><W106/><G89/><T36/><D69/><U95/><AGARI ba="0,0" hai="10,14,19,76,77,86,90,95" m="52511,47691" machi="95" ten="30,2000,0" yaku="18,1,54,1" doraHai="92" who="1" fromWho="1" sc="406,-5,244,20,264,-5,86,-10" owari="401,50.0,264,6.0,259,-14.0,76,-42.0" /></mjloggm>