<mjloggm ver="2.3"><GO type="169" lobby="0"/><UN n0="%E3%83%AD%E3%83%83%E3%83%86%E9%9B%80%E7%90%83" n1="%E3%81%A9%E3%81%B0%E3%81%A8%E3%81%A1%E3%82%83%E3%82%93" n2="%E3%83%81%E3%83%81%E3%82%AB%E3%82%AB%E6%B9%96" n3="%E3%82%A6%E3%83%AB%E3%83%88%E3%83%A9%E7%AB%8B%E7%9B%B4" dan="16,17,16,17" rate="2114.45,2132.95,2135.06,2207.53" sx="M,F,M,M"/><TAIKYOKU oya="0"/><INIT seed="0,0,0,5,5,60" ten="250,250,250,250" oya="0" hai0="67,41,40,93,66,86,129,121,65,0,19,42,123" hai1="98,27,48,110,131,36,29,15,75,133,1,72,90" hai2="109,87,84,49,2,130,96,46,79,106,80,104,63" hai3="13,52,37,70,127,38,81,117,69,74,135,119,91"/><T20/><D0/><U56/><E1/><V30/><F2/><W43/><G13/><T88/><REACH who="0" step="1"/><D129/><REACH who="0" ten="240,250,250,250" step="2"/><U4/><E131/><V114/><F130/><W35/><G119/><T17/><D17/><U82/><E133/><V111/><F114/><W54/><G117/><T94/><D94/><U92/><E92/><V99/><F106/><W10/><G135/><T132/><D132/><U59/><E4/><V7/><F7/><W32/><G127/><T85/><D85/><U16/><E16/><V105/><F87/><W120/><G74/><T128/><D128/><U118/><E75/><V95/><F95/><W23/><G120/><T28/><D28/><U8/><E29/><V113/><F30/><W61/><G81/><T31/><D31/><U53/><E82/><V108/><F113/><W68/><G35/><T83/><D83/><U39/><E72/><V89/><F104/><W77/><G32/><T102/><D102/><U58/><E118/><V97/><F105/><W76/><G70/><T5/><D5/><U44/><E98/><V9/><F79/><W26/><G69/><T33/><D33/><U25/><E90/><V14/><F97/><W12/><G91/><T3/><D3/><U22/><E110/><V62/><F96/><W134/><G134/><T101/><D101/><U78/><E78/><V51/><F99/><W47/><G77/><T21/><D21/><U112/><E22/><V116/><F116/><W11/><G23/><T122/><D122/><U6/><E112/><V45/><F109/><W100/><G76/><T103/><D103/><U107/><E107/><RYUUKYOKU ba="0,1" sc="240,15,250,15,250,-15,250,-15" hai0="19,20,40,41,42,65,66,67,86,88,93,121,123" hai1="6,8,15,25,27,36,39,44,48,53,56,58,59" /><INIT seed="0,1,1,4,3,126" ten="255,265,235,235" oya="0" hai0="24,114,73,29,32,15,55,10,94,88,118,26,67" hai1="111,110,62,119,72,38,60,105,68,41,134,4,27" hai2="34,48,12,127,7,18,3,121,106,122,123,53,59" hai3="45,135,79,113,37,65,85,75,87,115,58,23,64"/><T132/><D114/><U31/><E119/><V14/><F106/><W92/><G75/><T76/><D118/><U98/><E72/><V116/><F116/><W2/><G2/><T43/><D132/><U16/><E4/><V89/><F34/><W22/><G135/><T69/><D43/><U56/><E134/><V0/><F127/><W102/><G92/><T90/><D26/><U13/><E68/><V129/><F7/><W125/><G58/><T8/><D90/><U46/><E98/><V91/><F12/><W42/><G42/><T133/><D133/><U25/><E105/><V84/><F91/><W50/><G50/><T70/><D55/><U9/><E27/><V63/><F63/><W93/><G79/><T5/><D67/><U95/><E95/><N who="2" m="54695" /><F129/><W108/><G125/><T52/><D52/><U44/><E44/><V20/><AGARI ba="1,1" hai="0,3,14,18,20,48,53,59,121,122,123" m="54695" machi="20" ten="30,1100,0" yaku="25,1" doraHai="126" who="2" fromWho="2" sc="255,-6,265,-4,235,24,235,-4" /><INIT seed="1,0,0,5,4,16" ten="249,261,259,231" oya="1" hai0="46,4,120,9,63,76,49,64,48,36,108,42,5" hai1="98,119,85,135,74,107,3,52,129,37,26,100,55" hai2="32,95,87,47,106,101,70,62,59,130,133,0,54" hai3="75,80,33,24,8,28,12,122,17,1,13,7,67"/><U58/><E119/><V77/><F0/><W31/><G67/><T96/><D108/><U72/><E129/><V45/><F32/><W38/><G38/><T126/><D126/><U61/><E135/><V124/><F124/><W116/><G75/><T113/><D113/><U94/><E3/><V127/><F127/><W11/><G80/><T34/><D120/><U6/><E6/><V69/><F69/><W89/><G89/><T65/><D34/><U27/><E37/><V25/><F70/><W111/><G122/><T83/><D96/><U123/><E123/><V19/><F130/><W103/><G103/><T66/><D63/><U71/><E71/><V104/><F104/><W114/><G114/><T109/><D109/><U2/><E2/><V110/><F133/><W117/><G111/><T118/><D118/><N who="3" m="45673" /><G31/><T23/><D23/><U99/><E85/><V84/><F87/><W15/><AGARI ba="0,0" hai="1,7,8,11,12,13,15,17,24,28,33" m="45673" machi="15" ten="30,4000,0" yaku="12,1,34,2" doraHai="16" who="3" fromWho="3" sc="249,-10,261,-20,259,-10,231,40" /><INIT seed="2,0,0,3,1,48" ten="239,241,249,271" oya="2" hai0="87,47,109,17,65,103,82,100,60,75,77,71,52" hai1="63,89,1,120,13,126,74,86,58,41,43,64,3" hai2="130,95,12,50,119,49,68,30,129,56,107,116,66" hai3="61,91,123,36,76,62,31,134,85,113,40,94,11"/><V70/><F107/><W124/><G123/><T5/><D109/><U106/><E74/><V57/><F30/><W14/><G124/><T127/><D127/><U105/><E126/><V9/><F95/><W45/><G134/><T20/><D5/><U112/><E112/><V2/><F12/><W38/><G38/><T132/><D75/><U24/><E24/><V27/><F9/><W0/><G0/><T32/><D32/><U73/><E73/><V135/><F27/><W93/><G113/><T29/><D29/><U6/><E13/><V115/><F2/><W16/><G76/><T8/><D8/><U102/><E120/><V128/><F115/><W78/><G78/><T79/><D79/><U114/><E114/><V10/><F10/><W23/><G31/><T21/><D132/><U83/><E1/><V69/><F135/><W121/><G121/><T28/><D28/><U118/><E118/><N who="2" m="45099" /><F66/><W81/><G11/><T122/><D122/><U51/><E106/><V25/><F25/><W131/><G93/><T15/><REACH who="0" step="1"/><D21/><REACH who="0" ten="229,241,249,271" step="2"/><U108/><E6/><V96/><F96/><W90/><G131/><T26/><D26/><U101/><E3/><V44/><F49/><AGARI ba="0,1" hai="15,17,20,47,49,52,60,65,71,77,82,87,100,103" machi="49" ten="40,5200,0" yaku="1,1,52,1,54,1,53,0" doraHai="48" doraHaiUra="33" who="0" fromWho="2" sc="229,62,241,0,249,-52,271,0" /><INIT seed="3,0,0,2,4,125" ten="291,241,197,271" oya="3" hai0="34,29,108,92,73,47,3,31,7,88,27,19,122" hai1="43,123,42,117,119,32,107,67,50,101,10,74,12" hai2="97,46,130,35,30,64,6,38,4,68,41,103,2" hai3="104,111,23,126,91,48,100,60,52,65,75,49,129"/><W128/><G75/><T98/><D122/><U81/><E32/><V9/><F6/><W90/><G126/><T59/><D108/><U105/><E67/><V62/><F30/><W61/><G111/><T28/><D73/><U55/><E123/><V132/><F132/><W102/><G23/><T115/><D115/><U82/><E55/><V45/><F45/><W80/><G80/><T121/><D121/><U1/><E1/><V22/><F22/><W124/><G124/><T58/><D47/><U78/><E50/><V24/><F24/><W135/><G135/><T71/><D71/><U36/><E36/><V18/><F18/><W120/><G120/><T94/><D19/><U0/><E0/><V112/><F112/><W133/><G133/><T113/><D113/><U14/><E74/><V17/><F17/><W21/><G21/><T131/><D131/><N who="3" m="50249" /><G104/><T114/><D114/><U127/><E127/><V53/><F130/><W85/><G49/><T79/><D29/><U13/><E107/><V76/><F76/><W87/><G87/><T56/><D79/><U26/><E78/><V8/><F35/><W66/><G66/><T5/><D31/><U96/><E105/><V57/><F64/><W63/><G65/><T70/><D28/><U39/><E82/><V20/><F20/><W99/><G99/><T109/><D98/><U118/><E96/><V72/><F72/><W69/><G69/><T40/><D70/><U44/><E81/><V95/><F68/><W134/><G134/><T37/><D34/><U83/><E83/><V77/><F77/><W84/><G84/><RYUUKYOKU ba="0,0" sc="291,-10,241,-10,197,30,271,-10" hai2="2,4,8,9,38,41,46,53,57,62,95,97,103" /><INIT seed="4,1,0,3,3,113" ten="281,231,227,261" oya="0" hai0="1,57,98,131,68,48,114,63,118,102,104,70,5" hai1="49,69,123,87,95,130,73,92,19,74,122,42,100" hai2="78,13,76,50,65,129,60,8,40,132,90,2,88" hai3="56,111,59,11,120,45,91,107,99,116,101,33,77"/><T12/><D118/><U75/><E69/><V32/><F2/><W43/><G116/><T23/><D114/><U93/><E19/><V3/><F3/><W15/><G111/><T24/><D1/><U83/><E42/><V84/><F32/><W97/><G33/><T37/><D37/><U39/><E49/><V44/><F129/><W28/><G28/><T108/><D131/><U29/><E29/><V117/><F132/><W67/><G77/><T46/><D108/><U72/><E39/><V17/><F117/><W22/><G22/><T105/><D105/><U66/><E66/><V127/><F127/><W79/><G79/><T135/><D135/><U89/><E130/><V103/><F103/><W71/><G120/><N who="1" m="46122" /><E74/><V126/><F126/><W58/><G71/><T81/><D81/><U36/><E36/><V21/><F21/><W51/><G67/><T16/><D5/><U106/><E106/><V124/><F124/><W128/><G128/><T41/><REACH who="0" step="1"/><D24/><REACH who="0" ten="271,231,227,261" step="2"/><U110/><E110/><V109/><F109/><W38/><G38/><T53/><AGARI ba="1,1" hai="12,16,23,41,46,48,53,57,63,68,70,98,102,104" machi="53" ten="20,18000,2" yaku="1,1,2,1,0,1,7,1,54,1,53,1" doraHai="113" doraHaiUra="14" who="0" fromWho="0" sc="271,193,231,-61,227,-61,261,-61" /><INIT seed="4,2,0,5,3,98" ten="464,170,166,200" oya="0" hai0="33,89,96,68,60,7,128,50,112,90,84,99,1" hai1="32,36,87,6,79,118,15,66,113,101,71,109,77" hai2="122,51,23,74,29,41,78,81,14,18,125,49,52" hai3="54,2,31,95,61,94,42,83,45,73,40,107,39"/><T37/><D37/><U22/><E109/><V9/><F125/><W5/><G107/><T62/><D112/><U30/><E36/><V19/><F122/><W48/><G31/><T43/><D128/><U88/><E118/><V121/><F121/><W110/><G61/><T8/><D33/><U21/><E32/><V76/><F29/><W53/><G42/><T11/><D11/><U44/><E44/><N who="2" m="25743" /><F81/><W75/><G110/><T47/><D89/><U80/><E71/><V38/><F74/><W91/><G48/><T93/><D68/><U135/><E135/><V100/><F38/><W102/><G75/><T130/><D130/><U115/><E66/><V124/><F100/><W65/><G65/><T72/><D72/><U0/><E101/><V114/><F124/><W26/><G102/><T17/><D17/><N who="1" m="10431" /><E6/><N who="2" m="3383" /><F114/><N who="1" m="43529" /><E0/><V12/><F18/><W119/><G5/><T70/><D70/><U59/><E59/><AGARI ba="2,0" hai="12,19,23,51,52,59,76,78" m="3383,25743" machi="59" ten="30,2000,0" yaku="8,1,54,1" doraHai="98" who="2" fromWho="1" sc="464,0,170,-26,166,26,200,0" /><INIT seed="5,0,0,5,3,67" ten="464,144,192,200" oya="1" hai0="127,113,125,66,5,32,134,87,74,33,15,56,120" hai1="29,96,129,2,91,77,16,135,4,70,81,107,57" hai2="83,22,68,69,92,132,58,54,6,88,10,50,41" hai3="55,119,63,28,93,30,45,130,48,9,82,99,79"/><U8/><E29/><V86/><F132/><W52/><G130/><T13/><D113/><U20/><E129/><V95/><F41/><W1/><G119/><T89/><D134/><U65/><E135/><V131/><F131/><W111/><G111/><T60/><D74/><U37/><E37/><V26/><F92/><W98/><G1/><T25/><D120/><U104/><E57/><V126/><F83/><W112/><G112/><T11/><D15/><U75/><E91/><V71/><F126/><N who="0" m="48138" /><D25/><U14/><REACH who="1" step="1"/><E96/><REACH who="1" ten="464,134,192,200" step="2"/><V97/><F97/><W116/><G99/><T43/><D56/><U76/><E76/><V24/><REACH who="2" step="1"/><F22/><REACH who="2" ten="464,134,182,200" step="2"/><W64/><G98/><T46/><D33/><U85/><E85/><V133/><F133/><W0/><G116/><T117/><D87/><U23/><E23/><V40/><F40/><W106/><G79/><T73/><D43/><U109/><E109/><V103/><F103/><W80/><G30/><T72/><D32/><U78/><E78/><V101/><F101/><W21/><G28/><T122/><D117/><U105/><E105/><V51/><F51/><W44/><G21/><T115/><D89/><U42/><E42/><V35/><F35/><W59/><G106/><T128/><D128/><U114/><E114/><V17/><F17/><W110/><G110/><T108/><D115/><U47/><E47/><V124/><F124/><W27/><G45/><T123/><D46/><U38/><E38/><V7/><F7/><N who="3" m="1255" /><G44/><T94/><D108/><U53/><E53/><V49/><F49/><W100/><G48/><T36/><D36/><U90/><E90/><RYUUKYOKU ba="0,2" sc="464,-15,134,15,182,15,200,-15" hai1="2,4,8,14,16,20,65,70,75,77,81,104,107" hai2="6,10,24,26,50,54,58,68,69,71,86,88,95" /><INIT seed="5,1,2,4,5,29" ten="449,149,197,185" oya="1" hai0="43,90,19,46,28,91,2,27,36,134,33,120,81" hai1="23,37,12,38,35,73,63,126,84,20,61,118,121" hai2="42,122,125,50,71,119,100,132,107,54,3,97,16" hai3="75,34,95,57,48,78,79,114,96,6,9,87,17"/><U76/><E118/><V70/><F119/><W15/><G75/><T77/><D134/><U102/><E73/><V85/><F122/><W68/><G68/><T129/><D120/><U64/><E121/><V130/><F132/><W13/><G34/><T0/><D129/><U22/><E102/><V131/><F125/><W69/><G69/><T5/><D19/><U135/><E135/><V7/><F42/><W111/><G114/><T55/><D55/><U86/><E126/><V26/><F85/><N who="1" m="32873" /><E12/><V62/><F7/><W8/><G87/><T110/><D110/><U40/><E40/><V51/><F3/><W59/><G111/><T124/><D124/><U49/><E35/><V60/><F71/><W123/><G123/><T67/><D67/><U65/><E49/><V14/><F26/><W89/><REACH who="3" step="1"/><G48/><REACH who="3" ten="449,149,197,175" step="2"/><T45/><D33/><U112/><E112/><V56/><F51/><W104/><G104/><T66/><D36/><N who="1" m="13931" /><E76/><AGARI ba="1,3" hai="6,8,9,13,15,17,57,59,76,78,79,89,95,96" machi="76" ten="40,2600,0" yaku="1,1,8,1,53,0" doraHai="29" doraHaiUra="83" who="3" fromWho="1" sc="449,0,149,-29,197,0,175,59" /><INIT seed="6,0,0,0,5,48" ten="449,120,197,234" oya="2" hai0="72,73,32,1,107,58,100,9,8,17,39,14,36" hai1="88,23,18,2,64,43,67,126,129,29,131,60,90" hai2="75,30,63,40,25,127,51,128,82,6,93,11,125" hai3="44,19,57,56,38,20,101,41,95,15,103,62,102"/><V120/><F120/><W4/><G4/><T115/><D32/><U5/><E126/><V74/><F128/><W45/><G45/><T130/><D130/><N who="1" m="49675" /><E43/><V77/><F74/><W24/><G57/><T133/><D9/><N who="1" m="2231" /><E29/><V85/><F63/><W37/><G37/><T7/><D58/><N who="1" m="36887" /><E67/><V105/><F105/><W76/><G76/><T81/><D107/><U78/><E78/><V79/><F79/><W89/><G56/><T94/><D36/><U21/><E21/><V91/><F40/><W119/><G62/><T16/><D39/><U124/><E124/><V0/><REACH who="2" step="1"/><F51/><REACH who="2" ten="449,120,187,234" step="2"/><W111/><G41/><T27/><D72/><U135/><E135/><V113/><F113/><W33/><G38/><T87/><D73/><U83/><E83/><V80/><F80/><W34/><G119/><T35/><D81/><U84/><E84/><V108/><F108/><W110/><G110/><T97/><D87/><U61/><E61/><V28/><F28/><W132/><G111/><T98/><D115/><U22/><E22/><AGARI ba="0,1" hai="0,6,11,22,25,30,75,77,82,85,91,93,125,127" machi="22" ten="40,2000,0" yaku="1,1,53,0" doraHai="48" doraHaiUra="54" who="2" fromWho="1" sc="449,0,120,-20,187,30,234,0" /><INIT seed="6,1,0,2,2,120" ten="449,100,217,234" oya="2" hai0="107,20,75,27,58,59,84,94,46,76,104,110,86" hai1="99,31,10,26,101,105,47,85,3,133,74,97,109" hai2="96,129,98,44,56,93,55,111,21,7,6,28,126" hai3="12,88,13,43,40,79,19,112,72,103,123,4,57"/><V78/><F126/><W89/><G123/><T15/><D110/><U95/><E74/><V68/><F68/><W25/><G112/><T80/><D15/><U114/><E114/><V2/><F129/><W37/><G103/><T82/><D75/><U83/><E133/><V32/><F32/><W30/><G4/><T34/><D34/><U29/><E47/><V125/><F111/><W122/><G122/><T39/><D39/><U118/><E118/><V116/><F125/><W70/><G70/><T77/><D46/><U14/><E3/><V102/><F116/><W87/><G72/><T36/><D36/><U45/><E45/><V63/><F78/><W18/><G57/><T66/><D94/><U64/><E64/><V119/><F119/><W49/><G49/><T73/><D73/><U81/><E109/><V69/><F69/><W117/><G117/><T135/><D135/><U41/><E41/><V115/><F115/><W132/><G132/><T127/><D127/><U16/><E85/><V130/><F130/><W50/><G50/><T65/><D20/><U17/><E17/><V35/><F35/><W42/><G37/><T11/><D27/><U54/><E54/><N who="2" m="34199" /><F2/><W106/><G106/><T134/><D134/><U0/><E0/><V67/><F67/><W131/><G131/><T8/><AGARI ba="1,0" hai="8,11,58,59,65,66,76,77,80,82,84,86,104,107" machi="8" ten="25,3200,0" yaku="0,1,22,2" doraHai="120" who="0" fromWho="0" sc="449,35,100,-9,217,-17,234,-9" /><INIT seed="7,0,0,3,2,36" ten="484,91,200,225" oya="3" hai0="67,17,50,68,43,101,85,53,57,7,65,109,25" hai1="12,41,62,2,10,45,60,48,123,27,89,80,52" hai2="106,0,31,84,88,104,121,38,11,22,113,40,83" hai3="15,128,39,18,96,6,30,23,107,133,118,71,134"/><W16/><G71/><T51/><D109/><U91/><E123/><V56/><F121/><W116/><G96/><T93/><D68/><U105/><E2/><V122/><F113/><W78/><G78/><T44/><D7/><U35/><E105/><V61/><F122/><W9/><G39/><T130/><D130/><U115/><E115/><V14/><F0/><W117/><G107/><T19/><D25/><U103/><E103/><V132/><F132/><N who="3" m="50795" /><G128/><T124/><D124/><U29/><E80/><V66/><F22/><W125/><G125/><T4/><D4/><U135/><E135/><V76/><F31/><W99/><G99/><N who="0" m="59631" /><D85/><U86/><E86/><V28/><F28/><W79/><G79/><T55/><D55/><U13/><E13/><V77/><F77/><W20/><G30/><T94/><D94/><U98/><E98/><V127/><F76/><W111/><G111/><T70/><D70/><U58/><REACH who="1" step="1"/><E62/><REACH who="1" ten="484,81,200,225" step="2"/><V37/><F61/><W92/><G92/><T100/><D100/><U47/><E47/><V87/><F106/><W90/><G117/><T1/><D1/><U59/><E59/><V72/><F56/><W33/><G118/><T74/><D74/><U54/><E54/><V3/><F72/><W110/><G116/><T64/><AGARI ba="0,1" hai="17,19,43,44,50,51,53,57,64,65,67" m="59631" machi="64" ten="30,2000,0" yaku="8,1,52,1" doraHai="36" who="0" fromWho="0" sc="484,30,81,-5,200,-5,225,-10" owari="514,60.0,76,-42.0,195,-20.0,215,2.0" /></mjloggm>