<mjloggm ver="2.3"><GO type="97" lobby="0"/><UN n0="%33%4C%4E%53" n1="%E5%B0%B1%E6%B4%BB%E7%94%9F%40%E5%B7%9D%E6%9D%91%E8%BB%8D%E5%9B%A3" n2="%E3%82%AD%E3%82%A8%E3%83%AB%E3%83%BB%E3%83%8F%E3%82%A4%E3%83%A0" n3="%E3%83%97%E3%83%AC%E3%82%B9%E3%82%BF" dan="13,15,15,14" rate="1890.32,2038.15,2023.28,1938.36" sx="M,M,F,M"/><TAIKYOKU oya="0"/><INIT seed="0,0,0,5,5,75" ten="250,250,250,250" oya="0" hai0="111,115,14,73,5,81,125,108,42,116,38,85,79" hai1="72,23,15,33,7,121,39,31,56,102,55,32,13" hai2="11,135,61,60,8,94,114,118,68,30,96,28,89" hai3="105,93,92,29,54,120,107,74,3,87,24,27,119"/><T10/><D116/><U66/><E39/><V6/><F114/><W63/><G119/><T62/><D115/><U34/><E72/><V59/><F118/><W18/><G3/><T86/><D125/><U22/><E121/><V52/><F135/><W1/><G1/><N who="0" m="303" /><D62/><U58/><E102/><V112/><F112/><W132/><G74/><T67/><D67/><U76/><E76/><V97/><F97/><W37/><G37/><T126/><D126/><U83/><E83/><V129/><F129/><W106/><G132/><T65/><D65/><U95/><E95/><V12/><REACH who="2" step="1"/><F11/><REACH who="2" ten="250,250,240,250" step="2"/><W21/><G120/><T44/><D14/><U17/><E15/><V123/><F123/><W9/><G9/><T69/><D69/><U124/><E124/><V122/><F122/><W16/><G27/><T53/><D53/><U71/><E71/><V103/><F103/><W49/><G54/><T110/><AGARI ba="0,1" hai="38,42,44,73,79,81,85,86,108,110,111" m="303" machi="110" ten="30,11700,0" yaku="25,1,14,1,10,1,52,1" doraHai="75" who="0" fromWho="0" sc="250,127,250,-39,240,-39,250,-39" /><INIT seed="0,1,0,2,1,9" ten="377,211,201,211" oya="0" hai0="59,25,126,83,107,77,5,14,71,69,131,114,42" hai1="19,130,53,134,88,23,99,133,45,20,117,104,4" hai2="124,113,3,91,72,63,81,35,74,38,68,56,95" hai3="128,118,58,32,96,52,47,48,44,67,132,46,27"/><T78/><D107/><U54/><E117/><V82/><F113/><W37/><G118/><T65/><D114/><U94/><E130/><V121/><F68/><W106/><G128/><T33/><D131/><U97/><E4/><V41/><F121/><W109/><G106/><T129/><D129/><U120/><E120/><V18/><F35/><W34/><G96/><T29/><D126/><U110/><E110/><V84/><F124/><W22/><G109/><T73/><D77/><U24/><E45/><V123/><F123/><W60/><G132/><N who="1" m="50794" /><E23/><V49/><F38/><W98/><G98/><T125/><D125/><U55/><E99/><V30/><F3/><W100/><G100/><T10/><D42/><U6/><E6/><V85/><F30/><W115/><G115/><T93/><D93/><U7/><E7/><V8/><F72/><W70/><REACH who="3" step="1"/><G37/><REACH who="3" ten="377,211,201,201" step="2"/><T87/><D73/><U86/><E104/><V116/><F74/><W66/><G66/><T90/><D65/><U76/><E97/><V103/><F103/><W17/><AGARI ba="1,1" hai="17,22,27,32,34,44,46,47,48,52,58,60,67,70" machi="17" ten="30,4000,0" yaku="1,1,0,1,54,1,53,0" doraHai="9" doraHaiUra="111" who="3" fromWho="3" sc="377,-21,211,-11,201,-11,201,53" /><INIT seed="1,0,0,2,1,50" ten="356,200,190,254" oya="1" hai0="72,39,33,4,48,127,67,111,115,106,97,15,65" hai1="62,11,31,21,64,120,70,86,100,45,19,134,23" hai2="135,24,59,47,94,56,88,90,32,125,98,60,36" hai3="20,3,40,83,123,14,82,13,102,131,38,128,122"/><U73/><E120/><V7/><F125/><W57/><G3/><T69/><D115/><U77/><E73/><V132/><F7/><W37/><G102/><T121/><D39/><U79/><E134/><N who="2" m="51243" /><F90/><W27/><G57/><T113/><D127/><U12/><E100/><V10/><F10/><W55/><G40/><T71/><D113/><U110/><E110/><V81/><F81/><W117/><G117/><T6/><D111/><U26/><E86/><V18/><F60/><W30/><G38/><T61/><D121/><N who="3" m="46089" /><G37/><T28/><D72/><U118/><E118/><V63/><F63/><W103/><G103/><N who="0" m="62831" /><D15/><U9/><E45/><V130/><F130/><N who="3" m="49707" /><G83/><T35/><D35/><U95/><E95/><V51/><F36/><W74/><G82/><T126/><D126/><U116/><E116/><V133/><N who="2" m="51251" /><V119/><DORA hai="1" /><F119/><W52/><G74/><T84/><D69/><U78/><AGARI ba="0,0" hai="9,11,12,19,21,23,26,31,62,64,70,77,78,79" machi="78" ten="30,1500,0" yaku="0,1" doraHai="50,1" who="1" fromWho="1" sc="356,-5,200,15,190,-5,254,-5" /><INIT seed="1,1,0,5,2,3" ten="351,215,185,249" oya="1" hai0="43,80,115,118,95,9,57,7,84,78,17,97,12" hai1="6,116,10,48,34,52,11,25,15,135,67,68,114" hai2="88,54,23,28,120,29,96,122,85,109,46,19,119" hai3="1,127,30,129,108,49,94,40,35,98,101,76,106"/><U132/><E114/><V133/><F119/><W74/><G1/><T104/><D118/><U75/><E116/><V105/><F133/><N who="1" m="51273" /><E75/><V82/><F109/><W103/><G35/><T47/><D115/><U55/><E48/><N who="2" m="28951" /><F105/><W117/><G30/><N who="2" m="11881" /><F122/><W110/><G49/><N who="0" m="26879" /><D104/><U59/><E68/><V61/><F120/><W22/><G22/><T121/><D121/><U41/><E41/><V36/><F36/><W38/><G40/><T56/><D17/><N who="1" m="8439" /><E25/><N who="2" m="14591" /><F96/><N who="3" m="61735" /><G38/><T66/><D66/><U100/><E100/><AGARI ba="1,0" hai="7,9,12,56,57,78,80,84,95,97,100" m="26879" machi="100" ten="30,3900,0" yaku="25,1,8,1,52,1" doraHai="3" who="0" fromWho="1" sc="351,42,215,-42,185,0,249,0" /><INIT seed="2,0,0,2,0,50" ten="393,173,185,249" oya="2" hai0="82,9,102,34,46,63,56,133,38,24,119,117,8" hai1="17,16,59,36,103,96,81,1,135,72,20,134,90" hai2="112,19,41,87,2,110,115,26,43,111,3,77,30" hai3="71,0,25,64,123,5,86,33,13,67,62,88,101"/><V99/><F19/><W100/><G123/><T84/><D102/><U32/><E32/><N who="2" m="20567" /><F99/><W40/><G0/><N who="2" m="41" /><F87/><W129/><G129/><T60/><D133/><N who="1" m="50699" /><E1/><V122/><F77/><W37/><G67/><T83/><D24/><N who="1" m="14343" /><E36/><V127/><F122/><W31/><G37/><T89/><D34/><U125/><E125/><V35/><F35/><W98/><G40/><T76/><D38/><U57/><E17/><V28/><F28/><W114/><G114/><N who="2" m="43561" /><F127/><W23/><G98/><T124/><D124/><U10/><E10/><V106/><F106/><W65/><G65/><T44/><D8/><U120/><E120/><V22/><F22/><W12/><G5/><T107/><D9/><U104/><E90/><V15/><F15/><W42/><G12/><T27/><D107/><U109/><E109/><AGARI ba="0,0" hai="41,43,109,110,111" m="43561,41,20567" machi="109" ten="40,3900,0" yaku="14,1,10,1" doraHai="50" who="2" fromWho="1" sc="393,0,173,-39,185,39,249,0" /><INIT seed="2,1,0,4,5,6" ten="393,134,224,249" oya="2" hai0="17,97,114,121,106,36,66,12,24,34,61,99,73" hai1="126,123,119,23,92,89,11,70,45,53,55,94,65" hai2="2,63,7,72,64,41,38,84,107,44,1,60,56" hai3="78,81,135,77,15,90,27,54,111,4,69,42,129"/><V110/><F72/><W8/><G69/><T37/><D121/><U67/><E119/><V124/><F107/><W57/><G111/><T39/><D114/><U131/><E123/><V104/><F104/><W130/><G135/><T86/><D73/><U85/><E131/><V47/><F124/><W20/><G42/><T102/><D97/><U120/><E126/><V9/><F110/><W71/><G71/><N who="0" m="42447" /><D86/><U16/><E120/><V116/><F116/><W105/><G105/><T118/><D118/><U134/><E134/><V50/><F84/><W43/><G43/><T80/><D80/><N who="1" m="49319" /><E23/><V52/><REACH who="2" step="1"/><F63/><REACH who="2" ten="393,134,214,249" step="2"/><W88/><G130/><T115/><D115/><U40/><E70/><V95/><F95/><N who="1" m="36393" /><E40/><V75/><F75/><W62/><G129/><T59/><D106/><U125/><E125/><V31/><F31/><N who="3" m="17895" /><G81/><T35/><D99/><U25/><E25/><V128/><F128/><W3/><G3/><AGARI ba="1,1" hai="1,2,3,7,9,38,41,44,47,50,52,56,60,64" machi="3" ten="30,11600,0" yaku="1,1,7,1,52,1,54,1,53,0" doraHai="6" doraHaiUra="96" who="2" fromWho="3" sc="393,0,134,0,214,129,249,-119" /><INIT seed="2,2,0,1,5,4" ten="393,134,343,130" oya="2" hai0="79,27,47,131,15,41,40,0,61,90,36,93,13" hai1="77,105,128,51,122,68,125,81,20,9,118,107,57" hai2="52,59,21,39,22,34,83,89,16,70,24,119,78" hai3="106,67,64,80,109,25,14,99,110,130,94,102,23"/><V117/><F70/><W33/><G33/><T18/><D0/><U28/><E68/><V63/><F34/><W2/><G2/><T113/><D113/><U66/><E118/><V104/><F39/><W88/><G130/><T48/><D131/><U92/><E125/><V84/><F104/><W62/><G67/><T115/><D115/><U114/><E114/><V31/><REACH who="2" step="1"/><F78/><REACH who="2" ten="393,134,333,130" step="2"/><W42/><G106/><T37/><D79/><U129/><E107/><V126/><F126/><W12/><G110/><T116/><D116/><U58/><E105/><V71/><F71/><W96/><G109/><T76/><D76/><U56/><E77/><V54/><F54/><W97/><G42/><T82/><D36/><U6/><E66/><V74/><F74/><W87/><G64/><T127/><D127/><U134/><E129/><V50/><F50/><W73/><G73/><T65/><D37/><U100/><E128/><V85/><F85/><W46/><G87/><T124/><D124/><U86/><E86/><V75/><F75/><W69/><G69/><T95/><D40/><U19/><E122/><V17/><F17/><W112/><G112/><T135/><D41/><U35/><E19/><V132/><F132/><W101/><G62/><T98/><D65/><U3/><E35/><V45/><F45/><W26/><G46/><T44/><D47/><U29/><E134/><V121/><F121/><W108/><G108/><T103/><D44/><U60/><E60/><V133/><F133/><W11/><G97/><T123/><D98/><N who="1" m="59463" /><E51/><V49/><F49/><W53/><G99/><T10/><D135/><RYUUKYOKU ba="2,1" sc="393,-10,134,-10,333,30,130,-10" hai2="16,21,22,24,31,52,59,63,83,84,89,117,119" /><INIT seed="2,3,1,0,5,67" ten="383,124,363,120" oya="2" hai0="72,16,104,129,80,120,28,113,127,8,45,114,69" hai1="123,106,87,118,102,42,3,19,23,10,66,70,17" hai2="89,47,126,39,53,0,135,78,94,128,18,59,65" hai3="86,90,7,58,41,93,73,97,46,1,112,48,121"/><V83/><F0/><W108/><G121/><T13/><D120/><U111/><E118/><V6/><F6/><W79/><G73/><T14/><D104/><U40/><E111/><V115/><F115/><W55/><G108/><T85/><D72/><U75/><E123/><V116/><F116/><W4/><G112/><T71/><D127/><U134/><E75/><V12/><F126/><W52/><G1/><T81/><D129/><U82/><E134/><V110/><F110/><W33/><G33/><T35/><D45/><U21/><E102/><V11/><F135/><W50/><G41/><T99/><D99/><U131/><E106/><V68/><F128/><W91/><REACH who="3" step="1"/><G79/><REACH who="3" ten="383,124,363,110" step="2"/><T43/><D43/><U26/><E131/><V63/><F78/><W76/><G76/><T9/><D35/><U64/><E42/><V49/><F39/><W77/><G77/><T130/><D130/><U15/><E40/><V34/><F34/><W103/><G103/><T22/><D113/><U92/><E3/><V60/><F83/><AGARI ba="3,2" hai="4,7,46,48,50,52,55,58,83,86,90,91,93,97" machi="83" ten="30,7700,0" yaku="1,1,7,1,8,1,54,1,53,0" doraHai="67" doraHaiUra="109" who="3" fromWho="2" sc="383,0,124,0,363,-86,110,106" /><INIT seed="3,0,0,2,4,128" ten="383,124,277,216" oya="3" hai0="26,41,132,8,121,51,61,99,72,54,102,104,83" hai1="16,17,18,33,23,71,60,78,105,2,101,70,65" hai2="57,42,113,9,80,86,115,15,14,92,96,43,103" hai3="4,19,116,89,50,124,110,129,45,48,0,44,22"/><W47/><G116/><T91/><D121/><U114/><E114/><V37/><F15/><W84/><G129/><T75/><D132/><U52/><E2/><V98/><F98/><W131/><G131/><T6/><D41/><U25/><E71/><V27/><F27/><W88/><G124/><T77/><D61/><U29/><E78/><V135/><F135/><W67/><G67/><T7/><D26/><U87/><E87/><V11/><F11/><W21/><G110/><T79/><D8/><U134/><E134/><V93/><F93/><N who="3" m="54407" /><G0/><T24/><D24/><U64/><E64/><V122/><F122/><W119/><G4/><T46/><D91/><U118/><E118/><V28/><F28/><W107/><G107/><T85/><D85/><U100/><E100/><V68/><F68/><W3/><G3/><T126/><D126/><U49/><E101/><V38/><F38/><W74/><G74/><T36/><D36/><U73/><E73/><V125/><F125/><W39/><G39/><T97/><D99/><U130/><E130/><V32/><F32/><W82/><G119/><T69/><D69/><U31/><E105/><V40/><F37/><W90/><G82/><AGARI ba="0,0" hai="6,7,46,51,54,72,75,77,79,82,83,97,102,104" machi="82" ten="40,1300,0" yaku="9,1" doraHai="128" who="0" fromWho="3" sc="383,13,124,0,277,0,216,-13" owari="396,50.0,124,-38.0,277,8.0,203,-20.0" /></mjloggm>