<mjloggm ver="2.3"><GO type="169" lobby="0"/><UN n0="%E3%81%82%E3%82%8B%E3%81%B5%E3%81%81%E3%81%AE%E4%BA%BA" n1="%E7%B5%B6%E5%AF%BE%E4%B8%8D%E5%8F%AF%E4%BE%B5%E9%A0%98%E5%9F%9F" n2="%E3%82%A6%E3%83%AB%E3%83%88%E3%83%A9%E7%AB%8B%E7%9B%B4" n3="%E3%81%B1%E3%82%93%E3%81%9E%E3%81%86" dan="16,16,17,16" rate="2157.96,2118.70,2219.57,2080.83" sx="M,M,M,M"/><TAIKYOKU oya="0"/><INIT seed="0,0,0,0,2,126" ten="250,250,250,250" oya="0" hai0="95,29,68,58,74,127,105,42,89,22,59,14,17" hai1="60,49,84,20,2,82,131,9,37,65,92,44,124" hai2="43,115,63,1,130,102,38,112,101,117,53,133,75" hai3="128,48,21,103,41,123,73,25,91,30,18,94,55"/><T113/><D105/><U118/><E124/><V98/><F75/><W108/><G73/><T12/><D127/><U80/><E37/><V87/><F1/><W52/><G108/><T35/><D68/><U34/><E34/><V121/><F121/><W8/><G103/><T19/><D29/><U50/><E50/><V56/><F133/><W23/><G128/><T61/><D35/><U46/><E118/><V24/><F130/><W66/><G66/><T125/><D113/><U106/><E106/><V79/><F117/><W100/><G100/><T6/><D6/><U57/><E46/><V31/><F102/><W99/><G8/><T71/><D74/><U11/><E2/><V78/><F43/><W54/><G123/><T134/><D42/><U47/><E47/><V116/><F38/><W83/><G83/><N who="1" m="31786" /><E20/><N who="2" m="15751" /><F87/><W27/><REACH who="3" step="1"/><G41/><REACH who="3" ten="250,250,250,240" step="2"/><T16/><D125/><U13/><E131/><V28/><F116/><W114/><G114/><T15/><D134/><U120/><E120/><V69/><F115/><W111/><G111/><T67/><REACH who="0" step="1"/><D22/><REACH who="0" ten="240,250,250,240" step="2"/><U36/><E36/><V64/><F112/><W62/><G62/><T51/><D51/><AGARI ba="0,2" hai="18,21,23,25,27,30,48,51,52,54,55,91,94,99" machi="51" ten="40,5200,0" yaku="1,1,8,1,54,1,53,0" doraHai="126" doraHaiUra="4" who="3" fromWho="0" sc="240,-52,250,0,250,0,240,72" /><INIT seed="1,0,0,2,1,103" ten="188,250,250,312" oya="1" hai0="28,8,102,2,48,129,91,83,42,101,72,77,68" hai1="106,128,100,60,121,29,93,7,84,134,21,41,26" hai2="50,76,37,114,130,19,32,51,38,1,74,115,113" hai3="35,61,34,116,104,45,6,16,14,23,88,54,59"/><U43/><E121/><V123/><F123/><W20/><G116/><T119/><D119/><U15/><E128/><V49/><F32/><W127/><G127/><T52/><D68/><U71/><E134/><V86/><F130/><W40/><G6/><T79/><D42/><U92/><E106/><V122/><F122/><W109/><G109/><T58/><D79/><U65/><E93/><V55/><F1/><W80/><G104/><T13/><D2/><U30/><E29/><V62/><F74/><W22/><G35/><T118/><D118/><U4/><E4/><V126/><F19/><W9/><G34/><T105/><D105/><U107/><E107/><V75/><F75/><W81/><REACH who="3" step="1"/><G88/><REACH who="3" ten="188,250,250,302" step="2"/><T131/><D131/><U112/><E112/><V57/><F126/><W89/><G89/><T132/><D129/><U53/><E84/><V25/><F86/><W0/><G0/><T78/><D91/><U11/><REACH who="1" step="1"/><E53/><REACH who="1" ten="188,240,250,302" step="2"/><V124/><F124/><W135/><G135/><T67/><D132/><U97/><AGARI ba="0,2" hai="7,11,15,21,26,30,41,43,60,65,71,92,97,100" machi="97" ten="30,11700,0" yaku="1,1,2,1,0,1,53,1" doraHai="103" doraHaiUra="90" who="1" fromWho="1" sc="188,-39,240,137,250,-39,302,-39" /><INIT seed="1,1,0,2,3,54" ten="149,377,211,263" oya="1" hai0="70,60,3,94,130,114,59,58,21,15,71,121,87" hai1="98,103,78,67,12,63,81,41,79,131,62,102,32" hai2="90,132,124,47,7,11,104,16,1,111,9,118,93" hai3="126,112,133,101,61,18,68,38,46,13,40,82,52"/><U37/><E32/><V75/><F118/><W42/><G112/><T110/><D3/><U86/><E131/><V64/><F104/><W76/><G133/><T29/><D110/><U27/><E37/><V30/><F111/><W65/><G126/><T49/><D130/><U4/><E41/><V28/><F124/><W116/><G116/><T26/><D114/><U134/><E134/><V92/><F75/><W2/><G2/><T8/><D121/><U19/><E4/><V73/><F73/><W89/><G101/><T120/><D120/><U5/><E5/><V57/><F47/><W22/><G89/><N who="0" m="53567" /><D71/><U53/><E27/><V10/><F132/><W43/><REACH who="3" step="1"/><G52/><REACH who="3" ten="149,377,211,253" step="2"/><N who="0" m="32015" /><D70/><U14/><E53/><V129/><F1/><W33/><G33/><T39/><D39/><U100/><E100/><V97/><F129/><W106/><G106/><T6/><D60/><U122/><E122/><V113/><F113/><W85/><AGARI ba="1,1" hai="13,18,22,38,40,42,43,46,61,65,68,76,82,85" machi="85" ten="20,5200,0" yaku="1,1,0,1,7,1,53,1" doraHai="54" doraHaiUra="80" who="3" fromWho="3" sc="149,-14,377,-27,211,-14,253,65" /><INIT seed="2,0,0,1,5,79" ten="135,350,197,318" oya="2" hai0="58,114,40,9,68,133,10,101,119,127,135,126,121" hai1="29,60,53,103,62,55,25,18,81,111,47,83,109" hai2="90,80,107,89,113,0,49,26,125,21,76,95,87" hai3="77,118,132,124,7,8,64,36,5,65,93,6,15"/><V134/><F113/><W94/><G118/><T71/><D101/><U100/><E47/><V30/><F107/><W37/><G77/><T33/><D33/><U96/><E18/><V19/><F125/><N who="0" m="47626" /><D119/><U50/><E50/><V130/><F130/><W56/><G124/><T35/><D35/><U131/><E25/><V116/><F116/><W63/><G132/><N who="0" m="50763" /><D114/><U61/><E131/><V44/><F134/><W84/><G64/><T41/><D121/><U32/><E32/><V13/><F0/><W128/><G128/><T54/><D10/><U91/><E62/><V122/><F122/><W73/><G8/><T52/><D9/><U66/><E96/><V16/><F13/><W92/><G15/><T11/><D11/><U14/><E14/><V69/><F69/><N who="0" m="26698" /><D58/><U27/><E27/><V20/><F20/><W59/><G56/><T28/><D28/><U98/><E29/><V34/><F34/><W38/><G5/><T85/><D85/><U1/><E98/><N who="2" m="57711" /><F76/><W86/><G86/><T108/><D108/><U82/><E82/><V23/><F23/><W22/><G84/><T46/><D46/><U45/><E45/><V115/><F115/><W12/><G22/><T2/><D2/><U117/><E1/><V75/><F75/><W4/><G4/><T72/><D72/><U43/><E117/><V70/><F70/><W24/><G73/><T104/><D104/><U97/><E97/><V110/><F110/><W67/><G6/><T105/><D105/><U39/><E111/><V123/><F123/><W78/><G7/><T102/><D102/><N who="1" m="38955" /><E109/><V3/><F3/><RYUUKYOKU ba="0,0" sc="135,15,350,-15,197,15,318,-15" hai0="40,41,52,54" hai2="16,19,21,26,30,44,49,80,87,90" /><INIT seed="2,1,0,0,4,112" ten="150,335,212,303" oya="2" hai0="114,92,127,93,118,89,77,51,123,128,73,110,5" hai1="26,28,98,47,75,16,34,84,50,95,72,109,134" hai2="124,120,88,8,15,131,103,22,100,67,79,17,45" hai3="41,130,111,25,9,19,29,119,91,44,96,70,35"/><V69/><F120/><W33/><G70/><T13/><D114/><U94/><E109/><V57/><F69/><W133/><G33/><T1/><D1/><U99/><E134/><V43/><F124/><W56/><G111/><T58/><D110/><U129/><E84/><V23/><F79/><W126/><G126/><T12/><D127/><U106/><E106/><V3/><F131/><W27/><G133/><T37/><D37/><U40/><E129/><V6/><F23/><W116/><G130/><T32/><D32/><U54/><E40/><V24/><F3/><W11/><G56/><T49/><D123/><U101/><E16/><V132/><F132/><W36/><G9/><T10/><D93/><U117/><E117/><V0/><F0/><W85/><G96/><T30/><D118/><U55/><E54/><V87/><F57/><W71/><G71/><T65/><D30/><U81/><E81/><N who="2" m="49263" /><F67/><W59/><G59/><T31/><D77/><U107/><E107/><V52/><F43/><W39/><G39/><T63/><D73/><U21/><E34/><V2/><F2/><W86/><G11/><N who="0" m="4207" /><D31/><U97/><E97/><V4/><F4/><W64/><G64/><T122/><D122/><U83/><E83/><V42/><F42/><W62/><G116/><T125/><D125/><U115/><E115/><V76/><F76/><W18/><G119/><T7/><D128/><U38/><E38/><V113/><F113/><W121/><G36/><T82/><D82/><U74/><E74/><V78/><F78/><W53/><G121/><T80/><D80/><U61/><E61/><RYUUKYOKU ba="1,0" sc="150,10,335,10,212,10,303,-30" hai0="7,10,13,49,51,58,63,65,89,92" hai1="21,26,28,47,50,55,72,75,94,95,98,99,101" hai2="6,8,15,17,22,24,45,52,100,103" /><INIT seed="2,2,0,1,3,91" ten="160,345,222,273" oya="2" hai0="76,15,54,57,113,10,23,116,11,49,84,48,30" hai1="56,86,74,127,34,123,44,130,99,47,97,7,13" hai2="22,70,124,27,98,52,107,118,46,26,31,102,50" hai3="90,63,55,120,129,103,128,111,135,110,0,79,35"/><V51/><F118/><W19/><G0/><T41/><D113/><U16/><E74/><V112/><F112/><W89/><G35/><T106/><D106/><U109/><E34/><V68/><F124/><W72/><G19/><N who="0" m="10751" /><D30/><U104/><E127/><V3/><F3/><W117/><G55/><N who="0" m="31983" /><D41/><U95/><E7/><V114/><F114/><W80/><G63/><T85/><D116/><U8/><E104/><V96/><F96/><W38/><G38/><T65/><D65/><U5/><E5/><V77/><F77/><W9/><G9/><N who="0" m="3083" /><D76/><U18/><E123/><V66/><F66/><W119/><G120/><T125/><D125/><U71/><E71/><V82/><F82/><W43/><G43/><T58/><AGARI ba="2,0" hai="48,54,58,84,85" m="3083,31983,10751" machi="58" ten="30,1100,0" yaku="8,1" doraHai="91" who="0" fromWho="0" sc="160,17,345,-5,222,-7,273,-5" /><INIT seed="3,0,0,0,1,48" ten="177,340,215,268" oya="3" hai0="21,8,27,37,122,44,40,6,43,111,134,67,7" hai1="61,3,75,115,25,34,126,97,99,110,52,39,95" hai2="13,116,107,127,101,56,130,120,53,76,9,29,15" hai3="59,14,24,77,88,36,79,83,70,104,124,121,19"/><W114/><G70/><T102/><D111/><U32/><E75/><V87/><F116/><W45/><G121/><T109/><D109/><U73/><E110/><V12/><F120/><W112/><G104/><T71/><D134/><U108/><E73/><V42/><F127/><W96/><G124/><T86/><D40/><U41/><E41/><V131/><F42/><W47/><G36/><T50/><D37/><U4/><E39/><V82/><F29/><W30/><G114/><T92/><D8/><U17/><E115/><V78/><F78/><N who="3" m="29707" /><G112/><T64/><D71/><U105/><E126/><V106/><F9/><N who="3" m="6607" /><G24/><T72/><D72/><U18/><E4/><V38/><F38/><W65/><G30/><T57/><D7/><U0/><E105/><V55/><F107/><W49/><G65/><T98/><D67/><U62/><E25/><V128/><F56/><W89/><G96/><AGARI ba="0,0" hai="12,13,15,53,55,76,82,87,96,101,106,128,130,131" machi="96" ten="50,6400,0" yaku="19,1,52,2" doraHai="48" who="2" fromWho="3" sc="177,0,340,0,215,64,268,-64" /><INIT seed="4,0,0,3,2,15" ten="177,340,279,204" oya="0" hai0="54,119,103,69,9,67,48,135,84,0,23,27,3" hai1="128,43,37,52,20,78,127,28,97,107,113,118,65" hai2="63,36,71,19,106,57,83,124,100,114,80,62,125" hai3="26,95,120,49,4,41,77,79,21,92,59,50,134"/><T58/><D119/><U129/><E118/><V133/><F36/><W42/><G134/><T74/><D74/><U122/><E78/><N who="3" m="29706" /><G4/><T30/><D135/><U17/><E28/><V18/><F133/><W12/><G12/><T131/><D131/><U75/><E75/><V25/><F25/><W111/><G111/><T104/><D9/><U94/><E107/><V2/><F2/><W99/><G120/><T61/><REACH who="0" step="1"/><D84/><REACH who="0" ten="167,340,279,204" step="2"/><U6/><E128/><V40/><F124/><W38/><G99/><AGARI ba="0,1" hai="0,3,23,27,30,48,54,58,61,67,69,99,103,104" machi="99" ten="40,3900,0" yaku="1,1,2,1,53,0" doraHai="15" doraHaiUra="68" who="0" fromWho="3" sc="167,49,340,0,279,0,204,-39" /><INIT seed="4,1,0,2,1,31" ten="216,340,279,165" oya="0" hai0="99,83,126,12,2,105,76,64,51,95,113,106,115" hai1="46,25,93,34,130,74,112,18,88,39,125,135,100" hai2="3,49,20,81,27,6,33,28,67,120,101,23,103" hai3="107,9,4,73,111,48,24,128,55,65,38,133,22"/><T131/><D2/><U0/><E74/><V11/><F120/><W21/><G128/><T89/><D131/><U92/><E130/><V75/><F67/><W7/><G111/><T61/><D12/><U84/><E0/><V116/><F116/><W57/><G133/><T80/><D51/><U90/><E100/><V108/><F108/><W132/><G132/><T45/><D45/><U26/><E135/><V71/><F71/><W41/><G107/><T53/><D53/><U52/><E39/><V96/><F49/><W104/><G104/><T58/><D126/><U82/><E125/><V114/><F114/><N who="0" m="43530" /><D83/><U35/><E112/><V124/><F124/><W129/><G129/><T102/><D89/><U50/><E82/><V30/><F81/><W29/><G73/><AGARI ba="1,0" hai="58,61,64,73,76,80,95,99,102,105,106" m="43530" machi="73" ten="30,1500,0" yaku="15,1" doraHai="31" who="0" fromWho="3" sc="216,18,340,0,279,0,165,-18" /><INIT seed="4,2,0,5,4,60" ten="234,340,279,147" oya="0" hai0="80,98,38,119,51,69,14,47,131,24,55,135,61" hai1="109,118,92,7,32,93,78,58,112,67,94,52,130" hai2="73,40,63,12,91,27,6,17,26,117,102,13,129" hai3="72,89,120,39,124,115,21,18,59,128,123,25,64"/><T57/><D135/><U49/><E118/><V108/><F108/><W45/><G115/><T46/><D131/><U114/><E109/><V116/><F73/><W43/><G128/><T37/><D24/><U20/><E32/><V68/><F129/><W16/><G124/><T4/><D80/><U41/><E130/><V105/><F40/><W87/><G72/><T111/><D98/><U77/><E41/><V19/><F91/><W81/><REACH who="3" step="1"/><G18/><REACH who="3" ten="234,340,279,137" step="2"/><T88/><D111/><U96/><E112/><V15/><F19/><W106/><G106/><T30/><D119/><U90/><E114/><V74/><F17/><W79/><G79/><T134/><D38/><U76/><E7/><V84/><F6/><W53/><G53/><T103/><D55/><U133/><E133/><V100/><F74/><W1/><G1/><T99/><D4/><U83/><E78/><V107/><F107/><W95/><G95/><T75/><D37/><U54/><E93/><V11/><F105/><W101/><G101/><T9/><D103/><U127/><E127/><V23/><F102/><W82/><G82/><T28/><D75/><U44/><E83/><V8/><F100/><W122/><G122/><T50/><D134/><U97/><E90/><V66/><F116/><W110/><G110/><T86/><D88/><U33/><E77/><V48/><F117/><W34/><G34/><T0/><D0/><U22/><E33/><V85/><F85/><W36/><G36/><T132/><D86/><U62/><E76/><V3/><F84/><W70/><G70/><T31/><D69/><U113/><E113/><RYUUKYOKU ba="2,1" sc="234,-10,340,-10,279,-10,137,30" hai3="16,21,25,39,43,45,59,64,81,87,89,120,123" /><INIT seed="5,3,1,0,5,82" ten="224,330,269,167" oya="1" hai0="77,121,58,105,69,128,32,37,75,25,24,45,113" hai1="95,9,30,81,73,79,99,20,87,118,74,123,135" hai2="120,50,18,2,80,19,92,112,40,83,16,35,133" hai3="1,93,23,103,124,56,21,3,97,126,122,68,91"/><U78/><E118/><V14/><F2/><N who="3" m="523" /><G68/><T13/><D69/><U107/><E9/><V98/><F35/><W38/><G38/><T125/><D105/><U48/><E123/><V85/><F120/><W46/><G122/><T119/><D119/><U94/><E48/><V106/><F106/><N who="3" m="63855" /><G46/><T47/><D121/><U64/><E64/><V100/><F133/><W117/><G56/><T70/><D70/><U15/><E30/><V114/><F14/><W10/><G10/><T109/><D75/><U88/><E20/><V29/><F29/><W131/><G117/><T134/><D32/><U84/><E15/><V22/><F22/><W62/><G62/><T130/><D37/><U5/><E5/><V53/><F40/><W90/><G90/><T132/><D132/><U36/><E36/><V44/><REACH who="2" step="1"/><F85/><REACH who="2" ten="224,330,259,167" step="2"/><N who="3" m="52463" /><G131/><T34/><D134/><U115/><E135/><V8/><F8/><W66/><G21/><T104/><D34/><U41/><E41/><V55/><F55/><W127/><G23/><T63/><D130/><U33/><E33/><V116/><F116/><W72/><G72/><T57/><D104/><U110/><E107/><V28/><F28/><W71/><G66/><T86/><D128/><U26/><E26/><V27/><F27/><W60/><G126/><T42/><D125/><U96/><E74/><V4/><F4/><W59/><G127/><T31/><D25/><U61/><E73/><V43/><F43/><W89/><G124/><T49/><D24/><U12/><E12/><V39/><F39/><W108/><G108/><T51/><D109/><U65/><E110/><RYUUKYOKU ba="3,2" sc="224,-10,330,-10,259,30,167,-10" hai2="16,18,19,44,50,53,80,83,92,98,100,112,114" /><INIT seed="6,4,2,3,1,12" ten="214,320,289,157" oya="2" hai0="122,115,54,91,47,90,7,109,15,36,21,52,76" hai1="130,107,132,77,31,27,102,0,78,11,5,114,66" hai2="69,131,48,17,26,34,116,32,119,41,73,120,56" hai3="16,123,55,96,63,81,43,112,113,53,65,75,128"/><V25/><F69/><W125/><G43/><T49/><D109/><U33/><E114/><N who="3" m="44138" /><G123/><T40/><D115/><U80/><E130/><V23/><F73/><W98/><G128/><T18/><D122/><U61/><E80/><V133/><F120/><W59/><G125/><T37/><D76/><U79/><E132/><V46/><F131/><W62/><G75/><T87/><D91/><U3/><E3/><V50/><F133/><W88/><G53/><T4/><D37/><U74/><E74/><V126/><F126/><W30/><G30/><T97/><D97/><N who="1" m="61903" /><E79/><V84/><F84/><N who="3" m="50191" /><G16/><T135/><D135/><U8/><E8/><V10/><F10/><W82/><G82/><N who="0" m="49527" /><D36/><U42/><E42/><V124/><F124/><W129/><G129/><T72/><D72/><U39/><E39/><V117/><F26/><W108/><G108/><T100/><D100/><U86/><E27/><V70/><F25/><W121/><G121/><T99/><D99/><U60/><E31/><V13/><F41/><W9/><G9/><T105/><D105/><U6/><E11/><V111/><F111/><W89/><G89/><T14/><D14/><U22/><E78/><V103/><F13/><W38/><G38/><T24/><D15/><U134/><E134/><V45/><F103/><W44/><G44/><T85/><D85/><U118/><E77/><V93/><F46/><W106/><G106/><T64/><D7/><U110/><E5/><V83/><F45/><W101/><G101/><T67/><D4/><U92/><E6/><V2/><F17/><W127/><G127/><T68/><D68/><AGARI ba="4,2" hai="55,59,62,63,65,68,96,98" m="50191,44138" machi="68" ten="30,7700,0" yaku="6,1,15,1,11,1,54,1" doraHai="12" who="3" fromWho="0" sc="214,-89,320,0,289,0,157,109" /><INIT seed="7,0,0,1,0,102" ten="125,320,289,266" oya="3" hai0="1,65,0,63,67,23,73,125,121,133,43,19,12" hai1="84,91,57,26,97,31,3,27,4,103,5,124,36" hai2="127,99,70,54,13,132,111,60,30,10,47,93,78" hai3="86,20,21,55,77,53,95,131,32,7,123,104,128"/><W81/><G123/><T15/><D125/><U130/><E36/><V45/><F111/><W29/><G7/><T75/><D133/><U66/><E124/><V28/><F127/><W108/><G108/><T109/><D109/><U101/><E130/><N who="3" m="49706" /><G95/><T24/><D121/><U9/><E4/><N who="2" m="3271" /><F70/><W117/><G117/><T68/><D43/><U51/><E27/><V58/><F132/><W50/><G32/><T92/><D92/><U52/><E66/><V90/><F78/><W87/><G87/><T126/><D126/><U115/><E97/><V135/><F135/><W88/><G29/><AGARI ba="0,0" hai="28,29,30,45,47,54,58,60,90,93,99" m="3271" machi="29" ten="30,1000,0" yaku="8,1" doraHai="102" who="2" fromWho="3" sc="125,0,320,0,289,10,266,-10" owari="125,-37.0,320,41.0,299,10.0,256,-14.0" /></mjloggm>