<mjloggm ver="2.3"><GO type="41" lobby="0"/><UN n0="%E5%B0%B1%E6%B4%BB%E7%94%9F%40%E5%B7%9D%E6%9D%91%E8%BB%8D%E5%9B%A3" n1="%E3%81%AF%E3%81%A4%E3%82%86%E3%81%8D%E3%81%95%E3%81%8F%E3%82%89" n2="%41%77%61%6B%65%5F" n3="%4A%61%63%6F%62%69" dan="15,15,14,14" rate="1977.88,1967.21,1902.17,2017.33" sx="M,M,M,M"/><TAIKYOKU oya="0"/><INIT seed="0,0,0,5,2,92" ten="250,250,250,250" oya="0" hai0="46,117,61,97,100,124,53,10,20,96,52,123,58" hai1="130,120,4,9,60,33,121,93,79,31,104,81,91" hai2="51,88,125,21,65,133,41,30,47,75,32,72,16" hai3="6,43,112,50,108,98,63,5,0,54,99,14,115"/><T28/><D123/><U35/><E104/><V49/><F65/><W44/><G0/><T15/><D117/><U82/><E130/><V71/><F71/><W23/><G108/><T2/><D2/><U132/><E132/><V48/><F125/><W74/><G74/><T77/><D77/><U102/><E102/><V56/><F133/><W119/><G119/><T45/><D124/><U84/><E121/><V62/><F30/><W24/><G115/><T69/><D69/><U103/><E103/><V109/><F32/><W90/><G112/><T67/><D100/><U83/><E120/><V59/><F109/><W22/><G22/><T106/><D106/><U131/><E131/><V95/><F72/><W66/><G90/><T134/><D134/><U36/><E36/><V89/><F89/><W118/><G118/><T105/><D105/><U13/><E35/><V34/><F34/><W127/><G127/><T85/><D85/><U87/><E31/><V80/><F80/><W11/><G5/><N who="0" m="3535" /><D20/><U78/><E33/><V113/><F113/><W39/><G39/><T7/><D7/><U135/><E135/><V26/><F75/><W68/><REACH who="3" step="1"/><G43/><REACH who="3" ten="250,250,250,240" step="2"/><T126/><D126/><U18/><E79/><V116/><F116/><W73/><G73/><T101/><D101/><U29/><E78/><V38/><REACH who="2" step="1"/><F62/><REACH who="2" ten="250,250,240,240" step="2"/><W76/><G76/><T122/><D122/><U8/><E60/><V70/><F70/><W57/><G57/><N who="0" m="34983" /><D28/><AGARI ba="0,2" hai="6,11,14,23,24,28,44,50,54,63,66,68,98,99" machi="28" ten="30,7700,0" yaku="1,1,7,1,52,2,53,0" doraHai="92" doraHaiUra="110" who="3" fromWho="0" sc="250,-77,250,0,240,0,240,97" /><INIT seed="1,0,0,1,4,40" ten="173,250,240,337" oya="1" hai0="23,1,103,117,133,71,6,16,29,37,92,46,51" hai1="61,74,68,95,21,135,38,130,48,128,45,41,4" hai2="91,12,62,126,69,18,5,106,65,105,14,97,108" hai3="20,122,39,58,26,47,88,76,80,113,85,54,53"/><U35/><E35/><V90/><F108/><W89/><G122/><T75/><D117/><U82/><E135/><V120/><F120/><W24/><G113/><T73/><D133/><U124/><E124/><V98/><F5/><W15/><G15/><T96/><D71/><U36/><E4/><V114/><F114/><W22/><G22/><T25/><D37/><U2/><E2/><V115/><F115/><W125/><G125/><T112/><D112/><U87/><E74/><V101/><F126/><W63/><G26/><T83/><D83/><U10/><E95/><V8/><REACH who="2" step="1"/><F14/><REACH who="2" ten="173,250,230,337" step="2"/><W3/><G3/><T123/><D123/><U93/><E130/><V9/><F9/><W30/><REACH who="3" step="1"/><G39/><REACH who="3" ten="173,250,230,327" step="2"/><T13/><D1/><U7/><E36/><V77/><F77/><W44/><G44/><T59/><D6/><U131/><E38/><V84/><F84/><W121/><G121/><T78/><D78/><U70/><E131/><V100/><AGARI ba="0,2" hai="8,12,18,62,65,69,90,91,97,98,100,101,105,106" machi="100" ten="30,4000,0" yaku="1,1,0,1,9,1,53,0" doraHai="40" doraHaiUra="107" who="2" fromWho="2" sc="173,-10,250,-20,230,60,327,-10" /><INIT seed="2,0,0,3,1,89" ten="163,230,290,317" oya="2" hai0="42,100,12,63,0,58,48,57,2,125,52,7,38" hai1="68,75,106,98,107,87,70,105,44,104,73,43,50" hai2="19,129,46,80,4,92,78,69,35,134,120,11,60" hai3="30,9,65,26,23,99,32,101,108,114,36,39,40"/><V102/><F120/><W81/><G108/><T131/><D38/><U119/><E119/><V37/><F35/><W103/><G114/><T15/><D125/><U113/><E113/><V132/><F129/><W34/><G65/><T83/><D131/><U126/><E126/><V118/><F118/><W82/><G9/><T29/><D29/><U88/><N who="1" m="26624" /><DORA hai="22" /><U55/><E98/><N who="2" m="59719" /><F69/><W127/><G127/><T25/><D100/><U115/><E115/><V62/><F19/><W6/><G6/><T54/><D42/><U135/><E135/><N who="2" m="51755" /><F46/><W72/><G72/><T121/><D121/><U133/><E133/><V77/><F37/><W14/><G103/><T71/><D71/><U51/><E70/><V111/><F111/><W93/><G36/><T94/><D83/><U76/><E68/><V64/><F64/><W27/><G14/><T17/><D94/><U8/><E8/><V85/><F78/><W117/><G117/><T74/><D74/><U67/><E67/><V28/><F28/><W122/><G122/><T3/><REACH who="0" step="1"/><D7/><REACH who="0" ten="153,230,290,317" step="2"/><U86/><E75/><V109/><F109/><W45/><REACH who="3" step="1"/><G34/><REACH who="3" ten="153,230,290,307" step="2"/><T47/><D47/><U59/><E73/><V41/><F41/><W95/><G95/><T18/><D18/><AGARI ba="0,2" hai="18,23,26,27,30,32,39,40,45,81,82,93,99,101" machi="18" ten="30,8000,1" yaku="1,1,7,1,52,3,53,0" doraHai="89,22" doraHaiUra="53,84" who="3" fromWho="0" sc="153,-80,230,0,290,0,307,100" /><INIT seed="3,0,0,3,1,80" ten="73,230,290,407" oya="3" hai0="23,25,135,74,42,60,53,100,91,5,44,117,79" hai1="27,3,69,49,66,61,129,71,73,32,17,98,93" hai2="97,94,99,50,120,76,16,34,15,70,41,62,4" hai3="102,56,88,14,104,127,107,108,119,8,57,130,81"/><W85/><G119/><T55/><D117/><U24/><E71/><V78/><F34/><W35/><G35/><T21/><D135/><U122/><E122/><V10/><F120/><W40/><G127/><T68/><D5/><U103/><E129/><V128/><F128/><W59/><G130/><T33/><D100/><U48/><E73/><V38/><F38/><W2/><G2/><T28/><D79/><U58/><E3/><V118/><F118/><W29/><G29/><T113/><D74/><U116/><E116/><V43/><F70/><W83/><G40/><T132/><D113/><U13/><E69/><V54/><F62/><W37/><G37/><T75/><D75/><U36/><E36/><V52/><F4/><W39/><G39/><T89/><D132/><U9/><E32/><V72/><F99/><W124/><G124/><T87/><D91/><U115/><E115/><V65/><F65/><W30/><G30/><T12/><D12/><U47/><REACH who="1" step="1"/><E49/><REACH who="1" ten="73,220,290,407" step="2"/><V22/><F72/><W86/><G108/><T106/><D106/><U126/><E126/><V26/><F50/><W105/><G102/><T95/><D33/><U111/><E111/><V109/><F109/><W1/><G1/><T20/><D28/><U11/><E11/><V67/><F10/><W114/><G114/><T90/><D25/><U123/><E123/><V110/><F26/><W133/><G133/><T96/><D68/><U92/><E92/><V112/><F112/><W134/><G134/><T0/><D0/><U7/><E7/><V125/><F110/><W131/><G131/><T45/><D95/><RYUUKYOKU ba="0,1" sc="73,-10,220,30,290,-10,407,-10" hai1="9,13,17,24,27,47,48,58,61,66,93,98,103" /><INIT seed="4,1,1,2,4,80" ten="63,250,280,397" oya="0" hai0="55,83,87,104,24,106,23,75,95,57,46,65,22" hai1="15,114,70,105,100,8,63,34,42,113,43,126,98" hai2="96,127,77,61,122,121,128,58,110,119,5,20,88" hai3="109,82,48,1,54,32,72,40,44,2,10,116,3"/><T74/><D65/><U102/><E34/><V35/><F35/><W9/><G116/><T47/><D104/><U25/><E126/><V132/><F110/><W21/><G32/><T12/><D106/><U91/><E102/><V89/><F119/><W111/><G21/><T99/><D74/><U26/><E26/><V13/><F127/><W33/><G33/><T52/><D75/><U117/><E117/><V50/><F128/><W4/><G54/><N who="0" m="20523" /><D12/><U112/><E25/><V78/><F132/><W59/><G59/><T53/><N who="0" m="20531" /><T18/><DORA hai="115" /><D23/><U90/><E90/><V71/><F20/><W131/><G131/><T41/><D57/><U130/><E130/><V36/><F58/><W76/><REACH who="3" step="1"/><G9/><REACH who="3" ten="63,250,280,387" step="2"/><T93/><D41/><U133/><E43/><V45/><F121/><W129/><G129/><T56/><D56/><U92/><E42/><V37/><F122/><W16/><G16/><T125/><D125/><U79/><E8/><V135/><F135/><W107/><G107/><T27/><D27/><U84/><E133/><V86/><F71/><W66/><G66/><T17/><D17/><U29/><E70/><V39/><F5/><W51/><G51/><T103/><D95/><U123/><E123/><V85/><F50/><W124/><G124/><T14/><D14/><AGARI ba="1,2" hai="1,2,3,4,10,14,40,44,48,72,76,82,109,111" machi="14" ten="40,5200,0" yaku="1,1,53,2" doraHai="80,115" doraHaiUra="0,6" who="3" fromWho="0" sc="63,-55,250,0,280,0,387,75" /><INIT seed="5,0,0,3,2,21" ten="8,250,280,462" oya="1" hai0="41,88,81,98,92,89,129,97,27,103,55,73,77" hai1="123,31,70,105,0,42,102,109,13,84,117,133,12" hai2="126,6,76,35,37,40,30,47,91,106,85,43,54" hai3="131,49,72,101,95,125,33,63,121,122,74,23,65"/><U9/><E123/><V22/><F106/><W34/><G125/><T32/><D41/><U112/><E117/><V59/><F35/><W60/><G131/><T78/><D55/><U39/><E112/><V104/><F104/><W132/><G49/><T26/><D32/><U10/><E70/><V46/><F6/><W8/><G23/><T96/><D129/><U79/><E31/><V52/><F76/><N who="0" m="29290" /><D73/><U118/><E133/><V134/><F134/><W4/><G4/><T11/><D81/><U51/><E118/><V87/><F126/><W61/><G132/><T64/><D64/><U107/><E109/><V19/><F30/><W56/><G65/><T67/><D67/><U57/><E39/><V24/><F59/><W82/><G56/><T69/><D69/><U45/><E0/><V130/><F130/><W119/><G82/><T18/><D103/><U14/><E102/><V120/><F120/><W94/><G101/><T38/><D38/><U108/><E108/><V86/><F37/><W5/><G5/><T58/><D58/><U28/><E28/><V66/><F66/><W99/><G63/><T15/><D89/><U93/><E57/><V75/><F75/><W111/><G111/><T50/><D50/><U135/><E135/><V80/><F43/><W83/><G83/><T68/><D68/><U114/><E42/><V7/><F40/><W71/><G71/><T113/><D113/><U17/><E114/><V53/><F7/><W2/><G119/><T62/><D62/><U90/><E51/><V116/><F116/><W29/><G34/><T1/><D1/><RYUUKYOKU ba="0,0" sc="8,15,250,-15,280,15,462,-15" hai0="11,15,18,26,27,88,92,96,97,98" hai2="19,22,24,46,47,52,53,54,80,85,86,87,91" /><INIT seed="6,1,0,3,0,13" ten="23,235,295,447" oya="2" hai0="100,37,118,93,24,4,48,125,63,132,90,117,26" hai1="73,106,107,88,80,72,43,85,69,46,20,134,18" hai2="3,57,0,52,130,82,126,123,74,68,23,41,50" hai3="65,60,45,131,66,92,10,77,49,17,29,22,36"/><V133/><F123/><W124/><G131/><T16/><D37/><U121/><E69/><V97/><F68/><W39/><G124/><T135/><D100/><U109/><E109/><V94/><F126/><W86/><G10/><T75/><D75/><U35/><E35/><V105/><F105/><W98/><G29/><T15/><D63/><U30/><E30/><V7/><F41/><W67/><G60/><T32/><D48/><U79/><E134/><N who="0" m="51241" /><D125/><U34/><E34/><V58/><F58/><W31/><G31/><N who="0" m="19559" /><D93/><U81/><E73/><V54/><F54/><W83/><G36/><T70/><D90/><U114/><E114/><V14/><F133/><W91/><G39/><T55/><D55/><U1/><E1/><V101/><F130/><W11/><G11/><N who="0" m="4583" /><D70/><U40/><E121/><V119/><F74/><W62/><G62/><T102/><D102/><U28/><E43/><V127/><F127/><W8/><G8/><T71/><D71/><U38/><REACH who="1" step="1"/><E28/><REACH who="1" ten="23,225,295,447" step="2"/><V64/><F0/><W99/><G45/><T129/><D129/><U108/><E108/><V47/><F3/><W12/><G49/><T76/><D76/><U53/><E53/><V104/><F52/><W56/><G56/><T128/><D128/><U27/><AGARI ba="1,1" hai="18,20,27,38,40,46,72,79,80,81,85,88,106,107" machi="27" ten="20,8000,1" yaku="1,1,0,1,7,1,52,1,54,1,53,0" doraHai="13" doraHaiUra="112" who="1" fromWho="1" sc="23,-21,225,93,295,-41,447,-21" /><INIT seed="7,0,0,3,0,92" ten="2,318,254,426" oya="3" hai0="93,75,50,72,105,40,132,122,6,51,7,33,63" hai1="58,59,17,74,116,36,106,90,29,76,61,67,119" hai2="37,53,96,131,20,120,110,118,42,12,125,15,104" hai3="86,113,88,16,97,109,135,114,134,22,82,13,65"/><W94/><G65/><T78/><D93/><U62/><E106/><V73/><F73/><W27/><G109/><T55/><D63/><U117/><E36/><V89/><F118/><W79/><G27/><T80/><D55/><U98/><E29/><V18/><F120/><W41/><G41/><T124/><D40/><U10/><E76/><V38/><F110/><W32/><G32/><T1/><D80/><U0/><E74/><V70/><F70/><W71/><G71/><T133/><D78/><U60/><E0/><V111/><F111/><W4/><G4/><T123/><D105/><U81/><E10/><V84/><F125/><W19/><G19/><T47/><D47/><U14/><E14/><V25/><F131/><W28/><G28/><T5/><D33/><U127/><E127/><V128/><F128/><W68/><G68/><T103/><D103/><U21/><E81/><V2/><F2/><W30/><G30/><T121/><D124/><U95/><E67/><V9/><F37/><W26/><G26/><T35/><D35/><U101/><E101/><V23/><F38/><W130/><G130/><T107/><D1/><U100/><E100/><V39/><F39/><W85/><G85/><T126/><D107/><U8/><E59/><V3/><F104/><W87/><G87/><T45/><D45/><U43/><E58/><V54/><F3/><W11/><G11/><T49/><D126/><U31/><E8/><V66/><F9/><W44/><G44/><T91/><D91/><U34/><E34/><V48/><F89/><W99/><G99/><T77/><D77/><RYUUKYOKU ba="0,0" sc="2,15,318,-15,254,-15,426,15" hai0="5,6,7,49,50,51,72,75,121,122,123,132,133" hai3="13,16,22,79,82,86,88,94,97,113,114,134,135" owari="17,-48.0,303,10.0,239,-16.0,441,54.0" /></mjloggm>