<mjloggm ver="2.3"><GO type="169" lobby="0"/><UN n0="%E3%82%A6%E3%83%AB%E3%83%88%E3%83%A9%E7%AB%8B%E7%9B%B4" n1="%E3%83%90%E3%83%90%E3%82%A2%E3%81%AE%E6%97%A5%E5%82%98" n2="%E3%82%8C%E3%82%93%E3%82%89%E3%81%8F" n3="%E3%83%A0%E3%83%A1%E3%82%A4" dan="17,16,16,16" rate="2175.04,2121.06,2105.80,2037.79" sx="M,F,M,M"/><TAIKYOKU oya="0"/><INIT seed="0,0,0,2,0,105" ten="250,250,250,250" oya="0" hai0="117,60,118,27,10,79,102,75,57,36,130,124,11" hai1="48,1,22,68,113,87,43,135,70,77,81,94,103" hai2="132,54,14,93,45,13,37,31,38,104,127,69,123" hai3="63,9,119,21,121,61,109,115,99,47,39,20,90"/><T122/><D36/><U24/><E1/><V96/><F104/><W51/><G115/><T84/><D122/><U42/><E135/><V107/><F107/><W25/><G39/><T108/><D75/><U5/><E5/><V32/><F69/><W28/><G109/><T125/><D102/><U44/><E42/><V116/><F38/><W6/><G119/><T34/><D84/><U8/><E8/><N who="0" m="3113" /><D79/><U55/><E113/><V15/><F123/><W65/><G21/><T85/><D85/><U49/><E94/><V40/><F132/><W89/><G99/><T2/><D57/><U62/><E103/><V41/><F37/><W92/><G92/><T80/><D80/><U91/><E77/><V98/><F98/><W83/><G83/><T97/><D97/><U126/><E126/><N who="0" m="48745" /><D60/><U100/><E62/><V0/><F0/><W67/><G63/><T19/><D2/><U134/><E100/><V71/><F127/><W133/><G121/><T111/><D130/><U12/><E134/><V114/><F114/><W74/><G74/><T33/><D33/><U3/><E3/><V110/><F71/><W59/><G67/><T120/><D120/><U30/><E70/><V78/><F78/><W56/><G56/><T52/><D52/><U7/><E68/><V95/><F95/><W106/><G106/><T16/><D19/><U18/><E18/><V129/><F129/><W66/><G66/><T17/><D17/><U46/><E7/><V50/><F93/><W112/><G133/><T29/><D16/><U53/><E55/><V73/><F73/><W76/><G112/><RYUUKYOKU ba="0,0" sc="250,15,250,15,250,-15,250,-15" hai0="27,29,34,108,111,117,118" hai1="12,22,24,30,43,44,46,48,49,53,81,87,91" /><INIT seed="0,1,0,0,1,29" ten="265,265,235,235" oya="0" hai0="28,57,38,51,112,15,3,78,16,101,80,117,99" hai1="118,70,43,111,93,108,37,41,98,76,71,18,133" hai2="48,62,74,77,36,68,79,114,121,20,125,105,13" hai3="110,5,0,132,59,126,4,34,116,75,131,83,6"/><T69/><D3/><U86/><E118/><V92/><F36/><W53/><G116/><T25/><D38/><U72/><E72/><V106/><F74/><W14/><G110/><N who="1" m="42026" /><E18/><V1/><F1/><W8/><G132/><T65/><D112/><U88/><E133/><V45/><F106/><W22/><G131/><T91/><D91/><N who="1" m="55615" /><E76/><V73/><F105/><W33/><G126/><T17/><D17/><U107/><E107/><V47/><F73/><W67/><G67/><T90/><D90/><U119/><E119/><V58/><F79/><W2/><G83/><T27/><D117/><U97/><E97/><V129/><F77/><W64/><G64/><T26/><D69/><N who="1" m="26123" /><E37/><V81/><F68/><W19/><G75/><T39/><D39/><U10/><E10/><V52/><F125/><W122/><G122/><T24/><D99/><U95/><AGARI ba="1,0" hai="41,43,86,88,95" m="26123,55615,42026" machi="95" ten="30,2000,0" yaku="14,1,54,1" doraHai="29" who="1" fromWho="1" sc="265,-11,265,23,235,-6,235,-6" /><INIT seed="1,0,0,3,3,26" ten="254,288,229,229" oya="1" hai0="33,90,125,75,32,113,92,98,86,16,44,43,25" hai1="72,24,89,114,36,117,9,120,99,133,130,56,100" hai2="128,76,41,29,13,20,131,68,123,63,18,115,94" hai3="49,15,88,30,40,10,111,66,132,3,6,106,5"/><U104/><E114/><V83/><F123/><W77/><G111/><T67/><D75/><U71/><E71/><V21/><F115/><W65/><G106/><T64/><D113/><U112/><E117/><V127/><F127/><W0/><G77/><T85/><D125/><U27/><E72/><V96/><F41/><W50/><G132/><T109/><D109/><U31/><E130/><V74/><F63/><W47/><G50/><N who="0" m="26911" /><D33/><U80/><E36/><V73/><F68/><W38/><G38/><T124/><D32/><U103/><E103/><V82/><F82/><W126/><G126/><T69/><D69/><U14/><E27/><V118/><F118/><W34/><G3/><T52/><D52/><U91/><E120/><V1/><F1/><W51/><G51/><T45/><D45/><U105/><E105/><V54/><F54/><W57/><G57/><T62/><D62/><U87/><E56/><V42/><F42/><W78/><G78/><T101/><D124/><U134/><E91/><V121/><F121/><W102/><G102/><T110/><D110/><U7/><REACH who="1" step="1"/><E112/><REACH who="1" ten="254,278,229,229" step="2"/><V2/><F74/><W35/><G88/><T70/><D70/><U119/><E119/><V58/><F58/><W95/><G0/><T122/><D122/><U22/><AGARI ba="0,1" hai="7,9,14,22,24,31,80,87,89,99,100,104,133,134" machi="22" ten="30,6000,0" yaku="1,1,0,1,52,1,53,0" doraHai="26" doraHaiUra="135" who="1" fromWho="1" sc="254,-20,278,70,229,-20,229,-20" /><INIT seed="1,1,0,1,5,80" ten="234,348,209,209" oya="1" hai0="23,29,124,55,40,77,100,87,19,82,15,12,81" hai1="101,72,129,35,114,10,127,52,49,131,9,32,134" hai2="122,41,97,111,38,64,94,1,93,25,88,63,57" hai3="54,85,44,47,65,42,61,99,107,76,110,56,112"/><U130/><E114/><V79/><F1/><W135/><G112/><T120/><D124/><U4/><E134/><V30/><F122/><W95/><G135/><T17/><D120/><U84/><E72/><V8/><F111/><W109/><G107/><T20/><D40/><U36/><E36/><V70/><F79/><W108/><G65/><T59/><D29/><U123/><E123/><V27/><F8/><W13/><G13/><T117/><D117/><U73/><E73/><V132/><F132/><W33/><G33/><T5/><D5/><U3/><E127/><V2/><F2/><W6/><G6/><T104/><D82/><U39/><E10/><V90/><F38/><W16/><G16/><T78/><D104/><U118/><E39/><V69/><F41/><W126/><G126/><T26/><D26/><U102/><E84/><V28/><F25/><W0/><G0/><T71/><D71/><U98/><E118/><V74/><F28/><W11/><G11/><T106/><D106/><N who="1" m="63799" /><E102/><V86/><REACH who="2" step="1"/><F74/><REACH who="2" ten="234,348,199,209" step="2"/><W83/><REACH who="3" step="1"/><G42/><REACH who="3" ten="234,348,199,199" step="2"/><T68/><D12/><U46/><AGARI ba="1,2" hai="3,4,9,32,35,46,49,52,129,130,131" m="63799" machi="46" ten="30,3000,0" yaku="19,1,54,1" doraHai="80" who="1" fromWho="1" sc="234,-11,348,53,199,-11,199,-11" /><INIT seed="1,2,0,5,0,69" ten="223,401,188,188" oya="1" hai0="78,61,25,77,130,97,131,87,37,83,74,90,22" hai1="9,55,23,67,3,36,117,57,112,24,104,53,0" hai2="115,65,103,13,123,95,105,59,44,18,119,46,66" hai3="118,42,60,64,85,70,121,52,91,135,116,8,45"/><U99/><E67/><N who="2" m="25611" /><F105/><W50/><G121/><T88/><D61/><U4/><E112/><V19/><F119/><N who="3" m="45611" /><G8/><T75/><D22/><U48/><E117/><V113/><F123/><W10/><G10/><T102/><D25/><U21/><E0/><V43/><F59/><N who="3" m="33175" /><G85/><T15/><D37/><U38/><E21/><V72/><F72/><N who="0" m="27690" /><D15/><U20/><E20/><V73/><F73/><W79/><G91/><N who="0" m="34859" /><D77/><U34/><E23/><V80/><F80/><W16/><G16/><T101/><D101/><U35/><E55/><V110/><F18/><W29/><G29/><T14/><D14/><U54/><E53/><V76/><F76/><W100/><G79/><T28/><D28/><U120/><E120/><V12/><F19/><W122/><G100/><T98/><D98/><U27/><E99/><V93/><F103/><W128/><G122/><T132/><D132/><U84/><E84/><V109/><F12/><W114/><G135/><T33/><D33/><U86/><E34/><V41/><F13/><W94/><G114/><T133/><D133/><U31/><E24/><V17/><F17/><W92/><G128/><T82/><D82/><U11/><E11/><V134/><F134/><W2/><G2/><T49/><D49/><AGARI ba="2,0" hai="42,45,49,60,64,70,92,94" m="33175,45611" machi="49" ten="30,2000,0" yaku="12,1,54,1" doraHai="69" who="3" fromWho="0" sc="223,-26,401,0,188,0,188,26" /><INIT seed="2,0,0,4,0,123" ten="197,401,188,214" oya="2" hai0="117,31,43,94,90,37,83,106,6,58,52,95,101" hai1="60,40,70,54,34,48,93,57,2,32,127,3,0" hai2="71,111,91,56,73,124,30,7,112,122,88,5,105" hai3="21,47,11,79,55,67,80,133,77,65,75,74,118"/><V109/><F122/><W62/><G118/><T131/><D117/><U50/><E127/><V42/><F71/><W96/><G133/><T22/><D131/><U53/><E40/><V15/><F112/><W1/><G96/><T107/><D6/><N who="2" m="2058" /><F73/><W84/><G1/><T115/><D115/><U100/><E70/><V120/><F120/><W64/><G11/><T116/><D116/><U28/><E32/><V10/><F105/><W33/><G33/><T13/><D83/><U36/><E34/><V68/><F68/><W76/><G21/><T97/><D43/><U8/><E36/><V41/><F30/><W85/><G75/><T126/><D37/><U63/><E28/><V130/><F56/><W29/><G29/><T134/><D134/><U38/><E38/><V45/><F124/><W9/><G9/><T108/><D126/><U4/><E0/><V69/><F69/><W82/><G74/><T103/><D103/><U87/><E2/><V98/><F130/><W129/><G129/><T128/><D128/><U92/><E3/><V89/><F98/><W113/><G113/><T25/><D108/><N who="2" m="41546" /><F45/><W17/><G47/><T14/><D107/><U86/><E57/><V104/><F104/><W20/><G76/><T18/><D106/><U59/><E59/><V23/><F23/><W121/><G121/><T16/><D31/><U114/><E114/><V66/><F66/><W81/><G20/><T61/><D18/><AGARI ba="0,0" hai="10,15,18,41,42,88,89,91" m="41546,2058" machi="18" ten="30,18000,2" yaku="14,1,10,1,52,3,54,1" doraHai="123" who="2" fromWho="0" sc="197,-180,401,0,188,180,214,0" /><INIT seed="2,1,0,2,1,40" ten="17,401,368,214" oya="2" hai0="63,6,115,110,109,129,95,67,119,128,127,113,105" hai1="29,8,69,89,123,84,48,11,86,0,131,24,66" hai2="26,117,9,100,28,78,47,90,68,22,111,121,92" hai3="7,94,3,46,120,74,60,77,18,108,23,45,21"/><V51/><F121/><W125/><G120/><T107/><D6/><U124/><E123/><V133/><F68/><W55/><G108/><N who="0" m="41579" /><D63/><U61/><E84/><V76/><F111/><W104/><G125/><T99/><D67/><U31/><E31/><V34/><F117/><W43/><G3/><T135/><D119/><U37/><E37/><V53/><F133/><W16/><G7/><T65/><D65/><U79/><E79/><V1/><F34/><W132/><G132/><T106/><D135/><U122/><E122/><V44/><F100/><W14/><G104/><N who="0" m="26627" /><T134/><DORA hai="85" /><D134/><U10/><E131/><N who="0" m="50249" /><D127/><U17/><E124/><V42/><F1/><W49/><G60/><T91/><AGARI ba="1,0" hai="91,95,99,113,115" m="50249,26627,41579" machi="91" ten="50,8000,1" yaku="14,1,19,1,34,2,52,1" doraHai="40,85" who="0" fromWho="0" sc="17,83,401,-21,368,-41,214,-21" /><INIT seed="3,0,0,4,1,117" ten="100,380,327,193" oya="3" hai0="66,86,49,134,108,88,113,97,13,133,54,44,111" hai1="52,73,123,60,8,69,21,15,14,57,128,96,24" hai2="42,95,89,17,22,118,106,100,55,107,47,68,115" hai3="20,65,80,131,28,18,7,72,23,3,98,127,41"/><W10/><G127/><T110/><D113/><U109/><E109/><V51/><F115/><W30/><G131/><T84/><D66/><U53/><E123/><V16/><F100/><W129/><G129/><T102/><D13/><U43/><E69/><V59/><F68/><W125/><G125/><T126/><D126/><U124/><E73/><V122/><F118/><W61/><G98/><T119/><D119/><U38/><E124/><V82/><F82/><W19/><G41/><T79/><D79/><U64/><E128/><V0/><F0/><W50/><G50/><T25/><D25/><U91/><E43/><V104/><F22/><W116/><G116/><T94/><REACH who="0" step="1"/><D84/><REACH who="0" ten="90,380,327,193" step="2"/><U58/><E15/><V63/><REACH who="2" step="1"/><F122/><REACH who="2" ten="90,380,317,193" step="2"/><W11/><G3/><T70/><D70/><U56/><E14/><V71/><F71/><W112/><G112/><T83/><AGARI ba="0,2" hai="44,49,54,83,86,88,94,97,102,108,110,111,133,134" machi="83" ten="40,8000,1" yaku="1,1,0,1,14,1,54,1,53,0" doraHai="117" doraHaiUra="135" who="0" fromWho="0" sc="90,100,380,-20,317,-20,193,-40" /><INIT seed="4,0,0,3,0,97" ten="190,360,297,153" oya="0" hai0="111,118,88,48,12,7,46,19,38,49,0,66,76" hai1="108,13,34,27,132,20,26,4,22,45,6,73,40" hai2="83,47,98,123,101,56,86,5,104,126,84,65,127" hai3="15,58,69,128,129,109,87,14,119,81,23,120,33"/><T135/><D118/><U42/><E108/><V103/><F5/><W92/><G109/><T95/><D111/><U113/><E73/><V94/><F47/><W32/><G69/><T105/><D105/><U57/><E34/><V90/><F65/><W21/><G119/><T75/><D135/><U10/><E132/><V125/><F56/><W110/><G110/><T31/><D0/><U63/><E4/><V55/><F55/><W2/><G2/><T67/><D38/><U3/><E3/><V74/><F123/><W89/><G120/><T25/><D7/><U93/><E93/><V122/><F122/><W37/><G37/><T112/><D76/><U99/><E99/><N who="2" m="61567" /><F90/><W11/><G58/><T62/><D112/><U44/><E113/><V131/><F131/><N who="3" m="50251" /><G81/><T18/><D66/><N who="1" m="39279" /><E45/><V107/><F94/><W70/><G70/><T115/><D115/><U29/><E44/><V16/><F16/><AGARI ba="0,0" hai="6,10,13,16,20,22,26,27,29,40,42" m="39279" machi="16" ten="30,2000,0" yaku="8,1,54,1" doraHai="97" who="1" fromWho="2" sc="190,0,360,20,297,-20,153,0" /><INIT seed="5,0,0,4,0,30" ten="190,380,277,153" oya="1" hai0="90,33,126,31,2,110,79,80,99,133,60,103,22" hai1="100,124,125,21,83,117,13,14,109,6,115,74,106" hai2="104,102,17,101,65,40,70,45,52,67,91,53,36" hai3="48,129,27,98,64,50,58,121,93,55,8,95,84"/><U10/><E117/><V57/><F104/><W54/><G121/><T47/><D2/><U130/><E106/><V7/><F7/><W120/><G120/><T19/><D110/><U46/><E100/><V38/><F91/><W94/><G129/><T92/><D126/><U113/><E46/><N who="2" m="23815" /><F17/><W131/><G131/><T44/><D133/><U12/><E130/><V112/><F101/><W76/><G64/><N who="2" m="24649" /><F102/><W34/><G8/><T41/><D41/><U71/><E109/><V118/><F118/><W18/><G76/><T32/><D103/><U81/><E74/><V86/><F86/><W39/><G39/><T28/><D60/><U66/><E81/><V122/><F122/><W119/><G119/><T108/><D108/><U25/><E83/><V49/><F112/><N who="1" m="43081" /><E10/><V0/><F0/><W62/><G84/><T20/><D31/><U15/><E15/><V23/><F23/><N who="3" m="13815" /><G34/><T128/><D22/><U135/><E6/><V16/><F16/><W37/><G37/><T42/><D128/><U73/><E73/><V59/><F38/><W75/><G75/><T105/><D28/><U29/><E21/><V88/><F88/><N who="3" m="55591" /><G62/><T5/><D105/><U107/><E107/><V85/><F85/><W78/><G78/><T1/><D1/><U89/><E29/><V127/><F127/><W97/><G97/><T72/><D5/><U82/><E124/><V35/><F35/><N who="0" m="13386" /><D19/><U11/><E125/><V3/><F3/><W69/><G69/><T9/><D9/><U51/><E11/><V111/><F111/><W63/><G63/><T61/><D61/><U56/><E71/><RYUUKYOKU ba="0,0" sc="190,-10,380,-10,277,-10,153,30" hai3="48,50,54,55,58,94,95" /><INIT seed="6,1,0,4,1,99" ten="180,370,267,183" oya="2" hai0="68,115,87,96,67,69,1,103,111,42,28,32,20" hai1="130,113,47,43,9,7,24,34,31,14,114,79,132" hai2="97,75,116,108,86,128,6,10,89,133,62,83,129" hai3="0,65,71,78,52,88,102,51,107,131,127,74,98"/><V58/><F116/><W49/><G0/><T109/><D20/><U30/><E30/><V50/><F133/><W25/><G131/><T15/><D15/><U21/><E130/><V46/><F97/><W4/><G127/><T45/><D87/><U56/><E132/><V12/><F75/><W54/><G4/><T119/><D1/><U8/><E56/><V93/><F93/><W77/><G74/><T55/><D55/><U39/><E79/><V73/><F73/><W72/><G72/><T11/><D11/><N who="1" m="4479" /><E21/><V105/><F105/><W84/><G25/><N who="0" m="18447" /><D119/><U17/><E17/><V33/><F33/><W123/><G123/><T26/><D26/><U81/><E81/><V37/><F37/><W90/><G71/><T117/><D117/><U85/><E85/><V27/><F27/><W40/><G65/><T38/><D115/><AGARI ba="1,0" hai="8,9,24,31,34,39,43,47,113,114,115" m="4479" machi="115" ten="30,1000,0" yaku="15,1" doraHai="99" who="1" fromWho="0" sc="180,-13,370,13,267,0,183,0" /><INIT seed="7,0,0,4,3,50" ten="167,383,267,183" oya="3" hai0="31,6,43,132,81,114,53,92,73,16,131,59,11" hai1="112,23,120,28,70,33,68,26,67,109,63,106,113" hai2="35,45,58,41,72,99,42,108,20,80,46,78,69" hai3="0,19,87,4,84,14,85,7,21,77,24,93,76"/><W52/><G0/><T107/><D107/><U88/><E109/><V57/><F35/><W37/><G37/><T97/><D43/><U127/><E120/><V75/><F69/><W115/><G115/><N who="1" m="44106" /><E106/><V82/><F99/><W17/><G93/><T79/><D114/><U100/><E100/><V48/><F20/><W36/><G36/><T128/><D132/><U122/><E127/><V125/><F108/><W56/><G77/><T44/><D31/><U9/><E9/><V133/><F133/><W30/><G76/><T54/><D16/><N who="3" m="6217" /><G14/><N who="0" m="5495" /><D44/><U96/><E122/><V129/><F78/><W65/><G65/><T89/><D59/><N who="1" m="37375" /><E33/><V5/><F5/><W124/><G124/><T98/><D98/><U119/><E119/><V64/><F64/><W40/><G40/><T95/><D95/><AGARI ba="0,0" hai="23,26,28,68,70,88,95,96" m="37375,44106" machi="95" ten="30,2000,0" yaku="15,1,54,1" doraHai="50" who="1" fromWho="0" sc="167,-20,383,20,267,0,183,0" owari="147,-35.0,403,50.0,267,7.0,183,-22.0" /></mjloggm>