<mjloggm ver="2.3"><GO type="225" lobby="0"/><UN n0="%E3%83%88%E3%83%88%E3%83%AA%E5%85%88%E7%94%9F%31%39%E6%AD%B3" n1="%E8%A6%AA%E6%8C%87%EF%BC%88%E5%A4%A7%EF%BC%89" n2="%E7%94%98%E7%B2%95%E3%81%A4%E3%81%B0%E3%82%81" n3="%E3%82%AD%E3%83%B3%E3%82%B0%E3%81%B9%E3%83%92%E3%82%93%E3%82%82%E3%82%B9" dan="18,16,16,16" rate="2266.04,2099.87,2090.71,2124.34" sx="F,M,F,M"/><TAIKYOKU oya="0"/><INIT seed="0,0,0,3,4,6" ten="250,250,250,250" oya="0" hai0="119,134,31,68,130,30,39,74,37,49,3,112,2" hai1="116,15,102,82,18,117,69,70,54,25,87,131,110" hai2="52,43,0,11,114,127,67,86,91,17,120,40,46" hai3="12,38,128,126,64,24,63,113,115,28,104,84,94"/><T75/><D49/><U62/><E110/><V122/><F114/><W98/><G38/><N who="0" m="14347" /><D112/><U9/><E131/><V58/><F127/><W107/><G128/><T29/><D130/><U93/><E25/><V133/><F133/><W85/><G126/><T55/><D55/><U65/><E70/><V105/><F105/><W21/><G104/><T99/><D68/><U123/><E123/><V4/><F17/><W79/><G107/><T100/><D99/><U47/><E93/><V96/><F96/><W56/><G12/><T5/><D5/><U7/><E102/><V61/><F67/><W34/><G34/><T88/><D100/><U90/><E7/><V101/><F101/><W106/><G106/><T20/><D20/><U83/><E83/><V13/><F13/><W124/><G124/><T125/><D125/><U53/><E53/><V10/><F10/><W111/><G115/><T8/><D8/><U50/><AGARI ba="0,0" hai="9,15,18,47,50,54,62,65,69,82,87,90,116,117" machi="50" ten="30,7900,0" yaku="0,1,25,2,52,1" doraHai="6" who="1" fromWho="1" sc="250,-39,250,79,250,-20,250,-20" /><INIT seed="1,0,0,2,1,48" ten="211,329,230,230" oya="1" hai0="53,84,22,116,21,16,17,34,72,28,71,9,130" hai1="98,14,43,5,123,65,70,103,99,94,41,69,60" hai2="45,88,112,96,52,38,73,67,44,86,111,13,125" hai3="115,109,57,3,133,18,106,66,129,32,49,97,80"/><U132/><E123/><V37/><F73/><W102/><G80/><T36/><D72/><U122/><E122/><V4/><F67/><W47/><G115/><T15/><D116/><U11/><E132/><V27/><F96/><W113/><G113/><T121/><D121/><U85/><E70/><V1/><F1/><W91/><G133/><T117/><D117/><U87/><E87/><V90/><F112/><W77/><G77/><T7/><D36/><U51/><E85/><V104/><F104/><W25/><G91/><N who="2" m="34857" /><F86/><W101/><G101/><T118/><D118/><U23/><E98/><V134/><F27/><W89/><G89/><T81/><D130/><U75/><E75/><V56/><F134/><W68/><G129/><T0/><D71/><U83/><E83/><V79/><F79/><W110/><G3/><T93/><D93/><U20/><E43/><V54/><F13/><W58/><G68/><T74/><D74/><U55/><REACH who="1" step="1"/><E41/><REACH who="1" ten="211,319,230,230" step="2"/><V46/><F37/><W62/><G97/><T59/><D84/><U26/><E26/><V107/><F38/><W40/><G25/><T100/><D81/><U105/><E105/><V63/><F125/><W114/><G106/><T76/><D76/><U64/><E64/><N who="2" m="39015" /><F107/><W95/><G114/><T31/><D100/><U2/><E2/><V92/><F92/><W128/><G95/><T50/><D34/><U127/><E127/><V33/><F33/><W82/><G32/><T6/><D0/><U135/><E135/><V42/><F42/><W61/><G102/><T108/><D15/><U126/><E126/><V24/><F24/><RYUUKYOKU ba="0,1" sc="211,-10,319,30,230,-10,230,-10" hai1="5,11,14,20,23,51,55,60,65,69,94,99,103" /><INIT seed="1,1,1,3,1,89" ten="201,349,220,220" oya="1" hai0="2,81,6,5,15,59,86,57,87,119,135,33,80" hai1="123,75,1,41,72,43,66,105,65,49,83,97,7" hai2="45,68,101,64,69,13,19,132,51,67,126,21,106" hai3="129,74,34,71,120,50,112,46,28,133,95,102,25"/><U110/><E123/><V85/><F132/><W56/><G120/><T104/><D119/><U130/><E130/><V63/><F126/><W134/><G71/><T62/><D104/><U61/><E110/><V37/><F37/><W29/><G29/><T107/><D107/><U109/><E109/><V24/><F85/><N who="0" m="32266" /><D33/><U26/><E66/><V40/><F67/><W99/><G74/><T30/><D2/><U27/><E7/><N who="0" m="2569" /><D135/><N who="3" m="51721" /><G56/><N who="0" m="21579" /><D30/><U116/><E1/><V114/><F69/><W8/><G8/><T38/><D38/><U78/><E75/><V4/><F114/><W9/><G9/><T111/><D111/><U48/><E116/><V39/><F39/><W77/><G112/><T44/><D15/><U47/><E105/><V94/><F106/><W108/><G108/><T131/><D131/><U79/><E79/><V58/><F68/><W52/><G129/><T91/><D62/><U115/><E115/><V35/><F35/><W128/><G128/><T42/><D42/><U53/><E43/><V17/><F4/><W22/><G34/><T93/><D44/><U124/><E72/><V20/><REACH who="2" step="1"/><F101/><REACH who="2" ten="201,349,210,220" step="2"/><W98/><G77/><T0/><D0/><U36/><E78/><V14/><F14/><W12/><G12/><T118/><D118/><U70/><E36/><V117/><F117/><W82/><G102/><T76/><D76/><U32/><E70/><V113/><F113/><W92/><G82/><T100/><D100/><U54/><E83/><V84/><F84/><AGARI ba="1,2" hai="80,81,84,91,93" m="21579,2569,32266" machi="84" ten="30,2000,0" yaku="8,1,52,1" doraHai="89" who="0" fromWho="2" sc="201,43,349,0,210,-23,220,0" /><INIT seed="2,0,0,1,0,79" ten="244,349,187,220" oya="2" hai0="115,25,95,71,36,91,47,73,116,41,78,62,129" hai1="53,104,122,60,70,103,51,94,48,132,15,20,89" hai2="61,134,23,46,52,57,17,19,72,2,45,29,106" hai3="77,109,54,4,84,118,40,10,22,88,128,98,96"/><V74/><F134/><W35/><G35/><T120/><D120/><U65/><E132/><V58/><F106/><W32/><G32/><T3/><D115/><U121/><E103/><V24/><F2/><W5/><G118/><T12/><D3/><U13/><E104/><V135/><F135/><W83/><G40/><T68/><D129/><U130/><E130/><V117/><F117/><W101/><G128/><T21/><D116/><U33/><E33/><V86/><F86/><N who="3" m="48495" /><G109/><T44/><D12/><U92/><E51/><V93/><F93/><N who="3" m="58511" /><G98/><T127/><D127/><U87/><E94/><V42/><F58/><W38/><G38/><T100/><D100/><U37/><E37/><V31/><F19/><W125/><G10/><T50/><D78/><U14/><REACH who="1" step="1"/><E20/><REACH who="1" ten="244,339,187,220" step="2"/><V113/><F113/><W124/><G125/><T11/><D21/><U126/><E126/><V8/><F8/><W82/><G124/><T9/><D11/><U76/><E76/><V75/><REACH who="2" step="1"/><F45/><AGARI ba="0,1" hai="13,14,15,45,48,53,60,65,70,87,89,92,121,122" machi="45" ten="40,1300,0" yaku="1,1,53,0" doraHai="79" doraHaiUra="18" who="1" fromWho="2" sc="244,0,339,23,187,-13,220,0" /><INIT seed="3,0,0,5,4,133" ten="244,362,174,220" oya="3" hai0="110,44,90,64,119,59,125,24,25,71,14,21,135" hai1="114,131,97,96,113,36,37,5,46,84,38,101,112" hai2="19,63,9,50,0,11,20,105,32,79,18,120,23" hai3="126,60,68,10,43,81,77,85,30,128,22,116,76"/><W51/><G116/><T67/><D125/><U34/><E34/><V8/><F105/><W94/><G128/><T123/><D123/><U104/><E131/><V7/><F63/><W127/><G10/><N who="2" m="4201" /><F79/><N who="3" m="46271" /><G94/><T2/><D2/><U53/><E5/><V45/><F50/><W117/><G117/><T42/><D135/><U121/><E121/><V118/><F118/><W124/><G30/><T109/><D71/><U106/><E84/><V65/><F65/><N who="3" m="40999" /><G22/><N who="2" m="8233" /><F45/><AGARI ba="0,0" hai="43,45,51,76,77,124,126,127" m="40999,46271" machi="45" ten="30,11600,0" yaku="18,1,52,3" doraHai="133" who="3" fromWho="2" sc="244,0,362,0,174,-116,220,116" /><INIT seed="3,1,0,4,1,27" ten="244,362,58,336" oya="3" hai0="7,54,3,87,76,115,79,59,4,11,62,32,119" hai1="5,66,2,90,35,6,18,65,83,110,126,45,80" hai2="121,71,94,44,56,114,17,53,46,64,97,9,16" hai3="15,21,78,77,104,122,51,130,40,111,24,103,50"/><W98/><G122/><T23/><D119/><U22/><E35/><V49/><F121/><W61/><G130/><T95/><D32/><U84/><E110/><V57/><F114/><W38/><G111/><T43/><D115/><U34/><E34/><V133/><F133/><W127/><G127/><T135/><D135/><U13/><E126/><V132/><F132/><W42/><G38/><T113/><D113/><U107/><E107/><V73/><F73/><W68/><G15/><T117/><D117/><U39/><E39/><V26/><F71/><W36/><G36/><T125/><D125/><U74/><E74/><V41/><F9/><W124/><G124/><T20/><D43/><U120/><E120/><V131/><F131/><W106/><G106/><T105/><D105/><U75/><E75/><V8/><F8/><W25/><G25/><T29/><D3/><U10/><E6/><V31/><F64/><W12/><G12/><T72/><D72/><U30/><E30/><V14/><F14/><W118/><G118/><T52/><D11/><U100/><E100/><V99/><F99/><W86/><G42/><T70/><D70/><U48/><E80/><V91/><F56/><W109/><G109/><T89/><D54/><AGARI ba="1,0" hai="2,5,10,13,18,22,45,48,54,65,66,83,84,90" machi="54" ten="30,1000,0" yaku="7,1" doraHai="27" who="1" fromWho="0" sc="244,-13,362,13,58,0,336,0" owari="231,-17.0,375,47.0,58,-44.0,336,14.0" /></mjloggm>