<mjloggm ver="2.3"><GO type="169" lobby="0"/><UN n0="%6E%65%75%74%72%6F%6E" n1="%E3%81%BE%E3%83%BC%E3%81%95%EF%BC%A0%EF%BC%92%EF%BC%91" n2="%79%6F%73%68%69%67%69" n3="%E3%82%A6%E3%83%AB%E3%83%88%E3%83%A9%E7%AB%8B%E7%9B%B4" dan="16,17,16,17" rate="2139.79,2120.58,2186.68,2156.05" sx="M,M,M,M"/><TAIKYOKU oya="0"/><INIT seed="0,0,0,0,0,2" ten="250,250,250,250" oya="0" hai0="79,22,93,110,26,53,11,86,123,111,9,34,87" hai1="33,17,70,68,14,128,82,94,49,13,75,35,69" hai2="76,97,47,72,23,95,99,61,16,127,7,18,77" hai3="27,12,48,134,107,83,57,28,100,43,71,51,62"/><T96/><D123/><U115/><E128/><V117/><F127/><W63/><G134/><T58/><D34/><U6/><E115/><V133/><F133/><W122/><G122/><T74/><D74/><U73/><E94/><V98/><F117/><W91/><G43/><T55/><D79/><N who="2" m="30282" /><F72/><W108/><G108/><N who="0" m="41515" /><D86/><U112/><E70/><V66/><F47/><W131/><G91/><N who="0" m="55359" /><D87/><U15/><E15/><N who="2" m="9631" /><F18/><W126/><G83/><T21/><D21/><U19/><E82/><V125/><F125/><W20/><G126/><T84/><D84/><U103/><E112/><V44/><F44/><W135/><G20/><T5/><D58/><U3/><E75/><V54/><F66/><W92/><G57/><T85/><D85/><U37/><E73/><V25/><F25/><W120/><G71/><T101/><D101/><U64/><E64/><V78/><F78/><W118/><G100/><T8/><D5/><U60/><E103/><N who="2" m="60863" /><F7/><W59/><G120/><T116/><D116/><U46/><E6/><V102/><F102/><W89/><G118/><T41/><D41/><U105/><E69/><V113/><F113/><W45/><G135/><T42/><D42/><U67/><E33/><V29/><F29/><AGARI ba="0,0" hai="8,9,11,22,26,29,53,55" m="55359,41515" machi="29" ten="30,2900,0" yaku="14,1,10,1" doraHai="2" who="0" fromWho="2" sc="250,29,250,0,250,-29,250,0" /><INIT seed="0,1,0,5,0,124" ten="279,250,221,250" oya="0" hai0="62,123,33,34,126,32,37,26,87,85,0,121,122" hai1="14,74,86,30,100,111,71,120,67,61,8,88,60" hai2="91,72,44,53,5,128,58,28,42,94,43,105,115" hai3="106,39,80,17,96,116,19,65,95,130,117,13,125"/><T35/><D0/><U51/><E120/><V127/><F105/><W132/><G39/><T27/><D37/><U118/><E118/><V134/><F115/><W23/><G106/><T102/><D102/><U1/><E111/><V113/><F113/><W3/><G3/><T9/><D9/><U70/><E74/><V77/><F127/><W31/><G31/><T114/><D114/><U84/><E1/><V129/><F134/><W21/><G132/><T10/><D10/><U11/><E100/><V48/><F5/><W92/><G125/><T29/><D126/><U78/><E30/><V46/><F28/><W133/><G133/><T24/><D62/><U57/><E51/><V110/><F110/><W20/><G20/><T89/><REACH who="0" step="1"/><D85/><REACH who="0" ten="269,250,221,250" step="2"/><U98/><E11/><V104/><F72/><W2/><G2/><T119/><D119/><U66/><E84/><N who="2" m="52583" /><F104/><W25/><G116/><T56/><D56/><U108/><E108/><V12/><F77/><W73/><G73/><T15/><D15/><U112/><E112/><V16/><F58/><W63/><G13/><T54/><D54/><U4/><E78/><V101/><F101/><W82/><G117/><T22/><D22/><U50/><E57/><V18/><F12/><W99/><G63/><T109/><D109/><U47/><E86/><V40/><F46/><W83/><G23/><T36/><D36/><U41/><E61/><V7/><F7/><W69/><G21/><T135/><D135/><U64/><E60/><V76/><F76/><W97/><G19/><T55/><D55/><U131/><E4/><V59/><F59/><RYUUKYOKU ba="1,1" sc="269,15,250,-15,221,15,250,-15" hai0="24,26,27,29,32,33,34,35,87,89,121,122,123" hai2="16,18,40,42,43,44,48,53,128,129" /><INIT seed="0,2,1,4,4,123" ten="284,235,236,235" oya="0" hai0="94,77,22,36,53,79,118,47,106,45,109,27,124" hai1="1,70,44,93,65,31,95,23,105,107,66,4,14" hai2="5,72,3,60,86,100,20,98,135,134,127,32,73" hai3="99,26,59,81,90,82,78,121,28,67,84,64,61"/><T122/><D118/><U39/><E1/><V68/><F32/><W83/><G121/><T18/><D122/><U92/><E4/><V41/><F127/><W11/><G11/><T48/><D106/><U34/><E34/><V7/><F41/><W63/><G99/><T85/><D124/><U46/><E39/><V9/><F7/><W96/><G96/><T55/><D36/><U19/><E31/><V37/><F86/><W111/><G111/><T71/><D71/><U49/><E70/><V126/><F20/><W62/><G78/><T97/><D85/><U21/><E49/><V80/><F126/><W42/><G42/><T112/><D112/><U130/><E95/><V87/><F37/><W91/><G84/><T101/><D109/><U102/><E14/><V113/><F113/><W133/><G133/><N who="2" m="50697" /><F60/><W38/><G38/><T131/><D131/><U51/><E51/><AGARI ba="2,1" hai="18,22,27,45,47,48,51,53,55,77,79,94,97,101" machi="51" ten="40,3900,0" yaku="9,1,8,1" doraHai="123" who="0" fromWho="1" sc="284,55,235,-45,236,0,235,0" /><INIT seed="0,3,0,2,0,100" ten="339,190,236,235" oya="0" hai0="34,131,78,41,133,121,8,66,84,111,63,29,54" hai1="130,36,44,10,90,23,75,120,59,85,125,103,108" hai2="30,82,2,72,25,3,39,0,57,70,83,13,28" hai3="60,106,91,22,65,77,119,126,56,71,123,124,47"/><T115/><D115/><U68/><E68/><V127/><F70/><W18/><G119/><T51/><D121/><U88/><E120/><V86/><F39/><W87/><G77/><T21/><D34/><U38/><E75/><V15/><F72/><W11/><G11/><T118/><D118/><U52/><E108/><V50/><F127/><N who="3" m="48683" /><G47/><T114/><D114/><U37/><E125/><V122/><F122/><W19/><G123/><T112/><D112/><U62/><E130/><V14/><F25/><W53/><G22/><T117/><D117/><U95/><E103/><V45/><F57/><W46/><G106/><T128/><D41/><U42/><E23/><V40/><REACH who="2" step="1"/><F86/><REACH who="2" ten="339,190,226,235" step="2"/><W110/><G110/><T49/><D84/><U79/><E79/><V116/><F116/><W58/><G58/><T113/><D111/><U134/><E134/><V76/><F76/><W129/><G129/><T48/><D78/><U31/><E31/><AGARI ba="3,1" hai="0,2,3,13,14,15,28,30,31,40,45,50,82,83" machi="31" ten="50,8000,1" yaku="1,1,53,3" doraHai="100" doraHaiUra="35" who="2" fromWho="1" sc="339,0,190,-89,226,99,235,0" /><INIT seed="1,0,0,5,3,27" ten="339,101,325,235" oya="1" hai0="106,60,29,99,109,6,1,91,28,81,38,49,76" hai1="125,114,134,80,122,72,8,75,73,93,83,10,13" hai2="68,51,26,127,58,44,3,110,40,118,52,43,48" hai3="25,0,123,41,65,70,54,59,133,18,61,96,79"/><U103/><E114/><V113/><F3/><W64/><G0/><T67/><D38/><U20/><E122/><V31/><F118/><W126/><G123/><T131/><D1/><U86/><E134/><V24/><F113/><W23/><G133/><T34/><D6/><U33/><E33/><V47/><F110/><W82/><G126/><T97/><D109/><U101/><E125/><V89/><F127/><W108/><G108/><T14/><D34/><U116/><E116/><V22/><F68/><W115/><G115/><T128/><D49/><U46/><E46/><V32/><F89/><W66/><G41/><T102/><D14/><U98/><E103/><V57/><REACH who="2" step="1"/><F43/><REACH who="2" ten="339,101,315,235" step="2"/><W132/><G132/><T129/><D91/><U16/><REACH who="1" step="1"/><E83/><REACH who="1" ten="339,91,315,235" step="2"/><V112/><F112/><W90/><G82/><T17/><D81/><U121/><E121/><V117/><F117/><W135/><G135/><T35/><D131/><U30/><E30/><AGARI ba="0,2" hai="22,24,26,30,31,32,40,44,47,48,51,52,57,58" machi="30" ten="30,8000,1" yaku="1,1,7,1,52,2,54,1,53,0" doraHai="27" doraHaiUra="130" who="2" fromWho="1" sc="339,0,91,-80,315,100,235,0" /><INIT seed="2,0,0,0,0,102" ten="339,11,415,235" oya="2" hai0="52,129,99,109,90,47,43,113,77,37,27,23,108" hai1="55,30,106,82,35,132,20,0,105,128,33,64,51" hai2="7,8,70,3,89,53,22,39,67,24,87,93,65" hai3="73,26,44,94,76,17,120,119,121,81,85,103,42"/><V117/><F39/><W25/><G25/><T131/><D113/><U112/><E112/><V133/><F117/><W48/><G119/><T110/><D77/><U46/><E0/><V56/><F70/><W2/><G2/><T13/><D13/><U125/><E64/><V29/><REACH who="2" step="1"/><F133/><REACH who="2" ten="339,11,405,235" step="2"/><W111/><G120/><T84/><D37/><U31/><E132/><V80/><F80/><W83/><G83/><T86/><D110/><U60/><E128/><V63/><AGARI ba="0,1" hai="3,7,8,22,24,29,53,56,63,65,67,87,89,93" machi="63" ten="20,7800,0" yaku="1,1,0,1,7,1,53,1" doraHai="102" doraHaiUra="34" who="2" fromWho="2" sc="339,-26,11,-26,405,88,235,-26" owari="313,11.0,-15,-52.0,493,60.0,209,-19.0" /></mjloggm>