<mjloggm ver="2.3"><GO type="97" lobby="0"/><UN n0="%E3%83%88%E3%83%88%E3%83%AA%E5%85%88%E7%94%9F%31%39%E6%AD%B3" n1="%53%74%65%70%68%65%6E" n2="%4B%2D%59%41%53" n3="%E7%99%BE%E5%85%AB%E7%85%A9%E6%82%A9" dan="15,13,14,14" rate="2046.01,1809.83,1925.00,1966.06" sx="F,M,M,M"/><TAIKYOKU oya="0"/><INIT seed="0,0,0,0,5,63" ten="250,250,250,250" oya="0" hai0="71,76,128,67,19,59,29,36,55,54,100,104,1" hai1="114,72,133,27,82,2,69,132,109,5,61,66,134" hai2="93,58,79,25,3,12,56,90,102,8,123,130,20" hai3="44,95,17,111,131,112,45,92,70,103,81,73,115"/><T127/><D1/><U118/><E118/><V13/><F123/><W15/><G112/><T41/><D128/><U77/><E114/><V28/><F3/><W87/><G115/><T9/><D127/><U49/><E49/><V78/><F130/><W119/><G73/><T107/><D100/><U51/><E51/><V52/><F102/><W94/><G119/><T26/><D76/><N who="2" m="29226" /><F58/><W42/><G131/><T101/><D71/><U65/><E61/><N who="2" m="35975" /><F8/><W124/><G103/><T75/><D75/><U122/><E69/><V37/><F37/><W113/><G113/><T125/><D125/><U39/><E39/><V23/><F20/><W91/><G70/><T40/><D36/><U74/><E122/><V120/><F120/><W53/><G124/><T43/><D104/><U6/><E74/><V11/><F11/><W96/><G96/><AGARI ba="0,0" hai="12,13,23,25,28,90,93,96" m="35975,29226" machi="96" ten="30,2000,0" yaku="8,1,54,1" doraHai="63" who="2" fromWho="3" sc="250,0,250,0,250,20,250,-20" /><INIT seed="1,0,0,4,2,107" ten="250,250,270,230" oya="1" hai0="123,133,124,9,135,7,116,130,1,19,122,78,117" hai1="3,86,13,85,75,134,2,90,73,119,58,99,81" hai2="4,40,5,108,72,109,10,38,47,30,80,25,8" hai3="54,44,92,96,126,103,45,51,89,15,66,98,127"/><U60/><E119/><N who="0" m="45641" /><D78/><U18/><E134/><N who="0" m="51209" /><D130/><U50/><E50/><V115/><F115/><W93/><G66/><T16/><D124/><U125/><E125/><V70/><F70/><W113/><G113/><T77/><D77/><U52/><E99/><V120/><F120/><AGARI ba="0,0" hai="1,7,9,16,19,120,122,123" m="51209,45641" machi="120" ten="40,8000,1" yaku="13,1,20,1,34,2,54,1" doraHai="107" who="0" fromWho="2" sc="250,80,250,0,270,-80,230,0" /><INIT seed="2,0,0,2,4,10" ten="330,250,190,230" oya="2" hai0="108,110,133,94,8,45,16,7,3,40,89,120,68" hai1="47,56,95,123,58,51,4,60,96,25,87,22,52" hai2="112,15,127,59,19,92,129,57,11,55,61,9,31" hai3="84,134,105,53,23,50,109,79,114,85,71,14,64"/><V116/><F112/><W37/><G105/><T80/><D120/><U2/><E123/><V13/><F116/><W20/><G114/><T124/><D68/><U131/><E131/><V70/><F129/><W21/><G37/><T102/><D133/><U41/><E56/><N who="2" m="34975" /><F70/><W130/><G134/><T26/><D124/><U93/><E4/><N who="2" m="3239" /><F127/><W29/><G130/><T49/><D102/><U72/><E72/><V0/><F0/><W107/><G107/><T106/><D80/><U88/><E2/><V83/><F31/><W39/><G39/><T132/><D106/><U90/><E22/><V73/><F73/><W118/><G29/><T78/><D78/><U135/><E135/><V77/><F77/><W86/><G118/><T67/><D67/><U1/><E1/><V5/><F83/><W6/><G79/><T66/><D66/><U32/><E32/><V119/><F119/><W97/><G97/><T82/><D82/><U125/><E125/><V69/><F69/><W30/><G30/><T65/><D65/><U38/><E38/><V35/><F35/><W48/><G64/><T121/><D121/><U126/><E126/><V113/><F113/><W76/><G71/><T42/><D132/><U62/><E62/><V91/><F5/><W34/><G76/><T128/><D128/><U17/><E17/><V100/><F100/><W63/><G34/><T27/><D16/><U98/><E25/><V18/><F18/><W28/><G28/><T104/><D104/><U33/><E33/><V44/><F44/><W36/><G36/><T115/><D115/><U43/><E43/><RYUUKYOKU ba="0,0" sc="330,-15,250,15,190,15,230,-15" hai1="41,47,51,52,58,60,87,88,90,93,95,96,98" hai2="11,15,19,57,59,91,92" /><INIT seed="2,1,0,5,3,46" ten="315,265,205,215" oya="2" hai0="63,42,6,88,126,86,54,112,113,34,51,95,114" hai1="45,44,120,49,82,20,1,2,15,9,24,59,83" hai2="47,35,22,116,29,109,100,30,52,32,101,79,36" hai3="7,10,125,65,0,37,48,61,16,62,11,21,107"/><V43/><F116/><W81/><G37/><T64/><D34/><U38/><E120/><V130/><F130/><W55/><G107/><T31/><D31/><U13/><E38/><V94/><F109/><W110/><G10/><T91/><D126/><U41/><E45/><V106/><F106/><W135/><G125/><T98/><D42/><U78/><E83/><V33/><F79/><W73/><G110/><T50/><D6/><U53/><E15/><V102/><F22/><W17/><G135/><T132/><D54/><U19/><E53/><V40/><F40/><W25/><G17/><T115/><D132/><U28/><E59/><V134/><F134/><W129/><G129/><T26/><D26/><U92/><E92/><V131/><F131/><W124/><G124/><T66/><D115/><U87/><AGARI ba="1,0" hai="1,2,9,13,19,20,24,28,41,44,49,78,82,87" machi="87" ten="20,2700,0" yaku="0,1,7,1,52,1" doraHai="46" who="1" fromWho="1" sc="315,-8,265,30,205,-14,215,-8" /><INIT seed="3,0,0,1,5,30" ten="307,295,191,207" oya="3" hai0="51,13,6,93,135,71,72,63,125,90,29,124,59" hai1="85,132,73,80,110,31,134,11,50,46,60,26,117" hai2="23,118,34,95,18,78,57,107,36,131,92,86,15" hai3="130,89,3,105,37,42,84,58,75,133,82,39,109"/><W87/><G3/><T97/><D72/><U103/><E73/><V12/><F118/><W38/><G75/><T8/><D135/><N who="1" m="51755" /><E110/><V100/><F36/><W101/><G133/><T126/><D29/><U0/><E60/><V66/><F131/><W28/><G130/><T2/><D51/><U61/><E61/><V67/><F107/><W10/><G10/><T114/><D114/><U25/><E25/><V48/><F34/><W54/><G28/><T56/><D2/><U79/><E103/><V53/><F100/><W62/><G109/><T33/><D33/><N who="1" m="20727" /><E11/><V122/><F122/><W128/><G128/><T7/><D7/><U104/><E0/><V20/><F95/><W55/><G55/><T45/><D45/><U32/><E32/><V108/><F108/><W21/><G21/><T68/><D59/><U121/><E121/><V49/><F49/><W43/><REACH who="3" step="1"/><G87/><REACH who="3" ten="307,295,191,197" step="2"/><T19/><D6/><U9/><E9/><V116/><F116/><W98/><AGARI ba="0,1" hai="37,38,39,42,43,54,58,62,82,84,89,98,101,105" machi="98" ten="40,7800,0" yaku="1,1,2,1,0,1,53,0" doraHai="30" doraHaiUra="64" who="3" fromWho="3" sc="307,-26,295,-26,191,-26,197,88" /><INIT seed="3,1,0,3,0,7" ten="281,269,165,285" oya="3" hai0="109,56,41,34,135,53,51,72,112,52,92,114,14" hai1="105,124,94,8,42,48,131,102,21,11,81,61,47" hai2="1,79,130,63,111,125,35,5,123,115,107,86,54" hai3="36,78,73,6,27,3,4,77,120,84,0,62,126"/><W2/><G73/><T33/><D109/><U132/><E105/><V31/><F31/><W95/><G36/><T64/><D135/><U85/><E132/><V18/><F18/><W97/><G120/><T122/><D122/><U43/><E43/><V46/><F86/><W25/><G126/><T20/><D72/><U65/><E21/><V45/><F79/><W66/><G25/><T96/><D41/><U15/><E15/><V113/><F54/><W128/><G128/><T29/><D64/><U98/><E124/><V44/><F63/><W99/><G27/><N who="0" m="16615" /><D53/><U17/><E17/><V106/><F5/><W16/><G99/><T57/><D57/><N who="1" m="37039" /><E131/><V117/><F46/><W32/><G32/><T12/><D12/><U50/><E50/><V119/><F45/><W28/><G28/><T74/><D74/><U104/><E104/><V83/><F44/><W26/><G4/><T116/><D116/><U88/><AGARI ba="1,0" hai="8,11,42,47,48,81,85,88,94,98,102" m="37039" machi="88" ten="30,7900,0" yaku="8,1,52,2,54,1" doraHai="7" who="1" fromWho="1" sc="281,-21,269,82,165,-21,285,-40" owari="260,6.0,351,45.0,144,-36.0,245,-15.0" /></mjloggm>