<mjloggm ver="2.3"><GO type="97" lobby="0"/><UN n0="%6B%79%6F%75%6B%6F%75" n1="%69%64%69%6F%74%6F%70" n2="%E5%B0%B1%E6%B4%BB%E7%94%9F%40%E5%B7%9D%E6%9D%91%E8%BB%8D%E5%9B%A3" n3="%E3%81%8A%E3%81%A7%E3%82%93%E3%81%8F%E3%82%93" dan="14,14,15,14" rate="1912.85,1965.49,1960.93,1875.07" sx="M,F,M,M"/><TAIKYOKU oya="0"/><INIT seed="0,0,0,0,4,32" ten="250,250,250,250" oya="0" hai0="63,36,14,8,84,85,17,61,133,15,34,114,55" hai1="109,12,73,31,29,47,7,30,45,20,119,76,89" hai2="127,86,74,107,68,49,93,22,67,103,81,13,11" hai3="71,46,113,94,97,35,112,40,26,70,96,10,48"/><T54/><D114/><U95/><E73/><V3/><F127/><W134/><G134/><T44/><D34/><U100/><E119/><V87/><F68/><W99/><G94/><T101/><D101/><U122/><E76/><V135/><F135/><W110/><G110/><T23/><D133/><U130/><E130/><V115/><F67/><W111/><G111/><T25/><D36/><U5/><E100/><V28/><F115/><W27/><G10/><T75/><D75/><U24/><E122/><V66/><F66/><W9/><G9/><T80/><D84/><U43/><E43/><V62/><F62/><N who="0" m="23562" /><D44/><N who="1" m="16971" /><E12/><N who="0" m="4649" /><D8/><U38/><E38/><V123/><F123/><W72/><G72/><T19/><D19/><N who="1" m="12319" /><E109/><V121/><F74/><W21/><G113/><T79/><AGARI ba="0,0" hai="17,23,25,54,55,79,80,85" m="4649,23562" machi="79" ten="30,1500,0" yaku="8,1" doraHai="32" who="0" fromWho="0" sc="250,15,250,-5,250,-5,250,-5" /><INIT seed="0,1,0,5,5,52" ten="265,245,245,245" oya="0" hai0="123,46,13,50,7,43,55,100,0,29,60,11,6" hai1="15,58,3,111,47,16,87,73,121,115,109,1,79" hai2="127,113,82,28,49,119,17,132,75,97,67,92,72" hai3="31,12,77,98,57,104,135,71,2,126,129,106,61"/><T38/><D123/><U101/><E73/><V25/><F113/><W41/><G2/><T96/><D29/><U105/><E105/><V89/><F119/><W69/><G77/><T56/><D0/><U107/><E107/><V110/><F110/><N who="1" m="41993" /><E121/><V85/><F132/><W36/><G135/><T76/><D76/><U30/><E30/><V21/><F127/><W5/><G126/><T14/><D14/><U59/><E101/><V102/><F67/><W125/><G125/><T116/><D116/><U24/><E24/><V120/><F120/><W26/><G129/><T33/><D33/><U27/><E27/><V133/><F133/><W78/><G78/><T37/><REACH who="0" step="1"/><D6/><REACH who="0" ten="255,245,245,245" step="2"/><U62/><E1/><V9/><F28/><W19/><G5/><T10/><D10/><N who="1" m="6263" /><E3/><V99/><F9/><W90/><G31/><T122/><D122/><U4/><E4/><V8/><F8/><W130/><G12/><T70/><D70/><U32/><E32/><V20/><F20/><W53/><G71/><T48/><D48/><U91/><E79/><V68/><F49/><W34/><G69/><T128/><D128/><U80/><E115/><V35/><F68/><W88/><G130/><T95/><AGARI ba="1,1" hai="7,11,13,37,38,43,46,50,55,56,60,95,96,100" machi="95" ten="20,7800,0" yaku="1,1,0,1,7,1,52,1,53,0" doraHai="52" doraHaiUra="84" who="0" fromWho="0" sc="255,91,245,-27,245,-27,245,-27" /><INIT seed="0,2,0,0,3,73" ten="346,218,218,218" oya="0" hai0="39,53,20,66,123,126,41,97,86,34,14,109,36" hai1="19,32,121,95,25,26,85,105,44,3,7,122,56" hai2="101,84,24,21,5,131,49,62,58,96,79,80,67" hai3="112,9,63,8,87,15,127,110,104,23,76,33,100"/><T48/><D34/><U134/><E105/><V77/><F131/><W115/><G33/><T47/><D123/><U91/><E134/><V119/><F119/><W55/><G127/><T74/><D74/><U106/><E106/><V81/><F5/><W31/><G110/><T94/><D109/><U103/><E103/><V10/><F10/><W59/><G104/><T18/><D126/><U65/><E32/><V118/><F118/><W37/><G37/><T71/><D71/><U16/><E3/><V22/><F49/><W64/><G100/><T12/><D66/><U107/><E7/><V54/><F54/><W42/><G42/><T130/><D130/><U6/><E6/><V93/><F24/><N who="1" m="9321" /><E107/><V27/><REACH who="2" step="1"/><F27/><REACH who="2" ten="346,218,208,218" step="2"/><N who="3" m="16895" /><G115/><T111/><D53/><U68/><E122/><V108/><F108/><W120/><G112/><T11/><D111/><U4/><E121/><V90/><F90/><W102/><G120/><T113/><D113/><U125/><E4/><V46/><F46/><W60/><G102/><T72/><D36/><U69/><E44/><V0/><F0/><W133/><G133/><T92/><D39/><U38/><E38/><V98/><F98/><W135/><G135/><T124/><D97/><U75/><E125/><V2/><F2/><W82/><G15/><T51/><D14/><U128/><E128/><V30/><F30/><W35/><G35/><T89/><D12/><U57/><E65/><V40/><F40/><W61/><G64/><T29/><D41/><U45/><E45/><V70/><F70/><N who="1" m="27241" /><E75/><AGARI ba="2,1" hai="21,22,58,62,67,75,77,79,80,81,84,93,96,101" machi="75" ten="30,7700,0" yaku="1,1,7,1,52,2,53,0" doraHai="73" doraHaiUra="1" who="2" fromWho="1" sc="346,0,218,-83,208,93,218,0" /><INIT seed="1,0,0,4,1,21" ten="346,135,301,218" oya="1" hai0="101,13,112,124,84,88,4,34,70,15,98,131,108" hai1="107,56,37,90,119,32,102,85,73,97,53,110,58" hai2="83,25,86,78,89,71,41,104,80,47,109,59,40" hai3="129,5,63,128,76,24,44,33,36,57,26,92,106"/><U49/><E119/><V103/><F71/><W60/><G33/><T29/><D108/><U114/><E110/><V87/><F109/><W23/><G106/><T8/><D112/><U111/><E111/><V51/><F104/><W55/><G76/><T3/><D70/><U17/><E37/><V14/><F103/><W72/><G72/><T42/><D42/><U38/><E38/><V96/><F96/><W69/><G5/><T64/><D64/><U67/><E73/><V27/><F40/><N who="3" m="22535" /><G23/><T121/><D121/><U43/><E43/><V11/><REACH who="2" step="1"/><F59/><REACH who="2" ten="346,135,291,218" step="2"/><N who="3" m="34943" /><G69/><T74/><D98/><U45/><E114/><V75/><F75/><W77/><G77/><T6/><D101/><U120/><E120/><V52/><F52/><N who="3" m="34215" /><G92/><T0/><D74/><U132/><E132/><V105/><F105/><W68/><G68/><T35/><D3/><U127/><E127/><V61/><F61/><W95/><G95/><T116/><D0/><U99/><E99/><V126/><F126/><W31/><G31/><T118/><D29/><U22/><E67/><V123/><F123/><W100/><G100/><T82/><D124/><U133/><E133/><V117/><F117/><W28/><G28/><T10/><D116/><U20/><E20/><V125/><F125/><W134/><G134/><T39/><D118/><U9/><E9/><V50/><F50/><W19/><G19/><AGARI ba="0,1" hai="11,14,19,25,27,41,47,51,78,80,83,86,87,89" machi="19" ten="30,8000,1" yaku="1,1,7,1,8,1,52,2,53,0" doraHai="21" doraHaiUra="115" who="2" fromWho="3" sc="346,0,135,0,291,90,218,-80" /><INIT seed="2,0,0,2,2,81" ten="346,135,381,138" oya="2" hai0="83,54,8,57,76,6,100,63,120,121,45,49,25" hai1="4,65,95,34,87,68,109,51,5,114,115,86,107" hai2="36,112,40,103,59,135,131,92,62,41,29,72,89" hai3="108,73,37,78,79,125,60,56,24,44,66,129,67"/><V99/><F112/><W58/><G129/><T38/><D100/><U82/><E107/><V35/><F72/><W15/><G125/><T88/><D25/><U98/><E34/><V20/><F131/><W21/><G108/><T105/><D105/><U96/><E68/><V13/><F135/><W124/><G124/><T2/><D38/><U0/><E0/><V134/><F134/><W28/><G15/><T46/><D46/><U117/><E117/><V47/><F40/><W64/><G73/><T104/><D104/><U18/><E65/><V48/><F36/><W93/><G37/><T61/><D61/><U43/><E109/><V106/><F35/><W70/><G44/><T14/><D2/><U116/><E116/><V94/><F89/><W113/><G113/><T26/><D26/><U85/><E114/><V10/><F20/><W3/><G3/><T126/><D126/><U127/><E115/><V90/><F29/><W132/><G132/><T133/><D133/><U39/><E39/><V23/><F23/><W30/><G70/><T128/><D128/><U118/><E118/><V74/><F74/><W91/><G30/><T52/><REACH who="0" step="1"/><D88/><REACH who="0" ten="336,135,381,138" step="2"/><N who="1" m="51255" /><E127/><V119/><F90/><W31/><G31/><T55/><D55/><U19/><E51/><V84/><F119/><W50/><G50/><T53/><D53/><U122/><E122/><V7/><F62/><N who="3" m="37959" /><G66/><T42/><D42/><U102/><E43/><V101/><F41/><W17/><G28/><T80/><D80/><U22/><E98/><AGARI ba="0,1" hai="17,21,24,58,60,67,78,79,91,93,98" m="37959" machi="98" ten="30,1000,0" yaku="8,1" doraHai="81" who="3" fromWho="1" sc="336,0,135,-10,381,0,138,20" /><INIT seed="3,0,0,2,2,11" ten="336,125,381,158" oya="3" hai0="132,131,95,109,119,6,103,47,87,16,125,85,135" hai1="94,133,33,86,64,25,104,28,69,14,38,101,31" hai2="29,118,107,45,129,128,36,97,105,3,108,77,18" hai3="46,22,53,0,50,115,15,20,67,74,76,66,51"/><W117/><G0/><T134/><D119/><U92/><E38/><V122/><F108/><W99/><G117/><T60/><D109/><U91/><E133/><V55/><F3/><W52/><G115/><T9/><D125/><U19/><E31/><V1/><F1/><W116/><G116/><T17/><D131/><N who="2" m="50250" /><F118/><W113/><G113/><T124/><D124/><U96/><E86/><N who="0" m="32777" /><D47/><U56/><E56/><V41/><F122/><W26/><G99/><N who="0" m="59903" /><D60/><U57/><E57/><V106/><F77/><W75/><G76/><T2/><AGARI ba="0,0" hai="2,6,9,16,17,132,134,135" m="59903,32777" machi="2" ten="40,2700,0" yaku="20,1,54,1" doraHai="11" who="0" fromWho="0" sc="336,27,125,-7,381,-7,158,-13" owari="363,16.0,118,-38.0,374,47.0,145,-25.0" /></mjloggm>