<mjloggm ver="2.3"><GO type="169" lobby="0"/><UN n0="%E9%A7%84%E5%A6%B9" n1="%6E%61%6B%61%6A%75%75%6E" n2="%E5%B0%B1%E6%B4%BB%E7%94%9F%40%E5%B7%9D%E6%9D%91%E8%BB%8D%E5%9B%A3" n3="%4B%49%52%49" dan="16,18,16,16" rate="2071.19,2275.84,2050.42,2048.02" sx="F,F,M,M"/><TAIKYOKU oya="0"/><INIT seed="0,0,0,0,1,57" ten="250,250,250,250" oya="0" hai0="123,83,102,115,25,92,32,133,81,107,44,4,41" hai1="17,119,36,120,135,52,117,43,8,5,129,71,59" hai2="63,0,48,37,35,24,80,40,60,15,18,105,38" hai3="94,126,22,51,88,13,125,34,108,114,87,70,82"/><T53/><D115/><U55/><E120/><V90/><F105/><W64/><G108/><T29/><D123/><U130/><E71/><V121/><F0/><W131/><G34/><T46/><D107/><U12/><E135/><V77/><F121/><W54/><G114/><T104/><D104/><U99/><E99/><V16/><F90/><W72/><G131/><N who="1" m="50186" /><E43/><V96/><F96/><W109/><G109/><T28/><D28/><U42/><E42/><V97/><F97/><W112/><G112/><T95/><D102/><U127/><E36/><V98/><F98/><W19/><G70/><T6/><D133/><U78/><E78/><V86/><F48/><W134/><G64/><T85/><D81/><U110/><E110/><V101/><F101/><W74/><G134/><T21/><D32/><U23/><E127/><N who="3" m="48650" /><G82/><T79/><D53/><N who="1" m="20555" /><E59/><AGARI ba="0,0" hai="13,19,22,51,54,59,72,74,87,88,94" m="48650" machi="59" ten="30,3900,0" yaku="25,1,18,1,54,1" doraHai="57" who="3" fromWho="1" sc="250,0,250,-39,250,0,250,39" /><INIT seed="1,0,0,3,5,115" ten="250,211,250,289" oya="1" hai0="111,57,20,65,59,108,17,107,122,4,72,91,70" hai1="28,82,118,75,54,73,129,32,92,2,47,35,51" hai2="96,29,83,97,116,79,89,31,131,128,44,39,87" hai3="0,7,103,9,102,117,53,24,88,62,94,42,16"/><U134/><E118/><V133/><F39/><W38/><G117/><T12/><D72/><U27/><E2/><V60/><F116/><W46/><G62/><N who="0" m="40247" /><D107/><U14/><E134/><V36/><F133/><W41/><G41/><T48/><D122/><U67/><E129/><N who="2" m="49739" /><F60/><W90/><G53/><T125/><D4/><U93/><E35/><V26/><F79/><W84/><REACH who="3" step="1"/><G90/><REACH who="3" ten="250,211,250,279" step="2"/><T124/><D91/><U63/><E14/><V68/><F68/><W34/><G34/><T6/><D48/><U66/><E66/><V43/><F31/><W85/><G85/><T135/><D135/><U45/><E73/><V18/><F18/><W78/><G78/><T101/><D6/><U3/><E3/><V13/><F13/><W25/><G25/><T50/><D50/><U49/><E75/><V114/><F114/><W23/><AGARI ba="0,1" hai="0,7,9,16,23,24,38,42,46,84,88,94,102,103" machi="23" ten="30,7900,0" yaku="1,1,0,1,54,2,53,0" doraHai="115" doraHaiUra="77" who="3" fromWho="3" sc="250,-20,211,-39,250,-20,279,89" /><INIT seed="2,0,0,3,3,26" ten="230,172,230,368" oya="2" hai0="6,83,19,129,135,133,43,15,27,68,36,40,84" hai1="11,99,79,35,117,10,134,106,51,77,23,58,54" hai2="53,111,76,16,1,88,37,119,22,127,92,110,7" hai3="20,60,103,74,85,72,87,3,107,122,0,49,25"/><V97/><F37/><W44/><G122/><T41/><D68/><U80/><E35/><V47/><F119/><W45/><G60/><T130/><D36/><U52/><E117/><V125/><F76/><W48/><G25/><T62/><D62/><U33/><E33/><V101/><F7/><W56/><G56/><T93/><D93/><U32/><E32/><V89/><F1/><W105/><G20/><N who="0" m="11391" /><D27/><U86/><E134/><N who="0" m="51209" /><D6/><U94/><E106/><V14/><F89/><AGARI ba="0,0" hai="40,41,43,83,84,89,129,130" m="51209,11391" machi="89" ten="30,1000,0" yaku="20,1" doraHai="26" who="0" fromWho="2" sc="230,10,172,0,230,-10,368,0" /><INIT seed="3,0,0,1,0,108" ten="240,172,220,368" oya="3" hai0="89,96,4,116,97,12,92,135,109,55,77,39,110" hai1="86,134,34,123,59,5,94,28,127,85,113,19,112" hai2="35,132,48,129,29,1,13,51,91,114,87,37,9" hai3="22,14,121,60,131,81,119,66,17,98,90,44,99"/><W128/><G121/><T126/><D116/><U95/><E123/><V36/><F1/><W25/><G119/><T58/><D39/><U117/><E117/><V50/><F132/><W38/><G25/><T133/><D77/><U84/><E5/><V53/><F129/><N who="3" m="49739" /><G81/><T125/><D97/><U93/><E134/><N who="0" m="51209" /><D12/><U101/><E101/><V105/><F105/><W3/><G3/><T8/><D8/><U23/><E127/><N who="0" m="48649" /><D4/><U75/><E75/><V40/><F37/><W18/><G90/><T83/><D83/><U88/><E88/><V74/><F36/><W80/><G80/><T102/><D102/><U47/><E47/><V43/><F74/><W62/><G44/><T15/><D15/><U76/><E76/><V21/><F91/><W72/><G38/><T118/><D118/><U16/><E59/><V104/><F87/><W71/><G72/><T56/><D56/><U49/><E19/><V120/><F13/><N who="3" m="9519" /><G62/><AGARI ba="0,0" hai="55,58,62,89,92,96,109,110" m="48649,51209" machi="62" ten="30,2000,0" yaku="20,1,18,1" doraHai="108" who="0" fromWho="3" sc="240,20,172,0,220,0,368,-20" /><INIT seed="4,0,0,2,1,11" ten="260,172,220,348" oya="0" hai0="120,114,4,129,118,115,52,130,13,84,124,102,123" hai1="37,60,14,6,85,15,73,111,132,109,135,96,133" hai2="5,98,63,21,59,28,42,93,47,46,19,116,25" hai3="17,3,23,72,53,16,35,117,61,38,27,51,34"/><T80/><D102/><U122/><E122/><N who="0" m="46633" /><D118/><U33/><E33/><V29/><F116/><W22/><G38/><T87/><D124/><U31/><E31/><V134/><F134/><W101/><G117/><T83/><D52/><U65/><E73/><V20/><F5/><W107/><G72/><T131/><D13/><N who="1" m="4619" /><E37/><V55/><F21/><W56/><G3/><T106/><D4/><U44/><E6/><V113/><F113/><N who="0" m="43018" /><D106/><U69/><E44/><N who="2" m="16939" /><F42/><W66/><G107/><T67/><D67/><U18/><E18/><V77/><F77/><W92/><G101/><AGARI ba="0,0" hai="19,20,25,28,29,55,59,63,93,98,101" m="16939" machi="101" ten="30,1000,0" yaku="8,1" doraHai="11" who="2" fromWho="3" sc="260,0,172,0,220,10,348,-10" /><INIT seed="5,0,0,3,4,100" ten="260,172,230,338" oya="1" hai0="126,27,72,127,23,35,43,13,14,73,88,54,38" hai1="25,67,121,79,18,89,117,49,12,42,114,41,63" hai2="45,68,17,48,108,5,92,59,123,80,106,61,113" hai3="110,39,3,98,78,9,135,86,56,119,50,7,60"/><U128/><E117/><V8/><F108/><W34/><G110/><T58/><D35/><U15/><E121/><V28/><F123/><W99/><G39/><T30/><D43/><U29/><E128/><V2/><F68/><W74/><G74/><T19/><D38/><U107/><E114/><V94/><F113/><W84/><G119/><T129/><D129/><U134/><E134/><V69/><F69/><W10/><G34/><T37/><D37/><U105/><E79/><V115/><F106/><W44/><G10/><T111/><D111/><U1/><E1/><V130/><F115/><W124/><G124/><N who="0" m="47659" /><D88/><U82/><E89/><V70/><F70/><W132/><G99/><T4/><D4/><U26/><E82/><V112/><F28/><W133/><G98/><T101/><D101/><U51/><E18/><V31/><F31/><W125/><G78/><T46/><D46/><U52/><E29/><V20/><F80/><W90/><G90/><T85/><D85/><U53/><E63/><V36/><F36/><W109/><G109/><T116/><D116/><U0/><E0/><V97/><F130/><W95/><G125/><T57/><D19/><U6/><REACH who="1" step="1"/><E67/><REACH who="1" ten="260,162,230,338" step="2"/><V75/><F112/><W66/><G66/><T47/><D30/><U87/><E87/><V32/><F75/><W93/><G86/><T21/><D72/><U83/><E83/><V104/><F2/><W76/><G84/><T55/><D73/><U131/><E131/><V96/><F61/><W122/><G76/><T22/><D27/><U64/><E64/><V118/><F17/><W62/><G122/><RYUUKYOKU ba="0,1" sc="260,-10,162,30,230,-10,338,-10" hai1="6,12,15,25,26,41,42,49,51,52,53,105,107" /><INIT seed="5,1,1,4,2,118" ten="250,192,220,328" oya="1" hai0="91,101,15,81,103,58,69,119,32,116,121,126,34" hai1="57,5,43,80,6,88,54,29,59,82,97,56,127" hai2="42,9,117,27,109,36,87,2,1,44,8,135,25" hai3="110,76,108,90,61,7,72,89,113,122,3,78,73"/><U51/><E127/><V111/><F117/><W30/><G122/><T37/><D69/><U21/><E43/><V115/><F135/><W66/><G113/><T100/><D37/><U65/><E65/><V49/><F115/><W70/><G30/><T62/><D126/><U71/><E71/><V63/><F36/><W125/><G125/><T24/><D121/><U98/><E29/><V38/><F38/><W40/><G40/><T12/><D34/><U39/><E39/><V74/><F74/><W23/><G23/><T14/><D32/><U35/><E35/><V132/><F132/><W18/><G18/><T20/><D91/><U95/><E21/><V55/><F8/><N who="3" m="2175" /><G90/><T124/><D81/><N who="1" m="31339" /><E98/><V0/><F87/><W77/><G89/><T4/><D4/><AGARI ba="1,1" hai="4,5,6,51,54,56,57,59,88,95,97" m="31339" machi="4" ten="30,2900,0" yaku="8,1,54,1" doraHai="118" who="1" fromWho="0" sc="250,-32,192,42,220,0,328,0" /><INIT seed="5,2,0,2,5,47" ten="218,234,220,328" oya="1" hai0="94,134,25,78,31,57,130,126,9,80,49,73,17" hai1="129,93,42,117,56,72,60,121,8,118,20,35,19" hai2="65,1,135,68,29,44,101,12,28,54,67,85,96" hai3="81,125,24,15,76,106,87,104,55,33,6,89,108"/><U100/><E72/><V84/><F1/><W21/><G108/><T61/><D130/><U0/><E121/><V5/><F135/><W3/><G125/><T112/><D134/><U97/><E35/><V16/><F5/><W39/><G39/><T27/><D126/><U103/><E42/><V131/><F131/><W120/><G120/><T58/><D112/><U127/><E127/><V51/><F68/><W92/><G3/><T95/><D27/><U59/><E129/><V70/><F70/><W14/><G33/><T105/><D105/><U110/><E110/><V102/><F84/><W132/><G55/><T45/><D17/><U90/><E59/><V71/><F85/><W48/><G132/><T64/><D9/><U38/><E38/><V109/><F109/><W115/><G115/><T88/><D88/><U122/><E122/><V77/><F77/><W40/><G104/><T119/><D57/><U23/><E23/><N who="2" m="11655" /><F71/><W66/><G6/><T22/><REACH who="0" step="1"/><D119/><REACH who="0" ten="208,234,220,328" step="2"/><U32/><E117/><V13/><F13/><W91/><G106/><T52/><AGARI ba="2,1" hai="22,25,31,45,49,52,58,61,64,73,78,80,94,95" machi="52" ten="20,12000,2" yaku="1,1,2,1,0,1,7,1,52,1,54,1,53,1" doraHai="47" doraHaiUra="62" who="0" fromWho="0" sc="208,136,234,-62,220,-32,328,-32" /><INIT seed="6,0,0,4,5,106" ten="344,172,188,296" oya="2" hai0="56,112,110,8,25,125,23,101,53,33,49,128,28" hai1="15,71,52,94,55,81,122,38,134,126,130,60,124" hai2="16,85,6,78,26,75,61,24,44,129,100,57,127" hai3="121,116,27,30,131,1,87,7,36,29,83,9,93"/><V132/><F127/><N who="1" m="48681" /><E38/><V41/><F129/><W102/><G121/><T5/><D110/><U91/><E130/><V97/><F132/><W31/><G116/><T2/><D128/><U118/><E118/><V13/><F6/><W117/><G36/><T19/><D125/><U82/><E134/><V76/><F75/><W35/><G117/><T107/><D112/><U4/><E122/><V32/><F32/><W99/><REACH who="3" step="1"/><G131/><REACH who="3" ten="344,172,188,286" step="2"/><T68/><D68/><U34/><E34/><V92/><F26/><W88/><AGARI ba="0,1" hai="1,7,9,27,29,30,31,35,83,87,88,93,99,102" machi="88" ten="20,8000,1" yaku="1,1,2,1,0,1,7,1,54,1,53,0" doraHai="106" doraHaiUra="70" who="3" fromWho="3" sc="344,-20,172,-20,188,-40,286,90" /><INIT seed="7,0,0,4,3,50" ten="324,152,148,376" oya="3" hai0="97,107,123,130,65,125,82,121,102,17,109,115,44" hai1="52,124,54,23,6,34,49,37,69,111,57,99,24" hai2="39,94,31,116,41,105,68,46,80,18,45,58,40" hai3="76,38,106,101,16,0,53,7,104,21,85,73,13"/><W63/><G73/><T88/><D109/><U67/><E37/><V103/><F116/><W118/><G38/><T127/><D65/><U62/><E111/><V42/><F68/><W78/><G0/><T36/><D17/><N who="1" m="12399" /><E34/><V30/><F105/><W77/><G7/><T129/><D44/><N who="2" m="17002" /><F39/><W12/><G104/><T28/><D36/><U87/><E124/><N who="0" m="47689" /><D28/><N who="2" m="10794" /><F80/><N who="3" m="47255" /><G106/><T56/><D56/><N who="1" m="32847" /><E69/><V96/><F18/><W33/><G33/><T120/><D115/><U61/><E6/><V90/><F58/><N who="3" m="35279" /><G118/><T117/><D117/><U27/><E27/><V19/><F19/><N who="3" m="10471" /><G101/><AGARI ba="0,0" hai="40,41,42,90,94,96,101,103" m="10794,17002" machi="101" ten="30,1000,0" yaku="8,1" doraHai="50" who="2" fromWho="3" sc="324,0,152,0,148,10,376,-10" owari="324,12.0,152,-35.0,158,-24.0,366,47.0" /></mjloggm>