<mjloggm ver="2.3"><GO type="169" lobby="0"/><UN n0="%E8%A1%A8%E8%A3%8F%E8%A3%8F" n1="%E3%82%A6%E3%83%AB%E3%83%88%E3%83%A9%E7%AB%8B%E7%9B%B4" n2="%E5%B7%9D%E6%9D%91%E6%99%83%E8%A3%95" n3="%E5%BC%B1%E8%99%AB" dan="17,17,16,17" rate="2220.98,2201.59,2123.06,2128.93" sx="M,M,M,M"/><TAIKYOKU oya="0"/><INIT seed="0,0,0,0,3,21" ten="250,250,250,250" oya="0" hai0="116,135,31,65,15,51,9,36,91,42,97,121,49" hai1="127,53,122,50,76,17,131,103,117,63,25,94,102" hai2="86,82,20,29,129,78,98,85,6,106,46,75,77" hai3="4,109,10,5,13,80,64,12,44,110,14,67,112"/><T30/><D121/><U107/><E107/><V133/><F133/><W119/><G112/><T66/><D116/><U84/><E122/><V38/><F129/><W8/><G119/><T33/><D135/><U69/><E117/><V32/><F32/><W89/><G44/><T68/><D36/><U73/><E73/><V56/><F6/><W113/><G113/><T45/><D68/><U93/><E131/><V118/><F78/><W70/><G14/><T7/><D49/><U34/><E34/><V104/><F56/><W99/><G70/><T92/><REACH who="0" step="1"/><D33/><REACH who="0" ten="240,250,250,250" step="2"/><U123/><E69/><V24/><F118/><W27/><G110/><T55/><D55/><U47/><E123/><V87/><F38/><W43/><G109/><T16/><D16/><U62/><E17/><V54/><F54/><W18/><G18/><T41/><D41/><U124/><E53/><V108/><F108/><W115/><G115/><T71/><D71/><U74/><E50/><V23/><F46/><W61/><G43/><T96/><D96/><U22/><E47/><V90/><F98/><W105/><G99/><T58/><D58/><U28/><E63/><V11/><F29/><AGARI ba="0,1" hai="7,9,15,29,30,31,42,45,51,65,66,91,92,97" machi="29" ten="40,3900,0" yaku="1,1,8,1,53,0" doraHai="21" doraHaiUra="120" who="0" fromWho="2" sc="240,49,250,0,250,-39,250,0" /><INIT seed="0,1,0,4,4,75" ten="289,250,211,250" oya="0" hai0="68,88,113,90,81,101,9,7,103,67,12,112,74" hai1="126,95,85,2,69,29,129,15,110,108,132,134,52" hai2="23,104,133,45,17,1,93,122,72,62,128,64,70" hai3="3,82,21,123,47,83,96,118,107,79,20,99,65"/><T76/><D101/><U92/><E2/><V60/><F104/><W39/><G118/><T61/><REACH who="0" step="1"/><D103/><REACH who="0" ten="279,250,211,250" step="2"/><U13/><E134/><V0/><F133/><W38/><G123/><T42/><D42/><U51/><E132/><V131/><F122/><W37/><G107/><T22/><D22/><U34/><E126/><V125/><F125/><W66/><G21/><T49/><D49/><U5/><E51/><V63/><F23/><W100/><G100/><T86/><D86/><U35/><E85/><V57/><F131/><W19/><G37/><T50/><D50/><U124/><E124/><V6/><F128/><W84/><G38/><T94/><D94/><U116/><E129/><V10/><F93/><W130/><G130/><T120/><D120/><U18/><E95/><V135/><F135/><W127/><G127/><T119/><D119/><U31/><E92/><V14/><F72/><W55/><G99/><T41/><D41/><U109/><E116/><V115/><F115/><AGARI ba="1,1" hai="7,9,12,61,67,68,74,76,81,88,90,112,113,115" machi="115" ten="40,12000,1" yaku="1,1,52,1,54,1,53,1" doraHai="75" doraHaiUra="58" who="0" fromWho="2" sc="279,133,250,0,211,-123,250,0" /><INIT seed="0,2,0,2,5,24" ten="412,250,88,250" oya="0" hai0="115,72,110,88,66,79,31,32,112,64,107,36,118" hai1="126,20,101,62,37,71,131,77,21,111,0,82,73" hai2="129,35,117,49,94,45,63,128,34,46,22,39,51" hai3="127,8,99,4,30,57,16,52,42,132,44,96,38"/><T85/><D118/><U113/><E0/><V108/><F117/><W134/><G127/><T121/><D121/><U1/><E1/><V43/><F108/><W116/><G116/><T54/><D107/><U123/><E123/><V2/><F2/><W83/><G4/><T102/><D102/><U40/><E111/><V98/><F63/><N who="3" m="36263" /><G30/><T58/><D36/><U61/><E61/><V89/><F22/><W13/><G83/><T3/><D3/><U133/><E20/><V29/><F39/><W19/><G19/><T80/><D110/><U69/><E21/><V14/><F14/><W70/><G70/><T15/><D15/><U18/><E18/><V48/><F48/><W17/><G17/><T33/><D33/><U59/><E126/><V23/><F23/><W100/><G100/><T124/><D124/><U28/><E71/><V97/><F35/><W135/><AGARI ba="2,0" hai="8,13,16,38,42,44,96,99,132,134,135" m="36263" machi="135" ten="30,4000,0" yaku="20,1,54,2" doraHai="24" who="3" fromWho="3" sc="412,-22,250,-12,88,-12,250,46" /><INIT seed="1,0,0,4,2,100" ten="390,238,76,296" oya="1" hai0="128,126,124,80,5,62,54,98,49,127,101,57,7" hai1="93,111,92,55,104,109,28,77,130,13,21,27,108" hai2="17,89,37,72,131,12,105,3,38,82,70,51,31" hai3="58,73,52,34,40,23,133,39,53,48,61,47,94"/><U11/><E77/><V85/><F3/><W1/><G34/><T75/><D128/><U36/><E36/><V20/><F70/><W45/><G73/><T59/><D80/><U97/><E130/><V41/><F131/><W116/><G1/><T63/><D75/><U19/><E55/><V71/><F71/><W74/><G74/><T18/><D18/><U120/><E120/><V8/><F72/><W84/><G23/><T33/><D33/><U95/><REACH who="1" step="1"/><E104/><REACH who="1" ten="390,228,76,296" step="2"/><V32/><F105/><W25/><G116/><T9/><D54/><U24/><E24/><V67/><F38/><W43/><G25/><T6/><D126/><U66/><E66/><V119/><F67/><W79/><G79/><T134/><D127/><U15/><E15/><V103/><F119/><W102/><G53/><T16/><D124/><U68/><E68/><V26/><F37/><W44/><G44/><T46/><D46/><U106/><E106/><V35/><F41/><W125/><G125/><T88/><D134/><U118/><E118/><V91/><F51/><W0/><G0/><T112/><D57/><U2/><E2/><V10/><F26/><W129/><G129/><T78/><D59/><U42/><E42/><V107/><F12/><W65/><G133/><T113/><D78/><U96/><AGARI ba="0,1" hai="11,13,19,21,27,28,92,93,95,96,97,108,109,111" machi="96" ten="40,12000,1" yaku="1,1,0,1,14,1,10,1,53,0" doraHai="100" doraHaiUra="30" who="1" fromWho="1" sc="390,-40,228,130,76,-40,296,-40" /><INIT seed="1,1,0,2,1,112" ten="350,358,36,256" oya="1" hai0="9,111,50,19,49,23,36,1,128,70,119,10,76" hai1="51,56,79,14,85,120,131,44,55,0,98,83,58" hai2="122,121,39,32,6,13,75,71,45,26,8,42,53" hai3="67,5,57,60,72,130,37,108,35,135,99,103,113"/><U86/><E0/><V109/><F71/><W93/><G113/><T54/><D36/><U78/><E120/><V68/><F68/><W15/><G37/><T63/><D128/><U97/><E131/><V129/><F129/><W77/><G130/><T116/><D76/><U88/><E14/><V106/><F106/><W46/><G35/><T95/><D111/><U30/><E30/><V127/><F109/><W123/><G108/><T47/><D95/><N who="1" m="54679" /><E79/><V40/><F127/><W96/><G123/><T115/><D115/><U89/><E89/><V16/><F75/><W24/><G77/><T124/><D124/><U101/><E101/><V38/><F53/><W11/><G72/><T133/><D133/><U27/><E27/><V134/><F134/><W100/><G135/><T81/><D81/><U125/><E125/><V2/><F40/><W110/><G110/><T90/><D90/><U104/><E104/><V84/><F39/><W92/><G24/><T114/><D114/><U22/><E22/><N who="2" m="11535" /><F84/><W48/><G99/><AGARI ba="1,0" hai="44,51,55,56,58,78,83,85,97,98,99" m="54679" machi="99" ten="30,2900,0" yaku="8,1,54,1" doraHai="112" who="1" fromWho="3" sc="350,0,358,32,36,0,256,-32" /><INIT seed="1,2,0,0,1,82" ten="350,390,36,224" oya="1" hai0="68,123,96,91,57,122,31,58,13,120,3,56,38" hai1="9,92,130,11,23,79,61,104,84,5,19,8,21" hai2="60,129,55,95,121,85,66,14,67,10,106,59,30" hai3="89,35,133,7,6,132,34,135,98,42,131,113,80"/><U4/><E104/><V28/><F121/><W115/><G42/><T52/><D3/><U64/><E130/><V47/><F106/><W128/><G98/><T49/><D38/><U41/><E41/><V32/><F129/><N who="3" m="49739" /><G89/><T87/><D68/><U107/><E107/><V78/><F32/><N who="3" m="12331" /><G80/><N who="0" m="49639" /><D31/><N who="2" m="11818" /><F47/><W16/><G16/><T101/><D13/><U71/><E79/><V44/><F44/><W29/><G29/><T111/><D111/><U40/><E40/><V50/><F50/><W2/><G2/><T125/><D125/><U51/><E51/><V110/><F110/><W1/><G1/><T126/><D126/><U33/><E33/><V108/><F108/><W105/><G105/><AGARI ba="2,0" hai="49,52,56,57,58,96,101,105,120,122,123" m="49639" machi="105" ten="30,3900,0" yaku="13,1,52,1,54,1" doraHai="82" who="0" fromWho="3" sc="350,45,390,0,36,0,224,-45" /><INIT seed="2,0,0,0,2,42" ten="395,390,36,179" oya="2" hai0="101,15,107,92,121,125,7,116,65,35,105,59,128" hai1="93,114,111,5,8,45,63,22,58,39,135,61,47" hai2="110,132,131,119,19,21,60,38,84,48,28,79,127" hai3="80,30,86,13,78,23,73,3,31,70,90,134,122"/><V112/><F38/><W29/><G3/><T44/><D121/><U20/><E114/><V120/><F119/><W1/><G1/><T96/><D35/><U133/><E111/><V6/><F112/><W36/><G122/><T27/><D128/><U72/><E72/><V4/><F120/><W51/><G36/><T12/><D125/><U26/><E93/><V82/><F127/><W14/><G70/><T67/><D116/><U99/><E99/><V32/><F131/><W104/><G104/><T2/><D2/><U40/><E61/><V52/><F110/><W64/><G134/><N who="1" m="51210" /><E26/><V124/><F124/><W108/><G108/><T83/><D27/><U46/><E40/><V94/><F132/><W17/><G64/><T130/><D105/><U57/><E39/><V126/><F126/><W89/><G73/><T34/><D107/><U37/><E37/><V129/><F129/><W0/><G0/><T25/><D83/><U118/><E118/><V24/><F60/><W41/><REACH who="3" step="1"/><G13/><REACH who="3" ten="395,390,36,169" step="2"/><T76/><D67/><N who="1" m="39407" /><E58/><V87/><F94/><W62/><G62/><T106/><D106/><U109/><E109/><V10/><F82/><W88/><G88/><T66/><D66/><U117/><E117/><V81/><F81/><W43/><G43/><T56/><D65/><U69/><E69/><V91/><F91/><W18/><G18/><T16/><D130/><U103/><E103/><V102/><F102/><W9/><G9/><T54/><D101/><U85/><E8/><V95/><F10/><W74/><G74/><T33/><D92/><U71/><E71/><V49/><F95/><RYUUKYOKU ba="0,1" sc="395,-10,390,-10,36,-10,169,30" hai3="14,17,23,29,30,31,41,51,78,80,86,89,90" /><INIT seed="3,1,1,3,3,48" ten="385,380,26,199" oya="3" hai0="112,2,49,18,73,3,119,46,95,6,22,10,23" hai1="64,55,93,58,17,40,128,38,15,120,62,41,84" hai2="28,8,39,20,87,36,33,105,85,129,94,1,91" hai3="121,9,102,34,66,16,32,7,81,96,113,13,111"/><W124/><G113/><T100/><D119/><U11/><E38/><V125/><F105/><W78/><G121/><T103/><D112/><U117/><E120/><V53/><F33/><W25/><G124/><T47/><D73/><U80/><E128/><V134/><F129/><W65/><G111/><T54/><D2/><U101/><E117/><V82/><F125/><W60/><G7/><T131/><D131/><U63/><E93/><V52/><F134/><W37/><G37/><T67/><D67/><U79/><REACH who="1" step="1"/><E101/><REACH who="1" ten="385,370,26,199" step="2"/><V99/><F39/><W98/><G102/><T35/><D95/><U97/><E97/><V123/><F36/><W76/><G98/><T118/><D100/><U69/><AGARI ba="1,2" hai="11,15,17,40,41,55,58,62,63,64,69,79,80,84" machi="69" ten="20,5200,0" yaku="1,1,0,1,7,1,52,1,53,0" doraHai="48" doraHaiUra="0" who="1" fromWho="1" sc="385,-14,370,75,26,-14,199,-27" /><INIT seed="4,0,0,4,2,28" ten="371,445,12,172" oya="0" hai0="20,90,113,105,92,22,9,0,46,91,45,24,81" hai1="5,67,66,102,16,49,135,21,112,63,53,134,130" hai2="3,106,39,115,73,95,17,124,98,35,59,33,100" hai3="52,84,78,25,127,104,128,74,123,131,94,37,118"/><T51/><D105/><U126/><E5/><V38/><F17/><W34/><G37/><N who="2" m="13833" /><F95/><W96/><G104/><T18/><D113/><U47/><E112/><V7/><F59/><W44/><G118/><T70/><D70/><U75/><E75/><V86/><F86/><W103/><G123/><T99/><D0/><U110/><E126/><V40/><F40/><W10/><G74/><T19/><D9/><U1/><E1/><V85/><F85/><W121/><G121/><T60/><D60/><U13/><E130/><V42/><F42/><W116/><G116/><T122/><D122/><U133/><E110/><V61/><F115/><W111/><G127/><T108/><D108/><U117/><E117/><V68/><F124/><W58/><G111/><T36/><D36/><U114/><E114/><V120/><F73/><W101/><G44/><T11/><D11/><U12/><E102/><V57/><F57/><W76/><G103/><T83/><D90/><U2/><E2/><V31/><F120/><W56/><G56/><T62/><D62/><U79/><E79/><V32/><F7/><W80/><G76/><T65/><D65/><N who="1" m="24587" /><E63/><V50/><F3/><W69/><G69/><T88/><D91/><U48/><E48/><V72/><F50/><N who="3" m="30999" /><G131/><T41/><REACH who="0" step="1"/><D46/><REACH who="0" ten="361,445,12,172" step="2"/><U132/><E132/><V54/><F68/><W119/><G10/><T107/><D107/><U14/><AGARI ba="0,1" hai="12,13,14,16,21,47,49,53,133,134,135" m="24587" machi="14" ten="40,2700,0" yaku="20,1,54,1" doraHai="28" who="1" fromWho="1" sc="361,-13,445,37,12,-7,172,-7" /><INIT seed="5,0,0,5,5,18" ten="348,482,5,165" oya="1" hai0="22,30,124,14,103,125,105,80,90,6,95,135,11" hai1="34,16,7,91,56,51,68,64,134,101,36,33,66" hai2="70,52,41,38,94,113,19,83,32,75,9,73,118" hai3="21,102,47,17,37,93,104,114,82,69,44,133,29"/><U121/><E7/><V131/><F118/><W116/><G104/><T39/><D135/><U55/><E101/><V10/><F32/><W43/><G69/><T109/><D109/><U85/><E121/><V67/><F94/><W58/><G133/><T35/><D39/><U119/><E119/><V27/><F52/><W53/><G116/><T2/><D105/><U62/><E134/><V129/><F113/><W74/><G29/><T92/><D103/><U26/><E66/><V28/><F41/><W106/><G106/><T15/><D15/><U123/><E36/><V5/><F38/><W0/><G0/><T76/><D90/><U42/><E42/><V111/><F111/><W98/><G114/><T87/><D95/><U122/><E33/><N who="2" m="20639" /><F19/><W117/><G117/><T81/><D92/><U3/><E3/><N who="2" m="191" /><F10/><W20/><G17/><N who="0" m="10551" /><D81/><U25/><E25/><AGARI ba="0,0" hai="2,6,11,25,30,35,76,80,87,124,125" m="10551" machi="25" ten="30,2000,0" yaku="24,1,52,1" doraHai="18" who="0" fromWho="1" sc="348,20,482,-20,5,0,165,0" /><INIT seed="6,0,0,5,2,51" ten="368,462,5,165" oya="2" hai0="118,4,135,55,107,40,18,32,7,67,73,81,129" hai1="10,1,120,30,92,105,19,101,121,79,77,116,132" hai2="62,24,71,90,108,65,114,12,64,68,122,11,33" hai3="58,36,91,37,82,126,78,85,66,104,54,59,72"/><V119/><F119/><W94/><G126/><T44/><D118/><U127/><E105/><V86/><F122/><N who="1" m="47209" /><E116/><V13/><F114/><W38/><G104/><T113/><D129/><U123/><E127/><V61/><F108/><W131/><G131/><T46/><D135/><U96/><E132/><V45/><F45/><W15/><G15/><T63/><D113/><U69/><E69/><V23/><F33/><W8/><G8/><T133/><D133/><U102/><E102/><V31/><F11/><W111/><G111/><T70/><D107/><U57/><E30/><V22/><F22/><W20/><G20/><T5/><D32/><U49/><E123/><V103/><F103/><W28/><G28/><T100/><D100/><U76/><E19/><V109/><F109/><W47/><G66/><T50/><D18/><U42/><E57/><V124/><F124/><W128/><G128/><T34/><D34/><U84/><E49/><V2/><F2/><W17/><G17/><T56/><D44/><U75/><E42/><V83/><AGARI ba="0,0" hai="12,13,23,24,31,61,62,64,65,68,71,83,86,90" machi="83" ten="20,3900,0" yaku="0,1,7,1,9,1" doraHai="51" who="2" fromWho="2" sc="368,-13,462,-13,5,39,165,-13" /><INIT seed="6,1,0,0,1,50" ten="355,449,44,152" oya="2" hai0="113,112,75,64,23,14,7,8,86,58,92,90,100" hai1="5,115,107,51,98,135,84,123,94,111,16,102,29" hai2="53,0,36,57,79,44,4,114,74,48,126,104,17" hai3="52,89,31,45,39,33,26,25,66,93,81,101,35"/><V77/><F104/><W78/><G101/><T96/><D75/><U85/><E111/><V121/><F121/><W122/><G122/><T88/><D112/><U24/><E115/><V73/><F114/><W32/><G66/><T125/><D125/><U72/><E72/><V6/><F126/><W47/><G39/><T22/><D113/><U132/><E5/><V99/><F99/><W110/><G110/><T34/><D34/><U2/><E2/><V61/><F36/><W117/><G117/><T20/><D64/><U129/><E123/><V118/><F118/><W54/><G47/><T106/><D106/><U37/><E37/><V68/><F68/><W65/><G65/><T62/><D62/><U9/><E51/><V131/><F131/><W130/><G130/><T128/><D58/><U59/><E59/><V3/><F73/><W87/><G45/><T10/><D128/><U91/><E85/><V134/><F134/><N who="1" m="51241" /><E129/><V13/><F0/><W49/><G49/><T27/><D10/><U105/><E9/><N who="2" m="6319" /><F3/><W55/><REACH who="3" step="1"/><G31/><REACH who="3" ten="355,449,44,142" step="2"/><T28/><D100/><U83/><E29/><V1/><F1/><W42/><G42/><T82/><AGARI ba="1,1" hai="7,8,14,20,22,23,27,28,82,86,88,90,92,96" machi="82" ten="20,5200,0" yaku="0,1,7,1,8,1,54,1" doraHai="50" who="0" fromWho="0" sc="355,65,449,-14,44,-27,142,-14" /><INIT seed="7,0,0,5,5,36" ten="420,435,17,128" oya="3" hai0="129,108,67,96,86,60,98,33,40,71,26,34,87" hai1="41,111,120,84,46,18,79,56,52,23,24,104,22" hai2="119,106,112,42,89,12,0,48,1,114,50,54,113" hai3="80,75,32,44,21,16,8,14,102,73,11,19,109"/><W68/><G32/><T97/><D108/><U94/><E104/><V59/><F106/><W62/><G102/><T4/><D129/><U130/><E111/><V81/><F119/><W124/><G109/><T76/><D4/><U70/><E70/><V5/><F12/><W95/><G124/><T58/><D71/><U131/><E120/><V115/><N who="2" m="28672" /><DORA hai="66" /><V123/><F123/><W7/><G95/><T31/><D76/><U10/><E10/><V121/><F121/><W105/><G105/><T74/><D74/><U29/><E94/><V30/><F30/><W13/><G44/><T101/><D101/><U61/><E84/><V127/><F127/><W35/><G35/><T122/><D122/><U64/><E64/><V15/><F15/><W25/><G80/><T39/><REACH who="0" step="1"/><D33/><REACH who="0" ten="410,435,17,128" step="2"/><U38/><REACH who="1" step="1"/><E79/><REACH who="1" ten="410,425,17,128" step="2"/><V43/><F5/><W82/><REACH who="3" step="1"/><G82/><REACH who="3" ten="410,425,17,118" step="2"/><T3/><D3/><N who="2" m="1098" /><F50/><W45/><G45/><AGARI ba="0,3" hai="26,31,34,39,40,45,58,60,67,86,87,96,97,98" machi="45" ten="40,8000,1" yaku="1,1,52,1,53,2" doraHai="36,66" doraHaiUra="107,83" who="0" fromWho="3" sc="410,110,425,0,17,0,118,-80" owari="520,61.0,425,23.0,17,-48.0,38,-36.0" /></mjloggm>