<mjloggm ver="2.3"><GO type="169" lobby="0"/><UN n0="%E2%80%A0%73%74%72%61%77%E2%80%A0" n1="%70%69%2D%70%6F" n2="%E3%83%88%E3%83%88%E3%83%AA%E5%85%88%E7%94%9F%31%39%E6%AD%B3" n3="%E3%81%86%E3%81%AA%E3%81%8E" dan="16,18,18,16" rate="2111.85,2266.31,2252.83,2084.09" sx="M,M,F,F"/><TAIKYOKU oya="0"/><INIT seed="0,0,0,3,5,59" ten="250,250,250,250" oya="0" hai0="109,46,2,54,45,72,62,116,85,53,130,105,0" hai1="50,120,84,33,6,94,12,30,63,52,135,34,21" hai2="66,131,27,97,68,26,16,110,13,64,70,129,101" hai3="23,99,69,24,76,86,98,95,108,37,14,18,57"/><T19/><D72/><U90/><E120/><V114/><F114/><W91/><G69/><T42/><D105/><U48/><E135/><V77/><F77/><W89/><G37/><T31/><D116/><U81/><E34/><V88/><F110/><W47/><G108/><T93/><D31/><U8/><E33/><V107/><F70/><W104/><G104/><T7/><D130/><N who="2" m="49674" /><F88/><W29/><G47/><T102/><D109/><U103/><E103/><V78/><F78/><W87/><G57/><T41/><D2/><U123/><E123/><V132/><F132/><W79/><G76/><T9/><D0/><U32/><E32/><V60/><F66/><W92/><REACH who="3" step="1"/><G79/><REACH who="3" ten="250,250,250,240" step="2"/><T115/><D45/><U82/><E81/><V20/><AGARI ba="0,1" hai="13,16,20,26,27,60,64,68,97,101,107" m="49674" machi="20" ten="30,4000,0" yaku="19,1,52,1,54,1" doraHai="59" who="2" fromWho="2" sc="250,-20,250,-10,250,50,240,-10" /><INIT seed="1,0,0,2,2,135" ten="230,240,300,230" oya="1" hai0="125,20,71,128,117,83,27,29,76,127,115,10,118" hai1="59,56,70,6,89,24,73,99,35,98,108,54,109" hai2="67,104,90,112,61,111,7,79,81,49,33,88,46" hai3="78,16,107,84,85,95,11,28,36,45,12,123,80"/><U15/><E73/><V119/><F119/><W14/><G107/><T130/><D71/><U57/><E70/><V55/><F104/><W13/><G28/><T34/><D115/><U134/><E134/><V113/><F33/><W39/><G123/><T19/><D10/><N who="1" m="4567" /><E89/><V72/><F111/><N who="1" m="42569" /><E54/><V66/><F66/><W82/><G95/><T1/><D1/><U62/><E62/><V114/><REACH who="2" step="1"/><F7/><REACH who="2" ten="230,240,290,230" step="2"/><W93/><G39/><T9/><D118/><U126/><E126/><N who="0" m="48137" /><D117/><U47/><E47/><V25/><F25/><W116/><G36/><T124/><D124/><U44/><E44/><V48/><F48/><W5/><G45/><T92/><D92/><U103/><E103/><V50/><F50/><W18/><G93/><T74/><D9/><U42/><E42/><V2/><F2/><W94/><G94/><T68/><D68/><AGARI ba="0,1" hai="46,49,55,61,67,68,72,79,81,88,90,112,113,114" machi="68" ten="40,8000,1" yaku="1,1,11,1,54,1,53,1" doraHai="135" doraHaiUra="64" who="2" fromWho="0" sc="230,-80,240,0,290,90,230,0" /><INIT seed="2,0,0,5,1,127" ten="150,240,380,230" oya="2" hai0="6,118,51,94,17,14,60,64,125,92,122,68,126" hai1="106,84,130,27,40,33,46,79,23,74,26,93,71" hai2="10,97,132,5,75,86,0,35,109,121,62,96,43" hai3="128,30,76,119,129,2,101,12,90,99,111,91,54"/><V56/><F121/><W108/><G2/><T38/><D122/><U73/><E71/><V13/><F35/><W77/><G30/><T58/><D38/><U104/><E33/><V81/><F132/><W50/><G119/><T21/><D118/><U87/><E93/><V32/><F32/><W1/><G1/><T102/><D6/><U83/><E130/><N who="3" m="50282" /><G12/><T44/><D68/><U39/><E84/><V131/><F131/><W88/><G54/><T113/><D113/><U24/><REACH who="1" step="1"/><E23/><REACH who="1" ten="150,230,380,230" step="2"/><V9/><F86/><W59/><G59/><T82/><D82/><U25/><N who="1" m="6144" /><DORA hai="53" /><U7/><E7/><V123/><F56/><W37/><G37/><T89/><D102/><U63/><E63/><V98/><F62/><W80/><G50/><T49/><D94/><U133/><E133/><V72/><F5/><W36/><G36/><T105/><D105/><AGARI ba="0,1" hai="39,40,46,73,74,79,83,87,104,105,106" m="6144" machi="105" ten="50,6400,0" yaku="1,1,53,2" doraHai="127,53" doraHaiUra="114,107" who="1" fromWho="0" sc="150,-64,230,74,380,0,230,0" /><INIT seed="3,0,0,5,3,44" ten="86,304,380,230" oya="3" hai0="91,85,25,32,36,51,21,5,41,34,131,122,96" hai1="125,94,53,47,110,117,83,45,3,92,56,80,19" hai2="35,77,73,114,16,7,82,28,15,97,57,22,81" hai3="13,68,49,6,30,37,27,115,18,112,88,33,10"/><W12/><G37/><T4/><D122/><U70/><E70/><V84/><F114/><W74/><G68/><T76/><D36/><U121/><E3/><V42/><F42/><W111/><G74/><T126/><D126/><U87/><E121/><V38/><F38/><W128/><G128/><T0/><D131/><U61/><E110/><V52/><F7/><W118/><G118/><T75/><D75/><U135/><E135/><V124/><F124/><W101/><G101/><T113/><D113/><U104/><E104/><V62/><F97/><W71/><G71/><T133/><D133/><U119/><E125/><V17/><F17/><W48/><G111/><T107/><D0/><U130/><E130/><V99/><F99/><W40/><G40/><T106/><D32/><U24/><E80/><V129/><F129/><W93/><G112/><T50/><D34/><U55/><E24/><V100/><F100/><W1/><G13/><T134/><D106/><U90/><E19/><V39/><F39/><W14/><G14/><T120/><D107/><U26/><E26/><V54/><F35/><W102/><G102/><T63/><D120/><U65/><E117/><V69/><F69/><W29/><G29/><T31/><D134/><U8/><E119/><V105/><F105/><W66/><G115/><T9/><D63/><U46/><E8/><V109/><F28/><W64/><G64/><T103/><D103/><U59/><REACH who="1" step="1"/><E65/><REACH who="1" ten="86,294,380,230" step="2"/><N who="2" m="39119" /><F109/><W79/><G66/><T23/><D9/><U86/><E86/><V123/><F123/><W108/><G108/><T72/><D85/><U89/><E89/><AGARI ba="0,1" hai="15,16,22,52,54,73,77,81,82,84,89" m="39119" machi="89" ten="30,3900,0" yaku="6,1,54,2" doraHai="44" who="2" fromWho="1" sc="86,0,294,-39,380,49,230,0" /><INIT seed="4,0,0,3,1,12" ten="86,255,429,230" oya="0" hai0="58,91,117,42,33,110,50,109,104,129,81,57,111" hai1="134,25,94,45,99,115,113,48,29,5,86,53,87" hai2="1,51,67,89,18,56,116,46,31,70,135,39,90" hai3="127,15,0,83,76,16,4,75,44,132,26,3,43"/><T13/><D104/><U130/><E5/><V24/><F1/><W133/><G127/><T69/><D117/><U84/><E130/><V41/><F116/><W2/><G26/><T85/><D129/><U96/><E134/><V54/><F135/><N who="3" m="51787" /><G4/><T61/><D33/><N who="1" m="20655" /><E94/><V35/><F18/><W27/><G27/><T23/><D69/><U10/><E10/><V59/><F59/><W6/><G6/><T7/><D61/><AGARI ba="0,0" hai="24,31,35,39,41,46,51,54,56,61,67,70,89,90" machi="61" ten="40,2600,0" yaku="24,2" doraHai="12" who="2" fromWho="0" sc="86,-26,255,0,429,26,230,0" /><INIT seed="5,0,0,3,2,25" ten="60,255,455,230" oya="1" hai0="32,10,18,84,13,95,82,2,115,79,57,14,30" hai1="1,133,96,41,112,22,42,26,62,19,117,7,126" hai2="31,127,135,34,67,83,12,81,68,64,123,104,91" hai3="103,47,61,110,17,100,48,49,132,27,108,3,87"/><U21/><E117/><V4/><F123/><W5/><G132/><T93/><D115/><U45/><E112/><V50/><F104/><W119/><G119/><T51/><D2/><U97/><E133/><V70/><F135/><W66/><G5/><T109/><D109/><U120/><E120/><V111/><F111/><W33/><G3/><T15/><D15/><U46/><E126/><V6/><F127/><W102/><G87/><T9/><D32/><U38/><E62/><V37/><F50/><W53/><G49/><T86/><D86/><U128/><E128/><V43/><F12/><W23/><REACH who="3" step="1"/><G33/><REACH who="3" ten="60,255,455,220" step="2"/><T29/><D93/><U16/><E7/><V78/><F34/><W56/><AGARI ba="0,1" hai="17,23,27,47,48,53,56,61,66,100,102,103,108,110" machi="56" ten="30,7900,0" yaku="1,1,2,1,0,1,53,1" doraHai="25" doraHaiUra="55" who="3" fromWho="3" sc="60,-20,255,-39,455,-20,220,89" /><INIT seed="6,0,0,5,4,99" ten="40,216,435,309" oya="2" hai0="101,52,118,74,80,48,77,91,126,13,119,20,73" hai1="33,108,111,83,54,7,132,69,24,134,105,2,110" hai2="51,22,3,27,109,37,60,76,45,14,116,67,9" hai3="68,23,66,34,135,98,133,40,36,10,90,44,17"/><V8/><F116/><W0/><G34/><T79/><D126/><U120/><E69/><V96/><F37/><W104/><G66/><T89/><D20/><U92/><E105/><V117/><F117/><N who="0" m="44554" /><D13/><U5/><E120/><V97/><F109/><W55/><G68/><T32/><D32/><U6/><E83/><V113/><F113/><W123/><G55/><T39/><D39/><U82/><E82/><V56/><F76/><N who="0" m="29258" /><D52/><U87/><E54/><N who="2" m="30063" /><F3/><W11/><G123/><T72/><D48/><U121/><E121/><V115/><F115/><W25/><G0/><T71/><D80/><U112/><E112/><V28/><F8/><W127/><G127/><T129/><D71/><U125/><E125/><V94/><F94/><N who="3" m="56663" /><G104/><T16/><D16/><AGARI ba="0,0" hai="9,14,16,22,27,28,56,60,67,96,97" m="30063" machi="16" ten="30,2900,0" yaku="8,1,54,1" doraHai="99" who="2" fromWho="0" sc="40,-29,216,0,435,29,309,0" /><INIT seed="6,1,0,5,2,103" ten="11,216,464,309" oya="2" hai0="9,48,42,16,99,97,1,60,31,78,87,81,62" hai1="46,117,30,23,75,63,104,52,107,28,131,114,105" hai2="129,49,132,14,123,56,27,80,70,61,86,122,47" hai3="11,119,73,121,74,92,6,113,68,109,93,55,58"/><V50/><F70/><W95/><G119/><T108/><D108/><U66/><E117/><V19/><F129/><W24/><G109/><T135/><D135/><U112/><E131/><V13/><F132/><W72/><G68/><T0/><D0/><U130/><E130/><V5/><F122/><W41/><G41/><T39/><D39/><U125/><E125/><V8/><F27/><W89/><G24/><T115/><D115/><N who="1" m="44075" /><E75/><V59/><F123/><W102/><G102/><T90/><D1/><U2/><E23/><N who="2" m="11767" /><F61/><W79/><G121/><T17/><D31/><U91/><E91/><N who="2" m="51655" /><F50/><W40/><G79/><T88/><D42/><AGARI ba="1,0" hai="5,8,13,42,47,49,56,59" m="51655,11767" machi="42" ten="30,1500,0" yaku="8,1" doraHai="103" who="2" fromWho="0" sc="11,-18,216,0,464,18,309,0" owari="-7,-51.0,216,-18.0,482,58.0,309,11.0" /></mjloggm>