<mjloggm ver="2.3"><GO type="169" lobby="0"/><UN n0="%E3%81%92%E3%82%93%E3%81%9F%E3%82%8D%EF%BD%9E" n1="%E3%83%95%E3%83%AB%E3%82%BC%E3%83%B3%E3%83%84" n2="%31%30%30%27%73" n3="%E3%82%A6%E3%83%AB%E3%83%88%E3%83%A9%E7%AB%8B%E7%9B%B4" dan="17,16,16,17" rate="2174.72,2115.49,2074.03,2155.73" sx="M,M,M,M"/><TAIKYOKU oya="0"/><INIT seed="0,0,0,4,0,38" ten="250,250,250,250" oya="0" hai0="94,121,79,53,83,104,132,111,90,110,11,65,4" hai1="41,25,73,29,118,49,125,99,18,35,119,3,72" hai2="66,48,39,93,28,60,58,10,75,113,32,97,55" hai3="8,56,82,37,69,108,122,88,26,115,95,71,133"/><T87/><D121/><U78/><E3/><V44/><F75/><W34/><G115/><T45/><D65/><U30/><E125/><V129/><F113/><W131/><G122/><T92/><D104/><U20/><E99/><V130/><F10/><W102/><G131/><T43/><D53/><U22/><E22/><V59/><F28/><W91/><G37/><T23/><D23/><U84/><E84/><V70/><F32/><W128/><G128/><N who="2" m="49257" /><F39/><W81/><G133/><T5/><D94/><U124/><E124/><V42/><F55/><W127/><G127/><T47/><D47/><U40/><E30/><V0/><F0/><W101/><G34/><T15/><D5/><U54/><E73/><V64/><F64/><W126/><G126/><T67/><D67/><U9/><E9/><V117/><F117/><W17/><G8/><T21/><D21/><U63/><E118/><V134/><F134/><W51/><G17/><T89/><D132/><U6/><E6/><V27/><F27/><W116/><G26/><T114/><D114/><U12/><E119/><V24/><F24/><W77/><G116/><T36/><REACH who="0" step="1"/><D90/><AGARI ba="0,0" hai="42,44,48,58,59,60,66,70,90,93,97" m="49257" machi="90" ten="30,2000,0" yaku="19,1,52,1" doraHai="38" who="2" fromWho="0" sc="250,-20,250,0,250,20,250,0" /><INIT seed="1,0,0,3,5,38" ten="230,250,270,250" oya="1" hai0="2,64,66,130,96,44,59,40,37,88,95,33,18" hai1="118,110,105,94,119,8,69,90,17,45,32,121,70" hai2="97,10,104,103,85,41,106,76,78,65,54,11,135" hai3="61,62,132,5,3,42,122,126,29,116,21,75,67"/><U77/><E105/><V91/><F106/><W52/><G75/><T108/><D33/><U55/><E32/><V84/><F65/><W73/><G73/><T114/><D114/><U92/><E121/><V79/><F135/><W125/><G122/><T86/><D2/><U82/><E110/><V31/><F31/><W30/><G132/><T120/><D120/><U115/><E115/><V80/><F54/><W27/><G30/><T13/><D108/><U23/><E8/><V47/><REACH who="2" step="1"/><F85/><REACH who="2" ten="230,250,260,250" step="2"/><W58/><G67/><T53/><D130/><U6/><E119/><V109/><F109/><W0/><G116/><T56/><D86/><U131/><E118/><V57/><F57/><W134/><G134/><T133/><D59/><U117/><E117/><V124/><F124/><W74/><G74/><T43/><D133/><U111/><E111/><V50/><AGARI ba="0,1" hai="10,11,41,47,50,76,78,79,80,84,91,97,103,104" machi="50" ten="30,4000,0" yaku="1,1,0,1,52,1,53,0" doraHai="38" doraHaiUra="16" who="2" fromWho="2" sc="230,-10,250,-20,260,50,250,-10" /><INIT seed="2,0,0,2,4,47" ten="220,230,310,240" oya="2" hai0="75,117,24,121,14,1,113,80,61,86,22,73,129" hai1="9,71,101,99,119,90,7,83,68,106,38,87,8" hai2="59,45,60,29,102,64,19,0,48,51,34,33,74" hai3="107,91,127,92,108,37,67,81,30,96,40,18,84"/><V58/><F74/><W11/><G127/><T3/><D121/><U97/><E38/><V112/><F112/><W49/><G108/><T31/><D113/><U44/><E119/><V17/><F0/><W54/><G67/><T63/><D117/><U131/><E131/><V12/><F102/><W28/><G107/><T130/><D75/><U41/><E99/><V82/><F82/><W35/><G35/><T111/><D73/><U76/><E90/><V56/><F19/><W124/><G124/><T133/><D111/><U110/><E110/><V79/><F79/><W109/><G109/><T94/><D94/><U13/><REACH who="1" step="1"/><E9/><REACH who="1" ten="220,220,310,240" step="2"/><V36/><F36/><W32/><G37/><T5/><D130/><U65/><E65/><V122/><F122/><W78/><G32/><T105/><D129/><U4/><E4/><V70/><F34/><W115/><G115/><T21/><D5/><U55/><E55/><V103/><F33/><W27/><G40/><T16/><D22/><U132/><E132/><V23/><F103/><W135/><G135/><T15/><D133/><U66/><E66/><V134/><F134/><W26/><G11/><T50/><D21/><U42/><E42/><V95/><F64/><W126/><G126/><T100/><D100/><U10/><E10/><V104/><F23/><W57/><G18/><T88/><D16/><U62/><E62/><V118/><F17/><W52/><G54/><T89/><D63/><U85/><E85/><V77/><F118/><W2/><G52/><T125/><D125/><U93/><E93/><V6/><F95/><W72/><G92/><RYUUKYOKU ba="0,1" sc="220,-10,220,30,310,-10,240,-10" hai1="7,8,13,41,44,68,71,76,83,87,97,101,106" /><INIT seed="3,1,1,0,1,22" ten="210,250,300,230" oya="3" hai0="96,130,99,39,17,38,90,109,14,113,9,134,79" hai1="20,5,52,3,1,132,2,51,135,126,30,12,35" hai2="21,37,75,64,129,100,122,89,8,104,48,123,98" hai3="16,67,42,47,92,63,69,23,107,133,44,25,112"/><W77/><G107/><T103/><D109/><U19/><E126/><V84/><F37/><W88/><G133/><N who="1" m="51274" /><E51/><V55/><F129/><W50/><G77/><T40/><D134/><U10/><E52/><V105/><F75/><W119/><G119/><T108/><D108/><U101/><E101/><V68/><F8/><W15/><G47/><T120/><D120/><U49/><E49/><V71/><F104/><W70/><G112/><T85/><D130/><U56/><E56/><N who="2" m="32871" /><F21/><W43/><G43/><T62/><D113/><U76/><E76/><V110/><F64/><W26/><REACH who="3" step="1"/><G70/><REACH who="3" ten="210,250,300,220" step="2"/><T87/><D79/><U117/><E117/><V86/><F110/><W93/><G93/><T29/><D40/><U61/><E61/><V46/><F46/><W83/><G83/><T91/><D62/><U65/><E65/><V41/><F41/><W53/><G53/><T13/><D39/><U94/><E94/><N who="2" m="54583" /><F71/><W97/><AGARI ba="1,2" hai="15,16,23,25,26,42,44,50,63,67,69,88,92,97" machi="97" ten="20,18000,2" yaku="1,1,0,1,7,1,52,2,54,2,53,0" doraHai="22" doraHaiUra="28" who="3" fromWho="3" sc="210,-61,250,-61,300,-61,220,203" /><INIT seed="3,2,0,2,3,83" ten="149,189,239,423" oya="3" hai0="72,135,55,46,121,5,30,67,17,6,119,27,111" hai1="22,84,47,9,14,24,44,124,79,78,134,77,80" hai2="129,69,101,58,98,133,122,3,66,93,104,26,15" hai3="37,85,95,64,10,48,45,86,16,41,36,128,20"/><W92/><G128/><T0/><D72/><U7/><E134/><V110/><F3/><W1/><G64/><T112/><D67/><U53/><E124/><V43/><F133/><W103/><G37/><T68/><D68/><U12/><E12/><V132/><F132/><W33/><G33/><T4/><D135/><U23/><E23/><V60/><F129/><W40/><G36/><T59/><D119/><U42/><E53/><V89/><F110/><W94/><G103/><T120/><D0/><U82/><E82/><V25/><F122/><W49/><G10/><T91/><D111/><U50/><E47/><V63/><F43/><W18/><G1/><T75/><D75/><U35/><E35/><V108/><F15/><N who="3" m="9247" /><G18/><AGARI ba="2,0" hai="7,9,14,18,22,24,42,44,50,77,78,79,80,84" machi="18" ten="30,8000,1" yaku="7,1,25,2,8,1,52,1" doraHai="83" who="1" fromWho="3" sc="149,0,189,86,239,0,423,-86" /><INIT seed="4,0,0,2,3,6" ten="149,275,239,337" oya="0" hai0="39,41,135,31,126,3,64,99,91,37,77,66,72" hai1="82,68,28,134,12,94,55,47,104,123,102,16,122" hai2="125,61,45,88,49,1,52,86,110,105,127,26,43" hai3="130,98,111,93,40,73,7,33,117,34,0,81,2"/><T121/><D121/><U36/><E68/><V9/><F110/><W101/><G117/><T75/><D3/><U114/><E134/><V42/><F105/><W21/><G2/><T56/><D135/><U13/><E104/><V51/><F26/><W109/><G130/><T14/><D31/><U63/><E28/><V119/><F61/><W53/><G53/><T70/><D70/><U46/><E114/><V103/><F103/><W22/><G22/><T8/><D126/><N who="2" m="48138" /><F51/><W11/><G21/><T67/><D56/><U83/><E123/><V95/><F119/><W89/><G40/><T48/><D48/><U97/><E122/><V19/><F19/><W69/><G69/><T20/><D20/><N who="1" m="11271" /><E36/><V23/><F23/><W58/><G58/><T129/><D129/><U54/><E63/><V132/><F132/><W133/><G133/><T62/><D62/><U35/><E35/><V76/><F76/><N who="3" m="44175" /><G34/><T5/><D77/><U65/><E65/><V112/><F112/><W108/><G33/><T50/><D39/><U10/><E47/><V74/><F74/><W115/><G115/><T85/><D37/><U18/><E46/><V96/><F86/><N who="3" m="52407" /><G111/><T60/><D60/><U57/><E57/><V78/><F78/><W84/><G84/><T4/><D85/><U38/><E38/><V17/><F17/><W90/><G90/><T44/><REACH who="0" step="1"/><D5/><AGARI ba="0,0" hai="1,5,9,42,43,45,49,52,88,95,96" m="48138" machi="5" ten="30,7700,0" yaku="18,1,52,1,54,2" doraHai="6" who="2" fromWho="0" sc="149,-77,275,0,239,77,337,0" /><INIT seed="5,0,0,4,2,21" ten="72,275,316,337" oya="1" hai0="45,66,77,28,113,105,34,122,104,61,124,74,80" hai1="130,56,31,19,2,93,57,119,33,51,24,106,87" hai2="44,99,52,50,88,13,84,6,135,110,48,27,5" hai3="126,4,108,20,30,107,98,120,60,23,58,37,55"/><U38/><E38/><V39/><F39/><W73/><G73/><T78/><D113/><U91/><E106/><V100/><F110/><W89/><G120/><T32/><D122/><U103/><E2/><V115/><F135/><W47/><G108/><T131/><D131/><U127/><E119/><V97/><F115/><W7/><G126/><T36/><D78/><U111/><E111/><V134/><F134/><W83/><G107/><N who="0" m="41035" /><D124/><U43/><E103/><V35/><F13/><W109/><G109/><T54/><D54/><U67/><E130/><V22/><F35/><W41/><G23/><T69/><D28/><U86/><E127/><V14/><F50/><W53/><G53/><T128/><D128/><U129/><E129/><V116/><F116/><W102/><G102/><T95/><D95/><U16/><E87/><V76/><F76/><W96/><G96/><N who="2" m="36937" /><F14/><W59/><G59/><T79/><D77/><U25/><E31/><N who="2" m="17911" /><F100/><W3/><G3/><T63/><D63/><N who="1" m="38375" /><E33/><V9/><F9/><W82/><G98/><T101/><D101/><U68/><E68/><V17/><F17/><N who="1" m="6729" /><E57/><V75/><F75/><W12/><G12/><T133/><D133/><U0/><E0/><V118/><F118/><W65/><G65/><T62/><D62/><U125/><E125/><V112/><F112/><W81/><G89/><T90/><D90/><U29/><E29/><V15/><F15/><W114/><G114/><T72/><D72/><U10/><E10/><V42/><F42/><AGARI ba="0,0" hai="32,34,36,42,45,61,66,69,74,79,80" m="41035" machi="42" ten="30,2000,0" yaku="33,2" doraHai="21" who="0" fromWho="2" sc="72,20,275,0,316,-20,337,0" /><INIT seed="6,0,0,0,4,63" ten="92,275,296,337" oya="2" hai0="77,124,121,70,109,30,56,23,78,26,57,50,16" hai1="9,76,125,118,80,116,134,74,66,32,61,24,34" hai2="97,103,45,94,6,99,35,15,33,17,10,19,96" hai3="117,67,83,40,48,36,113,20,39,18,128,112,73"/><V95/><F45/><N who="3" m="25639" /><G117/><T14/><D70/><U81/><E134/><V1/><F97/><W79/><G67/><T115/><D109/><U104/><E104/><V60/><F60/><W85/><G85/><T106/><D121/><U131/><E131/><V4/><F4/><W41/><G41/><T53/><D106/><U64/><E125/><V132/><F132/><W91/><G91/><T108/><D108/><U2/><E81/><V38/><F38/><W110/><G110/><T88/><D124/><U133/><E133/><V107/><F107/><W31/><G31/><T105/><D105/><U84/><E84/><V29/><F29/><W25/><G128/><T8/><D115/><AGARI ba="0,0" hai="18,20,25,36,39,73,79,83,112,113,115" m="25639" machi="115" ten="30,2000,0" yaku="15,1,11,1" doraHai="63" who="3" fromWho="0" sc="92,-20,275,0,296,0,337,20" /><INIT seed="7,0,0,0,4,74" ten="72,275,296,357" oya="3" hai0="41,100,48,117,88,26,97,67,6,29,82,79,118" hai1="80,124,103,134,72,110,55,114,46,109,61,0,93" hai2="64,34,39,50,122,31,76,49,52,11,77,24,45" hai3="7,57,25,36,38,83,2,108,106,51,96,120,13"/><W14/><G14/><T85/><D67/><U119/><E0/><V53/><F39/><W44/><G13/><T84/><D6/><U115/><E61/><V65/><F122/><W60/><G25/><T95/><D48/><U32/><E32/><V127/><F127/><W1/><G1/><T73/><D41/><U70/><E70/><V71/><F11/><W63/><G60/><T78/><D26/><U125/><E55/><V18/><F18/><W116/><G57/><T56/><D56/><U105/><E46/><V107/><F107/><W101/><G63/><T42/><D42/><U133/><E119/><V68/><F24/><W5/><G116/><T12/><D12/><U30/><E30/><V104/><F104/><W129/><G106/><T59/><D59/><U3/><E3/><V40/><F40/><W90/><G2/><T9/><D9/><U27/><E27/><V15/><F15/><W86/><G38/><T126/><D29/><U37/><E37/><V66/><F31/><W10/><G36/><T130/><D126/><N who="1" m="48747" /><E105/><V4/><F34/><W54/><G7/><T111/><D111/><N who="1" m="42507" /><E93/><V35/><F35/><W128/><G108/><T81/><D130/><U113/><E103/><V132/><F4/><W20/><G5/><T112/><D112/><U19/><E19/><V91/><F65/><W47/><G54/><T98/><D98/><U33/><E33/><V99/><F99/><W92/><G96/><T89/><D89/><U131/><E131/><V16/><F16/><W58/><G129/><T23/><D23/><U62/><E62/><V43/><F68/><RYUUKYOKU ba="0,0" sc="72,15,275,15,296,-15,357,-15" hai0="73,78,79,81,82,84,85,88,95,97,100,117,118" hai1="72,80,113,114,115,133,134" owari="87,-41.0,290,9.0,281,-12.0,342,44.0" /></mjloggm>