<mjloggm ver="2.3"><GO type="169" lobby="0"/><UN n0="%E3%82%A6%E3%83%AB%E3%83%88%E3%83%A9%E7%AB%8B%E7%9B%B4" n1="%E3%81%BD%E3%81%BA%E3%82%93%E3%81%B4%E3%82%93" n2="%E3%82%B7%E3%83%B3%E3%83%87%E3%83%AB%E3%83%A9" n3="%6C%6F%4A%61%73%6B%69%6E" dan="17,16,16,17" rate="2204.57,2093.14,2068.51,2169.08" sx="M,M,M,M"/><TAIKYOKU oya="0"/><INIT seed="0,0,0,5,2,122" ten="250,250,250,250" oya="0" hai0="35,92,4,81,48,108,7,24,36,124,69,67,21" hai1="89,34,82,8,98,66,86,18,87,99,5,59,80" hai2="115,135,13,109,44,49,60,118,68,90,53,107,71" hai3="25,134,42,46,70,17,6,27,106,127,9,125,55"/><T58/><D36/><U131/><E34/><V95/><F115/><W72/><G72/><T85/><D35/><U105/><E18/><V52/><F109/><W83/><G106/><T111/><D69/><U14/><E105/><V51/><F135/><W119/><G134/><T2/><D92/><U45/><E131/><V103/><F118/><W33/><G119/><T38/><D38/><U88/><E45/><V116/><F116/><W129/><G70/><T126/><D2/><U113/><E113/><V93/><F107/><W75/><G55/><N who="0" m="32103" /><D67/><U62/><AGARI ba="0,0" hai="5,8,14,59,62,66,80,82,86,87,88,89,98,99" machi="62" ten="30,7900,0" yaku="0,1,9,1,8,1,54,1" doraHai="122" who="1" fromWho="1" sc="250,-39,250,79,250,-20,250,-20" /><INIT seed="1,0,0,3,2,69" ten="211,329,230,230" oya="1" hai0="94,5,1,46,40,59,95,88,132,110,62,3,71" hai1="117,17,30,78,99,12,85,18,35,47,80,63,38" hai2="10,73,19,77,58,23,107,105,16,119,43,14,128" hai3="8,50,64,129,124,56,31,93,116,9,102,98,115"/><U7/><E117/><V75/><F119/><W25/><G115/><T83/><D71/><U33/><E99/><V131/><F43/><W20/><G129/><N who="2" m="49737" /><F58/><W29/><G124/><T108/><D132/><U134/><E134/><V48/><F48/><W74/><G74/><N who="2" m="28169" /><F77/><W72/><G72/><T70/><D70/><U51/><E63/><V86/><F86/><W28/><G116/><T90/><D83/><U41/><E38/><V0/><F0/><W65/><G65/><T22/><D59/><U34/><REACH who="1" step="1"/><E30/><REACH who="1" ten="211,319,230,230" step="2"/><N who="3" m="11882" /><G50/><T111/><D62/><AGARI ba="0,1" hai="8,9,20,25,31,56,62,64,93,98,102" m="11882" machi="62" ten="30,2000,0" yaku="25,1,8,1" doraHai="69" who="3" fromWho="0" sc="211,-20,319,0,230,0,230,30" /><INIT seed="2,0,0,1,2,92" ten="191,319,230,260" oya="2" hai0="134,104,106,100,47,57,128,110,82,55,26,62,41" hai1="131,46,130,22,116,97,35,7,81,86,42,108,77" hai2="93,43,78,6,125,17,23,9,90,98,3,129,11" hai3="45,124,24,87,79,54,83,107,94,66,4,65,69"/><V44/><F129/><N who="1" m="49161" /><E35/><V118/><F125/><W16/><G107/><T19/><D128/><U72/><E116/><V96/><F118/><W40/><G69/><T119/><D110/><U33/><E33/><V56/><F78/><W50/><G4/><T8/><D134/><U102/><E7/><V28/><F28/><W14/><G24/><T60/><D119/><U88/><E22/><V49/><F56/><W31/><G31/><T67/><D82/><N who="1" m="45351" /><E46/><V120/><F120/><W13/><G13/><T10/><D106/><N who="1" m="63823" /><E42/><V1/><F98/><W103/><G40/><T64/><D26/><U15/><E15/><V127/><F127/><W99/><G124/><T59/><D19/><U58/><E58/><V101/><F101/><W95/><G95/><T53/><D100/><U38/><E38/><V132/><F132/><W0/><G0/><T74/><D104/><U117/><E117/><V111/><F111/><AGARI ba="0,0" hai="81,86,88,108,111" m="63823,45351,49161" machi="111" ten="30,8000,1" yaku="19,1,34,2,52,1,54,1" doraHai="92" who="1" fromWho="2" sc="191,0,319,80,230,-80,260,0" /><INIT seed="3,0,0,2,1,43" ten="191,399,150,260" oya="3" hai0="45,79,128,84,63,5,75,90,49,126,107,21,112" hai1="117,80,83,42,18,86,73,17,132,115,51,96,27" hai2="29,87,58,14,50,13,1,48,95,88,116,23,120" hai3="2,111,123,122,113,70,64,57,11,91,46,47,78"/><W97/><G113/><T35/><D35/><U69/><E69/><V4/><F116/><W16/><G78/><T31/><D107/><U124/><E115/><V26/><F120/><W54/><G70/><T41/><D112/><U39/><E124/><V0/><F0/><W44/><G2/><T20/><D126/><U61/><E39/><V36/><F36/><W59/><G111/><T40/><D128/><U131/><E132/><V103/><F103/><W56/><G64/><T76/><D75/><U102/><E73/><V127/><F127/><W68/><G68/><T77/><D5/><U19/><E131/><V3/><F3/><W62/><G123/><T38/><D31/><U130/><E61/><V93/><F93/><N who="3" m="56511" /><G122/><T125/><D125/><U129/><E117/><V100/><F100/><W60/><G54/><T10/><D38/><U119/><E119/><V81/><F95/><W118/><G118/><T12/><D41/><U99/><E27/><V6/><F1/><W67/><G67/><T72/><D72/><U33/><E33/><V52/><REACH who="2" step="1"/><F50/><REACH who="2" ten="191,399,140,260" step="2"/><W109/><G109/><T22/><D63/><U135/><E130/><V15/><AGARI ba="0,1" hai="4,6,13,14,15,23,26,29,48,52,58,81,87,88" machi="15" ten="30,12000,2" yaku="1,1,2,1,0,1,8,1,54,2,53,0" doraHai="43" doraHaiUra="98" who="2" fromWho="2" sc="191,-30,399,-30,140,130,260,-60" /><INIT seed="4,0,0,1,4,75" ten="161,369,270,200" oya="0" hai0="87,130,120,90,61,84,2,117,125,20,46,58,129" hai1="37,9,47,64,44,110,66,18,71,98,134,107,127" hai2="128,94,92,21,4,39,73,74,16,89,35,34,86" hai3="78,27,57,109,102,65,99,95,83,50,77,131,25"/><T1/><D120/><U17/><E110/><V43/><F128/><N who="0" m="49258" /><D117/><U112/><E127/><V79/><F4/><W19/><G131/><T63/><D125/><U108/><E108/><V132/><F132/><W10/><G109/><T85/><D46/><U51/><E134/><V40/><F94/><W56/><G57/><T96/><D20/><U12/><E71/><V22/><F22/><W6/><G6/><T26/><D26/><N who="3" m="9737" /><G83/><T115/><D115/><U123/><E123/><V104/><F104/><W32/><G32/><T59/><D90/><U100/><E112/><V30/><F30/><W118/><G118/><T135/><D96/><U67/><E37/><V49/><F39/><W48/><G19/><T97/><D97/><U103/><E98/><V23/><F23/><W28/><G10/><T41/><D41/><U70/><E107/><V76/><F73/><W53/><G28/><T13/><D13/><N who="1" m="7343" /><E70/><V72/><F72/><W62/><G65/><N who="0" m="39095" /><D135/><U119/><E119/><V88/><F35/><W3/><G3/><T116/><D116/><U5/><E5/><V122/><F34/><W0/><G0/><T60/><D60/><U81/><E81/><N who="2" m="49231" /><F122/><W38/><G38/><T93/><D93/><U14/><E14/><N who="2" m="9367" /><F74/><W11/><G11/><T105/><D105/><U33/><E33/><V8/><F8/><W133/><G133/><T7/><D7/><U42/><E47/><N who="2" m="25831" /><F43/><W124/><G124/><T36/><D36/><U29/><E29/><V106/><F106/><W45/><G45/><T91/><D91/><U69/><E69/><V80/><F80/><W15/><G15/><RYUUKYOKU ba="0,0" sc="161,0,369,0,270,0,200,0" hai0="1,2,59,63,84,85,87" hai1="12,18,42,44,51,64,66,67,100,103" hai2="76,79,89,92" hai3="48,50,53,56,62,77,78,95,99,102" /><INIT seed="4,1,0,3,5,43" ten="161,369,270,200" oya="0" hai0="119,134,35,122,19,11,13,107,12,51,17,16,86" hai1="91,61,121,70,84,124,90,98,67,46,28,65,2" hai2="34,126,1,30,99,42,115,77,81,49,116,125,117" hai3="106,55,45,41,68,96,105,26,101,129,69,44,20"/><T82/><D122/><U14/><E2/><V93/><F115/><W133/><G133/><T97/><D119/><N who="2" m="45642" /><F1/><W78/><G129/><T5/><D134/><U103/><E124/><V64/><F64/><W131/><G131/><T29/><D35/><U63/><E121/><V102/><F30/><W62/><G78/><T94/><D29/><U72/><E72/><N who="2" m="43175" /><F34/><W135/><G106/><T85/><D107/><U127/><E127/><V66/><F66/><W76/><G76/><T104/><D104/><U89/><E14/><V40/><F40/><W39/><G135/><T7/><D82/><U50/><E28/><V108/><F108/><W47/><G68/><T18/><D51/><U109/><E109/><V75/><F75/><W33/><G33/><T79/><D79/><U123/><E123/><V32/><F32/><W53/><G69/><T92/><D92/><U130/><E130/><V52/><F42/><W100/><G100/><T111/><D111/><U110/><E110/><V37/><F37/><W31/><REACH who="3" step="1"/><G55/><REACH who="3" ten="161,369,270,190" step="2"/><T36/><N who="0" m="4096" /><DORA hai="48" /><T38/><D86/><U118/><E118/><V0/><F0/><W27/><G27/><T54/><D85/><U4/><E84/><V88/><F102/><W8/><G8/><T113/><D54/><U112/><E103/><V10/><F10/><W23/><G23/><T74/><D11/><U83/><E70/><V9/><F9/><W21/><G21/><T3/><D113/><U60/><E112/><V71/><F71/><W73/><G73/><T15/><D74/><U120/><E67/><V6/><F6/><N who="0" m="2058" /><D3/><U24/><E65/><RYUUKYOKU ba="1,1" sc="161,10,369,-30,270,10,190,10" hai0="12,13,15,36,38,94,97" hai2="49,52,88,93,99,125,126" hai3="20,26,31,39,41,44,45,47,53,62,96,101,105" /><INIT seed="4,2,1,3,5,0" ten="171,339,280,200" oya="0" hai0="95,105,17,89,16,118,91,84,99,75,130,32,122" hai1="37,97,61,68,79,4,112,28,12,10,80,41,128" hai2="133,113,51,88,126,70,103,59,132,9,24,107,90" hai3="67,65,116,71,44,29,62,101,42,120,50,7,64"/><T109/><D122/><U73/><E128/><V98/><F113/><W53/><G116/><T26/><D118/><U119/><E119/><V39/><F126/><W74/><G74/><T11/><D130/><U18/><E28/><V19/><F39/><N who="3" m="21599" /><G29/><T115/><D115/><U58/><E68/><V14/><F70/><W129/><G101/><T15/><D75/><U77/><E112/><V123/><F123/><W124/><G7/><T27/><D109/><U69/><E69/><V13/><F24/><N who="0" m="9258" /><D105/><U31/><E31/><V121/><F121/><W43/><G120/><T131/><D32/><U40/><E79/><V25/><F25/><W82/><G82/><N who="0" m="49303" /><D131/><U55/><E97/><V60/><F51/><W36/><G129/><T5/><AGARI ba="2,1" hai="5,11,15,16,17,91,95,99" m="49303,9258" machi="5" ten="30,6000,0" yaku="8,1,52,1,54,1" doraHai="0" who="0" fromWho="0" sc="171,76,339,-22,280,-22,200,-22" /><INIT seed="4,3,0,5,2,67" ten="247,317,258,178" oya="0" hai0="14,43,4,13,116,105,117,106,32,53,73,81,3" hai1="76,1,47,38,31,103,92,56,93,107,55,90,109" hai2="17,59,29,40,69,86,35,113,112,22,51,65,131" hai3="85,57,87,45,46,42,25,129,75,70,19,108,62"/><T119/><D32/><U102/><E1/><V74/><F74/><W115/><G108/><T60/><D3/><U2/><E2/><V130/><F35/><W125/><G75/><T27/><D43/><U39/><E109/><V89/><F29/><W84/><G129/><N who="2" m="49161" /><F40/><W23/><G115/><T30/><D4/><U72/><E31/><V99/><F99/><W118/><G118/><T63/><D73/><U96/><E47/><V123/><F69/><W52/><G125/><T8/><D81/><U44/><E44/><V134/><F134/><W120/><G120/><T132/><D132/><U41/><E41/><V36/><F36/><W9/><G70/><T18/><D14/><U77/><E77/><V127/><F127/><W21/><G9/><T54/><D27/><U122/><E122/><V50/><F123/><W48/><G45/><T5/><D30/><U95/><E76/><V82/><F65/><W12/><REACH who="3" step="1"/><G87/><REACH who="3" ten="247,317,258,168" step="2"/><T79/><D117/><U78/><E72/><V101/><F86/><W33/><G33/><T80/><D119/><U68/><E68/><V15/><F113/><W61/><G61/><T100/><D116/><U124/><E124/><V6/><F112/><W49/><G49/><T58/><D63/><U126/><E126/><V135/><F51/><W91/><G91/><T24/><D60/><U66/><E78/><V114/><F50/><W64/><G64/><T97/><D58/><U34/><E66/><V133/><F114/><W104/><G104/><T88/><D106/><N who="1" m="63815" /><E34/><V111/><F135/><W110/><G110/><T7/><D79/><U26/><E107/><RYUUKYOKU ba="3,1" sc="247,-10,317,-10,258,-10,168,30" hai3="12,19,21,23,25,42,46,48,52,57,62,84,85" /><INIT seed="5,4,1,1,4,10" ten="237,307,248,198" oya="1" hai0="100,47,25,83,57,33,109,77,44,46,39,96,79" hai1="95,51,9,68,118,5,38,73,60,32,23,86,67" hai2="62,107,21,128,122,41,6,16,82,8,132,24,120" hai3="92,7,119,101,78,116,127,40,52,89,22,76,135"/><U125/><E73/><V14/><F132/><W11/><G135/><T124/><D109/><U94/><E38/><V117/><F128/><W104/><G40/><T31/><D124/><U43/><E32/><V126/><F126/><W134/><G134/><T129/><D129/><U13/><E118/><N who="3" m="45098" /><G101/><T59/><D39/><U108/><E125/><V98/><F117/><W64/><G104/><T112/><D112/><U106/><E106/><V102/><F41/><W56/><G22/><T61/><D83/><U45/><E108/><V115/><F115/><W34/><G64/><T15/><D15/><U110/><E110/><V88/><REACH who="2" step="1"/><F62/><REACH who="2" ten="237,307,238,198" step="2"/><N who="3" m="36103" /><G127/><T130/><D130/><U84/><E23/><V35/><F35/><W69/><G34/><T91/><D33/><U0/><E0/><V20/><F20/><W80/><G69/><T30/><D61/><U63/><E63/><V12/><F12/><N who="3" m="5247" /><G80/><T48/><D25/><U58/><E68/><V55/><F55/><W42/><G42/><T121/><D121/><U1/><E1/><V87/><AGARI ba="4,2" hai="6,8,14,16,21,24,82,87,88,98,102,107,120,122" machi="87" ten="30,12000,2" yaku="1,1,0,1,52,1,54,2,53,1" doraHai="10" doraHaiUra="99" who="2" fromWho="2" sc="237,-34,307,-64,238,152,198,-34" /><INIT seed="6,0,0,5,4,50" ten="203,243,390,164" oya="2" hai0="40,2,92,94,12,99,33,72,89,61,38,27,28" hai1="45,84,132,113,31,44,37,134,87,120,4,9,46" hai2="13,55,7,35,127,104,119,88,97,126,58,1,86" hai3="133,20,5,3,102,64,101,100,93,17,90,22,130"/><V117/><F1/><W91/><G133/><N who="1" m="51306" /><E37/><V122/><F122/><W80/><G130/><T54/><D2/><N who="1" m="151" /><E113/><V62/><F35/><W109/><G109/><T29/><D72/><U26/><E120/><V75/><F75/><W65/><G5/><T76/><D76/><U59/><E59/><V114/><F114/><W95/><G3/><T53/><D29/><U36/><E36/><V43/><F43/><W106/><G106/><T39/><D39/><U111/><E111/><V42/><F42/><W47/><G47/><N who="1" m="12034" /><U112/><DORA hai="66" /><E112/><V8/><F97/><W24/><G80/><T115/><D115/><U32/><AGARI ba="0,0" hai="26,31,32,84,87" m="12034,151,51306" machi="32" ten="40,1500,0" yaku="20,1" doraHai="50,66" who="1" fromWho="1" sc="203,-4,243,15,390,-7,164,-4" /><INIT seed="7,0,0,2,4,13" ten="199,258,383,160" oya="3" hai0="105,22,8,37,28,118,60,63,27,102,15,30,16" hai1="93,124,65,134,42,114,41,115,131,14,64,2,79" hai2="53,49,25,92,133,89,62,4,72,38,75,5,122" hai3="34,78,24,26,11,112,84,87,57,73,82,99,40"/><W51/><G112/><N who="1" m="43050" /><E2/><V19/><F38/><W31/><G26/><T88/><D37/><U76/><E124/><V59/><F133/><W101/><G11/><T67/><D102/><U52/><E131/><V130/><F122/><W9/><G9/><T100/><D105/><U0/><E0/><V110/><F110/><W81/><G81/><T95/><D100/><U6/><E93/><V56/><F75/><W3/><G3/><T21/><D118/><U113/><N who="1" m="43058" /><U121/><DORA hai="97" /><E121/><V32/><F32/><W106/><REACH who="3" step="1"/><G57/><REACH who="3" ten="199,258,383,150" step="2"/><T18/><D27/><U70/><E134/><V103/><F59/><W90/><G90/><T66/><D8/><N who="1" m="4375" /><E70/><V61/><F56/><W85/><G85/><T77/><D88/><U20/><E79/><V96/><F89/><W12/><G12/><T1/><D1/><U135/><E76/><V104/><F25/><W129/><G129/><T98/><D77/><U54/><E135/><V116/><F130/><W71/><G71/><T109/><D15/><U44/><E44/><AGARI ba="0,1" hai="24,31,34,40,44,51,73,78,82,84,87,99,101,106" machi="44" ten="40,3900,0" yaku="1,1,52,1,53,0" doraHai="13,97" doraHaiUra="123,91" who="3" fromWho="1" sc="199,0,258,-39,383,0,150,49" /><INIT seed="7,1,0,4,4,27" ten="199,219,383,199" oya="3" hai0="31,107,30,40,76,70,90,35,60,100,97,50,39" hai1="66,19,11,56,34,7,92,47,51,53,14,131,126" hai2="33,72,85,80,96,32,129,52,124,43,87,3,8" hai3="95,9,119,45,134,29,98,89,16,132,71,103,58"/><W79/><G71/><T117/><D117/><U28/><E131/><V12/><F3/><W83/><G119/><T125/><D39/><U54/><E126/><V115/><F72/><W13/><G45/><T81/><D90/><U23/><E66/><V69/><F69/><W130/><G130/><T106/><D106/><U99/><E34/><V116/><F116/><W41/><G41/><T24/><D31/><U17/><E28/><V73/><F73/><W123/><G123/><T86/><D125/><U4/><E19/><V105/><F124/><W91/><G58/><T21/><D21/><U82/><E82/><V25/><F43/><W68/><G68/><T74/><D74/><U109/><E109/><V5/><F115/><W110/><G29/><T128/><D128/><U62/><E11/><V65/><F65/><W127/><G127/><T1/><D1/><U84/><E84/><V38/><F38/><W22/><G9/><T55/><D40/><U77/><E77/><V37/><F37/><W42/><G42/><T102/><D102/><AGARI ba="1,0" hai="4,7,14,17,23,47,51,53,54,56,62,92,99,102" machi="102" ten="30,2000,0" yaku="7,1,8,1" doraHai="27" who="1" fromWho="0" sc="199,-23,219,23,383,0,199,0" owari="176,-32.0,242,4.0,383,48.0,199,-20.0" /></mjloggm>