<mjloggm ver="2.3"><GO type="225" lobby="0"/><UN n0="%E3%83%88%E3%83%88%E3%83%AA%E5%85%88%E7%94%9F%31%39%E6%AD%B3" n1="%E5%A4%95%E5%8F%A2%E9%9C%A7%E9%A6%99" n2="%E3%82%B7%E3%83%AB%E3%83%90%E3%83%BC%2F%E9%8A%80" n3="%E7%B7%8B%E3%81%84%E7%8C%AB%EF%BC%9E%EF%BC%9C%EF%BC%81" dan="16,16,16,16" rate="2137.43,2077.25,2103.72,2044.07" sx="F,F,M,F"/><TAIKYOKU oya="0"/><INIT seed="0,0,0,3,4,135" ten="250,250,250,250" oya="0" hai0="50,16,3,52,69,121,83,38,115,134,1,104,106" hai1="40,46,39,31,76,10,63,88,77,120,2,80,54" hai2="113,95,107,18,32,47,30,11,111,117,85,125,89" hai3="64,37,13,84,72,116,53,127,26,34,61,44,97"/><T49/><D115/><U62/><E120/><V87/><F107/><W109/><G72/><T129/><D121/><U99/><E31/><V86/><F117/><W12/><G116/><T94/><D38/><U110/><E110/><V51/><F111/><W124/><G109/><T92/><D69/><U71/><E71/><V93/><F113/><W21/><G34/><T119/><D119/><U42/><E42/><V24/><F11/><W59/><G97/><T81/><D129/><U126/><E126/><N who="3" m="48170" /><G84/><T98/><D98/><U19/><E54/><V23/><F125/><W55/><G37/><T108/><D108/><U65/><E65/><V5/><F5/><W48/><G53/><T96/><D96/><U4/><BYE who="0" /><E76/><V67/><F67/><W33/><G33/><T118/><D118/><U131/><E131/><V17/><F32/><UN n0="%E3%83%88%E3%83%88%E3%83%AA%E5%85%88%E7%94%9F%31%39%E6%AD%B3" /><W0/><G0/><T43/><D52/><U133/><E133/><V128/><F128/><W8/><G8/><T105/><D105/><U45/><E99/><V102/><F102/><W130/><G130/><T15/><D134/><U57/><E39/><V112/><F112/><W103/><G103/><T29/><D43/><U122/><E10/><V79/><F79/><W90/><G90/><T58/><D1/><U132/><E88/><N who="2" m="53407" /><F85/><W25/><G25/><T75/><D3/><U35/><E77/><V41/><AGARI ba="0,0" hai="17,18,23,24,30,41,47,51,86,89,95" m="53407" machi="41" ten="30,2000,0" yaku="8,1,54,1" doraHai="135" who="2" fromWho="2" sc="250,-10,250,-5,250,20,250,-5" /><INIT seed="1,0,0,0,3,19" ten="240,245,270,245" oya="1" hai0="79,109,65,71,63,7,24,113,66,47,38,11,108" hai1="112,70,33,128,15,133,107,89,51,86,76,105,119" hai2="36,59,118,77,131,111,52,20,126,43,28,0,78" hai3="104,90,10,31,23,84,121,57,93,97,30,98,95"/><U50/><E112/><V18/><F0/><W56/><G121/><T45/><D113/><U8/><E119/><V62/><F118/><W61/><G104/><T3/><D66/><U120/><E33/><V103/><F28/><W67/><G10/><T91/><D38/><U116/><E116/><V83/><F111/><N who="0" m="42570" /><D79/><U4/><E120/><V12/><F131/><W100/><G97/><T58/><D71/><U74/><E70/><V9/><F126/><W80/><G56/><T87/><D24/><U64/><E64/><V134/><F134/><W102/><G102/><T117/><D117/><U96/><E133/><V29/><F83/><AGARI ba="0,0" hai="3,7,11,45,47,58,63,65,83,87,91" m="42570" machi="83" ten="30,1000,0" yaku="14,1" doraHai="19" who="0" fromWho="2" sc="240,10,245,0,270,-10,245,0" /><INIT seed="2,0,0,1,0,120" ten="250,245,260,245" oya="2" hai0="23,113,56,123,83,92,41,80,115,50,10,82,125" hai1="28,78,89,129,60,26,134,45,16,32,61,15,43" hai2="21,118,103,90,93,12,63,101,17,2,106,85,51" hai3="73,27,133,88,96,76,36,114,100,104,91,1,24"/><V18/><F118/><W29/><G36/><T132/><D123/><U55/><E134/><V81/><F2/><W19/><G133/><T22/><D132/><U128/><E78/><V30/><F30/><W52/><G114/><T135/><D135/><U8/><E89/><V119/><F119/><W94/><G1/><T66/><D125/><U4/><E4/><V87/><F106/><W107/><G19/><T116/><D116/><U69/><E55/><V74/><F74/><W117/><G117/><T35/><D35/><U6/><E6/><V38/><F38/><W53/><G91/><T57/><D10/><U34/><E34/><V11/><F63/><W124/><G107/><T68/><D68/><U75/><E75/><V79/><REACH who="2" step="1"/><F51/><REACH who="2" ten="250,245,250,245" step="2"/><W5/><G124/><T62/><D113/><U0/><E0/><V108/><F108/><W102/><G29/><T42/><D115/><U54/><E61/><V105/><F105/><W70/><G104/><T33/><D50/><U109/><E109/><V84/><F84/><W64/><G73/><T112/><D112/><U111/><E111/><V46/><F46/><W110/><G110/><T49/><D49/><U25/><E60/><V95/><F95/><W130/><G94/><T31/><D92/><U37/><E37/><V59/><F59/><W47/><G47/><T122/><D57/><U48/><E69/><V86/><F86/><W131/><G70/><T97/><D122/><U99/><E28/><V44/><F44/><W71/><G71/><T58/><D58/><U9/><E45/><V121/><F121/><W39/><G39/><RYUUKYOKU ba="0,1" sc="250,-10,245,-10,250,30,245,-10" hai2="11,12,17,18,21,79,81,85,87,90,93,101,103" /><INIT seed="2,1,1,3,5,36" ten="240,235,280,235" oya="2" hai0="109,110,129,106,10,121,113,96,38,60,48,102,19" hai1="87,98,69,1,84,9,3,62,91,95,52,104,118" hai2="132,58,41,65,59,17,127,79,135,86,0,134,44" hai3="55,24,40,7,123,105,6,43,18,49,72,92,111"/><V22/><F0/><W81/><G105/><T50/><D113/><U16/><E118/><V112/><F112/><W70/><G70/><T77/><D121/><U108/><E108/><N who="0" m="41577" /><D129/><U35/><E35/><V30/><F30/><W80/><G111/><T101/><D38/><U126/><E126/><V89/><F79/><W33/><G123/><T37/><D37/><U63/><E63/><V125/><F65/><W128/><G128/><T14/><D102/><U75/><E75/><V107/><F107/><W21/><G33/><T42/><D42/><N who="3" m="15913" /><G92/><T103/><D103/><U114/><E114/><V100/><F100/><W85/><G72/><T64/><D77/><U39/><E39/><N who="2" m="21567" /><F125/><W66/><G66/><T20/><D20/><U29/><E69/><AGARI ba="1,1" hai="10,14,19,48,50,60,64,69,96,101,106" m="41577" machi="69" ten="30,1000,0" yaku="14,1" doraHai="36" who="0" fromWho="1" sc="240,23,235,-13,280,0,235,0" /><INIT seed="3,0,0,5,1,48" ten="263,222,280,235" oya="3" hai0="65,47,122,72,88,78,34,44,130,119,30,69,27" hai1="104,74,50,9,75,8,16,49,135,107,112,102,116" hai2="63,83,39,2,117,97,57,123,11,53,5,4,111" hai3="118,131,25,101,132,38,22,79,26,12,54,95,55"/><W58/><G38/><T37/><D119/><U41/><E112/><V60/><F117/><W13/><G118/><T67/><D122/><U73/><E116/><V94/><F39/><W3/><G3/><T0/><D0/><U90/><E135/><V87/><F111/><W110/><G132/><T100/><D130/><U89/><E102/><V32/><F32/><W120/><G120/><T24/><D100/><U6/><E6/><V23/><F23/><W42/><G42/><T59/><D69/><U21/><E41/><V17/><F17/><N who="3" m="12495" /><G131/><T51/><D78/><U96/><E21/><V82/><F4/><W68/><G68/><T36/><D72/><U40/><E40/><V91/><F123/><W46/><G79/><T31/><D51/><N who="1" m="19467" /><E96/><V29/><F29/><W125/><G110/><T52/><D34/><U61/><E61/><V20/><F63/><N who="3" m="36311" /><G125/><T134/><D134/><U92/><E104/><V127/><F127/><W86/><G26/><T113/><D113/><U81/><E107/><V99/><F20/><W115/><G115/><T84/><D37/><U114/><E114/><V124/><F124/><W106/><G106/><T19/><D36/><U33/><E33/><V77/><F83/><W71/><G71/><T28/><D30/><U93/><E81/><V98/><AGARI ba="0,0" hai="2,5,11,53,57,60,77,82,87,91,94,97,98,99" machi="98" ten="20,2700,0" yaku="0,1,7,1,52,1" doraHai="48" who="2" fromWho="2" sc="263,-7,222,-7,280,27,235,-13" owari="256,6.0,215,-28.0,307,40.0,222,-18.0" /></mjloggm>