<mjloggm ver="2.3"><GO type="169" lobby="0"/><UN n0="%E3%82%A6%E3%83%AB%E3%83%88%E3%83%A9%E7%AB%8B%E7%9B%B4" n1="%E3%81%AB%E3%81%9B%E6%82%9F%E7%A9%BA" n2="%E3%81%A9%E3%81%B0%E3%81%A8%E3%81%A1%E3%82%83%E3%82%93" n3="%E3%82%B7%E3%83%AB%E3%83%93%E3%82%A3" dan="16,17,16,17" rate="2111.20,2155.42,2092.60,2220.86" sx="M,M,F,F"/><TAIKYOKU oya="0"/><INIT seed="0,0,0,4,2,90" ten="250,250,250,250" oya="0" hai0="16,47,132,42,134,11,4,0,20,9,112,32,23" hai1="101,98,64,63,2,126,108,24,10,75,119,79,18" hai2="78,52,40,46,88,80,87,116,74,97,37,125,110" hai3="54,58,113,114,100,121,66,56,84,26,43,115,3"/><T27/><BYE who="2" /><D112/><U39/><E119/><V73/><F73/><W67/><G3/><T70/><D70/><U133/><E39/><UN n2="%E3%81%A9%E3%81%B0%E3%81%A8%E3%81%A1%E3%82%83%E3%82%93" /><V31/><F110/><W128/><G128/><T123/><D123/><U86/><E108/><V102/><F116/><W83/><G121/><T127/><D127/><U5/><E126/><V7/><F125/><W44/><G26/><T77/><D77/><U14/><E133/><N who="0" m="51305" /><D47/><U81/><E24/><V61/><F31/><W118/><G118/><T28/><D42/><U60/><E75/><V96/><F7/><W62/><G58/><T53/><D53/><U76/><E76/><V35/><F35/><W106/><G44/><T65/><D65/><U85/><E85/><V50/><F102/><W72/><G43/><T21/><D11/><U19/><E2/><V89/><F89/><W117/><G72/><T69/><D69/><U94/><REACH who="1" step="1"/><E60/><REACH who="1" ten="250,240,250,250" step="2"/><V33/><F61/><W12/><G117/><T17/><AGARI ba="0,1" hai="0,4,9,16,17,20,21,23,27,28,32" m="51305" machi="17" ten="40,12000,1" yaku="20,1,34,2,54,1" doraHai="90" who="0" fromWho="0" sc="250,130,240,-40,250,-40,250,-40" /><INIT seed="0,1,0,0,1,58" ten="380,200,210,210" oya="0" hai0="71,75,54,67,1,60,25,98,30,112,31,107,42" hai1="73,62,13,133,38,80,15,109,135,125,104,102,7" hai2="19,34,33,110,65,10,12,9,116,105,59,48,85" hai3="51,74,87,86,81,20,78,90,44,114,16,2,64"/><T70/><D31/><U122/><E122/><V128/><F110/><W4/><G114/><T66/><D54/><U36/><E109/><V115/><F115/><W111/><G111/><T83/><D42/><U96/><E125/><V68/><F105/><W126/><G126/><T18/><D18/><U76/><E62/><V101/><F101/><W28/><G28/><T53/><D53/><U77/><E77/><V46/><F68/><W5/><G64/><T134/><D1/><U6/><E15/><V119/><F128/><W94/><G74/><T92/><D112/><U35/><E35/><V118/><F85/><W121/><G121/><T49/><D49/><U52/><E52/><N who="2" m="29719" /><F9/><W8/><G8/><T47/><D47/><U45/><E45/><V61/><AGARI ba="1,0" hai="10,12,19,33,34,59,61,65,116,118,119" m="29719" machi="61" ten="40,5200,0" yaku="12,1,52,1,54,1" doraHai="58" who="2" fromWho="2" sc="380,-27,200,-14,210,55,210,-14" /><INIT seed="1,0,0,2,5,125" ten="353,186,265,196" oya="1" hai0="49,3,23,54,33,130,100,90,8,62,119,27,74" hai1="9,115,97,64,73,45,113,104,129,135,15,56,128" hai2="105,120,121,42,93,38,127,55,44,22,5,79,35" hai3="34,103,28,95,114,0,85,77,40,63,41,99,68"/><U7/><E73/><V131/><F105/><W98/><G0/><T82/><D100/><N who="1" m="62479" /><E135/><V19/><F35/><W117/><G114/><T32/><D74/><U31/><E31/><V11/><F127/><W67/><G117/><T13/><D90/><U111/><E45/><V39/><F39/><W61/><G61/><T78/><D82/><U51/><E111/><V25/><F79/><W43/><G99/><T14/><D78/><U75/><E75/><V134/><F134/><W4/><G4/><T26/><D119/><U52/><E64/><V107/><F107/><W12/><G12/><T116/><D49/><U18/><E7/><V69/><F55/><W110/><G110/><T36/><D54/><U109/><E109/><V133/><F133/><W17/><G17/><T122/><D116/><U71/><E71/><V96/><F69/><W47/><G77/><T132/><D132/><U87/><E87/><V101/><F120/><W106/><G85/><T118/><D122/><U59/><E59/><V84/><F84/><W94/><REACH who="3" step="1"/><G47/><REACH who="3" ten="353,186,265,186" step="2"/><T89/><D118/><U37/><E37/><V72/><F121/><W88/><G88/><T50/><D89/><U70/><E70/><V53/><F72/><W65/><G65/><T92/><D36/><U29/><E29/><V124/><F124/><W76/><G76/><T48/><D48/><U21/><E9/><V126/><F126/><W123/><G123/><T80/><D8/><U2/><E2/><V91/><F11/><W81/><G81/><T60/><D3/><U112/><E112/><V86/><F5/><W57/><G57/><RYUUKYOKU ba="0,1" sc="353,-15,186,15,265,-15,186,15" hai1="15,18,21,51,52,56,113,115,128,129" hai3="28,34,40,41,43,63,67,68,94,95,98,103,106" /><INIT seed="1,1,1,0,3,69" ten="338,201,250,201" oya="1" hai0="23,67,77,135,121,40,24,116,97,112,11,105,47" hai1="34,114,53,50,17,132,73,51,33,9,70,92,36" hai2="129,31,66,57,94,8,86,13,7,1,44,48,128" hai3="20,80,6,28,84,90,37,75,21,43,81,95,5"/><U79/><E114/><V126/><F126/><W130/><G130/><N who="2" m="50281" /><F31/><W19/><G28/><T12/><D112/><U35/><E70/><V133/><F133/><W59/><G21/><T106/><D116/><U64/><E64/><V120/><F120/><W54/><G43/><T91/><D67/><U117/><E117/><V87/><F94/><W131/><G37/><T122/><D77/><U109/><E132/><V113/><F1/><W16/><G131/><T115/><D115/><U0/><E109/><V18/><F18/><N who="3" m="6699" /><G20/><T111/><D23/><U108/><E17/><V61/><F113/><W89/><G75/><T96/><D24/><U85/><E108/><V49/><F49/><N who="3" m="31183" /><G81/><T25/><D25/><U55/><E73/><V93/><F93/><W45/><G45/><T60/><D47/><U29/><E29/><V98/><F98/><AGARI ba="1,1" hai="5,6,80,84,89,90,95,98" m="31183,6699" machi="98" ten="30,2000,0" yaku="8,1,54,1" doraHai="69" who="3" fromWho="2" sc="338,0,201,0,250,-23,201,33" /><INIT seed="2,0,0,5,3,119" ten="338,201,227,234" oya="2" hai0="132,45,0,44,91,41,66,27,30,40,39,128,90" hai1="110,28,115,131,14,7,58,49,93,1,123,53,87" hai2="116,105,76,78,16,46,11,54,92,65,51,77,135" hai3="2,25,70,84,95,107,89,61,6,69,97,23,99"/><V26/><F105/><W103/><G84/><T47/><D0/><U48/><E115/><V121/><F116/><W4/><G2/><T82/><D128/><U127/><E1/><V37/><F135/><W18/><G70/><T21/><D132/><U29/><E131/><V5/><F121/><W113/><G113/><T94/><D66/><U33/><E110/><V72/><F37/><W22/><G69/><T126/><D126/><U130/><E130/><V3/><F65/><W125/><G125/><T114/><D114/><U63/><E127/><V81/><REACH who="2" step="1"/><F92/><REACH who="2" ten="338,201,217,234" step="2"/><W112/><G112/><T59/><D39/><U86/><E123/><V129/><F129/><W32/><G107/><T117/><D117/><U101/><E93/><V62/><F62/><W75/><G61/><T60/><D94/><U34/><E63/><V73/><F73/><W118/><G75/><T109/><D60/><U104/><E104/><V79/><F79/><W108/><G118/><T80/><D109/><U31/><E49/><V124/><F124/><W50/><G108/><T96/><D82/><U71/><E71/><V120/><F120/><W24/><G50/><T43/><D80/><U38/><E38/><V55/><F55/><W98/><G98/><T67/><D96/><U42/><E48/><V56/><F56/><W57/><G57/><T102/><D59/><U17/><E58/><V52/><F52/><W10/><G99/><T64/><D67/><U9/><E53/><V13/><F13/><W68/><G68/><T35/><D64/><U111/><E111/><V74/><F74/><W106/><G106/><RYUUKYOKU ba="0,1" sc="338,-10,201,-10,217,30,234,-10" hai2="3,5,11,16,26,46,51,54,72,76,77,78,81" /><INIT seed="2,1,1,3,4,19" ten="328,191,247,224" oya="2" hai0="74,40,99,32,75,112,8,105,82,34,73,89,47" hai1="36,25,11,64,12,54,42,55,57,27,110,23,86" hai2="6,41,29,81,121,50,109,18,133,45,49,95,91" hai3="17,31,113,131,71,3,16,62,66,102,37,52,72"/><V120/><F133/><W125/><G72/><T126/><D112/><U77/><E110/><V134/><F134/><W63/><G3/><T51/><D126/><U124/><E124/><V129/><F109/><W13/><G125/><T70/><D70/><U60/><E27/><V68/><F68/><W117/><G37/><T85/><REACH who="0" step="1"/><D8/><REACH who="0" ten="318,191,247,224" step="2"/><U83/><E36/><V67/><F121/><W14/><G113/><T84/><D84/><U130/><E130/><V111/><F120/><W80/><G71/><T53/><D53/><U93/><E42/><V108/><F129/><W0/><G52/><T107/><D107/><U33/><E33/><V98/><F111/><W20/><G131/><T96/><D96/><U59/><E59/><V15/><F108/><W103/><G66/><T5/><D5/><N who="1" m="3183" /><E93/><V116/><F6/><W48/><G117/><T104/><D104/><U90/><E77/><V132/><F116/><W128/><G128/><T2/><D2/><U135/><E135/><V44/><F132/><W114/><G0/><T30/><D30/><AGARI ba="1,2" hai="23,25,30,54,55,57,60,64,83,86,90" m="3183" machi="30" ten="30,2000,0" yaku="8,1,52,1" doraHai="19" who="1" fromWho="0" sc="318,-23,191,43,247,0,224,0" /><INIT seed="3,0,0,2,1,54" ten="295,234,247,224" oya="3" hai0="118,122,83,110,51,79,66,45,8,117,89,119,80" hai1="72,4,49,116,64,5,60,62,52,92,121,129,26" hai2="58,102,43,39,95,68,40,106,69,77,96,15,31" hai3="112,91,94,114,120,97,74,86,28,1,16,11,55"/><W75/><G120/><T36/><D36/><U37/><E72/><V27/><F77/><W7/><G28/><T85/><D122/><U57/><E121/><V99/><F15/><W23/><G75/><T90/><D110/><U93/><E37/><V125/><F125/><W130/><G74/><T41/><D66/><U115/><E115/><V131/><F131/><W2/><G2/><T104/><D104/><U34/><E129/><V48/><F39/><W0/><G0/><T87/><D8/><U19/><E116/><V32/><F43/><W128/><G128/><T12/><D12/><U124/><E124/><V84/><F84/><W17/><G17/><T103/><D103/><U35/><E35/><V14/><F14/><W13/><G130/><T107/><D107/><U78/><E78/><AGARI ba="0,0" hai="41,45,51,78,79,80,83,85,87,89,90,117,118,119" machi="78" ten="40,1300,0" yaku="9,1" doraHai="54" who="0" fromWho="1" sc="295,13,234,-13,247,0,224,0" /><INIT seed="4,0,0,0,1,35" ten="308,221,247,224" oya="0" hai0="108,86,32,68,125,56,81,22,92,53,46,63,121" hai1="54,126,29,91,13,94,44,130,84,73,96,113,120" hai2="78,76,71,40,105,83,16,37,100,52,75,42,5" hai3="102,9,69,80,123,47,58,87,10,101,134,77,112"/><T15/><D32/><U55/><E120/><V128/><F71/><W19/><G69/><T118/><D68/><U50/><E73/><V79/><F128/><W131/><G131/><T25/><D121/><U48/><E130/><V110/><F110/><W129/><G129/><T51/><D118/><U111/><E111/><V116/><F116/><W38/><G123/><T31/><D125/><U74/><E74/><V103/><F5/><W8/><G112/><T62/><D108/><U72/><E72/><V64/><F64/><W109/><G109/><T11/><D92/><U43/><E126/><V133/><F133/><W89/><G134/><T61/><D56/><U6/><E113/><V21/><F83/><W132/><G132/><T99/><D99/><U30/><E43/><V117/><F37/><W1/><G58/><T33/><D33/><U57/><REACH who="1" step="1"/><E96/><REACH who="1" ten="308,211,247,224" step="2"/><V107/><F42/><W88/><G38/><T66/><D66/><U95/><E95/><V97/><F40/><W27/><G47/><T65/><D65/><U124/><E124/><V60/><F75/><W119/><G119/><T20/><D46/><U115/><E115/><V106/><F97/><W12/><G80/><T36/><D81/><U0/><E0/><V85/><F117/><W7/><G1/><T59/><D53/><U24/><E24/><N who="2" m="14375" /><F85/><W2/><G87/><T114/><D86/><U17/><E17/><V41/><F41/><W127/><G127/><T39/><D114/><U90/><E90/><N who="3" m="34922" /><G27/><T45/><D25/><U104/><E104/><V3/><F3/><N who="3" m="127" /><G77/><T14/><D39/><U82/><E82/><RYUUKYOKU ba="0,1" sc="308,-30,211,10,247,10,224,10" hai1="6,13,29,30,44,48,50,54,55,57,84,91,94" hai2="52,60,76,78,79,100,103,105,106,107" hai3="2,9,10,12,19,101,102" /><INIT seed="5,1,1,2,5,84" ten="278,221,257,234" oya="1" hai0="73,92,91,38,32,71,122,111,47,56,16,42,93" hai1="22,78,62,81,115,12,67,64,85,15,68,36,1" hai2="135,121,90,53,130,60,52,103,24,132,27,28,55" hai3="66,3,124,102,87,134,128,75,51,14,41,26,112"/><U65/><E1/><V13/><F121/><W30/><G75/><T123/><D71/><U9/><E36/><V74/><F130/><W8/><G128/><T80/><D32/><U120/><E120/><N who="0" m="46121" /><D111/><U97/><E115/><V88/><F74/><W95/><G3/><T18/><D56/><U49/><E49/><V118/><F118/><W99/><G112/><T43/><D43/><U21/><E97/><V20/><F103/><W72/><G72/><T17/><D91/><N who="2" m="34858" /><F27/><W100/><G100/><T11/><D11/><U35/><E35/><V86/><F86/><W108/><G87/><T25/><D25/><U104/><E104/><V7/><F60/><W48/><G108/><T4/><D4/><N who="1" m="3111" /><E68/><V83/><F83/><W101/><G101/><T107/><D107/><U131/><E131/><V58/><F58/><W54/><G102/><T19/><N who="0" m="4096" /><DORA hai="119" /><T59/><D59/><N who="1" m="36959" /><E15/><V23/><F13/><W96/><G14/><T69/><D69/><U82/><E82/><V61/><F7/><W37/><G26/><T79/><AGARI ba="1,1" hai="38,42,47,73,79,80,92,93" m="4096,46121" machi="79" ten="50,8000,1" yaku="13,1,52,3,54,1" doraHai="84,119" who="0" fromWho="0" sc="278,93,221,-41,257,-21,234,-21" /><INIT seed="6,0,0,0,5,1" ten="371,180,236,213" oya="2" hai0="89,61,100,120,30,64,103,129,132,84,18,23,69" hai1="65,90,51,16,99,3,57,111,91,97,77,101,38" hai2="121,123,109,98,56,10,60,118,32,11,73,85,34" hai3="131,76,29,7,5,33,37,126,114,31,92,20,52"/><V87/><F118/><W107/><G107/><T133/><D30/><U75/><E38/><V105/><F73/><W49/><G37/><T25/><D120/><U26/><E111/><V2/><F109/><W39/><G39/><T43/><D43/><U113/><E113/><V116/><F116/><W93/><G114/><T81/><D129/><U130/><E130/><V4/><F11/><W35/><G131/><T40/><D40/><U74/><E3/><V55/><F123/><W54/><G76/><T104/><D104/><U13/><E26/><V21/><F21/><W12/><G20/><T106/><D106/><U6/><E6/><V71/><F71/><W45/><G49/><T134/><AGARI ba="0,0" hai="18,23,25,61,64,69,81,84,89,100,103,132,133,134" machi="134" ten="30,2000,0" yaku="0,1,20,1" doraHai="1" who="0" fromWho="0" sc="371,20,180,-5,236,-10,213,-5" /><INIT seed="7,0,0,0,1,1" ten="391,175,226,208" oya="3" hai0="25,126,19,74,76,32,8,82,70,59,121,7,84" hai1="50,52,99,81,103,65,96,123,115,102,105,83,34" hai2="112,128,60,20,90,18,33,87,14,0,41,92,130" hai3="37,62,77,135,22,63,79,131,61,88,24,31,127"/><W21/><G127/><T2/><D70/><U100/><E34/><V85/><F112/><W110/><G135/><T124/><D121/><U48/><E123/><V43/><F0/><W66/><G131/><N who="2" m="50217" /><F33/><W57/><G37/><T56/><D74/><U125/><E115/><V114/><F114/><W5/><G110/><T116/><D116/><U23/><E125/><N who="0" m="48233" /><D19/><U134/><E134/><V10/><F60/><N who="3" m="23147" /><G22/><T107/><D107/><U3/><E3/><V108/><F108/><W49/><G49/><T118/><D118/><U30/><E65/><V91/><F20/><W4/><G88/><T75/><D75/><U15/><E48/><V40/><F91/><W27/><G27/><T28/><AGARI ba="0,0" hai="2,7,8,25,28,32,56,59,76,82,84" m="48233" machi="28" ten="30,2000,0" yaku="18,1,52,1" doraHai="1" who="0" fromWho="0" sc="391,20,175,-5,226,-5,208,-10" owari="411,51.0,170,-33.0,221,2.0,198,-20.0" /></mjloggm>