<mjloggm ver="2.3"><GO type="97" lobby="0"/><UN n0="%E5%B0%B1%E6%B4%BB%E7%94%9F%40%E5%B7%9D%E6%9D%91%E8%BB%8D%E5%9B%A3" n1="%6B%6B%6B%31%34%31%32%68" n2="%6B%75%6E%6F%2D%72" n3="%48%41%4E%41%4E%4F" dan="15,14,14,14" rate="1992.74,1938.58,1918.73,1926.92" sx="M,M,M,M"/><TAIKYOKU oya="0"/><INIT seed="0,0,0,1,3,47" ten="250,250,250,250" oya="0" hai0="14,11,31,119,121,63,120,38,89,90,118,50,7" hai1="51,40,88,114,83,82,43,48,84,129,79,20,55" hai2="97,15,8,56,115,72,4,19,25,98,59,44,23" hai3="12,134,68,60,21,28,130,117,5,57,74,1,103"/><T37/><D37/><U99/><E114/><V109/><F72/><W112/><G112/><T80/><D38/><U105/><E129/><V62/><F109/><W85/><G74/><T34/><D63/><U53/><E105/><V124/><F115/><W108/><G68/><T65/><D65/><U126/><E99/><V52/><F124/><W42/><G108/><T81/><D81/><U69/><E69/><V128/><F128/><W87/><G1/><T133/><D133/><U0/><E0/><V41/><F59/><W107/><G117/><T45/><D118/><U24/><E82/><V77/><REACH who="2" step="1"/><F77/><REACH who="2" ten="250,250,240,250" step="2"/><W54/><G130/><T104/><D119/><U17/><E79/><V76/><F76/><W102/><G134/><T131/><D131/><U49/><E126/><V2/><F2/><W91/><G42/><AGARI ba="0,1" hai="17,20,24,40,42,43,48,49,51,53,55,83,84,88" machi="42" ten="40,8000,1" yaku="8,1,52,3,54,1" doraHai="47" who="1" fromWho="3" sc="250,0,250,90,240,0,250,-80" /><INIT seed="1,0,0,3,2,102" ten="250,340,240,170" oya="1" hai0="63,108,95,39,62,78,133,89,118,66,26,109,74" hai1="100,55,91,43,27,10,59,13,83,2,67,98,116" hai2="94,6,111,8,123,76,19,12,57,47,50,52,22" hai3="92,69,70,129,135,117,23,99,106,112,21,93,104"/><U51/><E67/><V18/><F123/><W32/><G32/><T113/><D39/><U72/><E116/><V54/><F111/><N who="0" m="42570" /><D118/><U130/><E130/><V86/><F76/><W28/><G117/><T3/><D3/><U120/><E120/><V61/><F86/><W80/><G129/><T17/><D113/><U125/><E125/><V5/><REACH who="2" step="1"/><F94/><REACH who="2" ten="250,340,230,170" step="2"/><N who="3" m="36459" /><G80/><N who="0" m="45143" /><D133/><U31/><E83/><V124/><F124/><W119/><G119/><T45/><D95/><U24/><E72/><V134/><F134/><W71/><G135/><T90/><D90/><U30/><E2/><V46/><F46/><W128/><G128/><T53/><D89/><U88/><E91/><V34/><F34/><W81/><G81/><T77/><D77/><U40/><E88/><V44/><F44/><W4/><G99/><T25/><D45/><U65/><E98/><V115/><F115/><W14/><G112/><T15/><D53/><U132/><E55/><V36/><F36/><W49/><G49/><T101/><D101/><U60/><E132/><V1/><F1/><W103/><G103/><T122/><D122/><U29/><E43/><V38/><F38/><W127/><G127/><T82/><D82/><U7/><E100/><V0/><F0/><W105/><G28/><T33/><D33/><U41/><E41/><V126/><F126/><W131/><G131/><T79/><D79/><U56/><E40/><V84/><F84/><W58/><G58/><N who="0" m="37207" /><D63/><U121/><E121/><V73/><F73/><W16/><G4/><T97/><D97/><U9/><E56/><V20/><F20/><AGARI ba="0,1" hai="15,17,20,25,26" m="37207,45143,42570" machi="20" ten="30,1000,0" yaku="14,1" doraHai="102" who="0" fromWho="2" sc="250,20,340,0,230,-10,170,0" /><INIT seed="2,0,0,0,3,56" ten="270,340,220,170" oya="2" hai0="93,123,51,107,103,112,128,1,126,12,59,67,81" hai1="54,119,71,70,63,2,64,29,40,35,39,13,34" hai2="84,8,90,25,116,66,101,27,53,87,61,117,132" hai3="16,50,86,79,85,121,24,57,131,26,48,55,4"/><V74/><F74/><W129/><G121/><T52/><D1/><U9/><E2/><V80/><F101/><W45/><G4/><T124/><D107/><U65/><E119/><V21/><F132/><W42/><G79/><T33/><D33/><U6/><E40/><V68/><F25/><W37/><G37/><T122/><D112/><U5/><E39/><V23/><F23/><W130/><G26/><T62/><D81/><U17/><E54/><V10/><F117/><W75/><G75/><T102/><D12/><U95/><E95/><V125/><F125/><N who="0" m="48234" /><D128/><U106/><E106/><V47/><F116/><W43/><REACH who="3" step="1"/><G43/><REACH who="3" ten="270,340,220,160" step="2"/><T91/><D123/><U83/><E6/><V32/><F32/><W7/><G7/><T111/><D111/><U18/><E5/><V3/><F3/><W114/><G114/><T58/><D122/><U104/><E34/><V113/><F113/><W30/><G30/><T94/><D94/><U19/><E35/><V109/><F109/><W60/><G60/><T92/><D92/><U11/><E29/><V82/><F53/><W135/><G135/><T14/><D14/><U120/><E120/><V105/><F105/><W88/><G88/><T46/><D103/><U115/><E104/><V118/><F118/><W76/><G76/><T73/><D102/><U100/><E115/><V38/><F38/><W133/><G133/><T22/><D73/><U97/><E100/><V28/><F47/><W108/><G108/><T49/><D46/><U41/><E83/><V110/><F110/><W15/><G15/><T77/><D91/><AGARI ba="0,1" hai="8,10,21,27,28,61,66,68,80,82,84,87,90,91" machi="91" ten="30,5800,0" yaku="7,1,9,1,52,1" doraHai="56" who="2" fromWho="0" sc="270,-58,340,0,220,68,160,0" /><INIT seed="2,1,0,4,1,95" ten="212,340,288,160" oya="2" hai0="28,49,20,51,69,5,130,40,102,108,53,30,103" hai1="135,78,14,122,39,86,26,61,23,71,68,65,96" hai2="36,70,10,125,7,84,115,75,42,98,123,27,105" hai3="109,64,63,119,35,118,129,121,44,2,25,88,101"/><V38/><F123/><W112/><G121/><T19/><D69/><U92/><E39/><V127/><F75/><W87/><G2/><T16/><D108/><U17/><E122/><V90/><F115/><W116/><G112/><T67/><D130/><U12/><E135/><V32/><F70/><W85/><G109/><T83/><D67/><U62/><E62/><V24/><F42/><W104/><G129/><T74/><D5/><U1/><E1/><V120/><F120/><W8/><G8/><T132/><D74/><U117/><E117/><V48/><F48/><W6/><G6/><T0/><D0/><U72/><E72/><V29/><F27/><W80/><G44/><N who="0" m="25735" /><D83/><U11/><E71/><V59/><F59/><W41/><G41/><T82/><D82/><U91/><E11/><V89/><F84/><W126/><G126/><N who="2" m="48137" /><F89/><W57/><G87/><T21/><D132/><U9/><E9/><V107/><F107/><W110/><G110/><T76/><D76/><U111/><E111/><V34/><F34/><W106/><REACH who="3" step="1"/><G101/><REACH who="3" ten="212,340,288,150" step="2"/><T18/><D103/><U77/><E86/><V3/><F90/><W81/><G81/><T93/><D102/><AGARI ba="1,1" hai="3,7,10,24,29,32,36,38,98,102,105" m="48137" machi="102" ten="30,5800,0" yaku="18,1,23,1,52,1" doraHai="95" who="2" fromWho="0" sc="212,-61,340,0,288,71,150,0" /><INIT seed="2,2,0,5,2,4" ten="151,340,359,150" oya="2" hai0="106,46,23,90,99,26,122,86,45,124,77,66,58" hai1="38,3,81,51,13,125,65,21,47,39,73,6,111" hai2="75,95,5,15,91,105,76,79,93,133,16,61,0" hai3="67,28,119,112,96,30,49,43,134,8,78,84,27"/><V31/><F105/><W41/><G119/><T128/><D122/><U14/><E3/><V42/><F31/><W82/><G112/><T109/><D109/><U101/><E101/><V129/><F129/><W126/><G134/><T53/><D128/><U103/><E103/><V64/><F42/><W89/><G126/><T50/><D124/><U80/><E65/><V94/><F133/><W2/><G67/><T56/><D106/><U48/><E125/><V54/><F75/><W10/><G2/><T55/><D99/><U123/><E123/><V92/><F5/><W85/><G96/><T102/><D77/><U130/><E130/><V104/><F104/><W131/><G131/><T36/><D102/><U117/><E117/><V71/><F54/><W127/><G127/><T11/><D11/><N who="3" m="4137" /><G27/><T87/><D36/><U121/><E38/><V9/><REACH who="2" step="1"/><F0/><REACH who="2" ten="151,340,349,150" step="2"/><W33/><G33/><T19/><D66/><U72/><E72/><V1/><F1/><W135/><G135/><T24/><D24/><U29/><E73/><V60/><F60/><W63/><G63/><N who="0" m="36239" /><D86/><AGARI ba="2,1" hai="9,15,16,61,64,71,76,79,86,91,92,93,94,95" machi="86" ten="40,7700,0" yaku="1,1,52,1,54,1,53,0" doraHai="4" doraHaiUra="22" who="2" fromWho="0" sc="151,-83,340,0,349,93,150,0" /><INIT seed="2,3,0,5,5,6" ten="68,340,442,150" oya="2" hai0="100,94,68,46,74,59,4,132,28,49,11,17,58" hai1="72,44,21,27,14,127,10,96,55,129,106,83,13" hai2="43,115,15,107,53,124,123,112,117,61,122,26,97" hai3="40,103,34,113,118,86,116,18,126,69,19,54,38"/><V24/><F43/><W33/><G69/><T135/><D74/><U16/><E127/><V31/><F107/><W20/><G126/><T87/><D68/><U2/><E2/><V119/><F124/><W131/><G113/><T79/><D28/><U73/><E129/><V109/><F97/><W0/><G0/><T93/><D17/><U88/><E106/><V99/><F99/><W39/><G39/><T35/><D35/><U32/><BYE who="3" /><E32/><N who="2" m="20583" /><F53/><W105/><G105/><T41/><D100/><U9/><E72/><V120/><F61/><W89/><G89/><T30/><D30/><U130/><E130/><V90/><F90/><W47/><G47/><T51/><D51/><N who="1" m="29159" /><E73/><V71/><F71/><W121/><G121/><T8/><D94/><N who="1" m="56391" /><E83/><V84/><F84/><W114/><G114/><N who="2" m="43561" /><F26/><W104/><G104/><T98/><D98/><U125/><E125/><V77/><F77/><W91/><G91/><N who="0" m="53503" /><D4/><U22/><E22/><V50/><F50/><W78/><G78/><T57/><D79/><U56/><E56/><N who="0" m="14337" /><T29/><DORA hai="92" /><D29/><U62/><E62/><V80/><F80/><W60/><G60/><T75/><D75/><U5/><E5/><V7/><F7/><W23/><G23/><T108/><D108/><U95/><E95/><V67/><F109/><W64/><G64/><T66/><D66/><U42/><E42/><V128/><F67/><W134/><G134/><AGARI ba="3,0" hai="8,11,41,46,49,132,134,135" m="14337,53503" machi="134" ten="40,5200,0" yaku="20,1,52,2" doraHai="6,92" who="0" fromWho="3" sc="68,61,340,0,442,0,150,-61" /><INIT seed="3,0,0,0,4,114" ten="129,340,442,89" oya="3" hai0="99,4,50,2,84,117,66,108,51,24,13,34,1" hai1="68,111,131,16,6,26,3,57,123,104,87,77,65" hai2="107,101,119,27,59,118,63,15,7,5,86,32,58" hai3="60,54,115,93,134,18,45,46,121,94,124,71,35"/><W78/><G78/><T106/><D117/><U113/><E104/><V38/><F38/><W120/><G120/><T41/><D66/><U80/><E123/><V69/><F107/><W105/><G105/><T76/><D99/><U62/><E113/><V19/><F101/><W122/><G122/><T127/><D106/><U110/><E131/><V36/><F36/><W74/><G74/><T103/><D51/><U70/><E6/><V31/><F69/><W90/><G90/><T43/><D103/><U12/><E3/><V83/><F59/><W81/><G81/><T112/><D41/><U88/><E26/><V100/><F100/><W73/><G73/><T30/><D50/><U126/><E126/><V56/><F56/><W48/><G48/><T52/><D43/><U0/><E0/><V40/><F40/><W23/><G23/><T49/><D84/><U42/><E42/><V82/><F5/><W21/><G21/><T129/><D76/><U135/><E135/><V20/><F7/><W53/><G53/><T132/><D52/><U98/><E98/><V91/><F83/><W130/><G130/><T79/><D49/><U97/><E97/><V67/><AGARI ba="0,0" hai="15,19,20,27,31,32,58,63,67,82,86,91,118,119" machi="67" ten="20,5200,0" yaku="0,1,7,1,52,2" doraHai="114" who="2" fromWho="2" sc="129,-13,340,-13,442,52,89,-26" owari="116,-28.0,327,13.0,494,59.0,63,-44.0" /></mjloggm>