<mjloggm ver="2.3"><GO type="41" lobby="0"/><UN n0="%73%68%69%6E%6A%69%6D%65" n1="%E3%83%88%E3%83%88%E3%83%AA%E5%85%88%E7%94%9F%31%39%E6%AD%B3" n2="%E3%81%82%E3%82%89%E3%81%9F%E3%81%9D" n3="%E3%81%82%E3%81%B2%E3%82%8B%E3%81%95%E3%82%93" dan="14,15,15,17" rate="1902.86,2050.47,2011.58,2089.16" sx="M,F,F,M"/><TAIKYOKU oya="0"/><INIT seed="0,0,0,4,3,116" ten="250,250,250,250" oya="0" hai0="131,30,28,102,45,66,5,26,90,96,9,80,130" hai1="72,23,125,97,119,24,132,6,77,92,103,42,86" hai2="57,106,54,82,98,93,34,108,14,19,109,75,111" hai3="43,22,48,76,83,105,38,60,101,2,36,122,58"/><T46/><D66/><U61/><E119/><V127/><F34/><W7/><G48/><T79/><D90/><U117/><E117/><V121/><F127/><W124/><G124/><T110/><D110/><U13/><E125/><V81/><F106/><W1/><G1/><T70/><D70/><U49/><E72/><V84/><F75/><W11/><G22/><T12/><D28/><U135/><E61/><V25/><F25/><W63/><G63/><T16/><D5/><U115/><E115/><V104/><F104/><W87/><G43/><T133/><D133/><U44/><E77/><V74/><F74/><W94/><G105/><T18/><D18/><U29/><REACH who="1" step="1"/><E86/><REACH who="1" ten="250,240,250,250" step="2"/><V39/><F84/><W120/><G60/><T51/><D79/><U67/><E67/><V50/><F109/><W4/><G76/><T40/><D80/><U32/><E32/><V134/><F111/><W55/><G83/><T123/><D131/><U126/><E126/><V53/><F108/><W20/><G87/><T59/><D130/><U62/><E62/><V88/><F81/><W10/><G2/><T112/><D112/><U0/><E0/><V68/><F82/><W33/><G33/><T85/><D85/><U99/><E99/><V8/><F68/><W31/><G36/><T89/><D89/><U95/><E95/><V91/><F39/><W47/><G38/><T17/><D96/><U15/><E15/><V129/><F91/><W3/><G3/><T21/><D102/><U56/><E56/><N who="2" m="32823" /><F129/><W71/><G71/><T65/><D65/><U118/><E118/><V73/><F73/><RYUUKYOKU ba="0,1" sc="250,-10,240,30,250,-10,250,-10" hai1="6,13,23,24,29,42,44,49,92,97,103,132,135" /><INIT seed="1,1,1,2,0,22" ten="240,270,240,240" oya="1" hai0="98,94,49,20,50,75,79,116,89,110,131,28,106" hai1="121,84,34,68,128,111,15,124,55,71,37,52,51" hai2="42,57,81,122,100,129,130,107,82,53,67,19,85" hai3="70,0,90,3,108,46,13,17,16,60,69,32,18"/><U118/><E34/><V59/><F122/><W6/><G32/><T4/><D116/><U29/><E29/><V123/><F123/><W126/><G108/><T21/><D110/><U33/><E33/><V127/><F127/><W24/><G126/><T78/><D131/><N who="2" m="50186" /><F42/><W72/><G72/><T92/><D106/><U48/><E128/><V64/><F82/><W54/><G70/><N who="1" m="26666" /><E15/><V12/><F59/><N who="3" m="34935" /><G69/><T102/><D4/><U1/><E84/><V62/><F100/><W65/><G0/><T91/><D102/><U27/><E27/><V8/><F107/><W39/><G39/><T95/><D75/><U119/><E1/><V114/><F114/><W9/><G3/><T38/><D38/><U47/><E121/><V101/><F101/><W125/><G125/><T132/><D132/><U117/><E124/><V76/><AGARI ba="1,1" hai="8,12,19,53,57,62,64,67,76,81,85" m="50186" machi="76" ten="30,1100,0" yaku="19,1" doraHai="22" who="2" fromWho="2" sc="240,-4,270,-6,240,24,240,-4" /><INIT seed="2,0,0,1,3,78" ten="236,264,264,236" oya="2" hai0="5,52,108,27,94,48,13,33,51,86,67,17,72" hai1="45,74,31,97,18,81,88,85,103,76,34,57,133" hai2="26,8,38,105,50,4,82,84,20,64,90,135,29" hai3="87,2,40,75,68,60,41,106,53,114,83,121,102"/><V61/><F38/><W126/><G2/><T119/><D72/><U129/><E129/><V124/><F124/><W46/><G121/><T120/><D120/><U39/><E133/><V21/><F135/><W99/><G126/><T104/><D104/><N who="1" m="63599" /><E57/><V115/><F50/><W92/><G114/><T30/><D108/><U32/><E18/><V79/><F105/><W93/><G75/><T117/><D67/><U127/><E31/><V9/><F115/><W123/><G123/><T65/><D65/><U24/><E24/><V3/><F9/><W107/><G107/><T134/><D134/><U10/><E10/><V131/><F131/><W70/><G70/><T43/><D43/><N who="1" m="22783" /><E127/><V0/><F0/><W132/><G132/><T101/><D5/><U125/><E125/><V118/><F118/><N who="0" m="45066" /><D101/><U110/><E110/><V42/><F42/><W80/><G68/><T47/><D48/><U98/><E98/><V36/><F36/><W71/><G71/><T69/><D69/><U116/><E116/><V77/><F21/><W58/><G106/><T112/><D112/><U7/><E7/><V54/><F54/><W28/><G28/><T66/><D66/><U100/><E100/><V6/><F4/><W44/><G40/><T55/><D55/><U122/><E122/><V49/><F49/><N who="3" m="26767" /><G46/><T1/><D1/><U95/><AGARI ba="0,0" hai="32,34,74,76,81,85,88,95" m="22783,63599" machi="95" ten="30,4000,0" yaku="24,1,52,1,54,1" doraHai="78" who="1" fromWho="1" sc="236,-10,264,40,264,-20,236,-10" /><INIT seed="3,0,0,3,3,49" ten="226,304,244,226" oya="3" hai0="104,128,67,101,16,131,4,84,113,100,106,130,18" hai1="19,93,110,32,123,35,62,92,109,79,43,27,73" hai2="122,47,97,120,111,24,40,55,3,68,59,95,41" hai3="125,80,94,61,38,60,69,115,126,51,44,86,21"/><W52/><G115/><T90/><D4/><U33/><E123/><N who="2" m="47147" /><F3/><W75/><G75/><T37/><D37/><U105/><E105/><N who="0" m="40553" /><D67/><U10/><E43/><V132/><F111/><N who="1" m="42505" /><E79/><V17/><F68/><W31/><G38/><T64/><D64/><U66/><E73/><V77/><F77/><N who="3" m="46351" /><G69/><T36/><D36/><U134/><E134/><V89/><F132/><W127/><G94/><N who="1" m="36458" /><E10/><V112/><F47/><W48/><G48/><T133/><D133/><U53/><E19/><N who="0" m="7209" /><D113/><U124/><E124/><N who="3" m="31746" /><W119/><DORA hai="50" /><G119/><T78/><D78/><U46/><E46/><V129/><F129/><W96/><G96/><T82/><AGARI ba="0,0" hai="82,84,90,100,101,128,130,131" m="7209,40553" machi="82" ten="40,2700,0" yaku="19,1,54,1" doraHai="49,50" who="0" fromWho="0" sc="226,27,304,-7,244,-7,226,-13" /><INIT seed="4,0,0,1,4,89" ten="253,297,237,213" oya="0" hai0="34,67,109,39,44,106,114,100,98,96,18,130,21" hai1="23,133,6,127,110,20,51,24,42,80,3,129,40" hai2="118,50,76,30,13,104,99,53,91,128,37,126,135" hai3="62,33,83,49,14,63,31,119,116,1,132,131,108"/><T56/><D34/><U8/><E110/><V122/><F122/><W26/><G108/><T82/><D109/><U7/><E129/><V78/><F128/><W11/><G131/><T65/><D130/><U86/><E133/><V90/><F135/><W41/><G132/><T101/><D82/><U107/><E107/><V0/><F0/><W59/><G1/><T71/><D71/><U75/><E75/><V84/><F37/><W68/><G68/><T17/><D114/><U103/><E103/><V70/><F70/><W88/><G63/><T38/><D17/><U27/><E127/><V47/><F126/><W4/><G49/><T111/><D111/><U9/><E51/><V72/><F72/><W81/><G41/><N who="1" m="15978" /><E3/><V55/><F30/><W124/><G124/><T29/><D29/><N who="1" m="17543" /><E9/><V105/><F105/><W46/><G119/><T123/><D123/><U79/><E8/><V25/><F104/><W69/><G69/><T43/><D38/><U48/><E48/><V120/><F120/><W94/><G46/><T73/><D73/><U61/><E61/><V74/><F74/><W16/><G4/><T87/><D87/><U5/><E5/><V45/><F50/><W95/><G116/><T22/><D56/><U35/><E35/><V19/><F84/><W2/><G2/><T64/><REACH who="0" step="1"/><D18/><AGARI ba="0,0" hai="6,7,18,23,27,79,80,86" m="17543,15978" machi="18" ten="30,1000,0" yaku="8,1" doraHai="89" who="1" fromWho="0" sc="253,-10,297,10,237,0,213,0" /><INIT seed="5,0,0,3,1,119" ten="243,307,237,213" oya="1" hai0="122,33,15,67,8,12,69,96,57,51,25,29,135" hai1="68,26,24,87,90,88,30,85,32,62,73,82,1" hai2="50,31,74,9,121,81,54,127,79,86,75,40,22" hai3="132,23,49,83,16,111,129,6,20,125,4,59,61"/><U35/><E1/><V93/><F121/><W133/><G111/><T107/><D135/><U65/><E73/><V36/><F127/><W134/><G49/><T43/><D43/><U39/><E39/><V89/><F9/><W115/><G115/><T104/><D107/><U60/><E60/><V46/><F31/><W19/><G129/><T114/><D114/><U58/><E24/><V108/><F108/><W63/><G83/><T42/><D42/><U76/><E76/><V7/><F22/><N who="3" m="8235" /><G125/><T131/><D131/><U95/><REACH who="1" step="1"/><E32/><REACH who="1" ten="243,297,237,213" step="2"/><V92/><F75/><W70/><G63/><N who="0" m="40191" /><D51/><U37/><E37/><V120/><F79/><W110/><G110/><T53/><D57/><AGARI ba="0,1" hai="26,30,35,57,58,62,65,68,82,85,87,88,90,95" machi="57" ten="40,3900,0" yaku="1,1,54,1,53,0" doraHai="119" doraHaiUra="118" who="1" fromWho="0" sc="243,-39,297,49,237,0,213,0" /><INIT seed="5,1,0,4,3,27" ten="204,346,237,213" oya="1" hai0="26,33,40,36,51,98,82,21,42,38,85,54,132" hai1="104,75,116,73,29,77,48,100,22,2,81,92,66" hai2="46,43,64,5,107,32,47,59,125,130,87,16,124" hai3="114,65,0,96,117,101,72,10,122,49,128,134,68"/><U108/><E116/><V60/><F107/><W8/><G8/><T12/><D33/><U105/><E2/><V79/><F5/><W34/><G49/><T37/><D132/><U131/><E66/><V20/><F32/><W127/><G96/><T74/><D74/><N who="1" m="43191" /><E29/><V17/><F130/><W63/><G101/><T11/><D98/><N who="1" m="59463" /><E22/><V50/><F46/><W58/><G58/><T110/><D110/><U69/><E48/><V6/><F6/><W23/><G63/><T61/><D61/><U94/><E69/><V112/><F112/><W99/><G99/><T120/><D120/><U126/><E94/><V30/><F30/><W91/><G65/><T4/><D38/><U83/><E131/><V102/><F20/><W24/><G24/><T1/><D1/><U35/><E35/><V18/><F102/><W45/><G23/><T89/><D37/><U113/><E113/><V9/><F9/><W111/><G10/><T57/><D36/><U39/><E39/><V109/><F64/><W7/><G0/><T19/><AGARI ba="1,0" hai="4,11,12,19,21,26,40,42,51,54,57,82,85,89" machi="19" ten="20,2700,0" yaku="0,1,7,1,8,1" doraHai="27" who="0" fromWho="0" sc="204,30,346,-14,237,-8,213,-8" /><INIT seed="6,0,0,3,4,129" ten="234,332,229,205" oya="2" hai0="66,20,106,7,98,72,14,96,118,24,112,12,90" hai1="47,109,37,52,75,89,41,33,35,13,29,100,27" hai2="110,16,53,21,83,87,44,1,133,3,88,46,31" hai3="103,79,67,64,114,15,124,18,6,99,121,123,105"/><V125/><F125/><W130/><G130/><T131/><D131/><U128/><E128/><V70/><F70/><W60/><G124/><T39/><D39/><U4/><E109/><V101/><F101/><W10/><G67/><T57/><D72/><U68/><E75/><V45/><F31/><W95/><G79/><T69/><D69/><U135/><E68/><V132/><F110/><W86/><G114/><T82/><D112/><U84/><E35/><V108/><F108/><W65/><G65/><T94/><D118/><U50/><E100/><V62/><F62/><W61/><G61/><N who="0" m="38191" /><D106/><U40/><E37/><V107/><F107/><W30/><G30/><N who="0" m="17671" /><D7/><U34/><E34/><V5/><F53/><W0/><G105/><T81/><D96/><U55/><E55/><V25/><REACH who="2" step="1"/><F5/><REACH who="2" ten="234,332,219,205" step="2"/><W8/><G60/><T63/><D63/><U26/><E4/><V85/><F85/><W51/><G64/><T58/><D58/><U111/><E84/><V9/><F9/><W113/><G86/><N who="0" m="50511" /><D82/><U19/><E29/><V80/><F80/><W116/><G113/><T93/><D93/><U102/><E111/><V117/><F117/><W120/><G116/><T49/><D49/><U97/><E102/><AGARI ba="0,1" hai="12,14,94,98,102" m="50511,17671,38191" machi="102" ten="30,2000,0" yaku="25,1,8,1" doraHai="129" who="0" fromWho="1" sc="234,30,332,-20,219,0,205,0" /><INIT seed="7,0,0,5,5,114" ten="264,312,219,205" oya="3" hai0="126,79,51,43,48,2,70,28,130,105,23,52,9" hai1="84,15,122,88,59,46,44,83,26,69,27,111,34" hai2="108,8,100,110,129,89,1,54,113,74,16,35,20" hai3="101,10,72,40,81,3,80,47,7,50,18,102,132"/><W17/><G132/><T131/><D105/><U134/><E122/><V55/><F35/><W121/><G121/><T119/><D79/><U91/><E111/><V58/><F113/><W5/><G5/><T63/><D2/><U24/><E69/><V38/><F38/><W116/><G116/><T109/><D9/><U99/><E34/><V49/><F74/><W87/><G72/><T11/><D11/><U90/><E134/><V31/><F100/><W19/><REACH who="3" step="1"/><G81/><REACH who="3" ten="264,312,219,195" step="2"/><T4/><D4/><U66/><E83/><V135/><F135/><W33/><G33/><T62/><D109/><U77/><E84/><V65/><F110/><W71/><G71/><T86/><D86/><U82/><E82/><V14/><F108/><W103/><G103/><T85/><D85/><U123/><E123/><V95/><F1/><W133/><G133/><T73/><D73/><U12/><E99/><V60/><F129/><W37/><G37/><T41/><D119/><U118/><E118/><V30/><F8/><W29/><G29/><T57/><D28/><U93/><E77/><AGARI ba="0,1" hai="3,7,10,17,18,19,40,47,50,77,80,87,101,102" machi="77" ten="40,3900,0" yaku="1,1,53,1" doraHai="114" doraHaiUra="6" who="3" fromWho="1" sc="264,0,312,-39,219,0,195,49" /><INIT seed="7,1,0,0,5,113" ten="264,273,219,244" oya="3" hai0="48,77,20,119,6,88,129,7,2,46,126,81,62" hai1="112,32,71,133,94,25,101,36,59,128,73,0,121" hai2="53,31,45,115,95,106,17,110,18,50,64,4,65" hai3="23,74,105,107,75,104,86,118,85,131,63,55,116"/><W100/><G23/><T96/><D126/><U27/><RYUUKYOKU type="yao9" ba="1,0" sc="264,0,273,0,219,0,244,0" hai1="0,25,27,32,36,59,71,73,94,101,112,121,128,133" /><INIT seed="7,2,0,4,2,47" ten="264,273,219,244" oya="3" hai0="56,88,96,102,61,87,120,129,83,99,53,27,132" hai1="9,20,62,51,94,55,107,6,68,15,108,33,110" hai2="80,64,81,72,71,95,130,121,16,103,116,39,25" hai3="122,106,97,52,13,104,2,58,38,101,44,73,67"/><W125/><G122/><T8/><D120/><U91/><E33/><V126/><F121/><W74/><G2/><T92/><D132/><U11/><E107/><V57/><F116/><W85/><G106/><T69/><D69/><U32/><E32/><V117/><F117/><W4/><G125/><T42/><D129/><U3/><E20/><N who="2" m="13447" /><F71/><W86/><G67/><T93/><D42/><U111/><E62/><N who="2" m="37967" /><F39/><W12/><G74/><T7/><D7/><U29/><E29/><V19/><F72/><W5/><G73/><T75/><D75/><U89/><E68/><V40/><F40/><W49/><G38/><T10/><REACH who="0" step="1"/><D27/><REACH who="0" ten="254,273,219,244" step="2"/><U36/><E6/><V63/><F130/><W78/><G4/><T105/><D105/><U77/><E110/><V60/><F126/><W22/><G5/><T113/><D113/><U109/><E111/><V34/><F34/><W24/><G104/><T79/><AGARI ba="2,1" hai="8,10,53,56,61,79,83,87,88,92,93,96,99,102" machi="79" ten="20,8000,1" yaku="1,1,0,1,7,1,8,1,54,1,53,0" doraHai="47" doraHaiUra="65" who="0" fromWho="0" sc="254,96,273,-22,219,-22,244,-42" owari="350,45.0,251,5.0,197,-30.0,202,-20.0" /></mjloggm>