<mjloggm ver="2.3"><GO type="169" lobby="0"/><UN n0="%E3%83%9B%E3%83%A2%E5%85%AC" n1="%67%61%6D%6F%33" n2="%E3%82%A6%E3%83%AB%E3%83%88%E3%83%A9%E7%AB%8B%E7%9B%B4" n3="%61%31%33%31%38%34%38" dan="16,16,17,16" rate="2075.96,2087.54,2209.20,2100.35" sx="M,M,M,M"/><TAIKYOKU oya="0"/><INIT seed="0,0,0,1,2,49" ten="250,250,250,250" oya="0" hai0="110,74,65,112,83,23,61,73,68,52,31,57,21" hai1="30,43,109,0,9,66,28,3,113,116,13,19,37" hai2="90,80,59,39,135,32,89,86,56,71,48,124,47" hai3="46,111,55,10,106,77,114,125,131,63,16,27,8"/><T7/><D112/><U78/><E116/><V76/><F71/><W100/><G114/><T29/><D7/><U92/><E113/><V99/><F32/><W123/><G111/><T132/><D132/><U81/><E109/><V75/><F135/><W33/><G125/><T96/><D110/><U133/><E66/><V44/><F124/><W101/><G131/><T34/><D96/><U15/><E92/><V26/><F39/><W87/><G123/><T25/><D83/><U6/><E133/><V134/><F134/><W115/><G115/><T102/><D102/><N who="3" m="39529" /><G33/><T69/><D68/><U42/><E0/><V17/><F75/><W79/><G106/><T122/><D122/><U51/><E37/><V97/><F47/><W85/><G85/><T130/><D130/><U105/><E105/><V117/><F117/><W67/><G67/><T18/><D31/><U54/><E3/><V82/><F99/><W45/><G45/><T94/><D94/><U60/><E60/><V120/><F120/><W50/><G63/><T64/><D64/><U53/><E28/><V4/><F97/><W128/><G128/><T95/><D95/><U36/><E30/><V118/><F118/><W127/><G127/><T126/><D126/><U20/><E36/><V1/><F1/><W98/><G98/><T40/><D40/><N who="1" m="15403" /><E51/><V104/><F104/><W129/><G129/><T119/><D119/><U2/><E2/><V35/><F48/><W107/><G107/><T121/><D121/><U70/><E70/><V88/><F35/><W14/><G50/><N who="0" m="30871" /><D34/><U5/><E5/><V108/><F4/><RYUUKYOKU ba="0,0" sc="250,15,250,15,250,-15,250,-15" hai0="18,21,23,25,29,61,65,69,73,74" hai1="6,9,13,15,19,20,53,54,78,81" /><INIT seed="0,1,0,3,3,49" ten="265,265,235,235" oya="0" hai0="94,8,135,67,6,16,57,9,88,87,21,89,24" hai1="116,60,90,120,72,19,17,124,13,51,7,20,111" hai2="10,133,39,38,114,25,128,14,78,79,99,5,62" hai3="70,68,0,71,52,64,61,107,109,34,31,29,108"/><T37/><D37/><U15/><E120/><V53/><F114/><W50/><G0/><T3/><D135/><U122/><E122/><V65/><F133/><W81/><G107/><T56/><D67/><U126/><E72/><V18/><F128/><W26/><G29/><T110/><D110/><N who="3" m="42601" /><G81/><T132/><D132/><U100/><E111/><V106/><F39/><W4/><G4/><T2/><D89/><U40/><E100/><V121/><F38/><W112/><G112/><T101/><D101/><U75/><E75/><V96/><F121/><W129/><G129/><T103/><D103/><U80/><E60/><V55/><F106/><W102/><G102/><T59/><D8/><U98/><E7/><V77/><F5/><W105/><G105/><T119/><D119/><U127/><E116/><V134/><F134/><W92/><G92/><T69/><REACH who="0" step="1"/><D2/><REACH who="0" ten="255,265,235,235" step="2"/><U23/><E90/><V48/><F65/><W74/><G74/><T95/><D95/><U27/><E80/><V12/><F10/><W66/><G66/><T1/><D1/><U54/><E124/><V35/><F79/><W84/><G84/><T123/><D123/><U22/><E126/><V76/><F78/><W36/><G36/><T42/><D42/><U85/><E40/><V125/><F77/><W46/><AGARI ba="1,1" hai="26,31,34,46,50,52,61,64,68,70,71" m="42601" machi="46" ten="30,4000,0" yaku="14,1,52,1,54,1" doraHai="49" who="3" fromWho="3" sc="255,-21,265,-11,235,-11,235,53" /><INIT seed="1,0,0,1,5,17" ten="234,254,224,288" oya="1" hai0="66,120,44,42,68,48,29,40,93,114,65,100,128" hai1="4,119,82,94,73,69,70,55,98,79,113,61,51" hai2="5,130,124,52,76,91,12,14,78,116,117,122,43" hai3="132,105,135,16,11,15,13,41,2,81,104,75,90"/><U33/><E33/><V71/><F71/><W23/><G2/><T53/><D114/><U129/><E119/><V19/><F122/><W1/><G1/><T83/><D128/><U108/><E129/><V107/><F107/><W6/><G41/><T97/><D120/><U125/><E113/><V92/><F43/><W99/><G99/><T27/><D83/><U96/><E96/><V86/><F124/><W49/><G49/><T58/><D68/><U34/><E34/><V74/><F130/><W21/><G23/><T28/><D42/><U20/><E4/><V39/><F39/><W101/><G101/><T31/><REACH who="0" step="1"/><D27/><REACH who="0" ten="224,254,224,288" step="2"/><U121/><E121/><V80/><F80/><W25/><G132/><T47/><D47/><U7/><E125/><V77/><F117/><W45/><G135/><T36/><AGARI ba="0,1" hai="28,29,31,36,40,44,48,53,58,65,66,93,97,100" machi="36" ten="30,2000,0" yaku="1,1,0,1,53,0" doraHai="17" doraHaiUra="3" who="0" fromWho="0" sc="224,30,254,-10,224,-5,288,-5" /><INIT seed="2,0,0,2,4,130" ten="254,244,219,283" oya="2" hai0="43,46,56,106,95,127,1,89,7,22,80,123,62" hai1="47,29,15,25,31,121,23,75,3,50,33,104,55" hai2="65,26,86,20,11,18,101,116,110,74,64,49,108" hai3="66,92,45,48,13,32,132,40,60,21,129,126,97"/><V27/><F74/><W120/><G120/><T42/><D106/><U98/><E75/><V58/><F116/><W112/><G32/><T44/><D123/><U57/><E121/><V91/><F101/><W36/><G129/><T8/><D127/><U76/><E3/><V118/><F118/><W4/><G126/><T77/><D22/><U115/><E76/><V10/><F27/><W102/><G112/><T41/><D80/><U82/><E82/><V12/><F10/><W17/><G4/><T39/><D77/><U6/><E115/><V67/><F49/><W71/><REACH who="3" step="1"/><G36/><REACH who="3" ten="254,244,219,273" step="2"/><T38/><D43/><U9/><E33/><V114/><F114/><W68/><G68/><T24/><D24/><U135/><E25/><V81/><REACH who="2" step="1"/><F58/><REACH who="2" ten="254,244,209,273" step="2"/><W30/><G30/><AGARI ba="0,2" hai="11,12,18,20,26,30,64,65,67,81,86,91,108,110" machi="30" ten="40,3900,0" yaku="1,1,2,1,53,0" doraHai="130" doraHaiUra="94" who="2" fromWho="3" sc="254,0,244,0,209,59,273,-39" /><INIT seed="2,1,0,4,1,131" ten="254,244,268,234" oya="2" hai0="33,0,75,58,106,129,95,7,120,110,109,27,14" hai1="29,55,48,108,36,1,121,118,46,124,101,92,99" hai2="62,84,3,53,22,30,16,40,56,37,42,103,60" hai3="115,107,116,76,87,13,35,10,104,90,88,81,100"/><V72/><F72/><W86/><G116/><T23/><D106/><U19/><E118/><V39/><F3/><W63/><G115/><T67/><D75/><U128/><E128/><V57/><F30/><W31/><G63/><N who="0" m="38391" /><D120/><U98/><E1/><V43/><F103/><W96/><G107/><T26/><D129/><U89/><E36/><V41/><N who="2" m="10240" /><DORA hai="112" /><V119/><F84/><W83/><G35/><T17/><D95/><U8/><E124/><V133/><F119/><W32/><G32/><T34/><D27/><U28/><E108/><N who="0" m="41577" /><D0/><U24/><E121/><V50/><F133/><W111/><G111/><T20/><D7/><U79/><E79/><V94/><F94/><W130/><G130/><T134/><D134/><U21/><REACH who="1" step="1"/><E8/><REACH who="1" ten="254,234,268,234" step="2"/><V127/><F127/><W80/><G76/><T82/><D82/><U44/><E44/><V6/><F39/><W117/><G117/><T125/><D125/><U78/><E78/><V5/><F37/><W85/><REACH who="3" step="1"/><G31/><AGARI ba="1,1" hai="14,17,20,23,26,31,33,34" m="41577,38391" machi="31" ten="30,1000,0" yaku="14,1" doraHai="131,112" who="0" fromWho="3" sc="254,23,234,0,268,0,234,-13" /><INIT seed="3,0,0,3,2,61" ten="277,234,268,221" oya="3" hai0="97,31,92,15,134,37,10,93,120,54,25,52,18" hai1="56,65,106,104,75,58,68,82,122,9,100,105,49" hai2="79,76,3,0,77,135,131,108,110,66,128,116,81" hai3="90,7,118,96,20,84,38,72,48,113,60,11,74"/><W107/><G113/><T19/><D120/><U55/><E122/><V34/><F34/><W30/><G118/><T57/><D37/><U133/><E133/><V29/><F29/><W99/><G38/><T112/><D112/><U101/><E68/><V12/><F12/><W43/><G60/><T13/><D134/><U124/><E124/><V5/><F5/><W41/><G72/><T95/><D97/><U44/><E9/><V123/><F135/><W42/><G74/><T51/><D54/><U126/><E126/><V132/><F132/><W115/><G48/><T46/><D46/><U119/><E119/><V80/><F116/><W89/><G115/><T26/><REACH who="0" step="1"/><D31/><REACH who="0" ten="267,234,268,221" step="2"/><U40/><E40/><V53/><F53/><W33/><G99/><T6/><D6/><U85/><E44/><V88/><F123/><W63/><G30/><T109/><D109/><U102/><E75/><V17/><F110/><W47/><G47/><T127/><D127/><U59/><REACH who="1" step="1"/><E65/><REACH who="1" ten="267,224,268,221" step="2"/><V114/><F66/><W2/><G43/><T103/><D103/><U91/><AGARI ba="0,2" hai="49,55,56,58,59,82,85,91,100,101,102,104,105,106" machi="91" ten="40,5200,0" yaku="1,1,2,1,0,1,53,0" doraHai="61" doraHaiUra="14" who="1" fromWho="1" sc="267,-13,224,72,268,-13,221,-26" /><INIT seed="4,0,0,0,5,38" ten="254,296,255,195" oya="0" hai0="112,124,9,32,43,24,88,68,82,104,101,85,59" hai1="62,12,98,106,110,84,52,17,50,83,117,37,105" hai2="34,57,92,64,91,109,128,95,1,58,73,121,29" hai3="69,39,127,94,2,47,0,111,11,35,103,108,78"/><T25/><D68/><U56/><E117/><V81/><F1/><W133/><G127/><T48/><D124/><U3/><E3/><V116/><F109/><W120/><G133/><T74/><D74/><U130/><E37/><V33/><F121/><W41/><G120/><T20/><D112/><U49/><E110/><V99/><F128/><W28/><G0/><T129/><D129/><U16/><E130/><V118/><F29/><W61/><G78/><T122/><D122/><U18/><E105/><V126/><F126/><W125/><G125/><T4/><D32/><U31/><E31/><V90/><F81/><W15/><G94/><T113/><D113/><U6/><E98/><V36/><F36/><W131/><G103/><T53/><D43/><U86/><E106/><V93/><F99/><W5/><G15/><N who="0" m="5543" /><D20/><U76/><E84/><V107/><F107/><W119/><G119/><N who="2" m="45609" /><F73/><W7/><G7/><T115/><D115/><U123/><E123/><V100/><F100/><W51/><G131/><T42/><D42/><U72/><E72/><V132/><F132/><W67/><G51/><N who="1" m="19466" /><E6/><V89/><F64/><W19/><G19/><T134/><D134/><U66/><E66/><V135/><F135/><W75/><G75/><T114/><D114/><U13/><AGARI ba="0,0" hai="12,13,16,17,18,52,56,62,76,83,86" m="19466" machi="13" ten="30,4000,0" yaku="8,1,54,2" doraHai="38" who="1" fromWho="1" sc="254,-20,296,40,255,-10,195,-10" /><INIT seed="5,0,0,4,1,87" ten="234,336,245,185" oya="1" hai0="75,94,26,47,113,15,130,100,110,118,62,103,11" hai1="64,115,38,54,96,65,35,25,46,68,97,43,84" hai2="72,22,125,93,134,131,104,116,99,42,31,16,33" hai3="123,30,66,32,83,13,4,49,55,57,78,18,28"/><U3/><E3/><V109/><F116/><W105/><G123/><T70/><D75/><U12/><E68/><V19/><F109/><W122/><G122/><T74/><D74/><U23/><E35/><V126/><F104/><W91/><G105/><T5/><D130/><U37/><E37/><V36/><F72/><W44/><G4/><T80/><D118/><U107/><E12/><V34/><F131/><W41/><G66/><T39/><D80/><U8/><E8/><V102/><F134/><W121/><G121/><T82/><D82/><U45/><E115/><V0/><F0/><W101/><G101/><T112/><D26/><U120/><E120/><V128/><F128/><W59/><G32/><T60/><D110/><U61/><E84/><V124/><F31/><N who="3" m="11819" /><G78/><T17/><D5/><U119/><E119/><V76/><F76/><W63/><G59/><T21/><D11/><U7/><E7/><V27/><F19/><W1/><G1/><T69/><D69/><U20/><E64/><V132/><F132/><W81/><G91/><T6/><D6/><U79/><E79/><V67/><F67/><W117/><G117/><T14/><D14/><U71/><E25/><V92/><F34/><W48/><G63/><N who="0" m="24107" /><D70/><U89/><E107/><N who="2" m="63967" /><F33/><W85/><G85/><T10/><D10/><AGARI ba="0,0" hai="10,13,18,41,44,48,49,55,57,81,83" m="11819" machi="10" ten="30,1000,0" yaku="8,1" doraHai="87" who="3" fromWho="0" sc="234,-10,336,0,245,0,185,10" /><INIT seed="6,0,0,5,2,30" ten="224,336,245,195" oya="2" hai0="5,70,27,6,4,55,99,50,54,79,44,121,109" hai1="2,41,83,18,7,35,91,116,53,24,20,3,77" hai2="131,74,42,38,114,84,0,127,89,78,95,117,21" hai3="68,17,51,14,29,43,103,87,19,65,81,10,31"/><V34/><F0/><W133/><G133/><T90/><D70/><U71/><E116/><V69/><F117/><W130/><G130/><T106/><D109/><U88/><E71/><V105/><F69/><W104/><G104/><T63/><D121/><U102/><E102/><V62/><F34/><W13/><G103/><T59/><D79/><U119/><E119/><V60/><F131/><W124/><G124/><T16/><D106/><U100/><E100/><V8/><F8/><W135/><G135/><T132/><D132/><U25/><E53/><V49/><F38/><W56/><G68/><T120/><D120/><U111/><E111/><V66/><F66/><W26/><G26/><T72/><D72/><U9/><E2/><V57/><F114/><W123/><G123/><T67/><D67/><U101/><E101/><V12/><F105/><W64/><G43/><T113/><D113/><U52/><E41/><V80/><F127/><W118/><G118/><T11/><D11/><U22/><E35/><V39/><F39/><W115/><G115/><T98/><D90/><U32/><E32/><V48/><F42/><W92/><G65/><T85/><D85/><U97/><E52/><N who="2" m="31887" /><F48/><W40/><G40/><T134/><D134/><U46/><E46/><V107/><F107/><W86/><G51/><T112/><D112/><U125/><E125/><V110/><F110/><W96/><G64/><T94/><D94/><U37/><E37/><V126/><F126/><W82/><G56/><T36/><D36/><U73/><E97/><N who="2" m="57583" /><F74/><W108/><G108/><T23/><AGARI ba="0,0" hai="4,5,6,16,23,27,44,50,54,55,59,63,98,99" machi="23" ten="30,4000,0" yaku="0,1,8,1,54,1" doraHai="30" who="0" fromWho="0" sc="224,40,336,-10,245,-20,195,-10" /><INIT seed="7,0,0,4,2,41" ten="264,326,225,185" oya="3" hai0="11,120,35,32,71,75,86,36,106,2,34,4,72" hai1="110,81,20,88,114,80,42,66,56,125,44,13,85" hai2="103,113,55,101,67,40,112,10,63,102,87,60,24" hai3="46,95,47,16,98,111,48,1,91,92,117,29,43"/><W25/><G117/><T39/><D86/><U9/><E110/><V127/><F127/><W96/><G1/><T3/><D120/><U83/><E125/><V122/><F122/><W93/><G111/><T12/><D12/><U107/><E107/><V31/><F40/><W116/><G116/><T129/><D129/><U38/><E20/><N who="2" m="15751" /><F67/><W100/><G16/><T5/><D106/><U126/><E114/><N who="2" m="44139" /><F55/><W64/><G64/><T78/><D71/><U62/><E126/><V68/><F68/><W49/><G95/><T82/><D75/><U23/><E23/><V105/><F105/><W121/><G121/><T124/><D124/><U108/><E108/><V77/><F10/><AGARI ba="0,0" hai="2,3,4,5,10,11,32,34,35,36,39,72,78,82" machi="10" ten="40,8000,1" yaku="9,1,33,3" doraHai="41" who="0" fromWho="2" sc="264,80,326,0,225,-80,185,0" owari="344,43.0,326,13.0,145,-35.0,185,-21.0" /></mjloggm>