<mjloggm ver="2.3"><GO type="41" lobby="0"/><UN n0="%E5%B0%B1%E6%B4%BB%E7%94%9F%40%E5%B7%9D%E6%9D%91%E8%BB%8D%E5%9B%A3" n1="%68%61%6E%6B%65%74%75" n2="%45%6E%4B%69%64%75" n3="%E6%B8%8B%E8%B0%B7%E5%B0%AD%E6%B7%B1%EF%BC%A0%E8%99%8E%E5%A7%AB" dan="17,14,13,13" rate="2150.87,1873.43,1886.46,1891.76" sx="M,M,M,F"/><TAIKYOKU oya="0"/><INIT seed="0,0,0,5,2,26" ten="250,250,250,250" oya="0" hai0="15,96,84,103,71,94,75,82,3,90,37,10,108" hai1="87,80,114,102,81,12,109,79,51,97,55,69,1" hai2="62,0,99,5,83,45,63,89,86,110,135,42,54" hai3="28,112,115,76,44,123,134,53,91,125,68,29,33"/><T38/><D3/><U36/><E36/><V31/><F110/><W101/><G68/><T126/><D71/><U105/><E109/><V128/><F128/><W67/><G33/><T14/><D108/><U8/><E69/><V78/><F135/><W121/><G67/><T7/><D126/><U74/><E114/><N who="3" m="43562" /><G76/><T2/><D15/><U124/><E124/><V131/><F131/><W93/><G125/><T57/><D2/><U34/><E34/><V50/><F0/><W22/><G101/><T32/><D32/><U6/><E55/><V4/><F99/><N who="3" m="57791" /><G22/><T58/><D57/><U11/><E51/><V98/><F98/><W122/><G134/><T106/><REACH who="0" step="1"/><D58/><REACH who="0" ten="240,250,250,250" step="2"/><U130/><E130/><V27/><F27/><W111/><G111/><T19/><D19/><U17/><E17/><V117/><F4/><W70/><G70/><T18/><D18/><U30/><E1/><V52/><F5/><W47/><G47/><T25/><D25/><U85/><E12/><V120/><F120/><W73/><G73/><T127/><D127/><U21/><E6/><V60/><F117/><W39/><G39/><T43/><D43/><U46/><E46/><V116/><F116/><W100/><G44/><T132/><D132/><U119/><E119/><V49/><F42/><W65/><G123/><T35/><D35/><U61/><E11/><V72/><F72/><W66/><G122/><T88/><D88/><U107/><E8/><V48/><F89/><W56/><G121/><T59/><D59/><U64/><E74/><V118/><F118/><W23/><G56/><T40/><D40/><RYUUKYOKU ba="0,1" sc="240,30,250,-10,250,-10,250,-10" hai0="7,10,14,37,38,75,82,84,90,94,96,103,106" /><INIT seed="0,1,1,4,0,21" ten="270,240,240,240" oya="0" hai0="125,94,101,72,95,90,105,3,34,28,97,66,37" hai1="92,73,16,117,11,31,123,52,122,35,98,10,45" hai2="69,118,14,120,103,96,93,113,63,61,29,112,58" hai3="38,7,5,49,12,40,134,44,25,23,1,100,48"/><T18/><D3/><U135/><E135/><V2/><F120/><W50/><G134/><T130/><D37/><U89/><E73/><V84/><F2/><W68/><G68/><T74/><D125/><U13/><E117/><V43/><F118/><W106/><G1/><T132/><D130/><U22/><E35/><V64/><F43/><W56/><G56/><T128/><D128/><U116/><E116/><V110/><F110/><W62/><G62/><T57/><D132/><U129/><E129/><V88/><F29/><W46/><G106/><T60/><D105/><U65/><E65/><V51/><F14/><W78/><G78/><T104/><D104/><U81/><E81/><V115/><F51/><W109/><G100/><T20/><D28/><U124/><E124/><V30/><F30/><W42/><G109/><T111/><D34/><U83/><E83/><V80/><REACH who="2" step="1"/><F115/><REACH who="2" ten="270,240,230,240" step="2"/><W87/><G38/><T26/><REACH who="0" step="1"/><D111/><REACH who="0" ten="260,240,230,240" step="2"/><U6/><E31/><V114/><F114/><W99/><G42/><T39/><D39/><U82/><E123/><V36/><F36/><W86/><G40/><T53/><D53/><AGARI ba="1,3" hai="53,58,61,63,64,69,80,84,88,93,96,103,112,113" machi="53" ten="30,7700,0" yaku="1,1,7,1,54,1,53,1" doraHai="21" doraHaiUra="54" who="2" fromWho="0" sc="260,-80,240,0,230,110,240,0" /><INIT seed="1,0,0,4,0,69" ten="180,240,340,240" oya="1" hai0="61,62,60,112,97,66,43,51,6,22,52,92,118" hai1="36,93,132,24,70,33,32,114,90,73,65,79,48" hai2="8,100,0,58,101,80,20,81,130,46,3,45,119" hai3="94,37,126,98,105,84,71,83,55,23,47,82,99"/><U127/><E114/><V25/><F119/><W44/><G71/><T104/><D112/><U131/><E131/><V1/><F130/><W91/><G126/><T67/><D118/><U88/><E127/><V86/><F8/><W108/><G108/><T17/><D104/><U123/><E123/><V40/><F58/><W28/><G105/><T106/><D106/><U13/><E13/><V135/><F135/><W121/><G121/><T87/><D43/><U57/><E36/><V18/><F46/><N who="3" m="17451" /><G37/><T9/><D87/><U38/><E38/><V54/><F54/><W89/><G55/><T10/><D22/><U59/><E70/><V122/><F122/><W74/><G74/><T12/><D9/><U21/><E48/><V107/><F107/><W78/><G23/><T102/><REACH who="0" step="1"/><D6/><REACH who="0" ten="170,240,340,240" step="2"/><U111/><E111/><V124/><F124/><W77/><G99/><T5/><D5/><U53/><E132/><V16/><F18/><W109/><G98/><T2/><D2/><U35/><E21/><V7/><F7/><W4/><G4/><T103/><D103/><U14/><E33/><V115/><F115/><W117/><G109/><T125/><D125/><U128/><E35/><V30/><F101/><W41/><G117/><T11/><D11/><U49/><E128/><V64/><F100/><W34/><G41/><T110/><D110/><U19/><E32/><V134/><F134/><W133/><G34/><T116/><D116/><U39/><E19/><V29/><F86/><N who="3" m="48503" /><G133/><T56/><AGARI ba="0,1" hai="10,12,17,51,52,56,60,61,62,66,67,92,97,102" machi="56" ten="30,8000,1" yaku="1,1,0,1,8,1,54,1,53,1" doraHai="69" doraHaiUra="95" who="0" fromWho="0" sc="170,90,240,-40,340,-20,240,-20" /><INIT seed="2,0,0,0,1,39" ten="260,200,320,220" oya="2" hai0="29,107,123,82,30,84,13,49,63,87,134,61,92" hai1="77,26,118,70,111,72,121,120,102,47,59,17,127" hai2="90,81,42,27,6,69,83,41,46,100,8,54,52" hai3="4,62,76,122,10,32,2,23,133,86,112,36,93"/><V56/><F69/><W15/><G122/><T135/><D107/><U28/><E118/><V45/><F27/><W33/><G133/><N who="0" m="50699" /><D123/><U99/><E70/><V40/><F100/><W48/><G112/><T108/><D108/><U115/><E115/><V129/><F129/><W96/><G36/><T55/><D13/><U0/><E111/><V68/><F68/><W14/><G62/><N who="0" m="23563" /><D92/><U19/><E0/><V21/><F21/><W71/><G71/><T34/><D34/><U114/><E114/><V117/><F117/><W109/><G109/><T67/><D67/><U131/><E131/><V37/><F37/><W125/><G2/><T80/><D80/><N who="2" m="30794" /><F90/><W38/><G33/><T85/><D82/><U24/><E120/><V75/><F75/><W101/><G38/><T43/><D43/><N who="2" m="11010" /><V119/><DORA hai="89" /><F119/><W44/><G32/><T9/><D9/><U5/><E72/><V106/><F106/><W130/><G130/><T25/><D25/><U132/><E26/><V65/><F65/><W16/><G23/><T91/><D91/><U128/><E24/><V64/><F64/><W98/><G10/><T97/><D97/><U126/><E99/><V53/><F56/><AGARI ba="0,0" hai="29,30,49,55,56,84,85,87" m="23563,50699" machi="56" ten="30,1000,0" yaku="20,1" doraHai="39,89" who="0" fromWho="2" sc="260,10,200,0,320,-10,220,0" /><INIT seed="3,0,0,2,4,77" ten="270,200,310,220" oya="3" hai0="45,12,7,52,104,32,106,112,129,90,60,76,34" hai1="43,63,91,72,120,92,23,121,67,24,128,116,108" hai2="101,59,89,10,82,3,37,19,15,66,83,95,71" hai3="5,111,100,70,75,79,50,28,65,118,85,93,29"/><W88/><G118/><T122/><D122/><U114/><E108/><V26/><F71/><W38/><G111/><T126/><D129/><U124/><E116/><V119/><F37/><W61/><G38/><T16/><D7/><U0/><E114/><V13/><F119/><W1/><G100/><T22/><D112/><U57/><E128/><V73/><F3/><W25/><G50/><T131/><D131/><U127/><E72/><V62/><F73/><W123/><G123/><T110/><D110/><U35/><E0/><V109/><F109/><W68/><G28/><T31/><D126/><N who="1" m="48171" /><E35/><V14/><F101/><W80/><G1/><T53/><D76/><U125/><E43/><V47/><F47/><W27/><G5/><T42/><D90/><U9/><E9/><V132/><F132/><W94/><G94/><T115/><D115/><U87/><N who="1" m="48179" /><U135/><DORA hai="86" /><E135/><V8/><F26/><W99/><G70/><T78/><D78/><U2/><E2/><V134/><F134/><W107/><G107/><T64/><D106/><U6/><E6/><N who="2" m="3223" /><F14/><W97/><G25/><T11/><D104/><U44/><E44/><V40/><F40/><W102/><G102/><T20/><D34/><AGARI ba="0,0" hai="27,29,34,61,65,68,75,79,80,85,88,93,97,99" machi="34" ten="30,11600,0" yaku="7,1,52,2,54,1" doraHai="77,86" who="3" fromWho="0" sc="270,-116,200,0,310,0,220,116" /><INIT seed="3,1,0,4,5,84" ten="154,200,310,336" oya="3" hai0="52,21,73,19,89,61,39,13,58,38,2,114,29" hai1="55,63,68,44,11,33,65,129,17,12,41,109,121" hai2="111,104,5,31,7,92,101,49,119,95,77,116,122" hai3="117,47,60,132,98,62,8,127,32,67,134,83,115"/><W24/><G117/><T56/><D73/><U14/><E121/><V88/><F122/><W53/><G115/><T50/><D2/><U100/><E109/><V1/><F111/><W128/><G127/><T71/><D114/><U124/><E124/><V126/><F126/><W97/><G128/><T72/><D72/><U82/><E33/><V66/><F1/><W16/><G47/><T9/><D71/><U103/><E82/><V35/><F66/><W70/><G32/><T99/><D29/><U123/><E129/><V81/><F49/><W130/><G83/><T43/><D9/><U40/><E40/><V3/><F3/><W75/><G75/><T26/><D13/><U125/><E125/><V78/><F31/><W80/><G80/><T46/><D58/><U42/><E42/><V87/><F35/><W76/><G76/><N who="2" m="29289" /><F5/><W112/><G112/><T28/><D28/><U135/><E135/><N who="3" m="51754" /><G130/><T133/><D133/><U96/><E123/><V110/><F7/><W48/><G62/><T10/><D10/><U25/><E14/><V86/><F110/><W93/><G8/><T0/><D0/><U15/><E15/><V18/><F18/><W30/><G30/><T36/><D36/><U94/><E17/><V108/><F108/><W6/><G6/><T118/><D118/><N who="2" m="45098" /><F86/><W74/><G16/><T54/><D43/><U105/><E65/><V22/><F22/><W37/><G67/><T120/><D120/><U131/><E131/><V34/><F34/><W23/><G23/><T79/><D79/><U85/><E11/><V64/><F64/><N who="3" m="41223" /><G37/><T45/><D45/><RYUUKYOKU ba="1,0" sc="154,15,200,-15,310,15,336,-15" hai0="19,21,26,38,39,46,50,52,54,56,61,89,99" hai2="81,87,88,92,95,101,104" /><INIT seed="4,2,0,4,2,101" ten="169,185,325,321" oya="0" hai0="56,61,58,96,133,48,36,81,0,44,50,22,26" hai1="78,57,73,77,85,116,107,19,97,33,24,134,105" hai2="88,63,124,118,99,14,59,1,95,115,2,6,121" hai3="8,64,80,71,39,131,127,111,132,18,53,70,90"/><T3/><D133/><U5/><E116/><V89/><F118/><W68/><G132/><T60/><D36/><U75/><E134/><V62/><F121/><W37/><G127/><T47/><D96/><U119/><E119/><V9/><F124/><W46/><G111/><T79/><D3/><U29/><E5/><V49/><F115/><W128/><G64/><T45/><D0/><U12/><E57/><V92/><F1/><W93/><G80/><T112/><D112/><U106/><E97/><V129/><F2/><W17/><G8/><T98/><D98/><U113/><E113/><V31/><F31/><W91/><G53/><N who="0" m="33807" /><D81/><U122/><E122/><V110/><F129/><N who="3" m="49739" /><G93/><T55/><D79/><U54/><E54/><N who="2" m="32207" /><F110/><W51/><G51/><T20/><D20/><U76/><REACH who="1" step="1"/><E85/><AGARI ba="2,0" hai="6,9,14,62,63,85,88,89,92,95,99" m="32207" machi="85" ten="30,2000,0" yaku="8,1,54,1" doraHai="101" who="2" fromWho="1" sc="169,0,185,-26,325,26,321,0" /><INIT seed="5,0,0,0,2,35" ten="169,159,351,321" oya="1" hai0="61,24,43,80,48,58,95,27,34,130,66,18,112" hai1="64,96,122,71,47,82,23,126,97,100,41,62,91" hai2="7,121,81,88,32,131,17,20,118,16,94,22,9" hai3="49,53,124,98,108,107,36,14,52,123,78,135,57"/><U132/><E126/><V51/><F121/><W31/><G108/><T13/><D130/><U113/><E122/><V101/><F118/><W115/><G135/><T72/><D112/><U19/><E113/><V8/><F32/><W40/><G123/><T55/><D43/><U60/><E132/><V83/><F131/><W6/><G124/><T69/><D34/><U76/><E60/><V106/><F106/><W5/><G31/><T30/><D30/><U21/><E21/><V120/><F120/><W116/><G78/><T10/><D72/><U15/><E91/><V73/><F73/><W133/><G116/><T50/><D80/><U104/><E100/><V0/><F101/><W28/><G133/><T119/><D119/><U89/><E89/><V59/><F9/><W129/><G28/><T68/><D68/><U134/><E134/><V110/><F110/><W114/><G107/><T33/><D33/><U3/><E3/><V128/><F128/><W111/><G98/><T127/><D127/><U92/><E92/><V56/><F56/><W12/><G111/><T77/><D77/><U84/><REACH who="1" step="1"/><E104/><REACH who="1" ten="169,149,351,321" step="2"/><V42/><F88/><W46/><G129/><T54/><REACH who="0" step="1"/><D95/><REACH who="0" ten="159,149,351,321" step="2"/><U93/><E93/><V117/><F94/><W1/><G115/><T29/><D29/><U63/><E63/><V105/><F117/><W11/><G114/><T4/><D4/><U26/><E26/><V90/><F105/><W65/><G6/><T87/><D87/><U37/><AGARI ba="0,2" hai="15,19,23,37,41,47,62,64,71,76,82,84,96,97" machi="37" ten="20,3900,0" yaku="1,1,0,1,7,1,53,0" doraHai="35" doraHaiUra="102" who="1" fromWho="1" sc="159,-13,149,59,351,-13,321,-13" /><INIT seed="5,1,0,1,3,43" ten="146,208,338,308" oya="1" hai0="7,24,78,6,21,17,108,82,107,87,56,16,68" hai1="20,44,10,104,128,35,18,50,14,36,52,94,73" hai2="133,119,135,61,81,89,72,127,37,118,57,4,33" hai3="99,86,95,34,102,63,54,26,59,123,106,30,132"/><U112/><E112/><V19/><F37/><W111/><G111/><T113/><D68/><U83/><E104/><V79/><F33/><W88/><REACH who="3" step="1"/><G132/><REACH who="3" ten="146,208,338,298" step="2"/><T117/><D108/><U25/><E128/><V62/><F135/><W116/><G116/><T46/><D117/><U120/><E120/><AGARI ba="1,1" hai="26,30,34,54,59,63,86,88,95,99,102,106,120,123" machi="120" ten="40,2600,0" yaku="1,1,54,1,53,0" doraHai="43" doraHaiUra="42" who="3" fromWho="1" sc="146,0,208,-29,338,0,298,39" /><INIT seed="6,0,0,3,1,123" ten="146,179,338,337" oya="2" hai0="130,90,0,8,49,121,3,69,80,77,112,79,66" hai1="33,114,70,98,96,58,62,30,127,28,39,11,94" hai2="59,78,122,67,120,101,76,2,32,37,5,42,110" hai3="52,105,14,113,26,118,38,88,47,9,95,104,17"/><V93/><F32/><W61/><G118/><T115/><D121/><U20/><E39/><V75/><F120/><W87/><G113/><N who="0" m="43595" /><D130/><U131/><E131/><V29/><F122/><W72/><G72/><T13/><D90/><U16/><E127/><V27/><F59/><W81/><G38/><T36/><D36/><U103/><E70/><V84/><F67/><W24/><G95/><T111/><D111/><U83/><E114/><V65/><F65/><W133/><G133/><T55/><D66/><U40/><E40/><V50/><F50/><N who="3" m="28767" /><G61/><T51/><D69/><U7/><E33/><V100/><F42/><W74/><G74/><N who="0" m="43063" /><D79/><U25/><E83/><V31/><F37/><W35/><G35/><T48/><D55/><N who="1" m="34143" /><E98/><V68/><F110/><W23/><G26/><T6/><AGARI ba="0,0" hai="0,3,6,8,13,48,49,51" m="43063,43595" machi="6" ten="30,1100,0" yaku="15,1" doraHai="123" who="0" fromWho="0" sc="146,11,179,-3,338,-5,337,-3" /><INIT seed="7,0,0,3,5,33" ten="157,176,333,334" oya="3" hai0="53,34,30,38,50,29,45,25,47,36,124,89,54" hai1="98,59,127,109,115,131,35,110,85,77,75,6,108" hai2="41,37,63,130,107,123,121,49,93,4,134,42,79" hai3="105,68,5,19,90,60,100,94,125,113,112,20,57"/><W78/><G125/><T80/><D124/><U83/><E35/><V28/><F107/><W39/><G39/><T17/><D30/><U88/><E6/><V84/><F130/><W18/><G78/><T104/><D104/><U13/><E13/><V1/><F134/><W2/><G68/><T26/><D26/><U40/><E59/><V118/><F118/><W51/><G51/><T106/><D106/><U16/><E16/><V8/><F28/><W69/><G69/><T3/><D17/><U81/><E40/><V65/><F37/><W31/><G100/><T62/><D3/><U122/><E127/><V10/><F10/><W117/><G105/><T56/><REACH who="0" step="1"/><D47/><REACH who="0" ten="147,176,333,334" step="2"/><U9/><E122/><N who="2" m="46603" /><F49/><W0/><G117/><T66/><D66/><U70/><E131/><V96/><F79/><W23/><G31/><T87/><AGARI ba="0,1" hai="25,29,34,36,38,45,50,53,54,56,62,80,87,89" machi="87" ten="30,2000,0" yaku="1,1,0,1,53,0" doraHai="33" doraHaiUra="61" who="0" fromWho="0" sc="147,30,176,-5,333,-5,334,-10" owari="177,-22.0,171,-33.0,328,43.0,324,12.0" /></mjloggm>