<mjloggm ver="2.3"><GO type="97" lobby="0"/><UN n0="%E3%82%8C%E3%81%B0%E3%81%B6%E3%81%A4" n1="%E3%81%A8%E3%82%88%E3%81%BE%E3%82%8B" n2="%E5%B0%B1%E6%B4%BB%E7%94%9F%40%E5%B7%9D%E6%9D%91%E8%BB%8D%E5%9B%A3" n3="%74%6F%79%74%6F%79%32" dan="14,14,15,13" rate="1932.88,1893.92,2018.11,1908.10" sx="M,M,M,M"/><TAIKYOKU oya="0"/><INIT seed="0,0,0,2,3,72" ten="250,250,250,250" oya="0" hai0="38,80,92,1,30,125,100,37,76,52,73,18,130" hai1="62,83,47,58,88,70,74,121,25,27,75,5,32" hai2="117,9,95,67,79,53,135,55,128,69,63,110,82" hai3="39,60,35,84,12,134,103,114,126,33,105,34,22"/><T45/><D1/><U57/><E121/><V89/><F110/><W97/><G114/><T123/><D123/><U106/><E106/><V6/><F117/><W56/><G39/><T59/><D125/><U15/><E47/><V3/><F128/><W4/><G126/><T23/><D130/><U49/><E49/><V90/><F135/><W78/><G134/><T116/><D30/><U19/><E5/><V113/><F113/><W68/><G68/><T91/><D100/><U29/><E25/><V124/><F124/><W48/><G48/><T109/><D45/><U26/><E26/><V31/><F31/><W28/><G4/><T98/><D109/><U20/><E70/><V94/><F95/><W102/><G102/><T61/><REACH who="0" step="1"/><D116/><REACH who="0" ten="240,250,250,250" step="2"/><U118/><E118/><V122/><F122/><W131/><G131/><T21/><D21/><U17/><E17/><V0/><F0/><W104/><G28/><T85/><D85/><U51/><E58/><V46/><F46/><W111/><G111/><T14/><AGARI ba="0,1" hai="14,18,23,37,38,52,59,61,73,76,80,91,92,98" machi="14" ten="20,18000,2" yaku="1,1,0,1,7,1,52,1,54,1,53,1" doraHai="72" doraHaiUra="77" who="0" fromWho="0" sc="240,190,250,-60,250,-60,250,-60" /><INIT seed="0,1,0,3,0,41" ten="430,190,190,190" oya="0" hai0="6,11,95,120,14,12,27,127,82,88,80,75,2" hai1="131,106,98,35,28,111,86,71,4,53,99,102,85" hai2="129,91,130,69,108,29,38,0,21,66,20,68,42" hai3="67,90,15,5,117,73,83,3,126,123,10,103,101"/><T128/><D120/><U51/><E111/><V40/><F0/><W56/><G117/><T97/><D127/><U77/><E131/><N who="2" m="50187" /><F108/><W118/><G118/><T62/><D128/><U133/><E133/><V109/><F109/><W100/><G126/><T54/><D75/><U48/><E71/><N who="2" m="27211" /><F66/><W124/><G124/><T45/><D2/><U47/><E4/><V36/><F91/><W125/><G125/><T33/><D14/><U32/><E99/><V113/><F29/><W64/><G123/><T59/><D27/><U110/><E110/><V74/><F74/><W46/><G3/><T37/><REACH who="0" step="1"/><D33/><REACH who="0" ten="420,190,190,190" step="2"/><U50/><E35/><V112/><F21/><W92/><G73/><T63/><D63/><U39/><E32/><V60/><F20/><W13/><G13/><T25/><D25/><U52/><E28/><V121/><F60/><W23/><G23/><T16/><D16/><U58/><E39/><N who="2" m="14891" /><F121/><W87/><G15/><T24/><D24/><U115/><E115/><AGARI ba="1,1" hai="40,42,112,113,115" m="14891,27211,50187" machi="115" ten="40,8000,1" yaku="28,2,19,1,34,2" doraHai="41" who="2" fromWho="1" sc="420,0,190,-83,190,93,190,0" /><INIT seed="1,0,0,3,4,113" ten="420,107,283,190" oya="1" hai0="87,18,80,130,43,86,108,61,74,32,114,89,55" hai1="3,107,15,17,28,50,81,125,7,40,29,94,30" hai2="26,84,46,64,123,0,99,117,9,20,52,63,62" hai3="126,39,90,25,57,70,77,78,102,66,10,35,69"/><U83/><E107/><V31/><F123/><W67/><G39/><T106/><D114/><U42/><E125/><V59/><F117/><W121/><G102/><T38/><D74/><U47/><E3/><V93/><F0/><W96/><G57/><T111/><D106/><U54/><E7/><V11/><F84/><W53/><G53/><T44/><D32/><U105/><E105/><V37/><F37/><W24/><G10/><T101/><D101/><U21/><E94/><V8/><F46/><W45/><G45/><T14/><D130/><U41/><AGARI ba="0,0" hai="15,17,21,28,29,30,40,41,42,47,50,54,81,83" machi="41" ten="30,3000,0" yaku="0,1,8,1" doraHai="113" who="1" fromWho="1" sc="420,-10,107,30,283,-10,190,-10" /><INIT seed="1,1,0,3,4,106" ten="410,137,273,180" oya="1" hai0="96,125,41,105,77,6,102,18,131,103,134,81,56" hai1="82,75,79,94,71,90,111,63,32,1,27,51,55" hai2="37,20,119,85,98,13,93,42,129,130,121,38,10" hai3="58,11,68,7,54,83,4,80,5,9,126,76,110"/><U99/><E1/><V12/><F121/><W135/><G68/><T0/><D125/><U23/><E32/><V67/><F119/><W59/><G126/><T128/><D134/><U43/><E43/><V22/><F67/><W78/><G135/><T39/><D103/><U91/><E111/><V2/><F85/><W69/><G69/><T113/><D113/><U118/><E118/><V74/><F74/><W117/><G117/><T28/><D28/><U101/><E71/><V26/><F2/><W40/><G40/><T92/><D41/><U116/><E63/><V19/><F42/><W66/><G66/><T84/><D39/><U124/><E124/><V48/><F48/><W97/><G97/><N who="0" m="61647" /><D18/><U29/><REACH who="1" step="1"/><E116/><REACH who="1" ten="410,127,273,180" step="2"/><V34/><F34/><W16/><G110/><T25/><D0/><U46/><AGARI ba="1,1" hai="23,27,29,46,51,55,75,79,82,90,91,94,99,101" machi="46" ten="20,12000,1" yaku="1,1,2,1,0,1,7,1,52,1,53,0" doraHai="106" doraHaiUra="100" who="1" fromWho="1" sc="410,-41,127,133,273,-41,180,-41" /><INIT seed="1,2,0,3,4,80" ten="369,260,232,139" oya="1" hai0="10,22,14,127,87,126,36,94,114,105,82,38,77" hai1="78,25,11,20,17,98,23,7,9,91,86,72,120" hai2="112,96,121,83,0,117,133,43,64,13,119,95,6" hai3="85,71,81,60,63,111,108,84,46,110,42,52,125"/><U103/><E120/><V131/><F0/><W48/><G125/><N who="0" m="47627" /><D105/><U47/><E78/><V21/><F121/><W79/><G71/><T18/><D114/><U73/><E47/><V37/><F112/><W15/><G15/><N who="0" m="9567" /><D94/><U69/><E69/><V124/><F124/><W113/><G113/><T74/><D74/><U116/><E116/><V51/><F37/><W12/><G12/><T35/><D35/><U97/><E23/><V30/><F64/><W49/><REACH who="3" step="1"/><G85/><REACH who="3" ten="369,260,232,129" step="2"/><T4/><AGARI ba="2,1" hai="4,10,14,36,38,77,82,87" m="9567,47627" machi="4" ten="30,2000,0" yaku="18,1,52,1" doraHai="80" who="0" fromWho="0" sc="369,36,260,-12,232,-7,129,-7" /><INIT seed="2,0,0,1,2,84" ten="405,248,225,122" oya="2" hai0="5,119,130,86,55,8,132,109,92,4,125,115,100" hai1="113,28,116,75,90,52,58,25,57,118,21,38,0" hai2="81,91,78,22,19,34,73,59,103,1,45,37,114" hai3="6,9,3,104,69,63,87,121,10,48,99,134,128"/><V108/><F34/><W31/><G121/><T61/><D115/><U107/><E113/><V72/><F114/><W11/><G134/><T95/><D132/><U79/><E107/><V14/><F1/><W98/><G128/><T36/><D36/><U85/><E0/><V33/><F33/><W120/><G120/><T66/><D130/><U105/><E105/><V35/><F35/><W54/><G31/><T7/><D109/><U27/><E38/><V67/><F73/><W18/><G63/><T110/><D110/><U82/><E27/><V56/><F108/><W43/><G43/><T80/><D125/><U44/><E44/><V23/><F103/><W13/><G69/><T112/><D112/><U117/><E57/><V60/><F91/><W39/><G39/><T101/><D119/><U29/><E29/><V47/><F37/><W53/><G53/><T40/><D40/><U68/><E68/><V122/><F122/><W24/><G24/><T12/><D66/><U46/><E46/><V26/><REACH who="2" step="1"/><F59/><REACH who="2" ten="405,248,215,122" step="2"/><W88/><G104/><T83/><D101/><U71/><E71/><V62/><F62/><W124/><G124/><T15/><D100/><U51/><REACH who="1" step="1"/><E118/><REACH who="1" ten="405,238,215,122" step="2"/><V106/><F106/><W97/><G10/><T111/><D8/><U50/><E50/><V41/><F41/><W126/><G126/><T89/><D111/><U102/><E102/><V127/><F127/><W77/><G77/><T32/><D61/><U42/><E42/><V131/><F131/><W135/><G135/><T76/><D76/><U129/><E129/><V30/><AGARI ba="0,2" hai="14,19,22,23,26,30,45,47,56,60,67,72,78,81" machi="30" ten="20,3900,0" yaku="1,1,0,1,7,1,53,0" doraHai="84" doraHaiUra="123" who="2" fromWho="2" sc="405,-13,238,-13,215,59,122,-13" /><INIT seed="2,1,0,3,2,87" ten="392,225,274,109" oya="2" hai0="25,22,53,65,80,64,40,135,46,103,95,24,7" hai1="13,116,98,129,124,60,42,134,75,106,125,72,28" hai2="27,132,78,2,82,119,51,9,30,18,26,86,57" hai3="88,83,114,92,36,19,55,107,20,58,84,112,38"/><V71/><F71/><W37/><G107/><T117/><D135/><U69/><E116/><V17/><F132/><W113/><G83/><T101/><D117/><U59/><E134/><V63/><F119/><W34/><G34/><T3/><D3/><U49/><E69/><V100/><F100/><W15/><REACH who="3" step="1"/><G38/><REACH who="3" ten="392,225,274,99" step="2"/><T109/><D80/><U5/><E106/><V16/><F51/><AGARI ba="1,1" hai="15,19,20,36,37,51,55,58,84,88,92,112,113,114" machi="51" ten="40,12000,2" yaku="1,1,2,1,25,2,11,1,52,1,54,1,53,0" doraHai="87" doraHaiUra="0" who="3" fromWho="2" sc="392,0,225,0,274,-123,99,133" /><INIT seed="3,0,0,0,4,33" ten="392,225,151,232" oya="3" hai0="97,42,112,16,54,36,131,58,35,98,135,23,52" hai1="72,91,133,66,118,84,63,83,56,37,51,73,105" hai2="115,17,29,122,88,21,129,57,134,59,3,64,128" hai3="96,111,49,113,18,45,120,130,85,41,71,80,123"/><W70/><G113/><T92/><D35/><U60/><E37/><V89/><F115/><W116/><G116/><T48/><D112/><U132/><E118/><V44/><F29/><W119/><G119/><T50/><D135/><N who="1" m="51787" /><E105/><V12/><F134/><W126/><G126/><T53/><D131/><N who="2" m="50250" /><F44/><W107/><G130/><T7/><D36/><U74/><E63/><N who="2" m="37999" /><F59/><W114/><G114/><T117/><D117/><U34/><E34/><V104/><F104/><W108/><G96/><T95/><D7/><U40/><E40/><V14/><F14/><W46/><G107/><T39/><D39/><U25/><E25/><V127/><F127/><W101/><G101/><N who="0" m="60583" /><D42/><U110/><E110/><N who="3" m="42026" /><G18/><T94/><D98/><U65/><E51/><N who="0" m="19497" /><D58/><U75/><N who="1" m="18944" /><DORA hai="15" /><U13/><E13/><AGARI ba="0,0" hai="13,16,23,52,53,54,94,95" m="19497,60583" machi="13" ten="30,7700,0" yaku="8,1,52,1,54,2" doraHai="33,15" who="0" fromWho="1" sc="392,77,225,-77,151,0,232,0" owari="469,57.0,148,-35.0,151,-25.0,232,3.0" /></mjloggm>