<mjloggm ver="2.3"><GO type="41" lobby="0"/><UN n0="%E3%81%B5%E3%83%BC%E3%83%BC%E3%83%BC%E3%83%BC%E3%83%BC%E3%83%BC%EF%BC%81" n1="%E5%B0%B1%E6%B4%BB%E7%94%9F%40%E5%B7%9D%E6%9D%91%E8%BB%8D%E5%9B%A3" n2="%E3%81%97%E3%82%85%E3%82%89%E3%82%8B" n3="%6D%61%6B%6F%74%6F%31%34" dan="14,15,14,14" rate="2095.13,1961.61,1960.28,1883.46" sx="M,M,M,M"/><TAIKYOKU oya="0"/><INIT seed="0,0,0,0,5,25" ten="250,250,250,250" oya="0" hai0="113,133,19,42,116,40,21,108,134,73,71,32,93" hai1="2,120,43,122,129,12,50,94,132,131,37,59,57" hai2="33,84,24,29,13,118,130,23,44,8,0,16,135" hai3="104,110,92,79,14,88,99,10,126,117,41,30,107"/><T97/><D71/><U7/><E2/><V36/><F84/><W22/><G117/><T51/><D116/><U121/><E7/><N who="2" m="1127" /><F118/><W6/><G79/><T4/><D113/><U127/><E12/><V53/><F130/><N who="1" m="49673" /><E132/><N who="0" m="50793" /><D73/><U20/><E20/><V101/><F135/><W70/><G70/><T11/><D32/><U75/><E75/><V119/><F101/><W47/><G126/><T39/><D39/><U123/><E94/><V115/><F119/><W102/><G110/><T112/><D112/><U48/><N who="1" m="30720" /><DORA hai="17" /><U98/><E98/><V86/><F36/><W68/><G68/><T60/><D60/><U109/><E109/><V28/><F86/><W76/><G76/><T5/><D108/><U78/><E78/><V91/><F115/><W80/><G80/><T26/><D51/><N who="1" m="19499" /><E127/><V87/><F44/><AGARI ba="0,0" hai="37,43,44,57,59" m="19499,30720,49673" machi="44" ten="60,7700,0" yaku="19,1,34,2" doraHai="25,17" who="1" fromWho="2" sc="250,0,250,77,250,-77,250,0" /><INIT seed="1,0,0,2,1,114" ten="250,327,173,250" oya="1" hai0="45,81,95,70,36,82,46,112,39,83,103,50,98" hai1="85,13,48,12,108,66,7,10,109,110,89,25,5" hai2="33,4,93,22,41,52,59,102,87,55,24,57,84" hai3="131,134,38,97,128,35,62,132,127,40,32,0,34"/><U80/><E66/><V100/><F33/><W91/><G0/><T101/><D70/><U133/><E133/><N who="3" m="51306" /><G62/><T104/><D112/><U21/><E48/><V126/><F126/><W26/><G40/><T29/><D29/><U58/><E58/><V37/><F37/><W106/><G38/><T123/><D123/><U11/><E25/><V27/><F41/><W71/><G71/><T51/><D95/><U44/><E21/><V2/><F2/><W76/><G76/><T49/><D39/><U3/><E3/><V92/><F22/><W122/><G122/><T1/><D1/><U105/><E105/><V113/><F113/><W6/><G6/><AGARI ba="0,0" hai="4,6,24,27,52,55,57,59,84,87,92,93,100,102" machi="6" ten="25,6400,0" yaku="22,2,8,1,54,1" doraHai="114" who="2" fromWho="3" sc="250,0,327,0,173,64,250,-64" /><INIT seed="2,0,0,5,5,57" ten="250,327,237,186" oya="2" hai0="113,119,104,8,86,20,17,22,92,96,50,75,99" hai1="109,56,84,114,101,7,102,115,31,11,41,24,108" hai2="49,72,29,38,130,82,40,133,1,61,14,124,62" hai3="45,85,90,97,52,118,105,89,3,128,103,100,47"/><V73/><F1/><W37/><G3/><T132/><D113/><U117/><E41/><V34/><F130/><W53/><G118/><T0/><D119/><U79/><E117/><V2/><F2/><W27/><G37/><T48/><D75/><U25/><E56/><V44/><F133/><W135/><G128/><T35/><D35/><U10/><E84/><V78/><F73/><W107/><G85/><T116/><D116/><U42/><E42/><V129/><F124/><W16/><G27/><T6/><D86/><U80/><E80/><V21/><F129/><W13/><G13/><T110/><D132/><U95/><E95/><V43/><F34/><W131/><G131/><T39/><D39/><U126/><E79/><V66/><F66/><W111/><G135/><T65/><D110/><U30/><REACH who="1" step="1"/><E7/><REACH who="1" ten="250,317,237,186" step="2"/><V9/><F40/><W12/><G97/><T98/><D104/><U134/><E134/><V4/><REACH who="2" step="1"/><F38/><REACH who="2" ten="250,317,227,186" step="2"/><W127/><G127/><AGARI ba="0,2" hai="10,11,24,25,30,31,101,102,108,109,114,115,126,127" machi="127" ten="25,3200,0" yaku="1,1,22,2,53,0" doraHai="57" doraHaiUra="32" who="1" fromWho="3" sc="250,0,317,52,227,0,186,-32" /><INIT seed="3,0,0,4,5,114" ten="250,369,227,154" oya="3" hai0="97,55,94,70,58,102,4,74,26,15,33,66,40" hai1="22,41,99,105,49,132,115,60,18,77,67,134,124" hai2="78,25,59,89,65,50,34,43,110,109,126,46,31" hai3="121,96,36,7,14,90,130,28,13,101,122,71,45"/><W57/><G71/><T63/><D74/><U123/><E123/><V87/><F78/><W100/><G130/><T84/><D40/><U91/><E115/><V23/><F126/><W125/><G125/><T16/><D4/><U113/><E113/><V47/><F47/><W38/><G57/><T48/><D33/><U85/><E124/><V118/><F59/><W24/><G90/><T52/><D26/><U21/><E77/><V112/><F65/><W61/><G61/><T10/><D55/><U17/><E49/><V2/><F2/><W117/><G96/><T75/><D75/><U116/><E41/><V73/><F73/><W51/><G24/><T106/><D84/><U129/><E129/><V93/><F34/><W103/><G28/><T35/><D35/><U62/><E99/><V44/><F44/><W3/><G3/><T42/><D42/><U54/><E105/><V9/><F9/><W20/><G20/><T128/><D128/><U5/><E5/><V12/><F112/><W19/><G19/><T82/><D82/><U56/><E116/><V6/><F6/><W104/><G104/><T83/><D83/><U69/><E22/><V120/><F120/><W108/><G103/><T92/><AGARI ba="0,0" hai="10,15,16,48,52,58,63,66,70,92,94,97,102,106" machi="92" ten="30,4000,0" yaku="0,1,54,2" doraHai="114" who="0" fromWho="0" sc="250,40,369,-10,227,-10,154,-20" /><INIT seed="4,0,0,3,0,124" ten="290,359,217,134" oya="0" hai0="27,113,55,102,77,6,47,4,130,71,121,0,94" hai1="115,63,84,24,116,107,126,73,88,13,128,83,118" hai2="104,75,89,97,70,45,12,22,100,33,117,37,120" hai3="131,96,62,9,53,134,49,101,46,60,76,80,90"/><T114/><D121/><U125/><E107/><V8/><F33/><W110/><G110/><T82/><D71/><U25/><E73/><V54/><F75/><W119/><G119/><N who="1" m="45610" /><E13/><V129/><F117/><W122/><G122/><T93/><D27/><U68/><E68/><V108/><F108/><W72/><G134/><T42/><D55/><U81/><E115/><N who="0" m="44041" /><D130/><U1/><E1/><V95/><F70/><W26/><G26/><T98/><D0/><U135/><E128/><V111/><F111/><W67/><G131/><T28/><D28/><U65/><E135/><V35/><F35/><W51/><G90/><T5/><D82/><U109/><E109/><V19/><F120/><W2/><G67/><T21/><D21/><U59/><E81/><V7/><F54/><W32/><G32/><T103/><D77/><U74/><E74/><V50/><F37/><W132/><G132/><T44/><D42/><U41/><E41/><V99/><F22/><W34/><G34/><T15/><D15/><U69/><E69/><V85/><F12/><W23/><G23/><T127/><D127/><AGARI ba="0,0" hai="24,25,59,63,65,83,84,88,125,126,127" m="45610" machi="127" ten="30,2000,0" yaku="18,1,54,1" doraHai="124" who="1" fromWho="0" sc="290,-20,359,20,217,0,134,0" /><INIT seed="5,0,0,5,2,11" ten="270,379,217,134" oya="1" hai0="128,53,121,25,132,41,36,86,91,23,40,62,38" hai1="109,5,111,44,68,129,120,3,26,39,78,35,67" hai2="57,102,89,77,55,135,17,29,13,16,52,104,98" hai3="93,105,56,31,66,46,101,116,48,84,19,32,127"/><U15/><E78/><V37/><F37/><W22/><G116/><T87/><D121/><U69/><E120/><V14/><F77/><W82/><G105/><T113/><D132/><U27/><E129/><V64/><F29/><W106/><G106/><T30/><D128/><U115/><E115/><V131/><F131/><W103/><G32/><T96/><D113/><U124/><E124/><V61/><F89/><W54/><G127/><T49/><D38/><U76/><E76/><V71/><F135/><W7/><G7/><T34/><D36/><U28/><E3/><V12/><REACH who="2" step="1"/><F55/><REACH who="2" ten="270,379,207,134" step="2"/><W9/><G31/><T8/><D34/><U123/><E123/><V99/><F99/><W50/><G93/><T1/><D96/><U75/><E75/><V43/><F43/><W90/><G66/><T65/><D40/><U92/><E39/><V122/><F122/><W100/><G100/><T133/><D41/><U6/><E28/><V24/><F24/><W95/><G82/><T72/><D72/><U18/><E35/><V126/><F126/><W112/><G112/><T47/><D133/><U97/><E67/><V114/><F114/><W45/><G45/><T21/><D91/><U60/><E97/><V134/><F134/><W2/><G46/><T80/><D80/><U119/><E44/><V70/><F70/><W117/><G117/><T73/><D73/><U63/><E119/><V118/><F118/><W125/><G125/><T88/><D88/><U85/><E68/><V42/><F42/><W4/><G48/><AGARI ba="0,1" hai="12,13,14,16,17,48,52,57,61,64,71,98,102,104" machi="48" ten="40,12000,2" yaku="1,1,52,3,54,2,53,0" doraHai="11" doraHaiUra="74" who="2" fromWho="3" sc="270,0,379,0,207,130,134,-120" /><INIT seed="6,0,0,5,5,39" ten="270,379,337,14" oya="2" hai0="71,43,96,126,87,52,109,59,124,56,21,115,127" hai1="86,112,37,4,2,102,120,90,121,85,79,108,55" hai2="107,36,67,72,28,32,38,0,116,94,91,29,6" hai3="20,9,97,23,22,105,33,100,17,69,76,5,47"/><V118/><F72/><W1/><G69/><T27/><D109/><U8/><E108/><V10/><F107/><W13/><G76/><T81/><D71/><U62/><E112/><V19/><F67/><W7/><G7/><T134/><D115/><U42/><E102/><V103/><F103/><W74/><G74/><T58/><D96/><U49/><E79/><V131/><F131/><W101/><G101/><T77/><D134/><U114/><E114/><V133/><F133/><W35/><G35/><T125/><N who="0" m="32256" /><DORA hai="51" /><T48/><REACH who="0" step="1"/><D43/><REACH who="0" ten="260,379,337,14" step="2"/><U68/><E68/><V26/><F116/><W98/><G98/><T12/><D12/><U54/><E42/><V113/><F118/><W117/><G117/><T82/><D82/><U128/><E128/><V135/><F135/><W129/><G129/><T119/><D119/><U50/><E2/><V123/><F113/><W75/><G75/><T89/><D89/><U11/><E90/><V88/><F91/><W130/><G130/><T73/><D73/><U104/><E104/><V14/><F14/><W61/><G61/><T41/><D41/><U106/><E106/><V132/><F132/><W30/><REACH who="3" step="1"/><G47/><REACH who="3" ten="260,379,337,4" step="2"/><T70/><D70/><U18/><E62/><V93/><F32/><W110/><G110/><T15/><D15/><U84/><E120/><V63/><F123/><W44/><G44/><T95/><D95/><N who="2" m="36362" /><F63/><W64/><G64/><T92/><D92/><U60/><E60/><V111/><F111/><W57/><G57/><T40/><D40/><U24/><E121/><V78/><F78/><W31/><G31/><AGARI ba="0,2" hai="21,27,31,48,52,56,58,59,77,81,87" m="32256" machi="31" ten="70,16000,3" yaku="1,1,18,1,52,1,54,1,53,4" doraHai="39,51" doraHaiUra="53,45" who="0" fromWho="3" sc="260,180,379,0,337,0,4,-160" owari="440,54.0,379,18.0,337,-6.0,-156,-66.0" /></mjloggm>