<mjloggm ver="2.3"><GO type="41" lobby="0"/><UN n0="%E5%B9%B3%E5%9D%87%E5%BE%97%E7%82%B9%E3%81%AE%E9%AC%BC" n1="%E5%A4%A7%E6%A8%B9%E6%B0%B7%EF%BC%92%EF%BC%95%EF%BC%85" n2="%E5%B0%B1%E6%B4%BB%E7%94%9F%40%E5%B7%9D%E6%9D%91%E8%BB%8D%E5%9B%A3" n3="%E6%9D%A5%E7%A6%8F" dan="16,14,14,14" rate="2120.17,1896.88,1977.81,1923.54" sx="M,M,M,M"/><TAIKYOKU oya="0"/><INIT seed="0,0,0,1,2,71" ten="250,250,250,250" oya="0" hai0="13,58,6,113,61,76,24,92,122,134,110,32,116" hai1="112,127,23,91,30,52,15,47,45,98,86,33,104" hai2="89,25,0,111,46,54,49,26,21,125,1,31,124" hai3="37,93,114,82,27,22,68,40,19,99,81,94,44"/><T100/><D122/><U17/><E127/><V57/><F111/><W102/><G68/><T84/><D116/><U75/><E75/><V39/><F89/><W4/><G114/><T130/><D113/><U121/><E121/><V66/><F25/><W123/><G123/><T103/><D32/><U83/><E112/><V7/><F7/><W10/><REACH who="3" step="1"/><G94/><REACH who="3" ten="250,250,250,240" step="2"/><T14/><D92/><U20/><E104/><V119/><F119/><W70/><G70/><T128/><D128/><U69/><E69/><V48/><F125/><W34/><G34/><T53/><D130/><U108/><E108/><V51/><F124/><W79/><G79/><T36/><D76/><U118/><E33/><V35/><F35/><W42/><G42/><T3/><D110/><U129/><E118/><V105/><F105/><W97/><G97/><T67/><D134/><U50/><E98/><V5/><F66/><W78/><G78/><T80/><D67/><U11/><E129/><V9/><REACH who="2" step="1"/><F0/><AGARI ba="0,1" hai="0,4,10,19,22,27,37,40,44,81,82,93,99,102" machi="0" ten="30,3900,0" yaku="1,1,7,1,52,1,53,0" doraHai="71" doraHaiUra="131" who="3" fromWho="2" sc="250,0,250,0,250,-39,240,49" /><INIT seed="1,0,0,5,4,13" ten="250,250,211,289" oya="1" hai0="130,101,104,125,68,70,17,59,80,107,81,43,53" hai1="116,27,57,38,21,114,36,96,24,76,58,85,106" hai2="60,54,55,67,48,108,90,132,29,51,11,98,31" hai3="26,86,88,61,22,105,91,32,129,37,77,124,92"/><U102/><E116/><V4/><F108/><W111/><G37/><T34/><D43/><U28/><E114/><V99/><F132/><W25/><G111/><T126/><D34/><U66/><E38/><V82/><F51/><W7/><G129/><T65/><D130/><U2/><E2/><V93/><F99/><W103/><G124/><N who="0" m="47723" /><D65/><U121/><E121/><V46/><F55/><W74/><G32/><T52/><D53/><U16/><E36/><V115/><F115/><W20/><G7/><T118/><D118/><U79/><E85/><V45/><F45/><W5/><G5/><T56/><D56/><U63/><REACH who="1" step="1"/><E58/><REACH who="1" ten="250,240,211,289" step="2"/><V15/><F82/><W122/><G86/><T123/><D123/><U120/><E120/><V83/><F83/><W97/><G122/><T89/><D81/><U44/><E44/><V117/><F117/><W41/><G74/><T71/><D80/><U42/><E42/><V10/><F10/><W119/><G41/><T49/><D70/><AGARI ba="0,1" hai="4,11,15,29,31,46,48,54,60,67,70,90,93,98" machi="70" ten="30,1000,0" yaku="7,1" doraHai="13" who="2" fromWho="0" sc="250,-10,240,0,211,20,289,0" /><INIT seed="2,0,0,2,1,56" ten="240,240,231,289" oya="2" hai0="8,119,23,22,47,60,3,6,36,0,9,109,91" hai1="16,15,1,92,12,127,65,82,26,89,130,81,37" hai2="42,122,41,67,107,43,32,93,28,87,34,50,133" hai3="19,84,21,29,129,106,44,85,118,20,4,73,63"/><V74/><F107/><W77/><G118/><T51/><D36/><U78/><E37/><V101/><F74/><W70/><G106/><T95/><D119/><U27/><E1/><V103/><F122/><W45/><G129/><T113/><D113/><U52/><E127/><V114/><F114/><W135/><G135/><T49/><D109/><U10/><E130/><V2/><F2/><W100/><G100/><T31/><D31/><U97/><E65/><V121/><F121/><W96/><G96/><T94/><D47/><U104/><E104/><V25/><F133/><W71/><G4/><T88/><D6/><U69/><E69/><V5/><F34/><W132/><G132/><T120/><D120/><U79/><E12/><V75/><F75/><W115/><G115/><T108/><D108/><U14/><E14/><V64/><F5/><W80/><G29/><T33/><D33/><U131/><E131/><V13/><F13/><W39/><G39/><T99/><D99/><U83/><E52/><V125/><F125/><W116/><G116/><T18/><D18/><U24/><AGARI ba="0,0" hai="10,15,16,24,26,27,78,79,81,82,83,89,92,97" machi="24" ten="30,4000,0" yaku="0,1,8,1,54,1" doraHai="56" who="1" fromWho="1" sc="240,-10,240,40,231,-20,289,-10" /><INIT seed="3,0,0,3,0,81" ten="230,280,211,279" oya="3" hai0="73,61,130,58,50,29,95,129,70,113,1,82,52" hai1="104,103,85,25,31,131,128,92,49,114,11,135,119" hai2="105,87,17,75,14,5,62,7,72,99,41,134,27" hai3="46,84,34,80,101,122,21,111,64,123,59,89,0"/><W76/><G34/><T30/><D1/><U83/><E114/><V71/><F134/><W37/><G0/><T19/><D113/><U91/><E135/><V100/><F41/><W60/><G101/><T126/><D126/><U115/><E115/><V98/><F98/><W24/><G111/><T23/><D95/><U124/><E49/><V42/><F42/><W97/><G37/><T51/><D73/><U28/><E11/><V96/><F96/><W78/><G46/><T102/><D102/><U68/><E68/><V38/><F38/><W57/><G57/><T26/><D82/><U127/><E25/><V18/><F27/><W13/><G13/><T112/><D112/><U86/><E28/><N who="0" m="10857" /><D70/><U108/><E31/><V45/><F45/><W44/><G44/><T121/><D121/><U125/><E108/><V12/><F62/><W65/><G65/><T77/><D77/><U6/><E6/><V69/><F99/><W33/><G33/><T110/><D110/><U118/><E104/><V79/><F79/><W43/><G43/><T3/><D3/><U16/><E16/><V133/><F133/><W106/><G78/><T2/><D2/><U10/><E10/><V54/><F105/><W4/><G4/><T94/><D94/><U90/><E103/><V32/><F100/><N who="3" m="62735" /><G76/><T9/><D9/><U39/><E39/><V109/><F32/><W63/><G63/><T107/><D107/><U93/><E83/><V67/><F109/><W22/><G24/><T120/><D120/><U8/><E8/><V53/><F67/><W35/><G35/><T132/><D132/><RYUUKYOKU ba="0,0" sc="230,0,280,0,211,0,279,0" hai0="19,23,26,50,51,52,58,61,129,130" hai1="85,86,90,91,92,93,118,119,124,125,127,128,131" hai2="5,7,12,14,17,18,53,54,69,71,72,75,87" hai3="21,22,59,60,64,80,84,89,122,123" /><INIT seed="3,1,0,0,1,114" ten="230,280,211,279" oya="3" hai0="115,85,43,14,79,96,110,126,117,8,88,21,118" hai1="107,73,57,93,49,17,92,105,86,0,5,123,20" hai2="78,37,16,42,122,11,56,63,130,120,77,29,97" hai3="121,53,81,84,128,101,54,55,80,45,65,35,31"/><W95/><G121/><N who="2" m="46697" /><F130/><W109/><G128/><T33/><D33/><U72/><E123/><V58/><F29/><W10/><G109/><T87/><D110/><U19/><E0/><V26/><F97/><W98/><G65/><T102/><D115/><U134/><E5/><V18/><F26/><W135/><G135/><T9/><D126/><U116/><E134/><V38/><F11/><W127/><G127/><T30/><D43/><U83/><E57/><N who="2" m="22123" /><F42/><W108/><G108/><T34/><D34/><U82/><E49/><V69/><F63/><W60/><G60/><T2/><D2/><U62/><E62/><V13/><F13/><W50/><G10/><T66/><D66/><U51/><E51/><V23/><F23/><W124/><G124/><T131/><D131/><U59/><E59/><V111/><F111/><W41/><G31/><T71/><D71/><U90/><E20/><V132/><F69/><W36/><G35/><T70/><D70/><U104/><E19/><N who="2" m="7211" /><F132/><W89/><REACH who="3" step="1"/><G81/><REACH who="3" ten="230,280,211,269" step="2"/><N who="1" m="30730" /><E17/><V68/><F68/><W12/><G12/><T6/><D8/><U129/><E129/><V75/><F75/><N who="1" m="28745" /><E116/><V103/><F103/><W112/><G112/><T100/><D30/><U28/><E28/><V67/><F67/><W91/><G91/><T3/><D118/><U15/><E15/><V25/><F25/><W7/><G7/><T4/><D117/><U44/><E44/><AGARI ba="1,1" hai="36,41,44,45,50,53,54,55,80,84,89,95,98,101" machi="44" ten="30,5800,0" yaku="1,1,7,1,53,1" doraHai="114" doraHaiUra="99" who="3" fromWho="1" sc="230,0,280,-61,211,0,269,71" /><INIT seed="3,2,0,4,2,129" ten="230,219,211,340" oya="3" hai0="114,124,1,65,62,115,93,125,133,19,4,11,3" hai1="92,27,0,134,84,53,61,135,72,96,81,79,48" hai2="69,42,37,35,30,44,119,34,55,75,121,66,131" hai3="105,7,46,70,112,45,102,104,29,94,33,20,23"/><W88/><G112/><N who="0" m="43051" /><D93/><U2/><E27/><V24/><F119/><W113/><G113/><T16/><D1/><U41/><E61/><V95/><F121/><W67/><G7/><T36/><D36/><U116/><E41/><V122/><F122/><W5/><G5/><T132/><D124/><U85/><E116/><V64/><F131/><W25/><G102/><T52/><D52/><U63/><E63/><V60/><F75/><W78/><G78/><T39/><D39/><U130/><E130/><V8/><F66/><W103/><G103/><T38/><D38/><U58/><E2/><V14/><F55/><W31/><G31/><T10/><D125/><U99/><E0/><V98/><F35/><W57/><G70/><N who="0" m="42295" /><D19/><U26/><E26/><V106/><F106/><W32/><G105/><T56/><D56/><U111/><E111/><V128/><F128/><W107/><G107/><T80/><D80/><U49/><E49/><V47/><F42/><W74/><G104/><T97/><D97/><U120/><E120/><V21/><F34/><W59/><G33/><T15/><AGARI ba="2,0" hai="3,4,10,11,15,16,132,133" m="42295,43051" machi="15" ten="30,7900,0" yaku="11,1,52,2,54,1" doraHai="129" who="0" fromWho="0" sc="230,85,219,-22,211,-22,340,-41" /><INIT seed="4,0,0,1,5,34" ten="315,197,189,299" oya="0" hai0="31,40,21,97,53,41,131,6,74,82,84,76,93" hai1="64,2,39,73,77,62,56,115,108,120,101,121,16" hai2="85,72,83,94,32,65,107,63,66,105,89,112,123" hai3="124,130,128,8,113,68,118,48,87,28,86,132,75"/><T51/><D131/><N who="3" m="50217" /><G118/><T15/><D74/><U38/><E108/><V22/><F32/><W98/><G75/><T119/><D119/><U134/><E101/><V96/><F123/><W80/><G68/><T42/><D31/><U13/><E134/><V110/><F110/><W78/><G132/><T55/><D51/><U103/><E103/><V30/><F112/><W125/><G113/><T11/><REACH who="0" step="1"/><D21/><REACH who="0" ten="305,197,189,299" step="2"/><U23/><E115/><V100/><F22/><W92/><G28/><T37/><D37/><U81/><REACH who="1" step="1"/><E2/><REACH who="1" ten="305,187,189,299" step="2"/><V126/><F72/><N who="3" m="43079" /><G48/><T1/><D1/><U109/><E109/><V47/><F63/><W106/><G8/><T29/><D29/><U20/><E20/><V91/><F107/><W133/><G133/><T71/><D71/><U26/><E26/><V7/><F105/><W67/><G106/><T70/><D70/><U44/><E44/><V50/><F47/><W18/><G124/><T114/><D114/><U3/><E3/><V5/><F126/><W79/><G125/><T33/><D33/><U58/><E58/><V35/><F35/><W116/><G116/><T102/><AGARI ba="0,2" hai="6,11,15,40,41,42,53,55,76,82,84,93,97,102" machi="102" ten="30,11700,0" yaku="1,1,0,1,8,1,53,1" doraHai="34" doraHaiUra="88" who="0" fromWho="0" sc="305,137,187,-39,189,-39,299,-39" /><INIT seed="4,1,0,4,2,47" ten="442,148,150,260" oya="0" hai0="18,37,22,48,80,108,106,122,119,133,78,26,2" hai1="33,51,89,72,134,118,64,61,10,36,97,81,120" hai2="54,82,113,43,75,125,63,87,95,24,130,20,30" hai3="126,71,93,127,101,100,69,38,49,29,46,110,121"/><T62/><D37/><U86/><E120/><V45/><F113/><W77/><G121/><T6/><D119/><U40/><E118/><V73/><F125/><N who="3" m="47627" /><G110/><T132/><D122/><U67/><E33/><V76/><F130/><W55/><G29/><T50/><D106/><U129/><E134/><N who="0" m="51817" /><D108/><U114/><E129/><V103/><F63/><W60/><G77/><T65/><D2/><U14/><E36/><V32/><F54/><W68/><G93/><T0/><D0/><U94/><E72/><V83/><F32/><W107/><G107/><T105/><D105/><U12/><E114/><V102/><F95/><W5/><G5/><T31/><D6/><U16/><E14/><V52/><F75/><W96/><G96/><T53/><D53/><U17/><E67/><V98/><F98/><W109/><G109/><T35/><D65/><U23/><E40/><V42/><F82/><W11/><G11/><T111/><D62/><U56/><E17/><V15/><F73/><W70/><G101/><N who="2" m="38409" /><F15/><W13/><G13/><N who="0" m="9551" /><D111/><U90/><REACH who="1" step="1"/><E10/><REACH who="1" ten="442,138,150,260" step="2"/><V79/><F79/><W4/><G4/><T131/><D131/><U21/><E21/><V28/><F28/><W115/><G115/><T124/><D124/><U8/><E8/><V135/><F135/><W112/><G112/><T66/><D66/><U27/><E27/><V104/><F104/><W59/><G100/><T25/><D26/><U91/><E91/><V19/><F30/><W9/><G9/><T84/><AGARI ba="1,1" hai="25,31,35,48,50,78,80,84" m="9551,51817" machi="84" ten="30,6000,0" yaku="20,1,52,2" doraHai="47" who="0" fromWho="0" sc="442,73,138,-21,150,-21,260,-21" /><INIT seed="4,2,0,3,4,78" ten="515,117,129,239" oya="0" hai0="12,29,106,56,2,132,51,76,101,116,65,21,41" hai1="36,9,63,43,60,38,33,4,129,47,81,26,119" hai2="95,0,112,88,49,35,61,109,45,107,97,28,34" hai3="123,3,93,135,48,15,134,40,71,79,77,32,46"/><T87/><D2/><U5/><E119/><V100/><F109/><W7/><G3/><T114/><D116/><U53/><E129/><V57/><F112/><W68/><G32/><T66/><D106/><U128/><E128/><V64/><F0/><W62/><G123/><T130/><D101/><U73/><E4/><V91/><F28/><W25/><G25/><T1/><D1/><U42/><E53/><V55/><REACH who="2" step="1"/><F91/><REACH who="2" ten="515,117,119,239" step="2"/><W90/><G90/><T6/><D29/><U108/><E108/><V131/><F131/><W67/><G134/><T127/><D132/><U20/><E33/><V52/><F52/><W75/><G135/><T89/><D89/><U30/><E43/><V126/><F126/><W121/><G40/><T23/><D127/><U11/><E11/><V70/><F70/><W99/><G71/><T59/><D114/><U8/><E8/><V115/><F115/><W50/><G121/><T39/><D130/><U16/><E30/><V10/><F10/><W18/><G68/><T102/><D41/><U58/><E58/><V37/><F37/><W85/><G46/><T118/><D39/><U54/><E54/><V22/><F22/><W44/><G44/><T17/><D59/><U31/><E31/><V94/><F94/><W125/><G93/><T14/><D56/><U104/><E38/><V27/><F27/><W86/><G125/><T105/><D23/><U13/><E104/><V117/><F117/><W103/><G103/><T133/><D21/><U19/><E5/><V110/><F110/><W74/><G7/><T80/><D6/><U83/><E73/><RYUUKYOKU ba="2,1" sc="515,-15,117,15,119,15,239,-15" hai1="9,13,16,19,20,26,36,42,47,60,63,81,83" hai2="34,35,45,49,55,57,61,64,88,95,97,100,107" /><INIT seed="5,3,1,5,0,85" ten="500,132,134,224" oya="1" hai0="95,32,60,30,62,41,133,100,5,51,44,112,114" hai1="111,36,1,64,18,103,125,27,81,92,58,7,128" hai2="90,19,115,120,89,21,73,28,63,43,77,47,35" hai3="59,75,0,84,93,66,17,45,124,72,97,94,91"/><U9/><E36/><V54/><F120/><W70/><G70/><T116/><D116/><U102/><E128/><V130/><F130/><W40/><G0/><T46/><D133/><U57/><E125/><V10/><F35/><W119/><G119/><T87/><D5/><U12/><E81/><V127/><F73/><W14/><G124/><T34/><D46/><U49/><E111/><V117/><F117/><W65/><G72/><T50/><D50/><U101/><E92/><V106/><F106/><W13/><G75/><T126/><D126/><U38/><E38/><V31/><F77/><W105/><G105/><T78/><D30/><N who="2" m="11306" /><F10/><W56/><G66/><T88/><D78/><U135/><E135/><V2/><F2/><W16/><G14/><T104/><D100/><U71/><E71/><V39/><F115/><N who="0" m="44074" /><D104/><U37/><E37/><V121/><F121/><W80/><G94/><T33/><AGARI ba="3,1" hai="32,33,34,41,44,51,60,62,87,88,95" m="44074" machi="33" ten="40,5200,0" yaku="15,1,52,1,54,1" doraHai="85" who="0" fromWho="0" sc="500,71,132,-29,134,-16,224,-16" /><INIT seed="6,0,0,3,3,72" ten="571,103,118,208" oya="2" hai0="37,31,11,105,44,135,20,27,69,107,87,12,18" hai1="124,53,117,56,33,121,2,128,21,0,3,78,26" hai2="48,85,25,36,59,118,51,9,122,108,94,109,125" hai3="79,7,92,114,50,34,99,47,4,77,88,1,134"/><V111/><F36/><W127/><G34/><T54/><D69/><U126/><E117/><V39/><F39/><W71/><G71/><T22/><D135/><U102/><E102/><V19/><F118/><W52/><G134/><T41/><D87/><U35/><E128/><V68/><F68/><W46/><G127/><N who="1" m="48682" /><E121/><V110/><F125/><W55/><G114/><T120/><D120/><U10/><E78/><N who="3" m="29706" /><G1/><N who="1" m="618" /><E35/><V67/><F122/><W30/><G30/><T101/><D101/><U6/><E53/><N who="3" m="20554" /><G47/><T115/><D115/><U89/><E89/><N who="2" m="53551" /><F111/><W81/><G81/><T75/><D75/><U15/><E56/><V113/><F113/><W16/><G16/><T129/><D129/><U45/><E45/><V133/><F133/><W13/><G13/><T130/><D130/><U58/><E58/><V83/><F83/><W28/><G28/><T95/><D105/><U70/><E70/><V40/><F40/><AGARI ba="0,0" hai="4,7,40,46,50,88,92,99" m="20554,29706" machi="40" ten="30,12000,2" yaku="8,1,52,3,54,2" doraHai="72" who="3" fromWho="2" sc="571,0,103,0,118,-120,208,120" owari="571,67.0,103,-30.0,-2,-50.0,328,13.0" /></mjloggm>