<mjloggm ver="2.3"><GO type="169" lobby="0"/><UN n0="%E3%82%A6%E3%83%AB%E3%83%88%E3%83%A9%E7%AB%8B%E7%9B%B4" n1="%74%61%63%6F%73" n2="%E8%B1%86%E7%89%B9%EF%BC%A0%E6%B2%B3%E6%9D%91%E8%BB%8D%E5%9B%A3" n3="%47%45%59%55" dan="17,17,16,16" rate="2115.19,2162.96,2053.68,2080.10" sx="M,M,M,M"/><TAIKYOKU oya="0"/><INIT seed="0,0,0,5,3,91" ten="250,250,250,250" oya="0" hai0="93,95,12,54,5,44,100,48,23,74,52,6,97" hai1="0,61,114,118,96,66,15,68,107,87,9,75,42" hai2="83,14,13,86,101,18,127,65,25,38,56,76,10" hai3="88,8,105,39,62,63,22,123,50,117,79,112,98"/><T131/><D74/><U7/><E118/><V132/><F38/><W30/><G39/><T129/><D54/><U40/><E75/><V99/><F127/><W89/><G112/><T134/><D134/><U51/><E114/><V80/><F132/><W2/><G79/><T26/><D93/><U58/><E0/><V82/><F25/><N who="3" m="16695" /><G105/><T130/><REACH who="0" step="1"/><D12/><REACH who="0" ten="240,250,250,250" step="2"/><U73/><E73/><V16/><F14/><W121/><G123/><T33/><D33/><U104/><E15/><V128/><F13/><W37/><G121/><T72/><D72/><U124/><E104/><V90/><F82/><W36/><G117/><T108/><D108/><U3/><E107/><V19/><F83/><W78/><G2/><T84/><D84/><U109/><E87/><V102/><F86/><W122/><G122/><T115/><D115/><U32/><E109/><V110/><F110/><W31/><G8/><T94/><D94/><U92/><E32/><V49/><F10/><W81/><G81/><T11/><D11/><U27/><E92/><V135/><F80/><W113/><G113/><T125/><D125/><U133/><E124/><V126/><F126/><W60/><G98/><T20/><D20/><U17/><E133/><V119/><F99/><W69/><G78/><T47/><D47/><U43/><E96/><V46/><F76/><W64/><G89/><T41/><D41/><U28/><E42/><V35/><F135/><W57/><G88/><T106/><D106/><U116/><E116/><V120/><F119/><W85/><G85/><T70/><D70/><U71/><E71/><V55/><F120/><RYUUKYOKU ba="0,1" sc="240,30,250,-10,250,-10,250,-10" hai0="5,6,23,26,44,48,52,95,97,100,129,130,131" /><INIT seed="0,1,1,1,0,6" ten="270,240,240,240" oya="0" hai0="49,67,61,35,46,87,103,84,1,79,62,80,135" hai1="23,12,110,123,96,107,108,133,131,109,95,15,17" hai2="88,104,66,32,52,33,106,75,63,71,8,5,99" hai3="97,36,3,37,69,54,53,122,118,7,89,41,116"/><T13/><D1/><U38/><E123/><V85/><F75/><W4/><G69/><T134/><D35/><U113/><E38/><V114/><F114/><W126/><G3/><T30/><D30/><U81/><E113/><V129/><F129/><W39/><G39/><T64/><D103/><U68/><E68/><V91/><F104/><W90/><G97/><T2/><D2/><U14/><E131/><V34/><F85/><W50/><G50/><T42/><D84/><U58/><E107/><V74/><F74/><W51/><G51/><T60/><REACH who="0" step="1"/><D13/><REACH who="0" ten="260,240,240,240" step="2"/><U16/><E17/><V31/><F31/><W115/><G115/><T101/><D101/><N who="1" m="60575" /><E133/><AGARI ba="1,2" hai="42,46,49,60,61,62,64,67,79,80,87,133,134,135" machi="133" ten="40,3900,0" yaku="1,1,20,1,53,0" doraHai="6" doraHaiUra="70" who="0" fromWho="1" sc="260,62,240,-42,240,0,240,0" /><INIT seed="0,2,0,5,5,35" ten="322,198,240,240" oya="0" hai0="21,12,61,11,45,88,105,68,56,78,120,6,118" hai1="135,130,95,40,0,86,66,99,65,46,69,25,54" hai2="36,127,90,9,132,29,51,129,114,17,18,15,62" hai3="1,103,59,50,16,102,2,91,31,28,117,131,74"/><T84/><D120/><U111/><E69/><V24/><F36/><W89/><G74/><T4/><D105/><U122/><E122/><V104/><F114/><W112/><G59/><T76/><D68/><U72/><E72/><V75/><F75/><W92/><G50/><T30/><D6/><U81/><E111/><V106/><F18/><W3/><G112/><T87/><D87/><U82/><E54/><V41/><F62/><W47/><G47/><T26/><D45/><U52/><E130/><V71/><F71/><W53/><G53/><T107/><D107/><U19/><E0/><V134/><F129/><W5/><G5/><T108/><D108/><U97/><E82/><V43/><F90/><N who="3" m="34315" /><G16/><T13/><D13/><U27/><E40/><V115/><F17/><W37/><G131/><T49/><D49/><U38/><E38/><V116/><F51/><W10/><G37/><T20/><D20/><U119/><E19/><V94/><F41/><W93/><G117/><T124/><D124/><U73/><E119/><V48/><F127/><W96/><G10/><T80/><D118/><U39/><E39/><V42/><F48/><W64/><G64/><AGARI ba="2,0" hai="4,11,12,21,26,30,56,61,64,76,78,80,84,88" machi="64" ten="30,5800,0" yaku="7,1,8,1,54,1" doraHai="35" who="0" fromWho="3" sc="322,64,198,0,240,0,240,-64" /><INIT seed="0,3,0,2,4,52" ten="386,198,240,176" oya="0" hai0="4,60,21,107,95,28,130,88,134,105,89,133,25" hai1="59,2,37,76,106,70,114,15,50,85,121,11,131" hai2="71,120,1,5,112,122,72,79,96,115,62,24,53" hai3="49,34,41,8,26,17,18,9,75,101,123,128,77"/><T83/><D130/><U90/><E106/><V125/><F96/><W43/><G128/><T87/><D4/><U65/><E121/><V33/><F53/><W7/><G101/><T61/><D105/><U73/><E2/><V10/><F125/><W54/><G123/><T104/><D107/><U44/><E131/><V98/><F98/><W86/><G75/><T12/><D12/><U55/><E73/><V38/><F38/><W48/><G49/><T82/><D104/><U135/><E135/><N who="0" m="51721" /><D83/><U99/><E70/><V67/><F122/><W16/><G34/><T84/><AGARI ba="3,0" hai="21,25,28,60,61,82,84,87,88,89,95" m="51721" machi="84" ten="30,3000,0" yaku="20,1,54,1" doraHai="52" who="0" fromWho="0" sc="386,39,198,-13,240,-13,176,-13" /><INIT seed="0,4,0,0,0,77" ten="425,185,227,163" oya="0" hai0="66,30,78,135,33,126,125,36,105,117,21,26,6" hai1="130,122,90,64,100,46,19,7,40,68,72,74,118" hai2="124,97,107,12,67,56,111,85,94,92,39,115,32" hai3="9,42,2,81,75,3,109,15,28,5,41,34,37"/><T25/><D105/><U76/><E122/><V87/><F39/><W55/><G55/><T113/><D36/><N who="1" m="21767" /><E90/><V45/><F32/><W29/><G109/><T131/><D66/><U102/><E19/><V104/><F111/><W99/><G42/><T14/><D113/><U18/><E18/><V57/><F45/><N who="3" m="23727" /><G15/><T79/><D117/><U89/><E89/><V84/><F115/><W80/><G3/><T50/><D50/><U17/><E17/><V49/><F12/><W88/><G34/><T121/><D121/><U101/><E7/><V71/><F107/><W22/><G22/><T123/><D123/><U52/><E118/><V63/><F104/><W13/><G13/><T119/><D119/><U53/><E68/><V47/><F92/><N who="3" m="56711" /><G81/><T116/><D116/><U112/><E112/><V23/><F23/><W4/><G4/><T35/><D35/><U82/><E82/><V11/><F94/><W31/><G31/><N who="0" m="19703" /><D131/><U132/><E130/><V91/><F97/><W54/><G54/><T20/><D135/><U98/><E132/><V1/><F91/><W0/><G0/><T27/><D27/><U129/><E129/><V93/><F93/><W95/><G95/><T61/><D61/><U70/><E53/><N who="2" m="29887" /><F1/><W60/><G60/><T127/><D21/><U43/><E43/><V24/><F63/><W44/><G44/><T96/><D96/><U62/><E98/><V38/><F38/><W128/><G128/><T134/><D134/><U110/><E110/><V106/><F106/><W86/><G86/><T16/><D30/><U103/><N who="1" m="25600" /><DORA hai="10" /><U69/><E62/><RYUUKYOKU ba="4,0" sc="425,15,185,-15,227,-15,163,15" hai0="6,14,16,20,25,78,79,125,126,127" hai3="2,5,9,28,29,75,80" /><INIT seed="0,5,0,3,5,71" ten="440,170,212,178" oya="0" hai0="120,114,85,100,128,48,65,36,5,103,20,63,19" hai1="119,45,59,88,40,108,64,75,109,83,30,3,24" hai2="127,102,46,131,25,53,135,12,1,124,54,84,104" hai3="80,95,16,92,27,126,4,106,33,8,73,118,68"/><T77/><D120/><U32/><E3/><V39/><F1/><W55/><G118/><T0/><D114/><U44/><E119/><V42/><F131/><W21/><G106/><T81/><D36/><U105/><E105/><V130/><F130/><W14/><G126/><N who="2" m="48169" /><F135/><W74/><G68/><T98/><D98/><U51/><E45/><V125/><F84/><W91/><G33/><T117/><D117/><U31/><E31/><V115/><F115/><W122/><G122/><T94/><D94/><U86/><REACH who="1" step="1"/><E75/><REACH who="1" ten="440,160,212,178" step="2"/><V41/><F125/><W121/><G121/><T13/><D0/><U49/><E49/><V37/><F104/><W56/><G74/><T11/><D48/><U61/><AGARI ba="5,1" hai="24,30,32,40,44,51,59,61,64,83,86,88,108,109" machi="61" ten="30,7900,0" yaku="1,1,0,1,54,1,53,1" doraHai="71" doraHaiUra="76" who="1" fromWho="1" sc="440,-44,160,104,212,-25,178,-25" /><INIT seed="1,0,0,2,3,21" ten="396,264,187,153" oya="1" hai0="47,53,81,7,27,93,36,38,12,5,127,134,29" hai1="28,130,79,8,62,120,3,2,35,110,119,82,67" hai2="122,66,6,113,46,26,51,13,55,107,121,52,108" hai3="19,128,112,131,103,78,58,100,72,24,40,70,42"/><U129/><E120/><V75/><F107/><W80/><G70/><T99/><D127/><U44/><E119/><V92/><F75/><W126/><G126/><T23/><D38/><U104/><E104/><V39/><F108/><W90/><G112/><T37/><D36/><U49/><E110/><V83/><F113/><W98/><G90/><T114/><D134/><U25/><E44/><V84/><F66/><W63/><G19/><T68/><D68/><N who="1" m="42103" /><E49/><V0/><F0/><N who="1" m="41" /><E8/><N who="2" m="4247" /><F39/><W124/><G124/><T74/><D37/><U1/><E1/><V61/><F92/><W32/><G42/><T48/><D12/><U56/><E56/><N who="2" m="34975" /><F121/><W59/><G40/><T33/><D23/><U118/><E118/><V9/><F9/><W102/><G98/><T88/><REACH who="0" step="1"/><D114/><REACH who="0" ten="386,264,187,153" step="2"/><U14/><E14/><V111/><F122/><W85/><G32/><T94/><D94/><U101/><E35/><V117/><F117/><W17/><G128/><T76/><AGARI ba="0,1" hai="5,7,27,29,33,47,48,53,74,76,81,88,93,99" machi="76" ten="30,7900,0" yaku="1,1,0,1,52,1,54,1,53,0" doraHai="21" doraHaiUra="133" who="0" fromWho="0" sc="386,89,264,-39,187,-20,153,-20" /><INIT seed="2,0,0,0,1,119" ten="475,225,167,133" oya="2" hai0="130,116,45,64,94,5,4,55,34,124,50,80,101" hai1="18,15,32,20,134,43,52,114,97,39,132,53,58" hai2="69,70,31,90,108,12,85,25,79,48,84,22,77" hai3="74,88,107,82,24,40,89,36,100,75,54,61,109"/><V71/><F108/><W11/><G109/><T112/><D34/><U87/><E32/><V102/><F102/><W133/><G133/><N who="1" m="51306" /><E114/><V95/><F84/><W56/><G24/><T10/><D112/><U35/><E35/><V13/><REACH who="2" step="1"/><F48/><REACH who="2" ten="475,225,157,133" step="2"/><W37/><G100/><T59/><D101/><U76/><E87/><V104/><F104/><W105/><G107/><T78/><D50/><U86/><E86/><V23/><F23/><W57/><G105/><T113/><D113/><U122/><E97/><V66/><F66/><W67/><G11/><T16/><D64/><U106/><E106/><V131/><F131/><W62/><G37/><T120/><D10/><U65/><E65/><V118/><F118/><W26/><G26/><T93/><D130/><U73/><E39/><V42/><F42/><W44/><REACH who="3" step="1"/><G75/><REACH who="3" ten="475,225,157,123" step="2"/><T63/><D116/><U51/><E73/><V9/><F9/><W128/><G128/><T29/><D93/><U92/><E92/><V127/><F127/><W99/><G99/><T129/><D94/><U8/><E8/><V27/><F27/><W111/><G111/><T123/><D124/><U125/><E125/><V19/><F19/><W30/><G30/><T17/><D29/><U3/><E15/><AGARI ba="0,2" hai="12,13,15,22,25,31,69,70,71,77,79,85,90,95" machi="15" ten="40,3900,0" yaku="1,1,53,1" doraHai="119" doraHaiUra="81" who="2" fromWho="1" sc="475,0,225,-39,157,59,123,0" /><INIT seed="2,1,0,2,4,40" ten="475,186,216,123" oya="2" hai0="82,27,91,117,53,95,118,77,86,105,21,100,28" hai1="59,92,83,127,61,123,7,62,66,108,72,60,41" hai2="58,67,113,48,39,79,35,37,78,1,24,97,70" hai3="102,133,71,99,119,23,8,50,65,22,131,18,111"/><V89/><F113/><W81/><G111/><T116/><D53/><U84/><E108/><V3/><F70/><W85/><G119/><T124/><D124/><U120/><E127/><V132/><F132/><W64/><G133/><T29/><D105/><U6/><E41/><V112/><F112/><W129/><G8/><T103/><REACH who="0" step="1"/><D29/><REACH who="0" ten="465,186,216,123" step="2"/><U30/><E30/><V63/><F67/><W16/><G65/><T73/><AGARI ba="1,1" hai="21,27,28,73,77,82,86,91,95,100,103,116,117,118" machi="73" ten="30,7900,0" yaku="1,1,2,1,0,1,12,1,53,0" doraHai="40" doraHaiUra="125" who="0" fromWho="0" sc="465,92,186,-21,216,-40,123,-21" /><INIT seed="3,0,0,1,1,2" ten="557,165,176,102" oya="3" hai0="53,68,130,113,86,92,26,14,122,62,57,84,40" hai1="80,97,101,82,114,21,27,54,116,74,41,49,123" hai2="18,38,44,50,115,43,30,52,46,19,124,34,133" hai3="22,7,42,24,65,112,6,15,83,95,96,5,131"/><W73/><G112/><T105/><D105/><U4/><E114/><V20/><F115/><W81/><G131/><T63/><D130/><U33/><E123/><V28/><F124/><W8/><G65/><T129/><D129/><U47/><E33/><V12/><F133/><W120/><G120/><T72/><D72/><U99/><E116/><V9/><REACH who="2" step="1"/><F34/><REACH who="2" ten="557,165,166,102" step="2"/><W93/><G42/><T56/><D40/><U67/><E41/><V70/><F70/><W134/><G134/><T48/><D68/><U119/><E119/><V1/><F1/><W39/><G39/><T94/><D113/><U69/><E69/><V104/><F104/><W79/><G83/><T110/><D122/><U77/><E80/><V13/><AGARI ba="0,1" hai="9,12,13,18,19,20,28,30,38,43,44,46,50,52" machi="13" ten="20,8000,1" yaku="1,1,0,1,7,1,54,1,53,1" doraHai="2" doraHaiUra="37" who="2" fromWho="2" sc="557,-20,165,-20,166,90,102,-40" /><INIT seed="4,0,0,2,3,96" ten="537,145,256,62" oya="0" hai0="5,62,130,82,117,75,80,45,55,110,3,92,133" hai1="44,29,28,47,66,61,135,76,90,91,56,99,87" hai2="123,107,51,81,8,127,118,71,39,134,77,103,52" hai3="132,83,95,114,104,70,23,59,46,109,113,116,122"/><T121/><D5/><U78/><E135/><V102/><F123/><W105/><G70/><T6/><D6/><U31/><E99/><V115/><F39/><W49/><G59/><T15/><D3/><U100/><E100/><N who="2" m="38443" /><F107/><W48/><G95/><T26/><D92/><N who="1" m="54367" /><E91/><V126/><F71/><W79/><G109/><T53/><D82/><U125/><E125/><N who="2" m="47627" /><F134/><W50/><G132/><T98/><D98/><U34/><E34/><V128/><F128/><W94/><G122/><T64/><D121/><U7/><E7/><V40/><F40/><W54/><G105/><T131/><D131/><U35/><E35/><V27/><F27/><W42/><G104/><T22/><D26/><U88/><E88/><V84/><F8/><W19/><G42/><T67/><D130/><U13/><E76/><V65/><F65/><W14/><G116/><T58/><D67/><U43/><E78/><V25/><F25/><W36/><G36/><T69/><D64/><U2/><E43/><V21/><F21/><W12/><G12/><T32/><D15/><U85/><E13/><V86/><F115/><W38/><G38/><T10/><D69/><U72/><E66/><V60/><F60/><W112/><REACH who="3" step="1"/><G94/><REACH who="3" ten="537,145,256,52" step="2"/><T20/><D133/><U119/><E119/><V57/><F118/><W37/><G37/><T30/><D117/><U4/><E2/><V124/><F124/><W106/><G106/><T108/><D108/><U9/><E61/><V93/><F93/><W18/><G18/><T97/><D62/><U74/><E4/><V1/><F1/><W73/><AGARI ba="0,1" hai="14,19,23,46,48,49,50,54,73,79,83,112,113,114" machi="73" ten="30,7900,0" yaku="1,1,0,1,15,1,53,1" doraHai="96" doraHaiUra="17" who="3" fromWho="3" sc="537,-39,145,-20,256,-20,52,89" /><INIT seed="5,0,0,5,0,10" ten="498,125,236,141" oya="1" hai0="109,30,76,92,17,81,63,62,118,101,93,83,3" hai1="94,88,35,119,48,29,126,24,60,95,37,39,26" hai2="70,106,65,31,28,113,87,107,110,99,46,49,117" hai3="5,54,38,134,11,57,12,125,129,27,91,47,124"/><U1/><E119/><V74/><F110/><W66/><G66/><T128/><D3/><U56/><E1/><V51/><F117/><W20/><G134/><T116/><D30/><U4/><E126/><N who="3" m="48746" /><G91/><T75/><D63/><U89/><E4/><V58/><F74/><W130/><G47/><T114/><D62/><U135/><E135/><V61/><F70/><W105/><G105/><T2/><D2/><U96/><E24/><V7/><F7/><W53/><G38/><T33/><D33/><U15/><E48/><V50/><F46/><W122/><G122/><T111/><D17/><U115/><E15/><V23/><F106/><W64/><G64/><T13/><D13/><U59/><E115/><V121/><F113/><W97/><G97/><T19/><D19/><U79/><E79/><V90/><F99/><W18/><G54/><T44/><D76/><U36/><REACH who="1" step="1"/><E60/><AGARI ba="0,0" hai="5,11,12,18,20,27,53,57,60,129,130" m="48746" machi="60" ten="30,2000,0" yaku="18,1,52,1" doraHai="10" who="3" fromWho="1" sc="498,0,125,-20,236,0,141,20" /><INIT seed="6,0,0,1,2,22" ten="498,105,236,161" oya="2" hai0="70,61,28,123,26,51,118,105,4,11,35,8,134" hai1="115,93,53,81,59,37,87,34,73,60,97,112,24" hai2="99,3,75,38,58,12,65,130,106,104,116,16,109" hai3="46,126,110,13,80,36,94,44,15,71,20,76,117"/><V124/><F116/><W68/><G110/><T45/><D134/><U23/><E37/><V47/><F3/><W43/><G117/><T0/><D8/><U120/><E34/><V50/><F75/><W33/><G33/><T98/><D51/><U96/><E73/><V84/><F38/><W7/><G46/><T129/><D45/><U131/><E131/><V135/><F124/><W19/><G126/><T52/><D52/><U41/><E41/><V5/><F5/><W86/><G94/><T69/><D129/><U9/><E9/><V91/><F109/><W31/><G31/><T21/><D21/><U119/><E119/><V63/><F99/><W66/><G66/><N who="0" m="41167" /><D70/><U89/><E120/><V90/><F90/><W95/><G95/><T54/><D54/><U107/><E107/><V30/><F30/><W29/><G29/><T40/><D40/><U125/><E125/><V128/><F135/><W72/><G72/><T88/><D118/><U55/><E55/><N who="2" m="30175" /><F130/><W108/><G108/><T127/><D127/><U121/><E121/><V48/><F48/><W92/><G71/><T2/><D123/><U79/><REACH who="1" step="1"/><E97/><REACH who="1" ten="498,95,236,161" step="2"/><V6/><F128/><W10/><G36/><T67/><D0/><U101/><E101/><V78/><F106/><W132/><G43/><T17/><D105/><U103/><E103/><V1/><F104/><W56/><G10/><T77/><D11/><U113/><E113/><V39/><F39/><W102/><G102/><T111/><D2/><U62/><E62/><V64/><F1/><W85/><G7/><T74/><D4/><U114/><E114/><RYUUKYOKU ba="0,1" sc="498,-10,95,30,236,-10,161,-10" hai1="23,24,53,59,60,79,81,87,89,93,96,112,115" /><INIT seed="7,1,1,4,2,54" ten="488,125,226,151" oya="3" hai0="12,70,76,13,62,119,114,41,6,125,3,134,94" hai1="60,87,61,59,93,130,110,101,22,117,47,99,131" hai2="69,81,111,83,64,48,88,128,44,73,91,92,135" hai3="49,9,16,55,115,109,113,82,45,32,57,84,95"/><W5/><G32/><T66/><D76/><U108/><E117/><V86/><F111/><W8/><G109/><T127/><D134/><U98/><E47/><V37/><F37/><W123/><G123/><T11/><D119/><U121/><E121/><V4/><F4/><W42/><G95/><T65/><D114/><N who="3" m="43529" /><G5/><T72/><D72/><U118/><E118/><V129/><F135/><W10/><G16/><T116/><D116/><U63/><E87/><V15/><F15/><W89/><G9/><T85/><D85/><U1/><E1/><V126/><F92/><W132/><G132/><T34/><D34/><U75/><E75/><V43/><F73/><W25/><G25/><T14/><D94/><N who="1" m="58583" /><E22/><V56/><F86/><W21/><G21/><T124/><D14/><U53/><E108/><V31/><F81/><W77/><G77/><T51/><D13/><U7/><E110/><V30/><F83/><W50/><AGARI ba="1,1" hai="8,10,42,45,49,50,55,57,82,84,89" m="43529" machi="50" ten="30,3000,0" yaku="15,1,52,1" doraHai="54" who="3" fromWho="3" sc="488,-11,125,-11,226,-11,151,43" /><INIT seed="7,2,0,5,3,69" ten="477,114,215,194" oya="3" hai0="23,57,52,40,50,49,93,134,98,124,72,75,51" hai1="31,89,7,127,132,42,67,128,60,126,133,103,62" hai2="55,9,21,6,88,105,8,34,79,24,116,71,65" hai3="29,14,106,56,27,53,111,22,73,108,0,95,85"/><W117/><G0/><T100/><D124/><N who="1" m="47659" /><E103/><V16/><F116/><W28/><G73/><T43/><D134/><N who="1" m="51819" /><E31/><V109/><F109/><N who="3" m="42059" /><G106/><T118/><D118/><U30/><E30/><V5/><F34/><W113/><G117/><T46/><D23/><U122/><E7/><V107/><F79/><W13/><G29/><T129/><D50/><U17/><E17/><V130/><F6/><W19/><G28/><T101/><D40/><U12/><E12/><V83/><F5/><W131/><G14/><T48/><D48/><U87/><E122/><V25/><F105/><W47/><G13/><T18/><D18/><U81/><E42/><V125/><F107/><W135/><G135/><T82/><D82/><U54/><E54/><V37/><F55/><W35/><G53/><T114/><D101/><U58/><E62/><V119/><F16/><W3/><G19/><T20/><D52/><U110/><E110/><V92/><F119/><W4/><G4/><T39/><D100/><U63/><E63/><V76/><F125/><W70/><G35/><T44/><D20/><U77/><E77/><V45/><F76/><W38/><G22/><T120/><D120/><U102/><E102/><V112/><F21/><W90/><G27/><T26/><D26/><U84/><E84/><V68/><F24/><W33/><G33/><T123/><D123/><U74/><E74/><V11/><F25/><W94/><G85/><T99/><D75/><U97/><E97/><V41/><F41/><W91/><G90/><T64/><D72/><U121/><E121/><V1/><F88/><W78/><G91/><RYUUKYOKU ba="2,0" sc="477,-10,114,30,215,-10,194,-10" hai1="58,60,67,81,87,89,128" owari="467,57.0,144,-36.0,205,1.0,184,-22.0" /></mjloggm>