<mjloggm ver="2.3"><GO type="97" lobby="0"/><UN n0="%E3%81%AD%E3%81%93%E3%81%BE%E3%81%9F%E3%81%8E" n1="%E5%B0%B1%E6%B4%BB%E7%94%9F%40%E5%B7%9D%E6%9D%91%E8%BB%8D%E5%9B%A3" n2="%E5%92%8C%E4%BA%86%E3%81%A3%E3%81%9F%E3%81%AA%E3%82%B3%E3%82%A4%E3%83%84" n3="%4B%2D%59%41%53" dan="13,14,14,14" rate="1880.66,1920.18,1929.83,1971.58" sx="M,M,M,M"/><TAIKYOKU oya="0"/><INIT seed="0,0,0,1,5,124" ten="250,250,250,250" oya="0" hai0="58,133,85,98,41,104,112,46,131,97,67,135,27" hai1="4,106,61,116,71,79,103,91,45,53,39,120,68" hai2="70,42,130,92,109,43,59,115,31,128,94,34,33" hai3="25,90,22,21,49,100,16,129,87,3,20,13,1"/><T102/><D112/><U23/><E120/><V89/><F70/><W75/><G129/><N who="2" m="49769" /><F115/><W96/><G75/><T37/><D131/><U105/><E79/><V52/><F109/><W65/><G65/><T63/><D85/><U117/><E91/><V2/><F2/><W6/><G6/><T55/><D97/><U11/><E103/><V12/><F12/><W88/><G49/><T8/><D8/><U108/><E39/><V51/><F31/><W48/><G48/><N who="0" m="31079" /><D27/><U107/><E108/><V19/><F19/><W24/><G3/><T83/><D83/><U10/><E10/><V121/><F121/><W66/><G66/><T54/><D54/><U56/><E23/><N who="3" m="8778" /><G1/><T32/><D32/><N who="2" m="12394" /><F92/><N who="3" m="58375" /><G90/><T57/><D57/><U64/><E71/><V44/><F59/><W77/><G77/><T86/><D86/><AGARI ba="0,0" hai="42,43,44,51,52,86,89,94" m="12394,49769" machi="86" ten="30,8000,1" yaku="19,1,52,3,54,1" doraHai="124" who="2" fromWho="0" sc="250,-80,250,0,250,80,250,0" /><INIT seed="1,0,0,0,2,60" ten="170,250,330,250" oya="1" hai0="53,98,94,114,128,124,65,131,58,11,96,88,112" hai1="115,1,110,14,87,79,20,90,80,54,29,95,76" hai2="119,32,117,16,101,83,42,111,103,62,125,86,113" hai3="0,10,50,122,108,21,82,97,26,133,33,126,73"/><U25/><E1/><V93/><F32/><W37/><G37/><T38/><D38/><U84/><E115/><V77/><F42/><W135/><G122/><T99/><D124/><U107/><E107/><V47/><F47/><W8/><G33/><T22/><D11/><U116/><E116/><V127/><F62/><W49/><G108/><T19/><D114/><U6/><E110/><V71/><F71/><W17/><G126/><N who="2" m="48137" /><F113/><W109/><G109/><T105/><D65/><U64/><E64/><V89/><F111/><W23/><G97/><T100/><D112/><U15/><E6/><V56/><F16/><N who="3" m="12583" /><G82/><T91/><D91/><U41/><E41/><V24/><F24/><N who="3" m="14447" /><G73/><T36/><D36/><U104/><E104/><V27/><F27/><W74/><G74/><T78/><D78/><U68/><E68/><V30/><F30/><W102/><G102/><N who="2" m="38921" /><F56/><W46/><G0/><T69/><D69/><U72/><E79/><V12/><F12/><W55/><G50/><T28/><D28/><U7/><E7/><V85/><AGARI ba="0,0" hai="77,83,85,86,89,93,117,119" m="38921,48137" machi="85" ten="30,4000,0" yaku="18,1,34,2" doraHai="60" who="2" fromWho="2" sc="170,-10,250,-20,330,40,250,-10" /><INIT seed="2,0,0,5,2,46" ten="160,230,370,240" oya="2" hai0="39,44,60,133,101,132,19,80,30,56,49,97,130" hai1="109,84,131,79,134,64,117,94,38,23,57,75,21" hai2="122,120,29,77,76,116,127,53,26,83,65,48,41" hai3="2,24,54,135,81,8,113,119,47,61,62,70,102"/><V98/><F116/><W96/><G119/><T85/><D130/><U99/><E117/><V69/><F127/><W66/><G135/><T118/><D118/><U22/><E75/><V86/><F41/><W55/><G113/><T71/><D132/><U106/><E38/><V111/><F111/><W40/><G62/><T5/><D133/><U68/><E134/><V31/><F98/><W12/><G2/><T114/><D114/><U58/><E109/><V103/><F103/><W124/><G24/><T27/><D39/><U108/><E108/><V129/><F129/><W73/><G124/><T121/><D71/><U7/><E7/><V128/><F128/><W0/><G0/><T32/><D121/><U74/><E131/><V126/><F126/><W20/><G20/><T52/><D5/><U87/><E74/><V125/><F125/><W91/><G91/><T33/><D19/><U100/><E106/><V51/><F77/><W67/><G67/><T1/><D1/><U88/><E68/><V93/><F65/><W11/><G11/><T4/><D4/><U25/><E64/><V50/><F69/><W105/><G81/><T37/><D37/><U16/><E79/><V82/><F82/><W78/><G78/><T89/><D33/><U92/><E84/><V43/><F43/><W9/><G73/><T95/><REACH who="0" step="1"/><D44/><REACH who="0" ten="150,230,370,240" step="2"/><U3/><E3/><V90/><F122/><W110/><G110/><T34/><D34/><U63/><E58/><V18/><F120/><W123/><G123/><T107/><D107/><U42/><E57/><V45/><F45/><W72/><G70/><RYUUKYOKU ba="0,1" sc="150,30,230,-10,370,-10,240,-10" hai0="27,30,32,49,52,56,60,80,85,89,95,97,101" /><INIT seed="3,1,1,0,4,22" ten="180,220,360,230" oya="3" hai0="98,48,27,1,20,24,125,132,111,9,67,108,120" hai1="66,96,93,83,91,73,110,5,130,14,35,92,65" hai2="47,84,90,13,33,37,99,31,52,11,88,57,28" hai3="39,21,119,3,81,121,50,109,23,18,53,26,94"/><W104/><G104/><T78/><D120/><U63/><E35/><V10/><F33/><W51/><G121/><T131/><D78/><U29/><E110/><V7/><F37/><W68/><G119/><T82/><D82/><U45/><E130/><V80/><F47/><W87/><G39/><T89/><D89/><U85/><E73/><V115/><F115/><W61/><G3/><T86/><D86/><U127/><E127/><V15/><F99/><W30/><G109/><N who="0" m="42059" /><D98/><U135/><E29/><V122/><F122/><W126/><G126/><T36/><D36/><U49/><E135/><V74/><F74/><W101/><G68/><T60/><D48/><N who="3" m="18473" /><G94/><N who="1" m="36458" /><E63/><N who="2" m="36263" /><F90/><N who="3" m="51567" /><G101/><T55/><D55/><N who="1" m="30127" /><E96/><V19/><AGARI ba="1,1" hai="7,10,11,13,15,19,28,31,80,84,88" m="36263" machi="19" ten="30,4000,0" yaku="8,1,54,2" doraHai="22" who="2" fromWho="2" sc="180,-11,220,-11,360,53,230,-21" owari="169,-33.0,209,1.0,413,51.0,209,-19.0" /></mjloggm>