<mjloggm ver="2.3"><GO type="169" lobby="0"/><UN n0="%E8%90%BD%E5%90%88" n1="%E5%B0%B1%E6%B4%BB%E7%94%9F%40%E5%B7%9D%E6%9D%91%E8%BB%8D%E5%9B%A3" n2="%E3%82%AE%E3%82%AC%E3%83%9E%E3%82%A4%E3%83%B3" n3="%E6%9C%88%E8%A9%A0%E3%81%95%E3%82%93" dan="18,17,18,16" rate="2207.99,2220.49,2212.00,2143.85" sx="M,M,M,F"/><TAIKYOKU oya="0"/><INIT seed="0,0,0,4,4,14" ten="250,250,250,250" oya="0" hai0="87,57,75,44,48,67,35,113,124,101,118,116,103" hai1="114,78,63,74,59,20,32,45,34,39,10,135,0" hai2="76,95,46,55,125,81,43,15,134,49,58,5,31" hai3="105,94,96,16,104,89,131,111,66,8,77,2,129"/><T82/><D113/><U106/><E106/><V79/><F134/><W69/><G111/><T7/><D35/><U109/><E114/><V12/><F125/><W60/><G77/><T64/><D75/><U50/><E109/><V130/><F130/><N who="3" m="49675" /><G2/><T65/><D124/><U56/><E135/><V25/><F95/><W86/><G96/><T97/><D7/><N who="1" m="1383" /><E50/><V26/><F5/><W100/><G100/><T84/><D57/><U98/><E98/><V47/><F47/><W38/><G38/><T123/><D87/><U29/><E20/><V3/><F3/><W61/><G60/><T92/><D103/><U120/><E120/><V99/><F99/><W13/><AGARI ba="0,0" hai="8,13,16,61,66,69,86,89,94,104,105" m="49675" machi="13" ten="30,4000,0" yaku="19,1,52,1,54,1" doraHai="14" who="3" fromWho="3" sc="250,-20,250,-10,250,-10,250,40" /><INIT seed="1,0,0,2,5,37" ten="230,240,240,290" oya="1" hai0="23,3,0,24,32,34,26,18,67,6,60,128,8" hai1="73,112,35,86,132,22,9,79,104,103,100,57,133" hai2="52,117,20,33,16,58,54,129,29,110,90,124,82" hai3="62,21,109,43,48,116,96,51,66,15,39,115,108"/><U118/><E35/><N who="0" m="13353" /><D60/><U107/><E9/><V28/><F117/><W135/><G115/><T4/><D67/><U1/><E1/><N who="0" m="585" /><D128/><U97/><E22/><V55/><F129/><W53/><G116/><T64/><D64/><U25/><E25/><N who="0" m="9833" /><D8/><U101/><E57/><V42/><F58/><W14/><G39/><T30/><D30/><U111/><E118/><V84/><F29/><W46/><G96/><T98/><D98/><N who="1" m="61463" /><E101/><V113/><F28/><W36/><G51/><T19/><D23/><U127/><E112/><V94/><F20/><W31/><G62/><T49/><D49/><U65/><E65/><V95/><F113/><W12/><G66/><T2/><D2/><U69/><E69/><V13/><F33/><W27/><G53/><T78/><D78/><U72/><E86/><V50/><F84/><W59/><G59/><T105/><D105/><U92/><E92/><V114/><F95/><W74/><G36/><T121/><D121/><U40/><E79/><V44/><F94/><W47/><G47/><T61/><D61/><U41/><E73/><V11/><F114/><W123/><G74/><T106/><D106/><U122/><E72/><V87/><F55/><W120/><G120/><T99/><D99/><U88/><E122/><V119/><F54/><W45/><G45/><T7/><AGARI ba="0,0" hai="4,6,7,18,19" m="9833,585,13353" machi="7" ten="40,12000,2" yaku="28,2,35,5" doraHai="37" who="0" fromWho="0" sc="230,120,240,-60,240,-30,290,-30" /><INIT seed="2,0,0,3,4,40" ten="350,180,210,260" oya="2" hai0="103,84,114,120,93,28,126,27,38,58,89,53,104" hai1="98,118,39,18,63,106,59,128,65,31,85,24,67" hai2="133,116,91,2,13,6,50,95,112,90,15,17,102" hai3="83,110,111,135,109,80,99,35,44,108,71,127,55"/><V86/><F112/><W75/><G35/><T56/><D38/><U96/><E118/><V124/><F102/><W134/><G71/><T79/><D120/><U54/><E39/><V60/><F116/><W16/><G127/><T1/><D1/><U66/><E128/><V94/><F124/><W64/><G64/><T101/><D114/><U132/><E132/><N who="3" m="50730" /><G75/><T20/><D104/><U37/><E37/><V107/><F107/><W4/><G4/><T57/><D126/><U62/><E106/><V41/><F133/><W82/><G99/><T130/><D130/><U8/><E63/><V46/><F60/><W131/><G131/><T88/><D79/><U21/><E85/><V68/><F68/><W125/><G125/><T30/><D30/><U123/><E123/><V122/><F122/><W119/><G119/><T0/><D0/><U92/><E92/><V45/><F17/><W52/><G111/><T70/><D70/><U42/><E42/><N who="2" m="24887" /><F2/><W9/><G44/><T121/><D121/><U105/><E105/><V100/><F100/><W73/><G73/><T117/><D101/><U69/><E69/><V115/><F6/><W11/><G16/><T51/><D103/><U14/><AGARI ba="0,0" hai="8,14,18,21,24,31,54,59,62,65,66,67,96,98" machi="14" ten="30,2000,0" yaku="0,1,8,1" doraHai="40" who="1" fromWho="1" sc="350,-5,180,20,210,-10,260,-5" /><INIT seed="3,0,0,3,2,62" ten="345,200,200,255" oya="3" hai0="84,45,87,128,8,70,98,75,37,53,123,68,94" hai1="32,57,10,105,55,58,71,134,0,63,64,59,99" hai2="83,113,6,38,35,26,1,47,56,89,127,12,3" hai3="39,31,7,4,24,116,17,88,41,93,19,122,118"/><W54/><G122/><T30/><D75/><U36/><E32/><V69/><F113/><W66/><G41/><T107/><D107/><U27/><E134/><V25/><F69/><W61/><G39/><T9/><D30/><U81/><E36/><V29/><F127/><W21/><G54/><T111/><D111/><U129/><E129/><V90/><F26/><W72/><G72/><T82/><D82/><U102/><E27/><V96/><F12/><W119/><G7/><T49/><D68/><U95/><E105/><V109/><F109/><W124/><G4/><T2/><D70/><U115/><E115/><V78/><F56/><W117/><N who="3" m="29696" /><DORA hai="120" /><W110/><G110/><T131/><D2/><U79/><E10/><N who="0" m="4201" /><D37/><U125/><E125/><V86/><F6/><W73/><G73/><T20/><D20/><U108/><E108/><V76/><F3/><W42/><G42/><T114/><D123/><U23/><E23/><V51/><F38/><W133/><G133/><T46/><D46/><U112/><E112/><V91/><F1/><W14/><G14/><T18/><D114/><U104/><E104/><V106/><F106/><W52/><G52/><T130/><D18/><U135/><E135/><V85/><F96/><W121/><G121/><T80/><D80/><U77/><E0/><V74/><REACH who="2" step="1"/><F78/><REACH who="2" ten="345,200,190,255" step="2"/><W5/><G5/><T16/><D131/><U126/><E126/><V132/><F132/><W92/><G124/><T50/><D130/><U60/><REACH who="1" step="1"/><E79/><REACH who="1" ten="345,190,190,255" step="2"/><V40/><AGARI ba="0,2" hai="25,29,35,40,47,51,74,76,83,85,86,89,90,91" machi="40" ten="30,2000,0" yaku="1,1,0,1,53,0" doraHai="62,120" doraHaiUra="15,67" who="2" fromWho="2" sc="345,-5,190,-5,190,40,255,-10" /><INIT seed="4,0,0,5,0,28" ten="340,185,230,245" oya="0" hai0="45,115,46,119,116,15,69,43,88,86,30,3,59" hai1="105,0,97,18,93,127,114,124,111,63,109,26,80" hai2="96,17,67,19,73,10,74,6,56,99,92,50,131" hai3="62,121,89,4,118,24,87,8,94,125,29,9,70"/><T129/><D3/><U83/><E0/><V120/><F120/><W81/><G118/><T33/><D69/><U126/><E63/><V71/><F71/><W65/><G125/><T51/><D59/><U38/><E38/><V78/><F131/><W110/><G110/><N who="1" m="41994" /><E26/><V130/><F130/><W79/><G9/><T113/><D46/><U98/><E18/><V135/><F135/><W11/><G11/><T58/><D58/><U132/><E132/><V16/><F78/><W27/><G27/><N who="0" m="18655" /><D15/><U128/><E128/><V36/><F36/><W40/><G40/><T61/><D61/><U49/><E49/><V47/><F56/><W108/><G121/><T91/><D129/><U57/><E57/><V21/><F67/><W35/><G108/><T107/><D107/><U1/><E1/><V23/><F74/><W84/><G8/><T72/><D72/><U66/><E66/><V82/><F73/><W13/><G13/><T134/><D134/><U103/><E114/><N who="0" m="43529" /><D86/><U102/><AGARI ba="0,0" hai="80,83,93,97,98,102,103,105,124,126,127" m="41994" machi="102" ten="40,5200,0" yaku="18,1,34,2" doraHai="28" who="1" fromWho="1" sc="340,-26,185,52,230,-13,245,-13" /><INIT seed="5,0,0,1,3,71" ten="314,237,217,232" oya="1" hai0="59,45,73,41,57,50,47,97,120,18,74,33,82" hai1="22,88,38,29,115,129,32,86,62,135,83,24,36" hai2="127,101,118,110,39,99,21,51,107,28,40,7,8" hai3="61,132,23,93,75,90,85,112,49,78,66,111,106"/><U98/><E115/><V48/><F110/><W19/><G111/><T15/><D33/><U116/><E116/><V123/><F118/><W114/><G106/><T56/><D120/><U6/><E129/><V113/><F123/><W12/><G132/><T89/><D47/><U42/><E135/><V102/><F127/><W81/><REACH who="3" step="1"/><G49/><REACH who="3" ten="314,237,217,222" step="2"/><T53/><D50/><U69/><E6/><V4/><F4/><W13/><G13/><T68/><D15/><U121/><E121/><V105/><F51/><W34/><G34/><T128/><D128/><U64/><E42/><V46/><F48/><W44/><G44/><T60/><D45/><U52/><E32/><V67/><F7/><W2/><G2/><T76/><D41/><U79/><E52/><V25/><F46/><W5/><G5/><T31/><D53/><U125/><E125/><V77/><F40/><W27/><G27/><T119/><D119/><U16/><E29/><V133/><F28/><W55/><G55/><T58/><D31/><U30/><E30/><V35/><F25/><W131/><G131/><T122/><D122/><U109/><E109/><V3/><F35/><W126/><G126/><T54/><D54/><U11/><E11/><V91/><F8/><W70/><AGARI ba="0,1" hai="12,19,23,61,66,70,75,78,81,85,90,93,112,114" machi="70" ten="30,4000,0" yaku="1,1,0,1,53,1" doraHai="71" doraHaiUra="63" who="3" fromWho="3" sc="314,-10,237,-20,217,-10,222,50" /><INIT seed="6,0,0,0,3,121" ten="304,217,207,272" oya="2" hai0="71,38,124,22,87,42,61,0,91,49,57,117,84" hai1="40,58,50,67,114,73,82,132,56,26,129,102,51" hai2="35,33,3,41,24,108,9,59,77,43,66,54,2" hai3="18,23,80,14,75,128,127,126,107,19,116,21,69"/><V131/><F131/><W120/><G107/><T8/><D22/><U100/><E129/><V94/><F66/><W65/><G128/><T118/><D38/><U134/><E114/><V123/><F123/><W64/><G120/><T12/><D0/><U115/><E115/><V95/><F77/><N who="3" m="44095" /><G69/><T96/><D96/><U89/><E26/><V48/><F108/><W83/><G83/><T79/><D79/><N who="1" m="44399" /><E89/><V32/><F24/><N who="3" m="14391" /><G116/><N who="0" m="44651" /><D124/><AGARI ba="0,0" hai="14,19,23,64,65,124,126,127" m="14391,44095" machi="124" ten="30,1000,0" yaku="18,1" doraHai="121" who="3" fromWho="0" sc="304,-10,217,0,207,0,272,10" /><INIT seed="7,0,0,5,0,85" ten="294,217,207,282" oya="3" hai0="0,69,72,81,105,89,59,36,24,97,111,75,14" hai1="100,116,3,34,39,130,43,134,54,47,8,32,78" hai2="38,18,120,127,119,102,73,33,49,5,30,104,21" hai3="128,50,28,71,84,35,68,121,19,22,82,109,27"/><W66/><G121/><T103/><D69/><U118/><E100/><V126/><F38/><W95/><G128/><T88/><D0/><U122/><E122/><V113/><F73/><W57/><G109/><T123/><D36/><U29/><E134/><V91/><F119/><W6/><G6/><T61/><D111/><U70/><E130/><V13/><F120/><W4/><G4/><T64/><D123/><U58/><E70/><V124/><F113/><W107/><G107/><T114/><D114/><U52/><E78/><V132/><F132/><W37/><G37/><T1/><D1/><U40/><E40/><V48/><F5/><W42/><G95/><T45/><D45/><U133/><E133/><V25/><REACH who="2" step="1"/><F91/><REACH who="2" ten="294,217,197,282" step="2"/><W129/><G129/><T62/><D88/><U90/><E90/><V131/><F131/><W110/><G110/><T76/><D89/><U96/><E96/><AGARI ba="0,1" hai="13,18,21,25,30,33,48,49,96,102,104,124,126,127" machi="96" ten="40,8000,1" yaku="1,1,18,1,53,2" doraHai="85" doraHaiUra="44" who="2" fromWho="1" sc="294,0,217,-80,197,90,282,0" /><INIT seed="8,0,0,0,3,117" ten="294,137,287,282" oya="0" hai0="18,74,25,71,112,48,64,109,75,93,66,77,72" hai1="95,2,7,120,37,53,12,69,133,125,87,114,128" hai2="8,76,94,57,14,97,5,50,45,43,6,11,104" hai3="101,80,56,40,122,23,49,3,127,79,13,16,81"/><T105/><D105/><U26/><E69/><V108/><F104/><W126/><G122/><T39/><D39/><U20/><E37/><V35/><F108/><W9/><G101/><T19/><D77/><U119/><E119/><V103/><F35/><W59/><G81/><T51/><D109/><U134/><E120/><V15/><F57/><W44/><G3/><T4/><D4/><U27/><E114/><V91/><F76/><W107/><G9/><T130/><D112/><U22/><E125/><N who="3" m="47626" /><G107/><T70/><D93/><U116/><E116/><V82/><F82/><W110/><G110/><T33/><D33/><U99/><E128/><V96/><F103/><W61/><G61/><T32/><D32/><U115/><E115/><V30/><F30/><W98/><G98/><AGARI ba="0,0" hai="5,6,8,11,14,15,43,45,50,91,94,96,97,98" machi="98" ten="30,3900,0" yaku="7,1,9,1,8,1" doraHai="117" who="2" fromWho="3" sc="294,0,137,0,287,39,282,-39" owari="294,9.0,137,-36.0,326,43.0,243,-16.0" /></mjloggm>