<mjloggm ver="2.3"><GO type="169" lobby="0"/><UN n0="%E6%96%B0%E6%BD%9F%E3%83%89%E3%83%A9%E3%82%B4%E3%83%B3" n1="%E3%82%A6%E3%83%AB%E3%83%88%E3%83%A9%E7%AB%8B%E7%9B%B4" n2="%72%6F%61%73%73%6F%32%38" n3="%E8%B5%A4%E8%A3%8F%E3%83%9B%E3%82%B7%E3%83%BC%E3%83%8E" dan="16,17,16,16" rate="2124.28,2214.06,2098.96,2136.34" sx="F,M,M,M"/><TAIKYOKU oya="0"/><INIT seed="0,0,0,0,5,104" ten="250,250,250,250" oya="0" hai0="33,77,64,18,115,99,84,89,41,123,63,81,110" hai1="79,28,31,94,131,71,90,95,7,118,55,66,126" hai2="60,13,67,36,52,122,58,129,42,49,47,111,124" hai3="21,43,75,65,9,51,15,133,132,116,46,127,37"/><T20/><D123/><U109/><E118/><V61/><F122/><W121/><G116/><T92/><D33/><U0/><E126/><V23/><F124/><W5/><G121/><T80/><D115/><U56/><E131/><V22/><F129/><W29/><G127/><T44/><D110/><U54/><E109/><V86/><F111/><W69/><G37/><T87/><D44/><U53/><E71/><V78/><F60/><W134/><G65/><T135/><D135/><U91/><E79/><V74/><F13/><W108/><G69/><T96/><D41/><U101/><E101/><V68/><F86/><W76/><G108/><T93/><D96/><U30/><E7/><V27/><F27/><N who="3" m="16623" /><G76/><T50/><D50/><U117/><E0/><V3/><F3/><W32/><G32/><T82/><D99/><U38/><E38/><V25/><F25/><W6/><G6/><T34/><D34/><U85/><E117/><V10/><F10/><W98/><G98/><T1/><D81/><AGARI ba="0,0" hai="22,23,36,42,47,49,52,58,61,67,68,74,78,81" machi="81" ten="40,8000,1" yaku="24,2,52,1,54,1" doraHai="104" who="2" fromWho="0" sc="250,-80,250,0,250,80,250,0" /><INIT seed="1,0,0,4,4,88" ten="170,250,330,250" oya="1" hai0="107,106,84,130,91,55,89,133,113,15,48,119,76" hai1="1,81,12,33,19,78,92,117,23,29,3,82,2" hai2="93,63,111,94,97,21,127,41,27,80,57,71,28" hai3="38,31,22,103,8,36,128,120,39,45,112,114,72"/><U52/><E117/><V75/><F71/><W77/><G120/><T69/><D69/><U115/><E115/><V100/><F111/><W47/><G103/><T95/><D113/><U53/><E82/><V42/><F127/><W101/><G101/><T129/><D133/><U122/><E122/><V90/><F80/><W16/><G77/><T125/><D119/><U61/><E92/><N who="2" m="58407" /><F75/><W6/><G72/><T4/><D76/><U25/><REACH who="1" step="1"/><E61/><REACH who="1" ten="170,240,330,250" step="2"/><V118/><F118/><W67/><G112/><T56/><D125/><U51/><E51/><V49/><F49/><W134/><G114/><T85/><D106/><U73/><AGARI ba="0,1" hai="1,2,3,12,19,23,25,29,33,52,53,73,78,81" machi="73" ten="30,6000,0" yaku="1,1,0,1,54,1,53,0" doraHai="88" doraHaiUra="96" who="1" fromWho="1" sc="170,-20,240,70,330,-20,250,-20" /><INIT seed="1,1,0,5,3,52" ten="150,310,310,230" oya="1" hai0="108,109,14,19,101,49,112,65,95,105,58,72,91" hai1="85,87,67,122,55,90,74,79,121,39,97,78,4" hai2="9,47,120,26,119,48,29,32,126,93,134,113,98" hai3="27,16,6,116,59,133,135,18,5,30,21,124,75"/><U89/><E39/><V94/><F120/><W25/><G75/><T84/><D112/><U127/><E67/><V115/><F119/><W82/><G82/><T71/><D72/><U62/><E4/><N who="3" m="1642" /><G59/><T1/><D1/><U51/><E62/><V92/><F9/><W107/><G107/><T66/><D71/><U81/><E51/><V73/><F73/><W88/><G88/><N who="1" m="33898" /><E55/><N who="2" m="30111" /><F134/><N who="3" m="51211" /><G116/><T99/><D49/><U106/><E127/><V23/><F126/><W35/><G124/><T111/><REACH who="0" step="1"/><D58/><REACH who="0" ten="140,310,310,230" step="2"/><U69/><E69/><V13/><F113/><W42/><G42/><T114/><D114/><U118/><E118/><V68/><F68/><W2/><G2/><T8/><AGARI ba="1,1" hai="8,14,19,65,66,84,91,95,99,101,105,108,109,111" machi="8" ten="30,4000,0" yaku="1,1,0,1,14,1,53,0" doraHai="52" doraHaiUra="50" who="0" fromWho="0" sc="140,53,310,-21,310,-11,230,-11" /><INIT seed="2,0,0,4,1,113" ten="193,289,299,219" oya="2" hai0="24,15,119,5,37,21,12,75,35,129,45,86,46" hai1="133,130,131,109,61,115,127,44,40,90,54,81,101" hai2="97,7,87,128,13,98,106,107,85,6,126,122,30" hai3="16,120,28,42,10,29,34,32,55,83,110,36,31"/><V17/><F122/><W132/><G42/><T124/><D75/><U94/><E115/><V47/><F128/><W117/><G36/><T43/><D35/><N who="3" m="13353" /><G55/><T70/><D70/><U41/><E127/><V38/><F126/><W125/><G83/><T112/><D112/><U1/><E133/><V56/><F30/><W82/><G82/><T3/><D124/><U0/><E109/><V8/><F38/><W60/><G60/><T74/><D74/><U104/><E81/><V58/><F47/><W71/><G71/><T118/><D129/><U49/><E101/><V102/><F102/><W65/><G65/><T96/><D96/><U108/><E104/><V53/><F53/><W88/><G88/><T27/><D86/><U92/><E90/><V51/><F51/><W123/><G125/><T14/><D45/><U72/><E54/><V116/><F8/><W64/><G64/><T99/><D99/><U73/><E108/><V18/><REACH who="2" step="1"/><F13/><REACH who="2" ten="193,289,289,219" step="2"/><N who="3" m="7223" /><G110/><T9/><REACH who="0" step="1"/><D27/><REACH who="0" ten="183,289,289,219" step="2"/><U63/><E44/><V135/><F135/><W23/><G132/><T19/><AGARI ba="0,2" hai="3,5,9,12,14,15,19,21,24,37,43,46,118,119" machi="19" ten="30,8000,1" yaku="1,1,2,1,0,1,52,2,53,0" doraHai="113" doraHaiUra="57" who="0" fromWho="0" sc="183,100,289,-20,289,-40,219,-20" /><INIT seed="3,0,0,2,4,63" ten="283,269,249,199" oya="3" hai0="50,1,42,17,15,86,30,62,123,67,98,121,68" hai1="0,22,13,77,48,128,31,119,84,82,135,106,37" hai2="39,99,125,92,96,12,134,69,109,124,10,132,112" hai3="79,133,113,57,116,90,2,7,115,25,122,88,65"/><W3/><G116/><T73/><D1/><U58/><E37/><V23/><F39/><W110/><G122/><T97/><D73/><U26/><E128/><V80/><F112/><W101/><G101/><T117/><D117/><U44/><E135/><N who="2" m="51755" /><F109/><W34/><G79/><T53/><D42/><U11/><E106/><V20/><F80/><W103/><G103/><T49/><D30/><U95/><E0/><V76/><F69/><W38/><G38/><T89/><D97/><N who="2" m="37450" /><F92/><W127/><G133/><T66/><D98/><U78/><E95/><V129/><F76/><W8/><G110/><T111/><D67/><U28/><E77/><V16/><F129/><W9/><G25/><T40/><D40/><U19/><E58/><V14/><F14/><W60/><G34/><T120/><D53/><U4/><E119/><V45/><F45/><W61/><G127/><AGARI ba="0,0" hai="10,12,16,20,23,124,125,127" m="37450,51755" machi="127" ten="30,3900,0" yaku="18,1,20,1,54,1" doraHai="63" who="2" fromWho="3" sc="283,0,269,0,249,39,199,-39" /><INIT seed="4,0,0,5,4,116" ten="283,269,288,160" oya="0" hai0="133,7,124,63,33,30,83,56,81,16,117,77,21" hai1="99,132,17,72,2,14,76,129,85,104,110,55,135" hai2="92,68,12,134,93,10,49,69,84,122,0,105,62" hai3="73,102,20,11,86,22,29,80,125,65,118,18,119"/><T112/><D117/><U9/><E110/><V26/><F105/><W4/><G65/><T113/><D133/><N who="1" m="51275" /><E129/><V47/><F0/><W97/><G73/><T67/><D124/><U107/><E72/><V87/><F69/><W53/><G125/><T25/><D7/><U70/><E70/><V43/><F134/><W106/><G29/><T90/><D90/><U96/><E55/><V32/><F26/><W50/><G22/><T15/><REACH who="0" step="1"/><D83/><REACH who="0" ten="273,269,288,160" step="2"/><N who="1" m="47335" /><E2/><V100/><F100/><W41/><G119/><T45/><D45/><U101/><E99/><V40/><F47/><W82/><G118/><T115/><D115/><U37/><E37/><V54/><F84/><AGARI ba="0,1" hai="15,16,21,25,30,33,56,63,67,77,81,84,112,113" machi="84" ten="40,3900,0" yaku="1,1,54,1,53,0" doraHai="116" doraHaiUra="38" who="0" fromWho="2" sc="273,49,269,0,288,-39,160,0" /><INIT seed="4,1,0,5,1,64" ten="322,269,249,160" oya="0" hai0="59,108,102,26,4,129,35,29,100,85,7,104,60" hai1="13,99,135,54,83,107,45,127,39,2,121,115,56" hai2="68,1,22,21,110,0,123,6,70,41,15,58,28" hai3="97,25,132,84,40,96,33,9,77,30,105,61,32"/><T113/><D113/><U34/><E2/><V111/><F58/><W52/><G132/><T49/><D129/><U80/><E121/><V74/><F15/><W69/><G40/><T17/><D49/><U92/><E135/><V12/><F12/><W27/><G105/><T103/><D104/><U116/><E116/><V44/><F44/><W89/><G77/><T19/><D108/><U112/><E34/><V48/><F48/><W130/><G130/><T14/><D85/><U5/><E107/><V72/><F41/><W86/><G9/><T50/><D50/><U109/><E109/><N who="2" m="41483" /><F6/><W76/><G76/><T117/><D19/><U51/><E127/><V8/><F8/><W91/><G61/><T73/><D73/><N who="2" m="28266" /><F28/><W88/><G89/><T101/><N who="0" m="25600" /><DORA hai="95" /><T31/><D31/><U118/><E39/><V81/><F123/><W65/><G30/><T79/><D79/><U98/><E13/><V3/><F81/><W90/><G90/><T114/><D7/><U87/><E5/><V38/><F38/><W128/><G128/><T62/><D59/><U18/><E56/><V125/><F125/><W134/><G134/><T11/><D4/><U10/><E18/><V43/><F43/><W63/><G63/><T131/><D131/><U36/><E36/><V57/><F57/><W24/><G24/><T122/><D122/><U71/><E10/><V67/><F67/><W82/><G82/><T93/><D62/><U106/><E83/><V46/><F46/><W119/><G65/><T20/><D60/><U55/><E80/><V23/><AGARI ba="1,0" hai="0,1,3,21,22,23,68,70" m="28266,41483" machi="23" ten="50,8000,1" yaku="28,2,52,2" doraHai="64,95" who="2" fromWho="2" sc="322,-41,269,-21,249,83,160,-21" /><INIT seed="5,0,0,1,4,87" ten="281,248,332,139" oya="1" hai0="132,18,79,89,67,0,40,84,101,122,60,76,9" hai1="28,2,36,37,86,57,20,7,12,92,98,29,110" hai2="80,65,112,5,123,53,15,3,62,99,121,126,63" hai3="23,50,104,130,120,124,105,31,25,135,90,68,72"/><U131/><E131/><V93/><F3/><W127/><G72/><T96/><D40/><U38/><E110/><V35/><F35/><W109/><G68/><T14/><D0/><U26/><E2/><V45/><F123/><W128/><G109/><T32/><D32/><U81/><E57/><V69/><F121/><W46/><G120/><T21/><D132/><U44/><E29/><V27/><F27/><W113/><G113/><T85/><D9/><U33/><E44/><V10/><F112/><W34/><G34/><T51/><D51/><U88/><E20/><V103/><F126/><N who="3" m="48171" /><G50/><T75/><D75/><U47/><E47/><V102/><F80/><W13/><G46/><T77/><D122/><U70/><E70/><V66/><F45/><W55/><G55/><T39/><D39/><U114/><E114/><V94/><F53/><W22/><G105/><T11/><D11/><U43/><E43/><V73/><F73/><W78/><G104/><T58/><D101/><U106/><E106/><V52/><F52/><W8/><G78/><T134/><D134/><U48/><E48/><V118/><F118/><W83/><G135/><T91/><D96/><U119/><E119/><V19/><F19/><N who="3" m="10607" /><G8/><T107/><D107/><U111/><E111/><V129/><F129/><N who="3" m="49771" /><G83/><N who="0" m="49343" /><D79/><U116/><E116/><V82/><F82/><AGARI ba="0,0" hai="14,18,21,58,60,67,76,77,82,84,91" m="49343" machi="82" ten="30,3900,0" yaku="8,1,52,2" doraHai="87" who="0" fromWho="2" sc="281,39,248,0,332,-39,139,0" /><INIT seed="6,0,0,3,2,16" ten="320,248,293,139" oya="2" hai0="100,103,11,32,59,77,126,81,70,129,13,33,102" hai1="36,54,124,6,5,62,105,68,46,39,123,134,88" hai2="12,42,93,121,112,63,38,135,106,8,0,51,113" hai3="1,18,111,28,85,25,22,30,43,27,73,10,109"/><V132/><F106/><W2/><G73/><T133/><D70/><U94/><E105/><V92/><F121/><W115/><G43/><T117/><D126/><U21/><E124/><V91/><F38/><W101/><G101/><T97/><D97/><U84/><E134/><N who="2" m="51243" /><F0/><W110/><G85/><T120/><D120/><U118/><E118/><V48/><F63/><W69/><G69/><T44/><D44/><U34/><E34/><V26/><F26/><W127/><G127/><T99/><D99/><U14/><E123/><V65/><F65/><W41/><G41/><T75/><D117/><U96/><E39/><V79/><F79/><W89/><G89/><T66/><D133/><U125/><E125/><V29/><F29/><W50/><G50/><N who="2" m="18985" /><F42/><W107/><G115/><N who="2" m="44105" /><F91/><W83/><G83/><T76/><D77/><U90/><E36/><V86/><F86/><W72/><G72/><T3/><D3/><U40/><E40/><V116/><F116/><W61/><G61/><T20/><D66/><U95/><E68/><V31/><F31/><W56/><G56/><T108/><D59/><N who="1" m="35191" /><E46/><V45/><F45/><W119/><G119/><T87/><D87/><U55/><E55/><V57/><F57/><W64/><G64/><T128/><D76/><U4/><E14/><V78/><F78/><W98/><G98/><T19/><D13/><U52/><E52/><V49/><N who="2" m="18993" /><V74/><DORA hai="58" /><F74/><W104/><G104/><T71/><D75/><U17/><E84/><V23/><F8/><W67/><G107/><T37/><D11/><U35/><E90/><V80/><F80/><RYUUKYOKU ba="0,0" sc="320,-10,248,-10,293,30,139,-10" hai2="12,23,92,93" /><INIT seed="6,1,0,5,5,38" ten="310,238,323,129" oya="2" hai0="57,45,32,77,86,49,134,47,121,102,11,127,27" hai1="0,73,24,40,18,119,111,53,99,118,70,79,103" hai2="95,120,5,3,110,107,126,84,14,26,71,117,101" hai3="128,78,129,91,74,2,124,4,90,83,109,114,65"/><V8/><F120/><W123/><G65/><T48/><D121/><U92/><E0/><V89/><F117/><W106/><G4/><T50/><D134/><U132/><E111/><V16/><F71/><W67/><G67/><T1/><D102/><U42/><E70/><V58/><F110/><W108/><G2/><T34/><D34/><U75/><E132/><V37/><F37/><W10/><G10/><T39/><D39/><U44/><E75/><V115/><F126/><W125/><G123/><T133/><D133/><U20/><E73/><V60/><F115/><W98/><G114/><T76/><D127/><N who="3" m="48713" /><G91/><T56/><D32/><U82/><E119/><V25/><F101/><N who="3" m="62775" /><G90/><T54/><D27/><U30/><E118/><V33/><F107/><W80/><G80/><T61/><D1/><U94/><E94/><V55/><REACH who="2" step="1"/><F33/><REACH who="2" ten="310,238,313,129" step="2"/><W22/><G22/><AGARI ba="1,1" hai="3,5,8,14,16,22,25,26,55,58,60,84,89,95" machi="22" ten="30,11600,0" yaku="1,1,2,1,7,1,54,1,53,0" doraHai="38" doraHaiUra="112" who="2" fromWho="3" sc="310,0,238,0,313,129,129,-119" /><INIT seed="6,2,0,4,1,123" ten="310,238,442,10" oya="2" hai0="48,64,77,82,131,59,9,72,128,116,70,113,75" hai1="87,21,110,121,43,126,90,14,22,35,107,2,6" hai2="36,27,20,108,5,28,106,24,7,103,45,97,100" hai3="31,122,50,114,88,129,117,111,95,62,60,119,124"/><V42/><F103/><W78/><G122/><T84/><D116/><U26/><E107/><V29/><REACH who="2" step="1"/><F108/><REACH who="2" ten="310,238,432,10" step="2"/><W30/><G88/><T94/><D131/><U105/><E110/><V39/><F39/><W112/><G50/><T54/><D128/><U1/><E121/><V25/><F25/><W12/><G95/><T16/><D94/><U65/><E26/><V104/><F104/><W76/><G78/><T44/><D70/><U85/><E90/><V120/><F120/><W102/><G76/><T4/><D113/><N who="3" m="43625" /><G102/><T130/><D130/><U49/><E105/><V56/><F56/><W134/><G111/><T52/><D64/><U37/><E65/><V17/><F17/><W38/><G129/><T57/><D16/><U69/><E49/><V68/><F68/><W133/><G38/><T13/><REACH who="0" step="1"/><D44/><REACH who="0" ten="300,238,432,10" step="2"/><U63/><E69/><V53/><F53/><W91/><G12/><T115/><D115/><U127/><E14/><V99/><F99/><W73/><G91/><T135/><D135/><N who="3" m="51721" /><G73/><T71/><D71/><U93/><E93/><V96/><F96/><W0/><G0/><T118/><D118/><N who="3" m="45065" /><G124/><T3/><D3/><U109/><E1/><V46/><F46/><W79/><G79/><T47/><D47/><U86/><E2/><V10/><F10/><W11/><G11/><T74/><D74/><U58/><E127/><V15/><F15/><W61/><AGARI ba="2,2" hai="30,31,60,61,62" m="45065,51721,43625" machi="61" ten="40,8000,1" yaku="28,2,15,1,11,1,20,1" doraHai="123" who="3" fromWho="3" sc="300,-22,238,-22,432,-42,10,106" /><INIT seed="7,0,0,1,2,63" ten="278,216,390,116" oya="3" hai0="126,122,121,40,50,42,135,3,87,116,34,20,67" hai1="21,86,23,120,104,98,76,72,37,65,134,106,110" hai2="30,125,111,89,80,82,129,14,13,77,35,103,83" hai3="113,108,38,0,29,88,101,52,54,75,55,7,17"/><W107/><G75/><T128/><D34/><U97/><E110/><V5/><F111/><W131/><G108/><T69/><D3/><U36/><E86/><N who="2" m="48399" /><F35/><W112/><G38/><T49/><D20/><U68/><E76/><V51/><F129/><W117/><G131/><T57/><D87/><U59/><E59/><V64/><F125/><W130/><G130/><T22/><D22/><U18/><E18/><V132/><F132/><W118/><G29/><T11/><D11/><U115/><E120/><V123/><F123/><N who="0" m="47114" /><D69/><U26/><E115/><N who="3" m="44106" /><G17/><T43/><D128/><U6/><E6/><V2/><F89/><W44/><G44/><T79/><D79/><U66/><E72/><V28/><F83/><W32/><G32/><T19/><D19/><U16/><E16/><V127/><F82/><W90/><G7/><T93/><D93/><U12/><E68/><V74/><F14/><W133/><G0/><T96/><D96/><U53/><E12/><V102/><F13/><W61/><G61/><N who="0" m="38319" /><D135/><U1/><E1/><V60/><F5/><W62/><G62/><T27/><D27/><U119/><E134/><V39/><F2/><W25/><G25/><T91/><D91/><N who="3" m="34857" /><G133/><T71/><D71/><U84/><E26/><V92/><F74/><W114/><N who="3" m="44114" /><W9/><DORA hai="81" /><G9/><T4/><D4/><U10/><E10/><V105/><F28/><W46/><G46/><T94/><D94/><U8/><E37/><V33/><F92/><W100/><G107/><T95/><D95/><U31/><E36/><V47/><F105/><W99/><G99/><T41/><D50/><RYUUKYOKU ba="0,0" sc="278,-10,216,-10,390,-10,116,30" hai3="52,54,55,100,101,117,118" /><INIT seed="7,1,0,5,5,42" ten="268,206,380,146" oya="3" hai0="7,47,1,23,19,12,115,58,16,131,27,45,43" hai1="130,96,39,72,4,5,129,53,57,133,68,79,101" hai2="0,48,60,76,61,117,28,122,70,9,127,11,15" hai3="29,120,103,63,107,14,77,34,10,31,113,13,83"/><W111/><G120/><T134/><D134/><U38/><E68/><V40/><F117/><W51/><G34/><T75/><D75/><U87/><E72/><V65/><F122/><W90/><G107/><T74/><D74/><U41/><E133/><V55/><F0/><W106/><G106/><T37/><D131/><N who="1" m="50187" /><E87/><V85/><F127/><W114/><G103/><T32/><D115/><N who="3" m="44041" /><G90/><T20/><D58/><U49/><E79/><V36/><F28/><N who="3" m="10827" /><G111/><T62/><D32/><U67/><E67/><V6/><F61/><W135/><G135/><T69/><D62/><U92/><E41/><V80/><F11/><W97/><G97/><T99/><D99/><U82/><E82/><V56/><F40/><W73/><G10/><T54/><D69/><U121/><E121/><V59/><F36/><AGARI ba="1,0" hai="4,5,36,38,39,49,53,57,92,96,101" m="50187" machi="36" ten="30,1000,0" yaku="19,1" doraHai="42" who="1" fromWho="2" sc="268,0,206,13,380,-13,146,0" owari="268,7.0,219,-18.0,367,46.0,146,-35.0" /></mjloggm>