<mjloggm ver="2.3"><GO type="41" lobby="0"/><UN n0="%E5%B0%B1%E6%B4%BB%E7%94%9F%40%E5%B7%9D%E6%9D%91%E8%BB%8D%E5%9B%A3" n1="%64%65%74%74%79%61%73%6F" n2="%E9%80%9F%E6%B0%B4%E6%9D%A5%E5%A4%A2" n3="%68%61%6C%79" dan="14,14,14,15" rate="1982.36,2072.30,1945.75,1932.57" sx="M,M,M,M"/><TAIKYOKU oya="0"/><INIT seed="0,0,0,5,5,103" ten="250,250,250,250" oya="0" hai0="51,35,69,116,29,54,26,101,129,90,14,67,128" hai1="55,93,85,34,2,75,110,91,125,13,62,20,27" hai2="65,70,106,122,56,77,23,92,84,88,31,10,32" hai3="16,66,120,127,97,57,49,98,37,86,42,4,105"/><T126/><D116/><U132/><E75/><V124/><F122/><W111/><G120/><T48/><D126/><U25/><E2/><V68/><F124/><W63/><G127/><T121/><D121/><U52/><E34/><V39/><F39/><W8/><G37/><T108/><D101/><U133/><E125/><V78/><F32/><W3/><G111/><T18/><D90/><U95/><E110/><V115/><F115/><W22/><G105/><T83/><D83/><U58/><E55/><V123/><F123/><W60/><G86/><T100/><D100/><U59/><E59/><V112/><F112/><W15/><REACH who="3" step="1"/><G63/><REACH who="3" ten="250,250,250,240" step="2"/><T19/><D108/><U87/><E87/><V113/><F106/><W7/><G7/><T82/><D82/><U38/><E38/><V12/><F113/><W36/><G36/><T64/><D128/><U46/><E95/><V44/><F92/><W30/><G30/><T117/><D129/><U43/><E133/><V71/><F84/><W45/><AGARI ba="0,1" hai="3,4,8,15,16,22,42,45,49,57,60,66,97,98" machi="45" ten="30,4000,0" yaku="1,1,0,1,54,1,53,0" doraHai="103" doraHaiUra="109" who="3" fromWho="3" sc="250,-20,250,-10,250,-10,240,50" /><INIT seed="1,0,0,1,0,18" ten="230,240,240,290" oya="1" hai0="43,60,41,12,52,86,99,30,34,102,75,62,65" hai1="73,116,71,83,47,69,128,90,36,11,114,68,38" hai2="32,131,67,46,107,124,88,87,45,59,97,132,10" hai3="37,39,23,79,103,70,125,27,31,63,48,28,21"/><U58/><E116/><V54/><F32/><W112/><G112/><T101/><D75/><U26/><E114/><V57/><F67/><W29/><G79/><T25/><D86/><U1/><E128/><V74/><F74/><W104/><G48/><T109/><D109/><U19/><E58/><V118/><F118/><W9/><G9/><T105/><D101/><U24/><E38/><V78/><F78/><W6/><G6/><T121/><D121/><U42/><E90/><V77/><F77/><W113/><G113/><T72/><D72/><U119/><E119/><V50/><F132/><W80/><G80/><T35/><D35/><U82/><E24/><V98/><F131/><W135/><G135/><T133/><D12/><U76/><E83/><V108/><F108/><W66/><G125/><T22/><D133/><U120/><E120/><V93/><F124/><W122/><G122/><T94/><D105/><U89/><E89/><V3/><F107/><W117/><G117/><T126/><D34/><U20/><E71/><V134/><F134/><W130/><G130/><T40/><D126/><U44/><E47/><N who="2" m="17931" /><F3/><W4/><G4/><AGARI ba="0,0" hai="1,4,11,19,20,26,36,42,44,68,69,73,76,82" machi="4" ten="40,7700,0" yaku="25,2,52,1" doraHai="18" who="1" fromWho="3" sc="230,0,240,77,240,0,290,-77" /><INIT seed="1,1,0,0,1,118" ten="230,317,240,213" oya="1" hai0="52,61,8,116,62,125,73,90,87,75,107,108,47" hai1="19,74,25,76,18,42,56,128,88,46,105,22,12" hai2="106,94,30,32,10,82,43,31,3,132,17,130,64" hai3="86,93,119,55,24,121,98,85,20,95,51,71,133"/><U68/><E68/><V89/><F106/><W120/><G71/><T69/><D107/><U123/><E105/><V21/><F132/><W34/><G34/><T126/><D116/><U115/><E76/><V78/><F130/><W84/><G119/><T5/><D108/><U44/><E74/><V103/><F103/><W16/><G133/><T53/><D69/><U33/><E33/><V113/><F113/><W70/><G70/><T67/><D67/><U60/><E115/><V29/><F32/><W50/><G50/><T127/><D73/><U111/><E123/><V135/><F135/><W81/><G81/><T26/><D75/><U134/><E134/><V27/><F64/><W23/><G23/><T124/><D26/><U48/><E46/><V101/><F101/><W79/><G79/><T100/><D100/><U114/><E111/><V36/><F36/><W63/><G63/><N who="0" m="24075" /><D47/><U104/><E104/><V1/><F43/><W45/><REACH who="3" step="1"/><G95/><REACH who="3" ten="230,317,240,203" step="2"/><N who="0" m="54751" /><D127/><U122/><E114/><V38/><F78/><W129/><G129/><T131/><D131/><U117/><E128/><V59/><F82/><W54/><G54/><T92/><D92/><U11/><E117/><V7/><F94/><W57/><G57/><T97/><D97/><U102/><E102/><AGARI ba="1,1" hai="16,20,24,45,51,55,84,85,86,93,98,102,120,121" machi="102" ten="40,8000,1" yaku="1,1,52,2,54,1,53,0" doraHai="118" doraHaiUra="109" who="3" fromWho="1" sc="230,0,317,-83,240,0,203,93" /><INIT seed="2,0,0,1,2,17" ten="230,234,240,296" oya="2" hai0="26,40,20,87,57,71,116,11,6,130,48,0,74" hai1="97,106,132,42,73,109,76,44,39,72,61,8,24" hai2="22,81,67,80,122,90,134,112,135,54,88,16,128" hai3="84,28,4,45,10,92,23,102,50,125,105,78,120"/><V94/><F122/><W52/><G120/><T62/><D74/><U60/><E132/><N who="2" m="50731" /><F112/><W25/><G105/><T75/><D75/><BYE who="2" /><U69/><E69/><V121/><F121/><W37/><BYE who="1" /><G125/><T107/><D107/><U21/><E21/><V30/><F30/><W118/><G118/><T14/><D130/><U33/><E33/><V34/><F34/><UN n2="%E9%80%9F%E6%B0%B4%E6%9D%A5%E5%A4%A2" /><W95/><G37/><T31/><D116/><U101/><E101/><V32/><F32/><W119/><G102/><T53/><D87/><U65/><E65/><V85/><F67/><W96/><G96/><T47/><REACH who="0" step="1"/><D71/><REACH who="0" ten="220,234,240,296" step="2"/><U111/><E111/><V18/><F128/><W13/><G119/><T108/><D108/><U7/><E7/><V27/><F18/><W29/><REACH who="3" step="1"/><G28/><REACH who="3" ten="220,234,240,286" step="2"/><T127/><D127/><U9/><E9/><V93/><F54/><W43/><G43/><T126/><D126/><U124/><E124/><V36/><F36/><W5/><G5/><T59/><D59/><U104/><E104/><V100/><F100/><W15/><G15/><AGARI ba="0,2" hai="0,6,11,14,15,20,26,31,40,47,48,53,57,62" machi="15" ten="40,2600,0" yaku="1,1,52,1,53,0" doraHai="17" doraHaiUra="113" who="0" fromWho="3" sc="220,46,234,0,240,0,286,-26" /><INIT seed="3,0,0,1,2,112" ten="266,234,240,260" oya="3" hai0="48,55,39,51,44,27,63,88,32,65,126,109,78" hai1="115,81,71,124,118,110,28,95,33,13,125,11,120" hai2="79,119,0,107,68,101,134,130,87,97,43,4,76" hai3="58,41,80,64,23,104,45,12,22,21,129,100,49"/><W111/><G129/><T82/><D39/><U7/><E7/><V8/><F68/><W6/><G111/><T56/><D126/><U72/><E72/><V86/><F130/><W84/><G100/><T61/><D109/><U132/><E132/><V18/><F134/><W29/><G104/><T57/><D32/><U3/><E3/><V40/><F18/><N who="3" m="10439" /><G29/><T37/><D27/><U60/><E60/><V122/><F122/><W54/><G6/><T108/><D108/><U99/><E99/><V85/><F119/><W135/><G135/><T59/><D37/><U9/><E9/><V90/><F90/><N who="3" m="51463" /><G64/><T117/><D88/><U50/><E50/><AGARI ba="0,0" hai="22,23,41,45,49,50,54,58" m="51463,10439" machi="50" ten="30,1500,0" yaku="8,1" doraHai="112" who="3" fromWho="1" sc="266,0,234,-15,240,0,260,15" /><INIT seed="3,1,0,2,1,11" ten="266,219,240,275" oya="3" hai0="85,13,16,15,116,73,46,124,51,95,105,109,103" hai1="63,45,42,122,123,3,5,102,92,56,118,14,110" hai2="34,54,126,112,66,18,26,108,25,69,76,17,114" hai3="29,89,36,9,61,82,100,40,32,38,135,117,86"/><W121/><G117/><T21/><D73/><U27/><E27/><V113/><F108/><W35/><G121/><T134/><D116/><U120/><E120/><V115/><N who="2" m="28672" /><DORA hai="98" /><V91/><F76/><W19/><G135/><T55/><D124/><U79/><E79/><V90/><F126/><W39/><G40/><T107/><D109/><U104/><E104/><V83/><F54/><W80/><G29/><T129/><D134/><U28/><E28/><V119/><F119/><W74/><G61/><T22/><D129/><U41/><E41/><V131/><F131/><W52/><G74/><T62/><D62/><U130/><E130/><V125/><F125/><W88/><G100/><T4/><D85/><U65/><E65/><V94/><F83/><W12/><G52/><T47/><D47/><U53/><E53/><V101/><F66/><W106/><G106/><T75/><D75/><U77/><E77/><V43/><F43/><W84/><AGARI ba="1,0" hai="9,12,19,32,35,36,38,39,80,82,84,86,88,89" machi="84" ten="40,12000,1" yaku="0,1,9,1,52,1,54,1" doraHai="11,98" who="3" fromWho="3" sc="266,-41,219,-41,240,-41,275,123" /><INIT seed="3,2,0,5,0,53" ten="225,178,199,398" oya="3" hai0="0,13,9,34,75,109,48,76,102,83,103,60,26" hai1="119,100,122,64,125,44,128,37,47,10,72,42,133" hai2="5,85,57,73,99,98,11,116,61,58,65,54,110" hai3="81,88,21,24,1,92,55,43,74,36,16,77,39"/><W19/><G1/><T111/><D0/><U82/><E82/><V94/><F73/><W118/><G118/><T67/><D48/><U25/><E25/><V41/><F110/><N who="0" m="41994" /><D26/><U3/><E3/><V22/><F116/><W28/><G43/><T97/><D34/><U50/><E50/><V108/><F108/><W66/><G66/><T106/><D106/><U91/><E91/><N who="2" m="53615" /><F41/><W7/><G7/><N who="0" m="3263" /><D97/><U95/><E95/><V129/><F129/><W51/><G39/><T78/><D78/><U87/><E87/><V93/><F93/><W104/><G36/><T46/><D46/><U79/><E79/><V89/><F89/><W52/><G104/><T132/><D132/><U117/><E117/><V90/><F90/><W18/><REACH who="3" step="1"/><G51/><REACH who="3" ten="225,178,199,388" step="2"/><T33/><D33/><U63/><E63/><V121/><F61/><W59/><G59/><AGARI ba="2,1" hai="59,60,67,75,76,83,102,103" m="3263,41994" machi="59" ten="30,2000,0" yaku="14,1,52,1" doraHai="53" who="0" fromWho="3" sc="225,36,178,0,199,0,388,-26" /><INIT seed="4,0,0,5,3,132" ten="261,178,199,362" oya="0" hai0="90,118,78,14,9,28,76,8,80,66,109,97,55" hai1="123,122,67,24,26,1,104,43,94,63,35,60,88" hai2="87,112,6,131,33,31,129,101,23,48,77,124,62" hai3="135,0,17,65,120,85,86,10,108,98,15,107,21"/><T64/><D118/><U42/><E42/><V4/><F33/><W70/><G108/><T16/><D109/><U11/><E11/><V37/><F37/><W121/><G135/><T127/><D127/><U115/><E115/><V117/><F117/><W106/><G65/><N who="0" m="25195" /><D28/><U95/><E95/><V19/><F112/><W92/><G70/><T93/><D9/><U61/><E61/><V25/><F101/><W50/><G50/><T100/><D55/><U110/><E110/><V91/><F62/><W56/><G56/><T125/><D125/><U51/><E51/><V39/><F39/><W49/><G49/><T68/><D68/><U79/><E79/><N who="0" m="30249" /><D80/><U5/><E5/><V41/><F124/><W72/><G72/><T59/><D59/><U36/><E36/><V2/><F77/><W20/><G0/><T134/><D134/><U27/><E27/><V69/><F69/><W22/><G107/><T3/><D3/><U30/><E30/><V13/><F2/><W12/><G106/><T119/><D119/><U96/><E96/><V126/><F126/><W52/><G52/><T82/><D82/><U45/><E45/><V34/><F48/><W113/><G113/><T103/><AGARI ba="0,0" hai="8,14,16,90,93,97,100,103" m="30249,25195" machi="103" ten="30,3000,0" yaku="8,1,54,1" doraHai="132" who="0" fromWho="0" sc="261,30,178,-10,199,-10,362,-10" /><INIT seed="4,1,0,0,3,15" ten="291,168,189,352" oya="0" hai0="60,2,33,71,119,99,16,121,111,132,70,122,88" hai1="108,6,82,74,114,56,37,75,109,39,43,51,102" hai2="128,11,50,22,116,1,48,67,68,42,55,84,18" hai3="66,44,79,47,35,87,69,127,130,81,34,10,63"/><T25/><D119/><U93/><E93/><V32/><F32/><W72/><G130/><T107/><D2/><U26/><E26/><V3/><F128/><W98/><G127/><T64/><D71/><U13/><E13/><V27/><F116/><W125/><G125/><T133/><D111/><U31/><E31/><V104/><F104/><W4/><G98/><T49/><D49/><U0/><E0/><V80/><F42/><W57/><G72/><T40/><D40/><U46/><E46/><V94/><F94/><W73/><G73/><T21/><D33/><U118/><E118/><V110/><F110/><W38/><G57/><T86/><D99/><U91/><E91/><V65/><F68/><W124/><G124/><T112/><D107/><U30/><E30/><V41/><F41/><W77/><G77/><T134/><REACH who="0" step="1"/><D112/><REACH who="0" ten="281,168,189,352" step="2"/><U36/><E36/><V95/><F3/><W17/><G38/><T97/><D97/><U45/><E45/><V12/><F1/><W117/><G117/><T7/><D7/><U89/><E89/><V76/><F48/><W106/><G106/><T14/><D14/><U59/><E59/><V135/><F50/><W101/><G4/><T24/><D24/><U9/><E9/><V126/><F126/><W58/><G69/><T129/><D129/><U29/><E29/><V28/><F28/><W123/><G35/><T54/><D54/><U85/><E85/><V20/><F55/><W8/><G34/><T96/><D96/><U53/><E53/><V103/><F11/><W113/><G113/><T5/><D5/><U105/><E105/><RYUUKYOKU ba="1,1" sc="281,30,168,-10,189,-10,352,-10" hai0="16,21,25,60,64,70,86,88,121,122,132,133,134" /><INIT seed="4,2,1,5,5,47" ten="311,158,179,342" oya="0" hai0="94,92,134,44,12,84,87,53,104,122,5,82,67" hai1="9,102,120,10,123,28,48,100,83,110,35,132,51" hai2="96,6,103,85,26,2,62,98,72,27,71,54,43" hai3="97,57,129,55,105,4,75,46,36,49,17,59,113"/><T52/><D104/><U114/><E114/><V33/><F72/><W58/><G75/><T3/><D3/><U116/><E116/><V7/><F43/><W25/><G113/><T131/><D122/><U126/><E126/><V70/><F85/><W64/><G129/><T18/><D131/><U108/><E108/><V66/><F71/><W8/><G36/><T81/><D134/><U19/><E19/><V125/><F125/><W24/><G64/><T76/><D67/><U121/><E121/><V69/><F70/><W14/><REACH who="3" step="1"/><G4/><REACH who="3" ten="311,158,179,332" step="2"/><T41/><D5/><U101/><E101/><AGARI ba="2,2" hai="8,14,17,24,25,46,49,55,57,58,59,97,101,105" machi="101" ten="40,8000,1" yaku="1,1,2,1,52,1,53,1" doraHai="47" doraHaiUra="42" who="3" fromWho="1" sc="311,0,158,-86,179,0,332,106" /><INIT seed="5,0,0,3,3,131" ten="311,72,179,438" oya="1" hai0="109,122,82,6,35,64,92,5,105,80,132,0,65" hai1="74,41,100,123,55,101,23,107,49,79,29,106,135" hai2="112,25,94,87,24,17,70,36,126,108,111,16,133" hai3="38,52,30,31,61,124,84,75,10,58,22,48,63"/><U33/><E33/><V89/><F70/><W115/><G75/><T59/><D105/><U129/><E129/><V88/><F36/><W121/><G121/><T116/><D122/><U19/><E19/><V67/><F126/><W76/><G38/><T39/><D116/><U83/><E83/><V117/><F117/><W43/><G124/><T51/><D39/><U81/><E81/><V3/><F3/><W9/><G115/><T50/><D35/><U21/><E21/><V2/><F2/><W26/><G43/><T34/><D34/><U12/><E12/><V99/><F112/><W128/><G128/><T42/><D109/><U11/><E11/><N who="3" m="4106" /><G31/><T7/><D0/><U69/><E69/><V73/><F73/><W110/><G110/><T27/><D42/><U28/><E28/><V68/><F68/><W47/><G76/><T15/><D132/><U32/><E32/><V1/><F133/><W114/><G84/><T103/><D27/><U86/><E86/><V85/><F1/><W120/><G120/><T125/><D125/><U14/><E14/><V45/><F67/><N who="0" m="25674" /><D15/><U134/><E134/><V118/><F118/><W44/><G114/><T72/><D72/><U4/><E4/><V96/><F94/><W91/><G91/><T104/><D104/><U97/><E97/><V8/><F8/><W46/><AGARI ba="0,0" hai="22,26,30,44,46,47,48,52,58,61,63" m="4106" machi="46" ten="30,2000,0" yaku="8,1,54,1" doraHai="131" who="3" fromWho="3" sc="311,-5,72,-10,179,-5,438,20" /><INIT seed="6,0,0,0,3,128" ten="306,62,174,458" oya="2" hai0="100,60,5,111,46,48,29,120,42,64,105,20,119" hai1="53,17,88,19,52,99,135,106,114,30,104,1,32" hai2="44,12,51,13,16,70,68,95,96,85,11,35,49" hai3="84,57,65,74,34,41,10,82,116,113,123,108,37"/><V61/><F35/><W6/><G74/><T79/><D120/><U109/><E109/><V133/><F133/><W118/><G34/><T87/><D119/><U58/><E58/><V110/><F110/><W2/><G123/><T9/><D111/><U71/><E71/><V98/><F51/><W50/><G37/><T22/><D105/><U126/><E126/><V80/><F61/><W26/><G26/><T121/><D121/><U15/><E15/><V83/><F80/><W124/><G124/><T131/><D100/><U27/><E27/><V14/><F70/><W81/><G65/><T76/><D29/><U97/><E97/><N who="2" m="37483" /><F68/><W24/><G113/><T56/><D131/><U127/><E127/><V130/><F95/><W36/><G36/><T40/><D40/><U45/><E45/><V94/><F94/><W93/><G93/><T69/><D69/><U7/><E7/><V28/><F28/><W63/><G63/><T62/><D62/><U31/><E31/><V43/><F130/><W103/><G103/><T47/><D47/><U72/><E72/><V134/><F134/><W92/><G92/><T8/><D87/><U25/><E25/><V91/><AGARI ba="0,0" hai="11,12,13,14,16,43,44,49,83,85,91" m="37483" machi="91" ten="30,3000,0" yaku="8,1,54,1" doraHai="128" who="2" fromWho="2" sc="306,-10,62,-10,174,30,458,-10" /><INIT seed="6,1,0,4,2,117" ten="296,52,204,448" oya="2" hai0="69,131,111,77,36,43,114,28,24,46,48,125,10" hai1="25,52,134,130,83,23,34,98,35,80,2,21,54" hai2="1,64,86,87,31,91,122,132,82,120,5,109,70" hai3="94,41,76,79,44,90,15,0,39,116,84,104,105"/><V22/><F109/><W110/><G0/><T55/><D69/><U88/><E88/><V3/><F132/><W8/><G110/><T81/><D111/><U121/><E121/><V129/><F129/><W18/><G116/><T63/><D125/><U71/><E71/><V32/><F32/><W89/><G79/><T96/><D131/><U93/><E93/><V14/><F1/><W97/><G76/><T11/><D114/><U99/><E99/><V78/><F3/><W59/><G59/><T6/><D96/><U20/><E20/><V118/><F118/><W112/><G112/><T33/><D63/><U53/><E53/><V9/><F64/><W127/><G127/><T4/><D4/><U13/><E13/><V101/><F101/><W75/><G75/><T47/><D6/><U108/><E108/><V61/><F61/><W66/><G66/><T40/><D55/><U103/><E103/><V113/><F113/><W58/><G58/><T100/><D100/><U67/><E67/><V16/><F70/><W51/><G39/><T124/><D124/><U49/><E49/><V133/><F133/><W62/><G62/><T123/><D123/><U50/><E50/><V42/><F42/><W72/><G72/><AGARI ba="1,0" hai="10,11,24,28,33,36,40,43,46,47,48,72,77,81" machi="72" ten="30,1000,0" yaku="7,1" doraHai="117" who="0" fromWho="3" sc="296,13,52,0,204,0,448,-13" /><INIT seed="7,0,0,4,5,135" ten="309,52,204,435" oya="3" hai0="63,110,108,9,76,36,67,15,66,87,101,105,70" hai1="68,115,60,93,49,125,2,106,11,55,13,96,81" hai2="14,121,18,94,62,82,35,97,74,120,69,39,50" hai3="34,42,102,89,86,64,73,129,109,117,77,54,124"/><W16/><G34/><T17/><D36/><U59/><E59/><V114/><F39/><W4/><G4/><T47/><D67/><U133/><E133/><V103/><F35/><W33/><G33/><T38/><D105/><U3/><E3/><V83/><F74/><W43/><G102/><T90/><D101/><U78/><E78/><V104/><F104/><W119/><G64/><T41/><D76/><U65/><E65/><V134/><F134/><W56/><G129/><T40/><D40/><U80/><E80/><AGARI ba="0,0" hai="9,15,17,38,41,47,63,66,70,80,87,90,108,110" machi="80" ten="30,1000,0" yaku="7,1" doraHai="135" who="0" fromWho="1" sc="309,10,52,-10,204,0,435,0" owari="319,12.0,42,-46.0,204,-20.0,435,54.0" /></mjloggm>