<mjloggm ver="2.3"><GO type="225" lobby="0"/><UN n0="%E3%83%86%E3%82%A3%E3%82%AB%2D%CE%B3" n1="%E5%90%91%E4%BA%95%E7%90%86" n2="%E3%83%88%E3%83%88%E3%83%AA%E5%85%88%E7%94%9F%31%39%E6%AD%B3" n3="%E7%8E%A9%E5%80%8B%4A%42" dan="17,16,17,17" rate="2131.39,2135.89,2193.33,2190.72" sx="M,M,F,M"/><TAIKYOKU oya="0"/><INIT seed="0,0,0,3,5,96" ten="250,250,250,250" oya="0" hai0="64,41,123,119,61,72,8,39,114,1,18,99,94" hai1="118,103,37,135,74,54,50,112,38,15,26,57,22" hai2="28,31,49,93,125,128,121,84,130,101,132,19,27" hai3="104,133,68,60,62,129,24,76,120,85,83,131,65"/><T124/><D114/><U25/><E74/><V66/><F121/><W105/><G133/><T90/><D119/><U5/><E118/><V86/><F132/><W4/><G120/><T111/><D123/><U82/><E135/><V48/><F66/><W33/><G62/><T115/><D115/><U0/><E0/><V12/><F125/><W16/><G4/><T46/><D124/><U81/><E112/><V7/><F7/><W77/><G77/><T122/><D122/><U127/><E37/><V70/><F70/><W45/><G45/><T97/><D72/><U44/><E127/><V79/><F79/><W108/><G108/><T106/><D111/><U53/><E103/><V89/><F101/><W9/><G33/><T30/><D30/><N who="2" m="11306" /><F27/><N who="1" m="10249" /><E38/><V63/><F86/><W113/><G113/><T126/><D126/><U11/><E22/><N who="2" m="11623" /><F63/><AGARI ba="0,0" hai="5,11,15,44,50,53,54,57,63,81,82" m="10249" machi="63" ten="30,1000,0" yaku="8,1" doraHai="96" who="1" fromWho="2" sc="250,0,250,10,250,-10,250,0" /><INIT seed="1,0,0,0,3,130" ten="250,260,240,250" oya="1" hai0="72,58,53,111,122,54,124,0,66,129,36,87,62" hai1="108,128,50,107,47,35,43,97,49,109,31,80,76" hai2="127,96,2,78,121,125,112,15,5,117,133,90,103" hai3="95,81,51,120,16,82,89,18,91,11,23,77,39"/><U85/><E128/><V57/><F117/><W37/><G120/><T88/><D72/><U114/><E114/><V119/><F119/><W20/><G11/><T123/><D129/><U100/><REACH who="1" step="1"/><E50/><REACH who="1" ten="250,250,240,250" step="2"/><V8/><F112/><W104/><G51/><T7/><D122/><U98/><E98/><V52/><F121/><W70/><G39/><T74/><D36/><U3/><E3/><V65/><F2/><W42/><G37/><T79/><D0/><U73/><E73/><V115/><F115/><W60/><G60/><T99/><D74/><U41/><E41/><V26/><F96/><W63/><G42/><T67/><D62/><U34/><E34/><V29/><F125/><W44/><G63/><T131/><D124/><U46/><E46/><V93/><F127/><W22/><G44/><T14/><D131/><U84/><E84/><V24/><F133/><W45/><G45/><T132/><D87/><U56/><E56/><V69/><F57/><W55/><G70/><T40/><D58/><U19/><E19/><V21/><F69/><W113/><G113/><T61/><D40/><U101/><E101/><V134/><F103/><W105/><G18/><T10/><D61/><U12/><E12/><V75/><F134/><W116/><G116/><T64/><D132/><U38/><E38/><V17/><F75/><N who="3" m="43199" /><G16/><T1/><D123/><U59/><E59/><V102/><F102/><W4/><G55/><T32/><D54/><U33/><E33/><N who="2" m="20647" /><F52/><W27/><G4/><N who="0" m="3399" /><D53/><U48/><E48/><V28/><F5/><W126/><G126/><T94/><D7/><U30/><E30/><RYUUKYOKU ba="0,1" sc="250,-10,250,30,240,-10,250,-10" hai1="31,35,43,47,49,76,80,85,97,100,107,108,109" /><INIT seed="1,1,1,2,0,40" ten="240,280,230,240" oya="1" hai0="119,53,80,66,90,114,68,107,75,12,115,83,132" hai1="58,29,134,11,96,7,62,32,26,131,130,88,28" hai2="4,79,51,16,13,36,17,54,82,117,85,101,48" hai3="42,3,91,44,59,99,73,124,108,10,104,37,74"/><U60/><E28/><V20/><F117/><W92/><G104/><T22/><D90/><U57/><E134/><V93/><F36/><W69/><G69/><T35/><D22/><U47/><E58/><V49/><F4/><W38/><G38/><T122/><D12/><U112/><E112/><V30/><F30/><W86/><G108/><T97/><D53/><U41/><E96/><N who="2" m="59535" /><F17/><W56/><G124/><T70/><D70/><U87/><E57/><AGARI ba="1,1" hai="13,16,20,48,49,51,54,57,79,82,85" m="59535" machi="57" ten="30,2000,0" yaku="8,1,54,1" doraHai="40" who="2" fromWho="1" sc="240,0,280,-23,230,33,240,0" /><INIT seed="2,0,0,5,1,128" ten="240,257,263,240" oya="2" hai0="59,121,116,79,63,18,34,107,99,40,46,61,72" hai1="1,125,19,27,104,100,22,38,117,123,32,26,114" hai2="48,94,57,65,93,15,131,98,29,89,31,66,97" hai3="41,8,129,21,28,84,124,109,49,86,3,120,126"/><V130/><F130/><W33/><G129/><T132/><D121/><U58/><E38/><V6/><F131/><W12/><G109/><T62/><D34/><U10/><E117/><V119/><F119/><W0/><G120/><T9/><D116/><U20/><E58/><V30/><F6/><W80/><G86/><T81/><D9/><U13/><E100/><V108/><F108/><W14/><G33/><T88/><D18/><N who="1" m="12631" /><E104/><V39/><F39/><W115/><G115/><T7/><D7/><N who="1" m="1391" /><E123/><V76/><F76/><W85/><G85/><T95/><D107/><U73/><E73/><V23/><F48/><W36/><G36/><T83/><D83/><U35/><E114/><V112/><F57/><W51/><G51/><T90/><D90/><U87/><E87/><V56/><F56/><W111/><G111/><T24/><D59/><U52/><E52/><V96/><F112/><W106/><G106/><T53/><D53/><U25/><E125/><V54/><F54/><W92/><G80/><T60/><D62/><U5/><E5/><V45/><F45/><N who="3" m="25775" /><G126/><T103/><D103/><U78/><E78/><V2/><F89/><N who="3" m="53287" /><G124/><T74/><D74/><U67/><E67/><N who="2" m="25611" /><F2/><W43/><G0/><T118/><D118/><U77/><E77/><V17/><AGARI ba="0,0" hai="15,17,23,29,30,31,93,94,96,97,98" m="25611" machi="17" ten="40,2100,0" yaku="8,1" doraHai="128" who="2" fromWho="2" sc="240,-7,257,-7,263,21,240,-7" /><INIT seed="2,1,0,5,1,32" ten="233,250,284,233" oya="2" hai0="128,99,118,87,81,15,131,26,2,98,83,33,97" hai1="102,77,41,104,53,57,23,61,115,125,47,52,120" hai2="84,22,123,121,60,108,67,58,74,88,62,130,135" hai3="17,54,113,29,90,50,4,3,37,18,56,133,8"/><V48/><F74/><W114/><G37/><T124/><D124/><U106/><E115/><N who="3" m="44042" /><G133/><T43/><D118/><U134/><E125/><V11/><F130/><N who="0" m="49706" /><D15/><U72/><E134/><V55/><F135/><W132/><G132/><T69/><D69/><U126/><E126/><V34/><F34/><W93/><G29/><N who="0" m="19639" /><D43/><U79/><E120/><V70/><F108/><W51/><G51/><T28/><D28/><U101/><E23/><V64/><F22/><W13/><G13/><T27/><D27/><U0/><E41/><V71/><REACH who="2" step="1"/><F11/><REACH who="2" ten="233,250,274,233" step="2"/><W127/><G127/><T107/><D107/><U7/><E104/><V42/><F42/><W19/><G19/><T66/><D66/><U20/><E106/><V95/><AGARI ba="1,1" hai="48,55,58,60,62,64,67,70,71,84,88,95,121,123" machi="95" ten="20,12000,1" yaku="1,1,0,1,7,1,9,1,54,1,53,0" doraHai="32" doraHaiUra="68" who="2" fromWho="2" sc="233,-41,250,-41,274,133,233,-41" /><INIT seed="2,2,0,0,4,5" ten="192,209,407,192" oya="2" hai0="81,120,0,41,126,64,37,75,85,89,33,108,133" hai1="15,13,135,4,28,127,115,109,112,54,50,107,84" hai2="46,95,29,102,93,80,39,1,7,73,114,76,119" hai3="52,11,47,9,82,24,110,57,30,12,77,83,19"/><V68/><F114/><W111/><G47/><T87/><D120/><U21/><E107/><V74/><F119/><W10/><G83/><T130/><D126/><U91/><E127/><V106/><F68/><W72/><G24/><T122/><D122/><U116/><E116/><V17/><F73/><W124/><G30/><T121/><D121/><U38/><E38/><V78/><F78/><W45/><G45/><T134/><D33/><U113/><E135/><V101/><F29/><W55/><G55/><T42/><D75/><U2/><E2/><V8/><F17/><W94/><G94/><N who="2" m="35849" /><F106/><W132/><G132/><T129/><D37/><U18/><E28/><V62/><F62/><W25/><G25/><T79/><D0/><U131/><E131/><V49/><F49/><W27/><G27/><T40/><D130/><U128/><E128/><V117/><F117/><W67/><G67/><T90/><D64/><U98/><E98/><V48/><F48/><N who="3" m="30855" /><G124/><T65/><D65/><U44/><E109/><AGARI ba="2,0" hai="9,10,11,12,19,72,77,82,109,110,111" m="30855" machi="109" ten="30,8000,1" yaku="14,1,52,3,54,1" doraHai="5" who="3" fromWho="1" sc="192,0,209,-86,407,0,192,86" /><INIT seed="3,0,0,0,4,95" ten="192,123,407,278" oya="3" hai0="21,10,128,60,102,71,19,107,98,122,58,61,125" hai1="124,22,115,56,94,93,104,88,23,90,46,39,85" hai2="110,18,27,113,84,2,40,96,13,12,75,118,121" hai3="30,70,108,87,52,48,74,57,47,100,114,112,50"/><W123/><G74/><T73/><D122/><U134/><E104/><V129/><F118/><W132/><G123/><T25/><D128/><U29/><E115/><V36/><F2/><W89/><G70/><T64/><D125/><U43/><E124/><V111/><F75/><W45/><G132/><T44/><D44/><U67/><E134/><V92/><F121/><W54/><G108/><N who="2" m="41513" /><F129/><W20/><G57/><T135/><D73/><U7/><E7/><V5/><F5/><W1/><G1/><T16/><D135/><U24/><E56/><V97/><F113/><W0/><G0/><T37/><D37/><U86/><E67/><V78/><F40/><W34/><G34/><AGARI ba="0,0" hai="22,23,24,29,34,39,43,46,85,86,88,90,93,94" machi="34" ten="30,3900,0" yaku="7,1,9,1,54,1" doraHai="95" who="1" fromWho="3" sc="192,0,123,39,407,0,278,-39" owari="192,-21.0,162,-34.0,407,51.0,239,4.0" /></mjloggm>