<mjloggm ver="2.3"><GO type="169" lobby="0"/><UN n0="%E3%82%A6%E3%83%AB%E3%83%88%E3%83%A9%E7%AB%8B%E7%9B%B4" n1="%E5%81%BD%E5%96%84%E8%80%85%E9%AB%98%E6%A9%8B%E3%81%BF%E3%81%AA%E3%81%BF" n2="%30%30%73%61%69" n3="%E3%81%8B%E3%82%89%E3%83%BC%E3%81%9C" dan="17,16,17,17" rate="2144.82,2110.13,2165.35,2137.44" sx="M,F,M,M"/><TAIKYOKU oya="0"/><INIT seed="0,0,0,5,1,110" ten="250,250,250,250" oya="0" hai0="112,70,113,96,65,40,107,135,4,86,118,72,54" hai1="48,37,38,85,76,23,71,9,18,14,97,128,59" hai2="30,122,69,44,92,89,52,124,15,101,108,58,25" hai3="21,35,64,98,34,109,11,117,3,51,127,80,94"/><T115/><D118/><U82/><E71/><V126/><F69/><W120/><G109/><T50/><D72/><U22/><E128/><V129/><F122/><W132/><G117/><T105/><D40/><U56/><E37/><V102/><F108/><W1/><G127/><N who="2" m="48681" /><F15/><W90/><G132/><T2/><D135/><U27/><E38/><V33/><F44/><W10/><G64/><T24/><D96/><U79/><E79/><V63/><F129/><W49/><G120/><T88/><D24/><U104/><E104/><V68/><F68/><W6/><G80/><T41/><D41/><U93/><E48/><V13/><F13/><W125/><G125/><T55/><D4/><U31/><REACH who="1" step="1"/><E9/><REACH who="1" ten="250,240,250,250" step="2"/><V39/><F39/><W116/><G49/><T29/><D105/><U8/><E8/><V87/><AGARI ba="0,1" hai="25,30,33,52,58,63,87,89,92,101,102" m="48681" machi="87" ten="30,2000,0" yaku="18,1,54,1" doraHai="110" who="2" fromWho="2" sc="250,-10,240,-5,250,30,250,-5" /><INIT seed="1,0,0,5,2,75" ten="240,235,280,245" oya="1" hai0="120,132,27,53,22,59,87,70,10,105,116,54,125" hai1="0,38,84,66,112,86,63,113,57,26,68,39,103" hai2="61,124,43,60,13,85,31,5,117,135,62,58,29" hai3="32,134,28,1,119,131,100,76,106,36,51,79,102"/><U4/><E103/><N who="3" m="39466" /><G36/><T96/><D105/><U2/><E26/><V126/><F117/><W78/><G106/><T30/><D70/><U73/><E73/><V77/><F135/><W129/><G1/><T95/><D120/><U18/><E18/><V130/><F43/><W56/><G134/><T99/><D132/><U127/><E68/><V111/><F111/><W89/><G119/><T3/><D125/><N who="2" m="48234" /><F58/><W9/><G9/><T49/><D116/><U44/><E127/><V83/><F130/><N who="3" m="49675" /><G89/><N who="0" m="53695" /><D3/><U40/><E38/><V115/><F115/><W65/><G51/><N who="0" m="31167" /><D10/><AGARI ba="0,0" hai="5,10,13,29,31,60,61,62,77,83,85" m="48234" machi="10" ten="30,2000,0" yaku="18,1,52,1" doraHai="75" who="2" fromWho="0" sc="240,-20,235,0,280,20,245,0" /><INIT seed="2,0,0,4,2,123" ten="220,235,300,245" oya="2" hai0="25,106,80,4,87,130,5,23,115,99,94,68,16" hai1="131,20,53,132,56,91,126,59,0,95,105,93,3" hai2="2,111,65,128,104,98,103,101,89,134,52,119,58" hai3="17,124,86,117,31,1,22,12,110,121,40,29,122"/><V13/><F119/><W50/><G117/><T67/><D115/><U15/><E105/><V7/><F2/><W116/><G116/><T66/><D106/><U61/><E131/><V57/><F128/><W46/><G124/><T45/><D130/><U113/><E113/><V108/><F134/><W112/><G112/><T96/><D45/><U74/><E74/><V97/><F89/><W129/><G129/><T133/><D133/><U32/><E32/><V49/><F7/><N who="0" m="2634" /><D68/><U79/><E79/><V100/><F13/><W11/><G1/><T60/><D60/><U125/><E132/><V14/><F14/><W39/><G39/><T69/><D69/><U18/><E93/><V47/><F65/><N who="0" m="24586" /><D94/><U63/><E126/><V114/><F114/><W28/><G46/><T43/><D43/><U48/><E125/><V35/><F35/><W8/><G40/><T70/><D70/><U78/><E78/><AGARI ba="0,0" hai="16,23,25,78,80,87,96,99" m="24586,2634" machi="78" ten="30,2000,0" yaku="8,1,54,1" doraHai="123" who="0" fromWho="1" sc="220,20,235,-20,300,0,245,0" /><INIT seed="3,0,0,4,1,80" ten="240,215,300,245" oya="3" hai0="94,25,45,17,66,9,0,100,74,114,24,53,48" hai1="120,50,135,129,32,81,71,41,22,128,63,33,102" hai2="8,12,89,126,49,15,130,115,127,122,107,54,58" hai3="29,3,55,1,76,112,37,134,119,65,52,99,28"/><W46/><G112/><T75/><D114/><U64/><E120/><V13/><F115/><W125/><G119/><T73/><D66/><U95/><E135/><V124/><F107/><W109/><G134/><T39/><D39/><U101/><E81/><V70/><F130/><N who="1" m="50281" /><E22/><V69/><F122/><W19/><G19/><T42/><D42/><U132/><E132/><V86/><REACH who="2" step="1"/><F8/><REACH who="2" ten="240,215,290,245" step="2"/><W31/><G125/><T4/><REACH who="0" step="1"/><D17/><REACH who="0" ten="230,215,290,245" step="2"/><U78/><E32/><V2/><F2/><W40/><G1/><T21/><D21/><U56/><E33/><V104/><F104/><W98/><G3/><T83/><D83/><AGARI ba="0,2" hai="12,13,15,49,54,58,69,70,83,86,89,124,126,127" machi="83" ten="50,6400,0" yaku="1,1,18,1,52,1,53,0" doraHai="80" doraHaiUra="96" who="2" fromWho="0" sc="230,-64,215,0,290,84,245,0" /><INIT seed="4,0,0,2,3,91" ten="166,215,374,245" oya="0" hai0="108,66,68,71,105,21,106,79,4,132,0,86,62" hai1="88,3,82,125,38,72,83,100,46,58,11,112,75" hai2="67,45,7,23,9,85,53,47,28,32,122,104,22" hai3="55,13,59,27,126,102,16,10,77,36,117,63,90"/><T56/><D108/><U18/><E100/><V74/><F74/><W84/><G117/><T51/><D132/><U15/><E125/><V89/><F104/><W61/><G36/><T118/><D118/><U92/><E3/><V128/><F67/><W43/><G126/><T52/><D71/><U81/><E112/><V14/><F122/><W69/><G43/><T49/><D0/><U127/><E127/><V26/><F128/><W37/><G37/><T33/><D33/><U130/><E130/><V5/><F5/><W129/><G129/><T123/><D123/><U116/><E116/><V57/><F23/><N who="3" m="13799" /><G69/><T40/><D4/><U111/><E111/><V119/><F32/><W34/><G77/><T76/><D21/><U94/><E58/><V30/><F30/><W64/><G102/><T35/><D35/><U17/><E18/><V39/><F39/><W87/><G34/><T44/><REACH who="0" step="1"/><D79/><REACH who="0" ten="156,215,374,245" step="2"/><U42/><REACH who="1" step="1"/><E94/><REACH who="1" ten="156,205,374,245" step="2"/><N who="2" m="54575" /><F119/><W73/><G90/><T48/><D48/><AGARI ba="0,2" hai="7,9,14,22,26,28,45,47,48,53,57" m="54575" machi="48" ten="30,2000,0" yaku="8,1,52,1" doraHai="91" who="2" fromWho="0" sc="156,-20,205,0,374,40,245,0" /><INIT seed="5,0,0,0,3,135" ten="136,205,414,245" oya="1" hai0="37,117,130,49,98,16,0,51,15,10,38,114,120" hai1="64,59,119,58,42,68,32,53,19,80,79,108,124" hai2="25,30,21,26,47,67,89,90,76,8,103,33,88" hai3="46,81,70,82,106,18,95,9,35,14,109,40,12"/><U44/><E32/><V132/><F132/><W110/><G106/><T87/><D117/><U7/><E119/><V69/><F76/><W39/><G70/><T29/><D114/><U93/><E7/><V34/><F103/><W55/><G35/><T123/><D130/><U102/><E108/><V11/><F67/><W4/><G95/><T56/><D29/><U45/><E68/><V41/><F69/><W96/><G96/><T2/><D87/><U122/><E122/><N who="0" m="46633" /><D98/><N who="1" m="59727" /><E42/><V107/><F107/><W131/><G131/><T83/><D83/><U50/><E124/><V6/><F6/><W36/><G36/><N who="0" m="13931" /><D56/><U105/><E105/><V75/><F75/><W133/><G133/><T113/><D113/><U52/><E64/><V27/><F34/><W78/><G81/><T86/><D86/><N who="1" m="48415" /><E19/><V22/><F33/><W99/><G99/><T1/><AGARI ba="0,0" hai="0,1,2,10,15,16,49,51" m="13931,46633" machi="1" ten="40,2700,0" yaku="13,1,54,1" doraHai="135" who="0" fromWho="0" sc="136,27,205,-13,414,-7,245,-7" /><INIT seed="6,0,0,3,5,26" ten="163,192,407,238" oya="2" hai0="130,104,113,129,79,11,118,46,108,33,122,51,18" hai1="31,99,3,38,8,1,40,43,45,84,44,88,128" hai2="89,25,70,19,22,36,64,27,105,12,2,0,80" hai3="92,35,114,39,37,5,82,115,75,4,125,17,20"/><V135/><F105/><W55/><G35/><T106/><D122/><U61/><E128/><N who="0" m="49257" /><D108/><U127/><E127/><V83/><F36/><N who="3" m="13899" /><G125/><T90/><D79/><U134/><E134/><V30/><F70/><W74/><G92/><T81/><D33/><U28/><E99/><V107/><F64/><W76/><G55/><N who="0" m="30199" /><D118/><U24/><E61/><V53/><F53/><W120/><G75/><T73/><D113/><N who="3" m="43017" /><G120/><T50/><D50/><U123/><E123/><V71/><F107/><W131/><G131/><T119/><D119/><U69/><E69/><V42/><F80/><W23/><G23/><T132/><D132/><U41/><E38/><V14/><F83/><W15/><AGARI ba="0,0" hai="4,5,15,17,20,74,76,82" m="43017,13899" machi="15" ten="30,2000,0" yaku="15,1,11,1" doraHai="26" who="3" fromWho="3" sc="163,-5,192,-5,407,-10,238,20" /><INIT seed="7,0,0,4,0,51" ten="158,187,397,258" oya="3" hai0="125,12,35,68,6,109,110,50,33,112,30,81,17" hai1="129,67,122,108,118,127,18,26,84,2,131,80,123" hai2="135,72,41,27,43,92,20,120,9,8,1,77,82" hai3="105,69,32,71,22,44,126,98,21,111,70,25,101"/><W93/><G126/><T88/><D68/><U49/><E108/><V76/><F135/><W15/><G111/><T53/><D125/><U31/><E127/><V40/><F120/><W78/><G78/><T37/><D37/><U65/><E2/><V134/><F1/><W7/><G32/><T74/><D6/><U56/><E18/><V61/><F134/><W102/><G105/><T16/><D17/><U24/><E118/><V5/><F5/><W113/><G113/><T60/><D60/><N who="1" m="38023" /><E49/><V94/><F61/><W87/><G87/><N who="0" m="50287" /><D74/><U57/><E57/><V114/><F114/><W124/><G124/><T48/><D48/><U86/><E67/><V95/><F77/><W55/><G7/><T90/><D90/><N who="1" m="51463" /><E86/><V119/><F119/><W64/><G64/><T117/><D117/><U99/><E99/><V128/><F128/><N who="1" m="49225" /><E24/><V46/><F46/><W116/><G116/><T10/><D112/><U29/><E29/><V115/><F115/><W89/><G70/><T62/><D62/><U54/><E54/><V106/><F106/><W23/><G25/><N who="0" m="18639" /><D35/><AGARI ba="0,0" hai="26,31,35,122,123" m="49225,51463,38023" machi="35" ten="30,1000,0" yaku="19,1" doraHai="51" who="1" fromWho="0" sc="158,-10,187,10,397,0,258,0" owari="148,-35.0,197,-20.0,397,49.0,258,6.0" /></mjloggm>