<mjloggm ver="2.3"><GO type="41" lobby="0"/><UN n0="%78%73%78%63%35%37" n1="%73%68%69%6E%6A%69%6D%65" n2="%E5%86%AC%E8%B0%B7%E3%82%A4%E3%83%AA" n3="%E5%B0%B1%E6%B4%BB%E7%94%9F%40%E5%B7%9D%E6%9D%91%E8%BB%8D%E5%9B%A3" dan="14,14,14,16" rate="1975.78,1921.00,1980.55,2131.29" sx="M,M,M,M"/><TAIKYOKU oya="0"/><INIT seed="0,0,0,2,2,41" ten="250,250,250,250" oya="0" hai0="2,90,114,54,115,40,27,48,59,71,11,127,12" hai1="57,4,55,50,7,52,69,72,91,75,37,122,63" hai2="34,70,16,42,76,25,3,134,125,51,103,79,9" hai3="95,82,45,19,61,93,116,128,86,24,80,56,53"/><T13/><D71/><U87/><E122/><V26/><F70/><W14/><G128/><T43/><D127/><U23/><E37/><V109/><F109/><W88/><G116/><T118/><D118/><U74/><E69/><V65/><F65/><W6/><G82/><T97/><D27/><U96/><E96/><V132/><F103/><W15/><G6/><T92/><D2/><U89/><E89/><V84/><F3/><W124/><G124/><T78/><D78/><U83/><REACH who="1" step="1"/><E23/><REACH who="1" ten="250,240,250,250" step="2"/><V0/><F125/><W100/><G100/><T47/><D43/><U5/><E5/><V8/><F42/><W81/><G81/><T130/><D130/><U104/><E104/><V110/><F110/><W129/><G129/><T21/><D21/><U107/><E107/><V105/><F105/><W44/><G95/><T22/><D22/><U30/><E30/><V31/><F31/><W123/><G123/><T133/><D133/><U120/><E120/><V99/><F132/><W18/><G80/><T17/><REACH who="0" step="1"/><D13/><REACH who="0" ten="240,240,250,250" step="2"/><N who="3" m="4617" /><G24/><T121/><D121/><U35/><E35/><V28/><F26/><W98/><G19/><T126/><D126/><U131/><E131/><V64/><F25/><W85/><G18/><T60/><AGARI ba="0,2" hai="11,12,17,40,47,48,54,59,60,90,92,97,114,115" machi="60" ten="20,7800,0" yaku="1,1,0,1,7,1,52,1,53,0" doraHai="41" doraHaiUra="119" who="0" fromWho="0" sc="240,98,240,-26,250,-26,250,-26" /><INIT seed="0,1,0,3,5,115" ten="338,214,224,224" oya="0" hai0="13,119,114,97,24,37,21,131,67,0,89,63,35" hai1="52,77,61,53,3,101,94,98,62,91,28,8,125" hai2="30,109,58,111,110,57,132,64,47,55,51,102,19" hai3="117,83,66,39,18,118,106,33,80,14,32,86,69"/><T45/><D114/><U93/><E125/><V92/><F30/><W112/><G112/><T65/><D0/><U49/><E77/><V42/><F132/><W73/><G106/><T44/><D119/><U121/><E121/><V120/><F120/><W68/><G39/><T128/><D35/><U87/><E53/><V127/><F127/><W78/><G33/><T4/><D37/><U25/><E3/><V95/><F102/><W76/><G32/><T17/><D67/><U31/><E8/><V48/><F19/><W124/><G124/><T126/><D126/><U133/><E133/><V29/><F29/><N who="1" m="11337" /><E25/><V108/><N who="2" m="27648" /><DORA hai="41" /><V11/><REACH who="2" step="1"/><F11/><REACH who="2" ten="338,214,214,224" step="2"/><W116/><REACH who="3" step="1"/><G66/><REACH who="3" ten="338,214,214,214" step="2"/><T27/><D65/><U129/><E129/><V99/><F99/><W105/><G105/><T74/><D97/><U70/><E70/><V72/><F72/><W22/><AGARI ba="1,2" hai="14,18,22,68,69,73,76,78,80,83,86,116,117,118" machi="22" ten="30,8000,1" yaku="1,1,0,1,52,3,53,0" doraHai="115,41" doraHaiUra="134,34" who="3" fromWho="3" sc="338,-41,214,-21,214,-21,214,103" /><INIT seed="1,0,0,0,2,49" ten="297,193,193,317" oya="1" hai0="19,80,133,65,6,72,63,81,17,95,8,68,108" hai1="109,53,5,12,23,134,84,16,99,124,118,10,110" hai2="30,75,14,98,9,103,25,117,13,105,78,15,114" hai3="111,92,128,66,123,29,51,115,96,20,125,56,89"/><U28/><E118/><V37/><F117/><W131/><G123/><T69/><D108/><N who="1" m="41579" /><E124/><V82/><F114/><W33/><G33/><T62/><D133/><U132/><E99/><V119/><F119/><W34/><G34/><T129/><D129/><N who="3" m="49737" /><G111/><T27/><D95/><U135/><E84/><V43/><F43/><W61/><G125/><T73/><D27/><N who="1" m="16511" /><E53/><V83/><F83/><W45/><G115/><T67/><D8/><U44/><E44/><V88/><F37/><W1/><G1/><T35/><D6/><AGARI ba="0,0" hai="5,6,10,12,16,132,134,135" m="16511,41579" machi="6" ten="40,18000,2" yaku="20,1,14,1,10,1,34,2,54,1" doraHai="49" who="1" fromWho="0" sc="297,-180,193,180,193,0,317,0" /><INIT seed="1,1,0,0,3,62" ten="117,373,193,317" oya="1" hai0="100,35,98,133,89,38,41,110,64,26,5,20,75" hai1="30,95,8,0,93,108,45,107,91,65,120,119,36" hai2="57,28,103,105,55,135,25,15,74,31,7,99,101" hai3="53,86,51,125,12,76,21,134,78,68,70,29,2"/><U4/><E120/><V106/><F135/><W112/><G2/><T85/><D133/><U121/><E121/><V60/><F74/><W9/><G112/><T39/><D75/><U54/><E119/><V72/><F72/><W22/><G134/><T96/><D110/><U67/><E107/><V130/><F130/><W3/><G125/><T13/><D35/><U104/><E104/><V92/><F31/><W17/><G70/><T1/><D1/><U118/><E118/><V37/><F37/><W52/><G68/><T129/><D129/><U14/><E0/><V61/><F103/><W23/><G3/><T40/><D39/><U69/><E69/><V114/><F114/><W66/><G66/><N who="1" m="25098" /><E36/><V90/><F61/><W58/><G29/><T24/><D38/><U6/><E108/><V115/><F115/><W11/><G11/><T122/><D122/><U132/><E132/><V82/><F106/><W73/><G73/><T47/><D47/><U59/><E30/><V126/><F28/><W63/><G86/><T113/><D113/><U94/><E45/><AGARI ba="1,0" hai="9,12,17,21,22,23,45,51,52,53,58,63,76,78" machi="45" ten="40,2600,0" yaku="8,1,54,1" doraHai="62" who="3" fromWho="1" sc="117,0,373,-29,193,0,317,29" /><INIT seed="2,0,0,0,1,83" ten="117,344,193,346" oya="2" hai0="111,116,13,60,78,41,91,81,50,94,3,73,22" hai1="101,9,88,95,63,134,107,104,103,93,74,90,8" hai2="17,19,118,119,55,123,4,131,129,108,38,72,84" hai3="32,89,105,64,96,42,46,48,132,71,97,76,98"/><V10/><F72/><W122/><G122/><T100/><D3/><U68/><E68/><V7/><F38/><W40/><G32/><T57/><D111/><U102/><E63/><V112/><F55/><W2/><G2/><T110/><D110/><U25/><E25/><V23/><F108/><W53/><G132/><T36/><D36/><U24/><E24/><V113/><F84/><W61/><G105/><N who="1" m="40522" /><E9/><V109/><F109/><W20/><G76/><T6/><D100/><U31/><E31/><V62/><F62/><W59/><G20/><T120/><D120/><U117/><E8/><V34/><F123/><W16/><G16/><N who="2" m="6217" /><F34/><W133/><G133/><T87/><D116/><N who="2" m="44586" /><F23/><W54/><G54/><T51/><D41/><N who="3" m="15977" /><G71/><T70/><D70/><U15/><E15/><N who="2" m="5575" /><F7/><W52/><G64/><T14/><D6/><U37/><E37/><V66/><F66/><W135/><G135/><T29/><D29/><U106/><E134/><V99/><F99/><W128/><G98/><T43/><D43/><U39/><E39/><V58/><F58/><W27/><G97/><N who="0" m="57567" /><D73/><U30/><E30/><V1/><F1/><W115/><G59/><T35/><D35/><U21/><E21/><V18/><N who="2" m="6225" /><V85/><DORA hai="127" /><F85/><W92/><G53/><N who="0" m="33839" /><D22/><U86/><E117/><V82/><F82/><W11/><G61/><T56/><D56/><U126/><E126/><V67/><F67/><W65/><G65/><T77/><D77/><U0/><E0/><V47/><F47/><W69/><G69/><T12/><AGARI ba="0,0" hai="12,13,14,50,51,78,81,87" m="33839,57567" machi="12" ten="30,2000,0" yaku="8,1,52,1" doraHai="83,127" who="0" fromWho="0" sc="117,20,344,-5,193,-10,346,-5" /><INIT seed="3,0,0,4,2,118" ten="137,339,183,341" oya="3" hai0="121,10,115,102,66,22,88,112,63,29,25,133,120" hai1="14,38,54,79,131,5,62,90,35,116,87,36,31" hai2="56,30,49,129,106,44,108,77,53,20,23,11,117" hai3="64,86,17,51,32,83,19,7,3,114,72,84,97"/><W8/><G114/><N who="0" m="43563" /><D133/><U43/><E116/><V96/><F117/><W46/><G32/><T80/><D102/><U122/><E131/><V0/><F108/><W24/><G72/><T109/><D109/><U4/><E79/><V124/><F124/><W82/><G64/><T103/><D103/><U85/><E122/><N who="0" m="47209" /><D10/><U13/><E31/><V18/><F77/><W69/><G69/><N who="0" m="42207" /><D80/><U33/><E90/><AGARI ba="0,0" hai="22,25,29,88,90" m="42207,47209,43563" machi="90" ten="30,8000,1" yaku="11,1,52,3,54,1" doraHai="118" who="0" fromWho="1" sc="137,80,339,-80,183,0,341,0" /><INIT seed="4,0,0,0,2,6" ten="217,259,183,341" oya="0" hai0="133,118,131,67,82,87,117,100,43,68,40,132,25" hai1="2,75,58,54,114,0,41,79,99,18,37,45,76" hai2="22,1,88,20,134,77,119,89,112,106,126,3,125" hai3="103,26,95,70,49,124,46,57,51,24,107,129,29"/><T81/><D131/><U130/><E130/><V16/><F106/><W36/><G70/><T47/><D100/><U21/><E114/><V91/><F119/><N who="0" m="45578" /><D25/><U83/><E79/><V61/><F112/><W115/><G107/><T109/><D109/><U38/><E37/><V113/><F113/><W23/><G36/><T63/><D87/><U98/><E0/><N who="2" m="75" /><F77/><W28/><G124/><N who="2" m="47721" /><F134/><N who="0" m="51818" /><D40/><U33/><E2/><V85/><F61/><W69/><G103/><T65/><D65/><U8/><E33/><V116/><F116/><W96/><G26/><T101/><D101/><U11/><E98/><V50/><F50/><AGARI ba="0,0" hai="43,47,50,63,67,68,81,82" m="51818,45578" machi="50" ten="30,1500,0" yaku="20,1" doraHai="6" who="0" fromWho="2" sc="217,15,259,0,183,-15,341,0" /><INIT seed="4,1,0,5,5,23" ten="232,259,168,341" oya="0" hai0="12,130,125,121,40,106,75,131,18,66,63,62,89" hai1="43,0,117,81,99,57,79,53,19,6,56,24,65" hai2="28,2,38,95,70,1,78,5,102,31,37,4,10" hai3="41,69,72,26,27,93,124,73,36,91,14,105,76"/><T11/><D121/><U22/><E117/><V17/><F70/><W132/><G105/><T128/><D106/><U87/><E65/><V123/><F78/><W96/><G69/><T127/><D75/><U94/><E43/><V71/><F71/><W60/><G124/><N who="0" m="47691" /><D40/><U33/><E33/><V50/><F123/><W42/><G132/><T39/><D39/><U82/><E53/><V9/><F50/><W47/><G41/><T116/><D116/><U55/><E82/><V34/><F17/><W13/><G60/><N who="0" m="23083" /><D89/><U100/><E0/><V77/><F77/><W32/><G32/><T90/><D90/><U135/><E135/><V29/><REACH who="2" step="1"/><F34/><REACH who="2" ten="232,259,158,341" step="2"/><W84/><G73/><T80/><D80/><U59/><E6/><V21/><F21/><W52/><G72/><T45/><D45/><U119/><E119/><V25/><F25/><N who="3" m="9227" /><G36/><T68/><D68/><U112/><E112/><V122/><F122/><W114/><G114/><T88/><D88/><U61/><AGARI ba="1,1" hai="19,22,24,55,56,57,59,61,79,81,87,94,99,100" machi="61" ten="20,5200,0" yaku="0,1,7,1,8,1,52,1" doraHai="23" who="1" fromWho="1" sc="232,-27,259,65,158,-14,341,-14" /><INIT seed="5,0,0,2,3,14" ten="205,324,144,327" oya="1" hai0="92,118,82,12,99,1,108,32,23,69,125,127,93" hai1="24,48,13,61,117,67,98,71,52,97,20,77,28" hai2="65,81,60,64,46,124,63,84,101,53,25,51,55" hai3="30,87,123,133,59,89,78,22,66,107,7,54,49"/><U9/><E117/><V21/><F124/><N who="0" m="47690" /><D118/><U62/><E62/><V114/><F101/><W45/><G107/><T115/><D108/><U126/><E77/><V27/><F114/><W56/><G123/><T5/><D32/><U44/><E126/><V135/><F135/><W0/><G0/><T74/><D115/><U86/><E86/><V110/><F110/><W109/><G109/><T111/><D111/><U91/><E91/><V26/><F21/><W11/><G133/><T83/><D69/><U102/><E102/><V43/><F63/><N who="3" m="38247" /><G7/><AGARI ba="0,0" hai="7,9,13,20,24,28,44,48,52,61,67,71,97,98" machi="7" ten="30,2900,0" yaku="7,1,54,1" doraHai="14" who="1" fromWho="3" sc="205,0,324,29,144,0,327,-29" /><INIT seed="5,1,0,4,2,87" ten="205,353,144,298" oya="1" hai0="2,75,127,59,14,29,54,30,4,117,74,55,18" hai1="102,88,7,69,76,50,89,85,98,61,108,135,40" hai2="79,100,41,134,9,13,93,116,77,46,94,65,132" hai3="131,105,62,47,22,67,121,15,57,45,1,3,107"/><U86/><E135/><V23/><F116/><W90/><G121/><T28/><D117/><U51/><E108/><V6/><F65/><W97/><G131/><T113/><D113/><U119/><E119/><V101/><F23/><W123/><G123/><T31/><D127/><U12/><E69/><V133/><F100/><W53/><G1/><T32/><D55/><U104/><E61/><V42/><F101/><W66/><G3/><T109/><D109/><U20/><E76/><V39/><REACH who="2" step="1"/><F42/><REACH who="2" ten="205,353,134,298" step="2"/><W124/><G124/><T115/><D115/><U11/><E40/><V44/><F44/><N who="3" m="16971" /><G107/><T10/><D32/><U0/><E0/><V81/><F81/><W110/><G105/><T91/><D54/><U19/><E20/><V106/><F106/><W36/><G110/><T83/><D83/><U78/><E78/><AGARI ba="1,1" hai="6,9,13,39,41,46,77,78,79,93,94,132,133,134" machi="78" ten="40,2600,0" yaku="1,1,20,1,53,0" doraHai="87" doraHaiUra="84" who="2" fromWho="1" sc="205,0,353,-29,134,39,298,0" /><INIT seed="6,0,0,0,4,107" ten="205,324,173,298" oya="2" hai0="88,22,89,2,67,72,135,105,71,48,13,54,49" hai1="99,59,47,122,113,92,94,65,102,26,91,134,43" hai2="100,61,128,129,97,1,27,3,10,101,118,104,75" hai3="130,111,33,115,77,125,78,119,30,110,18,38,73"/><V23/><F118/><W117/><G38/><T79/><D2/><U131/><E131/><N who="2" m="50251" /><F101/><W29/><G33/><T87/><D135/><U80/><E134/><V12/><F61/><W106/><G130/><T5/><D105/><U68/><E68/><V66/><F66/><W9/><G106/><T57/><D71/><U4/><E113/><V51/><F51/><W120/><G18/><T90/><D67/><U8/><E122/><V96/><F96/><W62/><G9/><N who="0" m="4271" /><D72/><U95/><E80/><V127/><F127/><W6/><G62/><N who="0" m="36151" /><D22/><U21/><E91/><N who="0" m="34889" /><D79/><U114/><E114/><V133/><F133/><W81/><G81/><AGARI ba="0,0" hai="48,49,81,87,90" m="34889,36151,4271" machi="81" ten="30,2000,0" yaku="8,1,54,1" doraHai="107" who="0" fromWho="3" sc="205,20,324,0,173,0,298,-20" /><INIT seed="7,0,0,0,5,13" ten="225,324,173,278" oya="3" hai0="94,104,15,21,31,68,109,43,5,64,7,118,82" hai1="17,111,125,30,90,96,45,103,74,37,106,18,102" hai2="91,23,48,19,42,50,71,98,27,130,63,41,121" hai3="58,110,79,85,66,3,117,61,126,116,12,124,115"/><W80/><G3/><T39/><D104/><U6/><E111/><V24/><F130/><W123/><G123/><T108/><D118/><U2/><E125/><V52/><F121/><W127/><G110/><T113/><D113/><U11/><E103/><V28/><F48/><W75/><G115/><T128/><D128/><U53/><E30/><V100/><F91/><W73/><REACH who="3" step="1"/><G12/><REACH who="3" ten="225,324,173,268" step="2"/><T10/><D109/><U81/><E90/><V34/><F71/><W56/><G56/><T134/><D68/><U120/><E120/><V67/><F67/><W40/><G40/><T84/><D15/><U60/><E60/><V99/><F63/><W32/><G32/><T38/><D43/><N who="1" m="22767" /><E53/><V131/><F131/><W135/><G135/><T36/><D64/><U59/><E59/><V76/><F76/><AGARI ba="0,1" hai="2,6,11,17,18,74,76,81,96,102,106" m="22767" machi="76" ten="30,3900,0" yaku="25,1,52,2" doraHai="13" who="1" fromWho="2" sc="225,0,324,49,173,-39,268,0" owari="225,-17.0,373,47.0,134,-37.0,268,7.0" /></mjloggm>