<mjloggm ver="2.3"><GO type="169" lobby="0"/><UN n0="%67%69%6A%79%75%74%75" n1="%73%68%69%6E%6B%61%77%61" n2="%E3%82%81%E3%82%8D%E3%82%93%E3%81%9D%E3%83%BC%E3%81%A0" n3="%E5%B0%B1%E6%B4%BB%E7%94%9F%40%E5%B7%9D%E6%9D%91%E8%BB%8D%E5%9B%A3" dan="16,16,16,16" rate="2153.73,2074.86,2107.18,2065.53" sx="M,M,F,M"/><TAIKYOKU oya="0"/><INIT seed="0,0,0,5,3,109" ten="250,250,250,250" oya="0" hai0="45,91,62,70,35,73,3,59,17,40,20,83,50" hai1="12,48,72,68,7,104,36,34,93,32,67,58,80" hai2="30,23,13,87,134,130,122,53,107,92,113,0,103" hai3="111,47,26,6,49,8,81,97,110,131,31,25,75"/><T39/><D3/><U11/><E104/><V15/><F0/><N who="3" m="71" /><G97/><T9/><D9/><U95/><E34/><V33/><F107/><W42/><G131/><T114/><D35/><U54/><E32/><V79/><F79/><N who="3" m="44287" /><G31/><T84/><D73/><U16/><E36/><V21/><F30/><W29/><G29/><T118/><D118/><U44/><E68/><V55/><F103/><W66/><G66/><N who="0" m="41303" /><D20/><U117/><E117/><V126/><F23/><W57/><G57/><T128/><D17/><U76/><E67/><V22/><F21/><W112/><G112/><T64/><D64/><U127/><E127/><V108/><F113/><W100/><G100/><T65/><D65/><U74/><E74/><V82/><F22/><W120/><G120/><T19/><D19/><U119/><E119/><V105/><F126/><W124/><G124/><T63/><D63/><U86/><E72/><V51/><F122/><W102/><G102/><T129/><D114/><U14/><REACH who="1" step="1"/><E58/><REACH who="1" ten="250,240,250,250" step="2"/><V132/><F33/><W1/><G1/><T71/><D71/><U41/><E41/><V78/><F105/><W116/><G116/><T121/><D121/><U4/><E4/><V46/><F55/><AGARI ba="0,1" hai="39,40,45,50,55,59,83,84,91,128,129" m="41303" machi="55" ten="30,1500,0" yaku="24,1" doraHai="109" who="0" fromWho="2" sc="250,25,240,0,250,-15,250,0" /><INIT seed="0,1,0,2,5,124" ten="275,240,235,250" oya="0" hai0="115,97,130,37,2,21,29,50,93,129,55,121,43" hai1="84,132,58,14,11,92,54,3,78,35,25,42,105" hai2="7,41,46,0,76,110,128,81,18,135,113,10,106" hai3="22,61,114,17,88,12,80,38,125,86,90,5,94"/><T87/><D2/><U48/><E105/><V16/><F113/><W89/><G125/><T45/><D87/><U60/><E3/><V104/><F110/><W64/><G114/><T63/><D115/><U91/><E132/><V68/><F68/><W20/><G38/><T62/><D121/><U65/><E78/><V112/><F112/><W134/><G134/><T122/><D122/><U133/><E133/><V96/><F135/><W13/><G94/><T71/><D21/><U19/><E42/><V100/><F106/><W98/><G98/><T33/><D29/><U77/><E77/><V9/><F9/><W56/><REACH who="3" step="1"/><G20/><REACH who="3" ten="275,240,235,240" step="2"/><T36/><D37/><U57/><E35/><V117/><F96/><W79/><G79/><T44/><D33/><U66/><E25/><V40/><F76/><W59/><G59/><T101/><REACH who="0" step="1"/><D71/><REACH who="0" ten="265,240,235,240" step="2"/><U28/><E28/><V1/><F10/><AGARI ba="1,2" hai="5,10,12,13,17,22,56,61,64,80,86,88,89,90" machi="10" ten="40,5200,0" yaku="1,1,8,1,54,1,53,0" doraHai="124" doraHaiUra="51" who="3" fromWho="2" sc="265,0,240,0,235,-55,240,75" /><INIT seed="1,0,0,3,5,126" ten="265,240,180,315" oya="1" hai0="12,129,83,13,34,96,100,134,20,81,44,120,93" hai1="56,127,26,125,27,61,133,55,6,50,39,70,87" hai2="128,135,45,57,130,38,51,110,54,92,75,119,97" hai3="35,37,88,10,90,123,113,108,33,23,112,9,53"/><U58/><E39/><V25/><F119/><W106/><G37/><T42/><D34/><U109/><E109/><V18/><F110/><W8/><G108/><T107/><D134/><U77/><E70/><V131/><F75/><W82/><G106/><T64/><D120/><U16/><E6/><V21/><F135/><W115/><G123/><T24/><D107/><U91/><E77/><V103/><F38/><W132/><G132/><T99/><D99/><U48/><E133/><V5/><F5/><W31/><G53/><T76/><D64/><U43/><E43/><V124/><F124/><N who="1" m="47689" /><E16/><V79/><F79/><W0/><G0/><T40/><D40/><U65/><E50/><V62/><F62/><W69/><G69/><T86/><D83/><AGARI ba="0,0" hai="26,27,48,55,56,58,61,65,83,87,91" m="47689" machi="83" ten="30,1500,0" yaku="18,1" doraHai="126" who="1" fromWho="0" sc="265,-15,240,15,180,0,315,0" /><INIT seed="1,1,0,3,4,52" ten="250,255,180,315" oya="1" hai0="122,46,134,25,93,68,35,72,87,7,36,34,73" hai1="6,86,128,79,55,115,92,89,106,63,50,119,96" hai2="109,75,58,13,47,9,74,131,29,108,83,76,105" hai3="104,121,98,103,130,21,27,91,113,102,78,77,99"/><U56/><E115/><V90/><F105/><W117/><G121/><T38/><D68/><U5/><E119/><V94/><F131/><W51/><G113/><T17/><D7/><U118/><E118/><V59/><F75/><W116/><G130/><T111/><D87/><U97/><E128/><V84/><F29/><W2/><G2/><T14/><D46/><N who="1" m="28119" /><E106/><V31/><F31/><W95/><G116/><T0/><D0/><U22/><E22/><V1/><F47/><W57/><G117/><T40/><D35/><U8/><E8/><V49/><F1/><W16/><G102/><T23/><D23/><U67/><E79/><V112/><F112/><W48/><G48/><T71/><D34/><U135/><E135/><V43/><F43/><W26/><G26/><T65/><D134/><U60/><E60/><V54/><REACH who="2" step="1"/><F59/><REACH who="2" ten="250,255,170,315" step="2"/><W37/><G37/><T45/><D36/><U41/><E41/><V69/><F69/><W81/><G57/><T88/><D71/><U114/><E114/><V11/><F11/><W127/><G104/><T39/><D40/><U85/><E85/><V62/><F62/><W61/><G61/><T32/><D38/><U132/><E132/><V19/><AGARI ba="1,1" hai="9,13,19,49,54,58,74,76,83,84,90,94,108,109" machi="19" ten="30,4000,0" yaku="1,1,0,1,52,1,53,0" doraHai="52" doraHaiUra="66" who="2" fromWho="2" sc="250,-11,255,-21,170,53,315,-11" /><INIT seed="2,0,0,1,0,101" ten="239,234,223,304" oya="2" hai0="127,133,106,128,125,20,83,89,50,56,108,29,38" hai1="124,99,120,30,15,57,16,2,42,123,28,121,93" hai2="21,43,5,6,102,52,10,51,69,8,115,24,39" hai3="97,32,35,74,19,66,53,126,94,73,18,12,44"/><V78/><F115/><W14/><G126/><N who="0" m="48139" /><D38/><U41/><E2/><V63/><F39/><W129/><G66/><T3/><D3/><U67/><E124/><V70/><F78/><W112/><G112/><T22/><D29/><N who="1" m="11371" /><E67/><V134/><F102/><W111/><G111/><T23/><D108/><U100/><E57/><N who="2" m="35239" /><F69/><W132/><G53/><N who="0" m="31799" /><D128/><U31/><N who="1" m="11379" /><U110/><DORA hai="88" /><E110/><V11/><F70/><W54/><G54/><T75/><D133/><U80/><E80/><V77/><F77/><W65/><G44/><T90/><D106/><U84/><E84/><V103/><F103/><W47/><G47/><T87/><D75/><U49/><E49/><V104/><F104/><W98/><G65/><T68/><D68/><U91/><E100/><V55/><F134/><W79/><G79/><AGARI ba="0,0" hai="20,22,23,79,83,87,89,90" m="31799,48139" machi="79" ten="30,1000,0" yaku="18,1" doraHai="101,88" who="0" fromWho="3" sc="239,10,234,0,223,0,304,-10" /><INIT seed="3,0,0,1,1,5" ten="249,234,223,294" oya="3" hai0="77,71,28,80,49,45,75,4,82,59,88,121,55" hai1="134,119,23,114,102,109,135,9,25,110,81,131,31" hai2="3,1,38,54,130,43,108,94,123,93,116,125,21" hai3="48,63,24,100,122,56,13,58,99,115,70,129,17"/><W10/><G122/><T34/><D71/><U126/><E102/><V72/><F72/><W107/><G115/><T47/><D121/><U57/><E81/><V76/><F76/><W84/><G129/><T127/><D127/><U104/><E104/><V36/><F116/><W85/><G70/><T16/><D4/><U133/><E57/><V128/><F123/><W92/><G107/><T46/><D28/><U105/><E105/><V6/><F125/><W7/><G48/><T53/><D34/><U64/><E64/><V44/><F108/><N who="1" m="41577" /><E114/><V62/><F38/><W27/><G58/><T41/><D55/><U87/><E87/><N who="3" m="33354" /><G7/><T60/><D82/><U73/><E73/><V18/><F6/><W112/><G112/><T65/><D65/><AGARI ba="0,0" hai="10,13,17,24,27,56,63,65,92,99,100" m="33354" machi="65" ten="30,2900,0" yaku="8,1,52,1" doraHai="5" who="3" fromWho="0" sc="249,-29,234,0,223,0,294,29" /><INIT seed="3,1,0,1,4,126" ten="220,234,223,323" oya="3" hai0="35,96,26,56,114,71,50,29,23,82,115,13,28" hai1="72,112,124,20,14,76,16,100,21,57,68,108,61" hai2="31,117,123,127,105,15,43,4,25,80,40,121,95" hai3="101,3,92,132,27,0,24,74,93,86,30,79,46"/><W125/><G74/><T118/><D71/><U19/><E112/><N who="0" m="43049" /><D82/><U73/><E108/><V97/><F105/><W77/><G132/><T130/><D96/><U1/><E1/><V98/><F117/><W18/><G125/><T75/><D75/><U59/><E124/><V129/><F127/><W134/><G101/><T54/><D118/><U66/><E100/><N who="2" m="60479" /><F98/><W53/><G18/><N who="0" m="10703" /><D28/><U11/><E68/><V34/><F80/><W60/><G27/><T64/><D64/><U39/><E39/><V128/><F43/><W6/><G134/><T69/><D69/><U116/><E116/><V135/><F40/><W81/><G79/><T12/><D12/><U99/><E99/><V131/><F135/><W52/><G0/><T41/><D41/><U94/><E94/><V49/><F49/><W5/><G3/><T110/><D110/><U51/><E76/><V85/><F85/><W47/><G92/><T113/><N who="0" m="43057" /><T37/><DORA hai="65" /><D37/><U89/><E73/><V33/><F33/><W32/><G93/><T107/><D107/><U67/><E72/><V9/><AGARI ba="1,0" hai="4,9,15,25,31,34,121,123,128,129,131" m="60479" machi="9" ten="40,8000,1" yaku="19,1,52,3" doraHai="126,65" who="2" fromWho="2" sc="220,-21,234,-21,223,83,323,-41" /><INIT seed="4,0,0,3,1,67" ten="199,213,306,282" oya="0" hai0="135,15,54,42,103,25,109,0,34,123,74,113,50" hai1="29,70,71,106,82,90,86,47,110,63,18,99,16" hai2="35,8,64,114,38,125,107,27,108,105,89,32,19" hai3="43,104,40,30,6,132,24,118,96,72,83,9,37"/><T80/><D123/><U12/><E110/><V94/><F38/><W7/><G118/><T20/><D0/><U41/><E29/><V120/><F108/><W84/><G132/><T26/><D109/><U73/><E73/><V65/><F125/><W115/><G72/><T3/><D3/><U45/><E18/><V49/><F49/><W5/><G115/><T59/><D113/><U127/><E127/><V81/><F81/><W51/><G37/><T68/><D103/><U52/><E106/><V21/><F8/><W46/><G40/><T131/><D131/><U122/><E99/><V2/><F2/><W14/><G96/><T77/><D135/><U79/><E79/><V56/><F120/><W126/><G104/><T117/><D117/><U48/><E122/><V11/><F11/><W44/><G44/><T66/><D42/><U22/><E63/><V61/><F65/><W111/><G111/><T57/><D57/><U28/><E28/><V91/><F91/><W119/><G119/><T39/><D39/><AGARI ba="0,0" hai="12,16,22,39,41,45,47,48,52,70,71,82,86,90" machi="39" ten="30,8000,1" yaku="7,1,52,2,54,2" doraHai="67" who="1" fromWho="0" sc="199,-80,213,80,306,0,282,0" /><INIT seed="5,0,0,3,4,49" ten="119,293,306,282" oya="1" hai0="115,129,33,87,103,79,32,70,10,31,73,59,132" hai1="86,102,126,124,120,122,30,40,80,118,19,69,53" hai2="58,90,110,123,20,45,68,4,106,74,71,27,9" hai3="21,35,119,72,113,101,5,42,47,39,66,29,52"/><U36/><E118/><V94/><F106/><W91/><G35/><T121/><D103/><U8/><E30/><V13/><F74/><W2/><G72/><T38/><D59/><U89/><E102/><V62/><F110/><W131/><G66/><T98/><D98/><U18/><E69/><V55/><F45/><W44/><G101/><T37/><D10/><U127/><E8/><V105/><F105/><W50/><G119/><T112/><D87/><U22/><E19/><N who="2" m="12703" /><F123/><W28/><G131/><T63/><D63/><U25/><E53/><V130/><F130/><W12/><G2/><T65/><D65/><U97/><E97/><AGARI ba="0,0" hai="4,9,13,55,58,62,68,71,90,94,97" m="12703" machi="97" ten="30,2000,0" yaku="25,1,52,1" doraHai="49" who="2" fromWho="1" sc="119,0,293,-20,306,20,282,0" /><INIT seed="6,0,0,2,0,51" ten="119,273,326,282" oya="2" hai0="55,38,62,67,129,104,20,124,42,22,89,93,135" hai1="12,18,116,27,111,61,25,73,95,108,115,15,8" hai2="37,133,63,127,123,90,77,87,58,54,110,43,96" hai3="48,88,72,83,75,2,30,44,4,34,11,41,33"/><V10/><F123/><W47/><G47/><T45/><D129/><U120/><E73/><V86/><F127/><W24/><REACH who="3" step="1"/><G34/><REACH who="3" ten="119,273,326,272" step="2"/><T80/><D124/><U6/><E120/><V57/><F110/><W126/><G126/><T29/><D135/><U65/><E116/><V81/><F133/><W16/><G16/><T134/><D134/><U100/><E111/><V103/><F37/><W128/><G128/><T69/><D104/><U118/><E108/><V74/><F43/><W1/><G1/><T39/><D39/><U71/><E118/><V9/><F58/><W105/><G105/><T35/><D35/><U66/><E115/><V26/><F26/><W125/><G125/><T122/><D122/><U50/><E25/><V56/><F57/><W23/><G23/><T92/><D29/><U112/><E27/><V132/><F132/><W59/><G59/><T78/><D20/><U36/><E36/><V97/><F56/><W64/><G64/><T94/><D22/><N who="1" m="11591" /><E66/><V107/><F107/><W46/><G46/><T14/><D14/><U131/><E131/><V84/><F63/><W130/><G130/><T53/><REACH who="0" step="1"/><D89/><REACH who="0" ten="109,273,326,272" step="2"/><U5/><E112/><V117/><F90/><W19/><G19/><T17/><D17/><U76/><E5/><V113/><F117/><W98/><G98/><T52/><D52/><U13/><E13/><V7/><F54/><W79/><G79/><T109/><D109/><U40/><E76/><N who="2" m="44183" /><F96/><W106/><G106/><T82/><D82/><U85/><E40/><V32/><F77/><W101/><G101/><T0/><D0/><U49/><E100/><RYUUKYOKU ba="0,2" sc="109,10,273,10,326,-30,272,10" hai0="38,42,45,53,55,62,67,69,78,80,92,93,94" hai1="6,8,15,49,50,61,65,71,85,95" hai3="2,4,11,24,30,33,41,44,48,72,75,83,88" /><INIT seed="7,1,2,5,3,16" ten="119,283,296,282" oya="3" hai0="30,35,20,118,55,43,114,96,83,80,89,125,17" hai1="74,50,1,86,58,128,42,28,6,101,22,94,24" hai2="84,10,132,77,31,133,54,79,100,32,109,18,135" hai3="5,59,53,72,2,69,78,44,51,21,29,70,56"/><W33/><G33/><T14/><D118/><U45/><E74/><V68/><F109/><W13/><G2/><T93/><D125/><U90/><E128/><V92/><F68/><W119/><G119/><T48/><D114/><U41/><E101/><V60/><F31/><W73/><G70/><T62/><D43/><N who="1" m="24895" /><E1/><V25/><F32/><W129/><G69/><T107/><D107/><U0/><E0/><V99/><F84/><W27/><G129/><T47/><REACH who="0" step="1"/><D62/><REACH who="0" ten="109,283,296,282" step="2"/><U124/><E124/><V110/><F110/><W66/><G73/><T67/><D67/><U19/><E6/><V120/><F60/><N who="3" m="38175" /><G72/><T4/><D4/><U38/><E38/><V40/><F40/><W116/><G116/><T15/><D15/><U63/><E28/><V87/><F133/><W61/><G13/><T122/><D122/><U9/><E9/><V11/><F120/><W85/><G5/><T26/><AGARI ba="1,3" hai="14,17,20,26,30,35,47,48,55,80,83,89,93,96" machi="26" ten="30,4000,0" yaku="1,1,0,1,52,1,53,0" doraHai="16" doraHaiUra="130" who="0" fromWho="0" sc="109,73,283,-11,296,-11,282,-21" /><INIT seed="8,0,0,2,3,110" ten="182,272,285,261" oya="0" hai0="112,115,0,18,129,47,72,14,24,120,16,37,62" hai1="75,102,42,29,84,117,122,70,98,81,105,87,36" hai2="11,130,44,94,83,125,43,82,58,17,59,106,134" hai3="69,68,74,103,33,90,85,95,66,51,52,25,2"/><T119/><D72/><U21/><E70/><V60/><F106/><W109/><G2/><T48/><D37/><U89/><E117/><V41/><F130/><W131/><G131/><T12/><D129/><U13/><E122/><V20/><F125/><W50/><G109/><T88/><D0/><U71/><E71/><V5/><F94/><W86/><G74/><T108/><D120/><U128/><E128/><V39/><F43/><W1/><G1/><T96/><D119/><U79/><E42/><V19/><F59/><W8/><G50/><T46/><D108/><U91/><E36/><V99/><F99/><W127/><G103/><T101/><D24/><U113/><E113/><V97/><F97/><W80/><G66/><T45/><D48/><U34/><E34/><V40/><F40/><W132/><G132/><T55/><D62/><U114/><E114/><V28/><F28/><W27/><G127/><T77/><D77/><U107/><E29/><V4/><F19/><N who="0" m="7210" /><D115/><U63/><E63/><V67/><F134/><W10/><G69/><T53/><D101/><N who="1" m="62647" /><E21/><V118/><F118/><W31/><G68/><T124/><D124/><U38/><E13/><N who="0" m="5225" /><D112/><U100/><E38/><V65/><F39/><W116/><G116/><T64/><D64/><U7/><E7/><N who="2" m="2635" /><F67/><W3/><G3/><T22/><D22/><U9/><E102/><V93/><F20/><W49/><G49/><T32/><D32/><U35/><E35/><V123/><F123/><W23/><G27/><T61/><D61/><U57/><E100/><V56/><F60/><W92/><G33/><T126/><D126/><RYUUKYOKU ba="0,0" sc="182,30,272,-10,285,-10,261,-10" hai0="45,46,47,53,55,88,96" /><INIT seed="8,1,0,3,4,26" ten="212,262,275,251" oya="0" hai0="127,135,48,88,112,79,18,77,0,27,102,52,17" hai1="132,68,65,114,50,133,66,74,120,90,115,55,23" hai2="89,81,99,100,15,131,21,12,53,10,69,95,49" hai3="16,7,108,43,75,78,44,111,76,58,118,126,11"/><T121/><D121/><U104/><E74/><V40/><F69/><W13/><G118/><T8/><D112/><N who="1" m="43051" /><E104/><V51/><F40/><W116/><G116/><T105/><D127/><U37/><E90/><V2/><F131/><W25/><G126/><T24/><D135/><N who="1" m="51787" /><E23/><V19/><F2/><W70/><G70/><T94/><D105/><U9/><E9/><V31/><F53/><W129/><G129/><T113/><D102/><U91/><E91/><V38/><F38/><W101/><G101/><T134/><D134/><U80/><E80/><V110/><F81/><W86/><G75/><T109/><D113/><U60/><E120/><V62/><F89/><W46/><G86/><N who="0" m="52503" /><D0/><U22/><E22/><V36/><F21/><N who="3" m="13479" /><G108/><T41/><D41/><U123/><E123/><V93/><F110/><W5/><G43/><T106/><D106/><U42/><E42/><V47/><F100/><W20/><G111/><T119/><D119/><U33/><E33/><V117/><F117/><W130/><G130/><T45/><D109/><U6/><E6/><V92/><F99/><W29/><G7/><T56/><D45/><N who="3" m="17513" /><G58/><T28/><D17/><U72/><E72/><V107/><F19/><W96/><G96/><T64/><D64/><N who="1" m="40967" /><E37/><V35/><F36/><W83/><G83/><T30/><D18/><U1/><E1/><V3/><F3/><W124/><G124/><T14/><D8/><U98/><E98/><V122/><F10/><W59/><G76/><N who="0" m="29259" /><D14/><U4/><E4/><V73/><F107/><W97/><G13/><T32/><D32/><U57/><AGARI ba="1,0" hai="50,55,57,65,66" m="40967,51787,43051" machi="57" ten="30,7900,0" yaku="11,1,20,1,34,2" doraHai="26" who="1" fromWho="1" sc="212,-40,262,82,275,-21,251,-21" owari="172,-33.0,344,45.0,254,5.0,230,-17.0" /></mjloggm>