<mjloggm ver="2.3"><GO type="97" lobby="0"/><UN n0="%53%55%49%4B%41" n1="%E5%B0%B1%E6%B4%BB%E7%94%9F%40%E5%B7%9D%E6%9D%91%E8%BB%8D%E5%9B%A3" n2="%E9%9B%A8%E3%81%AE%E7%B3%B8" n3="%E3%83%A2%E3%83%AB%E3%82%B9%E3%82%A1%E3%83%83%E3%83%BC%EF%BC%81%EF%BC%81" dan="14,15,14,14" rate="1926.51,2082.84,1917.00,1935.85" sx="M,M,F,M"/><TAIKYOKU oya="0"/><INIT seed="0,0,0,0,4,9" ten="250,250,250,250" oya="0" hai0="36,63,110,44,1,98,135,89,108,67,33,57,117" hai1="85,35,29,43,75,109,123,53,10,111,38,86,65" hai2="17,59,19,66,95,91,113,42,22,104,131,30,119" hai3="133,60,24,71,0,69,81,106,55,90,31,83,92"/><T26/><D117/><U7/><E123/><V64/><F104/><W97/><G0/><T12/><D1/><U84/><E75/><V76/><F113/><W4/><G4/><T129/><D36/><U51/><E65/><V87/><F131/><W116/><G116/><T73/><D73/><U77/><E77/><V88/><F119/><W52/><G83/><T20/><D129/><U48/><E29/><V99/><F42/><W39/><G81/><T78/><D78/><U107/><E107/><V23/><F76/><W46/><G71/><T11/><D44/><N who="1" m="23671" /><E35/><V41/><F41/><W96/><G46/><T5/><D33/><U47/><E51/><V74/><F74/><W18/><G39/><T124/><D124/><U58/><E58/><V125/><F125/><W21/><G18/><N who="2" m="6665" /><F59/><W101/><G133/><T82/><D135/><U32/><E32/><V120/><F120/><W28/><REACH who="3" step="1"/><G28/><REACH who="3" ten="250,250,250,240" step="2"/><N who="0" m="17479" /><D82/><U70/><E70/><V6/><F6/><W25/><G25/><T126/><D126/><U112/><E112/><V16/><F30/><W118/><G118/><T54/><D98/><U80/><E80/><V34/><F99/><W37/><G37/><T127/><D127/><U102/><E7/><V13/><F87/><W56/><G56/><T3/><D3/><U100/><E86/><V128/><F128/><W93/><G93/><T62/><D62/><U121/><E85/><V115/><F95/><W50/><G50/><T122/><D122/><U40/><E84/><V27/><F27/><W132/><G132/><T14/><D14/><U130/><E130/><V2/><F115/><RYUUKYOKU ba="0,1" sc="250,-10,250,-10,250,-10,240,30" hai3="21,24,31,52,55,60,69,90,92,96,97,101,106" /><INIT seed="1,1,1,2,4,7" ten="240,240,240,270" oya="1" hai0="72,13,56,132,98,66,129,100,5,62,134,74,24" hai1="82,125,57,115,122,83,0,117,64,116,55,32,114" hai2="94,53,12,128,103,124,42,49,112,60,36,31,39" hai3="110,6,67,86,43,63,89,102,113,38,75,14,118"/><U51/><E32/><V111/><F111/><W81/><G113/><N who="1" m="43018" /><E0/><V58/><F112/><W27/><G75/><T61/><D24/><U97/><E97/><V28/><F124/><W88/><G27/><T8/><D129/><U80/><E80/><V15/><F128/><W77/><G118/><N who="1" m="45674" /><E83/><V19/><F12/><W90/><G110/><T130/><D130/><U11/><E82/><V95/><F39/><W44/><G102/><T45/><D45/><N who="1" m="28143" /><E11/><N who="2" m="6655" /><F36/><W105/><G105/><T23/><D98/><U106/><E106/><V50/><F42/><W65/><REACH who="3" step="1"/><G63/><REACH who="3" ten="240,240,240,260" step="2"/><T91/><D100/><U3/><E125/><V76/><F103/><W120/><G120/><T22/><D62/><N who="1" m="37967" /><E3/><V70/><F70/><W126/><G126/><T47/><D61/><U107/><E107/><V93/><F60/><W121/><G121/><AGARI ba="1,2" hai="121,122" m="37967,28143,45674,43018" machi="121" ten="30,2900,0" yaku="34,2" doraHai="7" who="1" fromWho="3" sc="240,0,240,52,240,0,260,-32" /><INIT seed="1,2,0,3,5,133" ten="240,292,240,228" oya="1" hai0="104,9,41,121,43,89,88,10,123,69,49,8,7" hai1="13,12,68,112,48,52,132,77,97,72,56,17,0" hai2="96,127,124,27,84,102,131,54,94,25,120,108,55" hai3="3,24,18,64,30,39,75,53,113,118,21,45,70"/><U129/><E112/><V134/><F108/><W14/><G75/><T100/><D69/><U38/><E38/><V119/><F134/><W11/><G118/><T82/><D104/><U126/><E0/><V87/><F120/><N who="0" m="46154" /><D100/><U105/><E68/><V111/><F111/><W114/><G70/><T33/><D33/><U101/><E132/><V107/><F119/><W1/><G64/><T36/><D36/><U50/><E129/><V60/><F131/><W59/><G39/><T65/><D65/><U115/><E115/><V71/><F71/><W6/><G45/><N who="0" m="25775" /><D43/><U5/><E5/><V58/><F54/><W74/><G74/><T106/><D106/><U35/><E35/><V79/><F107/><W92/><G92/><T28/><D28/><U37/><E37/><V103/><F103/><W57/><G3/><N who="0" m="127" /><D82/><U16/><E50/><V63/><F63/><W23/><G59/><T135/><D135/><U66/><E66/><V20/><F79/><W73/><G73/><T90/><AGARI ba="2,0" hai="9,10,88,89,90" m="127,25775,46154" machi="90" ten="30,2000,0" yaku="13,1,54,1" doraHai="133" who="0" fromWho="0" sc="240,26,292,-12,240,-7,228,-7" /><INIT seed="2,0,0,5,2,36" ten="266,280,233,221" oya="2" hai0="99,53,56,44,82,27,71,114,79,32,129,19,118" hai1="0,111,63,24,31,86,55,50,81,18,60,98,9" hai2="69,103,61,22,95,94,104,3,7,14,106,21,58" hai3="133,85,123,102,62,52,76,25,110,126,26,74,12"/><V70/><F3/><W33/><G123/><T45/><D118/><U117/><E117/><V107/><F7/><W5/><G74/><T84/><D129/><U105/><E111/><V113/><F113/><W100/><G33/><T10/><D114/><U80/><E105/><V15/><F106/><W122/><G122/><T91/><D71/><U130/><E130/><V42/><F103/><N who="3" m="39467" /><G110/><T16/><D32/><U127/><E98/><V11/><F61/><W134/><G126/><T17/><D10/><U97/><E97/><V90/><F11/><N who="3" m="4207" /><G76/><T34/><D34/><U87/><E127/><V109/><F109/><W2/><G85/><N who="0" m="48351" /><D99/><U119/><E119/><V43/><F90/><W6/><G2/><T73/><D73/><U89/><E18/><V135/><REACH who="2" step="1"/><F58/><REACH who="2" ten="266,280,223,221" step="2"/><N who="3" m="35143" /><G6/><T132/><D132/><AGARI ba="0,1" hai="14,15,21,22,42,43,69,70,94,95,104,107,132,135" machi="132" ten="25,18000,2" yaku="1,1,22,2,52,2,53,2" doraHai="36" doraHaiUra="39" who="2" fromWho="0" sc="266,-180,280,0,223,190,221,0" /><AGARI ba="0,0" hai="25,26,132,133,134" m="35143,4207,39467" machi="132" ten="30,2000,0" yaku="20,1,54,1" doraHai="36" who="3" fromWho="0" sc="86,-20,280,0,413,0,221,20" /><INIT seed="2,1,0,5,2,23" ten="66,280,413,241" oya="2" hai0="87,113,51,18,122,69,42,19,109,31,127,88,96" hai1="56,21,85,53,120,62,92,25,65,50,67,108,81" hai2="114,112,27,123,100,9,74,24,14,89,93,12,63" hai3="132,49,36,133,3,59,130,46,77,29,32,61,22"/><V26/><F123/><W37/><G77/><T84/><D69/><U73/><E120/><V48/><F74/><W10/><G61/><T103/><D42/><U126/><E126/><V106/><F63/><W102/><G59/><T94/><D51/><U58/><E108/><V17/><F48/><W52/><G102/><T39/><D39/><U90/><E73/><V54/><F54/><W91/><G32/><T86/><D31/><N who="1" m="17839" /><E67/><V13/><F112/><W71/><G71/><T110/><D19/><U33/><E33/><V66/><F66/><W28/><G130/><T119/><D18/><U111/><E111/><N who="0" m="42505" /><D119/><U121/><E121/><V57/><F57/><W72/><G72/><T83/><D122/><U7/><E7/><V1/><F1/><W20/><G91/><N who="0" m="51615" /><D113/><U15/><E15/><V75/><F13/><W2/><G10/><T5/><D5/><U8/><E8/><V64/><F9/><W40/><G40/><T98/><D127/><U101/><E101/><V70/><F100/><W115/><G49/><T6/><D6/><U41/><E41/><V95/><F114/><W11/><G115/><T47/><D47/><U55/><E65/><V97/><F64/><W80/><G46/><T99/><D86/><U35/><E35/><V45/><F45/><W82/><G11/><T0/><D0/><U4/><E4/><V117/><F70/><W105/><G105/><AGARI ba="1,0" hai="87,88,94,96,98,99,103,105" m="51615,42505" machi="105" ten="30,7700,0" yaku="14,1,34,2,54,1" doraHai="23" who="0" fromWho="3" sc="66,80,280,0,413,0,241,-80" /><INIT seed="3,0,0,0,3,107" ten="146,280,413,161" oya="3" hai0="72,120,135,68,23,11,128,30,55,19,73,108,24" hai1="121,75,134,129,104,118,74,36,114,37,123,28,65" hai2="27,67,10,69,71,64,29,14,98,80,12,0,83" hai3="112,58,115,45,100,131,97,132,22,116,52,126,102"/><W76/><G116/><T49/><D120/><U50/><E114/><V81/><F98/><W96/><G126/><T18/><D68/><U84/><E104/><V130/><F130/><W70/><G70/><T77/><D77/><U87/><E28/><V35/><F0/><W122/><G122/><T42/><D42/><U8/><E8/><V86/><F86/><W119/><G119/><T33/><D128/><U43/><E118/><V79/><F79/><W88/><G131/><T94/><D108/><U7/><E7/><V2/><F2/><W13/><G132/><T1/><D94/><U57/><E129/><V20/><F35/><W46/><G76/><T78/><D78/><U44/><E134/><V34/><F34/><W47/><G115/><T110/><D110/><U38/><E87/><V95/><F95/><N who="3" m="56423" /><G112/><T6/><D18/><U3/><E3/><V25/><F71/><W93/><G13/><N who="0" m="9711" /><D135/><U117/><E84/><V62/><F14/><W105/><G22/><T89/><D89/><U109/><E109/><V54/><F12/><W41/><G105/><T9/><D9/><U51/><E117/><V4/><F20/><W63/><G41/><T106/><D106/><U99/><E99/><V32/><F32/><W56/><G56/><AGARI ba="0,0" hai="1,6,11,24,30,33,49,55,56,72,73" m="9711" machi="56" ten="30,3900,0" yaku="24,1,52,2" doraHai="107" who="0" fromWho="3" sc="146,39,280,0,413,0,161,-39" owari="185,-21.0,280,8.0,413,51.0,122,-38.0" /></mjloggm>