<mjloggm ver="2.3"><GO type="169" lobby="0"/><UN n0="%E3%82%A6%E3%83%AB%E3%83%88%E3%83%A9%E7%AB%8B%E7%9B%B4" n1="%E3%83%AD%E3%83%9E%E3%83%8D%E3%82%B9%E3%82%AF" n2="%E7%AB%B9%E7%94%B0%E8%AA%A0%E5%BF%97" n3="%E8%B6%85%E7%8D%A3%EF%BC%A7%EF%BC%A9%EF%BC%A7%EF%BC%A1" dan="17,16,17,17" rate="2162.56,2098.92,2141.72,2127.29" sx="M,M,M,M"/><TAIKYOKU oya="0"/><INIT seed="0,0,0,4,4,80" ten="250,250,250,250" oya="0" hai0="46,93,38,133,25,108,12,6,102,2,10,107,59" hai1="26,13,42,135,53,63,48,67,121,110,62,51,103" hai2="56,87,43,60,129,4,84,16,14,72,66,73,92" hai3="21,78,1,105,104,69,71,118,50,120,70,8,9"/><T75/><D107/><U83/><E121/><V81/><F129/><W97/><G118/><T94/><D75/><U47/><E110/><V126/><F126/><W74/><G21/><T11/><D108/><U122/><E122/><V49/><F4/><N who="3" m="1039" /><G50/><T128/><D128/><U90/><E135/><V44/><F92/><W52/><G52/><T130/><D130/><U106/><E106/><V114/><F114/><W113/><G9/><T45/><D133/><U41/><E103/><V109/><F109/><W34/><G120/><T32/><D32/><U123/><E123/><V17/><F17/><W116/><G116/><T85/><D25/><U68/><E26/><V58/><F58/><W29/><G97/><N who="0" m="59695" /><D38/><U31/><E31/><V27/><F27/><N who="3" m="18751" /><G113/><T39/><D39/><U124/><E124/><V134/><F134/><W76/><G76/><T111/><D111/><U20/><E62/><V61/><F61/><W132/><G132/><T30/><D2/><U99/><E48/><V96/><F96/><W91/><G91/><N who="0" m="53615" /><D30/><U89/><E89/><N who="2" m="51343" /><F72/><W65/><G65/><T18/><D11/><U79/><E90/><V82/><F73/><W131/><G131/><T28/><D28/><U33/><E33/><V7/><F7/><W125/><G125/><T37/><D37/><U19/><E99/><V77/><F16/><W24/><G24/><T112/><D112/><U0/><E0/><V64/><F64/><W3/><G3/><T98/><D98/><U88/><E88/><V100/><F100/><W15/><G15/><AGARI ba="0,0" hai="14,15,43,44,49,56,60,66,77,82,87" m="51343" machi="15" ten="30,3900,0" yaku="8,1,52,2" doraHai="80" who="2" fromWho="3" sc="250,0,250,0,250,39,250,-39" /><INIT seed="1,0,0,3,0,62" ten="250,250,289,211" oya="1" hai0="25,107,58,74,59,116,34,128,57,131,108,47,81" hai1="98,46,6,100,12,37,133,13,77,0,55,43,17" hai2="66,10,70,113,24,73,79,127,11,51,76,68,3" hai3="21,110,120,96,39,111,52,16,82,90,101,50,65"/><U42/><E133/><V83/><F127/><W2/><G39/><T61/><D107/><U99/><E43/><V119/><F119/><W117/><G2/><T135/><D116/><U72/><E55/><V103/><F113/><W126/><G117/><T20/><D34/><U26/><E26/><V129/><F129/><N who="0" m="49738" /><D135/><U95/><E17/><V33/><F79/><W109/><G120/><T67/><D108/><U121/><E121/><V106/><F51/><W1/><G1/><T122/><D122/><U69/><E69/><V97/><F3/><W89/><G126/><T125/><D125/><U102/><E77/><V15/><F15/><N who="3" m="9375" /><G82/><T22/><D47/><U41/><E72/><V32/><F70/><W80/><G80/><T23/><D25/><U84/><E84/><V8/><REACH who="2" step="1"/><F24/><REACH who="2" ten="250,250,279,211" step="2"/><W63/><G110/><T36/><D36/><U30/><E0/><V104/><F104/><W130/><G130/><T19/><D19/><U115/><E115/><V86/><F86/><W40/><G111/><T134/><D134/><U64/><E37/><V18/><F18/><W48/><G48/><T9/><D9/><U132/><E132/><V60/><AGARI ba="0,1" hai="8,10,11,32,33,60,66,68,73,76,83,97,103,106" machi="60" ten="30,12000,2" yaku="1,1,0,1,52,1,53,3" doraHai="62" doraHaiUra="4" who="2" fromWho="2" sc="250,-30,250,-60,279,130,211,-30" /><INIT seed="2,0,0,4,0,56" ten="220,190,409,181" oya="2" hai0="94,71,49,65,69,98,87,116,67,10,8,100,41" hai1="126,66,59,119,43,134,52,28,127,42,70,9,107" hai2="122,79,124,108,99,63,133,90,39,54,55,35,110" hai3="112,84,115,18,53,58,92,24,95,20,62,88,78"/><V30/><F122/><W129/><G129/><T46/><D116/><U3/><E107/><V106/><F39/><W64/><G78/><T25/><D71/><U132/><E28/><V120/><F120/><W96/><REACH who="3" step="1"/><G64/><REACH who="3" ten="220,190,409,171" step="2"/><T57/><D67/><U77/><E77/><V111/><F79/><W61/><G61/><T76/><D65/><U105/><E119/><V1/><F63/><W14/><G14/><T4/><D76/><U22/><E3/><V47/><F1/><W15/><G15/><T109/><D109/><U123/><E123/><V101/><F110/><W60/><G60/><T117/><D117/><U33/><E66/><V21/><F111/><W80/><G80/><T72/><D69/><U13/><E70/><V48/><F108/><W26/><G26/><T36/><D25/><U97/><E127/><V40/><F124/><W11/><G11/><T5/><D8/><U31/><E126/><V104/><F133/><W125/><G125/><T131/><D10/><U50/><E9/><V0/><F0/><W86/><G86/><T75/><D131/><U83/><E83/><V102/><F99/><W130/><G130/><T68/><D68/><U135/><E13/><V32/><F32/><W7/><G7/><T2/><D5/><U73/><E33/><V114/><F35/><W45/><G45/><T17/><D4/><U27/><REACH who="1" step="1"/><E73/><REACH who="1" ten="220,180,409,171" step="2"/><V29/><F29/><W85/><G85/><T118/><D2/><U74/><E74/><V93/><F30/><W128/><G128/><T38/><D72/><U121/><E121/><V113/><F113/><W37/><G37/><RYUUKYOKU ba="0,2" sc="220,-15,180,15,409,-15,171,15" hai1="22,27,31,42,43,50,52,59,97,105,132,134,135" hai3="18,20,24,53,58,62,84,88,92,95,96,112,115" /><INIT seed="3,1,2,2,0,7" ten="205,195,394,186" oya="3" hai0="48,124,61,8,17,103,33,46,66,65,88,122,12" hai1="69,38,135,116,15,35,2,82,25,93,97,28,24" hai2="18,6,119,27,92,128,10,110,107,86,30,72,21" hai3="11,71,19,50,75,133,42,53,114,115,44,77,5"/><W31/><G71/><T109/><D33/><U83/><E2/><V81/><F107/><W68/><G68/><T16/><D122/><U32/><E38/><V22/><F119/><W125/><G31/><T108/><D103/><U26/><E135/><V59/><F72/><W90/><G133/><T79/><D79/><U96/><E116/><V95/><F59/><W132/><G132/><T0/><D0/><U80/><E69/><V67/><F67/><W131/><G125/><T20/><D124/><U60/><E60/><V51/><F51/><W36/><G131/><T43/><D61/><U102/><E28/><V104/><F104/><W47/><G90/><T62/><D62/><U91/><REACH who="1" step="1"/><E15/><REACH who="1" ten="205,185,394,186" step="2"/><V73/><F30/><W84/><G115/><T120/><D120/><U70/><E70/><V105/><F128/><W121/><G114/><T129/><D129/><U117/><E117/><V112/><F112/><W37/><G121/><T52/><D109/><U87/><E87/><V4/><F86/><W106/><G84/><T76/><D108/><U34/><E34/><V64/><F110/><W100/><G36/><T101/><D66/><U94/><AGARI ba="1,3" hai="24,25,26,32,35,80,82,83,91,93,94,96,97,102" machi="94" ten="40,2700,0" yaku="1,1,0,1,53,0" doraHai="7" doraHaiUra="39" who="1" fromWho="1" sc="205,-8,185,60,394,-8,186,-14" /><INIT seed="4,0,0,1,1,38" ten="197,245,386,172" oya="0" hai0="24,5,64,93,122,29,89,111,32,61,42,66,18" hai1="124,80,92,33,9,12,41,37,51,53,116,25,107" hai2="83,10,99,75,48,74,3,55,101,36,85,109,67" hai3="73,115,133,114,50,90,108,102,97,112,121,6,132"/><T19/><D122/><U62/><E116/><V127/><F109/><W123/><G108/><T130/><D111/><U35/><E107/><V71/><F36/><W105/><G6/><T26/><D130/><U117/><E117/><V77/><F127/><W56/><G73/><T70/><D5/><U119/><E119/><V134/><F134/><N who="3" m="51819" /><G56/><T129/><D129/><U16/><E124/><V82/><F82/><W30/><G30/><T17/><D66/><U27/><E80/><V28/><F28/><W131/><G131/><T45/><D26/><U58/><E37/><V59/><F3/><W39/><G39/><T68/><D68/><U96/><E33/><V86/><F10/><W76/><G76/><T95/><REACH who="0" step="1"/><D89/><REACH who="0" ten="187,245,386,172" step="2"/><N who="1" m="55311" /><E35/><V49/><F67/><W11/><G90/><T2/><D2/><U8/><E9/><V65/><F65/><W135/><G135/><T103/><D103/><U98/><E8/><V113/><F71/><W91/><G11/><T60/><D60/><U100/><E62/><V40/><F101/><W94/><G50/><AGARI ba="0,1" hai="17,18,19,24,29,32,42,45,50,61,64,70,93,95" machi="50" ten="40,3900,0" yaku="1,1,52,1,53,0" doraHai="38" doraHaiUra="118" who="0" fromWho="3" sc="187,49,245,0,386,0,172,-39" /><INIT seed="4,1,0,3,4,87" ten="236,245,386,133" oya="0" hai0="82,29,74,60,110,128,34,9,4,119,116,71,66" hai1="27,86,92,98,45,65,93,78,8,129,68,56,30" hai2="33,61,80,102,85,0,41,20,16,135,17,105,75" hai3="28,7,101,57,12,132,89,43,40,5,94,83,31"/><T44/><D128/><U10/><E129/><V6/><F33/><W95/><G132/><T120/><D120/><U1/><E68/><V59/><F75/><W14/><G83/><T55/><D110/><U124/><E124/><V84/><F135/><W118/><G118/><T79/><D55/><U64/><E1/><V77/><F41/><W25/><G57/><T131/><D131/><U115/><E115/><V76/><F105/><W122/><G122/><T37/><D29/><U99/><E45/><V36/><F102/><W26/><G101/><T48/><D48/><U114/><E114/><V54/><F36/><W107/><G107/><T109/><D34/><U32/><E86/><V90/><F85/><W22/><G22/><T112/><D112/><U125/><E78/><V11/><F17/><W117/><G117/><T134/><D134/><U67/><E56/><V49/><F61/><W19/><G19/><T53/><D53/><U51/><E51/><V46/><F46/><W47/><G47/><T96/><D96/><U88/><REACH who="1" step="1"/><E125/><REACH who="1" ten="236,235,386,133" step="2"/><V127/><F127/><W50/><G50/><T3/><REACH who="0" step="1"/><D109/><REACH who="0" ten="226,235,386,133" step="2"/><U62/><E62/><V39/><F39/><W23/><G40/><AGARI ba="1,2" hai="3,4,9,37,40,44,60,66,71,74,79,82,116,119" machi="40" ten="40,18000,2" yaku="1,1,2,1,25,2,23,2,53,0" doraHai="87" doraHaiUra="111" who="0" fromWho="3" sc="226,203,235,0,386,0,133,-183" owari="429,52.0,235,-16.0,386,19.0,-50,-55.0" /></mjloggm>