<mjloggm ver="2.3"><GO type="169" lobby="0"/><UN n0="%6B%69%79%6F%64%61%69" n1="%53%69%6D%61%54%6F%6D%6F" n2="%E3%81%8D%E3%81%97%E3%82%8A%E3%81%A3%E3%81%97%E3%82%85" n3="%E3%82%A6%E3%83%AB%E3%83%88%E3%83%A9%E7%AB%8B%E7%9B%B4" dan="18,16,16,17" rate="2204.19,2022.05,2009.05,2167.73" sx="M,M,M,M"/><TAIKYOKU oya="0"/><INIT seed="0,0,0,4,0,108" ten="250,250,250,250" oya="0" hai0="100,33,7,6,133,132,102,124,27,131,81,90,62" hai1="68,13,21,87,17,39,25,66,76,26,46,71,42" hai2="105,107,65,22,118,113,77,103,128,125,112,110,36" hai3="127,43,23,18,85,56,114,16,97,83,44,95,70"/><T134/><D124/><U86/><E66/><V79/><F36/><W109/><G70/><T72/><D131/><U99/><E99/><V73/><F65/><W120/><G109/><T29/><D62/><U104/><E104/><N who="2" m="40011" /><F110/><W38/><G127/><T14/><D90/><U11/><E26/><V53/><F125/><W122/><G56/><T94/><D94/><U9/><E9/><V12/><F53/><W8/><G8/><T47/><D47/><U61/><E61/><V1/><F12/><W20/><G114/><N who="2" m="44137" /><F22/><W67/><G67/><T55/><D55/><U41/><E41/><V84/><F1/><W52/><G52/><T89/><D89/><U126/><E126/><V64/><F64/><W57/><G57/><T4/><REACH who="0" step="1"/><D14/><REACH who="0" ten="240,250,250,250" step="2"/><U5/><E13/><V24/><F128/><W106/><G44/><T116/><D116/><U93/><E46/><V58/><F118/><W69/><G43/><T31/><D31/><U49/><E42/><V10/><F103/><W74/><G69/><T51/><D51/><U34/><E49/><V19/><F58/><W78/><G38/><T35/><D35/><U119/><E34/><V50/><F50/><W32/><G32/><T15/><D15/><N who="1" m="5615" /><E39/><V54/><F54/><W40/><G40/><T92/><D92/><U129/><E119/><V130/><F130/><W48/><G106/><T0/><D0/><U91/><E129/><V98/><F10/><W123/><G48/><T111/><D111/><U135/><E71/><V30/><F30/><W117/><G117/><T28/><D28/><U101/><E68/><V37/><F37/><RYUUKYOKU ba="0,1" sc="240,30,250,-10,250,-10,250,-10" hai0="4,6,7,27,29,33,72,81,100,102,132,133,134" /><INIT seed="0,1,1,0,1,114" ten="270,240,240,240" oya="0" hai0="26,68,64,111,85,52,25,84,11,50,110,105,4" hai1="131,129,0,59,125,122,74,10,44,61,30,134,65" hai2="20,120,14,3,5,100,63,87,107,121,97,37,32" hai3="101,48,22,112,45,46,62,82,34,2,128,66,7"/><T69/><D105/><U1/><E122/><V124/><F32/><W78/><G34/><T41/><D41/><U81/><E125/><V40/><F3/><W28/><G112/><T76/><D25/><U135/><E30/><V51/><F37/><W16/><G128/><N who="1" m="49226" /><E44/><V73/><F73/><W130/><G130/><T49/><D50/><U108/><E108/><N who="0" m="41513" /><D26/><U54/><E10/><V39/><F39/><W109/><G28/><T6/><D6/><U21/><E21/><V98/><F20/><W102/><G109/><T12/><D76/><N who="1" m="44183" /><E54/><V18/><F40/><W38/><G7/><T106/><D106/><U80/><E80/><V116/><F5/><W71/><G2/><AGARI ba="1,1" hai="0,1,2,59,61,65,134,135" m="44183,49226" machi="2" ten="30,1000,0" yaku="19,1" doraHai="114" who="1" fromWho="3" sc="270,0,240,23,240,0,240,-13" /><INIT seed="1,0,0,0,5,124" ten="270,263,240,227" oya="1" hai0="39,40,13,76,44,15,27,57,72,97,19,95,133" hai1="38,33,121,114,41,60,88,23,62,101,117,18,5" hai2="129,78,31,8,96,20,25,127,12,92,37,75,49" hai3="32,116,125,68,84,80,9,4,123,47,100,17,55"/><U82/><E33/><V83/><F37/><W113/><G32/><T2/><D2/><U79/><E114/><V53/><F127/><W134/><G68/><T107/><D107/><U7/><E117/><V0/><F0/><W45/><G123/><T93/><D133/><U71/><E121/><V135/><F135/><W14/><G134/><T34/><D95/><U21/><E101/><V48/><F53/><W77/><G125/><T104/><D104/><U119/><E119/><V102/><REACH who="2" step="1"/><F129/><REACH who="2" ten="270,263,230,227" step="2"/><W64/><G116/><T118/><D118/><U58/><E38/><V91/><F91/><W52/><G113/><T42/><D39/><U132/><E132/><V87/><F87/><W111/><G111/><T50/><D72/><U1/><E1/><V90/><F90/><W74/><G74/><T128/><D128/><U99/><E88/><V98/><F98/><W115/><G115/><T69/><D97/><U61/><E99/><V24/><F24/><W46/><G64/><T36/><D27/><U94/><E41/><V126/><F126/><W16/><G100/><T54/><D42/><U56/><E79/><V29/><F29/><W108/><G108/><T30/><D76/><U6/><E71/><V63/><F63/><W67/><G67/><T120/><D69/><U131/><E131/><V43/><F43/><W112/><G112/><T59/><D120/><U10/><E62/><V28/><F28/><W11/><G55/><T22/><D40/><U106/><E61/><V122/><F122/><W89/><G52/><T70/><D36/><U65/><E60/><V109/><F109/><RYUUKYOKU ba="0,1" sc="270,-10,263,-10,230,30,227,-10" hai2="8,12,20,25,31,48,49,75,78,83,92,96,102" /><INIT seed="2,1,1,4,5,102" ten="260,253,260,217" oya="2" hai0="98,119,134,107,24,62,55,84,65,82,19,80,87" hai1="108,83,86,26,57,54,46,89,109,111,44,63,35" hai2="60,125,121,39,43,45,48,120,4,117,6,81,34" hai3="105,32,51,76,1,70,37,3,112,17,15,114,93"/><V16/><F34/><W95/><G37/><T0/><D0/><N who="3" m="73" /><G70/><T103/><D134/><U92/><E35/><V129/><F117/><W99/><G76/><T59/><D119/><U33/><REACH who="1" step="1"/><E83/><REACH who="1" ten="260,243,260,217" step="2"/><V90/><F120/><W122/><G32/><T22/><D82/><U18/><E18/><V73/><F121/><W85/><G122/><T128/><D128/><U101/><E101/><V56/><F129/><W104/><G17/><T41/><D41/><U13/><E13/><V47/><F16/><W30/><G15/><T8/><D8/><U36/><E36/><V133/><F133/><W7/><G30/><AGARI ba="1,2" hai="26,30,33,44,46,54,57,63,86,89,92,108,109,111" machi="30" ten="40,5200,0" yaku="1,1,14,1,53,1" doraHai="102" doraHaiUra="88" who="1" fromWho="3" sc="260,0,243,75,260,0,217,-55" /><INIT seed="3,0,0,3,2,54" ten="260,318,260,162" oya="3" hai0="109,128,22,26,64,8,116,110,1,66,7,75,9" hai1="43,106,63,57,35,19,71,58,50,133,118,122,48" hai2="42,99,30,72,27,49,62,12,76,2,68,55,3" hai3="40,39,91,77,114,81,16,4,126,29,69,6,14"/><W95/><G69/><T44/><D75/><U17/><E122/><V111/><F42/><W5/><G114/><T104/><D104/><U117/><E106/><V89/><F76/><W97/><G126/><T52/><D116/><N who="1" m="44651" /><E35/><V28/><F72/><W87/><G29/><T113/><D113/><U78/><E133/><V85/><F99/><W90/><G39/><T105/><D105/><U83/><E71/><V24/><F12/><W125/><G40/><T65/><D128/><U60/><E83/><V56/><F111/><N who="0" m="42506" /><D9/><U96/><E96/><V61/><F2/><W129/><G129/><T13/><D1/><U80/><E80/><V92/><F3/><W94/><G125/><T67/><N who="0" m="16384" /><DORA hai="25" /><T84/><D84/><U41/><E78/><V93/><F93/><W36/><G36/><T121/><D121/><U98/><E98/><V88/><F89/><W127/><G127/><T123/><D123/><U107/><E107/><V82/><F82/><W11/><REACH who="3" step="1"/><G95/><REACH who="3" ten="260,318,260,152" step="2"/><T59/><D7/><U10/><E43/><V112/><F68/><W79/><AGARI ba="0,1" hai="4,5,6,11,14,16,77,79,81,87,90,91,94,97" machi="79" ten="30,12000,1" yaku="1,1,2,1,0,1,8,1,54,1,53,0" doraHai="54,25" doraHaiUra="31,134" who="3" fromWho="3" sc="260,-40,318,-40,260,-40,152,130" /><INIT seed="3,1,0,5,3,78" ten="220,278,220,282" oya="3" hai0="9,41,107,28,106,96,124,105,17,97,79,71,14" hai1="58,94,93,128,82,73,76,86,49,64,15,19,100" hai2="56,63,118,62,131,22,75,98,20,111,114,43,83" hai3="108,127,51,103,4,117,30,27,68,135,21,26,0"/><W99/><G68/><T11/><D71/><U61/><E128/><V77/><F118/><W3/><G117/><T95/><D124/><U16/><E100/><V44/><F131/><W92/><G127/><T48/><D28/><U10/><E73/><V104/><F111/><W5/><G108/><T109/><D109/><U133/><E133/><V112/><F63/><W88/><G135/><T37/><D37/><U66/><E66/><V120/><F120/><W18/><G51/><T115/><D115/><U29/><E29/><V52/><F114/><W50/><G50/><T89/><D79/><U134/><E134/><V113/><F113/><W55/><G55/><T129/><D129/><U102/><E102/><V1/><F1/><W12/><G3/><T38/><D38/><U59/><E19/><V53/><F53/><AGARI ba="1,0" hai="10,15,16,49,53,58,59,61,64,76,82,86,93,94" machi="53" ten="40,5200,0" yaku="8,1,52,1,54,1" doraHai="78" who="1" fromWho="2" sc="220,0,278,55,220,-55,282,0" /><INIT seed="4,0,0,3,4,65" ten="220,333,165,282" oya="0" hai0="71,118,63,67,19,27,14,32,51,15,109,29,5" hai1="17,73,116,70,81,112,22,115,42,121,99,96,56" hai2="66,127,94,110,8,50,91,101,130,80,111,134,21" hai3="86,128,76,124,72,77,133,84,47,131,55,57,0"/><T122/><D118/><U3/><E116/><V74/><F8/><W35/><G0/><T85/><D122/><U24/><E70/><V44/><F130/><N who="3" m="49707" /><G35/><T92/><D109/><U38/><E3/><V93/><F134/><W36/><G72/><T20/><D51/><U4/><E4/><V18/><F127/><W98/><G98/><T107/><D107/><U106/><E121/><V79/><F101/><W123/><G123/><T39/><D39/><U31/><E42/><V6/><F6/><W100/><G100/><T62/><D62/><U45/><E45/><V119/><F94/><W120/><G120/><T117/><D117/><U34/><E38/><V75/><F75/><W2/><G2/><T49/><D49/><U25/><E56/><V46/><F46/><W59/><G59/><T87/><REACH who="0" step="1"/><D92/><REACH who="0" ten="210,333,165,282" step="2"/><U41/><E106/><V52/><F119/><W30/><G36/><T12/><D12/><U108/><E108/><V132/><F132/><W82/><G133/><T103/><D103/><U48/><E48/><V97/><REACH who="2" step="1"/><F66/><REACH who="2" ten="210,333,155,282" step="2"/><W58/><G124/><T43/><D43/><U10/><E41/><V126/><F126/><W78/><G47/><T61/><D61/><U16/><E115/><V105/><F105/><W125/><G125/><T104/><D104/><U37/><E112/><V13/><AGARI ba="0,2" hai="13,18,21,44,50,52,74,79,80,91,93,97,110,111" machi="13" ten="20,5200,0" yaku="1,1,0,1,7,1,54,1,53,0" doraHai="65" doraHaiUra="7" who="2" fromWho="2" sc="210,-26,333,-13,155,72,282,-13" /><INIT seed="5,0,0,5,2,40" ten="184,320,227,269" oya="1" hai0="135,129,74,132,76,39,12,29,102,26,75,33,121" hai1="8,80,69,11,67,123,6,61,64,37,60,25,119" hai2="24,70,85,89,97,114,43,22,93,94,128,15,62" hai3="30,86,118,58,21,50,9,68,14,112,53,120,72"/><U27/><E119/><V124/><F15/><W2/><G72/><T41/><D129/><U65/><E123/><V38/><F128/><W16/><G68/><T96/><D121/><U106/><E106/><V49/><F38/><W71/><G120/><T19/><D12/><U95/><E37/><V57/><F124/><W73/><G73/><T104/><D19/><U10/><E6/><V115/><F70/><W56/><G71/><T77/><D77/><U84/><E95/><V88/><F43/><W13/><G112/><T108/><D108/><U110/><E110/><V32/><F49/><W116/><G2/><T51/><D51/><U18/><E18/><V134/><F32/><W78/><G58/><T130/><D130/><U28/><E69/><V23/><F134/><N who="0" m="51242" /><D76/><N who="1" m="46087" /><E28/><V126/><F126/><W82/><REACH who="3" step="1"/><G30/><REACH who="3" ten="184,320,227,259" step="2"/><T20/><D20/><U66/><E66/><V46/><F115/><W92/><G92/><T17/><D17/><AGARI ba="0,1" hai="9,13,14,16,17,21,50,53,56,78,82,86,116,118" machi="17" ten="40,2600,0" yaku="1,1,54,1,53,0" doraHai="40" doraHaiUra="109" who="3" fromWho="0" sc="184,-26,320,0,227,0,259,36" /><INIT seed="6,0,0,3,1,59" ten="158,320,227,295" oya="2" hai0="84,94,128,10,123,40,80,18,77,108,116,89,96" hai1="54,49,82,112,124,131,103,127,134,56,36,33,53" hai2="98,75,43,107,58,45,135,115,69,97,31,106,25" hai3="130,15,63,83,41,91,73,4,39,61,27,34,114"/><V74/><F69/><W48/><G39/><T50/><D128/><U3/><E3/><V110/><F115/><W90/><G114/><T26/><D108/><U79/><E33/><V5/><F5/><W117/><G117/><T67/><D123/><U30/><E30/><V113/><F113/><W78/><G130/><T13/><D116/><U52/><E112/><V29/><F110/><W21/><G34/><T121/><D121/><U35/><E35/><V71/><F71/><W28/><G91/><T70/><D70/><U93/><E36/><V62/><F135/><W17/><G90/><T37/><D37/><U101/><E131/><V23/><F29/><W86/><G73/><T120/><D120/><U102/><E93/><V47/><F75/><W95/><G95/><T14/><D67/><U104/><E104/><V126/><F74/><W68/><G68/><T0/><D0/><U11/><E11/><V72/><F72/><W7/><G7/><T20/><REACH who="0" step="1"/><D10/><REACH who="0" ten="148,320,227,295" step="2"/><U109/><E109/><V85/><F126/><W1/><G1/><T2/><D2/><U16/><E127/><V38/><F38/><W92/><G4/><T133/><D133/><U100/><E124/><V57/><F107/><W65/><G65/><T6/><D6/><U22/><E134/><V12/><F106/><W88/><G15/><T111/><D111/><U76/><E49/><V125/><F125/><W60/><G48/><T118/><D118/><U66/><E66/><V8/><F8/><W99/><G41/><T42/><D42/><U105/><E105/><V19/><F43/><W44/><G27/><RYUUKYOKU ba="0,1" sc="148,30,320,-10,227,-10,295,-10" hai0="13,14,18,20,26,40,50,77,80,84,89,94,96" /><INIT seed="7,1,1,0,1,64" ten="178,310,217,285" oya="3" hai0="16,46,23,39,99,38,86,98,126,30,88,1,128" hai1="79,56,21,22,63,58,120,14,121,61,47,125,102" hai2="124,104,55,41,32,114,44,133,53,84,108,115,97" hai3="83,90,69,60,42,19,89,103,8,135,116,129,27"/><W82/><G116/><T81/><D1/><U122/><E102/><N who="2" m="62543" /><F108/><W127/><G69/><T93/><D126/><U87/><E125/><V7/><F124/><W62/><G127/><T110/><D110/><U5/><E47/><V48/><F32/><W15/><G129/><T45/><D128/><U3/><E3/><V40/><F7/><W74/><G74/><T18/><D39/><U101/><E101/><V92/><F133/><W10/><G135/><T111/><D111/><U4/><E79/><V11/><F11/><W24/><G103/><T107/><D107/><U123/><E123/><V77/><F40/><W17/><G15/><N who="0" m="9631" /><D38/><U70/><E70/><V75/><F53/><W131/><G131/><T76/><D30/><U73/><E73/><V134/><F55/><W12/><G12/><T2/><D2/><U66/><E87/><V80/><F134/><W109/><G109/><T33/><D33/><U34/><E34/><V59/><F59/><W106/><G106/><T112/><D112/><U113/><E113/><V68/><F68/><W71/><G71/><T43/><D43/><AGARI ba="1,1" hai="8,10,17,19,24,27,42,43,60,62,82,83,89,90" machi="43" ten="25,4800,0" yaku="22,2,8,1" doraHai="64" who="3" fromWho="0" sc="178,-51,310,0,217,0,285,61" owari="127,-37.0,310,11.0,217,-18.0,346,44.0" /></mjloggm>