<mjloggm ver="2.3"><GO type="169" lobby="0"/><UN n0="%72%6D%63%69%6B" n1="%E3%83%88%E3%83%88%E3%83%AA%E5%85%88%E7%94%9F%31%39%E6%AD%B3" n2="%E3%81%86%E3%82%89%E3%81%97%E3%81%92%E3%82%8B" n3="%73%68%6F%6F%74%33%39" dan="16,18,16,18" rate="2147.25,2264.45,2129.44,2203.07" sx="M,F,M,M"/><TAIKYOKU oya="0"/><INIT seed="0,0,0,4,2,41" ten="250,250,250,250" oya="0" hai0="132,61,67,11,99,111,135,73,124,127,18,36,110" hai1="52,20,46,17,4,71,15,125,32,26,114,12,57" hai2="78,5,35,133,1,106,101,43,25,13,102,104,14" hai3="51,82,92,90,88,0,23,45,69,21,128,19,76"/><T122/><D73/><U66/><E125/><N who="0" m="48201" /><D122/><U83/><E114/><V129/><F133/><N who="0" m="51274" /><D99/><U62/><E32/><V94/><F129/><W123/><G128/><T119/><D18/><U55/><E83/><V100/><F1/><W47/><G0/><T63/><D11/><U113/><E113/><V34/><F78/><W112/><G123/><T85/><D85/><U118/><E118/><V75/><F75/><W16/><G69/><T86/><D86/><U95/><E95/><V103/><F5/><W7/><G7/><T31/><D31/><U97/><E97/><V27/><F43/><W48/><G112/><T65/><D36/><U56/><E71/><V29/><N who="2" m="25600" /><DORA hai="130" /><V93/><F29/><W59/><G92/><N who="2" m="35433" /><F34/><W121/><G121/><T91/><D91/><U68/><E68/><V80/><F35/><W98/><G98/><T74/><D74/><U38/><E4/><V8/><F80/><W117/><G82/><T64/><D119/><U3/><E38/><V131/><F8/><W44/><G117/><T37/><D37/><U70/><E3/><V107/><F131/><W81/><G76/><T53/><D53/><U108/><E55/><V42/><F42/><N who="3" m="24695" /><G81/><T87/><D87/><U54/><E17/><N who="3" m="6730" /><G90/><T120/><D120/><U109/><E12/><AGARI ba="0,0" hai="12,13,14,25,27,104,106,107" m="35433,25600" machi="12" ten="50,3200,0" yaku="28,2" doraHai="41,130" who="2" fromWho="1" sc="250,0,250,-32,250,32,250,0" /><INIT seed="1,0,0,5,0,81" ten="250,218,282,250" oya="1" hai0="112,94,111,72,119,61,115,8,108,68,45,123,67" hai1="106,5,88,29,90,100,16,91,113,102,110,95,101" hai2="85,66,30,73,104,26,134,83,40,9,0,132,75" hai3="93,122,11,126,78,74,1,86,121,69,99,130,103"/><U116/><E113/><N who="0" m="43593" /><D72/><U133/><E116/><V23/><F104/><W57/><G69/><T87/><D8/><U33/><E106/><V36/><F66/><W28/><G28/><T39/><D94/><U41/><E133/><V43/><F36/><W53/><G74/><T4/><D87/><N who="1" m="52639" /><E33/><V24/><F24/><W84/><G130/><T3/><D4/><U63/><E29/><V114/><F114/><W44/><G126/><T131/><D3/><U107/><E5/><N who="2" m="1191" /><F75/><W55/><G1/><T22/><D22/><U54/><E107/><V124/><F73/><W35/><G35/><T15/><D15/><U32/><E41/><V71/><F71/><W14/><G122/><T96/><D96/><U42/><E42/><V10/><F10/><W6/><G121/><T20/><D20/><U70/><E70/><V64/><F64/><W127/><G127/><T58/><D123/><U27/><E32/><V46/><F124/><W59/><G78/><T51/><D119/><U48/><E63/><V98/><F98/><W80/><G80/><T92/><D92/><U21/><E110/><N who="0" m="42025" /><D131/><U25/><E25/><V56/><F26/><W37/><G6/><T76/><D76/><U47/><AGARI ba="0,0" hai="16,21,27,47,48,54,90,91,100,101,102" m="52639" machi="47" ten="30,11700,0" yaku="8,1,52,1,54,2" doraHai="81" who="1" fromWho="1" sc="250,-39,218,117,282,-39,250,-39" /><INIT seed="1,1,0,3,2,66" ten="211,335,243,211" oya="1" hai0="51,93,105,61,32,6,45,5,56,74,127,128,65" hai1="92,131,57,70,103,79,52,76,19,83,42,90,40" hai2="2,17,67,31,101,21,18,13,115,36,54,132,9" hai3="59,63,129,114,43,124,87,46,14,110,126,73,82"/><U62/><E131/><V3/><F36/><W125/><G114/><T135/><D105/><U28/><E70/><V77/><F77/><W15/><G73/><T104/><D32/><U10/><E103/><V24/><F115/><W81/><G110/><T34/><D34/><U30/><E10/><V49/><F67/><N who="3" m="39423" /><G129/><T55/><D128/><U60/><E60/><V0/><F101/><W98/><G98/><T130/><D104/><U91/><E91/><V8/><F54/><W75/><G75/><T41/><D74/><U112/><E112/><V94/><F49/><N who="3" m="26847" /><G82/><T134/><D130/><U72/><E79/><AGARI ba="1,0" hai="14,15,79,81,87,124,125,126" m="26847,39423" machi="79" ten="30,1000,0" yaku="18,1" doraHai="66" who="3" fromWho="1" sc="211,0,335,-13,243,0,211,13" /><INIT seed="2,0,0,3,1,101" ten="211,322,243,224" oya="2" hai0="130,120,119,60,18,121,109,27,82,2,71,108,6" hai1="16,112,56,33,62,100,28,129,54,40,104,19,25" hai2="113,32,134,24,128,94,30,132,58,55,98,61,22" hai3="116,66,107,67,0,131,3,15,118,12,102,63,59"/><V57/><F113/><W47/><G47/><T87/><D71/><U50/><E112/><V91/><F128/><W106/><G102/><T80/><D130/><U65/><E40/><V117/><F117/><W85/><G131/><T10/><D119/><U70/><E129/><V35/><F58/><W115/><G115/><T105/><D60/><U52/><E54/><V103/><F91/><W75/><G85/><T29/><D18/><U36/><E36/><V49/><F49/><W99/><G99/><AGARI ba="0,0" hai="16,19,25,28,33,50,52,56,62,65,70,99,100,104" machi="99" ten="40,8000,1" yaku="25,2,52,1,54,2" doraHai="101" who="1" fromWho="3" sc="211,0,322,80,243,0,224,-80" /><INIT seed="3,0,0,5,5,114" ten="211,402,243,144" oya="3" hai0="19,60,3,96,80,79,34,68,0,11,7,129,118" hai1="117,78,85,106,14,52,105,134,70,62,99,109,92" hai2="50,103,127,86,26,128,27,91,29,56,59,74,73" hai3="126,45,87,36,13,33,22,76,110,15,108,89,2"/><W23/><G76/><T48/><D34/><U116/><E109/><N who="3" m="42090" /><G33/><T90/><D3/><U39/><E39/><V54/><F127/><W121/><G2/><T98/><D129/><U32/><E32/><V101/><F128/><W94/><G121/><T113/><D113/><U97/><E134/><V12/><F74/><W10/><G126/><T69/><D19/><U120/><E120/><V16/><F73/><W88/><G89/><T61/><D48/><U46/><E14/><N who="3" m="5130" /><G10/><T53/><D90/><N who="1" m="55447" /><E99/><V115/><F115/><W28/><G28/><T4/><D11/><U35/><E35/><V49/><F29/><W84/><G84/><T31/><D79/><U55/><E85/><V64/><F27/><W9/><G9/><T77/><D31/><U107/><E78/><V42/><F26/><W40/><AGARI ba="0,0" hai="22,23,36,40,45,87,88,94" m="5130,42090" machi="40" ten="30,6000,0" yaku="14,1,10,1,54,1" doraHai="114" who="3" fromWho="3" sc="211,-20,402,-20,243,-20,144,60" /><INIT seed="3,1,0,0,1,4" ten="191,382,223,204" oya="3" hai0="97,78,27,117,108,126,19,113,86,1,40,38,96" hai1="135,57,105,13,52,56,70,14,34,9,55,74,7" hai2="95,62,133,89,80,100,130,16,114,12,127,73,48" hai3="0,129,15,29,83,88,10,128,125,124,23,69,82"/><W106/><G69/><T98/><D117/><U41/><E34/><V5/><F114/><W33/><G106/><T18/><D113/><U20/><E70/><V68/><F127/><N who="3" m="48715" /><G33/><T31/><D126/><U72/><E105/><V87/><F130/><N who="3" m="50283" /><G0/><T120/><D1/><U49/><E135/><V42/><F133/><W63/><G63/><T132/><D132/><U109/><E109/><V115/><F115/><W21/><G29/><T61/><D108/><U75/><E41/><V45/><F68/><W25/><G25/><T92/><D40/><U53/><E49/><V24/><F62/><W103/><G103/><T36/><D61/><U122/><E122/><V47/><F73/><W58/><G58/><T94/><D120/><U26/><REACH who="1" step="1"/><E14/><REACH who="1" ten="191,372,223,204" step="2"/><V134/><F134/><W8/><G15/><T76/><D38/><U60/><E60/><V110/><F110/><W111/><G111/><T17/><D36/><U44/><E44/><V131/><F47/><W30/><G30/><AGARI ba="1,1" hai="7,9,13,20,26,30,52,53,55,56,57,72,74,75" machi="30" ten="50,6400,0" yaku="1,1,52,1,54,1,53,0" doraHai="4" doraHaiUra="123" who="1" fromWho="3" sc="191,0,372,77,223,0,204,-67" /><INIT seed="4,0,0,0,2,49" ten="191,449,223,137" oya="0" hai0="50,102,76,81,116,2,10,4,25,120,11,1,84" hai1="65,82,77,88,121,26,124,38,85,100,19,92,53" hai2="29,51,7,47,74,22,90,56,64,13,57,95,91" hai3="94,129,9,130,23,75,33,109,86,131,46,98,31"/><T106/><D120/><U44/><E121/><V115/><F74/><W69/><G75/><T134/><D116/><U117/><E117/><V97/><F115/><W111/><G69/><T8/><D134/><U63/><E124/><V60/><F7/><W20/><G86/><T101/><D106/><U48/><E38/><V59/><F91/><W3/><G46/><T72/><D25/><U70/><E100/><V103/><F90/><W35/><G94/><T45/><D72/><U18/><REACH who="1" step="1"/><E26/><REACH who="1" ten="191,439,223,137" step="2"/><N who="2" m="16599" /><F13/><W43/><G129/><T24/><D24/><U122/><E122/><V107/><F107/><W135/><G131/><T62/><D102/><U5/><E5/><V12/><F12/><W132/><G130/><T113/><D101/><U58/><E58/><V30/><F30/><W78/><G31/><T0/><D113/><U15/><E15/><V112/><F112/><W99/><G135/><T87/><D4/><U79/><E79/><V28/><F28/><W114/><G78/><T54/><D76/><U104/><E104/><V71/><F71/><W128/><G132/><T126/><D126/><U34/><E34/><V36/><F36/><W80/><G35/><T67/><REACH who="0" step="1"/><D81/><REACH who="0" ten="181,439,223,137" step="2"/><U21/><E21/><V16/><F16/><W37/><G23/><T27/><D27/><U96/><AGARI ba="0,2" hai="18,19,44,48,53,63,65,70,77,82,85,88,92,96" machi="96" ten="20,8000,1" yaku="1,1,0,1,7,1,52,1,54,1,53,0" doraHai="49" doraHaiUra="119" who="1" fromWho="1" sc="181,-40,439,100,223,-20,137,-20" /><INIT seed="5,0,0,4,3,105" ten="141,539,203,117" oya="1" hai0="69,133,103,77,126,44,110,20,74,112,102,8,92" hai1="35,73,125,123,58,96,34,81,53,118,91,95,104" hai2="1,67,18,111,42,52,2,116,99,86,83,38,28" hai3="60,22,85,68,88,114,113,64,21,101,40,93,62"/><U134/><E118/><V37/><F116/><W19/><G40/><T56/><D69/><U84/><E123/><V15/><F111/><W98/><G62/><T49/><D110/><U130/><E130/><V50/><F42/><W72/><G72/><T36/><D36/><U14/><E134/><V132/><F132/><W115/><REACH who="3" step="1"/><G19/><REACH who="3" ten="141,539,203,107" step="2"/><T57/><D74/><U65/><E73/><V9/><F37/><W59/><G59/><T61/><D57/><U3/><E58/><V89/><F38/><W129/><G129/><T27/><D56/><U75/><E75/><V47/><F67/><W7/><G7/><T23/><D61/><U135/><E65/><V121/><F121/><W108/><G108/><T54/><D133/><U31/><E135/><V128/><F128/><W63/><G63/><T87/><D112/><U78/><E53/><V10/><F28/><W122/><G122/><T0/><D54/><U43/><E31/><V13/><F99/><W25/><G25/><T33/><D27/><U131/><E96/><V82/><F82/><AGARI ba="0,1" hai="21,22,60,64,68,82,85,88,93,98,101,113,114,115" machi="82" ten="40,8000,1" yaku="1,1,15,1,54,1,53,1" doraHai="105" doraHaiUra="94" who="3" fromWho="2" sc="141,0,539,0,203,-80,107,90" /><INIT seed="6,0,0,1,0,2" ten="141,539,123,197" oya="2" hai0="132,124,87,44,92,33,90,65,64,47,54,36,22" hai1="70,41,25,24,110,55,96,21,79,135,17,107,50" hai2="12,60,112,5,80,72,113,51,43,45,128,18,23" hai3="66,49,127,106,77,30,74,6,88,114,48,8,73"/><V95/><F128/><W129/><G106/><T102/><D33/><U27/><E110/><V32/><F32/><W117/><G117/><T35/><D35/><U115/><E70/><V31/><F95/><W61/><G30/><T62/><D132/><U122/><E135/><V56/><F31/><W1/><G129/><T125/><D102/><U101/><E115/><N who="2" m="44107" /><F80/><W121/><G121/><T63/><D36/><U52/><E122/><V111/><F72/><W78/><G114/><T103/><D103/><U29/><E79/><V15/><F111/><W133/><G133/><T120/><D120/><U82/><E82/><V76/><F76/><W119/><G119/><T130/><D130/><U38/><E29/><V69/><F69/><W104/><G104/><T81/><D81/><U97/><E97/><V20/><F20/><W11/><G78/><T26/><D22/><U98/><E98/><V86/><F86/><W85/><G77/><T83/><D83/><U34/><E34/><V134/><F134/><W105/><G105/><T131/><D87/><U46/><E38/><V7/><F15/><W89/><G85/><T99/><D99/><U59/><E27/><V4/><F56/><W71/><G74/><T42/><D26/><U57/><E25/><V91/><F60/><W126/><G73/><T100/><D131/><U108/><E108/><V9/><F91/><N who="3" m="34891" /><G11/><T40/><D90/><U68/><E68/><V0/><AGARI ba="0,0" hai="0,4,5,7,9,12,18,23,43,45,51" m="44107" machi="0" ten="30,11700,0" yaku="15,1,52,3" doraHai="2" who="2" fromWho="2" sc="141,-39,539,-39,123,117,197,-39" /><INIT seed="6,1,0,0,1,38" ten="102,500,240,158" oya="2" hai0="45,118,96,73,76,83,65,58,34,10,129,105,19" hai1="113,127,119,121,84,20,2,8,13,46,24,80,90" hai2="88,71,25,64,94,52,5,55,78,39,22,74,67" hai3="42,75,92,82,14,28,62,114,50,26,37,100,3"/><V120/><F120/><W102/><G3/><T35/><D118/><U32/><E119/><V128/><F39/><W31/><G37/><T51/><D129/><U123/><E32/><V68/><F128/><W60/><G75/><T103/><D58/><U131/><E2/><V95/><F5/><W115/><G82/><T98/><D65/><U91/><E131/><V21/><F74/><W108/><G14/><T29/><D29/><U11/><E113/><N who="3" m="43018" /><G108/><T130/><D130/><U86/><E46/><V16/><F78/><W63/><G92/><T107/><D10/><U6/><E127/><V17/><F25/><W41/><G50/><T85/><D19/><U69/><E11/><V124/><REACH who="2" step="1"/><F88/><REACH who="2" ten="102,500,230,158" step="2"/><N who="1" m="33833" /><E24/><V132/><F132/><W47/><G26/><T122/><D122/><U111/><E6/><V18/><F18/><W66/><G28/><T97/><D73/><U77/><E77/><V110/><F110/><W57/><G31/><T133/><D133/><U54/><E111/><V48/><F48/><W101/><G47/><T1/><D1/><U0/><E0/><V79/><F79/><W126/><G126/><AGARI ba="1,1" hai="16,17,21,22,52,55,64,67,68,71,94,95,124,126" machi="126" ten="25,12000,1" yaku="1,1,22,2,54,2,53,0" doraHai="38" doraHaiUra="93" who="2" fromWho="3" sc="102,0,500,0,230,133,158,-123" /><INIT seed="6,2,0,1,2,60" ten="102,500,363,35" oya="2" hai0="128,47,126,54,59,35,20,9,120,125,103,8,44" hai1="76,85,121,63,129,15,110,13,3,90,135,19,92" hai2="23,105,30,46,131,26,104,88,95,122,82,94,45" hai3="86,32,96,41,49,133,25,109,28,21,1,98,93"/><V53/><F122/><W52/><G109/><T87/><D120/><U74/><E110/><V5/><F131/><W6/><G133/><T73/><D128/><U134/><E121/><V77/><F5/><W66/><G41/><T99/><D73/><U40/><E3/><V81/><F105/><W43/><G43/><T75/><D75/><U106/><E106/><V72/><F104/><W57/><G32/><T115/><D35/><U108/><E108/><V70/><F70/><W79/><G1/><T27/><D115/><U101/><E101/><V114/><F114/><W65/><G6/><T67/><D87/><U89/><E129/><V123/><F123/><W107/><G107/><T55/><D99/><N who="3" m="37929" /><G93/><T38/><D103/><U11/><E89/><V118/><F118/><W4/><G4/><T12/><D38/><U80/><E40/><V78/><F88/><W14/><G14/><T117/><D117/><U84/><E74/><V0/><F0/><W37/><G37/><T132/><D132/><N who="1" m="50731" /><E15/><V18/><F82/><AGARI ba="2,0" hai="21,25,28,49,52,57,65,66,79,82,86" m="37929" machi="82" ten="30,7700,0" yaku="8,1,52,2,54,1" doraHai="60" who="3" fromWho="2" sc="102,0,500,0,363,-83,35,83" /><INIT seed="7,0,0,5,5,102" ten="102,500,280,118" oya="3" hai0="108,104,21,130,111,14,49,115,119,135,20,129,99" hai1="95,74,42,96,45,126,124,78,110,64,32,31,25" hai2="59,11,118,0,28,112,7,65,4,106,121,79,100" hai3="30,19,80,56,8,69,23,53,40,107,5,88,62"/><W123/><G123/><T52/><D119/><U15/><E110/><N who="0" m="42025" /><D135/><U93/><E64/><V22/><F118/><W86/><G107/><T134/><D134/><U41/><E41/><V36/><F36/><W116/><G116/><T81/><D81/><N who="1" m="45271" /><E15/><V114/><F121/><W17/><G69/><T39/><D39/><N who="1" m="21727" /><E96/><V43/><F7/><W12/><G40/><T85/><D85/><U46/><E46/><V73/><F43/><W97/><G97/><T120/><D120/><U127/><AGARI ba="0,0" hai="25,31,32,93,95,124,126,127" m="21727,45271" machi="127" ten="30,1100,0" yaku="18,1" doraHai="102" who="1" fromWho="1" sc="102,-3,500,11,280,-3,118,-5" owari="99,-40.0,511,61.0,277,8.0,113,-29.0" /></mjloggm>