<mjloggm ver="2.3"><GO type="169" lobby="0"/><UN n0="%E3%81%9F%E3%82%93%E3%81%9F%E3%81%8B%E3%81%9F%E3%82%93" n1="%E5%B0%B1%E6%B4%BB%E7%94%9F%40%E5%B7%9D%E6%9D%91%E8%BB%8D%E5%9B%A3" n2="%73%73%74%61%72%6F" n3="%E3%81%92%E3%81%A3%E3%81%A1" dan="16,17,17,16" rate="2079.79,2189.98,2138.43,2070.96" sx="M,M,M,M"/><TAIKYOKU oya="0"/><INIT seed="0,0,0,5,2,11" ten="250,250,250,250" oya="0" hai0="4,55,0,93,101,83,37,5,31,92,91,97,87" hai1="25,70,131,108,113,26,52,29,48,46,132,69,3" hai2="27,45,64,135,22,32,58,123,44,14,94,127,67" hai3="1,42,109,40,66,124,76,95,51,81,68,73,49"/><T129/><D37/><U34/><E3/><V99/><F123/><W128/><G1/><T15/><D129/><U119/><E119/><V20/><F135/><W114/><G128/><T6/><D0/><U98/><E131/><V56/><F127/><W111/><G124/><T13/><D31/><U126/><E126/><V118/><F32/><W57/><G68/><T115/><D115/><U89/><E132/><V2/><F2/><W19/><G114/><T41/><D41/><N who="3" m="15977" /><G95/><T21/><D21/><U130/><E108/><N who="3" m="41546" /><G19/><T100/><D55/><U24/><E113/><V65/><F118/><W110/><N who="3" m="41554" /><W78/><DORA hai="79" /><G78/><T8/><D8/><U23/><E130/><V39/><F39/><W62/><AGARI ba="0,0" hai="49,51,57,62,66,73,76,81" m="41554,15977" machi="62" ten="50,3200,0" yaku="14,1,52,1" doraHai="11,79" who="3" fromWho="3" sc="250,-16,250,-8,250,-8,250,32" /><INIT seed="1,0,0,1,4,12" ten="234,242,242,282" oya="1" hai0="49,110,73,106,30,100,20,87,50,24,63,25,10" hai1="21,14,41,80,93,46,26,92,95,42,107,133,134" hai2="9,89,0,29,83,98,123,118,70,69,62,48,58" hai3="99,15,76,43,37,1,71,16,66,40,122,132,101"/><U7/><E107/><V36/><F36/><W47/><G1/><T53/><D73/><U130/><E130/><V102/><F123/><W129/><G129/><T135/><D135/><U27/><E80/><V67/><F118/><W44/><G76/><T108/><D100/><U112/><E112/><V17/><F29/><W28/><G28/><T116/><D106/><U111/><E111/><V23/><F48/><W8/><G132/><N who="1" m="50794" /><E46/><V85/><F9/><W77/><G77/><T5/><D116/><U72/><E72/><V96/><F0/><W38/><G122/><T39/><D39/><U74/><E74/><V56/><F56/><W57/><G71/><T61/><D50/><U35/><E35/><V131/><F131/><W2/><G2/><T18/><D87/><U103/><E103/><V79/><F79/><W64/><G57/><N who="0" m="32943" /><D5/><U109/><E109/><N who="0" m="42089" /><D10/><N who="1" m="4447" /><E26/><V33/><F33/><AGARI ba="0,0" hai="18,20,24,25,30,33,61,63" m="42089,32943" machi="33" ten="30,2000,0" yaku="14,1,52,1" doraHai="12" who="0" fromWho="2" sc="234,20,242,0,242,-20,282,0" /><INIT seed="2,0,0,2,5,13" ten="254,242,222,282" oya="2" hai0="109,8,35,107,9,43,97,6,126,110,112,85,66" hai1="57,103,3,44,86,121,10,19,36,37,68,32,124" hai2="59,58,128,22,33,99,16,74,91,92,52,51,87" hai3="23,69,79,120,48,15,17,20,104,81,100,40,46"/><V30/><F74/><W94/><G104/><T63/><D112/><U73/><E68/><V82/><F128/><W0/><G0/><T93/><D126/><U117/><E124/><V108/><F108/><W95/><G69/><T39/><D35/><U4/><E73/><V98/><F33/><W27/><G100/><T28/><D28/><U45/><E32/><V135/><F135/><W89/><G120/><T96/><D85/><U70/><E70/><V42/><F30/><W62/><G62/><T114/><D9/><U111/><E111/><V125/><F125/><W31/><REACH who="3" step="1"/><G89/><REACH who="3" ten="254,242,222,272" step="2"/><N who="0" m="55343" /><D107/><U34/><E103/><V80/><F42/><W56/><G56/><T61/><D43/><U118/><E57/><V25/><F59/><W71/><G71/><T113/><D63/><U60/><E60/><V11/><F11/><W47/><G47/><T5/><D61/><U76/><E10/><V12/><F25/><W134/><G134/><T129/><D8/><U29/><E3/><V102/><F99/><W75/><AGARI ba="0,1" hai="15,17,20,23,27,31,40,46,48,75,79,81,94,95" machi="75" ten="20,5200,0" yaku="1,1,0,1,7,1,52,1,53,0" doraHai="13" doraHaiUra="50" who="3" fromWho="3" sc="254,-13,242,-13,222,-26,272,62" /><INIT seed="3,0,0,4,2,115" ten="241,229,196,334" oya="3" hai0="127,50,91,116,66,7,131,87,29,26,120,109,108" hai1="72,9,61,106,125,89,33,56,34,31,25,19,55" hai2="27,40,112,18,126,59,86,0,76,88,101,1,28" hai3="105,32,129,92,113,78,93,99,24,117,39,77,48"/><W37/><G113/><T96/><D120/><U30/><E106/><V3/><F112/><W51/><G105/><T42/><D66/><U58/><E72/><V49/><F126/><W90/><G129/><T122/><D122/><U100/><E100/><V65/><F101/><W41/><G41/><T46/><D96/><U95/><E125/><V123/><F123/><W135/><G135/><T35/><D127/><U118/><E58/><V133/><F133/><W14/><G14/><T10/><D131/><U80/><E80/><V23/><F76/><W44/><G44/><T107/><D116/><U68/><E68/><V102/><F102/><W98/><G90/><T79/><D79/><U52/><E55/><V119/><F119/><W5/><G5/><T81/><REACH who="0" step="1"/><D107/><REACH who="0" ten="231,229,196,334" step="2"/><U85/><E118/><V83/><F65/><W64/><G64/><T43/><D43/><U124/><E124/><V69/><F69/><W22/><G117/><T70/><D70/><U94/><E89/><V82/><F40/><W121/><G121/><T73/><D73/><U62/><E85/><V21/><F88/><W71/><G71/><T11/><D11/><U36/><E9/><V8/><F8/><W111/><G98/><T103/><D103/><U6/><E52/><V47/><F86/><W45/><G99/><T110/><D110/><U20/><E95/><V97/><F97/><W38/><G111/><T128/><D128/><U60/><E94/><V67/><F67/><W134/><G93/><T4/><D4/><U57/><E6/><V63/><F83/><W16/><G92/><T12/><AGARI ba="0,1" hai="7,10,12,26,29,35,42,46,50,81,87,91,108,109" machi="12" ten="30,4000,0" yaku="1,1,5,1,0,1,53,0" doraHai="115" doraHaiUra="13" who="0" fromWho="0" sc="231,50,229,-10,196,-10,334,-20" /><INIT seed="4,0,0,3,4,82" ten="281,219,186,314" oya="0" hai0="50,49,5,128,76,132,44,31,26,95,41,38,87" hai1="110,134,42,46,51,10,20,47,67,97,54,85,98" hai2="115,36,74,15,75,64,106,17,71,72,135,131,39" hai3="118,0,111,80,121,18,1,33,30,112,23,55,2"/><T66/><D128/><U102/><E110/><V34/><F131/><W90/><G111/><T78/><D132/><U28/><E134/><V13/><F135/><W133/><G133/><T8/><D66/><U107/><E67/><V68/><F115/><W84/><G112/><T101/><D78/><U37/><E10/><V40/><F34/><W60/><G121/><T123/><D123/><U122/><E122/><V99/><F64/><W109/><G109/><T96/><D76/><U57/><E98/><V7/><F7/><W114/><G114/><T61/><D61/><U21/><E28/><V32/><F32/><W77/><G118/><T58/><D58/><U89/><REACH who="1" step="1"/><E46/><REACH who="1" ten="281,209,186,314" step="2"/><V124/><F99/><W3/><G30/><T9/><D9/><U73/><E73/><V63/><F75/><W130/><G130/><T59/><D59/><U53/><E53/><V16/><F72/><W116/><G55/><T126/><D44/><U119/><E119/><V56/><F74/><W81/><G116/><T6/><D8/><U52/><E52/><V45/><F56/><W113/><G113/><T86/><D96/><U62/><E62/><V103/><F45/><W125/><G60/><T65/><D65/><U91/><E91/><V27/><F63/><W12/><G90/><T70/><D31/><U100/><E100/><V83/><F103/><W14/><G77/><T11/><D11/><U79/><E79/><V35/><F71/><W104/><G33/><T4/><D101/><U93/><AGARI ba="0,1" hai="20,21,37,42,47,51,54,57,85,89,93,97,102,107" machi="93" ten="20,5200,0" yaku="1,1,0,1,7,1,52,1,53,0" doraHai="82" doraHaiUra="127" who="1" fromWho="1" sc="281,-26,209,62,186,-13,314,-13" /><INIT seed="5,0,0,2,2,96" ten="255,271,173,301" oya="1" hai0="2,95,116,91,51,86,92,38,108,126,99,83,73" hai1="53,129,30,64,34,98,135,15,3,11,35,103,62" hai2="101,16,105,113,67,52,37,59,24,76,61,115,68" hai3="0,29,65,49,13,127,78,117,54,41,40,107,70"/><U133/><E129/><V21/><F37/><W9/><G0/><T47/><D2/><U32/><E53/><V6/><F6/><W12/><G127/><T132/><D116/><U112/><E112/><N who="2" m="43083" /><F76/><W46/><G117/><T120/><D38/><U93/><E30/><V104/><F101/><W14/><G107/><T110/><D120/><U25/><E25/><V4/><F4/><W26/><G78/><T60/><D126/><U63/><E3/><V22/><F21/><W19/><G65/><T58/><D132/><N who="1" m="50763" /><E64/><V131/><F131/><W121/><G70/><T43/><D73/><U85/><E85/><V17/><F17/><AGARI ba="0,0" hai="11,15,17,32,34,35,62,63,93,98,103" m="50763" machi="17" ten="40,3900,0" yaku="20,1,52,1" doraHai="96" who="1" fromWho="2" sc="255,0,271,39,173,-39,301,0" /><INIT seed="5,1,0,4,3,121" ten="255,310,134,301" oya="1" hai0="96,110,58,50,23,53,116,59,67,46,112,0,126" hai1="104,91,12,18,82,47,41,87,14,129,119,98,45" hai2="111,4,105,83,33,43,75,81,52,135,117,38,27" hai3="55,107,72,48,40,61,122,114,8,125,73,15,13"/><U95/><E119/><V71/><F117/><W109/><G109/><T80/><D110/><U63/><E129/><V115/><F111/><W70/><G125/><T65/><D0/><U94/><E104/><V128/><F71/><W49/><G107/><T42/><D116/><U21/><E63/><V62/><F105/><W101/><G101/><T131/><D112/><U31/><E31/><V108/><F108/><W32/><G32/><T37/><D80/><U113/><E113/><V10/><F128/><W51/><G114/><T85/><D85/><U5/><E94/><V25/><F115/><W56/><G122/><T54/><D96/><U24/><E5/><V74/><F135/><W88/><G70/><T16/><D126/><U19/><E41/><V127/><F127/><W103/><G103/><T66/><D131/><U86/><E87/><V132/><F132/><W1/><G40/><T11/><D11/><U29/><E14/><V3/><F33/><W93/><G1/><T6/><D6/><U84/><E84/><V9/><F38/><W30/><G30/><T2/><D2/><U106/><E106/><V22/><F3/><W57/><G15/><N who="0" m="9631" /><D37/><U28/><E19/><V92/><F75/><W134/><G134/><T17/><D17/><U89/><REACH who="1" step="1"/><E29/><REACH who="1" ten="255,300,134,301" step="2"/><V36/><F74/><W130/><G130/><T34/><D42/><U133/><E133/><V60/><F36/><W35/><G72/><T124/><D124/><U76/><E76/><V123/><F123/><W97/><G73/><T68/><D68/><U118/><E118/><V20/><F4/><N who="3" m="3207" /><G35/><AGARI ba="1,1" hai="12,18,21,24,28,35,45,47,82,86,89,91,95,98" machi="35" ten="30,2900,0" yaku="1,1,7,1,53,0" doraHai="121" doraHaiUra="44" who="1" fromWho="3" sc="255,0,300,42,134,0,301,-32" /><INIT seed="5,2,0,5,2,8" ten="255,342,134,269" oya="1" hai0="55,105,22,82,96,56,84,130,122,2,79,66,51" hai1="20,49,111,69,132,104,68,65,36,62,134,12,41" hai2="11,33,46,113,98,6,80,110,9,4,61,13,50" hai3="28,125,124,58,85,70,73,119,94,18,10,86,123"/><U75/><E104/><V5/><F110/><W44/><G73/><T93/><D2/><U112/><E75/><V17/><F33/><W35/><G70/><T64/><D105/><U90/><E68/><V27/><F113/><W127/><G123/><T0/><D0/><U37/><E111/><V106/><F27/><N who="3" m="18847" /><G119/><T53/><D130/><U114/><E90/><V52/><F61/><W15/><G94/><T19/><D55/><U38/><E12/><V107/><F80/><W21/><G44/><T135/><D135/><N who="1" m="51755" /><E20/><V128/><F128/><W115/><G115/><N who="1" m="44074" /><E49/><V34/><F34/><W81/><G81/><T83/><D82/><U133/><E133/><V76/><F76/><W78/><G78/><T43/><D122/><U47/><AGARI ba="2,0" hai="36,37,38,41,47,62,65,69" m="44074,51755" machi="47" ten="40,12000,1" yaku="20,1,15,1,23,1,34,2" doraHai="8" who="1" fromWho="1" sc="255,-42,342,126,134,-42,269,-42" /><INIT seed="5,3,0,5,4,107" ten="213,468,92,227" oya="1" hai0="25,16,71,82,96,27,43,87,26,93,35,89,12" hai1="21,30,38,111,94,20,106,15,126,120,4,49,56" hai2="51,75,130,73,65,86,88,90,110,100,59,135,114" hai3="85,131,31,102,83,101,128,79,74,36,67,81,22"/><U122/><E106/><V64/><F110/><W41/><G67/><T77/><D71/><U105/><E105/><V84/><F100/><W62/><G62/><T119/><D119/><U104/><E104/><V7/><F7/><W103/><G41/><T99/><D43/><U108/><E38/><V28/><F28/><W0/><G0/><T69/><D69/><U6/><E56/><V18/><F135/><W66/><G66/><T125/><D125/><U33/><E49/><V133/><F133/><W46/><G46/><T134/><D134/><U1/><E94/><V60/><F130/><W121/><G36/><T47/><D47/><U78/><E78/><V8/><F114/><W116/><G116/><T17/><D17/><N who="1" m="10303" /><E126/><V98/><F98/><W32/><G32/><T124/><D124/><U57/><E57/><V10/><F18/><W42/><G42/><T19/><D19/><U129/><E129/><N who="3" m="49738" /><G121/><N who="1" m="46698" /><E33/><V54/><F59/><W61/><G61/><T48/><D48/><U91/><E91/><V45/><F51/><W24/><G83/><T115/><D115/><U44/><E44/><V55/><F45/><W127/><G127/><T92/><D35/><U112/><E112/><V2/><F60/><W123/><G123/><T117/><D117/><U113/><E113/><V58/><F58/><W80/><G80/><T76/><D77/><U11/><E6/><V53/><REACH who="2" step="1"/><F55/><REACH who="2" ten="213,468,82,227" step="2"/><W118/><G118/><T29/><D99/><U109/><E30/><V63/><F63/><W23/><G31/><T34/><D29/><U3/><E3/><AGARI ba="3,1" hai="2,3,8,10,53,54,64,65,73,75,84,86,88,90" machi="3" ten="25,12000,2" yaku="1,1,22,2,52,2,54,1,53,0" doraHai="107" doraHaiUra="72" who="2" fromWho="1" sc="213,0,468,-129,82,139,227,0" /><INIT seed="6,0,0,5,4,118" ten="213,339,221,227" oya="2" hai0="31,7,20,33,80,72,48,90,85,32,65,62,29" hai1="89,112,82,22,55,78,34,52,17,5,27,35,79" hai2="41,54,13,18,127,132,15,108,131,119,3,111,25" hai3="57,4,117,69,11,74,51,135,97,126,88,87,14"/><V99/><F119/><W58/><G69/><T12/><D72/><U113/><E5/><V75/><F75/><W9/><G74/><T100/><D100/><U114/><E89/><V84/><F41/><W98/><G117/><T116/><D33/><N who="1" m="12299" /><E79/><V56/><F3/><W94/><G135/><T43/><D32/><U81/><E81/><V110/><F132/><W0/><G126/><T73/><D73/><AGARI ba="0,0" hai="17,22,27,52,55,73,78,82,112,113,114" m="12299" machi="73" ten="40,2600,0" yaku="15,1,54,1" doraHai="118" who="1" fromWho="0" sc="213,-26,339,26,221,0,227,0" /><INIT seed="7,0,0,1,3,58" ten="187,365,221,227" oya="3" hai0="106,88,104,10,112,39,77,111,82,114,90,11,38" hai1="27,48,129,75,22,63,4,108,54,42,25,31,15" hai2="97,5,7,51,83,120,109,24,62,45,96,44,52" hai3="66,101,74,64,93,127,6,71,98,128,43,32,118"/><W87/><G74/><T0/><D111/><U3/><E3/><V29/><F109/><W19/><G118/><T135/><D135/><U2/><E2/><V133/><F133/><W33/><G6/><N who="2" m="2057" /><F120/><W12/><G127/><T36/><D0/><U67/><E48/><N who="2" m="28679" /><F62/><W17/><G128/><T103/><D103/><U72/><E27/><V18/><F29/><W70/><G43/><T55/><D55/><U117/><E22/><N who="2" m="13399" /><F83/><W79/><G32/><T21/><D21/><U116/><E15/><V26/><F26/><W85/><G33/><T35/><D35/><U78/><E42/><AGARI ba="0,0" hai="42,45,51,96,97" m="13399,28679,2057" machi="42" ten="30,2000,0" yaku="8,1,54,1" doraHai="58" who="2" fromWho="1" sc="187,0,365,-20,221,20,227,0" owari="187,-31.0,345,44.0,241,4.0,227,-17.0" /></mjloggm>