<mjloggm ver="2.3"><GO type="169" lobby="0"/><UN n0="%E3%82%A6%E3%83%AB%E3%83%88%E3%83%A9%E7%AB%8B%E7%9B%B4" n1="%E3%81%97%E3%82%87%E3%81%BC%E3%82%93%EF%BD%8E" n2="%E3%81%82%E3%81%B2%E3%82%8B%E3%81%95%E3%82%93" n3="%74%61%6B%75%61%6B%61" dan="17,17,16,16" rate="2131.26,2148.61,2110.03,2059.89" sx="M,M,M,M"/><TAIKYOKU oya="0"/><INIT seed="0,0,0,0,2,11" ten="250,250,250,250" oya="0" hai0="44,90,3,13,99,46,25,119,134,54,50,131,121" hai1="78,95,97,30,126,109,52,38,107,18,28,100,128" hai2="87,65,17,96,125,106,49,60,33,80,72,75,82" hai3="15,43,133,51,36,118,35,92,67,66,73,115,24"/><T1/><D121/><U42/><E109/><V64/><F33/><W102/><G118/><T19/><D119/><U85/><E128/><V20/><F125/><W5/><G115/><T88/><D131/><U34/><E126/><V41/><F82/><W77/><G36/><T16/><D134/><U7/><E7/><V58/><F65/><W62/><G73/><T135/><D135/><U61/><E42/><V81/><F80/><W21/><G77/><T111/><D111/><U101/><E38/><V39/><F39/><W129/><G129/><T127/><D127/><U26/><E78/><V103/><F41/><W76/><G76/><T74/><D74/><U6/><E6/><V69/><F49/><W89/><G102/><T104/><D104/><U22/><E100/><V113/><F69/><W105/><G35/><T55/><D99/><U0/><E0/><V98/><F98/><W123/><G105/><T110/><D110/><U108/><E108/><V27/><F113/><W37/><G37/><T112/><D112/><U71/><E34/><V14/><REACH who="2" step="1"/><F27/><REACH who="2" ten="250,250,240,250" step="2"/><W40/><G24/><T122/><D122/><U117/><E117/><V57/><F57/><N who="3" m="37199" /><G123/><T31/><D25/><U79/><E71/><V116/><F116/><W70/><G67/><T93/><D50/><U120/><E120/><V91/><AGARI ba="0,1" hai="14,17,20,58,60,64,72,75,81,87,91,96,103,106" machi="91" ten="20,8000,1" yaku="1,1,0,1,7,1,52,1,53,1" doraHai="11" doraHaiUra="56" who="2" fromWho="2" sc="250,-40,250,-20,240,90,250,-20" /><INIT seed="1,0,0,5,1,47" ten="210,230,330,230" oya="1" hai0="39,28,66,63,64,117,12,92,82,71,89,96,97" hai1="102,17,62,3,49,116,118,77,19,95,75,84,130" hai2="36,27,15,80,100,22,53,115,125,124,43,8,18" hai3="13,91,86,108,24,81,59,87,114,55,23,35,2"/><U101/><E3/><V98/><F115/><W10/><G114/><T7/><D39/><U42/><E75/><V123/><F123/><W20/><G108/><T129/><D117/><U85/><E130/><V58/><F80/><W76/><G2/><T40/><D40/><U67/><E77/><V25/><F43/><W30/><G35/><T51/><D129/><U74/><E74/><V26/><F36/><W65/><G65/><T38/><D38/><U52/><E42/><V105/><REACH who="2" step="1"/><F8/><REACH who="2" ten="210,230,320,230" step="2"/><W94/><G20/><T134/><D82/><U29/><E118/><V46/><F46/><W90/><G76/><T14/><D134/><U6/><E116/><V132/><F132/><W33/><G33/><T11/><D11/><U34/><E34/><V135/><F135/><W5/><G81/><T48/><D71/><U54/><E29/><V73/><F73/><W103/><G103/><T110/><D28/><U44/><E101/><V126/><F126/><W32/><G32/><T121/><D121/><U56/><E6/><V83/><F83/><W119/><G119/><T69/><D69/><U61/><E102/><V50/><AGARI ba="0,1" hai="15,18,22,25,26,27,50,53,58,98,100,105,124,125" machi="50" ten="30,4000,0" yaku="1,1,0,1,52,1,53,0" doraHai="47" doraHaiUra="1" who="2" fromWho="2" sc="210,-10,230,-20,320,50,230,-10" /><INIT seed="2,0,0,3,2,114" ten="200,210,370,220" oya="2" hai0="8,46,50,4,53,74,68,126,2,129,118,92,12" hai1="83,54,20,94,122,130,37,65,31,15,101,128,134" hai2="72,10,66,38,79,85,29,111,34,121,117,41,124" hai3="75,76,48,82,100,5,106,6,58,25,81,119,3"/><V86/><F121/><W24/><G119/><T39/><D126/><U13/><E122/><V51/><F38/><W11/><G6/><T43/><D129/><N who="1" m="49771" /><E134/><V113/><F113/><W93/><G106/><T105/><D105/><U109/><E109/><V103/><F72/><W47/><G58/><T77/><D68/><U64/><E37/><V70/><F103/><W61/><G61/><T135/><D135/><U80/><E54/><V90/><F124/><W125/><G125/><T22/><D92/><U19/><E13/><V78/><F70/><W33/><G33/><T52/><D118/><U44/><E31/><V35/><F66/><N who="1" m="25705" /><E44/><V18/><F29/><W56/><G56/><T98/><D98/><AGARI ba="0,0" hai="15,19,20,80,83,94,98,101" m="25705,49771" machi="98" ten="30,1000,0" yaku="19,1" doraHai="114" who="1" fromWho="0" sc="200,-10,210,10,370,0,220,0" /><INIT seed="3,0,0,2,4,56" ten="190,220,370,220" oya="3" hai0="135,77,17,125,42,79,13,97,64,52,134,130,111" hai1="48,61,3,41,29,69,45,6,74,99,50,49,28" hai2="4,93,106,123,72,108,54,87,55,25,122,70,7" hai3="60,101,15,16,68,31,119,94,14,120,102,26,103"/><W51/><G120/><N who="2" m="46121" /><F72/><W113/><G113/><T115/><D42/><U73/><E6/><N who="2" m="2091" /><F106/><W46/><G119/><T23/><D111/><U133/><E3/><V128/><F70/><W57/><G68/><T96/><D64/><U18/><E133/><N who="0" m="50697" /><D125/><U114/><E114/><V38/><F38/><W53/><G94/><T33/><D33/><U89/><E18/><V59/><F128/><W20/><REACH who="3" step="1"/><G31/><REACH who="3" ten="190,220,370,210" step="2"/><T121/><D115/><U95/><E28/><V88/><F108/><W84/><G84/><T8/><D121/><U124/><E29/><V35/><F35/><W21/><G21/><T117/><D117/><U1/><E74/><V12/><F87/><W71/><G71/><T58/><D130/><U112/><E73/><V47/><F93/><W86/><G86/><T107/><D23/><U66/><E112/><V127/><F127/><W10/><G10/><T132/><D132/><U80/><E124/><V9/><F9/><W11/><G11/><T37/><D37/><U91/><E1/><V109/><F109/><W82/><G82/><T104/><D104/><U24/><E80/><V92/><F92/><W126/><G126/><T105/><D105/><U116/><E116/><V22/><F22/><W78/><G78/><N who="0" m="29707" /><D107/><U5/><E69/><V98/><F98/><W76/><G76/><T100/><D100/><U36/><E99/><V19/><F88/><W0/><G0/><T67/><D67/><AGARI ba="0,1" hai="14,15,16,20,26,46,51,53,57,60,67,101,102,103" machi="67" ten="40,12000,1" yaku="1,1,8,1,52,1,54,1,53,1" doraHai="56" doraHaiUra="43" who="3" fromWho="0" sc="190,-120,220,0,370,0,210,130" /><INIT seed="3,1,0,5,2,88" ten="70,220,370,340" oya="3" hai0="51,128,54,122,34,123,119,25,133,82,58,75,98" hai1="73,115,84,127,11,130,2,9,81,78,116,60,117" hai2="15,18,20,121,49,33,111,99,70,21,56,87,103" hai3="48,5,134,79,26,36,55,40,37,126,19,110,131"/><W100/><G126/><T59/><D119/><N who="1" m="45643" /><E115/><V52/><F33/><W29/><G79/><T68/><D68/><U80/><E130/><V14/><F70/><W50/><G5/><T86/><D128/><U125/><E60/><V124/><F111/><W71/><G19/><T10/><D133/><U94/><E94/><N who="2" m="58871" /><F124/><N who="1" m="47689" /><E2/><V102/><F121/><W3/><G100/><T57/><D75/><U31/><E31/><V72/><F72/><W24/><G3/><T63/><D10/><U7/><E7/><V27/><F102/><W101/><G101/><T47/><D98/><U96/><E96/><V77/><F21/><W129/><G29/><T44/><D25/><U45/><E45/><V95/><F77/><AGARI ba="1,0" hai="9,11,73,77,78,80,81,84" m="47689,45643" machi="77" ten="30,2000,0" yaku="12,1,18,1" doraHai="88" who="1" fromWho="2" sc="70,0,220,23,370,-23,340,0" /><INIT seed="4,0,0,2,5,106" ten="70,243,347,340" oya="0" hai0="12,108,94,16,3,133,74,14,60,97,5,65,30" hai1="0,110,132,66,76,125,78,54,134,46,13,93,62" hai2="51,82,38,88,128,102,67,112,135,119,80,95,121" hai3="77,90,32,25,86,4,15,116,109,115,23,57,91"/><T22/><D133/><N who="1" m="51307" /><E0/><V63/><F38/><W50/><G109/><T75/><D108/><U35/><E35/><V10/><F121/><W34/><G34/><T113/><D113/><U104/><E104/><V126/><F135/><W100/><G32/><T92/><D3/><U103/><E125/><V24/><F128/><W124/><G100/><T120/><D120/><U127/><E127/><V7/><F126/><W37/><G37/><T8/><D30/><U99/><E13/><V21/><F102/><W89/><G115/><T105/><D105/><U70/><E110/><V56/><F119/><W111/><G116/><T39/><D39/><U131/><E131/><V45/><F112/><W83/><G111/><T47/><D47/><U49/><AGARI ba="0,0" hai="46,49,54,62,66,70,76,78,93,99,103" m="51307" machi="49" ten="30,1100,0" yaku="20,1" doraHai="106" who="1" fromWho="1" sc="70,-5,243,11,347,-3,340,-3" /><INIT seed="5,0,0,4,5,13" ten="65,254,344,337" oya="1" hai0="46,97,33,101,5,40,4,7,21,103,121,66,23" hai1="134,126,109,75,94,31,43,65,95,87,115,27,48" hai2="105,80,120,49,54,6,28,11,67,122,118,98,70" hai3="135,34,131,123,104,63,55,110,41,30,133,56,74"/><U45/><E75/><V22/><F118/><W0/><G123/><T42/><D33/><U96/><E115/><V108/><F108/><W19/><G110/><T116/><D116/><U85/><E109/><V29/><F70/><W51/><G74/><T88/><D121/><U14/><E134/><V114/><F67/><W106/><G0/><T17/><D66/><U99/><E126/><V111/><F111/><W16/><G131/><T100/><D46/><U39/><E39/><V69/><F69/><W60/><G34/><T82/><D21/><N who="1" m="15855" /><E65/><V2/><F114/><W35/><G30/><T132/><D132/><N who="3" m="50761" /><G35/><T102/><N who="0" m="25600" /><DORA hai="61" /><T119/><D119/><U89/><E14/><V124/><F105/><N who="3" m="40555" /><G63/><T26/><REACH who="0" step="1"/><D82/><REACH who="0" ten="55,254,344,337" step="2"/><U76/><E45/><AGARI ba="0,1" hai="16,19,41,45,51,55,56,60" m="40555,50761" machi="45" ten="30,7700,0" yaku="20,1,52,2,54,1" doraHai="13,61" who="3" fromWho="1" sc="55,0,254,-77,344,0,337,87" /><INIT seed="6,0,0,5,1,1" ten="55,177,344,424" oya="2" hai0="86,120,38,14,50,121,93,92,95,72,42,43,66" hai1="76,68,96,9,128,105,20,34,17,78,44,113,64" hai2="107,122,35,131,12,110,67,5,37,103,21,36,10" hai3="90,69,88,18,73,48,116,61,127,40,81,56,100"/><V102/><F35/><W46/><G116/><T85/><D14/><U130/><E34/><V6/><F122/><W74/><G69/><T77/><D50/><U87/><E113/><V11/><F131/><N who="1" m="50217" /><E9/><V123/><F123/><W83/><G127/><T13/><D13/><N who="1" m="9263" /><E87/><V114/><F114/><W60/><G60/><T117/><D93/><U4/><E4/><V27/><F110/><W30/><G30/><T133/><D72/><U24/><E24/><V80/><F67/><W89/><G100/><T32/><D32/><U108/><E108/><V134/><F134/><W112/><G112/><T101/><D133/><U111/><E111/><V57/><F57/><W98/><G98/><T8/><D8/><U39/><E44/><V41/><F80/><W25/><G74/><T51/><D117/><U52/><E52/><V106/><F12/><W109/><G73/><T125/><D125/><U135/><E39/><V94/><F21/><N who="3" m="13495" /><G109/><T70/><D38/><U55/><E55/><AGARI ba="0,0" hai="40,46,48,55,56,61,81,83,88,89,90" m="13495" machi="55" ten="30,2000,0" yaku="8,1,54,1" doraHai="1" who="3" fromWho="1" sc="55,0,177,-20,344,0,424,20" /><INIT seed="7,0,0,1,2,54" ten="55,157,344,444" oya="3" hai0="103,61,63,6,8,65,75,57,56,81,85,53,76" hai1="84,40,37,13,5,77,31,129,26,0,110,108,125" hai2="23,48,35,9,134,29,119,124,131,2,120,121,80" hai3="101,114,83,15,27,38,135,46,113,34,93,36,100"/><W132/><G83/><T24/><D75/><U73/><E84/><V12/><F80/><W52/><G52/><T74/><D74/><U96/><E13/><V99/><F99/><N who="3" m="59503" /><G101/><T95/><D24/><U86/><E86/><V104/><F104/><W69/><G69/><T106/><D106/><U44/><E96/><V89/><F89/><W1/><G1/><T71/><D71/><U105/><E105/><V133/><F48/><W21/><G15/><T42/><D42/><U116/><E125/><V118/><F35/><W50/><G34/><T127/><D127/><U58/><E58/><V64/><F2/><W51/><G50/><T70/><D70/><U88/><E88/><V72/><F72/><W33/><G33/><T117/><D117/><N who="2" m="44554" /><F64/><W19/><G51/><T123/><D123/><N who="2" m="47178" /><F124/><W122/><G122/><T109/><D103/><U68/><E0/><V10/><F131/><W20/><G46/><T79/><D95/><U22/><E44/><V16/><F29/><W45/><G45/><T18/><D109/><U107/><E31/><V115/><F115/><W126/><G126/><T128/><D128/><U47/><E47/><V55/><F55/><W32/><G113/><T98/><D98/><U78/><E73/><V25/><F25/><W97/><G32/><T7/><D79/><U14/><E78/><V39/><F39/><W59/><G114/><T90/><D76/><U30/><E77/><V17/><F17/><W66/><G19/><T43/><REACH who="0" step="1"/><D43/><REACH who="0" ten="45,157,344,444" step="2"/><U112/><E26/><V91/><F91/><W60/><G27/><T49/><D49/><U67/><E129/><RYUUKYOKU ba="0,1" sc="45,15,157,-15,344,15,444,-15" hai0="6,7,8,18,53,56,57,61,63,65,81,85,90" hai2="9,10,12,16,23,133,134" owari="60,-44.0,142,-26.0,359,16.0,439,54.0" /></mjloggm>