<mjloggm ver="2.3"><GO type="41" lobby="0"/><UN n0="%74%69%63%74%69%63" n1="%E3%81%9F%E3%82%89%E3%81%BF" n2="%E5%B0%B1%E6%B4%BB%E7%94%9F%40%E5%B7%9D%E6%9D%91%E8%BB%8D%E5%9B%A3" n3="%E7%8A%AC%E9%9D%A2%E4%BA%BA" dan="13,15,14,13" rate="1857.35,1984.65,1998.02,1885.97" sx="M,F,M,M"/><TAIKYOKU oya="0"/><INIT seed="0,0,0,2,1,120" ten="250,250,250,250" oya="0" hai0="1,124,24,6,115,26,127,43,98,135,44,71,55" hai1="72,79,109,28,93,86,88,53,42,94,2,80,69" hai2="118,78,10,56,92,36,84,121,31,97,49,15,89" hai3="11,99,114,20,18,19,23,16,29,59,34,83,85"/><T40/><D115/><U3/><E69/><V106/><F121/><W102/><G114/><T103/><D135/><U104/><E104/><V48/><F36/><W125/><G125/><N who="0" m="48203" /><D71/><U9/><E42/><N who="0" m="15913" /><D44/><U87/><E28/><V47/><F118/><W64/><G34/><T66/><D66/><U37/><E37/><V116/><F116/><W107/><G29/><T73/><D73/><U67/><E67/><V5/><F31/><W33/><G33/><T27/><D55/><U129/><E129/><V134/><F134/><W105/><G64/><T128/><D128/><U81/><E109/><V113/><F113/><W14/><G59/><T41/><N who="0" m="15921" /><T82/><DORA hai="4" /><D82/><U63/><E93/><V22/><F47/><W68/><G68/><T30/><D6/><U123/><E123/><V65/><F65/><W17/><REACH who="3" step="1"/><G107/><REACH who="3" ten="250,250,250,240" step="2"/><N who="0" m="63991" /><D30/><U62/><E3/><AGARI ba="0,1" hai="1,3,24,26,27" m="63991,15921,48203" machi="3" ten="40,2000,0" yaku="18,1" doraHai="120,4" who="0" fromWho="1" sc="250,30,250,-20,250,0,240,0" /><INIT seed="0,1,0,2,2,119" ten="280,230,250,240" oya="0" hai0="49,53,14,132,74,59,135,78,54,12,84,41,61" hai1="98,8,129,68,67,100,88,52,32,96,103,64,24" hai2="3,16,102,50,62,79,108,23,18,7,48,42,126" hai3="40,36,125,10,107,120,35,94,33,2,21,44,13"/><T97/><D74/><U46/><E129/><V19/><F126/><W80/><G107/><T77/><D41/><U130/><E130/><V26/><F108/><W113/><G113/><T0/><D0/><U104/><E8/><V65/><F79/><N who="0" m="30218" /><D84/><U57/><E46/><V72/><F72/><W110/><G125/><T71/><D71/><U9/><E9/><V73/><F73/><W128/><G110/><T15/><D97/><U93/><E100/><V70/><F102/><W99/><G2/><T106/><D106/><U91/><E68/><V31/><F42/><W63/><G80/><T109/><D109/><U28/><REACH who="1" step="1"/><E91/><REACH who="1" ten="280,220,250,240" step="2"/><V90/><F3/><W133/><G128/><T58/><D135/><U39/><E39/><V43/><F7/><W27/><G44/><T47/><D132/><U51/><AGARI ba="1,1" hai="24,28,32,51,52,57,64,67,88,93,96,98,103,104" machi="51" ten="20,8000,1" yaku="1,1,0,1,7,1,54,2,53,0" doraHai="119" doraHaiUra="117" who="1" fromWho="1" sc="280,-41,220,93,250,-21,240,-21" /><INIT seed="1,0,0,0,2,107" ten="239,313,229,219" oya="1" hai0="25,130,96,23,78,120,126,22,76,68,11,93,81" hai1="7,53,4,129,24,106,20,2,70,101,74,95,60" hai2="124,103,40,79,45,112,66,110,118,111,119,0,72" hai3="73,104,18,55,125,12,30,42,35,9,82,98,113"/><U6/><E106/><V80/><F0/><W38/><G113/><T127/><D130/><U27/><E129/><V108/><F112/><W1/><G125/><N who="0" m="47627" /><D68/><U51/><E2/><V100/><F66/><W69/><G69/><T43/><D43/><U102/><E70/><V92/><F124/><W16/><G55/><T62/><D62/><U37/><E60/><V15/><F15/><W47/><G18/><T8/><D120/><U87/><E37/><V128/><F128/><W117/><G117/><N who="2" m="44553" /><F92/><W85/><G104/><T131/><D131/><U77/><E24/><V122/><F122/><W88/><G98/><T135/><D135/><U90/><E74/><V31/><F31/><W29/><G35/><T61/><D61/><U116/><E77/><V133/><F133/><W105/><G105/><T44/><D44/><N who="1" m="27879" /><E116/><V84/><F84/><W39/><G39/><AGARI ba="0,0" hai="39,40,45,72,79,80,100,103,108,110,111" m="44553" machi="39" ten="40,2600,0" yaku="14,1,52,1" doraHai="107" who="2" fromWho="3" sc="239,0,313,0,229,26,219,-26" /><INIT seed="2,0,0,4,0,102" ten="239,313,255,193" oya="2" hai0="12,75,97,78,103,73,1,61,58,0,6,92,132" hai1="34,129,114,59,17,106,90,21,113,82,8,24,46" hai2="119,44,91,23,69,83,80,125,101,79,105,53,71" hai3="37,41,110,111,126,48,15,33,104,39,55,118,84"/><V112/><F119/><W16/><G33/><T93/><D132/><U14/><E129/><V26/><F112/><W13/><G118/><T30/><D30/><U38/><E34/><V127/><F91/><W77/><G126/><N who="2" m="48137" /><F44/><W40/><G77/><T35/><D35/><U42/><E106/><V123/><F123/><W4/><G84/><T36/><D36/><U122/><E122/><V32/><F32/><W94/><G94/><T107/><D12/><U95/><E82/><V87/><F53/><W72/><G72/><T45/><D45/><U128/><E59/><V7/><F7/><W109/><G4/><T22/><D22/><U63/><E63/><V11/><F11/><W65/><G65/><T86/><D6/><U130/><E130/><V28/><F83/><W66/><G66/><T68/><D68/><U100/><E100/><V19/><F28/><W88/><G40/><T81/><D75/><U120/><E120/><V49/><F49/><W74/><G41/><T57/><D57/><U27/><E128/><V51/><F51/><W115/><G48/><T85/><D85/><U135/><E114/><V62/><F62/><W76/><G74/><T64/><D93/><U67/><E113/><V124/><F124/><W50/><G115/><T70/><D58/><U18/><E67/><V47/><F47/><W108/><G109/><T60/><D60/><U96/><E135/><V10/><F10/><W121/><G39/><T98/><D98/><AGARI ba="0,0" hai="19,23,26,69,71,79,80,87,98,101,105" m="48137" machi="98" ten="30,2900,0" yaku="18,1,52,1" doraHai="102" who="2" fromWho="0" sc="239,-29,313,0,255,29,193,0" /><INIT seed="2,1,0,4,1,134" ten="210,313,284,193" oya="2" hai0="64,135,20,106,11,128,19,77,14,46,90,99,6" hai1="127,8,22,105,62,89,48,78,17,121,76,111,29" hai2="129,4,113,83,54,50,91,109,66,87,24,59,118" hai3="36,70,132,39,60,73,104,117,5,34,84,93,80"/><V52/><F113/><W61/><G117/><T42/><D135/><U119/><E119/><V7/><F118/><W44/><G34/><T85/><D128/><U41/><E8/><V131/><F66/><W38/><G104/><T130/><D130/><N who="2" m="49674" /><F109/><W25/><G132/><T107/><D64/><U110/><E29/><V68/><F68/><W47/><G25/><T65/><D99/><U86/><E121/><V37/><F37/><W116/><G116/><T0/><D65/><U125/><E105/><V97/><F97/><W95/><G5/><T123/><D77/><U67/><E48/><N who="2" m="31111" /><F24/><W58/><G73/><T72/><D72/><U49/><E49/><V15/><F15/><W26/><G26/><T55/><D55/><U82/><E41/><V81/><F83/><W27/><G27/><T63/><D63/><U100/><E100/><V21/><F21/><W57/><G70/><T126/><D126/><N who="1" m="48139" /><E111/><V75/><F75/><W96/><G61/><T115/><D115/><U53/><E53/><V88/><F91/><N who="3" m="51591" /><G60/><T94/><D123/><U28/><E28/><V124/><F124/><W114/><G114/><T112/><D112/><U74/><E74/><V108/><F108/><W12/><G39/><AGARI ba="1,0" hai="0,6,11,14,19,20,39,42,46,85,90,94,106,107" machi="39" ten="30,1000,0" yaku="7,1" doraHai="134" who="0" fromWho="3" sc="210,13,313,0,284,0,193,-13" /><INIT seed="3,0,0,5,3,126" ten="223,313,284,180" oya="3" hai0="37,56,112,88,64,111,13,42,47,101,84,135,14" hai1="31,29,97,36,114,133,94,96,85,104,79,109,39" hai2="38,23,73,103,12,100,131,46,119,1,124,113,10" hai3="70,121,30,86,63,18,58,32,25,43,45,33,17"/><W68/><G121/><T53/><D111/><U0/><E114/><V83/><F113/><W95/><G33/><T61/><D112/><U22/><E109/><V66/><F124/><W24/><G18/><T57/><D135/><U44/><E133/><V26/><F66/><W62/><G62/><T115/><D115/><U48/><E0/><V67/><F67/><W98/><G86/><T89/><D101/><U129/><E79/><V35/><F119/><W49/><G17/><T99/><D99/><U118/><E85/><V120/><F120/><W6/><G6/><T21/><D21/><U127/><E22/><V20/><F35/><W80/><G80/><T41/><D41/><U28/><E118/><V19/><F131/><W27/><G27/><T8/><D8/><U15/><E127/><V102/><F1/><W2/><G25/><T75/><D75/><U52/><E129/><V34/><F34/><W82/><G82/><T3/><D3/><U81/><E15/><V76/><F26/><W91/><REACH who="3" step="1"/><G2/><REACH who="3" ten="223,313,284,170" step="2"/><T130/><D130/><U74/><E81/><V122/><F122/><W69/><G69/><T92/><REACH who="0" step="1"/><D89/><REACH who="0" ten="213,313,284,170" step="2"/><N who="1" m="55375" /><E74/><V93/><F73/><W134/><G134/><T107/><D107/><U7/><E104/><V65/><F76/><W60/><G60/><AGARI ba="0,2" hai="13,14,37,42,47,53,56,57,60,61,64,84,88,92" machi="60" ten="30,3900,0" yaku="1,1,7,1,54,1,53,0" doraHai="126" doraHaiUra="125" who="0" fromWho="3" sc="213,59,313,0,284,0,170,-39" /><INIT seed="4,0,0,2,3,117" ten="272,313,284,131" oya="0" hai0="6,132,63,64,62,40,9,52,27,3,39,87,51" hai1="20,22,13,76,84,15,93,75,14,44,133,38,23" hai2="113,30,67,60,122,100,102,121,45,92,90,5,47" hai3="104,16,134,42,55,88,68,36,35,43,50,70,1"/><T8/><D132/><U59/><E133/><V54/><F113/><W118/><G134/><T78/><D39/><U73/><E59/><V77/><F77/><W32/><G104/><T129/><D129/><U69/><E69/><V4/><F30/><W96/><G118/><T131/><D131/><U83/><E38/><V86/><F47/><W114/><G1/><T85/><D40/><U94/><REACH who="1" step="1"/><E44/><REACH who="1" ten="272,303,284,131" step="2"/><V66/><F45/><W17/><G36/><T98/><D3/><U89/><E89/><V125/><F125/><W37/><G37/><T111/><D78/><U72/><AGARI ba="0,1" hai="13,14,15,20,22,23,72,73,75,76,83,84,93,94" machi="72" ten="40,8000,1" yaku="1,1,0,1,29,2,53,0" doraHai="117" doraHaiUra="12" who="1" fromWho="1" sc="272,-40,303,90,284,-20,131,-20" /><INIT seed="5,0,0,3,3,12" ten="232,393,264,111" oya="1" hai0="128,49,21,20,63,5,58,29,46,96,91,104,94" hai1="97,43,3,101,76,132,11,62,106,36,0,79,82" hai2="112,100,56,117,125,71,60,92,40,73,133,99,130" hai3="16,1,121,22,67,44,37,105,98,15,4,70,32"/><U8/><E132/><V72/><F117/><W126/><G121/><T110/><D128/><U108/><E108/><V17/><F71/><W38/><G126/><T93/><D110/><U69/><E79/><V134/><F130/><W65/><G32/><T122/><D122/><U109/><E109/><V50/><F125/><W129/><G129/><T10/><D104/><U24/><E24/><V135/><F112/><W120/><G120/><T18/><D29/><U74/><E11/><V26/><F50/><W2/><G67/><T52/><D94/><U23/><E23/><N who="2" m="13679" /><F40/><W47/><G65/><AGARI ba="0,0" hai="56,60,65,72,73,92,99,100,133,134,135" m="13679" machi="65" ten="30,2000,0" yaku="20,1,52,1" doraHai="12" who="2" fromWho="3" sc="232,0,393,0,264,20,111,-20" /><INIT seed="6,0,0,2,2,26" ten="232,393,284,91" oya="2" hai0="28,67,33,8,74,108,37,88,50,34,38,64,3" hai1="109,54,23,21,4,85,27,81,59,78,25,55,73" hai2="70,76,0,86,41,72,19,132,113,94,46,61,58" hai3="103,92,131,5,62,106,6,79,45,77,123,1,60"/><V114/><F0/><W120/><G106/><T20/><D108/><U71/><E71/><V126/><F72/><W129/><G45/><T111/><D111/><U2/><E109/><V100/><F70/><W47/><G47/><T122/><D122/><U63/><E73/><V66/><F126/><W39/><G103/><T12/><D74/><U13/><E2/><V125/><F125/><W89/><G1/><T107/><D107/><U29/><E4/><V53/><F132/><W105/><G105/><T43/><D50/><U32/><E13/><V22/><F76/><W82/><G92/><T98/><D43/><U104/><E104/><V97/><F86/><W52/><G89/><T18/><D3/><U36/><E36/><V128/><F128/><W121/><G39/><T49/><D38/><U95/><E95/><V135/><F135/><W80/><REACH who="3" step="1"/><G123/><REACH who="3" ten="232,393,284,81" step="2"/><T101/><D37/><U44/><E44/><V112/><F46/><W35/><G35/><T48/><D101/><U24/><E32/><V16/><F41/><W118/><G118/><T15/><D33/><U9/><E78/><V115/><F115/><W40/><G40/><T57/><D34/><U130/><E130/><V31/><F53/><AGARI ba="0,1" hai="5,6,52,53,60,62,77,79,80,82,120,121,129,131" machi="53" ten="25,6400,0" yaku="1,1,22,2,54,1,53,0" doraHai="26" doraHaiUra="87" who="3" fromWho="2" sc="232,0,393,0,284,-64,81,74" /><INIT seed="7,0,0,0,0,8" ten="232,393,220,155" oya="3" hai0="56,128,72,49,104,70,19,31,94,57,62,114,93" hai1="77,79,122,58,61,3,87,110,44,38,99,107,124" hai2="92,69,85,59,132,29,117,48,106,12,111,129,37" hai3="102,45,105,103,83,40,42,78,35,67,123,133,2"/><W86/><G123/><T53/><D128/><U24/><E124/><V36/><F106/><W0/><G35/><T63/><D104/><U27/><E3/><V112/><F69/><W89/><G133/><T95/><D31/><U90/><E122/><V100/><F111/><W46/><G67/><T108/><D108/><U15/><E44/><V113/><F117/><W119/><G119/><T96/><D72/><U73/><E38/><V7/><F29/><W65/><G65/><T74/><D74/><U84/><E84/><V50/><F129/><W25/><G25/><T18/><D70/><U32/><E32/><V47/><F132/><W60/><G60/><N who="0" m="23083" /><D114/><N who="2" m="44138" /><F59/><N who="0" m="22602" /><D96/><U131/><E90/><N who="2" m="53327" /><F100/><N who="3" m="38443" /><G105/><T75/><D75/><U30/><E73/><V1/><F1/><W80/><G2/><T43/><D43/><N who="3" m="16425" /><G0/><T115/><D115/><U55/><E131/><V127/><F127/><W4/><G4/><T91/><D91/><U64/><E107/><V34/><F34/><W68/><G68/><T22/><D22/><U52/><E79/><V88/><F37/><W126/><G126/><T76/><D76/><U33/><E77/><V118/><F118/><W20/><G20/><T97/><D97/><U125/><E99/><V120/><F36/><W135/><G135/><T82/><D82/><U98/><E125/><V39/><F39/><W71/><G71/><T16/><D49/><N who="2" m="19050" /><F120/><W14/><G14/><T134/><D134/><U9/><E15/><V41/><F41/><W109/><G109/><T6/><D6/><U26/><E110/><V28/><F7/><W11/><G11/><T130/><D130/><RYUUKYOKU ba="0,0" sc="232,15,393,-15,220,-15,155,15" hai0="16,18,19,53,93,94,95" hai3="45,46,78,80,83,86,89" /><INIT seed="7,1,0,2,1,2" ten="247,378,205,170" oya="3" hai0="128,105,124,43,38,87,125,12,15,19,60,20,16" hai1="133,93,14,76,108,32,46,74,28,41,127,50,7" hai2="42,0,102,97,63,68,57,85,39,49,17,89,72" hai3="31,81,71,1,54,62,4,123,34,96,53,119,135"/><W99/><G119/><T84/><D105/><U45/><E108/><V80/><F0/><W48/><G123/><T78/><D128/><U91/><E133/><V103/><F72/><W35/><G135/><T55/><D78/><U24/><E127/><N who="0" m="48713" /><D43/><U25/><E25/><V120/><F120/><W11/><G81/><T104/><D38/><U129/><E46/><N who="2" m="25815" /><F39/><W113/><G113/><T94/><D104/><U66/><E66/><N who="2" m="39279" /><F68/><W114/><G114/><T73/><D73/><U65/><E65/><V90/><F17/><W88/><G31/><T10/><D94/><AGARI ba="1,0" hai="80,85,89,90,94,97,102,103" m="39279,25815" machi="94" ten="30,1000,0" yaku="8,1" doraHai="2" who="2" fromWho="0" sc="247,-13,378,0,205,13,170,0" owari="234,3.0,378,48.0,218,-18.0,170,-33.0" /></mjloggm>