<mjloggm ver="2.3"><GO type="41" lobby="0"/><UN n0="%E5%B0%B1%E6%B4%BB%E7%94%9F%40%E5%B7%9D%E6%9D%91%E8%BB%8D%E5%9B%A3" n1="%62%69%6F%6E%67%6D%61%62" n2="%69%6E%63%78" n3="%74%61%6B%61%79%79%79%79" dan="15,13,14,13" rate="1952.45,1892.15,1863.58,1863.54" sx="M,M,M,M"/><TAIKYOKU oya="0"/><INIT seed="0,0,0,4,3,133" ten="250,250,250,250" oya="0" hai0="92,6,70,25,16,116,75,86,68,45,66,59,114" hai1="84,13,94,41,99,112,9,52,67,107,101,5,53" hai2="30,3,56,135,10,29,37,108,89,77,15,60,44" hai3="74,40,85,102,54,14,93,18,28,111,117,119,39"/><T4/><D75/><U27/><E41/><V127/><F135/><W120/><G111/><T7/><D116/><U121/><E121/><V98/><F108/><W43/><G120/><T23/><D114/><U72/><E112/><V49/><F3/><W113/><G113/><T22/><D45/><U83/><E72/><V109/><F109/><W34/><G74/><T134/><D134/><U2/><E67/><V130/><F77/><W129/><G129/><T124/><D124/><U50/><E27/><V105/><F127/><W38/><G43/><T103/><D23/><U100/><E107/><V31/><F37/><W123/><G123/><T128/><D128/><U71/><E71/><V125/><F125/><W57/><G39/><T12/><D68/><U17/><E50/><V55/><F130/><W126/><G126/><T131/><D70/><U76/><REACH who="1" step="1"/><E101/><REACH who="1" ten="250,240,250,250" step="2"/><V96/><F105/><W48/><G102/><T73/><D131/><U11/><AGARI ba="0,1" hai="2,5,9,11,13,17,52,53,76,83,84,94,99,100" machi="11" ten="20,12000,2" yaku="1,1,2,1,0,1,7,1,54,1,53,1" doraHai="133" doraHaiUra="91" who="1" fromWho="1" sc="250,-60,240,130,250,-30,250,-30" /><INIT seed="1,0,0,2,1,100" ten="190,370,220,220" oya="1" hai0="105,115,12,108,75,65,43,3,5,35,9,1,119" hai1="50,67,129,63,19,62,124,134,111,59,28,106,90" hai2="125,51,20,18,24,88,60,118,122,92,8,39,110" hai3="87,48,46,29,112,32,49,74,130,81,44,102,11"/><U109/><E134/><V36/><F122/><W38/><G112/><T77/><D12/><U16/><E129/><V53/><F118/><W58/><G130/><T114/><D3/><U76/><E124/><V98/><F125/><W15/><G74/><T0/><D0/><U120/><E120/><V6/><F110/><N who="1" m="41993" /><E76/><V34/><F34/><W116/><G116/><T4/><D108/><U69/><E50/><V2/><REACH who="2" step="1"/><F60/><REACH who="2" ten="190,370,210,220" step="2"/><W78/><G32/><T117/><D119/><U54/><E28/><V123/><F123/><W121/><G29/><T104/><D35/><U82/><E106/><V70/><F70/><W52/><G121/><T61/><D117/><U47/><E47/><AGARI ba="0,1" hai="2,6,8,18,20,24,36,39,47,51,53,88,92,98" machi="47" ten="30,3900,0" yaku="1,1,7,1,54,1,53,0" doraHai="100" doraHaiUra="97" who="2" fromWho="1" sc="190,0,370,-39,210,49,220,0" /><INIT seed="2,0,0,0,2,78" ten="190,331,259,220" oya="2" hai0="23,26,112,107,19,110,37,44,81,33,85,3,48" hai1="46,63,108,54,98,69,95,61,49,15,102,91,6" hai2="51,35,74,12,0,55,70,14,124,71,113,58,104" hai3="21,89,39,20,10,1,65,131,53,40,50,120,36"/><V72/><F35/><W43/><G120/><T79/><D110/><U96/><E108/><V92/><F0/><W45/><G131/><T16/><D112/><U105/><REACH who="1" step="1"/><E69/><REACH who="1" ten="190,321,259,220" step="2"/><V76/><F113/><W66/><G1/><T57/><D3/><U8/><AGARI ba="0,1" hai="6,8,15,46,49,54,61,63,91,95,96,98,102,105" machi="8" ten="30,4000,0" yaku="1,1,2,1,0,1,53,0" doraHai="78" doraHaiUra="34" who="1" fromWho="1" sc="190,-10,321,50,259,-20,220,-10" /><INIT seed="3,0,0,2,3,127" ten="180,371,239,210" oya="3" hai0="85,18,69,37,131,12,6,122,27,98,83,13,129" hai1="24,9,116,134,120,67,82,5,45,99,10,93,0" hai2="41,104,55,22,33,75,130,59,74,17,34,84,115" hai3="53,78,123,64,46,81,65,31,111,39,119,114,16"/><W52/><G114/><T7/><D69/><U102/><E120/><V21/><F115/><W100/><G119/><T79/><D122/><U28/><E134/><V135/><F135/><W88/><G123/><T29/><D37/><U60/><E82/><V110/><F104/><W44/><G111/><T96/><D96/><U25/><E10/><V4/><F110/><W72/><G39/><T62/><D62/><U97/><E45/><N who="3" m="17514" /><G72/><T14/><D98/><U89/><E28/><V112/><F112/><W106/><G106/><T36/><D18/><U68/><REACH who="1" step="1"/><E116/><REACH who="1" ten="180,361,239,210" step="2"/><V2/><F34/><W38/><G31/><T47/><D7/><U86/><E86/><V113/><F33/><W23/><G38/><T19/><D6/><U94/><AGARI ba="0,1" hai="0,5,9,24,25,60,67,68,89,93,94,97,99,102" machi="94" ten="20,2700,0" yaku="1,1,0,1,7,1,53,0" doraHai="127" doraHaiUra="133" who="1" fromWho="1" sc="180,-7,361,37,239,-7,210,-13" /><INIT seed="4,0,0,3,3,100" ten="173,398,232,197" oya="0" hai0="45,42,95,117,4,46,23,77,131,53,104,134,48" hai1="43,25,60,94,31,65,19,51,120,41,86,44,80" hai2="22,85,93,81,1,58,126,30,115,66,121,29,63" hai3="56,116,5,47,127,38,87,24,71,16,33,50,52"/><T32/><D104/><U55/><E19/><V70/><F121/><W112/><G116/><T101/><D32/><U69/><E94/><V49/><F115/><W64/><G112/><T84/><D117/><U67/><E67/><V75/><F1/><W13/><G127/><T111/><D111/><U3/><E3/><V61/><F126/><W99/><G99/><N who="0" m="59647" /><D134/><U20/><REACH who="1" step="1"/><E120/><REACH who="1" ten="173,388,232,197" step="2"/><V40/><F66/><W91/><G64/><T125/><D125/><U39/><E39/><V26/><F93/><W72/><G38/><T129/><D4/><U74/><E74/><V7/><F75/><W10/><G72/><T122/><D122/><U59/><E59/><V73/><F70/><W128/><G71/><T11/><D131/><U78/><AGARI ba="0,1" hai="20,25,31,41,43,44,51,55,60,65,69,78,80,86" machi="78" ten="20,2700,0" yaku="1,1,0,1,7,1,53,0" doraHai="100" doraHaiUra="68" who="1" fromWho="1" sc="173,-13,388,37,232,-7,197,-7" /><INIT seed="5,0,0,0,0,105" ten="160,425,225,190" oya="1" hai0="49,79,5,31,102,96,61,98,73,118,83,133,38" hai1="107,129,41,50,62,112,18,77,67,94,93,72,125" hai2="32,100,17,134,48,8,19,89,16,131,124,110,115" hai3="64,55,54,119,108,24,97,15,56,74,9,46,57"/><U76/><E112/><V52/><F32/><W23/><G108/><T4/><D118/><U95/><E107/><V101/><F110/><W1/><G1/><T127/><D133/><U75/><E129/><V85/><F134/><W135/><G135/><T14/><D127/><U91/><E91/><V6/><F131/><W123/><G123/><T66/><D38/><U69/><E125/><V104/><F124/><W126/><G126/><T28/><D49/><U103/><E103/><V87/><F115/><W113/><G74/><T88/><D98/><U39/><E39/><V40/><F104/><W7/><G113/><T44/><D44/><U117/><E76/><V121/><F121/><W20/><G64/><T80/><D102/><N who="2" m="39530" /><F40/><W13/><G13/><T45/><D45/><U130/><E77/><V68/><F68/><W81/><G81/><T82/><D73/><U0/><E75/><V26/><F26/><W116/><G116/><T22/><D79/><U36/><E72/><V132/><F132/><W111/><G111/><T25/><D28/><U59/><E117/><V33/><F33/><W51/><G119/><T84/><D96/><U27/><E130/><V43/><F43/><N who="3" m="25055" /><G24/><T106/><D106/><U35/><E27/><V63/><F63/><N who="3" m="36247" /><G97/><T3/><D3/><U109/><E0/><V70/><F70/><W122/><G122/><T47/><D47/><U21/><E109/><V71/><F71/><W12/><G12/><T114/><D114/><U37/><E69/><V30/><F30/><W42/><G42/><T92/><D14/><U34/><E41/><V11/><F89/><RYUUKYOKU ba="0,0" sc="160,15,425,-15,225,-15,190,15" hai0="4,5,22,25,31,61,66,80,82,83,84,88,92" hai3="7,9,15,20,23,55,57" /><INIT seed="6,1,0,5,0,38" ten="175,410,210,205" oya="2" hai0="73,118,130,28,8,40,78,112,95,88,131,72,13" hai1="22,26,20,65,106,80,91,90,92,31,63,103,133" hai2="34,5,127,2,53,30,39,100,115,117,46,45,69" hai3="71,99,19,113,128,76,102,121,48,134,126,25,111"/><V32/><F117/><W132/><G48/><T107/><D107/><U68/><E106/><V35/><F69/><W129/><G19/><N who="0" m="8615" /><D28/><U67/><E103/><V7/><F127/><W123/><G25/><T75/><D118/><U60/><E80/><V86/><F115/><W0/><G0/><T61/><D61/><U33/><E91/><V29/><F100/><W64/><G111/><T27/><D27/><U15/><E15/><V56/><F2/><W62/><G76/><T54/><D54/><U110/><E110/><V94/><F39/><W12/><G12/><T93/><D112/><U49/><E49/><V97/><F97/><W17/><G17/><T66/><D66/><U51/><E51/><V52/><F86/><W109/><G109/><T14/><D14/><U6/><E6/><N who="2" m="2059" /><F94/><N who="3" m="58743" /><G126/><T37/><D78/><U55/><E133/><N who="3" m="51306" /><G113/><T1/><D1/><U59/><E67/><V57/><F30/><W74/><G74/><T85/><D95/><U98/><AGARI ba="1,0" hai="20,22,26,31,33,55,59,60,63,65,68,90,92,98" machi="98" ten="20,1500,0" yaku="0,1,7,1" doraHai="38" who="1" fromWho="1" sc="175,-5,410,18,210,-8,205,-5" /><INIT seed="7,0,0,4,5,112" ten="170,428,202,200" oya="3" hai0="15,8,61,86,117,101,106,27,121,53,107,122,119" hai1="103,10,2,31,104,79,5,60,125,20,41,100,131" hai2="12,71,99,130,22,70,73,4,42,75,11,16,55" hai3="68,105,49,24,90,23,37,120,54,13,80,3,50"/><W45/><G120/><T58/><D27/><U116/><E79/><V46/><F130/><W32/><G105/><T52/><D86/><U9/><E41/><V25/><F99/><W128/><G128/><T76/><D76/><U87/><E87/><V36/><REACH who="2" step="1"/><F55/><REACH who="2" ten="170,428,192,200" step="2"/><W56/><G54/><T7/><D53/><U78/><E131/><V44/><F44/><W43/><G45/><T94/><D94/><U129/><E129/><V124/><F124/><W77/><G43/><T98/><REACH who="0" step="1"/><D107/><REACH who="0" ten="160,428,192,200" step="2"/><U88/><E104/><V69/><AGARI ba="0,2" hai="4,11,12,16,22,25,36,42,46,69,70,71,73,75" machi="69" ten="30,12000,2" yaku="1,1,0,1,54,1,53,3" doraHai="112" doraHaiUra="67" who="2" fromWho="2" sc="160,-30,428,-30,192,140,200,-60" owari="130,-37.0,398,50.0,332,13.0,140,-26.0" /></mjloggm>