<mjloggm ver="2.3"><GO type="169" lobby="0"/><UN n0="%E5%A4%A9%E9%BC%93" n1="%E9%81%BF%E3%81%91%E3%82%8B%E3%83%81%E3%83%BC%E3%82%BA" n2="%E3%83%88%E3%83%88%E3%83%AA%E5%85%88%E7%94%9F%31%39%E6%AD%B3" n3="%E3%82%B5%E3%83%B3%E3%83%9E%E9%81%93%E6%A5%BD%E4%BB%A3%E8%A1%A8" dan="19,17,17,17" rate="2132.55,2155.39,2233.34,2200.43" sx="M,F,F,M"/><TAIKYOKU oya="0"/><INIT seed="0,0,0,1,2,31" ten="250,250,250,250" oya="0" hai0="105,104,65,78,123,103,59,44,60,25,114,135,54" hai1="93,101,71,107,127,112,115,68,111,82,88,99,22" hai2="64,69,6,30,41,100,35,121,56,77,51,57,72" hai3="129,109,26,37,38,36,108,14,75,134,97,3,10"/><T132/><D114/><N who="1" m="43563" /><E111/><N who="3" m="42570" /><G97/><T133/><D123/><U4/><E4/><V7/><F121/><W55/><G55/><T120/><D120/><U34/><E127/><V94/><F69/><W19/><G75/><T13/><D13/><U20/><E82/><V27/><F77/><W110/><G129/><T28/><D78/><U12/><E12/><V106/><F72/><W130/><G130/><T128/><D128/><U116/><E116/><V126/><F106/><W102/><G102/><T63/><D103/><U96/><E34/><V40/><F126/><W124/><G124/><T92/><D92/><U95/><E107/><V81/><F81/><W11/><G26/><T67/><D67/><U21/><AGARI ba="0,0" hai="20,21,22,68,71,88,93,95,96,99,101" m="43563" machi="21" ten="30,2000,0" yaku="11,1,54,1" doraHai="31" who="1" fromWho="1" sc="250,-10,250,20,250,-5,250,-5" /><INIT seed="1,0,0,3,0,69" ten="240,270,245,245" oya="1" hai0="77,26,106,75,112,100,19,105,62,126,3,72,7" hai1="63,122,98,37,99,133,123,118,16,17,88,34,95" hai2="60,40,94,71,130,78,58,56,8,67,64,45,76" hai3="52,41,49,55,20,125,74,15,47,12,14,36,32"/><U39/><E118/><V24/><F130/><W119/><G32/><T30/><D112/><U90/><E34/><V0/><F0/><W131/><G74/><T4/><D126/><U25/><E63/><V73/><F73/><W80/><G125/><T2/><D19/><U91/><E25/><V124/><F124/><W102/><G131/><T104/><D100/><U107/><E107/><V53/><F8/><W117/><G102/><T79/><D62/><U96/><E95/><V27/><F94/><W111/><G111/><T93/><D93/><U22/><E22/><V134/><F134/><W65/><G65/><T23/><D75/><U35/><E35/><V70/><F60/><W54/><G80/><T120/><D120/><N who="1" m="46123" /><E133/><V13/><F45/><W6/><G6/><T86/><D72/><U127/><E127/><V1/><F1/><W50/><REACH who="3" step="1"/><G20/><REACH who="3" ten="240,270,245,235" step="2"/><T121/><D121/><U82/><E82/><V87/><F67/><W83/><G83/><T18/><D7/><U128/><E128/><V113/><F64/><W132/><G132/><T29/><D4/><U31/><E31/><V21/><F21/><W135/><G135/><T5/><D5/><U92/><E92/><V44/><F70/><W114/><G114/><T89/><D2/><U97/><E97/><V59/><F71/><W11/><G11/><T42/><D3/><U28/><E28/><V48/><F113/><W46/><G46/><T68/><D30/><U38/><AGARI ba="0,1" hai="16,17,37,38,39,88,90,91,96,98,99" m="46123" machi="38" ten="50,24000,3" yaku="29,2,28,2,52,3,54,2" doraHai="69" who="1" fromWho="1" sc="240,-80,270,250,245,-80,235,-80" /><INIT seed="1,1,0,1,3,2" ten="160,520,165,155" oya="1" hai0="76,131,1,102,83,69,68,66,85,71,65,4,33" hai1="80,101,64,135,125,57,92,0,61,89,24,123,21" hai2="73,75,107,105,15,29,90,37,34,39,117,63,18" hai3="14,35,60,8,38,59,16,126,47,103,42,51,110"/><U74/><E123/><V115/><F117/><W98/><G110/><T77/><D33/><U45/><E135/><V130/><F130/><W81/><G126/><T114/><D131/><U72/><E0/><V48/><F115/><W78/><G35/><T30/><D30/><U49/><E125/><V22/><F48/><W133/><G133/><T82/><D114/><U113/><E113/><V121/><F121/><W17/><G38/><T9/><REACH who="0" step="1"/><D102/><REACH who="0" ten="150,520,165,155" step="2"/><U36/><E101/><V79/><F29/><W43/><G103/><T87/><AGARI ba="1,1" hai="1,4,9,65,66,68,69,71,76,77,82,83,85,87" machi="87" ten="30,8000,1" yaku="1,1,2,1,0,1,9,1,52,1,53,0" doraHai="2" doraHaiUra="104" who="0" fromWho="0" sc="150,93,520,-41,165,-21,155,-21" /><INIT seed="2,0,0,5,5,32" ten="243,479,144,134" oya="2" hai0="44,113,133,94,46,58,109,106,75,8,23,110,27" hai1="21,0,4,107,56,121,83,31,16,53,117,65,5" hai2="132,125,102,124,68,99,135,55,93,70,87,89,90" hai3="67,71,131,45,38,20,130,112,98,104,119,30,9"/><V76/><F55/><W43/><G20/><T103/><D113/><U18/><E107/><V120/><F68/><W25/><G9/><T28/><D106/><U128/><E65/><V122/><F76/><W126/><G112/><T47/><D75/><U57/><E83/><V2/><F90/><W82/><G82/><T59/><D133/><N who="2" m="51274" /><F70/><W14/><G14/><T88/><D8/><U51/><E117/><V26/><F26/><W69/><G119/><T118/><D103/><U101/><E101/><V100/><F100/><N who="3" m="62487" /><G126/><N who="2" m="48745" /><F2/><W116/><G116/><T74/><D74/><U66/><E0/><V52/><F52/><W91/><G91/><T3/><D3/><U92/><E53/><V111/><F111/><N who="0" m="42506" /><D118/><U36/><E66/><V39/><F39/><W79/><G79/><T64/><D64/><U48/><E36/><V61/><F61/><N who="3" m="40175" /><G71/><T86/><AGARI ba="0,0" hai="23,27,28,44,46,47,58,59,86,88,94" m="42506" machi="86" ten="30,2000,0" yaku="14,1,54,1" doraHai="32" who="0" fromWho="0" sc="243,20,479,-5,144,-10,134,-5" /><INIT seed="3,0,0,4,3,51" ten="263,474,134,129" oya="3" hai0="20,23,100,105,117,102,97,8,121,83,125,133,57" hai1="99,36,118,135,45,39,92,78,114,38,15,43,49" hai2="25,27,5,89,75,26,2,62,123,115,33,3,76" hai3="122,9,52,124,77,127,67,17,42,86,35,58,46"/><W71/><G35/><T108/><D121/><U84/><E114/><V48/><F115/><W12/><G122/><T109/><D117/><U129/><E129/><V126/><F123/><W54/><G71/><T55/><D133/><U18/><E135/><V112/><F112/><W98/><G98/><T111/><D125/><N who="3" m="48201" /><G67/><T50/><D102/><U13/><E118/><V28/><F126/><W37/><G58/><T119/><D119/><U10/><E78/><V73/><F62/><W29/><G29/><T14/><D83/><AGARI ba="0,0" hai="9,12,17,37,42,46,52,54,77,83,86" m="48201" machi="83" ten="30,11600,0" yaku="18,1,52,2,54,1" doraHai="51" who="3" fromWho="0" sc="263,-116,474,0,134,0,129,116" /><INIT seed="3,1,0,0,1,32" ten="147,474,134,245" oya="3" hai0="125,50,60,16,106,37,107,79,40,54,23,108,89" hai1="70,96,58,101,8,131,20,104,85,117,11,99,26" hai2="9,92,88,105,49,95,110,18,111,113,64,52,78" hai3="66,53,65,133,100,24,61,48,67,39,76,22,86"/><W98/><G39/><T87/><D37/><U109/><E70/><V97/><F113/><W42/><G42/><T124/><D79/><U33/><E33/><V10/><F105/><W77/><G86/><T129/><D60/><U81/><E109/><N who="2" m="41483" /><F64/><W73/><G73/><T36/><D36/><U41/><E41/><V93/><F78/><W17/><G133/><T80/><D40/><U128/><E117/><V55/><F55/><W31/><G61/><T46/><D129/><N who="1" m="49739" /><E58/><V35/><F35/><W135/><G31/><T57/><D57/><U121/><E99/><N who="2" m="57735" /><F18/><W45/><REACH who="3" step="1"/><G135/><REACH who="3" ten="147,474,134,235" step="2"/><T72/><D108/><U123/><E123/><V13/><F49/><W6/><G6/><T30/><D30/><N who="1" m="17735" /><E121/><V14/><F52/><W27/><G27/><N who="0" m="14823" /><D72/><U3/><E85/><V56/><F97/><W119/><G119/><T7/><D7/><U62/><E81/><V94/><F13/><W21/><G21/><T118/><D118/><U74/><E62/><V120/><F120/><W83/><G83/><T19/><D19/><U82/><E82/><V44/><F14/><W84/><G84/><T90/><D87/><U59/><E74/><V112/><F112/><W15/><G15/><T134/><D134/><U63/><E63/><V68/><F68/><W4/><G4/><T0/><D80/><U47/><E96/><V12/><F12/><W2/><G2/><T126/><D0/><U122/><E3/><V130/><F130/><W127/><G127/><T43/><D43/><U5/><E5/><V132/><F132/><W114/><G114/><T91/><AGARI ba="1,1" hai="46,50,54,89,90,91,106,107,124,125,126" m="14823" machi="91" ten="40,2700,0" yaku="18,1,54,1" doraHai="32" who="0" fromWho="0" sc="147,40,474,-8,134,-8,235,-14" /><INIT seed="4,0,0,0,0,3" ten="187,466,126,221" oya="0" hai0="19,27,107,40,75,103,84,74,0,112,31,77,51" hai1="24,13,53,113,23,109,82,114,86,133,69,126,122" hai2="48,10,4,132,88,87,65,100,28,89,55,62,68" hai3="26,123,9,101,59,111,49,135,129,120,41,35,76"/><T79/><D112/><N who="1" m="43115" /><E69/><V92/><F132/><W128/><G101/><T39/><D39/><U29/><E122/><N who="3" m="46634" /><G76/><T85/><D0/><U6/><E133/><V70/><F70/><W121/><N who="3" m="46642" /><W60/><DORA hai="12" /><G111/><T44/><D77/><N who="1" m="46415" /><E53/><V15/><F28/><N who="3" m="19863" /><G9/><T14/><D103/><U102/><E102/><V7/><F89/><W130/><G135/><T50/><D50/><U131/><E131/><V71/><F71/><W116/><G116/><T96/><D96/><U94/><E94/><V97/><F15/><W33/><G33/><T90/><D107/><U58/><E109/><V115/><F10/><W34/><G34/><T119/><D119/><U21/><E21/><V118/><F118/><W99/><G99/><T64/><D85/><U42/><E13/><V80/><REACH who="2" step="1"/><F115/><REACH who="2" ten="187,466,116,221" step="2"/><W38/><G130/><T56/><D90/><U2/><E2/><V106/><F106/><W61/><G129/><T108/><D108/><U67/><E24/><V66/><F66/><W36/><G128/><T11/><D79/><U20/><E67/><V22/><F22/><W16/><G38/><T18/><D31/><U1/><E29/><V95/><F95/><W93/><G36/><T17/><D27/><U45/><E23/><V110/><F110/><W32/><G93/><T30/><D30/><U127/><E20/><V81/><F81/><W8/><G32/><T47/><D64/><U52/><E1/><V73/><F73/><W125/><G8/><T104/><D75/><U83/><E83/><V46/><AGARI ba="0,1" hai="4,7,46,48,55,62,65,68,80,87,88,92,97,100" machi="46" ten="20,12000,2" yaku="1,1,0,1,7,1,52,2,54,1,53,1" doraHai="3,12" doraHaiUra="134,57" who="2" fromWho="2" sc="187,-60,466,-30,116,130,221,-30" /><INIT seed="5,0,0,1,1,122" ten="127,436,246,191" oya="1" hai0="51,65,62,128,35,56,11,106,120,74,67,24,58" hai1="91,66,117,27,85,32,3,94,115,25,95,123,15" hai2="76,101,20,22,102,12,125,4,44,9,121,10,79" hai3="6,72,33,26,1,17,57,0,39,49,13,60,38"/><U29/><E3/><V75/><F121/><W30/><G72/><T64/><D120/><U36/><E123/><V87/><F75/><W63/><G60/><T59/><D106/><U109/><E36/><V37/><F125/><W129/><G129/><T112/><D128/><U46/><E117/><V100/><F37/><W61/><G61/><T81/><D112/><U132/><E115/><V78/><F44/><W55/><G49/><T80/><D62/><U7/><E132/><V40/><F40/><W108/><G1/><T45/><D74/><U84/><E46/><V103/><N who="2" m="25600" /><DORA hai="124" /><V16/><REACH who="2" step="1"/><F87/><REACH who="2" ten="127,436,236,191" step="2"/><W18/><G39/><T92/><D92/><U68/><E85/><V97/><F97/><W71/><G38/><T48/><D80/><U5/><E94/><V118/><F118/><W83/><G83/><T23/><D81/><U2/><E95/><V114/><F114/><W69/><G69/><T134/><D134/><U77/><E84/><V88/><F88/><W47/><G47/><T107/><D107/><U130/><E91/><V54/><F54/><W131/><G71/><T52/><D35/><U104/><E130/><V42/><F42/><W31/><G55/><T116/><D116/><U21/><E104/><V90/><F90/><W8/><G33/><T28/><REACH who="0" step="1"/><D11/><REACH who="0" ten="117,436,236,191" step="2"/><U19/><E32/><V82/><F82/><W126/><G8/><T111/><D111/><U73/><E109/><V50/><F50/><AGARI ba="0,2" hai="23,24,28,45,48,50,51,52,56,58,59,64,65,67" machi="50" ten="40,12000,2" yaku="1,1,8,1,54,1,53,3" doraHai="122,124" doraHaiUra="113,53" who="0" fromWho="2" sc="117,140,436,0,236,-120,191,0" /><INIT seed="6,0,0,0,4,71" ten="257,436,116,191" oya="2" hai0="66,69,49,17,54,9,64,78,11,73,42,33,104" hai1="81,61,91,89,114,99,75,19,29,127,41,34,77" hai2="63,58,20,110,70,45,123,128,40,79,50,8,65" hai3="39,131,76,37,4,112,115,130,125,47,135,109,74"/><V80/><F123/><W25/><G25/><T93/><D104/><U108/><E108/><V120/><F120/><W57/><G109/><T51/><D33/><U0/><E0/><V59/><F110/><W31/><G31/><T118/><D42/><U55/><E114/><N who="3" m="43562" /><G47/><T44/><D51/><U26/><E127/><V43/><F128/><N who="3" m="49195" /><G57/><T2/><D69/><U116/><E116/><V14/><F20/><W133/><G4/><T15/><D118/><U53/><E41/><V1/><F1/><W5/><G5/><T56/><D44/><U36/><E36/><N who="3" m="13898" /><G125/><T129/><D129/><U132/><E19/><V48/><F48/><W32/><G32/><T134/><D49/><U72/><E61/><V18/><REACH who="2" step="1"/><F43/><REACH who="2" ten="257,436,106,191" step="2"/><W100/><G100/><T3/><D3/><U111/><E111/><V62/><F62/><W7/><G7/><T16/><D2/><U86/><E34/><V121/><F121/><W27/><G27/><T6/><D6/><U94/><E26/><V83/><F83/><AGARI ba="0,1" hai="74,76,83,133,135" m="13898,49195,43562" machi="83" ten="40,12000,2" yaku="15,1,11,1,19,1,23,1,52,3" doraHai="71" who="3" fromWho="2" sc="257,0,436,0,106,-120,191,130" owari="257,-14.0,436,53.0,-14,-51.0,321,12.0" /></mjloggm>