<mjloggm ver="2.3"><GO type="169" lobby="0"/><UN n0="%E5%B0%B1%E6%B4%BB%E7%94%9F%40%E5%B7%9D%E6%9D%91%E8%BB%8D%E5%9B%A3" n1="%E7%B4%85%E3%81%84%E7%9E%B3%E3%81%AE%E6%AD%A6%E4%B8%B8" n2="%54%2E%54%2E%38" n3="%E4%B8%AD%E6%9D%91%E8%B1%AA" dan="17,17,16,17" rate="2161.96,2197.67,2107.44,2153.99" sx="M,M,M,M"/><TAIKYOKU oya="0"/><INIT seed="0,0,0,1,3,105" ten="250,250,250,250" oya="0" hai0="113,103,50,13,130,96,101,16,64,36,134,54,43" hai1="91,48,110,15,28,63,99,12,76,6,100,85,112" hai2="74,32,95,82,66,86,124,37,107,121,41,27,120" hai3="83,2,88,40,111,10,34,75,0,20,70,17,46"/><T92/><D113/><U117/><E117/><V56/><F107/><W127/><G70/><T44/><D130/><U1/><E112/><V35/><F124/><W19/><G34/><T8/><D134/><U128/><E128/><V22/><F35/><W108/><G127/><T7/><D64/><U52/><E76/><V53/><F32/><W133/><G133/><T29/><D29/><U58/><E28/><V24/><F66/><W97/><G17/><T123/><D123/><U104/><E110/><N who="3" m="42026" /><G10/><T59/><REACH who="0" step="1"/><D7/><REACH who="0" ten="240,250,250,250" step="2"/><U106/><E6/><V98/><F121/><W55/><G19/><T9/><D9/><U18/><E1/><V135/><F120/><W65/><G2/><T115/><D115/><U23/><E106/><V57/><F135/><W3/><G0/><T125/><D125/><U4/><E4/><V93/><F37/><W131/><G3/><T21/><D21/><U25/><REACH who="1" step="1"/><E63/><REACH who="1" ten="240,240,250,250" step="2"/><V33/><F33/><W14/><G131/><T81/><D81/><AGARI ba="0,2" hai="12,15,18,23,25,48,52,58,81,85,91,99,100,104" machi="81" ten="30,7700,0" yaku="1,1,2,1,7,1,54,1,53,0" doraHai="105" doraHaiUra="60" who="1" fromWho="0" sc="240,-77,240,97,250,0,250,0" /><INIT seed="1,0,0,5,4,84" ten="163,337,250,250" oya="1" hai0="48,20,25,101,27,5,6,79,116,38,19,61,110" hai1="54,100,26,32,17,30,114,95,50,4,47,131,86" hai2="90,75,81,28,55,129,29,123,0,72,122,37,2" hai3="35,68,8,118,21,73,34,78,104,42,85,83,127"/><U117/><E114/><V49/><F37/><W59/><G68/><T115/><D38/><U63/><E117/><V91/><F81/><W15/><G104/><T67/><D115/><U130/><E4/><V57/><F57/><W88/><G127/><T80/><D116/><U87/><E63/><V58/><F58/><W44/><G21/><T82/><D110/><U18/><E87/><V24/><F24/><W10/><G59/><T135/><D135/><U124/><E124/><V33/><F33/><W70/><G70/><T13/><D101/><U134/><E134/><V74/><F55/><W121/><G121/><N who="2" m="46089" /><F49/><W3/><G3/><N who="2" m="1065" /><F129/><N who="1" m="49161" /><E100/><V52/><F52/><W119/><G119/><T133/><D133/><U126/><E126/><V132/><F132/><W11/><G15/><T43/><D61/><U1/><E1/><V125/><F125/><W46/><G118/><T96/><D67/><U107/><E107/><V9/><F9/><W23/><G23/><T120/><D120/><U56/><E56/><V12/><F12/><W16/><G35/><T105/><D105/><U51/><E50/><V108/><F108/><W62/><G34/><T109/><D109/><U102/><E102/><V65/><F65/><W40/><G62/><T128/><D48/><U89/><AGARI ba="0,0" hai="17,18,26,30,32,47,51,54,86,89,95" m="49161" machi="89" ten="30,3000,0" yaku="19,1,52,1" doraHai="84" who="1" fromWho="1" sc="163,-10,337,30,250,-10,250,-10" /><INIT seed="1,1,0,3,1,49" ten="153,367,240,240" oya="1" hai0="75,61,130,32,18,109,17,110,59,62,11,114,21" hai1="117,107,97,56,98,3,14,101,55,111,69,19,60" hai2="51,57,71,96,70,119,44,122,50,88,42,7,89" hai3="127,39,86,100,73,129,113,37,28,46,43,84,128"/><U23/><E3/><V121/><F7/><W58/><G73/><T27/><D75/><U36/><E117/><V24/><F24/><W26/><G113/><T99/><D114/><U10/><E36/><V66/><F96/><W95/><G39/><T47/><D130/><N who="3" m="50281" /><G127/><T135/><D135/><U72/><E72/><V64/><F57/><W54/><G95/><T105/><D32/><U4/><E111/><V20/><F20/><N who="3" m="15431" /><G100/><T77/><D77/><U102/><E69/><V80/><F80/><W91/><G91/><T112/><D112/><U1/><E98/><V79/><F79/><W2/><G2/><T8/><D47/><U94/><REACH who="1" step="1"/><E102/><REACH who="1" ten="153,357,240,240" step="2"/><V92/><F119/><W93/><G93/><AGARI ba="1,1" hai="1,4,10,14,19,23,55,56,60,93,94,97,101,107" machi="93" ten="40,7700,0" yaku="1,1,2,1,52,1,53,0" doraHai="49" doraHaiUra="118" who="1" fromWho="3" sc="153,0,357,90,240,0,240,-80" /><INIT seed="1,2,0,4,0,61" ten="153,447,240,160" oya="1" hai0="74,50,59,58,96,121,32,37,105,24,35,9,29" hai1="124,88,14,34,18,81,100,43,4,126,45,60,33" hai2="101,39,8,42,40,108,44,49,68,127,111,19,67" hai3="133,75,97,90,30,20,1,86,25,99,134,11,71"/><U66/><E100/><V132/><F101/><W3/><G75/><T28/><D74/><U125/><E4/><V52/><F19/><W65/><G97/><T16/><D37/><U51/><E81/><V27/><F8/><W85/><G99/><T12/><D121/><U53/><E43/><V102/><F27/><W109/><G109/><N who="2" m="42057" /><F102/><W48/><G48/><T5/><D105/><U104/><E104/><V69/><F132/><N who="3" m="50795" /><G11/><T94/><D50/><U78/><E78/><V64/><F127/><W106/><G106/><T107/><D107/><U62/><E88/><V73/><F73/><W77/><G77/><T92/><D5/><U2/><E2/><N who="3" m="522" /><G90/><T72/><D72/><U17/><E60/><AGARI ba="2,0" hai="20,25,30,60,65,71,85,86" m="522,50795" machi="60" ten="30,2000,0" yaku="20,1,52,1" doraHai="61" who="3" fromWho="1" sc="153,0,447,-26,240,0,160,26" /><INIT seed="2,0,0,0,3,40" ten="153,421,240,186" oya="2" hai0="94,2,109,115,132,89,97,0,46,4,37,72,128" hai1="67,35,63,54,3,1,21,56,100,66,130,92,86" hai2="98,131,84,18,113,134,25,107,96,78,16,88,103" hai3="74,76,135,102,8,31,13,38,7,28,69,58,101"/><V59/><F113/><W111/><G69/><T45/><D72/><U80/><E35/><V39/><F39/><W27/><G111/><T124/><D115/><U29/><E130/><V44/><F131/><W24/><G135/><T75/><D128/><U95/><E3/><V87/><F134/><W118/><G118/><T6/><D75/><U64/><E1/><V32/><F59/><W82/><G38/><T83/><D37/><U60/><E60/><V91/><F32/><W17/><G58/><T49/><D132/><U93/><E100/><V106/><F25/><W126/><G126/><T108/><D124/><U22/><REACH who="1" step="1"/><E29/><REACH who="1" ten="153,411,240,186" step="2"/><V77/><REACH who="2" step="1"/><F103/><REACH who="2" ten="153,411,230,186" step="2"/><W52/><G102/><T85/><D2/><U47/><E47/><AGARI ba="0,2" hai="16,18,44,47,77,78,84,87,88,91,96,98,106,107" machi="47" ten="25,24000,3" yaku="1,1,2,1,22,2,52,2,54,2,53,2" doraHai="40" doraHaiUra="15" who="2" fromWho="1" sc="153,0,411,-240,230,260,186,0" /><INIT seed="2,1,0,3,5,13" ten="153,171,490,186" oya="2" hai0="74,53,55,24,133,95,69,27,113,37,52,134,62" hai1="34,3,6,47,66,119,31,111,10,101,121,112,83" hai2="77,109,131,116,100,14,82,33,87,40,86,46,48" hai3="0,29,106,68,49,26,118,85,92,105,81,90,4"/><V16/><F33/><W91/><G68/><T120/><D74/><U64/><E112/><V35/><F35/><W25/><G118/><T39/><D120/><U129/><E119/><V103/><F116/><W71/><G71/><T45/><D113/><U36/><E121/><V93/><F131/><W135/><G135/><N who="0" m="51723" /><D95/><U127/><E129/><V9/><F109/><W19/><G49/><T42/><D39/><U12/><E111/><V130/><F130/><W72/><G72/><T18/><D18/><U32/><E127/><V89/><AGARI ba="1,0" hai="9,14,16,40,46,48,77,82,86,87,89,93,100,103" machi="89" ten="30,11700,0" yaku="0,1,8,1,52,1,54,1" doraHai="13" who="2" fromWho="2" sc="153,-40,171,-40,490,120,186,-40" /><INIT seed="2,2,0,2,4,80" ten="113,131,610,146" oya="2" hai0="45,134,95,50,101,99,10,89,46,28,70,31,85" hai1="69,88,77,120,24,48,55,18,98,21,109,26,124" hai2="58,119,16,53,83,9,75,35,90,49,15,106,72" hai3="126,43,121,67,11,22,76,13,40,92,54,59,110"/><V107/><F35/><W104/><G104/><T122/><D70/><U27/><E109/><V57/><F119/><W113/><G121/><T108/><D122/><U68/><E120/><V61/><F107/><W60/><G126/><T73/><D73/><U116/><E116/><V132/><F106/><W36/><G110/><T12/><D108/><U44/><E124/><V2/><F2/><W128/><G128/><T105/><D134/><U78/><E69/><V131/><F131/><W0/><G36/><T64/><D64/><U130/><E68/><V62/><F132/><W94/><G0/><T86/><D46/><U118/><E118/><V111/><F111/><W81/><G22/><T8/><D8/><U7/><E7/><V103/><F103/><W91/><G54/><T97/><D31/><U114/><E114/><V79/><F75/><W39/><G113/><T93/><D28/><U102/><E102/><V127/><F127/><W52/><G67/><T56/><D56/><U33/><E33/><V87/><F58/><W5/><G39/><T51/><D51/><U65/><E65/><V129/><F129/><W41/><REACH who="3" step="1"/><G91/><REACH who="3" ten="113,131,610,136" step="2"/><T25/><D105/><U34/><E130/><V71/><F71/><W115/><G115/><T82/><D82/><AGARI ba="2,1" hai="9,15,16,49,53,57,61,62,72,79,82,83,87,90" machi="82" ten="30,5800,0" yaku="7,1,52,1,54,1" doraHai="80" who="2" fromWho="0" sc="113,-64,131,0,610,74,136,0" /><INIT seed="2,3,0,2,2,67" ten="49,131,684,136" oya="2" hai0="87,59,89,79,33,101,46,119,80,83,97,19,116" hai1="44,21,134,103,57,132,9,30,126,127,39,106,100" hai2="55,120,29,36,18,91,27,104,2,129,96,105,107" hai3="32,77,25,31,61,54,112,125,135,47,50,62,40"/><V23/><F36/><W111/><G111/><T113/><D33/><U117/><E117/><N who="0" m="45129" /><D46/><U66/><E106/><V109/><F120/><W75/><G135/><N who="1" m="51754" /><E9/><V53/><F129/><W118/><G118/><T123/><D59/><U63/><E30/><V43/><F2/><W34/><G125/><N who="1" m="47626" /><E21/><V86/><F43/><AGARI ba="3,0" hai="39,43,44,57,63,66,100,103" m="47626,51754" machi="43" ten="30,2000,0" yaku="20,1,18,1" doraHai="67" who="1" fromWho="2" sc="49,0,131,29,684,-29,136,0" /><INIT seed="3,0,0,2,2,51" ten="49,160,655,136" oya="3" hai0="48,1,25,71,106,116,123,122,14,42,121,130,134" hai1="97,37,54,30,17,40,26,90,78,115,128,107,95" hai2="113,19,21,125,59,18,94,127,36,129,135,3,29" hai3="111,84,11,27,83,55,117,64,12,23,132,119,89"/><W65/><G132/><T133/><D1/><U60/><E115/><V53/><F36/><W66/><G111/><T46/><D106/><U49/><E107/><V81/><F113/><W108/><G108/><T22/><D116/><U68/><E128/><V69/><F3/><W24/><G117/><T99/><D130/><U31/><E78/><V57/><F69/><W28/><G119/><T44/><D71/><U33/><E30/><V82/><F129/><W47/><G27/><T7/><D99/><U35/><E33/><V45/><F94/><W70/><G70/><T62/><D62/><U104/><E104/><V112/><F112/><W52/><G47/><T0/><D0/><U2/><E2/><V13/><F135/><W10/><G10/><T76/><D76/><U38/><E40/><V101/><F101/><W9/><G9/><T72/><D72/><U100/><E100/><V32/><F32/><W39/><G39/><T67/><D67/><U102/><E90/><V77/><F77/><W80/><G83/><T120/><N who="0" m="31232" /><DORA hai="20" /><T15/><D46/><U124/><E124/><V91/><F127/><W103/><G103/><T34/><D34/><U5/><E5/><AGARI ba="0,0" hai="5,11,12,23,24,28,52,55,64,65,66,80,84,89" machi="5" ten="40,12000,1" yaku="8,1,52,3,54,1" doraHai="51,20" who="3" fromWho="1" sc="49,0,160,-120,655,0,136,120" /><INIT seed="3,1,0,4,1,51" ten="49,40,655,256" oya="3" hai0="122,53,85,27,49,11,131,67,87,121,18,125,12" hai1="97,110,50,106,103,108,33,31,69,47,119,115,40" hai2="127,102,90,126,29,113,86,111,8,26,17,99,133" hai3="39,15,14,54,98,19,76,57,58,59,128,34,6"/><W22/><G34/><T83/><D125/><U74/><E115/><V41/><F41/><W55/><G39/><T13/><D131/><U75/><E69/><V129/><F113/><W46/><G128/><T9/><D67/><U72/><E119/><V93/><F129/><W94/><G76/><T36/><D36/><U132/><E132/><V16/><F133/><W63/><G46/><T21/><D85/><U30/><REACH who="1" step="1"/><E33/><REACH who="1" ten="49,30,655,256" step="2"/><V20/><F111/><AGARI ba="1,1" hai="30,31,40,47,50,72,74,75,97,103,106,108,110,111" machi="111" ten="50,6400,0" yaku="1,1,2,1,14,1,53,0" doraHai="51" doraHaiUra="114" who="1" fromWho="2" sc="49,0,30,77,655,-67,256,0" /><INIT seed="4,0,0,0,4,57" ten="49,107,588,256" oya="0" hai0="37,111,39,26,4,133,6,13,21,19,27,114,123" hai1="117,127,54,119,16,91,85,35,29,30,9,66,33" hai2="80,129,96,58,40,50,130,105,121,94,100,5,15" hai3="25,77,84,82,74,53,101,47,78,113,42,97,98"/><T36/><D123/><U12/><E66/><V10/><F121/><W45/><G113/><T99/><D114/><U34/><E54/><N who="2" m="32087" /><F80/><W122/><G122/><T102/><D111/><U135/><E85/><V79/><F79/><W116/><G116/><N who="1" m="44618" /><E91/><V95/><F40/><W3/><G3/><T63/><D133/><U14/><E135/><V88/><F88/><W69/><G69/><T76/><D76/><U108/><E108/><V60/><F60/><W44/><G42/><T8/><D63/><U7/><E127/><V124/><F124/><W11/><G11/><AGARI ba="0,0" hai="7,9,11,12,14,16,29,30,33,34,35" m="44618" machi="11" ten="40,5200,0" yaku="34,2,54,1" doraHai="57" who="1" fromWho="3" sc="49,0,107,52,588,0,256,-52" /><INIT seed="5,0,0,2,4,57" ten="49,159,588,204" oya="1" hai0="103,34,102,45,60,9,37,101,81,63,85,36,13" hai1="117,91,54,129,93,5,22,88,35,39,116,135,77" hai2="106,74,40,65,53,99,90,14,21,70,100,131,8" hai3="125,118,124,52,12,28,80,47,107,87,111,18,6"/><U64/><E35/><V38/><F74/><W115/><G107/><T133/><D34/><U76/><E39/><V94/><F131/><W89/><G111/><T127/><D127/><N who="3" m="48713" /><G115/><T122/><D122/><U20/><E129/><V78/><F78/><W98/><G28/><T24/><D133/><U108/><E135/><V83/><F65/><W69/><G69/><T128/><D128/><U50/><E108/><V31/><F70/><W0/><G98/><T104/><D104/><U29/><E5/><V51/><F40/><W95/><G6/><T48/><D36/><U1/><E1/><V82/><F38/><W16/><G0/><T110/><D24/><N who="1" m="16519" /><E116/><V92/><F106/><W56/><G47/><T105/><D37/><U11/><E11/><V42/><F42/><W71/><G71/><T134/><D105/><U113/><E113/><V23/><F31/><W15/><G95/><T26/><D26/><U43/><E117/><V44/><F23/><W4/><G118/><T25/><D25/><U130/><E43/><V126/><F21/><W32/><G32/><T75/><D75/><U17/><E64/><V2/><F2/><W120/><G120/><T97/><D97/><N who="1" m="57511" /><E91/><V27/><F126/><W119/><G119/><T30/><D30/><U66/><E66/><V84/><F27/><W10/><G15/><T19/><D110/><U72/><E130/><V41/><F41/><W132/><G132/><T123/><D123/><U7/><E7/><AGARI ba="0,0" hai="7,8,14,44,51,53,82,83,84,90,92,94,99,100" machi="7" ten="30,2000,0" yaku="7,1,8,1" doraHai="57" who="2" fromWho="1" sc="49,0,159,-20,588,20,204,0" /><INIT seed="6,0,0,3,5,18" ten="49,139,608,204" oya="2" hai0="26,123,108,45,103,3,35,17,12,41,51,46,91" hai1="79,85,55,15,118,56,94,36,0,65,32,119,104" hai2="5,66,9,23,135,89,127,95,6,70,69,68,24" hai3="31,1,25,93,90,126,53,120,27,39,59,131,102"/><V62/><F127/><W74/><G74/><T96/><D3/><U115/><E0/><V130/><F135/><W100/><G39/><T98/><D108/><U64/><E104/><V78/><F130/><W110/><G131/><T54/><D123/><U105/><E105/><V33/><F78/><W82/><G82/><T21/><D35/><U75/><E36/><V4/><F33/><W106/><G106/><T22/><D91/><U52/><E32/><V50/><F50/><W124/><G1/><T14/><D14/><U71/><E75/><V113/><F113/><W20/><G25/><T116/><D116/><U2/><E2/><V29/><REACH who="2" step="1"/><F9/><REACH who="2" ten="49,139,598,204" step="2"/><W73/><G124/><T34/><D34/><U88/><E79/><V128/><F128/><W111/><G126/><T30/><REACH who="0" step="1"/><D103/><REACH who="0" ten="39,139,598,204" step="2"/><U11/><E118/><V47/><F47/><W122/><G102/><T37/><AGARI ba="0,2" hai="12,17,21,22,26,30,37,41,45,46,51,54,96,98" machi="37" ten="20,12000,2" yaku="1,1,2,1,0,1,7,1,52,2,53,1" doraHai="18" doraHaiUra="48" who="0" fromWho="0" sc="39,140,139,-30,598,-60,204,-30" /><INIT seed="7,0,0,4,3,42" ten="179,109,538,174" oya="3" hai0="125,57,94,91,97,26,56,121,85,38,25,40,24" hai1="88,76,44,10,96,21,87,81,14,3,78,117,101" hai2="120,6,79,102,99,77,71,50,22,98,65,69,89" hai3="132,5,12,128,11,92,93,118,34,112,123,19,7"/><W47/><G118/><T27/><D121/><U135/><E135/><V17/><F6/><N who="3" m="2059" /><G34/><T115/><D125/><U37/><E117/><V106/><F120/><W64/><G123/><T61/><D115/><U31/><E3/><V133/><F133/><W131/><G132/><T62/><D27/><U45/><E37/><V46/><F71/><W130/><G112/><T73/><D73/><U59/><E59/><N who="0" m="22601" /><D40/><U90/><E10/><V35/><F35/><W36/><G64/><T41/><D41/><AGARI ba="0,0" hai="11,12,19,36,41,47,92,93,128,130,131" m="2059" machi="41" ten="40,3900,0" yaku="19,1,52,1" doraHai="42" who="3" fromWho="0" sc="179,-39,109,0,538,0,174,39" /><INIT seed="7,1,0,5,1,19" ten="140,109,538,213" oya="3" hai0="7,79,85,87,91,96,35,54,73,108,115,63,52" hai1="117,44,132,98,93,129,112,14,80,15,53,51,47" hai2="75,127,95,42,70,45,49,126,100,50,65,34,124" hai3="92,84,72,40,24,3,67,64,5,18,30,120,1"/><W134/><G18/><T61/><D35/><U94/><E112/><V104/><F34/><W29/><G67/><T109/><D73/><U128/><E132/><V62/><F75/><W66/><G84/><N who="0" m="32331" /><D115/><U21/><E80/><V119/><F119/><W23/><G92/><N who="0" m="56351" /><D109/><U26/><E117/><V110/><F110/><W123/><G64/><T13/><D79/><U43/><E94/><V81/><F81/><W107/><G5/><T48/><D108/><U88/><E128/><V68/><F104/><W16/><G40/><T59/><D54/><U99/><E98/><N who="2" m="59487" /><F70/><W9/><G66/><T27/><D27/><U130/><E130/><V77/><F77/><W82/><G72/><T86/><D86/><U31/><E129/><V36/><AGARI ba="1,0" hai="36,42,45,49,50,62,65,68,124,126,127" m="59487" machi="36" ten="30,1100,0" yaku="18,1" doraHai="19" who="2" fromWho="2" sc="140,-4,109,-4,538,14,213,-6" owari="136,-26.0,105,-39.0,552,64.0,207,1.0" /></mjloggm>