<mjloggm ver="2.3"><GO type="41" lobby="0"/><UN n0="%E5%B0%B1%E6%B4%BB%E7%94%9F%40%E5%B7%9D%E6%9D%91%E8%BB%8D%E5%9B%A3" n1="%46%2D%53%75%6D%6D%65%72" n2="%65%68%65" n3="%6D%64%6E%6B" dan="15,15,13,14" rate="2040.23,1960.25,1871.57,1935.17" sx="M,M,M,M"/><TAIKYOKU oya="0"/><INIT seed="0,0,0,0,2,6" ten="250,250,250,250" oya="0" hai0="75,21,65,1,37,4,27,89,16,15,70,56,66" hai1="49,13,42,41,68,85,124,105,12,79,71,5,116" hai2="67,119,2,59,73,129,103,23,126,131,135,133,62" hai3="64,130,110,134,99,113,31,22,9,25,55,19,86"/><T121/><D121/><U111/><E105/><V52/><F2/><W14/><G113/><T72/><D70/><U30/><E116/><V90/><F73/><W51/><G134/><N who="2" m="51209" /><F103/><W106/><G110/><T132/><D37/><U45/><E30/><V108/><F90/><W118/><G118/><T78/><D1/><U104/><E104/><V83/><F83/><W117/><G117/><T18/><D132/><U63/><E13/><V101/><F101/><W61/><G130/><N who="2" m="49673" /><F119/><W91/><G99/><T7/><D89/><U77/><E85/><V102/><F102/><W17/><G106/><T33/><D75/><U60/><E12/><V115/><F115/><W96/><G61/><T109/><D109/><U114/><E114/><V122/><F108/><W76/><G64/><T46/><D46/><U128/><E128/><V107/><F107/><W95/><G76/><T36/><D36/><U112/><E112/><V57/><F23/><W47/><G96/><T38/><D38/><U69/><E111/><V92/><F92/><W39/><G39/><T74/><D74/><U97/><E97/><V87/><F87/><W127/><G19/><T94/><D33/><U93/><E5/><N who="0" m="2121" /><D72/><U80/><E93/><V10/><F10/><W32/><G32/><T0/><D0/><U50/><E80/><V43/><F122/><W44/><G44/><T88/><D78/><N who="1" m="29707" /><E45/><V120/><F120/><W11/><G11/><N who="0" m="6271" /><D56/><U81/><E81/><V54/><F43/><W125/><AGARI ba="0,0" hai="9,14,17,22,25,31,47,51,55,86,91,95,125,127" machi="125" ten="30,2000,0" yaku="0,1,52,1" doraHai="6" who="3" fromWho="3" sc="250,-10,250,-5,250,-5,250,20" /><INIT seed="1,0,0,3,4,0" ten="240,245,245,270" oya="1" hai0="23,79,22,132,51,64,34,80,55,87,32,72,2" hai1="43,3,46,35,4,60,83,115,42,61,49,112,70" hai2="29,67,76,110,24,126,133,92,116,135,57,128,53" hai3="99,12,18,38,81,17,26,63,66,117,91,125,105"/><U1/><E35/><V97/><F116/><W41/><G117/><T118/><D2/><U109/><E83/><V31/><F110/><W14/><G125/><T62/><D132/><U108/><E4/><V28/><F126/><W56/><G26/><T122/><D122/><U73/><E73/><V119/><F119/><W113/><G113/><N who="1" m="43594" /><E1/><V8/><F76/><W124/><G124/><T88/><D118/><U89/><E89/><V75/><F75/><W120/><G120/><T7/><D7/><U20/><E20/><V68/><F68/><W65/><G41/><N who="1" m="15370" /><E3/><V106/><F67/><W94/><G38/><T36/><D36/><U54/><E70/><V101/><F8/><W71/><G105/><T9/><D9/><U84/><E84/><V96/><F128/><W90/><G71/><T93/><D34/><U100/><E100/><V48/><REACH who="2" step="1"/><F24/><REACH who="2" ten="240,245,235,270" step="2"/><W10/><G66/><T121/><D64/><U104/><E104/><V114/><F114/><W69/><G69/><T47/><D79/><U37/><E37/><V25/><F25/><W123/><G123/><T129/><D72/><U98/><E98/><V6/><F6/><N who="3" m="3159" /><G14/><T82/><D129/><U44/><E44/><V95/><F95/><W52/><G65/><T78/><D93/><U111/><AGARI ba="0,1" hai="46,49,54,60,61,108,109,111" m="15370,43594" machi="111" ten="40,12000,1" yaku="14,1,10,1,34,2" doraHai="0" who="1" fromWho="1" sc="240,-40,245,130,235,-40,270,-40" /><INIT seed="1,1,0,4,4,13" ten="200,375,195,230" oya="1" hai0="17,84,36,88,35,57,128,97,89,69,38,110,103" hai1="70,134,66,71,112,29,92,28,113,32,39,94,87" hai2="133,65,22,30,11,54,59,3,43,23,108,40,132" hai3="81,12,117,102,19,25,31,46,77,64,9,20,42"/><U55/><E39/><V135/><F108/><W56/><G117/><T122/><D69/><U95/><E55/><V24/><F65/><W68/><G68/><N who="1" m="26154" /><E87/><V50/><F22/><W27/><G27/><T6/><D122/><U78/><E78/><V58/><F58/><W119/><G119/><T130/><D35/><U76/><E76/><V91/><F3/><W93/><G93/><T16/><D110/><U73/><E73/><V96/><F96/><W101/><G56/><T104/><D6/><U52/><E52/><V131/><F131/><N who="0" m="50218" /><D57/><U1/><E1/><V72/><F72/><W127/><G127/><T62/><D62/><U14/><E14/><V111/><F111/><W45/><G64/><T34/><D34/><U21/><E21/><V114/><F114/><N who="1" m="44137" /><E32/><V109/><F109/><W121/><G121/><T7/><D7/><U4/><E4/><V74/><F74/><W107/><G107/><T125/><D125/><U118/><E118/><V41/><F11/><W26/><G26/><T44/><D89/><AGARI ba="1,0" hai="23,24,30,40,41,43,50,54,59,89,91,132,133,135" machi="89" ten="50,1600,0" yaku="20,1" doraHai="13" who="2" fromWho="0" sc="200,-19,375,0,195,19,230,0" /><INIT seed="2,0,0,5,1,76" ten="181,375,214,230" oya="2" hai0="54,26,130,29,122,94,60,44,62,133,126,31,57" hai1="55,25,47,33,88,61,99,104,74,92,67,59,103" hai2="28,127,64,52,34,4,48,84,112,81,51,97,13" hai3="101,79,66,90,124,91,72,116,6,118,12,20,98"/><V3/><F3/><W53/><G66/><T123/><D126/><U36/><E74/><V82/><F112/><W23/><G124/><T65/><D130/><U108/><E108/><V121/><F121/><W115/><G115/><T96/><D133/><U117/><E117/><V1/><F1/><W114/><G114/><T77/><D77/><U16/><E36/><V42/><F127/><W113/><G113/><T125/><D125/><U2/><E2/><V30/><F34/><W24/><G79/><T8/><D8/><U70/><E47/><N who="2" m="25719" /><F84/><W95/><G72/><T58/><D44/><U50/><E16/><V32/><F32/><W89/><G53/><T10/><D10/><U135/><E135/><V56/><F64/><W107/><G107/><T106/><D106/><U15/><E15/><V85/><F85/><W120/><G120/><T37/><D37/><U78/><E78/><V9/><F97/><W0/><G0/><T11/><D11/><U110/><E110/><V46/><F46/><W7/><G12/><T100/><REACH who="0" step="1"/><D31/><AGARI ba="0,0" hai="4,9,13,28,30,31,51,52,56,81,82" m="25719" machi="31" ten="30,11600,0" yaku="8,1,52,2,54,1" doraHai="76" who="2" fromWho="0" sc="181,-116,375,0,214,116,230,0" /><INIT seed="2,1,0,2,0,83" ten="65,375,330,230" oya="2" hai0="84,60,132,3,74,125,101,26,55,44,77,104,25" hai1="48,9,79,42,66,75,93,15,19,109,121,85,35" hai2="49,37,111,18,106,68,64,52,80,21,118,39,108" hai3="103,17,40,28,96,99,31,59,86,34,20,72,16"/><V1/><F106/><W53/><G72/><T67/><D3/><U112/><E75/><V57/><F1/><W82/><G34/><T50/><D74/><U134/><E35/><V81/><F118/><W89/><G40/><T87/><D132/><U127/><E112/><V38/><F64/><W129/><G129/><T130/><D130/><U51/><E134/><V56/><F68/><W119/><G119/><T62/><D125/><U128/><E128/><V123/><F57/><W14/><G17/><T94/><D104/><U92/><E127/><V10/><F10/><W114/><G114/><T107/><D107/><U124/><E124/><V46/><F123/><W4/><G4/><T2/><D2/><U113/><E113/><V7/><F46/><W95/><G99/><N who="0" m="59639" /><D77/><U122/><E66/><V73/><F7/><W71/><REACH who="3" step="1"/><G71/><REACH who="3" ten="65,375,330,220" step="2"/><T45/><D45/><U0/><E42/><V13/><F73/><W133/><G133/><T43/><D43/><U32/><E32/><V23/><F23/><W24/><G24/><N who="0" m="9323" /><D67/><U30/><E121/><V61/><REACH who="2" step="1"/><F49/><AGARI ba="1,1" hai="14,16,20,28,31,49,53,59,82,86,89,95,96,103" machi="49" ten="30,8000,1" yaku="1,1,7,1,8,1,52,1,54,1,53,0" doraHai="83" doraHaiUra="6" who="3" fromWho="2" sc="65,0,375,0,330,-83,220,93" /><INIT seed="3,0,0,0,2,109" ten="65,375,247,313" oya="3" hai0="3,119,135,44,35,70,48,29,9,46,82,113,89" hai1="71,62,31,77,2,69,74,84,25,122,72,16,58" hai2="105,12,125,117,65,97,13,103,59,94,75,130,39" hai3="6,108,110,40,19,28,47,0,123,61,57,10,23"/><W91/><G123/><T104/><D70/><U7/><E122/><V92/><F117/><W124/><G91/><T22/><D104/><U127/><E127/><V111/><F39/><W45/><G28/><T112/><D119/><U26/><E69/><V83/><F111/><N who="3" m="42539" /><G124/><T41/><D35/><U95/><E71/><V88/><F125/><W27/><G40/><T81/><D135/><U121/><E121/><V1/><F1/><W79/><G79/><T78/><D89/><N who="1" m="53671" /><E74/><V20/><F130/><W49/><G49/><T85/><D81/><U8/><E72/><V43/><F20/><W55/><AGARI ba="0,0" hai="0,6,10,19,23,27,45,47,55,57,61" m="42539" machi="55" ten="30,3000,0" yaku="14,1,10,1" doraHai="109" who="3" fromWho="3" sc="65,-10,375,-10,247,-10,313,30" /><INIT seed="3,1,0,3,3,113" ten="55,365,237,343" oya="3" hai0="134,110,92,99,101,109,96,1,89,115,26,59,104" hai1="43,79,61,116,131,63,67,47,30,112,0,17,35" hai2="4,37,56,124,114,12,60,77,111,27,38,54,15" hai3="121,2,98,11,103,87,5,85,57,84,39,21,126"/><W14/><G121/><T118/><D1/><U132/><E112/><V25/><F114/><W49/><G39/><T62/><D115/><U108/><E0/><V51/><F111/><N who="0" m="42506" /><D134/><U29/><E108/><V123/><F123/><W76/><G126/><T119/><D26/><U32/><E131/><V8/><F15/><W3/><G3/><T18/><D18/><U106/><E17/><V127/><F60/><W120/><G120/><T80/><D59/><U73/><E63/><V88/><F77/><W100/><G100/><N who="0" m="62471" /><D62/><U69/><E132/><V122/><F122/><W10/><G21/><T72/><D72/><U19/><E19/><V91/><F38/><W95/><G57/><T33/><D33/><U58/><E58/><V9/><F9/><W41/><G41/><T135/><D135/><U78/><E73/><V40/><F40/><W128/><G128/><T7/><D7/><U74/><E74/><V22/><F37/><W52/><G52/><T133/><D133/><U65/><E32/><V46/><F56/><W55/><G55/><T44/><D44/><U93/><E35/><V20/><F22/><W23/><G23/><T6/><D6/><U129/><E47/><V105/><F105/><W107/><G107/><N who="0" m="63935" /><D80/><U86/><E61/><V53/><F54/><W42/><G42/><T45/><D45/><U125/><E43/><V71/><F71/><W50/><G76/><T82/><D82/><U28/><E69/><V75/><F75/><W102/><G102/><T66/><D66/><U48/><E79/><V97/><F20/><W16/><AGARI ba="1,0" hai="2,5,10,11,14,16,49,50,84,85,87,95,98,103" machi="16" ten="30,3000,0" yaku="0,1,54,1" doraHai="113" who="3" fromWho="3" sc="55,-11,365,-11,237,-11,343,33" /><INIT seed="3,2,0,0,4,100" ten="44,354,226,376" oya="3" hai0="39,134,28,135,6,94,26,57,54,31,16,78,55" hai1="90,53,109,14,61,62,98,128,37,47,52,77,15" hai2="34,20,91,45,2,120,132,117,51,121,113,127,42" hai3="133,118,22,10,93,49,0,43,8,116,25,7,11"/><W129/><G43/><T130/><D39/><U36/><E128/><V84/><F34/><W33/><G129/><T74/><D130/><U108/><E77/><V35/><F35/><W5/><G49/><T83/><D6/><N who="3" m="2057" /><G93/><T58/><D94/><U67/><E90/><V115/><F117/><N who="3" m="45163" /><G33/><T88/><D88/><U131/><E98/><V29/><F2/><W23/><G133/><T44/><D44/><U112/><E131/><V13/><F132/><W86/><G86/><T59/><D135/><U38/><E14/><V27/><F127/><W89/><G89/><T124/><D124/><U119/><E15/><V105/><F13/><W73/><G73/><T87/><D134/><U111/><E119/><V24/><F24/><W68/><G68/><T19/><D74/><U69/><E112/><V102/><F102/><W64/><G64/><T126/><D26/><U122/><E122/><N who="2" m="47211" /><F105/><W48/><G48/><T30/><REACH who="0" step="1"/><D126/><REACH who="0" ten="34,354,226,376" step="2"/><U123/><E123/><V103/><F103/><W104/><G104/><T96/><D96/><U81/><E81/><AGARI ba="2,1" hai="20,27,29,42,45,51,81,84,91,113,115" m="47211" machi="81" ten="30,1000,0" yaku="13,1" doraHai="100" who="2" fromWho="1" sc="34,0,354,-16,226,26,376,0" /><INIT seed="4,0,0,5,5,39" ten="34,338,252,376" oya="0" hai0="45,108,4,2,94,73,37,87,95,50,99,86,75" hai1="93,57,6,120,65,23,104,58,88,92,133,53,60" hai2="19,28,121,103,49,118,113,130,122,0,44,41,81" hai3="84,42,106,63,55,46,114,127,131,27,20,85,134"/><T9/><D108/><U78/><E120/><V119/><F0/><W48/><G106/><T77/><D94/><U115/><E104/><V135/><F28/><W7/><G131/><T67/><D67/><U101/><E133/><V38/><F19/><W11/><G134/><T56/><D56/><N who="1" m="36999" /><E6/><V109/><F103/><W80/><G127/><T98/><D98/><N who="1" m="59591" /><E78/><V71/><F81/><W52/><G114/><T110/><D110/><U125/><E125/><V1/><F1/><W79/><G63/><T72/><D77/><U82/><E82/><V76/><F76/><W132/><G132/><T31/><D31/><U107/><E107/><V47/><F135/><W25/><G85/><T21/><D21/><U14/><E115/><V59/><F109/><W128/><G128/><T15/><D37/><U30/><E53/><N who="2" m="32175" /><F113/><W24/><G20/><T22/><D22/><U34/><E34/><V5/><F5/><W124/><REACH who="3" step="1"/><G124/><REACH who="3" ten="34,338,252,366" step="2"/><T111/><D111/><U13/><E30/><V62/><F130/><W64/><G64/><T129/><D129/><U51/><E23/><V40/><F122/><W29/><G29/><T112/><D112/><U70/><E70/><V91/><F121/><W66/><G66/><T12/><D86/><N who="1" m="52375" /><E51/><V89/><F119/><W10/><G10/><T90/><REACH who="0" step="1"/><D87/><REACH who="0" ten="24,338,252,366" step="2"/><U100/><E100/><V32/><F118/><W97/><G97/><T43/><AGARI ba="0,2" hai="2,4,9,12,15,43,45,50,72,73,75,90,95,99" machi="43" ten="30,11700,0" yaku="1,1,2,1,0,1,52,1,53,0" doraHai="39" doraHaiUra="16" who="0" fromWho="0" sc="24,137,338,-39,252,-39,366,-39" /><INIT seed="4,1,0,3,1,54" ten="161,299,213,327" oya="0" hai0="113,85,9,67,123,53,10,99,43,104,78,106,55" hai1="33,65,60,101,80,108,102,57,61,71,50,46,129" hai2="3,131,34,29,27,25,130,5,16,69,97,120,111" hai3="100,42,51,36,23,98,20,103,74,134,26,68,125"/><T17/><D123/><U90/><E33/><V52/><F69/><W63/><G36/><T124/><D124/><U38/><E38/><V72/><F72/><W117/><G125/><T119/><D119/><U19/><E108/><V89/><F111/><W40/><G117/><T121/><D121/><U56/><E71/><V45/><F120/><W47/><G74/><T58/><D113/><U126/><E126/><V95/><F5/><W77/><G77/><T2/><D104/><U92/><E80/><V39/><F3/><W44/><G134/><T128/><D128/><U0/><E19/><V31/><F131/><W14/><G14/><T116/><D116/><U93/><E0/><V22/><F130/><W84/><G84/><T66/><D2/><U13/><E13/><V15/><F39/><W35/><G35/><T107/><D43/><N who="1" m="24927" /><E129/><V1/><F1/><W70/><G51/><T81/><D106/><U12/><E12/><V87/><F45/><W4/><G4/><T109/><D109/><U28/><E28/><V114/><F114/><W8/><G8/><N who="0" m="3179" /><D107/><U127/><E127/><V105/><F105/><W88/><G63/><N who="0" m="36303" /><D17/><U73/><E73/><V6/><F6/><W41/><G41/><T79/><D79/><U21/><E21/><V18/><F34/><W96/><REACH who="3" step="1"/><G88/><REACH who="3" ten="161,299,213,317" step="2"/><N who="0" m="51247" /><D99/><N who="1" m="57751" /><E93/><V64/><F97/><W132/><G132/><T24/><D78/><U30/><E30/><V118/><F118/><W62/><G62/><T37/><D37/><U11/><E11/><V48/><F31/><W110/><G110/><T133/><D133/><U76/><E76/><V122/><F29/><RYUUKYOKU ba="1,1" sc="161,-15,299,15,213,-15,317,15" hai1="56,57,60,61,65,101,102" hai3="20,23,26,40,42,44,47,68,70,96,98,100,103" /><INIT seed="5,2,1,1,4,75" ten="146,314,198,332" oya="1" hai0="107,86,0,49,29,128,26,122,22,94,111,36,70" hai1="69,35,50,57,112,61,114,28,12,76,72,14,96" hai2="54,130,10,23,129,131,9,33,18,7,79,97,41" hai3="101,42,98,32,64,63,52,135,4,51,115,15,120"/><U31/><E69/><V43/><F33/><W92/><G120/><T25/><D107/><U93/><E50/><V109/><F109/><W88/><G32/><T48/><D111/><U30/><E35/><V37/><F37/><W27/><G115/><N who="1" m="44074" /><E72/><V124/><F124/><W110/><G110/><T78/><D70/><U5/><E76/><V2/><F10/><W99/><G135/><T65/><D36/><U77/><E77/><V126/><F126/><W59/><G27/><T74/><D74/><U68/><E68/><V89/><F54/><W60/><G42/><T116/><D65/><N who="1" m="39087" /><E5/><V39/><F39/><W134/><G134/><T133/><D49/><U83/><E83/><V66/><F66/><W24/><G24/><T132/><D48/><U118/><E118/><V84/><F97/><N who="3" m="57479" /><G101/><AGARI ba="2,1" hai="12,14,28,30,31,93,96,101" m="39087,44074" machi="101" ten="30,1500,0" yaku="15,1" doraHai="75" who="1" fromWho="3" sc="146,0,314,31,198,0,332,-21" /><INIT seed="5,3,0,1,5,87" ten="146,345,198,311" oya="1" hai0="106,86,64,41,78,53,121,102,72,49,13,115,109" hai1="54,19,111,99,3,67,15,42,29,46,26,30,12" hai2="85,11,125,95,84,18,1,91,47,114,135,48,117" hai3="62,38,43,71,5,20,35,90,116,17,81,108,97"/><U59/><E67/><V118/><F114/><W31/><G108/><T21/><D115/><U2/><E46/><V34/><F125/><W131/><G5/><T134/><D72/><U60/><E42/><V105/><F34/><W124/><G124/><T57/><D109/><U120/><E120/><V69/><F105/><W55/><G131/><T45/><D121/><U39/><E39/><V82/><F69/><W61/><G116/><T80/><D134/><U44/><E44/><V25/><F135/><W16/><G43/><T128/><D128/><U96/><E111/><V66/><F66/><W89/><G38/><T132/><D132/><U65/><E65/><V0/><F0/><W50/><G35/><T14/><D64/><U94/><E3/><V133/><F133/><W40/><G40/><T112/><D112/><U83/><E83/><V58/><F58/><W73/><G73/><T33/><D33/><U113/><E2/><V123/><F123/><W98/><G71/><T103/><D106/><U32/><E29/><V127/><F127/><W70/><G70/><T7/><D14/><U107/><E107/><V27/><F1/><W68/><G68/><T76/><D76/><U8/><E113/><V22/><F27/><N who="3" m="16871" /><G81/><T9/><REACH who="0" step="1"/><D21/><REACH who="0" ten="136,345,198,311" step="2"/><U63/><E32/><V23/><F22/><W56/><G98/><T24/><D24/><U129/><E99/><V126/><F126/><W100/><G97/><T74/><D74/><U36/><E129/><V4/><F117/><W119/><G119/><T130/><D130/><U52/><E96/><V51/><F118/><W101/><G101/><RYUUKYOKU ba="3,1" sc="136,30,345,-10,198,-10,311,-10" hai0="7,9,13,41,45,49,53,57,78,80,86,102,103" /><INIT seed="6,4,1,2,4,111" ten="166,335,188,301" oya="2" hai0="26,38,82,48,109,84,92,81,131,72,114,30,11" hai1="54,104,77,23,58,90,100,129,15,6,124,64,110" hai2="97,127,103,128,102,59,122,126,79,41,69,37,105" hai3="7,50,73,120,22,66,68,62,112,10,88,93,18"/><V119/><F69/><W99/><G73/><T89/><D109/><U24/><E129/><V39/><F122/><W123/><G50/><T75/><D38/><U115/><E110/><V106/><F128/><W56/><G68/><T46/><D131/><U118/><E77/><V20/><F119/><W76/><G76/><T35/><D114/><U113/><E64/><V42/><F20/><W8/><G8/><T14/><D75/><U53/><E90/><V132/><F79/><W98/><G98/><T57/><D57/><U94/><E94/><V70/><F70/><W60/><G60/><T78/><D72/><U12/><E100/><V33/><F33/><W121/><G10/><T21/><D35/><U63/><E54/><V47/><F59/><W0/><G0/><T80/><D78/><U9/><E104/><V29/><F29/><W44/><G44/><T74/><D74/><U32/><E32/><V27/><F27/><W13/><REACH who="3" step="1"/><G7/><REACH who="3" ten="166,335,188,291" step="2"/><N who="0" m="3455" /><D48/><U55/><E118/><V31/><F31/><W49/><G49/><T96/><D46/><U52/><E6/><V51/><F51/><W91/><G91/><T83/><N who="0" m="20992" /><DORA hai="65" /><T43/><D43/><U130/><E130/><V16/><F42/><W107/><G107/><T125/><D125/><N who="2" m="47626" /><F39/><W45/><G45/><T19/><D96/><U85/><E124/><V2/><F2/><W34/><G34/><T25/><D30/><N who="1" m="17695" /><E58/><V86/><F86/><W101/><G101/><N who="2" m="38409" /><F97/><W116/><G116/><T108/><D108/><U3/><E85/><V1/><F1/><W134/><G134/><T5/><D5/><N who="1" m="1215" /><E63/><V117/><F132/><RYUUKYOKU ba="4,2" sc="166,10,335,10,188,-30,291,10" hai0="19,21,25,26,84,89,92" hai1="12,15,52,53,55,113,115" hai3="13,18,22,56,62,66,88,93,99,112,120,121,123" /><INIT seed="7,5,2,3,2,17" ten="176,345,158,301" oya="3" hai0="71,75,23,40,73,51,104,10,115,7,127,27,134" hai1="34,96,91,2,77,93,35,98,133,32,130,128,123" hai2="116,135,107,45,74,113,60,106,90,95,63,33,125" hai3="121,61,112,101,111,97,79,89,62,49,18,64,28"/><W65/><G121/><T84/><D104/><U59/><E2/><V92/><F33/><W5/><G112/><T12/><D71/><U41/><E41/><V56/><F74/><W46/><G111/><T30/><D115/><U86/><E123/><V122/><F113/><W57/><G79/><T50/><D134/><U118/><E118/><V52/><F122/><W4/><G89/><T15/><D127/><U26/><E133/><V70/><F135/><W36/><G36/><T13/><D75/><U24/><E59/><V58/><F116/><W109/><G109/><T16/><D73/><U0/><E0/><V67/><F70/><W19/><G28/><T8/><D40/><U108/><E108/><V132/><F132/><W47/><G57/><T3/><D84/><U105/><E105/><V114/><F114/><W76/><G76/><T37/><D37/><U54/><E54/><V11/><F95/><W72/><G72/><T129/><D129/><N who="1" m="49771" /><E98/><V55/><F11/><W48/><REACH who="3" step="1"/><G97/><REACH who="3" ten="176,345,158,291" step="2"/><T53/><D50/><U83/><AGARI ba="5,3" hai="24,26,32,34,35,77,83,86,91,93,96" m="49771" machi="83" ten="40,1500,0" yaku="19,1" doraHai="17" who="1" fromWho="1" sc="176,-9,345,60,158,-9,291,-12" owari="167,-23.0,405,50.0,149,-35.0,279,8.0" /></mjloggm>