<mjloggm ver="2.3"><GO type="169" lobby="0"/><UN n0="%E3%80%90%E3%81%A1%E3%82%85%E3%81%AE%E3%81%A0%E3%80%91" n1="%53%69%6D%6F%6F%6E" n2="%E7%AD%91%E6%81%B5" n3="%E5%B0%B1%E6%B4%BB%E7%94%9F%40%E5%B7%9D%E6%9D%91%E8%BB%8D%E5%9B%A3" dan="16,17,16,16" rate="2070.59,2177.03,2063.37,2053.87" sx="M,M,M,M"/><TAIKYOKU oya="0"/><INIT seed="0,0,0,0,4,81" ten="250,250,250,250" oya="0" hai0="9,10,35,62,37,33,17,111,82,47,52,41,103" hai1="43,8,105,21,57,109,87,131,107,25,65,59,24" hai2="93,75,130,119,22,113,108,110,98,38,112,42,83" hai3="34,70,76,49,118,101,74,69,88,127,92,115,26"/><T100/><D111/><N who="2" m="42538" /><F22/><W97/><G118/><T104/><D33/><U29/><E109/><V15/><F15/><W23/><G115/><N who="2" m="44105" /><F42/><W14/><G127/><T20/><D35/><U121/><E24/><V50/><F50/><W78/><G34/><T1/><D82/><U60/><E121/><V89/><F38/><W19/><G74/><T11/><D104/><U28/><E28/><V72/><F119/><W117/><G117/><T66/><D1/><U51/><E8/><V6/><F6/><W54/><G69/><T120/><D120/><U73/><E51/><V5/><F5/><W46/><G70/><T68/><REACH who="0" step="1"/><D52/><REACH who="0" ten="240,250,250,250" step="2"/><U122/><E122/><V18/><F83/><W27/><G76/><T67/><D67/><U39/><E65/><V99/><F130/><W30/><G78/><T135/><D135/><U53/><E131/><V96/><F18/><W123/><G123/><T31/><D31/><U13/><E29/><V125/><F125/><W56/><G30/><T80/><D80/><U64/><E64/><V45/><F45/><W95/><G46/><T106/><D106/><U91/><E107/><V63/><F63/><W44/><G44/><T48/><D48/><U86/><E105/><V0/><F0/><W85/><AGARI ba="0,1" hai="14,19,23,26,27,49,54,56,85,88,92,95,97,101" machi="85" ten="20,12000,2" yaku="0,1,7,1,25,2,8,1,52,1,54,1" doraHai="81" who="3" fromWho="3" sc="240,-60,250,-30,250,-30,250,130" /><INIT seed="1,0,0,0,2,105" ten="180,220,220,380" oya="1" hai0="47,60,93,21,108,112,116,30,28,92,88,134,90" hai1="91,39,135,59,86,53,16,43,85,6,126,75,40" hai2="69,31,119,36,41,101,4,2,77,109,22,18,32" hai3="15,114,24,72,0,117,14,20,49,125,26,64,65"/><U62/><E39/><V9/><F69/><W57/><G0/><T29/><D112/><U78/><E6/><V122/><F122/><W130/><G114/><T127/><D116/><U87/><E135/><V7/><F101/><W13/><G130/><T123/><D134/><U55/><E75/><V82/><F119/><W48/><G125/><T10/><D127/><U42/><E126/><V89/><F7/><W12/><G72/><T3/><D123/><U66/><E78/><V51/><F89/><W94/><G117/><T76/><D108/><U11/><REACH who="1" step="1"/><E91/><REACH who="1" ten="180,210,220,380" step="2"/><V63/><F36/><W106/><G20/><T19/><D76/><U35/><E35/><V79/><F79/><W34/><G34/><T113/><D113/><U25/><E25/><V45/><F77/><W129/><G26/><T131/><D90/><U104/><E104/><V96/><F32/><W27/><G24/><T38/><D88/><U128/><E128/><V61/><F22/><W107/><G27/><T67/><D131/><U46/><E46/><V133/><F133/><W100/><G107/><T33/><D33/><U68/><E68/><V74/><F74/><W56/><G106/><T83/><D47/><U120/><E120/><V58/><F45/><W99/><G129/><T54/><D38/><U118/><E118/><V111/><F4/><W73/><G73/><T102/><D21/><U124/><E124/><V110/><F110/><W115/><G115/><T132/><D132/><U95/><E95/><V80/><F111/><W5/><G5/><T52/><D92/><U1/><E1/><V103/><F109/><RYUUKYOKU ba="0,1" sc="180,-10,210,30,220,-10,380,-10" hai1="11,16,40,42,43,53,55,59,62,66,85,86,87" /><INIT seed="1,1,1,4,5,120" ten="170,240,210,370" oya="1" hai0="17,132,72,119,50,46,93,121,135,16,47,73,30" hai1="51,117,66,97,44,48,103,28,22,69,43,6,113" hai2="102,37,40,52,38,96,99,60,77,128,74,101,62" hai3="131,130,25,0,39,92,53,122,12,111,29,56,75"/><U109/><E113/><V98/><F128/><N who="3" m="49195" /><G0/><T49/><D30/><U68/><E117/><V65/><F74/><N who="0" m="28778" /><D93/><U70/><E6/><V124/><F77/><W114/><G75/><T85/><D85/><U35/><E22/><V83/><F83/><W134/><G39/><T21/><D119/><U107/><E51/><N who="0" m="19465" /><D121/><U11/><E11/><V59/><F124/><W129/><G122/><T88/><D88/><U82/><E82/><V110/><F40/><W54/><G92/><T24/><D17/><U31/><E66/><V126/><F126/><W127/><G54/><T116/><D116/><U5/><E5/><V79/><F79/><W33/><G134/><AGARI ba="1,1" hai="16,21,24,46,47,132,134,135" m="19465,28778" machi="134" ten="30,2000,0" yaku="20,1,54,1" doraHai="120" who="0" fromWho="3" sc="170,33,240,0,210,0,370,-23" /><INIT seed="2,0,0,5,5,93" ten="203,240,210,347" oya="2" hai0="91,104,98,56,132,97,45,46,123,8,30,83,69" hai1="75,44,68,33,49,88,81,73,71,19,47,96,112" hai2="78,66,109,57,130,35,118,84,99,3,28,11,17" hai3="117,134,77,2,37,85,31,100,36,72,32,41,61"/><V119/><F130/><W59/><G72/><T115/><D69/><U18/><E112/><V133/><F133/><W53/><G2/><T114/><D123/><U7/><E33/><V90/><F109/><W129/><G117/><T110/><D110/><U127/><E127/><V74/><F74/><W105/><G129/><T52/><D132/><U65/><E47/><N who="0" m="17929" /><D104/><U111/><E7/><V58/><F28/><W126/><G41/><T120/><D120/><U6/><E6/><V43/><F35/><W38/><G126/><T25/><D8/><U92/><E111/><V10/><F43/><W27/><G134/><T108/><D108/><U62/><E71/><V94/><F3/><W76/><G85/><N who="0" m="50623" /><D115/><U135/><E135/><V70/><F70/><W131/><G131/><T103/><D103/><U55/><REACH who="1" step="1"/><E75/><REACH who="1" ten="203,230,210,347" step="2"/><V113/><F113/><W29/><G32/><T26/><D114/><U13/><E13/><V40/><F119/><W14/><G14/><T89/><D25/><U34/><E34/><V4/><F118/><W23/><G27/><T22/><D89/><U12/><E12/><V80/><F4/><W50/><G38/><T86/><D86/><U24/><E24/><V95/><F84/><W51/><G37/><T107/><D107/><U0/><E0/><V16/><F90/><W79/><G105/><T121/><D121/><U63/><E63/><AGARI ba="0,1" hai="22,26,30,52,56,63,97,98" m="50623,17929" machi="63" ten="30,7700,0" yaku="8,1,52,2,54,1" doraHai="93" who="0" fromWho="1" sc="203,87,230,-77,210,0,347,0" /><INIT seed="3,0,0,5,4,131" ten="290,153,210,347" oya="3" hai0="102,41,86,38,128,28,61,121,21,120,112,11,23" hai1="125,133,84,51,33,118,64,88,46,74,42,105,63" hai2="36,87,58,62,47,135,5,37,44,77,1,9,98" hai3="134,130,13,48,82,107,71,91,18,14,55,57,68"/><W99/><G130/><T67/><D128/><U2/><E74/><V69/><F69/><W35/><G35/><T75/><D75/><U115/><E115/><V6/><F6/><W94/><G107/><T4/><D112/><U119/><E2/><V65/><F98/><W34/><G34/><T96/><D86/><U111/><E105/><V29/><F29/><W8/><G134/><T3/><D23/><U45/><E33/><V79/><F79/><W17/><REACH who="3" step="1"/><G82/><REACH who="3" ten="290,153,210,337" step="2"/><T110/><D121/><U60/><E133/><V40/><F135/><W43/><G43/><T124/><D41/><U27/><E42/><V30/><F40/><W100/><G100/><T113/><D102/><U122/><E122/><V95/><F37/><W53/><G53/><T109/><D38/><U15/><E119/><V92/><F36/><W97/><G97/><T12/><D96/><U32/><E32/><V85/><F95/><W0/><G0/><T72/><D3/><U31/><E118/><V7/><F92/><W103/><G103/><T76/><D120/><U93/><E93/><V108/><F1/><W50/><G50/><T114/><D114/><U52/><E51/><V117/><F117/><W106/><G106/><T73/><D113/><U116/><E116/><V132/><F132/><W24/><G24/><T80/><D80/><U39/><E27/><V101/><F101/><W126/><G126/><T66/><D124/><U59/><E125/><V70/><F108/><W83/><G83/><T123/><D110/><U127/><E111/><V90/><F65/><N who="0" m="24586" /><D109/><U78/><E127/><V89/><F62/><RYUUKYOKU ba="0,1" sc="290,-10,153,-10,210,-10,337,30" hai3="8,13,14,17,18,48,55,57,68,71,91,94,99" /><INIT seed="3,1,1,3,5,122" ten="280,143,200,367" oya="3" hai0="131,85,92,25,3,78,130,88,0,29,27,62,118" hai1="75,104,98,81,22,96,19,52,42,71,76,69,128" hai2="102,126,9,26,99,7,66,34,12,48,13,37,97" hai3="31,5,21,84,73,133,129,17,103,70,20,63,51"/><W38/><G38/><T56/><D118/><U95/><E128/><N who="0" m="49193" /><D78/><U15/><E42/><V45/><F37/><W41/><G73/><T67/><D25/><U59/><E104/><V101/><F66/><W106/><G5/><T44/><D44/><U79/><E79/><V109/><F109/><W28/><G21/><AGARI ba="1,1" hai="0,3,21,27,29,56,62,67,85,88,92" m="49193" machi="21" ten="30,2000,0" yaku="19,1,54,1" doraHai="122" who="0" fromWho="3" sc="280,33,143,0,200,0,367,-23" /><INIT seed="4,0,0,5,0,74" ten="313,143,200,344" oya="0" hai0="91,39,75,63,11,1,134,110,9,41,86,68,22" hai1="16,32,58,99,90,111,55,59,118,18,25,119,10" hai2="54,72,48,128,88,78,113,28,127,21,129,84,101" hai3="27,52,46,108,8,69,62,77,130,51,120,38,43"/><T19/><D75/><U124/><E111/><V132/><F113/><W93/><G108/><T122/><D110/><U20/><E124/><V64/><F127/><W81/><G130/><T121/><D134/><U133/><E133/><V57/><F132/><W89/><G120/><T29/><D29/><U117/><E32/><V66/><F101/><W45/><G27/><T125/><D125/><U35/><E35/><V85/><F72/><W131/><G8/><T98/><D98/><U7/><E18/><V80/><F129/><W114/><G114/><T47/><D9/><U70/><E70/><V37/><F37/><W24/><G24/><T73/><D73/><U97/><E59/><V17/><F28/><W115/><G115/><T67/><D11/><U6/><E6/><V102/><F102/><W34/><G34/><T13/><REACH who="0" step="1"/><D1/><REACH who="0" ten="303,143,200,344" step="2"/><U50/><REACH who="1" step="1"/><E90/><REACH who="1" ten="303,133,200,344" step="2"/><V53/><F128/><W71/><G89/><T100/><D100/><U4/><E4/><V65/><F88/><W94/><G131/><T42/><D42/><U83/><E83/><AGARI ba="0,2" hai="13,19,22,39,41,47,63,67,68,83,86,91,121,122" machi="83" ten="30,11600,0" yaku="1,1,7,1,53,2" doraHai="74" doraHaiUra="116" who="0" fromWho="1" sc="303,136,133,-116,200,0,344,0" /><INIT seed="4,1,0,4,1,41" ten="439,17,200,344" oya="0" hai0="58,115,116,100,43,129,91,48,22,81,65,37,74" hai1="61,101,110,108,16,28,19,38,73,72,46,86,40" hai2="121,57,130,29,25,30,55,44,10,107,105,68,135" hai3="8,59,67,1,131,23,52,34,35,113,99,104,123"/><T27/><D116/><U3/><E3/><V93/><F68/><W62/><G113/><T50/><D115/><U109/><E101/><V80/><F121/><W51/><G123/><T6/><D100/><U117/><E117/><V33/><F30/><W92/><G131/><T85/><D129/><U134/><E134/><V53/><F135/><W42/><G104/><T64/><D74/><U88/><E28/><V127/><F93/><W11/><G42/><T49/><D6/><U70/><E70/><V78/><F127/><W31/><G1/><T90/><D37/><U84/><E84/><V133/><F133/><W20/><G34/><T14/><D14/><U125/><E61/><V76/><F76/><W45/><G35/><T56/><D90/><U106/><E106/><V13/><F55/><W75/><G75/><T97/><D97/><U126/><E73/><V102/><F102/><N who="3" m="60775" /><G20/><T87/><D87/><U32/><E32/><V120/><F120/><W63/><G63/><T69/><D43/><U60/><E60/><N who="2" m="35887" /><F130/><W124/><G124/><N who="1" m="47722" /><E72/><N who="2" m="43079" /><F107/><W18/><G31/><N who="0" m="17911" /><D69/><U21/><E21/><V2/><F2/><W54/><G67/><AGARI ba="1,0" hai="48,49,50,56,58,64,65,67,81,85,91" m="17911" machi="67" ten="30,1500,0" yaku="8,1" doraHai="41" who="0" fromWho="3" sc="439,18,17,0,200,0,344,-18" /><INIT seed="4,2,0,4,4,90" ten="457,17,200,326" oya="0" hai0="12,16,111,14,74,126,46,128,106,67,37,82,54" hai1="123,59,99,19,51,120,125,133,122,103,104,102,68" hai2="0,95,40,134,94,20,110,57,50,78,13,119,39" hai3="49,48,129,15,58,73,130,97,61,41,88,36,26"/><T71/><D106/><U113/><E68/><V25/><F0/><W107/><G73/><T18/><D126/><U3/><E3/><V42/><F110/><W29/><G36/><T2/><D2/><U69/><E69/><V79/><F39/><W77/><G77/><N who="2" m="29193" /><F134/><W55/><G15/><T5/><D74/><U112/><E133/><V52/><F13/><W23/><G41/><N who="2" m="15977" /><F119/><W109/><G109/><T6/><D82/><U100/><E19/><AGARI ba="2,0" hai="19,20,25,50,52,57,94,95" m="15977,29193" machi="19" ten="30,7700,0" yaku="8,1,52,2,54,1" doraHai="90" who="2" fromWho="1" sc="457,0,17,-83,200,83,326,0" owari="457,56.0,-66,-57.0,283,-12.0,326,13.0" /></mjloggm>