<mjloggm ver="2.3"><GO type="169" lobby="0"/><UN n0="%E3%83%AF%E3%83%B3%E3%82%BF%E3%83%B3%EF%BC%A0%E6%A8%AA%E6%B5%9C" n1="%E3%82%A6%E3%83%AB%E3%83%88%E3%83%A9%E7%AB%8B%E7%9B%B4" n2="%6E%65%75%74%72%6F%6E" n3="%58%E7%8C%AB" dan="17,17,16,16" rate="2193.77,2132.61,2112.17,2056.60" sx="M,M,M,M"/><TAIKYOKU oya="0"/><INIT seed="0,0,0,1,4,47" ten="250,250,250,250" oya="0" hai0="56,1,62,54,83,114,118,88,4,87,134,89,12" hai1="104,39,37,38,90,48,57,113,8,125,129,46,0" hai2="60,44,95,94,73,13,58,51,9,135,31,115,34" hai3="61,66,22,98,107,117,123,65,20,79,6,32,59"/><T81/><D118/><U15/><E104/><V24/><F73/><W77/><G117/><T92/><D114/><U14/><E113/><V40/><F135/><W127/><G32/><T52/><D134/><U124/><E129/><V64/><F115/><W42/><G123/><T71/><D71/><U85/><E57/><V84/><F84/><W2/><G127/><N who="1" m="48714" /><E0/><V131/><REACH who="2" step="1"/><F131/><REACH who="2" ten="250,250,240,250" step="2"/><W29/><G98/><N who="0" m="57615" /><D1/><U80/><E8/><V23/><F23/><W21/><G20/><T41/><D83/><U30/><E30/><V86/><F86/><W108/><G29/><T122/><D122/><U28/><E28/><V119/><F119/><W33/><G2/><T49/><D87/><U120/><E120/><V82/><F82/><W102/><G33/><T97/><D81/><U132/><E132/><V72/><F72/><W11/><G11/><T67/><D97/><U133/><E133/><V19/><AGARI ba="0,1" hai="9,13,19,24,31,34,40,44,51,58,60,64,94,95" machi="19" ten="20,5200,0" yaku="1,1,0,1,7,1,52,1,53,0" doraHai="47" doraHaiUra="68" who="2" fromWho="2" sc="250,-26,250,-13,240,62,250,-13" /><INIT seed="1,0,0,5,3,5" ten="224,237,302,237" oya="1" hai0="53,134,103,44,45,51,2,17,16,43,82,127,50" hai1="62,0,12,32,88,98,92,36,70,35,77,94,128" hai2="7,38,101,25,8,9,4,72,129,132,20,48,110" hai3="125,95,49,89,3,96,121,102,108,42,69,6,80"/><U107/><E0/><V67/><F38/><W59/><G121/><T124/><D2/><U76/><E107/><V100/><F72/><W24/><G69/><T113/><D113/><U68/><E36/><V90/><F110/><W39/><G39/><T64/><D134/><U135/><E135/><V86/><F129/><W83/><G108/><T123/><D123/><U115/><E115/><V116/><F116/><W27/><G80/><T81/><D64/><U126/><E126/><N who="0" m="48169" /><D103/><N who="2" m="39498" /><F48/><W74/><G74/><T18/><AGARI ba="0,0" hai="16,17,18,43,44,45,50,51,53,81,82" m="48169" machi="18" ten="30,2000,0" yaku="18,1,54,1" doraHai="5" who="0" fromWho="0" sc="224,20,237,-10,302,-5,237,-5" /><INIT seed="2,0,0,0,4,133" ten="244,227,297,232" oya="2" hai0="89,33,95,106,107,94,90,1,101,88,100,43,35" hai1="104,23,29,82,84,50,17,117,87,78,68,71,24" hai2="116,64,132,5,112,10,80,92,15,122,91,7,48" hai3="51,115,37,13,20,25,102,131,55,105,114,108,39"/><V12/><F112/><N who="3" m="43051" /><G13/><T30/><D43/><U53/><E104/><N who="0" m="39977" /><D30/><U34/><E117/><V118/><F122/><W52/><G108/><T73/><D1/><U22/><E34/><N who="0" m="12809" /><D73/><U63/><E63/><V32/><F32/><W125/><G131/><T66/><D66/><U83/><E23/><V127/><F64/><W67/><G67/><T38/><D38/><U72/><E72/><V54/><F80/><W85/><G85/><T93/><AGARI ba="0,0" hai="88,89,90,93,94,95,100,101" m="12809,39977" machi="93" ten="40,5200,0" yaku="28,2,54,1" doraHai="133" who="0" fromWho="0" sc="244,52,227,-13,297,-26,232,-13" /><INIT seed="3,0,0,2,1,33" ten="296,214,271,219" oya="3" hai0="9,30,125,38,66,109,61,40,29,105,24,23,35" hai1="72,75,32,41,96,92,58,54,110,27,39,133,106" hai2="69,65,130,116,74,111,131,4,46,20,62,15,3" hai3="50,34,76,59,132,52,86,63,19,89,73,21,101"/><W112/><G34/><T7/><D109/><U104/><E110/><V91/><F116/><W113/><G132/><T94/><D125/><U53/><E133/><V121/><F111/><W128/><G128/><N who="2" m="49193" /><F74/><W107/><G76/><T88/><D105/><U84/><E84/><V102/><F102/><W42/><G73/><T14/><D30/><U25/><E32/><V17/><F46/><W79/><G79/><T47/><D35/><U36/><E58/><V5/><F91/><W93/><G42/><T80/><D80/><U78/><E78/><V127/><F127/><W10/><G10/><T103/><D103/><U18/><E92/><V129/><F129/><W49/><G49/><T126/><D126/><U82/><E18/><V1/><F121/><W134/><G134/><T55/><D55/><U87/><E87/><V119/><F119/><W118/><G118/><T98/><D61/><U85/><E85/><V60/><F60/><W117/><G117/><T8/><D8/><U81/><REACH who="1" step="1"/><E41/><REACH who="1" ten="296,204,271,219" step="2"/><V71/><F69/><W6/><G6/><AGARI ba="0,1" hai="1,3,4,5,6,15,17,20,62,65,71" m="49193" machi="6" ten="30,3900,0" yaku="19,1,52,2" doraHai="33" who="2" fromWho="3" sc="296,0,204,0,271,49,219,-39" /><INIT seed="4,0,0,5,0,71" ten="296,204,320,180" oya="0" hai0="3,44,10,68,11,128,90,58,126,69,5,64,41" hai1="80,106,54,4,110,60,129,112,39,62,120,29,27" hai2="15,104,12,23,97,118,93,52,119,130,73,124,89" hai3="24,117,122,7,134,79,121,78,40,59,105,30,125"/><T61/><D126/><U51/><E106/><V72/><F130/><W75/><G117/><N who="2" m="44553" /><F124/><W35/><G125/><T101/><D128/><U32/><E120/><N who="3" m="46186" /><G134/><T131/><D131/><U34/><E112/><V55/><F104/><W88/><G105/><T82/><D101/><U132/><E110/><V86/><F86/><W45/><G7/><T87/><REACH who="0" step="1"/><D11/><REACH who="0" ten="286,204,320,180" step="2"/><U49/><E129/><V9/><F9/><W25/><G75/><T109/><D109/><U37/><E132/><V1/><F72/><W77/><G59/><T14/><D14/><U94/><E27/><V13/><F73/><W28/><G88/><T46/><D46/><U0/><E0/><V22/><F1/><W6/><G6/><T63/><D63/><U2/><E4/><V83/><F12/><W114/><G114/><T92/><D92/><U127/><E94/><V108/><F108/><W8/><G8/><T33/><D33/><U19/><E2/><V65/><F13/><W43/><G45/><T113/><D113/><U98/><E34/><AGARI ba="0,1" hai="24,25,28,30,34,35,40,43,77,78,79" m="46186" machi="34" ten="30,1000,0" yaku="13,1" doraHai="71" who="3" fromWho="1" sc="286,0,204,-10,320,0,180,20" /><INIT seed="5,0,0,1,2,1" ten="286,194,320,200" oya="1" hai0="100,65,40,59,108,101,51,80,110,114,124,86,71" hai1="50,63,130,69,88,103,62,75,121,57,104,119,2" hai2="46,52,49,60,15,25,127,37,128,125,47,129,3" hai3="67,76,131,43,64,13,32,55,74,5,39,107,28"/><U19/><E75/><V132/><F3/><W53/><G107/><T118/><D118/><U42/><E2/><V85/><F25/><W112/><G131/><N who="2" m="50249" /><F85/><W36/><G112/><T78/><D114/><U90/><E130/><V22/><F22/><W105/><G105/><T38/><D124/><N who="2" m="47690" /><F15/><W109/><G109/><T45/><D101/><U4/><E103/><V66/><F37/><W116/><G116/><T117/><D100/><U61/><E119/><V10/><F10/><W24/><G74/><T6/><D117/><U87/><E87/><V82/><F82/><W98/><G76/><T97/><D97/><U68/><E90/><V16/><F16/><W26/><G98/><T95/><D95/><U29/><E88/><V12/><F12/><W8/><G26/><T11/><D80/><U134/><E19/><V72/><F72/><W17/><G36/><T35/><D78/><U96/><E96/><V92/><F92/><W54/><G17/><T123/><D86/><U135/><E104/><V77/><F77/><W126/><G126/><T7/><D11/><U21/><E21/><V44/><F132/><W83/><G83/><T34/><D38/><U115/><E135/><V102/><F102/><W58/><G39/><T120/><D110/><U27/><E134/><V99/><F99/><W73/><G73/><T48/><D108/><U14/><E14/><V81/><F81/><W89/><G89/><T30/><D35/><U93/><E93/><V70/><AGARI ba="0,0" hai="44,46,47,49,52,60,66,70" m="47690,50249" machi="70" ten="30,8000,1" yaku="19,1,18,1,34,2,54,1" doraHai="1" who="2" fromWho="2" sc="286,-20,194,-40,320,80,200,-20" /><INIT seed="6,0,0,3,1,106" ten="266,154,400,180" oya="2" hai0="56,113,95,16,31,132,10,104,33,75,44,131,17" hai1="78,81,120,38,6,40,4,54,1,124,47,112,51" hai2="12,57,13,105,25,67,83,20,61,43,5,34,116" hai3="0,121,109,55,74,76,60,39,36,49,71,63,128"/><V58/><F105/><W3/><G121/><T98/><D104/><U108/><E108/><V82/><F34/><W129/><G109/><T123/><D123/><U77/><E120/><V23/><F43/><W119/><G119/><T80/><D113/><U110/><E110/><V118/><F5/><W79/><G49/><T92/><D92/><U15/><E112/><V42/><F42/><W102/><G102/><T66/><D44/><U107/><E107/><V45/><F45/><W117/><G117/><T65/><D65/><U133/><E133/><V96/><F96/><W86/><G86/><T29/><D132/><U122/><E122/><V19/><F57/><W27/><G27/><T18/><D10/><U115/><E78/><V2/><F2/><W127/><G71/><T11/><D11/><N who="1" m="2447" /><E15/><V30/><F118/><W32/><G32/><T100/><D131/><U35/><E6/><V53/><F116/><W130/><G130/><T103/><D100/><U94/><E94/><V72/><F72/><W69/><G69/><T85/><D75/><N who="1" m="43199" /><E35/><V111/><F111/><W68/><G68/><T28/><D33/><U62/><E115/><V88/><F12/><W21/><G74/><T14/><D14/><U125/><E62/><V91/><F67/><W48/><G48/><T46/><D46/><AGARI ba="0,0" hai="38,40,46,47,51,54,124,125" m="43199,2447" machi="46" ten="30,2000,0" yaku="25,1,52,1" doraHai="106" who="1" fromWho="0" sc="266,-20,154,20,400,0,180,0" /><INIT seed="7,0,0,0,4,115" ten="246,174,400,180" oya="3" hai0="4,93,54,118,40,38,70,36,119,23,74,123,52" hai1="88,120,98,15,22,44,9,47,67,112,5,62,8" hai2="108,129,61,37,29,80,91,35,78,31,6,72,57" hai3="21,63,111,92,10,27,102,133,81,41,28,39,134"/><W113/><G113/><T43/><D74/><U132/><E112/><V122/><F108/><W45/><G111/><T1/><D23/><U73/><E73/><V30/><F37/><N who="0" m="14442" /><D93/><N who="1" m="56615" /><E120/><V82/><F129/><W25/><G81/><T48/><D4/><U33/><E33/><V94/><F82/><W69/><G10/><N who="1" m="4202" /><E132/><N who="3" m="50794" /><G27/><T125/><D1/><U87/><E87/><V95/><F6/><W46/><G46/><N who="1" m="17450" /><E5/><V96/><F94/><W105/><G105/><T42/><D123/><U130/><E130/><V0/><F0/><W128/><G128/><T109/><D109/><U20/><E15/><V11/><F11/><W56/><G69/><T126/><D70/><U49/><E49/><V127/><F127/><N who="0" m="48650" /><D48/><U26/><E26/><V68/><F68/><W14/><G14/><T77/><D77/><U34/><E34/><V104/><F104/><W99/><G63/><T53/><AGARI ba="0,0" hai="40,42,43,52,53,54,118,119" m="48650,14442" machi="53" ten="40,16000,3" yaku="28,2,18,1,34,2,52,2,54,1" doraHai="115" who="0" fromWho="0" sc="246,160,174,-40,400,-40,180,-80" owari="406,51.0,134,-27.0,360,16.0,100,-40.0" /></mjloggm>