<mjloggm ver="2.3"><GO type="169" lobby="0"/><UN n0="%E4%B8%8D%E8%A8%B1%E5%8F%AF" n1="%E9%BB%92%E7%8A%AC%40%E3%81%A6%E3%82%93%E3%81%BB%E3%83%BC" n2="%E6%96%B0%E6%BD%9F%E3%83%89%E3%83%A9%E3%82%B4%E3%83%B3" n3="%E3%82%A6%E3%83%AB%E3%83%88%E3%83%A9%E7%AB%8B%E7%9B%B4" dan="16,16,16,17" rate="2107.30,2053.87,2120.47,2137.58" sx="M,F,M,M"/><TAIKYOKU oya="0"/><INIT seed="0,0,0,1,1,11" ten="250,250,250,250" oya="0" hai0="134,102,91,29,93,79,103,24,80,51,12,133,16" hai1="52,2,128,123,21,98,6,95,48,132,119,67,66" hai2="107,62,41,69,15,82,120,131,92,3,36,100,126" hai3="17,56,0,68,39,58,135,13,1,77,7,37,99"/><T9/><D51/><U18/><E123/><V46/><F15/><W96/><G68/><T54/><D54/><U8/><E119/><V114/><F92/><W63/><G135/><N who="0" m="51723" /><D91/><U110/><E132/><V42/><F42/><W130/><G63/><T105/><D93/><U27/><E128/><V53/><F82/><W108/><G130/><T97/><D97/><U14/><E2/><V64/><F3/><W71/><G71/><T40/><D40/><U26/><E26/><V35/><F35/><W76/><G58/><T81/><D105/><U61/><E61/><V87/><F87/><W125/><G56/><T30/><D81/><U5/><E5/><V90/><F90/><W122/><G39/><T104/><D104/><U113/><E110/><V59/><F131/><W57/><G108/><T65/><D65/><U20/><E20/><V111/><F111/><W94/><G37/><T85/><D30/><U60/><E60/><N who="2" m="35951" /><F120/><W74/><G122/><T121/><D121/><U101/><E113/><V70/><F114/><W129/><G129/><T45/><D45/><AGARI ba="0,0" hai="6,8,14,18,21,27,45,48,52,66,67,95,98,101" machi="45" ten="30,7700,0" yaku="7,1,8,1,52,1,54,1" doraHai="11" who="1" fromWho="0" sc="250,-77,250,77,250,0,250,0" /><INIT seed="1,0,0,4,4,36" ten="173,327,250,250" oya="1" hai0="116,119,110,105,32,65,103,46,34,97,55,127,29" hai1="12,66,78,28,61,108,134,67,43,42,81,62,15" hai2="135,30,69,13,33,45,39,107,58,85,3,131,72" hai3="57,40,92,91,35,68,5,16,111,101,10,106,64"/><U89/><E28/><V9/><F58/><W87/><G35/><T27/><D34/><U112/><E112/><V11/><F85/><W126/><G68/><T93/><D110/><U122/><E122/><V53/><F53/><W44/><G111/><T41/><D127/><U113/><E113/><V129/><F72/><W125/><G101/><T21/><D55/><U50/><E50/><V37/><F107/><W47/><G106/><T14/><D65/><N who="1" m="24587" /><E78/><V132/><F69/><W19/><G47/><T1/><D1/><U23/><E134/><N who="2" m="51243" /><F39/><W7/><G7/><T51/><REACH who="0" step="1"/><D105/><REACH who="0" ten="163,327,250,250" step="2"/><U73/><E108/><V4/><F33/><W76/><G125/><T124/><D124/><U48/><E73/><V70/><F3/><W86/><G126/><T59/><D59/><U77/><E61/><V60/><F60/><W109/><G57/><T88/><D88/><U130/><E62/><V99/><F70/><W120/><G64/><T71/><D71/><U118/><E89/><V31/><F131/><W18/><G109/><T96/><D96/><U38/><E130/><V74/><F129/><W123/><G123/><T121/><D121/><U56/><E56/><V20/><F99/><W63/><G63/><T100/><D100/><U104/><E104/><V22/><F74/><W2/><G120/><T95/><D95/><U49/><E77/><V98/><F98/><N who="3" m="57631" /><G76/><T80/><D80/><U25/><E81/><V128/><F128/><W52/><G52/><T94/><D94/><U54/><E54/><V24/><F45/><W114/><G114/><T83/><D83/><U8/><E118/><RYUUKYOKU ba="0,1" sc="163,15,327,-15,250,-15,250,15" hai0="14,21,27,29,32,41,46,51,93,97,103,116,119" hai3="2,5,10,16,18,19,40,44,86,87" /><INIT seed="2,1,1,4,4,3" ten="178,312,235,265" oya="2" hai0="45,60,73,74,67,33,77,104,112,119,38,108,29" hai1="16,54,63,66,9,43,26,46,100,55,83,130,35" hai2="114,97,118,58,6,107,13,76,132,75,50,93,31" hai3="11,8,17,92,111,37,28,99,42,44,41,78,56"/><V84/><F118/><W19/><G111/><T71/><D119/><U68/><E130/><V1/><F114/><W0/><G28/><T30/><D112/><U52/><E83/><N who="2" m="45471" /><F31/><W14/><G42/><N who="0" m="22743" /><D30/><U32/><E100/><N who="2" m="62863" /><F1/><W20/><G78/><T109/><D104/><U40/><E40/><V18/><F132/><W98/><G56/><T25/><D77/><U64/><E66/><V23/><F50/><W85/><G85/><T21/><D21/><U128/><E128/><V89/><F58/><W131/><G131/><T36/><D36/><U22/><REACH who="1" step="1"/><E9/><REACH who="1" ten="178,302,235,265" step="2"/><V106/><F106/><W65/><G65/><T113/><D113/><U86/><E86/><V79/><F79/><W105/><G105/><T49/><D109/><U2/><E2/><V94/><F94/><W69/><G92/><T133/><D108/><U120/><E120/><V61/><F61/><W87/><G87/><T122/><D122/><U82/><E82/><V124/><F124/><W15/><G69/><T117/><D117/><U27/><E27/><V5/><AGARI ba="1,2" hai="5,6,13,18,23,84,89,93" m="62863,45471" machi="5" ten="30,6000,0" yaku="24,1,52,2" doraHai="3" who="2" fromWho="2" sc="178,-21,302,-21,235,83,265,-21" /><INIT seed="2,2,0,2,5,85" ten="157,281,318,244" oya="2" hai0="126,122,124,118,86,54,60,2,78,113,23,96,104" hai1="68,36,65,76,133,121,84,79,70,114,123,107,22" hai2="132,102,72,37,50,6,63,61,64,81,129,14,57" hai3="73,110,12,119,55,92,49,89,46,29,32,39,33"/><V71/><F37/><W120/><G120/><N who="1" m="46154" /><E107/><V127/><F132/><W134/><G119/><T59/><D122/><U130/><E36/><V10/><F129/><W48/><G134/><T108/><D118/><U131/><E114/><V105/><F127/><N who="0" m="48682" /><D113/><U101/><E101/><V17/><F50/><W31/><G73/><T87/><D108/><U91/><E133/><V40/><F40/><W42/><G110/><T56/><D2/><U128/><E22/><V34/><F34/><W93/><G39/><T16/><D78/><N who="1" m="29739" /><E65/><V38/><F38/><W15/><G42/><T77/><D77/><U35/><E35/><V28/><F72/><W115/><G115/><T109/><D109/><U125/><E125/><V26/><F81/><AGARI ba="2,0" hai="68,70,81,84,91,128,130,131" m="29739,46154" machi="81" ten="40,5200,0" yaku="19,1,13,1,52,1" doraHai="85" who="1" fromWho="2" sc="157,0,281,58,318,-58,244,0" /><INIT seed="3,0,0,4,4,113" ten="157,339,260,244" oya="3" hai0="115,98,133,54,31,56,24,82,118,73,8,103,124" hai1="19,48,67,88,6,100,39,9,108,34,97,112,135" hai2="101,91,102,2,105,40,80,49,93,60,38,75,117" hai3="70,106,116,20,63,10,58,114,122,126,72,134,16"/><W0/><RYUUKYOKU type="yao9" ba="0,0" sc="157,0,339,0,260,0,244,0" hai3="0,10,16,20,58,63,70,72,106,114,116,122,126,134" /><INIT seed="3,1,0,3,2,8" ten="157,339,260,244" oya="3" hai0="17,85,84,35,36,64,10,120,121,30,79,22,95" hai1="88,46,111,47,116,82,45,94,132,49,87,128,18" hai2="33,20,113,109,29,78,42,72,4,24,38,112,63" hai3="104,80,44,134,102,61,65,93,125,118,131,117,106"/><W9/><G125/><T15/><D36/><U83/><E116/><V3/><F63/><W2/><G131/><T68/><D35/><U98/><E128/><V126/><F109/><W119/><G134/><T99/><D68/><U59/><E111/><V16/><F126/><W21/><G80/><T53/><D64/><U66/><E132/><V27/><F78/><W124/><G124/><T7/><D30/><U69/><E69/><V11/><REACH who="2" step="1"/><F72/><REACH who="2" ten="157,339,250,244" step="2"/><W67/><G61/><T110/><D110/><U108/><E108/><V52/><F52/><W56/><G67/><T31/><D79/><U62/><E49/><V90/><F90/><W91/><G65/><T89/><D53/><U105/><E105/><V0/><F0/><W73/><G73/><T76/><D76/><U122/><E122/><V14/><F14/><W55/><G55/><T74/><D74/><U54/><E66/><V28/><F28/><W130/><G130/><T129/><D31/><U26/><E87/><V92/><F92/><W70/><G70/><T43/><D129/><U39/><E39/><V133/><F133/><W81/><G106/><T60/><D85/><U58/><E58/><V51/><F51/><W25/><G56/><T5/><D84/><U100/><E100/><V57/><F57/><W19/><G104/><T96/><D121/><U123/><E123/><V107/><F107/><W101/><G81/><T32/><D120/><U127/><E127/><V41/><F41/><W103/><G44/><AGARI ba="1,1" hai="3,4,11,16,20,24,27,29,33,38,42,44,112,113" machi="44" ten="40,5200,0" yaku="1,1,54,1,53,1" doraHai="8" doraHaiUra="12" who="2" fromWho="3" sc="157,0,339,0,250,65,244,-55" /><INIT seed="4,0,0,5,0,98" ten="157,339,315,189" oya="0" hai0="37,101,29,10,67,39,64,35,36,130,76,109,11" hai1="127,88,6,128,110,5,72,94,61,31,126,99,65" hai2="17,25,93,125,9,3,102,0,58,92,134,115,49" hai3="44,53,132,86,104,54,106,123,135,26,119,38,71"/><T81/><D130/><U122/><E72/><V89/><F115/><W24/><G86/><T42/><D42/><U113/><E122/><V30/><F134/><N who="3" m="51243" /><G71/><T27/><D109/><U12/><E110/><V51/><F125/><N who="1" m="47625" /><E113/><V47/><F17/><W63/><G119/><T108/><D108/><U56/><E128/><V78/><F78/><W75/><G75/><T133/><D133/><U13/><E31/><V32/><F58/><W85/><G85/><T14/><D101/><U121/><E121/><V23/><F32/><W97/><G63/><T4/><REACH who="0" step="1"/><D10/><REACH who="0" ten="147,339,315,189" step="2"/><U107/><E107/><V77/><F9/><W100/><G106/><T33/><D33/><U111/><E111/><V43/><F43/><N who="3" m="22647" /><G123/><T84/><AGARI ba="0,1" hai="4,11,14,27,29,35,36,37,39,64,67,76,81,84" machi="84" ten="30,6000,0" yaku="1,1,0,1,53,1" doraHai="98" doraHaiUra="73" who="0" fromWho="0" sc="147,70,339,-20,315,-20,189,-20" /><INIT seed="4,1,0,1,2,80" ten="217,319,295,169" oya="0" hai0="73,58,55,43,103,22,51,92,45,37,83,62,120" hai1="68,129,82,79,53,108,4,112,36,35,114,117,31" hai2="7,121,86,9,81,19,87,34,90,84,41,21,64" hai3="50,20,71,105,104,42,2,99,78,23,14,66,130"/><T131/><D120/><U116/><E68/><V8/><F121/><W11/><G130/><T24/><D131/><U94/><E36/><V6/><F34/><W118/><G118/><T75/><D83/><U49/><E129/><V32/><F32/><W102/><G2/><T47/><D103/><U39/><E39/><V107/><F107/><W96/><G78/><T26/><D92/><U0/><E108/><V119/><F41/><W63/><G42/><T13/><D13/><U5/><E94/><V115/><F64/><W95/><G50/><T133/><D133/><U122/><E122/><V27/><F119/><W98/><G98/><T97/><D97/><U74/><E116/><V69/><F69/><W134/><G134/><T56/><D56/><U1/><E1/><V132/><F132/><W57/><G71/><T40/><REACH who="0" step="1"/><D26/><REACH who="0" ten="207,319,295,169" step="2"/><N who="1" m="18935" /><E117/><V16/><F81/><W110/><G110/><T125/><D125/><U18/><E0/><V25/><F27/><W100/><REACH who="3" step="1"/><G95/><REACH who="3" ten="207,319,295,159" step="2"/><T67/><D67/><U72/><E82/><V70/><F70/><W60/><G60/><T33/><D33/><U88/><E74/><V61/><F61/><W124/><G124/><T89/><D89/><U76/><E88/><V77/><F90/><W111/><G111/><T30/><AGARI ba="1,2" hai="22,24,30,37,40,43,45,47,51,55,58,62,73,75" machi="30" ten="20,3900,0" yaku="1,1,0,1,7,1,53,0" doraHai="80" doraHaiUra="109" who="0" fromWho="0" sc="207,62,319,-14,295,-14,159,-14" /><INIT seed="4,2,0,1,4,47" ten="269,305,281,145" oya="0" hai0="13,5,0,111,66,69,134,57,89,113,70,64,15" hai1="91,49,50,40,58,77,21,20,112,93,62,44,122" hai2="59,38,27,48,132,42,18,53,8,68,1,129,19" hai3="117,84,105,99,85,80,23,92,135,75,43,123,96"/><T73/><D73/><U36/><E122/><V4/><F129/><W88/><G43/><T133/><D113/><U22/><E77/><V51/><F68/><N who="0" m="26218" /><D111/><U103/><E103/><V79/><F132/><N who="0" m="50794" /><D89/><U28/><E28/><V97/><F79/><N who="3" m="44159" /><G23/><T116/><D116/><U34/><E34/><V82/><F82/><N who="3" m="49207" /><G135/><T32/><D32/><U125/><E125/><V24/><F38/><W81/><G117/><T54/><D0/><U124/><E124/><V30/><F97/><N who="3" m="37451" /><G123/><T3/><D3/><U56/><E112/><V107/><F27/><W63/><G63/><N who="0" m="36279" /><D5/><U67/><REACH who="1" step="1"/><E56/><REACH who="1" ten="269,295,281,145" step="2"/><V95/><F59/><W98/><G105/><T100/><D100/><U130/><E130/><V126/><F107/><W119/><G119/><T33/><D33/><U108/><E108/><V102/><F126/><W9/><G9/><T61/><D61/><U60/><E60/><V14/><F8/><W16/><G16/><T118/><D118/><U6/><E6/><V52/><F4/><W7/><G7/><T35/><D35/><U104/><E104/><V26/><F19/><W41/><G41/><T106/><D106/><U39/><E39/><V131/><F42/><W2/><G2/><T31/><D31/><U71/><E71/><V45/><F1/><W87/><G81/><T37/><D37/><U12/><E12/><AGARI ba="2,1" hai="12,13,15,64,66" m="36279,50794,26218" machi="12" ten="30,1500,0" yaku="20,1" doraHai="47" who="0" fromWho="1" sc="269,31,295,-21,281,0,145,0" /><INIT seed="4,3,0,4,2,10" ten="300,274,281,145" oya="0" hai0="124,43,4,20,42,100,75,78,50,54,23,71,30" hai1="93,3,69,66,46,103,56,123,107,2,118,53,49" hai2="31,33,21,17,128,55,39,47,13,119,40,5,36" hai3="110,28,131,68,83,14,106,0,122,51,67,116,104"/><T135/><D71/><U98/><E123/><V120/><F120/><W7/><G110/><T59/><D124/><U95/><E118/><V6/><F128/><W80/><G51/><T32/><D135/><U99/><E69/><V8/><F119/><W76/><G28/><T130/><D130/><U9/><E9/><V27/><F55/><W70/><G7/><T48/><D4/><U74/><E74/><V129/><F129/><W125/><G76/><T16/><D100/><U19/><E19/><V134/><F6/><W62/><G62/><T97/><D97/><U65/><E107/><V108/><F134/><W96/><G67/><T88/><D32/><U105/><E105/><V112/><F108/><W111/><G96/><T64/><D64/><U35/><E35/><V114/><REACH who="2" step="1"/><F39/><REACH who="2" ten="300,274,271,145" step="2"/><W52/><G111/><T126/><D54/><U92/><E53/><V79/><F79/><W58/><G52/><T109/><D78/><U115/><E66/><V132/><F132/><W86/><G131/><T81/><D109/><U38/><E65/><V72/><F72/><W127/><G122/><T84/><D75/><U29/><E38/><V37/><F37/><W26/><G116/><T102/><D126/><U18/><E99/><V101/><F101/><W73/><G73/><T45/><D102/><U121/><E98/><V91/><F91/><W15/><G86/><T57/><D88/><U11/><E103/><V94/><F94/><W82/><G125/><T34/><D84/><U24/><E93/><V113/><F113/><W25/><G127/><T61/><D81/><N who="3" m="31337" /><G106/><T133/><D133/><RYUUKYOKU ba="3,1" sc="300,-10,274,-10,271,30,145,-10" hai2="5,8,13,17,21,27,31,33,36,40,47,112,114" /><INIT seed="5,4,1,2,1,117" ten="290,264,301,135" oya="1" hai0="2,114,106,100,134,51,131,101,103,121,97,62,82" hai1="50,102,91,27,76,72,122,16,96,74,20,12,4" hai2="61,118,93,77,30,73,135,35,52,58,25,13,22" hai3="37,127,47,86,89,81,59,104,98,60,111,108,55"/><U18/><E122/><V66/><F118/><W70/><G127/><T31/><D2/><U67/><E4/><V75/><F135/><W57/><G70/><T21/><D134/><U69/><E76/><V124/><F124/><W94/><G104/><T40/><D121/><U26/><E26/><V34/><F93/><W39/><G57/><T54/><D114/><U83/><E50/><V113/><F113/><W7/><G7/><T36/><D131/><U45/><E45/><V14/><F66/><W107/><G107/><T120/><D120/><U15/><E27/><V48/><F61/><W29/><G29/><T24/><D62/><U42/><E42/><V90/><F90/><W1/><G1/><T79/><D36/><U115/><E115/><V133/><F133/><W105/><G105/><T44/><REACH who="0" step="1"/><D40/><REACH who="0" ten="280,264,301,135" step="2"/><U9/><E69/><V125/><F125/><W28/><G39/><T11/><D11/><U110/><E110/><V99/><F99/><W85/><G37/><T84/><AGARI ba="4,2" hai="21,24,31,44,51,54,79,82,84,97,100,101,103,106" machi="84" ten="20,5200,0" yaku="1,1,0,1,7,1,53,1" doraHai="117" doraHaiUra="49" who="0" fromWho="0" sc="280,84,264,-30,301,-17,135,-17" /><INIT seed="6,0,0,3,5,25" ten="364,234,284,118" oya="2" hai0="31,75,119,54,13,133,47,105,87,62,92,19,123" hai1="52,51,60,98,57,135,20,59,15,34,44,56,134" hai2="81,118,17,48,64,27,93,78,91,85,94,32,74" hai3="128,131,115,29,89,23,11,35,122,42,132,100,127"/><V21/><F118/><W110/><G100/><T10/><D105/><U22/><E34/><V24/><F64/><W45/><G89/><N who="0" m="53311" /><D75/><U36/><E98/><V9/><F9/><W84/><G84/><T83/><D123/><U76/><E76/><V72/><F94/><W28/><G122/><T107/><D107/><U121/><E121/><V46/><F32/><W99/><G99/><T124/><D119/><U8/><E36/><V65/><F65/><W71/><G71/><T102/><D133/><N who="1" m="50699" /><E60/><V39/><F39/><W79/><G79/><T129/><D129/><N who="3" m="49737" /><G132/><T101/><D124/><U30/><E30/><N who="3" m="11882" /><G127/><T61/><D31/><U113/><E113/><V33/><F33/><W95/><G35/><T0/><D83/><U50/><E50/><V116/><F116/><W82/><G115/><T3/><D102/><U109/><E109/><V70/><F70/><W37/><G110/><T68/><D54/><U53/><E53/><V80/><F74/><W26/><G82/><T108/><D47/><U40/><E40/><V77/><F80/><W5/><G95/><T117/><D101/><U88/><E88/><V2/><F78/><W125/><G125/><T120/><D68/><U66/><E66/><V86/><F72/><W69/><G69/><T6/><D108/><U130/><E130/><V63/><F77/><W14/><G26/><T112/><D117/><U38/><E38/><V41/><F27/><W114/><G114/><T106/><D120/><U7/><AGARI ba="0,0" hai="7,8,15,20,22,44,51,52,56,57,59" m="50699" machi="7" ten="30,2000,0" yaku="20,1,54,1" doraHai="25" who="1" fromWho="1" sc="364,-5,234,20,284,-10,118,-5" /><INIT seed="7,0,0,1,4,114" ten="359,254,274,113" oya="3" hai0="10,123,61,122,57,13,134,3,86,44,2,11,69" hai1="21,130,65,104,46,47,97,60,43,84,20,62,88" hai2="35,89,25,124,8,6,53,50,68,31,94,51,103" hai3="0,63,102,72,80,45,98,56,132,27,12,41,101"/><W116/><G0/><T131/><D69/><U23/><E130/><V93/><F68/><W33/><G132/><T66/><D134/><U52/><E65/><V125/><F53/><W18/><G116/><T110/><D110/><U38/><E97/><V32/><F32/><W58/><G33/><T100/><D131/><U49/><REACH who="1" step="1"/><E104/><REACH who="1" ten="359,244,274,113" step="2"/><V29/><F29/><W1/><G1/><T42/><D66/><U73/><E73/><V81/><F124/><W129/><G129/><T9/><D3/><U17/><E17/><V117/><F125/><W34/><G98/><T74/><D2/><U5/><E5/><V77/><F6/><W99/><G99/><T19/><D19/><U119/><E119/><V39/><F31/><N who="3" m="19839" /><G102/><T112/><D100/><U4/><E4/><V26/><F103/><W78/><G101/><T92/><D74/><U120/><E120/><V111/><F117/><W22/><G63/><T28/><D61/><U71/><E71/><V15/><F111/><W107/><G107/><T55/><D28/><U128/><E128/><V108/><F108/><W95/><G95/><AGARI ba="0,1" hai="20,21,23,38,43,46,47,49,52,60,62,84,88,95" machi="95" ten="40,5200,0" yaku="1,1,54,2,53,0" doraHai="114" doraHaiUra="127" who="1" fromWho="3" sc="359,0,244,62,274,0,113,-52" owari="359,46.0,306,11.0,274,-13.0,61,-44.0" /></mjloggm>