<mjloggm ver="2.3"><GO type="97" lobby="0"/><UN n0="%44%2E%4C%75%6B%65" n1="%E6%BC%81%E5%A4%AB%E3%81%AE%E5%88%A9" n2="%E5%AE%89%E8%97%A4%E3%81%A7%E3%81%94%E3%81%96%E3%82%8B" n3="%E5%B0%B1%E6%B4%BB%E7%94%9F%40%E5%B7%9D%E6%9D%91%E8%BB%8D%E5%9B%A3" dan="14,15,13,15" rate="1920.35,2019.98,1864.11,2058.43" sx="M,M,F,M"/><TAIKYOKU oya="0"/><INIT seed="0,0,0,2,4,59" ten="250,250,250,250" oya="0" hai0="121,77,51,0,36,38,98,47,113,11,53,68,97" hai1="114,62,103,87,132,107,99,10,67,54,45,37,80" hai2="23,118,116,90,7,19,35,84,133,122,108,86,115" hai3="49,106,60,43,82,18,74,75,71,2,112,64,73"/><T29/><D68/><U21/><E114/><V13/><F35/><W25/><G106/><T17/><D113/><U111/><E132/><V63/><F115/><W78/><G2/><T48/><D121/><U65/><E111/><V89/><F122/><W20/><REACH who="3" step="1"/><G112/><REACH who="3" ten="250,250,250,240" step="2"/><T1/><D1/><U109/><E109/><V34/><F34/><W57/><G57/><T14/><D0/><U100/><E107/><V6/><F108/><W40/><G40/><T135/><D135/><U94/><E103/><V52/><F133/><W33/><G33/><T131/><D131/><U27/><E10/><V56/><F118/><W39/><G39/><T85/><D38/><U129/><E37/><V127/><F116/><W8/><G8/><T42/><D36/><U101/><E101/><V69/><F69/><W104/><G104/><T50/><D29/><N who="1" m="17647" /><E129/><V83/><F127/><W15/><G15/><T110/><D110/><U3/><E3/><V124/><F124/><W4/><G4/><T26/><D26/><U125/><E125/><V70/><F70/><W95/><G95/><AGARI ba="0,1" hai="6,7,13,19,23,52,56,63,83,84,86,89,90,95" machi="95" ten="30,7700,0" yaku="7,1,8,1,52,1,54,1" doraHai="59" who="2" fromWho="3" sc="250,0,250,0,250,87,240,-77" /><INIT seed="1,0,0,1,4,26" ten="250,250,337,163" oya="1" hai0="100,46,94,78,73,102,62,39,21,87,132,129,85" hai1="88,92,70,58,12,28,66,125,4,1,15,45,93" hai2="133,22,33,56,63,32,101,72,71,40,118,31,108" hai3="48,37,9,7,59,130,60,75,17,24,51,82,25"/><U30/><E70/><V55/><F118/><W27/><G37/><T90/><D129/><U106/><E106/><V114/><F71/><W54/><G130/><T42/><D73/><U41/><E125/><V89/><F72/><W96/><G75/><T57/><D132/><U38/><E1/><V120/><F120/><W0/><G51/><T74/><D74/><U109/><E93/><V36/><F101/><W44/><G82/><T95/><D78/><U126/><E126/><V47/><F108/><W52/><REACH who="3" step="1"/><G96/><REACH who="3" ten="250,250,337,153" step="2"/><T6/><D94/><U116/><E109/><V53/><F36/><W61/><G61/><T64/><D87/><U35/><E116/><V110/><F110/><W107/><G107/><T134/><D134/><U103/><E38/><V20/><F63/><W128/><G128/><T127/><D127/><U77/><E77/><V122/><F122/><W119/><G119/><T29/><D6/><U105/><E105/><V121/><F121/><W65/><G65/><T81/><REACH who="0" step="1"/><D81/><REACH who="0" ten="240,250,337,153" step="2"/><U97/><E4/><V83/><F83/><W99/><G99/><T131/><D131/><U67/><E92/><V18/><F133/><W50/><G50/><T135/><D135/><U10/><E97/><V80/><F80/><W86/><G86/><T113/><D113/><U19/><E103/><V34/><F89/><W3/><G3/><T14/><D14/><U117/><E88/><V2/><F2/><W84/><G84/><T5/><D5/><N who="1" m="3151" /><E117/><V8/><F114/><W111/><G111/><T43/><D43/><U79/><E79/><V98/><F40/><W76/><G76/><RYUUKYOKU ba="0,2" sc="240,15,250,-15,337,-15,153,15" hai0="21,29,39,42,46,57,62,64,85,90,95,100,102" hai3="0,7,9,17,24,25,27,44,48,52,54,59,60" /><INIT seed="2,1,2,5,1,2" ten="255,235,322,168" oya="2" hai0="70,105,91,104,74,117,114,40,61,85,89,133,43" hai1="17,38,69,32,65,82,37,122,60,112,15,55,121" hai2="67,108,39,49,94,101,52,109,23,18,92,71,13" hai3="93,118,72,9,107,53,62,64,79,124,88,30,113"/><V111/><F39/><W51/><G107/><T103/><D117/><U73/><E112/><V68/><F67/><W75/><G124/><T115/><D74/><U10/><E32/><V86/><F101/><W22/><G113/><T3/><D3/><U16/><E55/><V0/><F0/><W59/><G118/><T27/><D133/><U131/><E131/><V81/><F71/><W41/><G41/><T90/><D114/><U48/><E48/><V29/><F29/><W76/><G75/><T24/><D115/><U1/><E1/><V97/><F68/><W77/><G72/><T35/><D85/><U5/><E82/><V19/><F19/><N who="1" m="7241" /><E73/><V63/><F63/><W25/><G9/><T14/><D14/><U99/><E99/><V128/><F128/><W45/><REACH who="3" step="1"/><G76/><REACH who="3" ten="255,235,322,158" step="2"/><T125/><D125/><U54/><E54/><V66/><F109/><W96/><AGARI ba="1,3" hai="22,25,30,45,51,53,59,62,64,77,79,88,93,96" machi="96" ten="20,12000,2" yaku="1,1,2,1,0,1,7,1,8,1,54,1,53,0" doraHai="2" doraHaiUra="7" who="3" fromWho="3" sc="255,-31,235,-31,322,-61,158,153" /><INIT seed="3,0,0,1,3,122" ten="224,204,261,311" oya="3" hai0="29,67,92,71,53,131,50,58,82,31,102,121,42" hai1="38,98,4,124,40,118,9,8,1,10,32,63,49" hai2="26,72,68,20,127,110,84,7,83,16,41,66,60" hai3="103,87,116,107,81,3,64,104,69,14,73,15,47"/><W35/><G3/><T74/><D121/><U52/><E118/><V133/><F72/><W109/><G35/><T120/><D120/><U75/><E32/><V114/><F114/><W23/><G73/><T89/><D131/><U54/><E75/><V65/><F65/><W61/><G109/><T95/><D42/><U36/><E124/><V96/><F127/><W113/><G113/><T134/><D134/><U125/><E125/><V56/><F133/><W27/><G116/><T100/><D67/><U86/><E40/><V55/><F41/><W19/><G47/><T93/><D71/><U5/><E98/><V135/><F135/><W6/><G103/><T22/><D74/><U18/><E18/><V57/><F7/><W129/><G129/><T13/><D82/><U17/><E17/><V48/><F96/><W119/><G119/><T79/><D79/><U94/><E63/><V62/><F110/><W112/><G112/><T97/><D31/><U91/><E54/><V12/><F68/><W106/><REACH who="3" step="1"/><G6/><REACH who="3" ten="224,204,261,301" step="2"/><T30/><D102/><U76/><E5/><V37/><F37/><W25/><G25/><T59/><D100/><U0/><E4/><V108/><F108/><W45/><G45/><T2/><D2/><U43/><E38/><V111/><F111/><W34/><G34/><T99/><D99/><U77/><E1/><V46/><F26/><W115/><G115/><T117/><D117/><U101/><E101/><V85/><F46/><W128/><G128/><T24/><D13/><U39/><E0/><V78/><F84/><W88/><AGARI ba="0,1" hai="14,15,19,23,27,61,64,69,81,87,88,104,106,107" machi="88" ten="30,6000,0" yaku="1,1,0,1,54,1,53,0" doraHai="122" doraHaiUra="44" who="3" fromWho="3" sc="224,-20,204,-20,261,-20,301,70" owari="204,-20.0,184,-32.0,241,4.0,371,48.0" /></mjloggm>