<mjloggm ver="2.3"><GO type="225" lobby="0"/><UN n0="%28%EF%BC%BE%CF%89%EF%BC%BE%29%E3%81%8A%E3%81%89%E3%82%93" n1="%E5%A4%95%E5%8F%A2%E9%9C%A7%E9%A6%99" n2="%E3%83%88%E3%83%88%E3%83%AA%E5%85%88%E7%94%9F%31%39%E6%AD%B3" n3="%56%65%6E%75%73%53%61%79" dan="16,16,16,16" rate="2114.46,2065.84,2150.58,2162.83" sx="F,F,F,M"/><TAIKYOKU oya="0"/><INIT seed="0,0,0,1,3,24" ten="250,250,250,250" oya="0" hai0="86,132,98,112,87,121,55,122,43,20,78,82,90" hai1="25,106,47,73,74,111,84,114,56,71,59,15,39" hai2="91,22,67,54,120,95,99,94,65,46,97,23,109" hai3="83,119,14,113,6,30,129,124,126,92,68,93,11"/><T29/><D112/><U79/><E71/><V128/><F120/><W1/><G113/><T131/><D131/><U130/><E114/><V134/><F128/><W80/><G129/><T13/><D132/><U103/><E130/><V62/><F109/><W75/><G119/><T19/><D43/><U61/><E59/><N who="2" m="35191" /><F46/><W133/><G68/><T118/><D118/><U81/><BYE who="0" /><E111/><V72/><F72/><W58/><G133/><T34/><D34/><U7/><E25/><V5/><F5/><W33/><G1/><T32/><D32/><U117/><E117/><V104/><F104/><W35/><G35/><T53/><D53/><U57/><E57/><V48/><F48/><W16/><G6/><T127/><D127/><N who="3" m="48681" /><G58/><T96/><D96/><U42/><E103/><N who="2" m="60855" /><F134/><W41/><G41/><T135/><D135/><U85/><E106/><V115/><F115/><W107/><G107/><T21/><D21/><AGARI ba="0,0" hai="21,22,23,65,67,91,95,99" m="60855,35191" machi="21" ten="30,1000,0" yaku="8,1" doraHai="24" who="2" fromWho="0" sc="250,-10,250,0,250,10,250,0" /><UN n0="%28%EF%BC%BE%CF%89%EF%BC%BE%29%E3%81%8A%E3%81%89%E3%82%93" /><INIT seed="1,0,0,3,2,60" ten="240,250,260,250" oya="1" hai0="89,108,74,78,49,113,25,16,128,12,65,68,124" hai1="135,27,95,72,133,6,28,110,35,131,2,99,111" hai2="92,76,24,64,94,127,53,70,75,114,126,82,19" hai3="79,96,120,26,38,106,66,13,37,57,107,29,62"/><U48/><E72/><V88/><F114/><W77/><G120/><T61/><D113/><U42/><E131/><V118/><F118/><W18/><G38/><T39/><D39/><U73/><E73/><V125/><F94/><W20/><G37/><T67/><D128/><U69/><E69/><V17/><F53/><W112/><G112/><T93/><D124/><U119/><E119/><V80/><F80/><W63/><G63/><T22/><D108/><N who="1" m="41515" /><E6/><V8/><F8/><W117/><G117/><T116/><D116/><U59/><E2/><V5/><F5/><W98/><G98/><T51/><D67/><U9/><E9/><V115/><F115/><W130/><G130/><T104/><D104/><U81/><E81/><V123/><F123/><W11/><REACH who="3" step="1"/><G107/><REACH who="3" ten="240,250,260,240" step="2"/><T58/><D68/><U85/><E99/><N who="2" m="57735" /><F70/><W43/><G43/><T47/><D49/><U36/><E36/><V32/><F64/><W21/><G21/><T33/><D33/><U55/><E42/><V109/><F109/><W87/><G87/><N who="0" m="52415" /><D74/><U3/><E48/><V10/><F10/><W83/><G83/><T54/><D78/><U14/><E85/><V41/><F41/><W0/><G0/><T56/><D47/><U46/><E46/><V101/><F32/><W100/><AGARI ba="0,1" hai="11,13,18,20,26,29,57,62,66,77,79,96,100,106" machi="100" ten="30,4000,0" yaku="1,1,0,1,52,1,53,0" doraHai="60" doraHaiUra="129" who="3" fromWho="3" sc="240,-10,250,-20,260,-10,240,50" /><INIT seed="2,0,0,0,2,65" ten="230,230,250,290" oya="2" hai0="129,9,7,126,51,90,13,121,104,128,68,123,38" hai1="43,53,99,83,25,26,94,127,96,59,135,84,76" hai2="32,49,91,87,27,16,37,105,57,71,78,89,75" hai3="130,95,111,47,112,17,33,28,72,3,35,82,4"/><V66/><F37/><W69/><G95/><T24/><D38/><U46/><E135/><V41/><F105/><W64/><G17/><T85/><D104/><U1/><E1/><V108/><F75/><W42/><G111/><T86/><D68/><U58/><E127/><V40/><F108/><W81/><G81/><T39/><D39/><U15/><E15/><V93/><F78/><N who="3" m="44359" /><G130/><N who="0" m="50283" /><D126/><U0/><E0/><V45/><F71/><W8/><G28/><T92/><D85/><U67/><E67/><V6/><F6/><W19/><G19/><T70/><D70/><U62/><E58/><V48/><F32/><W120/><G120/><T114/><D114/><U11/><E11/><V119/><F119/><W56/><G56/><T55/><D24/><N who="1" m="9323" /><E94/><N who="2" m="54591" /><F66/><W115/><G47/><AGARI ba="0,0" hai="7,9,13,47,51,55,86,90,92,121,123" m="50283" machi="47" ten="30,1000,0" yaku="19,1" doraHai="65" who="0" fromWho="3" sc="230,10,230,0,250,0,290,-10" /><INIT seed="3,0,0,4,1,128" ten="240,230,250,280" oya="3" hai0="134,64,59,31,62,35,39,130,113,58,48,90,1" hai1="24,45,23,83,8,28,124,75,96,118,126,50,94" hai2="16,88,5,66,33,98,17,9,131,104,3,78,77" hai3="91,116,42,72,100,41,56,120,67,54,85,115,68"/><W6/><G120/><T125/><D1/><U10/><E118/><V22/><F33/><W82/><G116/><T34/><D39/><U55/><E75/><V2/><F2/><W74/><G115/><T15/><D125/><N who="1" m="48235" /><E83/><V93/><F131/><W30/><G6/><T121/><D121/><U111/><E111/><V129/><F129/><W26/><G100/><AGARI ba="0,0" hai="8,10,23,24,28,45,50,55,94,96,100" m="48235" machi="100" ten="30,1000,0" yaku="18,1" doraHai="128" who="1" fromWho="3" sc="240,0,230,10,250,0,280,-10" /><INIT seed="4,0,0,4,0,34" ten="240,240,250,270" oya="0" hai0="110,53,118,5,123,135,93,128,44,81,92,49,126" hai1="134,130,19,87,89,84,80,133,113,8,25,88,31" hai2="11,3,27,22,107,2,131,38,91,55,112,43,114" hai3="10,104,76,99,106,48,116,64,78,51,90,56,26"/><T29/><D118/><U119/><E119/><V77/><F107/><W40/><G116/><T108/><D123/><U21/><E130/><V95/><F131/><W33/><G10/><T75/><D128/><U17/><E113/><N who="2" m="43627" /><F77/><W73/><G73/><T18/><D126/><U32/><E8/><V101/><F101/><W41/><G33/><T70/><D70/><U7/><E7/><V62/><F11/><W82/><G26/><T47/><D135/><N who="1" m="51723" /><E32/><V66/><F55/><W97/><G64/><T98/><D29/><U129/><E129/><V15/><F15/><W96/><G90/><T94/><D5/><U13/><E13/><V65/><F43/><N who="3" m="16459" /><G82/><AGARI ba="0,0" hai="17,19,21,25,31,80,82,84,87,88,89" m="51723" machi="82" ten="30,2000,0" yaku="20,1,54,1" doraHai="34" who="1" fromWho="3" sc="240,0,240,20,250,0,270,-20" /><INIT seed="5,0,0,1,3,100" ten="240,260,250,250" oya="1" hai0="31,44,27,48,50,45,23,110,51,24,55,99,102" hai1="65,59,96,108,43,58,61,8,47,129,126,21,132" hai2="113,84,76,20,4,33,112,133,66,17,101,36,53" hai3="78,15,63,18,10,16,115,77,28,93,121,130,41"/><U71/><E126/><V119/><F119/><W90/><G121/><T60/><D110/><U117/><E117/><V3/><F33/><W73/><G130/><T35/><D60/><U123/><E123/><V92/><F36/><W118/><G118/><T13/><D13/><U116/><E116/><V69/><F133/><W95/><G115/><T122/><D122/><U29/><E132/><V125/><F125/><W56/><G28/><T124/><D124/><U25/><E129/><V127/><F127/><W14/><G41/><T75/><D75/><U89/><E108/><V104/><F104/><W85/><G93/><T111/><D111/><U67/><E8/><V86/><F53/><W12/><G73/><T54/><D50/><N who="1" m="27007" /><E71/><V120/><F120/><W19/><REACH who="3" step="1"/><G10/><REACH who="3" ten="240,260,250,240" step="2"/><T30/><D30/><U103/><E29/><V80/><F92/><W42/><G42/><T88/><D35/><U57/><E103/><V109/><F101/><W94/><G94/><T32/><D32/><U70/><E96/><V34/><F34/><W39/><G39/><T72/><D72/><U0/><E67/><AGARI ba="0,1" hai="12,14,15,16,18,19,56,63,67,77,78,85,90,95" machi="67" ten="40,8000,1" yaku="1,1,8,1,54,1,53,1" doraHai="100" doraHaiUra="81" who="3" fromWho="1" sc="240,0,260,-80,250,0,240,90" owari="240,-16.0,180,-32.0,250,5.0,330,43.0" /></mjloggm>