<mjloggm ver="2.3"><GO type="169" lobby="0"/><UN n0="%E9%9B%80%E9%BE%8D%E9%96%80%5F%59%75%74%69" n1="%68%61%79%61%74%6F%E2%98%86" n2="%E3%83%88%E3%83%88%E3%83%AA%E5%85%88%E7%94%9F%31%39%E6%AD%B3" n3="%E3%82%84%E3%81%BE%E3%83%BC%E3%82%93" dan="16,17,17,18" rate="2148.16,2191.08,2127.71,2231.37" sx="M,M,F,M"/><TAIKYOKU oya="0"/><INIT seed="0,0,0,4,5,40" ten="250,250,250,250" oya="0" hai0="116,122,11,74,94,126,44,58,15,56,28,106,124" hai1="42,1,112,20,53,123,54,63,129,49,52,90,103" hai2="10,98,9,128,39,36,125,109,17,72,51,8,23" hai3="69,110,121,117,64,16,37,18,107,50,32,75,118"/><T99/><D122/><U61/><E123/><V35/><F72/><W24/><G75/><T33/><D116/><U14/><E1/><V92/><F35/><W133/><G121/><T80/><D106/><U113/><E103/><V0/><F0/><W91/><G110/><T57/><D28/><U76/><E76/><V108/><F128/><W97/><G133/><T111/><D33/><U60/><E90/><V26/><F125/><N who="0" m="48234" /><D111/><N who="2" m="42570" /><F51/><W96/><G37/><T22/><D22/><U38/><E20/><V45/><F45/><W5/><G107/><T41/><D80/><U102/><E14/><V120/><F120/><W104/><G32/><T68/><D68/><U95/><E129/><V130/><F130/><W73/><G69/><T46/><D41/><U89/><E102/><AGARI ba="0,0" hai="8,9,10,17,23,26,36,39,92,98,102" m="42570" machi="102" ten="30,1000,0" yaku="14,1" doraHai="40" who="2" fromWho="1" sc="250,0,250,-10,250,10,250,0" /><INIT seed="1,0,0,4,1,9" ten="250,240,260,250" oya="1" hai0="88,42,29,101,57,103,61,34,100,37,94,8,98" hai1="55,107,69,99,70,135,10,80,117,65,67,97,51" hai2="31,19,128,126,1,83,76,33,38,12,108,84,13" hai3="129,39,23,14,90,21,47,105,125,66,22,32,75"/><U20/><E117/><V122/><F122/><W40/><G32/><T81/><D37/><U132/><E80/><V30/><F1/><W3/><G3/><T68/><D68/><U93/><E20/><V104/><F104/><W118/><G75/><T102/><D42/><U41/><E41/><V2/><F2/><W4/><G105/><T95/><D81/><U27/><E27/><V121/><F121/><W79/><G79/><T113/><D113/><U119/><E119/><V91/><F38/><W123/><G123/><T106/><D106/><U109/><E109/><V50/><F108/><W62/><G129/><T89/><D8/><U115/><E115/><V133/><F133/><N who="1" m="51273" /><E10/><V110/><F126/><W111/><G4/><T112/><D112/><U74/><E74/><V85/><F110/><W48/><G39/><T73/><D73/><U124/><E124/><V35/><F128/><W18/><G125/><T25/><REACH who="0" step="1"/><D94/><REACH who="0" ten="240,240,260,250" step="2"/><U116/><E116/><V54/><F83/><W43/><G118/><T7/><D7/><U0/><E0/><V72/><F72/><W86/><G111/><T63/><D63/><U130/><E130/><V28/><F50/><W58/><G43/><T71/><D71/><N who="1" m="27147" /><E107/><V59/><F76/><W6/><G6/><T77/><D77/><U26/><E93/><AGARI ba="0,1" hai="14,18,21,22,23,40,47,48,58,62,66,86,90,93" machi="93" ten="30,3900,0" yaku="7,1,8,1,52,1" doraHai="9" who="3" fromWho="1" sc="240,0,240,-39,260,0,250,49" /><INIT seed="2,0,0,1,4,105" ten="240,201,260,299" oya="2" hai0="57,95,1,29,126,32,90,30,106,14,2,120,77" hai1="132,113,92,129,61,93,19,117,68,131,56,103,79" hai2="26,69,125,130,64,118,114,40,97,111,135,119,94" hai3="122,39,52,23,51,42,88,78,70,47,50,5,49"/><V48/><F114/><W46/><G70/><T115/><D120/><U31/><E68/><V72/><F130/><W8/><G122/><T99/><D14/><U73/><E117/><V124/><F135/><W6/><G6/><T11/><D115/><U44/><E31/><V21/><F72/><W4/><G4/><T36/><D36/><U59/><E113/><V22/><F111/><W134/><G134/><T89/><D106/><U104/><E132/><V74/><F74/><W45/><G23/><T34/><D99/><U123/><E44/><N who="2" m="25607" /><F22/><W62/><G62/><T63/><D63/><U86/><E123/><V7/><F7/><W53/><G78/><T107/><D77/><U91/><E19/><N who="2" m="12607" /><F64/><W20/><G20/><T13/><D107/><U96/><E93/><V112/><F69/><W55/><REACH who="3" step="1"/><G88/><REACH who="3" ten="240,201,260,289" step="2"/><T24/><D89/><U54/><REACH who="1" step="1"/><E59/><REACH who="1" ten="240,191,260,289" step="2"/><V121/><F112/><W37/><G37/><T81/><D57/><U84/><E84/><V109/><F121/><W128/><G128/><T67/><D30/><U17/><E17/><V0/><F119/><W76/><G76/><T101/><D29/><U16/><E16/><V38/><F118/><W80/><G80/><AGARI ba="0,2" hai="54,56,61,73,79,80,86,91,92,96,103,104,129,131" machi="80" ten="40,8000,1" yaku="1,1,24,2,52,1,53,0" doraHai="105" doraHaiUra="116" who="1" fromWho="3" sc="240,0,191,100,260,0,289,-80" /><INIT seed="3,0,0,3,1,115" ten="240,291,260,209" oya="3" hai0="39,126,9,36,34,61,45,30,105,27,28,63,3" hai1="10,103,110,73,47,128,89,133,44,131,130,86,98" hai2="70,7,11,5,18,118,72,67,104,51,48,108,50" hai3="75,97,21,83,35,40,91,29,42,4,19,24,82"/><W8/><G75/><T49/><D126/><U69/><E73/><V81/><F104/><W109/><G109/><T74/><D30/><U62/><E110/><V6/><F108/><W78/><G83/><T135/><D135/><U0/><E133/><V43/><F118/><W124/><G124/><T23/><D105/><N who="1" m="63735" /><E10/><V77/><F70/><W15/><G97/><T14/><D74/><U80/><E0/><V59/><F67/><AGARI ba="0,0" hai="44,47,62,67,69,80,86,89,128,130,131" m="63735" machi="67" ten="30,1000,0" yaku="19,1" doraHai="115" who="1" fromWho="2" sc="240,0,291,10,260,-10,209,0" /><INIT seed="4,0,0,4,5,54" ten="240,301,250,209" oya="0" hai0="7,31,128,87,117,14,130,46,35,111,98,2,49" hai1="33,81,76,84,79,60,30,72,107,64,36,127,114" hai2="19,69,96,20,75,66,27,129,112,51,24,0,119" hai3="124,82,63,88,133,41,40,100,5,45,105,57,91"/><T97/><D117/><U94/><E127/><V135/><F75/><W32/><G124/><T106/><D2/><U1/><E1/><V6/><F119/><W123/><G123/><T101/><D98/><U62/><E107/><V18/><F112/><W9/><G133/><T120/><D120/><U52/><E36/><V26/><F135/><W22/><G32/><T68/><D68/><U103/><E79/><V121/><F121/><W102/><G105/><T28/><D111/><U131/><E131/><N who="0" m="50217" /><D35/><U4/><E4/><V48/><F129/><W56/><G22/><T65/><D65/><U12/><E114/><V108/><F108/><W61/><G5/><T122/><D87/><U43/><E43/><N who="3" m="16458" /><G45/><T29/><D122/><U11/><E72/><V132/><F132/><W113/><G113/><T116/><D116/><U42/><E42/><V25/><F6/><W55/><G9/><N who="0" m="4415" /><D46/><U16/><E33/><V89/><F0/><W67/><G82/><T71/><D71/><U23/><E11/><V58/><F69/><W34/><G34/><T50/><AGARI ba="0,0" hai="28,29,31,49,50,97,101,106" m="4415,50217" machi="50" ten="40,2100,0" yaku="19,1" doraHai="54" who="0" fromWho="0" sc="240,21,301,-7,250,-7,209,-7" /><INIT seed="4,1,0,5,2,96" ten="261,294,243,202" oya="0" hai0="65,58,57,5,128,10,121,6,16,84,49,46,94" hai1="24,104,75,123,62,133,47,105,72,0,85,126,97" hai2="7,48,89,11,37,106,74,108,2,80,127,92,55" hai3="4,14,83,56,109,120,95,9,100,113,110,68,50"/><T15/><D121/><U66/><E0/><V130/><F108/><W135/><G68/><T69/><D128/><U131/><E123/><V93/><F130/><W38/><G38/><T76/><D69/><U125/><E131/><V118/><F127/><W111/><G120/><T70/><D70/><U101/><E105/><V82/><F118/><W59/><G113/><T63/><D58/><N who="1" m="37207" /><E133/><V31/><F106/><W64/><G135/><T112/><D112/><U30/><E85/><V23/><F37/><W71/><G83/><N who="0" m="47207" /><D94/><U73/><E47/><V36/><F36/><W18/><G71/><T3/><D3/><U44/><E44/><V107/><F107/><W60/><G59/><T25/><D25/><U17/><E17/><V67/><F74/><W54/><G18/><T39/><D39/><U28/><E24/><V27/><F67/><W91/><G64/><T99/><D99/><U114/><E114/><V129/><F129/><W13/><G13/><T81/><D81/><U79/><E79/><V34/><F92/><W61/><G109/><T45/><D45/><U78/><E78/><V21/><F80/><W88/><G110/><T119/><D119/><U19/><E19/><V103/><F82/><W1/><G1/><T102/><D102/><U32/><E32/><V52/><F103/><W29/><G111/><T98/><D98/><U53/><E53/><AGARI ba="1,0" hai="5,6,10,15,16,46,49,53,57,63,65" m="47207" machi="53" ten="30,2900,0" yaku="8,1,54,1" doraHai="96" who="0" fromWho="1" sc="261,32,294,-32,243,0,202,0" /><INIT seed="4,2,0,0,1,12" ten="293,262,243,202" oya="0" hai0="55,93,73,14,120,87,28,52,68,119,35,118,98" hai1="61,3,65,134,77,89,29,63,130,107,109,127,36" hai2="124,9,102,24,131,126,122,30,85,7,45,25,42" hai3="135,112,13,53,18,32,99,113,74,10,49,64,104"/><T94/><D120/><U16/><E36/><V116/><F122/><W123/><G32/><T22/><D73/><U81/><E109/><V84/><F131/><W125/><G123/><T38/><D38/><U4/><E107/><V132/><F132/><W23/><G74/><T80/><D68/><U121/><E121/><V20/><F102/><N who="3" m="62559" /><G135/><T117/><D35/><U37/><E37/><N who="2" m="21711" /><F25/><W6/><G64/><T92/><D98/><U5/><E29/><V97/><F97/><W88/><G125/><N who="2" m="48233" /><F116/><W46/><G88/><T26/><REACH who="0" step="1"/><D14/><AGARI ba="2,0" hai="7,9,14,20,24,30,84,85" m="48233,21711" machi="14" ten="30,1000,0" yaku="18,1" doraHai="12" who="2" fromWho="0" sc="293,-16,262,0,243,16,202,0" /><INIT seed="5,0,0,4,0,17" ten="277,262,259,202" oya="1" hai0="127,11,83,128,45,36,84,47,120,98,82,7,23" hai1="70,69,8,103,95,86,14,55,49,66,131,85,87" hai2="112,44,129,65,25,134,62,77,48,89,91,2,126" hai3="116,22,78,79,68,99,101,73,64,67,29,113,30"/><U130/><E66/><V3/><F129/><N who="1" m="49161" /><E95/><V31/><F134/><W75/><G113/><T38/><D84/><U46/><E103/><V72/><F112/><W102/><G68/><T6/><D98/><U28/><E28/><V92/><F126/><W81/><G22/><T57/><D128/><U111/><E111/><V59/><F77/><W90/><G90/><T27/><D127/><U110/><E110/><V119/><F72/><W61/><G61/><T39/><D57/><U118/><E118/><V21/><F119/><W52/><G52/><T58/><D58/><U33/><E33/><V0/><REACH who="2" step="1"/><F92/><REACH who="2" ten="277,262,249,202" step="2"/><W133/><G116/><T124/><D124/><U51/><E51/><V13/><F13/><W88/><G133/><T41/><D39/><U96/><E96/><V40/><AGARI ba="0,1" hai="0,2,3,21,25,31,40,44,48,59,62,65,89,91" machi="40" ten="30,4000,0" yaku="1,1,0,1,52,1,53,0" doraHai="17" doraHaiUra="107" who="2" fromWho="2" sc="277,-10,262,-20,249,50,202,-10" /><INIT seed="6,0,0,1,1,51" ten="267,242,299,192" oya="2" hai0="4,23,77,79,9,14,99,121,18,12,48,52,61" hai1="118,25,11,112,126,123,42,43,115,40,34,86,31" hai2="16,5,113,66,80,93,45,24,73,127,81,1,131" hai3="134,105,125,21,0,55,10,32,30,129,110,65,71"/><V130/><F113/><N who="1" m="43593" /><E118/><V96/><F127/><W13/><G105/><T133/><D121/><U59/><E126/><V67/><F5/><W53/><G125/><T109/><D109/><U114/><N who="1" m="43601" /><U36/><DORA hai="64" /><E123/><V75/><F1/><W58/><G110/><T28/><D133/><U88/><E11/><V95/><F45/><W106/><G106/><T97/><D61/><U120/><E120/><V26/><REACH who="2" step="1"/><F96/><REACH who="2" ten="267,242,289,192" step="2"/><N who="0" m="36938" /><D28/><U68/><E36/><V44/><F44/><AGARI ba="0,1" hai="4,9,12,14,18,23,44,48,52,77,79" m="36938" machi="44" ten="30,3900,0" yaku="8,1,52,1,54,1" doraHai="51,64" who="0" fromWho="2" sc="267,49,242,0,289,-39,192,0" /><INIT seed="7,0,0,4,3,2" ten="316,242,250,192" oya="3" hai0="68,112,114,37,98,6,35,22,105,75,64,25,110" hai1="30,86,78,60,83,118,61,0,104,101,130,31,42" hai2="54,26,38,107,50,102,55,36,99,84,44,92,77" hai3="11,17,94,106,23,109,129,88,81,21,100,40,124"/><W82/><G124/><T67/><D6/><U122/><E122/><V48/><F26/><W57/><G106/><T8/><D110/><U103/><E0/><V43/><F43/><W12/><G109/><T134/><D8/><U72/><E72/><V28/><F28/><N who="1" m="10793" /><E104/><V5/><F5/><N who="3" m="3183" /><G129/><T120/><D98/><U132/><E132/><V7/><F7/><W66/><G40/><T131/><D64/><U39/><E39/><V63/><F63/><N who="1" m="24137" /><E130/><V113/><F113/><W90/><G66/><T95/><D67/><U79/><E42/><V59/><F107/><W14/><G57/><T74/><D68/><U97/><E118/><V56/><F44/><W20/><G100/><N who="1" m="38474" /><E97/><V135/><F135/><W34/><G34/><T65/><D35/><U123/><E123/><V19/><F19/><W73/><G73/><T115/><D105/><U18/><E18/><V96/><F96/><N who="3" m="57415" /><G90/><AGARI ba="0,0" hai="78,79,83,86,90" m="38474,24137,10793" machi="90" ten="30,1000,0" yaku="8,1" doraHai="2" who="1" fromWho="3" sc="316,0,242,10,250,0,192,-10" owari="316,42.0,252,5.0,250,-15.0,182,-32.0" /></mjloggm>