<mjloggm ver="2.3"><GO type="97" lobby="0"/><UN n0="%31%35%30%36" n1="%E3%81%BE%E3%82%8A%E3%81%99%E3%82%89" n2="%E9%9B%A8%E8%9B%99" n3="%E5%B0%B1%E6%B4%BB%E7%94%9F%40%E5%B7%9D%E6%9D%91%E8%BB%8D%E5%9B%A3" dan="14,14,14,14" rate="1924.73,1898.48,1930.35,1973.53" sx="M,F,M,M"/><TAIKYOKU oya="0"/><INIT seed="0,0,0,1,5,62" ten="250,250,250,250" oya="0" hai0="1,103,64,126,104,22,48,39,93,83,123,109,46" hai1="72,27,43,128,6,129,81,92,59,45,10,21,132" hai2="68,37,5,50,7,76,124,54,34,32,4,44,16" hai3="2,78,135,108,87,95,24,94,77,102,88,11,100"/><T79/><D1/><U107/><E107/><V63/><F124/><W111/><G24/><T60/><D123/><U99/><E132/><V75/><F37/><W70/><G70/><T35/><D35/><U26/><E59/><V56/><F68/><W97/><G135/><T17/><D104/><U130/><E21/><V36/><F36/><W133/><G133/><T8/><D8/><U58/><E58/><V71/><F71/><W120/><G120/><T116/><D39/><U38/><E72/><V40/><F75/><W14/><G2/><T9/><D9/><U69/><E81/><V91/><F76/><N who="3" m="29291" /><G14/><N who="0" m="9527" /><D116/><U30/><E30/><V0/><F0/><W127/><G11/><T15/><D15/><U131/><N who="1" m="33280" /><DORA hai="67" /><U61/><E61/><V42/><F91/><N who="3" m="55519" /><G127/><T51/><D46/><U23/><E23/><V114/><F114/><W82/><G82/><T33/><D33/><U13/><REACH who="1" step="1"/><E69/><REACH who="1" ten="250,240,250,250" step="2"/><V47/><F34/><W3/><G3/><T86/><D126/><U105/><E105/><V90/><F32/><W55/><G95/><T19/><D93/><U118/><E118/><V134/><F134/><W98/><G108/><T89/><D109/><U125/><E125/><V96/><F63/><W49/><G111/><T117/><D117/><U41/><E41/><V110/><F110/><W31/><G31/><T12/><D60/><U113/><E113/><V20/><F42/><W85/><G55/><T84/><D19/><U52/><E52/><V121/><F40/><W119/><G119/><T106/><D83/><U18/><E18/><V115/><F121/><W101/><G49/><RYUUKYOKU ba="0,1" sc="250,-15,240,15,250,-15,250,15" hai1="6,10,13,26,27,38,43,45,92,99" hai3="85,87,88,98,100,101,102" /><INIT seed="1,1,1,1,1,133" ten="235,255,235,265" oya="1" hai0="110,72,5,64,87,106,60,6,114,117,39,89,45" hai1="66,28,132,59,97,102,120,125,96,54,121,22,55" hai2="74,37,1,14,122,32,70,42,94,7,31,69,63" hai3="126,65,101,20,68,92,127,86,43,41,124,93,75"/><U82/><E132/><V80/><F122/><W108/><G75/><T76/><D76/><U29/><E120/><V109/><F109/><W111/><G68/><T53/><D53/><U123/><E82/><V25/><F14/><W131/><G65/><T61/><D61/><U90/><E90/><V113/><F94/><N who="3" m="36459" /><G131/><T130/><D130/><U11/><E11/><N who="2" m="2543" /><F63/><W26/><G101/><T17/><D17/><U103/><E22/><V104/><F104/><W9/><G9/><T134/><D134/><U78/><E78/><N who="2" m="44119" /><F113/><W34/><G86/><T52/><D52/><U21/><E21/><V50/><F50/><W88/><G34/><T129/><D129/><U47/><E47/><AGARI ba="1,1" hai="25,31,32,37,42,47,69,70" m="44119,2543" machi="47" ten="30,3900,0" yaku="25,1,33,2" doraHai="133" who="2" fromWho="1" sc="235,0,255,-42,235,52,265,0" /><INIT seed="2,0,0,3,5,55" ten="235,213,287,265" oya="2" hai0="84,118,5,103,30,50,48,97,6,107,43,66,26" hai1="93,76,104,16,39,54,11,121,85,52,27,128,120" hai2="60,125,62,96,127,1,23,19,83,47,106,65,29" hai3="69,53,124,10,135,95,49,4,34,2,0,75,28"/><V51/><F1/><W40/><G75/><T114/><D114/><U90/><E104/><V67/><F29/><W41/><G69/><T21/><D118/><U73/><E128/><V98/><F83/><W71/><G71/><T117/><D117/><U36/><E36/><V131/><F131/><W79/><G124/><N who="2" m="47689" /><F106/><W45/><G135/><T38/><D38/><U132/><E39/><V70/><F62/><W15/><G79/><T92/><D66/><U126/><E126/><V35/><F67/><W134/><G134/><T8/><D43/><U20/><E132/><V110/><F35/><W7/><G7/><T58/><D58/><U116/><E116/><V123/><F110/><W72/><G72/><T78/><D78/><U42/><E42/><N who="2" m="25079" /><F123/><N who="1" m="47177" /><E11/><V57/><F70/><W31/><G34/><T18/><D107/><U17/><E17/><V12/><AGARI ba="0,0" hai="12,19,23,57,60,65,96,98" m="25079,47689" machi="12" ten="30,3000,0" yaku="18,1,52,1" doraHai="55" who="2" fromWho="2" sc="235,-10,213,-10,287,30,265,-10" /><INIT seed="2,1,0,4,2,19" ten="225,203,317,255" oya="2" hai0="67,82,106,9,58,39,33,54,73,63,46,71,120" hai1="92,50,64,23,34,37,18,77,43,48,56,93,60" hai2="6,109,59,24,76,8,116,86,11,79,12,10,75" hai3="66,125,49,4,130,3,110,127,80,87,118,85,31"/><V131/><F116/><W111/><G118/><T123/><D106/><U124/><E34/><V90/><F131/><W128/><G66/><T0/><D33/><U133/><E124/><N who="3" m="47690" /><G31/><T55/><D55/><U41/><E133/><V68/><F68/><W25/><G25/><T52/><D54/><U7/><E7/><V17/><F109/><N who="3" m="41483" /><G49/><N who="1" m="19050" /><E37/><V26/><F59/><W28/><G28/><T98/><D98/><U119/><E119/><V47/><F47/><W121/><G121/><T134/><D134/><U112/><E112/><V94/><F75/><W20/><G20/><T22/><D22/><U126/><E126/><V61/><F61/><W15/><G3/><T42/><D71/><U35/><E77/><N who="2" m="29771" /><F6/><W114/><G114/><T104/><D67/><U103/><E35/><V115/><F115/><W135/><G135/><T44/><D44/><U38/><E38/><V102/><F102/><W32/><G32/><T36/><D36/><U83/><E83/><V78/><F78/><N who="3" m="46231" /><G87/><T122/><D0/><U30/><E30/><V27/><AGARI ba="1,0" hai="8,10,11,12,17,24,26,27,86,90,94" m="29771" machi="27" ten="30,1500,0" yaku="8,1" doraHai="19" who="2" fromWho="2" sc="225,-6,203,-6,317,18,255,-6" /><INIT seed="2,2,0,3,0,64" ten="219,197,335,249" oya="2" hai0="11,130,92,5,111,2,124,77,84,88,46,122,132" hai1="87,112,99,70,57,125,118,71,25,35,62,16,72" hai2="128,63,82,54,106,98,59,14,83,45,73,113,127" hai3="135,4,103,51,19,97,49,1,121,12,76,0,34"/><V39/><F113/><W52/><G121/><T105/><D122/><U67/><E67/><V44/><F128/><W90/><G34/><T78/><D105/><U31/><E72/><V18/><F127/><W7/><G135/><T96/><D130/><U53/><E118/><V60/><F39/><W41/><G76/><T94/><D124/><U28/><E125/><V37/><F37/><W117/><G117/><T69/><D69/><U107/><E112/><V29/><F29/><W66/><G66/><T22/><D111/><U85/><E28/><V3/><F3/><W129/><G129/><T74/><D74/><U108/><E108/><V33/><F60/><W48/><G41/><T10/><D10/><U109/><E109/><V6/><F6/><W32/><G32/><T8/><D8/><U80/><E16/><V40/><F40/><W116/><G116/><T13/><D46/><U104/><E87/><V65/><F65/><W114/><G114/><T86/><D86/><U56/><E57/><V131/><F131/><W38/><G38/><T89/><REACH who="0" step="1"/><D132/><REACH who="0" ten="209,197,335,249" step="2"/><U101/><REACH who="1" step="1"/><E107/><REACH who="1" ten="209,187,335,249" step="2"/><V123/><F106/><W27/><G7/><T61/><D61/><U55/><E55/><V100/><F54/><W20/><G52/><T24/><D24/><U68/><E68/><V133/><F63/><W79/><G27/><T30/><D30/><U95/><E95/><V47/><F133/><W120/><G4/><T91/><D91/><AGARI ba="2,2" hai="25,31,35,53,56,62,70,71,80,85,91,99,101,104" machi="91" ten="30,7700,0" yaku="1,1,7,1,52,2,53,0" doraHai="64" doraHaiUra="75" who="1" fromWho="0" sc="209,-83,187,103,335,0,249,0" /><INIT seed="3,0,0,5,3,113" ten="126,290,335,249" oya="3" hai0="20,5,64,106,31,81,41,133,8,124,102,95,66" hai1="82,118,96,59,53,91,108,109,105,28,112,33,94" hai2="135,35,13,125,92,47,32,123,26,42,60,132,100" hai3="130,67,121,72,50,37,51,17,48,90,10,30,6"/><W22/><G37/><T36/><D36/><U12/><E112/><V21/><F125/><W27/><G121/><T40/><D40/><U46/><E46/><V1/><F1/><W83/><G130/><T55/><D55/><U103/><E33/><V38/><F60/><W104/><G104/><T58/><D58/><U75/><E28/><N who="2" m="17487" /><BYE who="0" /><F13/><W116/><G116/><T18/><D18/><U107/><E12/><V29/><F29/><W114/><G114/><T134/><D134/><N who="2" m="51242" /><F123/><W62/><G72/><T3/><D3/><U15/><E15/><V131/><F131/><W9/><G6/><T101/><D101/><U57/><E57/><V127/><F127/><W80/><G90/><T126/><D126/><U52/><E53/><V86/><F86/><W85/><G30/><T19/><D19/><U88/><E91/><V39/><F39/><W78/><REACH who="3" step="1"/><G83/><REACH who="3" ten="126,290,335,239" step="2"/><T4/><D4/><U61/><E118/><V77/><F38/><W93/><G93/><T122/><D122/><U45/><E45/><V110/><F47/><W71/><AGARI ba="0,1" hai="9,10,17,22,27,48,50,51,62,67,71,78,80,85" machi="71" ten="30,3000,0" yaku="1,1,0,1,53,0" doraHai="113" doraHaiUra="99" who="3" fromWho="3" sc="126,-10,290,-10,335,-10,239,40" /><INIT seed="3,1,0,2,3,42" ten="116,280,325,279" oya="3" hai0="69,22,16,70,9,25,110,72,106,87,17,107,85" hai1="131,126,92,73,23,100,96,31,134,132,80,81,103" hai2="89,36,3,86,133,124,24,28,57,7,66,51,123" hai3="21,112,71,43,79,93,75,26,30,88,27,122,52"/><W18/><G122/><T46/><D46/><U40/><E126/><V113/><F36/><W4/><G112/><T60/><D60/><U15/><E131/><V98/><F113/><W118/><G71/><T34/><D34/><U29/><E40/><V37/><F37/><W39/><G118/><T8/><D8/><U1/><E1/><V102/><F133/><N who="1" m="51305" /><E103/><V84/><F102/><W111/><G111/><T44/><D44/><U6/><E73/><V109/><F124/><W54/><G4/><T135/><D135/><U14/><E15/><V83/><F109/><W53/><G75/><T5/><D5/><U128/><E128/><V94/><F3/><W20/><G79/><T120/><D120/><U67/><E67/><V74/><F66/><W114/><G114/><T78/><D78/><U90/><E6/><V64/><F64/><W130/><G130/><T62/><D62/><U117/><E117/><V56/><F74/><W33/><G33/><T58/><D58/><U104/><E14/><V48/><F7/><W32/><G32/><T125/><D125/><U45/><E45/><V49/><F123/><W11/><G11/><T101/><D101/><U116/><E116/><V2/><F2/><W77/><G77/><T59/><D59/><U65/><E65/><V108/><F108/><W38/><REACH who="3" step="1"/><G43/><REACH who="3" ten="116,280,325,269" step="2"/><T55/><D55/><U63/><E63/><V82/><F28/><N who="1" m="10825" /><E23/><V99/><F24/><W0/><G0/><T61/><D61/><U19/><E19/><V41/><F41/><W35/><G35/><T76/><D76/><U119/><E119/><V105/><F105/><RYUUKYOKU ba="1,1" sc="116,-15,280,15,325,-15,269,15" hai1="80,81,90,92,96,100,104" hai3="18,20,21,26,27,30,38,39,52,53,54,88,93" /><INIT seed="3,2,1,1,2,23" ten="101,295,310,284" oya="3" hai0="40,50,132,74,134,60,80,117,26,39,1,30,81" hai1="0,4,15,51,85,48,125,75,128,67,92,78,28" hai2="12,100,123,112,105,109,27,47,49,69,135,2,46" hai3="42,36,6,108,114,59,41,5,133,119,82,3,97"/><W33/><G119/><T52/><D52/><U8/><E128/><V122/><F2/><W45/><G114/><T31/><D31/><U22/><E125/><V72/><F72/><W14/><G33/><T96/><D96/><U9/><E75/><V95/><F112/><W19/><G3/><T110/><D110/><U126/><E126/><V20/><F105/><W21/><G133/><T10/><D10/><U66/><E9/><V65/><F109/><W57/><G108/><T16/><D16/><U56/><E0/><V71/><F12/><W43/><G36/><T44/><D44/><N who="2" m="16938" /><F49/><N who="1" m="19017" /><E56/><N who="3" m="21578" /><G45/><T70/><D70/><U58/><E58/><V79/><F135/><W131/><G131/><T116/><D116/><U83/><E92/><V13/><F13/><W93/><G82/><T127/><D127/><U91/><E78/><V73/><F79/><W11/><G11/><T38/><D38/><U76/><E76/><V68/><F73/><W118/><G118/><T84/><D84/><U7/><E7/><V106/><F106/><W37/><G37/><T77/><D77/><U89/><E89/><AGARI ba="2,1" hai="5,6,14,19,21,41,42,43,89,93,97" m="21578" machi="89" ten="30,1500,0" yaku="8,1" doraHai="23" who="3" fromWho="1" sc="101,0,295,-21,310,0,284,31" owari="101,-40.0,274,-13.0,310,11.0,315,42.0" /></mjloggm>