<mjloggm ver="2.3"><GO type="97" lobby="0"/><UN n0="%E3%81%98%E3%81%9F%E3%81%A3%E3%81%8F" n1="%E5%B0%B1%E6%B4%BB%E7%94%9F%40%E5%B7%9D%E6%9D%91%E8%BB%8D%E5%9B%A3" n2="%E3%81%8B%E3%82%8A%E3%81%BB" n3="%E8%B1%86%E8%85%90%6D%65%6E%74%61%6C" dan="15,15,14,15" rate="1906.83,2073.31,1910.72,2006.03" sx="M,M,M,M"/><TAIKYOKU oya="0"/><INIT seed="0,0,0,2,2,58" ten="250,250,250,250" oya="0" hai0="4,130,28,77,69,12,94,44,88,76,31,103,132" hai1="86,56,112,32,38,110,85,116,7,93,104,50,125" hai2="98,118,79,62,92,34,57,60,75,129,21,24,26" hai3="127,66,106,10,49,84,117,65,83,133,101,51,123"/><T54/><D69/><U15/><E104/><V2/><F118/><W109/><G117/><T8/><D132/><U91/><E38/><V73/><F2/><W30/><G109/><T64/><D64/><U55/><E32/><V14/><F14/><W111/><G111/><T63/><D130/><U59/><E110/><V114/><F114/><W126/><G133/><T67/><D103/><U43/><E112/><V107/><F107/><W71/><G123/><T20/><D67/><N who="3" m="25609" /><G30/><N who="0" m="11307" /><D20/><U89/><E116/><V47/><F47/><W68/><G10/><T95/><D95/><U90/><E43/><V29/><F129/><W122/><G101/><T13/><D13/><U87/><E125/><N who="3" m="47626" /><G122/><T131/><D131/><U41/><E41/><V81/><F73/><W120/><G120/><T53/><D53/><U78/><E78/><V6/><F57/><W18/><G106/><T99/><D44/><N who="1" m="28103" /><E93/><V82/><F82/><W108/><G108/><T33/><D33/><U39/><E39/><V23/><F6/><W40/><G18/><T70/><D70/><N who="3" m="26665" /><G40/><T22/><D22/><U5/><E5/><V72/><F34/><W115/><G115/><T48/><D77/><AGARI ba="0,0" hai="49,51,77,83,84" m="26665,47626,25609" machi="77" ten="30,1000,0" yaku="18,1" doraHai="58" who="3" fromWho="0" sc="250,-10,250,0,250,0,250,10" /><INIT seed="1,0,0,1,4,118" ten="240,250,250,260" oya="1" hai0="95,113,52,62,7,1,110,109,39,9,16,49,72" hai1="64,115,87,99,38,74,132,13,26,108,53,101,106" hai2="34,20,56,65,100,48,60,19,124,47,4,15,45" hai3="2,84,33,85,82,11,29,0,83,36,51,97,117"/><U89/><E38/><V96/><F34/><W123/><G36/><T57/><D39/><U67/><E115/><V81/><F124/><W79/><G117/><T92/><D113/><U25/><E74/><V12/><F81/><W35/><G123/><T102/><D72/><U114/><E114/><V42/><F4/><W78/><G97/><T41/><D102/><U121/><E121/><V127/><F127/><W135/><G135/><T3/><D3/><U54/><E132/><V22/><F22/><W130/><G130/><T125/><D125/><U122/><E122/><V107/><REACH who="2" step="1"/><F45/><REACH who="2" ten="240,250,240,260" step="2"/><W105/><G33/><T27/><D110/><U103/><E108/><V104/><F104/><W55/><G105/><T31/><D109/><U126/><E126/><V46/><F46/><W50/><G35/><T80/><D80/><U40/><E13/><AGARI ba="0,1" hai="12,13,15,19,20,42,47,48,56,60,65,96,100,107" machi="13" ten="30,2000,0" yaku="1,1,7,1,53,0" doraHai="118" doraHaiUra="69" who="2" fromWho="1" sc="240,0,250,-20,240,30,260,0" /><INIT seed="2,0,0,4,1,78" ten="240,230,270,260" oya="2" hai0="85,4,10,66,35,110,18,99,6,122,11,33,13" hai1="27,130,93,29,65,0,74,80,124,17,117,69,113" hai2="45,131,94,23,49,135,46,3,126,54,32,107,12" hai3="68,21,121,26,103,127,9,72,75,1,38,92,82"/><V123/><F107/><W40/><G121/><T47/><D122/><U129/><E117/><V87/><F123/><W115/><G68/><T98/><D110/><U91/><E113/><V63/><F131/><N who="1" m="50185" /><E0/><V71/><F126/><W16/><G127/><T61/><D85/><N who="1" m="52463" /><E17/><V60/><F3/><W67/><G67/><T62/><D47/><U8/><E8/><V106/><F32/><W20/><G115/><T34/><D18/><U101/><E101/><V81/><F71/><W44/><G82/><T96/><REACH who="0" step="1"/><D66/><REACH who="0" ten="230,230,270,260" step="2"/><U19/><E124/><V83/><F135/><W57/><G16/><T114/><D114/><U24/><E19/><N who="2" m="10727" /><F46/><W52/><G44/><T36/><D36/><U64/><E69/><V132/><F132/><W25/><G38/><T55/><D55/><U134/><E134/><V109/><F109/><W116/><G52/><T90/><D90/><U84/><E74/><V53/><F106/><W128/><G75/><T111/><D111/><U133/><E133/><V39/><F39/><W104/><G72/><T31/><D31/><U100/><E100/><V14/><F54/><W73/><G103/><T5/><D5/><U76/><E24/><V112/><F112/><W97/><G73/><T108/><D108/><U7/><E7/><V2/><F2/><AGARI ba="0,1" hai="2,4,6,10,11,13,33,34,35,61,62,96,98,99" machi="2" ten="50,1600,0" yaku="1,1,53,0" doraHai="78" doraHaiUra="22" who="0" fromWho="2" sc="230,26,230,0,270,-16,260,0" /><INIT seed="3,0,0,3,4,9" ten="256,230,254,260" oya="3" hai0="83,65,87,8,107,10,58,62,102,66,31,50,11" hai1="72,36,5,54,53,97,115,94,68,49,77,130,125" hai2="39,33,81,109,133,76,127,64,112,82,123,14,73" hai3="27,59,4,104,103,85,61,43,98,29,41,57,91"/><W32/><G4/><T16/><D31/><U113/><E36/><V19/><F123/><W132/><G57/><T60/><D107/><U40/><E68/><V131/><F112/><W93/><G132/><T108/><D108/><U78/><E125/><V88/><F109/><W20/><G32/><T17/><D102/><U28/><E130/><V44/><F127/><W51/><G51/><T100/><D100/><U135/><E135/><V46/><F131/><W18/><G29/><T129/><D50/><U84/><E72/><V101/><F33/><W95/><REACH who="3" step="1"/><G104/><REACH who="3" ten="256,230,254,250" step="2"/><T128/><D129/><U124/><E124/><V52/><F133/><W7/><G7/><T90/><D128/><U105/><E105/><V34/><F34/><W120/><G120/><T63/><D63/><U37/><E28/><V70/><F44/><W122/><G122/><T48/><D48/><U30/><E30/><V1/><F101/><W2/><G2/><T89/><D58/><U121/><E121/><V55/><F1/><W86/><G86/><N who="0" m="50399" /><D62/><U110/><E5/><V134/><F134/><W47/><G47/><T79/><D60/><U116/><E110/><V92/><F46/><W69/><G69/><T6/><D6/><U23/><E37/><V71/><F39/><W25/><G25/><T42/><D87/><U99/><E113/><V80/><F70/><W24/><G24/><T106/><D106/><U118/><E115/><V3/><F71/><W45/><G45/><T22/><D17/><U126/><E126/><V13/><F3/><W15/><G15/><T111/><D16/><U26/><E84/><RYUUKYOKU ba="0,1" sc="256,-10,230,-10,254,-10,250,30" hai3="18,20,27,41,43,59,61,85,91,93,95,98,103" /><INIT seed="3,1,1,2,2,37" ten="246,220,244,280" oya="3" hai0="7,2,121,98,22,62,12,68,16,9,42,106,108" hai1="134,50,8,127,107,25,133,99,60,34,32,13,46" hai2="3,126,52,93,116,4,71,82,83,89,58,77,84" hai3="20,90,56,57,51,54,118,100,69,105,24,131,112"/><W39/><G112/><T53/><D121/><U102/><E127/><V104/><F116/><W115/><G115/><T15/><D108/><U23/><E60/><V29/><F126/><W96/><G118/><T6/><D68/><U19/><E133/><V135/><F71/><W125/><G125/><T87/><D2/><U74/><E74/><V132/><F104/><W47/><G69/><T14/><D87/><U43/><REACH who="1" step="1"/><E134/><REACH who="1" ten="246,210,244,280" step="2"/><V49/><F132/><W120/><G120/><T63/><D62/><U72/><E72/><V79/><F135/><W33/><G131/><T55/><D63/><U88/><E88/><V124/><F124/><W128/><G90/><T129/><D129/><U81/><E81/><V97/><F82/><W44/><G128/><T0/><D7/><AGARI ba="1,2" hai="7,8,13,19,23,25,32,34,43,46,50,99,102,107" machi="7" ten="30,8000,1" yaku="1,1,7,1,52,1,53,2" doraHai="37" doraHaiUra="30" who="1" fromWho="0" sc="246,-83,210,103,244,0,280,0" owari="163,-34.0,313,42.0,244,-16.0,280,8.0" /></mjloggm>