<mjloggm ver="2.3"><GO type="169" lobby="0"/><UN n0="%E3%81%BF%E3%81%8B%E3%82%93%E3%82%B5%E3%83%A0%E3%83%A9%E3%82%A4" n1="%E3%82%8A%E3%82%87%E3%83%BC%E3%81%A1%32%30%58%58" n2="%E7%B4%85%E3%81%84%E7%9E%B3%E3%81%AE%E6%AD%A6%E4%B8%B8" n3="%E5%B0%B1%E6%B4%BB%E7%94%9F%40%E5%B7%9D%E6%9D%91%E8%BB%8D%E5%9B%A3" dan="16,17,17,17" rate="2085.69,2170.20,2158.63,2109.64" sx="M,M,M,M"/><TAIKYOKU oya="0"/><INIT seed="0,0,0,4,0,2" ten="250,250,250,250" oya="0" hai0="118,50,37,24,42,21,25,9,47,133,13,61,81" hai1="127,85,32,6,86,68,134,106,54,38,60,15,4" hai2="90,116,46,33,73,14,12,76,84,126,22,7,20" hai3="58,52,110,51,87,104,67,56,135,66,27,26,115"/><T105/><D118/><U29/><E106/><V123/><F123/><W130/><G115/><T97/><D133/><U80/><E38/><V8/><F33/><W39/><G39/><T95/><D105/><U18/><E134/><V5/><F116/><W63/><G104/><T75/><D21/><N who="2" m="8298" /><F73/><W55/><G135/><T109/><D109/><U64/><E127/><V3/><F3/><W74/><G74/><T77/><D61/><U111/><E111/><V30/><F126/><W120/><G130/><T72/><D72/><U71/><E71/><V28/><F76/><W89/><G110/><T131/><D131/><U103/><E103/><V129/><F46/><W48/><G120/><T108/><D108/><U100/><E100/><V11/><F129/><W94/><REACH who="3" step="1"/><G67/><REACH who="3" ten="250,250,250,240" step="2"/><T107/><D107/><U128/><E128/><V44/><F44/><AGARI ba="0,1" hai="26,27,44,48,51,52,55,56,58,63,66,87,89,94" machi="44" ten="30,8000,1" yaku="1,1,2,1,7,1,8,1,54,1,53,0" doraHai="2" doraHaiUra="92" who="3" fromWho="2" sc="250,0,250,0,250,-80,240,90" /><INIT seed="1,0,0,4,3,94" ten="250,250,170,330" oya="1" hai0="125,7,113,39,75,57,64,22,32,52,51,73,44" hai1="117,133,77,90,8,23,70,134,42,98,35,82,15" hai2="63,129,84,116,9,27,122,79,72,66,30,20,112" hai3="62,3,115,34,16,126,46,2,55,36,78,48,69"/><U1/><E117/><V107/><F107/><W135/><G34/><T100/><D32/><U45/><E35/><V41/><F116/><W91/><G115/><T110/><D113/><U96/><E70/><V11/><F112/><W123/><G123/><T131/><D7/><U119/><E119/><V118/><F118/><W37/><G78/><T56/><D125/><U121/><E90/><V24/><F122/><W49/><G126/><T61/><D131/><U28/><E1/><V59/><F72/><W127/><G127/><T5/><D110/><U21/><E121/><V105/><F105/><W88/><G135/><N who="1" m="51722" /><E28/><V132/><F132/><W92/><G91/><T60/><D39/><N who="1" m="21727" /><E23/><N who="2" m="15647" /><F41/><W95/><G95/><T97/><D5/><N who="1" m="3471" /><E21/><V29/><F129/><W19/><G2/><T54/><REACH who="0" step="1"/><D22/><REACH who="0" ten="240,250,170,330" step="2"/><U65/><E65/><V25/><F20/><W130/><G37/><T106/><AGARI ba="0,1" hai="44,51,52,54,56,57,60,61,64,73,75,97,100,106" machi="106" ten="20,12000,2" yaku="1,1,2,1,0,1,7,1,52,1,54,1,53,0" doraHai="94" doraHaiUra="76" who="0" fromWho="0" sc="240,130,250,-60,170,-30,330,-30" /><INIT seed="2,0,0,2,2,105" ten="370,190,140,300" oya="2" hai0="13,123,82,114,44,124,39,99,29,2,48,49,8" hai1="34,23,16,120,52,135,37,131,73,130,121,15,59" hai2="85,76,46,117,74,24,83,21,87,9,18,86,60" hai3="69,129,108,19,126,40,109,5,1,58,97,93,26"/><V35/><F117/><W62/><G69/><T63/><D114/><U133/><E37/><V65/><F35/><W110/><G129/><N who="1" m="49162" /><E34/><V43/><F9/><N who="3" m="2223" /><G40/><T132/><D123/><N who="1" m="47179" /><E73/><V10/><F10/><W67/><G126/><T56/><D2/><U51/><AGARI ba="0,0" hai="15,16,23,51,52,59,133,135" m="47179,49162" machi="51" ten="40,8000,1" yaku="19,1,13,1,54,2" doraHai="105" who="1" fromWho="1" sc="370,-20,190,80,140,-40,300,-20" /><INIT seed="3,0,0,4,4,52" ten="350,270,100,280" oya="3" hai0="104,76,112,36,80,68,84,23,12,93,40,91,79" hai1="26,94,69,60,55,32,127,6,74,63,54,14,64" hai2="78,11,9,107,115,57,125,70,119,81,44,30,5" hai3="85,1,109,73,50,16,88,105,10,33,3,128,123"/><W56/><G73/><T97/><D104/><U42/><E74/><V77/><F115/><W24/><G105/><T29/><D68/><U96/><E127/><V47/><F107/><W15/><G123/><T72/><D36/><U114/><E114/><V92/><F70/><W86/><G128/><T31/><D40/><U46/><E60/><V113/><F113/><W61/><G109/><T27/><D112/><U135/><E135/><V75/><F125/><W38/><G38/><T130/><D130/><U4/><E32/><V7/><F119/><W66/><G85/><T120/><D120/><U121/><E26/><V102/><F30/><W131/><G131/><T45/><D45/><U19/><E121/><V67/><F77/><N who="0" m="29770" /><D72/><U21/><E42/><V0/><F102/><W129/><G129/><T49/><D49/><U95/><E95/><V100/><F100/><W83/><REACH who="3" step="1"/><G50/><REACH who="3" ten="350,270,100,270" step="2"/><T116/><D116/><U37/><E37/><V13/><REACH who="2" step="1"/><F92/><REACH who="2" ten="350,270,90,270" step="2"/><W98/><G98/><T87/><D97/><U28/><E94/><V108/><F108/><W134/><G134/><T41/><D93/><U101/><E96/><V99/><F99/><W48/><G48/><T132/><D132/><U124/><E124/><V59/><F59/><W82/><G82/><T103/><D80/><U17/><E69/><V89/><F89/><W51/><G51/><T126/><D91/><U62/><E101/><V43/><F43/><W122/><G122/><T71/><D41/><U18/><E46/><V65/><F65/><W35/><G35/><T20/><D126/><U34/><E34/><V8/><F8/><RYUUKYOKU ba="0,2" sc="350,-15,270,-15,90,15,270,15" hai2="0,5,7,9,11,13,44,47,57,67,75,78,81" hai3="1,3,10,15,16,24,33,56,61,66,83,86,88" /><INIT seed="3,1,2,3,3,88" ten="335,255,105,285" oya="3" hai0="108,13,94,21,16,36,114,10,4,62,111,49,126" hai1="87,67,90,83,98,91,69,54,43,85,0,103,128" hai2="34,72,8,28,37,95,3,30,55,74,110,27,116" hai3="2,112,113,50,84,9,100,11,47,70,53,101,119"/><W31/><G119/><T26/><D36/><U63/><E0/><V92/><F116/><W17/><G70/><T122/><D122/><U41/><E128/><V60/><F37/><W86/><G31/><T80/><D126/><U132/><E54/><V65/><F110/><N who="0" m="42026" /><D114/><U81/><REACH who="1" step="1"/><E132/><REACH who="1" ten="335,245,105,285" step="2"/><V7/><F55/><W125/><G125/><T14/><D62/><U131/><E131/><V120/><F120/><W96/><G2/><T109/><D109/><U121/><E121/><V12/><F28/><W46/><G112/><T105/><D105/><AGARI ba="1,3" hai="41,43,63,67,69,81,83,85,87,90,91,98,103,105" machi="105" ten="30,3900,0" yaku="1,1,7,1,9,1,53,0" doraHai="88" doraHaiUra="133" who="1" fromWho="0" sc="335,-42,245,72,105,0,285,0" /><INIT seed="4,0,0,4,5,119" ten="293,317,105,285" oya="0" hai0="73,56,11,123,32,12,47,118,66,61,102,121,88" hai1="86,93,110,19,64,71,13,51,38,91,74,83,90" hai2="96,25,78,72,128,106,31,41,82,0,69,57,34" hai3="115,35,70,5,50,18,45,49,104,4,58,84,15"/><T40/><D118/><U42/><E110/><V43/><F0/><W80/><G70/><T77/><D102/><U33/><E33/><V29/><F128/><W26/><G104/><T68/><D32/><U37/><E74/><V10/><F31/><W117/><G117/><T67/><D67/><U92/><E83/><V131/><F131/><W30/><G58/><T122/><D88/><U59/><E71/><V44/><F10/><W9/><G50/><T28/><D28/><U54/><E64/><V21/><F21/><W1/><G115/><T81/><D68/><U114/><E42/><V75/><F75/><W99/><G99/><T63/><D63/><U100/><E100/><V129/><F129/><W39/><G39/><T109/><D109/><U27/><E27/><V52/><F69/><W134/><G134/><T127/><D127/><U22/><E114/><V113/><F113/><W111/><G111/><T98/><D98/><AGARI ba="0,0" hai="13,19,22,37,38,51,54,59,86,90,91,92,93,98" machi="98" ten="30,3900,0" yaku="7,1,25,2" doraHai="119" who="1" fromWho="0" sc="293,-39,317,39,105,0,285,0" /><INIT seed="5,0,0,5,1,51" ten="254,356,105,285" oya="1" hai0="110,2,77,89,96,61,50,79,101,88,56,24,128" hai1="65,66,43,9,63,83,38,118,45,80,114,55,1" hai2="106,26,6,113,7,125,31,105,58,20,121,129,132" hai3="60,127,34,22,3,53,25,49,47,131,35,135,37"/><U103/><E118/><V42/><F121/><W27/><G3/><T90/><D110/><U67/><E114/><V112/><F125/><W69/><G127/><T116/><D116/><U84/><E103/><V102/><F129/><W100/><G135/><T5/><D128/><U39/><E80/><V74/><F132/><W82/><G131/><T130/><D130/><U126/><E126/><V92/><F74/><W94/><G37/><T30/><D50/><U85/><E85/><V86/><F42/><W122/><G122/><T17/><D17/><U76/><E39/><V12/><F58/><W108/><G108/><T81/><D81/><U104/><E104/><V18/><F105/><W70/><G27/><T33/><D5/><U57/><E1/><V98/><F86/><W123/><G123/><T15/><D15/><U62/><REACH who="1" step="1"/><E9/><REACH who="1" ten="254,346,105,285" step="2"/><V133/><F106/><W8/><G82/><T111/><D2/><U13/><E13/><V10/><REACH who="2" step="1"/><F133/><REACH who="2" ten="254,346,95,285" step="2"/><W120/><G120/><T95/><REACH who="0" step="1"/><D111/><REACH who="0" ten="244,346,95,285" step="2"/><U41/><E41/><V23/><F23/><W72/><G22/><T19/><D19/><U29/><E29/><V4/><AGARI ba="0,3" hai="4,6,7,10,12,18,20,26,31,92,98,102,112,113" machi="4" ten="30,4000,0" yaku="1,1,0,1,53,1" doraHai="51" doraHaiUra="99" who="2" fromWho="2" sc="244,-10,346,-20,95,70,285,-10" /><INIT seed="6,0,0,4,1,60" ten="234,326,165,275" oya="2" hai0="18,80,127,20,132,15,97,29,24,120,28,107,17" hai1="42,30,63,54,71,38,8,34,86,88,69,87,46" hai2="114,13,22,118,72,10,102,70,25,1,4,73,7" hai3="35,43,31,21,79,91,40,16,109,95,2,128,130"/><V14/><F118/><W121/><G109/><T41/><D120/><U103/><E86/><V51/><F70/><W74/><G2/><T104/><D127/><U52/><E103/><V33/><F114/><W92/><G121/><T11/><D132/><U119/><E119/><V23/><F102/><W50/><G92/><T53/><D41/><U26/><E8/><N who="2" m="2063" /><F51/><W105/><G105/><T59/><D97/><U0/><E0/><N who="2" m="359" /><F73/><W122/><G31/><T96/><D96/><U93/><REACH who="1" step="1"/><E71/><REACH who="1" ten="234,316,165,275" step="2"/><V65/><F72/><W131/><G74/><T110/><D11/><U56/><E56/><V108/><F108/><W84/><G84/><T75/><D59/><U90/><E90/><V113/><F113/><W126/><G91/><T89/><D75/><U133/><E133/><V77/><F77/><W39/><G79/><T3/><D110/><U58/><E58/><V125/><F125/><W135/><G126/><T66/><D89/><U134/><E134/><V64/><F64/><AGARI ba="0,1" hai="26,30,34,38,42,46,52,54,63,64,69,87,88,93" machi="64" ten="40,8000,1" yaku="1,1,52,1,54,2,53,1" doraHai="60" doraHaiUra="57" who="1" fromWho="2" sc="234,0,316,90,165,-80,275,0" /><INIT seed="7,0,0,5,3,132" ten="234,406,85,275" oya="3" hai0="100,17,62,128,114,99,55,120,125,35,73,38,54" hai1="30,56,79,87,15,48,77,123,85,7,90,107,6" hai2="22,53,70,118,109,86,130,108,1,44,129,133,31" hai3="29,72,111,58,102,45,34,37,14,52,97,20,3"/><W113/><G72/><T88/><D120/><U68/><E107/><V104/><F1/><W101/><G3/><T28/><D73/><U13/><E68/><V94/><F104/><W115/><G34/><T26/><D128/><U21/><E123/><V82/><F133/><W24/><G111/><T47/><D100/><U71/><E71/><V12/><F70/><W95/><G102/><T0/><D0/><U46/><E56/><V89/><F118/><W9/><G37/><T65/><D114/><U81/><E30/><V116/><F116/><W78/><G78/><N who="1" m="29706" /><E87/><V61/><F109/><W126/><G45/><T69/><D125/><U59/><E59/><V76/><F108/><W121/><G121/><T110/><D110/><U75/><E75/><V80/><F130/><W16/><REACH who="3" step="1"/><G126/><REACH who="3" ten="234,406,85,265" step="2"/><T19/><D38/><U84/><E46/><V27/><F129/><W66/><G66/><T127/><D127/><U106/><E90/><V4/><F44/><W10/><G10/><T112/><D112/><U67/><E67/><V50/><F76/><W74/><G74/><T49/><REACH who="0" step="1"/><D55/><REACH who="0" ten="224,406,85,265" step="2"/><U96/><E106/><V41/><F41/><W134/><G134/><T98/><D98/><U25/><E96/><V103/><F103/><W92/><G92/><AGARI ba="0,2" hai="17,19,26,28,35,47,49,54,62,65,69,88,92,99" machi="92" ten="40,2600,0" yaku="1,1,54,1,53,0" doraHai="132" doraHaiUra="105" who="0" fromWho="3" sc="224,46,406,0,85,0,265,-26" owari="270,7.0,406,50.0,85,-41.0,239,-16.0" /></mjloggm>