<mjloggm ver="2.3"><GO type="97" lobby="0"/><UN n0="%E2%98%86%E3%83%89%E3%83%8A%E3%83%AB%E3%83%89%E6%95%99%E5%BE%92%E2%98%86" n1="%E8%9D%89%E4%B8%B8" n2="%E5%B0%B1%E6%B4%BB%E7%94%9F%40%E5%B7%9D%E6%9D%91%E8%BB%8D%E5%9B%A3" n3="%67%6B%63" dan="13,14,15,14" rate="1854.34,1863.33,1976.07,1959.28" sx="M,M,M,M"/><TAIKYOKU oya="0"/><INIT seed="0,0,0,5,3,135" ten="250,250,250,250" oya="0" hai0="114,35,6,122,45,26,84,88,94,7,62,116,53" hai1="31,73,95,79,38,55,49,29,51,129,3,42,121" hai2="33,120,96,103,5,87,57,43,13,58,101,109,24" hai3="40,25,68,130,48,78,1,69,70,46,85,133,19"/><T104/><D116/><U93/><E121/><V18/><F120/><W63/><G1/><T64/><D104/><U89/><E38/><V15/><F109/><W10/><G133/><T14/><D122/><U72/><E3/><V4/><F43/><W123/><G123/><T47/><D114/><U67/><E67/><V28/><F87/><W74/><G74/><T52/><D35/><U98/><E42/><V92/><F103/><W106/><G106/><T34/><D34/><U65/><E65/><V27/><F27/><W75/><G75/><T82/><D26/><U9/><E9/><V110/><F110/><W36/><G36/><T59/><D82/><U20/><E79/><V22/><F13/><W0/><G0/><T11/><REACH who="0" step="1"/><D7/><REACH who="0" ten="240,250,250,250" step="2"/><U30/><E30/><V80/><F80/><W97/><G25/><T126/><D126/><U60/><E31/><V112/><F112/><W128/><G130/><T115/><D115/><U111/><E129/><V83/><F83/><W66/><G128/><T16/><D16/><U91/><E111/><V81/><F81/><N who="3" m="47287" /><G19/><T134/><D134/><U100/><E73/><V124/><F124/><W17/><G17/><T21/><D21/><U44/><E72/><V76/><F76/><W23/><G23/><T108/><D108/><U131/><E131/><V117/><F117/><W118/><G118/><T113/><D113/><U12/><E29/><V125/><F125/><W102/><G10/><T54/><AGARI ba="0,1" hai="6,11,14,45,47,52,53,54,59,62,64,84,88,94" machi="54" ten="30,18000,2" yaku="1,1,0,1,8,1,54,2,53,1" doraHai="135" doraHaiUra="61" who="0" fromWho="0" sc="240,190,250,-60,250,-60,250,-60" /><INIT seed="0,1,0,5,5,1" ten="430,190,190,190" oya="0" hai0="105,123,99,63,34,66,30,23,85,126,132,112,37" hai1="60,25,72,35,57,127,97,9,93,4,3,49,128" hai2="51,82,80,78,50,111,59,113,134,92,116,28,14" hai3="77,5,89,36,100,46,44,56,110,108,42,55,119"/><T26/><D123/><U52/><E72/><V84/><F113/><W39/><G119/><T64/><D112/><U104/><E104/><V74/><F116/><W122/><G100/><T98/><D37/><U29/><E127/><V45/><F111/><W48/><G77/><T43/><D126/><U32/><E128/><V27/><F134/><W75/><G75/><T20/><D132/><U79/><E79/><V8/><F59/><W10/><G122/><T133/><D133/><U102/><E60/><V61/><F61/><W53/><G89/><T121/><D121/><U117/><REACH who="1" step="1"/><E117/><REACH who="1" ten="430,180,190,190" step="2"/><V38/><F74/><W68/><G110/><T106/><D43/><U118/><E118/><V12/><F78/><W31/><G108/><T2/><D2/><U17/><E17/><V22/><F38/><W115/><G31/><T73/><D73/><U83/><E83/><V88/><F50/><W86/><G115/><T70/><D66/><U120/><E120/><V95/><F82/><W90/><G39/><T124/><D124/><U16/><E16/><N who="2" m="8199" /><F14/><W107/><G107/><T0/><D0/><U58/><E58/><V62/><F62/><W33/><G68/><T87/><D23/><AGARI ba="1,1" hai="3,4,9,23,25,29,32,35,49,52,57,93,97,102" machi="23" ten="30,7700,0" yaku="1,1,7,1,52,1,54,1,53,0" doraHai="1" doraHaiUra="129" who="1" fromWho="0" sc="430,-80,180,90,190,0,190,0" /><INIT seed="1,0,0,3,3,135" ten="350,270,190,190" oya="1" hai0="62,10,114,119,54,113,1,111,18,6,7,117,122" hai1="66,71,56,123,9,85,21,36,130,44,52,80,125" hai2="28,61,39,76,78,120,108,126,20,88,79,58,19" hai3="40,31,82,49,101,103,95,37,17,53,38,42,3"/><U118/><E123/><V4/><F39/><W105/><G3/><N who="0" m="351" /><D62/><U50/><E118/><N who="0" m="45065" /><D54/><U5/><E125/><V110/><F120/><W131/><G53/><T30/><D122/><U87/><E130/><V16/><F126/><W29/><G131/><T2/><D111/><N who="2" m="42538" /><F4/><W47/><G95/><T70/><D70/><U94/><E21/><V75/><F75/><W127/><G49/><T93/><D93/><U115/><E115/><N who="0" m="44041" /><D30/><U60/><E94/><V23/><F28/><W73/><G29/><T22/><D7/><U112/><E112/><V63/><F88/><W45/><G31/><T133/><D133/><U51/><E80/><V92/><F92/><W65/><G82/><T57/><D57/><U84/><E84/><V33/><F33/><W34/><G65/><T86/><D86/><U97/><E97/><V91/><F91/><W132/><G34/><T116/><N who="0" m="45073" /><T8/><DORA hai="46" /><D8/><U102/><E102/><V74/><F74/><W98/><G73/><T27/><AGARI ba="0,0" hai="1,2,18,22,27" m="44041,45073,351" machi="27" ten="50,3200,0" yaku="34,2" doraHai="135,46" who="0" fromWho="0" sc="350,32,270,-16,190,-8,190,-8" /><INIT seed="2,0,0,2,0,46" ten="382,254,182,182" oya="2" hai0="37,119,5,68,49,132,19,116,60,128,13,127,33" hai1="108,52,24,65,35,84,16,123,109,100,3,14,86" hai2="64,81,17,31,111,25,59,91,131,118,117,50,22" hai3="78,11,23,77,72,133,106,0,88,103,126,101,39"/><V74/><F131/><W83/><G39/><T135/><D33/><U4/><E65/><V27/><F111/><N who="1" m="42569" /><E100/><V124/><F124/><W92/><G23/><N who="0" m="11759" /><D37/><U115/><E115/><V114/><F114/><W63/><G126/><T30/><D127/><U10/><E123/><V97/><F74/><W75/><G63/><T34/><D128/><U85/><E24/><V125/><F125/><W95/><G11/><T71/><D5/><U102/><E102/><N who="3" m="38922" /><G0/><T110/><D110/><U1/><E35/><V21/><F64/><W29/><G29/><T70/><D49/><U41/><E41/><V7/><F7/><W94/><G133/><N who="0" m="51275" /><D60/><U55/><E3/><V122/><F122/><W28/><G28/><T12/><D12/><U98/><E98/><V15/><F15/><W20/><G20/><AGARI ba="0,0" hai="1,4,10,14,16,20,52,55,84,85,86" m="42569" machi="20" ten="30,3900,0" yaku="14,1,54,2" doraHai="46" who="1" fromWho="3" sc="382,0,254,39,182,0,182,-39" /><INIT seed="3,0,0,1,2,86" ten="382,293,182,143" oya="3" hai0="94,55,85,61,30,93,114,57,59,98,6,1,80" hai1="35,23,112,9,5,103,47,63,82,42,12,36,73" hai2="53,120,28,29,100,97,75,67,123,21,102,119,22" hai3="81,110,129,0,15,78,43,121,11,76,8,45,38"/><W4/><G129/><T66/><D114/><U128/><E128/><V101/><F119/><W10/><G121/><N who="2" m="46665" /><F75/><W18/><G110/><T104/><D104/><U52/><E112/><V13/><F67/><W71/><G71/><T54/><D30/><N who="2" m="11882" /><F97/><W96/><G78/><T83/><D66/><U108/><E35/><V91/><F91/><W46/><G96/><T3/><D6/><U39/><E108/><V105/><F105/><W125/><G125/><T31/><D31/><U92/><E23/><N who="2" m="8715" /><F13/><W130/><G130/><T107/><D107/><U90/><E103/><V111/><F53/><W64/><G64/><T32/><D98/><U88/><E92/><V126/><F111/><W48/><G18/><T70/><D70/><U124/><E39/><V133/><F126/><W26/><G26/><T68/><D68/><U25/><E124/><V118/><F118/><W14/><G14/><T27/><D85/><U95/><E95/><V40/><F40/><W58/><G58/><T127/><D127/><U134/><E73/><V89/><F89/><W24/><G24/><T51/><D27/><U122/><E25/><V41/><F41/><W74/><REACH who="3" step="1"/><G15/><REACH who="3" ten="382,293,182,133" step="2"/><T20/><D59/><U115/><E122/><V72/><F72/><W106/><G106/><T60/><D57/><U135/><E115/><V109/><F109/><W79/><G79/><T113/><D113/><U2/><E12/><V56/><F56/><W132/><G132/><AGARI ba="0,1" hai="100,101,102,132,133" m="8715,11882,46665" machi="132" ten="40,5200,0" yaku="28,2,13,1" doraHai="86" who="2" fromWho="3" sc="382,0,293,0,182,62,133,-52" owari="382,49.0,293,9.0,244,-16.0,81,-42.0" /></mjloggm>