<mjloggm ver="2.3"><GO type="41" lobby="0"/><UN n0="%E6%9A%97%E6%84%9A" n1="%E3%83%88%E3%83%88%E3%83%AA%E5%85%88%E7%94%9F%31%39%E6%AD%B3" n2="%E3%82%BF%E3%82%B1%E3%82%84%E3%82%93" n3="%E3%83%AD%E3%83%B3%E3%82%88%E3%82%8A%E8%A8%BC%E6%8B%A0" dan="13,14,14,14" rate="1835.88,2014.40,1951.41,2024.86" sx="M,F,M,M"/><TAIKYOKU oya="0"/><INIT seed="0,0,0,3,0,106" ten="250,250,250,250" oya="0" hai0="65,126,29,5,12,124,101,75,130,88,71,120,80" hai1="115,86,128,58,48,9,13,69,68,87,47,76,56" hai2="2,30,97,105,38,20,14,95,98,60,122,54,63" hai3="70,7,23,27,100,19,112,18,41,26,110,118,25"/><T0/><D0/><U108/><E108/><V99/><F122/><W78/><G70/><T62/><D101/><U32/><E32/><V131/><F38/><W6/><G41/><T109/><D109/><U117/><E117/><V42/><F2/><W61/><G110/><T49/><D120/><U91/><E128/><V119/><F105/><W125/><G61/><T107/><D107/><U37/><E37/><V8/><F131/><W50/><G50/><T123/><D123/><U132/><E132/><V129/><F42/><W93/><G118/><T57/><D29/><U111/><E111/><V85/><F129/><W94/><G112/><T127/><D130/><U10/><E10/><V74/><F74/><W22/><G125/><T81/><D5/><N who="3" m="1545" /><G78/><T82/><D12/><U90/><E76/><V72/><F72/><W84/><G84/><N who="1" m="32298" /><E69/><V43/><F43/><W11/><G11/><T51/><D88/><N who="1" m="33835" /><E68/><V17/><F119/><W28/><G100/><T53/><D75/><U67/><E67/><V114/><F114/><W34/><G94/><T1/><D1/><U83/><E83/><V46/><F85/><W33/><G93/><T52/><REACH who="0" step="1"/><D80/><REACH who="0" ten="240,250,250,250" step="2"/><U113/><E113/><V133/><F133/><W135/><G135/><T116/><D116/><U24/><E115/><V121/><F121/><W44/><G44/><AGARI ba="0,1" hai="44,49,51,52,53,57,62,65,71,81,82,124,126,127" machi="44" ten="40,7700,0" yaku="1,1,18,1,54,1,53,0" doraHai="106" doraHaiUra="104" who="0" fromWho="3" sc="240,87,250,0,250,0,250,-77" /><INIT seed="0,1,0,4,3,82" ten="327,250,250,173" oya="0" hai0="61,16,90,62,120,4,101,15,67,81,17,23,47" hai1="51,130,31,21,111,74,126,53,32,65,29,7,3" hai2="110,107,25,132,127,63,44,12,118,42,129,94,5" hai3="114,46,85,6,36,113,86,72,84,2,103,0,35"/><T79/><D120/><U34/><E74/><V77/><F107/><W49/><G36/><T58/><D101/><U109/><E65/><V38/><F110/><N who="1" m="41993" /><E130/><V13/><F127/><W10/><G72/><T22/><D4/><U8/><E126/><V71/><F118/><W59/><G35/><N who="1" m="13354" /><E21/><V98/><F129/><W24/><G24/><T56/><D90/><U121/><E121/><V70/><F132/><W50/><G103/><T123/><D123/><U76/><E76/><V83/><F25/><W73/><G73/><T115/><D115/><U60/><E60/><V97/><F97/><W26/><G26/><T27/><D47/><AGARI ba="1,0" hai="3,7,8,29,31,47,51,53" m="13354,41993" machi="47" ten="30,1000,0" yaku="14,1" doraHai="82" who="1" fromWho="0" sc="327,-13,250,13,250,0,173,0" /><INIT seed="1,0,0,1,4,22" ten="314,263,250,173" oya="1" hai0="7,11,9,1,85,16,97,103,36,104,80,107,0" hai1="109,84,39,49,41,110,111,47,51,76,112,17,69" hai2="32,14,88,5,122,81,8,64,43,123,91,128,29" hai3="25,132,95,74,135,44,75,83,78,3,62,56,61"/><U4/><E112/><V54/><F128/><W42/><G3/><T96/><D36/><U21/><E69/><V130/><F130/><W101/><G75/><T90/><D96/><U50/><E4/><V27/><F43/><W121/><G121/><T31/><D31/><U126/><E126/><V57/><F64/><W113/><G113/><T40/><D40/><U65/><E65/><V34/><F34/><W37/><G62/><T18/><D107/><U93/><E93/><V127/><F127/><W106/><G106/><T89/><REACH who="0" step="1"/><D90/><REACH who="0" ten="304,263,250,173" step="2"/><U108/><E108/><V24/><F122/><W46/><G42/><T125/><D125/><U20/><REACH who="1" step="1"/><E17/><REACH who="1" ten="304,253,250,173" step="2"/><V15/><F123/><W45/><G37/><T63/><D63/><U119/><E119/><V120/><F120/><W38/><G38/><T114/><D114/><U66/><E66/><V131/><F131/><W48/><G61/><T87/><D87/><U19/><E19/><V102/><F102/><W13/><G101/><T6/><AGARI ba="0,2" hai="0,1,6,7,9,11,16,18,80,85,89,97,103,104" machi="6" ten="30,7900,0" yaku="1,1,0,1,9,1,54,1,53,0" doraHai="22" doraHaiUra="67" who="0" fromWho="0" sc="304,99,253,-39,250,-20,173,-20" /><INIT seed="2,0,0,2,1,108" ten="403,214,230,153" oya="2" hai0="100,53,66,116,17,10,50,68,26,133,5,87,54" hai1="46,78,131,94,67,92,83,22,1,75,134,114,0" hai2="4,20,111,126,122,58,110,117,27,25,106,88,109" hai3="93,127,47,23,55,103,102,95,28,9,90,64,86"/><V42/><F106/><W18/><G127/><T118/><D100/><U77/><E67/><V40/><F117/><N who="0" m="45162" /><D133/><U14/><E134/><V130/><F122/><W113/><G64/><T52/><D87/><U57/><E57/><V59/><F126/><W29/><G113/><T96/><D96/><U16/><E131/><V115/><F130/><W119/><G119/><T37/><D37/><U45/><E114/><V24/><F4/><W56/><G47/><T107/><D107/><U2/><REACH who="1" step="1"/><E78/><REACH who="1" ten="403,204,230,153" step="2"/><V44/><F115/><W70/><G70/><T60/><D68/><U72/><E72/><V112/><F112/><W7/><G103/><T6/><D66/><U101/><E101/><V8/><F20/><W12/><G102/><T74/><D74/><U43/><E43/><N who="2" m="16427" /><F8/><W11/><G11/><T65/><D65/><U30/><E30/><V76/><F76/><W123/><G123/><T33/><D10/><U125/><E125/><V124/><F44/><AGARI ba="0,1" hai="0,1,2,14,16,22,44,45,46,75,77,83,92,94" machi="44" ten="40,2600,0" yaku="1,1,54,1,53,0" doraHai="108" doraHaiUra="62" who="1" fromWho="2" sc="403,0,204,36,230,-26,153,0" /><INIT seed="3,0,0,3,1,131" ten="403,240,204,153" oya="3" hai0="0,89,52,16,97,92,122,105,25,79,132,14,69" hai1="7,77,83,28,40,81,27,121,95,126,100,80,45" hai2="29,114,62,130,63,115,49,64,44,26,99,82,102" hai3="87,12,123,10,85,60,103,120,55,118,74,6,108"/><W31/><G74/><T36/><D122/><U61/><E121/><V47/><F130/><W111/><G123/><T51/><D69/><U21/><E126/><V22/><F63/><W65/><G120/><T50/><D0/><U5/><E77/><V58/><F82/><W75/><G31/><T33/><D36/><U46/><E46/><V8/><F8/><W73/><G118/><T112/><D112/><U72/><E72/><V2/><F47/><W101/><G55/><T135/><D79/><U78/><E78/><V37/><F37/><W113/><G113/><T20/><D50/><N who="1" m="26919" /><E61/><V56/><F56/><W13/><G75/><T57/><D105/><U4/><E95/><V84/><F84/><N who="3" m="32331" /><G13/><T68/><D68/><U53/><E100/><V32/><F2/><W41/><G41/><T70/><D70/><U24/><E24/><V90/><F90/><W43/><G43/><T1/><D1/><U18/><E53/><V129/><F129/><W133/><G73/><T128/><D128/><U91/><E91/><V15/><F15/><W39/><G39/><T104/><D104/><U93/><E93/><N who="2" m="58735" /><F32/><W42/><G42/><AGARI ba="0,0" hai="22,26,29,42,44,49,58,62,64,114,115" m="58735" machi="42" ten="30,1000,0" yaku="25,1" doraHai="131" who="2" fromWho="3" sc="403,0,240,0,204,10,153,-10" /><INIT seed="4,0,0,1,5,70" ten="403,240,214,143" oya="0" hai0="93,110,36,20,80,51,27,130,120,34,107,40,100" hai1="38,90,87,56,45,125,106,22,60,43,103,23,77" hai2="26,9,48,2,73,37,31,116,109,91,79,117,44" hai3="17,123,124,16,69,134,49,52,92,85,96,133,28"/><T68/><D120/><U84/><E125/><V105/><F48/><W114/><G69/><T81/><D68/><U111/><E111/><V71/><F91/><W127/><G28/><T33/><D107/><U104/><E77/><V64/><F109/><W75/><G85/><T135/><D110/><U94/><E87/><V102/><F26/><W63/><G63/><T50/><D36/><U67/><REACH who="1" step="1"/><E106/><REACH who="1" ten="403,230,214,143" step="2"/><V13/><F79/><W101/><G75/><T65/><D130/><U122/><E122/><V8/><F73/><W126/><G123/><T99/><D99/><AGARI ba="0,1" hai="22,23,38,43,45,56,60,67,84,90,94,99,103,104" machi="99" ten="40,2600,0" yaku="1,1,52,1,53,0" doraHai="70" doraHaiUra="5" who="1" fromWho="0" sc="403,-26,230,36,214,0,143,0" /><INIT seed="5,0,0,4,1,35" ten="377,266,214,143" oya="1" hai0="99,24,41,28,25,12,31,117,108,129,79,128,131" hai1="101,111,94,18,87,122,66,17,85,10,71,46,98" hai2="109,106,6,58,121,97,135,119,67,13,83,33,50" hai3="38,132,27,3,107,45,16,127,91,114,134,36,103"/><U53/><E111/><V65/><F119/><W49/><G114/><T73/><D117/><U63/><E122/><V126/><F33/><W8/><G127/><T7/><D41/><U93/><E93/><V34/><F109/><W56/><G56/><T60/><D108/><U26/><E18/><V120/><F34/><W19/><G91/><T80/><D7/><U32/><E10/><V64/><F126/><W88/><G103/><T95/><D12/><U81/><E81/><V72/><F135/><N who="3" m="51755" /><G107/><T11/><D11/><U74/><E74/><V0/><F0/><W57/><G57/><T2/><D60/><U78/><E78/><V1/><F13/><W90/><G38/><T75/><D2/><U115/><E115/><V9/><F83/><W61/><G61/><T20/><D75/><U105/><E94/><V130/><F72/><W92/><G90/><N who="0" m="55799" /><D25/><U30/><REACH who="1" step="1"/><E17/><AGARI ba="0,0" hai="17,20,24,28,31,73,79,80,128,129,131" m="55799" machi="17" ten="30,1000,0" yaku="19,1" doraHai="35" who="0" fromWho="1" sc="377,10,266,-10,214,0,143,0" /><INIT seed="6,0,0,4,4,26" ten="387,256,214,143" oya="2" hai0="90,30,76,65,7,122,25,3,93,104,121,15,21" hai1="59,11,118,98,108,70,131,24,4,82,6,113,60" hai2="111,68,75,124,83,2,29,77,48,62,87,96,44" hai3="109,135,99,119,134,95,120,117,1,61,37,34,114"/><V57/><F2/><W38/><G95/><T22/><D104/><U49/><E108/><V35/><F124/><W58/><G99/><T125/><D65/><U55/><E118/><N who="3" m="45066" /><G1/><T33/><D76/><U129/><E113/><V132/><F68/><W102/><G102/><T71/><D71/><U73/><E98/><V14/><F132/><N who="3" m="50731" /><G34/><T91/><D125/><U52/><E70/><V54/><F111/><W10/><G10/><N who="0" m="2431" /><D91/><U67/><E67/><V45/><F75/><W84/><G84/><T107/><D90/><U64/><E64/><V127/><F127/><W40/><G109/><T63/><D93/><U78/><E24/><V101/><F14/><W80/><G80/><T88/><D88/><U100/><E100/><V18/><F18/><W51/><G120/><N who="0" m="46187" /><D63/><U27/><E11/><V41/><F44/><N who="3" m="25991" /><G114/><T46/><D46/><U42/><E73/><V79/><F35/><W39/><G39/><T105/><D105/><U85/><E85/><V115/><F115/><W103/><G103/><T50/><D107/><U81/><E78/><V19/><F19/><W56/><G56/><T69/><D15/><U9/><E81/><V12/><F12/><W89/><G89/><T5/><D5/><U110/><E82/><V126/><F126/><W92/><G92/><T94/><D94/><U31/><E4/><V17/><F17/><W32/><G32/><T74/><D74/><U36/><E110/><V72/><F79/><W20/><G20/><T133/><D133/><U23/><E6/><V128/><F72/><W8/><G8/><T130/><D33/><U43/><E9/><RYUUKYOKU ba="0,0" sc="387,-10,256,-10,214,-10,143,30" hai3="37,38,58,61" /><INIT seed="7,1,0,4,4,16" ten="377,246,204,173" oya="3" hai0="61,120,70,126,6,134,50,93,67,60,1,98,55" hai1="21,116,123,5,103,100,43,102,66,52,32,39,122" hai2="135,84,68,109,130,121,4,133,128,99,113,79,24" hai3="115,31,25,129,131,0,87,18,85,107,105,62,20"/><W26/><G0/><T51/><D120/><U125/><E32/><V91/><F68/><W9/><G115/><T12/><D1/><U110/><E110/><V34/><F4/><W111/><G111/><T42/><D134/><N who="2" m="51210" /><F24/><W2/><G62/><T36/><D126/><U49/><E125/><V96/><F34/><W83/><G87/><T112/><D112/><U88/><E116/><V64/><F64/><W90/><G2/><T81/><D81/><U72/><E72/><V118/><F113/><W3/><G3/><T73/><D73/><U114/><E114/><V82/><F118/><W28/><G28/><T104/><D104/><U69/><E5/><V117/><F109/><W124/><G124/><T15/><D60/><U94/><E66/><V65/><F65/><W58/><G58/><T80/><D80/><U38/><E69/><V22/><F22/><N who="3" m="15831" /><G9/><T40/><D51/><U108/><E108/><V33/><F33/><W23/><G23/><T41/><D6/><U75/><E21/><V63/><F63/><W30/><G30/><T92/><D92/><U54/><E75/><N who="2" m="43391" /><F121/><W48/><G48/><T89/><REACH who="0" step="1"/><D36/><REACH who="0" ten="367,246,204,173" step="2"/><N who="1" m="13867" /><E123/><V13/><F117/><W97/><G97/><N who="2" m="37449" /><F13/><W127/><G127/><T8/><D8/><U7/><E122/><V35/><F35/><W76/><G76/><T101/><D101/><U46/><E7/><V10/><F10/><W47/><G47/><AGARI ba="1,1" hai="12,15,40,41,42,47,50,55,61,67,70,89,93,98" machi="47" ten="40,2600,0" yaku="1,1,53,1" doraHai="16" doraHaiUra="86" who="0" fromWho="3" sc="367,39,246,0,204,0,173,-29" owari="406,51.0,246,5.0,204,-20.0,144,-36.0" /></mjloggm>