<mjloggm ver="2.3"><GO type="41" lobby="0"/><UN n0="%48%6F%6F%6F%6F%6F%6F%69" n1="%73%68%63%77" n2="%70%61%70%61%31%39%34%38" n3="%E5%B0%B1%E6%B4%BB%E7%94%9F%40%E5%B7%9D%E6%9D%91%E8%BB%8D%E5%9B%A3" dan="15,15,13,15" rate="2047.68,2041.27,1888.46,1965.01" sx="M,M,M,M"/><TAIKYOKU oya="0"/><INIT seed="0,0,0,5,5,124" ten="250,250,250,250" oya="0" hai0="104,3,89,91,9,51,37,26,19,24,117,18,99" hai1="120,1,129,45,95,61,113,8,78,106,14,57,94" hai2="48,47,53,77,44,108,86,25,134,126,74,80,62" hai3="38,46,68,102,29,73,133,84,130,128,20,31,87"/><T127/><D37/><U85/><E1/><V12/><F126/><W122/><G73/><T21/><D117/><U125/><E106/><V34/><F108/><W63/><G102/><T114/><D114/><U135/><E125/><V54/><F134/><W59/><G68/><T103/><D127/><U23/><E120/><V105/><F105/><W17/><G133/><T88/><D51/><U16/><E135/><V36/><F74/><W107/><G107/><T6/><REACH who="0" step="1"/><D26/><REACH who="0" ten="240,250,250,250" step="2"/><N who="1" m="14695" /><E113/><V43/><F62/><W75/><G38/><T101/><D101/><U92/><E45/><V109/><F109/><W5/><G46/><T10/><D10/><U118/><E118/><V123/><F123/><W11/><G122/><T82/><D82/><N who="1" m="47319" /><E129/><N who="3" m="49770" /><G75/><T115/><D115/><U93/><N who="1" m="24064" /><DORA hai="33" /><U97/><E97/><V66/><F36/><W49/><G87/><T30/><AGARI ba="0,1" hai="3,6,9,18,19,21,24,30,88,89,91,99,103,104" machi="30" ten="30,11700,0" yaku="1,1,0,1,52,1,54,1,53,0" doraHai="124,33" doraHaiUra="132,50" who="0" fromWho="0" sc="240,127,250,-39,250,-39,250,-39" /><INIT seed="0,1,0,1,4,27" ten="367,211,211,211" oya="0" hai0="127,50,31,2,40,62,32,66,93,125,86,131,35" hai1="77,0,24,3,99,95,101,118,16,74,76,51,1" hai2="21,61,45,41,110,114,38,126,5,90,56,64,135" hai3="67,124,42,134,10,103,54,53,6,48,112,91,4"/><T78/><D2/><U128/><E128/><V44/><F114/><W113/><G124/><T58/><D131/><U105/><E118/><V69/><F126/><N who="0" m="48138" /><D35/><U55/><E74/><V133/><F5/><W7/><G134/><T100/><D78/><U94/><E105/><V26/><F90/><W18/><G103/><T60/><D60/><U15/><E24/><V71/><F21/><W49/><G67/><T84/><D100/><U82/><E95/><V22/><F110/><W87/><G42/><T85/><D93/><U130/><E130/><V29/><REACH who="2" step="1"/><F45/><REACH who="2" ten="367,211,201,211" step="2"/><W108/><G108/><T79/><D79/><U72/><E77/><V46/><F46/><W28/><G113/><T73/><D32/><U9/><REACH who="1" step="1"/><E0/><REACH who="1" ten="367,201,201,211" step="2"/><V30/><F30/><W102/><G28/><T119/><D119/><U132/><E132/><AGARI ba="1,2" hai="22,26,29,38,41,44,56,61,64,69,71,132,133,135" machi="132" ten="40,8000,1" yaku="1,1,20,1,52,1,53,1" doraHai="27" doraHaiUra="59" who="2" fromWho="1" sc="367,0,201,-83,201,103,211,0" /><INIT seed="1,0,0,4,2,133" ten="367,118,304,211" oya="1" hai0="15,43,70,47,80,82,50,11,61,131,5,4,124" hai1="86,41,134,101,26,127,39,113,84,109,36,67,114" hai2="71,73,33,105,98,78,10,132,46,63,97,52,117" hai3="128,115,20,59,129,54,110,23,121,58,91,12,53"/><U88/><E134/><V7/><F132/><W2/><G2/><T112/><D112/><U9/><E67/><V35/><F98/><W8/><G121/><T119/><D119/><U27/><E101/><V1/><F52/><N who="3" m="20075" /><G115/><T40/><D131/><N who="3" m="50249" /><G91/><T76/><D43/><U3/><E3/><V38/><F117/><W79/><G79/><T28/><D28/><U87/><E9/><V57/><F57/><N who="3" m="21515" /><G110/><T104/><D76/><U69/><E86/><V55/><F55/><W74/><G74/><T56/><D104/><U106/><E106/><V123/><F123/><W75/><G75/><T60/><D82/><U48/><E109/><V62/><F62/><W96/><G96/><T89/><D80/><U14/><E14/><V17/><F17/><AGARI ba="0,0" hai="8,12,17,20,23" m="21515,50249,20075" machi="17" ten="30,2000,0" yaku="19,1,54,1" doraHai="133" who="3" fromWho="2" sc="367,0,118,0,304,-20,211,20" /><INIT seed="2,0,0,2,3,130" ten="367,118,284,231" oya="2" hai0="66,15,16,51,74,125,101,73,20,127,75,131,38" hai1="25,1,112,8,27,72,65,32,68,12,83,87,29" hai2="62,4,30,94,107,97,90,93,85,118,123,24,105" hai3="76,70,120,104,71,31,19,23,100,69,126,43,84"/><V61/><F118/><W113/><G120/><T129/><D38/><U59/><E72/><V64/><F123/><W98/><G113/><T78/><D101/><U22/><E68/><V49/><F62/><W102/><G126/><N who="0" m="48139" /><D66/><U117/><E65/><V2/><F49/><W99/><G43/><T42/><D78/><U80/><E59/><V108/><F108/><W18/><G76/><T7/><D7/><N who="1" m="1135" /><E87/><V79/><F79/><W60/><G84/><T9/><D9/><U5/><E80/><V114/><F114/><W122/><G122/><T88/><D88/><U44/><E44/><AGARI ba="0,0" hai="15,16,20,42,44,51,73,74,75,129,131" m="48139" machi="44" ten="40,2600,0" yaku="18,1,54,1" doraHai="130" who="0" fromWho="1" sc="367,26,118,-26,284,0,231,0" /><INIT seed="3,0,0,3,4,119" ten="393,92,284,231" oya="3" hai0="103,86,17,76,94,64,90,33,88,78,60,4,109" hai1="37,16,9,11,23,19,133,68,93,111,35,3,53" hai2="29,66,70,79,6,74,106,41,56,96,115,128,46" hai3="20,10,55,62,24,28,135,114,22,49,124,48,83"/><W67/><G114/><T39/><D39/><U42/><E68/><V132/><F115/><W30/><G124/><T50/><D33/><U45/><E133/><V91/><F132/><W130/><G135/><T13/><D4/><U95/><E111/><V12/><F128/><W72/><G130/><T107/><D90/><U75/><E35/><V101/><F70/><W21/><G49/><T52/><D107/><U129/><E129/><V131/><F29/><W7/><G83/><T1/><D1/><U89/><E19/><V59/><F91/><W121/><G72/><T27/><D27/><U98/><E95/><V8/><F66/><W32/><G121/><T84/><D103/><U77/><E3/><V104/><F104/><W120/><G120/><T108/><D84/><U0/><E0/><V118/><F118/><W34/><G30/><T15/><D15/><U2/><E2/><V73/><F131/><W54/><G34/><T18/><D18/><U102/><E89/><V58/><REACH who="2" step="1"/><F79/><REACH who="2" ten="393,92,274,231" step="2"/><W126/><G126/><T5/><D76/><U123/><E123/><V57/><N who="2" m="14336" /><DORA hai="92" /><V65/><F65/><W69/><G48/><AGARI ba="0,1" hai="6,8,12,41,46,48,73,74,96,101,106" m="14336" machi="48" ten="50,8000,1" yaku="1,1,52,1,53,2" doraHai="119,92" doraHaiUra="105,63" who="2" fromWho="3" sc="393,0,92,0,274,90,231,-80" /><INIT seed="4,0,0,2,5,63" ten="393,92,364,151" oya="0" hai0="48,82,132,105,69,58,10,76,55,54,60,68,25" hai1="34,47,32,104,116,97,75,122,1,90,108,42,115" hai2="35,57,74,3,4,12,95,39,61,80,113,30,53" hai3="118,33,77,117,49,45,103,85,130,81,111,89,11"/><T14/><D105/><U41/><E90/><V17/><F113/><W5/><G111/><T31/><D132/><U8/><E108/><V37/><F95/><W40/><G33/><T94/><D94/><U123/><E42/><V46/><F46/><W109/><G109/><T51/><D14/><U52/><E52/><V18/><F18/><W67/><G130/><T121/><D10/><U23/><E23/><V2/><F2/><W101/><G67/><T24/><D121/><U129/><E129/><V9/><F80/><W64/><G64/><T135/><D135/><U83/><E116/><V106/><F74/><W22/><G22/><T114/><D114/><U6/><E115/><V127/><F106/><W36/><G36/><T102/><D102/><U70/><E70/><V16/><F17/><W56/><G56/><T38/><D38/><U43/><E43/><V72/><F72/><W78/><G117/><T79/><D60/><U50/><E123/><V71/><F71/><W120/><G120/><T7/><D7/><U96/><E96/><V65/><F53/><W44/><G44/><T126/><D31/><U87/><E87/><V27/><F127/><W119/><G119/><T0/><D0/><U73/><E73/><V125/><F125/><W13/><G118/><T98/><D98/><U100/><E122/><V28/><F28/><W134/><G134/><T99/><D99/><U110/><E110/><V29/><F29/><W66/><G66/><T21/><D126/><U20/><REACH who="1" step="1"/><E20/><AGARI ba="0,0" hai="3,4,9,12,16,20,27,30,35,37,39,57,61,65" machi="20" ten="30,8000,1" yaku="7,1,24,2,52,1,54,1" doraHai="63" who="2" fromWho="1" sc="393,0,92,-80,364,80,151,0" /><INIT seed="5,0,0,3,5,126" ten="393,12,444,151" oya="1" hai0="63,98,81,75,4,134,8,70,19,82,114,69,58" hai1="56,40,22,135,53,79,113,43,44,104,39,51,3" hai2="107,124,73,92,108,5,41,100,102,48,110,1,52" hai3="65,55,129,24,0,31,128,29,2,20,109,68,97"/><U57/><E104/><V72/><F124/><W7/><G109/><T46/><D134/><U78/><E3/><V95/><F41/><W25/><G68/><T106/><D114/><U13/><E113/><V123/><F1/><N who="3" m="619" /><G65/><T112/><D4/><U11/><E135/><V23/><F5/><W122/><G55/><T18/><D112/><U105/><E105/><V16/><F123/><W64/><G64/><T74/><D46/><U88/><E43/><V62/><F62/><W90/><G90/><T49/><D49/><U15/><E57/><V14/><F107/><W125/><G97/><T131/><D106/><U86/><E15/><V28/><F28/><W89/><G89/><T116/><D8/><U59/><E59/><V99/><F72/><W17/><G125/><T32/><D32/><U96/><E96/><V118/><F73/><W83/><G83/><T34/><D34/><U67/><E67/><V130/><F118/><W132/><G132/><T61/><D58/><U127/><E127/><V103/><F130/><N who="3" m="50283" /><G122/><T30/><D131/><U87/><E22/><V111/><REACH who="2" step="1"/><F99/><REACH who="2" ten="393,12,434,151" step="2"/><W26/><G7/><T93/><D98/><U84/><REACH who="1" step="1"/><E88/><REACH who="1" ten="393,2,434,151" step="2"/><V38/><F38/><W101/><G101/><T47/><D70/><U133/><E133/><V37/><F37/><W36/><G36/><T21/><D69/><U60/><E60/><V71/><F71/><W94/><G94/><T35/><D93/><U27/><E27/><AGARI ba="0,2" hai="17,20,24,25,26,27,29,31" m="50283,619" machi="27" ten="40,12000,2" yaku="19,1,34,2,52,3" doraHai="126" who="3" fromWho="1" sc="393,0,2,-120,434,0,151,140" owari="393,19.0,-118,-62.0,434,54.0,291,-11.0" /></mjloggm>