<mjloggm ver="2.3"><GO type="169" lobby="0"/><UN n0="%E6%96%B0%E6%BD%9F%E3%83%89%E3%83%A9%E3%82%B4%E3%83%B3" n1="%E3%81%8A%E7%9F%A5%E3%82%89%E3%81%9B" n2="%E3%81%93%E3%81%82%E3%81%8B%E3%82%8A" n3="%E3%83%88%E3%83%88%E3%83%AA%E5%85%88%E7%94%9F%31%39%E6%AD%B3" dan="17,17,16,18" rate="2142.25,2205.95,2047.14,2167.06" sx="M,M,M,F"/><TAIKYOKU oya="0"/><INIT seed="0,0,0,5,2,6" ten="250,250,250,250" oya="0" hai0="110,104,45,135,23,62,12,55,102,79,61,109,3" hai1="127,63,4,125,22,87,27,90,134,95,112,80,91" hai2="13,41,31,20,32,96,56,9,44,129,36,46,71" hai3="89,17,68,106,19,132,103,2,122,74,82,50,1"/><T16/><D135/><U34/><E34/><V84/><F71/><W100/><G68/><T124/><D3/><U42/><E42/><V73/><F129/><W52/><G132/><T7/><D124/><U117/><E134/><V66/><F73/><W119/><G119/><T115/><D115/><U0/><E117/><V86/><F32/><W37/><G37/><T133/><D133/><U101/><E101/><V15/><F46/><W8/><G122/><T105/><D79/><U49/><E112/><V43/><F43/><W28/><G28/><T25/><D104/><U72/><E49/><V11/><F96/><W126/><G126/><T64/><D105/><U47/><E47/><V14/><F31/><W107/><G107/><T65/><D102/><N who="3" m="38953" /><G19/><T128/><D128/><U54/><E72/><V116/><F116/><W39/><G74/><T118/><D118/><U83/><E83/><V98/><F98/><W94/><G39/><T113/><D113/><U60/><E4/><V24/><F24/><W59/><G82/><T88/><D88/><U40/><E0/><V108/><F20/><W58/><G58/><N who="0" m="35039" /><D45/><U99/><E125/><V114/><F114/><W26/><G106/><T33/><D33/><U111/><E127/><V131/><F131/><W48/><G48/><T35/><D35/><U93/><E80/><V21/><F21/><N who="3" m="13615" /><G2/><T120/><D120/><U51/><E51/><N who="2" m="27023" /><F108/><N who="0" m="41578" /><D62/><U69/><E111/><V76/><F36/><W75/><G75/><T70/><D70/><U67/><E69/><V130/><F130/><W5/><G94/><T77/><D77/><U38/><E93/><RYUUKYOKU ba="0,0" sc="250,15,250,-15,250,-15,250,15" hai0="7,12,16,23,25,64,65" hai3="1,5,8,50,52,59,89" /><INIT seed="0,1,0,3,1,135" ten="265,235,235,265" oya="0" hai0="131,92,29,134,121,94,22,67,0,36,133,17,102" hai1="18,87,126,30,132,69,99,66,50,65,58,105,115" hai2="123,19,124,88,82,83,33,108,73,63,59,37,109" hai3="10,31,112,43,39,54,15,9,77,114,80,113,46"/><T55/><D121/><U38/><E38/><V95/><F123/><W27/><G54/><T78/><D0/><U117/><E117/><V106/><F106/><W100/><G100/><T79/><D36/><U64/><E69/><V93/><F37/><W85/><REACH who="3" step="1"/><G15/><REACH who="3" ten="265,235,235,255" step="2"/><T75/><D55/><U53/><E53/><N who="2" m="34287" /><F19/><W125/><G125/><T89/><D102/><U28/><E126/><V11/><F33/><AGARI ba="1,1" hai="9,10,27,31,33,39,43,46,77,80,85,112,113,114" machi="33" ten="40,1300,0" yaku="1,1,53,0" doraHai="135" doraHaiUra="122" who="3" fromWho="2" sc="265,0,235,0,235,-16,255,26" /><INIT seed="1,0,0,1,0,109" ten="265,235,219,281" oya="1" hai0="73,62,98,6,104,61,31,36,2,130,55,90,128" hai1="91,8,46,49,42,15,27,94,127,38,39,3,37" hai2="14,97,64,95,40,99,57,86,19,84,56,7,11" hai3="41,103,77,54,107,118,10,75,123,120,51,60,68"/><U108/><E108/><V45/><F7/><W133/><G133/><T70/><D36/><U4/><E127/><V80/><F86/><W85/><G75/><T5/><D73/><U131/><E131/><V112/><F112/><W35/><G35/><T106/><D31/><U18/><E27/><V132/><F132/><W13/><G118/><T102/><D90/><U79/><E79/><V111/><F111/><W72/><G72/><T25/><D25/><U9/><REACH who="1" step="1"/><E39/><REACH who="1" ten="265,225,219,281" step="2"/><V12/><F12/><W0/><G13/><T126/><D126/><U59/><E59/><V47/><F57/><W16/><G77/><T71/><D130/><U58/><E58/><V30/><F56/><W20/><G68/><T50/><D128/><U121/><E121/><V87/><F47/><W93/><G120/><T89/><D71/><U74/><E74/><V105/><F45/><W113/><G123/><T23/><D70/><U22/><E22/><V92/><F14/><W76/><G20/><T53/><D23/><U69/><E69/><V28/><F11/><W117/><G76/><T63/><D63/><U134/><E134/><V24/><F24/><W78/><G78/><T101/><D62/><U110/><E110/><V43/><F64/><W100/><G10/><T29/><D61/><U135/><E135/><V65/><F65/><W44/><G60/><T17/><D50/><U33/><E33/><V119/><F119/><W114/><G117/><T52/><D2/><U81/><E81/><V129/><F80/><W96/><G51/><T21/><D21/><U26/><E26/><V88/><F129/><RYUUKYOKU ba="0,1" sc="265,-10,225,30,219,-10,281,-10" hai1="3,4,8,9,15,18,37,38,42,46,49,91,94" /><INIT seed="1,1,1,2,1,49" ten="255,255,209,271" oya="1" hai0="87,66,30,14,59,35,127,98,122,109,56,18,89" hai1="132,39,22,74,133,131,29,38,8,57,36,5,77" hai2="82,90,120,116,65,4,102,92,117,100,63,23,70" hai3="20,86,27,68,47,21,2,52,7,24,40,91,42"/><U34/><E34/><V113/><F120/><W126/><G68/><T124/><D122/><U119/><E119/><V73/><F113/><W103/><G126/><T78/><D109/><U0/><E131/><V71/><F71/><W62/><G103/><T97/><D78/><U128/><E128/><V121/><F121/><W114/><G114/><T118/><D118/><U33/><E22/><N who="3" m="8810" /><G7/><T67/><D35/><U10/><E10/><V41/><F41/><N who="3" m="15979" /><G2/><T96/><D30/><U15/><E15/><V94/><F4/><W112/><G112/><T85/><D18/><U79/><E57/><N who="0" m="22089" /><D14/><U106/><E106/><V108/><F108/><W37/><G37/><T135/><D135/><N who="1" m="51787" /><E74/><V134/><F134/><W75/><G75/><T60/><D60/><U17/><E17/><V6/><F6/><W32/><G32/><T61/><D61/><U53/><E33/><V44/><F63/><W93/><G62/><T48/><D127/><U58/><E29/><V110/><F70/><W25/><G47/><T64/><D124/><U76/><E38/><V11/><F117/><W69/><G69/><T3/><D3/><U55/><E36/><V84/><F116/><W16/><G16/><T54/><D89/><U80/><E39/><V107/><F44/><AGARI ba="1,1" hai="44,48,54,64,66,67,85,87,96,97,98" m="22089" machi="44" ten="30,2000,0" yaku="8,1,52,1" doraHai="49" who="0" fromWho="2" sc="255,33,255,0,209,-23,271,0" /><INIT seed="2,0,0,1,4,88" ten="288,255,186,271" oya="2" hai0="3,82,12,38,34,44,10,31,78,112,19,68,60" hai1="4,124,41,54,100,65,24,95,11,52,127,85,107" hai2="15,40,108,55,26,87,90,119,113,126,9,86,74" hai3="111,97,104,66,93,123,83,129,63,117,131,73,91"/><V45/><F119/><W102/><G117/><T72/><D112/><U7/><E107/><V53/><F113/><W134/><G123/><T36/><D3/><U23/><E65/><V77/><F126/><N who="1" m="48169" /><E41/><V1/><F108/><W105/><G111/><T28/><D34/><U16/><E4/><V67/><F1/><W61/><G134/><T13/><D68/><U116/><E116/><V109/><F109/><W122/><G122/><T17/><D60/><U71/><E71/><V121/><F121/><W51/><G51/><T133/><D133/><U22/><E22/><V114/><F114/><W49/><G49/><T128/><D128/><N who="3" m="49225" /><G63/><T0/><D0/><N who="1" m="487" /><E85/><V59/><F26/><W6/><G6/><T21/><D38/><U94/><E100/><V106/><F106/><N who="3" m="63823" /><G61/><T64/><D36/><U5/><E5/><V84/><F90/><W37/><G37/><T58/><D64/><U39/><E39/><V96/><F96/><N who="3" m="57407" /><G66/><T8/><D21/><U42/><E42/><V130/><F130/><W132/><G132/><T69/><D69/><U120/><E120/><V14/><F67/><W48/><G48/><T110/><D110/><U25/><E25/><V18/><F15/><W79/><AGARI ba="0,0" hai="73,79,83,104,105" m="57407,63823,49225" machi="79" ten="30,7900,0" yaku="19,1,34,2,52,1" doraHai="88" who="3" fromWho="3" sc="288,-20,255,-20,186,-39,271,79" /><INIT seed="3,0,0,3,5,86" ten="268,235,147,350" oya="3" hai0="112,94,127,54,87,85,61,23,39,101,125,59,0" hai1="49,82,108,77,26,135,7,93,118,106,64,110,38" hai2="22,51,130,109,24,17,60,11,14,47,67,9,70" hai3="34,27,37,46,42,44,40,128,4,65,45,121,50"/><W62/><G121/><T68/><D0/><U10/><E106/><V120/><F109/><W12/><G34/><T105/><D39/><U76/><E38/><V89/><F120/><W84/><G27/><T72/><D72/><U102/><E64/><V80/><F130/><W75/><G75/><T98/><D112/><U117/><E49/><V132/><F132/><W56/><G84/><T104/><D104/><U126/><E26/><V5/><F11/><W16/><G4/><T78/><D68/><U69/><E69/><V1/><F1/><W79/><G79/><T32/><D32/><U113/><E10/><V115/><F115/><W99/><G99/><T114/><D114/><U48/><E48/><V35/><F35/><W111/><G111/><N who="1" m="42538" /><E7/><V63/><F67/><W90/><G128/><T20/><D87/><N who="1" m="48583" /><E113/><V97/><F70/><W52/><G37/><T129/><D129/><U8/><E8/><V29/><F5/><W6/><G6/><T88/><REACH who="0" step="1"/><D78/><REACH who="0" ten="258,235,147,350" step="2"/><U134/><E77/><V66/><F66/><W3/><G3/><T116/><D116/><N who="1" m="44651" /><E126/><AGARI ba="0,1" hai="20,23,54,59,61,85,88,94,98,101,105,125,126,127" machi="126" ten="40,8000,1" yaku="1,1,18,1,52,1,54,1,53,1" doraHai="86" doraHaiUra="103" who="0" fromWho="1" sc="258,90,235,-80,147,0,350,0" /><INIT seed="4,0,0,5,2,35" ten="348,155,147,350" oya="0" hai0="124,128,4,48,15,24,7,76,134,88,32,6,101" hai1="68,25,133,50,64,61,59,46,84,121,21,22,104" hai2="34,89,8,81,43,36,116,123,38,33,10,122,42" hai3="13,85,99,60,20,75,74,67,5,0,96,72,100"/><T17/><D76/><U80/><E104/><V93/><F116/><W102/><G85/><T16/><D101/><U18/><E121/><V28/><F81/><W53/><G53/><T106/><D106/><U95/><E133/><V65/><F65/><W131/><G131/><T62/><D134/><U29/><E95/><V118/><F118/><W107/><G13/><T112/><D128/><U98/><E98/><V11/><F28/><W54/><G20/><N who="0" m="13319" /><D32/><U94/><E94/><V78/><F78/><W97/><G54/><T57/><D112/><U41/><E68/><V66/><F66/><W58/><REACH who="3" step="1"/><G107/><REACH who="3" ten="348,155,147,340" step="2"/><T90/><D124/><U40/><E40/><V91/><F10/><AGARI ba="0,1" hai="0,5,10,58,60,67,72,74,75,96,97,99,100,102" machi="10" ten="50,8000,1" yaku="1,1,2,1,52,1,53,1" doraHai="35" doraHaiUra="55" who="3" fromWho="2" sc="348,0,155,0,147,-80,340,90" /><INIT seed="5,0,0,2,1,72" ten="348,155,67,430" oya="1" hai0="25,46,108,41,63,50,87,3,85,34,30,47,16" hai1="48,133,21,42,105,66,106,59,84,91,81,35,23" hai2="31,51,97,28,11,24,7,109,33,132,98,32,82" hai3="75,100,74,18,77,73,115,120,95,124,10,38,123"/><U22/><E35/><V127/><F109/><W102/><G38/><T6/><D108/><U43/><E133/><V55/><F132/><W125/><G18/><T122/><D122/><N who="3" m="46633" /><G10/><T94/><D63/><N who="1" m="38271" /><E106/><V111/><F127/><N who="3" m="48715" /><G115/><T89/><D47/><N who="1" m="25719" /><E105/><V56/><F111/><W64/><G64/><T88/><D6/><U13/><E43/><V99/><F82/><N who="3" m="45359" /><G102/><T27/><D3/><U79/><E13/><V12/><REACH who="2" step="1"/><F28/><REACH who="2" ten="348,155,57,430" step="2"/><W53/><G53/><T40/><D40/><U37/><E37/><V116/><F116/><W62/><G62/><T104/><D41/><U14/><E14/><V57/><F57/><W101/><G101/><T15/><D30/><U45/><E45/><V52/><F52/><W86/><G100/><T54/><D104/><U83/><E83/><V49/><F49/><W80/><G95/><N who="0" m="54687" /><D34/><AGARI ba="0,1" hai="7,11,12,24,31,32,33,34,51,55,56,97,98,99" machi="34" ten="40,1300,0" yaku="1,1,53,0" doraHai="72" doraHaiUra="119" who="2" fromWho="0" sc="348,-13,155,0,57,23,430,0" /><INIT seed="6,0,0,3,0,87" ten="335,155,80,430" oya="2" hai0="23,35,100,122,47,88,42,96,80,55,75,43,72" hai1="58,41,49,61,70,65,105,134,128,11,125,115,102" hai2="26,0,10,30,92,129,27,131,16,20,111,25,86" hai3="90,127,89,83,112,116,4,120,62,107,34,97,119"/><V135/><F135/><W85/><G120/><T109/><D109/><U104/><E102/><V57/><F111/><W124/><G34/><T53/><D35/><U82/><E134/><V37/><F37/><W133/><G133/><T5/><D122/><U51/><E51/><V76/><F57/><W113/><G4/><T8/><D23/><U114/><E82/><V1/><F76/><W28/><G28/><T17/><D17/><U121/><E121/><V36/><F36/><W60/><G60/><T12/><D75/><U73/><E73/><V95/><F95/><N who="3" m="56567" /><G107/><T13/><D13/><U78/><E78/><V6/><F92/><W7/><G7/><T130/><D130/><N who="2" m="49674" /><F86/><W9/><G9/><T48/><D43/><U68/><E128/><V50/><F50/><W54/><G54/><T66/><D66/><U31/><E104/><V132/><F132/><W64/><G116/><T77/><D88/><U59/><E105/><AGARI ba="0,0" hai="5,8,12,42,47,48,53,55,72,77,80,96,100,105" machi="105" ten="30,1000,0" yaku="7,1" doraHai="87" who="0" fromWho="1" sc="335,10,155,-10,80,0,430,0" /><INIT seed="7,0,0,1,3,113" ten="345,145,80,430" oya="3" hai0="46,16,99,75,86,101,27,132,72,17,14,39,35" hai1="49,63,38,66,85,70,32,127,56,60,67,51,12" hai2="87,20,3,96,59,68,22,116,4,106,40,25,92" hai3="84,100,79,108,21,64,120,58,128,54,36,29,31"/><W131/><G120/><T103/><D132/><U117/><E32/><V34/><F68/><W109/><G36/><T91/><D101/><U42/><E12/><V28/><F40/><W50/><G100/><T23/><D39/><U1/><E1/><V11/><F106/><W19/><G64/><T6/><D46/><N who="1" m="23895" /><E85/><V83/><F116/><W13/><G84/><T119/><D6/><U57/><E127/><V110/><F110/><N who="3" m="42603" /><G79/><T122/><D122/><U130/><E117/><V69/><F69/><W129/><AGARI ba="0,0" hai="13,19,21,29,31,50,54,58,128,129,131" m="42603" machi="129" ten="40,3900,0" yaku="19,1,10,1" doraHai="113" who="3" fromWho="3" sc="345,-13,145,-13,80,-13,430,39" owari="332,13.0,132,-27.0,67,-43.0,469,57.0" /></mjloggm>