<mjloggm ver="2.3"><GO type="169" lobby="0"/><UN n0="%E9%97%87%E3%82%B5%E3%83%88%E3%82%B7" n1="%E3%82%A6%E3%83%AB%E3%83%88%E3%83%A9%E7%AB%8B%E7%9B%B4" n2="%E9%BA%BB%E9%9B%80%E4%B8%96%E7%95%8C" n3="%68%72%6B%69%6E%67" dan="16,17,17,17" rate="2103.96,2175.24,2125.36,2129.43" sx="F,M,M,M"/><TAIKYOKU oya="0"/><INIT seed="0,0,0,4,3,2" ten="250,250,250,250" oya="0" hai0="86,119,49,90,115,36,33,56,68,54,31,42,120" hai1="8,77,92,89,125,72,121,44,11,76,24,98,81" hai2="67,114,0,118,128,17,111,127,104,57,124,41,93" hai3="4,26,133,110,80,65,101,59,29,96,45,82,123"/><T87/><D119/><U19/><E121/><V43/><F104/><W102/><G123/><T52/><D120/><U53/><E125/><V25/><F0/><W134/><G110/><T84/><D115/><U63/><E77/><V113/><F93/><W9/><G45/><N who="0" m="25783" /><D36/><U108/><E108/><V38/><F17/><W69/><G69/><T23/><D33/><U47/><E47/><V37/><F25/><W21/><G134/><T10/><D68/><U34/><E34/><V106/><F106/><W1/><G133/><T73/><D73/><U13/><E44/><V66/><F57/><W107/><REACH who="3" step="1"/><G101/><REACH who="3" ten="250,250,250,240" step="2"/><T131/><D131/><U48/><E48/><V50/><F50/><W5/><G5/><T60/><D90/><U88/><E89/><V71/><F71/><W99/><G99/><T100/><D100/><U7/><E63/><AGARI ba="0,1" hai="1,4,9,21,26,29,59,63,65,80,82,96,102,107" machi="63" ten="40,2600,0" yaku="1,1,52,1,53,0" doraHai="2" doraHaiUra="105" who="3" fromWho="1" sc="250,0,250,-26,250,0,240,36" /><INIT seed="1,0,0,3,0,63" ten="250,224,250,276" oya="1" hai0="93,64,62,28,58,109,49,107,115,77,88,97,128" hai1="31,108,34,68,95,124,81,26,25,12,69,113,60" hai2="134,56,3,48,121,102,101,133,118,32,20,37,39" hai3="43,66,112,103,30,84,94,55,14,52,91,82,126"/><U83/><E113/><V40/><F32/><W15/><G112/><T70/><D115/><U47/><E124/><V38/><F3/><W53/><G43/><T89/><D109/><U45/><E108/><V65/><F20/><W90/><G103/><T99/><D128/><U116/><E116/><V87/><F87/><W24/><G126/><T120/><D120/><U123/><E123/><V80/><F80/><W27/><G66/><T105/><D77/><U132/><E132/><N who="2" m="50795" /><F101/><W96/><REACH who="3" step="1"/><G24/><REACH who="3" ten="250,224,250,266" step="2"/><T122/><D122/><U79/><E26/><V6/><F102/><W44/><G44/><T9/><D105/><U4/><E47/><N who="2" m="25703" /><F121/><W21/><AGARI ba="0,1" hai="14,15,21,27,30,52,53,55,82,84,90,91,94,96" machi="21" ten="30,7900,0" yaku="1,1,0,1,8,1,54,1,53,0" doraHai="63" doraHaiUra="117" who="3" fromWho="3" sc="250,-20,224,-39,250,-20,266,89" /><INIT seed="2,0,0,0,5,122" ten="230,185,230,355" oya="2" hai0="66,99,82,118,25,67,87,74,111,113,109,116,92" hai1="54,20,135,43,15,128,58,101,100,134,11,2,133" hai2="64,33,24,47,21,53,72,97,94,112,80,4,22" hai3="38,68,83,31,117,76,106,26,46,44,45,42,79"/><V27/><F112/><W10/><G117/><N who="0" m="45163" /><D113/><U65/><E128/><V91/><F4/><W52/><G106/><T108/><D25/><U39/><E65/><V13/><F64/><W90/><G68/><T0/><D0/><U103/><E2/><V12/><F33/><W107/><G107/><T3/><D3/><U32/><E32/><V1/><F1/><W132/><G132/><T6/><D6/><U50/><E20/><V130/><F130/><W19/><G45/><T30/><D30/><U96/><E43/><V60/><F80/><W28/><G28/><T105/><D74/><U18/><REACH who="1" step="1"/><E39/><REACH who="1" ten="230,175,230,355" step="2"/><V57/><F22/><W95/><G42/><T114/><D114/><U73/><E73/><V23/><F72/><W62/><G38/><T8/><D8/><U88/><E88/><V86/><F23/><W119/><G119/><T126/><D126/><U127/><E127/><V125/><F125/><W59/><G76/><N who="0" m="46535" /><D105/><AGARI ba="0,1" hai="11,15,18,50,54,58,96,100,101,103,105,133,134,135" machi="105" ten="40,2600,0" yaku="1,1,20,1,53,0" doraHai="122" doraHaiUra="110" who="1" fromWho="0" sc="230,-26,175,36,230,0,355,0" /><INIT seed="3,0,0,5,5,111" ten="204,211,230,355" oya="3" hai0="48,27,109,64,25,55,110,53,6,63,14,80,76" hai1="10,2,58,86,119,50,36,95,42,77,33,15,49" hai2="88,115,38,43,97,100,94,130,40,16,56,105,34" hai3="17,23,87,26,51,20,57,93,74,108,28,66,24"/><W54/><G108/><N who="0" m="41579" /><D6/><U13/><E119/><V75/><F34/><W30/><G74/><N who="0" m="43031" /><D14/><U71/><E71/><V112/><F130/><W52/><G66/><T31/><D48/><U4/><E33/><V32/><F32/><W81/><G93/><T65/><D65/><U12/><E58/><V29/><F29/><W92/><G92/><T3/><D3/><U73/><E95/><V45/><F40/><W72/><G72/><T46/><D46/><N who="1" m="23879" /><E86/><V102/><F102/><W96/><G96/><T131/><D131/><U78/><E78/><V104/><F104/><W62/><G17/><T59/><D27/><U35/><E35/><AGARI ba="0,0" hai="25,31,35,53,55,59,63,64" m="43031,41579" machi="35" ten="30,1000,0" yaku="14,1" doraHai="111" who="0" fromWho="1" sc="204,10,211,-10,230,0,355,0" /><INIT seed="4,0,0,5,1,68" ten="214,201,230,355" oya="0" hai0="76,99,72,44,21,38,82,101,32,49,40,11,119" hai1="22,100,107,66,65,117,33,95,7,70,16,64,93" hai2="46,105,90,36,50,52,84,45,81,4,83,121,42" hai3="2,98,60,77,19,57,78,43,9,67,69,61,10"/><T0/><D119/><U55/><E117/><V111/><F105/><W56/><G43/><T26/><D32/><U129/><E33/><V74/><F111/><W75/><G98/><T125/><D125/><U31/><E31/><V15/><F121/><W27/><G75/><T103/><D49/><U30/><E30/><V92/><REACH who="2" step="1"/><F74/><REACH who="2" ten="214,201,220,355" step="2"/><W71/><G2/><T58/><D99/><U80/><E107/><V102/><F102/><W115/><G115/><T6/><REACH who="0" step="1"/><D58/><REACH who="0" ten="204,201,220,355" step="2"/><U28/><E70/><V91/><F91/><W8/><G69/><T73/><D73/><U35/><E100/><V106/><F106/><W14/><G71/><T127/><D127/><U120/><E120/><V1/><F1/><W108/><G108/><T12/><D12/><U118/><E118/><V34/><F34/><W47/><G27/><T63/><D63/><U51/><E35/><V62/><F62/><W126/><G126/><T96/><D96/><U18/><E129/><V37/><F37/><W130/><G130/><T123/><D123/><U116/><E116/><V20/><F20/><W135/><G9/><AGARI ba="0,2" hai="4,9,15,36,42,45,46,50,52,81,83,84,90,92" machi="9" ten="40,5200,0" yaku="1,1,52,1,54,1,53,0" doraHai="68" doraHaiUra="29" who="2" fromWho="3" sc="204,0,201,0,220,72,355,-52" /><INIT seed="5,0,0,3,2,82" ten="204,201,292,303" oya="1" hai0="76,28,94,69,23,133,130,111,116,45,75,3,9" hai1="55,119,40,36,128,89,25,104,2,129,7,27,127" hai2="17,85,51,79,60,59,49,16,21,15,54,64,112" hai3="24,103,97,91,39,53,131,52,87,117,84,41,29"/><U6/><E119/><V37/><F37/><W5/><G5/><N who="1" m="1546" /><E104/><V26/><F112/><W108/><G108/><T57/><D69/><U44/><E2/><V4/><F4/><W12/><G12/><T14/><D3/><U124/><E55/><V35/><F35/><W101/><G117/><T68/><D68/><U46/><E89/><V92/><F64/><W19/><G131/><N who="1" m="50250" /><E44/><V11/><F92/><N who="3" m="56479" /><G41/><T98/><D133/><U105/><E105/><V70/><F70/><W86/><G39/><T65/><D116/><U115/><E115/><V50/><F79/><W81/><G81/><T18/><D111/><U109/><E109/><V122/><F122/><W132/><G132/><T77/><D130/><U8/><E8/><V134/><F134/><W62/><G29/><T80/><D45/><U106/><E106/><V61/><F61/><W135/><G135/><T42/><D42/><U83/><E83/><V32/><F32/><W96/><G62/><N who="0" m="38095" /><D80/><U13/><E13/><V67/><F67/><W78/><G78/><T93/><D93/><U125/><AGARI ba="0,0" hai="25,27,36,40,46,124,125,127" m="50250,1546" machi="125" ten="40,3900,0" yaku="18,1,19,1" doraHai="82" who="1" fromWho="1" sc="204,-13,201,39,292,-13,303,-13" /><INIT seed="5,1,0,5,0,86" ten="191,240,279,290" oya="1" hai0="87,69,74,45,103,122,89,92,67,57,102,37,63" hai1="127,101,134,27,14,7,4,68,49,64,19,77,8" hai2="129,125,22,41,132,98,113,46,2,34,12,33,25" hai3="42,76,75,72,118,51,28,90,20,9,40,62,60"/><U61/><E127/><V105/><F2/><W99/><G118/><T104/><D122/><U83/><E134/><V82/><F132/><W106/><G9/><T30/><D74/><U88/><E101/><V73/><F125/><W13/><G106/><T91/><D104/><U109/><E109/><V112/><F12/><W43/><G51/><T58/><D30/><U119/><E119/><V123/><F123/><W70/><G70/><T121/><D121/><U6/><E49/><V124/><F129/><W35/><G35/><T111/><D111/><U95/><E27/><V128/><F128/><W110/><G110/><T5/><D5/><U126/><E126/><V78/><F98/><W48/><G48/><T29/><D29/><U59/><E68/><V66/><F66/><W53/><G53/><T17/><D17/><U0/><E0/><V84/><F73/><W97/><G28/><T44/><D69/><U36/><E36/><V79/><F79/><W65/><G65/><T94/><D58/><U24/><E24/><V31/><F105/><W100/><G76/><T108/><D108/><U117/><E117/><V10/><F10/><W50/><G50/><T80/><D37/><U81/><E77/><V54/><F54/><W16/><G75/><T130/><D130/><U21/><E8/><V71/><F71/><W55/><G55/><T52/><D80/><U96/><AGARI ba="1,0" hai="4,6,7,14,19,21,59,61,64,81,83,88,95,96" machi="96" ten="30,11700,0" yaku="0,1,8,1,52,1,54,1" doraHai="86" who="1" fromWho="1" sc="191,-40,240,120,279,-40,290,-40" /><INIT seed="5,2,0,1,2,133" ten="151,360,239,250" oya="1" hai0="95,97,39,14,84,73,58,99,13,6,91,53,111" hai1="20,56,64,125,30,8,61,9,32,117,107,10,75" hai2="81,11,114,43,121,19,98,52,127,7,38,54,42" hai3="131,37,120,113,79,5,72,129,62,119,71,63,124"/><U88/><E117/><V48/><F121/><W118/><G5/><T46/><D73/><U108/><E107/><V123/><F123/><W45/><G120/><T80/><D111/><U110/><E75/><V34/><F34/><W29/><G29/><T70/><D70/><U77/><E77/><V83/><F19/><W96/><G96/><T25/><D25/><N who="1" m="16679" /><E88/><V15/><F114/><W78/><G113/><T27/><D27/><U12/><E12/><V44/><F54/><W135/><G135/><T41/><D6/><U69/><E69/><V126/><F43/><N who="3" m="22767" /><G79/><T50/><REACH who="0" step="1"/><D99/><REACH who="0" ten="141,360,239,250" step="2"/><U1/><E32/><V90/><F98/><W0/><G71/><T92/><D92/><U4/><E4/><V57/><REACH who="2" step="1"/><F90/><AGARI ba="2,1" hai="13,14,39,41,46,50,53,58,80,84,90,91,95,97" machi="90" ten="30,2000,0" yaku="1,1,7,1,53,0" doraHai="133" doraHaiUra="112" who="0" fromWho="2" sc="141,36,360,0,239,-26,250,0" /><INIT seed="6,0,0,4,5,79" ten="177,360,213,250" oya="2" hai0="130,32,49,4,116,37,77,80,54,57,56,23,73" hai1="125,17,10,89,8,68,87,92,62,93,103,129,69" hai2="97,14,96,50,7,28,35,44,127,83,94,16,86" hai3="0,117,64,112,29,109,122,19,100,9,15,126,110"/><V22/><F127/><W98/><G126/><T108/><D37/><U33/><E33/><V111/><F111/><W105/><G122/><T114/><D32/><U84/><E125/><V107/><F107/><W132/><G117/><T48/><D108/><U128/><E62/><V38/><F38/><W88/><G132/><T120/><D120/><U63/><E63/><V67/><F67/><W20/><G112/><T42/><D114/><U13/><E103/><V72/><F72/><W25/><G64/><T70/><D70/><U113/><E113/><V34/><F28/><W41/><G41/><T52/><D116/><U124/><E124/><V21/><F21/><W40/><G40/><T123/><D123/><U75/><E75/><V121/><F121/><W12/><G0/><T133/><D133/><U101/><E101/><V76/><F94/><W81/><G15/><T36/><D130/><N who="1" m="50283" /><E10/><N who="2" m="4447" /><F35/><W55/><G55/><T51/><D4/><U24/><E24/><N who="2" m="14407" /><F34/><W90/><G110/><T59/><REACH who="0" step="1"/><D23/><REACH who="0" ten="167,360,213,250" step="2"/><U26/><E69/><V6/><F6/><W1/><G109/><T71/><D71/><U39/><E68/><V46/><F46/><AGARI ba="0,1" hai="36,42,46,48,49,51,52,54,56,57,59,73,77,80" machi="46" ten="40,5200,0" yaku="1,1,52,1,54,1,53,0" doraHai="79" doraHaiUra="11" who="0" fromWho="2" sc="167,62,360,0,213,-52,250,0" /><INIT seed="7,0,0,4,1,73" ten="229,360,161,250" oya="3" hai0="20,3,59,54,84,116,9,50,124,99,108,5,117" hai1="17,102,70,112,63,47,6,21,65,130,13,49,7" hai2="93,107,103,92,98,126,10,35,15,125,79,78,69" hai3="88,60,2,101,75,43,55,57,100,87,38,115,133"/><W12/><G115/><T114/><D108/><U0/><E0/><V45/><F35/><W4/><G75/><T68/><D68/><U24/><E112/><V23/><F23/><W34/><G34/><T86/><D114/><U105/><E130/><V122/><F69/><W61/><G2/><T40/><D124/><N who="2" m="47722" /><F45/><W62/><G43/><T33/><D33/><U22/><E102/><N who="3" m="39530" /><G38/><T82/><D86/><U31/><E105/><V80/><F15/><W53/><G53/><AGARI ba="0,0" hai="6,7,13,17,21,22,24,31,47,49,53,63,65,70" machi="53" ten="30,1000,0" yaku="7,1" doraHai="73" who="1" fromWho="3" sc="229,0,360,10,161,0,250,-10" owari="229,-17.0,370,47.0,161,-34.0,240,4.0" /></mjloggm>