<mjloggm ver="2.3"><GO type="97" lobby="0"/><UN n0="%E3%82%8B%E3%82%93%28%6A%61%6D%29" n1="%E5%B0%B1%E6%B4%BB%E7%94%9F%40%E5%B7%9D%E6%9D%91%E8%BB%8D%E5%9B%A3" n2="%E3%83%89%E3%83%AA%E3%82%A3%E3%81%AE%E9%A3%AF" n3="%48%65%61%72%E2%80%A0%73%31%38" dan="14,14,13,14" rate="1912.51,1985.37,1897.32,1963.32" sx="M,M,M,F"/><TAIKYOKU oya="0"/><INIT seed="0,0,0,0,0,113" ten="250,250,250,250" oya="0" hai0="1,97,49,29,117,62,5,26,95,60,129,77,96" hai1="75,25,0,6,111,94,76,15,79,33,78,41,7" hai2="55,104,89,48,83,71,133,66,40,130,99,103,30" hai3="14,37,82,123,20,100,9,108,134,107,127,105,21"/><T2/><D77/><U28/><E0/><V31/><F40/><W18/><G108/><T22/><D1/><U115/><E115/><V46/><F130/><W92/><G123/><T67/><D129/><U57/><E75/><V118/><F133/><W12/><G134/><T58/><D49/><U131/><E131/><V16/><F16/><W72/><G37/><T52/><D95/><U132/><E132/><V13/><F13/><W112/><G127/><T128/><D128/><U120/><E120/><V38/><F38/><W74/><G112/><T39/><D39/><U114/><E114/><V124/><F124/><W116/><G116/><T32/><D32/><U43/><E111/><V34/><F66/><W42/><G42/><T45/><D45/><U54/><E94/><V119/><F71/><W101/><G92/><T81/><D81/><U8/><REACH who="1" step="1"/><E6/><REACH who="1" ten="250,240,250,250" step="2"/><V86/><REACH who="2" step="1"/><F34/><REACH who="2" ten="250,240,240,250" step="2"/><W3/><G3/><T61/><D2/><U59/><E59/><V11/><F11/><W44/><G9/><T121/><D121/><U19/><E19/><V110/><F110/><W90/><G18/><T73/><D5/><U47/><E47/><V69/><F69/><W10/><G44/><T56/><D58/><U35/><E35/><V23/><F23/><W36/><G10/><T106/><D22/><U88/><E88/><V50/><F50/><AGARI ba="0,2" hai="7,8,15,25,28,33,41,43,50,54,57,76,78,79" machi="50" ten="40,2600,0" yaku="1,1,53,1" doraHai="113" doraHaiUra="51" who="1" fromWho="2" sc="250,0,240,46,240,-26,250,0" /><INIT seed="1,0,0,0,3,119" ten="250,286,214,250" oya="1" hai0="25,62,33,77,41,93,35,129,114,11,85,133,101" hai1="105,108,4,95,20,64,120,22,39,34,28,18,116" hai2="97,54,104,86,15,131,130,7,73,44,52,37,51" hai3="31,100,81,113,91,46,6,132,61,72,83,40,127"/><U21/><E120/><V94/><F73/><W99/><G113/><T90/><D114/><U14/><E105/><V128/><F37/><W10/><G127/><T96/><D133/><U67/><E39/><V53/><F104/><W3/><G132/><T88/><D129/><U121/><E121/><V36/><F36/><W126/><G126/><T71/><D41/><U13/><E116/><V78/><F86/><W79/><G31/><T76/><D11/><U60/><E108/><V84/><F84/><W12/><G83/><T58/><D71/><U117/><E117/><V66/><F66/><W16/><G61/><T68/><D68/><U50/><E50/><V118/><F78/><W135/><G135/><T111/><D111/><U47/><E47/><V8/><REACH who="2" step="1"/><F118/><REACH who="2" ten="250,286,204,250" step="2"/><W98/><G100/><AGARI ba="0,1" hai="7,8,15,44,51,52,53,54,94,97,100,128,130,131" machi="100" ten="40,8000,1" yaku="1,1,2,1,19,1,54,1,53,0" doraHai="119" doraHaiUra="123" who="2" fromWho="3" sc="250,0,286,0,204,90,250,-80" /><INIT seed="2,0,0,0,3,69" ten="250,286,294,170" oya="2" hai0="65,90,26,120,25,84,61,103,52,24,96,109,106" hai1="58,79,38,20,73,134,74,13,113,63,23,54,42" hai2="72,30,28,5,22,57,46,34,50,131,124,77,64" hai3="66,19,47,91,59,16,110,89,33,44,88,86,83"/><V99/><F34/><W55/><G110/><T95/><D109/><U62/><E113/><V29/><F5/><W8/><G33/><T114/><D114/><U87/><E134/><V129/><F99/><W0/><G0/><T12/><D12/><U115/><E115/><V6/><F6/><W7/><G7/><T105/><D120/><U45/><E63/><N who="2" m="37999" /><F124/><W135/><G135/><T37/><D37/><U117/><E117/><V133/><F133/><W27/><G19/><T10/><D10/><U53/><E53/><N who="2" m="29911" /><F72/><W100/><G66/><T128/><D106/><U36/><E36/><V132/><F132/><W15/><G100/><T127/><D127/><U108/><E108/><V70/><F70/><W116/><G27/><T14/><D14/><U60/><E60/><V107/><F107/><W68/><G68/><T41/><D105/><U85/><E74/><V32/><F32/><W121/><G121/><T125/><D125/><U31/><E73/><V9/><F9/><W2/><G2/><T3/><D3/><U40/><E40/><V17/><F77/><N who="3" m="46447" /><G116/><T104/><D104/><U93/><E23/><V101/><F101/><W111/><G111/><T18/><D103/><U75/><E75/><V43/><F43/><W1/><G1/><T4/><D41/><U11/><E20/><V98/><F98/><W56/><G56/><T123/><D96/><U78/><E58/><V97/><F97/><W21/><G8/><T112/><D123/><U80/><E11/><V67/><F67/><W118/><G118/><T126/><D65/><U71/><E78/><V76/><F76/><RYUUKYOKU ba="0,0" sc="250,-15,286,-15,294,15,170,15" hai2="17,22,28,29,30,129,131" hai3="15,16,21,44,47,55,59,88,89,91" /><INIT seed="2,1,0,4,0,91" ten="235,271,309,185" oya="2" hai0="120,124,50,109,27,61,67,24,84,32,85,51,6" hai1="82,40,133,47,114,54,10,36,112,60,55,116,28" hai2="69,76,26,58,31,53,17,97,79,43,83,44,126" hai3="103,8,95,93,107,0,110,135,118,39,64,88,72"/><V46/><F69/><W96/><G39/><T14/><D120/><U125/><E116/><V34/><F126/><W86/><G118/><T119/><D32/><U19/><E125/><V66/><F66/><W11/><G110/><T106/><D106/><U115/><E133/><V16/><F97/><W129/><G135/><T3/><D3/><U99/><E28/><V21/><F34/><W98/><G129/><T22/><D109/><U80/><E99/><V128/><F128/><W94/><G107/><T20/><D119/><U123/><E123/><V38/><F46/><W23/><G72/><T37/><D37/><U90/><E90/><V1/><F1/><W111/><G0/><T49/><D124/><U73/><E73/><V9/><F9/><W104/><G104/><T68/><D6/><U15/><E55/><V71/><F71/><W13/><G64/><T29/><REACH who="0" step="1"/><D14/><REACH who="0" ten="225,271,309,185" step="2"/><U30/><E112/><V132/><F132/><W101/><REACH who="3" step="1"/><G111/><REACH who="3" ten="225,271,309,175" step="2"/><T102/><D102/><U127/><E127/><V108/><F108/><W25/><G25/><T87/><D87/><U121/><E114/><V42/><F26/><W2/><G2/><T4/><D4/><U35/><E115/><V130/><F130/><W92/><G92/><T65/><D65/><U5/><E121/><V78/><F38/><W122/><G122/><T113/><D113/><U45/><E36/><V12/><F12/><W77/><G77/><T41/><D41/><U18/><E15/><V70/><F43/><W131/><G131/><T74/><D74/><U7/><E40/><V62/><F42/><W48/><G48/><RYUUKYOKU ba="1,2" sc="225,15,271,-15,309,-15,175,15" hai0="20,22,24,27,29,49,50,51,61,67,68,84,85" hai3="8,11,13,23,86,88,93,94,95,96,98,101,103" /><INIT seed="3,2,2,4,5,91" ten="240,256,294,190" oya="3" hai0="36,18,112,55,134,57,16,109,130,83,100,47,80" hai1="39,68,133,79,21,111,125,110,43,27,105,9,96" hai2="34,88,128,4,102,42,10,25,126,0,20,17,40" hai3="108,23,28,131,35,41,38,33,53,118,123,106,81"/><W62/><G123/><T66/><D66/><U1/><E68/><V7/><F126/><W87/><G118/><T122/><D122/><U73/><E133/><V52/><F128/><W61/><G106/><T22/><D100/><N who="1" m="62599" /><E125/><V97/><F34/><W2/><G2/><T104/><D104/><U11/><E1/><V3/><F88/><W60/><G131/><T72/><D109/><N who="1" m="41483" /><E39/><V101/><F52/><W82/><G53/><T26/><D18/><N who="1" m="12727" /><E43/><V37/><F37/><W127/><G127/><T113/><D134/><U98/><E98/><V84/><F84/><W107/><G107/><T19/><D130/><U74/><E79/><V48/><F3/><W65/><G65/><T63/><D19/><U50/><E50/><V94/><F102/><W51/><G38/><T46/><D36/><U30/><E30/><V44/><F7/><W99/><G99/><T77/><REACH who="0" step="1"/><D83/><REACH who="0" ten="230,256,294,190" step="2"/><U59/><E11/><V75/><F42/><W69/><G108/><T32/><D32/><U95/><E9/><V119/><F119/><W115/><G69/><T29/><D29/><U64/><E64/><V103/><F103/><W8/><G8/><T90/><D90/><U67/><E67/><V45/><F45/><AGARI ba="2,3" hai="16,22,26,45,46,47,55,57,63,72,77,80,112,113" machi="45" ten="40,2600,0" yaku="1,1,54,1,53,0" doraHai="91" doraHaiUra="31" who="0" fromWho="2" sc="230,62,256,0,294,-32,190,0" /><INIT seed="4,0,0,0,1,23" ten="292,256,262,190" oya="0" hai0="80,34,91,15,33,2,131,101,1,115,14,128,109" hai1="116,125,7,73,118,20,76,107,98,24,46,92,17" hai2="90,66,65,21,8,43,4,130,48,96,85,57,86" hai3="82,127,59,31,78,114,44,104,11,70,54,39,129"/><T68/><D68/><U97/><E125/><V19/><F130/><N who="0" m="49706" /><D115/><U108/><E108/><V29/><F29/><W36/><G114/><T106/><D109/><U13/><E107/><V99/><F8/><W121/><G127/><T110/><D110/><U69/><E69/><V38/><F38/><W27/><G104/><T117/><D117/><U94/><E73/><V124/><F4/><W105/><G105/><T53/><D53/><U60/><E76/><V84/><F124/><W126/><G126/><T5/><D91/><U134/><E134/><V58/><F43/><W79/><G129/><T102/><D80/><U135/><E135/><V132/><F132/><W10/><G70/><T119/><D119/><U87/><E87/><V30/><F30/><W45/><G121/><T112/><D112/><U77/><E77/><V28/><F28/><W35/><G82/><T42/><D42/><U71/><E46/><V12/><F90/><W52/><G31/><T133/><D133/><U26/><E116/><V41/><F41/><W122/><G122/><T49/><D106/><U37/><E37/><V88/><F88/><W18/><G59/><N who="2" m="22537" /><F48/><W100/><G100/><N who="0" m="38507" /><D49/><U113/><E113/><V123/><F123/><W93/><G93/><N who="1" m="35946" /><E118/><V56/><N who="2" m="22545" /><V50/><DORA hai="25" /><F50/><W61/><G61/><T32/><D5/><U120/><E120/><V6/><F6/><W67/><G67/><AGARI ba="0,0" hai="12,19,21,65,66,67,84,85,86,96,99" m="22545" machi="67" ten="40,1300,0" yaku="8,1" doraHai="23,25" who="2" fromWho="3" sc="292,0,256,0,262,13,190,-13" /><INIT seed="5,0,0,2,1,36" ten="292,256,275,177" oya="1" hai0="123,95,78,89,56,101,51,63,99,3,105,75,57" hai1="33,96,42,104,127,109,39,5,122,86,82,22,74" hai2="103,76,135,71,41,112,58,130,43,64,23,50,73" hai3="111,128,114,84,37,45,13,9,118,85,15,66,40"/><U34/><E122/><V91/><F130/><W60/><G111/><T93/><D123/><U65/><E74/><V27/><F103/><W68/><G128/><T47/><D3/><U30/><E127/><V61/><F91/><W35/><G114/><T44/><D105/><U87/><E5/><V54/><F112/><W21/><G118/><T24/><D75/><U132/><E132/><V32/><F32/><W108/><G35/><T98/><D78/><U7/><E7/><V29/><REACH who="2" step="1"/><F135/><REACH who="2" ten="292,256,265,177" step="2"/><W59/><G108/><T120/><D120/><U106/><E109/><V69/><F69/><W67/><G68/><T133/><D133/><U38/><E34/><V19/><F19/><W79/><G79/><T100/><D89/><U6/><E33/><V46/><F46/><W26/><G67/><N who="0" m="39399" /><D24/><U25/><E65/><V92/><F92/><W77/><G77/><T20/><D44/><U62/><E106/><V113/><F113/><W116/><G116/><T18/><D47/><U110/><E110/><V2/><F2/><W126/><G126/><T10/><D18/><U55/><E104/><V12/><F12/><W52/><G66/><T17/><D100/><U4/><E96/><V129/><F129/><W53/><G53/><N who="0" m="31935" /><D98/><U31/><E31/><V83/><AGARI ba="0,1" hai="23,27,29,41,43,50,54,58,61,64,71,73,76,83" machi="83" ten="30,7900,0" yaku="1,1,0,1,52,2,53,0" doraHai="36" doraHaiUra="8" who="2" fromWho="2" sc="292,-20,256,-39,265,89,177,-20" owari="272,7.0,217,-18.0,354,45.0,157,-34.0" /></mjloggm>