<mjloggm ver="2.3"><GO type="97" lobby="0"/><UN n0="%E7%8D%85%E5%AD%90%E5%A0%82%E6%88%8C%E5%AD%90" n1="%E3%83%88%E3%83%88%E3%83%AA%E5%85%88%E7%94%9F%31%39%E6%AD%B3" n2="%E3%81%84%E3%81%A7%E3%81%8A%E3%82%93%EF%BC%81" n3="%E9%BB%92%E9%89%84%E3%81%AF%E3%82%84%E3%81%A6" dan="13,15,15,13" rate="1928.43,2054.97,1938.49,1915.61" sx="M,F,M,F"/><TAIKYOKU oya="0"/><INIT seed="0,0,0,5,3,130" ten="250,250,250,250" oya="0" hai0="105,88,134,23,94,31,41,92,132,116,0,112,40" hai1="33,53,59,1,48,123,125,120,135,6,32,19,118" hai2="61,46,55,11,52,54,100,45,127,20,106,47,3" hai3="108,35,91,82,51,68,27,75,113,63,13,58,102"/><T124/><D105/><U71/><E118/><V76/><F127/><W12/><G113/><T83/><D0/><U89/><E71/><V69/><F76/><W43/><G102/><T44/><D124/><U10/><E125/><V133/><F133/><N who="0" m="51306" /><D112/><U122/><E135/><V14/><F20/><W96/><G68/><T60/><D60/><U62/><E19/><V24/><F24/><W107/><G107/><T39/><D41/><U74/><E74/><V50/><F3/><W114/><G114/><T65/><D65/><U34/><E89/><V49/><F69/><W121/><G121/><T56/><D56/><U87/><E87/><V78/><F61/><W80/><G108/><T28/><D116/><U129/><E129/><V86/><F106/><W25/><G75/><T99/><D83/><U29/><E62/><V38/><F38/><W9/><G82/><T70/><D70/><U26/><AGARI ba="0,0" hai="1,6,10,26,29,32,33,34,48,53,59,120,122,123" machi="26" ten="40,1500,0" yaku="0,1" doraHai="130" who="1" fromWho="1" sc="250,-7,250,15,250,-4,250,-4" /><INIT seed="1,0,0,1,4,121" ten="243,265,246,246" oya="1" hai0="102,13,37,3,35,90,127,100,96,67,17,44,123" hai1="106,24,22,132,5,77,40,129,23,16,27,115,91" hai2="104,9,56,59,76,62,99,117,46,15,110,83,1" hai3="54,78,42,2,36,87,130,64,113,19,133,101,68"/><U38/><E115/><V97/><F117/><W116/><G113/><T52/><D3/><U57/><E106/><V32/><F32/><W131/><G116/><T33/><D127/><U70/><E70/><V39/><F1/><W111/><G2/><T30/><D123/><U95/><E129/><N who="3" m="49162" /><G133/><T61/><D100/><U43/><E132/><V86/><F110/><W79/><G101/><T29/><D35/><U4/><E77/><V31/><F31/><W119/><G119/><T10/><D33/><U20/><E20/><V51/><F39/><W75/><G111/><T7/><D90/><U92/><E57/><N who="2" m="22091" /><F62/><N who="3" m="39959" /><G75/><T28/><D67/><U45/><E43/><N who="2" m="25055" /><F104/><W112/><G112/><T134/><D134/><U14/><E14/><V118/><F118/><W84/><G42/><T124/><D124/><U34/><E34/><V0/><F0/><W74/><G36/><T11/><D37/><U89/><E92/><V82/><F82/><N who="3" m="45399" /><G79/><T72/><D72/><U80/><E80/><V50/><F50/><W126/><G126/><T69/><D69/><U58/><E95/><V98/><F98/><W105/><G105/><T81/><D81/><U60/><E91/><V6/><AGARI ba="0,0" hai="6,9,15,76,83,86,97,99" m="25055,22091" machi="6" ten="30,2000,0" yaku="25,1,8,1" doraHai="121" who="2" fromWho="2" sc="243,-5,265,-10,246,20,246,-5" /><INIT seed="2,0,0,4,2,127" ten="238,255,266,241" oya="2" hai0="78,59,108,62,133,50,12,102,19,84,10,97,75" hai1="4,52,81,122,112,53,29,113,38,98,107,39,77" hai2="27,128,33,87,60,83,94,28,54,9,73,109,79" hai3="118,55,14,47,23,6,91,61,68,46,5,126,31"/><V37/><F37/><W0/><G118/><T123/><D123/><U111/><E122/><V130/><F109/><W120/><G120/><T69/><D75/><U90/><E111/><V115/><F115/><W40/><G126/><T103/><D133/><U82/><E4/><V15/><F60/><W117/><G117/><T100/><D108/><U71/><E71/><V22/><F54/><W131/><G131/><N who="2" m="50217" /><F94/><W99/><G0/><T56/><D50/><U132/><E132/><V8/><F73/><W80/><G68/><T95/><D69/><U57/><E57/><V110/><F110/><W11/><G6/><T72/><D72/><U116/><E116/><V93/><F93/><N who="3" m="56767" /><G80/><N who="0" m="47127" /><D59/><U134/><E134/><V45/><F45/><W121/><G40/><T7/><D7/><U63/><E63/><V36/><F36/><W44/><G121/><T104/><D104/><U96/><E107/><V125/><F125/><W85/><G85/><T34/><D34/><U13/><E39/><V65/><F65/><AGARI ba="0,0" hai="10,12,19,56,62,65,95,97,100,102,103" m="47127" machi="65" ten="30,1000,0" yaku="8,1" doraHai="127" who="0" fromWho="2" sc="238,10,255,0,266,-10,241,0" /><INIT seed="3,0,0,3,2,46" ten="248,255,256,241" oya="3" hai0="40,119,24,27,68,9,89,71,59,41,118,123,5" hai1="91,85,94,52,26,131,60,48,110,107,28,65,121" hai2="22,1,75,57,21,15,31,130,135,109,23,49,92" hai3="33,51,17,62,36,43,96,103,12,80,74,6,81"/><W37/><G33/><T108/><D123/><U35/><E121/><V83/><F1/><W106/><G6/><T133/><D133/><U116/><E107/><V2/><F2/><W61/><G37/><T16/><D89/><U0/><E0/><V124/><F135/><W7/><G36/><T10/><D59/><U54/><E110/><V3/><F3/><W134/><G7/><T20/><D108/><U120/><E120/><V78/><F109/><W111/><G111/><T45/><D27/><U97/><E131/><V30/><F130/><W55/><G134/><T47/><D5/><U56/><E116/><V117/><F117/><W93/><G43/><T113/><D113/><U132/><E132/><V82/><F124/><W126/><G106/><T90/><D90/><U67/><E97/><V39/><F39/><W76/><G126/><T129/><D129/><U88/><E91/><V114/><F114/><W38/><G80/><T98/><D98/><U77/><E77/><V25/><F92/><W99/><G38/><T102/><D102/><U29/><E29/><V19/><F82/><W32/><G32/><T115/><D115/><U13/><E13/><V58/><F31/><W34/><G34/><T128/><D128/><U73/><E73/><V64/><F30/><W87/><G99/><T104/><D104/><U95/><E95/><V101/><F101/><W69/><G69/><T105/><D105/><U44/><AGARI ba="0,0" hai="26,28,35,44,48,52,54,56,60,65,67,85,88,94" machi="44" ten="20,8000,1" yaku="0,1,7,1,52,1,54,2" doraHai="46" who="1" fromWho="1" sc="248,-20,255,80,256,-20,241,-40" owari="228,-17.0,335,43.0,236,4.0,201,-30.0" /></mjloggm>