<mjloggm ver="2.3"><GO type="97" lobby="0"/><UN n0="%E3%83%88%E3%83%88%E3%83%AA%E5%85%88%E7%94%9F%31%39%E6%AD%B3" n1="%E2%98%86%43%50%59%E2%98%86" n2="%E5%B0%8F%E5%8D%97%E6%B3%B0%E8%91%89" n3="%E2%80%90%E8%B5%A4%E7%8A%AC%E2%80%90" dan="15,15,14,14" rate="2023.34,1993.96,1958.35,1993.46" sx="F,F,F,F"/><TAIKYOKU oya="0"/><INIT seed="0,0,0,0,2,72" ten="250,250,250,250" oya="0" hai0="64,38,121,49,19,97,29,135,113,16,34,77,87" hai1="132,115,89,93,105,65,61,28,50,52,126,45,109" hai2="118,90,24,58,2,59,35,15,91,41,106,112,67" hai3="26,76,11,39,23,6,48,70,44,79,78,57,14"/><T85/><D113/><U100/><E115/><V56/><F2/><W101/><G70/><T134/><D121/><U119/><E119/><V92/><F106/><W55/><G101/><T117/><D117/><U42/><E109/><V18/><F112/><W75/><G39/><T9/><D38/><U128/><E128/><V30/><F41/><W110/><G110/><T120/><D120/><U0/><E0/><V114/><F114/><W31/><G75/><T129/><D129/><U82/><E82/><V96/><F118/><W127/><G127/><T107/><D64/><U95/><E126/><V12/><F12/><W40/><G40/><T102/><D85/><U84/><E105/><V104/><F104/><W17/><REACH who="3" step="1"/><G44/><REACH who="3" ten="250,250,250,240" step="2"/><T60/><D102/><U131/><E131/><V13/><F67/><W63/><G63/><T43/><D60/><U98/><E132/><V47/><F47/><W122/><G122/><T21/><D43/><U36/><E28/><AGARI ba="0,1" hai="6,11,14,17,23,26,28,31,48,55,57,76,78,79" machi="28" ten="40,8000,1" yaku="1,1,8,1,52,3,53,0" doraHai="72" doraHaiUra="133" who="3" fromWho="1" sc="250,0,250,-80,250,0,240,90" /><INIT seed="1,0,0,5,2,91" ten="250,170,250,330" oya="1" hai0="39,93,83,103,86,117,88,41,53,123,94,105,49" hai1="8,21,122,80,67,120,24,65,127,10,125,12,132" hai2="69,14,16,73,82,2,85,0,104,95,1,79,29" hai3="36,81,77,9,47,76,44,33,75,3,63,112,23"/><U90/><E80/><V113/><F69/><W62/><G112/><T52/><D117/><U26/><E90/><V61/><F113/><W32/><G23/><T106/><D123/><N who="1" m="47147" /><E67/><V40/><F40/><N who="3" m="22535" /><G47/><N who="0" m="25839" /><D106/><U55/><E55/><N who="0" m="21065" /><D105/><U17/><E65/><V64/><F64/><W116/><G77/><T115/><D115/><U74/><E74/><V114/><F61/><N who="3" m="23051" /><G116/><T42/><D39/><U71/><E71/><V108/><F108/><W58/><G58/><T37/><D37/><U5/><E132/><V30/><F104/><W59/><G59/><T78/><D42/><U56/><E56/><V119/><F119/><W68/><G68/><T72/><D72/><U70/><E70/><V27/><F27/><N who="1" m="10281" /><E8/><V38/><F38/><W96/><G96/><N who="0" m="59799" /><D78/><U46/><E46/><V109/><F109/><W107/><G107/><T98/><D83/><U92/><E92/><V121/><F121/><W28/><G28/><T18/><D18/><U60/><E60/><V135/><F114/><W126/><G81/><T13/><D13/><AGARI ba="0,0" hai="5,10,12,13,17,21,125,127" m="10281,47147" machi="13" ten="30,2900,0" yaku="34,2" doraHai="91" who="1" fromWho="0" sc="250,-29,170,29,250,0,330,0" /><INIT seed="1,1,0,5,2,17" ten="221,199,250,330" oya="1" hai0="133,37,91,25,43,87,114,55,63,59,35,36,113" hai1="72,5,75,97,70,52,99,71,38,11,44,131,49" hai2="76,48,79,115,129,51,80,54,23,66,0,125,101" hai3="39,122,73,135,127,21,118,62,119,9,89,83,65"/><U16/><E131/><V27/><F129/><W42/><G21/><T111/><D111/><U82/><E38/><V110/><F110/><W86/><G122/><T103/><D133/><U2/><E71/><V81/><F0/><W105/><G135/><T94/><D103/><U60/><E70/><V19/><F115/><W117/><G127/><T47/><REACH who="0" step="1"/><D36/><REACH who="0" ten="211,199,250,330" step="2"/><U130/><E130/><V50/><F101/><W10/><G105/><T3/><D3/><U24/><E60/><V40/><F125/><W126/><G126/><T68/><D68/><U46/><E46/><V32/><F40/><W34/><G42/><T106/><D106/><U116/><E116/><V28/><F66/><W102/><G39/><T134/><D134/><U77/><REACH who="1" step="1"/><E75/><REACH who="1" ten="211,189,250,330" step="2"/><V88/><F54/><W112/><G73/><T98/><D98/><U8/><E8/><V123/><F123/><W84/><G10/><T132/><D132/><U108/><E108/><V69/><F69/><W12/><G62/><T93/><D93/><U61/><E61/><V95/><F80/><N who="3" m="49287" /><G65/><T78/><D78/><U7/><E7/><V120/><F120/><W128/><G112/><T1/><D1/><U124/><E124/><V41/><F41/><W45/><G128/><T107/><D107/><U22/><AGARI ba="1,2" hai="2,5,11,16,22,24,44,49,52,72,77,82,97,99" machi="22" ten="30,12000,1" yaku="1,1,0,1,52,1,54,2,53,0" doraHai="17" doraHaiUra="67" who="1" fromWho="1" sc="211,-41,189,143,250,-41,330,-41" /><INIT seed="1,2,0,2,2,10" ten="170,332,209,289" oya="1" hai0="120,108,26,95,8,83,135,54,31,66,105,82,4" hai1="24,123,63,65,15,57,11,78,131,103,107,46,6" hai2="130,87,85,114,29,14,67,106,42,112,69,104,77" hai3="37,76,68,49,124,80,90,119,134,21,110,38,92"/><U71/><E123/><V73/><F29/><W64/><G119/><T62/><D105/><N who="2" m="40554" /><F42/><W43/><G110/><T5/><D108/><U36/><E131/><V32/><F32/><W55/><G134/><T40/><D135/><U126/><E126/><V91/><F14/><W56/><G124/><T86/><D120/><U98/><E78/><V2/><F2/><W109/><G109/><T128/><D128/><U88/><E24/><V23/><F23/><W101/><G21/><N who="0" m="15823" /><D66/><U48/><E36/><N who="3" m="13930" /><G90/><N who="0" m="53719" /><D40/><U7/><E88/><V58/><F69/><W125/><G80/><N who="0" m="30763" /><D8/><U39/><E39/><V117/><F117/><W27/><G76/><T94/><D94/><U50/><E71/><V97/><F130/><W9/><G92/><T33/><D33/><U28/><E28/><V13/><F67/><W113/><G9/><T16/><D16/><U118/><E118/><V122/><F122/><W20/><G113/><T0/><D0/><U89/><E89/><V75/><F97/><W132/><G125/><T59/><AGARI ba="2,0" hai="4,5,54,59,62" m="30763,53719,15823" machi="59" ten="30,1100,0" yaku="8,1" doraHai="10" who="0" fromWho="0" sc="170,17,332,-7,209,-5,289,-5" /><INIT seed="2,0,0,5,2,96" ten="187,325,204,284" oya="2" hai0="79,134,110,122,106,71,33,107,113,119,23,114,42" hai1="46,9,102,22,124,87,4,51,94,25,6,76,11" hai2="1,95,105,120,15,88,5,18,131,73,101,121,123" hai3="14,125,62,44,7,36,60,27,38,130,8,65,128"/><V104/><F73/><W133/><G27/><T2/><RYUUKYOKU type="yao9" ba="0,0" sc="187,0,325,0,204,0,284,0" hai0="2,23,33,42,71,79,106,107,110,113,114,119,122,134" /><INIT seed="2,1,0,1,4,11" ten="187,325,204,284" oya="2" hai0="25,26,48,91,42,135,60,31,7,134,102,30,104" hai1="6,76,129,54,33,63,71,122,23,52,22,79,103" hai2="16,59,39,101,1,66,132,112,74,95,53,123,113" hai3="126,65,100,127,36,94,35,85,21,90,99,92,110"/><V73/><F39/><W81/><G35/><T37/><D37/><U82/><E33/><V130/><F123/><W5/><G65/><T56/><D91/><U119/><E119/><V78/><F1/><W50/><G36/><T128/><D102/><U106/><E122/><V121/><F121/><W131/><G5/><T24/><D104/><U97/><E129/><V10/><F66/><W64/><G64/><N who="0" m="38919" /><D128/><U77/><E71/><V107/><F107/><N who="3" m="63903" /><G50/><T117/><D117/><U67/><E82/><V20/><F10/><W62/><G21/><T93/><D93/><N who="3" m="35945" /><G62/><T2/><D7/><U47/><E6/><V29/><F132/><N who="0" m="50730" /><D2/><U18/><E47/><V55/><F29/><N who="0" m="10762" /><D48/><U43/><E43/><V75/><F55/><W98/><G131/><T61/><D61/><U88/><E67/><V8/><F8/><W3/><G3/><T111/><D111/><U13/><E63/><V45/><F45/><W58/><G110/><T115/><D115/><U27/><REACH who="1" step="1"/><E88/><REACH who="1" ten="187,315,204,284" step="2"/><V70/><F70/><W124/><G58/><T32/><D32/><U109/><E109/><V4/><F4/><W46/><G46/><T15/><D42/><U108/><E108/><V9/><F130/><W40/><G40/><T28/><D28/><AGARI ba="1,1" hai="13,18,22,23,27,28,52,54,76,77,79,97,103,106" machi="28" ten="40,5200,0" yaku="1,1,52,1,54,1,53,0" doraHai="11" doraHaiUra="89" who="1" fromWho="0" sc="187,-55,315,65,204,0,284,0" /><INIT seed="3,0,0,1,3,41" ten="132,380,204,284" oya="3" hai0="45,42,11,101,29,123,105,2,34,72,77,71,37" hai1="18,92,104,114,128,116,59,73,9,109,17,5,14" hai2="129,76,58,132,79,54,98,117,8,66,130,134,99" hai3="53,47,82,55,31,23,49,86,121,64,89,24,13"/><W133/><G133/><N who="2" m="51305" /><F66/><W36/><G121/><T97/><D123/><U30/><E92/><V127/><F8/><W44/><G64/><T85/><D85/><U1/><E59/><V90/><F58/><W131/><G131/><N who="2" m="50185" /><F54/><W51/><G36/><T33/><D29/><U125/><E73/><V7/><F7/><W25/><G13/><T78/><D78/><N who="2" m="29738" /><F117/><W63/><G25/><T4/><REACH who="0" step="1"/><D71/><REACH who="0" ten="122,380,204,284" step="2"/><U115/><E104/><V48/><F48/><W68/><G68/><T126/><D126/><U91/><E125/><V118/><F118/><W60/><AGARI ba="0,1" hai="23,24,31,44,47,49,51,53,55,60,63,82,86,89" machi="60" ten="30,12000,1" yaku="0,1,9,1,8,1,52,2" doraHai="41" who="3" fromWho="3" sc="122,-40,380,-40,204,-40,284,130" owari="82,-42.0,340,14.0,164,-24.0,414,52.0" /></mjloggm>