<mjloggm ver="2.3"><GO type="169" lobby="0"/><UN n0="%62%65%6B%65%6E%36%39" n1="%66%75%6B%75%30%32" n2="%E3%83%87%E3%83%AB%E3%83%90%E3%83%A9%E3%83%89" n3="%E3%82%A6%E3%83%AB%E3%83%88%E3%83%A9%E7%AB%8B%E7%9B%B4" dan="16,17,16,17" rate="2053.86,2144.41,2120.67,2173.79" sx="M,M,M,M"/><TAIKYOKU oya="0"/><INIT seed="0,0,0,2,0,116" ten="250,250,250,250" oya="0" hai0="124,80,66,118,135,107,84,19,57,25,32,54,76" hai1="18,35,45,111,106,99,71,31,53,109,55,131,100" hai2="17,70,63,81,0,98,3,73,85,21,52,126,68" hai3="33,15,132,34,9,83,39,120,129,89,94,5,79"/><T59/><D118/><U46/><E71/><V11/><F73/><W16/><G129/><T101/><D124/><U7/><E131/><V108/><F108/><N who="1" m="41545" /><E7/><V29/><F29/><W8/><G132/><T10/><D135/><U75/><E75/><V12/><F126/><W6/><G39/><T48/><D107/><U105/><E105/><V56/><F98/><W49/><G49/><T69/><D69/><U38/><E18/><V104/><F104/><W62/><G62/><N who="0" m="38223" /><D32/><N who="3" m="12393" /><G83/><T60/><D101/><U97/><E97/><V30/><F3/><N who="3" m="63" /><G79/><T2/><D2/><U67/><E67/><V37/><F37/><W78/><G78/><T133/><D133/><U114/><E114/><V88/><REACH who="2" step="1"/><F30/><REACH who="2" ten="250,250,240,250" step="2"/><W65/><G65/><T42/><D84/><U82/><E38/><V130/><F130/><W102/><G102/><T121/><D42/><U117/><E100/><V113/><F113/><W74/><G74/><T51/><D51/><U14/><E106/><V134/><F134/><W123/><G89/><T43/><D48/><U1/><E99/><V24/><F24/><W64/><G64/><T28/><D43/><U72/><E72/><V44/><F44/><W4/><G94/><T50/><D50/><U128/><E128/><V119/><F119/><W36/><G36/><T47/><D25/><U92/><E117/><V87/><F87/><W13/><G4/><AGARI ba="0,1" hai="0,4,11,12,17,21,52,56,63,68,70,81,85,88" machi="4" ten="40,5200,0" yaku="1,1,54,2,53,0" doraHai="116" doraHaiUra="115" who="2" fromWho="3" sc="250,0,250,0,240,62,250,-52" /><INIT seed="1,0,0,2,5,114" ten="250,250,302,198" oya="1" hai0="110,53,48,124,70,62,111,129,32,68,71,122,75" hai1="83,100,79,90,29,74,44,118,125,56,72,106,97" hai2="33,84,121,64,45,89,37,109,60,94,73,127,95" hai3="24,18,91,51,65,86,98,12,54,82,76,134,117"/><U61/><E125/><V92/><F121/><W52/><G134/><T22/><D75/><U15/><E29/><V130/><F73/><W120/><G120/><T49/><D32/><U132/><E132/><V77/><F33/><W6/><G65/><T2/><D2/><U50/><E90/><V16/><F77/><W40/><G117/><T101/><D101/><U107/><E118/><V39/><F130/><W128/><G128/><T88/><D22/><U0/><E0/><V5/><F5/><W69/><G69/><T108/><D88/><U25/><E25/><V116/><F116/><W36/><G36/><T119/><D129/><U135/><E135/><V27/><F127/><W81/><G24/><T103/><D103/><U4/><E4/><V3/><F3/><W7/><G40/><T123/><D119/><U80/><E15/><V58/><F109/><W26/><G26/><T17/><D17/><U19/><E19/><V38/><REACH who="2" step="1"/><F45/><REACH who="2" ten="250,250,292,198" step="2"/><W133/><G133/><T41/><D124/><U96/><E74/><V9/><F9/><W67/><G7/><T126/><D126/><U34/><E34/><V112/><F112/><W28/><G6/><T20/><D20/><AGARI ba="0,1" hai="16,20,27,37,38,39,58,60,64,84,89,92,94,95" machi="20" ten="40,2600,0" yaku="1,1,54,1,53,0" doraHai="114" doraHaiUra="113" who="2" fromWho="0" sc="250,-26,250,0,292,36,198,0" /><INIT seed="2,0,0,0,5,94" ten="224,250,328,198" oya="2" hai0="20,45,127,131,132,81,50,52,133,108,7,34,38" hai1="65,6,71,129,26,23,87,21,61,0,18,40,125" hai2="13,99,118,59,76,109,66,42,27,84,62,75,3" hai3="100,12,24,98,39,5,51,93,88,32,89,119,72"/><V9/><F118/><W54/><G39/><T95/><D34/><U41/><E125/><V74/><F3/><W135/><G119/><T86/><D127/><U121/><E129/><V2/><F2/><W70/><G135/><N who="0" m="51787" /><D131/><U128/><E128/><V78/><F75/><W79/><G70/><T63/><D108/><U30/><E121/><V48/><F74/><W77/><G32/><T104/><D104/><U46/><E87/><V91/><F109/><W64/><G64/><T25/><D7/><U58/><E71/><V120/><F27/><W43/><G43/><N who="0" m="22775" /><D63/><U85/><E85/><V96/><F120/><W114/><G114/><T106/><D106/><U53/><E6/><N who="2" m="3255" /><F48/><W55/><G24/><T111/><D111/><U1/><E65/><V92/><F42/><W130/><G130/><T117/><D95/><U110/><E41/><V112/><F112/><W44/><G54/><T73/><D73/><U83/><E83/><V29/><F29/><W28/><G28/><T56/><D117/><U11/><E110/><V115/><F115/><W107/><G72/><T116/><D116/><U124/><E124/><V126/><F126/><W47/><G107/><T122/><D122/><U69/><E69/><V36/><F36/><W134/><G134/><T113/><D113/><U97/><E0/><V80/><F80/><W60/><G60/><T4/><D4/><U82/><E82/><V31/><F31/><W33/><G33/><T22/><D25/><N who="1" m="14519" /><E1/><V15/><F15/><W57/><G12/><T90/><AGARI ba="0,0" hai="20,22,50,52,56,81,86,90" m="22775,51787" machi="90" ten="30,2000,0" yaku="20,1,54,1" doraHai="94" who="0" fromWho="0" sc="224,20,250,-5,328,-10,198,-5" /><INIT seed="3,0,0,2,2,44" ten="244,245,318,193" oya="3" hai0="9,23,96,50,36,126,40,70,112,8,32,56,43" hai1="82,104,69,53,66,31,131,76,73,97,12,92,49" hai2="4,64,109,81,133,0,60,25,10,41,39,124,94" hai3="122,28,3,129,80,71,63,113,74,35,78,27,120"/><W30/><G129/><T57/><D32/><U135/><E104/><V46/><F109/><W59/><G113/><T99/><D112/><U47/><E131/><V121/><F133/><W95/><G30/><T55/><D70/><U87/><E135/><V29/><F124/><W107/><G3/><T103/><D36/><U22/><E73/><V16/><F94/><W19/><G107/><T90/><D90/><U111/><E111/><V42/><F42/><N who="0" m="15914" /><D126/><U67/><E69/><V54/><F54/><W125/><G125/><T117/><D117/><U18/><REACH who="1" step="1"/><E31/><REACH who="1" ten="244,235,318,193" step="2"/><V79/><F29/><W51/><G71/><T2/><D2/><U37/><E37/><V61/><F121/><W21/><G122/><T127/><D127/><U15/><E15/><V11/><F25/><W123/><G120/><T98/><D103/><AGARI ba="0,1" hai="12,18,22,47,49,53,66,67,76,82,87,92,97,103" machi="103" ten="30,7700,0" yaku="1,1,7,1,8,1,52,1,53,0" doraHai="44" doraHaiUra="110" who="1" fromWho="0" sc="244,-77,235,87,318,0,193,0" /><INIT seed="4,0,0,5,1,25" ten="167,322,318,193" oya="0" hai0="44,42,113,15,115,50,88,90,106,85,83,16,78" hai1="6,58,17,39,30,75,79,37,65,126,11,59,47" hai2="81,0,35,134,18,123,21,12,60,97,131,23,117" hai3="119,103,27,63,41,99,55,10,132,80,71,45,93"/><T28/><D106/><U1/><E126/><V111/><F81/><W112/><G119/><T32/><D32/><U57/><E65/><V91/><F35/><W89/><G112/><N who="0" m="43083" /><D28/><U121/><E121/><V61/><F0/><W68/><G132/><T40/><D40/><U3/><E3/><V5/><F123/><W19/><G55/><T8/><AGARI ba="0,0" hai="8,15,16,42,44,50,78,83,85,88,90" m="43083" machi="8" ten="30,6000,0" yaku="15,1,54,2" doraHai="25" who="0" fromWho="0" sc="167,60,322,-20,318,-20,193,-20" /><INIT seed="4,1,0,3,3,63" ten="227,302,298,173" oya="0" hai0="110,32,109,105,53,41,87,119,42,78,51,125,124" hai1="58,38,114,126,135,118,116,72,73,6,52,84,1" hai2="128,23,11,0,86,40,70,75,129,36,111,65,134" hai3="44,31,66,8,7,115,100,56,13,19,97,21,57"/><T50/><D32/><U3/><E38/><V131/><F111/><N who="0" m="42506" /><D105/><U2/><E126/><N who="0" m="48745" /><D78/><U122/><E122/><V120/><F120/><W69/><G115/><T132/><D87/><U103/><E114/><V39/><F75/><W95/><G31/><T4/><D4/><U80/><E135/><V76/><F134/><W68/><G44/><N who="0" m="27847" /><D132/><U127/><E127/><V90/><F76/><W26/><G69/><T33/><D33/><U82/><E6/><V47/><F23/><W130/><G130/><T121/><D121/><U71/><E73/><V46/><F11/><W49/><G68/><T81/><D81/><U107/><E71/><V59/><F70/><W133/><G133/><T18/><D18/><U48/><E72/><V25/><F0/><W117/><G117/><T92/><D92/><U28/><E28/><V27/><F86/><W123/><G123/><T43/><D119/><U102/><E82/><V83/><F90/><W99/><G99/><T24/><D24/><U15/><E118/><V85/><F85/><W96/><G96/><T91/><D91/><U98/><E116/><V10/><F83/><W101/><G95/><T106/><D106/><U108/><E108/><V5/><F5/><W55/><G97/><T113/><D113/><U112/><E112/><V35/><F35/><W104/><G104/><T30/><D30/><U37/><E102/><V89/><F89/><W64/><G57/><T54/><D54/><U61/><E103/><AGARI ba="1,0" hai="7,8,13,19,21,26,49,55,56,64,66,100,101,103" machi="103" ten="40,5200,0" yaku="8,1,52,2" doraHai="63" who="3" fromWho="1" sc="227,0,302,-55,298,0,173,55" /><INIT seed="5,0,0,2,1,101" ten="227,247,298,228" oya="1" hai0="61,3,89,67,37,113,99,7,125,72,60,8,80" hai1="6,122,55,54,69,75,65,21,79,74,57,118,94" hai2="48,124,40,53,16,90,39,41,91,127,77,85,47" hai3="106,26,5,110,62,43,66,116,97,92,23,31,2"/><U123/><E118/><V111/><F111/><W78/><G110/><T14/><D113/><U128/><E128/><V133/><F133/><W134/><G134/><T45/><D125/><N who="2" m="48202" /><F77/><W51/><G116/><T19/><D99/><U64/><E6/><V132/><F132/><W50/><G78/><N who="0" m="44103" /><D89/><N who="2" m="33802" /><F85/><W114/><G114/><T131/><D67/><U46/><E69/><V115/><F115/><W11/><G43/><N who="0" m="22767" /><D131/><U135/><E135/><V24/><F39/><W58/><REACH who="3" step="1"/><G106/><REACH who="3" ten="227,247,298,218" step="2"/><T105/><D105/><U36/><E79/><V44/><F41/><W81/><G81/><T20/><AGARI ba="0,1" hai="3,7,8,14,19,20,60,61" m="22767,44103" machi="20" ten="30,1100,0" yaku="25,1" doraHai="101" who="0" fromWho="0" sc="227,21,247,-5,298,-3,218,-3" /><INIT seed="6,0,0,4,1,87" ten="248,242,295,215" oya="2" hai0="16,23,131,111,1,36,20,128,69,98,71,53,105" hai1="21,57,134,77,24,99,34,88,97,120,17,101,56" hai2="35,116,48,83,127,90,19,39,2,73,52,27,28" hai3="123,43,38,11,62,22,86,124,95,92,79,67,13"/><V106/><F116/><W9/><G123/><T46/><D111/><U76/><E120/><V58/><F106/><W49/><G38/><T114/><D1/><U61/><E34/><V65/><F39/><W15/><G124/><T59/><D114/><U14/><E134/><V25/><F2/><W70/><G22/><T107/><D23/><U115/><E115/><V42/><F127/><W117/><G117/><T30/><D30/><U32/><E32/><V66/><F42/><W110/><G110/><T82/><D82/><U112/><E112/><V135/><F135/><W132/><G132/><T125/><D125/><U118/><E118/><V55/><F27/><W12/><G79/><N who="1" m="30282" /><E101/><V41/><F73/><W84/><G49/><T133/><D133/><U8/><E61/><V29/><F41/><W91/><REACH who="3" step="1"/><G43/><REACH who="3" ten="248,242,295,205" step="2"/><T26/><D36/><U126/><E126/><V96/><F35/><W37/><G37/><T78/><D78/><U6/><E99/><V51/><F96/><W93/><G93/><AGARI ba="0,1" hai="6,8,14,17,21,24,56,57,88,93,97" m="30282" machi="93" ten="30,3900,0" yaku="8,1,52,1,54,1" doraHai="87" who="1" fromWho="3" sc="248,0,242,49,295,0,205,-39" /><INIT seed="7,0,0,5,5,99" ten="248,291,295,166" oya="3" hai0="125,94,20,92,89,12,23,90,39,15,105,77,83" hai1="132,17,67,130,43,126,60,129,100,41,98,52,22" hai2="25,113,133,18,135,74,131,86,50,19,56,91,84" hai3="95,69,11,128,59,104,14,10,54,64,134,21,28"/><W61/><G104/><T116/><D105/><N who="1" m="63639" /><E126/><V81/><F74/><W38/><G128/><N who="1" m="49258" /><E52/><N who="2" m="31767" /><F131/><W0/><G134/><N who="2" m="51209" /><F113/><W124/><G124/><T27/><D39/><U96/><E96/><V87/><F25/><W34/><G38/><T101/><D116/><U47/><E47/><V106/><F106/><W72/><G72/><T8/><D125/><U5/><E5/><V103/><F103/><W107/><G107/><T53/><D101/><U80/><E80/><N who="2" m="49543" /><F87/><W119/><G119/><T68/><D68/><N who="1" m="42087" /><E132/><V118/><F118/><W35/><G95/><T13/><D15/><AGARI ba="0,0" hai="15,17,22,41,43" m="42087,49258,63639" machi="15" ten="30,2000,0" yaku="19,1,52,1" doraHai="99" who="1" fromWho="0" sc="248,-20,291,20,295,0,166,0" owari="228,-17.0,311,40.0,295,10.0,166,-33.0" /></mjloggm>