<mjloggm ver="2.3"><GO type="41" lobby="0"/><UN n0="%73%69%62%69%79%61" n1="%E5%B0%B1%E6%B4%BB%E7%94%9F%40%E5%B7%9D%E6%9D%91%E8%BB%8D%E5%9B%A3" n2="%6E%79%75%73%75%6B%65" n3="%E3%83%93%E3%82%B9%E3%82%AF%E3%83%89%E3%83%BC%E3%83%AB" dan="15,16,13,15" rate="2014.82,2080.76,1846.06,2043.24" sx="M,M,M,F"/><TAIKYOKU oya="0"/><INIT seed="0,0,0,1,4,30" ten="250,250,250,250" oya="0" hai0="110,103,93,42,127,14,116,106,82,66,35,46,95" hai1="84,76,81,94,53,109,107,126,62,96,100,128,133" hai2="23,132,47,83,121,20,99,58,114,27,92,3,70" hai3="118,63,112,130,72,65,102,54,52,68,90,88,13"/><T40/><D116/><U17/><E126/><V33/><F70/><W9/><G72/><T134/><D66/><U74/><E128/><V97/><F114/><W108/><G118/><T119/><D119/><U4/><E109/><V117/><F3/><W79/><G112/><T56/><D82/><U12/><E133/><V69/><F121/><W34/><G34/><T29/><D56/><U8/><E74/><V21/><F69/><W15/><G13/><T51/><D14/><U123/><E123/><V85/><F132/><W7/><G108/><T43/><D110/><U24/><E107/><V78/><F47/><W64/><G79/><T124/><D106/><U105/><E105/><V39/><F58/><W55/><G102/><T6/><D6/><U71/><E71/><V57/><F57/><W19/><G65/><T25/><D134/><U80/><E80/><V41/><F41/><N who="0" m="15978" /><D103/><U77/><E77/><V2/><F2/><W28/><G130/><T104/><D104/><U37/><E37/><V5/><F39/><W18/><REACH who="3" step="1"/><G28/><REACH who="3" ten="250,250,250,240" step="2"/><T10/><D124/><U67/><E67/><V89/><F78/><W101/><G101/><T129/><D127/><U1/><E1/><V87/><F33/><W98/><G98/><T125/><D129/><U16/><E24/><V75/><F99/><W48/><G48/><T73/><D125/><U38/><E38/><V50/><F75/><W59/><G59/><AGARI ba="0,1" hai="4,8,12,16,17,53,59,62,76,81,84,94,96,100" machi="59" ten="40,2600,0" yaku="8,1,54,1" doraHai="30" who="1" fromWho="3" sc="250,0,250,36,250,0,240,-26" /><INIT seed="1,0,0,4,3,88" ten="250,286,250,214" oya="1" hai0="13,82,28,135,111,30,18,90,74,84,99,112,56" hai1="123,75,94,46,17,12,3,22,87,95,65,134,8" hai2="76,115,113,34,31,21,107,86,78,81,25,55,98" hai3="100,58,32,67,19,47,126,40,122,7,43,118,44"/><U35/><E75/><V77/><F34/><W62/><G32/><T51/><D112/><N who="2" m="43082" /><F55/><W79/><G122/><T39/><D135/><U69/><E35/><V42/><F42/><W102/><G118/><T101/><D111/><U128/><E123/><V85/><F85/><W15/><G7/><T36/><D36/><U131/><E134/><V109/><F109/><W52/><G79/><T108/><D108/><U121/><E121/><V1/><F1/><W72/><G72/><T16/><D39/><U48/><E87/><V89/><F78/><W64/><G126/><T127/><D127/><U14/><E3/><V41/><F41/><N who="3" m="15947" /><G44/><T54/><D74/><U120/><E120/><V106/><F106/><W45/><G47/><T2/><D2/><U71/><E48/><V38/><F38/><W5/><G5/><T37/><D37/><U63/><E46/><V49/><F49/><N who="3" m="28719" /><G64/><T57/><D57/><U9/><E71/><V29/><F29/><W119/><G119/><T6/><D6/><N who="1" m="3095" /><E9/><AGARI ba="0,0" hai="9,15,19,58,62,67,100,102" m="28719,15947" machi="9" ten="30,2000,0" yaku="8,1,54,1" doraHai="88" who="3" fromWho="1" sc="250,0,286,-20,250,0,214,20" /><INIT seed="2,0,0,4,4,55" ten="250,266,250,234" oya="2" hai0="48,16,22,24,29,121,119,109,80,130,122,78,133" hai1="123,14,103,128,64,54,65,39,114,30,87,77,10" hai2="62,98,11,19,86,102,33,126,43,115,124,82,74" hai3="96,37,27,134,31,76,49,132,73,127,89,84,56"/><V117/><F117/><W6/><G37/><T35/><D119/><U79/><E39/><V61/><F74/><W83/><G6/><T94/><D133/><U118/><E114/><V44/><F33/><W72/><G96/><T57/><D130/><U17/><E118/><V9/><F115/><W32/><G127/><N who="2" m="48681" /><F19/><W36/><G36/><T99/><D109/><U21/><E123/><V12/><F12/><W5/><G5/><T120/><D35/><U7/><E128/><V69/><F69/><W131/><G131/><T52/><D29/><U125/><E125/><V0/><F0/><W111/><G111/><T92/><REACH who="0" step="1"/><D99/><REACH who="0" ten="240,266,250,234" step="2"/><U95/><E30/><V116/><F116/><W70/><G134/><T108/><D108/><U42/><E77/><V93/><F43/><W75/><G132/><T26/><D26/><U88/><E79/><N who="2" m="46431" /><F44/><W63/><G76/><T34/><D34/><U67/><E42/><V91/><F102/><W107/><G75/><AGARI ba="0,1" hai="16,22,24,48,52,57,75,78,80,92,94,120,121,122" machi="75" ten="40,8000,1" yaku="1,1,52,1,54,2,53,1" doraHai="55" doraHaiUra="47" who="0" fromWho="3" sc="240,90,266,0,250,0,234,-80" /><INIT seed="3,0,0,1,4,101" ten="330,266,250,154" oya="3" hai0="41,61,89,47,52,24,29,120,85,128,57,1,17" hai1="113,99,126,2,55,34,45,7,106,119,75,70,91" hai2="80,10,90,123,65,51,42,93,18,121,69,33,107" hai3="63,36,32,72,43,31,50,98,25,62,13,48,132"/><W12/><G72/><T71/><D128/><U100/><E91/><V78/><F33/><W76/><G76/><T15/><D120/><N who="2" m="46154" /><F65/><W68/><G132/><T122/><D122/><U54/><E54/><V5/><F69/><W131/><G131/><T38/><D1/><U117/><E55/><V9/><F18/><W3/><G3/><T66/><D17/><U114/><E45/><N who="2" m="26039" /><F5/><W84/><G84/><T86/><D15/><U8/><E126/><V35/><F35/><W27/><G36/><T130/><D89/><U74/><E34/><V118/><F118/><N who="1" m="45065" /><E70/><V129/><F129/><W127/><G32/><N who="0" m="20519" /><D130/><U109/><E109/><V102/><F80/><W73/><G68/><T0/><D0/><U28/><E28/><V67/><F78/><W81/><G31/><T59/><D59/><U44/><E44/><V108/><F108/><W56/><G56/><T94/><D94/><U133/><E133/><V4/><F4/><W49/><G81/><T87/><D87/><U135/><E135/><V105/><F67/><W46/><G73/><AGARI ba="0,0" hai="2,7,8,73,74,75,99,100,106,113,114" m="45065" machi="73" ten="30,3900,0" yaku="12,1,23,1,52,1" doraHai="101" who="1" fromWho="3" sc="330,0,266,39,250,0,154,-39" /><INIT seed="4,0,0,3,0,72" ten="330,305,250,115" oya="0" hai0="65,67,101,25,120,74,16,37,118,129,18,29,26" hai1="50,88,59,31,58,108,66,10,115,0,93,121,53" hai2="33,111,114,36,95,106,51,17,90,96,62,119,14" hai3="69,110,54,131,77,49,43,7,44,60,6,45,35"/><T122/><D118/><U104/><E121/><V40/><F111/><W87/><G35/><T79/><D37/><U57/><E104/><V126/><F36/><W128/><G110/><T1/><D101/><U82/><E108/><V42/><F126/><W75/><G75/><T19/><D129/><U83/><E115/><V68/><F114/><W30/><G30/><T116/><D116/><U76/><E31/><V86/><F33/><W97/><G97/><T124/><D124/><U5/><E66/><V134/><F134/><W117/><G117/><T103/><D103/><U109/><E109/><V102/><F51/><W80/><G69/><T70/><D1/><U46/><REACH who="1" step="1"/><E76/><REACH who="1" ten="330,295,250,115" step="2"/><V12/><F119/><W3/><G60/><T81/><D29/><U73/><E73/><V98/><F62/><W133/><G133/><T112/><D122/><U48/><E48/><V28/><F28/><W47/><G43/><T61/><D120/><U55/><E55/><V84/><F42/><W127/><G127/><T27/><D67/><U13/><E13/><V41/><F12/><W91/><G3/><T92/><D112/><U85/><AGARI ba="0,1" hai="0,5,10,46,50,53,57,58,59,82,83,85,88,93" machi="85" ten="30,7900,0" yaku="1,1,0,1,54,1,53,1" doraHai="72" doraHaiUra="32" who="1" fromWho="1" sc="330,-39,295,89,250,-20,115,-20" /><INIT seed="5,0,0,5,0,121" ten="291,384,230,95" oya="1" hai0="112,72,91,56,75,123,1,35,52,16,8,83,111" hai1="53,37,3,104,51,44,134,95,133,130,22,32,0" hai2="78,88,23,97,10,117,79,46,118,69,30,70,33" hai3="40,113,28,76,105,17,43,59,48,103,87,98,71"/><U62/><E104/><V131/><F33/><W58/><G113/><T93/><D123/><U14/><E32/><V84/><F97/><W54/><G71/><T129/><D35/><U47/><E130/><V135/><F135/><N who="1" m="51721" /><E62/><V77/><F46/><W66/><G28/><T90/><D112/><U82/><E82/><V19/><F30/><W124/><G124/><T114/><D114/><U26/><E95/><V63/><F10/><W89/><G76/><T68/><D68/><U67/><E67/><V99/><F99/><W29/><G29/><T73/><D129/><U61/><E61/><V81/><F70/><W96/><G96/><T80/><D111/><U38/><E47/><V120/><F120/><W4/><G4/><T49/><D90/><U116/><E116/><V2/><F2/><N who="1" m="553" /><E14/><V107/><F107/><W115/><G115/><T128/><D128/><U85/><E85/><V127/><F131/><W25/><G66/><T119/><D119/><U6/><E6/><V7/><F7/><W57/><G59/><T122/><D1/><U42/><E42/><V21/><F118/><W106/><G58/><T86/><REACH who="0" step="1"/><D122/><REACH who="0" ten="281,384,230,95" step="2"/><U31/><AGARI ba="0,1" hai="22,26,31,37,38,44,51,53" m="553,51721" machi="31" ten="30,1500,0" yaku="20,1" doraHai="121" who="1" fromWho="1" sc="281,-5,384,25,230,-5,95,-5" /><INIT seed="5,1,0,1,2,5" ten="276,409,225,90" oya="1" hai0="105,46,70,121,93,119,40,28,10,30,67,96,57" hai1="131,75,77,25,34,55,51,21,24,23,41,11,116" hai2="13,81,124,69,29,3,42,125,97,32,84,76,60" hai3="134,94,132,15,50,72,0,130,117,18,61,22,113"/><U122/><E116/><V9/><F3/><W62/><G72/><T129/><D119/><U59/><E122/><V86/><F42/><W133/><G117/><T48/><D121/><U111/><E131/><V53/><F97/><W103/><G0/><T109/><D109/><U43/><E111/><V4/><F29/><W83/><G83/><T39/><D129/><U107/><E107/><V104/><F104/><W68/><G68/><T8/><D105/><U88/><E34/><V74/><F32/><W58/><G130/><T7/><D7/><U49/><E77/><V92/><F92/><W31/><G31/><T17/><D17/><U108/><E75/><V45/><F45/><W47/><G58/><T2/><D2/><U85/><E108/><V123/><F123/><W27/><G27/><T36/><D28/><U91/><E85/><V120/><F120/><W98/><REACH who="3" step="1"/><G113/><REACH who="3" ten="276,409,225,80" step="2"/><T101/><D30/><U52/><E59/><N who="2" m="34927" /><F69/><W99/><G99/><T38/><REACH who="0" step="1"/><D70/><REACH who="0" ten="266,409,225,80" step="2"/><U64/><E25/><V33/><F33/><W127/><G127/><AGARI ba="1,2" hai="4,9,13,74,76,81,84,86,124,125,127" m="34927" machi="127" ten="30,2000,0" yaku="18,1,52,1" doraHai="5" who="2" fromWho="3" sc="266,0,409,0,225,43,80,-23" /><INIT seed="6,0,0,5,3,18" ten="266,409,268,57" oya="2" hai0="71,112,43,14,77,103,0,128,95,33,47,133,135" hai1="32,78,7,120,5,13,84,17,45,72,54,46,126" hai2="57,44,51,2,129,76,124,115,24,117,55,74,53" hai3="64,16,106,99,68,34,121,98,60,130,41,111,39"/><V110/><F117/><W4/><G121/><T116/><D116/><U119/><E32/><V22/><F2/><W90/><G111/><T66/><D0/><U81/><E119/><V134/><F115/><W20/><G34/><T101/><D112/><U118/><E118/><V114/><F114/><W10/><G130/><T87/><D128/><U3/><E120/><V104/><F104/><W67/><G106/><T108/><D108/><U122/><E122/><V92/><F129/><W132/><G132/><T89/><D33/><U62/><E126/><V109/><F124/><W27/><G67/><T91/><D77/><U123/><E123/><V12/><F12/><W93/><G41/><T11/><D66/><U8/><E72/><V38/><F38/><W26/><G26/><T82/><D71/><U1/><E1/><V6/><F92/><W127/><G127/><T36/><D135/><U105/><E105/><V113/><F6/><N who="1" m="2057" /><E3/><V94/><F94/><W69/><G39/><T56/><D133/><U63/><E63/><V61/><F113/><W52/><G99/><T125/><D125/><U86/><E86/><V102/><F134/><W29/><G29/><T80/><D56/><AGARI ba="0,0" hai="8,13,17,45,46,54,56,62,78,81,84" m="2057" machi="56" ten="30,1000,0" yaku="8,1" doraHai="18" who="1" fromWho="0" sc="266,-10,409,10,268,0,57,0" /><INIT seed="7,0,0,5,5,101" ten="256,419,268,57" oya="3" hai0="123,72,86,116,18,32,62,112,7,98,3,48,23" hai1="35,75,134,0,102,84,58,135,24,105,57,17,42" hai2="19,22,36,8,95,108,45,80,87,9,103,107,121" hai3="68,69,16,125,2,119,59,25,5,97,61,113,44"/><W128/><G119/><T67/><D116/><U106/><E75/><V63/><F108/><W89/><G125/><T34/><D123/><U104/><E102/><V115/><F107/><W40/><G5/><T124/><D72/><U93/><E0/><V56/><F45/><W4/><G4/><T13/><D124/><U41/><E93/><V91/><F36/><W12/><G2/><T129/><D129/><U29/><E84/><V43/><F43/><N who="1" m="16393" /><E17/><V132/><F132/><AGARI ba="0,0" hai="24,29,35,57,58,104,105,106,132,134,135" m="16393" machi="132" ten="40,8000,1" yaku="20,1,52,3" doraHai="101" who="1" fromWho="2" sc="256,0,419,80,268,-80,57,0" owari="256,6.0,499,59.0,188,-21.0,57,-44.0" /></mjloggm>