<mjloggm ver="2.3"><GO type="41" lobby="0"/><UN n0="%E5%B9%B3%E5%9D%87%E5%BE%97%E7%82%B9%E3%81%AE%E9%AC%BC" n1="%E3%81%BF%E3%81%A9%E3%82%8A%E8%8C%B6" n2="%E9%87%9D%E5%B7%AB%E5%A5%B3" n3="%E5%B0%B1%E6%B4%BB%E7%94%9F%40%E5%B7%9D%E6%9D%91%E8%BB%8D%E5%9B%A3" dan="16,15,15,16" rate="2014.66,1969.55,1938.08,2156.96" sx="M,M,F,M"/><TAIKYOKU oya="0"/><INIT seed="0,0,0,4,4,18" ten="250,250,250,250" oya="0" hai0="86,40,6,59,55,28,23,118,115,92,112,100,19" hai1="3,75,104,30,34,0,7,12,10,42,91,119,79" hai2="48,116,69,14,129,54,66,99,120,58,114,38,128" hai3="78,121,90,73,133,45,61,35,8,106,101,5,56"/><T81/><D118/><U16/><E119/><V29/><F29/><W70/><G121/><T74/><D74/><U20/><E104/><V57/><F116/><W96/><G133/><T98/><D40/><U44/><E91/><V51/><F99/><W67/><G35/><T102/><D6/><U21/><E75/><V25/><F25/><W17/><G45/><T41/><D41/><U125/><E79/><V122/><F14/><W71/><G17/><T64/><D64/><U2/><E125/><V82/><F82/><W32/><G32/><T130/><D28/><U49/><E21/><V131/><F114/><W1/><G78/><T103/><D130/><U107/><E107/><V126/><F38/><W33/><G33/><T27/><D115/><U31/><E31/><V52/><F126/><W135/><G135/><T89/><REACH who="0" step="1"/><D112/><REACH who="0" ten="240,250,250,250" step="2"/><U94/><E30/><V63/><AGARI ba="0,1" hai="48,51,52,54,57,58,63,66,69,120,122,128,129,131" machi="63" ten="40,12000,2" yaku="0,1,9,1,19,1,34,3,54,1" doraHai="18" who="2" fromWho="2" sc="240,-60,250,-30,250,130,250,-30" /><INIT seed="1,0,0,5,4,111" ten="180,220,380,220" oya="1" hai0="79,113,133,102,88,73,42,71,36,22,78,62,23" hai1="107,54,91,127,103,16,26,124,101,112,108,8,120" hai2="98,13,41,17,65,109,45,89,86,12,66,24,118" hai3="94,52,80,34,68,84,4,43,64,58,11,14,40"/><U33/><E120/><V96/><F109/><W77/><G34/><T93/><D102/><U97/><E108/><V134/><F118/><W32/><G32/><T69/><D36/><U37/><E37/><V31/><F134/><W123/><G123/><T53/><D42/><U49/><E103/><V39/><F96/><W9/><G9/><T7/><D133/><U67/><E67/><V19/><F98/><W87/><G64/><T10/><D113/><U100/><E100/><V90/><F66/><W28/><G28/><T85/><D71/><U63/><E63/><V81/><F65/><W76/><G68/><T130/><D69/><U75/><E75/><V99/><F13/><W47/><G47/><T128/><D62/><U72/><E72/><V122/><F122/><W59/><G59/><T129/><D53/><U0/><E91/><V60/><F60/><W30/><G30/><T125/><D125/><U106/><E106/><V116/><F116/><W135/><G135/><T131/><N who="0" m="33280" /><DORA hai="57" /><T132/><D132/><U38/><E38/><V92/><F12/><W18/><G4/><T115/><D115/><U1/><E112/><V29/><F29/><W114/><G114/><T105/><D105/><U15/><E124/><V5/><F5/><W44/><G44/><T95/><D73/><U51/><E127/><V104/><F104/><W74/><G74/><T121/><D121/><U35/><E35/><AGARI ba="0,0" hai="17,19,24,31,35,39,41,45,81,86,89,90,92,99" machi="35" ten="30,1000,0" yaku="7,1" doraHai="111,57" who="2" fromWho="1" sc="180,0,220,-10,380,10,220,0" /><INIT seed="2,0,0,1,2,131" ten="180,210,390,220" oya="2" hai0="37,126,41,115,42,110,133,93,92,3,29,99,49" hai1="80,91,114,89,78,25,69,44,77,17,76,58,24" hai2="134,105,32,35,109,63,72,56,103,21,52,67,71" hai3="54,127,120,96,100,16,94,124,43,111,73,50,36"/><V33/><F72/><W119/><G120/><T10/><D115/><U26/><E114/><V97/><F109/><W4/><G4/><T59/><D29/><U82/><E69/><V23/><REACH who="2" step="1"/><F134/><REACH who="2" ten="180,210,380,220" step="2"/><W62/><G73/><T0/><D133/><U9/><E77/><V129/><F129/><W125/><G111/><T2/><D110/><U85/><E78/><V55/><F55/><W31/><G119/><T84/><D42/><U15/><E76/><V11/><F11/><W7/><G43/><T20/><D10/><U22/><E9/><V61/><AGARI ba="0,1" hai="21,23,32,33,35,52,56,61,63,67,71,97,103,105" machi="61" ten="40,12000,1" yaku="1,1,0,1,54,1,53,1" doraHai="131" doraHaiUra="65" who="2" fromWho="2" sc="180,-40,210,-40,380,130,220,-40" /><INIT seed="2,1,0,3,0,78" ten="140,170,510,180" oya="2" hai0="2,55,28,35,135,18,100,58,41,84,5,51,89" hai1="133,45,49,77,131,109,57,99,95,79,127,73,53" hai2="67,116,11,25,98,62,24,3,31,94,56,65,37" hai3="82,36,132,48,91,29,115,12,16,7,120,85,69"/><V59/><F116/><W13/><G36/><T44/><D135/><U134/><E109/><V72/><F72/><W130/><G120/><T126/><D126/><U76/><E127/><V22/><F37/><W90/><G115/><T26/><D100/><U68/><E68/><V128/><F128/><W60/><G130/><T71/><D71/><U104/><E104/><V96/><F11/><N who="3" m="4223" /><G132/><N who="1" m="50794" /><E131/><V52/><F3/><W125/><G125/><T97/><D97/><U32/><E32/><V42/><F42/><W103/><G69/><T86/><D2/><U43/><E57/><V46/><F46/><W108/><G108/><T63/><D5/><U119/><E119/><V107/><F107/><W10/><G103/><T8/><REACH who="0" step="1"/><D89/><REACH who="0" ten="130,170,510,180" step="2"/><N who="1" m="55791" /><E43/><V50/><F96/><W122/><G122/><T27/><D27/><U38/><E38/><V64/><F25/><W1/><G1/><T0/><D0/><U106/><E106/><V129/><F129/><W121/><G121/><T40/><D40/><U114/><E114/><V19/><F19/><W39/><G39/><T102/><D102/><AGARI ba="1,1" hai="22,24,31,50,52,56,59,62,64,65,67,94,98,102" machi="102" ten="30,12000,1" yaku="7,1,25,2,8,1,54,1" doraHai="78" who="2" fromWho="0" sc="130,-123,170,0,510,133,180,0" /><INIT seed="2,2,0,4,5,6" ten="7,170,643,180" oya="2" hai0="35,46,67,57,34,19,105,8,106,64,100,25,73" hai1="107,130,44,3,135,81,27,90,76,127,114,11,50" hai2="122,22,30,68,15,103,16,89,88,79,14,128,119" hai3="126,61,65,112,26,77,120,62,72,91,78,58,48"/><V85/><F119/><W109/><G120/><T102/><D73/><U28/><E107/><V38/><F122/><W71/><G109/><T1/><D46/><U31/><E114/><V84/><F38/><W7/><G112/><T82/><D82/><U47/><E127/><V87/><F68/><W101/><G126/><T116/><D116/><U45/><E130/><V51/><F128/><W80/><G77/><T63/><D67/><U96/><E135/><V60/><F103/><W49/><G101/><T74/><D74/><U92/><E28/><V59/><F51/><W93/><G7/><T32/><D102/><U12/><E3/><V69/><F69/><W110/><G26/><T4/><D100/><U99/><E99/><V117/><F117/><W36/><G36/><T23/><AGARI ba="2,0" hai="1,4,8,19,23,25,32,34,35,57,63,64,105,106" machi="23" ten="40,2700,0" yaku="0,1,52,1" doraHai="6" who="0" fromWho="0" sc="7,33,170,-9,643,-15,180,-9" /><INIT seed="3,0,0,3,0,89" ten="40,161,628,171" oya="3" hai0="99,20,26,68,1,96,132,112,133,17,123,32,117" hai1="46,86,11,88,13,57,130,92,64,82,81,75,95" hai2="98,49,31,79,9,38,84,74,65,77,107,70,126" hai3="121,2,66,0,36,48,108,69,134,118,67,19,109"/><W44/><G121/><T7/><D68/><U8/><E130/><V39/><F74/><W14/><G118/><T110/><D117/><U125/><E125/><V22/><F126/><W5/><G36/><T6/><D123/><U62/><E75/><V3/><F65/><N who="3" m="24587" /><G5/><N who="0" m="1547" /><D96/><U59/><E46/><V55/><F70/><W114/><G134/><N who="0" m="51819" /><D99/><U60/><E81/><V73/><F9/><N who="1" m="3657" /><E13/><V28/><F3/><W10/><G69/><T104/><D104/><U54/><AGARI ba="0,0" hai="54,57,59,60,62,64,82,86,88,92,95" m="3657" machi="54" ten="30,7900,0" yaku="8,1,52,2,54,1" doraHai="89" who="1" fromWho="1" sc="40,-20,161,79,628,-20,171,-39" /><INIT seed="4,0,0,5,5,16" ten="20,240,608,132" oya="0" hai0="117,72,9,19,32,74,69,112,78,44,50,81,109" hai1="20,67,87,51,97,131,103,24,102,49,40,25,66" hai2="120,105,88,123,6,58,121,42,62,7,27,18,47" hai3="34,55,122,59,36,28,13,29,99,77,21,128,33"/><T71/><D117/><U10/><E131/><V108/><F105/><W22/><G36/><T14/><D112/><U0/><E0/><V23/><F108/><W60/><G128/><T114/><D114/><U100/><E10/><V83/><F83/><W35/><G122/><T126/><D109/><U101/><E87/><V118/><F88/><W89/><G77/><T5/><D126/><U107/><E25/><V90/><F90/><W104/><G13/><T3/><D32/><U2/><E2/><V37/><REACH who="2" step="1"/><F118/><REACH who="2" ten="20,240,598,132" step="2"/><W8/><G89/><T95/><D95/><U4/><E107/><V86/><F86/><W30/><G104/><T111/><D111/><U43/><E100/><V110/><F110/><W56/><G99/><T26/><D74/><U11/><E97/><V91/><F91/><W53/><G8/><T12/><D26/><U57/><E24/><V94/><F94/><W46/><G46/><T63/><D63/><AGARI ba="0,1" hai="21,22,28,29,30,33,34,35,53,55,56,59,60,63" machi="63" ten="50,6400,0" yaku="9,1,52,2" doraHai="16" who="3" fromWho="0" sc="20,-64,240,0,598,0,132,74" owari="-44,-54.0,240,4.0,598,69.0,206,-19.0" /></mjloggm>