<mjloggm ver="2.3"><GO type="97" lobby="0"/><UN n0="%E3%82%BF%E3%83%B3%E3%83%A4%E7%8E%8B" n1="%6E%65%73%69%65%72" n2="%73%68%61%6B%65%70%70%70" n3="%E5%B0%B1%E6%B4%BB%E7%94%9F%40%E5%B7%9D%E6%9D%91%E8%BB%8D%E5%9B%A3" dan="14,15,15,15" rate="1948.64,1947.71,1968.69,2024.28" sx="M,M,M,M"/><TAIKYOKU oya="0"/><INIT seed="0,0,0,3,1,130" ten="250,250,250,250" oya="0" hai0="86,127,120,65,10,43,35,87,13,112,68,106,27" hai1="33,19,40,61,6,93,122,15,5,56,0,98,125" hai2="123,64,52,1,37,135,128,75,94,133,111,4,25" hai3="107,32,63,57,114,59,109,54,38,132,79,8,31"/><T36/><D106/><U22/><E122/><V101/><F123/><W24/><G107/><T115/><D112/><U119/><E119/><V14/><F128/><W42/><G114/><T82/><D115/><U28/><E125/><V18/><F37/><W124/><G109/><T47/><D120/><U55/><E40/><V73/><F111/><W51/><G124/><T58/><D68/><U102/><REACH who="1" step="1"/><E0/><REACH who="1" ten="250,240,250,250" step="2"/><V11/><F64/><W97/><G42/><T77/><D127/><U92/><E92/><V53/><F25/><AGARI ba="0,1" hai="5,6,15,19,22,25,28,33,55,56,61,93,98,102" machi="25" ten="40,2600,0" yaku="1,1,53,1" doraHai="130" doraHaiUra="99" who="1" fromWho="2" sc="250,0,240,36,250,-26,250,0" /><INIT seed="1,0,0,2,5,35" ten="250,276,224,250" oya="1" hai0="115,31,1,120,73,53,89,110,38,11,80,98,41" hai1="10,54,22,84,24,25,91,121,65,30,42,12,86" hai2="60,28,63,9,88,105,59,58,55,132,134,46,33" hai3="102,40,103,67,2,52,37,113,23,108,69,17,68"/><U82/><E121/><V129/><F105/><W18/><G113/><T34/><D53/><U70/><E42/><V74/><F74/><W16/><G108/><T78/><D89/><U64/><E70/><V124/><F28/><W119/><G119/><T71/><D98/><U13/><E54/><V5/><F33/><W14/><G2/><T77/><D77/><U44/><E44/><V61/><F124/><W76/><G76/><T101/><D101/><U100/><E100/><V32/><F32/><W133/><G133/><N who="2" m="51305" /><F129/><W19/><G67/><N who="1" m="25674" /><E10/><V50/><F88/><W72/><G72/><T39/><D115/><U99/><E99/><V15/><AGARI ba="0,0" hai="5,9,15,46,50,55,58,59,60,61,63" m="51305" machi="15" ten="30,1100,0" yaku="20,1" doraHai="35" who="2" fromWho="2" sc="250,-3,276,-5,224,11,250,-3" /><INIT seed="2,0,0,0,3,91" ten="247,271,235,247" oya="2" hai0="102,45,83,128,12,67,21,6,114,9,94,118,130" hai1="23,53,50,32,52,39,89,43,87,64,29,90,132" hai2="59,42,8,7,27,10,25,65,124,88,57,0,66" hai3="22,96,34,56,69,74,62,133,35,51,40,110,1"/><V49/><F124/><W108/><G1/><T76/><D67/><N who="2" m="25610" /><F7/><W70/><G74/><T79/><D114/><U135/><E32/><N who="3" m="12330" /><G133/><N who="1" m="51274" /><E64/><V5/><F0/><W54/><G22/><T41/><D21/><U84/><E39/><V24/><F5/><W26/><G26/><T100/><D118/><U107/><E107/><V117/><F117/><W61/><G96/><N who="0" m="59415" /><D102/><U44/><E89/><V82/><F42/><W47/><G62/><T38/><D83/><N who="1" m="49439" /><E87/><N who="2" m="50295" /><F49/><W127/><G127/><T15/><D15/><U101/><E101/><V46/><F46/><W104/><G104/><T19/><D6/><U106/><E106/><V119/><F119/><W103/><G103/><T68/><D68/><U48/><E48/><V55/><F55/><W85/><G85/><T36/><D36/><U14/><E29/><V18/><F18/><AGARI ba="0,0" hai="14,18,23,43,44,50,52,53" m="49439,51274" machi="18" ten="30,2000,0" yaku="20,1,54,1" doraHai="91" who="1" fromWho="2" sc="247,0,271,20,235,-20,247,0" /><INIT seed="3,0,0,2,3,86" ten="247,291,215,247" oya="3" hai0="42,104,28,50,52,116,3,11,120,31,108,131,128" hai1="68,6,91,4,32,99,83,61,118,58,1,101,97" hai2="114,56,84,60,36,45,13,72,129,49,25,65,24" hai3="35,98,90,18,115,71,12,88,78,117,73,41,55"/><W100/><G117/><T59/><D104/><U134/><E68/><V40/><F72/><W21/><G115/><T81/><D116/><U95/><E32/><V77/><F114/><W119/><G35/><T92/><D120/><U127/><E118/><V63/><F129/><N who="0" m="49738" /><D81/><U82/><E127/><V79/><F36/><W30/><G119/><T133/><D108/><U43/><E43/><V57/><F13/><W16/><G71/><T121/><D121/><U2/><E134/><V93/><F93/><N who="3" m="58447" /><G73/><T34/><D34/><U23/><E23/><V8/><F8/><N who="3" m="6151" /><G78/><N who="2" m="29705" /><F84/><W70/><G70/><T74/><D74/><U130/><E130/><V54/><AGARI ba="0,0" hai="24,25,40,45,49,54,56,57,60,63,65" m="29705" machi="54" ten="30,1100,0" yaku="8,1" doraHai="86" who="2" fromWho="2" sc="247,-3,291,-3,215,11,247,-5" /><INIT seed="4,0,0,2,4,124" ten="244,288,226,242" oya="0" hai0="127,90,23,27,48,88,93,95,0,77,66,69,44" hai1="102,14,98,56,131,12,29,101,103,40,91,123,86" hai2="126,65,68,134,120,92,34,75,2,112,74,97,13" hai3="31,22,36,26,70,53,32,61,1,125,28,24,84"/><T6/><D77/><U60/><E131/><V33/><F120/><W73/><G73/><T9/><D127/><U10/><E123/><V107/><F126/><W117/><G36/><T121/><D121/><U87/><E40/><V83/><F2/><W76/><G117/><T35/><D35/><U45/><E45/><V55/><F112/><W25/><G125/><T135/><D135/><U43/><E43/><V85/><F134/><W54/><G1/><T72/><D72/><U58/><E29/><V113/><F113/><W133/><G133/><T37/><D37/><U16/><E14/><V46/><F68/><W80/><REACH who="3" step="1"/><G24/><REACH who="3" ten="244,288,226,232" step="2"/><T64/><D69/><U59/><E60/><V11/><F74/><W114/><G114/><T119/><D119/><U19/><E19/><V49/><F75/><W63/><G63/><T15/><D0/><U78/><E78/><V104/><F107/><W8/><G8/><T96/><D23/><U39/><E39/><V116/><F104/><W94/><G94/><AGARI ba="0,1" hai="10,12,16,56,58,59,86,87,91,94,98,101,102,103" machi="94" ten="40,2600,0" yaku="8,1,54,1" doraHai="124" who="1" fromWho="3" sc="244,0,288,36,226,0,232,-26" owari="244,4.0,324,42.0,226,-17.0,206,-29.0" /></mjloggm>