<mjloggm ver="2.3"><GO type="169" lobby="0"/><UN n0="%E8%B5%A4%E3%82%A6%E3%83%BC%E3%81%B5%E3%82%8A%E3%81%93%E3%81%BF%E3%82%93" n1="%E3%82%A6%E3%83%AB%E3%83%88%E3%83%A9%E7%AB%8B%E7%9B%B4" n2="%E5%96%AB%E7%85%99%E8%80%85" n3="%E8%B5%A4%E6%9C%A8%E3%81%97%E3%81%92%E3%82%8C" dan="16,17,17,16" rate="2032.55,2158.83,2197.52,2070.59" sx="F,M,F,M"/><TAIKYOKU oya="0"/><INIT seed="0,0,0,3,2,107" ten="250,250,250,250" oya="0" hai0="133,98,5,27,114,34,29,77,110,17,71,24,134" hai1="31,21,126,129,60,41,106,92,91,37,120,20,64" hai2="68,132,44,54,80,75,22,56,122,36,78,4,26" hai3="97,95,42,2,67,70,123,10,109,88,28,49,115"/><T11/><D114/><U51/><E106/><V46/><F122/><W73/><G73/><T82/><D71/><U135/><E120/><V112/><F112/><W96/><G115/><T69/><D69/><U85/><E37/><V13/><F68/><W58/><G123/><T0/><D98/><U87/><E126/><V50/><F132/><N who="0" m="50794" /><D110/><U113/><E135/><V66/><F66/><W7/><G109/><T81/><D77/><U105/><E105/><V16/><REACH who="2" step="1"/><F36/><REACH who="2" ten="250,250,240,250" step="2"/><W3/><G70/><T48/><D48/><U108/><E113/><V39/><F39/><W57/><G67/><T100/><D100/><U117/><E108/><V131/><F131/><W72/><G49/><T116/><D116/><U130/><E117/><V32/><F32/><W52/><G42/><T9/><D9/><AGARI ba="0,1" hai="4,9,13,16,22,26,44,46,50,54,56,75,78,80" machi="9" ten="40,8000,1" yaku="1,1,52,1,54,1,53,2" doraHai="107" doraHaiUra="43" who="2" fromWho="0" sc="250,-80,250,0,240,90,250,0" /><INIT seed="1,0,0,1,1,60" ten="170,250,330,250" oya="1" hai0="36,95,129,18,84,77,72,75,128,89,65,10,52" hai1="41,121,53,66,28,85,21,63,124,43,111,13,67" hai2="20,131,103,114,35,119,1,90,79,37,4,26,126" hai3="49,130,78,101,27,82,107,100,48,71,44,116,57"/><U46/><E121/><V74/><F103/><W9/><G71/><T115/><D36/><U11/><E124/><V55/><F119/><W70/><G70/><T50/><D115/><U39/><E111/><V14/><F90/><W30/><G130/><N who="0" m="50283" /><D77/><U99/><E99/><V38/><F131/><W125/><G125/><T120/><D120/><U45/><E85/><V7/><F55/><W24/><G24/><T112/><D112/><U22/><E53/><V59/><F59/><W29/><G29/><T102/><D102/><U61/><E28/><N who="2" m="19863" /><F7/><W15/><G107/><T64/><D10/><U56/><E11/><N who="2" m="2447" /><F114/><W17/><G57/><N who="0" m="32919" /><D18/><U93/><E93/><V80/><F126/><W68/><G116/><T94/><D94/><U8/><E61/><V81/><F81/><W133/><G101/><T58/><D58/><U5/><REACH who="1" step="1"/><E66/><AGARI ba="0,0" hai="64,65,66,72,75,84,89,95" m="32919,50283" machi="66" ten="30,8000,1" yaku="19,1,52,3,54,1" doraHai="60" who="0" fromWho="1" sc="170,80,250,-80,330,0,250,0" /><INIT seed="2,0,0,3,2,118" ten="250,170,330,250" oya="2" hai0="130,6,10,111,23,31,96,29,51,19,21,50,8" hai1="84,133,71,58,94,114,73,45,80,86,62,79,74" hai2="46,34,9,131,59,63,17,39,24,123,100,32,61" hai3="85,83,22,132,102,101,135,69,120,68,117,60,87"/><V82/><F123/><W91/><G117/><T35/><D111/><U121/><E71/><V49/><F39/><W4/><G4/><T115/><D115/><U119/><E119/><V78/><F131/><W65/><G69/><T33/><D96/><U99/><E114/><V77/><F100/><W104/><G104/><T116/><D116/><U37/><E133/><N who="3" m="51274" /><G120/><T64/><D64/><U109/><E109/><V90/><F90/><N who="3" m="51519" /><G22/><T5/><REACH who="0" step="1"/><D19/><REACH who="0" ten="240,170,330,250" step="2"/><U14/><E99/><V48/><F17/><W40/><G40/><T2/><D2/><U43/><E121/><V36/><F34/><W72/><G72/><T53/><D53/><U52/><E74/><V98/><F32/><W12/><G12/><T18/><D18/><U1/><E1/><V20/><F98/><W122/><G122/><T107/><D107/><U15/><REACH who="1" step="1"/><E73/><REACH who="1" ten="240,160,330,250" step="2"/><V28/><F24/><W125/><G125/><T110/><D110/><U81/><E81/><AGARI ba="0,2" hai="60,65,68,81,87,91,101,102" m="51519,51274" machi="81" ten="30,1000,0" yaku="20,1" doraHai="118" who="3" fromWho="1" sc="240,0,160,-10,330,0,250,30" /><INIT seed="3,0,0,4,2,24" ten="240,150,330,280" oya="3" hai0="21,55,47,40,84,78,60,115,106,44,133,19,0" hai1="2,10,50,73,110,88,4,22,26,94,63,97,108" hai2="70,125,72,18,46,29,61,98,120,135,37,38,112" hai3="127,76,104,101,54,132,68,31,43,62,3,65,100"/><W89/><G3/><T90/><D106/><U67/><E73/><V134/><F112/><W103/><G76/><T13/><D0/><U107/><E50/><V48/><F72/><W130/><G43/><T124/><D78/><U109/><E107/><V126/><F18/><W57/><G104/><T12/><D115/><U8/><E4/><V80/><F80/><W75/><G75/><T129/><D124/><N who="2" m="47722" /><F29/><W113/><G127/><T16/><D129/><U23/><E2/><V82/><F82/><W91/><G113/><T87/><D133/><N who="2" m="50698" /><F98/><W56/><G130/><T33/><D33/><U14/><E14/><V116/><F116/><W25/><G132/><T83/><D87/><U111/><N who="1" m="27648" /><DORA hai="121" /><U99/><E99/><V131/><F120/><W86/><G86/><T66/><D40/><U35/><E35/><V36/><F131/><W15/><G15/><T53/><D44/><U71/><REACH who="1" step="1"/><E22/><REACH who="1" ten="240,140,330,280" step="2"/><V41/><F48/><W39/><G39/><T9/><REACH who="0" step="1"/><D47/><REACH who="0" ten="230,140,330,280" step="2"/><U42/><E42/><V81/><F46/><W7/><G7/><T128/><D128/><U11/><E11/><V51/><F41/><W79/><G25/><T17/><D17/><AGARI ba="0,2" hai="8,10,17,23,26,63,67,71,88,94,97" m="27648" machi="17" ten="70,16000,3" yaku="1,1,14,1,52,4,54,1,53,2" doraHai="24,121" doraHaiUra="6,49" who="1" fromWho="0" sc="230,-160,140,180,330,0,280,0" /><INIT seed="4,0,0,0,2,5" ten="70,320,330,280" oya="0" hai0="108,121,86,18,49,42,16,133,57,67,126,96,51" hai1="132,87,19,100,84,97,30,9,12,80,78,22,123" hai2="58,92,77,15,27,14,72,129,13,45,10,60,54" hai3="59,26,23,1,29,47,130,81,88,69,62,66,128"/><T90/><D121/><U63/><E123/><V2/><F129/><N who="3" m="49771" /><G1/><T79/><D126/><U74/><E132/><V48/><F2/><W20/><G47/><N who="0" m="25847" /><D133/><U120/><E120/><V28/><F92/><W134/><G134/><T93/><D108/><U118/><E118/><V98/><F98/><W44/><G44/><T124/><D124/><U17/><E63/><V104/><F104/><W56/><G20/><T122/><D122/><U32/><E32/><V46/><F46/><W105/><G105/><T37/><D37/><U83/><E30/><V73/><F77/><W112/><G112/><T107/><D107/><U7/><E83/><V40/><REACH who="2" step="1"/><F10/><REACH who="2" ten="70,320,320,280" step="2"/><W34/><G34/><AGARI ba="0,1" hai="13,14,15,27,28,34,40,45,48,54,58,60,72,73" machi="34" ten="40,8000,1" yaku="1,1,2,1,53,3" doraHai="5" doraHaiUra="8" who="2" fromWho="3" sc="70,0,320,0,320,90,280,-80" /><INIT seed="5,0,0,0,1,73" ten="70,320,410,200" oya="1" hai0="104,96,76,17,111,8,72,93,88,91,100,16,50" hai1="123,12,62,53,27,69,32,33,121,131,3,84,28" hai2="9,66,81,40,29,119,25,75,0,74,47,129,49" hai3="114,60,79,65,31,20,85,134,109,15,78,4,44"/><U77/><E3/><V14/><F119/><W41/><G109/><T11/><D111/><U52/><E33/><V58/><F129/><W24/><G114/><T37/><D37/><U87/><E131/><V82/><F0/><W90/><G134/><T55/><D91/><U51/><E12/><V112/><F112/><W42/><G4/><T127/><D127/><U56/><E69/><V71/><F71/><W120/><G15/><T97/><D8/><U39/><E39/><V98/><F98/><W6/><G6/><T132/><D132/><U64/><E64/><V115/><F115/><W103/><G103/><T83/><REACH who="0" step="1"/><D11/><REACH who="0" ten="60,320,410,200" step="2"/><U124/><E124/><V122/><F9/><W86/><G90/><T5/><D5/><U18/><E18/><V38/><F38/><W68/><G120/><T35/><D35/><U30/><E30/><V110/><F110/><W102/><G102/><T2/><D2/><U99/><E123/><V63/><F122/><W113/><G113/><T54/><D54/><U70/><E121/><V67/><F67/><W108/><G108/><T7/><D7/><U46/><E53/><V107/><F29/><W61/><G65/><T126/><D126/><U57/><E99/><V101/><F66/><W13/><G31/><T125/><D125/><U43/><E52/><V45/><F40/><W89/><G68/><T94/><D94/><U92/><E70/><V22/><F22/><W116/><G20/><T34/><D34/><U135/><E135/><V21/><F21/><W19/><G42/><T117/><D117/><U128/><E43/><V133/><F133/><RYUUKYOKU ba="0,1" sc="60,30,320,-10,410,-10,200,-10" hai0="16,17,50,55,72,76,83,88,93,96,97,100,104" /><INIT seed="6,1,1,3,2,83" ten="90,310,400,190" oya="2" hai0="67,8,76,107,94,20,16,71,82,106,122,72,85" hai1="98,58,15,69,123,45,3,36,109,28,2,86,129" hai2="62,25,12,89,68,50,127,105,112,7,116,65,93" hai3="75,92,22,0,54,39,121,32,43,57,14,117,118"/><V134/><F116/><W81/><G32/><T10/><D122/><U125/><E69/><V97/><F112/><W18/><G121/><T128/><D128/><U33/><E109/><V111/><F111/><W90/><G0/><T131/><D131/><U61/><E123/><V108/><F108/><W24/><G81/><T48/><D71/><U44/><E129/><V13/><F127/><W23/><G75/><T27/><D67/><U19/><E125/><V114/><F114/><W130/><G43/><T119/><D119/><U59/><E3/><V73/><F73/><W124/><G39/><T4/><D10/><U113/><E2/><V78/><F78/><W29/><G124/><T70/><D70/><U115/><E98/><V9/><F134/><W37/><G37/><T53/><D72/><U88/><E36/><V133/><F133/><W60/><G130/><T51/><D94/><N who="1" m="54551" /><E33/><V135/><F135/><W100/><G100/><T49/><REACH who="0" step="1"/><D53/><REACH who="0" ten="80,310,400,190" step="2"/><N who="1" m="33999" /><E115/><V5/><F68/><W120/><G120/><T31/><D31/><U104/><E28/><V87/><F93/><W26/><G118/><T34/><D34/><U56/><E113/><V102/><F65/><W101/><G117/><T41/><D41/><U52/><E104/><V35/><F105/><W47/><G29/><T30/><D30/><U91/><E52/><V55/><F55/><W74/><G74/><T84/><D84/><U80/><E80/><V63/><F87/><W126/><G126/><T96/><D96/><U77/><E19/><V21/><F97/><W79/><G18/><T11/><D11/><U38/><E38/><RYUUKYOKU ba="1,2" sc="80,30,310,-10,400,-10,190,-10" hai0="4,8,16,20,27,48,49,51,76,82,85,106,107" /><INIT seed="7,2,2,1,3,36" ten="110,300,390,180" oya="3" hai0="71,61,93,122,86,59,5,88,121,2,52,84,30" hai1="32,102,21,125,46,1,99,49,68,64,74,134,50" hai2="8,109,0,110,108,119,132,107,31,104,65,133,79" hai3="47,101,98,27,131,106,83,56,26,128,116,25,39"/><W40/><G116/><T55/><D71/><U15/><E32/><V115/><F119/><W113/><G113/><T103/><D103/><U89/><E1/><V3/><F115/><W76/><REACH who="3" step="1"/><G56/><REACH who="3" ten="110,300,390,170" step="2"/><T124/><D124/><U53/><E125/><V60/><F109/><W94/><G94/><T118/><D118/><U135/><E135/><V73/><F108/><W96/><G96/><T75/><D75/><AGARI ba="2,3" hai="25,26,27,39,40,47,75,76,83,98,101,106,128,131" machi="75" ten="40,3900,0" yaku="1,1,52,1,53,0" doraHai="36" doraHaiUra="9" who="3" fromWho="0" sc="110,-45,300,0,390,0,170,75" /><INIT seed="7,3,0,0,3,85" ten="65,300,390,245" oya="3" hai0="54,56,132,95,107,68,97,64,112,108,32,48,66" hai1="6,71,36,109,128,111,12,37,5,119,76,129,70" hai2="121,16,41,49,123,133,77,65,34,29,106,88,73" hai3="62,134,124,60,126,42,96,94,67,74,14,69,113"/><W80/><G113/><T47/><D32/><U53/><E12/><V130/><F106/><W135/><G42/><T118/><D107/><U115/><E76/><V40/><F65/><W1/><G1/><T83/><D83/><U44/><E44/><V72/><F133/><N who="3" m="50699" /><G60/><T19/><D132/><U84/><E84/><V114/><F114/><W31/><G31/><T86/><D86/><U43/><E115/><V24/><F130/><N who="1" m="50281" /><E53/><V18/><F41/><W22/><G80/><T91/><D19/><U87/><E87/><V35/><F40/><W46/><G46/><T90/><D68/><N who="1" m="26155" /><E43/><V38/><F18/><N who="3" m="10583" /><G74/><T51/><D108/><N who="1" m="41547" /><E119/><V45/><F45/><W79/><G79/><T98/><D118/><U13/><E13/><V55/><F73/><W3/><G3/><T23/><D23/><U61/><E61/><V125/><F72/><W33/><G33/><T100/><D112/><U15/><E15/><V75/><F34/><W11/><G11/><T102/><D102/><AGARI ba="3,0" hai="62,67,69,94,96,102,124,126" m="10583,50699" machi="102" ten="30,1500,0" yaku="20,1" doraHai="85" who="3" fromWho="0" sc="65,-24,300,0,390,0,245,24" /><INIT seed="7,4,0,3,4,104" ten="41,300,390,269" oya="3" hai0="36,98,35,10,30,31,131,127,81,22,111,101,45" hai1="28,120,57,129,85,112,97,47,55,24,6,7,12" hai2="17,91,118,67,51,106,39,68,114,3,71,95,93" hai3="54,65,84,102,9,109,107,78,50,21,25,32,121"/><W53/><G121/><T37/><D111/><U8/><E120/><V87/><F118/><W70/><G109/><T130/><D35/><U73/><E73/><V33/><F39/><W83/><G32/><T72/><D45/><U19/><E129/><V29/><F106/><W26/><G107/><T122/><D10/><U117/><E117/><V11/><F67/><W69/><G102/><T86/><D22/><N who="1" m="15383" /><E112/><V44/><F114/><W23/><G9/><T52/><D52/><U88/><E97/><V116/><F116/><W76/><G65/><T77/><D31/><U134/><E134/><V133/><F133/><W124/><G50/><T123/><D30/><U119/><E119/><V59/><F59/><W27/><G124/><T100/><D37/><U66/><E66/><V132/><F132/><W96/><G96/><T79/><D36/><U41/><E41/><V128/><F128/><W13/><G13/><T108/><D108/><U82/><E47/><V43/><F95/><W90/><G53/><T80/><D127/><U40/><E40/><V60/><F60/><AGARI ba="4,0" hai="6,7,8,12,19,55,57,60,82,85,88" m="15383" machi="60" ten="30,2000,0" yaku="8,1,54,1" doraHai="104" who="1" fromWho="2" sc="41,0,300,32,390,-32,269,0" owari="41,-46.0,332,13.0,358,46.0,269,-13.0" /></mjloggm>