<mjloggm ver="2.3"><GO type="169" lobby="0"/><UN n0="%E3%83%88%E3%83%88%E3%83%AA%E5%85%88%E7%94%9F%31%39%E6%AD%B3" n1="%E3%81%AD%E3%81%93%E3%81%A0%E3%81%BE" n2="%E8%B1%86%E7%89%B9%EF%BC%A0%E6%B2%B3%E6%9D%91%E8%BB%8D%E5%9B%A3" n3="%70%67%61%69%6E" dan="17,16,16,16" rate="2227.83,2061.30,2097.25,2129.99" sx="F,F,M,M"/><TAIKYOKU oya="0"/><INIT seed="0,0,0,1,5,53" ten="250,250,250,250" oya="0" hai0="83,91,10,46,84,92,66,31,17,19,114,104,56" hai1="21,51,9,25,103,22,62,37,90,73,41,77,65" hai2="26,60,30,33,40,116,123,48,55,64,67,0,52" hai3="57,47,59,96,18,1,12,44,20,100,3,111,101"/><T79/><D114/><U36/><E22/><V130/><F123/><W128/><G111/><T89/><D104/><U43/><E90/><V71/><F0/><W80/><G128/><T135/><D135/><U24/><E24/><V32/><F130/><W6/><G3/><T15/><D31/><U69/><E103/><N who="3" m="39498" /><G1/><T13/><D46/><N who="3" m="17449" /><G96/><T63/><REACH who="0" step="1"/><D92/><REACH who="0" ten="240,250,250,250" step="2"/><U113/><E113/><V75/><F30/><W118/><G118/><T68/><D68/><U106/><E106/><V38/><F71/><W34/><G34/><T87/><D87/><U134/><E134/><V110/><F116/><W132/><G132/><T74/><D74/><U88/><E73/><V98/><F75/><W122/><G122/><T95/><D95/><U131/><E131/><V39/><F33/><W93/><G93/><T11/><AGARI ba="0,1" hai="10,11,13,15,17,19,56,63,66,79,83,84,89,91" machi="11" ten="20,18000,2" yaku="1,1,0,1,7,1,9,1,8,1,52,1,53,0" doraHai="53" doraHaiUra="105" who="0" fromWho="0" sc="240,190,250,-60,250,-60,250,-60" /><INIT seed="0,1,0,0,3,98" ten="430,190,190,190" oya="0" hai0="36,61,47,54,83,56,19,130,8,75,45,41,64" hai1="114,65,50,76,1,113,78,23,104,105,128,55,118" hai2="116,70,51,135,101,38,93,134,60,100,57,74,7" hai3="129,5,6,16,33,27,15,109,37,127,84,58,59"/><T92/><D130/><U11/><E118/><V2/><F38/><W14/><G109/><T69/><D75/><U110/><E65/><V24/><F74/><W103/><G129/><T25/><D83/><U133/><E128/><V44/><F70/><W77/><G37/><T120/><D120/><U122/><E110/><V121/><F121/><W35/><G127/><T29/><D47/><U95/><E95/><V53/><F116/><W87/><G27/><T111/><D111/><U72/><E122/><V42/><F93/><W26/><G26/><T117/><D117/><U112/><E23/><V99/><F99/><W88/><G77/><N who="1" m="29802" /><E72/><V125/><F125/><W81/><G103/><N who="2" m="39497" /><F24/><W67/><G35/><T119/><D92/><U0/><E133/><N who="2" m="50699" /><F7/><W106/><G6/><T30/><D119/><U126/><E126/><V102/><N who="2" m="39505" /><V82/><DORA hai="10" /><F82/><W131/><G5/><T80/><D80/><U40/><E112/><V108/><F108/><W97/><G97/><T79/><D25/><U89/><E113/><V20/><F20/><W86/><G81/><T12/><D79/><U52/><E114/><V90/><F90/><W18/><G88/><T63/><AGARI ba="1,0" hai="8,12,19,29,30,36,41,45,54,56,61,63,64,69" machi="63" ten="20,3900,0" yaku="0,1,7,1,52,1" doraHai="98,10" who="0" fromWho="0" sc="430,42,190,-14,190,-14,190,-14" /><INIT seed="0,2,0,3,0,71" ten="472,176,176,176" oya="0" hai0="3,78,76,74,96,1,2,32,0,120,95,14,98" hai1="8,82,126,10,108,97,36,83,92,19,43,99,50" hai2="134,135,44,64,115,48,40,117,28,105,106,9,25" hai3="102,13,15,21,85,70,93,49,119,67,65,124,109"/><T57/><D120/><U34/><E34/><V104/><F115/><W91/><G119/><T58/><D32/><U46/><E108/><V45/><F117/><W84/><G109/><T116/><D116/><U11/><E126/><V59/><F9/><W94/><G124/><T113/><D113/><U7/><E99/><V122/><F122/><W131/><G131/><T55/><D74/><U118/><E118/><V69/><F69/><W51/><G70/><T103/><N who="0" m="0" /><DORA hai="101" /><T17/><D98/><U18/><E7/><V100/><F100/><W132/><G102/><T72/><D72/><U37/><E83/><V81/><F81/><W35/><G35/><T125/><D125/><U16/><REACH who="1" step="1"/><E82/><REACH who="1" ten="472,166,176,176" step="2"/><V54/><F64/><W42/><G67/><T56/><REACH who="0" step="1"/><D55/><REACH who="0" ten="462,166,176,176" step="2"/><U75/><E75/><V86/><F86/><W123/><G85/><T63/><D63/><U130/><E130/><V62/><REACH who="2" step="1"/><F45/><REACH who="2" ten="462,166,166,176" step="2"/><W30/><G84/><T73/><D73/><U27/><E27/><V66/><F66/><W39/><G65/><T79/><D79/><U33/><E33/><AGARI ba="2,3" hai="25,28,33,40,44,48,54,59,62,104,105,106,134,135" machi="33" ten="40,8000,1" yaku="1,1,52,3,53,0" doraHai="71,101" doraHaiUra="107,5" who="2" fromWho="1" sc="462,0,166,-86,166,116,176,0" /><INIT seed="1,0,0,5,2,22" ten="462,80,282,176" oya="1" hai0="97,8,14,83,99,88,57,45,56,49,89,30,62" hai1="91,113,130,107,69,96,20,61,77,104,87,135,59" hai2="106,54,124,125,34,95,103,7,85,127,128,78,74" hai3="0,47,131,73,53,64,102,13,41,63,39,108,27"/><U4/><E113/><V38/><F38/><W81/><G108/><T132/><D132/><U70/><E135/><V12/><F34/><W100/><G131/><T48/><D30/><U109/><E130/><V11/><F128/><W68/><G13/><T3/><D3/><U32/><E32/><V40/><F40/><W28/><G0/><T92/><D45/><U98/><E4/><V60/><F106/><W66/><G66/><T17/><D56/><U82/><E109/><V112/><F112/><W6/><G6/><T23/><D8/><U33/><E33/><V52/><F60/><W123/><G123/><T129/><D129/><U10/><E10/><V44/><F44/><W117/><G117/><T116/><D116/><U115/><E115/><V19/><F19/><W26/><G53/><T101/><D83/><U35/><E35/><V71/><F71/><N who="1" m="27145" /><E20/><V58/><F58/><W15/><G15/><T110/><D110/><U133/><E133/><V65/><F65/><W46/><G46/><T76/><D76/><U31/><E31/><V67/><F67/><W119/><G28/><T114/><D114/><U122/><E122/><V86/><F78/><N who="3" m="44239" /><G119/><T120/><D120/><U72/><E72/><V111/><F74/><W9/><G9/><T16/><D17/><U24/><E24/><V84/><REACH who="2" step="1"/><F111/><REACH who="2" ten="462,80,272,176" step="2"/><W105/><G105/><N who="1" m="40522" /><E77/><V55/><F55/><W18/><G18/><T43/><D16/><U79/><E79/><V94/><F94/><W75/><G75/><T2/><D92/><U121/><E121/><V51/><F51/><W126/><G47/><T25/><D48/><RYUUKYOKU ba="0,1" sc="462,-15,80,15,272,15,176,-15" hai1="59,61,82,87,91,96,98" hai2="7,11,12,52,54,84,85,86,95,103,124,125,127" /><INIT seed="1,1,1,3,5,69" ten="447,95,287,161" oya="1" hai0="81,132,61,9,66,55,95,100,8,52,39,108,34" hai1="110,89,38,102,28,134,64,4,12,20,123,37,130" hai2="83,77,24,70,51,42,62,63,79,80,13,29,15" hai3="111,74,18,71,54,78,92,84,43,96,122,59,135"/><U25/><E123/><V0/><F0/><W36/><G111/><T106/><D34/><U119/><E119/><V23/><F70/><W99/><G122/><T21/><D39/><U68/><E110/><V124/><F124/><W65/><G135/><T127/><D106/><U2/><E134/><V60/><F42/><W35/><G35/><T1/><D132/><U33/><E130/><V121/><F51/><N who="3" m="31199" /><G74/><T22/><D108/><U45/><E45/><V87/><REACH who="2" step="1"/><F121/><REACH who="2" ten="447,95,277,161" step="2"/><W91/><G43/><T94/><D127/><U113/><E113/><V98/><F98/><W5/><G99/><T27/><D1/><U101/><E2/><V75/><AGARI ba="1,2" hai="13,15,23,24,29,60,62,63,75,77,79,80,83,87" machi="75" ten="30,2000,0" yaku="1,1,0,1,53,0" doraHai="69" doraHaiUra="53" who="2" fromWho="2" sc="447,-6,95,-11,277,43,161,-6" /><INIT seed="2,0,0,3,3,63" ten="441,84,320,155" oya="2" hai0="129,84,112,77,65,96,22,110,132,9,94,99,107" hai1="12,79,119,90,55,103,37,102,8,47,80,83,27" hai2="131,122,23,62,98,88,70,4,126,19,71,61,115" hai3="97,82,133,7,59,91,40,120,106,42,43,68,75"/><V117/><F122/><W56/><G120/><T16/><D112/><U135/><E119/><V127/><F117/><W78/><G133/><T32/><D32/><U53/><E135/><V109/><F115/><W51/><G68/><N who="2" m="26153" /><F4/><W67/><G7/><T118/><D132/><U52/><E27/><N who="2" m="14847" /><F131/><W123/><G123/><T3/><D129/><U130/><E130/><V11/><F11/><W121/><G121/><T0/><D118/><U48/><E37/><V85/><F109/><W74/><G74/><T34/><D34/><U105/><E90/><V29/><F29/><W28/><G28/><T38/><D38/><U81/><E79/><V13/><F13/><W57/><G51/><T116/><D116/><U100/><REACH who="1" step="1"/><E105/><REACH who="1" ten="441,74,320,155" step="2"/><V5/><F127/><W17/><G91/><T73/><D107/><U50/><E50/><V24/><F126/><W6/><G6/><AGARI ba="0,1" hai="6,8,12,47,48,52,53,55,80,81,83,100,102,103" machi="6" ten="40,5200,0" yaku="1,1,8,1,54,1,53,0" doraHai="63" doraHaiUra="108" who="1" fromWho="3" sc="441,0,74,62,320,0,155,-52" /><INIT seed="3,0,0,1,1,126" ten="441,136,320,103" oya="3" hai0="5,13,128,96,50,40,65,120,53,109,98,130,25" hai1="23,75,41,19,18,46,6,116,127,11,134,8,15" hai2="132,122,89,81,29,77,106,105,110,85,31,73,64" hai3="94,114,71,52,108,70,82,111,92,99,78,30,88"/><W107/><G114/><T76/><D120/><U133/><E75/><V72/><F72/><W117/><G117/><T45/><D109/><N who="3" m="42057" /><G107/><T21/><D76/><U55/><E55/><V20/><F110/><W90/><G30/><T87/><D65/><U7/><E116/><V35/><F35/><W104/><G104/><T124/><D87/><U36/><E127/><V118/><F118/><W32/><G32/><T61/><D124/><U60/><E60/><V54/><F122/><W17/><G17/><T66/><D53/><U95/><E95/><V22/><F31/><W2/><G2/><T112/><D112/><U62/><E62/><V68/><F29/><W26/><G26/><T37/><D37/><U10/><REACH who="1" step="1"/><E19/><REACH who="1" ten="441,126,320,103" step="2"/><V102/><F54/><W4/><G52/><T28/><D61/><U16/><E16/><V115/><F115/><W113/><G113/><T1/><D66/><U93/><E93/><N who="2" m="54447" /><F105/><W58/><G58/><T103/><D28/><U63/><E63/><N who="2" m="39967" /><F102/><W69/><G4/><AGARI ba="0,1" hai="4,6,7,8,10,11,15,18,23,36,41,46,133,134" machi="4" ten="40,8000,1" yaku="1,1,53,3" doraHai="126" doraHaiUra="3" who="1" fromWho="3" sc="441,0,126,90,320,0,103,-80" /><INIT seed="4,0,0,3,3,65" ten="441,216,320,23" oya="0" hai0="50,72,61,74,64,67,19,111,91,33,76,32,127" hai1="129,51,9,103,88,59,119,22,41,11,15,89,27" hai2="37,53,109,132,124,55,54,78,71,21,36,56,23" hai3="40,3,63,101,104,108,38,20,34,120,92,131,86"/><T95/><D127/><U35/><E119/><V82/><F124/><W112/><G108/><T125/><D111/><U18/><E129/><V122/><F122/><W58/><G131/><T57/><D125/><U105/><E11/><V134/><F109/><W7/><G34/><T16/><D67/><U44/><E35/><V126/><F126/><W0/><G112/><T39/><D39/><N who="2" m="14922" /><F56/><W87/><G120/><T98/><D33/><U69/><E59/><V49/><F49/><W46/><G104/><T29/><D76/><U45/><E45/><V12/><F12/><W52/><G20/><N who="2" m="7753" /><F82/><W93/><G93/><T47/><D74/><U77/><E77/><V130/><F78/><W62/><G62/><T115/><D72/><U81/><E81/><V6/><F6/><W66/><G66/><T10/><D115/><U24/><E24/><V60/><F60/><W116/><G116/><T97/><D10/><U8/><E8/><V94/><F94/><W90/><G7/><T1/><D1/><U83/><E83/><V2/><F2/><W99/><REACH who="3" step="1"/><G87/><REACH who="3" ten="441,216,320,13" step="2"/><N who="0" m="52735" /><D32/><U117/><E117/><V42/><F130/><W68/><G68/><T70/><D70/><U106/><E69/><V73/><F71/><W128/><G128/><T102/><D29/><U84/><E84/><V113/><F113/><W26/><G26/><T28/><D28/><U114/><E114/><V43/><F73/><W80/><AGARI ba="0,1" hai="0,3,38,40,46,52,58,63,80,86,90,92,99,101" machi="80" ten="20,5200,0" yaku="1,1,0,1,7,1,54,1,53,0" doraHai="65" doraHaiUra="13" who="3" fromWho="3" sc="441,-26,216,-13,320,-13,13,62" /><INIT seed="5,0,0,4,3,36" ten="415,203,307,75" oya="1" hai0="2,91,67,128,44,4,85,61,0,101,11,65,19" hai1="17,60,123,109,99,15,113,117,127,132,115,108,49" hai2="93,74,73,27,20,1,105,97,75,7,131,104,76" hai3="35,130,45,107,5,81,112,79,54,90,120,70,38"/><U3/><E3/><V10/><F131/><W26/><G120/><T53/><D128/><U121/><E117/><V40/><F76/><W57/><G130/><T106/><D0/><U21/><E60/><V114/><F114/><N who="1" m="43529" /><E99/><V30/><REACH who="2" step="1"/><F40/><REACH who="2" ten="415,203,297,75" step="2"/><W126/><G79/><T31/><D106/><U14/><E127/><V119/><F119/><W116/><G107/><T55/><D55/><U8/><E132/><V42/><F42/><W41/><G41/><T58/><D53/><U52/><E121/><V23/><F23/><W51/><G54/><T12/><D65/><U56/><E123/><V125/><F125/><W64/><G64/><T100/><D67/><U96/><E96/><V46/><F46/><W83/><G45/><T71/><D44/><U48/><E48/><V134/><F134/><W34/><G51/><T9/><D61/><U47/><E47/><V88/><AGARI ba="0,1" hai="1,7,10,20,27,30,73,74,75,88,93,97,104,105" machi="88" ten="30,7900,0" yaku="1,1,0,1,54,1,53,1" doraHai="36" doraHaiUra="87" who="2" fromWho="2" sc="415,-20,203,-39,297,89,75,-20" /><INIT seed="6,0,0,3,1,113" ten="395,164,386,55" oya="2" hai0="122,5,127,33,57,9,24,100,15,114,59,115,75" hai1="65,25,119,38,61,45,20,41,135,132,3,47,56" hai2="111,118,83,7,72,90,27,131,81,66,87,42,125" hai3="10,34,97,60,67,80,99,46,22,64,71,51,107"/><V86/><F118/><W123/><G123/><T58/><D122/><U16/><E3/><V77/><F131/><W68/><G34/><T103/><D75/><U73/><E73/><V128/><F128/><W49/><G107/><T76/><D127/><U117/><E47/><V55/><F125/><W91/><G10/><T48/><D76/><U32/><E32/><V88/><F111/><W31/><G80/><T53/><D33/><U1/><E1/><V85/><F42/><W0/><G0/><T14/><D24/><U52/><E65/><V92/><F66/><W63/><G91/><T11/><D115/><U50/><E50/><V84/><F7/><W39/><G39/><T30/><D30/><U94/><E94/><N who="2" m="54623" /><F55/><W26/><REACH who="3" step="1"/><G51/><REACH who="3" ten="395,164,386,45" step="2"/><T101/><D114/><U62/><E62/><V36/><F36/><W2/><G2/><T70/><D70/><U130/><E130/><V95/><F27/><W89/><G89/><T126/><D126/><U98/><E61/><V120/><F120/><W74/><G74/><T18/><AGARI ba="0,1" hai="5,9,11,14,15,18,48,53,57,58,59,100,101,103" machi="18" ten="30,2000,0" yaku="0,1,8,1" doraHai="113" who="0" fromWho="0" sc="395,30,164,-5,386,-10,45,-5" /><INIT seed="7,0,0,0,5,112" ten="425,159,376,40" oya="3" hai0="135,13,120,0,129,22,102,91,63,61,108,35,117" hai1="113,6,87,66,55,11,122,58,100,110,23,5,72" hai2="53,71,109,16,29,89,96,7,41,3,17,47,31" hai3="68,34,105,44,46,2,48,18,93,60,76,85,57"/><W81/><G105/><T126/><D22/><U8/><E110/><V40/><F71/><W65/><G34/><T32/><D13/><U79/><E72/><V101/><F109/><W82/><G2/><T123/><D108/><U15/><E66/><V69/><F69/><W119/><G93/><T36/><D91/><U103/><E23/><V128/><F128/><W59/><G119/><T92/><D92/><U45/><E45/><V9/><F89/><W33/><G33/><T97/><D97/><U37/><E37/><V54/><F31/><W50/><G18/><T133/><D117/><U134/><E122/><V38/><F29/><W78/><G44/><T121/><D36/><U106/><E134/><V104/><F41/><W111/><G111/><T90/><D121/><U25/><E25/><V130/><F130/><W49/><REACH who="3" step="1"/><G46/><REACH who="3" ten="425,159,376,30" step="2"/><T67/><D0/><N who="1" m="39" /><E106/><V4/><F4/><W131/><G131/><T62/><D129/><U12/><E6/><V42/><F42/><W114/><G114/><T21/><D123/><U132/><E113/><V86/><F17/><W10/><G10/><T24/><D120/><U64/><E11/><V77/><F16/><W28/><G28/><T74/><D35/><U98/><E132/><V51/><F38/><W75/><AGARI ba="0,1" hai="48,49,50,57,59,60,65,68,75,76,78,81,82,85" machi="75" ten="30,3000,0" yaku="1,1,0,1,53,0" doraHai="112" doraHaiUra="94" who="3" fromWho="3" sc="425,-10,159,-10,376,-10,30,40" /><INIT seed="7,1,0,2,2,54" ten="415,149,366,70" oya="3" hai0="58,24,125,117,20,104,129,70,84,94,57,64,14" hai1="112,0,56,23,106,88,124,51,8,2,105,120,66" hai2="130,53,44,13,17,67,123,61,45,9,73,98,36" hai3="72,5,19,42,31,34,10,103,71,6,65,128,82"/><W4/><G42/><T101/><D104/><U18/><E120/><V75/><F123/><W49/><G128/><T80/><D117/><U48/><E105/><V79/><F130/><W95/><G49/><N who="1" m="19018" /><E106/><V86/><F53/><W119/><G119/><T81/><D125/><U15/><E88/><V126/><F126/><W122/><G122/><T69/><D69/><U1/><E56/><N who="0" m="21609" /><D129/><U127/><E66/><V52/><F98/><W37/><G37/><T99/><D70/><U132/><E112/><V89/><F45/><W77/><G19/><N who="0" m="12319" /><D64/><U113/><E113/><V91/><F36/><W87/><G10/><T93/><D14/><U41/><E41/><V59/><F79/><W74/><G71/><T83/><D94/><U96/><E2/><V3/><F3/><W60/><G60/><T7/><D7/><U118/><E1/><V11/><F11/><W131/><G65/><T26/><D26/><U116/><E116/><V12/><F12/><W102/><G131/><T110/><D110/><U90/><E118/><V97/><F75/><N who="3" m="28715" /><G95/><T114/><D114/><U135/><E0/><V28/><F73/><W29/><G34/><T40/><D40/><U46/><E124/><V107/><F107/><W121/><G121/><T78/><AGARI ba="1,0" hai="78,80,81,83,84,93,99,101" m="12319,21609" machi="78" ten="30,7900,0" yaku="8,1,52,3" doraHai="54" who="0" fromWho="0" sc="415,82,149,-21,366,-21,70,-40" owari="497,59.0,128,-27.0,345,15.0,30,-47.0" /></mjloggm>