<mjloggm ver="2.3"><GO type="97" lobby="0"/><UN n0="%E9%95%B7%E5%B7%9E%E3%81%AE%E5%85%8B" n1="%E6%B6%88%E3%81%88%E3%81%9F%E3%82%BB%E3%82%AB%E3%83%B3%E3%83%89" n2="%E5%B0%B1%E6%B4%BB%E7%94%9F%40%E5%B7%9D%E6%9D%91%E8%BB%8D%E5%9B%A3" n3="%74%72%79" dan="15,13,14,13" rate="2100.10,1978.88,1988.95,1888.50" sx="M,M,M,M"/><TAIKYOKU oya="0"/><INIT seed="0,0,0,3,5,50" ten="250,250,250,250" oya="0" hai0="111,67,5,13,69,33,106,126,30,104,76,4,125" hai1="1,131,124,34,45,38,82,77,87,66,63,108,41" hai2="94,44,35,114,0,17,58,68,23,89,54,10,79" hai3="105,84,116,122,78,96,103,7,25,107,127,28,15"/><T43/><D76/><U135/><E108/><V19/><F35/><W24/><G116/><T133/><D43/><U20/><E135/><V59/><F68/><W65/><G65/><T86/><D133/><U109/><E109/><V113/><F79/><W75/><G75/><T72/><D72/><U91/><E131/><V11/><F113/><W8/><G127/><N who="0" m="48651" /><D111/><U73/><E124/><V31/><F114/><W57/><G122/><T101/><D86/><U71/><E34/><V115/><F115/><W74/><G74/><T2/><D2/><U9/><E20/><V26/><F44/><W61/><G107/><N who="0" m="41003" /><D101/><U40/><E40/><V6/><F59/><W60/><G60/><N who="0" m="40167" /><D13/><U112/><E112/><V117/><F117/><W48/><G48/><T88/><D33/><U129/><E129/><V14/><F94/><W53/><REACH who="3" step="1"/><G28/><REACH who="3" ten="250,250,250,240" step="2"/><T110/><D30/><U123/><E123/><V121/><F121/><W36/><G36/><T119/><D110/><U90/><REACH who="1" step="1"/><E87/><REACH who="1" ten="250,240,250,240" step="2"/><V3/><F31/><W62/><G62/><T47/><D119/><U85/><E85/><V27/><F0/><W46/><G46/><T92/><D47/><U32/><E32/><V134/><F3/><W102/><G102/><T83/><D83/><AGARI ba="0,2" hai="7,8,15,24,25,53,57,61,78,83,84,96,103,105" machi="83" ten="40,2600,0" yaku="1,1,52,1,53,0" doraHai="50" doraHaiUra="16" who="3" fromWho="0" sc="250,-26,240,0,250,0,240,46" /><INIT seed="1,0,0,1,0,36" ten="224,240,250,286" oya="1" hai0="7,86,118,83,95,103,119,116,135,18,68,61,44" hai1="120,109,43,14,9,112,60,76,25,111,94,59,117" hai2="122,4,133,80,67,38,37,50,131,65,79,2,22" hai3="0,134,32,88,92,46,21,24,62,28,39,82,42"/><U99/><E117/><V54/><F122/><W107/><G107/><T47/><D7/><U100/><E120/><V23/><F131/><W132/><G0/><T49/><D135/><N who="3" m="51753" /><G82/><T96/><D68/><U55/><E112/><V121/><F121/><W124/><G124/><T15/><D61/><U93/><E76/><V71/><F133/><W85/><G62/><T108/><D108/><N who="1" m="41547" /><E25/><V8/><F38/><W6/><G6/><T12/><D47/><U129/><E129/><V64/><F37/><W75/><G75/><T20/><D15/><U11/><E14/><V53/><F71/><W106/><G106/><T52/><D119/><U114/><E114/><V74/><REACH who="2" step="1"/><F54/><REACH who="2" ten="224,240,240,286" step="2"/><W16/><G32/><T19/><REACH who="0" step="1"/><D18/><AGARI ba="0,1" hai="16,18,21,24,28,39,42,46,85,88,92" m="51753" machi="18" ten="30,7700,0" yaku="20,1,52,1,54,2" doraHai="36" who="3" fromWho="0" sc="224,-77,240,0,240,0,286,87" /><INIT seed="2,0,0,0,3,14" ten="147,240,240,373" oya="2" hai0="106,128,8,9,16,68,56,102,108,69,28,25,91" hai1="103,47,45,37,15,35,122,41,105,64,43,116,95" hai2="87,126,22,24,90,39,113,48,123,111,130,2,76" hai3="88,99,13,125,109,84,100,6,83,80,71,97,32"/><V75/><F39/><W93/><G71/><T86/><D106/><U70/><E105/><V117/><F2/><W4/><G109/><T1/><D102/><U11/><E116/><V132/><F117/><W0/><G32/><T26/><D108/><U66/><E35/><V65/><F111/><W110/><G110/><T17/><D128/><U18/><E122/><V55/><F123/><W119/><G119/><T27/><D28/><U94/><E70/><V36/><F36/><W96/><G125/><T21/><D69/><U73/><E73/><V49/><F113/><W12/><G0/><T3/><D68/><U133/><E133/><V131/><F65/><W10/><REACH who="3" step="1"/><G100/><REACH who="3" ten="147,240,240,363" step="2"/><T50/><D3/><U74/><E103/><V112/><F126/><W115/><G115/><T54/><D1/><U127/><E127/><V79/><F132/><W20/><G20/><N who="0" m="13447" /><D26/><U77/><E66/><V33/><F33/><W63/><G63/><T52/><D54/><U57/><E64/><V61/><F112/><W62/><G62/><T82/><AGARI ba="0,1" hai="8,9,17,21,27,50,52,56,82,86,91" m="13447" machi="82" ten="30,8000,1" yaku="8,1,52,2,54,2" doraHai="14" who="0" fromWho="0" sc="147,90,240,-20,240,-40,363,-20" /><INIT seed="3,0,0,5,5,2" ten="237,220,200,343" oya="3" hai0="42,21,5,71,95,74,134,116,0,69,46,31,100" hai1="26,30,14,117,44,51,4,65,125,81,6,108,17" hai2="13,94,107,128,133,91,37,1,23,120,87,76,15" hai3="56,58,109,73,104,19,72,118,11,98,85,90,126"/><W27/><G118/><T45/><D74/><U122/><E122/><V83/><F1/><W47/><G47/><T99/><D116/><U131/><E117/><V9/><F107/><W22/><G11/><T123/><D123/><U33/><E108/><V52/><F120/><W24/><G24/><T54/><D134/><U28/><E131/><V64/><F133/><W50/><G126/><T18/><D31/><U34/><E125/><V130/><F37/><W78/><G78/><T43/><D54/><U96/><E65/><V8/><F64/><W29/><G29/><T135/><D135/><U110/><E110/><V106/><F106/><W39/><G39/><T35/><D35/><U92/><E81/><V49/><F23/><W111/><G56/><T115/><D115/><U93/><E30/><V124/><F124/><W53/><G111/><T89/><D100/><U88/><E93/><V3/><F3/><W75/><G109/><T55/><D55/><U80/><E80/><V63/><F63/><W101/><G75/><T57/><D57/><U36/><E36/><V114/><F114/><W121/><G121/><T77/><D77/><U48/><E34/><V62/><F62/><W97/><G97/><T59/><D59/><U102/><E102/><V12/><F128/><W127/><G127/><T79/><D79/><U7/><REACH who="1" step="1"/><E44/><REACH who="1" ten="237,210,200,343" step="2"/><N who="2" m="27687" /><F130/><W10/><G101/><T68/><D46/><U16/><E16/><V38/><F38/><W70/><G19/><T86/><D45/><U82/><E82/><V41/><F41/><W132/><G132/><T112/><D43/><U66/><E66/><RYUUKYOKU ba="0,1" sc="237,-15,210,15,200,15,343,-15" hai1="4,6,7,14,17,26,28,33,48,51,88,92,96" hai2="8,9,12,13,15,76,83,87,91,94" owari="222,-18.0,225,3.0,215,-28.0,338,43.0" /></mjloggm>