<mjloggm ver="2.3"><GO type="169" lobby="0"/><UN n0="%E3%82%A6%E3%83%AB%E3%83%88%E3%83%A9%E7%AB%8B%E7%9B%B4" n1="%E9%BA%BB%E7%94%9F%E9%9B%80%E5%AD%90" n2="%E9%9B%B2%E5%B1%B1" n3="%E3%81%82%E3%83%BC%E3%81%BF%E3%82%93%E2%98%86" dan="17,17,16,17" rate="2147.93,2213.87,2006.75,2088.11" sx="M,F,F,F"/><TAIKYOKU oya="0"/><INIT seed="0,0,0,4,4,48" ten="250,250,250,250" oya="0" hai0="19,49,21,3,113,63,98,55,73,86,7,114,27" hai1="82,128,34,107,47,39,24,44,54,25,8,110,50" hai2="105,22,81,42,116,62,95,80,131,133,56,69,51" hai3="67,60,93,118,135,37,4,132,124,101,89,57,26"/><T12/><D73/><U23/><E107/><V72/><F105/><W129/><G37/><T18/><D98/><U40/><E110/><V14/><F133/><W64/><G118/><T38/><D38/><U121/><E128/><V75/><F131/><W117/><G117/><T96/><D96/><U100/><E100/><V119/><F75/><W61/><G4/><T125/><D125/><U126/><E126/><V76/><F81/><W17/><G129/><T94/><D63/><U92/><E121/><V0/><F0/><W41/><G41/><T46/><D7/><U45/><E92/><V104/><F104/><W16/><G101/><T68/><D3/><U99/><E99/><V97/><F69/><W36/><G36/><T5/><D5/><U130/><E130/><V112/><F112/><W106/><G106/><T28/><D68/><U35/><E8/><V79/><F79/><W84/><G124/><T58/><D46/><U9/><E9/><V1/><F1/><W115/><G115/><T77/><D19/><U11/><E45/><N who="2" m="26039" /><F14/><W52/><G132/><T15/><D12/><U78/><E25/><V71/><F71/><W20/><G135/><T111/><D111/><U2/><E2/><V102/><F22/><N who="3" m="13639" /><G61/><T59/><D59/><U33/><E11/><V108/><F108/><W43/><G43/><T29/><D29/><N who="1" m="17567" /><E35/><V123/><F123/><W6/><G6/><T109/><D109/><U90/><E78/><V32/><F32/><W30/><G30/><T10/><D77/><U91/><E82/><V87/><F72/><W88/><G89/><N who="0" m="53559" /><D114/><U66/><E66/><AGARI ba="0,0" hai="56,62,66,76,80,87,95,97,102,116,119" m="26039" machi="66" ten="30,1000,0" yaku="6,1" doraHai="48" who="2" fromWho="1" sc="250,0,250,-10,250,10,250,0" /><INIT seed="1,0,0,2,3,41" ten="250,240,260,250" oya="1" hai0="35,79,77,115,21,100,93,65,74,117,57,26,8" hai1="16,83,12,13,107,112,54,38,4,27,0,42,23" hai2="34,46,2,72,67,132,108,75,71,116,39,53,119" hai3="135,7,3,62,129,130,60,92,33,5,52,69,114"/><U25/><E107/><V11/><F53/><W14/><G3/><T44/><D35/><U126/><E112/><V63/><F108/><W73/><G73/><N who="2" m="28233" /><F34/><W22/><G33/><T28/><D74/><U55/><E126/><V87/><F87/><W24/><G135/><T80/><D115/><U95/><E95/><V43/><F132/><W128/><G114/><T121/><D8/><U127/><E127/><V68/><F68/><W76/><G76/><T109/><D109/><U102/><E102/><V51/><F51/><W133/><G133/><T84/><D79/><U86/><E0/><V40/><F40/><W61/><G92/><T120/><D117/><U111/><E111/><V106/><F106/><W45/><G69/><T30/><D30/><U90/><E38/><V37/><F37/><W48/><G14/><T99/><REACH who="0" step="1"/><D44/><REACH who="0" ten="240,240,260,250" step="2"/><U85/><E42/><V47/><F46/><W122/><G122/><T125/><D125/><U134/><E134/><V118/><F118/><W64/><G64/><T31/><D31/><AGARI ba="0,1" hai="5,7,22,24,31,45,48,52,60,61,62,128,129,130" machi="31" ten="50,6400,0" yaku="19,1,52,1,54,1" doraHai="41" who="3" fromWho="0" sc="240,-64,240,0,260,0,250,74" /><INIT seed="2,0,0,1,4,97" ten="176,240,260,324" oya="2" hai0="88,19,90,108,34,3,103,128,9,56,70,121,84" hai1="111,132,65,109,1,86,115,20,43,42,83,73,39" hai2="27,4,55,72,76,99,29,30,60,118,71,95,33" hai3="46,53,2,129,16,82,54,89,52,11,125,62,123"/><V31/><F118/><W79/><G123/><T38/><D70/><U96/><E73/><V44/><F4/><W93/><G129/><T35/><D121/><U59/><E1/><V17/><F17/><W112/><G125/><T120/><D120/><U131/><E115/><V106/><F95/><W68/><G68/><T32/><D38/><U122/><E122/><V10/><F10/><W102/><G2/><T26/><D128/><U14/><E131/><V49/><F76/><W63/><G46/><T58/><D108/><N who="1" m="41547" /><E39/><V57/><F72/><W92/><G92/><T100/><D3/><U36/><E36/><V77/><F77/><W23/><G11/><T5/><D5/><U98/><E132/><V15/><F15/><N who="3" m="9631" /><G112/><T45/><D45/><U41/><E14/><V94/><F106/><W8/><G8/><T126/><D9/><U64/><E20/><V67/><REACH who="2" step="1"/><F71/><REACH who="2" ten="176,240,250,324" step="2"/><W114/><G79/><T0/><D19/><U85/><E83/><V134/><F134/><W117/><G117/><T51/><D0/><U40/><N who="1" m="10240" /><DORA hai="21" /><U130/><E85/><V48/><F48/><W24/><G114/><T47/><D51/><U135/><E86/><V28/><F28/><W13/><G13/><T110/><D84/><U87/><E87/><V107/><F107/><W105/><G105/><T37/><D37/><U25/><E135/><V22/><F22/><W61/><G82/><T7/><D110/><U80/><E80/><V124/><F124/><W81/><G81/><T91/><D126/><U113/><E130/><V119/><F119/><W127/><G127/><T116/><D116/><RYUUKYOKU ba="0,1" sc="176,-10,240,-10,250,30,324,-10" hai2="27,29,30,31,33,44,49,55,57,60,67,94,99" /><INIT seed="2,1,1,3,5,81" ten="166,230,280,314" oya="2" hai0="134,53,83,16,33,73,117,49,79,127,23,57,132" hai1="7,107,91,51,95,30,41,105,110,37,78,32,120" hai2="92,87,109,98,65,68,12,36,96,63,111,60,42" hai3="126,115,55,50,71,62,27,8,82,14,2,131,25"/><V100/><F12/><W130/><G2/><T31/><D127/><U26/><E37/><V113/><F113/><W3/><G3/><T39/><D39/><U102/><E110/><N who="2" m="41995" /><F63/><W20/><G20/><T22/><D22/><U121/><E78/><V119/><F119/><W97/><G97/><T114/><D114/><U61/><E61/><V0/><F0/><W86/><G126/><T34/><D31/><U18/><E7/><V4/><F4/><N who="3" m="3335" /><G115/><T46/><D46/><N who="1" m="26063" /><E18/><V6/><F6/><W89/><G71/><T94/><D94/><U58/><E102/><V21/><F21/><W77/><G62/><T67/><D67/><U52/><E107/><V66/><F66/><W47/><G77/><T70/><D70/><U44/><E105/><V19/><F19/><W72/><G72/><T133/><REACH who="0" step="1"/><D117/><REACH who="0" ten="156,230,280,314" step="2"/><U123/><E30/><V5/><F36/><W76/><G47/><T74/><D74/><U29/><E44/><V17/><F92/><W54/><G25/><AGARI ba="1,2" hai="16,23,25,33,34,49,53,57,73,79,83,132,133,134" machi="25" ten="40,5200,0" yaku="1,1,20,1,54,1,53,0" doraHai="81" doraHaiUra="103" who="0" fromWho="3" sc="156,75,230,0,280,0,314,-55" /><INIT seed="3,0,0,5,1,48" ten="231,230,280,259" oya="3" hai0="132,111,32,69,24,80,114,82,88,13,74,65,101" hai1="83,12,59,38,121,41,2,27,127,134,68,125,43" hai2="78,116,87,14,77,33,7,22,44,108,15,21,128" hai3="4,112,115,89,58,126,94,103,0,73,70,6,39"/><W35/><G70/><T120/><D120/><U25/><E2/><V37/><F33/><W100/><G35/><T42/><D111/><U11/><E68/><V57/><F108/><W75/><G39/><T54/><D42/><U97/><E121/><V28/><F116/><W10/><G6/><T47/><D132/><U123/><E123/><V105/><F105/><W67/><G126/><N who="1" m="48138" /><E83/><V63/><F128/><W3/><G3/><T92/><D101/><U46/><E41/><V109/><F109/><W18/><G18/><T99/><D74/><U26/><E97/><V102/><F102/><W31/><G103/><T34/><D34/><U129/><E129/><V107/><F107/><W72/><G100/><T124/><D114/><U96/><E96/><V133/><F133/><W76/><G76/><T23/><D69/><U86/><E86/><V118/><F87/><W95/><G112/><T52/><D32/><U56/><E134/><V36/><F28/><W117/><G31/><N who="0" m="17823" /><D65/><U104/><E104/><V29/><F37/><W50/><G115/><T93/><D93/><U53/><E53/><N who="0" m="20585" /><D124/><U91/><E59/><V1/><F57/><W30/><G95/><T40/><D13/><U5/><E56/><V90/><F15/><W49/><G117/><T113/><D113/><U9/><E12/><V51/><F14/><W122/><G122/><T110/><D110/><U61/><E38/><V71/><F36/><W79/><G73/><T85/><D99/><U45/><E43/><V66/><F71/><W20/><G75/><T8/><D8/><U16/><E11/><V81/><F118/><RYUUKYOKU ba="0,0" sc="231,30,230,-10,280,-10,259,-10" hai0="40,47,80,82,85,88,92" /><INIT seed="4,1,0,3,1,126" ten="261,220,270,249" oya="0" hai0="32,26,63,53,127,60,40,5,9,20,15,52,97" hai1="1,79,80,42,73,36,58,101,99,108,100,132,72" hai2="122,117,134,116,86,133,39,82,87,68,93,84,18" hai3="23,30,10,78,28,130,77,0,24,35,2,29,81"/><T27/><D127/><U6/><E58/><V106/><F68/><W96/><G130/><T131/><D131/><U89/><E101/><V66/><F18/><W19/><G96/><T125/><D125/><U17/><E89/><N who="2" m="53439" /><F66/><W118/><G118/><N who="2" m="45673" /><F39/><W91/><G91/><T121/><D121/><U46/><E108/><V59/><F59/><W88/><G88/><T112/><D112/><U55/><E55/><N who="0" m="21065" /><D32/><U47/><E47/><V49/><F49/><W12/><G78/><T75/><D75/><N who="1" m="43135" /><E17/><V115/><F115/><W56/><G56/><T64/><D97/><U123/><E132/><N who="2" m="50795" /><F122/><W103/><G0/><T92/><D64/><U57/><E57/><V67/><F67/><W129/><G2/><T38/><D38/><U25/><E25/><N who="0" m="9225" /><D40/><U70/><E123/><V69/><F69/><W74/><G35/><T31/><D31/><U83/><E70/><V44/><F44/><W95/><G29/><T48/><D20/><U109/><E109/><V119/><F119/><W16/><G30/><T41/><D41/><U22/><E22/><V107/><F82/><W111/><G28/><T4/><D48/><U110/><E83/><V8/><F8/><W33/><G33/><T90/><D5/><U120/><E120/><V114/><F114/><W13/><G24/><T62/><D62/><U43/><E43/><V45/><F45/><W98/><G111/><T85/><AGARI ba="1,0" hai="4,9,15,60,63,85,90,92" m="9225,21065" machi="85" ten="30,3000,0" yaku="8,1,54,1" doraHai="126" who="0" fromWho="0" sc="261,33,220,-11,270,-11,249,-11" /><INIT seed="4,2,0,5,4,79" ten="294,209,259,238" oya="0" hai0="106,40,59,10,1,35,29,104,115,45,80,111,109" hai1="76,123,117,6,42,112,52,77,113,101,38,127,37" hai2="92,62,114,41,108,124,50,121,49,55,129,81,99" hai3="73,13,105,48,122,95,54,27,17,110,15,25,21"/><T64/><D115/><N who="1" m="44107" /><E123/><V8/><F114/><W118/><G105/><T69/><D69/><U44/><E117/><V97/><F121/><W18/><G118/><T57/><D29/><U66/><E101/><N who="2" m="60583" /><F108/><N who="0" m="41546" /><D35/><U102/><E102/><V120/><F120/><W36/><G36/><N who="1" m="13930" /><E6/><V134/><F134/><W34/><G34/><T30/><D30/><U33/><E33/><V74/><F74/><W100/><G73/><T132/><D132/><U126/><E66/><V26/><F99/><N who="3" m="59519" /><G110/><T23/><D64/><U128/><E42/><V65/><F41/><W93/><G93/><T12/><D40/><U78/><E128/><V70/><F70/><W51/><G122/><T61/><D106/><U119/><E119/><V60/><F65/><W53/><G54/><T24/><D104/><U5/><E5/><V85/><F129/><W83/><G53/><T133/><D1/><U98/><E98/><V96/><F96/><W3/><G3/><T58/><D133/><U71/><E71/><V72/><F72/><W125/><G27/><T0/><D0/><U131/><E131/><V43/><F26/><W7/><G25/><T116/><D116/><U68/><E68/><V88/><F43/><W67/><G67/><T9/><D24/><U91/><E91/><V130/><F130/><W20/><G7/><T4/><D4/><U2/><E2/><V32/><F32/><W89/><G13/><T107/><D107/><U103/><E103/><V11/><F55/><W39/><G15/><T82/><D12/><U28/><E28/><V46/><F62/><W90/><G39/><T75/><D61/><RYUUKYOKU ba="2,0" sc="294,-10,209,30,259,-10,238,-10" hai1="44,52,76,77,78,126,127" /><INIT seed="5,3,0,2,0,71" ten="284,239,249,228" oya="1" hai0="25,129,102,50,39,8,33,0,115,94,55,72,32" hai1="26,80,42,66,68,113,128,41,21,76,12,87,126" hai2="112,88,1,81,51,53,91,37,125,95,34,84,63" hai3="10,65,11,18,120,46,20,15,62,3,59,127,31"/><U116/><E116/><V70/><F125/><W105/><G105/><T35/><D72/><U75/><E128/><V123/><F123/><W101/><G120/><T93/><D129/><U90/><E126/><V104/><F104/><W23/><G101/><T131/><D131/><U48/><E113/><V58/><F1/><W73/><G73/><T14/><D0/><U28/><E68/><V78/><F34/><W9/><G127/><T17/><D39/><U2/><E2/><V43/><F112/><W111/><G111/><T89/><D102/><U99/><E66/><N who="2" m="41311" /><F95/><W97/><G97/><T98/><D93/><N who="1" m="56759" /><E75/><V56/><F56/><W134/><G134/><T52/><D115/><U44/><E12/><V13/><F13/><W117/><G117/><T130/><D130/><U69/><E69/><V77/><F78/><W45/><G3/><T118/><D118/><U16/><E28/><V108/><F108/><W100/><G100/><T36/><D36/><U121/><E121/><V47/><AGARI ba="3,0" hai="37,43,47,51,53,58,77,81,84,88,91" m="41311" machi="47" ten="30,4000,0" yaku="24,1,52,1,54,1" doraHai="71" who="2" fromWho="2" sc="284,-13,239,-23,249,49,228,-13" /><INIT seed="6,0,0,3,4,67" ten="271,216,298,215" oya="2" hai0="76,73,42,103,4,66,91,132,131,104,69,21,33" hai1="113,30,16,29,40,13,63,43,133,117,39,78,124" hai2="31,122,79,106,52,112,11,77,119,99,87,47,12" hai3="59,28,82,19,53,102,115,64,10,120,72,126,105"/><V93/><F122/><W9/><G120/><T32/><D91/><U83/><E117/><V110/><F119/><W71/><G126/><T51/><D21/><U17/><E124/><V128/><F128/><W7/><G19/><T75/><D51/><U134/><E113/><V100/><F112/><W60/><G115/><T44/><D4/><U111/><E63/><V18/><F31/><N who="1" m="11785" /><E111/><V0/><F0/><W1/><G10/><T125/><D132/><N who="1" m="50795" /><E39/><V95/><F106/><W108/><G108/><T5/><D5/><U2/><E2/><V62/><F110/><W41/><G41/><N who="1" m="15946" /><E13/><V80/><F95/><W55/><G28/><T129/><D125/><U38/><E38/><V85/><F62/><W97/><REACH who="3" step="1"/><G59/><REACH who="3" ten="271,216,298,205" step="2"/><T34/><D129/><U26/><E26/><V81/><F47/><W8/><G8/><T114/><D44/><U24/><E24/><V127/><F127/><W90/><G90/><T84/><D42/><U37/><E37/><V15/><F15/><W98/><G98/><N who="0" m="61559" /><D131/><U135/><E135/><V89/><F89/><W35/><G35/><T56/><D114/><U48/><E48/><V130/><F130/><W121/><G121/><T14/><D56/><U54/><E54/><AGARI ba="0,1" hai="11,12,18,52,54,77,79,80,81,85,87,93,99,100" machi="54" ten="40,7700,0" yaku="9,1,8,1,54,1" doraHai="67" who="2" fromWho="1" sc="271,0,216,-77,298,87,205,0" /><INIT seed="6,1,0,5,0,55" ten="271,139,385,205" oya="2" hai0="45,21,3,56,20,68,77,36,112,67,110,29,104" hai1="17,35,121,114,0,41,5,34,18,92,86,28,58" hai2="131,127,81,61,111,95,31,14,94,25,100,39,79" hai3="122,96,117,16,128,124,11,99,54,74,130,4,64"/><V133/><F39/><W102/><G74/><T10/><D104/><U88/><E114/><V19/><F111/><W72/><G117/><T1/><D68/><U91/><E41/><V84/><F133/><W89/><G72/><T66/><D112/><U123/><E0/><V46/><F46/><W23/><G64/><T51/><D36/><U50/><E5/><V48/><F48/><W135/><G122/><N who="1" m="46602" /><E28/><V15/><F15/><W63/><G89/><T118/><D118/><U22/><E91/><V103/><F31/><W97/><G102/><T109/><D1/><U85/><E85/><V101/><F101/><W98/><G135/><T43/><D77/><U115/><E115/><V119/><F100/><W53/><G99/><T120/><D120/><U32/><E22/><N who="0" m="8809" /><D29/><U71/><E71/><V80/><F103/><W93/><G98/><T24/><D3/><U59/><E50/><V75/><F119/><W87/><G97/><T78/><D78/><U27/><E27/><V113/><F25/><W52/><G96/><T30/><D24/><U60/><E60/><V26/><F61/><W108/><G63/><N who="0" m="38247" /><D30/><U106/><E106/><V7/><F26/><W70/><G70/><T6/><D109/><U37/><E37/><V8/><F113/><W125/><G108/><T12/><D110/><U33/><N who="1" m="8192" /><DORA hai="116" /><U69/><E69/><V2/><F79/><W76/><G76/><T38/><D38/><U82/><E82/><V105/><F80/><W129/><G87/><T13/><D13/><U132/><E132/><V83/><F81/><W40/><G40/><T134/><D134/><RYUUKYOKU ba="1,0" sc="271,15,139,15,385,-15,205,-15" hai0="6,10,12,43,45,51,67" hai1="17,18,58,59,86,88,92" /><INIT seed="7,2,0,1,5,123" ten="286,154,370,190" oya="3" hai0="98,13,117,121,120,4,11,76,67,105,21,119,87" hai1="118,38,9,61,104,29,33,111,24,62,115,95,79" hai2="63,113,34,14,74,60,86,8,45,100,58,44,59" hai3="42,39,54,25,10,97,65,93,99,66,126,32,102"/><W90/><G126/><T71/><D67/><U64/><E118/><V114/><F34/><W0/><G39/><T134/><D71/><U55/><E38/><V89/><F74/><W88/><G42/><T69/><D69/><U131/><E115/><N who="2" m="44043" /><F100/><W112/><G90/><T15/><D87/><U41/><E41/><V108/><F108/><W37/><G37/><T1/><D98/><U122/><E122/><N who="0" m="47209" /><D105/><U84/><E131/><V16/><F59/><W28/><G112/><T94/><D94/><U57/><E104/><V72/><F72/><W107/><G54/><T132/><D76/><U19/><E79/><V125/><F125/><W50/><G50/><T128/><D128/><U133/><E133/><N who="0" m="51305" /><D21/><U22/><E9/><V53/><F63/><W51/><G51/><T127/><D127/><U17/><E33/><V83/><AGARI ba="2,0" hai="8,14,16,44,45,53,58,60,83,86,89" m="44043" machi="83" ten="30,2000,0" yaku="15,1,54,1" doraHai="123" who="2" fromWho="2" sc="286,-7,154,-7,370,26,190,-12" owari="279,8.0,147,-35.0,396,49.0,178,-22.0" /></mjloggm>