<mjloggm ver="2.3"><GO type="225" lobby="0"/><UN n0="%E3%81%AA%E3%81%A3%E3%81%8D%E3%82%8A" n1="%E3%81%A4%E3%81%AE%E3%81%A0%E2%98%86%E3%81%B2%E3%82%8D" n2="%E5%B0%B1%E6%B4%BB%E7%94%9F%40%E5%B7%9D%E6%9D%91%E8%BB%8D%E5%9B%A3" n3="%61%73%73%65%72%74%69%76" dan="16,16,16,16" rate="2065.83,2098.33,2085.64,2149.31" sx="M,F,M,M"/><TAIKYOKU oya="0"/><INIT seed="0,0,0,1,1,87" ten="250,250,250,250" oya="0" hai0="86,85,98,113,28,99,17,81,112,22,32,38,110" hai1="116,49,30,93,79,68,46,60,120,75,27,77,106" hai2="89,21,132,84,127,111,53,62,94,125,133,29,34" hai3="9,129,61,3,8,91,102,41,55,15,12,43,83"/><T14/><D38/><U51/><E106/><V44/><F34/><W121/><G129/><T47/><D110/><U105/><E105/><V2/><F2/><W63/><G3/><T0/><D0/><U131/><E120/><V117/><F117/><W25/><G102/><T58/><D86/><U59/><E116/><V130/><F130/><W114/><G25/><T20/><D32/><U5/><E68/><V11/><F11/><N who="3" m="4171" /><G114/><T88/><D112/><U96/><E5/><V36/><F36/><W4/><G4/><T67/><D47/><U73/><E73/><V1/><F1/><W33/><G33/><T52/><D67/><N who="1" m="39327" /><E75/><V71/><F71/><W16/><G15/><T66/><D66/><U31/><E51/><N who="2" m="28903" /><F62/><N who="3" m="23563" /><G55/><T10/><D113/><U90/><E131/><V54/><F54/><W7/><G7/><T115/><D115/><U107/><E107/><V42/><F42/><W78/><G78/><N who="1" m="29706" /><E27/><N who="2" m="16623" /><F111/><W37/><G121/><T95/><D28/><U19/><E19/><V56/><F56/><W26/><G26/><T6/><D6/><U65/><E65/><V76/><F76/><W72/><G72/><T135/><D135/><AGARI ba="0,0" hai="84,89,94,125,127,132,133,135" m="16623,28903" machi="135" ten="30,2000,0" yaku="20,1,52,1" doraHai="87" who="2" fromWho="0" sc="250,-20,250,0,250,20,250,0" /><INIT seed="1,0,0,0,2,12" ten="230,250,270,250" oya="1" hai0="1,26,104,69,5,125,81,41,106,10,109,37,123" hai1="59,47,61,13,103,9,58,11,48,16,101,84,118" hai2="27,34,95,30,133,82,79,102,73,128,120,134,87" hai3="49,75,80,63,89,126,4,40,55,117,33,90,31"/><U57/><E118/><V67/><F120/><W60/><G117/><T88/><D123/><U54/><E61/><V19/><F128/><W35/><G4/><T23/><D109/><U113/><E113/><V53/><F67/><W17/><G126/><T132/><D125/><U119/><E119/><V66/><F66/><W112/><G112/><T116/><D116/><U83/><REACH who="1" step="1"/><E11/><REACH who="1" ten="230,240,270,250" step="2"/><V6/><F133/><W56/><G60/><T20/><D132/><U38/><E38/><V91/><F134/><W77/><G63/><T114/><D114/><U32/><E32/><V76/><F76/><AGARI ba="0,1" hai="9,13,16,47,48,54,57,58,59,76,83,84,101,103" machi="76" ten="40,12000,1" yaku="1,1,8,1,52,1,54,1,53,0" doraHai="12" doraHaiUra="130" who="1" fromWho="2" sc="230,0,240,130,270,-120,250,0" /><INIT seed="1,1,0,5,1,22" ten="230,370,150,250" oya="1" hai0="30,98,28,43,24,67,35,5,8,78,129,124,12" hai1="44,77,50,55,47,15,18,106,100,80,53,128,123" hai2="38,52,131,122,79,23,110,13,103,119,70,58,29" hai3="41,51,32,48,19,69,94,0,76,89,133,56,84"/><U45/><E123/><V46/><F70/><W135/><G69/><T64/><D124/><U91/><E128/><V112/><F119/><W2/><G32/><T95/><D129/><U101/><E106/><V86/><F122/><W134/><G76/><T37/><D78/><U90/><E90/><V59/><F131/><W117/><G117/><T125/><D125/><U33/><E33/><V26/><F112/><W74/><G74/><T20/><D30/><U7/><E7/><V75/><F75/><W27/><G41/><T92/><D92/><U118/><E118/><V68/><F68/><W17/><G17/><T61/><D35/><U113/><E113/><V6/><F110/><W97/><G84/><T120/><D120/><U105/><E105/><V81/><F103/><W121/><G121/><T96/><D96/><U4/><E4/><V25/><F38/><W82/><G82/><T109/><D109/><U107/><E107/><V62/><F46/><W88/><G89/><T39/><D43/><U99/><E77/><V114/><F114/><W83/><G83/><T54/><D54/><U127/><E127/><V42/><F42/><W36/><G36/><N who="0" m="13899" /><D61/><U116/><E116/><V1/><F1/><N who="3" m="619" /><G56/><T104/><D104/><U73/><E73/><V111/><F111/><W40/><G40/><T9/><D9/><N who="1" m="6511" /><E55/><N who="2" m="34143" /><F29/><W63/><G63/><T14/><D14/><U31/><E31/><V93/><F93/><W11/><G11/><T16/><D28/><U21/><E100/><V3/><F3/><W49/><G49/><T102/><D5/><U87/><E21/><AGARI ba="1,0" hai="19,21,27,48,51,88,94,97,133,134,135" m="619" machi="21" ten="40,5200,0" yaku="20,1,52,1,54,1" doraHai="22" who="3" fromWho="1" sc="230,0,370,-55,150,0,250,55" /><INIT seed="2,0,0,1,4,47" ten="230,315,150,305" oya="2" hai0="114,121,118,82,87,65,94,74,97,35,15,70,100" hai1="43,126,23,61,99,120,60,51,119,55,56,122,54" hai2="128,14,66,62,113,19,103,95,4,133,42,104,25" hai3="77,29,85,0,76,135,21,22,69,30,112,58,24"/><V13/><F113/><W9/><G69/><T41/><D114/><U88/><E119/><V7/><F104/><W49/><G112/><T89/><D35/><U132/><E132/><V64/><F133/><W3/><G135/><T98/><D41/><U52/><E126/><V44/><F128/><W123/><G123/><N who="1" m="47146" /><E23/><N who="2" m="13567" /><F42/><W117/><G117/><T5/><D121/><U73/><E73/><V75/><F75/><W110/><G110/><T6/><D118/><U131/><E131/><V134/><F134/><W83/><G9/><T27/><D27/><U59/><E43/><V16/><F44/><W91/><G0/><T32/><D32/><U111/><E111/><V115/><F115/><W10/><G10/><T79/><D15/><N who="2" m="5642" /><F16/><N who="3" m="12359" /><G3/><T31/><D31/><N who="3" m="11785" /><G21/><T81/><D6/><N who="2" m="2090" /><F62/><N who="1" m="24169" /><E59/><V67/><F67/><W45/><G58/><T1/><D5/><U71/><E71/><V96/><AGARI ba="0,0" hai="64,66,95,96,103" m="2090,5642,13567" machi="96" ten="30,1500,0" yaku="8,1" doraHai="47" who="2" fromWho="2" sc="230,-5,315,-5,150,15,305,-5" /><INIT seed="2,1,0,5,4,75" ten="225,310,165,300" oya="2" hai0="31,40,90,92,16,47,70,25,63,66,28,20,81" hai1="127,131,14,3,79,36,53,57,126,113,121,65,106" hai2="83,17,135,50,99,22,6,59,100,112,119,60,0" hai3="23,133,2,125,10,91,24,37,74,123,11,84,108"/><V29/><F119/><W132/><G123/><T4/><D4/><U98/><E36/><V128/><F112/><W76/><G37/><T61/><D61/><U122/><E3/><V72/><F128/><W33/><G108/><T42/><D81/><U68/><E131/><V21/><F135/><W103/><G125/><N who="1" m="47626" /><E113/><V54/><F0/><W12/><G103/><T27/><D47/><U114/><E114/><V8/><F83/><N who="3" m="45463" /><G33/><T134/><D134/><N who="3" m="51817" /><G12/><T15/><D27/><U39/><E39/><V18/><F72/><W129/><G2/><T117/><D117/><U97/><E14/><N who="2" m="5399" /><F60/><W88/><G129/><T109/><D109/><U102/><E121/><V104/><F104/><W89/><G84/><T80/><D80/><U9/><E122/><V56/><F56/><W94/><G94/><T85/><REACH who="0" step="1"/><D31/><AGARI ba="1,0" hai="10,11,23,24,31,88,89,91" m="51817,45463" machi="31" ten="30,3900,0" yaku="20,1,52,1,54,1" doraHai="75" who="3" fromWho="0" sc="225,-42,310,0,165,0,300,42" /><INIT seed="3,0,0,3,2,96" ten="183,310,165,342" oya="3" hai0="94,53,104,37,116,22,11,111,34,98,92,7,79" hai1="65,91,47,25,62,44,42,31,36,78,127,0,23" hai2="117,21,75,9,107,102,105,108,123,121,51,63,43" hai3="41,17,83,12,48,135,57,125,85,124,3,59,20"/><W97/><G3/><T64/><D34/><U10/><E127/><N who="3" m="48714" /><G135/><T72/><D37/><U87/><E47/><N who="2" m="26111" /><F75/><W8/><G97/><T2/><D116/><U101/><E78/><V29/><F117/><W86/><G86/><T38/><D38/><U50/><E36/><V126/><F126/><W84/><G84/><T45/><D111/><U82/><E0/><V39/><F39/><W118/><G118/><T133/><D64/><U26/><E26/><N who="2" m="16591" /><F108/><W69/><G69/><T15/><D133/><U131/><E131/><V14/><F63/><W93/><G93/><T114/><D114/><U6/><E6/><N who="2" m="3383" /><F102/><W128/><G128/><T112/><D112/><U32/><E10/><V88/><F88/><N who="3" m="51263" /><G8/><T113/><D113/><U71/><REACH who="1" step="1"/><E32/><REACH who="1" ten="183,300,165,342" step="2"/><V35/><F35/><W27/><G27/><T110/><D110/><U52/><E52/><V129/><F129/><W16/><G17/><T80/><D53/><U1/><E1/><V66/><F66/><W74/><G74/><T130/><D130/><U109/><E109/><V40/><F40/><W76/><G76/><T5/><D5/><U77/><E77/><V99/><F99/><W60/><G41/><T95/><D45/><U49/><E49/><V55/><F55/><N who="3" m="33919" /><G48/><T56/><D104/><U28/><E28/><V68/><F68/><W70/><G70/><T67/><D67/><U122/><E122/><AGARI ba="0,1" hai="105,107,121,122,123" m="3383,16591,26111" machi="122" ten="30,1000,0" yaku="13,1" doraHai="96" who="2" fromWho="1" sc="183,0,300,-10,165,20,342,0" owari="183,-32.0,290,9.0,185,-21.0,342,44.0" /></mjloggm>