<mjloggm ver="2.3"><GO type="41" lobby="0"/><UN n0="%4E%2E%4B%3B" n1="%E5%B0%B1%E6%B4%BB%E7%94%9F%40%E5%B7%9D%E6%9D%91%E8%BB%8D%E5%9B%A3" n2="%E7%8E%8B%E9%A8%8E%EF%BC%A0%E3%82%AD%E3%83%B3%E3%82%B0%E3%83%80%E3%83%A0" n3="%64%66%61%6C%6E%66%6B%6A" dan="15,17,13,14" rate="1982.81,2093.66,1892.60,1889.66" sx="M,M,M,M"/><TAIKYOKU oya="0"/><INIT seed="0,0,0,5,0,120" ten="250,250,250,250" oya="0" hai0="21,43,73,107,118,126,127,104,101,29,24,75,128" hai1="31,121,102,59,65,125,63,23,78,71,111,40,3" hai2="36,61,4,9,25,35,55,6,88,51,14,98,72" hai3="52,74,45,77,123,83,57,30,116,18,50,49,134"/><T91/><D118/><U19/><E121/><V42/><F72/><W86/><G116/><T1/><D1/><U44/><E3/><V115/><F115/><W131/><G123/><T106/><D128/><U17/><E78/><V64/><F35/><W132/><G131/><T105/><D101/><U15/><E125/><N who="0" m="47625" /><D107/><U76/><E76/><V119/><F119/><W48/><G30/><T80/><D43/><U37/><E31/><V7/><F25/><W34/><G34/><T26/><D26/><U112/><E112/><V97/><F36/><W93/><G18/><T114/><D114/><U68/><E102/><V135/><F42/><W60/><G45/><T41/><D41/><U22/><REACH who="1" step="1"/><E111/><REACH who="1" ten="250,240,250,250" step="2"/><V54/><F135/><W92/><G74/><T66/><D66/><U90/><E90/><V95/><F98/><W108/><G108/><T109/><D109/><U27/><AGARI ba="0,1" hai="15,17,19,22,23,27,37,40,44,59,63,65,68,71" machi="27" ten="20,5200,0" yaku="1,1,0,1,7,1,53,1" doraHai="120" doraHaiUra="58" who="1" fromWho="1" sc="250,-26,240,62,250,-13,250,-13" /><INIT seed="1,0,0,5,4,77" ten="224,302,237,237" oya="1" hai0="128,75,30,111,5,39,129,86,48,15,9,14,46" hai1="70,42,1,110,22,38,97,0,117,114,64,127,20" hai2="8,83,35,132,47,100,11,94,109,17,99,115,123" hai3="33,54,106,125,13,78,104,74,91,59,50,19,126"/><U112/><E38/><V61/><F123/><W67/><G33/><T7/><D75/><U69/><E42/><V55/><F35/><W82/><G67/><T105/><D105/><U107/><E117/><V80/><F109/><W73/><G73/><T41/><D111/><U31/><E110/><V71/><F132/><W76/><G76/><T108/><D108/><U98/><E64/><V24/><F71/><W119/><G119/><T16/><D30/><U10/><E31/><V130/><F130/><N who="0" m="50282" /><D86/><U79/><E79/><V116/><F116/><W45/><G91/><T118/><D118/><U29/><E29/><V93/><F93/><W68/><G68/><T43/><D43/><U56/><E10/><N who="2" m="3627" /><F115/><W63/><G106/><T58/><D14/><U122/><E107/><V4/><F4/><W36/><G104/><T88/><D88/><U87/><E87/><V6/><F6/><W25/><G36/><T32/><D32/><U92/><E92/><V124/><F124/><W131/><G131/><T52/><AGARI ba="0,0" hai="5,7,9,15,16,39,41,46,48,52,58" m="50282" machi="52" ten="30,4000,0" yaku="19,1,54,2" doraHai="77" who="0" fromWho="0" sc="224,40,302,-20,237,-10,237,-10" /><INIT seed="2,0,0,1,0,95" ten="264,282,227,227" oya="2" hai0="34,46,21,117,105,49,57,71,43,113,129,80,74" hai1="52,112,6,31,13,125,82,103,15,0,14,111,75" hai2="134,11,131,69,48,108,62,68,25,84,64,97,35" hai3="88,123,50,79,106,47,77,61,18,91,102,54,45"/><V76/><F131/><W55/><G123/><T128/><D113/><U8/><E112/><V135/><F108/><W100/><G18/><T133/><D105/><U65/><E111/><V130/><F130/><N who="0" m="50282" /><D34/><U16/><E125/><V44/><F11/><W81/><G106/><T90/><D71/><U96/><E65/><V59/><F76/><W101/><G61/><T132/><D117/><U107/><E31/><V104/><F69/><W20/><G20/><T98/><D21/><U115/><E115/><V110/><F84/><W26/><G26/><T37/><D57/><U7/><E7/><V42/><F59/><W118/><G118/><T89/><D37/><U94/><E107/><V33/><F110/><W58/><G58/><T126/><D126/><U29/><E29/><V17/><F17/><W1/><G1/><T38/><D38/><U67/><E67/><V72/><F72/><W116/><G116/><T36/><D36/><U51/><E82/><V56/><F56/><W127/><G127/><T121/><D121/><U87/><E87/><V32/><REACH who="2" step="1"/><F25/><REACH who="2" ten="264,282,217,227" step="2"/><W60/><G79/><N who="0" m="44151" /><D89/><U12/><E75/><V39/><F39/><W19/><G91/><T23/><D23/><N who="1" m="11655" /><E0/><V41/><F41/><W63/><G77/><T66/><D66/><U73/><E73/><V4/><F4/><W27/><G19/><T5/><D5/><U93/><E6/><V53/><F53/><W120/><G120/><T3/><D3/><U85/><E8/><V99/><F99/><W124/><G124/><T92/><AGARI ba="0,1" hai="43,46,49,90,92,98,132,133" m="44151,50282" machi="92" ten="30,2000,0" yaku="19,1,52,1" doraHai="95" who="0" fromWho="0" sc="264,30,282,-5,217,-10,227,-5" /><INIT seed="3,0,0,5,5,9" ten="294,277,207,222" oya="3" hai0="102,26,12,94,98,48,92,28,70,65,49,33,91" hai1="86,77,112,69,124,133,59,119,104,22,43,64,72" hai2="31,15,89,123,76,6,113,19,71,45,75,51,55" hai3="130,84,0,35,127,100,25,61,79,132,93,24,122"/><W2/><G122/><T118/><D118/><U62/><E112/><V129/><F113/><W11/><G132/><T120/><D120/><U17/><E119/><V40/><F123/><W57/><G130/><T10/><D65/><U88/><E133/><V5/><F129/><W83/><G127/><T56/><D56/><U41/><E104/><V66/><F75/><W67/><G35/><T109/><D70/><U38/><E124/><V63/><F76/><W32/><G32/><T111/><D111/><U80/><E38/><V128/><F128/><W131/><G131/><T44/><D44/><U117/><E69/><V34/><F34/><W36/><G36/><T96/><REACH who="0" step="1"/><D109/><REACH who="0" ten="284,277,207,222" step="2"/><U37/><E117/><V101/><F31/><W99/><G67/><T87/><D87/><N who="1" m="48527" /><E37/><V135/><F135/><W110/><G110/><T1/><D1/><U85/><E72/><V106/><F40/><W81/><G0/><T4/><AGARI ba="0,1" hai="4,10,12,26,28,33,48,49,91,92,94,96,98,102" machi="4" ten="20,12000,2" yaku="1,1,0,1,7,1,52,1,53,2" doraHai="9" doraHaiUra="47" who="0" fromWho="0" sc="284,130,277,-30,207,-30,222,-60" /><INIT seed="4,0,0,0,4,131" ten="414,247,177,162" oya="0" hai0="34,35,95,46,117,91,104,86,85,135,110,67,123" hai1="58,100,49,89,48,3,26,87,65,1,15,84,127" hai2="94,29,71,31,133,51,21,13,78,101,113,130,10" hai3="2,75,70,55,81,121,54,39,124,118,97,120,92"/><T41/><D104/><U42/><E127/><V82/><F113/><W73/><G118/><T17/><D123/><N who="3" m="47177" /><G124/><T90/><D117/><U19/><E100/><V63/><F130/><W74/><G70/><T83/><D110/><U108/><E26/><V14/><F71/><W80/><G39/><T128/><D128/><U8/><E108/><V11/><F63/><W40/><G40/><T102/><D102/><U107/><E107/><V7/><F101/><N who="3" m="60583" /><G2/><T50/><D67/><U77/><E77/><V119/><F94/><W66/><G66/><T27/><D135/><U96/><E96/><V98/><F98/><W106/><G106/><T93/><D83/><AGARI ba="0,0" hai="54,55,73,74,75,80,81,83" m="60583,47177" machi="83" ten="40,1300,0" yaku="13,1" doraHai="131" who="3" fromWho="0" sc="414,-13,247,0,177,0,162,13" /><INIT seed="5,0,0,1,3,135" ten="401,247,177,175" oya="1" hai0="115,91,29,128,71,105,82,7,75,126,98,65,67" hai1="23,33,2,20,50,74,39,100,34,6,63,127,11" hai2="97,27,68,57,32,95,43,93,49,12,87,19,13" hai3="99,130,133,25,90,113,66,80,42,108,132,119,131"/><U89/><E39/><V9/><F68/><W121/><G42/><T41/><D115/><U72/><E100/><V114/><F114/><W116/><G66/><T26/><D128/><N who="3" m="49193" /><G25/><T24/><D41/><U94/><E63/><V54/><F43/><W62/><G62/><T38/><D38/><U36/><E36/><V85/><F93/><N who="3" m="56759" /><G113/><T129/><D129/><U60/><E60/><V106/><F106/><W16/><G16/><T3/><D65/><U96/><E50/><V37/><F37/><W117/><G121/><T45/><D45/><U123/><E123/><V69/><F69/><W10/><G10/><T77/><D7/><U52/><E52/><V122/><F122/><W102/><G108/><T118/><D3/><U53/><E53/><V5/><F27/><W70/><G70/><T111/><D24/><U79/><E23/><V22/><REACH who="2" step="1"/><F32/><REACH who="2" ten="401,247,167,175" step="2"/><W51/><G119/><T134/><D26/><U18/><E34/><V101/><AGARI ba="0,1" hai="5,9,12,13,19,22,49,54,57,85,87,95,97,101" machi="101" ten="20,8000,1" yaku="1,1,2,1,0,1,7,1,8,1,53,0" doraHai="135" doraHaiUra="110" who="2" fromWho="2" sc="401,-20,247,-40,167,90,175,-20" /><INIT seed="6,0,0,4,5,69" ten="381,207,257,155" oya="2" hai0="41,74,50,9,18,60,134,99,29,62,111,114,108" hai1="16,6,87,77,71,30,132,73,54,102,31,70,1" hai2="98,72,15,133,4,17,127,10,14,101,34,40,117" hai3="122,106,94,23,97,131,104,46,38,100,44,43,32"/><V67/><F117/><W84/><G122/><T93/><D74/><U35/><E73/><V126/><F72/><W24/><G32/><T112/><D29/><U116/><E116/><V61/><F34/><W37/><G131/><T47/><D134/><U110/><E110/><V64/><F40/><W27/><G84/><T3/><D111/><U0/><E132/><V48/><F48/><W7/><G7/><T25/><D108/><U92/><E70/><V124/><F133/><W107/><G23/><T39/><D50/><U68/><E68/><V5/><F61/><W53/><G53/><T8/><D8/><U82/><E71/><V88/><F4/><W91/><REACH who="3" step="1"/><G100/><REACH who="3" ten="381,207,257,145" step="2"/><T51/><D114/><U85/><E6/><V45/><F101/><W59/><G59/><T120/><D112/><U78/><E35/><V56/><F56/><W90/><G90/><T96/><D120/><U66/><E0/><V95/><F45/><W129/><G129/><T28/><D3/><U33/><E1/><V75/><F75/><W49/><G49/><T135/><D51/><U79/><E33/><V65/><F67/><W19/><G19/><T26/><D18/><U118/><E16/><V128/><F128/><W86/><G86/><T121/><D121/><U125/><E66/><V89/><F89/><W130/><G130/><T113/><D113/><U109/><E54/><V63/><F63/><W83/><G83/><T42/><D60/><U57/><E109/><V22/><AGARI ba="0,1" hai="5,10,14,15,17,22,64,65,88,95,98,124,126,127" machi="22" ten="30,6000,0" yaku="0,1,18,1,54,1" doraHai="69" who="2" fromWho="2" sc="381,-20,207,-20,257,70,145,-20" /><INIT seed="6,1,0,0,0,75" ten="361,187,327,125" oya="2" hai0="33,93,22,67,122,85,82,7,83,115,8,135,112" hai1="91,10,107,13,5,89,120,90,114,31,97,63,66" hai2="37,133,78,127,103,55,0,68,12,21,30,70,104" hai3="11,71,53,92,69,108,100,131,16,77,14,86,9"/><V29/><F0/><W95/><G108/><T73/><D122/><U116/><E114/><N who="0" m="43561" /><D33/><U65/><E120/><V84/><F37/><W105/><G131/><T59/><D135/><U119/><E31/><V47/><F127/><W62/><G105/><T64/><D22/><U3/><E3/><V128/><F128/><W34/><G34/><T15/><D93/><U102/><REACH who="1" step="1"/><E66/><REACH who="1" ten="361,177,327,125" step="2"/><V52/><F133/><W113/><G113/><T39/><D67/><U1/><E1/><V87/><F29/><W40/><G71/><AGARI ba="1,1" hai="5,10,13,63,65,71,89,90,91,97,102,107,116,119" machi="71" ten="40,1300,0" yaku="1,1,53,0" doraHai="75" doraHaiUra="125" who="1" fromWho="3" sc="361,0,177,26,327,0,125,-16" /><INIT seed="7,0,0,4,0,120" ten="361,203,327,109" oya="3" hai0="62,105,125,56,96,70,110,40,33,119,107,17,99" hai1="100,84,7,35,74,113,29,73,78,108,111,30,23" hai2="135,109,114,91,53,76,127,133,130,14,6,83,20" hai3="9,131,1,51,63,54,27,88,13,39,47,75,12"/><W45/><G131/><T16/><D119/><U116/><E35/><V25/><F130/><W115/><G75/><N who="1" m="28682" /><E23/><V77/><F114/><W98/><G115/><T49/><D33/><U32/><E32/><V28/><F127/><W104/><G1/><T36/><D36/><U68/><E7/><V95/><F53/><W2/><G2/><T46/><D125/><U81/><E68/><V22/><F109/><N who="1" m="42057" /><E30/><V92/><F92/><N who="3" m="56583" /><G104/><T61/><D107/><U65/><E29/><V94/><F94/><W34/><G34/><T118/><D105/><U86/><E65/><V43/><F43/><W41/><G39/><T129/><D110/><U117/><E113/><V123/><F123/><W3/><G3/><T101/><D129/><U42/><E42/><V89/><F6/><N who="3" m="3127" /><G27/><T93/><D70/><U64/><E64/><V50/><F14/><W4/><G63/><T15/><D62/><U44/><E44/><V132/><F22/><W19/><G4/><T79/><D15/><U26/><E26/><V0/><F0/><W18/><G13/><T71/><D61/><U126/><E126/><V10/><F10/><W102/><G102/><T24/><D101/><U72/><E100/><V48/><F48/><W97/><G18/><T57/><D17/><U11/><E11/><V5/><F5/><W8/><G19/><T37/><D16/><U128/><E128/><V38/><F38/><N who="3" m="21687" /><G8/><T59/><D37/><U106/><E106/><V103/><F50/><W80/><G80/><T58/><D49/><U124/><E124/><V52/><F103/><W87/><G87/><AGARI ba="0,0" hai="72,78,81,84,86,87,116,117" m="42057,28682" machi="87" ten="40,8000,1" yaku="34,2,52,3" doraHai="120" who="1" fromWho="3" sc="361,0,203,80,327,0,109,-80" owari="361,46.0,283,-12.0,327,13.0,29,-47.0" /></mjloggm>