<mjloggm ver="2.3"><GO type="97" lobby="0"/><UN n0="%E8%A7%A3%E8%84%B1" n1="%E5%B0%B1%E6%B4%BB%E7%94%9F%40%E5%B7%9D%E6%9D%91%E8%BB%8D%E5%9B%A3" n2="%67%65%6D" n3="%77%69%77%69%38%38%32%33" dan="15,14,14,14" rate="2020.38,1924.64,1937.48,1960.74" sx="F,M,F,M"/><TAIKYOKU oya="0"/><INIT seed="0,0,0,2,1,35" ten="250,250,250,250" oya="0" hai0="130,105,21,9,39,131,6,124,54,65,92,63,59" hai1="101,15,34,48,82,27,120,94,108,28,85,78,43" hai2="98,116,37,52,25,60,96,97,69,67,68,2,103" hai3="77,18,30,91,132,122,14,123,17,104,127,129,114"/><T100/><D39/><U13/><E120/><N who="3" m="46122" /><G114/><T29/><D105/><U20/><E108/><V45/><F116/><W89/><G104/><T84/><D124/><U80/><E34/><V121/><F121/><W32/><G77/><T134/><D134/><U87/><E94/><V106/><F2/><W12/><G91/><T109/><D109/><U0/><E0/><V71/><F97/><W7/><G132/><T113/><D113/><U61/><E101/><V55/><F96/><W38/><G38/><T57/><D100/><U102/><E102/><V16/><F55/><W46/><G89/><T83/><D92/><U112/><E61/><V19/><F19/><W56/><G56/><T133/><D133/><U115/><E112/><V3/><F3/><W5/><G46/><T36/><D36/><U93/><E93/><V128/><F128/><W1/><G129/><T8/><D130/><U117/><E117/><V42/><REACH who="2" step="1"/><F52/><REACH who="2" ten="250,250,240,250" step="2"/><W79/><G127/><T118/><D118/><U76/><E115/><V44/><F44/><AGARI ba="0,1" hai="13,15,20,27,28,43,44,48,76,78,80,82,85,87" machi="44" ten="40,2600,0" yaku="9,1,8,1" doraHai="35" who="1" fromWho="2" sc="250,0,250,36,240,-26,250,0" /><INIT seed="1,0,0,4,4,81" ten="250,286,214,250" oya="1" hai0="86,39,0,18,74,94,72,75,42,41,7,32,77" hai1="49,25,83,59,40,61,17,124,97,85,112,55,100" hai2="64,73,123,52,109,129,104,57,10,117,20,93,79" hai3="120,22,111,13,56,106,2,89,47,3,118,38,135"/><U50/><E112/><V131/><F123/><W87/><G120/><T128/><D128/><N who="2" m="49226" /><F117/><W108/><G118/><T19/><D32/><U70/><E124/><V95/><F104/><W102/><G135/><T23/><D0/><U45/><E70/><V29/><F109/><N who="3" m="42059" /><G56/><T37/><D7/><U126/><E126/><V43/><F10/><W63/><G63/><T96/><D37/><U34/><E34/><V58/><F43/><N who="3" m="23031" /><G102/><T8/><D8/><U90/><E25/><N who="2" m="16551" /><F79/><W99/><G99/><T116/><D116/><U35/><E35/><V30/><F30/><W69/><G69/><T119/><D119/><U107/><REACH who="1" step="1"/><E17/><REACH who="1" ten="250,276,214,250" step="2"/><V44/><F64/><W11/><G106/><T9/><D19/><U27/><E27/><V48/><F73/><W36/><G36/><AGARI ba="0,1" hai="36,40,45,49,50,55,59,61,83,85,90,97,100,107" machi="36" ten="30,5800,0" yaku="1,1,7,1,52,1,53,0" doraHai="81" doraHaiUra="133" who="1" fromWho="3" sc="250,0,276,68,214,0,250,-58" /><INIT seed="1,1,0,3,5,92" ten="250,344,214,192" oya="1" hai0="52,69,91,106,78,123,128,119,42,2,62,30,88" hai1="39,49,133,55,38,101,0,68,71,82,15,11,3" hai2="124,34,93,6,135,25,9,130,120,122,4,44,22" hai3="134,75,102,60,76,103,37,116,108,96,110,27,16"/><U127/><E133/><V13/><F44/><W132/><G37/><T81/><D119/><U23/><E127/><V77/><F93/><N who="3" m="58639" /><G103/><T105/><D42/><U70/><E101/><V32/><F77/><W28/><G116/><T112/><D112/><U61/><E61/><V79/><F79/><W51/><G76/><T66/><D2/><U17/><E82/><V43/><F43/><W111/><G75/><T131/><D123/><U90/><E90/><N who="0" m="34345" /><D30/><U14/><E3/><V97/><F97/><W125/><G125/><T86/><D52/><U12/><E0/><V115/><F124/><W67/><G51/><T98/><D98/><U83/><E83/><V59/><F59/><N who="3" m="37279" /><G16/><T104/><D104/><U84/><E84/><V48/><F48/><W63/><G63/><T87/><D106/><U56/><REACH who="1" step="1"/><E11/><REACH who="1" ten="250,334,214,192" step="2"/><V10/><F115/><W100/><G100/><T1/><D86/><U18/><E18/><N who="2" m="12503" /><F135/><W7/><G7/><T35/><D1/><U73/><E73/><V41/><F122/><W54/><G54/><T85/><D87/><U57/><E57/><V118/><F120/><W53/><G53/><T72/><D72/><U94/><E94/><V74/><F118/><W114/><G114/><T117/><D105/><U20/><E20/><AGARI ba="1,1" hai="20,27,28,108,110,111,132,134" m="37279,58639" machi="20" ten="30,3900,0" yaku="25,1,14,1,52,1" doraHai="92" who="3" fromWho="1" sc="250,0,334,-42,214,0,192,52" /><INIT seed="2,0,0,0,4,36" ten="250,292,214,244" oya="2" hai0="116,85,16,65,124,98,107,74,5,121,49,119,89" hai1="6,126,108,81,34,52,43,8,90,103,111,134,67" hai2="1,113,18,7,88,69,109,11,80,51,54,99,75" hai3="17,32,9,86,115,55,112,22,78,2,71,95,70"/><V15/><F69/><W114/><G32/><T135/><D74/><U41/><E34/><V127/><F113/><W19/><G55/><T100/><D5/><U120/><E67/><V123/><F123/><W76/><G95/><T93/><D65/><U0/><E103/><V63/><F127/><W56/><G56/><T91/><D49/><U82/><E120/><V25/><F25/><W77/><G86/><N who="0" m="52407" /><D121/><U20/><E126/><V42/><F63/><W87/><G87/><T58/><D16/><N who="3" m="6217" /><G22/><T110/><D124/><U104/><E104/><V59/><F109/><N who="1" m="42057" /><E134/><V57/><F75/><W118/><G118/><N who="0" m="45099" /><D58/><U105/><E20/><V53/><F1/><W30/><G30/><T13/><D110/><U37/><E105/><V73/><F7/><AGARI ba="0,0" hai="2,7,9,70,71,76,77,78,112,114,115" m="6217" machi="7" ten="40,2600,0" yaku="11,1,54,1" doraHai="36" who="3" fromWho="2" sc="250,0,292,0,214,-26,244,26" /><INIT seed="3,0,0,0,0,127" ten="250,292,188,270" oya="3" hai0="90,87,27,104,33,35,80,115,11,5,130,10,85" hai1="68,110,91,73,135,101,6,43,58,14,74,94,45" hai2="116,50,23,65,102,83,34,75,57,39,36,129,121" hai3="54,56,51,48,0,60,97,81,12,99,82,117,93"/><W107/><G0/><T72/><D72/><U71/><E101/><V109/><F34/><W52/><G117/><T133/><D104/><U42/><E110/><V103/><F109/><W3/><G3/><T95/><D133/><U31/><E135/><V8/><F121/><W113/><G113/><T124/><D124/><U96/><E31/><V69/><F116/><W134/><G134/><T62/><D115/><U32/><E32/><V64/><F69/><W125/><G125/><T131/><D62/><U55/><E71/><V7/><F23/><W112/><G112/><T76/><D27/><U108/><E68/><V111/><F111/><W9/><G107/><T119/><D119/><U1/><E1/><V120/><F120/><W114/><G114/><T40/><D40/><U126/><E126/><V98/><F39/><W105/><G105/><T123/><D11/><N who="1" m="4471" /><E73/><V28/><F36/><W24/><G24/><T47/><D47/><U77/><E74/><V59/><F28/><W70/><G70/><T25/><D25/><U15/><E77/><V88/><F75/><W22/><G22/><T79/><D79/><U53/><E108/><V100/><F50/><W106/><G106/><T46/><D46/><U84/><E15/><N who="2" m="5535" /><F83/><N who="3" m="31755" /><G54/><N who="1" m="20490" /><E58/><N who="2" m="22027" /><F129/><N who="0" m="49162" /><D123/><U63/><E63/><V4/><F4/><N who="3" m="3111" /><G97/><T21/><D21/><U89/><E45/><V30/><F30/><W78/><G78/><T67/><D67/><U61/><E61/><V122/><F122/><W128/><G128/><T13/><AGARI ba="0,0" hai="5,10,13,33,35,76,80,85,87,90,95" m="49162" machi="13" ten="30,7900,0" yaku="19,1,52,3" doraHai="127" who="0" fromWho="0" sc="250,79,292,-20,188,-20,270,-39" owari="329,43.0,272,7.0,168,-33.0,231,-17.0" /></mjloggm>