<mjloggm ver="2.3"><GO type="41" lobby="0"/><UN n0="%43%55%42%45%2D%4A" n1="%E7%B5%90%E5%9F%8E%E5%B0%8F%E5%B1%B1" n2="%E9%9D%A2%E6%B8%85%E3%81%AE%E3%83%90%E3%83%93%E3%82%A3" n3="%E5%B0%B1%E6%B4%BB%E7%94%9F%40%E5%B7%9D%E6%9D%91%E8%BB%8D%E5%9B%A3" dan="13,13,13,15" rate="1899.41,1883.32,1893.38,2012.07" sx="M,M,M,M"/><TAIKYOKU oya="0"/><INIT seed="0,0,0,2,2,95" ten="250,250,250,250" oya="0" hai0="61,14,42,123,1,48,94,72,117,50,26,31,41" hai1="85,79,132,75,133,10,89,27,109,56,8,119,64" hai2="122,2,23,22,16,13,34,70,134,66,125,46,86" hai3="33,90,127,121,19,67,131,83,4,99,52,45,3"/><T44/><D72/><U92/><E119/><V77/><F122/><W103/><G33/><T120/><D1/><U80/><E109/><V63/><F125/><W28/><G121/><T104/><D117/><U102/><E27/><V93/><F134/><N who="1" m="51817" /><E64/><V73/><F34/><W60/><G127/><T69/><D104/><U114/><E114/><V81/><F46/><W110/><G110/><T35/><D14/><U97/><E56/><V118/><F2/><W84/><G131/><T74/><D74/><U135/><N who="1" m="51825" /><U78/><DORA hai="82" /><E78/><V124/><F124/><W76/><G28/><T91/><D61/><U12/><E12/><V71/><F71/><W58/><G4/><T18/><D18/><U130/><E130/><V107/><F107/><AGARI ba="0,0" hai="8,10,75,79,80,85,89,92,97,102,107" m="51825" machi="107" ten="40,8000,1" yaku="24,1,20,1,52,2" doraHai="95,82" who="1" fromWho="2" sc="250,0,250,80,250,-80,250,0" /><INIT seed="1,0,0,3,5,81" ten="250,330,170,250" oya="1" hai0="41,131,55,38,80,52,23,121,45,9,31,16,72" hai1="100,84,120,53,70,110,99,10,0,6,78,37,63" hai2="88,35,19,119,48,112,74,113,54,50,30,71,73" hai3="1,3,51,68,14,124,98,62,60,130,49,21,2"/><U7/><E120/><V69/><F119/><W44/><G130/><T64/><D131/><U26/><E37/><V102/><F102/><W83/><G124/><T61/><D121/><U27/><E7/><V13/><F30/><W8/><G49/><T116/><D116/><U75/><E75/><V5/><F5/><W43/><G21/><T36/><D36/><U33/><E110/><V94/><F35/><W122/><G122/><T82/><D82/><U17/><E17/><V126/><F48/><W29/><G29/><T12/><D31/><U135/><E135/><V42/><F42/><W132/><G132/><T93/><D93/><U97/><E33/><V87/><F74/><W18/><G68/><T106/><D106/><U28/><E97/><V47/><F73/><W57/><G57/><T92/><D92/><U133/><E28/><V56/><F47/><W109/><G109/><T46/><D46/><U15/><E0/><V101/><F101/><W125/><G125/><T32/><D32/><U103/><E133/><V115/><F126/><W20/><G20/><AGARI ba="0,0" hai="13,19,20,50,54,56,69,71,87,88,94,112,113,115" machi="20" ten="40,8000,1" yaku="25,2,11,1,52,1,54,1" doraHai="81" who="2" fromWho="3" sc="250,0,330,0,170,80,250,-80" /><INIT seed="2,0,0,4,1,5" ten="250,330,250,170" oya="2" hai0="88,4,46,98,32,130,111,7,15,69,90,114,91" hai1="68,43,28,129,19,135,62,124,131,60,14,10,122" hai2="64,44,109,89,51,27,87,96,86,57,12,8,128" hai3="3,61,2,72,83,21,93,77,48,63,67,132,29"/><V26/><F128/><N who="1" m="49225" /><E28/><V121/><F121/><W11/><G132/><T47/><D69/><U105/><E105/><V25/><F109/><W101/><G48/><T71/><D32/><U73/><E73/><V31/><F31/><W116/><G116/><T120/><D71/><U126/><E68/><V118/><F118/><W45/><G63/><N who="1" m="24106" /><E135/><V102/><F57/><W74/><G11/><T17/><D120/><U85/><E43/><N who="2" m="24991" /><F102/><W37/><G72/><T54/><D114/><U0/><E122/><V99/><F64/><W106/><G106/><T18/><D130/><U79/><E0/><V78/><F78/><W81/><G81/><AGARI ba="0,0" hai="10,14,19,79,81,85,124,126" m="24106,49225" machi="81" ten="30,2000,0" yaku="19,1,52,1" doraHai="5" who="1" fromWho="3" sc="250,0,330,20,250,0,170,-20" /><INIT seed="3,0,0,2,5,60" ten="250,350,250,150" oya="3" hai0="132,109,1,101,84,32,50,31,12,74,57,71,108" hai1="44,49,15,45,59,70,3,121,10,127,116,14,82" hai2="17,22,51,128,131,24,80,13,130,53,39,125,56" hai3="97,133,73,122,34,118,47,100,106,30,123,124,58"/><W120/><G118/><T27/><D74/><U95/><E121/><V83/><F39/><W81/><G124/><T89/><D1/><U52/><E116/><V98/><F125/><W42/><G133/><T29/><D71/><U67/><E127/><V25/><F98/><W2/><G58/><T54/><D101/><U33/><E33/><V111/><F111/><W110/><G110/><T8/><D31/><U65/><E70/><V4/><F4/><W16/><G16/><T126/><D126/><U38/><E3/><V94/><F94/><W36/><G2/><T11/><D11/><U9/><E38/><V134/><F134/><W87/><G87/><T92/><REACH who="0" step="1"/><D132/><REACH who="0" ten="240,350,250,150" step="2"/><U20/><E10/><V86/><REACH who="2" step="1"/><F80/><REACH who="2" ten="240,350,240,150" step="2"/><W63/><G120/><T104/><D104/><U40/><E82/><V72/><F72/><W96/><G122/><T46/><D46/><U19/><E95/><V93/><F93/><W66/><G123/><T88/><D88/><AGARI ba="0,2" hai="13,17,22,24,25,51,53,56,83,86,88,128,130,131" machi="88" ten="40,8000,1" yaku="1,1,19,1,54,1,53,1" doraHai="60" doraHaiUra="55" who="2" fromWho="0" sc="240,-80,350,0,240,100,150,0" /><INIT seed="4,0,0,4,1,42" ten="160,350,340,150" oya="0" hai0="3,82,38,125,40,5,91,105,109,80,23,65,85" hai1="43,123,34,9,98,81,15,8,64,60,59,16,12" hai2="106,47,4,33,84,29,17,132,115,61,30,36,74" hai3="51,66,128,14,127,62,53,1,87,116,22,26,97"/><T72/><D105/><U6/><E123/><V77/><F84/><W92/><G1/><T88/><D109/><U37/><E34/><V99/><F17/><W133/><G116/><T68/><D23/><U13/><E81/><V25/><F29/><W27/><G127/><T129/><D129/><U54/><E98/><V45/><F115/><W126/><G128/><T100/><D100/><U56/><E15/><V21/><F4/><W63/><G133/><T76/><D125/><U24/><E24/><V39/><F77/><W70/><G126/><T93/><D65/><U95/><E95/><V75/><F132/><W55/><G63/><T50/><D50/><N who="1" m="30807" /><E37/><V102/><F61/><W46/><G55/><T119/><D68/><U130/><E130/><V107/><F21/><W57/><G87/><T79/><D93/><U2/><E2/><V11/><F11/><W71/><G14/><T101/><D101/><U103/><E103/><V32/><F32/><W83/><G83/><T41/><D41/><AGARI ba="0,0" hai="6,8,9,12,13,16,41,43,59,60,64" m="30807" machi="41" ten="30,2000,0" yaku="8,1,54,1" doraHai="42" who="1" fromWho="0" sc="160,-20,350,20,340,0,150,0" /><INIT seed="5,0,0,2,3,3" ten="140,370,340,150" oya="1" hai0="129,27,52,16,103,59,115,63,50,68,62,75,85" hai1="79,32,13,41,30,94,39,28,23,114,35,116,119" hai2="69,88,92,64,105,61,58,73,15,12,133,11,45" hai3="67,54,131,2,20,91,90,81,80,43,117,126,74"/><U77/><E94/><V31/><F105/><W102/><G2/><T98/><D75/><U95/><E95/><V111/><F73/><W86/><G117/><T65/><D115/><U1/><E1/><V44/><F111/><W40/><G126/><T135/><D135/><U57/><E57/><V118/><F133/><W19/><G131/><T93/><D129/><U134/><E134/><V5/><F118/><W46/><G102/><T104/><D104/><U51/><E51/><V127/><F127/><W9/><G67/><T17/><D27/><U107/><E107/><V29/><F69/><W26/><G9/><T78/><REACH who="0" step="1"/><D63/><REACH who="0" ten="130,370,340,150" step="2"/><U34/><E114/><V70/><F70/><W101/><G101/><T106/><D106/><U0/><E119/><V53/><F15/><W123/><G123/><T97/><D97/><U4/><E116/><V83/><F83/><AGARI ba="0,1" hai="16,17,50,52,59,62,65,68,78,83,85,93,98,103" machi="83" ten="40,5200,0" yaku="1,1,54,2,53,0" doraHai="3" doraHaiUra="18" who="0" fromWho="2" sc="130,62,370,0,340,-52,150,0" /><INIT seed="6,0,0,1,0,116" ten="192,370,288,150" oya="2" hai0="107,123,32,98,33,114,132,66,62,75,77,103,16" hai1="69,60,105,10,87,90,85,122,112,51,29,22,34" hai2="45,61,27,52,57,55,13,131,127,97,53,121,40" hai3="88,36,44,8,129,14,70,126,46,94,17,58,104"/><V11/><F121/><W1/><G70/><T128/><D128/><U41/><E105/><V59/><F131/><W48/><G104/><T23/><D132/><U38/><E34/><V15/><F127/><W78/><G129/><T82/><D123/><U124/><E122/><V96/><F27/><W21/><G126/><T64/><D64/><U101/><E38/><V115/><F115/><W83/><G36/><T28/><D28/><U71/><E101/><V9/><F61/><W80/><G1/><T93/><D107/><U135/><E10/><N who="2" m="3595" /><F40/><W54/><G8/><T37/><D37/><U81/><E124/><V26/><F26/><W113/><G113/><T68/><REACH who="0" step="1"/><D114/><REACH who="0" ten="182,370,288,150" step="2"/><U110/><E112/><V19/><F45/><W108/><G108/><T92/><D92/><U65/><E135/><V125/><F125/><W86/><REACH who="3" step="1"/><G80/><REACH who="3" ten="182,370,288,140" step="2"/><T79/><D79/><U134/><E134/><V3/><F3/><W102/><G102/><T95/><D95/><U67/><E81/><V118/><F118/><W39/><G39/><T0/><D0/><U99/><E110/><V91/><F91/><W43/><G43/><T47/><D47/><U100/><E90/><V84/><F84/><AGARI ba="0,2" hai="14,17,21,44,46,48,54,58,78,83,84,86,88,94" machi="84" ten="30,12000,2" yaku="1,1,7,1,25,2,8,1,54,1,53,1" doraHai="116" doraHaiUra="50" who="3" fromWho="2" sc="182,0,370,0,288,-120,140,140" /><INIT seed="7,0,0,5,3,15" ten="182,370,168,280" oya="3" hai0="48,71,22,90,29,43,119,108,130,18,121,1,70" hai1="112,56,109,49,101,60,35,0,17,66,74,103,86" hai2="98,129,77,72,9,16,59,118,75,123,95,42,46" hai3="124,32,7,64,21,102,36,2,31,85,53,128,27"/><W51/><G36/><T38/><D38/><U114/><E74/><V23/><F118/><W10/><G124/><T12/><D1/><U8/><E35/><V39/><F129/><W24/><G128/><T91/><D130/><U100/><E109/><V68/><F68/><W110/><G110/><T52/><D108/><U57/><E86/><V11/><F123/><W67/><G102/><T47/><D121/><U20/><E0/><V92/><F59/><W54/><G85/><T104/><D104/><U105/><E8/><V26/><F92/><W6/><G6/><T120/><D120/><U113/><E49/><V135/><F135/><W125/><G125/><T5/><D5/><U37/><E37/><V87/><F72/><W133/><G133/><T14/><D14/><N who="1" m="9271" /><E56/><V19/><F75/><W131/><G131/><T69/><D29/><U115/><E115/><V126/><F126/><W40/><G40/><T62/><D119/><U94/><E94/><V65/><F65/><W106/><G106/><AGARI ba="0,0" hai="57,60,66,100,101,103,105,106,112,113,114" m="9271" machi="106" ten="40,2600,0" yaku="15,1,52,1" doraHai="15" who="1" fromWho="3" sc="182,0,370,26,168,0,280,-26" owari="182,-22.0,396,50.0,168,-33.0,254,5.0" /></mjloggm>