<mjloggm ver="2.3"><GO type="97" lobby="0"/><UN n0="%6B%79%75%68%61%72%61" n1="%E5%B0%B1%E6%B4%BB%E7%94%9F%40%E5%B7%9D%E6%9D%91%E8%BB%8D%E5%9B%A3" n2="%47%45%E9%BE%8D%E9%96%80" n3="%65%69%63%68%61%6E%39%39" dan="13,14,15,13" rate="1826.77,1948.83,2018.69,1836.22" sx="M,M,M,M"/><TAIKYOKU oya="0"/><INIT seed="0,0,0,3,1,94" ten="250,250,250,250" oya="0" hai0="19,34,38,69,41,128,125,76,16,59,82,79,14" hai1="2,52,64,133,84,30,73,44,95,90,5,11,13" hai2="135,132,134,49,31,28,106,27,0,21,93,46,123" hai3="105,129,92,86,12,33,104,8,43,60,55,18,83"/><T74/><D34/><U45/><E73/><V20/><F123/><W58/><G33/><T62/><D69/><U1/><E133/><V115/><F106/><W70/><G129/><T85/><D128/><U35/><E64/><V88/><F115/><W89/><G43/><T120/><D120/><U102/><E102/><V6/><F6/><W47/><G47/><T32/><D32/><U72/><E72/><V7/><F7/><W36/><G36/><T71/><D71/><U3/><E35/><N who="2" m="20895" /><F31/><W119/><G119/><T100/><D38/><U78/><E30/><V51/><F0/><W121/><G121/><T131/><D41/><U25/><E25/><V91/><F91/><W77/><REACH who="3" step="1"/><G70/><REACH who="3" ten="250,250,250,240" step="2"/><T124/><D131/><U10/><E45/><V108/><F46/><W53/><G53/><T101/><D124/><U112/><E112/><V40/><F40/><W26/><G26/><T117/><D125/><U24/><E24/><V96/><F135/><W110/><G110/><T97/><D117/><U80/><E44/><V68/><F108/><W113/><G113/><T39/><D39/><U57/><E52/><V98/><F68/><W81/><G81/><T15/><D82/><U29/><E57/><V130/><F130/><W37/><G37/><T87/><D59/><U22/><E29/><V107/><F134/><W4/><G4/><T9/><D62/><U48/><E5/><V126/><F132/><W118/><G118/><T61/><D61/><U75/><E48/><N who="2" m="18507" /><F126/><W42/><G42/><T54/><D54/><U109/><E109/><V67/><F67/><W63/><G63/><RYUUKYOKU ba="0,1" sc="250,-30,250,10,250,10,240,10" hai1="1,2,3,10,11,13,22,75,78,80,84,90,95" hai2="20,21,88,93,96,98,107" hai3="8,12,18,55,58,60,77,83,86,89,92,104,105" /><INIT seed="1,1,1,2,1,91" ten="220,260,260,250" oya="1" hai0="121,60,82,30,90,23,34,69,19,71,13,14,125" hai1="96,101,112,74,53,24,58,2,93,44,35,127,48" hai2="70,6,128,78,55,51,16,124,18,102,56,72,133" hai3="111,33,129,110,39,106,92,80,59,47,45,76,7"/><U5/><E112/><V95/><F124/><W89/><G106/><T66/><D125/><U79/><E127/><V25/><F133/><W105/><G105/><T41/><D121/><U46/><E2/><V123/><F123/><W37/><G33/><T113/><D113/><U109/><E5/><V75/><F128/><W131/><G7/><T8/><D69/><U31/><REACH who="1" step="1"/><E109/><REACH who="1" ten="220,250,260,250" step="2"/><N who="3" m="41482" /><G37/><T134/><D134/><U108/><E108/><V94/><F6/><W103/><G39/><T57/><D71/><U87/><E87/><V38/><F38/><W4/><G4/><T100/><D34/><U40/><E40/><V99/><F70/><W117/><G117/><T36/><D41/><U98/><E98/><V97/><F72/><W126/><G126/><T15/><D36/><U29/><E29/><V21/><F75/><W86/><G131/><T67/><D30/><U10/><E10/><V28/><REACH who="2" step="1"/><F78/><REACH who="2" ten="220,250,250,250" step="2"/><W26/><G129/><T63/><D8/><U17/><E17/><V49/><F49/><W64/><G76/><T50/><D19/><U54/><E54/><V85/><F85/><W12/><G86/><T68/><D50/><U107/><E107/><V83/><F83/><AGARI ba="1,3" hai="24,31,35,44,46,48,53,58,74,79,83,93,96,101" machi="83" ten="40,7700,0" yaku="1,1,52,1,53,1" doraHai="91" doraHaiUra="27" who="1" fromWho="2" sc="220,0,250,110,250,-80,250,0" /><INIT seed="1,2,0,3,1,14" ten="220,360,170,250" oya="1" hai0="20,121,37,131,129,135,116,7,62,30,88,45,130" hai1="24,97,56,34,117,86,106,85,84,32,64,23,109" hai2="38,127,13,93,120,2,55,48,46,79,75,76,71" hai3="87,54,119,81,78,103,1,17,91,49,21,73,118"/><U90/><E117/><N who="3" m="44554" /><G1/><T47/><D116/><U27/><E109/><V29/><F120/><W124/><G124/><T66/><D121/><U95/><E106/><V102/><F2/><W122/><G103/><T18/><D7/><U40/><E40/><V126/><F71/><W132/><G132/><T134/><D30/><U125/><E125/><N who="2" m="47627" /><F38/><W108/><G108/><T115/><D37/><U11/><E11/><V39/><F39/><W36/><G36/><T4/><D4/><U112/><E112/><V22/><F75/><W44/><G122/><T58/><D115/><U94/><E94/><V67/><F67/><W8/><G8/><T10/><D10/><U19/><E27/><N who="2" m="16631" /><F13/><N who="3" m="9391" /><G73/><T74/><D74/><U42/><E42/><V50/><F50/><W133/><G133/><N who="0" m="50699" /><D88/><AGARI ba="2,0" hai="44,49,54,78,81,87,88,91" m="9391,44554" machi="88" ten="30,3900,0" yaku="12,1,52,1,54,1" doraHai="14" who="3" fromWho="0" sc="220,-45,360,0,170,0,250,45" /><INIT seed="2,0,0,2,3,19" ten="175,360,170,295" oya="2" hai0="127,20,23,53,85,86,102,29,47,91,4,54,6" hai1="49,97,14,75,16,94,56,42,124,118,133,43,71" hai2="116,31,112,44,21,134,82,35,101,107,59,93,38" hai3="60,50,5,90,0,81,57,83,79,109,70,65,115"/><V66/><F112/><W13/><G115/><T7/><D91/><U130/><E71/><V28/><F116/><W119/><G119/><T73/><D29/><U2/><E2/><V125/><F107/><W63/><G109/><T33/><D33/><U8/><E75/><V129/><F35/><W58/><G0/><T39/><D73/><U55/><E118/><V1/><F1/><W9/><G50/><N who="0" m="28895" /><D39/><U80/><E130/><V30/><F129/><W61/><G90/><T10/><D10/><U110/><E110/><V88/><F134/><W98/><G98/><T114/><D114/><U15/><E133/><V74/><F125/><W52/><REACH who="3" step="1"/><G79/><REACH who="3" ten="175,360,170,285" step="2"/><T25/><D127/><U76/><E124/><V120/><F120/><W132/><G132/><T48/><D102/><U78/><E78/><V108/><F108/><W34/><G34/><T26/><D86/><U123/><E123/><V128/><F128/><W99/><G99/><T100/><D85/><U122/><E122/><V62/><F101/><W40/><G40/><T64/><D100/><U96/><E76/><V67/><F88/><W12/><G12/><T131/><D131/><U95/><E80/><V18/><F93/><N who="1" m="35337" /><E15/><N who="2" m="9439" /><F82/><W45/><G45/><N who="0" m="27919" /><D64/><AGARI ba="0,1" hai="5,9,13,52,57,58,60,61,63,64,65,70,81,83" machi="64" ten="30,3900,0" yaku="1,1,7,1,54,1,53,0" doraHai="19" doraHaiUra="72" who="3" fromWho="0" sc="175,-39,360,0,170,0,285,49" /><INIT seed="3,0,0,0,5,117" ten="136,360,170,334" oya="3" hai0="112,9,59,22,104,7,134,20,107,115,65,32,60" hai1="96,75,47,55,129,110,121,19,45,50,122,12,42" hai2="89,126,119,78,92,69,62,52,113,29,127,97,76" hai3="35,80,63,21,120,28,109,79,58,27,95,83,111"/><W131/><G131/><T13/><D32/><U101/><E75/><V31/><F119/><W128/><G120/><T5/><D134/><U98/><E110/><N who="3" m="41994" /><G128/><T18/><D104/><U23/><E129/><V103/><F113/><W44/><G44/><T71/><D107/><U4/><E4/><V67/><F52/><N who="3" m="34247" /><G79/><N who="2" m="30249" /><F103/><W94/><G35/><T118/><D71/><U38/><E98/><V86/><F97/><W40/><G40/><T57/><D118/><U33/><E33/><V102/><F102/><W54/><G54/><T61/><D9/><U16/><E19/><V14/><F69/><W100/><G95/><AGARI ba="0,0" hai="12,16,23,38,42,45,47,50,55,95,96,101,121,122" machi="95" ten="30,7700,0" yaku="7,1,52,2,54,1" doraHai="117" who="1" fromWho="3" sc="136,0,360,77,170,0,334,-77" owari="136,-36.0,437,53.0,170,-23.0,257,6.0" /></mjloggm>