<mjloggm ver="2.3"><GO type="41" lobby="0"/><UN n0="%E5%B0%B1%E6%B4%BB%E7%94%9F%40%E5%B7%9D%E6%9D%91%E8%BB%8D%E5%9B%A3" n1="%E5%86%86%E7%AD%92" n2="%6A%75%6D%70%2D%75%70" n3="%73%65%6E%6E%6E%61%72%69" dan="15,16,15,15" rate="2013.62,2011.53,2027.89,2016.16" sx="M,M,M,M"/><TAIKYOKU oya="0"/><INIT seed="0,0,0,5,1,12" ten="250,250,250,250" oya="0" hai0="58,16,108,79,22,105,64,83,111,122,50,73,10" hai1="86,117,94,52,0,32,127,27,48,55,40,53,123" hai2="116,51,66,68,14,47,25,72,102,114,31,121,135" hai3="84,63,132,20,35,33,75,98,36,100,23,90,124"/><T81/><D122/><U6/><E123/><V30/><F30/><W41/><G75/><T7/><D105/><U88/><E117/><V43/><F116/><W78/><G132/><T110/><D50/><U77/><E127/><V89/><F135/><W128/><G78/><T95/><D95/><U92/><E6/><V134/><F72/><W3/><G3/><N who="0" m="383" /><D81/><U126/><E0/><V115/><F134/><W54/><G124/><T129/><D129/><U59/><E126/><V69/><F69/><W113/><G128/><T74/><D58/><U34/><E77/><V133/><F133/><W99/><G113/><T29/><D29/><U44/><E27/><V80/><F102/><W97/><G100/><T67/><D74/><U49/><REACH who="1" step="1"/><E94/><REACH who="1" ten="250,240,250,250" step="2"/><V118/><F121/><W125/><G125/><T56/><D56/><U37/><E37/><V120/><F118/><W15/><G36/><T2/><D2/><U13/><E13/><AGARI ba="0,1" hai="13,16,22,64,67,73,79,83,108,110,111" m="383" machi="13" ten="30,11600,0" yaku="14,1,10,1,52,1,54,1" doraHai="12" who="0" fromWho="1" sc="250,126,240,-116,250,0,250,0" /><INIT seed="0,1,0,4,1,122" ten="376,124,250,250" oya="0" hai0="96,127,14,97,94,86,7,80,10,34,93,64,102" hai1="134,63,131,99,37,121,39,95,59,16,124,81,15" hai2="82,36,68,6,0,125,126,85,2,11,115,60,109" hai3="28,26,87,79,100,44,20,24,88,107,112,56,52"/><T1/><D34/><U123/><E134/><V84/><F115/><W3/><G112/><T45/><D127/><N who="2" m="48650" /><F36/><W75/><G3/><T18/><D64/><U46/><E124/><V13/><F84/><W51/><G75/><T104/><D45/><U117/><E117/><V43/><F43/><W65/><G79/><T120/><D120/><U90/><E131/><V89/><F109/><W25/><G107/><T57/><D57/><U78/><E46/><V48/><F48/><W98/><G100/><T55/><D55/><U67/><E123/><V83/><F82/><W91/><G98/><T29/><D29/><U61/><E61/><V108/><F108/><W135/><G135/><T76/><D97/><U92/><E92/><V21/><F21/><AGARI ba="1,0" hai="1,7,10,14,18,21,76,80,86,93,94,96,102,104" machi="21" ten="30,1500,0" yaku="7,1" doraHai="122" who="0" fromWho="2" sc="376,18,124,0,250,-18,250,0" /><INIT seed="0,2,0,3,3,60" ten="394,124,232,250" oya="0" hai0="7,103,19,98,32,84,18,92,114,11,17,79,119" hai1="129,5,1,105,54,66,34,132,37,120,22,134,90" hai2="38,29,30,71,63,108,51,115,82,106,95,10,21" hai3="25,91,130,40,47,93,64,73,36,70,135,57,85"/><T26/><D119/><U68/><E22/><V62/><F106/><W14/><G73/><T56/><D114/><U8/><E54/><V0/><F38/><W74/><G74/><T28/><D56/><U61/><E90/><V43/><F115/><W125/><G125/><T76/><REACH who="0" step="1"/><D84/><REACH who="0" ten="384,124,232,250" step="2"/><U13/><E120/><V65/><F71/><W75/><G57/><T16/><N who="0" m="4608" /><DORA hai="99" /><T101/><D101/><U123/><E123/><V67/><F10/><W86/><G75/><T33/><D33/><U89/><E34/><V3/><F21/><W87/><G70/><T23/><D23/><U39/><E129/><V100/><F29/><W109/><G130/><T58/><D58/><U72/><E72/><V126/><F30/><W78/><G85/><T2/><AGARI ba="2,1" hai="2,7,11,26,28,32,76,79,92,98,103" m="4608" machi="2" ten="40,12000,1" yaku="1,1,0,1,52,1,54,1,53,1" doraHai="60,99" doraHaiUra="42,35" who="0" fromWho="0" sc="384,136,124,-42,232,-42,250,-42" /><INIT seed="0,3,0,3,0,134" ten="520,82,190,208" oya="0" hai0="132,82,73,52,125,39,34,96,68,108,81,51,117" hai1="25,66,103,71,79,6,46,61,109,43,27,130,124" hai2="123,112,67,113,76,62,87,104,36,56,110,33,2" hai3="102,118,131,4,114,50,1,101,18,55,65,94,45"/><T40/><D34/><U32/><E109/><V116/><F87/><W64/><G114/><T80/><D108/><U121/><E121/><V12/><F62/><W106/><G118/><T95/><D132/><U111/><E111/><V89/><F12/><W127/><G131/><T57/><D68/><U22/><E130/><V74/><F89/><W17/><G106/><T85/><D117/><U20/><E6/><V99/><F56/><W48/><G4/><T133/><D133/><U8/><E8/><V84/><F84/><W119/><G119/><T83/><D73/><U13/><E32/><V63/><F63/><W28/><G1/><T115/><D115/><U19/><E79/><V42/><F99/><W97/><G28/><T7/><D7/><U14/><E103/><V129/><F67/><W0/><G0/><T91/><D125/><U90/><E90/><V58/><F58/><W23/><G102/><T86/><N who="0" m="20992" /><DORA hai="122" /><T53/><REACH who="0" step="1"/><D53/><REACH who="0" ten="510,82,190,208" step="2"/><U69/><E124/><V5/><F113/><W54/><G127/><T77/><D77/><U3/><E71/><V128/><F76/><W11/><G54/><T35/><D35/><U105/><E3/><V24/><F5/><W126/><G126/><T60/><D60/><U16/><REACH who="1" step="1"/><E105/><REACH who="1" ten="510,72,190,208" step="2"/><V70/><F104/><W49/><G65/><T26/><D26/><U92/><E92/><V44/><F70/><W59/><G64/><T21/><D21/><U93/><E93/><V10/><F2/><W29/><G94/><T120/><D120/><U31/><E31/><V38/><F123/><W9/><G29/><T72/><D72/><RYUUKYOKU ba="3,2" sc="510,15,72,15,190,-15,208,-15" hai0="39,40,51,52,57,85,86,91,95,96" hai1="13,14,16,19,20,22,25,27,43,46,61,66,69" /><INIT seed="0,4,2,1,4,32" ten="525,87,175,193" oya="0" hai0="33,129,20,62,24,27,125,22,96,49,114,121,99" hai1="54,64,12,86,7,28,128,37,124,70,63,101,5" hai2="57,97,26,82,34,11,113,75,44,84,8,0,61" hai3="36,13,94,111,87,1,126,67,30,106,89,103,65"/><T115/><D33/><U73/><E73/><V90/><F75/><W19/><G36/><T39/><D39/><U72/><E72/><V68/><F113/><W53/><G111/><T133/><D121/><U16/><E37/><V104/><F68/><W130/><G130/><T9/><D129/><U25/><E128/><V120/><F44/><W69/><G126/><T42/><D133/><U77/><E124/><V38/><F38/><W107/><G30/><T118/><D125/><U10/><E101/><V23/><F34/><W74/><G74/><T41/><D118/><U56/><E77/><V80/><F80/><W52/><G1/><T81/><D9/><U21/><REACH who="1" step="1"/><E86/><REACH who="1" ten="525,77,175,193" step="2"/><N who="2" m="50519" /><F104/><W58/><G106/><T108/><D108/><U119/><E119/><V88/><F97/><N who="3" m="59831" /><G107/><T134/><D134/><U79/><E79/><V18/><F120/><W91/><G69/><T98/><D114/><U123/><E123/><V47/><F0/><W4/><G87/><T100/><D115/><U102/><E102/><V17/><F84/><W131/><G131/><T46/><D100/><U110/><E110/><V59/><F88/><W50/><G89/><T95/><D95/><U14/><E14/><V48/><F26/><W83/><G91/><T92/><D81/><U93/><E93/><V71/><F71/><W117/><G83/><T31/><D92/><U122/><E122/><V6/><F6/><W78/><G117/><T51/><D27/><U29/><E29/><V60/><F18/><W45/><G78/><T35/><D31/><U76/><E76/><V40/><F17/><W2/><G19/><RYUUKYOKU ba="4,3" sc="525,-10,77,30,175,-10,193,-10" hai1="5,7,10,12,16,21,25,28,54,56,63,64,70" /><INIT seed="1,5,3,1,3,6" ten="515,107,165,183" oya="1" hai0="8,61,114,34,90,10,49,65,14,36,75,115,133" hai1="92,112,11,135,96,89,124,129,73,9,99,24,3" hai2="68,50,101,22,27,47,118,48,104,18,107,69,39" hai3="17,78,86,59,58,25,105,4,54,100,103,23,127"/><U19/><E112/><V26/><F118/><W116/><G116/><T83/><D36/><U35/><E73/><V67/><F39/><W80/><G127/><T122/><D122/><U131/><E124/><V132/><F132/><W63/><G105/><T30/><D133/><U110/><E135/><V55/><F101/><W102/><G4/><T77/><D90/><U64/><E64/><V121/><F121/><W76/><G59/><T98/><D98/><U16/><E110/><V87/><F67/><W51/><REACH who="3" step="1"/><G78/><REACH who="3" ten="515,107,165,173" step="2"/><T42/><D77/><U2/><E35/><V95/><F104/><W53/><G53/><T128/><D115/><U97/><E2/><V119/><F107/><W123/><G123/><T32/><D114/><U57/><E57/><N who="2" m="32999" /><F68/><W5/><G5/><T0/><D128/><N who="1" m="49227" /><E3/><V31/><F69/><W37/><G37/><T56/><D0/><U20/><E19/><V13/><F119/><W109/><G109/><T33/><D30/><U130/><N who="1" m="49235" /><U85/><AGARI ba="5,4" hai="9,11,16,20,24,85,89,92,96,97,99" m="49235" machi="85" ten="50,12000,1" yaku="4,1,19,1,52,2,54,1" doraHai="6" who="1" fromWho="1" sc="515,-45,107,175,165,-45,173,-45" /><INIT seed="1,6,0,0,0,69" ten="470,282,120,128" oya="1" hai0="81,65,100,62,30,107,83,14,9,110,76,61,112" hai1="113,134,93,31,66,56,27,36,130,42,44,68,71" hai2="20,91,18,129,88,23,89,52,7,115,121,13,92" hai3="102,82,34,40,109,116,6,122,95,54,123,38,132"/><U120/><E120/><V49/><F121/><W85/><G34/><T104/><D112/><U118/><E113/><V24/><F115/><W119/><G109/><T59/><D110/><U124/><E118/><N who="3" m="45098" /><G6/><T39/><D39/><U55/><E134/><V126/><F129/><W11/><G11/><T96/><D30/><U29/><E130/><V47/><F126/><W101/><G54/><T1/><D1/><U79/><E124/><V60/><F60/><W4/><G4/><T57/><D76/><U114/><E114/><V94/><REACH who="2" step="1"/><F7/><REACH who="2" ten="470,282,110,128" step="2"/><W131/><G131/><T128/><D128/><U75/><E66/><V106/><F106/><W97/><G132/><T33/><D107/><U41/><E93/><V78/><F78/><N who="3" m="46295" /><G122/><T45/><D62/><U58/><E79/><V28/><AGARI ba="6,1" hai="13,18,20,23,24,28,47,49,52,88,89,91,92,94" machi="28" ten="30,8000,1" yaku="1,1,0,1,8,1,54,2,53,0" doraHai="69" doraHaiUra="2" who="2" fromWho="2" sc="470,-26,282,-46,110,108,128,-26" /><INIT seed="2,0,0,1,3,13" ten="444,236,218,102" oya="2" hai0="103,120,52,119,34,70,36,106,84,130,133,113,57" hai1="44,12,53,82,66,93,85,92,42,118,77,16,80" hai2="64,3,91,110,102,109,132,88,126,7,11,108,116" hai3="6,39,63,68,27,14,41,90,99,74,67,5,60"/><V79/><F116/><W107/><G74/><T76/><RYUUKYOKU type="yao9" ba="0,0" sc="444,0,236,0,218,0,102,0" hai0="34,36,52,57,70,76,84,103,106,113,119,120,130,133" /><INIT seed="2,1,0,4,2,113" ten="444,236,218,102" oya="2" hai0="86,18,77,50,58,59,61,40,87,71,125,39,37" hai1="35,69,131,0,106,31,115,27,38,81,122,54,127" hai2="20,96,51,135,118,29,5,14,24,79,57,82,10" hai3="111,3,41,65,109,112,43,108,21,121,62,8,104"/><V56/><F135/><W1/><G104/><T23/><D125/><U100/><RYUUKYOKU type="yao9" ba="1,0" sc="444,0,236,0,218,0,102,0" hai1="0,27,31,35,38,54,69,81,100,106,115,122,127,131" /><INIT seed="2,2,0,1,1,54" ten="444,236,218,102" oya="2" hai0="31,10,41,4,129,13,20,37,107,64,74,79,70" hai1="12,49,94,0,23,6,17,51,110,128,100,117,85" hai2="88,122,114,60,112,2,59,56,124,28,125,80,132" hai3="22,9,46,66,76,29,55,7,127,34,126,53,62"/><V26/><F122/><W38/><G34/><T89/><D107/><U131/><E117/><V135/><F60/><W109/><G76/><T21/><D129/><N who="1" m="49739" /><E110/><V67/><F67/><W111/><G29/><T44/><D89/><N who="1" m="53551" /><E100/><V91/><F80/><W33/><G22/><T18/><D31/><U87/><E87/><V1/><F28/><W99/><G99/><T121/><D21/><U52/><E49/><V77/><F77/><W98/><G98/><T39/><D64/><U50/><E50/><V75/><F26/><W134/><G134/><T14/><D70/><U103/><E103/><V65/><REACH who="2" step="1"/><F65/><REACH who="2" ten="444,236,208,102" step="2"/><W47/><G33/><T40/><D121/><U83/><E83/><V118/><F118/><W27/><G27/><T90/><D79/><U61/><E61/><V68/><F68/><W32/><G32/><T119/><D74/><AGARI ba="2,1" hai="1,2,56,59,74,75,88,91,112,114,124,125,132,135" machi="74" ten="25,18000,2" yaku="1,1,22,2,52,2,54,1,53,0" doraHai="54" doraHaiUra="78" who="2" fromWho="0" sc="444,-186,236,0,208,196,102,0" /><INIT seed="2,3,0,1,4,60" ten="258,236,404,102" oya="2" hai0="45,95,47,53,38,50,67,78,105,44,69,16,19" hai1="23,21,56,58,52,103,0,85,54,124,32,116,13" hai2="125,108,73,90,91,101,135,132,94,42,117,119,115" hai3="30,4,75,1,74,41,25,3,12,36,84,37,26"/><V110/><F73/><N who="3" m="27659" /><G41/><T59/><D105/><U28/><E116/><N who="2" m="44619" /><F42/><W130/><G4/><T64/><D69/><U7/><E124/><V18/><F125/><W40/><G12/><T27/><D38/><N who="3" m="14953" /><G40/><T102/><D78/><U93/><E32/><V29/><F29/><W120/><G120/><T35/><D35/><U89/><E0/><N who="3" m="74" /><G130/><T88/><D102/><U126/><E126/><V104/><F18/><N who="0" m="6698" /><D27/><N who="3" m="10249" /><G30/><T98/><AGARI ba="3,0" hai="44,45,47,50,53,59,64,67,88,95,98" m="6698" machi="98" ten="30,8000,1" yaku="8,1,52,2,54,2" doraHai="60" who="0" fromWho="0" sc="258,89,236,-23,404,-43,102,-23" /><INIT seed="3,0,0,0,4,85" ten="347,213,361,79" oya="3" hai0="27,78,20,3,23,42,46,84,81,79,86,99,72" hai1="131,18,75,96,105,88,59,5,115,15,41,2,87" hai2="32,6,55,104,57,65,33,22,53,110,93,122,119" hai3="0,120,21,64,26,38,101,67,71,128,111,77,61"/><W114/><G120/><T82/><D3/><U34/><E115/><V44/><F104/><W14/><G0/><T112/><D112/><U28/><E75/><V19/><F119/><W56/><G114/><T108/><D108/><U11/><E131/><V121/><F110/><W92/><G111/><T134/><D134/><U94/><E41/><V16/><F6/><W109/><G109/><T39/><D72/><U25/><E59/><V102/><F44/><W124/><G38/><T60/><D27/><U103/><REACH who="1" step="1"/><E2/><REACH who="1" ten="347,203,361,79" step="2"/><V107/><F121/><W127/><G128/><T69/><D69/><U130/><E130/><V30/><F122/><W113/><G113/><T135/><D135/><U58/><E58/><V62/><F57/><W48/><G77/><T51/><D39/><U74/><E74/><V47/><F53/><W129/><G129/><T50/><D60/><U83/><E83/><V45/><F55/><W89/><G101/><T126/><D126/><N who="3" m="48169" /><G14/><T10/><D50/><U132/><E132/><V49/><F49/><W100/><G100/><T66/><D66/><U4/><AGARI ba="0,1" hai="4,5,11,15,18,25,28,34,87,88,94,96,103,105" machi="4" ten="30,7900,0" yaku="1,1,0,1,52,1,54,1,53,0" doraHai="85" doraHaiUra="70" who="1" fromWho="1" sc="347,-20,203,89,361,-20,79,-39" /><INIT seed="4,0,0,2,3,20" ten="327,292,341,40" oya="0" hai0="80,43,75,90,73,17,105,39,98,58,79,119,21" hai1="97,28,44,5,33,2,57,24,68,36,121,76,40" hai2="37,133,63,29,11,66,106,30,125,91,96,42,89" hai3="87,7,13,114,1,124,126,60,123,50,94,86,3"/><T99/><D119/><U8/><E121/><V131/><F131/><W112/><G60/><T120/><D75/><U132/><E132/><V25/><F133/><W82/><G50/><T109/><D120/><U19/><E68/><N who="2" m="42079" /><F30/><W22/><G123/><T84/><D109/><U34/><E57/><V111/><F111/><W62/><G62/><T14/><D105/><U51/><E97/><V83/><F83/><W53/><G53/><T64/><D39/><U15/><E76/><V59/><F59/><W10/><G94/><T103/><D103/><U16/><E19/><V101/><F125/><N who="3" m="48235" /><G86/><T108/><D108/><U122/><E122/><V128/><F128/><W56/><G56/><T12/><D12/><U9/><E36/><V47/><F11/><W78/><G87/><T92/><D43/><U93/><E93/><V115/><F115/><N who="3" m="44075" /><G82/><T61/><AGARI ba="0,0" hai="14,17,21,58,61,64,73,79,80,84,90,92,98,99" machi="61" ten="30,1500,0" yaku="0,1" doraHai="20" who="0" fromWho="0" sc="327,15,292,-5,341,-5,40,-5" /><INIT seed="4,1,0,1,0,131" ten="342,287,336,35" oya="0" hai0="30,14,103,122,13,108,20,83,120,36,115,94,12" hai1="39,37,77,125,27,91,99,11,9,124,33,116,70" hai2="81,110,100,8,2,3,123,43,62,24,68,38,7" hai3="65,5,106,18,31,117,64,48,79,105,19,121,74"/><T61/><D36/><U89/><E116/><V32/><F110/><W49/><G117/><T97/><D115/><U57/><E70/><V26/><F123/><W45/><G121/><T128/><D108/><U133/><E77/><V47/><F3/><W88/><G31/><T34/><D128/><U0/><E57/><V60/><F60/><W132/><G5/><T22/><D34/><U35/><E99/><V69/><F100/><W53/><G79/><T21/><D30/><U42/><E42/><V92/><F92/><W85/><G74/><T16/><D120/><U87/><E87/><V134/><F26/><W17/><G132/><T55/><D122/><U41/><E41/><V109/><F134/><W78/><G78/><T114/><D114/><U51/><E51/><V101/><F81/><W54/><G105/><T23/><D83/><U71/><E71/><V107/><F62/><W67/><G106/><T95/><D95/><U73/><E27/><V76/><F76/><W98/><G98/><T80/><D80/><U6/><E6/><V46/><F46/><W52/><G45/><T44/><D44/><U102/><E102/><V126/><F126/><W84/><REACH who="3" step="1"/><G88/><REACH who="3" ten="342,287,336,25" step="2"/><T119/><D119/><U58/><E73/><V135/><F135/><W130/><G130/><T50/><D50/><AGARI ba="1,1" hai="17,18,19,48,49,50,52,53,54,64,65,67,84,85" machi="50" ten="50,12000,2" yaku="1,1,29,2,28,2,8,1,54,1,53,0" doraHai="131" doraHaiUra="10" who="3" fromWho="0" sc="342,-123,287,0,336,0,25,133" /><INIT seed="5,0,0,5,3,78" ten="219,287,336,158" oya="1" hai0="83,94,60,66,53,33,67,55,87,8,26,40,7" hai1="110,133,103,75,120,124,118,98,72,58,117,64,85" hai2="45,105,38,132,44,106,17,54,73,101,74,31,0" hai3="9,119,68,93,22,32,37,35,27,86,46,135,77"/><U50/><E120/><V5/><F132/><W130/><G68/><T28/><D40/><U88/><E133/><V47/><F38/><W57/><G135/><T80/><D94/><U128/><E64/><V71/><F71/><W10/><G130/><T39/><D39/><U1/><E1/><V99/><F105/><W108/><G108/><T51/><D66/><U52/><E128/><V70/><F70/><W30/><G35/><T21/><D33/><U79/><E110/><V82/><F31/><W76/><G76/><T134/><D134/><U95/><E124/><V13/><F5/><W19/><G119/><T62/><D87/><U3/><E3/><V115/><F115/><W100/><G37/><T56/><D60/><U23/><E72/><V41/><F41/><W113/><G46/><T111/><D111/><U12/><E79/><V6/><F6/><W63/><G113/><T126/><D126/><U131/><E75/><V121/><F0/><W36/><G36/><T4/><D55/><U14/><E131/><V125/><F125/><W61/><G61/><T91/><D91/><U34/><E34/><V116/><F116/><W29/><G100/><T2/><REACH who="0" step="1"/><D7/><REACH who="0" ten="209,287,336,158" step="2"/><U42/><E42/><V43/><F43/><W122/><G122/><T15/><D15/><U49/><E12/><V129/><F121/><W109/><G109/><T11/><D11/><U16/><E49/><N who="2" m="28967" /><F129/><W59/><G32/><T96/><D96/><U65/><E65/><V114/><F74/><W97/><G97/><T84/><D84/><U107/><AGARI ba="0,1" hai="14,16,23,50,52,58,85,88,95,98,103,107,117,118" machi="107" ten="20,18000,2" yaku="0,1,7,1,25,2,54,3" doraHai="78" who="1" fromWho="1" sc="209,-60,287,190,336,-60,158,-60" /><INIT seed="5,1,0,2,0,83" ten="149,477,276,98" oya="1" hai0="13,34,38,105,62,75,99,51,71,12,110,43,95" hai1="6,57,118,19,45,92,78,109,35,23,55,7,22" hai2="98,101,97,36,52,16,82,26,14,18,15,104,113" hai3="133,37,49,106,1,85,80,124,126,42,63,108,10"/><U46/><E118/><V129/><F129/><W115/><G106/><T100/><D110/><U72/><E35/><V9/><F36/><W20/><G108/><T64/><D75/><U107/><E107/><V65/><F65/><W61/><G37/><T91/><D38/><U28/><E109/><V39/><F39/><W67/><G115/><T54/><D43/><U59/><E28/><V21/><F113/><W90/><G133/><T58/><D34/><U30/><E30/><V77/><F52/><W66/><G20/><T40/><D40/><U116/><E116/><V60/><F60/><N who="3" m="23115" /><G1/><T127/><D127/><N who="3" m="48681" /><G10/><T70/><D71/><U0/><E0/><V79/><F79/><W17/><G17/><T132/><D132/><U134/><E78/><V112/><F112/><W5/><G5/><T96/><AGARI ba="1,0" hai="12,13,51,54,58,62,64,70,91,95,96,99,100,105" machi="96" ten="20,1500,0" yaku="0,1,7,1" doraHai="83" who="0" fromWho="0" sc="149,18,477,-8,276,-5,98,-5" /><INIT seed="6,0,0,2,5,50" ten="167,469,271,93" oya="2" hai0="49,18,115,114,128,43,8,110,47,79,71,48,59" hai1="109,88,122,26,4,34,64,104,132,10,60,56,3" hai2="102,108,6,116,90,95,38,97,131,61,20,0,36" hai3="23,28,106,103,1,123,69,15,39,72,27,86,80"/><V66/><F116/><W52/><G123/><T119/><D79/><U40/><E109/><V30/><F108/><W63/><G1/><T12/><D110/><U46/><E122/><V84/><F131/><W134/><G39/><T113/><D71/><U5/><E132/><V118/><F118/><W74/><G134/><T58/><D128/><U45/><E104/><V13/><F0/><W55/><G72/><T89/><D119/><U101/><E101/><V81/><F38/><W124/><G74/><T41/><D89/><U67/><E5/><V96/><F96/><W35/><G124/><T112/><N who="0" m="29184" /><DORA hai="135" /><T100/><D100/><U24/><E34/><V14/><F6/><W107/><G23/><T111/><D111/><U68/><E88/><V83/><F83/><W54/><G15/><T33/><D33/><U2/><E2/><V126/><F36/><W17/><G103/><T82/><D82/><U57/><E68/><V98/><F98/><W121/><G17/><T19/><D19/><U65/><E26/><N who="2" m="16711" /><F126/><W92/><G92/><T62/><D62/><U129/><E129/><V125/><F125/><W32/><G32/><T53/><D59/><AGARI ba="0,0" hai="13,14,59,61,66,81,84,90,95,97,102" m="16711" machi="59" ten="30,2900,0" yaku="25,1,8,1" doraHai="50,135" who="2" fromWho="0" sc="167,-29,469,0,271,29,93,0" /><INIT seed="6,1,0,0,5,113" ten="138,469,300,93" oya="2" hai0="66,34,71,10,29,87,132,98,17,104,79,31,54" hai1="51,119,133,80,78,77,46,64,134,72,115,14,92" hai2="69,49,5,63,73,59,108,67,75,100,43,44,32" hai3="36,30,37,129,107,7,61,124,76,58,122,97,24"/><V8/><F32/><W65/><G122/><T117/><D132/><N who="1" m="50795" /><E115/><V4/><F4/><W88/><G129/><T130/><D71/><U118/><E64/><V93/><F108/><W101/><G124/><T41/><D66/><U131/><E131/><V45/><F45/><W68/><G76/><T39/><D41/><N who="1" m="25039" /><E78/><V56/><F56/><W81/><G7/><T38/><D87/><U105/><E105/><V11/><F11/><W35/><G58/><T83/><D17/><U18/><E92/><V6/><F6/><W20/><G20/><AGARI ba="1,0" hai="14,18,20,72,77,80,118,119" m="25039,50795" machi="20" ten="30,3900,0" yaku="20,1,52,2" doraHai="113" who="1" fromWho="3" sc="138,0,469,42,300,0,93,-42" /><INIT seed="7,0,0,3,2,3" ten="138,511,300,51" oya="3" hai0="36,33,54,74,70,107,48,35,102,26,125,25,64" hai1="83,66,94,15,132,122,124,77,8,121,92,81,55" hai2="37,103,114,65,108,42,110,130,135,46,116,67,38" hai3="16,31,58,27,30,93,29,63,126,57,84,32,134"/><W49/><G134/><T43/><D74/><U119/><E66/><N who="2" m="25099" /><F103/><W106/><G106/><T100/><D125/><U72/><E55/><V76/><F76/><W133/><G133/><T97/><D102/><U95/><E124/><V62/><F135/><W80/><G126/><T45/><D26/><U105/><E132/><V2/><F2/><W40/><G93/><T23/><D64/><U22/><E22/><V39/><F62/><W41/><G32/><T91/><D70/><U111/><E105/><V56/><F56/><N who="3" m="21611" /><G63/><T120/><D91/><U86/><E119/><V99/><F99/><W17/><G49/><T24/><D24/><U68/><E68/><V18/><F116/><W112/><G112/><T1/><D1/><U87/><E111/><V13/><F114/><W96/><G96/><T19/><D120/><U50/><E50/><V12/><F39/><W71/><G71/><T128/><D128/><U89/><E72/><V9/><F38/><W82/><G27/><T59/><AGARI ba="0,0" hai="19,23,25,33,35,36,43,45,48,54,59,97,100,107" machi="59" ten="20,1500,0" yaku="0,1,7,1" doraHai="3" who="0" fromWho="0" sc="138,15,511,-4,300,-4,51,-7" owari="153,-25.0,507,61.0,296,10.0,44,-46.0" /></mjloggm>