<mjloggm ver="2.3"><GO type="169" lobby="0"/><UN n0="%E3%81%82%E3%81%B2%E3%82%8B%E3%81%95%E3%82%93" n1="%E3%82%A6%E3%83%92%E3%83%A7%E5%8A%A9" n2="%73%5F%6F%6B" n3="%E3%82%A6%E3%83%AB%E3%83%88%E3%83%A9%E7%AB%8B%E7%9B%B4" dan="16,17,16,17" rate="2057.81,2209.39,2073.42,2154.95" sx="M,M,M,M"/><TAIKYOKU oya="0"/><INIT seed="0,0,0,5,1,83" ten="250,250,250,250" oya="0" hai0="50,128,25,118,58,33,125,134,8,106,87,27,34" hai1="49,29,60,40,114,102,17,130,23,98,41,93,39" hai2="42,67,81,56,45,99,84,70,97,26,94,100,10" hai3="103,43,9,133,105,63,92,109,86,64,36,54,32"/><T90/><D118/><U71/><E39/><V53/><F26/><W4/><G133/><T47/><D106/><U115/><E130/><V95/><F10/><W91/><G109/><T73/><D73/><U0/><E0/><V108/><F70/><W18/><G32/><T30/><D125/><U121/><E121/><V129/><F129/><W46/><G54/><T82/><D128/><U104/><E104/><V89/><F67/><W88/><G18/><T55/><D134/><U68/><E29/><V124/><F108/><W122/><G122/><T119/><D119/><U85/><E85/><V74/><F74/><W123/><G123/><T15/><D27/><N who="1" m="14831" /><E60/><V3/><F3/><W107/><G91/><T22/><REACH who="0" step="1"/><D58/><REACH who="0" ten="240,250,250,250" step="2"/><U11/><E71/><V62/><F124/><W21/><G105/><T61/><D61/><U75/><E68/><V69/><F69/><W77/><G107/><T65/><D65/><U78/><E75/><V76/><F62/><W51/><G63/><T35/><D35/><U31/><E115/><V72/><F56/><W44/><G64/><T5/><AGARI ba="0,1" hai="5,8,15,22,25,30,33,34,47,50,55,82,87,90" machi="5" ten="20,7800,0" yaku="1,1,0,1,7,1,52,1,53,0" doraHai="83" doraHaiUra="131" who="0" fromWho="0" sc="240,88,250,-26,250,-26,250,-26" /><INIT seed="0,1,0,0,0,41" ten="328,224,224,224" oya="0" hai0="105,20,87,17,30,2,73,85,131,102,31,132,6" hai1="42,74,113,4,108,66,60,91,90,33,120,57,84" hai2="101,36,129,16,23,59,80,18,134,5,133,126,68" hai3="71,50,122,37,35,111,29,98,110,52,32,93,82"/><T61/><D73/><U135/><E74/><V14/><F68/><W96/><G71/><T7/><D131/><U119/><E33/><N who="3" m="12874" /><G29/><T118/><D118/><U124/><E120/><V123/><F129/><W44/><G82/><T109/><D132/><N who="2" m="50794" /><F126/><W103/><G98/><T49/><D105/><U95/><E119/><V86/><F101/><W9/><G9/><T128/><D102/><U78/><E124/><V77/><F5/><W26/><G26/><T3/><D128/><U106/><E135/><V28/><F28/><W125/><G125/><T27/><D31/><U92/><E106/><V45/><F59/><W12/><G12/><T47/><D30/><U8/><E113/><V11/><F123/><W81/><G122/><T69/><D2/><U48/><E108/><N who="3" m="41514" /><G81/><T72/><D109/><U94/><E8/><V34/><F34/><W58/><G37/><T127/><D127/><U114/><E4/><N who="2" m="3431" /><F23/><W63/><G63/><T65/><D3/><U55/><E114/><V38/><F38/><W79/><G79/><T99/><D6/><U107/><E78/><V67/><F67/><W56/><AGARI ba="1,0" hai="44,50,52,56,58,93,96,103" m="41514,12874" machi="56" ten="40,5200,0" yaku="14,1,52,1,54,1" doraHai="41" who="3" fromWho="3" sc="328,-27,224,-14,224,-14,224,55" /><INIT seed="1,0,0,3,4,88" ten="301,210,210,279" oya="1" hai0="21,71,75,3,22,130,76,11,67,58,111,91,12" hai1="39,126,107,132,68,106,51,38,15,128,4,133,59" hai2="87,32,84,8,17,103,53,117,54,114,47,61,113" hai3="80,35,14,57,34,5,118,31,48,23,79,108,70"/><U13/><E128/><V99/><F32/><W115/><G70/><T64/><D71/><U135/><E68/><V1/><F117/><W56/><G115/><N who="2" m="44041" /><F61/><W65/><G108/><T69/><D69/><U62/><E51/><N who="2" m="28927" /><F54/><W129/><G129/><T73/><D67/><N who="1" m="39391" /><E126/><V120/><F120/><W50/><G35/><T78/><D64/><U40/><E40/><V72/><F72/><W28/><G34/><T24/><D75/><U36/><E4/><N who="2" m="1039" /><F17/><W121/><G65/><T124/><D73/><U44/><E44/><V7/><F7/><W10/><G121/><T81/><D124/><U105/><AGARI ba="0,0" hai="13,15,36,38,39,105,106,107,132,133,135" m="39391" machi="105" ten="50,9600,0" yaku="29,2,20,1" doraHai="88" who="1" fromWho="1" sc="301,-32,210,96,210,-32,279,-32" /><INIT seed="1,1,0,1,5,71" ten="269,306,178,247" oya="1" hai0="16,124,107,12,104,58,67,99,119,45,33,15,37" hai1="121,98,92,38,43,7,94,105,41,89,46,17,65" hai2="85,84,64,128,81,86,24,135,120,75,106,110,0" hai3="55,62,59,122,32,66,90,82,2,9,61,60,44"/><U18/><E121/><V34/><F0/><W117/><G122/><T10/><D33/><U79/><E105/><V131/><F64/><W42/><G32/><T57/><D119/><U63/><E7/><V53/><F120/><W68/><G117/><T108/><D108/><U50/><E79/><V97/><F110/><W77/><G90/><T22/><D124/><U118/><E118/><V74/><F53/><W40/><G61/><T95/><D107/><U52/><E43/><V109/><F24/><W28/><G28/><T88/><D104/><U8/><E8/><V69/><F69/><W1/><G9/><T101/><D101/><U103/><E98/><V29/><F29/><W78/><G42/><T93/><D93/><U72/><E72/><N who="2" m="27691" /><F34/><W73/><REACH who="3" step="1"/><G78/><REACH who="3" ten="269,306,178,237" step="2"/><T127/><D88/><U80/><E89/><N who="2" m="51343" /><F109/><W14/><G14/><T114/><D15/><U130/><E41/><V25/><F25/><W126/><G126/><T54/><D127/><U112/><E63/><V91/><F135/><W31/><G31/><T26/><D26/><U36/><E112/><V87/><F91/><W30/><G30/><T83/><D114/><U115/><E115/><V47/><F131/><W39/><AGARI ba="1,1" hai="1,2,39,40,44,55,59,60,62,66,68,73,77,82" machi="39" ten="20,5200,0" yaku="1,1,0,1,7,1,52,1,53,0" doraHai="71" doraHaiUra="132" who="3" fromWho="3" sc="269,-14,306,-27,178,-14,237,65" /><INIT seed="2,0,0,4,2,112" ten="255,279,164,302" oya="2" hai0="59,110,115,54,75,101,122,74,123,85,125,39,127" hai1="66,38,56,27,48,47,44,41,118,10,9,111,43" hai2="20,130,58,33,108,72,68,34,12,23,24,50,36" hai3="18,129,28,82,45,97,126,87,132,86,19,22,91"/><V77/><F68/><W100/><G126/><N who="0" m="48139" /><D39/><U1/><E111/><V94/><F36/><W13/><G129/><T98/><D54/><U102/><E102/><V105/><F105/><W29/><G132/><T42/><D42/><U25/><E1/><V63/><F130/><W124/><G124/><T55/><D55/><U109/><E109/><V53/><F108/><W57/><G45/><T35/><D110/><U5/><E5/><V51/><F72/><N who="0" m="27690" /><D59/><U71/><E71/><V103/><F77/><W133/><G133/><T84/><D35/><U78/><E66/><V14/><F34/><W61/><G87/><N who="0" m="33355" /><D115/><U95/><E56/><V93/><F33/><W32/><G32/><T89/><D89/><U96/><E48/><V8/><F50/><W49/><G49/><T15/><D15/><U135/><E38/><V107/><F14/><W106/><G19/><T80/><D80/><U113/><E113/><V99/><F51/><W121/><G57/><T81/><D81/><U90/><E27/><V92/><REACH who="2" step="1"/><F24/><REACH who="2" ten="255,279,154,302" step="2"/><W17/><G13/><T52/><D52/><U3/><E25/><V2/><F2/><W134/><G134/><T64/><D64/><U76/><E135/><V16/><AGARI ba="0,1" hai="8,12,16,20,23,53,58,63,92,93,94,99,103,107" machi="16" ten="30,6000,0" yaku="1,1,0,1,54,1,53,0" doraHai="112" doraHaiUra="0" who="2" fromWho="2" sc="255,-20,279,-20,154,70,302,-20" /><INIT seed="2,1,0,0,2,134" ten="235,259,224,282" oya="2" hai0="77,132,14,84,100,70,121,45,18,58,120,91,22" hai1="52,4,102,56,13,90,47,53,97,109,104,43,114" hai2="126,2,29,122,50,28,78,113,41,33,35,87,36" hai3="34,11,25,112,119,3,125,49,133,19,93,31,129"/><V42/><F122/><W101/><G119/><T64/><D70/><U105/><E114/><V82/><F2/><W37/><G37/><T108/><D132/><U69/><E69/><V106/><F106/><W55/><G133/><T57/><D108/><U80/><E105/><V74/><F36/><W27/><G112/><T96/><D77/><U51/><E109/><V123/><F123/><W124/><G129/><T67/><D121/><U117/><E117/><V116/><F116/><W89/><G101/><T111/><D111/><U30/><E30/><V88/><F113/><W17/><G25/><T65/><D120/><U128/><E128/><V1/><F1/><W118/><G118/><T99/><D45/><U127/><E127/><N who="3" m="48714" /><G11/><T54/><D100/><U15/><E53/><V135/><F126/><W9/><G9/><T83/><D54/><U61/><E4/><V38/><F38/><W63/><G63/><T20/><D22/><U59/><E59/><AGARI ba="1,0" hai="14,18,20,57,58,59,64,65,67,83,84,91,96,99" machi="59" ten="40,1300,0" yaku="8,1" doraHai="134" who="0" fromWho="1" sc="235,16,259,-16,224,0,282,0" /><INIT seed="3,0,0,2,3,23" ten="251,243,224,282" oya="3" hai0="43,2,25,107,115,50,108,129,21,48,53,68,119" hai1="52,41,51,24,29,20,97,62,27,63,100,47,15" hai2="130,89,79,120,67,117,65,40,126,91,59,49,105" hai3="60,35,133,34,10,73,135,54,64,98,46,13,132"/><W19/><G73/><T83/><D107/><U3/><E3/><V70/><F117/><W127/><G127/><T11/><D68/><U8/><E41/><V87/><F105/><W88/><G54/><T113/><D119/><U82/><E82/><V106/><F106/><W128/><G46/><T75/><D108/><U14/><E14/><V95/><F130/><W134/><N who="3" m="33792" /><DORA hai="4" /><W58/><G128/><T66/><D66/><U76/><E27/><V103/><F103/><W110/><G110/><T74/><D129/><U22/><E22/><V30/><F79/><W57/><G57/><T71/><D71/><U80/><E100/><V78/><F78/><W7/><G7/><T90/><D43/><U5/><REACH who="1" step="1"/><E97/><REACH who="1" ten="251,233,224,282" step="2"/><V125/><F125/><W123/><G123/><T84/><D2/><U124/><E124/><V99/><F120/><W17/><G17/><T56/><D21/><U81/><E81/><V118/><F126/><W92/><AGARI ba="0,1" hai="10,13,19,34,35,58,60,64,88,92,98" m="33792" machi="92" ten="60,12000,1" yaku="0,1,20,1,52,1,54,1" doraHai="23,4" who="3" fromWho="3" sc="251,-40,233,-40,224,-40,282,130" /><INIT seed="3,1,0,4,1,69" ten="211,193,184,412" oya="3" hai0="7,18,17,103,66,61,123,87,24,58,88,28,75" hai1="90,62,99,135,74,73,43,91,79,57,32,41,120" hai2="6,80,130,107,29,55,12,111,83,15,2,104,67" hai3="71,47,121,108,127,11,112,77,25,110,116,102,118"/><W97/><G71/><T36/><D75/><U70/><E70/><V64/><F111/><N who="3" m="42539" /><G127/><T93/><D123/><U92/><E120/><V132/><F132/><W35/><G121/><T68/><D7/><U42/><E32/><V48/><F29/><W10/><G77/><T63/><D103/><U40/><E135/><V8/><F130/><W5/><G47/><T119/><D119/><U56/><E79/><V133/><F133/><W117/><G112/><T78/><D78/><U101/><E57/><V96/><F2/><W20/><G35/><T114/><D114/><U84/><E91/><V89/><F89/><W109/><G5/><T128/><D128/><U45/><E45/><V19/><F96/><W34/><G34/><T50/><D50/><U9/><E9/><V59/><F107/><N who="3" m="63951" /><G109/><T122/><D122/><U37/><E37/><V53/><F104/><W21/><G21/><T3/><D3/><U95/><N who="1" m="10752" /><DORA hai="30" /><U46/><REACH who="1" step="1"/><E46/><REACH who="1" ten="211,183,184,412" step="2"/><N who="2" m="27799" /><F67/><AGARI ba="1,1" hai="56,62,67,73,74,84,90,92,95,99,101" m="10752" machi="67" ten="50,1600,0" yaku="1,1,53,0" doraHai="69,30" doraHaiUra="76,134" who="1" fromWho="2" sc="211,0,183,29,184,-19,412,0" /><INIT seed="4,0,0,0,1,120" ten="211,212,165,412" oya="0" hai0="22,88,38,4,65,72,83,3,42,123,2,113,19" hai1="84,95,97,99,104,87,117,80,118,75,40,130,60" hai2="0,81,133,91,11,56,92,94,134,37,98,15,64" hai3="125,33,52,131,85,24,70,114,61,135,39,106,122"/><T25/><D123/><U6/><E6/><V79/><F37/><W32/><G52/><T45/><D113/><U71/><E40/><V28/><F0/><W30/><G61/><T27/><D65/><U36/><E36/><V10/><F28/><W16/><G85/><T132/><D132/><U116/><E60/><V115/><F115/><W50/><G50/><T17/><D4/><U41/><E41/><V59/><F64/><W119/><G16/><T21/><D88/><N who="1" m="53639" /><E71/><V109/><F109/><W44/><G44/><T76/><AGARI ba="0,0" hai="2,3,17,19,21,22,25,27,38,42,45,72,76,83" machi="76" ten="30,3000,0" yaku="0,1,9,1" doraHai="120" who="0" fromWho="0" sc="211,30,212,-10,165,-10,412,-10" /><INIT seed="4,1,0,2,1,36" ten="241,202,155,402" oya="0" hai0="18,81,117,1,80,56,75,44,22,25,90,96,103" hai1="86,40,127,89,76,2,43,41,59,74,38,88,13" hai2="119,70,97,105,55,121,34,46,120,133,27,45,49" hai3="104,64,112,61,20,21,66,7,19,125,77,131,57"/><T128/><D117/><U78/><E127/><V68/><F133/><W17/><G104/><T31/><D1/><U110/><E110/><V35/><F97/><W37/><G37/><T85/><D128/><U29/><E2/><V48/><F105/><W114/><G131/><T5/><D5/><U106/><E106/><V24/><REACH who="2" step="1"/><F55/><REACH who="2" ten="241,202,145,402" step="2"/><W100/><G125/><T73/><D96/><U39/><E39/><V6/><F6/><W62/><G7/><T122/><D122/><U129/><E38/><V33/><F33/><W94/><G112/><T0/><D103/><U118/><E118/><AGARI ba="1,1" hai="24,27,34,35,45,46,48,49,68,70,118,119,120,121" machi="118" ten="25,3200,0" yaku="1,1,22,2,53,0" doraHai="36" doraHaiUra="134" who="2" fromWho="1" sc="241,0,202,-35,145,45,402,0" /><INIT seed="5,0,0,5,2,18" ten="241,167,190,402" oya="1" hai0="78,65,91,58,61,0,123,9,13,16,46,88,59" hai1="62,24,73,101,111,96,35,55,99,116,106,63,104" hai2="41,76,103,17,120,93,69,15,81,60,127,43,47" hai3="85,51,48,66,39,79,74,52,130,124,84,90,6"/><U11/><E116/><V102/><F120/><W95/><G39/><T1/><D123/><U126/><E126/><V12/><F127/><W98/><G124/><T8/><D78/><U94/><E73/><V7/><F41/><W64/><G130/><T30/><D30/><U122/><E122/><V80/><F80/><N who="3" m="47135" /><G74/><T37/><D37/><U121/><E121/><V2/><F2/><W108/><G108/><T23/><D0/><U128/><E128/><V86/><F93/><N who="3" m="54479" /><G6/><T42/><D59/><U3/><E111/><V38/><F12/><W32/><G32/><T83/><D1/><U129/><E129/><V105/><F7/><W45/><G51/><N who="0" m="27095" /><D83/><U135/><E135/><V21/><REACH who="2" step="1"/><F105/><REACH who="2" ten="241,167,180,402" step="2"/><W49/><G49/><T113/><D113/><U28/><E106/><V67/><AGARI ba="0,1" hai="15,17,21,38,43,47,60,67,69,76,81,86,102,103" machi="67" ten="30,8000,1" yaku="1,1,2,1,0,1,52,1,53,1" doraHai="18" doraHaiUra="72" who="2" fromWho="2" sc="241,-20,167,-40,180,90,402,-20" /><INIT seed="6,0,0,2,4,126" ten="221,127,270,382" oya="2" hai0="14,41,47,108,84,60,22,63,128,24,99,79,54" hai1="31,103,65,46,45,32,82,78,69,107,7,100,105" hai2="20,106,35,73,119,55,40,85,121,134,68,53,15" hai3="5,89,92,110,58,131,122,59,80,56,11,132,118"/><V95/><F106/><W43/><G110/><T133/><D108/><U37/><E7/><V102/><F73/><W0/><G122/><T76/><D133/><U111/><E111/><V29/><F68/><W91/><G118/><T123/><D123/><U112/><E112/><V61/><F35/><W30/><G132/><T120/><D120/><U124/><E124/><V2/><F2/><W6/><G30/><T135/><D135/><U125/><E125/><V75/><F75/><W74/><G74/><T38/><D14/><U50/><E37/><V88/><F119/><W109/><G109/><T44/><D99/><U17/><E17/><V28/><F40/><W114/><G6/><T1/><D1/><U12/><E12/><V98/><F134/><W13/><G43/><T27/><D41/><U48/><E31/><V9/><F121/><W97/><G114/><T113/><D38/><U130/><E32/><V66/><F28/><W117/><G117/><T33/><D33/><U116/><E116/><V4/><F20/><W23/><G23/><T16/><D22/><U49/><E65/><V101/><F29/><W71/><G71/><T25/><D25/><U39/><E39/><V129/><F101/><N who="1" m="38985" /><E69/><V67/><F67/><W90/><G0/><T93/><D113/><U57/><E57/><V21/><F21/><W86/><G59/><T81/><D16/><U104/><E130/><V94/><F129/><W10/><G131/><T87/><D128/><U52/><E45/><V3/><F3/><W36/><G36/><T115/><D115/><U51/><E51/><V83/><F4/><RYUUKYOKU ba="0,0" sc="221,-10,127,30,270,-10,382,-10" hai1="46,48,49,50,52,78,82,104,105,107" /><INIT seed="7,1,0,4,5,110" ten="211,157,260,372" oya="3" hai0="90,104,85,16,29,5,94,83,69,62,135,108,35" hai1="80,81,130,8,32,22,54,122,93,38,134,51,11" hai2="67,82,73,70,64,102,30,28,57,121,79,10,4" hai3="36,41,128,52,56,1,116,111,120,25,99,92,68"/><W129/><G1/><T2/><D108/><U48/><E32/><V91/><F70/><W105/><G105/><T113/><D104/><U123/><E38/><V43/><F102/><W101/><G116/><T74/><D135/><U77/><E134/><V55/><F43/><W7/><G7/><T21/><D29/><U98/><E130/><V9/><F121/><W124/><G25/><T126/><D35/><U132/><E132/><V60/><F91/><W89/><G89/><T3/><D126/><U109/><E109/><V100/><F100/><W95/><G92/><T115/><D5/><U112/><E22/><V6/><F30/><W127/><G120/><T39/><D39/><U40/><E40/><V87/><F28/><W24/><G68/><T59/><D69/><U125/><E125/><N who="3" m="48202" /><G24/><N who="0" m="14375" /><D74/><U34/><E34/><V76/><F73/><W58/><G111/><T18/><D18/><U133/><E133/><V49/><F76/><W15/><G36/><T19/><D19/><U61/><E61/><V0/><F49/><W96/><G129/><T13/><D13/><AGARI ba="1,0" hai="0,4,6,9,10,13,55,57,60,64,67,79,82,87" machi="13" ten="30,1000,0" yaku="7,1" doraHai="110" who="2" fromWho="0" sc="211,-13,157,0,260,13,372,0" owari="198,-20.0,157,-34.0,273,7.0,372,47.0" /></mjloggm>