<mjloggm ver="2.3"><GO type="169" lobby="0"/><UN n0="%E3%82%86%E3%83%BC%E3%81%9B%E3%83%BC" n1="%E6%9C%88%E3%83%9F%E7%85%A7%E2%98%86" n2="%E3%82%A6%E3%83%AB%E3%83%88%E3%83%A9%E7%AB%8B%E7%9B%B4" n3="%EF%BC%93%E7%95%AA%E3%82%B7%E3%83%A7%E3%83%BC%E3%83%88%E5%9D%82%E7%94%B0" dan="17,16,17,16" rate="2186.47,2074.18,2171.73,2110.71" sx="M,M,M,M"/><TAIKYOKU oya="0"/><INIT seed="0,0,0,4,4,119" ten="250,250,250,250" oya="0" hai0="126,60,103,73,94,55,77,63,131,82,20,13,1" hai1="23,120,51,68,28,108,10,42,123,26,22,121,32" hai2="134,27,114,76,36,72,6,87,135,110,56,88,100" hai3="89,84,37,8,41,83,80,118,86,45,116,43,65"/><T133/><D1/><U34/><E68/><V52/><F36/><W57/><G43/><T67/><D126/><U9/><E42/><V74/><F114/><W101/><G101/><T96/><D131/><U66/><E66/><V95/><F6/><W30/><G30/><T102/><D133/><N who="2" m="50698" /><F110/><W24/><G24/><T92/><D55/><U111/><E51/><N who="2" m="30751" /><F76/><W21/><G21/><N who="1" m="7690" /><E34/><V44/><F44/><W112/><G112/><T85/><D67/><U40/><E40/><V93/><F27/><W109/><G8/><AGARI ba="0,0" hai="8,9,10,26,28,32,108,111,120,121,123" m="7690" machi="8" ten="40,8000,1" yaku="34,2,52,3" doraHai="119" who="1" fromWho="3" sc="250,0,250,80,250,0,250,-80" /><INIT seed="1,0,0,0,0,40" ten="250,330,250,170" oya="1" hai0="57,21,117,83,71,77,72,32,112,34,118,122,73" hai1="104,43,47,23,106,29,18,26,67,75,105,103,110" hai2="53,134,24,65,59,121,12,27,133,16,129,107,115" hai3="108,4,114,84,95,76,82,54,125,44,135,20,85"/><U128/><E75/><V0/><F107/><W46/><G114/><T98/><D71/><U35/><E128/><V124/><F0/><W9/><G108/><T130/><D112/><U39/><E110/><V88/><F115/><W63/><G135/><N who="2" m="51721" /><F121/><W123/><G125/><T109/><D109/><U120/><E120/><V36/><F36/><W49/><G123/><T7/><D130/><U80/><E67/><V51/><F124/><W19/><G63/><T1/><D21/><U48/><E80/><V111/><F111/><W89/><G9/><T131/><D57/><U8/><E8/><N who="2" m="6151" /><F129/><W116/><G4/><T13/><D13/><U68/><E68/><V11/><F11/><W70/><G70/><T91/><D131/><U33/><E103/><V15/><F15/><N who="3" m="9343" /><G116/><T55/><D122/><U66/><E66/><V14/><F14/><W56/><AGARI ba="0,0" hai="44,46,49,54,56,76,82,84,85,89,95" m="9343" machi="56" ten="30,7900,0" yaku="25,1,8,1,52,2" doraHai="40" who="3" fromWho="3" sc="250,-20,330,-39,250,-20,170,79" /><INIT seed="2,0,0,3,5,115" ten="230,291,230,249" oya="2" hai0="98,51,60,8,46,31,120,25,72,26,123,24,55" hai1="107,23,103,79,81,105,128,49,16,11,70,42,77" hai2="86,124,106,119,35,63,102,10,28,62,114,56,21" hai3="14,40,38,41,39,27,87,73,64,118,101,92,47"/><V110/><F114/><W126/><G73/><T57/><D72/><U134/><E70/><V45/><F35/><W6/><G126/><T30/><D8/><U9/><E134/><V7/><F124/><W78/><G64/><T109/><D109/><U91/><E128/><V22/><F106/><W100/><G27/><T95/><D120/><U44/><E107/><V117/><F102/><W37/><G40/><T53/><REACH who="0" step="1"/><D123/><REACH who="0" ten="220,291,230,249" step="2"/><U61/><E9/><V4/><F110/><W58/><G6/><T75/><D75/><U135/><E11/><V133/><F133/><W104/><G39/><T18/><D18/><U84/><E135/><V17/><F7/><W3/><G37/><T85/><D85/><U66/><E105/><V54/><F10/><W116/><G104/><T131/><D131/><U82/><E84/><V20/><F4/><W2/><G2/><T52/><D52/><U99/><E16/><V80/><F17/><W76/><G3/><T29/><D29/><U32/><E99/><V113/><F28/><W0/><G0/><T15/><D15/><U65/><E65/><V36/><F113/><W13/><G87/><T90/><AGARI ba="0,1" hai="24,25,26,30,31,46,51,53,55,57,60,90,95,98" machi="90" ten="30,4000,0" yaku="1,1,0,1,8,1,53,0" doraHai="115" doraHaiUra="97" who="0" fromWho="0" sc="220,50,291,-10,230,-20,249,-10" /><INIT seed="3,0,0,3,2,82" ten="270,281,210,239" oya="3" hai0="100,115,59,29,88,89,101,121,35,86,11,38,25" hai1="87,81,118,71,135,111,9,6,7,20,76,134,55" hai2="104,18,48,106,19,42,22,116,56,30,51,127,64" hai3="126,84,102,103,1,91,60,10,107,94,14,54,45"/><W28/><G1/><T73/><D38/><U83/><E71/><V68/><F116/><W53/><G126/><T62/><D73/><U129/><E118/><V112/><F112/><W46/><G28/><T93/><D121/><U78/><E111/><V113/><F113/><W124/><G107/><T80/><D11/><U57/><E20/><V15/><F68/><W17/><G124/><T97/><REACH who="0" step="1"/><D115/><REACH who="0" ten="260,281,210,239" step="2"/><U114/><E114/><V41/><F127/><W4/><G4/><T16/><D16/><U98/><E7/><V3/><F19/><W5/><G5/><T43/><D43/><U131/><E131/><V58/><F18/><W44/><G53/><AGARI ba="0,1" hai="25,29,35,53,59,62,80,86,88,89,93,97,100,101" machi="53" ten="30,7700,0" yaku="1,1,7,1,52,1,54,1,53,0" doraHai="82" doraHaiUra="122" who="0" fromWho="3" sc="260,87,281,0,210,0,239,-77" /><INIT seed="4,0,0,0,3,7" ten="347,281,210,162" oya="0" hai0="105,135,54,49,33,52,42,102,5,130,99,89,109" hai1="106,41,96,83,123,19,125,97,98,90,124,29,69" hai2="14,9,53,48,129,30,133,101,25,68,134,50,110" hai3="100,88,108,12,116,113,70,65,126,104,117,59,45"/><T74/><D130/><U93/><E69/><V26/><F68/><W120/><G70/><T36/><D33/><U121/><E29/><V94/><F110/><W38/><G100/><T115/><D115/><U132/><E41/><V28/><F129/><W6/><G104/><T80/><D135/><N who="2" m="51722" /><F30/><W66/><G113/><T43/><D109/><U8/><E132/><V92/><F101/><W46/><G108/><T51/><D36/><U57/><E57/><N who="2" m="32935" /><F50/><W22/><G38/><T61/><D61/><U55/><E55/><V91/><F91/><W20/><G59/><T0/><D89/><U112/><E112/><V128/><F128/><W39/><G39/><T84/><D74/><U10/><E83/><V37/><F37/><W127/><G88/><T79/><D5/><U87/><E106/><V107/><F107/><W58/><G58/><T111/><D0/><U32/><E32/><N who="2" m="20495" /><F26/><W118/><G118/><T34/><D34/><U24/><E24/><V62/><F62/><W72/><G6/><AGARI ba="0,0" hai="6,9,14,92,94" m="20495,32935,51722" machi="6" ten="30,2000,0" yaku="20,1,52,1" doraHai="7" who="2" fromWho="3" sc="347,0,281,0,210,20,162,-20" /><INIT seed="5,0,0,4,4,13" ten="347,281,230,142" oya="1" hai0="15,110,80,89,3,126,10,68,61,102,20,48,0" hai1="93,134,97,34,96,101,124,17,37,30,76,107,43" hai2="78,4,118,35,83,88,54,32,21,120,58,125,36" hai3="121,24,9,25,22,113,122,74,70,65,69,11,111"/><U27/><E134/><V50/><F120/><W45/><G45/><T33/><D110/><U115/><E115/><V41/><F118/><W71/><G65/><T57/><D33/><U117/><E117/><V66/><F125/><W73/><G111/><T99/><D68/><U29/><E124/><V52/><F66/><W135/><G135/><T98/><D126/><U132/><E132/><V62/><F41/><W40/><G40/><T6/><D48/><U23/><E76/><V51/><F36/><W60/><G60/><T100/><D20/><U133/><E133/><V81/><F4/><W49/><G49/><T119/><D119/><U47/><REACH who="1" step="1"/><E34/><REACH who="1" ten="347,271,230,142" step="2"/><V90/><F35/><W114/><G121/><T75/><D3/><U8/><E8/><N who="3" m="3146" /><G22/><T42/><D0/><U87/><E87/><V85/><F32/><W67/><G122/><T94/><D75/><N who="3" m="28681" /><G67/><T59/><D99/><U91/><AGARI ba="0,1" hai="17,23,27,29,30,37,43,47,91,93,96,97,101,107" machi="91" ten="20,7800,0" yaku="1,1,0,1,7,1,52,1,53,0" doraHai="13" doraHaiUra="129" who="1" fromWho="1" sc="347,-26,271,88,230,-26,142,-26" /><INIT seed="5,1,0,4,0,81" ten="321,359,204,116" oya="1" hai0="101,77,112,11,51,19,63,110,129,111,9,99,120" hai1="2,70,104,12,25,126,24,14,66,4,97,135,65" hai2="133,36,88,123,80,56,109,73,6,124,89,84,91" hai3="58,57,54,85,34,32,49,71,3,28,119,47,75"/><U94/><E104/><V131/><F36/><W46/><G75/><T100/><D112/><U62/><E135/><V61/><F123/><W74/><G74/><T64/><D120/><U105/><E105/><V125/><F109/><W69/><G3/><T33/><D33/><U82/><E2/><V116/><F73/><W30/><G49/><T29/><D129/><U113/><E113/><V13/><F116/><W93/><G93/><T118/><D29/><U45/><E126/><N who="2" m="48747" /><F131/><W127/><G127/><T39/><D39/><U41/><E66/><N who="2" m="39207" /><F133/><W121/><G121/><T38/><D38/><U17/><E4/><V10/><AGARI ba="1,0" hai="6,10,13,80,84,88,89,91" m="39207,48747" machi="10" ten="30,4000,0" yaku="18,1,52,1,54,1" doraHai="81" who="2" fromWho="2" sc="321,-11,359,-21,204,43,116,-11" /><INIT seed="6,0,0,0,0,103" ten="310,338,247,105" oya="2" hai0="86,51,114,104,131,111,64,30,63,122,17,44,90" hai1="133,41,7,126,135,60,22,97,78,35,3,11,74" hai2="13,52,43,33,113,1,65,105,16,88,27,94,45" hai3="79,130,112,77,82,87,29,68,2,116,117,99,9"/><V100/><F1/><W62/><G130/><T95/><D111/><U0/><E35/><V91/><F113/><W129/><G129/><T42/><D122/><U80/><E126/><V12/><F65/><W70/><G29/><T128/><D114/><U132/><E41/><V83/><F105/><W98/><G112/><T101/><D30/><U36/><E36/><V23/><F33/><W93/><G2/><T127/><D127/><U67/><E22/><V24/><F43/><W6/><G62/><T38/><D17/><U58/><E97/><N who="2" m="59447" /><F12/><AGARI ba="0,0" hai="0,3,7,11,12,58,60,67,74,78,80,132,133,135" machi="12" ten="40,1300,0" yaku="20,1" doraHai="103" who="1" fromWho="2" sc="310,0,338,13,247,-13,105,0" /><INIT seed="7,0,0,4,3,100" ten="310,351,234,105" oya="3" hai0="115,108,43,53,69,13,134,116,86,129,73,97,0" hai1="84,111,131,58,81,109,135,82,77,75,4,99,29" hai2="102,47,74,110,83,19,90,66,65,40,39,79,125" hai3="62,63,67,6,60,55,11,68,106,5,36,70,124"/><W105/><G36/><T22/><D22/><U26/><E135/><V122/><F110/><W46/><G124/><T54/><D43/><U20/><E131/><V27/><F102/><W117/><G117/><T52/><D86/><U8/><E58/><V9/><F125/><W112/><G112/><T17/><D97/><U15/><E99/><V93/><F122/><W121/><G121/><T30/><D30/><U88/><AGARI ba="0,0" hai="4,8,15,20,26,29,75,77,81,82,84,88,109,111" machi="88" ten="20,2700,0" yaku="0,1,7,1,54,1" doraHai="100" who="1" fromWho="1" sc="310,-7,351,27,234,-7,105,-13" owari="303,10.0,378,48.0,227,-17.0,92,-41.0" /></mjloggm>