<mjloggm ver="2.3"><GO type="169" lobby="0"/><UN n0="%E3%82%A6%E3%83%AB%E3%83%88%E3%83%A9%E7%AB%8B%E7%9B%B4" n1="%4E%61%72%75%6B%61" n2="%E3%81%99%E3%81%9A%E3%82%81%E3%82%AF%E3%83%AC%E3%82%A4%E3%82%B8%E3%83%BC" n3="%E2%98%86%E3%81%99%E3%81%84%E3%81%99%E3%81%84%E2%98%86" dan="17,16,19,16" rate="2170.13,2098.03,2257.27,2101.59" sx="M,F,M,M"/><TAIKYOKU oya="0"/><INIT seed="0,0,0,2,0,105" ten="250,250,250,250" oya="0" hai0="30,107,66,111,28,110,99,33,82,37,50,63,116" hai1="128,36,92,8,120,98,95,40,89,129,112,38,57" hai2="106,65,60,127,18,56,62,85,22,43,11,15,118" hai3="123,78,126,80,76,97,23,91,49,134,48,32,119"/><T31/><D37/><U34/><E120/><V135/><F135/><W25/><G32/><T55/><D116/><U19/><E34/><V86/><F127/><W90/><G119/><T87/><D33/><U77/><E112/><V0/><F106/><W117/><G117/><T68/><D99/><U72/><E95/><V44/><F118/><W114/><G114/><T67/><D67/><U93/><E93/><V14/><F62/><W113/><G113/><T17/><D17/><U46/><E57/><V101/><F0/><W69/><G69/><T108/><D107/><U83/><E38/><V104/><F101/><W16/><G78/><T1/><D1/><U125/><E125/><V54/><F65/><W20/><G134/><T53/><REACH who="0" step="1"/><D50/><REACH who="0" ten="240,250,250,250" step="2"/><U109/><E36/><V41/><F104/><W4/><G97/><T3/><D3/><U27/><E19/><V79/><F18/><W59/><G126/><T10/><D10/><U88/><E8/><V94/><F11/><W132/><G4/><T5/><D5/><U2/><E2/><V45/><F22/><W121/><G23/><T39/><D39/><U6/><E6/><V42/><F14/><W24/><G132/><T35/><D35/><U58/><E98/><V61/><F15/><W47/><G123/><T133/><D133/><U51/><E51/><V64/><F64/><W29/><G121/><T12/><D12/><U122/><E122/><V7/><F7/><W52/><G24/><T96/><D96/><U84/><E27/><V130/><F61/><W124/><G124/><T13/><D13/><U100/><E100/><RYUUKYOKU ba="0,1" sc="240,30,250,-10,250,-10,250,-10" hai0="28,30,31,53,55,63,66,68,82,87,108,110,111" /><INIT seed="0,1,1,0,5,120" ten="270,240,240,240" oya="0" hai0="124,122,85,103,87,82,35,18,19,31,2,33,52" hai1="83,41,66,38,20,123,78,4,115,59,132,65,16" hai2="43,121,7,127,89,135,34,114,57,106,128,96,104" hai3="60,126,24,46,27,29,118,107,47,62,14,36,111"/><T6/><D103/><U26/><E123/><V77/><F34/><W58/><G107/><T9/><D122/><U69/><E69/><V32/><F32/><W99/><G14/><T63/><D124/><U110/><E4/><V11/><F114/><W51/><G99/><T8/><D85/><U129/><E129/><V10/><F43/><W109/><G118/><T17/><D31/><U105/><E105/><V12/><F77/><W5/><G5/><T94/><D94/><U39/><E39/><V56/><F128/><W79/><G79/><T91/><REACH who="0" step="1"/><D9/><REACH who="0" ten="260,240,240,240" step="2"/><U42/><E115/><V134/><F127/><W81/><G29/><T112/><D112/><U70/><E132/><V37/><F121/><W133/><G133/><T55/><D55/><U3/><E66/><V101/><F106/><W125/><G81/><T28/><D28/><U130/><E65/><V48/><F134/><W72/><G72/><T92/><D92/><U21/><E83/><V61/><F10/><W113/><G113/><T117/><D117/><U15/><E130/><V71/><F135/><W131/><G131/><T49/><D49/><U23/><E38/><V22/><F48/><W102/><G51/><T25/><D25/><U108/><E41/><V93/><F37/><W73/><G36/><T74/><D74/><U68/><E42/><V64/><F101/><W54/><G73/><T67/><D67/><U116/><E116/><V90/><F104/><W98/><G102/><T80/><D80/><U86/><E26/><V75/><F75/><W0/><G54/><T45/><D45/><U30/><E30/><RYUUKYOKU ba="1,2" sc="260,30,240,-10,240,-10,240,-10" hai0="2,6,8,17,18,19,33,35,52,63,82,87,91" /><INIT seed="0,2,2,1,2,27" ten="290,230,230,230" oya="0" hai0="110,9,57,6,21,17,13,109,129,96,60,103,125" hai1="44,106,28,135,107,71,2,90,85,81,101,20,88" hai2="74,32,79,19,51,113,134,10,45,70,46,102,112" hai3="128,92,86,31,105,68,38,1,91,23,97,7,3"/><T24/><D125/><U16/><E71/><V41/><F70/><W15/><G38/><T66/><REACH who="0" step="1"/><D129/><REACH who="0" ten="280,230,230,230" step="2"/><U22/><E107/><AGARI ba="2,3" hai="6,9,13,17,21,24,57,60,66,96,103,107,109,110" machi="107" ten="40,7700,0" yaku="1,1,2,1,53,1" doraHai="27" doraHaiUra="55" who="0" fromWho="1" sc="280,113,230,-83,230,0,230,0" /><INIT seed="0,3,0,0,4,132" ten="393,147,230,230" oya="0" hai0="134,101,66,121,127,25,3,45,86,0,87,56,79" hai1="2,110,97,95,6,9,114,22,61,122,52,92,74" hai2="133,98,107,5,116,28,109,36,42,69,94,123,34" hai3="120,23,18,21,29,27,104,64,19,10,41,37,39"/><T53/><D121/><U46/><E110/><V8/><F94/><W100/><G104/><T47/><D66/><U105/><E122/><V32/><F32/><W85/><G100/><T106/><D101/><U75/><E114/><V68/><F98/><W60/><G41/><T125/><D106/><U62/><E105/><V44/><F109/><W117/><G29/><T119/><D25/><U30/><E95/><V126/><F123/><W76/><G10/><T40/><D119/><U82/><E62/><V38/><F38/><W35/><G35/><T118/><D118/><U135/><E135/><V24/><F133/><W51/><G117/><T20/><D20/><U15/><E46/><N who="0" m="17417" /><D40/><U131/><E131/><V112/><F112/><W115/><G115/><T113/><D113/><U43/><E43/><V4/><F4/><W111/><G39/><T54/><D134/><U55/><E61/><V17/><F107/><W72/><G37/><T31/><D31/><U81/><E75/><V99/><F116/><W124/><G72/><T77/><D56/><U102/><E2/><N who="0" m="553" /><D86/><U59/><E59/><V93/><F68/><N who="3" m="41991" /><G111/><T50/><D87/><U73/><E73/><V11/><F69/><W78/><G85/><T58/><D53/><N who="1" m="20555" /><E74/><V7/><F42/><W71/><G71/><T90/><D90/><U16/><E30/><V103/><F36/><W80/><G120/><T14/><D14/><N who="1" m="5431" /><E102/><V89/><F103/><W88/><G27/><T57/><D57/><U108/><E108/><V128/><F28/><W49/><G51/><T84/><D84/><U1/><E1/><N who="2" m="47" /><F7/><W91/><G49/><RYUUKYOKU ba="3,0" sc="393,15,147,15,230,-15,230,-15" hai0="50,54,58,77,79,125,127" hai1="15,16,22,81,82,92,97" /><INIT seed="0,4,0,2,3,61" ten="408,162,215,215" oya="0" hai0="10,108,110,35,123,128,130,135,94,127,71,4,121" hai1="125,43,24,73,5,88,32,122,46,111,16,7,22" hai2="34,97,63,31,11,119,100,70,132,82,1,124,92" hai3="41,81,58,134,25,37,116,47,28,66,40,9,107"/><T98/><D35/><U51/><E111/><N who="0" m="42537" /><D71/><U21/><E122/><N who="0" m="46601" /><D127/><U33/><E125/><V44/><F119/><W72/><G66/><T49/><D49/><U68/><E68/><V23/><F132/><W102/><G47/><T57/><D57/><U117/><E117/><V115/><F34/><W52/><G37/><T77/><D77/><U96/><E73/><V91/><F44/><W0/><G72/><T79/><D79/><U75/><E75/><V118/><F118/><W15/><G58/><T67/><D67/><U2/><E33/><V85/><F70/><W26/><G41/><T36/><D36/><U6/><E2/><V30/><F1/><W50/><G0/><N who="0" m="263" /><D135/><U114/><E32/><V60/><F60/><W17/><G134/><T95/><D95/><N who="1" m="56423" /><E114/><V80/><F115/><W42/><G40/><T103/><AGARI ba="4,0" hai="94,98,103,128,130" m="263,46601,42537" machi="103" ten="40,3900,0" yaku="14,1,10,1" doraHai="61" who="0" fromWho="0" sc="408,51,162,-17,215,-17,215,-17" /><INIT seed="0,5,0,2,2,22" ten="459,145,198,198" oya="0" hai0="6,127,78,19,0,132,116,55,28,129,111,51,59" hai1="109,64,100,128,130,37,134,65,113,112,42,71,24" hai2="102,49,72,93,107,131,101,38,53,79,52,82,46" hai3="43,54,84,5,61,125,50,16,29,94,40,108,8"/><T12/><D116/><U23/><E109/><V80/><F131/><N who="1" m="50217" /><E134/><V90/><F38/><W9/><G61/><T117/><D117/><U119/><E100/><V26/><F107/><W97/><G84/><T121/><D121/><U74/><E74/><V77/><F53/><W27/><G125/><T114/><D114/><N who="1" m="44139" /><E71/><V99/><REACH who="2" step="1"/><F26/><REACH who="2" ten="459,145,188,198" step="2"/><W14/><G108/><T63/><D55/><U76/><E119/><V10/><F10/><W70/><G8/><T68/><D111/><U126/><E126/><V45/><F45/><W21/><G70/><T81/><D68/><U69/><E69/><V120/><F120/><W56/><REACH who="3" step="1"/><G5/><REACH who="3" ten="459,145,188,188" step="2"/><T58/><D6/><U106/><E106/><V123/><F123/><W18/><G18/><T60/><D19/><N who="1" m="12415" /><E76/><V104/><F104/><W66/><G66/><T35/><D78/><U11/><E11/><V32/><F32/><W13/><G13/><T17/><D12/><U3/><E3/><V34/><F34/><W39/><G39/><T122/><D35/><U133/><E133/><V87/><AGARI ba="5,2" hai="46,49,52,72,77,79,80,82,87,90,93,99,101,102" machi="87" ten="20,5200,0" yaku="1,1,0,1,7,1,54,1,53,0" doraHai="22" doraHaiUra="62" who="2" fromWho="2" sc="459,-31,145,-18,188,87,188,-18" /><INIT seed="1,0,0,5,3,63" ten="428,127,275,170" oya="1" hai0="109,102,32,40,122,132,19,56,44,10,34,2,59" hai1="107,17,42,119,54,104,130,47,3,112,12,73,64" hai2="97,58,124,70,43,82,57,49,118,90,92,13,52" hai3="18,51,39,131,22,4,65,127,85,24,76,108,14"/><U15/><E119/><V87/><F124/><W1/><G39/><T60/><D122/><U98/><E112/><V134/><F70/><W129/><G76/><T45/><D109/><U69/><E130/><N who="3" m="49674" /><G85/><T7/><D132/><U117/><E117/><V103/><F134/><W78/><G78/><T66/><D102/><U123/><E123/><V36/><F118/><W29/><G51/><T48/><D19/><U68/><E3/><V72/><F36/><W77/><G77/><T121/><D121/><U37/><E73/><V80/><F43/><W89/><G65/><T20/><D20/><U11/><E54/><V30/><F72/><W26/><G89/><T84/><D59/><U86/><E15/><V133/><F133/><W71/><G26/><T46/><D84/><U27/><E27/><V25/><F13/><W93/><G93/><T50/><D46/><U67/><E86/><V128/><F128/><W111/><G71/><T35/><D45/><U101/><E69/><V91/><F58/><W114/><G127/><T83/><D83/><U55/><E68/><V96/><F96/><W105/><G105/><T126/><D126/><U116/><E116/><V6/><F91/><W61/><G61/><T9/><D48/><U110/><E55/><V28/><F82/><W5/><G114/><T81/><D81/><U75/><E75/><V38/><F38/><W120/><G120/><T94/><D94/><N who="1" m="58583" /><E110/><N who="3" m="42026" /><G1/><T0/><D2/><U16/><E107/><V33/><F28/><W31/><G31/><T113/><D113/><U21/><E104/><N who="2" m="63599" /><F80/><W115/><G115/><T8/><AGARI ba="0,0" hai="0,7,8,9,10,32,34,35,40,44,50,56,60,66" machi="8" ten="40,5200,0" yaku="5,1,0,1,52,1" doraHai="63" who="0" fromWho="0" sc="428,52,127,-26,275,-13,170,-13" /><INIT seed="2,0,0,3,4,21" ten="480,101,262,157" oya="2" hai0="93,100,15,40,99,123,79,117,17,48,24,70,131" hai1="89,80,28,32,57,55,10,77,96,133,34,23,106" hai2="121,119,65,112,107,14,64,87,104,53,35,19,111" hai3="5,73,12,22,85,11,9,56,25,92,42,105,13"/><V132/><F121/><W59/><G73/><T67/><D123/><U43/><E133/><V26/><F119/><W60/><G105/><T97/><D131/><U110/><E43/><V118/><F112/><W44/><G85/><T82/><D24/><U102/><E110/><V7/><F118/><W29/><G60/><T98/><D70/><U18/><E10/><V4/><F132/><W130/><G92/><T71/><D71/><U134/><E134/><V135/><F107/><W45/><G45/><T91/><D67/><U101/><E28/><V54/><F104/><W51/><G130/><T115/><D115/><U27/><E101/><V6/><F35/><W75/><G75/><T108/><D108/><U20/><E20/><N who="2" m="13599" /><F14/><W78/><G78/><T128/><D128/><U84/><REACH who="1" step="1"/><E77/><REACH who="1" ten="480,91,262,157" step="2"/><V127/><F111/><W113/><G113/><T68/><D100/><U31/><E31/><V94/><F127/><W41/><G42/><T33/><D33/><U66/><E66/><N who="2" m="25707" /><F135/><W38/><G38/><T2/><D68/><U103/><E103/><V47/><F54/><W3/><G3/><T126/><D2/><U129/><E129/><V125/><F125/><W122/><REACH who="3" step="1"/><G122/><REACH who="3" ten="480,91,262,147" step="2"/><T81/><D126/><U30/><E30/><V1/><F1/><W8/><G8/><N who="0" m="6375" /><D117/><U124/><E124/><V69/><F69/><W58/><G58/><T62/><D79/><U52/><E52/><V114/><F114/><W46/><G46/><N who="0" m="25671" /><D62/><AGARI ba="0,2" hai="18,23,27,32,34,55,57,62,80,84,89,96,102,106" machi="62" ten="30,3900,0" yaku="1,1,7,1,52,1,53,0" doraHai="21" doraHaiUra="116" who="1" fromWho="0" sc="480,-39,91,59,262,0,147,0" /><INIT seed="3,0,0,4,0,25" ten="441,150,262,147" oya="3" hai0="10,53,120,32,85,14,83,21,92,88,94,76,116" hai1="132,54,109,11,131,41,8,42,125,40,30,101,104" hai2="74,46,23,27,96,110,103,93,111,122,44,45,7" hai3="61,66,22,98,80,77,5,52,100,87,24,63,0"/><W123/><G123/><T68/><D32/><U57/><E109/><N who="2" m="41483" /><F74/><W84/><G0/><T35/><D35/><U17/><E131/><V15/><F122/><W58/><G5/><T51/><D68/><U39/><E125/><V134/><F134/><W133/><G133/><T3/><D3/><U9/><E39/><V49/><F15/><W12/><G12/><T89/><D21/><U105/><E17/><N who="2" m="12783" /><F7/><W99/><G87/><T69/><D69/><U28/><E132/><V78/><F78/><W1/><G100/><T126/><D126/><U6/><E6/><V108/><F108/><W4/><G4/><N who="0" m="3399" /><D116/><U16/><E16/><V38/><F38/><W47/><G1/><T65/><D65/><U2/><E2/><V55/><AGARI ba="0,0" hai="44,45,46,49,55,93,96,103" m="12783,41483" machi="55" ten="30,1100,0" yaku="14,1" doraHai="25" who="2" fromWho="2" sc="441,-3,150,-3,262,11,147,-5" /><INIT seed="4,0,0,5,1,112" ten="438,147,273,142" oya="0" hai0="79,131,85,97,35,30,128,60,5,3,69,76,34" hai1="66,70,15,7,111,95,116,42,89,26,71,94,115" hai2="81,57,107,93,51,29,117,88,84,134,12,55,25" hai3="59,82,41,126,130,127,75,10,122,108,67,0,44"/><T99/><D5/><U13/><E111/><V23/><F107/><W105/><G105/><T100/><D3/><U119/><E42/><V36/><F36/><W49/><G108/><T37/><D37/><U68/><E89/><V124/><F134/><W123/><G0/><T101/><D85/><U11/><E26/><V120/><F124/><N who="3" m="47659" /><G82/><T102/><D60/><U109/><E109/><V58/><F117/><W64/><G10/><T132/><D69/><U53/><E53/><V47/><F120/><N who="3" m="46123" /><G75/><T17/><D17/><U39/><E39/><V21/><F81/><W33/><G33/><T31/><D101/><U61/><E115/><V91/><F91/><W1/><G1/><T80/><REACH who="0" step="1"/><D80/><REACH who="0" ten="428,147,273,142" step="2"/><U73/><E73/><V19/><AGARI ba="0,1" hai="12,19,21,23,25,29,47,51,55,57,58,84,88,93" machi="19" ten="30,4000,0" yaku="0,1,8,1,54,1" doraHai="112" who="2" fromWho="2" sc="428,-20,147,-10,273,50,142,-10" /><INIT seed="5,0,0,4,0,35" ten="408,137,323,132" oya="1" hai0="128,27,100,94,71,64,104,96,52,50,56,134,112" hai1="115,76,34,0,63,20,41,49,75,15,86,121,107" hai2="37,95,9,3,30,105,91,18,117,111,83,124,22" hai3="103,46,129,38,135,99,59,90,66,82,33,77,119"/><U13/><E121/><V70/><F105/><W120/><G33/><T108/><D108/><U102/><E34/><V130/><F70/><W132/><G120/><T42/><D112/><U43/><E63/><V58/><F111/><W79/><G129/><T65/><D128/><U5/><E86/><V36/><F124/><W81/><G66/><T55/><D134/><N who="3" m="51241" /><G59/><T72/><D72/><U101/><E49/><V45/><F9/><W69/><G69/><T87/><D42/><U25/><E20/><V16/><F83/><N who="3" m="31755" /><G119/><T98/><D87/><U114/><E107/><V78/><F58/><W93/><G46/><T131/><D71/><U67/><E25/><V31/><F45/><W2/><G2/><T7/><D131/><U28/><E28/><V40/><F22/><W85/><G38/><T62/><D27/><U106/><E106/><AGARI ba="0,0" hai="77,79,85,90,93,99,103,106" m="31755,51241" machi="106" ten="30,3900,0" yaku="20,1,34,2" doraHai="35" who="3" fromWho="1" sc="408,0,137,-39,323,0,132,39" /><INIT seed="6,0,0,5,2,28" ten="408,98,323,171" oya="2" hai0="106,99,50,46,105,127,97,109,26,95,20,49,14" hai1="48,32,115,124,33,41,63,42,31,70,81,69,120" hai2="128,2,114,12,64,85,65,53,96,111,8,18,15" hai3="36,112,19,90,0,83,39,25,62,98,4,79,7"/><V113/><F2/><W22/><G39/><T134/><D109/><U74/><E31/><V123/><F123/><W118/><G36/><T45/><D14/><U126/><E115/><N who="2" m="44043" /><F111/><W75/><G118/><T44/><D127/><N who="1" m="48683" /><E120/><V21/><F128/><W17/><G0/><T76/><D76/><N who="1" m="44183" /><E48/><N who="0" m="18537" /><D105/><U133/><E133/><V108/><F108/><W23/><G112/><T131/><D106/><U55/><E55/><V103/><F85/><W47/><G47/><T101/><D131/><U34/><E63/><V88/><F53/><W100/><G90/><T89/><D134/><U68/><AGARI ba="0,0" hai="32,33,34,41,42,68,69,70" m="44183,48683" machi="68" ten="50,8000,1" yaku="18,1,52,3" doraHai="28" who="1" fromWho="1" sc="408,-20,98,80,323,-40,171,-20" /><INIT seed="7,0,0,1,3,121" ten="388,178,283,151" oya="3" hai0="65,89,107,38,92,35,12,26,126,104,59,108,123" hai1="106,3,14,52,39,105,134,96,2,48,97,130,127" hai2="94,49,75,1,17,22,114,50,131,133,119,41,20" hai3="42,74,60,68,76,122,109,28,93,83,100,6,33"/><W61/><G122/><T124/><D38/><U25/><E39/><V47/><F75/><W120/><G120/><T51/><D12/><U99/><E25/><V129/><F1/><W66/><G6/><T44/><D59/><U30/><E30/><V79/><F79/><W64/><G33/><T55/><D65/><U85/><E2/><V111/><F114/><W117/><G28/><N who="0" m="19863" /><D108/><U86/><E134/><V69/><F69/><W71/><G42/><T110/><D110/><U54/><E130/><V37/><F119/><W15/><G15/><T70/><D70/><U95/><E127/><N who="0" m="48681" /><D123/><U80/><E95/><V88/><F133/><W72/><G117/><T78/><D78/><U91/><E3/><V18/><F111/><W32/><G32/><T118/><D118/><U24/><E54/><V36/><F36/><W16/><G109/><T46/><D46/><U11/><E86/><AGARI ba="0,0" hai="44,51,55,86,89,92,104,107" m="48681,19863" machi="86" ten="30,1000,0" yaku="18,1" doraHai="121" who="0" fromWho="1" sc="388,10,178,-10,283,0,151,0" owari="398,50.0,168,-23.0,283,8.0,151,-35.0" /></mjloggm>