<mjloggm ver="2.3"><GO type="97" lobby="0"/><UN n0="%6F%72%65%34%34%31%30" n1="%76%69%62%72%61%74%65" n2="%E3%83%88%E3%83%88%E3%83%AA%E5%85%88%E7%94%9F%31%39%E6%AD%B3" n3="%53%6D%69%6C%65%34%30" dan="13,14,13,13" rate="1850.83,1890.36,2007.33,1920.53" sx="M,M,F,M"/><TAIKYOKU oya="0"/><INIT seed="0,0,0,0,5,97" ten="250,250,250,250" oya="0" hai0="108,119,94,62,135,131,22,117,75,91,20,96,1" hai1="70,126,128,132,129,18,115,101,37,54,49,53,93" hai2="84,15,99,65,130,58,41,8,67,60,79,122,44" hai3="6,82,23,73,85,102,14,9,77,30,107,104,118"/><T5/><D75/><U16/><E37/><V55/><F130/><N who="1" m="50281" /><E70/><V100/><F122/><W10/><G118/><T66/><D131/><U57/><E115/><V69/><F84/><W26/><G102/><T51/><D135/><U28/><E28/><V7/><F79/><W127/><G127/><T48/><D108/><U64/><E64/><V0/><F0/><W76/><G76/><T33/><D33/><U114/><E132/><V39/><REACH who="2" step="1"/><F69/><REACH who="2" ten="250,250,240,250" step="2"/><W40/><G85/><T109/><D1/><U45/><E114/><V32/><F32/><W133/><G133/><T111/><D119/><U4/><E126/><V74/><F74/><W29/><G77/><T106/><D117/><U72/><E72/><V12/><F12/><W17/><G14/><T80/><D111/><U120/><E120/><V81/><F81/><W50/><G82/><T124/><D80/><U2/><E2/><V98/><F98/><W71/><G73/><T95/><D96/><N who="1" m="59535" /><E4/><V83/><F83/><W11/><G71/><T123/><D5/><U112/><E112/><V92/><AGARI ba="0,1" hai="7,8,15,39,41,44,55,58,60,65,67,92,99,100" machi="92" ten="20,12000,2" yaku="1,1,0,1,7,1,52,1,53,2" doraHai="97" doraHaiUra="61" who="2" fromWho="2" sc="250,-60,250,-30,240,130,250,-30" /><INIT seed="1,0,0,3,1,16" ten="190,220,370,220" oya="1" hai0="129,86,43,67,114,14,99,84,37,115,2,126,72" hai1="55,87,4,15,81,31,130,64,8,20,22,124,26" hai2="12,75,134,98,57,49,133,135,90,48,74,117,62" hai3="66,69,131,0,100,11,42,77,58,91,73,40,39"/><U68/><E124/><V24/><F117/><W105/><G69/><T30/><D126/><U34/><E130/><V97/><F12/><W29/><G131/><T61/><D129/><U17/><E55/><V110/><F110/><W63/><G91/><T47/><D72/><N who="2" m="27690" /><F24/><W132/><G132/><T6/><D2/><U50/><E50/><N who="2" m="19563" /><F90/><W113/><G0/><T102/><D30/><U109/><E109/><V65/><AGARI ba="0,0" hai="57,62,65,97,98,133,134,135" m="19563,27690" machi="65" ten="40,1500,0" yaku="20,1" doraHai="16" who="2" fromWho="2" sc="190,-4,220,-7,370,15,220,-4" /><INIT seed="2,0,0,3,0,102" ten="186,213,385,216" oya="2" hai0="65,129,122,111,39,51,26,6,112,66,101,75,87" hai1="50,47,103,113,71,88,108,11,4,8,18,1,16" hai2="74,21,0,37,58,117,57,99,105,90,114,59,78" hai3="49,116,10,19,64,80,20,133,33,121,53,73,54"/><V63/><F114/><W14/><G116/><T81/><D112/><U62/><E113/><V135/><F117/><W134/><G121/><T60/><D122/><U124/><E11/><V25/><F0/><W70/><G33/><T23/><D129/><U89/><E103/><V34/><F34/><W40/><G40/><T2/><D111/><U22/><E18/><V125/><F37/><W85/><G73/><T7/><D39/><U15/><E108/><V130/><F130/><W128/><G128/><T79/><D75/><U100/><E124/><V131/><F125/><W67/><G20/><T32/><D32/><U107/><E71/><V28/><F135/><N who="3" m="51723" /><G70/><T35/><D2/><U84/><E62/><V68/><F74/><W24/><G24/><T69/><D66/><N who="3" m="25129" /><G49/><T132/><D132/><U120/><E120/><V109/><F63/><W77/><AGARI ba="0,0" hai="10,14,19,53,54,77,80,85" m="25129,51723" machi="77" ten="30,1100,0" yaku="20,1" doraHai="102" who="3" fromWho="3" sc="186,-3,213,-3,385,-5,216,11" /><INIT seed="3,0,0,5,4,3" ten="183,210,380,227" oya="3" hai0="135,102,68,118,95,96,39,38,51,2,79,11,87" hai1="116,127,92,110,27,81,62,109,47,33,123,23,21" hai2="28,100,30,99,65,41,6,89,17,82,130,93,105" hai3="50,90,111,8,113,131,101,125,117,56,83,85,112"/><W53/><G117/><T7/><D68/><U64/><E116/><V104/><F130/><W52/><G131/><T44/><D118/><U63/><E123/><V78/><F65/><W12/><G125/><T4/><D135/><U29/><E127/><V1/><F41/><W59/><G111/><N who="1" m="42506" /><E47/><V24/><F105/><W35/><G35/><T57/><D57/><N who="1" m="36943" /><E92/><V70/><F70/><W43/><G101/><T54/><D79/><U46/><E63/><V0/><F17/><W61/><REACH who="3" step="1"/><G43/><REACH who="3" ten="183,210,380,217" step="2"/><T45/><D45/><U37/><E81/><V69/><F82/><W15/><G15/><T126/><D126/><U129/><E129/><V86/><F1/><W5/><AGARI ba="0,1" hai="5,8,12,50,52,53,56,59,61,83,85,90,112,113" machi="5" ten="20,12000,1" yaku="1,1,0,1,7,1,52,1,54,1,53,0" doraHai="3" doraHaiUra="36" who="3" fromWho="3" sc="183,-40,210,-40,380,-40,217,130" owari="143,-36.0,170,-23.0,340,14.0,347,45.0" /></mjloggm>