<mjloggm ver="2.3"><GO type="97" lobby="0"/><UN n0="%E5%91%B3%E3%82%8F%E3%81%84%E3%82%AB%E3%83%AA%E3%83%B3" n1="%69%6E%6F%6B%6F%75%33" n2="%E5%B0%B1%E6%B4%BB%E7%94%9F%40%E5%B7%9D%E6%9D%91%E8%BB%8D%E5%9B%A3" n3="%58%65%6E%6F%50%73%65" dan="15,13,14,14" rate="1895.45,1805.17,1958.75,1942.03" sx="F,M,M,M"/><TAIKYOKU oya="0"/><INIT seed="0,0,0,5,0,37" ten="250,250,250,250" oya="0" hai0="82,9,117,42,11,67,53,130,107,22,131,93,88" hai1="41,15,103,108,119,65,47,23,39,35,73,126,84" hai2="5,12,8,85,102,118,97,52,75,101,135,3,106" hai3="76,114,34,129,92,59,44,63,50,123,36,127,132"/><T57/><D107/><U80/><E73/><V124/><F75/><W94/><G114/><T100/><D117/><U48/><E39/><V58/><F118/><W29/><G132/><T1/><D67/><U6/><E35/><V90/><F124/><W115/><G115/><T43/><D22/><U68/><E119/><V70/><F70/><W122/><G36/><T69/><D69/><U66/><E68/><V28/><F28/><W134/><G134/><T14/><D100/><U20/><E126/><V13/><F102/><W71/><G129/><N who="0" m="49163" /><D82/><U55/><E23/><V116/><F116/><W16/><G71/><T25/><D25/><U2/><E103/><V26/><F26/><N who="3" m="18743" /><G76/><T86/><D1/><U91/><E2/><V87/><F135/><W64/><G127/><T113/><D113/><U112/><E112/><V128/><F128/><W61/><G61/><N who="0" m="36015" /><D9/><N who="1" m="4535" /><E55/><V111/><F111/><W46/><G16/><AGARI ba="0,0" hai="11,14,16,42,43,86,88,93" m="36015,49163" machi="16" ten="30,12000,1" yaku="19,1,52,2,54,2" doraHai="37" who="0" fromWho="3" sc="250,120,250,0,250,0,250,-120" /><INIT seed="0,1,0,4,2,115" ten="370,250,250,130" oya="0" hai0="4,85,11,110,102,36,20,48,89,38,23,75,70" hai1="6,5,26,28,78,98,120,105,3,103,99,43,8" hai2="135,127,122,50,81,111,29,126,37,74,45,39,100" hai3="79,118,87,13,82,40,41,117,128,33,77,16,104"/><T114/><D70/><U56/><E120/><V73/><F122/><W22/><G33/><T52/><D75/><U34/><E56/><V125/><F111/><W108/><G104/><T47/><D102/><U93/><E78/><V119/><F135/><W106/><G106/><T49/><D114/><U32/><E43/><V46/><F29/><W0/><G0/><T12/><D110/><U101/><E6/><V129/><F129/><W107/><G107/><T25/><D48/><U24/><E24/><V21/><F21/><AGARI ba="1,0" hai="3,5,8,21,26,28,32,34,93,98,99,101,103,105" machi="21" ten="30,1000,0" yaku="7,1" doraHai="115" who="1" fromWho="2" sc="370,0,250,13,250,-13,130,0" /><INIT seed="1,0,0,1,0,124" ten="370,263,237,130" oya="1" hai0="48,4,5,116,107,46,28,21,23,80,47,125,62" hai1="9,8,7,100,78,76,77,10,81,94,117,93,118" hai2="83,56,122,27,41,36,53,126,19,130,86,39,132" hai3="18,68,119,6,99,38,55,89,123,128,71,69,11"/><U101/><E81/><V120/><F126/><W14/><G38/><T13/><D107/><U121/><E7/><V31/><F132/><W2/><G123/><T133/><D125/><U33/><E33/><V52/><F130/><W91/><G119/><T44/><D62/><U32/><E32/><V42/><F19/><W37/><G37/><T63/><D63/><U40/><E40/><V85/><F56/><W45/><G128/><T73/><D116/><N who="1" m="44651" /><E121/><V67/><F83/><W104/><G104/><T113/><D133/><U49/><E49/><V98/><F27/><W135/><G135/><T127/><D127/><U22/><E22/><V103/><F31/><W92/><G89/><T108/><D48/><U115/><E115/><V57/><F57/><W59/><G45/><T29/><D113/><U105/><E105/><V79/><F79/><W35/><G35/><T129/><D80/><U70/><E70/><V96/><REACH who="2" step="1"/><F103/><AGARI ba="0,0" hai="8,9,10,76,77,78,93,94,100,101,103" m="44651" machi="103" ten="40,3900,0" yaku="28,2" doraHai="124" who="1" fromWho="2" sc="370,0,263,39,237,-39,130,0" /><INIT seed="1,1,0,2,0,77" ten="370,302,198,130" oya="1" hai0="11,115,68,48,83,60,20,81,73,84,23,88,43" hai1="90,74,130,12,65,126,9,41,55,54,78,87,131" hai2="5,101,17,39,57,110,70,62,28,111,135,52,15" hai3="67,50,63,107,34,123,64,35,134,42,91,21,96"/><U24/><E65/><V40/><F5/><W82/><G123/><T3/><D115/><U38/><E24/><V100/><F70/><W2/><G2/><T109/><D109/><N who="2" m="41482" /><F28/><W13/><G64/><T29/><D29/><U80/><E41/><V95/><F135/><W97/><G134/><T89/><D60/><U127/><E38/><V103/><F95/><W18/><G97/><T7/><D68/><U86/><E74/><V32/><F32/><W85/><G96/><T61/><D61/><U106/><E106/><V53/><F53/><W122/><G107/><T66/><D66/><U25/><E25/><V113/><F113/><W33/><G122/><T75/><D75/><U45/><E45/><N who="2" m="23711" /><F103/><W116/><G116/><T76/><D43/><U118/><E118/><V58/><F58/><W93/><G50/><T71/><D71/><U49/><E49/><V92/><F92/><W37/><G37/><T36/><D36/><U112/><E112/><V0/><F0/><W124/><G42/><T44/><D48/><U22/><E22/><AGARI ba="1,0" hai="15,17,22,52,57,62,100,101" m="23711,41482" machi="22" ten="30,2000,0" yaku="14,1,54,1" doraHai="77" who="2" fromWho="1" sc="370,0,302,-23,198,23,130,0" /><INIT seed="2,0,0,3,1,103" ten="370,279,221,130" oya="2" hai0="128,72,56,0,9,84,119,132,54,3,52,29,39" hai1="43,40,123,69,42,120,68,51,61,91,16,26,32" hai2="25,100,18,102,94,109,63,96,78,62,58,126,77" hai3="104,105,45,117,76,80,34,121,73,87,38,13,10"/><V98/><F126/><W20/><G117/><T82/><D39/><U79/><E79/><V118/><F118/><W112/><G121/><T33/><D119/><U8/><E32/><V75/><F109/><W66/><G34/><T5/><D33/><U47/><E91/><V88/><F75/><W22/><G112/><T64/><D29/><U131/><E26/><V89/><F25/><W31/><G66/><T95/><D72/><U60/><E8/><V6/><F18/><W35/><G35/><T7/><D128/><U130/><E16/><V114/><F6/><W93/><G38/><T12/><D132/><U50/><E43/><V74/><F58/><W27/><G45/><AGARI ba="0,0" hai="40,42,45,47,50,51,60,61,68,69,120,123,130,131" machi="45" ten="25,8000,1" yaku="22,2,34,3" doraHai="103" who="1" fromWho="3" sc="370,0,279,80,221,0,130,-80" /><INIT seed="3,0,0,2,1,107" ten="370,359,221,50" oya="3" hai0="77,51,87,134,59,132,104,67,98,57,65,82,109" hai1="95,76,32,105,122,37,94,127,16,80,41,130,99" hai2="86,43,129,116,19,8,114,121,101,12,93,20,11" hai3="124,118,60,10,96,23,112,68,117,58,31,18,90"/><W2/><G112/><T53/><D109/><U119/><E32/><V5/><F114/><W135/><G68/><T83/><D83/><U63/><E122/><V108/><F108/><W0/><G124/><T81/><D59/><U54/><E105/><V26/><F116/><W42/><G135/><N who="0" m="51755" /><D82/><U102/><E127/><V66/><F121/><W111/><G111/><T30/><D30/><U97/><E119/><V1/><F129/><W70/><G70/><T36/><D36/><U35/><E35/><V123/><F66/><W15/><G42/><T125/><D125/><U110/><E110/><V3/><F43/><W115/><G115/><T49/><D49/><U48/><E63/><V84/><F123/><W133/><G133/><T89/><D89/><U74/><E41/><V78/><F78/><W44/><G44/><T62/><D62/><U103/><E37/><V34/><F34/><W6/><G2/><T47/><D47/><U50/><E130/><V131/><F131/><W29/><G29/><T40/><D40/><U73/><E73/><V13/><F1/><W71/><G118/><T46/><D46/><U14/><E54/><V79/><F79/><W72/><G71/><T17/><D17/><U4/><E4/><N who="2" m="3079" /><F3/><W25/><G72/><T55/><D55/><U69/><E69/><V9/><F9/><AGARI ba="0,0" hai="9,14,16,48,50,74,76,80,94,95,97,99,102,103" machi="9" ten="30,7700,0" yaku="7,1,9,1,52,1,54,1" doraHai="107" who="1" fromWho="2" sc="370,0,359,77,221,-77,50,0" owari="370,17.0,436,54.0,144,-26.0,50,-45.0" /></mjloggm>