<mjloggm ver="2.3"><GO type="225" lobby="0"/><UN n0="%46%4C%41%4D%45" n1="%6B%61%6D%6F%73%75%6B%65" n2="%E3%81%B5%E3%81%81%E3%81%84%E3%81%A1%E3%82%83%E3%82%80%E2%98%85" n3="%E5%B0%B1%E6%B4%BB%E7%94%9F%40%E5%B7%9D%E6%9D%91%E8%BB%8D%E5%9B%A3" dan="16,16,17,16" rate="2141.14,2156.26,2170.73,2071.13" sx="M,M,M,M"/><TAIKYOKU oya="0"/><INIT seed="0,0,0,2,4,89" ten="250,250,250,250" oya="0" hai0="74,132,131,122,27,123,48,63,82,67,91,32,112" hai1="101,54,75,49,88,77,61,103,38,22,41,110,69" hai2="20,100,5,125,34,113,59,25,68,8,45,135,52" hai3="24,60,11,79,55,98,126,15,9,46,90,62,17"/><T37/><D112/><U84/><E110/><V71/><F113/><W53/><G126/><T115/><D115/><U35/><E35/><V124/><F34/><W107/><G79/><T47/><D37/><U93/><E38/><V12/><F45/><W44/><G107/><T30/><D131/><U97/><E41/><V96/><F135/><W78/><G78/><T94/><D132/><U23/><E103/><V105/><F125/><W56/><G24/><T19/><D19/><U3/><E3/><V1/><F1/><W4/><G98/><T104/><D104/><U114/><E114/><V95/><F105/><W99/><G99/><T58/><D82/><U102/><E75/><V10/><F10/><W66/><G90/><T120/><D74/><U64/><E102/><V133/><F133/><W43/><G43/><T29/><D29/><U42/><E77/><V80/><F80/><W18/><G4/><T117/><D117/><U7/><E42/><V81/><F81/><W108/><G108/><T106/><D106/><U111/><E7/><V72/><F72/><W50/><G44/><T87/><REACH who="0" step="1"/><D122/><REACH who="0" ten="240,250,250,250" step="2"/><U127/><E111/><V0/><F124/><W85/><G17/><T109/><D109/><U2/><E127/><V129/><F129/><W128/><G128/><T40/><AGARI ba="0,1" hai="27,30,32,40,47,48,58,63,67,87,91,94,120,123" machi="40" ten="20,12000,1" yaku="1,1,0,1,7,1,52,1,53,1" doraHai="89" doraHaiUra="39" who="0" fromWho="0" sc="240,130,250,-40,250,-40,250,-40" /><INIT seed="0,1,0,0,3,73" ten="370,210,210,210" oya="0" hai0="94,59,86,109,39,71,79,44,57,103,92,80,43" hai1="132,0,67,100,16,131,129,107,5,78,14,52,21" hai2="32,12,19,81,58,110,101,25,84,18,97,30,126" hai3="3,1,104,64,31,98,121,127,128,123,56,120,89"/><T69/><D109/><U11/><E67/><V83/><F110/><W9/><G127/><T42/><D103/><U24/><E132/><V37/><F37/><W99/><G128/><N who="1" m="49226" /><E100/><V50/><F126/><W130/><G130/><T63/><D43/><U134/><E107/><V38/><F38/><W112/><G112/><T90/><D94/><U49/><E134/><V26/><F83/><W115/><G115/><T95/><D95/><U91/><E91/><V7/><F7/><W102/><G31/><T27/><D27/><U93/><E93/><V82/><F82/><W8/><G98/><T72/><REACH who="0" step="1"/><D57/><REACH who="0" ten="360,210,210,210" step="2"/><N who="1" m="32911" /><E78/><N who="2" m="46135" /><F26/><AGARI ba="1,1" hai="0,5,11,14,16,21,24,26" m="32911,49226" machi="26" ten="30,3900,0" yaku="19,1,54,2" doraHai="73" who="1" fromWho="2" sc="360,0,210,52,210,-42,210,0" /><INIT seed="1,0,0,1,3,132" ten="360,262,168,210" oya="1" hai0="90,65,94,60,76,38,70,115,105,57,3,42,126" hai1="79,107,19,117,131,61,86,32,8,43,16,20,113" hai2="69,97,98,110,50,118,111,77,54,121,74,95,4" hai3="78,84,45,22,51,25,27,9,34,55,71,89,75"/><U106/><E113/><V73/><F69/><W29/><G71/><T130/><D105/><U129/><E32/><V41/><F41/><W93/><G75/><N who="2" m="28681" /><F4/><W52/><G78/><T47/><D3/><U122/><E117/><V64/><F64/><W134/><G134/><T13/><D76/><U112/><E112/><V99/><F50/><W108/><G108/><N who="2" m="41513" /><F54/><W37/><G9/><T30/><D70/><U36/><E122/><V119/><F121/><W102/><G102/><T63/><D42/><U123/><E123/><V58/><F58/><W87/><G37/><T5/><D57/><U31/><E61/><V114/><F114/><W40/><REACH who="3" step="1"/><G84/><REACH who="3" ten="360,262,168,200" step="2"/><T80/><D38/><U125/><E86/><V15/><F77/><W101/><G101/><T24/><D115/><U83/><E79/><V1/><F1/><W18/><AGARI ba="0,1" hai="18,22,25,27,29,34,40,45,51,52,55,87,89,93" machi="18" ten="20,5200,0" yaku="1,1,0,1,7,1,54,1,53,0" doraHai="132" doraHaiUra="6" who="3" fromWho="3" sc="360,-13,262,-26,168,-13,200,62" /><INIT seed="2,0,0,2,5,61" ten="347,236,155,262" oya="2" hai0="82,83,106,11,111,99,49,21,25,100,87,54,135" hai1="23,115,118,101,127,79,113,40,19,123,70,76,90" hai2="103,130,34,131,38,8,85,108,36,5,122,37,134" hai3="28,26,41,69,3,88,56,129,98,62,80,0,89"/><V18/><F122/><W63/><G129/><N who="2" m="49161" /><F34/><W133/><G133/><T2/><D135/><U125/><E70/><V42/><F134/><W20/><G69/><T93/><D111/><U77/><E40/><V9/><F103/><W67/><G41/><T45/><D2/><U47/><E47/><N who="2" m="24007" /><F108/><W66/><G98/><T39/><D39/><N who="2" m="14858" /><F18/><W44/><G80/><T48/><D11/><U78/><E101/><V12/><F9/><W112/><G44/><N who="0" m="27911" /><D87/><AGARI ba="0,0" hai="5,8,12,85,87" m="14858,24007,49161" machi="87" ten="30,1500,0" yaku="19,1" doraHai="61" who="2" fromWho="0" sc="347,-15,236,0,155,15,262,0" /><INIT seed="2,1,0,0,3,46" ten="332,236,170,262" oya="2" hai0="33,3,1,95,22,0,114,39,99,43,111,107,54" hai1="113,47,110,14,120,128,105,74,10,29,36,88,81" hai2="104,23,40,24,96,98,132,13,62,103,76,19,21" hai3="52,51,30,125,78,126,115,102,56,69,63,68,7"/><V71/><F132/><W133/><G133/><T18/><D33/><U67/><E113/><V11/><F76/><W35/><G115/><T134/><D114/><U16/><E105/><V5/><F96/><W57/><G78/><T8/><D134/><U130/><E110/><V101/><F101/><W83/><G83/><T37/><D107/><U94/><E67/><V48/><F23/><W25/><G7/><T116/><D111/><U89/><E29/><V28/><F71/><W59/><G102/><T45/><D39/><U60/><E60/><V2/><F62/><W93/><G93/><T79/><D79/><N who="1" m="44279" /><E94/><V58/><F2/><W53/><REACH who="3" step="1"/><G57/><REACH who="3" ten="332,236,170,252" step="2"/><T131/><D95/><U42/><E120/><V124/><F124/><AGARI ba="1,1" hai="25,30,35,51,52,53,56,59,63,68,69,124,125,126" machi="124" ten="40,8000,1" yaku="1,1,2,1,18,1,52,1,54,1,53,0" doraHai="46" doraHaiUra="117" who="3" fromWho="2" sc="332,0,236,0,170,-83,252,93" /><INIT seed="3,0,0,5,3,19" ten="332,236,87,345" oya="3" hai0="130,101,56,90,2,67,124,7,3,71,4,41,51" hai1="21,69,85,104,10,53,135,24,63,57,49,45,16" hai2="87,26,98,103,39,82,77,118,64,95,79,18,40" hai3="44,72,27,115,5,0,116,73,42,91,9,134,23"/><W99/><G116/><T38/><D101/><U105/><E135/><V83/><F39/><W60/><G115/><T66/><D66/><U102/><E102/><V62/><F40/><W126/><G126/><T86/><D124/><U131/><E131/><V121/><F118/><W114/><G134/><T31/><D130/><U68/><E105/><V34/><F121/><W58/><G114/><T54/><D31/><U107/><E107/><V32/><F32/><W55/><G91/><T17/><D2/><U113/><E104/><V120/><F120/><W112/><G99/><T92/><D3/><U88/><E113/><V128/><F128/><W43/><G43/><T50/><D50/><U59/><E10/><V28/><F18/><W1/><G1/><T22/><D41/><U127/><E127/><V33/><F82/><W78/><G78/><T61/><D38/><U117/><E117/><V29/><F29/><W30/><G112/><T94/><D94/><U84/><E84/><V74/><F74/><W109/><G109/><T25/><AGARI ba="0,0" hai="4,7,17,22,25,51,54,56,61,67,71,86,90,92" machi="25" ten="20,2700,0" yaku="0,1,7,1,52,1" doraHai="19" who="0" fromWho="0" sc="332,27,236,-7,87,-7,345,-13" owari="359,46.0,229,-17.0,80,-42.0,332,13.0" /></mjloggm>