<mjloggm ver="2.3"><GO type="97" lobby="0"/><UN n0="%6E%61%74%75%6B%69" n1="%4F%4E%4F%46%46" n2="%E5%85%AD%E6%9D%A1%E3%81%AE%E5%BE%A1%E6%81%AF%E6%89%80" n3="%E5%B0%B1%E6%B4%BB%E7%94%9F%40%E5%B7%9D%E6%9D%91%E8%BB%8D%E5%9B%A3" dan="13,14,14,14" rate="1855.67,1918.56,1913.64,1978.83" sx="M,M,F,M"/><TAIKYOKU oya="0"/><INIT seed="0,0,0,1,5,30" ten="250,250,250,250" oya="0" hai0="129,55,18,110,124,47,100,16,54,95,63,73,97" hai1="134,59,105,34,106,87,83,88,36,41,89,109,13" hai2="103,24,111,49,81,112,125,84,20,75,117,94,118" hai3="29,28,10,113,50,38,11,86,119,74,93,77,21"/><T31/><D73/><U61/><E134/><V51/><F112/><W76/><G38/><T48/><D129/><U131/><E131/><V23/><F111/><W91/><G113/><T42/><D110/><U12/><E109/><V121/><F121/><W3/><G119/><N who="2" m="45577" /><F125/><W39/><G39/><T67/><D124/><U96/><E34/><V46/><F75/><W72/><G72/><T44/><D31/><N who="3" m="11849" /><G74/><T127/><D127/><U132/><E132/><V60/><F60/><W80/><G3/><T6/><D6/><U107/><E41/><N who="2" m="24783" /><F51/><W65/><G65/><T25/><D25/><U1/><E1/><V135/><F135/><W35/><G35/><T64/><D64/><U56/><E36/><V120/><F24/><W52/><G21/><T69/><REACH who="0" step="1"/><D55/><REACH who="0" ten="240,250,250,250" step="2"/><U90/><E96/><N who="2" m="59799" /><F120/><W123/><G123/><T9/><D9/><N who="3" m="3081" /><G80/><T66/><D66/><U37/><E83/><V45/><F81/><W22/><G22/><T108/><D108/><U14/><E37/><AGARI ba="0,1" hai="16,18,37,42,44,47,48,54,63,67,69,95,97,100" machi="37" ten="30,5800,0" yaku="1,1,7,1,54,1,53,0" doraHai="30" doraHaiUra="33" who="0" fromWho="1" sc="240,68,250,-58,250,0,250,0" /><INIT seed="0,1,0,0,1,76" ten="308,192,250,250" oya="0" hai0="77,129,16,101,1,107,67,73,133,83,43,32,105" hai1="18,88,125,53,90,131,50,0,66,103,124,59,104" hai2="122,19,5,27,40,135,68,63,97,54,3,86,118" hai3="9,60,128,10,74,24,62,123,39,72,56,116,8"/><T6/><D67/><U11/><E131/><V93/><F122/><W55/><G39/><T96/><D129/><U89/><E66/><V41/><F135/><W87/><G128/><T82/><D133/><U17/><E0/><V80/><F3/><W12/><G123/><T57/><D32/><U35/><E35/><V126/><F5/><W52/><G116/><T65/><D57/><U120/><E120/><V48/><F118/><W113/><G113/><T29/><D29/><U38/><E38/><V108/><F108/><W28/><G12/><T110/><D65/><U46/><E46/><N who="2" m="27927" /><F126/><N who="1" m="48745" /><E11/><V92/><F68/><W121/><G121/><T69/><D69/><U127/><N who="1" m="48753" /><U47/><DORA hai="75" /><E47/><V91/><F63/><W49/><G87/><T111/><D43/><N who="2" m="16458" /><F97/><AGARI ba="1,0" hai="17,18,50,53,59,88,89,90,97,103,104" m="48753" machi="97" ten="50,3200,0" yaku="18,1,54,1" doraHai="76,75" who="1" fromWho="2" sc="308,0,192,35,250,-35,250,0" /><INIT seed="1,0,0,1,4,130" ten="308,227,215,250" oya="1" hai0="129,79,92,47,103,127,128,86,116,124,76,102,1" hai1="78,118,61,94,35,52,43,11,83,28,34,27,67" hai2="16,113,107,101,81,12,7,57,121,21,122,45,6" hai3="60,66,15,100,104,20,111,63,65,42,40,48,26"/><U135/><E118/><V97/><F45/><W62/><G111/><T89/><D116/><U24/><E43/><V29/><F113/><W125/><G125/><N who="0" m="48203" /><D1/><U56/><E11/><V10/><F81/><W75/><G75/><T41/><D41/><N who="3" m="15977" /><G104/><T46/><D46/><U31/><E94/><V117/><F117/><W134/><G100/><N who="0" m="38443" /><D47/><U98/><E98/><V37/><F37/><W95/><G95/><T109/><D109/><U90/><E90/><V112/><F112/><W51/><G134/><T88/><D89/><U22/><E135/><V82/><F82/><W18/><G26/><T123/><D123/><U115/><E115/><V93/><F122/><W13/><G13/><T50/><D50/><AGARI ba="0,0" hai="15,18,20,48,50,51,60,62,63,65,66" m="15977" machi="50" ten="30,1000,0" yaku="8,1" doraHai="130" who="3" fromWho="0" sc="308,-10,227,0,215,0,250,10" /><INIT seed="2,0,0,5,0,71" ten="298,227,215,260" oya="2" hai0="9,59,52,122,68,73,42,133,113,66,103,128,77" hai1="98,8,67,78,2,60,33,81,41,19,104,36,45" hai2="24,106,120,83,112,130,89,14,4,119,48,46,12" hai3="5,86,102,107,22,115,3,85,91,125,82,90,43"/><V25/><F119/><W54/><G115/><T121/><D113/><U74/><E19/><V18/><F112/><W76/><G125/><T53/><D103/><N who="1" m="62583" /><E60/><V94/><F120/><W35/><G35/><T87/><D73/><U116/><E67/><V64/><F106/><W15/><G3/><T96/><D96/><U39/><E116/><V23/><F64/><W126/><G126/><T13/><D133/><U97/><E97/><V132/><F132/><W40/><G107/><T92/><D42/><N who="3" m="15913" /><G102/><T118/><D128/><U63/><E63/><V117/><F130/><W65/><G65/><T123/><D118/><U50/><E50/><V114/><F114/><W31/><G54/><T10/><D68/><U70/><E70/><V75/><F117/><W32/><G32/><T84/><D53/><U135/><E135/><V109/><F109/><W16/><G5/><T6/><D66/><U134/><E134/><V61/><F61/><W51/><G51/><T57/><D123/><U37/><E33/><V93/><F4/><AGARI ba="0,0" hai="2,4,8,36,37,39,41,45,74,78,81" m="62583" machi="4" ten="30,12000,2" yaku="25,1,33,2,52,3" doraHai="71" who="1" fromWho="2" sc="298,0,227,120,215,-120,260,0" /><INIT seed="3,0,0,5,4,25" ten="298,347,95,260" oya="3" hai0="122,92,67,41,113,63,101,13,78,33,18,77,11" hai1="54,123,49,12,8,134,84,38,20,29,98,34,121" hai2="46,6,62,102,112,31,85,4,126,119,120,72,40" hai3="93,68,117,81,99,16,57,108,43,97,45,51,132"/><W95/><G117/><T69/><D122/><U65/><E38/><V35/><F119/><W80/><G68/><T53/><D113/><U76/><E134/><V55/><F112/><W47/><G132/><T37/><D33/><U131/><E131/><V1/><F120/><W19/><G108/><T75/><D75/><U114/><E114/><V118/><F118/><W64/><G64/><T44/><D101/><U66/><E34/><V32/><F102/><W21/><G57/><T27/><D92/><U83/><E98/><V116/><F35/><W115/><G115/><T125/><D125/><U60/><E60/><V14/><F126/><W36/><G36/><T26/><D26/><N who="1" m="16583" /><E123/><V10/><F116/><W74/><G74/><T130/><D130/><U5/><E121/><V96/><F96/><W2/><G2/><T15/><D27/><U28/><E28/><V42/><F85/><W70/><G70/><T82/><D82/><N who="3" m="31849" /><G47/><AGARI ba="0,0" hai="5,8,12,47,49,54,65,66,76,83,84" m="16583" machi="47" ten="30,2000,0" yaku="8,1,52,1" doraHai="25" who="1" fromWho="3" sc="298,0,347,20,95,0,260,-20" owari="298,10.0,367,46.0,95,-40.0,240,-16.0" /></mjloggm>