<mjloggm ver="2.3"><GO type="169" lobby="0"/><UN n0="%E3%82%A6%E3%83%AB%E3%83%88%E3%83%A9%E7%AB%8B%E7%9B%B4" n1="%74%61%74%73%75%37%30%32" n2="%E3%81%A6%E3%82%93%E3%81%BB%E3%81%A3%E3%81%BB%E3%81%86" n3="%61%6D%65%64%69%6F" dan="17,17,16,18" rate="2219.58,2262.98,2015.75,2250.71" sx="M,M,M,M"/><TAIKYOKU oya="0"/><INIT seed="0,0,0,0,4,59" ten="250,250,250,250" oya="0" hai0="86,41,98,56,29,115,130,127,54,68,84,39,38" hai1="37,76,6,20,65,73,55,40,22,126,97,61,116" hai2="121,52,10,105,72,124,135,88,79,34,45,58,53" hai3="122,15,32,82,51,60,63,87,12,42,18,64,113"/><T2/><D2/><U28/><E116/><V25/><F121/><W47/><G32/><T128/><D68/><U90/><E126/><V21/><F124/><W69/><G113/><T123/><D123/><U43/><E55/><V46/><F105/><W13/><G122/><T0/><D0/><U107/><E6/><V96/><F34/><W120/><G120/><T110/><D127/><U83/><E37/><V5/><F135/><W129/><G129/><N who="0" m="49771" /><D115/><U27/><E20/><V95/><F72/><W111/><G111/><T99/><D29/><U24/><E27/><V91/><F79/><W132/><G132/><T7/><D7/><U3/><E3/><V57/><F91/><W44/><G44/><N who="0" m="23607" /><D39/><U36/><E36/><V23/><F10/><W66/><G18/><T104/><D110/><U92/><REACH who="1" step="1"/><E107/><REACH who="1" ten="250,240,250,250" step="2"/><V33/><F5/><W81/><REACH who="3" step="1"/><G87/><REACH who="3" ten="250,240,250,240" step="2"/><N who="0" m="33323" /><D104/><U85/><E85/><V16/><F33/><W106/><G106/><T74/><D74/><U49/><E49/><AGARI ba="0,2" hai="49,54,56,98,99" m="33323,23607,49771" machi="49" ten="30,1500,0" yaku="19,1" doraHai="59" who="0" fromWho="1" sc="250,35,240,-15,250,0,240,0" /><INIT seed="0,1,0,5,4,20" ten="285,225,250,240" oya="0" hai0="67,76,35,29,15,56,42,108,98,22,43,62,111" hai1="92,72,93,14,134,66,95,130,10,4,121,119,13" hai2="55,28,1,107,57,133,129,83,85,73,54,110,47" hai3="34,12,19,126,9,69,21,70,0,79,80,102,115"/><T89/><D35/><U26/><E119/><V75/><F110/><N who="0" m="42026" /><D76/><U88/><E121/><V109/><F109/><W40/><G115/><T63/><D63/><U84/><E72/><V48/><F129/><W53/><G126/><T32/><D32/><U60/><E130/><V46/><F133/><W120/><G34/><T59/><D59/><U3/><E134/><V61/><F1/><W100/><G120/><T99/><D99/><U128/><E128/><V68/><F68/><W23/><G70/><T50/><D50/><U125/><E125/><V65/><F107/><W6/><G69/><T112/><D112/><U96/><E95/><V2/><F2/><W104/><G40/><T64/><D64/><U113/><E113/><V117/><F117/><W27/><G53/><T39/><D39/><U97/><E84/><V18/><F28/><W123/><G104/><T45/><D45/><U131/><E131/><V103/><F103/><W135/><G123/><T58/><D58/><U90/><E26/><V118/><F118/><W94/><G94/><N who="0" m="56655" /><D29/><U91/><E91/><V82/><F73/><W105/><G105/><T51/><D51/><U77/><E77/><V127/><F127/><W81/><G135/><T25/><D25/><U124/><E124/><V114/><F114/><W8/><G102/><T71/><D71/><AGARI ba="1,0" hai="3,4,10,13,14,60,66,71,88,90,92,93,96,97" machi="71" ten="30,3900,0" yaku="7,1,9,1,54,1" doraHai="20" who="1" fromWho="0" sc="285,-42,225,42,250,0,240,0" /><INIT seed="1,0,0,3,3,119" ten="243,267,250,240" oya="1" hai0="97,118,56,94,46,37,131,72,34,65,41,63,35" hai1="99,33,100,79,108,71,86,30,20,14,8,68,36" hai2="96,52,7,9,89,128,133,61,81,59,4,49,124" hai3="135,11,122,93,95,85,62,98,60,64,21,74,132"/><U2/><E36/><V47/><F128/><W91/><G74/><T39/><D118/><U26/><E108/><V40/><F124/><W5/><G21/><T117/><D117/><U129/><E129/><V120/><F120/><W16/><G122/><T51/><D72/><U105/><E79/><V17/><F133/><W69/><G62/><T29/><D131/><U121/><E121/><V116/><F116/><W42/><G42/><T25/><REACH who="0" step="1"/><D35/><REACH who="0" ten="233,267,250,240" step="2"/><U104/><E104/><V102/><F81/><W48/><G132/><T67/><D67/><U6/><REACH who="1" step="1"/><E86/><REACH who="1" ten="233,257,250,240" step="2"/><V53/><F96/><W126/><G85/><T13/><D13/><U125/><E125/><V87/><F87/><W54/><G126/><T75/><D75/><U80/><E80/><V15/><F15/><W130/><G135/><T110/><D110/><U10/><E10/><V19/><F9/><W113/><G130/><T123/><D123/><U18/><AGARI ba="0,2" hai="2,6,8,14,18,20,26,30,33,68,71,99,100,105" machi="18" ten="30,11700,0" yaku="1,1,0,1,24,2,53,0" doraHai="119" doraHaiUra="107" who="1" fromWho="1" sc="233,-39,257,137,250,-39,240,-39" /><INIT seed="1,1,0,0,4,121" ten="194,394,211,201" oya="1" hai0="131,24,12,42,22,58,25,78,44,88,65,10,107" hai1="46,33,118,14,129,31,77,30,73,11,38,109,126" hai2="61,17,72,119,13,111,132,40,56,71,124,106,70" hai3="87,67,83,39,3,94,97,47,50,69,27,1,53"/><U19/><E118/><V7/><F119/><W2/><G39/><T117/><D107/><U122/><E122/><V45/><F106/><W34/><G69/><T120/><D117/><U4/><E126/><V57/><F124/><W26/><G67/><T60/><D78/><U100/><E100/><V20/><F132/><W43/><G53/><T37/><D120/><U81/><E129/><V95/><F72/><W82/><G34/><T127/><D127/><U18/><E18/><V98/><F111/><W59/><G59/><T105/><D105/><U41/><E109/><V85/><F85/><W93/><G82/><T128/><D88/><U6/><E33/><V15/><F7/><W54/><G43/><T74/><D74/><U116/><E116/><V92/><F13/><W75/><G75/><T115/><D115/><U8/><E19/><V102/><F92/><W113/><G113/><T135/><D135/><U96/><E96/><V76/><F76/><W104/><G104/><T63/><D63/><U52/><E52/><V110/><F110/><W90/><REACH who="3" step="1"/><G94/><REACH who="3" ten="194,394,211,191" step="2"/><T101/><D131/><U103/><REACH who="1" step="1"/><E103/><AGARI ba="1,1" hai="1,2,3,26,27,47,50,54,83,87,90,93,97,103" machi="103" ten="40,2600,0" yaku="1,1,2,1,53,0" doraHai="121" doraHaiUra="55" who="3" fromWho="1" sc="194,0,394,-29,211,0,191,39" /><INIT seed="2,0,0,4,5,95" ten="194,365,211,230" oya="2" hai0="30,108,121,104,66,83,5,27,98,47,127,38,68" hai1="19,125,120,13,90,134,91,94,85,45,69,6,93" hai2="0,42,29,74,64,51,78,49,9,113,77,25,123" hai3="82,128,56,71,122,62,33,12,35,44,102,105,99"/><V2/><F113/><W26/><G122/><T114/><D83/><U8/><E120/><V111/><F123/><W53/><G128/><T119/><D5/><U75/><E125/><V36/><F64/><W112/><G112/><T76/><D76/><U48/><E134/><V1/><F111/><W63/><G82/><T115/><D121/><U7/><E75/><V67/><F67/><W57/><G71/><T80/><D80/><U116/><E69/><V14/><F36/><W101/><G12/><T11/><D11/><U17/><E17/><V97/><F74/><W124/><G44/><T31/><D31/><U96/><REACH who="1" step="1"/><E116/><REACH who="1" ten="194,355,211,230" step="2"/><V60/><F29/><W16/><G124/><T24/><D127/><U40/><AGARI ba="0,1" hai="6,7,8,13,19,40,45,48,85,90,91,93,94,96" machi="40" ten="20,12000,2" yaku="1,1,2,1,0,1,7,1,8,1,52,1,53,0" doraHai="95" doraHaiUra="23" who="1" fromWho="1" sc="194,-30,355,130,211,-60,230,-30" /><INIT seed="3,0,0,0,3,65" ten="164,485,151,200" oya="3" hai0="91,24,130,19,81,134,121,78,71,79,62,92,25" hai1="4,58,93,133,64,21,20,110,17,132,69,1,131" hai2="120,43,72,9,42,59,124,112,36,18,26,22,108" hai3="125,56,127,39,106,87,8,16,61,52,15,30,6"/><W13/><G39/><T119/><D119/><U50/><E110/><V54/><F108/><W27/><G106/><T80/><D121/><U35/><E131/><V7/><F120/><W102/><G102/><T114/><D130/><U95/><E35/><V74/><F112/><W70/><G87/><T5/><D5/><U101/><E21/><V105/><F124/><N who="3" m="47691" /><G70/><T23/><D134/><N who="1" m="51819" /><E69/><V104/><F104/><W55/><G15/><T77/><D25/><N who="1" m="14479" /><E101/><V107/><F107/><W115/><G6/><T75/><D75/><U40/><E64/><V98/><F98/><W14/><G14/><T57/><D71/><U29/><E29/><V3/><F105/><W129/><G129/><T38/><D38/><U97/><E97/><V96/><F96/><W49/><G115/><T123/><D114/><U32/><E32/><V90/><F36/><W84/><G84/><N who="0" m="52327" /><D123/><U111/><E111/><V63/><REACH who="2" step="1"/><F90/><REACH who="2" ten="164,485,141,200" step="2"/><W118/><G118/><T41/><D79/><U94/><E1/><V126/><F126/><W34/><G49/><T122/><D78/><U48/><E50/><V113/><F113/><W60/><G61/><T103/><D77/><U128/><E128/><V86/><F86/><W89/><G89/><T0/><D122/><U31/><E48/><V45/><F45/><W46/><G46/><T11/><D103/><U2/><E2/><V12/><F12/><W76/><G76/><T66/><D0/><U73/><E73/><AGARI ba="0,1" hai="3,7,9,18,22,26,42,43,54,59,63,72,73,74" machi="73" ten="40,2600,0" yaku="1,1,53,1" doraHai="65" doraHaiUra="51" who="2" fromWho="1" sc="164,0,485,-26,141,36,200,0" /><INIT seed="4,0,0,5,4,79" ten="164,459,177,200" oya="0" hai0="56,40,109,114,84,45,12,111,35,120,102,29,61" hai1="64,57,105,86,9,75,54,74,24,112,62,47,46" hai2="33,123,59,8,134,90,58,65,119,131,71,106,16" hai3="49,132,80,118,31,116,124,69,89,60,95,97,121"/><T19/><D120/><U122/><E122/><V1/><F123/><W125/><G31/><T117/><D117/><U26/><E105/><V14/><F119/><N who="3" m="45611" /><G49/><T72/><D72/><U41/><E112/><V77/><F131/><W2/><G2/><T6/><D6/><U115/><E115/><V53/><F134/><W13/><G13/><T25/><D102/><U7/><E75/><V104/><F33/><W30/><G30/><T108/><D84/><U73/><E74/><V110/><F110/><W48/><G48/><T128/><D128/><U127/><E73/><V34/><F34/><W126/><G121/><T27/><D114/><U50/><E127/><V0/><F71/><W88/><G132/><T82/><D27/><U55/><E55/><V133/><F133/><W113/><G113/><T99/><D99/><U10/><E10/><V81/><F65/><N who="3" m="41127" /><G89/><T68/><D68/><U78/><E64/><V96/><F90/><W21/><G21/><N who="0" m="11495" /><D56/><U38/><E47/><V51/><F59/><W17/><G17/><T76/><D61/><U67/><E38/><V18/><F18/><W93/><G97/><T129/><D129/><U92/><E67/><V28/><F28/><W44/><G44/><T39/><D76/><U20/><E20/><V101/><F0/><W11/><G11/><T94/><D94/><U103/><E92/><N who="2" m="58503" /><F1/><W36/><G36/><T107/><D107/><U22/><E22/><V4/><F4/><W87/><AGARI ba="0,0" hai="80,87,88,93,95,124,125,126" m="41127,45611" machi="87" ten="40,5200,0" yaku="18,1,52,1,54,1" doraHai="79" who="3" fromWho="3" sc="164,-26,459,-13,177,-13,200,52" /><INIT seed="5,0,0,4,4,9" ten="138,446,164,252" oya="1" hai0="59,96,3,65,125,30,91,85,20,78,100,0,43" hai1="23,110,81,112,68,69,36,102,45,37,13,39,24" hai2="117,4,109,1,83,92,130,21,118,111,72,34,134" hai3="70,41,7,38,101,120,105,62,127,8,12,48,128"/><U40/><E112/><V123/><F123/><W33/><G33/><T126/><D78/><U132/><E132/><V104/><F134/><W31/><G128/><T122/><D43/><U63/><E110/><N who="2" m="41995" /><F21/><W86/><G127/><N who="0" m="48651" /><D122/><U88/><E102/><V106/><F34/><W79/><G120/><T76/><D76/><U82/><E82/><V64/><F64/><W35/><G38/><T17/><D30/><U46/><E46/><V129/><F1/><W11/><G105/><N who="2" m="40553" /><F4/><W95/><G35/><T18/><D96/><U49/><E63/><V94/><F83/><W26/><G8/><T27/><D100/><U119/><E119/><N who="2" m="45579" /><F72/><W108/><G108/><T32/><D32/><U80/><E80/><V124/><F124/><W29/><G26/><T28/><D28/><U55/><E24/><V98/><F98/><N who="3" m="59615" /><G62/><N who="0" m="38111" /><D18/><U58/><E39/><V5/><F5/><W87/><G70/><T113/><D113/><U89/><E37/><V103/><F103/><W107/><G107/><T73/><D73/><U97/><E97/><V61/><F61/><W16/><G31/><T56/><D56/><U67/><E81/><AGARI ba="0,0" hai="0,3,17,20,27,81,85,91" m="38111,48651" machi="81" ten="30,1000,0" yaku="18,1" doraHai="9" who="0" fromWho="1" sc="138,10,446,-10,164,0,252,0" /><INIT seed="6,0,0,0,3,126" ten="148,436,164,252" oya="2" hai0="72,22,124,127,36,78,85,16,49,67,7,131,86" hai1="53,21,11,113,9,18,34,12,25,114,96,64,135" hai2="82,133,45,33,52,89,10,81,58,38,14,26,115" hai3="19,132,51,88,42,17,101,29,68,70,59,109,50"/><V134/><F115/><N who="1" m="44041" /><E135/><N who="2" m="51723" /><F89/><W91/><G101/><T79/><D36/><U43/><E43/><N who="2" m="22775" /><F33/><W95/><G132/><T87/><D7/><U5/><E64/><V65/><F26/><W66/><G109/><T1/><D1/><N who="1" m="175" /><E53/><V57/><F65/><W98/><G29/><T32/><D32/><U80/><E80/><N who="2" m="30827" /><F52/><W118/><G66/><T73/><D67/><U2/><E96/><V99/><F99/><W37/><G98/><T55/><D55/><U102/><E102/><V106/><F106/><W122/><G42/><T83/><D49/><U0/><E34/><V110/><F110/><W93/><G37/><T125/><D79/><U97/><E97/><V90/><F90/><W28/><G28/><AGARI ba="0,0" hai="0,2,11,12,18,21,25,28" m="175,44041" machi="28" ten="30,3900,0" yaku="15,1,34,2" doraHai="126" who="1" fromWho="3" sc="148,0,436,39,164,0,252,-39" /><INIT seed="7,0,0,2,3,64" ten="148,475,164,213" oya="3" hai0="133,13,65,92,4,35,3,43,86,19,61,129,99" hai1="25,77,88,6,108,42,70,49,132,116,38,89,20" hai2="52,15,100,124,76,59,81,101,110,26,90,71,27" hai3="131,82,62,127,119,126,104,87,33,125,0,111,18"/><W72/><G33/><T39/><D35/><U79/><E70/><V117/><F71/><W128/><G0/><T122/><D122/><U2/><E38/><V54/><F110/><W123/><G18/><T73/><D73/><U130/><E130/><N who="3" m="49706" /><G62/><T63/><D129/><U112/><E112/><V55/><F124/><W93/><G123/><T31/><D31/><U94/><E89/><V16/><F117/><W74/><G104/><T47/><D133/><U102/><E108/><V7/><F7/><W57/><G57/><T34/><D34/><U105/><E102/><N who="2" m="39531" /><F76/><N who="1" m="29257" /><E105/><V107/><F59/><W14/><G14/><T29/><D3/><U120/><E120/><V113/><F113/><W11/><G11/><T69/><D4/><U98/><E132/><V9/><F107/><W17/><G17/><T22/><D63/><U53/><E116/><V97/><F27/><W66/><G66/><T48/><D29/><U118/><E118/><V21/><F26/><W103/><G119/><T40/><D86/><U37/><E6/><V80/><F9/><W8/><G8/><T28/><D28/><N who="1" m="17447" /><E2/><V51/><F51/><W114/><G114/><T41/><D39/><U36/><E36/><V109/><F109/><W95/><G111/><T45/><REACH who="0" step="1"/><D48/><REACH who="0" ten="138,475,164,213" step="2"/><U10/><E37/><V60/><F60/><W106/><G72/><T96/><D96/><U50/><E50/><V85/><F97/><N who="3" m="61807" /><G74/><T68/><D68/><U5/><E10/><V24/><F24/><W83/><G87/><T67/><D67/><U135/><E135/><V121/><F121/><W75/><G126/><T23/><D23/><RYUUKYOKU ba="0,1" sc="138,15,475,-15,164,15,213,-15" hai0="13,19,22,40,41,43,45,47,61,65,69,92,99" hai2="15,16,21,52,54,55,80,81,85,90" owari="153,-35.0,470,57.0,179,-22.0,198,0.0" /></mjloggm>