<mjloggm ver="2.3"><GO type="97" lobby="0"/><UN n0="%6A%61%67%75%61%72%31%34" n1="%6A%75%6E%70%65%65" n2="%E5%B0%B1%E6%B4%BB%E7%94%9F%40%E5%B7%9D%E6%9D%91%E8%BB%8D%E5%9B%A3" n3="%6D%61%6E%5F%6B%6F" dan="13,14,14,15" rate="1916.28,1867.61,1967.42,1994.32" sx="M,M,M,M"/><TAIKYOKU oya="0"/><INIT seed="0,0,0,0,2,26" ten="250,250,250,250" oya="0" hai0="59,76,36,47,94,48,88,105,124,81,31,32,40" hai1="17,117,65,14,28,46,131,132,15,58,90,100,121" hai2="134,8,101,39,66,89,73,45,122,51,20,30,99" hai3="27,98,130,67,119,10,7,37,23,111,102,41,113"/><T85/><D124/><U135/><E121/><V79/><F122/><W92/><G113/><T12/><D105/><U55/><E117/><V56/><F134/><N who="1" m="51241" /><E131/><V104/><F39/><W97/><G119/><T35/><D12/><U107/><E90/><V112/><F112/><W128/><G111/><T24/><D36/><U61/><E107/><V9/><F89/><W129/><G67/><T62/><D35/><U115/><E100/><V19/><F79/><W22/><G97/><T96/><D59/><U109/><E109/><V87/><F87/><W64/><G64/><T60/><AGARI ba="0,0" hai="24,31,32,40,47,48,60,62,76,81,85,88,94,96" machi="60" ten="30,6000,0" yaku="0,1,52,1,54,1" doraHai="26" who="0" fromWho="0" sc="250,60,250,-20,250,-20,250,-20" /><INIT seed="0,1,0,1,3,59" ten="310,230,230,230" oya="0" hai0="105,102,131,5,117,123,63,2,93,130,22,116,10" hai1="134,36,122,115,68,126,101,84,43,77,82,30,27" hai2="78,86,9,87,4,50,79,54,96,45,48,112,103" hai3="83,94,15,88,71,127,81,24,13,46,3,8,34"/><T129/><D105/><U12/><E115/><V109/><F112/><W52/><G71/><T133/><D102/><U26/><E122/><V16/><F109/><W90/><G127/><T44/><D44/><U108/><E126/><V76/><F50/><N who="3" m="28759" /><G3/><T99/><D99/><U120/><E134/><V18/><F87/><N who="3" m="52511" /><G34/><T65/><D93/><U91/><E108/><V17/><F86/><N who="3" m="50511" /><G24/><T89/><D123/><U56/><E120/><V7/><REACH who="2" step="1"/><F9/><REACH who="2" ten="310,230,220,230" step="2"/><W104/><G8/><T106/><D133/><U121/><E36/><V66/><F66/><W33/><G33/><T38/><D117/><U37/><E37/><V35/><F35/><W23/><G104/><AGARI ba="1,1" hai="4,7,16,17,18,45,48,54,76,78,79,96,103,104" machi="104" ten="40,2600,0" yaku="1,1,54,1,53,0" doraHai="59" doraHaiUra="57" who="2" fromWho="3" sc="310,0,230,0,220,39,230,-29" /><INIT seed="1,0,0,1,3,95" ten="310,230,259,201" oya="1" hai0="64,123,69,94,56,113,105,133,130,59,85,79,14" hai1="87,20,78,5,0,86,71,114,117,122,81,67,90" hai2="101,106,52,80,58,11,115,51,31,12,100,129,93" hai3="47,45,92,29,53,89,121,131,1,22,75,46,60"/><U25/><E117/><V37/><F106/><W50/><G121/><T110/><D105/><U104/><E122/><V55/><F37/><W127/><G1/><T18/><D123/><U24/><E114/><V49/><F115/><W30/><G75/><T109/><D113/><U99/><E0/><V88/><F31/><W38/><G131/><T118/><D130/><U70/><E5/><N who="2" m="3183" /><F80/><W68/><G127/><T26/><D118/><U28/><E67/><V73/><F73/><W44/><G38/><T8/><D133/><U116/><E116/><V111/><F111/><N who="0" m="42506" /><D26/><U74/><E74/><V107/><F107/><W97/><REACH who="3" step="1"/><G22/><REACH who="3" ten="310,230,259,191" step="2"/><T3/><D3/><U40/><E40/><V4/><F129/><W134/><G134/><T135/><D135/><U112/><E112/><V66/><F66/><AGARI ba="0,1" hai="29,30,44,45,46,47,50,53,60,66,68,89,92,97" machi="66" ten="40,12000,2" yaku="1,1,52,1,53,4" doraHai="95" doraHaiUra="41" who="3" fromWho="2" sc="310,0,230,0,259,-120,191,130" /><INIT seed="2,0,0,4,5,86" ten="310,230,139,321" oya="2" hai0="11,20,13,62,69,47,42,58,75,109,15,33,12" hai1="102,17,93,36,23,21,9,82,24,34,55,28,83" hai2="89,107,127,110,95,117,53,22,10,128,121,114,73" hai3="19,2,126,88,60,80,37,32,74,5,6,100,132"/><V71/><RYUUKYOKU type="yao9" ba="0,0" sc="310,0,230,0,139,0,321,0" hai2="10,22,53,71,73,89,95,107,110,114,117,121,127,128" /><INIT seed="2,1,0,5,3,130" ten="310,230,139,321" oya="2" hai0="35,72,108,97,3,118,67,19,114,47,110,121,98" hai1="76,40,0,82,57,66,65,25,44,58,135,23,101" hai2="32,15,5,12,21,87,8,119,90,26,78,51,42" hai3="89,117,109,95,96,112,45,133,92,127,34,88,55"/><V59/><F119/><W79/><G117/><T56/><D118/><U91/><E0/><V31/><F78/><W80/><G34/><T102/><D121/><U103/><E91/><V7/><F32/><W60/><G127/><T29/><D3/><U77/><E82/><V71/><F71/><W113/><G109/><T85/><D72/><U63/><E40/><V61/><F51/><N who="3" m="29167" /><G133/><T107/><D114/><N who="3" m="44137" /><G60/><T46/><D98/><U37/><E135/><V24/><F42/><W22/><G22/><T100/><D100/><U54/><E44/><V52/><F26/><W9/><G9/><T131/><D131/><U124/><E124/><V132/><F132/><W73/><G95/><T93/><D19/><U41/><E41/><V2/><REACH who="2" step="1"/><F5/><REACH who="2" ten="310,230,129,321" step="2"/><W123/><G123/><T62/><D35/><U134/><E134/><V1/><F1/><W86/><G73/><T30/><D110/><U111/><E111/><V17/><F17/><W116/><G116/><T13/><D108/><U49/><E77/><AGARI ba="1,1" hai="77,79,80,86,88,89,92,96" m="44137,29167" machi="77" ten="30,2000,0" yaku="11,1,54,1" doraHai="130" who="3" fromWho="1" sc="310,0,230,-23,129,0,321,33" /><INIT seed="3,0,0,3,5,12" ten="310,207,129,354" oya="3" hai0="59,108,96,77,68,16,37,21,39,34,25,107,36" hai1="58,135,101,23,88,27,14,40,20,91,82,7,80" hai2="31,90,53,51,130,76,131,87,92,30,110,45,38" hai3="63,119,125,75,127,55,126,89,105,15,4,41,57"/><W46/><G119/><T93/><D68/><U129/><E129/><V112/><F112/><W99/><G75/><T5/><D108/><U66/><E135/><V32/><F38/><W17/><G4/><T78/><D107/><U8/><E40/><V0/><F0/><W47/><G41/><T98/><D34/><U120/><E120/><V50/><F110/><W6/><G6/><T22/><D5/><U97/><E23/><V62/><F62/><W42/><G42/><T33/><D33/><U106/><E82/><V2/><F2/><W29/><G29/><T28/><D59/><U69/><E80/><V10/><F76/><W109/><G109/><T84/><D84/><U19/><REACH who="1" step="1"/><E69/><REACH who="1" ten="310,197,129,354" step="2"/><V65/><F32/><W43/><G43/><T83/><D83/><U48/><E48/><V113/><F113/><W60/><G125/><T86/><D86/><U122/><E122/><V102/><F130/><W115/><G126/><T128/><D128/><U18/><E18/><V104/><F131/><W94/><G127/><T67/><D98/><U123/><E123/><V74/><F74/><W11/><G115/><T81/><D81/><U121/><E121/><V72/><F72/><W85/><G99/><T70/><D70/><U103/><E103/><V35/><F35/><W49/><G85/><T64/><D78/><U117/><E117/><V124/><F124/><W3/><G17/><T61/><D77/><U56/><E56/><V116/><F116/><W73/><G57/><T13/><REACH who="0" step="1"/><D61/><AGARI ba="0,1" hai="7,8,14,19,20,27,58,61,66,88,91,97,101,106" machi="61" ten="40,5200,0" yaku="1,1,52,1,54,1,53,0" doraHai="12" doraHaiUra="71" who="1" fromWho="0" sc="310,-52,197,62,129,0,354,0" owari="258,-14.0,259,6.0,129,-37.0,354,45.0" /></mjloggm>