<mjloggm ver="2.3"><GO type="97" lobby="0"/><UN n0="%E6%AF%98%E6%B2%99%E9%96%80%E5%A4%A9%E2%80%99" n1="%E8%90%BD%E6%B0%B4" n2="%E5%B0%B1%E6%B4%BB%E7%94%9F%40%E5%B7%9D%E6%9D%91%E8%BB%8D%E5%9B%A3" n3="%4F%53%43%37%37%37" dan="14,15,15,15" rate="1852.13,1988.19,1976.99,2046.25" sx="M,M,M,M"/><TAIKYOKU oya="0"/><INIT seed="0,0,0,5,5,46" ten="250,250,250,250" oya="0" hai0="77,126,91,52,35,85,61,96,66,110,133,81,16" hai1="32,48,121,54,56,5,93,123,130,26,21,15,86" hai2="28,131,14,128,106,53,134,68,135,120,69,78,12" hai3="74,107,62,51,71,29,39,65,111,3,0,45,88"/><T90/><D35/><U7/><E130/><N who="2" m="49707" /><F106/><W18/><G107/><T49/><D133/><N who="2" m="50698" /><F120/><W87/><G74/><T24/><D110/><U36/><E36/><V92/><F78/><W44/><G29/><T100/><D126/><U109/><E109/><V80/><F80/><W108/><G44/><N who="0" m="27687" /><D61/><U58/><E58/><V75/><F75/><W114/><G39/><T13/><D24/><U17/><E32/><V113/><F113/><W127/><G114/><T6/><D6/><N who="1" m="2059" /><E26/><V22/><F92/><W10/><G127/><T112/><D66/><U25/><E25/><N who="2" m="16439" /><F53/><N who="3" m="29935" /><G111/><T57/><D57/><U125/><E125/><V27/><F27/><W31/><G31/><T101/><D112/><U132/><E132/><V50/><F50/><W34/><G34/><T82/><D82/><U118/><E121/><V84/><F84/><W11/><G108/><T47/><D96/><U33/><E123/><V8/><F8/><W63/><G11/><N who="0" m="6207" /><D47/><U70/><E70/><AGARI ba="0,0" hai="12,14,68,69,70" m="16439,50698,49707" machi="70" ten="40,2600,0" yaku="19,1,20,1" doraHai="46" who="2" fromWho="1" sc="250,0,250,-26,250,26,250,0" /><INIT seed="1,0,0,4,1,129" ten="250,224,276,250" oya="1" hai0="125,104,79,107,82,33,66,8,128,45,43,4,58" hai1="0,16,110,72,113,119,130,99,22,36,108,131,46" hai2="26,81,89,1,126,115,42,114,97,98,69,109,35" hai3="106,121,30,59,49,48,7,127,84,29,39,63,15"/><U64/><E119/><V17/><F69/><W3/><G106/><T71/><D33/><U47/><E113/><N who="2" m="43019" /><F109/><N who="1" m="42089" /><E72/><V32/><F1/><W86/><G3/><T93/><D93/><U68/><E0/><V18/><F126/><W44/><G39/><T78/><D78/><U12/><E99/><N who="2" m="37899" /><F42/><W92/><G127/><T83/><D83/><U100/><E100/><V120/><F120/><W77/><G121/><T87/><D128/><N who="1" m="49195" /><E36/><V57/><F57/><W20/><G77/><T56/><D71/><U55/><E55/><V54/><F54/><W102/><G102/><T19/><D125/><U123/><E123/><V101/><F101/><W28/><G92/><T73/><D73/><U31/><E31/><N who="2" m="19575" /><F35/><W111/><G111/><T13/><D104/><U38/><E38/><V34/><F34/><W14/><G29/><T62/><D107/><U132/><E132/><V134/><F134/><W133/><G28/><T124/><D124/><U40/><E40/><V117/><F117/><W67/><G133/><T50/><REACH who="0" step="1"/><D58/><REACH who="0" ten="240,224,276,250" step="2"/><U96/><E96/><V61/><F81/><W74/><G59/><T103/><D103/><U51/><E51/><V122/><F122/><W6/><G74/><T27/><D27/><U80/><E80/><V112/><F112/><W21/><G48/><T85/><D85/><U24/><E24/><V9/><F61/><AGARI ba="0,1" hai="12,16,22,46,47,61,64,68" m="49195,42089" machi="61" ten="30,11600,0" yaku="14,1,10,1,19,1,54,1" doraHai="129" who="1" fromWho="2" sc="240,0,224,126,276,-116,250,0" /><INIT seed="1,1,0,5,1,53" ten="240,350,160,250" oya="1" hai0="135,86,98,116,37,105,46,95,89,20,67,121,80" hai1="92,64,85,73,120,119,17,11,54,60,56,125,12" hai2="123,107,87,1,62,4,129,100,81,77,114,25,28" hai3="9,58,130,71,18,111,76,29,102,31,15,13,21"/><U113/><E73/><V131/><F123/><W101/><G71/><T55/><D67/><U90/><E120/><V128/><F114/><W5/><G130/><T94/><D121/><U74/><E74/><V106/><F100/><W8/><G111/><T66/><D116/><U61/><E119/><V16/><F16/><N who="3" m="8231" /><G76/><T72/><D66/><U7/><E125/><V96/><F96/><W30/><G58/><T26/><D135/><U68/><REACH who="1" step="1"/><E113/><REACH who="1" ten="240,340,160,250" step="2"/><V82/><F82/><W39/><G39/><T97/><D72/><U32/><E32/><V38/><F38/><W70/><G70/><T57/><D37/><U126/><E126/><V104/><F4/><AGARI ba="1,1" hai="4,7,11,12,17,54,56,60,61,64,68,85,90,92" machi="4" ten="40,3900,0" yaku="1,1,52,1,53,0" doraHai="53" doraHaiUra="103" who="1" fromWho="2" sc="240,0,340,52,160,-42,250,0" /><INIT seed="1,2,0,2,0,30" ten="240,392,118,250" oya="1" hai0="115,42,48,98,119,96,86,53,67,122,13,121,9" hai1="79,128,12,40,70,34,50,93,16,49,106,134,129" hai2="31,17,85,20,99,15,55,101,107,64,108,109,23" hai3="44,21,104,110,59,125,27,75,35,43,76,82,94"/><U33/><E106/><V120/><F120/><N who="0" m="46186" /><D115/><U135/><E70/><V45/><F64/><W68/><G68/><T8/><D42/><U123/><E79/><V32/><F85/><W5/><G104/><T116/><D67/><U77/><E77/><V46/><F55/><W97/><G125/><T114/><D86/><U7/><E7/><V132/><F132/><N who="1" m="50729" /><E93/><V18/><F31/><W14/><G35/><N who="1" m="13322" /><E123/><V95/><F107/><W113/><G113/><T4/><D114/><U65/><E65/><V89/><F101/><W74/><G74/><T54/><D48/><N who="1" m="18539" /><E40/><V61/><F61/><W73/><G73/><T62/><D4/><U81/><E81/><V10/><F32/><W130/><G5/><T38/><D38/><U126/><E126/><V100/><F100/><W78/><G43/><T3/><D3/><U11/><AGARI ba="2,0" hai="11,12,16,128,129" m="18539,13322,50729" machi="11" ten="40,12000,1" yaku="20,1,52,3,54,1" doraHai="30" who="1" fromWho="1" sc="240,-42,392,126,118,-42,250,-42" /><INIT seed="1,3,0,3,3,118" ten="198,518,76,208" oya="1" hai0="52,123,125,26,30,14,67,114,92,117,50,44,82" hai1="43,71,58,73,108,81,40,49,1,38,116,84,22" hai2="97,101,69,105,62,65,13,70,113,63,4,94,72" hai3="132,34,48,126,21,12,17,16,87,0,57,23,106"/><U111/><E1/><V96/><F113/><W74/><G106/><T131/><D114/><U112/><E71/><V61/><F72/><W41/><G74/><T25/><D117/><U79/><E112/><V2/><F2/><W127/><G34/><T29/><D67/><U64/><E38/><V3/><F3/><W115/><G115/><T122/><D131/><U103/><E103/><V104/><F69/><W19/><G0/><T47/><D125/><N who="3" m="47625" /><G132/><T120/><D14/><U89/><E22/><N who="3" m="8202" /><G87/><T60/><D60/><N who="1" m="37911" /><E49/><V32/><F32/><W77/><G77/><T6/><D6/><U11/><E11/><V7/><F104/><W36/><G36/><T10/><D10/><U124/><E124/><V121/><F121/><N who="0" m="30978" /><T75/><DORA hai="128" /><D92/><N who="1" m="54311" /><E116/><V93/><F105/><W110/><G110/><AGARI ba="3,0" hai="40,43,73,79,81,108,110,111" m="54311,37911" machi="110" ten="30,2900,0" yaku="14,1,10,1" doraHai="118,128" who="1" fromWho="3" sc="198,0,518,38,76,0,208,-38" /><INIT seed="1,4,0,3,1,105" ten="198,556,76,170" oya="1" hai0="66,120,85,38,12,16,0,97,116,22,30,40,23" hai1="114,11,42,75,94,73,71,101,35,76,118,3,19" hai2="113,132,108,67,115,1,51,46,129,117,52,7,124" hai3="135,20,88,26,49,98,14,123,32,84,15,25,39"/><U125/><E71/><V133/><F1/><W72/><G72/><T110/><D0/><U81/><E118/><V34/><F34/><W44/><G123/><T36/><D116/><U60/><E35/><V127/><F7/><W109/><G109/><T69/><D120/><U99/><E114/><N who="2" m="43531" /><F117/><W29/><G39/><T96/><D110/><U59/><E42/><V24/><F24/><W58/><G58/><T131/><D131/><U6/><E19/><V8/><F8/><W91/><G135/><N who="2" m="51785" /><F108/><W112/><G112/><T45/><D38/><U79/><E125/><N who="2" m="48203" /><F67/><W9/><G9/><T89/><D66/><U78/><E75/><V103/><F103/><W33/><G33/><T107/><D69/><U56/><E56/><V77/><F77/><W17/><G91/><T53/><D107/><U62/><E62/><V27/><F27/><W104/><G104/><T83/><REACH who="0" step="1"/><D53/><AGARI ba="4,0" hai="3,6,11,53,59,60,73,76,78,79,81,94,99,101" machi="53" ten="30,2900,0" yaku="7,1,52,1" doraHai="105" who="1" fromWho="0" sc="198,-41,556,41,76,0,170,0" /><INIT seed="1,5,0,0,1,119" ten="157,597,76,170" oya="1" hai0="116,107,123,88,52,37,2,108,58,14,71,44,109" hai1="113,89,74,57,110,24,103,95,100,29,27,125,132" hai2="83,101,20,69,28,85,94,36,60,18,49,41,46" hai3="78,33,118,133,4,70,3,0,64,111,135,72,35"/><U82/><E113/><V17/><F69/><W76/><G118/><T92/><D107/><U31/><E125/><V68/><F68/><W87/><G72/><T50/><D116/><U96/><E132/><N who="3" m="50762" /><G111/><N who="0" m="42571" /><D2/><N who="3" m="553" /><G4/><T56/><D71/><U120/><E120/><V97/><F36/><W81/><G70/><T47/><D14/><U122/><E122/><V7/><F7/><W86/><G64/><T79/><D79/><N who="3" m="30249" /><G81/><T11/><D11/><U61/><E74/><V63/><F28/><W105/><G105/><T66/><D66/><U134/><E82/><V54/><F41/><W106/><G106/><T16/><D123/><U73/><E73/><V55/><F55/><W22/><G22/><T112/><D112/><U59/><E110/><V130/><F130/><W128/><G128/><T126/><D126/><U39/><E39/><V21/><F21/><W30/><G30/><N who="1" m="11274" /><E134/><V127/><F127/><W25/><G25/><N who="1" m="9802" /><E59/><V80/><F80/><W75/><G75/><T65/><D56/><U117/><E117/><V124/><F124/><W38/><G38/><T114/><D58/><U51/><E51/><V10/><F10/><W98/><G98/><T5/><D50/><U131/><E131/><V42/><F42/><W48/><G48/><T40/><D114/><U13/><E13/><V121/><F121/><W34/><AGARI ba="5,0" hai="33,34,35,86,87" m="30249,553,50762" machi="34" ten="40,5200,0" yaku="28,2,20,1" doraHai="119" who="3" fromWho="3" sc="157,-18,597,-31,76,-18,170,67" /><INIT seed="2,0,0,4,3,117" ten="139,566,58,237" oya="2" hai0="112,71,6,109,80,53,3,27,30,2,60,74,57" hai1="12,122,97,70,92,108,115,66,44,16,73,63,41" hai2="113,121,26,134,75,54,106,98,10,1,22,14,19" hai3="43,88,21,48,49,111,114,55,116,0,131,90,89"/><V126/><F75/><W32/><G116/><T36/><D112/><U72/><E115/><V50/><F113/><W45/><G32/><T79/><D36/><U86/><E122/><V11/><F126/><W38/><G0/><T68/><D109/><U105/><E86/><V69/><F69/><W76/><G114/><T93/><D93/><U33/><E105/><V47/><F134/><W99/><G76/><T42/><D42/><U83/><E83/><V52/><F121/><W46/><G131/><T103/><D103/><U35/><E108/><V91/><F1/><W129/><G129/><T130/><D130/><U95/><E95/><V94/><F106/><W85/><G99/><T59/><D59/><U135/><E135/><V7/><REACH who="2" step="1"/><F10/><REACH who="2" ten="139,566,48,237" step="2"/><W28/><G111/><T51/><D68/><U4/><E72/><V8/><F8/><W127/><G127/><T104/><D104/><U18/><E73/><V120/><F120/><W124/><G124/><T37/><D71/><U123/><E123/><V58/><F58/><W118/><G118/><T119/><D119/><U128/><E128/><V65/><F65/><W39/><G39/><T13/><D74/><U100/><E66/><V9/><F9/><W23/><G38/><T29/><D37/><U84/><E70/><V64/><F64/><W62/><G85/><T20/><D57/><U82/><E84/><V5/><F5/><W125/><G125/><T17/><D6/><U77/><E4/><V34/><F34/><W61/><G23/><T40/><D20/><U101/><E35/><V133/><F133/><W87/><G87/><RYUUKYOKU ba="0,1" sc="139,-15,566,-15,48,15,237,15" hai2="7,11,14,19,22,26,47,50,52,54,91,94,98" hai3="21,28,43,45,46,48,49,55,61,62,88,89,90" /><INIT seed="2,1,1,3,0,34" ten="124,551,63,252" oya="2" hai0="26,117,111,102,104,69,135,25,16,51,11,39,95" hai1="14,113,122,10,75,33,23,93,21,71,105,97,72" hai2="22,24,83,86,40,5,67,59,96,41,112,78,68" hai3="127,19,131,56,77,7,52,27,54,73,8,123,101"/><V48/><F112/><W100/><G123/><T134/><D39/><U98/><E71/><V90/><F68/><W119/><G119/><T84/><D117/><U50/><E33/><V57/><F5/><W116/><G116/><T42/><D69/><U45/><E113/><V31/><F67/><W43/><G43/><N who="2" m="16457" /><F48/><W64/><G64/><T108/><D104/><U87/><E50/><V115/><F115/><W61/><G131/><T118/><D118/><U133/><E45/><V120/><F120/><W32/><G32/><T130/><D130/><U62/><E75/><V110/><F110/><N who="0" m="42026" /><D84/><U46/><E72/><V53/><F53/><W74/><G74/><T55/><D42/><U0/><E46/><V125/><F125/><W81/><G127/><T60/><D60/><U47/><E47/><V4/><F4/><W30/><G54/><T80/><D80/><U20/><E62/><V91/><F96/><W132/><G73/><T94/><D94/><U63/><E97/><V109/><F109/><W99/><G99/><N who="0" m="59775" /><D26/><U38/><E98/><V6/><F6/><W29/><G27/><T13/><D25/><U128/><E38/><V79/><F79/><W107/><G77/><T126/><D126/><U88/><E63/><V49/><F49/><W2/><G107/><T121/><D121/><U106/><E122/><V28/><F28/><W82/><G29/><T17/><D17/><U103/><E128/><V66/><F66/><W3/><G30/><T36/><D36/><U124/><E124/><V129/><F129/><W37/><G37/><T85/><D85/><U35/><E35/><RYUUKYOKU ba="1,1" sc="124,15,551,-15,63,15,252,-15" hai0="11,13,16,51,55,134,135" hai2="22,24,31,57,59,78,83,86,90,91" /><INIT seed="2,2,1,0,2,43" ten="139,536,78,237" oya="2" hai0="96,2,17,82,35,48,11,127,19,72,78,21,110" hai1="106,1,102,135,88,107,83,116,25,97,55,80,49" hai2="22,104,37,50,8,105,44,70,20,28,121,122,58" hai3="61,89,126,26,36,56,30,54,53,65,75,111,16"/><V0/><F70/><W128/><G75/><T39/><D35/><U81/><E116/><V103/><F37/><W40/><G126/><T14/><D39/><U4/><E106/><V112/><F112/><W23/><G128/><T41/><D110/><U85/><E4/><V68/><F68/><W93/><G111/><T33/><D33/><U125/><E1/><V51/><F103/><W27/><G40/><T67/><D2/><U31/><E125/><V7/><F104/><W87/><G36/><T119/><D119/><U92/><E135/><V3/><F105/><W123/><G123/><T32/><D32/><AGARI ba="2,1" hai="16,23,26,27,30,32,53,54,56,61,65,87,89,93" machi="32" ten="30,2000,0" yaku="7,1,54,1" doraHai="43" who="3" fromWho="0" sc="139,-26,536,0,78,0,237,36" /><INIT seed="3,0,0,4,3,8" ten="113,536,78,273" oya="3" hai0="121,135,14,58,100,12,21,67,91,72,97,26,2" hai1="95,93,31,0,80,76,45,19,66,46,134,22,5" hai2="17,107,98,115,113,74,40,130,27,1,57,10,62" hai3="39,41,108,117,53,38,59,102,71,48,47,123,49"/><W112/><G117/><T75/><D2/><U118/><E118/><V111/><F74/><W36/><G112/><T56/><D121/><U6/><E134/><V88/><F130/><W82/><G123/><T68/><D135/><U85/><E66/><V42/><F111/><W114/><G114/><T128/><D128/><U124/><E31/><V9/><F115/><W52/><G102/><T15/><D91/><U51/><E0/><V23/><F113/><W106/><G106/><T127/><D127/><U133/><E133/><V86/><F107/><W28/><G28/><N who="0" m="17487" /><D58/><U77/><E77/><V64/><F98/><W55/><G82/><T132/><D68/><U81/><E81/><V43/><REACH who="2" step="1"/><F1/><REACH who="2" ten="113,536,68,273" step="2"/><W103/><G108/><T99/><D99/><U84/><E124/><V37/><F37/><N who="3" m="21935" /><G103/><T60/><D132/><U35/><E46/><V129/><F129/><W30/><G30/><T11/><D11/><U96/><E22/><V125/><F125/><W4/><G4/><T119/><D119/><U24/><E51/><N who="3" m="19530" /><G71/><T122/><D122/><U110/><E80/><AGARI ba="0,1" hai="9,10,17,23,27,40,42,43,57,62,64,80,86,88" machi="80" ten="40,5200,0" yaku="1,1,8,1,54,1,53,0" doraHai="8" doraHaiUra="29" who="2" fromWho="1" sc="113,0,536,-52,68,62,273,0" owari="113,-39.0,484,59.0,130,-27.0,273,7.0" /></mjloggm>