<mjloggm ver="2.3"><GO type="169" lobby="0"/><UN n0="%E3%81%BE%E3%83%BC%E3%81%95%EF%BC%A0%EF%BC%92%EF%BC%91" n1="%33%33%62%6C%61%63%6B" n2="%3A%44%75%63%61%3A" n3="%E3%82%A6%E3%83%AB%E3%83%88%E3%83%A9%E7%AB%8B%E7%9B%B4" dan="17,17,16,17" rate="2116.32,2175.72,2115.03,2158.91" sx="M,F,M,M"/><TAIKYOKU oya="0"/><INIT seed="0,0,0,1,0,32" ten="250,250,250,250" oya="0" hai0="128,134,56,118,42,27,119,97,4,123,92,37,33" hai1="34,5,57,124,117,90,38,2,60,88,10,54,125" hai2="98,49,80,89,55,14,115,100,71,114,59,102,135" hai3="64,36,21,104,15,31,129,83,23,66,50,107,8"/><T112/><D112/><U16/><E117/><V130/><F135/><W62/><G36/><T85/><D123/><U94/><E34/><V46/><F130/><W52/><G129/><T111/><D128/><U13/><E38/><V58/><F71/><W63/><G83/><T75/><D134/><U45/><E45/><V84/><F102/><W68/><G31/><T109/><D75/><U41/><E41/><V7/><F115/><W133/><G133/><T22/><D33/><U95/><E95/><N who="2" m="58463" /><F114/><W93/><G93/><T51/><D37/><U120/><E120/><V79/><F79/><W132/><G132/><T70/><D70/><U131/><E131/><V122/><F122/><W6/><G107/><T11/><D85/><U29/><E29/><V110/><F110/><N who="0" m="41994" /><D42/><U127/><E94/><V17/><F7/><W24/><G104/><T76/><D76/><U39/><E39/><V82/><F80/><W103/><G103/><N who="0" m="60839" /><D51/><U26/><E26/><V105/><F105/><W87/><G87/><T67/><D67/><U35/><E35/><V47/><F47/><W44/><REACH who="3" step="1"/><G24/><REACH who="3" ten="250,250,250,240" step="2"/><T0/><D56/><AGARI ba="0,1" hai="6,8,15,21,23,44,50,52,56,62,63,64,66,68" machi="56" ten="30,7700,0" yaku="1,1,2,1,7,1,54,1,53,0" doraHai="32" doraHaiUra="116" who="3" fromWho="0" sc="250,-77,250,0,250,0,240,87" /><INIT seed="1,0,0,3,4,49" ten="173,250,250,327" oya="1" hai0="94,130,129,102,24,108,18,25,107,9,109,48,96" hai1="11,31,104,60,81,64,1,50,5,122,118,43,82" hai2="80,4,99,41,16,119,127,22,12,63,106,62,92" hai3="73,116,88,70,131,46,20,76,79,128,97,113,7"/><U59/><E118/><V37/><F127/><W27/><G113/><T10/><D107/><U52/><E122/><V112/><F119/><W83/><G70/><T65/><D65/><U35/><E104/><V29/><F106/><W71/><G71/><T61/><D61/><U6/><E43/><V89/><F112/><W0/><G116/><T13/><D9/><U66/><E66/><V58/><F4/><W40/><G79/><T42/><D42/><U23/><E35/><V100/><F29/><W135/><G135/><T36/><D36/><U74/><E74/><V101/><F63/><W133/><G133/><T67/><D67/><U8/><E23/><V78/><F41/><W114/><G114/><T124/><D48/><U45/><REACH who="1" step="1"/><E31/><REACH who="1" ten="173,240,250,327" step="2"/><V105/><F105/><W87/><G73/><T21/><D124/><U55/><E55/><N who="2" m="34143" /><F37/><W95/><G40/><T15/><D129/><U123/><E123/><V120/><F120/><W90/><G128/><T117/><D130/><U30/><E30/><V103/><F78/><W134/><G131/><T98/><D117/><U111/><E111/><V85/><AGARI ba="0,1" hai="12,16,22,80,85,89,92,99,100,101,103" m="34143" machi="85" ten="30,4000,0" yaku="8,1,52,1,54,1" doraHai="49" who="2" fromWho="2" sc="173,-10,240,-20,250,50,327,-10" /><INIT seed="2,0,0,4,4,43" ten="163,220,300,317" oya="2" hai0="134,48,17,50,14,89,33,135,87,115,93,55,74" hai1="68,126,19,75,65,57,99,80,107,40,27,133,41" hai2="31,77,106,124,72,120,32,69,3,67,62,23,85" hai3="59,46,7,47,131,86,21,76,42,34,102,88,9"/><V122/><F124/><W98/><G34/><T0/><D115/><U1/><E68/><V109/><F109/><W78/><G131/><T127/><D127/><U37/><E1/><V12/><F106/><W73/><G73/><T24/><D0/><U5/><E5/><V52/><F3/><W113/><G113/><T35/><D74/><U10/><E133/><N who="0" m="50697" /><D24/><U64/><E64/><V11/><F32/><N who="0" m="12362" /><D55/><U116/><E116/><V117/><F117/><W53/><G42/><T118/><D118/><U26/><E41/><V66/><F66/><W13/><G21/><AGARI ba="0,0" hai="14,17,21,48,50,87,89,93" m="12362,50697" machi="21" ten="30,1000,0" yaku="20,1" doraHai="43" who="0" fromWho="3" sc="163,10,220,0,300,0,317,-10" /><INIT seed="3,0,0,1,4,113" ten="173,220,300,307" oya="3" hai0="57,103,30,96,114,7,56,19,0,125,35,84,116" hai1="24,1,8,112,63,102,108,100,129,25,41,122,59" hai2="31,98,121,6,44,79,130,110,3,33,119,72,11" hai3="10,87,62,80,38,75,92,126,60,18,64,50,45"/><W32/><G32/><T58/><D114/><U66/><E112/><V70/><F110/><W77/><G38/><T76/><D125/><U52/><E122/><V134/><F121/><W135/><G126/><T117/><D19/><U20/><E108/><V43/><F70/><W16/><G135/><T91/><D76/><U94/><E129/><V40/><F134/><W15/><G64/><T95/><D7/><U97/><E41/><V131/><F98/><W124/><G124/><T120/><D0/><U2/><E100/><V90/><F90/><W99/><G75/><T83/><REACH who="0" step="1"/><D120/><REACH who="0" ten="163,220,300,307" step="2"/><U74/><E2/><V68/><F6/><W21/><G18/><T93/><D93/><U49/><E1/><V82/><F3/><W109/><G109/><T127/><D127/><U42/><E74/><V133/><F72/><W28/><G28/><T34/><D34/><U85/><E8/><V101/><F79/><W46/><G10/><T88/><D88/><U65/><E20/><V27/><F11/><W104/><G104/><T22/><D22/><U12/><E94/><V78/><F33/><W4/><G4/><T73/><D73/><U111/><E111/><V89/><F89/><W107/><G107/><T106/><D106/><U51/><E102/><V14/><F78/><W132/><G132/><T9/><D9/><U26/><E26/><AGARI ba="0,1" hai="26,30,35,56,57,58,83,84,91,95,96,103,116,117" machi="26" ten="40,5200,0" yaku="1,1,52,2,53,0" doraHai="113" doraHaiUra="36" who="0" fromWho="1" sc="163,62,220,-52,300,0,307,0" /><INIT seed="4,0,0,5,1,105" ten="225,168,300,307" oya="0" hai0="115,60,38,63,41,103,129,36,22,6,7,37,83" hai1="12,39,16,10,117,86,99,114,13,78,90,101,48" hai2="19,130,132,53,80,50,29,54,95,23,94,104,77" hai3="102,45,70,56,75,118,85,8,57,28,30,119,2"/><T40/><D115/><U109/><E39/><V116/><F104/><W128/><G102/><T35/><D35/><U76/><E117/><V120/><F120/><W34/><G85/><T122/><D122/><U59/><E109/><V135/><F29/><W3/><G45/><T5/><D103/><U32/><E32/><V89/><F130/><W44/><G44/><T124/><D124/><U61/><E48/><V17/><F116/><W33/><G8/><T125/><D125/><U1/><E1/><V93/><F89/><W110/><G70/><T67/><D129/><U123/><E114/><V134/><F50/><W46/><G46/><T4/><N who="0" m="1024" /><DORA hai="0" /><T31/><D83/><N who="1" m="49503" /><E12/><N who="2" m="9703" /><F17/><W133/><G110/><T126/><D126/><U51/><E51/><V21/><F21/><W25/><G128/><T24/><REACH who="0" step="1"/><D63/><REACH who="0" ten="215,168,300,307" step="2"/><U131/><E123/><V73/><AGARI ba="0,1" hai="53,54,73,77,80,93,94,95,132,134,135" m="9703" machi="73" ten="40,2700,0" yaku="20,1,52,1" doraHai="105,0" who="2" fromWho="2" sc="215,-13,168,-7,300,37,307,-7" /><INIT seed="5,0,0,2,5,82" ten="202,161,337,300" oya="1" hai0="107,18,77,1,25,20,56,19,111,118,68,40,79" hai1="97,17,105,41,114,42,103,62,122,4,86,49,43" hai2="55,119,57,22,45,123,48,2,127,16,78,50,39" hai3="130,13,44,131,14,63,80,73,28,121,101,15,71"/><U135/><E122/><V74/><F119/><W85/><G121/><T3/><D111/><U10/><E114/><V108/><F108/><W90/><G28/><T132/><D68/><U54/><E135/><V12/><F123/><W7/><G101/><T88/><D118/><U5/><E62/><V29/><F127/><W81/><G44/><T8/><D107/><U70/><E70/><V129/><F129/><N who="3" m="49163" /><G7/><T59/><D132/><U120/><E120/><V53/><F2/><W84/><G73/><T61/><D40/><U112/><E112/><V51/><F39/><W69/><G63/><T95/><D1/><U33/><E33/><V115/><F115/><W36/><G36/><T96/><D59/><U128/><E128/><V100/><F100/><W93/><G93/><T126/><D126/><U134/><E134/><V106/><F106/><W75/><G75/><T102/><D102/><U6/><E86/><V99/><F99/><W65/><G65/><T21/><D8/><U11/><REACH who="1" step="1"/><E17/><REACH who="1" ten="202,151,337,300" step="2"/><V76/><F74/><W27/><G71/><T34/><D34/><U117/><E117/><V89/><F29/><W9/><G69/><T46/><D3/><U0/><E0/><V30/><F30/><W91/><G85/><T94/><D61/><U64/><E64/><V92/><F50/><W72/><G84/><T83/><D18/><U60/><E60/><V104/><F48/><W113/><G113/><T24/><D19/><U110/><E110/><V109/><F109/><W32/><G72/><T125/><D125/><U58/><AGARI ba="0,1" hai="4,5,6,10,11,41,42,43,49,54,58,97,103,105" machi="58" ten="30,3000,0" yaku="1,1,0,1,53,0" doraHai="82" doraHaiUra="23" who="1" fromWho="1" sc="202,-10,151,40,337,-10,300,-10" /><INIT seed="5,1,0,0,1,4" ten="192,191,327,290" oya="1" hai0="2,24,72,11,108,9,5,65,62,8,103,7,45" hai1="77,20,49,34,59,69,96,134,112,109,1,16,122" hai2="104,131,57,93,42,123,75,30,19,121,51,89,36" hai3="118,81,70,128,116,117,46,28,18,92,27,102,50"/><U110/><E122/><V119/><F104/><W33/><G70/><T13/><D108/><N who="1" m="41579" /><E69/><V79/><F119/><W90/><G128/><T23/><D72/><U67/><E34/><V88/><F30/><W91/><G81/><T94/><D45/><U47/><E112/><V37/><F131/><W41/><G18/><T105/><D105/><U52/><E134/><V38/><F89/><W115/><G115/><T87/><D2/><U101/><E77/><V48/><F48/><W40/><G40/><T125/><D125/><U127/><E1/><V60/><F19/><W26/><G26/><T99/><D5/><U55/><E67/><V80/><F51/><W71/><G71/><T31/><D87/><U95/><E127/><V29/><F29/><W63/><G63/><T113/><D113/><U82/><E82/><V124/><F42/><W126/><G126/><T10/><D62/><N who="1" m="36199" /><E20/><V15/><F124/><W129/><G129/><T100/><D65/><U35/><E35/><V83/><F83/><W84/><G84/><T44/><D44/><U17/><AGARI ba="1,0" hai="16,17,47,49,55,95,96,101" m="36199,41579" machi="17" ten="30,6000,0" yaku="10,1,54,2" doraHai="4" who="1" fromWho="1" sc="192,-21,191,63,327,-21,290,-21" /><INIT seed="5,2,0,2,1,39" ten="171,254,306,269" oya="1" hai0="76,14,13,52,105,66,115,122,21,54,108,97,41" hai1="63,33,72,117,50,56,61,89,86,44,1,20,129" hai2="3,82,24,101,53,11,113,85,55,36,119,62,125" hai3="10,123,127,7,104,68,15,96,120,79,65,8,99"/><U30/><E33/><V70/><F119/><W48/><G127/><T111/><D115/><U124/><E72/><V88/><F36/><W28/><G68/><T73/><D122/><U71/><E1/><V31/><F125/><W131/><G131/><T78/><D66/><U114/><E117/><V4/><F113/><W46/><G65/><T128/><D128/><U40/><E114/><V12/><F101/><W84/><G28/><T80/><D78/><U98/><E124/><V92/><F70/><W51/><G104/><T45/><D105/><U132/><E71/><V103/><F3/><W64/><G64/><T74/><D97/><U26/><E132/><V100/><F62/><W121/><G48/><T25/><D74/><U83/><E129/><V22/><REACH who="2" step="1"/><F103/><REACH who="2" ten="171,254,296,269" step="2"/><W23/><G121/><T67/><D111/><U43/><E61/><V42/><F42/><W91/><G123/><T47/><D108/><U38/><E38/><V34/><F34/><W110/><G110/><T69/><D69/><U49/><E49/><V95/><F95/><W58/><G51/><T77/><D41/><N who="1" m="24847" /><E98/><AGARI ba="2,1" hai="4,11,12,22,24,31,53,55,82,85,88,92,98,100" machi="98" ten="40,5200,0" yaku="1,1,8,1,54,1,53,0" doraHai="39" doraHaiUra="29" who="2" fromWho="1" sc="171,0,254,-58,296,68,269,0" /><INIT seed="6,0,0,0,0,49" ten="171,196,364,269" oya="2" hai0="65,68,102,117,115,27,101,80,84,48,75,61,96" hai1="95,7,33,9,1,97,31,12,21,14,82,53,111" hai2="25,116,125,70,6,40,62,63,126,24,73,23,110" hai3="28,17,100,78,105,89,135,19,94,64,132,54,67"/><V113/><F113/><W109/><G109/><T30/><D115/><U47/><E111/><V103/><F110/><W38/><G38/><T50/><D75/><U120/><E120/><V43/><F73/><W118/><G118/><T32/><D117/><U44/><E33/><V83/><F83/><W2/><G2/><T79/><REACH who="0" step="1"/><D102/><REACH who="0" ten="161,196,364,269" step="2"/><U15/><E82/><V35/><F103/><W10/><G100/><T85/><D85/><U92/><E92/><AGARI ba="0,1" hai="27,30,32,48,50,61,65,68,79,80,84,92,96,101" machi="92" ten="30,3900,0" yaku="1,1,7,1,53,1" doraHai="49" doraHaiUra="29" who="0" fromWho="1" sc="161,49,196,-39,364,0,269,0" /><INIT seed="7,0,0,0,3,13" ten="210,157,364,269" oya="3" hai0="11,105,67,88,113,102,134,129,101,121,124,125,71" hai1="93,133,104,109,38,39,63,85,36,48,115,72,47" hai2="59,65,74,106,28,25,51,42,66,120,86,17,21" hai3="8,98,52,92,56,123,99,35,19,22,1,126,87"/><W96/><G35/><T90/><D121/><U55/><E72/><V73/><F106/><W41/><G126/><N who="0" m="48747" /><D134/><U57/><E104/><V127/><F127/><W75/><G75/><T130/><D113/><U10/><E109/><V40/><F73/><W29/><G41/><N who="2" m="15977" /><F74/><W112/><G112/><T15/><D67/><U128/><E115/><V69/><F69/><W64/><G64/><T80/><D71/><U62/><E133/><V95/><F28/><W32/><G32/><T116/><D116/><U89/><E128/><N who="0" m="49257" /><D105/><U4/><REACH who="1" step="1"/><E47/><REACH who="1" ten="210,147,364,269" step="2"/><V58/><F120/><W2/><G123/><T20/><D20/><U108/><E108/><V26/><F59/><W122/><G56/><T107/><D107/><U34/><E34/><V111/><F111/><W94/><G22/><T16/><D90/><U119/><E119/><V60/><F58/><W37/><G122/><T5/><D5/><U23/><E23/><V46/><F21/><W77/><G77/><T118/><D118/><U83/><E83/><V24/><F95/><W131/><G94/><T33/><D33/><U91/><E91/><V49/><F46/><W114/><G92/><T132/><D132/><U30/><E30/><V76/><F76/><W54/><G29/><T100/><D88/><U45/><E45/><V27/><F60/><W103/><G114/><T70/><D70/><U3/><AGARI ba="0,1" hai="3,4,10,36,38,39,48,55,57,62,63,85,89,93" machi="3" ten="30,4000,0" yaku="1,1,0,1,53,1" doraHai="13" doraHaiUra="0" who="1" fromWho="1" sc="210,-10,147,50,364,-10,269,-20" owari="200,-20.0,197,-30.0,354,45.0,249,5.0" /></mjloggm>