<mjloggm ver="2.3"><GO type="169" lobby="0"/><UN n0="%6E%61%72%75%72%75%72%75" n1="%E5%A4%A9%E9%BC%93" n2="%E3%83%88%E3%83%88%E3%83%AA%E5%85%88%E7%94%9F%31%39%E6%AD%B3" n3="%E3%82%AA%E3%82%AB%E3%83%AB%E3%83%88%E4%B8%80%E8%89%B2" dan="16,18,18,16" rate="2132.53,2254.72,2247.32,2063.74" sx="M,M,F,M"/><TAIKYOKU oya="0"/><INIT seed="0,0,0,2,1,107" ten="250,250,250,250" oya="0" hai0="86,97,10,62,93,126,59,72,20,7,94,28,69" hai1="42,77,103,129,133,75,124,80,131,116,67,135,95" hai2="87,70,32,12,3,45,118,29,102,27,104,34,74" hai3="46,65,112,47,1,53,44,123,19,50,41,73,31"/><T52/><D126/><U117/><E124/><V121/><F74/><W82/><G112/><T37/><D37/><U108/><E108/><V25/><F3/><W132/><G132/><N who="1" m="50762" /><E67/><V130/><F70/><W23/><G123/><T54/><D69/><U43/><E43/><V9/><F121/><W6/><G31/><T21/><D72/><U15/><E15/><V81/><F130/><N who="1" m="49673" /><E42/><V17/><F118/><N who="1" m="45673" /><E95/><V114/><F12/><W100/><G65/><T99/><D54/><U76/><E76/><V22/><F104/><W111/><G111/><T38/><D38/><U98/><E103/><V92/><F102/><W13/><G100/><N who="0" m="60463" /><D86/><U134/><N who="1" m="50770" /><U96/><AGARI ba="0,0" hai="75,77,80,96,98" m="45673,49673,50770" machi="96" ten="50,12000,2" yaku="4,1,20,1,19,1,34,2,52,1" doraHai="107" who="1" fromWho="1" sc="250,-60,250,120,250,-30,250,-30" /><INIT seed="1,0,0,1,1,89" ten="190,370,220,220" oya="1" hai0="45,12,111,122,63,58,90,105,48,18,134,76,117" hai1="71,69,112,100,3,109,99,119,83,74,93,102,72" hai2="64,52,75,103,118,0,49,84,81,133,131,32,62" hai3="19,11,79,29,35,128,80,66,27,70,36,57,98"/><U44/><E119/><V41/><F118/><W1/><G128/><T60/><D117/><U14/><E3/><V22/><F0/><W5/><G36/><T115/><D115/><U113/><E14/><V135/><F32/><W21/><G70/><T78/><D122/><U87/><E44/><V126/><F75/><N who="1" m="28713" /><E71/><V97/><F41/><W13/><G98/><T132/><D105/><U43/><E43/><V24/><F131/><W116/><G116/><T15/><D111/><U54/><E54/><V26/><F126/><W47/><G47/><T9/><D63/><U55/><E55/><V95/><F84/><W30/><G30/><T33/><D33/><U65/><E65/><V123/><F81/><W104/><G104/><T77/><D15/><U8/><E8/><V101/><F101/><N who="1" m="39017" /><E69/><V31/><F26/><W67/><G57/><T38/><D38/><U50/><E50/><V124/><F124/><W92/><G67/><T23/><D60/><U91/><E109/><V114/><F114/><W42/><G42/><T68/><D58/><U7/><E7/><V120/><F120/><W86/><G66/><T10/><D68/><U56/><E56/><N who="2" m="36935" /><F123/><W16/><G19/><T88/><D48/><U53/><E53/><V110/><F110/><W106/><G106/><T20/><D45/><AGARI ba="0,0" hai="22,24,31,45,49,52,95,97,103,133,135" m="36935" machi="45" ten="30,3900,0" yaku="25,1,52,1,54,1" doraHai="89" who="2" fromWho="0" sc="190,-39,370,0,220,39,220,0" /><INIT seed="2,0,0,3,5,91" ten="151,370,259,220" oya="2" hai0="112,49,10,8,95,47,102,81,55,25,88,110,114" hai1="32,122,124,18,104,27,60,131,53,0,51,23,127" hai2="12,96,16,54,65,66,68,108,11,46,106,33,56" hai3="125,14,21,44,39,17,64,4,134,63,57,109,89"/><V107/><F33/><W7/><G109/><T6/><D110/><U98/><E0/><V61/><F108/><W70/><G125/><T58/><D102/><U120/><E60/><V76/><F76/><W83/><G134/><T87/><D25/><U101/><E32/><V103/><F107/><W117/><G117/><T69/><D69/><U92/><E131/><V113/><F113/><W67/><G67/><T38/><D38/><U26/><E27/><V121/><F121/><N who="1" m="46697" /><E104/><V50/><REACH who="2" step="1"/><F68/><REACH who="2" ten="151,370,249,220" step="2"/><W41/><G70/><T30/><D30/><U132/><E132/><V123/><F123/><W129/><G129/><T15/><D81/><U2/><E2/><V22/><F22/><W59/><G21/><T5/><REACH who="0" step="1"/><D47/><AGARI ba="0,1" hai="18,23,26,47,51,53,92,98,101,124,127" m="46697" machi="47" ten="30,2000,0" yaku="13,1,52,1" doraHai="91" who="1" fromWho="0" sc="151,-20,370,30,249,0,220,0" /><INIT seed="3,0,0,4,4,78" ten="131,400,249,220" oya="3" hai0="90,44,28,125,42,134,112,33,56,129,104,85,115" hai1="35,18,53,43,93,133,100,80,124,95,16,75,94" hai2="111,3,91,103,31,62,64,30,47,72,46,5,70" hai3="82,51,40,10,83,32,73,110,117,118,0,38,76"/><W126/><G32/><T14/><D104/><U132/><E124/><V77/><F111/><W63/><G126/><T48/><D125/><U71/><E100/><V102/><F3/><W88/><G110/><T50/><D134/><N who="1" m="51819" /><E71/><V65/><F77/><W128/><G63/><T52/><D129/><U23/><E35/><V61/><F5/><N who="3" m="1319" /><G51/><T101/><D101/><U119/><E43/><V135/><F135/><W59/><G59/><T68/><D68/><U114/><E114/><V92/><F70/><W109/><G128/><T6/><D6/><U69/><E119/><V13/><F92/><W1/><G1/><T21/><D33/><U26/><E53/><V17/><F13/><W22/><G22/><T20/><D21/><N who="1" m="13607" /><E69/><V24/><F17/><W60/><G60/><T66/><D66/><U122/><E122/><V34/><F34/><W2/><G2/><T7/><D7/><U89/><E75/><V81/><F24/><W86/><G109/><T36/><D36/><U41/><E41/><V39/><F72/><W121/><G121/><T113/><D28/><U107/><E107/><V96/><F39/><W49/><G49/><T12/><REACH who="0" step="1"/><D20/><REACH who="0" ten="121,400,249,220" step="2"/><U37/><E37/><V87/><F65/><W8/><G8/><T116/><D116/><U27/><E27/><V127/><F64/><W11/><G11/><T130/><D130/><U25/><E25/><V54/><F127/><W45/><AGARI ba="0,1" hai="38,40,45,73,76,82,83,86,88,117,118" m="1319" machi="45" ten="30,11700,0" yaku="25,1,52,2,54,1" doraHai="78" who="3" fromWho="3" sc="121,-39,400,-39,249,-39,220,127" /><INIT seed="3,1,0,1,2,67" ten="82,361,210,347" oya="3" hai0="75,87,118,46,8,43,81,1,31,5,78,88,135" hai1="122,101,16,52,124,93,14,41,54,57,134,96,48" hai2="17,3,106,19,102,12,123,39,26,105,114,120,66" hai3="45,9,132,53,98,13,97,125,131,60,108,84,71"/><W38/><G125/><T55/><D135/><U107/><E122/><N who="2" m="46635" /><F114/><W99/><G132/><T126/><D126/><U30/><E134/><V89/><F3/><W133/><G133/><T49/><D31/><U104/><E124/><V74/><F39/><W110/><G131/><T22/><D22/><U35/><E41/><V94/><F74/><W25/><G25/><T73/><D118/><U72/><E72/><V4/><F102/><W11/><G84/><T113/><D113/><U61/><E30/><V7/><F66/><W103/><G103/><T33/><D33/><U51/><E35/><V6/><F26/><W68/><G11/><T111/><D111/><N who="3" m="42537" /><G60/><T27/><D27/><U63/><E104/><N who="2" m="40043" /><F12/><W18/><G53/><T80/><D55/><U20/><E107/><V117/><F117/><W56/><G56/><AGARI ba="1,0" hai="14,16,20,48,51,52,54,56,57,61,63,93,96,101" machi="56" ten="30,8000,1" yaku="7,1,9,1,8,1,54,2" doraHai="67" who="1" fromWho="3" sc="82,0,361,83,210,0,347,-83" /><INIT seed="4,0,0,0,2,116" ten="82,444,210,264" oya="0" hai0="63,130,92,60,127,59,49,13,7,74,56,72,26" hai1="109,114,3,35,76,104,81,46,44,9,101,33,23" hai2="58,126,103,105,107,93,90,68,28,6,12,39,24" hai3="43,52,111,27,19,75,69,100,133,18,83,119,14"/><T21/><D130/><U45/><E109/><V70/><F39/><W34/><G111/><T2/><D2/><U122/><E122/><V51/><F126/><W118/><G69/><T115/><D127/><U132/><E23/><V61/><F51/><W4/><G43/><T88/><D115/><U11/><E101/><V79/><F79/><W29/><G100/><T124/><D124/><U66/><E104/><V73/><F73/><W117/><G133/><T86/><D74/><U77/><E66/><V125/><F125/><W67/><G67/><T113/><D72/><U87/><E3/><V91/><F91/><W128/><G128/><T112/><D113/><U40/><E40/><V85/><F12/><W16/><G4/><T131/><D131/><U80/><E132/><V20/><F6/><W55/><REACH who="3" step="1"/><G14/><REACH who="3" ten="82,444,210,254" step="2"/><T31/><D112/><U47/><E114/><V97/><F105/><W102/><G102/><T41/><D7/><U38/><E38/><V71/><F71/><W42/><G42/><T123/><D13/><U98/><E47/><V78/><F78/><AGARI ba="0,1" hai="16,18,19,27,29,34,52,55,75,78,83,117,118,119" machi="78" ten="50,6400,0" yaku="1,1,54,2,53,0" doraHai="116" doraHaiUra="32" who="3" fromWho="2" sc="82,0,444,0,210,-64,254,74" /><INIT seed="5,0,0,1,4,56" ten="82,444,146,328" oya="1" hai0="39,77,90,69,75,43,107,10,76,13,118,42,100" hai1="22,132,8,80,67,103,51,0,32,71,60,93,117" hai2="126,52,7,99,110,31,108,59,113,57,104,102,94" hai3="116,62,64,115,130,120,114,95,23,49,111,123,26"/><U121/><E32/><V61/><F126/><W82/><G130/><T79/><D118/><U29/><E117/><V4/><F113/><N who="3" m="43019" /><G111/><T24/><D75/><U6/><E121/><V86/><F31/><N who="3" m="17887" /><G116/><T30/><D39/><U134/><E80/><V15/><F108/><W87/><G49/><T1/><D1/><U44/><E93/><V96/><F110/><W50/><G50/><T47/><D47/><U35/><E103/><V88/><F15/><W125/><G95/><T85/><D69/><U21/><E35/><V122/><F122/><W89/><G125/><T41/><D100/><U131/><E131/><V105/><F105/><W20/><G20/><T92/><D107/><U58/><E71/><AGARI ba="0,0" hai="62,64,71,82,87,89,120,123" m="17887,43019" machi="71" ten="30,2000,0" yaku="15,1,52,1" doraHai="56" who="3" fromWho="1" sc="82,0,444,-20,146,0,328,20" /><INIT seed="6,0,0,3,0,72" ten="82,424,146,348" oya="2" hai0="80,73,120,65,33,75,32,118,84,59,51,74,29" hai1="61,102,86,48,62,94,67,88,87,37,27,60,54" hai2="129,130,104,24,44,56,69,35,70,6,20,71,10" hai3="12,99,46,126,23,45,128,108,3,14,19,50,28"/><V18/><F104/><W57/><G3/><T112/><D120/><U21/><E37/><V39/><F35/><W81/><G108/><T64/><D118/><U98/><E67/><V92/><F56/><W4/><G126/><T43/><D112/><U89/><E89/><V41/><REACH who="2" step="1"/><F92/><REACH who="2" ten="82,424,136,348" step="2"/><W49/><G57/><T77/><D33/><U95/><E95/><V101/><F101/><W91/><G46/><T124/><D124/><U97/><E102/><V68/><N who="2" m="17408" /><DORA hai="100" /><V113/><F113/><W78/><G45/><T7/><D7/><U114/><E114/><V38/><F38/><W47/><G4/><T105/><D105/><U16/><E97/><V66/><F66/><W107/><G47/><AGARI ba="0,1" hai="16,21,27,47,48,54,60,61,62,86,87,88,94,98" machi="47" ten="40,5200,0" yaku="8,1,54,2" doraHai="72,100" who="1" fromWho="3" sc="82,0,424,62,136,0,348,-52" /><INIT seed="7,0,0,4,2,44" ten="82,486,136,296" oya="3" hai0="4,130,103,35,47,48,101,54,78,16,50,59,5" hai1="134,49,107,31,53,88,14,75,66,96,11,55,128" hai2="6,109,93,110,87,74,116,58,63,57,125,3,80" hai3="117,115,82,17,25,37,51,119,8,98,24,83,23"/><W68/><G37/><T41/><D35/><U118/><E75/><V127/><F116/><W95/><G68/><T126/><D130/><U33/><E66/><N who="2" m="39279" /><F74/><W38/><G38/><T124/><D78/><U91/><E14/><V105/><F105/><W7/><G115/><T121/><D121/><U89/><E91/><N who="2" m="51687" /><F3/><W62/><G62/><T26/><D126/><N who="2" m="48138" /><F6/><N who="0" m="2666" /><D124/><U113/><E31/><V40/><F40/><W27/><G117/><T18/><D18/><U36/><E33/><V86/><F58/><W13/><G119/><T79/><D79/><U104/><E55/><V131/><F131/><W12/><REACH who="3" step="1"/><G51/><REACH who="3" ten="82,486,136,286" step="2"/><T99/><D99/><U77/><E49/><V10/><F110/><W129/><G129/><T28/><D28/><U61/><E96/><V97/><F109/><W64/><G64/><T21/><AGARI ba="0,1" hai="16,21,26,41,47,48,50,54,59,101,103" m="2666" machi="21" ten="30,7900,0" yaku="8,1,52,2,54,1" doraHai="44" who="0" fromWho="0" sc="82,89,486,-20,136,-20,286,-39" owari="171,-23.0,466,56.0,116,-38.0,247,5.0" /></mjloggm>