<mjloggm ver="2.3"><GO type="97" lobby="0"/><UN n0="%E4%B8%AD%E6%97%A5%E3%83%95%E3%82%A1%E3%83%B3%E3%81%A7%E3%81%99" n1="%E5%B0%B1%E6%B4%BB%E7%94%9F%40%E5%B7%9D%E6%9D%91%E8%BB%8D%E5%9B%A3" n2="%6D%6F%6D%6F%37%37%2C" n3="%E8%99%9A%E6%B8%8A%E7%8E%84" dan="14,15,15,14" rate="1938.76,2055.70,2020.35,1901.63" sx="M,M,F,F"/><TAIKYOKU oya="0"/><INIT seed="0,0,0,0,3,5" ten="250,250,250,250" oya="0" hai0="66,20,76,88,23,40,60,111,75,14,107,85,98" hai1="117,115,82,118,2,61,33,99,49,21,134,116,16" hai2="128,119,100,123,51,54,9,46,35,129,34,133,1" hai3="96,90,120,80,28,56,30,91,83,7,87,12,131"/><T19/><D40/><U132/><E33/><V124/><F123/><W26/><G131/><N who="2" m="50249" /><F133/><N who="1" m="51305" /><E2/><V41/><F124/><W17/><G7/><T62/><D111/><U101/><E115/><V77/><F119/><W29/><G56/><T126/><D126/><U103/><E61/><V113/><F113/><W106/><G120/><T84/><D75/><U102/><E49/><N who="2" m="26831" /><F100/><W50/><G50/><T42/><D42/><U81/><E99/><V110/><F77/><W47/><G47/><T78/><D107/><U63/><E63/><N who="0" m="24105" /><D66/><U93/><E93/><V53/><F110/><W44/><G44/><T109/><D109/><U24/><AGARI ba="0,0" hai="16,21,24,81,82,101,102,103,116,117,118" m="51305" machi="24" ten="40,2700,0" yaku="20,1,54,1" doraHai="5" who="1" fromWho="1" sc="250,-13,250,27,250,-7,250,-7" /><INIT seed="1,0,0,0,3,108" ten="237,277,243,243" oya="1" hai0="70,119,5,44,71,90,117,100,79,102,34,118,94" hai1="67,39,55,110,126,84,97,40,59,11,32,124,37" hai2="36,128,57,43,105,7,24,111,38,98,131,95,2" hai3="127,10,65,15,135,33,29,45,49,114,74,53,134"/><U83/><E110/><V112/><F111/><W56/><G74/><T133/><D34/><U99/><E32/><V28/><F105/><W9/><G29/><T30/><D30/><U17/><E67/><V8/><F57/><W22/><G114/><T47/><D5/><U86/><E17/><V125/><F125/><N who="1" m="48233" /><E11/><V16/><F43/><W69/><G69/><T6/><D6/><U104/><E104/><V60/><F60/><N who="3" m="38023" /><G33/><T31/><D31/><U14/><E14/><V42/><F8/><W75/><G75/><T62/><D79/><N who="1" m="46207" /><E86/><V89/><F112/><W50/><G22/><T72/><D72/><U77/><E77/><V3/><F7/><W76/><G15/><T73/><D73/><U109/><E109/><V91/><F2/><W23/><G23/><T80/><D80/><U1/><E1/><V21/><F3/><W121/><G76/><T92/><D90/><U123/><E123/><V13/><F89/><W82/><G82/><T115/><D115/><U63/><E40/><V52/><F42/><W96/><G121/><T19/><D118/><U41/><E41/><V51/><F13/><W132/><G127/><T130/><D19/><U25/><E25/><V81/><F28/><W113/><G113/><T61/><D130/><N who="2" m="49706" /><F81/><W27/><G27/><T101/><REACH who="0" step="1"/><D102/><REACH who="0" ten="227,277,243,243" step="2"/><U88/><E88/><V0/><F0/><W120/><G120/><T103/><D103/><U66/><E99/><V78/><F78/><W107/><G96/><T48/><D48/><N who="1" m="31207" /><E97/><V12/><F24/><W93/><G9/><T106/><D106/><U54/><E39/><V122/><F122/><RYUUKYOKU ba="0,1" sc="227,15,277,-15,243,15,243,-15" hai0="44,47,61,62,70,71,92,94,100,101,117,119,133" hai2="12,16,21,36,38,51,52,91,95,98" /><INIT seed="2,1,1,2,2,83" ten="242,262,258,228" oya="2" hai0="42,115,105,102,54,100,14,51,118,62,95,93,27" hai1="49,126,30,34,44,4,45,110,57,79,17,68,129" hai2="21,125,74,86,0,41,60,103,94,2,76,75,22" hai3="58,133,3,127,39,55,13,134,119,5,89,65,122"/><V101/><F125/><W73/><G3/><T85/><D118/><U114/><E68/><V130/><F130/><W84/><G73/><T36/><D36/><U23/><E114/><V116/><F116/><W48/><G39/><T46/><D115/><U16/><E34/><V123/><F123/><W132/><G122/><T32/><D105/><U78/><E4/><V1/><F41/><W38/><G38/><T7/><D32/><U19/><E110/><V98/><F103/><N who="0" m="39466" /><D27/><N who="1" m="16767" /><E129/><V33/><F33/><W67/><G127/><T18/><D7/><U120/><E120/><V72/><REACH who="2" step="1"/><F60/><REACH who="2" ten="242,262,248,228" step="2"/><W113/><G119/><T87/><D62/><U70/><E126/><V80/><AGARI ba="1,2" hai="0,1,2,21,22,72,74,75,76,80,86,94,98,101" machi="80" ten="40,12000,1" yaku="1,1,2,1,0,1,52,1,53,0" doraHai="83" doraHaiUra="131" who="2" fromWho="2" sc="242,-41,262,-41,248,143,228,-41" /><INIT seed="2,2,0,3,1,25" ten="201,221,391,187" oya="2" hai0="5,116,89,120,55,91,122,95,48,108,70,53,110" hai1="86,100,132,113,121,50,79,49,96,107,16,22,20" hai2="118,33,102,35,61,131,60,74,94,135,104,46,54" hai3="45,10,43,81,103,32,59,19,6,87,119,90,111"/><V127/><F118/><W114/><G119/><T72/><D70/><U71/><E113/><V30/><F74/><W41/><G32/><T125/><D5/><U0/><E0/><V75/><F75/><W57/><G103/><T8/><D8/><U82/><E71/><V56/><F104/><W63/><G19/><T73/><D116/><U38/><E38/><V3/><F3/><W85/><G114/><T29/><D95/><U24/><E132/><V78/><F78/><W106/><G106/><T112/><D112/><U44/><E44/><V126/><F135/><W7/><G87/><T69/><D69/><U128/><E128/><V115/><F131/><W88/><G6/><T12/><D12/><U97/><E97/><N who="2" m="59703" /><F46/><W64/><G57/><T11/><D11/><U109/><E109/><V40/><F40/><W51/><G43/><T80/><D48/><U117/><E117/><V17/><F115/><W47/><G45/><T14/><D14/><U130/><E130/><V99/><F99/><W101/><G111/><T123/><D123/><U23/><E121/><V83/><F83/><W65/><G10/><T13/><D13/><U105/><E105/><V28/><F61/><W134/><G7/><T68/><D68/><U31/><E22/><V34/><F17/><W26/><G134/><T124/><D80/><U18/><E18/><V58/><F56/><W76/><G59/><T62/><D62/><U4/><E4/><V42/><F42/><W77/><G63/><T66/><D66/><U67/><E67/><V84/><F60/><W21/><G64/><T98/><D98/><RYUUKYOKU ba="2,0" sc="201,15,221,15,391,-15,187,-15" hai0="29,53,55,72,73,89,91,108,110,120,122,124,125" hai1="16,20,23,24,31,49,50,79,82,86,96,100,107" /><INIT seed="3,3,0,1,1,125" ten="216,236,376,172" oya="3" hai0="48,94,77,39,93,52,97,40,78,124,58,70,79" hai1="17,91,109,65,32,63,100,101,24,56,62,2,134" hai2="82,29,67,99,132,122,30,110,133,10,76,5,81" hai3="36,92,114,96,107,73,75,44,47,84,18,21,55"/><W105/><G114/><T3/><D70/><U126/><E2/><N who="2" m="311" /><F110/><W64/><G64/><T7/><D124/><U45/><E134/><N who="2" m="51819" /><F122/><W25/><G84/><T113/><D113/><U0/><E45/><V108/><F108/><W116/><G116/><T98/><D40/><U119/><E0/><V120/><F120/><W4/><G4/><T115/><D39/><U41/><E41/><V31/><F67/><W128/><G128/><T53/><D115/><U60/><E60/><V111/><F111/><W50/><G36/><T15/><D3/><U13/><E91/><V26/><F99/><N who="0" m="37898" /><D7/><U46/><E46/><V95/><F95/><N who="0" m="36362" /><D15/><U61/><E109/><V87/><F82/><W104/><REACH who="3" step="1"/><G44/><REACH who="3" ten="216,236,376,162" step="2"/><N who="0" m="27655" /><D79/><U118/><E126/><V49/><F49/><AGARI ba="3,1" hai="49,53,58,77,78" m="27655,36362,37898" machi="49" ten="30,2000,0" yaku="8,1,54,1" doraHai="125" who="0" fromWho="2" sc="216,39,236,0,376,-29,162,0" owari="255,6.0,236,-16.0,347,44.0,162,-34.0" /></mjloggm>