<mjloggm ver="2.3"><GO type="225" lobby="0"/><UN n0="%E6%9D%89%E6%B5%A6%E7%B6%BE%E4%B9%83%76" n1="%E3%82%A6%E3%82%A3%E3%83%83%E3%83%81" n2="%63%6F%61" n3="%E3%83%88%E3%83%88%E3%83%AA%E5%85%88%E7%94%9F%31%39%E6%AD%B3" dan="16,16,16,17" rate="2139.01,2078.23,2030.54,2128.24" sx="M,F,M,F"/><TAIKYOKU oya="0"/><INIT seed="0,0,0,0,0,84" ten="250,250,250,250" oya="0" hai0="108,3,35,114,52,90,48,47,103,98,20,93,12" hai1="76,27,2,41,129,135,85,88,95,97,40,55,127" hai2="15,86,34,115,73,101,61,14,87,130,96,75,70" hai3="69,120,68,28,94,124,43,104,113,63,23,58,50"/><T6/><D114/><U89/><E2/><V92/><F115/><W128/><G104/><T125/><D35/><U25/><E127/><V30/><F130/><W83/><G113/><T122/><D122/><U26/><E135/><V117/><F117/><W54/><G120/><T67/><D125/><U5/><E129/><V131/><F131/><W110/><G124/><T116/><D116/><U42/><E5/><V31/><F87/><W60/><G128/><T126/><D126/><U78/><E55/><V39/><F39/><W74/><G110/><T121/><D121/><U134/><E134/><V64/><F86/><W21/><G94/><AGARI ba="0,0" hai="25,26,27,40,41,42,76,78,85,88,89,94,95,97" machi="94" ten="40,8000,1" yaku="8,1,52,2,54,1" doraHai="84" who="1" fromWho="3" sc="250,0,250,80,250,0,250,-80" /><INIT seed="1,0,0,4,4,49" ten="250,330,250,170" oya="1" hai0="127,72,88,97,103,7,82,32,101,59,57,12,16" hai1="80,64,95,135,2,130,20,27,47,125,93,68,126" hai2="39,30,13,56,131,37,25,111,6,53,17,89,69" hai3="121,71,65,33,104,48,36,114,35,74,28,113,29"/><U54/><E2/><V51/><F69/><W96/><G48/><T3/><D32/><U44/><E130/><V23/><F131/><W117/><G29/><T26/><D127/><N who="1" m="48651" /><E47/><V55/><F111/><W60/><G121/><T41/><D41/><U133/><E80/><V40/><F40/><W21/><G21/><N who="0" m="13607" /><D72/><U81/><E81/><V61/><F6/><W52/><G74/><T109/><D109/><U98/><E54/><V123/><F89/><W83/><G83/><T50/><D3/><U4/><E44/><V63/><F123/><W38/><G117/><T18/><D7/><U94/><E98/><V100/><F100/><N who="0" m="38474" /><D50/><U122/><E4/><V8/><F63/><W118/><G118/><T0/><D0/><U58/><E68/><V119/><F119/><W106/><G96/><T120/><D120/><U86/><E122/><V92/><F92/><W62/><G71/><T11/><D82/><U134/><E20/><V24/><F24/><W76/><G28/><T115/><D115/><U108/><E108/><V70/><F70/><W112/><G112/><T129/><D129/><U84/><E27/><V110/><F110/><W22/><G22/><T46/><D46/><AGARI ba="0,0" hai="8,13,17,23,25,30,37,39,46,51,53,55,56,61" machi="46" ten="30,3900,0" yaku="7,1,52,2" doraHai="49" who="2" fromWho="0" sc="250,-39,330,0,250,39,170,0" /><INIT seed="2,0,0,0,4,10" ten="211,330,289,170" oya="2" hai0="78,117,60,20,15,113,134,121,17,114,76,52,16" hai1="123,67,9,91,58,70,72,46,120,44,49,84,26" hai2="65,87,133,19,1,41,79,34,106,39,18,68,31" hai3="135,130,25,40,118,11,94,21,23,61,107,66,47"/><V132/><F1/><W59/><G118/><T45/><D121/><N who="1" m="46667" /><E70/><V3/><F3/><W92/><G107/><T103/><D134/><N who="2" m="51818" /><F106/><W119/><G119/><T109/><D109/><U89/><E72/><V110/><F110/><W115/><G135/><T105/><D117/><U7/><E26/><N who="2" m="18807" /><F41/><W43/><G130/><T82/><D105/><U54/><E67/><V30/><F30/><W64/><G115/><T4/><D103/><U104/><E104/><V122/><F39/><W37/><G43/><T71/><D4/><U77/><E77/><V63/><F122/><W93/><G64/><T125/><D125/><U2/><E91/><V29/><F29/><W38/><G38/><T112/><D17/><U5/><E5/><V131/><F131/><W97/><G25/><T51/><REACH who="0" step="1"/><D82/><AGARI ba="0,0" hai="2,7,9,44,46,49,54,58,82,84,89" m="46667" machi="82" ten="30,1000,0" yaku="13,1" doraHai="10" who="1" fromWho="0" sc="211,-10,330,10,289,0,170,0" /><AGARI ba="0,0" hai="18,19,63,65,68,79,82,87" m="18807,51818" machi="82" ten="30,1500,0" yaku="20,1" doraHai="10" who="2" fromWho="0" sc="201,-15,340,0,289,15,170,0" /><INIT seed="2,1,0,5,2,104" ten="186,340,304,170" oya="2" hai0="72,12,58,3,92,67,135,48,73,50,88,40,17" hai1="20,116,81,11,79,94,54,14,0,74,44,66,107" hai2="36,57,78,124,4,59,18,82,2,102,125,25,55" hai3="1,86,19,46,98,69,105,60,93,8,133,47,10"/><V101/><F36/><W108/><G108/><T115/><D3/><U39/><E107/><V134/><F134/><W15/><G133/><T63/><D115/><U97/><E66/><V32/><F4/><W21/><G105/><T52/><D135/><U99/><E116/><V34/><F2/><W106/><G106/><T112/><D40/><N who="1" m="22559" /><E54/><V83/><F18/><W111/><G111/><T35/><D35/><N who="2" m="13354" /><F25/><W24/><G86/><N who="0" m="52247" /><D50/><U38/><E38/><V51/><F59/><W110/><G110/><T30/><D30/><U127/><E94/><V22/><F22/><W118/><G118/><T77/><D77/><U80/><E20/><V109/><F109/><W84/><G84/><T96/><D96/><U61/><E97/><V37/><F37/><W129/><G93/><T114/><D114/><U16/><E99/><V126/><F83/><W89/><G98/><T120/><D120/><U130/><E81/><V7/><F7/><N who="3" m="1135" /><G89/><T91/><D91/><U9/><E80/><V117/><F117/><W5/><G47/><T33/><D33/><U68/><E68/><V45/><F45/><W13/><G46/><T6/><D6/><U95/><E0/><V43/><F43/><W132/><G132/><T56/><D112/><U103/><E103/><V28/><F28/><W131/><G13/><T75/><D75/><AGARI ba="1,0" hai="51,55,57,75,78,82,101,102,124,125,126" m="13354" machi="75" ten="40,3900,0" yaku="18,1,52,1" doraHai="104" who="2" fromWho="0" sc="186,-42,340,0,304,42,170,0" /><INIT seed="2,2,0,3,5,53" ten="144,340,346,170" oya="2" hai0="20,47,43,8,74,88,78,30,91,81,70,73,64" hai1="56,1,38,119,13,84,4,32,3,49,50,89,132" hai2="80,117,2,21,129,124,31,16,97,116,45,85,106" hai3="112,54,75,11,131,95,59,63,121,35,40,94,44"/><V130/><F2/><W10/><G121/><T62/><D74/><U110/><E38/><V120/><F120/><W34/><G75/><T113/><D113/><U71/><E71/><V109/><F31/><W114/><G131/><N who="2" m="50185" /><F124/><W83/><G83/><T103/><D103/><U22/><E119/><V61/><F109/><W58/><G44/><T92/><D92/><U19/><E32/><V86/><F45/><W96/><G40/><T100/><D100/><U25/><E110/><V48/><F48/><N who="3" m="31047" /><G34/><T60/><D60/><U87/><E50/><V99/><F61/><W12/><G35/><T46/><D46/><U79/><E3/><V29/><F29/><W57/><G94/><T118/><D118/><N who="2" m="45674" /><F106/><W0/><G0/><T41/><D41/><U126/><E1/><V17/><F17/><N who="3" m="8343" /><G63/><T5/><D30/><U14/><E19/><V39/><F39/><W115/><G11/><T72/><D8/><U67/><E49/><V18/><F18/><W77/><G77/><T125/><D125/><U69/><E126/><V102/><F102/><AGARI ba="2,0" hai="57,59,95,96,102,112,114,115" m="8343,31047" machi="102" ten="30,7700,0" yaku="11,1,52,3" doraHai="53" who="3" fromWho="2" sc="144,0,340,0,346,-83,170,83" /><INIT seed="3,0,0,2,5,58" ten="144,340,263,253" oya="3" hai0="28,45,30,51,25,78,43,56,95,135,69,27,103" hai1="37,90,77,102,67,107,93,116,104,33,105,72,49" hai2="118,75,80,109,23,134,108,110,98,88,89,132,10" hai3="1,14,91,55,76,31,60,87,86,17,9,119,99"/><W18/><G119/><T13/><D69/><U48/><E37/><V11/><F23/><W26/><G1/><T66/><D78/><U57/><E33/><V85/><F118/><W8/><G76/><T129/><D135/><N who="2" m="51754" /><F75/><W16/><G99/><T122/><D122/><U101/><E72/><V63/><F63/><W52/><G86/><T111/><D111/><N who="2" m="28418" /><V32/><DORA hai="81" /><F32/><W38/><G38/><T121/><D121/><U71/><E116/><V19/><F19/><W64/><G31/><T65/><D129/><U126/><E107/><V117/><F117/><W79/><G79/><T36/><D36/><U130/><E105/><V0/><F0/><W62/><G64/><T42/><D42/><U92/><E104/><V24/><F24/><W21/><G17/><T59/><D25/><U113/><E77/><V44/><F44/><W127/><G8/><T20/><D30/><U29/><E29/><V125/><F125/><W47/><G127/><T5/><D65/><U46/><E126/><V84/><F98/><W112/><G112/><T34/><D34/><U131/><E113/><V133/><N who="2" m="51762" /><V120/><DORA hai="73" /><F120/><W2/><G2/><T97/><REACH who="0" step="1"/><D66/><REACH who="0" ten="134,340,263,253" step="2"/><U12/><E67/><V41/><F41/><W96/><G26/><T4/><D4/><U94/><E130/><V22/><F22/><W123/><G123/><T53/><D53/><U74/><E131/><V54/><F54/><W106/><G55/><T6/><D6/><U61/><E71/><V82/><AGARI ba="0,1" hai="10,11,80,82,84,85,88,89" m="28418,51762" machi="82" ten="60,8000,1" yaku="20,1,14,1,52,2,54,1" doraHai="58,81,73" who="2" fromWho="2" sc="134,-20,340,-20,263,90,253,-40" owari="114,-39.0,320,12.0,353,46.0,213,-19.0" /></mjloggm>