<mjloggm ver="2.3"><GO type="97" lobby="0"/><UN n0="%E5%A4%A9%E6%88%91%E4%BC%AF%E5%B8%9D" n1="%E5%B0%B1%E6%B4%BB%E7%94%9F%40%E5%B7%9D%E6%9D%91%E8%BB%8D%E5%9B%A3" n2="%E6%9A%B4%E9%A3%B2%E6%9A%B4%E9%A3%9F" n3="%41%55%52%4F%52%41" dan="14,14,15,15" rate="1935.21,1960.98,1980.13,1975.45" sx="M,M,M,M"/><TAIKYOKU oya="0"/><INIT seed="0,0,0,4,1,127" ten="250,250,250,250" oya="0" hai0="92,96,46,100,78,25,116,35,121,110,57,107,124" hai1="105,2,85,17,84,44,72,47,0,102,104,129,54" hai2="135,56,58,49,64,30,126,90,37,123,113,48,10" hai3="98,114,115,11,79,33,134,43,42,89,21,14,51"/><T112/><D121/><U63/><E63/><V76/><F76/><W122/><G33/><T60/><D116/><U62/><E62/><V91/><F30/><W118/><G118/><T68/><D112/><U13/><E54/><V119/><F10/><W65/><G134/><T29/><D124/><U81/><E81/><V26/><F26/><W12/><G79/><T77/><D92/><U70/><E102/><V128/><F126/><W15/><G122/><T40/><D57/><U71/><E17/><V80/><F135/><W101/><G65/><N who="0" m="40999" /><D110/><U55/><E55/><V22/><F22/><W5/><G89/><T39/><AGARI ba="0,0" hai="25,29,35,39,40,46,77,78,96,100,107" m="40999" machi="39" ten="30,1500,0" yaku="25,1" doraHai="127" who="0" fromWho="0" sc="250,15,250,-5,250,-5,250,-5" /><INIT seed="0,1,0,3,3,110" ten="265,245,245,245" oya="0" hai0="47,49,75,59,15,43,132,95,35,18,65,56,131" hai1="52,84,105,14,91,62,22,61,70,77,44,66,48" hai2="17,113,133,129,9,76,74,80,112,109,27,122,67" hai3="51,86,33,78,103,97,102,117,6,2,23,104,126"/><T21/><D75/><U1/><E105/><V31/><F122/><W11/><G117/><T123/><D123/><U16/><E1/><V115/><F109/><W100/><G126/><T89/><D35/><U71/><E77/><V46/><F67/><W10/><G33/><T93/><D132/><U45/><E62/><V79/><F133/><W64/><G64/><T88/><D131/><U36/><E36/><V83/><F46/><W127/><G51/><T120/><D120/><U29/><E29/><V58/><F58/><W57/><G57/><T114/><D65/><U96/><E96/><V116/><F129/><W98/><G127/><T26/><D15/><U125/><E125/><V13/><F116/><W82/><G98/><N who="0" m="57639" /><D114/><U7/><E7/><V68/><F68/><W128/><G128/><T30/><D30/><U32/><E32/><V94/><F94/><W69/><G69/><T3/><D3/><U107/><E107/><V108/><F108/><W28/><G97/><AGARI ba="1,0" hai="18,21,26,43,47,49,56,59,89,95,97" m="57639" machi="97" ten="30,2900,0" yaku="8,1,54,1" doraHai="110" who="0" fromWho="3" sc="265,32,245,0,245,0,245,-32" /><INIT seed="0,2,0,1,0,57" ten="297,245,245,213" oya="0" hai0="35,105,94,62,124,79,74,122,104,63,91,111,8" hai1="65,121,82,6,113,85,9,47,7,12,43,75,99" hai2="108,135,39,86,10,98,14,123,50,69,18,37,19" hai3="131,88,11,112,100,127,106,117,46,32,120,4,102"/><T29/><D122/><U67/><E121/><V76/><F108/><W44/><G117/><T73/><D8/><U78/><E113/><V54/><F135/><W21/><G112/><T52/><D111/><U49/><E7/><V22/><F98/><W129/><G32/><T51/><D124/><U68/><E68/><V48/><F48/><W2/><G127/><T26/><D74/><U84/><E99/><V133/><F133/><W126/><G126/><T56/><D79/><U55/><E55/><V114/><F114/><W132/><G21/><T87/><REACH who="0" step="1"/><D73/><REACH who="0" ten="287,245,245,213" step="2"/><U66/><AGARI ba="2,1" hai="6,9,12,43,47,49,65,66,67,75,78,82,84,85" machi="66" ten="30,1100,0" yaku="0,1" doraHai="57" who="1" fromWho="1" sc="287,-7,245,27,245,-5,213,-5" /><INIT seed="1,0,0,1,1,127" ten="280,272,240,208" oya="1" hai0="21,48,53,58,2,51,126,101,79,30,97,42,29" hai1="67,102,25,18,120,94,20,0,93,98,82,63,22" hai2="4,31,106,134,74,33,7,80,77,133,113,116,19" hai3="96,71,43,37,132,117,39,125,115,47,122,131,11"/><U75/><E0/><V8/><F116/><W123/><G96/><T27/><D126/><U104/><E120/><N who="3" m="46122" /><G125/><T14/><D2/><U12/><E75/><V46/><F106/><W90/><G90/><T28/><D79/><U130/><E82/><V70/><F113/><W83/><G83/><T55/><D42/><U95/><E130/><V81/><F70/><W99/><G99/><T87/><D14/><U38/><E38/><V72/><F46/><N who="3" m="23919" /><G11/><T59/><REACH who="0" step="1"/><D87/><REACH who="0" ten="270,272,240,208" step="2"/><U111/><E111/><V107/><F74/><W34/><G115/><T15/><D15/><U57/><REACH who="1" step="1"/><E104/><AGARI ba="0,1" hai="21,27,28,29,30,48,51,53,55,58,59,97,101,104" machi="104" ten="30,3900,0" yaku="1,1,7,1,9,1,53,0" doraHai="127" doraHaiUra="119" who="0" fromWho="1" sc="270,49,272,-39,240,0,208,0" /><INIT seed="2,0,0,5,0,119" ten="319,233,240,208" oya="2" hai0="97,72,85,62,103,8,64,25,14,2,124,27,121" hai1="43,113,33,42,90,75,92,101,58,127,74,120,16" hai2="26,57,125,41,10,40,96,107,69,61,112,29,118" hai3="36,91,114,34,52,104,21,132,6,133,4,37,87"/><V134/><F118/><W1/><G34/><T11/><D72/><U110/><E113/><V126/><F112/><W55/><G114/><T17/><D121/><U5/><E33/><N who="2" m="20663" /><F10/><W23/><G104/><T24/><D124/><N who="2" m="47722" /><F134/><W71/><G87/><T79/><D2/><U106/><E106/><V32/><F32/><W20/><G1/><T129/><D129/><U82/><E110/><V45/><F45/><W81/><G81/><T49/><D49/><U15/><E127/><V22/><F22/><W108/><G91/><T7/><D11/><U80/><E5/><N who="3" m="2154" /><G108/><T13/><D13/><U117/><E117/><V65/><F57/><W44/><G71/><T54/><D7/><U56/><E75/><V88/><F88/><W19/><G19/><T135/><D135/><N who="3" m="51785" /><G44/><T94/><D27/><U83/><E74/><V31/><F31/><W116/><G116/><T105/><D105/><U50/><E101/><AGARI ba="0,0" hai="40,41,61,65,69,96,101,107" m="47722,20663" machi="101" ten="30,2900,0" yaku="25,1,18,1" doraHai="119" who="2" fromWho="1" sc="319,0,233,-29,240,29,208,0" /><INIT seed="2,1,0,5,0,41" ten="319,204,269,208" oya="2" hai0="8,59,88,71,80,77,62,131,95,34,0,21,107" hai1="11,46,127,99,126,19,50,56,116,31,49,20,36" hai2="125,118,2,133,69,103,75,39,45,129,128,122,27" hai3="78,72,51,44,30,97,37,60,104,106,52,33,85"/><V132/><RYUUKYOKU type="yao9" ba="1,0" sc="319,0,204,0,269,0,208,0" hai2="2,27,39,45,69,75,103,118,122,125,128,129,132,133" /><INIT seed="2,2,0,4,1,128" ten="319,204,269,208" oya="2" hai0="70,59,83,111,119,90,81,42,73,53,15,113,92" hai1="38,37,32,19,110,21,17,88,54,104,77,6,51" hai2="112,24,27,41,98,134,132,135,126,102,103,50,72" hai3="26,108,5,76,2,65,28,34,47,101,3,85,123"/><V71/><F112/><W93/><G108/><T67/><D111/><U89/><E104/><N who="2" m="63575" /><F126/><W44/><G123/><T1/><D113/><U106/><E106/><V8/><F72/><W39/><G65/><T130/><D1/><U100/><E32/><V61/><F103/><W105/><G5/><T45/><D130/><U127/><E127/><V122/><F122/><W23/><G34/><T66/><D66/><U16/><E110/><V9/><F71/><W46/><G39/><T95/><D73/><U22/><E100/><V57/><F50/><W79/><G79/><T43/><D70/><U55/><E77/><V10/><F41/><N who="0" m="15370" /><D119/><U97/><E6/><V11/><F8/><W131/><G131/><T82/><D15/><U114/><E114/><V94/><F94/><N who="0" m="35882" /><D45/><U133/><E97/><V60/><F60/><W78/><G78/><T36/><D36/><N who="1" m="13931" /><E51/><V52/><AGARI ba="2,0" hai="9,10,11,24,27,52,57,61,132,134,135" m="63575" machi="52" ten="40,12000,1" yaku="20,1,52,3,54,1" doraHai="128" who="2" fromWho="2" sc="319,-42,204,-42,269,126,208,-42" /><INIT seed="2,3,0,4,0,102" ten="277,162,395,166" oya="2" hai0="21,123,95,10,29,121,12,43,129,47,25,27,13" hai1="126,107,74,113,109,64,79,37,99,57,73,33,8" hai2="84,108,122,100,39,15,20,61,130,59,86,132,45" hai3="67,112,1,81,53,70,38,76,14,35,110,125,16"/><V78/><F130/><W135/><G135/><T32/><D129/><U48/><E37/><V31/><F132/><W49/><G38/><T46/><D95/><U131/><E33/><V94/><F78/><W63/><G110/><T44/><D43/><U80/><E113/><V19/><F122/><W7/><G125/><T24/><D21/><U3/><E109/><V92/><F108/><W71/><G35/><T58/><D58/><U18/><E126/><V75/><F75/><W124/><G112/><T28/><D10/><U68/><E131/><V72/><F72/><W66/><G1/><T115/><D32/><U17/><E74/><V36/><F31/><N who="0" m="11850" /><D115/><U65/><E68/><V56/><F56/><W93/><G93/><T87/><D87/><U9/><E9/><V40/><F39/><W82/><G124/><T119/><D119/><U62/><E65/><V51/><F36/><W23/><G67/><T118/><D118/><U2/><E48/><V22/><F22/><W54/><G70/><T105/><D105/><U101/><REACH who="1" step="1"/><E8/><REACH who="1" ten="277,152,395,166" step="2"/><V103/><F103/><W98/><G71/><T106/><D106/><U55/><E55/><N who="2" m="34047" /><F100/><W11/><G66/><T69/><D69/><U91/><E91/><V97/><F97/><W5/><G98/><T50/><D50/><U96/><E96/><V52/><F86/><W0/><G49/><T88/><D88/><U104/><E104/><V60/><F84/><W89/><G89/><T83/><D83/><U116/><E116/><V133/><F133/><W4/><G81/><T120/><AGARI ba="3,1" hai="12,13,24,25,27,44,46,47,120,121,123" m="11850" machi="120" ten="40,8000,1" yaku="29,2,28,2" doraHai="102" who="0" fromWho="0" sc="277,99,152,-23,395,-43,166,-23" /><INIT seed="3,0,0,4,5,25" ten="376,129,352,143" oya="3" hai0="91,9,41,121,117,5,82,18,59,3,126,0,101" hai1="88,30,98,69,29,62,66,47,16,80,108,46,105" hai2="43,124,95,84,118,77,93,73,48,27,14,135,8" hai3="22,24,11,49,31,52,37,50,120,129,116,99,17"/><W33/><G120/><T45/><D117/><U133/><E108/><V130/><F73/><W20/><G116/><T1/><D121/><U54/><E133/><V61/><F124/><W26/><G37/><T56/><D126/><U106/><E106/><V127/><F130/><W75/><G129/><T85/><D101/><U64/><E105/><V34/><F135/><W114/><G114/><T44/><D44/><N who="1" m="16939" /><E69/><V113/><F113/><W103/><G75/><T35/><D35/><U89/><E16/><N who="2" m="8263" /><F34/><W23/><G50/><T134/><D18/><U65/><E98/><V42/><F27/><W6/><G99/><T97/><D97/><U71/><E71/><V2/><F2/><W57/><G103/><T40/><D40/><N who="2" m="15402" /><F48/><W39/><REACH who="3" step="1"/><G39/><REACH who="3" ten="376,129,352,133" step="2"/><T74/><D74/><U67/><N who="1" m="16896" /><DORA hai="21" /><U70/><E70/><V68/><F118/><W63/><G63/><T4/><D134/><U128/><E128/><V12/><F127/><W53/><G53/><T58/><REACH who="0" step="1"/><D4/><REACH who="0" ten="366,129,352,133" step="2"/><U94/><E54/><V72/><F72/><W110/><G110/><T119/><D119/><U96/><E62/><V55/><F68/><W107/><G107/><T10/><D10/><U112/><E112/><V92/><F61/><W115/><G115/><T125/><D125/><U102/><E102/><V28/><F55/><W104/><G104/><T87/><D87/><AGARI ba="0,2" hai="29,30,80,87,88,89,94,96" m="16896,16939" machi="87" ten="40,8000,1" yaku="8,1,52,2,54,1" doraHai="25,21" who="1" fromWho="0" sc="366,-80,129,100,352,0,133,0" owari="286,9.0,229,-17.0,352,45.0,133,-37.0" /></mjloggm>