<mjloggm ver="2.3"><GO type="169" lobby="0"/><UN n0="%E6%96%B0%E5%AE%BF%E6%96%B9%E9%9D%A2" n1="%EF%BD%99%EF%BD%8F%EF%BD%95%E2%80%99%EF%BD%93%E8%A3%95%E3%81%8F%E3%82%93" n2="%E5%B0%B1%E6%B4%BB%E7%94%9F%40%E5%B7%9D%E6%9D%91%E8%BB%8D%E5%9B%A3" n3="%E3%81%A9%E3%81%B0%E3%81%A8%E3%81%A1%E3%82%83%E3%82%93" dan="17,16,16,16" rate="2145.17,2083.60,2030.09,2122.74" sx="M,M,M,F"/><TAIKYOKU oya="0"/><INIT seed="0,0,0,1,1,124" ten="250,250,250,250" oya="0" hai0="14,46,70,28,48,88,134,38,27,90,81,29,133" hai1="26,8,39,93,13,101,19,129,9,31,126,34,128" hai2="20,111,40,100,69,102,99,91,52,10,64,83,65" hai3="62,16,21,12,43,82,127,113,25,115,68,18,23"/><T106/><D70/><U1/><E39/><V17/><F111/><W67/><G127/><T77/><D106/><U135/><E126/><V7/><F40/><W95/><G43/><T30/><D38/><U109/><E109/><V5/><F69/><W51/><G51/><T121/><D121/><U47/><E47/><V6/><F10/><W36/><G36/><T60/><D60/><U66/><E66/><N who="2" m="25707" /><F52/><W72/><REACH who="3" step="1"/><G95/><REACH who="3" ten="250,250,250,240" step="2"/><T22/><D134/><U73/><E135/><V53/><F53/><W105/><G105/><T80/><D133/><U92/><E73/><V123/><F123/><W131/><G131/><N who="1" m="50250" /><E101/><V112/><F112/><W32/><G32/><T4/><D46/><U24/><E24/><N who="2" m="14351" /><F99/><W132/><G132/><T15/><D27/><U87/><E87/><AGARI ba="0,1" hai="5,6,7,83,87,91,100,102" m="14351,25707" machi="87" ten="30,1000,0" yaku="8,1" doraHai="124" who="2" fromWho="1" sc="250,0,250,-10,250,20,240,0" /><INIT seed="1,0,0,0,1,74" ten="250,240,270,240" oya="1" hai0="54,79,9,119,7,101,1,52,8,13,94,88,32" hai1="43,105,107,63,71,47,37,89,91,116,128,17,77" hai2="69,130,132,40,123,49,62,72,122,125,86,10,98" hai3="33,55,117,118,66,127,35,112,92,124,134,103,30"/><U45/><E116/><N who="3" m="44650" /><G112/><T60/><D119/><U29/><E128/><V65/><F72/><W80/><G134/><T2/><D32/><U135/><E29/><V44/><F132/><W19/><G66/><T109/><D109/><U27/><E135/><V113/><F130/><W0/><G0/><T108/><D108/><U25/><E71/><V18/><F113/><W75/><G19/><T5/><D79/><U56/><E77/><V61/><F125/><W76/><G55/><T41/><D13/><U84/><E89/><V64/><F98/><N who="3" m="59847" /><G30/><T96/><D41/><U53/><E47/><V120/><F86/><W99/><G99/><T31/><D31/><U90/><E25/><V23/><F10/><W68/><G68/><T11/><D11/><U3/><E3/><V114/><F114/><W22/><G22/><T34/><D34/><AGARI ba="0,0" hai="33,34,35,75,76,80,124,127" m="59847,44650" machi="34" ten="30,2000,0" yaku="12,1,52,1" doraHai="74" who="3" fromWho="0" sc="250,-20,240,0,270,0,240,20" /><INIT seed="2,0,0,0,5,55" ten="230,240,270,260" oya="2" hai0="18,89,90,15,71,22,33,23,111,47,106,132,51" hai1="127,102,10,27,135,109,120,101,122,19,121,44,105" hai2="115,42,1,0,100,8,134,116,66,97,77,16,79" hai3="2,21,88,104,45,57,107,20,74,49,32,11,40"/><V68/><F116/><W52/><G32/><T34/><D71/><U117/><E105/><V3/><F115/><W12/><G2/><T91/><D106/><U87/><E117/><V125/><F125/><W28/><G74/><T92/><D132/><U113/><E113/><V80/><F134/><W58/><G107/><T6/><D111/><U43/><E135/><V126/><F126/><W72/><G72/><T73/><D73/><U9/><E127/><V128/><F128/><W13/><G104/><T63/><D34/><U83/><E109/><V114/><F42/><W35/><G35/><T54/><D33/><U110/><E110/><V46/><F46/><W76/><G76/><T61/><D92/><U24/><E101/><V131/><F131/><W29/><G88/><T133/><D133/><U59/><E59/><N who="3" m="22538" /><G40/><T94/><D94/><U118/><E102/><V86/><F114/><W65/><G65/><T39/><D39/><N who="1" m="21631" /><E118/><V64/><F79/><W30/><G12/><T103/><D103/><U70/><E70/><V5/><F97/><W129/><G129/><T60/><D6/><AGARI ba="0,0" hai="6,11,13,20,21,28,29,30,45,49,52" m="22538" machi="6" ten="30,8000,1" yaku="8,1,52,3,54,1" doraHai="55" who="3" fromWho="0" sc="230,-80,240,0,270,0,260,80" /><INIT seed="3,0,0,5,4,108" ten="150,240,270,340" oya="3" hai0="97,57,20,29,49,11,26,100,132,39,3,45,28" hai1="60,33,103,73,37,113,115,56,21,122,10,18,98" hai2="13,131,68,135,54,109,53,107,127,95,86,94,120" hai3="32,2,58,46,81,36,104,106,102,5,24,51,61"/><W14/><G2/><T44/><D132/><U90/><E122/><V52/><F107/><W62/><G36/><T50/><D29/><U38/><E33/><V88/><F120/><W71/><G102/><T31/><D31/><U43/><E73/><V112/><F109/><W105/><G71/><T89/><D89/><U75/><E75/><V17/><F135/><W27/><G32/><T76/><D76/><U80/><E10/><V129/><F68/><W47/><G81/><T23/><D23/><U123/><E123/><V15/><F127/><W70/><G70/><T92/><D39/><U118/><E118/><V78/><F78/><W74/><G74/><T42/><D3/><U124/><E124/><V1/><F1/><W9/><G61/><T119/><D119/><U65/><E38/><V30/><F30/><W67/><REACH who="3" step="1"/><G47/><REACH who="3" ten="150,240,270,330" step="2"/><T41/><D57/><U133/><E133/><V7/><F131/><W79/><G79/><T4/><D4/><U126/><E126/><V96/><F129/><W117/><G117/><T111/><D111/><U19/><E80/><V66/><F7/><W125/><G125/><T128/><D128/><U77/><E77/><V101/><F66/><W99/><G99/><T12/><D12/><U83/><E83/><V69/><F69/><W25/><G25/><T59/><D59/><U121/><E121/><V0/><F0/><W87/><G87/><T116/><D116/><U82/><E82/><V35/><F35/><W6/><G6/><T64/><D64/><U34/><E34/><V114/><F15/><W93/><G93/><T63/><D63/><RYUUKYOKU ba="0,1" sc="150,10,240,-30,270,10,330,10" hai0="11,20,26,28,41,42,44,45,49,50,92,97,100" hai2="13,17,52,53,54,86,88,94,95,96,101,112,114" hai3="5,9,14,24,27,46,51,58,62,67,104,105,106" /><INIT seed="3,1,1,1,1,107" ten="160,210,280,340" oya="3" hai0="62,4,66,68,2,131,13,16,5,39,123,27,128" hai1="98,42,94,3,51,69,133,29,90,60,127,88,102" hai2="50,101,82,20,73,96,10,106,86,65,132,48,67" hai3="17,108,33,6,117,89,129,118,38,78,31,71,45"/><W135/><G71/><T122/><D39/><U124/><E3/><V63/><F132/><W103/><G6/><N who="0" m="2667" /><D2/><U97/><E133/><V113/><F10/><W110/><G135/><T83/><D27/><U47/><E29/><V126/><F126/><N who="1" m="48169" /><E98/><V85/><F113/><W24/><G129/><N who="0" m="49739" /><D83/><U120/><E120/><V35/><F35/><W15/><G103/><T18/><D18/><U11/><E11/><AGARI ba="1,1" hai="11,13,16,62,66,68,122,123" m="49739,2667" machi="11" ten="30,2000,0" yaku="19,1,54,1" doraHai="107" who="0" fromWho="1" sc="160,33,210,-23,280,0,340,0" /><INIT seed="4,0,0,4,1,124" ten="193,187,280,340" oya="0" hai0="28,67,53,99,114,113,48,131,120,96,97,91,46" hai1="3,50,93,63,29,62,44,108,45,57,14,9,130" hai2="49,71,77,21,4,6,80,135,121,83,18,64,33" hai3="102,30,84,69,90,134,95,37,79,85,82,106,39"/><T88/><D120/><U40/><E108/><V132/><F33/><W34/><G69/><T101/><D101/><U1/><E130/><V13/><F121/><W54/><G134/><N who="2" m="51241" /><F49/><W32/><G32/><T23/><D67/><U133/><E133/><V118/><F118/><W61/><G30/><T116/><D116/><U76/><E29/><V103/><F103/><W125/><G34/><T52/><D131/><U56/><E76/><V73/><F83/><W104/><G125/><T31/><D31/><U72/><E72/><V5/><F64/><W15/><G15/><T87/><D53/><U26/><E26/><V55/><F55/><W107/><G102/><T111/><D111/><U25/><E25/><V58/><F58/><W0/><G0/><T115/><D87/><U36/><E57/><V59/><F59/><W2/><G2/><T7/><D7/><U109/><E63/><V100/><F100/><W16/><G61/><T8/><D8/><U81/><E109/><V38/><F71/><W47/><G54/><T20/><D28/><U123/><E123/><V112/><F38/><W22/><G47/><T43/><D43/><U110/><E110/><V94/><F94/><W89/><G79/><T86/><D91/><U105/><E105/><V70/><F70/><W12/><AGARI ba="0,0" hai="12,16,22,37,39,82,84,85,89,90,95,104,106,107" machi="12" ten="30,2000,0" yaku="0,1,54,1" doraHai="124" who="3" fromWho="3" sc="193,-10,187,-5,280,-5,340,20" /><INIT seed="5,0,0,3,5,47" ten="183,182,275,360" oya="1" hai0="28,67,132,43,121,14,134,66,106,7,116,58,114" hai1="102,82,97,20,77,125,52,117,94,59,108,89,90" hai2="54,9,126,127,57,24,128,21,70,99,2,113,4" hai3="56,129,26,131,42,93,55,135,100,18,103,50,49"/><U119/><E125/><N who="2" m="47627" /><F70/><W124/><G135/><N who="0" m="51755" /><D116/><U96/><E108/><V27/><F113/><W105/><G105/><T11/><D114/><U68/><E68/><V3/><F128/><N who="3" m="49227" /><G93/><T104/><D121/><U79/><E20/><V12/><F99/><W72/><G72/><T85/><D43/><U51/><E79/><V80/><F80/><W78/><G78/><T76/><D28/><U74/><REACH who="1" step="1"/><E89/><REACH who="1" ten="183,172,275,360" step="2"/><V101/><F101/><W112/><G124/><T53/><D104/><AGARI ba="0,1" hai="51,52,59,74,77,82,90,94,96,97,102,104,117,119" machi="104" ten="30,12000,1" yaku="1,1,2,1,7,1,52,1,54,1,53,0" doraHai="47" doraHaiUra="36" who="1" fromWho="0" sc="183,-120,172,130,275,0,360,0" /><INIT seed="5,1,0,4,0,58" ten="63,302,275,360" oya="1" hai0="23,106,8,9,10,57,67,56,94,49,20,4,88" hai1="125,101,22,16,54,102,82,27,13,29,114,30,72" hai2="60,133,85,122,129,87,24,77,0,61,52,46,81" hai3="74,47,93,115,50,76,98,41,15,12,38,123,48"/><U90/><E114/><V62/><F0/><W37/><G123/><T119/><D106/><U36/><E36/><V128/><F122/><W18/><G115/><T6/><D119/><U96/><E125/><V34/><F133/><W53/><G12/><T66/><D49/><U78/><E30/><N who="2" m="19783" /><F87/><W28/><G28/><T95/><REACH who="0" step="1"/><D10/><REACH who="0" ten="53,302,275,360" step="2"/><U69/><E69/><V83/><F46/><W19/><G48/><T118/><D118/><U39/><E39/><V130/><F81/><W126/><G50/><T14/><D14/><U80/><E80/><V120/><F120/><W127/><G15/><T73/><D73/><U21/><E82/><V84/><F84/><W135/><G74/><T1/><D1/><U33/><E72/><V2/><F2/><W104/><G38/><T59/><D59/><AGARI ba="1,1" hai="52,59,60,61,62,77,83,85,128,129,130" m="19783" machi="59" ten="30,8000,1" yaku="19,1,52,3,54,1" doraHai="58" who="2" fromWho="0" sc="53,-83,302,0,275,93,360,0" owari="-30,-53.0,302,-10.0,368,47.0,360,16.0" /></mjloggm>