<mjloggm ver="2.3"><GO type="169" lobby="0"/><UN n0="%4D%6F%67%65%72%61" n1="%E3%83%88%E3%83%88%E3%83%AA%E5%85%88%E7%94%9F%31%39%E6%AD%B3" n2="%EF%BC%88%E2%88%AA%EF%BC%BE%CF%89%EF%BC%BE%29%E2%98%86" n3="%4C%53%E9%99%BD" dan="16,18,18,16" rate="2109.52,2163.11,2190.60,2100.17" sx="F,F,F,M"/><TAIKYOKU oya="0"/><INIT seed="0,0,0,0,4,82" ten="250,250,250,250" oya="0" hai0="57,110,30,102,45,31,8,71,106,122,10,38,74" hai1="21,118,34,129,50,86,3,55,32,85,127,66,124" hai2="43,2,36,107,19,96,15,67,89,58,91,84,83" hai3="135,79,24,14,95,48,70,131,61,62,72,132,5"/><T101/><D71/><U17/><E118/><V100/><F2/><W46/><G131/><T28/><D122/><U75/><E75/><V114/><F114/><W120/><G120/><T53/><D74/><U37/><E37/><V39/><F43/><W52/><G24/><T97/><D110/><U4/><E66/><V13/><F13/><W121/><G121/><T78/><D78/><U7/><E129/><V116/><F116/><W33/><G33/><N who="1" m="12906" /><E3/><V123/><F123/><W60/><G70/><T76/><D76/><U26/><E7/><V93/><F58/><W126/><G126/><N who="1" m="48170" /><E4/><V119/><F67/><W11/><G79/><T134/><D101/><U44/><AGARI ba="0,0" hai="17,21,26,44,50,55,85,86" m="48170,12906" machi="44" ten="30,4000,0" yaku="18,1,52,2" doraHai="82" who="1" fromWho="1" sc="250,-20,250,40,250,-10,250,-10" /><INIT seed="1,0,0,0,3,35" ten="230,290,240,240" oya="1" hai0="132,117,90,110,11,50,23,2,113,108,65,98,105" hai1="74,36,135,123,4,126,38,71,112,89,58,87,79" hai2="20,81,29,55,100,24,91,30,69,39,49,78,28" hai3="128,119,54,88,109,0,102,125,37,95,94,46,40"/><U75/><E112/><V85/><F39/><W86/><G119/><T130/><D113/><U107/><E123/><V53/><F69/><W43/><G109/><N who="0" m="42091" /><D117/><U118/><E71/><V77/><F100/><W31/><G125/><T99/><D132/><U121/><E121/><V6/><F6/><W3/><G128/><T129/><D65/><U34/><E34/><V13/><F13/><W115/><G115/><T5/><D23/><U68/><E107/><V116/><F116/><W83/><G31/><T131/><D105/><U127/><E75/><V64/><F64/><W7/><G7/><T114/><D114/><U16/><E74/><V106/><F55/><W103/><G43/><T22/><D22/><U133/><E36/><V9/><F9/><W12/><G12/><T80/><D50/><U92/><E68/><V32/><F106/><W93/><REACH who="3" step="1"/><G54/><REACH who="3" ten="230,290,240,230" step="2"/><T45/><D129/><U61/><E118/><V84/><F32/><W66/><G66/><T19/><D130/><U122/><E127/><V62/><F62/><W10/><G10/><T72/><D131/><U59/><E126/><V27/><F27/><W57/><G57/><T76/><D45/><U63/><E122/><V15/><F15/><W21/><G21/><T8/><D8/><U14/><E133/><V134/><F134/><W52/><G52/><T26/><D26/><U82/><E135/><V124/><F124/><W25/><G25/><T48/><D19/><U1/><E38/><V51/><F53/><W96/><G96/><N who="0" m="36907" /><D48/><N who="2" m="18506" /><F84/><W67/><G67/><T42/><D42/><U104/><E104/><V18/><AGARI ba="0,1" hai="18,20,24,28,29,30,77,78,81,85,91" m="18506" machi="18" ten="30,2000,0" yaku="5,1,8,1" doraHai="35" who="2" fromWho="2" sc="230,-5,290,-10,240,30,230,-5" /><INIT seed="2,0,0,3,3,9" ten="225,280,270,225" oya="2" hai0="23,131,49,121,3,73,21,55,132,0,29,77,135" hai1="24,5,107,100,105,32,2,52,91,92,89,104,69" hai2="106,12,50,93,16,38,20,101,66,60,70,128,123" hai3="113,83,1,36,97,79,43,54,84,28,81,11,88"/><V31/><F38/><W22/><G113/><T47/><D121/><U120/><E69/><V102/><F123/><W19/><G28/><T122/><D122/><U6/><E120/><V40/><F106/><W94/><G54/><T14/><D131/><U134/><E134/><N who="0" m="51241" /><D77/><U56/><E100/><V110/><F128/><W87/><G43/><T96/><D73/><U27/><E91/><V108/><F31/><W48/><G48/><T80/><D80/><U41/><E41/><V7/><F7/><W65/><G65/><T130/><D130/><U127/><E127/><V111/><F93/><W114/><G36/><T125/><D125/><U71/><E71/><V78/><F78/><W35/><G35/><T15/><D96/><U129/><E129/><V63/><F63/><W64/><G64/><T17/><D29/><U33/><E33/><V99/><F99/><W18/><G114/><T44/><D44/><AGARI ba="0,0" hai="12,16,20,40,44,50,60,66,70,101,102,108,110,111" machi="44" ten="40,12000,1" yaku="14,1,10,1,52,1,54,1" doraHai="9" who="2" fromWho="0" sc="225,-120,280,0,270,120,225,0" /><INIT seed="2,1,0,0,5,42" ten="105,280,390,225" oya="2" hai0="11,110,6,125,22,55,23,112,114,74,46,54,67" hai1="29,101,32,113,107,70,129,95,51,19,133,75,104" hai2="131,120,100,43,17,63,33,77,68,88,96,134,28" hai3="103,108,64,35,45,12,41,72,13,59,56,102,18"/><V130/><F120/><W27/><G72/><T81/><D110/><U80/><E113/><V92/><F77/><W24/><G108/><T115/><D67/><U99/><E70/><V2/><F2/><W124/><G124/><T50/><D125/><U62/><E129/><N who="2" m="49163" /><F134/><W40/><G35/><T47/><D74/><U1/><E1/><V122/><F122/><W118/><G64/><T109/><D109/><U98/><E62/><V57/><F68/><W90/><G90/><T37/><D81/><U85/><E133/><V94/><F43/><W127/><G18/><T121/><D121/><U66/><E66/><N who="2" m="39279" /><F17/><W93/><G127/><T79/><D79/><U30/><E75/><V97/><F28/><W86/><G118/><T8/><D37/><U126/><E126/><V58/><F58/><W38/><G38/><T119/><D119/><U65/><E19/><V4/><F33/><W83/><G41/><T117/><D117/><U111/><E65/><V21/><F21/><W7/><G40/><T71/><D71/><U20/><E20/><V128/><F128/><W105/><G56/><T69/><D69/><U14/><E32/><V89/><F4/><W60/><G59/><T52/><D50/><U39/><E51/><V132/><F132/><W15/><G7/><T91/><D91/><AGARI ba="1,0" hai="88,89,91,92,94,96,97,100" m="39279,49163" machi="91" ten="30,2900,0" yaku="19,1,54,1" doraHai="42" who="2" fromWho="0" sc="105,-32,280,0,390,32,225,0" /><INIT seed="2,2,0,5,0,3" ten="73,280,422,225" oya="2" hai0="94,66,93,81,127,78,10,103,35,9,65,5,68" hai1="1,60,97,24,119,88,16,131,52,14,133,69,80" hai2="63,37,128,6,25,62,33,132,26,92,19,112,117" hai3="30,95,67,129,113,91,75,31,100,15,110,126,83"/><V58/><F117/><W121/><G121/><T135/><D35/><U56/><E119/><V2/><F37/><W21/><G110/><T123/><D123/><U11/><E133/><V79/><F112/><W34/><G34/><T134/><D68/><U89/><E131/><V44/><F79/><W105/><G129/><T109/><D109/><U41/><E69/><V59/><F128/><W27/><G126/><T73/><D127/><U53/><E1/><V55/><F44/><W12/><G31/><T122/><D122/><U47/><E80/><V8/><F132/><N who="0" m="50730" /><D103/><U38/><E97/><V84/><F33/><W72/><G67/><N who="0" m="25611" /><D10/><U87/><E87/><V71/><F71/><W43/><G100/><T54/><D54/><U99/><E99/><V120/><F120/><W108/><G108/><T76/><D76/><U130/><E130/><V29/><F29/><W7/><G30/><T98/><D98/><U124/><E124/><V104/><F104/><W57/><G105/><T77/><D77/><U42/><E42/><V40/><F40/><W4/><G113/><T116/><D116/><U70/><E70/><V115/><F115/><W50/><G43/><T18/><D18/><U107/><E107/><V85/><F19/><W28/><G28/><T64/><N who="0" m="25619" /><T46/><DORA hai="86" /><D46/><U114/><E114/><V101/><F101/><W22/><G22/><T102/><D102/><U39/><E39/><V49/><F84/><W48/><G21/><T36/><D36/><U61/><E38/><V74/><F85/><W106/><G106/><T118/><D118/><U32/><E32/><RYUUKYOKU ba="2,0" sc="73,30,280,-10,422,-10,225,-10" hai0="5,9,73,78,81,93,94" /><INIT seed="3,3,0,4,0,17" ten="103,270,412,215" oya="3" hai0="52,43,95,23,53,104,100,79,72,84,11,131,55" hai1="20,93,47,126,122,31,109,49,91,22,15,66,117" hai2="0,46,63,76,30,62,121,42,88,87,2,134,107" hai3="7,103,16,83,12,94,21,86,124,6,10,115,40"/><W54/><G115/><T114/><D114/><U81/><E122/><V25/><F107/><W133/><G133/><T106/><D72/><U51/><E109/><V127/><F76/><W1/><G124/><T37/><D131/><U3/><E3/><V56/><F127/><W60/><G40/><T67/><D67/><U18/><E126/><V118/><F134/><W14/><G7/><T24/><D37/><U73/><E117/><V123/><F118/><W13/><G103/><T65/><D65/><U89/><E66/><V36/><F2/><W80/><G94/><T34/><D34/><U69/><E69/><V29/><F29/><W128/><G128/><T99/><D43/><U64/><E64/><V68/><F68/><W61/><G83/><N who="0" m="47231" /><D104/><U97/><E73/><V102/><F102/><W98/><G98/><T70/><D106/><U101/><E81/><N who="2" m="49263" /><F56/><W77/><REACH who="3" step="1"/><G54/><REACH who="3" ten="103,270,412,205" step="2"/><N who="0" m="13827" /><T130/><DORA hai="38" /><D70/><U92/><E101/><V57/><F121/><W135/><G135/><T35/><D130/><U82/><E82/><V58/><F123/><W132/><G132/><T108/><D108/><U129/><E47/><V119/><F119/><W105/><G105/><T44/><D44/><U116/><E116/><V120/><F46/><W45/><G45/><T85/><D85/><N who="1" m="52271" /><E129/><V125/><F125/><W113/><G113/><T112/><D112/><U96/><E96/><V41/><F36/><W27/><AGARI ba="3,1" hai="1,6,10,12,13,14,16,21,27,60,61,77,80,86" machi="27" ten="30,18000,2" yaku="1,1,0,1,52,1,54,1,53,2" doraHai="17,38" doraHaiUra="32,75" who="3" fromWho="3" sc="103,-63,270,-63,412,-63,205,199" /><INIT seed="3,4,0,1,3,123" ten="40,207,349,404" oya="3" hai0="15,3,99,80,0,82,33,95,119,14,66,5,45" hai1="21,91,55,51,111,120,77,39,122,23,70,61,16" hai2="7,97,11,101,115,118,1,26,90,40,52,46,50" hai3="117,12,62,43,58,132,54,88,25,87,105,19,126"/><W24/><G105/><T27/><D119/><U64/><E39/><V127/><F115/><W35/><G117/><T69/><D3/><U65/><E111/><V109/><F109/><W13/><G126/><T110/><D110/><U42/><E42/><V38/><F127/><W96/><G132/><T20/><D33/><U48/><E23/><V135/><F135/><W22/><G43/><T104/><D104/><U114/><E114/><V59/><F26/><W84/><G35/><T63/><D5/><U76/><E51/><V49/><F90/><W28/><G28/><T29/><D0/><U94/><E65/><V108/><F108/><W112/><G112/><T83/><D45/><U36/><E36/><V34/><F34/><W121/><G121/><T92/><D95/><U131/><E131/><V18/><F18/><W107/><G107/><T37/><D37/><U32/><E32/><V86/><F86/><N who="3" m="32811" /><G25/><T4/><REACH who="0" step="1"/><D4/><REACH who="0" ten="30,207,349,404" step="2"/><U106/><E106/><V128/><F118/><W100/><G100/><AGARI ba="4,1" hai="14,15,20,27,29,63,66,69,80,82,83,92,99,100" machi="100" ten="40,8000,1" yaku="1,1,2,1,53,3" doraHai="123" doraHaiUra="79" who="0" fromWho="3" sc="30,102,207,0,349,0,404,-92" /><INIT seed="4,0,0,0,2,17" ten="132,207,349,312" oya="0" hai0="31,13,15,48,22,113,42,130,83,131,8,132,106" hai1="36,12,5,32,94,118,18,60,51,2,29,114,127" hai2="93,79,87,37,120,81,101,65,135,67,123,129,73" hai3="95,100,82,10,72,85,0,68,70,54,50,3,88"/><T56/><D106/><U19/><E118/><V28/><F37/><W30/><G30/><T121/><D121/><N who="2" m="46666" /><F28/><W7/><G0/><T75/><D113/><U41/><E127/><V63/><F67/><W124/><G124/><T76/><D132/><U27/><E36/><V110/><F63/><W105/><G105/><T16/><D31/><U14/><E114/><V23/><F23/><W57/><G100/><T126/><D126/><U111/><E111/><V78/><F65/><W38/><G38/><T117/><D117/><U115/><E115/><V21/><F21/><W39/><G39/><T61/><D48/><U6/><E2/><V24/><F24/><W91/><G72/><T45/><D45/><U52/><E41/><V11/><F11/><W34/><G34/><T59/><D42/><U77/><E60/><V103/><F110/><W74/><G74/><T96/><D96/><AGARI ba="0,0" hai="3,7,10,50,54,57,68,70,82,85,88,91,95,96" machi="96" ten="30,2000,0" yaku="7,1,54,1" doraHai="17" who="3" fromWho="0" sc="132,-20,207,0,349,0,312,20" /><INIT seed="5,0,0,2,4,7" ten="112,207,349,332" oya="1" hai0="87,3,133,83,18,37,112,76,107,30,36,121,104" hai1="52,109,67,57,48,117,38,68,9,98,41,126,50" hai2="90,39,54,134,32,120,6,74,72,46,128,44,108" hai3="22,115,124,70,42,59,93,110,65,122,63,97,119"/><U49/><E117/><V130/><F32/><W1/><G1/><T113/><D121/><U14/><E126/><V118/><F108/><W127/><G119/><T23/><D3/><U29/><E109/><V96/><F118/><W60/><G115/><T116/><D30/><U91/><E29/><V131/><F120/><W28/><G42/><T31/><D31/><U16/><E98/><V84/><F96/><W66/><G110/><T78/><D116/><U2/><E2/><V0/><F134/><W51/><G51/><T111/><D111/><U34/><E91/><V73/><F39/><W33/><G33/><T5/><D5/><U123/><E34/><V82/><F54/><W26/><REACH who="3" step="1"/><G122/><REACH who="3" ten="112,207,349,322" step="2"/><T62/><D112/><U25/><E123/><V8/><AGARI ba="0,1" hai="0,6,8,44,46,72,73,74,82,84,90,128,130,131" machi="8" ten="40,5200,0" yaku="0,1,19,1,52,1" doraHai="7" who="2" fromWho="2" sc="112,-13,207,-26,349,62,322,-13" /><INIT seed="6,0,0,0,1,99" ten="99,181,411,309" oya="2" hai0="69,88,79,5,71,8,55,82,97,48,86,72,47" hai1="104,24,59,30,23,21,116,51,92,118,65,46,93" hai2="84,18,38,122,60,106,9,35,12,20,32,87,123" hai3="7,96,78,49,50,77,0,11,80,62,1,74,126"/><V36/><F106/><W56/><G0/><T90/><D97/><U52/><E104/><V95/><F84/><W130/><G130/><T121/><D121/><U115/><E115/><V22/><F22/><W75/><G126/><T63/><D63/><N who="1" m="38143" /><E118/><V26/><F122/><W112/><G112/><T54/><D54/><U37/><E37/><V40/><F123/><W103/><G78/><T4/><D4/><U125/><E125/><V127/><F127/><W113/><G75/><T2/><REACH who="0" step="1"/><D90/><REACH who="0" ten="89,181,411,309" step="2"/><U117/><E117/><V119/><F119/><W70/><G96/><T27/><D27/><N who="1" m="16751" /><E116/><V33/><F60/><W14/><G62/><T109/><D109/><U101/><E101/><V64/><F64/><W134/><G103/><T128/><D128/><U133/><E133/><V110/><F110/><W10/><G7/><T68/><D68/><U76/><E76/><V29/><F40/><W41/><G77/><T28/><D28/><AGARI ba="0,1" hai="23,24,28,46,51,52,92,93" m="16751,38143" machi="28" ten="30,2000,0" yaku="8,1,54,1" doraHai="99" who="1" fromWho="0" sc="89,-20,181,30,411,0,309,0" /><INIT seed="7,0,0,0,4,127" ten="69,211,411,309" oya="3" hai0="109,32,107,46,126,108,135,72,111,85,69,87,27" hai1="84,62,13,121,44,33,113,106,74,114,129,77,37" hai2="3,112,5,56,134,47,31,102,18,48,14,117,36" hai3="10,11,52,4,49,6,94,81,100,133,70,128,115"/><W83/><G70/><T101/><D69/><U88/><E121/><V90/><F117/><W39/><G39/><T16/><D46/><U80/><E33/><V76/><F76/><W91/><G100/><T30/><D72/><U99/><E62/><V93/><F102/><W59/><G115/><N who="1" m="44042" /><E13/><V7/><F112/><W95/><G133/><T67/><D67/><U8/><E8/><N who="2" m="6471" /><F3/><W58/><G52/><T43/><D126/><U78/><E37/><V20/><F134/><W9/><G9/><T68/><D43/><U19/><E19/><V105/><F105/><W35/><G35/><T82/><D68/><U64/><E64/><V98/><F56/><W25/><G49/><T122/><D122/><U28/><E28/><V123/><F36/><W131/><G91/><T65/><D65/><U45/><E45/><V0/><F0/><W104/><G104/><T42/><D42/><U92/><E44/><V38/><F38/><W29/><G25/><T12/><D135/><U86/><E106/><V125/><F125/><W79/><G29/><T110/><N who="0" m="27648" /><DORA hai="15" /><T132/><D132/><U118/><E118/><V53/><F123/><W1/><G1/><T21/><REACH who="0" step="1"/><D82/><REACH who="0" ten="59,211,411,309" step="2"/><N who="1" m="47183" /><E74/><V119/><F119/><W50/><G50/><T63/><D63/><U17/><E80/><V130/><F47/><W116/><G79/><T71/><D71/><U120/><E78/><V51/><F51/><W23/><G116/><T2/><D2/><U89/><E120/><V66/><F66/><W96/><G96/><AGARI ba="0,1" hai="12,16,21,27,30,32,85,87,96,101,107" m="27648" machi="96" ten="70,8000,1" yaku="1,1,52,1,54,1,53,0" doraHai="127,15" doraHaiUra="41,40" who="0" fromWho="3" sc="59,90,211,0,411,0,309,-80" owari="149,-35.0,211,-19.0,411,51.0,229,3.0" /></mjloggm>