<mjloggm ver="2.3"><GO type="41" lobby="0"/><UN n0="%79%61%73%65%61%6B%61%73" n1="%E5%B0%B1%E6%B4%BB%E7%94%9F%40%E5%B7%9D%E6%9D%91%E8%BB%8D%E5%9B%A3" n2="%6B%65%69%63%68%69%64%61" n3="%E3%81%AA%E3%82%93%E3%81%99%E3%81%8B%EF%BC%9F" dan="14,14,13,13" rate="2046.20,1980.47,1860.12,1814.13" sx="M,M,M,M"/><TAIKYOKU oya="0"/><INIT seed="0,0,0,0,5,66" ten="250,250,250,250" oya="0" hai0="112,72,19,126,103,28,11,82,124,68,35,54,6" hai1="41,91,56,13,50,1,125,119,46,32,48,69,97" hai2="134,78,80,90,7,122,37,79,49,42,96,12,92" hai3="2,8,52,47,102,71,44,111,16,0,23,117,93"/><T53/><D112/><U40/><E1/><V135/><F122/><W116/><G71/><T25/><D103/><U10/><E32/><V106/><F37/><W110/><G102/><T61/><D19/><U81/><E119/><V104/><F7/><N who="3" m="1127" /><G2/><N who="0" m="471" /><D54/><U51/><E125/><N who="0" m="48233" /><D53/><U85/><E69/><V24/><F12/><N who="3" m="9607" /><G93/><T57/><D57/><U21/><E21/><V17/><F17/><W5/><G5/><T58/><D58/><U64/><E97/><V34/><F24/><W98/><G98/><T88/><D72/><U43/><E64/><V30/><F30/><W95/><G95/><T4/><D4/><U132/><E132/><N who="2" m="50731" /><F34/><W128/><G128/><T120/><D120/><U73/><E73/><V101/><F49/><N who="3" m="28711" /><G47/><T118/><D118/><U45/><E56/><V129/><F42/><W38/><G38/><T115/><D115/><U84/><E84/><N who="2" m="50439" /><F129/><W59/><G59/><T76/><D61/><U114/><E114/><V133/><N who="2" m="50739" /><V18/><DORA hai="109" /><F18/><AGARI ba="0,0" hai="10,13,18,40,41,43,45,46,48,50,51,81,85,91" machi="18" ten="40,1300,0" yaku="8,1" doraHai="66,109" who="1" fromWho="2" sc="250,0,250,13,250,-13,250,0" /><INIT seed="1,0,0,4,1,63" ten="250,263,237,250" oya="1" hai0="6,51,97,43,77,111,67,104,20,49,28,44,42" hai1="121,119,109,64,18,110,84,25,83,127,62,112,40" hai2="100,87,102,5,94,13,99,22,134,26,8,130,107" hai3="92,50,21,31,120,122,71,68,59,17,128,108,36"/><U74/><E74/><V65/><F134/><W81/><G36/><T80/><D111/><N who="1" m="42507" /><E112/><V106/><F130/><W88/><G31/><T38/><D6/><U11/><E121/><V16/><F102/><W61/><G108/><T35/><D35/><U54/><E119/><V70/><REACH who="2" step="1"/><F87/><REACH who="2" ten="250,263,227,250" step="2"/><W27/><G128/><T15/><D97/><U91/><E127/><V4/><F4/><W113/><G122/><T129/><D129/><U103/><E103/><V33/><F33/><W24/><G120/><T32/><D32/><U98/><E98/><V2/><F2/><W52/><G113/><T55/><D104/><U118/><E118/><V96/><F96/><W133/><G133/><T66/><D38/><U10/><E54/><V34/><F34/><W131/><G131/><T125/><D125/><U85/><E40/><V58/><F58/><W132/><G132/><T89/><D42/><U69/><E84/><V86/><F86/><W23/><G68/><T105/><D105/><U117/><E117/><V41/><F41/><W116/><G71/><T29/><D43/><U19/><E19/><V60/><AGARI ba="0,1" hai="5,8,13,16,22,26,60,65,70,94,99,100,106,107" machi="60" ten="30,8000,1" yaku="1,1,0,1,52,1,54,1,53,1" doraHai="63" doraHaiUra="12" who="2" fromWho="2" sc="250,-20,263,-40,227,90,250,-20" /><INIT seed="2,0,0,1,4,97" ten="230,223,317,230" oya="2" hai0="22,24,18,16,54,73,135,78,120,6,79,13,45" hai1="63,68,35,89,117,7,9,85,106,125,34,27,126" hai2="15,67,86,76,91,29,94,93,71,38,42,33,26" hai3="72,48,61,69,74,100,132,19,8,119,49,12,55"/><V62/><F76/><W64/><G132/><T107/><D135/><U131/><E117/><V31/><F31/><W41/><G119/><T122/><D107/><U99/><E131/><V109/><F109/><W133/><G133/><T57/><D45/><U87/><E68/><V2/><F2/><W51/><G41/><T3/><D122/><U102/><E63/><V0/><F0/><W111/><G111/><T101/><D120/><U56/><E56/><V98/><F42/><W75/><REACH who="3" step="1"/><G100/><REACH who="3" ten="230,223,317,220" step="2"/><T84/><D101/><U103/><E103/><V128/><F128/><W129/><G129/><T28/><D73/><U112/><E112/><V32/><F38/><W5/><G5/><T83/><D78/><U1/><E85/><V50/><F50/><W60/><G60/><T25/><D6/><U39/><E39/><V81/><F33/><W82/><G82/><T115/><D115/><U95/><REACH who="1" step="1"/><E27/><REACH who="1" ten="230,213,317,220" step="2"/><V23/><F26/><W77/><G77/><T88/><D25/><U92/><E92/><V17/><F93/><W14/><G14/><T52/><D3/><U121/><E121/><V124/><F94/><W70/><G70/><T65/><D79/><U90/><E90/><V53/><F91/><W118/><G118/><T47/><D13/><U130/><E130/><V36/><F15/><W44/><AGARI ba="0,2" hai="8,12,19,44,48,49,51,55,61,64,69,72,74,75" machi="44" ten="30,4000,0" yaku="1,1,0,1,53,1" doraHai="97" doraHaiUra="43" who="3" fromWho="3" sc="230,-10,213,-10,317,-20,220,60" /><INIT seed="3,0,0,5,5,62" ten="220,203,297,280" oya="3" hai0="79,13,22,68,43,39,98,34,126,4,111,119,51" hai1="78,67,58,116,6,10,94,131,21,107,5,89,9" hai2="133,105,90,30,113,63,65,71,0,18,114,75,20" hai3="46,121,38,15,123,117,33,31,100,44,11,106,28"/><W83/><G117/><T37/><D111/><U110/><E107/><V32/><F75/><W1/><G1/><T80/><D119/><U41/><E110/><V26/><F0/><W95/><G106/><T97/><D34/><U108/><E108/><V92/><F133/><W69/><G69/><T99/><D126/><U122/><E122/><V24/><REACH who="2" step="1"/><F105/><REACH who="2" ten="220,203,287,280" step="2"/><W112/><G121/><T120/><D120/><U49/><E116/><V7/><F7/><W29/><G123/><T128/><D128/><U66/><E131/><V135/><F135/><W64/><G33/><T14/><D4/><U17/><E5/><V60/><F60/><W130/><G130/><T16/><D39/><U101/><E6/><V2/><F2/><W76/><G112/><T134/><D37/><U115/><E115/><V118/><F118/><W45/><G38/><T104/><D104/><U109/><E109/><V86/><AGARI ba="0,1" hai="18,20,24,26,30,32,63,65,71,86,90,92,113,114" machi="86" ten="20,8000,1" yaku="1,1,0,1,7,1,52,1,53,1" doraHai="62" doraHaiUra="91" who="2" fromWho="2" sc="220,-20,203,-20,287,90,280,-40" /><INIT seed="4,0,0,2,4,69" ten="200,183,377,240" oya="0" hai0="80,46,107,12,93,66,47,14,48,71,83,133,102" hai1="110,94,64,81,4,85,78,132,16,45,18,59,27" hai2="21,116,91,76,127,3,97,57,103,39,41,6,61" hai3="2,65,49,19,9,126,72,43,10,56,8,117,58"/><T68/><D133/><U35/><E110/><V75/><F127/><W20/><G72/><T108/><D107/><U124/><E124/><V90/><F116/><W135/><G126/><T122/><D122/><U105/><E105/><V109/><F109/><W70/><G70/><T89/><D108/><U100/><E132/><V95/><F6/><W7/><G135/><T131/><D131/><U31/><E4/><V63/><F3/><W82/><G117/><T123/><D123/><U134/><E134/><V99/><F76/><W74/><G74/><T88/><D102/><U55/><E64/><V38/><F41/><W29/><G29/><T23/><D66/><U98/><REACH who="1" step="1"/><E45/><REACH who="1" ten="200,173,377,240" step="2"/><V52/><F75/><W11/><G65/><T25/><D47/><U15/><E15/><V44/><F44/><W111/><G111/><T96/><D14/><U22/><E22/><V51/><F21/><W92/><G7/><T106/><D12/><U53/><E53/><V87/><F63/><AGARI ba="0,1" hai="16,18,27,31,35,55,59,63,78,81,85,94,98,100" machi="63" ten="30,3900,0" yaku="1,1,7,1,54,1,53,0" doraHai="69" doraHaiUra="33" who="1" fromWho="2" sc="200,0,173,49,377,-39,240,0" /><INIT seed="5,0,0,2,0,24" ten="200,222,338,240" oya="1" hai0="90,111,41,69,109,96,121,49,57,93,8,5,18" hai1="27,74,110,64,70,63,130,117,46,33,66,80,6" hai2="77,79,89,91,113,95,122,133,76,105,19,92,13" hai3="101,98,20,83,48,10,21,53,36,126,22,107,127"/><U2/><E117/><V129/><F122/><W119/><G36/><T118/><D69/><U42/><E66/><V56/><F105/><W85/><G119/><T131/><D118/><U54/><E54/><V124/><F133/><W38/><G38/><T123/><D18/><U132/><E132/><V60/><F129/><W86/><G10/><T84/><D131/><U87/><E130/><V17/><F124/><N who="3" m="47659" /><G83/><T25/><D25/><U108/><E2/><V23/><F113/><W1/><G1/><T29/><D29/><N who="1" m="19647" /><E6/><V32/><F32/><W114/><G114/><T134/><D134/><U55/><E55/><V59/><F19/><W43/><G43/><T128/><D128/><U82/><E87/><V12/><F12/><W116/><G116/><T103/><D123/><U62/><E62/><V120/><F120/><W34/><G34/><T50/><D121/><U100/><E100/><V81/><F81/><W58/><AGARI ba="0,0" hai="20,21,22,48,53,58,85,86,98,101,107" m="47659" machi="58" ten="30,1100,0" yaku="18,1" doraHai="24" who="3" fromWho="3" sc="200,-3,222,-5,338,-3,240,11" /><INIT seed="6,0,0,2,3,68" ten="197,217,335,251" oya="2" hai0="40,71,92,76,126,23,89,39,96,38,83,1,44" hai1="41,34,124,135,98,70,28,130,116,103,46,18,65" hai2="63,132,80,77,19,81,113,4,27,5,29,108,86" hai3="31,66,62,134,101,72,109,78,87,53,119,50,73"/><V26/><F113/><W32/><G119/><T15/><D1/><U114/><E116/><V105/><F105/><W20/><G32/><T8/><D126/><U79/><E114/><V69/><F132/><W6/><G6/><T106/><D71/><U56/><E124/><V35/><F108/><W30/><G109/><T90/><D106/><U33/><E130/><V95/><F81/><W47/><G134/><T52/><D23/><U121/><E121/><V45/><F45/><W9/><G101/><T42/><D90/><U128/><E128/><V110/><F110/><W55/><G55/><T0/><D0/><U54/><E135/><V49/><F49/><W36/><G9/><T57/><D42/><U85/><E18/><V118/><F118/><W82/><G36/><T16/><D44/><U122/><E122/><V60/><F60/><W88/><G20/><T117/><D40/><U22/><E22/><V43/><F43/><W93/><REACH who="3" step="1"/><G72/><REACH who="3" ten="197,217,335,241" step="2"/><T7/><D117/><U112/><E33/><V91/><F19/><W59/><AGARI ba="0,1" hai="30,31,47,50,53,59,62,66,73,78,82,87,88,93" machi="59" ten="20,8000,1" yaku="1,1,2,1,0,1,7,1,54,1,53,0" doraHai="68" doraHaiUra="11" who="3" fromWho="3" sc="197,-20,217,-20,335,-40,241,90" /><INIT seed="7,0,0,2,3,7" ten="177,197,295,331" oya="3" hai0="94,14,114,39,101,28,92,66,88,9,80,2,73" hai1="109,108,48,36,72,113,68,8,61,83,49,98,18" hai2="55,42,65,84,16,112,70,37,23,40,97,57,107" hai3="74,63,38,4,67,11,29,126,129,59,110,33,106"/><W12/><G38/><T87/><D114/><U122/><E36/><V58/><F112/><W77/><G106/><T103/><D39/><U131/><E113/><V119/><F119/><W95/><G129/><T13/><D73/><U90/><E131/><V25/><F70/><W111/><G126/><T91/><D2/><U30/><E122/><V27/><F37/><W62/><G95/><N who="0" m="36395" /><D66/><U79/><E30/><V75/><F75/><W3/><G12/><N who="0" m="4715" /><D9/><U85/><E98/><V20/><F84/><W15/><G3/><T32/><D32/><U5/><E108/><V81/><F81/><W102/><G74/><T104/><D104/><U120/><E109/><V132/><F132/><W105/><G105/><T86/><D28/><U34/><E120/><V35/><F35/><W124/><G124/><T135/><D135/><U115/><E34/><V60/><F97/><W133/><G33/><T100/><D80/><N who="1" m="49447" /><E115/><V6/><F6/><W64/><G4/><T17/><D17/><U26/><E68/><V19/><F107/><W99/><G11/><T52/><D87/><N who="1" m="48639" /><E5/><V51/><AGARI ba="0,0" hai="16,19,20,23,25,27,40,42,51,55,57,58,60,65" machi="51" ten="20,8000,1" yaku="0,1,7,1,9,1,8,1,54,1" doraHai="7" who="2" fromWho="2" sc="177,-20,197,-20,295,80,331,-40" owari="157,-34.0,177,-22.0,375,47.0,291,9.0" /></mjloggm>