<mjloggm ver="2.3"><GO type="169" lobby="0"/><UN n0="%E3%82%A6%E3%83%AB%E3%83%88%E3%83%A9%E7%AB%8B%E7%9B%B4" n1="%31%30%30%27%73" n2="%E2%98%85%E6%96%B0%E5%9E%A3%E3%81%82%E3%82%84%E3%81%9B%E2%98%85" n3="%44%6F%72%61%6B%6F" dan="17,16,16,17" rate="2160.65,2066.38,2065.08,2127.46" sx="M,M,F,M"/><TAIKYOKU oya="0"/><INIT seed="0,0,0,4,0,110" ten="250,250,250,250" oya="0" hai0="127,49,58,30,19,35,132,69,22,119,64,16,97" hai1="133,129,111,13,83,23,131,25,33,130,42,51,103" hai2="47,39,118,77,27,95,66,91,28,114,15,79,135" hai3="134,121,81,117,34,123,50,5,9,46,57,2,11"/><T31/><D119/><U54/><E111/><V84/><F114/><W98/><G117/><T56/><D35/><U107/><E133/><V88/><F135/><W96/><G134/><T122/><D122/><N who="3" m="46601" /><G57/><T125/><D132/><U86/><E33/><V76/><F118/><W17/><G34/><T124/><D97/><N who="1" m="61935" /><E13/><V55/><F66/><W63/><G63/><N who="0" m="40095" /><D19/><N who="1" m="12543" /><E42/><V14/><F91/><W26/><G81/><T7/><D7/><U101/><E101/><V70/><F70/><W8/><G8/><T72/><D72/><U94/><E94/><V59/><F47/><W112/><G11/><T67/><D67/><U52/><E51/><V102/><F39/><W36/><G36/><T92/><D92/><U48/><E48/><N who="2" m="31207" /><F102/><W24/><G98/><T74/><D74/><U62/><E62/><V12/><F27/><W44/><G96/><T20/><D20/><U45/><E45/><V85/><F28/><N who="0" m="10794" /><D49/><U108/><E108/><V53/><F53/><N who="3" m="29895" /><G46/><T104/><D104/><U80/><E80/><AGARI ba="0,0" hai="12,14,15,76,77,79,80,84,85,88,95" m="31207" machi="80" ten="30,2000,0" yaku="8,1,54,1" doraHai="110" who="2" fromWho="1" sc="250,0,250,-20,250,20,250,0" /><INIT seed="1,0,0,0,3,5" ten="250,230,270,250" oya="1" hai0="19,105,30,75,116,51,28,70,2,104,98,135,33" hai1="110,94,130,120,117,129,6,74,86,38,64,106,96" hai2="43,48,62,35,42,85,89,3,124,133,21,122,20" hai3="134,14,39,73,26,13,125,132,46,77,32,102,34"/><U1/><E117/><V44/><F122/><W68/><G68/><T81/><D116/><U88/><E120/><V8/><F35/><W71/><G71/><T101/><D135/><N who="3" m="51753" /><G125/><T87/><D70/><U41/><E110/><V31/><F124/><W109/><G109/><T97/><D75/><U118/><E118/><V112/><F112/><W29/><G34/><T18/><D2/><U67/><E74/><V23/><F133/><W92/><G77/><T72/><D72/><U131/><E41/><V59/><F31/><W90/><G102/><T80/><D51/><U78/><E38/><V9/><F3/><W79/><G79/><T114/><D114/><U108/><E108/><V49/><F49/><W47/><G73/><T83/><D87/><U22/><E22/><V100/><F100/><W93/><G93/><T121/><D121/><U126/><E126/><V61/><F42/><N who="3" m="22879" /><G47/><T37/><D37/><U103/><REACH who="1" step="1"/><E78/><REACH who="1" ten="250,220,270,250" step="2"/><V12/><F23/><W36/><G36/><T0/><D33/><U40/><E40/><V65/><F21/><W123/><G123/><T16/><D0/><U119/><E119/><V45/><F20/><W50/><G32/><T25/><D25/><U10/><AGARI ba="0,1" hai="1,6,10,64,67,86,88,94,96,103,106,129,130,131" machi="10" ten="40,12000,1" yaku="1,1,0,1,19,1,52,1,54,1,53,0" doraHai="5" doraHaiUra="52" who="1" fromWho="1" sc="250,-40,220,130,270,-40,250,-40" /><INIT seed="1,1,0,5,2,13" ten="210,350,230,210" oya="1" hai0="30,117,108,62,59,45,93,122,18,85,125,37,25" hai1="9,72,60,66,21,3,134,19,109,106,32,17,96" hai2="43,40,116,91,98,121,47,44,42,27,82,115,79" hai3="49,77,89,11,7,64,48,10,8,74,65,39,15"/><U113/><E113/><V131/><F116/><W110/><G39/><T24/><D117/><U76/><E32/><V105/><F121/><W97/><G110/><T53/><D108/><U55/><E109/><V20/><F115/><W2/><G74/><T92/><D125/><U52/><E134/><V129/><F105/><W87/><G2/><T5/><D5/><U127/><E127/><V33/><F33/><W111/><G111/><T38/><D122/><U101/><E76/><V120/><F98/><W119/><G119/><T70/><D70/><U54/><E72/><N who="2" m="43367" /><F91/><W102/><G77/><T67/><D38/><U126/><E126/><V23/><F23/><W12/><G12/><T1/><D1/><U112/><E112/><V104/><F104/><W80/><G49/><N who="0" m="28847" /><D37/><U46/><E46/><V6/><F6/><W22/><G48/><T41/><D41/><U14/><E3/><V28/><F120/><W16/><REACH who="3" step="1"/><G7/><REACH who="3" ten="210,350,230,200" step="2"/><T83/><D25/><U36/><E36/><V86/><F47/><W0/><G0/><T132/><D132/><U78/><E78/><V88/><F44/><W50/><G50/><T31/><D24/><U63/><REACH who="1" step="1"/><E66/><REACH who="1" ten="210,340,230,200" step="2"/><V128/><F43/><W68/><G68/><T118/><D67/><U124/><E124/><V100/><F42/><W133/><G133/><T69/><D118/><U58/><E58/><V34/><F40/><W73/><G73/><T29/><D59/><U114/><E114/><V90/><F131/><W51/><G51/><T75/><D75/><U84/><E84/><V4/><F128/><W81/><G81/><T57/><D83/><RYUUKYOKU ba="1,2" sc="210,-15,340,15,230,-15,200,15" hai1="9,14,17,19,21,52,54,55,60,63,96,101,106" hai3="8,10,11,15,16,22,64,65,80,87,89,97,102" /><INIT seed="1,2,2,4,1,117" ten="195,355,215,215" oya="1" hai0="22,36,63,126,74,28,81,92,107,133,14,88,121" hai1="23,1,68,102,17,124,56,52,104,29,125,10,79" hai2="80,38,76,20,105,9,87,6,41,120,58,111,59" hai3="45,129,43,47,108,32,64,50,132,65,110,57,90"/><U44/><E68/><V40/><F120/><W75/><G32/><T2/><D2/><U113/><E113/><V103/><F111/><N who="3" m="42539" /><G75/><T118/><D118/><U95/><E79/><V96/><F20/><W86/><G129/><T101/><D121/><U8/><E104/><V97/><F97/><W109/><N who="3" m="42547" /><W70/><DORA hai="114" /><G132/><T100/><D36/><U71/><E71/><V123/><F123/><W67/><G70/><T24/><D133/><U16/><E44/><V21/><F21/><W53/><G43/><T84/><D126/><N who="1" m="48747" /><E29/><V12/><REACH who="2" step="1"/><F38/><REACH who="2" ten="195,355,205,215" step="2"/><W73/><G73/><T48/><D74/><U131/><E131/><V19/><F19/><W115/><G115/><T33/><D22/><U51/><E17/><V0/><F0/><W49/><G49/><T78/><D48/><U82/><E1/><V128/><F128/><W61/><G50/><T34/><D34/><U3/><E3/><V94/><F94/><AGARI ba="2,3" hai="45,47,53,57,61,64,65,67,86,90,94" m="42547" machi="94" ten="40,1300,0" yaku="14,1" doraHai="117,114" who="3" fromWho="2" sc="195,0,355,0,205,-19,215,49" /><INIT seed="2,0,0,2,1,53" ten="195,355,186,264" oya="2" hai0="116,51,9,84,69,61,118,106,122,35,46,41,102" hai1="3,25,73,2,19,119,128,58,108,7,15,50,23" hai2="32,16,59,56,133,113,126,55,31,82,21,60,91" hai3="121,104,86,24,99,95,77,129,88,48,81,13,100"/><V117/><F126/><W87/><G121/><T47/><D35/><U38/><E38/><V0/><F133/><W20/><G129/><T52/><D102/><U76/><E76/><V6/><F113/><W83/><G48/><N who="0" m="28703" /><D106/><U17/><E73/><V43/><F117/><N who="0" m="45162" /><D84/><U114/><E119/><V45/><F31/><W109/><G109/><T85/><D85/><U65/><E108/><V92/><F32/><W110/><G110/><T97/><D97/><U66/><E128/><V26/><F82/><W130/><G130/><T5/><D122/><U18/><E2/><V12/><F56/><W123/><G123/><T40/><D40/><U42/><E42/><V107/><F107/><W67/><G67/><N who="0" m="41199" /><D9/><U105/><E105/><V64/><F0/><W68/><G13/><T30/><D5/><U135/><E3/><V28/><F6/><W36/><G68/><T93/><D93/><U125/><E7/><V14/><F64/><W127/><G36/><T27/><D27/><U34/><E66/><V29/><F14/><W103/><G127/><T90/><D90/><U134/><E125/><V33/><F12/><W79/><G104/><T62/><D30/><AGARI ba="0,0" hai="20,24,30,77,79,81,83,86,87,88,95,99,100,103" machi="30" ten="30,7700,0" yaku="7,1,9,1,8,1,54,1" doraHai="53" who="3" fromWho="0" sc="195,-77,355,0,186,0,264,77" /><INIT seed="3,0,0,3,0,135" ten="118,355,186,341" oya="3" hai0="124,80,71,7,121,43,81,64,33,35,77,67,12" hai1="122,31,89,113,102,94,63,56,72,130,25,0,66" hai2="104,88,108,93,59,119,114,69,58,29,131,84,41" hai3="49,3,10,101,116,73,47,30,13,103,11,53,27"/><W92/><G73/><T14/><D43/><U32/><E113/><V87/><F114/><W52/><G116/><T70/><D7/><U22/><E0/><V83/><F119/><W51/><G3/><T98/><D98/><U82/><E130/><V21/><F108/><W96/><G103/><T5/><D5/><U4/><E4/><V17/><F69/><W50/><G53/><T118/><D118/><U75/><E122/><V123/><F104/><W100/><G100/><T95/><D95/><U112/><E112/><V68/><F68/><W126/><G126/><T39/><D39/><U1/><E1/><V85/><F123/><W9/><REACH who="3" step="1"/><G13/><REACH who="3" ten="118,355,186,331" step="2"/><T128/><D121/><U134/><E102/><V110/><F110/><W105/><G105/><T45/><D128/><U38/><E75/><V125/><F125/><W15/><G15/><T23/><D124/><U8/><E72/><V111/><F111/><W24/><G24/><T127/><D127/><U106/><E25/><V16/><F131/><W2/><G2/><T6/><D14/><U109/><E106/><V19/><F41/><W37/><G37/><T20/><D12/><U28/><E38/><V91/><F29/><W107/><G107/><T97/><D6/><U76/><E109/><V120/><F120/><W40/><G40/><T86/><D67/><U74/><E66/><V18/><F21/><AGARI ba="0,1" hai="9,10,11,21,27,30,47,49,50,51,52,92,96,101" machi="21" ten="40,7700,0" yaku="1,1,8,1,54,1,53,0" doraHai="135" doraHaiUra="132" who="3" fromWho="2" sc="118,0,355,0,186,-77,331,87" /><INIT seed="3,1,0,0,0,36" ten="118,355,109,418" oya="3" hai0="79,97,13,48,58,104,83,63,132,1,25,114,60" hai1="89,81,24,45,76,107,108,52,0,86,72,116,16" hai2="31,100,126,131,113,54,53,68,51,21,8,124,57" hai3="55,49,6,26,102,67,14,69,105,75,98,4,135"/><W106/><G75/><T59/><D1/><U29/><E0/><V28/><F113/><W127/><G127/><N who="2" m="48681" /><F68/><W32/><G135/><T92/><D132/><U71/><E71/><V38/><F38/><W41/><G106/><T94/><D114/><U80/><E107/><V111/><F111/><W40/><G14/><T121/><D121/><U117/><E108/><V90/><F131/><W103/><G103/><T20/><D13/><U27/><E16/><V85/><F100/><W120/><G120/><T37/><D37/><U50/><REACH who="1" step="1"/><E29/><REACH who="1" ten="118,345,109,418" step="2"/><V66/><F31/><N who="3" m="19575" /><G4/><T65/><D104/><U46/><E46/><V109/><F28/><W7/><G6/><T125/><D125/><U101/><E101/><V119/><F109/><W70/><G7/><T47/><D25/><AGARI ba="1,1" hai="24,25,27,45,50,52,72,76,80,81,86,89,116,117" machi="25" ten="40,5200,0" yaku="1,1,54,1,53,1" doraHai="36" doraHaiUra="73" who="1" fromWho="0" sc="118,-55,345,65,109,0,418,0" /><INIT seed="4,0,0,0,3,79" ten="63,410,109,418" oya="0" hai0="0,88,111,56,126,18,92,57,114,108,50,97,51" hai1="35,14,134,2,69,33,93,42,52,24,95,47,19" hai2="133,81,43,37,124,23,27,130,63,17,132,48,106" hai3="90,116,80,78,60,39,91,13,11,104,86,84,66"/><T89/><D0/><U76/><E2/><V44/><F106/><W94/><G104/><T83/><D18/><U99/><E69/><V98/><F98/><W105/><G39/><T128/><D126/><U45/><E134/><N who="2" m="51819" /><F124/><W127/><G105/><T122/><D122/><U1/><E1/><V41/><F130/><W107/><G107/><T102/><D128/><U16/><E76/><V29/><F63/><W21/><G127/><T31/><D31/><U68/><E68/><V113/><F113/><W96/><G116/><T28/><D28/><U25/><E14/><N who="2" m="9655" /><F37/><W112/><G21/><T121/><D121/><U5/><E99/><V32/><F81/><W65/><G60/><T6/><D6/><U110/><E5/><V100/><F100/><W125/><G112/><T30/><D30/><U74/><E42/><AGARI ba="0,0" hai="27,29,32,41,42,43,44,48" m="9655,51819" machi="42" ten="30,1000,0" yaku="20,1" doraHai="79" who="2" fromWho="1" sc="63,0,410,-10,109,10,418,0" /><INIT seed="5,0,0,4,0,131" ten="63,400,119,418" oya="1" hai0="5,1,125,73,42,63,45,104,34,88,43,133,13" hai1="132,55,57,25,8,106,28,95,0,2,92,59,130" hai2="49,68,40,3,96,80,50,64,36,47,37,105,7" hai3="115,71,66,16,41,26,4,20,56,118,134,82,72"/><U21/><E106/><V89/><F3/><W99/><G115/><T97/><D125/><U135/><E130/><V15/><F105/><W69/><G118/><T122/><D122/><U121/><E121/><V65/><F7/><W90/><G41/><T31/><D73/><U58/><E55/><V128/><F15/><W120/><G120/><T116/><D116/><U111/><E111/><V91/><F128/><W54/><G4/><T129/><D1/><N who="1" m="619" /><E8/><V103/><F80/><W77/><G66/><T44/><D31/><U61/><E61/><V79/><F79/><W32/><G32/><T14/><D34/><U9/><E9/><V33/><F33/><W17/><G17/><T117/><D63/><U46/><E46/><N who="0" m="18025" /><D117/><U94/><E28/><V51/><F68/><W127/><G127/><T110/><D110/><U48/><E21/><V83/><F36/><W100/><G71/><T87/><D129/><U84/><E48/><V124/><F124/><W10/><G69/><T39/><D39/><U62/><E62/><V85/><F89/><W11/><G90/><T102/><D133/><N who="1" m="51275" /><E25/><V30/><F30/><W98/><G134/><T108/><D108/><U109/><E109/><V114/><F114/><W52/><G54/><T70/><D70/><U6/><E6/><V113/><F113/><W27/><G27/><T112/><D112/><U76/><E76/><V93/><AGARI ba="0,0" hai="37,40,47,49,50,51,64,65,83,85,91,93,96,103" machi="93" ten="30,1100,0" yaku="0,1" doraHai="131" who="2" fromWho="2" sc="63,-3,400,-5,119,11,418,-3" /><INIT seed="6,0,0,5,2,3" ten="60,395,130,415" oya="2" hai0="33,112,37,16,14,58,67,47,89,95,74,24,46" hai1="77,40,123,92,103,117,108,100,55,8,71,31,84" hai2="87,118,32,69,10,41,128,105,11,113,45,29,93" hai3="49,57,62,135,42,70,43,121,107,116,111,96,133"/><V0/><F105/><W109/><G116/><T99/><D74/><U75/><E71/><V51/><F69/><W6/><G121/><T90/><D112/><U119/><E40/><V50/><F113/><W56/><G6/><T66/><D37/><U78/><E55/><V35/><F118/><W115/><G115/><T1/><D1/><U52/><E52/><V94/><F128/><W22/><G22/><T39/><D39/><U106/><E8/><V53/><F29/><W102/><G70/><T110/><D110/><U85/><E31/><V64/><F64/><N who="0" m="24618" /><D33/><U7/><E7/><V4/><F11/><W65/><G56/><T126/><D126/><U83/><E108/><N who="3" m="41546" /><G49/><T68/><D68/><U13/><E13/><V12/><F12/><W122/><G122/><T2/><D2/><U86/><E123/><V81/><F35/><W28/><G28/><T63/><D24/><U88/><E78/><V82/><F32/><W54/><G65/><N who="0" m="39159" /><D90/><U134/><E106/><V80/><F0/><W38/><G38/><T91/><D91/><U120/><E120/><V97/><F41/><W34/><G34/><T26/><D26/><U98/><E119/><V36/><F36/><W27/><G27/><T23/><AGARI ba="0,0" hai="14,16,23,46,47,89,95,99" m="39159,24618" machi="23" ten="30,2000,0" yaku="8,1,54,1" doraHai="3" who="0" fromWho="0" sc="60,20,395,-5,130,-10,415,-5" /><INIT seed="7,0,0,0,3,63" ten="80,390,120,410" oya="3" hai0="123,55,98,120,40,59,99,62,75,107,68,131,32" hai1="105,94,16,125,108,93,43,115,127,36,79,24,78" hai2="76,61,110,17,112,56,19,70,73,35,18,23,88" hai3="87,134,30,128,92,71,15,51,106,37,12,39,129"/><W90/><G134/><T1/><D1/><U124/><E115/><V6/><F112/><W31/><G106/><T8/><D75/><U0/><E108/><V46/><F35/><W102/><G71/><T50/><D32/><U5/><E105/><V101/><F70/><W97/><G51/><T109/><D109/><U96/><E0/><V132/><F101/><W25/><G31/><T130/><D8/><U67/><E5/><V111/><F6/><W42/><G42/><T103/><D98/><U95/><E67/><N who="2" m="39335" /><F23/><W26/><G26/><T58/><D68/><U117/><E96/><V27/><F27/><W126/><G25/><T41/><D41/><U122/><E122/><V100/><F100/><W7/><G7/><T28/><D28/><U9/><E117/><V47/><F132/><W3/><G3/><T52/><REACH who="0" step="1"/><D40/><REACH who="0" ten="70,390,120,410" step="2"/><U10/><E10/><V53/><F110/><W89/><G129/><AGARI ba="0,1" hai="50,52,55,58,59,62,99,103,107,120,123,129,130,131" machi="129" ten="40,8000,1" yaku="1,1,2,1,19,1,54,1,53,0" doraHai="63" doraHaiUra="33" who="0" fromWho="3" sc="70,90,390,0,120,0,410,-80" owari="160,-24.0,390,49.0,120,-38.0,330,13.0" /></mjloggm>