<mjloggm ver="2.3"><GO type="97" lobby="0"/><UN n0="%72%65%69%74%61%72%6F%75" n1="%79%6A%2D%63%68%65%6B%69" n2="%E7%A9%82%E5%9D%82%E4%B8%83%E6%B5%B7" n3="%E3%83%88%E3%83%88%E3%83%AA%E5%85%88%E7%94%9F%31%39%E6%AD%B3" dan="14,14,14,13" rate="1957.44,1936.55,1950.95,1991.74" sx="F,M,M,F"/><TAIKYOKU oya="0"/><INIT seed="0,0,0,4,0,46" ten="250,250,250,250" oya="0" hai0="58,19,117,64,5,100,32,107,2,65,29,79,8" hai1="94,81,105,109,50,95,43,60,128,102,66,0,135" hai2="86,67,22,82,113,51,53,16,119,61,104,1,131" hai3="10,97,118,74,17,99,96,76,116,38,101,31,70"/><T40/><D117/><U13/><E0/><V129/><F1/><W34/><G70/><T39/><D19/><U73/><E135/><V111/><F113/><W4/><G38/><T124/><D124/><U75/><E128/><N who="2" m="49227" /><F111/><W15/><G101/><T98/><D79/><U71/><E109/><V130/><F104/><W110/><G110/><T133/><D133/><U106/><E102/><V112/><F112/><W49/><G76/><T77/><D77/><U57/><E81/><V33/><F33/><W54/><G74/><T120/><D120/><U80/><E80/><V121/><F121/><W83/><G83/><T63/><D64/><U87/><E87/><V3/><F3/><W27/><REACH who="3" step="1"/><G4/><REACH who="3" ten="250,250,250,240" step="2"/><T24/><D40/><U9/><E75/><V92/><F119/><W18/><G18/><T48/><D39/><U62/><E73/><V23/><F130/><W56/><AGARI ba="0,1" hai="10,15,17,27,31,34,49,54,56,96,97,99,116,118" machi="56" ten="30,7900,0" yaku="1,1,0,1,52,1,53,1" doraHai="46" doraHaiUra="52" who="3" fromWho="3" sc="250,-39,250,-20,250,-20,240,89" /><INIT seed="1,0,0,2,5,111" ten="211,230,230,329" oya="1" hai0="52,99,26,102,70,120,9,66,36,116,56,7,103" hai1="32,23,6,67,71,46,127,1,110,4,74,28,38" hai2="80,15,51,113,73,49,93,53,68,54,3,43,14" hai3="78,118,10,90,58,21,128,135,100,89,34,84,125"/><U101/><E110/><V121/><F121/><W27/><G34/><T17/><D120/><U134/><E127/><V64/><F3/><W87/><G125/><T8/><D116/><U55/><E134/><V30/><F30/><W12/><G135/><T57/><D36/><U105/><E55/><V16/><F43/><W88/><G128/><T86/><D70/><U94/><E94/><V109/><F109/><W108/><G108/><T122/><D122/><U11/><E23/><V48/><F15/><W50/><G118/><T61/><D86/><U59/><E59/><V129/><F129/><W75/><G100/><N who="0" m="38443" /><D99/><N who="1" m="61631" /><E6/><V44/><F93/><W60/><G50/><N who="0" m="30743" /><D7/><U31/><E31/><V39/><F39/><W97/><G97/><T19/><D19/><U69/><E74/><V76/><F44/><W33/><G75/><T114/><D114/><U35/><E67/><V112/><F64/><N who="3" m="38935" /><G78/><T29/><D29/><U96/><E96/><V123/><F68/><N who="1" m="26185" /><E28/><V124/><F124/><W22/><G87/><T82/><D82/><U5/><E5/><V63/><F123/><W91/><G84/><T65/><D66/><U95/><E95/><V13/><F63/><W42/><G90/><T119/><D119/><U83/><E83/><V77/><F77/><W45/><G27/><T20/><AGARI ba="0,0" hai="8,9,17,20,26,57,61,65" m="30743,38443" machi="20" ten="30,2000,0" yaku="8,1,54,1" doraHai="111" who="0" fromWho="0" sc="211,20,230,-10,230,-5,329,-5" /><INIT seed="2,0,0,3,5,97" ten="231,220,225,324" oya="2" hai0="65,71,87,108,96,123,102,95,107,135,4,124,22" hai1="13,113,64,52,27,53,34,94,99,98,11,63,77" hai2="109,35,0,31,33,66,50,68,82,105,114,6,112" hai3="19,129,104,54,78,55,49,120,16,38,61,39,86"/><V9/><F105/><W32/><G120/><T46/><D123/><U48/><E113/><V67/><F109/><W116/><G116/><T127/><D108/><U18/><E77/><V44/><F31/><W111/><G111/><T10/><D22/><U90/><E99/><V60/><F67/><W101/><G32/><T25/><D46/><U7/><E48/><V23/><F23/><W79/><G49/><T93/><D25/><U126/><E126/><N who="0" m="48169" /><D87/><U84/><E18/><V75/><F35/><W85/><G61/><N who="0" m="40367" /><D135/><U122/><E122/><V73/><F33/><W51/><G51/><T17/><D17/><U91/><E27/><V132/><F132/><W103/><G104/><T106/><D107/><U36/><E36/><V133/><F133/><W14/><G14/><AGARI ba="0,0" hai="4,10,14,93,95,96,102,106" m="40367,48169" machi="14" ten="30,2000,0" yaku="18,1,52,1" doraHai="97" who="0" fromWho="3" sc="231,20,220,0,225,0,324,-20" /><INIT seed="3,0,0,1,3,30" ten="251,220,225,304" oya="3" hai0="81,76,98,59,49,71,34,63,75,21,92,84,9" hai1="94,80,51,74,96,52,55,90,53,43,112,104,57" hai2="135,89,99,32,10,67,79,122,72,19,5,36,83" hai3="45,41,4,62,102,77,33,56,115,46,133,1,93"/><W44/><G115/><T120/><D120/><U131/><E112/><V87/><F36/><W28/><G133/><T60/><D9/><U78/><E131/><V130/><F122/><W58/><G58/><T85/><D71/><U127/><E127/><V47/><F135/><W116/><G116/><T134/><D134/><U6/><E6/><V65/><F130/><W113/><G113/><T48/><D63/><U24/><E43/><V103/><F19/><W7/><G41/><T121/><D121/><U128/><E128/><V31/><F47/><W13/><G1/><T68/><D68/><U35/><REACH who="1" step="1"/><E104/><REACH who="1" ten="251,210,225,304" step="2"/><V97/><F97/><N who="3" m="59695" /><G7/><T111/><D111/><U73/><E73/><V16/><F5/><W124/><G124/><T42/><D75/><U8/><E8/><V22/><F10/><W70/><G4/><T54/><D42/><U64/><E64/><V82/><F99/><W100/><G45/><T125/><D125/><U108/><E108/><V95/><F95/><W37/><G46/><T38/><D38/><U25/><E25/><V12/><REACH who="2" step="1"/><F103/><REACH who="2" ten="251,210,215,304" step="2"/><W23/><G100/><T29/><D98/><U69/><E69/><V101/><F101/><W107/><G70/><T18/><D18/><U27/><E27/><AGARI ba="0,2" hai="12,16,22,27,31,32,65,67,72,79,82,83,87,89" machi="27" ten="40,5200,0" yaku="1,1,52,1,54,1,53,0" doraHai="30" doraHaiUra="132" who="2" fromWho="1" sc="251,0,210,-52,215,72,304,0" owari="251,-15.0,158,-34.0,287,9.0,304,40.0" /></mjloggm>