<mjloggm ver="2.3"><GO type="97" lobby="0"/><UN n0="%E3%83%A9%E3%82%A4%E3%82%AB%40" n1="%E5%B0%B1%E6%B4%BB%E7%94%9F%40%E5%B7%9D%E6%9D%91%E8%BB%8D%E5%9B%A3" n2="%E9%BE%8D%E9%96%80%E6%B8%95%E9%80%8F%E8%8F%AF" n3="%6D%69%73%61%6B%69" dan="15,15,14,13" rate="1926.06,1982.26,1974.41,1815.78" sx="M,M,F,F"/><TAIKYOKU oya="0"/><INIT seed="0,0,0,5,0,95" ten="250,250,250,250" oya="0" hai0="19,29,84,101,98,129,110,15,42,102,61,30,114" hai1="107,3,24,44,135,93,1,16,52,128,43,119,17" hai2="76,106,80,49,116,134,121,126,87,130,22,127,82" hai3="108,73,105,90,33,81,64,60,37,125,14,54,118"/><T85/><D114/><U36/><E107/><V28/><F121/><W74/><G118/><T86/><D129/><U91/><E119/><V0/><F0/><W46/><G33/><T65/><D110/><U124/><E128/><V26/><F116/><W55/><G108/><T10/><D42/><U70/><E70/><V39/><F39/><W41/><G125/><N who="2" m="47625" /><F130/><W97/><G74/><T34/><D34/><U88/><E124/><V103/><F49/><W45/><G45/><T40/><D40/><U117/><E117/><V92/><F82/><W57/><G14/><T6/><D6/><U83/><E135/><V113/><F113/><W7/><G7/><T123/><D123/><U132/><E132/><V99/><F134/><W120/><G120/><T4/><D4/><U79/><E1/><V68/><F68/><W69/><G73/><T109/><D109/><U67/><E3/><V25/><F25/><W63/><G81/><T66/><D101/><U18/><E24/><V13/><F13/><W31/><G31/><T111/><D111/><U77/><E67/><N who="0" m="25609" /><D61/><U104/><E104/><AGARI ba="0,0" hai="22,26,28,76,80,87,92,99,103,104,106" m="47625" machi="104" ten="30,2000,0" yaku="18,1,52,1" doraHai="95" who="2" fromWho="1" sc="250,0,250,-20,250,20,250,0" /><INIT seed="1,0,0,4,4,24" ten="250,230,270,250" oya="1" hai0="113,22,18,92,132,77,60,102,23,20,3,33,13" hai1="99,79,96,52,76,97,131,65,72,1,63,50,88" hai2="134,44,75,112,101,117,15,114,68,59,71,32,19" hai3="47,105,42,43,14,28,135,38,106,98,7,62,16"/><U81/><E1/><V124/><F117/><W64/><G135/><T45/><D3/><U51/><E131/><V104/><F75/><W127/><G127/><T4/><D113/><N who="2" m="43626" /><F134/><W70/><G7/><T95/><D132/><U46/><E51/><V73/><F73/><W110/><G110/><T93/><D33/><U8/><E8/><V54/><F44/><W108/><G108/><T69/><D4/><U133/><E133/><V83/><F83/><W26/><G43/><T37/><D102/><U126/><E126/><V10/><F32/><W130/><G98/><T6/><D6/><U61/><E61/><V103/><F124/><W87/><G87/><T11/><D77/><U36/><E36/><V57/><F57/><W67/><G67/><T122/><D122/><U41/><E76/><V119/><F119/><W128/><G128/><T85/><D37/><U39/><E39/><V30/><F30/><W94/><G94/><T86/><REACH who="0" step="1"/><D45/><REACH who="0" ten="240,230,270,250" step="2"/><U25/><E41/><V58/><F103/><W90/><G130/><T107/><D107/><U29/><E88/><V27/><F101/><W116/><G90/><T121/><D121/><U49/><E46/><V125/><F104/><W118/><G118/><T40/><D40/><U123/><E123/><V31/><F125/><W66/><G116/><T17/><D17/><U111/><E111/><V115/><F115/><W80/><G106/><T82/><D82/><U100/><E100/><V74/><F19/><W120/><G105/><T21/><N who="0" m="5632" /><DORA hai="84" /><T0/><D0/><U53/><E25/><V34/><F27/><W12/><G120/><RYUUKYOKU ba="0,1" sc="240,30,230,-10,270,-10,250,-10" hai0="11,13,18,60,69,85,86,92,93,95" /><INIT seed="2,1,1,5,2,84" ten="270,220,260,240" oya="2" hai0="28,6,56,96,4,36,13,118,10,85,90,122,31" hai1="0,24,81,88,8,22,119,123,110,20,54,30,101" hai2="115,57,48,80,16,64,19,73,100,33,41,116,63" hai3="47,133,107,82,97,32,75,65,74,130,120,94,58"/><V42/><F116/><W83/><G120/><T95/><D122/><U87/><E119/><V92/><F33/><W66/><G32/><T5/><D36/><U117/><E117/><V61/><F61/><W11/><G133/><T15/><D118/><U113/><E123/><V18/><F115/><W128/><G107/><T125/><D125/><U40/><E113/><V55/><F73/><W71/><G71/><T124/><D124/><U126/><E126/><V23/><F23/><W14/><G47/><T35/><D35/><U127/><E127/><V70/><F80/><W52/><G74/><T26/><D26/><U108/><E40/><V43/><F100/><W99/><G99/><T129/><D129/><N who="3" m="49769" /><G75/><T29/><D56/><U131/><E131/><V17/><N who="2" m="4096" /><DORA hai="114" /><V103/><REACH who="2" step="1"/><F103/><REACH who="2" ten="270,220,250,240" step="2"/><W53/><G83/><N who="0" m="49471" /><D10/><U79/><E101/><AGARI ba="1,2" hai="4,5,6,13,15,28,29,31,95,96,101" m="49471" machi="101" ten="30,2000,0" yaku="8,1,52,1" doraHai="84,114" who="0" fromWho="1" sc="270,43,220,-23,250,0,240,0" /><INIT seed="3,0,0,4,3,125" ten="313,197,250,240" oya="3" hai0="41,111,127,120,64,60,131,84,13,5,26,49,19" hai1="122,51,101,78,112,100,30,119,130,79,89,1,109" hai2="33,62,40,121,85,9,94,31,17,15,43,18,44" hai3="52,55,113,42,83,6,36,32,93,99,86,117,25"/><W87/><G117/><T104/><D120/><U56/><E1/><V47/><F121/><W82/><G113/><T58/><D127/><U88/><E122/><V14/><F62/><W123/><G123/><T126/><D126/><U23/><E112/><V67/><F67/><W10/><G42/><T20/><D104/><U124/><E124/><V0/><F0/><W90/><G36/><T73/><D73/><U69/><E69/><V133/><F133/><W16/><G32/><T38/><D38/><U65/><E119/><V27/><F47/><W132/><G132/><T3/><D3/><U45/><E109/><V116/><F116/><W97/><G97/><T29/><D5/><U12/><E130/><V7/><F7/><W103/><G6/><T91/><D131/><U102/><E65/><V35/><F35/><W59/><G55/><T61/><D64/><U98/><E56/><V57/><F57/><W105/><G105/><T2/><D2/><U22/><E30/><V34/><F34/><W4/><G4/><T21/><D111/><U134/><E134/><V128/><F128/><W63/><G10/><T96/><D96/><U107/><E107/><V106/><F106/><W54/><G54/><N who="0" m="32079" /><D41/><N who="1" m="25007" /><E98/><V110/><F110/><W76/><G25/><T66/><D66/><U92/><E92/><AGARI ba="0,0" hai="13,19,20,21,26,29,60,61,84,91,92" m="32079" machi="92" ten="30,2000,0" yaku="25,1,8,1" doraHai="125" who="0" fromWho="1" sc="313,20,197,-20,250,0,240,0" owari="333,43.0,177,-32.0,250,5.0,240,-16.0" /></mjloggm>