<mjloggm ver="2.3"><GO type="97" lobby="0"/><UN n0="%E3%81%A9%E3%81%A3%E3%81%A8" n1="%73%74%63%63" n2="%E5%B0%B1%E6%B4%BB%E7%94%9F%40%E5%B7%9D%E6%9D%91%E8%BB%8D%E5%9B%A3" n3="%E3%83%84%E3%83%83%E3%83%91%E3%83%AA%E9%9A%8A" dan="15,13,14,15" rate="1993.47,1868.09,1916.31,2101.63" sx="F,M,M,M"/><TAIKYOKU oya="0"/><INIT seed="0,0,0,0,0,66" ten="250,250,250,250" oya="0" hai0="9,41,36,118,113,111,105,12,72,96,28,62,27" hai1="107,39,131,102,100,4,114,74,76,60,75,6,43" hai2="67,13,51,0,49,50,116,20,94,73,133,84,1" hai3="126,55,77,33,61,110,64,86,93,90,35,8,97"/><T99/><D118/><U80/><E75/><V115/><F73/><W124/><G110/><T71/><D113/><U120/><E120/><V119/><F115/><W95/><G55/><T38/><D72/><U2/><E107/><V69/><F133/><W17/><G17/><T31/><D31/><U128/><E6/><V5/><F94/><W45/><G45/><T56/><D71/><U21/><E114/><V23/><F84/><W82/><G95/><T109/><D41/><U121/><E121/><V48/><N who="2" m="12800" /><DORA hai="19" /><V40/><F40/><W22/><G22/><N who="2" m="8233" /><F13/><W57/><REACH who="3" step="1"/><G8/><REACH who="3" ten="250,250,250,240" step="2"/><T101/><D9/><N who="1" m="2199" /><E21/><V30/><F30/><W63/><G63/><T34/><D62/><U117/><E60/><N who="2" m="40167" /><F5/><W129/><G129/><N who="1" m="49738" /><E117/><AGARI ba="0,1" hai="0,1,116,117,119" m="40167,8233,12800" machi="117" ten="50,8000,1" yaku="12,1,52,4" doraHai="66,19" who="2" fromWho="1" sc="250,0,250,-80,250,90,240,0" /><INIT seed="1,0,0,5,3,63" ten="250,170,340,240" oya="1" hai0="51,104,124,60,9,66,56,58,78,71,55,4,25" hai1="46,41,129,21,19,74,18,116,109,17,11,29,103" hai2="15,61,42,37,131,40,35,128,106,70,86,111,99" hai3="107,39,24,57,102,122,28,113,80,64,134,96,52"/><U73/><E116/><V89/><F35/><W30/><G122/><T90/><D124/><U14/><E129/><N who="2" m="49739" /><F111/><W16/><G113/><T108/><D108/><U62/><E109/><V84/><F37/><W0/><G0/><T20/><D104/><U125/><E103/><N who="2" m="62847" /><F15/><W87/><G39/><T101/><D101/><U112/><E112/><V67/><F86/><W45/><G45/><T115/><D115/><U49/><E125/><V82/><AGARI ba="0,0" hai="40,42,61,67,70,82,84,89" m="62847,49739" machi="82" ten="30,2000,0" yaku="19,1,52,1" doraHai="63" who="2" fromWho="2" sc="250,-5,170,-10,340,20,240,-5" /><INIT seed="2,0,0,1,4,33" ten="245,160,360,235" oya="2" hai0="118,110,5,112,61,19,115,102,97,98,54,93,131" hai1="46,121,63,39,101,76,14,128,40,26,24,25,132" hai2="48,50,104,83,125,78,87,72,31,91,130,117,82" hai3="32,52,16,94,21,18,134,22,99,4,74,0,51"/><V103/><F117/><W111/><G32/><T27/><D118/><U10/><E121/><V100/><F125/><W43/><G74/><T123/><D123/><U49/><E128/><V44/><F130/><W62/><G111/><T75/><D75/><U113/><E132/><V6/><F104/><W127/><G127/><T126/><D126/><U89/><E113/><V11/><F31/><W8/><G43/><T109/><D131/><U108/><E108/><N who="0" m="41577" /><D5/><U79/><E101/><V9/><F50/><W90/><G62/><T85/><D85/><U17/><E39/><V119/><F119/><W133/><G21/><N who="0" m="13759" /><D97/><U71/><E71/><V116/><F116/><W64/><G64/><T35/><D35/><U28/><E28/><V67/><F67/><W69/><G69/><T23/><D23/><U77/><E63/><V13/><F11/><W30/><G30/><T55/><D61/><U41/><E89/><V20/><F20/><W3/><G3/><T73/><D73/><U1/><REACH who="1" step="1"/><E1/><REACH who="1" ten="245,150,360,235" step="2"/><V92/><F103/><W53/><G18/><T58/><D112/><U124/><E124/><V45/><F100/><W2/><G2/><T84/><D115/><U68/><E68/><V122/><F122/><W107/><G107/><T57/><D102/><U47/><E47/><V65/><F45/><W80/><G133/><T105/><D105/><U95/><E95/><V129/><F129/><W15/><G134/><T38/><D93/><U7/><E7/><V86/><F92/><W96/><G80/><T106/><D106/><U36/><E36/><V70/><F83/><W56/><G96/><RYUUKYOKU ba="0,1" sc="245,-15,150,15,360,-15,235,15" hai1="10,14,17,24,25,26,40,41,46,49,76,77,79" hai3="0,4,8,15,16,22,51,52,53,56,90,94,99" /><INIT seed="3,1,1,0,4,3" ten="230,165,345,250" oya="3" hai0="31,28,110,75,125,117,42,123,65,47,73,58,5" hai1="2,124,120,66,41,26,43,112,62,126,90,100,95" hai2="18,82,37,103,121,97,20,67,80,93,89,13,36" hai3="115,86,38,129,91,32,34,24,12,134,44,16,69"/><W46/><G115/><T50/><D123/><U61/><E112/><V55/><F121/><W54/><G69/><T6/><D117/><U85/><E120/><V60/><F55/><W133/><G129/><T111/><D125/><U21/><E2/><V107/><F82/><N who="3" m="49623" /><G38/><T48/><D28/><U40/><E62/><V87/><F107/><W15/><G15/><T135/><D135/><N who="3" m="51721" /><G24/><T122/><D122/><U17/><E100/><V71/><AGARI ba="1,1" hai="13,18,20,36,37,60,67,71,80,87,89,93,97,103" machi="71" ten="20,1500,0" yaku="0,1,7,1" doraHai="3" who="2" fromWho="2" sc="230,-5,165,-5,345,28,250,-8" owari="225,-17.0,160,-34.0,373,47.0,242,4.0" /></mjloggm>