<mjloggm ver="2.3"><GO type="169" lobby="0"/><UN n0="%64%61%72%74%65%72" n1="%E5%B0%B1%E6%B4%BB%E7%94%9F%40%E5%B7%9D%E6%9D%91%E8%BB%8D%E5%9B%A3" n2="%E2%98%86%6E%61%6F%E2%98%86" n3="%52%4F%4C%4C%59" dan="18,16,16,16" rate="2190.69,2191.13,2087.27,2145.51" sx="M,M,F,M"/><TAIKYOKU oya="0"/><INIT seed="0,0,0,1,0,40" ten="250,250,250,250" oya="0" hai0="14,38,84,17,56,21,42,70,5,58,126,114,125" hai1="80,13,34,94,11,88,41,105,66,19,124,8,3" hai2="31,128,57,92,112,87,121,39,55,107,74,110,106" hai3="93,23,117,85,62,50,28,61,53,46,20,26,68"/><T15/><D70/><U0/><E105/><V9/><F121/><W79/><G117/><T108/><D114/><U1/><E34/><V49/><F112/><W91/><G68/><T86/><D108/><U47/><E124/><N who="0" m="47721" /><D38/><U69/><E80/><V22/><F110/><W118/><G118/><T59/><D42/><U97/><E69/><V123/><F74/><W60/><G79/><T95/><D95/><U89/><E66/><V72/><F72/><W18/><REACH who="3" step="1"/><G62/><REACH who="3" ten="250,250,250,240" step="2"/><T16/><D5/><U54/><E54/><V10/><F123/><W78/><G78/><T98/><D98/><U116/><E116/><V43/><F128/><W25/><AGARI ba="0,1" hai="18,20,23,25,26,28,46,50,53,60,61,85,91,93" machi="25" ten="20,8000,1" yaku="1,1,0,1,7,1,8,1,52,1,53,0" doraHai="40" doraHaiUra="4" who="3" fromWho="3" sc="250,-40,250,-20,250,-20,240,90" /><INIT seed="1,0,0,5,4,46" ten="210,230,230,330" oya="1" hai0="96,74,52,107,79,65,58,63,2,16,127,34,44" hai1="100,83,7,135,132,26,122,89,81,51,70,40,119" hai2="59,73,97,14,60,9,12,80,38,91,90,76,31" hai3="30,21,112,33,85,75,19,69,29,37,27,110,24"/><U67/><E122/><V126/><F126/><W50/><G75/><T93/><D34/><U15/><E119/><V56/><F38/><W55/><G37/><T111/><D2/><U106/><E26/><V105/><F31/><W61/><G112/><T92/><D111/><U32/><E32/><V116/><F116/><W57/><G110/><T47/><D127/><U86/><E81/><V4/><F14/><W35/><G85/><T82/><D107/><U134/><E106/><V128/><F128/><W1/><G1/><T88/><D16/><U3/><E3/><V43/><F43/><W125/><G125/><T108/><D108/><U95/><E100/><V49/><F105/><W114/><G114/><T104/><D104/><U71/><E67/><V66/><REACH who="2" step="1"/><F97/><REACH who="2" ten="210,230,220,330" step="2"/><W101/><G33/><T18/><D18/><U11/><E83/><V25/><F25/><W72/><G35/><T129/><D129/><U78/><E78/><V0/><F0/><W84/><G27/><T118/><D118/><U8/><E8/><V28/><F28/><W39/><G39/><T68/><REACH who="0" step="1"/><D93/><REACH who="0" ten="200,230,220,330" step="2"/><U77/><E95/><V113/><F113/><W6/><G30/><T13/><D13/><U54/><E15/><V133/><F133/><W36/><G29/><T62/><AGARI ba="0,2" hai="44,47,52,58,62,63,65,68,74,79,82,88,92,96" machi="62" ten="20,8000,1" yaku="1,1,0,1,7,1,54,2,53,0" doraHai="46" doraHaiUra="131" who="0" fromWho="0" sc="200,100,230,-40,220,-20,330,-20" /><INIT seed="2,0,0,1,3,10" ten="300,190,200,310" oya="2" hai0="13,116,27,1,90,22,53,86,31,80,28,46,110" hai1="127,104,118,92,129,94,133,20,50,16,0,124,117" hai2="78,6,96,83,48,60,21,97,100,135,47,32,29" hai3="14,115,89,122,34,55,87,30,7,44,121,91,56"/><V45/><F32/><W123/><G115/><T79/><D1/><U130/><E104/><V73/><F135/><W18/><G7/><T4/><D110/><U125/><E0/><V11/><F60/><W26/><G44/><T131/><D131/><N who="1" m="50187" /><E50/><V126/><F126/><W8/><REACH who="3" step="1"/><G87/><REACH who="3" ten="300,190,200,300" step="2"/><T5/><D5/><U112/><E112/><V132/><F132/><W106/><G106/><T65/><D4/><U82/><E133/><V43/><F47/><W66/><G66/><T24/><D65/><U59/><E59/><V3/><REACH who="2" step="1"/><F100/><REACH who="2" ten="300,190,190,300" step="2"/><W119/><G119/><T84/><D116/><U38/><E118/><V9/><F9/><W39/><G39/><T114/><D114/><U36/><E117/><V98/><F98/><W107/><G107/><T12/><D46/><U2/><E38/><V99/><F99/><W63/><AGARI ba="0,2" hai="8,14,18,26,30,34,55,56,63,89,91,121,122,123" machi="63" ten="30,4000,0" yaku="1,1,0,1,52,1,53,0" doraHai="10" doraHaiUra="75" who="3" fromWho="3" sc="300,-10,190,-10,190,-20,300,60" /><INIT seed="3,0,0,1,2,7" ten="290,180,170,360" oya="3" hai0="12,45,53,82,120,90,2,123,8,87,102,17,101" hai1="28,98,109,92,48,89,95,127,74,115,80,59,29" hai2="77,133,75,16,11,73,36,19,47,30,52,70,13" hai3="112,119,3,66,63,100,18,128,62,79,76,21,106"/><W117/><G3/><T40/><D2/><U6/><E109/><V93/><F70/><W35/><G35/><T46/><D123/><U39/><E39/><V58/><F133/><W50/><G112/><T37/><D120/><U27/><E127/><V132/><F132/><W135/><G135/><T108/><REACH who="0" step="1"/><D108/><REACH who="0" ten="280,180,170,360" step="2"/><U25/><E115/><V57/><F75/><W67/><G119/><T14/><D14/><U94/><E27/><V31/><F73/><W118/><G117/><T124/><D124/><U51/><E25/><V64/><F36/><W105/><G118/><T22/><D22/><U34/><E34/><V103/><F31/><W83/><G21/><T85/><D85/><U99/><E28/><V84/><F30/><W20/><G20/><T91/><D91/><U121/><E29/><V10/><F77/><W49/><G79/><T107/><D107/><U23/><E23/><V32/><F32/><W60/><G76/><T113/><D113/><U129/><E121/><V43/><F84/><W56/><G105/><T114/><D114/><U44/><E74/><V110/><F110/><W126/><G106/><T122/><D122/><U125/><E125/><V26/><F26/><W69/><G126/><T71/><D71/><U96/><E96/><N who="2" m="59791" /><F13/><W72/><G69/><T1/><D1/><U41/><E98/><V97/><F97/><W104/><G104/><T81/><D81/><U5/><E80/><V68/><F68/><W131/><G83/><T42/><D42/><U38/><E99/><V88/><F43/><W4/><G72/><T0/><D0/><U24/><E41/><RYUUKYOKU ba="0,1" sc="280,30,180,-10,170,-10,360,-10" hai0="8,12,17,37,40,45,46,53,82,87,90,101,102" /><INIT seed="4,1,1,4,5,44" ten="310,170,160,350" oya="0" hai0="91,77,108,56,82,30,19,112,124,43,119,120,59" hai1="102,71,104,94,22,25,18,62,118,80,32,39,16" hai2="42,26,9,86,110,129,2,13,90,14,130,95,81" hai3="34,67,107,125,113,76,52,78,79,121,60,3,68"/><T17/><D120/><U99/><E118/><V111/><F2/><W1/><G121/><T23/><D119/><U27/><E39/><V89/><F42/><W41/><G113/><T61/><D112/><U47/><E80/><V106/><F26/><W98/><G34/><T11/><D124/><U97/><E47/><V5/><F106/><W115/><G115/><T8/><D43/><U65/><E32/><V109/><REACH who="2" step="1"/><F14/><REACH who="2" ten="310,170,150,350" step="2"/><W128/><G3/><T131/><D108/><U35/><E35/><V54/><F54/><W133/><G1/><T122/><D122/><U29/><REACH who="1" step="1"/><E25/><REACH who="1" ten="310,160,150,350" step="2"/><V51/><F51/><W134/><G41/><T100/><D131/><U49/><E49/><V64/><F64/><W117/><G67/><T10/><D61/><U88/><AGARI ba="1,3" hai="16,18,22,27,29,62,65,71,88,94,97,99,102,104" machi="88" ten="20,12000,2" yaku="1,1,0,1,7,1,54,2,53,2" doraHai="44" doraHaiUra="93" who="1" fromWho="1" sc="310,-61,160,153,150,-31,350,-31" /><INIT seed="5,0,0,3,0,36" ten="249,313,119,319" oya="1" hai0="71,28,55,82,43,104,3,98,134,128,127,50,23" hai1="97,4,1,92,39,46,5,38,47,58,54,15,13" hai2="2,62,102,10,125,33,130,31,84,68,94,93,75" hai3="37,133,120,41,99,80,132,109,85,73,112,118,61"/><U14/><E38/><V83/><F75/><W129/><G61/><T119/><D71/><U22/><E22/><V87/><F130/><W108/><G41/><T56/><D3/><U64/><E64/><V32/><F125/><W121/><G37/><T105/><D119/><U86/><E86/><V20/><F20/><W40/><G40/><T12/><D128/><U25/><E25/><V19/><F31/><W69/><G69/><T78/><D134/><N who="3" m="51817" /><G73/><T79/><D127/><U8/><E39/><V63/><F68/><W117/><G99/><T103/><D105/><U34/><E34/><V101/><F2/><W123/><G129/><T113/><D113/><U16/><E4/><V44/><F44/><W81/><G112/><T59/><D43/><U126/><E126/><V76/><F76/><N who="3" m="46215" /><G81/><T115/><D115/><U77/><E77/><V74/><F74/><W95/><G95/><T29/><D59/><U72/><E72/><V11/><REACH who="2" step="1"/><F83/><REACH who="2" ten="249,313,109,319" step="2"/><W89/><G89/><T114/><D114/><U53/><E47/><V90/><F90/><W100/><G100/><T124/><D124/><U49/><E97/><V27/><F27/><W131/><G131/><T66/><D78/><U30/><E30/><N who="0" m="11881" /><D79/><U52/><E92/><V51/><F51/><W60/><G60/><N who="0" m="38151" /><D82/><U106/><E106/><V135/><F135/><W57/><G57/><N who="0" m="33015" /><D23/><U0/><E0/><V35/><F35/><W91/><G91/><T110/><D12/><N who="1" m="4715" /><E58/><V24/><F24/><W17/><G118/><T21/><D21/><N who="1" m="11423" /><E1/><V65/><F65/><W26/><G117/><T122/><D98/><U67/><E67/><RYUUKYOKU ba="0,1" sc="249,-30,313,10,109,10,319,10" hai1="5,8,46,49,52,53,54" hai2="10,11,19,32,33,62,63,84,87,93,94,101,102" hai3="17,26,108,109,120,121,123" /><INIT seed="5,1,1,4,0,28" ten="219,323,119,329" oya="1" hai0="93,44,23,98,62,40,87,85,24,124,118,94,12" hai1="37,109,78,95,69,59,66,64,100,82,45,56,88" hai2="35,97,13,14,101,50,127,119,130,36,57,79,61" hai3="73,133,86,116,81,52,132,46,90,71,70,31,39"/><U83/><E109/><V96/><F119/><W103/><G116/><T5/><D118/><U51/><E37/><V34/><F36/><W65/><G73/><T122/><D122/><U67/><E100/><V9/><F130/><W38/><G103/><T26/><D124/><U1/><E1/><V131/><F131/><W125/><G125/><T99/><D62/><U17/><E17/><V63/><F79/><W104/><G104/><T80/><D12/><U32/><E32/><V77/><F77/><W10/><G10/><T25/><D5/><U105/><E105/><V4/><F127/><W74/><G74/><T129/><D23/><U123/><E69/><V117/><F117/><W15/><G15/><T113/><D113/><U33/><E33/><V29/><F29/><W121/><G31/><T68/><D68/><N who="3" m="26153" /><G65/><T16/><D16/><U20/><E20/><V120/><F120/><W58/><G46/><T107/><D107/><U19/><E19/><V30/><F30/><W128/><G128/><T84/><D80/><N who="1" m="30763" /><E78/><V89/><F101/><W115/><G115/><T108/><D108/><U47/><E47/><V0/><F0/><W27/><G121/><T6/><D6/><U2/><E2/><V111/><F111/><W75/><G75/><T110/><D110/><U7/><E7/><V114/><F114/><W55/><G39/><N who="0" m="21535" /><D129/><U42/><E123/><V112/><F112/><W126/><G38/><T53/><D53/><N who="3" m="20553" /><G126/><T134/><D134/><N who="3" m="51817" /><G27/><T54/><D54/><U135/><E135/><V22/><F4/><W18/><G18/><T41/><D41/><U21/><E21/><RYUUKYOKU ba="1,1" sc="219,10,323,10,119,-30,329,10" hai0="24,25,26,84,85,87,93,94,98,99" hai1="42,45,51,56,59,64,66,67,88,95" hai3="58,81,86,90" /><INIT seed="5,2,1,1,4,78" ten="229,333,89,339" oya="1" hai0="66,103,31,6,30,114,80,108,98,14,28,97,69" hai1="121,55,134,43,73,7,92,113,47,3,22,32,9" hai2="93,76,2,27,24,23,109,82,29,17,83,53,48" hai3="25,71,89,65,90,119,49,117,131,124,84,60,40"/><U75/><E121/><V133/><F109/><W51/><G131/><T99/><D108/><U63/><E32/><V56/><F133/><W45/><G124/><T115/><D66/><U26/><E134/><V106/><F106/><W16/><G51/><T62/><D62/><U88/><E113/><N who="0" m="43017" /><D69/><U0/><E0/><V94/><F2/><W35/><G35/><T33/><D33/><U135/><E135/><V86/><F29/><W100/><G100/><T68/><D68/><U15/><E3/><V11/><F11/><W95/><G90/><T59/><D59/><U79/><E79/><V129/><F129/><W44/><REACH who="3" step="1"/><G45/><REACH who="3" ten="229,333,89,329" step="2"/><T123/><D123/><U77/><E77/><V4/><F4/><W122/><G122/><T38/><D38/><U8/><E63/><V74/><F27/><W96/><G96/><T13/><D6/><U118/><E47/><V20/><F20/><AGARI ba="2,2" hai="16,20,25,40,44,49,60,65,71,84,89,95,117,119" machi="20" ten="40,2600,0" yaku="1,1,54,1,53,0" doraHai="78" doraHaiUra="130" who="3" fromWho="2" sc="229,0,333,0,89,-32,329,52" /><INIT seed="6,0,0,1,5,132" ten="229,333,57,381" oya="2" hai0="39,56,85,95,30,71,90,106,109,75,104,124,74" hai1="83,117,120,20,73,65,112,126,60,121,81,57,110" hai2="70,125,15,91,113,9,10,127,0,11,42,5,116" hai3="2,100,61,98,7,35,40,97,46,66,62,41,92"/><V28/><F70/><W129/><G35/><T134/><D71/><U82/><E110/><V12/><F42/><W130/><G41/><T50/><D39/><U58/><E117/><V63/><F63/><W32/><G32/><T18/><D30/><U4/><E112/><V27/><F116/><W103/><G2/><T122/><D18/><U25/><E4/><N who="2" m="3143" /><F91/><W8/><G46/><T38/><D56/><N who="1" m="36999" /><E126/><N who="2" m="48139" /><F113/><W16/><G40/><T21/><D38/><U34/><E34/><N who="2" m="20767" /><F9/><W13/><G7/><T17/><D124/><U43/><E43/><V24/><F24/><W22/><G8/><T72/><D90/><U79/><E79/><V115/><F115/><W52/><G62/><T68/><D68/><U51/><E51/><V78/><F78/><W93/><G66/><T102/><D50/><U114/><E114/><V86/><F86/><W88/><G88/><T6/><D85/><U80/><E73/><V3/><AGARI ba="0,0" hai="0,3,5,11,15" m="20767,48139,3143" machi="3" ten="30,18000,2" yaku="18,1,34,2,52,3" doraHai="132" who="2" fromWho="2" sc="229,-60,333,-60,57,180,381,-60" /><INIT seed="6,1,0,3,3,87" ten="169,273,237,321" oya="2" hai0="55,49,40,119,9,61,72,108,38,85,94,93,111" hai1="100,23,28,77,39,13,73,8,117,20,64,22,30" hai2="53,98,17,130,58,75,116,56,36,97,60,34,101" hai3="86,127,51,81,5,134,68,3,33,37,1,106,10"/><V29/><F116/><W35/><G134/><T15/><D72/><U41/><E117/><V132/><F132/><W48/><G37/><T31/><D119/><U52/><E64/><V63/><F75/><W110/><G110/><T104/><D104/><U12/><E100/><V66/><F130/><W114/><G106/><T2/><D2/><U129/><E129/><V123/><F123/><W96/><G68/><T135/><D135/><U67/><E67/><V133/><F133/><W122/><G122/><T131/><D131/><U21/><E41/><V103/><F36/><W105/><G127/><T50/><D38/><U128/><E21/><V107/><F17/><W24/><G114/><T32/><D40/><U47/><E39/><V125/><F125/><W121/><G121/><T88/><D61/><U26/><E77/><V19/><F19/><W91/><G3/><T59/><D50/><N who="1" m="28767" /><E73/><V70/><F53/><W102/><G35/><T80/><D108/><U118/><E118/><V120/><F63/><W71/><G71/><T109/><D111/><U95/><E28/><V82/><F120/><W74/><G74/><T126/><D126/><U6/><E13/><V46/><F82/><W89/><G105/><T7/><REACH who="0" step="1"/><D109/><REACH who="0" ten="159,273,237,321" step="2"/><U83/><E128/><V99/><F107/><W27/><G1/><T0/><D0/><U42/><E42/><V4/><F60/><W69/><G69/><T78/><D78/><U112/><E112/><V57/><F70/><W45/><G33/><T18/><D18/><U79/><E79/><V43/><F43/><W113/><G113/><T54/><D54/><RYUUKYOKU type="nm" ba="1,1" sc="159,-20,273,-20,237,-40,321,80" hai0="7,9,15,31,32,49,55,59,80,85,88,93,94" /><INIT seed="7,2,1,5,0,115" ten="139,253,197,401" oya="3" hai0="108,25,118,133,45,93,85,65,63,23,98,31,4" hai1="53,52,67,104,60,24,41,30,94,37,9,75,99" hai2="103,56,48,59,81,130,12,16,135,55,68,1,80" hai3="19,22,71,73,28,134,61,42,109,8,54,122,64"/><W83/><G8/><T119/><D133/><U27/><E75/><V32/><F32/><W88/><G28/><T95/><D108/><U127/><E104/><V102/><F1/><W62/><G42/><T113/><D113/><U29/><E37/><V101/><F68/><W34/><G34/><T114/><D114/><U116/><E116/><V69/><F69/><W112/><G112/><T50/><D4/><U5/><E41/><V89/><F135/><W100/><G100/><T106/><D85/><U132/><E29/><V7/><F7/><W90/><G134/><T84/><D84/><U26/><E30/><V35/><F35/><W87/><G73/><T57/><D106/><U128/><E127/><V121/><F130/><W82/><G122/><T70/><D70/><U131/><E132/><V2/><F2/><W77/><G109/><T97/><D95/><U18/><E18/><V72/><F72/><W38/><G38/><T0/><D0/><U129/><E60/><V11/><F121/><W17/><G17/><T126/><D126/><U120/><E67/><V33/><F33/><W92/><G92/><T125/><D125/><U6/><E120/><V96/><F59/><W66/><G54/><N who="1" m="21098" /><E9/><V79/><F79/><W39/><G39/><T13/><D13/><U20/><E20/><V107/><F107/><W117/><G22/><T44/><D98/><U124/><E124/><V15/><F15/><W110/><G71/><T76/><D76/><U49/><E6/><V74/><F74/><W36/><G110/><T43/><D45/><U14/><E5/><V10/><F96/><RYUUKYOKU ba="2,1" sc="139,30,253,-10,197,-10,401,-10" hai0="23,25,31,43,44,50,57,63,65,93,97,118,119" owari="169,-33.0,243,4.0,187,-21.0,401,50.0" /></mjloggm>