<mjloggm ver="2.3"><GO type="169" lobby="0"/><UN n0="%E3%83%88%E3%83%88%E3%83%AA%E5%85%88%E7%94%9F%31%39%E6%AD%B3" n1="%E4%B8%AD%E6%9D%91%E8%B1%AA" n2="%EF%BC%A4%EF%BC%B2%EF%BC%AF%EF%BC%B0" n3="%E3%81%B5%E3%81%98%E3%81%8A" dan="18,16,16,18" rate="2270.69,2107.02,2052.28,2211.43" sx="F,M,M,M"/><TAIKYOKU oya="0"/><INIT seed="0,0,0,3,0,24" ten="250,250,250,250" oya="0" hai0="63,28,33,82,13,61,51,95,80,125,130,132,89" hai1="78,67,22,118,129,65,116,93,119,52,73,79,57" hai2="36,53,113,7,56,111,69,62,19,131,96,90,104" hai3="103,9,6,37,32,64,14,91,127,11,46,18,76"/><T112/><D112/><U120/><E120/><V72/><F113/><W17/><G127/><T27/><D125/><U59/><E129/><V109/><F72/><W29/><G103/><T135/><D130/><U2/><E2/><V101/><F131/><W114/><G64/><T5/><D51/><U83/><E79/><V126/><F126/><W121/><G76/><T133/><D13/><U15/><E93/><V100/><F36/><W43/><G114/><T68/><D5/><U38/><E38/><V123/><F123/><W134/><G121/><T49/><D49/><U115/><E115/><V122/><F122/><W70/><G70/><T88/><D89/><U94/><E94/><V58/><F69/><W124/><G124/><T42/><D42/><U99/><E99/><V35/><F100/><W3/><G134/><T66/><REACH who="0" step="1"/><D63/><REACH who="0" ten="240,250,250,250" step="2"/><U16/><REACH who="1" step="1"/><E59/><REACH who="1" ten="240,240,250,250" step="2"/><V12/><F58/><W1/><G1/><T23/><D23/><U117/><N who="1" m="29696" /><DORA hai="128" /><U40/><E40/><V4/><F56/><W105/><G43/><T45/><D45/><U107/><E107/><V30/><F104/><W39/><G105/><T34/><D34/><U84/><E84/><AGARI ba="0,2" hai="27,28,33,61,66,68,80,82,84,88,95,132,133,135" machi="84" ten="40,18000,2" yaku="1,1,20,1,52,4,54,1,53,0" doraHai="24,128" doraHaiUra="48,41" who="0" fromWho="1" sc="240,200,240,-180,250,0,250,0" /><INIT seed="0,1,0,3,3,29" ten="440,60,250,250" oya="0" hai0="59,100,31,34,4,106,108,49,72,69,56,11,71" hai1="104,7,33,52,105,5,70,114,37,90,36,129,101" hai2="79,64,82,116,45,122,54,131,8,50,38,43,28" hai3="17,66,3,27,21,126,1,68,53,120,18,40,9"/><T41/><D72/><U117/><E70/><V132/><F122/><W13/><G40/><T80/><D108/><U51/><E117/><V81/><F116/><W0/><G53/><T60/><D80/><U39/><E129/><V57/><F131/><W86/><G86/><T118/><D118/><U84/><E114/><V24/><F132/><W103/><G103/><T58/><D60/><U74/><E74/><V73/><F81/><W75/><G75/><T48/><D100/><U125/><E125/><V12/><F64/><W107/><G107/><T94/><D94/><U35/><E101/><V19/><F28/><N who="3" m="17519" /><G66/><T123/><D106/><U95/><E105/><V93/><F93/><W65/><G65/><T96/><D96/><U30/><E104/><V46/><F24/><W98/><G98/><T26/><D123/><U55/><E30/><V10/><REACH who="2" step="1"/><F46/><REACH who="2" ten="440,60,240,250" step="2"/><W16/><G120/><T111/><D111/><U102/><E102/><V127/><F127/><W42/><G126/><T67/><D67/><U25/><E25/><V15/><F15/><N who="3" m="7407" /><G68/><T78/><D71/><U88/><E90/><V133/><F133/><W6/><G42/><T63/><D41/><U85/><E85/><V128/><F128/><W77/><G77/><T23/><D78/><U109/><E109/><V135/><F135/><W97/><G97/><T119/><D119/><U99/><E99/><V121/><F121/><W110/><G110/><T87/><D69/><U91/><E91/><V20/><AGARI ba="1,1" hai="8,10,12,19,20,38,43,45,50,54,57,73,79,82" machi="20" ten="20,5200,0" yaku="1,1,0,1,7,1,53,1" doraHai="29" doraHaiUra="44" who="2" fromWho="2" sc="440,-27,60,-14,240,65,250,-14" /><INIT seed="1,0,0,3,2,58" ten="413,46,305,236" oya="1" hai0="13,33,54,1,134,96,103,65,60,82,113,133,98" hai1="73,130,106,122,90,118,116,39,64,46,104,67,30" hai2="71,108,20,88,105,11,83,93,111,48,107,25,119" hai3="9,123,95,84,132,31,51,17,68,63,121,89,77"/><U52/><E73/><V0/><F119/><W27/><G132/><N who="0" m="50795" /><D113/><U100/><E122/><V112/><F71/><W34/><G51/><T8/><D33/><U6/><E130/><V19/><F83/><W125/><G125/><T94/><D1/><U124/><E124/><V92/><F92/><W43/><G43/><T91/><D54/><U117/><E6/><N who="2" m="1479" /><F48/><W15/><G77/><T86/><D103/><U14/><E14/><V26/><F26/><W10/><REACH who="3" step="1"/><G9/><REACH who="3" ten="413,46,305,226" step="2"/><T23/><D8/><U3/><E3/><V24/><F112/><W45/><G45/><T55/><D82/><U127/><E127/><V47/><F47/><W50/><G50/><T109/><D109/><N who="2" m="42058" /><F25/><W7/><G7/><T80/><D80/><U102/><E46/><V79/><F79/><W128/><G128/><T22/><D94/><U69/><E117/><V37/><F37/><W29/><G29/><T38/><D38/><U129/><E129/><V76/><F76/><W57/><G57/><T35/><D13/><U87/><E39/><V12/><F12/><W56/><G56/><T18/><D18/><U110/><E30/><V28/><F28/><W62/><G62/><T81/><D60/><U42/><E110/><V74/><F74/><W99/><G99/><AGARI ba="0,1" hai="19,20,24,88,93,99,105,107" m="42058,1479" machi="99" ten="30,2000,0" yaku="14,1,54,1" doraHai="58" who="2" fromWho="3" sc="413,0,46,0,305,30,226,-20" /><INIT seed="2,0,0,3,2,11" ten="413,46,335,206" oya="2" hai0="59,86,102,17,107,125,19,78,34,84,4,82,72" hai1="1,77,3,37,55,101,41,38,91,134,129,61,119" hai2="40,120,45,83,13,30,29,20,52,81,106,54,6" hai3="94,135,22,64,111,88,117,95,92,109,57,31,9"/><V25/><F106/><W39/><G117/><T116/><D34/><U67/><E119/><V74/><F120/><W36/><G135/><T118/><D125/><U7/><E129/><V80/><F74/><W73/><G73/><T5/><D59/><U46/><E134/><V26/><F40/><W131/><G131/><T24/><D72/><U44/><E77/><V48/><F54/><W56/><G9/><T100/><D78/><U62/><E101/><V58/><F45/><W99/><G94/><T43/><D43/><U79/><E79/><V122/><F122/><W121/><G121/><T27/><D82/><U76/><E76/><V15/><REACH who="2" step="1"/><F6/><REACH who="2" ten="413,46,325,206" step="2"/><W71/><G64/><T105/><AGARI ba="0,1" hai="4,5,17,19,24,27,84,86,100,102,105,107,116,118" machi="105" ten="25,3200,0" yaku="0,1,22,2" doraHai="11" who="0" fromWho="0" sc="413,42,46,-8,325,-16,206,-8" /><INIT seed="3,0,0,4,2,87" ten="455,38,309,198" oya="3" hai0="34,106,60,105,27,50,125,127,116,88,62,98,2" hai1="25,73,76,63,31,111,4,17,11,7,42,5,28" hai2="108,35,78,61,6,134,53,56,66,45,72,92,3" hai3="44,40,59,57,65,32,113,126,107,12,24,131,109"/><W37/><G107/><T114/><D116/><U129/><E42/><V123/><F35/><W81/><G113/><T70/><D2/><U15/><E76/><V19/><F108/><W99/><G109/><T48/><D114/><U79/><E79/><V13/><F6/><N who="1" m="2665" /><E73/><V54/><F3/><W133/><G12/><T18/><D34/><N who="1" m="20751" /><E63/><N who="0" m="24105" /><D70/><U64/><E64/><V85/><F72/><W132/><G99/><T93/><D50/><U68/><E68/><V47/><F123/><W52/><G131/><T119/><D48/><U135/><E129/><V90/><F134/><N who="3" m="51819" /><G126/><N who="0" m="48139" /><D119/><U95/><E135/><V43/><F78/><W9/><G9/><T100/><D100/><U58/><E58/><V39/><F45/><W89/><G65/><T84/><D98/><U130/><E130/><V26/><F26/><W10/><G10/><AGARI ba="0,0" hai="10,13,19,39,43,47,53,54,56,61,66,85,90,92" machi="10" ten="30,2000,0" yaku="7,1,52,1" doraHai="87" who="2" fromWho="3" sc="455,0,38,0,309,20,198,-20" /><INIT seed="4,0,0,4,4,105" ten="455,38,329,178" oya="0" hai0="40,37,67,55,98,62,33,41,74,91,35,112,95" hai1="30,16,43,24,111,14,128,18,115,107,100,73,130" hai2="117,113,82,104,60,122,4,92,17,88,84,21,103" hai3="83,125,63,26,71,27,114,36,15,48,120,119,93"/><T23/><D112/><U39/><E111/><V56/><F122/><W110/><G83/><T106/><D74/><U61/><E115/><V29/><F113/><W10/><G93/><T102/><D55/><U51/><E39/><V126/><F104/><W134/><G48/><T66/><D23/><U94/><E107/><V58/><F126/><W59/><G59/><T79/><D79/><U11/><E18/><V7/><F29/><W70/><G63/><T132/><D132/><U101/><E61/><V89/><F103/><W57/><G57/><N who="2" m="22121" /><F117/><W75/><G10/><T68/><D67/><U108/><E108/><V34/><F34/><W76/><G76/><T80/><D80/><U47/><E73/><V46/><F46/><W69/><G15/><T6/><D6/><U85/><E85/><N who="2" m="52239" /><F60/><W3/><G26/><AGARI ba="0,0" hai="4,7,17,21,26,82,84,89" m="52239,22121" machi="26" ten="30,2000,0" yaku="8,1,54,1" doraHai="105" who="2" fromWho="3" sc="455,0,38,0,329,20,178,-20" /><INIT seed="5,0,0,0,4,71" ten="455,38,349,158" oya="1" hai0="89,27,36,60,40,101,70,88,13,125,74,46,34" hai1="14,132,126,135,41,18,97,98,78,21,35,49,76" hai2="43,55,115,8,63,121,61,110,65,119,112,123,62" hai3="64,3,67,106,53,20,131,87,114,4,29,39,82"/><U77/><E35/><V100/><F100/><W33/><G33/><T94/><D74/><U116/><E116/><V69/><F8/><W45/><G106/><T111/><D111/><U95/><E126/><V54/><F110/><W15/><G114/><N who="2" m="43561" /><F119/><W96/><G3/><T81/><D125/><U50/><E41/><V9/><F9/><N who="3" m="4519" /><G39/><T12/><D101/><U107/><E107/><V102/><F102/><W83/><G96/><T68/><D81/><N who="3" m="30729" /><G87/><T7/><D89/><U84/><E84/><V133/><F133/><N who="1" m="51273" /><E98/><V51/><F65/><W117/><G117/><T26/><D34/><U109/><E109/><V32/><F69/><W38/><G38/><T105/><D70/><U59/><E59/><V124/><F124/><W108/><G108/><T91/><D105/><U25/><E14/><V58/><F32/><W2/><G2/><T52/><D12/><U48/><E77/><V22/><F43/><W72/><G72/><T79/><D79/><U42/><E42/><V6/><F6/><W37/><G37/><T104/><D104/><U120/><E120/><N who="2" m="46155" /><F22/><W127/><G127/><T99/><D68/><U19/><E19/><V73/><F73/><W86/><G20/><T17/><D7/><U113/><E113/><V128/><F128/><W85/><G131/><T90/><D90/><AGARI ba="0,0" hai="18,21,25,48,49,50,76,78,90,95,97" m="51273" machi="90" ten="30,1500,0" yaku="20,1" doraHai="71" who="1" fromWho="0" sc="455,-15,38,15,349,0,158,0" /><INIT seed="5,1,0,5,0,22" ten="440,53,349,158" oya="1" hai0="48,56,79,13,67,109,86,8,64,111,93,96,83" hai1="124,99,116,112,12,52,94,87,101,103,2,45,104" hai2="16,114,66,95,24,38,123,72,98,117,23,6,7" hai3="62,118,113,106,81,92,80,134,44,1,53,88,73"/><U19/><E2/><V0/><F123/><W131/><G106/><T100/><D109/><U35/><E116/><V110/><F110/><W47/><G1/><T51/><D111/><U70/><E70/><V21/><F72/><W26/><G118/><T20/><D20/><U28/><E112/><V122/><F38/><W133/><G113/><T49/><REACH who="0" step="1"/><D56/><REACH who="0" ten="430,53,349,158" step="2"/><U102/><E124/><V126/><F23/><W74/><G133/><T32/><D32/><U46/><E104/><V61/><F21/><W115/><G134/><T54/><D54/><U75/><E75/><V42/><F126/><W91/><G53/><T89/><D89/><N who="1" m="55759" /><E35/><V65/><F114/><W39/><G74/><T41/><D41/><U71/><E71/><V15/><F42/><W125/><G73/><T25/><D25/><U60/><E87/><V58/><F117/><W3/><G125/><T105/><D105/><U11/><E28/><V34/><F34/><W40/><G40/><T4/><AGARI ba="1,1" hai="4,8,13,48,49,51,64,67,79,83,86,93,96,100" machi="4" ten="30,7900,0" yaku="1,1,0,1,8,1,53,1" doraHai="22" doraHaiUra="10" who="0" fromWho="0" sc="430,92,53,-40,349,-21,158,-21" /><INIT seed="6,0,0,4,2,33" ten="522,13,328,137" oya="2" hai0="57,44,113,31,41,104,83,102,70,12,89,123,128" hai1="3,25,30,13,87,99,50,63,60,125,126,118,81" hai2="115,110,74,130,14,6,28,72,49,73,117,100,112" hai3="68,21,55,78,16,96,7,40,0,124,11,24,9"/><V107/><F117/><W4/><G68/><T62/><D123/><U56/><E118/><V133/><F133/><W65/><G40/><T127/><D70/><U1/><E13/><V131/><F28/><W75/><G65/><T101/><D104/><U5/><E5/><V114/><F49/><W85/><G75/><T79/><D113/><U86/><E50/><V92/><F6/><W45/><G96/><T27/><D89/><U48/><E48/><V103/><F14/><W10/><G124/><N who="1" m="47722" /><E99/><N who="2" m="61951" /><F110/><W71/><G71/><T58/><D128/><N who="2" m="49194" /><F92/><W95/><G95/><T97/><D127/><U121/><E121/><V22/><F22/><W36/><G36/><T15/><D15/><U34/><E63/><V54/><F54/><W77/><G55/><T17/><D62/><U119/><E119/><V20/><F20/><W35/><G10/><T116/><D116/><U61/><E86/><V47/><F47/><W43/><G85/><N who="0" m="48383" /><D44/><U38/><E38/><V135/><F135/><W108/><G108/><T59/><D41/><U90/><E61/><V37/><F37/><W66/><G66/><AGARI ba="0,0" hai="1,3,25,30,34,56,60,66,81,87,90" m="47722" machi="66" ten="30,3900,0" yaku="18,1,52,2" doraHai="33" who="1" fromWho="3" sc="522,0,13,39,328,0,137,-39" /><INIT seed="7,0,0,2,3,16" ten="522,52,328,98" oya="3" hai0="70,27,87,26,99,91,80,3,118,77,2,76,45" hai1="84,127,108,28,32,98,85,83,41,90,48,21,131" hai2="130,121,122,88,44,15,81,49,97,95,29,56,124" hai3="119,125,25,73,116,82,46,112,60,12,107,5,0"/><W17/><G107/><T65/><D118/><U11/><E11/><V75/><BYE who="1" /><F130/><W30/><G125/><T66/><D45/><U100/><E100/><V31/><F124/><W47/><G112/><T38/><D38/><U129/><E129/><V106/><F106/><W93/><G60/><T13/><D13/><U35/><E35/><V102/><F56/><W92/><G5/><T114/><D70/><U40/><E40/><V64/><F64/><UN n1="%E4%B8%AD%E6%9D%91%E8%B1%AA" /><W42/><G0/><T115/><D87/><U128/><E32/><V54/><F15/><W67/><G67/><T37/><D91/><U105/><E108/><V111/><F111/><W104/><G104/><T24/><D24/><U78/><E127/><V133/><F133/><W51/><G47/><T36/><D80/><U55/><E41/><V113/><F113/><W94/><G82/><T59/><D59/><U134/><E134/><V120/><F102/><W23/><REACH who="3" step="1"/><G73/><REACH who="3" ten="522,52,328,88" step="2"/><T68/><D66/><U4/><E4/><V89/><F75/><W58/><G58/><T63/><D63/><U72/><E128/><V117/><F81/><W110/><G110/><T69/><D65/><U61/><E131/><V9/><F44/><W50/><G50/><T71/><D68/><U109/><E61/><V34/><F49/><W126/><G126/><T6/><D6/><U43/><E43/><V62/><F62/><W57/><G57/><T132/><D132/><U39/><E109/><V19/><F120/><W33/><AGARI ba="0,1" hai="12,17,23,25,30,33,42,46,51,92,93,94,116,119" machi="33" ten="30,6000,0" yaku="1,1,0,1,52,1,53,0" doraHai="16" doraHaiUra="135" who="3" fromWho="3" sc="522,-20,52,-20,328,-20,88,70" /><INIT seed="7,1,0,2,4,103" ten="502,32,308,158" oya="3" hai0="63,121,84,82,102,16,19,66,118,12,70,0,52" hai1="15,60,96,85,57,98,62,80,38,36,105,88,2" hai2="7,11,120,95,107,128,86,114,106,101,75,90,59" hai3="73,46,72,49,1,32,10,5,78,67,54,41,79"/><W47/><G32/><T26/><D0/><U89/><E2/><V29/><F29/><W65/><G79/><T42/><D118/><U13/><E57/><V35/><F35/><W45/><G45/><T109/><D109/><U113/><E113/><V71/><F71/><W81/><REACH who="3" step="1"/><G72/><REACH who="3" ten="502,32,308,148" step="2"/><T4/><D121/><U50/><E50/><AGARI ba="1,1" hai="1,5,10,41,46,47,49,50,54,65,67,73,78,81" machi="50" ten="30,5800,0" yaku="1,1,2,1,7,1,53,0" doraHai="103" doraHaiUra="53" who="3" fromWho="1" sc="502,0,32,-61,308,0,148,71" owari="502,60.0,-29,-53.0,308,11.0,219,-18.0" /></mjloggm>