<mjloggm ver="2.3"><GO type="41" lobby="0"/><UN n0="%E5%A4%A7%E6%A5%A0%E5%85%AC" n1="%74%61%73%75%6B%75%35%32" n2="%E5%B0%B1%E6%B4%BB%E7%94%9F%40%E5%B7%9D%E6%9D%91%E8%BB%8D%E5%9B%A3" n3="%49%73%65%6E" dan="14,15,16,14" rate="1954.56,2023.60,2043.41,1939.38" sx="M,M,M,M"/><TAIKYOKU oya="0"/><INIT seed="0,0,0,5,4,104" ten="250,250,250,250" oya="0" hai0="69,125,57,129,53,73,43,66,80,39,68,29,58" hai1="81,96,37,6,27,50,41,65,121,131,47,28,112" hai2="76,114,124,88,42,60,24,49,132,46,78,9,25" hai3="62,97,126,20,79,118,22,108,63,59,102,98,92"/><T61/><D29/><U35/><E121/><V54/><F114/><W10/><G108/><T122/><D80/><U99/><E112/><V38/><F132/><W31/><G126/><T48/><D73/><U133/><E133/><V15/><F124/><W1/><G118/><T18/><D18/><U115/><E115/><V110/><F110/><W89/><G79/><T13/><D13/><U95/><E65/><V105/><F105/><W45/><G45/><N who="0" m="23807" /><D125/><U90/><E131/><V34/><F60/><W130/><G130/><T117/><D129/><U85/><E6/><V17/><F88/><W11/><G1/><T135/><D135/><U87/><REACH who="1" step="1"/><E37/><REACH who="1" ten="250,240,250,250" step="2"/><V74/><F38/><W0/><G0/><T101/><D122/><U21/><E21/><V116/><F34/><W32/><G32/><T111/><D111/><U4/><E4/><V19/><F116/><W93/><G22/><T119/><D101/><U23/><E23/><V109/><F109/><W75/><G75/><T103/><D103/><U67/><E67/><V134/><F74/><W84/><G84/><T77/><D77/><AGARI ba="0,1" hai="27,28,35,41,47,50,77,81,85,87,90,95,96,99" machi="77" ten="30,2000,0" yaku="1,1,7,1,53,0" doraHai="104" doraHaiUra="128" who="1" fromWho="0" sc="250,-20,240,30,250,0,250,0" /><INIT seed="1,0,0,1,4,80" ten="230,270,250,250" oya="1" hai0="74,128,16,112,49,83,78,105,11,54,102,132,126" hai1="46,52,124,40,51,31,18,23,107,109,122,130,55" hai2="72,5,113,64,119,68,1,6,63,134,131,91,87" hai3="76,101,24,114,53,117,15,118,56,28,93,19,35"/><U92/><E107/><V25/><F72/><W70/><G76/><T37/><D112/><U34/><E122/><V57/><F119/><W44/><G44/><T61/><D37/><U20/><E34/><V4/><F113/><W98/><G70/><T41/><D132/><U69/><E69/><V129/><F134/><W89/><G101/><T127/><D128/><U123/><E123/><V26/><F68/><W65/><G65/><T133/><D133/><U106/><E106/><V73/><F73/><W135/><G135/><T62/><D41/><U9/><E130/><N who="2" m="49675" /><F1/><W84/><G98/><T29/><D29/><U111/><E124/><N who="0" m="47657" /><D102/><U82/><E82/><AGARI ba="0,0" hai="4,5,6,25,26,57,63,64,82,87,91" m="49675" machi="82" ten="30,2000,0" yaku="19,1,52,1" doraHai="80" who="2" fromWho="1" sc="230,0,270,-20,250,20,250,0" /><INIT seed="2,0,0,2,2,79" ten="230,250,270,250" oya="2" hai0="133,67,31,42,21,12,22,47,109,7,95,94,102" hai1="106,111,44,40,124,52,100,54,116,104,87,110,3" hai2="71,113,59,84,25,63,134,121,24,118,28,38,34" hai3="51,105,18,99,97,131,93,119,66,41,91,62,65"/><V126/><F121/><W75/><G75/><T70/><D133/><U45/><E124/><V27/><F118/><W9/><G119/><T26/><D109/><N who="1" m="41483" /><E3/><V83/><F71/><W8/><G131/><T125/><D125/><U115/><E115/><V50/><F113/><W39/><G39/><T5/><D70/><U19/><E116/><V33/><F126/><W92/><G105/><N who="1" m="40554" /><E100/><V6/><F38/><W90/><G18/><T58/><D94/><U107/><E107/><V14/><F134/><W1/><G1/><T36/><D21/><U73/><E73/><V81/><F84/><W60/><G51/><T117/><D12/><U132/><E132/><V122/><F122/><W61/><G41/><T88/><D102/><U4/><E4/><V120/><F120/><W129/><G129/><T43/><D43/><U127/><E127/><V17/><F6/><W11/><AGARI ba="0,0" hai="8,9,11,60,61,62,65,66,90,91,92,93,97,99" machi="11" ten="30,4000,0" yaku="0,1,9,1,8,1" doraHai="79" who="3" fromWho="3" sc="230,-10,250,-10,270,-20,250,40" /><INIT seed="3,0,0,4,2,52" ten="220,240,250,290" oya="3" hai0="127,103,97,66,30,104,123,13,59,62,118,110,45" hai1="92,78,68,63,115,27,1,120,132,6,116,35,3" hai2="128,124,73,38,94,21,29,85,10,14,65,80,20" hai3="67,17,40,90,122,84,60,119,55,32,41,46,51"/><W53/><G119/><T47/><D118/><U117/><E115/><V71/><F38/><W44/><G32/><T74/><D123/><U109/><E92/><V31/><F124/><W83/><G17/><T42/><D127/><U93/><E93/><V8/><F128/><W26/><G26/><T98/><D74/><U15/><E15/><V54/><F73/><W100/><G100/><T76/><D76/><U111/><E132/><V99/><F71/><W101/><G101/><T121/><D121/><U88/><E88/><N who="2" m="55751" /><F65/><W23/><G23/><N who="2" m="8777" /><F54/><W34/><G34/><T106/><D106/><U49/><E120/><V129/><F129/><W114/><G114/><T64/><D30/><N who="2" m="11274" /><F14/><W36/><G122/><T43/><D13/><U12/><E12/><V108/><F108/><W96/><G96/><T37/><D97/><U107/><E107/><V79/><AGARI ba="0,0" hai="8,10,79,80,85" m="11274,8777,55751" machi="79" ten="30,2000,0" yaku="8,1,54,1" doraHai="52" who="2" fromWho="2" sc="220,-5,240,-5,250,20,290,-10" /><INIT seed="4,0,0,1,2,109" ten="215,235,270,280" oya="0" hai0="20,105,86,16,33,58,81,116,47,38,78,122,41" hai1="96,21,135,104,128,52,119,94,49,1,93,22,99" hai2="61,80,28,129,32,31,84,40,3,130,60,17,11" hai3="100,14,53,121,35,75,10,70,54,15,112,134,90"/><T88/><D122/><U43/><E119/><V117/><F117/><W85/><G75/><T64/><D116/><U110/><E1/><V44/><F60/><W98/><G70/><T114/><D33/><U19/><E110/><V12/><F61/><W18/><G35/><T111/><D105/><U132/><E128/><N who="2" m="49259" /><F3/><W106/><G112/><T89/><D111/><U123/><E43/><V13/><F13/><W79/><G79/><T131/><D131/><U57/><E123/><V48/><F32/><W73/><G73/><T82/><D114/><U45/><E45/><V87/><F87/><W97/><G97/><N who="1" m="37450" /><E104/><V115/><F115/><W2/><G2/><T63/><REACH who="0" step="1"/><D81/><REACH who="0" ten="205,235,270,280" step="2"/><U36/><E93/><V69/><F69/><W29/><G121/><T95/><D95/><U0/><E94/><V27/><F27/><AGARI ba="0,1" hai="16,20,27,38,41,47,58,63,64,78,82,86,88,89" machi="27" ten="30,11600,0" yaku="1,1,7,1,54,2,53,0" doraHai="109" doraHaiUra="92" who="0" fromWho="2" sc="205,126,235,0,270,-116,280,0" /><INIT seed="4,1,0,2,2,105" ten="331,235,154,280" oya="0" hai0="54,41,30,20,27,93,34,99,76,57,111,4,79" hai1="122,132,39,49,48,1,123,74,28,135,63,0,124" hai2="130,51,43,98,121,8,56,62,71,86,107,3,101" hai3="2,66,82,25,125,120,112,18,80,33,92,77,68"/><T70/><D70/><U65/><E124/><V10/><F121/><N who="1" m="46089" /><E74/><V128/><F71/><W104/><G2/><N who="1" m="1130" /><E28/><V85/><F51/><W134/><G104/><T14/><D111/><U73/><E73/><V90/><F43/><W106/><G106/><T37/><D37/><U131/><E39/><V58/><F58/><W110/><G112/><T38/><D38/><U97/><E97/><V81/><F86/><W102/><G134/><N who="1" m="51242" /><E131/><V53/><REACH who="2" step="1"/><F3/><REACH who="2" ten="331,235,144,280" step="2"/><W95/><G120/><T17/><D41/><U26/><E49/><V133/><F133/><W94/><G125/><T64/><D64/><U32/><E48/><V12/><F12/><W50/><G110/><T100/><D4/><U55/><E26/><V15/><F15/><W108/><G108/><T115/><D115/><U72/><E63/><AGARI ba="1,1" hai="14,17,20,27,30,34,54,57,63,76,79,93,99,100" machi="63" ten="30,1500,0" yaku="7,1" doraHai="105" who="0" fromWho="1" sc="331,28,235,-18,144,0,280,0" /><INIT seed="4,2,0,2,3,17" ten="359,217,144,280" oya="0" hai0="36,6,44,8,59,99,119,41,89,21,43,23,128" hai1="39,65,123,80,28,102,118,67,73,107,34,97,62" hai2="72,71,84,109,12,86,111,68,14,61,88,25,104" hai3="18,130,30,4,98,94,78,131,19,63,134,105,40"/><T49/><D128/><U75/><E118/><V54/><F104/><W93/><G78/><T85/><D119/><U83/><E83/><V57/><F72/><W7/><G40/><T117/><D117/><U126/><E67/><V113/><F113/><W35/><G63/><T53/><D99/><U15/><E15/><V22/><F109/><W55/><G55/><T1/><REACH who="0" step="1"/><D41/><REACH who="0" ten="349,217,144,280" step="2"/><U29/><E97/><V31/><F111/><W50/><G98/><T103/><D103/><U95/><E102/><V108/><F108/><W127/><G130/><T60/><D60/><U3/><E62/><V11/><F84/><W24/><G131/><T2/><D2/><U79/><E123/><V133/><F133/><W45/><G134/><T115/><D115/><U5/><E3/><V26/><F71/><W100/><G100/><T16/><D16/><U91/><E75/><V10/><F68/><W32/><G19/><T125/><D125/><U76/><E73/><V116/><F116/><W51/><G18/><T58/><D58/><U47/><E126/><V106/><F106/><W110/><G105/><T37/><D37/><U66/><E107/><V27/><F12/><W129/><G127/><T13/><D13/><U33/><E28/><V121/><F121/><W112/><G129/><T90/><D90/><U96/><E29/><V135/><F135/><W48/><G110/><T92/><AGARI ba="2,1" hai="1,6,8,21,23,36,43,44,49,53,59,85,89,92" machi="92" ten="20,18000,2" yaku="1,1,0,1,7,1,52,2,53,1" doraHai="17" doraHaiUra="81" who="0" fromWho="0" sc="349,196,217,-62,144,-62,280,-62" /><INIT seed="4,3,0,5,1,110" ten="545,155,82,218" oya="0" hai0="77,35,43,44,125,13,32,60,134,100,112,19,23" hai1="119,84,14,27,41,12,90,53,122,127,47,132,97" hai2="62,40,4,130,106,15,29,7,8,46,36,117,64" hai3="89,126,34,114,9,87,48,69,98,38,49,26,54"/><T66/><D112/><U16/><E122/><V58/><F106/><W118/><G114/><T124/><D134/><U37/><E119/><V116/><F130/><W93/><G69/><T52/><D100/><U76/><E132/><V33/><F33/><W128/><G38/><T56/><D77/><U79/><E127/><N who="0" m="48713" /><D66/><U81/><E53/><V82/><F29/><W71/><G128/><T123/><D123/><U99/><E27/><V121/><F121/><W31/><G118/><N who="2" m="45673" /><F82/><W18/><G126/><T135/><D135/><U65/><E65/><V11/><F11/><W102/><G71/><T61/><D61/><U63/><E63/><V96/><F96/><W85/><G54/><T120/><D120/><U0/><E12/><V70/><F70/><W21/><G87/><T109/><D109/><U91/><E0/><V107/><F107/><W95/><G9/><T129/><D129/><U17/><E17/><AGARI ba="3,0" hai="4,7,8,15,17,36,40,46,58,62,64" m="45673" machi="17" ten="30,1000,0" yaku="12,1" doraHai="110" who="2" fromWho="1" sc="545,0,155,-19,82,19,218,0" /><INIT seed="5,0,0,1,0,69" ten="545,136,101,218" oya="1" hai0="122,93,18,91,104,39,92,41,29,73,23,95,57" hai1="49,30,83,52,100,67,80,86,88,120,96,68,71" hai2="113,22,43,61,33,25,7,19,119,35,34,130,15" hai3="6,64,11,118,98,87,99,1,117,116,129,70,90"/><U106/><E120/><V126/><F43/><W4/><G4/><T10/><D104/><U45/><E30/><N who="2" m="17719" /><F61/><N who="3" m="40207" /><G129/><T46/><D122/><U48/><E67/><V55/><F55/><W5/><G5/><T66/><D73/><U14/><E14/><V115/><F119/><N who="3" m="30467" /><W56/><DORA hai="31" /><G56/><T2/><D29/><U97/><E97/><V75/><F75/><W21/><G21/><T109/><D109/><U50/><E50/><V12/><F130/><W59/><G59/><T134/><D10/><U124/><E124/><V79/><F79/><W74/><G74/><T51/><D2/><U89/><REACH who="1" step="1"/><E49/><REACH who="1" ten="545,126,101,218" step="2"/><V121/><F121/><W16/><G99/><N who="0" m="57759" /><D39/><U81/><E81/><V20/><F126/><W111/><G98/><T101/><D66/><U63/><E63/><V107/><F107/><W36/><G111/><T131/><D131/><U0/><E0/><V26/><F7/><W76/><G6/><T17/><D51/><U60/><E60/><V128/><F128/><W42/><G1/><T24/><D41/><U112/><E112/><AGARI ba="0,1" hai="12,15,19,20,26,33,34,35,112,113,115" m="17719" machi="112" ten="40,12000,2" yaku="15,1,11,1,34,2,52,3" doraHai="69,31" who="2" fromWho="1" sc="545,0,126,-120,101,130,218,0" /><INIT seed="6,0,0,1,3,2" ten="545,6,231,218" oya="2" hai0="62,71,39,49,67,74,7,135,109,132,40,31,13" hai1="14,29,53,116,72,9,73,126,19,134,52,64,46" hai2="38,86,63,51,128,47,98,42,34,96,45,43,102" hai3="24,104,87,70,110,56,25,99,94,121,95,16,69"/><V61/><F34/><W59/><G121/><T1/><D74/><U93/><E116/><V55/><F128/><W85/><G99/><T18/><D109/><U75/><E134/><N who="0" m="51241" /><D39/><U0/><E126/><V108/><F108/><W32/><G110/><T65/><D65/><U79/><E64/><V83/><F55/><W78/><G78/><T60/><D60/><U37/><E29/><V54/><F54/><W4/><G32/><T106/><D106/><U122/><E122/><V11/><F11/><W23/><G23/><N who="0" m="11727" /><D31/><U76/><E93/><V111/><F111/><W57/><G57/><T21/><D21/><U115/><E115/><V131/><F131/><W10/><G104/><T26/><D26/><U117/><E117/><V66/><F66/><W84/><G10/><N who="0" m="2415" /><D49/><U41/><E53/><V12/><F12/><W100/><G100/><T97/><D97/><U112/><E112/><V36/><F51/><W90/><G87/><T107/><D107/><U68/><E68/><V48/><F48/><W44/><G90/><T3/><D3/><U82/><E52/><V8/><F8/><W124/><G124/><T123/><D40/><U114/><E114/><V119/><F119/><W15/><G15/><T125/><D123/><U33/><E33/><V5/><F98/><W35/><G35/><T129/><D125/><U88/><E0/><V50/><F50/><W130/><G130/><AGARI ba="0,0" hai="62,67,71,129,130" m="2415,11727,51241" machi="130" ten="30,2000,0" yaku="20,1,52,1" doraHai="2" who="0" fromWho="3" sc="545,20,6,0,231,0,218,-20" /><INIT seed="7,0,0,3,4,117" ten="565,6,231,198" oya="3" hai0="123,111,77,6,45,73,87,42,33,15,0,120,18" hai1="40,56,84,1,68,52,3,107,38,74,76,41,32" hai2="70,69,47,8,19,131,55,83,59,127,80,93,44" hai3="17,94,91,78,82,4,98,67,114,129,35,12,49"/><W132/><G114/><T112/><D111/><U57/><E32/><V130/><F8/><W118/><G132/><T10/><D112/><U65/><E84/><V124/><F19/><W79/><G129/><N who="2" m="49161" /><F93/><W109/><G118/><T34/><D33/><U88/><E88/><V105/><F105/><W23/><G109/><T75/><D34/><U95/><E95/><V26/><F26/><W126/><G126/><N who="2" m="48169" /><F83/><W81/><G35/><T135/><D73/><U51/><E107/><V96/><F96/><W122/><G122/><T133/><D87/><U115/><E115/><V64/><F80/><N who="3" m="30827" /><G67/><T119/><D119/><U7/><E7/><V102/><F102/><W53/><G4/><T27/><D77/><U104/><E104/><V61/><F70/><W2/><G2/><T58/><D75/><U43/><E76/><V60/><AGARI ba="0,0" hai="44,47,55,59,60,61,64,69" m="48169,49161" machi="60" ten="40,8000,1" yaku="19,1,18,1,34,2" doraHai="117" who="2" fromWho="2" sc="565,-20,6,-20,231,80,198,-40" owari="545,64.0,-14,-51.0,311,11.0,158,-24.0" /></mjloggm>