<mjloggm ver="2.3"><GO type="169" lobby="0"/><UN n0="%E4%BA%BA%E9%B3%A5%E4%BE%8D%E6%A5%B5" n1="%41%4D%4B%52" n2="%E3%82%A6%E3%83%AB%E3%83%88%E3%83%A9%E7%AB%8B%E7%9B%B4" n3="%E3%81%8F%E3%82%8D%E3%81%AF%E3%81%A1" dan="16,16,17,16" rate="2077.20,2042.25,2188.31,2073.53" sx="F,M,M,M"/><TAIKYOKU oya="0"/><INIT seed="0,0,0,0,1,14" ten="250,250,250,250" oya="0" hai0="124,74,57,48,59,45,129,135,2,90,56,122,66" hai1="113,70,33,132,64,100,81,41,52,127,84,31,94" hai2="60,98,34,26,50,0,20,72,108,91,35,36,71" hai3="47,95,105,69,27,73,92,88,97,103,109,54,106"/><T22/><D122/><U87/><E127/><V119/><F36/><W120/><G69/><T130/><D74/><U53/><E132/><V96/><F0/><W112/><G112/><T25/><D2/><U32/><E41/><V28/><F72/><W111/><G120/><T10/><D10/><U23/><E64/><V114/><F114/><W51/><G73/><T63/><D135/><U7/><E7/><V18/><F108/><N who="3" m="41547" /><G27/><T3/><D3/><U13/><E70/><V115/><F115/><W107/><G92/><T78/><D78/><U68/><E68/><V58/><F71/><W65/><G65/><T9/><D9/><U61/><E32/><V12/><F119/><W46/><G47/><T102/><D102/><AGARI ba="0,0" hai="46,51,54,88,95,97,102,103,105,106,107" m="41547" machi="102" ten="40,2600,0" yaku="14,1,54,1" doraHai="14" who="3" fromWho="0" sc="250,-26,250,0,250,0,250,26" /><INIT seed="1,0,0,2,3,87" ten="224,250,250,276" oya="1" hai0="23,9,66,5,37,17,130,64,96,54,19,90,26" hai1="95,60,104,97,18,120,73,40,94,76,25,128,45" hai2="31,14,106,92,72,4,50,6,33,11,134,24,41" hai3="75,51,132,82,126,78,34,56,101,38,117,67,110"/><U42/><E120/><V2/><F106/><W35/><G38/><T113/><D37/><U39/><E128/><V32/><F72/><W108/><G101/><T93/><D113/><U109/><E42/><V7/><F41/><W12/><G126/><T52/><D130/><U57/><E109/><N who="3" m="42090" /><G132/><T89/><D19/><U114/><E114/><V16/><F50/><W21/><G21/><T20/><D20/><U3/><E3/><V88/><F134/><W121/><G12/><N who="0" m="5167" /><D89/><U122/><E122/><V77/><F77/><W118/><G121/><T125/><D125/><U8/><E76/><V70/><F70/><W30/><G30/><T124/><D124/><U84/><E73/><V86/><REACH who="2" step="1"/><F33/><REACH who="2" ten="224,250,240,276" step="2"/><N who="3" m="12299" /><G51/><T55/><AGARI ba="0,1" hai="17,23,26,52,54,55,64,66,90,93,96" m="5167" machi="55" ten="30,4000,0" yaku="8,1,52,1,54,1" doraHai="87" who="0" fromWho="0" sc="224,50,250,-20,240,-10,276,-10" /><INIT seed="2,0,0,1,3,82" ten="274,230,230,266" oya="2" hai0="15,26,87,2,96,78,23,12,109,10,14,54,6" hai1="22,29,127,79,48,110,81,17,18,121,113,94,116" hai2="67,47,95,33,32,60,128,58,105,0,27,122,21" hai3="53,104,76,62,89,86,108,44,39,66,101,83,57"/><V38/><F105/><W20/><G108/><T5/><D109/><U61/><E110/><V36/><F122/><W85/><G104/><T117/><D117/><U112/><E116/><V52/><F0/><W124/><G124/><T45/><D96/><U3/><E3/><V68/><F128/><W102/><G20/><T9/><D54/><U114/><E127/><V7/><F7/><W106/><G106/><T97/><D97/><U115/><E121/><V90/><F32/><W129/><G129/><T64/><D45/><U74/><E94/><V73/><F33/><W46/><G39/><T25/><D64/><U41/><N who="1" m="28672" /><DORA hai="50" /><U123/><E123/><V126/><F73/><W111/><G111/><T56/><D56/><U72/><E72/><V42/><F126/><W13/><G13/><N who="0" m="5227" /><D87/><U100/><E100/><N who="3" m="38506" /><G66/><T125/><D78/><U130/><E130/><V92/><F38/><W31/><G31/><N who="0" m="17855" /><D125/><U59/><E41/><V55/><F68/><W43/><G43/><T16/><D26/><U103/><E48/><V80/><F80/><AGARI ba="0,0" hai="44,46,53,57,62,76,80,83,85,86,89" m="38506" machi="80" ten="30,7700,0" yaku="8,1,52,3" doraHai="82,50" who="3" fromWho="2" sc="274,0,230,0,230,-77,266,77" /><INIT seed="3,0,0,4,0,80" ten="274,230,153,343" oya="3" hai0="133,86,0,83,127,81,90,21,7,31,37,5,131" hai1="73,25,114,100,36,95,76,63,56,71,110,27,77" hai2="10,94,118,14,122,126,44,130,121,2,103,54,55" hai3="68,12,24,62,91,26,132,38,28,30,13,6,101"/><W135/><G38/><T15/><D37/><U65/><E114/><V16/><F118/><W124/><G101/><T129/><D0/><U9/><E36/><V60/><F2/><W107/><G107/><T59/><D127/><U109/><E73/><V115/><F115/><W70/><G62/><T111/><D111/><N who="1" m="42507" /><E9/><V106/><F106/><W51/><G51/><T39/><D39/><U46/><E46/><V75/><F75/><W41/><G41/><T87/><D59/><U97/><E71/><V92/><F130/><N who="0" m="49674" /><D133/><U74/><E74/><V84/><F126/><W47/><G47/><T40/><D40/><U35/><E35/><V17/><F44/><W53/><G124/><T72/><D72/><U128/><E128/><V98/><F60/><W116/><G53/><N who="2" m="19977" /><F121/><W29/><G116/><T32/><D32/><U104/><E104/><V99/><F122/><W96/><G68/><T4/><D31/><U8/><E8/><V105/><F105/><W58/><G70/><T102/><D102/><U64/><E65/><V49/><F49/><W18/><G58/><T108/><D108/><U20/><E25/><V22/><F22/><N who="3" m="11599" /><G135/><T11/><D21/><U123/><E123/><V113/><F113/><W120/><G132/><T1/><D1/><U50/><E50/><V78/><F10/><N who="3" m="4183" /><G120/><T57/><D57/><U82/><E82/><N who="2" m="47191" /><F14/><W112/><G112/><T85/><D81/><U79/><E79/><V23/><F23/><W66/><G66/><T117/><D117/><U45/><E45/><V48/><F48/><W34/><G34/><T134/><D134/><U125/><E125/><RYUUKYOKU ba="0,0" sc="274,0,230,0,153,0,343,0" hai0="4,5,7,11,15,83,85,86,87,90" hai1="20,27,56,63,64,76,77,95,97,100" hai2="16,17,92,94,98,99,103" hai3="24,26,28,29,30,91,96" /><INIT seed="3,1,0,1,4,117" ten="274,230,153,343" oya="3" hai0="76,127,58,39,18,46,20,131,13,110,85,103,47" hai1="40,114,92,11,83,34,2,29,43,123,22,12,15" hai2="14,6,105,100,72,60,126,129,94,42,62,64,135" hai3="88,90,3,41,5,67,116,109,75,1,113,24,66"/><W19/><G116/><T16/><D110/><U26/><E114/><V89/><F72/><W4/><G113/><T38/><D131/><U87/><E92/><V112/><F112/><W128/><G75/><T17/><D127/><U97/><E97/><V57/><F126/><W63/><G41/><T33/><D33/><U120/><E2/><V71/><F129/><W21/><G128/><T68/><D68/><U95/><E95/><V80/><F135/><W30/><G109/><T130/><D103/><U111/><E34/><V78/><F42/><W45/><G45/><N who="0" m="16907" /><D39/><U84/><E87/><V134/><F134/><W49/><G49/><T27/><D38/><U50/><E111/><V73/><F100/><W51/><G51/><T7/><D130/><U35/><E35/><V108/><F105/><W69/><G66/><T119/><D58/><U77/><E50/><V121/><F108/><W23/><G1/><T98/><D98/><U0/><E0/><V99/><F121/><W48/><G48/><T53/><D53/><U37/><E37/><V93/><F93/><W81/><G3/><T54/><D54/><U91/><E43/><V8/><REACH who="2" step="1"/><F62/><REACH who="2" ten="274,230,143,343" step="2"/><W55/><G81/><N who="0" m="47271" /><D119/><U36/><E40/><V79/><F79/><W118/><G118/><T52/><D52/><U9/><E36/><V96/><F96/><W70/><G55/><T44/><D44/><U115/><E115/><V133/><F133/><W10/><G90/><T32/><D32/><U101/><E101/><V86/><F86/><W65/><G88/><T122/><D122/><N who="1" m="46635" /><E91/><V102/><F102/><W31/><G63/><RYUUKYOKU ba="1,1" sc="274,10,230,10,143,10,343,-30" hai0="7,13,16,17,18,20,27" hai1="9,11,12,15,22,26,29,77,83,84" hai2="6,8,14,57,60,64,71,73,78,80,89,94,99" /><INIT seed="4,2,1,1,2,68" ten="284,240,153,313" oya="0" hai0="49,44,24,32,131,52,71,75,6,126,43,15,54" hai1="41,10,42,50,115,79,120,13,25,111,135,8,95" hai2="34,123,56,92,39,84,9,106,12,88,133,70,21" hai3="93,18,101,76,94,116,38,73,58,81,59,105,17"/><T119/><D119/><U4/><E111/><V47/><F70/><W113/><G116/><T80/><D71/><U57/><E120/><V33/><F123/><W67/><G105/><T22/><D32/><U99/><E79/><V29/><F106/><W83/><G76/><T16/><D131/><U82/><E82/><V108/><F108/><W118/><G67/><T31/><D126/><U51/><E135/><V20/><F133/><W96/><G96/><T46/><D46/><U60/><E25/><V35/><F56/><W122/><G122/><T65/><D65/><N who="1" m="39055" /><E10/><V7/><REACH who="2" step="1"/><F29/><REACH who="2" ten="284,240,143,313" step="2"/><W48/><G58/><T117/><D117/><U97/><E115/><V28/><F28/><W104/><G59/><T91/><D31/><U128/><E128/><V129/><F129/><W5/><G104/><T53/><D75/><U98/><E95/><V103/><F103/><W114/><G118/><T64/><D64/><U37/><E37/><V87/><F87/><W72/><G101/><T26/><D6/><U121/><E121/><V11/><F11/><W89/><G5/><T2/><D2/><U19/><E4/><V3/><F3/><W62/><G62/><T45/><D44/><U23/><E8/><V85/><F85/><AGARI ba="2,2" hai="15,16,22,24,26,43,45,49,52,53,54,80,85,91" machi="85" ten="40,7700,0" yaku="8,1,54,2" doraHai="68" who="0" fromWho="2" sc="284,103,240,0,143,-83,313,0" /><INIT seed="4,3,0,1,1,11" ten="387,240,60,313" oya="0" hai0="117,115,35,82,76,30,103,42,16,108,104,81,128" hai1="91,107,94,85,53,64,5,121,70,7,125,36,92" hai2="114,61,38,24,13,74,14,71,109,68,87,2,113" hai3="32,54,98,43,25,86,56,129,18,44,27,17,21"/><T63/><D117/><U41/><E107/><V123/><F2/><W134/><G32/><T77/><D115/><N who="2" m="44042" /><F74/><W60/><G129/><T132/><D128/><U8/><E121/><V57/><F38/><W72/><G72/><T111/><D42/><U116/><E116/><V95/><F109/><N who="0" m="42058" /><D132/><U65/><E125/><V3/><F3/><W120/><G134/><T0/><D0/><U26/><E41/><V62/><F24/><W20/><G120/><T22/><D63/><N who="2" m="24074" /><F57/><W29/><G86/><T45/><D45/><U126/><E85/><V66/><F66/><W75/><G75/><T48/><D48/><U55/><E36/><V80/><F95/><W112/><G112/><T118/><D118/><U10/><E70/><N who="2" m="26667" /><F123/><W58/><G58/><T105/><D105/><U106/><E106/><V93/><F93/><W4/><G56/><T99/><D30/><U96/><E126/><V15/><F87/><W78/><G29/><T28/><D28/><U124/><E124/><V59/><F59/><W135/><G60/><T39/><D39/><U50/><E26/><V127/><F127/><W69/><G25/><N who="0" m="14535" /><D35/><U34/><E34/><V73/><F73/><W33/><G33/><T97/><D97/><U1/><E1/><V31/><F31/><W46/><G98/><T122/><D122/><U90/><E96/><V110/><F110/><W131/><G69/><T37/><D37/><U84/><E84/><V79/><F79/><AGARI ba="3,0" hai="76,77,79,81,82,99,103,104" m="14535,42058" machi="79" ten="30,2900,0" yaku="10,1,54,1" doraHai="11" who="0" fromWho="2" sc="387,38,240,0,60,-38,313,0" /><INIT seed="4,4,0,2,2,79" ten="425,240,22,313" oya="0" hai0="55,0,102,7,68,130,5,67,129,58,20,110,107" hai1="109,4,62,135,12,100,91,39,99,60,2,11,133" hai2="26,18,14,90,38,118,75,103,121,56,41,52,126" hai3="49,93,9,123,81,13,27,42,29,113,64,33,61"/><T131/><D110/><U8/><E39/><V50/><F75/><W70/><G113/><T114/><D114/><U30/><E30/><V132/><F121/><W47/><G123/><T22/><D67/><U120/><E120/><V89/><F118/><W40/><G93/><T28/><D68/><U51/><E51/><V105/><F126/><W96/><G96/><N who="0" m="61895" /><D0/><U25/><E25/><V15/><F132/><N who="1" m="50761" /><E91/><V10/><F103/><W116/><G116/><T74/><D74/><U72/><E72/><V92/><F105/><W104/><G104/><T97/><D97/><U84/><E84/><V112/><F112/><W54/><G81/><T124/><D124/><U45/><E45/><V19/><F26/><W31/><REACH who="3" step="1"/><G29/><REACH who="3" ten="425,240,22,303" step="2"/><T98/><D98/><U87/><E109/><V111/><F111/><W134/><G134/><T101/><D28/><U128/><E128/><V44/><REACH who="2" step="1"/><F92/><REACH who="2" ten="425,240,12,303" step="2"/><W85/><G85/><T16/><D101/><U24/><E100/><V1/><F1/><W73/><G73/><T117/><D117/><U59/><E87/><V95/><F95/><W53/><G53/><T125/><D125/><U17/><E24/><V6/><F6/><AGARI ba="4,2" hai="6,9,13,27,31,33,40,42,47,49,54,61,64,70" machi="6" ten="30,2000,0" yaku="1,1,7,1,53,0" doraHai="79" doraHaiUra="83" who="3" fromWho="2" sc="425,0,240,0,12,-32,303,52" owari="425,52.0,240,-16.0,-20,-52.0,355,16.0" /></mjloggm>