<mjloggm ver="2.3"><GO type="97" lobby="0"/><UN n0="%E5%B0%8F%E3%81%95%E3%81%98%E2%99%AA" n1="%E3%83%8D%E3%82%AF%EF%BC%92" n2="%64%65%61%69%75%70%2E%63" n3="%E5%B0%B1%E6%B4%BB%E7%94%9F%40%E5%B7%9D%E6%9D%91%E8%BB%8D%E5%9B%A3" dan="15,14,15,15" rate="1973.96,1897.53,1945.63,2015.72" sx="M,M,M,M"/><TAIKYOKU oya="0"/><INIT seed="0,0,0,1,5,8" ten="250,250,250,250" oya="0" hai0="43,12,25,4,112,111,97,84,24,95,46,14,73" hai1="71,77,69,93,123,108,128,29,50,62,49,130,61" hai2="120,5,72,88,104,67,105,129,74,92,31,44,109" hai3="126,19,34,66,37,127,76,53,51,106,91,59,122"/><T100/><D73/><U101/><E123/><V17/><F31/><W58/><G106/><N who="2" m="41065" /><F5/><W86/><G34/><T7/><D112/><U33/><E77/><V65/><F44/><W6/><G6/><N who="0" m="2091" /><D111/><U94/><E108/><V121/><F17/><W133/><G76/><T45/><D84/><U90/><E33/><V30/><F30/><W11/><G37/><T55/><D43/><U103/><E90/><V41/><F41/><W56/><G133/><T119/><D119/><U54/><E29/><V60/><F60/><W21/><G11/><T10/><D10/><U20/><E20/><V15/><F109/><W70/><G70/><T64/><D64/><U63/><E63/><V80/><F67/><W118/><G118/><T117/><D117/><U32/><E32/><V9/><F65/><W23/><G23/><T98/><D98/><U22/><E22/><V26/><F26/><N who="0" m="10346" /><D55/><AGARI ba="0,0" hai="49,50,54,55,61,62,69,71,93,94,101,103,128,130" machi="55" ten="25,1600,0" yaku="22,2" doraHai="8" who="1" fromWho="0" sc="250,-16,250,16,250,0,250,0" /><INIT seed="1,0,0,0,5,49" ten="234,266,250,250" oya="1" hai0="107,63,108,124,73,103,21,92,77,85,1,114,42" hai1="40,65,33,64,12,43,118,78,3,111,102,44,54" hai2="25,45,90,50,113,122,83,82,59,32,41,94,95" hai3="126,9,17,69,70,79,16,93,96,97,35,104,24"/><U127/><E3/><V20/><F122/><W15/><G126/><T4/><D124/><U87/><E118/><V99/><F32/><W110/><G110/><T57/><D114/><U7/><E127/><V30/><F113/><W29/><G79/><T13/><D108/><U72/><E33/><V55/><REACH who="2" step="1"/><F95/><REACH who="2" ten="234,266,240,250" step="2"/><W132/><G132/><T101/><D92/><U131/><E131/><V10/><F10/><W62/><G104/><T46/><D107/><U66/><E111/><V27/><F27/><W84/><G24/><T106/><D106/><U89/><E72/><V133/><F133/><W112/><G35/><T8/><D73/><U115/><E115/><V56/><F56/><W109/><G9/><T135/><D135/><U125/><E125/><V120/><F120/><W53/><G93/><T19/><D57/><U116/><E116/><V5/><F5/><W76/><G70/><T117/><D117/><U52/><E7/><V39/><AGARI ba="0,1" hai="20,25,30,39,41,45,50,55,59,82,83,90,94,99" machi="39" ten="20,5200,0" yaku="1,1,0,1,7,1,52,1,53,0" doraHai="49" doraHaiUra="81" who="2" fromWho="2" sc="234,-13,266,-26,240,62,250,-13" /><INIT seed="2,0,0,5,4,117" ten="221,240,302,237" oya="2" hai0="30,78,5,45,35,17,25,83,74,116,130,23,77" hai1="88,27,91,9,120,101,60,87,8,1,59,95,133" hai2="97,20,33,38,58,54,103,21,22,11,37,67,50" hai3="104,132,110,34,43,98,6,13,55,53,31,71,19"/><V105/><F33/><W129/><G71/><T93/><D116/><U121/><E133/><V7/><REACH who="2" step="1"/><F67/><REACH who="2" ten="221,240,292,237" step="2"/><W66/><G66/><T115/><D115/><U86/><E1/><AGARI ba="0,1" hai="1,7,11,20,21,22,37,38,50,54,58,97,103,105" machi="1" ten="40,12000,1" yaku="1,1,2,1,53,3" doraHai="117" doraHaiUra="18" who="2" fromWho="1" sc="221,0,240,-120,292,130,237,0" /><INIT seed="2,1,0,1,1,101" ten="221,120,422,237" oya="2" hai0="79,77,123,11,33,56,4,120,122,132,16,51,99" hai1="127,67,36,45,135,72,20,50,87,53,107,112,2" hai2="68,88,96,103,7,130,5,32,8,34,31,22,44" hai3="38,121,93,57,116,78,49,84,110,82,25,19,40"/><V94/><F68/><W0/><G0/><T64/><D33/><U92/><E112/><V17/><F130/><W126/><G116/><T42/><D132/><U114/><E114/><V10/><F31/><W18/><G121/><T26/><D99/><U134/><E72/><V13/><F44/><W115/><G110/><T119/><D119/><U125/><E2/><V41/><F41/><W128/><G38/><T113/><D113/><U109/><E109/><V83/><F32/><W35/><G126/><N who="1" m="48138" /><E36/><V118/><F34/><W100/><G128/><T48/><D48/><U102/><E67/><V39/><F39/><W91/><G115/><T37/><D37/><U105/><E102/><V29/><F118/><W54/><G100/><T60/><D51/><U111/><E111/><V15/><F29/><W30/><REACH who="3" step="1"/><G40/><REACH who="3" ten="221,120,422,227" step="2"/><T23/><REACH who="0" step="1"/><D42/><REACH who="0" ten="211,120,422,227" step="2"/><U59/><E45/><V86/><F103/><W75/><AGARI ba="1,2" hai="18,19,25,30,35,49,54,57,75,78,82,84,91,93" machi="75" ten="20,5200,0" yaku="1,1,2,1,0,1,7,1,53,0" doraHai="101" doraHaiUra="98" who="3" fromWho="3" sc="211,-14,120,-14,422,-27,227,75" /><INIT seed="3,0,0,1,4,66" ten="197,106,395,302" oya="3" hai0="95,10,88,19,42,101,16,34,17,52,106,67,53" hai1="93,82,109,31,4,89,130,45,43,12,21,132,46" hai2="107,134,3,14,92,74,9,40,87,23,76,62,90" hai3="120,133,28,2,125,127,64,50,86,39,29,35,32"/><W97/><G39/><T81/><D42/><U51/><E109/><V98/><F3/><W111/><G120/><T80/><D34/><N who="3" m="12841" /><G97/><N who="0" m="57575" /><D67/><U70/><E132/><V112/><F112/><W118/><G86/><T27/><D101/><U56/><E130/><V84/><F40/><W22/><G64/><T85/><D106/><U75/><E75/><V55/><F84/><W7/><G50/><T71/><D71/><U104/><E104/><V30/><F134/><W73/><G73/><T20/><D10/><U117/><E117/><V61/><F55/><N who="0" m="21066" /><D80/><U11/><E45/><V0/><F74/><W122/><G122/><T69/><D69/><U129/><E129/><V116/><F116/><W110/><G118/><T121/><D121/><U123/><E123/><V105/><F107/><W115/><G133/><T96/><D96/><U57/><E82/><V54/><F54/><W108/><G115/><T72/><D72/><U18/><E31/><N who="3" m="11850" /><G22/><T60/><D60/><U65/><E70/><V102/><F76/><AGARI ba="0,0" hai="16,17,19,20,27,76,81,85" m="21066,57575" machi="76" ten="30,7700,0" yaku="8,1,54,3" doraHai="66" who="0" fromWho="2" sc="197,77,106,0,395,-77,302,0" owari="274,-13.0,106,-39.0,318,42.0,302,10.0" /></mjloggm>