<mjloggm ver="2.3"><GO type="169" lobby="0"/><UN n0="%E3%82%A6%E3%83%AB%E3%83%88%E3%83%A9%E7%AB%8B%E7%9B%B4" n1="%E3%82%A2%E3%82%B9%E3%82%BF%E3%83%8A" n2="%E3%81%A6%E3%82%8B" n3="%E3%81%88%E3%83%A2%E3%83%B3" dan="16,17,16,17" rate="2097.28,2135.06,2110.72,2063.30" sx="M,M,M,F"/><TAIKYOKU oya="0"/><INIT seed="0,0,0,4,4,21" ten="250,250,250,250" oya="0" hai0="28,6,2,50,39,44,89,95,82,79,52,13,76" hai1="122,75,62,17,30,51,12,103,90,23,0,116,117" hai2="54,72,37,4,114,98,11,131,46,73,68,69,42" hai3="94,102,25,22,83,66,126,129,115,53,109,38,20"/><T26/><D39/><U92/><E0/><V33/><F114/><W1/><G38/><T9/><D2/><U111/><E122/><V8/><F131/><W100/><G1/><T112/><D82/><U85/><E111/><V93/><F33/><W133/><G109/><T86/><REACH who="0" step="1"/><D112/><REACH who="0" ten="240,250,250,250" step="2"/><U56/><E116/><V113/><F113/><W29/><G115/><T130/><D130/><U27/><E117/><V18/><F37/><W43/><G129/><T107/><D107/><U104/><E104/><V31/><F73/><W101/><G83/><T78/><D78/><U71/><E75/><V123/><F72/><W61/><G133/><T5/><D5/><U87/><E92/><V121/><F4/><W70/><G126/><T65/><D65/><U96/><E71/><V74/><F74/><W97/><G43/><T36/><D36/><U80/><E80/><V135/><F42/><W119/><G119/><T57/><D57/><U24/><E56/><V3/><F3/><W67/><G67/><T60/><D60/><U16/><E62/><V55/><F135/><W63/><G63/><T47/><D47/><U15/><E51/><V105/><F46/><W58/><G70/><T110/><D110/><U7/><E7/><V48/><F48/><W49/><G66/><T32/><AGARI ba="0,1" hai="6,9,13,26,28,32,44,50,52,76,79,86,89,95" machi="32" ten="20,18000,2" yaku="1,1,0,1,7,1,52,1,54,1,53,1" doraHai="21" doraHaiUra="84" who="0" fromWho="0" sc="240,190,250,-60,250,-60,250,-60" /><INIT seed="0,1,0,4,1,12" ten="430,190,190,190" oya="0" hai0="4,39,16,21,24,65,126,43,27,58,29,97,89" hai1="95,38,22,72,88,75,104,15,100,2,10,23,52" hai2="66,111,112,63,60,5,101,9,115,19,98,77,40" hai3="46,133,121,3,132,36,31,18,70,32,17,81,51"/><T114/><D114/><U33/><E33/><V20/><F77/><W59/><G3/><T103/><D126/><U78/><E38/><V50/><F111/><W109/><G36/><T57/><D4/><U80/><E72/><V120/><F120/><W93/><G70/><T110/><D110/><U94/><E2/><V69/><F63/><W47/><G109/><T54/><D89/><U130/><E130/><V8/><F40/><W99/><G81/><T87/><D87/><U105/><E95/><V135/><F50/><W129/><G129/><T125/><D125/><U73/><E73/><V45/><F45/><N who="3" m="16907" /><G31/><T76/><D76/><U83/><E83/><V123/><F123/><W30/><G30/><T107/><D43/><U113/><E113/><V79/><F79/><W119/><G32/><T55/><D39/><U35/><E35/><V68/><F68/><W25/><G25/><T106/><D106/><U0/><E0/><V118/><F118/><W127/><G119/><T13/><D65/><U56/><E105/><V42/><F42/><W131/><G131/><T92/><D107/><U116/><E104/><V11/><F115/><W53/><G121/><T34/><D29/><U122/><E122/><V67/><F112/><W61/><G127/><T6/><D34/><U62/><E116/><V48/><F69/><W49/><G133/><T26/><D6/><U84/><E100/><V71/><F135/><W91/><G132/><T102/><D102/><U108/><E108/><V1/><F71/><W28/><G28/><T124/><D124/><U14/><E14/><V134/><F134/><RYUUKYOKU ba="1,0" sc="430,10,190,10,190,-30,190,10" hai0="13,16,21,24,26,27,54,55,57,58,92,97,103" hai1="10,15,22,23,52,56,62,75,78,80,84,88,94" hai3="17,18,49,51,53,59,61,91,93,99" /><INIT seed="0,2,0,0,5,10" ten="440,200,160,200" oya="0" hai0="92,98,24,0,88,81,54,12,39,77,3,119,69" hai1="80,103,30,127,59,67,109,84,74,94,9,93,104" hai2="85,48,38,102,83,19,114,25,100,78,73,20,116" hai3="40,122,58,125,65,117,135,91,42,27,70,95,121"/><T128/><D119/><U90/><E109/><V124/><F38/><W120/><G70/><T55/><D69/><U61/><E127/><V35/><F114/><W110/><G110/><T134/><D39/><U52/><E30/><V49/><F124/><W82/><G125/><T22/><D0/><U8/><E104/><V37/><F37/><W16/><G82/><T15/><D3/><U89/><E103/><V57/><F116/><W5/><G5/><T126/><D128/><U113/><E113/><V132/><F132/><W32/><G135/><T44/><D134/><U11/><E74/><V62/><F35/><W34/><G117/><T111/><D111/><U4/><E80/><V36/><F36/><W76/><G76/><T71/><D71/><U129/><E129/><V86/><F73/><W41/><G58/><T99/><D99/><U115/><E115/><V118/><F86/><N who="3" m="52727" /><G65/><T1/><D1/><U123/><E123/><V60/><F118/><W28/><G32/><T101/><D101/><N who="2" m="39018" /><F62/><W131/><G131/><T23/><D81/><U56/><E56/><V13/><F25/><W43/><G43/><T66/><D77/><U7/><REACH who="1" step="1"/><E67/><AGARI ba="2,0" hai="13,19,20,48,49,57,60,67,78,83,85" m="39018" machi="67" ten="30,2000,0" yaku="8,1,52,1" doraHai="10" who="2" fromWho="1" sc="440,0,200,-26,160,26,200,0" /><INIT seed="1,0,0,5,0,104" ten="440,174,186,200" oya="1" hai0="89,118,34,126,62,36,122,119,46,112,12,13,47" hai1="124,68,70,48,105,102,106,93,2,1,135,115,133" hai2="27,31,17,71,39,14,26,120,92,9,21,82,5" hai3="110,24,49,111,37,53,69,121,28,16,55,64,114"/><U134/><E48/><V45/><F71/><N who="1" m="27177" /><E115/><V100/><F120/><W107/><G107/><N who="1" m="40970" /><E93/><V20/><F82/><W52/><G37/><T97/><D62/><U79/><E102/><V131/><F131/><W11/><G121/><T128/><D97/><U132/><N who="1" m="33792" /><DORA hai="43" /><U127/><E79/><V73/><F100/><W61/><G114/><T91/><D128/><U77/><E77/><V60/><F92/><W7/><G49/><T22/><D36/><U58/><E58/><V80/><F60/><W19/><G111/><T10/><D91/><U42/><E42/><V78/><F39/><W72/><G110/><T29/><D89/><U33/><E33/><V94/><REACH who="2" step="1"/><F94/><REACH who="2" ten="440,174,176,200" step="2"/><W81/><G81/><T30/><D112/><U86/><E86/><V75/><F75/><W44/><G72/><T50/><D50/><U0/><AGARI ba="0,1" hai="0,1,2,124,127" m="33792,40970,27177" machi="0" ten="80,12000,1" yaku="28,2,20,1,31,2" doraHai="104,43" who="1" fromWho="1" sc="440,-40,174,130,176,-40,200,-40" /><INIT seed="1,1,0,1,3,123" ten="400,304,136,160" oya="1" hai0="85,84,2,5,129,120,70,117,0,87,69,71,37" hai1="36,40,8,101,86,15,33,132,98,12,118,125,97" hai2="53,88,54,16,62,59,109,75,135,133,108,90,73" hai3="19,130,66,46,21,3,67,41,35,24,39,92,89"/><U103/><E118/><V65/><F65/><W29/><G130/><T83/><D37/><U17/><E33/><V22/><F54/><W47/><G3/><T78/><D117/><U34/><E34/><V119/><F119/><W96/><G47/><T100/><D129/><U121/><E121/><V79/><F75/><W99/><G99/><T38/><D38/><U49/><E36/><V110/><F79/><W6/><G6/><T113/><D113/><U18/><E125/><V10/><F10/><W91/><G91/><N who="2" m="34857" /><F73/><W76/><G76/><T74/><D120/><U7/><E132/><V55/><F55/><W25/><AGARI ba="1,0" hai="19,21,24,25,29,35,39,41,46,66,67,89,92,96" machi="25" ten="20,1500,0" yaku="0,1,7,1" doraHai="123" who="3" fromWho="3" sc="400,-5,304,-8,136,-5,160,18" /><INIT seed="2,0,0,0,0,105" ten="395,296,131,178" oya="2" hai0="30,72,57,117,95,45,119,48,93,102,79,35,50" hai1="115,114,52,103,16,128,84,39,80,78,58,24,46" hai2="22,133,85,113,91,98,75,123,26,130,110,56,101" hai3="13,7,116,21,29,55,65,36,20,106,66,5,87"/><V62/><F123/><W83/><G106/><T42/><D30/><U63/><E128/><V23/><F113/><W73/><G36/><T3/><D35/><U18/><E103/><V88/><F133/><W99/><G73/><T4/><D4/><N who="3" m="1609" /><G116/><T127/><D3/><U8/><E18/><V124/><F130/><W96/><G55/><N who="0" m="31991" /><D102/><U100/><E100/><V132/><F132/><W122/><G122/><T14/><D14/><U109/><E109/><V27/><F110/><W47/><G47/><T70/><D70/><U94/><E94/><N who="2" m="58583" /><F75/><W67/><G29/><T118/><D127/><U0/><E0/><V82/><F91/><N who="3" m="51711" /><G21/><N who="2" m="7689" /><F124/><W135/><G135/><T25/><D25/><U6/><E24/><V59/><F59/><W53/><G53/><AGARI ba="0,0" hai="26,27,53,56,62,82,85,88" m="7689,58583" machi="53" ten="30,2900,0" yaku="8,1,54,1" doraHai="105" who="2" fromWho="3" sc="395,0,296,0,131,29,178,-29" /><INIT seed="2,1,0,4,4,92" ten="395,296,160,149" oya="2" hai0="126,81,25,14,23,30,114,115,65,77,12,105,52" hai1="7,116,22,62,79,132,111,35,67,1,120,90,34" hai2="112,28,63,123,99,122,85,104,71,49,26,95,57" hai3="5,113,83,100,21,130,94,39,6,93,27,64,33"/><V51/><F112/><W110/><G33/><T133/><D12/><U42/><E116/><V125/><F125/><W88/><G39/><T9/><D65/><U106/><E79/><V78/><F104/><W36/><G36/><T45/><D105/><U38/><E22/><N who="2" m="15447" /><F71/><W128/><G110/><T46/><D46/><U31/><E111/><V0/><F0/><W40/><G113/><T66/><D66/><U41/><E41/><V96/><F123/><W117/><G117/><T48/><D133/><U24/><E90/><N who="2" m="53711" /><F78/><W70/><G40/><T44/><D44/><U91/><E91/><V18/><F122/><W60/><G83/><T129/><D129/><N who="3" m="49769" /><G94/><T86/><D126/><U69/><E120/><V58/><F18/><AGARI ba="1,0" hai="9,14,18,23,25,30,45,48,52,77,81,86,114,115" machi="18" ten="30,2000,0" yaku="7,1,54,1" doraHai="92" who="0" fromWho="2" sc="395,23,296,0,160,-23,149,0" /><INIT seed="3,0,0,0,3,34" ten="418,296,137,149" oya="3" hai0="21,56,69,113,128,74,129,46,85,84,111,135,97" hai1="52,105,8,30,90,35,80,25,123,92,45,14,51" hai2="124,126,26,93,87,1,59,132,7,77,118,75,6" hai3="119,16,98,54,115,82,18,114,4,33,64,13,10"/><W55/><G119/><T37/><D69/><U133/><E133/><V99/><F118/><W57/><G33/><T5/><D74/><U36/><E123/><V122/><F75/><W23/><G64/><T39/><D111/><U3/><E105/><V110/><F110/><W12/><G82/><T107/><D5/><U88/><E36/><V63/><F132/><W22/><G98/><T9/><D9/><U112/><E112/><V38/><F38/><W116/><G55/><T32/><D32/><U81/><E3/><V0/><F122/><W103/><G103/><T104/><D21/><U20/><E35/><V67/><F26/><W100/><G100/><T2/><D2/><N who="2" m="1130" /><F87/><W83/><G83/><N who="1" m="31818" /><E92/><V31/><F31/><W130/><G116/><T61/><D37/><U95/><E95/><V79/><F7/><AGARI ba="0,0" hai="7,8,14,20,25,30,45,51,52,88,90" m="31818" machi="7" ten="30,3900,0" yaku="8,1,54,2" doraHai="34" who="1" fromWho="2" sc="418,0,296,39,137,-39,149,0" /><INIT seed="4,0,0,0,0,20" ten="418,335,98,149" oya="0" hai0="77,117,16,87,13,75,14,55,64,110,126,65,68" hai1="133,46,52,67,19,63,38,96,37,128,0,17,35" hai2="114,106,44,124,130,94,41,83,51,82,109,54,95" hai3="107,10,118,98,22,69,50,97,3,86,60,48,34"/><T61/><D117/><U79/><E0/><V135/><F106/><W15/><G118/><T115/><D75/><U21/><E35/><V129/><F109/><W40/><G34/><T59/><D110/><U112/><E128/><N who="2" m="49259" /><F114/><W62/><G3/><T99/><D115/><U78/><E112/><V39/><F135/><W36/><G36/><T29/><D29/><U73/><E133/><V113/><F113/><W93/><G107/><T70/><D70/><U103/><E17/><V43/><F124/><W1/><G69/><T2/><D2/><U100/><E100/><V131/><N who="2" m="49267" /><V66/><DORA hai="121" /><F66/><W8/><G1/><T58/><D68/><U56/><E73/><V23/><F23/><W53/><G40/><N who="2" m="15433" /><F39/><W104/><G104/><T122/><D65/><U116/><E116/><V111/><F111/><W28/><G86/><T49/><D87/><U6/><E6/><V125/><F125/><W85/><G85/><T4/><D4/><U9/><E9/><N who="3" m="3690" /><G98/><T7/><D99/><U76/><E67/><V12/><F12/><W32/><G32/><T80/><D13/><U25/><REACH who="1" step="1"/><E46/><REACH who="1" ten="418,325,98,149" step="2"/><V90/><F90/><N who="3" m="55479" /><G28/><T120/><D126/><U57/><E57/><V42/><F83/><W31/><G31/><T24/><D80/><U74/><E74/><V84/><F82/><W92/><G22/><N who="0" m="13383" /><D77/><U123/><E123/><V108/><F108/><W119/><G119/><T5/><D5/><U132/><E132/><V47/><F84/><W45/><G45/><T134/><D134/><U105/><AGARI ba="0,1" hai="19,21,25,37,38,52,56,63,76,78,79,96,103,105" machi="105" ten="30,16000,3" yaku="1,1,0,1,52,1,54,1,53,4" doraHai="20,121" doraHaiUra="101,72" who="1" fromWho="1" sc="418,-80,325,170,98,-40,149,-40" /><INIT seed="5,0,0,3,1,111" ten="338,495,58,109" oya="1" hai0="2,49,27,106,19,4,54,58,84,72,121,122,112" hai1="11,28,130,129,126,3,99,81,42,7,65,107,73" hai2="1,78,0,8,67,108,82,77,118,96,47,23,61" hai3="131,90,135,40,12,103,68,55,101,91,29,114,53"/><U132/><E65/><V113/><F118/><W89/><G68/><T116/><D72/><U32/><E42/><V117/><F108/><W22/><G131/><T110/><D106/><U34/><E126/><V62/><F117/><W33/><G135/><T26/><D110/><U120/><E120/><N who="0" m="46185" /><D116/><U79/><E132/><V21/><F96/><W50/><G33/><N who="1" m="12906" /><E28/><V127/><F127/><W52/><G114/><T15/><D112/><U102/><AGARI ba="0,0" hai="3,7,11,73,79,81,99,102,107,129,130" m="12906" machi="102" ten="30,1500,0" yaku="23,1" doraHai="111" who="1" fromWho="1" sc="338,-5,495,15,58,-5,109,-5" /><INIT seed="5,1,0,0,5,86" ten="333,510,53,104" oya="1" hai0="49,128,73,7,133,18,62,71,78,110,103,22,19" hai1="80,101,65,105,43,126,102,125,76,108,66,130,81" hai2="107,109,42,104,68,85,54,6,60,41,75,0,35" hai3="40,31,47,83,123,119,135,124,61,14,51,44,70"/><U94/><E43/><V112/><F75/><W114/><G114/><T5/><D78/><U4/><E4/><V29/><F109/><W106/><G123/><T64/><D103/><U24/><E24/><V59/><F68/><W121/><G121/><T111/><D73/><U72/><E65/><V97/><F112/><W90/><G106/><T27/><D49/><U82/><E66/><V38/><F107/><W117/><G135/><T15/><D62/><U113/><E113/><V58/><F38/><W3/><G3/><T67/><D64/><U30/><E30/><V98/><F85/><W48/><G61/><T33/><D67/><U88/><E108/><V56/><F29/><W122/><G70/><T77/><D71/><U23/><E23/><V99/><F35/><W91/><G83/><N who="1" m="31818" /><E130/><V87/><F104/><W34/><G122/><T13/><D33/><U17/><E17/><V127/><F6/><W100/><G31/><T45/><D128/><U9/><E9/><V16/><F0/><W92/><G34/><T79/><D22/><U134/><E134/><V10/><F10/><W96/><G14/><T129/><D129/><U11/><E105/><V25/><F25/><W50/><G50/><T36/><D27/><U57/><E57/><N who="2" m="34871" /><F16/><W12/><G12/><T93/><D133/><U63/><E11/><V69/><F69/><W55/><G124/><N who="1" m="47722" /><E63/><V95/><F127/><W131/><G131/><T132/><D132/><U37/><E37/><V21/><F21/><W2/><G2/><T8/><D36/><U39/><E39/><V84/><F95/><W53/><G40/><RYUUKYOKU ba="1,0" sc="333,-30,510,10,53,10,104,10" hai1="72,76,82,88,94,101,102" hai2="41,42,56,58,59,84,87,97,98,99" hai3="44,47,48,51,53,55,90,91,92,96,100,117,119" /><INIT seed="5,2,0,2,5,125" ten="303,520,63,114" oya="1" hai0="15,40,43,123,29,120,113,134,22,128,87,114,59" hai1="20,85,24,34,116,7,100,65,61,130,39,45,67" hai2="46,122,2,42,4,131,118,112,10,126,31,50,133" hai3="49,82,23,53,28,94,19,30,129,9,101,96,16"/><U21/><E116/><V57/><F118/><W124/><G124/><T17/><D87/><U56/><E7/><V12/><F122/><N who="0" m="46634" /><D59/><U32/><E67/><V6/><F126/><W106/><G106/><T62/><D62/><U91/><E100/><V117/><F117/><W63/><G63/><T95/><D95/><U109/><E109/><V104/><F104/><W47/><G82/><T0/><D43/><U14/><E14/><V105/><F105/><W60/><G60/><T81/><D40/><U51/><E39/><V74/><F74/><W111/><G111/><T58/><D58/><U54/><E130/><V5/><F131/><W90/><G129/><T110/><D81/><U121/><E121/><V92/><F92/><N who="3" m="58503" /><G9/><N who="0" m="6383" /><D128/><U108/><E108/><V132/><F57/><W103/><G103/><T38/><D38/><U37/><E37/><V115/><F31/><N who="3" m="11819" /><G23/><T52/><D110/><U36/><E36/><V127/><F127/><W73/><G73/><T35/><D0/><U72/><E72/><V80/><F80/><W78/><G78/><T89/><D89/><U11/><E91/><V75/><F75/><W41/><G41/><T93/><D93/><U86/><E61/><V27/><F2/><W76/><G76/><T97/><D35/><U99/><E34/><V102/><F102/><W98/><AGARI ba="2,0" hai="16,19,47,49,53,90,94,98" m="11819,58503" machi="98" ten="30,2000,0" yaku="8,1,54,1" doraHai="125" who="3" fromWho="3" sc="303,-7,520,-12,63,-7,114,26" /><INIT seed="6,0,0,2,2,1" ten="296,508,56,140" oya="2" hai0="16,118,55,9,7,132,22,44,80,75,64,36,76" hai1="69,10,29,43,123,57,95,103,32,41,98,111,20" hai2="134,8,11,114,96,133,88,101,34,52,13,108,112" hai3="37,121,130,54,99,71,38,79,65,116,86,83,45"/><V0/><F34/><W81/><G116/><T85/><D132/><N who="2" m="50794" /><F108/><W97/><G121/><T42/><D64/><U125/><E69/><V39/><F39/><W6/><G65/><T77/><D118/><U60/><E32/><V107/><F0/><W94/><G71/><T128/><D128/><U122/><E111/><V35/><F35/><W61/><G130/><T131/><D131/><U109/><E109/><V15/><F52/><W56/><G45/><T84/><D77/><U23/><E125/><V127/><F127/><W93/><G83/><T27/><D55/><U58/><E10/><N who="2" m="3627" /><F88/><W46/><G46/><T17/><D17/><U74/><E122/><V126/><F126/><W110/><G110/><T120/><D120/><U62/><E123/><V73/><F73/><W3/><G3/><AGARI ba="0,0" hai="3,7,9,16,22,27,36,42,44,75,76,80,84,85" machi="3" ten="30,8000,1" yaku="7,1,25,2,52,1,54,1" doraHai="1" who="0" fromWho="3" sc="296,80,508,0,56,0,140,-80" /><INIT seed="7,0,0,3,4,116" ten="376,508,56,60" oya="3" hai0="115,56,15,59,108,110,31,129,92,70,121,102,49" hai1="3,104,90,112,16,50,73,96,69,105,61,78,45" hai2="19,127,46,41,5,100,43,47,25,30,44,98,114" hai3="85,40,86,99,117,135,33,62,111,2,72,7,76"/><W37/><G117/><T6/><D92/><U122/><E122/><V11/><F114/><W68/><G68/><T54/><D102/><U39/><E39/><V53/><F127/><W48/><G33/><T13/><D31/><U9/><E112/><V88/><F53/><W83/><G111/><T10/><D13/><U21/><E78/><V38/><F38/><W133/><G62/><T29/><D6/><U91/><E73/><V119/><F119/><W75/><G48/><T18/><D10/><U60/><E96/><V128/><F128/><W126/><G126/><T113/><D15/><U124/><E21/><N who="2" m="13503" /><F30/><W8/><G99/><T94/><D18/><U58/><E16/><V22/><F22/><W120/><G120/><T12/><D94/><U101/><E50/><V4/><F100/><W55/><G55/><T132/><D29/><U1/><E9/><V79/><F79/><W80/><G135/><T65/><D12/><U87/><E87/><V42/><F11/><W26/><G26/><T103/><D103/><U67/><E101/><V118/><F118/><W134/><G134/><T123/><D132/><U82/><E82/><V32/><F32/><W84/><G133/><T125/><D125/><U81/><E81/><V34/><F34/><W97/><G97/><T51/><D70/><U20/><E69/><V66/><F66/><W24/><G24/><T107/><D107/><U106/><E106/><V14/><F14/><W130/><G130/><T64/><D54/><U95/><E104/><V109/><F109/><W131/><G131/><AGARI ba="0,0" hai="49,51,56,59,64,65,108,110,113,115,121,123,129,131" machi="131" ten="25,12000,2" yaku="22,2,34,3,52,2" doraHai="116" who="0" fromWho="3" sc="376,120,508,0,56,0,60,-120" owari="496,30.0,508,60.0,56,-34.0,-60,-56.0" /></mjloggm>