<mjloggm ver="2.3"><GO type="169" lobby="0"/><UN n0="%62%65%65%73%6F%6E%6F" n1="%E3%81%97%E3%81%8A%E3%81%BE%E3%81%AD%E3%81%8D" n2="%E3%82%BF%E3%82%B1%E3%82%AA%E3%81%97%E3%82%83%E3%82%93" n3="%E3%82%A6%E3%83%AB%E3%83%88%E3%83%A9%E7%AB%8B%E7%9B%B4" dan="16,16,17,17" rate="2110.36,2097.99,2182.79,2136.13" sx="M,M,M,M"/><TAIKYOKU oya="0"/><INIT seed="0,0,0,0,5,23" ten="250,250,250,250" oya="0" hai0="103,129,50,64,99,117,124,95,31,92,105,47,82" hai1="17,97,19,14,127,25,44,43,83,104,32,98,49" hai2="101,115,85,121,46,38,7,29,67,34,20,57,37" hai3="69,2,108,75,135,59,10,134,12,102,11,13,86"/><T53/><D117/><U6/><E127/><V41/><F121/><W3/><G69/><T56/><D124/><U113/><E113/><V133/><F34/><W71/><G71/><T90/><D129/><U125/><E125/><V130/><F115/><W72/><G59/><T61/><D31/><U119/><E119/><V22/><F130/><W26/><G102/><T28/><D28/><U51/><E83/><V94/><F133/><W1/><G86/><T114/><D114/><U118/><E118/><V60/><F7/><W52/><G52/><T8/><D8/><N who="3" m="3113" /><G108/><T21/><D21/><U76/><E76/><V5/><F5/><W106/><G106/><T65/><D82/><U123/><E6/><V33/><F37/><W55/><G55/><N who="0" m="30175" /><D105/><U107/><E123/><V48/><F38/><W120/><G120/><T88/><D90/><U112/><E112/><V62/><F62/><W80/><G80/><T27/><D27/><U40/><E25/><V24/><REACH who="2" step="1"/><F85/><AGARI ba="0,0" hai="53,56,61,64,65,85,88,92,95,99,103" m="30175" machi="85" ten="30,2900,0" yaku="8,1,54,1" doraHai="23" who="0" fromWho="2" sc="250,29,250,0,250,-29,250,0" /><INIT seed="0,1,0,3,2,38" ten="279,250,221,250" oya="0" hai0="77,103,0,56,52,15,12,90,58,6,91,25,39" hai1="42,108,110,93,116,81,68,126,84,97,135,32,111" hai2="86,88,115,67,113,47,122,36,18,2,59,62,29" hai3="27,7,118,64,121,114,132,112,125,123,76,41,19"/><T102/><D39/><U50/><E32/><V92/><F122/><N who="3" m="46603" /><G76/><T120/><D120/><U54/><E68/><V4/><F29/><W21/><G64/><T14/><D77/><N who="1" m="46127" /><E116/><V70/><F70/><W83/><G83/><T133/><D0/><U9/><E9/><V79/><F79/><W20/><G118/><T104/><D58/><N who="1" m="33111" /><E135/><V11/><REACH who="2" step="1"/><F18/><REACH who="2" ten="279,250,211,250" step="2"/><W63/><G19/><T17/><D17/><U107/><E126/><V72/><F72/><W98/><G125/><T65/><D133/><U128/><E128/><V24/><F24/><W13/><G27/><T10/><D25/><U101/><E42/><AGARI ba="1,1" hai="2,4,11,36,42,47,59,62,67,86,88,92,113,115" machi="42" ten="40,5200,0" yaku="1,1,52,1,54,1,53,0" doraHai="38" doraHaiUra="22" who="2" fromWho="1" sc="279,0,250,-55,211,65,250,0" /><INIT seed="1,0,0,5,3,28" ten="279,195,276,250" oya="1" hai0="112,86,55,104,30,100,35,70,90,127,41,3,15" hai1="13,111,122,17,43,31,4,97,46,126,133,6,96" hai2="114,69,78,102,59,23,88,61,68,95,98,54,74" hai3="14,22,49,103,56,121,42,65,128,47,92,87,73"/><U123/><E133/><V120/><F120/><W135/><G73/><T60/><D55/><U105/><E126/><V79/><F114/><W81/><G121/><T2/><D15/><U77/><E31/><V125/><F125/><W11/><G128/><T51/><D51/><U8/><E77/><V33/><F33/><W75/><G75/><T25/><D112/><U129/><E129/><V62/><F74/><W9/><G135/><T85/><D85/><U0/><E111/><V48/><F69/><W76/><G22/><T16/><D16/><U134/><E134/><V101/><F23/><W113/><G113/><T106/><D106/><U26/><E26/><V110/><F110/><W57/><G65/><N who="0" m="41255" /><D41/><U27/><E27/><V130/><F130/><W84/><G11/><T10/><D10/><U119/><E119/><V108/><F108/><W91/><REACH who="3" step="1"/><G103/><REACH who="3" ten="279,195,276,240" step="2"/><T83/><D127/><U24/><E123/><V12/><F102/><W71/><G71/><T7/><D7/><AGARI ba="0,1" hai="7,9,14,42,47,49,56,57,76,81,84,87,91,92" machi="7" ten="30,8000,1" yaku="1,1,7,1,25,2,8,1,53,0" doraHai="28" doraHaiUra="67" who="3" fromWho="0" sc="279,-80,195,0,276,0,240,90" /><INIT seed="2,0,0,2,0,104" ten="199,195,276,330" oya="2" hai0="85,61,55,25,30,26,65,124,90,0,23,53,3" hai1="110,127,131,134,28,79,112,17,54,115,130,72,34" hai2="70,96,58,60,119,14,100,107,68,11,22,122,57" hai3="92,43,51,73,89,67,40,111,18,94,36,59,117"/><V48/><F122/><W37/><G117/><T56/><D124/><U29/><E54/><V31/><F119/><W95/><G111/><T42/><D3/><U83/><E110/><V128/><F128/><N who="1" m="49193" /><E127/><V7/><F57/><W8/><G73/><T132/><D0/><U9/><E134/><V50/><F68/><W103/><G103/><T74/><D74/><U64/><E64/><V47/><F70/><W87/><G37/><T113/><D113/><N who="1" m="43595" /><E34/><V121/><F121/><W4/><G36/><T88/><D132/><U84/><E84/><V101/><F101/><W81/><G4/><T114/><D42/><U135/><E135/><V16/><F31/><N who="1" m="11849" /><E9/><V62/><F47/><W12/><G67/><T2/><D114/><U105/><E17/><V52/><REACH who="2" step="1"/><F60/><REACH who="2" ten="199,195,266,330" step="2"/><W66/><G51/><T20/><D2/><AGARI ba="0,1" hai="2,7,11,14,16,22,48,50,52,58,62,96,100,107" machi="2" ten="30,18000,2" yaku="1,1,2,1,7,1,54,2,53,1" doraHai="104" doraHaiUra="32" who="2" fromWho="0" sc="199,-180,195,0,266,190,330,0" /><INIT seed="2,1,0,3,3,83" ten="19,195,456,330" oya="2" hai0="16,2,23,13,5,59,96,119,71,90,129,95,104" hai1="125,9,15,37,75,67,68,31,63,130,44,79,117" hai2="32,47,46,77,134,30,87,49,14,61,124,101,105" hai3="52,84,8,33,22,135,72,18,102,4,100,56,81"/><V108/><F124/><W73/><G33/><T99/><D71/><U109/><E117/><V20/><F32/><W42/><G42/><T25/><D119/><U6/><E109/><V10/><F134/><W41/><G135/><T85/><D129/><U76/><E130/><V78/><F108/><W45/><G73/><T19/><D104/><U98/><E125/><V53/><F105/><W118/><G72/><T26/><D2/><U65/><E31/><V12/><F101/><W54/><G118/><T126/><D126/><U92/><E67/><V112/><F61/><W11/><G45/><T21/><D59/><U51/><E37/><V94/><F112/><W70/><G41/><T89/><D89/><U103/><REACH who="1" step="1"/><E75/><REACH who="1" ten="19,185,456,330" step="2"/><V40/><F30/><W58/><G70/><T106/><REACH who="0" step="1"/><D106/><REACH who="0" ten="9,185,456,330" step="2"/><U57/><E57/><V110/><F110/><W64/><G58/><T122/><D122/><U17/><E17/><N who="2" m="10279" /><F46/><W3/><G56/><T86/><D86/><U60/><E60/><V50/><F50/><W115/><G84/><T111/><D111/><U35/><E35/><V48/><F49/><W0/><G18/><T66/><D66/><U74/><E74/><V82/><F48/><W88/><G64/><T39/><D39/><U36/><E36/><V131/><F47/><W114/><G114/><T123/><D123/><U62/><E62/><V7/><F131/><W29/><G115/><T38/><D38/><U28/><E28/><V113/><F113/><W107/><G29/><T132/><D132/><U128/><E128/><V121/><F121/><W69/><G69/><T91/><D91/><RYUUKYOKU ba="1,2" sc="9,15,185,15,456,-15,330,-15" hai0="5,13,16,19,21,23,25,26,85,90,95,96,99" hai1="6,9,15,44,51,63,65,68,76,79,92,98,103" /><INIT seed="3,2,2,1,0,2" ten="24,200,441,315" oya="3" hai0="96,77,37,28,8,46,0,112,117,7,90,23,68" hai1="89,129,64,81,66,104,128,4,83,27,109,9,132" hai2="45,33,24,67,30,106,15,85,107,76,11,74,122" hai3="131,70,6,120,35,50,100,123,73,125,41,5,115"/><W114/><G73/><T101/><D117/><U32/><E104/><V113/><F113/><W39/><G70/><T72/><D112/><N who="3" m="43049" /><G50/><T40/><D90/><U87/><E109/><V57/><F74/><W84/><G84/><T18/><D37/><U52/><E132/><V44/><F106/><W31/><G100/><T16/><D68/><U79/><E27/><V26/><F107/><W108/><G41/><T49/><D28/><U54/><E32/><V29/><F67/><W58/><G58/><T102/><D96/><U97/><E66/><V94/><F57/><W65/><G65/><T80/><REACH who="0" step="1"/><D16/><REACH who="0" ten="14,200,441,315" step="2"/><U135/><E135/><V110/><F30/><W93/><G39/><T75/><D75/><N who="1" m="43263" /><E97/><V130/><F29/><W55/><G31/><T14/><AGARI ba="2,3" hai="0,7,8,14,18,23,40,46,49,72,77,80,101,102" machi="14" ten="20,12000,2" yaku="1,1,0,1,7,1,52,1,53,2" doraHai="2" doraHaiUra="99" who="0" fromWho="0" sc="14,156,200,-32,441,-32,315,-62" /><INIT seed="4,0,0,5,5,44" ten="170,168,409,253" oya="0" hai0="64,132,80,96,120,130,32,111,7,14,107,105,65" hai1="133,109,53,5,2,30,99,131,38,117,27,74,73" hai2="100,92,19,6,0,40,95,24,18,51,1,89,93" hai3="12,108,110,78,113,43,126,97,63,33,127,102,125"/><T47/><D32/><U10/><E117/><V121/><F121/><W91/><G33/><T114/><D120/><U57/><E133/><V116/><F116/><W11/><G113/><T122/><D122/><U84/><E131/><V20/><F6/><W17/><G78/><T77/><D132/><U49/><E109/><V98/><F1/><W58/><G43/><T119/><D111/><U42/><E84/><V39/><F0/><W16/><G91/><T83/><D119/><U104/><E42/><V4/><F4/><W86/><G86/><T37/><D130/><U124/><E38/><V71/><F71/><W67/><REACH who="3" step="1"/><G17/><REACH who="3" ten="170,168,409,243" step="2"/><T81/><D77/><U118/><E118/><V61/><F18/><W123/><G123/><T88/><D114/><U134/><E134/><V22/><F89/><W70/><G70/><T69/><D69/><U90/><E124/><V34/><F34/><W9/><G9/><T50/><D37/><U79/><E79/><V13/><F39/><W45/><G45/><T54/><D105/><AGARI ba="0,1" hai="11,12,16,58,63,67,97,102,105,108,110,125,126,127" machi="105" ten="40,5200,0" yaku="1,1,18,1,54,1,53,0" doraHai="44" doraHaiUra="115" who="3" fromWho="0" sc="170,-52,168,0,409,0,243,62" /><INIT seed="5,0,0,5,5,12" ten="118,168,409,305" oya="1" hai0="73,65,18,120,68,75,41,52,10,38,63,127,70" hai1="14,31,23,7,44,29,15,106,80,117,0,100,17" hai2="59,103,26,95,66,19,9,69,20,113,99,104,123" hai3="4,84,114,45,115,32,49,82,28,57,5,97,48"/><U8/><E117/><V81/><F123/><W42/><G97/><T64/><D120/><U67/><E67/><V96/><F113/><N who="3" m="43019" /><G28/><N who="1" m="10826" /><E100/><V1/><F81/><W88/><G32/><T37/><D127/><U94/><E106/><V13/><F1/><W119/><G119/><T132/><D132/><U74/><E74/><V24/><F69/><W51/><G57/><T98/><D41/><U21/><E94/><N who="2" m="58775" /><F9/><W39/><AGARI ba="0,0" hai="4,5,39,42,45,48,49,51,82,84,88" m="43019" machi="39" ten="30,2000,0" yaku="15,1,54,1" doraHai="12" who="3" fromWho="3" sc="118,-5,168,-10,409,-5,305,20" /><INIT seed="6,0,0,3,5,118" ten="113,158,404,325" oya="2" hai0="101,79,122,1,21,59,42,109,9,96,107,24,98" hai1="47,38,48,33,91,45,19,94,73,46,62,132,3" hai2="50,44,36,85,0,76,30,117,131,54,126,125,111" hai3="58,77,60,97,123,11,14,102,133,23,120,28,12"/><V20/><F0/><W29/><G77/><T68/><D68/><U104/><E104/><V90/><F117/><W22/><G133/><T113/><D109/><U114/><E3/><V51/><F131/><W115/><G115/><T84/><D113/><U106/><E106/><V43/><F76/><W6/><G97/><T124/><D124/><U10/><E33/><V89/><F111/><W18/><G102/><T65/><D42/><U100/><E100/><V52/><F30/><N who="3" m="11883" /><G58/><T70/><D70/><U61/><E73/><V88/><F20/><N who="3" m="7723" /><G60/><T49/><D122/><U116/><E132/><V4/><F4/><W86/><G86/><T25/><D98/><U71/><E62/><V130/><F130/><W78/><G78/><T74/><D74/><U67/><E114/><V17/><F17/><W32/><G32/><T80/><D21/><AGARI ba="0,0" hai="6,11,12,14,18,21,120,123" m="7723,11883" machi="21" ten="30,7700,0" yaku="34,2,52,2" doraHai="118" who="3" fromWho="0" sc="113,-77,158,0,404,0,325,77" /><INIT seed="7,0,0,2,1,96" ten="36,158,404,402" oya="3" hai0="99,110,85,129,62,8,111,70,135,36,23,32,121" hai1="81,18,40,82,10,124,116,13,126,130,91,15,94" hai2="125,128,64,119,9,113,69,107,19,5,67,37,21" hai3="66,58,76,73,100,7,61,86,1,28,25,44,47"/><W97/><G73/><T42/><D85/><N who="1" m="52591" /><E130/><V14/><F119/><W105/><G7/><T75/><D23/><N who="1" m="11727" /><E40/><V56/><F113/><W79/><G1/><T0/><D99/><U54/><E54/><V38/><F125/><N who="1" m="48233" /><E116/><V78/><F128/><W53/><G86/><T87/><D87/><U30/><E30/><V48/><F64/><W102/><G102/><T34/><D62/><U118/><E118/><V55/><F67/><W134/><G134/><T59/><D59/><U103/><E103/><V29/><F69/><W6/><G6/><AGARI ba="0,0" hai="6,10,15,81,82" m="48233,11727,52591" machi="6" ten="30,1000,0" yaku="18,1" doraHai="96" who="1" fromWho="3" sc="36,0,158,10,404,0,402,-10" owari="36,-46.0,168,-23.0,404,50.0,392,19.0" /></mjloggm>