<mjloggm ver="2.3"><GO type="225" lobby="0"/><UN n0="%E3%83%88%E3%83%88%E3%83%AA%E5%85%88%E7%94%9F%31%39%E6%AD%B3" n1="%E3%82%AB%E3%83%A9%E3%82%B9%E3%81%AE%E5%AD%90" n2="%E4%B8%87%E8%83%BD%E3%81%AD%E3%81%8E" n3="%E5%96%9C%E5%A4%9A" dan="16,16,16,16" rate="2091.91,2105.63,2093.99,2134.65" sx="F,M,M,M"/><TAIKYOKU oya="0"/><INIT seed="0,0,0,3,2,50" ten="250,250,250,250" oya="0" hai0="125,70,23,109,46,24,44,131,1,52,38,26,34" hai1="81,62,43,29,114,97,49,15,20,41,95,7,36" hai2="51,127,27,106,60,123,90,31,111,3,17,128,122" hai3="83,8,85,91,39,132,9,63,82,72,93,19,59"/><T4/><D70/><U86/><E36/><V101/><F3/><W22/><G39/><T68/><D68/><U73/><E73/><V89/><F111/><W16/><G132/><T76/><D109/><U75/><E75/><V96/><F127/><W78/><G83/><T11/><D125/><U42/><E114/><V65/><F128/><W45/><G45/><T117/><D117/><U130/><E130/><V119/><F17/><W112/><G112/><T21/><D131/><U53/><E62/><V80/><F119/><W110/><G110/><T103/><D76/><N who="1" m="46375" /><E29/><V66/><F66/><W126/><G126/><T33/><D103/><N who="1" m="60863" /><E20/><V79/><F122/><W67/><REACH who="3" step="1"/><G19/><REACH who="3" ten="250,250,250,240" step="2"/><T30/><D38/><U55/><E49/><V25/><F51/><W108/><G108/><T32/><D44/><U94/><E94/><V2/><F123/><W116/><G116/><T18/><D46/><U71/><E71/><V133/><F133/><W100/><G100/><T13/><REACH who="0" step="1"/><D52/><REACH who="0" ten="240,250,250,240" step="2"/><N who="1" m="20043" /><E43/><V88/><F101/><W118/><G118/><T37/><D37/><U92/><E92/><V12/><F106/><W57/><G57/><T134/><D134/><U105/><E105/><V77/><F77/><W99/><G99/><T113/><D113/><U47/><E47/><V69/><F96/><W121/><G121/><T61/><D61/><U120/><E120/><V0/><F60/><W64/><G64/><T35/><D35/><U135/><E135/><V54/><F65/><W129/><G129/><T28/><AGARI ba="0,2" hai="1,4,11,13,18,21,23,24,26,28,30,32,33,34" machi="28" ten="20,36000,4" yaku="1,1,0,1,7,1,24,2,35,6,53,0" doraHai="50" doraHaiUra="107" who="0" fromWho="0" sc="240,380,250,-120,250,-120,240,-120" /><INIT seed="0,1,0,2,4,103" ten="620,130,130,120" oya="0" hai0="63,27,36,29,68,114,74,94,44,8,133,128,17" hai1="5,110,60,75,3,73,109,0,72,86,120,79,121" hai2="117,104,119,85,57,39,30,123,134,108,41,58,83" hai3="48,82,130,55,99,106,125,35,112,21,131,11,56"/><T12/><D74/><U18/><E60/><V64/><F123/><N who="1" m="47177" /><E18/><V80/><F108/><N who="1" m="41577" /><E5/><V34/><F134/><W38/><G35/><T13/><D133/><U95/><E95/><V135/><F135/><W61/><G38/><T51/><D94/><U42/><E42/><V92/><F92/><W78/><G11/><T76/><D63/><U14/><E14/><V77/><F41/><W87/><G112/><T71/><D13/><U43/><E43/><V124/><F39/><W26/><G125/><T20/><D36/><U40/><E40/><V24/><F124/><W93/><G61/><T66/><D12/><U47/><E47/><V23/><F119/><W28/><REACH who="3" step="1"/><G106/><REACH who="3" ten="620,130,130,110" step="2"/><T84/><D8/><U45/><E45/><V53/><F104/><W25/><G25/><T19/><D27/><U52/><E52/><V98/><F53/><W81/><G81/><AGARI ba="1,1" hai="0,3,72,73,75,79,81,86" m="41577,47177" machi="81" ten="40,1300,0" yaku="14,1" doraHai="103" who="1" fromWho="3" sc="620,0,130,26,130,0,110,-16" /><INIT seed="1,0,0,2,1,128" ten="620,156,130,94" oya="1" hai0="59,13,71,41,2,65,16,132,14,37,38,35,30" hai1="66,77,98,15,125,22,21,111,53,110,96,69,8" hai2="23,87,127,108,17,25,1,107,84,75,63,120,89" hai3="31,122,76,131,95,83,92,18,118,0,55,90,46"/><U88/><E77/><V101/><F120/><W115/><G122/><T6/><D71/><U34/><E34/><V12/><F1/><W94/><G115/><T129/><D14/><U114/><E114/><V9/><F108/><N who="1" m="41513" /><E125/><V124/><F75/><W7/><G131/><T103/><D35/><U27/><E53/><V135/><F101/><W39/><G31/><T99/><D30/><U104/><E104/><V73/><F73/><N who="3" m="43407" /><G18/><T3/><D16/><N who="1" m="8295" /><E98/><V102/><F107/><W45/><G45/><T82/><D99/><U121/><E121/><V60/><F102/><W47/><G47/><T57/><D103/><U36/><E36/><V78/><F78/><W50/><G118/><T4/><D38/><U130/><E130/><V106/><F106/><W91/><G55/><T112/><D37/><U61/><E27/><V64/><F25/><W72/><G50/><T123/><D123/><U51/><E51/><V74/><F127/><W109/><G72/><T116/><D112/><U48/><E48/><V86/><F74/><W42/><G109/><T54/><D54/><U85/><E96/><V10/><F124/><W133/><G91/><T11/><D129/><U105/><E105/><V33/><F89/><W70/><G90/><T24/><D24/><U81/><AGARI ba="0,0" hai="21,22,61,66,69,81,85,88" m="8295,41513" machi="81" ten="30,11700,0" yaku="14,1,10,1,54,2" doraHai="128" who="1" fromWho="1" sc="620,-39,156,117,130,-39,94,-39" /><INIT seed="1,1,0,4,4,52" ten="581,273,91,55" oya="1" hai0="14,85,78,19,66,103,106,13,83,22,82,30,59" hai1="75,50,104,113,135,130,38,33,44,27,123,29,109" hai2="15,98,76,108,32,100,65,110,95,77,112,125,31" hai3="6,57,8,91,126,17,0,92,42,25,10,9,128"/><U64/><RYUUKYOKU type="yao9" ba="1,0" sc="581,0,273,0,91,0,55,0" hai1="27,29,33,38,44,50,64,75,104,109,113,123,130,135" /><INIT seed="1,2,0,3,4,128" ten="581,273,91,55" oya="1" hai0="44,11,97,13,64,85,57,118,63,40,46,114,43" hai1="1,7,34,49,79,69,134,52,73,90,2,84,107" hai2="51,17,58,22,32,96,27,133,120,53,60,112,130" hai3="36,8,103,47,105,29,77,101,33,76,42,131,68"/><U82/><E107/><V16/><F120/><W38/><G131/><T123/><D114/><U37/><E37/><V113/><F130/><W56/><G68/><T125/><D118/><U75/><E69/><V31/><F133/><W66/><G56/><T106/><D106/><U5/><E34/><V119/><F119/><W81/><G66/><T0/><D0/><U45/><E134/><V108/><F108/><W93/><G93/><T121/><D97/><U99/><E99/><V117/><F117/><W74/><G77/><T78/><D125/><U23/><E23/><V92/><F51/><W24/><G8/><T115/><D115/><N who="2" m="44106" /><F22/><W80/><G80/><N who="0" m="47255" /><D121/><U86/><E75/><V129/><F129/><W26/><G105/><T20/><D20/><U54/><E54/><V132/><F132/><W65/><G65/><T70/><D70/><U48/><E48/><V110/><F110/><W19/><G38/><T83/><D83/><U71/><E71/><V50/><F50/><W102/><G26/><T18/><D123/><U72/><E72/><V4/><F4/><W9/><REACH who="3" step="1"/><G9/><REACH who="3" ten="581,273,91,45" step="2"/><T116/><D116/><U98/><E98/><V109/><F109/><W100/><N who="3" m="26112" /><DORA hai="3" /><W30/><G30/><T104/><D104/><U14/><E73/><V91/><AGARI ba="2,1" hai="16,17,27,31,32,53,58,60,91,92,96" m="44106" machi="91" ten="30,2000,0" yaku="11,1,54,1" doraHai="128,3" who="2" fromWho="2" sc="581,-7,273,-12,91,36,45,-7" /><INIT seed="2,0,0,4,2,86" ten="574,261,127,38" oya="2" hai0="76,26,94,112,89,23,67,58,135,88,22,6,85" hai1="73,131,2,14,101,102,61,55,123,111,44,119,79" hai2="116,78,34,41,133,13,84,83,40,70,77,10,121" hai3="9,113,71,126,36,17,105,60,128,54,20,12,114"/><V127/><F121/><W74/><G36/><T56/><D112/><N who="3" m="43113" /><G74/><T117/><D117/><U68/><E101/><V91/><F116/><W110/><G105/><T120/><D120/><U107/><E102/><V4/><F127/><W122/><G122/><T106/><D106/><U62/><E79/><V99/><F70/><W129/><G71/><T49/><D135/><U18/><E55/><V97/><F34/><W39/><G39/><T19/><D6/><U1/><E44/><V35/><F35/><W66/><G54/><N who="0" m="31823" /><D23/><U93/><E62/><V75/><F75/><W100/><G100/><T130/><D130/><N who="3" m="50281" /><G60/><N who="0" m="38295" /><D94/><U64/><E93/><V21/><F41/><W43/><G43/><T51/><D51/><U33/><E131/><V7/><F40/><W81/><G66/><T72/><D72/><U95/><E64/><V53/><F53/><W115/><G81/><AGARI ba="0,0" hai="19,22,26,76,81,85,88,89" m="38295,31823" machi="81" ten="30,7700,0" yaku="8,1,52,2,54,1" doraHai="86" who="0" fromWho="3" sc="574,77,261,0,127,0,38,-77" owari="651,75.0,261,6.0,127,-27.0,-39,-54.0" /></mjloggm>