<mjloggm ver="2.3"><GO type="169" lobby="0"/><UN n0="%E3%82%82%E3%81%97%E3%83%A9%E3%82%B9%E3%81%A7" n1="%E3%83%A4%E3%82%AD%E3%83%B3" n2="%E3%81%92%E3%82%93%E3%81%9F%E3%82%8D%EF%BD%9E" n3="%E3%82%A6%E3%83%AB%E3%83%88%E3%83%A9%E7%AB%8B%E7%9B%B4" dan="16,18,17,17" rate="2091.38,2206.68,2178.13,2198.89" sx="M,M,M,M"/><TAIKYOKU oya="0"/><INIT seed="0,0,0,1,3,21" ten="250,250,250,250" oya="0" hai0="130,15,33,14,31,95,28,61,11,40,51,16,70" hai1="124,79,20,113,64,83,46,115,68,35,76,23,9" hai2="57,67,99,2,29,125,97,94,123,111,107,30,73" hai3="32,117,102,100,50,104,101,41,71,13,86,56,19"/><T87/><D130/><U116/><E35/><V106/><F73/><W77/><G71/><T5/><D70/><U0/><E116/><V63/><F2/><W12/><G117/><T127/><D127/><U39/><E124/><V60/><F125/><W119/><G119/><T98/><D87/><U92/><E92/><V112/><F112/><W44/><G32/><T109/><D61/><U62/><E76/><V24/><F123/><W22/><G56/><T103/><D33/><U88/><E88/><V84/><F30/><W48/><G104/><T91/><D103/><U108/><E108/><V85/><F111/><W34/><G34/><T121/><D121/><U114/><E46/><V54/><F107/><W43/><G50/><T6/><D109/><U4/><REACH who="1" step="1"/><E39/><REACH who="1" ten="250,240,250,250" step="2"/><V80/><F106/><W128/><G128/><T59/><D91/><U110/><E110/><V38/><F38/><W69/><G77/><T75/><D95/><U7/><E7/><V132/><F94/><W27/><G86/><AGARI ba="0,1" hai="0,4,9,20,23,62,64,68,79,83,86,113,114,115" machi="86" ten="40,2600,0" yaku="1,1,11,1,53,0" doraHai="21" doraHaiUra="37" who="1" fromWho="3" sc="250,0,240,36,250,0,250,-26" /><INIT seed="1,0,0,0,4,76" ten="250,276,250,224" oya="1" hai0="83,113,0,118,55,21,72,61,35,42,10,88,97" hai1="41,91,95,31,117,13,74,20,135,70,81,92,106" hai2="107,80,82,109,128,125,51,49,115,8,32,100,44" hai3="34,67,29,54,86,120,108,6,78,129,57,133,63"/><U75/><E106/><V121/><F32/><W110/><G120/><T15/><D35/><U69/><E117/><V4/><F121/><W53/><G129/><T119/><D113/><U23/><E41/><V58/><F128/><W87/><G133/><T48/><D0/><U3/><E3/><V17/><F115/><W111/><G6/><T85/><D21/><U62/><E62/><V43/><F109/><W36/><G36/><T46/><D72/><U2/><E2/><V28/><F28/><W89/><G78/><T14/><D97/><U68/><E135/><V112/><F112/><W52/><REACH who="3" step="1"/><G89/><REACH who="3" ten="250,276,250,214" step="2"/><T12/><D119/><U50/><E91/><V102/><F4/><W45/><G45/><T131/><D118/><U7/><E7/><V16/><F44/><W27/><AGARI ba="0,1" hai="27,29,34,52,53,54,57,63,67,86,87,108,110,111" machi="27" ten="40,8000,1" yaku="1,1,0,1,14,1,54,1,53,0" doraHai="76" doraHaiUra="84" who="3" fromWho="3" sc="250,-20,276,-40,250,-20,214,90" /><INIT seed="2,0,0,3,3,135" ten="230,236,230,304" oya="2" hai0="117,25,59,82,5,88,103,50,118,105,49,36,89" hai1="1,80,72,37,56,128,70,131,52,68,132,19,4" hai2="60,123,101,18,65,67,66,30,34,55,17,127,8" hai3="130,62,133,22,112,61,12,92,10,95,0,125,35"/><V46/><F123/><W44/><G133/><T90/><D36/><U26/><E37/><V27/><F127/><W76/><G35/><T53/><D5/><U77/><E132/><V114/><F114/><W107/><G107/><T51/><D103/><U39/><E39/><V121/><F121/><W83/><G130/><N who="1" m="49706" /><E4/><V29/><F29/><W45/><G125/><T85/><D105/><U41/><E41/><V109/><F109/><W31/><G0/><T87/><D25/><U13/><E26/><V33/><F33/><W119/><G119/><T9/><D9/><N who="1" m="6575" /><E1/><V64/><F101/><W111/><G22/><T99/><D99/><U23/><E23/><V11/><N who="2" m="16384" /><DORA hai="126" /><V38/><F11/><W16/><G31/><T7/><D7/><U91/><E91/><V2/><F2/><W24/><G24/><T106/><D90/><U54/><E56/><V47/><F8/><W124/><G124/><T78/><D89/><U42/><E42/><V71/><F71/><AGARI ba="0,0" hai="52,54,68,70,71,72,77,80" m="6575,49706" machi="71" ten="30,8000,1" yaku="19,1,52,3,54,1" doraHai="135,126" who="1" fromWho="2" sc="230,0,236,80,230,-80,304,0" /><INIT seed="3,0,0,5,0,69" ten="230,316,150,304" oya="3" hai0="90,28,79,117,21,16,55,135,72,48,64,102,93" hai1="78,134,99,131,127,57,46,104,70,100,119,53,62" hai2="6,74,3,8,47,124,14,96,36,68,51,123,88" hai3="0,17,130,1,129,45,94,49,98,11,24,75,13"/><W92/><G75/><T87/><D117/><U54/><E70/><V32/><F124/><W67/><G67/><T132/><D64/><U114/><E114/><V65/><F123/><W40/><G24/><T118/><D28/><U126/><E119/><V133/><F133/><W38/><G49/><T29/><D29/><U105/><E78/><V108/><F108/><W122/><G92/><T7/><D7/><U25/><E134/><V109/><F109/><W101/><REACH who="3" step="1"/><G122/><REACH who="3" ten="230,316,150,294" step="2"/><T106/><D132/><U95/><E25/><V97/><F74/><W86/><G86/><T110/><D135/><U33/><E95/><V58/><F65/><W31/><G31/><T103/><D110/><U84/><E84/><V41/><F68/><W59/><G59/><T15/><D118/><U34/><E57/><V77/><F58/><W83/><G83/><N who="0" m="45543" /><D106/><U19/><E105/><V50/><F50/><W22/><G22/><T82/><D82/><U39/><E104/><V81/><F51/><W128/><AGARI ba="0,1" hai="0,1,11,13,17,38,40,45,94,98,101,128,129,130" machi="128" ten="30,11700,0" yaku="1,1,0,1,19,1,52,1,53,0" doraHai="69" doraHaiUra="52" who="3" fromWho="3" sc="230,-39,316,-39,150,-39,294,127" /><INIT seed="3,1,0,3,3,14" ten="191,277,111,421" oya="3" hai0="46,56,20,121,0,32,38,103,44,26,68,18,78" hai1="55,125,66,40,90,7,65,76,100,24,80,42,57" hai2="30,79,128,119,71,73,51,10,6,84,104,81,34" hai3="39,87,33,96,122,113,111,89,101,127,93,94,35"/><W98/><G122/><T67/><D68/><U126/><E100/><V85/><F119/><W72/><G113/><T21/><D121/><U99/><E7/><V37/><F128/><W54/><G127/><N who="1" m="48650" /><E90/><V83/><F71/><W114/><G114/><T27/><D0/><U102/><E24/><V106/><F37/><W11/><G72/><T86/><D32/><U12/><E12/><V134/><F134/><W130/><G130/><T43/><D103/><U77/><E55/><V31/><F73/><W123/><G123/><T63/><D46/><U97/><E97/><V1/><F51/><W120/><G39/><T135/><D135/><U17/><E57/><V108/><F108/><W64/><G111/><T15/><D78/><N who="1" m="30315" /><E80/><V5/><F34/><W59/><G120/><T88/><REACH who="0" step="1"/><D20/><REACH who="0" ten="181,277,111,421" step="2"/><U41/><E102/><V22/><F22/><W112/><G35/><T118/><D118/><U124/><E124/><V61/><F79/><W4/><G33/><T48/><D48/><U16/><E99/><V58/><F1/><W3/><G98/><T70/><D70/><U60/><E60/><V8/><F58/><W91/><G101/><T74/><D74/><U133/><E133/><V47/><F47/><W2/><G2/><T19/><D19/><AGARI ba="1,1" hai="16,17,19,40,41,42,65,66" m="30315,48650" machi="19" ten="40,12000,2" yaku="28,2,18,1,52,3,54,1" doraHai="14" who="1" fromWho="0" sc="181,-123,277,133,111,0,421,0" /><INIT seed="4,0,0,0,5,126" ten="58,410,111,421" oya="0" hai0="131,5,51,56,30,65,100,93,63,101,117,67,54" hai1="86,109,7,59,39,102,26,84,29,118,33,91,13" hai2="58,28,119,76,89,129,85,19,120,53,94,37,127" hai3="35,79,46,130,98,49,95,41,40,78,114,72,10"/><T135/><D117/><U15/><E109/><V125/><F120/><W16/><G35/><T43/><D135/><U82/><E39/><V108/><F108/><W25/><G114/><T121/><D121/><U122/><E118/><V23/><F119/><W52/><G130/><T105/><D105/><U4/><E102/><V31/><F37/><W88/><G72/><T60/><D30/><U45/><E45/><V11/><F129/><W42/><G10/><T103/><D131/><U68/><E68/><V133/><F133/><W9/><G9/><T66/><D5/><U81/><E122/><V8/><F76/><W24/><G25/><T22/><D22/><AGARI ba="0,0" hai="16,22,24,40,41,42,46,49,52,78,79,88,95,98" machi="22" ten="40,8000,1" yaku="8,1,54,3" doraHai="126" who="3" fromWho="0" sc="58,-80,410,0,111,0,421,80" owari="-22,-52.0,410,21.0,111,-29.0,501,60.0" /></mjloggm>