<mjloggm ver="2.3"><GO type="169" lobby="0"/><UN n0="%E3%82%A6%E3%83%AB%E3%83%88%E3%83%A9%E7%AB%8B%E7%9B%B4" n1="%E5%87%9B%E5%AE%99" n2="%E3%81%86%E3%81%A0%E3%81%A3%E3%81%B7" n3="%E3%81%94%E3%82%93%E3%81%96%E3%81%B6%E3%82%8D%E3%83%BC" dan="17,16,16,16" rate="2226.16,2189.02,2175.29,2095.71" sx="M,M,M,M"/><TAIKYOKU oya="0"/><INIT seed="0,0,0,4,2,95" ten="250,250,250,250" oya="0" hai0="86,25,117,65,76,135,119,48,82,124,49,20,60" hai1="83,42,47,46,123,106,23,35,100,36,99,94,10" hai2="64,17,111,4,33,0,13,29,31,73,67,56,6" hai3="32,132,93,45,7,125,50,84,14,37,134,18,103"/><T28/><D124/><U70/><E123/><V107/><F73/><W133/><G32/><T44/><D135/><U74/><E70/><V8/><F107/><W102/><G37/><T129/><D129/><U90/><E35/><V85/><F111/><W75/><G75/><T128/><D128/><U63/><E63/><V30/><F85/><W1/><G7/><N who="2" m="2601" /><F56/><W98/><G1/><T131/><D131/><U81/><E10/><V38/><F38/><W71/><G71/><T89/><D76/><U96/><E74/><V108/><F108/><W26/><G84/><T55/><REACH who="0" step="1"/><D49/><REACH who="0" ten="240,250,250,250" step="2"/><U122/><E122/><V104/><F33/><W21/><G125/><T34/><D34/><U15/><REACH who="1" step="1"/><E46/><REACH who="1" ten="240,240,250,250" step="2"/><V58/><F0/><W22/><G133/><T66/><D66/><U24/><E24/><V9/><F64/><W113/><G134/><T130/><D130/><U127/><E127/><V51/><F67/><W72/><G132/><T80/><D80/><U59/><E59/><AGARI ba="0,2" hai="20,25,28,44,48,55,59,60,65,82,86,89,117,119" machi="59" ten="30,5800,0" yaku="1,1,7,1,53,1" doraHai="95" doraHaiUra="27" who="0" fromWho="1" sc="240,78,240,-58,250,0,250,0" /><INIT seed="0,1,0,5,4,48" ten="318,182,250,250" oya="0" hai0="67,42,13,95,33,28,123,122,124,19,72,94,110" hai1="61,46,7,129,27,29,54,90,79,66,92,35,71" hai2="103,98,56,31,34,78,75,41,43,9,132,8,77" hai3="84,22,17,118,120,69,99,130,105,51,73,82,81"/><T45/><D72/><U127/><E127/><V76/><F75/><W49/><G69/><T121/><D124/><U65/><E65/><V39/><F132/><W135/><G135/><T68/><D110/><U104/><E129/><V44/><F41/><W100/><G118/><T89/><D28/><U16/><E7/><V101/><F101/><W80/><G130/><T6/><D33/><U5/><E5/><V134/><F134/><W50/><G73/><T85/><D6/><U57/><E46/><V114/><F114/><W53/><G120/><T10/><D95/><U20/><E79/><V47/><F47/><W111/><G111/><T40/><REACH who="0" step="1"/><D45/><REACH who="0" ten="308,182,250,250" step="2"/><U102/><E104/><V93/><F31/><W63/><G80/><T3/><D3/><U64/><E102/><V11/><F34/><W25/><G81/><T86/><D86/><U52/><E35/><V36/><F44/><W125/><G125/><T106/><D106/><U109/><E109/><V126/><F126/><W113/><G84/><T26/><D26/><U60/><E29/><V70/><F43/><W112/><G82/><T88/><D88/><U119/><E119/><V1/><F1/><W32/><G32/><T21/><D21/><U55/><E66/><V23/><F23/><W117/><G117/><T83/><D83/><U91/><E91/><V108/><F108/><W62/><G113/><T131/><D131/><U0/><E0/><V30/><F30/><W4/><G112/><T59/><D59/><U116/><E116/><V12/><F56/><N who="3" m="35087" /><G4/><T74/><D74/><U14/><E27/><V133/><F133/><RYUUKYOKU ba="1,1" sc="308,10,182,10,250,-30,250,10" hai0="10,13,19,40,42,67,68,85,89,94,121,122,123" hai1="14,16,20,52,54,55,57,60,61,64,71,90,92" hai3="17,22,25,49,50,51,63,99,100,105" /><INIT seed="0,2,1,3,2,5" ten="318,192,220,260" oya="0" hai0="51,3,95,53,112,22,99,62,39,60,135,61,20" hai1="27,57,63,33,49,73,85,102,82,104,89,42,59" hai2="94,47,77,126,35,72,76,30,10,14,24,129,12" hai3="32,84,58,83,45,127,29,52,132,106,115,74,116"/><T50/><D39/><U108/><E108/><V120/><F120/><W8/><G115/><T105/><D112/><U93/><E33/><V81/><F126/><W133/><G106/><T128/><D105/><U21/><E42/><V101/><F129/><W124/><G74/><T123/><D123/><U38/><E38/><V23/><F77/><W121/><G116/><T75/><D75/><U109/><E109/><V7/><F47/><W44/><G121/><T40/><D3/><U64/><E73/><V78/><F78/><N who="3" m="46199" /><G29/><T19/><D128/><U66/><E104/><V125/><F125/><N who="3" m="48203" /><G32/><T2/><D2/><U16/><E49/><V134/><F134/><N who="3" m="51819" /><G8/><T41/><D135/><U9/><E9/><V71/><F35/><W13/><G13/><N who="0" m="9327" /><D22/><U92/><REACH who="1" step="1"/><E102/><REACH who="1" ten="318,182,220,260" step="2"/><V79/><F101/><W107/><G107/><T37/><D37/><U118/><E118/><V98/><F72/><W111/><G111/><T87/><D51/><AGARI ba="2,2" hai="44,45,51,52,58" m="51819,48203,46199" machi="51" ten="30,3900,0" yaku="18,1,20,1,54,1" doraHai="5" who="3" fromWho="0" sc="318,-45,182,0,220,0,260,65" /><INIT seed="1,0,0,1,2,55" ten="273,182,220,325" oya="1" hai0="47,18,124,1,38,34,17,30,123,85,4,105,113" hai1="88,92,42,135,10,23,39,16,126,51,133,128,62" hai2="48,78,91,43,125,65,61,95,66,13,90,45,134" hai3="79,69,19,46,12,71,60,73,53,2,67,127,41"/><U132/><E39/><V131/><F131/><W100/><G2/><T115/><D105/><U14/><E126/><V111/><F111/><W98/><G127/><T116/><D124/><U76/><E76/><V32/><F125/><W75/><G71/><T33/><D85/><N who="1" m="52239" /><E62/><V120/><F134/><W103/><G53/><T107/><D47/><N who="1" m="26103" /><E128/><V58/><F120/><W27/><G27/><T74/><D38/><U7/><E23/><V0/><F32/><W70/><G70/><T29/><D107/><U25/><E25/><V11/><F0/><W108/><G79/><T80/><D74/><U72/><E72/><V9/><F78/><W82/><G82/><T130/><D80/><U6/><AGARI ba="0,0" hai="6,7,10,14,16,132,133,135" m="26103,52239" machi="6" ten="40,7800,0" yaku="20,1,54,2" doraHai="55" who="1" fromWho="1" sc="273,-26,182,78,220,-26,325,-26" /><INIT seed="1,1,0,4,2,88" ten="247,260,194,299" oya="1" hai0="38,83,63,89,65,32,18,98,14,130,9,76,71" hai1="42,40,12,7,30,115,20,22,17,33,104,99,50" hai2="45,69,25,82,29,4,61,72,85,64,132,49,31" hai3="67,48,39,54,106,78,37,43,111,87,121,123,75"/><U15/><E115/><V59/><F132/><W101/><G75/><T8/><D130/><U103/><E50/><V53/><F72/><W41/><G87/><T100/><D38/><N who="3" m="14345" /><G78/><T27/><D89/><U60/><E60/><V66/><F4/><W97/><G101/><T116/><D116/><U105/><E105/><V109/><F109/><W68/><G97/><T34/><D9/><U119/><E119/><V124/><F124/><W70/><G106/><T19/><D19/><U46/><E46/><V57/><F66/><W91/><G91/><T94/><REACH who="0" step="1"/><D27/><REACH who="0" ten="237,260,194,299" step="2"/><U126/><E126/><V74/><F31/><W3/><G111/><T135/><D135/><U125/><E125/><V36/><F36/><W134/><G134/><T128/><D128/><U120/><E7/><V102/><F102/><W23/><G3/><T52/><D52/><U0/><E0/><V108/><F108/><W96/><G54/><T28/><D28/><U112/><E30/><V133/><F133/><W90/><G43/><T114/><D114/><U129/><E112/><V47/><F25/><W24/><G90/><T80/><D80/><U81/><E81/><V11/><F29/><W77/><G24/><T79/><D79/><U13/><E129/><V86/><F11/><W21/><G77/><T113/><D113/><U127/><E127/><V93/><F82/><W84/><G41/><T131/><D131/><U58/><E42/><V56/><F53/><W35/><G67/><T55/><D55/><U44/><E40/><V122/><F64/><W26/><G26/><T6/><D6/><U73/><E17/><RYUUKYOKU ba="1,1" sc="237,30,260,-10,194,-10,299,-10" hai0="8,14,18,32,34,63,65,71,76,83,94,98,100" /><INIT seed="2,2,1,4,2,14" ten="267,250,184,289" oya="2" hai0="78,92,81,108,76,1,50,68,117,93,19,56,128" hai1="10,103,35,45,114,59,18,6,38,57,46,126,7" hai2="60,30,74,132,63,118,86,23,131,98,70,72,87" hai3="65,52,3,42,112,109,51,88,130,32,96,120,79"/><V105/><F118/><W22/><G120/><T26/><D68/><U33/><E114/><V122/><F122/><W17/><G112/><T116/><D1/><U66/><E103/><V75/><F131/><W2/><G32/><T123/><D123/><U48/><E38/><V104/><F132/><W102/><G130/><T99/><D128/><U90/><E10/><V34/><F23/><W11/><G65/><T37/><D37/><U62/><E48/><V83/><F83/><W133/><G42/><T121/><D121/><U13/><E13/><V12/><F12/><N who="3" m="7327" /><G79/><T124/><D124/><U129/><E66/><N who="2" m="41287" /><F105/><N who="3" m="63687" /><G22/><N who="0" m="13663" /><D108/><U49/><E129/><V39/><F63/><W67/><G67/><T91/><D81/><U41/><E62/><V40/><F40/><W54/><G54/><N who="0" m="31831" /><D93/><U85/><E41/><V89/><F39/><W101/><G101/><T80/><D80/><U4/><E49/><V71/><F71/><W25/><G133/><T77/><D117/><U24/><E35/><V69/><F69/><W0/><G0/><T15/><D116/><U44/><E33/><V119/><F119/><W31/><G109/><T106/><D106/><U107/><E107/><V127/><F127/><W55/><G55/><T58/><D15/><U20/><E126/><V111/><F111/><W113/><G113/><T73/><D73/><U97/><E97/><V29/><F34/><N who="3" m="20847" /><G88/><T135/><D135/><U115/><E115/><V47/><F74/><W21/><G21/><T82/><D82/><AGARI ba="2,1" hai="4,6,7,18,20,24,44,45,46,57,59,82,85,90" machi="82" ten="40,2600,0" yaku="8,1,52,1" doraHai="14" who="1" fromWho="0" sc="267,-32,250,42,184,0,289,0" /><INIT seed="3,0,0,4,3,10" ten="235,292,184,289" oya="3" hai0="115,95,28,75,17,65,114,58,11,8,107,13,111" hai1="82,102,24,21,128,57,97,84,9,27,1,112,68" hai2="77,2,86,94,35,50,59,100,122,129,40,109,98" hai3="43,123,72,81,18,133,93,42,38,78,90,66,26"/><W70/><G123/><T7/><D107/><U96/><E68/><V130/><F109/><W134/><G66/><T12/><D75/><U106/><E112/><N who="0" m="43049" /><D28/><U76/><E97/><V30/><F2/><W104/><G70/><T99/><D111/><U125/><E128/><N who="2" m="49259" /><F122/><W52/><G104/><T4/><D58/><U110/><E110/><V63/><F35/><W53/><G26/><T5/><D65/><U108/><E108/><V69/><F69/><W15/><G38/><T56/><D56/><U32/><E32/><V37/><F30/><W39/><G39/><T6/><D6/><U62/><E125/><V44/><F37/><W126/><G126/><T36/><D36/><U117/><E117/><V46/><F46/><W0/><G0/><T85/><D85/><U22/><E27/><V29/><F29/><W91/><G42/><T101/><AGARI ba="0,0" hai="4,5,7,8,11,12,13,17,95,99,101" m="43049" machi="101" ten="30,4000,0" yaku="11,1,52,2" doraHai="10" who="0" fromWho="0" sc="235,40,292,-10,184,-10,289,-20" /><INIT seed="4,0,0,2,0,102" ten="275,282,174,269" oya="0" hai0="75,16,100,55,59,132,127,20,12,93,60,119,50" hai1="37,56,129,44,117,43,61,70,30,90,115,98,57" hai2="22,27,54,7,42,134,113,1,63,11,51,31,2" hai3="68,109,36,103,47,17,41,32,121,131,8,14,87"/><T81/><D119/><U10/><E117/><V92/><F113/><W77/><G121/><T13/><D127/><U130/><E30/><V128/><F134/><W84/><G109/><T107/><D132/><U122/><E10/><V108/><F128/><N who="1" m="49257" /><E122/><V48/><F108/><W52/><G68/><T67/><D107/><U5/><E5/><V111/><F111/><W95/><G131/><T53/><D13/><U120/><E120/><V72/><F72/><W85/><G32/><T88/><D100/><U71/><E98/><V86/><F1/><W97/><REACH who="3" step="1"/><G52/><REACH who="3" ten="275,282,174,259" step="2"/><T69/><D55/><N who="1" m="33951" /><E115/><V104/><F42/><W89/><G89/><T125/><D125/><U9/><E90/><V79/><F54/><W94/><G94/><T0/><D0/><U29/><E71/><V33/><F92/><W24/><G24/><T112/><D112/><U118/><E70/><V46/><F33/><W58/><G58/><T26/><D26/><U66/><E118/><V40/><F63/><W15/><G15/><T116/><D116/><U4/><E57/><V96/><F40/><W23/><G23/><T38/><D69/><U105/><E66/><V49/><F46/><W39/><G39/><T74/><D38/><U28/><E105/><V78/><REACH who="2" step="1"/><F86/><REACH who="2" ten="275,282,164,259" step="2"/><W123/><G123/><T73/><D60/><U45/><E44/><V99/><F99/><W126/><G126/><T76/><D67/><U25/><E45/><V110/><F110/><W133/><G133/><T35/><D35/><U62/><E62/><V124/><F124/><W82/><AGARI ba="0,2" hai="8,14,17,36,41,47,77,82,84,85,87,95,97,103" machi="82" ten="30,2000,0" yaku="1,1,0,1,53,0" doraHai="102" doraHaiUra="65" who="3" fromWho="3" sc="275,-10,282,-5,164,-5,259,40" /><INIT seed="5,0,0,1,0,30" ten="265,277,159,299" oya="1" hai0="59,134,67,40,110,131,43,104,38,72,73,56,111" hai1="83,108,18,89,91,135,37,96,101,6,84,63,45" hai2="133,124,48,27,113,31,107,49,120,2,71,19,65" hai3="70,87,130,90,122,109,57,0,126,41,46,36,64"/><U16/><E108/><V1/><F120/><W58/><G0/><T26/><D26/><U114/><E114/><V23/><F113/><W11/><G130/><T9/><D9/><U77/><E6/><V15/><F124/><W118/><G126/><T99/><D99/><U55/><E135/><V8/><F133/><W106/><G106/><T42/><D42/><U5/><E5/><V25/><F107/><W74/><G74/><T44/><D44/><U92/><E37/><V94/><F27/><W97/><G97/><T20/><D20/><U69/><E69/><V39/><F39/><W80/><G11/><T119/><D104/><U60/><E45/><V100/><F1/><W7/><G7/><T82/><D82/><U50/><E50/><V35/><F100/><W62/><G109/><T115/><D38/><U102/><E91/><V85/><F2/><W76/><G122/><T129/><D134/><U21/><E55/><V66/><F8/><W22/><G118/><T103/><D103/><N who="1" m="39435" /><E18/><V53/><F71/><W88/><G90/><T125/><D125/><U128/><E128/><V24/><F49/><W127/><G127/><T4/><D4/><U61/><E61/><V112/><F112/><W93/><G22/><T78/><D115/><U117/><E117/><V33/><F48/><W34/><G34/><T29/><D119/><U32/><E32/><V81/><F53/><W52/><G52/><T54/><D54/><U3/><E3/><V121/><F121/><W28/><G28/><T10/><D29/><U47/><E47/><V14/><F31/><W105/><G105/><RYUUKYOKU ba="0,0" sc="265,-15,277,15,159,-15,299,15" hai1="16,21,60,63,77,83,84,89,92,96" hai3="36,41,46,57,58,62,64,70,76,80,87,88,93" /><INIT seed="5,1,0,3,4,46" ten="250,292,144,314" oya="1" hai0="107,116,26,57,18,49,50,80,75,67,94,19,31" hai1="15,102,126,44,85,125,17,22,29,16,34,59,71" hai2="33,117,68,9,127,0,3,111,101,5,32,128,104" hai3="95,91,13,8,118,14,89,27,124,11,79,105,77"/><U112/><E112/><V100/><F111/><W73/><G105/><T20/><D107/><U35/><E71/><V51/><F117/><W56/><G118/><T78/><D116/><U43/><E102/><V52/><F68/><W72/><G124/><N who="1" m="47722" /><E59/><V66/><F127/><W129/><G129/><T113/><D113/><U53/><E53/><V76/><F128/><W48/><G27/><T30/><D94/><U130/><E29/><V55/><F66/><W64/><G64/><T1/><D1/><U61/><E61/><V82/><F104/><W38/><G38/><T131/><D131/><U12/><E85/><V109/><F109/><W81/><G56/><T63/><D31/><U40/><E130/><V119/><F119/><W39/><G39/><T42/><D42/><N who="1" m="15915" /><E44/><V69/><F69/><W108/><G108/><T123/><D123/><U135/><E135/><V88/><F55/><W65/><G65/><T6/><D6/><U60/><E60/><V133/><F133/><W84/><G73/><T24/><REACH who="0" step="1"/><D18/><REACH who="0" ten="240,292,144,314" step="2"/><N who="1" m="7275" /><E22/><AGARI ba="1,1" hai="19,20,22,24,26,30,49,50,57,63,67,75,78,80" machi="22" ten="30,8000,1" yaku="1,1,7,1,52,2,53,1" doraHai="46" doraHaiUra="54" who="0" fromWho="1" sc="240,93,292,-83,144,0,314,0" /><INIT seed="6,0,0,2,1,81" ten="333,209,144,314" oya="2" hai0="20,90,120,55,3,46,18,24,132,121,69,134,74" hai1="14,29,51,35,27,2,106,95,109,42,54,38,135" hai2="5,22,9,61,7,116,10,94,113,82,85,39,60" hai3="66,111,101,6,12,64,68,52,1,79,76,80,75"/><V125/><F113/><W67/><G68/><T28/><D69/><U48/><E109/><V99/><F125/><W31/><G111/><T34/><D74/><U13/><E106/><V91/><F116/><W122/><G122/><T30/><D3/><U44/><E2/><V33/><F33/><W21/><G101/><T87/><D30/><U59/><E135/><N who="0" m="51753" /><D55/><U83/><E83/><V73/><F39/><W118/><G118/><T105/><D46/><U96/><E38/><V78/><F22/><W19/><G79/><T8/><D105/><U26/><E26/><V93/><F9/><W92/><G92/><N who="0" m="54367" /><D8/><U32/><E35/><V71/><F71/><W108/><G6/><T63/><D63/><U119/><E119/><V40/><F40/><W112/><G1/><T86/><D86/><U65/><E65/><V4/><REACH who="2" step="1"/><F10/><REACH who="2" ten="333,209,134,314" step="2"/><W70/><G70/><T53/><D34/><U58/><E32/><V97/><F97/><W36/><G112/><T62/><D28/><U0/><E96/><V114/><F114/><W41/><G36/><T57/><AGARI ba="0,1" hai="18,20,24,53,57,62,120,121" m="54367,51753" machi="57" ten="30,2000,0" yaku="20,1,52,1" doraHai="81" who="0" fromWho="0" sc="333,30,209,-5,134,-10,314,-5" /><INIT seed="7,0,0,1,0,6" ten="363,204,124,309" oya="3" hai0="4,88,35,82,90,91,93,111,115,51,132,126,112" hai1="129,21,78,57,36,53,107,33,22,84,2,0,117" hai2="123,3,101,92,98,99,77,122,26,118,131,124,49" hai3="40,32,72,41,25,102,59,50,76,61,114,18,116"/><W42/><G116/><T87/><D35/><U14/><E33/><V37/><F37/><W68/><G114/><N who="0" m="43563" /><D111/><U95/><E107/><N who="2" m="63927" /><F26/><W106/><G106/><T17/><D126/><U46/><E117/><V30/><F30/><W100/><G68/><T56/><D132/><U63/><E129/><V29/><F49/><W104/><G104/><T86/><D4/><U64/><E0/><V13/><F13/><W20/><G32/><T83/><D17/><U105/><E105/><V96/><F29/><W16/><G72/><T31/><D31/><U24/><E2/><V67/><F67/><W89/><G76/><N who="0" m="46407" /><D93/><U121/><E95/><V15/><F3/><W79/><G79/><T62/><D51/><U66/><E78/><V108/><F15/><W113/><G113/><T11/><D11/><U39/><E14/><V110/><F118/><W128/><G128/><T34/><D34/><U23/><E39/><V70/><F70/><W74/><G74/><T28/><D28/><U10/><E36/><V9/><F131/><W73/><G73/><T47/><D47/><U97/><E46/><V103/><F124/><W109/><G109/><N who="2" m="42089" /><F77/><W65/><G89/><T55/><AGARI ba="0,0" hai="55,56,62,83,87,88,90,91" m="46407,43563" machi="55" ten="30,4000,0" yaku="15,1,11,1,54,1" doraHai="6" who="0" fromWho="0" sc="363,40,204,-10,124,-10,309,-20" owari="403,51.0,194,-21.0,114,-39.0,289,9.0" /></mjloggm>