<mjloggm ver="2.3"><GO type="97" lobby="0"/><UN n0="%E3%83%AD%E3%83%9C%E3%82%B3%E3%83%97" n1="%E5%B0%B1%E6%B4%BB%E7%94%9F%40%E5%B7%9D%E6%9D%91%E8%BB%8D%E5%9B%A3" n2="%E9%BB%92%E6%B2%A2%2C%E7%BE%A9%E6%98%8E" n3="%6F%6B%61%6A%75" dan="14,14,15,13" rate="1979.96,1927.35,2010.95,1889.52" sx="M,M,M,M"/><TAIKYOKU oya="0"/><INIT seed="0,0,0,3,3,28" ten="250,250,250,250" oya="0" hai0="33,128,95,16,41,83,107,111,29,22,71,132,115" hai1="60,125,39,0,134,123,65,21,116,62,131,130,49" hai2="124,80,24,25,8,75,1,76,63,88,110,47,7" hai3="97,77,3,15,94,11,38,127,44,96,26,113,117"/><T119/><D115/><U30/><E0/><V126/><F110/><W103/><G117/><T92/><D107/><U70/><E30/><V34/><F63/><W23/><G113/><T46/><D119/><U135/><E21/><V100/><F100/><W66/><G127/><N who="2" m="48681" /><F34/><W120/><G3/><T35/><D71/><U20/><E20/><V48/><F88/><W18/><G120/><T93/><D29/><U102/><E102/><V67/><F67/><W57/><G77/><T36/><D128/><N who="1" m="49195" /><E125/><V5/><F5/><W6/><G38/><T74/><D132/><N who="1" m="50731" /><E123/><V58/><F58/><W87/><G87/><T51/><D111/><U31/><E31/><V55/><AGARI ba="0,0" hai="1,7,8,24,25,47,48,55,75,76,80" m="48681" machi="55" ten="30,1100,0" yaku="18,1" doraHai="28" who="2" fromWho="2" sc="250,-5,250,-3,250,11,250,-3" /><INIT seed="1,0,0,1,2,5" ten="245,247,261,247" oya="1" hai0="12,61,79,15,112,85,6,50,103,19,125,4,121" hai1="31,42,25,7,71,59,56,26,101,135,53,99,47" hai2="62,20,69,88,40,64,130,13,100,54,37,126,104" hai3="21,22,131,115,16,34,3,32,82,93,49,94,111"/><U45/><E71/><V58/><F126/><W66/><G115/><T1/><D112/><U89/><E135/><V107/><F130/><W46/><G66/><T75/><D75/><U27/><E31/><V52/><F100/><W108/><G3/><T63/><D103/><U123/><E123/><V129/><F129/><W14/><G131/><T41/><D121/><U122/><E122/><V106/><F69/><W70/><G82/><N who="0" m="47327" /><D1/><U33/><E33/><V72/><F72/><W29/><G70/><T43/><D125/><U113/><E113/><V83/><F37/><W105/><G105/><T44/><D43/><U23/><E23/><V48/><F40/><W95/><G22/><N who="0" m="11623" /><D15/><U67/><E7/><AGARI ba="0,0" hai="4,6,7,41,44,50,61,63" m="11623,47327" machi="7" ten="30,1000,0" yaku="8,1" doraHai="5" who="0" fromWho="1" sc="245,10,247,-10,261,0,247,0" /><INIT seed="2,0,0,3,0,10" ten="255,237,261,247" oya="2" hai0="0,127,84,24,56,33,15,111,27,133,8,46,135" hai1="7,82,112,61,16,113,13,18,68,30,67,74,12" hai2="103,4,64,19,131,20,42,53,1,5,75,76,35" hai3="93,37,28,6,31,25,102,39,43,48,121,49,99"/><V104/><F131/><W109/><G121/><T128/><D0/><U80/><E30/><V96/><F35/><W130/><G130/><T3/><D3/><U90/><E7/><V65/><F42/><W95/><G109/><T100/><D128/><U44/><E44/><V86/><F75/><W2/><G6/><T32/><D100/><U59/><E68/><V34/><F34/><N who="0" m="13418" /><D111/><U45/><E45/><V50/><F76/><W83/><G2/><T87/><D127/><U91/><E74/><V115/><F115/><W54/><G83/><N who="1" m="31786" /><E113/><V72/><F72/><W77/><G77/><T89/><D46/><U70/><E70/><V69/><F86/><N who="0" m="32810" /><D89/><N who="1" m="33803" /><E112/><V120/><F120/><W21/><G31/><T9/><D56/><U125/><E125/><V40/><F40/><W85/><G43/><T98/><D98/><U73/><E73/><V94/><F104/><W108/><G108/><T106/><D106/><U79/><E79/><V23/><F69/><W110/><G110/><T55/><D55/><U118/><E118/><V62/><F1/><W60/><G39/><T123/><D123/><U22/><E18/><V58/><F5/><W81/><G37/><T78/><D78/><U66/><E67/><N who="2" m="25675" /><F4/><W101/><G81/><T122/><D122/><U51/><E51/><V107/><F107/><W134/><G48/><T14/><D27/><AGARI ba="0,0" hai="12,13,16,22,27,59,61,66" m="33803,31786" machi="27" ten="30,7700,0" yaku="8,1,52,2,54,1" doraHai="10" who="1" fromWho="0" sc="255,-77,237,77,261,0,247,0" /><INIT seed="3,0,0,1,0,79" ten="178,314,261,247" oya="3" hai0="13,122,69,118,24,112,126,101,129,109,34,21,12" hai1="8,38,64,123,127,83,71,107,29,92,22,33,3" hai2="28,11,89,20,59,106,55,39,53,96,108,31,50" hai3="19,125,10,86,35,82,117,72,94,48,63,113,104"/><W68/><G104/><T93/><D69/><U91/><E107/><V103/><F39/><W51/><G117/><T23/><D101/><U74/><E123/><V114/><F114/><W131/><G113/><T97/><D97/><U14/><E127/><V128/><F128/><W47/><G125/><T44/><D93/><U87/><E38/><V90/><F108/><W16/><G131/><T119/><D44/><U27/><E71/><V45/><F11/><W32/><G51/><T105/><D105/><U56/><E3/><V0/><F0/><W4/><G72/><T134/><D126/><U115/><E33/><V41/><F41/><W58/><G94/><T40/><D40/><U57/><E115/><V77/><F77/><W81/><G68/><T52/><D52/><U130/><E130/><V80/><F20/><N who="0" m="7754" /><D129/><U100/><E64/><V49/><F89/><W102/><G81/><T95/><D95/><U37/><E37/><V30/><F90/><W78/><G102/><T133/><D122/><U132/><E132/><N who="0" m="50793" /><D112/><U18/><E74/><V5/><F80/><W7/><G35/><T135/><N who="0" m="50801" /><T73/><DORA hai="42" /><D73/><U9/><E9/><V25/><F25/><W62/><G32/><T17/><D109/><U124/><E124/><V1/><F31/><W66/><G62/><T99/><D99/><AGARI ba="0,0" hai="8,14,18,22,27,29,56,57,83,87,91,92,99,100" machi="99" ten="40,2600,0" yaku="8,1,52,1" doraHai="79,42" who="1" fromWho="0" sc="178,-26,314,26,261,0,247,0" owari="152,-35.0,340,44.0,261,6.0,247,-15.0" /></mjloggm>