<mjloggm ver="2.3"><GO type="97" lobby="0"/><UN n0="%6E%6F%72%69%2E%68" n1="%70%68%6F%74%6F%6E" n2="%73%61%6E%6E%64%61%73%75" n3="%E5%B0%B1%E6%B4%BB%E7%94%9F%40%E5%B7%9D%E6%9D%91%E8%BB%8D%E5%9B%A3" dan="14,15,14,15" rate="1873.97,1993.07,2006.95,1987.86" sx="M,F,M,M"/><TAIKYOKU oya="0"/><INIT seed="0,0,0,1,5,26" ten="250,250,250,250" oya="0" hai0="45,72,123,9,42,102,95,122,31,116,96,8,55" hai1="101,61,126,53,121,30,4,130,5,109,15,49,2" hai2="131,107,134,132,10,125,64,22,118,13,115,67,66" hai3="21,99,20,69,113,108,16,103,62,124,127,68,88"/><T27/><D72/><U14/><E109/><V59/><F107/><W80/><G113/><T11/><D116/><U19/><E121/><V133/><F115/><W129/><G129/><T111/><D55/><U57/><E130/><V29/><F131/><W73/><G108/><T63/><D63/><U25/><E126/><N who="3" m="48170" /><G21/><T23/><REACH who="0" step="1"/><D111/><REACH who="0" ten="240,250,250,250" step="2"/><U117/><E53/><V44/><F125/><W112/><G62/><T94/><D94/><U74/><E61/><V84/><F118/><W78/><G112/><T114/><D114/><U87/><E74/><V76/><F59/><W51/><G69/><T40/><D40/><U52/><E57/><V33/><F44/><W47/><G68/><T104/><D104/><U85/><E52/><V60/><F60/><W17/><G47/><T110/><D110/><U83/><E117/><V41/><F41/><W105/><G51/><AGARI ba="0,1" hai="8,9,11,23,27,31,42,45,51,95,96,102,122,123" machi="51" ten="40,7700,0" yaku="1,1,52,1,53,1" doraHai="26" doraHaiUra="92" who="0" fromWho="3" sc="240,87,250,0,250,0,250,-77" /><INIT seed="0,1,0,4,2,29" ten="327,250,250,173" oya="0" hai0="108,34,90,64,132,125,86,74,51,103,25,1,12" hai1="110,83,8,42,46,135,116,43,113,92,85,75,101" hai2="72,123,79,105,88,32,4,27,30,41,106,129,77" hai3="36,93,37,7,81,50,44,59,57,127,80,38,111"/><T97/><D1/><U99/><E110/><V21/><F123/><W134/><G127/><T107/><D125/><U48/><E116/><V63/><F129/><W109/><G7/><T14/><D108/><N who="3" m="41545" /><G134/><T19/><D132/><U133/><E113/><V53/><F4/><W121/><G121/><T5/><D74/><U128/><E128/><V20/><F41/><N who="3" m="24847" /><G93/><T82/><D64/><U100/><E75/><V119/><F119/><W26/><G26/><T91/><D5/><U70/><E70/><V71/><F106/><W39/><N who="3" m="9728" /><DORA hai="96" /><W98/><G98/><T76/><D14/><U33/><E33/><V69/><F105/><W6/><G6/><T84/><D51/><U45/><E100/><V52/><F88/><W73/><G73/><T95/><D90/><U3/><E3/><V118/><F118/><W89/><G89/><T104/><D25/><U124/><E124/><V31/><F72/><W9/><G9/><T28/><D28/><U0/><E0/><V87/><F87/><W120/><G120/><T115/><D115/><U40/><E8/><V16/><F27/><W114/><G114/><T130/><D130/><U112/><E112/><V78/><F32/><W17/><G17/><T61/><D61/><U54/><E133/><V10/><F63/><W55/><G55/><N who="2" m="21065" /><F10/><W68/><G68/><N who="2" m="26185" /><F16/><W56/><AGARI ba="1,0" hai="56,57,59,80,81" m="9728,24847,41545" machi="56" ten="70,2400,0" yaku="14,1" doraHai="29,96" who="3" fromWho="3" sc="327,-13,250,-7,250,-7,173,27" /><INIT seed="1,0,0,0,5,41" ten="314,243,243,200" oya="1" hai0="5,14,66,104,123,125,120,35,72,24,99,31,116" hai1="59,48,80,2,22,81,46,60,16,87,119,27,71" hai2="25,93,98,20,131,64,115,127,112,108,39,49,28" hai3="91,34,133,90,78,70,124,118,17,58,129,13,73"/><U95/><E119/><V75/><F108/><W85/><G70/><T103/><D72/><U45/><E71/><V134/><F75/><W114/><G34/><T9/><D116/><U106/><E106/><V33/><F39/><W53/><G118/><T100/><D100/><U68/><E68/><V51/><F64/><W69/><G69/><T56/><D66/><N who="1" m="39199" /><E2/><V76/><F76/><W94/><G114/><N who="2" m="43561" /><F134/><W18/><G133/><T110/><D56/><U97/><E48/><N who="2" m="18507" /><F131/><W37/><G37/><T52/><D52/><U105/><E105/><V79/><F79/><W6/><G129/><T77/><D77/><N who="1" m="46479" /><E81/><V32/><F127/><W47/><G124/><T23/><D125/><U29/><E29/><V36/><F36/><W50/><G73/><T8/><D110/><U1/><E1/><V74/><F74/><W43/><G78/><T113/><D113/><U4/><E4/><V107/><F107/><W84/><G43/><T111/><D111/><U122/><E122/><N who="0" m="46633" /><D8/><U7/><E7/><V96/><F96/><W21/><G6/><T0/><D0/><U19/><E19/><V132/><F132/><W121/><G18/><T86/><D86/><U3/><E3/><V89/><AGARI ba="0,0" hai="20,25,28,32,33,89,93,98" m="18507,43561" machi="89" ten="30,1100,0" yaku="11,1" doraHai="41" who="2" fromWho="2" sc="314,-3,243,-5,243,11,200,-3" /><INIT seed="2,0,0,1,1,43" ten="311,238,254,197" oya="2" hai0="115,133,7,128,95,54,52,117,32,41,76,135,120" hai1="92,82,121,66,49,78,71,29,12,122,102,88,0" hai2="90,89,34,40,116,28,31,23,22,62,97,2,91" hai3="30,20,94,33,73,85,126,96,53,21,51,13,124"/><V11/><F116/><W75/><G33/><T104/><D32/><U69/><E0/><V109/><F34/><W5/><G30/><N who="2" m="11305" /><F2/><W110/><G110/><T118/><D104/><U35/><E102/><V79/><F79/><W77/><G21/><N who="2" m="7689" /><F40/><W101/><G85/><T15/><D76/><U111/><E111/><V47/><F109/><W45/><G77/><T38/><D115/><U56/><E12/><V80/><F62/><W44/><G75/><T98/><D128/><U48/><E29/><V112/><F112/><W9/><G73/><T72/><D72/><N who="1" m="43335" /><E35/><V70/><F70/><N who="1" m="26633" /><E66/><V58/><F58/><W24/><REACH who="3" step="1"/><G44/><REACH who="3" ten="311,238,254,187" step="2"/><N who="0" m="23607" /><D120/><N who="1" m="46187" /><E56/><V132/><F132/><N who="0" m="50762" /><D7/><U67/><E67/><V125/><F125/><W86/><G86/><AGARI ba="0,1" hai="48,49,86,88,92" m="46187,26633,43335" machi="86" ten="30,2000,0" yaku="13,1,54,1" doraHai="43" who="1" fromWho="3" sc="311,0,238,30,254,0,187,-20" /><INIT seed="3,0,0,2,1,101" ten="311,268,254,167" oya="3" hai0="114,14,107,93,125,69,100,58,88,4,98,66,28" hai1="89,99,128,116,24,108,11,16,74,72,91,3,85" hai2="39,45,22,132,70,82,17,68,118,67,109,122,38" hai3="31,87,135,13,127,53,123,9,30,86,44,49,59"/><W18/><G123/><T60/><D125/><U126/><E108/><V26/><F109/><W83/><G127/><T73/><D73/><U63/><E128/><V97/><F118/><W2/><G135/><T76/><D114/><U115/><E115/><V48/><F132/><W90/><G2/><T94/><D76/><U33/><E126/><V35/><F122/><W95/><REACH who="3" step="1"/><G59/><REACH who="3" ten="311,268,254,157" step="2"/><T57/><D28/><U96/><E3/><V29/><F70/><W103/><G103/><T78/><D78/><AGARI ba="0,1" hai="9,13,18,30,31,44,49,53,78,83,86,87,90,95" machi="78" ten="30,5800,0" yaku="1,1,7,1,8,1,53,0" doraHai="101" doraHaiUra="131" who="3" fromWho="0" sc="311,-58,268,0,254,0,157,68" /><INIT seed="3,1,0,4,3,19" ten="253,268,254,225" oya="3" hai0="104,118,94,112,84,74,79,61,127,32,38,3,12" hai1="68,111,7,85,35,121,46,71,105,63,97,21,14" hai2="30,132,65,98,117,24,54,100,29,56,126,72,60" hai3="0,1,130,2,50,67,101,80,103,78,15,82,107"/><W31/><G130/><T36/><D32/><U81/><E111/><V4/><F132/><W53/><G67/><T124/><D3/><U86/><E121/><V13/><F126/><W9/><G31/><T11/><D104/><U108/><E35/><V59/><F117/><W87/><G107/><T40/><D118/><U69/><E108/><V70/><F72/><W99/><G99/><T64/><D74/><U41/><E63/><V120/><F120/><W5/><REACH who="3" step="1"/><G80/><REACH who="3" ten="253,268,254,215" step="2"/><N who="0" m="47135" /><D40/><U49/><E97/><V6/><F70/><W43/><G43/><T33/><D112/><U133/><E105/><V44/><F30/><W10/><G10/><T51/><D33/><U93/><E81/><V57/><F98/><W114/><G114/><T109/><D94/><U129/><E69/><V115/><F115/><W77/><G77/><T134/><D109/><U73/><E68/><V16/><F100/><W102/><G102/><T26/><D134/><U17/><E93/><V76/><F76/><W23/><G23/><T123/><D123/><U75/><E71/><V128/><F128/><W89/><G89/><T37/><D127/><U92/><E129/><V55/><F65/><W27/><G27/><T58/><D124/><U90/><E133/><V83/><F29/><W122/><G122/><T25/><D26/><U18/><E90/><V110/><F24/><W119/><G119/><T135/><D25/><N who="1" m="14511" /><E92/><V45/><F110/><W20/><G20/><T34/><D34/><U95/><E95/><V125/><F125/><W28/><G28/><T88/><D135/><U131/><E131/><V116/><F116/><RYUUKYOKU ba="1,1" sc="253,-10,268,-10,254,-10,215,30" hai3="0,1,2,5,9,15,50,53,78,82,87,101,103" /><INIT seed="3,2,1,4,3,129" ten="243,258,244,245" oya="3" hai0="10,23,60,92,118,28,97,19,0,132,7,90,8" hai1="47,62,100,64,37,115,131,130,36,127,15,2,76" hai2="63,95,46,4,128,114,120,84,85,67,94,80,21" hai3="41,43,98,133,24,29,75,103,39,11,59,17,31"/><W20/><G75/><T33/><D132/><U48/><E2/><V108/><F128/><N who="1" m="49193" /><E115/><V96/><F108/><W66/><G133/><T135/><D135/><U93/><E127/><V83/><F114/><W79/><G79/><T58/><D118/><U121/><E76/><N who="2" m="46087" /><F120/><W45/><G41/><T126/><D126/><U124/><E121/><V72/><F4/><W14/><G59/><T106/><D106/><U65/><E15/><V71/><F46/><W61/><G61/><T73/><D73/><U110/><E110/><V55/><F72/><W25/><G66/><T91/><D10/><U125/><E93/><V18/><F71/><W6/><REACH who="3" step="1"/><G25/><REACH who="3" ten="243,258,244,235" step="2"/><T38/><D38/><U87/><E65/><V77/><F67/><W27/><G27/><T30/><D33/><U50/><E64/><V51/><F63/><W107/><AGARI ba="2,2" hai="6,11,14,17,20,24,29,31,39,43,45,98,103,107" machi="107" ten="20,3900,0" yaku="1,1,0,1,7,1,53,0" doraHai="129" doraHaiUra="57" who="3" fromWho="3" sc="243,-15,258,-15,244,-15,235,65" owari="228,-27.0,243,4.0,229,-17.0,300,40.0" /></mjloggm>