<mjloggm ver="2.3"><GO type="169" lobby="0"/><UN n0="%E3%82%A6%E3%83%AB%E3%83%88%E3%83%A9%E7%AB%8B%E7%9B%B4" n1="%62%75%74%69%74%61%6D%61" n2="%72%75%6C%79%30%32%30%38" n3="%7A%65%61%6C%E2%88%AB" dan="17,18,16,17" rate="2138.56,2174.92,2096.87,2192.04" sx="M,M,M,M"/><TAIKYOKU oya="0"/><INIT seed="0,0,0,0,4,14" ten="250,250,250,250" oya="0" hai0="21,53,100,35,4,85,119,38,118,86,92,78,50" hai1="126,120,5,62,80,117,102,108,64,63,121,10,46" hai2="1,19,30,49,60,95,116,31,84,106,110,22,97" hai3="9,132,112,3,133,70,68,18,44,135,13,74,59"/><T23/><D38/><U36/><E117/><V127/><F1/><W43/><G112/><T67/><D67/><U27/><E108/><V40/><F116/><W52/><G74/><T17/><D4/><U8/><E126/><V79/><F127/><W66/><G3/><T89/><D100/><U115/><E115/><V90/><F110/><W7/><G66/><T28/><D35/><U12/><E102/><V107/><F60/><N who="3" m="35943" /><G7/><T113/><D113/><U25/><E62/><V0/><F0/><W76/><G76/><T82/><D28/><U105/><E105/><V131/><F131/><W114/><G114/><T32/><D23/><U94/><E94/><V16/><F107/><W55/><G55/><T130/><D32/><U69/><E8/><V75/><F75/><W129/><G129/><T45/><REACH who="0" step="1"/><D130/><REACH who="0" ten="240,250,250,250" step="2"/><U72/><E120/><V51/><F22/><W71/><G70/><T2/><D2/><U58/><E121/><V56/><F31/><W6/><G6/><T98/><D98/><U111/><E69/><V57/><F30/><W124/><G124/><T109/><D109/><U34/><E34/><V11/><F11/><W48/><AGARI ba="0,1" hai="9,13,18,43,44,48,68,71,132,133,135" m="35943" machi="48" ten="30,4000,0" yaku="20,1,52,1,54,1" doraHai="14" who="3" fromWho="3" sc="240,-20,250,-10,250,-10,250,50" /><INIT seed="1,0,0,3,1,120" ten="220,240,240,300" oya="1" hai0="86,46,0,107,79,18,108,11,77,54,113,16,101" hai1="20,52,25,3,31,106,72,48,12,73,2,87,30" hai2="80,15,93,44,90,26,21,7,64,4,125,102,28" hai3="14,126,123,17,96,66,5,118,45,104,100,51,43"/><U99/><E31/><V65/><F125/><W6/><G123/><T82/><D113/><U33/><E87/><V19/><F102/><W56/><G126/><T131/><D131/><U114/><E114/><V89/><F44/><W60/><REACH who="3" step="1"/><G118/><REACH who="3" ten="220,240,240,290" step="2"/><T129/><D129/><U74/><E106/><V128/><F128/><W110/><G110/><T22/><D108/><U36/><E36/><V27/><F4/><W8/><AGARI ba="0,1" hai="5,6,8,14,17,43,45,51,56,60,66,96,100,104" machi="8" ten="20,2700,0" yaku="1,1,0,1,7,1,53,0" doraHai="120" doraHaiUra="34" who="3" fromWho="3" sc="220,-7,240,-13,240,-7,290,37" /><INIT seed="2,0,0,4,2,80" ten="213,227,233,327" oya="2" hai0="38,81,30,110,86,101,105,77,23,93,27,133,57" hai1="103,6,115,97,83,44,35,14,18,72,0,116,16" hai2="42,106,95,98,123,37,63,32,87,130,125,135,40" hai3="12,118,31,74,85,70,21,121,34,43,5,29,67"/><V71/><F123/><W134/><G74/><T117/><D110/><U111/><E35/><V88/><F125/><W69/><G121/><T1/><D133/><U52/><E115/><V20/><F32/><W68/><G118/><T129/><D129/><U45/><E116/><V120/><F120/><W124/><G67/><T58/><D117/><U2/><E111/><V33/><F33/><W91/><G34/><T90/><D38/><U4/><E72/><V59/><F135/><W119/><G124/><T99/><REACH who="0" step="1"/><D1/><REACH who="0" ten="203,227,233,327" step="2"/><U104/><E2/><V122/><F122/><W10/><G134/><T9/><D9/><U84/><E0/><V128/><F37/><W61/><G10/><T131/><D131/><U46/><E18/><V19/><F130/><W41/><G119/><T65/><D65/><U89/><REACH who="1" step="1"/><E52/><REACH who="1" ten="203,217,233,327" step="2"/><N who="2" m="34279" /><F128/><W49/><G31/><T127/><D127/><U25/><E25/><N who="2" m="14495" /><F71/><W113/><G68/><T3/><D3/><U112/><E112/><V64/><F64/><W47/><G69/><T96/><AGARI ba="0,2" hai="23,27,30,57,58,77,81,86,90,93,96,99,101,105" machi="96" ten="20,8000,1" yaku="1,1,0,1,7,1,52,1,53,1" doraHai="80" doraHaiUra="26" who="0" fromWho="0" sc="203,100,217,-20,233,-40,327,-20" /><INIT seed="3,0,0,2,4,110" ten="303,197,193,307" oya="3" hai0="43,112,87,72,123,115,38,52,77,118,105,54,2" hai1="104,16,71,7,85,89,90,96,8,40,59,20,9" hai2="56,98,127,132,6,5,48,130,0,25,3,42,21" hai3="53,124,35,103,15,81,23,22,32,119,133,31,49"/><W88/><G119/><T134/><D105/><U14/><E71/><V55/><F127/><W19/><G133/><T18/><D123/><U47/><E59/><V128/><F132/><W61/><G103/><T93/><D134/><U65/><E65/><V63/><F0/><W135/><G61/><T4/><D118/><U28/><E28/><V116/><F116/><W24/><G124/><T70/><D70/><U41/><E8/><V46/><F98/><W26/><G135/><T126/><D126/><U117/><E117/><V99/><F99/><W97/><G15/><T73/><D18/><U30/><E30/><N who="2" m="17711" /><F3/><W100/><G88/><N who="0" m="53407" /><D52/><U78/><E78/><V13/><F13/><W12/><G12/><T29/><D54/><U34/><E34/><V94/><F94/><W58/><REACH who="3" step="1"/><G81/><REACH who="3" ten="303,197,193,297" step="2"/><T125/><D125/><U27/><E90/><V11/><F63/><W107/><AGARI ba="0,1" hai="19,22,23,24,26,31,32,35,49,53,58,97,100,107" machi="107" ten="20,7800,0" yaku="1,1,2,1,0,1,7,1,53,0" doraHai="110" doraHaiUra="62" who="3" fromWho="3" sc="303,-26,197,-26,193,-26,297,88" /><INIT seed="3,1,0,4,4,60" ten="277,171,167,385" oya="3" hai0="133,75,132,40,47,51,117,65,96,91,10,77,104" hai1="92,68,22,73,90,98,28,127,129,17,66,115,69" hai2="109,18,86,107,31,76,2,38,14,46,13,119,87" hai3="118,53,100,42,78,0,85,37,29,67,81,34,88"/><W112/><G112/><T20/><D77/><U124/><E73/><V19/><F2/><W12/><G0/><T43/><D75/><U93/><E115/><V82/><F107/><W128/><G118/><T24/><D10/><U45/><E129/><V125/><F31/><W131/><G100/><T57/><D43/><U59/><E28/><V63/><F119/><W15/><G37/><T32/><D32/><U21/><E45/><V120/><F109/><W121/><G42/><T4/><D4/><U101/><E59/><V33/><F33/><W71/><G53/><T41/><D41/><U36/><E36/><V111/><F111/><W50/><G50/><T39/><D39/><U58/><E58/><V123/><F125/><N who="1" m="48201" /><E66/><V79/><F38/><W56/><G56/><T134/><D117/><U25/><E21/><V135/><F46/><W61/><G121/><T130/><D130/><N who="3" m="49705" /><G78/><T70/><D57/><U97/><AGARI ba="1,0" hai="17,22,25,68,69,90,92,93,97,98,101" m="48201" machi="97" ten="30,1100,0" yaku="18,1" doraHai="60" who="1" fromWho="1" sc="277,-4,171,14,167,-4,385,-6" /><INIT seed="4,0,0,2,1,37" ten="273,185,163,379" oya="0" hai0="42,105,81,30,0,123,78,96,93,125,111,29,94" hai1="18,109,4,76,104,3,108,106,121,90,85,27,74" hai2="99,9,79,2,118,73,40,49,16,129,131,36,60" hai3="38,15,122,41,67,126,83,11,91,65,52,77,66"/><T69/><D69/><U56/><E121/><V72/><F118/><W70/><G126/><T19/><D0/><U26/><E74/><V71/><F99/><W22/><G70/><T1/><D1/><U24/><E76/><V97/><F97/><W57/><G22/><T55/><D123/><U23/><E104/><V61/><F36/><W134/><G134/><T7/><D7/><U63/><E106/><V58/><F71/><W17/><G91/><T46/><D125/><U32/><E4/><N who="2" m="1175" /><F16/><W135/><G135/><T45/><D19/><U130/><E3/><V89/><F89/><W88/><G88/><N who="0" m="55335" /><D94/><U112/><E32/><V10/><F10/><W98/><G98/><T113/><D105/><U12/><E130/><N who="2" m="49675" /><F79/><W28/><G77/><T31/><D31/><U117/><E117/><V80/><F80/><W51/><G28/><T75/><D30/><U54/><REACH who="1" step="1"/><E112/><REACH who="1" ten="273,175,163,379" step="2"/><V48/><F73/><W107/><G107/><T103/><D113/><U33/><E33/><V13/><F72/><W6/><G122/><T44/><D78/><U87/><E87/><V14/><F13/><W50/><G15/><T119/><D75/><U124/><E124/><V47/><F14/><W115/><G115/><T95/><D119/><U34/><E34/><V64/><F64/><W100/><G6/><T8/><D111/><U101/><E101/><V43/><F58/><W92/><G100/><T114/><D103/><U102/><E102/><V86/><F86/><W82/><G67/><T110/><D110/><U116/><E116/><V128/><F128/><W68/><G66/><T20/><D114/><RYUUKYOKU ba="0,1" sc="273,-15,175,15,163,15,379,-15" hai1="12,18,23,24,26,27,54,56,63,85,90,108,109" hai2="40,43,47,48,49,60,61" /><INIT seed="5,1,1,2,0,72" ten="258,190,178,364" oya="1" hai0="9,130,14,68,20,47,87,31,106,28,80,67,35" hai1="44,50,95,99,53,21,65,84,25,49,48,46,15" hai2="90,101,111,36,75,7,39,82,129,79,135,56,24" hai3="89,113,85,102,30,126,81,5,64,52,108,2,76"/><U51/><E65/><V54/><F111/><W66/><G108/><T61/><D106/><U29/><E84/><V4/><F135/><W132/><G113/><T17/><D35/><U60/><E15/><V41/><F129/><W104/><G126/><T37/><D130/><U16/><E60/><V57/><F101/><W10/><G30/><T134/><D134/><U96/><E96/><V105/><F105/><W55/><G132/><T19/><D47/><U114/><E114/><V127/><F127/><W59/><G55/><T112/><D37/><U88/><REACH who="1" step="1"/><E29/><REACH who="1" ten="258,180,178,364" step="2"/><V34/><F4/><W117/><G64/><T100/><D112/><U58/><AGARI ba="1,2" hai="16,21,25,44,46,48,49,50,51,53,58,88,95,99" machi="58" ten="30,18000,2" yaku="1,1,2,1,0,1,8,1,54,2,53,0" doraHai="72" doraHaiUra="131" who="1" fromWho="1" sc="258,-61,180,203,178,-61,364,-61" /><INIT seed="5,2,0,1,2,48" ten="197,383,117,303" oya="1" hai0="85,101,108,70,56,66,103,26,113,22,15,125,131" hai1="14,60,92,100,44,121,29,78,128,31,134,53,30" hai2="1,33,57,119,45,18,110,19,129,73,95,0,117" hai3="61,112,71,39,46,42,59,49,102,12,32,58,109"/><U3/><E3/><V43/><F73/><W10/><G32/><T91/><D108/><U96/><E121/><V52/><F33/><W62/><G102/><T28/><D70/><U68/><E134/><V50/><F110/><W47/><G109/><T88/><D125/><U99/><E128/><V23/><F129/><W79/><G79/><T40/><D113/><U84/><E68/><V17/><F23/><W111/><G111/><T11/><D40/><U83/><E99/><V69/><F69/><W86/><G86/><T75/><D75/><U25/><E14/><V2/><REACH who="2" step="1"/><F95/><REACH who="2" ten="197,383,107,303" step="2"/><W93/><G93/><N who="0" m="54415" /><D131/><U8/><E8/><V107/><F107/><W126/><G10/><T9/><D9/><U16/><E92/><V105/><F105/><W89/><G71/><T77/><D11/><U130/><E130/><V122/><F122/><W67/><G126/><T120/><D120/><U24/><E100/><V116/><F116/><W118/><G118/><T135/><D103/><U80/><E80/><V51/><AGARI ba="2,1" hai="0,1,2,17,18,19,43,45,50,51,52,57,117,119" machi="51" ten="40,8000,1" yaku="1,1,0,1,52,1,54,1,53,0" doraHai="48" doraHaiUra="124" who="2" fromWho="2" sc="197,-22,383,-42,107,96,303,-22" /><INIT seed="6,0,0,2,2,113" ten="175,341,203,281" oya="2" hai0="71,127,12,61,44,77,60,118,130,45,103,131,119" hai1="46,21,68,134,30,99,54,37,106,92,3,66,7" hai2="117,102,98,70,109,116,97,76,50,13,1,23,86" hai3="65,73,114,100,95,132,111,104,6,120,14,39,41"/><V35/><F1/><W123/><G111/><T24/><D127/><U58/><E106/><V94/><F35/><W43/><G73/><T85/><D103/><U25/><E134/><V29/><F109/><W129/><G65/><N who="0" m="41383" /><D12/><U48/><E68/><V79/><F70/><W124/><G95/><T112/><D24/><U55/><E66/><V19/><F29/><W36/><G43/><T83/><D61/><U40/><E54/><V28/><F28/><W47/><G14/><T11/><D11/><U63/><E3/><V84/><F50/><W81/><G100/><T128/><D112/><U135/><E135/><V67/><F67/><W2/><G114/><T72/><D85/><U49/><E7/><V74/><F98/><W26/><G6/><T133/><D133/><U87/><E87/><V75/><F79/><W89/><G124/><T96/><D96/><U108/><E108/><V20/><F20/><W16/><G2/><T0/><D0/><U64/><E55/><V62/><F62/><W22/><G22/><T42/><D45/><U4/><E4/><V125/><F125/><W105/><G47/><T38/><AGARI ba="0,0" hai="38,42,44,72,77,83,118,119,128,130,131" m="41383" machi="38" ten="40,8000,1" yaku="19,1,23,1,52,2" doraHai="113" who="0" fromWho="0" sc="175,80,341,-20,203,-40,281,-20" /><INIT seed="7,0,0,5,2,67" ten="255,321,163,261" oya="3" hai0="78,127,116,18,17,91,45,80,30,36,108,26,88" hai1="124,73,61,6,84,56,105,125,40,16,71,98,93" hai2="44,70,131,82,112,121,115,14,101,1,28,64,22" hai3="34,76,114,110,4,122,5,77,128,120,8,86,53"/><W75/><G34/><T24/><D36/><U133/><E73/><V37/><F1/><W60/><G75/><T42/><D127/><N who="1" m="48715" /><E71/><V117/><F117/><W39/><G39/><T132/><D132/><U103/><E6/><V97/><F131/><W113/><G128/><T21/><D30/><U102/><E40/><V57/><F121/><W107/><G107/><T10/><D10/><U3/><E3/><V87/><F37/><W74/><G74/><T118/><D108/><U51/><E51/><V126/><F126/><W69/><G53/><T55/><D42/><U100/><E133/><V89/><F44/><W7/><G8/><T104/><D104/><U111/><E111/><V123/><F123/><W72/><G72/><T99/><D55/><N who="1" m="33951" /><E16/><V31/><F14/><W135/><G135/><T32/><D45/><U65/><E65/><V41/><F41/><W81/><G110/><T35/><D99/><U29/><E29/><V25/><F31/><W9/><G9/><T50/><D50/><U66/><E66/><V15/><F15/><W46/><G46/><T95/><D21/><U12/><E12/><V96/><F70/><W129/><G129/><T23/><D23/><U68/><E68/><V119/><F119/><W79/><G122/><T13/><D13/><U0/><E0/><V54/><F96/><W27/><G120/><T109/><D109/><U85/><E105/><V48/><REACH who="2" step="1"/><F64/><REACH who="2" ten="255,321,153,261" step="2"/><N who="3" m="41095" /><G7/><T59/><D118/><U2/><E2/><V19/><F19/><W94/><G5/><T58/><D116/><U52/><E98/><V130/><F130/><W49/><G4/><RYUUKYOKU ba="0,1" sc="255,-10,321,-10,153,30,261,-10" hai2="22,25,28,48,54,57,82,87,89,97,101,112,115" owari="245,-15.0,321,42.0,183,-32.0,251,5.0" /></mjloggm>