<mjloggm ver="2.3"><GO type="97" lobby="0"/><UN n0="%E3%81%82%E3%81%A4%E3%81%BF" n1="%6B%69%6D%69%E3%81%95%E3%82%93" n2="%E4%BA%BA%E7%94%9F%E3%83%99%E3%82%BF%E3%82%AA%E3%83%AA" n3="%E5%B0%B1%E6%B4%BB%E7%94%9F%40%E5%B7%9D%E6%9D%91%E8%BB%8D%E5%9B%A3" dan="14,15,14,15" rate="1879.90,2002.82,1943.10,2017.02" sx="M,M,M,M"/><TAIKYOKU oya="0"/><INIT seed="0,0,0,4,2,7" ten="250,250,250,250" oya="0" hai0="129,98,66,15,106,102,101,93,63,94,65,31,59" hai1="58,22,20,38,53,130,88,79,95,29,124,47,104" hai2="0,91,4,78,35,85,71,16,74,135,43,49,5" hai3="103,118,126,96,48,36,114,83,57,133,54,73,12"/><T64/><D129/><U110/><E104/><V45/><F71/><W119/><G36/><T1/><D1/><U50/><E130/><V30/><F135/><W42/><G114/><T89/><D31/><U131/><E131/><V121/><F121/><W107/><G126/><T51/><D51/><U105/><E105/><V52/><F0/><W92/><G133/><T3/><D3/><U17/><E124/><V67/><F67/><W115/><G115/><T120/><D120/><U14/><E110/><V6/><F78/><W68/><G68/><T113/><D113/><U28/><E79/><V116/><F74/><W39/><G39/><T13/><D106/><U84/><E22/><V8/><F116/><W44/><G73/><T70/><D70/><U34/><E34/><V111/><F111/><W123/><G123/><T99/><D89/><U24/><E24/><V109/><F109/><W69/><G69/><T46/><D46/><U90/><E90/><V37/><F30/><W27/><G83/><T55/><AGARI ba="0,0" hai="13,15,55,59,63,64,65,66,93,94,98,99,101,102" machi="55" ten="30,6000,0" yaku="0,1,9,1,8,1" doraHai="7" who="0" fromWho="0" sc="250,60,250,-20,250,-20,250,-20" /><INIT seed="0,1,0,1,5,102" ten="310,230,230,230" oya="0" hai0="82,110,11,21,128,1,49,92,81,55,101,17,123" hai1="43,113,53,73,120,114,5,42,107,131,84,69,125" hai2="77,26,25,24,33,15,10,108,61,6,132,38,45" hai3="23,32,19,58,87,37,34,80,8,83,62,72,66"/><T124/><D123/><U94/><E120/><V122/><F122/><W12/><G37/><T68/><D124/><U119/><E119/><V67/><F108/><W74/><G80/><T47/><D68/><U86/><E69/><V13/><F132/><W109/><G109/><T28/><D110/><U111/><E111/><V104/><F104/><W93/><G93/><T97/><D128/><U48/><E73/><V130/><F77/><W29/><G72/><T35/><D35/><U135/><E135/><V14/><F130/><W88/><REACH who="3" step="1"/><G74/><REACH who="3" ten="310,230,230,220" step="2"/><T117/><D117/><U115/><E131/><V31/><F38/><W7/><G7/><T116/><D116/><U79/><E115/><V51/><F6/><W65/><G65/><T118/><D118/><U70/><E114/><V27/><F10/><W89/><G89/><T76/><D76/><U91/><E113/><V63/><REACH who="2" step="1"/><F67/><REACH who="2" ten="310,230,220,220" step="2"/><W22/><G22/><T52/><D11/><U44/><E5/><V20/><F20/><W59/><G59/><T78/><D78/><U75/><E79/><V16/><F16/><W46/><G46/><T96/><D28/><U90/><E44/><V126/><F126/><W103/><G103/><T18/><D47/><U85/><E75/><V100/><F100/><W41/><G41/><AGARI ba="1,2" hai="13,14,15,24,25,26,27,31,33,41,45,51,61,63" machi="41" ten="40,2600,0" yaku="1,1,53,1" doraHai="102" doraHaiUra="30" who="2" fromWho="3" sc="310,0,230,0,220,49,220,-29" /><INIT seed="1,0,0,3,2,67" ten="310,230,269,191" oya="1" hai0="128,50,104,119,65,118,55,92,131,54,16,34,84" hai1="73,96,127,135,76,41,56,48,108,106,51,68,82" hai2="49,38,125,88,13,86,134,37,45,98,53,20,95" hai3="31,43,122,114,17,14,79,21,29,71,133,58,124"/><U105/><E127/><V129/><F125/><W63/><G122/><T5/><D104/><U36/><E68/><V26/><F129/><N who="0" m="49738" /><D34/><U123/><E123/><V47/><F134/><W2/><G114/><T57/><D5/><U69/><E69/><V116/><F116/><W132/><G2/><T15/><D65/><U107/><E135/><N who="3" m="51786" /><G124/><T42/><D42/><U70/><E70/><V60/><F13/><W25/><G79/><T110/><D110/><U121/><E121/><V66/><F47/><W22/><G43/><T4/><D4/><U62/><E108/><V74/><F86/><W23/><G71/><T130/><N who="0" m="49746" /><T120/><DORA hai="113" /><D120/><U77/><E77/><V115/><F115/><W89/><G89/><N who="0" m="53287" /><D55/><U117/><E117/><V94/><F94/><W72/><G72/><T27/><D27/><U99/><E36/><V12/><F74/><W32/><G29/><T19/><D19/><U97/><REACH who="1" step="1"/><E41/><REACH who="1" ten="310,220,269,191" step="2"/><V0/><F37/><W59/><G59/><T83/><D83/><U33/><E33/><V111/><F38/><W101/><G101/><T28/><D28/><U87/><E87/><V126/><F111/><W80/><G80/><T64/><D64/><AGARI ba="0,1" hai="48,51,56,62,64,73,76,82,96,97,99,105,106,107" machi="64" ten="50,4800,0" yaku="1,1,53,1" doraHai="67,113" doraHaiUra="61,10" who="1" fromWho="0" sc="310,-48,220,58,269,0,191,0" /><AGARI ba="0,0" hai="14,17,21,22,23,25,31,32,58,63,64" m="51786" machi="64" ten="30,1000,0" yaku="20,1" doraHai="67,113" who="3" fromWho="0" sc="262,-10,278,0,269,0,191,10" /><INIT seed="1,1,0,1,2,61" ten="252,278,269,201" oya="1" hai0="100,105,87,59,57,73,64,119,58,50,9,43,133" hai1="75,90,129,83,14,42,85,52,92,97,98,7,51" hai2="0,33,15,48,68,94,106,31,101,120,5,77,60" hai3="117,13,66,76,21,96,29,20,131,111,28,114,91"/><U67/><E129/><V38/><F120/><W89/><G114/><T11/><D119/><U4/><E75/><V104/><F38/><W46/><G117/><T109/><D73/><U108/><E108/><V82/><F0/><W127/><G111/><T17/><D109/><U71/><E42/><V19/><F5/><W128/><G127/><T54/><D133/><U2/><E2/><V122/><F48/><W135/><G135/><T32/><D32/><U81/><E71/><V102/><F94/><W47/><G76/><T86/><D105/><U40/><E40/><V121/><F102/><W45/><G13/><T12/><D43/><U79/><E67/><N who="2" m="41063" /><F19/><W118/><G96/><N who="1" m="36970" /><E14/><V70/><F15/><W27/><G118/><T23/><D100/><U26/><E26/><N who="2" m="18679" /><F70/><W103/><G66/><T6/><D64/><U34/><E34/><V1/><F1/><W93/><G103/><T8/><REACH who="0" step="1"/><D6/><REACH who="0" ten="242,278,269,201" step="2"/><N who="1" m="2091" /><E79/><V95/><F101/><W37/><G37/><T3/><D3/><U69/><E69/><V35/><F35/><W123/><G123/><T22/><D22/><U39/><E39/><V36/><F36/><W110/><G110/><T134/><D134/><U25/><E25/><V55/><F122/><W10/><G20/><T78/><D78/><U116/><E116/><V30/><F121/><W132/><G132/><T84/><AGARI ba="1,1" hai="8,9,11,12,17,23,50,54,57,58,59,84,86,87" machi="84" ten="30,4000,0" yaku="1,1,0,1,8,1,53,0" doraHai="61" doraHaiUra="88" who="0" fromWho="0" sc="242,53,278,-21,269,-11,201,-11" /><INIT seed="2,0,0,5,1,116" ten="295,257,258,190" oya="2" hai0="128,54,124,111,17,60,56,66,67,117,33,87,114" hai1="34,46,14,121,98,105,41,40,127,45,88,133,78" hai2="85,119,11,57,96,65,10,13,108,99,68,75,59" hai3="84,31,44,126,70,125,35,19,1,129,86,8,48"/><V37/><F119/><W69/><G35/><T36/><D117/><U2/><E2/><V24/><F75/><W101/><G31/><T92/><D114/><U102/><E78/><V39/><F68/><N who="3" m="26219" /><G101/><T79/><D36/><U122/><E34/><V97/><F65/><W131/><G19/><T49/><D33/><U7/><E133/><V64/><F64/><W29/><G29/><T12/><D124/><N who="3" m="47721" /><G8/><N who="2" m="3113" /><F13/><W16/><G16/><T50/><D128/><N who="3" m="49225" /><G1/><T5/><D111/><U28/><E28/><V106/><F108/><W77/><G77/><T15/><D5/><U76/><E76/><V53/><F24/><W89/><G89/><T74/><D74/><U4/><E88/><V115/><F106/><W61/><G61/><T118/><D118/><U51/><E127/><V134/><F115/><W82/><G82/><N who="0" m="47583" /><D92/><U109/><E109/><V52/><F134/><W90/><G90/><T95/><D95/><U135/><E135/><V25/><F25/><W132/><G132/><T120/><D120/><N who="1" m="46187" /><E14/><N who="0" m="5161" /><D17/><U18/><E18/><V100/><F100/><W22/><G22/><T42/><D42/><AGARI ba="0,0" hai="42,44,48,84,86" m="49225,47721,26219" machi="42" ten="40,2600,0" yaku="18,1,19,1" doraHai="116" who="3" fromWho="0" sc="295,-26,257,0,258,0,190,26" /><INIT seed="3,0,0,1,3,58" ten="269,257,258,216" oya="3" hai0="0,22,51,88,101,42,129,68,114,106,121,32,53" hai1="6,40,95,77,98,14,59,83,70,112,108,113,56" hai2="103,135,65,28,105,81,120,33,102,39,60,97,87" hai3="78,5,119,17,132,131,85,63,117,30,49,2,57"/><W80/><G131/><T48/><D121/><U36/><E70/><V125/><F120/><W20/><G132/><T84/><D0/><U26/><E108/><V118/><F39/><W76/><G30/><T41/><D32/><U134/><E134/><V35/><F118/><W123/><G123/><T3/><D68/><U23/><E40/><V54/><F135/><W25/><G76/><T73/><D3/><U47/><E47/><V19/><F103/><W50/><G117/><T74/><D114/><U69/><E69/><V90/><F125/><W46/><G119/><T89/><D129/><U9/><E36/><V11/><F28/><W109/><G109/><T4/><D4/><U62/><E59/><V18/><F18/><W7/><G2/><T71/><D71/><U21/><E113/><V15/><F54/><N who="3" m="30007" /><G50/><T107/><D84/><N who="1" m="48239" /><E26/><V86/><F87/><W133/><G133/><T38/><D22/><U24/><E24/><V27/><F27/><W29/><G29/><T67/><D38/><U122/><E122/><V43/><F43/><W91/><G78/><T92/><D92/><U66/><E112/><V12/><F15/><W52/><AGARI ba="0,0" hai="5,7,17,20,25,52,57,63,80,85,91" m="30007" machi="52" ten="30,6000,0" yaku="8,1,52,1,54,1" doraHai="58" who="3" fromWho="3" sc="269,-20,257,-20,258,-20,216,60" /><INIT seed="3,1,0,5,4,29" ten="249,237,238,276" oya="3" hai0="130,106,79,40,67,45,48,96,54,63,18,85,44" hai1="89,42,22,98,70,69,75,102,24,62,3,20,19" hai2="91,90,26,121,100,114,43,117,56,11,59,50,35" hai3="134,65,61,30,25,7,15,31,28,80,68,53,21"/><W86/><G134/><T5/><D130/><U105/><E75/><V34/><F117/><W108/><G108/><T119/><D119/><U103/><E3/><V49/><F114/><W125/><G125/><T58/><D5/><U73/><E73/><V14/><F100/><W74/><G74/><T83/><D106/><U129/><E129/><V128/><F128/><W94/><G94/><T109/><D109/><U55/><E42/><V120/><F26/><W46/><G7/><T78/><D96/><U99/><E89/><V77/><F77/><W122/><G15/><T16/><REACH who="0" step="1"/><D78/><REACH who="0" ten="239,237,238,276" step="2"/><U76/><E76/><V51/><F91/><W9/><G122/><N who="2" m="47209" /><F90/><W93/><G93/><T52/><D52/><U17/><E55/><V12/><F43/><W107/><G53/><T47/><D47/><U13/><REACH who="1" step="1"/><E62/><REACH who="1" ten="239,227,238,276" step="2"/><V2/><F2/><W132/><G61/><T32/><D32/><N who="2" m="12330" /><F12/><W127/><G65/><T131/><D131/><U84/><E84/><V64/><F64/><W110/><G86/><T72/><D72/><U126/><E126/><V27/><F27/><W10/><G25/><T6/><D6/><AGARI ba="1,2" hai="6,11,14,49,50,51,56,59" m="12330,47209" machi="6" ten="40,8000,1" yaku="13,1,52,3" doraHai="29" who="2" fromWho="0" sc="239,-83,227,0,238,103,276,0" owari="156,-34.0,227,-17.0,341,43.0,276,8.0" /></mjloggm>