<mjloggm ver="2.3"><GO type="41" lobby="0"/><UN n0="%E3%81%9D%E3%82%89%E3%81%98" n1="%E2%98%85%4D%45%4C%4C%E2%98%85" n2="%5E%48%62%5E" n3="%E5%B0%B1%E6%B4%BB%E7%94%9F%40%E5%B7%9D%E6%9D%91%E8%BB%8D%E5%9B%A3" dan="14,13,13,15" rate="1901.69,1900.16,1871.25,1994.17" sx="M,M,M,M"/><TAIKYOKU oya="0"/><INIT seed="0,0,0,4,0,122" ten="250,250,250,250" oya="0" hai0="92,104,70,79,2,3,59,81,80,68,112,121,72" hai1="85,0,15,132,52,42,100,116,19,34,50,29,73" hai2="49,37,11,119,69,17,95,126,74,120,41,115,56" hai3="94,86,21,110,31,61,89,76,16,99,133,18,71"/><T62/><D104/><U93/><E116/><V117/><F74/><W48/><G133/><T43/><D121/><U88/><E73/><V40/><F120/><W64/><G110/><T24/><D112/><U44/><E0/><V114/><F69/><W13/><G31/><T35/><D92/><U65/><E65/><V131/><F95/><W58/><G76/><T45/><D80/><U10/><E132/><V28/><F28/><W66/><G18/><T103/><D103/><U105/><E105/><V87/><F87/><W109/><G109/><T77/><D77/><U113/><E113/><N who="2" m="43019" /><F17/><W30/><G30/><N who="0" m="19911" /><D59/><U101/><E34/><V130/><F11/><W134/><G134/><T20/><D20/><U57/><E29/><V5/><F5/><W47/><G71/><N who="0" m="27179" /><D62/><AGARI ba="0,0" hai="10,15,19,42,44,50,52,57,62,85,88,93,100,101" machi="62" ten="30,7700,0" yaku="7,1,8,1,54,2" doraHai="122" who="1" fromWho="0" sc="250,-77,250,77,250,0,250,0" /><INIT seed="1,0,0,4,0,99" ten="173,327,250,250" oya="1" hai0="67,81,19,42,10,118,76,46,4,43,110,60,39" hai1="111,102,45,23,55,83,87,96,135,112,51,115,8" hai2="35,124,120,61,91,26,114,31,108,98,5,123,14" hai3="16,106,59,77,36,22,62,133,40,3,103,32,107"/><U64/><E64/><V13/><F108/><W29/><G3/><N who="0" m="287" /><D42/><U72/><E72/><V93/><F124/><W129/><G29/><T34/><D19/><U18/><E135/><V82/><F114/><W117/><G32/><T125/><D125/><U20/><E111/><V11/><F61/><W68/><G68/><N who="0" m="42087" /><D110/><U80/><E80/><V109/><F109/><W89/><G89/><T30/><D30/><U54/><E54/><V58/><F58/><W25/><G77/><T56/><D56/><U37/><E37/><V0/><F82/><W71/><G71/><T100/><D100/><U127/><E127/><V15/><AGARI ba="0,0" hai="0,5,11,13,14,15,26,31,35,91,93,98,120,123" machi="15" ten="30,1100,0" yaku="0,1" doraHai="99" who="2" fromWho="2" sc="173,-3,327,-5,250,11,250,-3" /><INIT seed="2,0,0,3,1,97" ten="170,322,261,247" oya="2" hai0="57,14,30,80,60,99,130,45,46,6,83,73,12" hai1="50,101,86,20,93,13,61,78,108,120,47,131,51" hai2="29,133,124,106,64,52,94,125,39,0,71,27,23" hai3="16,42,85,7,8,9,74,122,134,44,109,18,1"/><V63/><F106/><W117/><G122/><T22/><D130/><U92/><E120/><V132/><F39/><W96/><G117/><T69/><D69/><U10/><E131/><V89/><F0/><W114/><G74/><T75/><D99/><N who="1" m="59623" /><E108/><V49/><F94/><W15/><G109/><T4/><D22/><U111/><E111/><V31/><F89/><W33/><G33/><T19/><D30/><U81/><E61/><V121/><F31/><W127/><G127/><N who="2" m="48713" /><F121/><W41/><G134/><T107/><D57/><AGARI ba="0,0" hai="23,27,29,49,52,57,63,64,71,132,133" m="48713" machi="57" ten="30,2900,0" yaku="18,1,54,1" doraHai="97" who="2" fromWho="0" sc="170,-29,322,0,261,29,247,0" /><INIT seed="2,1,0,2,4,41" ten="141,322,290,247" oya="2" hai0="12,96,69,70,126,101,47,61,30,82,84,72,37" hai1="50,124,14,99,107,24,98,10,106,105,53,87,51" hai2="132,28,97,133,129,1,17,45,122,32,100,80,19" hai3="7,16,46,15,63,74,73,89,119,40,115,113,6"/><V75/><F122/><W21/><G119/><T18/><D72/><N who="3" m="27753" /><G63/><T85/><D30/><U44/><E124/><V131/><F1/><W5/><G89/><T31/><D31/><U36/><E36/><V25/><F75/><W42/><G42/><T88/><D126/><U67/><E67/><V26/><F80/><W56/><G56/><T95/><D61/><U60/><E60/><V8/><F26/><W134/><G134/><N who="2" m="51817" /><F8/><W20/><G20/><T35/><D35/><U34/><E87/><V55/><F100/><W13/><G15/><T102/><D102/><U54/><E24/><V83/><F83/><W116/><G116/><T27/><D27/><U22/><E34/><V71/><F71/><W39/><G6/><T4/><D4/><U127/><E22/><V121/><F97/><W48/><G39/><T92/><D37/><U0/><E0/><V128/><F121/><W68/><G68/><T57/><D57/><U78/><E127/><V110/><F110/><W90/><G90/><T62/><D47/><U2/><E2/><V120/><F120/><W38/><G38/><T58/><D12/><U135/><E78/><V76/><F76/><W9/><G7/><T66/><REACH who="0" step="1"/><D18/><REACH who="0" ten="131,322,290,247" step="2"/><N who="1" m="8535" /><E135/><V114/><F114/><N who="3" m="43531" /><G5/><T11/><D11/><U93/><E99/><V91/><F91/><AGARI ba="1,1" hai="58,62,66,69,70,82,84,85,88,91,92,95,96,101" machi="91" ten="30,3900,0" yaku="1,1,7,1,54,1,53,0" doraHai="41" doraHaiUra="43" who="0" fromWho="2" sc="131,52,322,0,290,-42,247,0" /><INIT seed="3,0,0,1,1,45" ten="183,322,248,247" oya="3" hai0="96,79,0,70,48,85,16,124,135,63,112,19,31" hai1="30,134,121,86,47,21,130,107,133,35,88,32,5" hai2="81,29,92,120,91,115,15,52,116,111,100,56,119" hai3="97,28,83,94,106,9,131,117,17,103,99,104,58"/><W125/><G117/><T95/><D0/><U10/><E121/><V126/><F29/><W57/><G28/><T123/><D123/><U43/><E107/><V67/><F67/><W53/><G125/><T62/><D124/><U66/><E66/><V109/><F120/><W49/><G131/><T68/><D135/><N who="1" m="51723" /><E130/><V44/><F44/><W2/><G83/><T108/><D31/><U105/><E105/><V14/><F126/><W98/><G106/><T18/><D79/><U72/><E72/><V7/><F100/><W113/><G113/><T60/><D85/><U78/><E78/><V80/><F115/><W26/><G104/><T34/><D34/><U27/><E5/><V65/><F65/><W38/><G38/><T24/><D112/><U13/><E13/><N who="2" m="4619" /><F7/><W76/><G76/><T74/><D74/><U114/><E10/><V42/><F42/><W12/><G2/><T37/><D37/><N who="1" m="21999" /><E114/><V8/><F8/><W128/><G128/><T110/><D24/><U55/><E55/><V20/><F20/><W93/><G26/><T127/><D127/><U33/><E33/><V77/><F77/><W46/><G98/><T73/><D73/><U54/><E54/><V118/><F92/><AGARI ba="0,0" hai="21,27,30,32,35,86,88,92" m="21999,51723" machi="92" ten="30,2000,0" yaku="20,1,54,1" doraHai="45" who="1" fromWho="2" sc="183,0,322,20,248,-20,247,0" /><INIT seed="4,0,0,2,2,128" ten="183,342,228,247" oya="0" hai0="104,74,115,67,63,27,70,108,87,113,73,25,105" hai1="135,71,31,57,60,9,132,99,68,39,85,65,92" hai2="118,72,16,8,49,88,0,44,102,38,123,133,46" hai3="95,2,55,109,116,82,62,6,35,117,30,134,24"/><T59/><D87/><U18/><E39/><V107/><F72/><N who="0" m="27754" /><D59/><U124/><E31/><V66/><F66/><W7/><G109/><T75/><N who="0" m="27762" /><T11/><DORA hai="41" /><D11/><U106/><E106/><N who="0" m="41065" /><D108/><U120/><E120/><V5/><F123/><W98/><G82/><T114/><AGARI ba="0,0" hai="25,27,63,67,70,113,114,115" m="41065,27762" machi="114" ten="50,2400,0" yaku="15,1" doraHai="128,41" who="0" fromWho="0" sc="183,24,342,-8,228,-8,247,-8" /><INIT seed="4,1,0,5,4,22" ten="207,334,220,239" oya="0" hai0="33,50,58,124,42,3,81,106,23,129,82,87,113" hai1="30,89,17,121,104,29,5,36,35,102,65,71,118" hai2="19,40,28,93,95,76,12,90,64,131,120,116,55" hai3="94,112,60,85,8,79,63,117,47,74,46,133,37"/><T78/><D33/><U1/><E36/><V13/><F120/><W100/><G74/><T86/><D106/><U6/><E118/><V39/><F116/><W11/><G117/><T48/><D124/><U68/><E121/><V57/><F76/><W54/><G133/><T61/><D3/><U119/><E119/><V66/><F131/><W96/><G112/><T97/><D129/><U16/><E1/><V75/><F75/><W88/><G79/><T111/><D113/><U73/><E73/><V49/><F39/><W105/><G37/><T108/><D97/><N who="1" m="61519" /><E71/><V126/><F40/><W0/><G11/><T80/><D23/><U26/><E30/><V128/><F126/><W135/><G135/><T38/><D38/><U34/><E34/><V24/><F128/><W62/><REACH who="3" step="1"/><G54/><REACH who="3" ten="207,334,220,229" step="2"/><N who="0" m="34007" /><D42/><U43/><E43/><V25/><F66/><W110/><G110/><N who="0" m="42027" /><D80/><U84/><E5/><AGARI ba="1,1" hai="0,5,8,46,47,60,62,63,85,88,94,96,100,105" machi="5" ten="40,2600,0" yaku="1,1,54,1,53,0" doraHai="22" doraHaiUra="18" who="3" fromWho="1" sc="207,0,334,-29,220,0,229,39" /><INIT seed="5,0,0,1,4,44" ten="207,305,220,268" oya="1" hai0="132,86,15,101,119,68,71,34,31,110,47,35,28" hai1="36,1,6,103,62,4,134,93,131,72,120,13,51" hai2="11,64,65,19,122,10,124,37,8,49,129,75,22" hai3="69,111,24,115,58,30,63,117,20,99,2,33,0"/><U92/><E72/><V27/><F122/><W108/><G69/><T5/><D119/><U32/><E32/><V74/><F37/><W97/><G117/><T89/><D101/><U66/><E36/><V67/><F124/><W98/><G115/><T21/><D110/><U55/><E1/><V60/><F129/><W96/><G33/><T53/><D35/><U41/><E120/><V18/><F60/><W9/><N who="3" m="24576" /><DORA hai="81" /><W78/><G78/><T112/><D53/><U106/><E41/><V70/><F70/><W121/><G121/><T43/><D47/><U94/><E131/><V84/><F19/><W45/><G45/><T102/><D5/><U26/><E103/><V29/><F29/><W95/><G95/><T118/><D28/><U73/><E106/><V57/><F75/><W39/><G39/><T23/><D31/><U113/><E73/><V3/><F74/><W14/><G0/><T90/><D34/><U127/><E113/><V104/><F104/><W48/><G2/><T116/><D112/><U135/><E127/><V16/><F3/><W133/><G133/><N who="1" m="50698" /><E26/><V100/><F100/><W54/><REACH who="3" step="1"/><G63/><REACH who="3" ten="207,305,220,258" step="2"/><T80/><D132/><U79/><E79/><V123/><F123/><W61/><G61/><T52/><D116/><U17/><E62/><V105/><F105/><W82/><G82/><T126/><D80/><U42/><E66/><V25/><F64/><W59/><G59/><T50/><D68/><U38/><E38/><V40/><F65/><W76/><G76/><T107/><D71/><U130/><E130/><V114/><F114/><W91/><G91/><RYUUKYOKU ba="0,1" sc="207,-10,305,-10,220,-10,258,30" hai3="9,14,20,24,30,48,54,58,108,111" /><INIT seed="6,1,1,0,0,46" ten="197,295,210,288" oya="2" hai0="93,80,96,13,112,91,99,121,71,119,16,55,113" hai1="101,49,47,87,37,5,54,66,120,36,79,43,106" hai2="6,104,33,1,29,111,126,22,4,70,105,114,81" hai3="10,27,65,42,7,77,89,84,130,82,116,59,64"/><V19/><F70/><W94/><G130/><T127/><D121/><U124/><E120/><V72/><F114/><N who="0" m="44138" /><D119/><U92/><E106/><V48/><F126/><W11/><G42/><T60/><D127/><U61/><E124/><V85/><F72/><W28/><G116/><T98/><D80/><U56/><E5/><V9/><F6/><W50/><G7/><T88/><D91/><U78/><E36/><V52/><F111/><W74/><G65/><N who="0" m="41383" /><D55/><U2/><E2/><V122/><F122/><W8/><G64/><T102/><D102/><U83/><E101/><V63/><F63/><W125/><G125/><T15/><D15/><U73/><E73/><V128/><F128/><W41/><G41/><T51/><D51/><U14/><E14/><V75/><F75/><W134/><G134/><T44/><D44/><U108/><E108/><V3/><F3/><W35/><G59/><T57/><D57/><U21/><E21/><AGARI ba="1,1" hai="13,16,21,88,93,96,98,99" m="41383,44138" machi="21" ten="30,3900,0" yaku="15,1,54,2" doraHai="46" who="0" fromWho="1" sc="197,52,295,-42,210,0,288,0" /><INIT seed="7,0,0,3,2,24" ten="249,253,210,288" oya="3" hai0="31,133,130,116,0,26,45,35,94,75,86,82,6" hai1="34,15,56,85,83,112,20,107,99,7,68,93,108" hai2="28,96,122,39,49,105,23,67,125,88,29,114,18" hai3="103,115,5,91,97,70,76,117,81,1,17,80,13"/><W21/><G70/><T4/><D116/><U95/><E108/><V87/><F39/><W54/><G117/><T134/><D75/><U59/><E68/><V121/><F67/><W65/><G65/><T22/><D130/><U14/><E34/><V47/><F125/><W10/><G115/><T79/><D0/><U36/><E36/><V19/><F114/><W37/><G37/><T135/><D94/><N who="1" m="35851" /><E107/><V63/><F63/><W43/><G43/><T48/><REACH who="0" step="1"/><D35/><REACH who="0" ten="239,253,210,288" step="2"/><U92/><E112/><V27/><F105/><W53/><G103/><T72/><D72/><U3/><E3/><V124/><F124/><W77/><G97/><T90/><D90/><N who="1" m="51519" /><E99/><V57/><F96/><W2/><G91/><T123/><D123/><N who="2" m="47114" /><F57/><N who="1" m="22089" /><E92/><N who="2" m="54303" /><F19/><W109/><G109/><T61/><D61/><U42/><E7/><V16/><F18/><W74/><G2/><T113/><D113/><U78/><E42/><AGARI ba="0,1" hai="16,23,27,28,29,42,47,49" m="54303,47114" machi="42" ten="30,8000,1" yaku="13,1,52,2,54,2" doraHai="24" who="2" fromWho="1" sc="239,0,253,-80,210,90,288,0" /><AGARI ba="0,0" hai="4,6,22,26,31,42,45,48,79,82,86,133,134,135" machi="42" ten="40,5200,0" yaku="1,1,20,1,52,1,53,0" doraHai="24" doraHaiUra="32" who="0" fromWho="1" sc="239,52,173,-52,300,0,288,0" owari="291,9.0,121,-38.0,300,40.0,288,-11.0" /></mjloggm>