<mjloggm ver="2.3"><GO type="97" lobby="0"/><UN n0="%41%E3%82%B9%E3%82%B1" n1="%E5%B0%8F%E8%B1%86%E6%A2%93%E2%99%AA" n2="%E5%B0%B1%E6%B4%BB%E7%94%9F%40%E5%B7%9D%E6%9D%91%E8%BB%8D%E5%9B%A3" n3="%E5%A4%8F%E5%B7%9D%E3%81%BE%E3%82%86%E3%82%8A" dan="14,14,15,15" rate="1938.43,1945.08,1984.96,1951.53" sx="M,F,M,F"/><TAIKYOKU oya="0"/><INIT seed="0,0,0,3,4,49" ten="250,250,250,250" oya="0" hai0="105,17,59,45,98,58,21,89,34,65,51,122,46" hai1="4,103,55,66,112,107,6,41,31,123,125,60,101" hai2="24,36,15,108,9,119,56,106,42,126,109,28,30" hai3="87,131,92,134,48,20,8,44,54,19,129,40,79"/><T135/><D122/><U104/><E123/><V97/><F119/><W86/><G134/><T35/><D135/><U33/><E112/><V52/><F126/><W22/><G8/><T78/><D78/><U57/><E125/><V73/><F73/><W50/><G20/><T124/><D124/><U77/><E77/><V61/><F36/><W115/><G115/><T38/><D38/><U70/><E41/><V100/><F42/><W83/><G92/><N who="0" m="56591" /><D34/><U53/><E104/><V91/><F91/><W94/><G94/><T113/><D35/><U80/><E80/><V90/><F90/><W75/><G87/><T71/><D71/><U26/><E101/><V10/><F10/><W120/><G120/><T118/><D105/><U25/><E25/><V39/><F39/><W88/><G79/><T0/><D0/><U5/><E57/><V72/><F72/><W116/><G75/><T121/><D118/><U102/><E102/><V3/><F3/><W47/><REACH who="3" step="1"/><G116/><REACH who="3" ten="250,250,250,240" step="2"/><T2/><D113/><U114/><E114/><V16/><REACH who="2" step="1"/><F28/><REACH who="2" ten="250,250,240,240" step="2"/><W18/><G18/><T127/><D121/><U67/><E67/><V76/><F76/><W63/><G63/><N who="0" m="38135" /><D127/><U111/><E111/><V85/><F85/><W93/><G93/><T81/><D81/><U11/><E11/><V7/><F7/><W1/><G1/><T14/><D2/><U32/><E32/><AGARI ba="0,2" hai="9,15,16,24,30,32,52,56,61,97,100,106,108,109" machi="32" ten="40,8000,1" yaku="1,1,52,1,54,2,53,0" doraHai="49" doraHaiUra="37" who="2" fromWho="1" sc="250,0,250,-80,240,100,240,0" /><INIT seed="1,0,0,1,3,104" ten="250,170,340,240" oya="1" hai0="74,30,89,4,73,26,65,97,72,132,68,63,96" hai1="48,85,42,103,28,135,95,18,111,32,79,105,83" hai2="117,6,57,23,113,51,76,7,133,84,44,70,90" hai3="109,17,39,5,9,129,116,1,81,64,0,87,121"/><U24/><E135/><V45/><F70/><W37/><G121/><T98/><D4/><U33/><E33/><V128/><F117/><W2/><G116/><T108/><D108/><U43/><E111/><V112/><F128/><W27/><G109/><T58/><D132/><U100/><E18/><V78/><F133/><W55/><G64/><T12/><D12/><U107/><E107/><V114/><F57/><W20/><G55/><T131/><D131/><U34/><E34/><V41/><F23/><W91/><REACH who="3" step="1"/><G129/><REACH who="3" ten="250,170,340,230" step="2"/><T40/><D40/><U25/><E43/><V16/><F41/><W60/><G60/><T80/><D68/><U3/><E42/><V124/><F112/><W75/><G75/><T13/><D13/><AGARI ba="0,1" hai="0,1,2,5,9,13,17,20,27,37,39,81,87,91" machi="13" ten="40,1300,0" yaku="1,1,53,0" doraHai="104" doraHaiUra="92" who="3" fromWho="0" sc="250,-13,170,0,340,0,230,23" /><INIT seed="2,0,0,0,0,61" ten="237,170,340,253" oya="2" hai0="40,121,58,17,117,49,13,60,135,102,50,84,115" hai1="105,68,5,122,28,116,83,41,112,134,103,4,79" hai2="15,23,0,108,31,25,81,44,57,99,54,128,8" hai3="100,111,7,85,109,11,46,125,107,48,129,120,104"/><V38/><F0/><W66/><G120/><T62/><D121/><U71/><E103/><V53/><F108/><N who="3" m="41547" /><G129/><T76/><D115/><U69/><E5/><V33/><F33/><W74/><G74/><T52/><D135/><U24/><E4/><V63/><F128/><W131/><G131/><T91/><D76/><U75/><E122/><V67/><F99/><W98/><G85/><T43/><D102/><U70/><E105/><V93/><F93/><N who="3" m="58447" /><G66/><N who="0" m="39191" /><D62/><U110/><E110/><V106/><F106/><W82/><G82/><N who="0" m="49559" /><D50/><U12/><N who="1" m="17408" /><DORA hai="124" /><U22/><E83/><V27/><F27/><W19/><G19/><T133/><D117/><U37/><E116/><V6/><F81/><W16/><G16/><T32/><D32/><U18/><E134/><V92/><F92/><W21/><G21/><N who="0" m="11439" /><D133/><U29/><E112/><V64/><F38/><W45/><G125/><T127/><D127/><U34/><E75/><V114/><F114/><W72/><G72/><T65/><D65/><U26/><E79/><V9/><F9/><W55/><G45/><AGARI ba="0,0" hai="40,43,45,49,52" m="11439,49559,39191" machi="45" ten="30,3900,0" yaku="8,1,52,1,54,1" doraHai="61,124" who="0" fromWho="3" sc="237,39,170,0,340,0,253,-39" /><INIT seed="3,0,0,3,1,10" ten="276,170,340,214" oya="3" hai0="130,57,76,25,90,6,118,79,81,92,102,86,27" hai1="43,99,36,91,62,105,16,125,59,106,24,96,110" hai2="109,9,69,26,83,80,107,114,64,104,52,77,48" hai3="45,82,65,115,20,21,40,111,42,2,3,46,53"/><W135/><G115/><T128/><D118/><U13/><E110/><V120/><F114/><W132/><G53/><T95/><D6/><U129/><E129/><N who="0" m="49769" /><D57/><U88/><E125/><V0/><F120/><W108/><REACH who="3" step="1"/><G82/><REACH who="3" ten="276,170,340,204" step="2"/><T124/><D124/><U117/><E117/><V134/><F83/><W19/><G19/><T112/><D112/><U47/><E24/><V63/><F80/><W54/><G54/><T70/><D25/><U123/><E123/><V113/><F52/><W34/><G34/><T67/><D27/><U30/><E30/><V51/><F26/><W122/><G122/><T126/><D126/><U68/><E68/><V38/><F69/><W60/><G60/><T1/><D70/><U58/><E99/><V12/><F63/><W97/><G97/><N who="0" m="59687" /><D67/><AGARI ba="0,1" hai="2,3,20,21,40,42,45,46,65,67,108,111,132,135" machi="67" ten="25,12000,1" yaku="1,1,22,2,53,2" doraHai="10" doraHaiUra="18" who="3" fromWho="0" sc="276,-120,170,0,340,0,204,130" /><INIT seed="3,1,0,1,2,75" ten="156,170,340,334" oya="3" hai0="83,124,31,84,93,131,65,48,111,34,14,3,27" hai1="86,23,134,42,11,103,109,15,41,18,97,24,89" hai2="8,123,40,16,95,17,49,114,68,129,82,135,105" hai3="35,101,20,92,127,100,7,91,59,64,61,78,104"/><W81/><G127/><T73/><D124/><U72/><E72/><V28/><F105/><W22/><G35/><T98/><D73/><U116/><E116/><V29/><F114/><W90/><G7/><T25/><D25/><U118/><E118/><V62/><F123/><W9/><G9/><T119/><D119/><U12/><E109/><V117/><F117/><W46/><G46/><T112/><D111/><U85/><E134/><V113/><F68/><W77/><G104/><T130/><D3/><U37/><E37/><V10/><F62/><W125/><G125/><T5/><D112/><U74/><E74/><V54/><F40/><N who="1" m="15465" /><E103/><N who="3" m="39498" /><G91/><N who="0" m="55615" /><D65/><U115/><E115/><V70/><BYE who="1" /><F70/><W87/><G77/><N who="0" m="46191" /><D48/><U122/><E122/><V52/><F49/><W30/><G30/><T126/><D126/><U26/><E26/><V38/><F38/><W58/><G58/><T47/><D47/><U32/><E32/><V13/><F113/><W132/><G132/><T69/><D69/><U21/><E21/><V108/><F135/><W99/><AGARI ba="1,0" hai="20,22,59,61,64,78,81,87,90,92,99" m="39498" machi="99" ten="30,3000,0" yaku="8,1,52,1" doraHai="75" who="3" fromWho="3" sc="156,-11,170,-11,340,-11,334,33" owari="145,-35.0,159,-24.0,329,13.0,367,46.0" /></mjloggm>