<mjloggm ver="2.3"><GO type="169" lobby="0"/><UN n0="%E3%83%95%E3%82%A7%E3%83%AB%E3%83%A1%E3%83%BC%E3%83%AB" n1="%E5%B0%B1%E6%B4%BB%E7%94%9F%40%E5%B7%9D%E6%9D%91%E8%BB%8D%E5%9B%A3" n2="%E3%81%8D%E3%81%97%E3%82%8A%E3%81%A3%E3%81%97%E3%82%85" n3="%E3%82%AF%E3%83%AD%E3%83%8E%E3%82%B9%40" dan="16,16,16,17" rate="2136.77,2096.81,2008.01,2237.97" sx="M,M,M,M"/><TAIKYOKU oya="0"/><INIT seed="0,0,0,0,3,95" ten="250,250,250,250" oya="0" hai0="96,123,30,52,76,24,33,64,105,83,37,3,65" hai1="0,6,129,38,59,18,108,32,104,28,9,31,71" hai2="35,109,97,127,34,63,125,26,22,15,87,114,20" hai3="21,89,84,73,70,57,86,88,91,12,101,40,132"/><T8/><D123/><U126/><E71/><V128/><F114/><W106/><G70/><T47/><D105/><U135/><E38/><V116/><F63/><W4/><G73/><N who="0" m="43407" /><D52/><U99/><E126/><N who="2" m="48139" /><F87/><W94/><G132/><T55/><D55/><U48/><E135/><V7/><F116/><W49/><G106/><T29/><D29/><U39/><E39/><V93/><F128/><W90/><G101/><T117/><D117/><U133/><E129/><V1/><F1/><W100/><G100/><T130/><D96/><U131/><E131/><V78/><F78/><W77/><G77/><T58/><D58/><U43/><E133/><V102/><F22/><W66/><G66/><T62/><D62/><U50/><E32/><V5/><F15/><W113/><G113/><T51/><D51/><U111/><E18/><V122/><F122/><W13/><G13/><T56/><D56/><U115/><E115/><V41/><F41/><W118/><G118/><T11/><D11/><U46/><E31/><V85/><F34/><W69/><G69/><T23/><D33/><U112/><E28/><V67/><F35/><W81/><G57/><T110/><D130/><U79/><E112/><V10/><F67/><W75/><G75/><T98/><D98/><U19/><E19/><N who="2" m="12575" /><F10/><N who="3" m="4167" /><G21/><T72/><D72/><U2/><E2/><V60/><F60/><W121/><G121/><T25/><D25/><U80/><E79/><V42/><F42/><W134/><G134/><T119/><D119/><U124/><E124/><V61/><F61/><W82/><G94/><T103/><D3/><U92/><E92/><RYUUKYOKU ba="0,0" sc="250,-10,250,-10,250,-10,250,30" hai3="40,49,81,82,84,86,88,89,90,91" /><INIT seed="1,1,0,3,2,81" ten="240,240,240,280" oya="1" hai0="135,10,133,83,9,11,78,36,53,22,3,113,7" hai1="70,118,50,13,94,104,6,73,71,96,90,0,17" hai2="129,125,8,49,85,115,112,62,35,24,61,47,121" hai3="130,5,25,28,59,45,34,82,102,72,117,32,57"/><U21/><E118/><V51/><F121/><W103/><G34/><T37/><D113/><U87/><E73/><V68/><F8/><N who="0" m="3178" /><D22/><U60/><E0/><V126/><F24/><W41/><G5/><T69/><D69/><U52/><E6/><V4/><F4/><W29/><G130/><T15/><D3/><U67/><E71/><V54/><F35/><W108/><G108/><T66/><D66/><U95/><E104/><V128/><F68/><W48/><G28/><T31/><D31/><U91/><E50/><V132/><F132/><N who="0" m="50762" /><D53/><U75/><E75/><AGARI ba="1,0" hai="7,11,15,36,37,75,78,83" m="50762,3178" machi="75" ten="30,1000,0" yaku="20,1" doraHai="81" who="0" fromWho="1" sc="240,13,240,-13,240,0,280,0" /><INIT seed="2,0,0,3,2,96" ten="253,227,240,280" oya="2" hai0="134,91,49,124,22,42,16,7,68,4,131,40,64" hai1="93,86,44,12,135,54,17,104,99,39,77,9,20" hai2="61,66,25,0,21,33,60,63,128,82,59,69,47" hai3="70,84,38,3,46,129,67,101,2,79,127,95,118"/><V102/><F33/><W90/><G118/><T107/><D134/><U120/><E135/><V121/><F0/><W15/><G129/><T80/><D131/><U115/><E115/><V106/><F128/><W78/><G127/><T94/><D80/><U51/><E120/><V37/><F121/><W14/><G70/><T6/><D107/><U23/><E39/><V31/><F82/><W62/><G2/><T30/><D30/><U13/><E104/><V1/><F1/><W11/><G38/><T88/><D91/><U81/><REACH who="1" step="1"/><E12/><REACH who="1" ten="253,217,240,280" step="2"/><V123/><F123/><W29/><G15/><T108/><D124/><U113/><E113/><V57/><F69/><W45/><G14/><T56/><D68/><U103/><AGARI ba="0,1" hai="9,13,17,20,23,44,51,54,77,81,86,93,99,103" machi="103" ten="20,8000,1" yaku="1,1,0,1,7,1,8,1,52,1,53,0" doraHai="96" doraHaiUra="100" who="1" fromWho="1" sc="253,-20,217,90,240,-40,280,-20" /><INIT seed="3,0,0,1,5,99" ten="233,307,200,260" oya="3" hai0="89,35,61,28,97,93,42,5,129,116,80,70,50" hai1="0,103,96,49,57,71,100,58,122,109,63,55,67" hai2="56,25,45,65,66,38,78,41,17,16,110,113,128" hai3="32,79,130,47,91,102,88,4,127,23,19,131,72"/><W132/><G32/><T22/><D116/><U14/><E0/><V119/><F113/><W76/><G132/><T2/><D35/><U126/><E122/><V33/><F119/><W120/><G120/><T34/><D34/><U51/><E126/><V108/><F128/><N who="3" m="49195" /><G127/><T48/><D129/><U125/><E125/><V53/><F78/><N who="3" m="29739" /><G72/><T77/><D42/><U30/><E109/><N who="2" m="42091" /><F33/><W94/><G47/><T7/><D70/><U27/><E96/><V74/><F74/><W85/><G4/><N who="0" m="1611" /><D61/><U111/><E111/><V90/><F90/><N who="3" m="53583" /><G102/><N who="1" m="38954" /><E71/><V46/><F46/><W104/><G104/><T86/><D2/><U3/><E3/><V112/><F112/><W44/><G44/><T92/><D92/><U101/><E101/><V12/><F25/><AGARI ba="0,0" hai="19,23,25,88,91" m="53583,29739,49195" machi="25" ten="30,2900,0" yaku="19,1,54,1" doraHai="99" who="3" fromWho="2" sc="233,0,307,0,200,-29,260,29" /><AGARI ba="0,0" hai="22,25,28,48,50,77,80,86,89,93,97" m="1611" machi="25" ten="30,1000,0" yaku="8,1" doraHai="99" who="0" fromWho="2" sc="233,10,307,0,171,-10,289,0" /><INIT seed="3,1,0,2,2,38" ten="243,307,161,289" oya="3" hai0="118,27,55,62,92,43,29,90,40,13,34,21,88" hai1="8,31,60,0,86,106,80,77,65,33,111,125,54" hai2="41,47,48,70,95,4,42,24,116,133,69,67,72" hai3="98,63,12,44,5,17,37,10,19,126,36,79,104"/><W71/><G126/><T56/><D118/><U117/><E111/><V94/><F72/><W134/><G134/><T64/><D90/><U15/><E106/><V51/><F4/><W101/><G79/><T25/><D13/><U122/><E122/><V119/><F24/><W97/><G97/><T52/><D55/><U85/><E125/><V87/><F87/><W46/><G36/><T130/><D130/><U9/><E0/><V109/><F47/><W102/><G102/><T123/><D64/><U78/><E33/><V107/><F67/><W26/><G71/><T114/><D114/><U124/><E31/><V2/><F2/><W35/><G63/><T30/><D123/><U127/><E117/><V58/><F58/><W75/><G75/><T115/><D115/><U110/><E110/><V100/><F100/><W50/><G44/><T83/><D83/><U18/><E8/><V16/><F107/><W82/><G82/><T81/><D81/><U121/><E121/><V73/><F73/><W129/><G37/><T7/><D7/><U6/><E78/><V23/><F23/><W3/><G129/><T59/><D56/><N who="1" m="36999" /><E85/><AGARI ba="1,0" hai="21,25,27,29,30,34,40,43,52,59,62,85,88,92" machi="85" ten="30,8000,1" yaku="7,1,52,2,54,2" doraHai="38" who="0" fromWho="1" sc="243,83,307,-83,161,0,289,0" /><INIT seed="4,0,0,5,5,26" ten="326,224,161,289" oya="0" hai0="69,22,57,81,13,104,85,77,119,4,83,19,54" hai1="121,73,34,111,2,120,114,9,130,46,113,74,16" hai2="94,17,39,44,84,89,55,59,128,75,61,101,56" hai3="127,103,97,1,23,8,36,6,64,37,66,79,129"/><T28/><D104/><U67/><E67/><V106/><F128/><W115/><G115/><N who="1" m="44042" /><E46/><V99/><F75/><W96/><G127/><T15/><D69/><U133/><E133/><V105/><F17/><W53/><G79/><T38/><D38/><U63/><E63/><V0/><F0/><W14/><G129/><T60/><D83/><U49/><E49/><V110/><F110/><W71/><G53/><T123/><D123/><N who="1" m="47179" /><E111/><V10/><F10/><W132/><G132/><T43/><D43/><U95/><E130/><V5/><F5/><W88/><G6/><T118/><D4/><N who="1" m="1175" /><E95/><V92/><F39/><W107/><G66/><T135/><D135/><U20/><E34/><V87/><F44/><W31/><G64/><T41/><D41/><U102/><E102/><V27/><F56/><W78/><G71/><T40/><D40/><U122/><N who="1" m="47187" /><U80/><DORA hai="12" /><E80/><V100/><F100/><W116/><G103/><T11/><D118/><U24/><AGARI ba="0,0" hai="16,20,24,73,74" m="1175,47187,44042" machi="24" ten="50,8000,1" yaku="15,1,11,1,52,1,54,1" doraHai="26,12" who="1" fromWho="1" sc="326,-40,224,80,161,-20,289,-20" /><INIT seed="5,0,0,5,3,113" ten="286,304,141,269" oya="1" hai0="91,71,82,53,16,115,7,33,34,106,107,19,87" hai1="120,100,52,4,79,58,96,44,94,41,133,99,69" hai2="3,29,49,104,131,123,8,9,112,42,64,119,78" hai3="37,17,101,124,66,36,132,70,121,24,56,27,68"/><U60/><E120/><V127/><F104/><W116/><G121/><T108/><D108/><U103/><E133/><V110/><F123/><W111/><G111/><T50/><D71/><U77/><E69/><V15/><F3/><W11/><G101/><T93/><D106/><U62/><E4/><V32/><F78/><W67/><G56/><T39/><D107/><U81/><E62/><V30/><F64/><W10/><G17/><T45/><D39/><U43/><E43/><V122/><F122/><W75/><G75/><T74/><D7/><U35/><E35/><V22/><F32/><W38/><G38/><T109/><D109/><U59/><E59/><V97/><F131/><W1/><G1/><T47/><D47/><U105/><REACH who="1" step="1"/><E81/><REACH who="1" ten="286,294,141,269" step="2"/><V25/><F42/><W63/><G63/><T2/><D34/><U117/><E117/><V84/><F119/><W55/><G132/><T128/><D33/><U86/><E86/><V125/><F84/><W31/><G116/><T88/><D74/><U61/><E61/><V118/><F118/><W28/><G70/><T90/><D128/><U73/><E73/><V80/><F80/><W95/><G68/><T65/><D65/><U134/><E134/><V126/><F110/><W114/><G37/><AGARI ba="0,1" hai="37,41,44,52,58,60,77,79,94,96,99,100,103,105" machi="37" ten="30,5800,0" yaku="1,1,7,1,54,1,53,0" doraHai="113" doraHaiUra="26" who="1" fromWho="3" sc="286,0,294,68,141,0,269,-58" /><INIT seed="5,1,0,5,0,95" ten="286,362,141,211" oya="1" hai0="17,8,83,118,77,58,10,20,44,74,26,29,108" hai1="24,123,56,101,97,22,36,131,115,132,23,96,51" hai2="43,126,16,91,70,18,61,13,110,32,35,67,54" hai3="21,129,117,72,88,63,133,14,111,102,31,7,130"/><U48/><E36/><V46/><F110/><W78/><G111/><T114/><D108/><U93/><E123/><V127/><F54/><W128/><G133/><T11/><D118/><U107/><E132/><V3/><F3/><W85/><G117/><T33/><D114/><U1/><E1/><V135/><F135/><W42/><G102/><T94/><D58/><U75/><E75/><V134/><F134/><W57/><G42/><T0/><D44/><U76/><E76/><V121/><F121/><W28/><G78/><T60/><D60/><U89/><E115/><V39/><F18/><N who="3" m="10455" /><G7/><T87/><D0/><U9/><E131/><V105/><F105/><W2/><G72/><T62/><D62/><U81/><E81/><V66/><F66/><N who="3" m="39279" /><G2/><T19/><D33/><U50/><E9/><V25/><F91/><W71/><G71/><T12/><D8/><U82/><E82/><AGARI ba="1,0" hai="28,31,82,85,88,128,129,130" m="39279,10455" machi="82" ten="30,2000,0" yaku="19,1,54,1" doraHai="95" who="3" fromWho="1" sc="286,0,362,-23,141,0,211,23" /><INIT seed="6,0,0,1,1,15" ten="286,339,141,234" oya="2" hai0="0,52,112,94,127,55,28,11,30,89,78,96,35" hai1="97,128,40,87,13,131,26,42,105,16,79,38,88" hai2="23,67,12,103,84,123,56,22,17,70,10,59,27" hai3="63,99,7,64,101,109,108,19,33,24,37,76,57"/><V91/><F123/><W8/><G37/><T50/><D112/><U62/><E38/><V48/><F103/><W95/><G76/><T5/><D127/><U68/><E26/><V66/><F70/><W45/><G45/><T104/><D104/><U124/><E124/><V121/><F121/><W122/><G122/><T54/><D35/><U130/><E79/><V134/><F134/><W53/><G53/><T32/><D32/><U126/><E126/><V98/><F98/><W29/><G19/><T69/><D69/><U58/><E97/><V18/><F10/><W116/><REACH who="3" step="1"/><G116/><REACH who="3" ten="286,339,141,224" step="2"/><T71/><D50/><U20/><E68/><V82/><F48/><W119/><G119/><T110/><D71/><U34/><E42/><V21/><F21/><W41/><G41/><T80/><REACH who="0" step="1"/><D110/><REACH who="0" ten="276,339,141,224" step="2"/><U4/><E128/><V86/><REACH who="2" step="1"/><F86/><AGARI ba="0,2" hai="0,5,11,28,30,52,54,55,78,80,86,89,94,96" machi="86" ten="40,5200,0" yaku="1,1,2,1,54,1,53,0" doraHai="15" doraHaiUra="120" who="0" fromWho="2" sc="276,72,339,0,141,-52,224,0" /><INIT seed="7,0,0,0,5,2" ten="348,339,89,224" oya="3" hai0="45,80,11,43,82,63,22,106,66,65,119,8,77" hai1="61,79,122,39,90,59,96,13,129,123,31,53,133" hai2="33,55,68,48,1,56,126,10,111,135,54,113,130" hai3="27,4,19,29,116,94,107,75,105,98,30,26,57"/><W41/><G116/><T118/><D106/><U12/><E39/><V52/><F33/><W103/><G75/><T25/><D118/><U86/><E129/><V28/><F28/><W78/><G78/><T124/><D124/><U84/><E133/><V109/><F1/><W62/><G41/><T67/><D63/><U50/><E122/><V51/><F10/><W102/><G19/><T15/><D119/><U115/><E115/><V110/><F68/><W120/><G120/><T117/><D117/><U81/><E31/><V99/><F99/><W5/><G107/><T134/><D134/><U131/><E131/><V35/><F35/><W101/><G105/><T114/><D114/><U46/><E96/><V95/><F95/><W73/><G73/><T34/><D34/><U91/><E123/><V92/><F92/><W100/><G30/><T14/><D11/><U76/><E76/><V121/><F135/><W36/><G36/><T23/><D23/><U38/><E38/><V40/><F121/><W7/><G29/><T74/><D80/><N who="1" m="49415" /><E79/><V9/><F9/><W70/><G70/><T108/><D8/><U37/><E37/><V20/><F20/><W18/><G18/><N who="0" m="12503" /><D108/><U88/><E91/><V89/><F130/><W71/><G71/><T6/><D6/><U44/><E44/><N who="2" m="25607" /><F113/><W72/><G72/><T125/><D125/><U42/><AGARI ba="0,0" hai="12,13,42,46,50,53,59,61,81,86,88" m="49415" machi="42" ten="30,2000,0" yaku="8,1,54,1" doraHai="2" who="1" fromWho="1" sc="348,-5,339,20,89,-5,224,-10" owari="343,14.0,359,47.0,84,-42.0,214,-19.0" /></mjloggm>