<mjloggm ver="2.3"><GO type="225" lobby="0"/><UN n0="%E3%81%AA%E3%81%A3%E3%81%8D%E3%82%8A" n1="%E3%83%8B%E3%83%BC%E3%83%88%E7%A4%BE%E9%95%B7" n2="%E3%82%B7%E3%83%AD%E3%82%AF%E3%83%AD" n3="%E3%83%88%E3%83%88%E3%83%AA%E5%85%88%E7%94%9F%31%39%E6%AD%B3" dan="16,16,17,18" rate="2066.53,2134.21,2146.04,2268.77" sx="M,M,M,F"/><TAIKYOKU oya="0"/><INIT seed="0,0,0,2,5,91" ten="250,250,250,250" oya="0" hai0="102,105,125,48,82,86,104,52,121,38,39,70,4" hai1="32,28,81,56,109,87,108,133,119,73,112,96,9" hai2="22,37,113,21,94,79,20,24,116,131,129,127,23" hai3="0,14,88,13,43,106,60,25,35,98,12,62,44"/><T67/><D121/><U36/><E133/><V18/><F113/><W27/><G0/><T5/><D125/><U85/><E119/><V77/><F37/><W26/><G35/><T66/><D39/><U89/><E112/><V128/><F127/><W42/><G106/><T78/><D38/><U51/><E36/><V17/><F116/><W47/><G88/><N who="0" m="51287" /><D105/><U8/><E73/><V15/><REACH who="2" step="1"/><F94/><REACH who="2" ten="250,250,240,250" step="2"/><W90/><G98/><T65/><D104/><U114/><E96/><V118/><F118/><W134/><G134/><T50/><D70/><U101/><E114/><V80/><F80/><W55/><G90/><T49/><D102/><U2/><E89/><V107/><F107/><W126/><G126/><T135/><D78/><AGARI ba="0,1" hai="15,17,18,20,21,22,23,24,77,78,79,128,129,131" machi="78" ten="40,12000,2" yaku="1,1,19,1,53,4" doraHai="91" doraHaiUra="16" who="2" fromWho="0" sc="250,-120,250,0,240,130,250,0" /><INIT seed="1,0,0,4,5,123" ten="130,250,370,250" oya="1" hai0="98,92,70,83,56,119,112,29,128,12,9,95,58" hai1="60,46,53,122,24,36,43,14,111,114,97,51,105" hai2="63,117,124,65,22,107,133,37,44,82,19,35,76" hai3="0,23,68,17,39,69,5,103,72,89,3,42,132"/><U77/><E114/><V28/><F117/><W75/><G132/><T52/><D112/><U61/><E122/><V104/><F133/><W135/><G135/><T54/><D119/><U25/><E77/><V120/><F124/><W106/><G89/><T101/><D70/><U50/><E105/><V108/><F108/><W94/><G106/><T1/><D1/><U116/><E111/><V71/><F120/><W8/><G0/><T6/><D128/><U113/><E113/><V126/><F126/><W33/><G33/><T125/><D125/><U18/><E116/><V45/><F45/><W100/><G42/><T62/><D29/><U130/><E97/><V66/><F66/><W55/><G39/><T21/><D21/><N who="1" m="11479" /><E36/><V90/><F90/><W134/><G134/><T38/><D38/><U88/><E88/><V10/><F10/><W59/><G68/><T78/><D95/><U79/><E79/><V27/><F19/><W34/><G34/><T118/><D118/><U115/><E115/><V96/><F22/><W91/><G69/><T93/><D93/><U48/><E130/><V121/><F96/><W129/><G129/><T86/><REACH who="0" step="1"/><D58/><REACH who="0" ten="120,250,370,250" step="2"/><N who="1" m="34895" /><E24/><V110/><F121/><W99/><G103/><T64/><AGARI ba="0,1" hai="6,9,12,52,54,56,62,64,78,83,86,92,98,101" machi="64" ten="20,8000,1" yaku="1,1,0,1,7,1,8,1,54,1,53,0" doraHai="123" doraHaiUra="127" who="0" fromWho="0" sc="120,90,250,-40,370,-20,250,-20" /><INIT seed="2,0,0,4,2,2" ten="210,210,350,230" oya="2" hai0="77,106,3,40,19,12,79,112,55,129,76,53,124" hai1="95,96,108,110,31,0,120,4,73,89,11,133,107" hai2="132,39,30,13,93,113,82,50,54,52,74,17,51" hai3="36,65,6,37,98,131,104,99,45,21,84,125,62"/><V91/><F39/><W7/><G131/><T101/><D112/><U41/><E133/><V9/><F132/><W20/><G125/><T67/><D129/><U80/><E120/><V61/><F113/><W49/><G36/><T58/><D124/><U69/><E69/><V122/><F122/><W102/><G37/><T59/><D3/><U127/><E127/><V47/><F30/><W70/><G84/><T43/><D101/><N who="1" m="62887" /><E31/><V90/><F61/><W33/><G33/><T114/><D106/><U63/><E63/><V68/><F68/><W87/><G98/><T24/><D24/><U22/><E22/><V118/><F118/><W14/><G87/><T92/><D92/><U100/><E41/><N who="0" m="15945" /><D114/><U23/><E23/><V32/><F32/><W35/><G35/><T86/><D86/><N who="1" m="52663" /><E100/><V121/><F121/><W81/><G20/><N who="0" m="11367" /><D67/><U60/><E60/><V28/><F28/><W64/><G64/><T134/><D134/><U29/><E29/><V117/><F117/><W116/><G116/><T83/><D83/><U10/><E10/><V16/><F93/><W130/><G81/><T103/><D103/><U26/><E26/><V135/><F135/><W15/><G130/><T48/><D55/><U66/><E66/><V18/><F82/><W119/><G119/><T5/><D5/><N who="3" m="1545" /><G21/><T78/><N who="0" m="19456" /><DORA hai="27" /><T94/><D94/><U109/><E109/><V42/><F74/><W115/><G115/><T8/><D8/><U72/><E72/><V44/><F54/><N who="3" m="29999" /><G15/><T57/><AGARI ba="0,0" hai="48,53,57,58,59" m="19456,11367,15945" machi="57" ten="50,1600,0" yaku="8,1" doraHai="2,27" who="0" fromWho="0" sc="210,16,210,-4,350,-8,230,-4" /><INIT seed="3,0,0,1,2,7" ten="226,206,342,226" oya="3" hai0="70,79,0,99,52,77,91,34,94,64,69,114,115" hai1="4,107,85,81,23,5,104,29,61,36,129,55,37" hai2="54,80,67,41,83,96,14,21,44,33,12,27,75" hai3="65,6,28,39,101,45,76,73,26,130,89,31,92"/><W11/><G130/><T82/><D0/><U58/><E129/><V25/><F33/><W93/><G65/><T51/><D34/><U66/><E36/><V24/><F75/><W71/><G71/><N who="0" m="27147" /><D82/><N who="2" m="31274" /><F67/><W86/><G76/><T8/><D8/><U124/><E37/><V111/><F111/><W18/><G73/><T47/><D64/><U90/><E124/><V32/><F32/><W97/><G39/><T63/><D63/><U113/><E113/><AGARI ba="0,0" hai="47,51,52,77,79,91,94,99,113,114,115" m="27147" machi="113" ten="30,2000,0" yaku="11,1,54,1" doraHai="7" who="0" fromWho="1" sc="226,20,206,-20,342,0,226,0" owari="246,5.0,186,-31.0,342,43.0,226,-17.0" /></mjloggm>