<mjloggm ver="2.3"><GO type="41" lobby="0"/><UN n0="%6E%6F%72%61%32" n1="%6B%75%72%6F%6D%61%39%32" n2="%E5%B0%B1%E6%B4%BB%E7%94%9F%40%E5%B7%9D%E6%9D%91%E8%BB%8D%E5%9B%A3" n3="%E3%81%82%E3%81%96%E3%81%A8%E3%81%99" dan="13,13,17,15" rate="1842.31,1888.41,2124.52,1941.32" sx="M,M,M,M"/><TAIKYOKU oya="0"/><INIT seed="0,0,0,0,0,125" ten="250,250,250,250" oya="0" hai0="122,62,74,95,75,64,31,99,48,6,120,114,91" hai1="116,135,13,5,1,72,52,30,92,8,84,34,65" hai2="83,103,134,58,25,98,73,22,101,106,121,4,102" hai3="69,78,89,68,66,108,100,77,67,112,0,35,2"/><T110/><D114/><U107/><E72/><V56/><F121/><W111/><G112/><T40/><D110/><U53/><E107/><V129/><F134/><W18/><G35/><T59/><D75/><U127/><E135/><V86/><F73/><W123/><G123/><T133/><D133/><U87/><E127/><V36/><F36/><W39/><G39/><T9/><D74/><U26/><E116/><V42/><F42/><W126/><G126/><T130/><D31/><U32/><E32/><V54/><F4/><W61/><G100/><T104/><D104/><U124/><E65/><V93/><F129/><W24/><G24/><T115/><D115/><U46/><E124/><V38/><F38/><W55/><G61/><T50/><D130/><U7/><E7/><V81/><F81/><W47/><G47/><T118/><D118/><U71/><E71/><V41/><F41/><W88/><REACH who="3" step="1"/><G18/><REACH who="3" ten="250,250,250,240" step="2"/><T11/><D120/><U15/><E46/><V43/><F106/><W33/><G33/><T80/><D122/><U19/><E15/><V90/><F43/><W82/><G82/><T105/><D80/><U45/><E45/><V94/><F94/><W97/><G97/><T76/><D105/><U16/><E19/><N who="2" m="12511" /><F54/><AGARI ba="0,1" hai="0,2,54,55,66,67,68,69,77,78,88,89,108,111" machi="54" ten="25,12000,2" yaku="1,1,22,2,54,1,53,2" doraHai="125" doraHaiUra="60" who="3" fromWho="2" sc="250,0,250,0,250,-120,240,130" /><INIT seed="1,0,0,2,1,75" ten="250,250,130,370" oya="1" hai0="0,33,37,118,4,66,126,99,52,19,81,22,7" hai1="123,58,100,71,92,104,34,64,41,43,105,114,113" hai2="49,97,121,79,103,44,82,61,25,80,110,60,73" hai3="47,8,62,65,32,35,20,86,132,10,101,51,70"/><U30/><E123/><V36/><F121/><W68/><G68/><T31/><D118/><U46/><E58/><V54/><F36/><W28/><G132/><T95/><D37/><N who="1" m="21807" /><E43/><V40/><F110/><W57/><G70/><T5/><D126/><U12/><E92/><V15/><F82/><W26/><G35/><T109/><D109/><U29/><E12/><V116/><F116/><W78/><G101/><T56/><D66/><U125/><E29/><V21/><F15/><W94/><G32/><T6/><D81/><U133/><E125/><V134/><F40/><N who="3" m="25063" /><G94/><T107/><D107/><N who="1" m="41035" /><E100/><V17/><REACH who="2" step="1"/><F134/><REACH who="2" ten="250,250,120,370" step="2"/><W84/><G84/><T119/><D119/><U108/><E133/><V13/><F13/><W117/><G117/><T128/><D0/><U39/><E39/><V120/><F120/><W91/><G91/><T69/><D128/><U129/><E129/><V106/><AGARI ba="0,1" hai="17,21,25,44,49,54,60,61,73,79,80,97,103,106" machi="106" ten="20,8000,1" yaku="1,1,0,1,7,1,52,1,53,1" doraHai="75" doraHaiUra="74" who="2" fromWho="2" sc="250,-20,250,-40,120,90,370,-20" /><INIT seed="2,0,0,3,3,130" ten="230,210,210,350" oya="2" hai0="23,52,116,49,106,88,44,59,97,48,68,115,70" hai1="71,101,105,2,125,13,37,113,29,89,9,126,17" hai2="45,30,98,14,129,62,121,39,46,41,55,73,111" hai3="8,51,20,95,118,103,1,61,77,109,78,135,25"/><V21/><F121/><W50/><G118/><T104/><D115/><U66/><E37/><V67/><F73/><W81/><G109/><T40/><D116/><U108/><E2/><V86/><F111/><W93/><G1/><T28/><D106/><U47/><E47/><V10/><F129/><W64/><G8/><T63/><D104/><U3/><E3/><V22/><F98/><W110/><G110/><T76/><D76/><U133/><E29/><V127/><F127/><W128/><G128/><T102/><D102/><U131/><E89/><V7/><F30/><W65/><G135/><T80/><D28/><U85/><E85/><V134/><F134/><W57/><G65/><T5/><D5/><U12/><E12/><V26/><F26/><W53/><G51/><T27/><D49/><U15/><E15/><V0/><F0/><W123/><G123/><T79/><D23/><U124/><E131/><V54/><F86/><W119/><G119/><T96/><D27/><U114/><E108/><V33/><F33/><W36/><G36/><T117/><D117/><U75/><E75/><V56/><REACH who="2" step="1"/><F46/><REACH who="2" ten="230,210,200,350" step="2"/><W6/><G25/><T35/><D35/><U72/><E72/><V4/><F4/><W87/><G6/><T42/><D97/><U122/><E122/><V34/><F34/><W112/><G87/><T60/><D96/><N who="1" m="61607" /><E133/><V31/><F31/><W38/><G112/><T74/><D74/><U83/><E114/><V91/><F91/><W100/><G100/><T43/><D88/><U58/><E113/><V132/><F132/><W107/><G103/><T18/><D44/><RYUUKYOKU ba="0,1" sc="230,-10,210,-10,200,30,350,-10" hai2="7,10,14,21,22,39,41,45,54,55,56,62,67" /><INIT seed="2,1,1,3,5,21" ten="220,200,230,340" oya="2" hai0="55,69,86,124,6,100,78,93,108,37,5,122,88" hai1="117,10,95,58,50,127,130,81,123,19,92,48,3" hai2="32,51,111,91,129,125,59,40,68,87,85,9,70" hai3="67,29,60,17,94,24,56,61,15,12,57,131,38"/><V33/><F125/><W75/><G38/><T89/><D122/><U34/><E34/><V97/><F129/><W77/><G131/><T4/><D69/><U101/><E3/><V96/><F111/><W47/><G75/><T43/><D108/><U74/><E127/><V115/><F115/><W20/><G77/><T105/><D124/><U8/><E74/><V0/><F40/><W120/><G120/><T66/><D66/><U42/><E42/><V79/><F79/><W14/><G47/><T13/><D55/><U62/><E123/><V118/><F118/><W64/><REACH who="3" step="1"/><G94/><REACH who="3" ten="220,200,230,330" step="2"/><T27/><D78/><U71/><E95/><V83/><F83/><W30/><AGARI ba="1,2" hai="12,14,15,17,20,24,29,30,56,57,60,61,64,67" machi="30" ten="30,12000,2" yaku="1,1,2,1,0,1,9,1,8,1,52,1,53,0" doraHai="21" doraHaiUra="73" who="3" fromWho="3" sc="220,-31,200,-31,230,-61,330,143" /><INIT seed="3,0,0,1,2,45" ten="189,169,169,473" oya="3" hai0="110,23,53,84,46,75,54,1,10,60,31,43,127" hai1="22,7,41,73,36,92,56,99,11,27,81,104,121" hai2="0,135,9,52,16,30,126,119,100,90,133,102,21" hai3="57,69,120,113,76,47,26,37,134,42,94,128,34"/><W63/><G120/><T51/><D75/><U132/><E132/><N who="2" m="50763" /><F119/><W109/><G134/><T33/><D110/><U95/><E121/><V39/><F39/><W14/><G109/><T28/><D127/><U101/><E36/><V67/><F67/><W108/><G108/><T80/><D80/><U111/><E41/><V12/><F126/><W6/><G113/><T85/><D85/><U65/><E111/><V123/><F123/><W58/><G128/><T83/><D83/><U24/><E24/><N who="2" m="16655" /><F0/><W50/><G76/><T114/><D114/><U32/><E32/><V49/><F90/><W13/><G94/><T97/><D84/><U18/><E65/><V29/><F29/><W48/><G69/><T19/><D97/><U93/><E56/><AGARI ba="0,0" hai="9,12,16,49,52,56,100,102" m="16655,50763" machi="56" ten="30,7700,0" yaku="20,1,52,1,54,2" doraHai="45" who="2" fromWho="1" sc="189,0,169,-77,169,77,473,0" /><INIT seed="4,0,0,0,1,8" ten="189,92,246,473" oya="0" hai0="49,65,50,93,70,92,107,4,51,100,60,82,135" hai1="88,89,103,1,133,40,22,114,21,27,105,47,2" hai2="59,80,94,45,127,83,118,75,79,115,69,14,122" hai3="33,77,120,12,61,66,117,123,37,76,112,81,129"/><T28/><D135/><U48/><E133/><V41/><F69/><W18/><G117/><T96/><D82/><U17/><E114/><V62/><F122/><W10/><G112/><T25/><REACH who="0" step="1"/><D4/><REACH who="0" ten="179,92,246,473" step="2"/><U24/><E1/><V110/><F83/><W6/><G6/><T126/><D126/><U15/><E2/><V46/><F115/><W101/><G81/><T119/><D119/><U13/><E105/><V43/><F127/><W99/><G123/><T104/><D104/><U3/><E3/><V72/><F72/><W9/><G120/><T111/><D111/><U57/><E103/><V84/><F110/><W56/><G101/><T108/><D108/><U42/><E42/><V64/><F75/><W91/><G76/><T26/><D26/><U20/><E57/><V109/><F109/><W39/><G56/><T121/><D121/><U97/><E21/><AGARI ba="0,1" hai="21,25,28,49,50,51,60,65,70,92,93,96,100,107" machi="21" ten="40,3900,0" yaku="1,1,53,1" doraHai="8" doraHaiUra="98" who="0" fromWho="1" sc="179,49,92,-39,246,0,473,0" /><INIT seed="4,1,0,1,4,117" ten="228,53,246,473" oya="0" hai0="77,22,88,127,111,73,56,41,47,14,4,10,59" hai1="65,8,128,0,131,63,106,89,76,5,124,48,34" hai2="33,25,129,134,110,122,108,6,7,115,24,62,118" hai3="51,119,87,29,109,11,123,112,93,9,12,80,18"/><T97/><D127/><U23/><E106/><V27/><F62/><W68/><G119/><T17/><D111/><N who="2" m="42538" /><F118/><W21/><G109/><T70/><D70/><U91/><E76/><V105/><F105/><W15/><G68/><T49/><D73/><U45/><E34/><V42/><F42/><W52/><G112/><T2/><REACH who="0" step="1"/><D77/><REACH who="0" ten="218,53,246,473" step="2"/><U3/><E124/><V61/><F115/><W107/><G107/><T100/><D100/><U101/><E101/><V43/><F33/><W99/><G123/><T60/><D60/><U104/><E104/><V75/><F61/><W39/><G39/><T95/><AGARI ba="1,1" hai="2,4,10,14,17,22,41,47,49,56,59,88,95,97" machi="95" ten="30,11700,0" yaku="1,1,0,1,54,1,53,1" doraHai="117" doraHaiUra="90" who="0" fromWho="0" sc="218,130,53,-40,246,-40,473,-40" /><INIT seed="4,2,0,3,1,112" ten="348,13,206,433" oya="0" hai0="114,131,90,132,24,69,31,41,116,87,19,110,94" hai1="134,58,16,66,115,13,80,35,71,85,75,73,126" hai2="67,21,102,59,106,76,83,9,107,12,18,22,92" hai3="124,40,26,121,47,119,109,130,33,125,46,53,39"/><T48/><D110/><U8/><E35/><V98/><F107/><W50/><G33/><T32/><D132/><U5/><E115/><V38/><F38/><W91/><G26/><T17/><D114/><U56/><E134/><V64/><F106/><W118/><G91/><T4/><D69/><U74/><E71/><V55/><F64/><W42/><G109/><T11/><D131/><U27/><E66/><V2/><F67/><W135/><G135/><T88/><D116/><N who="3" m="44585" /><G130/><T128/><D128/><U49/><E27/><V89/><F2/><W70/><G70/><T117/><D117/><U25/><E25/><V60/><REACH who="2" step="1"/><F102/><REACH who="2" ten="348,13,196,433" step="2"/><W79/><G121/><T7/><D7/><U108/><E108/><V84/><AGARI ba="2,1" hai="9,12,18,21,22,55,59,60,76,83,84,89,92,98" machi="84" ten="20,8000,1" yaku="1,1,2,1,0,1,7,1,8,1,53,0" doraHai="112" doraHaiUra="68" who="2" fromWho="2" sc="348,-42,13,-22,196,96,433,-22" owari="306,11.0,-9,-51.0,292,-11.0,411,51.0" /></mjloggm>