<mjloggm ver="2.3"><GO type="97" lobby="0"/><UN n0="%6B%61%7A%61%30%32" n1="%E3%81%95%E3%81%8B%E3%81%95%E3%81%BE%E3%82%A8%E3%83%9E%E3%83%8E%E3%83%B3" n2="%E8%99%8E%E6%96%91%E6%9C%A8%E8%8F%9F" n3="%E3%83%88%E3%83%88%E3%83%AA%E5%85%88%E7%94%9F%31%39%E6%AD%B3" dan="13,14,15,14" rate="1847.46,1983.95,1927.95,2015.58" sx="M,M,M,F"/><TAIKYOKU oya="0"/><INIT seed="0,0,0,2,1,86" ten="250,250,250,250" oya="0" hai0="91,129,26,5,65,104,6,7,64,30,12,82,48" hai1="44,22,101,56,32,52,76,46,54,19,39,94,109" hai2="36,4,43,37,114,105,90,11,15,23,100,103,110" hai3="121,99,95,89,87,14,63,24,93,85,123,135,67"/><T113/><D104/><U79/><E32/><V119/><F114/><W92/><G135/><T116/><D129/><U47/><E109/><V61/><F110/><W75/><G75/><T73/><D116/><U81/><E39/><V51/><F119/><W2/><G2/><T17/><D113/><U20/><E20/><V68/><F23/><W28/><G14/><T118/><D118/><U84/><E76/><V66/><F90/><W71/><G87/><N who="0" m="50679" /><D73/><U122/><E122/><N who="3" m="46602" /><G99/><T70/><D70/><U126/><E126/><V72/><F72/><W29/><G29/><T8/><D26/><N who="1" m="14687" /><E56/><V58/><F105/><W125/><G125/><T38/><D38/><U41/><E41/><V83/><F83/><W35/><AGARI ba="0,0" hai="24,28,35,63,67,71,85,89,92,93,95" m="46602" machi="35" ten="30,2000,0" yaku="13,1,52,1" doraHai="86" who="3" fromWho="3" sc="250,-10,250,-5,250,-5,250,20" /><INIT seed="1,0,0,2,5,91" ten="240,245,245,270" oya="1" hai0="86,30,124,95,106,66,126,70,24,69,56,38,20" hai1="63,102,17,14,121,64,111,49,35,42,81,82,60" hai2="47,71,108,100,41,11,55,51,18,9,110,28,78" hai3="59,52,31,45,62,99,8,65,116,21,80,67,130"/><U58/><E121/><V50/><F71/><W109/><G109/><N who="2" m="42089" /><F28/><W37/><G130/><T105/><D38/><U3/><E3/><V107/><F78/><W114/><G114/><T29/><D29/><U2/><E2/><V1/><F1/><W90/><G116/><T57/><D57/><U26/><E111/><V13/><F107/><W88/><G37/><T76/><D56/><U0/><E0/><V39/><F100/><W36/><G36/><T33/><D70/><U132/><E132/><V22/><F39/><W129/><G129/><T117/><D117/><U74/><E102/><V25/><F25/><N who="3" m="16815" /><G8/><T104/><D20/><U72/><E72/><V23/><F9/><W48/><G90/><T97/><D86/><U93/><E26/><V113/><F113/><W101/><G101/><T16/><D76/><U96/><E74/><V112/><F112/><W5/><G5/><T46/><D16/><U85/><E35/><V53/><F41/><N who="3" m="24623" /><G80/><T103/><REACH who="0" step="1"/><D46/><AGARI ba="0,0" hai="11,13,18,22,23,46,47,50,51,53,55" m="42089" machi="46" ten="30,1000,0" yaku="14,1" doraHai="91" who="2" fromWho="0" sc="240,-10,245,0,245,10,270,0" /><INIT seed="2,0,0,4,3,114" ten="230,245,255,270" oya="2" hai0="121,38,32,12,80,74,98,81,65,115,96,58,77" hai1="89,60,47,118,100,63,133,107,76,53,106,127,49" hai2="130,26,36,109,117,131,88,15,11,59,52,71,68" hai3="55,82,73,69,37,21,24,23,16,94,105,19,90"/><V7/><F117/><W104/><G69/><T43/><D32/><U5/><E118/><V129/><F36/><W44/><G82/><T83/><D83/><U25/><E76/><V48/><F109/><W120/><G73/><T134/><D115/><U64/><E89/><V17/><REACH who="2" step="1"/><F88/><REACH who="2" ten="230,245,245,270" step="2"/><W42/><G120/><T67/><D121/><U51/><E100/><V72/><F72/><W95/><G90/><T1/><D38/><U84/><E127/><V41/><F41/><W6/><G42/><T20/><D43/><U103/><E84/><V79/><F79/><W56/><G37/><T125/><D77/><U3/><E103/><V112/><F112/><W87/><G87/><T86/><D74/><U61/><E133/><V46/><F46/><W29/><G44/><T57/><D86/><U111/><E47/><V119/><F119/><W128/><G128/><T132/><D134/><U113/><E111/><V70/><F70/><W92/><G56/><T34/><D132/><U18/><E113/><V27/><F27/><W85/><G24/><T93/><D125/><U14/><E25/><V50/><F50/><W30/><G85/><T91/><D91/><U102/><E49/><V13/><F13/><W116/><G116/><T99/><D93/><U110/><E51/><V2/><F2/><W123/><G94/><T22/><D1/><U0/><E3/><V9/><F9/><W135/><G123/><T54/><D96/><U108/><E0/><V39/><F39/><W35/><G135/><T101/><D101/><U62/><E108/><V8/><F8/><W66/><G92/><RYUUKYOKU ba="0,1" sc="230,-10,245,-10,245,30,270,-10" hai2="7,11,15,17,26,48,52,59,68,71,129,130,131" /><INIT seed="2,1,1,4,3,30" ten="220,235,275,260" oya="2" hai0="77,61,91,47,104,8,102,51,57,5,82,112,79" hai1="81,78,1,58,52,65,71,49,55,21,46,76,124" hai2="43,22,120,14,108,113,92,16,38,0,12,40,53" hai3="2,27,63,10,132,126,109,36,89,128,119,95,23"/><V39/><F113/><W87/><G119/><T114/><D104/><U69/><E124/><V7/><F120/><W67/><G36/><T4/><D102/><U99/><E1/><V86/><F108/><W44/><G109/><T37/><D37/><U18/><E99/><V48/><F0/><W134/><G126/><T125/><D125/><U73/><E76/><V64/><F64/><W117/><G117/><T59/><D112/><U107/><E107/><V24/><F39/><W75/><G75/><T106/><D106/><U34/><E65/><V68/><F68/><W103/><G128/><T80/><D114/><U84/><E73/><V98/><F86/><W9/><G44/><T35/><D35/><U15/><REACH who="1" step="1"/><E34/><REACH who="1" ten="220,225,275,260" step="2"/><V129/><F129/><W32/><G32/><T56/><D79/><U93/><E93/><V50/><F98/><W116/><G116/><T88/><D77/><U97/><E97/><V96/><F96/><W54/><G103/><T33/><D33/><U74/><E74/><V130/><F130/><W101/><G101/><T135/><D135/><N who="3" m="51753" /><G2/><T17/><D80/><U133/><E133/><V19/><F92/><W90/><G67/><T72/><D82/><U29/><E29/><V70/><F70/><W131/><G131/><T100/><D72/><U115/><E115/><V28/><F28/><N who="3" m="17535" /><G90/><N who="0" m="34347" /><D100/><U11/><E11/><V41/><F38/><W83/><G83/><T45/><D61/><AGARI ba="1,2" hai="15,18,21,46,49,52,55,58,61,69,71,78,81,84" machi="61" ten="30,3900,0" yaku="1,1,7,1,54,1,53,0" doraHai="30" doraHaiUra="94" who="1" fromWho="0" sc="220,-42,225,62,275,0,260,0" /><INIT seed="3,0,0,4,4,24" ten="178,287,275,260" oya="3" hai0="13,11,96,129,43,52,119,118,94,41,81,91,78" hai1="103,0,90,46,105,89,99,40,30,87,133,8,92" hai2="15,95,69,10,63,17,33,48,113,57,116,45,101" hai3="25,126,32,35,60,102,115,51,108,131,14,130,27"/><W109/><G115/><T135/><D135/><U4/><E133/><V80/><F113/><W9/><G126/><T111/><D111/><N who="3" m="42569" /><G102/><T55/><D129/><N who="3" m="49161" /><G51/><T21/><D118/><U6/><E6/><V64/><F116/><W22/><G60/><T5/><D119/><U120/><E120/><V49/><F33/><N who="3" m="12875" /><G22/><T26/><D43/><U72/><E103/><V2/><F2/><W37/><G37/><T42/><D42/><U7/><E0/><V47/><F69/><W112/><G112/><T104/><D104/><U54/><E40/><V38/><F38/><W66/><G66/><T67/><D41/><U82/><E105/><V1/><F1/><W62/><G62/><T19/><REACH who="0" step="1"/><D67/><REACH who="0" ten="168,287,275,260" step="2"/><U58/><E4/><AGARI ba="0,1" hai="4,9,14,25,27" m="12875,49161,42569" machi="4" ten="40,12000,1" yaku="14,1,10,1,19,1,34,2" doraHai="24" who="3" fromWho="1" sc="168,0,287,-120,275,0,260,130" owari="168,-23.0,167,-33.0,275,8.0,390,48.0" /></mjloggm>