<mjloggm ver="2.3"><GO type="97" lobby="0"/><UN n0="%39%39%39" n1="%E3%83%88%E3%83%88%E3%83%AA%E5%85%88%E7%94%9F%31%39%E6%AD%B3" n2="%E7%B6%BA%E5%A0%82%E2%98%86%E6%99%BA%E4%B9%85" n3="%74%68%79%6D%65%2E" dan="15,13,13,15" rate="2063.47,2023.96,1882.99,2043.37" sx="F,F,M,F"/><TAIKYOKU oya="0"/><INIT seed="0,0,0,0,3,6" ten="250,250,250,250" oya="0" hai0="30,52,101,4,90,135,75,77,24,26,39,87,79" hai1="11,114,47,14,84,8,78,9,62,68,37,124,85" hai2="16,112,63,81,117,38,91,82,55,5,31,104,10" hai3="19,17,50,120,53,108,94,96,64,100,102,18,133"/><T74/><D135/><U70/><E124/><V99/><F104/><W69/><G133/><T13/><D39/><U67/><E68/><V51/><F38/><W113/><G113/><T0/><D0/><U20/><E114/><V134/><F134/><W65/><G108/><T131/><D101/><U130/><E130/><V129/><F112/><W128/><G128/><T33/><D131/><U123/><E123/><V28/><F129/><W22/><G120/><T49/><D74/><U56/><E70/><V132/><F132/><W86/><G102/><T32/><D75/><U115/><E115/><V40/><F63/><W119/><G119/><T57/><D33/><U61/><E61/><V15/><F40/><W121/><G69/><T3/><D3/><U1/><E1/><N who="2" m="303" /><F117/><W35/><G35/><T25/><D30/><U116/><E116/><V2/><F2/><W106/><G121/><T41/><D41/><U36/><E47/><N who="2" m="28159" /><F99/><W7/><G7/><T89/><D32/><U59/><E59/><V122/><F122/><W42/><G42/><T27/><N who="0" m="6144" /><DORA hai="92" /><T97/><D97/><U125/><E37/><V23/><F81/><W98/><G86/><N who="1" m="33386" /><E36/><V76/><F76/><N who="0" m="29258" /><D87/><U109/><E78/><V60/><F60/><W105/><G22/><T83/><D83/><U34/><E34/><V44/><F44/><N who="3" m="27847" /><G106/><T110/><D110/><U95/><E109/><V66/><F66/><N who="3" m="25707" /><G105/><T48/><D48/><U12/><E20/><V21/><F23/><W80/><G80/><T127/><D127/><U93/><E125/><V29/><F82/><W43/><G43/><T58/><D58/><RYUUKYOKU ba="0,0" sc="250,0,250,0,250,0,250,0" hai0="4,13,49,52,57,89,90" hai1="8,9,11,12,14,56,62,67,93,95" hai2="15,16,21,28,29,31,91" hai3="17,18,19,94,96,98,100" /><INIT seed="0,1,0,1,5,124" ten="250,250,250,250" oya="0" hai0="123,17,135,90,67,83,36,1,22,117,108,13,54" hai1="133,88,56,126,60,112,46,18,61,63,100,76,98" hai2="58,49,14,41,24,121,103,70,19,10,57,89,35" hai3="47,51,119,94,66,85,77,39,64,29,95,7,25"/><T111/><D117/><U107/><E126/><V32/><F70/><W84/><G39/><T30/><D123/><U127/><E127/><V48/><F121/><W45/><G7/><T43/><D135/><U82/><E133/><V11/><F35/><W78/><G119/><T42/><D1/><U129/><E112/><V125/><F32/><W101/><G51/><N who="2" m="19529" /><F125/><W59/><G59/><N who="2" m="22537" /><F103/><W2/><G2/><T109/><D67/><U131/><E46/><V74/><F41/><W37/><G37/><T128/><D54/><U16/><E88/><V15/><F74/><W21/><G21/><T134/><D134/><U50/><E50/><V9/><F89/><W12/><G12/><N who="2" m="4649" /><F24/><W55/><G55/><T97/><D30/><U23/><E56/><V28/><F28/><W0/><G0/><T62/><D62/><U116/><E116/><V93/><F93/><W69/><G69/><T104/><D104/><U71/><E71/><V34/><F34/><W53/><G53/><T27/><D27/><U130/><E23/><V105/><F105/><W114/><G25/><T3/><D3/><U73/><AGARI ba="1,0" hai="16,18,60,61,63,73,76,82,98,100,107,129,130,131" machi="73" ten="40,12000,2" yaku="0,1,19,1,52,3,54,1" doraHai="124" who="1" fromWho="1" sc="250,-61,250,123,250,-31,250,-31" /><INIT seed="1,0,0,3,2,106" ten="189,373,219,219" oya="1" hai0="73,134,123,131,92,68,43,11,59,91,49,62,22" hai1="89,10,115,18,122,26,12,2,112,85,133,78,20" hai2="16,84,30,74,100,67,19,65,29,51,4,120,129" hai3="28,111,108,124,36,58,86,15,118,34,31,80,102"/><U69/><E122/><V53/><F74/><W119/><G36/><T104/><D134/><U61/><E133/><V1/><F120/><W98/><G124/><T56/><D131/><U88/><E2/><V130/><F1/><W33/><G58/><T7/><D123/><U109/><E109/><N who="3" m="42058" /><G15/><T70/><D104/><U107/><E107/><V114/><F4/><W90/><G98/><T117/><D117/><N who="3" m="44553" /><G102/><T96/><D22/><U9/><E9/><V40/><F114/><W13/><G13/><T6/><D6/><U66/><E112/><V93/><F100/><W14/><G14/><T113/><D113/><U41/><E115/><V38/><F38/><W52/><G52/><T57/><D62/><U5/><E41/><V63/><F40/><W55/><G55/><T77/><D11/><U110/><E110/><V126/><F126/><W94/><G94/><T60/><D7/><U47/><E47/><V125/><F125/><W17/><G17/><N who="2" m="6729" /><F130/><W46/><G46/><T23/><D23/><U50/><E50/><V82/><F129/><W8/><G8/><T121/><D121/><U45/><E45/><N who="2" m="27887" /><F93/><W21/><G21/><T95/><D95/><U24/><E24/><V72/><F72/><W79/><G90/><T101/><D91/><U39/><E39/><V99/><F99/><W48/><G48/><T54/><D60/><U105/><E105/><V103/><F103/><W0/><G0/><T37/><D37/><U87/><E89/><N who="2" m="51351" /><F63/><W127/><G127/><T132/><D43/><U128/><E128/><V71/><F71/><N who="0" m="27178" /><D132/><U44/><E69/><V76/><F76/><RYUUKYOKU ba="0,0" sc="189,10,373,-30,219,10,219,10" hai0="49,54,56,57,59,73,77,92,96,101" hai2="29,30,65,67" hai3="28,31,33,34,79,80,86" /><INIT seed="2,1,0,3,2,91" ten="199,343,229,229" oya="2" hai0="101,3,25,108,43,122,23,89,114,42,7,72,125" hai1="121,71,34,70,49,115,15,14,95,99,92,44,1" hai2="124,68,93,27,24,40,51,132,6,103,55,33,47" hai3="76,56,50,48,13,20,134,104,111,78,129,82,90"/><V36/><F68/><W26/><G104/><T52/><D122/><U30/><E115/><V81/><F132/><W96/><G111/><T85/><D114/><U4/><E1/><V131/><F33/><W10/><G134/><T94/><D108/><U65/><E121/><V117/><F117/><W86/><G129/><T60/><D125/><U21/><E34/><V84/><F124/><W109/><G109/><T69/><D72/><U133/><E133/><V32/><F32/><W18/><G56/><T57/><D101/><U12/><E70/><V118/><F118/><W88/><G90/><T31/><REACH who="0" step="1"/><D69/><REACH who="0" ten="189,343,229,229" step="2"/><U106/><E71/><V19/><F103/><W45/><G96/><T130/><D130/><U0/><E99/><V126/><F131/><W9/><G9/><AGARI ba="1,1" hai="3,7,9,23,25,31,42,43,52,57,60,85,89,94" machi="9" ten="40,8000,1" yaku="1,1,52,1,54,1,53,1" doraHai="91" doraHaiUra="87" who="0" fromWho="3" sc="189,93,343,0,229,0,229,-83" /><INIT seed="3,0,0,3,2,132" ten="282,343,229,146" oya="3" hai0="49,81,96,47,109,22,104,40,99,89,41,92,90" hai1="57,31,93,116,20,48,59,103,24,19,73,126,71" hai2="101,35,110,87,75,70,123,42,65,3,8,133,76" hai3="5,111,29,36,58,102,69,77,94,6,38,25,52"/><W117/><G69/><T105/><D109/><U10/><E126/><V98/><F110/><W86/><G111/><T127/><D127/><U37/><E37/><V128/><F128/><W28/><G117/><T130/><D130/><U79/><E71/><V0/><F42/><W45/><G38/><T121/><D121/><U63/><E116/><V23/><F123/><W107/><G107/><T118/><D118/><U7/><E73/><V13/><F133/><W134/><G134/><T129/><D129/><U122/><E122/><V17/><F35/><W82/><G36/><T1/><D1/><U14/><E79/><V26/><F87/><W83/><G45/><T108/><D108/><U54/><E93/><V106/><F75/><W62/><G83/><T131/><D131/><U112/><E103/><V44/><F44/><W84/><G28/><T27/><D104/><U46/><E112/><V124/><F124/><W68/><G68/><T119/><D105/><U120/><E120/><V50/><F76/><W11/><G11/><T113/><D119/><U88/><E88/><V100/><F101/><W61/><G61/><T30/><D113/><U135/><E135/><V125/><F125/><W85/><G85/><T97/><D41/><N who="1" m="24655" /><E59/><V64/><F70/><W51/><G51/><T114/><D114/><U95/><E95/><V80/><F80/><W60/><G60/><T18/><D30/><AGARI ba="0,0" hai="7,10,14,19,20,24,30,31,54,57,63" m="24655" machi="30" ten="30,1000,0" yaku="8,1" doraHai="132" who="1" fromWho="0" sc="282,-10,343,10,229,0,146,0" owari="272,7.0,353,45.0,229,-17.0,146,-35.0" /></mjloggm>