<mjloggm ver="2.3"><GO type="97" lobby="0"/><UN n0="%E5%B0%B1%E6%B4%BB%E7%94%9F%40%E5%B7%9D%E6%9D%91%E8%BB%8D%E5%9B%A3" n1="%6D%31%38%33%34" n2="%E5%B7%9D%E6%9D%91%E8%BB%8D%E5%9B%A3%E8%BB%8D%E6%9D%91%E5%B7%9D" n3="%E3%81%B5%E3%81%86%E3%81%8C%E2%99%AA" dan="15,14,14,17" rate="2048.75,1936.08,1950.49,2100.51" sx="M,M,F,M"/><TAIKYOKU oya="0"/><INIT seed="0,0,0,5,1,34" ten="250,250,250,250" oya="0" hai0="86,13,73,7,77,94,91,119,50,127,67,46,3" hai1="95,107,110,32,98,40,27,2,103,89,75,112,45" hai2="134,51,85,5,108,84,80,135,56,17,47,36,126" hai3="104,123,118,71,6,15,18,111,120,0,65,106,54"/><T133/><D119/><U37/><E112/><V115/><F115/><W64/><G118/><T66/><D133/><U29/><E110/><V28/><F36/><W30/><G30/><T90/><D127/><U82/><E89/><V72/><F108/><W105/><G111/><T79/><D3/><U35/><E95/><V11/><F126/><W132/><G132/><N who="2" m="50729" /><F72/><W55/><G6/><T10/><D90/><U49/><E49/><V52/><F28/><W60/><G0/><T12/><D12/><U9/><E35/><V20/><F80/><W131/><G131/><T122/><D122/><N who="3" m="46633" /><G65/><N who="0" m="24587" /><D73/><U57/><E57/><V53/><F53/><AGARI ba="0,0" hai="7,10,13,46,50,53,77,79,86,91,94" m="24587" machi="53" ten="30,1500,0" yaku="8,1" doraHai="34" who="0" fromWho="2" sc="250,15,250,0,250,-15,250,0" /><INIT seed="0,1,0,1,3,16" ten="265,250,235,250" oya="0" hai0="44,40,126,115,97,104,21,65,42,2,125,7,70" hai1="28,77,92,73,20,48,83,4,93,57,17,85,5" hai2="56,81,74,58,96,133,0,67,39,25,23,68,15" hai3="29,10,108,38,122,107,62,103,123,119,82,55,50"/><T66/><D115/><U111/><E111/><V86/><F0/><W9/><G119/><T71/><D2/><U110/><E110/><V79/><F39/><W114/><G114/><T113/><D7/><U45/><E28/><V24/><F74/><W64/><G38/><N who="0" m="21527" /><D113/><U128/><E128/><V102/><F68/><N who="0" m="26154" /><D97/><U109/><E109/><V132/><F67/><N who="0" m="25610" /><D104/><U127/><E127/><N who="0" m="48649" /><D21/><U34/><E34/><V95/><F15/><W60/><G108/><T124/><N who="0" m="48657" /><T72/><DORA hai="41" /><D72/><U12/><E57/><V46/><F25/><W30/><G107/><T118/><D42/><N who="1" m="24631" /><E73/><V116/><F116/><AGARI ba="1,0" hai="116,118" m="48657,25610,26154,21527" machi="116" ten="50,12000,1" yaku="18,1,34,2,52,1" doraHai="16,41" who="0" fromWho="2" sc="265,123,250,0,235,-123,250,0" /><INIT seed="0,2,0,2,3,44" ten="388,250,112,250" oya="0" hai0="50,135,115,23,112,88,80,129,127,107,32,21,14" hai1="19,65,77,84,45,89,134,118,87,24,67,100,95" hai2="30,46,63,35,38,2,40,96,70,11,36,54,119" hai3="78,1,39,16,75,6,102,25,101,53,60,37,43"/><T20/><D32/><U93/><E118/><V22/><F119/><W122/><G122/><T26/><D107/><U0/><E0/><V123/><F123/><W18/><G1/><T4/><D127/><U42/><E134/><V125/><F125/><W34/><G6/><T48/><D135/><U91/><E77/><V121/><F121/><W79/><G60/><T49/><D129/><U15/><E24/><V64/><F96/><W52/><G25/><T62/><D62/><U126/><E100/><V116/><F116/><W76/><G34/><T3/><D3/><U29/><E29/><V69/><F22/><W109/><G79/><T86/><REACH who="0" step="1"/><D26/><REACH who="0" ten="378,250,112,250" step="2"/><U130/><E126/><V27/><F2/><W97/><G109/><T99/><D99/><U72/><E130/><V7/><F35/><W5/><G97/><T92/><D92/><U12/><E72/><V28/><F27/><W10/><G75/><T56/><D56/><U13/><REACH who="1" step="1"/><E19/><REACH who="1" ten="378,240,112,250" step="2"/><V47/><F7/><W74/><G74/><T133/><D133/><U104/><E104/><V90/><F38/><AGARI ba="2,2" hai="12,13,15,38,42,45,65,67,84,87,89,91,93,95" machi="38" ten="40,5200,0" yaku="1,1,9,1,53,1" doraHai="44" doraHaiUra="41" who="1" fromWho="2" sc="378,0,240,78,112,-58,250,0" /><INIT seed="1,0,0,0,2,52" ten="378,318,54,250" oya="1" hai0="19,21,91,133,122,73,63,3,128,24,84,70,5" hai1="99,108,100,50,58,34,53,89,94,44,83,120,13" hai2="46,42,2,30,27,109,29,85,112,41,14,39,28" hai3="72,66,11,49,131,116,121,88,18,92,17,107,87"/><U10/><E34/><V15/><F109/><W64/><G121/><T74/><D122/><U54/><E120/><V86/><F2/><W118/><G72/><T22/><D128/><U123/><E123/><V75/><F75/><W82/><G107/><T115/><D115/><U61/><E108/><V56/><F112/><W117/><G131/><T106/><D106/><U57/><E83/><V96/><F96/><N who="3" m="57351" /><G49/><T16/><D133/><U98/><E44/><V114/><F114/><W43/><G43/><N who="2" m="16393" /><F39/><W78/><G11/><T31/><D31/><N who="2" m="7938" /><V48/><DORA hai="102" /><F27/><W26/><G26/><T119/><D119/><U124/><E124/><V134/><F134/><W69/><G69/><T90/><D3/><U127/><E127/><V68/><F68/><W65/><AGARI ba="0,0" hai="17,18,64,65,66,78,82,87,116,117,118" m="57351" machi="65" ten="40,2700,0" yaku="12,1,54,1" doraHai="52,102" who="3" fromWho="3" sc="378,-7,318,-13,54,-7,250,27" /><INIT seed="2,0,0,5,0,111" ten="371,305,47,277" oya="2" hai0="113,8,84,76,20,53,103,1,97,44,104,34,87" hai1="14,89,135,38,130,46,93,127,55,66,18,17,106" hai2="5,63,50,91,85,119,74,28,56,133,117,64,100" hai3="90,40,45,31,4,67,78,16,128,25,9,36,10"/><V54/><F74/><W131/><G78/><T96/><D113/><U7/><E106/><V42/><F133/><W32/><G67/><T99/><D34/><U61/><E135/><V86/><F100/><W19/><G90/><T21/><D104/><U47/><E130/><N who="3" m="49706" /><G10/><T48/><D103/><U92/><E127/><V37/><F28/><W83/><G83/><N who="0" m="47207" /><D1/><AGARI ba="0,0" hai="1,4,9,16,19,25,31,32,36,40,45" m="49706" machi="1" ten="30,2000,0" yaku="19,1,54,1" doraHai="111" who="3" fromWho="0" sc="371,-20,305,0,47,0,277,20" /><INIT seed="3,0,0,2,2,38" ten="351,305,47,297" oya="3" hai0="50,90,122,14,111,20,68,34,128,61,118,123,39" hai1="27,121,49,7,13,129,28,124,88,79,135,63,48" hai2="96,6,93,91,114,47,105,0,23,60,36,134,54" hai3="108,131,15,103,84,32,132,55,94,89,133,99,87"/><W4/><G32/><T33/><D39/><U74/><E121/><V107/><F6/><W10/><G131/><T109/><D118/><U72/><E129/><V41/><F23/><W113/><G113/><T21/><D128/><U106/><E106/><V95/><F60/><W115/><G115/><T58/><D68/><U112/><E112/><V53/><F0/><W8/><G8/><T11/><D50/><U65/><E135/><V12/><F12/><W2/><G2/><T125/><D90/><U102/><E102/><V66/><F66/><W25/><G25/><T126/><D58/><U71/><E124/><N who="0" m="47721" /><D61/><U24/><E24/><V119/><F134/><N who="3" m="51819" /><G108/><N who="0" m="41547" /><D21/><U78/><E13/><V56/><F119/><W117/><G117/><T9/><D20/><U16/><E7/><V98/><F114/><W127/><G127/><T3/><D3/><U101/><E101/><V19/><F19/><W82/><G84/><T104/><D104/><U42/><E42/><V1/><F1/><W43/><G55/><T70/><D70/><U35/><E16/><V18/><F18/><W31/><G31/><T120/><D11/><U69/><E69/><V92/><F56/><W110/><G110/><T52/><D52/><U44/><E44/><V97/><F91/><W81/><G81/><T116/><D116/><U77/><E88/><V64/><F64/><W75/><G75/><T51/><D51/><U62/><E62/><V22/><F22/><W59/><G59/><T29/><D29/><U73/><AGARI ba="0,0" hai="27,28,35,48,49,63,65,71,72,73,74,77,78,79" machi="73" ten="40,1500,0" yaku="0,1" doraHai="38" who="1" fromWho="1" sc="351,-4,305,15,47,-4,297,-7" owari="347,45.0,320,12.0,43,-46.0,290,-11.0" /></mjloggm>