<mjloggm ver="2.3"><GO type="169" lobby="0"/><UN n0="%E3%82%A8%E3%83%83%E3%83%95%E3%82%A7%E3%83%AB%E5%A1%94" n1="%E6%A4%8D%E9%87%8E" n2="%E5%B0%B1%E6%B4%BB%E7%94%9F%40%E5%B7%9D%E6%9D%91%E8%BB%8D%E5%9B%A3" n3="%E3%83%AD%E3%83%83%E3%83%86%E9%9B%80%E7%90%83" dan="16,17,16,17" rate="2095.85,2143.51,2113.11,2179.87" sx="M,M,M,M"/><TAIKYOKU oya="0"/><INIT seed="0,0,0,2,0,132" ten="250,250,250,250" oya="0" hai0="82,18,90,51,120,30,133,67,86,3,88,9,1" hai1="28,102,27,114,98,74,2,25,107,93,6,47,57" hai2="31,65,49,59,116,21,13,126,43,12,95,44,70" hai3="108,8,58,135,73,109,127,77,61,124,14,55,26"/><T23/><D133/><U64/><E114/><V22/><F116/><W46/><G135/><T20/><D120/><U33/><E74/><V32/><F32/><W45/><G26/><T68/><D30/><U5/><E2/><V17/><F70/><W85/><G73/><T87/><D9/><U60/><E47/><N who="3" m="17930" /><G85/><T78/><D51/><U105/><E27/><V83/><F83/><W50/><G50/><T72/><D72/><U81/><E81/><V123/><F123/><W40/><G77/><T115/><D115/><U111/><E111/><N who="3" m="42570" /><G40/><T15/><D23/><U56/><E107/><V103/><F31/><W79/><G79/><T7/><D7/><AGARI ba="0,0" hai="7,8,14,55,58,61,124,127" m="42570,17930" machi="7" ten="30,3900,0" yaku="14,1,52,2" doraHai="132" who="3" fromWho="0" sc="250,-39,250,0,250,0,250,39" /><INIT seed="1,0,0,5,2,99" ten="211,250,250,289" oya="1" hai0="114,58,77,105,11,26,64,12,95,124,27,134,65" hai1="80,22,106,119,93,67,103,71,109,92,19,112,84" hai2="130,60,127,100,107,33,50,14,68,76,82,31,118" hai3="40,72,73,6,78,38,28,75,66,48,23,97,57"/><U49/><E112/><V74/><F118/><W13/><G78/><T70/><D105/><U129/><E119/><V35/><F130/><W1/><G38/><T56/><D114/><U5/><E5/><V36/><F50/><W42/><G1/><T39/><D39/><U125/><E129/><V15/><F127/><W117/><G117/><T51/><D124/><U32/><E32/><V4/><F4/><W10/><G97/><T96/><D77/><U21/><E125/><V55/><F36/><W18/><G28/><T62/><D134/><U3/><E3/><V86/><F86/><W115/><G115/><T44/><D70/><U85/><E22/><V9/><F55/><W59/><G66/><T104/><D104/><U81/><E49/><V87/><F74/><W94/><G94/><T30/><D30/><U122/><E122/><V120/><F120/><W101/><G101/><N who="0" m="60575" /><D58/><U16/><E71/><V108/><F100/><W90/><G90/><T123/><D65/><U69/><E69/><V52/><F68/><W79/><G79/><T121/><D121/><U47/><E67/><V83/><F107/><W126/><G126/><T132/><D123/><U116/><E106/><V111/><F31/><W8/><G59/><T45/><D132/><U20/><E116/><V2/><F83/><W17/><G57/><T98/><D98/><U113/><E113/><V128/><F128/><W110/><G73/><T133/><D133/><U34/><E34/><V29/><F35/><W91/><G75/><T54/><D45/><U89/><E47/><V131/><F33/><W135/><G135/><RYUUKYOKU ba="0,0" sc="211,30,250,-10,250,-10,289,-10" hai0="11,12,26,27,44,51,54,56,62,64" /><INIT seed="2,1,0,3,1,131" ten="241,240,240,279" oya="2" hai0="74,78,89,118,52,125,54,93,117,2,18,104,83" hai1="127,97,133,101,43,114,58,16,6,80,9,119,23" hai2="108,42,99,107,110,95,25,116,36,32,14,34,70" hai3="98,115,126,86,48,91,120,71,90,76,40,56,17"/><V24/><F116/><N who="0" m="44650" /><D104/><U122/><E119/><V73/><F70/><W38/><G120/><T103/><D103/><U100/><E114/><V20/><F73/><W49/><G126/><T22/><D2/><U134/><E127/><V121/><F121/><W28/><G71/><T15/><D125/><U65/><E122/><V39/><F107/><W33/><G17/><T57/><D57/><U47/><E80/><V96/><F14/><W37/><G98/><AGARI ba="1,0" hai="15,18,22,52,54,74,78,83,89,93,98" m="44650" machi="98" ten="30,2000,0" yaku="12,1,54,1" doraHai="131" who="0" fromWho="3" sc="241,23,240,0,240,0,279,-23" /><INIT seed="3,0,0,1,2,105" ten="264,240,240,256" oya="3" hai0="22,40,87,81,100,103,114,26,1,102,109,55,130" hai1="67,28,32,129,36,65,98,123,18,83,60,6,35" hai2="90,74,115,51,113,7,20,111,16,122,56,0,84" hai3="86,69,112,127,59,89,3,124,52,66,8,33,76"/><W44/><G112/><T99/><D114/><U133/><E123/><V43/><F122/><W80/><G33/><T125/><D1/><U34/><E36/><V11/><F111/><W101/><G101/><T120/><D120/><U48/><E28/><V31/><F31/><W5/><G44/><T88/><D109/><U128/><E6/><V54/><F43/><W119/><G119/><T25/><D125/><N who="3" m="48201" /><G69/><T135/><D135/><U106/><E133/><V134/><F134/><W104/><G104/><T79/><D130/><N who="1" m="50283" /><E48/><V53/><F53/><W49/><G66/><T46/><D55/><U29/><E29/><V23/><F74/><W30/><G30/><T45/><D40/><U15/><E83/><V64/><F64/><W71/><G71/><T91/><D26/><U118/><E118/><V97/><F97/><W93/><G93/><N who="0" m="56743" /><D79/><AGARI ba="0,0" hai="3,5,8,49,52,59,76,79,80,86,89" m="48201" machi="79" ten="30,2900,0" yaku="18,1,54,1" doraHai="105" who="3" fromWho="0" sc="264,-29,240,0,240,0,256,29" /><INIT seed="3,1,0,3,3,36" ten="235,240,240,285" oya="3" hai0="88,29,109,45,70,60,127,85,124,52,19,62,125" hai1="114,93,79,84,78,82,33,86,3,53,5,34,80" hai2="9,2,94,32,15,135,58,113,43,112,22,12,90" hai3="95,96,126,119,66,100,51,87,64,99,44,17,105"/><W115/><G115/><T30/><D109/><U76/><E114/><V25/><F135/><W10/><G119/><T23/><D70/><U37/><E37/><V13/><F32/><W27/><G126/><T61/><D45/><U121/><E121/><V92/><F92/><W24/><G87/><T81/><REACH who="0" step="1"/><D52/><REACH who="0" ten="225,240,240,285" step="2"/><U77/><E53/><V20/><F58/><W46/><G46/><T39/><D39/><U104/><E79/><V97/><F112/><W131/><G66/><T123/><D123/><U65/><E65/><V132/><F113/><W18/><G64/><T49/><D49/><U67/><E67/><V134/><F134/><W47/><G47/><T108/><D108/><U59/><E59/><V26/><F132/><W101/><G51/><T74/><D74/><U120/><E120/><V54/><F54/><W111/><G44/><T16/><D16/><U57/><E57/><V133/><F133/><W35/><G18/><T102/><D102/><U56/><E56/><V73/><F73/><W98/><G101/><T129/><D129/><U14/><E78/><V71/><F71/><W21/><G100/><T69/><D69/><U116/><E77/><V130/><F130/><W83/><G17/><T122/><D122/><U128/><E128/><V11/><F43/><W28/><G131/><T50/><D50/><U42/><E42/><V55/><F55/><W103/><G103/><T118/><D118/><U106/><E116/><V110/><F110/><W75/><G111/><T117/><D117/><U8/><E76/><V38/><F38/><W72/><G72/><T48/><D48/><RYUUKYOKU ba="1,1" sc="225,30,240,-10,240,-10,285,-10" hai0="19,23,29,30,60,61,62,81,85,88,124,125,127" /><INIT seed="4,2,1,2,0,108" ten="255,230,230,275" oya="0" hai0="47,54,105,28,36,22,93,72,97,102,121,83,112" hai1="100,84,55,70,33,9,127,56,67,51,129,38,45" hai2="27,134,79,123,3,16,4,75,125,91,135,109,107" hai3="30,117,24,52,12,44,119,26,63,42,103,116,124"/><T87/><D121/><U122/><E33/><V111/><F107/><W95/><G124/><T11/><D11/><U81/><E122/><V7/><F75/><W113/><G113/><T115/><D72/><U31/><E127/><V57/><F123/><W104/><G104/><T32/><D32/><U82/><E129/><V59/><F79/><W20/><G26/><T0/><D0/><U120/><E100/><V6/><F91/><W15/><G103/><T60/><D105/><U126/><E31/><V98/><F98/><W62/><G95/><T78/><D60/><N who="1" m="38279" /><E70/><V19/><F125/><W64/><G52/><T35/><D35/><U74/><E38/><V46/><F46/><W53/><G53/><T49/><REACH who="0" step="1"/><D36/><REACH who="0" ten="245,230,230,275" step="2"/><U73/><E73/><V13/><F3/><W88/><G63/><T2/><D2/><U65/><E74/><V131/><F131/><W130/><G130/><T25/><AGARI ba="2,2" hai="22,25,28,47,49,54,78,83,87,93,97,102,112,115" machi="25" ten="30,11700,0" yaku="1,1,0,1,52,2,53,0" doraHai="108" doraHaiUra="86" who="0" fromWho="0" sc="245,143,230,-41,230,-41,275,-41" /><INIT seed="4,3,0,2,0,92" ten="388,189,189,234" oya="0" hai0="40,103,26,129,11,10,87,95,112,120,107,90,133" hai1="118,99,6,1,64,57,46,63,41,35,121,50,9" hai2="15,88,80,17,86,8,98,109,79,127,78,72,115" hai3="60,0,82,68,105,28,33,108,54,111,30,65,45"/><T55/><D40/><U110/><E110/><V32/><F109/><W125/><G125/><T116/><D55/><U100/><E121/><V59/><F32/><W44/><G0/><T132/><D26/><U31/><E118/><V81/><F127/><W53/><G82/><T34/><D34/><U14/><E31/><V94/><REACH who="2" step="1"/><F59/><REACH who="2" ten="388,189,179,234" step="2"/><W123/><G33/><T38/><D120/><U12/><REACH who="1" step="1"/><E35/><REACH who="1" ten="388,179,179,234" step="2"/><V122/><F122/><W49/><G123/><T62/><D116/><U104/><AGARI ba="3,2" hai="1,6,9,12,14,41,46,50,57,63,64,99,100,104" machi="104" ten="20,8000,1" yaku="1,1,2,1,0,1,7,1,52,1,53,0" doraHai="92" doraHaiUra="48" who="1" fromWho="1" sc="388,-43,179,109,179,-23,234,-23" /><INIT seed="5,0,0,4,1,41" ten="345,288,156,211" oya="1" hai0="19,103,102,117,55,57,81,129,78,48,69,32,128" hai1="31,133,90,60,110,125,39,33,5,118,17,52,67" hai2="72,119,132,47,2,18,127,59,82,0,109,96,126" hai3="84,120,76,88,68,99,121,100,104,35,116,86,13"/><U27/><E118/><V123/><F109/><W30/><G68/><T124/><D69/><U66/><E110/><V49/><F123/><W107/><G30/><T74/><D117/><U89/><E125/><N who="2" m="47627" /><F119/><W34/><G13/><T135/><D124/><U58/><E133/><V115/><F96/><W62/><G62/><T93/><D135/><U111/><E111/><V36/><F36/><W101/><G116/><T70/><D70/><U80/><E5/><V112/><F132/><W130/><G130/><N who="0" m="50283" /><D32/><U108/><E108/><V95/><F59/><W114/><G114/><N who="2" m="43561" /><F18/><W37/><G37/><T92/><D19/><U11/><E39/><V98/><F82/><W97/><REACH who="3" step="1"/><G76/><REACH who="3" ten="345,288,156,201" step="2"/><T79/><D78/><U61/><E61/><V56/><F72/><W15/><G15/><T91/><D74/><U106/><E31/><V94/><F56/><W46/><G46/><T105/><D79/><U12/><E58/><V122/><F122/><W29/><G29/><T20/><D57/><U64/><E60/><V40/><F98/><W26/><G26/><T65/><D48/><U45/><E27/><V38/><F38/><W4/><G4/><T75/><D75/><U77/><E77/><V3/><AGARI ba="0,1" hai="0,2,3,40,47,49,94,95" m="43561,47627" machi="3" ten="40,8000,1" yaku="18,1,15,1,11,1,52,1" doraHai="41" who="2" fromWho="2" sc="345,-20,288,-40,156,90,201,-20" /><INIT seed="6,0,0,2,3,113" ten="325,248,246,181" oya="2" hai0="75,78,94,50,38,64,112,16,40,107,54,81,83" hai1="23,98,121,102,104,25,74,126,68,72,15,2,80" hai2="36,84,117,66,76,128,28,111,115,5,101,52,6" hai3="29,82,106,119,109,135,120,42,11,57,13,130,87"/><V105/><F36/><W122/><G109/><T71/><D107/><U127/><E2/><V27/><F111/><W21/><G106/><T56/><D112/><U1/><E1/><V4/><F115/><W125/><G125/><N who="1" m="47626" /><E68/><V48/><F66/><W39/><G135/><T34/><D34/><U41/><E121/><V67/><F67/><W31/><G130/><T103/><D83/><U24/><E41/><V97/><F128/><W17/><G57/><T14/><D103/><U47/><E47/><V7/><F117/><W70/><G70/><T22/><D94/><U79/><E74/><V0/><F0/><W96/><G96/><T37/><REACH who="0" step="1"/><D40/><REACH who="0" ten="315,248,246,181" step="2"/><U95/><E104/><V110/><F110/><W93/><G93/><T63/><AGARI ba="0,1" hai="14,16,22,37,38,50,54,56,63,64,71,75,78,81" machi="63" ten="30,7900,0" yaku="1,1,2,1,0,1,54,1,53,0" doraHai="113" doraHaiUra="89" who="0" fromWho="0" sc="315,89,248,-20,246,-39,181,-20" /><INIT seed="7,0,0,3,4,67" ten="404,228,207,161" oya="3" hai0="33,130,123,106,126,1,84,58,3,12,30,83,53" hai1="35,55,16,10,69,88,63,56,99,131,5,133,120" hai2="79,66,132,93,71,4,41,125,48,115,129,91,31" hai3="100,28,36,51,92,86,107,89,85,44,49,101,109"/><W39/><G109/><T9/><D106/><U17/><E120/><V111/><F111/><W108/><G108/><T117/><D117/><U59/><E69/><V21/><F4/><W29/><G107/><T97/><D97/><U2/><E35/><V116/><F116/><W38/><G86/><T50/><D123/><U75/><E75/><V11/><F11/><W7/><G7/><T72/><D72/><U60/><E131/><V90/><F79/><W134/><G134/><T65/><D65/><U15/><E2/><V42/><F115/><W20/><G20/><T54/><D126/><U24/><E24/><V96/><F129/><W112/><G112/><T81/><D81/><U45/><E45/><V61/><F132/><W121/><G121/><T64/><D64/><N who="1" m="38919" /><E133/><V80/><F125/><W73/><G73/><T127/><D127/><U47/><E47/><V76/><F21/><W32/><G32/><T13/><D13/><U19/><E99/><V102/><F31/><W82/><G51/><T113/><D54/><U57/><E57/><V128/><F128/><W52/><REACH who="3" step="1"/><G82/><REACH who="3" ten="404,228,207,151" step="2"/><T70/><D83/><U6/><E6/><V94/><F48/><W105/><G105/><T118/><D113/><U34/><E34/><V77/><F80/><W104/><G104/><T119/><D33/><U40/><E40/><V135/><F135/><W78/><G78/><T62/><D50/><U23/><E23/><V87/><F77/><W110/><G110/><T95/><D84/><U74/><E74/><V0/><F76/><W46/><G46/><T25/><D130/><U8/><E8/><RYUUKYOKU ba="0,1" sc="404,-15,228,15,207,-15,151,15" hai1="5,10,15,16,17,19,55,59,63,88" hai3="28,29,36,38,39,44,49,52,85,89,92,100,101" /><INIT seed="7,1,1,0,2,102" ten="389,243,192,166" oya="3" hai0="13,70,81,12,18,112,117,45,64,128,44,29,33" hai1="21,69,42,31,40,66,74,126,85,78,108,130,39" hai2="37,101,54,11,65,121,97,67,19,63,125,23,87" hai3="2,61,98,16,15,99,20,5,123,4,60,57,76"/><W3/><G123/><T58/><D117/><U48/><E108/><V120/><F37/><W100/><G76/><T34/><D70/><U27/><E74/><V115/><F115/><W124/><G124/><T6/><D6/><U114/><E39/><V8/><F125/><W59/><G100/><T9/><D13/><U14/><E126/><V88/><F54/><N who="3" m="33847" /><G2/><T131/><D81/><N who="1" m="47287" /><E69/><V62/><F97/><N who="3" m="36875" /><G3/><T110/><D110/><U116/><E114/><V77/><F101/><W75/><G75/><T134/><D134/><U127/><E127/><V109/><F77/><W86/><G86/><T22/><D112/><U55/><E66/><AGARI ba="1,1" hai="4,5,15,16,20,59,61,66" m="36875,33847" machi="66" ten="30,2900,0" yaku="8,1,54,1" doraHai="102" who="3" fromWho="1" sc="389,0,243,-32,192,0,166,42" /><INIT seed="7,2,0,3,0,104" ten="389,211,192,208" oya="3" hai0="92,12,51,90,88,24,19,8,68,48,101,2,134" hai1="78,116,30,23,4,33,115,132,110,58,64,27,123" hai2="13,96,82,77,6,17,57,105,31,106,83,35,70" hai3="81,65,38,32,18,16,99,43,93,75,100,119,79"/><W28/><G119/><T7/><D134/><U14/><E110/><V41/><F70/><W131/><G131/><T0/><D68/><U45/><E123/><V120/><F120/><W126/><G126/><T98/><D2/><U113/><E132/><V133/><F133/><W74/><G74/><T71/><D71/><U80/><E116/><V10/><F106/><W127/><G65/><T129/><D129/><U26/><E45/><V130/><F130/><W49/><G38/><T85/><D24/><U52/><E64/><V97/><F105/><W42/><G127/><T66/><D90/><U114/><E14/><N who="2" m="5463" /><F35/><W36/><G36/><T47/><D66/><U1/><E4/><V117/><F31/><W124/><G124/><T109/><D109/><U94/><E1/><V46/><F117/><W112/><G112/><T121/><D121/><U60/><E94/><V61/><F46/><W103/><G103/><T76/><D76/><U87/><E27/><V122/><F41/><N who="3" m="15371" /><G49/><T25/><D47/><U108/><E108/><V55/><F122/><W69/><G69/><T37/><D37/><U59/><E59/><V135/><F135/><W44/><G44/><T73/><D73/><U3/><E3/><V20/><F77/><W21/><G32/><AGARI ba="2,0" hai="23,26,30,32,33,52,58,60,78,80,87,113,114,115" machi="32" ten="40,2600,0" yaku="15,1,54,1" doraHai="104" who="1" fromWho="3" sc="389,0,211,32,192,0,208,-32" owari="389,49.0,243,4.0,192,-21.0,176,-32.0" /></mjloggm>