<mjloggm ver="2.3"><GO type="97" lobby="0"/><UN n0="%E5%B0%B1%E6%B4%BB%E7%94%9F%40%E5%B7%9D%E6%9D%91%E8%BB%8D%E5%9B%A3" n1="%E6%BF%80%E8%BE%9B" n2="%28%C2%B4%E3%83%BB%E3%82%A7%E3%83%BB%EF%BD%80%29%E5%87%B8" n3="%48%65%74%46%69%65%6C%64" dan="15,15,13,14" rate="2034.06,1949.56,1908.81,1891.24" sx="M,M,M,F"/><TAIKYOKU oya="0"/><INIT seed="0,0,0,5,1,39" ten="250,250,250,250" oya="0" hai0="38,34,79,127,15,29,30,35,16,131,20,113,93" hai1="37,10,132,111,58,66,106,117,124,55,134,86,120" hai2="44,116,25,8,13,101,28,102,123,40,24,43,33" hai3="125,135,96,27,73,75,56,19,14,133,74,49,31"/><T82/><D113/><U91/><E106/><V61/><F123/><W108/><G108/><T41/><D127/><U112/><E37/><V21/><F116/><W99/><G125/><T107/><D107/><U115/><E111/><V64/><F44/><W46/><G56/><T57/><D131/><U2/><E117/><V84/><F84/><W32/><G99/><T103/><D57/><U114/><E66/><V119/><F119/><W52/><REACH who="3" step="1"/><G96/><REACH who="3" ten="250,250,250,240" step="2"/><T118/><D118/><U11/><E124/><V0/><F102/><W89/><G89/><T59/><D59/><U42/><E120/><V65/><F101/><W54/><G54/><T71/><D71/><U60/><E132/><V12/><F65/><W6/><G6/><T63/><D63/><U109/><E134/><V130/><F130/><W85/><G85/><T23/><D103/><U48/><E109/><V78/><F78/><W53/><G53/><T81/><D79/><U77/><E77/><V22/><F64/><W122/><G122/><T45/><D35/><U104/><E112/><V128/><F128/><W62/><G62/><T5/><D5/><U121/><E114/><V105/><F61/><W83/><G83/><T70/><D34/><U17/><E115/><V26/><F33/><W88/><G88/><T76/><D70/><U36/><E121/><V90/><F90/><W95/><G95/><T9/><D93/><N who="1" m="54519" /><E104/><V51/><F105/><W67/><G67/><T94/><D94/><U47/><E60/><V69/><F69/><W87/><G87/><N who="0" m="48551" /><D82/><U92/><E92/><V18/><F28/><W126/><G126/><RYUUKYOKU ba="0,1" sc="250,15,250,-15,250,-15,240,15" hai0="9,15,16,20,23,29,30,38,41,45" hai3="14,19,27,31,32,46,49,52,73,74,75,133,135" /><INIT seed="0,1,1,3,1,133" ten="265,235,235,255" oya="0" hai0="101,74,8,23,72,132,94,16,52,51,33,109,59" hai1="14,110,40,54,112,60,13,105,26,117,99,17,58" hai2="92,93,53,30,47,10,100,69,80,29,41,90,24" hai3="130,39,21,22,103,12,108,87,49,115,116,102,89"/><T28/><D132/><U5/><E110/><V95/><F69/><W15/><G39/><T3/><D109/><U50/><E117/><V119/><F119/><W78/><G115/><T122/><D122/><U98/><E105/><V61/><F10/><W63/><G130/><T113/><D113/><U135/><E135/><V125/><F125/><W83/><G116/><T64/><D64/><U27/><E5/><V124/><F124/><W7/><G108/><T44/><D33/><U79/><E79/><V19/><F100/><W131/><G131/><T11/><D28/><U6/><E6/><V129/><F129/><W88/><G63/><T32/><D32/><U114/><E14/><V85/><F41/><W66/><G66/><T86/><D3/><U68/><E68/><V70/><F70/><W121/><G49/><N who="0" m="31119" /><D72/><U42/><E114/><V96/><F96/><N who="1" m="36905" /><E112/><V56/><F47/><W118/><G118/><T71/><D74/><U36/><E36/><V67/><REACH who="2" step="1"/><F53/><REACH who="2" ten="265,235,225,255" step="2"/><W123/><G123/><T111/><D71/><U77/><E40/><V45/><F45/><W43/><G43/><N who="0" m="24991" /><D111/><U38/><E38/><V57/><F57/><W2/><G121/><T81/><D101/><U134/><E134/><V75/><F75/><W48/><G103/><T20/><D20/><AGARI ba="1,2" hai="19,20,24,29,30,56,61,67,80,85,90,92,93,95" machi="20" ten="40,2600,0" yaku="1,1,8,1,53,0" doraHai="133" doraHaiUra="34" who="2" fromWho="0" sc="265,-29,235,0,225,49,255,0" /><INIT seed="1,0,0,5,4,114" ten="236,235,274,255" oya="1" hai0="32,55,76,30,37,87,118,15,105,75,86,131,95" hai1="31,20,116,6,122,47,27,89,102,23,11,39,51" hai2="59,90,113,1,120,81,99,109,68,50,53,67,100" hai3="19,9,78,111,57,21,129,10,123,42,110,134,70"/><U133/><E122/><V14/><F120/><W92/><G70/><T119/><D105/><U33/><E39/><V43/><F1/><W132/><G123/><T73/><D37/><U83/><E102/><V60/><F113/><W34/><G129/><T54/><D131/><U3/><E133/><N who="3" m="51306" /><G78/><T84/><D95/><U65/><E65/><V93/><F109/><N who="3" m="41483" /><G92/><T135/><D135/><U80/><E116/><V126/><F126/><W7/><G42/><T35/><D15/><U16/><E89/><V125/><F125/><W72/><G57/><T64/><D30/><U36/><E36/><V69/><F69/><W18/><G72/><N who="0" m="27723" /><D64/><U82/><REACH who="1" step="1"/><E16/><REACH who="1" ten="236,225,274,255" step="2"/><V107/><F67/><W63/><G18/><T48/><D76/><U13/><E13/><V41/><F14/><W22/><G19/><T101/><D101/><U117/><E117/><N who="0" m="44553" /><D48/><U127/><E127/><V26/><F50/><W62/><G10/><T128/><D128/><U4/><E4/><V5/><F5/><W44/><G9/><T98/><D98/><U17/><E17/><V130/><F99/><W66/><G7/><T28/><D28/><U96/><E96/><V25/><F130/><W97/><G97/><T106/><D106/><U40/><AGARI ba="0,1" hai="3,6,11,20,23,27,31,33,40,47,51,80,82,83" machi="40" ten="30,3000,0" yaku="1,1,0,1,53,0" doraHai="114" doraHaiUra="108" who="1" fromWho="1" sc="236,-10,225,40,274,-10,255,-10" /><INIT seed="1,1,0,0,5,93" ten="226,265,264,245" oya="1" hai0="87,54,123,67,130,46,84,79,121,8,34,57,17" hai1="36,12,103,70,83,111,101,88,53,78,106,30,21" hai2="113,63,40,97,2,22,60,58,16,126,85,86,62" hai3="6,122,65,92,14,133,108,41,59,119,51,82,118"/><U89/><E36/><V27/><F2/><W38/><G122/><N who="0" m="46603" /><D34/><U131/><E70/><V35/><F113/><W1/><G1/><T19/><D130/><U90/><E131/><V107/><F126/><W9/><G133/><T29/><D29/><U49/><E106/><V25/><F40/><W47/><G108/><T24/><D24/><U98/><E98/><V3/><F3/><W39/><G82/><N who="0" m="47199" /><D8/><U73/><E111/><V64/><F35/><W10/><G10/><T31/><D31/><U72/><E72/><V105/><F62/><N who="3" m="38111" /><G92/><T33/><D33/><U77/><E77/><V55/><F27/><W7/><G7/><T117/><D117/><AGARI ba="1,0" hai="6,9,14,38,39,41,47,51,117,118,119" m="38111" machi="117" ten="30,1000,0" yaku="12,1" doraHai="93" who="3" fromWho="0" sc="226,-13,265,0,264,0,245,13" /><INIT seed="2,0,0,0,0,32" ten="213,265,264,258" oya="2" hai0="56,124,46,91,106,20,11,73,9,110,71,27,131" hai1="128,0,102,64,74,114,14,105,4,53,113,58,35" hai2="70,130,75,84,79,28,33,121,36,82,115,66,80" hai3="44,10,37,100,111,3,83,25,15,77,76,17,51"/><V96/><F121/><W50/><G76/><T42/><D71/><U72/><E35/><V126/><F115/><W2/><G111/><T16/><D106/><U40/><E64/><V6/><F36/><W29/><G100/><T88/><D73/><U5/><E40/><V13/><F126/><W120/><G37/><T108/><D131/><U31/><E31/><V47/><F47/><W65/><G65/><T30/><D124/><U23/><E105/><V118/><F118/><W107/><G107/><T109/><D56/><U62/><E102/><V60/><F130/><W69/><G69/><T12/><REACH who="0" step="1"/><D9/><REACH who="0" ten="203,265,264,258" step="2"/><U68/><E74/><V1/><F75/><W87/><G120/><T129/><D129/><U22/><E72/><V34/><F70/><W67/><G67/><T94/><D94/><U7/><E68/><V78/><F66/><W123/><G123/><T43/><D43/><U112/><E128/><V26/><F80/><W133/><G44/><T59/><D59/><U97/><E114/><V85/><F82/><W54/><G54/><T57/><D57/><U90/><E113/><V116/><F116/><W86/><G83/><T132/><D132/><U38/><E112/><V135/><F135/><W92/><G133/><T81/><D81/><U98/><E58/><V48/><F79/><W21/><G92/><T93/><D93/><U99/><E53/><V127/><F78/><W55/><G77/><T19/><D19/><U119/><E119/><V122/><F127/><W49/><G55/><T89/><D89/><U104/><E90/><V134/><F122/><W45/><G45/><RYUUKYOKU ba="0,1" sc="203,15,265,-15,264,-15,258,15" hai0="11,12,16,20,27,30,42,46,88,91,108,109,110" hai3="2,3,10,15,17,21,25,29,49,50,51,86,87" /><INIT seed="3,1,1,1,2,71" ten="218,250,249,273" oya="3" hai0="119,16,36,24,96,34,52,26,1,37,65,90,78" hai1="49,64,15,41,50,43,42,66,25,32,2,122,46" hai2="121,60,130,63,48,118,89,91,18,94,101,31,77" hai3="98,45,11,7,13,100,62,10,93,133,128,111,58"/><W74/><G74/><T132/><D119/><U5/><E122/><V127/><F121/><W51/><G133/><T109/><D1/><U67/><E2/><V19/><F118/><W80/><G128/><T30/><D65/><U79/><E79/><V68/><F130/><W0/><G111/><T123/><D123/><U8/><E32/><V125/><F31/><W117/><G117/><T115/><D78/><U124/><E124/><N who="2" m="47691" /><F77/><W14/><G80/><T69/><D69/><U88/><E25/><V61/><F68/><W39/><G39/><T129/><D129/><U57/><E57/><V29/><F29/><W110/><G110/><T72/><D72/><U85/><REACH who="1" step="1"/><E46/><REACH who="1" ten="218,240,249,273" step="2"/><V6/><F63/><W87/><G0/><T103/><D109/><U28/><E28/><V56/><F60/><W102/><G62/><T35/><D132/><U20/><E20/><V27/><F56/><W22/><G58/><T3/><D3/><U81/><AGARI ba="1,2" hai="5,8,15,41,42,43,49,50,64,66,67,81,85,88" machi="81" ten="30,7900,0" yaku="1,1,0,1,8,1,54,1,53,0" doraHai="71" doraHaiUra="114" who="1" fromWho="1" sc="218,-21,240,102,249,-21,273,-40" owari="197,-30.0,342,44.0,228,-17.0,233,3.0" /></mjloggm>