<mjloggm ver="2.3"><GO type="169" lobby="0"/><UN n0="%73%68%6F%6F%74%33%39" n1="%E5%8F%8A%E5%B7%9D%E5%86%B0%E9%BA%97" n2="%6E%61%6B%61%6A%75%75%6E" n3="%E3%82%A6%E3%83%AB%E3%83%88%E3%83%A9%E7%AB%8B%E7%9B%B4" dan="19,16,18,17" rate="2204.03,2147.03,2165.55,2200.41" sx="M,M,M,M"/><TAIKYOKU oya="0"/><INIT seed="0,0,0,2,5,46" ten="250,250,250,250" oya="0" hai0="59,62,58,106,29,134,48,1,96,87,50,101,133" hai1="111,112,109,14,93,77,26,67,97,65,64,43,42" hai2="47,98,30,32,115,56,89,31,52,53,63,114,0" hai3="117,120,10,18,66,17,37,105,55,81,118,73,83"/><T34/><D1/><U108/><E112/><V88/><F0/><W19/><G37/><T70/><D87/><U92/><E77/><V78/><F78/><W128/><G105/><T122/><D122/><U6/><E26/><V116/><F116/><W54/><G73/><T8/><D8/><N who="1" m="4375" /><E93/><N who="2" m="56615" /><F32/><W11/><G66/><N who="1" m="16898" /><U72/><DORA hai="13" /><E72/><V16/><F115/><W71/><G71/><T51/><D70/><U102/><AGARI ba="0,0" hai="42,43,92,97,102,108,109,111" m="16898,4375" machi="102" ten="40,1500,0" yaku="14,1" doraHai="46,13" who="1" fromWho="1" sc="250,-7,250,15,250,-4,250,-4" /><INIT seed="1,0,0,5,3,88" ten="243,265,246,246" oya="1" hai0="25,15,30,130,119,129,8,1,117,97,35,102,96" hai1="43,75,20,14,84,135,53,123,111,113,68,51,13" hai2="69,89,64,77,125,39,36,23,101,98,3,34,80" hai3="19,78,2,100,115,56,93,73,82,16,94,11,26"/><U127/><E123/><V61/><F3/><W57/><G115/><T112/><D97/><U116/><E113/><V59/><F125/><W92/><G100/><T32/><D112/><U103/><E75/><V28/><F89/><W120/><G120/><T133/><D133/><U72/><E72/><V60/><F23/><W44/><G44/><T83/><D83/><U46/><E116/><V6/><F6/><W107/><G107/><T76/><D76/><U41/><E68/><V79/><F79/><W95/><N who="3" m="23552" /><DORA hai="52" /><W27/><G2/><T128/><D1/><U131/><E127/><V62/><F62/><W58/><REACH who="3" step="1"/><G11/><REACH who="3" ten="243,265,246,236" step="2"/><T121/><D121/><U0/><E0/><V87/><F101/><W114/><G114/><T105/><D119/><U48/><E103/><V12/><F98/><W108/><G108/><T17/><D117/><U99/><E111/><V47/><F47/><W67/><G67/><T134/><D134/><U4/><E99/><V21/><F64/><W122/><G122/><T86/><D96/><U118/><E135/><V9/><F9/><W37/><G37/><T124/><D102/><U74/><E118/><V45/><F45/><W70/><G70/><T85/><D105/><U54/><E46/><V81/><F36/><W24/><AGARI ba="0,1" hai="16,19,24,26,27,56,57,58,73,78,82" m="23552" machi="24" ten="50,32000,5" yaku="1,1,0,1,29,2,52,7,54,1,53,4" doraHai="88,52" doraHaiUra="33,91" who="3" fromWho="3" sc="243,-80,265,-160,246,-80,236,330" /><INIT seed="2,0,0,1,2,56" ten="163,105,166,566" oya="2" hai0="117,102,26,112,81,75,104,122,132,65,48,74,57" hai1="84,61,34,80,68,100,106,32,31,5,87,66,18" hai2="51,9,133,93,73,94,101,130,113,45,98,22,1" hai3="19,88,2,86,28,72,24,118,39,134,129,29,55"/><V7/><F113/><W40/><G72/><T110/><D26/><U20/><E5/><V0/><F130/><W8/><G118/><T15/><D48/><U30/><E34/><V50/><F73/><W16/><G39/><T135/><D15/><U21/><E21/><V82/><F133/><W52/><G40/><T58/><D112/><U42/><E42/><V105/><F82/><W49/><G55/><T108/><D122/><U89/><E32/><V13/><F50/><W128/><G134/><N who="0" m="51243" /><D57/><U71/><E71/><V95/><REACH who="2" step="1"/><F22/><REACH who="2" ten="163,105,156,566" step="2"/><W23/><G129/><T124/><D81/><U103/><E80/><V70/><F70/><W97/><G128/><T35/><D75/><U4/><E68/><V60/><F60/><W125/><G23/><T77/><D74/><U92/><E20/><V25/><F25/><W36/><G24/><T11/><D35/><U63/><E61/><V83/><F83/><W120/><G49/><T6/><D117/><U127/><E63/><V121/><F121/><W107/><G120/><T54/><D110/><U116/><E116/><V14/><F14/><W109/><G109/><T111/><D108/><U47/><E30/><V79/><F79/><W12/><G29/><T126/><D77/><U96/><E31/><V114/><F114/><W38/><G28/><T85/><D111/><U53/><E127/><V33/><F33/><W115/><G125/><T59/><D126/><U27/><E27/><V131/><F131/><W90/><G115/><T67/><D124/><U10/><E10/><V62/><F62/><W43/><G8/><T44/><D11/><RYUUKYOKU ba="0,1" sc="163,-10,105,-10,156,30,566,-10" hai2="0,1,7,9,13,45,51,93,94,95,98,101,105" /><INIT seed="2,1,1,3,3,77" ten="153,95,186,556" oya="2" hai0="98,83,118,115,111,58,32,9,36,127,101,3,124" hai1="131,12,67,29,86,20,108,120,79,52,45,112,99" hai2="107,93,46,87,119,34,82,35,96,109,13,60,5" hai3="51,114,0,125,47,56,105,75,97,54,23,19,28"/><V10/><F119/><W22/><G0/><T59/><D115/><U16/><E112/><V73/><F109/><W89/><G114/><T122/><D122/><U14/><E108/><V94/><F107/><W76/><G125/><N who="0" m="48203" /><D36/><U39/><E120/><V61/><F73/><W48/><G28/><T8/><D32/><U90/><E131/><V102/><F93/><W92/><G76/><T113/><D113/><U80/><E39/><V100/><F100/><W88/><G75/><T37/><D37/><U55/><E29/><V70/><F46/><W123/><G105/><T128/><D128/><U7/><E67/><V17/><F5/><W42/><G123/><T40/><D40/><U126/><E126/><V50/><F50/><W130/><G130/><T21/><D118/><U65/><E65/><V18/><F18/><W110/><G110/><T64/><D64/><U31/><E31/><V135/><F70/><W62/><G51/><T11/><D3/><U121/><E121/><V117/><F117/><W53/><G42/><T72/><D111/><U68/><E68/><V26/><F35/><W133/><G133/><T84/><D72/><U15/><E45/><V134/><F34/><W129/><G129/><T95/><D21/><N who="3" m="7689" /><G19/><T63/><D63/><U74/><E74/><V69/><F69/><W71/><G71/><T27/><D27/><N who="1" m="14727" /><E7/><V106/><F26/><W24/><G24/><T25/><D25/><U43/><E43/><V33/><F33/><W44/><G44/><T1/><D1/><U85/><E99/><V6/><F6/><W91/><AGARI ba="1,1" hai="47,48,53,54,56,62,88,89,91,92,97" m="7689" machi="91" ten="30,2000,0" yaku="8,1,54,1" doraHai="77" who="3" fromWho="3" sc="153,-6,95,-6,186,-11,556,33" /><INIT seed="3,0,0,0,2,102" ten="147,89,175,589" oya="3" hai0="41,30,67,74,36,22,61,82,10,117,126,13,128" hai1="112,90,3,69,68,103,35,134,80,60,15,53,26" hai2="119,87,47,94,93,0,59,46,40,49,115,65,76" hai3="62,91,24,4,56,9,121,39,124,73,107,110,71"/><W111/><G73/><T11/><D117/><U44/><E3/><V66/><F119/><W8/><G39/><T5/><D126/><U45/><E112/><V54/><F0/><W31/><G71/><T123/><D123/><U130/><E130/><V64/><F115/><W16/><G121/><T23/><D128/><U42/><E134/><V27/><F27/><W84/><G107/><T131/><D30/><U34/><E103/><V129/><F129/><W83/><G124/><T89/><D41/><U37/><E15/><V48/><REACH who="2" step="1"/><F59/><REACH who="2" ten="147,89,165,589" step="2"/><W17/><G24/><T113/><D131/><U92/><E26/><V97/><F97/><W95/><G31/><T106/><D113/><U99/><E68/><V122/><F122/><W51/><G111/><T98/><D98/><U14/><E69/><V105/><F105/><W6/><G110/><T2/><D106/><U52/><E99/><V63/><F63/><W104/><G104/><T88/><D61/><U70/><E60/><V109/><F109/><W20/><G62/><T96/><D96/><U29/><E70/><V1/><F1/><W100/><G56/><T79/><D2/><U118/><E29/><V19/><F19/><W120/><G17/><T50/><D13/><U32/><E14/><V55/><F55/><W132/><G120/><T33/><D5/><U108/><E118/><V78/><F78/><W85/><G4/><T72/><D79/><U12/><E12/><V25/><F25/><W38/><G6/><T81/><D23/><U135/><E108/><V58/><F58/><W86/><G20/><T18/><D22/><RYUUKYOKU ba="0,1" sc="147,-10,89,-10,165,30,589,-10" hai2="40,46,47,48,49,54,64,65,66,76,87,93,94" /><INIT seed="4,1,1,0,3,7" ten="137,79,195,579" oya="0" hai0="18,114,15,26,88,124,8,75,20,5,109,74,107" hai1="67,17,116,48,22,104,51,46,4,128,59,77,27" hai2="14,0,81,49,127,96,92,125,83,31,117,135,72" hai3="119,70,105,53,71,100,19,113,37,103,39,80,131"/><T55/><D107/><U35/><E116/><V63/><F0/><W98/><G100/><T132/><D114/><U95/><E128/><V32/><F117/><W33/><G53/><T121/><D121/><U38/><E104/><V24/><F135/><W66/><G19/><T118/><D118/><U6/><E35/><V89/><F63/><W108/><G71/><T60/><D132/><U78/><E38/><V85/><F49/><W45/><G37/><T133/><D133/><U68/><E68/><V69/><F69/><W123/><G119/><T54/><D124/><N who="2" m="47690" /><F72/><W11/><G66/><T94/><D109/><U12/><E95/><N who="2" m="54703" /><F14/><W110/><G70/><T87/><REACH who="0" step="1"/><D55/><REACH who="0" ten="127,79,195,579" step="2"/><N who="1" m="32255" /><E67/><V25/><F25/><W97/><G105/><T29/><D29/><U79/><E27/><V43/><F43/><AGARI ba="1,2" hai="4,6,12,17,22,43,46,48,77,78,79" m="32255" machi="43" ten="30,1000,0" yaku="8,1" doraHai="7" who="1" fromWho="2" sc="127,0,79,33,195,-13,579,0" /><INIT seed="5,0,0,1,0,10" ten="127,112,182,579" oya="1" hai0="83,0,8,75,29,13,62,44,126,117,30,131,95" hai1="12,59,26,108,58,56,4,116,5,102,66,90,48" hai2="9,49,100,122,3,36,105,18,72,110,31,113,78" hai3="92,65,124,120,81,133,135,82,38,99,14,57,47"/><U40/><E116/><V118/><F122/><W11/><G120/><T39/><D117/><U89/><E108/><V21/><F113/><W114/><G114/><T2/><D2/><U27/><E102/><V60/><F78/><W7/><G124/><T43/><D126/><U121/><E121/><V88/><F60/><W23/><G23/><T86/><D131/><U19/><E66/><V119/><F88/><N who="1" m="33897" /><E26/><V51/><F100/><N who="3" m="60519" /><G57/><N who="1" m="22122" /><E27/><V115/><F110/><W53/><G65/><T71/><D95/><U41/><N who="1" m="22130" /><U20/><DORA hai="46" /><E48/><V33/><F51/><N who="3" m="28927" /><G38/><T84/><D39/><U96/><E96/><V106/><F36/><W16/><G135/><T22/><D62/><U91/><N who="1" m="33905" /><U70/><DORA hai="103" /><E70/><V25/><F118/><W123/><G133/><T125/><D71/><U97/><E97/><V55/><F119/><W111/><G111/><T17/><D125/><U94/><E94/><V98/><F98/><W6/><G123/><T37/><D0/><U77/><E77/><V67/><F67/><W24/><G24/><T15/><D75/><U109/><E109/><V34/><F72/><W128/><G128/><T54/><D54/><U68/><E68/><V28/><F115/><W85/><G85/><T79/><REACH who="0" step="1"/><D86/><REACH who="0" ten="117,112,182,579" step="2"/><U80/><E80/><AGARI ba="0,1" hai="6,7,11,14,16,80,81,82" m="28927,60519" machi="80" ten="30,7700,0" yaku="8,1,52,2,54,1" doraHai="10,46,103" who="3" fromWho="1" sc="117,0,112,-77,182,0,579,87" /><INIT seed="6,0,0,4,0,40" ten="117,35,182,666" oya="2" hai0="37,87,39,78,115,133,16,94,10,74,102,69,85" hai1="33,60,15,131,52,57,4,80,103,75,112,95,23" hai2="73,38,88,21,22,64,99,14,2,121,118,44,43" hai3="6,100,110,58,49,125,135,113,81,32,89,77,101"/><V128/><F2/><W42/><G32/><T30/><D69/><U53/><E112/><V134/><F121/><W82/><G110/><T129/><D30/><U119/><E131/><V111/><F118/><W98/><G125/><T45/><D74/><U132/><E119/><V97/><F128/><W61/><G135/><T51/><D129/><U25/><E132/><V66/><F73/><W93/><G113/><T13/><D115/><U127/><E33/><V56/><F99/><W107/><G6/><T79/><D133/><U62/><E127/><V68/><F68/><W130/><G130/><T109/><D109/><U7/><E75/><V8/><F111/><W86/><G82/><T116/><D116/><U11/><E80/><V76/><F76/><N who="0" m="29226" /><D39/><U63/><E7/><V124/><F124/><W27/><G27/><T19/><D37/><U120/><E120/><V72/><F72/><W41/><G107/><T108/><D19/><U5/><E5/><V46/><F38/><W104/><G104/><T91/><D102/><N who="3" m="39529" /><G49/><T67/><D67/><AGARI ba="0,0" hai="41,42,58,61,67,77,81,86,89,93,98" m="39529" machi="67" ten="30,1000,0" yaku="8,1" doraHai="40" who="3" fromWho="0" sc="117,-10,35,0,182,0,666,10" /><INIT seed="7,0,0,5,2,69" ten="107,35,182,676" oya="3" hai0="80,125,50,21,103,52,54,44,118,76,5,114,110" hai1="10,56,100,119,17,115,98,135,104,23,29,94,42" hai2="45,71,99,13,63,53,90,96,89,30,37,7,60" hai3="11,16,127,49,0,117,109,105,65,57,34,107,101"/><W43/><G117/><T6/><D118/><U62/><E119/><V1/><F30/><W67/><G34/><T95/><D110/><U22/><E135/><V20/><F37/><W83/><G109/><T58/><D125/><U132/><E132/><V48/><F1/><W47/><G127/><T113/><D21/><U81/><E115/><N who="0" m="44041" /><D95/><U61/><E104/><V86/><F71/><W74/><G101/><T129/><D103/><U87/><E42/><V39/><F39/><W35/><G35/><T78/><D129/><U3/><E3/><V25/><F13/><W131/><G131/><T14/><D14/><U102/><E102/><V64/><F7/><N who="0" m="2570" /><D80/><U68/><E68/><V36/><F96/><W70/><G70/><T82/><D82/><U46/><E46/><V26/><F99/><W33/><G33/><T15/><D15/><U97/><E97/><V133/><F20/><W38/><G16/><T126/><D126/><U93/><E93/><V72/><F26/><W27/><G27/><T51/><AGARI ba="0,0" hai="44,50,51,52,54,58,76,78" m="2570,44041" machi="51" ten="30,4000,0" yaku="15,1,11,1,54,1" doraHai="69" who="0" fromWho="0" sc="107,40,35,-10,182,-10,676,-20" owari="147,-25.0,25,-47.0,172,-3.0,656,75.0" /></mjloggm>