<mjloggm ver="2.3"><GO type="97" lobby="0"/><UN n0="%E3%81%9D%E3%82%8C%E3%82%86%E3%81%91%E3%81%A1%E3%83%BC%E3%81%B4%E3%82%93" n1="%50%48%59%4F" n2="%E5%B0%B1%E6%B4%BB%E7%94%9F%40%E5%B7%9D%E6%9D%91%E8%BB%8D%E5%9B%A3" n3="%6A%75%6E%2D%4B" dan="16,14,14,13" rate="2025.24,1903.85,1951.50,1810.43" sx="M,M,M,M"/><TAIKYOKU oya="0"/><INIT seed="0,0,0,0,2,45" ten="250,250,250,250" oya="0" hai0="101,39,79,44,2,78,133,120,33,19,119,127,113" hai1="108,106,17,84,48,41,26,69,49,25,98,15,112" hai2="105,72,93,103,92,22,3,88,58,9,104,35,12" hai3="14,52,16,28,80,42,71,122,11,56,21,60,29"/><T123/><D119/><U110/><E69/><V10/><F72/><W102/><G122/><T13/><D2/><U77/><E41/><V115/><F115/><W111/><G111/><N who="1" m="42538" /><E112/><V97/><F35/><W18/><G42/><T61/><D33/><U65/><E65/><V38/><F38/><W7/><G71/><T96/><D113/><U117/><E117/><V43/><F43/><W66/><G102/><T50/><D39/><U124/><E124/><V40/><F40/><W68/><G80/><T70/><D127/><U6/><E6/><V34/><F34/><W81/><G18/><T46/><D46/><U131/><E131/><V83/><F83/><W128/><G81/><T53/><D133/><U30/><E84/><V89/><F58/><W27/><REACH who="3" step="1"/><G128/><REACH who="3" ten="250,250,250,240" step="2"/><T114/><D114/><U107/><E77/><V73/><F103/><W62/><AGARI ba="0,1" hai="7,11,14,16,21,27,28,29,52,56,60,62,66,68" machi="62" ten="20,12000,2" yaku="1,1,2,1,0,1,7,1,54,2,53,1" doraHai="45" doraHaiUra="55" who="3" fromWho="3" sc="250,-60,250,-30,250,-30,240,130" /><INIT seed="1,0,0,4,5,79" ten="190,220,220,370" oya="1" hai0="22,6,4,104,52,126,127,88,10,21,0,3,108" hai1="70,110,125,114,106,1,55,60,39,95,72,69,44" hai2="49,82,78,37,2,92,33,48,42,120,116,59,115" hai3="76,109,25,50,54,131,38,81,103,74,62,34,47"/><U63/><E114/><V31/><F2/><W11/><G103/><T75/><D75/><U5/><E106/><V19/><F116/><W30/><G131/><T133/><D104/><U16/><E72/><V121/><F115/><W64/><G109/><T28/><D108/><U99/><E1/><V65/><F33/><W90/><G90/><T20/><D133/><U73/><E5/><V43/><F31/><W105/><G105/><T119/><D119/><U118/><E73/><V41/><F37/><W7/><G38/><T15/><D88/><U57/><E118/><V86/><F92/><W124/><G124/><T84/><D84/><U18/><E110/><V13/><F120/><W85/><G74/><T113/><D113/><U14/><E125/><N who="0" m="47625" /><D28/><U123/><E123/><V46/><F121/><W29/><G25/><T83/><D83/><U132/><E132/><V8/><REACH who="2" step="1"/><F49/><REACH who="2" ten="190,220,210,370" step="2"/><W67/><G34/><T45/><D6/><U98/><E39/><V130/><F130/><W94/><G94/><T117/><D117/><U122/><E95/><V51/><F51/><AGARI ba="0,1" hai="0,3,4,10,15,20,21,22,45,51,52" m="47625" machi="51" ten="30,2000,0" yaku="18,1,54,1" doraHai="79" who="0" fromWho="2" sc="190,30,220,0,210,-20,370,0" /><INIT seed="2,0,0,4,1,93" ten="220,220,190,370" oya="2" hai0="30,26,19,61,65,29,71,40,124,91,88,34,55" hai1="14,109,50,111,113,13,5,127,98,49,57,45,103" hai2="135,23,95,72,90,7,51,126,133,16,121,20,75" hai3="11,37,125,118,96,79,39,53,43,77,110,24,105"/><V81/><F121/><W9/><G118/><T94/><D124/><U4/><E113/><V115/><F115/><W12/><G125/><T17/><D30/><U22/><E127/><V15/><F126/><W82/><G110/><N who="1" m="41994" /><E57/><V100/><F7/><N who="1" m="2633" /><E22/><V104/><F23/><W70/><G70/><T120/><D120/><U78/><E78/><V66/><F66/><W38/><G79/><T73/><D73/><U130/><E130/><V58/><F100/><W6/><G9/><T56/><D40/><N who="1" m="24743" /><E50/><V102/><F102/><W74/><G24/><T42/><D91/><U21/><E21/><V119/><F104/><AGARI ba="0,0" hai="13,14,98,103,104" m="24743,2633,41994" machi="104" ten="30,2000,0" yaku="14,1,52,1" doraHai="93" who="1" fromWho="2" sc="220,0,220,20,190,-20,370,0" /><INIT seed="3,0,0,0,5,16" ten="220,240,170,370" oya="3" hai0="119,129,107,127,95,116,96,10,4,7,85,126,52" hai1="58,13,23,135,28,77,109,92,38,112,80,91,117" hai2="104,122,65,114,39,19,103,22,9,106,125,31,67" hai3="0,108,14,94,64,87,134,113,61,60,130,124,66"/><W32/><G0/><T30/><D30/><U97/><E109/><V8/><F114/><W102/><G32/><T83/><D107/><U111/><E135/><V59/><F39/><W56/><G124/><N who="0" m="47659" /><D129/><U46/><E111/><V55/><F122/><W74/><G74/><T26/><D26/><U43/><E112/><V68/><F125/><W118/><G118/><T121/><D121/><U53/><E117/><V12/><F68/><W48/><G14/><T40/><D40/><U128/><E128/><V37/><F37/><W44/><G108/><T82/><D7/><U133/><E133/><V70/><F70/><W45/><G48/><T90/><D83/><U41/><E41/><V17/><F31/><W81/><G113/><T86/><D86/><U115/><E115/><V20/><F104/><W2/><G2/><T34/><D34/><U3/><E3/><V93/><F106/><W76/><G130/><T57/><D10/><U5/><E5/><V18/><F103/><W84/><G134/><T99/><D99/><U63/><E28/><V27/><F93/><W29/><G29/><T105/><D4/><U131/><E131/><V101/><F101/><W79/><G94/><T54/><D54/><U89/><E80/><V88/><F88/><W25/><G102/><N who="0" m="60703" /><D105/><U15/><E77/><V123/><F123/><W110/><G76/><T98/><D98/><U6/><E89/><V47/><F47/><W49/><G81/><T120/><D120/><U24/><E6/><V75/><F75/><W72/><G79/><T69/><D69/><U62/><E38/><V78/><F78/><RYUUKYOKU ba="0,0" sc="220,30,240,-10,170,-10,370,-10" hai0="52,57,82,85,90,116,119" owari="250,5.0,230,-17.0,160,-34.0,360,46.0" /></mjloggm>