<mjloggm ver="2.3"><GO type="41" lobby="0"/><UN n0="%E3%83%81%E3%83%A7%E3%82%B3%E3%83%9F%E3%83%B3%E3%83%88" n1="%E3%83%93%E3%82%B9%E3%82%AF%E3%83%89%E3%83%BC%E3%83%AB" n2="%E5%B0%B1%E6%B4%BB%E7%94%9F%40%E5%B7%9D%E6%9D%91%E8%BB%8D%E5%9B%A3" n3="%E8%B5%A4%E3%83%9E%E9%9B%80%E5%A3%AB" dan="14,15,17,14" rate="1931.68,2047.25,2145.05,2001.28" sx="M,F,M,M"/><TAIKYOKU oya="0"/><INIT seed="0,0,0,3,0,9" ten="250,250,250,250" oya="0" hai0="122,66,22,16,27,114,98,116,30,95,48,106,26" hai1="12,68,79,6,0,129,31,112,50,25,64,20,65" hai2="61,75,108,2,97,51,3,85,44,86,56,72,123" hai3="54,132,103,57,128,107,33,41,111,126,105,94,47"/><T69/><D114/><U74/><E68/><V101/><F123/><W43/><G33/><T11/><D122/><U89/><E112/><V71/><F108/><W29/><G29/><T131/><D116/><U78/><E0/><V17/><F71/><W134/><G94/><T52/><D131/><U120/><E129/><V121/><F121/><W93/><G93/><T23/><D11/><U99/><E74/><V100/><F75/><W118/><G41/><T127/><D127/><U8/><E120/><V81/><F72/><W35/><G35/><T45/><D106/><U73/><E73/><V18/><F85/><W82/><G128/><T102/><D69/><U80/><E50/><V90/><F3/><W7/><G82/><T109/><D109/><U42/><E42/><V76/><F76/><N who="1" m="29225" /><E99/><V83/><F83/><W58/><G111/><T4/><D4/><U46/><E46/><V60/><F60/><W117/><G58/><T32/><D32/><U67/><E80/><V130/><F130/><W40/><G40/><T115/><D115/><U39/><E39/><V38/><F2/><W14/><G126/><T124/><D124/><U1/><E1/><V55/><F38/><N who="3" m="22007" /><G117/><T104/><D104/><N who="3" m="40009" /><G103/><N who="2" m="39497" /><F97/><W37/><G37/><T91/><D66/><AGARI ba="0,0" hai="17,18,44,51,55,56,61,66,81,86,90" m="39497" machi="66" ten="30,1000,0" yaku="8,1" doraHai="9" who="2" fromWho="0" sc="250,-10,250,0,250,10,250,0" /><INIT seed="1,0,0,1,5,125" ten="240,250,260,250" oya="1" hai0="59,100,123,97,49,23,28,24,17,118,65,106,93" hai1="12,124,101,22,30,50,7,26,56,46,127,104,5" hai2="2,53,47,135,116,105,35,32,68,54,19,76,29" hai3="88,38,75,6,0,44,71,86,96,103,3,62,94"/><U82/><E104/><V52/><F68/><W128/><G75/><T61/><D118/><U14/><E101/><V31/><F116/><W114/><G114/><T33/><D123/><U10/><E56/><V130/><F2/><W36/><G128/><T129/><D49/><U48/><E82/><V40/><F105/><W126/><G126/><N who="1" m="48170" /><E46/><V132/><F130/><W83/><G6/><T39/><D39/><U63/><E63/><V113/><F76/><W15/><G15/><T85/><D85/><U74/><E74/><V109/><F109/><W131/><G131/><T112/><D129/><U72/><E72/><V134/><F113/><W20/><G36/><T120/><D120/><U117/><E117/><V27/><F19/><W67/><REACH who="3" step="1"/><G20/><REACH who="3" ten="240,250,260,240" step="2"/><T57/><D112/><U37/><E37/><N who="2" m="21903" /><F31/><W42/><AGARI ba="0,1" hai="0,3,38,42,44,62,67,71,83,86,88,94,96,103" machi="42" ten="30,7900,0" yaku="1,1,0,1,54,1,53,1" doraHai="125" doraHaiUra="80" who="3" fromWho="3" sc="240,-20,250,-39,260,-20,240,89" /><INIT seed="2,0,0,2,5,98" ten="220,211,240,329" oya="2" hai0="63,130,124,1,104,113,94,7,84,100,95,133,74" hai1="8,68,0,4,13,19,58,42,41,102,6,83,114" hai2="52,55,21,10,40,120,65,76,15,126,97,5,57" hai3="11,89,73,129,37,45,103,44,29,96,107,17,72"/><V61/><F120/><W117/><G117/><T81/><D113/><U49/><E68/><V34/><F126/><W88/><G29/><T110/><D124/><U59/><E114/><V79/><F34/><W70/><G70/><T71/><D130/><U112/><E112/><V135/><F135/><W26/><G129/><T53/><D133/><U127/><E127/><V86/><F40/><W3/><G44/><T27/><D74/><U18/><E83/><N who="2" m="47463" /><F79/><W14/><G3/><T67/><D27/><U38/><E38/><V116/><F116/><W108/><G26/><T128/><D128/><U132/><E0/><V123/><F123/><W56/><G56/><T39/><D39/><U32/><E32/><V43/><F43/><W75/><G37/><T47/><D1/><U9/><E132/><V62/><F62/><W28/><G45/><T91/><D7/><U87/><E87/><V106/><F106/><W99/><G28/><T90/><D90/><U78/><E78/><V131/><F131/><W118/><G118/><T2/><D2/><U36/><E36/><V22/><F97/><W101/><REACH who="3" step="1"/><G108/><REACH who="3" ten="220,211,240,319" step="2"/><T23/><D110/><U20/><E49/><V64/><F55/><W50/><G50/><T48/><D48/><U54/><E54/><V66/><AGARI ba="0,1" hai="5,10,15,21,22,52,57,61,64,65,66" m="47463" machi="66" ten="30,3000,0" yaku="8,1,54,1" doraHai="98" who="2" fromWho="2" sc="220,-10,211,-10,240,40,319,-10" /><INIT seed="2,1,0,2,0,14" ten="210,201,280,309" oya="2" hai0="98,73,62,83,107,38,16,79,52,87,129,20,119" hai1="35,70,59,60,3,29,110,0,66,51,45,127,99" hai2="33,37,81,58,5,12,91,61,9,75,23,10,7" hai3="25,97,57,17,63,134,112,24,120,68,94,34,130"/><V92/><F37/><W117/><G120/><T131/><D38/><U8/><E127/><V90/><F33/><W133/><G117/><T65/><D119/><U36/><E110/><V132/><F132/><N who="3" m="50795" /><G68/><T69/><D73/><U95/><E35/><V41/><F41/><W113/><G130/><T111/><D111/><U18/><E29/><V28/><F75/><W4/><G4/><T96/><D52/><U123/><E123/><V74/><F74/><W6/><G6/><T15/><REACH who="0" step="1"/><D107/><REACH who="0" ten="200,201,280,309" step="2"/><U26/><E36/><V126/><F126/><W46/><G113/><T101/><D101/><U40/><E70/><V71/><F71/><W55/><G112/><T105/><D105/><U88/><REACH who="1" step="1"/><E8/><REACH who="1" ten="200,191,280,309" step="2"/><V86/><F10/><W76/><G34/><T125/><D125/><U39/><E39/><V67/><F9/><W121/><G121/><T11/><D11/><U27/><E27/><V118/><F118/><W93/><G25/><T109/><D109/><U115/><E115/><V30/><F7/><W78/><G46/><T21/><D21/><AGARI ba="1,2" hai="0,3,18,21,26,40,45,51,59,60,66,88,95,99" machi="21" ten="40,5200,0" yaku="1,1,52,1,54,1,53,0" doraHai="14" doraHaiUra="80" who="1" fromWho="0" sc="200,-55,191,75,280,0,309,0" /><INIT seed="3,0,0,3,0,40" ten="145,266,280,309" oya="3" hai0="20,46,121,31,82,101,81,118,14,68,4,60,25" hai1="13,53,23,106,21,67,130,126,98,127,133,50,87" hai2="56,35,48,108,51,39,15,123,97,24,75,11,112" hai3="129,69,47,29,38,122,57,105,16,114,49,90,96"/><W36/><G122/><T9/><D121/><U100/><E67/><V79/><F39/><W45/><G114/><T5/><D118/><U44/><E133/><V65/><F108/><W119/><G119/><T80/><D101/><U10/><E87/><V6/><F112/><W132/><G69/><T134/><D134/><U85/><E85/><V27/><F123/><W107/><G132/><T2/><D2/><U7/><REACH who="1" step="1"/><E130/><REACH who="1" ten="145,256,280,309" step="2"/><V84/><F75/><W94/><G129/><T88/><D68/><U115/><E115/><V76/><F84/><W111/><G111/><T74/><D74/><U8/><E8/><V110/><F79/><W102/><G29/><T28/><D31/><U32/><E32/><V63/><F76/><W124/><G124/><AGARI ba="0,1" hai="7,10,13,21,23,44,50,53,98,100,106,124,126,127" machi="124" ten="40,8000,1" yaku="1,1,18,1,52,1,53,1" doraHai="40" doraHaiUra="3" who="1" fromWho="3" sc="145,0,256,90,280,0,309,-80" /><INIT seed="4,0,0,1,1,122" ten="145,346,280,229" oya="0" hai0="14,13,133,33,98,65,6,70,34,135,116,56,124" hai1="92,88,32,102,61,28,112,134,77,45,44,18,103" hai2="89,80,106,75,60,94,108,117,8,95,54,81,111" hai3="3,90,83,128,114,130,68,71,16,22,126,30,37"/><T1/><D116/><U59/><E77/><N who="2" m="44095" /><F8/><W105/><G3/><T9/><D70/><U131/><E131/><N who="3" m="50218" /><G105/><T99/><D65/><U113/><E134/><N who="0" m="51209" /><D56/><U10/><E28/><V35/><F35/><N who="0" m="13322" /><D124/><U41/><E32/><V23/><F23/><W4/><G126/><T26/><D26/><U27/><E103/><V36/><F36/><W125/><G37/><T91/><D91/><U25/><E102/><V63/><F54/><W69/><G125/><T38/><D38/><U74/><E74/><V119/><F63/><W51/><G51/><T66/><D66/><U79/><E79/><V72/><F60/><W87/><G30/><T127/><D127/><U55/><E27/><V64/><F64/><W78/><G90/><T73/><D73/><U82/><E82/><V7/><F7/><W17/><G4/><T0/><D0/><U118/><E118/><N who="2" m="45067" /><F106/><W97/><G17/><T129/><D129/><U11/><E25/><V76/><F95/><W93/><G71/><T20/><D20/><U104/><E18/><V123/><F123/><W19/><G69/><T15/><AGARI ba="0,0" hai="1,6,9,13,14,15,98,99" m="13322,51209" machi="15" ten="40,2100,0" yaku="20,1" doraHai="122" who="0" fromWho="0" sc="145,21,346,-7,280,-7,229,-7" /><INIT seed="4,1,0,0,3,49" ten="166,339,273,222" oya="0" hai0="75,80,41,93,15,64,72,66,87,54,105,6,123" hai1="132,18,78,77,74,21,62,8,119,95,73,121,110" hai2="4,69,2,0,100,130,25,51,3,61,98,109,55" hai3="124,86,59,45,34,1,5,67,32,47,115,36,37"/><T97/><D123/><U70/><E121/><V30/><F109/><W28/><G124/><T122/><D122/><U29/><E110/><V31/><F130/><W135/><G115/><T101/><D41/><U44/><E74/><V102/><F4/><W133/><G1/><T71/><D71/><U13/><E73/><V103/><F98/><W127/><G5/><T81/><D81/><U117/><E119/><V9/><F9/><W39/><G127/><T96/><D54/><U113/><E117/><V48/><F30/><W14/><G14/><T40/><D40/><U42/><E113/><V114/><F114/><W83/><G28/><T27/><D27/><U63/><E95/><V94/><F94/><W79/><G67/><T116/><D116/><U23/><E23/><V131/><F131/><W35/><REACH who="3" step="1"/><G59/><REACH who="3" ten="166,339,273,212" step="2"/><T126/><D126/><U106/><E70/><V82/><F69/><W118/><G118/><T85/><D66/><U12/><E29/><V128/><F128/><W56/><G56/><T58/><D58/><U60/><E13/><V65/><F65/><W33/><N who="3" m="8704" /><DORA hai="52" /><W17/><G17/><T46/><D64/><U104/><E12/><V53/><F3/><W129/><G129/><T68/><D68/><U134/><E18/><V24/><F2/><W7/><G7/><T20/><D6/><U99/><E134/><AGARI ba="1,1" hai="36,37,39,45,47,79,83,86,133,134,135" m="8704" machi="134" ten="80,5200,0" yaku="1,1,20,1,53,0" doraHai="49,52" doraHaiUra="91,50" who="3" fromWho="1" sc="166,0,339,-55,273,0,212,65" /><INIT seed="5,0,0,2,4,92" ten="166,284,273,277" oya="1" hai0="72,100,125,31,83,41,17,13,21,95,75,76,64" hai1="34,10,94,113,55,134,98,110,63,84,109,40,116" hai2="69,121,124,71,131,78,111,59,18,28,99,106,30" hai3="70,11,65,97,105,53,6,9,103,87,14,49,46"/><U33/><E116/><V122/><F111/><N who="1" m="42505" /><E40/><V86/><F124/><W117/><G117/><T27/><D125/><U114/><E84/><V74/><F74/><W58/><G70/><T23/><D41/><U5/><E63/><V3/><F3/><W25/><G87/><T73/><REACH who="0" step="1"/><D64/><REACH who="0" ten="156,284,273,277" step="2"/><U129/><E134/><V67/><F67/><W35/><G65/><T90/><D90/><N who="1" m="55639" /><E55/><V56/><F122/><W39/><G39/><T47/><D47/><U43/><E43/><V51/><F121/><W79/><G46/><T127/><D127/><U37/><E37/><V104/><F78/><W66/><G66/><T0/><D0/><N who="1" m="295" /><E129/><V112/><F131/><W2/><G79/><T54/><D54/><U77/><E77/><V135/><F135/><W19/><G35/><AGARI ba="0,1" hai="33,34,35,113,114" m="295,55639,42505" machi="35" ten="30,2900,0" yaku="10,1,52,1" doraHai="92" who="1" fromWho="3" sc="156,0,284,39,273,0,277,-29" /><INIT seed="5,1,0,2,3,125" ten="156,323,273,248" oya="1" hai0="114,0,40,133,11,68,123,98,47,129,70,110,61" hai1="119,43,7,14,37,82,95,58,103,105,63,104,86" hai2="60,135,124,91,20,13,15,73,16,22,1,100,10" hai3="18,92,88,111,25,120,96,113,128,93,67,102,49"/><U72/><E119/><V85/><F73/><W80/><G111/><T106/><D110/><U46/><E72/><V34/><F34/><W9/><G120/><T30/><D123/><U90/><E7/><V44/><F124/><W101/><G113/><T28/><D114/><U77/><E14/><V65/><F135/><W12/><G128/><T38/><D133/><U24/><E103/><V55/><F100/><N who="3" m="60423" /><G80/><T17/><D30/><U5/><E5/><V8/><F1/><W83/><G83/><T94/><D28/><U76/><E77/><V87/><F87/><N who="3" m="52383" /><G67/><T81/><D81/><U117/><E117/><V29/><F29/><W27/><G49/><T97/><D106/><U4/><E4/><N who="2" m="3207" /><F65/><W116/><G116/><T131/><D98/><U62/><E105/><V3/><F3/><W118/><G118/><T54/><D0/><U79/><E104/><V57/><F44/><W122/><G122/><T99/><D99/><U64/><E82/><AGARI ba="1,0" hai="10,15,16,20,22,55,57,60,82,85,91" m="3207" machi="82" ten="30,2000,0" yaku="8,1,54,1" doraHai="125" who="2" fromWho="1" sc="156,0,323,-23,273,23,248,0" /><INIT seed="6,0,0,2,3,115" ten="156,300,296,248" oya="2" hai0="21,107,48,58,81,90,79,31,19,82,40,49,43" hai1="125,116,64,1,104,22,16,27,86,98,134,38,127" hai2="102,62,118,3,76,72,113,108,100,84,128,129,65" hai3="10,121,33,37,95,7,20,126,25,50,30,112,111"/><V130/><F3/><N who="3" m="383" /><G50/><T114/><D107/><U131/><E38/><V17/><F72/><W69/><G95/><T124/><D114/><U36/><E36/><V106/><F113/><W97/><G97/><T13/><D31/><U54/><E1/><V14/><F108/><W122/><G37/><T41/><D124/><U103/><E64/><V105/><F118/><W93/><G93/><T0/><D0/><U15/><E116/><V53/><F53/><W119/><G69/><T73/><D82/><U55/><E131/><V133/><F133/><W67/><G67/><T46/><D90/><U80/><E134/><V12/><F12/><W88/><G88/><T99/><D99/><U45/><E45/><V109/><F109/><W59/><G59/><T66/><D66/><U89/><E15/><V34/><F34/><W57/><G57/><T24/><D24/><U74/><E74/><V94/><F106/><W51/><G51/><T87/><REACH who="0" step="1"/><D73/><REACH who="0" ten="146,300,296,248" step="2"/><U78/><E89/><N who="2" m="53543" /><F76/><W8/><G112/><T83/><D83/><U120/><E127/><V92/><F92/><W68/><G126/><T4/><D4/><U101/><E125/><V61/><F105/><W42/><G111/><T26/><D26/><U70/><E78/><V35/><F35/><W60/><G33/><T2/><D2/><U75/><E75/><V135/><F135/><W91/><G25/><T29/><D29/><U52/><E104/><V23/><F65/><W63/><G30/><T39/><D39/><U77/><E77/><V9/><F128/><W85/><G91/><T47/><D47/><U56/><E80/><RYUUKYOKU ba="0,1" sc="146,30,300,-10,296,-10,248,-10" hai0="13,19,21,40,41,43,46,48,49,58,79,81,87" /><INIT seed="7,1,1,2,4,122" ten="176,290,286,238" oya="3" hai0="39,52,15,79,135,56,66,36,103,98,37,102,53" hai1="130,17,105,44,107,28,25,131,47,35,32,30,45" hai2="23,43,125,7,106,73,114,60,21,64,13,82,18" hai3="97,27,46,12,126,86,78,77,9,62,119,75,16"/><W58/><G119/><T133/><D79/><U116/><E17/><V74/><F106/><W19/><G75/><T6/><D66/><U83/><E83/><V89/><F7/><W54/><G126/><T42/><D42/><U91/><E91/><V1/><F1/><W128/><G128/><N who="1" m="49194" /><E116/><V38/><F125/><W55/><G86/><T88/><D6/><U93/><E93/><V92/><F114/><W59/><G46/><T3/><D3/><U72/><E72/><V10/><F43/><W94/><G19/><T29/><D29/><N who="1" m="11371" /><E25/><V70/><F38/><W124/><G27/><T65/><D15/><U104/><AGARI ba="1,1" hai="32,35,44,45,47,104,105,107" m="11371,49194" machi="104" ten="40,5200,0" yaku="28,2,19,1" doraHai="122" who="1" fromWho="1" sc="176,-14,290,65,286,-14,238,-27" owari="162,-34.0,355,46.0,272,7.0,211,-19.0" /></mjloggm>