<mjloggm ver="2.3"><GO type="97" lobby="0"/><UN n0="%E3%81%92%E3%82%93%E3%81%8D%E3%81%A1" n1="%E3%83%88%E3%83%88%E3%83%AA%E5%85%88%E7%94%9F%31%39%E6%AD%B3" n2="%E3%83%AA%E3%83%81%E3%83%A3%21%21" n3="%E5%9B%BD%E5%B0%82" dan="14,15,15,15" rate="1962.43,2021.27,1969.97,2051.63" sx="M,F,M,M"/><TAIKYOKU oya="0"/><INIT seed="0,0,0,4,3,86" ten="250,250,250,250" oya="0" hai0="29,97,27,122,93,1,36,46,5,47,11,123,116" hai1="58,54,34,120,26,19,65,55,110,3,4,104,101" hai2="71,118,108,70,79,107,130,42,105,129,85,73,16" hai3="119,128,7,115,133,17,23,134,52,64,91,127,80"/><T62/><D116/><U114/><E120/><V132/><F73/><W31/><G119/><T13/><D62/><U76/><E110/><V39/><F118/><W95/><G115/><T45/><D36/><U59/><E114/><V14/><F108/><W40/><G40/><T33/><REACH who="0" step="1"/><D1/><REACH who="0" ten="240,250,250,250" step="2"/><U43/><E3/><V92/><F39/><W99/><G134/><T9/><D9/><U111/><E111/><V109/><F132/><W102/><G133/><T125/><D125/><U77/><E65/><V66/><F109/><W6/><G64/><T87/><D87/><U53/><E58/><V49/><F85/><N who="3" m="50599" /><G127/><T8/><D8/><U21/><E59/><V28/><F66/><W12/><G128/><T94/><D94/><U83/><E104/><V22/><F92/><W90/><G31/><T18/><D18/><U10/><E19/><V75/><F16/><W57/><G102/><AGARI ba="0,1" hai="5,11,13,27,29,33,45,46,47,93,97,102,122,123" machi="102" ten="40,3900,0" yaku="1,1,53,1" doraHai="86" doraHaiUra="88" who="0" fromWho="3" sc="240,49,250,0,250,0,250,-39" /><INIT seed="0,1,0,3,0,44" ten="289,250,250,211" oya="0" hai0="53,96,24,46,45,18,2,58,49,9,42,90,13" hai1="40,71,51,29,135,92,36,67,79,15,33,41,131" hai2="126,111,16,82,52,26,101,14,129,120,95,5,0" hai3="86,121,17,104,78,8,43,93,118,106,69,123,68"/><T31/><D2/><U125/><E36/><V63/><F120/><N who="3" m="46155" /><G118/><T113/><D113/><U127/><E131/><V105/><F105/><N who="3" m="40555" /><G43/><T77/><D77/><U116/><E116/><V55/><F111/><W12/><G93/><T117/><D117/><U72/><E135/><V30/><F126/><N who="1" m="48137" /><E33/><V81/><F129/><W80/><AGARI ba="1,0" hai="8,12,17,68,69,78,80,86" m="40555,46155" machi="80" ten="40,1500,0" yaku="13,1" doraHai="44" who="3" fromWho="3" sc="289,-8,250,-5,250,-5,211,18" /><INIT seed="1,0,0,5,5,116" ten="281,245,245,229" oya="1" hai0="124,18,11,63,134,132,49,73,61,47,5,16,34" hai1="114,115,67,106,65,38,82,28,112,46,53,97,109" hai2="48,43,75,69,33,70,0,95,111,77,68,59,105" hai3="83,30,35,119,51,89,80,56,103,31,81,25,86"/><U40/><E28/><V26/><F95/><W108/><G119/><T58/><D73/><U24/><E24/><V96/><F59/><W44/><G108/><T88/><D34/><U42/><E82/><N who="2" m="45375" /><F48/><W117/><G117/><T130/><D130/><U123/><E97/><V131/><F43/><W79/><G30/><T60/><D124/><U6/><E6/><V76/><F76/><W39/><G103/><T87/><D58/><U13/><E13/><V21/><F21/><W125/><G125/><T101/><D101/><U23/><E23/><V78/><F78/><W92/><G39/><T113/><D113/><U99/><E99/><V14/><F14/><W107/><G56/><T55/><D134/><U41/><E106/><V100/><F0/><W20/><G107/><T122/><D122/><U94/><E94/><V9/><F9/><W102/><G102/><T27/><D27/><U8/><E8/><V84/><F84/><W54/><REACH who="3" step="1"/><G35/><REACH who="3" ten="281,245,245,219" step="2"/><T32/><D32/><U121/><E109/><V85/><F111/><W127/><G127/><T74/><D132/><U128/><E38/><V91/><F131/><W45/><G45/><T15/><D74/><AGARI ba="0,1" hai="20,25,31,44,51,54,74,79,80,81,83,86,89,92" machi="74" ten="30,2000,0" yaku="1,1,7,1,53,0" doraHai="116" doraHaiUra="12" who="3" fromWho="0" sc="281,-20,245,0,245,0,219,30" /><INIT seed="2,0,0,1,2,63" ten="261,245,245,249" oya="2" hai0="36,34,72,108,2,96,109,58,6,44,25,45,126" hai1="57,113,50,95,99,47,22,56,35,122,70,43,100" hai2="121,60,85,107,13,78,131,130,38,27,32,75,116" hai3="73,129,98,88,80,123,29,8,0,33,104,94,90"/><V1/><F1/><W112/><G123/><T39/><D72/><U51/><E113/><V31/><F116/><W42/><G42/><T41/><D2/><U64/><E35/><V135/><F121/><W124/><G112/><T11/><D96/><U20/><E122/><V67/><F38/><W68/><G68/><T119/><D119/><U93/><E70/><N who="2" m="42343" /><F85/><W30/><G33/><T37/><D58/><N who="1" m="22635" /><E64/><V54/><F54/><W89/><G104/><T21/><D34/><U87/><E51/><V53/><F53/><W127/><G129/><N who="2" m="49161" /><F13/><W3/><G0/><N who="0" m="455" /><D41/><U103/><E87/><V55/><F55/><W102/><G3/><T134/><D45/><U59/><E59/><V24/><F24/><W40/><G40/><T132/><D44/><U46/><E46/><V5/><F5/><W4/><G4/><T105/><D39/><U133/><E50/><V12/><F12/><W66/><G66/><T83/><D37/><U14/><E47/><V79/><F107/><W115/><G115/><T23/><D105/><U82/><E43/><V65/><F75/><W28/><G8/><T49/><D49/><U48/><E48/><V71/><F135/><N who="0" m="51754" /><D36/><U19/><E133/><V106/><F106/><W117/><G117/><T111/><D25/><U81/><E22/><N who="0" m="8201" /><D83/><U74/><E74/><V101/><F101/><N who="1" m="38985" /><E99/><V17/><F17/><W77/><AGARI ba="0,0" hai="28,29,30,73,77,80,88,89,90,94,98,102,124,127" machi="77" ten="40,2700,0" yaku="0,1,54,1" doraHai="63" who="3" fromWho="3" sc="261,-7,245,-7,245,-13,249,27" /><INIT seed="3,0,0,3,4,84" ten="254,238,232,276" oya="3" hai0="67,87,121,24,6,8,44,64,16,18,43,95,7" hai1="22,57,42,102,98,108,125,3,91,58,26,71,65" hai2="46,129,76,56,106,85,36,75,93,53,117,61,49" hai3="17,135,132,130,104,109,13,10,55,35,21,133,80"/><W86/><G35/><T29/><D121/><U12/><E3/><V88/><F117/><W89/><G130/><T105/><D105/><U78/><E108/><V128/><F106/><W23/><G109/><T90/><D7/><U41/><E125/><V37/><F75/><W28/><G104/><T119/><D119/><U5/><E71/><V32/><F76/><W52/><G28/><T115/><D115/><U70/><E70/><V50/><F50/><W15/><G23/><N who="0" m="15519" /><D43/><N who="1" m="16395" /><E78/><V120/><F32/><W11/><G21/><T82/><D44/><U79/><E79/><V74/><F74/><W107/><G107/><T122/><D122/><U69/><E102/><V34/><F34/><W124/><G124/><T99/><D6/><AGARI ba="0,0" hai="6,10,11,13,15,17,52,55,80,86,89,132,133,135" machi="6" ten="40,7700,0" yaku="20,1,52,1,54,1" doraHai="84" who="3" fromWho="0" sc="254,-77,238,0,232,0,276,77" owari="177,-32.0,238,4.0,232,-17.0,353,45.0" /></mjloggm>