<mjloggm ver="2.3"><GO type="41" lobby="0"/><UN n0="%E7%A5%9E%E3%81%8A%E3%82%80" n1="%E8%8B%B1%E5%BD%A6%E5%B1%B1" n2="%E3%81%A0%E3%82%8B%E3%81%B2%E3%82%88" n3="%E5%B0%B1%E6%B4%BB%E7%94%9F%40%E5%B7%9D%E6%9D%91%E8%BB%8D%E5%9B%A3" dan="14,14,13,15" rate="1914.62,1903.29,1917.97,1992.36" sx="M,M,F,M"/><TAIKYOKU oya="0"/><INIT seed="0,0,0,2,5,16" ten="250,250,250,250" oya="0" hai0="13,118,2,49,52,129,127,10,41,84,123,90,121" hai1="106,111,83,69,82,53,92,25,100,4,57,18,6" hai2="120,85,103,51,62,32,23,130,40,59,61,24,86" hai3="114,68,60,76,112,88,54,132,125,79,66,64,27"/><T102/><D118/><U34/><E69/><V116/><F116/><W3/><G125/><T67/><D127/><U37/><E37/><V99/><F120/><W131/><G132/><T38/><D2/><U107/><E111/><V93/><F32/><W71/><G131/><T133/><D129/><U81/><E34/><V28/><F130/><W73/><G3/><T97/><D133/><U20/><E107/><V101/><F103/><W110/><G110/><T96/><D67/><U7/><E106/><V117/><F117/><W119/><G119/><T75/><D75/><U15/><E100/><V72/><F72/><W44/><G73/><T42/><D38/><U8/><E92/><V109/><F109/><W21/><G76/><T80/><D121/><U58/><E58/><V65/><F62/><AGARI ba="0,0" hai="4,6,7,8,15,18,20,25,53,57,62,81,82,83" machi="62" ten="40,2600,0" yaku="8,1,52,1" doraHai="16" who="1" fromWho="2" sc="250,0,250,26,250,-26,250,0" /><INIT seed="1,0,0,2,4,51" ten="250,276,224,250" oya="1" hai0="117,108,126,84,68,4,106,105,22,6,3,72,37" hai1="110,36,74,35,5,73,112,134,58,1,115,29,47" hai2="41,102,70,133,10,20,15,97,129,87,7,111,62" hai3="69,122,52,48,128,116,113,65,8,38,86,101,92"/><U49/><E134/><V79/><F133/><W124/><G38/><T132/><RYUUKYOKU type="yao9" ba="0,0" sc="250,0,276,0,224,0,250,0" hai0="3,4,6,22,37,68,72,84,105,106,108,117,126,132" /><INIT seed="1,1,0,0,2,34" ten="250,276,224,250" oya="1" hai0="94,122,40,28,19,45,69,92,131,41,79,36,93" hai1="108,15,87,6,58,91,62,126,0,21,106,130,109" hai2="118,1,103,27,43,8,110,55,9,133,51,100,98" hai3="22,44,59,113,32,115,26,12,97,121,125,84,3"/><U101/><E126/><V46/><F118/><W96/><G125/><T99/><D131/><U39/><E39/><V117/><F117/><W18/><G121/><T73/><D69/><U33/><E33/><V71/><F71/><W54/><G115/><T78/><D28/><U24/><E130/><V23/><F110/><N who="1" m="42601" /><E101/><V95/><F103/><W56/><G113/><T60/><D122/><U47/><E47/><V74/><F74/><W135/><G135/><T38/><D60/><U107/><E15/><V68/><F68/><W35/><G59/><T29/><D29/><N who="1" m="17551" /><E87/><V31/><F133/><W42/><G84/><T50/><D99/><U70/><E70/><V129/><F129/><W82/><G3/><T86/><D86/><U104/><E91/><V83/><F83/><W127/><G82/><T88/><D73/><U72/><E72/><V37/><REACH who="2" step="1"/><F1/><REACH who="2" ten="250,276,214,250" step="2"/><W49/><G127/><T30/><D38/><U90/><E0/><V52/><F52/><W17/><G35/><T85/><D36/><U61/><E90/><V65/><F65/><W81/><G81/><T63/><D88/><U75/><E75/><V14/><F14/><W105/><G105/><T132/><D41/><U7/><E62/><V48/><F48/><N who="3" m="30791" /><G32/><T64/><D63/><U13/><E61/><V53/><F53/><W80/><G80/><T128/><D128/><U76/><E13/><V5/><F5/><N who="1" m="1545" /><E76/><V25/><F25/><W120/><G120/><T89/><D79/><U102/><E102/><V134/><F134/><W20/><AGARI ba="1,1" hai="12,17,18,20,22,26,42,44,49,96,97" m="30791" machi="20" ten="30,1100,0" yaku="8,1" doraHai="34" who="3" fromWho="3" sc="250,-4,276,-6,214,-4,250,24" /><INIT seed="2,0,0,4,1,99" ten="246,270,210,274" oya="2" hai0="92,4,72,106,134,82,33,60,125,77,81,26,51" hai1="80,50,78,31,109,58,24,117,65,64,69,135,113" hai2="15,9,25,59,17,93,88,103,1,114,47,30,21" hai3="119,129,5,42,67,87,90,49,56,122,120,110,63"/><V95/><F114/><W83/><G119/><T22/><D106/><U71/><E113/><V91/><F1/><W55/><G129/><T79/><D125/><U94/><E117/><V111/><F111/><W102/><G110/><T32/><D134/><U133/><E109/><V0/><F0/><W61/><G42/><T68/><D4/><U46/><E94/><V66/><F47/><W132/><G132/><N who="1" m="50762" /><E80/><V100/><F93/><W85/><G5/><T3/><D51/><U54/><E78/><V98/><F103/><W7/><G7/><T89/><D3/><U13/><E13/><V115/><F115/><W20/><G102/><T14/><D14/><U10/><E10/><V41/><F41/><W35/><G35/><T70/><D92/><U123/><E123/><V36/><F36/><W124/><G124/><T112/><D89/><U107/><E107/><V96/><F98/><W37/><G37/><T52/><D112/><U53/><E24/><V104/><F104/><W19/><G87/><T74/><D70/><N who="1" m="26635" /><E31/><V16/><F17/><W130/><G63/><AGARI ba="0,0" hai="46,50,53,54,58,63,64,65" m="26635,50762" machi="63" ten="30,3900,0" yaku="20,1,34,2" doraHai="99" who="1" fromWho="3" sc="246,0,270,39,210,0,274,-39" /><AGARI ba="0,0" hai="9,15,16,21,25,30,59,63,66,88,91,95,96,100" machi="63" ten="40,18000,2" yaku="25,2,8,1,52,1,54,2" doraHai="99" who="2" fromWho="3" sc="246,0,309,0,210,180,235,-180" /><INIT seed="2,1,0,4,5,135" ten="246,309,390,55" oya="2" hai0="22,73,96,7,108,30,69,14,9,98,6,62,128" hai1="94,29,78,23,13,55,49,36,42,64,125,123,104" hai2="12,127,18,112,67,44,50,99,124,118,28,5,58" hai3="68,109,90,54,126,4,40,10,132,106,86,72,41"/><V16/><F118/><W32/><G106/><T45/><D108/><U74/><E104/><V122/><F122/><W87/><G72/><T65/><D73/><U63/><E123/><V91/><F112/><W103/><G68/><T61/><D7/><U52/><E125/><N who="2" m="48203" /><F28/><W1/><G132/><T71/><D45/><U48/><E78/><V33/><F33/><W0/><G32/><T27/><D128/><U76/><E76/><V93/><F58/><W100/><G126/><T116/><D116/><U39/><E74/><V59/><F59/><W43/><G109/><T111/><D111/><U8/><E42/><N who="2" m="24855" /><F67/><AGARI ba="1,0" hai="6,9,14,22,27,30,61,62,65,67,69,71,96,98" machi="67" ten="40,1300,0" yaku="9,1" doraHai="135" who="0" fromWho="2" sc="246,16,309,0,390,-16,55,0" /><INIT seed="3,0,0,4,4,46" ten="262,309,374,55" oya="3" hai0="17,105,103,37,45,70,30,1,112,2,63,93,24" hai1="88,64,9,54,126,53,4,83,55,5,96,52,98" hai2="40,131,27,101,13,8,119,125,110,106,59,43,134" hai3="77,133,44,10,111,49,3,124,39,21,123,99,102"/><W73/><G123/><T28/><D17/><U81/><E126/><V115/><F119/><W76/><G124/><T100/><D93/><U65/><E9/><V57/><F125/><W34/><G34/><N who="0" m="20743" /><D30/><U129/><E129/><V89/><F115/><W92/><G133/><T94/><D94/><U51/><E55/><V122/><F122/><W42/><G111/><T128/><D103/><U60/><E54/><V35/><F134/><W90/><G21/><T107/><D128/><U78/><E78/><V47/><F89/><W116/><G116/><T38/><D112/><U61/><E51/><V117/><F27/><W22/><G22/><T20/><D20/><U72/><E72/><V25/><F25/><W33/><G33/><T16/><D16/><U127/><E127/><V75/><F35/><W79/><G102/><T97/><D107/><U19/><E19/><V48/><F101/><W130/><G130/><T11/><D45/><U135/><E135/><V7/><F106/><W26/><G26/><T82/><D82/><U56/><E56/><V50/><F75/><W71/><G71/><T109/><D109/><U87/><E87/><V120/><F120/><W6/><REACH who="3" step="1"/><G49/><REACH who="3" ten="262,309,374,45" step="2"/><T114/><D114/><U23/><E23/><V29/><F117/><W15/><G15/><T108/><D108/><U18/><E18/><V69/><F110/><W68/><G68/><T66/><D11/><U58/><E58/><V132/><F69/><W84/><G84/><T74/><D74/><AGARI ba="0,1" hai="3,6,10,39,42,44,73,74,76,77,79,90,92,99" machi="74" ten="40,2000,0" yaku="1,1,53,0" doraHai="46" doraHaiUra="12" who="3" fromWho="0" sc="262,-20,309,0,374,0,45,30" /><INIT seed="3,1,0,2,4,22" ten="242,309,374,75" oya="3" hai0="78,126,73,7,18,96,14,107,66,94,111,120,79" hai1="34,102,85,68,84,47,29,72,28,57,46,82,53" hai2="129,124,55,125,83,89,25,17,26,127,32,54,67" hai3="45,105,5,121,99,100,113,76,119,11,109,70,122"/><W86/><G119/><T116/><D116/><U15/><E68/><V88/><F67/><W91/><G113/><T97/><D120/><U117/><E117/><V95/><F32/><W52/><G70/><T87/><D107/><U16/><E72/><V62/><F62/><W60/><G76/><T80/><D111/><U42/><E102/><V63/><F63/><W59/><G109/><T1/><D97/><U106/><E106/><V3/><F3/><W123/><G45/><T92/><D92/><U24/><E29/><V135/><F135/><W31/><G31/><T20/><D126/><U64/><E64/><V132/><F132/><W30/><G30/><T12/><D66/><U115/><E115/><V56/><F56/><W90/><REACH who="3" step="1"/><G86/><REACH who="3" ten="242,309,374,65" step="2"/><T61/><D87/><U37/><E47/><V130/><F83/><W27/><G27/><N who="2" m="10249" /><F17/><W39/><G39/><T51/><D79/><U50/><E82/><V103/><F103/><W101/><G101/><T93/><D78/><U131/><E131/><N who="2" m="50187" /><F89/><W38/><G38/><T0/><D73/><U43/><E42/><V134/><F134/><W36/><G36/><T48/><D80/><U71/><REACH who="1" step="1"/><E71/><REACH who="1" ten="242,299,374,65" step="2"/><V108/><F108/><W133/><G133/><T23/><D1/><AGARI ba="1,2" hai="1,5,11,52,59,60,90,91,99,100,105,121,122,123" machi="1" ten="40,3900,0" yaku="1,1,54,1,53,0" doraHai="22" doraHaiUra="10" who="3" fromWho="0" sc="242,-42,299,0,374,0,65,62" /><INIT seed="3,2,0,2,2,18" ten="200,299,374,127" oya="3" hai0="48,1,120,117,125,88,131,61,128,14,39,69,63" hai1="37,44,75,23,113,21,16,134,24,15,62,73,126" hai2="97,127,49,13,79,34,64,77,95,12,84,87,81" hai3="42,129,47,54,38,100,70,96,57,59,133,45,86"/><W92/><G129/><N who="0" m="49739" /><D117/><U83/><E126/><V11/><F127/><W65/><G133/><T104/><D125/><U94/><E134/><V80/><F34/><W7/><G7/><T114/><D39/><U50/><E37/><V68/><F68/><W82/><G70/><T130/><D120/><U118/><E118/><V102/><F64/><W58/><G65/><N who="0" m="41135" /><D130/><U32/><E32/><V2/><F2/><W103/><G47/><T119/><D119/><U116/><E116/><V40/><F11/><W3/><G3/><T46/><D104/><U93/><E62/><V28/><F28/><W0/><G0/><T67/><D14/><U52/><E113/><V123/><F123/><W19/><G19/><T66/><D1/><U56/><E44/><AGARI ba="2,0" hai="12,13,40,44,49,77,79,80,81,84,87,95,97,102" machi="44" ten="40,2600,0" yaku="9,1,8,1" doraHai="18" who="2" fromWho="1" sc="200,0,299,-32,374,32,127,0" /><INIT seed="4,0,0,3,2,70" ten="200,267,406,127" oya="0" hai0="14,63,27,31,3,134,17,82,62,53,118,4,86" hai1="39,2,50,34,9,92,56,11,81,54,44,37,24" hai2="33,132,117,49,88,29,133,125,13,116,78,20,15" hai3="30,131,120,79,89,123,65,122,59,99,64,104,68"/><T21/><D118/><N who="2" m="45674" /><F33/><W114/><G68/><T85/><D134/><N who="2" m="51818" /><F78/><W112/><G30/><T40/><D40/><U75/><E92/><V91/><F49/><W43/><G79/><T8/><D53/><U106/><E106/><V77/><F77/><W83/><G83/><T46/><D46/><U72/><E34/><V119/><F119/><W130/><G89/><N who="2" m="34377" /><F125/><W61/><G99/><T71/><D82/><U0/><E24/><AGARI ba="0,0" hai="13,15,20,24,29" m="34377,51818,45674" machi="24" ten="40,5200,0" yaku="12,1,20,1,54,1" doraHai="70" who="2" fromWho="1" sc="200,0,267,-52,406,52,127,0" /><INIT seed="5,0,0,3,5,69" ten="200,215,458,127" oya="1" hai0="92,0,91,77,41,93,4,15,109,46,48,57,79" hai1="30,20,7,70,37,96,49,129,131,33,127,122,101" hai2="32,102,44,133,89,58,73,116,120,115,82,68,117" hai3="28,94,98,36,12,85,75,8,126,14,45,9,104"/><U74/><E122/><V107/><F120/><W39/><G75/><T11/><D0/><U78/><E127/><V111/><F68/><W47/><G126/><T72/><D72/><U135/><E135/><V19/><F32/><W113/><G113/><T123/><D109/><U65/><E49/><V2/><F2/><W26/><G104/><T114/><D114/><U50/><E50/><V119/><F73/><W128/><G128/><N who="1" m="49226" /><E20/><V118/><F107/><W27/><G85/><T40/><D40/><U54/><E54/><V25/><F111/><W16/><G94/><T21/><D123/><U108/><E7/><V105/><F105/><W110/><G110/><T53/><D21/><U84/><E84/><V124/><F124/><W106/><G106/><T55/><D55/><U22/><E22/><V17/><F115/><W18/><REACH who="3" step="1"/><G28/><REACH who="3" ten="200,215,458,117" step="2"/><T56/><D56/><U81/><E108/><V121/><F121/><W6/><G6/><T90/><D93/><U134/><E134/><V34/><F133/><W64/><G64/><T112/><D112/><U63/><E96/><AGARI ba="0,1" hai="8,9,12,14,16,18,26,27,36,39,45,47,96,98" machi="96" ten="25,12000,2" yaku="1,1,22,2,52,2,54,1,53,0" doraHai="69" doraHaiUra="60" who="3" fromWho="1" sc="200,0,215,-120,458,0,117,130" /><INIT seed="6,0,0,3,0,81" ten="200,95,458,247" oya="2" hai0="97,10,49,44,128,30,69,125,17,40,27,64,23" hai1="70,36,105,92,99,84,114,45,60,86,65,94,66" hai2="93,1,5,133,68,122,85,91,7,101,15,43,2" hai3="50,63,19,8,38,112,41,80,37,54,106,132,33"/><V39/><F122/><W26/><G106/><T58/><D69/><U120/><E120/><V89/><F68/><W103/><G112/><T100/><D125/><U109/><E109/><V134/><F101/><W79/><G132/><N who="2" m="50793" /><F15/><W52/><G103/><T83/><D83/><U35/><E35/><V53/><F53/><W56/><G33/><T55/><D64/><U116/><E116/><V96/><F43/><W127/><G41/><T102/><D128/><U71/><E114/><V75/><F75/><W131/><G131/><T16/><D10/><U34/><E34/><V126/><F39/><W57/><G127/><T3/><D3/><N who="2" m="1034" /><F126/><W77/><G77/><T118/><D102/><U111/><E111/><V124/><F124/><W135/><G135/><T32/><D32/><U18/><E105/><V110/><F110/><W11/><G38/><T0/><D0/><U24/><E92/><AGARI ba="0,0" hai="5,7,85,89,91,92,93,96" m="1034,50793" machi="92" ten="30,2900,0" yaku="20,1,52,1" doraHai="81" who="2" fromWho="1" sc="200,0,95,-29,458,29,247,0" /><INIT seed="6,1,0,5,3,61" ten="200,66,487,247" oya="2" hai0="133,76,37,86,47,9,119,59,69,0,28,17,41" hai1="131,89,11,8,1,83,42,57,32,66,44,54,129" hai2="114,14,123,124,46,99,29,6,75,15,96,78,38" hai3="71,58,127,115,121,106,85,19,27,113,132,95,51"/><V125/><F123/><W53/><G106/><T104/><D69/><U20/><E32/><V94/><F29/><W103/><G71/><T21/><D104/><U10/><E66/><V70/><F70/><W101/><G121/><T72/><D28/><U112/><E112/><N who="3" m="43082" /><G132/><T116/><D133/><U45/><E1/><V50/><F38/><W91/><G127/><T4/><D59/><U16/><E83/><V105/><F105/><W23/><AGARI ba="1,0" hai="19,23,27,51,53,58,85,91,95,101,103" m="43082" machi="23" ten="30,2000,0" yaku="15,1,11,1" doraHai="61" who="3" fromWho="3" sc="200,-6,66,-6,487,-11,247,23" /><INIT seed="7,0,0,2,2,66" ten="194,60,476,270" oya="3" hai0="135,31,81,64,57,130,37,129,29,38,93,78,54" hai1="132,73,5,19,108,97,91,96,6,116,67,13,36" hai2="11,107,18,34,80,128,55,60,76,89,41,12,10" hai3="65,20,133,1,8,32,42,70,61,50,100,24,27"/><W113/><G133/><T88/><D64/><U58/><E132/><V43/><F107/><W15/><G113/><T98/><D135/><U134/><E134/><V28/><F128/><W33/><G1/><T22/><D22/><U85/><E73/><V47/><F34/><W56/><G100/><T110/><D110/><U44/><E108/><V102/><F102/><W3/><G3/><T84/><D31/><U49/><E36/><V45/><F28/><W2/><G2/><T69/><D29/><U106/><E106/><V119/><F119/><W40/><G27/><T52/><D69/><U26/><E26/><V4/><F89/><W124/><G124/><T114/><D54/><U39/><E39/><V82/><F76/><W21/><G21/><T127/><D127/><U92/><E116/><V79/><F79/><W25/><G25/><T111/><D111/><U63/><E5/><V131/><F4/><W101/><G101/><T77/><D77/><U104/><E6/><V95/><F12/><W99/><G99/><T51/><D114/><U86/><E104/><V75/><F18/><W94/><G94/><T112/><D112/><U14/><E97/><V23/><F23/><W125/><G125/><T115/><D115/><U59/><E59/><V87/><F95/><W0/><G0/><T7/><D7/><U126/><E126/><V105/><F105/><W103/><G103/><T17/><D17/><U9/><REACH who="1" step="1"/><E13/><REACH who="1" ten="194,50,476,270" step="2"/><V68/><F75/><W53/><G32/><T122/><D38/><U118/><E118/><V109/><F109/><W35/><G35/><T46/><D37/><RYUUKYOKU ba="0,1" sc="194,-10,50,30,476,-10,270,-10" hai1="9,14,19,44,49,58,63,67,85,86,91,92,96" owari="184,-22.0,80,-42.0,476,58.0,260,6.0" /></mjloggm>