<mjloggm ver="2.3"><GO type="97" lobby="0"/><UN n0="%E5%B5%AF%E5%B3%A8%E6%94%BF%E5%AE%97" n1="%E5%B0%B1%E6%B4%BB%E7%94%9F%40%E5%B7%9D%E6%9D%91%E8%BB%8D%E5%9B%A3" n2="%E5%AE%AE%E5%AD%90" n3="%E9%AD%94%E7%A5%9E%E5%A1%BE%E7%94%9F" dan="14,15,15,14" rate="2052.13,1994.29,1980.35,1940.89" sx="M,M,F,M"/><TAIKYOKU oya="0"/><INIT seed="0,0,0,4,5,23" ten="250,250,250,250" oya="0" hai0="0,9,88,65,122,61,70,10,19,115,107,114,102" hai1="110,30,6,33,40,58,12,99,130,112,106,101,49" hai2="50,119,45,67,2,27,20,125,13,98,5,86,80" hai3="134,3,135,90,39,18,1,64,68,104,84,82,17"/><T14/><D122/><U129/><E112/><V35/><F125/><W108/><G104/><T46/><D46/><U11/><E110/><V66/><F119/><W79/><G39/><T76/><D76/><U26/><REACH who="1" step="1"/><E58/><REACH who="1" ten="250,240,250,250" step="2"/><V111/><F111/><W120/><G108/><T16/><D114/><U63/><E63/><V126/><F126/><W54/><G120/><T77/><D115/><U100/><E100/><V91/><F45/><AGARI ba="0,1" hai="6,11,12,26,30,33,40,45,49,99,101,106,129,130" machi="45" ten="40,2600,0" yaku="1,1,52,1,53,0" doraHai="23" doraHaiUra="60" who="1" fromWho="2" sc="250,0,240,36,250,-26,250,0" /><INIT seed="1,0,0,1,2,16" ten="250,276,224,250" oya="1" hai0="42,91,85,6,97,118,13,67,94,53,57,52,122" hai1="14,33,135,92,124,15,62,58,51,71,112,114,106" hai2="23,111,127,110,84,96,10,89,9,93,109,29,82" hai3="32,100,55,126,41,119,47,123,35,69,66,73,39"/><U131/><E106/><V99/><F127/><W117/><G123/><T121/><D118/><U77/><E33/><V44/><F44/><W61/><G100/><T48/><D42/><U83/><E71/><V64/><F64/><W22/><G73/><T103/><D53/><U21/><E124/><V80/><F80/><W125/><G55/><T4/><D67/><U75/><E131/><V24/><REACH who="2" step="1"/><F99/><REACH who="2" ten="250,276,214,250" step="2"/><W8/><G126/><T37/><D37/><U3/><E114/><V116/><F116/><W72/><G125/><T101/><D121/><U90/><E112/><V132/><F132/><W25/><G66/><T134/><D122/><U27/><E135/><V7/><F7/><W19/><G119/><T113/><D113/><U0/><E58/><V56/><F56/><W105/><G69/><T63/><D134/><U128/><E128/><V74/><F74/><W60/><G72/><T107/><D101/><AGARI ba="0,1" hai="9,10,23,24,29,82,84,89,93,96,101,109,110,111" machi="101" ten="40,8000,1" yaku="1,1,14,1,52,1,53,1" doraHai="16" doraHaiUra="95" who="2" fromWho="0" sc="250,-80,276,0,214,90,250,0" /><INIT seed="2,0,0,1,2,105" ten="170,276,304,250" oya="2" hai0="94,126,50,65,72,56,91,79,97,39,81,87,28" hai1="109,0,36,69,66,125,24,17,37,55,122,121,123" hai2="11,5,133,129,59,54,10,131,33,135,119,100,118" hai3="67,88,7,29,14,106,30,43,41,116,20,84,92"/><V38/><F38/><N who="1" m="14953" /><E0/><V27/><F100/><W25/><G106/><T1/><D39/><U42/><E42/><V57/><F54/><W13/><G116/><N who="2" m="44585" /><F57/><W68/><G68/><T114/><D1/><U85/><E125/><V31/><F59/><W32/><G67/><T44/><D126/><U104/><E104/><V98/><F98/><W40/><G32/><T83/><D114/><U9/><E109/><V77/><F77/><W82/><G29/><T95/><D28/><U90/><E55/><V89/><F89/><N who="3" m="51351" /><G7/><T35/><D35/><U62/><E90/><V8/><F5/><W93/><G93/><T47/><D94/><U70/><E85/><AGARI ba="0,0" hai="13,14,20,25,30,40,41,43,85,88,92" m="51351" machi="85" ten="30,2000,0" yaku="8,1,54,1" doraHai="105" who="3" fromWho="1" sc="170,0,276,-20,304,0,250,20" /><INIT seed="3,0,0,0,3,122" ten="170,256,304,270" oya="3" hai0="38,109,20,132,26,51,113,54,124,96,114,58,71" hai1="52,16,0,85,36,50,35,12,18,76,118,77,112" hai2="74,55,37,129,31,75,1,13,134,19,123,40,69" hai3="15,116,98,107,130,2,104,59,33,53,68,11,97"/><W56/><G68/><T22/><D124/><U78/><E36/><V94/><F1/><W45/><G33/><T6/><D132/><U79/><E0/><V80/><F69/><W73/><G2/><T91/><D71/><U8/><E35/><V70/><F70/><W57/><G73/><T117/><D117/><U21/><E112/><N who="0" m="43113" /><D38/><U86/><E118/><V9/><F123/><W115/><G116/><T47/><D6/><U3/><N who="1" m="19968" /><DORA hai="121" /><U24/><REACH who="1" step="1"/><E3/><REACH who="1" ten="170,246,304,270" step="2"/><V105/><F37/><W88/><G115/><T131/><D131/><U89/><E89/><V84/><F129/><W83/><G130/><T133/><D133/><U60/><E60/><V99/><F134/><W135/><G135/><T42/><D26/><U110/><E110/><V62/><F62/><W82/><G107/><T102/><D91/><U72/><E72/><V7/><F105/><W14/><G104/><T81/><D81/><U103/><E103/><V127/><F80/><W108/><G108/><T63/><D109/><U92/><E92/><V28/><F94/><N who="3" m="56519" /><G98/><T39/><D39/><U120/><E120/><V100/><F99/><W128/><G128/><T29/><D29/><U106/><E106/><V41/><F75/><W46/><G83/><T32/><D32/><U64/><E64/><V17/><F74/><W34/><G34/><T44/><D44/><AGARI ba="0,1" hai="8,12,16,18,21,24,44,50,52,85,86" m="19968" machi="44" ten="50,8000,1" yaku="1,1,8,1,54,2,53,0" doraHai="122,121" doraHaiUra="101,27" who="1" fromWho="0" sc="170,-80,246,90,304,0,270,0" owari="90,-41.0,336,44.0,304,10.0,270,-13.0" /></mjloggm>