<mjloggm ver="2.3"><GO type="97" lobby="0"/><UN n0="%6B%61%6D%65%6E%61%6E%6E" n1="%E6%9D%BE%E9%87%8E%E8%8E%89%E5%A5%88" n2="%E9%9B%80%E9%AC%BC%E3%81%B2%E3%82%8D%E3%81%AB%E3%82%83%E3%82%93" n3="%E5%B0%B1%E6%B4%BB%E7%94%9F%40%E5%B7%9D%E6%9D%91%E8%BB%8D%E5%9B%A3" dan="13,14,13,15" rate="1860.04,1935.30,1861.73,1952.99" sx="M,F,F,M"/><TAIKYOKU oya="0"/><INIT seed="0,0,0,3,0,19" ten="250,250,250,250" oya="0" hai0="85,33,129,26,0,32,29,49,131,98,81,96,9" hai1="74,102,42,6,113,47,75,2,135,83,86,28,84" hai2="82,122,73,57,67,100,41,14,112,125,130,95,69" hai3="120,117,35,115,21,58,132,10,60,27,134,118,48"/><T89/><D33/><U68/><E68/><V18/><F69/><W25/><G115/><T110/><D110/><U63/><E63/><V80/><F122/><W56/><G120/><T103/><D49/><U87/><E135/><N who="3" m="51754" /><G35/><T1/><D96/><U109/><E109/><V38/><F112/><W43/><G10/><T79/><D89/><U16/><E113/><V124/><F130/><W4/><G4/><T12/><D12/><U105/><E28/><V99/><F41/><W11/><G11/><T22/><D32/><U94/><E2/><V54/><F67/><N who="3" m="39303" /><G27/><T61/><D61/><U101/><E6/><V76/><F38/><W70/><G70/><T71/><D71/><U39/><E105/><V111/><F111/><W88/><G88/><T72/><D72/><U133/><E133/><V37/><F37/><W62/><G48/><T17/><D29/><U55/><E74/><V127/><F80/><W91/><G91/><T7/><REACH who="0" step="1"/><D0/><REACH who="0" ten="240,250,250,250" step="2"/><U15/><E75/><V128/><F128/><W64/><G43/><T50/><D50/><U114/><E42/><V30/><F30/><AGARI ba="0,1" hai="21,25,30,58,62,64,117,118" m="39303,51754" machi="30" ten="30,2000,0" yaku="20,1,52,1" doraHai="19" who="3" fromWho="2" sc="240,0,250,0,250,-20,250,30" /><INIT seed="1,0,0,3,3,16" ten="240,250,230,280" oya="1" hai0="105,34,81,86,134,14,121,27,90,2,66,82,125" hai1="72,47,87,108,91,22,70,8,12,130,4,79,84" hai2="44,63,85,0,45,122,30,114,96,62,17,3,33" hai3="10,48,103,88,133,39,124,123,100,109,83,115,67"/><U77/><E70/><V113/><F122/><W1/><G39/><T43/><D2/><N who="2" m="554" /><F96/><W112/><G123/><T7/><D121/><U65/><E72/><V68/><F85/><N who="3" m="50239" /><G1/><T60/><D105/><U36/><E65/><N who="2" m="41015" /><F63/><W69/><G69/><T99/><D43/><U104/><E104/><V5/><F5/><W101/><G124/><T75/><D99/><U25/><E87/><V49/><F49/><W21/><G109/><T32/><D125/><U52/><E36/><V129/><F129/><W28/><G133/><T59/><D34/><U118/><E130/><V93/><F93/><W11/><G115/><N who="2" m="44041" /><F17/><W80/><G112/><T37/><D37/><U58/><E118/><V97/><F97/><W117/><G117/><T50/><D50/><N who="1" m="28767" /><E58/><V74/><F74/><W128/><G128/><T40/><D40/><U31/><E108/><V57/><F57/><W29/><G67/><T135/><D75/><U61/><E61/><V102/><F102/><W19/><G80/><AGARI ba="0,0" hai="4,8,12,22,25,31,77,79,80,84,91" m="28767" machi="80" ten="30,5800,0" yaku="8,1,52,1,54,1" doraHai="16" who="1" fromWho="3" sc="240,0,250,58,230,0,280,-58" /><INIT seed="1,1,0,5,3,79" ten="240,308,230,222" oya="1" hai0="99,24,48,130,112,22,43,90,89,78,32,23,117" hai1="116,74,44,109,15,122,81,28,34,39,8,60,84" hai2="49,121,124,27,88,3,98,125,101,20,2,7,5" hai3="53,91,103,19,30,46,29,38,113,118,108,123,85"/><U93/><E116/><V40/><F121/><W120/><G113/><T102/><D117/><U76/><E122/><V95/><F7/><W55/><G118/><T42/><D112/><U1/><E109/><V134/><F134/><W59/><G108/><T41/><D32/><U0/><E60/><V107/><F49/><N who="3" m="28855" /><G38/><T104/><D78/><U73/><E28/><N who="3" m="10858" /><G123/><T82/><D130/><U94/><E34/><V61/><F61/><N who="3" m="36095" /><G120/><T67/><D67/><U16/><E73/><V129/><F40/><W119/><G119/><T12/><D48/><U6/><E84/><N who="2" m="52615" /><F129/><W110/><G110/><T45/><D45/><U72/><E72/><V14/><F2/><W47/><G47/><T132/><D24/><U52/><E0/><V56/><F3/><W10/><G103/><T133/><D90/><U111/><E111/><V100/><F56/><W31/><N who="3" m="10866" /><W25/><DORA hai="71" /><G25/><T11/><D11/><N who="1" m="6271" /><E52/><V64/><F64/><W80/><G19/><T17/><D23/><U69/><E69/><V127/><F101/><W77/><G10/><T106/><D104/><U87/><E74/><V58/><F58/><W114/><G114/><T128/><D128/><U66/><E8/><N who="2" m="4367" /><F20/><W83/><G77/><T105/><D105/><U70/><E76/><V36/><F27/><W33/><G33/><T54/><D54/><U97/><E70/><V126/><F126/><W135/><G135/><T131/><D131/><U18/><E66/><V21/><F21/><W86/><G86/><N who="0" m="50391" /><D133/><U115/><E115/><V26/><F26/><W13/><G13/><T75/><D132/><U57/><E1/><RYUUKYOKU ba="1,0" sc="240,10,308,-30,230,10,222,10" hai0="12,17,22,41,42,43,75,99,102,106" hai2="36,98,100,107,124,125,127" hai3="80,83,85,91" /><INIT seed="2,2,0,2,1,12" ten="250,278,240,232" oya="2" hai0="119,60,111,16,50,81,24,58,47,76,77,110,42" hai1="104,54,90,134,130,120,105,135,25,69,73,126,80" hai2="113,40,132,68,125,45,46,8,65,41,133,72,13" hai3="114,27,32,19,79,56,92,128,44,64,123,88,11"/><V109/><F113/><W7/><G123/><T48/><D119/><U39/><E69/><V106/><F106/><W121/><G114/><T4/><D50/><U31/><E39/><V95/><F72/><W93/><G121/><T35/><D4/><U98/><E126/><V28/><F28/><W131/><G79/><T100/><D100/><U1/><E1/><V22/><F22/><N who="3" m="13791" /><G32/><T71/><D71/><U115/><E115/><V37/><F125/><W116/><G116/><T97/><D97/><U91/><E130/><N who="3" m="49706" /><G44/><T18/><D76/><N who="1" m="44047" /><E120/><V66/><F109/><N who="0" m="41482" /><D24/><U74/><E74/><V96/><F68/><W86/><G56/><T61/><D35/><N who="1" m="20975" /><E105/><V101/><F132/><N who="1" m="50729" /><E54/><V34/><F34/><W122/><G122/><T26/><D26/><U75/><E75/><V30/><F133/><W82/><G64/><N who="0" m="38935" /><D61/><U89/><E104/><V112/><F112/><W62/><G62/><T33/><D33/><U67/><E67/><V53/><F53/><W102/><G102/><T52/><D42/><U99/><AGARI ba="2,0" hai="89,90,91,98,99" m="50729,20975,44047" machi="99" ten="40,1500,0" yaku="20,1" doraHai="12" who="1" fromWho="1" sc="250,-6,278,21,240,-9,232,-6" /><INIT seed="3,0,0,3,3,13" ten="244,299,231,226" oya="3" hai0="126,100,121,75,114,97,49,111,28,135,90,2,99" hai1="52,128,112,50,53,40,109,71,105,133,131,6,80" hai2="93,59,91,102,95,87,134,116,39,11,5,24,124" hai3="9,83,55,120,70,65,107,36,58,98,63,29,19"/><W77/><G120/><T118/><D121/><U85/><E109/><V35/><F116/><W79/><G36/><T0/><D118/><U78/><E133/><V62/><F39/><W31/><G107/><T67/><D75/><U84/><E112/><V82/><F134/><W34/><G34/><T130/><D135/><U30/><E71/><V56/><F124/><W22/><G98/><T119/><D119/><U1/><E105/><V57/><F35/><W25/><G9/><T86/><D126/><U96/><E30/><V32/><F32/><W10/><G10/><T69/><D114/><U113/><E113/><V3/><F24/><W64/><G79/><T66/><D111/><U68/><E68/><V127/><F127/><W47/><G47/><T74/><D74/><U42/><E96/><V106/><F106/><W7/><G7/><T88/><D49/><U41/><E84/><V38/><F38/><W60/><REACH who="3" step="1"/><G55/><REACH who="3" ten="244,299,231,216" step="2"/><T51/><D99/><U20/><E53/><V132/><F132/><W108/><G108/><T76/><D97/><U81/><E6/><V27/><F102/><W46/><G46/><T122/><D100/><U15/><E52/><V104/><F104/><W8/><G8/><T14/><D122/><U117/><E78/><V125/><F125/><W103/><G103/><T48/><D76/><U18/><E1/><V33/><REACH who="2" step="1"/><F62/><REACH who="2" ten="244,299,221,216" step="2"/><W4/><G4/><T44/><D0/><U73/><E117/><V72/><F72/><AGARI ba="0,2" hai="19,22,25,29,31,58,60,63,64,65,70,72,77,83" machi="72" ten="30,5800,0" yaku="1,1,7,1,52,1,53,0" doraHai="13" doraHaiUra="110" who="3" fromWho="2" sc="244,0,299,0,221,-58,216,78" /><INIT seed="3,1,0,3,3,20" ten="244,299,163,294" oya="3" hai0="117,37,72,4,25,92,78,7,129,46,33,64,106" hai1="55,27,102,49,8,79,75,84,56,91,83,21,47" hai2="5,17,81,41,123,30,124,12,16,118,36,132,111" hai3="6,19,74,69,95,93,10,35,1,108,99,51,68"/><W105/><G35/><T128/><D117/><U14/><E102/><V130/><F118/><W22/><G74/><T100/><D92/><U54/><E75/><V38/><F30/><W131/><G131/><N who="0" m="50251" /><D64/><U94/><E94/><V96/><F130/><W85/><G108/><T42/><D100/><U52/><E79/><V61/><F111/><W23/><G23/><T90/><D90/><U104/><E104/><V45/><F38/><W115/><G115/><T9/><D106/><U86/><E86/><V50/><F36/><W110/><G110/><T63/><D63/><U82/><E82/><V98/><F132/><W97/><G105/><T29/><D9/><U44/><E44/><V127/><F123/><W134/><G134/><T3/><D3/><U60/><E8/><N who="2" m="4111" /><F61/><W39/><G85/><T40/><D42/><N who="1" m="24823" /><E14/><V24/><F81/><AGARI ba="1,0" hai="4,7,25,29,33,37,40,46,72,78,81" m="50251" machi="81" ten="30,2000,0" yaku="19,1,52,1" doraHai="20" who="0" fromWho="2" sc="244,23,299,0,163,-23,294,0" /><INIT seed="4,0,0,2,4,103" ten="267,299,140,294" oya="0" hai0="99,79,61,94,13,6,128,56,22,129,107,114,60" hai1="46,88,77,84,89,98,112,132,58,120,110,52,106" hai2="70,7,101,57,86,14,134,11,95,24,23,44,93" hai3="17,18,131,66,133,42,127,31,27,15,102,69,116"/><T85/><D114/><U126/><E110/><V104/><F70/><W82/><G116/><T90/><D61/><N who="1" m="36039" /><E120/><V51/><F134/><W32/><G133/><T67/><D6/><U122/><E122/><V75/><F75/><W26/><G131/><N who="0" m="50251" /><D13/><U83/><E132/><V121/><F121/><W78/><G127/><T9/><D9/><U1/><E1/><V72/><F72/><W62/><G42/><T40/><D22/><U3/><E3/><V55/><F86/><W39/><G39/><T45/><D79/><U4/><E126/><V59/><F59/><W30/><G102/><N who="0" m="62943" /><D45/><U124/><E124/><V64/><F104/><W28/><G15/><T41/><AGARI ba="0,0" hai="40,41,56,60,67,85,90,94" m="62943,50251" machi="41" ten="30,3000,0" yaku="19,1,52,1" doraHai="103" who="0" fromWho="0" sc="267,30,299,-10,140,-10,294,-10" /><INIT seed="4,1,0,1,0,116" ten="297,289,130,284" oya="0" hai0="117,118,65,75,20,26,52,55,48,76,86,103,96" hai1="44,32,56,111,81,107,27,127,59,37,129,10,135" hai2="121,11,41,28,71,110,109,19,6,51,115,43,34" hai3="101,9,2,90,53,82,77,0,105,60,38,85,94"/><T125/><D125/><U72/><E111/><V36/><F71/><W24/><G38/><T45/><D75/><U17/><E107/><V120/><F36/><W42/><G42/><T12/><D12/><U79/><E127/><V15/><F51/><W47/><G24/><T21/><D65/><U104/><E104/><V130/><F43/><W14/><G101/><T64/><D64/><U119/><E119/><V1/><F41/><W124/><G124/><T25/><D55/><U23/><E135/><V8/><F115/><W40/><G105/><T89/><D76/><U113/><E113/><V16/><F130/><W39/><G53/><T7/><D7/><U126/><E126/><V134/><F134/><W93/><G60/><T73/><D73/><U5/><E32/><V78/><F78/><W102/><G102/><T133/><D133/><U30/><E30/><V49/><F49/><W114/><G93/><N who="0" m="58767" /><D118/><U74/><E74/><V31/><F34/><W58/><G58/><T98/><D98/><U108/><E129/><V3/><F15/><W92/><G92/><N who="0" m="54327" /><D117/><U84/><E84/><V128/><F128/><W91/><G114/><T18/><D18/><U61/><E61/><V54/><F54/><W99/><REACH who="3" step="1"/><G77/><REACH who="3" ten="297,289,130,274" step="2"/><T63/><D63/><U13/><E108/><V70/><F70/><W122/><G122/><T132/><D132/><U22/><E59/><V112/><F112/><W66/><G66/><T80/><D80/><U123/><E56/><V69/><F69/><W67/><G67/><T68/><D68/><U87/><E123/><V62/><F62/><W83/><G83/><RYUUKYOKU ba="1,1" sc="297,10,289,-30,130,10,274,10" hai0="20,21,25,26,45,48,52" hai2="1,3,6,8,11,16,19,28,31,109,110,120,121" hai3="0,2,9,14,39,40,47,82,85,90,91,94,99" owari="317,42.0,259,-14.0,140,-36.0,284,8.0" /></mjloggm>