<mjloggm ver="2.3"><GO type="41" lobby="0"/><UN n0="%E9%81%8A%E6%98%9F" n1="%73%6F%75%6D%69%6C%6F%6E" n2="%E5%B0%B1%E6%B4%BB%E7%94%9F%40%E5%B7%9D%E6%9D%91%E8%BB%8D%E5%9B%A3" n3="%58%65%6E%6F%6E%35%31%38" dan="15,15,14,14" rate="1987.14,2035.11,1984.48,1808.58" sx="M,F,M,M"/><TAIKYOKU oya="0"/><INIT seed="0,0,0,5,1,111" ten="250,250,250,250" oya="0" hai0="45,125,55,60,53,39,4,8,88,94,0,134,126" hai1="86,18,27,128,107,62,63,115,72,24,25,82,67" hai2="104,69,64,5,120,49,30,35,124,100,42,113,118" hai3="92,37,121,33,10,132,84,31,85,32,6,54,19"/><T57/><D134/><U70/><E72/><V48/><F120/><W46/><G132/><T47/><D39/><U119/><E107/><V1/><F118/><W74/><G74/><T95/><D95/><U68/><E119/><V103/><F42/><W21/><G121/><T29/><D29/><U112/><E128/><V71/><F124/><N who="0" m="47722" /><D55/><U90/><E18/><V98/><F103/><W11/><G11/><T99/><AGARI ba="0,0" hai="0,4,8,45,47,53,57,60,88,94,99" m="47722" machi="99" ten="30,3000,0" yaku="18,1,54,1" doraHai="111" who="0" fromWho="0" sc="250,30,250,-10,250,-10,250,-10" /><INIT seed="0,1,0,4,5,46" ten="280,240,240,240" oya="0" hai0="101,66,41,91,135,78,127,80,108,118,130,105,93" hai1="120,117,84,61,29,18,60,81,10,125,90,1,85" hai2="25,44,98,42,75,72,95,110,48,104,124,39,79" hai3="115,76,92,89,12,102,112,3,111,82,45,107,22"/><T67/><D118/><U113/><E120/><V21/><F124/><W96/><G3/><T24/><D127/><U86/><E117/><V126/><F126/><W36/><G22/><T9/><D130/><U32/><E113/><V103/><F110/><W119/><G119/><T38/><D108/><U87/><E125/><V34/><F34/><W100/><G111/><T11/><D135/><U77/><E32/><V64/><F64/><W99/><G12/><T17/><D105/><U20/><E29/><V65/><F65/><W52/><G36/><T109/><D101/><U47/><E47/><V23/><F23/><W5/><G5/><T83/><D109/><U6/><REACH who="1" step="1"/><E77/><REACH who="1" ten="280,230,240,240" step="2"/><V106/><F79/><W69/><G115/><T50/><D78/><U121/><E121/><V122/><F122/><W53/><G112/><T57/><D38/><U73/><E73/><V2/><F75/><W116/><G116/><T16/><D57/><U56/><E56/><V133/><F72/><W4/><G69/><T27/><D91/><U43/><E43/><V68/><F68/><W129/><G129/><T30/><D41/><U31/><E31/><V15/><F44/><W37/><G45/><T13/><D30/><U14/><AGARI ba="1,1" hai="1,6,10,14,18,20,60,61,81,84,85,86,87,90" machi="14" ten="30,2000,0" yaku="1,1,0,1,53,0" doraHai="46" doraHaiUra="88" who="1" fromWho="1" sc="280,-11,230,33,240,-6,240,-6" /><INIT seed="1,0,0,4,2,39" ten="269,263,234,234" oya="1" hai0="33,61,106,4,67,63,108,109,116,38,81,28,87" hai1="9,126,66,90,3,53,105,124,122,32,34,113,59" hai2="51,104,27,70,31,47,0,80,82,68,30,121,29" hai3="35,110,44,12,16,135,117,112,107,119,103,37,19"/><U101/><E113/><V42/><F121/><W115/><G35/><T13/><D116/><N who="3" m="44617" /><G107/><T7/><D106/><U95/><E66/><V114/><F114/><N who="3" m="43563" /><G103/><T77/><D38/><U134/><E134/><V8/><F104/><W49/><G37/><T97/><D97/><U50/><E101/><V18/><F70/><W24/><G135/><T98/><D98/><N who="1" m="57719" /><E105/><V133/><F68/><W91/><G110/><N who="0" m="42603" /><D13/><U71/><E122/><V118/><F118/><W76/><G76/><T79/><D79/><U10/><E71/><V64/><F64/><W78/><G78/><T130/><D130/><U128/><E128/><V94/><F133/><W102/><G102/><T96/><D96/><U84/><E84/><V26/><F94/><W92/><G24/><N who="2" m="9257" /><F0/><W15/><G15/><AGARI ba="0,0" hai="8,15,18,29,30,31,42,47,51,80,82" m="9257" machi="15" ten="30,2000,0" yaku="8,1,52,1" doraHai="39" who="2" fromWho="3" sc="269,0,263,0,234,20,234,-20" /><INIT seed="2,0,0,3,2,73" ten="269,263,254,214" oya="2" hai0="105,83,107,5,68,131,114,102,112,19,12,121,74" hai1="64,53,13,36,78,34,93,65,27,133,54,21,90" hai2="41,22,15,0,87,100,7,130,32,48,71,40,113" hai3="10,69,89,20,77,49,24,4,129,111,97,123,11"/><V81/><F113/><N who="0" m="43626" /><D19/><U58/><E36/><V66/><F32/><W8/><G123/><T120/><D12/><U63/><E34/><V119/><F119/><W125/><G69/><T79/><D5/><U75/><E133/><V38/><F38/><W62/><G129/><T6/><D6/><U31/><E13/><V16/><F130/><W126/><G111/><T109/><D68/><U60/><E54/><V72/><F72/><W98/><G62/><T3/><D3/><U43/><E43/><V56/><F100/><W17/><G4/><T52/><D52/><U135/><E135/><V42/><F71/><W23/><G49/><T88/><D131/><U57/><E53/><N who="2" m="31783" /><F0/><W110/><G110/><T55/><D55/><U91/><E93/><V25/><F66/><W46/><G46/><T30/><D30/><U39/><E39/><V35/><F35/><W118/><G118/><T18/><D18/><U101/><REACH who="1" step="1"/><E101/><REACH who="1" ten="269,253,254,214" step="2"/><V82/><F7/><W132/><G132/><T134/><D109/><U104/><E104/><N who="0" m="40009" /><D134/><U128/><E128/><V45/><F45/><W127/><G127/><T76/><D102/><U29/><E29/><V67/><F67/><W80/><G126/><T9/><D9/><U115/><E115/><V96/><F15/><N who="3" m="9279" /><G125/><T70/><D121/><U37/><E37/><V85/><F42/><W61/><G11/><T44/><D120/><U33/><E33/><V117/><F41/><W86/><G61/><T94/><D94/><U95/><E95/><V108/><F40/><W26/><G10/><T47/><D47/><U59/><E59/><V51/><F108/><RYUUKYOKU ba="0,1" sc="269,-10,253,30,254,-10,214,-10" hai1="21,27,31,57,58,60,63,64,65,75,78,90,91" /><INIT seed="3,1,1,3,0,83" ten="259,283,244,204" oya="3" hai0="6,85,133,46,55,132,84,130,28,51,69,118,32" hai1="80,68,103,25,8,77,49,111,109,40,105,75,123" hai2="44,89,100,98,35,76,106,5,82,17,11,122,70" hai3="104,124,60,42,57,135,108,45,43,41,47,22,129"/><W9/><G104/><T131/><D118/><U93/><E123/><V53/><F122/><W15/><G124/><T97/><D69/><U102/><E68/><V65/><F35/><W10/><G129/><N who="0" m="49163" /><D6/><U87/><E25/><V38/><F17/><W2/><G135/><N who="0" m="51787" /><D97/><N who="1" m="61679" /><E8/><V39/><F89/><W81/><G2/><T72/><D72/><N who="1" m="43047" /><E49/><V119/><F119/><W48/><G47/><T79/><D79/><U90/><E40/><V20/><F20/><W128/><G128/><T26/><AGARI ba="1,1" hai="26,28,32,46,51,55,84,85" m="51787,49163" machi="26" ten="40,8000,1" yaku="19,1,20,1,52,2" doraHai="83" who="0" fromWho="0" sc="259,93,283,-21,244,-21,204,-41" /><INIT seed="4,0,0,0,2,80" ten="352,262,223,163" oya="0" hai0="21,41,87,118,53,51,62,114,91,117,45,70,36" hai1="120,76,106,92,72,11,67,20,75,6,2,14,127" hai2="52,105,29,93,129,68,64,3,89,42,84,99,7" hai3="134,109,19,60,97,98,130,5,96,37,135,65,66"/><T27/><D114/><U108/><E106/><V85/><F129/><W103/><G37/><T88/><D91/><U94/><E120/><V10/><F42/><W83/><G5/><T43/><D43/><U50/><E108/><V110/><F110/><W9/><G109/><T31/><D62/><U113/><E127/><V63/><F105/><W77/><G130/><T132/><D70/><U47/><E67/><V17/><F29/><W122/><G103/><T128/><D132/><U131/><E131/><V16/><F52/><W55/><G55/><T86/><D86/><U82/><E113/><V100/><REACH who="2" step="1"/><F85/><REACH who="2" ten="352,262,213,163" step="2"/><N who="3" m="48367" /><G122/><T35/><D128/><U59/><E75/><V33/><F33/><W30/><G30/><T116/><D35/><U112/><E112/><V121/><F121/><W24/><G60/><T4/><D118/><U54/><E72/><V39/><F39/><W124/><G124/><T23/><D117/><U115/><E115/><V49/><F49/><W119/><G119/><T1/><D116/><U25/><E47/><V101/><F101/><W13/><G135/><T133/><D133/><U71/><E54/><V81/><AGARI ba="0,1" hai="3,7,10,16,17,63,64,68,81,84,89,93,99,100" machi="81" ten="20,8000,1" yaku="1,1,0,1,7,1,52,1,54,1,53,0" doraHai="80" doraHaiUra="69" who="2" fromWho="2" sc="352,-40,262,-20,213,90,163,-20" /><INIT seed="5,0,0,3,5,54" ten="312,242,303,143" oya="1" hai0="38,62,59,126,40,18,81,19,91,47,123,73,66" hai1="128,29,68,72,52,105,22,89,16,117,32,17,109" hai2="93,134,39,48,120,85,110,64,71,33,65,1,88" hai3="129,115,11,70,127,111,124,98,21,49,45,116,74"/><U132/><E117/><V104/><F110/><W96/><G70/><T80/><D126/><U13/><E68/><V131/><F39/><W55/><G116/><T24/><D123/><U100/><E72/><V102/><F1/><W20/><G111/><T56/><D24/><U7/><E109/><V75/><F75/><W8/><G74/><T101/><D101/><U44/><E128/><V27/><F120/><W107/><G129/><T63/><D81/><U90/><E100/><V2/><F2/><W37/><G37/><T3/><D3/><U86/><E105/><V99/><F131/><W67/><G67/><T83/><D83/><U14/><E32/><V12/><F134/><W108/><G108/><T61/><D61/><U78/><E29/><N who="2" m="19647" /><F64/><W121/><G121/><T28/><D28/><U94/><E132/><V82/><F48/><W26/><G115/><T119/><D119/><U34/><E34/><V103/><F12/><W79/><G79/><T0/><D0/><U43/><E78/><V23/><F23/><W46/><G46/><T92/><D80/><U84/><E7/><V6/><F102/><W10/><G107/><T42/><D42/><U77/><E43/><V31/><F31/><W122/><G122/><T113/><D113/><U9/><E77/><V106/><F6/><W76/><G76/><T30/><D30/><U4/><E4/><V36/><F36/><W135/><G135/><T41/><D41/><U5/><E5/><V60/><F106/><W95/><G26/><T97/><D73/><U15/><E86/><V57/><F104/><W58/><G127/><RYUUKYOKU ba="0,0" sc="312,15,242,-15,303,15,143,-15" hai0="18,19,38,40,47,56,59,62,63,66,91,92,97" hai2="57,60,65,71,82,85,88,93,99,103" /><INIT seed="6,1,0,1,1,95" ten="327,227,318,128" oya="2" hai0="13,11,65,66,91,18,85,54,9,114,133,105,121" hai1="82,69,15,99,23,62,108,49,111,16,55,37,78" hai2="67,76,117,75,100,96,59,14,71,116,8,101,3" hai3="123,119,50,4,63,134,70,104,45,72,93,84,98"/><V87/><F75/><W19/><G123/><T22/><D121/><U97/><E37/><V53/><F3/><W128/><G119/><T25/><D114/><U44/><E69/><V79/><F71/><W130/><G72/><T135/><D105/><U10/><E62/><V28/><F67/><W80/><G104/><T58/><D133/><U48/><E108/><V103/><F28/><W36/><G36/><T39/><D39/><U30/><E111/><V1/><F1/><W127/><G4/><N who="0" m="3303" /><D9/><U51/><E51/><V73/><F73/><W74/><G74/><T24/><D24/><N who="1" m="16671" /><E48/><V56/><F56/><W57/><G70/><T94/><D135/><U0/><E0/><V86/><F116/><W129/><G127/><T5/><D5/><U60/><E60/><AGARI ba="1,0" hai="18,22,25,54,58,60,65,66,85,91,94" m="3303" machi="60" ten="30,1000,0" yaku="8,1" doraHai="95" who="0" fromWho="1" sc="327,13,227,-13,318,0,128,0" /><INIT seed="7,0,0,0,5,102" ten="340,214,318,128" oya="3" hai0="17,126,21,38,20,90,110,29,19,82,103,105,64" hai1="81,70,1,75,120,96,26,104,50,115,100,89,62" hai2="78,49,72,36,5,130,33,56,68,39,73,43,27" hai3="79,42,54,112,18,61,66,80,117,86,31,51,118"/><W34/><G112/><T48/><D38/><U58/><E1/><V15/><F130/><W108/><G108/><T16/><D110/><U32/><E115/><V133/><F133/><W123/><G123/><T92/><D126/><U132/><E132/><V12/><F68/><W63/><G42/><T114/><D105/><U11/><E120/><V28/><F39/><W74/><G74/><T106/><D106/><U76/><E50/><V65/><F36/><W128/><G128/><T55/><D103/><U59/><E11/><V40/><F40/><W2/><G2/><T35/><D35/><U109/><E109/><V69/><F69/><W124/><G124/><T87/><D64/><N who="1" m="41239" /><E89/><V83/><F72/><W131/><G131/><T84/><D29/><AGARI ba="0,0" hai="26,29,32,58,59,75,76,81,96,100,104" m="41239" machi="29" ten="30,2000,0" yaku="25,1,52,1" doraHai="102" who="1" fromWho="0" sc="340,-20,214,20,318,0,128,0" owari="320,42.0,234,-17.0,318,12.0,128,-37.0" /></mjloggm>