<mjloggm ver="2.3"><GO type="225" lobby="0"/><UN n0="%E3%83%88%E3%83%88%E3%83%AA%E5%85%88%E7%94%9F%31%39%E6%AD%B3" n1="%74%61%6B%65%2D%79%6F%75" n2="%E3%82%B7%E3%83%AD%E3%82%AF%E3%83%AD" n3="%E4%B8%87%E8%83%BD%E3%81%AD%E3%81%8E" dan="18,16,17,16" rate="2271.45,2018.98,2158.95,2065.03" sx="F,M,M,M"/><TAIKYOKU oya="0"/><INIT seed="0,0,0,3,3,111" ten="250,250,250,250" oya="0" hai0="122,105,59,27,78,102,99,29,25,52,69,89,121" hai1="48,6,70,128,125,133,85,39,43,83,82,26,80" hai2="40,115,55,28,37,127,4,61,120,117,79,118,84" hai3="57,74,112,17,124,66,86,77,18,22,131,12,56"/><T101/><D69/><U134/><E39/><V10/><F120/><W0/><G74/><T119/><D119/><N who="2" m="45578" /><F127/><W46/><G0/><T114/><D114/><U5/><E70/><V53/><F28/><W49/><G112/><T123/><D78/><U108/><E108/><V36/><F115/><W19/><G131/><T104/><D89/><U42/><E128/><V103/><F103/><W93/><G124/><T113/><D113/><U116/><E125/><V30/><F30/><W54/><G57/><T110/><D110/><U98/><E116/><V8/><F40/><N who="1" m="15401" /><E98/><V62/><F84/><W1/><G1/><T88/><D88/><N who="1" m="51239" /><E48/><V9/><F79/><W95/><G77/><T106/><D29/><U20/><E134/><V72/><F4/><N who="1" m="1641" /><E133/><V60/><F72/><W71/><G71/><T16/><D102/><U129/><E129/><V50/><F50/><W94/><G86/><T11/><D99/><U135/><E135/><V34/><F34/><W68/><G68/><T92/><D101/><U100/><E100/><V47/><F47/><W14/><REACH who="3" step="1"/><G22/><REACH who="3" ten="250,250,250,240" step="2"/><T23/><D23/><U126/><E126/><V107/><F107/><W32/><G32/><T31/><D106/><U33/><E33/><V73/><F73/><W87/><G87/><T109/><D109/><U76/><E76/><V130/><F130/><W13/><G13/><N who="0" m="7231" /><D105/><U75/><E75/><V15/><F15/><W2/><G2/><T63/><D104/><U64/><E64/><V90/><F90/><W35/><G35/><N who="0" m="20975" /><D27/><U96/><E96/><V41/><F36/><W97/><G97/><T3/><D3/><RYUUKYOKU ba="0,1" sc="250,0,250,0,250,0,240,0" hai0="52,59,63,92,121,122,123" hai1="20,26,82,83" hai2="8,9,10,37,41,53,55,60,61,62" hai3="12,14,17,18,19,46,49,54,56,66,93,94,95" /><INIT seed="0,1,1,4,4,107" ten="250,250,250,240" oya="0" hai0="19,29,64,50,109,113,25,104,86,121,129,84,57" hai1="22,81,95,42,2,119,110,37,126,43,28,7,125" hai2="61,62,40,124,35,58,96,27,114,66,115,9,49" hai3="71,116,36,12,13,122,87,112,127,92,93,0,63"/><T72/><D113/><U133/><E119/><V88/><F124/><N who="1" m="47721" /><E110/><V79/><F79/><W52/><G0/><T32/><D121/><U98/><E133/><V128/><F128/><W135/><G112/><T123/><D123/><U131/><E131/><V46/><F9/><W30/><G122/><T132/><D104/><U65/><E65/><V45/><F45/><W24/><G36/><T68/><D129/><U16/><E28/><V20/><F35/><W53/><G116/><T44/><D68/><U14/><E37/><V80/><F62/><W73/><G87/><T74/><D132/><U90/><E81/><V77/><F96/><W56/><G135/><T130/><D130/><U100/><E90/><V82/><F82/><W18/><G127/><T4/><D4/><U103/><E103/><V8/><F8/><AGARI ba="1,1" hai="2,7,8,14,16,22,42,43,95,98,100" m="47721" machi="8" ten="30,2000,0" yaku="18,1,54,1" doraHai="107" who="1" fromWho="2" sc="250,0,250,33,250,-23,240,0" /><INIT seed="1,0,0,0,0,109" ten="250,283,227,240" oya="1" hai0="97,96,127,129,82,1,39,27,23,20,85,5,125" hai1="18,3,17,102,34,10,118,78,11,43,81,24,69" hai2="0,44,7,68,22,83,67,115,99,56,75,123,95" hai3="42,120,105,46,71,2,130,111,47,41,8,57,25"/><U63/><E118/><V14/><F123/><W53/><G105/><T108/><D39/><U9/><E3/><V36/><F68/><W76/><G71/><T117/><D117/><U49/><E102/><V128/><F128/><W21/><G130/><T135/><D108/><U12/><E69/><V62/><F22/><W51/><G111/><T30/><D135/><U52/><E34/><V66/><F14/><W98/><G98/><T103/><D129/><U112/><E112/><V59/><F7/><W94/><G94/><T106/><D97/><U19/><E24/><V50/><F0/><W124/><G124/><N who="0" m="47691" /><D5/><U31/><E31/><V80/><F36/><W26/><G8/><T61/><D61/><U35/><E35/><V93/><F115/><W87/><G2/><T38/><D38/><U88/><E63/><N who="2" m="38247" /><F75/><W37/><G120/><T74/><D74/><U121/><E43/><N who="2" m="24863" /><F93/><W90/><G26/><T65/><D65/><U113/><E113/><V104/><F104/><W133/><G37/><T126/><D1/><U70/><E70/><V72/><F72/><W6/><G6/><T114/><D114/><U132/><E121/><V54/><F67/><W131/><G131/><T15/><D15/><U134/><E12/><V119/><F119/><W107/><G133/><T32/><D126/><U4/><E4/><V110/><F110/><W45/><G107/><T16/><D16/><U116/><E116/><V29/><F29/><W122/><G122/><T48/><D48/><U58/><E134/><V60/><F60/><W101/><G51/><T100/><D100/><AGARI ba="0,0" hai="54,59,62,80,83,95,99,100" m="24863,38247" machi="100" ten="30,1000,0" yaku="8,1" doraHai="109" who="2" fromWho="0" sc="250,-10,283,0,227,10,240,0" /><INIT seed="2,0,0,3,4,70" ten="240,283,237,240" oya="2" hai0="36,2,93,52,46,7,102,104,101,78,105,27,81" hai1="34,99,66,57,118,103,32,13,83,39,4,74,30" hai2="12,71,58,89,98,88,41,61,47,31,50,125,131" hai3="14,53,113,97,29,65,56,86,10,38,116,135,96"/><V54/><F125/><W134/><G116/><T112/><D112/><U62/><E118/><V20/><F131/><W115/><G65/><T119/><D119/><U8/><E39/><V22/><F98/><N who="3" m="37995" /><G29/><T11/><D93/><U23/><E74/><V55/><F71/><W35/><G86/><T6/><D6/><U120/><E83/><V59/><F31/><W90/><G90/><T126/><D27/><N who="1" m="16767" /><E120/><V128/><F128/><W122/><G38/><T26/><D26/><U63/><E62/><N who="2" m="36183" /><F20/><W69/><G69/><T133/><D126/><U79/><E79/><V107/><F107/><W124/><G35/><T19/><D133/><N who="3" m="50697" /><G122/><T64/><D64/><U95/><AGARI ba="0,0" hai="4,8,13,32,34,57,63,66,95,99,103" m="16767" machi="95" ten="30,1100,0" yaku="25,1" doraHai="70" who="1" fromWho="1" sc="240,-3,283,11,237,-5,240,-3" /><INIT seed="3,0,0,4,4,100" ten="237,294,232,237" oya="3" hai0="121,58,103,44,53,56,57,114,50,77,128,125,91" hai1="38,26,7,40,10,84,35,0,37,119,27,107,55" hai2="43,101,11,85,112,109,8,110,129,18,134,92,61" hai3="14,70,86,23,120,67,82,6,12,48,28,135,87"/><W94/><G120/><T66/><D121/><U32/><E107/><V9/><F112/><W49/><G135/><T69/><D114/><U124/><E124/><V90/><F134/><W59/><G70/><T1/><D1/><U133/><E133/><V89/><F129/><W68/><G68/><T25/><D128/><U62/><E119/><V17/><F43/><W115/><G115/><T98/><D125/><U54/><E84/><V64/><F101/><W96/><G67/><T80/><D91/><U83/><E83/><V122/><F122/><W79/><G86/><T73/><D25/><U51/><E40/><V15/><F89/><W33/><G33/><T22/><D22/><U63/><E51/><N who="3" m="19530" /><G59/><T4/><D4/><U131/><E7/><V106/><F106/><W34/><G6/><T39/><D69/><U21/><E0/><V76/><F76/><W45/><G45/><T102/><D102/><U3/><E3/><V117/><F117/><W108/><G34/><T16/><D39/><U47/><E47/><V75/><F75/><W118/><G108/><N who="2" m="41577" /><F18/><W71/><G71/><AGARI ba="0,0" hai="8,9,11,15,17,61,64,71,85,90,92" m="41577" machi="71" ten="30,1000,0" yaku="14,1" doraHai="100" who="2" fromWho="3" sc="237,0,294,0,232,10,237,-10" /><INIT seed="4,0,0,2,5,78" ten="237,294,242,227" oya="0" hai0="92,85,95,47,130,83,24,87,68,81,86,133,91" hai1="77,122,63,1,117,73,67,37,79,103,11,43,30" hai2="20,96,59,27,125,60,31,28,75,109,127,112,52" hai3="23,108,88,6,66,40,126,7,89,13,101,115,104"/><T45/><D68/><U90/><E117/><V62/><F109/><W36/><G108/><T93/><D130/><U71/><E122/><V16/><F75/><W55/><G66/><T135/><D24/><U84/><E103/><V54/><F112/><W124/><G115/><T58/><D58/><U34/><E34/><V57/><F96/><N who="3" m="61479" /><G55/><T46/><D91/><N who="3" m="34889" /><G40/><T82/><AGARI ba="0,0" hai="45,46,47,81,82,83,85,86,87,92,93,95,133,135" machi="82" ten="40,48000,5" yakuman="40" doraHai="78" who="0" fromWho="0" sc="237,480,294,-160,242,-160,227,-160" owari="717,82.0,134,-7.0,82,-32.0,67,-43.0" /></mjloggm>