<mjloggm ver="2.3"><GO type="169" lobby="0"/><UN n0="%E7%BD%AE%E5%82%98" n1="%E3%82%B7%E3%83%B3%E3%83%87%E3%83%AB%E3%83%A9" n2="%E3%82%A6%E3%83%AB%E3%83%88%E3%83%A9%E7%AB%8B%E7%9B%B4" n3="%E6%B1%9A%E5%BF%8D" dan="17,16,16,16" rate="2256.05,2134.72,2103.00,2057.87" sx="M,M,M,M"/><TAIKYOKU oya="0"/><INIT seed="0,0,0,5,5,69" ten="250,250,250,250" oya="0" hai0="135,50,36,33,78,98,122,35,2,52,43,6,64" hai1="71,66,79,49,20,68,59,90,34,80,4,75,119" hai2="56,133,8,118,27,62,22,101,29,30,37,17,92" hai3="65,40,109,67,15,107,134,10,46,94,73,97,81"/><T45/><D122/><U7/><E34/><V3/><F133/><W25/><G107/><T112/><D112/><U13/><E119/><V87/><F118/><W47/><G109/><T89/><D135/><U38/><E38/><V32/><F37/><W117/><G117/><T57/><D64/><U53/><E68/><V126/><F126/><W128/><G128/><T123/><D123/><U14/><E14/><V105/><F105/><W115/><G25/><T100/><D89/><U88/><E71/><V86/><F30/><W39/><G47/><T104/><REACH who="0" step="1"/><D78/><REACH who="0" ten="240,250,250,250" step="2"/><U74/><E66/><V55/><F101/><W85/><G115/><T76/><D76/><U113/><E113/><V121/><F121/><W125/><G134/><T84/><D84/><U9/><E75/><V72/><F72/><W0/><G73/><T83/><D83/><U31/><E79/><V61/><F87/><W21/><G67/><T111/><D111/><U5/><E74/><V99/><F86/><W16/><G65/><T130/><D130/><U1/><E80/><V42/><F99/><W95/><G125/><T106/><D106/><U120/><E120/><V51/><F92/><W82/><G82/><T103/><D103/><U26/><E88/><V114/><F114/><W93/><G97/><T129/><D129/><U44/><E90/><V127/><F127/><W54/><G81/><T28/><D28/><U48/><E1/><V124/><F124/><W91/><G0/><T77/><D77/><U19/><E31/><V41/><F29/><W63/><G85/><T18/><D18/><U96/><E96/><RYUUKYOKU ba="0,1" sc="240,15,250,15,250,-15,250,-15" hai0="2,6,33,35,36,43,45,50,52,57,98,100,104" hai1="4,5,7,9,13,19,20,26,44,48,49,53,59" /><INIT seed="0,1,1,4,3,97" ten="255,265,235,235" oya="0" hai0="66,22,33,93,106,73,122,118,43,128,100,68,79" hai1="98,3,120,65,124,23,129,82,21,70,119,86,131" hai2="64,45,19,55,16,99,28,78,75,69,63,50,26" hai3="5,74,77,132,52,117,115,56,81,130,47,37,95"/><T62/><D22/><U40/><E119/><V89/><F78/><W123/><G117/><T135/><D93/><U90/><E120/><V107/><F75/><W71/><G115/><T14/><D14/><U87/><E124/><V96/><F96/><W7/><G71/><T0/><D118/><U109/><E109/><V61/><F61/><W34/><G34/><T25/><D43/><U1/><E40/><V112/><F112/><W104/><G104/><T2/><D135/><U134/><E134/><V29/><F29/><W51/><G132/><T121/><D128/><N who="1" m="49227" /><E98/><V46/><F46/><W17/><G130/><T6/><D6/><U44/><E44/><V35/><REACH who="2" step="1"/><F89/><REACH who="2" ten="255,265,225,235" step="2"/><W105/><G47/><T54/><D122/><U103/><E90/><V27/><F27/><W49/><G123/><T88/><D88/><U111/><E86/><V133/><F133/><W72/><G72/><T30/><D121/><U84/><E87/><V9/><F9/><W11/><G11/><T67/><D67/><U92/><E84/><V4/><F4/><W32/><G7/><T80/><D54/><U57/><E65/><V94/><F94/><W59/><G5/><T20/><D20/><U101/><E92/><V127/><F127/><W13/><G95/><T39/><D39/><U41/><E23/><V58/><F58/><W110/><G37/><T24/><D25/><U42/><E21/><V12/><F12/><W114/><G114/><T48/><D48/><U116/><E116/><V8/><F8/><N who="3" m="6311" /><G56/><T53/><D53/><U113/><E57/><V18/><F18/><W10/><G59/><RYUUKYOKU ba="1,2" sc="255,15,265,-15,225,15,235,-15" hai0="0,2,24,30,33,62,66,68,73,79,80,100,106" hai2="16,19,26,28,35,45,50,55,63,64,69,99,107" /><INIT seed="0,2,2,5,0,53" ten="270,250,240,220" oya="0" hai0="128,60,89,43,14,8,113,61,28,100,33,49,62" hai1="93,94,52,34,19,71,22,16,77,10,31,12,37" hai2="35,24,65,67,130,129,90,4,106,47,81,2,99" hai3="121,0,86,17,3,82,124,118,114,15,21,115,73"/><T59/><D113/><U40/><E71/><V112/><F112/><W79/><G118/><T57/><D128/><N who="2" m="49258" /><F47/><W108/><G108/><T105/><D105/><U98/><E77/><V18/><F4/><W25/><G121/><T75/><D75/><U13/><E34/><V42/><F42/><W11/><G115/><T111/><D100/><U9/><E31/><N who="2" m="19943" /><F2/><W119/><G119/><T107/><D107/><U125/><E125/><V63/><F18/><W70/><G114/><T55/><D111/><U88/><E37/><V45/><F45/><W68/><G124/><T51/><D33/><U133/><E133/><V126/><F126/><W103/><G103/><T101/><D101/><N who="1" m="60623" /><E40/><V44/><F44/><W30/><G3/><T50/><D28/><U39/><E39/><V1/><F1/><W131/><G131/><T20/><D20/><N who="1" m="11271" /><E52/><V64/><F106/><W74/><G0/><T56/><D43/><U6/><E6/><V23/><F23/><W41/><G41/><T87/><D55/><U29/><E29/><V78/><F78/><W27/><G25/><T83/><D50/><U92/><E92/><N who="2" m="56727" /><F81/><W5/><REACH who="3" step="1"/><G30/><REACH who="3" ten="270,250,240,210" step="2"/><T76/><REACH who="0" step="1"/><D76/><REACH who="0" ten="260,250,240,210" step="2"/><U102/><E102/><V96/><F96/><AGARI ba="2,4" hai="9,10,13,19,22,88,94,96" m="11271,60623" machi="96" ten="30,3900,0" yaku="8,1,54,2" doraHai="53" who="1" fromWho="2" sc="260,0,250,85,240,-45,210,0" /><INIT seed="1,0,0,0,1,56" ten="260,335,195,210" oya="1" hai0="82,27,53,65,61,117,115,88,120,95,32,91,78" hai1="134,42,55,79,54,72,26,86,8,49,116,57,92" hai2="81,29,128,38,30,87,23,118,84,130,47,67,106" hai3="97,104,60,45,40,103,114,100,36,39,68,20,28"/><U19/><E116/><V105/><F118/><W75/><G114/><T43/><D115/><U89/><E134/><V1/><F1/><W111/><G111/><T135/><D117/><U10/><E42/><N who="2" m="22999" /><F67/><W119/><G119/><T59/><D120/><U121/><E121/><V63/><F87/><W94/><G75/><T85/><D135/><U3/><E3/><V98/><F63/><W25/><G104/><T102/><D43/><U90/><E72/><V58/><F58/><W46/><G46/><T21/><D32/><U107/><E107/><V12/><F98/><W50/><REACH who="3" step="1"/><G103/><REACH who="3" ten="260,335,195,200" step="2"/><T17/><D102/><U11/><E79/><N who="2" m="46143" /><F106/><W48/><G48/><T69/><D95/><U9/><E90/><V101/><F101/><W83/><G83/><T124/><D124/><U16/><E89/><V71/><F105/><W125/><G125/><T74/><D74/><U51/><E92/><V31/><F71/><W14/><G14/><T7/><D7/><U64/><E49/><AGARI ba="0,1" hai="17,21,27,49,53,59,61,65,69,78,82,85,88,91" machi="49" ten="30,3900,0" yaku="7,1,52,1,54,1" doraHai="56" who="0" fromWho="1" sc="260,49,335,-39,195,0,200,0" /><INIT seed="2,0,0,2,5,2" ten="309,296,195,200" oya="2" hai0="44,41,38,135,19,120,36,20,18,83,21,119,45" hai1="30,89,78,74,57,134,56,39,47,27,82,37,11" hai2="80,93,103,127,76,24,107,118,72,26,102,15,108" hai3="123,133,61,16,99,124,34,6,8,53,10,128,65"/><V25/><F118/><W62/><G123/><T43/><D120/><U23/><E134/><V70/><F127/><W131/><G34/><T73/><D135/><U109/><E109/><V66/><F108/><W9/><G133/><T100/><D100/><U46/><E89/><V3/><F3/><W59/><G124/><T71/><D71/><U79/><E79/><V114/><F114/><W12/><G99/><T111/><D111/><U101/><E101/><V81/><F107/><W92/><G92/><T13/><D83/><U90/><E90/><V42/><F93/><W121/><G121/><T105/><D105/><U50/><E37/><V7/><F42/><W40/><G40/><T113/><D73/><U129/><E129/><N who="3" m="49738" /><G16/><T125/><D125/><U116/><E116/><V1/><F81/><W77/><G77/><T31/><D119/><U32/><E78/><V17/><F70/><AGARI ba="0,0" hai="6,8,9,10,12,53,59,61,62,65,70" m="49738" machi="70" ten="30,2000,0" yaku="19,1,52,1" doraHai="2" who="3" fromWho="2" sc="309,0,296,0,195,-20,200,20" /><INIT seed="3,0,0,5,2,87" ten="309,296,175,220" oya="3" hai0="78,29,92,109,38,66,80,96,104,128,108,75,53" hai1="135,13,84,61,44,103,99,51,54,42,39,10,121" hai2="20,5,55,112,47,95,81,118,12,117,85,120,60" hai3="19,116,24,43,97,46,21,93,88,119,59,32,37"/><W107/><G107/><T74/><D38/><U130/><E121/><V28/><F112/><W14/><G32/><T8/><D66/><U6/><E135/><V15/><F120/><W11/><REACH who="3" step="1"/><G59/><REACH who="3" ten="309,296,175,210" step="2"/><T25/><D104/><U67/><E130/><V23/><F118/><W64/><G64/><T89/><D128/><U127/><E67/><V58/><F117/><W91/><G91/><T3/><D109/><U48/><E103/><V0/><F47/><W36/><G36/><T33/><D108/><U41/><E39/><V76/><F28/><AGARI ba="0,1" hai="11,14,19,21,24,28,37,43,46,88,93,97,116,119" machi="28" ten="30,11600,0" yaku="1,1,7,1,52,1,54,1,53,0" doraHai="87" doraHaiUra="105" who="3" fromWho="2" sc="309,0,296,0,175,-116,210,126" /><INIT seed="3,1,0,1,3,71" ten="309,296,59,336" oya="3" hai0="68,30,20,118,32,35,60,99,3,70,14,93,124" hai1="31,96,125,89,51,18,43,64,12,6,11,15,131" hai2="133,38,19,8,94,40,17,132,46,119,54,62,50" hai3="98,106,67,27,109,0,112,63,37,135,56,28,79"/><W105/><G112/><T114/><D118/><U58/><E125/><V108/><F119/><W92/><G0/><T103/><D114/><U1/><E131/><V122/><F122/><W57/><G135/><N who="2" m="51785" /><F108/><W127/><G127/><T33/><D3/><U95/><E31/><V29/><F29/><W97/><G79/><T41/><D124/><U85/><E1/><V76/><F76/><W53/><G37/><T100/><D100/><U66/><E43/><V88/><F62/><W102/><G109/><T116/><D116/><U5/><E5/><V49/><F8/><W120/><G120/><T16/><D30/><U121/><E121/><V130/><F130/><W21/><REACH who="3" step="1"/><G98/><REACH who="3" ten="309,296,59,326" step="2"/><T87/><D87/><U48/><E96/><N who="2" m="57415" /><F50/><AGARI ba="1,1" hai="21,27,28,50,53,56,57,63,67,92,97,102,105,106" machi="50" ten="30,11600,0" yaku="1,1,7,1,25,2,53,0" doraHai="71" doraHaiUra="117" who="3" fromWho="2" sc="309,0,296,0,59,-119,326,129" owari="309,11.0,296,-10.0,-60,-56.0,455,55.0" /></mjloggm>