<mjloggm ver="2.3"><GO type="169" lobby="0"/><UN n0="%E3%82%A6%E3%83%AB%E3%83%88%E3%83%A9%E7%AB%8B%E7%9B%B4" n1="%E8%B1%9A" n2="%E7%B4%85%E3%81%84%E7%9E%B3%E3%81%AE%E6%AD%A6%E4%B8%B8" n3="%E3%83%AA%E3%83%BC%E3%83%81%EF%BC%91" dan="17,17,16,16" rate="2175.70,2162.58,2085.26,2114.81" sx="M,F,M,M"/><TAIKYOKU oya="0"/><INIT seed="0,0,0,1,5,27" ten="250,250,250,250" oya="0" hai0="59,95,134,54,43,61,9,24,89,47,48,37,133" hai1="135,85,106,15,33,20,71,3,94,129,6,23,34" hai2="131,38,49,108,103,128,76,46,56,10,65,124,110" hai3="26,31,115,72,58,17,5,64,16,121,118,123,8"/><T92/><D9/><N who="1" m="2271" /><E71/><V1/><F103/><W25/><G72/><T2/><D2/><U41/><E41/><N who="2" m="22839" /><F76/><W84/><G115/><T40/><D24/><N who="3" m="9321" /><G84/><T0/><D0/><U36/><E36/><V100/><F100/><W28/><G64/><T83/><D83/><U42/><E42/><V98/><F98/><W52/><G118/><T126/><D126/><U101/><E94/><V104/><F104/><W113/><G113/><T97/><D92/><U81/><E81/><V111/><F124/><W11/><G52/><T12/><D12/><U125/><E85/><V14/><F1/><N who="3" m="47" /><G58/><T102/><D102/><U127/><E101/><V117/><F117/><W79/><G79/><T78/><D78/><U75/><E75/><V107/><F107/><W130/><G130/><T66/><REACH who="0" step="1"/><D43/><REACH who="0" ten="240,250,250,250" step="2"/><U88/><E125/><V55/><F65/><W18/><G11/><T7/><D7/><AGARI ba="0,1" hai="7,10,14,49,55,56,108,110,111,128,131" m="22839" machi="7" ten="30,1000,0" yaku="14,1" doraHai="27" who="2" fromWho="0" sc="240,-10,250,0,250,20,250,0" /><INIT seed="1,0,0,2,2,43" ten="230,250,270,250" oya="1" hai0="82,103,40,100,133,115,7,60,6,35,135,131,117" hai1="10,125,79,8,48,130,33,14,113,123,19,56,15" hai2="121,46,12,54,94,134,96,70,20,42,74,105,109" hai3="38,27,3,41,91,118,29,75,85,26,69,71,92"/><U25/><E123/><V62/><F121/><W47/><G75/><T13/><D117/><U114/><E79/><V124/><F74/><W59/><G118/><T17/><D115/><U34/><E56/><V31/><F109/><W116/><G3/><T44/><D35/><N who="1" m="13323" /><E48/><N who="2" m="26711" /><F70/><W23/><G116/><T53/><D131/><U98/><E98/><V67/><F67/><W1/><G1/><T57/><D82/><U73/><E73/><V30/><F105/><W55/><REACH who="3" step="1"/><G27/><REACH who="3" ten="230,250,270,240" step="2"/><T89/><D135/><U83/><E25/><V107/><F134/><W112/><G112/><T110/><D133/><U127/><E130/><V58/><F124/><N who="1" m="47689" /><E83/><V95/><F107/><W126/><G126/><T11/><D110/><U22/><E8/><V45/><F95/><W122/><G122/><T104/><D104/><U102/><E102/><V106/><F106/><W32/><G32/><T129/><D129/><U36/><E36/><V76/><F94/><W63/><AGARI ba="0,1" hai="23,26,29,38,41,47,55,59,63,69,71,85,91,92" machi="63" ten="20,12000,2" yaku="1,1,0,1,7,1,52,1,53,2" doraHai="43" doraHaiUra="66" who="3" fromWho="3" sc="230,-30,250,-60,270,-30,240,130" /><INIT seed="2,0,0,1,3,57" ten="200,190,240,370" oya="2" hai0="63,103,111,30,61,110,85,126,125,105,24,101,35" hai1="69,53,98,48,6,70,120,122,73,49,86,54,79" hai2="114,5,26,8,4,15,81,96,40,3,82,37,17" hai3="100,28,84,22,44,133,14,29,50,130,90,88,33"/><V19/><F114/><W67/><G33/><T41/><D41/><U78/><E73/><V112/><F112/><W16/><G130/><T38/><D38/><U43/><E6/><N who="2" m="2667" /><F37/><W51/><G133/><T93/><D105/><U62/><E98/><V119/><F119/><W97/><G67/><T72/><D72/><U52/><E43/><V34/><F34/><W102/><G90/><N who="0" m="53455" /><D103/><N who="3" m="39465" /><G97/><T9/><D9/><U65/><E70/><V77/><F40/><N who="3" m="24839" /><G51/><N who="1" m="19530" /><E86/><N who="2" m="48431" /><F3/><W13/><G13/><T104/><D101/><U21/><E21/><N who="2" m="13631" /><F96/><W118/><G118/><T109/><D104/><U31/><E31/><V99/><F99/><W32/><G32/><T87/><D87/><U107/><E107/><V39/><F39/><W20/><G20/><T10/><D10/><U131/><E131/><V59/><F59/><W64/><G64/><T92/><D92/><AGARI ba="0,0" hai="14,16,22,28,29,84,88,92" m="24839,39465" machi="92" ten="30,3900,0" yaku="8,1,54,2" doraHai="57" who="3" fromWho="0" sc="200,-39,190,0,240,0,370,39" /><INIT seed="3,0,0,2,5,43" ten="161,190,240,409" oya="3" hai0="2,101,37,126,35,98,10,131,75,52,134,31,125" hai1="109,13,56,65,99,11,63,15,55,4,14,84,30" hai2="89,132,17,122,60,81,6,48,123,95,110,88,108" hai3="62,130,91,47,87,74,85,68,103,39,61,0,78"/><W46/><G0/><T77/><D131/><U16/><E109/><N who="2" m="42091" /><F6/><W9/><G130/><T72/><D134/><U83/><E30/><V19/><F60/><N who="3" m="23147" /><G39/><T23/><D35/><U26/><E99/><N who="2" m="57831" /><F132/><W32/><G68/><T71/><D71/><U124/><E124/><N who="0" m="47721" /><D37/><U29/><E4/><V33/><F33/><W5/><G32/><T73/><D77/><U8/><E65/><V121/><F48/><W97/><G74/><T28/><D23/><N who="1" m="15583" /><E8/><V34/><F34/><W64/><G64/><T12/><D2/><U49/><E63/><V117/><F117/><W7/><G78/><AGARI ba="0,0" hai="11,13,14,15,16,49,55,56,78,83,84" m="15583" machi="78" ten="30,2000,0" yaku="8,1,54,1" doraHai="43" who="1" fromWho="3" sc="161,0,190,20,240,0,409,-20" /><INIT seed="4,0,0,4,0,20" ten="161,210,240,389" oya="0" hai0="97,127,135,100,15,109,25,51,130,69,10,64,93" hai1="95,122,133,18,102,37,83,21,5,12,46,55,59" hai2="111,30,61,58,108,56,41,43,44,17,42,78,112" hai3="92,31,6,119,39,54,134,91,81,71,76,121,67"/><T7/><D127/><U118/><E133/><V40/><F78/><W105/><G105/><T85/><D135/><U65/><E118/><V125/><F30/><W34/><G119/><T103/><D130/><U107/><E107/><V35/><F35/><W14/><G39/><T96/><D109/><N who="2" m="42058" /><F17/><W60/><G134/><T38/><D38/><U87/><E122/><V86/><F86/><W32/><G31/><T9/><D51/><N who="1" m="29175" /><E37/><N who="2" m="21519" /><F125/><W115/><G115/><T1/><D85/><U104/><E104/><V101/><F101/><W19/><G6/><T117/><D117/><U99/><E5/><V129/><F129/><W52/><G121/><T2/><D10/><U90/><E59/><N who="2" m="22571" /><F61/><W29/><G29/><T94/><D25/><U80/><E80/><V77/><F77/><W49/><G34/><T36/><D36/><U79/><E65/><V116/><F116/><W45/><G32/><T3/><D3/><U128/><E128/><V72/><F72/><W57/><G81/><T106/><D106/><U126/><E126/><V13/><F13/><W22/><G76/><AGARI ba="0,0" hai="12,18,21,76,79,83,87,90,95,99,102" m="29175" machi="76" ten="30,1000,0" yaku="8,1" doraHai="20" who="1" fromWho="3" sc="161,0,210,10,240,0,389,-10" /><INIT seed="5,0,0,5,3,21" ten="161,220,240,379" oya="1" hai0="67,84,55,51,63,94,81,26,39,19,105,64,126" hai1="48,4,18,6,29,37,65,133,110,96,40,107,2" hai2="113,130,61,60,22,118,135,97,83,35,44,10,100" hai3="52,36,5,120,125,74,119,87,72,106,102,127,3"/><U66/><E37/><V49/><F118/><W99/><G36/><T25/><D126/><N who="3" m="48137" /><G120/><T71/><D105/><U50/><E29/><V11/><F35/><W109/><G109/><T13/><D39/><U46/><E133/><V98/><F130/><W53/><G119/><T57/><D94/><U134/><E134/><V7/><F135/><W112/><G112/><T131/><D131/><U54/><E110/><V95/><F113/><W68/><G68/><T76/><REACH who="0" step="1"/><D67/><REACH who="0" ten="151,220,240,379" step="2"/><U103/><E66/><V56/><F95/><W30/><G106/><T73/><D73/><U58/><E65/><V42/><F100/><W93/><G74/><T77/><D77/><U86/><E2/><V32/><F83/><W82/><G72/><T17/><D17/><U101/><E18/><V104/><F104/><W14/><G30/><T89/><D89/><U78/><E103/><V80/><F80/><W45/><G3/><T0/><D0/><U69/><E78/><V124/><F124/><W122/><G122/><T15/><D15/><U23/><E107/><V85/><F7/><W33/><G5/><T121/><D121/><U38/><E38/><V79/><F79/><W12/><G14/><T24/><D24/><U129/><E4/><V8/><F97/><W43/><G12/><T117/><D117/><U34/><E6/><V116/><F98/><W108/><G99/><T91/><D91/><U9/><E129/><V88/><F88/><W75/><G93/><T111/><D111/><U27/><E96/><V1/><F1/><W59/><G102/><T20/><AGARI ba="0,1" hai="13,19,20,25,26,51,55,57,63,64,71,76,81,84" machi="20" ten="20,8000,1" yaku="1,1,0,1,7,1,52,2,53,0" doraHai="21" doraHaiUra="70" who="0" fromWho="0" sc="151,90,220,-40,240,-20,379,-20" /><INIT seed="6,0,0,5,4,51" ten="241,180,220,359" oya="2" hai0="129,34,77,108,110,98,8,46,135,119,100,125,124" hai1="107,54,89,94,79,44,36,70,83,0,86,35,103" hai2="92,132,117,24,42,64,104,25,2,97,67,65,3" hai3="9,17,1,28,101,59,72,93,21,12,118,99,50"/><V43/><F117/><W5/><G72/><T82/><D34/><U115/><E115/><V113/><F113/><W13/><G118/><T120/><D119/><U19/><E35/><V90/><F104/><W127/><G127/><N who="0" m="48715" /><D120/><U114/><E114/><V10/><F132/><W131/><G131/><T31/><D31/><U133/><E70/><V91/><F3/><W53/><REACH who="3" step="1"/><G28/><REACH who="3" ten="241,180,220,349" step="2"/><T7/><D129/><U27/><E133/><V84/><F2/><AGARI ba="0,1" hai="1,2,5,9,12,13,17,21,50,53,59,93,99,101" machi="2" ten="40,8000,1" yaku="1,1,2,1,52,1,53,1" doraHai="51" doraHaiUra="55" who="3" fromWho="2" sc="241,0,180,0,220,-80,349,90" /><INIT seed="7,0,0,2,5,92" ten="241,180,140,439" oya="3" hai0="8,37,26,70,40,9,1,55,41,109,60,128,94" hai1="34,54,131,21,99,72,90,46,7,24,98,52,29" hai2="85,64,121,47,134,25,62,32,27,104,10,100,117" hai3="116,68,95,22,74,79,91,126,19,23,135,108,56"/><W130/><G116/><T103/><D109/><U77/><E131/><V16/><F117/><W71/><G130/><T36/><D26/><U12/><E72/><V84/><F134/><W11/><G135/><T78/><D94/><N who="1" m="56663" /><E77/><V132/><F132/><W82/><G126/><T17/><D103/><U45/><E34/><V15/><F121/><W111/><G11/><T86/><D17/><U30/><E30/><V112/><F112/><W102/><G102/><T123/><D86/><U125/><E125/><V43/><F27/><W106/><G106/><T114/><D55/><N who="1" m="21035" /><E99/><N who="2" m="61471" /><F47/><W133/><G133/><T18/><D78/><U38/><E38/><V83/><F43/><W110/><G56/><T59/><D59/><U6/><E12/><V118/><F83/><W73/><G73/><T69/><D41/><U67/><E67/><V31/><F118/><W51/><G51/><T124/><D40/><U14/><E14/><V75/><F75/><W48/><G48/><T49/><D49/><U119/><E119/><V88/><F88/><W4/><G71/><T105/><D69/><U120/><E120/><V58/><F58/><W2/><G68/><T107/><D70/><U57/><E57/><V96/><F32/><W122/><G122/><T39/><D123/><U81/><E81/><V101/><F62/><W63/><G63/><T33/><D60/><U44/><AGARI ba="0,0" hai="6,7,21,24,29,44,45,46" m="21035,56663" machi="44" ten="30,4000,0" yaku="8,1,52,1,54,1" doraHai="92" who="1" fromWho="1" sc="241,-10,180,40,140,-10,439,-20" owari="231,3.0,220,-18.0,130,-37.0,419,52.0" /></mjloggm>