<mjloggm ver="2.3"><GO type="97" lobby="0"/><UN n0="%E5%A4%A9%E4%B8%8B%E4%B8%80%E5%93%81" n1="%E5%B0%B1%E6%B4%BB%E7%94%9F%40%E5%B7%9D%E6%9D%91%E8%BB%8D%E5%9B%A3" n2="%E3%81%8F%E3%82%89%E3%81%8F%E3%82%89" n3="%65%67%69%73%68%6F%32" dan="14,15,14,14" rate="1997.55,1993.30,1944.39,2007.07" sx="M,M,M,M"/><TAIKYOKU oya="0"/><INIT seed="0,0,0,1,3,64" ten="250,250,250,250" oya="0" hai0="41,95,2,3,42,111,107,119,11,125,102,32,91" hai1="112,71,93,8,51,118,53,70,50,49,89,132,36" hai2="40,46,45,54,59,110,28,90,77,84,12,13,80" hai3="39,114,63,30,44,121,78,55,108,135,9,105,103"/><T74/><D119/><U4/><E36/><V5/><F110/><W126/><G108/><T123/><D123/><U131/><E118/><V101/><F28/><W85/><G135/><T21/><D111/><U133/><E131/><V117/><F117/><W134/><G126/><T82/><D32/><U67/><E67/><V69/><F69/><N who="1" m="26121" /><E112/><V52/><F101/><W97/><G134/><N who="1" m="51818" /><E53/><N who="2" m="20587" /><F59/><W15/><G55/><T79/><D125/><U115/><E115/><V104/><F104/><W20/><G105/><T56/><D56/><U38/><E38/><V16/><F5/><W29/><G39/><T66/><D66/><U6/><E8/><N who="2" m="6151" /><F40/><W88/><G9/><T127/><D127/><U120/><E120/><V81/><F13/><W24/><G15/><T17/><D42/><U31/><E31/><V116/><F116/><W72/><G30/><T65/><D41/><U124/><E124/><V10/><F10/><W83/><G29/><T130/><D65/><U128/><E128/><V19/><F19/><W23/><G114/><T87/><D11/><U35/><E35/><V60/><F60/><W7/><G63/><T18/><D130/><U14/><E14/><V25/><F25/><W37/><G24/><N who="0" m="14383" /><D18/><U106/><E106/><V96/><F45/><W26/><G26/><T47/><D47/><U57/><E57/><V73/><F46/><W100/><G44/><T58/><D58/><U86/><AGARI ba="0,0" hai="4,6,49,50,51,86,89,93" m="51818,26121" machi="86" ten="40,8000,1" yaku="20,1,52,3" doraHai="64" who="1" fromWho="1" sc="250,-40,250,80,250,-20,250,-20" /><INIT seed="1,0,0,3,2,54" ten="210,330,230,230" oya="1" hai0="13,5,63,126,33,12,22,65,124,49,28,23,96" hai1="39,18,14,52,77,69,30,120,11,133,127,125,53" hai2="86,7,41,37,121,74,66,82,26,56,17,122,103" hai3="118,34,135,9,71,6,1,10,8,98,21,19,91"/><U83/><E69/><V130/><F74/><W119/><G71/><T4/><D49/><U107/><E39/><V61/><F7/><N who="0" m="2634" /><D96/><U47/><E107/><V134/><F134/><W29/><G135/><T123/><D63/><U105/><E105/><V113/><F113/><W101/><G91/><T27/><D65/><U68/><E68/><V72/><F72/><W111/><G111/><T117/><D117/><N who="3" m="44553" /><G98/><T95/><D95/><U55/><E133/><V92/><F41/><W32/><G101/><T44/><D44/><U79/><E30/><V36/><F36/><W15/><G34/><T45/><D45/><U128/><E128/><V100/><F130/><W108/><G108/><T87/><D87/><U88/><E120/><V78/><F37/><W85/><G85/><T102/><D102/><U116/><E116/><V42/><F42/><W115/><G115/><T93/><D93/><U35/><E35/><V60/><F103/><W67/><G67/><T31/><D123/><U84/><E47/><V110/><F110/><W2/><G2/><T0/><D0/><U64/><E64/><V131/><F131/><W58/><G58/><T40/><D40/><U3/><E3/><V75/><F61/><W38/><G38/><T109/><D109/><U97/><E97/><N who="2" m="59431" /><F75/><W106/><G106/><T62/><D62/><U20/><E79/><V76/><F76/><W99/><G99/><T51/><D51/><U81/><E81/><V112/><F112/><W70/><G70/><T24/><D33/><U94/><E77/><V104/><F104/><W50/><G50/><T132/><D132/><RYUUKYOKU ba="0,0" sc="210,10,330,-30,230,10,230,10" hai0="12,13,22,23,24,27,28,31,124,126" hai2="17,26,56,60,66,78,82,86,121,122" hai3="1,6,8,9,10,15,19,21,29,32" /><INIT seed="2,1,0,4,0,9" ten="220,300,240,240" oya="2" hai0="109,111,68,29,21,37,62,89,49,35,33,2,72" hai1="16,82,18,125,11,12,87,57,96,92,127,98,45" hai2="91,128,119,55,40,64,19,56,132,36,53,78,3" hai3="95,85,66,47,122,38,28,5,39,93,103,58,129"/><V124/><F119/><W69/><G129/><T71/><D37/><U0/><E0/><V114/><F78/><W79/><G122/><T6/><D72/><U117/><E117/><V94/><F3/><W51/><G69/><N who="0" m="26699" /><D62/><U44/><E57/><V10/><F114/><W133/><G133/><T74/><D74/><U76/><E18/><V59/><F132/><W107/><G107/><T14/><D49/><U61/><E61/><N who="2" m="37927" /><F128/><W86/><G28/><T50/><D50/><U80/><E80/><V81/><F36/><W52/><G66/><T20/><D89/><U116/><E116/><V101/><F40/><W25/><G25/><N who="0" m="18607" /><D35/><U65/><E65/><V84/><F124/><N who="1" m="47689" /><E98/><N who="2" m="59607" /><F59/><W130/><G130/><T23/><D2/><U42/><E42/><V115/><F115/><W26/><G39/><T54/><D54/><U15/><E15/><AGARI ba="1,0" hai="10,15,19,53,55,81,84,91" m="59607,37927" machi="15" ten="30,2900,0" yaku="8,1,52,1" doraHai="9" who="2" fromWho="1" sc="220,0,300,-32,240,32,240,0" /><INIT seed="2,2,0,4,2,74" ten="220,268,272,240" oya="2" hai0="54,60,56,18,8,92,0,66,87,23,30,46,82" hai1="35,77,36,121,57,53,129,98,17,41,72,120,20" hai2="25,132,59,75,114,68,127,4,110,96,76,104,62" hai3="100,108,33,119,34,105,71,89,64,7,106,125,103"/><V27/><F4/><W44/><G108/><T28/><D92/><U22/><E35/><V79/><F114/><W31/><G125/><T55/><D0/><U80/><E129/><V135/><F75/><W24/><G119/><T51/><D66/><U52/><E98/><V85/><F68/><W109/><G109/><T107/><D107/><U70/><E70/><V45/><F85/><W128/><G89/><T90/><REACH who="0" step="1"/><D8/><REACH who="0" ten="210,268,272,240" step="2"/><U91/><E120/><V123/><F110/><W42/><G106/><T124/><D124/><U69/><E121/><V9/><F123/><W97/><G128/><T112/><D112/><U37/><E69/><V65/><F127/><W116/><G116/><T126/><D126/><U84/><E41/><V10/><F104/><W1/><G103/><T73/><D73/><U48/><E53/><V58/><F96/><W50/><G64/><T130/><D130/><U111/><E111/><V122/><F122/><W47/><G71/><T101/><D101/><U13/><E22/><V131/><F131/><W67/><G67/><T2/><D2/><U78/><REACH who="1" step="1"/><E72/><REACH who="1" ten="210,258,272,240" step="2"/><V94/><F65/><W6/><G34/><T81/><D81/><U32/><E32/><V117/><F117/><W134/><G33/><T88/><D88/><U14/><E14/><AGARI ba="2,2" hai="14,18,23,28,30,46,51,54,55,56,60,82,87,90" machi="14" ten="30,3900,0" yaku="1,1,7,1,8,1,53,0" doraHai="74" doraHaiUra="93" who="0" fromWho="1" sc="210,65,258,-45,272,0,240,0" /><INIT seed="3,0,0,0,1,69" ten="275,213,272,240" oya="3" hai0="94,44,20,26,73,21,3,102,117,16,121,67,78" hai1="8,57,62,107,88,120,51,89,83,13,115,106,35" hai2="82,54,118,31,43,95,6,36,50,15,123,109,58" hai3="49,119,101,41,87,32,128,1,132,124,135,131,79"/><W46/><G119/><T29/><D3/><U125/><E35/><V52/><F118/><W108/><G1/><T53/><D121/><U103/><E120/><V12/><F123/><W27/><G101/><T68/><D117/><U76/><E115/><V104/><F104/><W2/><G2/><T130/><D130/><N who="3" m="49705" /><G108/><T92/><D73/><U105/><E125/><V71/><F71/><W110/><G110/><T61/><D78/><U24/><E51/><V129/><F109/><W81/><G124/><T85/><D102/><U65/><E24/><V80/><F129/><W112/><G112/><T30/><D85/><U37/><E103/><V75/><F31/><AGARI ba="0,0" hai="27,31,32,41,46,49,79,81,87,132,135" m="49705" machi="31" ten="30,1500,0" yaku="19,1" doraHai="69" who="3" fromWho="2" sc="275,0,213,0,272,-15,240,15" /><INIT seed="3,1,0,5,1,64" ten="275,213,257,255" oya="3" hai0="100,112,106,127,111,54,110,69,113,57,122,134,105" hai1="128,9,27,72,85,96,117,98,86,47,132,6,49" hai2="40,5,25,1,50,77,90,99,15,123,45,44,74" hai3="87,39,124,46,135,79,121,41,38,131,31,13,23"/><W71/><G135/><T42/><D122/><U92/><E72/><V83/><F123/><W7/><G131/><T91/><D134/><U28/><E132/><V21/><F15/><W101/><G124/><T89/><D127/><U3/><E128/><V66/><F66/><W103/><G121/><T119/><D42/><U52/><E117/><V116/><F116/><W2/><G39/><T56/><D119/><U126/><E126/><V10/><F45/><W55/><G71/><T60/><D69/><U67/><E67/><V16/><F99/><W114/><G114/><N who="0" m="44139" /><D57/><U68/><E68/><V81/><F81/><W78/><G2/><T80/><D100/><N who="3" m="38473" /><G38/><T4/><D4/><U14/><E3/><V115/><F115/><W30/><G41/><T73/><D73/><U37/><E37/><V88/><AGARI ba="1,0" hai="1,5,10,16,21,25,40,44,50,74,77,83,88,90" machi="88" ten="30,4000,0" yaku="0,1,54,2" doraHai="64" who="2" fromWho="2" sc="275,-11,213,-11,257,43,255,-21" owari="264,6.0,202,-30.0,300,41.0,234,-17.0" /></mjloggm>