<mjloggm ver="2.3"><GO type="169" lobby="0"/><UN n0="%30%30%73%61%69" n1="%E3%82%A6%E3%83%AB%E3%83%88%E3%83%A9%E7%AB%8B%E7%9B%B4" n2="%74%61%72%6F%6F" n3="%E5%A4%8F%E5%B7%9D%E3%81%BE%E3%82%86%E3%82%8A" dan="18,16,19,16" rate="2241.06,2109.70,2178.75,2037.26" sx="M,M,M,F"/><TAIKYOKU oya="0"/><INIT seed="0,0,0,1,1,90" ten="250,250,250,250" oya="0" hai0="56,79,117,99,122,63,1,127,89,2,91,49,73" hai1="40,86,48,12,83,75,97,25,116,121,108,42,78" hai2="76,129,115,47,39,15,52,96,130,62,101,61,113" hai3="0,64,8,84,67,82,133,102,21,68,14,125,128"/><T37/><D37/><U109/><E121/><V119/><F76/><W112/><G112/><T88/><D117/><U120/><E120/><V134/><F119/><W44/><G0/><T29/><D122/><U22/><E116/><V135/><F15/><W59/><G68/><T57/><D127/><U111/><E12/><V43/><F96/><W94/><G125/><T92/><D29/><U70/><E70/><V36/><F101/><W13/><G133/><N who="2" m="50697" /><F36/><W28/><G44/><T98/><D73/><U53/><E97/><N who="0" m="36873" /><D2/><U55/><E75/><V7/><F7/><W58/><G13/><T72/><D72/><U32/><E32/><V9/><F9/><W74/><G74/><T104/><D104/><U131/><E131/><N who="2" m="50187" /><F52/><W77/><G67/><N who="0" m="39399" /><D79/><U95/><E53/><V87/><F87/><W24/><G64/><T103/><D103/><U3/><E55/><V23/><F23/><W16/><G128/><T35/><D1/><U20/><E3/><V60/><AGARI ba="0,0" hai="39,43,47,60,61,62,113,115" m="50187,50697" machi="60" ten="40,8000,1" yaku="20,1,19,1,34,2" doraHai="90" who="2" fromWho="2" sc="250,-40,250,-20,250,80,250,-20" /><INIT seed="1,0,0,3,2,129" ten="210,230,330,230" oya="1" hai0="37,62,70,71,45,100,116,74,17,20,40,30,127" hai1="73,113,122,27,61,3,131,119,43,98,51,6,72" hai2="102,5,35,120,1,96,12,0,32,104,68,22,4" hai3="103,118,81,121,79,36,135,78,16,15,82,110,56"/><U33/><E122/><V19/><F120/><W48/><G121/><T24/><D116/><U107/><E119/><V26/><F68/><W69/><G118/><T39/><D74/><N who="1" m="28779" /><E51/><V54/><F54/><W57/><G69/><T11/><D127/><U13/><E13/><V133/><F133/><W38/><G135/><T53/><D39/><U124/><E61/><V112/><F112/><W21/><G103/><T14/><REACH who="0" step="1"/><D100/><REACH who="0" ten="200,230,330,230" step="2"/><N who="1" m="62871" /><E124/><V105/><F102/><W55/><G110/><T50/><D50/><U63/><E63/><V7/><F104/><W47/><G38/><T101/><D101/><U115/><E131/><V67/><F105/><W83/><REACH who="3" step="1"/><G36/><REACH who="3" ten="200,230,330,220" step="2"/><T130/><D130/><U66/><E113/><V34/><F67/><W28/><G28/><T42/><D42/><U109/><E66/><V125/><F125/><W25/><G25/><T77/><D77/><AGARI ba="0,2" hai="15,16,21,47,48,55,56,57,77,78,79,81,82,83" machi="77" ten="40,5200,0" yaku="1,1,8,1,54,1,53,0" doraHai="129" doraHaiUra="126" who="3" fromWho="0" sc="200,-52,230,0,330,0,220,72" /><INIT seed="2,0,0,1,5,103" ten="148,230,330,292" oya="2" hai0="118,73,31,27,63,48,37,71,54,92,97,28,7" hai1="80,130,20,47,58,109,113,115,43,21,68,55,134" hai2="17,34,51,133,112,77,69,18,110,105,0,25,83" hai3="56,119,102,106,117,88,50,19,14,85,13,40,111"/><V12/><F0/><W91/><G111/><T129/><D73/><U76/><E109/><V96/><F112/><W15/><G19/><T132/><D37/><U2/><E130/><V60/><F110/><W72/><G72/><T10/><D129/><U94/><E134/><V42/><F42/><W6/><G6/><T32/><D132/><U121/><E121/><V11/><F51/><W100/><G91/><T41/><D118/><U125/><E68/><V16/><F133/><W4/><G4/><T79/><D79/><U5/><E125/><V99/><F99/><W81/><G102/><T90/><D41/><U75/><E94/><V101/><F69/><W95/><G95/><T8/><D31/><U127/><E127/><V104/><F60/><W1/><G1/><T67/><REACH who="0" step="1"/><D7/><REACH who="0" ten="138,230,330,292" step="2"/><U35/><E115/><V26/><F18/><W126/><G126/><T78/><D78/><U108/><E113/><V3/><F17/><W52/><REACH who="3" step="1"/><G40/><REACH who="3" ten="138,230,330,282" step="2"/><T44/><AGARI ba="0,2" hai="8,10,27,28,32,44,48,54,63,67,71,90,92,97" machi="44" ten="20,5200,0" yaku="1,1,0,1,7,1,53,1" doraHai="103" doraHaiUra="45" who="0" fromWho="0" sc="138,72,230,-13,330,-26,282,-13" /><INIT seed="3,0,0,5,5,130" ten="210,217,304,269" oya="3" hai0="24,131,85,74,28,65,45,125,5,102,82,43,88" hai1="76,79,49,31,19,100,2,68,44,59,73,53,12" hai2="111,109,127,13,87,29,21,20,108,33,113,3,48" hai3="134,47,128,15,36,104,86,78,92,77,23,60,98"/><W120/><G120/><T129/><D102/><U11/><E68/><V61/><F113/><W112/><G112/><T118/><D118/><U89/><E100/><V105/><F105/><W116/><G116/><T106/><D106/><U52/><E73/><V32/><F61/><W114/><G114/><T96/><D65/><U133/><E2/><V70/><F70/><W37/><G104/><T38/><D96/><U66/><E66/><V16/><F48/><W67/><G128/><N who="0" m="49227" /><D74/><U107/><E107/><V80/><F3/><W0/><G0/><T42/><D5/><U57/><E133/><V115/><F127/><W69/><G47/><T27/><D125/><U122/><E122/><V54/><F54/><W14/><G77/><T93/><D43/><U81/><E31/><V22/><F115/><W95/><G78/><N who="1" m="29738" /><E53/><V17/><F87/><AGARI ba="0,0" hai="11,12,19,44,49,52,57,59,81,87,89" m="29738" machi="87" ten="30,3900,0" yaku="25,1,8,1,54,1" doraHai="130" who="1" fromWho="2" sc="210,0,217,39,304,-39,269,0" /><INIT seed="4,0,0,5,0,79" ten="210,256,265,269" oya="0" hai0="76,34,91,115,30,44,25,96,80,124,133,49,27" hai1="32,100,77,119,125,47,18,58,130,0,93,113,95" hai2="87,8,131,61,112,42,74,7,46,94,108,16,38" hai3="102,110,45,29,31,60,127,78,82,3,134,122,90"/><T109/><D115/><U92/><E119/><V2/><F108/><W106/><G3/><T89/><D124/><U51/><E32/><V26/><F112/><W23/><G110/><T33/><D109/><U64/><E0/><V52/><F74/><W126/><G122/><T123/><D133/><U116/><E130/><V99/><F131/><W128/><G128/><T84/><D123/><U75/><E125/><N who="3" m="47626" /><G134/><T132/><D132/><U19/><E116/><V6/><F6/><W105/><G90/><T28/><REACH who="0" step="1"/><D96/><REACH who="0" ten="200,256,265,269" step="2"/><U104/><E113/><V43/><F99/><N who="3" m="61663" /><G106/><T14/><D14/><U85/><E104/><V114/><F114/><W81/><G78/><T53/><AGARI ba="0,1" hai="25,27,28,30,33,34,44,49,53,76,80,84,89,91" machi="53" ten="20,18000,2" yaku="1,1,0,1,7,1,9,1,52,1,53,2" doraHai="79" doraHaiUra="22" who="0" fromWho="0" sc="200,190,256,-60,265,-60,269,-60" /><INIT seed="4,1,0,3,0,0" ten="390,196,205,209" oya="0" hai0="65,82,19,63,62,115,79,122,4,8,73,88,77" hai1="129,33,35,47,124,98,87,54,20,121,125,101,133" hai2="39,134,83,40,95,103,86,57,14,51,80,17,91" hai3="59,96,104,9,109,68,15,64,34,76,114,52,27"/><T92/><D122/><U70/><E70/><V18/><F134/><W111/><G114/><T97/><D115/><U58/><E121/><V48/><F39/><W116/><G116/><T67/><D19/><U118/><E118/><V74/><F18/><W105/><G76/><T100/><D79/><U130/><E47/><N who="2" m="25703" /><F74/><W56/><G68/><T22/><D22/><U85/><E20/><N who="2" m="11319" /><F103/><W12/><G12/><T55/><D100/><U112/><E112/><V45/><F57/><W21/><G34/><T38/><D38/><U29/><E29/><V132/><F132/><W106/><G64/><T102/><D55/><AGARI ba="1,0" hai="45,51,55,80,83,86,91,95" m="11319,25703" machi="55" ten="30,1000,0" yaku="8,1" doraHai="0" who="2" fromWho="0" sc="390,-13,196,0,205,13,209,0" /><INIT seed="5,0,0,1,1,98" ten="377,196,218,209" oya="1" hai0="31,0,9,93,25,70,118,114,8,42,133,26,105" hai1="99,96,122,34,41,94,45,7,69,5,77,1,131" hai2="91,57,88,101,125,89,10,113,2,11,92,121,80" hai3="27,56,55,43,135,127,112,14,61,75,23,103,81"/><U111/><E122/><V82/><F121/><W53/><G135/><T86/><D70/><U4/><E1/><V66/><F125/><W3/><G3/><T6/><D105/><U95/><E34/><V85/><F113/><W72/><G112/><T62/><D118/><U19/><E111/><V35/><F35/><W117/><G117/><T97/><D42/><U30/><E131/><V36/><F36/><W79/><G127/><T73/><D73/><U65/><E30/><V128/><F128/><W106/><G43/><T83/><D114/><U16/><E77/><N who="2" m="46223" /><F82/><W22/><G14/><T64/><D9/><N who="2" m="3082" /><F2/><W58/><G75/><T124/><D31/><U110/><E110/><V59/><F66/><W60/><G27/><T123/><D123/><U109/><E109/><V49/><F49/><W52/><G53/><T71/><D133/><U130/><E130/><V50/><F50/><W104/><G104/><T29/><D29/><U129/><E129/><V37/><F37/><W132/><G132/><T17/><D124/><U68/><E65/><V39/><F39/><W120/><G120/><T134/><D17/><N who="1" m="6731" /><E45/><V54/><F54/><W78/><G78/><T51/><D134/><U67/><E41/><V24/><F24/><W87/><G72/><T100/><D51/><U107/><E107/><V126/><F126/><W32/><G32/><T28/><D28/><U63/><E69/><V102/><F92/><W40/><G40/><T21/><D25/><U108/><E108/><V47/><F47/><W48/><G48/><T90/><D26/><U46/><E46/><V12/><F12/><RYUUKYOKU ba="0,0" sc="377,0,196,0,218,0,209,0" hai0="0,6,8,21,62,64,71,83,86,90,93,97,100" hai1="4,5,7,63,67,68,94,95,96,99" hai2="57,59,88,89,91,101,102" hai3="22,23,52,55,56,58,60,61,79,81,87,103,106" /><INIT seed="5,1,0,1,1,120" ten="377,196,218,209" oya="1" hai0="16,3,110,15,41,24,129,42,26,27,87,113,0" hai1="92,63,56,55,40,132,13,47,1,134,46,84,127" hai2="29,131,94,105,83,11,54,58,9,72,28,10,124" hai3="49,69,97,43,93,50,68,64,82,44,107,36,66"/><U52/><E1/><V60/><F105/><W128/><G107/><T104/><D110/><U18/><E127/><V115/><F115/><W39/><G82/><T108/><D108/><U57/><E84/><V88/><F131/><W20/><G128/><T6/><D104/><U38/><E92/><V45/><F124/><W85/><G85/><T59/><D113/><U126/><E126/><V118/><F118/><W112/><G112/><T109/><D109/><U65/><E13/><V22/><F22/><W90/><G20/><T5/><D59/><U130/><E18/><V89/><F45/><W91/><G36/><T31/><D87/><U62/><E130/><V2/><F2/><N who="0" m="554" /><D42/><U37/><E65/><V102/><F102/><W133/><G133/><T73/><D41/><AGARI ba="1,0" hai="37,38,40,41,46,47,52,55,56,57,62,63,132,134" machi="41" ten="40,18000,2" yaku="32,3,34,3,54,1" doraHai="120" who="1" fromWho="0" sc="377,-183,196,183,218,0,209,0" /><INIT seed="5,2,0,0,0,7" ten="194,379,218,209" oya="1" hai0="132,89,36,127,94,119,51,121,24,34,48,52,57" hai1="21,39,83,88,102,91,45,9,109,22,23,81,72" hai2="11,6,15,56,114,30,128,106,116,122,53,16,105" hai3="66,95,54,8,96,68,46,35,118,108,13,120,113"/><U110/><E102/><V100/><F122/><W90/><G120/><T104/><D119/><U93/><E45/><V97/><F116/><W75/><G108/><N who="1" m="41578" /><E39/><V126/><F128/><W27/><G118/><T12/><D104/><U41/><E41/><V0/><F126/><W63/><G75/><T131/><D127/><U62/><E62/><V37/><F30/><W44/><G113/><T70/><D131/><U80/><E72/><V92/><F37/><W99/><G96/><T123/><D36/><U130/><E130/><V29/><F29/><W60/><G35/><T26/><D70/><U115/><E93/><V112/><F105/><W20/><G54/><N who="0" m="31943" /><D34/><U5/><E115/><N who="2" m="44075" /><F106/><W85/><G63/><T77/><D77/><U1/><AGARI ba="2,0" hai="1,5,9,21,22,23,80,81,83,88,91" m="41578" machi="1" ten="40,7800,0" yaku="10,1,52,1,54,1" doraHai="7" who="1" fromWho="1" sc="194,-28,379,84,218,-28,209,-28" /><INIT seed="5,3,0,1,1,96" ten="166,463,190,181" oya="1" hai0="117,56,115,8,42,26,103,65,79,110,15,135,60" hai1="85,51,112,58,25,55,82,63,71,74,24,66,89" hai2="9,88,75,16,100,32,47,37,86,28,44,124,52" hai3="72,108,53,59,7,43,132,18,104,2,29,128,49"/><U5/><E112/><V123/><F75/><W90/><G104/><T77/><D110/><U92/><E5/><V114/><F123/><W84/><G72/><T11/><D117/><U119/><E119/><V41/><F114/><W91/><G132/><T10/><D115/><U93/><E74/><V62/><F124/><W35/><G128/><T13/><D135/><U3/><E3/><V57/><F44/><W98/><G108/><T27/><D42/><U22/><E25/><N who="0" m="9225" /><D103/><U120/><E120/><V21/><F100/><W4/><G43/><T134/><D134/><U23/><REACH who="1" step="1"/><E22/><REACH who="1" ten="166,453,190,181" step="2"/><V34/><F28/><AGARI ba="3,1" hai="23,24,28,51,55,58,63,66,71,82,85,89,92,93" machi="28" ten="30,5800,0" yaku="1,1,2,1,7,1,53,0" doraHai="96" doraHaiUra="122" who="1" fromWho="2" sc="166,0,453,77,190,-67,181,0" /><INIT seed="5,4,0,2,5,81" ten="166,530,123,181" oya="1" hai0="12,33,19,115,125,56,67,8,90,129,100,131,95" hai1="60,55,20,1,76,14,10,108,119,31,45,48,72" hai2="103,26,112,98,27,78,37,11,94,106,65,61,84" hai3="74,126,25,34,107,71,18,75,134,21,22,113,30"/><U99/><E119/><V50/><F37/><W36/><G107/><T63/><D115/><U120/><E120/><V43/><F112/><W5/><G71/><T69/><D33/><U58/><E108/><V114/><F114/><W47/><G36/><T66/><D100/><U3/><E99/><V85/><F78/><W42/><G113/><T7/><D125/><U128/><E128/><N who="0" m="49225" /><D7/><U44/><E44/><N who="2" m="25887" /><F106/><W59/><G126/><T53/><D69/><U87/><E72/><V16/><F61/><W110/><G110/><T122/><D122/><U13/><E13/><N who="2" m="7231" /><F65/><W124/><G124/><T116/><D116/><U130/><E1/><V54/><F54/><W77/><G77/><T73/><D73/><U62/><E3/><V117/><F117/><W80/><G80/><T4/><D4/><U68/><E68/><V35/><F35/><W52/><G5/><T123/><D123/><U49/><E62/><V41/><F41/><W111/><G111/><T23/><D8/><U46/><E60/><V6/><F6/><W32/><G75/><T127/><D127/><U93/><E49/><V102/><F102/><W104/><G104/><T79/><D79/><U64/><E76/><V133/><F133/><W70/><G70/><T105/><D105/><U28/><E64/><V91/><F103/><W92/><G74/><T132/><D132/><U82/><E48/><V83/><F83/><W39/><G92/><T101/><D101/><U2/><E82/><V57/><F57/><W109/><G109/><T38/><D38/><U97/><E130/><V24/><AGARI ba="4,0" hai="24,26,27,84,85,91,94,98" m="7231,25887" machi="24" ten="30,7900,0" yaku="8,1,52,2,54,1" doraHai="81" who="2" fromWho="2" sc="166,-24,530,-43,123,91,181,-24" /><INIT seed="6,0,0,4,4,124" ten="142,487,214,157" oya="2" hai0="20,116,131,51,110,6,25,91,118,35,114,70,122" hai1="111,52,62,117,16,3,50,127,135,107,61,66,99" hai2="132,108,45,42,58,63,82,90,92,19,88,78,33" hai3="100,85,48,113,120,1,103,93,96,97,43,36,4"/><V128/><F33/><W27/><G120/><T22/><D70/><U23/><E3/><V47/><F132/><W34/><G36/><T18/><D122/><U73/><E73/><V26/><F90/><W77/><G1/><T76/><D76/><U32/><E32/><V89/><F89/><W57/><G34/><T94/><D110/><U8/><E8/><V109/><F26/><W67/><G4/><T38/><D38/><U24/><E111/><V98/><F19/><W125/><G125/><T31/><D114/><U72/><E72/><V11/><F11/><W13/><G13/><N who="0" m="9295" /><D51/><U53/><E117/><N who="0" m="45161" /><D6/><U49/><E24/><V105/><F108/><W130/><G27/><T15/><D15/><U28/><E16/><V17/><F17/><W30/><G113/><T123/><D35/><U121/><E28/><V12/><F12/><W55/><G30/><T5/><D5/><U59/><E99/><V44/><F98/><W106/><G67/><T104/><D104/><U81/><E81/><V10/><F105/><W2/><G2/><T84/><D123/><U21/><E135/><V56/><F78/><W68/><G68/><T112/><D112/><U9/><E107/><V40/><F82/><N who="3" m="47311" /><G43/><T80/><D80/><U133/><E9/><V65/><F40/><W69/><G69/><T41/><D41/><U0/><E121/><V86/><F42/><W46/><G46/><T126/><D126/><U74/><E127/><V95/><F109/><W54/><G54/><T7/><D7/><U119/><E133/><V37/><F37/><W102/><G102/><T115/><D115/><RYUUKYOKU ba="0,0" sc="142,15,487,-15,214,-15,157,15" hai0="22,25,31,84,91,94,131" hai3="48,55,57,93,96,97,100,103,106,130" /><INIT seed="7,1,0,1,1,81" ten="157,472,199,172" oya="3" hai0="111,110,95,68,74,60,94,54,26,37,89,65,118" hai1="50,25,117,108,71,124,7,32,52,88,99,40,67" hai2="15,116,123,134,58,30,49,66,13,42,115,98,19" hai3="135,75,24,43,131,101,3,61,130,64,35,20,100"/><W93/><G3/><T86/><D118/><U125/><E40/><V107/><F116/><W121/><G121/><T28/><D74/><U18/><E7/><V57/><F115/><W106/><G75/><T91/><D54/><U2/><E108/><V41/><F30/><N who="3" m="19911" /><G135/><T47/><D47/><N who="1" m="27743" /><E117/><V16/><F134/><W77/><G77/><T53/><D53/><U97/><E2/><V11/><F107/><W132/><G132/><T62/><D62/><N who="1" m="40439" /><E88/><V34/><F34/><W36/><G20/><T63/><D63/><U4/><E4/><V126/><F49/><W69/><G93/><T22/><D37/><U78/><E78/><V31/><F123/><W10/><G10/><T38/><D38/><U6/><E6/><V8/><F31/><W76/><G76/><T105/><D105/><U83/><E83/><V113/><F8/><W84/><G84/><AGARI ba="1,0" hai="22,26,28,60,65,68,84,86,89,91,94,95,110,111" machi="84" ten="30,7700,0" yaku="7,1,9,1,52,2" doraHai="81" who="0" fromWho="3" sc="157,80,472,0,199,0,172,-80" owari="237,4.0,472,57.0,199,-20.0,92,-41.0" /></mjloggm>