<mjloggm ver="2.3"><GO type="169" lobby="0"/><UN n0="%46%75%72%75%79%61" n1="%E3%83%88%E3%83%88%E3%83%AA%E5%85%88%E7%94%9F%31%39%E6%AD%B3" n2="%E6%A4%8D%E9%87%8E" n3="%E3%81%B3%E3%82%8A%E3%81%B3%E3%82%8A%E2%98%86%E3%83%93%E3%83%AA%E3%83%BC" dan="16,17,16,19" rate="2140.87,2211.33,2128.57,2214.66" sx="M,F,M,M"/><TAIKYOKU oya="0"/><INIT seed="0,0,0,2,1,135" ten="250,250,250,250" oya="0" hai0="112,98,129,90,132,7,63,134,60,18,17,83,74" hai1="94,67,1,124,16,66,2,104,13,0,25,122,121" hai2="14,72,58,10,77,123,52,59,33,54,99,36,20" hai3="6,85,47,91,5,79,22,82,107,114,97,100,53"/><T64/><D112/><U75/><E104/><V49/><F33/><W34/><G34/><T88/><D129/><U27/><E75/><V61/><F36/><W126/><G114/><T110/><D7/><U106/><E106/><V73/><F123/><N who="1" m="47113" /><E94/><V96/><F20/><W93/><G22/><T51/><D51/><U133/><E66/><V78/><F73/><W131/><G131/><T26/><D26/><N who="1" m="9739" /><E67/><V11/><F72/><W38/><G126/><T86/><D74/><U128/><E128/><V56/><F56/><W76/><G38/><T103/><D90/><U3/><E3/><V115/><F115/><W101/><G101/><T116/><D134/><U92/><E92/><V4/><REACH who="2" step="1"/><F11/><REACH who="2" ten="250,250,240,250" step="2"/><W119/><G47/><T45/><D132/><U39/><E39/><V24/><F24/><W89/><G100/><T55/><D45/><U84/><E133/><V95/><F95/><W62/><G107/><T108/><D110/><U130/><E130/><V105/><F105/><W42/><G93/><N who="0" m="58831" /><D108/><U44/><E44/><V80/><F80/><W68/><G97/><AGARI ba="0,1" hai="4,10,14,49,52,54,58,59,61,77,78,96,97,99" machi="97" ten="40,5200,0" yaku="1,1,8,1,54,1,53,0" doraHai="135" doraHaiUra="15" who="2" fromWho="3" sc="250,0,250,0,240,62,250,-52" /><INIT seed="1,0,0,5,1,26" ten="250,250,302,198" oya="1" hai0="15,45,116,44,10,133,100,131,71,95,28,8,35" hai1="6,32,47,64,130,24,33,58,89,91,29,115,106" hai2="99,7,49,11,42,68,46,78,88,122,118,134,51" hai3="2,101,66,55,23,94,126,125,31,54,22,117,13"/><U39/><E115/><V108/><F118/><W72/><G2/><T85/><D116/><U135/><E106/><V120/><F68/><W60/><G117/><T57/><D71/><U1/><E33/><V96/><F108/><W14/><G72/><T87/><D131/><U30/><E130/><V34/><F134/><W9/><G101/><T114/><D114/><U37/><E135/><V17/><F78/><W52/><G94/><T27/><D133/><U67/><E30/><V63/><F34/><W20/><G31/><T83/><D10/><U53/><E6/><V107/><F63/><W86/><G86/><T5/><D57/><U65/><E1/><V90/><F17/><W104/><G104/><T119/><D119/><U102/><E102/><V110/><F110/><W128/><G128/><T36/><D36/><U77/><E77/><V59/><F107/><W70/><REACH who="3" step="1"/><G9/><REACH who="3" ten="250,250,302,188" step="2"/><T113/><D113/><U16/><E29/><V69/><F11/><W41/><G41/><T48/><D87/><U4/><E32/><V97/><F42/><W103/><G103/><T61/><D100/><U62/><E89/><V43/><F88/><W132/><G132/><T82/><D95/><U21/><E91/><V19/><F90/><W123/><G123/><T38/><D83/><U74/><E74/><V56/><F122/><W76/><G76/><T50/><D82/><U75/><E75/><V111/><F120/><W73/><G73/><T98/><D85/><U12/><E47/><V81/><F46/><W80/><G80/><T18/><D45/><U92/><E92/><V112/><F81/><RYUUKYOKU ba="0,1" sc="250,-15,250,15,302,-15,188,15" hai1="4,12,16,21,24,37,39,53,58,62,64,65,67" hai3="13,14,20,22,23,52,54,55,60,66,70,125,126" /><INIT seed="1,1,1,3,1,26" ten="235,265,287,203" oya="1" hai0="19,36,32,13,90,130,124,117,63,4,96,57,98" hai1="61,22,29,83,41,101,3,12,6,42,39,14,105" hai2="87,23,71,48,132,8,118,17,28,1,53,103,113" hai3="2,24,72,126,30,0,127,110,107,94,91,59,85"/><U35/><E35/><V54/><F71/><W10/><G107/><T99/><D117/><U45/><E42/><V27/><F118/><W134/><G72/><T58/><D32/><U89/><E3/><V56/><F132/><W43/><G43/><T100/><D36/><U38/><E38/><V108/><F108/><W119/><G119/><T46/><D124/><N who="3" m="47657" /><G110/><T88/><D130/><U84/><E6/><V16/><F113/><W66/><G10/><N who="0" m="4295" /><D100/><U121/><E121/><V133/><F133/><W122/><G122/><T104/><D104/><U123/><E123/><V20/><F103/><W44/><G44/><T97/><N who="0" m="25088" /><DORA hai="78" /><T7/><D7/><U15/><E101/><V79/><F1/><W74/><G74/><T135/><D135/><U47/><E47/><N who="2" m="27807" /><F8/><W55/><G134/><T82/><D46/><U114/><E105/><V9/><F9/><W67/><G0/><T92/><D19/><U40/><E114/><V52/><F23/><N who="3" m="15647" /><G2/><T18/><D18/><N who="2" m="7274" /><F56/><W49/><AGARI ba="1,1" hai="49,55,59,66,67,85,91,94" m="15647,47657" machi="49" ten="30,2000,0" yaku="18,1,52,1" doraHai="26,78" who="3" fromWho="3" sc="235,-6,265,-11,287,-6,203,33" /><INIT seed="2,0,0,4,4,46" ten="229,254,281,236" oya="2" hai0="94,86,72,21,114,133,98,116,130,53,57,31,18" hai1="102,134,131,45,30,110,60,17,28,61,111,115,51" hai2="124,27,120,67,35,73,29,99,54,10,68,34,38" hai3="42,25,11,112,16,5,0,118,59,20,39,9,64"/><V37/><F120/><W77/><G118/><T32/><D114/><U41/><E115/><V22/><F73/><W2/><G112/><T83/><D116/><U87/><E131/><V126/><F10/><W84/><G39/><N who="2" m="14857" /><F99/><W101/><G101/><T88/><D130/><U50/><E134/><V56/><F67/><W12/><G42/><T78/><D133/><U89/><E102/><V47/><F47/><W90/><G77/><T82/><D32/><U105/><E105/><V128/><F68/><W76/><G76/><T74/><D31/><N who="1" m="11819" /><E17/><V65/><F65/><W92/><REACH who="3" step="1"/><G11/><REACH who="3" ten="229,254,281,226" step="2"/><T1/><D1/><U127/><E41/><V109/><F128/><W7/><G7/><T15/><REACH who="0" step="1"/><D83/><REACH who="0" ten="219,254,281,226" step="2"/><U85/><E111/><V108/><F35/><W119/><G119/><T103/><D103/><U81/><E110/><N who="2" m="42603" /><F34/><W96/><G96/><T43/><D43/><U117/><E117/><V129/><F129/><W26/><G26/><T80/><D80/><U33/><E81/><V6/><F6/><W52/><G52/><T95/><D95/><U93/><E93/><V132/><F132/><W48/><G48/><AGARI ba="0,2" hai="15,18,21,48,53,57,72,74,78,82,86,88,94,98" machi="48" ten="30,7700,0" yaku="1,1,7,1,52,1,54,1,53,0" doraHai="46" doraHaiUra="97" who="0" fromWho="3" sc="219,97,254,0,281,0,226,-77" /><AGARI ba="0,0" hai="22,27,29,48,54,56,124,126" m="42603,14857" machi="48" ten="30,5800,0" yaku="14,1,10,1,52,1" doraHai="46" who="2" fromWho="3" sc="316,0,254,0,281,58,149,-58" /><INIT seed="2,1,0,0,3,81" ten="316,254,339,91" oya="2" hai0="77,118,107,33,34,43,135,72,26,4,52,20,35" hai1="21,60,87,38,17,51,63,8,82,73,104,130,95" hai2="91,18,98,125,70,85,47,67,41,74,65,79,102" hai3="96,36,94,48,101,40,10,88,39,120,56,134,127"/><V45/><F125/><W78/><G120/><T71/><D107/><U30/><E104/><V50/><F70/><W103/><G127/><T0/><D118/><U99/><E38/><V25/><F74/><W113/><G134/><T80/><D71/><U116/><E73/><V7/><F7/><W114/><G78/><T9/><D135/><U46/><E8/><V12/><F25/><W117/><G117/><T119/><D119/><U133/><E30/><V66/><F47/><N who="3" m="25703" /><G10/><T55/><REACH who="0" step="1"/><D43/><REACH who="0" ten="306,254,339,91" step="2"/><N who="1" m="25055" /><E133/><V83/><F79/><W109/><G109/><T111/><D111/><U123/><E116/><V57/><F57/><W22/><G56/><T5/><D5/><U54/><E123/><V131/><F131/><W86/><G103/><T3/><D3/><U2/><E2/><V11/><REACH who="2" step="1"/><F67/><REACH who="2" ten="306,254,329,91" step="2"/><W108/><G108/><T31/><AGARI ba="1,2" hai="0,4,9,20,26,31,33,34,35,52,55,72,77,80" machi="31" ten="30,4000,0" yaku="1,1,0,1,54,1,53,0" doraHai="81" doraHaiUra="15" who="0" fromWho="0" sc="306,63,254,-11,329,-21,91,-11" /><INIT seed="3,0,0,0,4,34" ten="369,243,308,80" oya="3" hai0="41,86,20,72,43,76,65,19,96,7,51,78,49" hai1="112,11,130,6,105,42,132,8,93,33,92,121,64" hai2="55,107,110,125,61,74,84,32,95,46,88,128,17" hai3="126,90,80,100,13,103,26,2,16,14,53,15,60"/><W99/><G126/><T118/><D72/><U82/><E33/><V56/><F107/><W108/><G2/><T44/><D118/><U58/><E105/><V106/><F106/><W68/><G108/><T115/><D65/><U66/><E112/><V39/><F74/><W67/><G53/><T101/><D7/><U75/><E121/><V10/><F32/><W57/><G68/><T18/><D86/><U3/><E130/><V24/><F110/><W35/><G35/><T5/><D5/><U69/><E69/><V97/><F125/><W87/><REACH who="3" step="1"/><G99/><REACH who="3" ten="369,243,308,70" step="2"/><T25/><D96/><U129/><E3/><V127/><F127/><W120/><G120/><T54/><D54/><U114/><E64/><V134/><F97/><W83/><G83/><T94/><D43/><U109/><E42/><V1/><F1/><W123/><G123/><T48/><D41/><U91/><E109/><V23/><F55/><W12/><N who="3" m="3072" /><DORA hai="45" /><W71/><G71/><T102/><D115/><U131/><E114/><V79/><F128/><W52/><G52/><T37/><D37/><U62/><E129/><V77/><F39/><W111/><G111/><T9/><D9/><N who="1" m="3659" /><E6/><V59/><F10/><W0/><G0/><T31/><D44/><U133/><E131/><V4/><F46/><W63/><G63/><T113/><D113/><U122/><E122/><V104/><F61/><W117/><G117/><T124/><D124/><U30/><E66/><V70/><F70/><W28/><G28/><T85/><D31/><U116/><E30/><V40/><F4/><W27/><G27/><T89/><D25/><RYUUKYOKU ba="0,1" sc="369,-10,243,-10,308,-10,70,30" hai3="16,26,57,60,67,80,87,90,100,103" /><INIT seed="3,1,1,4,1,102" ten="359,233,298,100" oya="3" hai0="72,78,8,5,118,10,114,51,110,47,24,130,1" hai1="33,42,115,84,107,77,104,119,18,11,31,64,41" hai2="59,35,97,3,50,98,2,0,122,108,27,113,37" hai3="93,69,54,117,44,76,132,34,25,129,26,48,92"/><W21/><G117/><T112/><D110/><U53/><E119/><V127/><F113/><N who="0" m="43626" /><D118/><U81/><E115/><V9/><F37/><W116/><G116/><T91/><D130/><U7/><E64/><V30/><F108/><W67/><G129/><T134/><D134/><U100/><E100/><V68/><F68/><W16/><G132/><T4/><D24/><U74/><E18/><V36/><F36/><W6/><G6/><T17/><D17/><U70/><E70/><V75/><F75/><W96/><G76/><T80/><D91/><U71/><E71/><V65/><F127/><W52/><G54/><N who="0" m="30079" /><D1/><U58/><E74/><V61/><F122/><W101/><G34/><T95/><D95/><U128/><E128/><V60/><F60/><W90/><G69/><T135/><D135/><U133/><E133/><V123/><F123/><W83/><G67/><T86/><D86/><U55/><E55/><V106/><F50/><W124/><G124/><T13/><D13/><U109/><E109/><V63/><F63/><W79/><G26/><T23/><D23/><U56/><E31/><V19/><F19/><W20/><G20/><T131/><D131/><U82/><E53/><V49/><F49/><W120/><G120/><T126/><D126/><U15/><E33/><V85/><F85/><N who="3" m="48383" /><G93/><T121/><D121/><U38/><E81/><V46/><F9/><AGARI ba="1,1" hai="4,5,8,9,10,72,78,80" m="30079,43626" machi="9" ten="30,1000,0" yaku="11,1" doraHai="102" who="0" fromWho="2" sc="359,23,233,0,298,-13,100,0" /><INIT seed="4,0,0,3,0,7" ten="382,233,285,100" oya="0" hai0="46,66,71,129,16,126,68,63,32,65,8,12,110" hai1="104,115,20,19,91,3,94,54,5,114,97,69,45" hai2="133,47,101,84,34,116,81,6,10,105,50,24,131" hai3="83,113,127,27,28,51,124,98,72,23,67,52,26"/><T4/><D32/><U41/><E69/><V79/><F131/><W108/><G108/><T15/><D129/><U123/><E123/><V57/><F133/><W0/><G0/><T100/><D126/><N who="3" m="48169" /><G67/><T44/><D110/><U21/><E104/><V111/><F111/><W135/><G135/><T103/><D100/><U59/><E5/><V53/><F116/><W61/><G61/><T117/><D117/><U38/><E3/><V107/><F101/><W64/><G64/><T11/><D103/><U112/><REACH who="1" step="1"/><E19/><REACH who="1" ten="382,223,285,100" step="2"/><V74/><F105/><W128/><G128/><T30/><D68/><U43/><E43/><V86/><F107/><W87/><G113/><T102/><D30/><U121/><E121/><V77/><F6/><W125/><G125/><T14/><D71/><U120/><E120/><V95/><F47/><W109/><G109/><T62/><D4/><U36/><E36/><V96/><F57/><W122/><G122/><T48/><D16/><U35/><E35/><V118/><F34/><W40/><G40/><T119/><D119/><U85/><E85/><V132/><F132/><W17/><G72/><T89/><D46/><U130/><E130/><V92/><F118/><W49/><G98/><T76/><D44/><U25/><E25/><V2/><F24/><N who="3" m="14447" /><G28/><T37/><D37/><U75/><E75/><V73/><F73/><W31/><G31/><T1/><D1/><U33/><E33/><V58/><F96/><W134/><G134/><T13/><D13/><U9/><E9/><V88/><F74/><W99/><G99/><T82/><D14/><U56/><E56/><RYUUKYOKU ba="0,1" sc="382,-10,223,30,285,-10,100,-10" hai1="20,21,38,41,45,54,59,91,94,97,112,114,115" /><INIT seed="5,1,1,5,2,46" ten="372,253,275,90" oya="1" hai0="95,35,119,49,73,50,37,85,129,42,17,2,115" hai1="43,54,82,114,110,120,63,131,88,55,28,60,118" hai2="62,31,92,116,125,90,67,132,70,4,122,61,22" hai3="87,0,33,81,51,124,59,13,40,117,6,96,105"/><U45/><E118/><V19/><F122/><W79/><G33/><T56/><D119/><U78/><E120/><V15/><F116/><W77/><G117/><T89/><D73/><U16/><E114/><V98/><F132/><W44/><G124/><T25/><D2/><U47/><E131/><V68/><F125/><W108/><G108/><T11/><D129/><U3/><E3/><V7/><F31/><W65/><G0/><T75/><D75/><U1/><E1/><V32/><F32/><W69/><G69/><T91/><D115/><U10/><E28/><V12/><F12/><W107/><G79/><T57/><D35/><U104/><E104/><V8/><F8/><N who="3" m="4247" /><G96/><T38/><D11/><U41/><E110/><V18/><F18/><W27/><G27/><T36/><D42/><N who="1" m="15883" /><E78/><V128/><F128/><W127/><G127/><T74/><D74/><U133/><E133/><V76/><F76/><W52/><G65/><AGARI ba="1,1" hai="4,7,15,19,22,61,62,65,67,68,70,90,92,98" machi="65" ten="40,1300,0" yaku="9,1" doraHai="46" who="2" fromWho="3" sc="372,0,253,0,275,26,90,-16" /><INIT seed="6,0,0,3,3,31" ten="372,253,301,74" oya="2" hai0="134,83,25,98,115,88,33,14,99,36,49,128,109" hai1="11,60,132,3,96,117,68,66,62,4,105,104,38" hai2="7,44,101,39,108,114,41,71,130,92,118,69,76" hai3="120,111,56,129,106,113,35,53,29,34,90,20,1"/><V52/><F118/><W70/><G111/><T26/><D109/><U43/><E117/><V40/><F76/><W87/><G1/><T54/><D36/><U75/><E132/><V37/><F7/><W27/><G120/><T126/><D115/><U10/><E10/><V48/><F92/><W84/><G70/><N who="2" m="26633" /><F101/><W78/><G106/><T107/><D107/><U124/><E62/><V123/><F123/><W125/><G129/><T21/><D26/><U12/><E12/><V50/><F108/><W79/><G125/><T91/><D126/><U51/><E124/><V100/><F100/><W81/><G113/><T116/><D116/><U61/><E61/><V72/><F72/><W64/><G64/><T74/><D74/><U65/><E65/><V103/><F103/><W97/><G97/><T55/><D83/><U89/><E89/><V2/><F2/><W63/><REACH who="3" step="1"/><G79/><REACH who="3" ten="372,253,301,64" step="2"/><T135/><D98/><U77/><E96/><V80/><F130/><W9/><G9/><T86/><D128/><U16/><E104/><V42/><F114/><W57/><G57/><T82/><D99/><U24/><E105/><V19/><F44/><W23/><G23/><T133/><D21/><N who="1" m="13351" /><E77/><V8/><F8/><W18/><G18/><T85/><D133/><U15/><E3/><V59/><F19/><W22/><G22/><T30/><D134/><U127/><E127/><V112/><F112/><W28/><G28/><T6/><D30/><U110/><E110/><V131/><F131/><W119/><G119/><T58/><D135/><U46/><E11/><V93/><F59/><W73/><G73/><RYUUKYOKU ba="0,1" sc="372,-10,253,-10,301,-10,64,30" hai3="20,27,29,34,35,53,56,63,78,81,84,87,90" /><INIT seed="7,1,1,5,0,38" ten="362,243,291,94" oya="3" hai0="63,106,76,24,118,33,22,108,53,39,87,47,82" hai1="114,57,127,134,62,1,84,12,9,3,5,23,36" hai2="21,45,98,65,78,7,111,10,74,29,50,35,40" hai3="2,104,75,122,18,91,100,102,56,27,37,15,97"/><W73/><G122/><T133/><D108/><U119/><E36/><V55/><F35/><W117/><G2/><T94/><D106/><U95/><E114/><V26/><F111/><W61/><G117/><T48/><D33/><U124/><E119/><V54/><F65/><W67/><G37/><T132/><D63/><U20/><E134/><V88/><F78/><W52/><G27/><T89/><D118/><U0/><E84/><V17/><F74/><W129/><G129/><T90/><D39/><U77/><E95/><N who="2" m="56679" /><F7/><W69/><G91/><T121/><D121/><U83/><E83/><V85/><F85/><W13/><G102/><T43/><D53/><N who="1" m="34095" /><E77/><V46/><F46/><W135/><G135/><T44/><D132/><U68/><E68/><V41/><F55/><W93/><G104/><T103/><D133/><U59/><E59/><V101/><F101/><W72/><REACH who="3" step="1"/><G18/><REACH who="3" ten="362,243,291,84" step="2"/><T105/><D105/><U81/><E3/><V120/><F120/><W58/><G58/><T16/><D103/><U128/><E128/><V113/><F113/><W28/><G28/><T79/><D47/><U25/><E25/><V42/><F29/><W109/><G109/><T31/><D31/><U116/><E116/><V6/><F6/><W8/><G8/><AGARI ba="1,2" hai="8,10,17,21,26,40,41,42,45,50,54" m="56679" machi="8" ten="30,8000,1" yaku="8,1,52,3,54,1" doraHai="38" who="2" fromWho="3" sc="362,0,243,0,291,103,84,-83" owari="362,16.0,243,-16.0,394,50.0,1,-50.0" /></mjloggm>