<mjloggm ver="2.3"><GO type="169" lobby="0"/><UN n0="%E7%B6%BE%E9%A6%99" n1="%E3%82%B7%E3%83%AB%E3%83%93%E3%82%A3" n2="%E3%82%A6%E3%83%AB%E3%83%88%E3%83%A9%E7%AB%8B%E7%9B%B4" n3="%E3%82%B7%E3%83%B3%E3%83%87%E3%83%AB%E3%83%A9" dan="17,17,17,16" rate="2215.72,2208.63,2185.04,2136.13" sx="F,F,M,F"/><TAIKYOKU oya="0"/><INIT seed="0,0,0,5,0,125" ten="250,250,250,250" oya="0" hai0="131,62,69,96,77,74,103,112,24,31,99,35,128" hai1="88,126,118,117,87,94,130,91,42,110,56,78,41" hai2="95,63,76,102,15,92,10,4,28,68,43,127,20" hai3="115,98,33,109,85,32,49,51,97,3,8,61,113"/><T133/><D112/><U36/><E126/><V70/><F127/><W90/><G61/><T84/><D84/><U111/><E78/><V18/><F76/><W105/><G85/><T89/><D89/><U108/><E130/><N who="0" m="49705" /><D133/><U6/><E36/><V79/><F79/><W120/><G90/><T17/><D17/><U12/><E56/><V45/><F28/><W9/><G105/><N who="0" m="63719" /><D99/><U116/><E91/><V57/><F102/><W34/><G98/><T122/><D122/><U37/><E37/><V134/><F95/><W14/><G97/><T73/><D77/><U67/><E67/><AGARI ba="0,0" hai="24,31,35,62,67,69,73,74" m="63719,49705" machi="67" ten="30,18000,2" yaku="25,1,19,1,23,1,52,3" doraHai="125" who="0" fromWho="1" sc="250,180,250,-180,250,0,250,0" /><INIT seed="0,1,0,3,2,68" ten="430,70,250,250" oya="0" hai0="99,84,52,49,36,44,83,96,117,129,61,30,126" hai1="103,131,5,70,51,81,118,98,62,123,86,106,57" hai2="115,35,20,16,45,0,114,109,27,24,32,80,89" hai3="97,53,65,66,9,8,12,31,22,113,54,42,64"/><T94/><D117/><U47/><E118/><V71/><F71/><W38/><G113/><N who="2" m="43017" /><F89/><W39/><G97/><T63/><D126/><U41/><E123/><V127/><F80/><W91/><G91/><T130/><D30/><U93/><E131/><N who="0" m="50185" /><D36/><U120/><E120/><V77/><F45/><W69/><G69/><T56/><D61/><U92/><E70/><V17/><F77/><W13/><G42/><N who="0" m="24727" /><D94/><U90/><REACH who="1" step="1"/><E5/><REACH who="1" ten="430,60,250,250" step="2"/><V105/><F127/><W3/><G3/><T43/><D43/><U134/><E134/><V58/><F0/><W15/><G31/><T95/><D95/><U72/><E72/><V7/><F7/><W125/><G125/><T104/><D104/><U111/><E111/><V122/><F105/><W135/><G135/><T128/><D128/><U25/><E25/><V1/><F1/><W76/><G15/><T29/><D29/><U112/><E112/><V116/><F122/><W73/><G73/><T82/><D82/><U133/><E133/><V23/><F109/><W55/><G13/><T74/><D74/><U37/><E37/><V87/><F116/><W21/><G12/><T124/><D124/><U50/><E50/><V79/><F27/><W18/><G18/><T11/><D11/><N who="3" m="4169" /><G76/><AGARI ba="1,1" hai="52,56,63,76,83,84,96,99" m="24727,50185" machi="76" ten="30,2900,0" yaku="19,1,54,1" doraHai="68" who="0" fromWho="3" sc="430,42,60,0,250,0,250,-32" /><INIT seed="0,2,0,0,4,42" ten="472,60,250,218" oya="0" hai0="124,44,86,45,54,18,87,49,50,115,119,69,114" hai1="112,106,51,8,103,95,109,9,70,123,71,39,57" hai2="63,130,79,4,82,64,99,47,58,122,46,32,116" hai3="74,83,43,19,100,94,133,77,110,128,11,55,105"/><T38/><D119/><U21/><E123/><V12/><F122/><W7/><G105/><T23/><D69/><U61/><E112/><V72/><F32/><W92/><G110/><T59/><D38/><U68/><E109/><V73/><F116/><W30/><G30/><T40/><D124/><U36/><E106/><V127/><F127/><W52/><G133/><T104/><D104/><U15/><E21/><V107/><F130/><W75/><G128/><T85/><REACH who="0" step="1"/><D59/><REACH who="0" ten="462,60,250,218" step="2"/><U16/><E39/><V67/><F58/><W118/><G118/><T91/><D91/><U62/><E36/><V65/><F107/><W60/><G100/><T108/><D108/><U2/><E68/><V126/><F126/><W125/><G125/><T93/><D93/><U5/><E70/><V120/><F120/><W101/><G94/><T134/><D134/><U111/><E111/><V1/><F79/><W81/><G92/><T17/><D17/><U97/><REACH who="1" step="1"/><E71/><REACH who="1" ten="462,50,250,218" step="2"/><V28/><F28/><W13/><G101/><T98/><D98/><U78/><E78/><V129/><F99/><W132/><G77/><T33/><D33/><U27/><E27/><AGARI ba="2,2" hai="18,23,27,40,44,45,49,50,54,85,86,87,114,115" machi="27" ten="40,12000,1" yaku="1,1,52,2,53,1" doraHai="42" doraHaiUra="37" who="0" fromWho="1" sc="462,146,50,-126,250,0,218,0" owari="608,71.0,-76,-58.0,250,5.0,218,-18.0" /></mjloggm>