<mjloggm ver="2.3"><GO type="225" lobby="0"/><UN n0="%E3%83%88%E3%83%88%E3%83%AA%E5%85%88%E7%94%9F%31%39%E6%AD%B3" n1="%E3%83%8B%E3%83%BC%E3%83%88%E7%A4%BE%E9%95%B7" n2="%53%65%6E%61%72" n3="%66%78%78%6B%69%6E" dan="17,17,16,16" rate="2232.08,2186.02,2056.74,2089.90" sx="F,M,M,M"/><TAIKYOKU oya="0"/><INIT seed="0,0,0,5,2,55" ten="250,250,250,250" oya="0" hai0="108,83,46,93,16,99,121,116,27,115,60,0,59" hai1="70,112,81,80,106,9,45,63,61,77,89,35,30" hai2="7,49,91,24,34,65,51,33,96,54,53,76,87" hai3="103,15,107,88,122,57,74,64,25,28,73,68,119"/><T12/><D115/><U104/><E112/><V29/><F65/><W43/><G68/><T128/><D116/><U130/><E35/><V129/><F129/><W125/><G119/><T90/><D121/><U97/><E30/><V37/><F37/><W6/><G125/><T67/><D0/><U100/><E70/><V101/><F76/><W102/><G107/><T38/><D128/><U50/><E106/><V79/><F79/><W2/><G2/><T118/><D118/><U126/><E126/><V23/><F7/><W131/><G43/><T40/><D108/><U113/><E130/><V69/><F69/><W82/><G74/><T120/><D120/><U11/><E113/><V48/><F34/><W114/><G73/><T117/><D117/><U58/><E89/><V85/><F33/><W47/><G47/><T8/><D27/><U132/><E61/><V36/><F36/><W39/><G39/><T71/><D83/><U110/><E110/><V4/><F4/><W92/><G82/><N who="1" m="31850" /><E132/><V78/><F78/><W17/><G6/><T133/><REACH who="0" step="1"/><D71/><REACH who="0" ten="240,250,250,250" step="2"/><U44/><E77/><V127/><F127/><W41/><G131/><T22/><D22/><U72/><E72/><V98/><F23/><N who="3" m="15423" /><G122/><T86/><D86/><U14/><E9/><V52/><F24/><W84/><G114/><T5/><D5/><N who="1" m="3439" /><E50/><V1/><F1/><W135/><G135/><AGARI ba="0,1" hai="8,12,16,38,40,46,59,60,67,90,93,99,133,135" machi="135" ten="40,7700,0" yaku="1,1,52,1,54,1,53,0" doraHai="55" doraHaiUra="111" who="0" fromWho="3" sc="240,87,250,0,250,0,250,-77" /><INIT seed="0,1,0,1,4,17" ten="327,250,250,173" oya="0" hai0="115,7,101,102,64,88,24,14,107,56,21,59,89" hai1="41,110,42,19,122,11,95,92,84,66,12,53,48" hai2="134,10,30,69,123,90,126,18,5,103,120,73,38" hai3="31,51,28,106,45,1,9,47,113,94,81,91,36"/><T74/><D115/><U114/><E122/><V127/><F69/><W83/><G106/><T23/><D74/><U62/><E110/><V112/><F112/><W121/><G113/><T109/><D109/><U76/><E114/><V131/><F38/><W2/><G121/><T85/><D107/><U105/><E105/><V80/><F103/><N who="0" m="39434" /><D64/><U50/><E62/><V46/><F46/><W104/><G104/><T13/><D89/><U6/><E66/><V78/><F90/><W100/><G100/><T25/><D25/><U22/><E76/><V132/><F30/><W27/><G36/><T130/><D130/><U87/><E50/><V125/><F18/><W63/><G47/><T82/><D14/><N who="1" m="5495" /><E95/><V55/><F55/><W129/><G63/><T43/><D43/><N who="1" m="16395" /><E92/><V16/><F131/><W26/><G129/><T86/><D86/><U33/><E33/><V4/><F120/><W135/><G9/><N who="0" m="4287" /><D23/><U70/><E70/><V117/><F123/><W57/><G2/><T34/><D34/><U93/><E93/><V61/><F61/><W67/><G1/><T96/><D96/><U58/><AGARI ba="1,0" hai="12,19,22,48,53,58,84,87" m="16395,5495" machi="58" ten="30,2000,0" yaku="8,1,52,1" doraHai="17" who="1" fromWho="1" sc="327,-11,250,23,250,-6,173,-6" /><INIT seed="1,0,0,1,3,27" ten="316,273,244,167" oya="1" hai0="43,72,16,79,116,107,28,68,90,23,77,64,125" hai1="10,95,103,21,102,18,2,55,8,87,69,13,49" hai2="104,120,36,89,54,78,110,84,32,97,118,15,62" hai3="101,31,74,71,37,134,53,124,34,112,127,108,60"/><U5/><E69/><V121/><F118/><W0/><RYUUKYOKU type="yao9" ba="0,0" sc="316,0,273,0,244,0,167,0" hai3="0,31,34,37,53,60,71,74,101,108,112,124,127,134" /><INIT seed="1,1,0,3,4,69" ten="316,273,244,167" oya="1" hai0="4,95,58,130,49,94,118,60,132,62,89,102,27" hai1="20,107,96,81,10,123,119,112,106,33,23,29,100" hai2="43,13,72,83,15,21,115,122,14,71,17,59,40" hai3="108,117,86,82,67,133,116,25,90,45,11,55,51"/><U76/><E119/><V19/><F71/><W70/><G108/><T88/><D118/><U16/><E112/><V73/><F122/><W53/><G133/><T26/><D132/><U18/><E123/><V77/><F115/><W28/><G55/><N who="0" m="32111" /><D4/><U24/><E107/><V41/><F59/><W125/><G125/><T63/><D102/><U57/><E57/><V35/><F35/><W97/><G97/><N who="0" m="57543" /><D130/><U30/><E10/><V46/><F46/><W65/><G70/><T22/><D22/><U64/><E64/><V0/><F0/><W121/><G121/><T135/><D135/><U99/><E99/><AGARI ba="1,0" hai="26,27,60,62,63,89,95,99" m="57543,32111" machi="99" ten="30,2000,0" yaku="8,1,54,1" doraHai="69" who="0" fromWho="1" sc="316,23,273,-23,244,0,167,0" /><INIT seed="2,0,0,2,2,115" ten="339,250,244,167" oya="2" hai0="94,128,63,3,98,100,72,36,17,89,105,53,87" hai1="75,65,47,99,57,93,130,111,34,125,112,96,50" hai2="1,59,124,86,15,6,31,2,14,76,129,0,46" hai3="134,22,5,92,133,64,21,35,84,88,123,7,56"/><V39/><F129/><W81/><G35/><T38/><D3/><U114/><E75/><V121/><F121/><W43/><G123/><T132/><D72/><U126/><E34/><V45/><F124/><N who="1" m="47721" /><E111/><V80/><F31/><W10/><G43/><T70/><D132/><U95/><E130/><V60/><F39/><W69/><G69/><T54/><D54/><N who="1" m="30047" /><E65/><V42/><F42/><W29/><G81/><T33/><D33/><U11/><E11/><V40/><F40/><W108/><G108/><T120/><D120/><U27/><E27/><V102/><F102/><W23/><G29/><T61/><D128/><U116/><E116/><V32/><F32/><W67/><G7/><T90/><D63/><U82/><E82/><V77/><F77/><W71/><G56/><T85/><D17/><U131/><E57/><V78/><F78/><W30/><G30/><T118/><D118/><U52/><E52/><V28/><F28/><W49/><G49/><T44/><D44/><N who="2" m="17002" /><F6/><W48/><G48/><T12/><D38/><U8/><E8/><V110/><F110/><W4/><G4/><T37/><D36/><U103/><E131/><V24/><F24/><W91/><G91/><AGARI ba="0,0" hai="91,93,95,96,99,103,112,114" m="30047,47721" machi="91" ten="30,1000,0" yaku="18,1" doraHai="115" who="1" fromWho="3" sc="339,0,250,10,244,0,167,-10" /><INIT seed="3,0,0,1,0,104" ten="339,260,244,157" oya="3" hai0="95,132,55,110,80,102,91,103,30,81,131,114,106" hai1="108,63,76,105,8,29,101,135,37,36,78,24,117" hai2="84,69,18,128,66,2,85,52,115,47,19,21,83" hai3="25,75,112,86,6,98,99,77,79,97,5,65,124"/><W45/><G112/><T31/><D110/><U60/><E108/><V134/><F115/><W34/><G124/><T17/><D114/><U90/><E135/><V50/><F2/><W23/><G34/><T113/><D113/><U73/><E117/><V39/><F128/><W41/><G65/><T120/><D120/><U11/><E90/><V27/><F134/><W87/><G75/><T70/><D70/><U10/><E105/><V43/><F19/><W127/><G127/><T92/><D106/><U40/><E101/><N who="0" m="38409" /><D132/><U1/><E1/><V82/><F82/><N who="0" m="31850" /><D131/><U67/><E73/><V121/><F121/><W122/><G122/><T54/><D95/><U68/><E63/><N who="2" m="40159" /><F83/><W56/><G56/><AGARI ba="0,0" hai="18,21,27,39,43,47,50,52,56,84,85" m="40159" machi="56" ten="30,2000,0" yaku="24,1,54,1" doraHai="104" who="2" fromWho="3" sc="339,0,260,0,244,20,157,-20" owari="339,44.0,260,-14.0,264,6.0,137,-36.0" /></mjloggm>