<mjloggm ver="2.3"><GO type="169" lobby="0"/><UN n0="%E3%81%93%E3%81%9F%E3%81%A4%E3%81%AB%E3%83%9F%E3%82%AB%E3%83%B3" n1="%E3%83%97%E3%83%AD%E3%83%86%E3%82%A4%E3%83%B3%E5%BE%97%E7%9B%9B" n2="%2A%E3%81%B6%E3%81%A3%E3%81%A1%2A" n3="%E5%B0%B1%E6%B4%BB%E7%94%9F%40%E5%B7%9D%E6%9D%91%E8%BB%8D%E5%9B%A3" dan="16,17,16,16" rate="2073.76,2136.48,2091.06,2120.12" sx="M,M,M,M"/><TAIKYOKU oya="0"/><INIT seed="0,0,0,1,4,48" ten="250,250,250,250" oya="0" hai0="105,70,67,13,66,31,39,115,101,40,89,95,9" hai1="38,47,107,53,50,16,135,100,11,55,102,72,129" hai2="43,131,85,86,122,132,68,77,24,17,103,15,97" hai3="96,108,51,23,41,98,126,119,6,29,42,76,21"/><T80/><D70/><U92/><E72/><V117/><F122/><W84/><G119/><T27/><D115/><U88/><E38/><V120/><F120/><W57/><G6/><T90/><D105/><U34/><E34/><V65/><F117/><W110/><G126/><T44/><D101/><N who="1" m="39019" /><E107/><V130/><F24/><W93/><G76/><T78/><D90/><U134/><E129/><N who="2" m="49163" /><F43/><N who="3" m="16395" /><G84/><T20/><D89/><U87/><E135/><V32/><F32/><W91/><G29/><T118/><D95/><U8/><E134/><V3/><F3/><W109/><G98/><T64/><D118/><U106/><E106/><V5/><F5/><W111/><N who="3" m="27648" /><DORA hai="60" /><W133/><G133/><T62/><D62/><U1/><E1/><V7/><F7/><W114/><G114/><T26/><D26/><U2/><E2/><V49/><F132/><W46/><G57/><T81/><REACH who="0" step="1"/><D78/><REACH who="0" ten="240,250,250,250" step="2"/><U73/><E73/><V79/><F77/><W4/><G4/><AGARI ba="0,1" hai="4,9,13,20,27,31,39,40,44,64,66,67,80,81" machi="4" ten="40,12000,1" yaku="1,1,2,1,52,3,53,0" doraHai="48,60" doraHaiUra="128,83" who="0" fromWho="3" sc="240,130,250,0,250,0,250,-120" /><INIT seed="0,1,0,1,1,111" ten="370,250,250,130" oya="0" hai0="90,109,100,74,53,104,128,79,36,88,3,58,118" hai1="15,51,65,68,7,123,77,62,89,84,55,49,61" hai2="41,9,115,87,63,119,46,52,0,78,116,20,129" hai3="124,71,42,98,112,64,34,102,33,91,32,108,60"/><T50/><D36/><U127/><E123/><V86/><F129/><W47/><G108/><T17/><D118/><N who="2" m="45098" /><F115/><W120/><G120/><T81/><D109/><U73/><E127/><V113/><F113/><W30/><G124/><T125/><D3/><U121/><E121/><V82/><F20/><W43/><G91/><T66/><D125/><U117/><E117/><V24/><F24/><W35/><G112/><T75/><D128/><U29/><E29/><V95/><F9/><W21/><G21/><T101/><D75/><U105/><E105/><V83/><F95/><W110/><G110/><T37/><D37/><U72/><E77/><V38/><F0/><W69/><G69/><T19/><D66/><U5/><E62/><V135/><F135/><W13/><G13/><T28/><D28/><U67/><E67/><V59/><F83/><W40/><N who="3" m="8192" /><DORA hai="4" /><W22/><G22/><T70/><D70/><U23/><E51/><V44/><F44/><W132/><G132/><T92/><D90/><U10/><E7/><V45/><F45/><W25/><G25/><T39/><D39/><U97/><E97/><V103/><F103/><W16/><G30/><T96/><D101/><U2/><E23/><V12/><F12/><W8/><G47/><T106/><D106/><U26/><E26/><V57/><F57/><W85/><G85/><AGARI ba="1,0" hai="17,19,50,53,58,74,79,81,85,88,92,96,100,104" machi="85" ten="30,11600,0" yaku="7,1,24,2,54,1" doraHai="111,4" who="0" fromWho="3" sc="370,119,250,0,250,0,130,-119" /><AGARI ba="1,0" hai="38,41,46,52,59,63,78,82,85,86,87" m="45098" machi="85" ten="30,2000,0" yaku="12,1,54,1" doraHai="111,4" who="2" fromWho="3" sc="489,0,250,0,250,20,11,-20" owari="489,59.0,250,-15.0,270,7.0,-9,-51.0" /></mjloggm>