<mjloggm ver="2.3"><GO type="169" lobby="0"/><UN n0="%E5%8D%97%E5%9B%BD%E3%81%97%E3%82%8D%E3%81%8F%E3%81%BE" n1="%E3%81%B5%E3%81%8B%E3%81%98" n2="%E3%82%A6%E3%83%AB%E3%83%88%E3%83%A9%E7%AB%8B%E7%9B%B4" n3="%73%68%75%6E%37%32%39" dan="16,17,17,16" rate="2118.85,2096.09,2194.48,2103.10" sx="M,M,M,M"/><TAIKYOKU oya="0"/><INIT seed="0,0,0,2,3,55" ten="250,250,250,250" oya="0" hai0="8,88,21,73,120,28,13,38,49,127,68,106,128" hai1="117,114,76,134,89,62,42,27,59,6,36,125,17" hai2="56,78,34,37,15,87,58,104,26,86,132,67,101" hai3="11,50,0,85,7,46,71,47,111,1,129,77,72"/><T109/><D38/><U84/><E117/><V80/><F37/><W51/><G71/><T12/><D120/><U123/><E123/><V116/><F132/><W79/><G129/><T9/><D106/><U110/><E134/><V39/><F39/><W35/><G35/><T94/><D73/><U57/><E110/><V2/><F2/><W41/><G72/><T99/><D68/><U69/><E125/><V32/><F32/><W93/><G111/><T102/><D128/><U3/><E76/><V124/><F124/><W61/><G0/><T65/><D109/><U18/><E69/><V95/><F116/><W64/><G93/><N who="0" m="58735" /><D65/><N who="1" m="39119" /><E3/><V43/><F43/><W44/><G44/><T115/><D127/><U70/><E70/><V130/><F130/><W31/><G31/><T126/><D126/><U96/><E36/><V133/><F67/><W107/><G107/><T121/><D121/><U122/><E122/><V82/><F133/><W22/><G22/><T63/><D49/><U20/><E114/><V131/><F131/><W75/><G75/><T66/><D115/><U113/><E113/><V97/><F104/><W45/><G45/><T135/><D135/><U48/><E6/><V24/><F34/><W90/><G64/><T19/><D66/><U112/><E112/><V5/><F5/><W23/><G61/><T103/><D63/><U10/><E96/><V60/><F60/><W4/><G4/><N who="0" m="3079" /><D103/><U25/><E48/><V83/><F101/><W54/><G23/><T29/><D21/><U30/><E20/><V74/><F74/><W16/><G16/><T91/><D91/><RYUUKYOKU ba="0,0" sc="250,15,250,-15,250,-15,250,15" hai0="9,13,19,28,29,88,94" hai3="1,7,11,41,46,47,50,51,54,77,79,85,90" /><INIT seed="0,1,0,5,4,121" ten="265,235,235,265" oya="0" hai0="89,123,45,109,127,49,113,75,106,42,120,133,11" hai1="80,118,63,114,41,66,20,36,100,74,29,26,96" hai2="76,22,1,132,5,51,61,17,71,112,46,48,79" hai3="92,4,99,111,54,12,53,73,40,108,103,81,82"/><T122/><D106/><U134/><E118/><V38/><F112/><W131/><G40/><T39/><D75/><U43/><E114/><V64/><F132/><W25/><G25/><T130/><D113/><U128/><E134/><V105/><F105/><W2/><G2/><T70/><D133/><U8/><E128/><V88/><F38/><W97/><G131/><T104/><D130/><U50/><E36/><V44/><F88/><W27/><G27/><T78/><D78/><U18/><E50/><V23/><F5/><W83/><G73/><T56/><D104/><U93/><E8/><V87/><F1/><W84/><G84/><T13/><D70/><U3/><E3/><V115/><F115/><W129/><G99/><T19/><D127/><U72/><E18/><V7/><F7/><W69/><G69/><T60/><D39/><U9/><E9/><V107/><F107/><W21/><G129/><T37/><D37/><U94/><E94/><V59/><F71/><W35/><G35/><T126/><D126/><U55/><E55/><V0/><F0/><W33/><G33/><T30/><D30/><U117/><E117/><V28/><F28/><W68/><G68/><T85/><D89/><U102/><E102/><V65/><F17/><N who="3" m="10407" /><G4/><T116/><D85/><U124/><E124/><V6/><F6/><W135/><G135/><T62/><D116/><U95/><E74/><V14/><F87/><W15/><G15/><T16/><D19/><U31/><E31/><V34/><F14/><W67/><G67/><N who="0" m="39303" /><D62/><U91/><E63/><V77/><F34/><W90/><G90/><RYUUKYOKU ba="1,0" sc="265,15,235,-15,235,-15,265,15" hai0="11,13,16,42,45,49,109,120,122,123" hai3="53,54,81,82,83,92,97,103,108,111" /><INIT seed="0,2,0,2,3,121" ten="280,220,220,280" oya="0" hai0="1,70,38,117,10,94,97,25,79,55,50,2,132" hai1="18,56,49,6,119,59,42,60,81,13,65,14,8" hai2="9,88,101,83,123,33,34,89,26,99,107,98,106" hai3="21,29,31,47,80,24,52,90,73,133,4,71,58"/><T111/><D38/><U68/><E119/><V53/><F123/><W57/><G71/><T130/><D117/><U85/><E49/><V37/><F37/><W22/><G133/><T84/><D132/><U48/><E42/><V0/><F53/><W129/><G4/><T118/><D118/><U100/><E100/><V32/><F26/><N who="3" m="16591" /><G73/><T92/><D70/><U135/><E48/><V77/><F0/><W128/><G80/><T76/><D130/><N who="3" m="50281" /><G90/><T28/><D10/><U5/><E135/><V105/><F9/><W19/><G31/><T78/><D84/><U69/><E69/><V134/><F134/><W40/><G52/><T44/><D111/><U125/><E125/><V11/><F11/><W61/><G61/><T62/><D62/><U114/><E6/><V41/><F41/><W95/><G95/><T110/><D110/><U45/><E45/><V104/><REACH who="2" step="1"/><F98/><REACH who="2" ten="280,220,210,280" step="2"/><W16/><G19/><T91/><REACH who="0" step="1"/><D94/><REACH who="0" ten="270,220,210,280" step="2"/><U46/><E8/><V75/><AGARI ba="2,2" hai="32,33,34,75,77,83,88,89,99,101,104,105,106,107" machi="75" ten="40,8000,1" yaku="1,1,2,1,0,1,54,1,53,0" doraHai="121" doraHaiUra="20" who="2" fromWho="2" sc="270,-42,220,-22,210,106,280,-22" /><INIT seed="1,0,0,1,3,37" ten="228,198,316,258" oya="1" hai0="41,118,27,110,24,38,112,125,45,129,113,34,42" hai1="81,32,128,114,8,44,95,86,74,126,19,62,30" hai2="56,43,9,105,4,53,70,101,2,87,28,33,123" hai3="61,59,91,124,58,0,90,94,18,47,135,89,97"/><U108/><E114/><V1/><F70/><W39/><G0/><T68/><D68/><U73/><E126/><V35/><F123/><W14/><G124/><T55/><D125/><U84/><E128/><V10/><F87/><W127/><G135/><T99/><D118/><U21/><E108/><V6/><F28/><W67/><G58/><T96/><D38/><U109/><E109/><V98/><REACH who="2" step="1"/><F43/><REACH who="2" ten="228,198,306,258" step="2"/><W46/><G127/><T132/><D110/><U36/><E30/><V106/><F106/><W17/><G39/><T133/><D129/><U122/><E86/><V63/><AGARI ba="0,1" hai="1,2,4,6,9,10,33,35,53,56,63,98,101,105" machi="63" ten="20,12000,2" yaku="1,1,0,1,7,1,9,1,53,2" doraHai="37" doraHaiUra="3" who="2" fromWho="2" sc="228,-30,198,-60,306,130,258,-30" /><INIT seed="2,0,0,4,5,69" ten="198,138,436,228" oya="2" hai0="97,64,91,7,81,46,110,117,90,80,8,25,9" hai1="53,129,68,71,59,42,56,85,1,19,128,31,93" hai2="74,36,66,67,44,28,0,34,115,17,62,10,96" hai3="98,135,125,76,41,124,118,65,2,108,78,126,123"/><V106/><F115/><W60/><G2/><T83/><D117/><U133/><E1/><V70/><F66/><W22/><G118/><T102/><D64/><U43/><E31/><V122/><F17/><W63/><G123/><T27/><D110/><U95/><E19/><V86/><F86/><W6/><G6/><T16/><D46/><U87/><REACH who="1" step="1"/><E53/><REACH who="1" ten="198,128,436,228" step="2"/><V113/><F28/><W13/><G108/><T101/><D16/><U15/><E15/><V52/><F52/><W12/><G12/><T120/><D120/><U114/><E114/><V50/><F113/><W55/><G55/><T38/><D27/><U54/><E54/><V30/><F30/><W26/><G13/><T39/><D25/><U40/><E40/><N who="2" m="22535" /><F0/><W127/><G127/><T79/><D7/><U73/><E73/><V24/><F74/><W100/><G41/><T45/><D79/><U116/><E116/><V89/><F24/><W11/><G78/><T72/><D72/><U119/><E119/><V18/><F18/><W88/><G76/><T47/><D80/><U49/><E49/><V23/><F50/><W134/><G11/><T82/><D81/><U112/><E112/><V92/><F10/><W130/><G26/><T58/><D58/><U14/><E14/><V21/><F122/><W105/><G22/><T111/><D111/><U35/><E35/><V103/><F34/><W75/><G75/><T132/><D83/><U5/><E5/><V131/><F21/><W33/><G33/><T121/><D121/><U104/><E104/><V20/><F20/><W61/><G126/><T94/><D82/><RYUUKYOKU ba="0,1" sc="198,-10,128,30,436,-10,228,-10" hai1="42,43,56,59,68,71,85,87,93,95,128,129,133" /><INIT seed="3,1,1,1,5,36" ten="188,158,426,218" oya="3" hai0="129,65,104,47,35,105,2,68,27,25,37,100,75" hai1="122,34,42,6,128,8,13,70,74,102,101,21,32" hai2="71,57,45,126,59,79,30,29,127,44,18,51,40" hai3="121,114,131,84,61,109,97,99,14,20,88,10,67"/><W98/><G121/><T39/><D129/><U94/><E70/><V120/><F71/><W41/><G114/><T16/><D25/><U93/><E74/><V24/><F120/><W81/><G131/><T9/><D75/><U80/><E122/><V72/><F79/><W60/><G109/><T82/><D82/><U23/><E128/><V119/><F72/><W22/><G41/><T52/><D65/><U62/><E62/><N who="3" m="24170" /><G67/><T115/><D68/><U1/><E80/><V53/><F119/><W28/><G28/><T113/><D35/><U87/><E1/><V133/><F133/><W116/><G116/><T43/><D39/><U5/><E87/><V135/><F135/><W134/><G134/><T38/><D37/><U95/><E42/><V33/><F30/><W132/><G132/><T123/><D123/><U103/><REACH who="1" step="1"/><E6/><AGARI ba="1,1" hai="6,10,14,20,22,81,84,88,97,98,99" m="24170" machi="6" ten="30,2900,0" yaku="8,1,54,1" doraHai="36" who="3" fromWho="1" sc="188,0,158,-32,426,0,218,42" /><INIT seed="3,2,0,4,2,76" ten="188,126,426,260" oya="3" hai0="105,91,124,109,21,116,56,119,110,104,127,25,61" hai1="133,5,65,29,83,78,106,122,128,108,103,121,120" hai2="112,85,52,14,71,7,100,131,125,94,23,60,17" hai3="47,74,66,13,113,39,107,90,80,54,102,42,11"/><W33/><G33/><T2/><D2/><U53/><E65/><V88/><F112/><W72/><G113/><T123/><D56/><U96/><E29/><V49/><F125/><N who="0" m="48202" /><D123/><U43/><E43/><V37/><F37/><W95/><G66/><T59/><D59/><U67/><E67/><V24/><F131/><W75/><G107/><N who="0" m="41035" /><D61/><U41/><E41/><V135/><F135/><W46/><G102/><T9/><D9/><U32/><E32/><V117/><F117/><N who="0" m="45130" /><D21/><U69/><E69/><V101/><F60/><W64/><G64/><T70/><D25/><U77/><E53/><V22/><F71/><W51/><G11/><T48/><D48/><U58/><E58/><N who="2" m="33039" /><F7/><W129/><G13/><T27/><D27/><U62/><E5/><V82/><F23/><W0/><G0/><T73/><D70/><U50/><E50/><V8/><F8/><W38/><G38/><T34/><D34/><U130/><E62/><V126/><F24/><W20/><G20/><T97/><D73/><U63/><E63/><V81/><F126/><W10/><G10/><T87/><D97/><U30/><E96/><V45/><F45/><W28/><G28/><T31/><D31/><U111/><E30/><V16/><F17/><W55/><G55/><T86/><D86/><U89/><E120/><V115/><F115/><W1/><G1/><T19/><D19/><U114/><E122/><V99/><F99/><W92/><G129/><T68/><D68/><U98/><E114/><V4/><F4/><W3/><G3/><T18/><D18/><U44/><E121/><V15/><F15/><RYUUKYOKU ba="2,0" sc="188,10,126,-30,426,10,260,10" hai0="87,91,109,110" hai2="14,16,22,81,82,85,88,94,100,101" hai3="39,42,46,47,51,54,72,74,75,80,90,92,95" /><INIT seed="3,3,0,5,1,84" ten="198,96,436,270" oya="3" hai0="27,13,80,101,63,92,62,71,60,19,5,53,32" hai1="109,114,36,9,112,135,76,100,2,45,98,130,75" hai2="29,69,1,122,115,22,15,55,113,37,6,40,8" hai3="12,117,52,74,20,72,99,33,41,121,58,90,131"/><W70/><G70/><T16/><D71/><U43/><E109/><V18/><F69/><W125/><G33/><T68/><D68/><U17/><E130/><V44/><F122/><W129/><G117/><T81/><D32/><U97/><E135/><V86/><F29/><W7/><G41/><T11/><D53/><U85/><E85/><V51/><F86/><W10/><G20/><N who="0" m="13703" /><D5/><N who="1" m="1207" /><E17/><V65/><F65/><W111/><G121/><T88/><D101/><U47/><E98/><AGARI ba="3,0" hai="11,13,19,60,62,63,80,81,88,92,98" m="13703" machi="98" ten="30,7700,0" yaku="8,1,52,1,54,2" doraHai="84" who="0" fromWho="1" sc="198,86,96,-86,436,0,270,0" /><INIT seed="4,0,0,5,2,9" ten="284,10,436,270" oya="0" hai0="88,73,43,15,119,19,127,129,17,25,133,23,114" hai1="16,49,71,123,118,66,78,39,72,124,57,65,1" hai2="92,75,18,132,93,94,111,135,22,108,125,109,11" hai3="44,0,81,134,70,117,2,100,126,13,98,26,80"/><T59/><D119/><U32/><E118/><V37/><F37/><W3/><G70/><T21/><D73/><U106/><E123/><V95/><F75/><W67/><G67/><T6/><D114/><U53/><E106/><V12/><F95/><W61/><G61/><T112/><D112/><U103/><E103/><V46/><F46/><W52/><G117/><T54/><D129/><U116/><E116/><V27/><REACH who="2" step="1"/><F125/><REACH who="2" ten="284,10,426,270" step="2"/><W84/><G126/><T47/><D127/><U113/><E39/><V77/><F77/><W50/><G134/><T131/><D133/><U64/><E78/><V128/><F128/><W56/><G44/><T51/><D131/><U40/><E72/><V87/><F87/><W97/><G97/><T105/><D105/><U28/><E124/><V86/><F86/><W29/><G84/><T89/><REACH who="0" step="1"/><D6/><AGARI ba="0,1" hai="6,11,12,18,22,27,92,93,94,108,109,111,132,135" machi="6" ten="50,3200,0" yaku="1,1,52,1,53,0" doraHai="9" doraHaiUra="24" who="2" fromWho="0" sc="284,-32,10,0,426,42,270,0" /><INIT seed="5,0,0,3,0,88" ten="252,10,468,270" oya="1" hai0="33,31,39,83,41,89,61,94,119,5,60,70,24" hai1="86,16,28,34,68,57,97,106,114,56,101,27,53" hai2="50,44,71,99,6,92,0,95,45,66,128,123,13" hai3="85,126,64,48,22,54,96,82,11,134,42,129,9"/><U90/><E114/><V29/><F123/><W47/><G134/><T36/><D119/><U98/><E68/><V132/><F128/><W15/><G129/><T37/><D5/><U62/><E97/><V130/><F45/><W63/><G126/><T131/><D131/><U38/><E38/><V72/><F29/><W20/><G9/><T59/><D83/><U110/><E110/><V135/><F72/><W91/><G96/><T133/><D133/><U23/><E57/><V105/><F13/><W102/><G102/><T118/><D118/><U113/><E113/><V69/><F66/><W107/><G107/><T52/><D41/><U124/><E124/><V12/><F95/><W76/><G76/><T4/><D4/><U51/><E62/><V14/><F92/><W40/><G40/><T65/><D37/><U58/><E58/><V111/><F44/><W3/><G3/><T32/><D33/><U103/><E103/><V104/><F50/><W1/><G1/><T67/><D65/><U46/><E46/><V73/><F99/><AGARI ba="0,0" hai="24,31,32,36,39,52,59,60,61,67,70,89,94,99" machi="99" ten="30,3900,0" yaku="7,1,52,1,54,1" doraHai="88" who="0" fromWho="2" sc="252,39,10,0,468,-39,270,0" /><INIT seed="6,0,0,2,0,98" ten="291,10,429,270" oya="2" hai0="49,109,3,15,132,121,65,7,27,76,35,13,5" hai1="36,129,105,40,44,106,114,127,23,81,90,6,53" hai2="96,122,82,104,126,41,24,113,0,50,60,66,74" hai3="75,10,54,55,69,39,51,101,135,86,71,87,59"/><V125/><F0/><W28/><G75/><T34/><D76/><U70/><E70/><V94/><F104/><W48/><G28/><T61/><D49/><U108/><E108/><V43/><F122/><W95/><G39/><T21/><D61/><U107/><E114/><V14/><F50/><W100/><G10/><T30/><D65/><U20/><E127/><N who="2" m="48651" /><F14/><N who="0" m="5130" /><D121/><U84/><E129/><V88/><F24/><W42/><G42/><T2/><D109/><U128/><E128/><V17/><F17/><W83/><G135/><T37/><D37/><U111/><E111/><V22/><F22/><W56/><REACH who="3" step="1"/><G95/><REACH who="3" ten="291,10,429,260" step="2"/><T99/><D132/><U29/><E29/><V11/><F43/><W123/><G123/><T4/><D99/><U120/><E120/><V117/><F41/><W134/><G134/><T19/><D35/><U52/><REACH who="1" step="1"/><E6/><REACH who="1" ten="291,0,429,260" step="2"/><V9/><F117/><W62/><G62/><T57/><D30/><U118/><E118/><V130/><F130/><W124/><G124/><T31/><D31/><U116/><E116/><V112/><F112/><W46/><G46/><T77/><D34/><U45/><E45/><V12/><F113/><W102/><G102/><T67/><D2/><U1/><E1/><V110/><F110/><W72/><G72/><T93/><D3/><U115/><E115/><V97/><F74/><W25/><G25/><T33/><D33/><U16/><E16/><V133/><F133/><W92/><G92/><T8/><D93/><U68/><E68/><V78/><F94/><W18/><G18/><T64/><D19/><U63/><E63/><V85/><F60/><RYUUKYOKU ba="0,2" sc="291,-15,0,15,429,-15,260,15" hai1="20,23,36,40,44,52,53,81,84,90,105,106,107" hai3="48,51,54,55,56,59,69,71,83,86,87,100,101" /><INIT seed="7,1,2,5,3,44" ten="276,15,414,275" oya="3" hai0="36,59,95,16,41,118,112,23,54,115,126,133,93" hai1="87,134,125,31,52,127,96,47,14,67,99,92,21" hai2="121,120,7,33,135,29,116,10,22,84,66,19,124" hai3="109,0,57,97,65,35,49,113,132,128,58,6,43"/><W15/><G35/><T104/><D104/><U88/><E134/><V3/><F116/><W32/><G32/><T75/><D75/><U119/><E119/><V1/><F1/><W105/><G109/><T71/><D71/><U74/><E74/><V103/><F135/><W80/><G0/><T27/><D118/><U28/><E67/><V61/><F103/><W98/><G132/><T94/><D133/><U72/><E72/><V117/><F84/><W5/><G113/><N who="0" m="43595" /><D126/><U100/><E125/><V91/><F91/><W11/><G128/><T25/><D25/><U18/><E127/><V37/><F37/><W9/><G105/><T26/><D26/><U76/><E76/><V62/><F117/><W24/><G24/><T90/><D36/><U8/><E21/><V131/><F22/><W69/><G69/><T38/><D38/><U13/><E13/><V17/><F33/><W108/><G108/><T45/><D45/><U86/><E86/><V111/><F111/><W70/><G70/><T60/><D41/><U123/><E123/><V82/><F131/><W79/><G65/><T107/><D107/><U68/><E68/><V20/><F66/><W42/><G79/><T30/><D30/><U106/><E106/><V4/><F29/><W77/><G77/><T101/><D101/><U122/><E122/><V78/><F124/><W2/><G80/><T130/><D130/><U102/><E102/><V55/><F120/><W51/><G2/><T48/><D90/><U129/><E129/><V89/><F89/><W83/><G83/><T12/><D27/><U110/><E110/><RYUUKYOKU ba="1,2" sc="276,15,15,-15,414,-15,275,15" hai0="12,16,23,48,54,59,60,93,94,95" hai3="5,6,9,11,15,42,43,49,51,57,58,97,98" /><INIT seed="7,2,2,2,1,91" ten="291,0,399,290" oya="3" hai0="126,108,110,56,135,3,41,13,11,39,87,54,51" hai1="113,97,77,4,55,133,134,65,10,83,90,21,2" hai2="105,47,79,131,19,93,8,15,34,25,49,62,38" hai3="35,116,109,75,103,98,57,29,73,46,128,28,85"/><W1/><G1/><T12/><D3/><U130/><E55/><V31/><F105/><W59/><G116/><T6/><D126/><U50/><E50/><V7/><F38/><W111/><G85/><T5/><D135/><U121/><E21/><V43/><F131/><W48/><G128/><T40/><D87/><U32/><E65/><V9/><F93/><N who="3" m="58831" /><G73/><T125/><D125/><U61/><E61/><V72/><F62/><W22/><G75/><T42/><D39/><U104/><E90/><V132/><F132/><W17/><G35/><T14/><D14/><U23/><E23/><V92/><F79/><W69/><G69/><T16/><D16/><U84/><E84/><V123/><F72/><W0/><G0/><T24/><D24/><U129/><E83/><V18/><F123/><W112/><G112/><T66/><D66/><U99/><E77/><V88/><F9/><AGARI ba="2,2" hai="5,6,9,11,12,13,40,41,42,51,54,56,108,110" machi="9" ten="40,1300,0" yaku="9,1" doraHai="91" who="0" fromWho="2" sc="291,39,0,0,399,-19,290,0" owari="330,13.0,0,-50.0,380,48.0,290,-11.0" /></mjloggm>