<mjloggm ver="2.3"><GO type="97" lobby="0"/><UN n0="%E3%81%B1%E3%81%A1%E3%82%87%E3%82%8A%E3%83%BC" n1="%E5%B0%B1%E6%B4%BB%E7%94%9F%40%E5%B7%9D%E6%9D%91%E8%BB%8D%E5%9B%A3" n2="%4E%6E%31%30%32" n3="%E3%82%88%E3%83%BC%E3%81%90%E3%82%8B%E3%80%82" dan="15,14,15,13" rate="1969.86,1985.19,1967.79,1879.28" sx="F,M,M,M"/><TAIKYOKU oya="0"/><INIT seed="0,0,0,4,4,108" ten="250,250,250,250" oya="0" hai0="81,29,33,53,98,127,55,57,121,9,89,2,37" hai1="21,0,107,103,49,42,67,6,12,87,48,35,85" hai2="132,88,114,64,41,80,71,30,18,16,69,94,63" hai3="91,111,1,105,100,129,4,34,39,122,10,102,125"/><T25/><D121/><U5/><E35/><V79/><F132/><W118/><RYUUKYOKU type="yao9" ba="0,0" sc="250,0,250,0,250,0,250,0" hai3="1,4,10,34,39,91,100,102,105,111,118,122,125,129" /><INIT seed="0,1,0,2,1,52" ten="250,250,250,250" oya="0" hai0="14,18,9,38,10,47,64,101,37,2,53,57,58" hai1="41,129,106,27,36,76,22,8,126,104,84,124,66" hai2="7,1,116,132,15,74,70,93,16,96,112,135,105" hai3="86,103,99,90,75,63,32,20,13,33,87,120,127"/><T61/><D101/><U108/><E129/><V35/><F112/><W122/><G75/><T114/><D114/><U0/><E108/><V81/><F70/><W102/><G127/><N who="1" m="48682" /><E66/><V59/><F105/><N who="1" m="40553" /><E41/><V73/><F35/><W12/><G63/><T11/><D47/><U55/><E55/><V3/><F116/><W4/><G4/><T107/><D107/><U123/><E123/><V83/><F7/><W28/><G28/><T30/><D30/><U40/><E40/><V117/><F117/><W133/><G99/><T80/><D80/><N who="2" m="30794" /><F1/><W54/><G54/><T43/><D43/><U100/><E100/><N who="2" m="60431" /><F3/><W51/><G51/><T29/><D29/><U88/><E76/><V109/><F109/><W128/><G128/><T21/><REACH who="0" step="1"/><D2/><REACH who="0" ten="240,250,250,250" step="2"/><U24/><E36/><V130/><F130/><W110/><G110/><T95/><D95/><N who="1" m="54663" /><E22/><V113/><F113/><W26/><G20/><T77/><D77/><U94/><E8/><V19/><F74/><W45/><G122/><T71/><D71/><U97/><E0/><V89/><F73/><W98/><G120/><T91/><D91/><U67/><E67/><V23/><F89/><W111/><G90/><T82/><D82/><U69/><E69/><V34/><F34/><W85/><G111/><T72/><D72/><U46/><E46/><V131/><F131/><W42/><G45/><T65/><D65/><U119/><E119/><V118/><F118/><W31/><G33/><T125/><D125/><U115/><E115/><V68/><F68/><W121/><G121/><T62/><AGARI ba="1,1" hai="9,10,11,14,18,21,37,38,53,57,58,61,62,64" machi="62" ten="30,11700,0" yaku="1,1,0,1,52,2,53,0" doraHai="52" doraHaiUra="92" who="0" fromWho="0" sc="240,130,250,-40,250,-40,250,-40" /><INIT seed="0,2,0,1,4,76" ten="370,210,210,210" oya="0" hai0="74,11,110,109,128,61,29,85,73,79,86,53,52" hai1="15,67,12,118,105,112,114,131,71,48,37,83,19" hai2="41,87,77,1,102,68,31,34,93,62,124,72,100" hai3="40,38,108,89,69,123,120,10,3,49,65,91,104"/><T46/><D29/><U66/><E37/><V60/><F1/><W98/><G38/><T39/><D128/><U30/><E118/><V78/><F72/><W80/><G65/><N who="1" m="24586" /><E71/><V25/><F68/><W7/><G69/><T99/><D99/><U119/><E105/><V96/><F124/><W64/><G64/><T51/><D39/><U32/><E119/><V26/><F41/><W33/><G33/><T21/><D11/><U95/><E95/><V50/><F50/><W45/><G108/><N who="0" m="41579" /><D21/><U42/><E131/><V81/><F102/><W127/><G127/><T28/><D28/><U9/><E15/><V101/><F101/><N who="3" m="62519" /><G80/><N who="0" m="45167" /><D74/><U135/><E135/><V5/><F5/><W16/><G16/><T70/><D70/><U4/><E30/><V20/><F77/><W57/><G7/><T56/><AGARI ba="2,0" hai="46,51,52,53,56,61,85,86" m="45167,41579" machi="56" ten="30,11700,0" yaku="14,1,10,1,52,1,54,1" doraHai="76" who="0" fromWho="0" sc="370,123,210,-41,210,-41,210,-41" /><INIT seed="0,3,0,1,0,126" ten="493,169,169,169" oya="0" hai0="35,116,130,1,5,37,103,8,117,13,59,133,51" hai1="64,94,54,73,114,26,49,105,99,10,88,18,28" hai2="113,107,58,45,108,36,19,16,17,106,61,97,47" hai3="120,0,11,110,78,123,87,66,74,39,90,127,80"/><T82/><D37/><U40/><E114/><V134/><F108/><W4/><G110/><T41/><D130/><U100/><E73/><V24/><F134/><W70/><G127/><T104/><D35/><U22/><E64/><V122/><F122/><N who="3" m="46635" /><G39/><T15/><D133/><U31/><E40/><V33/><F113/><W93/><G66/><T125/><D125/><U72/><E72/><V9/><F9/><W12/><G70/><T32/><D32/><U86/><REACH who="1" step="1"/><E10/><REACH who="1" ten="493,159,169,169" step="2"/><V112/><F112/><W25/><G25/><T98/><D116/><U7/><E7/><V56/><F24/><W55/><G55/><T43/><D117/><U118/><E118/><V119/><F119/><W91/><G74/><T102/><D43/><U89/><E89/><V68/><F68/><W30/><G91/><T124/><D124/><U57/><AGARI ba="3,1" hai="18,22,26,28,31,49,54,57,86,88,94,99,100,105" machi="57" ten="20,5200,0" yaku="1,1,0,1,7,1,54,1,53,0" doraHai="126" doraHaiUra="115" who="1" fromWho="1" sc="493,-29,159,71,169,-16,169,-16" /><INIT seed="1,0,0,1,1,109" ten="464,230,153,153" oya="1" hai0="41,11,25,130,42,26,10,104,22,113,69,47,6" hai1="3,94,62,90,126,52,35,63,36,103,77,60,28" hai2="118,117,100,33,125,96,93,2,45,51,123,53,19" hai3="32,30,114,79,86,46,128,84,16,124,44,129,119"/><U95/><E36/><V101/><F125/><W58/><G124/><T122/><D104/><U57/><E126/><V31/><F123/><W80/><G119/><T15/><D122/><U39/><E39/><V20/><F2/><W59/><G30/><T27/><D69/><U23/><E35/><V72/><F72/><W76/><G32/><T111/><D130/><U83/><E3/><V34/><F34/><W38/><G38/><T102/><D111/><U115/><E115/><V43/><F31/><W37/><G37/><T8/><D113/><U82/><E103/><V9/><F33/><W131/><G114/><T134/><D134/><U81/><E77/><N who="3" m="29770" /><G16/><N who="0" m="10527" /><D102/><U132/><E132/><V88/><F9/><N who="0" m="3690" /><D47/><N who="3" m="17961" /><G80/><T55/><D55/><U68/><E68/><V99/><F53/><W54/><G54/><T7/><D11/><U98/><REACH who="1" step="1"/><E95/><REACH who="1" ten="464,220,153,153" step="2"/><V48/><F101/><W75/><G75/><T106/><D106/><U92/><E92/><V50/><F118/><W67/><G67/><T12/><D12/><U70/><E70/><V66/><F66/><W5/><G5/><AGARI ba="0,1" hai="5,6,7,25,26,27,41,42" m="3690,10527" machi="5" ten="30,2000,0" yaku="8,1,54,1" doraHai="109" who="0" fromWho="3" sc="464,30,220,0,153,0,153,-20" /><INIT seed="2,0,0,2,2,117" ten="494,220,153,133" oya="2" hai0="135,110,120,131,9,81,83,114,45,50,77,116,30" hai1="128,44,42,94,17,105,98,20,91,88,49,79,119" hai2="68,62,74,66,112,72,16,102,39,101,64,133,96" hai3="28,80,19,65,56,52,70,59,21,23,109,103,3"/><V122/><F112/><W85/><G3/><T86/><D120/><U38/><E119/><V113/><F113/><W63/><G109/><T37/><D116/><U100/><E128/><V132/><F39/><W78/><G103/><N who="2" m="39433" /><F96/><W93/><G93/><T58/><D37/><U90/><E79/><V82/><F82/><W29/><G70/><T125/><D114/><U84/><REACH who="1" step="1"/><E38/><REACH who="1" ten="494,210,153,133" step="2"/><V129/><F129/><W43/><G43/><T26/><D131/><U12/><AGARI ba="0,1" hai="12,17,20,42,44,49,84,88,90,91,94,98,100,105" machi="12" ten="20,8000,1" yaku="1,1,2,1,0,1,7,1,54,1,53,0" doraHai="117" doraHaiUra="7" who="1" fromWho="1" sc="494,-20,210,90,153,-40,133,-20" /><INIT seed="3,0,0,1,1,25" ten="474,300,113,113" oya="3" hai0="24,8,67,129,124,134,0,86,63,69,118,40,14" hai1="78,11,113,17,80,37,105,68,22,71,106,115,36" hai2="75,110,128,5,1,60,66,39,122,82,119,48,85" hai3="31,50,81,19,104,26,133,62,96,117,79,92,120"/><W32/><G117/><T59/><D118/><U112/><E11/><N who="2" m="2479" /><F119/><W21/><G120/><T109/><D0/><U46/><E22/><V51/><F122/><W47/><G104/><N who="1" m="40042" /><E17/><V94/><F128/><W54/><G133/><T20/><D109/><U116/><E116/><V83/><F110/><W99/><G62/><T6/><D129/><U7/><E7/><V125/><F94/><W89/><G99/><T3/><D134/><U123/><E123/><V98/><F98/><W73/><REACH who="3" step="1"/><G32/><REACH who="3" ten="474,300,113,103" step="2"/><T111/><D111/><U131/><E131/><V93/><F125/><W102/><G102/><T100/><D124/><U52/><E115/><V12/><F60/><W13/><G13/><T55/><D3/><U45/><E113/><V27/><F12/><W107/><G107/><T132/><D100/><U34/><E112/><V84/><F27/><W90/><G90/><T76/><D132/><U77/><E77/><N who="2" m="44351" /><F66/><W88/><G88/><T29/><D69/><U74/><E71/><V23/><F85/><W103/><G103/><T49/><D67/><U28/><E68/><V130/><F130/><W121/><G121/><T65/><D65/><U114/><E114/><V43/><F93/><W4/><G4/><T41/><D63/><U64/><E64/><V33/><F33/><W35/><G35/><T87/><D76/><U70/><E78/><N who="2" m="46199" /><F23/><W97/><G97/><T57/><D87/><U101/><E74/><V42/><F42/><W72/><G72/><T61/><D86/><U16/><E70/><V15/><F15/><W135/><G135/><T38/><D41/><U18/><E101/><RYUUKYOKU ba="0,1" sc="474,-15,300,-15,113,15,103,15" hai2="39,43,48,51" hai3="19,21,26,31,47,50,54,73,79,81,89,92,96" /><INIT seed="3,1,1,1,5,66" ten="459,285,128,118" oya="3" hai0="128,119,115,34,47,106,79,37,40,125,112,60,45" hai1="89,65,46,13,31,73,74,21,68,116,104,84,120" hai2="8,117,59,54,58,19,118,6,75,70,102,63,86" hai3="110,18,135,82,39,14,77,87,107,30,81,69,109"/><W61/><G39/><T129/><D106/><U29/><E104/><V51/><F75/><W111/><G107/><T2/><D2/><U53/><E120/><V133/><F70/><W56/><G135/><T41/><D119/><U91/><E116/><V98/><F133/><W20/><G30/><T57/><D79/><U103/><E103/><V78/><F19/><W27/><G82/><T17/><D34/><U80/><E73/><V3/><F86/><W33/><G33/><T55/><D17/><N who="1" m="10415" /><E74/><V101/><F78/><W123/><G123/><T113/><D125/><U22/><E68/><V62/><F51/><AGARI ba="1,1" hai="37,40,41,45,47,51,55,57,60,112,113,115,128,129" machi="51" ten="40,8000,1" yaku="11,1,34,3" doraHai="66" who="0" fromWho="2" sc="459,93,285,0,128,-83,118,0" owari="552,64.0,285,9.0,45,-45.0,118,-28.0" /></mjloggm>