<mjloggm ver="2.3"><GO type="41" lobby="0"/><UN n0="%E4%B8%83%E4%BA%95" n1="%74%65%72%75%2D" n2="%62%61%6E%74%65%31" n3="%E5%B0%B1%E6%B4%BB%E7%94%9F%40%E5%B7%9D%E6%9D%91%E8%BB%8D%E5%9B%A3" dan="13,13,13,15" rate="1924.04,1857.00,1856.59,2006.67" sx="M,M,M,M"/><TAIKYOKU oya="0"/><INIT seed="0,0,0,2,3,115" ten="250,250,250,250" oya="0" hai0="37,23,113,133,42,48,100,7,127,69,36,86,98" hai1="101,99,3,29,25,77,92,72,130,68,90,6,51" hai2="60,17,122,83,46,73,81,55,57,59,91,50,14" hai3="53,135,134,33,131,80,117,111,120,103,94,84,31"/><T95/><D113/><U121/><E68/><V27/><F122/><W45/><G33/><T41/><D69/><U65/><E121/><V114/><F114/><W11/><G31/><T43/><D127/><U52/><E65/><V123/><F123/><W22/><G22/><T96/><D133/><N who="3" m="50697" /><G53/><T63/><D7/><U76/><E130/><V61/><F73/><W74/><G45/><T18/><D48/><U71/><E71/><V12/><F27/><W105/><G11/><T119/><D119/><U2/><E6/><V26/><F26/><W64/><G64/><T35/><D35/><U104/><E77/><V89/><F46/><W97/><G120/><T112/><D112/><U44/><E76/><V56/><F56/><W49/><G49/><T13/><D63/><U39/><E39/><V78/><F50/><W79/><G131/><T108/><D108/><U62/><E62/><V38/><F38/><W1/><G1/><T21/><D86/><U82/><E82/><V110/><F78/><W128/><G128/><T106/><REACH who="0" step="1"/><D21/><REACH who="0" ten="240,250,250,250" step="2"/><U75/><E72/><V16/><F110/><W118/><G111/><T5/><D5/><U54/><E75/><V132/><F132/><W32/><G32/><T58/><D58/><U34/><REACH who="1" step="1"/><E54/><AGARI ba="0,1" hai="12,14,16,17,54,55,57,59,60,61,81,83,89,91" machi="54" ten="25,6400,0" yaku="22,2,8,1,54,1" doraHai="115" who="2" fromWho="1" sc="240,0,250,-64,250,74,250,0" /><INIT seed="1,0,0,2,1,101" ten="240,186,324,250" oya="1" hai0="110,2,90,100,106,125,72,31,14,75,105,121,128" hai1="16,111,56,83,27,1,60,4,48,0,69,9,35" hai2="22,118,43,38,126,95,122,132,8,39,123,78,86" hai3="3,5,89,113,74,130,37,10,109,73,131,26,58"/><U15/><E69/><V47/><F118/><W112/><G37/><T57/><D2/><U32/><E83/><V94/><F132/><W24/><G89/><T71/><D71/><U87/><E87/><V54/><F126/><W97/><G97/><T7/><D125/><U93/><E111/><V45/><F8/><W120/><G58/><T40/><D110/><U77/><E77/><V98/><F22/><W104/><G104/><T114/><D114/><N who="3" m="44137" /><G109/><T67/><D40/><U42/><E93/><V92/><F98/><W55/><G55/><T36/><D36/><U124/><E124/><V50/><REACH who="2" step="1"/><F38/><REACH who="2" ten="240,186,314,250" step="2"/><W117/><G117/><T49/><D121/><U102/><E35/><V11/><F11/><W70/><G120/><T107/><D128/><N who="3" m="49193" /><G70/><T46/><D100/><U18/><E102/><V19/><F19/><W81/><G73/><T33/><D75/><U59/><E18/><V108/><F108/><W34/><G34/><T91/><D72/><U41/><E32/><V64/><F64/><W127/><G127/><T63/><D33/><U53/><E0/><V51/><F51/><W84/><G74/><T20/><D31/><U115/><E1/><V133/><F133/><W76/><AGARI ba="0,1" hai="3,5,10,24,26,76,81,84" m="49193,44137" machi="76" ten="30,1100,0" yaku="19,1" doraHai="101" who="3" fromWho="3" sc="240,-3,186,-5,314,-3,250,21" /><INIT seed="2,0,0,4,1,134" ten="237,181,311,271" oya="2" hai0="9,75,52,94,110,119,27,46,62,33,83,49,93" hai1="59,72,50,133,88,58,105,96,126,55,84,106,11" hai2="114,73,65,101,54,23,121,120,74,3,99,61,92" hai3="135,124,18,113,0,86,68,21,128,67,16,42,111"/><V79/><F114/><W14/><G0/><T38/><D119/><U108/><E72/><V125/><F3/><W129/><G113/><T80/><D110/><U4/><E133/><V102/><F54/><W22/><G135/><T53/><D38/><U34/><E108/><V45/><F45/><W100/><G42/><T56/><D33/><U30/><E126/><V48/><F48/><W130/><G111/><T37/><D37/><U10/><E10/><V24/><F125/><W117/><G117/><T104/><D104/><U41/><E41/><V40/><F40/><W91/><G100/><T26/><D9/><U98/><E34/><V87/><F102/><W32/><G32/><T1/><D1/><U70/><E30/><V66/><F74/><W131/><G124/><T5/><D5/><U47/><E70/><V103/><F103/><W17/><N who="3" m="33280" /><DORA hai="20" /><W109/><G109/><T122/><D122/><U44/><E44/><V95/><F95/><N who="0" m="36362" /><D75/><U57/><E106/><V31/><F73/><W25/><G67/><T7/><D7/><U71/><E71/><V81/><REACH who="2" step="1"/><F66/><REACH who="2" ten="237,181,301,271" step="2"/><W19/><G68/><AGARI ba="0,1" hai="23,24,31,61,65,68,79,81,87,92,99,101,120,121" machi="68" ten="30,11600,0" yaku="1,1,2,1,7,1,52,1,53,0" doraHai="134,20" doraHaiUra="115,39" who="2" fromWho="3" sc="237,0,181,0,301,126,271,-116" /><INIT seed="2,1,0,3,5,108" ten="237,181,427,155" oya="2" hai0="35,125,31,6,112,5,93,99,8,12,17,51,103" hai1="114,94,33,14,2,78,24,63,21,72,22,37,104" hai2="53,70,39,55,61,60,30,129,74,36,105,52,49" hai3="118,4,111,109,15,34,64,95,18,11,126,75,9"/><V71/><F74/><W115/><G75/><T29/><D125/><U124/><E104/><V110/><F105/><W82/><G95/><T58/><D112/><U90/><E37/><N who="2" m="14411" /><F30/><N who="0" m="11274" /><D35/><U28/><E124/><V86/><F86/><W76/><G126/><T127/><D127/><U132/><E2/><V120/><F110/><N who="3" m="41995" /><G34/><T79/><D79/><U73/><E114/><V135/><F120/><W67/><G118/><T16/><D17/><U89/><E132/><V98/><F98/><W91/><G91/><T87/><D87/><U54/><E73/><V133/><F129/><W107/><G107/><T3/><D3/><U20/><E72/><V23/><F23/><W106/><G106/><T123/><D123/><U10/><E78/><V26/><F26/><W0/><G115/><T117/><D117/><U41/><E41/><V43/><F135/><W7/><G76/><T44/><D58/><U113/><E113/><V134/><F134/><W101/><G101/><T57/><D57/><U27/><E33/><V92/><F92/><W130/><G82/><T47/><D47/><U81/><E81/><V25/><F25/><N who="1" m="9801" /><E28/><V102/><F102/><W66/><G130/><T84/><D84/><U62/><E90/><V121/><F121/><W50/><G50/><T46/><D46/><U56/><E56/><V48/><F133/><W80/><G80/><T1/><D1/><U45/><E45/><N who="2" m="25663" /><F49/><W69/><G7/><T13/><D13/><U68/><E14/><V122/><F122/><W96/><G96/><T85/><D85/><U65/><E10/><V83/><F83/><W40/><G40/><AGARI ba="1,0" hai="5,6,8,12,16,40,44,51,93,99,103" m="11274" machi="40" ten="30,3900,0" yaku="6,1,8,1,54,1" doraHai="108" who="0" fromWho="3" sc="237,42,181,0,427,0,155,-42" /><INIT seed="3,0,0,5,2,68" ten="279,181,427,113" oya="3" hai0="46,55,35,97,61,116,7,134,78,12,28,66,16" hai1="74,109,96,69,72,21,9,79,77,24,20,1,114" hai2="65,80,91,103,131,31,95,13,86,10,117,76,71" hai3="99,111,100,98,43,6,94,0,54,36,33,32,15"/><W125/><G0/><T124/><D116/><U8/><E114/><V132/><F117/><W127/><G54/><T37/><D7/><U120/><E120/><V128/><F71/><W123/><G123/><T2/><D2/><U5/><E69/><V53/><F65/><W39/><G43/><T22/><D124/><N who="3" m="47689" /><G111/><T101/><D134/><U44/><E109/><V89/><F53/><W56/><G56/><T102/><D78/><U70/><E70/><V48/><F48/><W27/><G99/><T11/><D35/><N who="3" m="13385" /><G27/><T110/><D110/><U45/><E96/><N who="2" m="59807" /><F31/><W38/><G15/><T107/><D101/><U17/><E1/><V62/><F62/><W130/><G6/><T26/><D55/><U19/><E5/><N who="2" m="3279" /><F132/><W104/><G130/><AGARI ba="0,0" hai="76,80,86,89,91,128,130,131" m="3279,59807" machi="130" ten="30,1000,0" yaku="19,1" doraHai="68" who="2" fromWho="3" sc="279,0,181,0,427,10,113,-10" /><INIT seed="4,0,0,3,2,132" ten="279,181,437,103" oya="0" hai0="49,32,36,22,15,57,120,123,117,81,134,76,18" hai1="58,33,42,111,46,93,50,128,96,12,34,78,126" hai2="16,105,133,118,71,64,25,106,37,61,20,108,69" hai3="38,87,121,84,70,74,127,31,48,109,101,91,8"/><T73/><D134/><U99/><E111/><V95/><F108/><W51/><G38/><T1/><D32/><U98/><E128/><V45/><F133/><W41/><G70/><T2/><D36/><U60/><E78/><V72/><F72/><W43/><G74/><T116/><D2/><U113/><E113/><V124/><F118/><W68/><G109/><T104/><D1/><U14/><E126/><V65/><F124/><W29/><G68/><T54/><REACH who="0" step="1"/><D104/><REACH who="0" ten="269,181,437,103" step="2"/><U85/><E34/><V119/><F106/><W88/><G121/><AGARI ba="0,1" hai="15,18,22,49,54,57,73,76,81,116,117,120,121,123" machi="121" ten="40,3900,0" yaku="1,1,2,1,53,0" doraHai="132" doraHaiUra="59" who="0" fromWho="3" sc="269,49,181,0,437,0,103,-39" /><INIT seed="4,1,0,1,2,62" ten="318,181,437,64" oya="0" hai0="118,124,70,36,46,24,97,109,80,130,68,100,119" hai1="60,37,131,22,8,125,4,58,122,86,6,50,120" hai2="41,81,32,34,19,7,2,126,54,79,55,121,132" hai3="29,75,1,51,74,15,47,94,33,0,39,83,40"/><T101/><D124/><U105/><E105/><V21/><F126/><W59/><G15/><T96/><D130/><U16/><E125/><V113/><F121/><W84/><G59/><T27/><D80/><U91/><E131/><V76/><F113/><W13/><G51/><T73/><D73/><U103/><E37/><V35/><F132/><W129/><G13/><T44/><REACH who="0" step="1"/><D36/><REACH who="0" ten="308,181,437,64" step="2"/><U64/><E122/><V89/><F81/><W56/><G129/><T127/><D127/><U25/><E120/><V67/><F79/><W20/><G75/><T123/><D123/><U128/><E128/><V107/><F76/><W69/><G74/><T12/><D12/><U115/><E115/><V77/><F77/><W53/><G83/><T23/><D23/><U99/><E8/><V90/><F2/><W49/><G20/><T66/><D66/><U17/><E103/><V57/><F67/><W63/><G0/><T108/><AGARI ba="1,1" hai="24,27,44,46,68,70,96,97,100,101,108,109,118,119" machi="108" ten="25,9600,0" yaku="1,1,0,1,22,2,53,0" doraHai="62" doraHaiUra="5" who="0" fromWho="0" sc="308,109,181,-33,437,-33,64,-33" /><INIT seed="4,2,0,0,5,90" ten="417,148,404,31" oya="0" hai0="54,56,129,100,53,38,6,88,75,17,104,82,43" hai1="132,91,45,37,24,30,116,81,25,31,14,57,93" hai2="115,5,107,51,109,70,98,112,9,7,34,85,101" hai3="46,1,10,13,47,11,0,128,111,50,97,66,133"/><T22/><D129/><U120/><E116/><V2/><F70/><W19/><G111/><T52/><D6/><U135/><E120/><V99/><F109/><W68/><G128/><T15/><D43/><U62/><E81/><V16/><F34/><W130/><G133/><N who="1" m="51274" /><E37/><V32/><F32/><W55/><G130/><T83/><D38/><U94/><E45/><V3/><F85/><W27/><G27/><T122/><D122/><U21/><E14/><N who="2" m="7247" /><F98/><W64/><G46/><T71/><D71/><U36/><E36/><V28/><F28/><W134/><G134/><T58/><D82/><U118/><E118/><V29/><F51/><W86/><G86/><T26/><D100/><U20/><E91/><V49/><F49/><W113/><G113/><N who="2" m="43593" /><F29/><W126/><G126/><T60/><D104/><U23/><E23/><V8/><F8/><W33/><G33/><T114/><D114/><U4/><E4/><AGARI ba="2,0" hai="2,3,4,5,7,99,101,107" m="43593,7247" machi="4" ten="30,2000,0" yaku="15,1,54,1" doraHai="90" who="2" fromWho="1" sc="417,0,148,-26,404,26,31,0" /><INIT seed="5,0,0,0,2,55" ten="417,122,430,31" oya="1" hai0="86,14,37,64,81,125,127,19,109,48,84,75,68" hai1="16,44,121,34,129,26,70,63,72,40,57,122,101" hai2="110,89,111,132,21,52,62,98,12,113,11,100,13" hai3="104,60,1,96,33,106,4,65,97,88,134,24,94"/><U31/><E72/><V119/><F119/><W17/><G134/><T117/><D117/><U43/><E70/><V3/><F3/><W30/><G17/><T82/><D37/><U39/><E43/><V128/><F128/><W102/><G4/><T29/><D109/><U69/><E129/><V41/><F132/><W22/><G1/><T15/><D75/><U80/><E69/><V77/><F77/><W120/><G120/><T0/><D0/><U87/><E101/><V73/><F73/><W74/><G74/><T126/><D29/><U90/><E16/><N who="2" m="10383" /><F113/><W38/><G38/><T91/><D48/><U107/><REACH who="1" step="1"/><E107/><REACH who="1" ten="417,112,430,31" step="2"/><V108/><F108/><W135/><G135/><T42/><D19/><U36/><E36/><V51/><F111/><W32/><REACH who="3" step="1"/><G106/><REACH who="3" ten="417,112,430,21" step="2"/><T131/><D126/><U5/><E5/><N who="2" m="3183" /><F110/><W105/><G105/><T18/><D127/><U20/><E20/><V71/><F71/><AGARI ba="0,2" hai="22,24,30,32,33,60,65,71,88,94,96,97,102,104" machi="71" ten="30,3900,0" yaku="1,1,7,1,54,1,53,0" doraHai="55" doraHaiUra="79" who="3" fromWho="2" sc="417,0,112,0,430,-39,21,59" /><INIT seed="6,0,0,2,3,113" ten="417,112,391,80" oya="2" hai0="111,47,103,7,90,25,71,52,42,84,80,133,106" hai1="77,50,36,31,87,130,30,18,49,58,128,121,41" hai2="86,116,9,109,48,78,64,51,129,127,70,27,44" hai3="126,83,91,132,125,17,28,73,114,65,75,79,135"/><V43/><F116/><W69/><G69/><T16/><D111/><U120/><E36/><V32/><F109/><W100/><G28/><T37/><D133/><N who="3" m="51273" /><G65/><T45/><D71/><U4/><E4/><V55/><F129/><N who="1" m="49769" /><E50/><V74/><F74/><N who="3" m="28171" /><G17/><T110/><D110/><U131/><N who="1" m="49777" /><U14/><DORA hai="21" /><E87/><V26/><F127/><N who="3" m="48651" /><G114/><T39/><D7/><U76/><E41/><V12/><F32/><W98/><G79/><N who="1" m="30282" /><E49/><V96/><F96/><W124/><N who="3" m="48659" /><W104/><DORA hai="62" /><G83/><T66/><D42/><U82/><E82/><N who="2" m="47447" /><F64/><W33/><G33/><T20/><D66/><U68/><E68/><V34/><F34/><W54/><G54/><T57/><D39/><U108/><E108/><V94/><F94/><N who="3" m="56671" /><G100/><T117/><D37/><U119/><E58/><N who="2" m="33127" /><F70/><W97/><G97/><T112/><D112/><U5/><E5/><AGARI ba="0,0" hai="5,9,12,26,27,43,44,51" m="33127,47447" machi="5" ten="30,11600,0" yaku="25,1,8,1,52,2" doraHai="113,21,62" who="2" fromWho="1" sc="417,0,112,-116,391,116,80,0" owari="417,22.0,-4,-50.0,507,60.0,80,-32.0" /></mjloggm>