<mjloggm ver="2.3"><GO type="41" lobby="0"/><UN n0="%E9%9C%8D%E9%9D%92%E5%A8%A5" n1="%79%67%66%72%74%67%74%79" n2="%6D%61%6D%65%74%61%72%6F" n3="%E5%B0%B1%E6%B4%BB%E7%94%9F%40%E5%B7%9D%E6%9D%91%E8%BB%8D%E5%9B%A3" dan="16,13,16,16" rate="2094.83,1856.94,2101.13,2174.75" sx="F,M,M,M"/><TAIKYOKU oya="0"/><INIT seed="0,0,0,0,2,83" ten="250,250,250,250" oya="0" hai0="16,0,114,123,21,47,102,7,97,35,70,19,111" hai1="132,120,84,39,33,126,115,104,53,80,10,95,63" hai2="9,121,20,67,59,116,71,103,56,92,108,46,129" hai3="45,96,6,15,117,112,36,51,122,99,119,38,69"/><T87/><D114/><U75/><E120/><V98/><F116/><W81/><G69/><T14/><D123/><U54/><E39/><V130/><F121/><W107/><G112/><T109/><D35/><U22/><E104/><V127/><F108/><N who="0" m="41546" /><D70/><U73/><E115/><V25/><F127/><W27/><G107/><N who="0" m="63951" /><D47/><U133/><E126/><V118/><F118/><W23/><G45/><T86/><D19/><U76/><E33/><V91/><F9/><AGARI ba="0,0" hai="0,7,9,14,16,21,86,87" m="63951,41546" machi="9" ten="30,12000,1" yaku="14,1,10,1,52,2,54,1" doraHai="83" who="0" fromWho="2" sc="250,120,250,0,250,-120,250,0" /><INIT seed="0,1,0,3,4,32" ten="370,250,130,250" oya="0" hai0="67,0,35,41,63,42,77,9,30,75,47,43,135" hai1="54,53,118,58,36,61,106,40,69,127,74,88,76" hai2="110,130,64,90,48,133,98,3,60,6,122,96,79" hai3="102,55,33,31,1,86,24,101,52,132,128,7,126"/><T100/><D135/><U112/><E118/><V28/><F122/><W45/><G132/><T129/><D129/><U17/><E112/><V11/><F133/><W14/><G128/><T27/><D100/><U16/><E106/><V119/><F130/><W116/><G116/><T91/><D91/><U51/><E127/><V70/><F119/><W131/><G131/><T99/><D99/><U46/><E74/><V39/><F39/><W105/><G126/><T56/><D77/><U114/><E114/><V121/><F121/><W89/><G1/><T83/><D83/><U37/><E76/><V134/><F134/><W19/><G7/><T113/><D75/><U125/><E125/><V123/><F110/><W15/><G15/><T66/><D113/><U68/><E88/><V44/><F123/><W25/><G25/><T23/><D67/><N who="1" m="39351" /><E16/><V62/><F62/><W26/><G26/><T8/><D35/><U57/><E17/><V120/><F120/><W93/><G45/><T5/><REACH who="0" step="1"/><D8/><REACH who="0" ten="360,250,130,250" step="2"/><U49/><E54/><V78/><F96/><W109/><G55/><T2/><D2/><U72/><E72/><V50/><F90/><W92/><G52/><T29/><D29/><U20/><E20/><V21/><F98/><W111/><G89/><T65/><D65/><U81/><E81/><V18/><F28/><W80/><G102/><T104/><D104/><U117/><E117/><V82/><F79/><W85/><G101/><T94/><D94/><U87/><E87/><N who="2" m="48599" /><F44/><AGARI ba="1,1" hai="0,5,9,23,27,30,41,42,43,44,47,56,63,66" machi="44" ten="40,3900,0" yaku="1,1,52,1,53,0" doraHai="32" doraHaiUra="73" who="0" fromWho="2" sc="360,52,250,0,130,-42,250,0" /><INIT seed="0,2,0,3,1,102" ten="412,250,88,250" oya="0" hai0="48,66,76,29,32,91,25,106,31,110,42,18,108" hai1="112,50,70,52,113,5,65,73,36,13,69,44,46" hai2="116,134,23,74,43,6,53,88,57,79,12,63,11" hai3="104,9,67,40,49,89,114,127,30,60,16,100,93"/><T54/><D31/><U121/><E73/><V135/><F116/><W41/><G114/><N who="1" m="44138" /><E5/><V78/><F43/><W22/><G127/><T0/><D0/><U51/><E13/><V119/><F119/><W19/><G104/><T20/><D76/><U125/><E121/><V92/><F23/><W94/><G100/><T120/><D120/><U21/><E21/><V34/><F34/><W96/><G93/><T28/><D42/><N who="1" m="22599" /><E125/><V35/><F35/><W61/><G49/><T27/><D91/><U59/><E65/><V109/><F109/><W117/><G117/><T107/><D66/><U14/><E14/><V10/><F10/><W90/><G90/><T128/><D18/><N who="3" m="6697" /><G67/><T105/><D110/><U99/><E99/><V24/><F24/><N who="3" m="16663" /><G9/><T98/><D108/><U84/><E84/><V15/><F15/><W85/><G96/><T83/><D98/><U130/><E130/><V115/><F115/><W17/><G17/><T133/><D128/><U71/><E71/><V77/><REACH who="2" step="1"/><F74/><REACH who="2" ten="412,250,78,250" step="2"/><W8/><G8/><T80/><D32/><U123/><E123/><V103/><F103/><W2/><G2/><T95/><D20/><U118/><E118/><V26/><F26/><W87/><G41/><AGARI ba="2,1" hai="41,46,50,51,52,59,69,70" m="22599,44138" machi="41" ten="30,7700,0" yaku="11,1,34,2,54,1" doraHai="102" who="1" fromWho="3" sc="412,0,250,93,78,0,250,-83" /><INIT seed="1,0,0,5,1,130" ten="412,343,78,167" oya="1" hai0="29,92,122,50,116,26,88,101,68,134,21,62,63" hai1="47,52,117,79,40,59,10,58,39,98,64,77,124" hai2="91,37,24,8,132,94,60,30,22,97,81,73,109" hai3="112,71,123,107,55,20,80,23,85,25,131,104,1"/><U95/><E117/><V42/><F109/><W3/><G131/><T41/><D116/><U31/><E124/><V113/><F113/><W57/><G71/><T45/><D68/><U19/><E31/><V125/><F125/><W99/><G112/><T2/><D2/><U15/><E64/><V51/><F37/><W32/><G32/><T7/><D122/><U83/><E59/><V121/><F121/><W103/><G107/><T65/><D65/><U33/><E33/><V111/><F111/><W93/><G104/><T13/><D101/><U27/><E27/><V70/><F8/><W115/><G23/><T127/><D127/><U128/><E83/><V118/><F118/><W44/><G44/><T5/><D134/><U4/><E4/><N who="0" m="1609" /><D13/><U105/><E105/><V75/><F132/><W119/><G119/><T135/><D135/><U61/><E128/><V86/><F70/><W38/><G38/><T35/><D35/><U69/><E69/><V120/><F60/><W49/><G123/><T11/><D11/><U6/><E6/><V90/><F120/><W76/><REACH who="3" step="1"/><G115/><REACH who="3" ten="412,343,78,157" step="2"/><T36/><D36/><U84/><REACH who="1" step="1"/><E84/><AGARI ba="0,1" hai="21,26,29,41,45,50,62,63,84,88,92" m="1609" machi="84" ten="30,2000,0" yaku="8,1,54,1" doraHai="130" who="0" fromWho="1" sc="412,30,343,-20,78,0,157,0" /><INIT seed="2,0,0,0,0,121" ten="442,323,78,157" oya="2" hai0="36,55,78,27,30,4,2,88,35,41,39,134,11" hai1="23,74,29,120,34,66,62,45,135,24,8,123,80" hai2="32,26,116,81,91,21,65,72,69,17,125,124,49" hai3="117,18,128,53,131,109,132,100,99,75,70,5,133"/><V111/><F116/><W79/><G70/><T28/><D134/><N who="3" m="51817" /><G5/><T118/><D118/><U85/><E135/><V68/><F32/><W7/><G7/><T13/><D30/><U42/><E74/><V95/><F49/><W83/><G117/><T104/><D104/><U44/><E8/><V15/><F15/><W127/><G53/><T108/><D108/><U97/><E97/><V12/><F12/><W63/><G63/><T31/><D31/><U20/><E80/><V52/><F72/><W89/><G18/><T1/><D78/><U60/><E85/><V47/><F81/><W90/><G109/><T96/><D55/><U46/><E42/><V54/><F111/><W71/><G71/><N who="2" m="27209" /><F47/><W114/><G127/><N who="2" m="48713" /><F65/><W16/><G16/><T50/><D2/><U77/><E66/><V126/><N who="2" m="48721" /><V101/><DORA hai="3" /><F101/><W98/><G98/><AGARI ba="0,0" hai="17,21,26,52,54,91,95,98" m="48721,27209" machi="98" ten="40,3900,0" yaku="18,1,54,1" doraHai="121,3" who="2" fromWho="3" sc="442,0,323,0,78,39,157,-39" /><INIT seed="2,1,0,1,5,6" ten="442,323,117,118" oya="2" hai0="106,81,53,100,61,131,135,43,2,125,107,57,65" hai1="40,27,12,111,115,76,9,38,117,23,14,55,129" hai2="7,1,5,82,59,113,105,33,51,101,93,25,78" hai3="92,49,89,126,20,50,90,127,120,79,80,30,96"/><V108/><F113/><W66/><G66/><T133/><D131/><U45/><E115/><V91/><F108/><W3/><G3/><T34/><D125/><N who="3" m="47625" /><G120/><T75/><D34/><U73/><E117/><V10/><F105/><W116/><G116/><T58/><D2/><U84/><E129/><V54/><F101/><N who="3" m="60551" /><G20/><T44/><D81/><U94/><E111/><V41/><F41/><W24/><G24/><T87/><D87/><U110/><E110/><V130/><F130/><W39/><G39/><N who="0" m="21631" /><D75/><U70/><E70/><V48/><F5/><W56/><G30/><T63/><D100/><U85/><E73/><V95/><F48/><N who="3" m="18539" /><G56/><T18/><D65/><U36/><E36/><V52/><F54/><W17/><G17/><T4/><D18/><U83/><E55/><V121/><F121/><W74/><AGARI ba="1,0" hai="74,79,80,89,90" m="18539,60551,47625" machi="74" ten="30,1100,0" yaku="18,1" doraHai="6" who="3" fromWho="3" sc="442,-4,323,-4,117,-6,118,14" /><INIT seed="3,0,0,0,5,122" ten="438,319,111,132" oya="3" hai0="62,116,34,45,7,84,106,42,19,115,37,82,59" hai1="80,99,108,46,112,63,32,126,131,64,4,25,95" hai2="8,56,13,48,117,21,125,88,120,58,30,66,28" hai3="132,76,97,15,111,20,35,105,79,61,89,57,85"/><W70/><G35/><T100/><D116/><U74/><E112/><V2/><F117/><W49/><G70/><T47/><D34/><U83/><E126/><V44/><F125/><W128/><G132/><T1/><D115/><U118/><E118/><V75/><F75/><W90/><G128/><T71/><D71/><U98/><E131/><V0/><F0/><W43/><G111/><T50/><D7/><U127/><E108/><V17/><F120/><W18/><G105/><T110/><D1/><U53/><E127/><V93/><F2/><W86/><G97/><T130/><D110/><U91/><E4/><V65/><F65/><N who="3" m="39087" /><G49/><T113/><D113/><U94/><E74/><V67/><F67/><W33/><G43/><T6/><D106/><U14/><E14/><V9/><F30/><W78/><G33/><T87/><D50/><U29/><E46/><V3/><F3/><W5/><G5/><T36/><D42/><U102/><E53/><N who="2" m="31783" /><F28/><W55/><G55/><T124/><D47/><U134/><E134/><V38/><F38/><W51/><G51/><T104/><D45/><U26/><E26/><V92/><F44/><W60/><G60/><T31/><D62/><U52/><E52/><V81/><F58/><AGARI ba="0,0" hai="25,29,32,58,63,64,80,83,91,94,95,98,99,102" machi="58" ten="30,1000,0" yaku="7,1" doraHai="122" who="1" fromWho="2" sc="438,0,319,10,111,-10,132,0" /><INIT seed="4,0,0,4,1,69" ten="438,329,101,132" oya="0" hai0="25,30,9,28,0,21,80,60,87,118,70,85,42" hai1="32,8,44,12,15,49,24,89,94,127,17,75,100" hai2="133,72,78,46,99,73,55,84,56,129,122,106,65" hai3="14,130,71,68,36,39,35,88,37,45,63,132,7"/><T2/><D118/><U109/><E109/><V13/><F122/><W77/><G35/><T91/><D30/><U110/><E110/><V114/><F114/><W52/><G77/><T123/><D123/><U43/><E75/><V51/><F133/><W29/><G29/><T128/><D128/><U113/><E127/><V27/><F129/><W11/><G132/><T90/><D9/><U125/><E125/><V34/><F13/><W23/><G130/><T134/><D42/><U111/><E111/><V86/><F73/><W31/><G88/><T98/><D98/><U116/><E116/><V10/><F10/><W40/><G68/><T6/><D6/><U101/><E113/><V112/><F112/><W103/><G103/><T1/><D134/><U53/><E15/><V95/><F106/><W76/><G76/><T121/><D121/><U19/><E43/><V124/><F72/><W67/><REACH who="3" step="1"/><G52/><REACH who="3" ten="438,329,101,122" step="2"/><T3/><D70/><U83/><E32/><V26/><F34/><W119/><G119/><T74/><D91/><U61/><E101/><N who="2" m="60671" /><F124/><W22/><G22/><T104/><D21/><U102/><E100/><V16/><F78/><W81/><G81/><T96/><D80/><U18/><E83/><V105/><F105/><W41/><G41/><T64/><D104/><U92/><E102/><V62/><F27/><AGARI ba="0,1" hai="7,11,14,23,27,31,36,37,39,40,45,63,67,71" machi="27" ten="40,8000,1" yaku="1,1,52,3,53,0" doraHai="69" doraHaiUra="115" who="3" fromWho="2" sc="438,0,329,0,101,-80,122,90" /><INIT seed="5,0,0,3,1,116" ten="438,329,21,212" oya="1" hai0="71,2,109,79,125,25,40,39,129,104,73,9,42" hai1="41,49,46,72,20,1,124,76,68,4,70,58,55" hai2="111,53,107,69,134,52,77,43,3,135,31,27,62" hai3="17,29,63,60,18,87,50,78,59,113,67,14,45"/><U22/><E72/><V84/><F107/><W35/><G113/><T51/><D51/><U81/><E124/><V93/><F3/><W0/><G0/><T37/><D42/><U110/><E110/><V11/><F11/><W75/><G75/><T32/><D40/><U89/><E1/><V108/><F93/><W15/><G35/><T64/><D104/><U122/><E122/><V57/><F84/><W66/><G29/><N who="0" m="19503" /><D109/><N who="2" m="42058" /><F77/><W98/><G98/><T19/><D19/><N who="3" m="7177" /><G63/><N who="0" m="40351" /><D129/><U82/><E4/><V85/><F85/><W28/><G28/><T90/><D90/><U54/><E89/><V91/><F91/><W96/><G96/><T10/><D10/><U118/><E76/><V33/><F43/><N who="3" m="24895" /><G66/><T105/><D105/><U86/><E86/><V121/><F69/><W65/><G65/><T16/><D2/><U102/><E70/><V38/><F53/><W101/><G101/><T34/><D73/><U117/><E68/><V132/><F38/><W5/><G5/><T56/><D39/><U133/><E55/><V83/><F83/><AGARI ba="0,0" hai="14,15,59,60,67,78,83,87" m="24895,7177" machi="83" ten="30,1000,0" yaku="8,1" doraHai="116" who="3" fromWho="2" sc="438,0,329,0,21,-10,212,10" /><INIT seed="6,0,0,5,1,89" ten="438,329,11,222" oya="2" hai0="104,135,32,112,63,71,85,79,78,116,26,80,106" hai1="65,1,96,98,77,123,124,81,48,27,120,72,115" hai2="47,58,35,95,10,59,83,44,7,50,134,25,40" hai3="37,125,64,11,49,105,33,99,67,102,122,87,52"/><V88/><F134/><W108/><G37/><T2/><D2/><U42/><E1/><V91/><F35/><W113/><G108/><T69/><D112/><U110/><E110/><V5/><F25/><W18/><G33/><T109/><D109/><U22/><E65/><V53/><F91/><W118/><G113/><T36/><D36/><U57/><E115/><V15/><F83/><W29/><G29/><T31/><D135/><U128/><E124/><V133/><F7/><W6/><G125/><T107/><D116/><U92/><E128/><V103/><F103/><W4/><G122/><N who="1" m="46634" /><E57/><V74/><F74/><W41/><G41/><T14/><D14/><U73/><E48/><N who="2" m="26631" /><F133/><W21/><G87/><AGARI ba="0,0" hai="5,10,15,47,50,53,58,59,87,88,95" m="26631" machi="87" ten="30,5800,0" yaku="8,1,52,1,54,1" doraHai="89" who="2" fromWho="3" sc="438,0,329,0,11,58,222,-58" /><INIT seed="6,1,0,0,2,100" ten="438,329,69,164" oya="2" hai0="15,37,33,49,51,102,23,72,35,20,104,19,132" hai1="90,108,70,56,27,87,134,127,38,96,94,65,82" hai2="124,16,31,21,18,93,4,79,105,22,9,111,110" hai3="46,45,42,83,64,119,3,62,36,5,30,69,118"/><V32/><F93/><W17/><G17/><N who="2" m="6761" /><F79/><W28/><G45/><T68/><D37/><U80/><E108/><N who="2" m="41515" /><F105/><W7/><G7/><T12/><D104/><U107/><E38/><V44/><F44/><W116/><G5/><T66/><D102/><U43/><E43/><V57/><F57/><W91/><G3/><T6/><D6/><U131/><E70/><V58/><F58/><W29/><G91/><T10/><D68/><U109/><E109/><V40/><F40/><W129/><G83/><T13/><D72/><U50/><E27/><N who="2" m="18559" /><F124/><W77/><G77/><T125/><D125/><U133/><E127/><V88/><F88/><W120/><G120/><T81/><D81/><N who="1" m="31339" /><E50/><V130/><F130/><W114/><G129/><T0/><D51/><U85/><E131/><V98/><F98/><W14/><G14/><AGARI ba="1,0" hai="4,9,14,21,22" m="18559,41515,6761" machi="14" ten="30,11600,0" yaku="10,1,34,2,54,1" doraHai="100" who="2" fromWho="3" sc="438,0,329,0,69,119,164,-119" /><INIT seed="6,2,0,2,1,83" ten="438,329,188,45" oya="2" hai0="97,38,13,9,65,116,113,109,28,54,42,44,71" hai1="52,127,94,105,48,56,22,78,36,11,19,110,39" hai2="16,60,15,2,66,30,24,29,31,23,128,81,7" hai3="53,99,20,62,14,126,59,84,117,12,118,121,88"/><V120/><F120/><W37/><G121/><T27/><D109/><U90/><E110/><V35/><F81/><W50/><G37/><T123/><D123/><U45/><E105/><V49/><F49/><W92/><G126/><T64/><D71/><U73/><E127/><V1/><F128/><W58/><G99/><T133/><D113/><U63/><E11/><N who="2" m="4607" /><F60/><W100/><G100/><T18/><D133/><U69/><E78/><V106/><F66/><W21/><G118/><T32/><D116/><U8/><E73/><V72/><F72/><W3/><G3/><N who="2" m="1033" /><F106/><W91/><G117/><T95/><D54/><U122/><E122/><V111/><F111/><W104/><G104/><T43/><D43/><U4/><E69/><V55/><F55/><W124/><G124/><T75/><D75/><U115/><E115/><V102/><F102/><AGARI ba="2,0" hai="9,13,18,27,28,32,38,42,44,64,65,95,97,102" machi="102" ten="30,1000,0" yaku="7,1" doraHai="83" who="0" fromWho="2" sc="438,16,329,0,188,-16,45,0" /><INIT seed="7,0,0,2,1,88" ten="454,329,172,45" oya="3" hai0="36,60,10,111,67,6,123,95,48,105,57,11,0" hai1="97,107,12,83,133,82,81,65,54,56,52,135,35" hai2="21,30,129,59,118,70,37,73,69,18,87,2,109" hai3="63,92,91,61,79,101,53,99,17,121,39,50,15"/><W89/><G39/><T128/><D36/><U3/><E3/><V126/><F73/><W5/><G121/><T68/><D105/><U120/><E120/><V42/><F2/><W85/><G5/><T104/><D104/><U44/><E35/><V114/><F109/><W9/><G79/><T74/><D74/><U122/><E122/><V34/><F118/><W1/><G91/><T131/><D123/><U71/><E71/><V43/><F129/><W45/><REACH who="3" step="1"/><G1/><REACH who="3" ten="454,329,172,35" step="2"/><T46/><D0/><U127/><E135/><V27/><F37/><W31/><G31/><T58/><D6/><U77/><E133/><V7/><F7/><W66/><G66/><T134/><D67/><U96/><E77/><V62/><F30/><W8/><G8/><T98/><D10/><U80/><E65/><V115/><F115/><W130/><G130/><T110/><D11/><U33/><E33/><V108/><F114/><W32/><G32/><T112/><D112/><U116/><E116/><V64/><F34/><W125/><G125/><T38/><D38/><U25/><E127/><V132/><F126/><W22/><G22/><T47/><D134/><U93/><E107/><AGARI ba="0,1" hai="9,15,17,45,50,53,61,63,85,89,92,99,101,107" machi="107" ten="30,5800,0" yaku="1,1,7,1,52,1,53,0" doraHai="88" doraHaiUra="106" who="3" fromWho="1" sc="454,0,329,-58,172,0,35,68" /><INIT seed="7,1,0,3,3,20" ten="454,271,172,103" oya="3" hai0="88,10,61,8,27,75,73,85,52,19,33,89,53" hai1="5,68,110,25,101,84,22,56,81,131,126,123,107" hai2="55,6,39,13,21,51,17,133,54,125,99,115,83" hai3="40,41,76,12,103,26,80,122,65,98,119,128,111"/><W92/><G119/><T44/><D19/><U32/><E110/><V7/><F39/><W78/><G122/><T16/><D16/><U135/><E123/><V96/><F115/><W108/><G128/><T64/><D44/><U113/><E68/><V132/><F125/><W23/><G12/><T58/><D85/><U90/><E113/><V42/><F42/><W4/><G4/><T94/><D94/><U121/><E121/><V14/><F83/><W34/><G34/><T45/><D45/><U72/><E72/><V48/><F17/><W60/><G78/><T95/><D95/><U0/><E126/><V3/><REACH who="2" step="1"/><F21/><REACH who="2" ten="454,271,162,103" step="2"/><W36/><G36/><T93/><D8/><U104/><E22/><V11/><F11/><W134/><G134/><T30/><D58/><U120/><E56/><V86/><F86/><N who="3" m="48391" /><G108/><T29/><D33/><U77/><E32/><V109/><F109/><W82/><G111/><T67/><D93/><U50/><E81/><V91/><F91/><W118/><G82/><T38/><D38/><U105/><E90/><V70/><F70/><W87/><G87/><T46/><D75/><U9/><E9/><V130/><F130/><W117/><G117/><T57/><D73/><U31/><E135/><V63/><F63/><W2/><G2/><AGARI ba="1,1" hai="2,3,6,7,13,14,48,51,54,55,96,99,132,133" machi="2" ten="25,3200,0" yaku="1,1,22,2,53,0" doraHai="20" doraHaiUra="79" who="2" fromWho="3" sc="454,0,271,0,162,45,103,-35" owari="454,55.0,271,7.0,207,-19.0,68,-43.0" /></mjloggm>