<mjloggm ver="2.3"><GO type="225" lobby="0"/><UN n0="%E7%84%A1%E6%AF%9B%E7%8C%AB%EF%BC%A0%E5%B7%9D%E6%9D%91%E8%BB%8D%E5%9B%A3" n1="%E3%82%AB%E3%83%9C%E3%83%81%E3%83%A3%E3%82%BF%E3%83%8D" n2="%E3%83%88%E3%83%88%E3%83%AA%E5%85%88%E7%94%9F%31%39%E6%AD%B3" n3="%E3%83%94%E3%83%A8%E3%81%A3%E3%81%99" dan="16,16,18,16" rate="2091.69,2166.92,2283.42,2057.91" sx="F,M,F,M"/><TAIKYOKU oya="0"/><INIT seed="0,0,0,0,2,112" ten="250,250,250,250" oya="0" hai0="62,105,23,126,68,129,44,75,24,17,64,10,87" hai1="78,124,108,55,118,40,32,19,134,81,89,20,132" hai2="69,120,67,46,94,43,100,121,29,93,128,0,59" hai3="71,73,14,123,48,53,37,58,99,76,42,41,21"/><T86/><D75/><U51/><E32/><V80/><F0/><W34/><G34/><T39/><D105/><U131/><E40/><V114/><F69/><W101/><G71/><T7/><D129/><U84/><E131/><V5/><F5/><W130/><G123/><T31/><D126/><U22/><E124/><V85/><F128/><W97/><G97/><T60/><D60/><U70/><E70/><V79/><F114/><W125/><G37/><T107/><D107/><U133/><E108/><V2/><F2/><W54/><G125/><T115/><D115/><U27/><E20/><V77/><F29/><W16/><G130/><T30/><D39/><U8/><E8/><V3/><F3/><W122/><G122/><T72/><D72/><U104/><E104/><V82/><F59/><W113/><G113/><T57/><D68/><U111/><E111/><V103/><F67/><W110/><G110/><T49/><D31/><U26/><E26/><V116/><F46/><W90/><G90/><T102/><D102/><U47/><E89/><V52/><F43/><W83/><REACH who="3" step="1"/><G54/><REACH who="3" ten="250,250,250,240" step="2"/><T6/><D30/><U15/><E27/><V18/><F121/><W50/><G50/><T35/><D35/><U11/><E22/><V63/><F120/><W9/><G9/><T28/><D28/><U74/><E74/><V109/><F109/><W13/><G13/><N who="0" m="5343" /><D6/><U33/><E33/><V92/><F100/><W25/><G25/><T135/><D135/><U38/><E38/><V106/><F103/><W66/><G66/><T65/><D65/><U127/><E127/><V61/><F79/><RYUUKYOKU ba="0,1" sc="250,10,250,10,250,-30,240,10" hai0="17,23,24,44,49,57,62,64,86,87" hai1="11,15,19,47,51,55,78,81,84,118,132,133,134" hai3="14,16,21,41,42,48,53,58,73,76,83,99,101" /><INIT seed="0,1,1,2,5,118" ten="260,260,220,250" oya="0" hai0="32,131,67,77,29,134,11,10,71,65,46,104,38" hai1="93,61,35,12,8,17,83,28,5,115,56,33,119" hai2="97,24,132,60,117,37,51,43,69,48,3,6,42" hai3="26,74,112,19,30,76,80,78,98,36,99,50,9"/><T18/><D104/><U133/><E119/><V7/><F117/><W103/><G36/><T4/><D131/><U135/><E115/><V68/><F132/><N who="1" m="50761" /><E83/><V100/><F37/><W96/><G112/><T58/><D71/><U127/><E127/><V84/><F84/><W87/><G50/><T95/><D32/><U79/><E79/><V66/><F68/><W92/><G76/><T73/><D29/><U1/><E93/><V111/><F111/><W126/><G126/><T106/><D106/><U86/><E86/><V75/><F75/><W23/><G74/><T57/><D95/><U114/><E114/><V59/><F3/><W47/><G47/><T53/><D18/><U20/><E56/><V125/><F125/><W113/><G113/><T90/><D90/><U27/><E61/><V2/><F2/><W88/><G78/><T41/><D57/><U101/><E101/><V121/><F121/><W39/><G39/><T124/><D124/><U40/><E40/><N who="2" m="15403" /><F24/><W70/><G70/><T108/><D108/><U72/><E72/><V89/><F100/><W16/><REACH who="3" step="1"/><G30/><REACH who="3" ten="260,260,220,240" step="2"/><T110/><D110/><U45/><E45/><V123/><F69/><W15/><AGARI ba="1,2" hai="9,15,16,19,23,26,80,87,88,92,96,98,99,103" machi="15" ten="30,12000,2" yaku="1,1,2,1,0,1,8,1,54,2,53,0" doraHai="118" doraHaiUra="130" who="3" fromWho="3" sc="260,-61,260,-31,220,-31,240,143" /><INIT seed="1,0,0,4,4,40" ten="199,229,189,383" oya="1" hai0="97,72,36,133,3,111,55,18,108,82,50,123,49" hai1="12,17,80,79,67,115,22,121,42,117,89,6,95" hai2="104,0,77,29,46,74,96,94,54,99,10,33,85" hai3="76,44,103,92,37,9,118,59,70,127,16,35,7"/><U51/><E115/><V57/><F104/><W66/><G70/><T63/><D3/><U135/><E117/><V81/><F33/><W20/><G35/><T43/><D36/><U130/><E121/><V98/><F29/><W100/><G127/><T84/><D72/><U14/><E135/><V132/><F132/><W39/><G39/><T71/><D133/><U25/><E130/><V4/><F74/><W32/><G32/><T68/><D123/><U23/><E67/><V11/><F11/><W15/><G76/><T13/><D97/><U69/><E69/><N who="0" m="26697" /><D63/><U75/><E6/><V53/><F53/><W90/><G118/><T114/><D43/><U134/><E134/><V60/><REACH who="2" step="1"/><F46/><REACH who="2" ten="199,229,179,383" step="2"/><W30/><G30/><T78/><D55/><U122/><E122/><V52/><F52/><W27/><G44/><T116/><D114/><U87/><REACH who="1" step="1"/><E22/><REACH who="1" ten="199,219,179,383" step="2"/><V48/><F48/><W119/><G119/><T28/><D116/><U83/><E83/><V91/><AGARI ba="0,2" hai="0,4,10,54,57,60,77,81,85,91,94,96,98,99" machi="91" ten="20,2700,0" yaku="1,1,0,1,7,1,53,0" doraHai="40" doraHaiUra="109" who="2" fromWho="2" sc="199,-7,219,-13,179,47,383,-7" /><INIT seed="2,0,0,5,2,81" ten="192,206,226,376" oya="2" hai0="113,37,122,14,38,45,66,119,53,74,34,76,134" hai1="27,89,102,55,130,105,73,94,10,44,65,110,109" hai2="4,104,93,115,8,54,63,87,84,69,58,80,24" hai3="12,111,106,36,85,30,75,9,135,43,49,95,7"/><V117/><F115/><W22/><G75/><T57/><D34/><U123/><E123/><V19/><F117/><W16/><G106/><T112/><D122/><U132/><E130/><V26/><F104/><W28/><G36/><T48/><D119/><U33/><E73/><V70/><F70/><W92/><G111/><N who="1" m="42506" /><E132/><V77/><F69/><W98/><G135/><T107/><D107/><U3/><E65/><V60/><F60/><W71/><G71/><T5/><D134/><U17/><E102/><V25/><F19/><W46/><G85/><T15/><D66/><U108/><N who="1" m="42514" /><U114/><DORA hai="35" /><E114/><V23/><F23/><W100/><G95/><T131/><D131/><U126/><E126/><V83/><F93/><W32/><G32/><T82/><D15/><AGARI ba="0,0" hai="7,9,12,15,16,22,28,30,43,46,49,92,98,100" machi="15" ten="30,3900,0" yaku="7,1,8,1,54,1" doraHai="81,35" who="3" fromWho="0" sc="192,-39,206,0,226,0,376,39" /><INIT seed="3,0,0,5,2,116" ten="153,206,226,415" oya="3" hai0="17,121,57,80,2,96,37,26,58,45,122,32,98" hai1="61,15,54,129,56,111,6,133,124,120,99,102,69" hai2="90,31,88,55,125,115,93,18,118,108,59,52,109" hai3="41,89,97,84,92,114,28,9,79,75,94,62,64"/><W3/><G114/><T123/><D2/><U87/><E111/><N who="2" m="42571" /><F118/><W95/><G41/><T19/><D80/><U82/><E124/><V107/><F107/><W39/><G39/><T100/><D98/><U1/><E129/><V130/><F130/><W49/><G49/><T40/><D19/><U77/><E133/><V44/><F115/><W46/><G46/><T5/><D5/><U16/><E69/><V83/><F125/><W72/><G28/><T132/><D132/><U73/><E120/><V60/><F31/><W66/><G66/><T128/><D128/><U24/><E1/><V36/><F18/><W76/><G75/><T14/><D32/><U23/><E73/><V131/><F131/><W25/><G25/><T27/><D58/><U12/><E6/><V51/><F36/><W50/><G50/><T22/><REACH who="0" step="1"/><D57/><REACH who="0" ten="143,206,226,415" step="2"/><U117/><E117/><V30/><F83/><N who="3" m="49311" /><G3/><T35/><D35/><U91/><E77/><V34/><F93/><AGARI ba="0,1" hai="14,17,22,26,27,37,40,45,93,96,100,121,122,123" machi="93" ten="40,12000,2" yaku="1,1,52,3,53,2" doraHai="116" doraHaiUra="20" who="0" fromWho="2" sc="143,130,206,0,226,-120,415,0" /><AGARI ba="0,0" hai="12,15,16,23,24,54,56,61,82,87,91,93,99,102" machi="93" ten="30,3900,0" yaku="7,1,8,1,54,1" doraHai="116" who="1" fromWho="2" sc="273,0,206,39,106,-39,415,0" owari="273,7.0,245,-15.0,67,-43.0,415,51.0" /></mjloggm>