<mjloggm ver="2.3"><GO type="169" lobby="0"/><UN n0="%E3%83%AD%E3%83%B3%E3%82%88%E3%82%8A%E8%A8%BC%E6%8B%A0" n1="%70%6F%6E%2D%65%6E" n2="%E3%82%A6%E3%83%AB%E3%83%88%E3%83%A9%E7%AB%8B%E7%9B%B4" n3="%E7%B6%BE%E9%A6%99" dan="16,17,17,16" rate="2062.12,2197.51,2214.42,2104.68" sx="M,M,M,F"/><TAIKYOKU oya="0"/><INIT seed="0,0,0,5,2,127" ten="250,250,250,250" oya="0" hai0="31,25,123,88,33,81,14,30,26,78,72,23,119" hai1="41,111,69,58,63,73,110,115,59,99,49,6,84" hai2="71,90,55,92,10,121,89,43,28,44,85,131,24" hai3="57,0,8,116,52,21,126,107,135,5,122,35,76"/><T42/><D119/><U67/><E73/><V19/><F71/><W36/><G35/><T128/><D123/><U38/><E6/><V108/><F108/><N who="1" m="41513" /><E84/><V113/><F113/><W102/><G36/><T40/><D128/><U15/><E15/><V37/><F131/><W117/><G122/><T91/><REACH who="0" step="1"/><D14/><REACH who="0" ten="240,250,250,250" step="2"/><U46/><E99/><V86/><F121/><W101/><G117/><T32/><D32/><U129/><E129/><V13/><F13/><W17/><G116/><T7/><D7/><U93/><E115/><V98/><F98/><W50/><G5/><T27/><D27/><U16/><E16/><V4/><F19/><W94/><G17/><T60/><D60/><U2/><E2/><V109/><F109/><W1/><G1/><T97/><D97/><U12/><E12/><V75/><F4/><W62/><G0/><T114/><D114/><U47/><E93/><V45/><F24/><W18/><G94/><T3/><D3/><U39/><E39/><V80/><F92/><W65/><G18/><T54/><D54/><AGARI ba="0,1" hai="38,41,46,47,49,54,58,59,63,67,69" m="41513" machi="54" ten="30,3900,0" yaku="14,1,34,2" doraHai="127" who="1" fromWho="0" sc="240,-39,250,49,250,0,250,0" /><INIT seed="1,0,0,4,4,131" ten="201,299,250,250" oya="1" hai0="60,41,22,133,10,68,124,121,80,97,44,20,21" hai1="50,18,99,81,75,89,19,90,37,82,12,107,78" hai2="106,7,59,98,29,115,28,5,86,130,11,34,3" hai3="96,53,6,95,62,23,30,132,128,56,70,100,61"/><U16/><E37/><V85/><F130/><W43/><G128/><T105/><D124/><U1/><E1/><V64/><F115/><W120/><G120/><T17/><D121/><U87/><E50/><V39/><F39/><W69/><G43/><T36/><D80/><U112/><E112/><V79/><F34/><W125/><G125/><T77/><D77/><U46/><E46/><V40/><F40/><W122/><G122/><T93/><D105/><U72/><E72/><V9/><F106/><W67/><G6/><T4/><D68/><U42/><E42/><V14/><F98/><W24/><REACH who="3" step="1"/><G69/><REACH who="3" ten="201,299,250,240" step="2"/><T66/><D4/><U54/><E54/><V113/><F113/><W109/><G109/><T55/><D55/><U126/><E126/><V135/><F5/><W117/><G117/><T134/><D66/><U129/><E129/><V116/><F7/><W63/><G63/><T102/><REACH who="0" step="1"/><D60/><REACH who="0" ten="191,299,250,240" step="2"/><U58/><E78/><V45/><F79/><W74/><G74/><T84/><D84/><U0/><E87/><V91/><F86/><W13/><G13/><AGARI ba="0,2" hai="10,13,17,20,21,22,36,41,44,93,97,102,133,134" machi="13" ten="40,5200,0" yaku="1,1,52,2,53,0" doraHai="131" doraHaiUra="51" who="0" fromWho="3" sc="191,72,299,0,250,0,240,-52" /><INIT seed="2,0,0,5,4,97" ten="263,299,250,188" oya="2" hai0="84,33,24,34,133,108,99,89,57,113,68,22,94" hai1="116,4,83,80,69,64,115,52,26,132,32,111,95" hai2="8,13,74,28,14,104,103,102,128,54,10,134,87" hai3="67,45,35,15,42,41,72,59,48,78,47,18,70"/><V86/><F74/><W125/><G35/><T17/><D68/><U120/><E115/><V38/><F38/><W62/><G125/><T5/><D113/><U135/><E116/><V124/><F104/><W110/><G110/><T131/><D108/><U56/><E111/><V21/><F124/><W11/><G72/><T49/><D133/><U27/><E120/><V53/><F134/><W25/><G25/><T123/><D123/><U9/><E83/><V60/><F21/><W40/><G78/><T46/><D57/><U129/><E27/><V85/><F28/><W100/><G70/><T117/><D117/><U50/><E129/><V118/><F118/><W51/><REACH who="3" step="1"/><G100/><REACH who="3" ten="263,299,250,178" step="2"/><N who="2" m="38441" /><F128/><W2/><G2/><T71/><D71/><U112/><E32/><V73/><F73/><W114/><G114/><T44/><D131/><U31/><E69/><V82/><F82/><W122/><G122/><T81/><D34/><U63/><E80/><V29/><F29/><W107/><G107/><T92/><D33/><U43/><E31/><V98/><F98/><W1/><G1/><T96/><D96/><U119/><E119/><V39/><F39/><W61/><G61/><T121/><D121/><U20/><E112/><V105/><F105/><W12/><G12/><N who="2" m="4713" /><F60/><W6/><G6/><T58/><D5/><U7/><E132/><V91/><F91/><W130/><G130/><T36/><D36/><U79/><E135/><V109/><F109/><W23/><G23/><T16/><D81/><U106/><E106/><V93/><F93/><W19/><G19/><T101/><D17/><U77/><E95/><RYUUKYOKU ba="0,1" sc="263,10,299,-30,250,10,178,10" hai0="16,22,24,44,46,49,58,84,89,92,94,99,101" hai2="8,10,53,54,85,86,87" hai3="11,15,18,40,41,42,45,47,48,51,59,62,67" /><INIT seed="2,1,1,4,1,51" ten="273,269,260,188" oya="2" hai0="126,105,22,0,44,14,84,135,27,112,64,101,68" hai1="16,70,15,121,75,23,50,3,95,20,82,114,38" hai2="76,132,26,87,133,117,13,118,89,59,110,35,42" hai3="77,58,55,10,41,45,18,67,9,120,91,63,85"/><V43/><F76/><W115/><G120/><T17/><D112/><U130/><E38/><V92/><F13/><W29/><G29/><T104/><D0/><U24/><E3/><V39/><F35/><W48/><G115/><T111/><D111/><U65/><E114/><V131/><F26/><W49/><G77/><T8/><D135/><N who="2" m="51786" /><F39/><W19/><G9/><T98/><D126/><U56/><E15/><V129/><F110/><W62/><G10/><T90/><D64/><U81/><E23/><V5/><F5/><W78/><G78/><T108/><D68/><U40/><E20/><V134/><F134/><W128/><G128/><N who="2" m="49225" /><F59/><W93/><REACH who="3" step="1"/><G62/><REACH who="3" ten="273,269,260,178" step="2"/><T53/><D108/><U109/><E109/><V127/><F127/><W46/><AGARI ba="1,2" hai="18,19,41,45,46,48,49,55,58,63,67,85,91,93" machi="46" ten="20,12000,2" yaku="1,1,2,1,0,1,7,1,8,1,52,1,53,0" doraHai="51" doraHaiUra="96" who="3" fromWho="3" sc="273,-31,269,-31,260,-61,178,143" /><INIT seed="3,0,0,1,4,56" ten="242,238,199,321" oya="3" hai0="89,39,134,122,120,82,12,10,95,33,44,58,78" hai1="69,37,94,64,74,115,1,133,35,27,22,118,73" hai2="61,124,40,42,6,79,113,28,47,65,129,11,128" hai3="46,43,114,23,100,18,98,32,66,26,49,85,135"/><W70/><G114/><T96/><D33/><U91/><E91/><V99/><F113/><W72/><G72/><T130/><D134/><U127/><E94/><V110/><F110/><W62/><G135/><T71/><D71/><U107/><E22/><V75/><F75/><W17/><G85/><T48/><D130/><N who="2" m="50282" /><F79/><W84/><G84/><T36/><D58/><U125/><E27/><V25/><F99/><W97/><G97/><T0/><D0/><U2/><E64/><V81/><F81/><W117/><G117/><T132/><D132/><U103/><E103/><V101/><F101/><W104/><REACH who="3" step="1"/><G32/><REACH who="3" ten="242,238,199,311" step="2"/><T7/><D122/><U106/><E74/><V63/><F124/><W21/><G21/><T13/><D120/><U50/><E127/><V88/><F88/><W131/><G131/><T123/><D123/><U86/><E125/><V92/><F92/><W76/><G76/><T67/><D78/><U55/><E73/><V54/><F65/><W3/><G3/><T8/><D67/><U83/><E133/><V105/><F105/><W87/><G87/><T53/><REACH who="0" step="1"/><D82/><REACH who="0" ten="232,238,199,311" step="2"/><U29/><E83/><V102/><F102/><W121/><G121/><T45/><D45/><U15/><E1/><N who="2" m="463" /><F47/><W119/><G119/><T126/><D126/><U5/><E2/><V19/><F28/><AGARI ba="0,2" hai="17,18,23,26,28,43,46,49,62,66,70,98,100,104" machi="28" ten="30,11600,0" yaku="1,1,7,1,52,1,53,1" doraHai="56" doraHaiUra="16" who="3" fromWho="2" sc="232,0,238,0,199,-116,311,136" /><INIT seed="3,1,0,1,0,76" ten="232,238,83,447" oya="3" hai0="56,51,7,106,91,34,53,82,39,128,8,112,10" hai1="65,61,125,114,23,102,12,28,41,110,37,32,6" hai2="87,81,71,116,58,95,44,45,96,31,83,109,22" hai3="122,55,101,107,54,92,38,0,108,117,84,33,79"/><W126/><G117/><T100/><D39/><U94/><E114/><V62/><F71/><W74/><G126/><T24/><D128/><U90/><E125/><V14/><F109/><W113/><G113/><T40/><D112/><U104/><E110/><V43/><F116/><W20/><G33/><T123/><D123/><U52/><E41/><V21/><F87/><W17/><G122/><T19/><D40/><U26/><E37/><V59/><F59/><W35/><G35/><T18/><D106/><U49/><E102/><V85/><F85/><W120/><G38/><T70/><D100/><U50/><E104/><V3/><F3/><W47/><G0/><T93/><D70/><U15/><E15/><V73/><F73/><W46/><G108/><T119/><D119/><U72/><E72/><V67/><F22/><W2/><G2/><T9/><D7/><U89/><E89/><V27/><F14/><W97/><G120/><T69/><D69/><U131/><E131/><V103/><F45/><W16/><G17/><T80/><D34/><U77/><E6/><V57/><F57/><W86/><G84/><N who="0" m="52455" /><D24/><U118/><E26/><V60/><F60/><W36/><G36/><AGARI ba="1,0" hai="21,27,31,36,43,44,58,62,67,81,83,95,96,103" machi="36" ten="30,8000,1" yaku="7,1,25,2,52,2" doraHai="76" who="2" fromWho="3" sc="232,0,238,0,83,83,447,-83" /><INIT seed="4,0,0,0,4,43" ten="232,238,166,364" oya="0" hai0="22,27,9,54,112,134,83,39,48,51,20,123,18" hai1="130,56,40,61,74,4,98,3,113,81,120,73,108" hai2="8,133,92,17,41,99,58,46,66,128,59,76,28" hai3="114,12,47,119,126,111,109,110,70,13,117,15,121"/><T88/><D123/><U71/><E108/><V35/><F128/><W95/><G70/><T101/><D39/><U125/><E120/><V84/><F133/><W80/><G80/><T132/><D112/><U29/><E125/><V36/><F35/><W14/><G121/><T78/><D101/><U10/><E130/><V82/><F28/><W21/><G95/><T65/><D51/><U75/><E113/><V102/><F66/><W24/><G114/><T116/><D116/><N who="3" m="44617" /><G47/><N who="0" m="27935" /><D65/><U25/><E40/><V86/><F17/><N who="3" m="12335" /><G126/><T33/><D33/><U94/><E71/><V122/><F122/><W1/><G1/><T106/><D106/><U26/><E81/><V45/><F8/><W124/><G124/><T62/><D62/><U72/><N who="1" m="18432" /><DORA hai="42" /><U60/><E29/><V2/><F2/><W52/><G52/><T16/><D9/><U67/><REACH who="1" step="1"/><E61/><REACH who="1" ten="232,228,166,364" step="2"/><V77/><F41/><W93/><G110/><T90/><D134/><U5/><E5/><V87/><F36/><W107/><G107/><T31/><D132/><U0/><E0/><V85/><REACH who="2" step="1"/><F77/><REACH who="2" ten="232,228,156,364" step="2"/><W11/><G109/><T19/><D22/><U131/><E131/><V34/><F34/><W55/><G111/><T118/><D118/><U6/><E6/><V38/><F38/><W30/><G30/><T7/><D7/><U32/><E32/><V50/><F50/><W57/><G11/><T91/><D78/><U63/><E63/><V49/><F49/><W129/><G129/><T79/><D79/><U127/><E127/><V64/><F64/><W103/><N who="3" m="3584" /><DORA hai="105" /><W97/><G103/><AGARI ba="0,2" hai="3,4,10,25,26,56,60,67,94,98,103" m="18432" machi="103" ten="70,12000,2" yaku="1,1,52,4,53,1" doraHai="43,42,105" doraHaiUra="44,69,89" who="1" fromWho="3" sc="232,0,228,140,156,0,364,-120" /><INIT seed="5,0,0,5,3,54" ten="232,368,156,244" oya="1" hai0="75,132,67,41,2,95,93,104,88,124,112,105,51" hai1="126,17,0,69,4,82,79,117,129,119,59,103,90" hai2="87,24,98,14,107,70,99,96,91,131,61,49,52" hai3="80,76,47,66,9,32,22,44,97,89,29,68,39"/><U27/><E69/><V92/><F131/><W20/><G39/><T85/><D2/><U34/><E103/><V116/><F116/><W74/><G9/><T62/><D75/><U55/><E90/><V113/><F113/><W128/><G128/><T100/><D112/><U106/><E106/><V101/><F24/><W60/><G32/><T86/><D132/><U42/><E42/><V115/><F115/><W46/><REACH who="3" step="1"/><G29/><REACH who="3" ten="232,368,156,234" step="2"/><T10/><D10/><U21/><E34/><V19/><F70/><W127/><G127/><T33/><D33/><U114/><E126/><V77/><F77/><W57/><G57/><T125/><D125/><U16/><E114/><V108/><F108/><W26/><G26/><T83/><D124/><U35/><E35/><V94/><F107/><W43/><G43/><T15/><D41/><U58/><E129/><V109/><F109/><W71/><G71/><T135/><D105/><U53/><E119/><V78/><F78/><W120/><G120/><T28/><D104/><U5/><E117/><V11/><REACH who="2" step="1"/><F61/><REACH who="2" ten="232,368,146,234" step="2"/><W18/><G18/><T31/><D62/><U13/><E16/><V36/><F36/><W12/><G12/><T121/><D15/><U81/><E13/><V73/><F73/><W48/><G48/><T38/><D51/><N who="1" m="31039" /><E0/><V40/><F40/><W102/><G102/><T122/><D100/><U23/><E79/><V133/><F133/><W123/><G123/><T130/><D38/><U72/><E72/><V63/><F63/><W3/><G3/><T64/><D135/><U6/><E23/><V111/><F111/><W134/><G134/><RYUUKYOKU ba="0,2" sc="232,-30,368,10,146,10,234,10" hai1="4,5,6,17,21,27,55,59,81,82" hai2="11,14,19,49,52,87,91,92,94,96,98,99,101" hai3="20,22,44,46,47,60,66,68,74,76,80,89,97" /><INIT seed="5,1,2,4,4,43" ten="202,378,156,244" oya="1" hai0="101,32,52,127,91,14,107,118,21,45,56,104,57" hai1="37,81,68,87,93,113,110,24,80,103,26,59,54" hai2="33,71,120,84,100,115,108,119,64,0,128,49,72" hai3="74,65,35,61,106,92,23,17,102,58,77,76,38"/><U18/><E68/><V28/><RYUUKYOKU type="yao9" ba="1,2" sc="202,0,378,0,156,0,244,0" hai2="0,28,33,49,64,71,72,84,100,108,115,119,120,128" /><INIT seed="5,2,2,4,2,99" ten="202,378,156,244" oya="1" hai0="126,94,93,14,97,0,48,112,40,84,114,24,109" hai1="29,104,115,10,42,18,12,62,82,4,77,1,60" hai2="121,32,16,98,59,70,43,91,106,37,80,75,113" hai3="22,58,9,2,33,73,83,50,135,103,63,72,34"/><U38/><E115/><V117/><F70/><W30/><G50/><T81/><D109/><U11/><E104/><V87/><F32/><W128/><G128/><T13/><D0/><U132/><E132/><V90/><F121/><W95/><G135/><T119/><D94/><U86/><E29/><V66/><F117/><W19/><G83/><T7/><D119/><U17/><E17/><V89/><F113/><N who="0" m="43626" /><D126/><U111/><E111/><V79/><F37/><W55/><G2/><T127/><D24/><U69/><E69/><V8/><F43/><W88/><G9/><T100/><D7/><U78/><E78/><V25/><F75/><W23/><G34/><T27/><D27/><U74/><E86/><V44/><F44/><AGARI ba="2,2" hai="1,4,10,11,12,18,38,42,44,60,62,74,77,82" machi="44" ten="40,3900,0" yaku="25,2" doraHai="99" who="1" fromWho="2" sc="202,0,378,65,156,-45,244,0" /><INIT seed="5,3,0,4,5,97" ten="202,443,111,244" oya="1" hai0="9,121,70,17,48,44,27,0,41,47,124,50,58" hai1="104,37,83,62,96,55,86,1,5,63,129,34,38" hai2="75,36,22,80,102,130,51,117,76,67,11,78,133" hai3="57,89,60,2,123,12,126,15,7,35,77,82,26"/><U59/><E129/><V134/><F36/><W10/><G123/><T108/><D108/><U18/><E34/><V90/><F67/><W87/><G126/><T29/><D70/><U135/><E135/><N who="2" m="51723" /><F11/><W105/><G105/><T128/><D124/><U46/><E1/><V8/><F8/><W110/><G110/><T114/><D128/><U30/><E5/><V74/><F130/><W85/><G35/><T25/><D114/><U31/><E30/><V127/><F51/><W103/><G26/><T132/><D132/><U92/><E31/><V16/><F117/><W21/><G21/><T101/><D121/><U68/><E18/><V54/><F54/><W113/><G113/><T6/><D58/><U109/><E104/><V56/><F56/><W107/><G107/><T120/><D120/><U43/><E109/><V125/><F127/><W40/><G40/><T100/><D17/><U13/><E13/><N who="2" m="9487" /><F125/><W61/><G61/><T33/><D27/><U112/><E112/><V94/><F80/><N who="3" m="49319" /><G2/><T88/><D88/><U39/><E63/><V91/><F90/><W64/><G12/><T93/><D93/><U99/><E68/><V116/><F116/><W69/><G69/><T95/><D95/><U81/><E81/><V65/><F65/><W71/><G71/><T72/><D72/><N who="2" m="27690" /><F91/><W111/><G111/><T73/><D73/><U45/><E92/><V115/><F115/><W20/><G20/><T52/><AGARI ba="3,0" hai="0,6,9,25,29,33,41,44,47,48,50,52,100,101" machi="52" ten="20,8000,1" yaku="0,1,7,1,52,2,54,1" doraHai="97" who="0" fromWho="0" sc="202,89,443,-43,111,-23,244,-23" /><INIT seed="6,0,0,5,4,91" ten="291,400,88,221" oya="2" hai0="106,94,31,14,132,33,20,51,5,58,4,48,122" hai1="85,95,60,116,42,54,2,109,115,52,131,80,8" hai2="70,46,65,93,7,12,47,24,126,39,57,28,117" hai3="23,129,29,100,3,69,118,40,26,67,22,53,30"/><V77/><F117/><W99/><G3/><T59/><D106/><U74/><E109/><V64/><F70/><W18/><G118/><T15/><D122/><U102/><E116/><V87/><F126/><W133/><G133/><T78/><D33/><U55/><E115/><V49/><F39/><W62/><G129/><T36/><D36/><U81/><E42/><V108/><F108/><W17/><G40/><T9/><D132/><U101/><E60/><V79/><F57/><W61/><G53/><T19/><D78/><N who="2" m="29706" /><F24/><W120/><G61/><T125/><D125/><U110/><E55/><N who="2" m="30135" /><F28/><W76/><G76/><T43/><D31/><U111/><E54/><V92/><F47/><W6/><G6/><T121/><D121/><U63/><E52/><V119/><F119/><W10/><G10/><T88/><D5/><U68/><E63/><V135/><F135/><W82/><G120/><T128/><D128/><U107/><E68/><V45/><F45/><W84/><G84/><N who="0" m="52487" /><D43/><U50/><E8/><N who="2" m="4127" /><F87/><W86/><G86/><T73/><D73/><U0/><E85/><V98/><F98/><W56/><G69/><T96/><D96/><U104/><E131/><V130/><F130/><W112/><G29/><T127/><D127/><U32/><E32/><V71/><F71/><W25/><G30/><T75/><D75/><U27/><E74/><V90/><F90/><W11/><G11/><T72/><D72/><U38/><E38/><V16/><F16/><W114/><REACH who="3" step="1"/><G82/><REACH who="3" ten="291,400,88,211" step="2"/><T1/><D1/><N who="1" m="619" /><E111/><V124/><F124/><W35/><G35/><T89/><D9/><U37/><E110/><RYUUKYOKU ba="0,1" sc="291,-15,400,-15,88,15,211,15" hai2="64,65,92,93" hai3="17,18,22,23,25,26,56,62,67,99,100,112,114" /><INIT seed="6,1,1,3,3,68" ten="276,385,103,226" oya="2" hai0="55,45,5,24,20,32,108,50,8,100,126,106,102" hai1="27,65,18,123,66,118,94,96,131,6,81,12,117" hai2="119,92,36,26,115,47,113,30,63,21,132,67,104" hai3="133,121,44,39,71,22,76,61,37,48,72,19,38"/><V42/><F104/><W122/><G72/><T134/><D108/><U49/><E131/><V58/><F119/><W110/><G76/><T127/><D32/><U13/><E123/><N who="3" m="47114" /><G22/><T23/><D134/><U29/><E6/><V51/><F132/><W11/><G11/><T14/><D23/><U79/><E49/><V95/><REACH who="2" step="1"/><F51/><REACH who="2" ten="276,385,93,226" step="2"/><W57/><G133/><T84/><D106/><U89/><E118/><V105/><F105/><W62/><G110/><T109/><D109/><U16/><E117/><V91/><F91/><W53/><G19/><T125/><D84/><U107/><E16/><AGARI ba="1,2" hai="5,8,14,16,20,24,45,50,55,100,102,125,126,127" machi="16" ten="40,2600,0" yaku="18,1,54,1" doraHai="68" who="0" fromWho="1" sc="276,49,385,-29,93,0,226,0" /><INIT seed="7,0,0,1,1,49" ten="325,356,93,226" oya="3" hai0="30,65,18,80,32,111,60,116,109,7,37,126,13" hai1="0,125,35,113,12,127,120,75,20,8,96,86,63" hai2="133,52,132,69,70,122,83,42,131,47,61,22,27" hai3="25,115,97,102,72,82,89,121,124,85,64,10,90"/><W56/><G121/><T53/><D116/><U95/><E75/><V11/><F11/><W57/><G72/><T108/><D37/><U14/><E35/><V84/><F84/><W55/><G124/><N who="1" m="47690" /><E120/><V135/><F83/><W9/><G115/><T62/><D126/><U98/><E113/><V99/><F99/><N who="1" m="37929" /><E20/><V41/><F22/><W46/><G25/><T87/><D7/><N who="1" m="1127" /><E63/><V100/><F27/><W92/><G89/><AGARI ba="0,0" hai="12,14,86,89,95" m="1127,37929,47690" machi="89" ten="30,1000,0" yaku="18,1" doraHai="49" who="1" fromWho="3" sc="325,0,356,10,93,0,226,-10" owari="325,13.0,366,46.0,93,-41.0,216,-18.0" /></mjloggm>