<mjloggm ver="2.3"><GO type="169" lobby="0"/><UN n0="%E3%82%A6%E3%83%AB%E3%83%88%E3%83%A9%E7%AB%8B%E7%9B%B4" n1="%30%30%73%61%69" n2="%E6%A1%9C%E4%BA%95%E3%81%95%E3%82%93" n3="%E3%81%BD%E3%81%BF%E3%82%85" dan="17,17,17,16" rate="2122.51,2114.58,2200.51,2070.72" sx="M,M,M,F"/><TAIKYOKU oya="0"/><INIT seed="0,0,0,2,0,62" ten="250,250,250,250" oya="0" hai0="24,15,14,116,65,17,51,48,92,87,85,9,127" hai1="117,102,32,47,31,25,54,45,49,7,103,83,29" hai2="77,133,0,66,19,4,8,94,91,59,97,129,28" hai3="3,101,81,110,72,58,5,78,39,37,43,55,125"/><T88/><D127/><U50/><E50/><BYE who="1" /><V73/><F129/><W10/><G125/><T20/><D116/><U106/><E106/><V52/><F133/><W21/><G110/><T22/><D85/><U112/><E112/><V69/><F28/><W67/><G101/><T95/><D95/><U82/><E82/><V108/><F108/><W126/><G126/><T128/><D128/><U70/><E70/><V60/><F19/><UN n1="%30%30%73%61%69" /><W89/><G43/><T84/><D84/><U105/><E105/><V120/><F120/><W130/><G130/><T6/><REACH who="0" step="1"/><D65/><REACH who="0" ten="240,250,250,250" step="2"/><U46/><E117/><V12/><F73/><W109/><G109/><T99/><D99/><U57/><E83/><V98/><F98/><W107/><G67/><T121/><D121/><U118/><E118/><V33/><F77/><W96/><G107/><T71/><D71/><U100/><E7/><V35/><REACH who="2" step="1"/><F0/><REACH who="2" ten="240,250,240,250" step="2"/><W38/><G3/><T27/><D27/><U2/><E2/><V16/><F16/><AGARI ba="0,2" hai="6,9,14,15,16,17,20,22,24,48,51,87,88,92" machi="16" ten="30,12000,1" yaku="1,1,7,1,8,1,54,2,53,0" doraHai="62" doraHaiUra="93" who="0" fromWho="2" sc="240,140,250,0,240,-120,250,0" /><INIT seed="0,1,0,0,4,28" ten="380,250,120,250" oya="0" hai0="13,84,101,97,126,81,33,44,119,3,53,113,109" hai1="83,125,85,99,78,108,25,117,47,59,107,51,48" hai2="106,6,104,71,12,9,18,19,26,11,7,65,110" hai3="73,103,1,41,29,89,63,24,0,30,80,98,61"/><T16/><D119/><U69/><E69/><V17/><F110/><W56/><G41/><T66/><D3/><U34/><E117/><V31/><F65/><W42/><G42/><T23/><D113/><U130/><E108/><V49/><F49/><W72/><G30/><T46/><D109/><U114/><E125/><V50/><F50/><W58/><G0/><T96/><D33/><U39/><E39/><V21/><REACH who="2" step="1"/><F71/><REACH who="2" ten="380,250,110,250" step="2"/><W15/><G61/><T131/><D66/><U40/><E48/><V129/><F129/><W124/><G63/><T94/><D131/><U62/><E130/><V60/><F60/><W91/><G124/><T8/><D126/><U20/><E114/><V121/><F121/><W100/><G58/><T134/><D53/><U132/><E62/><V116/><F116/><W128/><G56/><T55/><D55/><U135/><E59/><V111/><F111/><W5/><G128/><T68/><D68/><U70/><E70/><V27/><F27/><W82/><G24/><T37/><D37/><U2/><E51/><V35/><F35/><W22/><G1/><AGARI ba="1,1" hai="1,6,7,9,11,12,17,18,19,21,26,31,104,106" machi="1" ten="40,1300,0" yaku="1,1,53,0" doraHai="28" doraHaiUra="43" who="2" fromWho="3" sc="380,0,250,0,110,26,250,-16" /><INIT seed="1,0,0,1,5,46" ten="380,250,136,234" oya="1" hai0="84,42,91,10,6,25,123,31,88,34,51,49,59" hai1="32,112,52,0,79,117,62,122,72,101,3,75,103" hai2="120,19,97,99,119,85,58,109,83,93,102,111,76" hai3="1,45,54,22,9,74,23,35,40,95,100,68,114"/><U73/><E112/><V106/><F19/><W98/><G35/><T133/><D133/><U77/><E117/><V48/><F119/><W121/><G114/><T70/><D70/><U64/><E32/><V16/><F16/><W80/><G68/><T43/><D123/><U57/><E122/><V81/><F120/><W90/><G121/><T86/><D59/><U4/><E64/><V38/><F38/><N who="3" m="21655" /><G54/><T126/><D126/><U96/><E103/><V132/><F132/><W26/><G26/><T78/><D78/><U15/><E15/><V37/><F37/><W116/><G100/><T63/><D63/><U115/><E115/><V41/><F83/><W12/><G12/><T113/><D113/><U53/><E53/><V110/><F58/><W125/><G125/><T28/><D34/><U94/><REACH who="1" step="1"/><E0/><REACH who="1" ten="380,240,136,234" step="2"/><V30/><F41/><W27/><G116/><T107/><D43/><U29/><E29/><V69/><F30/><W134/><G134/><T131/><D42/><U61/><E61/><V47/><F69/><W50/><G1/><T7/><D25/><U20/><E20/><V135/><F135/><W66/><G66/><T21/><D21/><U5/><E5/><V55/><REACH who="2" step="1"/><F99/><REACH who="2" ten="380,240,126,234" step="2"/><W108/><G98/><T124/><D124/><U65/><E65/><V11/><F11/><AGARI ba="0,2" hai="3,4,11,52,57,62,72,73,75,77,79,94,96,101" machi="11" ten="40,7700,0" yaku="1,1,54,1,53,1" doraHai="46" doraHaiUra="89" who="1" fromWho="2" sc="380,0,240,97,126,-77,234,0" /><INIT seed="1,1,0,3,2,93" ten="380,337,49,234" oya="1" hai0="94,36,88,30,102,35,31,43,8,21,112,3,6" hai1="53,110,135,11,51,28,71,90,4,34,41,101,89" hai2="80,38,76,128,25,121,129,33,27,67,49,104,92" hai3="47,113,46,115,74,96,132,63,1,52,133,45,119"/><U44/><E71/><V32/><F121/><W131/><G1/><T17/><D112/><N who="3" m="43081" /><G96/><T7/><D35/><N who="2" m="13386" /><F38/><W118/><G74/><T60/><D102/><U84/><E135/><N who="3" m="51786" /><G131/><N who="2" m="50249" /><F104/><W42/><G42/><T57/><D7/><U126/><E28/><V61/><F49/><W68/><G68/><T77/><D77/><U123/><E41/><V120/><F92/><W37/><G37/><T83/><D83/><U48/><E51/><V72/><F120/><W97/><G97/><N who="0" m="57543" /><D43/><U54/><E48/><V109/><F109/><W106/><G106/><T2/><D2/><U23/><E110/><V22/><F22/><W95/><G95/><T62/><D36/><U29/><E34/><V130/><N who="2" m="50257" /><V99/><DORA hai="91" /><F99/><W59/><AGARI ba="1,0" hai="45,46,47,52,59,63,118,119" m="51786,43081" machi="59" ten="40,8000,1" yaku="20,1,34,2,54,1" doraHai="93,91" who="3" fromWho="3" sc="380,-21,337,-41,49,-21,234,83" /><INIT seed="2,0,0,2,2,65" ten="359,296,28,317" oya="2" hai0="80,74,39,93,27,60,57,114,128,20,19,30,79" hai1="50,26,32,108,33,11,88,67,14,43,24,54,123" hai2="2,84,46,25,115,10,70,18,42,99,103,118,92" hai3="89,59,13,64,116,102,29,52,94,3,127,83,35"/><V28/><F115/><W49/><G3/><T97/><D39/><U113/><E113/><V12/><F118/><W76/><G116/><T75/><D128/><U81/><E43/><V125/><F125/><W77/><G127/><T51/><D51/><U86/><E108/><V78/><F2/><W47/><G35/><T66/><D114/><U126/><E126/><V58/><F58/><W82/><G29/><T44/><D44/><N who="1" m="27975" /><E67/><V129/><F129/><W4/><G102/><T134/><D134/><U16/><E123/><V23/><F70/><W104/><G104/><T48/><D48/><U56/><E56/><V95/><F46/><W41/><G64/><T63/><D63/><U101/><E101/><V96/><F42/><W17/><G4/><T121/><D121/><U9/><E9/><V6/><F78/><N who="3" m="30315" /><G59/><T69/><D19/><U90/><E90/><N who="2" m="53319" /><F96/><N who="3" m="57423" /><G41/><T117/><D117/><U87/><E87/><V40/><F40/><W73/><G73/><T107/><D107/><U122/><E122/><V68/><F68/><W72/><G72/><T124/><D124/><U0/><E0/><V85/><F85/><W131/><G131/><T133/><D133/><U120/><E120/><V119/><F119/><W45/><G47/><T15/><D75/><U22/><E33/><V8/><F8/><AGARI ba="0,0" hai="8,13,17,45,49,52,82,83" m="57423,30315" machi="8" ten="30,2000,0" yaku="8,1,54,1" doraHai="65" who="3" fromWho="2" sc="359,0,296,0,28,-20,317,20" /><INIT seed="3,0,0,0,1,51" ten="359,296,8,337" oya="3" hai0="31,134,122,27,15,73,80,62,12,19,109,5,47" hai1="71,25,10,50,128,17,118,57,125,16,83,135,61" hai2="41,63,20,40,0,29,56,92,44,67,95,79,110" hai3="106,38,123,111,14,60,77,58,94,6,124,68,22"/><W116/><G123/><T23/><D122/><U130/><E71/><V45/><F0/><W81/><G106/><T86/><D73/><U72/><E125/><V35/><F35/><W101/><G38/><T105/><D105/><U82/><E135/><V133/><F79/><W65/><G116/><T100/><D100/><U102/><E102/><V132/><F110/><W4/><G124/><T32/><D109/><U76/><E83/><V46/><F132/><W48/><G111/><T59/><D47/><N who="2" m="12034" /><V107/><DORA hai="96" /><F107/><W39/><G39/><T98/><D98/><U52/><E118/><V13/><F133/><W8/><G22/><T115/><D5/><U119/><E119/><V121/><F121/><W78/><G4/><T88/><D115/><U36/><E36/><V43/><F13/><W97/><REACH who="3" step="1"/><G81/><REACH who="3" ten="359,296,8,327" step="2"/><T21/><D134/><U99/><E128/><V24/><AGARI ba="0,1" hai="20,24,29,40,41,43,56,63,67,92,95" m="12034" machi="24" ten="40,1500,0" yaku="8,1" doraHai="51,96" who="2" fromWho="2" sc="359,-4,296,-4,8,25,327,-7" /><INIT seed="4,0,0,4,4,90" ten="355,292,33,320" oya="0" hai0="44,127,75,107,70,128,22,76,48,79,42,61,68" hai1="120,12,27,135,94,105,73,112,15,63,57,20,87" hai2="14,102,71,126,125,101,67,122,56,7,119,106,64" hai3="133,1,46,30,116,86,43,35,62,58,110,117,78"/><T34/><D34/><U121/><E73/><V11/><F122/><W29/><G1/><T124/><D107/><U36/><E36/><V66/><F71/><W103/><G110/><T5/><D5/><U13/><E105/><V93/><F106/><W19/><G133/><T33/><D33/><U96/><E87/><V84/><F56/><W24/><G103/><T85/><D75/><U21/><E135/><V39/><F39/><W83/><G29/><T40/><D40/><U129/><E129/><V17/><F119/><W31/><G31/><T0/><D0/><U65/><E112/><V52/><F52/><W89/><G19/><T37/><D37/><U50/><E50/><V114/><F114/><W95/><G46/><T118/><D118/><U92/><E92/><V74/><F74/><W16/><G16/><T134/><D128/><U8/><E8/><V130/><F130/><W72/><REACH who="3" step="1"/><G43/><REACH who="3" ten="355,292,33,310" step="2"/><T38/><D134/><U115/><E115/><V81/><F17/><W55/><AGARI ba="0,1" hai="24,30,35,55,58,62,72,78,83,86,89,95,116,117" machi="55" ten="20,12000,2" yaku="1,1,2,1,0,1,7,1,52,1,53,1" doraHai="90" doraHaiUra="82" who="3" fromWho="3" sc="355,-60,292,-30,33,-30,310,130" /><INIT seed="5,0,0,0,5,73" ten="295,262,3,440" oya="1" hai0="84,65,135,45,44,40,72,49,4,130,121,13,18" hai1="50,95,76,111,83,127,5,125,48,39,47,123,51" hai2="117,64,133,17,102,87,7,56,119,46,122,10,31" hai3="11,115,25,110,113,36,6,126,68,53,109,99,128"/><U80/><E123/><V98/><F122/><W103/><G68/><T35/><D72/><U90/><E5/><V15/><F133/><W91/><G36/><T59/><D35/><U74/><E83/><V71/><F71/><W34/><G91/><T37/><D135/><U63/><E63/><N who="2" m="37991" /><F31/><N who="3" m="19823" /><G53/><T42/><D130/><U75/><E75/><V2/><F87/><W16/><G16/><T132/><D121/><U58/><E58/><V62/><F62/><W107/><G126/><N who="1" m="48138" /><E39/><V60/><F46/><W66/><G66/><T82/><D132/><U129/><E129/><V116/><F60/><W21/><G128/><T30/><D59/><U8/><E8/><N who="2" m="2167" /><F116/><W61/><G61/><T70/><D65/><U14/><E14/><V100/><F100/><W93/><G103/><T43/><D70/><U27/><E27/><V55/><F55/><W22/><G6/><T85/><D4/><U12/><E12/><V38/><F38/><W134/><G134/><T1/><D1/><U52/><E111/><V41/><F41/><W108/><G108/><T32/><D42/><U33/><E33/><V92/><F119/><W131/><G110/><T26/><D82/><U86/><AGARI ba="0,0" hai="47,48,50,51,52,74,76,80,86,90,95" m="48138" machi="86" ten="30,6000,0" yaku="18,1,52,1,54,1" doraHai="73" who="1" fromWho="1" sc="295,-20,262,60,3,-20,440,-20" owari="275,-12.0,322,12.0,-17,-52.0,420,52.0" /></mjloggm>