<mjloggm ver="2.3"><GO type="97" lobby="0"/><UN n0="%E5%B0%B1%E6%B4%BB%E7%94%9F%40%E5%B7%9D%E6%9D%91%E8%BB%8D%E5%9B%A3" n1="%E7%A5%9E%E4%BB%A3%E3%81%AE%E5%B0%8F%E8%90%8C" n2="%E3%80%8A%E6%84%9B%E7%94%9F%E3%80%8B" n3="%E3%81%90%E3%83%BC%E3%81%B5%E3%81%83%E3%83%BC" dan="15,15,13,14" rate="2021.19,1994.63,1826.59,1921.66" sx="M,F,M,M"/><TAIKYOKU oya="0"/><INIT seed="0,0,0,3,0,75" ten="250,250,250,250" oya="0" hai0="132,100,2,8,94,13,133,23,6,79,129,73,131" hai1="41,12,62,65,14,128,57,98,101,68,110,124,9" hai2="76,32,112,97,48,34,105,40,93,33,24,102,37" hai3="115,54,88,130,51,81,55,63,59,69,107,16,47"/><T52/><D100/><U53/><E124/><V85/><F112/><W15/><G130/><N who="0" m="49675" /><D94/><U92/><E128/><V21/><F37/><W127/><G115/><T19/><D52/><U25/><E110/><V116/><F116/><W0/><G127/><T71/><D71/><U78/><E78/><V58/><F58/><W122/><G122/><T108/><D108/><U18/><E41/><V135/><F135/><N who="0" m="51786" /><D73/><U35/><E68/><V56/><F56/><W77/><G0/><T83/><D83/><U61/><E65/><V22/><F24/><W29/><G29/><T67/><D67/><U86/><E62/><V20/><F48/><W114/><G114/><T42/><D42/><U4/><E86/><V120/><F40/><W121/><G121/><T27/><D79/><U11/><REACH who="1" step="1"/><E35/><REACH who="1" ten="250,240,250,250" step="2"/><V5/><F120/><W7/><G69/><T111/><D111/><U45/><E45/><V96/><F34/><W90/><G107/><T118/><D118/><U134/><E134/><V72/><F33/><W84/><REACH who="3" step="1"/><G7/><REACH who="3" ten="250,240,250,240" step="2"/><T30/><D2/><U82/><E82/><V109/><F5/><AGARI ba="0,2" hai="5,6,8,13,19,23,27,30" m="51786,49675" machi="5" ten="30,11600,0" yaku="19,1,20,1,34,2" doraHai="75" who="0" fromWho="2" sc="250,136,240,0,250,-116,240,0" /><INIT seed="0,1,0,2,0,106" ten="386,240,134,240" oya="0" hai0="87,132,37,26,14,76,99,72,32,16,94,112,15" hai1="63,97,17,114,6,9,104,20,107,48,18,71,101" hai2="4,23,21,52,67,68,30,10,119,55,47,110,29" hai3="95,116,128,88,109,38,60,45,13,86,125,134,41"/><T3/><D37/><U108/><E108/><V130/><F110/><W12/><G116/><T81/><D3/><U131/><E131/><V82/><F130/><W33/><G109/><T124/><D112/><U64/><E114/><V84/><F119/><W85/><G128/><T49/><D124/><U93/><E48/><V102/><F102/><W28/><G125/><T74/><D132/><U127/><E127/><V57/><F68/><W42/><G134/><T123/><D123/><U126/><E126/><V98/><F98/><W39/><G60/><T35/><D49/><U56/><E71/><V8/><F67/><W66/><G66/><T7/><D7/><U19/><REACH who="1" step="1"/><E20/><REACH who="1" ten="386,230,134,240" step="2"/><V11/><F23/><W1/><G39/><T113/><D113/><U73/><E73/><V46/><F21/><W54/><G38/><T70/><D70/><U90/><E90/><N who="2" m="51479" /><F4/><W75/><G33/><T117/><D117/><U31/><E31/><N who="2" m="11787" /><F55/><W111/><G75/><T2/><D35/><U96/><E96/><V50/><AGARI ba="1,1" hai="8,10,11,46,47,50,52,57" m="11787,51479" machi="50" ten="30,2000,0" yaku="8,1,54,1" doraHai="106" who="2" fromWho="2" sc="386,-11,230,-6,134,33,240,-6" /><INIT seed="1,0,0,4,1,53" ten="375,224,167,234" oya="1" hai0="105,100,84,6,101,82,120,73,76,36,47,114,134" hai1="42,60,80,2,16,55,71,117,65,79,29,15,88" hai2="58,127,49,21,98,74,23,5,128,96,69,54,86" hai3="41,87,109,59,97,18,111,102,133,64,107,24,26"/><U124/><E117/><V25/><F128/><W44/><G133/><T8/><D114/><U70/><E2/><V108/><F127/><W129/><G129/><T37/><D134/><U99/><E124/><V83/><F108/><N who="3" m="41547" /><G18/><T48/><D120/><U103/><E42/><V126/><F69/><W104/><G104/><T43/><D73/><U81/><E55/><V45/><F74/><W0/><G0/><T46/><D105/><U12/><E29/><V38/><F38/><N who="3" m="21559" /><G87/><T13/><D37/><U112/><E112/><V39/><F39/><W135/><G135/><T92/><D92/><N who="1" m="56711" /><E71/><V130/><F5/><W17/><G17/><T115/><D115/><U14/><E70/><V95/><F130/><W125/><G125/><T31/><D31/><U85/><E65/><V3/><F3/><W34/><G34/><T28/><D28/><U122/><E122/><V123/><F123/><W32/><G32/><T27/><D27/><N who="3" m="10281" /><G64/><T51/><D36/><U68/><E68/><V89/><F23/><W116/><G116/><T1/><D1/><U106/><E106/><V93/><F126/><W77/><G77/><T78/><D78/><U33/><E33/><V118/><F118/><W66/><G66/><T75/><D75/><N who="1" m="43135" /><E60/><N who="2" m="35927" /><F98/><W94/><G107/><T11/><D11/><N who="1" m="6175" /><E103/><V62/><F62/><W40/><G40/><AGARI ba="0,0" hai="6,8,13,40,43,46,47,48,51,76,82,84,100,101" machi="40" ten="30,8000,1" yaku="7,1,9,1,25,2,8,1" doraHai="53" who="0" fromWho="3" sc="375,80,224,0,167,0,234,-80" /><INIT seed="2,0,0,4,4,50" ten="455,224,167,154" oya="2" hai0="105,65,109,54,81,11,41,68,36,12,107,22,19" hai1="56,131,108,122,51,6,117,40,89,10,47,104,123" hai2="0,17,31,85,13,7,125,35,134,124,118,5,128" hai3="39,88,59,100,34,48,80,99,91,38,29,83,62"/><V127/><F85/><W94/><G34/><T76/><D109/><U98/><E117/><V37/><F37/><W64/><G29/><T84/><D36/><U9/><E108/><V45/><F45/><W14/><G39/><T77/><D41/><U103/><E131/><V71/><F71/><W73/><G38/><T53/><D76/><U44/><E47/><V75/><F75/><W21/><G73/><T87/><D68/><U112/><E89/><N who="3" m="34378" /><G48/><T63/><D87/><U25/><E25/><N who="2" m="18927" /><F118/><W69/><G69/><T1/><D105/><U92/><E112/><V32/><F32/><W132/><G132/><T18/><D107/><U27/><E104/><V58/><F58/><W126/><G126/><T133/><D133/><U130/><E56/><V115/><F134/><W119/><G119/><T67/><D1/><N who="1" m="207" /><E130/><V129/><F115/><W72/><G72/><T60/><D60/><U52/><E27/><V135/><F135/><W28/><G14/><T66/><D63/><U97/><E10/><N who="2" m="2343" /><F7/><W82/><G82/><T86/><D86/><U57/><E98/><V74/><F74/><W61/><G61/><T8/><D8/><AGARI ba="0,0" hai="8,13,17,124,125,127,128,129" m="2343,18927" machi="8" ten="30,5800,0" yaku="18,1,34,2" doraHai="50" who="2" fromWho="0" sc="455,-58,224,0,167,58,154,0" /><INIT seed="2,1,0,1,1,9" ten="397,224,225,154" oya="2" hai0="86,46,31,109,11,18,107,19,30,24,111,56,64" hai1="128,125,66,79,134,57,27,53,45,78,14,73,118" hai2="123,38,135,62,98,67,39,37,82,71,28,84,25" hai3="6,1,87,68,70,48,60,88,81,3,89,26,85"/><V4/><F135/><W75/><G75/><T72/><D72/><U116/><E128/><V91/><F123/><W42/><G26/><T122/><D107/><U129/><E129/><V93/><F4/><W94/><G6/><T132/><D132/><U96/><E134/><V63/><F63/><W54/><G42/><T51/><D122/><U5/><E125/><V47/><F47/><W104/><G104/><T8/><D86/><U102/><E73/><V127/><F127/><W114/><G114/><T44/><D64/><U130/><E130/><V76/><REACH who="2" step="1"/><F39/><REACH who="2" ten="397,224,215,154" step="2"/><W80/><G94/><T0/><D0/><U41/><E116/><V49/><F49/><W108/><G108/><T115/><D46/><U20/><E118/><V126/><F126/><W17/><G60/><T103/><D44/><U77/><E45/><V23/><AGARI ba="1,1" hai="23,25,28,37,38,62,67,71,76,82,84,91,93,98" machi="23" ten="20,7800,0" yaku="1,1,0,1,7,1,53,1" doraHai="9" doraHaiUra="95" who="2" fromWho="2" sc="397,-27,224,-27,215,91,154,-27" /><INIT seed="2,2,0,0,3,115" ten="370,197,306,127" oya="2" hai0="85,81,13,133,58,4,40,8,2,37,21,22,5" hai1="108,120,68,116,88,96,111,35,67,49,60,43,23" hai2="92,16,94,130,65,73,118,69,104,105,75,29,66" hai3="17,79,128,20,107,36,131,127,126,54,9,90,95"/><V63/><F118/><W57/><G36/><T123/><D123/><U10/><E35/><V62/><F130/><N who="3" m="49707" /><G107/><T7/><D133/><U11/><E120/><V28/><F16/><W0/><G79/><N who="0" m="46271" /><D37/><U99/><E116/><V52/><REACH who="2" step="1"/><F52/><REACH who="2" ten="370,197,296,127" step="2"/><W74/><G9/><T124/><D2/><U38/><E23/><N who="0" m="8713" /><D124/><N who="3" m="47657" /><G0/><T86/><D40/><U45/><E11/><V61/><F61/><W51/><G74/><T119/><D119/><U134/><E10/><V91/><F91/><W76/><G76/><T87/><D58/><U106/><E88/><V103/><F103/><W122/><G122/><T89/><D89/><U109/><E106/><V15/><F15/><N who="3" m="9279" /><G90/><T27/><D27/><U26/><E26/><V82/><F82/><W129/><N who="3" m="49715" /><W84/><DORA hai="101" /><G84/><AGARI ba="2,1" hai="4,5,7,8,13,84,86,87" m="8713,46271" machi="84" ten="30,1000,0" yaku="8,1" doraHai="115,101" who="0" fromWho="3" sc="370,26,197,0,296,0,127,-16" /><INIT seed="3,0,0,0,4,64" ten="396,197,296,111" oya="3" hai0="75,94,51,5,52,89,58,12,86,66,18,127,135" hai1="42,25,99,44,88,10,71,96,84,65,35,91,26" hai2="79,46,9,106,22,68,39,7,90,98,115,103,123" hai3="50,53,6,36,132,40,72,126,41,112,128,121,95"/><W33/><G121/><T109/><D75/><U100/><E10/><V116/><F115/><W60/><G112/><T78/><D109/><U20/><E35/><V73/><F116/><W21/><G33/><T97/><D127/><U24/><E65/><V2/><F123/><W122/><G126/><T77/><D135/><U11/><E11/><V108/><F108/><W102/><G122/><T70/><D5/><U45/><E71/><V17/><F68/><W133/><G128/><T54/><D70/><U80/><E91/><V15/><F39/><W23/><G72/><T111/><D66/><U74/><E74/><V110/><F110/><W27/><G60/><N who="0" m="35911" /><D97/><U0/><E0/><V49/><F79/><W29/><G6/><T31/><D31/><U131/><E131/><V61/><F73/><W85/><G36/><T59/><D111/><U118/><E118/><V34/><F61/><W38/><G21/><AGARI ba="0,0" hai="12,18,21,51,54,59,77,78,86,89,94" m="35911" machi="21" ten="30,3900,0" yaku="25,1,8,1,54,1" doraHai="64" who="0" fromWho="3" sc="396,39,197,0,296,0,111,-39" owari="435,53.0,197,-20.0,296,10.0,72,-43.0" /></mjloggm>