<mjloggm ver="2.3"><GO type="41" lobby="0"/><UN n0="%47%E3%82%A8%E3%83%94%E3%82%AA%E3%83%B3" n1="%E6%8A%80%E8%A1%93%E9%9D%A9%E6%96%B0" n2="%E3%82%AD%E3%83%A3%E3%83%A1%E3%83%AB" n3="%E5%B0%B1%E6%B4%BB%E7%94%9F%40%E5%B7%9D%E6%9D%91%E8%BB%8D%E5%9B%A3" dan="15,14,14,15" rate="1998.59,1963.29,1979.99,1991.25" sx="F,M,M,M"/><TAIKYOKU oya="0"/><INIT seed="0,0,0,0,2,93" ten="250,250,250,250" oya="0" hai0="32,64,2,41,83,21,60,44,126,43,121,25,98" hai1="88,34,120,53,90,42,36,110,124,33,116,127,8" hai2="28,99,47,10,66,15,79,122,58,115,55,130,5" hai3="1,72,4,101,112,67,52,0,11,6,3,69,128"/><T123/><D2/><U100/><E120/><V26/><F122/><W71/><G112/><T73/><D32/><U113/><E113/><V57/><F115/><W114/><G114/><T111/><D126/><N who="1" m="48171" /><E116/><V89/><F130/><W86/><G72/><T40/><D44/><N who="1" m="23623" /><E110/><V50/><F79/><W125/><G125/><T96/><D111/><U75/><E75/><V61/><F89/><N who="1" m="34409" /><E8/><V129/><F129/><W91/><G128/><T70/><D123/><U135/><E135/><V18/><F99/><W56/><G101/><T134/><D134/><U20/><E20/><V49/><F5/><W62/><G4/><T105/><D121/><U132/><E132/><V102/><F102/><W48/><REACH who="3" step="1"/><G71/><REACH who="3" ten="250,250,250,240" step="2"/><T119/><D119/><U13/><E100/><V17/><F17/><W65/><G65/><T80/><D105/><U97/><E34/><V29/><REACH who="2" step="1"/><F26/><REACH who="2" ten="250,250,240,240" step="2"/><W68/><G68/><T54/><D25/><U106/><E106/><V95/><F95/><AGARI ba="0,2" hai="0,1,3,6,11,48,52,56,62,67,69,86,91,95" machi="95" ten="30,3900,0" yaku="1,1,7,1,54,1,53,0" doraHai="93" doraHaiUra="76" who="3" fromWho="2" sc="250,0,250,0,240,-39,240,59" /><INIT seed="1,0,0,4,5,20" ten="250,250,201,299" oya="1" hai0="104,76,94,59,112,92,114,132,43,66,130,115,87" hai1="61,2,75,34,131,7,13,49,73,98,29,23,82" hai2="113,21,50,110,16,72,25,55,74,8,95,33,62" hai3="5,99,40,17,71,119,67,46,109,44,128,28,78"/><U26/><E131/><V91/><F110/><W41/><G128/><T111/><D130/><U6/><E49/><V100/><F100/><W4/><G119/><T102/><D104/><U118/><E118/><V19/><F113/><W79/><G109/><T37/><D111/><U86/><E98/><V24/><F62/><W125/><G125/><T32/><D32/><U9/><E61/><V116/><F116/><W105/><G28/><T123/><D123/><U30/><E7/><V121/><F121/><W127/><G127/><T58/><D132/><U134/><E134/><V60/><F60/><W39/><G17/><T53/><D66/><U56/><E56/><V107/><F107/><W18/><G18/><T11/><D11/><U0/><E0/><V126/><F126/><W52/><G71/><T12/><D59/><U90/><E30/><V22/><F33/><W70/><G70/><T65/><D65/><U96/><E96/><V36/><F36/><W103/><G67/><T120/><D120/><U106/><E106/><V124/><F8/><W42/><G42/><T27/><D43/><U84/><REACH who="1" step="1"/><E86/><REACH who="1" ten="250,240,201,299" step="2"/><V48/><F124/><W51/><G5/><T97/><D97/><U108/><E108/><V83/><F74/><W135/><G135/><T64/><D115/><U101/><E101/><V54/><F50/><W31/><G4/><T38/><D102/><U85/><E85/><N who="2" m="52719" /><F48/><W1/><G1/><T35/><D114/><U15/><E15/><V77/><F72/><W81/><G31/><N who="0" m="19967" /><D12/><U89/><E89/><V10/><F10/><W117/><G117/><T47/><D112/><RYUUKYOKU ba="0,1" sc="250,-15,240,15,201,15,299,-15" hai1="2,6,9,13,23,26,29,34,73,75,82,84,90" hai2="16,19,21,22,24,25,54,55,77,83" /><INIT seed="1,1,1,5,0,23" ten="235,255,216,284" oya="1" hai0="21,65,59,4,132,134,5,118,18,53,40,82,100" hai1="32,70,48,6,86,15,79,60,26,95,42,101,116" hai2="57,104,84,130,96,20,129,131,105,8,98,3,133" hai3="68,94,2,10,89,73,46,38,28,11,61,120,110"/><U66/><E116/><V126/><F133/><N who="0" m="51306" /><D118/><U111/><E111/><V0/><F126/><W99/><G73/><T83/><D40/><U117/><E117/><V47/><F47/><W63/><G110/><T7/><D100/><U56/><E6/><V25/><F84/><W12/><G120/><T123/><D65/><U69/><E15/><V92/><F57/><W107/><G107/><N who="2" m="41033" /><F8/><W30/><G2/><N who="2" m="553" /><F92/><W103/><G11/><T43/><D43/><U51/><E70/><V54/><F54/><W71/><G103/><T109/><D123/><U78/><E69/><V75/><F75/><W112/><G68/><T125/><D125/><U64/><E64/><V35/><F35/><W72/><G72/><T1/><D1/><U37/><E37/><V34/><F34/><W91/><G71/><T49/><D109/><U108/><E108/><V16/><AGARI ba="1,1" hai="16,20,25,96,98,129,130,131" m="553,41033" machi="16" ten="40,5200,0" yaku="19,1,52,1,54,1" doraHai="23" who="2" fromWho="2" sc="235,-14,255,-27,216,65,284,-14" /><INIT seed="2,0,0,1,0,12" ten="221,228,281,270" oya="2" hai0="71,33,132,80,4,24,44,58,94,69,127,28,13" hai1="109,119,86,133,128,85,7,1,29,62,100,45,70" hai2="56,26,67,110,78,22,87,111,120,48,10,135,79" hai3="88,92,98,23,53,41,27,134,16,35,81,64,72"/><V76/><F120/><W66/><G134/><T49/><D132/><U73/><E73/><V3/><F135/><W101/><G35/><T125/><D80/><U108/><E133/><V11/><F87/><N who="3" m="50287" /><G72/><T93/><D58/><U105/><E119/><V47/><F3/><W50/><G41/><N who="0" m="24719" /><D4/><U90/><E128/><V0/><F0/><W38/><G38/><T95/><D13/><U37/><E29/><V52/><F67/><W21/><G21/><T5/><D5/><U54/><E105/><V30/><REACH who="2" step="1"/><F56/><AGARI ba="0,0" hai="16,23,27,50,53,56,64,66,92,98,101" m="50287" machi="56" ten="30,7700,0" yaku="8,1,52,1,54,2" doraHai="12" who="3" fromWho="2" sc="221,0,228,0,281,-77,270,77" /><INIT seed="3,0,0,0,1,6" ten="221,228,204,347" oya="3" hai0="109,107,41,69,81,94,114,51,103,29,134,87,32" hai1="1,91,77,110,49,93,113,117,132,44,37,76,19" hai2="18,12,89,11,74,122,31,4,47,121,70,9,131" hai3="129,48,50,59,71,15,45,8,84,16,83,85,86"/><W125/><G71/><T25/><D69/><U46/><E113/><V61/><F74/><W0/><G129/><T42/><D114/><U14/><E110/><V116/><F116/><W98/><G125/><T105/><D109/><U126/><E117/><V90/><F131/><W112/><G112/><T53/><D134/><U118/><E1/><V3/><F47/><W2/><G98/><T10/><D10/><U28/><E28/><V102/><F102/><W79/><G2/><T56/><D94/><U33/><E33/><V124/><F124/><W100/><G100/><T62/><D62/><U88/><E118/><V52/><F31/><W128/><G128/><T119/><D119/><U72/><E72/><V101/><F101/><W7/><G59/><T82/><D82/><U27/><E27/><V43/><F43/><W60/><G60/><T64/><D64/><U17/><E126/><V38/><F38/><W111/><G111/><T135/><D135/><U104/><E104/><V34/><F34/><W130/><G130/><T58/><D58/><U39/><E132/><V68/><F68/><W22/><G50/><T26/><D26/><U57/><E57/><N who="2" m="34983" /><F70/><W30/><G30/><T35/><D35/><U73/><E73/><V66/><F66/><W54/><AGARI ba="0,0" hai="0,7,8,15,16,22,45,48,54,79,83,84,85,86" machi="54" ten="20,7800,0" yaku="0,1,7,1,52,1,54,1" doraHai="6" who="3" fromWho="3" sc="221,-26,228,-26,204,-26,347,78" /><INIT seed="3,1,0,1,3,25" ten="195,202,178,425" oya="3" hai0="21,28,5,127,48,60,129,112,119,55,52,134,64" hai1="132,90,2,58,106,122,11,8,126,1,14,135,88" hai2="96,71,69,108,22,23,0,70,72,77,75,104,67" hai3="41,121,61,128,38,95,39,74,97,36,57,9,107"/><W30/><G107/><T17/><D119/><U16/><E106/><V89/><F67/><W49/><G121/><T123/><D123/><U124/><E122/><V116/><F116/><W3/><G74/><T54/><D129/><U114/><E114/><V118/><F118/><W26/><G128/><T91/><D112/><U47/><E47/><V102/><F0/><W131/><G131/><T51/><D134/><N who="1" m="51243" /><E58/><V59/><F59/><W29/><G41/><T32/><D127/><N who="1" m="48683" /><E8/><V113/><F113/><W94/><G94/><T79/><D5/><U34/><E34/><V62/><F62/><W53/><G39/><T42/><D42/><U12/><E12/><V87/><F75/><W103/><G38/><T19/><D32/><U37/><E37/><V43/><F43/><W92/><G36/><T56/><D79/><U84/><E84/><V65/><F65/><W130/><G130/><T76/><D76/><U111/><E111/><V6/><F108/><W20/><G92/><T98/><D48/><U109/><E109/><V44/><F44/><N who="3" m="27815" /><G9/><T10/><D10/><U125/><N who="1" m="48691" /><U68/><DORA hai="93" /><E68/><V86/><F86/><W105/><G3/><AGARI ba="1,0" hai="1,2,3,11,14,16,88,90" m="48691,51243" machi="3" ten="50,8000,1" yaku="20,1,18,1,54,2" doraHai="25,93" who="1" fromWho="3" sc="195,0,202,83,178,0,425,-83" /><INIT seed="4,0,0,0,3,12" ten="195,285,178,342" oya="0" hai0="72,82,118,8,25,43,85,17,51,89,48,2,64" hai1="1,93,60,119,58,92,90,18,30,61,70,41,97" hai2="86,46,37,53,91,108,101,71,16,112,88,65,55" hai3="19,22,68,56,28,125,81,98,59,78,131,120,135"/><T79/><D118/><U9/><E119/><V6/><F108/><W123/><G68/><T122/><D122/><N who="3" m="46633" /><G131/><T111/><D111/><U47/><E30/><V104/><F6/><W129/><G129/><T39/><D64/><U128/><E128/><V80/><F112/><W63/><G28/><T7/><D25/><U35/><E35/><V20/><F104/><W114/><G114/><T13/><D89/><U0/><E70/><V49/><F101/><W133/><G125/><T132/><D85/><U116/><E116/><V31/><F31/><W50/><G98/><T74/><D74/><U44/><E93/><V105/><F105/><W77/><G50/><T110/><D132/><N who="3" m="50761" /><G63/><T62/><D62/><U107/><E61/><V76/><F37/><W57/><G81/><T34/><D34/><U4/><E107/><V10/><F71/><W33/><G33/><T115/><D115/><U24/><E60/><V5/><F65/><W11/><G11/><N who="0" m="6335" /><D110/><U113/><E113/><V42/><F42/><W124/><G124/><T66/><D66/><U134/><E41/><V45/><F55/><W29/><G29/><T127/><D127/><U75/><E134/><V126/><F126/><W40/><G40/><T38/><D38/><U32/><E97/><V117/><F117/><W103/><G103/><T94/><D94/><U99/><E32/><V121/><F121/><W36/><G36/><T14/><D39/><U26/><E92/><V84/><F53/><W52/><G52/><T100/><D43/><U3/><E99/><V96/><F49/><N who="0" m="19018" /><D100/><U67/><E67/><V73/><F96/><RYUUKYOKU ba="0,0" sc="195,15,285,-15,178,-15,342,15" hai0="2,7,8,14,72,79,82" hai3="19,22,56,57,59,77,78" /><INIT seed="4,1,0,4,5,116" ten="210,270,163,357" oya="0" hai0="121,127,32,118,110,15,33,41,101,66,61,135,29" hai1="129,130,89,11,113,86,58,4,95,27,119,19,94" hai2="14,131,12,2,92,62,115,125,79,134,36,26,13" hai3="47,108,9,31,106,65,120,42,45,39,44,50,3"/><T25/><D118/><U28/><E119/><V48/><F36/><W21/><G108/><T20/><D110/><U114/><E19/><V72/><F2/><W53/><G106/><T76/><D135/><U23/><E58/><V34/><F134/><W133/><G133/><T103/><D127/><U102/><E95/><V99/><F125/><W83/><G65/><T16/><D41/><U128/><REACH who="1" step="1"/><E102/><REACH who="1" ten="210,260,163,357" step="2"/><V124/><F92/><W123/><G45/><T73/><D103/><U56/><E56/><V5/><F124/><W122/><G83/><T81/><D101/><U132/><E132/><V74/><F99/><W24/><G9/><T35/><REACH who="0" step="1"/><D121/><REACH who="0" ten="200,260,163,357" step="2"/><U30/><E30/><V87/><F74/><W64/><G64/><T109/><D109/><U63/><E63/><V78/><F72/><W104/><G104/><T105/><D105/><U0/><AGARI ba="1,2" hai="0,4,11,23,27,28,86,89,94,113,114,128,129,130" machi="0" ten="40,5200,0" yaku="1,1,0,1,19,1,53,0" doraHai="116" doraHaiUra="69" who="1" fromWho="1" sc="200,-27,260,75,163,-14,357,-14" /><INIT seed="5,0,0,2,2,102" ten="173,335,149,343" oya="1" hai0="106,133,128,12,97,18,29,41,78,92,47,39,132" hai1="112,13,123,33,26,76,34,95,81,127,51,101,27" hai2="61,125,63,94,10,0,105,126,114,96,83,62,134" hai3="28,104,122,14,120,55,107,130,115,84,77,88,46"/><U118/><E123/><N who="3" m="47146" /><G28/><T59/><D128/><U5/><E118/><V21/><F134/><N who="0" m="51818" /><D29/><U25/><E127/><N who="2" m="48651" /><F114/><W129/><G55/><T65/><D78/><U54/><E112/><V68/><F83/><N who="3" m="49183" /><G14/><T86/><D86/><N who="1" m="48423" /><E33/><V124/><N who="2" m="48659" /><V3/><DORA hai="52" /><F68/><W110/><G110/><T66/><D106/><N who="3" m="40489" /><G115/><T93/><D59/><N who="1" m="33247" /><E34/><V40/><F40/><W30/><G30/><T57/><D57/><U91/><E101/><N who="2" m="62631" /><F21/><W75/><G46/><T99/><D66/><U17/><E5/><V90/><F10/><W121/><N who="3" m="47154" /><W49/><DORA hai="103" /><G49/><T35/><D65/><U44/><E44/><V45/><F45/><W98/><G98/><AGARI ba="0,0" hai="0,3,61,62,63,90,94,98" m="62631,48659" machi="98" ten="40,5200,0" yaku="18,1,52,2" doraHai="102,52,103" who="2" fromWho="3" sc="173,0,335,0,149,52,343,-52" /><INIT seed="6,0,0,4,3,60" ten="173,335,201,291" oya="2" hai0="4,101,36,44,111,129,16,57,94,28,63,42,67" hai1="31,123,53,132,127,25,110,126,55,95,76,120,47" hai2="8,20,7,32,96,88,58,23,21,79,6,17,87" hai3="108,84,48,103,52,61,74,35,22,92,112,122,62"/><V56/><F32/><W89/><G35/><T51/><D111/><U124/><E76/><V19/><F79/><W14/><G74/><T39/><D129/><U15/><E110/><V27/><F96/><N who="3" m="59783" /><G108/><T83/><D4/><U65/><E132/><V121/><F121/><N who="1" m="46665" /><E95/><V46/><F46/><N who="3" m="27671" /><G122/><T54/><D28/><U81/><E81/><N who="2" m="49263" /><F23/><W105/><G105/><T90/><D101/><U91/><E91/><V86/><F86/><W50/><G112/><T41/><D83/><U24/><E15/><N who="2" m="5527" /><F7/><W82/><G50/><T2/><D2/><U37/><E24/><AGARI ba="0,0" hai="17,19,20,21,24,27,56,58" m="5527,49263" machi="24" ten="30,2900,0" yaku="8,1,54,1" doraHai="60" who="2" fromWho="1" sc="173,0,335,-29,201,29,291,0" /><INIT seed="6,1,0,4,3,124" ten="173,306,230,291" oya="2" hai0="73,122,86,65,53,50,81,75,33,31,27,19,82" hai1="57,84,39,83,67,131,119,123,17,98,56,44,94" hai2="126,41,92,95,51,20,43,69,34,108,129,60,3" hai3="79,113,37,125,112,12,58,62,90,18,30,72,76"/><V6/><F34/><W2/><G2/><T96/><D122/><U8/><E119/><V132/><F126/><W14/><G37/><T114/><D114/><N who="3" m="44137" /><G125/><T35/><D35/><U133/><E123/><V54/><F108/><W9/><G72/><T88/><D65/><U40/><E133/><V21/><F132/><W55/><G30/><T91/><D82/><U63/><E131/><V61/><F3/><W101/><G101/><T130/><D130/><U13/><E57/><N who="2" m="32991" /><F6/><N who="3" m="3127" /><G90/><T117/><D117/><U52/><E67/><V120/><F129/><W47/><G47/><T26/><D26/><U64/><E64/><V1/><F69/><W106/><G106/><T78/><D19/><U115/><E115/><V28/><F1/><W121/><G121/><T29/><D29/><U100/><E84/><V0/><F0/><W16/><G18/><T134/><D134/><U32/><E32/><V23/><F28/><W107/><G107/><T110/><D110/><U74/><REACH who="1" step="1"/><E83/><REACH who="1" ten="173,296,230,291" step="2"/><V25/><F120/><W85/><G85/><T7/><D75/><AGARI ba="1,1" hai="8,13,17,39,40,44,52,56,63,74,75,94,98,100" machi="75" ten="40,5200,0" yaku="1,1,2,1,54,1,53,0" doraHai="124" doraHaiUra="66" who="1" fromWho="0" sc="173,-55,296,65,230,0,291,0" /><INIT seed="7,0,0,3,0,118" ten="118,361,230,291" oya="3" hai0="28,35,17,72,25,92,23,56,12,61,46,87,135" hai1="26,0,114,69,76,20,45,99,80,21,54,71,59" hai2="120,110,91,107,84,93,81,32,115,77,75,106,15" hai3="64,103,88,6,47,111,97,94,104,62,101,52,3"/><W4/><G111/><T113/><D72/><U102/><E0/><V34/><F15/><W65/><G3/><T98/><D135/><U5/><E5/><N who="3" m="2154" /><G104/><N who="2" m="39977" /><F34/><W130/><G130/><T79/><D113/><U13/><E114/><V119/><F32/><W68/><G68/><T133/><D133/><U121/><E121/><V53/><F53/><W100/><G62/><T41/><D35/><U67/><E69/><V73/><F110/><W63/><G47/><T70/><D70/><U60/><E71/><V96/><F119/><W7/><N who="3" m="2162" /><W123/><DORA hai="9" /><G123/><T82/><D46/><U132/><E45/><V22/><F22/><W51/><G51/><T10/><D41/><U48/><E132/><V31/><F31/><W112/><G112/><T24/><D24/><U85/><E13/><V36/><F36/><W40/><G40/><T30/><D30/><U78/><E26/><V86/><F115/><W37/><G37/><T39/><D39/><U89/><E21/><V131/><F131/><W42/><G42/><T16/><D28/><U90/><E20/><V105/><N who="2" m="39985" /><V134/><DORA hai="33" /><F134/><W55/><G63/><T18/><D18/><U8/><E60/><V83/><F120/><W125/><G125/><T29/><D29/><U14/><E48/><V19/><F19/><W127/><G127/><T49/><D49/><U124/><E124/><V95/><F95/><W1/><G1/><T44/><D44/><U11/><E14/><V58/><F58/><W108/><G108/><T50/><D50/><U126/><E126/><V128/><F128/><W122/><G122/><RYUUKYOKU ba="0,0" sc="118,-15,361,-15,230,15,291,15" hai2="73,75,77,81,83,84,86,91,93,96" hai3="52,55,64,65,88,94,97,100,101,103" /><INIT seed="7,1,0,5,3,62" ten="103,346,245,306" oya="3" hai0="40,54,114,79,127,89,110,15,128,77,100,123,35" hai1="81,108,65,91,51,45,1,104,80,61,11,118,25" hai2="48,63,102,86,105,60,122,24,30,95,39,6,3" hai3="66,36,53,88,101,106,83,37,28,9,67,126,115"/><W33/><G106/><T8/><D54/><U18/><E104/><V17/><F39/><W49/><G101/><T44/><D40/><U116/><E108/><V93/><F122/><W20/><G33/><T76/><D44/><U99/><E1/><V4/><F105/><W71/><G71/><T23/><D76/><U32/><E11/><V19/><F3/><W5/><G37/><T129/><D77/><U75/><E75/><V22/><F48/><W82/><G36/><T10/><D79/><U90/><E32/><V56/><F63/><W41/><G41/><T38/><D10/><U133/><E133/><V58/><F58/><N who="3" m="33071" /><G126/><T74/><D8/><U78/><E78/><V57/><F57/><W111/><G115/><T43/><D15/><U92/><E91/><V26/><F26/><N who="3" m="16455" /><G111/><T50/><D23/><N who="1" m="13559" /><E61/><V0/><F0/><W130/><G130/><T52/><D43/><N who="1" m="25023" /><E118/><V27/><F27/><W29/><G29/><T132/><D35/><U72/><E116/><V119/><F119/><W13/><G83/><N who="1" m="31818" /><E72/><V64/><F6/><W68/><G68/><T87/><D38/><U120/><E120/><V134/><F4/><W31/><G31/><T14/><D74/><U42/><E42/><V7/><F7/><W125/><G125/><T16/><D127/><U69/><E69/><V70/><F70/><W98/><G82/><T12/><D110/><U2/><E2/><V131/><F134/><W113/><G113/><T112/><D123/><U46/><E46/><V94/><F131/><N who="0" m="50250" /><D132/><U84/><E84/><V117/><F117/><W107/><G107/><T135/><D114/><RYUUKYOKU ba="1,0" sc="103,-15,346,15,245,-15,306,15" hai1="65,90,92,99" hai3="5,9,13,66,67,88,98" /><INIT seed="7,2,0,2,1,104" ten="88,361,230,321" oya="3" hai0="58,23,109,103,61,123,66,52,78,20,28,124,135" hai1="16,63,35,110,38,7,45,51,131,53,111,13,117" hai2="94,77,47,127,33,55,25,65,115,91,106,125,83" hai3="44,41,79,64,99,116,75,56,73,37,92,128,69"/><W10/><G116/><T121/><D109/><U72/><E35/><V130/><F106/><W132/><G69/><T88/><D135/><U32/><E72/><V68/><F115/><W134/><G79/><T48/><D124/><U120/><E32/><V105/><F105/><W119/><G119/><T74/><D103/><U14/><E117/><V21/><F130/><W82/><G82/><T34/><D123/><U102/><E120/><V5/><F33/><W60/><G10/><T67/><D121/><U86/><E102/><V39/><F5/><W26/><G26/><T107/><D34/><U0/><E131/><V50/><F39/><W36/><G36/><T133/><D107/><U59/><E38/><V31/><F68/><W8/><G8/><T17/><D133/><N who="3" m="51305" /><G128/><T15/><D67/><U57/><E0/><V27/><F27/><W101/><AGARI ba="2,0" hai="37,41,44,56,60,64,73,75,92,99,101" m="51305" machi="101" ten="30,6000,0" yaku="20,1,52,2" doraHai="104" who="3" fromWho="3" sc="88,-22,361,-22,230,-22,321,66" owari="66,-43.0,339,14.0,208,-19.0,387,48.0" /></mjloggm>