<mjloggm ver="2.3"><GO type="225" lobby="0"/><UN n0="%73%61%72%61%6B" n1="%E3%81%8D%E3%81%A6%E3%81%83%E2%98%86%E3%81%B1%E3%81%84" n2="%E3%83%88%E3%83%88%E3%83%AA%E5%85%88%E7%94%9F%31%39%E6%AD%B3" n3="%E9%87%98%E5%AE%AE%E7%97%85%E6%82%A3%E8%80%85" dan="16,16,18,16" rate="2088.00,2092.18,2269.56,2193.98" sx="M,F,F,F"/><TAIKYOKU oya="0"/><INIT seed="0,0,0,1,1,57" ten="250,250,250,250" oya="0" hai0="36,121,102,42,0,127,101,82,69,5,96,114,79" hai1="56,116,95,108,40,58,118,72,99,55,94,49,128" hai2="67,103,92,38,13,85,43,6,41,17,3,132,28" hai3="130,135,107,10,35,60,11,125,76,129,122,30,81"/><T104/><D121/><U123/><E72/><V39/><F132/><W105/><G135/><T98/><D114/><U37/><E123/><V91/><F28/><W111/><G111/><T29/><D127/><U15/><E108/><V50/><F6/><W115/><G115/><T71/><D29/><U45/><E128/><N who="3" m="49258" /><G122/><T124/><D124/><U77/><E77/><V22/><F3/><W134/><G134/><T31/><D31/><U75/><E75/><V20/><F20/><W54/><G125/><T46/><D98/><U14/><E95/><V33/><F33/><W27/><G10/><N who="0" m="2343" /><D102/><U90/><REACH who="1" step="1"/><E58/><REACH who="1" ten="250,240,250,250" step="2"/><V109/><F92/><W65/><G107/><T59/><D59/><U32/><E32/><V119/><F109/><W120/><G105/><T44/><D44/><U83/><E83/><V70/><F119/><AGARI ba="0,1" hai="14,15,37,40,45,49,55,56,90,94,99,116,118,119" machi="119" ten="40,2600,0" yaku="1,1,53,1" doraHai="57" doraHaiUra="84" who="1" fromWho="2" sc="250,0,240,36,250,-26,250,0" /><INIT seed="1,0,0,5,5,68" ten="250,276,224,250" oya="1" hai0="82,135,53,61,115,24,97,134,112,38,119,133,8" hai1="78,22,103,9,59,5,108,117,13,121,109,41,57" hai2="6,80,35,124,69,11,120,27,111,75,45,7,17" hai3="29,64,46,20,86,0,70,26,60,66,101,132,113"/><U19/><E121/><V34/><F120/><W130/><G113/><T126/><D119/><U79/><E103/><V72/><F69/><W50/><G132/><T25/><D126/><U15/><E117/><V67/><F67/><W110/><G110/><N who="1" m="42602" /><E41/><V71/><F71/><W98/><G130/><T100/><D82/><U102/><E102/><V84/><F111/><W55/><G86/><T12/><D38/><U48/><E59/><V54/><F124/><W81/><G81/><T107/><D53/><AGARI ba="0,0" hai="5,9,13,15,19,22,48,53,57,78,79" m="42602" machi="53" ten="30,2900,0" yaku="14,1,10,1" doraHai="68" who="1" fromWho="0" sc="250,-29,276,29,224,0,250,0" /><INIT seed="1,1,0,4,2,83" ten="221,305,224,250" oya="1" hai0="106,75,9,16,116,12,25,89,42,40,73,19,111" hai1="10,43,110,51,45,11,37,79,34,3,128,70,44" hai2="135,115,48,133,52,105,74,117,0,88,63,134,93" hai3="29,118,39,127,31,91,13,119,120,36,33,96,122"/><U22/><E34/><V20/><F117/><N who="3" m="44555" /><G13/><T109/><D116/><U72/><E70/><V87/><F0/><W102/><G91/><T95/><D106/><U82/><E128/><V1/><F1/><W54/><G54/><T61/><D61/><U35/><E35/><V125/><F125/><W104/><G127/><T58/><D58/><U55/><E3/><V132/><F132/><W107/><G107/><T94/><D25/><U129/><E129/><V23/><F115/><W108/><G108/><T41/><D19/><U8/><E110/><N who="0" m="41993" /><D95/><U80/><E80/><V17/><F105/><W112/><G112/><T4/><D4/><U67/><E67/><V14/><F74/><W92/><G92/><T2/><D2/><U124/><E124/><V130/><F130/><W131/><G131/><T27/><D27/><U98/><E98/><AGARI ba="1,0" hai="9,12,16,40,41,42,73,75,89,94,98" m="41993" machi="98" ten="30,2000,0" yaku="14,1,54,1" doraHai="83" who="0" fromWho="1" sc="221,23,305,-23,224,0,250,0" /><INIT seed="2,0,0,5,0,87" ten="244,282,224,250" oya="2" hai0="58,64,77,110,103,101,9,134,105,15,115,32,59" hai1="46,17,45,3,36,31,35,43,111,47,4,90,67" hai2="61,135,63,65,106,21,123,62,8,48,84,7,132" hai3="121,19,100,108,131,116,22,13,28,129,128,76,50"/><V40/><F123/><W72/><G121/><T104/><D115/><U91/><E111/><V44/><F106/><W75/><G116/><T113/><D113/><U10/><E67/><V12/><F65/><W24/><G108/><T57/><D64/><U29/><E35/><V86/><REACH who="2" step="1"/><F21/><REACH who="2" ten="244,282,214,250" step="2"/><W39/><G129/><T69/><D104/><U122/><E122/><V94/><F94/><W55/><G128/><T117/><D105/><U112/><E112/><V42/><F42/><W74/><G131/><T5/><D110/><U114/><E114/><V82/><F82/><W127/><G127/><T27/><D117/><U83/><E83/><V89/><F89/><W70/><G100/><T118/><D118/><U37/><E43/><V25/><F25/><W71/><G76/><T23/><D77/><U81/><E81/><V79/><F79/><W130/><G130/><T102/><D32/><U133/><E91/><V30/><F30/><W96/><G28/><N who="0" m="17535" /><D69/><U126/><E31/><V109/><F109/><W93/><G24/><T95/><D134/><AGARI ba="0,1" hai="7,8,12,40,44,48,61,62,63,84,86,132,134,135" machi="134" ten="40,3900,0" yaku="1,1,20,1,53,0" doraHai="87" doraHaiUra="68" who="2" fromWho="0" sc="244,-39,282,0,214,49,250,0" /><INIT seed="2,1,0,2,2,67" ten="205,282,263,250" oya="2" hai0="77,2,54,79,69,114,55,132,66,52,56,31,130" hai1="47,105,115,86,23,90,128,121,134,50,113,35,87" hai2="15,93,101,76,99,58,57,53,80,1,7,40,118" hai3="36,11,37,116,75,78,12,124,21,89,30,110,28"/><V17/><F118/><W0/><G116/><T61/><D2/><U10/><E35/><V126/><F126/><W39/><G124/><T97/><D114/><U41/><E105/><V131/><F131/><W29/><G110/><T94/><D130/><U104/><E104/><V27/><F27/><W117/><G117/><T3/><D3/><U106/><E106/><V9/><F40/><W135/><G135/><T70/><D132/><U133/><E128/><V26/><F53/><W83/><G0/><T100/><REACH who="0" step="1"/><D31/><REACH who="0" ten="195,282,263,250" step="2"/><U88/><E133/><V62/><F1/><W59/><G29/><T43/><D43/><U63/><E134/><V24/><F7/><W127/><G127/><T102/><D102/><U44/><E115/><V120/><F120/><W84/><G30/><T111/><D111/><U82/><E121/><V125/><F125/><W112/><G112/><T42/><D42/><U46/><E41/><V74/><F101/><W85/><G37/><T92/><D92/><U72/><E113/><V81/><F93/><W6/><G36/><T107/><D107/><U129/><E129/><V38/><F38/><W8/><G39/><T18/><D18/><U71/><E82/><V98/><F80/><W19/><G28/><T64/><D64/><U95/><E95/><V109/><F109/><W49/><G6/><T14/><D14/><U122/><E122/><V51/><F24/><W103/><G103/><T60/><D60/><U108/><E63/><V65/><F26/><W22/><G12/><T34/><D34/><U68/><E108/><V123/><F123/><W33/><G83/><RYUUKYOKU ba="1,1" sc="195,15,282,-15,263,15,250,-15" hai0="52,54,55,56,61,66,69,70,77,79,94,97,100" hai2="9,15,17,51,57,58,62,65,74,76,81,98,99" /><INIT seed="2,2,1,4,4,112" ten="210,267,278,235" oya="2" hai0="87,40,9,73,97,55,47,110,64,114,95,89,41" hai1="100,11,4,7,119,14,125,82,36,126,133,16,2" hai2="117,86,37,84,135,129,15,88,33,5,56,109,31" hai3="27,123,59,116,124,19,71,32,102,48,74,58,29"/><V54/><F117/><W23/><G123/><T0/><D114/><U103/><E36/><V38/><F129/><W83/><G71/><T92/><D73/><U132/><E82/><V3/><F3/><W35/><G124/><N who="1" m="47722" /><E119/><V26/><F135/><N who="1" m="51785" /><E7/><V45/><F109/><W10/><G102/><T91/><D110/><U12/><E12/><V61/><F84/><W120/><G120/><T18/><D64/><U22/><AGARI ba="2,1" hai="2,4,11,14,16,22,100,103" m="51785,47722" machi="22" ten="30,4000,0" yaku="18,1,20,1,54,1" doraHai="112" who="1" fromWho="1" sc="210,-12,267,56,278,-22,235,-12" /><INIT seed="3,0,0,3,4,113" ten="198,323,256,223" oya="3" hai0="39,44,105,68,1,3,82,54,65,94,51,76,66" hai1="55,14,49,37,89,78,107,101,67,77,52,129,23" hai2="10,31,133,29,59,27,128,106,24,13,114,132,22" hai3="6,16,26,91,33,46,40,43,30,124,110,19,80"/><W60/><G124/><T109/><D105/><U18/><E37/><V15/><F106/><W100/><G100/><T98/><D109/><U7/><E67/><V36/><F36/><W2/><G110/><T127/><D127/><U90/><E107/><V95/><F114/><W11/><G60/><T96/><D96/><U103/><E55/><V83/><F128/><W38/><REACH who="3" step="1"/><G43/><REACH who="3" ten="198,323,256,213" step="2"/><T116/><D116/><U41/><E41/><V34/><F132/><W58/><G58/><T17/><D68/><U79/><E103/><V63/><F133/><W92/><G92/><T4/><D39/><U47/><E101/><V99/><F95/><W62/><G62/><T125/><D125/><U112/><E112/><V97/><F59/><W74/><G74/><T102/><D66/><U93/><E129/><V20/><F63/><W64/><G64/><T53/><D65/><U61/><E61/><V70/><F70/><W87/><AGARI ba="0,1" hai="2,6,11,16,19,26,30,33,38,40,46,80,87,91" machi="87" ten="30,11700,0" yaku="1,1,0,1,54,1,53,1" doraHai="113" doraHaiUra="86" who="3" fromWho="3" sc="198,-39,323,-39,256,-39,213,127" owari="159,-34.0,284,8.0,217,-18.0,340,44.0" /></mjloggm>