<mjloggm ver="2.3"><GO type="41" lobby="0"/><UN n0="%68%61%67%65%6F%6F%6F" n1="%E3%81%BE%E3%81%99%E3%81%AE%E3%81%99%EF%BC%94" n2="%E5%B0%B1%E6%B4%BB%E7%94%9F%40%E5%B7%9D%E6%9D%91%E8%BB%8D%E5%9B%A3" n3="%E3%83%AD%E3%83%B3%E3%81%A1%E3%82%83%E3%82%93%E5%90%9B%E6%B4%A5%E5%BA%97" dan="13,13,15,13" rate="1859.95,1889.27,2032.34,2007.84" sx="M,M,M,M"/><TAIKYOKU oya="0"/><INIT seed="0,0,0,2,3,76" ten="250,250,250,250" oya="0" hai0="133,67,117,11,6,25,91,20,107,118,110,109,86" hai1="53,108,38,115,120,68,121,13,43,46,74,59,101" hai2="125,58,126,0,14,99,21,64,88,73,32,85,116" hai3="113,79,66,27,16,1,57,35,51,82,111,15,56"/><T9/><D107/><U95/><E74/><V102/><F32/><W23/><G113/><T81/><D67/><U130/><E115/><V122/><F0/><W34/><G1/><T84/><D133/><U71/><E13/><V48/><F73/><W33/><G111/><T37/><D37/><U75/><E75/><V129/><F122/><N who="1" m="47209" /><E95/><N who="2" m="58751" /><F116/><W28/><G66/><T29/><D86/><U105/><E101/><V17/><F129/><W119/><G119/><T97/><D97/><U124/><E105/><V135/><F135/><W36/><G36/><T62/><D62/><N who="1" m="36207" /><E108/><N who="0" m="41577" /><D11/><U39/><E130/><V45/><F64/><W50/><G56/><T7/><D7/><U100/><E100/><V19/><F19/><W114/><G114/><T77/><D77/><U24/><E24/><V123/><F123/><W106/><G106/><T5/><D5/><U104/><E104/><V131/><F131/><W93/><G93/><T112/><D112/><U49/><E124/><N who="2" m="47723" /><F58/><W4/><G4/><T78/><D78/><U132/><E132/><V63/><F63/><W70/><G70/><AGARI ba="0,0" hai="38,39,43,46,49,68,70,71" m="36207,47209" machi="70" ten="30,2000,0" yaku="34,2" doraHai="76" who="1" fromWho="3" sc="250,0,250,20,250,0,250,-20" /><INIT seed="1,0,0,5,2,102" ten="250,270,250,230" oya="1" hai0="62,15,61,70,81,54,1,77,27,33,29,41,2" hai1="99,17,119,76,82,68,122,114,21,52,109,103,72" hai2="120,40,94,98,39,42,130,10,133,84,96,113,50" hai3="20,93,26,135,36,7,31,92,59,132,78,44,121"/><U73/><E114/><V38/><F120/><W101/><G121/><T58/><D41/><U53/><E122/><V86/><F113/><W125/><G78/><T110/><D15/><U51/><E119/><V69/><F69/><W46/><G125/><T118/><D118/><U5/><E68/><V75/><F75/><W65/><G7/><T45/><D110/><U134/><E109/><V108/><F108/><W34/><G34/><T104/><D45/><U105/><E5/><V116/><F116/><W107/><G107/><T128/><D128/><U37/><E37/><V60/><F130/><W24/><G24/><T30/><D30/><U67/><E67/><V13/><F133/><N who="3" m="51275" /><G36/><T16/><D16/><U25/><E134/><V4/><F39/><W97/><G93/><T88/><D77/><U115/><E115/><V106/><F38/><W57/><G57/><T19/><D19/><U3/><E3/><V28/><F28/><W0/><G0/><T83/><D81/><U18/><E18/><V117/><F117/><W90/><G90/><T123/><D123/><U80/><E80/><V85/><F106/><W66/><G66/><T131/><D131/><U111/><E111/><V79/><F79/><W95/><G95/><T100/><D88/><U47/><REACH who="1" step="1"/><E73/><REACH who="1" ten="250,260,250,230" step="2"/><V126/><F126/><W32/><G32/><T89/><D83/><U14/><E14/><V11/><F13/><W74/><G74/><T91/><D1/><U124/><E124/><V56/><F4/><W64/><G64/><N who="0" m="41231" /><D2/><U127/><E127/><V6/><F6/><W23/><G23/><T71/><D71/><RYUUKYOKU ba="0,1" sc="250,10,260,10,250,-30,230,10" hai0="27,29,33,54,58,62,89,91,100,104" hai1="17,21,25,47,51,52,53,72,76,82,99,103,105" hai3="20,26,31,44,46,59,65,92,97,101" /><INIT seed="1,1,1,5,5,25" ten="260,270,220,240" oya="1" hai0="98,23,27,99,51,94,58,128,67,47,123,22,115" hai1="40,104,65,36,41,101,24,107,1,125,85,122,62" hai2="132,54,108,119,102,11,52,64,12,63,57,110,39" hai3="6,83,78,0,93,127,80,44,30,66,130,48,42"/><U15/><E122/><V56/><F119/><W74/><G127/><T90/><D115/><U112/><E112/><V73/><F73/><W55/><G130/><T91/><D128/><U77/><E1/><V3/><F3/><W69/><G30/><T72/><D72/><U114/><E114/><V49/><F39/><W60/><G80/><T129/><D129/><U133/><E125/><V118/><F118/><W100/><G0/><T34/><D34/><U105/><E101/><V88/><F102/><W103/><G6/><T50/><D123/><U18/><E36/><V29/><F29/><W46/><REACH who="3" step="1"/><G93/><REACH who="3" ten="260,270,220,230" step="2"/><T113/><D113/><U82/><E107/><V45/><F132/><W97/><G97/><T84/><D99/><U111/><E133/><V92/><F110/><W10/><G10/><T95/><D22/><U5/><E111/><V61/><F108/><W131/><G131/><T59/><D67/><U106/><E5/><V79/><F79/><W33/><G33/><T35/><D35/><U126/><E126/><V116/><F116/><W109/><G109/><T13/><D13/><U2/><E2/><V120/><F120/><W37/><AGARI ba="1,2" hai="37,42,44,46,48,55,60,66,69,74,78,83,100,103" machi="37" ten="20,5200,0" yaku="1,1,0,1,7,1,53,1" doraHai="25" doraHaiUra="68" who="3" fromWho="3" sc="260,-14,270,-27,220,-14,230,75" /><INIT seed="2,0,0,1,1,68" ten="246,243,206,305" oya="2" hai0="123,71,4,81,19,67,36,60,64,127,34,94,1" hai1="56,16,38,39,27,85,18,118,74,47,119,77,28" hai2="80,53,33,20,24,66,92,65,26,82,11,76,131" hai3="120,96,30,54,98,32,86,112,79,102,128,2,106"/><V88/><F131/><W108/><G2/><T75/><D123/><U6/><E74/><V51/><F33/><W113/><G32/><T111/><D127/><U9/><E56/><N who="2" m="32831" /><F11/><W97/><G30/><T103/><D34/><U41/><E39/><V43/><F43/><W116/><G54/><T48/><D1/><U63/><E63/><V15/><F15/><W78/><G120/><T100/><D4/><U42/><E42/><V13/><F13/><W35/><G35/><T12/><D67/><N who="2" m="25610" /><F76/><N who="3" m="29227" /><G116/><T73/><D81/><N who="2" m="31338" /><F20/><W93/><G128/><T23/><D48/><U14/><E77/><V134/><F134/><W122/><G122/><T132/><D132/><U69/><E69/><V57/><F57/><W91/><G108/><T40/><D111/><U105/><E105/><V29/><F29/><W49/><G49/><T124/><D124/><U5/><E119/><V109/><F109/><W55/><G55/><T126/><D126/><U129/><E118/><V104/><F104/><W22/><G22/><T135/><D135/><U99/><E129/><V44/><F44/><W61/><G61/><T62/><D60/><U110/><E110/><V121/><F121/><W46/><G46/><T130/><D130/><U58/><E58/><V133/><F133/><W3/><G3/><T90/><D73/><U89/><E47/><V59/><F59/><W115/><AGARI ba="0,0" hai="86,91,93,96,97,98,102,106,112,113,115" m="29227" machi="115" ten="40,5200,0" yaku="11,1,34,2" doraHai="68" who="3" fromWho="3" sc="246,-13,243,-13,206,-26,305,52" /><INIT seed="3,0,0,1,1,90" ten="233,230,180,357" oya="3" hai0="21,70,44,132,114,100,68,93,81,1,97,119,60" hai1="74,98,79,125,135,49,46,115,131,22,34,105,18" hai2="65,61,134,32,54,3,36,67,66,29,53,10,28" hai3="101,63,6,7,59,31,72,123,133,83,95,27,45"/><W121/><G133/><T40/><D119/><U64/><E115/><V120/><F36/><W20/><G121/><T9/><D114/><U39/><E39/><V73/><F73/><W75/><G123/><T86/><D132/><U24/><E135/><V52/><F120/><W118/><G118/><T117/><D117/><U50/><E125/><V56/><F134/><W126/><G126/><T92/><D1/><U62/><E34/><V76/><F76/><W82/><G72/><T42/><D9/><U33/><E33/><V94/><F32/><W48/><G75/><T35/><D21/><U88/><E131/><V85/><F3/><W8/><G48/><T11/><D11/><U77/><E74/><V129/><F10/><W116/><G45/><T89/><D35/><U122/><E122/><V127/><F127/><W16/><G116/><T99/><D60/><U106/><E106/><V43/><F43/><W102/><G31/><N who="2" m="11849" /><F129/><W104/><G104/><T112/><D40/><U26/><E26/><V110/><F110/><W58/><G58/><T41/><D42/><N who="1" m="24791" /><E50/><V38/><F38/><W57/><G57/><T30/><D30/><U23/><E23/><V0/><F0/><W14/><G6/><T128/><D112/><U130/><E105/><V47/><F47/><W13/><G27/><T80/><D80/><U2/><E2/><V17/><F17/><W87/><G82/><T69/><D128/><U15/><E24/><V5/><F5/><W91/><G83/><T51/><REACH who="0" step="1"/><D70/><REACH who="0" ten="223,230,180,357" step="2"/><N who="1" m="42263" /><E130/><V124/><F124/><W109/><G109/><T96/><D96/><U4/><E4/><RYUUKYOKU ba="0,1" sc="223,0,230,0,180,0,357,0" hai0="41,44,51,68,69,81,86,89,92,93,97,99,100" hai1="15,18,22,77,79,88,98" hai2="52,53,54,56,61,65,66,67,85,94" hai3="7,8,13,14,16,20,59,63,87,91,95,101,102" /><INIT seed="3,1,1,1,1,87" ten="223,230,180,357" oya="3" hai0="119,29,106,36,44,83,42,69,37,58,92,127,93" hai1="128,72,21,61,55,38,124,78,116,52,56,26,1" hai2="91,65,75,97,71,54,53,90,18,8,77,123,39" hai3="12,51,35,80,14,10,76,45,5,49,131,4,64"/><W20/><G35/><T34/><D69/><U96/><E38/><V47/><F123/><W113/><G113/><T81/><D119/><U17/><E1/><V67/><F75/><W46/><G131/><T19/><D106/><U89/><E128/><V50/><F39/><W28/><G64/><N who="2" m="24649" /><F71/><W63/><G63/><T24/><D127/><U22/><E116/><V100/><F77/><W13/><G28/><T132/><D132/><U60/><E124/><V15/><F100/><W85/><G20/><T32/><D58/><N who="1" m="34887" /><E72/><V115/><F115/><W125/><G125/><T41/><D19/><U99/><E22/><V74/><F74/><W43/><REACH who="3" step="1"/><G4/><REACH who="3" ten="223,230,180,347" step="2"/><T73/><D34/><U16/><E17/><V0/><F0/><W62/><G62/><T9/><D9/><U117/><E117/><V104/><F104/><W33/><G33/><T111/><D111/><U133/><E133/><V66/><N who="2" m="24657" /><V120/><DORA hai="101" /><F120/><W82/><G82/><T114/><D114/><U118/><E118/><V59/><F97/><W112/><G112/><T84/><D73/><U27/><E99/><V88/><F54/><AGARI ba="1,2" hai="5,10,12,13,14,43,45,46,49,51,54,76,80,85" machi="54" ten="30,12000,1" yaku="1,1,7,1,25,2,8,1,53,0" doraHai="87,101" doraHaiUra="105,107" who="3" fromWho="2" sc="223,0,230,0,180,-123,347,143" /><INIT seed="3,2,0,1,0,63" ten="223,230,57,490" oya="3" hai0="18,64,21,75,89,58,117,38,29,115,133,28,34" hai1="68,131,25,94,113,77,44,36,43,101,120,14,81" hai2="6,7,4,82,26,23,73,39,114,102,109,135,119" hai3="127,95,40,67,86,121,106,32,1,90,41,104,42"/><W91/><G121/><T130/><D117/><U20/><E120/><V57/><F39/><W111/><G1/><T48/><D38/><U15/><E113/><V30/><F119/><W129/><G32/><T52/><D75/><U105/><E105/><V27/><F114/><W69/><G127/><T66/><D115/><U70/><E131/><V53/><F109/><W112/><G112/><T107/><D130/><U79/><E79/><V92/><F135/><W80/><G129/><T126/><D107/><U124/><E124/><V24/><F73/><W110/><G104/><T50/><D126/><U76/><E76/><V0/><F82/><W93/><G106/><T54/><D133/><U99/><E70/><V56/><F0/><W5/><G5/><T98/><D34/><U19/><REACH who="1" step="1"/><E68/><REACH who="1" ten="223,220,57,490" step="2"/><V61/><F102/><W100/><G100/><T47/><D98/><U74/><AGARI ba="2,1" hai="14,15,19,20,25,36,43,44,74,77,81,94,99,101" machi="74" ten="20,8000,1" yaku="1,1,2,1,0,1,7,1,53,1" doraHai="63" doraHaiUra="16" who="1" fromWho="1" sc="223,-22,220,96,57,-22,490,-42" /><INIT seed="4,0,0,5,0,52" ten="201,316,35,448" oya="0" hai0="132,72,11,19,15,27,59,64,69,39,36,7,107" hai1="96,3,70,53,8,13,43,33,35,48,60,122,125" hai2="63,56,0,92,68,130,12,49,20,73,44,32,81" hai3="91,22,98,100,10,28,54,26,1,88,14,117,127"/><T135/><D107/><U9/><E122/><V131/><F32/><W30/><G117/><T6/><D72/><U99/><E125/><V89/><F0/><W47/><G127/><T121/><D69/><U110/><E43/><V119/><F68/><W57/><G1/><T21/><D121/><U34/><E110/><V29/><F119/><W86/><G47/><T51/><D39/><U2/><E70/><V77/><F130/><W40/><G30/><T42/><D36/><U25/><E60/><V115/><F131/><W103/><G40/><T118/><D42/><U111/><E111/><V112/><F29/><W104/><G86/><T50/><D118/><U17/><E25/><V85/><F44/><W123/><G100/><T108/><D108/><U24/><E24/><V97/><F97/><W45/><G45/><T133/><D6/><U37/><E37/><V31/><F31/><W23/><G23/><T134/><N who="0" m="34304" /><DORA hai="65" /><T46/><REACH who="0" step="1"/><D46/><REACH who="0" ten="191,316,35,448" step="2"/><U126/><E126/><V75/><F75/><W109/><G109/><T128/><D128/><U83/><E35/><V105/><F105/><W79/><G123/><T66/><D66/><U101/><E34/><V129/><F129/><W67/><G67/><T78/><D78/><U82/><E33/><V61/><F115/><W124/><G79/><T113/><D113/><U74/><E74/><V94/><F112/><W84/><G124/><T90/><D90/><U5/><E5/><V95/><F61/><AGARI ba="0,1" hai="7,11,15,19,21,27,50,51,59,61,64" m="34304" machi="61" ten="70,12000,1" yaku="1,1,20,1,52,1,53,1" doraHai="52,65" doraHaiUra="4,38" who="0" fromWho="2" sc="191,130,316,0,35,-120,448,0" owari="321,12.0,316,-8.0,-85,-59.0,448,55.0" /></mjloggm>