<mjloggm ver="2.3"><GO type="97" lobby="0"/><UN n0="%E3%81%A8%E3%82%8A%E3%81%AE%E5%A4%A9%E3%81%B7%E3%82%89" n1="%53%65%6C%66%69%73%68" n2="%E5%98%98%E3%81%B0%E3%81%A3%E3%81%8B%E3%82%8A" n3="%E5%B0%B1%E6%B4%BB%E7%94%9F%40%E5%B7%9D%E6%9D%91%E8%BB%8D%E5%9B%A3" dan="15,14,13,15" rate="2032.40,1934.74,1861.92,2065.39" sx="M,M,M,M"/><TAIKYOKU oya="0"/><INIT seed="0,0,0,1,3,17" ten="250,250,250,250" oya="0" hai0="21,10,37,122,24,104,54,96,48,83,95,100,20" hai1="0,84,116,27,44,15,55,87,23,63,120,130,85" hai2="2,9,110,78,53,76,129,30,75,89,103,35,111" hai3="90,3,115,42,134,71,45,127,64,73,94,107,121"/><T106/><D37/><U97/><E116/><V40/><F129/><W47/><G107/><T62/><D122/><U33/><E0/><V32/><F103/><W125/><G73/><T26/><D62/><U34/><E120/><V25/><F40/><W13/><G3/><T101/><D10/><U70/><E97/><V43/><F43/><W41/><G134/><T128/><D128/><U74/><E15/><V109/><F89/><W135/><G135/><T91/><D106/><U6/><E6/><N who="2" m="1239" /><F53/><W36/><G13/><T58/><D104/><U77/><E77/><N who="2" m="29803" /><F75/><W4/><G4/><T51/><D51/><U98/><E98/><V72/><F72/><W28/><G28/><N who="0" m="17415" /><D83/><U117/><E74/><V49/><F49/><W126/><G115/><T22/><D22/><AGARI ba="0,0" hai="22,25,30,32,35,109,110,111" m="29803,1239" machi="22" ten="30,2000,0" yaku="14,1,52,1" doraHai="17" who="2" fromWho="0" sc="250,-20,250,0,250,20,250,0" /><INIT seed="1,0,0,1,2,109" ten="230,250,270,250" oya="1" hai0="111,91,116,58,13,46,25,27,100,22,9,124,110" hai1="74,68,94,130,30,2,101,55,11,84,17,61,123" hai2="79,113,128,96,18,39,82,119,88,50,80,90,93" hai3="75,87,53,23,21,20,122,57,66,105,106,120,40"/><U134/><E123/><V131/><F39/><W102/><G75/><T76/><D116/><U33/><E74/><N who="2" m="43127" /><F18/><W67/><G40/><T97/><D76/><U70/><E33/><V19/><F50/><W15/><G15/><T77/><D77/><U14/><E30/><V47/><F19/><W64/><G87/><T16/><D124/><U29/><E29/><V44/><F47/><W35/><G35/><T34/><D34/><U52/><E134/><V32/><F44/><W99/><REACH who="3" step="1"/><G106/><REACH who="3" ten="230,250,270,240" step="2"/><T118/><D118/><U95/><E84/><N who="2" m="50199" /><F32/><W71/><G71/><T72/><D72/><U0/><E70/><V8/><F8/><W89/><G89/><T62/><D91/><U117/><E68/><V24/><F24/><W54/><G54/><T43/><D27/><U37/><E55/><V48/><F48/><AGARI ba="0,1" hai="20,21,23,48,53,57,64,66,67,99,102,105,120,122" machi="48" ten="40,1300,0" yaku="1,1,53,0" doraHai="109" doraHaiUra="59" who="3" fromWho="2" sc="230,0,250,0,270,-13,240,23" /><INIT seed="2,0,0,1,3,134" ten="230,250,257,263" oya="2" hai0="112,117,67,60,92,125,56,81,104,118,128,70,76" hai1="5,50,6,102,91,80,135,25,124,38,33,42,97" hai2="35,69,2,72,87,84,30,45,123,74,99,15,64" hai3="3,120,114,9,51,46,127,105,24,13,57,89,1"/><V62/><F2/><W40/><G105/><T23/><D104/><U59/><E38/><V53/><F123/><W98/><G120/><T96/><D112/><U47/><E135/><V17/><F99/><W0/><G24/><T68/><D23/><U77/><E91/><V75/><F30/><W52/><G114/><T107/><D107/><U22/><E33/><V8/><F35/><W58/><G127/><T11/><D11/><U36/><E124/><V129/><REACH who="2" step="1"/><F129/><REACH who="2" ten="230,250,247,263" step="2"/><W61/><G58/><T101/><D128/><U78/><E59/><V26/><F26/><W86/><G98/><T122/><D122/><U12/><E97/><V31/><F31/><W110/><G110/><T41/><D125/><U113/><E113/><V131/><F131/><W16/><REACH who="3" step="1"/><G1/><REACH who="3" ten="230,250,247,253" step="2"/><T65/><D118/><U100/><E25/><V95/><F95/><AGARI ba="0,2" hai="0,3,9,13,16,40,46,51,52,57,61,86,89,95" machi="95" ten="30,12000,2" yaku="1,1,2,1,7,1,54,2,53,1" doraHai="134" doraHaiUra="83" who="3" fromWho="2" sc="230,0,250,0,247,-120,253,140" /><INIT seed="3,0,0,5,1,105" ten="230,250,127,393" oya="3" hai0="57,27,125,104,38,23,15,77,44,54,2,22,116" hai1="59,80,101,11,75,55,0,132,67,17,48,92,64" hai2="109,43,72,62,53,88,119,40,96,107,6,71,21" hai3="46,10,98,113,9,33,115,66,112,24,29,49,99"/><W82/><G66/><T3/><D116/><U34/><E132/><V4/><F107/><W32/><G32/><T68/><D68/><U41/><E34/><V94/><F109/><W78/><G99/><T60/><D104/><U89/><E41/><V26/><F119/><W19/><G98/><T87/><D125/><U58/><E101/><V1/><F43/><W120/><G19/><T84/><D15/><U70/><E70/><V47/><F71/><W8/><G120/><T7/><D38/><U95/><E95/><V90/><F90/><W110/><G110/><T20/><D44/><U108/><E108/><V111/><F111/><W131/><G131/><T25/><D3/><U91/><E59/><V106/><F106/><W128/><G128/><T39/><D39/><U133/><E133/><V76/><F1/><W117/><G117/><T35/><D35/><U30/><E75/><V5/><F76/><W69/><G69/><T126/><D126/><U13/><E0/><V51/><F72/><W135/><G135/><T122/><D122/><U42/><E42/><V52/><REACH who="2" step="1"/><F62/><REACH who="2" ten="230,250,117,393" step="2"/><W31/><G78/><T73/><D77/><U36/><E91/><V18/><AGARI ba="0,1" hai="4,5,6,18,21,26,40,47,51,52,53,88,94,96" machi="18" ten="30,12000,2" yaku="1,1,2,1,0,1,8,1,54,2,53,0" doraHai="105" doraHaiUra="83" who="2" fromWho="2" sc="230,-30,250,-30,117,130,393,-60" owari="200,-30.0,220,-18.0,247,5.0,333,43.0" /></mjloggm>