<mjloggm ver="2.3"><GO type="41" lobby="0"/><UN n0="%41%52%49%41%4C%4F%56%45" n1="%E5%B0%B1%E6%B4%BB%E7%94%9F%40%E5%B7%9D%E6%9D%91%E8%BB%8D%E5%9B%A3" n2="%3D%4C%55%44%55%53%3D" n3="%E7%94%9F%E3%81%8D%E3%81%A6%E3%81%A6%E3%82%88%E3%81%8B%E3%81%A3%E3%81%9F" dan="14,14,13,13" rate="2086.06,1956.38,1893.21,1835.09" sx="M,M,M,M"/><TAIKYOKU oya="0"/><INIT seed="0,0,0,4,5,92" ten="250,250,250,250" oya="0" hai0="97,54,115,82,122,62,130,15,45,98,76,72,40" hai1="41,57,4,134,26,91,77,35,18,60,107,100,86" hai2="135,112,59,103,38,37,128,24,118,56,106,7,75" hai3="94,10,87,109,20,127,11,58,22,66,101,68,121"/><T69/><D122/><U0/><E134/><V67/><F135/><W23/><G68/><T90/><D115/><U74/><E41/><V113/><F75/><W61/><G121/><T108/><D130/><U99/><E0/><V14/><F128/><W28/><G109/><T36/><D108/><U125/><E4/><V25/><F118/><W124/><G28/><T43/><D43/><U33/><E125/><V132/><F132/><W105/><G105/><T21/><D90/><U95/><E26/><V50/><F50/><W3/><G3/><T39/><D39/><U47/><E47/><V12/><F106/><W71/><G71/><T89/><D89/><U116/><E18/><V129/><F129/><W5/><G5/><T1/><D1/><U53/><REACH who="1" step="1"/><E116/><REACH who="1" ten="250,240,250,250" step="2"/><V81/><F7/><W51/><G127/><T123/><D123/><U83/><AGARI ba="0,1" hai="33,35,53,57,60,74,77,83,86,91,95,99,100,107" machi="83" ten="30,12000,2" yaku="1,1,2,1,0,1,24,2,52,1,53,0" doraHai="92" doraHaiUra="19" who="1" fromWho="1" sc="250,-60,240,130,250,-30,250,-30" /><INIT seed="1,0,0,5,1,66" ten="190,370,220,220" oya="1" hai0="22,19,114,92,5,125,64,77,53,32,118,12,57" hai1="129,6,103,93,111,18,95,123,108,3,79,58,67" hai2="131,86,56,45,115,62,73,74,81,124,24,15,9" hai3="7,99,109,63,16,50,126,35,134,65,97,44,39"/><U36/><E36/><V71/><F71/><W25/><G7/><T127/><D114/><U48/><E123/><V121/><F121/><W116/><G39/><T106/><D106/><U46/><E129/><V102/><F115/><W55/><G109/><N who="1" m="42058" /><E79/><V104/><F45/><W112/><G112/><T41/><D32/><U40/><E103/><V78/><F24/><W68/><G134/><T29/><D29/><U120/><E120/><V49/><F49/><W4/><G4/><T105/><D5/><U31/><E31/><V122/><F122/><W94/><G35/><T101/><D77/><U107/><E107/><V52/><F131/><W132/><G132/><T47/><D105/><U76/><E76/><V42/><F42/><W21/><G126/><T113/><D118/><U38/><E18/><V91/><F78/><W61/><G116/><T17/><D17/><U1/><E6/><V100/><F124/><W130/><G130/><T135/><D135/><U98/><E98/><V128/><F128/><W37/><G37/><T20/><D113/><U51/><E51/><V34/><F34/><W75/><G75/><T8/><D127/><U85/><E85/><V28/><F28/><W96/><REACH who="3" step="1"/><G63/><REACH who="3" ten="190,370,220,210" step="2"/><N who="0" m="36271" /><D125/><U27/><E3/><V59/><F74/><W23/><G23/><T80/><D22/><U72/><E1/><V54/><F73/><W119/><G119/><T69/><D20/><U13/><E72/><V90/><F104/><W110/><G110/><T10/><D10/><U14/><E38/><V30/><F9/><W87/><G87/><T83/><D8/><U33/><E33/><RYUUKYOKU ba="0,1" sc="190,-10,370,-10,220,-10,210,30" hai3="16,21,25,44,50,55,61,65,68,94,96,97,99" /><INIT seed="2,1,1,5,2,44" ten="180,360,210,240" oya="2" hai0="41,117,97,114,129,80,66,76,58,19,22,45,47" hai1="3,81,111,110,20,24,113,128,7,43,101,99,46" hai2="124,25,21,94,57,65,33,91,35,86,49,104,53" hai3="77,69,90,106,9,27,68,123,108,100,37,75,70"/><V115/><F104/><W40/><G123/><T61/><D114/><U102/><E113/><V32/><F115/><W18/><G108/><N who="1" m="41514" /><E128/><V39/><F39/><W84/><G77/><T95/><D129/><U31/><E81/><V26/><F124/><W116/><G75/><T74/><D117/><U118/><E118/><V109/><F109/><W6/><G116/><T131/><D131/><U133/><E133/><V59/><REACH who="2" step="1"/><F21/><REACH who="2" ten="180,360,200,240" step="2"/><W42/><G37/><T56/><D41/><U64/><E20/><V130/><F130/><W112/><G40/><T87/><D74/><U79/><E31/><V0/><F0/><W119/><G42/><T121/><D121/><U52/><E24/><V98/><F98/><W73/><G27/><T30/><D30/><U10/><E99/><V71/><F71/><W135/><G112/><T62/><D97/><U126/><E3/><V127/><F127/><W55/><G69/><T48/><D22/><U60/><E126/><V28/><F28/><W1/><G68/><T92/><D62/><AGARI ba="1,2" hai="25,26,32,33,35,49,53,57,59,62,65,86,91,94" machi="62" ten="40,3900,0" yaku="1,1,52,1,53,0" doraHai="44" doraHaiUra="8" who="2" fromWho="0" sc="180,-42,360,0,200,62,240,0" /><INIT seed="2,2,0,3,3,19" ten="138,360,262,240" oya="2" hai0="71,0,101,76,57,22,55,4,34,118,26,35,70" hai1="86,119,18,115,46,129,41,98,63,7,54,52,24" hai2="79,127,6,21,121,130,117,75,95,9,13,133,90" hai3="62,89,3,102,72,124,74,122,11,29,114,93,28"/><V112/><F112/><W25/><G102/><T36/><D36/><U64/><E119/><V31/><F117/><W58/><G122/><T107/><D118/><U99/><E115/><V123/><F133/><W15/><G3/><T73/><D76/><U125/><E7/><V83/><F130/><W134/><G29/><T104/><D73/><U88/><E125/><V82/><F82/><W20/><G124/><T59/><D4/><U108/><E129/><V67/><F67/><W45/><G45/><T126/><D0/><U120/><E108/><V132/><F132/><W61/><G61/><T77/><D77/><U32/><E120/><V78/><F78/><W37/><G37/><T116/><D116/><U51/><E99/><V5/><F5/><W38/><G38/><T53/><D126/><U14/><E98/><V135/><F135/><W65/><G114/><T48/><D26/><U44/><E24/><V10/><F127/><W103/><G103/><T43/><D101/><U33/><E46/><V12/><F121/><W81/><G81/><T66/><D66/><U30/><E30/><V85/><F123/><W106/><G106/><T39/><D39/><U47/><E47/><V42/><F42/><W80/><G80/><T50/><REACH who="0" step="1"/><D43/><REACH who="0" ten="128,360,262,240" step="2"/><U68/><E33/><V23/><F31/><W16/><G134/><T111/><D111/><U131/><E32/><V109/><F109/><W49/><G49/><T8/><D8/><N who="1" m="6471" /><E131/><V128/><F128/><W96/><AGARI ba="2,1" hai="11,15,16,20,25,28,58,62,65,72,74,89,93,96" machi="96" ten="20,5200,0" yaku="0,1,7,1,52,1,54,1" doraHai="19" who="3" fromWho="3" sc="128,-15,360,-15,262,-28,240,68" /><INIT seed="3,0,0,4,5,5" ten="113,345,234,308" oya="3" hai0="110,22,27,135,65,90,112,50,75,128,95,47,64" hai1="4,38,131,82,123,98,118,53,122,58,3,76,43" hai2="8,55,52,28,54,70,10,1,120,68,20,42,51" hai3="37,7,35,88,60,111,125,23,41,39,130,61,124"/><W106/><G106/><T69/><D75/><N who="1" m="43295" /><E98/><V57/><F120/><W16/><G35/><T77/><D77/><U94/><E94/><V40/><F68/><W63/><G130/><T85/><D110/><U134/><E134/><V74/><F74/><W56/><G111/><T96/><D112/><U100/><E100/><V13/><F70/><W103/><G103/><T101/><D135/><U15/><E15/><V81/><F81/><W91/><G56/><T33/><D33/><U6/><E6/><V87/><F87/><W108/><G7/><T79/><D79/><U83/><E83/><V133/><F1/><W25/><G108/><T66/><D128/><U12/><E12/><V49/><F133/><W21/><G41/><N who="2" m="15977" /><F55/><W127/><REACH who="3" step="1"/><G23/><REACH who="3" ten="113,345,234,298" step="2"/><T73/><D69/><U19/><E131/><V104/><F104/><W93/><G93/><T30/><D66/><U48/><E4/><V14/><F20/><W11/><G11/><N who="2" m="4137" /><F57/><W86/><G86/><T105/><D73/><U114/><E123/><V18/><F28/><W2/><G2/><T107/><D105/><U67/><E3/><V132/><F132/><W36/><AGARI ba="0,1" hai="16,21,25,36,37,39,60,61,63,88,91,124,125,127" machi="36" ten="50,18000,2" yaku="1,1,0,1,29,2,18,1,54,2,53,0" doraHai="5" doraHaiUra="46" who="3" fromWho="3" sc="113,-60,345,-60,234,-60,298,190" /><INIT seed="3,1,0,4,5,110" ten="53,285,174,488" oya="3" hai0="93,69,55,107,106,62,115,20,19,112,111,27,102" hai1="123,61,131,132,51,78,28,99,45,42,109,124,84" hai2="77,70,117,56,125,90,44,98,65,94,130,59,75" hai3="96,52,67,24,113,31,76,26,57,133,48,1,4"/><W68/><G76/><T35/><D111/><U6/><E123/><V73/><F117/><W49/><G49/><T95/><D35/><U7/><E109/><V2/><F2/><W33/><G24/><T79/><D79/><U5/><E124/><V88/><F125/><W38/><G38/><T92/><D102/><U118/><E118/><V50/><F70/><W3/><G4/><T126/><D126/><U81/><E132/><V46/><F130/><W80/><G80/><T22/><D22/><U129/><E28/><V37/><F37/><W8/><G8/><T103/><D103/><U16/><E99/><V36/><F36/><W60/><G133/><T120/><D120/><U14/><REACH who="1" step="1"/><E61/><REACH who="1" ten="53,275,174,488" step="2"/><V32/><F98/><W29/><G29/><T17/><D17/><U30/><E30/><V47/><F32/><W100/><REACH who="3" step="1"/><G113/><REACH who="3" ten="53,275,174,478" step="2"/><N who="0" m="43595" /><D69/><U97/><E97/><V105/><F105/><AGARI ba="1,2" hai="1,3,26,31,33,48,52,57,60,67,68,96,100,105" machi="105" ten="30,12000,1" yaku="1,1,7,1,25,2,54,1,53,0" doraHai="110" doraHaiUra="91" who="3" fromWho="2" sc="53,0,275,0,174,-123,478,143" /><INIT seed="3,2,0,2,5,67" ten="53,275,51,621" oya="3" hai0="89,93,17,104,11,126,23,56,70,22,105,35,115" hai1="96,114,32,49,16,120,63,15,95,12,77,121,82" hai2="43,94,26,55,9,3,69,119,10,112,87,91,28" hai3="31,73,59,131,109,60,39,24,134,128,100,42,20"/><W98/><G73/><T53/><D35/><U117/><E32/><V92/><F112/><W46/><G134/><T30/><D115/><U75/><E114/><V107/><F119/><W127/><G127/><T118/><D118/><U54/><E117/><V47/><F107/><W133/><G133/><T19/><D126/><U34/><E34/><V2/><F69/><W36/><G36/><T90/><D30/><U38/><E63/><V57/><F3/><W72/><G72/><T97/><D11/><U58/><E15/><V103/><F2/><W0/><G0/><T113/><D113/><U71/><E38/><V8/><F47/><W132/><G132/><T122/><D122/><U27/><E27/><V7/><F43/><W129/><G109/><T65/><D65/><U5/><E5/><V40/><F40/><W62/><REACH who="3" step="1"/><G59/><REACH who="3" ten="53,275,51,611" step="2"/><T81/><D56/><U4/><E121/><V33/><F7/><W111/><G111/><T102/><D70/><U88/><E4/><V79/><F57/><W51/><G51/><T50/><D50/><U14/><E120/><V116/><F116/><W85/><G85/><T68/><D68/><U13/><REACH who="1" step="1"/><E71/><REACH who="1" ten="53,265,51,611" step="2"/><V108/><F108/><W37/><G37/><T45/><D45/><U6/><E6/><V86/><F55/><W135/><G135/><T74/><D53/><U1/><E1/><V66/><F66/><W84/><G84/><T64/><D64/><U106/><E106/><AGARI ba="2,2" hai="20,24,31,39,42,46,60,62,98,100,106,128,129,131" machi="106" ten="40,3900,0" yaku="1,1,19,1,53,0" doraHai="67" doraHaiUra="78" who="3" fromWho="1" sc="53,0,265,-45,51,0,611,65" /><INIT seed="3,3,0,5,3,4" ten="53,220,51,676" oya="3" hai0="0,113,115,34,36,50,9,25,74,61,124,121,35" hai1="51,17,53,32,21,128,54,12,33,133,123,112,42" hai2="38,66,18,110,59,26,85,134,100,114,102,69,79" hai3="95,10,77,40,94,19,2,1,5,30,60,131,23"/><W118/><G118/><T63/><D36/><U130/><E123/><V119/><F119/><W64/><G2/><T44/><D121/><U27/><E112/><N who="0" m="43081" /><D74/><U106/><E106/><V41/><F114/><W132/><G132/><T108/><D108/><U97/><E133/><V11/><F69/><W82/><G30/><N who="0" m="19791" /><D35/><U20/><E97/><V3/><F110/><W7/><G7/><N who="0" m="1255" /><D124/><U73/><E73/><V28/><F38/><W93/><G40/><AGARI ba="3,0" hai="40,44,50,61,63" m="1255,19791,43081" machi="40" ten="30,2000,0" yaku="11,1,52,1" doraHai="4" who="0" fromWho="3" sc="53,29,220,0,51,0,676,-29" /><INIT seed="4,0,0,3,1,126" ten="82,220,51,647" oya="0" hai0="20,44,130,94,110,18,27,57,128,100,26,106,30" hai1="119,93,45,1,129,83,59,104,77,92,85,125,124" hai2="50,9,84,55,76,51,24,115,3,88,101,103,6" hai3="2,7,58,105,91,75,78,73,39,37,48,133,60"/><T96/><D110/><U132/><E1/><V108/><F115/><W13/><G105/><T118/><D118/><U10/><E119/><V40/><F108/><W62/><G13/><T107/><D44/><U42/><E104/><V67/><F67/><W70/><G91/><T90/><D57/><U82/><E132/><V5/><F76/><W23/><G23/><N who="0" m="13687" /><D100/><N who="2" m="38474" /><F3/><W38/><G58/><T41/><D41/><U127/><E10/><V120/><F120/><W35/><G35/><T66/><D66/><U12/><E12/><N who="2" m="5167" /><F40/><W49/><G70/><T97/><D97/><U116/><E59/><V113/><F113/><W131/><G2/><T34/><D34/><U21/><E21/><V87/><F6/><W71/><G71/><T63/><D63/><N who="3" m="24105" /><G7/><T43/><D43/><U123/><E116/><V14/><F14/><W8/><G8/><T29/><D29/><U15/><E123/><V28/><F55/><W69/><G69/><T112/><D112/><U98/><E45/><V22/><F84/><W56/><G56/><T134/><D134/><U121/><E42/><V47/><F47/><W52/><G52/><T17/><D30/><U80/><E121/><V65/><F65/><W19/><G133/><T109/><D109/><U46/><E46/><V81/><AGARI ba="0,0" hai="22,24,28,50,51,81,87,88" m="5167,38474" machi="81" ten="30,2000,0" yaku="8,1,54,1" doraHai="126" who="2" fromWho="2" sc="82,-10,220,-5,51,20,647,-5" /><INIT seed="5,0,0,2,5,109" ten="72,215,71,642" oya="1" hai0="73,1,117,134,128,44,14,81,79,116,52,32,111" hai1="100,108,87,55,34,65,3,15,62,98,18,0,13" hai2="46,17,30,22,93,123,114,74,7,82,119,6,4" hai3="48,38,41,83,59,49,24,66,126,67,40,61,135"/><U53/><E34/><V92/><F119/><W2/><G2/><T95/><D1/><U45/><E108/><V91/><F123/><W110/><G83/><T121/><D111/><U19/><E87/><N who="2" m="50679" /><F74/><W42/><G24/><T58/><D121/><U29/><E29/><V56/><F30/><W125/><G110/><T25/><D134/><U106/><E45/><V23/><F46/><W16/><G16/><T122/><D128/><U28/><E28/><V75/><F75/><W31/><G31/><T76/><D76/><U37/><E37/><V50/><F114/><W43/><G135/><T133/><D133/><U57/><E3/><V129/><F129/><W120/><G120/><T60/><D25/><U70/><E0/><V104/><F104/><W99/><G99/><T39/><D32/><U27/><E27/><N who="2" m="14799" /><F23/><W51/><G67/><T124/><D122/><U54/><E18/><V103/><F103/><W118/><G118/><T20/><D95/><U5/><E5/><V90/><F90/><W86/><G86/><T12/><D20/><U105/><E105/><V11/><F11/><W78/><G78/><T35/><D35/><U21/><REACH who="1" step="1"/><E15/><REACH who="1" ten="72,205,71,642" step="2"/><V107/><F107/><W33/><G33/><T10/><D14/><U47/><E47/><AGARI ba="0,1" hai="38,40,41,42,43,47,48,49,51,59,61,66,125,126" machi="47" ten="50,6400,0" yaku="34,3" doraHai="109" who="3" fromWho="1" sc="72,0,205,-64,71,0,642,74" /><INIT seed="6,0,0,0,4,108" ten="72,141,71,716" oya="2" hai0="62,80,16,23,70,71,2,115,7,5,37,81,36" hai1="99,105,119,31,126,123,63,72,34,101,38,32,67" hai2="82,131,86,88,13,69,45,11,106,61,103,53,84" hai3="120,133,47,51,74,130,66,114,41,134,127,91,68"/><V110/><F110/><W25/><G74/><T87/><D2/><U109/><E109/><V27/><F131/><W112/><G130/><T78/><D62/><U85/><E119/><V12/><F27/><W0/><G0/><T24/><D115/><N who="3" m="44073" /><G120/><T102/><D102/><U132/><E85/><N who="2" m="50231" /><F69/><W98/><G127/><T49/><D49/><U76/><E132/><V104/><F104/><W75/><G75/><T9/><D81/><U128/><E128/><V64/><F106/><W35/><G66/><T39/><REACH who="0" step="1"/><D9/><REACH who="0" ten="62,141,71,716" step="2"/><U8/><E8/><V96/><F11/><W73/><G68/><AGARI ba="0,1" hai="5,7,16,23,24,36,37,39,68,70,71,78,80,87" machi="68" ten="50,6400,0" yaku="1,1,2,1,54,1,53,0" doraHai="108" doraHaiUra="6" who="0" fromWho="3" sc="62,74,141,0,71,0,716,-64" /><INIT seed="7,0,0,1,1,42" ten="136,141,71,652" oya="3" hai0="89,26,115,119,78,85,17,5,66,114,46,90,82" hai1="0,18,50,91,111,9,126,37,107,101,41,96,122" hai2="73,99,93,104,27,117,22,43,58,133,80,7,52" hai3="77,11,19,118,20,3,63,56,72,62,10,123,35"/><W98/><G35/><T40/><D119/><U109/><E50/><V8/><F117/><W30/><G30/><T112/><D66/><U28/><E91/><V105/><F133/><W36/><G36/><N who="0" m="21767" /><D5/><N who="1" m="1191" /><E18/><V116/><F116/><W1/><G98/><T61/><D61/><U132/><E132/><V75/><F43/><W4/><G77/><T95/><D95/><U125/><E28/><V92/><F104/><W53/><G72/><T102/><D102/><U134/><E134/><V76/><F105/><W59/><G118/><T100/><D100/><U121/><E41/><V25/><F75/><W84/><G84/><T39/><D39/><U87/><E87/><V38/><F38/><W94/><G94/><T29/><D17/><U130/><E37/><V6/><F6/><W120/><G20/><AGARI ba="0,0" hai="20,26,29,78,82,85,89,90,112,114,115" m="21767" machi="20" ten="30,3900,0" yaku="15,1,11,1,52,1" doraHai="42" who="0" fromWho="3" sc="136,39,141,0,71,0,652,-39" owari="175,-2.0,141,-26.0,71,-43.0,613,71.0" /></mjloggm>