<mjloggm ver="2.3"><GO type="97" lobby="0"/><UN n0="%E3%82%B5%E3%82%A8%E3%83%A9%E3%83%96" n1="%E5%B0%B1%E6%B4%BB%E7%94%9F%40%E5%B7%9D%E6%9D%91%E8%BB%8D%E5%9B%A3" n2="%E3%81%BE%E3%81%8A%E3%81%BD%E3%82%93" n3="%33%E3%82%B3%E3%83%AD" dan="13,14,14,14" rate="1893.73,1960.77,1973.79,1991.95" sx="M,M,F,M"/><TAIKYOKU oya="0"/><INIT seed="0,0,0,0,5,59" ten="250,250,250,250" oya="0" hai0="128,98,97,134,132,22,84,66,71,125,65,130,49" hai1="0,72,127,51,55,5,25,32,19,29,15,103,131" hai2="13,48,34,124,89,78,46,91,42,75,11,9,88" hai3="6,129,16,63,57,14,76,82,110,56,38,114,120"/><T118/><D118/><U108/><E72/><V90/><F34/><W17/><G38/><T53/><D22/><U111/><E103/><V113/><F113/><W109/><G114/><T61/><D84/><U18/><E127/><V101/><F101/><W92/><G129/><N who="0" m="49771" /><D125/><U20/><E131/><V7/><F124/><W67/><G120/><T104/><D104/><U41/><E41/><V50/><F9/><N who="3" m="4407" /><G92/><T135/><D66/><U8/><REACH who="1" step="1"/><E18/><REACH who="1" ten="250,240,250,250" step="2"/><V93/><F75/><W28/><G28/><T62/><D62/><U96/><E96/><N who="2" m="57383" /><F50/><W116/><G116/><T52/><D53/><U95/><E95/><V119/><F119/><W73/><G17/><T2/><D2/><U85/><E85/><V102/><F102/><W31/><G16/><T106/><D106/><U70/><E70/><V100/><F100/><W33/><G31/><T107/><D107/><U64/><E64/><V10/><F10/><W47/><G73/><T115/><D115/><U35/><E35/><V112/><F112/><W68/><G33/><T81/><D81/><U43/><E43/><V86/><F89/><W126/><G126/><T94/><D94/><U105/><E105/><V133/><F133/><W99/><G82/><AGARI ba="0,1" hai="7,11,13,42,46,48,78,82,86,90,91" m="57383" machi="82" ten="30,3900,0" yaku="25,1,8,1,54,1" doraHai="59" who="2" fromWho="3" sc="250,0,240,0,250,49,250,-39" /><INIT seed="1,0,0,2,4,67" ten="250,240,299,211" oya="1" hai0="7,72,118,21,28,24,36,4,53,134,14,132,31" hai1="128,5,60,122,16,58,91,8,97,85,121,56,45" hai2="46,1,106,35,131,65,47,75,77,70,11,119,23" hai3="109,20,52,107,80,61,133,126,49,117,127,59,116"/><U104/><E128/><V129/><F106/><W123/><G107/><T64/><D72/><U113/><E113/><V0/><F23/><W98/><G98/><T9/><D36/><U89/><E45/><V95/><F95/><W86/><G20/><T78/><D78/><U29/><E29/><V26/><F46/><N who="3" m="27703" /><G123/><T43/><D43/><U34/><E34/><V27/><F47/><W87/><G80/><T111/><D53/><U93/><E58/><V74/><F119/><N who="3" m="45643" /><G87/><T54/><D54/><U115/><E115/><V100/><F100/><W88/><G88/><T51/><D51/><U18/><E104/><V55/><F77/><W42/><G86/><T33/><D118/><U83/><E121/><V102/><F102/><W99/><G99/><T17/><D64/><N who="1" m="38919" /><E122/><V37/><F75/><W40/><G109/><T30/><D111/><U62/><E62/><V82/><F35/><W38/><G133/><N who="0" m="51307" /><D4/><U105/><E105/><V39/><F74/><W69/><G38/><T101/><D101/><U110/><E110/><V15/><F39/><W2/><G2/><AGARI ba="0,0" hai="2,7,9,14,17,21,24,28,30,31,33" m="51307" machi="2" ten="30,7700,0" yaku="24,1,20,1,34,2" doraHai="67" who="0" fromWho="3" sc="250,77,240,0,299,0,211,-77" /><INIT seed="2,0,0,4,1,117" ten="327,240,299,134" oya="2" hai0="10,39,111,42,85,87,41,98,101,60,24,107,74" hai1="64,122,47,54,26,13,8,3,51,35,58,57,63" hai2="0,108,130,5,89,25,109,125,79,1,66,118,88" hai3="6,2,73,23,52,31,119,7,59,134,34,45,48"/><V15/><F118/><W83/><G73/><T65/><D74/><U50/><E3/><V114/><F114/><W22/><G119/><T9/><D111/><N who="2" m="42570" /><F130/><W93/><G134/><T38/><D38/><U30/><E122/><V76/><F125/><W16/><G2/><N who="2" m="1129" /><F25/><N who="3" m="16823" /><G34/><T120/><D120/><U36/><E36/><V128/><F66/><W21/><G93/><T69/><D24/><U80/><E80/><V84/><F128/><W103/><G103/><T96/><D96/><U46/><E51/><V126/><F126/><W99/><G99/><T95/><D107/><U127/><REACH who="1" step="1"/><E127/><REACH who="1" ten="327,230,299,134" step="2"/><V113/><F113/><W123/><G123/><T56/><D39/><U33/><E33/><V14/><F89/><W91/><G91/><T70/><D101/><U132/><E132/><V77/><F5/><AGARI ba="0,1" hai="5,8,13,26,30,35,46,47,50,54,57,58,63,64" machi="5" ten="30,2000,0" yaku="1,1,7,1,53,0" doraHai="117" doraHaiUra="94" who="1" fromWho="2" sc="327,0,230,30,299,-20,134,0" /><INIT seed="3,0,0,2,0,72" ten="327,260,279,134" oya="3" hai0="49,102,50,25,91,43,21,33,114,3,103,5,48" hai1="37,34,75,51,111,76,128,47,14,78,11,73,133" hai2="56,134,130,74,70,45,82,120,135,122,105,42,110" hai3="93,113,108,86,62,118,116,68,13,123,77,127,35"/><W125/><G35/><T57/><D33/><U22/><E34/><V109/><F105/><W88/><G123/><N who="2" m="47145" /><F56/><W9/><G113/><T12/><D3/><U19/><E37/><N who="2" m="21711" /><F130/><W80/><G68/><T6/><D114/><U65/><E111/><N who="2" m="42507" /><F70/><W115/><G62/><T15/><D91/><U85/><E133/><V129/><F129/><W53/><G53/><T60/><D43/><N who="1" m="25087" /><E73/><V107/><F107/><W100/><G108/><T104/><D104/><U106/><E75/><V16/><F16/><N who="3" m="8239" /><G100/><N who="0" m="38443" /><D15/><N who="1" m="9599" /><E106/><V59/><F59/><W61/><G61/><T112/><D12/><U41/><E41/><V126/><F126/><N who="3" m="48139" /><G115/><T79/><D112/><U121/><E121/><V67/><F67/><W132/><G132/><T124/><D124/><U98/><E65/><V63/><F63/><W81/><G81/><T58/><D60/><U97/><E128/><V24/><F24/><W8/><G8/><T64/><D64/><U27/><E27/><V99/><F99/><AGARI ba="0,0" hai="77,80,86,88,93,99,116,118" m="48139,8239" machi="99" ten="30,11600,0" yaku="18,1,52,1,54,2" doraHai="72" who="3" fromWho="2" sc="327,0,260,0,279,-116,134,116" /><INIT seed="3,1,0,3,3,0" ten="327,260,163,250" oya="3" hai0="7,84,55,96,98,117,99,57,20,135,83,31,90" hai1="62,49,3,125,40,66,22,27,123,114,6,14,32" hai2="35,130,34,56,4,51,118,45,124,61,50,109,102" hai3="108,39,8,105,68,116,19,131,120,33,106,10,54"/><W74/><RYUUKYOKU type="yao9" ba="1,0" sc="327,0,260,0,163,0,250,0" hai3="8,10,19,33,39,54,68,74,105,106,108,116,120,131" /><INIT seed="3,2,0,3,0,112" ten="327,260,163,250" oya="3" hai0="115,66,0,108,44,85,16,131,27,23,91,26,31" hai1="8,82,2,20,114,90,55,75,99,93,89,127,80" hai2="103,76,18,120,133,109,1,34,53,105,45,14,58" hai3="29,70,62,65,3,30,92,134,124,9,46,39,84"/><W73/><G73/><T49/><D0/><U54/><E114/><V67/><F109/><W47/><G84/><T64/><D115/><U40/><E127/><V61/><F133/><W130/><G92/><N who="0" m="54383" /><D131/><U94/><E2/><V117/><F117/><W52/><G29/><T106/><D106/><U74/><E8/><V12/><F120/><W57/><G30/><T132/><D132/><U35/><E35/><V101/><F105/><W97/><G97/><T28/><D108/><U32/><E32/><V11/><F34/><W116/><G3/><T128/><D128/><U10/><E10/><V72/><F1/><W87/><G9/><T42/><D31/><U36/><E20/><AGARI ba="2,0" hai="16,20,23,26,27,28,42,44,49,64,66" m="54383" machi="20" ten="30,2000,0" yaku="8,1,54,1" doraHai="112" who="0" fromWho="1" sc="327,26,260,-26,163,0,250,0" owari="353,46.0,234,-17.0,163,-34.0,250,5.0" /></mjloggm>