<mjloggm ver="2.3"><GO type="41" lobby="0"/><UN n0="%E5%B0%B1%E6%B4%BB%E7%94%9F%40%E5%B7%9D%E6%9D%91%E8%BB%8D%E5%9B%A3" n1="%E7%99%BD%E8%9B%87" n2="%52%2E%68%69%67%68" n3="%5E%48%62%5E" dan="15,13,14,14" rate="1990.93,1869.79,2153.65,1932.04" sx="M,M,M,M"/><TAIKYOKU oya="0"/><INIT seed="0,0,0,3,2,103" ten="250,250,250,250" oya="0" hai0="94,2,78,63,35,12,59,24,116,47,55,121,38" hai1="32,76,13,36,5,92,1,130,134,115,48,25,6" hai2="119,10,74,75,111,34,28,132,107,7,99,122,16" hai3="56,67,29,22,45,17,131,72,71,88,113,127,51"/><T117/><D121/><U62/><E36/><V87/><F132/><W26/><G72/><T65/><D2/><U118/><E76/><V80/><F119/><W50/><G71/><T77/><D116/><U9/><E118/><V97/><F122/><W86/><G127/><T54/><D117/><U57/><E115/><V43/><F43/><W23/><G113/><T112/><D112/><U133/><E130/><V89/><F99/><W46/><G131/><T100/><D35/><U95/><E48/><V58/><F111/><W84/><G84/><T37/><D24/><U96/><E6/><V30/><F58/><W70/><G70/><T114/><D114/><U15/><E95/><V40/><F40/><W128/><G128/><T126/><D126/><U18/><E18/><V20/><F34/><W85/><G85/><T120/><D120/><U109/><E109/><V8/><F75/><W91/><G67/><T124/><D124/><U53/><E25/><V90/><F74/><W110/><G110/><T0/><D0/><U79/><E79/><V27/><F10/><W135/><G135/><N who="1" m="51722" /><E32/><V42/><F42/><W39/><G39/><T101/><D38/><U102/><AGARI ba="0,0" hai="1,5,9,13,15,53,57,62,92,96,102" m="51722" machi="102" ten="30,1100,0" yaku="20,1" doraHai="103" who="1" fromWho="1" sc="250,-5,250,11,250,-3,250,-3" /><INIT seed="1,0,0,4,3,8" ten="245,261,247,247" oya="1" hai0="100,72,63,33,117,42,110,40,109,30,1,98,93" hai1="48,131,44,37,50,23,53,3,38,52,26,115,114" hai2="56,119,71,102,43,47,113,95,78,104,68,73,103" hai3="28,13,10,18,29,2,77,31,128,134,49,69,116"/><U130/><E3/><V62/><F119/><W4/><G69/><T54/><D72/><U83/><E83/><V74/><F104/><W123/><G77/><T0/><D117/><U55/><E23/><V27/><F113/><W112/><G49/><N who="1" m="19050" /><E26/><V22/><F71/><W11/><G116/><T96/><D33/><U133/><E133/><V132/><F68/><W90/><G90/><T126/><D30/><U51/><N who="1" m="19058" /><U88/><DORA hai="20" /><E88/><V105/><F105/><W70/><G70/><T120/><D120/><U75/><E75/><V36/><F132/><W25/><G134/><T35/><D35/><U61/><E61/><V34/><F34/><W92/><G92/><T12/><D0/><U135/><E135/><V124/><F78/><W91/><G91/><T101/><D1/><U41/><E38/><V86/><F124/><W82/><G82/><T106/><D126/><U66/><E66/><V125/><F125/><W99/><G99/><T79/><D79/><U108/><E108/><N who="0" m="41577" /><D12/><U111/><E111/><V24/><F74/><W121/><G112/><AGARI ba="0,0" hai="37,41,44,52,53,55,112,114,115,130,131" m="19058" machi="112" ten="40,7700,0" yaku="34,2,54,1" doraHai="8,20" who="1" fromWho="3" sc="245,0,261,77,247,0,247,-77" /><INIT seed="1,1,0,3,2,130" ten="245,338,247,170" oya="1" hai0="9,74,117,3,97,118,79,32,41,96,11,23,125" hai1="111,29,105,104,108,109,83,31,6,82,46,89,91" hai2="51,1,7,30,73,88,103,77,85,63,19,60,40" hai3="106,134,22,57,81,93,4,45,114,115,67,12,37"/><U58/><E6/><V100/><F73/><W76/><G106/><N who="1" m="41066" /><E58/><V124/><F77/><W116/><G37/><T87/><D32/><U70/><E46/><V34/><F1/><W44/><G93/><T80/><D41/><U18/><E18/><V112/><F112/><W54/><G67/><T0/><D23/><U126/><E70/><V127/><F7/><W132/><G116/><T102/><D9/><U95/><E126/><N who="2" m="48171" /><F19/><W36/><G36/><T15/><D125/><U28/><E95/><N who="2" m="54671" /><F30/><W42/><G42/><T56/><D3/><U133/><E133/><N who="3" m="51306" /><G4/><T35/><D0/><U86/><E86/><V122/><F34/><W65/><G65/><T17/><D87/><U21/><E21/><V20/><F20/><W39/><G39/><T119/><D35/><U50/><E50/><V62/><F122/><W129/><G129/><T120/><D120/><U43/><E43/><V49/><F49/><N who="3" m="30927" /><G22/><T33/><D33/><U10/><E10/><V71/><F71/><W110/><G12/><T72/><D15/><U38/><E38/><V123/><F123/><W121/><G121/><T113/><D11/><U5/><E5/><V75/><F75/><N who="3" m="43167" /><G110/><T14/><D14/><U101/><E101/><V69/><F69/><W26/><G26/><T8/><D102/><U131/><E131/><V64/><F64/><W107/><G107/><T128/><D128/><U61/><E61/><V52/><F40/><W84/><G84/><T55/><D74/><U48/><E48/><V135/><F135/><W2/><G2/><T94/><D72/><U24/><E24/><V47/><AGARI ba="1,0" hai="47,51,52,60,62,63,100,103" m="54671,48171" machi="47" ten="30,7900,0" yaku="5,1,18,1,54,2" doraHai="130" who="2" fromWho="2" sc="245,-21,338,-40,247,82,170,-21" /><INIT seed="2,0,0,1,2,9" ten="224,298,329,149" oya="2" hai0="34,90,127,76,96,123,85,15,93,11,95,5,32" hai1="131,57,108,30,117,114,112,84,119,97,70,36,69" hai2="2,18,129,65,104,109,116,121,80,46,58,23,54" hai3="102,66,99,118,135,77,56,111,26,134,40,110,81"/><V115/><F104/><W8/><G118/><T132/><D123/><U3/><E84/><V62/><F2/><W33/><G40/><T41/><D127/><U101/><E57/><V20/><F115/><W0/><G66/><T43/><D132/><N who="3" m="50729" /><G56/><T72/><D72/><U52/><E30/><V89/><F121/><W17/><G0/><T49/><D41/><U21/><E21/><V45/><F116/><N who="1" m="44617" /><E52/><V28/><F109/><N who="3" m="41483" /><G33/><T67/><D67/><U22/><E22/><V47/><F28/><W68/><G68/><N who="1" m="26218" /><E108/><V4/><F4/><W42/><G42/><T74/><D74/><U87/><E87/><N who="2" m="50407" /><F129/><W107/><G26/><T24/><D24/><U39/><E3/><V125/><F125/><W61/><G61/><T6/><D6/><U126/><E126/><V130/><F130/><W60/><G60/><T1/><D1/><U79/><E131/><V25/><F23/><W50/><G50/><AGARI ba="0,0" hai="18,20,25,45,46,47,50,54,58,62,65" m="50407" machi="50" ten="30,1500,0" yaku="8,1" doraHai="9" who="2" fromWho="3" sc="224,0,298,0,329,15,149,-15" /><INIT seed="2,1,0,4,1,22" ten="224,298,344,134" oya="2" hai0="112,32,93,115,7,66,103,83,23,88,53,2,52" hai1="117,84,55,4,47,98,43,73,20,82,79,3,12" hai2="135,41,77,38,15,48,63,26,130,90,27,111,81" hai3="62,57,11,70,121,33,110,60,118,46,76,123,99"/><V87/><F38/><W69/><G110/><T24/><D32/><U126/><E117/><V131/><F135/><W8/><G33/><T39/><D39/><U75/><E126/><V102/><F102/><W94/><G118/><T56/><D2/><U29/><E98/><V21/><F111/><W50/><G76/><T107/><D7/><U18/><E55/><N who="0" m="21065" /><D107/><U91/><E29/><V44/><F63/><W49/><G99/><N who="0" m="59887" /><D115/><U16/><E18/><V0/><F0/><W67/><G94/><T104/><D104/><U5/><E3/><V59/><F59/><W31/><G57/><T85/><D112/><U17/><E17/><N who="2" m="10431" /><F77/><W95/><G95/><T127/><D127/><U6/><REACH who="1" step="1"/><E79/><REACH who="1" ten="224,288,344,134" step="2"/><V80/><F131/><W106/><G31/><N who="0" m="17823" /><D56/><U1/><E1/><V54/><F130/><W108/><G108/><T119/><D119/><U25/><E25/><N who="2" m="9227" /><F54/><W14/><G70/><T109/><D109/><U129/><E129/><V105/><F105/><W28/><G106/><T101/><D101/><U86/><E86/><V36/><F36/><AGARI ba="1,1" hai="4,5,6,12,16,20,36,43,47,73,75,82,84,91" machi="36" ten="40,2600,0" yaku="1,1,54,1,53,0" doraHai="22" doraHaiUra="120" who="1" fromWho="2" sc="224,0,288,39,344,-29,134,0" /><INIT seed="3,0,0,0,2,119" ten="224,327,315,134" oya="3" hai0="94,5,34,37,42,38,95,53,120,65,49,59,125" hai1="44,57,80,17,110,36,45,127,78,126,64,74,129" hai2="22,128,47,71,93,23,27,76,108,122,20,97,107" hai3="39,100,101,14,96,66,35,75,111,114,56,43,1"/><W77/><G35/><T69/><D34/><U62/><E110/><V90/><F128/><W121/><G114/><T99/><D125/><N who="1" m="47627" /><E129/><V102/><F71/><W88/><G121/><T41/><D5/><U11/><E36/><N who="0" m="13929" /><D95/><U112/><E112/><V21/><F108/><W117/><G117/><T91/><D91/><U106/><E106/><V85/><F122/><W73/><G111/><T79/><D79/><U48/><E48/><V25/><F47/><W3/><G39/><T60/><D94/><U67/><E64/><V118/><F118/><W131/><G43/><N who="0" m="16395" /><D99/><U83/><E80/><V9/><F9/><W33/><G131/><T63/><D120/><U40/><E40/><V109/><F109/><W116/><G33/><T113/><D113/><U4/><E17/><V31/><REACH who="2" step="1"/><F76/><REACH who="2" ten="224,327,305,134" step="2"/><W70/><G116/><T32/><D32/><U133/><E11/><V89/><F89/><W135/><G77/><T54/><D54/><U30/><E78/><V46/><F46/><W15/><G101/><T103/><D103/><U72/><E45/><V50/><F50/><AGARI ba="0,1" hai="49,50,53,59,60,63,65,69" m="16395,13929" machi="50" ten="30,8000,1" yaku="35,5" doraHai="119" who="0" fromWho="2" sc="224,90,327,0,305,-80,134,0" /><INIT seed="4,0,0,1,4,127" ten="314,327,225,134" oya="0" hai0="8,40,125,57,100,86,132,105,107,21,31,63,64" hai1="71,23,41,65,119,114,18,122,32,128,82,60,52" hai2="48,66,54,17,14,108,35,47,83,3,78,88,102" hai3="38,43,26,7,27,2,87,75,76,104,62,135,72"/><T96/><D125/><U110/><E32/><V121/><F3/><W67/><G87/><T46/><D132/><U29/><E29/><V6/><F35/><W61/><G61/><T116/><D116/><U91/><E119/><V44/><F6/><W85/><G85/><T95/><D8/><U89/><E41/><V74/><F121/><W19/><G19/><T12/><D86/><U20/><E122/><V56/><F102/><W1/><G27/><T77/><D77/><U134/><E110/><V131/><F108/><W30/><G135/><T79/><D79/><U103/><E134/><V117/><F66/><W111/><G111/><T5/><D5/><U69/><E103/><V36/><F36/><W42/><G42/><T133/><D133/><U68/><E23/><V50/><F117/><W33/><G104/><T16/><REACH who="0" step="1"/><D31/><REACH who="0" ten="304,327,225,134" step="2"/><U84/><E91/><V70/><F88/><W115/><G76/><T94/><D94/><U113/><E18/><V97/><F78/><W90/><G90/><T101/><D101/><U28/><E28/><V25/><F17/><W0/><G7/><T130/><D130/><U126/><E126/><V4/><F131/><W9/><G9/><T39/><AGARI ba="0,1" hai="12,16,21,39,40,46,57,63,64,95,96,100,105,107" machi="39" ten="20,7800,0" yaku="1,1,0,1,7,1,54,1,53,0" doraHai="127" doraHaiUra="81" who="0" fromWho="0" sc="304,88,327,-26,225,-26,134,-26" /><INIT seed="4,1,0,4,3,87" ten="392,301,199,108" oya="0" hai0="19,123,70,41,51,15,84,135,24,96,119,116,88" hai1="132,67,11,91,109,133,89,20,64,81,6,68,72" hai2="65,74,108,101,73,80,129,71,48,113,2,110,95" hai3="34,130,32,8,115,4,42,49,57,118,128,114,56"/><T104/><D70/><U12/><E109/><V105/><F2/><W79/><G79/><T50/><D123/><U85/><E72/><V75/><F48/><W61/><G118/><T27/><D135/><N who="1" m="51787" /><E20/><V97/><F65/><N who="1" m="25161" /><E68/><V124/><F71/><W9/><G61/><T35/><D119/><U17/><E6/><V62/><F62/><W40/><G49/><N who="0" m="18443" /><D104/><U7/><E7/><AGARI ba="1,0" hai="4,7,8,9,32,34,40,42,56,57,114,115,128,130" machi="7" ten="25,1600,0" yaku="22,2" doraHai="87" who="3" fromWho="1" sc="392,0,301,-19,199,0,108,19" /><INIT seed="5,0,0,5,1,6" ten="392,282,199,127" oya="1" hai0="92,69,106,1,128,77,97,48,87,35,61,73,98" hai1="111,114,82,26,80,110,27,135,112,103,71,0,75" hai2="116,127,113,88,40,20,86,36,46,108,9,7,74" hai3="60,21,17,79,37,126,45,99,47,123,28,44,120"/><U65/><E103/><V100/><F108/><N who="1" m="41513" /><E0/><V53/><F116/><W2/><G2/><T51/><D1/><U12/><E12/><V3/><F74/><W13/><G126/><T56/><D35/><U107/><E107/><V94/><F127/><W52/><G79/><T83/><D69/><U131/><E135/><V105/><F113/><N who="1" m="43625" /><E131/><V133/><F133/><W76/><G76/><T134/><D134/><U72/><E65/><V38/><F38/><W124/><G124/><T19/><D128/><U96/><E96/><V24/><F105/><W78/><G78/><T11/><D106/><U102/><E102/><V70/><F100/><W81/><G81/><N who="1" m="31338" /><E71/><V57/><F70/><W55/><G99/><T5/><D98/><U32/><E32/><V132/><F132/><W89/><G89/><T109/><D109/><U122/><E122/><V43/><F43/><W31/><G37/><T93/><D97/><U10/><E10/><V62/><F20/><W25/><G123/><T22/><D11/><U4/><E4/><V63/><REACH who="2" step="1"/><F24/><AGARI ba="0,0" hai="24,26,27,72,75" m="31338,43625,41513" machi="24" ten="40,12000,1" yaku="28,2,10,1,15,1" doraHai="6" who="1" fromWho="2" sc="392,0,282,120,199,-120,127,0" /><INIT seed="5,1,0,1,3,115" ten="392,402,79,127" oya="1" hai0="126,9,62,31,23,132,135,129,106,0,91,60,55" hai1="99,82,17,7,37,5,10,26,33,28,110,134,95" hai2="40,93,66,21,58,78,43,51,120,109,104,76,38" hai3="44,72,102,61,128,84,101,14,22,2,64,80,123"/><U121/><E37/><V94/><F104/><W48/><G72/><T71/><D106/><U65/><E65/><V45/><F109/><W54/><G123/><T27/><D129/><U46/><E46/><V133/><F120/><W13/><G2/><T87/><D126/><U36/><E36/><V70/><F133/><N who="0" m="51274" /><D71/><U35/><E121/><V81/><F43/><W30/><G128/><T56/><D0/><U4/><E134/><V57/><F57/><W69/><G14/><T107/><D107/><U12/><E82/><V16/><F78/><W11/><G22/><T108/><D108/><U98/><E110/><V103/><F103/><W75/><G30/><T63/><D9/><U32/><REACH who="1" step="1"/><E95/><AGARI ba="1,0" hai="23,27,31,55,56,60,62,63,87,91,95" m="51274" machi="95" ten="30,1000,0" yaku="20,1" doraHai="115" who="0" fromWho="1" sc="392,13,402,-13,79,0,127,0" /><INIT seed="6,0,0,3,3,50" ten="405,389,79,127" oya="2" hai0="38,122,53,56,54,73,6,69,20,33,16,0,35" hai1="59,92,105,55,82,34,104,114,79,68,123,86,24" hai2="8,45,107,83,120,129,48,62,89,51,99,61,75" hai3="124,43,106,84,11,14,26,18,21,30,87,13,58"/><V112/><F120/><W98/><G124/><T60/><D73/><U52/><E123/><V91/><F129/><W96/><G43/><T46/><D122/><U119/><E68/><V67/><F112/><W15/><G106/><T93/><D69/><U28/><E119/><V49/><F75/><W74/><G74/><T64/><D6/><U135/><E114/><V36/><F36/><W44/><G44/><T29/><D0/><U80/><E135/><V100/><F45/><W116/><G116/><T72/><D72/><U101/><E82/><V31/><F83/><W17/><G58/><T37/><D93/><U109/><E109/><V76/><F76/><W134/><G134/><T41/><D37/><U97/><REACH who="1" step="1"/><E55/><REACH who="1" ten="405,379,79,127" step="2"/><V95/><F67/><W131/><G131/><T42/><D42/><U102/><E102/><V63/><F31/><W108/><G108/><T126/><D126/><U40/><E40/><V127/><F127/><W7/><G30/><T22/><D29/><U32/><E32/><V9/><REACH who="2" step="1"/><F91/><REACH who="2" ten="405,379,69,127" step="2"/><W5/><G7/><T103/><D64/><U94/><E94/><V71/><F71/><W117/><G117/><T70/><D70/><U90/><E90/><V130/><F130/><W121/><G121/><T88/><D88/><U125/><E125/><V10/><F10/><W81/><G81/><T3/><D41/><U115/><E115/><V4/><F4/><W65/><G65/><T128/><D128/><U77/><E77/><V113/><F113/><W57/><G5/><T78/><D78/><U12/><E12/><N who="3" m="4714" /><G11/><T111/><D111/><U27/><E27/><RYUUKYOKU ba="0,2" sc="405,-15,379,15,69,15,127,-15" hai1="24,28,34,52,59,79,80,86,92,97,101,104,105" hai2="8,9,48,49,51,61,62,63,89,95,99,100,107" /><INIT seed="6,1,2,4,0,40" ten="390,394,84,112" oya="2" hai0="98,70,35,107,45,72,33,73,7,12,24,123,53" hai1="113,86,39,14,50,57,124,125,37,59,3,42,61" hai2="56,97,108,95,106,115,83,71,131,92,67,49,112" hai3="109,20,122,6,28,127,2,62,21,9,17,132,121"/><V51/><F71/><W133/><G62/><T117/><D123/><N who="3" m="47113" /><G109/><T104/><D117/><U29/><E3/><V103/><F108/><W46/><G46/><T114/><D70/><U26/><E14/><V19/><F131/><W116/><G116/><T22/><D114/><N who="2" m="43562" /><F83/><W85/><G85/><T36/><D35/><U90/><E113/><V66/><F19/><W101/><G101/><T38/><D33/><U99/><E99/><N who="2" m="59879" /><F106/><W55/><G55/><T8/><D38/><U102/><E102/><N who="2" m="60735" /><F56/><W118/><G118/><T5/><D107/><U1/><E1/><V25/><F25/><N who="3" m="16423" /><G127/><N who="1" m="48714" /><E29/><V129/><F129/><W126/><G126/><T75/><D104/><U41/><E26/><AGARI ba="1,2" hai="2,6,9,17,21,26,132,133" m="16423,47113" machi="26" ten="30,2000,0" yaku="34,2" doraHai="40" who="3" fromWho="1" sc="390,0,394,-23,84,0,112,43" /><INIT seed="7,0,0,0,1,82" ten="390,371,84,155" oya="3" hai0="72,134,30,80,126,51,31,60,123,119,79,42,5" hai1="104,53,135,64,109,44,11,78,114,88,107,67,71" hai2="62,21,61,26,77,92,12,19,66,15,100,132,40" hai3="121,59,118,129,6,18,117,87,14,108,29,101,41"/><W49/><G121/><T102/><D119/><U20/><E109/><V120/><F120/><W110/><G101/><T0/><D123/><U90/><E78/><V84/><F132/><W27/><G6/><T76/><D76/><U54/><E20/><V55/><F40/><W75/><G75/><T45/><D134/><U89/><E135/><V46/><F100/><W103/><G103/><T65/><D126/><U50/><E114/><V125/><F92/><W127/><G127/><T4/><D102/><U97/><E11/><V81/><F125/><W32/><G129/><T98/><D98/><U96/><E71/><V13/><REACH who="2" step="1"/><F66/><REACH who="2" ten="390,371,74,155" step="2"/><W37/><G41/><T73/><D42/><U7/><E67/><V116/><F116/><W85/><G118/><T23/><D65/><U33/><E64/><V128/><F128/><W28/><G117/><T39/><D39/><U74/><E107/><V35/><F35/><W22/><G37/><T58/><D80/><U133/><E104/><V131/><F131/><W57/><G32/><T3/><D3/><U124/><E33/><V56/><F56/><W38/><G38/><T94/><D58/><U86/><E124/><V25/><F25/><W115/><G27/><T105/><D0/><U83/><E133/><V17/><F17/><W113/><G59/><T8/><D94/><U47/><E7/><V106/><F106/><W24/><G24/><T122/><D5/><U16/><E16/><V1/><F1/><W93/><G18/><T99/><D4/><U95/><E95/><V112/><F112/><W111/><G113/><T9/><D105/><RYUUKYOKU ba="0,1" sc="390,-10,371,-10,74,30,155,-10" hai2="12,13,15,19,21,26,46,55,61,62,77,81,84" owari="390,49.0,361,16.0,104,-40.0,145,-25.0" /></mjloggm>