<mjloggm ver="2.3"><GO type="169" lobby="0"/><UN n0="%E3%82%8B%E3%81%84%E3%81%9A%E3%81%85%E3%81%86%E3%81%82%E3%81%81%E3%81%82" n1="%E8%A5%BF%E5%B8%AB" n2="%E3%81%BE%E3%81%93%E3%81%95%E3%81%A8%76%65%72%32" n3="%E3%82%A6%E3%83%AB%E3%83%88%E3%83%A9%E7%AB%8B%E7%9B%B4" dan="16,16,16,17" rate="2038.22,2055.09,2108.03,2147.74" sx="F,M,M,M"/><TAIKYOKU oya="0"/><INIT seed="0,0,0,1,5,101" ten="250,250,250,250" oya="0" hai0="43,48,14,94,105,54,64,13,87,28,81,108,16" hai1="65,22,86,80,55,121,128,72,45,52,75,76,126" hai2="19,112,125,130,122,123,135,31,29,27,6,69,68" hai3="17,131,40,56,61,49,110,25,71,118,74,53,41"/><T47/><D108/><U107/><E121/><V133/><F112/><W78/><G118/><T70/><D105/><U119/><E119/><V111/><F111/><W51/><G74/><T32/><D32/><U113/><E128/><V129/><F6/><W95/><G110/><T117/><D117/><U36/><E65/><V57/><F57/><N who="3" m="34991" /><G78/><T12/><D28/><N who="2" m="10826" /><F125/><W30/><G30/><T11/><D94/><U20/><E107/><V99/><F99/><W7/><G7/><T84/><D84/><U124/><E113/><V100/><F100/><W35/><G35/><T89/><REACH who="0" step="1"/><D43/><REACH who="0" ten="240,250,250,250" step="2"/><N who="1" m="22759" /><E86/><V115/><F115/><W109/><G95/><T98/><D98/><U104/><E104/><V60/><F68/><W132/><G71/><T46/><D46/><U34/><E34/><V44/><F44/><W63/><G109/><T18/><D18/><U58/><E75/><V67/><F19/><W9/><G131/><N who="2" m="50185" /><F27/><W82/><G25/><T59/><D59/><U62/><E72/><V114/><F114/><W42/><G82/><T4/><D4/><U33/><E33/><V21/><F123/><W102/><G102/><T66/><D66/><U24/><E80/><V26/><F122/><W120/><G120/><T38/><D38/><U50/><E24/><V77/><F26/><W15/><G132/><T106/><D106/><U73/><E124/><V0/><F135/><W91/><G91/><T127/><D127/><U103/><E126/><V39/><F133/><W92/><G92/><T90/><D90/><U134/><E103/><V96/><F39/><W93/><G93/><T23/><D23/><RYUUKYOKU ba="0,1" sc="240,15,250,-15,250,-15,250,15" hai0="11,12,13,14,16,47,48,54,64,70,81,87,89" hai3="9,15,17,40,41,42,49,51,56,63" /><INIT seed="0,1,1,5,4,135" ten="255,235,235,265" oya="0" hai0="0,47,53,106,13,51,132,7,85,4,96,94,50" hai1="100,12,36,104,82,89,10,35,92,31,91,20,99" hai2="74,71,75,95,5,33,23,44,76,39,121,118,49" hai3="133,102,127,81,134,114,37,124,32,105,90,15,3"/><T11/><D106/><U84/><E36/><V45/><F33/><W97/><G3/><T30/><D132/><N who="3" m="50793" /><G114/><T126/><D30/><U43/><E35/><V130/><F71/><W128/><G32/><T21/><D21/><U77/><E43/><V108/><F108/><W116/><G116/><T63/><D63/><U48/><E48/><V64/><F64/><W27/><G27/><T70/><D70/><U52/><E52/><V55/><F5/><W18/><G37/><T22/><D22/><U123/><E123/><V34/><F34/><W57/><G57/><N who="0" m="32951" /><D126/><N who="3" m="48169" /><G128/><T54/><D85/><U87/><E84/><V8/><F74/><W17/><G15/><T117/><D0/><U80/><E12/><V41/><F75/><W69/><G69/><T115/><D115/><U9/><E31/><V61/><F39/><W66/><G66/><T111/><D117/><U19/><E87/><AGARI ba="1,1" hai="17,18,81,87,90,97,102,105" m="48169,50793" machi="87" ten="30,8000,1" yaku="20,1,18,1,52,3" doraHai="135" who="3" fromWho="1" sc="255,0,235,-83,235,0,265,93" /><INIT seed="1,0,0,5,4,24" ten="255,152,235,358" oya="1" hai0="46,56,127,126,67,69,129,85,122,110,41,32,55" hai1="1,72,89,107,100,119,16,44,61,28,128,77,131" hai2="58,0,59,76,43,116,97,117,14,62,79,13,49" hai3="12,124,64,8,10,47,133,115,65,18,98,94,38"/><U84/><E119/><V54/><F0/><W113/><G124/><N who="0" m="47659" /><D32/><U53/><E1/><V123/><F123/><W93/><G133/><T75/><D75/><U104/><E77/><N who="2" m="29771" /><F117/><W51/><G38/><N who="0" m="21815" /><D85/><U87/><E72/><V48/><F116/><W109/><G109/><T121/><D110/><U111/><E111/><V57/><F97/><W4/><G115/><T23/><D23/><U71/><E87/><V45/><F59/><W80/><G80/><T95/><D95/><N who="3" m="36361" /><G98/><T68/><D129/><N who="1" m="49739" /><E100/><V30/><F30/><W5/><G113/><T92/><D92/><N who="1" m="54311" /><E71/><N who="0" m="27209" /><D67/><AGARI ba="0,0" hai="13,14,43,45,48,49,54,57,58,62,67" m="29771" machi="67" ten="30,1000,0" yaku="8,1" doraHai="24" who="2" fromWho="0" sc="255,-10,152,0,235,10,358,0" /><INIT seed="2,0,0,3,2,97" ten="245,152,245,358" oya="2" hai0="54,72,73,104,43,125,128,19,52,45,7,126,65" hai1="103,6,46,80,99,9,37,60,58,39,71,81,77" hai2="13,131,0,1,87,79,53,21,35,84,44,68,11" hai3="51,33,48,57,94,31,95,119,118,89,47,75,63"/><V66/><F131/><W133/><G75/><T108/><D128/><U24/><E71/><V109/><F35/><W101/><G33/><T62/><D108/><U117/><E117/><V12/><F109/><W122/><G122/><T111/><D111/><U90/><E90/><V50/><F68/><W59/><G133/><T10/><D19/><U17/><E46/><V70/><F70/><W86/><G31/><T40/><D104/><U34/><E34/><V69/><F69/><W127/><G127/><N who="0" m="48651" /><D65/><U121/><E17/><N who="2" m="10415" /><F0/><W129/><G129/><T18/><D18/><U38/><E24/><V112/><F1/><W42/><G119/><T88/><D88/><U102/><E121/><V8/><F112/><W124/><G118/><T106/><D106/><U5/><E99/><V49/><F66/><N who="3" m="39279" /><G124/><T67/><D67/><U107/><E107/><V120/><F120/><W93/><G101/><N who="1" m="38410" /><E77/><V74/><F74/><W22/><G22/><T30/><D73/><U20/><E20/><V115/><F115/><W134/><G134/><T3/><D72/><U25/><E25/><V32/><F32/><W28/><G28/><T56/><D30/><U4/><E9/><N who="2" m="3659" /><F79/><W105/><G105/><T41/><D3/><U15/><E15/><V55/><F12/><W132/><G132/><T83/><D10/><U91/><E91/><V27/><F27/><W98/><G98/><T96/><D96/><U135/><E135/><V130/><F130/><W36/><G36/><T23/><D23/><U61/><E58/><AGARI ba="0,0" hai="44,49,50,53,55,58,84,87" m="3659,10415" machi="58" ten="30,1500,0" yaku="8,1" doraHai="97" who="2" fromWho="1" sc="245,0,152,-15,245,15,358,0" /><INIT seed="2,1,0,2,4,42" ten="245,137,260,358" oya="2" hai0="118,17,1,49,18,14,25,97,32,31,44,102,33" hai1="58,12,125,103,83,10,101,113,45,108,64,122,90" hai2="87,67,69,26,21,100,6,39,72,110,4,115,22" hai3="34,70,56,71,86,132,66,29,96,112,51,40,0"/><V28/><F72/><W46/><G0/><T107/><D1/><U128/><E108/><V119/><F115/><W43/><G34/><T120/><D120/><U89/><E113/><V30/><F119/><W59/><G29/><T20/><D118/><U94/><E128/><V38/><F110/><W114/><G86/><T123/><D123/><U7/><E125/><V74/><F74/><W68/><G96/><T78/><D78/><U62/><E122/><V73/><F73/><W24/><G24/><T121/><D121/><U36/><E83/><V105/><F87/><W55/><G132/><T124/><D124/><U57/><E57/><N who="3" m="22090" /><G66/><T19/><REACH who="0" step="1"/><D33/><REACH who="0" ten="235,137,260,358" step="2"/><U5/><E5/><V92/><F67/><W135/><G135/><T91/><D91/><U35/><E35/><V75/><F100/><W37/><G112/><T13/><D13/><U50/><E90/><V47/><F26/><W52/><G114/><T60/><D60/><U117/><E117/><V111/><F111/><W81/><G81/><T8/><D8/><U134/><E134/><V80/><F80/><W93/><G93/><T3/><D3/><U23/><E23/><V109/><F92/><W9/><G9/><T130/><D130/><U15/><E15/><V48/><F22/><W129/><G129/><T131/><D131/><U85/><REACH who="1" step="1"/><E36/><REACH who="1" ten="235,127,260,358" step="2"/><V84/><F21/><W11/><G11/><T16/><D16/><U99/><E99/><V133/><F39/><W65/><G65/><T61/><D61/><U88/><E88/><V41/><F38/><W2/><G2/><T95/><D95/><U53/><AGARI ba="1,2" hai="7,10,12,45,50,53,58,62,64,85,89,94,101,103" machi="53" ten="20,12000,2" yaku="1,1,5,1,0,1,7,1,8,1,52,1,53,1" doraHai="42" doraHaiUra="54" who="1" fromWho="1" sc="235,-31,127,143,260,-61,358,-31" /><INIT seed="3,0,0,5,1,47" ten="204,270,199,327" oya="3" hai0="30,80,10,40,44,5,50,38,60,127,23,81,7" hai1="54,32,130,28,115,57,22,9,110,59,48,114,34" hai2="33,18,52,89,100,8,78,62,82,26,19,17,99" hai3="120,108,74,132,77,61,95,46,70,13,35,102,29"/><W43/><G120/><T96/><D127/><U1/><E110/><V124/><F124/><W72/><G108/><T45/><D60/><U117/><E117/><V97/><F33/><W20/><G132/><T41/><D96/><U69/><E69/><V86/><F78/><W101/><G74/><T21/><D30/><U98/><E130/><V88/><F89/><W129/><G129/><T36/><REACH who="0" step="1"/><D10/><REACH who="0" ten="194,270,199,327" step="2"/><U75/><E9/><V121/><F121/><W133/><G29/><T53/><D53/><U123/><E98/><V55/><F97/><W42/><G61/><T71/><D71/><U73/><E123/><V56/><F55/><W103/><G70/><T67/><D67/><U58/><E54/><V87/><F8/><W27/><G133/><T109/><D109/><U83/><E28/><V0/><F0/><W66/><G66/><T92/><D92/><U91/><E115/><V90/><F26/><W24/><G95/><T14/><D14/><U31/><E1/><V104/><F18/><N who="3" m="10319" /><G27/><T119/><D119/><U51/><E31/><V106/><F106/><W3/><G24/><T126/><D126/><U105/><E105/><V39/><F39/><N who="3" m="21855" /><G3/><T122/><D122/><U93/><E114/><V16/><F17/><W84/><G35/><T79/><D79/><U94/><E32/><V11/><F11/><W135/><G135/><T68/><D68/><U118/><E34/><V134/><F134/><W107/><G107/><T49/><AGARI ba="0,1" hai="5,7,21,23,36,38,40,41,44,45,49,50,80,81" machi="49" ten="25,12000,2" yaku="1,1,0,1,22,2,52,2,53,0" doraHai="47" doraHaiUra="116" who="0" fromWho="0" sc="194,130,270,-30,199,-30,327,-60" /><INIT seed="4,0,0,4,5,119" ten="324,240,169,267" oya="0" hai0="101,91,126,4,96,19,94,59,23,79,133,17,108" hai1="15,53,61,121,7,89,64,42,2,32,72,113,117" hai2="80,82,37,57,69,70,67,58,93,76,0,35,66" hai3="104,62,13,84,16,106,18,28,55,83,20,110,21"/><T50/><D126/><U36/><E117/><V97/><F35/><W116/><G116/><T114/><D114/><U39/><E32/><V25/><F0/><W51/><G62/><T47/><D133/><U74/><E2/><V85/><F37/><W86/><G28/><T81/><D4/><U71/><E36/><V135/><F135/><W123/><G110/><T8/><D8/><U5/><E5/><V33/><F58/><W131/><G131/><T95/><D59/><U46/><E121/><V29/><F67/><W65/><G65/><T6/><D6/><U124/><E124/><V88/><F66/><W26/><G123/><T92/><D91/><U100/><E100/><V41/><F41/><W9/><G21/><T122/><D122/><U43/><E43/><V45/><F45/><W115/><G115/><T90/><D90/><U52/><E89/><V128/><F128/><W1/><G1/><T60/><D60/><U3/><E3/><V12/><F57/><W73/><G73/><T27/><D17/><U120/><E120/><V54/><F54/><N who="1" m="21097" /><E113/><V75/><REACH who="2" step="1"/><F12/><REACH who="2" ten="324,240,159,267" step="2"/><W112/><G112/><T22/><D47/><N who="1" m="24031" /><E15/><V130/><F130/><W40/><G40/><T127/><D127/><U99/><E46/><V44/><F44/><W68/><G55/><T77/><D108/><U132/><E132/><V105/><F105/><N who="3" m="40555" /><G51/><T34/><D50/><U56/><E56/><V107/><F107/><W98/><G68/><T129/><D34/><U118/><E71/><V14/><F14/><W31/><G13/><T24/><D129/><U38/><E64/><V49/><F49/><RYUUKYOKU ba="0,1" sc="324,-10,240,-10,159,30,267,-10" hai2="25,29,33,69,70,75,76,80,82,85,88,93,97" /><INIT seed="5,1,1,3,2,107" ten="314,230,189,257" oya="1" hai0="113,47,110,12,112,17,134,40,122,2,92,23,60" hai1="37,57,121,7,11,5,68,93,42,91,62,44,83" hai2="63,87,18,135,101,29,67,117,50,119,30,16,53" hai3="15,61,56,79,25,94,20,26,58,75,73,51,95"/><U128/><E68/><V102/><F135/><W54/><G79/><T108/><D2/><U124/><E121/><V78/><F67/><W109/><G109/><T10/><D134/><U98/><E128/><V3/><F3/><W34/><G34/><T111/><D122/><U100/><E124/><V35/><F63/><W82/><G82/><T52/><D92/><N who="3" m="35369" /><G75/><T22/><D60/><U76/><E100/><N who="2" m="38507" /><F35/><W14/><G73/><T86/><D86/><U89/><E89/><V106/><F106/><W90/><G90/><T105/><D105/><U72/><REACH who="1" step="1"/><E11/><REACH who="1" ten="314,220,189,257" step="2"/><V4/><F119/><W13/><G20/><T28/><D22/><U74/><E74/><V39/><F117/><W31/><G31/><T64/><D23/><U120/><E120/><V59/><F30/><W81/><G81/><T19/><D28/><U32/><E32/><V130/><F29/><W84/><G84/><T0/><D111/><U80/><E80/><V24/><F87/><W77/><G77/><T85/><D85/><U88/><E88/><V71/><F78/><W6/><G6/><T21/><D110/><U129/><E129/><V131/><F4/><W70/><G70/><T43/><D108/><U125/><E125/><V9/><F71/><W46/><G58/><T41/><D10/><U55/><AGARI ba="1,2" hai="5,7,37,42,44,55,57,62,72,76,83,91,93,98" machi="55" ten="20,7800,0" yaku="1,1,0,1,7,1,52,1,53,0" doraHai="107" doraHaiUra="126" who="1" fromWho="1" sc="314,-27,220,101,189,-27,257,-27" /><INIT seed="5,2,0,4,1,23" ten="287,321,162,230" oya="1" hai0="62,4,32,128,106,105,95,45,117,79,61,7,114" hai1="86,48,27,90,56,91,6,15,40,87,53,52,5" hai2="101,74,82,12,2,29,41,73,133,83,64,99,131" hai3="116,63,59,69,65,109,81,102,98,43,16,50,10"/><U49/><E40/><V123/><F2/><W19/><G116/><T88/><D117/><U35/><E35/><V13/><F41/><W57/><G109/><T108/><D108/><U17/><E17/><V94/><F123/><W130/><G130/><T96/><D128/><U78/><E27/><V111/><F131/><W28/><G28/><T67/><D32/><U89/><E78/><V100/><F111/><W38/><G81/><N who="2" m="30729" /><F29/><W0/><G0/><T8/><D114/><U24/><E24/><V70/><F70/><W42/><G69/><T76/><D105/><U103/><E103/><N who="2" m="60919" /><F64/><N who="3" m="39023" /><G38/><T25/><D106/><U68/><E68/><V11/><F13/><N who="3" m="7223" /><G19/><T71/><D71/><U3/><E3/><V97/><F12/><W115/><G115/><T119/><D119/><U77/><E77/><V129/><F11/><W44/><G42/><T46/><D4/><N who="1" m="1643" /><E15/><V113/><F129/><W127/><G127/><T26/><D7/><U21/><E21/><V132/><F113/><W31/><G31/><T55/><D8/><U112/><E112/><V107/><F101/><W75/><G75/><AGARI ba="2,0" hai="73,74,75,97,100,107,132,133" m="60919,30729" machi="75" ten="30,2000,0" yaku="34,2" doraHai="23" who="2" fromWho="3" sc="287,0,321,0,162,26,230,-26" /><INIT seed="6,0,0,0,2,98" ten="287,321,188,204" oya="2" hai0="22,101,14,65,131,92,55,37,56,94,43,54,27" hai1="100,30,48,4,115,11,67,8,38,3,74,79,95" hai2="107,0,113,112,105,108,99,73,87,33,28,29,9" hai3="19,125,64,77,124,58,121,21,69,111,63,133,83"/><V102/><F73/><W80/><G111/><T24/><D131/><U60/><E38/><V42/><F108/><W88/><G121/><T59/><D37/><U57/><E30/><N who="2" m="11883" /><F33/><W2/><G2/><T81/><D43/><U90/><E8/><V110/><F110/><W15/><G133/><T128/><D65/><U78/><E74/><V7/><F42/><W130/><G130/><T86/><D128/><U35/><E35/><V123/><F87/><W25/><G25/><T39/><D14/><N who="1" m="5479" /><E115/><N who="2" m="44107" /><F123/><W6/><G6/><T20/><D39/><U71/><E71/><V50/><F50/><W89/><G69/><T1/><D86/><N who="1" m="52695" /><E3/><V84/><F84/><N who="3" m="48143" /><G83/><T129/><D81/><U114/><E114/><V76/><F76/><N who="1" m="29225" /><E48/><V36/><F36/><W26/><G26/><T75/><D24/><U122/><E122/><V109/><F109/><W116/><G116/><T23/><D27/><U45/><E45/><V5/><F5/><W10/><G10/><T41/><D1/><U93/><E93/><AGARI ba="0,0" hai="0,7,9,93,99,102,105,107" m="44107,11883" machi="93" ten="30,2900,0" yaku="15,1,52,1" doraHai="98" who="2" fromWho="1" sc="287,0,321,-29,188,29,204,0" /><INIT seed="6,1,0,1,3,34" ten="287,292,217,204" oya="2" hai0="100,40,41,4,30,78,88,98,76,13,133,12,18" hai1="35,8,81,68,42,70,55,33,102,126,72,93,50" hai2="90,123,58,104,71,37,106,0,5,53,108,134,59" hai3="114,80,28,97,74,125,75,84,24,20,29,118,91"/><V19/><F71/><W56/><G118/><T103/><D133/><U32/><E42/><N who="0" m="16489" /><D30/><U49/><E126/><V51/><F37/><W23/><G125/><T120/><D120/><U130/><E130/><V47/><F123/><W63/><G114/><T62/><D62/><U96/><E8/><V26/><F134/><W115/><G115/><T21/><D88/><U99/><E50/><V113/><F113/><W38/><G38/><T95/><D103/><U86/><E72/><V57/><F108/><W22/><G97/><T16/><D4/><U17/><E96/><V109/><F109/><W94/><G29/><T14/><D18/><U127/><E17/><V112/><F112/><W117/><G117/><T83/><D83/><U44/><REACH who="1" step="1"/><E127/><REACH who="1" ten="287,282,217,204" step="2"/><V124/><F124/><W25/><G75/><T135/><D135/><U10/><E10/><V89/><F19/><W39/><G39/><T48/><D48/><U66/><E66/><V7/><F26/><AGARI ba="1,1" hai="12,13,14,16,21,26,76,78,95,98,100" m="16489" machi="26" ten="30,2000,0" yaku="8,1,54,1" doraHai="34" who="0" fromWho="2" sc="287,33,282,0,217,-23,204,0" /><INIT seed="7,0,0,3,1,3" ten="320,282,194,204" oya="3" hai0="12,8,124,10,52,104,18,24,60,105,49,16,98" hai1="7,88,128,127,13,59,25,133,14,29,89,56,65" hai2="50,40,30,118,130,108,4,69,102,75,85,51,95" hai3="84,34,46,61,44,23,1,70,27,53,78,62,135"/><W20/><G34/><T35/><D60/><N who="3" m="23145" /><G1/><T106/><D124/><U26/><E127/><V81/><F69/><W37/><G37/><T119/><D119/><U93/><E128/><V76/><F118/><W90/><G70/><T19/><D98/><N who="1" m="57639" /><E133/><V21/><F108/><W114/><G114/><T110/><D110/><U9/><E65/><V120/><F130/><W86/><G135/><T111/><D111/><U6/><E89/><V73/><F73/><W129/><G129/><T38/><D38/><U72/><E72/><V39/><F39/><W100/><G100/><T126/><D126/><U92/><E92/><V33/><F33/><W47/><G53/><T42/><D42/><U131/><E131/><V99/><F120/><W121/><G121/><T96/><D35/><U115/><E115/><V80/><F40/><W107/><G107/><T32/><D32/><U58/><E29/><V0/><F30/><W97/><G27/><N who="1" m="10250" /><E14/><V17/><F75/><W55/><G55/><T132/><D24/><U64/><E64/><V36/><F36/><W15/><G15/><N who="0" m="7271" /><D132/><U82/><E82/><V94/><F81/><N who="3" m="47159" /><G97/><T71/><D96/><U41/><E41/><V79/><F79/><W22/><G86/><T83/><D83/><U2/><E2/><V5/><F94/><W123/><G123/><T134/><D71/><U116/><E116/><V125/><F125/><W31/><G31/><T117/><D117/><U109/><E109/><V43/><F0/><W112/><G112/><T48/><D134/><U57/><N who="1" m="14336" /><DORA hai="103" /><U122/><E122/><V66/><F66/><W45/><G90/><RYUUKYOKU ba="0,0" sc="320,-10,282,30,194,-10,204,-10" hai1="6,7,9,13" owari="310,11.0,312,42.0,184,-32.0,194,-21.0" /></mjloggm>