<mjloggm ver="2.3"><GO type="169" lobby="0"/><UN n0="%74%75%6A%69%31%30%39%31" n1="%E6%98%9F%E6%B5%81%EF%BC%A0%53%65%69%52%75" n2="%E3%82%A6%E3%83%AB%E3%83%88%E3%83%A9%E7%AB%8B%E7%9B%B4" n3="%E6%9D%BE%E5%B1%8B%E3%81%8A%E3%81%98%E3%81%95%E3%82%93" dan="16,16,17,16" rate="2075.63,2048.77,2142.36,2151.50" sx="M,M,M,M"/><TAIKYOKU oya="0"/><INIT seed="0,0,0,2,2,62" ten="250,250,250,250" oya="0" hai0="63,98,113,64,124,48,40,88,95,10,19,39,12" hai1="31,37,29,129,18,14,79,56,11,103,54,6,33" hai2="102,91,75,32,0,41,60,13,9,96,121,82,20" hai3="123,125,38,77,34,128,134,53,27,99,100,80,2"/><T115/><D124/><U90/><E37/><V4/><F121/><W120/><G2/><T23/><D39/><U71/><E71/><V111/><F111/><W87/><G38/><T36/><D36/><U21/><E129/><V28/><F41/><W93/><G34/><T86/><D98/><U114/><E114/><V106/><F60/><W51/><G125/><T119/><D119/><U126/><E126/><V97/><F97/><W24/><G128/><T55/><D40/><U65/><E103/><V52/><F52/><W61/><G61/><T43/><D43/><U8/><E79/><V66/><F91/><W73/><G134/><T26/><D26/><U30/><E33/><V84/><F84/><W15/><G15/><T117/><D10/><U59/><E90/><V57/><F82/><W22/><G73/><T132/><D132/><U72/><E72/><V42/><F42/><W89/><G100/><T109/><D109/><U101/><E101/><V85/><F85/><W69/><G69/><N who="0" m="42143" /><D117/><U47/><E65/><V16/><F75/><W68/><G68/><T49/><D49/><N who="1" m="28991" /><E8/><V110/><F110/><W107/><G123/><T133/><D133/><U135/><E135/><V67/><F57/><AGARI ba="0,0" hai="12,19,23,48,55,57,86,88,95,113,115" m="42143" machi="57" ten="30,5800,0" yaku="25,1,52,1,54,1" doraHai="62" who="0" fromWho="2" sc="250,58,250,0,250,-58,250,0" /><INIT seed="0,1,0,2,0,14" ten="308,250,192,250" oya="0" hai0="28,91,45,39,37,49,54,57,106,129,42,6,60" hai1="85,119,86,0,125,97,122,114,76,51,98,82,12" hai2="87,84,103,111,46,64,69,31,131,43,4,9,61" hai3="134,135,30,10,65,13,124,41,32,17,26,89,19"/><T16/><D106/><U25/><E0/><V50/><F111/><W27/><G41/><T99/><D129/><U110/><E122/><V23/><F131/><W40/><G40/><T101/><D6/><U18/><E119/><V74/><F74/><W63/><G89/><T77/><D28/><U112/><E110/><V34/><F34/><W52/><G27/><T102/><D77/><U127/><E25/><V56/><F103/><W70/><G124/><N who="1" m="47690" /><E51/><V72/><F72/><W94/><G94/><N who="0" m="56799" /><D39/><U109/><E109/><V3/><F31/><W132/><G52/><N who="0" m="33831" /><D37/><U68/><E68/><V73/><F73/><W104/><G104/><T81/><D81/><N who="1" m="47271" /><E12/><V118/><F118/><W88/><G88/><T20/><D42/><U21/><E21/><V66/><F23/><W5/><AGARI ba="1,0" hai="5,10,13,17,19,26,30,32,63,65,70,132,134,135" machi="5" ten="30,7900,0" yaku="0,1,20,1,52,2" doraHai="14" who="3" fromWho="3" sc="308,-40,250,-21,192,-21,250,82" /><INIT seed="1,0,0,0,3,47" ten="268,229,171,332" oya="1" hai0="106,90,44,79,17,103,128,55,25,11,5,4,91" hai1="75,65,49,83,101,40,109,61,114,69,97,21,77" hai2="39,76,99,71,84,10,127,107,100,74,7,116,62" hai3="2,85,131,0,57,118,88,63,24,29,8,43,59"/><U113/><E109/><V33/><F84/><W36/><G131/><T130/><D106/><U78/><E78/><V60/><F60/><W102/><G102/><T1/><D103/><U48/><E21/><V72/><F116/><W26/><G118/><T14/><D79/><U104/><REACH who="1" step="1"/><E40/><REACH who="1" ten="268,219,171,332" step="2"/><V132/><F76/><W120/><G43/><T41/><D41/><U64/><E64/><V45/><F33/><W22/><G22/><T123/><D123/><U121/><E121/><V119/><F119/><W56/><G120/><T81/><D128/><U86/><E86/><V112/><F74/><W135/><G85/><T53/><D130/><U122/><E122/><V38/><F72/><W68/><G26/><T28/><D25/><U111/><E111/><V51/><F112/><AGARI ba="0,1" hai="48,49,61,65,69,75,77,83,97,101,104,112,113,114" machi="112" ten="40,7700,0" yaku="1,1,52,2,53,0" doraHai="47" doraHaiUra="34" who="1" fromWho="2" sc="268,0,219,87,171,-77,332,0" /><INIT seed="1,1,0,5,1,5" ten="268,306,94,332" oya="1" hai0="58,39,35,131,36,38,85,60,69,59,90,98,14" hai1="56,18,27,74,49,22,28,79,127,97,40,50,37" hai2="17,10,125,71,120,32,100,25,64,84,111,29,11" hai3="76,126,2,134,122,47,70,116,130,65,26,1,91"/><U15/><E127/><V118/><F120/><W86/><G122/><T7/><D131/><U114/><E114/><V63/><F118/><W75/><G126/><T44/><D35/><U135/><E135/><V20/><F125/><W41/><G134/><T61/><D98/><U66/><E74/><V51/><F111/><W9/><G130/><T13/><D69/><U95/><E79/><V12/><F84/><W92/><G116/><T83/><D44/><U16/><E37/><V121/><F121/><W54/><G54/><T57/><REACH who="0" step="1"/><D7/><REACH who="0" ten="258,306,94,332" step="2"/><U48/><E40/><V109/><F109/><W3/><G47/><T6/><D6/><U129/><E129/><V67/><F67/><W31/><G41/><T123/><D123/><U52/><E66/><V81/><F81/><W80/><G65/><T19/><D19/><N who="1" m="7211" /><E15/><AGARI ba="1,1" hai="13,14,15,36,38,39,57,58,59,60,61,83,85,90" machi="15" ten="50,1600,0" yaku="1,1,53,0" doraHai="5" doraHaiUra="42" who="0" fromWho="1" sc="258,29,306,-19,94,0,332,0" /><INIT seed="2,0,0,5,2,87" ten="287,287,94,332" oya="2" hai0="7,39,27,65,10,16,6,100,57,62,72,80,50" hai1="22,125,83,109,95,11,58,44,116,51,61,90,31" hai2="41,122,14,0,55,60,69,99,135,78,104,128,134" hai3="97,111,4,132,121,66,117,108,25,84,5,82,107"/><V103/><F0/><W53/><G117/><T17/><D39/><U106/><E106/><V36/><F122/><W13/><G121/><T28/><D100/><U33/><E33/><V48/><F128/><W75/><G75/><T26/><D26/><N who="1" m="16855" /><E109/><N who="3" m="42058" /><G66/><T56/><D72/><U98/><E125/><V89/><F78/><N who="3" m="46167" /><G25/><T123/><D123/><U112/><E112/><V92/><F14/><W126/><G132/><N who="2" m="50729" /><F36/><W70/><G70/><T54/><D80/><U115/><E115/><V12/><F12/><W29/><G29/><T85/><D85/><U74/><E74/><V20/><F20/><W114/><G13/><N who="0" m="5343" /><D6/><U105/><E11/><V91/><F104/><W34/><G107/><T124/><D124/><U71/><E105/><V49/><F69/><W42/><G34/><T59/><D56/><U35/><E35/><V118/><F118/><W30/><G30/><T113/><D113/><U9/><E71/><V101/><F101/><W46/><G126/><T94/><D28/><U102/><E9/><V110/><F110/><W68/><G68/><T93/><D27/><U52/><E116/><V73/><F73/><W19/><G114/><T77/><D77/><U21/><E21/><V43/><F60/><W23/><G23/><T63/><D63/><U67/><E83/><V88/><F49/><W8/><G8/><T47/><D57/><AGARI ba="0,0" hai="41,43,48,55,57,88,89,91,92,99,103" m="50729" machi="57" ten="30,12000,1" yaku="20,1,52,3,54,1" doraHai="87" who="2" fromWho="0" sc="287,-120,287,0,94,120,332,0" /><INIT seed="2,1,0,4,2,89" ten="167,287,214,332" oya="2" hai0="58,114,44,92,90,94,23,130,48,91,0,21,115" hai1="35,9,77,69,85,17,81,34,30,78,46,120,11" hai2="76,111,95,16,116,47,51,19,72,52,50,104,107" hai3="4,105,64,6,80,40,43,3,22,100,12,62,93"/><V126/><F116/><W15/><G3/><T54/><D130/><U20/><E69/><V123/><F123/><W106/><G105/><T10/><D0/><U25/><E120/><V118/><F118/><W79/><G106/><T37/><D10/><U7/><E77/><V59/><F126/><W65/><G80/><T2/><D2/><U8/><E46/><V119/><F119/><W36/><G79/><T13/><D37/><U70/><E70/><V55/><F111/><W66/><G62/><T39/><D39/><U108/><E108/><V128/><F128/><W74/><G74/><T14/><D114/><U135/><E135/><V129/><F129/><W75/><G75/><T131/><D131/><U86/><E86/><V96/><F107/><W82/><G82/><T125/><D125/><U84/><E84/><V29/><F104/><W38/><G36/><T33/><D33/><U134/><E134/><V97/><F29/><W1/><G38/><T124/><D124/><U53/><E53/><V26/><F26/><W32/><G32/><T113/><D115/><U56/><E56/><V60/><F60/><W27/><G1/><T99/><D113/><U42/><E42/><N who="3" m="15914" /><G4/><T127/><D127/><U5/><REACH who="1" step="1"/><E35/><REACH who="1" ten="167,277,214,332" step="2"/><V63/><F76/><W122/><G122/><T101/><D44/><U132/><E132/><V68/><F72/><W83/><G83/><T57/><D57/><U103/><E103/><N who="2" m="60831" /><F68/><W102/><G102/><T109/><D101/><U31/><E31/><V110/><F110/><W117/><G100/><T49/><D109/><U98/><E98/><V61/><F97/><RYUUKYOKU ba="1,1" sc="167,-15,277,15,214,15,332,-15" hai1="5,7,8,9,11,17,20,25,30,34,78,81,85" hai2="16,19,47,50,51,52,55,59,61,63" /><INIT seed="2,2,1,3,5,12" ten="152,292,229,317" oya="2" hai0="24,14,33,44,67,83,38,115,134,69,23,5,132" hai1="131,32,30,46,111,110,54,21,58,98,119,120,100" hai2="7,1,97,74,77,93,95,87,8,27,48,86,80" hai3="41,43,78,94,61,112,108,4,20,96,79,124,2"/><V60/><F60/><W104/><G104/><T64/><D115/><U125/><E119/><V71/><F71/><W105/><G105/><T85/><D33/><U65/><E32/><V3/><F3/><W116/><G116/><T72/><D72/><U37/><E131/><V106/><F48/><W34/><G34/><T101/><D101/><U135/><E135/><N who="0" m="51753" /><D5/><U50/><E125/><V114/><F114/><W11/><G124/><T126/><D126/><U45/><E120/><V39/><F39/><W99/><G99/><T118/><D14/><U25/><E37/><V42/><F42/><W26/><G108/><N who="1" m="41514" /><E65/><V55/><F55/><W17/><G112/><T133/><N who="0" m="51761" /><T63/><DORA hai="15" /><D67/><U88/><E88/><N who="2" m="53407" /><F27/><W70/><G43/><N who="0" m="22647" /><D118/><U66/><E66/><V53/><F53/><W75/><G41/><T84/><D83/><U107/><AGARI ba="2,1" hai="21,25,30,45,46,50,54,58,98,100,107" m="41514" machi="107" ten="30,1100,0" yaku="14,1" doraHai="12,15" who="1" fromWho="1" sc="152,-5,292,27,229,-7,317,-5" /><INIT seed="3,0,0,1,5,90" ten="147,319,222,312" oya="3" hai0="55,3,114,65,88,15,39,128,20,119,31,27,47" hai1="131,9,11,49,68,89,75,127,7,63,42,60,43" hai2="105,117,21,33,37,18,76,28,116,64,124,94,83" hai3="86,120,132,91,121,126,51,62,104,78,92,97,113"/><W95/><G113/><T84/><D128/><U19/><E75/><V13/><F105/><W54/><G126/><T96/><D119/><U87/><E131/><V133/><F37/><W0/><G0/><T85/><D114/><U30/><E30/><V12/><F124/><W112/><G112/><T77/><D3/><U26/><E127/><V52/><F133/><W48/><G132/><T79/><D65/><U67/><E63/><V101/><F64/><W10/><G104/><T130/><D130/><U1/><E49/><V61/><F28/><W110/><G110/><T58/><D39/><U5/><E5/><V57/><F33/><W102/><G78/><N who="0" m="29707" /><D47/><U135/><E135/><V17/><F94/><W107/><G107/><T74/><D74/><U100/><E100/><V106/><F101/><W44/><G62/><N who="0" m="36191" /><D15/><U25/><E42/><V16/><F106/><W23/><G10/><T115/><D115/><U103/><E43/><V82/><F82/><W8/><G8/><T29/><D29/><U129/><E103/><V81/><F81/><W22/><REACH who="3" step="1"/><G48/><REACH who="3" ten="147,319,222,302" step="2"/><T134/><D134/><U66/><E129/><V41/><F76/><W34/><G34/><T111/><D111/><U93/><E67/><V6/><F61/><W36/><G36/><T70/><D70/><U108/><E108/><V73/><F73/><W123/><AGARI ba="0,1" hai="22,23,44,51,54,86,91,92,95,97,102,120,121,123" machi="123" ten="30,12000,1" yaku="1,1,0,1,52,2,53,1" doraHai="90" doraHaiUra="50" who="3" fromWho="3" sc="147,-40,319,-40,222,-40,302,130" /><INIT seed="3,1,0,4,4,5" ten="107,279,182,432" oya="3" hai0="43,81,44,46,101,105,7,116,94,112,12,85,9" hai1="88,106,48,67,79,74,114,130,0,26,84,118,61" hai2="4,66,8,41,53,97,11,36,126,131,110,31,95" hai3="89,63,10,96,19,28,122,135,128,2,37,56,100"/><W69/><G37/><T119/><D116/><U27/><E114/><V68/><F110/><W57/><G122/><T64/><D119/><U83/><E106/><V20/><F126/><W80/><G128/><T129/><D129/><U92/><E130/><V93/><F131/><W59/><G28/><T78/><D112/><U134/><E134/><V90/><F4/><W104/><G135/><T49/><D105/><U120/><E120/><V51/><F36/><W16/><G89/><T91/><D46/><U125/><E125/><V1/><F1/><W98/><G96/><N who="0" m="59543" /><D64/><U72/><E0/><V62/><F41/><W77/><G2/><T75/><D75/><U87/><E118/><V15/><F95/><W47/><G47/><T113/><D113/><U71/><E74/><V107/><F107/><W35/><G35/><T109/><D109/><U58/><E72/><V33/><F33/><W82/><G82/><T21/><D21/><U38/><E38/><V99/><F99/><W17/><G69/><T24/><D24/><U13/><E13/><V121/><F121/><W102/><G63/><T76/><AGARI ba="1,0" hai="7,9,12,43,44,49,76,78,81,85,91" m="59543" machi="76" ten="30,2000,0" yaku="8,1,52,1" doraHai="5" who="0" fromWho="0" sc="107,23,279,-6,182,-6,432,-11" /><INIT seed="4,0,0,3,1,17" ten="130,273,176,421" oya="0" hai0="68,97,31,38,100,96,1,122,90,123,50,84,106" hai1="41,15,27,121,72,39,29,34,37,71,23,51,47" hai2="78,18,128,21,69,26,77,75,129,16,104,43,66" hai3="82,132,57,95,14,103,19,76,58,93,35,81,74"/><T86/><D38/><U127/><E72/><V46/><F104/><W13/><G35/><T28/><D68/><U79/><E79/><V67/><F69/><W92/><G132/><T44/><D1/><U124/><E71/><V45/><F75/><W130/><G130/><N who="2" m="50281" /><F45/><W10/><G103/><T110/><D110/><U109/><E109/><V116/><F116/><W108/><G108/><T88/><D106/><U33/><E121/><V119/><F119/><W0/><G0/><T85/><D100/><U5/><E34/><V111/><F111/><W98/><G98/><N who="0" m="37995" /><D50/><U36/><E33/><V6/><F6/><N who="3" m="3287" /><G74/><T53/><D53/><U131/><E131/><V12/><F67/><W73/><G73/><T87/><N who="0" m="21504" /><DORA hai="63" /><T7/><D7/><U101/><REACH who="1" step="1"/><E101/><REACH who="1" ten="130,263,176,421" step="2"/><V83/><F77/><W105/><G76/><T32/><D32/><U94/><E94/><V4/><F78/><W42/><G105/><T99/><D99/><U120/><E120/><N who="0" m="46121" /><D44/><U126/><E126/><V56/><F46/><W125/><G125/><T20/><D20/><U114/><E114/><V48/><F21/><W61/><G95/><T52/><D52/><U9/><AGARI ba="0,1" hai="5,9,15,23,27,29,36,37,39,41,47,51,124,127" machi="9" ten="40,8000,1" yaku="1,1,0,1,52,1,53,2" doraHai="17,63" doraHaiUra="113,134" who="1" fromWho="1" sc="130,-40,263,90,176,-20,421,-20" /><INIT seed="5,0,0,4,3,109" ten="90,353,156,401" oya="1" hai0="108,107,95,65,85,132,100,106,52,39,5,40,54" hai1="129,72,87,114,119,135,80,86,26,113,48,98,111" hai2="125,50,22,60,1,33,79,29,62,34,89,102,96" hai3="122,70,78,82,120,32,41,16,130,14,134,23,11"/><U76/><E26/><N who="2" m="16599" /><F1/><W38/><G70/><T8/><D108/><U69/><E69/><V20/><F125/><W36/><G32/><T18/><D132/><U133/><E48/><V27/><F79/><W3/><G134/><N who="1" m="51210" /><E111/><V123/><F123/><W51/><G130/><T57/><D40/><U115/><E129/><V6/><F6/><N who="3" m="1503" /><G51/><T91/><D39/><U97/><E119/><V10/><F10/><W131/><G38/><T99/><D18/><U45/><E45/><V25/><F34/><W31/><G31/><T15/><REACH who="0" step="1"/><D107/><REACH who="0" ten="80,353,156,401" step="2"/><U47/><E47/><V7/><F7/><W63/><G41/><T71/><D71/><U118/><E118/><V121/><F121/><W0/><G36/><T64/><D64/><U84/><AGARI ba="0,1" hai="72,76,80,84,86,87,97,98,113,114,115" m="51210" machi="84" ten="40,18000,2" yaku="15,1,20,1,34,2,52,3" doraHai="109" who="1" fromWho="1" sc="80,-60,353,190,156,-60,401,-60" /><INIT seed="5,1,0,4,4,34" ten="20,543,96,341" oya="1" hai0="51,1,27,78,43,8,4,95,70,79,62,5,33" hai1="3,59,124,126,26,0,36,52,86,101,98,35,123" hai2="83,25,12,7,64,44,91,80,132,94,37,133,29" hai3="16,110,104,121,134,100,21,60,93,57,89,17,38"/><U15/><E36/><V42/><F64/><W97/><G38/><T96/><D5/><U84/><E123/><V40/><F40/><W31/><G121/><T111/><D111/><U56/><E15/><V47/><F47/><W28/><G134/><N who="2" m="51817" /><F12/><W55/><G110/><T73/><D73/><U20/><E35/><N who="2" m="20911" /><F7/><W113/><G113/><T125/><D125/><N who="1" m="48235" /><E86/><AGARI ba="1,0" hai="37,42,44,80,83,86,91,94" m="20911,51817" machi="86" ten="30,1000,0" yaku="20,1" doraHai="34" who="2" fromWho="1" sc="20,0,543,-13,96,13,341,0" /><INIT seed="6,0,0,1,0,62" ten="20,530,109,341" oya="2" hai0="89,112,10,22,86,64,31,11,123,54,81,46,116" hai1="124,53,82,68,128,101,63,119,72,75,84,134,79" hai2="125,78,33,108,38,80,102,113,106,88,27,15,118" hai3="71,21,5,94,103,130,32,69,12,114,74,7,4"/><V99/><F118/><W59/><G32/><T16/><D112/><U95/><E119/><V131/><F125/><W34/><G34/><T36/><D116/><U92/><E134/><V76/><F131/><W110/><G74/><T24/><D123/><U23/><E23/><V45/><F113/><W6/><G110/><T29/><D36/><U67/><E124/><V115/><F115/><W39/><G39/><T57/><D46/><U25/><E25/><V1/><F15/><W129/><G114/><T44/><D44/><U91/><E53/><V97/><F1/><W70/><G59/><T26/><D64/><U8/><E8/><V49/><F38/><W0/><G0/><T107/><D107/><U20/><E20/><V87/><F108/><W96/><G21/><T52/><D54/><U13/><E13/><V51/><F51/><W109/><G109/><T28/><REACH who="0" step="1"/><D26/><REACH who="0" ten="10,530,109,341" step="2"/><U42/><E67/><V132/><F27/><W73/><G129/><T19/><D19/><U111/><E128/><V35/><F45/><W2/><G130/><T122/><D122/><U30/><E111/><V126/><F106/><W14/><G2/><T58/><D58/><U47/><E47/><V60/><F126/><W61/><G71/><T93/><D93/><U133/><E68/><V105/><F105/><W17/><G70/><T55/><D55/><U121/><E121/><V48/><F48/><AGARI ba="0,1" hai="10,11,16,22,24,28,29,31,48,52,57,81,86,89" machi="48" ten="40,8000,1" yaku="1,1,8,1,54,2,53,0" doraHai="62" doraHaiUra="100" who="0" fromWho="2" sc="10,90,530,0,109,-80,341,0" /><INIT seed="7,0,0,3,4,82" ten="100,530,29,341" oya="3" hai0="72,4,93,79,25,114,133,123,9,128,119,86,112" hai1="83,37,70,108,47,18,17,67,107,33,35,73,122" hai2="0,103,32,16,36,91,28,39,51,110,43,80,41" hai3="6,8,30,20,96,29,90,23,115,78,125,100,120"/><W48/><G115/><N who="0" m="44075" /><D123/><U76/><E18/><V5/><F110/><W106/><G120/><T1/><D128/><U116/><E17/><V21/><F103/><W129/><G125/><T54/><D133/><U75/><E75/><V102/><F102/><W65/><G129/><T58/><D72/><U34/><E108/><V111/><F111/><W109/><G109/><T13/><D25/><U127/><E127/><V24/><F51/><W64/><G78/><T84/><D79/><U134/><E134/><V117/><F117/><W97/><G48/><N who="0" m="31047" /><D119/><U42/><E122/><V44/><F43/><W22/><G65/><T46/><D46/><U89/><E89/><V101/><F101/><W14/><REACH who="3" step="1"/><G64/><REACH who="3" ten="100,530,29,331" step="2"/><T15/><D93/><AGARI ba="0,1" hai="6,8,14,20,22,23,29,30,90,93,96,97,100,106" machi="93" ten="40,3900,0" yaku="1,1,2,1,53,0" doraHai="82" doraHaiUra="45" who="3" fromWho="0" sc="100,-39,530,0,29,0,331,49" /><INIT seed="7,1,0,5,1,39" ten="61,530,29,380" oya="3" hai0="79,78,111,89,66,3,80,77,5,47,46,120,106" hai1="1,41,112,94,100,59,121,14,23,28,45,98,36" hai2="95,35,125,91,73,43,37,11,83,22,62,40,85" hai3="63,132,117,133,38,18,86,31,10,51,71,68,26"/><W104/><G104/><T4/><D111/><U20/><E1/><V16/><F35/><N who="3" m="20983" /><G38/><T33/><D120/><U129/><E121/><V88/><F37/><W101/><G117/><T15/><D106/><U50/><E112/><V90/><F73/><W57/><G101/><T81/><D33/><U32/><E129/><V99/><F125/><W34/><G34/><T17/><D3/><U92/><E32/><V135/><F135/><N who="3" m="51787" /><G86/><N who="0" m="50383" /><D80/><U134/><E134/><V27/><F62/><W21/><G10/><N who="0" m="6391" /><D66/><U19/><E36/><V72/><F72/><W56/><G51/><T82/><D82/><U84/><E59/><N who="3" m="22602" /><G63/><T128/><D128/><U119/><E119/><V109/><F109/><W93/><G93/><T12/><D12/><AGARI ba="1,0" hai="12,18,21,68,71" m="22602,51787,20983" machi="12" ten="30,1500,0" yaku="20,1" doraHai="39" who="3" fromWho="0" sc="61,-18,530,0,29,0,380,18" /><INIT seed="7,2,0,2,0,98" ten="43,530,29,398" oya="3" hai0="62,22,1,88,121,0,76,8,89,32,42,53,126" hai1="96,51,15,84,68,25,37,2,9,64,116,36,91" hai2="81,104,135,120,4,29,111,12,7,59,61,54,48" hai3="30,82,105,18,110,101,19,38,13,6,97,5,124"/><W113/><G38/><T106/><D106/><U49/><E2/><V114/><F111/><W125/><G110/><T108/><D32/><U27/><E116/><V115/><F104/><W44/><G113/><N who="2" m="43017" /><F120/><W128/><G128/><T40/><D126/><N who="3" m="48745" /><G30/><T102/><D108/><U129/><E68/><V127/><F127/><W100/><G44/><T31/><D121/><U23/><E64/><N who="2" m="38975" /><F135/><W10/><G82/><T20/><D76/><U41/><E96/><V17/><F29/><W130/><G130/><T43/><D102/><N who="3" m="39529" /><G105/><T103/><D103/><U122/><E37/><V34/><F34/><W85/><G97/><T69/><D31/><N who="1" m="17855" /><E129/><V21/><F81/><W95/><G5/><T39/><D39/><U131/><E131/><V33/><F33/><W24/><G24/><T77/><D77/><U50/><E27/><V93/><F93/><W112/><G112/><T46/><D46/><AGARI ba="2,0" hai="4,7,12,17,21,46,48,54" m="38975,43017" machi="46" ten="30,1000,0" yaku="15,1" doraHai="98" who="2" fromWho="0" sc="43,-16,530,0,29,16,398,0" owari="27,-47.0,530,62.0,45,-35.0,398,20.0" /></mjloggm>