<mjloggm ver="2.3"><GO type="193" lobby="0"/><UN n0="%63%6F%6D%61%6E%67" n1="%E3%83%88%E3%83%88%E3%83%AA%E5%85%88%E7%94%9F%31%39%E6%AD%B3" n2="%E3%81%A6%E3%81%A3%E3%81%A4%E3%82%93%E3%81%BC%E3%81%86" n3="%E3%82%AE%E3%83%8D%E3%82%B9" dan="11,11,11,12" rate="1771.26,1762.48,1586.29,1715.72" sx="F,F,M,F"/><TAIKYOKU oya="0"/><INIT seed="0,0,0,4,4,44" ten="250,250,250,250" oya="0" hai0="6,96,42,133,37,24,107,100,114,36,101,56,116" hai1="93,2,33,122,108,16,119,54,74,47,134,90,120" hai2="60,82,103,131,77,83,105,52,58,18,106,118,46" hai3="126,9,76,81,28,71,112,68,72,109,39,3,127"/><T129/><D116/><U132/><E119/><V95/><F118/><W32/><G112/><T45/><D114/><U63/><E33/><V21/><F83/><W23/><G109/><T53/><D133/><N who="1" m="51307" /><E2/><V80/><F131/><W19/><G39/><T27/><D37/><U65/><E74/><V78/><F106/><W113/><G113/><T99/><D129/><U66/><E108/><V121/><F105/><W8/><G8/><T70/><D70/><N who="1" m="42303" /><E66/><V12/><F121/><W128/><G128/><T111/><D111/><U69/><E69/><V1/><F1/><W30/><G30/><T15/><D15/><U86/><E16/><N who="2" m="10375" /><F82/><W59/><G71/><T117/><D117/><U34/><E34/><V91/><F80/><W84/><G68/><T67/><D67/><U130/><E130/><V92/><F18/><W97/><G72/><T7/><D7/><U49/><AGARI ba="0,0" hai="47,49,54,86,90,93,120,122" m="42303,51307" machi="49" ten="30,2000,0" yaku="20,1,52,1" doraHai="44" who="1" fromWho="1" sc="250,-10,250,20,250,-5,250,-5" /><INIT seed="1,0,0,1,4,21" ten="240,270,245,245" oya="1" hai0="50,96,84,114,120,85,107,122,42,123,9,20,104" hai1="28,46,135,115,106,24,43,17,49,88,128,58,127" hai2="47,101,51,19,130,76,65,8,11,70,129,113,45" hai3="63,118,79,6,36,56,7,92,53,78,15,83,2"/><U37/><E115/><V121/><F121/><W41/><G118/><T133/><D114/><U16/><E106/><V18/><F113/><W12/><G79/><T87/><D133/><U13/><E135/><V3/><F3/><W54/><G54/><T80/><D9/><N who="2" m="3658" /><F51/><W44/><G92/><T55/><D42/><U64/><E13/><V30/><F101/><W90/><G90/><T99/><D20/><N who="1" m="15367" /><E37/><V62/><F30/><W31/><G31/><T134/><D134/><U86/><E128/><N who="2" m="49259" /><F76/><W29/><G29/><T105/><REACH who="0" step="1"/><D80/><REACH who="0" ten="230,270,245,245" step="2"/><N who="1" m="49223" /><E127/><V73/><F73/><W112/><G112/><T39/><D39/><U26/><E26/><V48/><F47/><AGARI ba="0,1" hai="47,50,55,84,85,87,96,99,104,105,107,120,122,123" machi="47" ten="50,8000,1" yaku="1,1,29,2,13,1,53,0" doraHai="21" doraHaiUra="60" who="0" fromWho="2" sc="230,90,270,0,245,-80,245,0" /><INIT seed="2,0,0,4,1,34" ten="320,270,165,245" oya="2" hai0="37,77,105,70,52,46,75,36,110,114,44,45,48" hai1="119,135,56,116,53,82,103,102,39,112,121,68,1" hai2="60,89,90,86,93,58,41,65,133,107,20,128,109" hai3="76,62,2,99,95,0,9,108,13,63,38,81,21"/><V91/><F107/><W124/><G38/><N who="0" m="14955" /><D105/><U73/><E112/><V27/><F133/><W106/><G106/><T69/><D75/><U122/><E39/><V85/><F128/><W115/><G21/><T51/><D77/><N who="1" m="44335" /><E68/><N who="0" m="26217" /><D110/><U12/><E12/><V113/><F109/><W10/><G115/><T94/><D94/><U49/><E135/><V28/><F113/><W17/><G108/><T61/><D114/><U125/><E1/><V132/><F132/><W54/><G10/><T16/><D16/><U47/><E47/><N who="0" m="17993" /><D51/><U30/><E125/><V74/><F74/><W104/><G124/><T50/><D50/><U18/><E18/><V26/><F41/><W66/><G104/><T35/><D35/><U88/><E30/><V134/><F134/><W72/><G2/><T83/><D83/><U31/><E31/><V3/><F3/><W7/><G17/><T14/><D14/><U64/><E88/><V24/><REACH who="2" step="1"/><F93/><REACH who="2" ten="320,270,155,245" step="2"/><W117/><G0/><T55/><D61/><N who="1" m="37927" /><E116/><V71/><F71/><W79/><G62/><T87/><D87/><AGARI ba="0,1" hai="20,24,26,27,28,58,60,65,85,86,87,89,90,91" machi="87" ten="40,12000,1" yaku="1,1,8,1,53,3" doraHai="34" doraHaiUra="23" who="2" fromWho="0" sc="320,-120,270,0,155,130,245,0" /><INIT seed="2,1,0,4,2,3" ten="200,270,285,245" oya="2" hai0="22,14,83,104,117,71,42,101,41,105,73,60,81" hai1="108,34,69,135,33,130,13,39,119,17,91,16,66" hai2="96,5,64,122,40,72,84,21,85,12,18,8,129" hai3="48,75,0,58,94,76,133,98,25,118,97,134,115"/><V87/><F122/><W24/><G0/><T79/><D117/><U9/><E119/><V65/><F72/><W19/><G118/><T68/><D101/><U6/><E39/><V44/><F129/><W124/><G76/><T106/><D22/><U113/><E113/><V74/><F74/><W80/><G75/><T116/><D116/><U107/><E107/><V38/><REACH who="2" step="1"/><F96/><REACH who="2" ten="200,270,275,245" step="2"/><W27/><G98/><T59/><D73/><U92/><E130/><V127/><F127/><W53/><G124/><T110/><D106/><U128/><E128/><V50/><F50/><W47/><G115/><T55/><D105/><U62/><E135/><V131/><F131/><W31/><G97/><T95/><D104/><U109/><E109/><V35/><F35/><W28/><G134/><T54/><D110/><U86/><E108/><V1/><AGARI ba="1,1" hai="1,5,8,12,18,21,38,40,44,64,65,84,85,87" machi="1" ten="30,6000,0" yaku="1,1,0,1,52,1,53,0" doraHai="3" doraHaiUra="121" who="2" fromWho="2" sc="200,-21,270,-21,275,73,245,-21" /><INIT seed="2,2,0,4,0,125" ten="179,249,348,224" oya="2" hai0="124,96,127,64,56,26,92,103,25,17,0,120,50" hai1="27,79,8,86,61,117,3,75,76,20,78,102,129" hai2="35,101,82,89,71,73,130,54,13,49,95,7,126" hai3="87,90,32,51,67,23,48,83,65,47,19,116,29"/><V4/><F71/><W28/><G116/><T80/><D120/><U34/><E117/><V111/><F35/><W97/><G32/><T39/><D39/><U22/><E75/><V38/><F126/><W44/><G97/><T84/><D0/><U59/><E34/><V77/><F38/><W18/><G67/><T2/><D2/><U21/><E129/><V132/><F130/><W69/><G69/><T42/><D124/><U40/><E3/><V58/><F132/><W104/><G65/><T134/><D134/><U70/><E70/><V112/><F111/><W81/><G104/><T94/><D94/><U98/><E40/><V106/><F112/><W72/><G72/><T62/><D17/><U33/><E8/><V74/><F74/><W16/><G81/><T121/><D121/><U46/><E46/><N who="3" m="17450" /><G23/><T68/><D127/><U114/><E33/><V115/><F13/><W57/><G57/><T24/><D68/><U63/><E114/><V119/><F119/><W133/><G133/><T107/><D107/><U53/><E86/><N who="2" m="52663" /><F115/><W105/><G105/><T15/><D15/><U60/><REACH who="1" step="1"/><E27/><REACH who="1" ten="179,239,348,224" step="2"/><V43/><F43/><W128/><G128/><T45/><REACH who="0" step="1"/><D25/><REACH who="0" ten="169,239,348,224" step="2"/><U36/><E36/><V88/><F4/><W14/><G14/><T118/><D118/><U6/><E6/><V10/><F7/><W135/><G135/><T108/><D108/><U52/><E52/><V91/><F10/><W31/><AGARI ba="2,2" hai="16,18,19,28,29,31,48,51,83,87,90" m="17450" machi="31" ten="40,2700,0" yaku="8,1,54,1" doraHai="125" who="3" fromWho="3" sc="169,-9,239,-9,348,-15,224,53" /><INIT seed="3,0,0,0,1,22" ten="160,230,333,277" oya="3" hai0="116,29,75,83,25,10,9,92,81,31,21,43,74" hai1="30,72,34,41,103,19,95,6,36,115,122,94,121" hai2="57,79,126,16,87,124,5,131,78,33,99,110,27" hai3="46,4,104,47,98,13,108,106,114,107,101,23,128"/><W37/><G114/><T125/><D116/><U130/><E115/><V28/><F110/><W26/><G4/><T63/><D125/><N who="2" m="48234" /><F16/><W109/><G13/><T120/><D120/><U84/><E72/><V24/><F27/><W71/><G71/><T73/><D43/><U127/><E130/><V55/><F5/><W52/><G37/><T15/><D63/><U18/><E127/><V7/><F7/><W119/><G119/><T111/><D111/><N who="3" m="42569" /><G128/><T40/><D40/><U80/><E6/><V66/><F131/><W123/><G123/><T82/><D92/><U61/><E61/><N who="2" m="36031" /><F99/><W59/><G106/><T20/><D15/><U12/><E18/><V53/><F53/><W35/><G35/><T96/><REACH who="0" step="1"/><D96/><REACH who="0" ten="150,230,333,277" step="2"/><U38/><E95/><V85/><F66/><W89/><G107/><T134/><D134/><U117/><E117/><V76/><AGARI ba="0,1" hai="24,28,33,76,78,79,85,87" m="36031,48234" machi="76" ten="30,2000,0" yaku="18,1,52,1" doraHai="22" who="2" fromWho="2" sc="150,-5,230,-5,333,30,277,-10" owari="145,-35.0,225,-17.0,363,45.0,267,7.0" /></mjloggm>