<mjloggm ver="2.3"><GO type="169" lobby="0"/><UN n0="%E3%82%A6%E3%83%AB%E3%83%88%E3%83%A9%E7%AB%8B%E7%9B%B4" n1="%E5%A5%BD%E3%81%8D%E3%81%A7%E3%81%99%E3%83%BB%E3%83%BB%E2%88%A5" n2="%6B%77%5F%67%69%66%75" n3="%48%6F%67%65%4E%75%6C%6C" dan="17,17,16,16" rate="2127.49,2171.55,2016.57,2055.29" sx="M,F,M,M"/><TAIKYOKU oya="0"/><INIT seed="0,0,0,2,3,12" ten="250,250,250,250" oya="0" hai0="62,115,94,5,22,10,123,70,47,110,82,86,31" hai1="124,87,127,107,134,13,112,69,60,3,100,120,21" hai2="30,108,44,51,122,99,105,54,76,111,68,97,25" hai3="55,27,53,9,88,128,26,113,52,0,6,63,118"/><T89/><D123/><U17/><E3/><V64/><F122/><W42/><G128/><T34/><D115/><U67/><E120/><V130/><F76/><W84/><G113/><T102/><D110/><N who="2" m="42026" /><F130/><W106/><G118/><T8/><D34/><U57/><E112/><V46/><F105/><W19/><G106/><T92/><D47/><U36/><E36/><V117/><F117/><W38/><G63/><T74/><D74/><U83/><E134/><V71/><F46/><W95/><G38/><T91/><D102/><U18/><E100/><V15/><F15/><W119/><G119/><T98/><D82/><U104/><E69/><N who="2" m="26699" /><F64/><W1/><G42/><T126/><D126/><N who="1" m="48171" /><E18/><V101/><F101/><W65/><G65/><T135/><D135/><U59/><E57/><V16/><F30/><W39/><G39/><T133/><D133/><U49/><E49/><V93/><F93/><W50/><G0/><T131/><D131/><U73/><E73/><V23/><AGARI ba="0,0" hai="16,23,25,44,51,54,97,99" m="26699,42026" machi="23" ten="40,5200,0" yaku="14,1,52,1,54,1" doraHai="12" who="2" fromWho="2" sc="250,-26,250,-13,250,52,250,-13" /><INIT seed="1,0,0,3,4,83" ten="224,237,302,237" oya="1" hai0="75,98,65,35,105,5,22,28,81,76,15,21,102" hai1="16,42,57,1,122,61,127,54,119,67,50,124,121" hai2="53,120,43,45,11,118,4,44,110,99,89,114,59" hai3="97,13,51,116,115,111,108,34,126,84,32,26,100"/><U46/><E1/><V131/><F118/><W87/><G115/><T82/><D65/><U36/><E16/><V125/><F120/><W72/><G126/><N who="1" m="48170" /><E119/><V107/><F110/><N who="3" m="42027" /><G116/><T135/><D135/><U30/><E30/><V20/><F131/><W132/><G132/><T78/><D35/><N who="3" m="13353" /><G72/><T27/><D21/><U17/><E17/><V12/><F114/><W68/><G68/><AGARI ba="0,0" hai="36,42,46,50,54,57,61,67,68,121,122" m="48170" machi="68" ten="30,11600,0" yaku="24,1,18,1,34,2" doraHai="83" who="1" fromWho="3" sc="224,0,237,116,302,0,237,-116" /><INIT seed="1,1,0,4,3,36" ten="224,353,302,121" oya="1" hai0="48,99,72,30,104,18,37,132,40,69,121,45,93" hai1="111,82,86,113,90,12,108,117,22,20,14,6,11" hai2="28,128,27,10,103,39,89,50,51,98,94,16,131" hai3="125,130,118,56,58,59,26,127,101,107,57,55,105"/><U62/><E117/><V66/><F39/><W110/><G110/><N who="1" m="42026" /><E113/><V115/><F66/><W23/><G130/><N who="2" m="49705" /><F115/><W13/><G13/><T9/><D72/><U119/><E119/><V122/><F122/><W34/><G34/><T133/><D69/><U43/><E62/><V70/><F70/><W106/><G101/><T109/><D30/><U44/><E14/><N who="2" m="7255" /><F103/><W80/><G80/><T77/><D18/><U4/><E6/><V47/><F47/><W52/><G118/><T96/><D9/><U33/><E33/><AGARI ba="1,0" hai="27,28,33,50,51,89,94,98" m="7255,49705" machi="33" ten="30,2000,0" yaku="19,1,54,1" doraHai="36" who="2" fromWho="1" sc="224,0,353,-23,302,23,121,0" /><INIT seed="2,0,0,5,0,21" ten="224,330,325,121" oya="2" hai0="13,31,106,109,6,9,135,58,54,91,90,105,62" hai1="108,80,128,85,98,30,66,26,132,99,70,57,125" hai2="72,78,50,73,84,44,81,115,53,56,24,45,60" hai3="116,61,28,51,76,7,86,27,133,127,59,100,126"/><V88/><F115/><W16/><G116/><T25/><D109/><U134/><E108/><V18/><F18/><W11/><G100/><T75/><D75/><U38/><E70/><V122/><F122/><W94/><G51/><T36/><D36/><U112/><E38/><V8/><F8/><W12/><G133/><N who="1" m="51306" /><E128/><V52/><F24/><W37/><G37/><T47/><D47/><U102/><E102/><V34/><F34/><W101/><G101/><T92/><D135/><U107/><E107/><V111/><F111/><W113/><G113/><T77/><D77/><N who="1" m="46223" /><E125/><N who="3" m="47626" /><G76/><T87/><REACH who="0" step="1"/><D91/><REACH who="0" ten="214,330,325,121" step="2"/><U120/><E112/><V83/><REACH who="2" step="1"/><F44/><REACH who="2" ten="214,330,315,121" step="2"/><W96/><G86/><AGARI ba="0,2" hai="45,50,52,53,56,60,72,73,78,81,83,84,86,88" machi="86" ten="30,12000,1" yaku="1,1,2,1,7,1,54,2,53,0" doraHai="21" doraHaiUra="39" who="2" fromWho="3" sc="214,0,330,0,315,140,121,-120" /><INIT seed="2,1,0,0,4,98" ten="214,330,455,1" oya="2" hai0="64,120,65,32,77,5,102,57,37,60,74,115,48" hai1="44,105,12,125,113,85,67,86,0,122,23,68,41" hai2="81,70,90,128,11,1,80,119,99,92,35,132,36" hai3="110,6,135,29,121,133,82,131,97,112,17,39,56"/><V43/><F119/><W79/><G39/><T73/><D32/><U30/><E0/><V31/><F70/><W52/><G121/><T93/><D37/><U107/><E113/><V33/><F128/><W46/><G46/><T62/><D5/><U55/><E55/><V14/><F1/><W27/><G6/><T4/><D4/><U2/><E2/><V13/><F13/><W88/><G131/><T53/><D77/><U109/><E109/><V8/><F8/><W127/><G110/><T126/><D126/><U25/><E86/><V91/><F81/><W15/><G127/><T49/><D93/><U95/><E122/><V118/><F132/><N who="3" m="50763" /><G112/><T106/><D106/><U103/><E105/><V45/><F31/><W59/><G97/><T72/><D115/><U84/><E30/><V16/><REACH who="2" step="1"/><F118/><REACH who="2" ten="214,330,445,1" step="2"/><W111/><G111/><T7/><D120/><U94/><E12/><V61/><F61/><W108/><G108/><T40/><D62/><U3/><E3/><V96/><F96/><W34/><G88/><T22/><D60/><U66/><E125/><V134/><F134/><W38/><G38/><T76/><D76/><U42/><E68/><V104/><F104/><W19/><G15/><T124/><D124/><U9/><E107/><V10/><F10/><W20/><G34/><T28/><D28/><U21/><E9/><V89/><F89/><W26/><G26/><T18/><D22/><U50/><E25/><V69/><F69/><W24/><G24/><T63/><D63/><U58/><E21/><V129/><F129/><W78/><G82/><T130/><D130/><RYUUKYOKU ba="1,1" sc="214,-10,330,-10,445,30,1,-10" hai2="11,14,16,33,35,36,43,45,80,90,91,92,99" owari="204,-20.0,320,12.0,485,59.0,-9,-51.0" /></mjloggm>