<mjloggm ver="2.3"><GO type="169" lobby="0"/><UN n0="%E5%AE%89%E7%89%8C%E5%85%88%E7%94%9F" n1="%E3%82%A6%E3%83%AB%E3%83%88%E3%83%A9%E7%AB%8B%E7%9B%B4" n2="%6E%6E%6E%6E%6E%6E" n3="%E3%81%84%E3%81%AC%E3%81%98%E3%82%83%E3%82%89%EF%BC%94" dan="16,17,16,18" rate="2096.53,2209.64,2023.99,2304.88" sx="M,M,M,M"/><TAIKYOKU oya="0"/><INIT seed="0,0,0,5,4,123" ten="250,250,250,250" oya="0" hai0="58,43,99,84,67,95,0,79,105,96,118,6,13" hai1="42,110,51,46,5,12,92,129,41,98,127,114,80" hai2="119,39,135,74,108,75,26,102,97,7,3,27,107" hai3="45,76,33,38,63,128,35,111,50,21,32,54,16"/><T23/><D118/><U68/><E68/><V1/><F119/><W72/><G128/><T134/><D0/><U78/><E129/><V121/><F121/><W56/><G38/><T8/><D105/><U90/><E127/><V34/><F27/><W60/><G111/><T71/><D71/><U109/><E114/><V19/><F19/><W106/><G106/><T55/><D134/><U70/><E70/><V40/><F135/><W131/><G131/><T4/><D4/><U17/><E42/><V86/><F86/><W53/><G63/><T120/><D120/><U117/><E117/><V100/><F100/><W62/><G62/><T28/><D43/><U112/><E112/><V24/><F24/><W25/><G76/><T65/><D99/><U52/><E41/><V132/><F108/><N who="1" m="41577" /><E5/><V49/><F7/><W22/><G22/><T10/><D10/><N who="1" m="6295" /><E78/><V82/><F132/><W36/><G36/><T116/><D116/><U47/><E80/><V2/><F49/><W94/><G94/><T115/><D95/><U87/><E98/><V130/><F82/><W20/><G20/><T101/><D96/><U29/><E29/><N who="2" m="19767" /><F130/><W93/><G93/><T73/><D28/><U104/><E104/><V18/><F18/><W89/><G33/><T103/><D6/><U85/><E85/><V9/><F9/><W91/><G72/><T88/><D84/><U126/><E126/><V81/><F81/><W83/><G83/><T14/><D8/><U59/><AGARI ba="0,0" hai="46,47,51,52,59,87,90,92" m="6295,41577" machi="59" ten="30,8000,1" yaku="14,1,52,3,54,1" doraHai="123" who="1" fromWho="1" sc="250,-40,250,80,250,-20,250,-20" /><INIT seed="1,0,0,4,0,68" ten="210,330,230,230" oya="1" hai0="86,23,55,94,124,62,64,52,125,102,10,96,119" hai1="117,105,11,79,80,95,17,29,71,26,72,21,61" hai2="25,92,31,121,14,77,3,46,8,41,28,27,131" hai3="51,115,132,49,20,127,15,0,82,32,9,5,60"/><U114/><E105/><V22/><F121/><W76/><G115/><T30/><D119/><U19/><E117/><V40/><F131/><W90/><G127/><N who="0" m="48715" /><D10/><U24/><E114/><V1/><F77/><W6/><G132/><T98/><D86/><U2/><E95/><V123/><F92/><W120/><G120/><T133/><D96/><U35/><E19/><V38/><F41/><W63/><G32/><T44/><D44/><U126/><E126/><V18/><REACH who="2" step="1"/><F123/><REACH who="2" ten="210,330,220,230" step="2"/><W99/><G76/><T42/><D42/><U53/><E79/><V112/><F112/><W93/><G82/><T81/><D81/><U135/><E80/><V13/><F13/><W34/><G15/><T134/><D133/><U54/><E135/><V70/><F70/><W85/><G93/><T33/><D134/><U116/><E116/><V65/><F65/><W100/><G0/><T12/><D12/><U89/><E71/><V128/><F128/><W97/><G90/><T130/><D130/><U129/><E89/><V69/><F69/><W4/><G100/><T88/><D102/><U39/><E129/><V113/><F113/><W16/><G97/><T43/><D43/><U47/><E2/><V108/><F108/><W37/><G99/><T57/><D33/><AGARI ba="0,1" hai="1,3,8,14,18,22,25,27,28,31,33,38,40,46" machi="33" ten="30,3900,0" yaku="1,1,7,1,52,1,53,0" doraHai="68" doraHaiUra="73" who="2" fromWho="0" sc="210,-39,330,0,220,49,230,0" /><INIT seed="2,0,0,1,5,102" ten="171,330,269,230" oya="2" hai0="4,120,23,98,97,87,60,99,103,18,72,31,35" hai1="108,48,33,49,43,7,26,61,53,2,85,64,30" hai2="25,17,89,15,62,68,125,28,96,54,42,59,83" hai3="45,66,126,117,65,86,67,56,119,129,82,130,90"/><V104/><F125/><W10/><G126/><T63/><D120/><U80/><E108/><V76/><F42/><W106/><G106/><T110/><D72/><U58/><E43/><V131/><F68/><W94/><G45/><T51/><D110/><U41/><E41/><V135/><F135/><W81/><G56/><T133/><D133/><U75/><E75/><V134/><F134/><W115/><G10/><T1/><D35/><U22/><E33/><V50/><F131/><N who="3" m="50187" /><G115/><T6/><D31/><U77/><E2/><V37/><F37/><W101/><G101/><T27/><D1/><U100/><E7/><N who="0" m="2601" /><D103/><U124/><E124/><V5/><F5/><W71/><G71/><T11/><D11/><U9/><E9/><V118/><F118/><AGARI ba="0,0" hai="65,66,67,81,82,86,90,94,117,118,119" m="50187" machi="118" ten="40,1300,0" yaku="19,1" doraHai="102" who="3" fromWho="2" sc="171,0,330,0,269,-13,230,13" /><INIT seed="3,0,0,0,0,7" ten="171,330,256,243" oya="3" hai0="129,50,122,112,120,6,23,17,14,22,44,40,101" hai1="30,74,53,67,52,36,64,24,95,59,127,133,43" hai2="119,26,115,116,68,96,47,1,10,92,93,39,81" hai3="46,87,88,107,31,34,131,84,15,0,66,78,8"/><W103/><G0/><T60/><D129/><U117/><E74/><V99/><F115/><W73/><G131/><T130/><D130/><U75/><E75/><V21/><F68/><W102/><G107/><T91/><D112/><U124/><E117/><V126/><F126/><N who="1" m="48169" /><E133/><V86/><F47/><W12/><G73/><T123/><D101/><U82/><E82/><V114/><F39/><W90/><G78/><T98/><D6/><U3/><E3/><V16/><F114/><W108/><G108/><T51/><D60/><U18/><E53/><V32/><F32/><W77/><G77/><T63/><D63/><N who="1" m="36327" /><E18/><V109/><F109/><W104/><G66/><T25/><D50/><U65/><E95/><V29/><F1/><W41/><G104/><T72/><D72/><U94/><E94/><N who="2" m="36459" /><F119/><W134/><G134/><T19/><D123/><U2/><E2/><V28/><F28/><W56/><G56/><T85/><D98/><U35/><E43/><V11/><F116/><W128/><G128/><T55/><D40/><U49/><E49/><V132/><F132/><W118/><G118/><T79/><D79/><U111/><E36/><V54/><F54/><W70/><G103/><T76/><D76/><U89/><E89/><N who="3" m="34410" /><G102/><T45/><D45/><U113/><E113/><V105/><F105/><W106/><G106/><T4/><D122/><U9/><E111/><V83/><F86/><N who="3" m="32811" /><G70/><T135/><D120/><U13/><E67/><V5/><F99/><W71/><G71/><T27/><D135/><U38/><E38/><V80/><F96/><W125/><G125/><T58/><D58/><RYUUKYOKU ba="0,0" sc="171,-10,330,30,256,-10,243,-10" hai1="9,13,24,30,35,64,65" /><INIT seed="4,1,0,3,1,19" ten="161,360,246,233" oya="0" hai0="62,83,50,32,73,16,134,67,123,12,14,129,80" hai1="30,36,124,15,40,102,104,74,122,84,28,109,60" hai2="59,6,85,133,57,22,61,7,115,77,23,27,37" hai3="41,49,101,131,112,34,5,91,63,93,126,90,105"/><T68/><D123/><U119/><E74/><V20/><F37/><W116/><G116/><T96/><D32/><U110/><E84/><V24/><F115/><W100/><G112/><T79/><D134/><U8/><E60/><V18/><F133/><W72/><G72/><T56/><D129/><U117/><E40/><V21/><F27/><W75/><G75/><T111/><D111/><U70/><E102/><V78/><F59/><W113/><G34/><T118/><D118/><U51/><E51/><V2/><F2/><W17/><G105/><T65/><D83/><U71/><E15/><V125/><F125/><W45/><G5/><N who="2" m="1545" /><F85/><W99/><G126/><T95/><D67/><AGARI ba="1,0" hai="18,20,21,22,23,24,57,61,67,77,78" m="1545" machi="67" ten="30,8000,1" yaku="8,1,52,4" doraHai="19" who="2" fromWho="0" sc="161,-83,360,0,246,83,233,0" /><INIT seed="5,0,0,4,3,101" ten="78,360,329,233" oya="1" hai0="78,108,79,47,118,130,11,123,133,103,26,60,15" hai1="48,50,84,8,21,100,82,73,32,95,12,9,25" hai2="121,65,55,68,80,69,124,110,30,132,72,42,120" hai3="63,128,111,134,97,113,31,46,0,81,85,98,39"/><U75/><E32/><V122/><F30/><W37/><G111/><T18/><D118/><U34/><E34/><V23/><F23/><W87/><G0/><T40/><D108/><U91/><E75/><V74/><F110/><W106/><G31/><T93/><D130/><U33/><E33/><V14/><F14/><W119/><G128/><T125/><D133/><U20/><E20/><V5/><F5/><W66/><G113/><T62/><D125/><U13/><E73/><V36/><F80/><W16/><G134/><T10/><D123/><U35/><E35/><V127/><F132/><W71/><G119/><T57/><D62/><U51/><E13/><V88/><F88/><W38/><G106/><T43/><D26/><U115/><E12/><V27/><F27/><W58/><G46/><T67/><D11/><U28/><E115/><V107/><F107/><W77/><G71/><N who="2" m="27209" /><F65/><W44/><G87/><T94/><D43/><U17/><E28/><V7/><F7/><W24/><G16/><T49/><REACH who="0" step="1"/><D103/><REACH who="0" ten="68,360,329,233" step="2"/><U116/><E116/><V56/><F127/><W52/><G24/><T92/><AGARI ba="0,1" hai="10,15,18,40,47,49,57,60,67,78,79,92,93,94" machi="92" ten="30,7900,0" yaku="1,1,2,1,0,1,8,1,53,0" doraHai="101" doraHaiUra="135" who="0" fromWho="0" sc="68,89,360,-39,329,-20,233,-20" /><INIT seed="6,0,0,0,0,46" ten="157,321,309,213" oya="2" hai0="55,19,135,56,24,70,72,11,106,75,127,34,73" hai1="65,2,44,53,12,36,91,42,14,37,51,13,103" hai2="18,98,119,35,104,94,20,81,76,64,50,107,87" hai3="90,133,132,112,40,68,1,31,93,80,47,126,74"/><V128/><F35/><W22/><G68/><T120/><D120/><U83/><E2/><V116/><F128/><W125/><G1/><T100/><D70/><U118/><E118/><V102/><F64/><W109/><G109/><T86/><D135/><N who="3" m="51785" /><G112/><T15/><D127/><N who="3" m="48649" /><G31/><T39/><D39/><U79/><E103/><V99/><F107/><W66/><G22/><T62/><D106/><U95/><E65/><V117/><F117/><W82/><G66/><T28/><D100/><U7/><E37/><V89/><REACH who="2" step="1"/><F50/><REACH who="2" ten="157,321,299,213" step="2"/><N who="3" m="26983" /><G74/><T69/><D69/><U27/><E36/><V38/><F38/><W29/><G29/><T33/><D33/><U26/><E51/><V63/><F63/><W111/><G111/><T92/><D73/><U130/><E26/><AGARI ba="0,1" hai="18,20,26,76,81,87,89,94,98,99,102,104,116,119" machi="26" ten="30,5800,0" yaku="1,1,7,1,53,1" doraHai="46" doraHaiUra="23" who="2" fromWho="1" sc="157,0,321,-58,299,68,213,0" /><INIT seed="6,1,0,2,4,3" ten="157,263,367,213" oya="2" hai0="39,49,109,8,72,77,116,129,101,86,4,24,34" hai1="123,67,78,21,76,54,93,88,96,30,102,29,52" hai2="23,26,56,70,100,28,81,133,11,64,73,135,53" hai3="59,110,99,126,2,132,106,25,115,104,20,19,63"/><V61/><F100/><W94/><G110/><T95/><D109/><U27/><E123/><V85/><F73/><W43/><G2/><T16/><D116/><U41/><E41/><V114/><F114/><W18/><G115/><T14/><D39/><U10/><E67/><V51/><REACH who="2" step="1"/><F11/><REACH who="2" ten="157,263,357,213" step="2"/><W60/><G106/><T92/><D72/><U35/><E102/><V5/><F5/><W83/><G104/><T120/><D101/><U36/><E10/><V117/><F117/><W44/><G126/><T121/><D120/><U38/><E36/><V113/><F113/><W124/><G124/><T134/><D121/><U79/><E38/><V122/><F122/><W131/><G131/><T1/><D129/><U128/><E128/><V89/><AGARI ba="1,1" hai="23,26,28,51,53,56,61,64,70,81,85,89,133,135" machi="89" ten="30,6000,0" yaku="1,1,0,1,53,1" doraHai="3" doraHaiUra="84" who="2" fromWho="2" sc="157,-21,263,-21,357,73,213,-21" /><INIT seed="6,2,0,1,2,22" ten="136,242,430,192" oya="2" hai0="68,58,47,20,125,70,115,50,90,74,4,82,6" hai1="124,2,33,10,56,64,133,3,118,37,80,24,89" hai2="123,44,86,23,59,87,128,102,63,92,105,31,36" hai3="46,69,15,45,96,54,42,62,131,49,84,129,117"/><V0/><F0/><W78/><G96/><T51/><D115/><U135/><E37/><V26/><F105/><W60/><G15/><T119/><D125/><U81/><E124/><V38/><F128/><N who="3" m="49227" /><G84/><T27/><D119/><U98/><E118/><V52/><F123/><W19/><G19/><T11/><D58/><U43/><E43/><V32/><F32/><W17/><G17/><T76/><D90/><U111/><E111/><V48/><F38/><N who="3" m="21719" /><G78/><T40/><D51/><U9/><E98/><N who="2" m="59719" /><F36/><W130/><N who="3" m="49235" /><W120/><DORA hai="88" /><G120/><T67/><D67/><AGARI ba="2,0" hai="23,26,31,44,48,52,59,63,67,86,87" m="59719" machi="67" ten="30,12000,1" yaku="25,1,8,1,52,2,54,1" doraHai="22,88" who="2" fromWho="0" sc="136,-126,242,0,430,126,192,0" /><INIT seed="6,3,0,0,5,7" ten="10,242,556,192" oya="2" hai0="31,107,41,77,36,114,22,125,39,86,108,110,102" hai1="135,133,54,60,2,64,97,47,119,123,4,96,8" hai2="51,25,131,75,109,11,58,87,21,111,50,101,26" hai3="74,56,71,66,78,84,65,23,61,62,59,67,85"/><V10/><F75/><W14/><G71/><T68/><D68/><U127/><E119/><V28/><F131/><W112/><G67/><T13/><D114/><U12/><E2/><V34/><F101/><W80/><G112/><T69/><D69/><N who="1" m="42119" /><E127/><V122/><F87/><W116/><G116/><T120/><D120/><U0/><E0/><V134/><F134/><N who="1" m="51209" /><E123/><V17/><F122/><W113/><G113/><T33/><D125/><U72/><E72/><V88/><F88/><W6/><REACH who="3" step="1"/><G23/><REACH who="3" ten="10,242,556,182" step="2"/><T9/><D108/><U115/><E115/><V83/><F21/><W55/><G55/><T118/><D110/><U105/><E105/><V40/><F111/><W27/><G27/><T92/><D41/><U15/><E15/><V52/><F26/><W129/><G129/><T37/><D118/><U104/><E104/><V103/><F40/><W130/><G130/><T46/><D22/><U117/><E117/><V53/><F53/><W5/><G5/><T24/><D107/><U94/><E94/><V30/><F52/><W45/><G45/><T1/><D46/><U18/><E4/><V70/><F70/><W38/><G38/><T49/><D1/><U63/><E47/><V100/><F109/><W16/><G16/><N who="0" m="8239" /><D49/><U106/><E106/><V89/><F51/><W126/><G126/><T82/><D39/><U76/><E54/><V44/><F50/><W98/><G98/><N who="1" m="37994" /><E63/><V35/><F44/><W73/><G73/><T81/><D81/><U95/><E95/><V93/><F93/><W29/><G29/><T48/><D48/><U121/><E121/><V57/><F83/><RYUUKYOKU ba="3,1" sc="10,10,242,10,556,-30,182,10" hai0="24,31,33,36,37,77,82,86,92,102" hai1="8,12,18,76" hai3="6,14,56,59,61,62,65,66,74,78,80,84,85" /><INIT seed="7,4,1,1,5,87" ten="20,252,526,192" oya="3" hai0="98,8,107,31,94,45,103,76,102,44,82,135,61" hai1="74,126,66,85,18,115,30,27,64,114,53,22,100" hai2="90,130,7,33,97,110,133,111,75,70,34,112,96" hai3="5,32,84,28,59,54,4,91,63,109,67,9,86"/><W81/><G109/><T49/><D135/><U51/><E74/><V62/><F75/><W52/><G32/><T43/><D31/><U6/><E6/><N who="3" m="2666" /><G9/><T3/><D3/><U120/><E100/><V116/><F7/><W134/><G134/><T24/><D8/><U57/><E120/><V118/><F133/><W106/><G106/><T104/><D24/><U17/><E85/><V123/><F123/><W72/><G72/><T71/><D71/><U127/><E66/><V15/><F70/><W11/><G11/><T93/><D61/><U73/><E64/><V89/><F34/><W23/><G86/><N who="0" m="48455" /><D49/><U20/><E73/><V105/><F97/><W129/><G129/><T113/><D45/><U92/><E92/><N who="0" m="35433" /><D44/><U124/><E30/><V36/><F96/><W132/><G132/><T13/><D13/><AGARI ba="4,1" hai="13,17,18,20,22,27,51,53,57,114,115,124,126,127" machi="13" ten="40,1300,0" yaku="18,1" doraHai="87" who="1" fromWho="0" sc="20,-25,252,35,526,0,192,0" owari="-5,-51.0,287,9.0,526,63.0,192,-21.0" /></mjloggm>