<mjloggm ver="2.3"><GO type="169" lobby="0"/><UN n0="%E3%82%A6%E3%83%AB%E3%83%88%E3%83%A9%E7%AB%8B%E7%9B%B4" n1="%E3%82%B4%E3%83%83%E3%83%88%E3%82%A5%E3%83%BC%E3%81%95%E3%82%93" n2="%E6%9F%B3%E5%A6%82%E6%98%AF" n3="%74%61%72%6F%33%39%30%30" dan="17,17,16,16" rate="2206.58,2146.56,2066.87,2123.37" sx="M,M,F,M"/><TAIKYOKU oya="0"/><INIT seed="0,0,0,2,2,19" ten="250,250,250,250" oya="0" hai0="113,20,133,93,86,56,42,8,64,119,0,63,32" hai1="102,88,41,22,126,11,112,62,49,14,132,79,61" hai2="114,33,115,13,91,95,50,87,48,59,60,121,111" hai3="89,6,46,17,94,101,124,134,120,108,105,80,127"/><T83/><D32/><U53/><E132/><V129/><F121/><W15/><G108/><T110/><D119/><U39/><E126/><N who="3" m="48170" /><G134/><T29/><D113/><U125/><E112/><V5/><F111/><W66/><G120/><T10/><D110/><U131/><E102/><V28/><F129/><W130/><G130/><T85/><D0/><U82/><E79/><V71/><F71/><W58/><G6/><T51/><D133/><U2/><E2/><V75/><F75/><W92/><G46/><N who="0" m="26071" /><D93/><U68/><E68/><V96/><F115/><W44/><G44/><T26/><D85/><N who="1" m="50231" /><E41/><V52/><F114/><W72/><G105/><T135/><D135/><U54/><E39/><V40/><F33/><W31/><G31/><T67/><D67/><U106/><E106/><V104/><F28/><W57/><G66/><T123/><D123/><U107/><E107/><V35/><F35/><W3/><G3/><T27/><D27/><U76/><E76/><AGARI ba="0,0" hai="8,10,20,26,29,56,63,64,76,83,86" m="26071" machi="76" ten="30,2900,0" yaku="8,1,52,1" doraHai="19" who="0" fromWho="1" sc="250,29,250,-29,250,0,250,0" /><INIT seed="0,1,0,4,2,34" ten="279,221,250,250" oya="0" hai0="32,98,30,115,40,131,39,73,22,6,24,77,75" hai1="43,107,4,91,18,118,97,84,122,25,128,124,85" hai2="90,35,100,127,37,114,57,62,45,95,64,20,17" hai3="129,21,59,11,44,99,106,13,23,70,93,2,110"/><T27/><D115/><U109/><E122/><V38/><F114/><W81/><G110/><T12/><D131/><U132/><E118/><V42/><F35/><W49/><G70/><T82/><D40/><U92/><E109/><V74/><F74/><W83/><G106/><T16/><D39/><U63/><E128/><V68/><F127/><W9/><G59/><T89/><D75/><U133/><E43/><V125/><F125/><W78/><G129/><T96/><D89/><U15/><E25/><V60/><F100/><W79/><G83/><T26/><D26/><U10/><E63/><V105/><F105/><W88/><G2/><T126/><D126/><U102/><E124/><V134/><F134/><N who="1" m="51817" /><E18/><V7/><F7/><N who="3" m="3263" /><G11/><T56/><D56/><U48/><E48/><V8/><F8/><W1/><G1/><T94/><D94/><U3/><E15/><V33/><F33/><W19/><G81/><T28/><REACH who="0" step="1"/><D6/><REACH who="0" ten="269,221,250,250" step="2"/><U47/><E47/><V123/><F38/><W113/><G113/><T36/><D36/><U101/><E101/><V67/><F95/><W121/><G44/><T112/><D112/><U104/><E104/><V0/><F37/><W72/><G72/><T14/><D14/><U108/><E108/><V31/><F45/><W116/><G93/><T65/><D65/><U29/><E107/><V55/><F67/><W76/><G76/><T53/><D53/><U86/><E91/><V66/><F66/><W50/><G79/><T119/><D119/><U54/><E54/><V103/><F42/><W52/><G116/><T111/><D111/><U5/><E5/><RYUUKYOKU ba="1,1" sc="269,15,221,15,250,-15,250,-15" hai0="12,16,22,24,27,28,30,32,73,77,82,96,98" hai1="3,4,10,29,84,85,86,92,97,102" /><INIT seed="0,2,1,5,4,112" ten="284,236,235,235" oya="0" hai0="44,87,95,82,98,86,45,115,105,107,30,85,56" hai1="119,92,52,29,106,127,18,31,135,35,68,84,43" hai2="27,90,99,3,126,12,93,131,133,89,118,134,104" hai3="20,46,60,17,72,24,0,109,66,63,76,14,100"/><T34/><D34/><U58/><E106/><N who="0" m="40457" /><D30/><U111/><E68/><V26/><F3/><W4/><G109/><T33/><D33/><U13/><E111/><V53/><F126/><W19/><G100/><N who="0" m="60511" /><D56/><U22/><E127/><V2/><F2/><W23/><G46/><T75/><D44/><U125/><E119/><V117/><F131/><W64/><G0/><T73/><D45/><U102/><E135/><N who="2" m="51723" /><F104/><W97/><G97/><T113/><D113/><U101/><E43/><V7/><F53/><W130/><G130/><T65/><D65/><U54/><E54/><V36/><F36/><W121/><G4/><T62/><D62/><U77/><E125/><V21/><F90/><W25/><G14/><T128/><D128/><U129/><E129/><V80/><F80/><W124/><G124/><T88/><D115/><U70/><E70/><V78/><F7/><W10/><G64/><T96/><D96/><U67/><E67/><V120/><F12/><W83/><G10/><T103/><D103/><U81/><E35/><V132/><F132/><W122/><G63/><T1/><D1/><U28/><E102/><V6/><F6/><W11/><G11/><T51/><D51/><N who="1" m="31007" /><E101/><V16/><F27/><W48/><G48/><T38/><D38/><U108/><E108/><V40/><F40/><W71/><AGARI ba="2,1" hai="17,19,20,23,24,25,60,66,71,72,76,83,121,122" machi="71" ten="30,2000,0" yaku="0,1,9,1" doraHai="112" who="3" fromWho="3" sc="284,-12,236,-7,235,-7,235,36" /><INIT seed="1,0,0,2,3,44" ten="272,229,228,271" oya="1" hai0="34,134,30,27,120,87,5,38,85,2,48,8,108" hai1="131,128,116,57,80,126,54,110,56,9,93,64,59" hai2="42,14,111,114,90,51,1,104,102,63,135,109,10" hai3="79,88,39,17,95,20,13,60,103,81,46,76,18"/><U94/><E116/><V37/><F1/><W106/><G60/><T82/><D38/><U115/><E115/><V66/><F114/><W118/><G118/><T4/><D108/><N who="2" m="41546" /><F37/><W69/><G69/><T86/><D134/><U3/><E110/><V11/><F135/><W33/><G33/><T21/><D5/><N who="1" m="1215" /><E64/><V55/><F42/><W6/><G6/><T130/><D130/><N who="1" m="49707" /><E80/><V129/><F129/><W61/><G61/><T122/><D82/><U132/><E126/><V72/><F72/><W36/><G36/><T105/><D105/><U52/><E132/><V74/><F74/><W73/><G79/><T45/><REACH who="0" step="1"/><D34/><REACH who="0" ten="262,229,228,271" step="2"/><U124/><E124/><V89/><F104/><W121/><G106/><T40/><AGARI ba="0,1" hai="2,4,8,21,27,30,40,45,48,85,86,87,120,122" machi="40" ten="30,7900,0" yaku="1,1,2,1,0,1,52,1,53,0" doraHai="44" doraHaiUra="58" who="0" fromWho="0" sc="262,89,229,-39,228,-20,271,-20" /><INIT seed="2,0,0,1,5,42" ten="351,190,208,251" oya="2" hai0="29,134,132,58,69,114,127,40,106,110,83,86,65" hai1="11,121,81,10,48,100,75,5,111,25,45,122,133" hai2="56,4,131,36,125,31,68,67,64,124,88,53,128" hai3="76,116,96,54,22,129,93,77,104,101,79,87,13"/><V108/><F36/><W66/><G116/><T62/><D106/><U74/><E111/><V21/><F4/><W23/><G129/><N who="2" m="49737" /><F108/><W28/><G66/><N who="2" m="25129" /><F68/><W78/><G28/><T57/><D114/><U98/><E133/><N who="0" m="51305" /><D127/><N who="2" m="48714" /><F31/><W17/><G54/><T43/><D29/><U14/><E25/><V109/><F21/><N who="3" m="11439" /><G104/><T70/><D110/><U7/><E81/><AGARI ba="0,0" hai="22,23,76,77,78,79,81,87,93,96,101" m="11439" machi="81" ten="30,1000,0" yaku="8,1" doraHai="42" who="3" fromWho="1" sc="351,0,190,-10,208,0,251,10" /><INIT seed="3,0,0,1,1,122" ten="351,180,208,261" oya="3" hai0="71,5,19,89,128,80,38,34,115,124,95,114,31" hai1="131,79,101,43,135,85,123,14,99,35,98,50,24" hai2="33,25,51,53,57,3,20,61,36,65,126,106,132" hai3="94,2,110,127,27,46,15,18,93,1,111,28,17"/><W113/><G127/><T68/><D38/><U22/><E123/><V129/><F126/><W69/><G113/><N who="0" m="43019" /><D5/><U7/><E135/><V8/><F33/><W75/><G69/><T97/><D124/><U9/><E35/><V81/><F132/><W39/><G75/><T109/><D109/><N who="3" m="41481" /><G39/><T117/><D117/><U0/><E0/><N who="3" m="106" /><G46/><T105/><D105/><U54/><E131/><V116/><F106/><W11/><G18/><T21/><D128/><U90/><E79/><V100/><F129/><W6/><G17/><T112/><N who="0" m="43027" /><T63/><DORA hai="108" /><D80/><U74/><E7/><V76/><F81/><W52/><G52/><T125/><D125/><U92/><E54/><V12/><F53/><W73/><G73/><T120/><D120/><U82/><E74/><V134/><F36/><W62/><G62/><T119/><D119/><U107/><E82/><V102/><F61/><W45/><G45/><T83/><D83/><U72/><E72/><V48/><F116/><W13/><G13/><N who="0" m="9455" /><D63/><U78/><E14/><V70/><F12/><W59/><G15/><T77/><D77/><U26/><E78/><V56/><F3/><W130/><G130/><T42/><D42/><U55/><E43/><V64/><F76/><W60/><G6/><T96/><D96/><U67/><E99/><V44/><F134/><W47/><G60/><T32/><D31/><U40/><E40/><V88/><F51/><W86/><G28/><T10/><D10/><U91/><E9/><V118/><F8/><W30/><G11/><T104/><D104/><U103/><E107/><V121/><F118/><RYUUKYOKU ba="0,0" sc="351,30,180,-10,208,-10,261,-10" hai0="32,34,68,71,89,95,97" /><INIT seed="4,1,0,0,3,114" ten="381,170,198,251" oya="0" hai0="84,69,58,23,108,98,30,123,116,67,82,8,51" hai1="106,102,73,41,6,38,100,65,31,71,21,33,18" hai2="43,111,130,133,32,117,54,90,104,135,44,66,46" hai3="134,128,2,83,36,121,59,25,27,45,7,0,77"/><T132/><D69/><U80/><E6/><V119/><F104/><W101/><G128/><T22/><D123/><U118/><E118/><N who="2" m="45067" /><F32/><W5/><G134/><N who="2" m="51209" /><F130/><W127/><G127/><T19/><D30/><U42/><E33/><V75/><F75/><W125/><G125/><T126/><D108/><U87/><E31/><V3/><F3/><W26/><G121/><T115/><D115/><U53/><E71/><V96/><F111/><W40/><G0/><T63/><D126/><U62/><E42/><V47/><F66/><W97/><G2/><T76/><D132/><U24/><E65/><V35/><F35/><W61/><G27/><T124/><D124/><U131/><E24/><V110/><F110/><W1/><G25/><T9/><D116/><U88/><E73/><V12/><F12/><W103/><G26/><T113/><D113/><U94/><E106/><V56/><F96/><W49/><G97/><T107/><D98/><U4/><E41/><V10/><F10/><W60/><G1/><T120/><D107/><U52/><E131/><V17/><F17/><W92/><G40/><T78/><D120/><U64/><E18/><V37/><F90/><W29/><G29/><T89/><D9/><U93/><E88/><V72/><F72/><W79/><G5/><T95/><D8/><U85/><E64/><V11/><F11/><W16/><G16/><T91/><D19/><U70/><E4/><V86/><F86/><W28/><G28/><T20/><D89/><U109/><E87/><V14/><F14/><W39/><G7/><T122/><D91/><U15/><E15/><RYUUKYOKU ba="1,0" sc="381,-10,170,-10,198,30,251,-10" hai2="37,43,44,46,47,54,56" /><INIT seed="5,2,0,2,2,118" ten="371,160,228,241" oya="1" hai0="102,121,101,66,62,33,1,68,50,98,104,36,24" hai1="8,110,40,86,7,52,126,27,78,99,58,28,127" hai2="120,37,74,46,70,80,77,53,83,42,19,131,55" hai3="20,34,75,100,14,107,11,124,0,4,112,56,15"/><U67/><E67/><V71/><F131/><W3/><G75/><T39/><D1/><U90/><E40/><V38/><F19/><W132/><G34/><T115/><D115/><U108/><E99/><V111/><F111/><N who="1" m="42537" /><E78/><V103/><F103/><W129/><G112/><T32/><D32/><N who="1" m="20511" /><E8/><V18/><F77/><W117/><G129/><T49/><D102/><U5/><E5/><V96/><F74/><W114/><G114/><T64/><D64/><U45/><E45/><V17/><F96/><W63/><G100/><T30/><D121/><U47/><E47/><V12/><F46/><W41/><G41/><T109/><D109/><U61/><E7/><V95/><F42/><W79/><G107/><T23/><D23/><U135/><E135/><V81/><F12/><W35/><G79/><T93/><D93/><AGARI ba="2,0" hai="52,58,61,86,90,93,126,127" m="20511,42537" machi="93" ten="30,2900,0" yaku="10,1,54,1" doraHai="118" who="1" fromWho="0" sc="371,-35,160,35,228,0,241,0" /><INIT seed="5,3,0,2,1,101" ten="336,195,228,241" oya="1" hai0="13,125,109,68,78,21,50,83,6,14,59,128,84" hai1="131,71,16,94,63,8,61,111,89,62,100,2,79" hai2="121,133,113,1,3,90,36,58,106,4,103,39,99" hai3="30,44,51,105,10,20,60,17,45,29,76,92,120"/><U87/><E111/><V47/><F121/><W73/><G105/><T82/><D68/><U117/><E117/><V124/><F124/><W31/><G120/><T107/><D109/><U15/><E131/><V104/><F58/><W127/><G127/><T42/><D107/><N who="2" m="41002" /><F90/><W91/><G73/><T96/><D128/><U97/><E79/><V55/><F55/><W11/><G76/><T135/><D135/><U28/><E28/><V38/><F103/><W25/><G60/><T0/><D0/><N who="2" m="74" /><F99/><N who="3" m="57759" /><G45/><T54/><D125/><U81/><REACH who="1" step="1"/><E2/><REACH who="1" ten="336,185,228,241" step="2"/><V88/><F133/><W130/><G130/><T69/><D78/><U85/><E85/><V46/><F4/><W49/><G30/><T32/><D6/><U27/><E27/><V35/><F35/><W37/><G31/><T80/><D32/><U119/><E119/><V7/><F7/><W70/><G29/><T126/><D84/><U93/><E93/><V129/><F129/><W33/><G33/><T102/><D126/><U34/><E34/><V22/><F38/><W66/><G37/><T40/><D82/><U5/><E5/><V86/><F86/><W12/><G25/><T114/><D83/><U118/><E118/><V132/><F36/><W67/><G17/><T24/><D80/><U116/><E116/><V18/><F39/><W95/><G95/><T110/><D110/><U112/><E112/><V52/><F113/><W48/><G12/><T74/><D14/><U108/><E108/><V64/><F132/><W98/><G98/><T75/><D13/><U19/><E19/><V65/><F18/><W123/><G123/><RYUUKYOKU ba="3,1" sc="336,-10,185,30,228,-10,241,-10" hai1="8,15,16,61,62,63,71,81,87,89,94,97,100" /><INIT seed="5,4,1,1,3,19" ten="326,215,218,231" oya="1" hai0="49,126,74,34,95,35,33,120,130,41,47,89,132" hai1="61,75,119,128,46,82,52,86,121,91,77,103,30" hai2="10,21,104,23,12,88,131,114,55,123,122,98,36" hai3="45,134,87,110,13,70,125,99,90,17,116,39,117"/><U102/><E121/><V73/><F36/><W1/><G110/><T16/><D74/><U50/><E119/><N who="3" m="45642" /><G1/><T11/><D126/><U96/><E128/><V101/><F73/><W7/><G7/><T59/><D130/><U53/><E30/><V54/><F131/><W106/><G70/><T76/><D76/><U72/><E103/><V94/><F123/><W57/><G134/><T60/><D132/><U22/><E22/><N who="2" m="8203" /><F122/><W42/><G57/><T28/><D120/><U67/><E53/><N who="2" m="19979" /><F104/><W58/><G58/><T113/><D28/><U64/><E61/><V129/><F114/><W18/><G125/><T81/><D35/><U51/><E51/><V20/><N who="2" m="8211" /><V85/><DORA hai="4" /><F129/><W80/><G13/><T107/><D107/><N who="1" m="63943" /><E75/><V71/><F71/><W65/><G65/><T84/><D34/><U56/><E56/><V112/><F112/><W115/><G115/><T44/><D33/><U24/><E24/><V38/><F38/><W127/><G127/><T92/><D113/><U133/><E133/><V48/><F48/><W26/><G26/><T15/><D47/><U9/><E9/><V5/><F101/><AGARI ba="4,1" hai="17,18,39,42,45,80,87,90,99,101,106" m="45642" machi="101" ten="30,1000,0" yaku="12,1" doraHai="19,4" who="3" fromWho="2" sc="326,0,215,0,218,-22,231,32" /><INIT seed="6,0,0,1,4,65" ten="326,215,196,263" oya="2" hai0="109,1,13,43,48,8,44,16,72,30,90,107,94" hai1="69,75,39,11,129,54,24,47,108,49,73,31,101" hai2="5,126,70,34,119,91,25,46,2,83,3,37,36" hai3="23,12,122,51,41,63,100,14,74,56,81,124,115"/><V104/><F119/><W111/><G111/><T130/><D107/><U82/><E108/><V38/><F104/><W88/><G122/><T53/><D109/><U66/><E129/><V85/><F126/><W29/><G100/><T80/><D130/><U20/><E101/><V19/><F70/><W98/><G124/><T127/><D127/><U68/><E66/><V27/><F46/><N who="3" m="26063" /><G74/><T99/><D30/><U135/><E135/><V131/><F131/><W84/><G98/><T110/><D110/><U134/><E134/><V102/><F102/><W61/><G61/><T55/><D1/><U28/><E28/><V32/><F5/><W50/><G50/><T7/><D7/><U113/><E113/><V22/><REACH who="2" step="1"/><F27/><REACH who="2" ten="326,215,186,263" step="2"/><N who="3" m="16639" /><G115/><T128/><D128/><U52/><E69/><V15/><F15/><W33/><G12/><T18/><D18/><U87/><E68/><V45/><F45/><W77/><G14/><T57/><D57/><U118/><E118/><V10/><F10/><W60/><G56/><T116/><D116/><U105/><E105/><V35/><AGARI ba="0,1" hai="2,3,19,22,25,32,34,35,36,37,38,83,85,91" machi="35" ten="40,3900,0" yaku="1,1,0,1,53,0" doraHai="65" doraHaiUra="123" who="2" fromWho="2" sc="326,-13,215,-13,186,49,263,-13" /><INIT seed="6,1,0,5,1,36" ten="313,202,235,250" oya="2" hai0="101,82,2,32,41,92,64,118,113,61,74,134,70" hai1="51,27,67,106,57,86,24,72,63,78,83,111,44" hai2="54,53,112,37,108,56,60,58,79,109,7,18,121" hai3="128,25,96,94,13,129,123,133,20,4,110,14,19"/><V107/><F107/><W52/><G110/><N who="2" m="42601" /><F7/><W22/><G123/><T90/><D32/><U30/><E106/><V69/><F79/><W105/><G105/><T119/><D2/><U132/><E111/><V131/><F121/><W12/><G133/><T38/><D134/><U130/><E132/><V102/><F102/><W39/><G39/><T48/><D38/><U84/><E130/><N who="3" m="50282" /><G52/><N who="2" m="20073" /><F131/><W42/><G42/><T85/><D113/><U17/><E17/><V66/><F112/><W120/><G120/><T127/><D127/><U125/><E125/><V28/><F37/><W75/><G75/><T99/><D74/><U135/><E135/><V115/><F115/><W87/><G4/><T1/><REACH who="0" step="1"/><D1/><REACH who="0" ten="303,202,235,250" step="2"/><U114/><E114/><V0/><F0/><W77/><G20/><T97/><D97/><U80/><E72/><V81/><F28/><W8/><G96/><T5/><D5/><U68/><E30/><V88/><F18/><W59/><G22/><T9/><D9/><U16/><E16/><V15/><F15/><W50/><G12/><T62/><D62/><U21/><E21/><V26/><F26/><W122/><G14/><T104/><D104/><U117/><E27/><V73/><F73/><W34/><G122/><T89/><D89/><N who="1" m="51335" /><E24/><V103/><F103/><W49/><G25/><T100/><D100/><U47/><E117/><V29/><F29/><W31/><G31/><T43/><D43/><U71/><E51/><V40/><F40/><W124/><G124/><T3/><D3/><U116/><E116/><V33/><F33/><W46/><G34/><T10/><D10/><RYUUKYOKU ba="1,1" sc="303,10,202,10,235,10,250,-30" hai0="41,48,61,64,70,82,85,90,92,99,101,118,119" hai1="44,47,57,63,67,68,71,78,83,86" hai2="56,58,60,66,69,81,88" /><INIT seed="6,2,1,4,2,4" ten="313,212,245,220" oya="2" hai0="10,29,80,73,12,14,85,133,126,109,54,93,5" hai1="18,129,78,17,50,123,87,115,43,11,41,35,66" hai2="46,36,95,21,134,70,76,108,112,86,128,6,82" hai3="45,16,20,77,55,42,81,27,120,131,135,3,2"/><V117/><F117/><W111/><G111/><T101/><D109/><U52/><E35/><V97/><F108/><W60/><G120/><T48/><D73/><U91/><E123/><V118/><F118/><W99/><G131/><T26/><D126/><U64/><E115/><V31/><F70/><W106/><G135/><T13/><D133/><U127/><E78/><V75/><F134/><W88/><G60/><T122/><D122/><U92/><E129/><V1/><F128/><W49/><G42/><N who="1" m="15882" /><E127/><V0/><F112/><W121/><G121/><T9/><D5/><U130/><E130/><V107/><F36/><W38/><G38/><T94/><D94/><U32/><E32/><V124/><F124/><W34/><G34/><T69/><D69/><U65/><E11/><N who="0" m="4105" /><D26/><U51/><E51/><V8/><F0/><W22/><G22/><T83/><D29/><U47/><AGARI ba="2,1" hai="17,18,47,50,52,64,65,66,87,91,92" m="15882" machi="47" ten="30,2000,0" yaku="8,1,54,1" doraHai="4" who="1" fromWho="1" sc="313,-7,212,36,245,-12,220,-7" /><INIT seed="7,0,0,1,2,50" ten="306,248,233,213" oya="3" hai0="81,58,131,65,116,86,5,132,9,108,16,83,88" hai1="64,124,93,26,47,115,99,76,18,130,135,37,59" hai2="52,4,113,97,100,105,77,62,126,94,79,120,51" hai3="8,55,23,61,110,31,2,49,98,70,92,125,24"/><W33/><G125/><T44/><D108/><U96/><E115/><V27/><F113/><W17/><G110/><T67/><D116/><U7/><E7/><V48/><F126/><W42/><G42/><T73/><D73/><U57/><E135/><V119/><F119/><W0/><G8/><T12/><D131/><U56/><E76/><N who="2" m="29259" /><F105/><W6/><G6/><T25/><D44/><U95/><E64/><N who="0" m="24649" /><D58/><U85/><E37/><V41/><F41/><W54/><G70/><T78/><D132/><U109/><E109/><V128/><F128/><W122/><G61/><T91/><D83/><U43/><E47/><V28/><F4/><W90/><G122/><T66/><D66/><U102/><E43/><V13/><F120/><W34/><G34/><T104/><D104/><U129/><E124/><V101/><F13/><W40/><G40/><T103/><D103/><U84/><E130/><V82/><F82/><W36/><G36/><T46/><D46/><U89/><E129/><V114/><F101/><W123/><G123/><T68/><D68/><U118/><E118/><V74/><F74/><W69/><G69/><T21/><AGARI ba="0,0" hai="5,9,12,16,21,25,78,81,86,88,91" m="24649" machi="21" ten="30,4000,0" yaku="8,1,54,2" doraHai="50" who="0" fromWho="0" sc="306,40,248,-10,233,-10,213,-20" owari="346,45.0,238,4.0,223,-18.0,193,-31.0" /></mjloggm>