<mjloggm ver="2.3"><GO type="169" lobby="0"/><UN n0="%E2%98%86%EF%BC%B2%EF%BC%8E%EF%BC%A4%EF%BC%8E%E2%98%85" n1="%E2%84%83%2D%75%74%65" n2="%E3%83%8F%E3%83%AA%E3%83%9C%E3%83%86%E5%A4%A7%E5%B0%86" n3="%E3%82%A6%E3%83%AB%E3%83%88%E3%83%A9%E7%AB%8B%E7%9B%B4" dan="16,18,16,17" rate="2130.06,2196.62,2121.16,2150.76" sx="M,M,M,M"/><TAIKYOKU oya="0"/><INIT seed="0,0,0,3,3,97" ten="250,250,250,250" oya="0" hai0="11,131,118,15,126,56,109,107,91,4,0,51,35" hai1="59,86,41,113,78,83,100,114,96,65,62,95,119" hai2="70,31,89,99,67,45,18,16,94,81,125,132,127" hai3="112,79,93,38,82,106,120,28,2,5,129,122,26"/><T68/><D118/><U17/><E119/><V111/><F111/><W39/><G93/><T46/><D68/><U87/><E41/><V19/><F132/><W61/><G61/><T63/><D126/><N who="2" m="48138" /><F31/><W76/><G76/><T14/><D131/><U60/><E17/><V21/><F45/><W58/><G58/><T36/><D107/><U27/><E27/><N who="2" m="14759" /><F81/><W50/><G50/><T20/><D35/><U134/><E134/><V42/><F42/><W105/><G129/><T90/><D109/><U37/><E37/><V75/><F75/><W12/><G112/><T73/><D73/><U25/><E25/><V128/><F128/><W69/><G39/><T44/><D36/><U40/><E40/><V53/><F53/><W34/><G38/><T6/><D46/><U88/><REACH who="1" step="1"/><E62/><AGARI ba="0,0" hai="18,19,62,67,70,89,94,99" m="14759,48138" machi="62" ten="30,2000,0" yaku="18,1,54,1" doraHai="97" who="2" fromWho="1" sc="250,0,250,-20,250,20,250,0" /><INIT seed="1,0,0,3,1,92" ten="250,230,270,250" oya="1" hai0="69,40,86,27,126,65,5,123,39,73,62,99,52" hai1="3,110,21,35,81,83,91,84,43,53,78,12,107" hai2="23,121,94,119,88,127,95,101,130,36,63,47,50" hai3="24,124,100,26,103,117,104,31,60,44,105,58,25"/><U59/><E35/><V135/><F119/><W133/><G124/><T32/><D73/><U41/><E3/><V122/><F127/><W67/><G133/><T108/><D126/><U114/><E114/><V106/><F135/><W90/><G117/><T18/><D108/><U80/><E107/><V93/><F36/><W61/><G31/><T19/><D123/><U112/><E112/><V132/><F132/><W48/><G61/><T37/><D5/><U96/><E110/><V68/><F106/><W8/><G105/><T115/><D115/><U77/><E96/><V0/><F0/><W66/><G104/><T75/><D75/><U113/><E113/><V10/><F10/><W46/><G67/><T28/><D86/><U56/><E78/><V15/><F130/><W42/><G8/><T79/><D79/><U49/><E59/><V85/><F63/><W30/><G30/><T16/><D40/><U87/><REACH who="1" step="1"/><E81/><REACH who="1" ten="250,220,270,250" step="2"/><N who="2" m="49199" /><F68/><W51/><REACH who="3" step="1"/><G90/><REACH who="3" ten="250,220,270,240" step="2"/><T82/><D69/><U1/><E1/><V34/><F121/><W7/><G7/><T125/><D125/><U13/><E13/><V111/><F122/><W70/><G70/><T6/><D6/><U129/><E129/><V55/><F111/><W64/><G64/><T38/><D65/><U74/><E74/><V45/><F15/><W97/><G97/><T29/><D99/><U2/><E2/><V109/><F109/><W128/><G128/><T57/><D29/><U17/><AGARI ba="0,2" hai="12,17,21,41,43,49,53,56,77,80,83,84,87,91" machi="17" ten="30,6000,0" yaku="1,1,0,1,8,1,53,0" doraHai="92" doraHaiUra="98" who="1" fromWho="1" sc="250,-20,220,80,270,-20,240,-20" /><INIT seed="1,1,0,0,1,33" ten="230,300,250,220" oya="1" hai0="51,41,128,134,54,69,58,119,7,129,15,14,47" hai1="12,97,92,94,108,63,22,81,1,130,21,79,114" hai2="113,78,49,89,117,57,61,83,19,18,8,99,30" hai3="31,39,86,62,131,38,109,52,115,5,98,28,88"/><U59/><E114/><V23/><F117/><W112/><G131/><N who="0" m="50251" /><D119/><U42/><E130/><V43/><F113/><W87/><G5/><T121/><D7/><U132/><E132/><V106/><F30/><W3/><G98/><T11/><D134/><U67/><E108/><V96/><F106/><W82/><G62/><N who="0" m="36183" /><D121/><U4/><E42/><V71/><F8/><W56/><G56/><T16/><D15/><U26/><E12/><V0/><F0/><W84/><G87/><T72/><D72/><U27/><E22/><V68/><F71/><AGARI ba="1,0" hai="11,14,16,41,47,51,69,71" m="36183,50251" machi="71" ten="30,2000,0" yaku="19,1,54,1" doraHai="33" who="0" fromWho="2" sc="230,23,300,0,250,-23,220,0" /><INIT seed="2,0,0,5,1,16" ten="253,300,227,220" oya="2" hai0="28,116,83,107,110,12,123,118,62,134,51,84,102" hai1="65,5,61,42,90,47,58,6,70,112,89,105,79" hai2="113,78,14,97,124,125,87,95,8,106,36,117,53" hai3="59,64,30,9,27,32,0,40,114,44,76,52,55"/><V1/><F113/><W54/><G114/><T130/><D110/><U81/><E105/><V49/><F117/><N who="0" m="45162" /><D123/><U132/><E112/><V15/><F36/><W18/><G76/><T46/><D134/><U98/><E132/><V93/><F106/><W111/><G111/><T57/><D130/><U26/><E70/><V50/><F1/><W71/><G71/><T75/><D28/><U66/><E66/><V126/><F78/><W20/><G64/><T80/><D12/><U122/><E122/><V119/><F119/><W35/><G59/><T72/><D102/><U127/><E127/><V129/><F129/><W13/><REACH who="3" step="1"/><G0/><REACH who="3" ten="253,300,227,210" step="2"/><T128/><D128/><U11/><E79/><V24/><F124/><W29/><G29/><T2/><D2/><U56/><E65/><V96/><F125/><W101/><G101/><T85/><D72/><U92/><E56/><N who="2" m="32815" /><F126/><W135/><G135/><T34/><D57/><U109/><E109/><V100/><F87/><W39/><AGARI ba="0,1" hai="9,13,18,20,27,30,32,35,39,40,44,52,54,55" machi="39" ten="30,8000,1" yaku="1,1,0,1,52,1,54,1,53,1" doraHai="16" doraHaiUra="38" who="3" fromWho="3" sc="253,-20,300,-20,227,-40,210,90" /><INIT seed="3,0,0,4,1,107" ten="233,280,187,300" oya="3" hai0="60,69,78,0,98,72,49,70,94,53,18,93,64" hai1="41,91,129,54,119,9,52,113,61,65,47,32,135" hai2="16,126,39,132,85,11,80,20,111,10,22,81,48" hai3="19,71,89,106,15,63,105,114,38,31,6,2,25"/><W34/><G38/><T90/><D0/><U123/><E32/><V42/><F111/><W45/><G45/><T28/><D28/><U120/><E113/><V128/><F126/><W130/><G114/><T79/><D69/><U36/><E135/><V23/><F132/><W73/><G89/><T7/><D7/><U134/><E134/><V35/><F35/><W101/><G130/><T97/><D18/><U21/><E21/><N who="2" m="8299" /><F39/><W44/><G44/><T29/><D29/><U67/><E67/><V68/><F68/><W4/><G19/><T26/><D26/><U55/><E91/><N who="2" m="51623" /><F128/><W77/><G15/><T3/><D3/><U27/><E27/><N who="2" m="14823" /><F81/><N who="3" m="45231" /><G4/><T84/><D72/><U86/><E129/><V100/><F100/><W110/><G110/><T125/><D125/><U57/><E86/><V51/><F42/><W62/><G101/><T14/><D14/><U13/><REACH who="1" step="1"/><E119/><REACH who="1" ten="233,270,187,300" step="2"/><V8/><AGARI ba="0,1" hai="8,10,11,48,51" m="14823,51623,8299" machi="8" ten="30,2000,0" yaku="8,1,54,1" doraHai="107" who="2" fromWho="2" sc="233,-5,270,-5,187,30,300,-10" /><INIT seed="4,0,0,3,2,24" ten="228,265,217,290" oya="0" hai0="96,107,11,2,36,88,124,8,71,21,42,94,10" hai1="37,82,4,68,56,117,119,103,5,118,18,52,105" hai2="12,46,112,129,83,131,67,134,20,125,16,58,25" hai3="55,102,47,127,70,100,113,30,75,69,132,43,34"/><T61/><D124/><U15/><E37/><V7/><F112/><W41/><G75/><T130/><D130/><N who="2" m="49674" /><F125/><W109/><G55/><T101/><D2/><U53/><E68/><V106/><F106/><W89/><G89/><T32/><D32/><U29/><E53/><V44/><F134/><W13/><G132/><T60/><D21/><U135/><E135/><V81/><F67/><W35/><G13/><T77/><D77/><U54/><E54/><V49/><F58/><W51/><G127/><T97/><REACH who="0" step="1"/><D71/><REACH who="0" ten="218,265,217,290" step="2"/><U80/><E118/><V0/><F0/><W84/><G35/><T76/><D76/><U65/><E119/><V78/><F78/><W45/><G34/><T95/><D95/><U23/><E117/><V123/><F123/><W91/><G69/><T66/><D66/><U98/><E65/><V50/><F46/><AGARI ba="0,1" hai="8,10,11,36,42,46,60,61,88,94,96,97,101,107" machi="46" ten="40,7700,0" yaku="1,1,54,1,53,1" doraHai="24" doraHaiUra="85" who="0" fromWho="2" sc="218,87,265,0,217,-77,290,0" /><INIT seed="4,1,0,3,0,42" ten="305,265,140,290" oya="0" hai0="77,111,50,59,65,32,80,105,64,131,116,124,28" hai1="78,99,26,121,68,87,94,62,130,98,73,21,112" hai2="0,9,25,52,70,40,53,128,97,92,27,22,11" hai3="134,44,47,108,91,2,35,93,54,66,41,15,109"/><T114/><D116/><U1/><E121/><V37/><F70/><W71/><G2/><T90/><D114/><U85/><E1/><V46/><F128/><W13/><G35/><T45/><D131/><U58/><E68/><V24/><F22/><W56/><G134/><T123/><D123/><U55/><E130/><V63/><F0/><W133/><G133/><T5/><D124/><U67/><E112/><V102/><REACH who="2" step="1"/><F63/><REACH who="2" ten="305,265,130,290" step="2"/><W100/><G71/><T89/><D32/><U117/><E21/><V16/><F16/><W69/><G69/><T75/><D28/><U101/><E62/><V132/><F132/><W72/><G109/><T8/><D111/><U113/><E113/><V3/><F3/><W82/><G108/><T10/><D8/><AGARI ba="1,1" hai="8,9,11,24,25,27,37,40,46,52,53,92,97,102" machi="8" ten="40,5200,0" yaku="1,1,52,1,54,1,53,0" doraHai="42" doraHaiUra="30" who="2" fromWho="0" sc="305,-55,265,0,130,65,290,0" /><INIT seed="5,0,0,4,0,101" ten="250,265,195,290" oya="1" hai0="85,133,32,119,50,35,8,54,68,86,74,128,120" hai1="46,88,73,24,91,51,130,9,28,117,87,92,34" hai2="4,99,59,84,69,3,126,100,93,41,77,14,2" hai3="11,72,80,134,19,37,118,36,5,114,49,131,60"/><U112/><E73/><V63/><F69/><W30/><G49/><T26/><D119/><U102/><E117/><V65/><F41/><W52/><G19/><T53/><D133/><U96/><E112/><V39/><F39/><W123/><G52/><T76/><D128/><U21/><E130/><V81/><REACH who="2" step="1"/><F126/><REACH who="2" ten="250,265,185,290" step="2"/><W108/><G37/><T13/><D68/><U7/><E34/><V110/><F110/><W75/><G36/><T64/><D32/><U10/><E7/><V27/><F27/><W0/><G5/><T113/><D26/><U79/><E79/><V71/><F71/><W122/><G108/><T67/><D35/><U47/><E47/><V31/><F31/><W107/><G30/><T132/><D76/><U89/><REACH who="1" step="1"/><E87/><REACH who="1" ten="250,255,185,290" step="2"/><V97/><F97/><W103/><G75/><T43/><D85/><U6/><E6/><V135/><F135/><W29/><G72/><T25/><D86/><U82/><E82/><V22/><F22/><W33/><G80/><T127/><D74/><U66/><E66/><V70/><F70/><W38/><G134/><T55/><D64/><U16/><E16/><V42/><F42/><AGARI ba="0,2" hai="9,10,21,24,28,42,46,51,88,89,91,92,96,102" machi="42" ten="40,7700,0" yaku="1,1,8,1,54,1,53,0" doraHai="101" doraHaiUra="48" who="1" fromWho="2" sc="250,0,255,97,185,-77,290,0" /><INIT seed="5,1,0,4,4,117" ten="250,352,108,290" oya="1" hai0="77,49,70,23,82,48,0,73,5,3,85,80,10" hai1="97,14,81,92,126,35,39,27,53,64,30,79,46" hai2="113,78,69,58,40,37,26,16,28,33,132,99,18" hai3="114,13,2,67,89,17,112,7,107,31,52,68,24"/><U135/><E135/><V134/><F69/><W62/><G107/><T122/><D122/><U103/><E126/><V22/><F113/><W90/><G52/><T56/><D70/><U8/><E64/><V66/><F78/><W115/><G7/><T4/><D23/><U121/><E121/><V71/><F71/><W32/><REACH who="3" step="1"/><G2/><REACH who="3" ten="250,352,108,280" step="2"/><T93/><D4/><U38/><E53/><V109/><F109/><W21/><AGARI ba="1,1" hai="13,17,21,24,31,32,62,67,68,89,90,112,114,115" machi="21" ten="30,12000,2" yaku="1,1,2,1,0,1,15,1,53,3" doraHai="117" doraHaiUra="108" who="3" fromWho="3" sc="250,-31,352,-61,108,-31,280,133" /><INIT seed="6,0,0,4,2,0" ten="219,291,77,413" oya="2" hai0="56,117,50,44,21,64,76,122,109,15,135,31,101" hai1="47,16,98,41,118,51,91,43,8,130,71,105,78" hai2="29,61,77,69,81,52,114,87,85,32,18,129,83" hai3="70,82,45,3,1,33,59,106,112,93,84,34,65"/><V37/><F114/><W62/><G106/><T12/><D109/><U11/><E71/><V108/><F129/><W132/><G112/><T22/><D122/><U79/><E118/><V40/><F108/><W72/><G72/><T116/><D101/><U6/><E130/><V20/><F32/><W99/><G70/><T19/><D76/><U46/><E105/><V4/><F29/><W120/><G132/><T58/><D135/><U14/><E91/><V23/><F4/><W28/><G34/><T96/><D96/><U100/><E98/><V90/><F69/><W113/><G45/><T39/><D39/><U125/><E100/><V124/><F124/><W66/><G66/><T7/><D64/><U53/><E125/><V26/><F23/><W57/><G57/><N who="0" m="22123" /><D31/><U110/><E110/><V128/><F128/><W80/><G93/><T55/><D7/><U5/><E53/><V89/><F37/><W107/><G62/><T68/><D68/><U42/><E42/><V102/><F102/><W134/><G59/><T92/><D92/><U133/><E133/><V74/><F40/><W97/><G33/><T88/><D88/><U54/><E54/><V75/><F61/><W67/><G28/><T49/><D49/><N who="1" m="26831" /><E8/><V9/><F52/><W48/><G134/><T60/><D60/><U73/><E73/><N who="2" m="27659" /><F9/><W121/><G113/><T126/><D19/><U24/><E5/><V86/><F77/><W104/><G48/><T103/><D103/><U10/><E10/><V115/><F115/><W63/><G63/><T123/><D126/><U95/><E95/><V38/><F38/><RYUUKYOKU ba="0,0" sc="219,-30,291,10,77,10,413,10" hai1="6,11,14,16,24,43,47,51,78,79" hai2="18,20,26,81,83,85,86,87,89,90" hai3="1,3,65,67,80,82,84,97,99,104,107,120,121" /><INIT seed="6,1,0,2,0,97" ten="189,301,87,423" oya="2" hai0="57,119,43,78,125,17,120,90,49,5,32,1,135" hai1="37,122,131,67,87,13,0,66,109,110,33,85,25" hai2="41,52,101,79,99,12,38,126,107,92,132,84,39" hai3="11,129,34,70,133,113,29,42,100,36,72,116,18"/><V86/><F126/><W112/><G72/><T115/><D120/><U56/><E0/><V8/><F132/><W68/><G116/><T81/><D125/><U88/><E37/><V27/><F27/><W58/><G36/><T59/><D135/><U6/><E131/><V45/><F39/><W23/><G42/><T96/><D115/><U130/><E130/><V103/><F79/><W7/><G58/><T4/><D32/><U94/><E122/><V73/><F73/><W82/><G82/><T91/><D119/><U2/><E2/><V71/><F71/><W10/><G10/><T108/><D108/><U98/><E109/><V22/><F22/><W55/><G55/><T65/><D17/><U40/><E40/><V75/><F75/><W128/><G133/><T31/><D31/><U30/><E110/><V123/><F123/><W53/><G53/><N who="0" m="31919" /><D43/><U74/><E74/><V134/><F134/><W44/><G44/><T9/><D96/><U105/><E56/><V47/><F107/><W60/><G68/><T61/><D1/><U35/><E35/><V121/><F121/><W95/><G70/><T48/><D48/><U124/><E124/><V26/><F26/><N who="3" m="18743" /><G60/><T24/><D24/><U83/><E105/><V21/><F21/><W80/><G113/><T14/><D4/><U51/><E51/><N who="2" m="28799" /><F101/><W102/><G100/><T89/><D78/><N who="1" m="46327" /><E98/><V46/><F46/><W106/><G112/><T19/><D5/><U111/><E111/><V50/><F38/><W93/><G129/><T64/><D81/><U16/><E6/><AGARI ba="1,0" hai="6,8,12,41,45,50,84,86,92,99,103" m="28799" machi="6" ten="30,5800,0" yaku="8,1,52,1,54,1" doraHai="97" who="2" fromWho="1" sc="189,0,301,-61,87,61,423,0" /><INIT seed="6,2,0,3,0,103" ten="189,240,148,423" oya="2" hai0="61,122,0,16,66,75,88,68,19,98,52,129,4" hai1="6,44,56,8,39,36,86,15,107,53,37,23,128" hai2="10,115,38,93,126,76,13,91,125,109,59,24,70" hai3="51,11,130,67,64,114,121,54,101,31,134,22,47"/><V111/><F70/><W63/><G121/><T117/><D122/><U96/><E128/><V40/><F76/><W14/><G130/><T34/><D129/><U99/><E44/><N who="2" m="23575" /><F115/><W120/><G120/><T85/><D75/><U113/><E113/><V49/><F24/><N who="3" m="16791" /><G134/><T102/><D34/><U48/><E107/><V50/><F91/><W87/><G114/><T42/><D42/><U100/><E100/><V21/><F21/><W97/><G87/><T3/><D52/><U132/><E132/><V45/><F59/><N who="3" m="35319" /><G101/><T43/><D43/><U94/><E86/><V7/><F93/><W133/><G133/><T119/><D4/><U110/><E94/><V116/><F116/><N who="0" m="44618" /><D0/><U82/><E82/><V71/><F71/><W89/><G89/><T28/><D28/><U84/><E84/><V30/><F30/><W32/><G97/><T60/><D3/><U131/><E131/><V79/><F79/><W83/><G32/><T127/><D60/><U9/><E99/><V104/><F104/><W41/><G83/><N who="0" m="49215" /><D98/><U81/><E96/><V72/><F72/><W124/><G51/><N who="2" m="19465" /><F45/><W33/><G47/><T77/><D77/><U20/><E81/><V35/><F35/><W95/><G14/><T26/><D102/><U27/><E37/><V65/><F65/><W5/><G95/><T18/><D26/><U2/><E27/><V108/><AGARI ba="2,0" hai="7,10,13,108,109,111,125,126" m="19465,23575" machi="108" ten="40,2100,0" yaku="10,1" doraHai="103" who="2" fromWho="2" sc="189,-9,240,-9,148,27,423,-9" /><INIT seed="6,3,0,5,4,112" ten="180,231,175,414" oya="2" hai0="24,19,102,47,2,84,76,43,22,37,60,130,45" hai1="125,100,116,89,52,5,21,86,17,134,80,118,87" hai2="133,99,36,67,14,104,114,132,95,124,42,3,109" hai3="34,90,58,123,98,83,27,94,1,126,131,70,72"/><V57/><F114/><W71/><G1/><T65/><D130/><U54/><E134/><N who="2" m="51819" /><F124/><W26/><G123/><T64/><D2/><U128/><E128/><V23/><F3/><W50/><G131/><T30/><D102/><U62/><E125/><V96/><F104/><W4/><G4/><T66/><D45/><U129/><E129/><V108/><F42/><W110/><G110/><N who="2" m="42601" /><F36/><W92/><G126/><T11/><D76/><U119/><E100/><V9/><F23/><W10/><G34/><T55/><D84/><U53/><E5/><N who="2" m="3375" /><F95/><W79/><G92/><T101/><D101/><U44/><E87/><V135/><N who="2" m="51827" /><V0/><DORA hai="56" /><F0/><W115/><G115/><T113/><D113/><U33/><E33/><V59/><F59/><W93/><G58/><T20/><D11/><U15/><REACH who="1" step="1"/><E44/><REACH who="1" ten="180,221,175,414" step="2"/><V85/><F85/><N who="3" m="48383" /><G93/><T120/><D47/><U73/><E73/><V12/><F12/><W78/><G72/><T122/><D122/><U8/><E8/><V18/><F18/><W82/><G10/><T49/><D120/><U28/><E28/><V13/><F13/><W51/><G94/><T127/><D127/><U39/><E39/><V25/><F25/><W91/><G27/><N who="0" m="14751" /><D37/><U7/><E7/><V40/><F40/><W63/><G26/><T38/><D38/><U111/><E111/><V106/><F106/><W35/><G35/><T6/><D6/><U41/><E41/><V68/><F68/><W16/><G71/><N who="0" m="42375" /><D43/><U32/><E32/><V31/><F31/><W29/><G29/><T105/><D105/><U69/><E69/><V74/><F74/><RYUUKYOKU ba="3,1" sc="180,10,221,10,175,10,414,-30" hai0="22,24,30,49,55,65,66" hai1="15,17,21,52,53,54,62,80,86,89,116,118,119" hai2="57,67,96,99" /><INIT seed="6,4,1,1,1,37" ten="190,231,185,384" oya="2" hai0="114,65,76,103,48,69,91,7,32,28,126,13,80" hai1="87,68,95,83,107,101,27,22,94,57,21,64,29" hai2="40,9,128,66,8,49,63,131,85,96,118,14,19" hai3="109,125,23,60,47,119,102,31,54,124,77,12,74"/><V11/><F118/><W71/><G109/><T86/><D114/><U1/><E1/><V34/><F34/><W42/><G102/><T113/><D113/><U89/><E68/><V46/><F96/><W41/><G119/><T55/><D103/><U4/><E4/><V67/><F85/><W84/><G74/><T20/><D126/><U135/><E135/><V15/><F63/><W3/><G3/><T43/><D69/><U90/><E107/><V110/><F110/><W50/><G60/><T88/><D65/><N who="2" m="24586" /><F19/><N who="3" m="10727" /><G71/><T99/><D43/><U24/><E101/><V112/><F112/><W58/><G31/><T78/><D32/><U122/><E122/><V44/><F44/><W10/><G47/><N who="0" m="28063" /><D99/><U25/><E83/><V33/><F33/><W129/><G125/><T97/><D28/><U18/><E64/><V123/><F123/><W36/><G36/><T6/><D97/><N who="1" m="57551" /><E57/><V5/><F5/><N who="0" m="1546" /><D76/><U106/><E106/><V52/><F40/><W115/><G124/><T16/><AGARI ba="4,1" hai="13,16,20,78,80,86,88,91" m="1546,28063" machi="16" ten="30,4000,0" yaku="8,1,54,2" doraHai="37" who="0" fromWho="0" sc="190,62,231,-14,185,-24,384,-14" /><INIT seed="7,0,0,1,2,33" ten="252,217,161,370" oya="3" hai0="113,130,53,2,32,64,17,60,27,50,24,123,45" hai1="78,30,96,73,49,89,92,29,67,115,4,54,112" hai2="70,14,90,21,103,93,7,101,9,44,109,131,10" hai3="133,102,3,61,125,0,20,79,26,88,8,12,94"/><W75/><G102/><T76/><D2/><U100/><E67/><V63/><F109/><W119/><G0/><T52/><D53/><U134/><E134/><V80/><F131/><W47/><G3/><T58/><D130/><U22/><E4/><V41/><F21/><W110/><G88/><T126/><D32/><U85/><E78/><V6/><F70/><W129/><G20/><T13/><D113/><N who="1" m="43595" /><E22/><V118/><F63/><W69/><G12/><T62/><D126/><U59/><E73/><V104/><F104/><AGARI ba="0,0" hai="29,30,49,54,59,85,89,92,96,100,104" m="43595" machi="104" ten="30,1000,0" yaku="15,1" doraHai="33" who="1" fromWho="2" sc="252,0,217,10,161,-10,370,0" owari="252,5.0,227,-17.0,151,-35.0,370,47.0" /></mjloggm>