<mjloggm ver="2.3"><GO type="97" lobby="0"/><UN n0="%E4%B8%80%E6%B0%97%E8%B2%AB%E5%BE%B9" n1="%E6%A5%BD%E5%9C%92%E3%82%AF%E3%83%B3" n2="%69%2D%73%61%6E" n3="%E5%B0%B1%E6%B4%BB%E7%94%9F%40%E5%B7%9D%E6%9D%91%E8%BB%8D%E5%9B%A3" dan="14,14,14,14" rate="1962.08,1901.95,1966.90,1992.62" sx="M,M,M,M"/><TAIKYOKU oya="0"/><INIT seed="0,0,0,2,0,104" ten="250,250,250,250" oya="0" hai0="48,43,25,10,100,18,54,66,96,106,105,45,84" hai1="31,63,79,22,95,121,107,80,11,126,47,23,86" hai2="30,41,90,53,52,123,15,89,9,128,127,17,21" hai3="124,78,65,62,57,73,99,4,28,92,98,108,27"/><T51/><D106/><U55/><E107/><V129/><F123/><W68/><G124/><T1/><D66/><U71/><E121/><V26/><F41/><W44/><G108/><T133/><D133/><U42/><E126/><V0/><F127/><W113/><G113/><T131/><D131/><N who="2" m="50250" /><F0/><W32/><G4/><T34/><D34/><U102/><E31/><V112/><F112/><W58/><G98/><T134/><D134/><U103/><E11/><V93/><F90/><W110/><G110/><T116/><D116/><U49/><E71/><V118/><F118/><W72/><G44/><T94/><D1/><U39/><E63/><V87/><AGARI ba="0,0" hai="9,15,17,21,26,30,52,53,87,89,93" m="50250" machi="87" ten="30,2000,0" yaku="19,1,54,1" doraHai="104" who="2" fromWho="2" sc="250,-10,250,-5,250,20,250,-5" /><INIT seed="1,0,0,4,1,64" ten="240,245,270,245" oya="1" hai0="83,45,34,72,38,102,75,3,133,121,50,84,52" hai1="116,105,26,71,85,80,60,95,113,114,59,115,29" hai2="89,47,44,33,5,93,55,103,65,104,106,54,53" hai3="27,131,76,8,119,108,12,30,0,92,112,22,32"/><U40/><E116/><V126/><F33/><W100/><G112/><T62/><D133/><U2/><E2/><V4/><F65/><W46/><G119/><T68/><D121/><U134/><E105/><V111/><F126/><W109/><G76/><T9/><D38/><U94/><E134/><V23/><F103/><W24/><G46/><N who="2" m="17449" /><F104/><W48/><G48/><T135/><D135/><U110/><E40/><V61/><F106/><W99/><G131/><T17/><D34/><U70/><E110/><N who="3" m="42602" /><G0/><T74/><D102/><U81/><E95/><V98/><F111/><W35/><G27/><T86/><D3/><U16/><E94/><V25/><F61/><W66/><G66/><T78/><D62/><U57/><E29/><AGARI ba="0,0" hai="4,5,23,25,29,53,54,55,89,93,98" m="17449" machi="29" ten="30,1000,0" yaku="8,1" doraHai="64" who="2" fromWho="1" sc="240,0,245,-10,270,10,245,0" /><INIT seed="2,0,0,0,3,113" ten="240,235,280,245" oya="2" hai0="1,35,70,56,134,67,77,64,13,51,60,83,47" hai1="24,20,62,88,105,128,126,79,72,82,102,63,18" hai2="86,130,97,80,103,55,39,46,58,94,108,116,30" hai3="19,53,111,10,81,122,21,114,125,52,44,131,33"/><V5/><F130/><W95/><G33/><T75/><D1/><U115/><E128/><V74/><F74/><W26/><G122/><T76/><D134/><U59/><E115/><V66/><F5/><W17/><G114/><T0/><D0/><U99/><E126/><V23/><F108/><W107/><G107/><T43/><D35/><U120/><E120/><V65/><F39/><W15/><G111/><T87/><D77/><U49/><E49/><V123/><F46/><W29/><G125/><T42/><D42/><U104/><E104/><V68/><F68/><W132/><G131/><T96/><D75/><U98/><E98/><V84/><F84/><W40/><G132/><T106/><D70/><U93/><REACH who="1" step="1"/><E59/><REACH who="1" ten="240,225,280,245" step="2"/><V48/><F123/><W61/><G61/><T28/><D106/><U34/><E34/><V22/><F116/><W129/><G129/><T101/><D96/><U9/><E9/><V50/><F50/><W135/><G135/><T73/><D56/><U109/><E109/><V25/><F23/><W127/><G127/><T57/><D51/><U31/><E31/><V90/><AGARI ba="0,1" hai="22,25,30,48,55,58,65,66,80,86,90,94,97,103" machi="90" ten="20,3900,0" yaku="0,1,7,1,8,1" doraHai="113" who="2" fromWho="2" sc="240,-13,225,-13,280,49,245,-13" /><INIT seed="2,1,0,5,5,19" ten="227,212,329,232" oya="2" hai0="27,52,47,102,112,14,96,37,67,43,129,82,41" hai1="74,133,65,58,93,31,24,69,22,44,124,97,54" hai2="89,123,88,119,122,81,26,130,100,51,20,5,84" hai3="71,125,10,111,0,23,2,101,60,36,131,109,46"/><V25/><F119/><W59/><G71/><T70/><D112/><U117/><E117/><V76/><F130/><W39/><G101/><T75/><D129/><U15/><E74/><V45/><F5/><W72/><G72/><T56/><D43/><U11/><E133/><V17/><F100/><W16/><G131/><T120/><D120/><U79/><E124/><V126/><F126/><W115/><G125/><T4/><D27/><U49/><E69/><V3/><F3/><W135/><G115/><T18/><D4/><U104/><E104/><V118/><F118/><W73/><G73/><T35/><D35/><U121/><E121/><V83/><F123/><W13/><G135/><T50/><D75/><U95/><E79/><V8/><F8/><W9/><G46/><T103/><D82/><U40/><E65/><V94/><F122/><W91/><G91/><N who="2" m="34889" /><F94/><W28/><G9/><N who="0" m="6479" /><D96/><U77/><E77/><V57/><F57/><W66/><G2/><T42/><D42/><U55/><E55/><N who="2" m="30191" /><F83/><W7/><REACH who="3" step="1"/><G28/><REACH who="3" ten="227,212,329,222" step="2"/><T98/><D103/><U80/><E80/><V105/><F105/><W92/><G92/><T78/><D78/><U86/><E97/><V108/><F108/><AGARI ba="1,1" hai="0,7,10,13,16,23,36,39,59,60,66,108,109,111" machi="108" ten="40,8000,1" yaku="1,1,14,1,52,1,54,1,53,0" doraHai="19" doraHaiUra="106" who="3" fromWho="2" sc="227,0,212,0,329,-83,222,93" /><INIT seed="3,0,0,4,2,31" ten="227,212,246,315" oya="3" hai0="36,69,57,66,126,117,90,68,19,20,113,60,15" hai1="2,98,0,105,54,135,82,39,65,61,9,118,8" hai2="28,103,85,25,70,64,93,94,50,58,27,76,35" hai3="92,75,6,71,114,123,107,40,51,17,111,127,99"/><W119/><G107/><T87/><D117/><U32/><E32/><V110/><F110/><W112/><G75/><T80/><D113/><U95/><E118/><V129/><F129/><W131/><G123/><T100/><D126/><U97/><E39/><V84/><F70/><W29/><G119/><T83/><D36/><U56/><E135/><V74/><F74/><W52/><G71/><T73/><D100/><U14/><E8/><V3/><F3/><W48/><G127/><T101/><D101/><U38/><E38/><V37/><F37/><W125/><G125/><T11/><D73/><U96/><E82/><V7/><F7/><W24/><G131/><T1/><D83/><U53/><E105/><V77/><F103/><W13/><G6/><T128/><D128/><U30/><E30/><V22/><F64/><W130/><G130/><T106/><D106/><U42/><E42/><V133/><F133/><W18/><G111/><T115/><D115/><U12/><E12/><V47/><F58/><W67/><G67/><T86/><D86/><N who="2" m="33386" /><F27/><W49/><G40/><T124/><D124/><U122/><E122/><V26/><F25/><W55/><G112/><T4/><AGARI ba="0,0" hai="1,4,11,15,19,20,57,60,66,68,69,80,87,90" machi="4" ten="30,1100,0" yaku="0,1" doraHai="31" who="0" fromWho="0" sc="227,11,212,-3,246,-3,315,-5" owari="238,-16.0,209,-29.0,243,4.0,310,41.0" /></mjloggm>