<mjloggm ver="2.3"><GO type="193" lobby="0"/><UN n0="%6D%69%6F" n1="%E6%88%91%E8%A1%8C%E6%88%91%E9%80%9F" n2="%E3%83%88%E3%83%88%E3%83%AA%E5%85%88%E7%94%9F%31%39%E6%AD%B3" n3="%6F%6B%65%73%61%6D%61%72" dan="12,12,6,11" rate="1699.46,1631.95,1690.97,1606.79" sx="F,M,F,M"/><TAIKYOKU oya="0"/><INIT seed="0,0,0,0,1,114" ten="250,250,250,250" oya="0" hai0="8,65,37,39,71,12,109,82,128,108,36,125,73" hai1="57,69,60,100,119,44,135,66,43,133,50,26,84" hai2="127,126,46,4,21,80,134,86,22,75,88,10,3" hai3="83,103,33,28,131,107,24,2,54,89,130,41,13"/><T68/><D128/><N who="3" m="49193" /><G41/><T19/><D125/><N who="2" m="47626" /><F134/><W120/><G54/><T5/><D65/><U124/><E124/><V110/><F110/><N who="0" m="42602" /><D19/><U27/><E100/><V29/><F29/><W113/><G89/><T9/><D9/><U105/><E105/><V129/><F129/><W49/><G49/><T6/><D5/><U115/><E115/><V117/><F117/><W87/><G113/><T17/><D17/><U63/><E84/><V104/><F104/><W106/><G87/><T95/><D95/><U92/><E92/><N who="2" m="54295" /><F46/><W79/><G13/><T32/><D32/><U77/><E77/><AGARI ba="0,0" hai="3,4,10,21,22,75,77,80" m="54295,47626" machi="77" ten="30,2000,0" yaku="18,1,54,1" doraHai="114" who="2" fromWho="1" sc="250,0,250,-20,250,20,250,0" /><AGARI ba="0,0" hai="6,8,12,36,37,39,68,71,73,77,82" m="42602" machi="77" ten="40,3900,0" yaku="14,1,10,1" doraHai="114" who="0" fromWho="1" sc="250,39,230,-39,270,0,250,0" /><INIT seed="0,1,0,5,0,91" ten="289,191,270,250" oya="0" hai0="93,92,68,78,38,12,81,106,5,131,121,74,100" hai1="44,22,8,114,107,82,129,76,61,118,49,63,69" hai2="109,120,17,42,46,122,1,72,48,124,39,77,98" hai3="128,55,16,40,90,112,20,57,26,110,31,10,64"/><T35/><D121/><U51/><E118/><V28/><F109/><W0/><G112/><T126/><D35/><U47/><E114/><V29/><F124/><W37/><G110/><T97/><D68/><U79/><E107/><V125/><F125/><W56/><G128/><T65/><D126/><U119/><E119/><V59/><F1/><W54/><G37/><T87/><D65/><U34/><E34/><V27/><F72/><W4/><G40/><T111/><D38/><U85/><E129/><V30/><F77/><W7/><G64/><T43/><D43/><U23/><E69/><V130/><F130/><W36/><G36/><T80/><D12/><U134/><E134/><V88/><F17/><W2/><G90/><N who="0" m="53343" /><D5/><U25/><E8/><V52/><REACH who="2" step="1"/><F27/><REACH who="2" ten="289,191,260,250" step="2"/><W32/><G2/><T89/><D111/><U14/><E14/><V94/><AGARI ba="1,1" hai="28,29,30,39,42,46,48,52,59,88,94,98,120,122" machi="94" ten="30,12000,2" yaku="1,1,2,1,0,1,52,1,54,2,53,0" doraHai="91" doraHaiUra="73" who="2" fromWho="2" sc="289,-61,191,-31,260,133,250,-31" /><INIT seed="1,0,0,4,2,37" ten="228,160,393,219" oya="1" hai0="127,44,100,105,124,83,32,24,6,99,115,46,77" hai1="93,68,110,75,128,76,51,78,9,104,34,111,59" hai2="39,86,79,60,101,52,69,87,135,58,31,129,17" hai3="14,133,66,97,56,36,3,119,126,1,2,116,20"/><U30/><E68/><V47/><F129/><W106/><G66/><T4/><D115/><U7/><E104/><V125/><F135/><W118/><G56/><T134/><D24/><U41/><E128/><V112/><F112/><W84/><G36/><T123/><D32/><U108/><E93/><V15/><F125/><N who="0" m="48202" /><D134/><U21/><E34/><V109/><F109/><W62/><G133/><T88/><D123/><U33/><E33/><V80/><F69/><W98/><G62/><T16/><D16/><U120/><E120/><V67/><F31/><W94/><G126/><T89/><D6/><U48/><E48/><N who="2" m="28703" /><F39/><W122/><G20/><T54/><D4/><U95/><E95/><V12/><F101/><W61/><G61/><T131/><D54/><U113/><E113/><V102/><F102/><W35/><G14/><T73/><D131/><U38/><E38/><V10/><F87/><W18/><G35/><T42/><D46/><N who="1" m="26063" /><E59/><V63/><F63/><W28/><G18/><T40/><D44/><U29/><E75/><V43/><F15/><W103/><G28/><N who="1" m="10858" /><E21/><V45/><F45/><W53/><G53/><T72/><D72/><U96/><E96/><V57/><F57/><W27/><G27/><T19/><D19/><U13/><AGARI ba="0,0" hai="7,9,13,76,78,108,110,111" m="10858,26063" machi="13" ten="40,7800,0" yaku="14,1,10,1,52,1" doraHai="37" who="1" fromWho="1" sc="228,-26,160,78,393,-26,219,-26" /><INIT seed="1,1,0,3,0,15" ten="202,238,367,193" oya="1" hai0="3,118,87,127,97,8,120,23,84,126,90,96,134" hai1="71,48,128,0,19,79,28,88,78,107,131,54,9" hai2="72,116,32,111,44,52,114,42,45,104,55,123,73" hai3="7,11,61,115,18,50,122,14,31,91,49,76,24"/><U38/><E107/><V69/><F104/><W109/><G122/><T29/><D118/><U12/><E38/><V58/><F32/><W99/><G115/><T86/><D8/><U75/><E71/><V33/><F33/><W27/><G109/><T83/><D3/><U26/><E0/><V85/><F69/><W25/><G76/><T66/><D66/><U117/><E117/><V57/><F85/><N who="0" m="32874" /><D29/><U70/><E70/><V1/><F1/><W100/><G91/><T16/><D134/><U125/><E125/><N who="0" m="47625" /><D120/><U2/><E2/><V110/><F42/><W124/><G124/><T106/><D106/><U60/><E60/><V4/><F116/><W39/><G39/><T68/><D68/><U46/><E88/><V129/><F123/><W13/><G61/><T6/><D6/><U10/><E10/><V21/><F4/><W62/><G62/><T121/><D121/><U20/><REACH who="1" step="1"/><E75/><REACH who="1" ten="202,228,367,193" step="2"/><V77/><F73/><W5/><G5/><T113/><D113/><U37/><E37/><V94/><F114/><W89/><G89/><T59/><D59/><U98/><E98/><V34/><F72/><W53/><G31/><T80/><D80/><U56/><E56/><V82/><F82/><W30/><G30/><T93/><D83/><U105/><E105/><V41/><F58/><N who="3" m="33071" /><G50/><T130/><D130/><AGARI ba="1,1" hai="9,12,19,20,26,28,46,48,54,78,79,128,130,131" machi="130" ten="40,7700,0" yaku="1,1,19,1,52,1,53,0" doraHai="15" doraHaiUra="92" who="1" fromWho="0" sc="202,-80,228,90,367,0,193,0" /><INIT seed="1,2,0,5,5,126" ten="122,318,367,193" oya="1" hai0="55,74,131,61,65,127,135,108,41,80,2,107,119" hai1="43,79,100,133,17,14,3,25,99,59,93,82,88" hai2="92,64,24,30,83,28,20,38,110,134,63,91,29" hai3="98,116,9,97,52,115,0,121,15,87,49,12,132"/><U34/><E3/><V33/><F38/><W86/><G121/><T21/><D55/><U106/><E133/><V90/><F134/><W84/><G116/><T37/><D21/><U42/><E59/><N who="2" m="36991" /><F33/><W7/><G115/><T114/><D61/><U76/><E34/><V31/><F110/><W4/><G132/><T44/><D65/><U39/><E25/><V129/><F129/><W40/><G40/><T123/><D80/><U16/><E39/><V54/><F54/><W10/><REACH who="3" step="1"/><G0/><REACH who="3" ten="122,318,367,183" step="2"/><T109/><D41/><U58/><E58/><AGARI ba="2,1" hai="4,7,9,10,12,15,49,52,58,84,86,87,97,98" machi="58" ten="40,12000,2" yaku="1,1,2,1,9,1,8,1,54,1,53,1" doraHai="126" doraHaiUra="53" who="3" fromWho="1" sc="122,0,318,-126,367,0,183,136" /><INIT seed="2,0,0,4,5,7" ten="122,192,367,319" oya="2" hai0="46,37,131,1,110,74,75,19,48,23,10,34,36" hai1="0,73,92,21,9,55,129,116,28,122,84,16,118" hai2="17,77,50,115,80,109,72,96,130,22,134,133,29" hai3="87,78,53,85,3,65,126,70,103,81,86,14,66"/><V91/><F115/><W5/><G126/><T88/><D110/><U120/><E73/><V52/><F29/><W24/><G103/><T98/><D131/><U2/><E84/><V42/><F42/><W107/><G107/><T47/><D34/><U68/><E92/><V82/><F130/><W44/><G70/><T35/><D35/><U12/><E55/><V11/><F109/><W121/><G121/><N who="1" m="46698" /><E68/><V76/><F96/><W89/><G24/><T83/><D47/><U128/><E28/><V45/><F91/><W27/><G27/><T38/><D75/><U54/><E54/><V18/><F22/><W15/><G3/><N who="1" m="1066" /><E21/><V58/><F45/><W97/><G5/><T111/><D111/><U31/><E31/><V93/><F93/><W117/><G117/><AGARI ba="0,0" hai="9,12,16,116,117,118,128,129" m="1066,46698" machi="117" ten="40,8000,1" yaku="13,1,34,2,52,1,54,1" doraHai="7" who="1" fromWho="3" sc="122,0,192,80,367,0,319,-80" /><INIT seed="3,0,0,0,0,126" ten="122,272,367,239" oya="3" hai0="99,106,120,36,87,23,127,69,118,94,109,77,44" hai1="111,41,115,30,90,100,75,24,114,45,55,47,84" hai2="62,89,110,4,73,52,104,131,130,40,58,66,34" hai3="3,117,95,82,80,134,42,86,49,121,85,6,102"/><W35/><G121/><T105/><D69/><U5/><E111/><V113/><F113/><W57/><G35/><T50/><D36/><U93/><E75/><V37/><F110/><W92/><G117/><T63/><D120/><U33/><E115/><V17/><F34/><W60/><G3/><T88/><D118/><U129/><E114/><V125/><F73/><W56/><G6/><T0/><D0/><U96/><E5/><V67/><F104/><W22/><G134/><T25/><D63/><U70/><E70/><V46/><F125/><W16/><G42/><T83/><D127/><U135/><E135/><V51/><F4/><W98/><G49/><T64/><D64/><U10/><E10/><V13/><F89/><W54/><G57/><T20/><D20/><U8/><E8/><N who="2" m="6311" /><F67/><W116/><G116/><T31/><REACH who="0" step="1"/><D109/><REACH who="0" ten="112,272,367,239" step="2"/><U76/><E76/><V19/><F66/><W68/><G68/><T15/><D15/><U9/><E9/><V112/><F62/><W133/><G133/><T43/><AGARI ba="0,1" hai="23,25,31,43,44,50,77,83,87,88,94,99,105,106" machi="43" ten="20,5200,0" yaku="1,1,0,1,7,1,54,1,53,0" doraHai="126" doraHaiUra="123" who="0" fromWho="0" sc="112,62,272,-13,367,-13,239,-26" owari="174,-33.0,259,6.0,354,46.0,213,-19.0" /></mjloggm>