<mjloggm ver="2.3"><GO type="169" lobby="0"/><UN n0="%E3%83%AD%E3%83%83%E3%83%86%E9%9B%80%E7%90%83" n1="%E3%82%A6%E3%83%AB%E3%83%88%E3%83%A9%E7%AB%8B%E7%9B%B4" n2="%E5%A4%A9%E7%A9%BA%73%61%79%61" n3="%E3%81%B5%E3%81%8B%E3%81%98" dan="17,18,17,16" rate="2142.90,2199.83,2133.59,2109.69" sx="M,M,M,M"/><TAIKYOKU oya="0"/><INIT seed="0,0,0,2,5,34" ten="250,250,250,250" oya="0" hai0="40,29,54,100,107,46,62,124,68,53,117,134,52" hai1="4,16,106,59,94,69,103,25,119,130,135,115,67" hai2="51,41,91,30,125,55,93,83,11,26,43,35,81" hai3="76,32,102,86,2,37,98,126,109,95,88,20,1"/><T79/><D79/><U17/><E119/><V72/><F125/><W92/><G32/><T112/><D117/><U64/><E130/><V45/><F11/><W38/><G126/><T47/><D124/><U85/><E135/><V73/><F73/><W113/><G113/><T75/><D75/><U87/><E69/><V133/><F133/><W27/><G109/><T42/><D134/><U118/><E118/><V9/><F9/><W97/><G76/><T132/><D132/><U114/><E106/><V78/><REACH who="2" step="1"/><F93/><REACH who="2" ten="250,250,240,250" step="2"/><W28/><REACH who="3" step="1"/><G98/><REACH who="3" ten="250,250,240,240" step="2"/><T21/><D112/><U116/><E115/><V121/><F121/><W8/><G8/><T128/><D128/><U101/><E114/><V84/><AGARI ba="0,2" hai="26,30,35,41,43,45,51,55,72,78,81,83,84,91" machi="84" ten="30,2000,0" yaku="1,1,0,1,53,0" doraHai="34" doraHaiUra="6" who="2" fromWho="2" sc="250,-10,250,-5,240,40,240,-5" /><INIT seed="1,0,0,5,1,131" ten="240,245,280,235" oya="1" hai0="49,56,76,46,69,105,25,58,128,119,1,86,35" hai1="106,57,53,74,99,45,59,133,4,42,100,96,117" hai2="82,43,2,80,114,23,95,66,83,0,24,6,91" hai3="60,101,55,27,70,110,121,109,79,113,81,28,112"/><U11/><E74/><V132/><F132/><W98/><G121/><T122/><D119/><U107/><E117/><V63/><F114/><W47/><G47/><T78/><D128/><U92/><E133/><V71/><F43/><W16/><G55/><T21/><D122/><U116/><E116/><V18/><REACH who="2" step="1"/><F6/><REACH who="2" ten="240,245,270,235" step="2"/><W37/><G112/><T111/><D111/><U65/><E42/><V14/><F14/><W108/><G113/><T51/><D1/><U15/><E65/><V7/><F7/><W97/><G108/><T130/><D130/><U48/><E107/><V20/><F20/><W13/><G13/><T38/><D21/><U34/><E34/><V29/><F29/><W30/><G28/><T75/><D105/><U102/><AGARI ba="0,1" hai="4,11,15,45,48,53,57,59,92,96,99,100,102,106" machi="102" ten="20,2100,0" yaku="0,1,7,1" doraHai="131" who="1" fromWho="1" sc="240,-7,245,31,270,-7,235,-7" /><INIT seed="1,1,0,0,3,47" ten="233,276,263,228" oya="1" hai0="131,59,22,85,58,120,55,10,67,48,39,75,132" hai1="20,14,11,7,123,29,9,33,92,111,88,82,70" hai2="125,61,90,114,50,135,60,83,106,101,40,109,65" hai3="56,97,115,12,31,51,64,35,102,42,38,113,124"/><U71/><E123/><V84/><F109/><W121/><G121/><T15/><D75/><U100/><E33/><V2/><F2/><W99/><G124/><T73/><D73/><U119/><E119/><V63/><F125/><W28/><G38/><T87/><D132/><U69/><E111/><V3/><F3/><W110/><G110/><T5/><D131/><U23/><E29/><V68/><F135/><W108/><G108/><T44/><D120/><U74/><E11/><V122/><F122/><W24/><G31/><T116/><D116/><U126/><E126/><V128/><F128/><W104/><G97/><T43/><REACH who="0" step="1"/><D22/><REACH who="0" ten="223,276,263,228" step="2"/><U45/><E23/><V13/><F114/><W79/><G113/><T26/><D26/><U129/><E20/><V41/><F68/><W103/><G115/><T89/><D89/><U37/><E129/><V72/><F90/><W130/><G24/><T16/><D16/><U46/><E71/><V36/><F72/><W27/><G130/><T98/><D98/><U8/><E69/><V95/><F84/><W57/><G99/><T21/><D21/><U62/><E70/><V54/><F101/><W76/><G27/><T80/><D80/><U52/><E100/><V96/><F83/><W49/><G102/><T32/><D32/><U127/><E82/><V6/><F96/><W77/><G35/><T1/><D1/><U91/><E74/><V86/><F86/><W117/><G103/><T105/><D105/><U18/><E91/><V81/><F81/><W34/><G117/><T78/><D78/><U0/><E127/><V133/><F106/><RYUUKYOKU ba="1,1" sc="223,30,276,-10,263,-10,228,-10" hai0="5,10,15,39,43,44,48,55,58,59,67,85,87" /><INIT seed="2,2,1,2,1,134" ten="253,266,253,218" oya="2" hai0="131,117,118,13,86,62,109,99,67,81,7,119,83" hai1="101,98,132,27,105,38,15,33,74,71,76,102,57" hai2="6,60,129,32,113,58,115,97,87,124,16,112,70" hai3="114,96,61,2,93,39,133,104,19,18,120,130,9"/><V12/><F32/><W54/><G120/><T125/><D125/><U107/><E57/><V127/><F70/><W29/><G104/><T122/><D109/><U1/><E15/><V30/><F30/><W92/><G39/><T11/><D131/><U36/><E1/><V111/><F129/><W79/><G130/><T63/><D122/><U21/><E21/><V126/><F111/><W20/><G133/><T88/><D99/><N who="1" m="61631" /><E71/><V110/><F110/><W47/><G114/><T14/><D83/><N who="1" m="45463" /><E132/><V91/><F97/><W45/><G29/><AGARI ba="2,1" hai="27,29,33,36,38,98,102,107" m="45463,61631" machi="29" ten="30,2000,0" yaku="33,2" doraHai="134" who="1" fromWho="3" sc="253,0,266,36,253,0,218,-26" /><INIT seed="3,0,0,1,4,128" ten="253,302,253,192" oya="3" hai0="38,91,113,72,23,125,54,130,73,7,127,50,114" hai1="107,25,56,133,96,101,1,6,12,43,134,26,46" hai2="40,32,124,120,66,24,36,126,65,90,86,48,129" hai3="69,99,8,71,5,93,39,4,116,42,55,106,85"/><W82/><G116/><T131/><D7/><U64/><E1/><V10/><F36/><W60/><G106/><T112/><D38/><U22/><E12/><V9/><F129/><N who="0" m="49162" /><D23/><U102/><E6/><V21/><F32/><W27/><G27/><T97/><D54/><U132/><E101/><V52/><F40/><W11/><G42/><T29/><D50/><N who="1" m="26975" /><E22/><V122/><F65/><W41/><G41/><T74/><D29/><U61/><AGARI ba="0,0" hai="25,26,56,61,64,96,102,107,132,133,134" m="26975" machi="61" ten="40,8000,1" yaku="20,1,52,3" doraHai="128" who="1" fromWho="1" sc="253,-20,302,80,253,-20,192,-40" /><INIT seed="4,0,0,4,4,18" ten="233,382,233,152" oya="0" hai0="120,3,23,97,121,34,86,58,5,91,129,11,132" hai1="32,4,88,102,112,17,130,26,19,67,82,80,94" hai2="71,125,27,115,134,53,95,62,45,40,107,65,41" hai3="46,101,50,0,98,117,135,59,49,72,68,52,127"/><T22/><D34/><U13/><E130/><V131/><F107/><W56/><G117/><T14/><D129/><U7/><E102/><V48/><F131/><W8/><G68/><T92/><D132/><U37/><E37/><V79/><F79/><W111/><G111/><T126/><D126/><U44/><E67/><V69/><F27/><W25/><G72/><T15/><D58/><U81/><E32/><V57/><F95/><W122/><G127/><T64/><D64/><U31/><E31/><V36/><F125/><W90/><G135/><T133/><D133/><U76/><E76/><V114/><F134/><W123/><G90/><T103/><D14/><U104/><E104/><V39/><F69/><W55/><G46/><AGARI ba="0,0" hai="36,39,40,41,45,46,48,53,57,62,65,71,114,115" machi="46" ten="40,12000,2" yaku="9,1,24,2,34,3" doraHai="18" who="2" fromWho="3" sc="233,0,382,0,233,120,152,-120" /><INIT seed="5,0,0,3,2,105" ten="233,382,353,32" oya="1" hai0="29,130,49,58,23,79,46,87,100,45,129,1,34" hai1="27,76,24,111,131,50,118,98,59,16,116,15,71" hai2="32,122,78,135,42,38,107,83,51,44,11,119,57" hai3="63,80,110,134,97,54,43,128,48,41,125,5,67"/><U31/><E71/><V64/><F119/><W88/><G110/><T81/><D1/><U82/><E111/><V14/><F107/><W69/><G125/><T92/><D34/><U4/><E131/><N who="0" m="50185" /><D58/><U68/><E68/><V114/><F122/><W103/><G128/><T123/><D123/><U21/><E98/><V9/><F32/><W12/><G134/><T91/><D100/><U124/><E124/><V115/><F135/><W62/><G62/><T96/><D49/><U104/><E104/><V94/><F94/><BYE who="2" /><W2/><G2/><T30/><D23/><U61/><E50/><V74/><F74/><W10/><G80/><T126/><D126/><U108/><E108/><V65/><F65/><W53/><G53/><T93/><D93/><U85/><E4/><V101/><F101/><W77/><G77/><T99/><D99/><U26/><REACH who="1" step="1"/><E31/><AGARI ba="0,0" hai="29,30,31,45,46,79,81,87,91,92,96" m="50185" machi="31" ten="30,1000,0" yaku="19,1" doraHai="105" who="0" fromWho="1" sc="233,10,382,-10,353,0,32,0" /><INIT seed="6,0,0,5,5,132" ten="243,372,353,32" oya="2" hai0="59,46,85,122,38,76,101,65,102,126,123,25,2" hai1="53,23,109,134,111,32,33,56,62,69,35,19,119" hai2="89,108,57,29,93,127,11,92,107,6,97,0,73" hai3="8,55,113,88,77,28,114,91,117,15,60,70,37"/><V95/><F95/><W74/><G117/><UN n2="%E5%A4%A9%E7%A9%BA%73%61%79%61" /><T14/><D2/><U96/><E119/><V34/><F73/><W3/><G3/><T72/><D72/><U79/><E69/><V17/><F107/><W71/><G37/><T7/><D25/><U120/><E79/><V82/><F82/><N who="3" m="45367" /><G28/><T13/><D59/><U90/><E134/><V118/><F118/><W26/><G26/><T135/><D65/><U5/><E5/><V47/><F108/><W58/><G71/><T94/><D46/><U128/><E128/><V121/><F121/><W39/><G39/><T99/><D38/><U100/><E120/><V18/><F47/><W124/><G70/><T105/><D7/><U78/><E78/><V75/><F75/><W52/><G55/><T133/><D14/><U64/><E64/><V4/><F4/><N who="3" m="3463" /><G124/><T44/><D126/><U42/><E42/><V129/><F127/><W81/><G81/><T103/><D13/><U51/><E51/><V98/><F129/><W30/><G30/><T68/><D68/><U45/><E45/><V50/><F29/><W31/><G31/><T131/><D44/><U27/><E100/><V110/><F34/><W54/><G54/><T130/><D130/><U16/><E19/><V21/><F110/><W116/><G116/><T9/><D131/><U41/><E41/><V48/><F57/><W87/><G87/><T49/><D133/><U66/><E66/><V40/><F40/><W36/><G36/><T63/><D135/><U83/><E83/><V106/><F18/><W61/><G61/><T20/><D123/><U1/><E1/><RYUUKYOKU ba="0,0" sc="243,-15,372,15,353,-15,32,15" hai1="16,23,27,32,33,35,53,56,62,90,96,109,111" hai3="52,58,60,88,91,113,114" /><INIT seed="7,1,0,0,2,59" ten="228,387,338,47" oya="3" hai0="90,103,92,133,135,128,126,36,81,55,100,60,53" hai1="111,42,125,4,48,49,74,109,27,97,113,38,30" hai2="88,25,129,12,70,65,84,130,17,24,28,23,108" hai3="10,33,7,82,32,107,73,131,15,132,44,20,134"/><W19/><G107/><T120/><D120/><U101/><E74/><V94/><F108/><W56/><G131/><T95/><D126/><U58/><E38/><V112/><F112/><W83/><G44/><T13/><D36/><U22/><E113/><V98/><F25/><W69/><G69/><T123/><D128/><U62/><E4/><V106/><F106/><W29/><G56/><N who="0" m="34831" /><D123/><U102/><E101/><N who="0" m="38985" /><D55/><U99/><E97/><V91/><F65/><W127/><G127/><T104/><D104/><U114/><E114/><V40/><F40/><W52/><G52/><T57/><D57/><U118/><E118/><V75/><F75/><W45/><G45/><T31/><D31/><U37/><E37/><V1/><F1/><N who="3" m="367" /><G73/><T96/><D13/><U117/><E117/><V89/><F89/><W64/><G64/><T124/><D124/><U35/><E49/><V46/><F46/><W71/><G71/><T34/><D95/><N who="1" m="58751" /><E48/><V78/><F70/><W61/><G61/><T76/><D90/><U41/><E125/><V16/><F78/><W122/><G122/><T72/><D92/><U43/><E111/><V93/><REACH who="2" step="1"/><F17/><REACH who="2" ten="228,387,328,47" step="2"/><W8/><G82/><T86/><D96/><U54/><E109/><V9/><AGARI ba="1,1" hai="9,12,16,23,24,28,84,88,91,93,94,98,129,130" machi="9" ten="30,8000,1" yaku="1,1,2,1,0,1,54,2,53,0" doraHai="59" doraHaiUra="67" who="2" fromWho="2" sc="228,-21,387,-21,328,93,47,-41" owari="207,-19.0,366,17.0,421,51.0,6,-49.0" /></mjloggm>