<mjloggm ver="2.3"><GO type="41" lobby="0"/><UN n0="%E5%B0%B1%E6%B4%BB%E7%94%9F%40%E5%B7%9D%E6%9D%91%E8%BB%8D%E5%9B%A3" n1="%E6%B9%98%E5%8C%97%E2%91%AD%E4%B8%89%E4%BA%95%E5%AF%BF" n2="%E3%83%AD%E3%83%A0%EF%BC%A0%E3%83%AB%E3%82%A6%E3%82%A3%E3%83%BC" n3="%79%6F%69%74%65%6E%6B%69" dan="14,15,15,13" rate="1927.16,1975.32,1990.41,1861.22" sx="M,M,F,M"/><TAIKYOKU oya="0"/><INIT seed="0,0,0,5,1,40" ten="250,250,250,250" oya="0" hai0="39,135,91,100,25,82,19,95,4,64,17,118,130" hai1="23,77,6,92,52,35,7,41,8,108,110,99,122" hai2="123,37,68,28,81,65,24,43,5,58,11,96,80" hai3="87,101,93,111,21,109,20,15,56,46,79,14,124"/><T29/><D118/><U88/><E35/><V47/><F123/><W3/><G3/><T70/><D130/><U9/><E122/><V42/><F68/><W97/><G124/><T115/><D115/><U131/><E131/><V114/><F114/><W75/><G75/><T69/><D135/><U50/><E41/><V55/><F65/><W94/><G56/><T125/><D125/><U85/><E23/><N who="3" m="8778" /><G79/><T60/><D39/><U53/><E53/><V36/><F43/><W33/><G33/><T113/><D113/><U63/><E63/><V67/><F67/><W61/><G61/><T119/><D119/><U72/><E72/><V132/><F132/><W76/><G111/><N who="1" m="42538" /><E77/><V106/><F37/><W16/><G109/><T31/><D70/><U98/><E9/><V0/><F106/><W48/><G15/><T103/><D4/><N who="1" m="1579" /><E8/><V127/><F127/><W57/><G57/><AGARI ba="0,0" hai="50,52,57,85,88,92,98,99" m="1579,42538" machi="57" ten="30,3900,0" yaku="14,1,54,2" doraHai="40" who="1" fromWho="3" sc="250,0,250,39,250,0,250,-39" /><INIT seed="1,0,0,3,1,127" ten="250,289,250,211" oya="1" hai0="52,9,66,135,47,57,134,120,91,82,29,97,41" hai1="114,19,1,86,70,68,105,44,33,133,115,45,88" hai2="67,76,69,65,20,93,72,116,23,8,36,79,94" hai3="113,124,104,48,16,83,24,62,51,2,103,101,95"/><U46/><E105/><V54/><F116/><W21/><G2/><T12/><D66/><U107/><E107/><V85/><F36/><W73/><G124/><T35/><D120/><U30/><E1/><V22/><F72/><W61/><G113/><T108/><D108/><U14/><E133/><N who="0" m="50697" /><D29/><U80/><E30/><V4/><F69/><W118/><G118/><T31/><D31/><U34/><E70/><V84/><F54/><W50/><G104/><T81/><D35/><U7/><E7/><V102/><F102/><W17/><G73/><T40/><D97/><U43/><E68/><V128/><F128/><W100/><G83/><N who="0" m="31755" /><D91/><U89/><E89/><V27/><F27/><W121/><G121/><T15/><D47/><U39/><E39/><V64/><F8/><W37/><G37/><T6/><D15/><U10/><REACH who="1" step="1"/><E43/><REACH who="1" ten="250,279,250,211" step="2"/><V126/><F126/><W63/><G95/><N who="2" m="36361" /><F4/><W119/><G119/><T0/><D0/><U56/><E56/><V87/><AGARI ba="0,1" hai="20,22,23,64,65,67,76,79,84,85,87" m="36361" machi="87" ten="40,8000,1" yaku="29,2,28,2,8,1" doraHai="127" who="2" fromWho="2" sc="250,-20,279,-40,250,90,211,-20" /><INIT seed="2,0,0,0,2,117" ten="230,239,340,191" oya="2" hai0="19,127,131,20,32,120,36,89,78,31,26,38,30" hai1="74,84,111,96,77,68,3,129,132,124,69,125,97" hai2="2,5,87,16,75,66,58,25,73,59,91,99,108" hai3="56,79,93,81,110,54,107,85,76,83,14,95,61"/><V10/><F108/><W33/><G33/><T22/><D127/><N who="1" m="48715" /><E3/><V122/><F122/><W80/><G107/><T21/><D131/><U103/><E111/><V49/><F99/><N who="1" m="37961" /><E129/><V67/><F49/><W63/><G110/><T6/><D78/><U123/><E132/><V65/><F75/><W98/><G63/><T27/><D120/><U52/><E123/><V53/><F73/><W28/><G28/><T62/><D6/><U112/><E74/><V113/><F113/><W115/><G115/><T86/><D62/><U47/><E103/><V118/><F53/><W70/><G70/><N who="1" m="27242" /><E112/><V72/><F72/><W60/><G60/><T11/><D11/><U46/><E52/><V130/><F130/><W9/><G85/><T134/><D134/><U42/><E42/><V102/><F102/><W41/><G41/><T82/><REACH who="0" step="1"/><D19/><REACH who="0" ten="220,239,340,191" step="2"/><U55/><E55/><V50/><F16/><N who="3" m="8271" /><G95/><T40/><D40/><U35/><E35/><AGARI ba="0,1" hai="20,21,22,26,27,30,31,32,35,36,38,82,86,89" machi="35" ten="40,2600,0" yaku="1,1,9,1,53,0" doraHai="117" doraHaiUra="15" who="0" fromWho="1" sc="220,36,239,-26,340,0,191,0" /><INIT seed="3,0,0,3,5,13" ten="256,213,340,191" oya="3" hai0="36,94,120,102,86,110,37,91,90,15,43,42,60" hai1="92,76,50,2,113,79,4,100,134,114,126,46,111" hai2="133,63,53,64,8,66,109,47,35,41,56,7,96" hai3="131,6,34,71,40,127,85,88,75,107,23,93,33"/><W17/><G71/><T55/><D120/><U103/><E111/><V80/><F35/><W87/><G107/><T129/><D110/><U77/><E126/><V59/><F109/><W10/><G127/><T29/><D129/><U5/><E134/><V31/><F133/><W78/><G131/><T20/><D102/><N who="1" m="38955" /><E2/><V32/><F96/><W0/><G75/><T73/><D73/><U117/><E117/><V84/><F31/><W99/><G40/><T130/><D130/><U45/><E50/><V25/><F25/><W125/><G125/><T38/><D60/><U28/><E28/><V49/><F32/><W118/><G118/><T81/><D55/><U82/><E82/><V95/><F95/><W70/><G70/><T98/><REACH who="0" step="1"/><D29/><REACH who="0" ten="246,213,340,191" step="2"/><U62/><E62/><V108/><F108/><W121/><G121/><T30/><D30/><U61/><E61/><V135/><F63/><W22/><G34/><T12/><D12/><U115/><E92/><V83/><F53/><W101/><G33/><T21/><D21/><U3/><E3/><V39/><F135/><W124/><G124/><T54/><D54/><U106/><E106/><V57/><F66/><W69/><G23/><T105/><D105/><U52/><E52/><V119/><F64/><W44/><G69/><T122/><D122/><U19/><E19/><AGARI ba="0,1" hai="15,19,20,36,37,38,42,43,81,86,90,91,94,98" machi="19" ten="40,2600,0" yaku="1,1,52,1,53,0" doraHai="13" doraHaiUra="128" who="0" fromWho="1" sc="246,36,213,-26,340,0,191,0" /><INIT seed="4,0,0,2,5,87" ten="282,187,340,191" oya="0" hai0="70,17,25,75,24,38,121,27,88,123,117,132,108" hai1="29,63,90,86,39,101,97,69,26,85,93,124,72" hai2="50,91,21,18,37,59,119,10,105,122,20,32,116" hai3="110,14,107,83,133,7,52,67,46,5,15,55,106"/><T62/><D75/><U96/><E39/><V6/><F122/><W115/><G110/><T114/><D117/><N who="2" m="45130" /><F37/><W81/><G115/><T22/><D38/><U56/><E72/><V28/><F105/><N who="3" m="39947" /><G67/><T127/><D114/><U78/><E69/><V61/><F50/><W103/><G46/><T66/><D108/><U79/><E124/><V9/><F91/><W3/><G103/><T53/><D127/><U109/><E109/><V98/><F98/><N who="1" m="37993" /><E101/><V41/><F41/><W45/><G45/><T74/><D74/><U125/><E125/><V129/><F129/><W48/><G48/><T113/><D113/><U95/><E95/><V99/><F99/><W60/><G60/><T1/><D1/><U104/><E104/><V131/><F131/><W118/><G133/><T130/><D132/><U19/><E29/><V4/><F59/><W42/><G42/><T44/><D130/><U128/><E86/><V82/><F82/><N who="3" m="31243" /><G3/><T89/><D123/><U73/><E73/><V33/><F61/><W43/><G43/><T100/><D100/><U94/><E94/><V126/><F126/><W8/><G8/><N who="2" m="3177" /><F28/><W76/><G76/><T120/><D120/><U57/><E128/><V40/><F40/><W102/><G102/><T2/><D121/><U111/><E111/><V13/><F21/><W80/><N who="3" m="31251" /><W58/><DORA hai="134" /><G58/><N who="1" m="22634" /><E63/><V35/><AGARI ba="0,0" hai="4,6,13,18,20,32,33,35" m="3177,45130" machi="35" ten="40,5200,0" yaku="12,1,34,2" doraHai="87,134" who="2" fromWho="2" sc="282,-26,187,-13,340,52,191,-13" /><INIT seed="5,0,0,5,2,55" ten="256,174,392,178" oya="1" hai0="12,84,133,81,45,121,124,107,69,99,40,127,126" hai1="16,79,31,11,129,33,110,73,117,130,132,7,97" hai2="82,68,44,37,30,75,53,76,15,5,135,72,28" hai3="26,50,13,22,42,134,78,118,4,94,34,61,85"/><U77/><E117/><V54/><F135/><W52/><G118/><T14/><D133/><U102/><E132/><V25/><F68/><W35/><G134/><T83/><D69/><U70/><E70/><V62/><F62/><W20/><G42/><T109/><D109/><U123/><E110/><V63/><F63/><W96/><G61/><T122/><D107/><U86/><E123/><N who="0" m="47113" /><D99/><U108/><E108/><V23/><F30/><W60/><G60/><T57/><D57/><U21/><E73/><V92/><F92/><W47/><G85/><T80/><D84/><U10/><E31/><V43/><F75/><W100/><G78/><N who="1" m="29706" /><E33/><V29/><F29/><W19/><REACH who="3" step="1"/><G4/><REACH who="3" ten="256,174,392,168" step="2"/><T1/><D1/><U27/><E86/><V9/><AGARI ba="0,1" hai="5,9,15,23,25,28,37,43,44,53,54,72,76,82" machi="9" ten="30,1100,0" yaku="0,1" doraHai="55" who="2" fromWho="2" sc="256,-3,174,-5,392,21,168,-3" /><INIT seed="6,0,0,2,0,119" ten="253,169,413,165" oya="2" hai0="108,101,56,105,25,22,65,92,21,38,120,125,104" hai1="39,113,109,107,73,24,135,75,122,44,14,81,6" hai2="93,130,100,42,1,54,117,0,61,19,63,57,55" hai3="34,71,45,80,133,68,27,116,28,36,10,17,16"/><V33/><F117/><W94/><G116/><T41/><D120/><U106/><E109/><V35/><F130/><W60/><G133/><T46/><D108/><U88/><E135/><V90/><F42/><W31/><G80/><T114/><D114/><U128/><E113/><V95/><F100/><W82/><G82/><T87/><D125/><U58/><E128/><V121/><F121/><W74/><G74/><T8/><D22/><U103/><E122/><V98/><F19/><W52/><G31/><N who="0" m="17839" /><D87/><U49/><E39/><V118/><F118/><W2/><G94/><T111/><D8/><N who="1" m="4375" /><E75/><V43/><F43/><W7/><G71/><T79/><D79/><U66/><E73/><V110/><F110/><W96/><G96/><N who="0" m="59527" /><D111/><U26/><E107/><V47/><F95/><W50/><REACH who="3" step="1"/><G36/><REACH who="3" ten="253,169,413,155" step="2"/><T64/><D104/><U134/><E106/><V37/><F93/><W85/><G85/><T76/><D105/><U20/><E134/><V51/><F98/><W127/><G127/><T131/><D131/><U62/><E103/><V11/><F37/><W123/><G123/><T32/><D38/><U77/><E77/><V89/><F89/><W86/><G86/><T29/><D76/><U3/><E3/><V4/><F90/><W12/><G12/><T102/><D29/><N who="1" m="17543" /><E81/><V126/><F0/><W53/><G53/><T97/><D102/><U48/><E88/><V40/><F126/><W84/><G84/><T59/><D97/><U129/><E129/><V15/><F1/><W9/><G9/><T13/><D13/><U69/><E26/><V5/><F15/><W99/><G99/><RYUUKYOKU ba="0,1" sc="253,-10,169,-10,413,-10,155,30" hai3="2,7,10,16,17,27,28,34,45,50,52,60,68" /><INIT seed="7,1,1,1,5,56" ten="243,159,403,185" oya="3" hai0="89,77,129,5,117,37,118,28,130,135,90,123,68" hai1="33,111,53,0,99,61,87,14,58,122,79,75,52" hai2="4,62,9,39,70,57,102,69,85,35,45,116,125" hai3="11,24,18,49,108,94,17,84,25,109,100,124,1"/><W19/><G124/><T92/><D37/><U64/><E0/><V32/><F102/><W46/><G100/><T114/><D68/><U63/><E75/><V76/><F116/><W120/><G120/><T50/><D123/><U115/><E33/><V65/><F70/><W97/><G1/><T40/><D135/><U51/><E122/><V44/><F44/><W38/><G38/><T6/><D28/><U91/><E111/><N who="3" m="42570" /><G11/><T121/><D121/><U74/><E115/><V82/><F9/><W47/><G47/><N who="0" m="25959" /><D77/><U103/><E74/><V88/><F45/><W3/><G3/><T66/><D66/><U13/><E79/><V134/><F125/><W54/><G97/><N who="0" m="57487" /><D90/><AGARI ba="1,1" hai="17,18,19,24,25,46,49,54,84,90,94" m="42570" machi="90" ten="30,1500,0" yaku="10,1" doraHai="56" who="3" fromWho="0" sc="243,-18,159,0,403,0,185,28" /><INIT seed="7,2,0,2,4,104" ten="225,159,403,213" oya="3" hai0="44,6,35,100,48,19,60,126,109,84,77,52,116" hai1="55,28,39,92,24,16,122,72,78,69,56,50,91" hai2="82,11,54,64,57,113,101,63,79,20,4,133,130" hai3="21,98,23,5,80,127,96,110,135,37,67,93,68"/><W32/><G32/><T83/><D109/><U105/><E105/><V3/><F101/><W73/><G37/><T7/><D35/><U61/><E39/><V22/><F133/><W128/><G135/><T38/><D38/><U27/><E122/><V131/><F113/><W71/><G128/><N who="2" m="49193" /><F54/><W47/><G127/><T74/><D74/><AGARI ba="2,0" hai="3,4,11,20,22,57,63,64,74,79,82" m="49193" machi="74" ten="30,2000,0" yaku="19,1,52,1" doraHai="104" who="2" fromWho="0" sc="225,-26,159,0,403,26,213,0" owari="199,-20.0,159,-34.0,429,53.0,213,1.0" /></mjloggm>