<mjloggm ver="2.3"><GO type="97" lobby="0"/><UN n0="%E3%83%88%E3%83%88%E3%83%AA%E5%85%88%E7%94%9F%31%39%E6%AD%B3" n1="%E3%82%89%E3%82%8A%E3%81%8F%E3%81%BE" n2="%E3%81%A4%E3%81%BE%E3%82%89%E3%83%BC%E3%82%93" n3="%E3%82%B7%E3%82%BA%E3%82%AB" dan="15,15,14,14" rate="2038.70,2005.61,1909.21,1915.59" sx="F,M,M,F"/><TAIKYOKU oya="0"/><INIT seed="0,0,0,2,5,27" ten="250,250,250,250" oya="0" hai0="34,108,63,58,117,131,98,87,7,72,49,36,45" hai1="35,132,16,134,130,94,90,68,13,4,47,18,71" hai2="29,22,66,104,126,73,125,84,28,56,106,77,78" hai3="23,41,8,11,53,115,32,62,103,69,15,40,39"/><T0/><D0/><U92/><BYE who="0" /><E35/><V55/><F66/><W17/><G115/><T128/><D128/><U5/><E130/><V101/><F73/><W42/><G32/><T46/><D46/><U2/><E47/><UN n0="%E3%83%88%E3%83%88%E3%83%AA%E5%85%88%E7%94%9F%31%39%E6%AD%B3" /><V79/><F84/><W95/><G39/><T88/><D117/><U37/><E37/><V25/><F29/><W93/><G69/><N who="1" m="26698" /><E2/><V116/><F116/><W83/><G83/><T110/><D131/><U9/><E90/><V57/><F101/><W60/><G103/><T6/><D34/><U50/><E50/><V21/><F21/><W91/><G93/><N who="1" m="35946" /><E5/><V33/><F33/><W1/><G1/><T19/><D98/><U80/><E80/><V75/><F75/><W14/><G53/><N who="0" m="34255" /><D36/><U121/><E121/><V122/><F122/><W82/><G82/><N who="0" m="49271" /><D19/><U102/><E102/><V20/><F20/><W70/><G23/><T76/><D76/><U54/><E54/><V3/><F3/><W111/><G70/><T59/><D59/><U86/><E86/><V114/><F114/><W135/><G135/><AGARI ba="0,0" hai="4,9,13,16,18,132,134,135" m="35946,26698" machi="135" ten="30,2000,0" yaku="20,1,54,1" doraHai="27" who="1" fromWho="3" sc="250,0,250,20,250,0,250,-20" /><INIT seed="1,0,0,5,1,41" ten="250,270,250,230" oya="1" hai0="128,39,84,1,57,4,82,131,93,116,135,21,25" hai1="90,96,23,109,31,44,24,107,43,38,80,95,98" hai2="108,76,61,67,26,71,102,60,97,3,32,115,13" hai3="105,62,50,8,114,88,86,117,94,123,99,20,37"/><U79/><E109/><V40/><F13/><W77/><G114/><T66/><D116/><U64/><E64/><V73/><F108/><W85/><G123/><T0/><D39/><U119/><E119/><V49/><F115/><W75/><G117/><T104/><D104/><U69/><E69/><V92/><F3/><W27/><G37/><T78/><D135/><U47/><E43/><V16/><F61/><W54/><G75/><T121/><D121/><U12/><E38/><V74/><F76/><W30/><G105/><T70/><D70/><U5/><E107/><V111/><F111/><W53/><G8/><T133/><D133/><U65/><E65/><V106/><F92/><W6/><G6/><T132/><D132/><U72/><REACH who="1" step="1"/><E98/><REACH who="1" ten="250,260,250,230" step="2"/><V33/><F40/><W2/><G99/><T122/><D122/><U9/><AGARI ba="0,1" hai="5,9,12,23,24,31,44,47,72,79,80,90,95,96" machi="9" ten="30,12000,1" yaku="1,1,2,1,0,1,52,2,53,0" doraHai="41" doraHaiUra="58" who="1" fromWho="1" sc="250,-40,260,130,250,-40,230,-40" /><INIT seed="1,1,0,1,3,55" ten="210,390,210,190" oya="1" hai0="109,96,34,24,44,117,77,27,18,11,95,52,50" hai1="120,130,1,13,43,67,123,82,38,122,92,41,85" hai2="88,128,62,65,75,61,86,3,102,59,17,129,126" hai3="26,97,106,16,71,0,48,7,72,28,104,73,115"/><U78/><E1/><V70/><F75/><W107/><G115/><T46/><D117/><U9/><E130/><V133/><F3/><W98/><G71/><T25/><D109/><U30/><E30/><V56/><F126/><W91/><G7/><T124/><D124/><U121/><E38/><V90/><F133/><W99/><G0/><T127/><D127/><U19/><E67/><V93/><F102/><W119/><G119/><T54/><D77/><U134/><E134/><V39/><F39/><W108/><G108/><T6/><D6/><U23/><N who="1" m="30720" /><DORA hai="10" /><U89/><REACH who="1" step="1"/><E9/><REACH who="1" ten="210,380,210,190" step="2"/><V83/><F128/><W68/><G28/><T22/><D11/><U4/><E4/><V105/><F129/><W80/><G107/><T116/><D116/><U118/><E118/><V32/><F105/><W125/><G125/><T79/><D34/><U58/><E58/><V40/><F32/><W69/><G106/><T29/><D29/><U47/><E47/><V135/><F70/><W100/><G69/><T113/><D113/><U110/><E110/><V103/><F135/><W37/><G37/><T33/><D33/><U84/><AGARI ba="1,1" hai="13,19,23,41,43,78,82,84,85,89,92" m="30720" machi="84" ten="60,12000,1" yaku="1,1,0,1,52,1,53,1" doraHai="55,10" doraHaiUra="14,45" who="1" fromWho="1" sc="210,-41,380,133,210,-41,190,-41" /><INIT seed="1,2,0,1,1,135" ten="169,513,169,149" oya="1" hai0="134,105,110,36,76,112,89,17,115,122,82,59,40" hai1="11,107,113,54,37,86,127,45,94,46,77,26,38" hai2="104,92,34,121,90,42,120,61,103,123,9,10,58" hai3="3,5,74,131,20,6,106,97,27,48,50,55,66"/><U85/><E107/><V43/><F34/><W70/><G131/><T114/><D105/><U19/><E113/><V56/><F103/><W49/><G74/><T14/><D134/><U79/><E54/><V68/><F104/><W87/><G3/><T98/><D110/><U44/><E127/><V99/><F68/><W69/><G106/><T22/><D122/><U73/><E73/><V13/><F58/><W117/><G117/><T132/><D132/><U24/><E94/><V7/><REACH who="2" step="1"/><F9/><REACH who="2" ten="169,513,159,149" step="2"/><W118/><G70/><T96/><D59/><U119/><E11/><V62/><F62/><W18/><G69/><T81/><D114/><U116/><E45/><V80/><F80/><W64/><G118/><T109/><D81/><U39/><E39/><V23/><F23/><W1/><G20/><T125/><D22/><U128/><E19/><V25/><F25/><W67/><G18/><T16/><D17/><U0/><E0/><V29/><F29/><W12/><G27/><T124/><D112/><U75/><E75/><V33/><F33/><W30/><G1/><T60/><D115/><U72/><E72/><V31/><F31/><W15/><G30/><T4/><D16/><U28/><E28/><V133/><F133/><W35/><G35/><T101/><D36/><U32/><E32/><V65/><AGARI ba="2,1" hai="7,10,13,42,43,56,61,65,90,92,99,120,121,123" machi="65" ten="30,2000,0" yaku="1,1,0,1,53,0" doraHai="135" doraHaiUra="129" who="2" fromWho="2" sc="169,-7,513,-12,159,36,149,-7" /><INIT seed="2,0,0,1,1,37" ten="162,501,195,142" oya="2" hai0="27,122,125,66,63,127,84,26,13,94,87,86,134" hai1="33,5,21,121,108,42,30,52,3,35,123,132,36" hai2="15,0,103,43,60,95,74,78,4,104,1,135,115" hai3="80,8,12,38,97,77,56,133,76,34,89,17,75"/><V23/><F115/><W29/><G133/><T16/><D122/><N who="1" m="46603" /><E132/><V88/><F135/><W2/><G76/><T107/><D107/><U22/><E108/><V55/><F103/><W64/><G38/><T124/><D94/><U58/><E42/><V105/><F43/><W31/><G31/><T59/><REACH who="0" step="1"/><D134/><REACH who="0" ten="152,501,195,142" step="2"/><U79/><E35/><V6/><F95/><W57/><G34/><T93/><D93/><U118/><E118/><V126/><F105/><W68/><G80/><T85/><N who="0" m="21504" /><DORA hai="69" /><T65/><D65/><U113/><E113/><V14/><F104/><W11/><G77/><T82/><D82/><U119/><E79/><V24/><F78/><W73/><G73/><T131/><D131/><U61/><E119/><V101/><F74/><W99/><G75/><T128/><D128/><U100/><E33/><V10/><F101/><W91/><G64/><T48/><D48/><U92/><E36/><V39/><F39/><W71/><G99/><T41/><D41/><U25/><E92/><V53/><F53/><W47/><G97/><T111/><D111/><U120/><E100/><V109/><F55/><W18/><G91/><T116/><D116/><U112/><E112/><V81/><F88/><W7/><G89/><T98/><D98/><U20/><E120/><V102/><F81/><W46/><G71/><T28/><D28/><U44/><E52/><V130/><F102/><W9/><G29/><T49/><D49/><U110/><E110/><V40/><F130/><W32/><G68/><T114/><D114/><U117/><E117/><V62/><F109/><W45/><G32/><RYUUKYOKU ba="0,1" sc="152,15,501,-15,195,-15,142,15" hai0="13,16,26,27,59,63,66,124,125,127" hai3="2,7,8,9,11,12,17,18,45,46,47,56,57" /><INIT seed="3,1,1,3,1,106" ten="167,486,180,157" oya="3" hai0="26,37,33,126,7,47,50,2,131,92,123,95,130" hai1="86,42,22,94,19,44,79,89,78,67,30,132,115" hai2="34,98,48,66,127,16,45,6,39,1,64,135,87" hai3="63,27,114,46,56,96,52,122,111,125,59,40,20"/><W97/><G122/><T105/><D123/><U93/><E115/><V104/><F127/><W32/><G32/><T29/><D126/><U133/><E67/><V54/><F135/><N who="1" m="51785" /><E30/><V129/><F129/><N who="0" m="49162" /><D105/><U80/><E93/><N who="0" m="35913" /><D37/><N who="1" m="21583" /><E80/><V70/><F34/><W74/><G74/><T103/><D103/><U81/><E81/><V62/><F64/><N who="3" m="39015" /><G114/><T60/><D60/><U121/><E121/><V107/><F39/><W82/><G125/><T43/><D7/><U36/><E36/><V28/><F6/><W21/><G82/><T13/><D13/><AGARI ba="1,1" hai="13,19,22,78,79,86,89,94" m="21583,51785" machi="13" ten="30,1000,0" yaku="20,1" doraHai="106" who="1" fromWho="0" sc="167,-13,486,23,180,0,157,0" owari="154,-35.0,509,61.0,180,-2.0,157,-24.0" /></mjloggm>