<mjloggm ver="2.3"><GO type="41" lobby="0"/><UN n0="%E3%81%A9%E3%81%84%EF%BC%8D%E3%82%93" n1="%E9%BB%92%41%4C%49" n2="%E5%B0%B1%E6%B4%BB%E7%94%9F%40%E5%B7%9D%E6%9D%91%E8%BB%8D%E5%9B%A3" n3="%78%2D%73%61%73%75%6B%65" dan="16,13,17,13" rate="2024.19,1832.35,2134.38,1849.03" sx="M,M,M,M"/><TAIKYOKU oya="0"/><INIT seed="0,0,0,5,3,116" ten="250,250,250,250" oya="0" hai0="6,108,118,39,69,34,127,64,55,76,90,50,101" hai1="104,85,86,124,52,70,40,2,62,125,91,46,16" hai2="10,13,78,35,59,105,15,51,67,126,72,36,65" hai3="29,120,23,11,28,81,130,87,71,12,131,100,14"/><T68/><D34/><U133/><E104/><V99/><F36/><W19/><G71/><T79/><D39/><N who="1" m="21791" /><E2/><V106/><F126/><N who="1" m="48745" /><E133/><V63/><F35/><W135/><G100/><T21/><D118/><U47/><E91/><V103/><F67/><W30/><G87/><T109/><D101/><U7/><E7/><V38/><F38/><W53/><G53/><T134/><D134/><U119/><E119/><V88/><F106/><W48/><G81/><T111/><D127/><U113/><E113/><V54/><F10/><N who="3" m="6551" /><G48/><T117/><D117/><U74/><E74/><V82/><REACH who="2" step="1"/><F88/><REACH who="2" ten="250,250,240,250" step="2"/><W33/><G135/><T32/><D90/><U61/><E16/><V26/><F26/><N who="3" m="16479" /><G33/><T0/><D32/><U37/><E37/><V121/><F121/><W45/><G120/><T22/><D64/><N who="1" m="41231" /><E47/><AGARI ba="0,1" hai="13,15,47,51,54,59,63,65,72,78,82,99,103,105" machi="47" ten="30,2000,0" yaku="1,1,7,1,53,0" doraHai="116" doraHaiUra="122" who="2" fromWho="1" sc="250,0,250,-20,240,30,250,0" /><INIT seed="1,0,0,4,5,21" ten="250,230,270,250" oya="1" hai0="8,31,87,54,40,4,9,128,56,59,112,26,57" hai1="102,42,45,98,68,99,106,72,30,61,52,109,121" hai2="79,120,94,111,37,33,69,105,126,41,66,89,46" hai3="16,64,23,96,47,53,90,65,75,60,32,129,5"/><U95/><E121/><V10/><F105/><W28/><G75/><T27/><D112/><U117/><E117/><V38/><F111/><W2/><G129/><T81/><D128/><U115/><E115/><V82/><F120/><W85/><G96/><T55/><D40/><U29/><E109/><V77/><F126/><W7/><G32/><T130/><D130/><U74/><E74/><V73/><F33/><W84/><G2/><T92/><D92/><U110/><E110/><V100/><F100/><W123/><G123/><T51/><D31/><U97/><E72/><V70/><F79/><W11/><G28/><T116/><D116/><U49/><E98/><V108/><F66/><N who="3" m="25707" /><G11/><N who="0" m="4171" /><D4/><N who="3" m="1609" /><G90/><N who="0" m="51567" /><D59/><U91/><REACH who="1" step="1"/><E68/><REACH who="1" ten="250,220,270,250" step="2"/><V133/><F69/><W122/><G85/><T83/><D83/><U15/><E15/><V13/><F70/><W131/><G122/><T20/><D20/><U78/><E78/><V125/><F13/><W76/><G131/><T118/><D118/><U86/><E86/><V43/><F82/><W58/><G84/><T107/><D107/><U22/><E22/><V14/><F77/><W25/><G76/><T17/><D17/><U36/><E36/><V103/><F38/><W1/><G1/><T119/><D119/><U113/><E113/><V114/><F37/><W34/><G34/><T24/><D24/><U48/><E48/><AGARI ba="0,1" hai="26,27,48,51,54,55,56,57" m="51567,4171" machi="48" ten="30,3900,0" yaku="8,1,52,2" doraHai="21" who="0" fromWho="1" sc="250,49,220,-39,270,0,250,0" /><INIT seed="2,0,0,4,2,90" ten="299,181,270,250" oya="2" hai0="135,119,34,4,32,94,102,56,69,133,57,124,106" hai1="25,20,30,105,58,35,132,55,122,110,71,91,47" hai2="111,33,114,28,75,118,117,79,27,54,97,49,36" hai3="1,62,39,44,7,104,42,113,8,100,123,9,38"/><V61/><F36/><W109/><G123/><T2/><D69/><U83/><E105/><V85/><F114/><W64/><G113/><T14/><D106/><U19/><E122/><V89/><F111/><W50/><G109/><T37/><D37/><U126/><E110/><V0/><F0/><W108/><G108/><T26/><D2/><U88/><E126/><V41/><F41/><W134/><G134/><N who="0" m="51211" /><D124/><U84/><E132/><V13/><F61/><W3/><G104/><T15/><D119/><U43/><E71/><V21/><F97/><W70/><REACH who="3" step="1"/><G100/><REACH who="3" ten="299,181,270,240" step="2"/><T115/><D115/><U121/><E121/><V125/><F125/><W48/><G48/><T81/><D102/><U17/><E91/><V63/><F49/><W82/><G82/><T112/><D81/><U78/><E78/><V127/><F89/><W46/><G46/><T129/><D112/><U60/><E35/><V66/><F79/><W51/><G51/><AGARI ba="0,1" hai="17,19,20,25,30,43,47,51,55,58,60,83,84,88" machi="51" ten="30,3900,0" yaku="7,1,8,1,54,1" doraHai="90" who="1" fromWho="3" sc="299,0,181,49,270,0,240,-39" /><INIT seed="3,0,0,4,4,127" ten="299,230,270,201" oya="3" hai0="4,17,122,135,119,95,31,13,91,33,2,23,15" hai1="75,53,29,121,63,8,131,72,79,21,110,36,117" hai2="26,89,22,58,123,70,125,35,30,14,57,86,34" hai3="52,128,118,0,25,55,42,39,40,32,101,5,85"/><W54/><G118/><T16/><D122/><U105/><E121/><V44/><F70/><W66/><G128/><T87/><D119/><U6/><E117/><V97/><F125/><W113/><G113/><T24/><D135/><U82/><E131/><V3/><F3/><W106/><G39/><T111/><D111/><U94/><E110/><V69/><F69/><W112/><G112/><T98/><D98/><U19/><E105/><V46/><F123/><W92/><G106/><T59/><D59/><N who="2" m="22538" /><F35/><W129/><G129/><T68/><D68/><U104/><E104/><V73/><F34/><W88/><G0/><T7/><REACH who="0" step="1"/><D2/><REACH who="0" ten="289,230,270,201" step="2"/><N who="1" m="87" /><E63/><V132/><F132/><W133/><G133/><T84/><D84/><U93/><E75/><V56/><F73/><W103/><G32/><T60/><D60/><U81/><E72/><V65/><F97/><N who="3" m="59559" /><G103/><T130/><D130/><U108/><E108/><V64/><F14/><W109/><G109/><T74/><D74/><U28/><E53/><N who="3" m="20586" /><G66/><N who="2" m="25705" /><F56/><W120/><G120/><T62/><D62/><U20/><E36/><V76/><F76/><W10/><N who="3" m="20594" /><W45/><DORA hai="102" /><G40/><T12/><D12/><U115/><E79/><V90/><F86/><W9/><G42/><T126/><D126/><U78/><E78/><V49/><F49/><W61/><G61/><T107/><D107/><U18/><E115/><V37/><F37/><W43/><G43/><T99/><D99/><U114/><E114/><V71/><F71/><W83/><G85/><T50/><D50/><U96/><E96/><V134/><F134/><W47/><G45/><AGARI ba="0,1" hai="22,26,30,44,45,46,89,90" m="25705,22538" machi="45" ten="30,1000,0" yaku="8,1" doraHai="127,102" who="2" fromWho="3" sc="289,0,230,0,270,20,201,-10" /><INIT seed="4,0,0,3,1,35" ten="289,230,290,191" oya="0" hai0="113,76,115,36,45,86,50,27,67,61,5,26,41" hai1="34,62,55,18,10,15,52,77,73,63,66,92,14" hai2="65,90,123,87,53,111,64,49,112,3,54,68,29" hai3="48,95,72,17,84,43,97,133,120,23,40,20,88"/><T96/><D96/><U8/><E34/><V103/><F111/><W25/><G72/><T83/><D36/><U19/><E92/><V82/><F3/><W125/><G125/><T81/><D81/><U30/><E30/><V47/><F112/><N who="0" m="43082" /><D5/><U130/><E130/><V58/><F68/><AGARI ba="0,0" hai="26,27,41,45,50,61,67,68,76,83,86" m="43082" machi="68" ten="30,1500,0" yaku="15,1" doraHai="35" who="0" fromWho="2" sc="289,15,230,0,290,-15,191,0" /><INIT seed="4,1,0,2,3,111" ten="304,230,275,191" oya="0" hai0="93,109,23,88,118,61,17,1,98,25,103,54,129" hai1="113,38,27,87,45,43,14,86,120,46,32,42,90" hai2="107,81,75,37,3,60,126,26,52,99,78,76,64" hai3="97,51,36,102,133,128,49,71,72,100,114,31,30"/><T95/><D118/><U10/><E120/><V16/><F126/><W20/><G36/><T105/><D109/><U29/><E113/><V66/><F3/><W0/><G71/><T110/><D110/><U47/><E43/><V28/><F37/><W116/><G116/><T55/><D1/><U63/><E63/><V73/><F107/><W58/><G72/><T69/><D129/><U34/><E34/><V131/><F131/><W96/><G0/><T77/><D77/><U44/><REACH who="1" step="1"/><E90/><REACH who="1" ten="304,220,275,191" step="2"/><V117/><F60/><W53/><G128/><T84/><D69/><U12/><E12/><V67/><F117/><W130/><G114/><T21/><D105/><U4/><AGARI ba="1,1" hai="4,10,14,27,29,32,38,42,44,45,46,47,86,87" machi="4" ten="30,4000,0" yaku="1,1,0,1,53,1" doraHai="111" doraHaiUra="11" who="1" fromWho="1" sc="304,-21,220,53,275,-11,191,-11" /><INIT seed="5,0,0,1,1,43" ten="283,273,264,180" oya="1" hai0="19,12,85,90,109,79,83,82,27,53,70,25,62" hai1="96,103,80,4,10,134,128,9,49,117,95,28,120" hai2="14,16,116,105,130,11,64,93,89,135,31,41,2" hai3="101,3,6,8,72,60,55,39,7,121,122,100,47"/><U40/><E120/><V50/><F105/><W87/><G72/><T18/><D109/><U123/><E123/><V51/><F116/><W63/><G122/><T36/><D36/><U34/><E117/><V54/><F2/><W77/><G121/><T75/><D19/><U35/><E134/><V38/><F38/><W42/><G6/><T124/><D124/><U113/><E128/><V74/><F74/><W1/><G1/><T129/><D129/><U132/><E132/><V0/><F0/><W102/><REACH who="3" step="1"/><G55/><REACH who="3" ten="283,273,264,170" step="2"/><T125/><D125/><U114/><E4/><V86/><F130/><W97/><G97/><T115/><D115/><U133/><E133/><V131/><F131/><W20/><G20/><T13/><D53/><U127/><E127/><V108/><F108/><W119/><G119/><T118/><D118/><U46/><E80/><AGARI ba="0,1" hai="3,7,8,39,42,47,60,63,77,80,87,100,101,102" machi="80" ten="40,5200,0" yaku="1,1,52,1,53,1" doraHai="43" doraHaiUra="73" who="3" fromWho="1" sc="283,0,273,-52,264,0,170,62" /><INIT seed="6,0,0,0,3,48" ten="283,221,264,232" oya="2" hai0="108,20,134,29,88,100,101,41,112,61,132,9,89" hai1="91,87,122,4,82,98,51,77,106,40,24,83,117" hai2="7,133,79,45,56,67,54,74,49,92,129,135,6" hai3="8,10,64,81,28,63,13,126,86,33,18,60,115"/><V102/><F74/><W96/><G126/><T46/><D108/><U53/><E117/><V62/><F79/><W127/><G127/><T107/><D112/><U85/><E122/><V34/><F34/><W32/><G115/><T76/><D76/><U35/><E4/><V30/><F30/><W66/><G32/><T70/><D9/><U95/><E106/><V93/><F129/><W58/><G33/><T114/><D114/><U23/><E35/><V124/><BYE who="3" /><F124/><W47/><G47/><T1/><D1/><U128/><E128/><V0/><F0/><W109/><G109/><T78/><D78/><UN n3="%78%2D%73%61%73%75%6B%65" /><U121/><E121/><V12/><F12/><W25/><G28/><T3/><D3/><U59/><E40/><V5/><REACH who="2" step="1"/><F102/><REACH who="2" ten="283,221,254,232" step="2"/><W11/><G25/><N who="0" m="16551" /><D101/><U80/><REACH who="1" step="1"/><E85/><REACH who="1" ten="283,211,254,232" step="2"/><V57/><F57/><N who="3" m="36879" /><G96/><T94/><D70/><U69/><E69/><V42/><F42/><W19/><G58/><T105/><D41/><U26/><E26/><V104/><F104/><W14/><G86/><T111/><D105/><U68/><E68/><V99/><F99/><W52/><G13/><T130/><D107/><U97/><E97/><V16/><F16/><AGARI ba="0,2" hai="16,23,24,51,53,59,77,80,82,83,87,91,95,98" machi="16" ten="30,12000,2" yaku="1,1,7,1,8,1,52,1,54,1,53,1" doraHai="48" doraHaiUra="73" who="1" fromWho="2" sc="283,0,211,140,254,-120,232,0" /><INIT seed="7,0,0,0,4,83" ten="283,351,134,232" oya="3" hai0="19,104,125,109,49,9,59,54,112,13,124,131,114" hai1="68,84,107,21,55,44,14,65,132,95,41,86,66" hai2="29,108,37,79,63,82,15,64,10,23,116,74,1" hai3="75,46,67,92,17,50,106,25,91,69,22,119,89"/><W126/><G119/><T96/><D109/><U99/><E107/><V0/><F108/><W115/><G106/><T38/><D38/><U100/><E132/><V78/><F116/><W53/><G75/><T98/><D131/><U52/><E66/><V48/><F37/><W43/><G115/><N who="0" m="44075" /><D104/><U2/><E2/><V31/><F48/><W113/><G113/><T5/><D5/><U34/><E34/><V6/><F78/><W45/><G126/><AGARI ba="0,0" hai="9,13,19,49,54,59,96,98,124,125,126" m="44075" machi="126" ten="30,3900,0" yaku="18,1,15,1,11,1" doraHai="83" who="0" fromWho="3" sc="283,39,351,0,134,0,232,-39" owari="322,12.0,351,46.0,134,-37.0,193,-21.0" /></mjloggm>