<mjloggm ver="2.3"><GO type="169" lobby="0"/><UN n0="%E5%B0%B1%E6%B4%BB%E7%94%9F%40%E5%B7%9D%E6%9D%91%E8%BB%8D%E5%9B%A3" n1="%E6%9C%A8%E6%9D%91%E2%98%86%E9%A0%98" n2="%43%52%41%5A%59%42%45%45" n3="%E3%81%8D%E3%81%BF%E3%81%9F%E3%81%BE%E3%81%94" dan="16,16,17,16" rate="2044.40,2099.75,2169.44,2070.07" sx="M,M,M,M"/><TAIKYOKU oya="0"/><INIT seed="0,0,0,5,2,10" ten="250,250,250,250" oya="0" hai0="43,68,11,58,8,73,92,81,90,130,97,13,67" hai1="124,71,91,9,6,42,14,26,132,103,82,20,80" hai2="123,76,86,62,2,122,84,5,1,28,17,79,117" hai3="7,88,108,24,134,49,18,34,64,74,105,36,131"/><T19/><D68/><U99/><E124/><V116/><F62/><W69/><G36/><T85/><D73/><U23/><E71/><V107/><F28/><W33/><G74/><T96/><D130/><U101/><E132/><V77/><F17/><W0/><G105/><T57/><D43/><U30/><E42/><V53/><F5/><W61/><G108/><T22/><D96/><U98/><E23/><V87/><F53/><W35/><G134/><T95/><D95/><U31/><E30/><V112/><F112/><W125/><G125/><T115/><D115/><U89/><E89/><V126/><F107/><W39/><G39/><T16/><D67/><U129/><E91/><V104/><F104/><W15/><G131/><T133/><D133/><U32/><E32/><V119/><REACH who="2" step="1"/><F126/><REACH who="2" ten="250,250,240,250" step="2"/><W102/><G7/><T38/><D38/><U52/><E52/><V65/><F65/><W55/><G0/><AGARI ba="0,1" hai="0,1,2,76,77,79,84,86,87,116,117,119,122,123" machi="0" ten="50,12000,2" yaku="1,1,29,2,28,2,12,1,53,0" doraHai="10" doraHaiUra="21" who="2" fromWho="3" sc="250,0,250,0,240,130,250,-120" /><INIT seed="1,0,0,4,3,123" ten="250,250,370,130" oya="1" hai0="27,41,87,100,22,64,111,107,97,106,122,98,25" hai1="47,57,59,60,76,116,109,99,120,70,94,110,24" hai2="7,67,105,29,38,95,16,101,127,56,6,14,37" hai3="81,113,91,88,39,79,93,66,124,77,114,72,71"/><U9/><E120/><V20/><F105/><W51/><G39/><T103/><D122/><U0/><E116/><V21/><F127/><W119/><G66/><T34/><D64/><U10/><E76/><N who="3" m="29258" /><G51/><T23/><D34/><U13/><E0/><V74/><F74/><W84/><G71/><T115/><D87/><U43/><E70/><V132/><F132/><W15/><G15/><T90/><D90/><N who="1" m="55767" /><E24/><N who="2" m="16519" /><F38/><W62/><G62/><T131/><D131/><U19/><E10/><V44/><F44/><W55/><G55/><T17/><D41/><U12/><E12/><V18/><F18/><W86/><G72/><T26/><D115/><N who="3" m="44041" /><G124/><T118/><D118/><AGARI ba="0,0" hai="81,84,86,88,91,93,118,119" m="44041,29258" machi="118" ten="30,3900,0" yaku="34,2,54,1" doraHai="123" who="3" fromWho="0" sc="250,-39,250,0,370,0,130,39" /><INIT seed="2,0,0,1,1,24" ten="211,250,370,169" oya="2" hai0="128,26,97,74,124,132,101,110,58,72,107,82,57" hai1="52,122,39,105,20,104,68,127,135,10,29,112,30" hai2="3,7,44,106,84,70,78,59,25,123,83,79,23" hai3="99,4,67,48,94,129,51,33,50,31,76,87,115"/><V98/><F123/><W34/><G129/><T18/><D128/><U11/><E112/><V134/><F70/><W19/><G4/><T65/><D110/><U40/><E68/><V125/><F125/><W12/><G67/><T108/><D124/><U89/><E127/><V35/><F35/><W69/><G69/><T111/><D132/><U113/><E113/><V131/><F131/><W95/><G115/><T90/><D72/><U21/><E39/><V43/><F134/><W133/><G133/><T62/><D58/><U37/><E37/><V22/><F59/><W13/><G19/><T14/><D26/><U92/><E135/><V55/><F55/><W41/><G41/><T85/><D74/><U126/><E40/><V36/><F79/><W73/><G73/><T42/><REACH who="0" step="1"/><D42/><REACH who="0" ten="201,250,370,169" step="2"/><U102/><E126/><V130/><F130/><W2/><G50/><T60/><D60/><U100/><E122/><V96/><F25/><W9/><G48/><T66/><D66/><U71/><E71/><V103/><F36/><W46/><G51/><T16/><D16/><U0/><E52/><V56/><F56/><W8/><G46/><T91/><D91/><U38/><E89/><V17/><F17/><W64/><G64/><T61/><D61/><U117/><E102/><N who="2" m="62791" /><F44/><W27/><G27/><T93/><D93/><U119/><E38/><V15/><F43/><W6/><G94/><T53/><D53/><U86/><E92/><V109/><F109/><W118/><G95/><T1/><D1/><U88/><E0/><V54/><F3/><W49/><G2/><T47/><D47/><RYUUKYOKU ba="0,1" sc="201,30,250,-10,370,-10,169,-10" hai0="14,18,57,62,65,82,85,90,97,101,107,108,111" /><INIT seed="3,1,1,2,0,77" ten="231,240,360,159" oya="3" hai0="95,33,81,82,60,2,126,47,0,16,62,113,131" hai1="32,84,110,103,87,9,128,83,88,98,102,120,29" hai2="73,39,134,43,31,52,92,34,41,129,22,125,51" hai3="5,86,45,55,65,61,85,35,1,133,70,19,108"/><W25/><G133/><T116/><D33/><U54/><E120/><V76/><F34/><W4/><G108/><T66/><D116/><U10/><E110/><V115/><F115/><W37/><G1/><T90/><D113/><U36/><E36/><V6/><F39/><W57/><G5/><T64/><D2/><U124/><E128/><V48/><F129/><W107/><G4/><T3/><D47/><U104/><E102/><V7/><F134/><W58/><G107/><T40/><D40/><U105/><E104/><V15/><F125/><W135/><G135/><T46/><D46/><U96/><E98/><V14/><F76/><W74/><G74/><T106/><D106/><U68/><E68/><V75/><F92/><W67/><G67/><N who="0" m="25643" /><D3/><U93/><E124/><V21/><F31/><W94/><G94/><T121/><D0/><U18/><E54/><AGARI ba="1,1" hai="6,7,14,15,21,22,41,43,48,51,52,54,73,75" machi="54" ten="25,3200,0" yaku="22,2,54,1" doraHai="77" who="2" fromWho="1" sc="231,0,240,-35,360,45,159,0" /><INIT seed="4,0,0,4,5,4" ten="231,205,405,159" oya="0" hai0="26,33,16,63,23,117,37,14,25,99,41,3,94" hai1="135,132,8,43,114,58,122,66,98,108,18,10,110" hai2="31,101,121,62,130,72,11,69,71,89,27,50,53" hai3="91,129,29,107,70,109,36,120,13,22,34,128,47"/><T6/><D117/><U40/><E122/><V74/><F121/><W96/><G109/><N who="1" m="42090" /><E114/><V76/><F101/><W51/><G120/><T38/><D41/><N who="1" m="15947" /><E18/><V20/><F130/><W82/><G36/><T93/><D93/><U46/><E46/><V106/><F106/><W79/><G70/><T116/><D116/><U125/><E125/><V24/><F71/><W32/><G107/><T115/><D115/><U81/><E81/><V127/><F127/><W87/><G29/><T126/><D126/><U48/><E98/><V83/><F72/><W86/><G96/><T88/><D26/><U124/><E124/><V15/><F27/><W133/><G32/><T97/><D97/><U54/><E66/><V73/><F73/><W134/><G34/><T80/><D80/><U119/><E119/><V1/><F83/><N who="3" m="49631" /><G22/><T9/><D63/><U55/><E55/><V21/><F53/><N who="3" m="29951" /><G13/><T52/><D52/><U77/><E77/><V42/><F15/><W105/><G105/><T100/><D100/><U104/><E104/><V61/><F76/><W7/><G7/><T5/><D5/><U12/><E12/><V75/><F74/><W0/><G0/><T60/><D60/><U19/><E19/><V84/><F61/><W45/><G45/><T56/><D56/><U35/><E35/><V123/><F62/><W112/><G112/><T95/><D95/><U90/><E90/><V111/><F89/><W78/><G78/><T49/><D49/><U2/><E2/><V102/><F50/><W57/><G57/><T131/><D131/><AGARI ba="0,0" hai="79,82,87,128,129,131,133,134" m="29951,49631" machi="131" ten="30,1000,0" yaku="19,1" doraHai="4" who="3" fromWho="0" sc="231,-10,205,0,405,0,159,10" /><INIT seed="5,0,0,5,5,99" ten="221,205,405,169" oya="1" hai0="2,43,53,55,98,101,10,71,45,77,42,34,94" hai1="66,5,126,56,28,115,63,120,21,1,8,14,135" hai2="70,124,112,7,78,129,100,50,109,131,11,102,113" hai3="107,23,51,74,24,122,39,130,67,58,83,96,38"/><U111/><E120/><V121/><F109/><W27/><G122/><T84/><D34/><U87/><E115/><N who="2" m="44107" /><F121/><W89/><G130/><N who="2" m="49673" /><F124/><W35/><G35/><T12/><D2/><U90/><E126/><V52/><F78/><W3/><G3/><T18/><D71/><U75/><E75/><V15/><F70/><W4/><G4/><T41/><D45/><AGARI ba="0,0" hai="7,11,15,45,50,52,100,102" m="49673,44107" machi="45" ten="30,12000,2" yaku="15,1,11,1,19,1,52,2,54,1" doraHai="99" who="2" fromWho="0" sc="221,-120,205,0,405,120,169,0" /><INIT seed="6,0,0,1,5,132" ten="101,205,525,169" oya="2" hai0="86,52,33,49,64,22,61,100,115,23,62,102,56" hai1="103,46,104,30,41,110,6,95,9,87,80,89,19" hai2="113,17,133,21,96,68,85,47,59,13,1,99,3" hai3="92,63,88,24,10,75,107,54,119,98,48,70,71"/><V77/><F68/><W81/><G119/><T67/><D33/><U58/><E30/><V111/><F133/><W125/><G125/><T114/><D86/><U14/><E110/><V44/><F113/><W117/><G117/><T16/><D23/><U82/><E104/><V27/><F111/><W76/><G63/><T40/><D40/><U91/><E103/><V26/><F3/><W50/><G50/><T129/><D129/><U57/><E82/><N who="2" m="47311" /><F1/><W32/><G10/><T12/><D115/><U5/><E5/><V36/><F36/><W11/><G11/><T127/><D127/><U8/><E8/><V116/><F59/><W34/><G34/><T29/><D29/><U118/><E6/><V123/><F123/><W78/><G78/><T55/><D114/><U45/><E118/><V109/><F109/><W128/><G128/><T66/><REACH who="0" step="1"/><D61/><REACH who="0" ten="91,205,525,169" step="2"/><U7/><E41/><V121/><F116/><W105/><G32/><T18/><D18/><U0/><E19/><V112/><F112/><W25/><G25/><N who="2" m="9225" /><F121/><W31/><G24/><T65/><N who="0" m="16384" /><DORA hai="2" /><T20/><D20/><U120/><E120/><V90/><F21/><W53/><G31/><T72/><D72/><U37/><E87/><V108/><F108/><W43/><G70/><T42/><D42/><U122/><E122/><V39/><F17/><W106/><REACH who="3" step="1"/><G71/><REACH who="3" ten="91,205,525,159" step="2"/><T83/><D83/><U35/><E80/><V134/><F134/><W130/><G130/><T94/><D94/><U73/><E95/><V74/><F74/><W124/><G124/><T51/><D51/><U126/><E73/><V4/><F39/><RYUUKYOKU ba="0,2" sc="91,15,205,-15,525,-15,159,15" hai0="12,16,22,49,52,55,56,62,100,102" hai3="43,48,53,54,75,76,81,88,92,98,105,106,107" /><INIT seed="7,1,2,4,0,59" ten="106,190,510,174" oya="3" hai0="11,25,99,103,114,124,19,71,81,16,83,24,43" hai1="70,55,104,3,84,132,65,101,56,18,45,12,108" hai2="96,86,88,127,105,51,27,60,49,77,39,67,125" hai3="75,64,42,126,21,46,38,32,30,53,78,41,69"/><W63/><G32/><T122/><D122/><U36/><E3/><V82/><F39/><W4/><G126/><N who="2" m="48137" /><F27/><W72/><G42/><T130/><D124/><U128/><E84/><V9/><F9/><W57/><G78/><T23/><D130/><U66/><E18/><V7/><F7/><W61/><REACH who="3" step="1"/><G4/><REACH who="3" ten="106,190,510,164" step="2"/><T48/><D114/><U54/><E128/><V110/><F77/><W131/><G131/><T47/><D71/><U116/><E70/><N who="2" m="42343" /><F110/><W1/><G1/><T93/><D11/><U120/><E108/><V0/><F0/><W17/><G17/><T129/><D129/><U121/><E120/><V20/><F20/><AGARI ba="1,3" hai="16,19,20,23,24,25,43,47,48,81,83,93,99,103" machi="20" ten="40,5200,0" yaku="9,1,8,1,54,1" doraHai="59" who="0" fromWho="2" sc="106,85,190,0,510,-55,164,0" owari="191,-1.0,190,-21.0,455,56.0,164,-34.0" /></mjloggm>