<mjloggm ver="2.3"><GO type="41" lobby="0"/><UN n0="%E2%98%86%4B%69%72%69%72%69%6E" n1="%E5%B0%B1%E6%B4%BB%E7%94%9F%40%E5%B7%9D%E6%9D%91%E8%BB%8D%E5%9B%A3" n2="%E3%82%BF%EF%BD%9E%E5%9D%8A" n3="%6B%65%6E%35%35%35%35" dan="13,15,15,13" rate="1916.24,1969.52,2010.51,1942.15" sx="M,M,M,M"/><TAIKYOKU oya="0"/><INIT seed="0,0,0,1,4,113" ten="250,250,250,250" oya="0" hai0="38,99,56,79,87,94,37,93,31,69,48,108,92" hai1="77,118,30,98,120,16,45,9,105,97,121,66,74" hai2="90,19,132,114,85,49,67,60,65,25,33,18,125" hai3="126,127,59,55,28,53,123,110,34,1,62,95,135"/><T82/><D69/><U44/><E30/><V50/><F114/><W71/><G1/><T89/><D108/><U20/><E66/><N who="2" m="25099" /><F33/><W112/><G112/><T88/><D31/><U51/><E9/><V102/><F102/><W29/><G135/><T61/><D48/><N who="2" m="18538" /><F125/><W15/><G34/><T0/><D0/><U11/><E11/><V107/><F107/><W4/><G110/><T26/><D26/><U122/><E105/><V5/><F5/><W40/><G71/><T100/><D100/><U36/><E36/><V58/><F25/><W111/><G111/><T80/><D80/><U39/><E39/><V86/><F132/><W41/><G4/><T64/><REACH who="0" step="1"/><D93/><REACH who="0" ten="240,250,250,250" step="2"/><U129/><E120/><V8/><F8/><W22/><G95/><T70/><D70/><U43/><E121/><V57/><F60/><W133/><G62/><T75/><AGARI ba="0,1" hai="37,38,56,61,64,75,79,82,87,88,89,92,94,99" machi="75" ten="20,12000,1" yaku="1,1,0,1,7,1,54,1,53,1" doraHai="113" doraHaiUra="63" who="0" fromWho="0" sc="240,130,250,-40,250,-40,250,-40" /><INIT seed="0,1,0,0,2,126" ten="370,210,210,210" oya="0" hai0="87,5,105,101,47,23,134,117,122,135,103,50,70" hai1="132,1,36,77,54,24,49,18,106,13,56,62,40" hai2="21,72,8,19,69,109,6,55,83,53,74,100,33" hai3="124,15,39,127,57,26,73,118,76,104,102,11,16"/><T68/><D117/><U12/><E1/><V60/><F109/><W3/><G39/><T79/><D122/><U14/><E106/><V84/><F33/><W31/><G118/><T111/><D105/><U25/><E132/><N who="0" m="50729" /><D111/><U20/><E77/><V42/><F42/><W37/><G37/><T130/><D5/><U34/><E36/><V78/><F100/><N who="0" m="38474" /><D130/><U17/><E34/><V108/><F108/><W4/><G104/><T93/><D23/><U75/><E75/><V131/><F131/><W99/><G4/><T71/><D71/><U0/><E0/><V43/><F74/><W115/><G3/><T120/><D120/><U28/><E25/><V110/><F72/><W64/><G73/><T67/><D67/><U97/><E97/><V22/><F22/><W94/><G64/><T10/><D10/><U45/><AGARI ba="1,0" hai="12,13,14,17,18,20,24,28,40,45,49,54,56,62" machi="45" ten="30,2000,0" yaku="0,1,8,1" doraHai="126" who="1" fromWho="1" sc="370,-11,210,23,210,-6,210,-6" /><INIT seed="1,0,0,4,0,113" ten="359,233,204,204" oya="1" hai0="123,71,12,85,38,40,100,61,126,116,84,88,65" hai1="52,80,19,74,90,44,14,11,125,118,56,95,60" hai2="50,99,47,108,13,30,1,135,82,57,112,35,39" hai3="9,134,101,27,119,114,98,25,94,83,2,48,15"/><U0/><E125/><V24/><F1/><W75/><G114/><T110/><D116/><U120/><E120/><V66/><F112/><W31/><G2/><T28/><D110/><U70/><E70/><V86/><F108/><W73/><G134/><T103/><D126/><U130/><E130/><V69/><F135/><W102/><G48/><T115/><D115/><U49/><E118/><V106/><F39/><W58/><G58/><T81/><D28/><U68/><E68/><V128/><F128/><W72/><G119/><T132/><D132/><U131/><E131/><V29/><F29/><W33/><G27/><T105/><D105/><U20/><E74/><V18/><F69/><W17/><REACH who="3" step="1"/><G102/><REACH who="3" ten="359,233,204,194" step="2"/><T79/><D103/><U16/><E0/><V54/><F57/><W22/><G22/><T3/><D100/><U43/><E80/><AGARI ba="0,1" hai="9,15,17,25,31,33,72,73,75,80,83,94,98,101" machi="80" ten="40,1300,0" yaku="1,1,53,0" doraHai="113" doraHaiUra="117" who="3" fromWho="1" sc="359,0,233,-13,204,0,194,23" /><INIT seed="2,0,0,0,5,97" ten="359,220,204,217" oya="2" hai0="78,45,26,2,73,85,132,58,76,16,59,131,81" hai1="125,22,133,51,15,91,20,55,74,28,92,63,64" hai2="75,11,23,114,53,67,121,38,127,120,88,106,37" hai3="0,102,82,52,70,12,89,128,47,17,116,30,135"/><V115/><F75/><W103/><G0/><T42/><D2/><U13/><E74/><V104/><F11/><N who="3" m="6303" /><G70/><T77/><D132/><U34/><E34/><V117/><F67/><W3/><G116/><T7/><D73/><U5/><E133/><V129/><F23/><W105/><G105/><T33/><D7/><U35/><E35/><V25/><F25/><W99/><G3/><T119/><D131/><U19/><E125/><V10/><F10/><W24/><G128/><T56/><D33/><U112/><E112/><V71/><F71/><W18/><G135/><T21/><REACH who="0" step="1"/><D119/><REACH who="0" ten="349,220,204,217" step="2"/><U94/><E5/><V84/><F117/><W4/><G4/><T66/><D66/><U124/><E124/><V101/><F127/><W123/><G123/><T90/><D90/><U118/><E118/><V107/><F129/><W126/><G126/><T48/><AGARI ba="0,1" hai="16,21,26,42,45,48,56,58,59,76,77,78,81,85" machi="48" ten="30,7900,0" yaku="1,1,0,1,8,1,54,1,53,0" doraHai="97" doraHaiUra="57" who="0" fromWho="0" sc="349,89,220,-20,204,-39,217,-20" /><INIT seed="3,0,0,0,0,17" ten="438,200,165,197" oya="3" hai0="6,103,41,74,108,80,31,116,69,15,115,55,89" hai1="45,16,33,97,91,81,120,113,54,26,77,60,32" hai2="56,118,37,62,111,123,105,133,135,29,51,67,71" hai3="52,12,9,1,96,134,117,131,27,36,109,100,34"/><W64/><G117/><T79/><D108/><U58/><E120/><V46/><F105/><W76/><G36/><T38/><D116/><U127/><E127/><V3/><F3/><W65/><G76/><T39/><D69/><U85/><E113/><V78/><F78/><W93/><G1/><T24/><D103/><U86/><E45/><V47/><F29/><W68/><G109/><T73/><D115/><U4/><E4/><V72/><F72/><W88/><G68/><T90/><D74/><U49/><E97/><V57/><F111/><W107/><G134/><N who="2" m="51209" /><F118/><W59/><G131/><T75/><D75/><U61/><E33/><V28/><F28/><W94/><G107/><T130/><D38/><U92/><E32/><V66/><F66/><W19/><G27/><T63/><D24/><U35/><E35/><V18/><F18/><W44/><G44/><T30/><D31/><U126/><E126/><V70/><F123/><W121/><G34/><T42/><D30/><U22/><AGARI ba="0,0" hai="16,22,26,49,54,58,60,61,77,81,85,86,91,92" machi="22" ten="30,7900,0" yaku="0,1,8,1,52,1,54,1" doraHai="17" who="1" fromWho="1" sc="438,-20,200,79,165,-20,197,-39" /><INIT seed="4,0,0,4,4,129" ten="418,279,145,158" oya="0" hai0="31,62,27,67,45,0,80,118,111,96,72,47,77" hai1="18,65,57,82,34,10,55,99,46,71,126,110,38" hai2="123,17,54,70,26,107,60,44,74,132,117,6,106" hai3="12,109,20,35,64,66,90,76,79,19,39,102,115"/><T30/><D118/><U42/><E34/><V124/><F74/><W40/><G109/><T3/><D31/><U25/><E110/><V48/><F123/><W51/><G39/><T8/><D111/><U93/><E126/><V86/><F124/><W68/><G35/><T61/><D61/><U41/><E41/><V114/><F6/><W32/><G102/><T125/><D125/><U113/><E113/><V7/><F7/><W4/><G115/><T81/><D81/><U104/><E104/><V78/><F117/><W101/><G101/><T98/><D8/><U16/><E82/><V24/><F114/><W49/><G68/><T103/><D96/><U2/><E65/><N who="3" m="25194" /><G32/><T56/><D3/><U127/><E127/><V83/><F70/><W94/><G4/><T88/><D0/><U14/><E2/><V120/><F120/><W21/><G20/><T23/><D103/><U85/><E85/><V97/><F97/><N who="3" m="57559" /><G40/><T52/><D67/><U69/><E25/><N who="2" m="9835" /><F60/><W11/><G21/><T1/><D1/><U73/><E73/><V130/><F107/><W100/><G100/><T5/><D5/><U92/><E69/><V121/><F121/><W63/><G63/><T131/><D131/><U53/><E71/><V28/><F106/><W91/><G91/><T116/><D116/><U128/><E128/><V22/><F130/><W119/><G119/><T75/><D75/><U108/><E108/><V9/><F22/><W13/><G12/><T29/><D29/><U89/><E14/><N who="2" m="7375" /><F28/><W84/><G84/><T15/><D15/><U36/><E10/><V37/><F37/><RYUUKYOKU ba="0,0" sc="418,10,279,-30,145,10,158,10" hai0="23,27,30,45,47,52,56,62,72,77,80,88,98" hai2="44,48,54,78,83,86,132" hai3="11,13,19,49,51,76,79" /><INIT seed="4,1,0,1,4,132" ten="428,249,155,168" oya="0" hai0="57,18,114,93,31,118,59,56,34,2,50,11,22" hai1="1,108,44,21,14,110,19,75,69,0,7,49,45" hai2="28,82,3,54,15,130,68,48,134,94,72,131,32" hai3="91,70,10,109,58,6,73,99,77,112,63,41,42"/><T115/><D118/><U67/><E75/><V40/><F3/><W101/><G109/><T121/><D121/><U106/><E106/><V51/><F68/><W38/><G70/><T64/><D64/><U30/><E30/><V100/><F134/><W23/><G112/><T81/><D31/><U78/><E78/><V53/><F32/><W33/><G33/><T104/><D34/><U74/><E74/><V12/><F28/><W119/><G91/><T60/><D104/><U111/><E44/><V126/><F40/><W128/><G128/><N who="2" m="49193" /><F126/><W122/><G42/><T5/><D81/><U105/><E105/><V39/><F39/><W80/><G119/><T43/><D60/><U120/><E120/><V125/><F125/><W107/><G122/><T117/><D117/><U103/><E103/><V65/><F65/><W61/><G23/><T113/><D93/><U27/><E67/><V79/><F94/><W133/><G133/><T71/><D71/><U88/><E69/><V127/><F100/><W17/><G17/><T35/><D35/><U8/><REACH who="1" step="1"/><E88/><REACH who="1" ten="428,239,155,168" step="2"/><V90/><F90/><W55/><G41/><AGARI ba="1,1" hai="0,1,7,8,14,19,21,27,41,45,49,108,110,111" machi="41" ten="40,2600,0" yaku="1,1,2,1,53,0" doraHai="132" doraHaiUra="25" who="1" fromWho="3" sc="428,0,239,39,155,0,168,-29" /><INIT seed="5,0,0,5,4,117" ten="428,278,155,139" oya="1" hai0="34,96,71,16,114,62,126,83,100,133,30,106,109" hai1="15,90,37,44,123,55,64,120,121,75,89,38,22" hai2="50,88,3,107,131,112,103,63,87,25,94,28,49" hai3="119,17,40,2,23,78,73,116,122,68,61,101,65"/><U18/><E75/><V135/><F3/><W7/><G40/><T56/><D109/><U10/><E64/><V12/><F135/><W95/><G2/><T125/><D133/><U24/><E38/><V104/><F131/><W97/><G7/><T80/><D114/><U115/><E115/><V85/><F112/><W26/><G73/><T43/><D71/><U35/><E35/><V59/><F12/><W1/><G1/><T110/><D110/><U81/><E81/><V11/><F11/><W69/><G78/><T5/><D5/><U57/><E44/><V105/><F87/><W98/><G69/><T20/><D43/><U8/><E8/><V102/><F103/><W77/><G77/><T76/><D76/><U67/><E67/><V92/><F92/><W32/><G32/><T74/><D30/><U47/><E47/><V14/><F14/><W60/><G60/><T82/><D34/><U127/><E37/><V6/><F6/><W132/><G132/><T4/><D4/><U66/><E66/><V9/><F9/><W124/><G98/><T113/><D113/><U72/><E72/><V111/><F102/><W36/><G36/><T13/><REACH who="0" step="1"/><D74/><REACH who="0" ten="418,278,155,139" step="2"/><U84/><E127/><V118/><F111/><W45/><G124/><T0/><D0/><U21/><E18/><V108/><F108/><W53/><G119/><T129/><D129/><U31/><E31/><V79/><F118/><W86/><G116/><T52/><AGARI ba="0,1" hai="13,16,20,52,56,62,80,82,83,96,100,106,125,126" machi="52" ten="30,12000,2" yaku="1,1,0,1,54,2,53,2" doraHai="117" doraHaiUra="134" who="0" fromWho="0" sc="418,130,278,-60,155,-30,139,-30" /><INIT seed="6,0,0,3,0,66" ten="548,218,125,109" oya="2" hai0="14,40,106,114,21,57,33,99,4,49,128,51,67" hai1="122,101,65,75,86,69,44,3,42,127,89,96,92" hai2="60,130,37,18,125,123,84,131,45,23,39,48,87" hai3="81,25,34,29,104,31,124,20,118,120,16,7,74"/><V110/><F123/><W111/><G104/><T116/><D116/><U24/><E3/><V132/><F125/><W8/><G111/><T17/><D128/><N who="2" m="49194" /><F132/><W83/><G118/><T79/><D33/><U94/><E127/><V133/><F133/><W32/><G124/><T6/><D114/><U115/><E115/><V98/><F98/><W93/><G120/><T135/><D135/><U78/><E122/><V97/><F97/><W77/><G83/><T109/><D109/><U22/><E65/><V28/><F28/><W100/><G31/><T63/><D79/><U12/><E12/><N who="2" m="9671" /><F60/><W35/><G93/><T10/><D40/><U47/><E75/><V62/><F62/><W73/><G100/><T46/><D46/><U55/><E78/><V30/><F30/><W56/><G56/><T117/><D117/><U52/><E44/><V105/><F105/><W41/><G41/><T108/><D108/><U53/><E42/><N who="2" m="24631" /><F110/><W113/><G113/><T107/><D99/><U1/><E47/><V59/><F59/><W58/><G58/><T19/><D57/><U26/><E1/><V76/><F76/><W119/><G119/><T27/><D63/><U82/><E96/><V121/><F121/><W112/><G112/><T80/><D107/><U61/><E101/><V68/><F68/><W91/><G29/><T72/><D106/><U43/><E43/><V15/><F15/><N who="3" m="5535" /><G77/><T126/><D14/><U11/><E11/><V90/><F87/><N who="3" m="50671" /><G74/><T70/><D72/><U95/><E22/><V134/><F134/><W88/><G73/><T36/><D126/><U5/><E5/><RYUUKYOKU ba="0,0" sc="548,-30,218,10,125,10,109,10" hai1="24,26,52,53,55,61,69,82,86,89,92,94,95" hai2="37,39,84,90" hai3="16,20,25,32,34,35,88" /><INIT seed="6,1,0,0,2,0" ten="518,228,135,119" oya="2" hai0="96,44,36,89,102,123,28,62,2,56,65,41,131" hai1="8,121,35,92,105,60,132,130,52,61,87,30,72" hai2="120,68,127,34,27,16,37,11,3,110,119,108,116" hai3="24,97,113,70,58,53,5,134,115,109,98,22,69"/><V45/><F68/><N who="3" m="26219" /><G109/><N who="2" m="42089" /><F37/><W90/><G134/><T99/><D2/><U95/><E105/><V47/><F45/><W101/><G101/><T79/><D79/><U20/><E72/><V93/><F93/><N who="3" m="56503" /><G5/><T100/><D131/><U55/><E35/><V74/><F74/><W43/><G43/><T78/><D28/><U17/><E121/><V85/><F85/><W84/><G84/><T33/><D33/><U14/><E130/><V50/><F120/><W1/><G1/><T104/><D78/><U71/><E71/><V125/><F50/><W91/><G91/><T46/><D46/><U111/><E111/><V25/><F47/><W128/><G98/><T118/><D118/><N who="2" m="45098" /><F34/><W135/><G135/><T94/><D123/><U133/><E132/><V49/><F49/><W26/><G128/><T40/><D40/><U76/><E133/><V75/><F75/><W126/><G126/><N who="2" m="48137" /><F16/><N who="3" m="12359" /><G26/><T114/><D44/><U42/><E42/><V80/><F80/><W39/><G39/><T67/><D36/><U54/><E76/><V117/><F117/><W18/><G18/><T4/><D41/><U86/><E86/><V12/><F12/><W63/><AGARI ba="1,0" hai="53,58,63,113,115" m="12359,56503,26219" machi="63" ten="30,2000,0" yaku="25,1,54,1" doraHai="0" who="3" fromWho="3" sc="518,-6,228,-6,135,-11,119,23" /><INIT seed="7,0,0,0,1,65" ten="512,222,124,142" oya="3" hai0="10,74,90,60,2,69,123,25,132,100,89,127,1" hai1="80,66,115,77,98,111,133,5,42,108,35,56,12" hai2="135,4,84,67,102,15,70,52,53,83,94,104,22" hai3="7,116,58,112,88,36,82,109,119,50,131,103,11"/><W75/><G36/><T63/><D25/><U27/><E133/><V81/><F104/><W34/><G34/><T79/><D89/><U37/><E115/><V44/><F135/><W92/><G112/><T64/><D10/><U3/><E3/><V31/><F70/><W26/><G103/><T78/><D60/><U6/><E37/><V95/><F67/><W20/><G109/><T99/><D90/><U125/><E125/><V118/><F118/><W121/><G121/><T33/><D132/><U117/><E42/><V85/><F31/><W54/><G82/><N who="2" m="31241" /><F44/><W107/><G107/><T87/><D33/><U93/><E98/><N who="2" m="59735" /><F95/><W59/><G75/><T8/><D99/><U0/><E27/><V57/><F53/><W105/><G105/><T101/><D87/><U106/><E12/><V14/><F14/><N who="3" m="5503" /><G116/><T29/><D100/><U9/><E56/><V46/><F46/><N who="3" m="27991" /><G119/><T91/><D2/><U45/><E9/><N who="2" m="4519" /><F22/><W40/><G40/><T62/><D1/><U49/><E77/><V73/><F73/><W68/><G68/><T41/><D123/><U113/><E49/><AGARI ba="0,0" hai="49,52,57,84,85" m="4519,59735,31241" machi="49" ten="30,2000,0" yaku="8,1,54,1" doraHai="65" who="2" fromWho="1" sc="512,0,222,-20,124,20,142,0" owari="512,62.0,202,0.0,144,-26.0,142,-36.0" /></mjloggm>