<mjloggm ver="2.3"><GO type="169" lobby="0"/><UN n0="%E3%82%AB%E3%83%96%E3%83%88" n1="%E5%B0%B1%E6%B4%BB%E7%94%9F%40%E5%B7%9D%E6%9D%91%E8%BB%8D%E5%9B%A3" n2="%54%4B%54%4D" n3="%E3%82%A8%E3%83%83%E3%83%95%E3%82%A7%E3%83%AB%E5%A1%94" dan="16,16,16,16" rate="2068.49,2053.70,2076.63,2114.99" sx="M,M,M,M"/><TAIKYOKU oya="0"/><INIT seed="0,0,0,0,5,133" ten="250,250,250,250" oya="0" hai0="121,87,50,28,68,120,55,79,116,95,131,85,36" hai1="74,129,9,106,71,115,38,47,7,51,99,89,69" hai2="128,42,67,73,37,98,63,3,130,104,135,117,70" hai3="114,54,8,53,62,23,27,82,102,44,49,66,22"/><T24/><D116/><U97/><E74/><V58/><F73/><W45/><G114/><T76/><D36/><U12/><E38/><V26/><F117/><W32/><G32/><T93/><D68/><U100/><E115/><V33/><F3/><W31/><G102/><T57/><D131/><N who="2" m="50218" /><F58/><W112/><G112/><T65/><D65/><U118/><E118/><V29/><F135/><W123/><G123/><T1/><D1/><U124/><E129/><V39/><F42/><W20/><G8/><T84/><D121/><U64/><E64/><V110/><F110/><W83/><G23/><N who="0" m="15391" /><D120/><U96/><E124/><V134/><F134/><W94/><G94/><AGARI ba="0,0" hai="50,55,57,76,79,84,85,87,93,94,95" m="15391" machi="94" ten="30,1500,0" yaku="8,1" doraHai="133" who="0" fromWho="3" sc="250,15,250,0,250,0,250,-15" /><INIT seed="0,1,0,3,3,99" ten="265,250,250,235" oya="0" hai0="85,108,76,49,40,46,57,0,29,119,118,72,112" hai1="45,128,78,129,69,103,125,7,127,115,100,101,135" hai2="126,107,3,19,54,97,132,23,83,22,11,56,77" hai3="6,96,120,87,25,86,36,14,90,37,111,81,60"/><T94/><D112/><U4/><E69/><V43/><F126/><N who="1" m="48137" /><E115/><V15/><F43/><W26/><G111/><T124/><D124/><U38/><E78/><V31/><F132/><W5/><G120/><T82/><D0/><U102/><E135/><V10/><F3/><W92/><G37/><T65/><D108/><U67/><E67/><V105/><F107/><W21/><G36/><T8/><D29/><U123/><E123/><V71/><F71/><W53/><G86/><T27/><D27/><U98/><E38/><V35/><F35/><W47/><G14/><T131/><D131/><N who="1" m="50251" /><E45/><V28/><F28/><W42/><G26/><T74/><D65/><U134/><E134/><V62/><F31/><N who="3" m="17839" /><G42/><T16/><D57/><U2/><E2/><V30/><F30/><W116/><G116/><T66/><D66/><U18/><E18/><V24/><F24/><W12/><G12/><T48/><D48/><U114/><E114/><V17/><F19/><W9/><G47/><T50/><D50/><U33/><E33/><V73/><F23/><W130/><G130/><T59/><D59/><U13/><E13/><V41/><F41/><W68/><G68/><T52/><D40/><U39/><E39/><V58/><F58/><N who="3" m="34895" /><G9/><T113/><D113/><U122/><E122/><V109/><F109/><W64/><G64/><T75/><D8/><U63/><E63/><V44/><F44/><W70/><G70/><T89/><REACH who="0" step="1"/><D16/><REACH who="0" ten="255,250,250,235" step="2"/><U51/><E51/><V106/><F10/><W80/><G6/><T61/><D61/><U84/><E4/><V20/><F11/><W34/><G5/><RYUUKYOKU ba="1,1" sc="255,30,250,-10,250,-10,235,-10" hai0="46,49,52,72,74,75,76,82,85,89,94,118,119" /><INIT seed="0,2,1,0,4,93" ten="285,240,240,225" oya="0" hai0="18,48,46,75,125,49,135,50,13,120,85,17,14" hai1="55,90,32,73,1,126,72,100,66,58,115,3,104" hai2="96,4,97,35,133,57,103,94,83,70,110,107,117" hai3="41,64,24,91,30,65,98,113,80,40,87,5,130"/><T116/><D75/><U119/><E32/><V63/><F70/><W6/><G113/><T134/><D116/><U84/><E119/><V43/><F117/><W60/><G130/><T12/><D120/><U69/><E126/><V79/><F35/><W118/><G118/><T105/><D125/><U92/><E115/><V56/><F43/><W99/><G41/><T108/><D108/><U61/><E73/><V31/><F31/><W39/><G40/><T95/><D105/><U27/><E72/><V81/><F110/><W129/><G39/><T47/><D85/><U19/><E19/><N who="0" m="7177" /><D95/><U26/><E1/><V22/><F22/><N who="3" m="15639" /><G129/><T106/><D106/><U111/><E3/><V102/><F4/><N who="3" m="1643" /><G60/><T23/><D23/><U86/><E111/><V52/><F79/><W109/><G109/><T2/><D2/><U71/><E71/><V8/><F8/><W44/><G44/><AGARI ba="2,1" hai="12,13,14,44,46,47,48,49,50,134,135" m="7177" machi="44" ten="40,3900,0" yaku="28,2" doraHai="93" who="0" fromWho="3" sc="285,55,240,0,240,0,225,-45" /><INIT seed="0,3,0,3,2,74" ten="340,240,240,180" oya="0" hai0="95,100,111,9,56,60,59,93,80,108,102,31,39" hai1="82,97,104,4,113,57,112,66,23,69,135,29,22" hai2="91,19,14,34,120,86,103,51,116,58,46,30,128" hai3="33,24,44,115,32,35,123,76,88,2,65,47,77"/><T127/><D39/><U117/><E117/><V48/><F120/><W124/><G115/><T64/><D127/><U54/><E135/><V134/><F116/><W87/><G2/><T21/><D9/><U61/><E4/><V110/><F134/><W79/><G124/><T98/><D59/><U13/><E29/><V73/><F73/><W50/><G123/><T133/><D133/><U92/><E104/><V40/><F103/><W129/><G129/><T109/><D80/><U71/><E82/><V63/><F128/><W78/><N who="3" m="19456" /><DORA hai="8" /><W43/><G65/><T7/><D7/><U119/><E119/><V26/><F40/><W45/><REACH who="3" step="1"/><G24/><REACH who="3" ten="340,240,240,170" step="2"/><N who="0" m="16783" /><D102/><U81/><E112/><V126/><F126/><W94/><AGARI ba="3,1" hai="32,33,35,43,44,45,47,50,87,88,94" m="19456" machi="94" ten="50,16000,3" yaku="1,1,0,1,52,4,54,1,53,1" doraHai="74,8" doraHaiUra="25,36" who="3" fromWho="3" sc="340,-83,240,-43,240,-43,170,179" /><INIT seed="1,0,0,1,2,6" ten="257,197,197,349" oya="1" hai0="60,61,133,64,62,80,76,69,106,114,16,130,50" hai1="104,108,66,31,103,13,44,25,86,71,8,35,115" hai2="127,24,110,52,11,132,105,78,9,111,48,75,134" hai3="19,56,99,135,65,58,21,47,22,73,93,91,1"/><U34/><E115/><V89/><F105/><W4/><G73/><T70/><D114/><U97/><E108/><N who="2" m="41515" /><F127/><W40/><G135/><N who="2" m="51753" /><F24/><W43/><G1/><T79/><D133/><U36/><E86/><V55/><F89/><W15/><G4/><T74/><D106/><U119/><E119/><V123/><F123/><W112/><G112/><T88/><D130/><U2/><E35/><V23/><F23/><W7/><G7/><T10/><D79/><U131/><E131/><V17/><F17/><N who="3" m="10431" /><G65/><T98/><D50/><U18/><E2/><V95/><F95/><W72/><G72/><T5/><D16/><U27/><E27/><V126/><F126/><W67/><G67/><T29/><D29/><U30/><E30/><V100/><F100/><W101/><G101/><T121/><D121/><U54/><E36/><V113/><F113/><W102/><G102/><T12/><REACH who="0" step="1"/><D64/><REACH who="0" ten="247,197,197,349" step="2"/><U82/><E66/><V77/><F55/><W42/><G47/><T32/><D32/><U0/><E0/><V41/><F41/><W38/><G38/><T125/><D125/><U83/><REACH who="1" step="1"/><E71/><REACH who="1" ten="247,187,197,349" step="2"/><V122/><F122/><W87/><G87/><T14/><D14/><AGARI ba="0,2" hai="14,19,22,40,42,43,56,58,91,93,99" m="10431" machi="14" ten="30,1000,0" yaku="8,1" doraHai="6" who="3" fromWho="0" sc="247,-10,187,0,197,0,349,30" /><INIT seed="2,0,0,0,0,44" ten="237,187,197,379" oya="2" hai0="8,118,129,16,83,62,26,90,15,78,121,53,95" hai1="132,102,122,105,23,12,71,32,0,9,73,50,25" hai2="113,66,45,58,97,54,24,11,93,17,135,125,72" hai3="119,55,98,14,89,116,76,107,101,35,38,88,70"/><V48/><F113/><W109/><G35/><T114/><D114/><U31/><E71/><V59/><F72/><W124/><G38/><T10/><D121/><U115/><E73/><V64/><F125/><W120/><G70/><T86/><D129/><U99/><E115/><V43/><F135/><W41/><G41/><T2/><D118/><U65/><E132/><V69/><F69/><W106/><G14/><T27/><D2/><U77/><E65/><V85/><F85/><W46/><G55/><T74/><D8/><U49/><E77/><V61/><F59/><W56/><G56/><T51/><REACH who="0" step="1"/><D62/><REACH who="0" ten="227,187,197,379" step="2"/><U87/><E122/><V18/><F18/><W34/><G120/><T84/><D84/><U126/><E126/><V1/><F1/><W104/><G124/><T42/><D42/><U13/><E87/><V81/><F81/><W103/><G119/><T111/><D111/><U82/><E82/><V33/><F33/><W92/><G34/><T20/><D20/><U47/><E32/><V110/><F110/><W40/><G109/><T4/><D4/><U7/><REACH who="1" step="1"/><E50/><REACH who="1" ten="227,177,197,379" step="2"/><V36/><F36/><W22/><G116/><T96/><D96/><U130/><E130/><V5/><F48/><W37/><G98/><T117/><D117/><U52/><AGARI ba="0,2" hai="0,7,9,12,13,23,25,31,47,49,52,99,102,105" machi="52" ten="20,8000,1" yaku="1,1,0,1,7,1,52,1,54,1,53,0" doraHai="44" doraHaiUra="75" who="1" fromWho="1" sc="227,-20,177,100,197,-40,379,-20" /><INIT seed="3,0,0,4,5,88" ten="207,277,157,359" oya="3" hai0="9,73,53,75,114,122,1,12,92,115,67,85,95" hai1="108,89,123,52,93,64,80,16,83,106,84,101,99" hai2="68,126,45,66,124,26,117,3,6,49,28,5,58" hai3="50,71,13,15,125,70,24,34,23,36,94,112,128"/><W7/><G36/><T14/><D122/><U38/><E38/><V105/><F117/><W60/><G34/><T39/><D39/><U111/><E123/><V76/><F105/><W74/><G74/><T72/><D67/><U46/><E64/><V119/><F68/><W22/><G125/><N who="2" m="48233" /><F76/><W55/><G128/><T27/><D1/><U82/><E16/><V62/><F3/><W121/><G24/><T30/><D53/><U61/><E61/><V35/><F119/><W48/><G55/><AGARI ba="0,0" hai="5,6,26,28,35,45,49,55,58,62,66" m="48233" machi="55" ten="30,1000,0" yaku="18,1" doraHai="88" who="2" fromWho="3" sc="207,0,277,0,157,10,359,-10" /><INIT seed="4,0,0,5,0,13" ten="207,277,167,349" oya="0" hai0="55,6,103,82,36,54,4,12,92,21,127,47,121" hai1="118,46,7,130,72,48,71,31,97,102,52,94,17" hai2="14,132,40,49,68,11,16,104,76,87,75,78,134" hai3="119,28,41,37,117,29,85,135,80,124,66,88,18"/><T50/><D121/><U57/><E118/><V34/><F75/><W56/><G124/><T123/><D123/><U120/><E71/><V25/><F68/><W33/><G135/><N who="2" m="51753" /><F104/><W101/><G101/><T100/><D36/><U32/><E72/><V84/><F34/><W114/><G114/><T116/><D116/><U3/><E120/><V115/><F115/><W111/><G111/><T0/><D0/><U91/><E130/><V89/><F25/><W83/><G83/><T73/><D127/><U128/><E128/><V129/><F129/><W69/><G69/><T125/><D125/><U109/><E109/><V107/><F107/><W79/><G79/><N who="2" m="30249" /><F89/><W53/><G33/><T2/><D2/><U44/><E31/><V63/><F63/><W131/><G29/><T59/><D73/><U45/><E32/><V1/><F1/><W8/><G28/><T20/><D82/><U42/><E102/><N who="0" m="38953" /><D92/><U23/><E7/><N who="0" m="2601" /><D12/><N who="1" m="9639" /><E3/><V108/><F108/><W43/><G131/><T74/><D74/><U24/><E24/><V64/><F64/><W9/><G119/><T58/><D58/><U19/><E42/><V70/><F70/><W65/><G117/><T105/><D105/><U126/><E126/><V133/><N who="2" m="51761" /><V39/><DORA hai="106" /><F39/><W81/><G37/><T77/><D77/><U15/><E57/><V86/><F40/><W113/><G113/><T93/><D93/><U26/><E26/><V35/><F35/><W110/><G110/><T90/><D90/><U98/><E98/><V67/><F67/><W22/><G88/><T62/><AGARI ba="0,0" hai="20,21,47,50,54,55,59,62" m="2601,38953" machi="62" ten="30,1500,0" yaku="8,1" doraHai="13,106" who="0" fromWho="0" sc="207,15,277,-5,167,-5,349,-5" /><INIT seed="4,1,0,1,3,39" ten="222,272,162,344" oya="0" hai0="66,61,84,80,24,17,112,114,3,98,40,107,75" hai1="18,54,110,111,52,121,81,72,135,21,49,83,43" hai2="91,7,116,109,70,60,20,101,68,38,12,69,53" hai3="130,123,104,94,86,92,50,27,29,62,93,76,13"/><T90/><D3/><U89/><E121/><V2/><F38/><W99/><G123/><T87/><D75/><U126/><E126/><V96/><F109/><W22/><G130/><T65/><D107/><U108/><E135/><V45/><F116/><W10/><G104/><T4/><D4/><U9/><E9/><V125/><F2/><W115/><G115/><N who="0" m="44075" /><D98/><U132/><E132/><V118/><F91/><W134/><G134/><T8/><D87/><U33/><E33/><V77/><F77/><W28/><G28/><T78/><D78/><U97/><E72/><V1/><F1/><W37/><G86/><T19/><D40/><U105/><E105/><V46/><F118/><W74/><G74/><T47/><D47/><U31/><E31/><V41/><F96/><W127/><G76/><T119/><D119/><U32/><E32/><V42/><F101/><W129/><G99/><T64/><D8/><U0/><E0/><V95/><F46/><W55/><G10/><T58/><D24/><U131/><E131/><V23/><F45/><W36/><G129/><T16/><AGARI ba="1,0" hai="16,17,19,58,61,64,65,66,80,84,90" m="44075" machi="16" ten="30,3000,0" yaku="15,1,54,1" doraHai="39" who="0" fromWho="0" sc="222,33,272,-11,162,-11,344,-11" /><INIT seed="4,2,0,0,0,83" ten="255,261,151,333" oya="0" hai0="69,118,127,113,89,115,35,117,92,56,63,30,74" hai1="90,21,43,66,91,57,15,65,41,129,64,4,24" hai2="52,104,95,107,121,110,39,34,97,98,122,47,94" hai3="128,84,59,120,79,55,106,80,33,125,109,77,114"/><T53/><D74/><U38/><E129/><V88/><F34/><W37/><G55/><T32/><D69/><U73/><E73/><V124/><F110/><W5/><G59/><T27/><D35/><U22/><E57/><V60/><F124/><W101/><G5/><T62/><D62/><U11/><E38/><V71/><F121/><W81/><G37/><T58/><D58/><U132/><E132/><V2/><F2/><W87/><G33/><T23/><D32/><U10/><E10/><V135/><F122/><W31/><G31/><T9/><D9/><U28/><E22/><V75/><F75/><W67/><G67/><T116/><REACH who="0" step="1"/><D127/><REACH who="0" ten="245,261,151,333" step="2"/><U111/><E111/><V29/><F71/><W1/><G125/><T99/><AGARI ba="2,1" hai="23,27,30,53,56,63,89,92,99,113,115,116,117,118" machi="99" ten="40,7800,0" yaku="1,1,2,1,0,1,53,0" doraHai="83" doraHaiUra="134" who="0" fromWho="0" sc="245,94,261,-28,151,-28,333,-28" /><INIT seed="4,3,0,0,0,98" ten="339,233,123,305" oya="0" hai0="47,89,39,10,76,26,52,44,57,101,16,133,4" hai1="96,40,86,45,35,27,60,69,122,13,88,80,3" hai2="105,55,14,53,110,41,22,70,67,123,56,0,118" hai3="34,117,121,87,11,2,93,24,91,83,100,99,62"/><T29/><D133/><U72/><E3/><V127/><F0/><W9/><G117/><T18/><D76/><U120/><E72/><V31/><F123/><W5/><G121/><T113/><D113/><U85/><E85/><V19/><F110/><W46/><G46/><T7/><D89/><U109/><E109/><V54/><F118/><W25/><G34/><T116/><D116/><U37/><E13/><V111/><F111/><W15/><REACH who="3" step="1"/><G62/><REACH who="3" ten="339,233,123,295" step="2"/><T12/><D47/><U17/><E122/><V135/><F135/><W66/><G66/><T1/><D44/><U63/><E120/><V81/><F67/><W32/><G32/><T33/><D39/><U30/><E69/><V48/><F70/><W107/><G107/><T94/><D33/><U49/><E37/><V71/><F71/><W84/><G84/><T42/><D42/><U6/><E63/><V28/><F105/><W68/><G68/><T74/><D74/><U119/><E60/><V79/><F41/><W131/><G131/><T77/><D57/><U126/><E119/><V97/><F56/><W106/><G106/><T23/><D52/><U128/><E45/><V43/><F43/><W92/><G92/><T65/><D65/><U102/><E40/><V125/><F48/><W82/><G82/><T58/><D58/><U61/><E80/><V21/><F55/><W8/><G8/><T115/><D10/><U134/><E49/><V95/><F54/><W130/><G130/><T114/><D94/><U124/><E128/><V112/><F53/><W103/><G103/><T20/><D101/><U59/><E102/><RYUUKYOKU ba="3,1" sc="339,-10,233,-10,123,-10,295,30" hai3="2,5,9,11,15,24,25,83,87,91,93,99,100" /><INIT seed="5,4,1,0,2,65" ten="329,223,113,325" oya="1" hai0="38,35,107,101,63,43,30,102,74,78,58,9,111" hai1="70,66,12,23,75,56,22,19,123,57,24,84,106" hai2="51,49,94,3,59,77,85,79,122,130,125,110,6" hai3="2,127,26,7,129,52,67,81,113,133,41,31,121"/><U27/><E75/><V18/><F122/><W54/><G121/><T60/><D111/><U21/><E123/><V96/><F110/><W28/><G41/><T48/><D38/><U13/><E106/><V68/><F68/><W126/><G67/><T64/><D74/><U98/><E70/><V120/><F120/><W105/><G105/><T34/><D78/><U114/><E114/><V103/><F125/><W104/><G104/><T62/><D9/><U33/><E33/><V71/><F71/><W17/><G17/><T119/><D119/><U100/><E84/><V89/><F130/><W37/><G37/><T47/><D35/><U0/><E0/><V124/><F124/><W14/><G2/><T50/><D50/><U20/><E66/><V83/><F51/><W73/><G113/><T61/><D107/><U88/><E100/><N who="0" m="38505" /><D34/><U16/><E20/><V131/><F131/><W5/><G129/><T134/><D134/><U76/><E76/><V109/><F109/><W45/><G133/><T25/><D25/><N who="1" m="9803" /><E23/><V97/><F97/><W32/><G26/><T8/><D8/><U53/><E53/><N who="2" m="32175" /><F3/><W39/><G32/><T29/><AGARI ba="4,1" hai="29,30,43,47,48,58,60,61,62,63,64" m="38505" machi="29" ten="30,1100,0" yaku="8,1" doraHai="65" who="0" fromWho="0" sc="329,33,223,-9,113,-7,325,-7" /><INIT seed="6,0,0,4,5,87" ten="362,214,106,318" oya="2" hai0="86,24,100,79,49,74,15,103,36,2,123,85,17" hai1="37,114,0,96,11,44,41,4,78,57,68,83,30" hai2="48,21,20,126,109,110,18,65,97,105,104,60,128" hai3="54,64,101,7,63,99,130,46,80,9,33,12,133"/><V61/><F126/><W69/><G130/><T71/><D36/><U125/><E125/><V39/><F39/><W108/><G133/><T124/><D123/><U34/><E114/><V43/><F128/><W28/><G108/><N who="2" m="41577" /><F97/><W90/><G28/><T132/><D2/><U62/><E96/><V84/><F84/><W94/><G33/><T10/><D124/><U82/><E68/><N who="2" m="42023" /><F61/><W119/><G119/><T19/><D71/><U32/><E30/><V135/><F135/><W117/><G117/><T5/><D132/><U23/><E23/><V59/><F21/><W16/><G46/><T31/><D74/><N who="1" m="43351" /><E83/><V51/><F59/><W127/><G127/><T35/><D86/><U38/><E38/><V1/><F1/><W26/><G26/><T102/><D79/><U88/><E88/><V76/><F76/><W29/><G80/><T52/><REACH who="0" step="1"/><D85/><REACH who="0" ten="352,214,106,318" step="2"/><U8/><E0/><V81/><F81/><W89/><G29/><T134/><D134/><U111/><E37/><V47/><F51/><W92/><G69/><T91/><D91/><U53/><E62/><V95/><F95/><W66/><G94/><T56/><AGARI ba="0,1" hai="5,10,15,17,19,24,31,35,49,52,56,100,102,103" machi="56" ten="30,4000,0" yaku="1,1,0,1,54,1,53,0" doraHai="87" doraHaiUra="115" who="0" fromWho="0" sc="352,50,214,-10,106,-20,318,-10" /><INIT seed="7,0,0,5,4,102" ten="402,204,86,308" oya="3" hai0="28,37,23,69,59,65,49,100,107,112,15,48,128" hai1="30,80,111,73,31,25,57,67,95,101,82,120,2" hai2="79,4,51,134,7,54,40,71,91,64,74,103,117" hai3="89,14,26,84,50,106,90,121,123,56,119,33,87"/><W78/><G119/><T22/><D37/><U43/><E2/><V125/><F91/><W104/><G14/><T29/><D69/><U105/><E111/><V9/><F79/><W77/><G56/><T47/><D128/><U110/><E110/><V72/><F54/><W10/><G50/><T16/><D112/><U19/><E105/><V60/><F51/><W135/><G10/><T41/><D107/><U1/><E1/><V94/><F7/><W122/><G122/><T62/><D100/><U127/><E127/><V52/><F52/><W58/><G58/><T46/><D23/><U39/><E39/><V34/><F94/><W131/><G26/><T24/><D24/><U45/><E73/><V126/><F117/><W32/><G135/><T130/><D130/><AGARI ba="0,0" hai="32,33,77,78,84,87,89,90,104,106,121,123,130,131" machi="130" ten="25,9600,0" yaku="22,2,52,2" doraHai="102" who="3" fromWho="0" sc="402,-96,204,0,86,0,308,96" owari="306,11.0,204,-20.0,86,-41.0,404,50.0" /></mjloggm>