<mjloggm ver="2.3"><GO type="97" lobby="0"/><UN n0="%31%30%32%39%33%38%61%7A" n1="%EF%BC%A1%EF%BC%AB%EF%BC%B2%33%2E%37" n2="%E3%80%8A%E6%84%9B%E7%94%9F%E3%80%8B" n3="%E5%B0%B1%E6%B4%BB%E7%94%9F%40%E5%B7%9D%E6%9D%91%E8%BB%8D%E5%9B%A3" dan="14,14,14,15" rate="1881.46,1904.73,1961.46,2006.35" sx="M,M,M,M"/><TAIKYOKU oya="0"/><INIT seed="0,0,0,0,3,108" ten="250,250,250,250" oya="0" hai0="52,13,109,57,102,29,66,30,121,19,86,39,10" hai1="33,36,71,104,4,5,122,14,120,132,126,75,54" hai2="107,26,46,123,128,97,90,23,65,15,98,113,60" hai3="11,17,63,21,37,0,1,31,95,45,76,27,73"/><T43/><D121/><U116/><RYUUKYOKU type="yao9" ba="0,0" sc="250,0,250,0,250,0,250,0" hai1="4,5,14,33,36,54,71,75,104,116,120,122,126,132" /><INIT seed="0,1,0,2,5,90" ten="250,250,250,250" oya="0" hai0="60,56,88,131,68,34,48,47,79,40,81,132,46" hai1="95,62,14,22,36,63,97,83,23,84,39,73,67" hai2="119,105,86,54,89,82,53,74,32,59,120,106,124" hai3="71,91,55,31,57,118,66,13,109,125,1,77,9"/><T78/><D34/><U116/><E73/><V128/><F120/><W51/><G118/><T99/><D131/><U72/><E72/><V35/><F128/><W18/><G125/><T96/><D132/><U49/><E49/><V92/><F124/><W19/><G109/><T134/><D134/><U80/><E116/><V104/><F54/><W24/><G1/><T108/><D108/><U45/><E83/><V28/><F28/><W85/><G77/><T0/><D0/><U115/><E63/><V123/><F123/><W117/><G117/><T94/><D68/><U27/><E14/><V41/><F41/><W37/><G37/><T52/><D47/><U121/><E115/><V7/><F7/><W102/><G102/><T113/><D113/><U98/><E98/><V2/><F2/><W122/><G122/><T76/><REACH who="0" step="1"/><D99/><REACH who="0" ten="240,250,250,250" step="2"/><U127/><E45/><V100/><F119/><W110/><G110/><T107/><D107/><U50/><E127/><V12/><F35/><W11/><G71/><T38/><D38/><U6/><E39/><V64/><F32/><W135/><G135/><T8/><D8/><U101/><E36/><V15/><F105/><W17/><G9/><T58/><D58/><U25/><E121/><V103/><F106/><W29/><G11/><T133/><D133/><U111/><E111/><V69/><F104/><W65/><G13/><T33/><D33/><U21/><E27/><V30/><F12/><W5/><G24/><T16/><D16/><U126/><E126/><V130/><F15/><W93/><G5/><T112/><D112/><U61/><E6/><RYUUKYOKU ba="1,1" sc="240,15,250,-15,250,-15,250,15" hai0="40,46,48,52,56,60,76,78,79,81,88,94,96" hai3="17,18,19,29,31,51,55,57,65,66,85,91,93" /><INIT seed="0,2,1,4,2,77" ten="255,235,235,265" oya="0" hai0="35,90,108,28,114,120,33,75,129,7,85,84,30" hai1="6,13,22,67,95,46,127,122,133,65,100,69,4" hai2="83,70,20,80,62,71,99,79,41,17,49,73,86" hai3="48,128,19,9,58,5,109,72,103,131,63,92,105"/><T130/><D120/><U27/><E122/><V43/><F99/><N who="3" m="59879" /><G105/><T39/><D39/><U93/><E69/><V87/><F73/><W124/><G72/><T54/><D75/><U76/><E76/><N who="2" m="46343" /><F71/><W132/><G132/><T96/><D7/><N who="1" m="2603" /><E13/><N who="2" m="9263" /><F70/><W134/><G134/><T82/><D114/><U11/><E11/><V21/><F62/><W14/><G124/><T38/><D38/><U53/><E127/><V34/><F34/><N who="0" m="12810" /><D96/><N who="1" m="59407" /><E95/><V107/><F107/><W113/><G113/><T60/><D108/><U15/><E15/><V8/><F8/><W56/><G109/><T68/><D85/><U110/><E110/><V37/><F37/><W102/><G102/><T23/><D23/><U74/><E74/><V119/><F119/><W1/><G48/><T91/><D91/><U118/><E118/><V26/><F49/><W78/><G78/><T42/><D42/><U3/><E3/><V24/><F24/><W36/><G36/><T50/><D68/><U64/><E133/><V125/><F125/><W40/><G40/><T44/><D60/><U18/><E46/><V89/><F79/><W97/><G97/><T66/><D66/><U31/><E67/><V61/><F61/><W59/><G63/><T115/><D115/><U16/><E65/><V135/><F135/><W12/><G1/><T2/><D2/><U106/><E106/><V25/><F25/><W126/><G126/><T32/><N who="0" m="12818" /><T57/><DORA hai="94" /><D44/><U116/><E64/><V10/><F10/><W123/><G123/><T51/><D51/><U55/><E116/><V104/><F104/><W29/><G29/><AGARI ba="2,1" hai="28,29,30,50,54,57,82,84,90,129,130" m="12818" machi="29" ten="40,3900,0" yaku="6,1,52,1" doraHai="77,94" who="0" fromWho="3" sc="255,55,235,0,235,0,265,-45" /><AGARI ba="2,0" hai="21,26,29,41,43,83,87,89" m="9263,46343" machi="29" ten="30,7700,0" yaku="6,1,8,1,52,2" doraHai="77,94" who="2" fromWho="3" sc="310,0,235,0,235,77,220,-77" /><INIT seed="0,3,0,1,5,79" ten="310,235,312,143" oya="0" hai0="26,99,24,68,58,9,37,65,96,112,134,56,118" hai1="67,78,107,7,20,41,44,124,94,49,14,82,85" hai2="123,90,87,54,133,16,102,104,80,115,23,83,76" hai3="120,34,69,86,5,28,33,60,72,43,63,122,46"/><T114/><D118/><U101/><E67/><V64/><F115/><W89/><G72/><T0/><D37/><U100/><E124/><V21/><F133/><W27/><G5/><T42/><D134/><U12/><E107/><V108/><F108/><W8/><G8/><T103/><D42/><U135/><E94/><V17/><F104/><W119/><G119/><T15/><D0/><U130/><E130/><V81/><F102/><W125/><G33/><T59/><D99/><U38/><E38/><V131/><F131/><W35/><G35/><T61/><D112/><U113/><E135/><V117/><F123/><N who="3" m="47147" /><G69/><T25/><D114/><U40/><E40/><V4/><F4/><W97/><G97/><T111/><D111/><U1/><E1/><V126/><F126/><W53/><G53/><T19/><REACH who="0" step="1"/><D68/><REACH who="0" ten="300,235,312,143" step="2"/><U91/><E113/><V39/><F39/><N who="3" m="21887" /><G125/><T105/><AGARI ba="3,1" hai="9,15,19,24,25,26,56,58,59,61,65,96,103,105" machi="105" ten="30,3000,0" yaku="1,1,0,1,53,0" doraHai="79" doraHaiUra="106" who="0" fromWho="0" sc="300,49,235,-13,312,-13,143,-13" /><INIT seed="0,4,0,3,3,29" ten="349,222,299,130" oya="0" hai0="108,67,25,135,64,121,59,38,53,91,66,11,50" hai1="13,98,37,89,60,97,116,62,3,77,68,90,46" hai2="1,103,9,72,95,23,80,84,43,82,128,10,0" hai3="6,55,57,52,63,58,86,51,16,35,123,54,56"/><T88/><D121/><U7/><E116/><V92/><F128/><W12/><G123/><T111/><D38/><U18/><E77/><V27/><F1/><W26/><G6/><T125/><D125/><U100/><E7/><V28/><F0/><W129/><G129/><T94/><D135/><U2/><E37/><V47/><F72/><W8/><G86/><T19/><D11/><U134/><E46/><V117/><F82/><W31/><REACH who="3" step="1"/><G51/><REACH who="3" ten="349,222,299,120" step="2"/><T76/><D76/><U85/><E134/><V132/><F132/><W39/><G39/><T109/><D94/><U44/><E2/><V122/><F95/><W4/><G4/><T22/><AGARI ba="4,1" hai="19,22,25,50,53,59,64,66,67,88,91,108,109,111" machi="22" ten="40,12000,1" yaku="0,1,14,1,10,1,54,1" doraHai="29" who="0" fromWho="0" sc="349,142,222,-44,299,-44,120,-44" /><INIT seed="0,5,0,3,5,19" ten="491,178,255,76" oya="0" hai0="53,64,27,111,107,36,26,72,82,125,76,108,79" hai1="75,48,20,47,126,115,66,67,35,14,93,69,44" hai2="132,34,134,121,52,13,30,95,86,21,92,9,113" hai3="85,124,63,16,84,133,5,29,61,22,109,91,99"/><T90/><D36/><U130/><E35/><V112/><F34/><W73/><G73/><T106/><D64/><U31/><E75/><V131/><F121/><W110/><G5/><T23/><D125/><U78/><E78/><V117/><F117/><W120/><G120/><T58/><D27/><U128/><E126/><V87/><F131/><N who="1" m="50217" /><E93/><N who="2" m="35915" /><F30/><W24/><G99/><T68/><D90/><U40/><E115/><N who="2" m="44107" /><F52/><W98/><G98/><T39/><D79/><U116/><E116/><V94/><N who="2" m="35923" /><V104/><DORA hai="83" /><F104/><W4/><G4/><T32/><D32/><U97/><E97/><V56/><F56/><W123/><G123/><T41/><D68/><U28/><E69/><V42/><F42/><W25/><G91/><T0/><D0/><U15/><E31/><V33/><F33/><W129/><G124/><T74/><D74/><U12/><E47/><V11/><F21/><N who="3" m="15503" /><G133/><N who="2" m="51305" /><F13/><W119/><G119/><T135/><D135/><U55/><E40/><V122/><F122/><W6/><G6/><T65/><D41/><U70/><E70/><V1/><F1/><W50/><G129/><T88/><D107/><U54/><E54/><V114/><F114/><W51/><G110/><T37/><D111/><U45/><E45/><V80/><F80/><W8/><G109/><T59/><D106/><U118/><E118/><V57/><F57/><W71/><G71/><T49/><D59/><U62/><E62/><N who="3" m="23562" /><G8/><AGARI ba="5,0" hai="8,9,11,86,87" m="51305,44107,35923" machi="8" ten="40,8000,1" yaku="28,2,20,1,52,2" doraHai="19,83" who="2" fromWho="3" sc="491,0,178,0,255,95,76,-95" owari="491,59.0,178,-22.0,350,15.0,-19,-52.0" /></mjloggm>