<mjloggm ver="2.3"><GO type="41" lobby="0"/><UN n0="%E5%9B%BD%E5%A3%AB%E4%BC%9A" n1="%E8%A8%88%E5%85%AD%E6%BC%AB%E6%A2%B0" n2="%42%6C%61%63%6B%4D%5A" n3="%E5%B0%B1%E6%B4%BB%E7%94%9F%40%E5%B7%9D%E6%9D%91%E8%BB%8D%E5%9B%A3" dan="14,14,14,14" rate="1896.11,1858.80,2013.09,1968.39" sx="M,M,F,M"/><TAIKYOKU oya="0"/><INIT seed="0,0,0,5,5,18" ten="250,250,250,250" oya="0" hai0="104,50,70,96,17,113,72,53,85,8,62,108,26" hai1="111,44,6,58,117,19,63,83,82,91,14,89,102" hai2="47,30,73,121,45,97,106,34,31,80,15,39,65" hai3="118,67,60,119,64,98,46,27,42,33,2,16,94"/><T115/><D72/><U41/><E117/><V22/><F121/><W32/><G2/><T99/><D85/><U134/><E111/><V5/><F34/><W12/><G33/><T78/><D78/><U114/><E134/><V51/><F39/><W3/><G3/><T101/><D99/><U75/><E114/><V7/><F106/><W61/><G32/><T36/><D36/><U57/><E6/><V123/><F123/><W25/><G118/><T77/><D77/><U55/><E102/><V132/><F132/><W4/><G4/><T69/><D108/><U124/><E124/><V79/><F97/><W1/><G1/><T76/><D76/><U109/><E58/><V13/><F65/><W87/><G87/><T35/><D70/><U100/><E100/><V84/><F73/><W21/><G64/><N who="0" m="41111" /><D17/><U20/><E109/><V37/><F37/><W43/><G119/><T129/><D8/><U110/><E110/><V133/><F133/><W0/><G0/><T120/><D129/><U112/><E112/><V40/><F47/><W52/><G67/><T49/><D49/><N who="1" m="26767" /><E75/><V93/><F93/><W125/><G125/><T126/><D126/><U116/><E116/><V122/><F122/><W95/><G95/><T68/><D68/><U135/><E135/><V71/><F71/><W86/><G61/><T130/><D130/><U92/><E92/><V90/><F79/><W131/><G131/><T103/><D103/><U128/><E128/><V59/><F5/><W23/><G94/><T24/><D120/><U127/><E127/><V88/><F7/><W56/><G60/><RYUUKYOKU ba="0,0" sc="250,-10,250,30,250,-10,250,-10" hai1="14,19,20,55,57,63,82,83,89,91" /><INIT seed="1,1,0,1,3,92" ten="240,280,240,240" oya="1" hai0="131,56,99,27,37,1,52,49,104,114,106,17,33" hai1="58,77,30,10,15,112,108,43,123,135,8,61,32" hai2="72,45,69,68,39,66,48,31,42,11,5,57,98" hai3="4,101,133,79,65,127,129,128,83,12,119,53,130"/><U54/><E123/><V124/><F124/><W19/><G4/><T100/><D114/><U84/><E112/><V109/><F31/><W93/><G65/><T24/><D131/><U14/><E135/><V18/><F18/><W50/><G119/><T26/><D37/><U81/><E32/><V0/><F109/><W115/><G115/><T87/><D1/><U71/><E30/><V55/><F72/><W103/><G127/><T102/><D87/><U97/><E43/><V122/><F122/><W76/><G93/><T134/><D134/><U23/><E71/><V91/><F91/><W28/><G28/><T59/><D33/><U21/><E108/><V3/><F3/><W78/><G83/><T64/><D17/><U88/><E21/><V2/><F0/><W9/><REACH who="3" step="1"/><G133/><REACH who="3" ten="240,280,240,230" step="2"/><T126/><D126/><U74/><E74/><V110/><F110/><W120/><G120/><T13/><D64/><U44/><E44/><AGARI ba="1,1" hai="9,12,19,44,50,53,76,78,79,101,103,128,129,130" machi="44" ten="50,3200,0" yaku="1,1,19,1,53,0" doraHai="92" doraHaiUra="67" who="3" fromWho="1" sc="240,0,280,-35,240,0,230,45" /><INIT seed="2,0,0,0,2,122" ten="240,245,240,275" oya="2" hai0="130,113,46,30,61,117,17,76,116,86,73,70,16" hai1="109,72,81,23,9,8,119,62,88,123,77,120,80" hai2="82,74,133,49,22,14,28,64,37,56,3,21,84" hai3="87,57,135,69,45,18,97,114,125,47,126,4,83"/><V107/><F3/><W20/><G69/><T27/><D113/><U100/><E62/><V12/><F37/><W50/><G4/><T118/><D73/><U121/><E23/><V1/><F1/><W15/><G114/><T31/><D46/><U95/><E9/><V51/><F74/><W105/><G135/><T91/><D76/><U53/><E8/><V36/><F36/><W134/><G134/><T54/><D130/><U19/><E19/><N who="0" m="7241" /><D27/><U65/><E53/><V131/><F107/><W103/><G57/><N who="0" m="34999" /><D70/><U63/><E119/><N who="0" m="30465" /><T25/><DORA hai="94" /><D25/><U67/><E63/><V71/><F131/><W43/><REACH who="3" step="1"/><G45/><REACH who="3" ten="240,245,240,265" step="2"/><T79/><D79/><AGARI ba="0,1" hai="15,18,20,43,47,50,79,83,87,97,103,105,125,126" machi="79" ten="40,8000,1" yaku="1,1,2,1,52,1,53,2" doraHai="122,94" doraHaiUra="132,55" who="3" fromWho="0" sc="240,-80,245,0,240,0,265,90" /><INIT seed="3,0,0,3,3,25" ten="160,245,240,355" oya="3" hai0="45,61,46,81,83,44,105,6,99,24,134,1,30" hai1="16,89,88,72,117,32,27,54,23,13,34,68,103" hai2="100,84,29,66,130,124,17,51,86,107,75,37,95" hai3="71,58,98,102,94,133,41,2,128,3,50,7,11"/><W53/><G71/><T129/><D134/><U22/><E72/><V63/><F37/><W43/><G133/><T97/><D129/><U70/><E117/><V39/><F39/><W96/><G128/><T115/><D115/><U78/><E103/><V79/><F130/><W56/><G3/><T80/><D1/><U67/><E78/><V35/><F124/><W135/><G135/><T82/><N who="0" m="20992" /><DORA hai="108" /><T76/><D76/><U36/><E36/><V127/><F75/><W64/><G64/><T121/><D121/><U42/><E42/><V28/><F107/><W10/><G58/><T77/><D77/><U101/><E101/><V20/><F35/><W60/><G60/><T49/><D105/><U113/><E54/><V33/><F33/><W65/><G65/><T40/><D6/><U73/><E73/><V120/><F120/><W110/><G110/><T57/><D46/><U119/><E119/><V126/><F51/><W112/><G11/><T125/><D45/><U14/><E67/><V55/><F66/><W85/><G85/><T59/><D125/><N who="2" m="47626" /><F86/><W118/><G118/><T8/><D8/><U122/><E122/><V9/><F9/><W109/><G109/><T116/><D116/><U5/><E27/><N who="2" m="14735" /><F84/><W69/><G98/><N who="0" m="37387" /><D61/><U12/><E5/><V31/><F79/><W18/><G43/><T19/><D19/><U90/><E16/><V132/><F132/><W131/><G41/><T21/><AGARI ba="0,0" hai="21,24,30,40,44,49,57,59" m="37387,20992" machi="21" ten="40,2700,0" yaku="8,1,52,1" doraHai="25,108" who="0" fromWho="0" sc="160,27,245,-7,240,-7,355,-13" /><INIT seed="4,0,0,2,5,100" ten="187,238,233,342" oya="0" hai0="44,104,93,105,32,91,94,36,58,28,6,65,114" hai1="82,111,101,46,48,86,1,29,27,89,56,126,12" hai2="74,99,113,83,22,115,130,15,106,7,62,9,17" hai3="26,129,24,87,90,121,78,135,55,70,0,4,42"/><T10/><D114/><N who="2" m="43530" /><F130/><W128/><G70/><T63/><D93/><U14/><E111/><V110/><F110/><W60/><G135/><T84/><D32/><U19/><E1/><V49/><F62/><W97/><G121/><T41/><REACH who="0" step="1"/><D28/><REACH who="0" ten="177,238,233,342" step="2"/><U23/><E29/><V47/><F83/><N who="3" m="47607" /><G129/><T21/><D21/><U71/><E126/><V35/><F35/><W53/><G128/><T37/><D37/><U16/><E101/><N who="2" m="62783" /><F22/><W18/><G24/><T81/><D81/><U51/><E27/><V92/><F92/><W109/><G26/><T2/><AGARI ba="0,1" hai="2,6,10,36,41,44,58,63,65,84,91,94,104,105" machi="2" ten="20,12000,1" yaku="1,1,0,1,7,1,52,2,53,0" doraHai="100" doraHaiUra="79" who="0" fromWho="0" sc="177,130,238,-40,233,-40,342,-40" /><INIT seed="4,1,0,2,1,61" ten="307,198,193,302" oya="0" hai0="64,133,41,45,135,51,35,9,93,116,15,89,118" hai1="47,34,69,112,43,22,97,100,13,50,40,108,99" hai2="49,113,7,24,38,63,87,59,125,90,8,120,131" hai3="27,39,44,80,23,117,46,94,3,109,92,12,26"/><T25/><D64/><U98/><E108/><V58/><F38/><W62/><G3/><T14/><D14/><U132/><E34/><V91/><F120/><W104/><G104/><T56/><D56/><U96/><E132/><N who="0" m="50761" /><D25/><N who="3" m="9225" /><G39/><T5/><D35/><U72/><E72/><V103/><F103/><W52/><G109/><T11/><D11/><U37/><E69/><V21/><F113/><W53/><G117/><T102/><D102/><U67/><E37/><V17/><F131/><W55/><G62/><T123/><D123/><U82/><E40/><V36/><F36/><W20/><G80/><T1/><D1/><U111/><E82/><V65/><F58/><W107/><G107/><T66/><D66/><U110/><E67/><V130/><F130/><W129/><G129/><T101/><D101/><U68/><E68/><V85/><F49/><W71/><G71/><T42/><D42/><U29/><E112/><V2/><F59/><W84/><G12/><T73/><D73/><U128/><E128/><V0/><F65/><W19/><G19/><T88/><D89/><U30/><E13/><V4/><F63/><W70/><G70/><T105/><D105/><U134/><E134/><V83/><F2/><W127/><G127/><T57/><D57/><U33/><E33/><V79/><F125/><W95/><G84/><AGARI ba="1,0" hai="5,9,15,41,45,51,84,88,93,116,118" m="50761" machi="84" ten="30,2900,0" yaku="20,1,54,1" doraHai="61" who="0" fromWho="3" sc="307,32,198,0,193,0,302,-32" /><INIT seed="4,2,0,3,2,0" ten="339,198,193,270" oya="0" hai0="59,83,90,97,63,12,27,87,17,135,108,91,25" hai1="52,5,77,40,120,76,49,43,70,117,94,64,112" hai2="28,78,133,80,114,131,121,104,125,109,68,44,130" hai3="69,16,39,129,92,8,2,98,88,24,67,134,6"/><T71/><D135/><U13/><E117/><V50/><F68/><W100/><G129/><N who="2" m="49161" /><F104/><W119/><G134/><T37/><D71/><U128/><E120/><V84/><F133/><W74/><G119/><T29/><D37/><U19/><E128/><V89/><F121/><W103/><G74/><T66/><D108/><U7/><E70/><V22/><F109/><W99/><G39/><T73/><D73/><U56/><E64/><V21/><F114/><W122/><G122/><T51/><D51/><U116/><E112/><V127/><F78/><N who="1" m="30313" /><E116/><V3/><F3/><W23/><REACH who="3" step="1"/><G99/><REACH who="3" ten="339,198,193,260" step="2"/><T101/><D101/><U55/><E94/><V79/><F125/><W57/><G57/><T126/><D126/><U111/><E111/><V113/><F127/><W46/><G46/><T48/><D48/><U62/><E43/><V105/><F50/><W95/><G95/><N who="0" m="56567" /><D29/><U42/><E40/><V106/><F28/><W1/><G1/><T123/><D123/><U82/><E42/><V107/><F44/><W38/><G38/><T115/><D115/><U124/><E124/><V75/><F113/><W34/><G34/><T85/><D85/><U61/><E82/><AGARI ba="2,1" hai="21,22,75,79,80,82,84,89,105,106,107" m="49161" machi="82" ten="40,1300,0" yaku="19,1" doraHai="0" who="2" fromWho="1" sc="339,0,198,-19,193,29,260,0" /><INIT seed="5,0,0,1,1,82" ten="339,179,222,260" oya="1" hai0="121,43,79,51,114,116,59,65,49,70,50,103,105" hai1="69,120,57,28,95,117,122,66,64,111,54,31,128" hai2="20,75,115,30,73,56,130,35,19,45,36,87,80" hai3="63,89,60,38,74,8,97,83,131,48,2,4,16"/><U93/><E117/><V91/><F130/><W78/><G38/><T44/><D116/><U102/><E128/><V101/><F101/><W0/><G0/><T85/><D114/><U90/><E102/><V84/><F115/><W21/><G131/><T12/><D103/><U76/><E76/><V99/><F99/><W13/><G97/><T118/><D105/><U18/><E69/><V27/><F56/><W9/><G89/><T104/><D104/><U94/><E90/><V53/><F36/><W86/><G74/><T62/><D118/><U52/><E18/><V39/><F39/><W15/><G48/><T88/><D79/><U71/><E71/><V46/><F45/><W14/><G2/><T61/><D121/><U25/><E57/><V42/><F42/><W129/><G129/><T68/><D12/><U55/><E25/><V92/><F53/><W67/><G67/><N who="1" m="25642" /><E111/><V5/><F46/><W108/><G108/><T58/><D70/><U112/><E112/><V132/><F132/><W77/><G77/><T1/><D1/><U10/><E10/><V106/><F106/><W47/><G47/><T113/><D113/><U37/><E37/><V41/><F41/><W17/><AGARI ba="0,0" hai="4,8,9,13,14,15,16,17,21,60,63,78,83,86" machi="17" ten="20,8000,1" yaku="0,1,7,1,8,1,52,1,54,1" doraHai="82" who="3" fromWho="3" sc="339,-20,179,-40,222,-20,260,80" /><INIT seed="6,0,0,2,2,78" ten="319,139,202,340" oya="2" hai0="114,58,24,38,42,20,77,27,82,80,39,85,123" hai1="104,43,9,19,40,12,79,59,50,41,111,89,93" hai2="66,32,47,75,17,6,45,91,106,98,52,54,119" hai3="94,48,11,65,72,81,110,105,92,15,53,109,86"/><V70/><F119/><W99/><G72/><T115/><D123/><U129/><E111/><V128/><F32/><W101/><G65/><T60/><D42/><U112/><E104/><V31/><F31/><W18/><G110/><T90/><D20/><U10/><E112/><N who="0" m="43049" /><D38/><U55/><E129/><V120/><F120/><W30/><G30/><T34/><D34/><U121/><E79/><V133/><F6/><W107/><G107/><T88/><D39/><U22/><REACH who="1" step="1"/><E121/><REACH who="1" ten="319,129,202,340" step="2"/><V68/><F128/><W103/><G109/><T71/><D71/><U51/><E51/><V5/><F68/><W63/><G63/><T8/><D8/><U1/><E1/><V2/><F70/><W0/><G0/><T102/><D102/><U96/><AGARI ba="0,1" hai="9,10,12,19,22,40,41,43,50,55,59,89,93,96" machi="96" ten="30,4000,0" yaku="1,1,0,1,8,1,53,0" doraHai="78" doraHaiUra="113" who="1" fromWho="1" sc="319,-10,129,50,202,-20,340,-10" /><INIT seed="7,0,0,1,3,16" ten="309,179,182,330" oya="3" hai0="78,79,61,100,55,111,57,29,7,107,117,32,49" hai1="34,102,51,133,97,123,103,110,12,63,89,84,91" hai2="119,69,85,28,114,129,54,2,92,94,0,23,47" hai3="36,65,25,98,48,109,96,44,33,66,15,77,87"/><W90/><G36/><T8/><D111/><U50/><E123/><V14/><F119/><W124/><G109/><T1/><D117/><U53/><E110/><V126/><F69/><W58/><G124/><T71/><D49/><U46/><E133/><V38/><F126/><W101/><G77/><T6/><D6/><U22/><E34/><V113/><F129/><W18/><G25/><T42/><D42/><U59/><E63/><V131/><F131/><W60/><G33/><T62/><D62/><U108/><E108/><V43/><F54/><N who="3" m="29959" /><G65/><T80/><D71/><U70/><E70/><V37/><F38/><W86/><G101/><T5/><D5/><U10/><E97/><N who="3" m="37482" /><G90/><T19/><D100/><U122/><E122/><V128/><F128/><W135/><G135/><T81/><D107/><U41/><E103/><V67/><F67/><W30/><G30/><T74/><D32/><U20/><E102/><V75/><F28/><W3/><G3/><T106/><D106/><U93/><REACH who="1" step="1"/><E91/><REACH who="1" ten="309,169,182,330" step="2"/><V52/><F113/><W121/><G121/><T104/><D104/><U73/><E73/><V27/><F75/><W35/><G35/><T39/><D39/><U4/><AGARI ba="0,1" hai="4,10,12,20,22,41,46,50,51,53,59,84,89,93" machi="4" ten="20,12000,2" yaku="1,1,0,1,7,1,8,1,52,2,53,0" doraHai="16" doraHaiUra="76" who="1" fromWho="1" sc="309,-30,169,130,182,-30,330,-60" /><INIT seed="8,0,0,0,5,61" ten="279,299,152,270" oya="0" hai0="14,11,13,55,63,78,103,114,40,37,42,26,8" hai1="21,29,27,53,49,108,65,132,126,50,73,97,54" hai2="69,102,60,91,121,87,43,58,15,24,127,119,32" hai3="131,3,116,76,133,83,95,17,7,71,31,6,57"/><T79/><D114/><U98/><E108/><V88/><F121/><W135/><G71/><T80/><D37/><U2/><E73/><V66/><F119/><W96/><G31/><T94/><D26/><U120/><E2/><V90/><F127/><W89/><G3/><T122/><D122/><U109/><E109/><V23/><F43/><N who="0" m="16426" /><D80/><U16/><E65/><V81/><F102/><W52/><G17/><T74/><D74/><U35/><E120/><V117/><F117/><W4/><G116/><T41/><N who="0" m="16434" /><T20/><DORA hai="86" /><D20/><N who="1" m="15591" /><E126/><V92/><F32/><W124/><G124/><T38/><D38/><U75/><E132/><N who="3" m="50762" /><G131/><T85/><D103/><U115/><E75/><V22/><F69/><W46/><G46/><T110/><D110/><U105/><E115/><V25/><F15/><N who="0" m="5642" /><D78/><U18/><E105/><V72/><F72/><N who="3" m="43399" /><G6/><T59/><D79/><U19/><E35/><V68/><F68/><W134/><G134/><T47/><D47/><N who="1" m="27839" /><E21/><N who="2" m="7691" /><F81/><W5/><G5/><T99/><D85/><U51/><E51/><AGARI ba="0,0" hai="4,7,51,52,57,89,95,96" m="43399,50762" machi="51" ten="30,3900,0" yaku="20,1,52,1,54,1" doraHai="61,86" who="3" fromWho="1" sc="279,0,299,-39,152,0,270,39" owari="279,8.0,260,-14.0,152,-35.0,309,41.0" /></mjloggm>