<mjloggm ver="2.3"><GO type="169" lobby="0"/><UN n0="%E6%B0%B7%E6%B2%B3%E9%A2%A8" n1="%3A%44%75%63%61%3A" n2="%E3%82%A6%E3%83%AB%E3%83%88%E3%83%A9%E7%AB%8B%E7%9B%B4" n3="%7A%65%6C%64%69%6E%61" dan="17,16,17,17" rate="2133.72,2151.77,2202.52,2147.67" sx="M,M,M,M"/><TAIKYOKU oya="0"/><INIT seed="0,0,0,1,2,133" ten="250,250,250,250" oya="0" hai0="59,46,102,111,70,16,19,96,132,106,74,118,6" hai1="85,71,54,21,116,121,32,45,73,92,103,55,35" hai2="80,77,109,56,110,113,82,94,114,63,130,53,69" hai3="128,119,58,115,9,125,39,75,0,60,61,26,135"/><T51/><D118/><U20/><E73/><V13/><F69/><W1/><G75/><T57/><D70/><U30/><E71/><V38/><F38/><W3/><G119/><T100/><D132/><U123/><E116/><V64/><F64/><W4/><G39/><T88/><D74/><U89/><E103/><V10/><F94/><W78/><G78/><T95/><D6/><U11/><E11/><V93/><F93/><W43/><G43/><T97/><D111/><N who="2" m="42506" /><F130/><W28/><G135/><T117/><D117/><U7/><E7/><N who="2" m="3295" /><F77/><W126/><G128/><T15/><D102/><U66/><E66/><V44/><F44/><W107/><G107/><T86/><D96/><U81/><E92/><V14/><F14/><N who="3" m="5415" /><G58/><T40/><REACH who="0" step="1"/><D19/><REACH who="0" ten="240,250,250,250" step="2"/><U18/><E18/><V101/><F101/><W12/><G115/><AGARI ba="0,1" hai="53,56,63,80,82,113,114,115" m="3295,42506" machi="115" ten="30,1000,0" yaku="14,1" doraHai="133" who="2" fromWho="3" sc="240,0,250,0,250,20,250,-10" /><INIT seed="1,0,0,0,0,129" ten="240,250,270,240" oya="1" hai0="47,105,81,46,29,74,79,107,127,52,22,82,67" hai1="94,1,135,55,4,50,98,64,131,95,44,124,62" hai2="10,83,109,11,20,9,68,85,106,88,116,41,89" hai3="119,43,15,72,70,76,17,27,97,103,30,113,78"/><U115/><E131/><V3/><F116/><W61/><G70/><T92/><D127/><U133/><E124/><V112/><F112/><W125/><G43/><T23/><D67/><U122/><E122/><V32/><F32/><W126/><G119/><T93/><D29/><U56/><E115/><V118/><F118/><W14/><G61/><T33/><D33/><U13/><E1/><V80/><F106/><N who="3" m="63855" /><G113/><T101/><D101/><U71/><E98/><V51/><F68/><W63/><G63/><T108/><D79/><N who="3" m="30249" /><G14/><T21/><D21/><U45/><E45/><N who="2" m="26031" /><F3/><W121/><G121/><T8/><D8/><N who="1" m="4231" /><E71/><V39/><F39/><W120/><G72/><T102/><D102/><U104/><E104/><V66/><F66/><W19/><G19/><T34/><D34/><U130/><E130/><V90/><F9/><W77/><G120/><T134/><D74/><U75/><E75/><V25/><F11/><W99/><G77/><T16/><D16/><U6/><E6/><V73/><F10/><N who="3" m="6391" /><G99/><T53/><D108/><U132/><AGARI ba="0,0" hai="44,50,55,56,62,64,94,95,132,133,135" m="4231" machi="132" ten="30,11700,0" yaku="20,1,52,3" doraHai="129" who="1" fromWho="1" sc="240,-39,250,117,270,-39,240,-39" /><INIT seed="1,1,0,0,4,3" ten="201,367,231,201" oya="1" hai0="49,55,78,70,51,58,28,103,88,124,97,128,79" hai1="104,46,41,2,86,115,113,47,132,66,74,21,7" hai2="11,36,129,30,35,125,50,29,9,27,24,0,90" hai3="106,121,98,133,40,14,10,8,82,59,53,117,6"/><U48/><E74/><V85/><F36/><W99/><G121/><T120/><D70/><U64/><E132/><V23/><F125/><W109/><G109/><T16/><D124/><U119/><E119/><V87/><F129/><W19/><G40/><T91/><D128/><U76/><E104/><V57/><F0/><W62/><G117/><T31/><D120/><U116/><E116/><V102/><F102/><W13/><G133/><T15/><D51/><U105/><E105/><V72/><F72/><W4/><G106/><T134/><D134/><U126/><E126/><V131/><F131/><W84/><G19/><T67/><D67/><U65/><E21/><V108/><F108/><W71/><REACH who="3" step="1"/><G71/><REACH who="3" ten="201,367,231,191" step="2"/><T37/><D37/><U100/><E41/><V89/><F50/><W110/><G110/><T52/><D55/><U38/><E48/><V92/><REACH who="2" step="1"/><F57/><REACH who="2" ten="201,367,221,191" step="2"/><W56/><G56/><T80/><D103/><U61/><E38/><V112/><F112/><W39/><G39/><T63/><D49/><U43/><E113/><V114/><F114/><W12/><G12/><T20/><D79/><AGARI ba="1,2" hai="4,6,8,10,13,14,53,59,62,79,82,84,98,99" machi="79" ten="30,12000,2" yaku="1,1,7,1,9,1,8,1,52,2,53,0" doraHai="3" doraHaiUra="18" who="3" fromWho="0" sc="201,-123,367,0,221,0,191,143" /><INIT seed="2,0,0,5,4,113" ten="78,367,221,334" oya="2" hai0="106,41,58,21,57,72,91,66,35,128,81,55,79" hai1="44,43,89,90,132,10,130,17,108,71,23,119,83" hai2="121,126,24,74,123,84,134,77,69,96,25,135,87" hai3="29,122,114,27,117,31,97,49,62,109,124,100,19"/><V101/><F69/><W94/><G124/><T73/><D35/><U131/><E108/><V88/><F25/><W80/><G117/><T65/><D106/><U102/><E102/><V127/><F24/><W11/><G122/><T3/><D3/><U6/><E119/><V86/><F88/><W56/><G109/><T34/><D34/><U0/><E71/><V107/><F77/><W95/><G80/><T28/><D41/><U59/><E59/><V61/><F74/><W104/><G49/><T105/><D105/><U133/><E83/><V36/><F61/><W22/><G114/><T50/><D128/><N who="1" m="49195" /><E17/><V82/><F36/><W38/><G38/><T98/><D73/><U16/><E89/><V7/><F7/><W92/><REACH who="3" step="1"/><G11/><REACH who="3" ten="78,367,221,324" step="2"/><T20/><D50/><N who="1" m="26911" /><E90/><V13/><F82/><W93/><N who="3" m="23552" /><DORA hai="46" /><W33/><G33/><T116/><D116/><U125/><E125/><N who="2" m="47627" /><F13/><AGARI ba="0,1" hai="0,6,10,13,16,23,132,133" m="26911,49195" machi="13" ten="30,3900,0" yaku="19,1,52,1,54,1" doraHai="113,46" who="1" fromWho="2" sc="78,0,367,49,221,-39,324,0" /><INIT seed="3,0,0,1,5,20" ten="78,416,182,324" oya="3" hai0="104,6,40,30,92,82,10,95,85,121,69,81,71" hai1="94,114,34,99,65,23,67,78,49,55,32,135,18" hai2="56,79,134,119,131,8,47,51,29,33,93,129,26" hai3="130,91,117,98,11,63,74,17,126,2,9,21,108"/><W64/><G117/><T5/><D121/><U15/><E114/><V124/><F119/><W0/><G74/><T58/><D104/><U25/><E78/><V128/><F79/><W107/><G130/><T86/><D30/><U101/><E135/><V41/><F134/><W37/><G37/><T54/><D10/><N who="1" m="6519" /><E32/><V96/><F8/><W27/><G126/><T125/><D54/><U73/><E34/><V4/><F4/><W16/><G108/><T112/><D112/><U84/><E84/><V50/><F56/><N who="3" m="36967" /><G107/><T35/><D35/><U102/><E102/><V100/><REACH who="2" step="1"/><F51/><REACH who="2" ten="78,416,172,324" step="2"/><W42/><G0/><T120/><D58/><N who="1" m="33135" /><E73/><V45/><F45/><W13/><G2/><T22/><D125/><AGARI ba="0,1" hai="26,29,33,41,47,50,93,96,100,124,125,128,129,131" machi="125" ten="50,6400,0" yaku="1,1,19,1,52,1,53,0" doraHai="20" doraHaiUra="62" who="2" fromWho="0" sc="78,-64,416,0,172,74,324,0" /><INIT seed="4,0,0,3,2,89" ten="14,416,246,324" oya="0" hai0="8,104,71,9,130,87,44,38,50,23,49,116,1" hai1="114,30,21,126,69,110,83,107,97,72,132,41,28" hai2="58,77,56,78,124,115,85,134,43,112,27,67,128" hai3="62,36,26,17,35,2,90,39,79,48,59,55,60"/><T101/><D116/><U100/><E110/><V86/><F43/><W12/><G2/><T120/><D71/><U93/><E132/><V117/><F67/><W15/><G79/><T80/><D120/><U33/><E33/><V10/><F10/><W14/><G39/><T45/><D130/><U61/><E41/><V40/><F40/><W63/><G36/><T52/><D38/><U129/><E129/><V37/><F27/><W76/><G76/><T54/><D23/><U84/><E72/><V31/><F31/><W25/><G35/><T34/><D34/><U122/><E122/><V119/><F37/><W7/><G7/><T105/><D101/><U32/><E32/><V133/><F128/><W91/><G17/><T123/><D123/><U47/><E126/><AGARI ba="0,0" hai="56,58,77,78,85,86,112,115,117,119,124,126,133,134" machi="126" ten="25,1600,0" yaku="22,2" doraHai="89" who="2" fromWho="1" sc="14,0,416,-16,246,16,324,0" /><INIT seed="5,0,0,3,2,43" ten="14,400,262,324" oya="1" hai0="78,56,52,81,121,133,90,62,19,94,72,36,33" hai1="28,103,20,95,7,18,112,60,106,102,32,13,22" hai2="125,38,75,34,42,41,31,98,111,65,80,124,85" hai3="29,0,116,132,108,44,73,47,51,92,100,123,12"/><U77/><E106/><V11/><F75/><W76/><G0/><T2/><D133/><U15/><E32/><V14/><F111/><W3/><G3/><T117/><D121/><U83/><E112/><V61/><F98/><N who="3" m="59463" /><G73/><T128/><D117/><U129/><E129/><V55/><F55/><N who="3" m="30183" /><G108/><T10/><D128/><U84/><E60/><V74/><F74/><W127/><G29/><T130/><D130/><U25/><E95/><V23/><F23/><W88/><G76/><T68/><D33/><U4/><E13/><V93/><F93/><W79/><G79/><T24/><D68/><U64/><E64/><V89/><F31/><W45/><G123/><T105/><D105/><U107/><E107/><V26/><F26/><W99/><G132/><T113/><D113/><U91/><E77/><V5/><F34/><W70/><G70/><T50/><D36/><U63/><E63/><V114/><F114/><W6/><G127/><N who="2" m="48713" /><F38/><W104/><G104/><T46/><D2/><U39/><E39/><V40/><F40/><W69/><G69/><AGARI ba="0,0" hai="5,11,14,41,42,61,65,69,80,85,89" m="48713" machi="69" ten="30,1000,0" yaku="18,1" doraHai="43" who="2" fromWho="3" sc="14,0,400,0,262,10,324,-10" /><INIT seed="6,0,0,4,3,119" ten="14,400,272,314" oya="2" hai0="87,114,74,113,55,120,125,101,90,35,95,106,47" hai1="3,100,118,89,14,134,82,111,18,124,9,51,132" hai2="26,52,53,81,50,38,133,32,12,42,127,0,8" hai3="31,123,104,121,85,84,24,94,1,21,115,110,88"/><V39/><F127/><W98/><G1/><T129/><D35/><U86/><E124/><V15/><F133/><N who="1" m="51305" /><E111/><V10/><F42/><W44/><G110/><T5/><D5/><N who="1" m="1215" /><E51/><V61/><F0/><W105/><G115/><T29/><D29/><U102/><E118/><V99/><F61/><W22/><G44/><T117/><D55/><U54/><E54/><V93/><F81/><W65/><G65/><T122/><D47/><U56/><E56/><V40/><F40/><W36/><G36/><T30/><D30/><U67/><E67/><V69/><F69/><W45/><G45/><T71/><D71/><U11/><AGARI ba="0,0" hai="11,14,18,82,86,89,100,102" m="1215,51305" machi="11" ten="30,1100,0" yaku="20,1" doraHai="119" who="1" fromWho="1" sc="14,-3,400,11,272,-5,314,-3" /><INIT seed="7,0,0,5,2,43" ten="11,411,267,311" oya="3" hai0="106,33,133,117,96,25,132,78,27,17,24,10,134" hai1="114,101,56,129,7,39,112,111,36,59,1,32,23" hai2="68,71,103,135,54,66,70,38,95,90,130,5,119" hai3="44,104,123,85,42,80,47,34,57,122,4,113,8"/><W22/><G34/><T28/><D96/><U41/><E32/><V62/><F119/><W2/><G104/><T0/><D78/><U131/><E111/><V46/><F130/><N who="1" m="49673" /><E101/><V81/><F135/><W109/><G113/><T126/><D106/><U128/><E128/><V60/><F81/><W49/><G109/><T89/><D89/><U37/><E41/><N who="2" m="22839" /><F5/><W115/><G115/><N who="1" m="44074" /><E23/><V75/><F90/><W45/><G22/><T64/><D64/><U77/><E77/><V21/><F21/><W93/><G93/><T58/><D58/><U100/><E100/><V72/><F95/><W48/><G57/><T99/><D99/><U120/><E120/><V65/><F103/><W3/><G3/><T105/><D105/><U51/><E51/><V83/><F83/><W92/><G92/><T26/><D117/><U86/><E86/><V110/><F75/><W91/><REACH who="3" step="1"/><G42/><REACH who="3" ten="11,411,267,301" step="2"/><T13/><D126/><U12/><E1/><V31/><F110/><W76/><G76/><T53/><D53/><U18/><E56/><N who="2" m="34839" /><F31/><W74/><G74/><T127/><D127/><U87/><E59/><N who="2" m="37087" /><F72/><W52/><G52/><T16/><D0/><U88/><E87/><V98/><F98/><W121/><AGARI ba="0,1" hai="2,4,8,44,45,47,48,49,80,85,91,121,122,123" machi="121" ten="40,12000,1" yaku="1,1,0,1,52,3,53,0" doraHai="43" doraHaiUra="29" who="3" fromWho="3" sc="11,-40,411,-40,267,-40,301,130" owari="-29,-53.0,371,17.0,227,-17.0,431,53.0" /></mjloggm>