<mjloggm ver="2.3"><GO type="169" lobby="0"/><UN n0="%6D%6F%74%69%37%32%2E%2E" n1="%E8%B5%A4%E6%9C%A8%E3%81%97%E3%81%92%E3%82%8C" n2="%E3%82%A6%E3%83%AB%E3%83%88%E3%83%A9%E7%AB%8B%E7%9B%B4" n3="%72%69%73%6B%79" dan="16,16,16,17" rate="2052.56,2089.84,2103.34,2159.44" sx="M,M,M,M"/><TAIKYOKU oya="0"/><INIT seed="0,0,0,1,2,23" ten="250,250,250,250" oya="0" hai0="58,70,114,48,79,59,55,41,65,12,16,5,44" hai1="110,129,15,21,121,74,99,78,116,8,96,7,43" hai2="77,119,39,128,100,9,86,83,27,14,51,108,28" hai3="109,61,132,75,18,93,13,68,4,34,66,17,122"/><T24/><D114/><U69/><E116/><V46/><F108/><W42/><G109/><T92/><D70/><U131/><E121/><V107/><F128/><W52/><G75/><T10/><D79/><U127/><E69/><V115/><F115/><W82/><G42/><T26/><D65/><U120/><E120/><V71/><F71/><W53/><G34/><T113/><D113/><U6/><E110/><V30/><F39/><W54/><G122/><T11/><D92/><U88/><E127/><V97/><F119/><W112/><G112/><T1/><D58/><U80/><E43/><V20/><F30/><W49/><G82/><T111/><D111/><U3/><E6/><V103/><F97/><W29/><G29/><T134/><D134/><U104/><E104/><V60/><F60/><AGARI ba="0,0" hai="1,5,10,11,12,16,24,26,41,44,48,55,59,60" machi="60" ten="30,11600,0" yaku="7,1,52,2,54,1" doraHai="23" who="0" fromWho="2" sc="250,116,250,0,250,-116,250,0" /><INIT seed="0,1,0,5,1,48" ten="366,250,134,250" oya="0" hai0="44,24,9,134,15,135,103,20,28,78,27,95,70" hai1="93,73,47,96,125,4,98,123,17,76,91,33,132" hai2="122,56,57,114,79,30,49,119,118,53,3,111,65" hai3="84,46,85,45,89,52,11,110,42,13,99,62,37"/><T0/><D70/><U14/><E123/><V120/><F3/><W130/><G130/><T131/><D78/><U121/><E121/><N who="2" m="46699" /><F30/><W105/><G110/><T75/><D75/><U6/><E33/><V7/><F7/><W117/><G117/><N who="2" m="44553" /><F79/><W90/><G105/><T26/><D0/><U34/><E34/><V74/><F74/><W43/><G99/><N who="0" m="59903" /><D44/><U92/><E125/><V86/><F86/><W18/><G84/><T126/><D126/><U59/><E132/><N who="0" m="50729" /><D131/><U107/><E107/><V133/><F133/><W35/><G35/><T68/><D68/><U23/><E47/><V113/><F111/><W116/><G116/><T101/><D101/><U38/><E38/><V82/><F82/><W60/><G89/><T66/><D66/><U25/><E76/><V8/><F8/><W32/><G32/><T81/><D81/><U67/><E73/><V72/><F72/><W115/><G43/><T41/><D41/><U129/><E129/><V128/><F128/><W61/><G45/><T29/><D29/><U22/><E67/><V64/><F64/><W2/><G2/><T109/><D109/><U12/><E59/><N who="2" m="22603" /><F65/><W87/><G42/><T108/><D108/><U19/><REACH who="1" step="1"/><E25/><REACH who="1" ten="366,240,134,250" step="2"/><V124/><F124/><W54/><G46/><AGARI ba="1,1" hai="46,49,53,113,114" m="22603,44553,46699" machi="46" ten="30,7700,0" yaku="12,1,34,2,52,1" doraHai="48" who="2" fromWho="3" sc="366,0,240,0,134,90,250,-80" /><INIT seed="1,0,0,4,2,119" ten="366,240,224,170" oya="1" hai0="132,131,90,10,45,56,18,24,92,31,107,105,87" hai1="48,102,44,11,38,59,76,19,2,28,53,64,103" hai2="99,85,70,113,84,75,42,77,15,120,40,52,127" hai3="134,23,57,80,50,121,115,83,26,72,97,101,0"/><U55/><E76/><V9/><F75/><W98/><G0/><T74/><D74/><U65/><E28/><V33/><F33/><W3/><G3/><T108/><D108/><U29/><E29/><V89/><F70/><W49/><G115/><T82/><D131/><U60/><E38/><V21/><F127/><W47/><G72/><T130/><D130/><U81/><E81/><N who="2" m="47151" /><F120/><W124/><G124/><T36/><D56/><U39/><E39/><V78/><F21/><W125/><G125/><T91/><D132/><U34/><E34/><V111/><F111/><W114/><G134/><T13/><D45/><U16/><E2/><V123/><F123/><W122/><G114/><T129/><D36/><U25/><E25/><V73/><F73/><W46/><G57/><T94/><D129/><U71/><E65/><V41/><F99/><W30/><G30/><T117/><D117/><U106/><E106/><V27/><F27/><W62/><G26/><T22/><REACH who="0" step="1"/><D82/><REACH who="0" ten="356,240,224,170" step="2"/><U79/><E71/><V51/><F113/><W20/><REACH who="3" step="1"/><G101/><REACH who="3" ten="356,240,224,160" step="2"/><T126/><D126/><U96/><E102/><V116/><F116/><W95/><G95/><T43/><D43/><U12/><E103/><V100/><F41/><W35/><G35/><T32/><D32/><U88/><E59/><N who="2" m="33183" /><F42/><W8/><G8/><T6/><D6/><U61/><E11/><V66/><F40/><W133/><G133/><T58/><D58/><U69/><E69/><V1/><F100/><W110/><G110/><T86/><AGARI ba="0,2" hai="10,13,18,22,24,31,86,87,90,91,92,94,105,107" machi="86" ten="20,8000,1" yaku="1,1,0,1,7,1,9,1,53,1" doraHai="119" doraHaiUra="4" who="0" fromWho="0" sc="356,100,240,-40,224,-20,160,-20" /><INIT seed="2,0,0,5,0,37" ten="456,200,204,140" oya="2" hai0="60,134,16,46,13,47,23,5,96,1,83,48,107" hai1="59,72,101,87,112,132,34,33,122,36,53,49,109" hai2="31,62,71,84,25,77,88,79,35,24,98,27,73" hai3="45,29,28,11,90,30,91,10,7,78,124,58,68"/><V127/><F127/><W54/><G68/><T65/><D134/><U51/><E72/><V52/><F98/><W12/><G124/><T42/><D83/><U32/><E36/><V118/><F118/><W86/><G45/><T99/><D107/><U81/><E112/><V44/><F73/><W43/><G43/><T66/><D66/><U126/><E126/><V14/><F35/><W55/><G55/><T121/><D121/><U26/><E132/><V123/><F123/><W93/><G78/><N who="2" m="29705" /><F71/><W64/><G64/><T92/><D47/><U50/><E122/><V3/><F3/><W119/><G119/><T2/><D5/><U97/><E26/><V80/><F14/><W15/><G90/><T9/><D96/><U129/><E129/><V69/><F69/><W114/><G114/><T4/><D2/><U100/><E97/><V130/><F130/><W21/><G21/><T125/><D125/><U135/><E135/><V117/><F117/><W106/><G106/><T116/><D116/><U104/><E104/><V120/><F120/><W56/><REACH who="3" step="1"/><G54/><REACH who="3" ten="456,200,204,130" step="2"/><T18/><D23/><U133/><E133/><V89/><F89/><W82/><G82/><T115/><D115/><U8/><E53/><V19/><F31/><W75/><G75/><T0/><D65/><U110/><E34/><V111/><F44/><W108/><G108/><T17/><REACH who="0" step="1"/><D60/><REACH who="0" ten="446,200,204,130" step="2"/><U95/><E33/><V38/><F62/><W6/><AGARI ba="0,2" hai="6,7,10,11,12,15,28,29,30,56,58,86,91,93" machi="6" ten="30,7900,0" yaku="1,1,0,1,9,1,8,1,53,0" doraHai="37" doraHaiUra="40" who="3" fromWho="3" sc="446,-20,200,-20,204,-39,130,99" /><INIT seed="3,0,0,2,2,41" ten="426,180,165,229" oya="3" hai0="108,25,46,73,103,132,49,99,98,82,125,30,55" hai1="92,28,11,95,10,61,119,1,53,94,5,76,67" hai2="134,81,51,0,120,106,64,71,31,116,29,33,104" hai3="77,16,118,84,62,126,47,89,34,93,69,121,4"/><W113/><G121/><T127/><D108/><U37/><E119/><V15/><F0/><W102/><G118/><T112/><D132/><U111/><E111/><V107/><F116/><W36/><G34/><T19/><D19/><U44/><E28/><V110/><F110/><W20/><G113/><T97/><D112/><U115/><E115/><V123/><F134/><W22/><G4/><T100/><D82/><U109/><E109/><V68/><F15/><W101/><G77/><T79/><D79/><U78/><E11/><V129/><F129/><W38/><G126/><N who="0" m="48139" /><D73/><U60/><E60/><V23/><F23/><AGARI ba="0,0" hai="23,25,30,46,49,55,97,98,99,100,103" m="48139" machi="23" ten="30,2000,0" yaku="18,1,52,1" doraHai="41" who="0" fromWho="2" sc="426,20,180,0,165,-20,229,0" /><INIT seed="4,0,0,4,0,99" ten="446,180,145,229" oya="0" hai0="16,78,55,56,95,17,64,24,115,112,51,75,35" hai1="102,23,72,60,20,59,120,121,25,49,29,36,110" hai2="105,31,117,33,28,68,70,8,5,82,52,118,81" hai3="65,130,119,43,77,107,47,45,131,4,111,9,21"/><T53/><D64/><U88/><E36/><V46/><F105/><W116/><G107/><T90/><D78/><U128/><E110/><V114/><F114/><N who="0" m="43562" /><D75/><U79/><E128/><N who="3" m="49194" /><G111/><T50/><D35/><U10/><E49/><V66/><F66/><W123/><G123/><T40/><D40/><U124/><E124/><V106/><F106/><W93/><G77/><T44/><D24/><U98/><E72/><V2/><F33/><W61/><G93/><T76/><D76/><U3/><E79/><V11/><F5/><W14/><G21/><T69/><D69/><U57/><E23/><V12/><F12/><W132/><G132/><T122/><D122/><U109/><E109/><V74/><F74/><W84/><G84/><AGARI ba="0,0" hai="16,17,44,50,51,53,55,56,84,90,95" m="43562" machi="84" ten="30,2900,0" yaku="15,1,54,1" doraHai="99" who="0" fromWho="3" sc="446,29,180,0,145,0,229,-29" /><INIT seed="4,1,0,0,5,37" ten="475,180,145,200" oya="0" hai0="12,82,57,8,121,43,86,135,103,15,111,73,81" hai1="88,100,115,16,13,106,49,20,24,35,84,10,108" hai2="74,6,80,63,46,134,56,0,14,104,31,44,94" hai3="112,40,3,28,59,92,66,72,33,19,61,64,27"/><T2/><D2/><U67/><E108/><V76/><F104/><W7/><G112/><T91/><D121/><U107/><E115/><V18/><F134/><W47/><G72/><T77/><D135/><U26/><E67/><V79/><F31/><W65/><G19/><T45/><D111/><U110/><E110/><V48/><F79/><W50/><REACH who="3" step="1"/><G92/><REACH who="3" ten="475,180,145,190" step="2"/><T96/><D73/><U95/><E107/><V21/><F94/><W109/><G109/><T39/><D82/><U98/><E35/><V22/><F6/><W32/><G32/><T130/><D81/><U52/><REACH who="1" step="1"/><E10/><AGARI ba="1,1" hai="3,7,10,27,28,33,40,47,50,59,61,64,65,66" machi="10" ten="40,2600,0" yaku="1,1,52,1,53,0" doraHai="37" doraHaiUra="120" who="3" fromWho="1" sc="475,0,180,-29,145,0,190,39" /><INIT seed="5,0,0,4,1,64" ten="475,151,145,229" oya="1" hai0="34,49,28,44,22,115,66,101,123,110,103,74,75" hai1="29,42,65,23,121,88,31,27,113,119,2,69,94" hai2="86,130,7,70,50,76,120,79,24,133,78,15,117" hai3="12,85,96,92,57,126,62,60,99,3,6,1,104"/><U61/><E113/><V51/><F120/><W81/><G104/><T91/><D110/><U21/><E121/><V45/><F117/><W41/><G41/><T48/><D34/><U73/><E119/><V0/><F0/><W8/><G126/><T82/><D49/><U97/><E2/><V4/><F130/><W13/><G3/><T100/><D115/><U118/><E118/><V129/><F129/><W106/><G106/><T40/><D66/><U105/><E42/><V53/><F133/><W32/><G32/><T11/><D11/><U19/><E73/><V68/><F86/><W14/><G57/><T47/><D47/><U58/><E105/><V35/><F51/><W37/><G37/><T26/><D123/><U80/><E80/><V124/><F124/><W132/><G132/><T112/><D112/><U46/><E46/><V16/><F24/><W98/><G92/><T33/><D33/><U59/><REACH who="1" step="1"/><E31/><REACH who="1" ten="475,141,145,229" step="2"/><V71/><REACH who="2" step="1"/><F35/><REACH who="2" ten="475,141,135,229" step="2"/><W102/><G1/><T77/><D75/><U9/><E9/><AGARI ba="0,2" hai="4,7,9,15,16,45,50,53,68,70,71,76,78,79" machi="9" ten="50,12000,2" yaku="1,1,2,1,52,3,54,1,53,0" doraHai="64" doraHaiUra="93" who="2" fromWho="1" sc="475,0,141,-120,135,140,229,0" /><INIT seed="6,0,0,3,3,6" ten="475,21,275,229" oya="2" hai0="21,71,93,12,132,98,36,104,55,72,41,80,57" hai1="0,83,85,118,108,20,2,34,59,116,102,44,4" hai2="26,90,58,131,124,111,31,62,134,128,109,27,110" hai3="25,1,5,14,10,84,107,81,133,95,69,76,112"/><V38/><F38/><W29/><G107/><T11/><D71/><U24/><E108/><V127/><F90/><W68/><G133/><T43/><D104/><U66/><E34/><V54/><F27/><W63/><G112/><T123/><D123/><U120/><E120/><V35/><REACH who="2" step="1"/><F134/><REACH who="2" ten="475,21,265,229" step="2"/><W30/><G25/><T125/><D36/><U78/><E102/><V50/><F50/><W70/><G63/><T15/><D132/><U42/><E116/><V17/><F17/><W67/><G30/><T23/><D125/><AGARI ba="0,1" hai="26,31,35,54,58,62,109,110,111,124,125,127,128,131" machi="125" ten="50,9600,0" yaku="1,1,10,1,18,1,53,0" doraHai="6" doraHaiUra="18" who="2" fromWho="0" sc="475,-96,21,0,265,106,229,0" /><INIT seed="6,1,0,3,1,63" ten="379,21,371,229" oya="2" hai0="94,87,93,57,110,86,15,92,17,125,127,76,46" hai1="36,35,90,130,75,78,82,56,72,131,115,53,91" hai2="118,54,59,104,40,101,12,19,105,68,50,11,23" hai3="28,49,48,29,84,47,45,88,111,121,73,114,79"/><V2/><F118/><W96/><G111/><T97/><D110/><U58/><E35/><V128/><F128/><W38/><G38/><T109/><D109/><U18/><E36/><V14/><F2/><W120/><G114/><T99/><D46/><U43/><E115/><V124/><F124/><N who="0" m="47690" /><D57/><U0/><E0/><V24/><F68/><W32/><G96/><N who="0" m="36939" /><D76/><U123/><E43/><V16/><F101/><W122/><G79/><T89/><D89/><U134/><E78/><V41/><REACH who="2" step="1"/><F24/><REACH who="2" ten="379,21,361,229" step="2"/><W30/><G121/><T22/><AGARI ba="1,1" hai="15,17,22,86,87,92,93,94" m="36939,47690" machi="22" ten="40,1500,0" yaku="18,1" doraHai="63" who="0" fromWho="0" sc="379,28,21,-5,361,-8,229,-5" /><INIT seed="7,0,0,3,3,71" ten="407,16,353,224" oya="3" hai0="28,6,42,40,97,111,48,134,19,52,129,53,47" hai1="72,33,39,43,82,130,80,32,98,41,86,112,23" hai2="70,114,120,38,46,100,107,108,2,94,95,128,44" hai3="27,8,124,113,50,116,101,81,110,83,3,89,5"/><W122/><G122/><T30/><D111/><U24/><E112/><V15/><F2/><W36/><G116/><T54/><D129/><U16/><E130/><V67/><F107/><W115/><G110/><T0/><D0/><U68/><E68/><V90/><F67/><W11/><G124/><T125/><D6/><U61/><E72/><V132/><F70/><W75/><G101/><T104/><D134/><U102/><E61/><V12/><F120/><W73/><G27/><T13/><D125/><U31/><E43/><N who="0" m="16425" /><D97/><U37/><E41/><V29/><F128/><W17/><G3/><T51/><D104/><U69/><E69/><V65/><F65/><W22/><G5/><T123/><D123/><U84/><E98/><V18/><F100/><W85/><G50/><N who="0" m="18987" /><D47/><U109/><E109/><V14/><F29/><W96/><G96/><T93/><D93/><U21/><E102/><V126/><F126/><W10/><G36/><T88/><D88/><U64/><E64/><V135/><F15/><N who="3" m="9535" /><G81/><T121/><D121/><U105/><E105/><V103/><F103/><W91/><G89/><T55/><D55/><U79/><E31/><V119/><F90/><W99/><G99/><T9/><AGARI ba="0,0" hai="9,13,19,28,30,52,53,54" m="18987,16425" machi="9" ten="30,2000,0" yaku="8,1,54,1" doraHai="71" who="0" fromWho="0" sc="407,20,16,-5,353,-5,224,-10" owari="427,53.0,11,-49.0,348,15.0,214,-19.0" /></mjloggm>