<mjloggm ver="2.3"><GO type="97" lobby="0"/><UN n0="%6B%6F%2D%73%68%69%72%6F" n1="%E5%9B%9E%E7%B7%9A%E5%88%87%E4%B8%B8" n2="%E5%B0%B1%E6%B4%BB%E7%94%9F%40%E5%B7%9D%E6%9D%91%E8%BB%8D%E5%9B%A3" n3="%E8%A1%A3%E3%81%95%E3%82%93%EF%BC%A0%E5%A4%A9%E6%B1%9F" dan="15,14,15,13" rate="1933.83,1978.89,1986.51,1808.74" sx="M,M,M,F"/><TAIKYOKU oya="0"/><INIT seed="0,0,0,3,3,1" ten="250,250,250,250" oya="0" hai0="44,7,81,130,103,107,0,75,14,5,18,115,108" hai1="129,133,47,123,37,112,15,4,66,96,24,54,94" hai2="52,56,102,60,41,46,53,113,70,88,11,17,49" hai3="116,100,79,125,64,3,22,61,43,59,104,12,2"/><T84/><D115/><U34/><E123/><V86/><F113/><W101/><G116/><T25/><D130/><U32/><E112/><V23/><F70/><W127/><G79/><T8/><D108/><U82/><E129/><V120/><F120/><W132/><G43/><T128/><D128/><U19/><E133/><V124/><F124/><N who="3" m="47691" /><G104/><T90/><D75/><U135/><E135/><V33/><F33/><W121/><G132/><T114/><D114/><U31/><E66/><N who="2" m="39175" /><F102/><N who="3" m="39531" /><G121/><T28/><D0/><U55/><E34/><V118/><F11/><W93/><G93/><T117/><D117/><U89/><E82/><N who="2" m="49239" /><F118/><W6/><G22/><N who="0" m="15415" /><D103/><U10/><REACH who="1" step="1"/><E19/><REACH who="1" ten="250,240,250,250" step="2"/><V20/><F17/><W39/><G39/><T80/><D107/><U62/><E62/><V13/><F13/><W97/><G97/><T74/><D74/><U73/><E73/><V35/><F35/><W21/><G21/><AGARI ba="0,1" hai="20,21,23,41,46,49,52,53" m="49239,39175" machi="21" ten="30,3900,0" yaku="8,1,54,2" doraHai="1" who="2" fromWho="3" sc="250,0,240,0,250,49,250,-39" /><INIT seed="1,0,0,2,5,39" ten="250,240,299,211" oya="1" hai0="57,130,50,60,6,34,83,114,61,10,5,37,71" hai1="59,58,25,121,111,133,52,75,127,117,49,96,65" hai2="21,63,73,20,112,134,69,85,55,87,24,124,131" hai3="42,106,115,62,31,14,135,92,72,8,66,91,41"/><U123/><E75/><V48/><F73/><W132/><G115/><T28/><D114/><U104/><E25/><V53/><F112/><W13/><G72/><T116/><D116/><U110/><E117/><V67/><F124/><W22/><G106/><T46/><D130/><U128/><E128/><V93/><F131/><W109/><G31/><T23/><D83/><U70/><E70/><V7/><F134/><N who="3" m="51243" /><G22/><T77/><D77/><U103/><E133/><V88/><F7/><N who="3" m="3231" /><G14/><T56/><D34/><U125/><E65/><V80/><F48/><W19/><G19/><T40/><D37/><U32/><E32/><V86/><F21/><W3/><G3/><T9/><D71/><U27/><E59/><N who="0" m="22601" /><D28/><U18/><E18/><V12/><F12/><W79/><G79/><T102/><D23/><U100/><E100/><V4/><F4/><N who="0" m="1642" /><D102/><U43/><E27/><V129/><F129/><W98/><G109/><N who="1" m="41482" /><E43/><V68/><F68/><AGARI ba="0,0" hai="41,42,62,66,68,91,92,98" m="3231,51243" machi="68" ten="30,3900,0" yaku="20,1,52,2" doraHai="39" who="3" fromWho="2" sc="250,0,240,0,299,-39,211,39" /><INIT seed="2,0,0,5,2,112" ten="250,240,260,250" oya="2" hai0="68,14,85,108,73,29,132,120,80,93,110,57,126" hai1="63,31,62,59,23,7,25,10,26,32,24,30,96" hai2="47,90,97,118,125,17,98,21,5,34,99,103,46" hai3="79,53,133,28,40,65,35,111,3,61,70,36,131"/><V88/><F34/><W76/><G3/><T83/><D68/><U84/><E96/><V134/><F118/><W119/><G119/><T54/><D29/><U87/><E26/><N who="2" m="14639" /><F125/><W50/><G131/><T92/><D14/><U69/><E69/><V128/><F128/><W49/><G133/><T77/><D57/><U20/><E32/><V39/><F39/><W9/><G35/><T27/><D54/><U58/><E10/><V95/><F5/><AGARI ba="0,0" hai="5,7,20,23,24,25,30,31,58,59,62,63,84,87" machi="5" ten="25,3200,0" yaku="22,2,8,1" doraHai="112" who="1" fromWho="2" sc="250,0,240,32,260,-32,250,0" /><INIT seed="3,0,0,3,1,25" ten="250,272,228,250" oya="3" hai0="108,67,80,122,54,5,76,123,69,82,74,49,22" hai1="73,60,52,38,23,97,95,81,16,11,34,12,121" hai2="111,110,72,24,119,71,9,87,10,65,59,36,93" hai3="131,113,15,20,129,86,53,99,101,96,17,27,88"/><W45/><G113/><T41/><D108/><N who="2" m="41514" /><F36/><W130/><G45/><T132/><D132/><U133/><E121/><V120/><F119/><W91/><G53/><T79/><D5/><U2/><E133/><V135/><F72/><W105/><G96/><T14/><D41/><U92/><E38/><V7/><F120/><W118/><G118/><T13/><D67/><U50/><E34/><V109/><N who="2" m="41522" /><V62/><DORA hai="46" /><F135/><W75/><G75/><T18/><D69/><U94/><E60/><N who="2" m="40359" /><F24/><W21/><REACH who="3" step="1"/><G86/><REACH who="3" ten="250,272,228,240" step="2"/><T89/><D123/><U48/><E73/><V115/><F115/><W90/><G90/><T84/><D122/><U44/><E97/><V33/><F33/><W19/><AGARI ba="0,1" hai="15,17,19,20,21,27,88,91,99,101,105,129,130,131" machi="19" ten="40,12000,1" yaku="1,1,0,1,19,1,54,1,53,0" doraHai="25,46" doraHaiUra="106,78" who="3" fromWho="3" sc="250,-40,272,-40,228,-40,240,130" owari="210,-19.0,232,3.0,188,-31.0,370,47.0" /></mjloggm>