<mjloggm ver="2.3"><GO type="41" lobby="0"/><UN n0="%6D%75%72%61%79%6F%73%69" n1="%E5%B0%B1%E6%B4%BB%E7%94%9F%40%E5%B7%9D%E6%9D%91%E8%BB%8D%E5%9B%A3" n2="%50%49%59%4F%48%49%4B%4F" n3="%2D%46%49%58%45%52%2D" dan="13,14,14,13" rate="1820.86,1992.01,1907.77,1917.74" sx="M,M,M,M"/><TAIKYOKU oya="0"/><INIT seed="0,0,0,1,3,37" ten="250,250,250,250" oya="0" hai0="7,48,76,26,66,134,13,5,41,101,109,133,112" hai1="96,33,21,132,15,77,2,10,42,108,56,127,106" hai2="61,104,70,92,1,25,80,119,97,107,72,93,68" hai3="55,18,120,83,124,113,53,59,91,44,58,62,99"/><T49/><D112/><U121/><E33/><V126/><F1/><W67/><G113/><T34/><D101/><U128/><E121/><V38/><F126/><W63/><G124/><T135/><D66/><U24/><E2/><V100/><F119/><W17/><G120/><T85/><D34/><U118/><E128/><V82/><F38/><W11/><G67/><T131/><D131/><U51/><E77/><V45/><F45/><W116/><G116/><T86/><D26/><U0/><E0/><V22/><F72/><W130/><G130/><T73/><D73/><U9/><E132/><V88/><F70/><W31/><G31/><T14/><D76/><U57/><E108/><V81/><F61/><W54/><G11/><T23/><D23/><U65/><E127/><V16/><REACH who="2" step="1"/><F68/><REACH who="2" ten="250,250,240,250" step="2"/><W98/><G44/><T117/><D117/><U87/><E65/><V90/><F90/><W40/><G63/><T43/><D135/><U27/><E57/><V125/><F125/><W29/><G62/><T75/><D75/><U30/><E56/><V69/><F69/><W95/><G59/><T4/><D4/><U114/><E51/><V105/><F105/><W110/><G58/><T111/><AGARI ba="0,1" hai="5,7,13,14,41,43,48,49,85,86,109,111,133,134" machi="111" ten="25,12000,1" yaku="0,1,22,2,52,2" doraHai="37" who="0" fromWho="0" sc="250,130,250,-40,240,-40,250,-40" /><INIT seed="0,1,0,3,3,12" ten="380,210,200,210" oya="0" hai0="75,47,74,133,101,79,39,127,66,88,108,31,0" hai1="36,60,93,119,97,76,89,71,49,19,25,78,102" hai2="38,30,122,69,62,57,83,130,132,86,44,123,29" hai3="8,68,116,129,63,115,27,81,13,51,45,91,6"/><T37/><D0/><U124/><E36/><V104/><F69/><W4/><G116/><T120/><D120/><U22/><E119/><V112/><F104/><W41/><G115/><T17/><D31/><U103/><E124/><V33/><F130/><W87/><G129/><T109/><D101/><U100/><REACH who="1" step="1"/><E49/><REACH who="1" ten="380,200,200,210" step="2"/><V35/><F112/><W10/><G63/><T105/><D127/><U55/><E55/><V95/><F38/><W65/><G65/><AGARI ba="1,1" hai="19,22,25,60,65,71,76,78,89,93,97,100,102,103" machi="65" ten="40,5200,0" yaku="1,1,52,1,53,1" doraHai="12" doraHaiUra="64" who="1" fromWho="3" sc="380,0,200,65,200,0,210,-55" /><INIT seed="1,0,0,3,1,94" ten="380,265,200,155" oya="1" hai0="5,20,99,23,37,14,85,98,106,42,2,116,73" hai1="9,92,103,65,16,60,61,13,44,87,66,18,76" hai2="112,115,33,32,12,133,63,50,34,29,6,17,119" hai3="126,41,39,31,131,70,72,117,95,43,83,22,1"/><U105/><E105/><V38/><F38/><W35/><G70/><T88/><D73/><U56/><E76/><V71/><F71/><W10/><G117/><T104/><D2/><U53/><E44/><V21/><F63/><W100/><G35/><T46/><D116/><U62/><E18/><V24/><F50/><W135/><G39/><T91/><D5/><U7/><E7/><V127/><F119/><W57/><G126/><T109/><D109/><U48/><REACH who="1" step="1"/><E87/><REACH who="1" ten="380,255,200,155" step="2"/><V111/><F127/><W120/><G120/><T68/><D106/><U47/><E47/><V129/><F133/><W40/><G135/><T108/><D104/><U110/><E110/><V69/><F111/><W49/><G72/><T58/><D108/><U11/><E11/><N who="2" m="4215" /><F129/><W51/><G10/><T107/><D107/><U123/><E123/><V122/><F122/><W128/><G128/><T118/><D118/><U113/><E113/><N who="2" m="43595" /><F69/><W52/><G131/><T15/><D68/><U96/><AGARI ba="0,1" hai="9,13,16,48,53,56,60,61,62,65,66,92,96,103" machi="96" ten="30,12000,1" yaku="1,1,0,1,8,1,52,1,54,1,53,0" doraHai="94" doraHaiUra="78" who="1" fromWho="1" sc="380,-40,255,130,200,-40,155,-40" /><INIT seed="1,1,0,5,2,88" ten="340,385,160,115" oya="1" hai0="22,4,68,58,40,65,95,98,101,2,32,11,127" hai1="21,94,60,113,28,123,48,25,39,74,79,89,34" hai2="47,3,13,10,49,1,90,121,134,44,7,16,9" hai3="76,33,130,82,41,111,84,129,73,85,19,133,67"/><U42/><E123/><V20/><F134/><W115/><G115/><T131/><D32/><U71/><E113/><V54/><F121/><W99/><G33/><T51/><D131/><N who="3" m="50185" /><G133/><T64/><D127/><U15/><E39/><V26/><F47/><W53/><G111/><T105/><D105/><U24/><E15/><V80/><F10/><W128/><G67/><T12/><D68/><U38/><E38/><V124/><F124/><W43/><G128/><T112/><D112/><U87/><E71/><V36/><F36/><W6/><G6/><T27/><D2/><U103/><E103/><V114/><F114/><W18/><G53/><N who="0" m="32063" /><D40/><N who="3" m="15433" /><G99/><T96/><D96/><U45/><E60/><V5/><F7/><W35/><G35/><T17/><AGARI ba="1,0" hai="4,11,12,17,22,27,64,65,95,98,101" m="32063" machi="17" ten="30,2000,0" yaku="8,1,52,1" doraHai="88" who="0" fromWho="0" sc="340,23,385,-11,160,-6,115,-6" /><INIT seed="2,0,0,0,5,37" ten="363,374,154,109" oya="2" hai0="38,0,89,72,130,59,71,86,104,5,131,54,93" hai1="22,7,21,124,32,11,26,112,28,8,31,40,121" hai2="127,88,69,65,125,27,60,79,107,118,18,66,85" hai3="90,96,42,92,24,35,63,67,44,36,49,82,76"/><V120/><F118/><W61/><G36/><T55/><D104/><U110/><E112/><V56/><F120/><W101/><G67/><T48/><D71/><U99/><E121/><V81/><F107/><W95/><G35/><T108/><D72/><U1/><E110/><V6/><F6/><W113/><G113/><T94/><D108/><U10/><E99/><V2/><F2/><W19/><G24/><T133/><D0/><U9/><E40/><V77/><F66/><W53/><G19/><T117/><D117/><U78/><E78/><V73/><F73/><W132/><G132/><T29/><D5/><U75/><E75/><V14/><F27/><W83/><G53/><T17/><D29/><N who="1" m="19511" /><E124/><N who="2" m="47691" /><F69/><W119/><G119/><T97/><D38/><U15/><E1/><V109/><F109/><W128/><G76/><T34/><D133/><U122/><E122/><V116/><F116/><W135/><G135/><T16/><D55/><U87/><E87/><V25/><F25/><W64/><G64/><T98/><D86/><U106/><E106/><V114/><F114/><W4/><G83/><T33/><D33/><U47/><E47/><V57/><F56/><W41/><G82/><T12/><D34/><U39/><E39/><V13/><F13/><W23/><G44/><T105/><D105/><U51/><E51/><V134/><F134/><W43/><G49/><T20/><D48/><U52/><E52/><V102/><F102/><W3/><G101/><N who="0" m="60591" /><D54/><U45/><E45/><V111/><F111/><W115/><G3/><T103/><D103/><U58/><E58/><V126/><F126/><RYUUKYOKU ba="0,0" sc="363,-15,374,15,154,15,109,-15" hai1="7,8,9,10,11,15,21,22,28,31" hai2="14,18,57,60,65,77,79,81,85,88" /><INIT seed="2,1,0,0,1,5" ten="348,389,169,94" oya="2" hai0="44,80,94,22,108,130,121,59,112,83,35,53,113" hai1="15,85,3,43,41,126,55,120,78,103,70,98,92" hai2="93,52,99,116,6,76,114,123,133,62,122,33,63" hai3="72,17,87,135,8,107,21,26,31,23,61,102,79"/><V131/><F116/><W117/><G117/><T97/><D35/><U132/><E3/><V125/><F114/><W109/><G72/><T124/><D121/><U118/><E118/><V34/><F76/><W19/><G109/><T68/><D68/><U25/><E120/><V37/><F37/><W40/><G135/><T45/><D130/><U110/><E110/><V77/><F77/><W105/><G40/><T66/><D66/><U50/><E126/><V115/><F115/><W129/><G129/><T38/><D124/><U84/><E70/><V24/><F125/><W36/><G36/><T1/><D1/><U60/><E60/><V86/><F131/><W58/><G102/><T32/><D32/><U134/><E25/><V20/><F86/><N who="1" m="33385" /><E15/><V9/><F133/><N who="1" m="51305" /><E78/><V30/><F34/><W75/><G87/><T91/><D108/><U2/><E2/><V119/><F33/><W82/><G31/><T27/><D113/><U7/><E7/><V74/><F74/><W111/><G111/><T4/><D4/><U101/><E101/><V81/><F119/><W127/><G127/><T56/><D112/><U54/><E54/><V96/><F63/><W106/><G61/><T42/><D80/><U46/><AGARI ba="1,0" hai="41,43,46,50,55,92,98,103" m="51305,33385" machi="46" ten="30,1100,0" yaku="20,1" doraHai="5" who="1" fromWho="1" sc="348,-4,389,14,169,-6,94,-4" /><INIT seed="3,0,0,3,3,7" ten="344,403,163,90" oya="3" hai0="46,37,23,112,24,56,6,31,26,35,88,39,70" hai1="116,99,51,68,45,98,86,64,134,8,69,10,1" hai2="2,47,103,95,61,38,75,59,42,16,80,92,125" hai3="90,127,50,5,120,104,83,22,33,32,3,108,110"/><W82/><G104/><T133/><D70/><U28/><E116/><V21/><F125/><W34/><G120/><T128/><D112/><U106/><E1/><V13/><F2/><W79/><G127/><T11/><D133/><U97/><E134/><V100/><F75/><W65/><G65/><T53/><D46/><U27/><E106/><V107/><F107/><W123/><G123/><T41/><D41/><U87/><E68/><V126/><F126/><W119/><G119/><T52/><D53/><U85/><E64/><V76/><F92/><W78/><G22/><T30/><D128/><U122/><E69/><V94/><F95/><W57/><G90/><T54/><D54/><U12/><E12/><V36/><F38/><W44/><G57/><T111/><D111/><N who="3" m="42537" /><G3/><T25/><D25/><U72/><E72/><V63/><F94/><W102/><G102/><T91/><D39/><U124/><E124/><V55/><F61/><W40/><G5/><T132/><D37/><U67/><E67/><V4/><F4/><W60/><G60/><T115/><D132/><U48/><E122/><V89/><F89/><W130/><G130/><T29/><D115/><U101/><E101/><V62/><F63/><W118/><G118/><T77/><D77/><AGARI ba="0,0" hai="32,33,34,40,44,50,77,78,79,82,83" m="42537" machi="77" ten="40,3900,0" yaku="14,1,10,1" doraHai="7" who="3" fromWho="0" sc="344,-39,403,0,163,0,90,39" /><INIT seed="3,1,0,1,2,64" ten="305,403,163,129" oya="3" hai0="127,91,81,29,59,58,16,40,61,72,102,82,134" hai1="125,21,37,124,135,122,25,48,107,66,28,96,12" hai2="123,118,67,41,131,129,60,119,76,105,115,7,108" hai3="52,133,90,50,113,32,62,87,130,100,3,46,116"/><W15/><G3/><T89/><D134/><U121/><E37/><V27/><F105/><W57/><G116/><T98/><D127/><N who="1" m="48715" /><E135/><V111/><F76/><W36/><G133/><T71/><D29/><U79/><E79/><V39/><F7/><W53/><G100/><T24/><D40/><U51/><E66/><V35/><F35/><W2/><G2/><T20/><D72/><U22/><E12/><V78/><F78/><W18/><G113/><T112/><D112/><U104/><E22/><V5/><F5/><W34/><G130/><N who="2" m="49673" /><F27/><W109/><G109/><N who="2" m="42057" /><F115/><W110/><G36/><T69/><D102/><N who="1" m="62535" /><E107/><V10/><F10/><N who="3" m="6519" /><G110/><T55/><D98/><U54/><E51/><V114/><F114/><W4/><G4/><T17/><D17/><U56/><AGARI ba="1,0" hai="21,25,28,48,54,56,121,122" m="62535,48715" machi="56" ten="30,1100,0" yaku="18,1" doraHai="64" who="1" fromWho="1" sc="305,-4,403,14,163,-4,129,-6" /><INIT seed="4,0,0,1,1,103" ten="301,417,159,123" oya="0" hai0="69,31,113,82,116,23,30,2,26,128,66,29,36" hai1="0,46,129,27,118,21,28,76,33,5,14,81,51" hai2="35,18,68,92,57,1,63,96,126,67,90,115,43" hai3="41,104,106,42,135,124,108,7,40,32,87,53,102"/><T111/><D36/><U45/><E118/><V119/><F126/><W56/><G108/><T19/><D2/><U8/><E129/><V37/><F119/><W65/><G65/><T11/><D116/><U110/><E110/><V133/><F1/><W24/><G124/><T86/><D128/><U55/><E45/><V61/><F133/><W50/><G135/><T123/><D123/><U54/><E33/><V89/><F115/><W101/><G7/><T62/><D11/><U88/><E0/><V125/><F125/><W80/><G101/><T75/><D75/><U15/><E15/><V52/><F35/><W95/><G95/><T39/><D39/><U73/><E88/><V25/><F37/><W13/><G13/><T109/><REACH who="0" step="1"/><D113/><REACH who="0" ten="291,417,159,123" step="2"/><U100/><E100/><V130/><F130/><W97/><G32/><T38/><D38/><U17/><E5/><V98/><F43/><AGARI ba="0,1" hai="8,14,17,21,27,28,43,46,51,54,55,73,76,81" machi="43" ten="30,1000,0" yaku="7,1" doraHai="103" who="1" fromWho="2" sc="291,0,417,20,159,-10,123,0" /><INIT seed="5,0,0,2,5,24" ten="291,437,149,123" oya="1" hai0="6,125,69,58,92,116,115,17,5,15,122,132,83" hai1="67,44,53,95,111,124,74,133,64,35,0,63,100" hai2="68,13,101,3,75,128,123,29,108,26,61,107,134" hai3="25,96,121,51,102,93,118,112,80,71,56,9,131"/><U23/><E35/><N who="2" m="20919" /><F13/><W85/><G71/><T22/><D69/><U27/><E0/><V42/><F123/><W91/><G121/><T119/><D122/><U4/><E74/><V97/><F108/><W106/><G118/><T82/><D115/><U32/><E32/><V39/><F134/><W18/><G112/><T16/><D132/><U109/><E133/><V94/><F94/><W49/><G131/><T105/><D105/><U78/><E78/><V54/><F54/><W47/><G56/><T33/><D33/><U8/><E124/><V60/><F60/><W2/><G49/><T38/><D38/><U21/><E95/><V45/><F128/><W1/><G106/><T72/><D125/><U73/><E100/><V57/><F57/><W90/><G102/><T129/><D129/><U88/><E88/><V104/><F75/><W99/><G99/><T19/><D72/><U98/><E98/><V59/><F59/><W11/><G1/><T14/><D92/><U46/><E73/><V66/><F107/><W70/><G2/><AGARI ba="0,0" hai="2,3,39,42,45,61,66,68,97,101,104" m="20919" machi="2" ten="30,7700,0" yaku="25,1,33,2,52,1" doraHai="24" who="2" fromWho="3" sc="291,0,437,0,149,77,123,-77" /><INIT seed="6,0,0,4,2,86" ten="291,437,226,46" oya="2" hai0="15,48,57,75,8,123,34,67,111,25,32,116,43" hai1="13,70,39,69,53,71,89,60,94,122,110,22,81" hai2="121,20,118,54,90,102,124,16,12,131,21,9,80" hai3="5,59,52,36,17,24,10,73,40,107,113,30,106"/><V64/><F131/><W119/><G119/><T115/><D75/><U45/><E110/><V72/><F118/><W68/><G68/><T76/><D111/><U11/><E122/><V98/><F121/><W125/><G73/><T61/><D76/><U120/><E120/><V37/><F124/><W35/><G125/><T132/><D116/><U127/><E127/><V96/><F37/><W78/><G113/><T93/><D115/><U33/><E33/><V28/><F64/><W31/><G31/><T51/><D34/><U26/><E81/><V101/><F72/><W97/><G78/><T2/><D2/><U74/><E74/><V88/><F80/><W95/><G17/><T0/><D0/><U41/><E53/><V55/><F98/><W117/><G117/><T65/><D65/><U50/><E60/><V79/><F79/><W27/><G27/><T56/><D56/><U92/><E39/><V99/><F96/><W19/><G19/><T112/><D43/><U135/><E135/><V133/><F133/><W44/><G10/><T105/><D132/><U134/><E134/><V46/><F28/><W114/><G114/><T83/><D105/><U108/><E108/><V7/><F21/><W126/><G5/><T14/><D32/><U91/><E94/><N who="2" m="58615" /><F102/><N who="3" m="60735" /><G126/><T4/><D123/><U109/><E92/><V38/><F38/><W100/><G100/><T84/><D93/><U66/><E66/><V47/><F54/><W128/><G128/><T62/><D112/><U1/><E1/><V85/><F55/><W3/><G3/><T58/><D67/><U18/><E109/><RYUUKYOKU ba="0,0" sc="291,-15,437,15,226,-15,46,15" hai1="11,13,18,22,26,41,45,50,69,70,71,89,91" hai3="24,30,35,36,40,44,52,59,106,107" /><INIT seed="7,1,0,5,0,68" ten="276,452,211,61" oya="3" hai0="128,39,47,127,131,64,55,57,87,119,78,124,109" hai1="77,7,112,113,121,8,38,85,70,69,97,19,46" hai2="30,98,125,61,83,43,51,89,67,32,122,60,81" hai3="41,115,1,59,79,22,0,62,48,36,28,105,63"/><W91/><G105/><T20/><D119/><U42/><E121/><V66/><F125/><W130/><G79/><T9/><D20/><U120/><E120/><V96/><F122/><W37/><G0/><T118/><D118/><U104/><E19/><V33/><F30/><W34/><G34/><T44/><D9/><U10/><E77/><V14/><F14/><W54/><G1/><T100/><D64/><U65/><E85/><V26/><F51/><W86/><G115/><N who="1" m="44106" /><E65/><V13/><F13/><W15/><G130/><T50/><D100/><N who="1" m="62479" /><E10/><V111/><F43/><W40/><G28/><T114/><D87/><U12/><AGARI ba="1,0" hai="7,8,12,38,42,46,69,70" m="62479,44106" machi="12" ten="30,2000,0" yaku="15,1,52,1" doraHai="68" who="1" fromWho="1" sc="276,-6,452,23,211,-6,61,-11" owari="270,7.0,475,57.0,205,-19.0,50,-45.0" /></mjloggm>