<mjloggm ver="2.3"><GO type="97" lobby="0"/><UN n0="%E5%B0%B1%E6%B4%BB%E7%94%9F%40%E5%B7%9D%E6%9D%91%E8%BB%8D%E5%9B%A3" n1="%E3%83%90%E3%83%BC%E3%83%86%E3%82%A3" n2="%E3%83%8D%E3%82%AA%E3%83%A9%E3%83%B4%E3%82%A3%E3%83%B3" n3="%73%68%6F%6B%6F%6C%61%32" dan="15,14,13,15" rate="2051.50,1908.89,1842.39,2015.90" sx="M,M,M,M"/><TAIKYOKU oya="0"/><INIT seed="0,0,0,5,1,61" ten="250,250,250,250" oya="0" hai0="21,125,28,133,123,73,84,36,54,103,113,94,42" hai1="92,40,65,120,45,99,115,114,24,83,90,81,104" hai2="11,75,71,79,55,9,112,29,37,2,88,19,8" hai3="62,78,134,76,44,102,74,52,132,118,23,98,101"/><T48/><D73/><U91/><E120/><V85/><F112/><W64/><G118/><T59/><D123/><U41/><E104/><V68/><F37/><W80/><G78/><T127/><D113/><N who="1" m="43019" /><E24/><V10/><F79/><W121/><G121/><T38/><D133/><N who="3" m="51305" /><G23/><T89/><D103/><U69/><E91/><V43/><F43/><N who="1" m="16457" /><E45/><V47/><F75/><W128/><G128/><T0/><D0/><U18/><E18/><V96/><F96/><W87/><G74/><T108/><D108/><U53/><E53/><V30/><F71/><N who="3" m="42391" /><G98/><T22/><D42/><U63/><AGARI ba="0,0" hai="63,65,69,81,83,90,92,99" m="16457,43019" machi="63" ten="30,2000,0" yaku="11,1,52,1" doraHai="61" who="1" fromWho="1" sc="250,-10,250,20,250,-5,250,-5" /><INIT seed="1,0,0,0,3,109" ten="240,270,245,245" oya="1" hai0="44,0,92,121,124,125,90,29,84,91,78,15,83" hai1="129,126,17,122,14,9,74,45,107,46,27,25,19" hai2="71,20,53,120,49,99,111,33,95,133,23,47,2" hai3="39,101,3,57,10,26,48,69,105,73,119,41,79"/><U62/><E107/><V5/><F120/><W96/><G119/><T70/><D0/><U66/><E74/><V110/><F133/><W82/><G57/><T85/><D70/><U77/><E77/><V12/><F33/><W130/><G130/><T31/><D121/><U38/><E122/><V100/><F71/><W86/><G48/><T13/><D44/><U16/><E129/><V32/><F32/><W56/><G56/><T104/><D104/><U67/><E126/><N who="0" m="48745" /><D78/><U115/><E115/><V134/><F134/><W75/><G69/><T30/><AGARI ba="0,0" hai="13,15,29,30,31,83,84,85,90,91,92" m="48745" machi="30" ten="30,1100,0" yaku="18,1" doraHai="109" who="0" fromWho="0" sc="240,11,270,-5,245,-3,245,-3" /><INIT seed="2,0,0,3,5,72" ten="251,265,242,242" oya="2" hai0="31,43,106,37,62,39,57,25,65,68,89,69,63" hai1="120,23,91,54,47,36,76,130,93,2,21,10,78" hai2="99,5,4,117,118,119,64,104,50,124,121,132,113" hai3="87,58,15,112,116,107,94,26,96,125,128,67,97"/><V6/><F113/><W129/><G26/><T3/><D3/><U95/><E120/><V84/><F121/><W11/><G116/><T20/><D106/><U1/><E36/><V135/><F124/><W0/><G0/><T73/><D73/><U110/><E130/><N who="3" m="50282" /><G125/><T56/><D89/><U14/><E2/><V29/><F29/><W127/><G127/><T115/><D115/><U122/><E110/><V133/><F64/><W100/><G112/><T123/><D123/><U12/><E1/><V24/><F24/><W90/><G67/><T81/><D81/><U30/><E122/><V92/><F50/><W22/><G58/><T66/><REACH who="0" step="1"/><D43/><REACH who="0" ten="241,265,242,242" step="2"/><U111/><E111/><V88/><F104/><W105/><G105/><T34/><D34/><U13/><E10/><V41/><F41/><W49/><G107/><T17/><D17/><U103/><E30/><V48/><F48/><W86/><G49/><T131/><D131/><U134/><E134/><V101/><F101/><W28/><G100/><T51/><D51/><N who="1" m="29055" /><E103/><V53/><F53/><W83/><G83/><T74/><D74/><U85/><E95/><V80/><F80/><W77/><G94/><T45/><D45/><U32/><E32/><V102/><F102/><W7/><G90/><T98/><D98/><AGARI ba="0,1" hai="4,5,6,84,88,92,98,99,117,118,119,132,133,135" machi="98" ten="60,12000,1" yaku="29,2,20,1,54,1" doraHai="72" who="2" fromWho="0" sc="241,-120,265,0,242,130,242,0" /><INIT seed="2,1,0,3,3,31" ten="121,265,372,242" oya="2" hai0="133,42,20,72,115,24,1,48,52,123,6,88,43" hai1="87,59,58,18,30,49,34,44,67,27,77,103,112" hai2="99,3,90,53,11,132,95,0,32,129,79,116,23" hai3="124,101,62,35,70,92,80,85,16,113,21,91,78"/><V98/><F116/><W64/><G35/><T13/><D115/><U41/><E112/><V126/><F32/><W10/><G113/><T135/><D123/><U39/><E103/><V46/><F132/><W82/><G124/><T127/><D72/><U47/><E18/><V22/><F126/><W36/><G36/><T71/><D71/><U63/><E77/><V108/><F129/><W105/><G10/><N who="0" m="4311" /><D1/><U28/><E28/><V66/><F66/><W114/><G114/><T56/><D127/><U15/><E87/><V12/><F108/><W120/><G120/><T97/><D133/><U125/><E125/><V40/><F79/><W68/><G68/><T102/><D102/><U33/><E15/><V45/><F3/><W74/><G82/><T19/><D135/><U50/><E39/><V5/><F0/><W55/><G55/><T38/><D38/><U69/><REACH who="1" step="1"/><E34/><REACH who="1" ten="121,255,372,242" step="2"/><V84/><F22/><W2/><G2/><T128/><D128/><U89/><E89/><V17/><F23/><W109/><G109/><T121/><D121/><U60/><E60/><V7/><F17/><W29/><G29/><T83/><D83/><U26/><E26/><V106/><F7/><W25/><G101/><T93/><AGARI ba="1,1" hai="19,20,24,42,43,48,52,56,88,93,97" m="4311" machi="93" ten="30,4000,0" yaku="8,1,54,2" doraHai="31" who="0" fromWho="0" sc="121,53,255,-11,372,-21,242,-11" /><INIT seed="3,0,0,4,5,26" ten="174,244,351,231" oya="3" hai0="104,8,14,41,24,4,17,21,118,9,12,30,134" hai1="99,1,133,47,112,45,108,125,95,107,101,61,5" hai2="59,89,43,42,35,75,29,92,131,13,20,32,114" hai3="23,56,87,88,51,48,122,124,105,127,83,103,15"/><W85/><G122/><T129/><D104/><U135/><E108/><V58/><F114/><W49/><G105/><T74/><D74/><U84/><E112/><V64/><F75/><W91/><G103/><T53/><D41/><U126/><E5/><V106/><F106/><W68/><G68/><T7/><D118/><U38/><E1/><V55/><F131/><W70/><G70/><T132/><D53/><U81/><E38/><V128/><F128/><W54/><G127/><N who="1" m="48650" /><E61/><V62/><F35/><W10/><G124/><T121/><D121/><U111/><E111/><V123/><F32/><W77/><G23/><T119/><D119/><U79/><E45/><V100/><F100/><W28/><G28/><T27/><D129/><U22/><E22/><AGARI ba="0,0" hai="4,7,8,9,12,14,17,21,22,24,27,30,132,134" machi="22" ten="40,8000,1" yaku="9,1,34,3,52,1" doraHai="26" who="0" fromWho="1" sc="174,80,244,-80,351,0,231,0" owari="254,5.0,164,-34.0,351,46.0,231,-17.0" /></mjloggm>