<mjloggm ver="2.3"><GO type="169" lobby="0"/><UN n0="%6B%61%6E%65%67%61%6E%65" n1="%E3%83%AD%E3%83%83%E3%83%86%E9%9B%80%E7%90%83" n2="%52%69%2D%4D%6F%2D" n3="%E3%82%A6%E3%83%AB%E3%83%88%E3%83%A9%E7%AB%8B%E7%9B%B4" dan="16,16,17,17" rate="2067.83,2072.19,2160.24,2144.65" sx="M,M,M,M"/><TAIKYOKU oya="0"/><INIT seed="0,0,0,3,5,115" ten="250,250,250,250" oya="0" hai0="63,99,130,7,5,119,121,120,75,118,71,106,112" hai1="73,34,108,132,59,91,69,0,96,19,17,54,122" hai2="32,80,39,57,2,85,23,50,9,43,1,103,60" hai3="125,94,127,102,64,21,86,35,113,18,78,6,24"/><T123/><D5/><U29/><E69/><V84/><F32/><W31/><G113/><T11/><D112/><U30/><E0/><V8/><F39/><W128/><G64/><N who="0" m="41375" /><D75/><U38/><E38/><V83/><F103/><W53/><G53/><T129/><D11/><U26/><E73/><V15/><F2/><W61/><G61/><T10/><D10/><U62/><E30/><V40/><F23/><W126/><G6/><T111/><D7/><U89/><E122/><V76/><F1/><W133/><G102/><N who="0" m="62815" /><D111/><U55/><E108/><V68/><F68/><W134/><G78/><T16/><D16/><U82/><E132/><N who="3" m="50794" /><G94/><T58/><D58/><U93/><E55/><N who="2" m="31991" /><F60/><W3/><G86/><T66/><D66/><U41/><E41/><N who="2" m="15947" /><F15/><N who="3" m="9439" /><G3/><T42/><D42/><U104/><E104/><V44/><F44/><W90/><G90/><AGARI ba="0,0" hai="8,9,76,80,83,84,85,90" m="15947,31991" machi="90" ten="30,1000,0" yaku="8,1" doraHai="115" who="2" fromWho="3" sc="250,0,250,0,250,10,250,-10" /><INIT seed="1,0,0,5,1,117" ten="250,250,260,240" oya="1" hai0="38,23,84,107,111,0,41,74,124,42,71,64,19" hai1="89,13,116,75,109,11,14,27,16,22,99,88,72" hai2="37,123,1,80,81,96,40,91,39,56,114,68,129" hai3="134,30,31,18,110,3,4,132,108,104,43,105,20"/><U118/><E109/><N who="3" m="42090" /><G43/><T101/><D74/><U100/><E118/><V85/><F68/><W32/><G105/><T92/><D0/><U5/><E116/><V21/><F1/><W70/><G104/><T83/><D124/><U44/><E44/><V94/><F129/><W7/><G70/><T60/><D107/><U6/><E75/><V49/><F114/><W62/><G62/><T58/><D111/><U36/><E36/><V69/><F69/><W59/><G59/><T103/><D71/><U135/><E72/><V55/><F40/><N who="0" m="15466" /><D92/><N who="1" m="58471" /><E135/><N who="3" m="51754" /><G32/><T77/><D38/><U8/><AGARI ba="0,0" hai="5,6,8,11,13,14,16,22,27,88,89" m="58471" machi="8" ten="30,6000,0" yaku="8,1,54,2" doraHai="117" who="1" fromWho="1" sc="250,-20,250,60,260,-20,240,-20" /><INIT seed="1,1,0,5,3,43" ten="230,310,240,220" oya="1" hai0="80,95,90,37,86,23,135,108,49,22,21,125,35" hai1="13,25,39,41,91,83,106,107,128,73,52,60,96" hai2="3,76,104,0,103,124,131,4,111,78,28,87,12" hai3="45,130,115,46,133,123,110,16,44,8,109,67,32"/><U57/><E128/><V42/><F131/><W14/><G123/><T54/><D108/><N who="3" m="41577" /><G130/><T66/><D125/><U81/><E13/><V98/><F111/><W65/><G133/><T63/><D135/><U48/><E39/><V58/><F124/><W51/><G115/><T134/><D37/><U101/><E107/><V72/><F72/><W27/><G51/><T11/><D35/><U74/><E25/><V94/><F28/><AGARI ba="1,0" hai="8,14,16,27,28,32,44,45,46,65,67" m="41577" machi="28" ten="30,8000,1" yaku="14,1,52,3,54,1" doraHai="43" who="3" fromWho="2" sc="230,0,310,0,240,-83,220,83" /><INIT seed="2,0,0,2,1,50" ten="230,310,157,303" oya="2" hai0="25,28,72,118,133,42,106,80,66,135,41,130,131" hai1="20,39,67,34,76,128,35,11,18,102,12,2,29" hai2="98,79,45,121,81,104,54,8,132,32,60,77,68" hai3="100,4,69,63,111,49,127,75,105,85,27,19,93"/><V17/><F121/><W9/><G75/><T123/><D106/><U129/><E39/><V53/><F132/><N who="0" m="50762" /><D123/><U48/><E102/><V55/><F32/><N who="1" m="12329" /><E67/><V109/><F109/><W0/><G127/><T30/><D118/><U97/><E48/><V64/><F45/><W56/><G69/><T122/><D122/><U59/><E59/><V14/><REACH who="2" step="1"/><F81/><REACH who="2" ten="230,310,147,303" step="2"/><W95/><G111/><T1/><D80/><U3/><E129/><V71/><F71/><W26/><G95/><T16/><D130/><U113/><E128/><V107/><F107/><W89/><G105/><T70/><D131/><U73/><E113/><V126/><F126/><W6/><G93/><T33/><D33/><U22/><E2/><V46/><F46/><W62/><G0/><T108/><D1/><U24/><E3/><V23/><F23/><W61/><G9/><T74/><D108/><U110/><E22/><V15/><F15/><W31/><G26/><T120/><D120/><U96/><E110/><V51/><F51/><W101/><G27/><T58/><D70/><U10/><E11/><V44/><F44/><W134/><G134/><T87/><D25/><U114/><E114/><V5/><F5/><W86/><G6/><T84/><D58/><U94/><E94/><V65/><F65/><W116/><G4/><T92/><D66/><U47/><E47/><V119/><F119/><W99/><G116/><T36/><D92/><U88/><E10/><V117/><F117/><W13/><G56/><T103/><D41/><U7/><E7/><V40/><F40/><W124/><G124/><T78/><D42/><RYUUKYOKU ba="0,1" sc="230,-10,310,-10,147,30,303,-10" hai2="8,14,17,53,54,55,60,64,68,77,79,98,104" /><INIT seed="2,1,1,5,3,58" ten="220,300,177,293" oya="2" hai0="96,122,59,63,85,30,87,99,128,33,28,81,118" hai1="130,35,50,6,11,129,76,54,104,17,39,124,93" hai2="119,18,36,47,89,103,25,134,31,60,67,29,69" hai3="5,113,66,26,52,15,65,74,22,79,120,105,55"/><V64/><F119/><W121/><G105/><T27/><D122/><U111/><E111/><V19/><F134/><W84/><G74/><T16/><D128/><N who="1" m="49259" /><E124/><V46/><F36/><W115/><G121/><T20/><D118/><U0/><E104/><V62/><F103/><W61/><G120/><T75/><D75/><U57/><E39/><V82/><F89/><W8/><G66/><N who="0" m="39295" /><D33/><U34/><E76/><V1/><F82/><W131/><G131/><T92/><D87/><U24/><E93/><V90/><F90/><W101/><G101/><N who="0" m="60551" /><D99/><U77/><E77/><AGARI ba="1,1" hai="16,20,27,28,30,77,81,85" m="60551,39295" machi="77" ten="30,3900,0" yaku="8,1,52,1,54,1" doraHai="58" who="0" fromWho="1" sc="220,52,300,-42,177,0,293,0" /><INIT seed="3,0,0,2,1,16" ten="272,258,177,293" oya="3" hai0="67,74,2,60,38,70,122,61,50,35,63,4,78" hai1="81,15,26,106,1,52,18,3,131,132,25,127,43" hai2="42,59,86,135,7,32,31,6,57,72,49,124,39" hai3="69,33,0,22,9,54,111,117,48,75,44,30,83"/><W79/><G117/><T91/><D122/><U13/><E106/><V93/><F72/><W133/><G69/><T37/><D35/><U62/><E43/><V24/><F124/><W92/><G133/><T10/><D91/><U82/><E127/><V29/><F135/><W128/><G128/><T90/><D90/><U97/><E132/><V12/><F39/><W40/><G33/><T109/><D50/><U28/><E131/><V87/><F42/><W34/><G34/><T8/><D60/><U51/><E62/><V58/><F49/><W98/><G111/><T17/><D109/><U114/><E114/><V85/><F31/><W110/><G110/><T14/><D61/><U116/><E97/><V27/><F27/><W21/><G30/><T103/><D103/><U64/><E64/><V88/><REACH who="2" step="1"/><F12/><REACH who="2" ten="272,258,167,293" step="2"/><W94/><G40/><T126/><D126/><U104/><E13/><V120/><F120/><W73/><G73/><T71/><D38/><U84/><E26/><V66/><F66/><W41/><G41/><T107/><D37/><U19/><E15/><V77/><F77/><W5/><G94/><T68/><D107/><U134/><E104/><V119/><F119/><W36/><G36/><T125/><D125/><U118/><E134/><V96/><AGARI ba="0,1" hai="6,7,24,29,32,57,58,59,85,86,87,88,93,96" machi="96" ten="30,4000,0" yaku="1,1,0,1,54,1,53,0" doraHai="16" doraHaiUra="108" who="2" fromWho="2" sc="272,-10,258,-10,167,50,293,-20" /><INIT seed="4,0,0,0,3,47" ten="262,248,217,273" oya="0" hai0="102,134,93,16,75,29,103,132,130,96,104,8,87" hai1="2,125,76,49,53,109,108,52,18,91,101,10,113" hai2="17,43,55,54,89,30,115,106,3,114,83,57,25" hai3="94,33,111,118,127,50,34,117,27,121,45,60,135"/><T24/><D75/><U71/><E71/><V14/><F3/><W58/><G111/><T72/><D72/><U105/><E76/><V120/><F106/><W66/><G127/><T63/><D130/><U126/><E53/><V39/><F120/><W128/><G128/><T86/><D63/><U110/><E113/><N who="2" m="43019" /><F43/><W7/><G135/><N who="0" m="51755" /><D103/><U4/><E91/><V81/><F39/><W99/><G7/><T44/><D104/><U40/><E40/><V68/><F68/><W23/><G121/><T112/><D112/><U79/><E79/><V107/><F107/><W90/><G118/><T12/><D44/><U122/><E122/><V65/><F65/><W69/><G117/><T74/><D74/><U119/><E119/><V51/><F89/><W61/><G61/><T38/><D38/><U42/><E42/><V84/><F84/><W13/><G69/><T77/><D77/><U82/><E82/><V32/><F55/><W100/><G90/><T95/><D95/><U56/><REACH who="1" step="1"/><E18/><REACH who="1" ten="262,238,217,273" step="2"/><V73/><F73/><W48/><G100/><T123/><D123/><U15/><E15/><V36/><F36/><W92/><G13/><T28/><D28/><U35/><E35/><AGARI ba="0,1" hai="8,12,16,24,29,35,86,87,93,96,102" m="51755" machi="35" ten="30,2900,0" yaku="20,1,54,1" doraHai="47" who="0" fromWho="1" sc="262,39,238,-29,217,0,273,0" /><INIT seed="4,1,0,3,5,102" ten="301,209,217,273" oya="0" hai0="86,19,59,131,89,32,9,14,4,100,79,35,96" hai1="26,130,45,49,94,1,16,30,3,106,27,58,29" hai2="64,43,108,28,40,39,2,90,95,113,123,111,54" hai3="91,42,76,115,36,85,57,5,125,15,107,56,120"/><T0/><D131/><U70/><E70/><V12/><F2/><W18/><G115/><T67/><D79/><U68/><E68/><V63/><F28/><W105/><G125/><T53/><D67/><U48/><E130/><V69/><F123/><W129/><G129/><T37/><D37/><U97/><E58/><V133/><F113/><W127/><G127/><T25/><D25/><U124/><E124/><V72/><F72/><W117/><G117/><T71/><D71/><U81/><E81/><V62/><F12/><W33/><G5/><T50/><D86/><U52/><E49/><V7/><F7/><W17/><G76/><T11/><D89/><U119/><E119/><V65/><F54/><W61/><G33/><T8/><REACH who="0" step="1"/><D11/><REACH who="0" ten="291,209,217,273" step="2"/><U109/><E27/><V116/><F116/><W83/><G36/><T51/><D51/><U6/><E48/><V112/><F112/><W41/><G91/><T74/><D74/><U77/><E26/><V78/><F78/><W104/><G85/><T38/><D38/><U114/><E77/><V24/><F39/><W60/><G120/><T22/><D22/><U92/><E114/><V10/><F24/><W101/><G60/><T134/><D134/><U121/><E121/><V128/><F133/><W13/><G61/><T122/><D122/><U135/><E135/><V103/><F128/><W88/><G88/><T75/><D75/><U20/><E20/><V23/><F23/><N who="3" m="11695" /><G101/><T73/><D73/><U21/><E21/><V132/><F132/><W93/><G83/><T118/><D118/><U66/><E66/><N who="2" m="41183" /><F62/><W46/><G42/><RYUUKYOKU ba="1,1" sc="291,30,209,-10,217,-10,273,-10" hai0="0,4,8,9,14,19,32,35,50,53,59,96,100" /><INIT seed="4,2,1,2,1,77" ten="321,199,207,263" oya="0" hai0="32,132,39,5,9,110,133,78,4,28,70,131,100" hai1="69,74,23,22,1,3,53,79,38,35,127,98,86" hai2="34,102,87,45,75,60,111,13,118,95,92,61,29" hai3="44,68,55,65,20,27,103,107,50,40,6,16,84"/><T106/><D131/><U101/><E74/><V10/><F75/><W18/><G6/><T135/><D110/><U11/><E35/><V114/><F111/><W42/><G107/><T93/><D106/><U12/><E69/><V105/><F105/><W73/><G73/><T112/><D112/><U48/><E38/><V120/><F120/><W117/><G117/><T72/><D39/><U109/><E127/><V30/><F114/><W97/><G68/><T130/><D130/><U85/><E109/><V59/><F118/><W119/><G65/><T51/><D70/><U90/><E79/><V25/><F45/><W56/><G84/><N who="1" m="32362" /><E101/><V123/><F123/><W47/><G119/><T104/><D104/><U115/><E1/><V113/><F113/><W15/><G97/><N who="0" m="59439" /><D9/><U8/><E3/><V83/><F102/><W122/><G103/><T0/><D0/><U31/><E31/><N who="2" m="11787" /><F25/><W52/><G122/><T91/><D78/><U21/><E115/><V71/><F71/><W58/><G40/><T134/><D72/><U124/><E124/><V67/><F60/><N who="3" m="35847" /><G42/><T14/><D135/><U43/><E43/><V121/><F34/><W94/><G94/><T82/><D32/><U64/><E64/><V96/><F96/><W46/><G15/><T7/><D14/><U36/><E36/><V57/><F121/><W19/><AGARI ba="2,1" hai="16,18,19,20,27,44,46,47,50,55,58" m="35847" machi="19" ten="30,4000,0" yaku="8,1,54,2" doraHai="77" who="3" fromWho="3" sc="321,-22,199,-12,207,-12,263,56" /><INIT seed="5,0,0,4,2,103" ten="299,187,195,319" oya="1" hai0="79,99,86,48,15,27,77,129,96,109,31,91,135" hai1="28,12,23,17,16,78,124,87,6,113,62,112,98" hai2="54,130,75,35,120,128,65,114,41,22,5,126,40" hai3="115,119,8,111,88,89,67,24,46,60,63,18,59"/><U38/><E38/><V94/><F35/><W68/><G111/><T108/><D135/><U92/><E124/><V51/><F120/><W42/><G115/><N who="1" m="44106" /><E6/><V83/><F114/><W106/><G106/><T53/><D129/><N who="2" m="49770" /><F65/><W20/><G8/><T9/><D109/><U58/><E28/><V81/><F126/><W10/><G10/><T127/><D108/><U33/><E33/><V29/><F5/><W134/><G134/><T36/><D36/><U104/><E104/><V44/><F94/><W72/><G72/><T45/><D127/><U107/><E107/><V56/><F75/><W1/><G1/><T117/><D117/><U121/><E121/><V30/><F41/><W0/><G0/><T47/><D47/><U69/><E69/><V101/><F101/><W74/><G74/><T131/><D131/><U116/><E116/><V80/><F22/><W132/><G132/><T13/><D27/><U19/><E87/><V97/><F97/><W11/><G119/><T102/><D31/><U95/><E78/><N who="0" m="29705" /><D102/><N who="1" m="60743" /><E95/><V4/><F4/><W105/><G105/><T37/><D37/><AGARI ba="0,0" hai="29,30,37,40,44,51,54,56,80,81,83" m="49770" machi="37" ten="30,1000,0" yaku="19,1" doraHai="103" who="2" fromWho="0" sc="299,-10,187,0,195,10,319,0" /><INIT seed="6,0,0,2,4,128" ten="289,187,205,319" oya="2" hai0="0,94,78,38,30,26,129,133,25,11,106,2,96" hai1="98,125,110,63,7,5,99,85,79,67,81,127,107" hai2="113,118,88,31,45,3,115,44,50,60,134,97,29" hai3="14,87,93,61,48,49,19,65,59,43,20,73,122"/><V36/><F118/><W8/><G73/><T16/><D129/><U10/><E110/><V72/><F72/><W121/><G43/><T71/><D106/><U111/><E111/><V58/><F3/><W6/><G121/><T100/><D71/><U114/><E114/><N who="2" m="43531" /><F36/><W56/><G56/><T52/><D38/><U57/><E5/><V74/><F74/><W103/><G122/><T39/><D78/><U104/><E104/><V9/><F9/><W41/><G41/><T105/><D105/><U120/><E120/><V132/><F97/><N who="3" m="59823" /><G87/><T90/><D39/><U86/><E86/><V4/><F88/><W53/><G65/><T64/><D90/><U117/><E117/><V102/><F4/><W42/><G42/><T37/><D37/><U77/><E77/><V89/><F89/><W32/><G32/><T76/><D76/><U108/><E108/><V1/><F102/><W15/><AGARI ba="0,0" hai="6,8,14,15,19,20,48,49,53,59,61" m="59823" machi="15" ten="30,1100,0" yaku="8,1" doraHai="128" who="3" fromWho="3" sc="289,-3,187,-3,205,-5,319,11" /><INIT seed="7,0,0,0,1,25" ten="286,184,200,330" oya="3" hai0="127,122,33,56,98,125,37,99,35,22,64,5,10" hai1="73,16,80,85,91,128,59,134,45,94,68,87,13" hai2="31,54,120,24,81,121,4,46,113,66,130,104,97" hai3="90,95,124,21,41,11,88,108,42,70,12,57,52"/><W62/><G70/><T89/><D122/><N who="2" m="47210" /><F113/><W109/><G21/><T78/><D78/><N who="1" m="46231" /><E73/><V112/><F112/><W86/><G90/><T29/><D37/><U67/><E68/><V83/><F130/><W103/><G103/><T7/><D22/><N who="1" m="11535" /><E134/><V106/><F66/><W38/><G38/><T60/><D98/><U100/><E128/><V131/><F4/><N who="3" m="3175" /><G124/><N who="0" m="47691" /><D10/><U19/><E19/><V65/><F65/><W1/><G1/><T101/><D89/><U76/><E100/><N who="2" m="62479" /><F106/><W47/><G109/><T39/><D39/><U27/><E27/><V114/><F114/><W58/><G108/><T72/><D72/><U15/><E15/><V53/><F131/><W23/><G23/><T115/><D35/><U129/><E129/><V77/><F46/><W20/><G47/><T36/><D36/><U132/><E132/><V63/><F63/><N who="3" m="36263" /><G20/><T26/><D115/><U102/><E45/><V14/><F14/><W105/><G105/><AGARI ba="0,0" hai="5,7,26,29,33,56,60,64,99,101,105" m="47691" machi="105" ten="30,2000,0" yaku="18,1,52,1" doraHai="25" who="0" fromWho="3" sc="286,20,184,0,200,0,330,-20" owari="306,11.0,184,-32.0,200,-20.0,310,41.0" /></mjloggm>