<mjloggm ver="2.3"><GO type="97" lobby="0"/><UN n0="%E5%B0%B1%E6%B4%BB%E7%94%9F%40%E5%B7%9D%E6%9D%91%E8%BB%8D%E5%9B%A3" n1="%53%65%69%6E%66%65%6C%64" n2="%E3%82%AB%E3%83%A9%E3%82%B9%E3%81%AE%E5%AD%90" n3="%49%6E%66%74%79" dan="14,13,15,15" rate="1945.11,1818.66,2026.64,2002.81" sx="M,M,M,F"/><TAIKYOKU oya="0"/><INIT seed="0,0,0,0,3,75" ten="250,250,250,250" oya="0" hai0="76,123,47,109,1,111,36,128,116,43,112,94,38" hai1="62,92,52,50,113,72,18,93,129,16,31,44,33" hai2="95,125,97,61,14,67,98,58,28,86,22,13,85" hai3="54,17,132,84,48,119,80,59,42,78,74,91,53"/><T21/><BYE who="3" /><D112/><U118/><E113/><V90/><F125/><W30/><G30/><T15/><D1/><U35/><E118/><V115/><F115/><W99/><G99/><T120/><D116/><U26/><E72/><V114/><F114/><W130/><G130/><T39/><D128/><U127/><E129/><V105/><F105/><W55/><G55/><T8/><D21/><U87/><E127/><V66/><F67/><W4/><G4/><T0/><D94/><U88/><E93/><V100/><F98/><W103/><G103/><T135/><D135/><U121/><E35/><V56/><F56/><W37/><G37/><N who="0" m="21999" /><D76/><U51/><E121/><N who="0" m="46665" /><D15/><N who="2" m="5642" /><F90/><W69/><G69/><T70/><D70/><U77/><E51/><V102/><F102/><W108/><G108/><N who="0" m="41547" /><D8/><U41/><REACH who="1" step="1"/><E77/><REACH who="1" ten="250,240,250,250" step="2"/><V89/><F89/><W110/><G110/><T34/><D0/><U32/><E32/><AGARI ba="0,1" hai="32,34,36,38,39" m="41547,46665,21999" machi="32" ten="40,7700,0" yaku="14,1,10,1,23,1" doraHai="75" who="0" fromWho="1" sc="250,87,240,-77,250,0,250,0" /><INIT seed="0,1,0,5,5,82" ten="337,163,250,250" oya="0" hai0="14,105,17,110,21,42,116,2,57,103,123,73,102" hai1="53,99,48,45,66,56,41,120,31,78,72,89,62" hai2="27,35,4,100,133,71,51,10,28,134,7,106,39" hai3="84,130,96,108,125,81,86,94,91,52,127,97,129"/><T19/><D2/><U15/><E120/><V37/><F71/><W9/><G9/><T69/><D116/><U79/><E31/><V20/><F51/><W112/><G112/><T117/><D123/><U55/><E72/><V30/><F30/><W49/><G49/><T77/><D117/><U109/><E109/><V54/><F54/><W93/><G93/><T26/><D69/><U88/><E15/><V6/><F10/><W74/><G74/><T61/><D105/><U32/><E32/><V60/><F60/><W98/><G98/><T1/><D1/><U118/><E118/><V70/><F70/><W16/><G16/><T59/><D110/><U67/><E67/><V113/><F113/><W33/><G33/><T12/><D73/><U90/><E99/><N who="2" m="61727" /><F35/><W122/><G122/><T111/><D77/><AGARI ba="1,0" hai="41,45,48,53,55,56,62,66,77,78,79,88,89,90" machi="77" ten="40,2600,0" yaku="8,1,54,1" doraHai="82" who="1" fromWho="0" sc="337,-29,163,29,250,0,250,0" /><INIT seed="1,0,0,5,1,121" ten="308,192,250,250" oya="1" hai0="113,52,63,65,39,93,11,43,22,17,135,73,128" hai1="96,47,53,124,94,7,42,3,59,110,25,2,132" hai2="122,123,66,126,109,31,15,125,81,14,105,118,106" hai3="51,102,98,44,74,84,28,54,50,5,1,70,6"/><U89/><E132/><V111/><F118/><W130/><G130/><T90/><D73/><U21/><E124/><N who="2" m="47723" /><F81/><W13/><G13/><N who="2" m="4617" /><F66/><W133/><G133/><T36/><D113/><U18/><E7/><V55/><F31/><W112/><G112/><T76/><D76/><U26/><E26/><V57/><F123/><W9/><G9/><T119/><D119/><U97/><E96/><V16/><F16/><W116/><G116/><T120/><D43/><U35/><E35/><V77/><F77/><W134/><G134/><T107/><D107/><N who="2" m="40970" /><F122/><W48/><G48/><AGARI ba="0,0" hai="48,55,57,109,111" m="40970,4617,47723" machi="48" ten="40,5200,0" yaku="18,1,52,2" doraHai="121" who="2" fromWho="3" sc="308,0,192,0,250,52,250,-52" /><INIT seed="2,0,0,2,3,114" ten="308,192,302,198" oya="2" hai0="48,131,88,94,38,89,63,43,112,25,40,74,23" hai1="73,66,52,68,87,7,122,51,32,31,84,55,17" hai2="58,2,50,79,12,82,135,126,21,81,35,15,37" hai3="11,71,8,134,111,130,100,60,67,117,105,125,9"/><V34/><F2/><W127/><G127/><T53/><D74/><U101/><E122/><V56/><F37/><W4/><G4/><T69/><D112/><U83/><E73/><V119/><F119/><W47/><G47/><T98/><D131/><U20/><E7/><V22/><F126/><W110/><G110/><T76/><D76/><U59/><E55/><N who="2" m="31863" /><F35/><W46/><G46/><N who="0" m="27799" /><D69/><U0/><E101/><V10/><F34/><W107/><G107/><T19/><D38/><U102/><E102/><V80/><F135/><W128/><G128/><T36/><D36/><U24/><E83/><V121/><F121/><W91/><G91/><N who="0" m="55647" /><D63/><U75/><E75/><V90/><F79/><W115/><G115/><T1/><D1/><U41/><E0/><V129/><F129/><W45/><G45/><T103/><D103/><U33/><E32/><V13/><F10/><W78/><G78/><T62/><D62/><U65/><E41/><AGARI ba="0,0" hai="19,23,25,40,41,43,88,89" m="55647,27799" machi="41" ten="30,2000,0" yaku="8,1,54,1" doraHai="114" who="0" fromWho="1" sc="308,20,192,-20,302,0,198,0" /><INIT seed="3,0,0,0,2,72" ten="328,172,302,198" oya="3" hai0="25,4,93,94,124,22,19,109,126,91,17,106,24" hai1="102,87,131,83,76,14,98,95,129,81,21,71,50" hai2="53,12,26,103,1,0,77,2,133,16,125,20,75" hai3="9,114,123,104,39,15,121,13,6,61,62,96,115"/><W23/><G23/><N who="0" m="13423" /><D106/><U3/><E71/><V130/><F133/><W66/><G66/><T55/><D109/><U74/><E3/><V120/><F120/><W108/><G108/><T31/><D4/><U42/><E42/><V30/><F130/><N who="1" m="49673" /><E50/><V46/><F125/><N who="0" m="48234" /><D91/><N who="1" m="51695" /><E21/><V112/><F112/><W35/><G35/><N who="0" m="20975" /><D55/><U34/><E14/><AGARI ba="0,0" hai="14,19,22,93,94" m="20975,48234,13423" machi="14" ten="30,1000,0" yaku="18,1" doraHai="72" who="0" fromWho="1" sc="328,10,172,-10,302,0,198,0" owari="338,44.0,162,-34.0,302,10.0,198,-20.0" /></mjloggm>