<mjloggm ver="2.3"><GO type="41" lobby="0"/><UN n0="%E3%81%8B%E3%81%9A%E3%81%95%EF%BD%8E" n1="%53%45%45%44%53" n2="%E5%B0%B1%E6%B4%BB%E7%94%9F%40%E5%B7%9D%E6%9D%91%E8%BB%8D%E5%9B%A3" n3="%E6%A2%A8%E4%BB%A3" dan="14,15,17,14" rate="1976.47,1976.35,2160.50,1944.28" sx="M,M,M,F"/><TAIKYOKU oya="0"/><INIT seed="0,0,0,0,0,66" ten="250,250,250,250" oya="0" hai0="57,87,107,10,29,15,12,102,125,14,4,44,95" hai1="18,132,39,76,92,34,73,6,115,52,112,67,130" hai2="69,118,3,97,50,9,86,77,89,11,23,131,78" hai3="26,42,88,135,75,8,71,113,103,59,100,110,47"/><T79/><D107/><U126/><E39/><V128/><F118/><W24/><G113/><T37/><D125/><U63/><E34/><V49/><F97/><W21/><G75/><T80/><D57/><U51/><E126/><V36/><F36/><W70/><G8/><N who="2" m="3145" /><F23/><W82/><G59/><T2/><D29/><U33/><E33/><V106/><F106/><W45/><G42/><T68/><D68/><U53/><E6/><V31/><F31/><W134/><G21/><T35/><D35/><U64/><E92/><V7/><F7/><W120/><G82/><T109/><D109/><U0/><E0/><V28/><F28/><W98/><G98/><T1/><D1/><U19/><E76/><N who="2" m="29291" /><F3/><W13/><G13/><T25/><D25/><U129/><E73/><V22/><F22/><W83/><G83/><T62/><D62/><U27/><E27/><V16/><F16/><W123/><G88/><T17/><D102/><U84/><E84/><V43/><F43/><W116/><G116/><T46/><D95/><U65/><E63/><V94/><F69/><W72/><G72/><T55/><D37/><U119/><E119/><V124/><F124/><W111/><AGARI ba="0,0" hai="24,26,45,47,70,71,100,103,110,111,120,123,134,135" machi="111" ten="25,8000,1" yaku="0,1,22,2,52,2" doraHai="66" who="3" fromWho="3" sc="250,-40,250,-20,250,-20,250,80" /><INIT seed="1,0,0,4,2,84" ten="210,230,230,330" oya="1" hai0="40,18,27,49,114,107,2,39,78,3,48,129,74" hai1="126,134,92,42,41,45,89,98,16,81,122,20,14" hai2="22,55,80,46,25,132,36,34,83,93,30,87,72" hai3="0,108,118,35,26,100,117,17,119,52,43,51,33"/><U65/><E122/><V67/><F132/><W63/><G0/><T82/><D114/><U112/><E112/><V102/><F67/><W130/><G100/><T64/><D129/><U21/><E134/><V113/><F113/><W128/><G43/><T106/><D64/><U88/><E65/><V29/><F72/><W103/><G103/><T104/><D27/><U47/><E126/><V15/><F36/><W70/><G70/><T127/><D127/><U110/><E110/><V135/><F135/><W101/><G101/><T105/><D18/><U109/><E109/><V75/><F75/><W99/><G63/><T13/><D13/><U1/><E1/><V121/><F121/><W95/><G108/><T59/><D59/><U76/><E21/><V56/><F46/><N who="1" m="17417" /><E76/><V37/><F37/><W4/><G4/><T79/><D39/><U68/><E68/><V57/><F57/><N who="3" m="32927" /><G35/><T69/><D69/><U131/><E131/><N who="3" m="50218" /><G33/><T6/><D40/><U32/><E32/><V86/><F56/><W120/><G120/><T11/><N who="0" m="27136" /><DORA hai="90" /><T53/><D79/><U115/><E115/><V19/><F55/><W28/><G28/><T8/><REACH who="0" step="1"/><D53/><REACH who="0" ten="200,230,230,330" step="2"/><U9/><E9/><V44/><F30/><W24/><G17/><T133/><D133/><U125/><E125/><V50/><F19/><W123/><G123/><T85/><D85/><AGARI ba="0,1" hai="14,16,20,41,42,81,85,88,89,92,98" m="17417" machi="85" ten="30,18000,2" yaku="8,1,52,3,54,2" doraHai="84,90" who="1" fromWho="0" sc="200,-180,230,190,230,0,330,0" /><INIT seed="1,1,0,4,3,5" ten="20,420,230,330" oya="1" hai0="70,23,72,41,35,84,9,27,109,46,44,114,127" hai1="77,32,80,42,132,52,118,40,57,81,97,101,90" hai2="26,129,16,22,59,39,86,79,28,89,104,53,131" hai3="33,125,69,50,58,21,106,4,55,75,94,122,20"/><U2/><E32/><V48/><F104/><W38/><G106/><T83/><D109/><U64/><E118/><V11/><F39/><W105/><G105/><T67/><D114/><U30/><E30/><V87/><F79/><W1/><G33/><T113/><D127/><U49/><E2/><V62/><F62/><W134/><G69/><T47/><D113/><U63/><E132/><V91/><F87/><W68/><G68/><T110/><D110/><U133/><E133/><V119/><F119/><W8/><G134/><T92/><D35/><U73/><E90/><V24/><F89/><W56/><G56/><T15/><D72/><U78/><E97/><V135/><F135/><W95/><G75/><T102/><D67/><U108/><E101/><V65/><F65/><W17/><G38/><T128/><D128/><U124/><E124/><V14/><REACH who="2" step="1"/><F26/><REACH who="2" ten="20,420,220,330" step="2"/><W71/><G125/><T121/><D70/><U6/><E108/><V74/><F74/><W82/><G71/><T51/><D121/><U100/><E78/><V116/><F116/><W10/><G122/><T76/><D102/><U103/><E103/><V34/><F34/><W107/><G107/><T25/><D92/><AGARI ba="1,1" hai="11,14,16,22,24,28,48,53,59,86,91,92,129,131" machi="92" ten="40,5200,0" yaku="1,1,52,1,54,1,53,0" doraHai="5" doraHaiUra="96" who="2" fromWho="0" sc="20,-55,420,0,220,65,330,0" owari="-35,-54.0,420,52.0,285,-11.0,330,13.0" /></mjloggm>