<mjloggm ver="2.3"><GO type="169" lobby="0"/><UN n0="%E6%96%B0%E6%BD%9F%E3%83%89%E3%83%A9%E3%82%B4%E3%83%B3" n1="%E3%82%A6%E3%83%AB%E3%83%88%E3%83%A9%E7%AB%8B%E7%9B%B4" n2="%E3%83%AB%E3%83%BC%E3%82%B7%E3%82%A2%E3%81%AE%E3%82%88%E3%81%86%E3%81%AB" n3="%E7%8B%9B%E6%B1%9F%E7%A9%BA%E6%89%8B%EF%BC%91%E7%B4%9A" dan="16,17,16,16" rate="2078.37,2205.17,2055.37,2066.69" sx="M,M,M,M"/><TAIKYOKU oya="0"/><INIT seed="0,0,0,2,5,20" ten="250,250,250,250" oya="0" hai0="75,46,66,59,24,132,78,29,33,91,90,60,68" hai1="5,28,102,124,42,79,18,48,27,114,107,26,97" hai2="103,32,0,101,56,100,38,117,35,57,120,71,104" hai3="96,86,2,51,25,135,8,23,94,121,131,63,64"/><T130/><D132/><U80/><E124/><V92/><F120/><W50/><G131/><T19/><D130/><U87/><E114/><V67/><F104/><W81/><G135/><T112/><D112/><U34/><E5/><V7/><F38/><W55/><G121/><T1/><D1/><U119/><E119/><V21/><F21/><W118/><G118/><T41/><D68/><U52/><E42/><V44/><F44/><W65/><G8/><T11/><D75/><U77/><E18/><V9/><F117/><W6/><G6/><T84/><D78/><U40/><E40/><V82/><F82/><W70/><G65/><T85/><D85/><U47/><REACH who="1" step="1"/><E26/><REACH who="1" ten="250,240,250,250" step="2"/><V89/><F67/><W115/><G64/><T16/><D11/><U62/><E62/><V45/><F71/><W58/><G70/><T4/><D4/><U134/><E134/><V49/><F35/><W109/><G115/><T122/><D122/><U76/><AGARI ba="0,1" hai="27,28,34,47,48,52,76,77,79,80,87,97,102,107" machi="76" ten="20,8000,1" yaku="1,1,0,1,7,1,52,1,54,1,53,0" doraHai="20" doraHaiUra="133" who="1" fromWho="1" sc="250,-40,240,90,250,-20,250,-20" /><INIT seed="1,0,0,2,5,111" ten="210,330,230,230" oya="1" hai0="57,79,117,20,21,58,52,103,134,108,9,88,109" hai1="104,41,48,45,40,31,100,28,99,44,92,112,39" hai2="46,34,124,107,132,29,78,55,26,129,56,95,47" hai3="82,3,19,135,17,64,101,62,70,67,125,93,105"/><U65/><E65/><V128/><F107/><W98/><G125/><T71/><D117/><U86/><E112/><V37/><F124/><W43/><G135/><T130/><D71/><U133/><E133/><V76/><F132/><W75/><G3/><T115/><D134/><U33/><E33/><V89/><F78/><W30/><G67/><T18/><D103/><U84/><E104/><V123/><F76/><N who="3" m="44319" /><G43/><T15/><D79/><U11/><E84/><V131/><F37/><W0/><G0/><T24/><D57/><U94/><E11/><V16/><F123/><W81/><G81/><T83/><D115/><U50/><E39/><V53/><F16/><W22/><G22/><T110/><D24/><U2/><E2/><V61/><REACH who="2" step="1"/><F53/><REACH who="2" ten="210,330,220,230" step="2"/><W59/><G17/><T7/><D18/><U36/><E36/><V87/><AGARI ba="0,1" hai="26,29,34,46,47,55,56,61,87,89,95,128,129,131" machi="87" ten="30,7900,0" yaku="1,1,2,1,0,1,19,1,53,0" doraHai="111" doraHaiUra="63" who="2" fromWho="2" sc="210,-20,330,-39,220,89,230,-20" /><INIT seed="2,0,0,5,1,126" ten="190,291,309,210" oya="2" hai0="75,52,110,90,6,123,9,4,70,102,99,125,107" hai1="47,68,91,116,95,16,122,50,53,42,28,8,36" hai2="76,135,69,101,77,97,22,62,96,85,131,44,57" hai3="65,112,73,43,14,63,12,121,37,26,24,98,58"/><V1/><F1/><W49/><G73/><T115/><D123/><U113/><E116/><V39/><F69/><W117/><G121/><T88/><D115/><U118/><E118/><V33/><F33/><W25/><G117/><T3/><D125/><U82/><E113/><V79/><F135/><W2/><G2/><T111/><D75/><U71/><E28/><V106/><F96/><W80/><G112/><T84/><D70/><U7/><E122/><V40/><F22/><W134/><G134/><T27/><D4/><U127/><E127/><V13/><F13/><W64/><G64/><T124/><D124/><U108/><E108/><N who="0" m="41513" /><D84/><U132/><E132/><V11/><F11/><W78/><G37/><T133/><D133/><U45/><E7/><V38/><F38/><W74/><REACH who="3" step="1"/><G98/><REACH who="3" ten="190,291,309,200" step="2"/><T103/><D103/><U60/><E36/><V54/><REACH who="2" step="1"/><F85/><REACH who="2" ten="190,291,299,200" step="2"/><W129/><G129/><AGARI ba="0,2" hai="39,40,44,54,57,62,76,77,79,97,101,106,129,131" machi="129" ten="40,12000,1" yaku="1,1,2,1,52,2,53,0" doraHai="126" doraHaiUra="67" who="2" fromWho="3" sc="190,0,291,0,299,140,200,-120" /><INIT seed="2,1,0,2,3,120" ten="190,291,439,80" oya="2" hai0="82,22,76,73,58,90,56,112,2,123,52,15,7" hai1="5,95,124,59,33,55,20,116,53,26,24,65,45" hai2="27,108,50,4,77,37,64,129,28,19,117,93,39" hai3="18,43,122,134,70,99,103,6,97,49,40,47,30"/><V110/><F117/><W86/><G122/><T0/><D123/><U38/><E116/><V16/><F129/><W35/><G134/><T71/><D112/><U12/><E124/><V48/><F4/><W126/><G126/><T61/><D71/><U83/><E33/><V29/><F77/><W41/><G70/><T62/><D90/><U11/><E38/><V51/><F64/><W115/><G115/><T31/><D7/><U72/><E72/><V92/><F51/><W85/><G6/><T105/><D105/><U130/><E130/><V67/><F67/><W119/><G119/><T133/><D133/><U107/><E107/><V87/><F87/><BYE who="2" /><W111/><G111/><T13/><D13/><U91/><E83/><V113/><F113/><W54/><G18/><T88/><D88/><U79/><E79/><V131/><F131/><W3/><G3/><T89/><D89/><U75/><E75/><V127/><F127/><W109/><G109/><T46/><D46/><U80/><E80/><V9/><F9/><W128/><G128/><T78/><D78/><U10/><E10/><V132/><F132/><W106/><REACH who="3" step="1"/><G99/><REACH who="3" ten="190,291,439,70" step="2"/><T84/><D2/><U36/><E5/><V8/><F8/><W44/><G44/><T69/><D0/><U121/><E11/><V57/><F57/><W34/><G34/><T98/><D98/><U1/><E59/><V42/><F42/><W125/><G125/><T63/><D69/><U60/><E45/><V14/><F14/><W135/><G135/><T68/><D68/><N who="1" m="42023" /><E12/><V118/><F118/><W32/><G32/><T94/><D58/><RYUUKYOKU ba="1,1" sc="190,-15,291,-15,439,15,70,15" hai2="16,19,27,28,29,37,39,48,50,92,93,108,110" hai3="30,35,40,41,43,47,49,54,85,86,97,103,106" /><INIT seed="2,2,1,1,5,60" ten="175,276,454,85" oya="2" hai0="44,55,53,82,62,77,12,65,126,72,68,98,105" hai1="8,26,45,85,97,121,30,43,5,52,58,29,41" hai2="129,86,89,78,46,113,114,130,35,101,99,125,135" hai3="6,84,33,127,115,123,118,80,131,102,103,111,23"/><V49/><F49/><W42/><G123/><T2/><D2/><U10/><E121/><V134/><F134/><W95/><G33/><T56/><D126/><U25/><E97/><V106/><F106/><W75/><G6/><UN n2="%E3%83%AB%E3%83%BC%E3%82%B7%E3%82%A2%E3%81%AE%E3%82%88%E3%81%86%E3%81%AB" /><T61/><D12/><N who="1" m="5135" /><E10/><V21/><F35/><W54/><G42/><N who="1" m="15882" /><E45/><V59/><F21/><W7/><G23/><T31/><D31/><N who="1" m="11787" /><E85/><V117/><F46/><W70/><G84/><T119/><D119/><U122/><E122/><V11/><F117/><W96/><G118/><T110/><D110/><U92/><E92/><V19/><F11/><W116/><G116/><T67/><REACH who="0" step="1"/><D44/><REACH who="0" ten="165,276,454,85" step="2"/><U132/><E132/><V79/><F135/><W50/><G111/><T83/><D83/><U81/><E81/><V71/><F114/><W17/><G80/><T69/><D69/><U20/><E20/><V73/><F113/><W90/><G70/><T64/><D64/><U0/><E0/><V34/><F71/><W48/><G115/><T128/><D128/><U18/><E18/><V16/><F130/><W22/><G17/><T63/><D63/><AGARI ba="2,2" hai="25,26,52,58,63" m="11787,15882,5135" machi="63" ten="30,2000,0" yaku="8,1,54,1" doraHai="60" who="1" fromWho="0" sc="165,-26,276,46,454,0,85,0" /><INIT seed="3,0,0,2,3,125" ten="139,322,454,85" oya="3" hai0="69,117,75,6,94,132,91,111,135,21,120,74,3" hai1="49,110,78,0,134,18,77,86,119,51,126,36,99" hai2="32,72,76,31,57,54,66,64,93,92,97,50,46" hai3="20,90,128,4,71,5,131,2,60,106,108,121,8"/><W27/><G121/><T96/><D117/><U58/><E36/><V70/><F70/><W12/><G106/><T107/><D69/><U13/><E0/><V33/><F72/><N who="0" m="27690" /><D21/><U62/><E134/><N who="0" m="51241" /><D120/><U7/><E119/><V43/><F76/><W100/><G100/><N who="0" m="62855" /><D6/><U1/><E51/><V41/><F31/><W133/><G133/><T9/><D9/><U59/><E49/><V11/><F11/><N who="3" m="4199" /><G90/><T113/><D3/><U101/><E59/><V81/><F81/><W116/><G116/><T17/><D17/><U112/><E58/><V102/><F33/><W42/><G42/><N who="2" m="15881" /><F92/><W115/><G115/><T47/><D47/><U98/><E112/><V56/><F32/><W109/><G71/><T67/><D67/><AGARI ba="0,0" hai="46,50,54,56,57,64,66,67,93,97,102" m="15881" machi="67" ten="30,1000,0" yaku="8,1" doraHai="125" who="2" fromWho="0" sc="139,-10,322,0,454,10,85,0" /><INIT seed="4,0,0,5,1,39" ten="129,322,464,85" oya="0" hai0="116,123,17,97,115,107,41,27,43,49,110,113,54" hai1="19,52,75,0,8,57,77,3,53,112,106,117,118" hai2="91,23,46,82,98,1,80,83,70,92,95,87,22" hai3="21,60,20,61,65,128,120,12,58,2,29,74,67"/><T36/><D123/><U56/><E106/><V34/><F34/><W129/><G2/><T59/><D116/><U124/><E77/><V69/><F1/><W96/><G74/><T16/><D110/><U32/><E75/><V131/><F131/><N who="3" m="50251" /><G120/><T105/><D36/><U101/><E101/><V130/><F130/><W64/><G29/><T55/><D27/><U48/><E32/><V13/><F69/><N who="3" m="42119" /><G67/><T86/><D86/><U94/><E19/><N who="0" m="7241" /><D97/><U5/><E3/><V88/><F70/><W33/><G33/><T135/><D135/><U31/><E31/><V26/><F13/><W50/><G12/><T73/><D73/><U121/><E121/><V119/><F119/><W28/><G28/><T51/><D55/><U45/><E118/><V63/><F26/><W30/><G30/><T35/><D35/><U7/><E53/><V108/><F108/><W66/><G66/><T89/><D89/><U11/><E52/><V126/><F23/><W4/><G4/><T62/><D105/><U68/><E0/><V38/><F22/><N who="3" m="8811" /><G96/><T133/><D133/><U132/><E132/><V104/><F104/><W100/><G100/><T127/><D107/><U78/><E5/><V84/><F98/><W6/><G6/><T40/><D127/><U111/><E7/><V76/><F91/><W18/><G18/><T85/><D85/><U42/><E124/><V102/><F126/><W79/><G79/><T24/><D24/><U9/><E78/><V25/><F76/><W37/><G37/><T10/><D10/><N who="1" m="2563" /><U125/><DORA hai="81" /><E117/><V109/><F38/><W14/><G14/><RYUUKYOKU ba="0,0" sc="129,15,322,-15,464,-15,85,15" hai0="40,41,43,49,51,54,59,62,113,115" hai3="50,58,61,65" /><INIT seed="4,1,0,3,4,32" ten="144,307,449,100" oya="0" hai0="6,38,131,128,71,109,79,15,29,98,111,17,124" hai1="82,83,85,91,65,48,113,59,84,27,64,21,110" hai2="46,99,102,11,33,8,89,101,125,67,78,87,43" hai3="92,42,68,63,129,20,61,50,95,23,88,133,2"/><T72/><D71/><U103/><E113/><V31/><F125/><W25/><G129/><N who="0" m="49739" /><D38/><U114/><E114/><V18/><F67/><W106/><G106/><T100/><D124/><U7/><E110/><N who="0" m="41993" /><D29/><N who="1" m="17647" /><E7/><V57/><F78/><W34/><G133/><T12/><D6/><U70/><E70/><V130/><F130/><W104/><G104/><N who="0" m="63511" /><D17/><U13/><E103/><V41/><F102/><W24/><G68/><T116/><D116/><U123/><E123/><V19/><F18/><W96/><G34/><T51/><D51/><U16/><E48/><V39/><F33/><W75/><G50/><T44/><D44/><U74/><E59/><V66/><F57/><W105/><G105/><T4/><D4/><U76/><E74/><V3/><F101/><W1/><G75/><T77/><D72/><U135/><E135/><V93/><F19/><W47/><G47/><T119/><D119/><U115/><E115/><V40/><F46/><W9/><G9/><AGARI ba="1,0" hai="9,13,16,64,65,76,82,83,84,85,91" m="17647" machi="9" ten="30,2000,0" yaku="8,1,54,1" doraHai="32" who="1" fromWho="3" sc="144,0,307,23,449,0,100,-23" /><INIT seed="5,0,0,1,1,18" ten="144,330,449,77" oya="1" hai0="77,10,72,125,27,21,116,112,15,41,16,131,14" hai1="2,103,93,68,64,25,60,105,121,69,54,95,36" hai2="8,94,117,129,67,13,30,75,82,102,76,66,26" hai3="11,3,4,40,42,135,46,38,33,100,107,61,132"/><U84/><E121/><V45/><F117/><W113/><G113/><T79/><D116/><U12/><E2/><V108/><F108/><W28/><G40/><T111/><D111/><U35/><E36/><V23/><F129/><W115/><G115/><T34/><D112/><U20/><E69/><V52/><F102/><W6/><G6/><N who="0" m="3415" /><D72/><U7/><E84/><N who="2" m="48199" /><F94/><W124/><G61/><T50/><D34/><U9/><E54/><V63/><F75/><W122/><G122/><T133/><D131/><U80/><E80/><V32/><F32/><W53/><G53/><T97/><D133/><U44/><E44/><V134/><F134/><W90/><G90/><T126/><D97/><U65/><E65/><V78/><F78/><N who="0" m="29706" /><D126/><U62/><E35/><V58/><F45/><W104/><G124/><T22/><D125/><U110/><E110/><V29/><F29/><W87/><G87/><T55/><D41/><U81/><E81/><V120/><F120/><W1/><G1/><T48/><D55/><U51/><E105/><V59/><F59/><W70/><G70/><T92/><D92/><N who="1" m="35403" /><E103/><V106/><F106/><W130/><G130/><T73/><D73/><U86/><E86/><V127/><F127/><W91/><G91/><T109/><D109/><U101/><E101/><V0/><F0/><W128/><G128/><T19/><AGARI ba="0,0" hai="15,16,19,21,22,27,48,50" m="29706,3415" machi="19" ten="30,7900,0" yaku="8,1,52,2,54,1" doraHai="18" who="0" fromWho="0" sc="144,79,330,-39,449,-20,77,-20" /><INIT seed="6,0,0,1,5,76" ten="223,291,429,57" oya="2" hai0="25,101,91,102,106,96,2,122,3,46,36,103,10" hai1="33,6,92,5,125,127,45,11,133,134,86,26,79" hai2="12,98,22,63,90,1,84,94,4,56,52,51,57" hai3="61,54,49,42,110,109,132,18,39,131,41,116,16"/><V27/><F1/><W20/><G116/><T124/><D122/><U17/><E45/><V19/><F4/><N who="1" m="1641" /><E79/><V21/><F21/><W97/><G131/><T117/><D10/><U74/><E74/><V59/><F51/><W70/><G132/><N who="1" m="50794" /><E86/><V60/><F60/><W108/><G97/><T64/><D25/><U111/><E92/><V13/><F84/><W15/><G39/><T48/><D64/><U113/><E111/><V29/><F29/><W93/><G18/><T88/><D106/><U34/><E113/><V0/><F0/><W40/><G93/><T37/><D102/><U23/><E11/><V107/><F107/><W130/><G130/><T32/><D96/><U55/><E55/><V114/><F114/><W83/><G70/><T123/><D46/><U119/><E119/><V35/><F59/><W105/><G105/><T9/><D9/><U44/><E44/><V67/><F57/><W75/><G61/><T73/><D117/><U69/><E69/><V118/><F67/><W126/><G126/><AGARI ba="0,0" hai="17,23,26,33,34,125,126,127" m="50794,1641" machi="126" ten="30,7700,0" yaku="18,1,20,1,34,2" doraHai="76" who="1" fromWho="3" sc="223,0,291,77,429,0,57,-77" owari="223,-18.0,368,17.0,429,53.0,-20,-52.0" /></mjloggm>