<mjloggm ver="2.3"><GO type="169" lobby="0"/><UN n0="%41%79%65%73%68%61" n1="%6E%65%75%74%72%6F%6E" n2="%E3%82%A6%E3%83%AB%E3%83%88%E3%83%A9%E7%AB%8B%E7%9B%B4" n3="%6B%79%6F%6E%32%35" dan="16,16,16,16" rate="2172.22,2098.20,2126.14,2037.89" sx="F,M,M,M"/><TAIKYOKU oya="0"/><INIT seed="0,0,0,2,3,108" ten="250,250,250,250" oya="0" hai0="132,20,84,80,33,21,79,130,129,16,9,28,103" hai1="64,97,2,22,29,25,11,87,6,126,94,1,17" hai2="24,56,95,60,41,52,114,66,99,8,105,3,35" hai3="43,7,111,122,10,51,27,0,50,19,119,121,115"/><T5/><D132/><U54/><E64/><V4/><F114/><W96/><G115/><T18/><D103/><U100/><E126/><V123/><F123/><N who="3" m="47115" /><G119/><T125/><D125/><U112/><E112/><V12/><F41/><W98/><G111/><T13/><D33/><U40/><E40/><V127/><F127/><W78/><G78/><T109/><D28/><U124/><E124/><V76/><F76/><W104/><G104/><T61/><D61/><U128/><E128/><N who="0" m="49257" /><D109/><U113/><E113/><V102/><F3/><W92/><G43/><T91/><D91/><U38/><E38/><V67/><F105/><W45/><G45/><T14/><D18/><U47/><E87/><V69/><F69/><W81/><G81/><T83/><D80/><U39/><E39/><V65/><F35/><W37/><G37/><T62/><D62/><U120/><E120/><V68/><F68/><W131/><G98/><T85/><D21/><U89/><E89/><V73/><F73/><AGARI ba="0,0" hai="5,9,13,14,16,20,73,79,83,84,85" m="49257" machi="73" ten="30,2900,0" yaku="19,1,54,1" doraHai="108" who="0" fromWho="2" sc="250,29,250,0,250,-29,250,0" /><INIT seed="0,1,0,3,3,120" ten="279,250,221,250" oya="0" hai0="68,85,70,100,130,54,42,135,127,38,27,6,48" hai1="28,78,111,46,76,104,114,25,106,35,15,95,118" hai2="89,105,129,8,18,55,59,12,79,16,121,11,73" hai3="47,82,53,62,51,83,87,60,77,134,3,2,36"/><T65/><D135/><U30/><E118/><V22/><F121/><W4/><G134/><T10/><D100/><U113/><E46/><V41/><F105/><W102/><G36/><T124/><D27/><U19/><E95/><V61/><F129/><W39/><G39/><T20/><D20/><U58/><E58/><V86/><F41/><W109/><G102/><T107/><D107/><U75/><E75/><V101/><F101/><W128/><G128/><T98/><D130/><U122/><E122/><V108/><F73/><W13/><G2/><T81/><D98/><U49/><E49/><V88/><F108/><W1/><G1/><N who="0" m="335" /><D65/><U93/><E93/><V94/><F79/><W69/><G109/><T14/><D14/><U37/><E111/><V56/><F18/><W71/><G3/><T74/><D74/><U26/><E37/><V31/><F31/><W29/><G29/><T97/><D42/><U32/><E15/><V33/><F33/><W24/><G24/><T44/><D97/><U117/><E117/><V23/><F23/><W96/><G96/><T7/><D7/><U40/><E40/><V17/><F17/><AGARI ba="1,0" hai="17,19,25,26,28,30,32,35,76,78,104,106,113,114" machi="17" ten="25,1600,0" yaku="22,2" doraHai="120" who="1" fromWho="2" sc="279,0,250,19,221,-19,250,0" /><INIT seed="1,0,0,4,3,20" ten="279,269,202,250" oya="1" hai0="53,64,41,14,127,44,84,49,12,121,2,111,100" hai1="43,39,4,40,94,123,90,103,124,134,78,27,122" hai2="81,32,17,106,68,77,10,131,26,75,91,97,5" hai3="58,13,109,87,3,38,33,76,117,71,50,8,125"/><U45/><E124/><V24/><F131/><W88/><G125/><T19/><D121/><U82/><E134/><V6/><F68/><W70/><G38/><T36/><D2/><U52/><E103/><V62/><F62/><W73/><G3/><T67/><D127/><U92/><E4/><V72/><F72/><W89/><G33/><T31/><D31/><U28/><E94/><V61/><F61/><W133/><G133/><T35/><D35/><U118/><E118/><V56/><F56/><W128/><G128/><T98/><D84/><U11/><E11/><V60/><F60/><W21/><G71/><T16/><D111/><U102/><E102/><V54/><F54/><N who="3" m="32087" /><G70/><T66/><D14/><U86/><E40/><V115/><F115/><W7/><G109/><T116/><D12/><U99/><REACH who="1" step="1"/><E52/><REACH who="1" ten="279,259,202,250" step="2"/><V47/><F5/><W65/><G117/><T85/><D116/><U0/><E0/><V79/><F6/><W95/><G65/><T59/><D67/><U93/><E93/><V129/><F129/><W96/><G7/><T23/><D66/><U101/><E101/><V9/><F9/><W1/><G8/><T132/><D64/><U46/><E46/><V110/><F47/><W42/><G1/><T126/><D126/><U37/><E37/><V80/><F110/><W135/><G135/><T48/><D132/><U114/><E114/><V112/><F112/><W63/><G42/><T18/><D36/><U107/><E107/><V55/><F106/><W57/><G63/><T34/><D100/><U25/><E25/><V51/><F26/><W69/><G95/><RYUUKYOKU ba="0,1" sc="279,-10,259,30,202,-10,250,-10" hai1="27,28,39,43,45,78,82,86,90,92,99,122,123" /><INIT seed="1,1,1,1,1,122" ten="269,289,192,240" oya="1" hai0="104,37,97,41,71,91,76,4,9,32,23,25,123" hai1="13,125,93,86,134,65,108,95,39,78,103,42,111" hai2="75,67,133,89,132,98,131,3,117,21,45,26,128" hai3="11,17,114,19,60,22,88,72,5,64,124,74,15"/><U73/><E73/><V10/><F75/><W85/><G114/><T55/><D123/><U43/><E65/><V112/><F117/><W38/><G38/><T16/><D32/><U100/><E134/><N who="2" m="51819" /><F112/><W44/><G44/><T61/><D76/><U116/><E116/><V83/><F67/><W69/><G124/><T79/><D79/><U68/><E68/><V56/><F56/><W46/><G46/><T107/><D41/><U119/><E119/><V40/><F10/><W6/><G6/><T87/><D37/><U59/><E125/><V99/><F3/><W33/><G33/><T80/><D97/><N who="2" m="36874" /><F83/><W31/><G31/><T101/><D101/><U47/><E59/><V105/><F89/><W77/><G77/><T96/><D96/><U24/><E24/><V0/><F0/><W115/><G115/><T129/><D129/><U94/><E13/><V34/><F34/><W12/><REACH who="3" step="1"/><G5/><REACH who="3" ten="269,289,192,230" step="2"/><T57/><REACH who="0" step="1"/><D71/><REACH who="0" ten="259,289,192,230" step="2"/><U36/><E36/><N who="2" m="21639" /><F105/><W49/><G49/><T130/><D130/><U30/><E42/><V20/><F131/><W84/><G84/><T2/><AGARI ba="1,3" hai="2,4,9,16,23,25,55,57,61,80,87,91,104,107" machi="2" ten="20,5200,0" yaku="1,1,0,1,7,1,54,1,53,0" doraHai="122" doraHaiUra="121" who="0" fromWho="0" sc="259,85,289,-27,192,-14,230,-14" /><INIT seed="2,0,0,0,2,61" ten="344,262,178,216" oya="2" hai0="111,41,26,39,81,25,131,44,117,125,35,17,71" hai1="23,12,72,99,37,133,15,24,118,28,51,100,124" hai2="20,58,27,50,110,79,43,115,66,30,95,75,1" hai3="86,18,55,0,130,91,80,59,32,134,40,89,109"/><V78/><F115/><W108/><G32/><T112/><D112/><U33/><E72/><V4/><F110/><N who="3" m="42603" /><G130/><T67/><D111/><U127/><E37/><V53/><F75/><W122/><G40/><T87/><D117/><U31/><E118/><V45/><F1/><W85/><G134/><T129/><D35/><U64/><E133/><V77/><F4/><W135/><G135/><T76/><D17/><U52/><E31/><V96/><F66/><W60/><G0/><T16/><D125/><N who="1" m="48203" /><E33/><V11/><F11/><W132/><G132/><T84/><D87/><U9/><E9/><V101/><REACH who="2" step="1"/><F78/><REACH who="2" ten="344,262,168,216" step="2"/><N who="3" m="46231" /><G122/><T6/><D76/><U3/><E64/><V34/><F34/><W74/><G74/><T13/><D67/><U114/><E3/><V21/><F21/><W104/><G86/><T93/><D6/><U42/><E114/><V92/><F92/><W7/><G7/><T57/><D93/><U68/><E68/><V90/><F90/><W38/><G104/><T102/><D71/><U82/><E82/><V107/><F107/><W116/><G116/><T47/><D81/><U88/><E88/><N who="3" m="33866" /><G18/><T63/><D16/><U29/><E29/><V46/><F46/><W8/><G8/><T106/><D47/><U49/><E28/><V98/><F98/><W103/><G103/><T62/><D102/><U73/><E73/><V119/><F119/><W128/><G128/><T113/><D106/><U22/><E100/><V56/><F56/><W120/><G120/><T48/><D57/><U5/><E5/><V97/><F97/><W14/><G14/><T69/><D13/><RYUUKYOKU ba="0,1" sc="344,-15,262,-15,168,15,216,15" hai2="20,27,30,43,45,50,53,58,77,79,95,96,101" hai3="38,55,59,60" /><INIT seed="2,1,1,2,4,21" ten="329,247,183,231" oya="2" hai0="82,127,102,123,52,40,133,48,94,77,26,115,92" hai1="44,87,93,46,14,84,75,124,16,73,97,131,112" hai2="22,41,2,31,119,107,36,4,58,42,61,128,88" hai3="37,7,11,85,118,79,38,54,72,50,55,80,64"/><V67/><F119/><W69/><G118/><T43/><D123/><U63/><E112/><V49/><F107/><W105/><G105/><T10/><D115/><U100/><E124/><V3/><F36/><W13/><G72/><T109/><D109/><U35/><E35/><V28/><F3/><W83/><G83/><T60/><D127/><U32/><E32/><V90/><F2/><W66/><G55/><T116/><D60/><U114/><E114/><V134/><F134/><W29/><G29/><N who="2" m="11337" /><F128/><W113/><G113/><T122/><D122/><U12/><E131/><V132/><F132/><W110/><G110/><T39/><D10/><U95/><E63/><V125/><F125/><W96/><G96/><T30/><D39/><U45/><E73/><V65/><F4/><W33/><G33/><T62/><D62/><U59/><E75/><V89/><F65/><N who="3" m="25195" /><G38/><T104/><D104/><U106/><E106/><V20/><F49/><W47/><G37/><T51/><D116/><U56/><E12/><V15/><F15/><W53/><G69/><T9/><D51/><U71/><E71/><V23/><AGARI ba="1,1" hai="20,22,23,41,42,58,61,67,88,89,90" m="11337" machi="23" ten="40,3900,0" yaku="8,1,54,1" doraHai="21" who="2" fromWho="2" sc="329,-14,247,-14,183,52,231,-14" /><INIT seed="2,2,0,2,0,47" ten="315,233,235,217" oya="2" hai0="32,50,94,18,14,64,65,52,48,87,132,90,49" hai1="54,124,15,44,130,81,5,13,125,96,111,122,68" hai2="92,82,119,93,53,120,19,76,88,42,59,129,9" hai3="133,11,58,21,34,61,95,102,100,25,109,126,108"/><V114/><F120/><W57/><G34/><T89/><D32/><U41/><E122/><V4/><F119/><W70/><G11/><N who="0" m="6495" /><D132/><U66/><E111/><N who="3" m="42570" /><G133/><T115/><D115/><U86/><E130/><V113/><F129/><W22/><G126/><T7/><D7/><U105/><E54/><V91/><F42/><W103/><G70/><T39/><D39/><U56/><E68/><V20/><F113/><W36/><G36/><T31/><D31/><U131/><E131/><V97/><F114/><W121/><G121/><T72/><D72/><U43/><E43/><V0/><F82/><W135/><G135/><T84/><D52/><U99/><E5/><V23/><F76/><W10/><G10/><T55/><D55/><U63/><E105/><V69/><F19/><N who="3" m="12479" /><G22/><T71/><D71/><U29/><E29/><V75/><F75/><W38/><G38/><T101/><D101/><N who="3" m="39017" /><G61/><T27/><D27/><U74/><E74/><V117/><F117/><W116/><G116/><T110/><D110/><U112/><E112/><V118/><F118/><W62/><G62/><T35/><D35/><U30/><E30/><V134/><F134/><W17/><G17/><T106/><D106/><U123/><E123/><V127/><F127/><W12/><G12/><N who="1" m="4682" /><E125/><V104/><F104/><W45/><G45/><T107/><D107/><U16/><E124/><V37/><F37/><W78/><G78/><T128/><D128/><U85/><E16/><V33/><F33/><W46/><G46/><T26/><D26/><U28/><E28/><V51/><F69/><W40/><G40/><T83/><AGARI ba="2,0" hai="48,49,50,64,65,83,84,87,89,90,94" m="6495" machi="83" ten="30,8000,1" yaku="5,1,8,1,52,3" doraHai="47" who="0" fromWho="0" sc="315,86,233,-22,235,-42,217,-22" /><INIT seed="3,0,0,0,1,13" ten="401,211,193,195" oya="3" hai0="103,62,109,115,128,23,22,98,5,52,68,7,121" hai1="104,57,69,133,94,20,129,45,108,84,63,33,43" hai2="37,66,44,134,26,76,117,4,100,96,55,64,24" hai3="75,38,77,92,101,118,12,60,86,65,107,41,21"/><W42/><G118/><T112/><D121/><U3/><E33/><V89/><F117/><W119/><G119/><T95/><D109/><U11/><E104/><V73/><F134/><W97/><G38/><T82/><D128/><U6/><E108/><V1/><F89/><W79/><G75/><T127/><D127/><U18/><E133/><V90/><F90/><W16/><G77/><T114/><D82/><U51/><E129/><V83/><F66/><W120/><G120/><T74/><D74/><U113/><E113/><V39/><F64/><W125/><G125/><T111/><D111/><U8/><E69/><V59/><F39/><W88/><G79/><T47/><D68/><AGARI ba="0,0" hai="12,16,21,41,42,60,65,68,86,88,92,97,101,107" machi="68" ten="30,11600,0" yaku="7,1,52,1,54,2" doraHai="13" who="3" fromWho="0" sc="401,-116,211,0,193,0,195,116" /><INIT seed="3,1,0,1,3,120" ten="285,211,193,311" oya="3" hai0="10,72,28,33,39,78,114,44,46,38,30,67,85" hai1="55,41,122,11,97,125,21,50,23,84,64,58,36" hai2="87,19,25,74,113,26,48,106,63,60,119,108,15" hai3="107,117,71,24,34,59,99,51,54,95,47,3,115"/><W111/><G117/><T56/><D72/><U52/><E122/><V79/><F74/><W7/><G115/><T90/><D78/><U73/><E73/><V129/><F106/><W86/><G71/><T131/><D131/><U127/><E64/><V92/><F119/><W118/><G118/><T130/><D130/><U6/><E97/><V29/><F113/><W37/><G107/><T61/><D114/><U70/><E70/><V31/><F129/><W103/><G3/><T4/><D33/><U20/><E84/><V100/><F48/><W132/><G7/><T8/><D39/><U128/><E128/><V75/><F75/><W96/><G96/><T69/><D69/><U81/><E81/><N who="2" m="47551" /><F92/><W18/><G132/><T112/><D112/><U88/><E88/><V13/><F13/><W32/><G86/><T121/><D121/><U76/><E76/><V5/><F5/><W27/><G37/><T98/><D98/><U77/><E77/><V2/><F2/><W104/><G104/><T53/><D4/><U0/><E55/><V40/><F40/><W43/><G27/><N who="2" m="10249" /><F100/><W110/><G18/><T135/><D67/><U45/><AGARI ba="1,0" hai="0,6,11,20,21,23,36,41,45,50,52,58,125,127" machi="45" ten="30,2000,0" yaku="0,1,54,1" doraHai="120" who="1" fromWho="1" sc="285,-6,211,23,193,-6,311,-11" /><INIT seed="4,0,0,3,4,125" ten="279,234,187,300" oya="0" hai0="110,76,134,83,90,99,47,135,108,96,69,66,27" hai1="8,1,61,32,23,70,107,55,54,130,124,127,115" hai2="122,128,131,34,12,52,17,87,25,91,57,41,21" hai3="114,40,109,67,24,11,92,89,31,7,53,78,20"/><T51/><D27/><U59/><E32/><V65/><F65/><W22/><G109/><N who="0" m="42091" /><D66/><U113/><E107/><V0/><F0/><W71/><G114/><N who="1" m="43530" /><E23/><V132/><F41/><W45/><G78/><T3/><D69/><U93/><E93/><N who="2" m="54527" /><F122/><W39/><G53/><N who="0" m="29951" /><D3/><U29/><E29/><N who="2" m="19759" /><F132/><N who="0" m="50730" /><D90/><U9/><E70/><V100/><F100/><W19/><G67/><T116/><D116/><U60/><E1/><V79/><F79/><W2/><G71/><T26/><D26/><U103/><E103/><V49/><AGARI ba="0,0" hai="12,17,21,49,52,57,128,131" m="19759,54527" machi="49" ten="30,7900,0" yaku="25,1,52,2,54,1" doraHai="125" who="2" fromWho="2" sc="279,-39,234,-20,187,79,300,-20" /><INIT seed="5,0,0,2,5,135" ten="240,214,266,280" oya="1" hai0="113,115,93,122,1,26,50,114,133,62,123,38,107" hai1="11,53,34,30,82,61,87,110,18,20,109,101,60" hai2="121,99,111,119,19,68,44,80,128,96,8,66,65" hai3="71,16,104,75,52,58,118,24,4,81,54,103,22"/><U100/><E11/><V89/><F121/><N who="0" m="46090" /><D38/><U78/><E30/><V21/><F119/><W130/><G71/><T120/><N who="0" m="46098" /><T32/><DORA hai="105" /><D1/><U117/><E117/><V23/><F68/><W36/><G118/><T31/><D133/><U67/><E34/><V79/><F111/><N who="1" m="42505" /><E53/><V76/><F128/><W29/><G130/><T5/><D107/><U2/><E2/><V70/><F70/><W6/><G36/><T46/><D5/><U91/><E91/><V45/><F8/><W14/><G103/><N who="1" m="39498" /><E67/><V55/><F55/><W126/><G104/><T127/><D93/><U10/><E10/><V129/><F129/><W108/><G108/><T90/><D90/><U27/><AGARI ba="0,0" hai="18,20,27,60,61,78,82,87" m="39498,42505" machi="27" ten="30,1500,0" yaku="10,1" doraHai="135,105" who="1" fromWho="1" sc="240,-5,214,15,266,-5,280,-5" /><INIT seed="5,1,0,2,4,77" ten="235,229,261,275" oya="1" hai0="25,61,33,125,49,31,15,3,50,64,76,71,45" hai1="32,73,69,123,66,39,36,48,96,59,42,85,108" hai2="80,90,95,101,117,83,19,14,62,128,34,40,5" hai3="53,11,110,57,47,94,60,97,102,124,7,74,99"/><U55/><E123/><V28/><F117/><W17/><G110/><T112/><D3/><U44/><E73/><V82/><F128/><W72/><G17/><T37/><D125/><U120/><E120/><V63/><F34/><W116/><G124/><T0/><D112/><U29/><E108/><V84/><F28/><W27/><G27/><T81/><D0/><U12/><E96/><N who="2" m="59551" /><F40/><W119/><G99/><T79/><D15/><U104/><E104/><V9/><F19/><W132/><G132/><T43/><REACH who="0" step="1"/><D79/><REACH who="0" ten="225,229,261,275" step="2"/><U126/><E126/><V91/><F91/><W56/><G116/><T20/><D20/><U65/><E12/><V111/><F111/><W35/><G119/><T115/><D115/><U106/><E32/><V1/><F1/><W75/><G35/><T92/><D92/><AGARI ba="1,1" hai="5,9,14,62,63,80,82,83,84,90,92" m="59551" machi="92" ten="30,7700,0" yaku="8,1,52,3" doraHai="77" who="2" fromWho="0" sc="225,-80,229,0,261,90,275,0" /><INIT seed="6,0,0,4,2,129" ten="145,229,351,275" oya="2" hai0="20,131,83,66,55,104,60,80,52,128,74,50,87" hai1="7,3,100,57,43,30,28,35,119,4,82,120,12" hai2="38,106,10,36,63,45,46,91,121,73,18,130,64" hai3="71,34,111,126,47,95,70,21,13,96,29,117,5"/><V132/><F106/><W32/><G111/><T108/><D104/><U89/><E100/><V78/><F121/><W31/><G47/><T44/><D108/><U118/><E57/><V107/><F107/><W135/><G117/><T8/><D74/><U97/><E43/><V27/><F78/><W61/><G126/><T90/><D55/><U59/><E59/><V39/><F73/><W116/><G61/><T51/><D51/><U68/><E68/><V86/><F130/><W24/><G31/><T84/><D128/><U77/><E97/><V79/><F79/><W88/><G116/><T48/><D131/><U134/><E89/><V94/><F63/><W101/><G71/><T102/><D102/><U110/><E110/><V22/><F10/><N who="3" m="4303" /><G70/><T105/><D105/><U103/><E103/><V41/><F64/><W127/><G34/><T42/><D20/><U9/><E120/><V93/><F45/><W115/><G127/><T37/><D8/><U123/><E123/><V26/><F38/><W40/><G40/><T25/><D25/><U98/><E98/><V72/><F27/><W92/><G32/><T125/><D125/><U33/><E77/><V99/><F72/><W16/><G115/><T67/><D37/><U1/><E9/><V85/><F39/><W114/><G114/><T124/><D60/><U53/><E53/><V17/><F36/><W23/><G23/><T65/><D124/><U113/><E113/><V81/><F22/><W14/><G29/><T109/><D109/><U122/><E122/><V112/><F112/><W19/><G24/><T76/><D67/><RYUUKYOKU ba="0,0" sc="145,30,229,-10,351,-10,275,-10" hai0="42,44,48,50,52,65,66,76,80,83,84,87,90" /><INIT seed="7,1,0,2,2,3" ten="175,219,341,265" oya="3" hai0="65,24,86,39,89,125,73,5,129,18,54,79,133" hai1="107,131,98,16,12,20,68,34,13,17,11,117,15" hai2="91,56,38,77,94,4,97,61,52,123,28,128,6" hai3="102,33,55,110,118,87,8,124,81,30,60,106,53"/><W90/><G118/><T101/><D129/><U31/><E68/><V105/><F38/><W132/><G124/><T88/><D125/><U41/><E41/><V32/><F128/><W130/><G132/><T109/><D133/><U92/><E107/><V62/><F105/><W78/><G110/><T104/><D109/><U134/><E131/><V29/><F32/><W120/><G60/><T67/><D39/><U99/><E134/><V71/><F71/><W96/><G120/><T103/><D73/><U83/><E83/><V113/><F113/><W7/><G130/><T47/><D104/><U2/><E117/><V27/><F123/><W70/><G70/><T35/><D35/><U48/><E48/><V82/><F62/><W84/><G30/><N who="2" m="11881" /><F27/><W112/><G33/><T26/><D79/><U51/><E51/><V76/><F76/><W64/><G64/><T50/><D5/><N who="1" m="1463" /><E92/><V14/><F14/><W25/><G25/><T45/><D18/><N who="1" m="10311" /><E98/><V93/><F93/><W119/><G119/><T72/><D72/><U127/><E99/><V115/><F115/><W59/><G112/><T23/><D50/><U57/><E57/><V58/><F58/><W80/><G59/><T85/><D23/><U74/><E74/><V44/><F44/><W126/><G126/><T116/><D116/><U0/><E127/><V49/><F61/><W42/><G42/><T46/><D47/><U95/><E95/><V135/><F135/><W40/><G40/><T111/><D111/><U69/><E69/><V122/><F122/><W66/><G66/><T108/><D108/><U37/><E37/><RYUUKYOKU ba="1,0" sc="175,10,219,-30,341,10,265,10" hai0="24,26,45,46,54,65,67,85,86,88,89,101,103" hai2="4,6,49,52,56,77,82,91,94,97" hai3="7,8,53,55,78,80,81,84,87,90,96,102,106" /><INIT seed="7,2,0,4,2,73" ten="185,189,351,275" oya="3" hai0="46,32,107,133,135,42,59,87,122,119,9,109,71" hai1="14,25,104,83,69,82,28,35,110,94,13,108,27" hai2="105,134,95,70,47,117,29,130,101,103,65,81,74" hai3="88,128,55,49,72,11,34,20,111,118,123,78,45"/><W52/><G118/><T113/><D122/><U85/><E104/><V39/><F70/><W92/><G123/><T99/><D119/><U54/><E69/><V60/><F39/><W26/><G34/><T41/><D71/><U57/><E110/><V10/><F29/><W67/><G128/><T19/><D32/><U1/><E1/><V16/><F74/><W114/><G114/><T64/><D113/><U79/><E108/><V8/><F105/><W132/><G132/><N who="0" m="50763" /><D109/><U4/><E25/><V90/><F130/><W126/><G126/><T100/><D87/><U86/><E94/><V129/><F95/><W63/><G11/><T18/><D9/><U15/><E4/><V80/><F10/><W38/><G38/><N who="0" m="21815" /><D42/><U97/><E97/><V50/><F8/><W106/><G106/><T37/><D37/><U91/><E15/><V24/><F129/><W68/><G111/><T5/><D5/><U31/><E31/><V43/><F43/><W98/><G55/><T102/><D102/><U127/><E127/><V3/><F3/><W7/><G7/><T33/><D33/><U116/><E116/><V125/><F125/><W77/><G72/><T6/><D6/><U124/><E124/><V40/><F40/><W89/><G89/><T84/><D84/><U12/><E12/><V112/><F134/><W17/><AGARI ba="2,0" hai="17,20,26,45,49,52,63,67,68,77,78,88,92,98" machi="17" ten="20,18000,2" yaku="0,1,7,1,52,2,54,2" doraHai="73" who="3" fromWho="3" sc="185,-62,189,-62,351,-62,275,186" owari="123,-38.0,127,-27.0,289,9.0,461,56.0" /></mjloggm>