<mjloggm ver="2.3"><GO type="97" lobby="0"/><UN n0="%E5%B0%B1%E6%B4%BB%E7%94%9F%40%E5%B7%9D%E6%9D%91%E8%BB%8D%E5%9B%A3" n1="%6A%75%6D%62%6F" n2="%E7%89%8C%E7%8E%8B%E4%BD%8D" n3="%6F%72%65%72%79%75%37%37" dan="14,14,15,13" rate="1929.85,1852.34,2016.20,1866.32" sx="M,M,M,M"/><TAIKYOKU oya="0"/><INIT seed="0,0,0,3,2,107" ten="250,250,250,250" oya="0" hai0="27,80,14,103,26,19,24,4,99,35,70,117,114" hai1="135,33,132,47,7,32,15,13,22,0,123,129,81" hai2="12,90,131,17,61,112,23,105,16,96,3,104,116" hai3="21,102,128,67,60,119,10,43,20,56,46,79,30"/><T108/><D70/><U111/><E47/><V59/><F3/><W77/><G119/><T25/><D117/><U72/><E123/><V125/><F112/><W106/><G128/><T118/><D118/><U82/><E129/><V38/><F38/><W76/><G10/><T121/><D114/><U69/><E69/><V48/><F125/><W65/><G65/><T57/><D121/><U62/><E62/><V40/><F48/><W74/><G30/><T91/><D35/><U50/><E50/><V45/><F116/><W73/><G20/><T8/><D108/><U98/><E98/><V120/><F120/><W28/><G106/><T86/><N who="0" m="6656" /><DORA hai="71" /><T54/><D103/><U78/><E82/><V101/><F17/><W133/><G21/><T42/><D42/><U89/><E89/><V124/><F90/><W29/><G102/><T55/><D99/><U94/><E94/><V36/><F124/><W11/><G28/><T18/><REACH who="0" step="1"/><D55/><REACH who="0" ten="240,250,250,250" step="2"/><U44/><E111/><V37/><F131/><W9/><G29/><T97/><D97/><U41/><E33/><V83/><F105/><W115/><G115/><T130/><D130/><U110/><E110/><V87/><F96/><W109/><G109/><T49/><AGARI ba="0,1" hai="4,8,14,18,19,49,54,57,80,86,91" m="6656" machi="49" ten="40,12000,1" yaku="1,1,0,1,8,1,53,2" doraHai="107,71" doraHaiUra="51,2" who="0" fromWho="0" sc="240,130,250,-40,250,-40,250,-40" /><INIT seed="0,1,0,4,5,47" ten="370,210,210,210" oya="0" hai0="126,88,68,98,63,124,85,72,48,38,135,74,17" hai1="84,71,64,130,16,65,111,57,107,54,8,33,89" hai2="32,13,49,10,80,86,104,15,103,119,110,21,99" hai3="29,3,123,46,93,118,78,37,95,27,112,30,0"/><T81/><D38/><U132/><E33/><V28/><F32/><W114/><G118/><T58/><D135/><U115/><E107/><V50/><F119/><W52/><G123/><T116/><D116/><U79/><E71/><V11/><F110/><W1/><G78/><T25/><D68/><U77/><E111/><V5/><F21/><W66/><G66/><N who="1" m="25706" /><E132/><V61/><F61/><W108/><G108/><T40/><D98/><U121/><E121/><V67/><F28/><W36/><G27/><T122/><D122/><U101/><E115/><V56/><F56/><W9/><G9/><T22/><D63/><U106/><E106/><V18/><F67/><W20/><G20/><T76/><D72/><U87/><E101/><V14/><F14/><W73/><G73/><T62/><D62/><U59/><E130/><V41/><F41/><W44/><G3/><T70/><D70/><U134/><E134/><V127/><F127/><W51/><G52/><T26/><D26/><U105/><E105/><V7/><F18/><W125/><G125/><T100/><D100/><U45/><E45/><V96/><F96/><W24/><G24/><T109/><D109/><U23/><E8/><V90/><AGARI ba="1,0" hai="5,7,10,11,13,15,49,50,80,86,90,99,103,104" machi="90" ten="20,8000,1" yaku="0,1,7,1,9,1,52,2" doraHai="47" who="2" fromWho="2" sc="370,-41,210,-21,210,83,210,-21" /><INIT seed="1,0,0,0,2,95" ten="329,189,293,189" oya="1" hai0="57,126,108,72,98,19,8,12,127,24,17,115,103" hai1="4,81,90,96,125,55,27,39,9,42,131,106,28" hai2="94,86,52,76,77,15,32,132,59,130,97,11,88" hai3="100,116,91,40,92,25,134,16,41,29,14,111,62"/><U33/><E131/><V114/><F32/><W34/><G116/><T69/><D69/><U10/><E125/><N who="0" m="47625" /><D108/><U44/><E81/><N who="2" m="49231" /><F130/><W18/><G111/><T135/><D72/><U13/><E55/><V5/><F132/><W122/><G122/><T112/><D135/><U65/><E65/><V109/><F114/><N who="0" m="43562" /><D57/><U73/><E73/><V21/><F21/><W45/><G134/><T104/><D24/><U53/><E53/><V56/><F56/><W22/><G100/><T85/><D85/><U67/><E67/><V119/><F119/><W49/><G62/><T79/><D79/><U38/><E90/><N who="2" m="55511" /><F109/><W48/><G18/><AGARI ba="0,0" hai="8,12,17,18,19,98,103,104" m="43562,47625" machi="18" ten="30,2000,0" yaku="18,1,52,1" doraHai="95" who="0" fromWho="3" sc="329,20,189,0,293,0,189,-20" /><INIT seed="2,0,0,2,2,33" ten="349,189,293,169" oya="2" hai0="126,1,119,48,23,46,84,79,117,53,47,98,107" hai1="109,60,101,88,122,68,10,66,87,7,49,106,16" hai2="12,31,103,133,134,105,121,2,94,91,129,114,4" hai3="131,34,30,92,135,112,62,77,71,61,50,26,59"/><V99/><F31/><W21/><G135/><T67/><D126/><U111/><E122/><V36/><F36/><W81/><G131/><T58/><D1/><N who="1" m="367" /><E101/><V57/><F12/><W8/><G112/><T41/><D23/><U128/><E49/><V56/><F129/><W93/><G50/><T27/><D27/><U40/><E128/><V96/><F114/><W123/><G123/><T102/><D67/><U37/><E40/><V44/><F44/><W3/><G34/><T13/><D13/><U38/><E106/><V55/><F57/><W9/><G9/><T14/><D14/><U18/><E38/><V51/><F121/><W20/><G20/><T52/><D53/><U15/><E37/><V89/><F89/><W32/><G32/><T80/><REACH who="0" step="1"/><D41/><REACH who="0" ten="339,189,293,169" step="2"/><U113/><E15/><V22/><F22/><W82/><G26/><T85/><D85/><U45/><E113/><V19/><F19/><W70/><G21/><T125/><D125/><U78/><E45/><AGARI ba="0,1" hai="45,46,47,48,52,58,79,80,84,98,102,107,117,119" machi="45" ten="40,5200,0" yaku="1,1,54,1,53,1" doraHai="33" doraHaiUra="100" who="0" fromWho="1" sc="339,62,189,-52,293,0,169,0" /><INIT seed="3,0,0,2,5,42" ten="401,137,293,169" oya="3" hai0="11,82,97,2,10,33,123,94,30,60,50,108,132" hai1="9,56,34,116,114,41,12,40,24,102,35,73,27" hai2="117,87,17,86,109,54,90,124,101,16,4,91,131" hai3="59,121,38,1,78,105,47,72,100,76,46,14,115"/><W120/><G115/><T22/><D123/><U69/><E114/><V36/><F101/><W13/><G100/><T44/><D33/><U83/><E69/><V66/><F66/><W62/><G62/><T122/><D122/><N who="3" m="47209" /><G59/><T19/><D2/><U23/><E102/><V74/><F54/><W43/><G43/><N who="0" m="24863" /><D108/><U64/><E116/><V125/><F109/><W65/><G65/><T39/><D132/><U104/><E104/><V89/><F86/><W111/><G111/><T67/><D39/><U103/><E103/><V61/><F87/><W52/><G38/><T71/><D71/><U63/><E73/><V18/><F61/><W134/><G72/><T130/><D30/><U6/><E83/><V21/><F90/><W81/><G1/><T112/><D112/><U98/><E98/><V135/><F91/><W25/><G81/><T110/><D110/><U37/><E35/><V106/><F89/><W118/><G118/><T119/><D119/><U84/><E84/><V92/><F36/><W88/><G52/><T77/><D130/><U51/><E37/><V58/><F131/><W3/><G88/><N who="0" m="55495" /><D60/><U85/><E85/><V93/><F58/><W129/><G3/><T20/><D67/><U7/><E34/><V70/><F106/><W26/><G134/><T31/><D82/><U28/><E27/><N who="3" m="10250" /><G105/><T45/><D77/><N who="3" m="29801" /><G129/><T79/><D79/><U57/><E6/><V55/><F4/><W107/><G107/><T0/><D0/><U75/><E75/><V5/><F74/><W133/><G133/><T53/><D53/><U126/><E126/><V68/><F135/><RYUUKYOKU ba="0,0" sc="401,-15,137,15,293,-15,169,15" hai1="7,9,12,23,24,28,40,41,51,56,57,63,64" hai3="13,14,46,47" /><INIT seed="3,1,0,2,1,27" ten="386,152,278,184" oya="3" hai0="35,71,93,21,6,59,110,96,126,48,104,23,25" hai1="50,13,119,16,99,18,135,120,72,9,128,116,94" hai2="103,7,8,11,97,115,58,91,109,44,123,19,22" hai3="65,86,17,55,114,105,111,79,122,2,133,83,92"/><W102/><G114/><T28/><D71/><U20/><E72/><V88/><F109/><W10/><G122/><T112/><D104/><U33/><E50/><V3/><F11/><W125/><G105/><T73/><D73/><U61/><E61/><V78/><F78/><W98/><G111/><T124/><D110/><U130/><E94/><V107/><F115/><W63/><G125/><N who="0" m="48235" /><D112/><U34/><E99/><V81/><F81/><W85/><G133/><T82/><D6/><U42/><E42/><V29/><F44/><W69/><G55/><N who="0" m="32231" /><D82/><U95/><E95/><V26/><F123/><W39/><G39/><T24/><D24/><N who="1" m="14343" /><E120/><V100/><F100/><AGARI ba="1,0" hai="21,23,25,28,35,93,96,100" m="32231,48235" machi="100" ten="30,2000,0" yaku="18,1,52,1" doraHai="27" who="0" fromWho="2" sc="386,23,152,0,278,-23,184,0" owari="409,51.0,152,-35.0,255,6.0,184,-22.0" /></mjloggm>