<mjloggm ver="2.3"><GO type="169" lobby="0"/><UN n0="%65%72%61%6E%76%69%74%61" n1="%E6%A4%8B%E5%A4%A7%E6%A8%B9" n2="%E5%B0%B1%E6%B4%BB%E7%94%9F%40%E5%B7%9D%E6%9D%91%E8%BB%8D%E5%9B%A3" n3="%E3%81%BF%E3%81%86%E3%82%89" dan="16,16,16,17" rate="2082.45,2111.69,2130.21,2199.04" sx="M,M,M,M"/><TAIKYOKU oya="0"/><INIT seed="0,0,0,1,1,97" ten="250,250,250,250" oya="0" hai0="134,118,30,91,10,83,52,28,77,36,59,81,121" hai1="34,119,54,71,117,29,128,0,42,132,51,96,70" hai2="11,122,75,17,79,12,113,126,106,131,25,107,112" hai3="104,68,44,56,101,26,111,18,39,85,74,133,7"/><T20/><D36/><U120/><E0/><V114/><F122/><W6/><G68/><T61/><D134/><U64/><E29/><V130/><F126/><W102/><G74/><T127/><D118/><U66/><E34/><V84/><F75/><W24/><G133/><T65/><D127/><U55/><E96/><V87/><F25/><N who="3" m="9835" /><G39/><T116/><D20/><U109/><E132/><V99/><F79/><W94/><G104/><T103/><D10/><U27/><E27/><V2/><F2/><W13/><G44/><T53/><D116/><U35/><E35/><V135/><F135/><W100/><G56/><T19/><D19/><U46/><E128/><V16/><F17/><W43/><G43/><T23/><D23/><U90/><E90/><V60/><F60/><W1/><G1/><T33/><D33/><U47/><E51/><V32/><F32/><W80/><G94/><T98/><D91/><U93/><E93/><V95/><F106/><W82/><G111/><T50/><D53/><U67/><E67/><V14/><F14/><W5/><G85/><T9/><D9/><AGARI ba="0,0" hai="5,6,7,9,13,18,80,82,100,101,102" m="9835" machi="9" ten="30,7700,0" yaku="8,1,52,3" doraHai="97" who="3" fromWho="0" sc="250,-77,250,0,250,0,250,77" /><INIT seed="1,0,0,1,5,132" ten="173,250,250,327" oya="1" hai0="24,92,13,87,101,130,113,81,93,77,49,52,128" hai1="47,74,86,14,94,15,32,89,76,63,5,88,100" hai2="98,123,34,111,119,83,70,37,135,66,39,112,133" hai3="110,40,69,18,61,60,121,33,64,1,30,105,115"/><U50/><E32/><V84/><F34/><W20/><G121/><T99/><D113/><U131/><E131/><N who="0" m="50217" /><D24/><U27/><E27/><V124/><F119/><W48/><G1/><T53/><D13/><U122/><E122/><V36/><F123/><W21/><G105/><N who="0" m="63679" /><D53/><U82/><E100/><V72/><F72/><W85/><G115/><T58/><AGARI ba="0,0" hai="49,52,58,77,81,87,92,93" m="63679,50217" machi="58" ten="30,2000,0" yaku="19,1,54,1" doraHai="132" who="0" fromWho="0" sc="173,20,250,-10,250,-5,327,-5" /><INIT seed="2,0,0,1,3,7" ten="193,240,245,322" oya="2" hai0="86,119,133,5,107,95,82,54,89,123,120,71,118" hai1="30,28,110,20,73,1,124,121,90,57,23,106,60" hai2="38,97,99,12,3,11,56,64,102,37,55,45,61" hai3="68,122,72,111,21,40,67,0,87,49,94,69,91"/><V93/><F3/><W70/><G0/><T59/><D71/><U34/><E106/><V50/><REACH who="2" step="1"/><F99/><REACH who="2" ten="193,240,235,322" step="2"/><W62/><G122/><T63/><D123/><U117/><E121/><V84/><F84/><W126/><G87/><N who="0" m="52671" /><D120/><U43/><E1/><V35/><F35/><W47/><G72/><T98/><D98/><U26/><E73/><V46/><F46/><W66/><G47/><T53/><D107/><U88/><E34/><V104/><F104/><W36/><G126/><T81/><D81/><U129/><E124/><V42/><F42/><W51/><G40/><T39/><D133/><U25/><E43/><V79/><F79/><W76/><G76/><N who="0" m="46407" /><D39/><U96/><E96/><V83/><F83/><W127/><G36/><T29/><D119/><U131/><E117/><V109/><F109/><W105/><G111/><T130/><D118/><U8/><E110/><V52/><F52/><W31/><G105/><T114/><D54/><N who="1" m="33847" /><E131/><V78/><F78/><W14/><G127/><T15/><D130/><U108/><E129/><V41/><F41/><W16/><G67/><T80/><D80/><U113/><E108/><V18/><AGARI ba="0,1" hai="11,12,18,37,38,45,50,55,56,61,64,93,97,102" machi="18" ten="20,7800,0" yaku="1,1,0,1,7,1,52,1,53,0" doraHai="7" doraHaiUra="19" who="2" fromWho="2" sc="193,-26,240,-26,235,88,322,-26" /><INIT seed="2,1,0,0,0,111" ten="167,214,323,296" oya="2" hai0="75,74,100,11,64,30,121,122,10,23,101,135,48" hai1="68,67,15,4,102,35,13,50,26,106,115,73,60" hai2="118,123,69,47,56,117,45,65,105,129,18,17,114" hai3="38,22,16,9,134,99,126,43,127,116,49,44,89"/><V46/><F123/><W3/><G116/><T61/><D48/><U27/><E115/><V2/><F114/><W80/><G134/><T85/><D23/><U24/><E73/><V76/><F105/><W125/><G38/><T77/><D30/><U119/><E119/><V20/><F2/><W71/><G71/><T112/><D61/><U57/><E35/><V110/><F110/><W62/><G62/><T97/><D64/><U52/><E106/><V79/><F69/><W55/><G43/><T94/><D135/><U40/><E102/><V59/><F129/><W120/><G120/><T92/><D112/><U14/><REACH who="1" step="1"/><E40/><REACH who="1" ten="167,204,323,296" step="2"/><V63/><F117/><W88/><G127/><T72/><D122/><U31/><E31/><V108/><F118/><W124/><G124/><T133/><D133/><U34/><E34/><V37/><F37/><W91/><G126/><T103/><D121/><U12/><E12/><V42/><F42/><W132/><G125/><T54/><D103/><U8/><AGARI ba="1,1" hai="4,8,13,14,15,24,26,27,50,52,57,60,67,68" machi="8" ten="30,7900,0" yaku="1,1,0,1,54,1,53,1" doraHai="111" doraHaiUra="0" who="1" fromWho="1" sc="167,-21,204,92,323,-40,296,-21" /><INIT seed="3,0,0,2,2,40" ten="146,296,283,275" oya="3" hai0="20,32,107,111,82,43,23,48,63,56,54,89,5" hai1="81,0,59,87,106,36,29,124,39,77,74,96,22" hai2="64,95,8,60,62,116,55,114,109,113,47,75,131" hai3="70,17,105,1,15,14,103,72,2,51,101,86,13"/><W10/><G72/><T133/><D32/><U37/><E0/><V27/><F75/><W12/><G70/><T99/><D5/><U19/><E124/><V123/><F116/><W21/><G86/><T7/><D7/><U38/><E38/><V16/><F123/><W134/><G134/><T67/><D43/><U49/><E29/><V88/><F131/><W11/><G105/><T102/><D111/><U41/><E74/><V112/><F109/><W108/><G108/><T18/><D18/><U25/><E106/><V125/><F125/><W117/><G51/><T69/><D133/><U9/><E96/><V120/><F120/><W110/><G110/><T31/><D31/><U6/><E59/><V128/><F128/><W76/><G76/><T127/><D127/><U97/><E97/><V90/><F90/><W65/><G65/><T26/><D26/><U135/><E135/><V84/><F64/><W28/><G28/><T24/><D24/><U30/><E30/><V83/><F95/><W52/><G117/><T92/><D82/><U57/><E57/><V100/><F100/><N who="3" m="38475" /><G1/><T119/><D119/><U94/><E94/><V104/><F104/><W80/><G2/><T45/><REACH who="0" step="1"/><D69/><REACH who="0" ten="136,296,283,275" step="2"/><U35/><E35/><V73/><F27/><W42/><G80/><T61/><D61/><U71/><E71/><V4/><F4/><W50/><G42/><T44/><D44/><AGARI ba="0,1" hai="10,11,12,13,14,15,17,21,44,50,52" m="38475" machi="44" ten="30,5800,0" yaku="8,1,52,1,54,1" doraHai="40" who="3" fromWho="0" sc="136,-58,296,0,283,0,275,68" /><INIT seed="3,1,0,5,2,91" ten="78,296,283,343" oya="3" hai0="97,87,81,14,71,76,94,103,134,122,100,60,111" hai1="89,114,7,123,3,37,74,52,85,27,93,82,29" hai2="131,99,77,68,38,124,125,9,116,39,63,65,129" hai3="75,118,26,8,12,113,117,11,36,84,21,66,34"/><W133/><G75/><T2/><D2/><U24/><E37/><N who="2" m="13835" /><F77/><W127/><G36/><T15/><D111/><U10/><E123/><V46/><F9/><W61/><G34/><T135/><D71/><U41/><E114/><V48/><F99/><W130/><G113/><T0/><D60/><U5/><E41/><N who="2" m="24655" /><F116/><W88/><G127/><AGARI ba="1,0" hai="63,65,68,124,125,127,129,131" m="24655,13835" machi="127" ten="30,3900,0" yaku="18,1,34,2" doraHai="91" who="2" fromWho="3" sc="78,0,296,0,283,42,343,-42" /><INIT seed="4,0,0,2,3,126" ten="78,296,325,301" oya="0" hai0="111,104,39,130,92,84,89,70,57,62,5,12,4" hai1="53,88,19,81,73,95,122,58,54,98,49,85,82" hai2="33,6,26,103,36,55,72,76,120,131,112,133,10" hai3="106,134,101,69,105,29,14,61,116,108,99,86,28"/><T3/><D104/><U124/><E124/><V110/><F36/><W18/><G116/><T47/><D70/><U65/><E122/><V113/><F110/><W42/><G108/><T25/><D3/><U90/><E73/><V15/><F120/><W67/><G106/><T121/><D111/><U7/><E7/><V24/><F133/><W30/><G134/><T45/><D121/><U97/><E65/><V20/><F103/><W59/><G42/><T118/><D118/><U34/><E34/><V68/><F68/><W40/><G40/><T71/><D71/><U102/><E81/><V56/><F76/><W132/><G132/><T127/><D127/><U13/><E54/><V117/><F72/><W44/><G44/><N who="0" m="16971" /><D39/><U100/><E97/><V37/><F37/><W43/><G43/><T66/><D130/><U129/><E129/><V46/><F46/><W31/><G69/><T41/><D41/><U9/><AGARI ba="0,0" hai="9,13,19,49,53,58,82,85,88,90,95,98,100,102" machi="9" ten="20,5200,0" yaku="0,1,7,1,8,1,54,1" doraHai="126" who="1" fromWho="1" sc="78,-26,296,52,325,-13,301,-13" /><INIT seed="5,0,0,5,0,58" ten="52,348,312,288" oya="1" hai0="25,92,122,83,127,13,14,22,32,101,123,41,104" hai1="23,19,55,61,51,3,90,8,20,77,103,112,109" hai2="99,97,17,45,36,93,133,118,38,102,16,59,76" hai3="48,131,69,4,57,15,43,60,27,88,56,73,74"/><U10/><E112/><V85/><F118/><W33/><G131/><T64/><D32/><U7/><E103/><V53/><F133/><W111/><G69/><T49/><D104/><U11/><E77/><V79/><F38/><W126/><G126/><T115/><D115/><U71/><E23/><V50/><F97/><W0/><G0/><T124/><D83/><U82/><E109/><V78/><F85/><W95/><G111/><T114/><D49/><U65/><E90/><V81/><F81/><W62/><G74/><T29/><D41/><U66/><E66/><V63/><REACH who="2" step="1"/><F36/><REACH who="2" ten="52,348,302,288" step="2"/><W135/><G73/><T110/><D101/><U86/><E86/><V67/><AGARI ba="0,1" hai="16,17,45,50,53,59,63,67,76,78,79,93,99,102" machi="67" ten="30,12000,2" yaku="1,1,2,1,0,1,8,1,52,1,54,1,53,1" doraHai="58" doraHaiUra="54" who="2" fromWho="2" sc="52,-30,348,-60,302,130,288,-30" /><INIT seed="6,0,0,0,0,27" ten="22,288,432,258" oya="2" hai0="15,45,120,118,33,133,94,54,39,10,109,129,97" hai1="85,65,68,16,78,83,128,114,103,24,88,135,23" hai2="49,92,130,115,44,74,84,131,28,62,108,18,35" hai3="3,52,121,6,79,4,82,13,107,21,125,100,51"/><V32/><F74/><W22/><G121/><T9/><D15/><U11/><E114/><V112/><F108/><W63/><G125/><T2/><D54/><U96/><E128/><N who="2" m="49195" /><F62/><W132/><G132/><T126/><D45/><U119/><E119/><V95/><F18/><W72/><G3/><T81/><D10/><U76/><E135/><V0/><F0/><W124/><G124/><T67/><D9/><U55/><E55/><N who="2" m="30119" /><F84/><W93/><G63/><T14/><D81/><U30/><E65/><V104/><F104/><W75/><G75/><T40/><D94/><N who="2" m="35882" /><F28/><W77/><G77/><T87/><D87/><U134/><E134/><V99/><F99/><W17/><G22/><T31/><D97/><U69/><E69/><V127/><F127/><W56/><REACH who="3" step="1"/><G93/><REACH who="3" ten="22,288,432,248" step="2"/><T86/><D86/><U61/><E61/><V102/><F102/><W26/><G26/><T60/><D60/><U105/><E68/><V70/><F70/><W34/><G34/><AGARI ba="0,1" hai="32,34,35,112,115" m="35882,30119,49195" machi="34" ten="40,2000,0" yaku="19,1" doraHai="27" who="2" fromWho="3" sc="22,0,288,0,432,30,248,-20" /><INIT seed="6,1,0,5,1,5" ten="22,288,462,228" oya="2" hai0="57,28,3,103,92,131,1,53,128,44,94,42,51" hai1="2,99,97,96,7,119,0,113,19,85,39,77,102" hai2="45,65,124,27,78,127,18,109,46,82,54,95,118" hai3="81,90,10,21,36,75,115,98,55,13,59,91,72"/><V117/><F65/><W25/><G36/><T17/><D28/><U35/><E35/><V24/><F95/><W22/><G115/><T70/><D103/><U80/><E39/><V66/><F66/><W38/><G38/><T108/><D17/><U116/><E19/><V9/><F9/><W69/><G69/><T112/><D92/><U50/><E113/><V32/><F109/><W33/><G33/><T73/><D94/><U41/><E102/><V30/><F27/><W83/><G72/><T93/><D93/><U62/><E62/><V68/><F18/><N who="3" m="8503" /><G75/><T34/><D73/><U114/><E114/><V121/><F68/><W6/><G6/><T58/><D3/><U74/><E74/><V37/><F121/><W14/><G14/><T8/><D8/><U134/><E134/><V87/><F45/><W125/><G125/><N who="2" m="48201" /><F54/><W133/><G133/><T64/><D1/><U101/><E101/><V40/><AGARI ba="1,0" hai="24,30,32,37,40,46,78,82,87,117,118" m="48201" machi="40" ten="30,1500,0" yaku="18,1" doraHai="5" who="2" fromWho="2" sc="22,-6,288,-6,462,18,228,-6" /><INIT seed="6,2,0,0,2,100" ten="16,282,480,222" oya="2" hai0="17,120,81,19,50,86,119,64,7,135,53,111,70" hai1="97,34,68,101,116,125,126,56,133,6,94,74,8" hai2="115,30,82,10,77,67,45,96,106,121,131,60,42" hai3="104,55,110,24,78,88,21,31,134,43,48,27,3"/><V18/><F115/><W89/><G110/><T66/><D70/><U92/><E68/><V73/><F121/><W130/><G3/><T49/><D120/><U65/><E34/><V59/><F131/><W23/><G130/><T52/><D111/><U12/><E74/><V102/><F30/><W117/><G117/><T123/><D123/><U1/><E116/><V37/><F10/><W114/><G114/><T15/><D7/><U36/><E36/><V26/><F18/><W63/><G78/><T16/><D15/><U87/><E133/><V90/><F90/><W44/><G134/><T76/><D119/><U40/><E40/><V2/><F26/><W25/><G104/><T80/><D135/><U105/><E1/><V54/><F2/><W33/><G33/><T98/><D98/><U9/><E9/><V57/><F54/><W84/><G84/><T13/><D13/><U32/><E32/><V28/><F28/><W72/><G72/><T103/><D103/><U46/><E46/><V39/><F59/><N who="3" m="35327" /><G25/><T83/><D86/><U99/><E87/><V124/><F124/><N who="1" m="47721" /><E97/><V112/><F112/><W127/><G127/><T122/><D76/><U79/><E79/><V35/><F35/><W29/><AGARI ba="2,0" hai="21,23,24,27,29,31,43,44,48,88,89" m="35327" machi="29" ten="30,2000,0" yaku="8,1,54,1" doraHai="100" who="3" fromWho="3" sc="16,-7,282,-7,480,-12,222,26" /><INIT seed="7,0,0,1,0,42" ten="9,275,468,248" oya="3" hai0="47,67,112,75,30,25,71,3,59,21,10,96,29" hai1="14,79,127,27,5,108,134,80,90,135,44,104,113" hai2="98,53,56,117,31,82,100,89,74,58,106,128,9" hai3="129,95,132,33,130,12,92,99,118,40,77,78,61"/><W72/><G33/><T63/><D75/><U109/><E104/><V24/><F117/><W105/><G40/><T39/><D112/><U34/><E113/><V97/><F128/><N who="3" m="49259" /><G61/><T6/><D30/><N who="1" m="19807" /><E127/><V11/><F58/><W1/><G1/><T26/><D26/><U121/><E90/><V107/><F74/><W68/><G68/><T91/><D91/><U15/><E121/><V62/><F82/><N who="3" m="45351" /><G12/><N who="1" m="4650" /><E44/><V19/><F19/><W17/><G17/><T57/><D39/><U131/><E5/><V101/><F89/><W43/><G43/><T48/><D71/><U50/><E50/><V2/><F2/><W103/><G118/><T49/><D49/><U81/><E81/><V45/><F45/><W66/><G66/><T65/><D65/><U87/><E131/><V46/><F46/><W22/><G22/><AGARI ba="0,0" hai="9,11,22,24,31,53,56,62,97,98,100,101,106,107" machi="22" ten="30,2000,0" yaku="7,1,9,1" doraHai="42" who="2" fromWho="3" sc="9,0,275,0,468,20,248,-20" owari="9,-49.0,275,8.0,488,58.0,228,-17.0" /></mjloggm>