<mjloggm ver="2.3"><GO type="225" lobby="0"/><UN n0="%E3%83%88%E3%83%88%E3%83%AA%E5%85%88%E7%94%9F%31%39%E6%AD%B3" n1="%E3%83%8F%E3%83%8D%E3%83%A0%E3%83%BC%E3%83%B3%E2%98%85%E6%B2%B3%E7%AB%A5" n2="%E3%83%A1%E3%82%AD%E3%83%AD%E3%82%B9" n3="%61%6C%6F%74%75%73" dan="16,16,17,16" rate="2113.75,2145.53,2176.64,2101.76" sx="F,M,M,M"/><TAIKYOKU oya="0"/><INIT seed="0,0,0,2,2,108" ten="250,250,250,250" oya="0" hai0="0,47,56,81,70,116,94,98,79,51,18,104,39" hai1="37,69,24,95,13,31,2,42,20,5,96,23,71" hai2="74,16,4,100,35,106,132,90,78,133,118,121,103" hai3="64,12,77,73,113,80,112,130,61,84,54,76,101"/><T124/><D116/><U93/><E2/><V105/><F118/><W135/><G101/><N who="2" m="38985" /><F35/><W25/><G12/><T62/><D104/><N who="2" m="40042" /><F4/><W125/><G54/><T17/><D124/><U63/><E37/><V83/><F16/><N who="0" m="6250" /><D70/><U117/><E42/><V38/><F38/><W68/><G125/><T30/><D39/><U15/><E117/><V21/><F21/><W92/><G135/><N who="2" m="51785" /><F90/><W53/><G53/><N who="0" m="29951" /><D0/><U19/><E63/><V32/><F32/><W128/><G25/><T58/><D30/><U43/><E43/><V97/><F97/><W134/><G134/><T11/><D11/><N who="1" m="4335" /><E71/><V59/><F59/><W65/><G65/><T1/><D1/><U14/><E69/><V107/><N who="2" m="40050" /><V6/><DORA hai="57" /><F6/><W89/><REACH who="3" step="1"/><G77/><REACH who="3" ten="250,250,250,240" step="2"/><T8/><D8/><U44/><E14/><V60/><F60/><W131/><AGARI ba="0,1" hai="61,64,68,73,76,80,84,89,92,112,113,128,130,131" machi="131" ten="30,16000,3" yaku="1,1,2,1,0,1,19,1,52,3,53,1" doraHai="108,57" doraHaiUra="88,3" who="3" fromWho="3" sc="250,-80,250,-40,250,-40,240,170" /><INIT seed="1,0,0,5,2,4" ten="170,210,210,410" oya="1" hai0="118,122,23,48,34,104,124,113,45,32,28,50,62" hai1="66,57,10,76,26,13,44,108,119,53,40,90,20" hai2="36,74,129,2,73,54,56,80,38,55,132,112,120" hai3="14,128,60,68,130,72,65,24,95,69,37,0,125"/><U43/><E119/><V126/><F120/><W46/><G0/><T31/><D104/><U116/><E116/><V91/><F2/><W11/><G72/><T117/><D62/><N who="1" m="38223" /><E76/><V61/><F129/><N who="3" m="49771" /><G24/><T30/><D30/><N who="1" m="17735" /><E108/><V49/><F132/><W47/><G95/><T103/><D23/><U97/><E44/><N who="3" m="16938" /><G37/><T82/><D45/><U27/><E27/><V110/><F36/><W70/><G125/><T5/><D124/><U83/><E53/><V94/><F38/><W21/><G21/><T111/><D111/><U51/><E51/><V18/><F49/><W115/><G115/><T16/><D113/><U17/><E83/><V29/><F55/><W77/><G77/><T89/><D82/><U78/><E78/><V71/><F80/><W6/><AGARI ba="0,0" hai="6,11,14,60,65,68,69,70" m="16938,49771" machi="6" ten="30,2000,0" yaku="19,1,52,1" doraHai="4" who="3" fromWho="3" sc="170,-5,210,-10,210,-5,410,20" /><INIT seed="2,0,0,3,5,34" ten="165,200,205,430" oya="2" hai0="72,4,132,67,15,0,131,47,134,25,98,45,13" hai1="110,1,100,58,10,120,133,84,9,21,24,40,111" hai2="50,64,104,32,108,109,121,18,116,3,49,28,89" hai3="17,106,19,35,88,11,69,60,57,99,16,75,126"/><V85/><F116/><W92/><G75/><T5/><D72/><U39/><E100/><V86/><F121/><W77/><G35/><T62/><D131/><U20/><E120/><V73/><F73/><W14/><G69/><T96/><D25/><U22/><E133/><V66/><F104/><W117/><G106/><T115/><D62/><U12/><E58/><V81/><F18/><W38/><G38/><T8/><D8/><U95/><E24/><N who="2" m="18439" /><F86/><W55/><G126/><T118/><D115/><U102/><E1/><V59/><F3/><W53/><G117/><T107/><D107/><U97/><E84/><V70/><F70/><W94/><G77/><T129/><D129/><U76/><E76/><V71/><F71/><W101/><G57/><T112/><D118/><U103/><E103/><V122/><F122/><W43/><G43/><T52/><D0/><U113/><E113/><V63/><F64/><W37/><G37/><T48/><D112/><U44/><REACH who="1" step="1"/><E10/><REACH who="1" ten="165,190,205,430" step="2"/><V7/><F85/><W6/><G11/><T123/><D123/><U87/><E87/><V93/><F89/><W33/><G88/><T105/><D105/><U119/><E119/><V46/><F59/><W23/><G101/><T29/><D67/><U2/><E2/><V26/><F66/><W83/><G99/><N who="0" m="37931" /><D29/><U36/><E36/><V79/><F26/><W78/><G78/><T127/><D127/><U74/><E74/><V130/><F79/><W31/><G31/><T90/><D90/><U91/><E91/><V41/><F130/><W42/><G42/><T61/><D132/><U114/><E114/><RYUUKYOKU ba="0,1" sc="165,-10,190,30,205,-10,430,-10" hai1="9,12,20,21,22,39,40,44,95,97,102,110,111" /><INIT seed="3,1,1,2,0,39" ten="155,220,195,420" oya="3" hai0="36,56,113,23,69,21,58,48,74,34,6,46,90" hai1="124,50,76,70,123,30,102,131,77,61,132,62,26" hai2="134,0,103,35,104,25,73,29,79,97,65,85,19" hai3="108,133,122,75,47,111,89,101,116,5,82,78,128"/><W64/><G122/><T38/><D34/><U54/><E123/><V107/><F85/><W24/><G64/><T115/><D74/><U114/><E114/><N who="0" m="43529" /><D6/><U60/><E70/><V93/><F134/><W57/><G47/><T86/><D23/><N who="1" m="15711" /><E132/><V127/><F127/><W105/><G89/><T135/><D135/><U22/><E124/><V1/><F65/><W7/><G57/><N who="0" m="22123" /><D21/><U40/><E77/><V92/><F19/><W68/><G68/><T125/><D125/><U100/><E22/><V109/><F109/><W112/><G116/><T67/><D90/><U95/><E61/><V3/><REACH who="2" step="1"/><F93/><REACH who="2" ten="155,220,185,420" step="2"/><W55/><G112/><T63/><D86/><U119/><E95/><V8/><F8/><W83/><G111/><T72/><D72/><U13/><E76/><V120/><F120/><W44/><G78/><T43/><AGARI ba="1,2" hai="36,38,43,46,48,63,67,69" m="22123,43529" machi="43" ten="30,7900,0" yaku="11,1,34,2,52,1" doraHai="39" who="0" fromWho="0" sc="155,102,220,-21,185,-21,420,-40" owari="257,6.0,199,-20.0,164,-34.0,380,48.0" /></mjloggm>