<mjloggm ver="2.3"><GO type="41" lobby="0"/><UN n0="%E9%A2%A8%E6%B4%A5%E9%81%93" n1="%E3%81%82%E3%82%8A%E3%81%8B%E3%81%9F%E3%82%93" n2="%68%6F%6E%6E%6F%6A%69" n3="%E5%B0%B1%E6%B4%BB%E7%94%9F%40%E5%B7%9D%E6%9D%91%E8%BB%8D%E5%9B%A3" dan="15,13,13,15" rate="2003.55,1893.82,1858.97,1973.63" sx="M,M,M,M"/><TAIKYOKU oya="0"/><INIT seed="0,0,0,3,3,22" ten="250,250,250,250" oya="0" hai0="38,125,112,120,36,78,128,121,66,115,45,53,48" hai1="101,39,63,57,30,89,29,67,87,106,71,51,41" hai2="35,111,74,33,109,133,134,86,129,3,85,40,61" hai3="91,68,5,95,8,25,127,50,24,20,12,119,114"/><T62/><D78/><U9/><E9/><V17/><F61/><W105/><G105/><T10/><D10/><U69/><E69/><V81/><F40/><W135/><G68/><N who="0" m="42071" /><D125/><U6/><E6/><V100/><F100/><W110/><G127/><T124/><D124/><U108/><E108/><V58/><F58/><W130/><G110/><N who="2" m="41993" /><F17/><W83/><G119/><T99/><D128/><U49/><E49/><V73/><F3/><W1/><G130/><T123/><D99/><U18/><E101/><V42/><F42/><W90/><G114/><AGARI ba="0,0" hai="36,38,45,48,53,112,114,115,120,121,123" m="42071" machi="114" ten="40,3900,0" yaku="34,2" doraHai="22" who="0" fromWho="3" sc="250,39,250,0,250,0,250,-39" /><INIT seed="0,1,0,2,2,9" ten="289,250,250,211" oya="0" hai0="19,36,116,77,21,13,31,103,46,0,47,55,114" hai1="109,108,65,7,25,66,112,128,73,76,72,102,129" hai2="84,123,98,63,94,78,91,32,2,113,35,100,64" hai3="96,5,23,22,105,57,8,124,16,3,40,60,53"/><T6/><D116/><U131/><E112/><V104/><F113/><W95/><G105/><T82/><D114/><U42/><E102/><V135/><F2/><W117/><G117/><T119/><D119/><U79/><E7/><V51/><F51/><W87/><G124/><T101/><D31/><U18/><E18/><V4/><F4/><W90/><G40/><T107/><D55/><U130/><E25/><V132/><F123/><W45/><G45/><T110/><D110/><N who="1" m="42603" /><E42/><V118/><F118/><W93/><REACH who="3" step="1"/><G16/><REACH who="3" ten="289,250,250,201" step="2"/><T133/><D47/><U52/><E131/><V1/><F1/><W26/><G26/><T68/><D107/><U75/><E52/><V41/><F41/><W50/><G50/><T29/><D36/><U58/><E58/><V80/><F32/><W11/><G11/><T67/><D6/><U54/><E54/><V127/><F35/><W74/><G74/><T24/><D46/><U49/><E49/><V62/><F127/><W28/><G28/><T17/><D29/><U106/><E106/><V43/><F43/><W70/><G70/><T59/><D68/><U56/><E56/><V121/><F121/><W86/><G86/><T71/><D71/><U30/><E30/><V97/><F64/><AGARI ba="1,1" hai="64,65,66,72,73,75,76,79,128,129,130" m="42603" machi="64" ten="50,8000,1" yaku="28,2,19,1,14,1" doraHai="9" who="1" fromWho="2" sc="289,0,250,93,250,-83,201,0" /><INIT seed="1,0,0,1,5,82" ten="289,343,167,201" oya="1" hai0="81,70,25,89,66,40,97,12,45,99,37,55,29" hai1="33,114,8,96,76,48,95,113,106,0,41,1,22" hai2="24,111,60,117,30,68,65,73,118,133,75,21,50" hai3="72,121,123,18,9,51,53,130,101,27,128,77,39"/><U20/><E33/><V57/><F111/><W93/><G39/><T126/><D126/><U125/><E106/><V127/><F127/><W3/><G72/><T100/><D55/><U83/><E1/><V112/><F112/><W71/><G71/><T69/><D12/><U54/><E41/><V52/><REACH who="2" step="1"/><F133/><REACH who="2" ten="289,343,157,201" step="2"/><W44/><G121/><T58/><D70/><U105/><E114/><V86/><F86/><W42/><G123/><T62/><D69/><U90/><E113/><V17/><F17/><W16/><G130/><T34/><D100/><U84/><E125/><V119/><AGARI ba="0,1" hai="21,24,30,50,52,57,60,65,68,73,75,117,118,119" machi="119" ten="30,7900,0" yaku="1,1,0,1,54,1,53,1" doraHai="82" doraHaiUra="56" who="2" fromWho="2" sc="289,-20,343,-39,157,89,201,-20" /><INIT seed="2,0,0,5,2,52" ten="269,304,246,181" oya="2" hai0="121,93,9,88,24,130,123,20,135,105,116,89,30" hai1="113,115,66,13,127,45,42,74,91,8,25,96,110" hai2="33,132,4,79,107,47,87,128,92,102,134,82,40" hai3="60,71,75,34,17,58,81,10,67,35,55,99,111"/><V15/><F128/><W28/><G111/><T61/><D105/><U65/><E74/><V38/><F33/><W117/><G117/><T27/><D135/><N who="2" m="51754" /><F15/><W118/><G118/><T129/><D116/><U98/><E110/><V37/><F4/><W41/><G41/><T50/><D9/><U100/><E127/><V57/><F38/><W49/><G99/><T46/><D61/><U131/><E131/><N who="0" m="50185" /><D27/><U16/><E113/><V32/><F32/><W86/><G75/><T125/><D125/><U54/><E91/><N who="0" m="34889" /><D93/><U62/><E25/><V64/><F107/><W80/><G28/><T77/><D77/><U7/><E7/><V29/><F29/><W31/><G31/><T119/><D119/><U133/><E133/><V23/><F23/><W104/><G104/><T18/><D30/><U83/><E83/><V124/><F124/><W1/><G81/><T109/><D109/><U85/><E8/><V39/><F39/><W5/><REACH who="3" step="1"/><G17/><REACH who="3" ten="269,304,246,171" step="2"/><T21/><D21/><U114/><E16/><V19/><F19/><W73/><G73/><T126/><D126/><U94/><E115/><V122/><F122/><W36/><G36/><T106/><D106/><U90/><E114/><V120/><F120/><W56/><G56/><T84/><D84/><U44/><E85/><V108/><F108/><W59/><G59/><T12/><D24/><U63/><E98/><N who="2" m="59719" /><F57/><W26/><G26/><T97/><D97/><U101/><E96/><V76/><F76/><AGARI ba="0,1" hai="1,5,10,34,35,49,55,58,60,67,71,76,80,86" machi="76" ten="30,3900,0" yaku="1,1,7,1,52,1,53,0" doraHai="52" doraHaiUra="22" who="3" fromWho="2" sc="269,0,304,0,246,-39,171,49" /><INIT seed="3,0,0,2,1,124" ten="269,304,207,220" oya="3" hai0="10,62,97,99,79,65,41,111,30,72,107,104,89" hai1="67,71,102,22,90,52,101,59,25,61,29,21,23" hai2="135,42,8,68,5,75,87,83,17,0,93,119,57" hai3="69,81,74,64,116,77,43,7,125,39,24,112,121"/><W16/><G121/><T19/><D111/><U82/><E82/><V54/><F68/><W58/><G116/><T113/><D113/><U46/><E90/><V1/><F119/><W26/><G112/><T36/><D30/><U130/><E130/><V95/><F75/><W47/><G125/><T3/><D99/><U84/><E84/><V56/><F42/><W94/><G69/><T48/><D48/><N who="1" m="28695" /><E71/><V131/><F0/><W28/><G7/><T118/><D118/><U12/><E12/><V44/><F44/><W115/><G115/><T53/><D53/><U73/><E73/><V105/><F105/><W15/><G94/><T110/><D110/><U127/><E127/><V123/><F123/><W34/><G26/><T40/><D3/><U4/><E4/><V132/><F17/><W11/><G58/><T63/><D19/><U117/><E117/><V85/><F54/><W32/><REACH who="3" step="1"/><G64/><REACH who="3" ten="269,304,207,210" step="2"/><T120/><D65/><U31/><E25/><V126/><F5/><W98/><G98/><T106/><D120/><U91/><E67/><V51/><F126/><W122/><G122/><T92/><D97/><U80/><E59/><V37/><F1/><W6/><G6/><T50/><D107/><U129/><E102/><V114/><F83/><W108/><G108/><T14/><D106/><U70/><E101/><V2/><F114/><W100/><G100/><T18/><D104/><U45/><E70/><V78/><F2/><W55/><G55/><T38/><D92/><U88/><E45/><V20/><F56/><W133/><G133/><T103/><D103/><U33/><E31/><RYUUKYOKU ba="0,1" sc="269,-10,304,-10,207,-10,210,30" hai3="11,15,16,24,28,32,34,39,43,47,74,77,81" /><INIT seed="3,1,1,1,2,36" ten="259,294,197,240" oya="3" hai0="25,109,96,130,110,54,118,120,68,21,133,77,9" hai1="123,49,31,84,7,60,43,66,83,112,8,108,78" hai2="90,33,62,52,124,111,104,89,128,4,42,24,127" hai3="91,2,86,106,85,1,55,72,82,6,80,35,40"/><W39/><G72/><T64/><D118/><U22/><E123/><V98/><F4/><W105/><G35/><T34/><D120/><U88/><E112/><V73/><F73/><W100/><G100/><T57/><D34/><U18/><E108/><N who="0" m="41577" /><D130/><U50/><E31/><V30/><F111/><W132/><G132/><T126/><D126/><N who="2" m="48170" /><F128/><W114/><G114/><T81/><D133/><U46/><E50/><V63/><F63/><W29/><G29/><T11/><D96/><U15/><E60/><V116/><F116/><W134/><G134/><T20/><D64/><U76/><REACH who="1" step="1"/><E66/><REACH who="1" ten="259,284,197,240" step="2"/><V28/><F28/><W101/><G39/><T117/><D117/><U115/><E115/><V74/><F74/><W79/><G55/><T16/><D54/><U41/><E41/><V113/><F42/><W58/><G40/><T10/><D68/><U119/><E119/><V69/><F69/><W92/><G58/><T125/><D125/><U87/><E87/><V94/><F113/><W122/><G122/><T70/><D70/><U0/><AGARI ba="1,2" hai="0,7,8,15,18,22,43,46,49,76,78,83,84,88" machi="0" ten="20,12000,2" yaku="1,1,0,1,7,1,52,1,54,1,53,1" doraHai="36" doraHaiUra="37" who="1" fromWho="1" sc="259,-31,284,143,197,-31,240,-61" /><INIT seed="4,0,0,2,2,39" ten="228,427,166,179" oya="0" hai0="1,34,126,64,91,43,66,61,70,6,87,17,11" hai1="58,25,124,7,29,122,28,93,90,120,96,76,117" hai2="35,98,73,8,82,113,89,94,18,57,123,3,108" hai3="38,118,65,128,134,67,99,49,130,56,31,60,22"/><T100/><D126/><U2/><E117/><V79/><F35/><W5/><G5/><T97/><D34/><U50/><E76/><V53/><F123/><W48/><G31/><T46/><D17/><U80/><E80/><V135/><F108/><W84/><G22/><T37/><D66/><N who="3" m="25097" /><G99/><T106/><D91/><U63/><E50/><N who="3" m="19562" /><G84/><T36/><D87/><U92/><E92/><V129/><F129/><N who="3" m="49771" /><G38/><AGARI ba="0,0" hai="1,6,11,36,37,38,43,46,61,64,70,97,100,106" machi="38" ten="30,12000,1" yaku="7,1,33,3,52,1" doraHai="39" who="0" fromWho="3" sc="228,120,427,0,166,0,179,-120" /><INIT seed="4,1,0,0,3,1" ten="348,427,166,59" oya="0" hai0="34,80,91,17,3,104,117,89,45,60,121,120,97" hai1="7,4,109,114,39,44,20,122,99,6,65,92,12" hai2="82,125,37,47,134,123,23,30,79,66,103,101,133" hai3="127,24,69,40,50,108,67,112,105,32,10,48,51"/><T72/><D117/><U131/><E109/><V58/><F123/><W41/><G105/><T87/><D34/><U29/><E122/><V113/><F134/><W119/><G32/><T81/><D3/><U94/><E65/><V77/><F133/><W2/><G2/><T110/><D110/><U59/><E59/><V68/><F68/><W53/><G24/><T9/><D60/><U126/><E39/><V130/><F113/><W16/><G108/><T83/><D45/><U135/><E135/><V95/><F125/><W111/><G111/><T8/><D17/><U70/><E70/><V96/><F130/><W118/><G10/><T26/><D26/><U76/><E76/><V124/><F124/><W102/><G102/><N who="0" m="62543" /><D9/><U63/><E126/><V90/><F37/><W71/><G16/><T15/><D15/><U56/><E44/><V98/><F47/><W22/><G22/><T5/><D5/><U100/><E114/><V54/><F66/><W42/><G127/><T25/><D25/><N who="1" m="16551" /><E92/><V43/><F43/><W57/><G112/><T107/><D107/><U33/><E33/><V132/><F132/><W88/><G88/><T75/><D8/><N who="1" m="4103" /><E131/><V84/><F30/><W86/><G86/><N who="0" m="50375" /><D75/><U64/><AGARI ba="1,0" hai="6,7,56,63,64,94,99,100" m="4103,16551" machi="64" ten="30,8000,1" yaku="25,1,8,1,52,3" doraHai="1" who="1" fromWho="1" sc="348,-41,427,83,166,-21,59,-21" /><INIT seed="5,0,0,4,4,4" ten="307,510,145,38" oya="1" hai0="75,26,21,100,59,132,116,115,110,57,66,106,0" hai1="122,127,126,109,31,80,16,8,98,130,39,33,37" hai2="114,44,45,18,64,120,74,94,105,125,121,38,93" hai3="30,28,90,48,15,131,1,25,61,58,55,19,50"/><U6/><E122/><V47/><F105/><W111/><G131/><T79/><D110/><U35/><E130/><V76/><F76/><W51/><G111/><T24/><D116/><U97/><E109/><V78/><F78/><W63/><G1/><T128/><D128/><U41/><E80/><V3/><F3/><W119/><G119/><T87/><D75/><U124/><E6/><V69/><F69/><W91/><G63/><T86/><D86/><U103/><BYE who="0" /><E41/><UN n0="%E9%A2%A8%E6%B4%A5%E9%81%93" /><V56/><F74/><W129/><G129/><T107/><D0/><U84/><E84/><V83/><F83/><W134/><G134/><T11/><D87/><U2/><E2/><V92/><F38/><N who="1" m="14345" /><E31/><V108/><F108/><W53/><G53/><T85/><D85/><U89/><E89/><V73/><F73/><W54/><G54/><T14/><D79/><U95/><E98/><V113/><F18/><W13/><G13/><AGARI ba="0,0" hai="8,13,16,33,35,95,97,103,124,126,127" m="14345" machi="13" ten="40,7700,0" yaku="18,1,52,1,54,1" doraHai="4" who="1" fromWho="3" sc="307,0,510,77,145,0,38,-77" owari="307,11.0,587,68.0,145,-25.0,-39,-54.0" /></mjloggm>