<mjloggm ver="2.3"><GO type="41" lobby="0"/><UN n0="%E6%9D%8F%E4%BB%81%E2%99%AA" n1="%59%53%4C%2A%C2%B4%CF%89%EF%BD%80%2A" n2="%6E%69%63%6B%30%30%30" n3="%E5%B0%B1%E6%B4%BB%E7%94%9F%40%E5%B7%9D%E6%9D%91%E8%BB%8D%E5%9B%A3" dan="14,14,13,15" rate="1998.94,1909.66,1896.66,1960.43" sx="M,F,M,M"/><TAIKYOKU oya="0"/><INIT seed="0,0,0,0,0,19" ten="250,250,250,250" oya="0" hai0="7,12,9,90,68,60,127,97,66,115,129,48,5" hai1="10,62,29,120,96,71,34,89,111,78,109,130,121" hai2="126,2,55,3,134,122,132,135,61,98,101,75,73" hai3="42,38,51,64,85,58,67,119,18,22,81,92,117"/><T79/><D115/><U91/><E78/><V53/><F122/><W107/><G107/><T43/><D127/><U54/><E130/><V20/><F126/><W24/><G117/><T103/><D129/><U87/><E29/><V84/><F84/><W95/><G119/><T112/><D112/><U88/><E34/><V99/><F61/><W123/><G38/><T52/><D43/><U47/><E96/><N who="2" m="36907" /><F101/><W63/><G67/><T57/><D79/><U102/><E102/><V37/><F37/><W72/><G72/><N who="2" m="27721" /><F20/><W108/><G108/><N who="1" m="41546" /><E71/><V33/><F33/><W1/><G1/><AGARI ba="0,0" hai="1,2,3,53,55,132,134,135" m="27721,36907" machi="1" ten="40,5200,0" yaku="28,2,20,1" doraHai="19" who="2" fromWho="3" sc="250,0,250,0,250,52,250,-52" /><INIT seed="1,0,0,4,4,53" ten="250,250,302,198" oya="1" hai0="133,45,112,26,96,22,14,8,56,70,81,10,47" hai1="37,60,101,31,29,111,7,19,78,42,123,36,61" hai2="54,116,72,128,104,38,68,93,5,39,103,30,64" hai3="121,110,77,24,90,62,86,34,2,69,1,41,51"/><U35/><E123/><V63/><F116/><W6/><G121/><T119/><D70/><U102/><E7/><V91/><F128/><W83/><G110/><T9/><D119/><U65/><E78/><V66/><F72/><W75/><G34/><T114/><D112/><U3/><E3/><V67/><F5/><W117/><G117/><T13/><D114/><U134/><E111/><V59/><F68/><W44/><G24/><T33/><D33/><U21/><E134/><V57/><F30/><W108/><G108/><T55/><D133/><U85/><E35/><V48/><F103/><W20/><G20/><T71/><D71/><U87/><E21/><V106/><F104/><W88/><G6/><T27/><D81/><U125/><E19/><V43/><F106/><W95/><REACH who="3" step="1"/><G90/><REACH who="3" ten="250,250,302,188" step="2"/><T84/><D26/><U105/><E125/><V76/><F76/><W132/><G132/><T115/><D115/><U92/><E31/><V107/><F107/><W97/><G97/><T50/><D96/><U15/><E29/><V28/><F28/><W127/><G127/><T58/><D84/><U32/><E105/><V49/><F91/><W129/><G129/><T23/><D47/><U82/><E32/><V11/><F11/><W94/><G94/><T135/><D135/><U113/><E92/><V98/><F93/><W120/><G120/><T12/><D23/><U131/><E131/><V118/><F98/><W74/><G74/><T124/><D124/><U16/><E113/><V100/><F100/><W126/><G126/><T46/><D46/><U73/><E87/><V18/><F118/><RYUUKYOKU ba="0,1" sc="250,15,250,-15,302,-15,188,15" hai0="8,9,10,12,13,14,22,27,45,50,55,56,58" hai3="1,2,41,44,51,62,69,75,77,83,86,88,95" /><INIT seed="2,1,1,4,0,128" ten="265,235,287,203" oya="2" hai0="60,110,45,103,20,117,56,116,25,15,17,68,91" hai1="121,86,73,70,123,37,131,74,2,130,99,53,21" hai2="14,43,48,59,87,1,50,134,46,58,100,76,11" hai3="67,92,30,120,54,47,35,49,7,75,93,83,42"/><V27/><F1/><W108/><G120/><N who="1" m="46154" /><E70/><V96/><F27/><W29/><G108/><T8/><D110/><U125/><E2/><V64/><F50/><W69/><G75/><N who="1" m="28682" /><E37/><V57/><F134/><W112/><G83/><T109/><D109/><U78/><E99/><V97/><F64/><W105/><G105/><T107/><D68/><U118/><E118/><N who="0" m="45673" /><D45/><U89/><E78/><V26/><F26/><W106/><G106/><T71/><D71/><U32/><E32/><V82/><REACH who="2" step="1"/><F100/><REACH who="2" ten="265,235,277,203" step="2"/><W52/><G67/><T113/><D103/><U135/><E135/><V90/><F90/><W85/><G49/><T38/><D91/><U61/><E89/><V5/><AGARI ba="1,2" hai="5,11,14,43,46,48,57,58,59,76,82,87,96,97" machi="5" ten="30,12000,1" yaku="1,1,0,1,25,2,8,1,53,0" doraHai="128" doraHaiUra="24" who="2" fromWho="2" sc="265,-41,235,-41,277,143,203,-41" /><INIT seed="2,2,0,2,5,63" ten="224,194,420,162" oya="2" hai0="15,69,10,70,20,121,21,25,50,64,119,8,73" hai1="45,126,82,111,4,77,27,129,58,131,31,120,19" hai2="62,90,55,99,60,47,103,12,68,122,94,13,75" hai3="115,33,128,49,56,3,97,112,54,104,57,133,130"/><V34/><F122/><W53/><G33/><T24/><D121/><U89/><E111/><V11/><F34/><W101/><G3/><T23/><D119/><U80/><E126/><V117/><F117/><W48/><REACH who="3" step="1"/><G133/><REACH who="3" ten="224,194,420,152" step="2"/><T92/><D73/><U38/><E120/><V74/><F74/><W30/><G30/><T132/><D132/><U86/><E31/><V95/><F75/><W91/><G91/><T35/><D50/><U65/><E89/><V96/><F68/><W127/><G127/><T37/><D37/><U98/><E77/><V76/><F76/><W18/><G18/><T44/><D69/><U51/><E19/><N who="2" m="8607" /><F13/><W59/><G59/><T5/><D70/><U105/><E58/><V110/><F110/><W134/><G134/><T114/><D114/><AGARI ba="2,1" hai="48,49,53,54,56,57,97,101,104,112,114,115,128,130" machi="114" ten="40,8000,1" yaku="1,1,9,1,11,1,53,1" doraHai="63" doraHaiUra="93" who="3" fromWho="0" sc="224,-86,194,0,420,0,152,96" /><INIT seed="3,0,0,0,4,67" ten="138,194,420,248" oya="3" hai0="132,32,121,102,135,68,6,128,53,26,125,55,113" hai1="4,63,3,134,109,99,43,21,29,59,101,13,34" hai2="49,38,15,14,103,66,44,17,51,10,74,130,24" hai3="40,52,75,82,114,107,71,50,112,41,89,133,86"/><W123/><G107/><T88/><D121/><U80/><E109/><V57/><F74/><W2/><G2/><T20/><D113/><U19/><E134/><N who="0" m="51241" /><D102/><U8/><E43/><V87/><F38/><W124/><G123/><T79/><D79/><U12/><E80/><V106/><F130/><W0/><G0/><T48/><D128/><U1/><E1/><V22/><F106/><W28/><G133/><T92/><D125/><U90/><E12/><V5/><F103/><W85/><G75/><T73/><D73/><U70/><E90/><V119/><F119/><W131/><G131/><T61/><D32/><U27/><E70/><V95/><F24/><W126/><G89/><T7/><D48/><U30/><E30/><V69/><F69/><W96/><G50/><T83/><D83/><U76/><E76/><V16/><F5/><N who="0" m="1546" /><D68/><U39/><E39/><V36/><F36/><W81/><G71/><T98/><D61/><U97/><REACH who="1" step="1"/><E101/><REACH who="1" ten="138,184,420,248" step="2"/><V33/><F33/><W84/><G28/><AGARI ba="0,1" hai="20,26,28,53,55,88,92,98" m="1546,51241" machi="28" ten="30,2000,0" yaku="20,1,54,1" doraHai="67" who="0" fromWho="3" sc="138,30,184,0,420,0,248,-20" /><INIT seed="4,0,0,0,5,12" ten="168,184,420,228" oya="0" hai0="93,102,101,47,96,24,110,29,121,127,118,35,104" hai1="125,2,54,95,25,76,108,97,48,32,10,63,124" hai2="0,7,40,64,68,107,33,52,42,78,58,26,18" hai3="34,134,117,11,74,113,85,21,60,90,82,88,114"/><T75/><D121/><U94/><E108/><V89/><F107/><W80/><G34/><T109/><D118/><U77/><E63/><V22/><F33/><W39/><G39/><T59/><D127/><N who="1" m="48715" /><E32/><V27/><F78/><N who="1" m="30313" /><E25/><V130/><F130/><W67/><G117/><T86/><D75/><U131/><E131/><V103/><F103/><W15/><G21/><T73/><D73/><U87/><E87/><V57/><F68/><W56/><G74/><T133/><D133/><U111/><E111/><N who="0" m="42505" /><D59/><N who="1" m="33223" /><E97/><V5/><F27/><W84/><REACH who="3" step="1"/><G134/><REACH who="3" ten="168,184,420,218" step="2"/><T123/><D123/><U129/><E129/><V66/><F0/><W115/><G115/><T43/><D86/><U19/><E2/><V36/><F36/><W44/><G44/><T14/><D14/><AGARI ba="0,1" hai="10,14,19,94,95" m="33223,30313,48715" machi="14" ten="30,2000,0" yaku="18,1,52,1" doraHai="12" who="1" fromWho="0" sc="168,-20,184,30,420,0,218,0" /><INIT seed="5,0,0,5,3,64" ten="148,214,420,218" oya="1" hai0="45,129,135,25,85,41,40,75,128,32,54,95,112" hai1="10,23,47,76,74,67,14,27,89,80,105,118,60" hai2="121,31,99,1,7,13,111,39,22,98,126,130,30" hai3="33,104,71,102,103,19,94,53,8,88,46,16,65"/><U93/><E105/><V69/><F121/><W66/><G33/><T62/><D112/><U5/><E47/><V68/><F111/><W59/><G46/><T43/><D75/><U18/><E118/><V61/><F39/><W90/><G104/><T134/><D32/><U58/><E93/><V115/><F1/><W11/><G71/><N who="2" m="27209" /><F61/><N who="3" m="36079" /><G90/><T73/><D73/><U108/><E89/><V132/><F7/><W42/><G42/><T82/><D25/><U133/><E133/><N who="0" m="50697" /><D95/><U35/><E35/><V70/><F132/><W0/><G0/><T117/><D117/><U81/><E81/><V122/><F122/><W21/><G66/><T107/><D107/><U2/><REACH who="1" step="1"/><E108/><REACH who="1" ten="148,204,420,218" step="2"/><V77/><F77/><W125/><G88/><N who="0" m="51255" /><D45/><U34/><E34/><V3/><F3/><AGARI ba="0,1" hai="2,3,5,10,14,18,23,27,58,60,67,74,76,80" machi="3" ten="40,2000,0" yaku="1,1,53,0" doraHai="64" doraHaiUra="49" who="1" fromWho="2" sc="148,0,204,30,420,-20,218,0" /><INIT seed="5,1,0,0,0,107" ten="148,234,400,218" oya="1" hai0="88,111,98,83,54,68,7,16,60,97,123,85,37" hai1="125,29,130,61,100,122,53,45,56,42,11,91,75" hai2="6,79,38,41,95,1,5,55,13,12,109,3,39" hai3="21,64,26,34,118,120,78,58,71,113,129,50,36"/><U28/><E122/><V126/><F109/><W102/><G36/><N who="2" m="13865" /><F41/><W52/><G120/><T76/><D111/><U99/><E130/><V73/><F95/><W51/><G118/><T17/><D123/><U70/><E125/><V33/><F33/><W106/><G129/><T80/><D37/><U105/><E70/><V108/><F108/><W115/><G78/><T18/><D7/><N who="2" m="2570" /><F126/><W62/><G50/><T32/><D32/><U124/><E124/><V4/><N who="2" m="2578" /><V0/><DORA hai="110" /><F55/><W69/><G69/><T65/><REACH who="0" step="1"/><D54/><REACH who="0" ten="138,234,400,218" step="2"/><U86/><E53/><V90/><F90/><W72/><G34/><T2/><D2/><U14/><E91/><V104/><F104/><W94/><G106/><T132/><D132/><U89/><E105/><V84/><F84/><AGARI ba="1,1" hai="16,17,18,60,65,68,76,80,83,84,85,88,97,98" machi="84" ten="40,5200,0" yaku="1,1,54,2,53,0" doraHai="107,110" doraHaiUra="24,47" who="0" fromWho="2" sc="138,65,234,0,400,-55,218,0" /><INIT seed="6,0,0,5,3,44" ten="203,234,345,218" oya="2" hai0="27,124,34,134,94,56,11,39,29,75,74,33,127" hai1="91,7,89,93,36,106,61,51,3,114,88,26,22" hai2="117,38,49,104,12,130,2,111,95,122,24,79,65" hai3="112,19,35,109,131,125,45,28,97,30,113,54,5"/><V87/><F122/><W86/><G109/><T118/><D118/><U31/><E36/><V1/><F117/><W52/><G5/><T23/><D39/><U108/><E108/><V41/><F111/><W81/><G125/><N who="0" m="48203" /><D94/><U10/><E106/><V126/><F126/><W76/><G131/><T68/><D68/><U103/><E61/><V116/><F38/><W70/><G70/><T92/><D134/><U13/><E114/><N who="3" m="44138" /><G35/><N who="0" m="13323" /><D92/><U80/><E80/><V66/><F104/><W82/><G97/><T99/><D99/><N who="1" m="59887" /><E3/><V69/><F69/><W121/><G121/><T96/><D96/><U0/><E0/><V21/><F130/><W9/><G82/><T78/><D56/><U8/><E8/><V48/><F1/><W46/><G30/><T100/><D100/><U67/><E67/><N who="2" m="25611" /><F2/><W40/><G28/><T73/><D11/><U105/><E105/><V47/><F12/><N who="3" m="7567" /><G45/><T77/><AGARI ba="0,0" hai="23,27,29,73,74,75,77,78" m="13323,48203" machi="77" ten="40,1500,0" yaku="18,1" doraHai="44" who="0" fromWho="0" sc="203,15,234,-4,345,-7,218,-4" /><INIT seed="7,0,0,2,0,18" ten="218,230,338,214" oya="3" hai0="52,58,62,55,126,14,10,133,94,46,66,131,90" hai1="30,91,122,5,80,38,85,19,13,7,43,21,100" hai2="59,31,105,127,71,70,76,42,35,93,26,36,67" hai3="132,74,4,87,50,110,81,73,116,119,96,68,117"/><W63/><G4/><N who="0" m="3399" /><D126/><U121/><E43/><V25/><F127/><W102/><G68/><T118/><D118/><U84/><E38/><V75/><F93/><N who="3" m="58639" /><G63/><T106/><D106/><U11/><E100/><V129/><F129/><W48/><G48/><N who="0" m="28695" /><D131/><U45/><E30/><V61/><F25/><W15/><G50/><T34/><D34/><U103/><E103/><V2/><F59/><W9/><G9/><T120/><D120/><U86/><E5/><V44/><F71/><W8/><G8/><T33/><D33/><U124/><E124/><V101/><F2/><W17/><G17/><T49/><D133/><U112/><E112/><V92/><F92/><W56/><G15/><T82/><D82/><U12/><E122/><V115/><F115/><W128/><G128/><T41/><D41/><U111/><E111/><V108/><F108/><W79/><G110/><T69/><D69/><U88/><E121/><V107/><F101/><W78/><G56/><N who="0" m="37191" /><D90/><N who="1" m="34347" /><E45/><V37/><F37/><W29/><G29/><T123/><D123/><U97/><E97/><V39/><F39/><W98/><G132/><T83/><D83/><AGARI ba="0,0" hai="7,11,12,13,19,21,80,83,84,85,86" m="34347" machi="83" ten="30,3900,0" yaku="8,1,52,1,54,1" doraHai="18" who="1" fromWho="0" sc="218,-39,230,39,338,0,214,0" /><AGARI ba="0,0" hai="26,31,35,36,42,44,61,67,70,75,76,83,105,107" machi="83" ten="40,5200,0" yaku="33,3" doraHai="18" who="2" fromWho="0" sc="179,-52,269,0,338,52,214,0" owari="127,-37.0,269,7.0,390,49.0,214,-19.0" /></mjloggm>