<mjloggm ver="2.3"><GO type="97" lobby="0"/><UN n0="%38%E9%9B%80%E8%9C%82%38" n1="%E5%B0%B1%E6%B4%BB%E7%94%9F%40%E5%B7%9D%E6%9D%91%E8%BB%8D%E5%9B%A3" n2="%E3%81%8D%E3%81%BF%E3%81%9F%E3%81%BE%E3%81%94" n3="%E7%BE%8E%E9%88%B4%E5%92%8C%E5%84%AA%E6%84%9B" dan="15,14,15,13" rate="1962.66,1921.18,1978.17,1895.26" sx="F,M,M,M"/><TAIKYOKU oya="0"/><INIT seed="0,0,0,0,1,56" ten="250,250,250,250" oya="0" hai0="72,14,100,7,64,41,114,68,77,46,26,78,98" hai1="71,52,135,119,134,70,5,61,48,89,8,81,37" hai2="108,10,117,97,23,31,122,33,132,63,82,85,34" hai3="131,55,19,17,76,57,99,66,25,43,49,101,1"/><T116/><D114/><U53/><E119/><V65/><F108/><W93/><G1/><T67/><D116/><U94/><E37/><V102/><F132/><N who="1" m="50729" /><E81/><V21/><F10/><W90/><G131/><T28/><D72/><U103/><E103/><V6/><F6/><W107/><G76/><T40/><D40/><U62/><E70/><N who="2" m="42303" /><F122/><W110/><G110/><T79/><D68/><U45/><E71/><V27/><F33/><W11/><G43/><T95/><D7/><U74/><E53/><V106/><F117/><W87/><G11/><T91/><D14/><N who="1" m="5391" /><E74/><V2/><F2/><W18/><REACH who="3" step="1"/><G66/><REACH who="3" ten="250,250,250,240" step="2"/><T54/><D54/><U32/><E32/><V124/><F124/><W73/><G73/><T16/><D100/><U4/><E4/><V39/><F39/><W88/><G88/><AGARI ba="0,1" hai="21,23,27,31,34,82,85,88,97,102,106" m="42303" machi="88" ten="30,3900,0" yaku="25,1,52,1,54,1" doraHai="56" who="2" fromWho="3" sc="250,0,250,0,250,49,240,-39" /><INIT seed="1,0,0,3,2,38" ten="250,250,299,201" oya="1" hai0="0,64,45,110,117,135,134,72,93,33,21,127,118" hai1="17,80,67,94,120,13,27,124,99,77,2,109,62" hai2="50,58,129,132,60,91,41,52,25,54,8,19,126" hai3="86,26,96,55,123,131,71,31,81,47,121,39,6"/><U16/><E2/><V116/><F116/><W63/><G131/><T84/><D72/><U23/><E120/><V75/><F75/><W98/><G6/><T56/><D33/><U65/><E124/><V43/><F129/><W4/><G4/><T69/><D0/><U87/><E109/><V115/><F132/><W22/><G39/><T122/><D122/><U101/><REACH who="1" step="1"/><E62/><REACH who="1" ten="250,240,299,201" step="2"/><V100/><F126/><W130/><G123/><T73/><D127/><U108/><E108/><V46/><F115/><W40/><G121/><T70/><D110/><U106/><E106/><V90/><F100/><W53/><G130/><T3/><D118/><U42/><E42/><V49/><F43/><W125/><G125/><T112/><D117/><U9/><AGARI ba="0,1" hai="9,13,16,17,23,27,65,67,77,80,87,94,99,101" machi="9" ten="20,12000,1" yaku="1,1,0,1,7,1,8,1,54,1,53,0" doraHai="38" doraHaiUra="133" who="1" fromWho="1" sc="250,-40,240,130,299,-40,201,-40" /><INIT seed="1,1,0,0,4,107" ten="210,370,259,161" oya="1" hai0="24,49,66,109,27,25,9,121,87,62,97,135,73" hai1="50,95,103,91,125,48,58,35,14,39,11,71,12" hai2="105,30,96,132,127,38,82,116,46,8,21,104,16" hai3="129,108,128,7,120,68,6,51,113,29,65,59,98"/><U114/><E35/><V28/><F116/><W124/><G120/><T63/><D109/><U31/><E71/><V102/><F104/><W53/><G113/><T74/><D135/><U52/><E39/><V77/><F127/><W81/><G124/><T42/><D87/><U5/><E125/><V118/><F8/><W70/><G29/><T41/><D9/><U100/><E114/><V119/><F132/><W43/><G81/><T130/><D130/><N who="3" m="50281" /><G108/><T101/><D49/><U0/><E31/><V37/><F28/><W126/><G126/><T133/><D133/><U93/><E93/><V131/><F30/><W64/><G98/><T72/><D121/><U86/><REACH who="1" step="1"/><E48/><REACH who="1" ten="210,360,259,161" step="2"/><V123/><F38/><W61/><G7/><T134/><D134/><U76/><E76/><V18/><F131/><W111/><G6/><T122/><D122/><U99/><E99/><V10/><F123/><W2/><G111/><T117/><D117/><U26/><E26/><V3/><F119/><W115/><G115/><T15/><D15/><AGARI ba="1,1" hai="0,5,11,12,14,15,50,52,58,86,91,95,100,103" machi="15" ten="40,3900,0" yaku="1,1,54,1,53,0" doraHai="107" doraHaiUra="22" who="1" fromWho="0" sc="210,-42,360,52,259,0,161,0" /><INIT seed="1,2,0,4,4,122" ten="168,412,259,161" oya="1" hai0="126,68,92,72,12,73,107,74,56,17,78,6,105" hai1="97,14,39,86,117,9,51,38,89,28,43,134,65" hai2="42,27,66,15,101,90,109,59,5,81,34,67,88" hai3="23,21,95,48,54,0,110,58,99,84,132,125,4"/><U119/><E134/><V87/><F101/><W114/><G114/><T129/><D68/><U1/><E1/><V102/><F102/><W76/><G132/><T111/><D129/><U22/><E65/><V7/><F42/><W60/><G125/><T93/><D126/><U47/><E97/><V115/><F115/><W71/><G0/><T2/><D78/><U123/><E123/><V41/><F41/><W44/><G4/><T116/><D116/><U20/><E119/><V131/><F131/><W31/><G71/><T49/><D6/><U83/><E117/><V118/><F118/><W79/><G110/><T69/><D69/><U133/><E133/><V104/><F109/><W135/><G135/><T127/><D2/><U130/><E130/><V120/><F104/><W26/><G21/><T62/><D111/><U37/><REACH who="1" step="1"/><E28/><REACH who="1" ten="168,402,259,161" step="2"/><V45/><F120/><W82/><G76/><T8/><D127/><U80/><E80/><V121/><F66/><W98/><G95/><T3/><D3/><U32/><E32/><V75/><F67/><AGARI ba="2,1" hai="23,26,31,44,48,54,58,60,67,79,82,84,98,99" machi="67" ten="30,2000,0" yaku="7,1,8,1" doraHai="122" who="3" fromWho="2" sc="168,0,402,0,259,-26,161,36" /><INIT seed="2,0,0,3,5,15" ten="168,402,233,197" oya="2" hai0="48,127,0,69,115,4,113,60,134,117,46,44,83" hai1="94,41,85,34,62,110,10,57,131,126,3,68,104" hai2="132,67,6,125,39,99,54,72,21,108,118,7,130" hai3="116,122,47,49,111,50,81,40,45,52,86,35,129"/><V23/><F39/><W107/><G35/><T66/><D134/><U30/><E104/><V56/><F72/><W97/><G122/><T63/><D127/><U71/><E110/><V5/><F118/><W82/><G116/><T64/><D117/><U74/><E74/><V89/><F130/><W101/><G129/><T76/><D4/><U102/><E41/><V124/><F132/><W14/><G111/><T119/><D0/><U133/><E133/><V93/><F67/><W98/><G98/><T73/><D119/><U121/><E121/><V78/><F78/><W59/><G59/><T2/><D2/><U42/><E42/><V18/><F108/><W91/><REACH who="3" step="1"/><G14/><REACH who="3" ten="168,402,233,187" step="2"/><T33/><D33/><U31/><E3/><V84/><F99/><W12/><G12/><T70/><REACH who="0" step="1"/><D44/><REACH who="0" ten="158,402,233,187" step="2"/><U25/><E126/><V53/><F125/><W77/><G77/><T8/><D8/><U36/><E131/><V51/><F124/><W13/><G13/><T27/><D27/><U26/><E10/><V28/><F56/><W75/><G75/><T24/><D24/><U20/><E57/><V58/><F58/><W96/><G96/><T80/><D80/><AGARI ba="0,2" hai="40,45,47,49,50,52,80,81,82,86,91,97,101,107" machi="80" ten="30,3900,0" yaku="1,1,7,1,54,1,53,0" doraHai="15" doraHaiUra="11" who="3" fromWho="0" sc="158,-39,402,0,233,0,187,59" /><INIT seed="3,0,0,1,3,108" ten="119,402,233,246" oya="3" hai0="24,119,15,40,73,132,12,125,84,101,91,17,97" hai1="53,14,35,44,105,124,95,60,31,43,9,134,39" hai2="33,46,58,29,48,74,11,6,3,8,98,71,79" hai3="21,82,121,23,25,37,111,129,0,107,7,128,131"/><W122/><G37/><T123/><D119/><U65/><E105/><V81/><F71/><W10/><G107/><T77/><D123/><N who="3" m="47113" /><G82/><T112/><D125/><U93/><E124/><V90/><F58/><W45/><G45/><T70/><D70/><U109/><E109/><V36/><F11/><W87/><G87/><T113/><D132/><U47/><E134/><V94/><F48/><W64/><G64/><T67/><D67/><U126/><E126/><V59/><F59/><W20/><G111/><T117/><D117/><U66/><E31/><AGARI ba="0,0" hai="0,7,10,20,21,23,25,31,128,129,131" m="47113" machi="31" ten="40,7700,0" yaku="19,1,34,2" doraHai="108" who="3" fromWho="1" sc="119,0,402,-77,233,0,246,77" /><INIT seed="3,1,0,3,4,107" ten="119,325,233,323" oya="3" hai0="6,113,52,92,1,128,37,114,5,47,28,87,135" hai1="115,32,53,45,109,88,121,91,20,99,106,43,56" hai2="33,79,98,78,15,57,123,10,108,110,7,68,124" hai3="16,9,73,130,25,29,84,35,127,72,14,117,129"/><W119/><G127/><T104/><D135/><U26/><E115/><V48/><F68/><W23/><G84/><T76/><D104/><U74/><E74/><N who="3" m="28778" /><G35/><T42/><D128/><AGARI ba="1,0" hai="9,14,16,23,25,29,117,119,128,129,130" m="28778" machi="128" ten="30,12000,1" yaku="19,1,52,3,54,1" doraHai="107" who="3" fromWho="0" sc="119,-123,325,0,233,0,323,123" owari="-4,-50.0,325,13.0,233,-17.0,446,54.0" /></mjloggm>