<mjloggm ver="2.3"><GO type="97" lobby="0"/><UN n0="%E6%81%90%E7%AB%9C%E3%81%BE%E3%81%A0%EF%BC%9F" n1="%E5%B0%B1%E6%B4%BB%E7%94%9F%40%E5%B7%9D%E6%9D%91%E8%BB%8D%E5%9B%A3" n2="%E2%99%AA%53%6F%6E%69%63%6F%E2%99%AA" n3="%E3%83%B4%E3%82%A3%E3%83%A9%E3%81%AE%E7%A5%9E" dan="13,15,15,14" rate="1984.25,2047.02,2066.45,1995.49" sx="M,M,M,M"/><TAIKYOKU oya="0"/><INIT seed="0,0,0,2,5,16" ten="250,250,250,250" oya="0" hai0="10,97,96,20,31,132,37,115,9,133,82,104,47" hai1="110,51,23,43,125,129,77,107,28,135,73,38,15" hai2="116,74,105,44,13,76,81,108,22,3,2,80,123" hai3="79,18,93,50,111,40,134,61,57,89,87,27,21"/><T86/><D115/><U112/><E107/><V11/><F123/><W92/><G111/><T90/><D104/><U65/><E38/><V53/><F108/><W14/><G134/><N who="0" m="51819" /><D37/><U8/><E110/><V102/><F116/><W35/><G79/><T64/><D47/><N who="1" m="26111" /><E73/><V4/><F102/><W120/><G120/><T91/><D64/><U42/><E112/><V17/><F105/><W56/><G35/><T114/><D114/><U33/><E33/><V60/><F81/><W130/><G130/><T0/><D0/><U45/><E125/><V26/><REACH who="2" step="1"/><F44/><REACH who="2" ten="250,250,240,250" step="2"/><N who="3" m="25863" /><G93/><N who="0" m="56375" /><D97/><U117/><E117/><V75/><F75/><W98/><G98/><T83/><D83/><U126/><E126/><V29/><F29/><W71/><G71/><T25/><AGARI ba="0,1" hai="9,10,20,25,31,82,86,91" m="56375,51819" machi="25" ten="30,3000,0" yaku="20,1,52,1" doraHai="16" who="0" fromWho="0" sc="250,40,250,-10,240,-10,250,-10" /><INIT seed="0,1,0,4,5,128" ten="290,240,230,240" oya="0" hai0="91,103,17,71,123,131,7,98,119,100,15,85,121" hai1="72,77,59,61,22,75,112,124,8,111,73,105,39" hai2="53,16,65,33,134,45,132,0,87,32,79,101,58" hai3="5,48,69,13,63,23,78,52,9,44,31,108,55"/><T67/><D119/><U81/><E105/><V50/><F0/><W68/><G78/><T125/><D125/><U86/><E39/><V70/><F101/><W93/><G108/><T11/><D131/><U90/><E112/><V62/><F70/><W126/><G126/><T28/><D28/><U4/><E124/><V122/><F122/><W76/><G76/><T42/><D42/><U1/><E111/><V114/><F114/><W30/><G30/><T113/><D113/><U43/><E22/><V97/><F97/><W88/><G68/><T21/><D67/><U64/><REACH who="1" step="1"/><E43/><REACH who="1" ten="290,230,230,240" step="2"/><V115/><F115/><W35/><G23/><T84/><D123/><U19/><E19/><V14/><F33/><W40/><G31/><T92/><D121/><U12/><E12/><V56/><F32/><W89/><G35/><T80/><D71/><U66/><E66/><V110/><F110/><W117/><G117/><T18/><D18/><U83/><AGARI ba="1,1" hai="1,4,8,59,61,64,72,73,75,77,81,83,86,90" machi="83" ten="20,2700,0" yaku="1,1,0,1,7,1,53,0" doraHai="128" doraHaiUra="36" who="1" fromWho="1" sc="290,-14,230,40,230,-8,240,-8" /><INIT seed="1,0,0,2,4,71" ten="276,270,222,232" oya="1" hai0="64,107,37,54,115,119,104,62,10,88,23,42,87" hai1="51,94,63,135,65,11,7,117,125,41,25,73,123" hai2="52,39,109,28,101,34,60,8,127,49,96,46,31" hai3="83,3,24,59,103,20,12,120,22,75,86,79,93"/><U134/><E73/><V4/><F109/><W55/><G3/><T57/><D119/><U61/><E123/><V99/><F127/><W74/><G120/><T133/><D133/><N who="1" m="50699" /><E117/><V47/><F34/><W35/><G35/><T69/><D115/><U84/><E125/><V21/><F60/><W82/><G103/><T114/><D114/><U17/><E41/><V110/><F110/><W30/><G93/><T130/><D130/><U38/><E51/><V121/><F121/><W5/><G82/><T27/><D10/><U76/><E38/><V131/><F131/><W112/><G112/><T95/><D27/><U19/><E25/><V2/><F21/><W67/><G20/><T92/><D23/><U90/><E76/><V70/><F70/><W106/><G106/><T40/><D95/><U124/><E124/><V128/><F128/><W9/><REACH who="3" step="1"/><G67/><REACH who="3" ten="276,270,222,222" step="2"/><T113/><D113/><U36/><E65/><V15/><F2/><W16/><G16/><N who="1" m="6218" /><E36/><V102/><F102/><W45/><G45/><N who="0" m="23695" /><D42/><U81/><E94/><V13/><F101/><W105/><G105/><T6/><D107/><U33/><E33/><V108/><F108/><W0/><G0/><AGARI ba="0,1" hai="0,7,11,61,63,81,84,90" m="6218,50699" machi="0" ten="30,2900,0" yaku="20,1,54,1" doraHai="71" who="1" fromWho="3" sc="276,0,270,39,222,0,222,-29" /><INIT seed="1,1,0,3,2,128" ten="276,309,222,193" oya="1" hai0="46,78,28,91,10,45,9,77,21,27,14,126,90" hai1="115,96,110,6,99,18,42,50,40,0,32,71,56" hai2="101,86,76,103,124,129,31,64,73,75,79,68,104" hai3="67,36,118,132,55,30,11,26,54,97,24,23,120"/><U25/><E71/><V95/><F129/><W80/><G36/><T29/><D126/><U117/><E115/><V122/><F31/><W81/><G120/><T33/><D33/><U100/><E117/><V84/><F68/><W2/><G118/><T92/><D14/><U61/><E110/><V19/><F19/><W87/><G67/><T43/><D43/><U5/><E0/><V12/><F12/><W57/><G97/><T66/><D66/><U111/><E111/><V48/><F48/><W134/><G2/><T34/><D34/><U52/><E96/><V44/><F44/><W125/><G11/><T20/><REACH who="0" step="1"/><D92/><REACH who="0" ten="266,309,222,193" step="2"/><N who="1" m="58471" /><E32/><V109/><F64/><W60/><G125/><T13/><D13/><U63/><E42/><V82/><F109/><W41/><G41/><T39/><D39/><U1/><E1/><V113/><F124/><W105/><G24/><AGARI ba="1,1" hai="9,10,20,21,24,27,28,29,45,46,77,78,90,91" machi="24" ten="25,6400,0" yaku="1,1,22,2,8,1,53,0" doraHai="128" doraHaiUra="88" who="0" fromWho="3" sc="266,77,309,0,222,0,193,-67" /><INIT seed="2,0,0,0,1,7" ten="343,309,222,126" oya="2" hai0="108,10,5,11,49,75,68,3,111,127,46,82,25" hai1="47,38,2,33,64,90,96,72,119,37,128,42,50" hai2="1,9,18,54,41,20,91,103,106,122,74,133,115" hai3="95,131,0,126,123,27,86,52,112,135,57,30,59"/><V60/><F122/><W32/><G0/><T6/><D68/><U53/><E119/><V36/><F115/><W89/><G112/><T84/><D75/><U66/><E33/><V92/><F74/><W12/><G123/><T16/><D127/><U83/><E2/><V113/><F113/><W87/><G126/><T134/><D134/><U120/><E120/><V4/><F133/><W31/><G131/><T35/><D35/><U88/><E128/><V97/><F36/><W104/><G104/><T45/><D25/><U8/><E8/><V19/><F41/><W80/><G135/><T101/><D101/><U125/><E125/><V48/><F60/><W58/><G12/><N who="0" m="7191" /><D5/><U15/><E15/><V55/><F20/><W71/><G31/><T62/><D62/><U34/><E34/><V94/><F106/><W17/><G17/><T43/><D49/><U26/><E26/><V70/><F70/><W100/><G71/><T98/><D98/><U29/><E29/><V78/><F78/><W56/><G100/><T23/><D23/><U132/><E132/><V129/><F129/><W69/><G69/><T39/><D45/><U22/><E22/><V77/><F77/><W110/><G59/><T76/><D84/><N who="1" m="50207" /><E72/><V81/><F48/><W124/><G124/><T24/><D24/><U107/><E38/><V28/><F28/><W73/><G73/><N who="0" m="43279" /><D108/><U40/><E37/><V121/><F121/><W118/><G110/><T63/><D63/><U65/><E107/><V93/><F93/><AGARI ba="0,0" hai="40,42,47,50,53,64,65,66,90,93,96" m="50207" machi="93" ten="30,2000,0" yaku="8,1,54,1" doraHai="7" who="1" fromWho="2" sc="343,0,309,20,222,-20,126,0" /><INIT seed="3,0,0,1,5,101" ten="343,329,202,126" oya="3" hai0="111,10,98,54,69,61,6,127,106,124,24,22,13" hai1="19,82,8,120,2,55,32,78,95,132,34,129,118" hai2="5,92,100,123,86,63,73,3,62,88,114,47,121" hai3="130,74,1,113,93,29,18,58,20,102,84,122,44"/><W59/><G122/><T135/><D135/><U91/><E120/><N who="2" m="46155" /><F114/><W56/><G113/><T7/><D111/><U126/><E118/><V64/><F73/><W96/><G74/><T81/><D81/><U50/><E129/><V103/><F5/><W80/><G1/><T79/><D79/><U107/><E107/><V21/><F3/><W49/><G29/><T94/><D106/><U45/><E132/><V72/><F72/><W68/><G68/><T27/><D7/><U99/><E126/><N who="0" m="48169" /><D22/><U83/><E83/><V77/><F77/><N who="3" m="46095" /><G130/><T33/><D33/><U46/><E46/><V90/><F47/><W70/><G70/><T26/><D26/><U4/><REACH who="1" step="1"/><E19/><REACH who="1" ten="343,319,202,126" step="2"/><V104/><F104/><W14/><G44/><T57/><D69/><U53/><E53/><AGARI ba="0,1" hai="14,18,20,49,53,56,58,59,93,96,102" m="46095" machi="53" ten="30,1500,0" yaku="8,1" doraHai="101" who="3" fromWho="1" sc="343,0,319,-15,202,0,126,25" /><INIT seed="3,1,0,5,1,133" ten="343,304,202,151" oya="3" hai0="33,67,52,115,54,22,8,94,76,24,82,118,131" hai1="88,0,32,121,44,5,86,27,10,119,55,75,103" hai2="128,100,114,61,91,106,47,66,85,122,84,93,126" hai3="20,19,116,6,21,26,117,31,36,60,4,41,73"/><W109/><G73/><T113/><D118/><N who="3" m="45673" /><G36/><T34/><D131/><U56/><E119/><V123/><F114/><N who="0" m="43530" /><D67/><U28/><E121/><N who="2" m="46091" /><F128/><W89/><G60/><T65/><D65/><U62/><E75/><V59/><F47/><W120/><G41/><T81/><D94/><U129/><E129/><V70/><F70/><W95/><G95/><T14/><D81/><U23/><E103/><V49/><F49/><W87/><G87/><N who="0" m="48583" /><D52/><U134/><E134/><V107/><F100/><W110/><G89/><T111/><D111/><N who="3" m="42505" /><G120/><T101/><D54/><U18/><E44/><V63/><F63/><W46/><G46/><T25/><D101/><U78/><E78/><V13/><F84/><W92/><G92/><T53/><D53/><U50/><E62/><V105/><F13/><AGARI ba="1,0" hai="4,6,13,19,20,21,26,31" m="42505,45673" machi="13" ten="30,11600,0" yaku="14,1,10,1,34,2" doraHai="133" who="3" fromWho="2" sc="343,0,304,0,202,-119,151,119" /><INIT seed="3,2,0,2,2,111" ten="343,304,83,270" oya="3" hai0="21,121,30,9,110,57,41,15,129,28,92,91,98" hai1="99,16,12,32,75,27,5,114,135,72,118,42,23" hai2="59,105,0,33,64,80,18,47,56,83,130,112,62" hai3="124,35,52,51,88,37,81,26,103,50,122,58,14"/><W97/><G37/><T79/><D110/><U127/><E114/><V49/><F105/><W22/><G122/><T73/><D121/><U119/><E42/><V29/><F0/><W100/><G35/><T45/><D129/><U133/><E99/><V17/><F130/><W109/><G124/><T102/><D21/><U134/><E127/><V87/><F29/><N who="3" m="17623" /><G109/><T107/><D57/><U90/><E90/><V108/><F108/><W61/><G14/><T39/><D79/><U3/><E3/><V68/><F33/><W25/><G25/><T76/><D76/><U10/><E32/><V116/><F87/><N who="3" m="50287" /><G97/><T54/><D54/><U6/><E6/><V115/><F64/><W24/><G24/><T96/><D73/><AGARI ba="2,0" hai="5,10,12,16,23,27,72,73,75,118,119,133,134,135" machi="73" ten="50,3200,0" yaku="20,1,54,1" doraHai="111" who="1" fromWho="0" sc="343,-38,304,38,83,0,270,0" owari="305,11.0,342,44.0,83,-42.0,270,-13.0" /></mjloggm>