<mjloggm ver="2.3"><GO type="41" lobby="0"/><UN n0="%6C%65%76%69%64%61" n1="%52%6F%6D%6F%39%39%39%39" n2="%68%6F%6E%68%6F%6E" n3="%E5%B0%B1%E6%B4%BB%E7%94%9F%40%E5%B7%9D%E6%9D%91%E8%BB%8D%E5%9B%A3" dan="13,15,13,16" rate="1872.60,1963.10,1900.79,2170.25" sx="F,M,M,M"/><TAIKYOKU oya="0"/><INIT seed="0,0,0,3,5,110" ten="250,250,250,250" oya="0" hai0="95,68,115,78,30,125,67,102,132,65,87,76,120" hai1="114,101,55,4,8,7,41,26,74,1,24,61,52" hai2="36,37,92,18,112,64,51,108,23,133,82,62,42" hai3="59,10,15,129,99,29,128,130,109,34,126,9,53"/><T107/><D120/><U73/><E41/><V14/><F108/><W25/><G109/><T117/><D117/><U33/><E101/><V45/><F133/><W56/><G126/><T46/><D30/><U86/><E86/><V83/><F112/><W90/><G15/><T131/><D115/><U35/><E61/><V135/><F135/><W119/><G119/><T21/><D125/><U94/><E8/><V13/><F37/><W71/><G71/><T66/><D68/><U38/><E94/><V106/><F106/><W105/><G59/><T57/><D107/><U111/><E111/><V118/><F118/><W11/><G105/><T97/><D131/><U32/><E114/><V91/><F14/><W124/><G124/><T127/><D132/><U48/><E48/><V85/><REACH who="2" step="1"/><F36/><REACH who="2" ten="250,250,240,250" step="2"/><W72/><G72/><N who="1" m="27754" /><E38/><V75/><F75/><W122/><G122/><T70/><D127/><U88/><E1/><V0/><F0/><W3/><G3/><T44/><D70/><AGARI ba="0,1" hai="13,18,23,42,45,51,62,64,70,82,83,85,91,92" machi="70" ten="30,2000,0" yaku="1,1,7,1,53,0" doraHai="110" doraHaiUra="2" who="2" fromWho="0" sc="250,-20,250,0,240,30,250,0" /><INIT seed="1,0,0,0,4,33" ten="230,250,270,250" oya="1" hai0="128,134,14,53,18,105,104,51,110,62,20,11,44" hai1="119,73,71,66,127,4,6,16,121,5,48,0,28" hai2="116,55,59,64,123,89,106,75,40,32,77,98,113" hai3="102,69,56,65,29,30,85,86,17,124,103,112,133"/><U60/><E73/><V67/><F32/><W72/><G69/><T8/><D128/><U78/><E78/><V68/><F77/><W7/><G72/><T107/><D134/><U83/><E83/><V1/><F75/><W35/><G35/><T90/><D110/><U94/><E119/><V131/><F106/><W117/><G112/><T79/><D79/><U122/><E28/><N who="3" m="10858" /><G7/><T70/><D70/><U99/><E127/><V76/><F76/><W47/><G124/><T37/><D37/><U88/><E48/><V38/><F116/><W135/><G47/><T13/><D62/><U2/><REACH who="1" step="1"/><E16/><REACH who="1" ten="230,240,270,250" step="2"/><V80/><F80/><W57/><G117/><T36/><D36/><U58/><E58/><N who="3" m="22634" /><G65/><T27/><REACH who="0" step="1"/><D90/><REACH who="0" ten="220,240,270,250" step="2"/><U118/><E118/><V97/><F89/><W15/><G135/><T91/><D91/><U43/><E43/><V81/><F40/><W22/><G133/><T24/><D24/><U115/><E115/><V49/><F113/><W74/><G74/><T19/><D19/><U23/><E23/><V52/><F38/><W31/><G31/><T41/><D41/><U130/><E130/><V92/><F67/><W12/><G103/><T39/><D39/><U10/><E10/><AGARI ba="0,2" hai="8,10,11,13,14,18,20,27,44,51,53,104,105,107" machi="10" ten="40,1300,0" yaku="1,1,53,0" doraHai="33" doraHaiUra="125" who="0" fromWho="1" sc="220,33,240,-13,270,0,250,0" /><INIT seed="2,0,0,4,1,93" ten="253,227,270,250" oya="2" hai0="84,117,33,86,3,32,101,123,15,23,24,21,7" hai1="131,65,40,31,79,114,62,64,111,63,94,2,69" hai2="4,66,19,28,57,46,61,16,77,60,119,52,9" hai3="109,97,100,11,71,127,67,53,108,37,20,92,74"/><V87/><F119/><W51/><G37/><T1/><D123/><U35/><E2/><N who="0" m="521" /><D101/><U41/><E114/><V76/><F28/><W116/><G74/><T25/><D84/><U112/><E112/><V13/><F46/><W132/><G116/><T6/><D117/><U70/><E79/><V54/><F87/><W90/><G127/><T78/><D86/><U133/><E31/><V50/><F61/><N who="1" m="23049" /><E35/><N who="0" m="13385" /><D78/><N who="2" m="30314" /><F66/><N who="1" m="25705" /><E94/><V126/><F126/><W80/><G67/><T0/><N who="0" m="529" /><T38/><DORA hai="134" /><D38/><U26/><E26/><N who="0" m="10345" /><D15/><U106/><E106/><V104/><F104/><W81/><G71/><N who="1" m="27146" /><E133/><V59/><AGARI ba="0,0" hai="4,9,13,16,19,50,52,54,57,59,60" m="30314" machi="59" ten="30,6000,0" yaku="8,1,54,2" doraHai="93,134" who="2" fromWho="2" sc="253,-20,227,-20,270,60,250,-20" /><INIT seed="2,1,0,5,5,23" ten="233,207,330,230" oya="2" hai0="10,81,112,102,79,52,78,57,111,3,99,118,115" hai1="88,134,83,4,30,131,66,40,19,42,56,35,135" hai2="97,77,59,12,22,8,122,63,69,68,94,114,109" hai3="108,36,13,41,62,43,87,64,124,104,33,133,76"/><V73/><F122/><W71/><G104/><T101/><D3/><U9/><E19/><V82/><F114/><W28/><G108/><T1/><D118/><U0/><E131/><V100/><F22/><W61/><G133/><N who="1" m="50698" /><E56/><V27/><F27/><W123/><G123/><T39/><D111/><U120/><E66/><V51/><F51/><W116/><G116/><T103/><D39/><U74/><E120/><V95/><F94/><W129/><G124/><T132/><D132/><U48/><E48/><V49/><F49/><W65/><G129/><T24/><D1/><U2/><E2/><V70/><F109/><W110/><G110/><T96/><D112/><U14/><E0/><V127/><F127/><W72/><G72/><T91/><D10/><U125/><E125/><V37/><F37/><W45/><G41/><T126/><D126/><U128/><E128/><V21/><F21/><W105/><G105/><T130/><D130/><U86/><E74/><V54/><REACH who="2" step="1"/><F70/><REACH who="2" ten="233,207,320,230" step="2"/><W67/><G33/><T55/><D24/><AGARI ba="1,1" hai="4,9,14,24,30,35,40,42,83,86,88" m="50698" machi="24" ten="30,3900,0" yaku="20,1,52,1,54,1" doraHai="23" who="1" fromWho="0" sc="233,-42,207,52,320,0,230,0" /><INIT seed="3,0,0,0,3,48" ten="191,259,320,230" oya="3" hai0="14,3,118,19,65,79,99,76,134,18,131,26,57" hai1="133,4,64,119,21,27,106,63,90,56,103,49,28" hai2="108,12,31,10,129,107,61,25,0,135,109,112,62" hai3="32,44,46,58,91,54,94,105,97,125,38,93,130"/><W67/><G32/><T127/><D3/><U51/><E133/><V111/><F107/><W123/><G123/><T5/><D134/><U72/><E119/><V17/><F135/><W98/><G105/><T39/><D118/><U36/><E36/><V124/><F112/><W128/><G67/><T117/><D39/><U68/><E72/><V24/><F124/><W70/><G125/><T80/><D117/><U87/><E4/><V77/><F129/><N who="3" m="49771" /><G70/><T100/><D127/><U41/><E41/><V15/><F77/><W30/><G30/><T95/><D131/><U75/><E75/><V40/><F40/><N who="3" m="22551" /><G46/><T86/><D76/><U1/><E1/><V37/><F37/><W96/><G91/><T88/><D100/><U110/><E68/><V6/><F62/><AGARI ba="0,0" hai="54,58,62,93,94,96,97,98" m="22551,49771" machi="62" ten="30,2900,0" yaku="19,1,52,1" doraHai="48" who="3" fromWho="2" sc="191,0,259,0,320,-29,230,29" /><INIT seed="3,1,0,1,0,46" ten="191,259,291,259" oya="3" hai0="15,85,42,21,36,124,26,80,94,86,44,128,78" hai1="97,98,118,33,61,8,50,12,120,109,29,58,48" hai2="43,108,135,123,13,84,22,65,17,9,122,63,25" hai3="53,62,70,52,7,107,99,101,56,32,59,30,117"/><W5/><G117/><T3/><D124/><U10/><E109/><V20/><F43/><W64/><G32/><T90/><D128/><U89/><E120/><N who="2" m="46123" /><F108/><W54/><REACH who="3" step="1"/><G30/><REACH who="3" ten="191,259,291,249" step="2"/><T102/><D3/><U40/><E33/><V133/><F84/><W77/><G77/><T23/><D15/><U0/><E29/><N who="2" m="17575" /><F9/><W47/><G47/><T55/><D26/><U119/><E10/><V14/><F14/><W69/><G69/><AGARI ba="1,1" hai="13,17,22,63,65,69,133,135" m="17575,46123" machi="69" ten="30,1000,0" yaku="13,1" doraHai="46" who="2" fromWho="3" sc="191,0,259,0,291,23,249,-13" /><INIT seed="4,0,0,5,1,124" ten="191,259,314,236" oya="0" hai0="103,116,130,1,17,18,29,91,80,108,101,22,85" hai1="58,82,104,74,109,129,99,26,107,86,38,98,12" hai2="70,68,30,69,81,54,53,122,5,92,117,75,35" hai3="25,123,6,64,28,21,3,102,84,114,16,100,97"/><T125/><D1/><U61/><E38/><V78/><F122/><W65/><G114/><T88/><D125/><U41/><E41/><V9/><F117/><W96/><G123/><T57/><D116/><U90/><E109/><V4/><F4/><W72/><G72/><T79/><D108/><U52/><E74/><V83/><F83/><W34/><G3/><T11/><D130/><U105/><E129/><V59/><F35/><W62/><G6/><T71/><D29/><U40/><E40/><V37/><F37/><W2/><G2/><T60/><D71/><U66/><E26/><V106/><F106/><W24/><G84/><T121/><D121/><U55/><E12/><V50/><F30/><W89/><G89/><N who="0" m="34379" /><D11/><U111/><REACH who="1" step="1"/><E111/><REACH who="1" ten="191,249,314,236" step="2"/><V94/><REACH who="2" step="1"/><F54/><AGARI ba="0,1" hai="52,54,55,58,61,66,82,86,90,98,99,104,105,107" machi="54" ten="40,5200,0" yaku="1,1,2,1,54,1,53,0" doraHai="124" doraHaiUra="31" who="1" fromWho="2" sc="191,0,249,62,314,-52,236,0" /><INIT seed="5,0,0,2,5,4" ten="191,311,262,236" oya="1" hai0="117,86,53,73,55,58,27,77,57,109,69,24,52" hai1="29,113,105,115,43,78,56,97,64,95,112,99,135" hai2="38,17,106,87,62,98,80,41,75,39,125,67,70" hai3="50,18,110,81,0,51,33,96,120,119,16,54,108"/><U127/><E29/><V31/><F125/><W118/><G120/><T6/><D109/><N who="3" m="42089" /><G33/><T111/><D117/><N who="3" m="44553" /><G0/><T46/><D46/><U92/><E127/><V32/><F17/><N who="3" m="6763" /><G54/><T14/><D111/><U30/><E135/><V72/><F87/><W36/><G36/><T28/><D73/><N who="2" m="28234" /><F80/><W90/><G81/><N who="0" m="47407" /><D69/><U103/><E78/><V123/><F41/><W102/><G90/><T19/><D6/><U65/><E30/><V68/><F68/><W1/><G1/><T104/><D104/><AGARI ba="0,0" hai="50,51,96,102,104" m="6763,44553,42089" machi="104" ten="30,2000,0" yaku="12,1,54,1" doraHai="4" who="3" fromWho="0" sc="191,-20,311,0,262,0,236,20" /><INIT seed="6,0,0,1,3,24" ten="171,311,262,256" oya="2" hai0="91,7,62,53,55,52,32,128,98,35,60,131,17" hai1="20,0,73,1,27,59,76,31,47,61,106,65,26" hai2="22,33,103,63,70,81,75,108,68,38,111,109,74" hai3="48,80,113,21,85,84,12,57,30,104,66,44,50"/><V58/><F38/><W40/><G104/><T14/><D7/><U114/><E106/><V134/><F33/><N who="0" m="12874" /><D91/><U13/><E114/><V118/><F118/><W86/><G113/><T130/><D98/><U11/><E27/><V42/><F42/><W95/><G95/><T45/><D45/><U126/><E126/><V135/><F103/><W2/><G2/><T101/><D101/><U4/><REACH who="1" step="1"/><E47/><REACH who="1" ten="171,301,262,256" step="2"/><V41/><F41/><W46/><G80/><AGARI ba="0,1" hai="0,1,4,11,13,20,26,31,59,61,65,73,76,80" machi="80" ten="40,8000,1" yaku="1,1,2,1,52,1,53,1" doraHai="24" doraHaiUra="78" who="1" fromWho="3" sc="171,0,301,90,262,0,256,-80" /><INIT seed="7,0,0,5,4,127" ten="171,391,262,176" oya="3" hai0="111,18,44,55,50,6,15,0,70,40,52,39,54" hai1="79,105,104,85,47,99,119,51,106,34,129,88,94" hai2="120,121,67,57,110,14,23,108,41,4,28,5,43" hai3="60,95,64,84,128,66,35,75,92,7,27,82,78"/><W83/><G7/><N who="2" m="2633" /><F57/><W89/><G64/><T46/><D70/><U9/><E51/><V3/><F14/><W112/><G112/><T71/><D111/><N who="2" m="42538" /><F67/><W31/><REACH who="3" step="1"/><G128/><REACH who="3" ten="171,391,262,166" step="2"/><T100/><D71/><AGARI ba="0,1" hai="27,31,35,60,66,71,75,78,82,83,84,89,92,95" machi="71" ten="30,5800,0" yaku="1,1,2,1,7,1,53,0" doraHai="127" doraHaiUra="42" who="3" fromWho="0" sc="171,-58,391,0,262,0,166,68" /><INIT seed="7,1,0,4,3,60" ten="113,391,262,234" oya="3" hai0="37,132,47,105,57,102,29,103,23,2,134,40,48" hai1="100,124,117,0,43,14,118,42,90,46,54,12,82" hai2="15,86,88,84,72,17,91,69,122,24,71,55,74" hai3="49,135,93,44,130,50,123,80,65,114,39,119,85"/><W45/><G119/><N who="1" m="45578" /><E0/><V32/><F122/><W75/><G75/><N who="2" m="28713" /><F55/><W127/><G123/><T21/><D2/><U36/><E124/><V30/><F17/><W64/><G127/><T113/><D113/><U108/><E108/><V79/><F15/><W98/><G114/><T83/><D83/><U6/><E14/><V128/><F79/><N who="3" m="46239" /><G39/><T133/><D105/><U26/><E26/><V62/><F62/><W9/><G135/><N who="0" m="34563" /><T59/><DORA hai="73" /><D37/><U66/><E54/><V4/><F4/><W107/><G130/><T76/><D29/><U116/><E46/><N who="3" m="18026" /><G107/><T120/><D120/><U94/><E42/><V27/><F30/><W121/><G9/><T11/><D11/><U7/><E12/><V106/><F32/><W20/><G20/><N who="0" m="7755" /><D40/><U28/><E43/><V87/><F106/><W34/><G34/><T129/><D47/><U33/><E28/><V104/><F128/><W101/><G121/><T51/><D129/><U78/><E33/><V52/><F52/><W41/><G41/><T70/><D76/><U112/><E36/><V25/><F104/><W95/><G95/><T56/><D70/><AGARI ba="1,0" hai="24,25,27,69,70,71,84,86,87,88,91" m="28713" machi="70" ten="40,5200,0" yaku="28,2,54,1" doraHai="60,73" who="2" fromWho="0" sc="113,-55,391,0,262,55,234,0" owari="58,-44.0,391,49.0,317,12.0,234,-17.0" /></mjloggm>