<mjloggm ver="2.3"><GO type="169" lobby="0"/><UN n0="%E3%82%A6%E3%83%AB%E3%83%88%E3%83%A9%E7%AB%8B%E7%9B%B4" n1="%E3%83%89%E3%83%BC%E3%83%B3%E3%83%89" n2="%E3%83%A1%E3%83%AB%E3%82%AB%E3%83%88%E3%83%AB%E3%81%8F%E3%82%93" n3="%E3%81%BF%E3%81%A3%E3%81%A4%E3%81%9A%E3%81%A4" dan="17,16,16,16" rate="2210.46,2089.44,2099.50,2054.37" sx="M,M,M,M"/><TAIKYOKU oya="0"/><INIT seed="0,0,0,1,5,62" ten="250,250,250,250" oya="0" hai0="79,52,107,60,75,32,99,43,95,118,98,104,102" hai1="7,68,16,47,105,97,57,91,44,87,74,120,51" hai2="125,110,4,17,133,0,103,88,66,128,12,53,48" hai3="122,55,108,41,6,26,113,119,38,24,14,2,124"/><T70/><D118/><U50/><E74/><V123/><F123/><W101/><G113/><T115/><D115/><U100/><E68/><V93/><F103/><W59/><G122/><T61/><D32/><U73/><E7/><V3/><F110/><W33/><G108/><T90/><D43/><U15/><E73/><V67/><F0/><W63/><G2/><T78/><D107/><U131/><E131/><V69/><F69/><W80/><G124/><T8/><D75/><U29/><E29/><V11/><F125/><W116/><G101/><T117/><D117/><U31/><E31/><V132/><F128/><W36/><G26/><T106/><D106/><U77/><E77/><V49/><F49/><W25/><G25/><T46/><D8/><U83/><E120/><V10/><F133/><W1/><G1/><T45/><D45/><U39/><E39/><N who="3" m="14890" /><G41/><T112/><D112/><U81/><E81/><V22/><F11/><N who="3" m="4471" /><G80/><T19/><D19/><U96/><E96/><V130/><F132/><W85/><G85/><T54/><D54/><U37/><E37/><V86/><F130/><W65/><G55/><T84/><D99/><U109/><E109/><V42/><F42/><W127/><G127/><T92/><D104/><U40/><E40/><V28/><F28/><N who="3" m="19591" /><G119/><T89/><D102/><U30/><E30/><V21/><F21/><W72/><G72/><T64/><REACH who="0" step="1"/><D46/><AGARI ba="0,0" hai="3,4,10,12,17,22,46,48,53,66,67,86,88,93" machi="46" ten="30,7700,0" yaku="7,1,52,2,54,1" doraHai="62" who="2" fromWho="0" sc="250,-77,250,0,250,77,250,0" /><INIT seed="1,0,0,4,2,2" ten="173,250,327,250" oya="1" hai0="84,88,60,17,111,123,45,91,11,93,50,68,47" hai1="79,100,15,135,125,130,36,81,108,55,57,43,128" hai2="44,77,70,69,118,132,39,18,26,113,127,7,22" hai3="49,131,134,3,38,58,104,99,105,76,122,115,133"/><U1/><E1/><V35/><F118/><W129/><G38/><T24/><D111/><U116/><E116/><V42/><F127/><W23/><G3/><T87/><D123/><U64/><E64/><V95/><F132/><N who="3" m="50795" /><G23/><T16/><D68/><U61/><E100/><V106/><F106/><N who="3" m="41067" /><G122/><T109/><D109/><U78/><E125/><V107/><F113/><W12/><G12/><N who="0" m="7199" /><D60/><U32/><E32/><V124/><F107/><W48/><G76/><T31/><D31/><U8/><E108/><V119/><F119/><W34/><G99/><T83/><D50/><N who="3" m="19561" /><G58/><T10/><D10/><U51/><E36/><V28/><F77/><W4/><G4/><T46/><D24/><U63/><E135/><V120/><F120/><W121/><G121/><T110/><D110/><U54/><E79/><V66/><F124/><W126/><G126/><T75/><D75/><U6/><E43/><V117/><F117/><W82/><G82/><N who="0" m="49175" /><D17/><U52/><E61/><V0/><F69/><W25/><G115/><T92/><AGARI ba="0,0" hai="45,46,47,83,87,91,92,93" m="49175,7199" machi="92" ten="30,4000,0" yaku="8,1,54,2" doraHai="2" who="0" fromWho="0" sc="173,40,250,-20,327,-10,250,-10" /><INIT seed="2,0,0,5,1,8" ten="213,230,317,240" oya="2" hai0="121,33,127,51,81,3,108,99,133,53,47,13,0" hai1="12,88,73,68,27,122,94,76,105,16,118,112,95" hai2="90,41,129,116,87,45,65,56,79,49,7,36,80" hai3="32,40,34,83,38,93,97,11,21,124,50,135,30"/><V115/><F116/><W71/><G38/><T126/><D33/><U70/><E112/><V125/><F115/><W60/><G135/><T113/><D121/><U29/><E105/><V78/><F125/><N who="0" m="47626" /><D113/><U104/><E95/><V42/><F129/><W96/><G83/><T66/><D66/><U57/><E104/><V86/><F7/><W85/><G85/><T63/><D63/><U128/><E128/><V24/><F42/><W61/><G97/><T26/><D26/><U102/><E102/><V9/><F9/><W106/><G106/><T4/><D133/><U22/><E118/><V114/><F114/><W52/><G40/><T109/><D99/><U77/><E57/><V6/><F6/><W17/><G11/><N who="0" m="4327" /><D81/><U59/><E59/><V58/><F24/><W2/><G2/><AGARI ba="0,0" hai="0,2,3,47,51,53,108,109" m="4327,47626" machi="2" ten="30,2000,0" yaku="18,1,52,1" doraHai="8" who="0" fromWho="3" sc="213,20,230,0,317,0,240,-20" /><INIT seed="3,0,0,0,0,92" ten="233,230,317,220" oya="3" hai0="49,119,19,131,74,53,15,25,12,69,77,43,105" hai1="110,3,59,9,106,17,114,1,42,29,2,112,83" hai2="103,39,45,44,46,7,18,13,63,130,80,54,68" hai3="90,132,6,58,84,65,14,27,34,72,129,71,101"/><W20/><G72/><T87/><D74/><U121/><E106/><V37/><F7/><W38/><G71/><T40/><D69/><U75/><E42/><N who="0" m="15913" /><D105/><U31/><E59/><V81/><F130/><W95/><G38/><T66/><D66/><U56/><E56/><V21/><F39/><W102/><G129/><T96/><D131/><U78/><E121/><V55/><F37/><W36/><G36/><T98/><D119/><U67/><E67/><V94/><F68/><W107/><G132/><T79/><D25/><U86/><E75/><V35/><F35/><W57/><G57/><N who="0" m="32943" /><D87/><U133/><E133/><V51/><F63/><N who="3" m="38135" /><G34/><T135/><D135/><U32/><E32/><V124/><F124/><W70/><G107/><T111/><D111/><U104/><E110/><V0/><F0/><W100/><G70/><T126/><D126/><U82/><E104/><V109/><F109/><W125/><G125/><T5/><D5/><U28/><E82/><N who="2" m="31851" /><F51/><W120/><G120/><T50/><D50/><U118/><E118/><V30/><F30/><N who="3" m="17767" /><G6/><T89/><D89/><U123/><E123/><V23/><F103/><W22/><G101/><T11/><D15/><U48/><REACH who="1" step="1"/><E48/><REACH who="1" ten="233,220,317,220" step="2"/><V88/><F55/><W122/><G122/><T85/><D79/><U93/><E93/><V76/><F76/><W127/><G127/><T116/><D116/><U26/><E26/><V91/><F54/><W8/><G95/><T60/><D60/><U97/><E97/><N who="0" m="37481" /><D77/><U134/><E134/><V33/><F33/><W47/><G14/><AGARI ba="0,1" hai="1,2,3,9,14,17,28,29,31,78,83,86,112,114" machi="14" ten="50,1600,0" yaku="1,1,53,0" doraHai="92" doraHaiUra="64" who="1" fromWho="3" sc="233,0,220,26,317,0,220,-16" /><INIT seed="4,0,0,3,3,124" ten="233,246,317,204" oya="0" hai0="22,104,0,118,3,18,45,76,43,95,59,66,49" hai1="33,88,17,14,86,96,31,129,47,13,46,40,30" hai2="123,110,5,125,48,116,63,34,122,79,92,24,58" hai3="132,91,16,44,19,74,55,53,94,135,6,42,60"/><T99/><D118/><U72/><E72/><V41/><F110/><W15/><G74/><T38/><D104/><U7/><E96/><V80/><F5/><W98/><G6/><T81/><D66/><U75/><E75/><V27/><F125/><W119/><G119/><T121/><D121/><U28/><E33/><V108/><F108/><W29/><G29/><T89/><D59/><U67/><E67/><V87/><F116/><W109/><G109/><T111/><D111/><U120/><E120/><V102/><F34/><W112/><G112/><T134/><D134/><N who="3" m="51241" /><G60/><T57/><D57/><U97/><E97/><N who="2" m="59687" /><F123/><W39/><G39/><T9/><D38/><U1/><E1/><V32/><F32/><W82/><G82/><T8/><D3/><U62/><E62/><V64/><F122/><W35/><G35/><T114/><D0/><U107/><E107/><V23/><F23/><N who="3" m="11679" /><G19/><T73/><D114/><U54/><E17/><V131/><F24/><AGARI ba="0,0" hai="8,9,18,22,24,43,45,49,73,76,81,89,95,99" machi="24" ten="30,1500,0" yaku="7,1" doraHai="124" who="0" fromWho="2" sc="233,15,246,0,317,-15,204,0" /><INIT seed="4,1,0,2,2,72" ten="248,246,302,204" oya="0" hai0="98,100,45,60,56,68,58,61,49,62,107,67,115" hai1="32,74,1,33,104,59,52,105,86,64,17,94,135" hai2="24,120,46,134,93,78,11,6,38,132,122,22,3" hai3="9,81,110,123,39,13,76,54,75,79,12,0,125"/><T19/><D115/><U133/><E1/><V2/><F93/><W113/><G110/><T28/><D28/><U124/><E64/><V65/><F65/><W88/><G113/><T112/><D112/><U97/><E74/><V57/><F57/><W5/><G125/><T34/><D34/><U90/><E124/><V121/><F78/><W26/><G123/><T30/><D30/><U111/><E111/><V126/><F126/><W101/><G101/><T77/><D58/><U73/><E73/><V29/><F38/><W31/><G54/><T20/><D77/><U63/><E17/><V14/><F46/><W41/><G79/><T128/><D68/><U87/><E86/><V131/><F131/><W4/><G4/><T108/><D108/><U50/><E63/><V127/><F127/><W80/><G80/><T44/><D44/><U18/><E18/><V106/><F106/><N who="1" m="41065" /><E97/><V92/><F92/><W103/><G88/><T36/><D36/><U116/><E116/><V42/><F42/><W119/><G103/><T70/><D70/><U82/><E94/><V99/><F99/><W114/><G119/><T27/><REACH who="0" step="1"/><D128/><REACH who="0" ten="238,246,302,204" step="2"/><U48/><E32/><V16/><F2/><W53/><G114/><T8/><D8/><AGARI ba="1,1" hai="3,6,8,11,14,16,22,24,29,120,121,122,132,134" machi="8" ten="50,8000,1" yaku="34,3,54,1" doraHai="72" who="2" fromWho="0" sc="238,-83,246,0,302,93,204,0" /><INIT seed="5,0,0,1,1,22" ten="155,246,395,204" oya="1" hai0="93,125,66,98,127,13,78,112,33,37,5,110,89" hai1="59,120,38,48,35,108,107,80,73,27,84,25,134" hai2="53,46,8,86,96,54,94,124,68,129,1,79,126" hai3="72,132,36,44,122,3,26,123,91,41,40,99,24"/><U10/><E107/><V43/><F68/><W114/><G72/><T30/><D37/><U70/><E70/><V60/><F129/><W71/><G71/><T49/><D110/><U81/><E38/><V55/><F60/><W12/><G3/><T92/><D66/><U23/><E35/><V52/><F55/><W77/><G77/><T88/><D78/><U20/><E73/><V85/><F1/><W95/><G114/><T42/><D112/><U21/><E120/><V29/><F8/><W75/><G75/><T0/><D0/><U74/><E74/><V90/><F29/><W82/><G82/><N who="1" m="31850" /><E84/><V128/><F128/><W130/><G130/><T19/><D5/><U50/><E108/><V64/><F64/><W34/><G41/><T131/><D131/><U63/><E10/><V101/><F79/><W106/><G106/><T111/><D111/><U119/><E119/><V51/><REACH who="2" step="1"/><F85/><REACH who="2" ten="155,246,385,204" step="2"/><W104/><G122/><T76/><D76/><U17/><E134/><V2/><F2/><W65/><G123/><T6/><D30/><N who="1" m="17703" /><E23/><V87/><F87/><W116/><G132/><T39/><D33/><U45/><E45/><V105/><AGARI ba="0,1" hai="43,46,51,52,53,54,86,90,94,96,101,105,124,126" machi="105" ten="30,4000,0" yaku="1,1,0,1,54,1,53,0" doraHai="22" doraHaiUra="57" who="2" fromWho="2" sc="155,-10,246,-20,385,50,204,-10" /><INIT seed="6,0,0,0,1,47" ten="145,226,435,194" oya="2" hai0="2,129,52,17,126,92,7,84,87,66,132,49,51" hai1="16,110,44,97,69,27,54,39,106,40,80,10,19" hai2="43,53,37,60,135,79,113,96,20,91,58,101,122" hai3="9,30,8,6,56,98,130,104,1,109,62,48,21"/><V112/><F122/><W86/><G109/><T68/><D2/><U35/><E69/><V63/><F79/><W77/><G130/><T82/><D68/><U31/><E80/><V5/><F135/><W121/><G121/><T36/><D36/><U133/><E110/><V81/><F5/><W108/><G108/><T14/><D129/><U90/><E133/><V45/><F63/><W65/><G9/><T131/><D131/><U124/><E124/><V55/><F55/><W120/><G120/><T24/><D132/><U12/><E54/><V57/><F57/><W89/><G77/><N who="0" m="46159" /><D66/><U134/><E134/><V13/><F81/><W128/><G128/><T107/><D107/><U23/><E35/><V18/><REACH who="2" step="1"/><F91/><REACH who="2" ten="145,226,425,194" step="2"/><W75/><G62/><T102/><D126/><U76/><E76/><V95/><AGARI ba="0,1" hai="13,18,20,37,43,45,53,58,60,95,96,101,112,113" machi="95" ten="30,6000,0" yaku="1,1,2,1,0,1,53,0" doraHai="47" doraHaiUra="103" who="2" fromWho="2" sc="145,-20,226,-20,425,70,194,-20" /><INIT seed="6,1,0,4,3,37" ten="125,206,495,174" oya="2" hai0="68,35,11,6,126,63,100,66,98,114,25,92,81" hai1="133,65,85,27,16,53,60,91,44,69,59,47,106" hai2="118,50,2,93,134,74,19,13,56,54,109,88,115" hai3="57,73,67,82,51,101,18,45,99,36,7,5,135"/><V71/><F118/><W116/><G116/><T58/><D114/><U111/><E111/><V3/><F74/><W120/><G120/><T107/><D126/><U113/><E106/><V14/><F71/><W34/><G34/><T78/><D92/><U86/><E133/><V64/><F134/><W4/><G135/><T89/><D89/><U41/><E113/><V10/><F115/><W29/><G29/><T8/><D58/><U97/><E47/><V124/><F64/><W32/><G32/><T40/><D6/><U48/><E97/><V132/><F132/><W84/><G73/><T17/><D17/><U21/><E91/><V38/><F124/><W117/><G18/><T23/><D23/><U129/><E129/><V87/><F38/><AGARI ba="1,0" hai="16,21,27,38,41,44,48,53,59,60,65,69,85,86" machi="38" ten="30,8000,1" yaku="7,1,24,2,52,1,54,1" doraHai="37" who="1" fromWho="2" sc="125,0,206,83,495,-83,174,0" /><INIT seed="7,0,0,3,3,77" ten="125,289,412,174" oya="3" hai0="18,53,54,67,93,3,47,103,57,76,40,68,127" hai1="23,116,107,70,130,41,113,38,117,71,112,64,105" hai2="106,27,110,48,44,124,118,135,85,90,34,109,89" hai3="6,98,122,94,35,96,45,10,126,55,59,2,80"/><W74/><G122/><T79/><D3/><U51/><E23/><V29/><F106/><W86/><G126/><T16/><D127/><U82/><E38/><V66/><F118/><N who="1" m="45673" /><E130/><V43/><F124/><W83/><G35/><T13/><D68/><N who="1" m="26155" /><E64/><V92/><F66/><W111/><G111/><T50/><D67/><U132/><E132/><V128/><F135/><W121/><G121/><T24/><D24/><U102/><E102/><V7/><F128/><W95/><G74/><T123/><D123/><U73/><E51/><V100/><F100/><W28/><G45/><T11/><D18/><U30/><E41/><V61/><F61/><W36/><G86/><T12/><D12/><U63/><E30/><V84/><F7/><W62/><G36/><T108/><D108/><U114/><E63/><V58/><F58/><W81/><REACH who="3" step="1"/><G28/><REACH who="3" ten="125,289,412,164" step="2"/><T60/><D40/><U5/><E5/><V32/><F34/><W65/><G65/><T49/><REACH who="0" step="1"/><D60/><REACH who="0" ten="115,289,412,164" step="2"/><U78/><AGARI ba="0,2" hai="73,78,82,105,107,112,113,114" m="26155,45673" machi="78" ten="40,8000,1" yaku="15,1,12,1,23,1,52,1" doraHai="77" who="1" fromWho="1" sc="115,-20,289,100,412,-20,164,-40" owari="95,-40.0,389,19.0,392,49.0,124,-28.0" /></mjloggm>