<mjloggm ver="2.3"><GO type="225" lobby="0"/><UN n0="%73%61%72%61%6B" n1="%E5%B0%B1%E6%B4%BB%E7%94%9F%40%E5%B7%9D%E6%9D%91%E8%BB%8D%E5%9B%A3" n2="%E3%81%82%E3%82%89%E3%81%8F%E3%82%8C" n3="%E4%BA%9E%E5%9B%B3%E9%8E%96%E2%88%9E%E2%88%9E%E2%88%9E%E2%88%9E%E2%88%9E" dan="16,16,17,17" rate="2151.57,2089.37,2143.85,2094.19" sx="M,M,F,F"/><TAIKYOKU oya="0"/><INIT seed="0,0,0,1,5,104" ten="250,250,250,250" oya="0" hai0="54,131,127,64,68,17,52,118,19,20,108,105,111" hai1="74,49,88,103,122,107,18,112,83,124,56,123,121" hai2="24,50,95,3,30,14,96,37,72,39,114,106,91" hai3="59,40,134,62,4,48,78,25,93,85,89,94,6"/><T86/><D118/><U11/><E112/><V102/><F114/><W44/><G134/><T35/><D35/><U26/><E124/><V97/><F3/><W110/><G110/><N who="0" m="42027" /><D127/><U53/><E107/><V115/><F115/><W130/><G130/><T16/><D131/><U21/><E103/><V98/><F98/><W8/><G78/><T70/><D105/><U109/><E109/><V133/><F133/><W27/><G93/><T61/><D70/><U43/><E43/><V90/><F72/><W73/><G73/><T120/><D120/><U1/><E1/><V82/><F14/><W55/><REACH who="3" step="1"/><G6/><REACH who="3" ten="250,250,250,240" step="2"/><T81/><D20/><U132/><E74/><V2/><F106/><W46/><G46/><T67/><D64/><U66/><E132/><V42/><F95/><W38/><G38/><T117/><D117/><U126/><E66/><V92/><F39/><W128/><G128/><T28/><D28/><U75/><E126/><V63/><F30/><W99/><G99/><T77/><AGARI ba="0,1" hai="16,17,19,52,54,61,67,68,77,81,86" m="42027" machi="77" ten="30,11700,0" yaku="14,1,10,1,54,2" doraHai="104" who="0" fromWho="0" sc="250,127,250,-39,250,-39,240,-39" /><INIT seed="0,1,0,2,1,80" ten="377,211,211,201" oya="0" hai0="45,99,123,50,88,8,24,30,66,57,3,104,75" hai1="54,124,107,85,110,117,81,79,49,65,82,12,4" hai2="62,46,29,19,0,69,86,58,120,23,17,27,61" hai3="122,6,63,64,60,36,100,111,92,28,76,130,26"/><T114/><D123/><U32/><E107/><V97/><F120/><W48/><G36/><T133/><D114/><U93/><E32/><V102/><F0/><W38/><G38/><T7/><D75/><U10/><E110/><V127/><F127/><W53/><G122/><T33/><D133/><U55/><E124/><V91/><F46/><W77/><G111/><T101/><D66/><U72/><E117/><V84/><F69/><W96/><G130/><T67/><D67/><U113/><E113/><V11/><F62/><W51/><G6/><T73/><D73/><U34/><E34/><V70/><F70/><W135/><G135/><T98/><D57/><U115/><E115/><V128/><F128/><W14/><G14/><T132/><D132/><U118/><E118/><V109/><F109/><W71/><G63/><T52/><REACH who="0" step="1"/><D98/><REACH who="0" ten="367,211,211,201" step="2"/><U108/><E108/><V13/><F29/><W1/><G64/><T112/><D112/><U121/><E121/><V103/><F97/><W106/><G96/><T21/><D21/><U5/><E65/><N who="2" m="39095" /><F91/><AGARI ba="1,1" hai="3,7,8,24,30,33,45,50,52,88,91,99,101,104" machi="91" ten="40,12000,1" yaku="1,1,54,2,53,1" doraHai="80" doraHaiUra="47" who="0" fromWho="2" sc="367,133,211,0,211,-123,201,0" /><INIT seed="0,2,0,3,3,24" ten="500,211,88,201" oya="0" hai0="29,82,89,60,8,9,49,109,50,96,95,62,126" hai1="90,125,13,92,130,133,76,74,12,131,91,21,107" hai2="39,123,124,31,44,35,116,93,88,119,129,27,135" hai3="81,22,41,85,56,14,0,65,46,68,120,38,45"/><T2/><D126/><U86/><E107/><V106/><F124/><W78/><G0/><T80/><D109/><U121/><E121/><V61/><F123/><W7/><G120/><T18/><D2/><U132/><E125/><V117/><F129/><N who="1" m="49161" /><E74/><V55/><F135/><N who="1" m="51785" /><E76/><V42/><F106/><W100/><G100/><T15/><D9/><U30/><E91/><V5/><F5/><W84/><G7/><T53/><D50/><U4/><E4/><V113/><F113/><W11/><G11/><T32/><D32/><U69/><E69/><V108/><F108/><W3/><G68/><T6/><D6/><U34/><E34/><V48/><F61/><W16/><G3/><T75/><D29/><U97/><E97/><V87/><REACH who="2" step="1"/><F39/><REACH who="2" ten="500,211,78,201" step="2"/><W101/><G38/><T118/><D118/><U19/><E30/><V64/><F64/><W128/><G65/><T122/><D122/><U112/><E112/><V110/><F110/><W59/><G128/><T99/><D99/><U77/><E77/><V58/><F58/><W63/><G59/><T115/><D115/><U52/><E52/><AGARI ba="2,1" hai="27,31,35,42,44,48,52,55,87,88,93,116,117,119" machi="52" ten="40,8000,1" yaku="1,1,12,1,52,1,54,2,53,0" doraHai="24" doraHaiUra="79" who="2" fromWho="1" sc="500,0,211,-86,78,96,201,0" /><INIT seed="1,0,0,0,1,21" ten="500,125,174,201" oya="1" hai0="116,15,107,5,46,89,67,134,10,105,30,49,85" hai1="14,52,19,1,119,98,99,115,126,111,122,84,64" hai2="65,60,113,130,88,123,131,20,55,127,71,23,114" hai3="101,36,129,7,24,86,53,66,81,87,51,77,102"/><U44/><E1/><V40/><F123/><W13/><G36/><T70/><D116/><U12/><E119/><V68/><F127/><W50/><G129/><N who="2" m="49161" /><F71/><W42/><G66/><T43/><D134/><U62/><E122/><V29/><F40/><W6/><G24/><T79/><D30/><U59/><E126/><V26/><F23/><W48/><G86/><T69/><D89/><U106/><E115/><N who="2" m="44043" /><F55/><W83/><G42/><T16/><D16/><U117/><E111/><V76/><F88/><W120/><G120/><T103/><D103/><U82/><E117/><V94/><F94/><W133/><G83/><N who="0" m="47359" /><D67/><U108/><E108/><V56/><F68/><AGARI ba="0,0" hai="5,10,15,43,46,49,68,69,70,105,107" m="47359" machi="68" ten="30,1000,0" yaku="25,1" doraHai="21" who="0" fromWho="2" sc="500,10,125,0,174,-10,201,0" /><INIT seed="2,0,0,4,0,0" ten="510,125,164,201" oya="2" hai0="20,127,62,115,104,93,11,15,67,107,131,60,109" hai1="128,21,121,26,98,12,38,75,61,2,65,114,58" hai2="43,106,45,103,129,35,6,91,85,126,80,31,41" hai3="101,14,33,124,71,55,17,112,53,50,87,7,30"/><V123/><F123/><W76/><G124/><T5/><D115/><U130/><E2/><V132/><F126/><W88/><G71/><T69/><D127/><U89/><E38/><V108/><F129/><W68/><G68/><T25/><D131/><U57/><E75/><V1/><F132/><W122/><G122/><T111/><D62/><U81/><E121/><V95/><F106/><W92/><G112/><T110/><D93/><U97/><E114/><V23/><F35/><W74/><G101/><T94/><D94/><U133/><E133/><V40/><F108/><W117/><G117/><T10/><D10/><U54/><E12/><V64/><F64/><W102/><G102/><T56/><D69/><U84/><E128/><V19/><F31/><AGARI ba="0,0" hai="5,11,15,20,25,31,56,60,67,104,107,109,110,111" machi="31" ten="40,2600,0" yaku="14,1,52,1" doraHai="0" who="0" fromWho="2" sc="510,26,125,0,164,-26,201,0" /><INIT seed="3,0,0,2,1,6" ten="536,125,138,201" oya="3" hai0="12,26,81,115,74,105,92,132,64,116,44,43,17" hai1="85,109,7,66,9,20,62,99,30,121,38,18,123" hai2="98,73,22,133,108,10,88,8,117,69,93,15,125" hai3="35,55,94,51,104,118,80,21,112,70,106,65,32"/><W47/><G112/><T100/><D116/><U90/><E38/><V48/><F117/><W119/><G80/><T128/><D105/><U28/><E109/><V131/><F108/><W27/><G119/><T46/><D64/><U34/><E34/><V75/><F69/><W41/><G118/><T107/><D107/><U127/><E127/><V33/><F33/><W76/><G76/><T67/><D67/><U83/><E123/><V134/><F125/><W3/><G3/><T120/><D120/><U29/><E99/><V124/><F124/><W37/><G106/><T57/><D57/><N who="1" m="37199" /><E121/><V82/><F131/><W50/><G104/><T58/><D58/><U111/><E111/><V61/><F61/><N who="3" m="40239" /><G51/><T63/><D63/><U0/><E0/><V78/><F48/><W39/><G39/><T102/><D92/><U16/><E7/><V103/><F103/><W110/><G94/><T79/><D26/><N who="1" m="14599" /><E28/><V86/><F22/><W72/><G72/><N who="2" m="27721" /><F15/><AGARI ba="0,0" hai="9,15,18,29,30,83,85,90" m="14599,37199" machi="15" ten="30,3900,0" yaku="8,1,52,1,54,1" doraHai="6" who="1" fromWho="2" sc="536,0,125,39,138,-39,201,0" owari="536,64.0,164,-24.0,99,-40.0,201,0.0" /></mjloggm>