<mjloggm ver="2.3"><GO type="97" lobby="0"/><UN n0="%E3%81%84%E3%81%8F%E3%82%84%E3%81%BE%E2%98%86%E3%81%95%E3%82%80%E3%81%8A" n1="%E2%98%86%4E%41%53%E2%98%86" n2="%E5%B0%B1%E6%B4%BB%E7%94%9F%40%E5%B7%9D%E6%9D%91%E8%BB%8D%E5%9B%A3" n3="%E3%81%8B%E3%81%B6%E3%81%AE%E4%B8%80%E5%A4%9C%E6%BC%AC%E3%81%91" dan="14,14,14,14" rate="1917.99,1870.93,2012.43,1922.08" sx="M,F,M,M"/><TAIKYOKU oya="0"/><INIT seed="0,0,0,0,4,81" ten="250,250,250,250" oya="0" hai0="77,80,130,12,94,122,115,41,36,5,101,108,1" hai1="135,10,69,37,34,42,133,129,46,62,112,134,107" hai2="9,0,27,59,39,50,116,83,57,64,63,89,75" hai3="43,8,11,127,35,87,90,32,114,111,30,26,44"/><T105/><D12/><U53/><E129/><V88/><F39/><W40/><G114/><T21/><D115/><U103/><E112/><V79/><F116/><W95/><G35/><T60/><D130/><U17/><E34/><V47/><F59/><W6/><G127/><T66/><D122/><U92/><E107/><V72/><F72/><W91/><G111/><T68/><D21/><U19/><E10/><V78/><F78/><W124/><G124/><T128/><D128/><U121/><E121/><V25/><F25/><W84/><G44/><N who="0" m="23591" /><D94/><U56/><E69/><V85/><F27/><W96/><G96/><AGARI ba="0,0" hai="17,19,37,42,46,53,56,62,92,96,103,133,134,135" machi="96" ten="40,1300,0" yaku="20,1" doraHai="81" who="1" fromWho="3" sc="250,0,250,13,250,0,250,-13" /><INIT seed="1,0,0,0,2,126" ten="250,263,250,237" oya="1" hai0="92,98,24,5,38,28,95,102,56,107,53,67,132" hai1="72,21,135,71,32,109,82,87,23,133,57,4,115" hai2="35,106,127,76,62,81,55,91,73,60,117,90,0" hai3="114,99,112,122,110,93,74,104,108,43,63,45,33"/><U31/><E71/><V52/><F106/><W66/><G33/><T86/><D132/><N who="1" m="50763" /><E72/><V59/><F117/><W48/><G122/><T65/><D38/><U37/><E37/><V68/><F127/><W89/><G104/><T75/><D75/><U79/><E115/><V129/><F35/><W101/><G74/><T47/><D47/><U29/><E109/><N who="3" m="42090" /><G89/><N who="0" m="53303" /><D107/><U123/><E123/><V78/><F0/><W100/><G101/><T34/><D5/><U26/><E4/><V83/><F68/><AGARI ba="0,0" hai="43,45,48,63,66,68,93,99,100,112,114" m="42090" machi="68" ten="30,1000,0" yaku="14,1" doraHai="126" who="3" fromWho="2" sc="250,0,263,0,250,-10,237,10" /><INIT seed="2,0,0,0,1,58" ten="250,263,240,247" oya="2" hai0="128,131,36,77,70,49,72,121,26,133,57,54,106" hai1="65,43,97,84,14,79,114,10,96,40,83,81,80" hai2="28,103,38,23,85,29,61,127,78,5,31,87,46" hai3="115,13,17,50,110,101,105,34,92,33,9,44,98"/><V27/><F127/><W25/><G110/><T90/><D133/><U125/><E114/><V45/><F5/><W4/><G115/><T108/><D108/><U2/><E2/><V86/><F78/><W47/><G105/><T64/><D121/><U59/><E125/><V76/><F76/><W63/><G63/><N who="0" m="40223" /><D36/><U18/><E83/><V71/><F103/><W135/><G135/><T123/><D123/><U69/><E69/><V0/><F0/><W12/><G25/><T67/><D67/><U68/><E68/><V1/><F1/><W42/><G44/><T7/><D7/><U95/><E81/><V66/><REACH who="2" step="1"/><F38/><REACH who="2" ten="250,263,230,247" step="2"/><W19/><G4/><T8/><D77/><U16/><E79/><V109/><F109/><W21/><AGARI ba="0,1" hai="9,12,13,17,19,21,33,34,42,47,50,92,98,101" machi="21" ten="20,1500,0" yaku="0,1,7,1" doraHai="58" who="3" fromWho="3" sc="250,-4,263,-4,230,-7,247,25" /><INIT seed="3,0,0,1,2,114" ten="246,259,223,272" oya="3" hai0="104,68,18,129,0,135,14,86,1,36,29,51,119" hai1="12,74,35,93,24,67,39,123,15,70,53,20,6" hai2="65,126,110,130,88,26,90,103,8,44,62,50,96" hai3="89,16,76,134,106,2,21,133,38,77,40,112,61"/><W100/><G112/><T56/><D68/><U91/><E35/><V25/><F126/><W75/><G2/><T105/><D36/><U19/><E74/><V115/><F115/><W52/><G89/><N who="2" m="34409" /><F130/><W5/><G5/><T49/><D129/><U128/><E39/><V64/><F110/><W118/><G118/><T11/><D119/><U132/><E132/><N who="3" m="50794" /><G75/><T66/><D135/><U69/><E67/><N who="2" m="25675" /><F62/><W109/><G109/><T113/><D113/><U63/><E70/><V3/><F3/><W87/><G87/><T124/><D86/><U34/><E69/><V23/><F8/><W116/><G116/><T60/><D124/><U46/><E128/><V73/><F73/><W122/><G122/><T4/><D0/><U99/><E123/><V48/><F23/><W92/><G106/><T131/><D131/><U82/><E34/><V84/><F84/><W28/><G28/><T107/><REACH who="0" step="1"/><D29/><REACH who="0" ten="236,259,223,272" step="2"/><U33/><E99/><V94/><F48/><W78/><G38/><T10/><AGARI ba="0,1" hai="1,4,10,11,14,18,49,51,56,60,66,104,105,107" machi="10" ten="40,5200,0" yaku="1,1,2,1,0,1,53,0" doraHai="114" doraHaiUra="127" who="0" fromWho="0" sc="236,62,259,-13,223,-13,272,-26" /><INIT seed="4,0,0,1,0,55" ten="298,246,210,246" oya="0" hai0="35,134,81,28,80,3,124,102,51,127,56,10,59" hai1="41,87,44,131,31,84,49,72,116,67,83,130,11" hai2="86,111,21,101,53,47,105,79,97,91,78,38,100" hai3="43,123,132,63,52,36,58,125,93,23,117,22,129"/><T69/><D69/><U64/><E116/><V75/><F111/><W45/><G117/><T0/><D134/><U1/><E31/><V120/><F120/><W7/><G123/><T29/><D102/><U61/><E72/><V13/><F101/><W109/><G109/><T128/><D10/><U32/><E32/><V50/><F38/><W57/><G132/><T96/><D96/><U25/><E25/><V71/><F71/><W99/><G129/><N who="1" m="49162" /><E61/><V82/><F21/><W48/><G7/><T74/><D128/><U60/><E60/><V4/><REACH who="2" step="1"/><F75/><REACH who="2" ten="298,246,200,246" step="2"/><W14/><G125/><T12/><D74/><U115/><E115/><V68/><F68/><W37/><G37/><T121/><D121/><U24/><E11/><AGARI ba="0,1" hai="4,11,13,47,50,53,78,79,82,86,91,97,100,105" machi="11" ten="40,2600,0" yaku="1,1,53,1" doraHai="55" doraHaiUra="5" who="2" fromWho="1" sc="298,0,246,-26,200,36,246,0" /><INIT seed="5,0,0,4,4,10" ten="298,220,236,246" oya="1" hai0="15,14,72,28,39,60,85,109,40,95,135,121,115" hai1="55,130,106,2,64,123,17,24,5,111,113,107,30" hai2="110,117,127,88,67,69,18,86,90,119,91,16,47" hai3="11,53,100,120,45,21,128,75,134,98,70,42,57"/><U38/><E123/><V114/><F110/><W131/><G120/><T7/><D109/><U59/><E38/><V66/><F114/><W23/><G75/><T103/><D121/><U19/><E111/><V9/><F127/><W89/><G70/><T3/><D72/><U36/><E36/><V1/><F1/><W13/><G134/><T54/><D135/><U35/><E64/><N who="2" m="24619" /><F69/><W82/><G82/><T97/><D28/><U51/><E130/><N who="3" m="49706" /><G89/><N who="2" m="34409" /><F119/><W41/><G57/><T101/><D115/><U77/><E113/><V81/><F117/><W37/><G53/><T132/><D132/><U20/><E77/><V122/><F122/><W78/><G41/><T4/><D40/><U71/><E71/><V73/><F73/><W104/><G78/><T22/><D39/><U65/><E65/><V133/><F133/><W105/><G104/><T84/><D3/><U8/><REACH who="1" step="1"/><E17/><AGARI ba="0,0" hai="11,13,17,21,23,37,42,45,98,100,105" m="49706" machi="17" ten="30,2000,0" yaku="19,1,52,1" doraHai="10" who="3" fromWho="1" sc="298,0,220,-20,236,0,246,20" /><INIT seed="6,0,0,5,5,132" ten="298,200,236,266" oya="2" hai0="64,13,115,69,124,18,54,3,20,79,86,59,73" hai1="121,117,62,26,61,107,74,17,75,33,46,84,133" hai2="23,34,129,135,83,49,120,76,30,6,96,112,99" hai3="24,7,100,53,67,42,44,2,35,11,131,109,4"/><V106/><F34/><W93/><G109/><T12/><D124/><U110/><E117/><V45/><F120/><W38/><G131/><T8/><D3/><U65/><E110/><V95/><F135/><W66/><G7/><T68/><D73/><U72/><E133/><V89/><F129/><W91/><G100/><T128/><D128/><U47/><E121/><V90/><F112/><W22/><G35/><T122/><D122/><U88/><E107/><V52/><F6/><W43/><G53/><T98/><D115/><U118/><E118/><V80/><F76/><W60/><G42/><T105/><D105/><U103/><E103/><V48/><F48/><W9/><G9/><T102/><D79/><U126/><E126/><V39/><F39/><W56/><G66/><T114/><D86/><U1/><E1/><V87/><F106/><W32/><G32/><T97/><D64/><U92/><E62/><V55/><F55/><W27/><REACH who="3" step="1"/><G22/><REACH who="3" ten="298,200,236,256" step="2"/><T37/><D54/><U119/><E119/><V71/><F71/><W63/><G63/><T130/><D68/><N who="1" m="42031" /><E33/><V19/><F30/><W77/><G77/><T85/><D102/><U14/><E47/><V36/><F36/><W81/><G81/><N who="2" m="31305" /><F89/><W15/><G15/><AGARI ba="0,1" hai="15,19,23,45,49,52,87,90,95,96,99" m="31305" machi="15" ten="30,2900,0" yaku="8,1,54,1" doraHai="132" who="2" fromWho="3" sc="298,0,200,0,236,39,256,-29" /><INIT seed="6,1,0,0,3,9" ten="298,200,275,227" oya="2" hai0="95,91,121,107,45,135,58,0,13,16,59,61,38" hai1="124,123,122,27,2,105,119,134,93,34,3,70,133" hai2="67,98,71,57,73,32,46,15,97,130,88,37,129" hai3="28,29,72,115,110,64,108,26,96,50,22,120,31"/><V33/><F73/><W104/><G72/><T79/><D0/><N who="1" m="43" /><E105/><V48/><F71/><W112/><G64/><T39/><D121/><N who="1" m="46091" /><E119/><V23/><F37/><W60/><G60/><T21/><D107/><U43/><E70/><V6/><F57/><W14/><G50/><T113/><D113/><N who="3" m="43593" /><G120/><T20/><D79/><U54/><E43/><N who="2" m="24671" /><F67/><W56/><G56/><T40/><D38/><U132/><E93/><N who="2" m="56487" /><F98/><W87/><G87/><T86/><D135/><U36/><E36/><V11/><F23/><W84/><G84/><T52/><D59/><U99/><E99/><V7/><F7/><W5/><G96/><T85/><D85/><U47/><E47/><V18/><F6/><W116/><G104/><T12/><D21/><U78/><E78/><V80/><F80/><W117/><G117/><T62/><D61/><U111/><E54/><V65/><F65/><W101/><G101/><T49/><D39/><U81/><E81/><V89/><F89/><W106/><G106/><T92/><D92/><U35/><E35/><V82/><F82/><W41/><G41/><T128/><D128/><AGARI ba="1,0" hai="11,15,18,32,33,128,129,130" m="56487,24671" machi="128" ten="30,5800,0" yaku="19,1,52,1,54,1" doraHai="9" who="2" fromWho="0" sc="298,-61,200,0,275,61,227,0" owari="237,4.0,200,-30.0,336,43.0,227,-17.0" /></mjloggm>