<mjloggm ver="2.3"><GO type="97" lobby="0"/><UN n0="%E5%B0%B1%E6%B4%BB%E7%94%9F%40%E5%B7%9D%E6%9D%91%E8%BB%8D%E5%9B%A3" n1="%E6%96%A7%E4%B9%83%E6%9C%A8%E4%BD%99%E6%8E%A5" n2="%E3%83%8B%E3%82%B3%E5%87%B8%E5%90%9B" n3="%E9%A3%9B%E8%BB%8A%E3%81%A1%E3%82%85%E3%81%86" dan="14,14,13,14" rate="1950.16,1987.18,1871.56,1917.37" sx="M,F,M,M"/><TAIKYOKU oya="0"/><INIT seed="0,0,0,4,1,102" ten="250,250,250,250" oya="0" hai0="85,94,35,101,96,53,38,100,56,124,108,7,133" hai1="72,46,24,13,36,123,99,114,111,22,105,130,41" hai2="12,118,3,68,121,78,25,132,23,73,16,11,27" hai3="10,33,113,26,18,110,65,92,55,119,117,88,2"/><T8/><D38/><U6/><E123/><V83/><F121/><W128/><G65/><T43/><D35/><U87/><E72/><V125/><F68/><W107/><G107/><T59/><D124/><U51/><E111/><V62/><F125/><W14/><G110/><T29/><D108/><U71/><E71/><V45/><F132/><W32/><G113/><T5/><D133/><U84/><E130/><V116/><F62/><W31/><G128/><T79/><D43/><U126/><E114/><V44/><F3/><W120/><G120/><T19/><D29/><U109/><E109/><V1/><F1/><W66/><G66/><T61/><D101/><U52/><E126/><V82/><F82/><W112/><G112/><T98/><D98/><U89/><E13/><V76/><F76/><W81/><G81/><N who="0" m="47295" /><D56/><U37/><E6/><N who="2" m="3191" /><F25/><W106/><G106/><T49/><D61/><U39/><E41/><V115/><F115/><W48/><G2/><T28/><D28/><U30/><REACH who="1" step="1"/><E89/><REACH who="1" ten="250,240,250,250" step="2"/><V34/><F27/><W0/><G0/><T97/><D5/><U54/><E54/><V86/><F73/><W74/><G74/><T58/><D7/><U63/><E63/><V77/><F118/><W134/><G134/><T60/><D60/><U122/><E122/><V50/><F116/><W135/><G135/><T93/><D53/><U103/><AGARI ba="0,1" hai="22,24,30,36,37,39,46,51,52,84,87,99,103,105" machi="103" ten="40,8000,1" yaku="1,1,0,1,52,1,54,1,53,1" doraHai="102" doraHaiUra="20" who="1" fromWho="1" sc="250,-40,240,90,250,-20,250,-20" /><INIT seed="1,0,0,1,2,38" ten="210,330,230,230" oya="1" hai0="43,50,112,128,17,64,53,100,102,117,2,134,116" hai1="49,9,77,10,24,95,30,28,13,121,87,35,74" hai2="97,39,104,70,60,129,119,76,14,65,55,135,82" hai3="15,113,51,103,5,105,111,37,69,126,98,85,124"/><U46/><E74/><V90/><F119/><W16/><G37/><T71/><D112/><U41/><E30/><V79/><F39/><W12/><G113/><T122/><D122/><U130/><E121/><V114/><F114/><W88/><G69/><T48/><D128/><U132/><E132/><V31/><F129/><W27/><G111/><T99/><D134/><U57/><E130/><V73/><F135/><W29/><G51/><T96/><D2/><U106/><E106/><V1/><F1/><W86/><G5/><T80/><D80/><U7/><E10/><V101/><F31/><W92/><G86/><T78/><D78/><U36/><E57/><V58/><F14/><W6/><G6/><T18/><D71/><U120/><E120/><V11/><F11/><W94/><G105/><T25/><D64/><U52/><E36/><V125/><F125/><N who="3" m="48235" /><G16/><T4/><D4/><U66/><E66/><V34/><F73/><W62/><G62/><T33/><D33/><AGARI ba="0,0" hai="12,15,27,29,33,85,88,92,94,98,103" m="48235" machi="33" ten="30,2000,0" yaku="18,1,54,1" doraHai="38" who="3" fromWho="0" sc="210,-20,330,0,230,0,230,20" /><INIT seed="2,0,0,0,2,99" ten="190,330,230,250" oya="2" hai0="135,130,35,116,107,69,40,113,41,9,44,25,106" hai1="102,0,57,85,79,43,134,112,115,109,48,53,8" hai2="58,31,37,97,111,132,6,89,120,11,33,52,55" hai3="76,103,121,19,129,65,16,12,90,122,18,36,118"/><V119/><F120/><W81/><G118/><T26/><D116/><U17/><E109/><V51/><F119/><W42/><G65/><T34/><D113/><U46/><E134/><V27/><F37/><W72/><G129/><T123/><D123/><U127/><E127/><V30/><F132/><W108/><G108/><T75/><D75/><U28/><E28/><V39/><F39/><W133/><G133/><T63/><D135/><U77/><E112/><V38/><F38/><W61/><G103/><T56/><D130/><U21/><E0/><V20/><F111/><W94/><G61/><T47/><D63/><U126/><E126/><V91/><F33/><W124/><G124/><T86/><D86/><U100/><E8/><V60/><F30/><W4/><G4/><T71/><D9/><U67/><E67/><V73/><F73/><W59/><G59/><AGARI ba="0,0" hai="25,26,34,35,40,41,44,47,56,59,69,71,106,107" machi="59" ten="25,1600,0" yaku="22,2" doraHai="99" who="0" fromWho="3" sc="190,16,330,0,230,0,250,-16" /><INIT seed="3,0,0,1,3,65" ten="206,330,230,234" oya="3" hai0="49,56,1,106,27,0,75,87,84,64,53,20,55" hai1="91,67,120,6,85,35,119,90,16,133,112,77,113" hai2="58,128,103,68,63,29,19,3,118,12,111,126,43" hai3="71,45,115,15,37,122,51,125,23,121,32,132,17"/><W88/><G115/><T114/><D106/><U129/><E35/><V5/><F118/><W135/><G37/><T60/><D114/><U34/><E34/><V72/><F72/><W52/><G32/><T69/><D75/><U127/><E6/><V93/><F68/><W18/><G125/><T10/><D55/><U48/><E67/><V99/><F29/><W36/><G36/><T123/><D123/><U13/><E77/><V73/><F73/><W92/><G18/><T110/><D110/><U47/><E16/><V130/><F111/><W76/><G76/><T39/><D39/><U131/><E90/><V59/><F126/><W54/><G54/><T8/><D8/><U28/><E119/><V95/><F43/><W134/><REACH who="3" step="1"/><G71/><REACH who="3" ten="206,330,230,224" step="2"/><T21/><D21/><U94/><E127/><V78/><F78/><W31/><G31/><T89/><D10/><U44/><E28/><V98/><F19/><W42/><G42/><T11/><D11/><U61/><E113/><V70/><F70/><W80/><G80/><T46/><D69/><U79/><E79/><V107/><F5/><W108/><G108/><T86/><REACH who="0" step="1"/><D89/><REACH who="0" ten="196,330,230,224" step="2"/><U104/><E91/><V109/><F109/><W97/><AGARI ba="0,2" hai="15,17,23,45,51,52,88,92,97,121,122,132,134,135" machi="97" ten="30,12000,1" yaku="1,1,0,1,20,1,54,2,53,0" doraHai="65" doraHaiUra="25" who="3" fromWho="3" sc="196,-40,330,-40,230,-40,224,140" owari="156,-34.0,290,9.0,190,-21.0,364,46.0" /></mjloggm>