<mjloggm ver="2.3"><GO type="97" lobby="0"/><UN n0="%E5%B0%B1%E6%B4%BB%E7%94%9F%40%E5%B7%9D%E6%9D%91%E8%BB%8D%E5%9B%A3" n1="%4E%62%69%74%61" n2="%73%61%6E%70%6F%6B%6F%33" n3="%E5%85%83%E6%B0%97%E3%81%AE%E5%85%83" dan="15,14,14,14" rate="2007.73,1938.16,1954.36,1883.39" sx="M,M,M,M"/><TAIKYOKU oya="0"/><INIT seed="0,0,0,2,5,106" ten="250,250,250,250" oya="0" hai0="128,120,72,123,99,126,83,43,1,45,87,16,66" hai1="111,24,62,70,41,100,75,133,6,20,88,84,54" hai2="56,46,17,95,48,104,0,124,59,61,15,23,50" hai3="135,30,9,11,44,40,42,122,117,64,35,102,74"/><T37/><D1/><U67/><E133/><V90/><F104/><W118/><G74/><T130/><D66/><U114/><E114/><V93/><F0/><W127/><G135/><T2/><D2/><U68/><E6/><V110/><F110/><W36/><G102/><T60/><D60/><U115/><E115/><V112/><F112/><W58/><G127/><T69/><D69/><U101/><E41/><N who="2" m="24655" /><F124/><W92/><G92/><T113/><D99/><U55/><E111/><V49/><F59/><W107/><G107/><T94/><D94/><N who="2" m="35850" /><F90/><W65/><G42/><T85/><D126/><U91/><E70/><V8/><F8/><W73/><G9/><T32/><D113/><U51/><E55/><AGARI ba="0,0" hai="15,17,23,49,50,55,56,61" m="35850,24655" machi="55" ten="30,1000,0" yaku="8,1" doraHai="106" who="2" fromWho="1" sc="250,0,250,-10,250,10,250,0" /><INIT seed="1,0,0,5,1,99" ten="250,240,260,250" oya="1" hai0="126,53,60,103,54,128,117,92,108,76,3,65,7" hai1="11,5,122,123,80,119,4,109,6,68,18,2,82" hai2="74,96,33,40,49,52,12,67,86,44,75,120,34" hai3="48,73,133,58,77,16,51,20,42,114,130,70,0"/><U17/><E68/><V63/><F120/><W10/><G114/><T93/><D108/><U31/><E119/><V85/><F75/><W91/><G130/><T98/><D117/><U62/><E62/><V113/><F74/><W41/><G70/><T132/><D132/><U131/><E31/><V30/><F113/><W37/><G37/><T83/><D126/><U72/><E131/><V66/><F12/><W47/><G133/><T22/><D128/><U127/><E127/><V24/><F34/><W32/><G32/><T69/><D93/><U107/><E107/><V38/><F96/><W39/><G73/><T1/><D22/><U125/><E125/><V89/><F89/><W50/><G77/><T88/><D7/><U15/><E80/><V46/><REACH who="2" step="1"/><F67/><REACH who="2" ten="250,240,250,250" step="2"/><W19/><G0/><T95/><D3/><U14/><E109/><V71/><AGARI ba="0,1" hai="24,30,33,38,40,44,46,49,52,63,66,71,85,86" machi="71" ten="20,8000,1" yaku="1,1,2,1,0,1,7,1,54,1,53,0" doraHai="99" doraHaiUra="84" who="2" fromWho="2" sc="250,-20,240,-40,250,90,250,-20" /><INIT seed="2,0,0,3,3,1" ten="230,200,340,230" oya="2" hai0="3,118,104,70,31,22,9,10,122,25,93,57,37" hai1="55,17,83,45,76,66,61,116,87,21,56,103,4" hai2="34,19,77,38,43,85,27,72,115,112,41,23,7" hai3="121,28,108,35,129,127,63,119,130,16,8,135,117"/><V36/><F72/><W134/><G63/><T11/><D104/><U100/><E116/><N who="3" m="44618" /><G121/><T39/><D70/><U84/><E87/><V94/><F34/><W69/><G69/><T96/><D3/><U67/><E66/><V132/><F132/><N who="3" m="50731" /><G108/><T131/><D131/><N who="3" m="50185" /><G35/><T29/><D29/><U60/><E45/><V80/><F38/><W73/><G73/><T12/><D118/><U2/><E67/><V46/><F43/><W18/><G28/><T128/><D128/><U107/><E61/><V95/><F115/><W123/><G123/><T24/><D122/><U51/><E107/><V33/><F33/><W114/><G114/><T5/><D39/><U81/><E60/><V110/><F110/><W0/><G127/><T111/><D37/><U20/><E81/><V101/><F112/><W52/><G52/><T32/><D57/><U105/><E105/><V91/><F36/><W102/><G102/><T98/><D111/><U49/><E51/><V26/><F101/><W97/><G97/><T133/><D133/><U6/><E2/><V53/><F53/><W78/><G78/><T99/><REACH who="0" step="1"/><D93/><REACH who="0" ten="220,200,340,230" step="2"/><U125/><E125/><V54/><F95/><W89/><G89/><T88/><D88/><N who="1" m="51231" /><E100/><V42/><F94/><W92/><G92/><T113/><D113/><U71/><E103/><V79/><F91/><W62/><G62/><T75/><D75/><U126/><E71/><V47/><F79/><W15/><G0/><T90/><D90/><U14/><E76/><V50/><F77/><W106/><G106/><T120/><D120/><U59/><E126/><V68/><F68/><RYUUKYOKU ba="0,1" sc="220,15,200,-15,340,-15,230,15" hai0="5,9,10,11,12,22,24,25,31,32,96,98,99" hai3="8,15,16,18" /><INIT seed="3,1,1,5,3,8" ten="235,185,325,245" oya="3" hai0="132,12,72,67,81,35,42,133,5,87,119,6,98" hai1="45,94,15,37,128,55,96,111,66,9,93,92,63" hai2="130,123,74,57,79,1,107,95,62,4,134,106,41" hai3="33,44,78,61,104,31,70,109,38,14,135,29,53"/><W18/><G104/><T68/><D35/><U39/><E128/><V118/><F130/><W82/><G135/><N who="0" m="51787" /><D72/><U75/><E111/><V32/><F118/><W73/><G109/><T25/><D119/><U84/><E75/><V122/><F32/><W99/><G33/><T28/><D42/><U80/><E39/><V83/><F134/><W59/><G99/><T65/><D98/><U121/><E37/><V21/><F41/><W22/><REACH who="3" step="1"/><G70/><REACH who="3" ten="235,185,325,235" step="2"/><T43/><D68/><U101/><E121/><V102/><F107/><W47/><G47/><T129/><D129/><U71/><E45/><V131/><F106/><W58/><G58/><T49/><D43/><AGARI ba="1,2" hai="14,18,22,29,31,38,43,44,53,59,61,73,78,82" machi="43" ten="40,12000,1" yaku="1,1,52,1,53,2" doraHai="8" doraHaiUra="26" who="3" fromWho="0" sc="235,-123,185,0,325,0,235,143" owari="112,-39.0,185,-21.0,325,13.0,378,47.0" /></mjloggm>