<mjloggm ver="2.3"><GO type="41" lobby="0"/><UN n0="%46%2E%48%2E%41%4B%49" n1="%E3%83%8F%E3%83%B3%E3%81%A1%E3%82%83%E3%82%93" n2="%E3%82%B5%E3%83%A9%E3%83%80%E3%81%95%E3%82%93" n3="%E5%B0%B1%E6%B4%BB%E7%94%9F%40%E5%B7%9D%E6%9D%91%E8%BB%8D%E5%9B%A3" dan="13,13,13,14" rate="1892.17,1864.88,1853.96,1973.29" sx="F,M,M,M"/><TAIKYOKU oya="0"/><INIT seed="0,0,0,1,2,26" ten="250,250,250,250" oya="0" hai0="123,4,129,95,115,32,33,68,60,71,54,89,39" hai1="35,76,98,88,65,102,57,135,43,66,85,10,52" hai2="62,126,37,83,117,111,124,84,56,86,14,44,113" hai3="103,121,34,125,55,112,17,8,128,96,97,45,75"/><T30/><D123/><U9/><E135/><V3/><F3/><W134/><G34/><T6/><D115/><U81/><E35/><V63/><F113/><W38/><G75/><T82/><D39/><U42/><E65/><V78/><F111/><W116/><G112/><T70/><D129/><U100/><E66/><V105/><F105/><W132/><G116/><T1/><D32/><U118/><E102/><V18/><F117/><W90/><G121/><T72/><D1/><U106/><E118/><V20/><F124/><W130/><G90/><T29/><D33/><U15/><E10/><V110/><F110/><W127/><G8/><T25/><D25/><U109/><E76/><V5/><F5/><W16/><G38/><T94/><D72/><U58/><E58/><V53/><F126/><N who="3" m="48139" /><G55/><T59/><D82/><U131/><E131/><N who="3" m="50218" /><G45/><T80/><D80/><U28/><E28/><V24/><F53/><W7/><G7/><T92/><D89/><U74/><E74/><V12/><F37/><W13/><G13/><T49/><D4/><U114/><E109/><V0/><F44/><W11/><G11/><T23/><D23/><U108/><E108/><V91/><F14/><W36/><G36/><T31/><REACH who="0" step="1"/><D6/><REACH who="0" ten="240,250,250,250" step="2"/><U41/><E114/><V61/><F0/><W119/><G119/><T101/><D101/><U104/><E104/><V27/><F78/><W2/><G2/><T50/><AGARI ba="0,1" hai="29,30,31,49,50,54,59,60,68,70,71,92,94,95" machi="50" ten="40,18000,2" yaku="1,1,0,1,29,2,52,3,53,0" doraHai="26" doraHaiUra="93" who="0" fromWho="0" sc="240,190,250,-60,250,-60,250,-60" /><INIT seed="0,1,0,2,2,126" ten="430,190,190,190" oya="0" hai0="124,37,53,76,133,51,123,79,66,67,89,73,45" hai1="114,98,95,24,113,128,100,92,40,101,108,2,134" hai2="54,19,88,105,63,4,120,85,7,26,122,131,10" hai3="22,29,48,130,106,107,36,65,77,116,82,90,83"/><T34/><D123/><U3/><E24/><V21/><F105/><W99/><G36/><T46/><D34/><U118/><E40/><V0/><F131/><W42/><G116/><T71/><D124/><U121/><E3/><V28/><F7/><W96/><G130/><T81/><D133/><U31/><E31/><V109/><F109/><W129/><G129/><T6/><D79/><U72/><E2/><V17/><F19/><W132/><G65/><T70/><D6/><U32/><E32/><V111/><F111/><W47/><G132/><T38/><D89/><U74/><E108/><V75/><F75/><N who="1" m="28713" /><E118/><V97/><F97/><W56/><G56/><T104/><D104/><U110/><E110/><V78/><F78/><W119/><G119/><T9/><D9/><U33/><E33/><V52/><F28/><W86/><G99/><T13/><D13/><U15/><E128/><V58/><F54/><W117/><G117/><T64/><REACH who="0" step="1"/><D46/><REACH who="0" ten="420,190,190,190" step="2"/><U27/><E15/><V103/><F103/><N who="1" m="39497" /><E121/><V112/><F112/><N who="1" m="43113" /><E134/><V69/><F120/><W93/><G106/><T11/><D11/><U23/><E23/><V115/><F115/><W16/><G107/><T43/><D43/><U14/><E14/><V125/><F125/><W68/><G47/><T80/><D80/><U30/><E27/><V35/><F35/><W91/><G42/><T5/><D5/><U1/><E1/><V102/><F102/><W20/><G20/><T94/><D94/><N who="1" m="35883" /><E30/><V127/><F127/><W50/><G29/><T57/><D57/><U59/><E59/><V25/><F25/><W49/><G22/><RYUUKYOKU ba="1,1" sc="420,15,190,15,190,-15,190,-15" hai0="37,38,45,51,53,64,66,67,70,71,73,76,81" hai1="98" /><INIT seed="0,2,1,4,4,49" ten="435,205,175,175" oya="0" hai0="94,104,60,23,99,127,33,96,39,20,122,59,50" hai1="77,102,27,9,3,120,14,0,79,43,88,44,28" hai2="29,32,81,4,31,47,54,55,85,34,121,30,109" hai3="64,87,73,53,11,26,2,84,86,13,15,71,70"/><T75/><D122/><U78/><E120/><V105/><F105/><W45/><G73/><T83/><D39/><U80/><E102/><V25/><F121/><W16/><G2/><T52/><D127/><U119/><E119/><V106/><F106/><W69/><G26/><T95/><D33/><U133/><E133/><V112/><F112/><W100/><G100/><N who="0" m="60439" /><D104/><U19/><E27/><V76/><F109/><W21/><G64/><N who="0" m="38943" /><D83/><U111/><E111/><V101/><F101/><W5/><G45/><N who="0" m="27727" /><D75/><U37/><E28/><V10/><F47/><W117/><G117/><T42/><D42/><U131/><E131/><V115/><F115/><W98/><G53/><T40/><D40/><U74/><E74/><V18/><F34/><W128/><G128/><T82/><D82/><U38/><E37/><V118/><F32/><W58/><G58/><T36/><D36/><U92/><REACH who="1" step="1"/><E80/><REACH who="1" ten="435,195,175,175" step="2"/><V24/><F118/><W8/><G71/><T129/><D129/><U63/><E63/><V56/><F81/><W51/><G70/><T67/><D67/><U90/><E90/><AGARI ba="2,2" hai="20,23,90,95,99" m="27727,38943,60439" machi="90" ten="30,5800,0" yaku="8,1,52,1,54,1" doraHai="49" who="0" fromWho="1" sc="435,84,195,-64,175,0,175,0" /><INIT seed="0,3,0,4,4,96" ten="519,131,175,175" oya="0" hai0="111,38,60,115,104,52,69,130,133,95,79,114,91" hai1="25,35,107,48,77,70,131,132,128,0,37,59,58" hai2="113,97,2,42,108,7,126,22,135,100,120,49,13" hai3="9,39,24,122,116,31,20,16,101,61,73,62,43"/><T82/><D133/><U3/><E37/><V5/><F120/><W66/><G73/><T21/><D130/><N who="1" m="49707" /><E70/><V88/><F135/><W112/><G116/><T47/><D38/><U64/><E132/><V85/><F113/><W45/><G112/><T106/><D111/><U84/><E107/><V14/><F126/><W134/><G122/><T129/><D129/><U103/><E103/><V27/><F108/><W65/><G134/><T63/><D114/><U57/><E64/><V94/><F2/><N who="1" m="553" /><E48/><V17/><F49/><W74/><G74/><T56/><D115/><U6/><E6/><N who="2" m="2059" /><F42/><W68/><G101/><T12/><D47/><U11/><E11/><V72/><F72/><W83/><G83/><AGARI ba="3,0" hai="13,14,17,22,27,83,85,88,94,97,100" m="2059" machi="83" ten="30,3900,0" yaku="8,1,52,1,54,1" doraHai="96" who="2" fromWho="3" sc="519,0,131,0,175,48,175,-48" /><INIT seed="1,0,0,0,0,118" ten="519,131,223,127" oya="1" hai0="121,76,109,73,124,70,25,16,47,44,95,117,9" hai1="71,67,28,85,129,51,106,135,112,2,83,104,63" hai2="74,69,33,82,123,134,61,31,119,107,40,3,97" hai3="115,122,41,11,131,68,37,128,10,35,48,60,30"/><U24/><E112/><V114/><RYUUKYOKU type="yao9" ba="0,0" sc="519,0,131,0,223,0,127,0" hai2="3,31,33,40,61,69,74,82,97,107,114,119,123,134" /><INIT seed="1,1,0,4,0,100" ten="519,131,223,127" oya="1" hai0="96,67,52,20,0,28,42,68,14,50,4,26,75" hai1="130,45,34,71,134,73,88,103,104,54,31,1,64" hai2="89,8,105,17,41,129,133,74,131,132,69,56,46" hai3="85,79,10,37,21,35,108,23,5,120,94,115,29"/><U83/><E134/><N who="2" m="51819" /><F74/><W18/><G37/><T16/><D75/><U99/><E130/><N who="2" m="49675" /><F69/><W65/><G120/><T84/><D42/><U24/><E1/><V114/><F114/><W93/><G115/><T33/><D68/><U119/><E119/><V128/><F128/><W112/><G112/><T81/><D67/><U2/><E2/><V82/><F56/><W12/><G108/><T13/><D96/><U118/><E118/><V53/><F53/><W98/><G65/><T38/><D38/><U78/><E45/><V19/><F105/><W101/><G35/><T32/><D14/><U49/><E49/><N who="2" m="26831" /><F8/><W59/><G59/><T72/><D72/><U11/><E54/><V117/><F117/><W39/><G39/><T110/><D110/><U7/><E11/><V9/><F9/><W60/><G60/><T44/><D4/><U122/><E7/><V25/><F25/><W55/><G55/><T113/><D0/><U77/><E122/><V70/><F70/><W51/><G51/><T40/><D113/><U58/><E58/><V111/><F111/><W6/><G6/><T123/><D123/><U135/><E135/><V125/><F125/><W116/><G116/><T106/><D106/><U3/><E3/><V91/><F82/><W22/><G29/><T36/><D26/><U80/><E73/><V61/><F61/><W87/><G5/><T121/><D121/><U102/><E102/><V109/><F109/><W127/><G127/><T15/><D36/><U63/><E80/><V43/><F43/><W86/><G93/><T30/><D40/><U62/><E62/><RYUUKYOKU ba="1,0" sc="519,-30,131,10,223,10,127,10" hai1="24,31,34,63,64,71,77,78,83,88,99,103,104" hai2="17,19,89,91" hai3="10,12,18,21,22,23,79,85,86,87,94,98,101" /><INIT seed="1,2,0,4,5,25" ten="489,141,233,137" oya="1" hai0="42,94,59,35,9,8,86,62,4,119,131,55,69" hai1="82,24,104,2,81,5,57,26,85,43,107,33,6" hai2="77,34,56,54,41,98,95,108,79,39,83,22,12" hai3="93,30,38,49,72,40,96,103,48,3,16,7,58"/><U99/><E43/><V19/><F34/><W50/><G72/><T111/><D119/><U71/><E71/><V128/><F108/><W28/><G58/><T130/><D111/><U14/><E14/><V15/><F128/><N who="0" m="49194" /><D69/><U132/><E132/><V113/><F113/><W65/><G65/><T87/><D35/><U109/><E109/><V61/><F41/><W97/><G97/><T68/><D68/><U66/><E2/><V20/><F39/><W121/><G121/><T124/><D124/><U129/><E129/><V63/><F83/><W120/><G120/><T80/><D42/><U17/><E99/><V123/><F63/><W115/><G115/><T1/><D8/><U126/><E126/><V52/><F54/><W11/><REACH who="3" step="1"/><G16/><REACH who="3" ten="489,141,233,127" step="2"/><T13/><D80/><U106/><E66/><V117/><F123/><W70/><G70/><T36/><D86/><U10/><E57/><V110/><F110/><W45/><AGARI ba="2,1" hai="3,7,11,28,30,38,40,45,48,49,50,93,96,103" machi="45" ten="30,7900,0" yaku="1,1,0,1,52,2,53,0" doraHai="25" doraHaiUra="21" who="3" fromWho="3" sc="489,-22,141,-41,233,-22,127,95" /><INIT seed="2,0,0,1,0,14" ten="467,100,211,222" oya="2" hai0="117,63,66,88,57,5,92,26,128,44,9,55,6" hai1="45,72,20,115,74,56,31,27,104,11,87,24,58" hai2="110,93,0,75,39,51,18,37,116,48,70,91,35" hai3="86,25,68,124,78,7,47,49,103,40,52,67,65"/><V8/><F70/><W133/><G124/><T96/><D128/><U61/><E104/><V90/><F35/><W60/><G133/><T38/><D117/><U29/><E115/><V16/><F75/><W13/><G103/><T28/><D9/><U111/><E45/><V64/><F64/><W59/><G25/><T134/><D134/><U23/><E111/><V1/><F110/><W118/><G118/><T83/><D83/><U22/><E11/><V80/><F8/><W89/><G78/><T132/><D132/><U12/><E12/><V82/><F93/><W69/><G69/><T10/><D10/><U101/><E101/><V122/><F116/><W41/><G41/><T114/><D114/><U113/><E113/><V129/><F129/><W112/><G112/><T99/><D96/><U119/><E119/><V107/><F107/><W106/><G106/><T97/><D99/><U3/><E3/><V15/><F15/><W21/><G7/><T135/><D135/><U30/><E87/><V105/><F105/><W19/><G68/><T46/><D38/><U120/><E120/><AGARI ba="0,0" hai="0,1,16,18,37,39,48,51,80,82,90,91,120,122" machi="120" ten="25,12000,1" yaku="22,2,52,2,54,1" doraHai="14" who="2" fromWho="1" sc="467,0,100,-120,211,120,222,0" owari="467,57.0,-20,-52.0,331,13.0,222,-18.0" /></mjloggm>