<mjloggm ver="2.3"><GO type="97" lobby="0"/><UN n0="%E5%B0%B1%E6%B4%BB%E7%94%9F%40%E5%B7%9D%E6%9D%91%E8%BB%8D%E5%9B%A3" n1="%E3%83%A6%E3%83%AA%E3%82%B9" n2="%E4%B8%96%E7%B4%80%E6%9C%AB%E8%A6%87%E8%80%85" n3="%E3%82%B3%E3%83%AB%E3%83%8D%E3%82%AA" dan="14,13,14,14" rate="2000.32,1862.20,2014.07,1918.46" sx="M,M,M,M"/><TAIKYOKU oya="0"/><INIT seed="0,0,0,4,3,121" ten="250,250,250,250" oya="0" hai0="115,37,30,74,85,53,54,52,72,100,21,95,114" hai1="129,80,51,41,87,105,49,135,104,108,96,84,78" hai2="98,32,111,70,45,133,10,47,11,113,57,36,109" hai3="81,103,50,76,23,28,7,17,1,94,9,93,40"/><T92/><D37/><U56/><E135/><V55/><F113/><W83/><G28/><T38/><D38/><U13/><E129/><V124/><F70/><W64/><G64/><T126/><D126/><U0/><E0/><V66/><F66/><W61/><G61/><T35/><D35/><U112/><E112/><V24/><F133/><W6/><G6/><T5/><D5/><U77/><E96/><V82/><F124/><W134/><G134/><T15/><D92/><U107/><E13/><V39/><F39/><W75/><G103/><T122/><D122/><U18/><E18/><V44/><F36/><W69/><G69/><T91/><D100/><U67/><E67/><V65/><F65/><W102/><G102/><T42/><D42/><U29/><E29/><V106/><F106/><W3/><G83/><T62/><D62/><U127/><E127/><V14/><F98/><W60/><G60/><T131/><D131/><U110/><E56/><V26/><F82/><W2/><G93/><T79/><D79/><N who="1" m="30219" /><E80/><V16/><F10/><W86/><G94/><T46/><D46/><U128/><E128/><V120/><F120/><W116/><G75/><T31/><D115/><U19/><E19/><V125/><F125/><W130/><G130/><T101/><D114/><U71/><E71/><V25/><REACH who="2" step="1"/><F32/><REACH who="2" ten="250,250,240,250" step="2"/><W8/><G8/><T132/><D132/><U34/><E34/><V118/><F118/><W88/><G116/><T4/><D101/><U90/><E90/><V117/><F117/><W20/><G76/><T43/><D74/><U58/><E105/><V68/><F68/><RYUUKYOKU ba="0,1" sc="250,-10,250,-10,240,30,250,-10" hai2="11,14,16,24,25,26,44,45,47,55,57,109,111" /><INIT seed="1,1,1,5,1,81" ten="240,240,270,240" oya="1" hai0="130,92,18,8,45,87,20,14,52,43,38,119,28" hai1="49,84,115,71,34,35,109,117,120,101,13,53,44" hai2="76,57,124,83,74,61,21,55,58,66,98,108,133" hai3="122,50,123,10,121,59,112,3,77,37,106,131,129"/><U79/><E71/><V114/><F108/><W100/><G112/><T63/><D119/><U48/><E109/><V56/><F114/><W105/><G37/><T46/><D130/><N who="3" m="49673" /><G77/><T41/><D28/><U36/><E36/><V7/><F124/><W4/><G100/><T102/><D102/><U9/><E115/><V73/><F133/><W2/><G2/><T47/><D8/><U29/><E117/><V134/><F134/><W94/><G94/><T19/><D19/><U68/><E68/><V51/><F73/><W22/><G22/><T95/><D95/><U12/><E120/><V25/><F7/><W11/><G10/><T104/><D104/><N who="3" m="40041" /><G59/><N who="0" m="35303" /><D38/><U110/><E110/><V78/><F78/><W128/><G128/><T116/><D116/><U127/><E127/><V132/><F132/><W118/><G118/><T72/><D72/><U82/><E101/><V0/><F0/><W70/><G70/><T32/><D32/><U27/><E35/><V113/><F113/><W23/><G23/><T96/><D96/><U67/><E67/><V85/><F98/><W75/><G75/><T64/><D64/><U15/><REACH who="1" step="1"/><E49/><AGARI ba="1,1" hai="3,4,11,49,50,121,122,123" m="40041,49673" machi="49" ten="40,1300,0" yaku="19,1" doraHai="81" who="3" fromWho="1" sc="240,0,240,-16,270,0,240,26" /><INIT seed="2,0,0,2,4,65" ten="240,224,270,266" oya="2" hai0="8,22,77,38,108,87,19,36,131,99,78,70,52" hai1="106,124,118,2,102,76,132,80,25,47,34,92,14" hai2="28,7,10,17,73,35,120,51,40,1,116,127,41" hai3="68,23,119,82,49,107,134,30,57,129,43,94,133"/><V93/><F73/><W21/><G107/><T62/><D131/><U110/><E2/><V61/><F120/><W67/><G119/><T96/><D108/><U39/><E118/><V24/><F116/><W97/><G82/><T16/><D8/><U0/><E0/><V95/><F127/><W135/><G129/><T130/><D130/><U72/><E124/><V32/><F32/><W4/><G4/><T31/><D31/><U117/><E117/><V66/><F17/><W59/><G68/><T64/><D19/><U9/><E110/><V75/><F75/><W121/><G121/><T42/><D52/><U79/><E79/><V69/><REACH who="2" step="1"/><F51/><REACH who="2" ten="240,224,260,266" step="2"/><W12/><G49/><T15/><D38/><U60/><E34/><V44/><F44/><W37/><G37/><T109/><D109/><U45/><E39/><V84/><F84/><W101/><G135/><T55/><D87/><U115/><E132/><V122/><F122/><W83/><G134/><T111/><D111/><U88/><E47/><V53/><F53/><W27/><G133/><T128/><D128/><U105/><E45/><V46/><F46/><W3/><G30/><T113/><D55/><U48/><E48/><V54/><F54/><W63/><G67/><T125/><D125/><U86/><E86/><V29/><F29/><W18/><G18/><T103/><D36/><U104/><E72/><V114/><F114/><W26/><G43/><AGARI ba="0,1" hai="1,7,10,24,28,35,40,41,43,61,66,69,93,95" machi="43" ten="40,12000,1" yaku="1,1,52,1,53,2" doraHai="65" doraHaiUra="90" who="2" fromWho="3" sc="240,0,224,0,260,130,266,-120" /><INIT seed="2,1,0,1,5,39" ten="240,224,390,146" oya="2" hai0="9,89,130,116,135,22,56,41,2,94,38,20,4" hai1="87,1,65,28,102,111,36,74,96,107,92,29,61" hai2="10,125,68,121,6,98,133,112,85,53,103,72,34" hai3="19,76,97,5,7,0,21,109,110,128,24,57,124"/><V108/><F121/><W78/><G57/><T47/><D116/><U59/><E1/><V91/><F112/><W16/><G97/><T115/><D115/><U15/><E111/><N who="3" m="42506" /><G78/><T37/><D37/><U42/><E74/><V33/><F68/><W18/><G76/><T127/><D127/><U23/><E36/><V32/><F125/><W54/><G54/><T75/><D75/><U64/><E64/><V46/><F72/><W12/><G124/><T17/><D130/><U101/><E101/><V88/><F133/><W132/><G128/><T14/><D135/><U126/><E126/><V122/><F122/><W114/><G114/><T71/><D71/><U120/><E120/><V13/><F108/><W117/><G132/><T119/><D119/><U106/><E106/><V67/><F67/><W69/><G69/><T63/><D22/><U104/><E104/><V131/><F131/><W40/><G40/><T123/><D123/><U93/><E107/><N who="2" m="63991" /><F85/><W113/><G113/><T84/><D56/><U70/><E70/><V48/><F91/><W50/><G50/><T27/><REACH who="0" step="1"/><D63/><REACH who="0" ten="230,224,390,146" step="2"/><U134/><E134/><V51/><F48/><W95/><G117/><T43/><D43/><U31/><E42/><V118/><F118/><W58/><G58/><T55/><D55/><U99/><E23/><V83/><F53/><W25/><G21/><T62/><D62/><U105/><E61/><V49/><F46/><W45/><G45/><T26/><AGARI ba="1,1" hai="2,4,9,14,17,20,26,27,38,41,47,84,89,94" machi="26" ten="30,7900,0" yaku="1,1,0,1,52,1,53,1" doraHai="39" doraHaiUra="86" who="0" fromWho="0" sc="230,92,224,-21,390,-40,146,-21" /><INIT seed="3,0,0,4,1,92" ten="322,203,350,125" oya="3" hai0="71,4,118,133,46,98,56,130,11,90,19,5,67" hai1="81,54,125,80,48,112,87,89,131,85,42,82,53" hai2="120,47,30,95,8,27,113,69,75,59,26,96,105" hai3="49,127,101,119,76,39,129,62,55,44,77,78,83"/><W114/><G119/><T18/><D118/><U41/><E112/><V34/><F69/><W72/><G114/><T16/><D71/><U58/><E131/><V122/><F105/><W43/><G129/><T6/><D130/><U93/><E125/><V73/><F113/><W115/><G115/><T38/><D133/><U134/><E134/><V45/><F8/><W108/><G108/><T107/><D38/><U132/><E132/><V20/><F59/><W99/><G62/><N who="0" m="38343" /><D107/><U24/><E24/><V63/><F63/><W40/><G127/><T57/><D46/><N who="2" m="17418" /><F26/><W52/><G55/><T84/><D57/><U1/><E1/><V36/><F36/><W86/><G39/><T97/><D11/><U116/><E116/><V32/><F32/><W109/><G109/><T102/><D102/><U91/><E54/><V28/><F28/><W70/><G70/><T121/><D121/><N who="2" m="46698" /><F34/><W13/><G13/><T7/><D7/><U111/><E111/><V21/><F21/><W94/><REACH who="3" step="1"/><G72/><REACH who="3" ten="322,203,350,115" step="2"/><T117/><D117/><U14/><E14/><V12/><F12/><W9/><G9/><T31/><D31/><U123/><E123/><V25/><F27/><W68/><G68/><T2/><D2/><U37/><E37/><V64/><F64/><W50/><G50/><T17/><D17/><U100/><E41/><AGARI ba="0,1" hai="40,41,43,44,49,52,76,77,78,83,86,94,99,101" machi="41" ten="40,12000,1" yaku="1,1,8,1,52,1,54,1,53,0" doraHai="92" doraHaiUra="3" who="3" fromWho="1" sc="322,0,203,-120,350,0,115,130" /><INIT seed="3,1,0,3,5,120" ten="322,83,350,245" oya="3" hai0="55,86,63,76,28,23,45,111,8,26,37,93,39" hai1="113,60,46,105,129,5,9,14,74,22,94,91,84" hai2="122,101,87,128,38,2,135,3,17,34,97,53,69" hai3="118,24,99,43,0,1,27,4,56,19,100,25,48"/><W12/><G118/><T116/><D116/><U126/><E105/><V47/><F69/><W80/><G80/><T68/><D111/><U95/><E74/><V30/><F122/><W49/><G4/><T102/><D68/><U18/><E113/><V6/><F128/><W75/><G75/><T29/><D29/><U72/><E72/><V59/><F135/><W32/><G32/><T89/><D76/><U36/><E36/><V16/><F87/><W21/><G49/><T98/><D8/><U57/><E129/><V130/><F130/><W51/><G51/><T41/><D63/><U83/><E46/><V81/><F81/><W35/><G35/><T133/><D133/><U88/><E91/><V67/><F67/><W54/><REACH who="3" step="1"/><G43/><REACH who="3" ten="322,83,350,235" step="2"/><T90/><D39/><U109/><E109/><V44/><F6/><W33/><G33/><T64/><D64/><U15/><REACH who="1" step="1"/><E126/><REACH who="1" ten="322,73,350,235" step="2"/><V65/><F38/><W132/><G132/><T134/><D134/><U96/><E96/><V121/><F121/><W40/><G40/><T73/><D73/><U42/><E42/><V114/><F114/><W85/><G85/><T108/><D108/><U71/><E71/><V20/><F97/><W119/><G119/><T112/><D112/><U10/><E10/><V106/><F34/><W58/><G58/><T115/><D115/><U77/><E77/><V31/><F59/><W124/><G124/><T79/><D55/><AGARI ba="1,2" hai="5,9,14,15,18,22,55,57,60,83,84,88,94,95" machi="55" ten="30,7700,0" yaku="1,1,7,1,8,1,54,1,53,0" doraHai="120" doraHaiUra="125" who="1" fromWho="0" sc="322,-80,73,100,350,0,235,0" owari="242,4.0,173,-33.0,350,45.0,235,-16.0" /></mjloggm>