<mjloggm ver="2.3"><GO type="97" lobby="0"/><UN n0="%E5%B0%B1%E6%B4%BB%E7%94%9F%40%E5%B7%9D%E6%9D%91%E8%BB%8D%E5%9B%A3" n1="%6B%61%6D%65%6E%61%6E%6E" n2="%E5%98%98%E3%81%AF%E7%BD%AA" n3="%79%61%6E%61%67%69%2D" dan="14,13,13,13" rate="1976.85,1863.35,1895.79,1819.88" sx="M,M,M,M"/><TAIKYOKU oya="0"/><INIT seed="0,0,0,2,5,63" ten="250,250,250,250" oya="0" hai0="85,13,55,83,118,11,42,99,22,88,62,54,69" hai1="60,36,38,93,18,4,17,7,2,39,52,46,98" hai2="102,103,26,51,12,133,57,87,6,9,68,45,94" hai3="34,135,58,125,105,86,109,8,79,71,33,53,37"/><T90/><D118/><U74/><E74/><V43/><F133/><W75/><G71/><T10/><D42/><U48/><E4/><V1/><F1/><W124/><G105/><T23/><D69/><U120/><E120/><V123/><F123/><W113/><G37/><T29/><D11/><U41/><E7/><V95/><F68/><W19/><G113/><T49/><D62/><U70/><E2/><V40/><F40/><W96/><G75/><T67/><D67/><U76/><E76/><V72/><F72/><W84/><G96/><T27/><D22/><U108/><E108/><V106/><F106/><W121/><G121/><T134/><D134/><U112/><E112/><V5/><F5/><W61/><G109/><T47/><D99/><U77/><E77/><V115/><F115/><W78/><G135/><T117/><D117/><U24/><E24/><V44/><F44/><W80/><G8/><T66/><D66/><N who="1" m="41287" /><E36/><V107/><F107/><W119/><G19/><N who="0" m="8631" /><D55/><U92/><E38/><V0/><F0/><W122/><G122/><T35/><D35/><U30/><E30/><V21/><F57/><W50/><G50/><T89/><AGARI ba="0,0" hai="23,27,29,47,49,54,83,85,88,89,90" m="8631" machi="89" ten="30,6000,0" yaku="25,1,8,1,54,1" doraHai="63" who="0" fromWho="0" sc="250,60,250,-20,250,-20,250,-20" /><INIT seed="0,1,0,2,3,28" ten="310,230,230,230" oya="0" hai0="103,73,66,18,99,113,72,45,64,30,129,46,52" hai1="53,10,131,124,47,89,107,69,76,85,120,81,90" hai2="41,87,101,62,59,29,43,33,27,63,38,13,114" hai3="75,118,67,105,128,51,58,84,25,86,2,55,110"/><T95/><D113/><U21/><E69/><V24/><F114/><W0/><G118/><T22/><D129/><U8/><E120/><V4/><F63/><W125/><G75/><T97/><D30/><U130/><E107/><V70/><F70/><W134/><G105/><T82/><D99/><U83/><E124/><V23/><F101/><W78/><G125/><T34/><D34/><U116/><E116/><V19/><F38/><W17/><G128/><N who="1" m="49194" /><E21/><V106/><F106/><W71/><G134/><T6/><D6/><U12/><E81/><V44/><F44/><W11/><G110/><T40/><D82/><U37/><E8/><V119/><F119/><W39/><G39/><T108/><D108/><U77/><E77/><V68/><F68/><W50/><G50/><N who="0" m="26919" /><D72/><U16/><E37/><V1/><F87/><W109/><G109/><T57/><D46/><U65/><E65/><N who="2" m="39135" /><F27/><W60/><G86/><T80/><D80/><U127/><E127/><V96/><F96/><W123/><G123/><T121/><D121/><U14/><E14/><V104/><F104/><W93/><G78/><T98/><D98/><U61/><E61/><V94/><F94/><W135/><G135/><T112/><D73/><U48/><AGARI ba="1,0" hai="10,12,16,47,48,53,76,83,85,89,90" m="49194" machi="48" ten="30,2000,0" yaku="19,1,54,1" doraHai="28" who="1" fromWho="1" sc="310,-11,230,23,230,-6,230,-6" /><INIT seed="1,0,0,4,1,94" ten="299,253,224,224" oya="1" hai0="38,96,84,122,65,106,3,1,131,67,24,73,111" hai1="126,8,11,35,127,116,30,15,95,55,124,97,121" hai2="18,12,129,89,118,82,91,86,72,102,25,130,28" hai3="62,56,98,46,50,53,37,10,47,68,125,66,31"/><U16/><E116/><V27/><F118/><W26/><G125/><T48/><D73/><U83/><E121/><V52/><F72/><W41/><G46/><T32/><D38/><U109/><E83/><V85/><F102/><W22/><G10/><T70/><D122/><U78/><E78/><V19/><F12/><W77/><G77/><T93/><D111/><U113/><E113/><V114/><F114/><W39/><G39/><T103/><D131/><U63/><E109/><V34/><F34/><W128/><G128/><T6/><D6/><U4/><E30/><V112/><F112/><W43/><G43/><T133/><D48/><U134/><E35/><V99/><F99/><AGARI ba="0,0" hai="22,26,31,37,41,47,50,53,56,62,66,68,98,99" machi="99" ten="40,8000,1" yaku="24,2,52,2" doraHai="94" who="3" fromWho="2" sc="299,0,253,0,224,-80,224,80" /><INIT seed="2,0,0,5,5,45" ten="299,253,144,304" oya="2" hai0="95,15,0,105,2,128,82,112,21,117,38,102,73" hai1="129,70,3,67,92,36,116,88,12,6,27,126,122" hai2="7,93,13,79,41,35,71,97,39,83,80,17,103" hai3="32,59,52,29,47,132,77,135,44,30,48,115,96"/><V109/><F35/><W54/><G77/><T58/><D105/><U64/><E116/><V56/><F71/><W74/><G74/><T81/><D38/><U8/><E36/><V19/><F109/><W127/><G127/><T33/><D33/><U62/><E126/><V130/><F130/><W55/><G115/><T26/><D128/><U43/><E129/><V69/><F69/><W57/><G96/><N who="0" m="59679" /><D73/><U46/><E122/><V131/><F131/><W9/><G9/><T65/><D65/><U94/><E27/><V18/><F83/><W40/><G32/><T125/><D2/><U123/><E64/><V10/><F39/><N who="3" m="21535" /><G29/><T37/><D0/><U118/><E118/><V24/><F41/><N who="3" m="24687" /><G30/><T5/><D37/><U23/><E123/><V66/><F66/><W100/><G100/><T63/><D125/><U121/><E121/><V4/><F56/><AGARI ba="0,0" hai="52,54,55,56,57,59,132,135" m="24687,21535" machi="56" ten="30,7700,0" yaku="34,2,52,1,54,1" doraHai="45" who="3" fromWho="2" sc="299,0,253,0,144,-77,304,77" /><INIT seed="3,0,0,3,5,108" ten="299,253,67,381" oya="3" hai0="86,45,81,14,122,72,55,132,127,36,3,82,90" hai1="71,9,22,91,99,68,6,28,24,85,8,129,5" hai2="126,88,102,87,93,12,94,54,104,59,125,25,29" hai3="75,130,16,121,128,61,20,32,7,84,89,124,11"/><W135/><G32/><T123/><D3/><U112/><E99/><V62/><F12/><W27/><G75/><T131/><D127/><U134/><E129/><N who="3" m="49770" /><G121/><T67/><D132/><U119/><E134/><V79/><F79/><W78/><G135/><T106/><D106/><U49/><E119/><V37/><F37/><W77/><G61/><T0/><D0/><U110/><E110/><V44/><F44/><W65/><G65/><T64/><D131/><U83/><E112/><V30/><F104/><W26/><G26/><T115/><D115/><U15/><REACH who="1" step="1"/><E49/><REACH who="1" ten="299,243,67,381" step="2"/><V116/><F116/><W31/><G124/><N who="2" m="47721" /><F25/><W96/><G96/><AGARI ba="0,1" hai="29,30,54,59,62,87,88,93,94,96,102" m="47721" machi="96" ten="30,2000,0" yaku="18,1,54,1" doraHai="108" who="2" fromWho="3" sc="299,0,243,0,67,30,381,-20" owari="299,10.0,243,-16.0,97,-40.0,361,46.0" /></mjloggm>