<mjloggm ver="2.3"><GO type="169" lobby="0"/><UN n0="%E3%82%A6%E3%83%AB%E3%83%88%E3%83%A9%E7%AB%8B%E7%9B%B4" n1="%E8%A5%BF%E5%9E%A3%E8%AA%A0%E4%B8%80" n2="%E3%81%B3%E3%82%8A%E3%81%B3%E3%82%8A%E2%98%86%E3%83%93%E3%83%AA%E3%83%BC" n3="%E9%AC%BC%E5%8F%A3%E3%81%BE%E3%81%93%E3%81%A8" dan="18,16,18,17" rate="2194.65,2122.21,2301.01,2147.73" sx="M,M,M,M"/><TAIKYOKU oya="0"/><INIT seed="0,0,0,4,1,130" ten="250,250,250,250" oya="0" hai0="51,75,131,70,69,31,34,102,134,11,121,21,4" hai1="27,55,58,112,90,111,64,53,114,95,77,124,80" hai2="57,122,0,110,72,118,20,105,65,132,28,43,7" hai3="48,2,109,103,98,113,50,82,127,115,120,22,6"/><T33/><D121/><U68/><E111/><V83/><F122/><W14/><G2/><T107/><D131/><U26/><E68/><V123/><F123/><W96/><G120/><T67/><D21/><U79/><E124/><V3/><F105/><W99/><G103/><T44/><D75/><U24/><E64/><V97/><F97/><W88/><G109/><T12/><D102/><U56/><E90/><V16/><F28/><W87/><G127/><T63/><D107/><U93/><E27/><V104/><F104/><W54/><G50/><T5/><D70/><U52/><E55/><V74/><F110/><W108/><G108/><T71/><D71/><U36/><REACH who="1" step="1"/><E80/><REACH who="1" ten="250,240,250,250" step="2"/><V29/><F83/><W126/><G126/><T38/><D69/><U135/><E135/><V76/><F132/><W46/><REACH who="3" step="1"/><G22/><REACH who="3" ten="250,240,250,240" step="2"/><T23/><D23/><U18/><E18/><V128/><F16/><W45/><G45/><T60/><D44/><U117/><E117/><V1/><F20/><W47/><G47/><T85/><D34/><U133/><E133/><V101/><F118/><W100/><G100/><T40/><D33/><U8/><E8/><AGARI ba="0,2" hai="6,8,14,46,48,54,82,87,88,96,98,99,113,115" machi="8" ten="40,2600,0" yaku="1,1,54,1,53,0" doraHai="130" doraHaiUra="39" who="3" fromWho="1" sc="250,0,240,-26,250,0,240,46" /><INIT seed="1,0,0,0,1,128" ten="250,214,250,286" oya="1" hai0="95,47,16,99,125,63,20,108,17,111,130,46,73" hai1="41,6,98,0,70,24,106,14,78,62,21,51,107" hai2="19,34,82,45,102,86,4,84,42,15,115,122,57" hai3="96,25,83,26,74,3,67,59,134,129,123,113,89"/><U97/><E0/><V1/><F122/><W56/><G3/><T76/><D125/><U71/><E78/><V124/><F34/><W80/><G74/><T11/><D130/><U100/><E41/><V91/><F124/><W37/><G37/><T61/><D11/><U66/><E70/><V94/><F115/><W118/><G113/><T120/><D120/><U36/><E51/><V60/><F4/><W112/><G112/><T43/><D76/><U93/><E36/><V32/><F32/><W48/><G123/><T116/><D73/><U9/><REACH who="1" step="1"/><E98/><REACH who="1" ten="250,204,250,286" step="2"/><V54/><F1/><W13/><G96/><T69/><D69/><U85/><E85/><V88/><F102/><W22/><G48/><T53/><D43/><U55/><E55/><V92/><F42/><W101/><G101/><T29/><D53/><U44/><E44/><V7/><F45/><W10/><G129/><T114/><D99/><U58/><E58/><V105/><F105/><W81/><G56/><T30/><D114/><U68/><E68/><V87/><F87/><W131/><G131/><T119/><D47/><U110/><E110/><V2/><F2/><W33/><G67/><T135/><D46/><U50/><E50/><V64/><F64/><W23/><G59/><T117/><D117/><U38/><E38/><V39/><F39/><W18/><G118/><T72/><D72/><U126/><E126/><V121/><F121/><W104/><G104/><T109/><D119/><U35/><E35/><V132/><F86/><W79/><G33/><T40/><D116/><U127/><E127/><V28/><F84/><RYUUKYOKU ba="0,1" sc="250,-10,204,30,250,-10,286,-10" hai1="6,9,14,21,24,62,66,71,93,97,100,106,107" /><INIT seed="1,1,1,5,4,28" ten="240,234,240,276" oya="1" hai0="91,62,27,58,130,50,104,25,1,118,100,54,20" hai1="40,3,112,48,126,117,68,89,103,24,21,8,42" hai2="111,113,18,47,17,128,102,55,53,85,51,56,132" hai3="92,127,70,107,35,15,14,13,88,87,98,101,79"/><U121/><E112/><V74/><F74/><W94/><G70/><T84/><D1/><U135/><E135/><V86/><F111/><W46/><G127/><T2/><D2/><U66/><E117/><V97/><F132/><W106/><G79/><T134/><D118/><U39/><E39/><V80/><F128/><W105/><G46/><T71/><D134/><U11/><E103/><V75/><F75/><W12/><N who="3" m="3072" /><DORA hai="78" /><W60/><G60/><T19/><D130/><U125/><E66/><V114/><F114/><W52/><G35/><T59/><D71/><U22/><E68/><V83/><F113/><W123/><REACH who="3" step="1"/><G52/><REACH who="3" ten="240,234,240,266" step="2"/><T69/><D69/><U34/><E34/><V49/><F86/><W65/><G65/><T41/><D27/><U115/><E24/><V6/><F6/><W32/><G32/><T57/><D62/><U36/><E115/><V67/><F67/><W16/><G16/><N who="2" m="6249" /><F85/><W122/><AGARI ba="1,2" hai="87,88,92,94,98,101,105,106,107,122,123" m="3072" machi="122" ten="50,12000,2" yaku="1,1,0,1,54,1,53,4" doraHai="28,78" doraHaiUra="109,10" who="3" fromWho="3" sc="240,-31,234,-61,240,-31,266,143" /><INIT seed="2,0,0,1,4,87" ten="209,173,209,409" oya="2" hai0="19,67,32,90,132,10,40,71,49,83,47,26,112" hai1="48,20,128,72,131,123,97,60,11,64,65,69,6" hai2="115,39,7,44,130,76,93,52,54,117,24,14,109" hai3="29,42,88,127,79,18,125,118,114,58,119,92,122"/><V73/><F115/><W108/><G29/><T111/><D112/><U124/><E124/><N who="3" m="47690" /><G114/><T77/><D111/><U81/><E65/><V110/><F117/><W28/><G28/><T78/><D132/><U12/><E123/><V53/><F24/><W1/><G1/><T2/><D71/><U61/><E61/><V116/><F116/><N who="3" m="44587" /><G58/><T103/><D67/><U31/><E97/><V9/><F130/><W107/><G42/><T91/><D78/><U96/><E96/><V86/><F73/><W17/><G107/><T8/><D32/><U34/><E34/><V33/><F33/><W94/><G79/><T75/><D103/><U55/><E31/><V62/><F62/><W105/><G105/><T38/><D49/><U133/><E48/><V101/><F101/><W3/><G3/><T113/><D113/><U85/><E128/><V98/><F98/><N who="3" m="57607" /><G108/><N who="2" m="41577" /><F39/><W63/><G63/><T89/><REACH who="0" step="1"/><D2/><REACH who="0" ten="199,173,209,409" step="2"/><U5/><E60/><V134/><F76/><W106/><G122/><T126/><D126/><U35/><E35/><V41/><F134/><W21/><G106/><T80/><D80/><U56/><E133/><V51/><F41/><W16/><G94/><T74/><D74/><U13/><E72/><V121/><F121/><W43/><G43/><T99/><D99/><U45/><E81/><V30/><F93/><W27/><AGARI ba="0,1" hai="16,17,18,21,27" m="57607,44587,47690" machi="27" ten="30,7900,0" yaku="18,1,52,1,54,2" doraHai="87" who="3" fromWho="3" sc="199,-20,173,-20,209,-39,409,89" /><INIT seed="3,0,0,0,4,89" ten="179,153,170,498" oya="3" hai0="15,115,57,25,84,13,72,32,121,50,9,38,132" hai1="105,62,119,3,53,1,14,124,128,37,90,85,117" hai2="56,103,21,77,7,112,45,17,80,16,43,20,134" hai3="30,34,126,99,127,113,131,74,110,120,116,92,12"/><W118/><G30/><T60/><D72/><U76/><E124/><N who="3" m="47658" /><G34/><T23/><D38/><U87/><E128/><V97/><F112/><W111/><G12/><T94/><D121/><U58/><E105/><V36/><F134/><W63/><G74/><T88/><D132/><U81/><E14/><V2/><F56/><W27/><G27/><T24/><D115/><U95/><REACH who="1" step="1"/><E37/><REACH who="1" ten="179,143,170,498" step="2"/><V86/><F2/><AGARI ba="0,1" hai="1,2,3,53,58,62,76,81,85,87,90,95,117,119" machi="2" ten="40,5200,0" yaku="1,1,2,1,52,1,53,0" doraHai="89" doraHaiUra="68" who="1" fromWho="2" sc="179,0,143,62,170,-52,498,0" /><INIT seed="4,0,0,0,2,24" ten="179,205,118,498" oya="0" hai0="102,76,45,113,75,88,111,63,43,77,90,115,116" hai1="96,67,55,14,4,65,105,83,110,112,34,31,122" hai2="98,50,66,103,133,54,78,19,135,46,101,0,35" hai3="68,44,1,15,16,18,12,80,89,84,87,37,2"/><T61/><D116/><U108/><E122/><V119/><F0/><W121/><G68/><T51/><D111/><U120/><E120/><V11/><F66/><W52/><G121/><T125/><D125/><U56/><E67/><V124/><F124/><W73/><G73/><T57/><D102/><U118/><E65/><V5/><F119/><W85/><G37/><T109/><D109/><U82/><E118/><V107/><F103/><W114/><G2/><T8/><D8/><U127/><E127/><V17/><F35/><W53/><G1/><T70/><D70/><U49/><E112/><N who="0" m="43081" /><D63/><U36/><E36/><V48/><F78/><N who="0" m="30314" /><D75/><U22/><E108/><V106/><F106/><W99/><G114/><T60/><D60/><U33/><E105/><V91/><F91/><W27/><G80/><T132/><D132/><U9/><E83/><V117/><F117/><W72/><G72/><T86/><D86/><U13/><E82/><V41/><F5/><W23/><G99/><T32/><D32/><U25/><E110/><V3/><F3/><W104/><G89/><T7/><D7/><U100/><REACH who="1" step="1"/><E14/><REACH who="1" ten="179,195,118,498" step="2"/><V79/><F79/><W131/><G104/><T129/><D129/><U95/><AGARI ba="0,1" hai="4,9,13,22,25,31,33,34,49,55,56,95,96,100" machi="95" ten="20,8000,1" yaku="1,1,2,1,0,1,7,1,52,1,53,0" doraHai="24" doraHaiUra="71" who="1" fromWho="1" sc="179,-40,195,90,118,-20,498,-20" /><INIT seed="5,0,0,0,4,72" ten="139,285,98,478" oya="1" hai0="94,63,11,12,43,112,13,6,128,47,18,109,132" hai1="17,37,126,121,67,78,23,88,76,48,61,104,117" hai2="35,97,111,92,99,36,66,103,70,120,46,42,85" hai3="124,134,101,122,40,87,98,93,5,54,119,39,60"/><U80/><E121/><V59/><F111/><W108/><G108/><T62/><D109/><U26/><E37/><V65/><F120/><W0/><G122/><T7/><D112/><U107/><E126/><V57/><F35/><W8/><G124/><T83/><D128/><U52/><E117/><V64/><F70/><W4/><G4/><T118/><D132/><U71/><E104/><V20/><F20/><W44/><G134/><T28/><D118/><U32/><E107/><V9/><F9/><W96/><G119/><T29/><D94/><U79/><E32/><V41/><F41/><W110/><G110/><T14/><D14/><U51/><REACH who="1" step="1"/><E52/><REACH who="1" ten="139,275,98,478" step="2"/><V84/><F59/><W10/><G54/><T1/><D43/><U55/><E55/><V25/><F57/><W123/><G123/><T131/><D47/><U33/><E33/><V95/><REACH who="2" step="1"/><F25/><REACH who="2" ten="139,275,88,478" step="2"/><W133/><G133/><T115/><D63/><U3/><E3/><V16/><F16/><W89/><G0/><T2/><D62/><U86/><AGARI ba="0,2" hai="17,23,26,48,51,61,67,71,76,78,79,80,86,88" machi="86" ten="30,18000,2" yaku="1,1,0,1,52,3,54,1,53,1" doraHai="72" doraHaiUra="77" who="1" fromWho="1" sc="139,-60,275,200,88,-60,478,-60" /><INIT seed="5,1,0,5,2,66" ten="79,475,28,418" oya="1" hai0="70,57,104,9,42,19,25,46,54,91,76,18,112" hai1="127,94,67,128,82,50,73,130,71,100,37,119,45" hai2="105,69,26,53,72,131,107,5,7,51,74,23,27" hai3="14,33,44,13,30,20,123,108,117,38,12,56,106"/><U126/><E119/><V99/><F131/><N who="1" m="50217" /><E37/><V134/><F134/><W58/><G106/><T77/><D104/><U109/><E109/><V10/><F69/><W135/><G33/><T41/><D70/><U4/><E4/><V2/><F7/><W11/><G108/><T16/><D25/><U81/><E73/><V85/><F85/><W6/><G123/><T59/><D9/><U89/><E100/><V47/><F27/><W83/><G135/><T90/><D112/><U22/><E22/><V39/><F39/><W110/><G110/><T15/><D15/><N who="3" m="5705" /><G38/><T118/><D46/><U113/><E113/><V62/><F62/><W87/><G44/><T31/><D31/><U17/><E17/><V61/><F61/><W3/><G3/><T114/><D114/><U111/><E111/><V40/><F40/><W122/><G122/><T116/><D19/><U102/><E102/><V98/><F107/><W92/><G117/><T43/><D43/><N who="1" m="24895" /><E67/><V79/><F105/><W28/><G28/><T68/><D54/><U24/><E24/><V49/><F74/><W86/><G20/><T8/><D8/><U60/><E60/><V34/><F34/><W96/><G30/><T125/><D42/><U35/><E35/><V132/><F132/><W120/><G120/><T101/><D41/><U88/><E71/><V129/><F129/><W103/><G83/><N who="1" m="31754" /><E94/><V75/><F75/><W95/><G95/><T84/><D68/><U78/><E78/><V52/><F79/><N who="0" m="30282" /><D118/><U32/><E32/><V1/><F72/><W124/><G6/><T36/><D116/><U21/><E21/><RYUUKYOKU ba="1,0" sc="79,-10,475,30,28,-10,418,-10" hai1="88,89,126,127" /><INIT seed="5,2,0,0,0,63" ten="69,505,18,408" oya="1" hai0="59,121,130,2,70,5,104,78,82,108,1,45,16" hai1="57,96,62,36,51,100,105,47,72,113,22,86,24" hai2="28,126,127,89,35,116,66,3,90,18,109,85,39" hai3="95,91,30,38,49,123,31,115,13,37,111,119,75"/><U64/><E36/><V114/><F109/><W44/><G75/><T80/><D70/><U8/><E113/><V134/><F116/><W29/><G111/><T53/><D80/><U56/><E72/><V17/><F39/><W102/><G102/><T99/><D5/><U124/><E86/><V34/><F3/><W73/><G73/><T14/><D45/><U19/><E8/><V94/><F134/><W7/><G123/><T87/><D130/><U55/><REACH who="1" step="1"/><E124/><REACH who="1" ten="69,495,18,408" step="2"/><N who="2" m="47659" /><F114/><W112/><G115/><T61/><D108/><U60/><E60/><V97/><F66/><W77/><G112/><T52/><D87/><U32/><E32/><N who="2" m="12331" /><F28/><W125/><G38/><T40/><D61/><U81/><E81/><AGARI ba="2,1" hai="17,18,81,85,89,90,94,97" m="12331,47659" machi="81" ten="30,1000,0" yaku="18,1" doraHai="63" who="2" fromWho="1" sc="69,0,495,-16,18,26,408,0" /><INIT seed="6,0,0,0,1,114" ten="69,479,44,408" oya="2" hai0="9,25,122,42,126,110,58,20,119,93,1,29,60" hai1="48,43,30,91,11,52,100,88,134,103,86,70,4" hai2="74,40,94,18,76,67,75,133,6,92,10,98,19" hai3="104,5,89,95,69,65,33,97,129,13,39,8,111"/><V81/><F75/><W53/><G111/><T117/><D110/><U85/><E70/><V0/><F133/><W17/><G39/><T41/><D122/><U21/><E43/><V36/><F67/><W80/><G33/><T61/><D126/><U32/><E32/><V113/><F113/><W66/><G69/><T50/><D93/><N who="1" m="54423" /><E134/><V120/><F120/><W105/><G105/><T123/><D123/><U12/><E21/><V132/><F132/><W124/><G124/><T115/><D115/><U101/><E30/><V118/><F118/><N who="0" m="45066" /><D50/><U38/><E38/><V26/><F26/><W14/><G104/><T77/><D77/><U63/><E63/><N who="0" m="24137" /><D58/><N who="1" m="33031" /><E103/><V34/><F34/><W55/><G80/><AGARI ba="0,0" hai="4,11,12,80,85,91,100,101" m="33031,54423" machi="80" ten="30,3900,0" yaku="8,1,54,2" doraHai="114" who="1" fromWho="3" sc="69,0,479,39,44,0,408,-39" /><INIT seed="7,0,0,2,4,96" ten="69,518,44,369" oya="3" hai0="119,57,54,65,13,21,116,35,62,87,82,68,16" hai1="64,1,22,58,25,93,101,6,104,47,103,73,128" hai2="76,36,24,91,132,100,2,46,5,23,11,86,45" hai3="28,118,124,72,33,114,131,61,40,8,15,97,44"/><W26/><G118/><T0/><D0/><U69/><E104/><V4/><F132/><W9/><G114/><T20/><D20/><U115/><E69/><V18/><F5/><W127/><G72/><T78/><D35/><U49/><E128/><V129/><F129/><W74/><G74/><T7/><D7/><U84/><E73/><V111/><F111/><W120/><G120/><T92/><D92/><U110/><E101/><V27/><F76/><W19/><G131/><T50/><AGARI ba="0,0" hai="13,16,21,50,54,57,62,65,68,78,82,87,116,119" machi="50" ten="20,2700,0" yaku="0,1,7,1,54,1" doraHai="96" who="0" fromWho="0" sc="69,27,518,-7,44,-7,369,-13" owari="96,-30.0,511,60.0,37,-46.0,356,16.0" /></mjloggm>