<mjloggm ver="2.3"><GO type="225" lobby="0"/><UN n0="%EF%BC%8A%E3%81%A9%E3%82%89%E3%81%BF%EF%BC%8A" n1="%E3%83%88%E3%83%88%E3%83%AA%E5%85%88%E7%94%9F%31%39%E6%AD%B3" n2="%E9%88%B4%E4%BE%8D" n3="%E5%A4%A9%E5%B0%8A%E4%BD%8D" dan="17,17,17,16" rate="2216.84,2123.83,2197.26,2086.26" sx="M,F,M,F"/><TAIKYOKU oya="0"/><INIT seed="0,0,0,0,0,6" ten="250,250,250,250" oya="0" hai0="62,123,71,11,131,3,122,44,51,33,17,82,113" hai1="21,18,70,121,8,55,64,46,2,120,65,135,36" hai2="0,19,30,67,100,12,80,125,69,111,81,58,77" hai3="53,31,101,43,91,45,74,27,97,42,48,90,75"/><T16/><D113/><U84/><E135/><V54/><F111/><W79/><G43/><T50/><D33/><U41/><E55/><V52/><F100/><W133/><G133/><T37/><D37/><U76/><E84/><V24/><F0/><W129/><G129/><T107/><D107/><U47/><E47/><V20/><F125/><W15/><G75/><T112/><D112/><U118/><E118/><V117/><F117/><W87/><G74/><T104/><D104/><U68/><E76/><V95/><F95/><W110/><G110/><T103/><D103/><U57/><E57/><V106/><F106/><W114/><G79/><T59/><D71/><U38/><E38/><V10/><F69/><W85/><G85/><T60/><D82/><N who="2" m="31850" /><F77/><W25/><G87/><T56/><D44/><U13/><E68/><V61/><AGARI ba="0,0" hai="10,12,19,20,24,30,52,54,58,61,67" m="31850" machi="61" ten="30,4000,0" yaku="8,1,52,1,54,1" doraHai="6" who="2" fromWho="2" sc="250,-20,250,-10,250,40,250,-10" /><INIT seed="1,0,0,0,2,64" ten="230,240,290,240" oya="1" hai0="84,113,57,32,21,68,69,40,50,98,124,56,20" hai1="97,122,77,106,12,99,51,59,41,1,79,81,58" hai2="66,52,46,22,108,109,71,0,43,121,130,5,37" hai3="86,117,95,33,102,23,100,129,133,13,89,132,94"/><U76/><E1/><V49/><F121/><W85/><G33/><T36/><D32/><U115/><E122/><V55/><F0/><W25/><G13/><T120/><D120/><U2/><E2/><V26/><F5/><W62/><G62/><T107/><D113/><U126/><E115/><V8/><F8/><W123/><G123/><T4/><D4/><U61/><E126/><V35/><F35/><W119/><G23/><T53/><D124/><U6/><E106/><V16/><F130/><W93/><G25/><T96/><D84/><N who="3" m="32361" /><G89/><T83/><D83/><U65/><E81/><V42/><F55/><W10/><G10/><T3/><D3/><U105/><E105/><V17/><F17/><W88/><G88/><T114/><D114/><U48/><E41/><V67/><F42/><W31/><G31/><T110/><D40/><U134/><E6/><V104/><F104/><W75/><G75/><T90/><D90/><U87/><E12/><V14/><F14/><W72/><G72/><T15/><D15/><U11/><E11/><V38/><F38/><W18/><G18/><T116/><D36/><U19/><E87/><V47/><F67/><W45/><G45/><T80/><D80/><U39/><E19/><V135/><F135/><N who="3" m="51787" /><G129/><T60/><D20/><U92/><E39/><V9/><F9/><W131/><G131/><T82/><D21/><U27/><E134/><V127/><F127/><W28/><G28/><T29/><D29/><U103/><E27/><V30/><F30/><W128/><G128/><T118/><D82/><U101/><E59/><V44/><F47/><RYUUKYOKU ba="0,0" sc="230,-30,240,10,290,10,240,10" hai1="48,51,58,61,65,76,77,79,92,97,99,101,103" hai2="16,22,26,37,43,44,46,49,52,66,71,108,109" hai3="93,94,95,100,102,117,119" /><INIT seed="1,1,0,1,1,63" ten="200,250,300,250" oya="1" hai0="128,131,89,58,90,75,13,52,66,1,126,84,48" hai1="20,94,72,76,130,6,124,2,86,96,7,133,45" hai2="21,23,115,38,49,125,95,10,50,93,83,113,107" hai3="92,25,12,24,8,40,81,53,57,68,54,79,34"/><U122/><E122/><V134/><F83/><W15/><G68/><T87/><D1/><U4/><E72/><V47/><F10/><W30/><G40/><T99/><D75/><U59/><E130/><N who="0" m="49705" /><D126/><U74/><E74/><V35/><F35/><W100/><G25/><T108/><D108/><U60/><E133/><V11/><F11/><W121/><G121/><T106/><D13/><U85/><E124/><V18/><F18/><W77/><G15/><T123/><D123/><U103/><E2/><V9/><F9/><W42/><G42/><T46/><D106/><U36/><E76/><V101/><F47/><W105/><G105/><T26/><D26/><U120/><E120/><V29/><F125/><W110/><G110/><T33/><D33/><U111/><E111/><V129/><F129/><W0/><G0/><T69/><D69/><U102/><E45/><V19/><F107/><W51/><G81/><N who="0" m="49295" /><D99/><U44/><E44/><V28/><F134/><W32/><G32/><T17/><D17/><U118/><E36/><V73/><F19/><W70/><G70/><T127/><D127/><U132/><E132/><V98/><F73/><W61/><G12/><T78/><D78/><U31/><E118/><V64/><F38/><W135/><G8/><T27/><D27/><N who="1" m="16871" /><E96/><V5/><F98/><N who="3" m="59463" /><G135/><T37/><D37/><U55/><E94/><V67/><F5/><N who="1" m="1281" /><U56/><DORA hai="41" /><E56/><V22/><F22/><W82/><G82/><N who="0" m="49527" /><D46/><U112/><E112/><V14/><F14/><W91/><G91/><T114/><D114/><U109/><E109/><V104/><F104/><W80/><G80/><RYUUKYOKU ba="1,0" sc="200,0,250,0,300,0,250,0" hai0="48,52,58,66" hai1="55,59,60,85,86,102,103" hai2="21,23,28,29,49,50,64,67,93,95,101,113,115" hai3="24,30,34,51,53,54,57,61,77,79" /><INIT seed="1,2,0,0,5,69" ten="200,250,300,250" oya="1" hai0="75,95,126,122,90,30,26,13,54,9,46,7,25" hai1="22,92,10,2,18,84,76,16,4,31,99,60,113" hai2="28,63,81,87,109,118,29,82,5,34,71,35,6" hai3="119,20,62,21,89,59,40,1,73,56,66,19,115"/><U27/><E113/><V38/><F118/><W50/><G1/><T55/><D75/><U48/><E48/><V112/><F71/><W94/><G73/><T39/><D126/><U88/><E76/><V41/><F63/><W15/><G115/><T110/><D110/><U132/><E132/><V49/><F49/><W72/><G72/><T83/><D122/><U52/><E52/><V61/><F61/><W70/><G119/><T133/><D133/><U43/><E43/><V11/><F11/><W24/><G50/><T58/><D83/><U79/><E79/><V98/><F87/><W44/><G44/><T120/><D120/><U12/><E60/><V106/><F41/><W0/><G0/><T65/><D65/><U53/><E53/><V101/><F109/><W78/><G40/><T8/><D58/><U74/><E74/><V128/><F128/><W135/><G78/><T105/><D105/><U111/><E111/><V131/><F106/><W37/><G135/><T107/><D107/><U33/><E18/><V85/><F131/><W123/><G123/><T96/><D9/><U86/><AGARI ba="2,0" hai="2,4,10,12,16,22,27,31,33,84,86,88,92,99" machi="86" ten="30,12000,1" yaku="0,1,24,2,54,2" doraHai="69" who="1" fromWho="1" sc="200,-42,250,126,300,-42,250,-42" /><INIT seed="1,3,0,4,0,9" ten="158,376,258,208" oya="1" hai0="92,45,43,115,13,75,5,19,129,23,18,122,82" hai1="56,70,7,64,108,84,106,103,135,28,3,21,125" hai2="11,72,24,110,50,61,51,74,66,32,95,30,107" hai3="35,86,73,52,117,99,119,34,127,98,120,112,81"/><U16/><E70/><V20/><F107/><W132/><G112/><T121/><D115/><U33/><E135/><V46/><F110/><W131/><G120/><N who="0" m="46187" /><D129/><U113/><E113/><V26/><F11/><W49/><G73/><T63/><D63/><U38/><E38/><V93/><F72/><W101/><G132/><T44/><D5/><U36/><E36/><V133/><F74/><W88/><G131/><T102/><D43/><U126/><E108/><V39/><F39/><W1/><G1/><T2/><D2/><U83/><E7/><V42/><F51/><W69/><G69/><T124/><D124/><N who="1" m="47723" /><E3/><V104/><F104/><N who="3" m="63543" /><G99/><N who="0" m="59751" /><D19/><U40/><E40/><V67/><F133/><W68/><G68/><T91/><D91/><N who="1" m="51615" /><E103/><V54/><F42/><W97/><G127/><T48/><D48/><U94/><E94/><V87/><F95/><W62/><G62/><T22/><D82/><U59/><E64/><V17/><F61/><W55/><G55/><T53/><D75/><U27/><E106/><V4/><F4/><W71/><G71/><T76/><D76/><U79/><E79/><V65/><F93/><W14/><G81/><T6/><D6/><U47/><E47/><N who="0" m="17993" /><D53/><U130/><E130/><V78/><F78/><W85/><G52/><T31/><D31/><U134/><E134/><V0/><F0/><W29/><G29/><T8/><AGARI ba="3,0" hai="8,13,18,22,23" m="17993,59751,46187" machi="8" ten="30,2000,0" yaku="13,1,52,1" doraHai="9" who="0" fromWho="0" sc="158,29,376,-13,258,-8,208,-8" /><INIT seed="2,0,0,4,0,57" ten="187,363,250,200" oya="2" hai0="4,113,130,50,91,63,45,75,94,88,69,82,7" hai1="117,96,101,38,97,77,25,111,64,112,100,48,80" hai2="37,6,47,121,92,129,109,20,14,26,108,55,126" hai3="79,102,76,53,120,23,1,18,21,134,35,33,81"/><V58/><F121/><W110/><G120/><T19/><D113/><U43/><E38/><V42/><F129/><W44/><G1/><T31/><D130/><U8/><E117/><V10/><F126/><W59/><G110/><T118/><D118/><U28/><E112/><V104/><F104/><W60/><G134/><T74/><D31/><U131/><E131/><V119/><F119/><W67/><G102/><T132/><D132/><U41/><E111/><N who="2" m="42571" /><F92/><W78/><G81/><T65/><D19/><U85/><E64/><V133/><F133/><W98/><G98/><T66/><D66/><U123/><E123/><V128/><F128/><W9/><G35/><T62/><D62/><U34/><E48/><V99/><F99/><W24/><G33/><T3/><D3/><U15/><E97/><V73/><F73/><W46/><G9/><T124/><D124/><U0/><E0/><V12/><F12/><N who="3" m="9415" /><G67/><T103/><D103/><U27/><E27/><V90/><F90/><W105/><G105/><T40/><D74/><U95/><E100/><V36/><F36/><W83/><G83/><T51/><D51/><U54/><E54/><V106/><F106/><W56/><G56/><T89/><REACH who="0" step="1"/><D94/><REACH who="0" ten="177,363,250,200" step="2"/><U116/><E116/><V86/><F37/><W135/><G135/><T68/><D68/><U122/><E122/><V125/><F125/><W29/><AGARI ba="0,1" hai="23,24,29,44,46,53,59,60,76,78,79" m="9415" machi="29" ten="30,2000,0" yaku="8,1,52,1" doraHai="57" who="3" fromWho="3" sc="177,-5,363,-5,250,-10,200,30" /><INIT seed="3,0,0,1,4,52" ten="172,358,240,230" oya="3" hai0="94,59,16,20,26,75,18,51,65,64,79,38,60" hai1="112,0,104,102,6,111,120,17,35,86,27,11,7" hai2="128,76,41,14,96,66,93,78,90,50,68,72,82" hai3="122,95,129,62,126,71,36,98,48,5,119,24,73"/><W88/><G122/><T57/><D38/><U34/><E120/><V39/><F39/><W107/><G36/><T22/><D75/><U115/><E86/><V28/><F128/><W9/><G119/><T135/><D135/><U134/><E102/><V127/><F127/><W12/><G73/><T92/><D79/><U103/><E103/><V87/><F28/><W23/><G126/><T10/><D10/><N who="1" m="2375" /><E104/><V130/><F130/><W37/><G37/><T42/><D42/><U125/><E125/><V114/><F114/><N who="1" m="43561" /><E111/><V40/><F76/><W30/><G129/><T108/><D108/><U80/><E80/><V47/><F40/><W25/><G107/><T91/><D91/><U97/><E97/><V123/><F123/><W105/><G105/><T124/><D124/><U84/><E84/><V131/><F131/><W70/><G48/><T45/><D45/><U132/><E17/><V19/><F66/><W13/><G62/><N who="0" m="37967" /><D51/><U81/><E81/><V110/><F68/><W33/><REACH who="3" step="1"/><G13/><AGARI ba="0,0" hai="13,16,18,20,22,26,59,60,65,92,94" m="37967" machi="13" ten="30,7700,0" yaku="8,1,52,2,54,1" doraHai="52" who="0" fromWho="3" sc="172,77,358,0,240,0,230,-77" owari="249,5.0,358,46.0,240,-16.0,153,-35.0" /></mjloggm>