<mjloggm ver="2.3"><GO type="97" lobby="0"/><UN n0="%E5%B0%B1%E6%B4%BB%E7%94%9F%40%E5%B7%9D%E6%9D%91%E8%BB%8D%E5%9B%A3" n1="%EF%BC%97%EF%BC%94%EF%BC%92" n2="%76%69%65%6E%74%6F" n3="%E3%82%A2%E3%82%AF%E3%82%B9%E3%82%B1" dan="15,15,13,14" rate="2055.42,1952.52,1802.59,1931.07" sx="M,M,M,M"/><TAIKYOKU oya="0"/><INIT seed="0,0,0,2,1,28" ten="250,250,250,250" oya="0" hai0="102,60,122,88,32,74,26,100,55,2,82,107,90" hai1="79,115,86,58,112,57,30,96,94,101,3,53,68" hai2="114,44,5,119,120,14,1,123,76,59,113,41,108" hai3="77,95,67,78,56,40,92,116,22,47,127,81,7"/><T45/><D2/><U50/><E68/><V64/><F1/><W23/><G116/><T84/><D122/><U21/><E3/><V99/><F76/><W104/><G104/><T37/><D74/><U131/><E131/><V16/><F5/><W6/><G127/><T105/><D37/><U128/><E128/><V33/><F33/><W110/><G110/><T24/><D45/><U106/><E106/><V15/><F108/><W39/><G78/><T42/><D42/><U80/><E115/><V73/><F73/><W49/><G7/><T121/><D121/><U85/><E112/><V8/><F119/><W11/><G23/><T52/><D60/><U109/><E109/><V63/><F120/><W35/><G22/><T126/><D126/><U129/><E129/><V62/><F123/><W66/><G35/><T91/><D32/><U93/><E93/><N who="3" m="35914" /><G49/><T130/><D130/><U89/><E85/><V34/><F99/><W134/><G56/><T20/><D24/><N who="1" m="16655" /><E58/><V75/><F75/><N who="3" m="43199" /><G134/><T135/><D135/><U124/><E124/><V97/><F34/><W51/><G51/><T48/><D107/><U4/><E4/><V13/><F64/><W36/><G36/><T132/><D132/><U17/><E17/><V98/><F59/><W118/><G118/><T72/><D72/><U54/><E54/><N who="0" m="20521" /><D48/><U43/><E43/><V9/><F113/><W103/><G103/><AGARI ba="0,0" hai="50,53,57,79,80,86,89,94,96,101,103" m="16655" machi="103" ten="30,1000,0" yaku="8,1" doraHai="28" who="1" fromWho="3" sc="250,0,250,10,250,0,250,-10" /><INIT seed="1,0,0,4,3,5" ten="250,260,250,240" oya="1" hai0="14,69,96,4,25,61,89,128,24,71,72,27,76" hai1="83,50,45,44,101,46,107,86,84,53,129,6,62" hai2="92,23,66,39,11,127,51,40,113,2,79,35,75" hai3="59,123,119,49,31,70,117,15,3,124,22,87,133"/><U93/><E107/><V8/><F127/><W98/><G3/><T115/><D115/><U10/><E129/><V0/><F35/><W132/><G123/><T21/><D128/><U121/><E121/><V94/><F113/><W88/><G70/><T111/><D111/><U41/><E62/><V19/><F39/><W42/><G98/><T135/><D135/><N who="3" m="51785" /><G124/><T73/><D76/><U91/><E41/><V60/><F75/><W100/><G100/><T102/><D89/><U64/><E64/><V63/><F79/><W82/><G15/><T112/><D112/><U130/><E130/><V78/><F78/><W125/><G125/><T56/><D71/><U26/><E26/><N who="2" m="14719" /><F2/><W48/><G59/><T134/><D69/><U65/><E65/><V54/><F40/><W104/><G104/><T120/><D120/><U85/><E101/><V116/><F0/><W1/><G1/><T32/><D32/><U47/><REACH who="1" step="1"/><E83/><REACH who="1" ten="250,250,250,240" step="2"/><V17/><F63/><W28/><G42/><T67/><D134/><U68/><E68/><V38/><F60/><W106/><G106/><T105/><D25/><U103/><E103/><V122/><F66/><W7/><G31/><T58/><D24/><U55/><E55/><V16/><F122/><W95/><G28/><T43/><D43/><U33/><E33/><V57/><F38/><W30/><G30/><T37/><D37/><U126/><E126/><V81/><F81/><W131/><G82/><T114/><D114/><U18/><E18/><N who="2" m="7275" /><F116/><W110/><G131/><T52/><D27/><U90/><E90/><V97/><F94/><W118/><G118/><RYUUKYOKU ba="0,1" sc="250,-15,250,15,250,15,240,-15" hai1="6,10,44,45,46,47,50,53,84,85,86,91,93" hai2="8,11,51,54,57,92,97" /><INIT seed="1,1,1,2,5,79" ten="235,265,265,225" oya="1" hai0="8,90,29,28,117,123,91,53,51,16,9,26,40" hai1="102,4,89,77,127,11,93,132,7,69,122,25,47" hai2="92,54,0,5,10,126,82,68,34,6,74,87,133" hai3="121,44,57,109,129,98,111,81,106,41,108,30,134"/><U19/><E122/><V23/><F133/><W20/><G121/><T76/><D117/><U31/><E69/><V39/><F126/><W84/><G134/><T97/><D40/><U21/><E132/><V14/><F74/><W119/><G119/><T105/><D76/><U62/><E127/><V37/><F34/><W128/><G57/><N who="0" m="32959" /><D105/><U118/><E118/><V61/><F92/><W96/><G30/><N who="0" m="11883" /><D123/><U114/><E114/><V72/><F72/><W88/><G20/><N who="0" m="13575" /><D97/><N who="3" m="37481" /><G106/><T124/><D124/><U116/><E116/><V45/><F37/><AGARI ba="1,1" hai="37,41,44,81,84,88,108,109,111,128,129" m="37481" machi="37" ten="40,5200,0" yaku="14,1,52,1,54,1" doraHai="79" who="3" fromWho="2" sc="235,0,265,0,265,-55,225,65" /><INIT seed="2,0,0,4,3,81" ten="235,265,210,290" oya="2" hai0="62,101,111,5,1,39,19,2,18,83,82,115,14" hai1="84,11,70,45,122,7,44,55,13,64,86,117,30" hai2="73,131,90,87,121,65,66,92,28,100,91,107,0" hai3="79,133,97,80,52,9,127,56,22,16,108,17,112"/><V68/><F121/><W35/><G108/><T96/><D39/><U102/><E117/><V95/><F131/><W60/><G35/><T49/><D115/><U75/><E75/><V69/><F73/><W31/><G133/><T42/><D111/><U27/><E122/><V47/><F0/><W103/><G112/><T85/><D83/><U99/><E70/><V53/><F68/><W77/><G127/><T8/><D62/><U24/><E64/><N who="2" m="24683" /><F69/><W50/><G9/><T118/><D118/><U25/><E30/><V123/><F107/><W32/><G32/><T128/><D128/><U38/><E38/><V20/><F100/><W98/><G31/><T46/><D2/><U125/><E125/><V76/><F123/><W132/><G132/><T51/><D51/><N who="1" m="29159" /><E45/><V106/><F106/><W114/><G114/><T34/><D34/><U110/><E110/><V78/><F28/><W57/><G103/><T89/><REACH who="0" step="1"/><D14/><REACH who="0" ten="225,265,210,290" step="2"/><U67/><E67/><V126/><F126/><W40/><G80/><T37/><D37/><U74/><E74/><V59/><F20/><W72/><G22/><T33/><D33/><U15/><E15/><V61/><F47/><W63/><G72/><T116/><D116/><U88/><E102/><V29/><F29/><W54/><G40/><T130/><D130/><U109/><E109/><V124/><F124/><W41/><G41/><T6/><D6/><U134/><E134/><V105/><F105/><AGARI ba="0,1" hai="1,5,8,18,19,42,46,49,82,85,89,96,101,105" machi="105" ten="30,3900,0" yaku="1,1,7,1,52,1,53,0" doraHai="81" doraHaiUra="71" who="0" fromWho="2" sc="225,49,265,0,210,-39,290,0" /><INIT seed="3,0,0,5,0,124" ten="274,265,171,290" oya="3" hai0="60,84,108,26,76,14,97,47,117,61,28,45,123" hai1="126,82,15,98,128,65,111,134,32,50,100,81,130" hai2="106,107,12,52,0,120,1,87,70,36,135,42,3" hai3="112,59,90,96,72,79,39,75,11,71,21,127,37"/><W56/><G112/><T2/><D2/><U78/><E126/><V58/><F70/><W33/><G33/><T93/><D108/><U83/><E111/><V69/><F69/><W53/><G71/><T77/><D117/><U86/><E32/><V95/><F135/><W6/><G127/><T25/><D123/><U99/><E134/><V16/><F120/><W5/><G21/><N who="0" m="15407" /><D26/><U27/><E65/><V66/><F66/><W38/><G96/><N who="1" m="36906" /><E100/><V132/><F132/><W20/><G90/><N who="0" m="55479" /><D14/><U62/><E62/><N who="0" m="24169" /><D84/><U118/><E27/><V129/><F129/><N who="1" m="49769" /><E118/><V55/><F55/><W4/><G53/><T40/><D40/><U119/><E119/><V88/><F106/><W125/><G125/><T54/><D54/><U122/><E122/><V30/><F107/><W41/><G41/><T18/><D18/><U51/><E15/><V73/><F73/><W109/><G75/><T91/><D91/><U113/><E113/><V34/><F34/><W46/><G72/><T10/><D10/><U121/><E121/><V92/><F42/><W44/><G11/><T49/><D49/><AGARI ba="0,0" hai="49,50,51,78,81,82,83,86" m="49769,36906" machi="49" ten="30,7700,0" yaku="19,1,52,3" doraHai="124" who="1" fromWho="0" sc="274,-77,265,77,171,0,290,0" owari="197,-20.0,342,44.0,171,-33.0,290,9.0" /></mjloggm>