<mjloggm ver="2.3"><GO type="97" lobby="0"/><UN n0="%E5%B0%B1%E6%B4%BB%E7%94%9F%40%E5%B7%9D%E6%9D%91%E8%BB%8D%E5%9B%A3" n1="%E3%81%8A%E3%82%80%E6%9A%97%E5%88%BB" n2="%E3%82%B3%E3%83%9F" n3="%74%61%72%69" dan="14,13,15,15" rate="1930.67,1904.20,1950.88,2110.32" sx="M,F,M,M"/><TAIKYOKU oya="0"/><INIT seed="0,0,0,1,1,64" ten="250,250,250,250" oya="0" hai0="131,57,1,124,121,14,132,58,95,119,9,50,48" hai1="59,78,7,10,84,21,89,56,97,17,109,46,6" hai2="113,110,66,114,38,52,79,100,77,20,11,0,123" hai3="80,92,98,72,16,15,47,130,43,120,39,112,115"/><T93/><BYE who="1" /><D121/><U62/><E62/><V25/><F123/><W49/><G120/><T127/><D1/><U30/><E30/><V18/><F38/><W129/><G130/><T60/><D119/><U44/><E44/><V19/><F110/><UN n1="%E3%81%8A%E3%82%80%E6%9A%97%E5%88%BB" /><W85/><G129/><T135/><D131/><U133/><E109/><V91/><F100/><W63/><G72/><T42/><D42/><U29/><E29/><V111/><F111/><W37/><G63/><T70/><D50/><U118/><E118/><V117/><F117/><W23/><G112/><T40/><D40/><U125/><E6/><V26/><F66/><W108/><G108/><T68/><D48/><U107/><E46/><V99/><F0/><W65/><G65/><N who="0" m="39055" /><D58/><U3/><E78/><V116/><F116/><W96/><G115/><T87/><D87/><U126/><E97/><V102/><F91/><W5/><G5/><N who="0" m="3375" /><D95/><U94/><E107/><V34/><F34/><W61/><G61/><T86/><D93/><U32/><E32/><V33/><F33/><W24/><G24/><T35/><D86/><U51/><E59/><V90/><F114/><W82/><G98/><T45/><D45/><U2/><E2/><V74/><F113/><W128/><G128/><T101/><D101/><U75/><E75/><V76/><F74/><W83/><REACH who="3" step="1"/><G85/><REACH who="3" ten="250,250,250,240" step="2"/><T73/><D73/><U104/><E104/><V12/><F99/><W55/><G55/><T22/><D35/><U28/><E7/><V88/><F26/><W31/><G31/><T69/><D22/><U54/><E21/><V71/><F20/><W36/><G36/><RYUUKYOKU ba="0,1" sc="250,15,250,-15,250,-15,240,15" hai0="68,69,70,124,127,132,135" hai3="15,16,23,37,39,43,47,49,80,82,83,92,96" /><INIT seed="0,1,1,4,0,127" ten="265,235,235,255" oya="0" hai0="24,2,81,37,117,44,75,64,20,112,74,41,95" hai1="45,7,47,80,93,88,14,21,109,46,68,130,106" hai2="97,98,36,123,23,35,70,56,18,19,83,102,66" hai3="54,72,90,51,92,28,38,32,17,29,8,108,43"/><T111/><D117/><U39/><E106/><V40/><F123/><W120/><G72/><T15/><D112/><U71/><E39/><V100/><F70/><W115/><G115/><T11/><D2/><U85/><E109/><V30/><F83/><W110/><G120/><T55/><D111/><N who="3" m="42537" /><G32/><T126/><D64/><U132/><E132/><V57/><F35/><W76/><G76/><T84/><D126/><U116/><E116/><V6/><F6/><W77/><G77/><T67/><D67/><U52/><E7/><V104/><F36/><W82/><G82/><T42/><D95/><U48/><E80/><V49/><F30/><W118/><G118/><T134/><D42/><U103/><E103/><V119/><F119/><W9/><G43/><T129/><D55/><U124/><E124/><V61/><F23/><W0/><G38/><T53/><D53/><U50/><E50/><V131/><F131/><W34/><G0/><T4/><D134/><U78/><E130/><V107/><REACH who="2" step="1"/><F56/><REACH who="2" ten="265,235,225,255" step="2"/><N who="3" m="32863" /><G29/><T33/><D129/><U128/><E128/><V99/><F99/><N who="3" m="57751" /><G17/><T26/><D33/><U22/><E78/><V114/><F114/><W135/><G135/><T13/><D75/><U59/><E22/><V94/><F94/><W122/><G122/><T12/><D74/><U101/><E101/><V96/><F96/><W105/><G105/><T86/><D86/><U5/><E5/><V10/><F10/><N who="3" m="4203" /><G34/><T79/><REACH who="0" step="1"/><D24/><REACH who="0" ten="255,235,225,255" step="2"/><U73/><E73/><V58/><F58/><W63/><G28/><AGARI ba="1,3" hai="4,11,12,13,15,20,26,28,37,41,44,79,81,84" machi="28" ten="30,11600,0" yaku="1,1,2,1,7,1,53,1" doraHai="127" doraHaiUra="3" who="0" fromWho="3" sc="255,149,235,0,225,0,255,-119" /><INIT seed="0,2,0,3,4,115" ten="404,235,225,136" oya="0" hai0="105,89,70,111,64,24,2,133,125,58,95,81,20" hai1="109,35,30,32,121,62,26,103,92,100,80,11,91" hai2="94,93,134,66,83,6,63,78,21,42,102,86,124" hai3="65,48,15,56,123,17,72,128,76,60,130,97,49"/><T119/><D105/><U33/><E121/><V10/><F134/><W44/><G123/><T77/><D2/><U112/><E112/><V74/><F124/><W116/><G97/><T38/><D125/><U131/><E131/><V47/><F21/><W36/><G36/><T12/><D38/><U82/><E11/><V18/><F18/><W114/><G114/><T71/><D133/><U59/><E109/><V9/><F102/><W28/><G28/><T55/><D111/><U117/><E103/><V25/><F25/><W75/><G49/><T85/><D64/><U106/><E106/><V110/><F110/><W1/><G1/><T104/><D104/><U50/><E50/><V51/><F74/><W67/><G67/><T27/><D12/><U16/><E117/><V4/><F4/><W37/><G37/><T8/><D8/><U46/><E46/><V90/><F90/><W53/><G116/><T107/><D107/><U57/><E57/><N who="2" m="37231" /><F9/><W39/><G39/><T132/><D132/><U40/><E100/><V3/><F3/><W0/><G0/><T98/><D27/><U101/><E101/><V108/><F108/><W45/><G45/><T43/><D43/><U22/><E40/><V41/><F41/><W126/><G126/><T135/><D135/><U34/><E30/><V87/><F87/><W99/><G99/><T113/><D113/><U79/><E79/><V13/><AGARI ba="2,0" hai="6,10,13,42,47,51,78,83,86,93,94" m="37231" machi="13" ten="30,2000,0" yaku="25,1,8,1" doraHai="115" who="2" fromWho="2" sc="404,-12,235,-7,225,26,136,-7" /><INIT seed="1,0,0,1,0,109" ten="392,228,251,129" oya="1" hai0="61,77,87,90,79,23,35,104,125,83,121,69,99" hai1="117,89,88,45,133,127,84,31,57,108,39,93,116" hai2="36,56,101,66,112,97,85,12,65,118,20,34,76" hai3="4,25,22,81,130,51,48,122,7,132,11,113,30"/><U60/><E31/><V10/><F118/><W9/><G122/><T73/><D35/><U129/><E108/><V71/><F34/><W92/><G130/><T62/><D121/><U2/><E2/><V120/><F120/><W131/><G131/><T115/><D115/><U17/><E129/><V3/><F112/><W119/><G119/><T41/><D41/><U1/><E1/><V8/><F36/><W32/><G132/><T102/><D125/><U58/><E58/><V15/><F71/><W13/><G81/><T95/><D69/><U21/><E127/><V63/><F65/><W28/><G113/><T98/><D98/><U40/><E133/><V74/><F74/><W103/><G32/><T68/><D68/><U29/><E29/><V26/><F3/><W0/><G30/><T78/><D23/><U111/><E111/><V105/><F8/><W64/><G64/><T24/><D24/><U52/><REACH who="1" step="1"/><E89/><REACH who="1" ten="392,218,251,129" step="2"/><V100/><F56/><W70/><G70/><T110/><D110/><U43/><E43/><V16/><F101/><W128/><G128/><T135/><D135/><U44/><E44/><V55/><F100/><W67/><G67/><T37/><D37/><U134/><E134/><V27/><F27/><AGARI ba="0,1" hai="17,21,27,39,40,45,52,57,60,84,88,93,116,117" machi="27" ten="30,11600,0" yaku="1,1,7,1,54,2,53,0" doraHai="109" doraHaiUra="107" who="1" fromWho="2" sc="392,0,218,126,251,-116,129,0" /><INIT seed="1,1,0,4,5,103" ten="392,344,135,129" oya="1" hai0="18,79,16,90,36,99,53,34,15,33,26,132,1" hai1="67,134,115,128,113,50,91,37,45,8,87,119,41" hai2="17,32,56,129,124,131,108,49,112,116,109,9,57" hai3="19,44,24,6,71,92,66,51,59,69,64,23,4"/><U22/><E119/><V123/><F32/><W101/><G69/><T61/><D36/><U126/><E67/><N who="3" m="25642" /><G71/><T75/><D1/><U127/><E134/><V81/><F116/><W84/><G59/><N who="2" m="22601" /><F124/><N who="1" m="47657" /><E128/><N who="2" m="49227" /><F123/><W12/><G101/><T0/><D0/><U10/><E37/><V58/><F112/><N who="1" m="43081" /><E22/><V21/><F81/><AGARI ba="1,0" hai="8,10,41,45,50,81,87,91" m="43081,47657" machi="81" ten="30,1500,0" yaku="18,1" doraHai="103" who="1" fromWho="2" sc="392,0,344,18,135,-18,129,0" /><INIT seed="1,2,0,5,1,84" ten="392,362,117,129" oya="1" hai0="62,46,133,29,96,72,51,76,98,18,20,6,99" hai1="124,38,5,34,26,27,40,48,113,107,131,16,127" hai2="85,22,109,87,118,66,53,35,79,47,82,77,28" hai3="17,114,93,60,44,64,71,24,69,21,56,106,134"/><U102/><E38/><V55/><F118/><W119/><G119/><T25/><D133/><U68/><E68/><V94/><F35/><W9/><G134/><T65/><D6/><U57/><E113/><V52/><F109/><W50/><G106/><T100/><D72/><U1/><E34/><V7/><F7/><W13/><G114/><T78/><D100/><U105/><E102/><V80/><F66/><W37/><G37/><T122/><D122/><U92/><E26/><N who="2" m="16471" /><F94/><W125/><G125/><N who="1" m="48202" /><E5/><V91/><F77/><W43/><REACH who="3" step="1"/><G93/><REACH who="3" ten="392,362,117,119" step="2"/><T74/><D74/><U89/><E105/><V8/><F8/><W49/><G49/><AGARI ba="2,1" hai="47,49,52,53,55,79,80,82,85,87,91" m="16471" machi="49" ten="30,3900,0" yaku="8,1,52,1,54,1" doraHai="84" who="2" fromWho="3" sc="392,0,362,0,117,55,119,-45" /><INIT seed="2,0,0,5,4,113" ten="392,362,172,74" oya="2" hai0="124,133,63,1,39,8,41,36,45,103,120,33,129" hai1="49,42,5,73,97,51,89,70,27,130,121,127,110" hai2="23,86,65,12,128,61,115,131,79,69,32,21,135" hai3="94,134,106,30,77,91,31,7,26,0,47,28,107"/><V118/><F115/><W88/><G134/><T11/><D120/><U17/><E70/><V68/><F32/><W57/><G77/><T59/><D33/><U75/><E121/><V50/><F69/><W4/><G47/><T58/><D124/><U81/><E127/><V46/><F135/><W20/><G91/><T13/><D129/><N who="2" m="49738" /><F118/><W122/><G122/><T37/><D133/><U52/><E130/><V100/><F100/><W14/><G0/><T76/><D76/><U24/><E5/><V66/><F66/><W108/><G108/><T96/><D1/><U35/><E110/><V84/><F12/><W10/><G4/><T90/><D90/><U85/><E35/><V72/><F72/><W43/><G43/><T34/><D34/><U83/><E73/><V114/><F114/><W9/><G9/><T38/><D63/><U29/><E29/><V15/><F15/><W101/><G101/><T87/><D87/><N who="2" m="33322" /><F79/><W60/><G107/><T62/><D62/><U98/><E75/><V99/><F99/><W119/><G106/><T16/><D11/><U109/><E109/><V132/><F132/><W102/><G102/><T25/><D25/><U55/><E85/><V53/><AGARI ba="0,0" hai="21,23,46,50,53,61,65,68" m="33322,49738" machi="53" ten="30,1500,0" yaku="19,1" doraHai="113" who="2" fromWho="2" sc="392,-5,362,-5,172,15,74,-5" /><INIT seed="2,1,0,5,4,94" ten="387,357,187,69" oya="2" hai0="108,63,50,102,71,21,54,109,111,114,116,122,49" hai1="64,72,56,90,61,17,113,18,6,7,12,121,80" hai2="26,39,9,86,22,120,132,38,11,106,25,98,59" hai3="101,3,13,104,27,115,128,36,14,5,81,4,107"/><V100/><F120/><W96/><G36/><T117/><D122/><U76/><E121/><V62/><F132/><W99/><G128/><T87/><D114/><U112/><E18/><V31/><F86/><W85/><G115/><T47/><D102/><U79/><E113/><V0/><F0/><W65/><G65/><N who="0" m="41407" /><D87/><N who="1" m="50535" /><E72/><V37/><REACH who="2" step="1"/><F25/><REACH who="2" ten="387,357,177,69" step="2"/><W57/><G57/><N who="0" m="32975" /><D21/><N who="1" m="11431" /><E79/><V123/><F123/><W15/><G27/><T93/><D93/><U55/><E112/><V83/><F83/><W118/><G118/><T24/><D24/><U33/><E76/><V53/><AGARI ba="1,1" hai="9,11,22,26,31,37,38,39,53,59,62,98,100,106" machi="53" ten="30,18000,2" yaku="1,1,0,1,52,1,53,3" doraHai="94" doraHaiUra="68" who="2" fromWho="2" sc="387,-61,357,-61,177,193,69,-61" /><INIT seed="2,2,0,5,2,129" ten="326,296,370,8" oya="2" hai0="91,76,110,10,87,101,15,108,98,111,135,94,66" hai1="2,95,11,70,131,49,109,52,62,3,34,84,51" hai2="89,20,44,9,88,78,124,22,61,133,72,31,117" hai3="6,25,128,112,37,69,19,93,118,48,123,122,116"/><V58/><F117/><N who="3" m="45163" /><G69/><T57/><D76/><U77/><E34/><V47/><F124/><W75/><G37/><T64/><D57/><U24/><E51/><V92/><F9/><W102/><G75/><T18/><REACH who="0" step="1"/><D135/><REACH who="0" ten="316,296,370,8" step="2"/><U42/><E131/><V46/><F133/><W41/><G93/><AGARI ba="2,1" hai="10,15,18,64,66,87,91,93,94,98,101,108,110,111" machi="93" ten="40,5200,0" yaku="1,1,2,1,14,1,53,0" doraHai="129" doraHaiUra="68" who="0" fromWho="3" sc="316,68,296,0,370,0,8,-58" owari="384,48.0,296,-10.0,370,17.0,-50,-55.0" /></mjloggm>