<mjloggm ver="2.3"><GO type="169" lobby="0"/><UN n0="%E3%83%8F%E3%83%A0%E3%81%95%E3%81%84%E3%81%A6%E3%82%87" n1="%30%30%73%61%69" n2="%72%79%6F%E2%80%A6%31%35" n3="%E3%83%88%E3%83%88%E3%83%AA%E5%85%88%E7%94%9F%31%39%E6%AD%B3" dan="16,17,17,17" rate="2130.25,2113.93,2150.42,2250.74" sx="M,F,M,F"/><TAIKYOKU oya="0"/><INIT seed="0,0,0,3,1,100" ten="250,250,250,250" oya="0" hai0="3,28,1,115,71,128,49,70,12,86,97,41,114" hai1="44,82,39,127,55,53,101,81,109,63,22,79,10" hai2="50,65,93,40,94,69,14,13,4,16,103,67,60" hai3="47,21,116,84,0,107,23,135,108,89,68,11,119"/><T133/><D133/><U15/><E109/><V83/><F67/><W35/><G35/><T129/><D28/><U125/><E101/><V85/><F103/><W80/><G68/><N who="0" m="26155" /><D97/><U37/><E22/><V54/><F40/><W91/><G108/><T27/><D27/><U118/><E118/><V96/><F4/><W104/><G135/><T8/><D12/><U30/><E30/><V33/><F33/><W75/><G75/><T26/><D26/><U29/><E29/><V120/><F96/><W38/><G11/><T72/><D86/><U52/><E63/><V111/><F111/><W122/><G0/><N who="0" m="75" /><D8/><U124/><E44/><V90/><F120/><W73/><G73/><T61/><D61/><U130/><E130/><N who="0" m="50281" /><D72/><N who="1" m="43239" /><E82/><V77/><F14/><W105/><G122/><T110/><D110/><U78/><E78/><V43/><F77/><W117/><REACH who="3" step="1"/><G91/><REACH who="3" ten="250,250,250,240" step="2"/><T20/><D20/><U134/><E134/><V7/><F90/><W36/><G36/><T24/><D24/><U19/><AGARI ba="0,1" hai="10,15,19,37,39,52,53,55,124,125,127" m="43239" machi="19" ten="40,2700,0" yaku="18,1,54,1" doraHai="100" who="1" fromWho="1" sc="250,-13,250,37,250,-7,240,-7" /><INIT seed="1,0,0,3,1,66" ten="237,287,243,233" oya="1" hai0="96,122,72,8,106,129,76,70,2,102,27,40,104" hai1="71,75,49,97,29,64,83,21,37,20,94,85,44" hai2="46,78,127,126,42,123,132,110,116,128,91,90,16" hai3="24,80,59,48,58,109,82,84,105,68,33,125,34"/><U111/><E37/><V113/><F110/><W89/><G109/><T55/><D106/><U99/><E75/><V86/><F116/><W18/><G105/><T0/><D122/><U41/><E111/><V65/><F123/><W108/><G108/><T100/><D100/><U14/><E71/><V134/><F65/><W6/><G125/><N who="2" m="47625" /><F113/><W56/><G68/><T54/><D70/><U92/><E64/><V31/><F31/><W30/><G34/><T19/><D129/><U88/><E14/><V47/><F128/><W36/><G36/><T119/><D119/><U107/><E107/><V57/><F57/><W3/><G18/><T112/><D112/><U74/><E74/><V115/><F115/><W93/><G6/><T39/><D27/><N who="1" m="16615" /><E21/><V52/><F16/><W67/><G3/><T38/><D19/><U133/><E133/><N who="2" m="51307" /><F78/><W101/><G67/><T98/><D76/><U77/><E77/><V120/><F120/><W81/><REACH who="3" step="1"/><G48/><REACH who="3" ten="237,287,243,223" step="2"/><T53/><D39/><U114/><E114/><V13/><F13/><W10/><G10/><T121/><D8/><U61/><E61/><V22/><F22/><W135/><G135/><T117/><D0/><U62/><E62/><V7/><F7/><W69/><G69/><T28/><D2/><U51/><E49/><N who="2" m="28735" /><F86/><W11/><G11/><T32/><D38/><AGARI ba="0,1" hai="38,42,46,90,91" m="28735,51307,47625" machi="38" ten="30,3900,0" yaku="18,1,20,1,54,1" doraHai="66" who="2" fromWho="0" sc="237,-39,287,0,243,49,223,0" /><INIT seed="2,0,0,4,4,127" ten="198,287,292,223" oya="2" hai0="63,65,128,107,3,28,125,123,37,110,112,45,10" hai1="90,130,86,50,76,48,114,51,62,94,92,9,34" hai2="100,95,133,75,103,58,42,81,121,26,117,22,13" hai3="98,97,119,89,43,31,30,19,54,1,23,52,27"/><V126/><F117/><W36/><G119/><T38/><D28/><N who="3" m="10793" /><G36/><T12/><D12/><U46/><E34/><V78/><F121/><W129/><G43/><T109/><D10/><U111/><E114/><V59/><F126/><W56/><G1/><T74/><D45/><U6/><E111/><V47/><F133/><W105/><G105/><T83/><D83/><U101/><E130/><V118/><F118/><W116/><G129/><T80/><D80/><U70/><E76/><V73/><F73/><W88/><G54/><T93/><D93/><U115/><E115/><V21/><F26/><W124/><G124/><T67/><D63/><U32/><E32/><V106/><F106/><W15/><G116/><T85/><D85/><U0/><E62/><V91/><F100/><W55/><G55/><T49/><D49/><U40/><REACH who="1" step="1"/><E70/><REACH who="1" ten="198,277,292,223" step="2"/><V102/><F78/><W18/><G98/><AGARI ba="0,1" hai="0,6,9,40,46,48,50,51,86,90,92,94,98,101" machi="98" ten="40,2600,0" yaku="1,1,2,1,53,0" doraHai="127" doraHaiUra="122" who="1" fromWho="3" sc="198,0,277,36,292,0,223,-26" /><INIT seed="3,0,0,2,1,8" ten="198,313,292,197" oya="3" hai0="126,16,35,12,119,116,55,113,47,20,15,27,125" hai1="83,53,63,98,56,33,85,4,95,127,60,102,120" hai2="78,108,101,22,54,103,51,21,87,106,72,13,7" hai3="26,65,29,46,133,71,86,89,135,6,105,50,36"/><W48/><G105/><T61/><D113/><U34/><E127/><N who="0" m="48649" /><D35/><U100/><E120/><V99/><F103/><W134/><G6/><T57/><D47/><U97/><E4/><V2/><F108/><W75/><G75/><T44/><D44/><U121/><E121/><V80/><F2/><W76/><G76/><T91/><D91/><U42/><E42/><V38/><F38/><W131/><G131/><T67/><D67/><U9/><E9/><V59/><REACH who="2" step="1"/><F72/><REACH who="2" ten="198,313,282,197" step="2"/><W25/><G36/><T94/><D94/><N who="1" m="58423" /><E33/><V66/><F66/><W43/><G65/><T69/><D69/><U114/><E34/><V1/><F1/><W82/><G71/><T74/><D74/><U14/><E102/><V81/><F81/><W19/><G133/><T70/><D70/><U32/><E83/><V73/><F73/><W58/><G135/><T49/><D61/><U111/><E63/><V31/><F31/><W117/><G29/><T0/><D0/><U90/><E111/><V96/><F96/><W39/><G134/><T24/><D24/><U123/><E98/><V93/><F93/><W128/><G39/><T40/><D40/><U115/><E123/><V45/><F45/><W18/><G128/><T84/><D84/><U17/><E32/><V77/><F77/><W68/><G68/><T109/><D109/><U130/><E130/><V64/><F64/><W112/><G25/><T23/><D27/><U10/><E114/><V28/><F28/><W37/><G112/><T107/><D107/><U3/><E115/><V5/><F5/><W132/><G132/><T62/><D62/><RYUUKYOKU ba="0,1" sc="198,10,313,10,282,10,197,-30" hai0="12,15,16,20,23,49,55,57,116,119" hai1="3,10,14,17,53,56,60,85,90,95" hai2="7,13,21,22,51,54,59,78,80,87,99,101,106" /><INIT seed="4,1,1,3,1,74" ten="208,323,292,167" oya="0" hai0="124,82,41,14,35,56,63,59,33,84,46,102,78" hai1="45,105,85,13,126,68,92,135,44,117,87,122,99" hai2="22,66,76,4,29,38,128,132,65,115,58,110,17" hai3="100,90,48,60,96,118,54,72,95,11,80,64,15"/><T113/><D113/><U73/><E68/><V127/><F110/><W2/><G118/><T6/><D102/><N who="1" m="62687" /><E13/><V32/><F38/><W125/><G125/><T42/><D124/><U26/><E44/><V24/><F127/><W10/><G2/><T18/><D6/><U31/><E45/><V86/><F115/><W91/><G10/><T101/><D101/><U71/><E26/><V88/><F132/><W67/><G72/><T57/><D63/><U61/><E31/><V130/><F4/><N who="3" m="3559" /><G60/><T93/><D93/><U27/><E71/><V9/><F9/><W81/><G100/><T3/><D3/><U94/><E61/><V134/><F134/><W12/><G12/><T98/><D98/><U55/><E27/><V77/><F58/><N who="3" m="33095" /><G91/><T39/><REACH who="0" step="1"/><D42/><REACH who="0" ten="198,323,292,167" step="2"/><U111/><E126/><V53/><F130/><W129/><G129/><T83/><D83/><AGARI ba="1,2" hai="64,67,80,81,83,90,95,96" m="33095,3559" machi="83" ten="30,1000,0" yaku="8,1" doraHai="74" who="3" fromWho="0" sc="198,-13,323,0,292,0,167,33" /><INIT seed="5,0,0,1,4,104" ten="185,323,292,200" oya="1" hai0="110,0,68,60,91,13,108,65,92,116,123,103,102" hai1="86,61,117,100,43,57,32,111,127,129,124,16,23" hai2="35,26,119,47,77,126,98,19,87,6,132,34,27" hai3="30,63,7,67,54,81,106,3,15,125,112,33,114"/><U28/><E117/><V8/><F119/><W82/><G106/><T37/><D116/><U4/><E32/><N who="2" m="12331" /><F87/><W80/><G3/><T58/><D0/><U51/><E28/><V79/><F98/><W48/><G125/><N who="1" m="48202" /><E129/><V90/><F90/><W17/><G7/><T49/><D37/><U107/><E86/><V74/><F47/><W1/><G1/><T59/><D123/><U133/><E133/><V73/><F126/><W11/><G30/><T96/><D13/><N who="1" m="9615" /><E51/><V115/><F6/><W75/><G33/><T72/><D72/><N who="2" m="27754" /><F8/><W64/><G75/><T122/><D122/><U131/><E4/><V20/><F19/><W21/><G11/><T53/><REACH who="0" step="1"/><D68/><REACH who="0" ten="175,323,292,200" step="2"/><U40/><E131/><V50/><F27/><W18/><G15/><T76/><D76/><U130/><E130/><V10/><F79/><W118/><G118/><T46/><D46/><U78/><E78/><V29/><F77/><W42/><G112/><T83/><D83/><U101/><E111/><AGARI ba="0,1" hai="49,53,58,59,60,65,91,92,96,102,103,108,110,111" machi="111" ten="40,2600,0" yaku="1,1,53,1" doraHai="104" doraHaiUra="95" who="0" fromWho="1" sc="175,36,323,-26,292,0,200,0" /><INIT seed="6,0,0,4,5,27" ten="211,297,292,200" oya="2" hai0="112,33,72,113,19,120,128,60,31,94,63,18,49" hai1="38,62,47,26,106,10,11,115,77,110,71,79,46" hai2="16,65,44,88,20,82,99,29,23,36,127,15,28" hai3="53,102,6,109,129,117,21,32,66,24,111,41,5"/><V74/><F65/><W123/><G117/><T100/><D120/><U80/><E106/><V68/><F68/><W125/><G66/><T57/><D72/><U12/><E71/><V17/><F127/><W130/><G102/><T61/><D128/><N who="3" m="49257" /><G41/><T1/><D1/><U3/><E3/><V103/><F36/><W76/><G76/><T121/><D121/><U81/><E62/><V85/><F74/><W78/><G78/><T45/><D57/><U70/><E38/><V89/><F44/><W64/><G53/><T43/><D94/><U8/><E70/><V86/><F99/><W69/><G123/><T52/><D43/><U134/><E77/><V97/><F97/><W7/><G64/><T132/><D100/><U105/><E79/><V39/><F39/><W54/><G54/><T0/><D0/><U107/><E107/><V90/><F103/><W59/><G59/><T114/><D132/><U30/><E134/><V73/><F73/><W83/><G83/><T116/><REACH who="0" step="1"/><D116/><REACH who="0" ten="201,297,292,200" step="2"/><U56/><E56/><V37/><F37/><W75/><G75/><T92/><D92/><U101/><E101/><V95/><F90/><W84/><G69/><T122/><D122/><U55/><E80/><V22/><F89/><W104/><G104/><T9/><D9/><U13/><E81/><V50/><F82/><W2/><G2/><T135/><D135/><U58/><E105/><V96/><F95/><W108/><G84/><T118/><D118/><U35/><E58/><V67/><F86/><W126/><G32/><T42/><D42/><U34/><E34/><V93/><F85/><RYUUKYOKU ba="0,1" sc="201,15,297,-15,292,-15,200,15" hai0="18,19,31,33,45,49,52,60,61,63,112,113,114" hai3="5,6,7,21,24,108,109,111,125,126" /><INIT seed="7,1,1,4,0,107" ten="216,282,277,215" oya="3" hai0="127,46,106,23,9,12,50,0,39,15,40,113,58" hai1="75,101,104,7,34,97,11,43,88,135,20,38,57" hai2="37,6,1,90,133,105,44,24,19,54,81,98,16" hai3="27,2,4,45,131,79,117,21,119,76,85,42,52"/><W32/><G32/><T122/><D106/><U111/><E111/><V56/><F133/><W83/><G131/><T109/><D109/><U94/><E34/><V71/><F71/><W96/><G76/><T123/><D123/><U93/><E20/><V108/><F108/><W99/><G119/><T22/><D122/><U77/><E57/><V100/><F6/><W33/><G33/><T89/><D0/><N who="1" m="487" /><E88/><V129/><F1/><W61/><G117/><T28/><D22/><U55/><E55/><V31/><F129/><W59/><G4/><T70/><D58/><U132/><E94/><V67/><F67/><W29/><REACH who="3" step="1"/><G2/><REACH who="3" ten="216,282,277,205" step="2"/><T36/><D127/><U116/><E116/><V69/><F69/><W95/><G95/><T3/><D3/><U74/><E93/><V26/><F105/><W49/><AGARI ba="1,2" hai="21,27,29,42,45,49,52,59,61,79,83,85,96,99" machi="49" ten="20,18000,2" yaku="1,1,0,1,7,1,8,1,54,1,53,1" doraHai="107" doraHaiUra="73" who="3" fromWho="3" sc="216,-61,282,-61,277,-61,205,203" owari="155,-34.0,221,2.0,216,-18.0,408,50.0" /></mjloggm>