<mjloggm ver="2.3"><GO type="169" lobby="0"/><UN n0="%E3%81%86%E3%81%AA%E3%81%8E" n1="%72%6D%63%69%6B" n2="%6D%61%74%69%67%75%73%61" n3="%E5%B0%B1%E6%B4%BB%E7%94%9F%40%E5%B7%9D%E6%9D%91%E8%BB%8D%E5%9B%A3" dan="16,16,16,17" rate="2019.30,2113.53,2148.95,2174.37" sx="F,M,M,M"/><TAIKYOKU oya="0"/><INIT seed="0,0,0,1,5,18" ten="250,250,250,250" oya="0" hai0="81,79,130,111,100,78,110,22,30,36,7,64,75" hai1="80,19,62,25,31,43,6,37,135,49,124,1,119" hai2="123,91,3,17,96,83,48,40,10,128,8,59,52" hai3="82,74,34,5,84,20,56,14,125,127,57,68,71"/><T106/><D36/><U41/><E119/><V13/><F123/><W101/><G34/><T0/><D130/><U94/><E37/><V26/><F128/><W88/><G74/><T118/><D118/><U45/><E135/><V97/><F3/><W131/><G131/><T50/><D64/><U38/><E124/><N who="3" m="47690" /><G101/><T134/><D134/><U114/><E114/><V93/><F83/><W12/><G5/><T53/><D79/><U126/><E126/><V115/><F115/><W42/><G42/><T105/><D100/><U67/><E6/><V132/><F132/><W2/><G2/><T113/><D113/><U29/><E1/><V24/><F8/><W72/><G72/><T73/><D73/><U39/><E41/><V120/><F120/><W77/><G77/><T27/><D7/><U104/><E104/><V33/><F33/><W90/><G90/><T116/><D0/><U35/><E29/><V65/><F40/><W4/><G4/><T122/><D122/><U51/><E39/><V89/><F65/><W60/><G14/><T11/><D11/><U16/><E38/><V99/><REACH who="2" step="1"/><F91/><REACH who="2" ten="250,250,240,250" step="2"/><W28/><G71/><T129/><D129/><U133/><E133/><V23/><F23/><W66/><G28/><T54/><D116/><U108/><E31/><V107/><F107/><W55/><G55/><T47/><D54/><U44/><E35/><V121/><F121/><W76/><G76/><T117/><D117/><U98/><E43/><V32/><F32/><W61/><G68/><T112/><D112/><U95/><E67/><V46/><F46/><W102/><G66/><RYUUKYOKU ba="0,1" sc="250,15,250,-15,240,15,250,-15" hai0="22,27,30,47,50,53,75,78,81,105,106,110,111" hai2="10,13,17,24,26,48,52,59,89,93,96,97,99" /><INIT seed="0,1,1,4,1,17" ten="265,235,255,235" oya="0" hai0="51,105,36,3,40,97,118,133,29,113,4,50,98" hai1="116,27,92,55,33,38,61,107,90,88,42,127,19" hai2="13,95,71,115,59,123,0,64,112,124,63,129,83" hai3="119,21,28,87,43,66,86,121,75,94,128,114,110"/><T81/><D118/><U126/><E116/><V34/><F0/><W99/><G75/><T53/><D113/><U18/><E107/><V108/><F34/><W15/><G119/><T79/><D36/><U47/><E90/><V65/><F83/><W91/><G114/><T11/><D29/><U62/><E33/><V106/><F106/><W68/><G128/><T130/><D130/><U120/><E120/><V60/><F129/><W56/><G110/><T26/><D26/><U52/><E62/><V7/><F123/><W100/><G68/><T31/><D31/><U54/><E61/><V49/><F108/><W132/><G132/><T125/><D125/><N who="1" m="47627" /><E27/><V35/><F35/><W58/><G43/><T134/><D105/><U45/><E45/><V74/><F124/><W70/><G70/><T39/><D39/><U82/><E82/><V96/><F74/><W1/><G1/><T80/><D80/><U109/><E109/><V135/><F49/><W37/><G37/><T117/><D51/><U23/><E23/><V20/><F135/><N who="0" m="51722" /><D40/><U12/><E12/><V111/><F111/><W44/><G44/><N who="0" m="27847" /><D117/><U101/><E101/><N who="2" m="60575" /><F115/><W10/><G121/><T16/><D81/><U77/><E77/><V103/><F112/><W5/><G66/><T104/><D79/><U9/><E9/><N who="2" m="4287" /><F103/><W14/><G100/><T67/><D67/><U131/><E131/><V46/><F46/><W78/><G78/><T6/><D104/><U48/><E38/><V8/><F64/><W73/><G73/><T30/><D3/><U57/><E57/><N who="3" m="22122" /><G28/><T84/><D30/><U89/><E89/><RYUUKYOKU ba="1,1" sc="265,-15,235,15,255,-15,235,15" hai1="18,19,42,47,48,52,54,55,88,92" hai3="5,10,14,15,21,86,87,91,94,99" /><INIT seed="1,2,1,3,4,17" ten="250,250,240,250" oya="1" hai0="69,125,42,33,2,51,27,135,96,81,66,105,5" hai1="92,6,37,70,58,26,74,34,112,41,120,12,73" hai2="132,32,15,22,31,90,127,76,100,109,11,93,122" hai3="108,65,97,40,106,10,0,101,98,117,44,18,52"/><U13/><E70/><V115/><F32/><W87/><G117/><T38/><D135/><U103/><E120/><V86/><F122/><W19/><G108/><T29/><D51/><U48/><E112/><V35/><F115/><W84/><G65/><T111/><D111/><U102/><E37/><V99/><F109/><W30/><G30/><T85/><D125/><U78/><E78/><V9/><F35/><W25/><G97/><T61/><D42/><U53/><E41/><V50/><F132/><W134/><G134/><T43/><D43/><U14/><E6/><V88/><F127/><W63/><G18/><T95/><D38/><U116/><E116/><V28/><F50/><W45/><G0/><T46/><D46/><U23/><E34/><V54/><F54/><W79/><G79/><T118/><D118/><U67/><E67/><V71/><F71/><W75/><G75/><T80/><D85/><U131/><E131/><V3/><F3/><W16/><G19/><T24/><D24/><U124/><E124/><V64/><F64/><W119/><G119/><T72/><D72/><U21/><E26/><N who="2" m="16471" /><F31/><W133/><G133/><T94/><D2/><U129/><E129/><V36/><F36/><W130/><G130/><T68/><D68/><U89/><E74/><V121/><F121/><W77/><G77/><T91/><D5/><U83/><E83/><N who="2" m="47463" /><F15/><N who="3" m="7287" /><G25/><T20/><D33/><U59/><E59/><V55/><F55/><W8/><G40/><T60/><D105/><U104/><E73/><V126/><F126/><W114/><G114/><T128/><D128/><U57/><E104/><RYUUKYOKU ba="2,1" sc="250,-10,250,-10,240,30,250,-10" hai2="9,11,88,90,93,99,100" /><INIT seed="2,3,1,2,3,25" ten="240,240,270,240" oya="2" hai0="96,117,36,16,82,66,127,54,26,92,126,43,83" hai1="34,71,55,122,62,57,18,60,100,32,4,7,118" hai2="115,110,98,114,51,23,47,116,38,13,102,22,15" hai3="90,73,59,39,42,19,33,86,78,124,44,40,135"/><V85/><F38/><W21/><G33/><T76/><D66/><U35/><E118/><V89/><F116/><W24/><G42/><T75/><D117/><U56/><E71/><V69/><F69/><W74/><G124/><N who="0" m="47659" /><D83/><U70/><E70/><V31/><F110/><W17/><G135/><T132/><D132/><U46/><E122/><V30/><F98/><W108/><G108/><T68/><D68/><U10/><E46/><V134/><F102/><W109/><G109/><T6/><D6/><U45/><E45/><V119/><F134/><W128/><G128/><T1/><D1/><U93/><E18/><V77/><F119/><W107/><G107/><T58/><D43/><U11/><E93/><V106/><F106/><W97/><G97/><T130/><D130/><U65/><E100/><V53/><F77/><W112/><G112/><T95/><D96/><U121/><E121/><V131/><F131/><W67/><G78/><T133/><D36/><U88/><E88/><V41/><F41/><W64/><G19/><T49/><D133/><U129/><E129/><V84/><F47/><W63/><G67/><T103/><D103/><U80/><E80/><AGARI ba="3,1" hai="17,21,24,39,40,44,59,63,64,73,74,80,86,90" machi="80" ten="30,1000,0" yaku="7,1" doraHai="25" who="3" fromWho="1" sc="240,0,240,-19,270,0,240,29" /><INIT seed="3,0,0,4,3,13" ten="240,221,270,269" oya="3" hai0="61,121,119,103,71,118,109,39,10,15,81,6,41" hai1="9,87,77,128,108,22,132,122,36,25,94,54,131" hai2="17,98,27,2,133,48,106,66,102,114,28,29,69" hai3="37,82,12,18,24,42,14,53,4,44,95,8,30"/><W92/><G82/><T67/><D121/><U74/><E36/><V35/><F2/><W135/><G135/><T93/><D109/><U99/><E108/><V97/><F114/><W116/><G116/><T111/><D111/><U64/><E132/><V134/><F28/><W3/><G53/><T112/><D112/><U1/><E122/><V50/><F97/><W57/><G57/><T80/><D118/><U78/><E64/><V59/><F48/><W113/><G14/><T62/><D119/><U56/><E74/><V126/><F126/><W105/><G105/><T84/><D62/><N who="1" m="36119" /><E87/><V58/><F58/><W89/><G89/><T45/><REACH who="0" step="1"/><D84/><REACH who="0" ten="230,221,270,269" step="2"/><U46/><E131/><V124/><F134/><W120/><G113/><T65/><D65/><U7/><E128/><V88/><F133/><W5/><G120/><T76/><D76/><U43/><E78/><V31/><F66/><W38/><G38/><T40/><D40/><U75/><E77/><V33/><F124/><W104/><G104/><T32/><D32/><U55/><E75/><V72/><F72/><W21/><REACH who="3" step="1"/><G4/><REACH who="3" ten="230,221,270,259" step="2"/><T20/><D20/><AGARI ba="0,2" hai="3,5,8,12,18,20,21,24,30,37,42,44,92,95" machi="20" ten="30,11600,0" yaku="1,1,2,1,7,1,52,1,53,0" doraHai="13" doraHaiUra="52" who="3" fromWho="0" sc="230,-116,221,0,270,0,259,136" /><INIT seed="3,1,0,1,2,17" ten="114,221,270,395" oya="3" hai0="78,120,129,88,68,26,18,9,122,50,7,0,33" hai1="96,28,83,87,114,48,45,56,1,131,27,118,133" hai2="36,25,124,3,66,43,39,112,51,97,19,58,93" hai3="20,10,104,75,98,2,125,60,128,92,101,130,24"/><W65/><G75/><T71/><D78/><U84/><E1/><V107/><F3/><W16/><G125/><T62/><D129/><N who="3" m="49769" /><G2/><T79/><D79/><U117/><E131/><V102/><F112/><W111/><G10/><T89/><D68/><U4/><E4/><V11/><F124/><W121/><G121/><T69/><D69/><U81/><E114/><V14/><F107/><W106/><G111/><T6/><D6/><U31/><E56/><AGARI ba="1,0" hai="16,20,24,56,60,65,92,98,101,104,106" m="49769" machi="56" ten="30,5800,0" yaku="19,1,52,1,54,1" doraHai="17" who="3" fromWho="1" sc="114,0,221,-61,270,0,395,61" /><INIT seed="3,2,0,3,0,102" ten="114,160,270,456" oya="3" hai0="36,66,108,113,80,30,54,96,75,34,84,4,129" hai1="27,68,24,55,82,13,107,9,59,83,110,52,53" hai2="114,134,65,28,26,31,101,133,91,8,115,44,73" hai3="37,100,92,56,127,25,67,16,135,51,89,111,71"/><W72/><G37/><T124/><D36/><U19/><E68/><V79/><F79/><W50/><G72/><T32/><D75/><U97/><E110/><V21/><F73/><W62/><G127/><T117/><D117/><U77/><E59/><V123/><F91/><W74/><G74/><T40/><D124/><U46/><E46/><V98/><F44/><W45/><G135/><N who="2" m="51721" /><F65/><W18/><G100/><T48/><D108/><U122/><E122/><V14/><F31/><W88/><G111/><T17/><D66/><U85/><REACH who="1" step="1"/><E82/><REACH who="1" ten="114,150,270,456" step="2"/><V33/><F123/><W3/><G71/><T43/><D80/><U105/><E105/><N who="2" m="63671" /><F33/><W1/><G45/><T104/><D34/><U106/><E106/><V81/><F81/><W49/><G92/><T130/><D32/><U126/><E126/><V93/><F93/><W35/><G35/><T58/><D104/><U12/><E12/><V90/><F90/><W131/><G89/><T64/><D129/><U78/><E78/><V121/><F121/><W63/><G88/><T61/><D130/><U29/><E29/><V22/><F22/><W11/><G131/><T94/><D30/><U120/><E120/><V23/><F23/><W6/><G1/><T103/><D94/><U118/><E118/><V109/><F109/><W99/><G99/><T128/><D96/><U57/><E57/><V42/><F42/><W119/><G119/><T7/><D128/><U132/><E132/><V125/><F125/><W95/><G95/><T2/><D43/><U76/><E76/><V70/><F70/><N who="3" m="42359" /><G25/><T69/><D40/><U112/><E112/><RYUUKYOKU ba="2,1" sc="114,-30,150,10,270,10,456,10" hai1="9,13,19,24,27,52,53,55,77,83,85,97,107" hai2="8,14,21,26,28,114,115" hai3="3,6,11,16,18,49,50,51,56,63" /><INIT seed="3,3,1,4,5,78" ten="84,160,280,466" oya="3" hai0="0,53,59,30,28,100,88,125,55,93,124,129,115" hai1="50,89,1,16,126,8,24,83,37,19,13,71,84" hai2="51,20,43,116,95,21,22,40,3,5,111,128,62" hai3="25,91,82,79,2,45,23,133,47,27,112,15,103"/><W132/><G2/><T131/><D0/><U96/><E37/><V119/><F3/><W75/><G112/><T4/><D4/><U135/><E71/><V66/><F5/><W35/><G35/><T127/><D100/><U134/><E1/><V97/><F111/><W130/><G130/><N who="0" m="49675" /><D115/><U56/><E126/><V110/><F110/><W39/><G103/><T65/><D65/><U74/><E74/><V54/><F128/><W60/><G60/><N who="0" m="35951" /><D55/><U14/><E24/><N who="3" m="9290" /><G39/><T58/><D58/><U10/><E96/><AGARI ba="3,1" hai="28,30,88,93,96,124,125,127" m="35951,49675" machi="96" ten="40,5200,0" yaku="18,1,19,1,54,1" doraHai="78" who="0" fromWho="1" sc="84,71,160,-61,280,0,466,0" /><INIT seed="4,0,0,2,0,63" ten="155,99,280,466" oya="0" hai0="70,103,22,108,87,28,54,36,115,67,16,43,98" hai1="24,31,125,84,50,77,111,15,99,42,60,120,10" hai2="110,27,76,41,8,65,112,21,124,58,80,32,95" hai3="97,116,88,45,114,14,106,131,104,9,82,35,128"/><T121/><D121/><U19/><E120/><V78/><F32/><W135/><G35/><T92/><D28/><U86/><E111/><V5/><F110/><W25/><G116/><T134/><D134/><U47/><E125/><V119/><F124/><W117/><G114/><T101/><D115/><U130/><E130/><N who="3" m="49706" /><G135/><T56/><D108/><U4/><E99/><V105/><F58/><W113/><G113/><T26/><D87/><U129/><E129/><V102/><F95/><N who="3" m="56551" /><G25/><T133/><D133/><U91/><E77/><V71/><F8/><W83/><G45/><T37/><D101/><U100/><E100/><V61/><F102/><W73/><G117/><T107/><D107/><N who="3" m="41001" /><G73/><T109/><D109/><U53/><E4/><AGARI ba="0,0" hai="4,9,14,82,83" m="41001,56551,49706" machi="4" ten="30,2000,0" yaku="19,1,54,1" doraHai="63" who="3" fromWho="1" sc="155,0,99,-20,280,0,466,20" /><INIT seed="5,0,0,0,3,20" ten="155,79,280,486" oya="1" hai0="34,73,123,95,46,54,127,114,79,32,91,106,104" hai1="100,21,101,116,13,41,30,124,4,40,1,129,89" hai2="60,18,37,120,26,61,117,103,48,67,107,133,25" hai3="131,38,12,39,33,78,22,80,77,126,62,23,113"/><U87/><E116/><V110/><F37/><W118/><G33/><T76/><D127/><U55/><E124/><V69/><F117/><W115/><G126/><T102/><D114/><N who="3" m="43529" /><G131/><T83/><D76/><U51/><E129/><V122/><F61/><W52/><G118/><T17/><D17/><N who="1" m="10415" /><E30/><V43/><F18/><N who="3" m="10567" /><G23/><T0/><D0/><U49/><E4/><V7/><F103/><N who="1" m="39497" /><E1/><V63/><F43/><N who="1" m="16457" /><E55/><V112/><F107/><W15/><G15/><T72/><D72/><U16/><E16/><V68/><F69/><W121/><G121/><T24/><D106/><U94/><AGARI ba="0,0" hai="49,51,87,89,94" m="16457,39497,10415" machi="94" ten="30,1500,0" yaku="8,1" doraHai="20" who="1" fromWho="1" sc="155,-5,79,15,280,-5,486,-5" /><INIT seed="5,1,0,4,5,122" ten="150,94,275,481" oya="1" hai0="26,124,36,118,84,111,42,100,82,98,81,11,28" hai1="99,62,66,115,85,80,91,101,5,102,79,64,49" hai2="88,61,45,129,72,6,130,83,9,73,15,127,37" hai3="113,75,92,134,65,3,43,48,96,0,22,54,16"/><U19/><E115/><V17/><F127/><W67/><G75/><T109/><D118/><U31/><E5/><V12/><F61/><W133/><G113/><T89/><D124/><U39/><E39/><V119/><F119/><W18/><G43/><T29/><D11/><U50/><E31/><V131/><F88/><N who="3" m="55303" /><G3/><T1/><D1/><U23/><E79/><V34/><F34/><W58/><G0/><T60/><D60/><U135/><E135/><N who="3" m="51722" /><G18/><T14/><D42/><U32/><E32/><V110/><F72/><W77/><G77/><T103/><D36/><U68/><E66/><V21/><F73/><W105/><G105/><T106/><D100/><U107/><REACH who="1" step="1"/><E102/><REACH who="1" ten="150,84,275,481" step="2"/><V120/><F37/><W126/><G126/><T112/><D112/><U2/><E2/><V13/><F6/><W41/><G41/><T47/><D29/><U24/><AGARI ba="1,1" hai="19,23,24,49,50,62,64,68,80,85,91,99,101,107" machi="24" ten="20,7800,0" yaku="1,1,0,1,7,1,53,1" doraHai="122" doraHaiUra="95" who="1" fromWho="1" sc="150,-27,84,91,275,-27,481,-27" /><INIT seed="5,2,0,3,0,18" ten="123,175,248,454" oya="1" hai0="59,62,114,11,129,32,25,80,29,2,44,17,75" hai1="67,87,109,41,79,118,74,19,121,54,0,78,108" hai2="20,68,37,35,120,73,96,47,95,85,128,119,57" hai3="43,21,48,16,82,101,39,135,14,90,13,55,125"/><U115/><E121/><V94/><F35/><W91/><G125/><T98/><D129/><U126/><E118/><V105/><F68/><W15/><G135/><T93/><D44/><U6/><E74/><V66/><F73/><W64/><G39/><T131/><D131/><U88/><E126/><V117/><F128/><W60/><G43/><T50/><D50/><U104/><E104/><V65/><F105/><W51/><G101/><T23/><D114/><U69/><E115/><V42/><F120/><W72/><G48/><T111/><D111/><N who="1" m="42571" /><E41/><V100/><F85/><N who="3" m="50487" /><G72/><T116/><D116/><U12/><E54/><V70/><F65/><W63/><G91/><T26/><D80/><N who="1" m="49255" /><E67/><V52/><F119/><W5/><G5/><T3/><D75/><U107/><E107/><V83/><F66/><W106/><G106/><T34/><D32/><U8/><E69/><V58/><F70/><W30/><G30/><T110/><D110/><U33/><E33/><V71/><F71/><W22/><G64/><T61/><D61/><N who="3" m="23625" /><G16/><T86/><D34/><U10/><AGARI ba="2,0" hai="0,6,8,10,12,19,78,79" m="49255,42571" machi="10" ten="30,3000,0" yaku="10,1,54,1" doraHai="18" who="1" fromWho="1" sc="123,-12,175,36,248,-12,454,-12" /><INIT seed="5,3,0,4,4,32" ten="111,211,236,442" oya="1" hai0="23,66,34,6,77,108,87,58,102,49,117,52,120" hai1="28,22,83,5,113,27,57,126,91,85,62,42,74" hai2="26,69,116,37,94,96,18,53,75,80,101,133,47" hai3="46,29,104,72,16,11,20,105,92,123,82,129,15"/><U19/><E113/><V2/><F69/><W93/><G123/><T33/><D108/><U107/><E126/><V1/><F116/><W60/><G129/><T115/><D115/><U10/><E107/><V79/><F133/><W122/><G122/><T128/><D120/><U73/><E42/><V76/><F76/><W30/><G104/><T44/><D128/><U118/><E28/><V106/><F94/><W135/><G105/><T8/><D117/><U88/><E91/><V109/><F109/><W25/><G135/><T43/><D102/><U4/><E4/><V48/><F37/><W119/><G119/><T59/><D23/><U0/><REACH who="1" step="1"/><E118/><REACH who="1" ten="111,201,236,442" step="2"/><V98/><F98/><W67/><G30/><T86/><D77/><U40/><E40/><V134/><F134/><W45/><G92/><T38/><D34/><U17/><E17/><V132/><F132/><W12/><G93/><T127/><D33/><U41/><E41/><V14/><REACH who="2" step="1"/><F26/><REACH who="2" ten="111,201,226,442" step="2"/><W111/><G25/><T61/><REACH who="0" step="1"/><D127/><REACH who="0" ten="101,201,226,442" step="2"/><U31/><E31/><V112/><F112/><W99/><G29/><T81/><D81/><U100/><E100/><V3/><F3/><AGARI ba="3,3" hai="3,6,8,38,43,44,49,52,58,59,61,66,86,87" machi="3" ten="30,7700,0" yaku="1,1,7,1,52,1,54,1,53,0" doraHai="32" doraHaiUra="78" who="0" fromWho="2" sc="101,116,201,0,226,-86,442,0" /><INIT seed="6,0,0,4,3,94" ten="217,201,140,442" oya="2" hai0="61,103,97,102,74,78,17,54,48,96,70,81,76" hai1="105,53,118,66,5,10,32,3,128,115,106,95,92" hai2="11,112,46,77,79,58,15,93,84,88,14,52,91" hai3="56,59,13,71,29,25,38,4,28,86,133,131,64"/><V12/><F112/><W82/><G38/><T24/><D70/><U110/><E118/><V19/><F46/><W123/><G123/><T129/><D61/><U18/><E110/><V89/><F93/><W65/><G71/><T119/><D129/><U49/><E128/><V27/><F27/><W63/><G133/><T135/><D135/><U75/><E75/><V111/><F111/><W30/><G131/><T26/><D78/><N who="2" m="29706" /><F84/><W100/><G100/><T108/><D17/><U57/><E32/><V47/><F47/><W23/><G59/><T2/><D2/><U31/><E31/><V87/><F87/><W51/><G65/><T85/><D74/><U107/><E115/><V8/><F19/><W22/><G51/><T50/><D50/><U127/><E127/><V67/><F67/><W21/><G25/><N who="0" m="9835" /><D119/><U109/><E109/><V0/><F0/><W121/><G121/><T80/><D80/><U20/><REACH who="1" step="1"/><E66/><REACH who="1" ten="217,191,140,442" step="2"/><V36/><F36/><W16/><G29/><T69/><D108/><U130/><E130/><V44/><F44/><W45/><G45/><N who="0" m="27919" /><D69/><U104/><N who="1" m="26624" /><DORA hai="7" /><U40/><E40/><V132/><F132/><W39/><G30/><T43/><D43/><U68/><E68/><V90/><N who="2" m="22528" /><DORA hai="1" /><V35/><F35/><W113/><G39/><T114/><D114/><U125/><E125/><V124/><F124/><W60/><G28/><T41/><D41/><U126/><E126/><V117/><F117/><W99/><G113/><T62/><D76/><U101/><E101/><V116/><F116/><W73/><G64/><T98/><D102/><U33/><E33/><RYUUKYOKU ba="0,1" sc="217,-15,191,15,140,15,442,-15" hai1="3,5,10,18,20,49,53,57,92,95" hai2="8,11,12,14,15,52,58" /><INIT seed="6,1,1,2,3,24" ten="202,206,155,427" oya="2" hai0="123,84,122,25,61,78,106,51,94,63,36,8,131" hai1="20,6,60,110,41,4,22,75,77,108,39,135,10" hai2="112,55,74,33,15,118,35,34,64,47,67,46,2" hai3="29,31,87,81,16,50,98,3,48,28,43,44,21"/><V56/><F2/><W76/><G3/><T104/><D36/><U32/><E32/><V11/><F74/><W0/><G0/><T125/><D131/><U95/><E41/><V100/><F118/><W59/><G98/><T92/><D8/><U38/><E77/><V99/><F112/><W68/><G68/><T5/><D5/><U111/><E75/><V80/><F80/><W90/><G76/><T121/><D25/><U70/><E10/><V1/><F1/><W129/><G129/><T18/><D18/><U89/><E135/><V17/><F64/><W82/><G82/><T40/><D40/><U42/><E42/><V126/><F67/><W88/><G90/><T45/><D45/><U23/><E60/><N who="0" m="23113" /><D78/><U57/><E57/><V124/><F56/><W115/><G115/><T85/><D51/><U58/><E58/><V69/><F69/><W14/><G50/><T96/><D125/><N who="2" m="48234" /><F55/><W101/><G59/><T37/><D96/><U113/><E113/><V19/><F19/><W83/><G83/><T134/><D134/><U120/><E120/><V86/><F86/><N who="0" m="33386" /><D37/><U91/><E70/><V26/><F26/><W62/><G62/><T116/><D116/><U53/><E53/><V66/><F66/><W109/><G109/><T128/><D128/><U114/><E114/><V73/><F73/><W65/><G65/><T72/><D72/><U130/><E130/><V27/><F27/><W105/><G105/><AGARI ba="1,1" hai="92,94,104,105,106,121,122,123" m="33386,23113" machi="105" ten="40,2600,0" yaku="28,2" doraHai="24" who="0" fromWho="3" sc="202,39,206,0,155,0,427,-29" /><AGARI ba="1,0" hai="11,15,17,33,34,35,46,47,99,100,105" m="48234" machi="105" ten="40,2000,0" yaku="18,1" doraHai="24" who="2" fromWho="3" sc="241,0,206,0,155,20,398,-20" /><INIT seed="6,2,0,5,1,125" ten="241,206,175,378" oya="2" hai0="48,123,130,15,90,12,78,16,50,105,18,31,27" hai1="109,49,6,87,124,100,20,66,64,120,80,98,30" hai2="24,83,95,77,69,28,93,114,121,134,4,116,63" hai3="81,97,43,3,13,73,5,32,82,72,19,62,0"/><V126/><F116/><W92/><G32/><T1/><D105/><U14/><E109/><V70/><F121/><W29/><G29/><T127/><D123/><U104/><E120/><V51/><F126/><W68/><G43/><T40/><D78/><U110/><E110/><V42/><F4/><W94/><G5/><T91/><D127/><U86/><E124/><V2/><F2/><W53/><G97/><T33/><D1/><U135/><E135/><V103/><F134/><W122/><G62/><T76/><D76/><U38/><E38/><V46/><F114/><W85/><G85/><T131/><D40/><U75/><E75/><V58/><F83/><W101/><G53/><T113/><D113/><U7/><E87/><V21/><F77/><W39/><G13/><T57/><D57/><U112/><E112/><V129/><F129/><N who="0" m="49162" /><D91/><U84/><E86/><V26/><F26/><W41/><G41/><T99/><D90/><U47/><E84/><V107/><F107/><W67/><G39/><T65/><D99/><U44/><E80/><V79/><F79/><W17/><G68/><T35/><D33/><U22/><E47/><V106/><F106/><W71/><G71/><T11/><D65/><U128/><E66/><N who="2" m="39287" /><F93/><W89/><G89/><T54/><D54/><N who="1" m="29991" /><E64/><V60/><F60/><W133/><G122/><T52/><D52/><U37/><E37/><V55/><F55/><W61/><G67/><T102/><D102/><U96/><E98/><AGARI ba="2,0" hai="21,24,28,42,46,51,69,70,95,98,103" m="39287" machi="98" ten="30,1500,0" yaku="25,1" doraHai="125" who="2" fromWho="1" sc="241,0,206,-21,175,21,378,0" /><INIT seed="6,3,0,3,4,99" ten="241,185,196,378" oya="2" hai0="134,21,7,72,126,83,84,73,119,2,63,135,59" hai1="33,32,80,13,117,12,30,92,93,27,103,132,56" hai2="106,22,1,124,29,77,38,66,102,128,79,125,50" hai3="85,48,53,70,19,87,97,95,98,127,123,75,116"/><V71/><F38/><W15/><G75/><T34/><D34/><U89/><E117/><V114/><F1/><W36/><G116/><T120/><D120/><U26/><E132/><N who="0" m="50729" /><D119/><U65/><E80/><V118/><F118/><W60/><G36/><T62/><D126/><N who="2" m="48746" /><F114/><W20/><G123/><T35/><D35/><U94/><E89/><V57/><F71/><W58/><G127/><T42/><D42/><U108/><E108/><V49/><F128/><W110/><G110/><T112/><D112/><U46/><E46/><V61/><F106/><W115/><G115/><T5/><D62/><N who="1" m="38087" /><E33/><V41/><F102/><N who="3" m="60735" /><G70/><T47/><D21/><N who="1" m="15695" /><E27/><N who="2" m="16631" /><F41/><W68/><G68/><T31/><D2/><U51/><E32/><V28/><F28/><W91/><G60/><T111/><D31/><U14/><E51/><AGARI ba="3,0" hai="49,50,51,57,61,66,77,79" m="16631,48746" machi="51" ten="30,1500,0" yaku="18,1" doraHai="99" who="2" fromWho="1" sc="241,0,185,-24,196,24,378,0" /><INIT seed="6,4,0,4,4,70" ten="241,161,220,378" oya="2" hai0="122,109,98,26,63,76,93,4,87,82,49,22,84" hai1="41,56,30,77,92,97,3,72,55,75,116,78,33" hai2="130,54,124,115,37,134,39,80,19,42,110,79,50" hai3="81,128,60,95,133,11,111,131,28,121,94,10,126"/><V102/><F102/><W24/><G111/><T107/><D122/><U104/><E3/><V15/><F42/><W108/><G108/><T5/><D107/><U7/><E7/><V66/><F110/><W62/><G126/><T100/><D109/><U103/><E116/><V67/><F124/><W25/><G81/><N who="0" m="47143" /><D49/><U129/><E129/><V51/><F130/><N who="3" m="49707" /><G133/><T16/><D63/><N who="3" m="24105" /><G121/><T38/><D38/><U12/><E30/><V119/><F119/><W117/><G117/><T59/><D59/><U46/><E33/><V135/><F115/><W105/><G105/><T96/><D96/><U8/><E104/><V68/><F68/><W73/><G25/><T18/><D18/><U132/><E132/><N who="2" m="50731" /><F50/><W20/><G73/><T127/><D127/><U47/><E75/><N who="2" m="43135" /><F67/><W64/><G64/><T29/><D29/><U65/><E65/><V101/><F101/><W89/><G95/><T99/><D99/><AGARI ba="4,0" hai="10,11,20,24,28,89,94,99" m="24105,49707" machi="99" ten="30,1000,0" yaku="19,1" doraHai="70" who="3" fromWho="0" sc="241,-22,161,0,220,0,378,22" /><INIT seed="7,0,0,0,1,38" ten="219,161,220,400" oya="3" hai0="31,76,69,39,50,25,122,33,11,62,66,128,114" hai1="74,101,0,18,53,65,87,14,123,58,40,36,105" hai2="52,47,13,63,111,5,27,102,96,22,130,48,133" hai3="116,125,64,7,113,78,92,83,131,73,70,75,94"/><W88/><G70/><T20/><D122/><U54/><E74/><V60/><F111/><W98/><G64/><T61/><D39/><U129/><E123/><V135/><F13/><W71/><G7/><T49/><D128/><U90/><E129/><V110/><F5/><W100/><G71/><T121/><D121/><U119/><E0/><V77/><F77/><W68/><G68/><T72/><D62/><U109/><E119/><V29/><F110/><W37/><G37/><T9/><D114/><U120/><E109/><V15/><F15/><W45/><G45/><T35/><D72/><U124/><E120/><V2/><F2/><W8/><G8/><T127/><D76/><U26/><E124/><V12/><F12/><W85/><G113/><T57/><D127/><U28/><E65/><V19/><F29/><W56/><G56/><T51/><D69/><U126/><E126/><V17/><F17/><W97/><G125/><T132/><D132/><N who="2" m="50762" /><F130/><W1/><G1/><T106/><D106/><AGARI ba="0,0" hai="19,22,27,47,48,52,60,63,96,102,106" m="50762" machi="106" ten="30,2000,0" yaku="20,1,54,1" doraHai="38" who="2" fromWho="0" sc="219,-20,161,0,220,20,400,0" owari="199,-20.0,161,-34.0,240,4.0,400,50.0" /></mjloggm>