<mjloggm ver="2.3"><GO type="169" lobby="0"/><UN n0="%E3%82%A6%E3%83%AB%E3%83%88%E3%83%A9%E7%AB%8B%E7%9B%B4" n1="%E5%81%A5%E5%85%A8%E7%90%86%E7%B3%BB%E7%94%B7%E5%85%90" n2="%E6%96%B0%E6%BD%9F%E3%83%89%E3%83%A9%E3%82%B4%E3%83%B3" n3="%E3%81%AF%E3%82%80" dan="17,16,17,17" rate="2143.01,2092.89,2132.37,2133.66" sx="M,M,M,M"/><TAIKYOKU oya="0"/><INIT seed="0,0,0,3,2,57" ten="250,250,250,250" oya="0" hai0="13,40,120,45,86,30,67,17,135,35,95,39,33" hai1="44,104,131,88,132,80,21,5,126,96,129,41,117" hai2="27,97,6,71,32,110,103,61,59,91,123,90,79" hai3="42,106,85,18,8,76,14,93,111,65,37,56,51"/><T77/><D120/><U63/><E117/><V73/><F123/><W107/><G37/><T134/><D67/><U52/><E126/><V20/><F110/><W121/><G121/><T83/><D95/><U64/><E132/><V1/><F32/><W108/><G42/><T0/><D0/><U50/><E5/><V24/><F71/><W124/><G124/><T116/><D116/><U31/><E41/><V100/><F79/><W99/><G85/><T84/><D84/><N who="1" m="50183" /><E104/><V49/><F49/><W25/><G76/><T54/><D54/><U38/><E38/><V47/><F47/><W34/><G106/><T92/><D92/><U127/><E127/><V69/><F69/><W4/><G107/><T72/><D72/><U29/><E21/><V10/><F20/><W98/><G98/><T43/><D43/><U66/><E66/><V74/><F1/><W12/><G65/><T70/><D70/><N who="1" m="42271" /><E96/><V87/><F97/><W101/><G108/><T125/><D125/><U2/><E2/><V81/><F6/><W89/><G111/><T119/><D119/><U102/><E102/><V48/><F100/><W7/><G101/><T118/><D118/><U130/><AGARI ba="0,0" hai="29,31,44,50,52,129,130,131" m="42271,50183" machi="130" ten="30,7900,0" yaku="19,1,52,1,54,2" doraHai="57" who="1" fromWho="1" sc="250,-39,250,79,250,-20,250,-20" /><INIT seed="1,0,0,5,1,35" ten="211,329,230,230" oya="1" hai0="15,3,37,51,10,93,112,79,1,97,76,44,122" hai1="38,9,36,77,129,75,133,69,45,52,114,103,83" hai2="123,78,111,66,108,65,113,24,95,16,23,27,17" hai3="101,29,54,96,116,128,41,74,53,57,30,49,134"/><U21/><E114/><V124/><F123/><W132/><G74/><T102/><D37/><U13/><E69/><V85/><F124/><W12/><G128/><T115/><D112/><U98/><E129/><V0/><F113/><W2/><G116/><T84/><D115/><U55/><E21/><N who="2" m="13351" /><F0/><W43/><G2/><T60/><D60/><U59/><E133/><N who="3" m="51306" /><G12/><T105/><D122/><U120/><E120/><V63/><F63/><W107/><G54/><T33/><D33/><U106/><E45/><V61/><F61/><W94/><G107/><T46/><D46/><U40/><E40/><AGARI ba="0,0" hai="29,30,40,41,43,49,53,57,94,96,101" m="51306" machi="40" ten="30,1000,0" yaku="20,1" doraHai="35" who="3" fromWho="1" sc="211,0,329,-10,230,0,230,10" /><INIT seed="2,0,0,1,3,65" ten="211,319,230,240" oya="2" hai0="134,122,46,78,124,112,18,74,14,20,66,43,127" hai1="94,50,38,133,58,9,106,82,8,103,63,26,4" hai2="45,71,13,87,132,96,42,61,39,59,5,100,102" hai3="118,115,76,129,47,125,73,67,79,83,77,49,37"/><V60/><F132/><W93/><G118/><T84/><D122/><U7/><E38/><V23/><F87/><W80/><G37/><T128/><D112/><U119/><E106/><V95/><F61/><W64/><G115/><T104/><D104/><U10/><E119/><V101/><F71/><W33/><G33/><T105/><D105/><U70/><E70/><V2/><F2/><W92/><G129/><T27/><D74/><U34/><E50/><V69/><F69/><W135/><G135/><T117/><D117/><U113/><E113/><V62/><F62/><W40/><G125/><T1/><D1/><U44/><E44/><V31/><F5/><W97/><G92/><T52/><D66/><N who="3" m="25129" /><G73/><T22/><D128/><U88/><E133/><V16/><REACH who="2" step="1"/><F31/><REACH who="2" ten="211,319,220,240" step="2"/><W6/><G6/><T12/><D134/><U86/><E4/><V107/><F107/><W68/><G68/><T114/><D114/><U120/><E7/><V30/><F30/><W17/><G17/><N who="0" m="12751" /><D124/><U108/><E63/><V109/><F109/><W53/><G80/><T0/><D0/><U35/><E108/><V111/><F111/><W24/><G83/><T99/><D18/><U57/><E82/><V89/><F89/><W28/><G28/><T75/><D127/><U131/><E88/><V81/><F81/><W91/><G91/><T21/><D84/><U3/><E86/><V55/><AGARI ba="0,1" hai="13,16,23,39,42,45,55,59,60,95,96,100,101,102" machi="55" ten="20,12000,1" yaku="1,1,0,1,7,1,54,1,53,1" doraHai="65" doraHaiUra="41" who="2" fromWho="2" sc="211,-40,319,-40,220,130,240,-40" /><INIT seed="2,1,0,5,1,28" ten="171,279,350,200" oya="2" hai0="100,3,117,50,124,83,11,34,9,36,63,76,131" hai1="71,127,122,61,18,103,49,35,70,95,113,42,88" hai2="4,22,86,51,104,14,1,93,126,92,23,118,30" hai3="128,52,82,99,8,46,32,121,48,29,97,6,74"/><V26/><F118/><W69/><G121/><T75/><D117/><U91/><E113/><V102/><F126/><W56/><G69/><T16/><D124/><U0/><E127/><V45/><F1/><W44/><G128/><T106/><D36/><U57/><E0/><V114/><F114/><W107/><G107/><T13/><D131/><U53/><E35/><V85/><F104/><W37/><G46/><T135/><D135/><U110/><E110/><V33/><F33/><W19/><G19/><T98/><D34/><U21/><E122/><V25/><F4/><W24/><G74/><T68/><D50/><U94/><E70/><V116/><F14/><W40/><REACH who="3" step="1"/><G82/><REACH who="3" ten="171,279,350,190" step="2"/><T65/><REACH who="0" step="1"/><D3/><AGARI ba="1,1" hai="3,6,8,24,29,32,37,40,44,48,52,56,97,99" machi="3" ten="30,12000,2" yaku="1,1,2,1,7,1,52,1,54,1,53,1" doraHai="28" doraHaiUra="47" who="3" fromWho="0" sc="171,-123,279,0,350,0,190,133" /><INIT seed="3,0,0,0,1,94" ten="48,279,350,323" oya="3" hai0="110,18,8,0,128,2,107,84,120,103,23,113,56" hai1="28,98,24,119,15,55,109,70,91,76,19,90,72" hai2="10,51,100,93,129,31,21,62,1,77,74,130,73" hai3="114,25,108,101,60,33,89,17,111,12,59,131,49"/><W61/><G114/><T79/><D120/><U122/><E122/><V135/><F135/><W37/><G37/><T5/><D113/><U6/><E6/><N who="2" m="1359" /><F77/><W11/><G131/><N who="2" m="50185" /><F62/><W78/><G78/><T106/><D128/><U38/><E38/><V29/><F51/><W88/><G101/><T95/><D110/><N who="3" m="42025" /><G49/><T133/><D2/><U22/><E119/><V121/><F121/><W105/><G105/><T58/><D133/><U87/><E70/><V65/><F65/><N who="3" m="39071" /><G61/><T3/><D107/><U99/><E72/><N who="2" m="27755" /><F21/><N who="3" m="13487" /><G33/><T81/><D106/><U117/><E117/><V53/><F53/><W82/><G82/><T42/><D42/><U39/><E55/><V43/><F43/><W27/><G27/><T97/><REACH who="0" step="1"/><D0/><REACH who="0" ten="38,279,350,323" step="2"/><U85/><E109/><V20/><F20/><W75/><G75/><T124/><D124/><U13/><E22/><V34/><F34/><W123/><G123/><T86/><D86/><U64/><E87/><V134/><F134/><W96/><G96/><AGARI ba="0,1" hai="29,31,93,96,100" m="27755,50185,1359" machi="96" ten="30,2000,0" yaku="19,1,52,1" doraHai="94" who="2" fromWho="3" sc="38,0,279,0,350,30,323,-20" /><INIT seed="4,0,0,2,2,18" ten="38,279,380,303" oya="0" hai0="1,58,25,44,62,42,104,75,14,114,91,108,101" hai1="70,133,81,84,49,135,24,126,93,46,47,2,79" hai2="41,76,116,5,94,43,90,71,34,110,82,125,50" hai3="20,32,111,77,51,22,15,36,12,31,100,57,3"/><T10/><D114/><U68/><E2/><V120/><F71/><N who="1" m="27177" /><E49/><V124/><F34/><W106/><G36/><T119/><D119/><U131/><E131/><V45/><F110/><W9/><G111/><T66/><D108/><U73/><E24/><V98/><F120/><W97/><G3/><T89/><D75/><U11/><E11/><V128/><F128/><W53/><G77/><T35/><D1/><U40/><E40/><V113/><F113/><W121/><G121/><T52/><D66/><U4/><E4/><V109/><F5/><W59/><G32/><T37/><D104/><U63/><E63/><V8/><F8/><W117/><G117/><T92/><D101/><U13/><E13/><V78/><F116/><W6/><G15/><T127/><D127/><N who="2" m="48714" /><F109/><W85/><G31/><T60/><D60/><U55/><E55/><N who="2" m="30159" /><F78/><W88/><G59/><T99/><D91/><N who="1" m="53479" /><E126/><V83/><F82/><AGARI ba="0,0" hai="6,9,12,20,22,51,53,57,82,85,88,97,100,106" machi="82" ten="30,7700,0" yaku="7,1,52,2,54,1" doraHai="18" who="3" fromWho="2" sc="38,0,279,0,380,-77,303,77" /><INIT seed="5,0,0,0,2,124" ten="38,279,303,380" oya="1" hai0="89,131,125,115,31,104,107,121,41,111,27,55,117" hai1="106,1,133,37,6,18,13,126,123,51,12,48,119" hai2="23,100,134,122,8,74,14,113,35,61,53,33,95" hai3="93,127,17,105,52,68,50,45,76,43,2,59,84"/><U88/><E37/><V3/><F122/><W118/><G105/><T90/><D41/><U83/><E123/><V29/><F74/><W92/><G127/><T80/><D27/><U26/><E119/><V112/><F3/><W7/><G68/><T38/><D55/><U40/><E106/><V120/><F120/><W72/><G72/><T32/><D31/><U44/><E126/><V57/><F134/><W81/><G118/><T77/><D80/><U60/><E133/><V73/><F73/><W132/><G132/><T34/><D77/><U39/><E1/><V67/><F53/><W42/><G42/><T0/><D90/><U135/><E135/><V28/><F35/><W15/><G2/><T64/><D89/><U128/><E128/><V82/><F82/><W116/><G7/><T49/><D0/><U25/><E60/><V62/><F62/><N who="3" m="36199" /><G116/><T114/><D125/><U9/><E39/><V10/><F33/><W103/><G103/><T36/><D121/><U20/><E48/><V19/><F10/><AGARI ba="0,0" hai="10,15,17,43,45,50,76,81,84,92,93" m="36199" machi="10" ten="30,2000,0" yaku="8,1,54,1" doraHai="124" who="3" fromWho="2" sc="38,0,279,0,303,-20,380,20" /><INIT seed="6,0,0,1,3,5" ten="38,279,283,400" oya="2" hai0="1,37,85,123,129,111,54,68,130,14,59,31,19" hai1="82,24,119,33,10,80,0,128,6,121,25,64,120" hai2="32,89,100,48,86,87,43,7,65,84,47,71,56" hai3="96,41,78,60,74,27,132,117,36,98,40,28,118"/><V30/><F100/><W99/><G132/><T23/><D68/><U49/><E119/><V18/><F71/><W134/><G134/><T50/><D123/><N who="1" m="47179" /><E64/><V133/><F133/><W107/><G107/><T108/><D37/><U22/><E128/><V4/><F89/><W61/><G78/><T51/><D1/><U12/><E49/><V52/><F65/><W104/><G74/><T113/><D113/><U44/><E44/><V38/><REACH who="2" step="1"/><F18/><REACH who="2" ten="38,279,273,400" step="2"/><W92/><G117/><T135/><D135/><U34/><E0/><V58/><F58/><W106/><G118/><T72/><D129/><U53/><E53/><V90/><F90/><W109/><G40/><T26/><D130/><U116/><E116/><V21/><F21/><W127/><G41/><T122/><D122/><U76/><E25/><AGARI ba="0,1" hai="4,7,25,30,32,38,43,47,48,52,56,84,86,87" machi="25" ten="40,12000,1" yaku="1,1,54,1,53,3" doraHai="5" doraHaiUra="83" who="2" fromWho="1" sc="38,0,279,-120,273,130,400,0" /><INIT seed="6,1,0,0,2,89" ten="38,159,403,400" oya="2" hai0="12,49,114,5,108,116,121,125,102,88,28,71,41" hai1="46,26,135,112,29,79,24,35,111,68,78,59,86" hai2="36,107,99,80,94,124,90,2,66,63,0,52,9" hai3="106,85,131,127,76,58,17,60,81,109,73,118,51"/><V103/><F124/><W100/><G127/><T43/><D121/><U84/><E68/><V70/><F36/><W92/><G118/><T30/><D125/><U61/><E111/><V110/><F110/><W3/><G3/><T104/><D116/><U10/><E112/><V45/><F80/><W4/><G4/><T113/><D108/><U75/><E135/><V122/><F122/><W83/><G109/><T15/><D71/><U50/><E10/><V1/><F9/><W20/><G131/><T62/><D102/><U57/><E75/><V8/><F8/><W91/><G51/><T133/><D104/><U77/><E26/><V126/><F126/><W115/><G115/><N who="0" m="44043" /><D62/><U101/><E101/><V105/><REACH who="2" step="1"/><F103/><REACH who="2" ten="38,159,393,400" step="2"/><W56/><G100/><T27/><D133/><U69/><E78/><V55/><F55/><W31/><G83/><T7/><D43/><U21/><E79/><V129/><F129/><W48/><G76/><T39/><D39/><U97/><E77/><V40/><F40/><W19/><G81/><T82/><D41/><U14/><E35/><V11/><F11/><W128/><G128/><T18/><D82/><U23/><E21/><V117/><F117/><W87/><G20/><N who="0" m="13719" /><D88/><U123/><E123/><V134/><F134/><W22/><G91/><T37/><D37/><U72/><E23/><V32/><F32/><W93/><G22/><T67/><D7/><U16/><E24/><V54/><F54/><W65/><G73/><T44/><D5/><U53/><E72/><V74/><F74/><W42/><G42/><N who="0" m="24727" /><D67/><U34/><E53/><V98/><F98/><RYUUKYOKU ba="1,1" sc="38,15,159,-15,393,15,400,-15" hai0="12,15,28,30" hai2="0,1,2,45,52,63,66,70,90,94,99,105,107" /><INIT seed="6,2,1,4,3,49" ten="53,144,408,385" oya="2" hai0="33,107,83,129,38,67,31,92,63,132,111,100,112" hai1="91,123,47,106,117,35,23,48,89,55,26,109,121" hai2="1,40,69,7,80,122,27,124,131,62,24,4,134" hai3="29,45,18,42,85,84,78,53,119,57,50,43,30"/><V11/><F122/><N who="1" m="46601" /><E117/><V60/><F134/><W126/><G119/><T9/><D112/><U108/><E106/><V10/><F131/><W61/><G126/><T46/><D111/><N who="1" m="42571" /><E35/><V34/><F124/><W52/><G18/><AGARI ba="2,1" hai="18,23,26,47,48,55,89,91" m="42571,46601" machi="18" ten="30,2000,0" yaku="13,1,52,1" doraHai="49" who="1" fromWho="3" sc="53,0,144,36,408,0,385,-26" /><INIT seed="7,0,0,3,4,101" ten="53,180,408,359" oya="3" hai0="120,52,19,76,109,89,117,10,86,112,111,8,60" hai1="4,28,107,85,49,1,57,9,65,13,70,108,29" hai2="123,74,53,25,14,40,116,34,81,80,113,55,5" hai3="93,130,2,96,12,0,131,61,94,68,79,21,11"/><W98/><G79/><T38/><D38/><U33/><E13/><V102/><F116/><W99/><G21/><T126/><D117/><U27/><E28/><N who="2" m="19727" /><F40/><W95/><G61/><T43/><D120/><U51/><E27/><V59/><F102/><W77/><G77/><T26/><D126/><U92/><E9/><N who="2" m="4399" /><F74/><W54/><G54/><N who="2" m="20489" /><F59/><W115/><G68/><T20/><D109/><U42/><E51/><V3/><F3/><W78/><G78/><T133/><D111/><U36/><E49/><V106/><F106/><W17/><REACH who="3" step="1"/><G115/><REACH who="3" ten="53,180,408,349" step="2"/><T35/><D112/><U44/><E108/><V32/><F113/><W58/><G58/><T119/><D119/><U41/><E57/><V100/><F32/><W73/><G73/><T124/><D35/><U87/><E33/><V6/><F6/><W48/><G48/><T84/><D60/><U62/><E62/><V46/><F46/><W67/><G67/><T47/><D52/><U125/><E65/><V88/><F123/><W56/><G56/><T45/><D45/><U23/><E44/><V18/><F18/><W97/><N who="3" m="24576" /><DORA hai="132" /><W39/><G39/><T7/><D7/><U69/><E70/><V15/><F100/><W127/><G127/><T104/><D124/><U121/><E125/><V83/><F88/><W24/><G24/><T134/><D89/><U82/><E69/><V122/><F122/><W129/><AGARI ba="0,1" hai="0,2,11,12,17,93,94,95,129,130,131" m="24576" machi="129" ten="50,12000,1" yaku="1,1,0,1,29,2,19,1,53,0" doraHai="101,132" doraHaiUra="22,31" who="3" fromWho="3" sc="53,-40,180,-40,408,-40,349,130" owari="13,-49.0,140,-26.0,368,17.0,479,58.0" /></mjloggm>