<mjloggm ver="2.3"><GO type="41" lobby="0"/><UN n0="%E5%85%89%E3%82%92%E6%B1%82%E3%82%81%E3%81%A6" n1="%E3%81%B4%E3%81%B4%E3%81%B4%49%49%49" n2="%E5%B0%B1%E6%B4%BB%E7%94%9F%40%E5%B7%9D%E6%9D%91%E8%BB%8D%E5%9B%A3" n3="%E5%B7%9D%E6%9D%91%EF%BC%A0%41%56%E8%A6%B3%E8%B3%9E%E4%B8%AD" dan="15,15,15,14" rate="2146.61,1987.65,2004.82,1957.42" sx="M,M,M,M"/><TAIKYOKU oya="0"/><INIT seed="0,0,0,4,4,53" ten="250,250,250,250" oya="0" hai0="19,102,122,72,3,79,0,52,70,35,131,25,93" hai1="82,116,63,69,1,96,32,17,28,100,119,84,133" hai2="54,124,31,62,60,129,13,90,87,108,30,38,104" hai3="97,135,64,134,128,71,51,33,106,10,74,130,40"/><T45/><D70/><U39/><E39/><V41/><F104/><W58/><G74/><T118/><D118/><U42/><E42/><V24/><F124/><W77/><G77/><T46/><D122/><U81/><E1/><V123/><F123/><W76/><G76/><T4/><D131/><N who="3" m="50217" /><G33/><T112/><D112/><U18/><E133/><N who="3" m="50698" /><G10/><T55/><D79/><U59/><E69/><V67/><F30/><W61/><G106/><T36/><D36/><U47/><E32/><V16/><F108/><W103/><G103/><T132/><D132/><U50/><E28/><V29/><F29/><W57/><G97/><T44/><D72/><U86/><E100/><V98/><F98/><W99/><G99/><T66/><D35/><U105/><E96/><V110/><F110/><W26/><G26/><T73/><D73/><U7/><E105/><V9/><F24/><W15/><G15/><T56/><D102/><U115/><E86/><V14/><F31/><W78/><G78/><T2/><D93/><U43/><E84/><V101/><F14/><W120/><G120/><T23/><REACH who="0" step="1"/><D4/><REACH who="0" ten="240,250,250,250" step="2"/><U85/><E7/><N who="2" m="3263" /><F101/><W11/><G11/><T92/><D92/><U107/><E116/><V48/><F38/><W5/><G5/><T109/><D109/><U94/><E94/><V95/><F129/><W126/><G126/><T89/><D89/><U91/><E91/><V68/><F90/><W127/><G127/><T12/><D12/><U34/><E107/><V113/><F95/><W83/><G83/><T8/><D8/><U117/><E82/><V20/><F113/><W65/><G71/><RYUUKYOKU ba="0,1" sc="240,30,250,-10,250,-10,250,-10" hai0="0,2,3,19,23,25,44,45,46,52,55,56,66" /><INIT seed="0,1,1,3,1,24" ten="270,240,240,240" oya="0" hai0="93,134,80,106,117,124,32,97,26,10,48,59,63" hai1="116,46,35,76,27,23,84,29,51,78,91,129,73" hai2="25,107,121,22,92,62,120,96,16,0,133,5,115" hai3="88,54,67,131,58,132,95,79,108,128,94,111,30"/><T135/><D117/><U71/><E129/><N who="3" m="49738" /><G79/><T8/><D106/><U57/><E71/><V82/><F115/><W28/><G67/><T60/><D124/><U19/><E73/><V55/><F133/><N who="0" m="50698" /><D80/><U77/><E116/><V31/><F107/><W65/><G65/><T61/><D26/><U110/><E110/><N who="3" m="42026" /><G132/><T99/><D32/><U1/><E1/><V38/><F38/><W75/><G75/><T18/><D18/><U126/><E126/><V36/><F36/><W47/><G47/><T114/><D114/><U86/><E91/><N who="2" m="55327" /><F82/><W52/><G95/><T53/><D97/><U4/><E4/><V9/><F31/><N who="3" m="11819" /><G58/><AGARI ba="1,1" hai="0,5,9,16,22,25,55,58,62,120,121" m="55327" machi="58" ten="30,2000,0" yaku="25,1,54,1" doraHai="24" who="2" fromWho="3" sc="270,0,240,0,240,33,240,-23" /><INIT seed="1,0,0,1,0,50" ten="270,240,273,217" oya="1" hai0="72,36,46,32,127,33,56,21,101,52,39,99,86" hai1="42,2,114,3,97,41,113,14,135,78,110,119,83" hai2="71,45,51,16,75,27,25,121,122,94,95,88,10" hai3="26,40,103,134,111,87,128,91,89,106,109,6,0"/><U107/><E119/><V15/><F75/><W43/><G128/><T63/><D72/><U20/><E135/><V19/><F71/><W76/><G134/><T38/><D127/><U47/><E113/><V80/><F122/><W93/><G26/><N who="2" m="9737" /><F121/><W34/><G34/><T49/><D21/><U115/><E2/><V44/><F19/><W31/><G31/><T105/><REACH who="0" step="1"/><D86/><REACH who="0" ten="260,240,273,217" step="2"/><U65/><E20/><V85/><F44/><W81/><G109/><T126/><D126/><U60/><E110/><V77/><F77/><W129/><G111/><T73/><D73/><U24/><E114/><V7/><F7/><W130/><G130/><T28/><D28/><U124/><E115/><V108/><F108/><W17/><G129/><T123/><D123/><U79/><E124/><V23/><F23/><W62/><G6/><T55/><AGARI ba="0,1" hai="32,33,36,38,39,46,49,52,55,56,63,99,101,105" machi="55" ten="30,8000,1" yaku="1,1,0,1,52,2,54,1,53,0" doraHai="50" doraHaiUra="125" who="0" fromWho="0" sc="260,90,240,-40,273,-20,217,-20" /><INIT seed="2,0,0,3,1,26" ten="350,200,253,197" oya="2" hai0="13,62,32,6,20,91,118,53,8,121,46,110,61" hai1="47,86,108,45,56,133,120,42,80,29,88,74,65" hai2="75,34,114,17,24,70,52,73,63,135,3,59,72" hai3="54,106,33,19,30,28,85,12,11,84,130,68,128"/><V2/><F114/><W103/><G68/><T93/><D32/><U49/><E108/><V15/><F135/><W124/><G33/><T134/><D121/><U107/><E107/><V104/><F104/><W113/><G113/><T67/><D110/><U27/><E133/><V117/><F117/><W71/><G71/><T92/><D134/><U100/><E120/><V81/><F70/><W40/><G124/><T89/><D67/><U22/><E74/><V129/><F129/><N who="3" m="49771" /><G40/><T105/><D105/><U119/><E119/><V58/><F81/><W0/><G0/><T66/><D66/><U39/><E100/><V76/><F76/><W16/><G19/><T78/><D78/><U123/><E123/><V10/><REACH who="2" step="1"/><F59/><REACH who="2" ten="350,200,243,197" step="2"/><W57/><G106/><T131/><D131/><U14/><E56/><V116/><F116/><W77/><G77/><T87/><D118/><U44/><E39/><V51/><F51/><N who="3" m="30943" /><G103/><T36/><D36/><U122/><E122/><V4/><F4/><W98/><G98/><T99/><D62/><U102/><E47/><V109/><F109/><W97/><G97/><T41/><D61/><U83/><E45/><V127/><F127/><W94/><G94/><T96/><D96/><U5/><E80/><V25/><F25/><W69/><G69/><T55/><D46/><U95/><E102/><V50/><F50/><W31/><AGARI ba="0,1" hai="11,12,16,28,30,31,84,85" m="30943,49771" machi="31" ten="30,8000,1" yaku="19,1,52,3,54,1" doraHai="26" who="3" fromWho="3" sc="350,-20,200,-20,243,-40,197,90" /><INIT seed="3,0,0,1,0,109" ten="330,180,203,287" oya="3" hai0="19,23,70,84,71,34,135,30,36,129,47,53,61" hai1="128,16,117,52,62,44,15,96,2,108,64,3,0" hai2="88,125,7,80,116,89,101,5,26,60,91,35,95" hai3="37,10,48,107,54,121,120,124,105,4,78,57,82"/><W100/><G124/><T65/><D135/><U81/><E108/><V134/><F125/><W86/><G37/><T113/><D129/><U21/><E128/><V98/><F116/><W55/><G54/><T69/><D34/><U93/><E117/><V45/><F134/><W74/><G74/><T63/><D30/><U43/><E81/><V13/><F80/><W103/><G103/><T68/><D84/><U29/><E29/><V18/><F60/><W27/><G27/><T28/><D28/><U110/><E110/><V49/><F26/><W92/><G92/><T73/><D19/><U59/><E43/><V38/><F38/><W46/><G57/><T75/><D23/><U119/><E119/><V127/><F35/><W9/><G9/><T39/><D75/><U102/><REACH who="1" step="1"/><E44/><REACH who="1" ten="330,170,203,287" step="2"/><V33/><F33/><W67/><G120/><T94/><D73/><U25/><E25/><V133/><F133/><W40/><G121/><T122/><D122/><U24/><E24/><V17/><F127/><W32/><G32/><T106/><D106/><U72/><E72/><V87/><F87/><W31/><G31/><T51/><D94/><U126/><E126/><V85/><F85/><W14/><G40/><T104/><D104/><U97/><E97/><V58/><F58/><W90/><G107/><T50/><D39/><U22/><E22/><N who="2" m="11567" /><F18/><W76/><G105/><T99/><D99/><U132/><E132/><V83/><F83/><W118/><G118/><T12/><D36/><U8/><E8/><V123/><F123/><W77/><G10/><T131/><D131/><U114/><E114/><RYUUKYOKU ba="0,1" sc="330,-15,170,15,203,15,287,-15" hai1="0,2,3,15,16,21,52,59,62,64,93,96,102" hai2="5,7,45,49,88,89,91,95,98,101" /><INIT seed="4,1,1,2,4,114" ten="315,185,218,272" oya="0" hai0="125,66,33,97,69,7,1,10,98,26,34,65,129" hai1="103,0,27,17,116,48,95,14,100,54,21,109,43" hai2="92,123,62,119,87,86,67,131,19,106,71,88,110" hai3="134,60,58,16,38,35,101,115,18,80,105,94,73"/><T20/><D129/><U121/><E109/><V13/><F110/><W135/><G105/><T78/><D125/><U52/><E121/><V22/><F131/><W23/><G35/><T76/><D34/><U37/><E0/><V63/><F123/><W102/><G38/><T29/><D69/><U68/><E68/><V9/><F106/><W55/><G115/><T79/><D97/><U42/><E116/><V117/><F63/><W53/><G73/><T5/><D5/><U49/><E37/><V64/><F64/><W50/><G80/><T45/><D45/><N who="1" m="27663" /><E27/><V108/><F108/><W25/><G18/><T61/><D61/><U120/><E120/><V81/><REACH who="2" step="1"/><F9/><REACH who="2" ten="315,185,208,272" step="2"/><W41/><G135/><T112/><D112/><U31/><E31/><V15/><F15/><W96/><G134/><T70/><D70/><U28/><E28/><V46/><F46/><N who="3" m="27863" /><G41/><N who="1" m="15370" /><E95/><V126/><F126/><W91/><AGARI ba="1,2" hai="16,23,25,55,58,60,91,94,96,101,102" m="27863" machi="91" ten="30,4000,0" yaku="25,1,8,1,54,1" doraHai="114" who="3" fromWho="3" sc="315,-21,185,-11,208,-11,272,63" /><INIT seed="5,0,0,0,3,64" ten="294,174,197,335" oya="1" hai0="102,47,53,130,2,127,9,103,41,46,125,74,133" hai1="100,131,66,56,86,16,89,49,61,27,115,119,18" hai2="95,85,126,82,71,112,60,69,65,122,114,79,70" hai3="11,34,81,7,19,121,45,111,117,108,63,88,50"/><U48/><E119/><V0/><F0/><W26/><G121/><T29/><D74/><U62/><E131/><V135/><F122/><W28/><G117/><T17/><D29/><U59/><E100/><V40/><F40/><W124/><G124/><T72/><D72/><U23/><E18/><V31/><F31/><W128/><G128/><T106/><D130/><U43/><E43/><V1/><F1/><W83/><G63/><T4/><D133/><U116/><E115/><N who="2" m="44075" /><F126/><N who="0" m="48138" /><D17/><U67/><REACH who="1" step="1"/><E116/><REACH who="1" ten="294,164,197,335" step="2"/><V107/><F107/><W104/><G19/><T90/><D106/><U96/><E96/><V94/><F135/><W21/><G104/><T15/><D102/><U92/><AGARI ba="0,1" hai="16,23,27,48,49,56,59,61,62,66,67,86,89,92" machi="92" ten="20,18000,2" yaku="1,1,0,1,7,1,9,1,8,1,54,1,53,0" doraHai="64" doraHaiUra="5" who="1" fromWho="1" sc="294,-60,164,190,197,-60,335,-60" /><INIT seed="5,1,0,4,3,37" ten="234,354,137,275" oya="1" hai0="13,27,107,127,103,50,18,8,108,35,97,44,131" hai1="92,115,53,57,24,22,95,55,105,118,19,15,12" hai2="125,119,16,75,46,20,41,39,106,48,78,117,31" hai3="21,65,71,61,88,76,134,121,66,102,42,59,87"/><U9/><E105/><V101/><F125/><W135/><G121/><T63/><D108/><U7/><E118/><V72/><F31/><W1/><G1/><T89/><D127/><U122/><E122/><V73/><F78/><W68/><G102/><T116/><D116/><U90/><E115/><V80/><F80/><W10/><G76/><T96/><D131/><U38/><E38/><V60/><F60/><W133/><G10/><T58/><D96/><U2/><E92/><V84/><F84/><W83/><G21/><T51/><D89/><U25/><E2/><V70/><F70/><W86/><G42/><T33/><D27/><U23/><E57/><V3/><F3/><W28/><G28/><T98/><D50/><U69/><E69/><N who="3" m="26698" /><G86/><T110/><D98/><N who="1" m="57719" /><E25/><V99/><REACH who="2" step="1"/><F39/><REACH who="2" ten="234,354,127,275" step="2"/><W64/><AGARI ba="1,1" hai="59,61,64,65,66,83,87,88,133,134,135" m="26698" machi="64" ten="40,2700,0" yaku="20,1,54,1" doraHai="37" who="3" fromWho="3" sc="234,-8,354,-14,127,-8,275,40" /><INIT seed="6,0,0,4,1,8" ten="226,340,119,315" oya="2" hai0="6,47,71,84,31,86,59,103,111,133,44,2,9" hai1="88,130,46,63,25,10,32,75,110,72,79,23,13" hai2="52,85,113,36,20,17,126,117,92,82,0,66,58" hai3="99,121,51,29,91,35,101,115,77,74,57,132,19"/><V37/><F117/><W94/><G121/><T116/><D71/><U26/><E32/><V95/><F0/><W96/><G132/><T129/><D111/><U30/><E26/><V28/><F126/><W11/><G74/><T7/><D116/><U80/><E72/><V87/><F113/><W14/><G77/><T108/><D108/><U76/><E79/><V105/><F105/><W98/><G115/><T69/><D69/><U53/><E130/><V65/><F28/><W55/><G35/><T127/><D31/><U22/><E23/><V90/><F36/><W56/><G29/><T16/><D2/><U93/><E63/><V12/><F37/><W107/><REACH who="3" step="1"/><G98/><REACH who="3" ten="226,340,119,305" step="2"/><T54/><D133/><U21/><E110/><V124/><F124/><W18/><G18/><T64/><D127/><U70/><E76/><N who="2" m="46279" /><F95/><W3/><G3/><T15/><D6/><U122/><E93/><V114/><F114/><W49/><G49/><AGARI ba="0,1" hai="12,17,20,49,52,58,65,66,87,90,92" m="46279" machi="49" ten="30,11600,0" yaku="25,1,8,1,52,1,54,1" doraHai="8" who="2" fromWho="3" sc="226,0,340,0,119,126,305,-116" /><INIT seed="6,1,0,0,5,10" ten="226,340,245,189" oya="2" hai0="131,94,22,75,55,90,76,33,59,38,79,115,68" hai1="87,93,109,11,34,78,15,85,36,60,3,89,69" hai2="31,88,48,4,40,1,57,111,103,81,95,6,25" hai3="73,39,26,110,91,127,101,126,98,61,21,13,56"/><V52/><F111/><W97/><G110/><T128/><D33/><U112/><E34/><V129/><F129/><N who="0" m="49738" /><D68/><U107/><E107/><V100/><F81/><W29/><G73/><T16/><D38/><U83/><E36/><V102/><F40/><W124/><G39/><T118/><D115/><U63/><E3/><V84/><REACH who="2" step="1"/><F1/><REACH who="2" ten="226,340,235,189" step="2"/><W44/><G44/><T70/><D75/><U104/><E109/><V23/><AGARI ba="1,1" hai="4,6,23,25,31,48,52,57,84,88,95,100,102,103" machi="23" ten="30,18000,2" yaku="1,1,2,1,0,1,8,1,54,2,53,0" doraHai="10" doraHaiUra="5" who="2" fromWho="2" sc="226,-61,340,-61,235,193,189,-61" /><INIT seed="6,2,0,3,0,62" ten="165,279,428,128" oya="2" hai0="24,81,27,128,11,130,61,82,63,134,106,55,58" hai1="6,22,103,85,9,105,99,110,98,5,32,89,94" hai2="40,73,33,52,36,0,66,109,64,132,71,35,97" hai3="56,12,39,4,15,16,80,13,75,19,26,1,29"/><V77/><F0/><W30/><G39/><T72/><D106/><U46/><E110/><V121/><F121/><W120/><G75/><T96/><D134/><U123/><E32/><V115/><F71/><W68/><G56/><T34/><D96/><U53/><E22/><V90/><F40/><W38/><G80/><T51/><D11/><U8/><E123/><V45/><F36/><W67/><G38/><T41/><D34/><U92/><E6/><V43/><F43/><W44/><G44/><T87/><D72/><U116/><E5/><V127/><F52/><W7/><G67/><T23/><D27/><U91/><E116/><V122/><F64/><W2/><G68/><T124/><D124/><U21/><E46/><V25/><F66/><W47/><G47/><T107/><D107/><U31/><REACH who="1" step="1"/><E53/><REACH who="1" ten="165,269,428,128" step="2"/><V57/><F45/><W88/><G120/><T18/><D41/><U93/><E93/><V100/><F35/><W111/><G111/><T131/><D81/><U14/><E14/><V117/><F33/><N who="3" m="20663" /><G88/><AGARI ba="2,1" hai="18,23,24,51,55,58,61,63,82,87,88,128,130,131" machi="88" ten="40,2600,0" yaku="19,1,54,1" doraHai="62" who="0" fromWho="3" sc="165,42,269,0,428,0,128,-32" /><INIT seed="7,0,0,3,4,63" ten="207,269,428,96" oya="3" hai0="120,50,95,39,24,59,1,113,4,111,61,28,73" hai1="43,35,92,17,110,134,133,97,121,109,9,8,6" hai2="15,82,72,23,85,106,81,108,37,100,65,5,118" hai3="30,101,68,55,74,77,29,104,49,34,88,18,2"/><W116/><G116/><T45/><D73/><U94/><E43/><V127/><F37/><W119/><G119/><T25/><D120/><U14/><E35/><V13/><F118/><W70/><G2/><T78/><D111/><U89/><E121/><V114/><F72/><W129/><G129/><T38/><D78/><U62/><E94/><V21/><F100/><W67/><G18/><T122/><D122/><U22/><E9/><V57/><F85/><W93/><G70/><T80/><D80/><U33/><E33/><V53/><F5/><W71/><G71/><T26/><D28/><U86/><E97/><V48/><F106/><W20/><G20/><T75/><D75/><U87/><E87/><V58/><F108/><W46/><G101/><T0/><D95/><U44/><E44/><V36/><F36/><W79/><G104/><T42/><D113/><U102/><E62/><N who="2" m="38095" /><F127/><W135/><G135/><N who="1" m="51722" /><E102/><V128/><F128/><W130/><G130/><T123/><D123/><U115/><E115/><V105/><F105/><W126/><G126/><T56/><D1/><AGARI ba="0,0" hai="1,6,8,14,17,22,86,89,92,109,110" m="51722" machi="1" ten="30,1000,0" yaku="20,1" doraHai="63" who="1" fromWho="0" sc="207,-10,269,10,428,0,96,0" owari="197,-20.0,279,8.0,428,52.0,96,-40.0" /></mjloggm>