<mjloggm ver="2.3"><GO type="97" lobby="0"/><UN n0="%E5%B0%B1%E6%B4%BB%E7%94%9F%40%E5%B7%9D%E6%9D%91%E8%BB%8D%E5%9B%A3" n1="%E3%81%B9%E3%81%91%E3%82%93" n2="%31%71%32%77%33%65%34%72" n3="%73%35%37" dan="15,14,13,14" rate="2020.91,2004.92,1874.35,1913.91" sx="M,M,F,M"/><TAIKYOKU oya="0"/><INIT seed="0,0,0,2,3,30" ten="250,250,250,250" oya="0" hai0="2,33,70,106,14,85,31,88,114,72,18,11,78" hai1="49,7,86,62,16,119,109,15,40,29,122,96,68" hai2="21,111,25,93,102,64,98,82,103,42,52,28,112" hai3="89,48,34,135,69,12,83,133,10,32,58,35,95"/><T6/><D114/><U130/><E119/><V67/><F112/><W60/><G48/><T66/><D106/><U129/><E122/><V90/><F111/><W65/><G83/><T77/><D72/><U128/><E7/><V61/><F42/><W1/><G1/><T115/><D115/><U20/><E109/><V84/><F103/><W56/><G95/><N who="0" m="54671" /><D66/><N who="1" m="41047" /><E86/><V17/><F28/><W36/><G89/><T4/><D4/><U50/><E40/><V8/><F8/><W0/><G0/><T123/><D70/><U132/><E132/><N who="3" m="50762" /><G36/><T101/><D101/><U71/><E71/><V53/><F53/><W5/><AGARI ba="0,0" hai="5,10,12,32,34,35,56,58,60,65,69" m="50762" machi="5" ten="40,8000,1" yaku="20,1,52,3" doraHai="30" who="3" fromWho="3" sc="250,-40,250,-20,250,-20,250,80" /><INIT seed="1,0,0,2,5,11" ten="210,230,230,330" oya="1" hai0="70,26,35,4,18,101,69,51,104,64,79,98,30" hai1="135,21,102,110,117,27,132,88,73,39,129,10,7" hai2="90,5,124,53,34,97,116,15,65,82,49,123,9" hai3="20,76,38,14,3,83,36,114,111,48,41,13,71"/><U8/><E39/><V50/><F116/><W95/><G3/><T16/><D79/><U55/><E117/><V24/><F123/><W45/><G71/><T127/><D127/><U134/><E73/><V105/><F124/><W119/><G114/><T12/><D69/><U77/><E77/><V78/><F65/><W115/><G115/><T106/><D106/><U81/><E102/><V37/><F37/><W58/><G119/><T125/><D51/><U92/><E81/><V57/><F105/><W56/><G111/><T85/><D85/><U25/><E129/><V40/><F97/><W96/><G38/><T31/><D31/><U84/><E110/><V121/><F121/><W118/><G118/><T113/><D113/><U131/><E131/><V122/><F122/><W60/><G36/><T6/><D18/><U109/><E109/><V54/><F34/><W28/><G58/><T59/><D59/><U94/><E8/><V19/><F24/><N who="3" m="16391" /><G83/><T22/><REACH who="0" step="1"/><D125/><REACH who="0" ten="200,230,230,330" step="2"/><U66/><E134/><V46/><F19/><W107/><G107/><T103/><D103/><U44/><E132/><V75/><F90/><N who="3" m="55415" /><G76/><T108/><D108/><U17/><E135/><V112/><F112/><W74/><G74/><T99/><D99/><U67/><E88/><V47/><F40/><W128/><G128/><T33/><D33/><U91/><E91/><V89/><F89/><W2/><G56/><AGARI ba="0,1" hai="5,9,15,46,47,49,50,53,54,56,57,75,78,82" machi="56" ten="30,3900,0" yaku="7,1,9,1,52,1" doraHai="11" who="2" fromWho="3" sc="200,0,230,0,230,49,330,-39" /><INIT seed="2,0,0,0,3,65" ten="200,230,279,291" oya="2" hai0="115,11,53,63,45,69,71,67,99,112,107,52,32" hai1="86,80,98,66,3,49,40,113,134,135,125,95,58" hai2="47,88,81,129,89,132,1,111,74,5,10,24,46" hai3="90,28,15,35,8,27,73,26,84,62,19,116,76"/><V123/><F123/><W44/><G116/><T55/><D32/><U72/><E113/><N who="0" m="43593" /><D107/><U41/><E72/><V12/><F132/><N who="1" m="50729" /><E3/><V118/><F118/><W6/><G76/><T114/><N who="0" m="43601" /><T20/><DORA hai="29" /><D20/><U18/><E18/><V38/><F129/><W119/><G73/><T33/><D33/><U127/><E66/><V13/><F111/><W14/><G119/><T100/><D11/><U59/><E86/><V104/><F24/><W50/><G62/><N who="0" m="40183" /><D99/><U70/><E70/><V83/><F104/><W56/><G27/><T108/><D100/><N who="1" m="60511" /><E80/><N who="2" m="30795" /><F38/><W103/><G103/><T101/><D101/><U122/><E122/><V79/><F1/><W131/><G131/><T82/><D82/><U61/><E61/><V93/><F74/><W39/><G39/><T48/><D108/><U121/><E121/><V109/><F109/><W106/><G106/><T4/><D4/><U102/><E102/><V9/><F79/><W51/><G84/><T30/><D30/><U117/><E117/><V96/><F89/><W126/><G90/><T87/><D87/><U25/><E25/><V7/><AGARI ba="0,0" hai="5,7,9,10,12,13,46,47,88,93,96" m="30795" machi="7" ten="30,3000,0" yaku="8,1,54,1" doraHai="65,29" who="2" fromWho="2" sc="200,-10,230,-10,279,30,291,-10" /><INIT seed="2,1,0,4,1,134" ten="190,220,309,281" oya="2" hai0="36,105,75,127,120,117,102,6,17,124,121,82,131" hai1="110,71,106,125,15,130,90,59,49,86,94,93,115" hai2="43,54,114,55,0,69,52,61,32,87,11,107,3" hai3="67,108,128,41,42,74,123,76,34,113,104,53,37"/><V63/><F114/><W38/><G104/><T48/><D36/><N who="3" m="13929" /><G76/><N who="0" m="44319" /><D6/><U91/><E115/><V12/><F32/><W132/><G74/><T27/><D117/><U88/><E106/><V122/><F122/><N who="0" m="47210" /><D48/><U79/><E71/><V68/><F107/><W111/><G34/><T73/><D27/><U4/><E79/><V78/><F43/><N who="3" m="16395" /><G113/><T51/><D51/><U109/><E15/><V64/><F78/><W47/><G123/><T24/><D24/><U99/><E59/><V13/><F87/><W103/><G67/><T50/><D50/><U39/><E49/><V77/><F77/><W92/><G47/><T18/><D131/><U14/><E130/><V83/><F83/><W16/><G128/><T135/><D135/><U57/><E4/><V19/><REACH who="2" step="1"/><F12/><REACH who="2" ten="190,220,299,281" step="2"/><W116/><G116/><T119/><D119/><U133/><E14/><V44/><F44/><W2/><G132/><T40/><D73/><U65/><E133/><V10/><F10/><W112/><G112/><T23/><D40/><U33/><E39/><V101/><F101/><W100/><G100/><T70/><D70/><U80/><E33/><V66/><AGARI ba="1,1" hai="0,3,11,13,19,52,54,55,61,63,64,66,68,69" machi="66" ten="30,11700,0" yaku="1,1,0,1,9,1,54,1,53,0" doraHai="134" doraHaiUra="31" who="2" fromWho="2" sc="190,-40,220,-40,299,130,281,-40" /><INIT seed="2,2,0,4,3,103" ten="150,180,429,241" oya="2" hai0="56,15,101,67,6,107,121,38,123,129,110,120,80" hai1="60,125,66,21,127,48,31,2,94,12,88,86,57" hai2="30,19,11,131,68,25,109,126,118,36,39,75,96" hai3="65,13,82,104,35,95,90,74,84,16,4,32,37"/><V108/><F75/><W0/><G37/><T78/><D38/><U71/><E2/><V119/><F68/><W33/><G4/><T17/><D129/><U47/><E31/><V132/><F96/><W93/><G0/><T62/><D6/><U99/><E99/><V83/><F83/><W8/><G74/><T63/><D110/><N who="2" m="42602" /><F131/><W10/><G10/><T5/><D5/><U27/><E27/><V133/><F36/><W102/><G65/><T77/><D62/><U135/><E135/><N who="2" m="51787" /><F39/><W122/><G122/><T43/><D43/><U34/><E34/><N who="2" m="20815" /><F126/><W98/><AGARI ba="2,0" hai="8,13,16,32,33,35,82,84,90,93,95,98,102,104" machi="98" ten="40,5200,0" yaku="0,1,52,1,54,1" doraHai="103" who="3" fromWho="3" sc="150,-15,180,-15,429,-28,241,58" /><INIT seed="3,0,0,4,4,29" ten="135,165,401,299" oya="3" hai0="40,28,77,59,63,22,75,89,103,120,65,46,80" hai1="49,129,12,132,123,57,37,16,32,111,26,71,106" hai2="97,56,94,1,121,99,51,5,87,133,4,18,122" hai3="85,125,52,62,73,108,92,19,115,76,13,93,70"/><W11/><G115/><T74/><D120/><N who="2" m="46186" /><F133/><W35/><G73/><T60/><D103/><U20/><E71/><V33/><F33/><W43/><G125/><T53/><D89/><U128/><E106/><V127/><F127/><W27/><G43/><T64/><D74/><U25/><E37/><V9/><F5/><W105/><G105/><T3/><D3/><U107/><E107/><V39/><F39/><W110/><G70/><T36/><D28/><U66/><E49/><V14/><F87/><W23/><G76/><T81/><D81/><U86/><E57/><V61/><F51/><W135/><G135/><T21/><REACH who="0" step="1"/><D53/><REACH who="0" ten="125,165,401,299" step="2"/><U91/><E66/><N who="2" m="39207" /><F94/><W72/><G72/><T118/><D118/><U2/><E91/><V119/><F119/><W7/><G85/><T8/><D8/><AGARI ba="0,1" hai="1,4,8,9,14,18,97,99" m="39207,46186" machi="8" ten="30,1000,0" yaku="13,1" doraHai="29" who="2" fromWho="0" sc="125,-10,165,0,401,20,299,0" owari="115,-38.0,165,-23.0,421,51.0,299,10.0" /></mjloggm>