<mjloggm ver="2.3"><GO type="41" lobby="0"/><UN n0="%73%68%61%6B%75%6F" n1="%E5%B0%B1%E6%B4%BB%E7%94%9F%40%E5%B7%9D%E6%9D%91%E8%BB%8D%E5%9B%A3" n2="%6B%6F%6A%69%2D%72%75" n3="%69%6E%61%73%61%62%75" dan="13,16,15,13" rate="1827.59,2157.96,1988.40,1902.50" sx="M,M,M,M"/><TAIKYOKU oya="0"/><INIT seed="0,0,0,1,5,125" ten="250,250,250,250" oya="0" hai0="13,60,85,44,107,77,58,46,92,94,105,53,4" hai1="2,121,104,67,50,64,35,33,29,133,91,49,0" hai2="26,102,51,116,73,9,7,12,86,24,88,11,38" hai3="115,83,59,89,66,47,108,32,93,84,22,134,20"/><T16/><D105/><U8/><E104/><V45/><F38/><W75/><G32/><N who="1" m="12362" /><E29/><V110/><F73/><W101/><G47/><T87/><D107/><U63/><E63/><V71/><F71/><W95/><G95/><N who="0" m="36395" /><D4/><U78/><E78/><V65/><F65/><N who="1" m="25161" /><E8/><V123/><F123/><W52/><G75/><T27/><D27/><U117/><E117/><V122/><F122/><W126/><G66/><T43/><D43/><U103/><E121/><V135/><F102/><W34/><G101/><T80/><D87/><U61/><E61/><V100/><F100/><W39/><G34/><T3/><D3/><N who="1" m="1067" /><E103/><V36/><F36/><W98/><G39/><T54/><D54/><U19/><E19/><V111/><F116/><W99/><G93/><T120/><D120/><U81/><E81/><V124/><F124/><W6/><G126/><T82/><D82/><U96/><E96/><V42/><F11/><AGARI ba="0,0" hai="11,13,16,44,46,53,58,60,77,80,85" m="36395" machi="11" ten="30,2900,0" yaku="8,1,54,1" doraHai="125" who="0" fromWho="2" sc="250,29,250,0,250,-29,250,0" /><INIT seed="0,1,0,3,3,122" ten="279,250,221,250" oya="0" hai0="109,69,130,116,20,83,35,31,37,49,87,66,134" hai1="131,7,42,88,128,48,14,97,93,124,59,8,75" hai2="104,52,16,95,36,13,58,44,46,127,53,45,9" hai3="18,123,43,62,117,57,30,17,21,67,77,106,79"/><T22/><D116/><U15/><E75/><V55/><F104/><W71/><G106/><T26/><D37/><U80/><E124/><V99/><F127/><W111/><G117/><T103/><D130/><N who="1" m="49707" /><E80/><V126/><F36/><W23/><G30/><T2/><D2/><N who="1" m="119" /><E42/><V96/><F126/><W81/><G123/><T3/><D3/><U50/><E59/><V60/><REACH who="2" step="1"/><F99/><REACH who="2" ten="279,250,211,250" step="2"/><W41/><G79/><T102/><D134/><U24/><E24/><V105/><F105/><W63/><G71/><T4/><D69/><U112/><E112/><V82/><F82/><W94/><G94/><T121/><D26/><U10/><E15/><V119/><F119/><W89/><G77/><T1/><D83/><U120/><E120/><V135/><F135/><W19/><G81/><T64/><D121/><U47/><E47/><V115/><F115/><W76/><G76/><T39/><D39/><U125/><E125/><V0/><F0/><W51/><G89/><AGARI ba="1,1" hai="9,13,16,44,45,46,52,53,55,58,60,89,95,96" machi="89" ten="40,8000,1" yaku="1,1,8,1,54,2,53,0" doraHai="122" doraHaiUra="132" who="2" fromWho="3" sc="279,0,250,0,211,93,250,-83" /><INIT seed="1,0,0,1,3,101" ten="279,250,304,167" oya="1" hai0="33,105,44,97,82,23,135,42,19,55,39,0,112" hai1="83,1,91,59,46,35,9,84,93,52,25,124,127" hai2="4,128,76,22,50,130,41,132,88,110,3,28,17" hai3="133,16,126,26,2,13,27,73,38,109,58,108,68"/><U15/><E1/><V85/><F110/><W120/><G2/><T81/><D33/><U31/><E46/><N who="2" m="25935" /><F132/><W43/><G133/><T113/><D0/><U74/><E74/><V114/><F28/><W12/><G68/><T100/><D135/><U102/><E102/><V21/><F76/><W134/><G134/><T90/><D90/><U122/><E122/><V11/><F114/><W107/><G120/><T121/><D121/><U53/><E83/><N who="2" m="49215" /><F17/><W29/><G107/><T106/><D55/><U123/><E123/><V47/><F47/><W57/><G73/><T72/><D105/><U51/><REACH who="1" step="1"/><E53/><REACH who="1" ten="279,240,304,167" step="2"/><V94/><F94/><W36/><G126/><T30/><D113/><U129/><E129/><AGARI ba="0,1" hai="3,4,11,21,22,128,129,130" m="49215,25935" machi="129" ten="30,2000,0" yaku="19,1,54,1" doraHai="101" who="2" fromWho="1" sc="279,0,240,-20,304,30,167,0" /><INIT seed="2,0,0,3,3,57" ten="279,220,334,167" oya="2" hai0="42,48,60,39,27,116,112,98,44,73,123,74,131" hai1="11,120,20,18,117,130,127,101,28,23,114,97,119" hai2="13,125,58,21,45,91,41,52,129,111,100,10,34" hai3="64,83,122,86,15,0,32,113,104,93,69,55,96"/><V126/><F34/><W56/><G0/><T89/><D123/><U76/><E120/><V17/><F100/><W95/><G122/><T67/><D116/><U2/><E114/><V81/><F129/><W92/><G113/><T53/><D112/><U25/><E130/><V107/><F107/><W59/><G32/><T84/><D98/><U61/><E127/><N who="2" m="48651" /><F111/><W40/><G40/><T124/><D124/><U22/><E76/><V43/><F45/><W33/><G33/><T94/><D27/><U3/><E3/><V108/><F108/><W8/><G69/><T71/><REACH who="0" step="1"/><D131/><REACH who="0" ten="269,220,334,167" step="2"/><U47/><E117/><V4/><F81/><W38/><G96/><T90/><D90/><U9/><E97/><V35/><F91/><W75/><G104/><T77/><D77/><U121/><E101/><V82/><F82/><W7/><G75/><T70/><D70/><U134/><E121/><V62/><F35/><W80/><G86/><T14/><D14/><AGARI ba="0,1" hai="4,10,13,14,17,21,41,43,52,58,62" m="48651" machi="14" ten="30,5800,0" yaku="18,1,52,1,54,1" doraHai="57" who="2" fromWho="0" sc="269,-58,220,0,334,68,167,0" /><INIT seed="2,1,0,3,1,58" ten="211,220,402,167" oya="2" hai0="20,30,124,84,60,122,102,116,8,89,11,77,93" hai1="69,91,79,135,50,10,131,88,65,64,36,105,71" hai2="31,45,57,6,123,54,94,15,129,59,7,52,119" hai3="81,21,76,43,2,111,53,108,29,51,44,49,97"/><V24/><F119/><W63/><G2/><T83/><D122/><U100/><E36/><V28/><F123/><W62/><G97/><T14/><D124/><U114/><E114/><V78/><F129/><W47/><G21/><T120/><D120/><U75/><E131/><V96/><F45/><W46/><G29/><N who="2" m="11337" /><F24/><W1/><G1/><T26/><D116/><U39/><E39/><V113/><F78/><W42/><G81/><T5/><D102/><U112/><E112/><V27/><F27/><W121/><G76/><T80/><D11/><U66/><E135/><V13/><F113/><W118/><G118/><T18/><D80/><U23/><E105/><V106/><F106/><W67/><G121/><T35/><D77/><U127/><E79/><V61/><F7/><W115/><G115/><T16/><D35/><U128/><E75/><V107/><F6/><W3/><G3/><T34/><D34/><U86/><E128/><V40/><F40/><N who="3" m="15403" /><G67/><T22/><D83/><U98/><E127/><V12/><F107/><W132/><G132/><T4/><REACH who="0" step="1"/><D60/><REACH who="0" ten="201,220,402,167" step="2"/><N who="3" m="23081" /><G49/><T37/><D37/><U41/><E100/><N who="2" m="60439" /><F61/><W130/><G130/><T117/><D117/><U101/><E50/><V19/><F19/><W125/><G125/><T90/><D90/><U74/><E91/><V85/><F85/><W103/><G103/><T87/><D87/><U99/><E86/><V104/><F104/><W134/><G134/><T9/><D9/><U0/><E88/><V48/><F48/><W68/><G68/><T82/><D82/><U17/><E71/><V95/><F95/><W126/><G126/><RYUUKYOKU ba="1,1" sc="201,10,220,-30,402,10,167,10" hai0="4,5,8,14,16,18,20,22,26,30,84,89,93" hai2="12,13,15,52,54,57,59" hai3="44,46,47,51,53,108,111" /><INIT seed="2,2,1,4,0,112" ten="211,190,412,177" oya="2" hai0="38,72,127,49,99,64,42,78,44,129,47,9,128" hai1="115,40,82,55,113,67,86,76,22,121,7,37,43" hai2="109,3,130,135,74,70,77,118,134,25,14,20,19" hai3="16,60,119,79,88,34,28,52,97,26,21,100,11"/><V96/><F70/><W117/><G79/><T95/><D127/><U2/><E121/><V110/><F74/><W71/><G11/><T1/><D64/><U12/><E2/><V106/><F106/><W65/><G52/><T48/><D95/><U126/><E126/><V120/><F77/><W75/><G75/><T133/><D99/><U13/><E67/><V122/><F96/><W51/><G51/><T87/><D87/><U85/><E55/><V0/><F130/><N who="0" m="50282" /><D133/><N who="2" m="50698" /><F118/><W94/><REACH who="3" step="1"/><G100/><REACH who="3" ten="211,190,412,167" step="2"/><T31/><D48/><U111/><E37/><V73/><F73/><W17/><G17/><T61/><D49/><U33/><E40/><V50/><F50/><W59/><G59/><T131/><D47/><U45/><E43/><V10/><F122/><W58/><G58/><T27/><D131/><U104/><E45/><V62/><F120/><W103/><G103/><T5/><D61/><U132/><E113/><V107/><F62/><W108/><G108/><N who="2" m="41577" /><F107/><W46/><G46/><T102/><D102/><U53/><E132/><V123/><F123/><W15/><AGARI ba="2,2" hai="15,16,21,26,28,34,60,65,71,88,94,97,117,119" machi="15" ten="20,12000,2" yaku="1,1,0,1,7,1,52,2,54,2,53,0" doraHai="112" doraHaiUra="69" who="3" fromWho="3" sc="211,-32,190,-32,412,-62,167,146" /><INIT seed="3,0,0,1,0,67" ten="179,158,350,313" oya="3" hai0="45,91,111,52,37,6,51,102,27,72,50,135,23" hai1="123,125,85,36,46,115,126,29,106,54,97,28,2" hai2="131,81,84,9,8,48,63,30,20,121,112,93,118" hai3="127,22,75,94,92,43,41,17,0,117,113,133,64"/><W73/><G0/><T114/><D72/><U49/><E2/><V95/><F118/><W55/><G117/><T26/><D37/><U108/><E123/><V87/><F112/><W119/><G113/><T35/><D111/><U57/><E115/><V3/><F131/><W18/><G119/><T66/><D114/><U32/><E32/><V13/><F121/><W89/><G133/><T65/><D135/><U96/><E108/><V39/><F39/><W104/><G104/><T100/><D35/><U120/><E120/><V11/><F3/><W122/><G122/><T62/><D6/><U130/><E130/><V74/><F74/><W14/><G127/><N who="1" m="48650" /><E85/><V82/><F63/><W53/><G64/><T71/><D66/><U19/><E19/><N who="2" m="10351" /><F30/><N who="1" m="11881" /><E106/><V132/><F132/><W42/><G89/><T101/><D91/><U60/><E36/><V24/><F24/><W88/><G88/><T80/><D80/><U47/><E47/><V69/><F69/><W78/><G78/><T10/><D27/><U105/><E105/><V110/><F110/><W68/><G68/><T76/><D76/><U1/><E1/><V58/><F58/><W56/><G56/><T98/><D26/><U21/><E21/><V4/><F4/><W109/><G109/><T38/><D23/><U70/><E70/><V90/><F48/><W107/><G107/><T25/><D25/><U86/><E86/><V15/><F15/><W124/><G124/><T40/><D51/><U134/><E134/><V34/><F34/><W7/><G14/><T59/><D10/><U44/><E44/><V99/><F87/><RYUUKYOKU ba="0,0" sc="179,10,158,10,350,10,313,-30" hai0="38,40,45,50,52,59,62,65,71,98,100,101,102" hai1="46,49,54,57,60,96,97" hai2="8,9,11,81,82,84,90,93,95,99" /><INIT seed="4,1,0,1,4,85" ten="189,168,360,283" oya="0" hai0="131,81,13,63,98,44,41,106,25,47,20,31,135" hai1="107,11,132,74,28,24,88,87,120,53,38,52,128" hai2="8,92,22,17,103,2,105,115,130,112,61,37,16" hai3="0,93,6,71,58,134,89,35,33,54,1,26,29"/><T57/><D131/><U30/><E120/><V110/><F110/><W18/><G71/><T102/><D135/><U80/><E107/><V82/><F37/><W109/><G134/><T40/><D13/><U83/><E132/><V133/><F133/><W121/><G109/><T59/><D81/><N who="1" m="49263" /><E38/><V126/><F105/><W129/><G121/><T67/><REACH who="0" step="1"/><D59/><REACH who="0" ten="179,168,360,283" step="2"/><U4/><E74/><V116/><F130/><W111/><G111/><T42/><AGARI ba="1,1" hai="20,25,31,40,41,42,44,47,57,63,67,98,102,106" machi="42" ten="30,11700,0" yaku="1,1,2,1,0,1,53,1" doraHai="85" doraHaiUra="94" who="0" fromWho="0" sc="179,130,168,-40,360,-40,283,-40" /><INIT seed="4,2,0,3,5,43" ten="309,128,320,243" oya="0" hai0="51,46,13,82,44,76,104,45,130,41,12,54,90" hai1="100,101,52,11,40,70,89,7,119,47,21,9,102" hai2="15,42,19,113,36,39,55,134,29,125,94,75,62" hai3="111,92,135,32,73,3,38,128,131,83,69,97,91"/><T33/><D33/><U79/><E119/><V81/><F113/><W60/><G3/><T112/><D104/><U23/><E70/><V10/><F125/><W71/><G32/><T64/><D112/><U68/><E68/><V110/><F110/><W27/><G38/><T133/><D133/><U66/><E66/><V74/><F134/><W35/><G135/><T122/><D122/><U106/><E106/><V77/><F75/><W34/><G111/><T2/><D2/><U98/><E79/><V115/><F115/><W103/><G35/><T56/><D130/><U8/><E7/><V50/><F42/><W121/><G121/><T129/><D129/><U61/><E98/><V59/><F29/><W108/><G108/><T58/><D41/><U0/><E0/><V65/><REACH who="2" step="1"/><F94/><REACH who="2" ten="309,128,310,243" step="2"/><W85/><G73/><T49/><D90/><U114/><E114/><V105/><F105/><W87/><G131/><T126/><D126/><U96/><E96/><V72/><F72/><W132/><G128/><T53/><REACH who="0" step="1"/><D64/><REACH who="0" ten="299,128,310,243" step="2"/><U6/><E6/><V63/><F63/><W4/><G132/><T78/><D78/><U26/><E40/><V109/><F109/><W123/><G123/><T67/><D67/><U37/><E37/><V14/><F14/><W93/><G71/><AGARI ba="2,2" hai="10,15,19,36,39,50,55,59,62,65,71,74,77,81" machi="71" ten="30,2000,0" yaku="1,1,7,1,53,0" doraHai="43" doraHaiUra="99" who="2" fromWho="3" sc="299,0,128,0,310,46,243,-26" /><INIT seed="5,0,0,3,3,34" ten="299,128,356,217" oya="1" hai0="47,99,54,5,78,0,110,28,56,123,76,111,50" hai1="58,26,66,19,107,74,64,131,9,106,95,119,13" hai2="113,89,51,88,117,40,62,97,21,90,81,125,82" hai3="20,15,60,103,41,27,24,33,135,35,86,98,128"/><U118/><E74/><V63/><F117/><W14/><G135/><T129/><D123/><U59/><E131/><V52/><F125/><W85/><G128/><T112/><D28/><U100/><E107/><V71/><F40/><W46/><G60/><N who="2" m="23081" /><F71/><W61/><G61/><T57/><D129/><U96/><E106/><V133/><F133/><W91/><G35/><T94/><D112/><U43/><E43/><V31/><F113/><W32/><G32/><T84/><D110/><U6/><E119/><V8/><F8/><W92/><G33/><T109/><D109/><U7/><E118/><V45/><F97/><W115/><G115/><T116/><D116/><U44/><E44/><V2/><F2/><W120/><G120/><T79/><D111/><U132/><E132/><V65/><F65/><N who="1" m="25193" /><E26/><AGARI ba="0,0" hai="21,26,31,45,51,52,81,82,88,89,90" m="23081" machi="26" ten="30,3900,0" yaku="8,1,54,2" doraHai="34" who="2" fromWho="1" sc="299,0,128,-39,356,39,217,0" /><INIT seed="6,0,0,4,0,69" ten="299,89,395,217" oya="2" hai0="98,112,58,89,53,97,49,79,21,124,64,46,99" hai1="84,132,10,130,55,88,105,36,108,73,91,59,127" hai2="50,16,39,17,134,123,95,23,42,78,74,67,120" hai3="92,62,72,29,0,38,34,109,19,20,94,27,6"/><V119/><F119/><W1/><G72/><T135/><D112/><U71/><E71/><V111/><F134/><W30/><G109/><T48/><D124/><U76/><E105/><V3/><F3/><W56/><G30/><T77/><D135/><U11/><E73/><V37/><F111/><W100/><G0/><T12/><D89/><U45/><E108/><V13/><F67/><W54/><G100/><T75/><D75/><U15/><E127/><V128/><F128/><W31/><G31/><T33/><D33/><U106/><E132/><V82/><F95/><W22/><G22/><T28/><D64/><U14/><E130/><V60/><F60/><W104/><G104/><T86/><D86/><U80/><E106/><V87/><F74/><W70/><G70/><T126/><D126/><U68/><E68/><V133/><F133/><W2/><G2/><T26/><REACH who="0" step="1"/><D12/><REACH who="0" ten="289,89,395,217" step="2"/><U51/><E15/><V103/><F13/><N who="3" m="9327" /><G38/><T102/><D102/><U66/><E11/><AGARI ba="0,1" hai="1,6,11,27,29,34,54,56,62,92,94" m="9327" machi="11" ten="30,1000,0" yaku="24,1" doraHai="69" who="3" fromWho="1" sc="289,0,89,-10,395,0,217,20" /><INIT seed="7,0,0,1,4,25" ten="289,79,395,237" oya="3" hai0="91,101,72,117,32,122,58,11,111,82,15,65,135" hai1="35,95,79,16,12,61,99,14,33,67,29,66,115" hai2="104,110,27,85,107,98,131,94,21,71,40,2,97" hai3="55,24,17,81,44,96,10,89,105,87,48,43,125"/><W100/><G125/><T59/><D117/><U83/><E115/><V34/><F110/><W50/><G24/><T68/><D111/><U77/><E35/><V46/><F34/><W6/><G17/><T45/><D122/><U20/><E33/><V47/><F71/><W63/><G63/><T88/><D135/><U9/><E83/><V18/><F2/><W69/><G69/><T19/><D101/><U23/><E67/><V121/><F121/><W30/><G30/><T73/><D32/><U54/><E54/><V78/><F131/><W60/><G60/><T112/><D112/><U52/><E20/><V8/><F8/><W108/><G108/><T124/><D124/><U64/><E64/><V130/><F130/><W84/><G84/><T134/><D134/><U90/><E14/><V5/><F5/><W113/><G113/><T22/><D68/><U103/><E90/><V76/><F104/><W13/><G50/><T3/><D45/><U116/><E116/><V0/><F107/><W42/><AGARI ba="0,0" hai="6,10,13,42,43,44,48,55,81,87,89,96,100,105" machi="42" ten="30,1500,0" yaku="0,1" doraHai="25" who="3" fromWho="3" sc="289,-5,79,-5,395,-5,237,15" /><INIT seed="7,1,0,0,0,104" ten="284,74,390,252" oya="3" hai0="22,45,81,130,28,18,23,76,41,124,74,5,25" hai1="4,9,80,72,94,21,126,68,82,67,34,3,29" hai2="132,103,31,83,86,11,64,2,78,70,69,107,128" hai3="75,121,84,85,99,118,33,113,16,73,7,13,58"/><W47/><G33/><T30/><D130/><U131/><E80/><V89/><F128/><W59/><G121/><T12/><D124/><U48/><E94/><V110/><F110/><W52/><G118/><T0/><D5/><U114/><E21/><V43/><F132/><W8/><G113/><T35/><D0/><U54/><E54/><V97/><F64/><W55/><G99/><T100/><D100/><U129/><E48/><V120/><F120/><W79/><G47/><T134/><D134/><U61/><E114/><V92/><F43/><W56/><G7/><T49/><REACH who="0" step="1"/><D30/><REACH who="0" ten="274,74,390,252" step="2"/><U93/><E93/><V26/><F2/><W66/><G66/><T109/><D109/><U116/><E116/><V60/><F31/><W36/><G36/><T24/><D24/><U32/><E126/><V17/><F26/><W53/><REACH who="3" step="1"/><G79/><REACH who="3" ten="274,74,390,242" step="2"/><T38/><D38/><U122/><E122/><V105/><F78/><W91/><G91/><T1/><D1/><U123/><E123/><V42/><F89/><W102/><G102/><T95/><D95/><U40/><E40/><V135/><F103/><W127/><G127/><T65/><D65/><U57/><E57/><V87/><F92/><W14/><G14/><T77/><D77/><U133/><E133/><V115/><F135/><W88/><G88/><T19/><D19/><U62/><E62/><V106/><F60/><W15/><G15/><T10/><AGARI ba="1,2" hai="10,12,18,22,23,25,28,35,41,45,49,74,76,81" machi="10" ten="20,5200,0" yaku="1,1,0,1,7,1,52,1,53,0" doraHai="104" doraHaiUra="101" who="0" fromWho="0" sc="274,75,74,-14,390,-14,242,-27" owari="349,15.0,60,-44.0,376,47.0,215,-18.0" /></mjloggm>