<mjloggm ver="2.3"><GO type="41" lobby="0"/><UN n0="%E3%83%90%E3%83%B3%E3%83%96%E3%83%BC%E3%83%A1%E3%83%A2%E3%83%AA%E3%83%BC" n1="%54%48%45%43%41%52%53" n2="%6D%75%72%61%79%6F%73%69" n3="%E5%B0%B1%E6%B4%BB%E7%94%9F%40%E5%B7%9D%E6%9D%91%E8%BB%8D%E5%9B%A3" dan="14,15,14,17" rate="1968.03,2033.44,1913.04,2083.88" sx="M,M,M,M"/><TAIKYOKU oya="0"/><INIT seed="0,0,0,2,1,77" ten="250,250,250,250" oya="0" hai0="17,2,102,130,127,7,62,93,134,19,110,124,59" hai1="82,6,128,14,34,111,64,80,31,113,3,58,78" hai2="118,90,106,49,104,89,81,60,85,28,65,23,32" hai3="122,129,13,41,117,75,26,99,100,133,123,97,18"/><T44/><D110/><U27/><E111/><V38/><F38/><W95/><G75/><T135/><D130/><U91/><E128/><V0/><F0/><W120/><G117/><T76/><D76/><U40/><E113/><V114/><F32/><W98/><G129/><T33/><D33/><U79/><E40/><V53/><F114/><W70/><G70/><T39/><D7/><U50/><E3/><V51/><F51/><W12/><G133/><N who="0" m="50699" /><D2/><U30/><E30/><V108/><F90/><W48/><G26/><T46/><D102/><U11/><E91/><V71/><F118/><W94/><G100/><T56/><D93/><U1/><E1/><V43/><F43/><W61/><G61/><T47/><D39/><U67/><E67/><V5/><F5/><W10/><G13/><T132/><N who="0" m="50707" /><T29/><DORA hai="35" /><D29/><U9/><E9/><V36/><F36/><W4/><G4/><T74/><D74/><U112/><E112/><V52/><F108/><W68/><G68/><T72/><D72/><U8/><E8/><V73/><F73/><W69/><G69/><T63/><D63/><U42/><E79/><V131/><F131/><W55/><REACH who="3" step="1"/><G41/><REACH who="3" ten="250,250,250,240" step="2"/><T125/><D62/><U45/><E64/><V66/><F60/><W87/><G87/><T25/><D25/><U119/><E119/><V92/><F71/><W105/><G105/><T21/><D21/><U86/><E58/><AGARI ba="0,1" hai="10,12,18,48,55,58,94,95,97,98,99,120,122,123" machi="58" ten="50,3200,0" yaku="1,1,13,1,53,0" doraHai="77,35" doraHaiUra="121,20" who="3" fromWho="1" sc="250,0,250,-32,250,0,240,42" /><AGARI ba="0,0" hai="17,19,44,46,47,56,58,59,124,125,127" m="50707" machi="58" ten="50,12000,1" yaku="28,2,18,1,20,1" doraHai="77,35" who="0" fromWho="1" sc="250,120,218,-120,250,0,282,0" /><INIT seed="0,1,0,0,0,107" ten="370,98,250,282" oya="0" hai0="69,43,98,0,59,133,99,55,65,35,44,135,115" hai1="127,72,128,58,104,14,122,8,118,129,97,54,109" hai2="2,46,25,77,30,15,121,22,3,42,119,36,100" hai3="27,120,13,28,117,114,91,124,60,10,5,20,86"/><T79/><D35/><U51/><E122/><V63/><F121/><W45/><G114/><T18/><D0/><U112/><E112/><V101/><F119/><W7/><G117/><T67/><D115/><U76/><E118/><V106/><F77/><W24/><G120/><T9/><D79/><U31/><E127/><V131/><F131/><W85/><G124/><T113/><D113/><U23/><E109/><V92/><F106/><W132/><G132/><N who="0" m="50763" /><D9/><U57/><E104/><V29/><F29/><W39/><G60/><N who="0" m="40103" /><D18/><U21/><E31/><V64/><F3/><W96/><G7/><T74/><D67/><U26/><E26/><V56/><F2/><W134/><G134/><T88/><D74/><U126/><E97/><V125/><F125/><W111/><G111/><T4/><D4/><N who="1" m="3335" /><E58/><V32/><F92/><W40/><G96/><T70/><D70/><U62/><E62/><V6/><F6/><W50/><G39/><N who="0" m="21631" /><D88/><U66/><E66/><V19/><AGARI ba="1,0" hai="15,19,22,25,30,32,36,42,46,56,63,64,100,101" machi="19" ten="30,1100,0" yaku="0,1" doraHai="107" who="2" fromWho="2" sc="370,-6,98,-4,250,14,282,-4" /><INIT seed="1,0,0,0,2,73" ten="364,94,264,278" oya="1" hai0="13,49,61,88,134,90,98,135,48,56,23,81,102" hai1="32,93,28,119,40,54,78,74,31,83,95,104,112" hai2="121,62,79,84,122,21,63,41,132,105,35,9,17" hai3="117,67,47,42,97,60,77,107,92,44,101,64,118"/><U114/><E104/><V125/><F105/><W0/><G0/><T106/><D81/><U24/><E119/><N who="3" m="45578" /><G107/><T94/><D13/><U53/><E40/><V115/><F35/><W50/><G77/><T128/><D128/><U58/><E54/><V55/><F115/><W33/><G33/><T109/><D109/><U68/><E68/><V70/><F70/><W39/><G60/><T96/><D23/><U25/><E114/><V37/><F62/><W36/><G36/><T100/><D90/><U46/><E46/><V133/><F37/><W103/><G103/><T87/><D87/><U6/><E6/><V45/><F63/><W116/><N who="3" m="45586" /><W7/><DORA hai="130" /><G7/><T5/><D5/><U75/><E75/><V12/><F41/><AGARI ba="0,0" hai="39,41,42,44,47,50,64,67,92,97,101" m="45586" machi="41" ten="40,1300,0" yaku="12,1" doraHai="73,130" who="3" fromWho="2" sc="364,0,94,0,264,-13,278,13" /><INIT seed="2,0,0,5,1,61" ten="364,94,251,291" oya="2" hai0="35,92,16,124,115,42,80,40,85,27,15,68,84" hai1="28,99,104,108,98,90,121,87,4,93,81,73,33" hai2="111,58,83,3,21,12,26,76,110,125,70,31,54" hai3="72,96,59,107,71,95,38,7,103,46,43,18,51"/><V102/><F3/><W82/><G71/><T22/><D68/><U66/><E4/><V135/><F70/><W100/><G7/><T109/><D115/><U36/><E36/><V130/><F135/><W123/><G123/><T10/><D124/><U39/><E39/><V55/><F125/><W6/><G6/><T74/><D74/><U94/><E121/><V79/><F102/><W11/><G100/><T129/><D129/><U17/><E108/><N who="2" m="41515" /><F130/><W120/><G120/><T20/><D109/><U53/><E33/><V105/><F105/><W24/><G107/><T91/><D35/><U117/><E28/><V0/><F0/><W2/><G2/><T113/><D113/><U1/><E1/><V13/><F79/><W122/><G122/><T77/><D22/><U8/><E117/><V101/><F101/><W48/><G59/><T52/><D52/><N who="2" m="20010" /><F58/><W128/><G128/><T69/><REACH who="0" step="1"/><D69/><REACH who="0" ten="354,94,251,291" step="2"/><U25/><E73/><AGARI ba="0,1" hai="12,13,21,26,31,73,76,83" m="20010,41515" machi="73" ten="30,5800,0" yaku="14,1,10,1,54,1" doraHai="61" who="2" fromWho="1" sc="354,0,94,-58,251,68,291,0" /><INIT seed="2,1,0,3,3,124" ten="354,36,319,291" oya="2" hai0="13,37,87,106,1,4,98,92,7,30,99,85,110" hai1="47,42,109,18,62,132,63,127,23,129,21,118,49" hai2="6,57,41,5,95,20,24,58,22,54,50,75,108" hai3="107,120,67,77,60,69,43,32,17,135,16,26,111"/><V104/><F104/><W9/><G111/><T10/><D110/><U94/><E109/><V68/><F68/><W73/><G120/><T84/><D37/><U112/><E118/><V119/><F75/><W72/><G135/><T86/><D30/><U25/><E132/><V74/><F74/><W34/><G107/><T79/><D106/><U61/><E127/><V66/><F41/><W36/><G9/><T46/><D46/><U31/><E112/><V14/><F119/><W90/><G90/><T76/><N who="0" m="22016" /><DORA hai="89" /><T130/><D130/><U70/><E70/><V122/><F122/><W101/><G101/><T3/><D99/><U96/><E129/><V64/><F95/><W33/><G77/><T27/><D27/><U81/><E81/><V48/><F14/><W11/><G17/><T45/><D45/><U121/><E121/><V97/><F97/><W123/><G123/><T15/><D15/><U56/><E23/><V100/><F100/><W71/><G71/><T128/><D128/><U28/><REACH who="1" step="1"/><E56/><REACH who="1" ten="354,26,319,291" step="2"/><V105/><F108/><W2/><G72/><T39/><D39/><U52/><E52/><V91/><F54/><W115/><G73/><T53/><D53/><U126/><E126/><V133/><F58/><W0/><G115/><T125/><D125/><U116/><E116/><V51/><F57/><W102/><G69/><T8/><REACH who="0" step="1"/><D13/><REACH who="0" ten="344,26,319,291" step="2"/><U93/><E93/><V29/><F105/><W88/><G0/><T19/><D19/><U59/><E59/><V82/><F133/><W114/><G2/><T12/><D12/><U35/><E35/><V131/><F131/><RYUUKYOKU ba="1,2" sc="344,15,26,15,319,-15,291,-15" hai0="1,3,4,7,8,10,76,79,92,98" hai1="18,21,25,28,31,42,47,49,61,62,63,94,96" /><INIT seed="3,2,2,3,2,51" ten="359,41,304,276" oya="3" hai0="74,41,24,8,101,10,108,86,98,96,67,13,135" hai1="99,111,81,16,31,48,75,42,131,63,40,120,58" hai2="12,43,88,118,123,91,127,90,5,35,23,70,20" hai3="3,61,79,65,100,126,29,76,54,69,53,28,39"/><W47/><G3/><T64/><D108/><U46/><E111/><V27/><F70/><W113/><G113/><T4/><D135/><U130/><E120/><V59/><F118/><W133/><G126/><T125/><D74/><U134/><E134/><V105/><F105/><W21/><G133/><T22/><D125/><U11/><E31/><V32/><F43/><W114/><G114/><T95/><D41/><U36/><E99/><V128/><F128/><W83/><G100/><T66/><D86/><U72/><E81/><V129/><F129/><N who="1" m="49161" /><E36/><V89/><F32/><W117/><G117/><T82/><D82/><U9/><E42/><V110/><F35/><W115/><G115/><T104/><D10/><U56/><E56/><V103/><F103/><W78/><G83/><T25/><REACH who="0" step="1"/><D22/><REACH who="0" ten="349,41,304,276" step="2"/><U18/><E11/><V93/><F23/><W62/><G39/><T107/><D107/><U30/><E9/><V73/><F110/><W97/><G21/><T102/><AGARI ba="2,3" hai="4,8,13,24,25,64,66,67,95,96,98,101,102,104" machi="102" ten="30,4000,0" yaku="1,1,0,1,53,1" doraHai="51" doraHaiUra="6" who="0" fromWho="0" sc="349,76,41,-12,304,-12,276,-22" /><INIT seed="4,0,0,1,4,124" ten="425,29,292,254" oya="0" hai0="64,99,81,113,33,44,83,5,28,95,36,116,80" hai1="91,62,132,25,55,17,19,129,93,39,51,48,21" hai2="30,57,63,12,112,65,100,89,121,7,126,69,87" hai3="58,98,15,75,107,78,29,133,115,97,122,14,82"/><T43/><D116/><U109/><E39/><V106/><F126/><W127/><G115/><T84/><D113/><U114/><E109/><V67/><F121/><W74/><G122/><T125/><D125/><U40/><E114/><V76/><F76/><W1/><G1/><T120/><D120/><U13/><E132/><V52/><F30/><W77/><G127/><T108/><D108/><U88/><E91/><V22/><F69/><W119/><G133/><T23/><D33/><U86/><E40/><V18/><F7/><W35/><G119/><T42/><D42/><U10/><E62/><V73/><F73/><W47/><G35/><T110/><D110/><U27/><E27/><V101/><F106/><W20/><G47/><T59/><D5/><U34/><E34/><V103/><REACH who="2" step="1"/><F112/><REACH who="2" ten="425,29,282,254" step="2"/><W11/><G107/><T134/><D134/><U60/><REACH who="1" step="1"/><E129/><REACH who="1" ten="425,19,282,254" step="2"/><V131/><F131/><W6/><G77/><T50/><D36/><U2/><E2/><V92/><AGARI ba="0,2" hai="12,18,22,52,57,63,65,67,87,89,92,100,101,103" machi="92" ten="30,7900,0" yaku="1,1,0,1,8,1,54,1,53,0" doraHai="124" doraHaiUra="46" who="2" fromWho="2" sc="425,-39,19,-20,282,99,254,-20" owari="386,49.0,-1,-50.0,381,18.0,234,-17.0" /></mjloggm>