<mjloggm ver="2.3"><GO type="169" lobby="0"/><UN n0="%E3%82%A6%E3%83%AB%E3%83%88%E3%83%A9%E7%AB%8B%E7%9B%B4" n1="%E3%81%BE%E3%81%AA%E3%81%84%E3%81%9F%E3%82%88%E3%81%86%E3%81%98%E3%82%87" n2="%61%6E%64%72%69%79" n3="%E3%81%B5%E3%81%8B%E3%81%98" dan="17,17,16,17" rate="2166.16,2128.93,2114.42,2127.67" sx="M,M,F,M"/><TAIKYOKU oya="0"/><INIT seed="0,0,0,1,2,18" ten="250,250,250,250" oya="0" hai0="76,48,88,123,7,46,68,5,50,84,36,45,3" hai1="44,122,133,17,19,79,75,60,10,57,15,103,67" hai2="55,47,107,30,24,106,69,97,53,29,38,31,66" hai3="101,121,63,1,118,62,102,28,21,4,77,114,56"/><T83/><D68/><U111/><E122/><V100/><F107/><W9/><G114/><T54/><D123/><U39/><E103/><V64/><F64/><W49/><G121/><T12/><D36/><U92/><E111/><V108/><F108/><W25/><G118/><T115/><D115/><U42/><E133/><V73/><F73/><W124/><G124/><T135/><D135/><U78/><E75/><V117/><F117/><W132/><G132/><T129/><D129/><U0/><E0/><V116/><F116/><W52/><G77/><T120/><D120/><U8/><E92/><V112/><F112/><W82/><G82/><T127/><D127/><U72/><E72/><V99/><F97/><W80/><G80/><T26/><D3/><U105/><E105/><V94/><F94/><W51/><REACH who="3" step="1"/><G49/><REACH who="3" ten="250,250,250,240" step="2"/><T130/><D130/><U128/><E128/><V13/><F38/><W96/><G96/><T32/><D76/><U74/><E74/><V70/><F99/><W11/><G11/><T23/><D32/><U43/><E79/><V16/><F106/><W104/><G104/><T22/><D48/><U33/><E78/><V134/><F134/><W58/><G58/><T109/><D109/><U14/><E39/><V6/><F69/><W87/><G87/><T126/><D126/><U81/><E33/><V27/><F70/><W131/><G131/><T90/><D46/><U95/><E44/><V113/><F47/><W125/><G125/><T85/><D85/><U35/><E35/><V86/><F113/><W37/><G37/><T71/><D84/><U40/><E81/><RYUUKYOKU ba="0,1" sc="250,-15,250,15,250,-15,240,15" hai1="8,10,14,15,17,19,40,42,43,57,60,67,95" hai3="1,4,9,21,25,28,51,52,56,62,63,101,102" /><INIT seed="1,1,1,1,1,66" ten="235,265,235,255" oya="1" hai0="28,134,113,13,38,118,129,0,35,18,88,65,44" hai1="81,45,124,51,50,29,76,54,114,96,121,25,36" hai2="17,64,106,130,34,52,62,74,93,125,27,71,5" hai3="31,26,117,20,39,95,43,109,48,23,128,32,6"/><U135/><E114/><V110/><F74/><W108/><G39/><T116/><D113/><U9/><E121/><V122/><F122/><W55/><G43/><T73/><D129/><U11/><E135/><V87/><F106/><W69/><G69/><T107/><D134/><U119/><E119/><V97/><F130/><W10/><G95/><T99/><D73/><U126/><E36/><V67/><F5/><W41/><G41/><T2/><D65/><U46/><E96/><V75/><F75/><W56/><G128/><T112/><D112/><U100/><E100/><V90/><F110/><N who="3" m="42603" /><G117/><T3/><D44/><U22/><E124/><V104/><F125/><W72/><G72/><T80/><D38/><U42/><REACH who="1" step="1"/><E126/><REACH who="1" ten="235,255,235,255" step="2"/><V12/><F97/><W30/><G30/><T33/><D28/><U19/><E19/><V40/><F17/><W49/><G49/><T53/><D118/><U8/><E8/><V92/><F71/><W89/><G89/><T111/><D116/><U68/><E68/><V102/><F102/><W103/><G103/><T60/><D111/><U131/><E131/><V7/><F90/><W4/><G4/><T70/><D70/><U115/><E115/><V57/><F7/><W14/><AGARI ba="1,2" hai="6,10,14,20,23,26,31,32,48,55,56" m="42603" machi="14" ten="30,1100,0" yaku="14,1" doraHai="66" who="3" fromWho="3" sc="235,-4,255,-6,235,-4,255,34" /><INIT seed="2,0,0,2,5,117" ten="231,249,231,289" oya="2" hai0="121,106,17,71,120,82,91,44,107,30,132,47,32" hai1="134,55,65,16,5,79,41,116,67,70,124,1,11" hai2="43,60,18,127,131,96,35,20,75,78,8,57,54" hai3="36,119,90,61,23,28,94,46,126,51,76,95,123"/><V59/><F35/><W26/><G119/><T98/><D17/><U83/><E116/><V109/><F43/><W74/><G36/><T108/><D47/><U24/><E70/><V125/><F8/><W130/><G130/><T58/><D58/><U19/><E134/><V104/><F131/><W42/><G126/><N who="2" m="48137" /><F109/><W15/><G123/><N who="0" m="47179" /><D91/><U72/><E55/><N who="2" m="33855" /><F78/><W135/><G135/><T52/><D52/><U34/><E124/><V25/><F75/><W97/><G74/><T31/><D31/><U13/><E41/><V80/><F80/><W50/><G76/><T111/><D82/><U105/><E19/><V7/><F7/><W68/><G50/><T102/><D132/><U93/><E83/><V62/><F96/><N who="3" m="57431" /><G68/><T39/><D71/><U2/><E16/><V53/><F104/><W37/><G37/><T21/><D21/><U73/><E105/><V113/><F54/><W81/><G81/><T110/><D107/><U69/><E79/><V103/><F103/><N who="3" m="60863" /><G15/><T99/><D99/><U10/><E13/><V6/><F6/><W9/><G9/><T4/><D4/><U22/><E5/><V49/><F49/><W100/><G100/><T122/><N who="0" m="47187" /><T29/><DORA hai="33" /><D32/><U89/><E34/><V133/><F133/><W48/><G48/><T87/><D87/><U118/><E72/><V56/><F56/><W84/><G84/><T92/><D106/><U112/><E73/><V38/><F38/><W101/><G101/><T45/><D39/><U85/><E118/><V12/><F12/><W114/><G51/><T88/><D102/><U0/><E11/><RYUUKYOKU ba="0,0" sc="231,15,249,-15,231,15,289,-15" hai0="29,30,44,45,88,92,98,108,110,111" hai2="18,20,25,53,59,62,113" /><INIT seed="2,1,0,4,4,15" ten="246,234,246,274" oya="2" hai0="92,41,125,60,66,37,97,82,16,126,47,51,12" hai1="118,46,103,42,17,49,30,31,33,52,32,29,131" hai2="5,89,133,22,122,9,104,121,39,106,95,54,69" hai3="84,78,113,45,100,99,23,24,87,94,90,134,28"/><V80/><F39/><W109/><G109/><T53/><D82/><U108/><E118/><V120/><F69/><W74/><G134/><T10/><D37/><U115/><E115/><V44/><F80/><N who="3" m="47127" /><G74/><T73/><D73/><U72/><E72/><V48/><F133/><W25/><G113/><T19/><D41/><U3/><E3/><V111/><F111/><W18/><G45/><T112/><D112/><U26/><E108/><V93/><F22/><N who="3" m="15415" /><G87/><T40/><D40/><U119/><E119/><V2/><REACH who="2" step="1"/><F95/><REACH who="2" ten="246,234,236,274" step="2"/><W128/><G128/><T7/><D125/><U8/><E32/><V43/><F43/><W110/><G110/><T55/><D126/><U6/><E131/><V75/><F75/><W86/><G86/><AGARI ba="1,1" hai="2,5,9,44,48,54,86,89,93,104,106,120,121,122" machi="86" ten="40,2000,0" yaku="1,1,53,0" doraHai="15" doraHaiUra="67" who="2" fromWho="3" sc="246,0,234,0,236,33,274,-23" /><INIT seed="2,2,0,5,5,63" ten="246,234,269,251" oya="2" hai0="59,0,109,61,135,35,98,41,37,115,73,85,71" hai1="102,19,9,68,75,114,77,100,81,27,132,79,92" hai2="125,38,80,123,108,129,86,49,11,69,95,112,87" hai3="12,127,121,4,94,126,47,33,122,3,56,53,20"/><V134/><F38/><W111/><G33/><T17/><D73/><U32/><E114/><V107/><F123/><W70/><G70/><T40/><D115/><U96/><E132/><V34/><F112/><W54/><G111/><T43/><D135/><U99/><E77/><V113/><F113/><W131/><G131/><T57/><D109/><U66/><E9/><V90/><F34/><W60/><G3/><T51/><D0/><U72/><E72/><V30/><F30/><W84/><G84/><T14/><D35/><U124/><E124/><N who="3" m="47658" /><G94/><T106/><D85/><U28/><E19/><V130/><F69/><W133/><G133/><T50/><D98/><U10/><E10/><V67/><F134/><W64/><G4/><T31/><D31/><U82/><E82/><V23/><F107/><W46/><G12/><T97/><D97/><U8/><E8/><V76/><F125/><W74/><G20/><T78/><D78/><U18/><E18/><V2/><F23/><W29/><G29/><T45/><D106/><U116/><E116/><V88/><F76/><W22/><G22/><T42/><D17/><U48/><E96/><V55/><F108/><W52/><G74/><T62/><D14/><U58/><E100/><V120/><F120/><AGARI ba="2,0" hai="46,47,52,53,54,56,60,64,120,121,122" m="47658" machi="120" ten="40,8000,1" yaku="18,1,34,2,52,1,54,1" doraHai="63" who="3" fromWho="2" sc="246,0,234,0,269,-86,251,86" /><INIT seed="3,0,0,3,2,90" ten="246,234,183,337" oya="3" hai0="81,28,45,74,37,107,78,54,91,56,60,123,13" hai1="84,134,135,36,79,128,39,67,93,58,113,94,31" hai2="5,72,18,92,100,101,125,73,2,4,118,42,10" hai3="34,24,132,105,41,48,46,44,27,40,3,32,64"/><W30/><G105/><T68/><D123/><U38/><E113/><V120/><F118/><W12/><G3/><T129/><D129/><U26/><E128/><V15/><F120/><W121/><G121/><T95/><D107/><U115/><E79/><V70/><F70/><W19/><G132/><N who="1" m="50730" /><E84/><V33/><F33/><W114/><G114/><T108/><D108/><U16/><E115/><V23/><F42/><W59/><G59/><T43/><D28/><U131/><E131/><V22/><F125/><W63/><G63/><T86/><D13/><U53/><E67/><V21/><F4/><W69/><G64/><T106/><D106/><U122/><E122/><V71/><F71/><W52/><G69/><T124/><REACH who="0" step="1"/><D68/><REACH who="0" ten="236,234,183,337" step="2"/><U62/><E31/><V9/><F2/><W97/><G30/><T47/><D47/><U11/><E26/><V0/><F73/><W110/><G44/><T133/><D133/><U51/><E62/><V49/><F72/><W82/><G46/><T119/><D119/><U14/><AGARI ba="0,1" hai="11,14,16,36,38,39,51,53,58,93,94" m="50730" machi="14" ten="40,8000,1" yaku="20,1,52,2,54,1" doraHai="90" who="1" fromWho="1" sc="236,-20,234,90,183,-20,337,-40" /><INIT seed="4,0,0,4,1,86" ten="216,324,163,297" oya="0" hai0="7,59,62,100,32,56,11,23,118,52,115,44,47" hai1="2,55,101,58,46,105,92,133,24,75,40,72,95" hai2="96,48,85,84,64,4,88,120,93,43,28,83,5" hai3="124,25,81,37,109,45,39,82,110,104,60,90,27"/><T76/><D32/><U97/><E2/><V49/><F120/><W89/><G60/><T16/><D118/><U63/><E133/><V54/><F64/><W74/><G45/><T135/><D135/><U14/><E14/><V36/><F36/><W30/><G30/><T66/><D115/><U70/><E70/><V53/><F28/><W94/><G94/><T127/><D127/><U8/><E8/><V9/><F43/><W134/><G134/><T0/><D76/><U131/><E131/><V78/><F9/><W20/><G20/><T51/><REACH who="0" step="1"/><D100/><REACH who="0" ten="206,324,163,297" step="2"/><U42/><E101/><V123/><F123/><W69/><G124/><T31/><D31/><U77/><E77/><V73/><F73/><W102/><G102/><T50/><D50/><U126/><E72/><V111/><F111/><W18/><G74/><T3/><D3/><U38/><E75/><V71/><F49/><W33/><G33/><T15/><AGARI ba="0,1" hai="0,7,11,15,16,23,44,47,51,52,56,59,62,66" machi="15" ten="20,12000,1" yaku="1,1,0,1,7,1,54,2,53,0" doraHai="86" doraHaiUra="130" who="0" fromWho="0" sc="206,130,324,-40,163,-40,297,-40" /><INIT seed="4,1,0,3,4,33" ten="336,284,123,257" oya="0" hai0="84,12,131,82,95,128,129,72,100,130,49,62,59" hai1="0,125,107,35,104,124,30,27,23,55,112,99,108" hai2="43,46,115,64,87,52,47,17,135,80,54,110,79" hai3="127,73,134,16,26,21,60,24,10,18,11,41,126"/><T123/><D123/><U66/><E108/><V61/><F110/><W37/><G73/><T48/><D12/><U13/><E66/><V70/><F115/><W77/><G77/><T83/><D72/><U3/><E55/><V92/><F135/><W29/><G60/><T4/><D4/><U68/><E68/><V106/><F106/><N who="1" m="40489" /><E99/><V53/><F17/><N who="3" m="12335" /><G41/><T111/><D111/><U88/><E88/><V90/><REACH who="2" step="1"/><F43/><REACH who="2" ten="336,284,113,257" step="2"/><W50/><G134/><T118/><D130/><U109/><E109/><V15/><F15/><W25/><G16/><T71/><D129/><U34/><E13/><V97/><AGARI ba="1,1" hai="46,47,52,53,54,61,64,70,79,80,87,90,92,97" machi="97" ten="30,4000,0" yaku="1,1,0,1,54,1,53,0" doraHai="33" doraHaiUra="117" who="2" fromWho="2" sc="336,-21,284,-11,113,53,257,-11" /><INIT seed="5,0,0,0,3,133" ten="315,273,166,246" oya="1" hai0="43,28,66,80,113,120,22,124,34,40,84,126,67" hai1="52,57,121,111,122,49,0,16,107,21,37,47,92" hai2="116,1,25,70,104,61,17,112,91,105,79,95,131" hai3="11,72,74,135,125,27,75,2,39,108,41,81,48"/><U87/><E107/><V77/><F116/><W45/><G108/><T97/><D34/><U36/><E0/><V93/><F1/><W78/><G135/><T119/><D119/><U38/><E111/><V130/><F61/><W59/><G27/><N who="0" m="16503" /><D97/><U44/><E121/><V73/><F25/><W31/><G31/><T56/><D56/><U71/><E71/><V58/><F58/><W114/><G114/><T8/><D8/><U86/><E122/><V23/><F23/><W46/><G59/><T128/><D120/><U94/><E94/><N who="2" m="35851" /><F17/><W13/><G125/><N who="0" m="48235" /><D113/><U63/><E63/><V123/><F70/><W115/><G115/><T68/><D128/><N who="2" m="49194" /><F112/><W15/><G11/><T65/><D68/><U101/><E57/><V26/><F26/><W7/><G45/><T9/><D9/><U88/><E44/><V51/><F51/><W118/><G48/><T5/><D5/><U30/><E37/><V127/><F127/><W99/><G46/><T33/><D33/><U89/><E38/><V14/><F123/><W3/><G39/><T35/><D35/><U50/><E36/><V83/><F14/><W90/><G13/><T98/><D98/><N who="1" m="59591" /><E49/><V18/><F18/><W117/><G117/><T62/><D62/><U20/><E30/><V6/><F6/><W29/><G7/><T53/><D53/><U134/><E134/><V109/><F109/><W24/><G29/><T54/><D54/><U64/><E16/><V69/><F69/><W12/><G118/><T102/><D102/><U106/><E52/><V42/><F42/><W10/><G41/><T19/><D19/><RYUUKYOKU ba="0,0" sc="315,30,273,-10,166,-10,246,-10" hai0="40,43,65,66,67,80,84" /><INIT seed="6,1,0,5,5,124" ten="345,263,156,236" oya="2" hai0="98,73,28,120,86,94,59,57,31,109,0,121,71" hai1="16,85,12,2,1,23,6,20,115,102,79,3,36" hai2="126,7,119,113,64,32,129,123,103,107,14,42,41" hai3="5,83,81,133,21,68,72,65,110,13,128,114,29"/><V27/><F119/><W25/><G110/><T93/><D0/><U61/><E36/><V90/><F123/><W46/><G133/><T88/><D73/><U11/><E102/><V22/><F126/><W75/><G114/><T17/><D71/><U67/><E115/><V34/><F113/><W70/><G75/><T130/><D109/><U112/><E112/><V54/><F64/><W18/><G5/><T82/><D17/><U99/><E99/><V53/><F90/><W105/><G105/><T4/><D4/><U33/><E33/><V56/><F54/><W92/><G72/><T108/><D108/><U84/><E23/><V78/><F78/><W39/><G92/><T10/><D10/><U38/><E38/><V132/><F132/><W125/><G125/><T58/><D94/><U122/><E122/><V48/><F103/><W96/><G96/><T66/><D66/><U19/><E19/><N who="2" m="12767" /><F107/><W47/><G39/><T101/><D121/><U77/><E77/><V91/><F91/><W60/><G68/><T9/><D120/><U118/><E118/><V74/><F74/><W127/><G127/><T45/><D101/><U40/><E40/><N who="2" m="15467" /><F34/><W63/><G65/><T87/><D82/><U95/><E79/><V69/><F32/><W51/><G70/><T97/><D88/><U135/><E135/><V104/><F104/><W26/><G81/><T134/><D134/><U111/><E111/><V106/><F106/><W50/><G83/><T100/><D100/><U80/><E80/><V30/><F69/><W43/><G43/><T117/><D117/><U37/><E95/><RYUUKYOKU ba="1,0" sc="345,0,263,0,156,0,236,0" /><INIT seed="7,2,0,3,2,56" ten="345,263,156,236" oya="3" hai0="31,28,2,0,38,134,10,47,60,72,106,48,51" hai1="66,32,54,110,112,107,96,23,63,89,17,132,101" hai2="98,58,80,42,16,55,126,104,102,79,109,57,18" hai3="120,68,83,40,130,93,103,105,49,75,125,78,111"/><W52/><G120/><T7/><D106/><U65/><E110/><V86/><F109/><W14/><G68/><T43/><D0/><U33/><E112/><V128/><F126/><W127/><G111/><T45/><D134/><U82/><E54/><V20/><F128/><W34/><G34/><T15/><D72/><U100/><E100/><V39/><F39/><W90/><G130/><T71/><D38/><U12/><E66/><V91/><F42/><W62/><G40/><N who="0" m="24615" /><D2/><U73/><E132/><V76/><F58/><N who="3" m="35143" /><G49/><T70/><D71/><U113/><E113/><V53/><F53/><W36/><G14/><T46/><D70/><U37/><E37/><V133/><F133/><W11/><G11/><T8/><D47/><U121/><E121/><V117/><F117/><W87/><G36/><T22/><D10/><U3/><E3/><V27/><REACH who="2" step="1"/><F18/><REACH who="2" ten="345,263,146,236" step="2"/><W118/><G118/><T97/><D43/><U85/><E17/><V114/><F114/><W26/><G26/><T95/><D46/><U84/><E65/><V24/><F24/><W6/><G6/><T99/><D7/><U116/><E116/><V122/><F122/><W88/><G90/><T30/><D51/><AGARI ba="2,1" hai="16,20,27,51,55,57,76,79,80,86,91,98,102,104" machi="51" ten="30,3900,0" yaku="1,1,7,1,54,1,53,0" doraHai="56" doraHaiUra="59" who="2" fromWho="0" sc="345,-45,263,0,146,55,236,0" owari="300,40.0,263,6.0,201,-30.0,236,-16.0" /></mjloggm>