<mjloggm ver="2.3"><GO type="41" lobby="0"/><UN n0="%E3%82%B0%E3%83%9F%E3%81%AE%E5%AE%9F" n1="%E5%B0%B1%E6%B4%BB%E7%94%9F%40%E5%B7%9D%E6%9D%91%E8%BB%8D%E5%9B%A3" n2="%E9%BB%92%E6%9C%A8%E8%B1%B9%E4%BB%8B" n3="%E5%A4%8F%E3%81%AA%E3%81%AE%E3%81%AB" dan="14,16,14,15" rate="1889.41,2171.28,1968.52,1975.68" sx="M,M,M,M"/><TAIKYOKU oya="0"/><INIT seed="0,0,0,1,0,39" ten="250,250,250,250" oya="0" hai0="109,73,14,134,85,99,122,66,132,25,71,92,105" hai1="6,119,10,9,55,17,26,76,34,84,135,44,38" hai2="21,7,123,41,83,37,133,67,130,94,89,118,108" hai3="120,112,13,15,68,127,0,59,23,121,62,86,22"/><T27/><D122/><U57/><E119/><V70/><F123/><N who="3" m="47179" /><G112/><T20/><D73/><U46/><E135/><N who="0" m="51753" /><D105/><U97/><E34/><V100/><F133/><W75/><G75/><T50/><D85/><U53/><E97/><V31/><F130/><W8/><G68/><T115/><D115/><U65/><E65/><V12/><F118/><W81/><G127/><T69/><D14/><N who="3" m="5129" /><G8/><N who="1" m="3178" /><E38/><V74/><F108/><W60/><G0/><T113/><D113/><U126/><E6/><V43/><F37/><W4/><G4/><T54/><D109/><U49/><E55/><V72/><F74/><W80/><G80/><T56/><D27/><U116/><E116/><V29/><F72/><W124/><G124/><T125/><D66/><U5/><E5/><V16/><F70/><W88/><G62/><T128/><D125/><U77/><E126/><V79/><F67/><AGARI ba="0,0" hai="22,23,59,60,67,81,86,88" m="5129,47179" machi="67" ten="30,2000,0" yaku="13,1,54,1" doraHai="39" who="3" fromWho="2" sc="250,0,250,0,250,-20,250,20" /><INIT seed="1,0,0,1,4,109" ten="250,250,230,270" oya="1" hai0="111,89,10,42,131,123,29,126,71,129,65,43,40" hai1="26,12,81,127,61,55,108,9,20,132,45,72,134" hai2="125,118,13,93,122,57,98,80,56,60,83,33,52" hai3="28,74,25,36,51,50,90,77,39,66,85,15,92"/><U6/><E72/><V22/><F33/><W117/><G117/><T119/><D111/><U32/><E108/><V0/><F0/><W87/><G74/><T16/><D119/><U41/><E127/><V96/><F125/><W69/><G15/><N who="0" m="7287" /><D126/><U86/><E32/><V102/><F122/><W37/><G66/><T128/><D29/><U34/><E34/><V104/><F118/><W76/><G69/><T94/><D123/><U114/><E114/><V100/><F13/><W58/><G85/><N who="0" m="52527" /><D65/><U8/><E8/><V17/><F17/><W2/><G2/><T31/><D31/><U19/><E61/><V91/><F22/><W49/><REACH who="3" step="1"/><G58/><REACH who="3" ten="250,250,230,260" step="2"/><T105/><D71/><U1/><E1/><V30/><F30/><W99/><G99/><T73/><D73/><U79/><REACH who="1" step="1"/><E55/><REACH who="1" ten="250,240,230,260" step="2"/><V113/><F102/><W63/><G63/><T121/><D121/><U82/><E82/><V54/><REACH who="2" step="1"/><F113/><REACH who="2" ten="250,240,220,260" step="2"/><W130/><G130/><T75/><D131/><U84/><E84/><V11/><F11/><W112/><G112/><T48/><D129/><U116/><E116/><V18/><F18/><W133/><G133/><T106/><D128/><U35/><E35/><AGARI ba="0,3" hai="25,28,35,36,37,39,49,50,51,76,77,87,90,92" machi="35" ten="50,8000,1" yaku="1,1,53,3" doraHai="109" doraHaiUra="44" who="3" fromWho="1" sc="250,0,240,-80,220,0,260,110" /><INIT seed="2,0,0,3,4,36" ten="250,160,220,370" oya="2" hai0="135,69,62,78,51,19,26,125,66,30,113,90,63" hai1="55,116,20,98,54,31,120,21,132,37,115,88,0" hai2="106,91,12,2,59,108,61,17,77,110,9,76,23" hai3="95,133,15,86,5,3,117,10,128,53,118,7,32"/><V103/><F91/><W8/><G128/><T73/><D113/><U58/><E116/><V99/><F2/><W89/><G32/><T87/><D78/><U92/><E115/><V64/><REACH who="2" step="1"/><F9/><REACH who="2" ten="250,160,210,370" step="2"/><W28/><G118/><T44/><D90/><U46/><E0/><V57/><F57/><W79/><G117/><T101/><D69/><U114/><E120/><V24/><F24/><W134/><G3/><T104/><D26/><U85/><E114/><V72/><F72/><W52/><G10/><T75/><D73/><U93/><E132/><V96/><F96/><W16/><G8/><T121/><D75/><U39/><E58/><V18/><F18/><W105/><G16/><T129/><D19/><U68/><E68/><V49/><F49/><W131/><G89/><T35/><D51/><U38/><E31/><V22/><F22/><W43/><G28/><T13/><D30/><U67/><E39/><V50/><F50/><W126/><G134/><T41/><D135/><U56/><E38/><V71/><F71/><W81/><G133/><T94/><D121/><U82/><E37/><V34/><F34/><W48/><G48/><T47/><D35/><U112/><E112/><V84/><F84/><W33/><G86/><T109/><D87/><U97/><E46/><V27/><F27/><W11/><G33/><T74/><D47/><U40/><E97/><V100/><F100/><W119/><G11/><T124/><D44/><U123/><E98/><V122/><F122/><W1/><G1/><T25/><D101/><U107/><E123/><V70/><F70/><W45/><G45/><RYUUKYOKU ba="0,1" sc="250,-10,160,-10,210,30,370,-10" hai2="12,17,23,59,61,64,76,77,99,103,106,108,110" /><INIT seed="2,1,1,3,0,72" ten="240,150,240,360" oya="2" hai0="88,46,56,47,18,99,105,61,33,40,44,11,119" hai1="118,20,108,0,58,10,16,39,57,87,36,81,14" hai2="135,21,43,78,24,77,117,124,85,26,38,13,65" hai3="30,113,6,25,23,112,54,97,116,71,60,31,91"/><V1/><F1/><W120/><G116/><T114/><D114/><N who="3" m="44137" /><G120/><T74/><D74/><U32/><E118/><V51/><F117/><W34/><G6/><T80/><D33/><U115/><E32/><V68/><F38/><W28/><G34/><T107/><D40/><U37/><E115/><V131/><F65/><N who="3" m="41383" /><G54/><T2/><D119/><U98/><E108/><V42/><F68/><W50/><G50/><T133/><D133/><U45/><E45/><N who="2" m="26039" /><F135/><W103/><G91/><T110/><D110/><U73/><E73/><V29/><F131/><W59/><G59/><T7/><D18/><U123/><E123/><V5/><F124/><W41/><G41/><T49/><D49/><U128/><E128/><V53/><F43/><W22/><G25/><T69/><D69/><U109/><E109/><V127/><F127/><W63/><G63/><T35/><D35/><U101/><E0/><V93/><F53/><W104/><AGARI ba="1,1" hai="22,23,28,30,31,97,103,104" m="41383,44137" machi="104" ten="30,1100,0" yaku="11,1" doraHai="72" who="3" fromWho="3" sc="240,-4,150,-4,240,-6,360,24" /><INIT seed="3,0,0,1,5,15" ten="236,146,234,384" oya="3" hai0="3,61,130,6,20,35,2,48,34,100,135,123,104" hai1="7,127,118,27,54,47,90,28,4,119,117,94,74" hai2="88,125,81,65,96,33,32,43,17,120,55,101,87" hai3="31,109,40,134,84,9,50,42,23,45,105,106,22"/><W99/><G134/><T18/><D104/><U44/><E74/><V89/><F120/><W124/><G124/><T59/><D100/><U72/><E72/><V67/><F125/><W29/><G9/><T66/><D123/><U131/><E127/><V86/><F33/><W98/><G84/><T85/><D130/><U75/><E75/><V58/><F32/><W133/><G133/><T95/><D135/><U21/><E131/><V36/><F43/><W69/><G69/><T11/><D2/><U115/><E115/><V24/><F36/><W64/><G64/><T26/><D48/><U80/><E80/><N who="2" m="49223" /><F101/><W12/><G109/><T128/><REACH who="0" step="1"/><D128/><REACH who="0" ten="226,146,234,384" step="2"/><U79/><E79/><V57/><F96/><W78/><G78/><T113/><D113/><U16/><E28/><V25/><F58/><W49/><G45/><N who="1" m="17482" /><E54/><V77/><F77/><W5/><G106/><T114/><D114/><U102/><E102/><V46/><F46/><W110/><G105/><T132/><D132/><U56/><E56/><V129/><F129/><W0/><G0/><T107/><D107/><U68/><E68/><V97/><F97/><AGARI ba="0,1" hai="4,7,16,21,27,90,94,97,117,118,119" m="17482" machi="97" ten="30,3900,0" yaku="12,1,52,1,54,1" doraHai="15" who="1" fromWho="2" sc="226,0,146,49,234,-39,384,0" /><INIT seed="4,0,0,3,4,35" ten="226,195,195,384" oya="0" hai0="100,3,59,56,84,51,20,43,86,92,15,111,47" hai1="48,58,4,54,18,50,99,63,81,26,64,127,13" hai2="80,118,94,8,10,131,2,121,25,29,126,120,33" hai3="41,129,49,71,98,87,123,28,65,60,108,70,72"/><T77/><D3/><U134/><E127/><V12/><F94/><W104/><G72/><T1/><D1/><U75/><E134/><V85/><F85/><N who="0" m="32874" /><D77/><U115/><E115/><V73/><F80/><W42/><G123/><N who="2" m="47177" /><F73/><W112/><G112/><T22/><D111/><U125/><E125/><V36/><F36/><W30/><G108/><T31/><D31/><U69/><E75/><V91/><F91/><W130/><G70/><T107/><D107/><U79/><E4/><N who="2" m="1047" /><F126/><W76/><G30/><T16/><D22/><U106/><E26/><V122/><N who="2" m="47185" /><V132/><DORA hai="5" /><F132/><W19/><G28/><T88/><D100/><U128/><E128/><N who="3" m="49258" /><G49/><T46/><D46/><U89/><E50/><V117/><F131/><W53/><G53/><T0/><D0/><U9/><E79/><V61/><F61/><W17/><G104/><T6/><D92/><U83/><REACH who="1" step="1"/><E89/><REACH who="1" ten="226,185,195,384" step="2"/><V74/><F74/><W124/><G76/><T7/><D88/><U44/><E44/><V14/><F14/><W39/><G124/><T32/><D32/><U95/><E95/><V135/><F135/><W102/><G39/><T78/><D78/><U24/><E24/><V37/><F37/><W40/><G60/><T116/><D51/><U23/><E23/><V119/><F118/><W27/><G27/><T67/><D116/><U38/><E38/><V55/><F55/><W93/><G93/><T66/><D47/><U62/><E62/><V97/><F97/><W52/><G98/><T68/><D20/><U21/><E21/><V105/><F105/><W11/><G52/><T90/><D90/><RYUUKYOKU ba="0,1" sc="226,-15,185,15,195,15,384,-15" hai1="9,13,18,48,54,58,63,64,69,81,83,99,106" hai2="10,12,25,29,33,117,119" /><INIT seed="5,1,1,1,5,67" ten="211,200,210,369" oya="1" hai0="65,6,115,72,129,33,59,101,106,50,118,45,39" hai1="107,58,56,90,99,109,42,74,81,26,76,44,77" hai2="88,3,29,46,111,66,16,2,84,89,121,104,93" hai3="128,112,122,95,100,63,105,21,7,43,32,73,25"/><U5/><E109/><V116/><F104/><W57/><G105/><T38/><D118/><U22/><E77/><V117/><F121/><W83/><G32/><T41/><D72/><U108/><E108/><V8/><F111/><W113/><G128/><T13/><D33/><U28/><E5/><V102/><F29/><W68/><G68/><T54/><D106/><U20/><E20/><V52/><F117/><W36/><G7/><T34/><D101/><U51/><REACH who="1" step="1"/><E90/><REACH who="1" ten="211,190,210,369" step="2"/><N who="2" m="53447" /><F116/><W62/><G21/><T125/><D34/><U69/><E69/><V64/><F102/><AGARI ba="1,2" hai="22,26,28,42,44,51,56,58,74,76,81,99,102,107" machi="102" ten="40,7700,0" yaku="1,1,53,2" doraHai="67" doraHaiUra="55" who="1" fromWho="2" sc="211,0,190,100,210,-80,369,0" /><INIT seed="5,2,0,1,5,41" ten="211,290,130,369" oya="1" hai0="135,24,56,121,51,123,65,29,58,71,25,91,40" hai1="21,125,14,46,60,53,88,9,80,57,107,116,98" hai2="17,133,124,134,103,85,113,61,129,130,20,77,62" hai3="106,39,13,11,35,74,34,114,100,36,94,83,68"/><U28/><E116/><V119/><F103/><W84/><G114/><T82/><D71/><U2/><E125/><V37/><F119/><W52/><G68/><T120/><D135/><N who="2" m="51722" /><F85/><W47/><G106/><T76/><D91/><U31/><E2/><V16/><F77/><W122/><G74/><N who="0" m="43287" /><D65/><U26/><E107/><V131/><F37/><W27/><G122/><T70/><D70/><U86/><E98/><V64/><F113/><W104/><G104/><T73/><D73/><U50/><E31/><V49/><F49/><N who="3" m="28735" /><G27/><N who="0" m="10315" /><D29/><U79/><E79/><V19/><F20/><W30/><G30/><T44/><AGARI ba="2,0" hai="40,44,51,56,58,120,121,123" m="10315,43287" machi="44" ten="40,2700,0" yaku="13,1,52,1" doraHai="41" who="0" fromWho="0" sc="211,33,290,-15,130,-9,369,-9" /><INIT seed="6,0,0,2,1,94" ten="244,275,121,360" oya="2" hai0="100,129,16,20,81,91,123,90,97,131,117,56,93" hai1="95,50,84,116,40,86,1,32,107,77,64,24,52" hai2="23,22,12,8,108,69,132,79,6,133,26,5,54" hai3="111,48,30,106,17,110,58,45,11,88,70,102,101"/><V55/><F69/><W53/><G70/><T51/><D123/><U27/><E107/><V119/><F119/><W63/><G30/><T0/><D0/><U21/><E116/><V80/><F108/><W47/><G47/><T71/><D71/><U66/><E1/><V121/><F121/><W65/><G111/><T62/><D51/><U9/><E32/><V67/><F67/><N who="1" m="25641" /><E40/><V31/><F22/><W135/><G106/><T25/><D117/><U82/><E9/><V60/><F5/><W13/><G135/><N who="2" m="51785" /><F60/><W43/><G110/><T74/><D74/><AGARI ba="0,0" hai="6,8,12,23,26,31,54,55,74,79,80" m="51785" machi="74" ten="30,1500,0" yaku="20,1" doraHai="94" who="2" fromWho="0" sc="244,-15,275,0,121,15,360,0" /><INIT seed="6,1,0,5,2,11" ten="229,275,136,360" oya="2" hai0="134,77,110,79,8,118,61,131,9,19,36,127,101" hai1="74,48,76,125,15,95,78,41,126,5,103,130,108" hai2="85,120,43,30,6,133,12,60,26,90,88,116,4" hai3="86,129,39,17,2,59,124,75,54,73,69,49,53"/><V27/><F120/><W121/><G2/><T122/><D101/><U24/><E108/><V28/><F116/><W114/><G69/><T31/><D31/><N who="2" m="11818" /><F133/><W104/><G39/><T128/><D61/><U84/><E130/><V13/><F43/><W68/><G129/><T66/><D66/><U93/><E74/><V35/><F35/><W55/><G68/><T113/><D79/><U96/><E24/><N who="2" m="9259" /><F60/><W62/><G104/><T107/><D77/><U115/><E115/><V20/><F20/><W47/><G114/><T105/><D9/><N who="1" m="4527" /><E93/><N who="2" m="54415" /><F90/><W32/><G32/><T21/><D21/><U89/><E89/><V99/><F99/><W135/><G135/><T117/><D8/><U92/><E92/><V38/><F38/><W52/><G75/><T57/><D128/><U64/><E64/><V34/><F34/><W16/><G73/><T67/><D67/><U80/><E78/><V72/><F72/><W111/><G121/><T7/><D36/><U98/><E98/><V3/><F3/><W82/><G111/><T51/><D110/><U23/><E23/><V102/><F102/><W83/><G124/><T112/><D122/><U65/><E65/><V56/><F56/><W44/><G44/><AGARI ba="1,0" hai="41,44,48,76,80,84,95,96,103,125,126" m="4527" machi="44" ten="30,2000,0" yaku="25,1,52,1" doraHai="11" who="1" fromWho="3" sc="229,0,275,23,136,0,360,-23" /><INIT seed="7,0,0,0,0,17" ten="229,298,136,337" oya="3" hai0="72,18,59,127,46,47,77,102,106,19,118,88,7" hai1="57,116,2,70,1,111,117,63,34,121,125,126,53" hai2="35,92,54,8,129,107,66,15,91,128,78,60,40" hai3="51,23,105,131,27,38,97,96,82,67,5,44,101"/><W95/><G38/><T87/><D118/><N who="1" m="45675" /><E34/><V93/><F35/><W123/><G131/><T61/><D19/><U83/><E83/><V75/><F107/><W108/><G108/><T62/><D88/><U71/><E2/><V74/><F78/><W110/><G110/><T119/><D102/><U120/><E1/><V58/><F40/><W48/><G123/><N who="1" m="47178" /><E111/><V3/><F3/><W11/><G67/><T109/><D61/><U113/><E113/><V0/><F0/><W81/><G48/><T84/><D59/><U16/><E16/><V26/><F26/><W99/><G99/><T9/><D127/><AGARI ba="0,0" hai="53,57,63,70,71,125,126,127" m="47178,45675" machi="127" ten="40,8000,1" yaku="18,1,12,1,34,2" doraHai="17" who="1" fromWho="0" sc="229,-80,298,80,136,0,337,0" owari="149,-25.0,378,47.0,136,-36.0,337,14.0" /></mjloggm>