<mjloggm ver="2.3"><GO type="225" lobby="0"/><UN n0="%E3%82%BB%E3%82%A4%E3%83%A8%E3%82%A6%E3%83%AA%E3%83%B3%E3%82%B4" n1="%E3%82%8C%E3%81%A3%E3%81%A9%E6%84%9B" n2="%E3%81%AA%E3%81%A3%E3%81%8D%E3%82%8A" n3="%E3%83%88%E3%83%88%E3%83%AA%E5%85%88%E7%94%9F%31%39%E6%AD%B3" dan="16,16,16,17" rate="2121.33,2121.11,2082.20,2139.45" sx="M,M,M,F"/><TAIKYOKU oya="0"/><INIT seed="0,0,0,4,0,98" ten="250,250,250,250" oya="0" hai0="121,25,86,3,48,29,61,77,7,127,106,89,97" hai1="36,75,10,74,104,13,1,125,62,80,24,107,133" hai2="84,12,42,67,81,26,38,124,51,11,118,73,8" hai3="108,47,57,65,56,28,123,122,6,30,78,40,113"/><T128/><D121/><N who="3" m="46089" /><G113/><T60/><D127/><U93/><E1/><V64/><F38/><W120/><G108/><T72/><D128/><U22/><E36/><V14/><F73/><W0/><G120/><T63/><D3/><U17/><E125/><V33/><F33/><W103/><G78/><T45/><D7/><U90/><E133/><V50/><F26/><W54/><G65/><N who="2" m="25161" /><F124/><W21/><G103/><T59/><D72/><U46/><E46/><N who="2" m="25943" /><F51/><N who="3" m="30815" /><G21/><N who="0" m="15535" /><D106/><U18/><E62/><V70/><F70/><W132/><G57/><T55/><D77/><U31/><E75/><V110/><F118/><W117/><G132/><T35/><D35/><U94/><E94/><V2/><F2/><W16/><G117/><T79/><D79/><U20/><E80/><V82/><F82/><W15/><G6/><T85/><D59/><U131/><E74/><V37/><F37/><N who="3" m="21903" /><G0/><T126/><D126/><U119/><E119/><V91/><F110/><W111/><G111/><T41/><D41/><U68/><E68/><V19/><F19/><W100/><G16/><T134/><D134/><U53/><E107/><V87/><F8/><W66/><G15/><T76/><D76/><U58/><E104/><V101/><F11/><W39/><G39/><T44/><D44/><U115/><E18/><V112/><F12/><W27/><G66/><T9/><D9/><U83/><E10/><V129/><F14/><W109/><G109/><T34/><D34/><U71/><E71/><V102/><F129/><W105/><G27/><T32/><D32/><U96/><E131/><V5/><F5/><W23/><G23/><RYUUKYOKU ba="0,0" sc="250,15,250,-15,250,-15,250,15" hai0="45,48,55,60,61,63,85,86,89,97" hai3="28,30,100,105" /><INIT seed="0,1,0,5,4,78" ten="265,235,235,265" oya="0" hai0="90,69,76,20,103,27,43,12,47,89,135,94,53" hai1="87,124,75,106,16,133,30,83,44,68,39,119,63" hai2="118,56,108,49,126,7,42,80,125,25,86,50,17" hai3="31,71,114,18,1,104,2,52,24,13,132,122,131"/><T34/><D69/><U74/><E119/><V48/><F118/><W41/><G104/><T134/><D76/><U8/><E106/><V3/><F108/><W21/><G114/><T85/><D53/><U109/><E109/><V101/><F101/><W35/><G71/><T28/><D103/><U97/><E133/><N who="0" m="50697" /><D12/><U73/><E124/><N who="2" m="47723" /><F7/><W67/><G67/><T14/><D14/><U60/><E97/><V120/><F3/><W36/><G132/><T10/><D90/><U0/><E30/><V58/><F42/><W37/><G131/><T6/><D10/><U115/><E115/><V92/><F92/><W66/><G66/><T127/><D6/><U11/><E11/><V82/><F120/><W117/><G117/><T77/><D77/><U29/><E29/><V57/><F86/><W9/><G122/><T4/><D4/><U112/><E112/><V59/><F59/><W26/><G41/><T95/><D127/><U65/><E60/><V128/><F128/><W70/><G70/><T5/><D5/><U102/><E102/><V22/><AGARI ba="1,0" hai="17,22,25,48,49,50,56,57,58,80,82" m="47723" machi="22" ten="40,5200,0" yaku="18,1,52,2" doraHai="78" who="2" fromWho="2" sc="265,-27,235,-14,235,55,265,-14" /><INIT seed="1,0,0,3,1,22" ten="238,221,290,251" oya="1" hai0="57,20,121,106,85,49,38,6,30,54,79,70,25" hai1="120,40,93,12,13,33,16,64,5,104,96,113,114" hai2="100,3,91,81,72,94,65,45,29,116,73,21,108" hai3="19,102,63,115,69,42,44,86,11,83,75,109,31"/><U59/><E104/><V82/><F3/><W37/><G115/><T95/><D106/><U84/><E120/><V43/><F116/><W23/><G75/><T103/><D70/><U15/><E33/><V112/><F112/><W105/><G109/><T122/><D38/><U101/><E114/><V76/><F65/><W66/><G11/><T90/><D6/><U47/><E113/><V26/><F100/><W50/><G31/><T78/><REACH who="0" step="1"/><D103/><REACH who="0" ten="228,221,290,251" step="2"/><U125/><E5/><V10/><F108/><W88/><G102/><T8/><D8/><U131/><E131/><V134/><F10/><W14/><REACH who="3" step="1"/><G105/><REACH who="3" ten="228,221,290,241" step="2"/><T130/><D130/><U17/><E125/><V55/><F45/><W62/><G62/><T24/><D24/><U36/><REACH who="1" step="1"/><E84/><REACH who="1" ten="228,211,290,241" step="2"/><V119/><F73/><W129/><G129/><T110/><D110/><U123/><E123/><AGARI ba="0,3" hai="20,25,30,49,54,57,78,79,85,90,95,121,122,123" machi="123" ten="40,5200,0" yaku="1,1,13,1,52,1,53,0" doraHai="22" doraHaiUra="133" who="0" fromWho="1" sc="228,82,211,-52,290,0,241,0" /><INIT seed="2,0,0,1,0,73" ten="310,159,290,241" oya="2" hai0="28,19,108,52,44,95,43,37,14,125,85,126,116" hai1="124,112,17,94,78,90,0,93,100,46,91,130,70" hai2="113,33,121,129,31,47,15,101,45,89,42,55,64" hai3="1,128,133,16,25,39,106,127,87,96,134,123,41"/><V7/><F121/><W65/><G123/><T84/><D108/><U26/><E70/><V22/><F113/><W49/><G1/><T86/><D28/><U102/><E112/><V110/><F64/><W30/><G39/><T20/><D116/><U74/><E0/><V104/><F110/><W122/><G122/><T4/><D4/><U53/><E46/><V99/><F129/><W35/><G128/><T131/><D131/><U59/><E130/><V66/><F66/><W12/><G127/><N who="0" m="48651" /><D52/><U132/><E124/><V24/><F89/><AGARI ba="0,0" hai="14,19,20,37,43,44,84,85,86,89,95" m="48651" machi="89" ten="30,1000,0" yaku="18,1" doraHai="73" who="0" fromWho="2" sc="310,10,159,0,290,-10,241,0" /><INIT seed="3,0,0,2,0,84" ten="320,159,280,241" oya="3" hai0="0,64,126,22,106,34,20,18,95,53,1,90,56" hai1="60,71,69,12,130,37,68,76,44,115,7,36,100" hai2="122,3,116,123,61,105,59,96,25,21,79,54,66" hai3="89,80,35,67,4,31,93,112,119,133,65,10,110"/><W111/><G112/><T13/><D34/><U42/><E100/><N who="2" m="62599" /><F3/><W17/><G119/><T39/><D39/><N who="1" m="21599" /><E76/><V92/><F79/><W87/><G133/><T78/><D78/><U103/><E7/><V101/><F116/><W134/><G134/><T48/><D126/><U120/><E103/><V26/><F54/><W132/><G132/><T109/><D106/><U47/><E12/><V30/><F26/><N who="3" m="18935" /><G80/><T129/><D109/><N who="3" m="41481" /><G17/><T125/><D129/><U58/><E115/><V98/><AGARI ba="0,0" hai="21,25,30,59,61,66,92,98,101,122,123" m="62599" machi="98" ten="30,1100,0" yaku="25,1" doraHai="84" who="2" fromWho="2" sc="320,-3,159,-3,280,11,241,-5" owari="317,41.0,156,-34.0,291,9.0,236,-16.0" /></mjloggm>