<mjloggm ver="2.3"><GO type="41" lobby="0"/><UN n0="%E3%81%8B%E3%81%9A%E3%82%8A%E3%82%85%E3%81%86" n1="%6D%75%74%69%6B%6B%6F" n2="%E5%B0%B1%E6%B4%BB%E7%94%9F%40%E5%B7%9D%E6%9D%91%E8%BB%8D%E5%9B%A3" n3="%70%6F%6D%6B%69%63%68%69" dan="15,14,15,13" rate="2003.14,1879.39,2005.06,1893.17" sx="M,F,M,M"/><TAIKYOKU oya="0"/><INIT seed="0,0,0,4,3,33" ten="250,250,250,250" oya="0" hai0="98,51,13,92,4,9,126,67,117,2,28,8,41" hai1="29,7,80,63,54,75,24,31,5,50,16,35,71" hai2="104,70,23,86,105,18,0,60,53,27,6,26,22" hai3="17,32,25,1,76,78,30,40,90,107,133,11,128"/><T21/><D126/><U20/><E31/><V97/><F86/><W91/><G107/><T14/><D117/><U110/><E110/><V93/><F6/><W77/><G40/><T100/><D67/><U129/><E129/><V83/><F83/><W42/><G42/><T34/><D34/><U49/><E49/><V19/><F0/><W122/><G128/><T36/><D36/><U10/><E75/><V115/><F115/><W85/><G122/><T108/><D108/><U52/><E80/><V59/><REACH who="2" step="1"/><F70/><REACH who="2" ten="250,250,240,250" step="2"/><W120/><G85/><T95/><D2/><U84/><E84/><V88/><AGARI ba="0,1" hai="18,19,22,23,26,27,53,59,60,88,93,97,104,105" machi="88" ten="20,16000,3" yaku="1,1,2,1,0,1,7,1,9,1,25,2,54,1,53,0" doraHai="33" doraHaiUra="61" who="2" fromWho="2" sc="250,-80,250,-40,240,170,250,-40" /><INIT seed="1,0,0,0,0,95" ten="170,210,410,210" oya="1" hai0="27,85,129,120,107,125,40,15,25,118,4,93,35" hai1="49,111,75,64,22,132,12,102,70,108,116,48,66" hai2="123,54,57,68,23,50,56,34,130,7,24,14,112" hai3="76,13,69,94,78,43,81,101,99,3,55,74,65"/><U31/><E75/><V91/><F68/><W87/><G3/><T38/><D107/><U33/><E33/><V41/><F34/><W113/><G43/><T117/><D40/><U89/><E116/><V16/><F123/><W60/><G113/><T30/><D38/><U0/><E0/><V122/><F122/><W2/><G2/><T20/><D93/><U135/><E102/><V9/><F112/><W59/><G13/><T17/><D85/><U97/><E12/><V52/><F130/><W1/><G1/><T46/><D46/><U44/><E22/><V114/><F114/><W134/><G134/><N who="1" m="51242" /><E48/><N who="2" m="30727" /><F41/><W79/><G74/><T28/><D129/><U128/><E70/><V37/><F37/><W11/><G11/><T115/><D120/><U62/><E31/><N who="2" m="17823" /><F91/><W6/><G6/><AGARI ba="0,0" hai="6,7,9,14,16,50,54,57" m="17823,30727" machi="6" ten="30,3900,0" yaku="8,1,54,2" doraHai="95" who="2" fromWho="3" sc="170,0,210,0,410,39,210,-39" /><INIT seed="2,0,0,1,3,9" ten="170,210,449,171" oya="2" hai0="79,122,111,128,45,108,86,76,14,114,132,24,52" hai1="106,83,3,74,59,17,113,40,65,85,46,129,49" hai2="62,87,42,10,70,7,29,51,97,44,91,37,0" hai3="121,58,101,123,89,12,67,19,135,50,105,130,125"/><V80/><F29/><W134/><G101/><T77/><D114/><U13/><E3/><V109/><F109/><W88/><G105/><T102/><D122/><U34/><E106/><V73/><F97/><W107/><G107/><T69/><D69/><U68/><E34/><V30/><F30/><W32/><G32/><T72/><D102/><U115/><E129/><V28/><F28/><W110/><G110/><N who="0" m="42027" /><D24/><U35/><E35/><V120/><F120/><W95/><G130/><T78/><D128/><U54/><E74/><V117/><F117/><W66/><G125/><T18/><D132/><N who="3" m="50729" /><G89/><T124/><D124/><U2/><E2/><V93/><F70/><W81/><G81/><N who="0" m="47399" /><D72/><U71/><E65/><N who="3" m="24586" /><G58/><T116/><D116/><U75/><E75/><V64/><F64/><W15/><G50/><N who="0" m="28751" /><D79/><U5/><E115/><V92/><F62/><W60/><G60/><T90/><D90/><U16/><E113/><V133/><F133/><W100/><G100/><T8/><AGARI ba="0,0" hai="8,14,18,77,78" m="28751,47399,42027" machi="8" ten="30,4000,0" yaku="14,1,52,1,54,1" doraHai="9" who="0" fromWho="0" sc="170,40,210,-10,449,-20,171,-10" /><INIT seed="3,0,0,5,5,116" ten="210,200,429,161" oya="3" hai0="120,32,114,73,9,43,26,74,81,44,8,131,38" hai1="4,56,85,100,71,69,22,28,112,50,55,1,80" hai2="3,124,65,121,98,76,79,24,87,33,67,128,84" hai3="101,102,127,135,12,19,53,45,34,95,13,118,20"/><W25/><G118/><T90/><D131/><U42/><E112/><V51/><F3/><W64/><G135/><T125/><D125/><U129/><E129/><V17/><F124/><W93/><G127/><T59/><D59/><U115/><E115/><V6/><F6/><W60/><G34/><T111/><D111/><U83/><E100/><N who="3" m="38506" /><G64/><N who="2" m="24649" /><F33/><W52/><G53/><T77/><D90/><U2/><E4/><V62/><F121/><W108/><G108/><T49/><D74/><U54/><E42/><V107/><F107/><W109/><G109/><T96/><D96/><U126/><E126/><V132/><F132/><W123/><G123/><T105/><D49/><U57/><E50/><V58/><F98/><W11/><G45/><T40/><D105/><U10/><E85/><N who="2" m="32843" /><F51/><W21/><G21/><T89/><D32/><U35/><E22/><N who="2" m="13391" /><F128/><W130/><G130/><T110/><D110/><U5/><E35/><V92/><F92/><N who="3" m="35403" /><G11/><T82/><D8/><U61/><E10/><V113/><F113/><W88/><G88/><T0/><D9/><U75/><E75/><V72/><F72/><W133/><G133/><T37/><D89/><U99/><E99/><V41/><F41/><W36/><G36/><T29/><D43/><U15/><E5/><V39/><F39/><W97/><G97/><T122/><D38/><U94/><E94/><V91/><F91/><W134/><G134/><T7/><D114/><U23/><E23/><V63/><F58/><AGARI ba="0,0" hai="12,13,19,20,25,52,58,60" m="35403,38506" machi="58" ten="30,2900,0" yaku="8,1,54,1" doraHai="116" who="3" fromWho="2" sc="210,0,200,0,429,-29,161,29" /><INIT seed="3,1,0,1,2,81" ten="210,200,400,190" oya="3" hai0="111,35,40,11,32,123,74,127,103,14,106,114,87" hai1="49,12,67,112,28,135,94,19,101,132,129,30,44" hai2="125,90,15,131,17,61,68,63,27,0,10,39,117" hai3="96,88,4,75,98,62,78,130,70,85,6,60,121"/><W65/><G121/><T45/><D74/><U102/><E112/><V36/><F117/><W29/><G62/><T22/><D103/><U100/><E129/><V126/><F131/><W9/><G130/><T134/><D106/><U54/><E67/><N who="2" m="41071" /><F0/><W77/><G75/><T58/><D111/><U92/><E12/><V115/><F115/><W51/><G51/><T105/><D105/><U57/><E57/><V109/><F109/><W43/><G43/><T71/><D71/><U110/><E19/><V119/><F119/><W91/><G91/><T18/><D123/><U38/><E38/><V108/><F108/><W113/><G113/><T86/><D58/><U72/><E72/><V46/><F27/><W122/><G122/><T116/><D116/><U31/><REACH who="1" step="1"/><E110/><REACH who="1" ten="210,190,400,190" step="2"/><V93/><F39/><W48/><G29/><T84/><D114/><U99/><E99/><V128/><F36/><W64/><G96/><T104/><D134/><AGARI ba="1,1" hai="28,30,31,44,49,54,92,94,100,101,102,132,134,135" machi="134" ten="50,3200,0" yaku="1,1,20,1,53,0" doraHai="81" doraHaiUra="118" who="1" fromWho="0" sc="210,-35,190,45,400,0,190,0" /><INIT seed="4,0,0,5,4,119" ten="175,235,400,190" oya="0" hai0="32,38,8,76,22,108,67,91,17,88,3,66,133" hai1="27,20,104,75,34,35,126,37,79,110,69,125,83" hai2="42,25,1,51,80,77,115,132,111,60,41,18,30" hai3="92,70,44,127,4,84,15,101,121,14,33,59,36"/><T130/><D38/><U68/><E110/><V109/><F1/><W24/><G70/><T46/><D32/><U123/><E20/><V31/><F132/><W116/><G116/><T95/><D76/><U73/><E104/><V19/><F115/><W98/><G4/><T23/><D46/><U105/><E105/><V129/><F129/><W102/><G102/><T112/><D112/><U103/><E103/><V40/><F51/><W7/><G7/><T93/><D130/><U87/><E37/><V49/><F49/><W113/><G113/><T12/><D133/><U74/><E87/><V13/><F60/><W2/><G2/><T64/><D3/><U43/><E43/><V107/><F107/><W52/><G44/><T0/><D0/><U21/><E83/><V97/><F97/><W118/><G118/><T99/><REACH who="0" step="1"/><D108/><REACH who="0" ten="165,235,400,190" step="2"/><U11/><E79/><V120/><F109/><W65/><G36/><T55/><D55/><U58/><E34/><V9/><F111/><W134/><G134/><T96/><AGARI ba="0,1" hai="8,12,17,22,23,64,66,67,88,91,93,95,96,99" machi="96" ten="30,12000,1" yaku="1,1,0,1,9,1,8,1,54,1,53,0" doraHai="119" doraHaiUra="39" who="0" fromWho="0" sc="165,130,235,-40,400,-40,190,-40" /><INIT seed="4,1,0,1,2,91" ten="295,195,360,150" oya="0" hai0="70,120,31,124,84,14,44,93,88,134,3,117,13" hai1="59,25,94,96,112,122,71,22,76,19,89,127,99" hai2="97,48,17,82,36,15,8,38,105,108,4,131,46" hai3="9,12,10,113,75,114,20,68,133,111,30,98,90"/><T62/><D3/><U67/><E122/><V5/><F108/><W16/><G111/><T11/><D117/><U43/><E43/><V101/><F131/><W73/><G68/><T104/><D104/><U121/><E121/><V50/><F50/><W92/><G133/><T77/><D134/><U135/><E135/><V83/><F83/><W33/><G33/><T2/><D120/><U39/><E39/><V54/><F82/><W24/><REACH who="3" step="1"/><G9/><REACH who="3" ten="295,195,360,140" step="2"/><T34/><D11/><U53/><E71/><V125/><F125/><W118/><G118/><T52/><D124/><U55/><E127/><V107/><F107/><W66/><G66/><T65/><D2/><U58/><E67/><V28/><F28/><W49/><G49/><T109/><D109/><U87/><E112/><AGARI ba="1,1" hai="10,12,16,20,24,30,73,75,90,92,98,112,113,114" machi="112" ten="40,8000,1" yaku="1,1,15,1,52,1,54,1,53,0" doraHai="91" doraHaiUra="126" who="3" fromWho="1" sc="295,0,195,-83,360,0,140,93" /><INIT seed="5,0,0,1,3,118" ten="295,112,360,233" oya="1" hai0="121,99,54,23,6,25,22,0,115,126,125,59,31" hai1="45,74,15,114,2,41,10,28,84,104,9,62,73" hai2="12,36,87,77,131,66,90,39,78,55,82,32,101" hai3="108,3,37,91,11,81,123,97,72,30,5,98,38"/><U103/><E28/><V43/><F32/><W133/><G108/><T129/><D115/><U4/><E114/><V92/><F131/><W52/><G133/><T83/><D129/><U20/><E62/><V105/><F66/><W93/><G30/><T56/><D6/><U34/><E34/><V85/><F43/><W124/><G124/><T120/><D0/><U102/><E84/><V116/><F116/><W50/><G98/><T42/><D42/><U79/><E104/><V106/><F12/><W67/><G67/><T60/><D99/><U76/><E20/><V8/><F8/><W127/><G127/><N who="0" m="48651" /><D83/><U18/><E76/><N who="2" m="29291" /><F55/><W44/><G81/><T33/><D59/><U70/><E70/><V29/><F29/><W46/><G72/><T113/><D113/><U7/><E4/><V48/><F48/><W53/><G38/><T68/><D68/><U61/><E61/><V109/><F39/><W14/><G3/><T71/><D71/><U65/><E65/><V21/><F36/><W119/><G119/><T94/><D94/><U128/><E128/><V19/><F19/><W88/><G91/><T122/><AGARI ba="0,0" hai="22,23,25,31,33,54,56,60,120,121,122" m="48651" machi="122" ten="40,8000,1" yaku="13,1,18,1,52,3" doraHai="118" who="0" fromWho="0" sc="295,80,112,-40,360,-20,233,-20" /><INIT seed="6,0,0,0,1,43" ten="375,72,340,213" oya="2" hai0="133,27,74,6,77,56,128,72,83,86,99,3,32" hai1="0,8,2,126,21,7,125,16,129,29,134,122,30" hai2="106,97,93,20,71,84,63,28,79,39,54,42,101" hai3="55,121,65,88,103,46,36,33,49,115,94,69,87"/><V4/><F4/><W91/><G33/><T22/><D32/><U60/><E60/><V117/><F117/><W52/><G121/><T1/><D99/><U113/><E122/><V81/><F39/><W130/><G103/><T61/><D72/><U41/><E41/><V76/><F42/><W131/><G36/><T111/><D74/><U123/><E123/><V68/><F79/><W38/><G38/><T78/><D78/><U34/><E113/><V89/><F28/><W75/><G75/><T114/><D133/><U11/><E134/><V66/><F20/><W80/><G65/><T127/><D111/><U92/><E92/><V67/><F54/><N who="3" m="30007" /><G69/><T73/><D114/><U48/><E48/><V24/><F24/><W53/><G115/><T23/><D23/><U100/><E100/><V19/><F19/><W85/><G130/><T104/><D104/><U96/><E96/><V47/><F47/><W118/><G131/><T18/><D6/><N who="1" m="1095" /><E129/><V110/><F110/><W13/><G118/><T95/><D95/><U40/><E40/><V109/><F109/><W15/><AGARI ba="0,0" hai="13,15,52,53,55,80,85,87,88,91,94" m="30007" machi="15" ten="30,7900,0" yaku="8,1,52,1,54,2" doraHai="43" who="3" fromWho="3" sc="375,-20,72,-20,340,-39,213,79" /><INIT seed="7,0,0,1,1,18" ten="355,52,301,292" oya="3" hai0="67,28,116,30,49,80,8,13,90,76,47,46,87" hai1="127,10,117,68,128,1,101,104,34,124,75,84,91" hai2="33,94,3,131,109,115,123,52,135,132,111,81,43" hai3="66,62,83,36,95,32,134,60,120,41,82,88,45"/><W85/><G120/><T114/><D67/><U92/><E10/><V53/><F33/><W100/><G32/><T25/><D116/><U50/><E50/><V6/><F6/><W12/><G134/><N who="2" m="51241" /><F3/><W63/><G66/><T24/><D76/><U0/><E91/><V121/><F43/><W106/><REACH who="3" step="1"/><G12/><REACH who="3" ten="355,52,301,282" step="2"/><T37/><D13/><U107/><E1/><V9/><F131/><W110/><G110/><N who="2" m="41993" /><F115/><W72/><G72/><T2/><D114/><U56/><E124/><V35/><F35/><W4/><G4/><T42/><D2/><U97/><E34/><V78/><F94/><W79/><G79/><T125/><D125/><U44/><E0/><V14/><F14/><W108/><G108/><T103/><D24/><U40/><E127/><V113/><F9/><W102/><G102/><T17/><D103/><U11/><E117/><V29/><F29/><W55/><G55/><N who="2" m="21065" /><F113/><W73/><G73/><AGARI ba="0,1" hai="73,78,81,121,123" m="21065,41993,51241" machi="73" ten="40,2600,0" yaku="20,1,54,1" doraHai="18" who="2" fromWho="3" sc="355,0,52,0,301,36,282,-26" owari="355,45.0,52,-45.0,337,14.0,256,-14.0" /></mjloggm>