<mjloggm ver="2.3"><GO type="97" lobby="0"/><UN n0="%E3%81%98%E3%82%85%E3%81%86%E3%81%AA%E3%81%AA%E3%81%95%E3%81%84" n1="%E5%B0%B1%E6%B4%BB%E7%94%9F%40%E5%B7%9D%E6%9D%91%E8%BB%8D%E5%9B%A3" n2="%74%61%69%68%65%69" n3="%E3%81%8D%E3%82%93%E3%81%9F%E3%81%BE%E3%82%8F%E3%81%A3%E3%81%9F" dan="15,14,14,14" rate="1911.13,1966.60,1847.24,1935.96" sx="M,M,M,F"/><TAIKYOKU oya="0"/><INIT seed="0,0,0,3,1,0" ten="250,250,250,250" oya="0" hai0="31,98,127,83,88,101,36,90,134,97,82,58,3" hai1="70,119,93,74,62,6,76,34,42,11,95,64,114" hai2="81,132,38,32,56,20,121,66,1,85,75,47,106" hai3="111,26,69,37,100,10,59,21,24,29,107,14,89"/><T123/><D3/><N who="1" m="479" /><E95/><V49/><F106/><W53/><G69/><T84/><D123/><U67/><E93/><V72/><F121/><W17/><G37/><T7/><D36/><U103/><E67/><V65/><F38/><W86/><G111/><T104/><D31/><U41/><E41/><V30/><F32/><W113/><G107/><T23/><D23/><U73/><E119/><V54/><F1/><W99/><G26/><T39/><D39/><U115/><E103/><V33/><F33/><W71/><G71/><T28/><D28/><U109/><E109/><V68/><F68/><W13/><G13/><T51/><D127/><U19/><E19/><V50/><F72/><N who="1" m="27753" /><E42/><V78/><F75/><W55/><G113/><N who="1" m="43018" /><E76/><V110/><F110/><W122/><G122/><T27/><D27/><U105/><E105/><V125/><F125/><W57/><G100/><T25/><D25/><U77/><E77/><V8/><F20/><W133/><G99/><T108/><D108/><U9/><E9/><V46/><F30/><W96/><G96/><T80/><D98/><U16/><E16/><V126/><F8/><W44/><G55/><T129/><D90/><U45/><E45/><V12/><F46/><W131/><G44/><T120/><D120/><U102/><E102/><V79/><F12/><W124/><G53/><N who="0" m="32063" /><D82/><U60/><E60/><V128/><F126/><W22/><G124/><T2/><D83/><U130/><E34/><V94/><F79/><W117/><G22/><T40/><D40/><U15/><E15/><V5/><F78/><W48/><G14/><T61/><D61/><RYUUKYOKU ba="0,0" sc="250,-10,250,30,250,-10,250,-10" hai1="62,64,70,130" /><INIT seed="1,1,0,3,3,92" ten="240,280,240,240" oya="1" hai0="51,17,68,123,1,77,22,35,102,133,54,79,95" hai1="93,5,81,26,31,41,131,98,45,43,103,121,117" hai2="30,6,32,114,18,64,62,75,112,128,28,14,57" hai3="89,108,127,106,84,48,4,10,33,113,11,119,86"/><U65/><E117/><V104/><F75/><W53/><G113/><N who="2" m="43625" /><F104/><W52/><G106/><T61/><D1/><U116/><E121/><V20/><F128/><W25/><G119/><T97/><D35/><U36/><E131/><V111/><F111/><W21/><G33/><T126/><D123/><U109/><E116/><V63/><F32/><W60/><G108/><T132/><D126/><U3/><E65/><N who="2" m="39119" /><F6/><W29/><G127/><T67/><D133/><U73/><E109/><V122/><F122/><W96/><G53/><T24/><REACH who="0" step="1"/><D132/><REACH who="0" ten="230,280,240,240" step="2"/><U50/><E3/><V78/><F78/><W124/><G124/><T16/><D16/><U120/><E5/><V47/><F47/><AGARI ba="1,1" hai="17,22,24,47,51,54,61,67,68,77,79,95,97,102" machi="47" ten="30,3900,0" yaku="1,1,7,1,52,1,53,0" doraHai="92" doraHaiUra="125" who="0" fromWho="2" sc="230,52,280,0,240,-42,240,0" /><INIT seed="2,0,0,3,5,87" ten="282,280,198,240" oya="2" hai0="109,126,122,73,60,0,53,69,127,101,28,79,34" hai1="71,94,133,96,116,104,15,49,48,54,23,70,75" hai2="52,97,31,18,107,42,91,110,8,125,17,63,135" hai3="66,51,68,64,82,35,56,129,95,44,132,111,134"/><V4/><F42/><W76/><G35/><T2/><D122/><U33/><E75/><V40/><F40/><N who="3" m="24967" /><G82/><N who="0" m="45423" /><D53/><U128/><E33/><V12/><F31/><W21/><G95/><T27/><D101/><U22/><E104/><V88/><F135/><N who="3" m="51755" /><G21/><T30/><D30/><U90/><E116/><V45/><F125/><N who="0" m="47626" /><D109/><U62/><E128/><V9/><F110/><W14/><G14/><T117/><D117/><U80/><E133/><V92/><F107/><W93/><G93/><T77/><D77/><U16/><E80/><V25/><F25/><W85/><G85/><T106/><D106/><U119/><E119/><V72/><F72/><W118/><G76/><T26/><D26/><U84/><E96/><V103/><F17/><W20/><G20/><T99/><D99/><U121/><E23/><V24/><F24/><W130/><G118/><T65/><AGARI ba="0,0" hai="0,2,27,28,34,60,65,69" m="47626,45423" machi="65" ten="30,2000,0" yaku="18,1,23,1" doraHai="87" who="0" fromWho="0" sc="282,20,280,-5,198,-10,240,-5" /><INIT seed="3,0,0,5,4,54" ten="302,275,188,235" oya="3" hai0="29,108,84,10,63,122,104,79,39,41,28,115,33" hai1="61,78,89,72,98,130,103,4,51,83,116,120,55" hai2="9,32,100,38,118,22,50,17,70,68,75,91,42" hai3="52,133,123,16,60,49,48,59,94,128,114,1,88"/><W92/><G123/><T101/><D122/><U65/><E120/><V62/><F32/><W81/><G1/><T23/><D115/><U76/><E116/><V102/><F75/><W3/><G3/><T19/><D108/><U82/><E130/><V66/><F118/><W26/><G114/><T31/><D33/><U56/><E4/><V20/><F68/><W15/><G128/><T129/><D129/><U21/><E21/><V46/><F9/><N who="3" m="6255" /><G133/><T34/><D34/><U27/><E89/><V11/><F11/><W117/><G117/><T43/><D10/><U97/><E27/><V44/><F22/><W106/><G106/><T69/><D39/><U124/><E103/><V77/><F77/><W8/><G8/><T24/><D101/><U96/><E124/><V53/><F91/><W109/><G109/><T119/><D104/><U125/><E125/><V111/><F111/><W121/><G121/><T110/><D110/><U86/><REACH who="1" step="1"/><E98/><REACH who="1" ten="302,265,188,235" step="2"/><V2/><F2/><W87/><G26/><T73/><D119/><U99/><E99/><V47/><F100/><W40/><G40/><T113/><D43/><U64/><E64/><V71/><F102/><W134/><G134/><T105/><D41/><U131/><E131/><V12/><REACH who="2" step="1"/><F70/><AGARI ba="0,1" hai="51,55,56,61,65,70,72,76,78,82,83,86,96,97" machi="70" ten="30,3900,0" yaku="1,1,7,1,52,1,53,0" doraHai="54" doraHaiUra="35" who="1" fromWho="2" sc="302,0,265,49,188,-39,235,0" owari="302,10.0,314,41.0,149,-35.0,235,-16.0" /></mjloggm>