<mjloggm ver="2.3"><GO type="97" lobby="0"/><UN n0="%61%6B%61%75%73%61%67%69" n1="%E3%83%88%E3%83%88%E3%83%AA%E5%85%88%E7%94%9F%31%39%E6%AD%B3" n2="%6E%65%6B%6F%33%31" n3="%6B%79%61%73%6D%69" dan="14,15,16,15" rate="1964.34,2014.35,2096.84,2016.72" sx="M,F,F,M"/><TAIKYOKU oya="0"/><INIT seed="0,0,0,3,5,28" ten="250,250,250,250" oya="0" hai0="59,119,103,86,109,35,43,4,30,92,2,87,52" hai1="76,93,5,106,117,77,67,122,120,126,125,135,29" hai2="23,73,14,0,84,65,112,11,44,9,118,100,41" hai3="94,130,21,18,128,123,19,133,115,22,78,71,36"/><T69/><D119/><U127/><E117/><V89/><F118/><W17/><G123/><N who="1" m="47146" /><E5/><V24/><F24/><W25/><G36/><T3/><D69/><U83/><E67/><V105/><F73/><W90/><G71/><T39/><D3/><U88/><E29/><V38/><F65/><W6/><G115/><T13/><D2/><U104/><E135/><V132/><F132/><W58/><G78/><N who="1" m="30314" /><E83/><V20/><F112/><W107/><G107/><T1/><D1/><U99/><AGARI ba="0,0" hai="88,93,99,104,106,125,126,127" m="30314,47146" machi="99" ten="40,8000,1" yaku="18,1,34,2,54,1" doraHai="28" who="1" fromWho="1" sc="250,-40,250,80,250,-20,250,-20" /><INIT seed="1,0,0,3,4,46" ten="210,330,230,230" oya="1" hai0="61,91,108,82,72,89,120,76,78,16,23,122,55" hai1="65,15,69,54,20,111,96,92,79,58,5,110,130" hai2="73,19,18,24,112,27,107,90,77,42,71,70,103" hai3="9,10,67,68,34,32,21,50,29,47,39,116,134"/><U49/><E130/><V135/><F135/><W87/><G116/><T106/><D78/><U102/><E79/><V80/><F42/><W8/><G39/><T44/><D106/><U74/><E74/><V128/><F128/><W26/><G134/><T119/><D119/><U28/><E28/><V75/><F75/><W109/><G109/><N who="1" m="41482" /><E20/><V66/><F112/><W12/><G87/><T3/><D3/><U101/><E101/><V131/><F131/><W60/><REACH who="3" step="1"/><G12/><REACH who="3" ten="210,330,230,220" step="2"/><T36/><D108/><U64/><E69/><V126/><F71/><W56/><G56/><T48/><D36/><U81/><E81/><V59/><F80/><W114/><G114/><T115/><D115/><U37/><E37/><V22/><F70/><W129/><G129/><T17/><D72/><U117/><E117/><V104/><F73/><W6/><G6/><T121/><D121/><U13/><E13/><V105/><F59/><W7/><G7/><T33/><D122/><U30/><E30/><V31/><F31/><W125/><G125/><T1/><D120/><U62/><E15/><V93/><F126/><W86/><G86/><T45/><D1/><U95/><E5/><V99/><F19/><W4/><G4/><T53/><D16/><U83/><E83/><V57/><F18/><W51/><G51/><T88/><D17/><U11/><E49/><V132/><F132/><W123/><G123/><T118/><D48/><U2/><E2/><V94/><F57/><W97/><G97/><T113/><D82/><U84/><E11/><V25/><F99/><W124/><G124/><T63/><D113/><RYUUKYOKU ba="0,1" sc="210,-15,330,15,230,-15,220,15" hai1="54,58,62,64,65,84,92,95,96,102" hai3="8,9,10,21,26,29,32,34,47,50,60,67,68" /><INIT seed="1,1,1,4,2,131" ten="195,345,215,235" oya="1" hai0="25,63,59,16,70,92,14,26,90,45,86,74,1" hai1="11,65,94,81,19,64,114,22,68,46,27,73,34" hai2="48,124,97,12,4,38,72,49,20,37,51,120,71" hai3="35,6,98,112,55,47,117,43,108,60,31,42,130"/><U21/><E114/><V28/><F72/><W23/><G117/><T115/><D115/><U75/><E34/><V134/><F71/><W110/><G112/><T54/><D74/><U76/><E73/><V41/><F120/><W5/><G35/><T85/><D1/><U122/><E122/><V88/><F41/><W50/><G130/><T83/><D45/><U0/><E68/><V123/><F123/><W80/><G80/><T17/><D70/><U109/><E109/><N who="3" m="42090" /><G98/><T24/><REACH who="0" step="1"/><D14/><REACH who="0" ten="185,345,215,235" step="2"/><U61/><E46/><V129/><F129/><W111/><G111/><T93/><D93/><U9/><E0/><V84/><F12/><W119/><G119/><T10/><D10/><U82/><E94/><V53/><F124/><W39/><G39/><T102/><D102/><U87/><E9/><V78/><F37/><W100/><G100/><T33/><D33/><U30/><E11/><V91/><F38/><W66/><G5/><T121/><D121/><U79/><E61/><V7/><F4/><W132/><G6/><T62/><D62/><U96/><E96/><V89/><F97/><W8/><G8/><T105/><D105/><U135/><E75/><V126/><F126/><W15/><G15/><T40/><D40/><U106/><E106/><V52/><F7/><W103/><G103/><T95/><D95/><U18/><E87/><V125/><F125/><W29/><G43/><T127/><D127/><U107/><E107/><V113/><F113/><W56/><G42/><T3/><D3/><U2/><E2/><V133/><F84/><W58/><G47/><T32/><D32/><RYUUKYOKU ba="1,2" sc="185,30,345,-10,215,-10,235,-10" hai0="16,17,24,25,26,54,59,63,83,85,86,90,92" /><INIT seed="2,2,2,4,5,95" ten="215,335,205,225" oya="2" hai0="125,102,71,132,47,105,39,46,15,4,108,99,93" hai1="38,63,28,2,49,53,112,61,124,126,54,24,117" hai2="123,100,11,122,133,6,107,16,131,97,101,85,104" hai3="134,21,32,5,83,135,119,23,36,120,67,65,76"/><V113/><F113/><W3/><G36/><T52/><D71/><U27/><E112/><V68/><F68/><W103/><G120/><N who="2" m="46121" /><F16/><W41/><G119/><T130/><D4/><U35/><E117/><V43/><F43/><W75/><G32/><T86/><D15/><U70/><E38/><V80/><F11/><W34/><G34/><T121/><D39/><U88/><E2/><V106/><F6/><W10/><G65/><T59/><D121/><U58/><E27/><V20/><F20/><W51/><G67/><T81/><D105/><N who="2" m="40554" /><F133/><N who="3" m="50699" /><G103/><T72/><D132/><U128/><E70/><V60/><F60/><W25/><G25/><T9/><D102/><U73/><E61/><V91/><F100/><W44/><AGARI ba="2,2" hai="3,5,10,21,23,41,44,51,75,76,83" m="50699" machi="44" ten="30,1100,0" yaku="20,1" doraHai="95" who="3" fromWho="3" sc="215,-5,335,-5,205,-7,225,37" /><INIT seed="3,0,0,3,1,5" ten="210,330,198,262" oya="3" hai0="91,116,121,43,18,120,90,94,58,74,37,30,112" hai1="118,44,49,114,64,124,66,34,109,77,46,59,15" hai2="2,98,84,50,67,79,127,72,38,70,22,105,53" hai3="62,117,39,73,61,101,86,56,42,99,132,95,88"/><W13/><G117/><T33/><D116/><U47/><E118/><V57/><F127/><W24/><G73/><T28/><D74/><U48/><E34/><V41/><F2/><W123/><G123/><T102/><D121/><U51/><E114/><V8/><F22/><W71/><G71/><T35/><D112/><U17/><E124/><V128/><F72/><W12/><G132/><T25/><D120/><U113/><E113/><V9/><F128/><W75/><G75/><T40/><D58/><U119/><E119/><V97/><F84/><W1/><G1/><T80/><D18/><U54/><E77/><V126/><F79/><W23/><G42/><T107/><D107/><U89/><E89/><V7/><F126/><W11/><G39/><T20/><D102/><U55/><E109/><V69/><F69/><W26/><G13/><T68/><D68/><U110/><E110/><V65/><F65/><N who="1" m="25193" /><E59/><V104/><F104/><W108/><G108/><T76/><D37/><U131/><E131/><V93/><F105/><W106/><G26/><T19/><D35/><U96/><E96/><N who="2" m="36971" /><F93/><W16/><REACH who="3" step="1"/><G56/><REACH who="3" ten="210,330,198,252" step="2"/><T29/><D40/><U45/><N who="1" m="11264" /><DORA hai="100" /><U27/><E27/><V52/><F70/><W31/><AGARI ba="0,1" hai="11,12,16,23,24,31,61,62,86,88,95,99,101,106" machi="31" ten="20,18000,2" yaku="1,1,0,1,7,1,52,2,54,2,53,0" doraHai="5,100" doraHaiUra="78,122" who="3" fromWho="3" sc="210,-60,330,-60,198,-60,252,190" owari="150,-25.0,270,7.0,138,-36.0,442,54.0" /></mjloggm>