<mjloggm ver="2.3"><GO type="97" lobby="0"/><UN n0="%E5%A9%9A%E6%B4%BB%E7%94%9F%40%E5%B7%9D%E6%9D%91%E8%BB%8D%E5%9B%A3" n1="%E3%83%88%E3%83%88%E3%83%AA%E5%85%88%E7%94%9F%31%39%E6%AD%B3" n2="%E3%82%81%E3%81%8C%EF%BC%93" n3="%E3%83%92%E3%83%87%E3%82%B3" dan="15,15,15,13" rate="2028.19,2061.04,2042.21,1894.21" sx="M,F,M,M"/><TAIKYOKU oya="0"/><INIT seed="0,0,0,2,0,122" ten="250,250,250,250" oya="0" hai0="118,59,84,47,131,26,113,90,40,64,57,68,117" hai1="44,37,13,73,60,88,4,124,87,132,99,54,80" hai2="11,86,56,91,81,98,114,19,58,21,30,17,77" hai3="116,41,55,45,24,12,52,20,85,72,119,121,94"/><T23/><D113/><U112/><E73/><V33/><F114/><W120/><G72/><T100/><D131/><U67/><E112/><V89/><F33/><W35/><G35/><T63/><D100/><U29/><E132/><V125/><F125/><W79/><G12/><T1/><D1/><U115/><E115/><V69/><F69/><W83/><G94/><T102/><D102/><U25/><E124/><V126/><F126/><W39/><G119/><T76/><D76/><U129/><E129/><V130/><F130/><W133/><G133/><T92/><D118/><U62/><E99/><V36/><F36/><W31/><REACH who="3" step="1"/><G116/><REACH who="3" ten="250,250,250,240" step="2"/><T15/><D117/><U50/><E13/><V9/><F98/><W61/><G61/><T18/><REACH who="0" step="1"/><D15/><REACH who="0" ten="240,250,250,240" step="2"/><U78/><E78/><V3/><F77/><W135/><G135/><T5/><D5/><U53/><E4/><V48/><F3/><W34/><G34/><T107/><D107/><U32/><E32/><V14/><F14/><W65/><G65/><T2/><D2/><U111/><E67/><V75/><F9/><W97/><G97/><T46/><D46/><U6/><E6/><V22/><F11/><W49/><G49/><AGARI ba="0,2" hai="18,23,26,40,47,49,57,59,63,64,68,84,90,92" machi="49" ten="30,2900,0" yaku="1,1,7,1,53,0" doraHai="122" doraHaiUra="105" who="0" fromWho="3" sc="240,49,250,0,250,0,240,-29" /><INIT seed="0,1,0,5,2,15" ten="289,250,250,211" oya="0" hai0="131,71,132,84,31,33,100,93,53,29,30,22,102" hai1="20,135,114,76,70,65,79,111,50,121,17,96,127" hai2="44,45,2,11,86,12,58,47,77,26,101,116,35" hai3="21,69,123,133,115,49,52,105,64,82,106,129,6"/><T67/><D33/><U38/><E38/><V9/><F116/><W104/><G115/><T61/><D131/><U41/><E121/><V24/><F2/><W83/><G129/><T89/><D132/><U74/><E135/><V81/><F101/><W66/><G133/><T7/><D7/><U13/><E114/><V43/><F43/><W90/><G123/><T126/><D126/><U118/><E118/><V134/><F134/><W1/><G1/><T19/><REACH who="0" step="1"/><D53/><REACH who="0" ten="279,250,250,211" step="2"/><U37/><E127/><V57/><F35/><W36/><G6/><T95/><D95/><U87/><E41/><V75/><F75/><W110/><G106/><T4/><D4/><U25/><E74/><V103/><F103/><W27/><G105/><T72/><D72/><U108/><E108/><V62/><F62/><W78/><G110/><T56/><D56/><U14/><E111/><V55/><F55/><W63/><G104/><T8/><D8/><U98/><E70/><V5/><F9/><W122/><G122/><T124/><D124/><U117/><E117/><V23/><F58/><W107/><G107/><T40/><D40/><U91/><E20/><V73/><F57/><W125/><G125/><T97/><D97/><U3/><E96/><V60/><F60/><W80/><G63/><T46/><D46/><U128/><E98/><V92/><F23/><W85/><G69/><T130/><D130/><U32/><E128/><V48/><F73/><W112/><G52/><T54/><D54/><U18/><E32/><V113/><F92/><W109/><G109/><T88/><D88/><U59/><E91/><RYUUKYOKU ba="1,1" sc="279,30,250,-10,250,-10,211,-10" hai0="19,22,29,30,31,61,67,71,84,89,93,100,102" /><INIT seed="0,2,1,4,5,30" ten="309,240,240,201" oya="0" hai0="105,38,135,2,58,27,51,87,67,102,95,97,83" hai1="90,74,4,47,8,29,33,121,59,23,101,119,96" hai2="5,7,55,98,28,100,99,49,43,6,133,34,61" hai3="70,113,19,36,32,18,65,54,45,92,53,111,89"/><T117/><D2/><U80/><E119/><V60/><F133/><W86/><G113/><T131/><D38/><U26/><E121/><V75/><F75/><W124/><G124/><T81/><D117/><U91/><E47/><V31/><F43/><W22/><G111/><T122/><D122/><U13/><E59/><N who="2" m="33263" /><F34/><W110/><G110/><T116/><D116/><U41/><E41/><V127/><F127/><W14/><G32/><T82/><D131/><U50/><E50/><V25/><F25/><W15/><G65/><T112/><D112/><U123/><E123/><V109/><F109/><W118/><G118/><T42/><D135/><U63/><E63/><N who="2" m="24139" /><F100/><W21/><G70/><T128/><D128/><U71/><E71/><V132/><F132/><W12/><G12/><T72/><D72/><U94/><E74/><V130/><F130/><W69/><G69/><T125/><D125/><U3/><E80/><N who="0" m="30825" /><D105/><U16/><AGARI ba="2,1" hai="3,4,8,13,16,23,26,29,33,90,91,94,96,101" machi="16" ten="30,8000,1" yaku="0,1,24,2,52,1,54,1" doraHai="30" who="1" fromWho="1" sc="309,-42,240,96,240,-22,201,-22" /><INIT seed="1,0,0,3,1,46" ten="267,336,218,179" oya="1" hai0="36,133,9,15,33,74,59,49,73,20,112,72,58" hai1="13,114,57,17,54,62,47,95,42,6,12,45,84" hai2="120,113,130,3,69,83,119,105,37,87,55,8,98" hai3="131,35,123,30,53,64,77,101,44,81,89,10,5"/><U29/><E114/><V127/><RYUUKYOKU type="yao9" ba="0,0" sc="267,0,336,0,218,0,179,0" hai2="3,8,37,55,69,83,87,98,105,113,119,120,127,130" /><INIT seed="1,1,0,2,5,75" ten="267,336,218,179" oya="1" hai0="96,97,132,61,72,128,27,70,68,36,26,91,39" hai1="4,35,3,25,131,98,102,84,64,90,107,110,55" hai2="71,80,125,87,56,109,113,10,122,7,30,63,48" hai3="49,95,12,86,60,127,108,53,32,67,9,92,88"/><U16/><E131/><V76/><F122/><W54/><G127/><T29/><D72/><U20/><E110/><V1/><F125/><W117/><G117/><T31/><D91/><U50/><E35/><V14/><F109/><W38/><G108/><T135/><REACH who="0" step="1"/><D61/><REACH who="0" ten="257,336,218,179" step="2"/><U83/><E90/><V74/><F74/><W104/><G104/><T13/><D13/><U114/><E107/><V17/><F113/><W126/><G126/><T123/><D123/><U47/><E114/><V99/><F99/><W119/><G119/><T24/><D24/><U58/><E98/><V106/><F106/><W77/><G38/><T130/><AGARI ba="1,1" hai="26,27,29,31,36,39,68,70,96,97,128,130,132,135" machi="130" ten="25,6400,0" yaku="1,1,0,1,22,2,53,0" doraHai="75" doraHaiUra="18" who="0" fromWho="0" sc="257,77,336,-33,218,-17,179,-17" /><INIT seed="2,0,0,2,3,74" ten="334,303,201,162" oya="2" hai0="27,99,78,52,70,69,114,96,46,17,24,68,37" hai1="88,8,23,66,117,95,5,102,93,104,20,65,124" hai2="108,59,57,134,32,36,6,11,77,85,62,21,47" hai3="106,51,80,10,9,100,38,31,98,71,39,26,56"/><V81/><F134/><W41/><G71/><T50/><D114/><U43/><E117/><V132/><F132/><W105/><G105/><T58/><D78/><U79/><E124/><V91/><F32/><W76/><G39/><T109/><D109/><U113/><E113/><V55/><F108/><W0/><G38/><T1/><D1/><U40/><E104/><V135/><F135/><W45/><G0/><T90/><D90/><U107/><E107/><V49/><F21/><N who="1" m="8265" /><E79/><V82/><F36/><W63/><G31/><T33/><D17/><U121/><E121/><V92/><F82/><W87/><REACH who="3" step="1"/><G26/><REACH who="3" ten="334,303,201,152" step="2"/><N who="0" m="9771" /><D68/><U35/><E35/><V22/><F22/><W64/><AGARI ba="0,1" hai="9,10,41,45,51,56,63,64,76,80,87,98,100,106" machi="64" ten="20,8000,1" yaku="1,1,0,1,7,1,52,1,53,1" doraHai="74" doraHaiUra="61" who="3" fromWho="3" sc="334,-20,303,-20,201,-40,152,90" /><INIT seed="3,0,0,4,4,92" ten="314,283,161,242" oya="3" hai0="117,97,47,27,115,56,43,134,123,112,101,50,63" hai1="49,33,102,128,64,122,23,114,65,116,72,59,83" hai2="31,26,48,68,12,14,93,32,15,125,35,118,37" hai3="44,104,74,98,55,73,61,8,77,2,82,108,4"/><W88/><G108/><T22/><D134/><U84/><E72/><V67/><F37/><W5/><G5/><T130/><D123/><U60/><E33/><V111/><F118/><W20/><G20/><T58/><D130/><U11/><E122/><V7/><F68/><W135/><G135/><T28/><D117/><U24/><E114/><N who="0" m="43561" /><D63/><U10/><E128/><V13/><F67/><W19/><G19/><T129/><D129/><U120/><E116/><V126/><F48/><W103/><G61/><T99/><D99/><U90/><E120/><V46/><F93/><AGARI ba="0,0" hai="22,27,28,43,47,50,56,58,93,97,101" m="43561" machi="93" ten="30,2000,0" yaku="11,1,52,1" doraHai="92" who="0" fromWho="2" sc="314,20,283,0,161,-20,242,0" owari="334,44.0,283,8.0,141,-36.0,242,-16.0" /></mjloggm>