<mjloggm ver="2.3"><GO type="97" lobby="0"/><UN n0="%E5%B0%B1%E6%B4%BB%E7%94%9F%40%E5%B7%9D%E6%9D%91%E8%BB%8D%E5%9B%A3" n1="%46%43%50%54%4B" n2="%47%54%53%53" n3="%E9%AB%98%E6%A7%BB%E3%82%84%E3%82%88%E3%81%84%E2%98%86" dan="15,15,14,15" rate="2126.65,2066.56,1886.66,1925.59" sx="M,M,M,F"/><TAIKYOKU oya="0"/><INIT seed="0,0,0,0,4,70" ten="250,250,250,250" oya="0" hai0="30,74,92,71,102,33,56,84,123,48,37,26,101" hai1="105,36,107,10,128,118,79,85,95,62,14,16,2" hai2="0,75,18,41,131,34,53,22,134,114,117,115,28" hai3="121,72,113,47,11,93,112,49,8,127,73,104,45"/><T9/><D71/><U91/><E118/><V132/><F75/><W50/><G93/><T67/><D74/><U103/><E36/><V3/><F41/><W5/><G5/><T20/><D37/><U52/><E2/><N who="2" m="555" /><F53/><W35/><G35/><T4/><D33/><U109/><E109/><V111/><F117/><W77/><G77/><T60/><D48/><U98/><E128/><V15/><F131/><W29/><G29/><T108/><D108/><U59/><REACH who="1" step="1"/><E79/><REACH who="1" ten="250,240,250,250" step="2"/><V12/><F111/><W21/><G121/><T89/><D123/><U13/><E13/><AGARI ba="0,1" hai="4,9,13,20,26,30,56,60,67,84,89,92,101,102" machi="13" ten="30,2900,0" yaku="7,1,8,1" doraHai="70" who="0" fromWho="1" sc="250,39,240,-29,250,0,250,0" /><INIT seed="0,1,0,4,5,57" ten="289,211,250,250" oya="0" hai0="40,39,73,76,77,84,55,31,8,28,98,96,56" hai1="91,72,59,87,68,49,9,26,129,135,133,3,63" hai2="74,82,131,20,14,61,22,5,42,101,62,16,64" hai3="86,97,103,21,132,85,105,128,75,41,94,70,112"/><T123/><D73/><U99/><E72/><V34/><F34/><W121/><G70/><T32/><D32/><U100/><E68/><V120/><F120/><W111/><G121/><T18/><D39/><U51/><E129/><V47/><F131/><W37/><G37/><T69/><D69/><U7/><E26/><V45/><F101/><W71/><G71/><T65/><D65/><U79/><E79/><N who="0" m="30281" /><D84/><U104/><E51/><N who="2" m="27063" /><F74/><W124/><G75/><T83/><D83/><U106/><E49/><V33/><F33/><W60/><G41/><T108/><D40/><U50/><E50/><V78/><F64/><W19/><G124/><T35/><D35/><U27/><E106/><V130/><F130/><W23/><G128/><T115/><D108/><U43/><E43/><V122/><F122/><W119/><G119/><T66/><D66/><U30/><E30/><N who="0" m="11305" /><D115/><U95/><REACH who="1" step="1"/><E27/><REACH who="1" ten="289,201,250,250" step="2"/><N who="2" m="14727" /><F47/><W0/><G105/><T107/><D107/><U53/><AGARI ba="1,1" hai="3,7,9,53,59,63,87,91,95,99,100,104,133,135" machi="53" ten="30,7900,0" yaku="1,1,0,1,52,1,53,1" doraHai="57" doraHaiUra="80" who="1" fromWho="1" sc="289,-40,201,92,250,-21,250,-21" /><INIT seed="1,0,0,2,4,55" ten="249,293,229,229" oya="1" hai0="62,99,54,127,6,72,15,23,87,28,124,68,112" hai1="44,47,120,45,102,32,52,13,24,111,122,116,3" hai2="42,93,51,7,118,105,133,21,83,84,129,8,73" hai3="46,11,65,37,96,128,69,60,18,76,50,1,25"/><U20/><E116/><V89/><F118/><W95/><G128/><T35/><D72/><U4/><E3/><V30/><F129/><W43/><G76/><T19/><D6/><U0/><E0/><V110/><F133/><W16/><G25/><T86/><D99/><U130/><E130/><V115/><F110/><W81/><G81/><T103/><D103/><U90/><E111/><V70/><F70/><W12/><G1/><T121/><D112/><U61/><E102/><V22/><F115/><W77/><G77/><T38/><D38/><U94/><E32/><V74/><F105/><W117/><G117/><T98/><D98/><U113/><E113/><V107/><F107/><W26/><G26/><T29/><D35/><U79/><E79/><V106/><F106/><W2/><G2/><T31/><D121/><U114/><E114/><V97/><F74/><W56/><G37/><T53/><D53/><U119/><E119/><V40/><F73/><W49/><G49/><T66/><REACH who="0" step="1"/><D54/><REACH who="0" ten="239,293,229,229" step="2"/><U104/><E104/><V59/><F7/><N who="3" m="3199" /><G69/><T64/><D64/><U100/><E100/><AGARI ba="0,1" hai="16,18,43,46,50,56,60,65,95,96,100" m="3199" machi="100" ten="30,3900,0" yaku="8,1,52,1,54,1" doraHai="55" who="3" fromWho="1" sc="239,0,293,-39,229,0,229,49" /><INIT seed="2,0,0,5,0,26" ten="239,254,229,278" oya="2" hai0="57,121,25,7,66,105,42,0,94,6,111,89,19" hai1="44,3,36,135,5,120,49,75,114,37,24,86,76" hai2="18,38,62,58,81,50,99,64,22,98,128,21,118" hai3="95,77,88,30,15,129,13,54,2,33,55,100,127"/><V93/><F118/><W32/><G2/><T107/><D42/><U1/><E114/><V84/><F38/><W70/><G70/><T52/><D66/><U83/><E135/><V8/><F128/><W29/><G100/><T123/><D111/><U78/><E120/><V48/><F8/><W61/><G77/><T113/><D113/><U96/><E96/><V80/><F98/><W130/><G61/><T63/><D107/><U47/><E24/><V101/><F80/><W122/><G95/><T124/><D105/><U65/><E65/><V102/><F102/><W109/><G109/><T16/><D124/><U9/><E3/><V108/><F108/><W79/><G79/><T56/><D56/><U60/><E60/><V4/><F4/><N who="0" m="1578" /><D0/><U72/><E47/><V46/><F18/><N who="0" m="6698" /><D123/><U82/><REACH who="1" step="1"/><E86/><REACH who="1" ten="239,244,229,278" step="2"/><V69/><F69/><W35/><G122/><T132/><D132/><U27/><E27/><V45/><F45/><W51/><G129/><T131/><D25/><U73/><E73/><V106/><F106/><W43/><G130/><T10/><D131/><U31/><E31/><V71/><F71/><W97/><G30/><T133/><D133/><U110/><E110/><V126/><F126/><W115/><G29/><T59/><D121/><U40/><AGARI ba="0,1" hai="1,5,9,36,37,40,44,49,72,75,76,78,82,83" machi="40" ten="20,5200,0" yaku="1,1,0,1,7,1,9,1,53,0" doraHai="26" doraHaiUra="67" who="1" fromWho="1" sc="239,-13,244,62,229,-26,278,-13" /><INIT seed="3,0,0,2,1,67" ten="226,306,203,265" oya="3" hai0="55,77,86,116,25,119,103,8,46,122,98,118,115" hai1="95,65,132,10,61,39,49,28,126,97,14,129,73" hai2="69,82,33,52,56,59,130,0,84,22,135,50,121" hai3="57,11,88,32,114,123,124,75,5,13,21,125,101"/><W74/><G32/><T19/><D122/><U71/><E39/><V63/><F33/><W96/><G123/><T64/><D115/><U76/><E126/><V105/><F121/><W100/><G114/><T80/><D64/><U62/><E129/><V51/><F105/><W4/><G4/><T40/><D55/><U83/><E132/><V1/><F135/><W38/><G38/><T128/><D128/><U68/><E28/><V93/><F130/><W23/><G57/><T134/><D134/><U48/><E62/><V120/><F120/><W17/><G23/><T94/><D25/><U41/><E41/><V29/><F93/><W16/><G17/><T87/><D87/><U37/><E71/><V70/><F50/><W131/><G131/><T35/><D35/><U79/><E79/><V104/><F104/><W26/><G88/><T78/><D78/><U127/><E37/><V60/><F60/><W18/><G5/><T81/><D81/><U3/><E3/><V53/><F22/><W54/><G54/><T20/><D20/><U92/><E92/><V112/><F29/><W27/><G27/><T107/><D107/><U12/><E12/><V2/><REACH who="2" step="1"/><F112/><REACH who="2" ten="226,306,193,265" step="2"/><W36/><G36/><T58/><D116/><U66/><E127/><V6/><F6/><W44/><G124/><T108/><D119/><U9/><E9/><V15/><F15/><W42/><G125/><T72/><D118/><U43/><E14/><V133/><F133/><W85/><G13/><T117/><D117/><U102/><E10/><V90/><AGARI ba="0,1" hai="0,1,2,51,52,53,56,59,63,69,70,82,84,90" machi="90" ten="30,8000,1" yaku="1,1,0,1,52,2,54,1,53,0" doraHai="67" doraHaiUra="113" who="2" fromWho="2" sc="226,-20,306,-20,193,90,265,-40" /><INIT seed="4,0,0,4,5,3" ten="206,286,283,225" oya="0" hai0="88,15,26,133,46,57,134,6,51,102,96,116,68" hai1="64,123,122,37,62,49,81,50,106,69,44,32,21" hai2="124,86,40,97,99,91,23,2,65,10,112,14,63" hai3="126,74,111,30,29,67,75,24,77,83,94,80,4"/><T105/><D68/><U120/><E32/><V101/><F124/><W98/><G111/><T135/><D116/><U121/><E121/><V53/><F112/><W70/><G126/><T73/><D73/><U108/><E106/><V41/><F2/><W115/><G115/><T54/><D26/><U28/><E108/><V87/><F87/><W38/><G38/><T0/><D0/><U52/><E81/><V76/><F76/><W131/><G131/><T118/><D118/><U113/><E113/><V45/><F23/><W71/><G30/><T27/><D27/><U11/><E11/><V48/><F41/><W89/><G67/><T93/><D46/><U114/><E114/><V127/><F127/><W85/><G4/><T104/><D102/><U33/><E21/><V34/><F34/><W103/><REACH who="3" step="1"/><G75/><REACH who="3" ten="206,286,283,215" step="2"/><T119/><D119/><U5/><E5/><N who="2" m="3407" /><F65/><W129/><G129/><T128/><D128/><U12/><E37/><V60/><F101/><W125/><G125/><T47/><D47/><U25/><E122/><V55/><F40/><W58/><G58/><T31/><D31/><U43/><E123/><V92/><F60/><W107/><G107/><T9/><AGARI ba="0,1" hai="6,9,15,51,54,57,88,93,96,104,105,133,134,135" machi="9" ten="40,12000,1" yaku="0,1,20,1,52,1,54,1" doraHai="3" who="0" fromWho="0" sc="206,130,286,-40,283,-40,215,-40" owari="336,43.0,246,5.0,243,-16.0,175,-32.0" /></mjloggm>