<mjloggm ver="2.3"><GO type="97" lobby="0"/><UN n0="%E3%83%AD%E3%83%9C%E3%82%B3%E3%83%97" n1="%53%47%59%4D%48%52%4B%31" n2="%E3%81%AD%E3%82%8B%E3%81%A6%E3%81%83%E3%82%93" n3="%E5%B0%B1%E6%B4%BB%E7%94%9F%40%E5%B7%9D%E6%9D%91%E8%BB%8D%E5%9B%A3" dan="14,15,15,15" rate="1916.69,2032.88,1967.84,2007.73" sx="M,M,F,M"/><TAIKYOKU oya="0"/><INIT seed="0,0,0,5,4,65" ten="250,250,250,250" oya="0" hai0="22,17,135,8,4,16,84,35,19,31,64,116,41" hai1="12,62,93,50,70,121,63,3,107,69,122,72,98" hai2="108,113,73,110,14,126,104,78,75,15,45,40,37" hai3="61,55,57,59,1,114,79,92,32,5,28,2,49"/><T99/><D116/><U67/><E3/><V133/><F113/><W42/><G114/><T119/><D119/><U56/><E72/><V60/><F104/><W54/><G79/><T129/><D129/><U97/><E107/><V10/><F126/><W44/><G5/><T11/><D135/><U89/><E98/><V134/><F60/><W33/><G92/><T18/><D41/><U131/><E131/><V38/><F38/><W9/><G9/><T21/><D64/><U127/><E127/><V66/><F66/><W86/><G86/><T48/><D48/><U130/><E130/><V81/><F73/><W24/><REACH who="3" step="1"/><G32/><REACH who="3" ten="250,250,250,240" step="2"/><T115/><D115/><U88/><E122/><V20/><F10/><N who="0" m="3626" /><D84/><U43/><E121/><V26/><F133/><W0/><G0/><T25/><D99/><U23/><E89/><V102/><F134/><W71/><G71/><T111/><D111/><U94/><E94/><V29/><F102/><W76/><G76/><T53/><D4/><U58/><E70/><V106/><F106/><W117/><G117/><T82/><D82/><U103/><E103/><V27/><F110/><W95/><G95/><T34/><D53/><U109/><E109/><V118/><F118/><W101/><G101/><T132/><D132/><U47/><E69/><V123/><F108/><W46/><G46/><T90/><D90/><U36/><E88/><V68/><F68/><W51/><AGARI ba="0,1" hai="1,2,24,28,33,42,44,49,51,54,55,57,59,61" machi="51" ten="20,2700,0" yaku="1,1,0,1,7,1,53,0" doraHai="65" doraHaiUra="80" who="3" fromWho="3" sc="250,-13,250,-7,250,-7,240,37" /><INIT seed="1,0,0,4,4,75" ten="237,243,243,277" oya="1" hai0="44,17,63,89,104,124,72,69,110,113,6,65,121" hai1="15,36,42,45,84,126,92,13,12,28,56,116,120" hai2="106,33,20,102,122,32,21,23,79,71,112,53,61" hai3="129,81,7,8,0,105,5,95,51,74,60,46,52"/><U26/><E120/><V111/><F122/><W80/><G105/><T94/><D113/><U131/><E116/><V86/><F106/><W29/><G129/><T93/><D121/><U87/><E131/><V73/><F102/><W41/><G7/><T3/><D104/><U11/><E126/><V39/><F39/><W97/><G29/><T10/><D124/><U34/><E56/><V67/><F86/><W68/><G74/><T62/><D110/><U58/><E58/><V133/><F111/><W107/><G107/><T108/><D108/><U88/><REACH who="1" step="1"/><E84/><REACH who="1" ten="237,233,243,277" step="2"/><V59/><F59/><W130/><G130/><T123/><D123/><U55/><E55/><V30/><F53/><W99/><G68/><T82/><D72/><U18/><AGARI ba="0,1" hai="11,12,13,15,18,26,28,34,36,42,45,87,88,92" machi="18" ten="20,12000,1" yaku="1,1,0,1,7,1,54,1,53,1" doraHai="75" doraHaiUra="37" who="1" fromWho="1" sc="237,-40,233,130,243,-40,277,-40" /><INIT seed="1,1,0,4,1,82" ten="197,363,203,237" oya="1" hai0="103,95,132,123,127,7,74,43,121,85,46,63,50" hai1="88,76,87,109,8,122,70,115,1,113,10,40,61" hai2="110,56,37,99,64,96,71,78,130,77,73,94,105" hai3="102,42,45,21,58,108,62,17,15,91,41,33,75"/><U84/><E122/><N who="0" m="46601" /><D74/><U31/><E31/><V34/><F37/><W16/><G33/><T0/><D127/><U118/><E118/><V68/><F34/><W3/><G3/><T100/><D132/><U12/><E40/><V49/><F105/><W89/><G75/><T128/><D128/><U98/><E1/><V125/><F73/><W52/><G108/><T93/><D63/><U22/><E70/><V29/><F29/><W66/><G102/><N who="0" m="38955" /><D85/><U101/><E109/><V135/><F110/><W13/><G66/><T38/><D38/><U67/><E115/><V18/><F135/><W24/><G24/><T81/><D81/><N who="1" m="47143" /><E113/><V97/><F94/><W20/><G42/><T39/><D39/><AGARI ba="1,0" hai="13,15,16,17,20,21,39,41,45,52,58,62,89,91" machi="39" ten="30,7700,0" yaku="7,1,9,1,54,2" doraHai="82" who="3" fromWho="0" sc="197,-80,363,0,203,0,237,80" /><INIT seed="2,0,0,5,3,50" ten="117,363,203,317" oya="2" hai0="44,6,126,12,14,55,72,36,22,130,37,80,114" hai1="106,99,123,51,117,134,9,64,10,43,47,1,81" hai2="96,87,89,52,78,103,65,85,31,105,92,112,121" hai3="69,33,77,124,57,8,3,131,24,102,66,67,91"/><V119/><F65/><W97/><G69/><T122/><D122/><U71/><E123/><V83/><F31/><W38/><G38/><T30/><D114/><U16/><E134/><V2/><F2/><W120/><G77/><T28/><D130/><U39/><E117/><V93/><F121/><W62/><G120/><T61/><D126/><U86/><E71/><V82/><F52/><W18/><G124/><T73/><D6/><U27/><E64/><V125/><F112/><W135/><G131/><T48/><D80/><U32/><E1/><V15/><F15/><W11/><G135/><T108/><D108/><U84/><E39/><V118/><F125/><W111/><G111/><T53/><D44/><U129/><E129/><V76/><F93/><N who="3" m="58671" /><G33/><T59/><D59/><U60/><E60/><V5/><F5/><W41/><G3/><T68/><D48/><U90/><E106/><V23/><F23/><N who="3" m="13431" /><G41/><T21/><D68/><U94/><E84/><AGARI ba="0,0" hai="76,78,82,83,84,85,87,89,92,96,103,105,118,119" machi="84" ten="30,12000,1" yaku="7,1,9,1,34,3" doraHai="50" who="2" fromWho="1" sc="117,0,363,-120,203,120,317,0" /><INIT seed="2,1,0,2,1,132" ten="117,243,323,317" oya="2" hai0="49,10,14,57,37,70,4,111,98,106,60,115,130" hai1="126,65,18,81,82,95,105,1,124,83,2,94,31" hai2="58,80,53,13,16,102,117,85,25,30,78,86,114" hai3="51,121,64,59,47,61,11,89,32,107,103,93,108"/><V127/><F114/><W66/><G121/><T129/><D37/><U131/><E31/><V79/><F117/><W7/><G108/><T6/><D111/><U88/><E65/><V21/><F127/><N who="1" m="48681" /><E131/><V46/><F46/><W35/><G107/><T116/><D116/><U43/><E105/><V23/><F102/><W92/><G103/><N who="0" m="62839" /><D115/><U55/><E43/><V91/><REACH who="2" step="1"/><F85/><REACH who="2" ten="117,243,313,317" step="2"/><W72/><G72/><T42/><D130/><U0/><E55/><V76/><F76/><W34/><G66/><T87/><D129/><U97/><E95/><V104/><F104/><W122/><G122/><T56/><D87/><U17/><AGARI ba="1,1" hai="0,1,2,17,18,81,82,83,88,94,97" m="48681" machi="17" ten="40,8000,1" yaku="18,1,52,3,54,1" doraHai="132" who="1" fromWho="1" sc="117,-21,243,93,313,-41,317,-21" /><INIT seed="3,0,0,3,2,80" ten="96,336,272,296" oya="3" hai0="105,110,32,48,129,79,65,104,13,92,74,78,126" hai1="114,86,116,20,88,97,64,55,77,133,46,75,24" hai2="31,96,135,81,82,124,21,109,57,90,85,26,17" hai3="106,130,70,113,115,54,59,99,125,19,12,76,11"/><W33/><G70/><T35/><D48/><N who="1" m="29079" /><E75/><V45/><F109/><W39/><G39/><T83/><D65/><U91/><E114/><V68/><F68/><W61/><G33/><T43/><D43/><U51/><E133/><V7/><F7/><W9/><G76/><T62/><D62/><U14/><E116/><V2/><F2/><W10/><G125/><T52/><D13/><U93/><E64/><V56/><F135/><W121/><G130/><T122/><D92/><N who="1" m="54295" /><E14/><V134/><F134/><W73/><G73/><T50/><D122/><U66/><E66/><V94/><F124/><W25/><G121/><T118/><D126/><U40/><E77/><V72/><F72/><W28/><G99/><T5/><D110/><U8/><E8/><V41/><F31/><W49/><G106/><T23/><D129/><U89/><E51/><N who="2" m="27055" /><F82/><W0/><G0/><T67/><D118/><U100/><E40/><V131/><F131/><W4/><G49/><T71/><D79/><U128/><E128/><V69/><F69/><W53/><G53/><T112/><D112/><U103/><E103/><AGARI ba="0,0" hai="17,21,26,56,57,81,85,90,94,96,103" m="27055" machi="103" ten="30,2000,0" yaku="8,1,52,1" doraHai="80" who="2" fromWho="1" sc="96,0,336,-20,272,20,296,0" owari="96,-40.0,316,41.0,292,-11.0,296,10.0" /></mjloggm>