<mjloggm ver="2.3"><GO type="97" lobby="0"/><UN n0="%E6%9F%B3%E3%81%AB%E7%95%AA%E5%82%98" n1="%59%61%69%74%6F%68" n2="%6D%75%6B%65%6D%69%6E%67" n3="%E3%83%88%E3%83%88%E3%83%AA%E5%85%88%E7%94%9F%31%39%E6%AD%B3" dan="16,14,13,15" rate="2068.70,1969.20,1903.88,2086.97" sx="M,M,M,F"/><TAIKYOKU oya="0"/><INIT seed="0,0,0,3,3,93" ten="250,250,250,250" oya="0" hai0="59,105,108,81,44,101,41,63,18,42,78,0,1" hai1="65,34,15,5,46,85,82,133,106,124,69,96,47" hai2="7,55,29,114,73,61,26,17,8,116,80,71,28" hai3="43,132,120,86,40,4,3,58,36,50,72,23,134"/><T127/><D42/><U35/><E47/><V66/><F114/><W122/><G72/><T91/><D91/><U75/><E75/><V135/><F135/><N who="3" m="51755" /><G23/><T112/><D18/><U49/><E133/><V99/><F116/><W70/><G86/><T84/><D108/><U9/><E65/><V130/><F29/><W88/><G88/><T67/><D127/><U20/><E20/><V60/><F130/><W13/><G3/><T110/><D110/><U32/><E69/><V123/><F123/><N who="3" m="47147" /><G13/><T19/><D19/><U118/><E118/><V25/><F25/><W74/><G74/><T37/><REACH who="0" step="1"/><D112/><REACH who="0" ten="240,250,250,250" step="2"/><U39/><E124/><V77/><F17/><W38/><G40/><T111/><D111/><U121/><E121/><V62/><F66/><W16/><G16/><T126/><D126/><U103/><E39/><V119/><F119/><W11/><G43/><T64/><D64/><U79/><E35/><V10/><F10/><W53/><G11/><T27/><D27/><U56/><REACH who="1" step="1"/><E56/><REACH who="1" ten="240,240,250,250" step="2"/><V31/><F8/><W131/><G70/><T128/><D128/><U102/><E102/><V12/><F71/><W33/><G131/><T87/><D87/><U94/><E94/><V45/><F73/><W115/><G33/><T92/><D92/><U83/><E83/><V95/><F95/><W125/><G125/><T6/><D6/><U2/><E2/><V109/><F7/><W117/><G117/><T30/><D30/><U104/><E104/><V54/><F31/><W24/><G4/><T129/><D129/><U90/><E90/><V76/><F28/><W14/><G36/><RYUUKYOKU ba="0,2" sc="240,15,240,15,250,-15,250,-15" hai0="0,1,37,41,44,59,63,67,78,81,84,101,105" hai1="5,9,15,32,34,46,49,79,82,85,96,103,106" /><INIT seed="0,1,2,2,2,115" ten="255,255,235,235" oya="0" hai0="83,49,75,16,104,2,81,18,130,91,43,7,55" hai1="57,84,95,109,96,89,122,61,106,74,13,102,87" hai2="21,54,98,46,112,41,127,101,5,53,34,76,77" hai3="129,31,134,125,63,27,128,131,70,64,92,94,103"/><T126/><D104/><U15/><E122/><V38/><F112/><W19/><G134/><T99/><D75/><U59/><E109/><V85/><F34/><N who="3" m="20863" /><G125/><T118/><D126/><U73/><E87/><V52/><F127/><W124/><G124/><T4/><D130/><U29/><E29/><V93/><F5/><N who="0" m="2122" /><D118/><U66/><REACH who="1" step="1"/><E59/><REACH who="1" ten="255,245,235,235" step="2"/><V40/><F85/><W22/><G103/><T11/><D2/><U67/><E67/><V6/><F6/><W113/><G113/><T24/><D99/><U48/><E48/><N who="2" m="26695" /><F41/><W88/><G88/><T23/><D91/><U30/><E30/><V123/><F38/><W36/><G36/><T119/><D43/><U33/><E33/><V69/><F69/><W78/><G78/><N who="2" m="30313" /><F123/><W68/><G68/><T32/><D32/><U20/><E20/><AGARI ba="1,3" hai="20,21,52,53,54,93,98,101" m="30313,26695" machi="20" ten="30,2000,0" yaku="8,1,54,1" doraHai="115" who="2" fromWho="1" sc="255,0,245,-23,235,53,235,0" /><INIT seed="1,0,0,4,4,121" ten="255,222,288,235" oya="1" hai0="102,93,28,62,89,20,117,43,18,94,7,124,100" hai1="65,87,4,49,66,101,119,110,35,112,63,133,81" hai2="38,52,37,23,14,50,74,39,11,118,79,17,48" hai3="128,29,44,36,98,71,41,57,135,108,19,109,10"/><U51/><E112/><V92/><F118/><W16/><G71/><T88/><D124/><U54/><E119/><V3/><F3/><W60/><G128/><T25/><D43/><U127/><E35/><V70/><F70/><W69/><G69/><T116/><D7/><U76/><E127/><V68/><F68/><W103/><G29/><T86/><D28/><U126/><E126/><V82/><F92/><N who="3" m="58823" /><G10/><T99/><REACH who="0" step="1"/><D62/><REACH who="0" ten="245,222,288,235" step="2"/><U47/><E63/><V30/><F37/><W8/><G19/><T67/><D67/><U122/><E122/><V80/><F39/><W107/><G16/><T33/><D33/><U95/><E4/><V114/><F114/><W134/><G8/><T22/><D22/><U131/><E131/><V13/><F38/><W125/><G125/><T85/><D85/><U45/><E65/><V24/><F74/><W31/><G31/><T1/><D1/><U0/><E66/><V83/><F79/><W21/><G21/><T91/><D91/><U111/><E0/><V115/><F115/><W32/><G32/><T34/><D34/><U5/><E5/><N who="2" m="3311" /><F52/><N who="3" m="33831" /><G107/><T6/><D6/><U105/><E105/><V97/><F97/><W72/><G72/><T113/><D113/><U55/><E133/><AGARI ba="0,1" hai="36,41,44,108,109,133,134,135" m="33831,58823" machi="133" ten="30,7700,0" yaku="20,1,52,2,54,1" doraHai="121" who="3" fromWho="1" sc="245,0,222,-77,288,0,235,87" /><INIT seed="2,0,0,3,0,86" ten="245,145,288,322" oya="2" hai0="47,24,23,118,1,14,48,72,30,19,21,59,127" hai1="71,115,15,9,49,135,12,90,3,113,125,102,55" hai2="75,100,17,77,61,46,25,42,93,4,58,106,8" hai3="88,45,18,62,109,121,124,123,68,11,132,78,29"/><V111/><F106/><W34/><G109/><T94/><D72/><U80/><E9/><V133/><F133/><W119/><G119/><T79/><D127/><U0/><E125/><V63/><F111/><W43/><G124/><T85/><D1/><U96/><E96/><V120/><F120/><W44/><G78/><T64/><D118/><U131/><E80/><V50/><F75/><W69/><G132/><T122/><D79/><U91/><E135/><V87/><F58/><W39/><G45/><T73/><D73/><U130/><E71/><V13/><F100/><W65/><G68/><T20/><D20/><U126/><E126/><V74/><F74/><W97/><G29/><T107/><D107/><U129/><E102/><V2/><F2/><N who="1" m="553" /><E55/><V22/><REACH who="2" step="1"/><F93/><REACH who="2" ten="245,145,278,322" step="2"/><W82/><G123/><T7/><D94/><U105/><E105/><V114/><F114/><N who="1" m="43529" /><E49/><V104/><F104/><W92/><G121/><T84/><D122/><U128/><N who="1" m="33280" /><DORA hai="108" /><U36/><E36/><V76/><F76/><W51/><G39/><T66/><D48/><U101/><E101/><V83/><AGARI ba="0,1" hai="4,8,13,17,22,25,42,46,50,61,63,77,83,87" machi="83" ten="30,12000,1" yaku="1,1,0,1,25,2,8,1,53,0" doraHai="86,108" doraHaiUra="54,103" who="2" fromWho="2" sc="245,-40,145,-40,278,130,322,-40" /><INIT seed="2,1,0,4,1,57" ten="205,105,408,282" oya="2" hai0="95,128,28,91,1,53,58,41,14,88,93,59,122" hai1="40,13,24,46,5,86,101,38,17,110,15,114,80" hai2="49,30,42,50,97,92,90,87,116,119,82,35,22" hai3="89,66,47,12,133,9,76,104,131,102,73,113,21"/><V29/><F35/><W103/><G104/><T75/><D122/><U127/><E114/><V60/><F119/><W108/><G108/><T27/><D75/><U0/><E110/><V32/><F32/><W106/><G106/><T54/><D14/><U129/><E101/><N who="2" m="60583" /><F116/><W112/><G131/><T56/><D41/><U71/><E71/><V126/><F126/><W36/><G133/><T26/><D128/><U44/><E127/><V31/><F60/><W23/><G66/><T99/><D1/><U84/><E129/><V18/><F42/><N who="3" m="22983" /><G89/><T51/><D28/><N who="2" m="7170" /><V20/><DORA hai="19" /><F20/><N who="3" m="7755" /><G76/><T8/><D8/><U79/><E44/><V117/><F117/><W2/><G73/><T16/><D16/><U72/><E24/><AGARI ba="1,0" hai="18,22,24,49,50,82,87,90" m="7170,60583" machi="24" ten="30,2900,0" yaku="8,1,52,1" doraHai="57,19" who="2" fromWho="1" sc="205,0,105,-32,408,32,282,0" /><INIT seed="2,2,0,2,1,30" ten="205,73,440,282" oya="2" hai0="13,23,19,107,87,70,31,114,43,22,18,132,34" hai1="61,82,39,119,20,133,11,106,92,5,55,36,46" hai2="72,81,7,60,109,95,94,127,33,2,134,67,129" hai3="116,135,17,12,128,66,78,3,90,8,4,16,15"/><V93/><F127/><W111/><G78/><T126/><D70/><U89/><E106/><V53/><F129/><W21/><G66/><T91/><D107/><U40/><E119/><V49/><F33/><W63/><G63/><T98/><D132/><U118/><E118/><V110/><F134/><W32/><G116/><T58/><D114/><U52/><E133/><V120/><F120/><W117/><G117/><T44/><D98/><U77/><E20/><V42/><F42/><W88/><G135/><T85/><D31/><U59/><E39/><V10/><F72/><W130/><G32/><T84/><D34/><U50/><E59/><V38/><F81/><W69/><G69/><T71/><D71/><U97/><E61/><V123/><F38/><W26/><G111/><N who="2" m="42505" /><F123/><W0/><G90/><T45/><D58/><U121/><E121/><V28/><F28/><W115/><G88/><T47/><D43/><U57/><E57/><N who="2" m="32943" /><F60/><W125/><G125/><T29/><D29/><U103/><E103/><V102/><F67/><W27/><G115/><T113/><D113/><U104/><E104/><V64/><F64/><W112/><G112/><T79/><D79/><U14/><REACH who="1" step="1"/><E36/><REACH who="1" ten="205,63,440,282" step="2"/><V54/><F102/><W51/><G51/><T9/><D126/><U76/><E76/><V37/><F37/><W101/><G101/><T75/><D22/><U24/><E24/><V62/><F62/><W80/><G27/><T74/><D23/><U86/><AGARI ba="2,1" hai="5,11,14,40,46,50,52,55,77,82,86,89,92,97" machi="86" ten="20,12000,2" yaku="1,1,0,1,7,1,25,2,8,1,54,1,53,0" doraHai="30" doraHaiUra="99" who="1" fromWho="1" sc="205,-32,63,136,440,-62,282,-32" /><INIT seed="3,0,0,2,0,76" ten="173,199,378,250" oya="3" hai0="48,33,96,26,61,94,41,57,123,8,118,115,77" hai1="93,135,53,121,45,109,21,117,125,87,134,23,70" hai2="9,84,16,81,66,19,29,112,86,75,85,1,36" hai3="88,82,13,100,44,15,7,65,31,120,74,60,38"/><W113/><G113/><T62/><D118/><U27/><E121/><V63/><F75/><W47/><G120/><T111/><D123/><U126/><E117/><V4/><F112/><W28/><G100/><T40/><D115/><U34/><E70/><V108/><F108/><W72/><G38/><T39/><D111/><U20/><E109/><V54/><F36/><W124/><G124/><N who="1" m="47722" /><E93/><V80/><F29/><N who="3" m="11339" /><G72/><T110/><D110/><U17/><E87/><V56/><REACH who="2" step="1"/><F66/><REACH who="2" ten="173,199,368,250" step="2"/><W69/><G74/><T58/><D33/><U127/><E34/><V67/><F67/><W95/><G65/><N who="0" m="39087" /><D39/><U22/><E127/><V119/><F119/><W30/><G30/><T14/><D26/><U103/><E135/><V2/><F2/><W25/><G25/><T89/><D48/><U114/><E114/><V83/><AGARI ba="0,1" hai="1,4,9,16,19,54,56,63,80,81,83,84,85,86" machi="83" ten="30,12000,2" yaku="1,1,0,1,52,3,54,1,53,0" doraHai="76" doraHaiUra="11" who="2" fromWho="2" sc="173,-30,199,-30,368,130,250,-60" owari="143,-36.0,169,-23.0,498,60.0,190,-1.0" /></mjloggm>