<mjloggm ver="2.3"><GO type="97" lobby="0"/><UN n0="%72%79%6F%74%61%31%31" n1="%E3%82%B0%E3%83%AC%E3%83%BC%E3%83%88%4B" n2="%28%5E%40%5E%29%2A" n3="%E5%B0%B1%E6%B4%BB%E7%94%9F%40%E5%B7%9D%E6%9D%91%E8%BB%8D%E5%9B%A3" dan="14,14,14,15" rate="1945.91,1922.80,1948.19,2049.83" sx="M,M,M,M"/><TAIKYOKU oya="0"/><INIT seed="0,0,0,5,3,104" ten="250,250,250,250" oya="0" hai0="17,111,20,21,94,10,113,0,35,5,41,117,108" hai1="86,56,135,23,105,31,22,89,112,121,58,120,32" hai2="47,84,8,1,6,82,97,116,48,68,60,46,63" hai3="73,134,36,132,125,19,44,123,122,61,65,81,124"/><T64/><D41/><U50/><E112/><V107/><F116/><W91/><G19/><T37/><D37/><U51/><E105/><V57/><F107/><W52/><G91/><T15/><D64/><U87/><E31/><V2/><F97/><W131/><G81/><T4/><D94/><U18/><E89/><V102/><F102/><W77/><G77/><T128/><D117/><U96/><E18/><V49/><F1/><W101/><G101/><T130/><D113/><U80/><E96/><V106/><F106/><W93/><G93/><T62/><D62/><U38/><E80/><V26/><F68/><N who="3" m="42031" /><G73/><T133/><D35/><U85/><E38/><V13/><F2/><W100/><G100/><T98/><D98/><U115/><E32/><V119/><F119/><W70/><G70/><T11/><D133/><N who="3" m="51305" /><G131/><T30/><D30/><U24/><E135/><V114/><F114/><W12/><G12/><T28/><D28/><U79/><E115/><V83/><F26/><W76/><G76/><T92/><D92/><U90/><E79/><N who="2" m="46175" /><F83/><W43/><G52/><T25/><REACH who="0" step="1"/><D21/><REACH who="0" ten="240,250,250,250" step="2"/><U109/><E24/><V3/><F3/><W99/><G99/><T118/><D118/><U40/><E40/><V95/><F95/><W54/><G54/><T69/><D69/><U88/><E86/><V59/><F63/><W33/><G33/><T74/><D74/><U16/><E16/><V45/><F60/><W72/><G72/><T34/><D34/><U103/><E103/><V42/><F42/><W127/><AGARI ba="0,1" hai="36,43,44,122,123,124,125,127" m="51305,42031" machi="127" ten="40,8000,1" yaku="18,1,20,1,23,1,34,2" doraHai="104" who="3" fromWho="3" sc="240,-40,250,-20,250,-20,250,90" /><INIT seed="1,0,0,3,5,115" ten="200,230,230,340" oya="1" hai0="90,83,91,58,3,25,130,28,74,111,14,57,20" hai1="131,7,32,31,96,132,64,40,11,59,116,88,4" hai2="38,46,35,104,18,65,85,27,103,79,102,119,30" hai3="5,71,45,10,112,120,84,100,127,53,129,76,114"/><U66/><E116/><V101/><F104/><W22/><G71/><T21/><D111/><U39/><E132/><V9/><F65/><W61/><G129/><T109/><D109/><U34/><E131/><V124/><F124/><W72/><G72/><T12/><D130/><U97/><E39/><V122/><F122/><W80/><G127/><T133/><D133/><U89/><E40/><V123/><F123/><W134/><G134/><T19/><D3/><U135/><E135/><V50/><F38/><W78/><G120/><T125/><D125/><U99/><E59/><V48/><F119/><W62/><G100/><T43/><D43/><U73/><E31/><V86/><F79/><W13/><G22/><T49/><D74/><U69/><E73/><V8/><F18/><W52/><G78/><T92/><D83/><U75/><E75/><V24/><F24/><W117/><G117/><T41/><D41/><U118/><E118/><V1/><F1/><W98/><G98/><T63/><D49/><U128/><E128/><V60/><F60/><W16/><G5/><N who="1" m="2122" /><E11/><N who="2" m="4171" /><F50/><N who="3" m="28751" /><G112/><T94/><D63/><N who="3" m="24073" /><G114/><T95/><D12/><U87/><E87/><V126/><F126/><W113/><G113/><T33/><D33/><N who="1" m="12907" /><E69/><V47/><F47/><W56/><G56/><AGARI ba="0,0" hai="14,19,20,21,25,28,56,57,58,90,91,92,94,95" machi="56" ten="40,1300,0" yaku="8,1" doraHai="115" who="0" fromWho="3" sc="200,13,230,0,230,0,340,-13" /><INIT seed="2,0,0,0,4,10" ten="213,230,230,327" oya="2" hai0="102,95,63,96,58,132,117,115,86,51,101,27,1" hai1="17,81,122,114,45,112,100,9,133,54,89,116,32" hai2="76,90,94,13,52,107,53,38,43,55,30,25,104" hai3="5,46,15,2,128,70,77,50,23,82,4,79,74"/><V47/><F76/><W34/><G34/><T120/><D1/><U64/><E116/><V91/><F91/><W42/><G128/><T126/><D115/><U61/><E32/><V118/><F118/><W99/><G70/><T24/><D117/><U41/><E100/><V119/><F119/><W26/><G2/><T87/><D120/><U0/><E122/><V18/><F25/><W108/><G108/><T20/><D132/><U129/><E129/><V131/><F30/><W22/><G79/><T6/><D6/><U105/><E105/><V67/><F67/><W35/><G35/><T97/><D126/><U44/><E44/><V72/><F72/><W73/><G73/><T127/><D127/><U110/><E110/><V125/><F125/><W85/><G99/><T37/><D37/><U109/><E109/><V49/><F131/><W65/><G65/><T88/><D51/><N who="1" m="29039" /><E0/><V103/><F103/><N who="0" m="39434" /><D86/><N who="1" m="50383" /><E41/><V19/><F38/><W123/><G123/><T40/><D40/><U11/><E133/><V8/><REACH who="2" step="1"/><F19/><REACH who="2" ten="213,230,220,327" step="2"/><N who="3" m="10623" /><G74/><T93/><D24/><U111/><E111/><V36/><F36/><W16/><AGARI ba="0,1" hai="4,5,16,23,26,42,46,50,77,82,85" m="10623" machi="16" ten="30,4000,0" yaku="8,1,52,1,54,1" doraHai="10" who="3" fromWho="3" sc="213,-10,230,-10,220,-20,327,50" /><INIT seed="3,0,0,2,0,61" ten="203,220,200,377" oya="3" hai0="22,25,88,82,125,23,79,107,120,105,3,38,53" hai1="28,1,70,116,24,129,113,49,33,131,9,19,26" hai2="57,18,71,103,86,14,5,68,83,133,6,52,45" hai3="123,32,0,51,109,63,89,39,2,62,77,58,98"/><W64/><G32/><T104/><D120/><U92/><E70/><V55/><F71/><W101/><G39/><T81/><D38/><U21/><E49/><N who="2" m="28719" /><F68/><W11/><G77/><T127/><D3/><U42/><E92/><V84/><F133/><W15/><G109/><T74/><D53/><U48/><E42/><V99/><F103/><W95/><G123/><T36/><D36/><U117/><E48/><N who="2" m="30951" /><F99/><W35/><G35/><T66/><D66/><U78/><E113/><V93/><F93/><W76/><G76/><T43/><D43/><U102/><E78/><N who="2" m="46199" /><F86/><W118/><G118/><N who="1" m="45674" /><E102/><V13/><F13/><W17/><G101/><T69/><D69/><U85/><E85/><V115/><F115/><W44/><G63/><T37/><D37/><U72/><E72/><V114/><F114/><W50/><G50/><T119/><D119/><U128/><E1/><V135/><F135/><W40/><AGARI ba="0,0" hai="0,2,11,15,17,40,44,51,58,62,64,89,95,98" machi="40" ten="20,3900,0" yaku="0,1,7,1,52,1" doraHai="61" who="3" fromWho="3" sc="203,-13,220,-13,200,-13,377,39" owari="190,-21.0,207,1.0,187,-31.0,416,51.0" /></mjloggm>