<mjloggm ver="2.3"><GO type="97" lobby="0"/><UN n0="%E3%83%86%E3%82%B9%E3%83%88%E3%83%91%E3%82%A4%E3%83%AD%E3%83%83%E3%83%88" n1="%E5%9E%A2%E5%89%8A%E9%99%A4%EF%BC%A0%E5%B7%9D%E6%9D%91%E8%BB%8D%E5%9B%A3" n2="%E3%83%88%E3%83%88%E3%83%AA%E5%85%88%E7%94%9F%31%39%E6%AD%B3" n3="%E3%83%B4%E3%82%A3%E3%83%B4%E3%82%A3%E3%82%A2%E3%83%B3" dan="13,14,13,14" rate="1830.21,1959.36,1992.32,1942.90" sx="M,F,F,M"/><TAIKYOKU oya="0"/><INIT seed="0,0,0,1,1,9" ten="250,250,250,250" oya="0" hai0="88,128,34,78,44,96,27,73,12,19,28,47,94" hai1="98,20,11,114,116,32,104,55,111,129,45,102,43" hai2="21,125,17,103,36,25,42,81,23,54,112,72,107" hai3="86,84,38,63,29,74,109,56,93,67,15,49,64"/><T16/><D128/><U50/><E32/><V79/><F112/><W5/><G74/><T101/><D19/><U37/><E116/><V117/><F125/><W6/><G38/><T69/><D69/><U48/><E129/><V10/><F117/><W89/><G109/><T35/><D35/><U113/><E111/><V133/><F133/><W1/><G1/><T60/><D60/><U110/><E110/><V33/><F33/><W41/><G29/><T52/><D78/><U40/><E40/><V131/><F131/><W61/><G41/><T4/><D4/><U83/><E83/><V99/><F54/><W70/><G49/><T75/><D73/><U30/><E55/><V77/><F77/><W127/><G127/><T0/><D75/><U121/><E121/><V124/><F124/><W132/><G132/><T14/><D14/><U59/><E59/><V91/><F91/><W8/><REACH who="3" step="1"/><G6/><REACH who="3" ten="250,250,250,240" step="2"/><T24/><D0/><U7/><E114/><V39/><F42/><W62/><G62/><T100/><D27/><U13/><E113/><V95/><F39/><W58/><G58/><T126/><D126/><U46/><E45/><V135/><F36/><W105/><G105/><T18/><D47/><U106/><E106/><V26/><F135/><W115/><G115/><T31/><D31/><U123/><E104/><V68/><F107/><W85/><AGARI ba="0,1" hai="5,8,15,56,61,63,64,67,70,84,85,86,89,93" machi="85" ten="20,8000,1" yaku="1,1,0,1,7,1,52,1,53,1" doraHai="9" doraHaiUra="90" who="3" fromWho="3" sc="250,-40,250,-20,250,-20,240,90" /><INIT seed="1,0,0,5,5,19" ten="210,230,230,330" oya="1" hai0="71,121,35,49,4,10,55,86,118,65,9,132,110" hai1="126,22,38,106,92,91,105,12,102,83,16,58,78" hai2="127,112,117,54,31,124,95,36,46,43,73,24,21" hai3="101,44,20,120,66,68,113,76,94,98,23,131,103"/><U135/><E38/><V130/><F117/><W33/><G33/><T123/><D118/><U6/><E135/><V133/><F73/><W39/><G120/><T8/><D35/><U129/><E129/><V75/><F75/><W5/><G113/><T96/><D132/><U108/><E126/><V61/><F130/><W63/><G131/><T52/><D110/><U80/><E108/><V119/><F119/><W2/><G76/><T107/><D86/><U104/><E6/><V47/><F133/><W42/><G103/><T122/><D55/><U70/><E70/><V87/><F112/><W116/><REACH who="3" step="1"/><G116/><REACH who="3" ten="210,230,230,320" step="2"/><T125/><D125/><U28/><E102/><V85/><F124/><W27/><G27/><T11/><D4/><U0/><E78/><V26/><F26/><W109/><G109/><T41/><D123/><U29/><E104/><V97/><F127/><W111/><G111/><T134/><D134/><U128/><E105/><V100/><F100/><W51/><G51/><T114/><D114/><U59/><E106/><V17/><F36/><W88/><G88/><T7/><D7/><U67/><E128/><V30/><F24/><W18/><G18/><T64/><D122/><U14/><E91/><V1/><F17/><W77/><G77/><T84/><D121/><U50/><E16/><V13/><F30/><W3/><G3/><T90/><D90/><U62/><E0/><V93/><F31/><W25/><G25/><T72/><D72/><U99/><E29/><V34/><F1/><W60/><G60/><T79/><D79/><U115/><E28/><V56/><F34/><RYUUKYOKU ba="0,1" sc="210,-10,230,-10,230,-10,320,30" hai3="2,5,20,23,39,42,44,63,66,68,94,98,101" /><INIT seed="2,1,1,5,0,101" ten="200,220,220,350" oya="2" hai0="3,34,29,121,100,9,46,45,107,43,97,21,83" hai1="120,14,125,103,89,126,52,113,81,17,5,40,78" hai2="65,69,56,94,122,62,64,59,102,47,66,6,91" hai3="90,1,135,74,12,70,128,112,115,61,104,108,19"/><V24/><F122/><W50/><G1/><T13/><D121/><U32/><E120/><V123/><F123/><W49/><G74/><T33/><D3/><U119/><E119/><V98/><F6/><W8/><G104/><T73/><D45/><U82/><E113/><N who="3" m="43594" /><G108/><T93/><D21/><U36/><E103/><V79/><F79/><W54/><G135/><T31/><D29/><U16/><E32/><V30/><F47/><W27/><G128/><T114/><D114/><U117/><E117/><V22/><F69/><W15/><G27/><T127/><D127/><N who="1" m="48651" /><E5/><V116/><F116/><W80/><G15/><T84/><D73/><N who="1" m="43215" /><E14/><V134/><F134/><W77/><G90/><T86/><D93/><U88/><E36/><V99/><REACH who="2" step="1"/><F59/><REACH who="2" ten="200,220,210,350" step="2"/><N who="3" m="35063" /><G70/><T129/><D129/><U20/><E40/><V71/><F71/><W4/><G4/><T57/><D57/><U55/><E82/><V11/><F11/><W41/><G41/><T25/><D83/><U51/><E20/><V35/><F35/><W118/><G118/><T7/><REACH who="0" step="1"/><D34/><REACH who="0" ten="190,220,210,350" step="2"/><U23/><E23/><V18/><F18/><W26/><G26/><T85/><D85/><U105/><E16/><V39/><F39/><AGARI ba="1,3" hai="7,9,13,25,31,33,39,43,46,84,86,97,100,107" machi="39" ten="30,3900,0" yaku="1,1,7,1,52,1,53,0" doraHai="101" doraHaiUra="106" who="0" fromWho="2" sc="190,72,220,0,210,-42,350,0" /><INIT seed="3,0,0,2,5,123" ten="262,220,168,350" oya="3" hai0="95,99,132,61,114,22,122,85,131,128,74,28,109" hai1="105,46,4,13,88,120,55,77,60,20,76,44,91" hai2="50,40,108,41,83,14,33,30,75,111,1,64,89" hai3="66,103,56,25,92,10,93,5,100,43,125,12,127"/><W96/><G43/><T29/><D122/><U54/><E105/><V23/><F1/><W0/><G25/><T72/><D61/><U73/><E120/><V110/><F64/><W38/><G38/><T112/><D22/><U67/><E73/><V36/><F36/><W31/><G31/><T45/><D45/><N who="1" m="17515" /><E67/><V59/><F33/><W51/><G0/><T134/><D85/><U106/><E106/><V27/><F14/><W129/><G129/><T7/><D7/><U62/><E4/><V18/><F30/><W8/><G8/><T35/><D99/><U15/><E20/><V81/><F89/><N who="1" m="34377" /><E60/><V86/><F86/><W11/><G11/><T71/><D95/><U42/><E62/><V68/><F68/><W69/><G69/><T26/><D71/><U102/><E102/><N who="3" m="38954" /><G96/><T47/><D47/><U118/><E118/><V24/><F24/><W79/><G79/><N who="1" m="30282" /><E42/><N who="2" m="16491" /><F75/><W9/><G9/><T104/><D104/><U53/><AGARI ba="0,0" hai="13,15,53,54,55" m="30282,34377,17515" machi="53" ten="40,8000,1" yaku="28,2,8,1,54,1" doraHai="123" who="1" fromWho="1" sc="262,-20,220,80,168,-20,350,-40" owari="242,-16.0,300,10.0,148,-35.0,310,41.0" /></mjloggm>