<mjloggm ver="2.3"><GO type="41" lobby="0"/><UN n0="%48%46" n1="%E3%83%81%E3%83%A5%E3%83%B3%E5%A4%AA" n2="%6B%6E%6F%32%31%33%34" n3="%E5%B0%B1%E6%B4%BB%E7%94%9F%40%E5%B7%9D%E6%9D%91%E8%BB%8D%E5%9B%A3" dan="13,13,15,17" rate="1850.17,1980.04,2047.54,2107.02" sx="M,M,M,M"/><TAIKYOKU oya="0"/><INIT seed="0,0,0,4,5,125" ten="250,250,250,250" oya="0" hai0="45,93,49,5,6,85,62,65,73,66,34,41,129" hai1="29,135,86,114,37,2,87,98,72,0,51,121,128" hai2="54,90,89,14,67,103,30,131,75,26,105,102,80" hai3="113,21,110,3,134,74,8,82,13,97,96,99,52"/><T50/><D73/><U119/><E37/><V68/><F131/><W100/><G113/><T64/><D34/><U20/><E72/><V115/><F115/><W23/><G3/><T40/><D129/><U24/><E121/><V69/><F14/><W83/><G134/><T81/><D93/><U38/><E38/><V57/><F75/><W46/><G110/><T107/><D107/><U56/><E135/><V60/><F69/><W7/><G100/><T106/><D106/><U10/><E119/><V43/><F43/><W48/><G74/><T22/><D62/><U39/><E39/><V35/><F80/><AGARI ba="0,0" hai="7,8,13,21,23,46,48,52,80,82,83,96,97,99" machi="80" ten="40,2600,0" yaku="8,1,54,1" doraHai="125" who="3" fromWho="2" sc="250,0,250,0,250,-26,250,26" /><INIT seed="1,0,0,1,4,26" ten="250,250,224,276" oya="1" hai0="22,35,125,74,16,101,60,93,91,47,66,88,97" hai1="20,38,31,65,115,25,107,33,76,50,72,17,79" hai2="83,109,122,103,49,45,89,96,116,2,114,112,14" hai3="110,9,24,92,99,78,126,46,94,19,43,86,1"/><U63/><E107/><V28/><F2/><W13/><G126/><T100/><D74/><U40/><E38/><V111/><F14/><W130/><G130/><T106/><D35/><U48/><E115/><N who="2" m="44075" /><F28/><W0/><G110/><N who="2" m="41993" /><F49/><W119/><G119/><T98/><D47/><U34/><E34/><V132/><F45/><W41/><G41/><T32/><D32/><U53/><E40/><V131/><F131/><W134/><G134/><T87/><D87/><U127/><E72/><V11/><F11/><W15/><G15/><T5/><D5/><U90/><E127/><V30/><F30/><W18/><G18/><T108/><D108/><U69/><E50/><V10/><F10/><W59/><G59/><T68/><REACH who="0" step="1"/><D125/><REACH who="0" ten="240,250,224,276" step="2"/><U57/><REACH who="1" step="1"/><E90/><REACH who="1" ten="240,240,224,276" step="2"/><V39/><F132/><W135/><G135/><T64/><D64/><U113/><E113/><V102/><F116/><W29/><G43/><T117/><D117/><U129/><E129/><V73/><F89/><W6/><G1/><T7/><D7/><U95/><E95/><V121/><F73/><W82/><G92/><T37/><D37/><U84/><E84/><V128/><F128/><W12/><G0/><T104/><D104/><U58/><E58/><V124/><F124/><W80/><G46/><T61/><D61/><U133/><E133/><V67/><F122/><W105/><G105/><T44/><D44/><U21/><E21/><V85/><F121/><W81/><G6/><T55/><D55/><U120/><E120/><V54/><F54/><W118/><G118/><T36/><D36/><U56/><E56/><V42/><F39/><RYUUKYOKU ba="0,2" sc="240,15,240,15,224,-15,276,-15" hai0="16,22,60,66,68,88,91,93,97,98,100,101,106" hai1="17,20,25,31,33,48,53,57,63,65,69,76,79" /><INIT seed="1,1,2,5,3,54" ten="255,255,209,261" oya="1" hai0="30,82,19,108,122,73,92,101,74,129,107,55,80" hai1="121,126,53,110,77,7,130,6,84,78,20,75,47" hai2="38,16,94,3,90,86,97,67,66,103,4,81,58" hai3="34,113,133,124,24,39,51,26,10,69,132,33,2"/><U14/><E121/><V65/><F38/><W0/><G39/><T134/><D122/><U27/><E126/><V40/><F40/><W88/><G69/><T71/><D71/><U64/><E64/><V13/><F3/><N who="3" m="1067" /><G113/><T105/><D108/><U120/><E120/><V119/><F4/><N who="1" m="1577" /><E130/><V95/><F119/><W44/><G124/><T135/><D30/><N who="1" m="17767" /><E110/><V46/><F46/><W111/><G10/><T35/><D19/><U116/><E75/><N who="0" m="28681" /><D35/><N who="3" m="13321" /><G88/><T85/><D55/><U102/><E102/><V49/><F94/><W41/><G111/><T25/><D129/><U104/><E104/><N who="0" m="40009" /><D25/><U118/><E118/><V9/><REACH who="2" step="1"/><F49/><REACH who="2" ten="255,255,199,261" step="2"/><W59/><G51/><T17/><D92/><U42/><E116/><V50/><F50/><W93/><G44/><T91/><D101/><U112/><E42/><V72/><F72/><W18/><G93/><N who="0" m="54511" /><D17/><U62/><E112/><V114/><F114/><W57/><G41/><T68/><D68/><U61/><E47/><V12/><F12/><W15/><G15/><T36/><D36/><U115/><E115/><V23/><F23/><N who="3" m="13431" /><G26/><T1/><D1/><U123/><E123/><V106/><F106/><W43/><G43/><T98/><D98/><U32/><E14/><V127/><F127/><W99/><G99/><T128/><D128/><U70/><E32/><V87/><F87/><W89/><G89/><T96/><D96/><U22/><E84/><V37/><F37/><W76/><G76/><T28/><D82/><U83/><E83/><V21/><F21/><W56/><G133/><N who="0" m="50699" /><D80/><U5/><E22/><V29/><F29/><W45/><G132/><RYUUKYOKU ba="1,3" sc="255,10,255,-30,199,10,261,10" hai0="28" hai2="9,13,16,58,65,66,67,81,86,90,95,97,103" hai3="45,56,57,59" /><INIT seed="2,2,3,1,3,25" ten="265,225,209,271" oya="2" hai0="99,127,68,56,90,3,117,97,18,8,24,116,17" hai1="41,59,26,55,34,103,4,121,94,65,86,49,128" hai2="87,120,40,5,132,10,95,123,126,50,71,118,130" hai3="51,15,48,29,113,0,21,14,85,106,16,7,44"/><V32/><F71/><W102/><G113/><T61/><D68/><U47/><E128/><V31/><F118/><N who="0" m="45674" /><D127/><U105/><E121/><V104/><F104/><W2/><G106/><T77/><D77/><U93/><E4/><V125/><F130/><W22/><G102/><T96/><D3/><U80/><E105/><V63/><F132/><W11/><G85/><T33/><D8/><U30/><E103/><V57/><F50/><W46/><G22/><T27/><D90/><U84/><E65/><N who="2" m="39151" /><F40/><W135/><G135/><T1/><D1/><U70/><E70/><V62/><F62/><W124/><G29/><N who="0" m="19623" /><D27/><U74/><E74/><V89/><F31/><W83/><G83/><T66/><AGARI ba="2,3" hai="17,18,56,61,66,96,97,99" m="19623,45674" machi="66" ten="30,2000,0" yaku="12,1,52,1" doraHai="25" who="0" fromWho="0" sc="265,56,225,-7,209,-12,271,-7" /><INIT seed="3,0,0,2,2,109" ten="321,218,197,264" oya="3" hai0="118,105,108,28,65,14,72,12,27,80,32,16,96" hai1="57,110,0,52,135,102,90,33,34,26,10,127,17" hai2="50,54,11,79,86,115,93,87,81,111,77,78,29" hai3="85,84,30,91,6,68,123,97,101,37,15,4,106"/><W59/><G123/><T114/><D118/><U69/><E110/><V131/><F111/><W20/><G68/><T22/><D108/><U75/><E75/><V3/><F115/><W92/><G37/><T134/><D134/><U82/><E69/><V121/><F121/><W119/><G119/><T74/><D114/><U107/><E135/><V128/><F29/><W117/><G117/><T47/><D80/><U95/><E127/><V88/><F11/><W55/><G85/><T89/><D65/><U35/><E107/><V60/><F60/><W49/><REACH who="3" step="1"/><G30/><REACH who="3" ten="321,218,197,254" step="2"/><T18/><D28/><U43/><E35/><V39/><F39/><W124/><G124/><T103/><D74/><U40/><E34/><V61/><F86/><W45/><G45/><T7/><D72/><U25/><E33/><V76/><F87/><W116/><G116/><T23/><D47/><U83/><E40/><V58/><F128/><W24/><G24/><T94/><D32/><U13/><E43/><V125/><F131/><W112/><G112/><T113/><D27/><U9/><E26/><V5/><F125/><W41/><G41/><T56/><D113/><U66/><E25/><V48/><F76/><W98/><G98/><T120/><D56/><U71/><E71/><V51/><F77/><W64/><G64/><T63/><D120/><U122/><E122/><V2/><F78/><W129/><G129/><T67/><D67/><U100/><E66/><V31/><F79/><W73/><G73/><T70/><D70/><U44/><E44/><V46/><F31/><W130/><G130/><T21/><D96/><RYUUKYOKU ba="0,1" sc="321,-10,218,-10,197,-10,254,30" hai3="4,6,15,20,49,55,59,84,91,92,97,101,106" /><INIT seed="3,1,1,2,4,135" ten="311,208,187,284" oya="3" hai0="58,12,105,2,120,28,81,41,1,85,78,122,126" hai1="84,4,82,56,19,68,131,13,6,51,47,74,69" hai2="5,72,38,9,76,66,55,53,73,61,67,87,79" hai3="31,121,21,94,39,132,60,40,103,54,110,123,7"/><W48/><G132/><T25/><D105/><U44/><E74/><V112/><F38/><W49/><G39/><T35/><D126/><U128/><E68/><V101/><F101/><W92/><G7/><N who="1" m="2602" /><E69/><V129/><F129/><N who="1" m="49737" /><E56/><V111/><F111/><W102/><G110/><T86/><D41/><U32/><E51/><V29/><F29/><W125/><G31/><T124/><D124/><U71/><E32/><V127/><F127/><W100/><G21/><T26/><D12/><U20/><E71/><V99/><F5/><W63/><G125/><T90/><D58/><U46/><E46/><V119/><F119/><W50/><G40/><T15/><D15/><U133/><E133/><V109/><F109/><W34/><G34/><T97/><D97/><U30/><E30/><V11/><F99/><W57/><REACH who="3" step="1"/><G63/><REACH who="3" ten="311,208,187,274" step="2"/><T83/><D120/><AGARI ba="1,2" hai="48,49,50,54,57,60,92,94,100,102,103,120,121,123" machi="120" ten="50,12000,1" yaku="1,1,2,1,53,3" doraHai="135" doraHaiUra="116" who="3" fromWho="0" sc="311,-123,208,0,187,0,274,143" /><INIT seed="3,2,0,4,3,93" ten="188,208,187,417" oya="3" hai0="60,58,8,105,115,96,22,29,3,20,110,134,48" hai1="130,121,104,124,119,5,4,61,88,67,77,127,53" hai2="38,31,129,71,51,126,26,42,18,30,117,10,27" hai3="7,0,123,103,44,90,99,39,112,15,100,43,37"/><W106/><G123/><T59/><D115/><U13/><E121/><V92/><F38/><W87/><G112/><T135/><D110/><U54/><E119/><V114/><F71/><W46/><G103/><T118/><D118/><U36/><E36/><V74/><F74/><W116/><G116/><T72/><D72/><U73/><E130/><V64/><F114/><W57/><G0/><T108/><D108/><U85/><E104/><V107/><F107/><W79/><G79/><T101/><D48/><U47/><E77/><V45/><F117/><W89/><G57/><T62/><D3/><U25/><E73/><V21/><F126/><N who="1" m="48169" /><E25/><V69/><F129/><W11/><REACH who="3" step="1"/><G87/><REACH who="3" ten="188,208,187,407" step="2"/><T82/><D59/><N who="1" m="37311" /><E47/><V86/><F45/><W75/><G75/><T120/><D120/><U131/><E131/><V94/><F86/><W1/><G1/><T16/><D101/><U81/><E13/><V84/><F84/><W68/><G68/><T17/><D135/><U122/><E122/><V80/><F69/><W52/><G52/><AGARI ba="2,1" hai="4,5,52,53,54,81,85,88" m="37311,48169" machi="52" ten="30,3900,0" yaku="18,1,54,2" doraHai="93" who="1" fromWho="3" sc="188,0,208,55,187,0,407,-45" /><INIT seed="4,0,0,5,5,86" ten="188,263,187,362" oya="0" hai0="18,38,63,71,127,76,37,56,82,61,23,57,97" hai1="26,118,15,133,28,74,81,47,89,27,54,94,51" hai2="40,90,69,35,36,134,30,84,98,72,44,39,29" hai3="11,20,3,116,33,25,105,4,0,19,92,58,10"/><T83/><D127/><U88/><E118/><V32/><F72/><W128/><G105/><T34/><D34/><U43/><E133/><V107/><F69/><W22/><G116/><T80/><D71/><U91/><E74/><V53/><F36/><W87/><G128/><T93/><D76/><U100/><E81/><V52/><F134/><W24/><G58/><N who="0" m="22635" /><D38/><U103/><E15/><V2/><F2/><N who="3" m="555" /><G92/><T67/><D37/><U121/><E121/><V109/><F109/><W122/><G87/><T99/><D67/><U8/><E8/><N who="3" m="3114" /><G122/><T13/><D97/><U31/><E43/><V42/><F40/><W1/><G1/><T115/><D115/><U114/><E114/><V135/><F135/><W60/><G60/><T41/><D41/><U79/><E79/><V78/><F78/><W123/><G123/><T46/><D46/><U125/><E125/><V9/><F42/><W119/><G119/><T130/><D130/><U50/><E50/><V104/><F39/><W70/><G70/><T55/><D55/><U95/><E95/><V131/><F131/><W120/><G120/><T113/><D113/><U110/><E110/><V85/><F44/><W101/><G101/><AGARI ba="0,0" hai="13,18,23,61,63,80,82,83,93,99,101" m="22635" machi="101" ten="30,1500,0" yaku="8,1" doraHai="86" who="0" fromWho="3" sc="188,15,263,0,187,0,362,-15" /><INIT seed="4,1,0,5,0,85" ten="203,263,187,347" oya="0" hai0="58,14,20,109,111,42,18,26,34,73,4,59,105" hai1="10,71,87,134,53,83,25,62,78,44,112,12,91" hai2="103,113,33,5,123,51,67,27,24,57,95,50,120" hai3="79,40,36,22,11,135,31,74,16,128,23,102,29"/><T126/><D73/><U13/><E134/><V55/><F5/><W28/><G135/><T81/><D105/><U108/><E108/><N who="0" m="41545" /><D126/><U125/><E125/><V97/><F113/><W104/><G128/><T66/><D42/><U118/><E118/><V115/><F115/><W90/><G74/><T6/><D81/><U88/><E112/><V35/><F67/><W46/><G79/><T47/><D47/><U93/><E71/><V54/><F27/><W119/><G119/><T124/><D124/><U68/><E68/><V101/><F101/><W127/><G127/><T122/><D122/><U106/><E106/><V92/><F24/><W43/><G43/><T107/><D107/><U84/><E25/><V94/><F94/><W45/><G45/><T39/><D39/><U37/><E37/><V80/><F80/><W72/><G72/><T7/><D66/><U121/><E121/><V100/><F97/><W129/><G129/><T60/><D60/><U117/><E117/><V63/><F63/><W99/><G90/><T61/><D61/><U1/><E1/><V89/><REACH who="2" step="1"/><F57/><REACH who="2" ten="203,263,177,347" step="2"/><N who="0" m="21514" /><D34/><U30/><E62/><V17/><F17/><W41/><G104/><T70/><D70/><U21/><E44/><V110/><F110/><W0/><G46/><T52/><D26/><N who="1" m="16719" /><E78/><V76/><F76/><W64/><G64/><T48/><D6/><N who="1" m="3159" /><E53/><V38/><F38/><W130/><G36/><T3/><D3/><U114/><E114/><V116/><F116/><W133/><G130/><T15/><D15/><AGARI ba="1,1" hai="13,15,83,84,87,88,91,93" m="3159,16719" machi="15" ten="30,7700,0" yaku="8,1,52,2,54,1" doraHai="85" who="1" fromWho="0" sc="203,-80,263,90,177,0,347,0" /><INIT seed="5,0,0,5,5,0" ten="123,353,177,347" oya="1" hai0="75,39,76,43,109,28,44,32,34,100,132,48,57" hai1="70,11,26,60,89,71,12,78,122,93,73,45,20" hai2="63,99,10,35,135,106,38,61,46,64,113,30,83" hai3="54,49,21,96,123,130,7,1,86,115,29,15,51"/><U82/><E122/><V18/><F135/><W103/><G123/><T74/><D109/><U33/><E33/><V62/><F83/><W127/><G130/><T77/><D132/><U23/><E45/><V55/><F113/><W5/><G115/><T37/><D100/><U4/><E60/><V13/><F38/><W53/><G1/><T92/><D92/><U50/><E50/><V8/><F8/><W126/><G86/><T95/><D95/><U72/><E72/><V17/><F17/><N who="3" m="10431" /><G29/><T90/><D90/><U47/><E47/><V98/><F55/><W84/><G84/><T117/><D117/><U121/><E121/><V101/><F98/><W59/><G96/><T16/><D32/><U114/><E114/><V36/><F46/><N who="3" m="27831" /><G103/><T107/><D107/><U125/><E125/><AGARI ba="0,0" hai="5,7,51,54,59,125,126,127" m="27831,10431" machi="125" ten="30,3900,0" yaku="18,1,52,2" doraHai="0" who="3" fromWho="1" sc="123,0,353,-39,177,0,347,39" /><INIT seed="6,0,0,1,3,128" ten="123,314,177,386" oya="2" hai0="47,120,68,64,14,63,101,88,0,80,30,58,37" hai1="12,28,53,7,109,76,110,45,124,66,131,106,127" hai2="87,52,33,15,25,43,27,35,49,51,29,38,4" hai3="41,48,95,78,5,11,54,70,31,90,94,1,122"/><V98/><F38/><W77/><G122/><T18/><D0/><U99/><E131/><V72/><F72/><W85/><G70/><T96/><D120/><U3/><E3/><V19/><F4/><W135/><G135/><T125/><D30/><U39/><E76/><V23/><F43/><W84/><G41/><T116/><D116/><U62/><E28/><V83/><F98/><W57/><G31/><T67/><D125/><N who="1" m="48203" /><E99/><V130/><F130/><W56/><G56/><T26/><D37/><U117/><E106/><V79/><F33/><W8/><G8/><T24/><D47/><U40/><E117/><V71/><F71/><W92/><G92/><T32/><D32/><U42/><E42/><V102/><F102/><W6/><G6/><T89/><D67/><U36/><E36/><V75/><F75/><W44/><G44/><T105/><D68/><N who="1" m="42071" /><E12/><V108/><F108/><N who="1" m="41577" /><E7/><V115/><F15/><W133/><G133/><T65/><D65/><U60/><E53/><V81/><F52/><W119/><G119/><T91/><REACH who="0" step="1"/><D80/><REACH who="0" ten="113,314,177,386" step="2"/><U55/><E55/><V129/><F83/><W34/><G34/><T86/><D86/><U17/><E60/><V9/><F129/><W16/><G85/><T73/><D73/><U22/><E45/><V21/><F29/><W118/><G118/><T97/><D97/><U69/><E69/><V103/><F35/><W107/><G84/><T59/><D59/><U132/><E39/><V20/><F87/><W13/><G57/><T123/><D123/><U82/><E82/><V10/><F81/><W46/><G1/><T113/><D113/><RYUUKYOKU ba="0,1" sc="113,30,314,-10,177,-10,386,-10" hai0="14,18,24,26,58,63,64,88,89,91,96,101,105" /><INIT seed="7,1,1,1,5,129" ten="143,304,167,376" oya="3" hai0="41,57,59,135,38,31,104,86,89,2,8,70,55" hai1="125,10,87,127,105,16,115,18,101,25,61,21,99" hai2="20,117,64,82,24,34,72,49,32,94,90,28,35" hai3="9,60,6,11,43,12,37,132,88,126,79,128,102"/><W81/><G132/><T58/><D70/><U13/><E115/><V97/><F117/><W0/><G126/><T56/><D104/><U103/><E103/><V14/><F64/><W98/><G128/><T111/><D111/><U62/><REACH who="1" step="1"/><E87/><REACH who="1" ten="143,294,167,376" step="2"/><V130/><F130/><W122/><G122/><T23/><D135/><U83/><E83/><V93/><F82/><W120/><G102/><T77/><D77/><U76/><E76/><V134/><F72/><W110/><G81/><T51/><D38/><U46/><E46/><V29/><F134/><W15/><G79/><T73/><D73/><U96/><E96/><V22/><F97/><W65/><G98/><T69/><D69/><U91/><E91/><V95/><F90/><W68/><G88/><T27/><D41/><U19/><E19/><V47/><F47/><W106/><G43/><T63/><D2/><U74/><E74/><V44/><F44/><W85/><G37/><T116/><D116/><U36/><E36/><V75/><F75/><W4/><G85/><T52/><D8/><U66/><E66/><V84/><F84/><W131/><G65/><T1/><D1/><U53/><E53/><V5/><F28/><W78/><G0/><T114/><REACH who="0" step="1"/><D114/><REACH who="0" ten="133,294,167,376" step="2"/><U26/><E26/><V80/><F24/><W119/><G78/><T71/><D71/><U39/><E39/><V45/><F29/><W54/><G131/><T42/><D42/><U108/><E108/><V133/><F133/><W123/><G110/><T50/><D50/><U67/><E67/><V124/><F49/><W17/><G119/><T113/><D113/><RYUUKYOKU ba="1,3" sc="133,15,294,15,167,-15,376,-15" hai0="23,27,31,51,52,55,56,57,58,59,63,86,89" hai1="10,13,16,18,21,25,61,62,99,101,105,125,127" owari="148,-35.0,309,11.0,152,-25.0,391,49.0" /></mjloggm>