<mjloggm ver="2.3"><GO type="41" lobby="0"/><UN n0="%6D%6F%6D%69%61%67%65%30" n1="%E5%B0%B1%E6%B4%BB%E7%94%9F%40%E5%B7%9D%E6%9D%91%E8%BB%8D%E5%9B%A3" n2="%E3%81%86%E3%82%8A%E3%82%8B%E3%83%BC" n3="%65%74%61%6B%61%32%34" dan="14,15,13,13" rate="1883.16,1953.21,1887.17,1877.16" sx="M,M,M,M"/><TAIKYOKU oya="0"/><INIT seed="0,0,0,5,4,15" ten="250,250,250,250" oya="0" hai0="30,41,64,98,87,35,66,134,102,52,120,78,70" hai1="114,2,113,12,127,36,110,60,99,43,29,24,103" hai2="132,125,38,91,7,72,47,77,122,23,123,34,124" hai3="79,96,105,46,53,8,68,13,26,135,83,109,115"/><T131/><D120/><U95/><E2/><V92/><F34/><W82/><G115/><N who="1" m="44042" /><E127/><V44/><F132/><W117/><G117/><T40/><D134/><U4/><E110/><V107/><F107/><W56/><G135/><T5/><D131/><U3/><E3/><V10/><F47/><W112/><G112/><T20/><D35/><U61/><E43/><N who="0" m="16457" /><D70/><U9/><E36/><V111/><F111/><W108/><G68/><T119/><D5/><U59/><E59/><V84/><F23/><AGARI ba="0,0" hai="4,9,12,23,24,29,60,61,95,99,103" m="44042" machi="23" ten="30,1000,0" yaku="11,1" doraHai="15" who="1" fromWho="2" sc="250,0,250,10,250,-10,250,0" /><INIT seed="1,0,0,4,3,91" ten="250,260,240,250" oya="1" hai0="20,127,1,26,135,116,109,90,131,97,7,120,129" hai1="19,43,31,29,17,33,59,83,95,52,32,22,124" hai2="40,48,8,71,0,56,37,77,85,25,105,68,49" hai3="3,16,75,118,67,74,15,82,44,21,113,35,106"/><U102/><E124/><V84/><F37/><W6/><G113/><T4/><D127/><U64/><E43/><V50/><F105/><W72/><G106/><T96/><D116/><U10/><E33/><V78/><F25/><W126/><G126/><T99/><D109/><U51/><E32/><V12/><F0/><W62/><G118/><T86/><D135/><U66/><E83/><V107/><F107/><W14/><G35/><T134/><D134/><U114/><E114/><V18/><F56/><W76/><G3/><T101/><D101/><U57/><E57/><V98/><F98/><W34/><G34/><T11/><D7/><U80/><E80/><V92/><F71/><W111/><G111/><T133/><D120/><U123/><E123/><V36/><F36/><W24/><G44/><T65/><D65/><N who="1" m="25195" /><E10/><V45/><F68/><W39/><G39/><T88/><D133/><U69/><E69/><V89/><F77/><W42/><G42/><T94/><REACH who="0" step="1"/><D90/><REACH who="0" ten="240,260,240,250" step="2"/><U55/><E55/><V128/><F78/><W60/><G6/><T119/><D119/><U132/><E132/><V41/><F89/><W5/><G5/><T115/><D115/><U47/><E47/><V46/><F45/><W93/><G67/><T9/><D9/><U23/><E23/><V81/><F8/><W104/><G104/><T13/><D13/><U117/><E117/><V28/><F12/><W103/><G15/><T30/><AGARI ba="0,1" hai="1,4,11,20,26,30,86,88,94,96,97,99,129,131" machi="30" ten="30,8000,1" yaku="1,1,0,1,52,1,54,1,53,1" doraHai="91" doraHaiUra="87" who="0" fromWho="0" sc="240,90,260,-40,240,-20,250,-20" /><INIT seed="2,0,0,2,5,65" ten="330,220,220,230" oya="2" hai0="0,82,16,131,109,115,73,107,62,72,70,2,124" hai1="110,24,9,15,100,51,75,28,21,79,97,86,122" hai2="88,71,78,37,46,61,30,27,64,67,83,135,34" hai3="108,40,114,116,126,35,10,19,13,29,90,59,5"/><V11/><F135/><W38/><G38/><T81/><D115/><U33/><E33/><V6/><F67/><W31/><G40/><T96/><D124/><U56/><E122/><V43/><F88/><W106/><G106/><T112/><D112/><U99/><E110/><V66/><F66/><W57/><G57/><T60/><D109/><U101/><E75/><V18/><F18/><W103/><G103/><N who="1" m="39498" /><E86/><V17/><F17/><W123/><G59/><T1/><D131/><U102/><E79/><V87/><F11/><N who="3" m="6591" /><G90/><T125/><D125/><U41/><E102/><V98/><REACH who="2" step="1"/><F98/><REACH who="2" ten="330,220,210,230" step="2"/><W63/><G108/><T120/><D16/><N who="1" m="8303" /><E41/><V48/><F48/><W22/><G126/><T50/><D50/><U55/><AGARI ba="0,1" hai="21,24,28,51,55,56,97,99" m="8303,39498" machi="55" ten="30,2000,0" yaku="8,1,54,1" doraHai="65" who="1" fromWho="1" sc="330,-5,220,30,210,-10,230,-5" /><INIT seed="3,0,0,5,5,87" ten="325,250,200,225" oya="3" hai0="124,4,93,1,23,43,86,85,35,48,62,14,131" hai1="13,20,36,82,125,19,5,12,0,34,49,129,104" hai2="130,61,83,8,88,102,81,6,52,89,107,42,105" hai3="109,64,46,111,21,91,69,32,115,59,54,15,9"/><W51/><G115/><T56/><D35/><U108/><E36/><V2/><F42/><W103/><G32/><T44/><D124/><U114/><E104/><V133/><F133/><W22/><G103/><T30/><D131/><U55/><E34/><V39/><F39/><W77/><G77/><T73/><D73/><U10/><E114/><V128/><F102/><W100/><G100/><T113/><D1/><U68/><E68/><V123/><F123/><W37/><G69/><T11/><D113/><U134/><E125/><V57/><F83/><W79/><G79/><T98/><D30/><U106/><E106/><N who="2" m="40459" /><F81/><W65/><G65/><N who="0" m="39111" /><D23/><U33/><E33/><V90/><F8/><W60/><G37/><T122/><D122/><U58/><E134/><V117/><F6/><W112/><G112/><T116/><D116/><U75/><E129/><N who="2" m="49771" /><F117/><W70/><G70/><T53/><D43/><U76/><REACH who="1" step="1"/><E108/><REACH who="1" ten="325,240,200,225" step="2"/><N who="3" m="41546" /><G9/><T7/><D11/><U126/><E126/><V72/><F72/><W84/><G15/><AGARI ba="0,1" hai="0,5,10,12,13,15,19,20,49,55,58,75,76,82" machi="15" ten="30,3900,0" yaku="1,1,7,1,53,1" doraHai="87" doraHaiUra="78" who="1" fromWho="3" sc="325,0,240,49,200,0,225,-39" /><INIT seed="4,0,0,2,2,77" ten="325,289,200,186" oya="0" hai0="29,116,26,91,6,90,18,60,67,70,36,0,75" hai1="54,130,24,107,30,2,32,86,124,132,109,120,33" hai2="89,13,104,82,34,58,51,49,22,106,102,96,68" hai3="100,97,121,41,94,64,74,62,31,84,1,40,38"/><T123/><D123/><U81/><E120/><V127/><F68/><W15/><G1/><T48/><D75/><U20/><E107/><V19/><F34/><W10/><G121/><T126/><D116/><U110/><E2/><V95/><F127/><W39/><G74/><T115/><D115/><U129/><E124/><V7/><F7/><W52/><G39/><T12/><D126/><U118/><E118/><V83/><F58/><W46/><G31/><T128/><D128/><N who="1" m="49259" /><E54/><V28/><F28/><W117/><G117/><T87/><D36/><U25/><E132/><V85/><F106/><W21/><G41/><T57/><D0/><U112/><E112/><V105/><F105/><W72/><G72/><T113/><D113/><U66/><E66/><V71/><F71/><W9/><G84/><T79/><D6/><U59/><E59/><V43/><REACH who="2" step="1"/><F51/><REACH who="2" ten="325,289,190,186" step="2"/><W8/><G21/><N who="0" m="15567" /><D48/><U55/><E33/><V78/><F78/><W122/><G122/><T35/><D70/><U133/><E133/><V73/><F73/><W37/><G37/><T56/><D56/><U101/><E32/><V63/><F63/><W69/><REACH who="3" step="1"/><G52/><REACH who="3" ten="325,289,190,176" step="2"/><T119/><D119/><U14/><E55/><V135/><F135/><W114/><G114/><T80/><D35/><U92/><E109/><V44/><AGARI ba="0,2" hai="13,19,22,43,44,49,82,83,85,89,95,96,102,104" machi="44" ten="30,7900,0" yaku="1,1,0,1,52,2,53,0" doraHai="77" doraHaiUra="131" who="2" fromWho="2" sc="325,-39,289,-20,190,99,176,-20" /><INIT seed="5,0,0,4,4,59" ten="286,269,289,156" oya="1" hai0="111,69,115,37,95,22,18,91,47,39,70,84,63" hai1="15,51,134,117,96,86,44,26,94,77,124,65,135" hai2="100,28,1,78,76,9,127,56,45,20,16,122,133" hai3="60,101,105,93,74,97,90,75,106,2,73,107,8"/><U5/><E117/><V58/><F122/><W99/><G60/><T21/><D111/><U36/><E36/><V81/><F100/><W108/><G8/><T85/><D115/><U55/><E65/><V14/><F127/><W33/><G33/><T29/><D29/><U64/><E64/><V52/><F133/><N who="1" m="50697" /><E124/><V104/><F104/><W54/><G54/><T6/><D6/><U82/><E26/><N who="2" m="16455" /><F1/><W116/><G2/><T92/><D47/><U121/><E121/><V25/><F25/><W79/><G116/><T35/><D35/><U42/><E15/><V43/><F43/><W41/><G41/><T27/><D70/><U68/><E68/><V130/><F130/><W40/><G40/><T87/><D69/><U98/><E5/><V113/><F113/><W17/><G17/><T128/><D128/><U24/><E24/><V71/><F71/><W12/><G12/><T131/><D131/><U89/><E42/><V53/><F45/><W109/><G109/><T126/><D39/><U118/><E118/><V31/><F31/><W19/><G19/><N who="0" m="12767" /><D37/><U103/><E103/><V3/><F3/><W83/><G108/><T120/><D120/><U11/><E11/><V57/><F57/><W10/><G10/><T125/><D125/><U13/><E13/><V80/><F56/><W129/><G129/><T50/><D126/><U4/><E4/><V72/><F58/><W123/><G123/><T23/><D23/><U30/><E30/><V49/><F49/><W48/><G48/><T46/><D50/><U88/><E77/><V32/><F32/><W114/><G114/><RYUUKYOKU ba="0,0" sc="286,-30,269,10,289,10,156,10" hai1="44,51,55,82,86,88,89,94,96,98" hai2="9,14,16,52,53,72,76,78,80,81" hai3="73,74,75,79,83,90,93,97,99,101,105,106,107" /><INIT seed="5,1,0,3,2,106" ten="256,279,299,166" oya="1" hai0="11,89,24,21,116,42,60,5,71,134,115,37,16" hai1="15,101,27,108,31,114,29,120,9,2,55,51,43" hai2="30,0,81,109,45,17,84,110,19,10,127,119,73" hai3="68,57,104,25,133,32,112,132,67,113,28,49,47"/><U38/><E2/><V50/><F119/><W98/><G68/><T94/><D116/><U46/><E120/><V85/><F30/><W63/><G104/><T62/><D115/><N who="3" m="44105" /><G98/><T76/><D134/><N who="3" m="51817" /><G49/><T58/><D76/><U18/><E114/><V135/><F135/><W92/><G92/><T59/><D71/><U3/><E108/><V74/><F81/><W125/><G47/><T72/><D72/><U4/><E101/><V34/><F34/><W12/><G12/><N who="0" m="5231" /><D37/><U13/><E3/><V41/><F0/><W86/><G86/><N who="0" m="52535" /><D42/><U48/><E38/><V124/><F41/><W117/><G125/><T26/><D26/><U69/><E69/><V118/><F45/><W80/><G80/><T123/><D123/><U39/><E39/><V75/><F75/><W23/><G117/><T99/><D99/><U90/><E90/><V14/><F118/><W130/><G130/><T83/><D83/><U52/><E27/><V131/><F131/><W111/><G111/><T121/><D121/><U77/><BYE who="0" /><E77/><V6/><F50/><W88/><G32/><T53/><D53/><N who="1" m="20555" /><E51/><V36/><F36/><W82/><G82/><T102/><D102/><U93/><E93/><V54/><F54/><W103/><G103/><T44/><D44/><U100/><E100/><V91/><F109/><W70/><G70/><T7/><D7/><U129/><E129/><V33/><F110/><W56/><G56/><T64/><D64/><U97/><E97/><V65/><F33/><UN n0="%6D%6F%6D%69%61%67%65%30" /><W79/><G79/><T66/><D66/><U128/><E128/><V96/><F65/><W78/><G78/><RYUUKYOKU ba="1,0" sc="256,10,279,10,299,-30,166,10" hai0="16,21,24,58,59,60,62" hai1="4,9,13,15,18,29,31,43,46,48" hai3="23,25,28,57,63,67,88" /><INIT seed="5,2,0,3,5,135" ten="266,289,269,176" oya="1" hai0="38,56,118,69,12,58,33,52,3,63,68,122,67" hai1="20,30,29,75,121,123,40,93,9,105,74,28,98" hai2="99,116,0,81,47,26,100,57,83,7,117,129,126" hai3="108,76,66,102,106,11,86,114,115,79,112,77,65"/><U36/><E105/><V13/><F0/><W23/><G11/><T51/><D3/><U94/><E20/><V127/><F129/><W109/><G23/><T55/><D33/><U113/><E113/><V17/><F7/><W5/><G5/><T84/><D118/><N who="2" m="45674" /><F26/><W80/><G66/><N who="0" m="41055" /><D12/><U14/><E40/><V44/><F57/><W37/><G37/><T134/><D84/><U85/><E36/><V6/><F6/><W130/><G65/><T110/><D134/><U132/><E132/><V82/><F13/><W46/><G46/><N who="0" m="28151" /><D110/><N who="3" m="42601" /><G130/><T45/><D122/><U73/><E85/><V18/><F99/><AGARI ba="2,0" hai="76,77,79,80,86,99,102,106,112,114,115" m="42601" machi="99" ten="40,5200,0" yaku="15,1,34,2" doraHai="135" who="3" fromWho="2" sc="266,0,289,0,269,-58,176,58" /><INIT seed="6,0,0,4,2,108" ten="266,289,211,234" oya="2" hai0="85,96,55,6,37,29,74,63,45,11,103,53,132" hai1="133,2,97,56,86,68,23,21,40,79,3,33,131" hai2="95,128,34,83,27,69,93,24,59,38,52,127,32" hai3="123,48,81,19,44,54,82,115,71,31,50,30,70"/><V100/><F69/><W41/><G123/><T129/><D74/><U35/><E68/><V94/><F38/><W10/><G71/><T64/><D129/><U125/><E131/><V60/><F83/><N who="3" m="31755" /><G70/><T12/><D132/><U77/><E133/><V98/><F128/><W7/><G115/><T61/><D29/><N who="3" m="10761" /><G7/><T26/><D26/><U109/><E109/><V99/><F127/><W124/><G124/><T62/><D64/><U16/><E125/><V18/><F18/><W110/><G110/><T101/><D101/><U58/><E40/><V28/><F28/><W119/><G119/><T66/><D66/><U134/><E134/><V42/><F42/><W67/><G67/><T78/><D37/><U126/><E126/><V84/><F32/><W1/><G1/><T75/><D75/><U39/><E39/><V118/><F118/><W46/><G19/><T57/><D45/><U92/><E92/><N who="2" m="35435" /><F34/><W49/><G49/><T13/><D78/><U14/><E86/><V73/><F73/><W80/><N who="3" m="31763" /><W135/><DORA hai="51" /><G135/><T102/><D85/><U89/><E89/><N who="2" m="53671" /><F100/><N who="0" m="38442" /><D96/><AGARI ba="0,0" hai="24,27,52,59,60,96,98,99" m="53671,35435" machi="96" ten="30,5800,0" yaku="8,1,52,1,54,1" doraHai="108,51" who="2" fromWho="0" sc="266,-58,289,0,211,58,234,0" /><INIT seed="6,1,0,4,4,58" ten="208,289,269,234" oya="2" hai0="66,56,32,91,62,83,61,117,59,94,3,10,51" hai1="55,89,96,133,122,16,52,74,44,95,100,12,18" hai2="123,57,73,65,102,90,124,36,99,31,87,29,112" hai3="64,60,97,75,54,103,135,105,27,104,68,111,43"/><V22/><F123/><W19/><G111/><T125/><D117/><U101/><E122/><V109/><F36/><W115/><G75/><T131/><D125/><U130/><E74/><V40/><F124/><W20/><G135/><T78/><D131/><U49/><E130/><V47/><F73/><W9/><G115/><T93/><D32/><U108/><E108/><V15/><F109/><W70/><G43/><T120/><D120/><U84/><E133/><V132/><F132/><W114/><G114/><T24/><D24/><U38/><E38/><V37/><F102/><N who="1" m="39529" /><E96/><V13/><F99/><W77/><G77/><T119/><D119/><U5/><E55/><V129/><F129/><W118/><G118/><T0/><D51/><U81/><E95/><V116/><F116/><W35/><G105/><T17/><D17/><U88/><E89/><V11/><F112/><W41/><G41/><T1/><D10/><AGARI ba="1,0" hai="5,10,12,16,18,44,49,52,81,84,88" m="39529" machi="10" ten="30,7700,0" yaku="8,1,54,3" doraHai="58" who="1" fromWho="0" sc="208,-80,289,80,269,0,234,0" /><INIT seed="7,0,0,4,4,39" ten="128,369,269,234" oya="3" hai0="72,22,119,9,19,132,28,18,64,127,46,62,35" hai1="60,45,8,58,36,61,6,51,92,42,66,53,1" hai2="5,101,65,126,13,47,87,79,107,75,56,116,59" hai3="133,12,14,10,122,26,125,130,110,7,37,83,129"/><W2/><G37/><T109/><D119/><U67/><REACH who="1" step="1"/><E92/><REACH who="1" ten="128,359,269,234" step="2"/><V50/><F116/><W74/><G83/><T4/><D109/><U3/><E3/><V118/><F118/><W111/><G74/><T20/><D72/><U68/><E68/><V30/><F75/><W114/><G122/><T104/><D127/><U120/><E120/><V112/><F126/><W88/><G125/><T93/><D104/><U49/><E49/><V115/><F107/><W25/><G114/><T106/><D106/><U84/><E84/><V89/><F87/><W55/><G133/><T57/><D132/><U43/><E43/><V86/><F50/><W97/><G55/><T44/><D93/><U40/><E40/><V85/><F85/><W54/><G54/><T76/><D76/><U73/><E73/><V69/><F79/><W105/><G105/><T108/><D108/><N who="3" m="41513" /><G97/><T27/><D35/><U63/><AGARI ba="0,1" hai="1,6,8,36,42,45,51,53,58,60,61,63,66,67" machi="63" ten="30,7900,0" yaku="21,2,0,1,52,1,53,0" doraHai="39" doraHaiUra="100" who="1" fromWho="1" sc="128,-20,359,89,269,-20,234,-39" owari="108,-39.0,448,54.0,249,5.0,195,-20.0" /></mjloggm>