<mjloggm ver="2.3"><GO type="97" lobby="0"/><UN n0="%E5%B0%B1%E6%B4%BB%E7%94%9F%40%E5%B7%9D%E6%9D%91%E8%BB%8D%E5%9B%A3" n1="%74%65%72%72%79%31%33%36" n2="%72%65%69%74%61%72%6F%75" n3="%E2%96%A0%6B%61%6E%62%61%72%61" dan="14,14,13,14" rate="1973.34,1912.10,1821.10,1945.46" sx="M,M,F,M"/><TAIKYOKU oya="0"/><INIT seed="0,0,0,1,1,0" ten="250,250,250,250" oya="0" hai0="65,28,90,19,58,69,1,123,75,86,55,102,111" hai1="94,87,72,81,84,45,59,95,44,126,32,9,46" hai2="42,115,116,5,49,110,134,97,135,54,89,22,71" hai3="27,57,96,16,18,92,107,39,125,6,80,85,83"/><T127/><D75/><U10/><E32/><V106/><F42/><W117/><G117/><T133/><D123/><U63/><E72/><V31/><F115/><W8/><G107/><T78/><D127/><U48/><E126/><V2/><F71/><W43/><G39/><T15/><D133/><N who="2" m="50698" /><F116/><W76/><G43/><T131/><D1/><U64/><E48/><V77/><F77/><W37/><G37/><T93/><D131/><U129/><E129/><V17/><F110/><W67/><G27/><T40/><D111/><U47/><N who="1" m="11776" /><DORA hai="73" /><U103/><E103/><N who="2" m="62831" /><F89/><N who="3" m="55311" /><G125/><T70/><D40/><U36/><E36/><V38/><F38/><W34/><G34/><T52/><D70/><U21/><E95/><V11/><F31/><W51/><G83/><N who="0" m="47479" /><D69/><U74/><E74/><V120/><F120/><W108/><G108/><T29/><D102/><U113/><E113/><V98/><F98/><W109/><G109/><T119/><D119/><U79/><E94/><V60/><F49/><W7/><G8/><N who="0" m="6631" /><D28/><U50/><E87/><V118/><F118/><W35/><G35/><T26/><D26/><U88/><E50/><V61/><F54/><N who="3" m="31967" /><G67/><T53/><D29/><U68/><E68/><V62/><F61/><W41/><G41/><T4/><D65/><U12/><E79/><V13/><AGARI ba="0,0" hai="2,5,11,13,17,22,60,62" m="62831,50698" machi="13" ten="30,2000,0" yaku="20,1,52,1" doraHai="0,73" who="2" fromWho="2" sc="250,-10,250,-5,250,20,250,-5" /><INIT seed="1,0,0,1,4,86" ten="240,245,270,245" oya="1" hai0="16,81,1,71,9,107,92,35,69,14,34,134,61" hai1="52,93,65,125,29,7,97,62,89,45,85,112,2" hai2="127,104,110,15,20,120,11,80,101,116,119,37,88" hai3="113,60,24,3,56,36,98,79,126,33,83,17,51"/><U94/><E125/><V66/><F120/><W55/><G113/><T123/><D107/><U68/><E112/><V44/><F37/><W105/><G3/><T124/><D123/><U91/><E29/><V111/><F127/><W96/><G36/><T75/><D124/><U63/><E2/><V90/><F66/><W59/><G105/><T4/><D134/><U67/><E7/><N who="2" m="3583" /><F44/><W8/><G126/><T87/><D75/><U74/><E74/><V10/><F10/><W31/><G17/><T70/><D61/><U0/><E0/><V72/><F20/><W57/><G8/><T21/><REACH who="0" step="1"/><D92/><REACH who="0" ten="230,245,270,245" step="2"/><U76/><E76/><AGARI ba="0,1" hai="1,4,9,14,16,21,34,35,69,70,71,76,81,87" machi="76" ten="40,5200,0" yaku="1,1,2,1,54,1,53,0" doraHai="86" doraHaiUra="40" who="0" fromWho="1" sc="230,62,245,-52,270,0,245,0" /><INIT seed="2,0,0,3,5,88" ten="292,193,270,245" oya="2" hai0="104,18,101,86,122,102,50,41,111,34,112,9,133" hai1="89,29,45,16,117,46,93,56,8,81,106,134,7" hai2="128,10,40,121,57,103,67,36,64,27,78,28,26" hai3="38,118,42,65,60,119,13,110,105,68,25,23,32"/><V109/><F121/><W15/><G105/><T31/><D104/><U99/><E117/><V19/><F128/><W84/><G32/><T120/><D112/><U98/><E134/><V85/><F109/><W114/><G110/><T48/><D133/><U77/><E29/><V73/><F73/><W91/><G114/><T131/><D111/><U21/><E56/><V11/><F103/><W113/><G113/><T51/><D131/><U47/><E8/><V129/><F129/><W74/><G74/><T22/><D41/><U12/><E7/><V135/><F135/><W100/><G100/><T55/><D34/><U108/><E108/><V127/><F127/><W95/><G119/><T76/><D55/><U75/><E106/><V61/><F36/><W107/><G107/><T59/><D59/><U39/><REACH who="1" step="1"/><E98/><REACH who="1" ten="292,183,270,245" step="2"/><V24/><F40/><AGARI ba="0,1" hai="12,16,21,39,40,45,46,47,75,77,81,89,93,99" machi="40" ten="40,8000,1" yaku="1,1,2,1,52,1,54,1,53,1" doraHai="88" doraHaiUra="71" who="1" fromWho="2" sc="292,0,183,90,270,-80,245,0" /><INIT seed="3,0,0,2,5,53" ten="292,273,190,245" oya="3" hai0="10,0,103,34,127,124,62,101,30,81,11,45,120" hai1="41,33,91,18,66,48,86,57,35,134,98,89,58" hai2="25,70,85,95,94,135,133,125,46,74,49,99,38" hai3="92,31,116,97,126,12,32,50,67,73,102,132,69"/><W21/><G116/><T8/><D120/><U128/><E134/><N who="2" m="51211" /><F70/><W7/><G126/><N who="0" m="48171" /><D0/><U52/><E128/><V65/><F125/><W51/><G73/><T22/><D34/><U44/><E66/><V80/><F80/><W105/><G132/><T1/><D1/><U15/><E35/><V106/><F106/><W84/><G32/><T56/><D45/><U20/><E33/><V129/><F129/><W28/><G28/><T87/><D22/><U79/><E98/><V118/><F118/><W115/><G115/><T43/><D43/><U59/><E41/><V123/><F123/><W40/><G40/><T109/><D109/><U71/><E71/><V60/><F60/><W110/><G110/><T37/><D37/><U42/><E42/><V61/><F61/><W88/><G67/><N who="0" m="39367" /><D30/><U130/><E130/><V23/><F23/><W68/><G68/><T82/><D82/><AGARI ba="0,0" hai="15,18,20,44,48,52,57,58,59,79,82,86,89,91" machi="82" ten="40,8000,1" yaku="8,1,52,3,54,1" doraHai="53" who="1" fromWho="0" sc="292,-80,273,80,190,0,245,0" owari="212,-19.0,353,45.0,190,-31.0,245,5.0" /></mjloggm>