<mjloggm ver="2.3"><GO type="97" lobby="0"/><UN n0="%52%41%4C%50%48" n1="%E4%B8%8A%E5%8D%93%E6%B0%91" n2="%6C%6F%61%74%68%69%6E%67" n3="%E5%B0%B1%E6%B4%BB%E7%94%9F%40%E5%B7%9D%E6%9D%91%E8%BB%8D%E5%9B%A3" dan="15,13,13,15" rate="2038.77,1933.61,1868.65,2056.03" sx="M,M,M,M"/><TAIKYOKU oya="0"/><INIT seed="0,0,0,5,3,43" ten="250,250,250,250" oya="0" hai0="99,41,62,40,27,102,75,7,88,31,48,8,30" hai1="78,49,131,72,20,115,133,86,92,82,44,29,76" hai2="134,94,79,97,98,39,113,0,1,110,38,126,95" hai3="93,53,2,24,60,57,111,106,63,71,9,121,59"/><T66/><D75/><U80/><E131/><V52/><F113/><W101/><G106/><T85/><D48/><U129/><E115/><V132/><F110/><W67/><G121/><T36/><D36/><U87/><E129/><V19/><F79/><W46/><G111/><T33/><D31/><U81/><E133/><V117/><F19/><W64/><G24/><T5/><D99/><U25/><E72/><V45/><F126/><W56/><G2/><T127/><D102/><U108/><E108/><V135/><F117/><W17/><G17/><T124/><D124/><U22/><E92/><V105/><F105/><W21/><G21/><T109/><D127/><U69/><E69/><V90/><F38/><W125/><G9/><T3/><D5/><U42/><REACH who="1" step="1"/><E81/><REACH who="1" ten="250,240,250,250" step="2"/><V104/><F104/><W103/><G125/><T107/><D107/><U16/><E16/><V14/><F39/><W130/><G93/><T77/><D109/><U123/><E123/><V28/><F28/><W54/><G130/><T55/><D77/><U11/><E11/><V112/><F112/><W96/><G96/><T119/><D119/><U12/><E12/><V58/><F14/><W114/><G114/><T89/><D8/><U37/><E37/><V84/><F84/><W35/><G103/><T4/><D85/><U120/><E120/><V128/><F128/><W70/><G101/><T122/><D122/><U51/><E51/><N who="2" m="28783" /><F58/><W73/><G73/><T83/><D83/><U18/><E18/><V68/><F68/><W100/><G100/><AGARI ba="0,1" hai="0,1,90,94,95,97,98,100,132,134,135" m="28783" machi="100" ten="30,3900,0" yaku="20,1,52,1,54,1" doraHai="43" who="2" fromWho="3" sc="250,0,240,0,250,49,250,-39" /><INIT seed="1,0,0,3,4,77" ten="250,240,299,211" oya="1" hai0="29,38,21,69,56,96,40,24,53,85,48,130,4" hai1="102,75,44,99,62,54,87,127,92,33,63,55,17" hai2="79,19,28,110,113,35,91,27,41,93,103,86,15" hai3="47,68,32,52,118,78,131,0,80,84,2,50,60"/><U7/><E127/><V67/><F110/><W8/><G32/><T107/><D130/><U95/><E75/><V119/><F119/><W1/><G118/><T31/><D69/><U112/><E112/><V22/><F113/><W116/><G116/><T30/><D4/><U83/><E33/><V43/><F67/><W106/><G106/><T124/><D124/><U100/><E7/><V14/><F103/><W5/><REACH who="3" step="1"/><G131/><REACH who="3" ten="250,240,299,201" step="2"/><T82/><D107/><U9/><E102/><V101/><F35/><W104/><G104/><T34/><D34/><U6/><E100/><V89/><F101/><W70/><G70/><T97/><D38/><U133/><E95/><V88/><F93/><W59/><G59/><T23/><D56/><U42/><E92/><V18/><F28/><W108/><G108/><T71/><D71/><U66/><E44/><V120/><F120/><W61/><G61/><T123/><D123/><U129/><E63/><V39/><F19/><W121/><G121/><T81/><D31/><U12/><E17/><V36/><F36/><W46/><G46/><T64/><D30/><U94/><E129/><V72/><F39/><W51/><G51/><T126/><D48/><U57/><E62/><V25/><F72/><W76/><G76/><T109/><D126/><U65/><E57/><V45/><F45/><W20/><G20/><T37/><D21/><U115/><E115/><V132/><F132/><W73/><G73/><T16/><D109/><U122/><E133/><V134/><F134/><W11/><G11/><T114/><D114/><U26/><E122/><V105/><F105/><RYUUKYOKU ba="0,1" sc="250,-10,240,-10,299,-10,201,30" hai3="0,1,2,5,8,47,50,52,60,68,78,80,84" /><INIT seed="2,1,1,2,3,67" ten="240,230,289,231" oya="2" hai0="36,124,71,90,13,14,88,26,84,55,76,50,66" hai1="33,2,114,75,29,108,11,85,89,6,78,17,19" hai2="64,34,22,15,106,31,95,23,5,120,99,80,57" hai3="110,27,131,72,109,93,32,116,18,28,53,130,40"/><V105/><F120/><W46/><G72/><T20/><D36/><U100/><E114/><V37/><F37/><W54/><G116/><T135/><D124/><U30/><E108/><N who="3" m="41578" /><G93/><T126/><D126/><U98/><E75/><V45/><F45/><W118/><G118/><T62/><D135/><U35/><E78/><V81/><F34/><W60/><G18/><T134/><D134/><U121/><E121/><V65/><F5/><W51/><G60/><T48/><D76/><U39/><E39/><V104/><F15/><W63/><G63/><T42/><D42/><U82/><E98/><V59/><F31/><W133/><G133/><T21/><D21/><N who="2" m="7690" /><F95/><W74/><G74/><T83/><D90/><U4/><E100/><V25/><F99/><W41/><G41/><T101/><D101/><U38/><E38/><V97/><F97/><W128/><AGARI ba="1,1" hai="27,28,32,40,46,51,53,54,128,130,131" m="41578" machi="128" ten="40,2700,0" yaku="19,1,14,1" doraHai="67" who="3" fromWho="3" sc="240,-8,230,-8,289,-14,231,40" /><INIT seed="3,0,0,2,3,79" ten="232,222,275,271" oya="3" hai0="57,43,101,36,50,75,22,49,60,17,16,73,33" hai1="97,47,46,54,94,44,8,112,58,121,39,116,23" hai2="42,5,63,6,80,125,13,115,108,71,110,111,117" hai3="26,127,56,88,11,109,93,113,67,100,59,45,65"/><W52/><G113/><T31/><D101/><U15/><E112/><V38/><F115/><W10/><G127/><T99/><D99/><U24/><E121/><V29/><F117/><W78/><G78/><T85/><D36/><U119/><E39/><V104/><F104/><W48/><G100/><T120/><D120/><U4/><E119/><V95/><F125/><W30/><G109/><T132/><D132/><U9/><E116/><V18/><F29/><W62/><G59/><T64/><D33/><U14/><E46/><N who="2" m="23895" /><F95/><W53/><G11/><T83/><D75/><U123/><E123/><V118/><F118/><W37/><G10/><T27/><D73/><U55/><E55/><V90/><F71/><W129/><G129/><T135/><D135/><U61/><E14/><V102/><F63/><W3/><G3/><T21/><D43/><U87/><E87/><N who="2" m="50535" /><F102/><W107/><G107/><T51/><D21/><AGARI ba="0,0" hai="5,6,13,18,21,108,110,111" m="50535,23895" machi="21" ten="30,2000,0" yaku="14,1,52,1" doraHai="79" who="2" fromWho="0" sc="232,-20,222,0,275,20,271,0" /><INIT seed="4,0,0,4,2,93" ten="212,222,295,271" oya="0" hai0="8,73,86,43,72,27,94,76,105,12,109,13,18" hai1="29,36,107,116,69,68,45,80,55,113,17,32,129" hai2="106,47,63,19,35,16,6,1,95,77,0,3,22" hai3="67,66,62,65,126,84,127,101,60,11,121,15,75"/><T20/><D105/><U28/><E116/><V98/><F106/><W9/><G75/><T100/><D109/><U130/><E107/><V31/><F77/><W52/><G121/><T131/><D131/><N who="1" m="50187" /><E80/><V51/><F63/><W7/><G101/><T33/><D43/><N who="1" m="22759" /><E55/><V134/><F134/><W120/><G120/><T41/><D41/><U57/><E57/><V83/><F83/><W112/><G112/><T87/><D33/><U25/><E29/><V79/><F79/><W46/><G11/><N who="0" m="6463" /><D73/><U78/><E78/><V10/><F51/><N who="3" m="28791" /><G84/><T117/><D117/><U96/><E113/><V5/><F47/><W123/><G123/><T104/><D104/><U37/><E37/><V54/><F54/><W85/><G85/><T81/><D72/><U59/><E59/><V34/><F95/><W71/><G71/><N who="1" m="27210" /><E17/><N who="2" m="6731" /><F98/><AGARI ba="0,0" hai="25,28,32,96,98" m="27210,22759,50187" machi="98" ten="30,3900,0" yaku="19,1,52,2" doraHai="93" who="1" fromWho="2" sc="212,0,222,39,295,-39,271,0" /><INIT seed="5,0,0,1,2,84" ten="212,261,256,271" oya="1" hai0="121,52,106,59,82,77,135,3,31,29,44,22,48" hai1="115,120,14,1,83,132,16,11,64,97,100,119,91" hai2="56,117,90,27,45,25,81,69,40,87,102,73,62" hai3="33,88,72,63,34,116,58,78,23,10,8,133,75"/><U128/><E119/><V19/><F117/><W26/><G116/><T129/><D129/><U109/><E120/><V96/><F73/><W68/><G68/><T32/><D135/><U113/><E132/><V55/><F69/><W127/><G133/><T104/><D3/><U125/><E128/><V39/><REACH who="2" step="1"/><F19/><REACH who="2" ten="212,261,246,271" step="2"/><W46/><G75/><T98/><D121/><U93/><E109/><V99/><F99/><W134/><G72/><T28/><D32/><U18/><E18/><V79/><F79/><W4/><G78/><T24/><D98/><U13/><E97/><V112/><F112/><W54/><G34/><T2/><D2/><U105/><E115/><V7/><F7/><W122/><G33/><T42/><D104/><AGARI ba="0,1" hai="25,27,39,40,45,55,56,62,81,87,90,96,102,104" machi="104" ten="30,8000,1" yaku="1,1,7,1,52,1,53,2" doraHai="84" doraHaiUra="21" who="2" fromWho="0" sc="212,-80,261,0,246,90,271,0" owari="132,-37.0,261,-14.0,336,44.0,271,7.0" /></mjloggm>