<mjloggm ver="2.3"><GO type="169" lobby="0"/><UN n0="%E3%81%8B%E3%81%AB%E3%83%9E%E3%82%B8%E3%83%B3" n1="%6B%6A%30%38%32%36" n2="%E3%82%A6%E3%83%AB%E3%83%88%E3%83%A9%E7%AB%8B%E7%9B%B4" n3="%E3%81%86%E3%81%8D%E3%81%A7%E3%82%93" dan="17,16,17,17" rate="2190.35,2073.31,2183.75,2160.35" sx="M,M,M,M"/><TAIKYOKU oya="0"/><INIT seed="0,0,0,3,3,80" ten="250,250,250,250" oya="0" hai0="7,27,30,126,1,72,91,135,132,120,49,124,97" hai1="34,66,128,84,88,111,107,39,61,78,3,105,118" hai2="10,125,38,43,15,119,67,71,18,70,26,101,63" hai3="104,50,90,82,74,122,134,117,133,103,60,5,28"/><T55/><D72/><U99/><E3/><V123/><F123/><W23/><G117/><T130/><D120/><U56/><E34/><V0/><F125/><N who="0" m="48234" /><D7/><U9/><E39/><V24/><F119/><W12/><G122/><T62/><D1/><U127/><E118/><V64/><F0/><W112/><G112/><T51/><D97/><U21/><E127/><V75/><F75/><W11/><G60/><T108/><D91/><U45/><E128/><V113/><F113/><W106/><G50/><N who="0" m="18955" /><D108/><U86/><E45/><V20/><F101/><W98/><G104/><T102/><D102/><U33/><E33/><V81/><F81/><W94/><G28/><T131/><D55/><U41/><E41/><V17/><F43/><W100/><G23/><N who="0" m="15743" /><D62/><U46/><E111/><V16/><F38/><W69/><G103/><T109/><D109/><U25/><E46/><V19/><F26/><W115/><G115/><T35/><D35/><U36/><E36/><V76/><F76/><N who="3" m="44311" /><G69/><T4/><D4/><U79/><E105/><V89/><F89/><W42/><G42/><T2/><D2/><U114/><E114/><V83/><F83/><W129/><G129/><AGARI ba="0,0" hai="129,130,131,132,135" m="15743,18955,48234" machi="129" ten="40,12000,1" yaku="30,2,19,1,18,1" doraHai="80" who="0" fromWho="3" sc="250,120,250,0,250,0,250,-120" /><INIT seed="0,1,0,1,4,102" ten="370,250,250,130" oya="0" hai0="46,2,71,110,108,28,59,50,34,14,118,18,92" hai1="81,23,42,29,56,75,109,127,66,117,106,84,36" hai2="58,129,133,32,26,64,0,52,3,15,73,135,88" hai3="63,7,57,87,1,30,25,85,31,76,33,10,37"/><T53/><D2/><U90/><E117/><V119/><F73/><W122/><G122/><T114/><D118/><U115/><E109/><N who="0" m="42089" /><D71/><U48/><E115/><V116/><F64/><W67/><G37/><T60/><D114/><U99/><E127/><V20/><F3/><W112/><G112/><T125/><D125/><U19/><E36/><V12/><F0/><W17/><G31/><T62/><D92/><U77/><E29/><V91/><F32/><W83/><REACH who="3" step="1"/><G17/><REACH who="3" ten="370,250,250,120" step="2"/><T103/><D28/><U35/><E35/><V121/><F121/><W38/><G38/><T27/><D34/><U11/><E66/><V54/><F129/><W107/><G107/><T41/><D27/><U96/><E106/><V89/><F119/><W40/><G40/><T79/><D79/><U39/><E39/><V16/><F116/><W128/><G128/><T68/><D68/><U22/><E42/><V123/><F123/><W113/><G113/><T78/><D78/><U9/><E77/><V80/><F54/><W95/><G95/><T47/><D103/><U61/><E75/><AGARI ba="1,1" hai="1,7,10,25,30,33,57,63,67,75,76,83,85,87" machi="75" ten="30,2000,0" yaku="1,1,7,1,53,0" doraHai="102" doraHaiUra="94" who="3" fromWho="1" sc="370,0,250,-23,250,0,120,33" /><INIT seed="1,0,0,4,2,43" ten="370,227,250,153" oya="1" hai0="18,60,11,72,122,44,6,27,55,116,57,93,86" hai1="114,34,41,97,108,127,7,87,102,90,64,89,40" hai2="15,129,10,24,96,25,37,53,45,121,65,134,99" hai3="92,105,98,12,128,91,30,110,107,20,85,117,46"/><U36/><E34/><V130/><F121/><W106/><G110/><T135/><D72/><U9/><E114/><V100/><F65/><W56/><G128/><N who="2" m="49257" /><F134/><W16/><G117/><T125/><D116/><U70/><E127/><V73/><F73/><W51/><G30/><T42/><D135/><U71/><E108/><V48/><F37/><W47/><REACH who="3" step="1"/><G98/><REACH who="3" ten="370,227,250,143" step="2"/><N who="2" m="37417" /><F100/><W62/><G62/><T131/><D60/><U111/><E111/><V88/><F88/><W0/><G0/><T113/><D131/><U66/><E97/><V124/><F124/><W74/><G74/><T68/><D125/><U123/><E102/><V2/><F2/><W95/><G95/><T61/><D93/><U59/><E90/><V3/><F3/><W29/><G29/><T39/><D122/><U118/><E89/><V1/><F1/><W8/><G8/><T133/><D11/><U67/><E9/><V49/><F49/><W132/><G132/><T83/><D133/><U63/><E118/><V22/><F22/><W13/><G13/><T104/><D113/><U32/><E123/><V4/><AGARI ba="0,1" hai="4,10,15,24,25,45,48,53" m="37417,49257" machi="4" ten="30,2000,0" yaku="19,1,52,1" doraHai="43" who="2" fromWho="2" sc="370,-5,227,-10,250,30,143,-5" /><INIT seed="2,0,0,3,4,87" ten="365,217,280,138" oya="2" hai0="64,110,38,123,129,13,4,106,59,131,7,88,124" hai1="104,81,40,66,70,10,37,14,51,133,84,5,68" hai2="102,34,43,109,27,77,108,80,42,44,92,117,130" hai3="89,126,23,28,95,31,98,125,134,100,45,113,50"/><V135/><F117/><W65/><G134/><T58/><D123/><U69/><E104/><V97/><F135/><W94/><G113/><T122/><D122/><U8/><E133/><V33/><F130/><N who="0" m="49674" /><D38/><U53/><E37/><V48/><F42/><N who="3" m="24887" /><G65/><T46/><D46/><U12/><E40/><V39/><F39/><W35/><G35/><T1/><D124/><N who="3" m="47721" /><G23/><T36/><D36/><U83/><E66/><V119/><F119/><W120/><G120/><T24/><D106/><U99/><E99/><AGARI ba="0,0" hai="28,31,89,94,95,98,99,100" m="47721,24887" machi="99" ten="30,2000,0" yaku="18,1,52,1" doraHai="87" who="3" fromWho="1" sc="365,0,217,-20,280,0,138,20" /><INIT seed="3,0,0,2,4,105" ten="365,197,280,158" oya="3" hai0="50,30,39,129,27,57,51,2,131,135,1,67,34" hai1="66,37,80,31,82,75,84,58,16,104,96,92,22" hai2="70,41,133,94,19,32,108,120,118,110,68,36,48" hai3="106,25,99,83,20,60,17,128,5,54,122,86,40"/><W43/><G128/><N who="0" m="49227" /><D39/><U65/><E37/><V107/><F107/><W18/><G122/><T52/><D135/><U15/><E104/><V111/><F118/><W45/><G5/><T103/><D103/><U7/><E7/><V23/><F32/><W72/><G72/><T79/><D79/><U126/><E126/><V35/><F35/><W93/><G18/><T28/><D28/><U21/><E75/><V64/><F133/><W76/><G106/><T115/><D115/><U38/><E38/><V10/><F120/><W14/><G14/><T88/><D67/><U29/><E82/><V74/><F74/><W98/><G98/><T3/><D88/><N who="1" m="53255" /><E80/><V124/><F36/><W63/><G45/><T44/><D44/><U97/><E66/><V6/><F124/><W100/><REACH who="3" step="1"/><G54/><REACH who="3" ten="365,197,280,148" step="2"/><T71/><D1/><U53/><E65/><V49/><F110/><W61/><AGARI ba="0,1" hai="17,20,25,40,43,60,61,63,76,83,86,93,99,100" machi="61" ten="30,18000,2" yaku="1,1,2,1,0,1,8,1,53,3" doraHai="105" doraHaiUra="59" who="3" fromWho="3" sc="365,-60,197,-60,280,-60,148,190" /><INIT seed="3,1,0,2,0,63" ten="305,137,220,338" oya="3" hai0="5,133,84,27,0,134,53,35,69,109,29,75,81" hai1="49,79,57,9,68,92,14,42,121,58,72,127,32" hai2="40,117,100,1,123,41,90,114,125,128,33,52,65" hai3="85,17,34,50,13,77,22,99,37,54,112,108,2"/><W113/><G37/><T95/><D109/><U97/><E68/><V39/><F33/><W115/><G108/><T126/><D75/><U24/><E32/><V76/><F1/><W67/><G34/><T26/><D95/><U12/><E121/><V82/><F123/><W94/><G2/><T101/><D101/><U132/><E127/><V51/><F117/><W44/><G67/><T15/><D126/><U129/><E132/><N who="0" m="50793" /><D27/><U30/><E129/><V106/><F114/><W28/><G28/><T74/><D74/><U107/><E107/><V88/><F100/><W21/><G21/><T91/><D69/><U38/><E38/><V10/><F106/><W61/><G61/><T56/><D0/><U31/><E24/><V96/><F39/><W59/><G44/><T89/><D15/><U103/><E79/><V135/><F125/><W25/><G25/><T131/><D5/><U80/><E80/><V45/><F82/><W55/><G77/><N who="0" m="46127" /><D131/><U18/><E72/><V19/><F76/><W78/><G78/><T66/><D66/><U3/><E3/><V104/><F65/><W62/><G85/><T70/><D70/><U120/><E14/><V98/><F128/><W102/><G112/><T64/><D64/><U105/><E105/><V46/><F104/><W48/><G115/><T6/><D6/><U16/><E18/><V20/><F19/><W130/><G113/><T4/><D4/><U36/><E120/><V60/><F135/><W43/><G130/><T86/><D86/><U119/><E119/><V110/><F110/><W118/><G118/><T124/><D124/><RYUUKYOKU ba="1,0" sc="305,30,137,-10,220,-10,338,-10" hai0="26,29,35,53,56,89,91" /><INIT seed="4,2,0,5,3,103" ten="335,127,210,328" oya="0" hai0="67,23,30,16,38,15,130,57,42,49,45,84,5" hai1="13,135,1,26,28,68,99,94,86,82,128,20,65" hai2="123,60,32,118,104,107,12,25,34,92,80,19,8" hai3="44,114,111,83,121,56,73,37,51,102,11,66,71"/><T120/><D120/><U33/><E1/><V90/><F123/><W6/><G121/><T88/><D130/><U35/><E128/><V39/><F39/><W58/><G111/><T62/><D5/><U21/><E135/><V134/><F134/><W79/><G102/><T132/><D132/><U53/><E65/><V61/><F118/><W96/><G96/><T101/><D101/><U106/><E68/><V14/><F80/><W64/><G114/><T91/><D30/><U131/><E131/><V3/><F3/><N who="3" m="479" /><G51/><T52/><REACH who="0" step="1"/><D84/><REACH who="0" ten="325,127,210,328" step="2"/><U97/><E53/><V54/><F54/><W122/><G122/><T63/><D63/><U27/><E13/><V46/><F60/><N who="3" m="40391" /><G64/><T95/><D95/><U100/><E99/><V41/><F61/><W70/><G70/><AGARI ba="2,1" hai="15,16,23,38,42,45,49,52,57,62,67,70,88,91" machi="70" ten="30,18000,2" yaku="1,1,7,1,24,2,54,3,53,0" doraHai="103" doraHaiUra="110" who="0" fromWho="3" sc="325,196,127,0,210,0,328,-186" /><INIT seed="4,3,0,3,0,4" ten="521,127,210,142" oya="0" hai0="35,23,60,54,106,63,105,126,21,53,34,44,115" hai1="87,41,36,1,82,95,128,5,81,43,59,68,134" hai2="31,52,73,55,19,16,132,39,65,62,86,11,98" hai3="2,135,3,96,133,12,33,28,46,127,94,40,76"/><T80/><D126/><U90/><E68/><V70/><F73/><W75/><G127/><T124/><D124/><U51/><E128/><V67/><F39/><N who="3" m="21791" /><G12/><T10/><D44/><U97/><E134/><N who="3" m="51210" /><G75/><T113/><D80/><U118/><E118/><V109/><F109/><W99/><G76/><T101/><D101/><U119/><E119/><V66/><F132/><W0/><G94/><T83/><D83/><U47/><E81/><V108/><F108/><W22/><G22/><T32/><D32/><U18/><E18/><V84/><F31/><W88/><G88/><T14/><D14/><U85/><E85/><N who="2" m="32875" /><F70/><W102/><G102/><T123/><REACH who="0" step="1"/><D10/><REACH who="0" ten="511,127,210,142" step="2"/><U110/><E82/><V116/><F11/><W50/><G33/><T121/><AGARI ba="3,1" hai="21,23,34,35,53,54,60,63,105,106,113,115,121,123" machi="121" ten="25,12000,1" yaku="1,1,2,1,0,1,22,2,53,0" doraHai="4" doraHaiUra="91" who="0" fromWho="0" sc="511,139,127,-43,210,-43,142,-43" /><INIT seed="4,4,0,2,3,31" ten="650,84,167,99" oya="0" hai0="16,69,66,36,89,59,37,51,32,109,49,87,54" hai1="2,100,41,134,20,15,102,131,135,56,5,44,33" hai2="128,8,64,105,112,93,30,106,14,68,38,46,7" hai3="74,13,129,29,23,10,104,94,21,115,111,121,39"/><T52/><D109/><U127/><E2/><V25/><F128/><W116/><G104/><T103/><D103/><U110/><E110/><V130/><F130/><W91/><G129/><T78/><D78/><U72/><E72/><V118/><F112/><W9/><G116/><T12/><D32/><U120/><E131/><V3/><F14/><W53/><G115/><T11/><D69/><U28/><E120/><V113/><F93/><W4/><G39/><T43/><D66/><U126/><E56/><V124/><F124/><N who="1" m="47657" /><E5/><V96/><F96/><W95/><G74/><T17/><D43/><U65/><E65/><V67/><F67/><W34/><G34/><T84/><D84/><U86/><E86/><V83/><F113/><W22/><G121/><T119/><D119/><U26/><E20/><V6/><F6/><W75/><G75/><T117/><D117/><U77/><E15/><V122/><F122/><W61/><G10/><T0/><D0/><U18/><E18/><V48/><F64/><W92/><G111/><T132/><D132/><N who="1" m="50731" /><E77/><V90/><F68/><W88/><G29/><T47/><D17/><U24/><E24/><V42/><F118/><W55/><G55/><T57/><D47/><U107/><E107/><V62/><F106/><W123/><G123/><T63/><D63/><U80/><E80/><AGARI ba="4,0" hai="11,12,16,36,37,49,51,52,54,57,59,80,87,89" machi="80" ten="30,11600,0" yaku="7,1,9,1,54,2" doraHai="31" who="0" fromWho="1" sc="650,128,84,-128,167,0,99,0" owari="778,87.0,-44,-54.0,167,-3.0,99,-30.0" /></mjloggm>