<mjloggm ver="2.3"><GO type="41" lobby="0"/><UN n0="%6B%65%6E%73%69%72%30%75" n1="%73%69%6E%31%31%32%35" n2="%E5%B0%B1%E6%B4%BB%E7%94%9F%40%E5%B7%9D%E6%9D%91%E8%BB%8D%E5%9B%A3" n3="%E3%81%8B%E3%82%82%E3%82%81%E3%81%A1%E3%82%83%E3%82%93" dan="15,15,14,13" rate="1893.40,1978.20,1967.94,1905.54" sx="M,M,M,M"/><TAIKYOKU oya="0"/><INIT seed="0,0,0,2,4,108" ten="250,250,250,250" oya="0" hai0="135,67,76,47,22,73,27,0,7,112,88,70,130" hai1="119,32,65,92,118,84,116,89,132,66,56,80,62" hai2="117,4,2,79,77,120,68,107,16,129,52,104,57" hai3="45,109,18,105,115,44,124,61,111,123,14,37,35"/><T78/><D112/><U72/><E32/><V59/><F68/><W134/><G105/><T126/><D73/><U23/><E132/><V94/><F120/><W17/><G134/><T39/><D135/><U30/><E66/><V128/><F2/><W12/><G123/><T102/><D102/><U95/><E72/><V54/><F4/><W48/><G37/><T122/><D122/><U31/><E92/><V93/><REACH who="2" step="1"/><F16/><REACH who="2" ten="250,250,240,250" step="2"/><W38/><G111/><T103/><D7/><U75/><E31/><V64/><F64/><W8/><G109/><T40/><D0/><U96/><E30/><V53/><F53/><W100/><G38/><T91/><D67/><U34/><E34/><V85/><F85/><W33/><G124/><T97/><D70/><U36/><E23/><V110/><F110/><W55/><G115/><T5/><D126/><U99/><E36/><V15/><F15/><W6/><G6/><T28/><D5/><U74/><REACH who="1" step="1"/><E99/><REACH who="1" ten="250,240,240,250" step="2"/><V90/><F90/><AGARI ba="0,2" hai="56,62,65,74,75,80,84,89,90,95,96,116,118,119" machi="90" ten="40,8000,1" yaku="1,1,2,1,53,2" doraHai="108" doraHaiUra="106" who="1" fromWho="2" sc="250,0,240,100,240,-80,250,0" /><INIT seed="1,0,0,4,5,86" ten="250,340,160,250" oya="1" hai0="45,0,121,80,126,37,16,7,12,1,74,42,69" hai1="61,135,99,110,67,85,97,15,13,65,14,66,23" hai2="56,81,89,35,87,50,22,29,119,36,48,82,33" hai3="51,46,115,57,11,92,8,116,96,107,47,77,90"/><U131/><E131/><V21/><F36/><W104/><G115/><T34/><D69/><U103/><E135/><V28/><F119/><W59/><G116/><T19/><D126/><U91/><E110/><V101/><F56/><W38/><G77/><N who="0" m="44087" /><D34/><U60/><E23/><V62/><F62/><N who="1" m="24169" /><E103/><V54/><F87/><W83/><G38/><T18/><D1/><U134/><E134/><V24/><F101/><W17/><G47/><T108/><D108/><U30/><E30/><V120/><F54/><W40/><G107/><T129/><D129/><U68/><E68/><V53/><F53/><W58/><G104/><T73/><D73/><U132/><E132/><V25/><REACH who="2" step="1"/><F120/><REACH who="2" ten="250,340,150,250" step="2"/><W114/><G114/><T70/><D121/><U39/><E39/><V100/><F100/><W20/><REACH who="3" step="1"/><G83/><AGARI ba="0,1" hai="13,14,15,65,66,67,83,85,91,97,99" m="24169" machi="83" ten="30,2900,0" yaku="8,1,52,1" doraHai="86" who="1" fromWho="3" sc="250,0,340,39,150,0,250,-29" /><INIT seed="1,1,0,5,3,48" ten="250,379,150,221" oya="1" hai0="89,44,50,73,62,23,61,92,19,76,43,127,129" hai1="102,93,86,64,123,108,36,81,122,97,84,100,54" hai2="12,8,17,124,27,66,10,82,80,59,37,115,11" hai3="131,20,55,41,30,28,109,75,94,39,25,113,42"/><U52/><E36/><V49/><F37/><W14/><G75/><T2/><D2/><U121/><E108/><V38/><F38/><W57/><G109/><T135/><D127/><U120/><E100/><V24/><F124/><W18/><G113/><T51/><D129/><U101/><E101/><V104/><F104/><W117/><G117/><T22/><D135/><U7/><E7/><V47/><F115/><W58/><G131/><T4/><D4/><U68/><N who="1" m="31232" /><DORA hai="134" /><U114/><E114/><V77/><F59/><W79/><G79/><T99/><D23/><U98/><E98/><V67/><F27/><W87/><G57/><T78/><D73/><U74/><E74/><V106/><F24/><W119/><G119/><T126/><D126/><U83/><E64/><N who="2" m="24619" /><F106/><W118/><G118/><T132/><D132/><U33/><E68/><V16/><F77/><N who="0" m="29802" /><D51/><U3/><E3/><V85/><F85/><W29/><G39/><T9/><D9/><N who="2" m="3690" /><F17/><W105/><G105/><T130/><D130/><U0/><E0/><V110/><F110/><W26/><G41/><AGARI ba="1,0" hai="11,12,16,41,47,49,80,82" m="3690,24619" machi="41" ten="30,2000,0" yaku="8,1,54,1" doraHai="48,134" who="2" fromWho="3" sc="250,0,379,0,150,23,221,-23" /><INIT seed="2,0,0,4,0,58" ten="250,379,173,198" oya="2" hai0="22,83,51,17,90,16,54,84,6,55,67,40,120" hai1="75,121,113,112,87,13,82,66,4,133,33,111,44" hai2="117,46,12,69,109,103,37,122,26,129,72,61,135" hai3="125,102,11,126,89,63,0,101,73,29,88,93,35"/><V105/><RYUUKYOKU type="yao9" ba="0,0" sc="250,0,379,0,173,0,198,0" hai2="12,26,37,46,61,69,72,103,105,109,117,122,129,135" /><INIT seed="2,1,0,0,0,113" ten="250,379,173,198" oya="2" hai0="59,33,121,49,80,125,61,71,62,122,70,69,34" hai1="39,102,73,118,56,98,114,11,126,38,112,110,30" hai2="74,37,79,32,22,67,40,12,54,115,96,85,101" hai3="135,131,116,111,4,0,10,26,86,63,28,35,15"/><V2/><F32/><N who="0" m="12394" /><D80/><U129/><E30/><V108/><F115/><W88/><G111/><T52/><D125/><U3/><E56/><V17/><F2/><W103/><G131/><T117/><D49/><U72/><E98/><V45/><F74/><W55/><G135/><T51/><D51/><U16/><E102/><V104/><F108/><W41/><G41/><T97/><D97/><U53/><E53/><V44/><F67/><W123/><G103/><T78/><D78/><U24/><E110/><V133/><F133/><W57/><G123/><N who="0" m="47115" /><D59/><U19/><E126/><V92/><F45/><W127/><G127/><T75/><D75/><U60/><E129/><V90/><F79/><W23/><G35/><T31/><D31/><U21/><E60/><N who="0" m="23145" /><D52/><U27/><E72/><V120/><F120/><W99/><G0/><T128/><D128/><U14/><E73/><V83/><REACH who="2" step="1"/><F54/><REACH who="2" ten="250,379,163,198" step="2"/><W105/><G105/><AGARI ba="1,1" hai="12,17,22,37,40,44,83,85,90,92,96,101,104,105" machi="105" ten="40,3900,0" yaku="1,1,2,1,53,0" doraHai="113" doraHaiUra="7" who="2" fromWho="3" sc="250,0,379,0,163,52,198,-42" /><INIT seed="2,2,0,3,3,50" ten="250,379,215,156" oya="2" hai0="28,48,133,69,84,121,98,66,88,14,29,26,58" hai1="18,112,30,37,82,95,80,63,21,109,75,111,114" hai2="6,56,46,92,72,33,42,47,61,71,5,99,45" hai3="104,119,107,51,13,54,117,12,129,43,90,40,52"/><V87/><F72/><W10/><G129/><T96/><D121/><U20/><E37/><V53/><F33/><W55/><G90/><T130/><D130/><U60/><E95/><V122/><F122/><W74/><G74/><T22/><D133/><U36/><E36/><V64/><F42/><N who="3" m="15915" /><G51/><T79/><D79/><U8/><E8/><V3/><F3/><W7/><G7/><T23/><D69/><U108/><E30/><V128/><F128/><W31/><G31/><T49/><D66/><U15/><E75/><V41/><F41/><W93/><G93/><N who="0" m="54407" /><D49/><U105/><E105/><N who="3" m="40522" /><G10/><T62/><D62/><N who="1" m="23595" /><E21/><V24/><F24/><W34/><G34/><T124/><D124/><U127/><E127/><V106/><F106/><W27/><G27/><N who="0" m="16503" /><D14/><AGARI ba="2,0" hai="12,13,14,52,54,55,117,119" m="40522,15915" machi="14" ten="40,12000,2" yaku="28,2,52,3,54,1" doraHai="50" who="3" fromWho="0" sc="250,-126,379,0,215,0,156,126" /><INIT seed="3,0,0,2,4,47" ten="124,379,215,282" oya="3" hai0="131,126,119,23,29,103,28,86,14,20,69,74,88" hai1="9,97,71,123,16,93,79,96,30,44,72,77,7" hai2="59,12,118,2,105,107,81,87,80,6,32,38,112" hai3="3,133,13,21,114,125,37,46,135,92,129,78,10"/><W104/><G104/><T27/><D74/><U25/><E123/><V42/><F32/><W22/><G114/><T127/><D69/><U43/><E71/><V109/><F112/><W66/><G78/><T101/><D119/><U26/><E72/><V58/><F118/><W128/><G66/><T5/><D131/><N who="3" m="50249" /><G92/><T68/><D68/><U60/><E60/><V52/><F2/><W56/><G56/><T115/><D115/><U85/><E26/><V63/><F109/><W51/><G37/><T95/><D5/><U75/><E75/><V31/><F81/><W110/><G3/><T94/><D14/><U8/><E96/><V49/><F38/><W106/><G106/><T1/><D1/><U102/><E79/><V35/><F107/><W70/><G70/><T84/><D127/><U48/><E85/><V61/><F105/><W62/><G62/><T55/><D126/><U11/><E77/><V39/><F39/><W120/><G110/><T130/><D130/><U4/><E30/><V34/><F31/><W117/><G120/><T99/><D55/><U122/><E122/><V50/><F63/><W19/><G117/><T116/><D116/><U57/><E57/><V15/><F59/><W132/><G125/><T90/><REACH who="0" step="1"/><D99/><REACH who="0" ten="114,379,215,282" step="2"/><U53/><E53/><AGARI ba="0,1" hai="10,13,19,21,22,46,51,53,132,133,135" m="50249" machi="53" ten="40,7700,0" yaku="20,1,19,1,52,1" doraHai="47" who="3" fromWho="1" sc="114,0,379,-77,215,0,282,87" /><INIT seed="3,1,0,0,2,110" ten="114,302,215,369" oya="3" hai0="76,99,127,35,77,93,89,132,25,78,27,2,104" hai1="18,117,15,111,85,88,7,10,44,69,81,49,128" hai2="20,130,131,19,108,14,133,43,45,3,97,121,1" hai3="68,63,107,113,33,22,55,53,122,66,42,13,70"/><W119/><G33/><T103/><D2/><U71/><E111/><V48/><F108/><W95/><G107/><T116/><D116/><U120/><E120/><V92/><F121/><W36/><G122/><T62/><D127/><U80/><E117/><V30/><F30/><W74/><G74/><T79/><D132/><U23/><E128/><N who="2" m="49195" /><F133/><W24/><G119/><T8/><D8/><U72/><E72/><V12/><F12/><W112/><G13/><T28/><D27/><U75/><E75/><V124/><F124/><W39/><G95/><T60/><N who="0" m="19968" /><DORA hai="47" /><T37/><REACH who="0" step="1"/><D37/><REACH who="0" ten="104,302,215,369" step="2"/><N who="3" m="14409" /><G24/><T6/><D6/><U38/><E38/><V9/><F9/><W114/><G22/><T101/><D101/><AGARI ba="1,1" hai="1,3,14,19,20,43,45,48,92,97,101" m="49195" machi="101" ten="30,2000,0" yaku="19,1,52,1" doraHai="110,47" who="2" fromWho="0" sc="104,-23,302,0,215,33,369,0" /><INIT seed="4,0,0,1,0,14" ten="81,302,248,369" oya="0" hai0="119,4,31,101,63,21,83,1,19,112,124,15,97" hai1="12,121,95,102,81,94,38,6,131,9,47,110,87" hai2="50,114,40,93,109,130,43,76,37,127,132,65,129" hai3="108,22,113,79,61,46,68,88,18,92,23,45,28"/><T74/><D119/><U30/><E121/><V8/><F76/><W70/><G108/><T42/><D112/><U13/><E110/><V35/><F35/><W57/><G113/><T72/><D31/><U33/><E131/><N who="2" m="50187" /><F109/><W17/><G79/><T104/><D124/><U106/><E106/><V80/><F80/><W133/><G133/><T36/><D63/><U7/><E30/><V128/><F37/><W3/><G3/><T117/><D117/><U85/><E33/><V0/><F114/><W105/><G105/><T24/><D83/><U91/><E102/><V98/><F132/><W34/><G34/><T59/><D59/><U51/><E38/><V75/><F75/><W122/><G122/><T32/><D36/><U116/><E116/><V16/><F127/><W26/><G70/><T62/><D62/><U134/><E134/><V54/><F65/><N who="3" m="39087" /><G68/><T56/><D56/><U71/><E71/><V27/><F0/><W107/><G107/><T29/><D42/><U69/><E69/><V82/><F82/><W60/><G60/><T53/><REACH who="0" step="1"/><D53/><REACH who="0" ten="71,302,248,369" step="2"/><N who="1" m="29951" /><E85/><V111/><F111/><W100/><G100/><T125/><D125/><U44/><E44/><N who="3" m="17002" /><G23/><T135/><D135/><U103/><E103/><N who="2" m="60879" /><F128/><W10/><G10/><AGARI ba="0,1" hai="1,4,10,15,19,21,24,29,32,72,74,97,101,104" machi="10" ten="40,12000,1" yaku="1,1,24,2,52,1,53,0" doraHai="14" doraHaiUra="73" who="0" fromWho="3" sc="71,130,302,0,248,0,369,-120" /><AGARI ba="0,0" hai="6,7,9,10,12,13,81,87,91,94,95" m="29951" machi="10" ten="30,1000,0" yaku="8,1" doraHai="14" who="1" fromWho="3" sc="201,0,302,10,248,0,249,-10" /><INIT seed="4,1,0,5,5,87" ten="201,312,248,239" oya="0" hai0="88,50,34,84,101,3,91,20,125,7,14,23,42" hai1="46,41,76,81,74,31,135,45,48,18,1,95,128" hai2="30,110,12,52,35,106,70,121,118,4,111,93,72" hai3="6,11,79,22,15,19,114,24,53,113,36,13,28"/><T2/><D34/><U49/><E1/><V33/><F106/><W63/><G36/><T8/><D125/><U127/><E127/><V57/><F70/><W32/><G79/><T55/><D42/><U117/><E117/><V75/><F121/><W62/><G53/><T105/><D3/><U71/><E71/><V122/><F122/><W56/><G56/><T59/><D105/><U99/><E128/><V40/><F118/><W115/><G63/><T25/><D101/><U124/><E124/><V21/><F40/><W120/><G62/><T108/><D108/><U64/><E31/><V26/><F35/><W29/><G29/><T92/><D2/><U107/><E107/><V37/><F37/><W67/><G67/><T68/><D68/><U82/><E18/><V44/><F44/><W73/><G73/><T134/><D134/><U90/><E135/><V5/><F5/><W10/><G120/><T96/><D25/><U54/><REACH who="1" step="1"/><E82/><AGARI ba="1,0" hai="7,8,14,20,23,50,55,59,82,84,88,91,92,96" machi="82" ten="30,12000,1" yaku="7,1,8,1,52,2,54,1" doraHai="87" who="0" fromWho="1" sc="201,123,312,-123,248,0,239,0" /><INIT seed="4,2,0,3,0,26" ten="324,189,248,239" oya="0" hai0="72,6,128,43,82,110,59,30,15,74,129,79,33" hai1="133,70,41,92,95,12,116,56,112,21,13,16,14" hai2="117,31,119,91,29,28,18,75,90,8,86,104,77" hai3="54,34,73,118,71,83,135,127,131,60,49,80,10"/><T84/><D43/><U25/><E116/><N who="2" m="44619" /><F104/><W53/><G118/><T32/><D59/><U9/><E70/><V109/><F109/><W40/><G34/><N who="0" m="13419" /><D110/><U2/><E133/><V123/><F123/><W55/><G73/><N who="0" m="28267" /><D15/><N who="1" m="5707" /><E2/><V61/><F8/><W76/><G76/><T115/><D6/><U126/><E112/><V36/><F18/><W47/><G10/><T62/><D62/><U103/><E126/><V107/><F107/><W0/><G0/><T27/><D115/><U19/><E103/><V105/><F105/><W101/><G101/><T106/><D106/><U69/><E69/><V132/><F132/><W113/><G83/><T39/><D39/><U122/><E122/><V1/><F1/><W48/><G80/><T89/><D89/><N who="2" m="33802" /><F36/><N who="3" m="21895" /><G113/><T87/><D79/><U42/><E56/><V58/><F75/><W98/><G98/><T11/><D82/><U99/><E99/><V3/><F3/><W66/><G127/><T50/><D11/><U17/><E41/><V78/><F86/><N who="0" m="32810" /><D50/><N who="3" m="19561" /><G135/><T121/><D121/><U100/><E42/><V35/><F35/><W45/><G131/><N who="0" m="50251" /><D27/><N who="1" m="14759" /><E100/><V52/><AGARI ba="2,0" hai="28,29,31,52,58,61,77,78" m="33802,44619" machi="52" ten="40,8000,1" yaku="12,1,52,3,54,1" doraHai="26" who="2" fromWho="2" sc="324,-42,189,-22,248,86,239,-22" /><INIT seed="5,0,0,5,2,31" ten="282,167,334,217" oya="1" hai0="1,30,121,90,91,57,65,3,53,100,37,96,62" hai1="50,18,95,130,74,24,125,83,55,13,70,60,88" hai2="61,9,122,41,28,14,135,111,93,46,80,10,26" hai3="56,103,45,59,38,40,98,124,77,107,101,17,128"/><U0/><E0/><V69/><F111/><W8/><G124/><T123/><D37/><U85/><E125/><V79/><F122/><N who="0" m="46602" /><D30/><U34/><E130/><V73/><F135/><W99/><G128/><T82/><D65/><U94/><E34/><V49/><F93/><W71/><G71/><T68/><D68/><U54/><E24/><V5/><F10/><W19/><G77/><T48/><D62/><U132/><E74/><V11/><F11/><W114/><G114/><T20/><D20/><U7/><E7/><V16/><F61/><W102/><G102/><T119/><D119/><U84/><E132/><V29/><F69/><W104/><G8/><T43/><D43/><U105/><E105/><V32/><REACH who="2" step="1"/><F29/><REACH who="2" ten="282,167,324,217" step="2"/><W106/><G106/><N who="0" m="63751" /><D82/><U15/><E70/><V64/><F64/><W21/><REACH who="3" step="1"/><G19/><AGARI ba="0,1" hai="5,9,14,16,19,26,28,32,41,46,49,73,79,80" machi="19" ten="40,5200,0" yaku="1,1,52,1,54,1,53,0" doraHai="31" doraHaiUra="126" who="2" fromWho="3" sc="282,0,167,0,324,62,217,-52" /><INIT seed="6,0,0,4,1,102" ten="282,167,386,165" oya="2" hai0="7,84,56,55,75,135,72,21,121,120,130,90,81" hai1="37,129,1,117,29,111,39,67,60,12,15,11,124" hai2="85,95,25,54,96,26,6,58,13,18,19,48,20" hai3="104,69,74,45,100,91,76,101,43,82,71,41,57"/><V118/><F118/><W128/><G128/><T110/><D110/><U115/><E129/><V89/><F6/><W123/><G123/><T59/><D130/><U108/><E117/><V65/><F65/><W10/><G41/><T34/><D34/><U127/><E60/><V132/><F132/><W28/><G28/><T97/><D135/><U125/><E67/><V61/><F26/><W119/><G119/><T23/><D7/><N who="1" m="1519" /><E37/><V134/><F134/><W52/><G10/><T0/><D0/><U109/><E39/><V5/><F5/><W30/><G30/><T47/><D47/><U46/><E46/><V50/><F85/><W14/><G14/><N who="1" m="5162" /><E29/><V27/><REACH who="2" step="1"/><F27/><REACH who="2" ten="282,167,376,165" step="2"/><W49/><G91/><N who="0" m="51599" /><D120/><U79/><E79/><V22/><AGARI ba="0,1" hai="13,18,19,20,22,25,48,50,54,58,61,89,95,96" machi="22" ten="20,18000,2" yaku="1,1,0,1,7,1,25,2,8,1,53,0" doraHai="102" doraHaiUra="126" who="2" fromWho="2" sc="282,-60,167,-60,376,190,165,-60" /><INIT seed="6,1,0,2,0,87" ten="222,107,566,105" oya="2" hai0="9,15,17,34,2,92,44,109,69,133,53,86,47" hai1="132,124,71,55,91,122,10,93,64,42,18,56,20" hai2="22,60,107,59,82,63,96,6,62,3,58,94,57" hai3="29,16,78,135,84,5,130,23,51,121,106,83,98"/><V88/><F107/><W43/><G121/><T27/><D69/><U134/><E42/><V104/><F104/><W32/><G130/><T105/><D105/><U113/><E122/><V111/><F111/><W128/><G128/><T120/><D120/><U13/><E71/><V76/><F22/><W129/><G129/><T12/><D133/><N who="1" m="51307" /><E64/><V102/><F3/><W40/><G135/><T36/><D109/><U28/><E28/><V72/><REACH who="2" step="1"/><F6/><REACH who="2" ten="222,107,556,105" step="2"/><W89/><G5/><N who="0" m="3119" /><D2/><U110/><E110/><V100/><AGARI ba="1,1" hai="57,58,59,60,62,63,72,76,82,88,94,96,100,102" machi="100" ten="40,12000,1" yaku="1,1,0,1,52,1,54,1,53,0" doraHai="87" doraHaiUra="26" who="2" fromWho="2" sc="222,-41,107,-41,556,133,105,-41" /><INIT seed="6,2,0,3,4,26" ten="181,66,689,64" oya="2" hai0="135,98,118,95,31,87,11,17,68,123,47,110,132" hai1="97,42,128,69,58,25,56,30,103,4,28,101,114" hai2="84,1,106,18,32,2,48,124,76,3,0,119,55" hai3="82,21,57,99,8,104,43,22,115,134,81,89,23"/><V93/><F119/><W94/><G134/><N who="0" m="51243" /><D68/><U19/><E69/><V37/><F37/><W100/><G115/><T121/><D47/><U111/><E111/><V88/><F106/><W117/><G117/><T85/><D11/><U10/><E114/><V40/><F124/><W44/><G8/><T90/><D17/><U72/><E72/><V53/><F32/><W102/><G57/><T91/><D118/><U45/><E101/><V51/><F76/><W9/><G9/><T108/><D31/><U66/><E19/><V67/><F67/><W122/><G122/><N who="0" m="46603" /><D98/><U131/><E66/><V7/><F7/><W107/><G44/><T36/><D36/><U92/><E45/><V46/><N who="2" m="512" /><DORA hai="16" /><V116/><F116/><W12/><G43/><T34/><D34/><U86/><E42/><V24/><F51/><W105/><REACH who="3" step="1"/><G12/><REACH who="3" ten="181,66,689,54" step="2"/><T77/><D77/><U78/><E10/><V70/><F70/><W13/><G13/><T38/><D38/><U61/><E4/><V71/><F71/><W39/><G39/><T96/><D96/><U49/><E58/><V113/><F113/><W41/><G41/><T64/><D64/><U130/><E49/><V126/><F126/><W75/><G75/><T6/><D6/><U27/><E56/><V74/><F74/><W52/><G52/><T129/><D129/><U133/><E133/><V109/><F109/><W125/><G125/><T83/><AGARI ba="2,1" hai="83,85,87,90,91,95,108,110" m="46603,51243" machi="83" ten="30,4000,0" yaku="20,1,34,2" doraHai="26,16" who="0" fromWho="0" sc="181,56,66,-12,689,-22,54,-12" /><INIT seed="7,0,0,5,4,109" ten="237,54,667,42" oya="3" hai0="7,118,44,34,132,90,113,103,72,124,81,48,4" hai1="86,112,46,99,16,60,13,17,96,122,59,135,116" hai2="125,85,106,40,30,80,95,32,74,10,39,8,108" hai3="128,102,1,82,42,9,26,53,68,107,25,54,31"/><W47/><G68/><T104/><D118/><U126/><E122/><V77/><F106/><W105/><G128/><T22/><D34/><U35/><E116/><V130/><F108/><W19/><G82/><T129/><D129/><U3/><E35/><V66/><F125/><W101/><G107/><T93/><D124/><U11/><E3/><V75/><F130/><W94/><G105/><T45/><D132/><U117/><E117/><V2/><F66/><W133/><G133/><T23/><D104/><U100/><E135/><V28/><F32/><W73/><G73/><T88/><D72/><U58/><E126/><V18/><F8/><W120/><G120/><T84/><D103/><N who="3" m="39433" /><G94/><T57/><D57/><U6/><E100/><V20/><F75/><W56/><G1/><T37/><D37/><U69/><E69/><V51/><F51/><N who="3" m="27127" /><G31/><T64/><D81/><U36/><E36/><V49/><F49/><N who="3" m="30767" /><G54/><T41/><D48/><U98/><E46/><N who="2" m="23839" /><F95/><W61/><G61/><T111/><D111/><U131/><E131/><V52/><F52/><W114/><G114/><T78/><D113/><U91/><E112/><V123/><F123/><W21/><G9/><T0/><D0/><U55/><E59/><V29/><F85/><W97/><G97/><T110/><D110/><U83/><AGARI ba="0,0" hai="6,11,13,16,17,55,58,60,83,86,91,96,98,99" machi="83" ten="30,4000,0" yaku="0,1,8,1,54,1" doraHai="109" who="1" fromWho="1" sc="237,-10,54,40,667,-10,42,-20" owari="227,3.0,94,-31.0,657,76.0,22,-48.0" /></mjloggm>