<mjloggm ver="2.3"><GO type="169" lobby="0"/><UN n0="%74%61%74%73%75%37%30%32" n1="%E3%82%A6%E3%83%AB%E3%83%88%E3%83%A9%E7%AB%8B%E7%9B%B4" n2="%E7%B4%85%E3%81%84%E7%9E%B3%E3%81%AE%E6%AD%A6%E4%B8%B8" n3="%E8%AA%B2%E9%95%B7%E8%A6%96%E9%87%8E%E7%8B%AD%E7%AA%84" dan="17,17,16,17" rate="2251.18,2210.52,2121.21,2174.37" sx="M,M,M,M"/><TAIKYOKU oya="0"/><INIT seed="0,0,0,1,4,37" ten="250,250,250,250" oya="0" hai0="85,75,121,38,99,56,5,135,41,15,1,51,18" hai1="48,35,53,55,30,87,110,109,3,77,98,86,6" hai2="125,80,69,126,78,127,124,50,36,14,101,2,7" hai3="120,62,133,60,10,95,89,107,65,72,112,66,31"/><T32/><D121/><U11/><E77/><V19/><F69/><W8/><G112/><T43/><D75/><U102/><E30/><V63/><F63/><W103/><G72/><T91/><D32/><U76/><E35/><V88/><F101/><W114/><G114/><T39/><D39/><U49/><E76/><V119/><F36/><W84/><G120/><T131/><D38/><U83/><E83/><V21/><F119/><W20/><G133/><T73/><D73/><U74/><E74/><V100/><F100/><W132/><G132/><T67/><D1/><U12/><E12/><V68/><F68/><W22/><G107/><T96/><D5/><U42/><E49/><V57/><F78/><W61/><G103/><T27/><D27/><U46/><E87/><N who="2" m="50279" /><F7/><W108/><G31/><T116/><D116/><U90/><E86/><V13/><N who="2" m="31744" /><DORA hai="117" /><V59/><F2/><W58/><G62/><N who="0" m="38343" /><D51/><U28/><E90/><V94/><F94/><W134/><G134/><T25/><D25/><U97/><E28/><V0/><F0/><W64/><G61/><T92/><D131/><U47/><E102/><V122/><F122/><W52/><G66/><T4/><D4/><U71/><E71/><V79/><F79/><W54/><G65/><T111/><D111/><U33/><E110/><V70/><F70/><W93/><G108/><T45/><D45/><N who="1" m="25655" /><E109/><V105/><F105/><W44/><G64/><T130/><D130/><U40/><E47/><V9/><F50/><N who="3" m="28743" /><G93/><T17/><D135/><U115/><E115/><V128/><F128/><W113/><G113/><T34/><D92/><RYUUKYOKU ba="0,0" sc="250,-15,250,-15,250,15,250,15" hai2="9,13,14,19,21,57,59" hai3="8,10,20,22,54,58,60,84,89,95" /><INIT seed="1,1,0,5,2,130" ten="235,235,265,265" oya="1" hai0="17,79,26,28,131,129,5,69,119,8,14,98,13" hai1="108,56,44,53,135,41,72,88,42,117,29,113,32" hai2="95,99,51,30,120,71,12,134,124,0,91,94,7" hai3="9,48,78,43,59,128,76,92,65,1,45,96,10"/><U83/><E117/><V39/><F39/><W38/><G128/><N who="0" m="49227" /><D69/><U27/><E113/><V75/><F75/><W114/><G114/><T57/><D79/><N who="3" m="30249" /><G1/><T126/><D98/><U62/><E72/><V125/><F120/><W133/><G38/><T74/><D57/><U15/><E108/><V80/><F80/><W115/><G115/><T77/><D77/><U52/><E135/><V63/><F134/><W2/><G2/><T73/><D126/><N who="2" m="48746" /><F30/><W24/><G133/><T101/><D101/><U36/><E15/><V82/><F82/><W25/><G59/><T54/><D54/><U102/><E102/><V109/><F109/><W97/><G65/><T68/><D68/><U89/><E42/><V85/><F51/><W84/><G97/><T61/><D61/><U118/><E118/><V55/><F0/><W132/><G132/><T33/><D119/><U90/><REACH who="1" step="1"/><E83/><REACH who="1" ten="235,225,265,265" step="2"/><V19/><F12/><W111/><G111/><T4/><D4/><U106/><E106/><V16/><F7/><W47/><G43/><T121/><D121/><U103/><E103/><N who="2" m="60919" /><F55/><AGARI ba="1,1" hai="27,29,32,36,41,44,52,53,55,56,62,88,89,90" machi="55" ten="40,7700,0" yaku="1,1,54,2,53,0" doraHai="130" doraHaiUra="34" who="1" fromWho="2" sc="235,0,225,90,265,-80,265,0" /><INIT seed="1,2,0,0,3,132" ten="235,315,185,265" oya="1" hai0="41,84,35,46,48,70,66,119,2,3,15,125,128" hai1="135,38,21,82,115,54,74,44,76,1,110,55,71" hai2="19,27,13,129,109,36,87,61,64,133,25,83,86" hai3="65,106,37,116,23,40,17,24,30,39,22,134,107"/><U16/><E115/><V5/><F133/><W98/><G134/><T68/><D119/><U94/><E135/><V122/><F122/><W52/><G116/><T79/><D35/><U57/><E71/><V120/><F120/><W31/><G65/><T59/><D128/><U113/><E113/><V26/><F36/><W123/><G123/><T118/><D118/><U4/><E110/><V104/><F104/><W60/><G31/><T78/><D78/><U10/><E94/><V93/><F109/><W91/><G106/><T126/><D15/><U33/><E33/><V50/><F5/><W80/><G107/><T85/><D59/><U105/><E105/><V34/><F34/><W117/><G117/><T121/><D121/><U92/><E92/><V88/><F50/><W73/><G73/><T62/><D70/><U20/><E57/><V111/><F129/><W45/><G39/><T95/><D95/><U103/><E103/><V130/><F111/><W75/><G75/><T124/><REACH who="0" step="1"/><D85/><REACH who="0" ten="225,315,185,265" step="2"/><U114/><E114/><V102/><F130/><W58/><G58/><T32/><D32/><U81/><E81/><AGARI ba="2,1" hai="2,3,41,46,48,62,66,68,79,81,84,124,125,126" machi="81" ten="40,12000,2" yaku="1,1,18,1,52,3,53,1" doraHai="132" doraHaiUra="42" who="0" fromWho="1" sc="225,136,315,-126,185,0,265,0" /><INIT seed="2,0,0,1,4,102" ten="361,189,185,265" oya="2" hai0="94,35,45,7,92,16,30,124,11,114,126,74,62" hai1="43,123,104,54,15,108,61,122,14,107,56,23,44" hai2="29,48,110,133,39,75,106,4,68,135,17,52,67" hai3="31,100,119,88,90,99,6,93,32,125,12,116,105"/><V101/><F75/><W131/><G125/><N who="0" m="48235" /><D74/><U21/><E108/><V55/><F39/><W118/><G131/><T77/><D77/><U86/><E86/><V120/><F120/><N who="1" m="46121" /><E15/><V128/><F128/><W25/><REACH who="3" step="1"/><G93/><REACH who="3" ten="361,189,185,255" step="2"/><T57/><D94/><U80/><E80/><V46/><F110/><W70/><G70/><T28/><D92/><U83/><E83/><V5/><F29/><W38/><G38/><T33/><D30/><U53/><E14/><V113/><F68/><W111/><G111/><T22/><D28/><U64/><E21/><V0/><F133/><W18/><G18/><T73/><D16/><U134/><E23/><V27/><F17/><W89/><G89/><T58/><D22/><U69/><E134/><V60/><F135/><W41/><G41/><T82/><D82/><U37/><E69/><V8/><F5/><W59/><G59/><T71/><D58/><U98/><E98/><V34/><F34/><W63/><G63/><T42/><D71/><U3/><E3/><V85/><F60/><W76/><G76/><T66/><D35/><U20/><E20/><V115/><F4/><W91/><G91/><T96/><D33/><U19/><E19/><V121/><F0/><W117/><N who="3" m="29696" /><DORA hai="2" /><W72/><G72/><T130/><D73/><U95/><E95/><V50/><F121/><W129/><G129/><T103/><D130/><U65/><E43/><V49/><F115/><W10/><AGARI ba="0,1" hai="6,10,12,25,31,32,88,90,99,100,105" m="29696" machi="10" ten="60,8000,1" yaku="1,1,0,1,52,2,54,1,53,0" doraHai="102,2" doraHaiUra="40,51" who="3" fromWho="3" sc="361,-20,189,-20,185,-40,255,90" /><INIT seed="3,0,0,4,0,81" ten="341,169,145,345" oya="3" hai0="13,29,42,6,25,135,90,33,40,50,48,103,91" hai1="46,74,9,0,18,99,78,43,23,7,27,127,134" hai2="105,62,45,101,125,68,89,36,133,110,119,73,104" hai3="2,112,126,5,108,57,100,35,11,10,3,129,28"/><W64/><G112/><T109/><D109/><U95/><E127/><V116/><F110/><W87/><G108/><T58/><D135/><U60/><E134/><V17/><F133/><W15/><G126/><T98/><D48/><U123/><E123/><V55/><F125/><W52/><G64/><T106/><D42/><U26/><E60/><V21/><F73/><W16/><G129/><T61/><D6/><U14/><E78/><V63/><F63/><W83/><G100/><T111/><D13/><U38/><REACH who="1" step="1"/><E74/><REACH who="1" ten="341,159,145,345" step="2"/><V79/><F79/><W75/><G75/><T128/><D111/><U122/><E122/><V86/><F62/><W82/><G3/><T76/><D76/><U120/><E120/><V24/><F116/><W114/><G114/><T113/><D113/><U97/><E97/><V70/><F119/><W131/><G131/><T117/><D117/><U31/><E31/><V39/><F70/><W51/><REACH who="3" step="1"/><G87/><REACH who="3" ten="341,159,145,335" step="2"/><T56/><D128/><U66/><E66/><V30/><F86/><W121/><G121/><T54/><D40/><U124/><E124/><V67/><F67/><AGARI ba="0,2" hai="25,29,33,50,54,56,58,61,67,90,91,98,103,106" machi="67" ten="30,1000,0" yaku="7,1" doraHai="81" who="0" fromWho="2" sc="341,30,159,0,145,-10,335,0" /><INIT seed="4,0,0,3,3,19" ten="371,159,135,335" oya="0" hai0="52,103,27,15,97,49,34,98,47,54,129,55,3" hai1="107,0,86,25,117,33,12,81,132,18,93,91,62" hai2="106,124,119,95,66,14,23,29,105,116,39,28,26" hai3="77,46,76,61,51,48,16,88,20,92,74,120,59"/><T130/><D3/><U45/><E107/><V121/><F121/><W111/><G120/><T115/><D115/><U68/><E0/><V122/><F122/><W36/><G36/><T102/><D15/><U108/><E108/><V67/><F39/><W127/><G111/><T99/><D34/><U35/><E132/><V70/><F124/><W10/><G127/><T72/><D27/><U37/><E117/><N who="2" m="45131" /><F29/><W89/><G10/><T123/><D72/><U2/><E2/><V32/><F70/><W73/><G73/><T113/><D113/><U60/><E68/><V53/><F53/><N who="0" m="20586" /><D123/><U71/><E71/><V134/><F134/><W112/><G112/><T4/><D4/><U57/><E35/><V6/><F95/><W64/><G74/><T109/><D109/><U1/><E1/><V63/><F32/><W104/><G104/><N who="2" m="40041" /><F63/><W22/><G46/><T56/><D47/><U94/><E62/><V40/><F40/><W83/><G83/><T21/><D130/><U17/><E45/><V24/><F24/><N who="3" m="14343" /><G89/><T133/><D129/><U90/><E37/><V82/><F82/><W80/><G80/><T8/><D8/><AGARI ba="0,0" hai="6,8,14,23,26,28,66,67" m="40041,45131" machi="8" ten="30,2000,0" yaku="12,1,52,1" doraHai="19" who="2" fromWho="0" sc="371,-20,159,0,135,20,335,0" /><INIT seed="5,0,0,1,4,21" ten="351,159,155,335" oya="1" hai0="12,3,107,99,66,88,14,90,41,11,97,53,71" hai1="117,5,22,134,101,86,17,8,65,7,75,113,2" hai2="124,115,104,76,84,42,0,80,43,25,120,83,130" hai3="58,13,108,110,128,34,4,57,19,78,6,106,91"/><U54/><E75/><V96/><F120/><W27/><G106/><T35/><D3/><U15/><E117/><V20/><F0/><W102/><G102/><T37/><D35/><U87/><E113/><V111/><F111/><W127/><G78/><T69/><D53/><U33/><E134/><V59/><F124/><W26/><G34/><T60/><D71/><U55/><E33/><V121/><F121/><W103/><G103/><T49/><D14/><U18/><E101/><V82/><F130/><W129/><G127/><T67/><D67/><U131/><E65/><V51/><F115/><W1/><G91/><T31/><D31/><U29/><E29/><N who="2" m="17575" /><F96/><W10/><G58/><T132/><D37/><U48/><E131/><N who="3" m="50250" /><G57/><T16/><D107/><U123/><E123/><V135/><F104/><W32/><G32/><T30/><D30/><U61/><E61/><V126/><F135/><W77/><G77/><T109/><D109/><N who="3" m="42089" /><G6/><T62/><D132/><U79/><E79/><V73/><F73/><W45/><G45/><N who="0" m="25775" /><D69/><U24/><E7/><V63/><F126/><W23/><AGARI ba="0,0" hai="1,4,10,13,19,23,26,27" m="42089,50250" machi="23" ten="30,8000,1" yaku="19,1,34,2,52,2" doraHai="21" who="3" fromWho="3" sc="351,-20,159,-40,155,-20,335,80" /><INIT seed="6,0,0,4,3,60" ten="331,119,135,415" oya="2" hai0="113,86,114,30,75,36,48,23,4,111,47,78,26" hai1="116,79,115,74,88,117,123,7,55,59,92,89,84" hai2="122,63,68,45,120,67,61,27,130,118,40,93,71" hai3="76,0,42,28,62,77,69,51,54,101,109,125,90"/><V25/><F93/><W83/><G0/><T97/><D75/><U32/><E32/><V126/><F118/><W1/><G1/><T119/><D36/><U41/><E41/><V73/><F73/><W11/><G109/><T94/><D111/><U35/><E35/><V14/><F14/><W29/><G42/><T121/><D121/><N who="2" m="46698" /><F27/><W80/><G101/><T72/><D72/><U10/><E123/><V124/><F25/><W100/><G100/><T8/><D119/><U2/><E115/><V44/><F130/><W70/><G11/><T134/><D134/><U87/><E79/><V56/><F45/><W39/><G90/><T15/><D97/><U110/><E74/><V82/><F82/><W66/><G80/><N who="0" m="47383" /><D94/><U104/><E104/><V13/><F13/><W81/><G83/><T129/><D129/><U106/><E106/><V103/><F103/><W53/><G77/><T135/><D135/><U20/><E110/><V85/><F85/><W65/><G81/><T99/><D99/><U91/><E87/><V57/><F57/><W131/><G76/><T5/><D5/><U9/><E117/><V105/><F105/><W19/><G131/><T24/><D24/><U18/><E116/><V50/><F71/><W34/><G70/><T102/><D102/><U112/><E112/><V22/><F22/><W3/><G69/><T132/><D132/><U52/><E20/><V127/><F124/><W17/><G125/><T58/><D114/><U6/><E59/><V95/><F95/><W96/><G3/><T133/><D113/><U33/><E2/><V128/><F128/><RYUUKYOKU ba="0,0" sc="331,-10,119,-10,135,30,415,-10" hai2="40,44,50,56,61,63,67,68,126,127" /><INIT seed="6,1,0,0,0,89" ten="321,109,165,405" oya="2" hai0="31,104,32,18,71,97,14,35,68,102,39,52,67" hai1="129,16,122,125,121,22,66,59,25,70,58,26,90" hai2="63,3,99,103,55,108,85,46,116,119,118,115,117" hai3="12,84,54,73,127,77,45,98,75,8,96,50,94"/><V135/><F3/><W0/><G0/><T41/><D39/><U24/><E70/><V111/><N who="2" m="29696" /><DORA hai="113" /><V30/><F115/><W5/><G127/><T82/><D41/><U128/><E66/><V47/><F135/><W23/><G75/><T49/><D82/><U48/><E59/><V72/><F72/><W13/><G73/><T91/><D91/><U21/><E58/><V78/><F30/><W27/><G13/><T112/><D112/><U17/><E48/><V123/><F123/><N who="1" m="47113" /><E90/><V95/><F63/><W106/><G106/><T80/><D80/><U36/><E36/><V74/><F74/><W51/><G77/><T81/><D81/><U28/><E125/><V86/><F78/><W42/><G84/><T126/><D126/><U62/><E62/><V2/><F2/><W56/><G94/><T79/><D67/><U109/><E109/><N who="2" m="42059" /><F55/><W64/><G64/><T120/><D79/><U110/><E110/><V43/><F47/><W60/><G60/><T1/><D1/><U10/><E10/><V7/><F7/><W34/><G45/><T9/><D120/><U131/><E28/><V53/><F53/><W134/><G54/><T124/><D124/><U69/><E69/><V100/><F103/><W92/><G5/><T87/><D31/><U38/><E38/><AGARI ba="1,0" hai="38,43,46,85,86,95,99,100" m="42059,29696" machi="38" ten="60,18000,2" yaku="10,1,52,5" doraHai="89,113" who="2" fromWho="1" sc="321,0,109,-183,165,183,405,0" owari="321,-8.0,-74,-57.0,348,15.0,405,50.0" /></mjloggm>