<mjloggm ver="2.3"><GO type="97" lobby="0"/><UN n0="%E5%B0%B1%E6%B4%BB%E7%94%9F%40%E5%B7%9D%E6%9D%91%E8%BB%8D%E5%9B%A3" n1="%E5%A4%A9%E7%8B%90%E3%81%A1%E3%82%83%E3%82%93%E3%80%82" n2="%E5%93%B2%EF%BC%A2%EF%BC%AF%EF%BC%AF" n3="%74%61%6B%65%6F%32" dan="15,13,13,14" rate="2059.23,1907.10,1830.02,1930.73" sx="M,M,M,M"/><TAIKYOKU oya="0"/><INIT seed="0,0,0,1,2,74" ten="250,250,250,250" oya="0" hai0="133,22,47,91,86,121,56,106,84,120,110,3,24" hai1="114,21,61,126,45,52,102,88,73,25,135,59,124" hai2="112,13,8,18,2,111,69,35,118,12,5,17,95" hai3="39,37,80,55,109,105,134,90,123,16,97,60,81"/><T0/><D106/><U94/><E135/><V113/><F69/><W101/><G134/><T107/><D107/><U36/><E73/><V40/><F40/><W62/><G109/><T9/><D133/><U66/><E102/><V57/><F57/><W44/><G123/><T34/><D34/><U127/><E114/><V77/><F95/><W50/><G16/><N who="2" m="6249" /><F77/><W27/><G27/><T70/><D70/><U53/><E36/><V78/><F78/><W51/><G39/><T41/><D56/><U46/><E46/><V65/><F65/><W19/><G19/><T99/><D99/><N who="1" m="57799" /><E45/><V38/><F38/><W75/><G37/><T89/><D110/><U1/><E1/><V128/><F111/><W98/><G98/><T7/><D3/><U63/><E61/><V117/><F128/><W11/><G11/><T131/><D131/><U93/><E93/><V58/><F58/><W49/><G80/><T119/><D47/><U125/><E125/><V67/><F67/><W29/><G29/><AGARI ba="0,0" hai="21,25,29,52,53,59,63,66,124,126,127" m="57799" machi="29" ten="30,3900,0" yaku="18,1,54,2" doraHai="74" who="1" fromWho="3" sc="250,0,250,39,250,0,250,-39" /><INIT seed="1,0,0,5,5,109" ten="250,289,250,211" oya="1" hai0="117,46,4,5,92,108,72,51,105,20,120,29,58" hai1="73,71,12,35,22,77,76,42,39,11,62,67,34" hai2="106,96,66,134,9,48,50,18,94,47,14,69,41" hai3="65,103,127,37,115,68,23,110,102,61,13,0,24"/><U114/><E114/><V131/><F134/><W93/><G0/><T70/><D105/><U49/><E22/><V64/><F131/><W88/><G37/><T56/><D70/><U57/><E35/><V33/><F106/><W121/><G121/><T38/><D72/><U91/><E34/><V87/><F33/><W135/><G110/><T82/><D38/><U99/><E73/><V118/><F118/><W15/><G127/><T113/><D108/><U25/><E25/><V8/><F69/><W59/><G135/><T133/><D117/><U78/><E99/><V97/><F50/><W40/><G40/><T112/><D82/><U79/><E91/><N who="2" m="53631" /><F8/><W54/><G115/><T32/><D32/><U100/><E39/><V44/><F44/><W43/><G43/><T55/><D133/><U2/><E42/><V21/><F9/><W107/><G107/><T119/><D119/><U31/><E11/><V52/><F41/><W101/><G68/><T80/><D80/><U122/><E71/><V30/><F30/><N who="3" m="17695" /><G65/><AGARI ba="0,0" hai="14,18,21,47,48,52,64,65,66,96,97" m="53631" machi="65" ten="30,2000,0" yaku="8,1,54,1" doraHai="109" who="2" fromWho="3" sc="250,0,289,0,250,20,211,-20" /><INIT seed="2,0,0,0,3,63" ten="250,289,270,191" oya="2" hai0="34,67,88,18,100,64,119,87,90,52,99,114,29" hai1="126,39,97,84,93,28,108,122,1,13,36,41,42" hai2="112,10,45,127,78,69,124,59,104,116,130,57,55" hai3="40,76,121,134,25,58,66,5,117,62,83,101,82"/><V109/><F116/><W81/><G121/><T2/><D2/><U48/><E1/><V0/><F112/><W53/><G117/><T27/><D114/><U75/><E75/><V135/><F104/><W17/><G134/><T37/><D37/><U30/><E126/><N who="2" m="48171" /><F130/><W7/><G101/><T68/><D68/><U129/><E108/><V14/><F0/><W103/><G103/><T79/><D18/><U71/><E122/><V49/><F135/><W32/><G76/><T24/><D24/><U113/><E13/><V38/><F78/><W92/><G92/><T22/><D34/><U105/><E93/><V15/><F109/><W31/><G40/><T4/><D4/><U65/><E105/><V106/><F106/><W26/><G26/><T61/><D100/><U50/><E129/><V74/><F74/><W51/><REACH who="3" step="1"/><G17/><REACH who="3" ten="250,289,270,181" step="2"/><T8/><D119/><U23/><E42/><V77/><F77/><W43/><G43/><T86/><D79/><U102/><E41/><V115/><F115/><W73/><G73/><T11/><D99/><U110/><E97/><V56/><F38/><W33/><G33/><T20/><D27/><U16/><E110/><V54/><F10/><W47/><AGARI ba="0,1" hai="5,7,25,31,32,47,51,53,58,62,66,81,82,83" machi="47" ten="30,4000,0" yaku="1,1,0,1,52,1,53,0" doraHai="63" doraHaiUra="35" who="3" fromWho="3" sc="250,-10,289,-10,270,-20,181,50" /><INIT seed="3,0,0,5,1,132" ten="240,279,250,231" oya="3" hai0="47,98,21,4,29,28,106,135,15,41,124,46,114" hai1="96,36,26,95,70,60,32,58,24,68,48,50,120" hai2="117,67,97,27,130,111,101,7,9,25,123,109,119" hai3="104,55,129,63,78,1,73,17,122,33,89,105,88"/><W30/><G122/><T14/><D135/><U69/><E36/><V49/><F67/><W64/><G1/><T5/><D114/><U53/><E120/><V103/><F123/><W83/><G129/><T71/><D71/><U90/><REACH who="1" step="1"/><E26/><REACH who="1" ten="240,269,250,231" step="2"/><N who="2" m="9739" /><F130/><W76/><G33/><T52/><D28/><AGARI ba="0,1" hai="24,28,32,48,50,53,58,60,68,69,70,90,95,96" machi="28" ten="40,2600,0" yaku="1,1,53,1" doraHai="132" doraHaiUra="93" who="1" fromWho="0" sc="240,-26,269,36,250,0,231,0" owari="214,-29.0,305,41.0,250,5.0,231,-17.0" /></mjloggm>