<mjloggm ver="2.3"><GO type="97" lobby="0"/><UN n0="%77%61%62%69%73%61%62%69" n1="%62%61%6B%61%62%6F%6E%31" n2="%E5%B0%B1%E6%B4%BB%E7%94%9F%40%E5%B7%9D%E6%9D%91%E8%BB%8D%E5%9B%A3" n3="%E3%82%A8%E3%82%B3%E3%83%8E%E3%83%9F%E3%83%83%E3%82%AF%E3%82%A2%E3%83%8B" dan="13,13,15,13" rate="1897.04,1805.13,1990.94,1923.90" sx="M,M,M,M"/><TAIKYOKU oya="0"/><INIT seed="0,0,0,2,1,27" ten="250,250,250,250" oya="0" hai0="61,108,126,65,110,100,23,74,1,41,102,71,29" hai1="28,33,2,49,130,111,22,88,5,114,6,82,87" hai2="20,10,30,132,42,38,70,109,52,31,89,97,43" hai3="135,112,35,92,64,58,19,4,116,54,119,36,14"/><T25/><D74/><U3/><E114/><V21/><F70/><W91/><G112/><T7/><D41/><N who="2" m="15370" /><F38/><W122/><G36/><T69/><D69/><U120/><E120/><V51/><F109/><N who="0" m="42090" /><D126/><U50/><E111/><V55/><F10/><AGARI ba="0,0" hai="1,7,10,23,25,29,61,65,71,100,102" m="42090" machi="10" ten="30,5800,0" yaku="14,1,10,1,52,1" doraHai="27" who="0" fromWho="2" sc="250,58,250,0,250,-58,250,0" /><INIT seed="0,1,0,2,0,64" ten="308,250,192,250" oya="0" hai0="76,104,37,30,19,13,105,68,58,81,130,70,59" hai1="72,62,134,9,103,89,101,12,56,67,100,96,86" hai2="98,41,49,26,109,24,73,75,35,6,128,15,133" hai3="106,40,117,57,39,132,94,22,31,61,65,114,60"/><T115/><D115/><U85/><E72/><V83/><F128/><W46/><G106/><T112/><D112/><U11/><E134/><V92/><F133/><W36/><G114/><T78/><D130/><U7/><E9/><V88/><F109/><W25/><G132/><T113/><D113/><U124/><E124/><V18/><F6/><W122/><G122/><T66/><D37/><U32/><E32/><V126/><F126/><W16/><G117/><T118/><D30/><U90/><E96/><V10/><F35/><W42/><G94/><T48/><D118/><U120/><E120/><V107/><F107/><W116/><G116/><T129/><D129/><U123/><E123/><V28/><F28/><W1/><G1/><T38/><D38/><U23/><E23/><V53/><F41/><W108/><G108/><T97/><D76/><U87/><AGARI ba="1,0" hai="7,11,12,56,62,67,85,86,87,89,90,100,101,103" machi="87" ten="30,2000,0" yaku="0,1,8,1" doraHai="64" who="1" fromWho="1" sc="308,-11,250,23,192,-6,250,-6" /><INIT seed="1,0,0,3,4,98" ten="297,273,186,244" oya="1" hai0="116,80,112,126,135,12,41,14,18,85,28,76,25" hai1="83,123,121,38,65,20,89,118,57,115,9,87,74" hai2="10,39,109,30,90,77,125,99,13,97,24,71,37" hai3="58,88,114,51,68,66,117,29,3,42,50,106,60"/><U84/><E38/><V56/><F71/><W110/><G3/><T23/><D116/><U78/><E115/><V32/><F109/><W35/><G114/><T34/><D112/><U67/><E118/><V31/><F125/><W11/><G117/><T54/><D126/><U0/><E74/><V5/><F31/><W19/><G106/><T128/><D128/><U61/><E20/><V103/><F77/><W129/><G110/><T132/><D41/><U53/><E0/><V7/><F7/><W26/><G129/><T63/><D14/><U69/><E9/><V75/><F75/><W64/><G42/><T33/><D33/><U102/><E102/><V111/><F111/><W27/><G66/><T44/><D63/><U16/><E69/><V52/><F90/><W70/><G70/><T22/><D34/><U82/><REACH who="1" step="1"/><E16/><REACH who="1" ten="297,263,186,244" step="2"/><V21/><F32/><W17/><G68/><T45/><D54/><U105/><E105/><V79/><F79/><W108/><G108/><T127/><D127/><U130/><E130/><V100/><F39/><W104/><G104/><T119/><D119/><U4/><E4/><V48/><F37/><W59/><G11/><T40/><D40/><U8/><E8/><V101/><AGARI ba="0,1" hai="5,10,13,21,24,30,48,52,56,97,99,100,101,103" machi="101" ten="30,12000,2" yaku="0,1,8,1,52,3,54,1" doraHai="98" who="2" fromWho="2" sc="297,-30,263,-60,186,130,244,-30" /><INIT seed="2,0,0,0,3,77" ten="267,203,316,214" oya="2" hai0="59,50,132,0,122,130,3,110,23,4,117,60,36" hai1="32,65,90,78,42,46,55,1,124,16,127,91,15" hai2="84,116,54,24,97,85,135,93,101,134,69,20,108" hai3="38,6,21,112,40,9,64,26,63,2,71,125,104"/><V96/><F69/><W107/><G125/><N who="1" m="48202" /><E1/><V95/><F116/><W111/><G111/><T129/><D122/><U120/><E32/><V92/><F108/><W13/><G112/><T37/><D110/><U34/><E120/><V79/><F54/><W22/><G40/><T76/><D50/><N who="1" m="26967" /><E34/><V131/><F131/><N who="0" m="50186" /><D132/><N who="2" m="50730" /><F79/><W114/><G38/><N who="0" m="14955" /><D4/><U87/><E65/><V113/><F113/><W58/><G114/><T89/><D117/><U30/><E30/><N who="2" m="17671" /><F96/><W53/><G2/><T123/><D76/><U29/><E29/><V88/><F85/><W25/><G25/><T17/><D89/><U27/><E27/><V105/><AGARI ba="0,0" hai="84,88,92,93,95,97,101,105" m="17671,50730" machi="105" ten="30,3000,0" yaku="20,1,54,1" doraHai="77" who="2" fromWho="2" sc="267,-10,203,-10,316,30,214,-10" /><INIT seed="2,1,0,2,0,16" ten="257,193,346,204" oya="2" hai0="57,58,96,11,117,26,66,29,127,46,0,3,34" hai1="55,13,129,39,67,30,22,52,106,59,114,123,17" hai2="95,93,21,132,14,98,54,110,118,50,31,105,122" hai3="8,80,70,90,125,24,108,88,121,6,81,12,109"/><V89/><F105/><W42/><G121/><T135/><D127/><U134/><E106/><V47/><F122/><W63/><G125/><T56/><D135/><U35/><E114/><V18/><F132/><W131/><G42/><T62/><D117/><U20/><E123/><V36/><F118/><W61/><G131/><T128/><D128/><U86/><E35/><V94/><F110/><N who="3" m="42603" /><G24/><T79/><D79/><U44/><E129/><V107/><F107/><W9/><G9/><T116/><D116/><U15/><E134/><V73/><F73/><W19/><G6/><T41/><D96/><U74/><E74/><V82/><F36/><W84/><G70/><T37/><REACH who="0" step="1"/><D11/><REACH who="0" ten="247,193,346,204" step="2"/><U69/><E39/><V91/><F31/><W124/><G124/><T7/><D7/><U40/><E30/><V25/><F98/><W4/><G4/><T10/><D10/><U111/><E111/><V78/><F78/><W133/><G133/><T60/><D60/><N who="3" m="23113" /><G90/><T113/><D113/><U65/><E69/><AGARI ba="1,1" hai="0,3,26,29,34,37,41,46,56,57,58,62,66,69" machi="69" ten="40,2600,0" yaku="1,1,53,1" doraHai="16" doraHaiUra="28" who="0" fromWho="1" sc="247,39,193,-29,346,0,204,0" /><INIT seed="3,0,0,3,2,36" ten="286,164,346,204" oya="3" hai0="5,78,24,104,122,63,27,28,94,83,10,117,100" hai1="44,77,101,49,37,21,46,11,99,55,86,125,129" hai2="3,102,48,80,13,34,12,15,53,92,31,105,79" hai3="4,67,126,68,74,54,134,133,81,65,113,114,96"/><W82/><G4/><T87/><D122/><U76/><E129/><V131/><F105/><W110/><G68/><T132/><D117/><U33/><E125/><V14/><F3/><W127/><G96/><T72/><D132/><N who="3" m="50793" /><G54/><T128/><D128/><U52/><E33/><V56/><F131/><W75/><G65/><T66/><D104/><U93/><E11/><V98/><F34/><W70/><G67/><T17/><D17/><U62/><E86/><N who="2" m="48415" /><F15/><W123/><G70/><T42/><D42/><N who="1" m="24727" /><E37/><V47/><F31/><W115/><G123/><T103/><D72/><N who="3" m="27689" /><G110/><T71/><D94/><U45/><E21/><V30/><F30/><W22/><G22/><T121/><D121/><U124/><E124/><AGARI ba="0,0" hai="81,82,113,114,115,124,126,127" m="27689,50793" machi="124" ten="40,18000,2" yaku="28,2,18,1,20,1,34,2" doraHai="36" who="3" fromWho="1" sc="286,0,164,-180,346,0,204,180" owari="286,-11.0,-16,-52.0,346,15.0,384,48.0" /></mjloggm>