<mjloggm ver="2.3"><GO type="169" lobby="0"/><UN n0="%E3%82%A6%E3%83%AB%E3%83%88%E3%83%A9%E7%AB%8B%E7%9B%B4" n1="%E6%96%B0%E6%BD%9F%E3%83%89%E3%83%A9%E3%82%B4%E3%83%B3" n2="%74%61%72%6F%6F" n3="%E3%81%BE%E3%82%8B%E3%81%9F%E3%82%8D%E3%81%86" dan="17,17,18,16" rate="2212.08,2139.54,2192.83,2098.72" sx="M,M,M,M"/><TAIKYOKU oya="0"/><INIT seed="0,0,0,2,4,99" ten="250,250,250,250" oya="0" hai0="27,86,98,35,74,48,24,7,96,19,83,129,106" hai1="58,41,34,67,125,11,123,94,118,124,119,132,71" hai2="10,116,36,82,89,78,126,9,93,6,104,65,56" hai3="127,76,29,90,38,134,54,68,117,1,52,51,81"/><T32/><D74/><U131/><E34/><V110/><F36/><W95/><G38/><T45/><D7/><U61/><E11/><V0/><F110/><W46/><G1/><T114/><D114/><U66/><E94/><V59/><F126/><N who="1" m="48745" /><E123/><V120/><F104/><W133/><G117/><N who="1" m="44554" /><E132/><N who="3" m="50794" /><G68/><T57/><D35/><U108/><E108/><V5/><F65/><W64/><G64/><N who="1" m="24618" /><E41/><V15/><F120/><W91/><G29/><T92/><D32/><U111/><E111/><V113/><F113/><W87/><G127/><T115/><D115/><U47/><E47/><V75/><F116/><W16/><G16/><T13/><D45/><U73/><E73/><V130/><F10/><W80/><G91/><T69/><D92/><U122/><E122/><V23/><F9/><W97/><G81/><T4/><D4/><U43/><E43/><AGARI ba="0,0" hai="43,46,51,52,54,76,80,87,90,95,97" m="50794" machi="43" ten="30,2000,0" yaku="20,1,54,1" doraHai="99" who="3" fromWho="1" sc="250,0,250,-20,250,0,250,20" /><INIT seed="1,0,0,2,3,49" ten="250,230,250,270" oya="1" hai0="80,35,69,85,54,104,31,1,105,128,108,124,87" hai1="27,96,22,106,109,17,77,111,28,25,94,119,122" hai2="120,60,132,30,12,82,127,115,99,72,63,4,42" hai3="26,114,24,66,116,11,129,13,75,73,16,74,70"/><U125/><E122/><V64/><F120/><W123/><G114/><T58/><D69/><U55/><E119/><V50/><F115/><W71/><G123/><T100/><D1/><U76/><E106/><V133/><F127/><W107/><G107/><T20/><D35/><U8/><E125/><V126/><F126/><W18/><G129/><T110/><D124/><U103/><E8/><N who="2" m="4103" /><F30/><W39/><G39/><T52/><D128/><U43/><E43/><V135/><F99/><W9/><G116/><T81/><D58/><U7/><E7/><V130/><F130/><W78/><G78/><T23/><REACH who="0" step="1"/><D31/><REACH who="0" ten="240,230,250,270" step="2"/><U79/><REACH who="1" step="1"/><E55/><REACH who="1" ten="240,220,250,270" step="2"/><V10/><F133/><W21/><G66/><T59/><D59/><U84/><E84/><V61/><F135/><W102/><G71/><T112/><D112/><U95/><E95/><V101/><F132/><W47/><G70/><T38/><D38/><U86/><E86/><V15/><F64/><W92/><G74/><T14/><D14/><U19/><E19/><V56/><F56/><W45/><G75/><T98/><D98/><U83/><E83/><V5/><F82/><W57/><G73/><T65/><D65/><U93/><E93/><V44/><F72/><W33/><G57/><T46/><D46/><U29/><E29/><V34/><F34/><AGARI ba="0,2" hai="17,22,25,27,28,34,76,77,79,94,96,103,109,111" machi="34" ten="40,2000,0" yaku="1,1,53,0" doraHai="49" doraHaiUra="134" who="1" fromWho="2" sc="240,0,220,40,250,-20,270,0" /><INIT seed="1,1,0,3,2,104" ten="240,260,230,270" oya="1" hai0="33,103,39,6,133,85,32,98,93,36,76,19,25" hai1="22,17,42,15,55,75,122,131,119,114,110,62,0" hai2="82,27,135,88,89,99,2,65,3,128,81,21,129" hai3="28,72,78,16,48,10,70,14,125,11,112,59,63"/><U57/><E122/><V87/><F135/><W79/><G112/><T54/><D6/><U4/><E119/><V23/><F65/><W90/><G70/><T117/><D117/><U43/><E114/><V108/><F108/><W109/><G109/><T61/><D133/><U34/><E110/><V120/><F120/><W134/><G134/><T13/><D33/><U121/><E121/><V105/><F105/><W113/><G113/><T101/><D101/><U80/><E34/><V37/><F37/><W53/><G125/><T46/><D32/><U77/><REACH who="1" step="1"/><E131/><REACH who="1" ten="240,250,230,270" step="2"/><V94/><F129/><W41/><G28/><T73/><D39/><U1/><E1/><V123/><F128/><W60/><G11/><AGARI ba="1,1" hai="0,4,11,15,17,22,42,43,55,57,62,75,77,80" machi="11" ten="40,7700,0" yaku="1,1,52,1,53,1" doraHai="104" doraHaiUra="58" who="1" fromWho="3" sc="240,0,250,90,230,0,270,-80" /><INIT seed="1,2,0,1,1,79" ten="240,340,230,190" oya="1" hai0="84,43,111,58,85,113,67,17,1,29,20,82,23" hai1="66,2,0,110,26,44,116,21,95,119,3,70,5" hai2="53,83,135,72,18,100,77,76,87,125,101,45,92" hai3="8,107,4,109,122,71,34,49,78,96,104,133,12"/><U47/><E5/><V115/><F125/><W88/><G34/><T75/><D1/><U46/><E110/><V13/><F135/><W86/><G71/><T127/><D113/><U54/><E54/><V27/><F115/><W68/><G68/><T98/><D127/><U64/><E95/><V56/><F27/><W99/><G122/><T6/><D6/><U126/><E126/><V74/><F45/><W97/><G133/><T134/><D75/><U81/><E81/><V114/><F114/><W60/><G60/><T10/><D43/><U80/><E80/><V106/><F106/><W73/><G109/><T15/><D98/><U11/><E11/><V32/><F32/><W112/><G112/><T108/><D134/><U52/><E52/><V24/><F24/><W31/><G31/><T132/><D132/><U103/><E103/><V69/><F69/><W102/><G104/><T22/><D85/><U28/><REACH who="1" step="1"/><E70/><REACH who="1" ten="240,330,230,190" step="2"/><V40/><F101/><W105/><G105/><T33/><D111/><U128/><E128/><V25/><F100/><W89/><G102/><T59/><D108/><U14/><E14/><V90/><F13/><W38/><G107/><T41/><D67/><AGARI ba="2,1" hai="0,2,3,21,26,28,44,46,47,64,66,67,116,119" machi="67" ten="50,2400,0" yaku="1,1,53,0" doraHai="79" doraHaiUra="57" who="1" fromWho="0" sc="240,-30,330,40,230,0,190,0" /><INIT seed="1,3,0,1,3,48" ten="210,370,230,190" oya="1" hai0="24,80,101,114,4,59,104,6,131,19,53,119,37" hai1="124,98,49,7,93,44,56,16,83,111,79,100,67" hai2="73,120,50,23,82,92,112,30,9,15,61,10,32" hai3="129,43,109,35,22,108,13,126,63,78,57,31,97"/><U8/><E124/><V25/><F120/><W122/><G122/><T28/><D37/><U17/><E111/><N who="3" m="42570" /><G126/><T33/><D119/><U125/><E125/><V118/><F112/><W128/><G78/><T134/><D114/><U96/><E96/><V132/><F118/><W68/><G68/><T94/><D104/><U74/><E56/><V45/><F132/><W135/><G135/><T88/><D134/><U113/><E67/><V121/><F61/><W105/><G43/><T18/><D80/><U2/><REACH who="1" step="1"/><E113/><REACH who="1" ten="210,360,230,190" step="2"/><V99/><F121/><W52/><G97/><T54/><D59/><U90/><E90/><V87/><F99/><W130/><G105/><T127/><D127/><U60/><E60/><V69/><F69/><W75/><G128/><T84/><D131/><U116/><E116/><V51/><F45/><W27/><G75/><T11/><D101/><U102/><E102/><V39/><F73/><W107/><G107/><T77/><D77/><U20/><E20/><V12/><F23/><W133/><G133/><T70/><D70/><U41/><AGARI ba="3,1" hai="2,7,8,16,17,41,44,49,74,79,83,93,98,100" machi="41" ten="20,7800,0" yaku="1,1,0,1,7,1,54,1,53,0" doraHai="48" doraHaiUra="55" who="1" fromWho="1" sc="210,-29,360,97,230,-29,190,-29" /><INIT seed="1,4,0,3,0,46" ten="181,457,201,161" oya="1" hai0="17,76,16,86,125,32,112,120,6,84,13,114,41" hai1="57,3,39,92,87,99,79,4,115,70,135,52,8" hai2="94,51,100,45,29,80,104,89,50,56,19,36,66" hai3="5,20,131,77,119,68,25,78,42,61,34,108,62"/><U21/><E115/><V126/><F126/><W88/><G108/><T63/><D32/><U33/><E33/><V43/><F104/><W71/><G131/><T85/><D125/><U24/><E70/><V69/><F100/><W23/><G5/><T10/><D120/><U97/><E39/><V11/><F29/><W28/><G42/><T113/><D41/><U116/><E135/><V60/><F80/><W59/><G119/><T128/><D128/><U38/><E38/><V134/><F134/><W103/><G103/><T81/><REACH who="0" step="1"/><D63/><REACH who="0" ten="171,457,201,161" step="2"/><U98/><E116/><V133/><F133/><W0/><G61/><T53/><D53/><U44/><E52/><N who="2" m="31775" /><F50/><W101/><G34/><T9/><D9/><U47/><E8/><V1/><F1/><W123/><G0/><T93/><D93/><U82/><E92/><V58/><F11/><W110/><G123/><T96/><D96/><U37/><E98/><V117/><F117/><W111/><G111/><T27/><D27/><U73/><E24/><V90/><F94/><W12/><G110/><T15/><D15/><U83/><E3/><V106/><F106/><W2/><G2/><T95/><D95/><U130/><E130/><V67/><F67/><W118/><G118/><T40/><D40/><U107/><E107/><V18/><F58/><W55/><G12/><T122/><D122/><U49/><E57/><V64/><F64/><W127/><G59/><T26/><D26/><U105/><E105/><V74/><F74/><AGARI ba="4,1" hai="6,10,13,16,17,74,76,81,84,85,86,112,113,114" machi="74" ten="50,3200,0" yaku="1,1,54,1,53,0" doraHai="46" doraHaiUra="129" who="0" fromWho="2" sc="171,54,457,0,201,-44,161,0" /><INIT seed="2,0,0,1,1,115" ten="225,457,157,161" oya="2" hai0="28,52,69,84,108,125,87,86,8,15,121,127,53" hai1="98,112,30,76,3,83,101,0,20,58,32,51,96" hai2="133,114,34,90,11,38,23,59,16,110,47,65,9" hai3="103,111,130,40,64,45,107,135,27,17,80,89,41"/><V46/><F34/><W7/><G111/><T117/><D121/><U102/><E32/><V18/><F114/><W63/><G7/><T50/><D69/><U48/><E30/><V132/><F110/><W95/><G130/><T60/><D28/><U85/><E20/><V118/><F38/><W21/><G135/><N who="2" m="51785" /><F118/><W134/><G134/><T4/><D108/><U124/><E124/><N who="0" m="47689" /><D60/><U49/><E58/><V129/><F129/><W75/><G103/><T70/><D70/><U25/><E25/><N who="2" m="14567" /><F90/><W24/><G107/><T126/><N who="0" m="47697" /><T120/><DORA hai="119" /><D120/><U66/><E112/><V44/><F18/><W42/><G27/><T19/><D117/><U78/><E78/><V113/><F113/><W57/><G45/><N who="0" m="27727" /><D53/><U122/><E122/><V72/><F72/><W43/><G43/><T73/><D73/><U54/><E76/><V88/><F88/><W91/><G75/><T22/><D87/><U68/><E85/><V92/><F92/><W37/><G37/><T12/><AGARI ba="0,0" hai="4,8,12,15,19,22,84,86" m="27727,47697" machi="12" ten="40,2700,0" yaku="18,1,54,1" doraHai="115,119" who="0" fromWho="0" sc="225,27,457,-7,157,-13,161,-7" /><INIT seed="3,0,0,4,5,73" ten="252,450,144,154" oya="3" hai0="26,119,3,5,116,41,100,54,8,14,129,1,135" hai1="123,91,66,128,101,104,98,97,57,24,18,23,71" hai2="75,134,50,37,88,43,78,32,61,117,49,126,45" hai3="29,0,33,92,113,111,27,94,13,87,12,35,124"/><W125/><G113/><T96/><D41/><U83/><E123/><V81/><F117/><W118/><G118/><T120/><D120/><U110/><E110/><V47/><F32/><W114/><G114/><T85/><D129/><U77/><E71/><V22/><F134/><W48/><G0/><T72/><D72/><U82/><E128/><V60/><F126/><N who="3" m="48747" /><G35/><T74/><D74/><U31/><E31/><V42/><F37/><W106/><G106/><T102/><D102/><U108/><E83/><V80/><F22/><W17/><G111/><T95/><D135/><U10/><E10/><V9/><F9/><N who="3" m="6287" /><G87/><AGARI ba="0,0" hai="42,43,45,47,49,50,60,61,75,78,80,81,87,88" machi="87" ten="40,5200,0" yaku="9,1,52,1,54,1" doraHai="73" who="2" fromWho="3" sc="252,0,450,0,144,52,154,-52" /><INIT seed="4,0,0,4,3,73" ten="252,450,196,102" oya="0" hai0="133,106,132,60,42,14,1,76,36,95,47,84,122" hai1="89,81,125,94,86,65,87,56,19,135,131,4,3" hai2="5,11,53,121,41,21,58,69,126,64,22,88,17" hai3="27,49,0,63,90,2,61,117,82,51,33,34,130"/><T103/><D1/><U100/><E131/><V55/><F121/><W134/><G27/><T110/><D106/><U83/><E135/><N who="0" m="51785" /><D122/><U12/><E4/><V59/><F126/><W79/><G134/><T93/><D103/><U7/><E7/><V124/><F124/><W15/><G117/><T92/><D110/><U10/><E3/><V128/><F128/><W108/><G15/><T91/><D60/><N who="1" m="38023" /><E125/><V118/><F41/><W23/><G23/><T127/><D127/><U80/><E100/><V62/><F118/><W101/><G90/><AGARI ba="0,0" hai="10,12,19,80,81,83,86,87,89,90,94" m="38023" machi="90" ten="30,1000,0" yaku="8,1" doraHai="73" who="1" fromWho="3" sc="252,0,450,10,196,0,102,-10" /><INIT seed="5,0,0,3,0,23" ten="252,460,196,92" oya="1" hai0="77,28,53,133,122,105,132,97,0,48,41,14,35" hai1="101,47,120,72,12,24,13,124,109,96,85,67,76" hai2="62,36,74,112,40,117,78,61,65,66,5,8,19" hai3="68,86,99,22,27,49,42,94,104,98,93,135,46"/><U88/><E120/><V31/><F117/><W52/><G68/><T71/><D0/><U16/><E67/><V45/><F19/><W59/><G135/><T73/><D41/><U84/><E47/><V15/><F112/><W127/><G127/><T131/><D71/><U70/><E70/><V114/><F114/><W1/><G1/><T6/><D77/><U123/><E124/><V58/><F31/><W30/><G104/><T9/><D73/><U118/><E72/><V102/><F102/><W126/><G126/><T10/><D10/><U43/><E43/><V55/><F62/><W64/><G64/><T51/><D51/><U3/><E3/><N who="2" m="63" /><F65/><W2/><G2/><T113/><D122/><U121/><E76/><V91/><F91/><W116/><G116/><T106/><D113/><U63/><E63/><V130/><F15/><W119/><G119/><T92/><D106/><U69/><E13/><V7/><F7/><W60/><REACH who="3" step="1"/><G86/><REACH who="3" ten="252,460,196,82" step="2"/><T4/><D105/><U89/><E85/><V95/><F66/><W83/><G83/><T20/><D133/><U37/><E84/><V33/><F74/><W87/><G87/><T17/><D132/><U80/><E118/><V100/><F95/><AGARI ba="0,1" hai="22,27,30,42,46,49,52,59,60,93,94,95,98,99" machi="95" ten="40,8000,1" yaku="1,1,8,1,52,1,54,1,53,0" doraHai="23" doraHaiUra="125" who="3" fromWho="2" sc="252,0,460,0,196,-80,82,90" /><INIT seed="6,0,0,2,3,28" ten="252,460,116,172" oya="2" hai0="54,96,125,76,22,71,130,84,100,89,120,59,2" hai1="88,126,65,31,134,6,20,69,21,44,121,127,32" hai2="104,80,102,78,38,99,67,33,112,43,19,30,26" hai3="108,41,132,0,18,123,23,103,90,87,60,35,9"/><V115/><F19/><W39/><G123/><T117/><D71/><U49/><E6/><V133/><F133/><W94/><G132/><T10/><D120/><U98/><E32/><V68/><F43/><W74/><G74/><T72/><D76/><U106/><E31/><V92/><F92/><W57/><G108/><T61/><D72/><U70/><E70/><V4/><F4/><W36/><G103/><T66/><D10/><U40/><E134/><V63/><F38/><W93/><G93/><T17/><D2/><U81/><E81/><V86/><AGARI ba="0,0" hai="26,30,33,63,67,68,78,80,86,99,102,104,112,115" machi="86" ten="30,11700,0" yaku="0,1,25,2,52,1" doraHai="28" who="2" fromWho="2" sc="252,-39,460,-39,116,117,172,-39" /><INIT seed="6,1,0,4,0,35" ten="213,421,233,133" oya="2" hai0="42,69,127,113,30,97,114,78,130,91,62,6,8" hai1="1,47,56,54,81,110,20,5,128,77,3,22,64" hai2="50,17,102,90,109,85,21,120,18,57,122,44,19" hai3="89,45,125,74,111,116,131,70,105,66,101,36,80"/><V23/><F109/><W55/><G111/><T96/><D78/><U95/><E5/><V133/><F133/><W135/><G135/><T16/><D30/><U76/><E76/><V33/><F33/><W73/><G116/><T0/><D42/><U107/><E107/><V63/><F102/><W103/><G125/><T27/><D91/><U108/><E64/><N who="2" m="39023" /><F122/><W98/><G131/><T31/><D62/><U34/><E34/><V51/><F120/><W126/><G126/><T7/><D69/><U60/><E3/><V41/><F50/><W88/><G103/><T106/><D7/><U92/><E1/><V9/><F9/><W40/><G55/><T123/><D123/><U2/><E2/><V26/><F26/><W118/><G118/><T59/><D106/><U43/><E128/><V72/><F72/><W37/><G37/><T67/><D130/><U134/><E134/><V75/><F75/><W53/><G53/><T82/><D127/><U4/><E54/><V100/><F100/><W83/><G83/><AGARI ba="1,0" hai="17,18,19,21,23,41,44,51,83,85,90" m="39023" machi="83" ten="30,1500,0" yaku="8,1" doraHai="35" who="2" fromWho="3" sc="213,0,421,0,233,18,133,-18" /><INIT seed="6,2,0,4,2,47" ten="213,421,251,115" oya="2" hai0="9,110,59,40,95,96,16,24,98,55,121,56,41" hai1="99,115,0,8,34,128,118,42,81,18,72,28,50" hai2="119,11,31,89,109,87,48,90,117,86,88,29,61" hai3="65,12,19,1,111,49,73,4,80,6,125,38,36"/><V25/><F109/><W51/><G111/><T134/><D110/><U123/><E118/><V20/><F31/><W46/><G125/><T101/><D134/><U100/><E115/><V112/><F112/><W5/><G65/><T76/><D76/><U71/><E71/><V27/><F27/><W57/><G1/><T107/><D59/><U78/><E128/><V85/><F61/><W17/><G17/><T54/><D54/><U60/><E60/><V14/><REACH who="2" step="1"/><F48/><REACH who="2" ten="213,421,241,115" step="2"/><W102/><G38/><T113/><D113/><U53/><E28/><V135/><F135/><W68/><G36/><T21/><D121/><U64/><E50/><V92/><F92/><W93/><G46/><T45/><D45/><U105/><E123/><V66/><F66/><W77/><G68/><T2/><D107/><U129/><E64/><V103/><F103/><W26/><G26/><T82/><D95/><U120/><E120/><V22/><F22/><W114/><G114/><T10/><D101/><U91/><E105/><V122/><F122/><W94/><G94/><T104/><D104/><U52/><E100/><V83/><F83/><W79/><G57/><T44/><D82/><U23/><E81/><V133/><F133/><W130/><G130/><T33/><D44/><U39/><E129/><V62/><F62/><W106/><G79/><T58/><D56/><U32/><E78/><V127/><F127/><W7/><G93/><T132/><D58/><U116/><E39/><V13/><F13/><W124/><G124/><T131/><D24/><U30/><E30/><V84/><N who="2" m="21504" /><DORA hai="15" /><V74/><F74/><RYUUKYOKU ba="2,1" sc="213,-10,421,-10,241,30,115,-10" hai2="11,14,20,25,29,88,89,90,117,119" /><INIT seed="6,3,1,2,1,55" ten="203,411,271,105" oya="2" hai0="27,67,62,41,133,36,43,108,16,72,32,95,81" hai1="39,17,20,87,15,104,124,132,125,123,5,26,45" hai2="28,33,64,89,126,91,12,94,46,58,51,31,120" hai3="6,7,56,47,21,78,134,82,135,74,90,103,60"/><V0/><F0/><W57/><G47/><T8/><D108/><U24/><E104/><V13/><F126/><N who="1" m="48745" /><E132/><N who="3" m="50730" /><G103/><T102/><D36/><U42/><E123/><V40/><F33/><W23/><G90/><N who="2" m="34313" /><F94/><W79/><G60/><T100/><D72/><U117/><E117/><V2/><F2/><W83/><G23/><N who="0" m="13799" /><D81/><N who="3" m="30729" /><G21/><T96/><D32/><U75/><E75/><V4/><F120/><W52/><G52/><T18/><D102/><U14/><E87/><V118/><F118/><W35/><G74/><T115/><D133/><U73/><E73/><V71/><F71/><W86/><G86/><T61/><D61/><U112/><E112/><V48/><F48/><W63/><G63/><T65/><D115/><U109/><E109/><V68/><F68/><W122/><G122/><T69/><D69/><U113/><E113/><V1/><F1/><W70/><G70/><T101/><D101/><U107/><E107/><V111/><F111/><W114/><G114/><T80/><D80/><U66/><E66/><N who="0" m="25097" /><D62/><U76/><E76/><N who="3" m="29226" /><G35/><T129/><D129/><U110/><E110/><V106/><F106/><W29/><G29/><T128/><D128/><U34/><E34/><V44/><F28/><W93/><G93/><T84/><D84/><U9/><AGARI ba="3,1" hai="5,9,14,15,17,20,24,26,39,42,45" m="48745" machi="9" ten="30,1100,0" yaku="18,1" doraHai="55" who="1" fromWho="1" sc="203,-6,411,30,271,-8,105,-6" /><INIT seed="7,0,0,1,0,117" ten="197,441,263,99" oya="3" hai0="105,8,20,135,10,44,98,67,9,52,116,102,122" hai1="38,6,3,90,123,17,26,89,134,78,57,80,59" hai2="24,34,45,79,133,92,11,110,22,60,73,42,95" hai3="85,29,56,132,81,14,5,104,130,126,112,46,128"/><W16/><G104/><T40/><D116/><U127/><E123/><V124/><F34/><W87/><G112/><T7/><D122/><U30/><E38/><V39/><F110/><W94/><G126/><T119/><D119/><U2/><E6/><V43/><F43/><W71/><G71/><T66/><D135/><U19/><E30/><V91/><F133/><W120/><G132/><T84/><D7/><U64/><E64/><V12/><F124/><W54/><G5/><T111/><D111/><U69/><E26/><V63/><F92/><W0/><G0/><T65/><D20/><U27/><E27/><V1/><F79/><N who="3" m="46271" /><G29/><T21/><D21/><U121/><E121/><V103/><F73/><W58/><G120/><T53/><REACH who="0" step="1"/><D84/><REACH who="0" ten="187,441,263,99" step="2"/><U68/><E134/><V55/><F22/><N who="3" m="11543" /><G130/><T129/><D129/><U32/><E69/><V114/><F1/><W61/><G128/><T97/><D97/><U51/><E68/><V35/><F35/><W101/><G87/><T106/><D106/><U41/><E127/><V15/><F11/><W75/><G75/><T23/><D23/><U76/><E2/><V13/><F24/><W115/><G115/><T74/><D74/><U125/><E3/><V25/><F25/><W113/><G113/><T33/><D33/><U83/><E125/><V82/><F114/><W100/><G46/><T62/><D62/><U70/><E32/><V88/><F45/><W50/><G94/><T47/><D47/><U31/><E70/><V37/><F95/><W86/><G86/><T118/><D118/><U4/><E31/><V99/><F13/><RYUUKYOKU ba="0,1" sc="187,15,441,-15,263,-15,99,15" hai0="8,9,10,40,44,52,53,65,66,67,98,102,105" hai3="50,54,56,58,61,100,101" /><INIT seed="7,1,1,3,4,34" ten="202,426,248,114" oya="3" hai0="27,17,42,114,87,45,40,73,14,58,104,18,35" hai1="124,130,38,1,120,24,129,12,68,112,105,8,20" hai2="19,125,33,86,62,80,69,21,103,64,102,15,128" hai3="53,84,133,127,31,65,83,51,7,43,85,49,9"/><W108/><G127/><T59/><D73/><U29/><E105/><V100/><F33/><W96/><G133/><T94/><D104/><U48/><E38/><V4/><F128/><W50/><G108/><T13/><D114/><U74/><E68/><V10/><F125/><W25/><G65/><T61/><D27/><U77/><E48/><V115/><F115/><W60/><G43/><N who="0" m="16427" /><D35/><U135/><E77/><V36/><F36/><W54/><G96/><T11/><D45/><U93/><E93/><V132/><F132/><W23/><G60/><T75/><D75/><U72/><E124/><V111/><F111/><W126/><G126/><T98/><D87/><U71/><E71/><V110/><F110/><W79/><REACH who="3" step="1"/><G85/><REACH who="3" ten="202,426,248,104" step="2"/><T66/><D66/><U63/><E63/><V109/><F109/><W76/><G76/><T57/><D61/><U3/><E135/><V91/><F102/><W82/><G82/><T92/><D98/><U67/><E67/><V2/><AGARI ba="1,2" hai="2,4,10,15,19,21,62,64,69,80,86,91,100,103" machi="2" ten="20,2700,0" yaku="0,1,7,1,52,1" doraHai="34" who="2" fromWho="2" sc="202,-8,426,-8,248,50,104,-14" owari="194,-21.0,418,52.0,298,10.0,90,-41.0" /></mjloggm>