<mjloggm ver="2.3"><GO type="41" lobby="0"/><UN n0="%E9%9B%80%E6%82%9F" n1="%E5%B0%B1%E6%B4%BB%E7%94%9F%40%E5%B7%9D%E6%9D%91%E8%BB%8D%E5%9B%A3" n2="%E6%8E%A5%E8%BF%91" n3="%E6%B8%A3%E7%A5%9E" dan="16,15,13,15" rate="2012.52,2006.53,1832.38,1987.93" sx="M,M,M,F"/><TAIKYOKU oya="0"/><INIT seed="0,0,0,2,1,4" ten="250,250,250,250" oya="0" hai0="131,77,120,15,2,55,118,5,127,91,57,70,24" hai1="18,104,128,8,38,126,25,121,0,98,56,51,111" hai2="7,13,39,66,105,3,69,116,119,132,52,41,48" hai3="107,19,34,27,9,62,76,67,29,109,83,71,43"/><T89/><D120/><U35/><E38/><V103/><F105/><W130/><G109/><T63/><D118/><N who="2" m="45098" /><F3/><W12/><G130/><T92/><D131/><U117/><E121/><V11/><F103/><W10/><G107/><T45/><D2/><U37/><E51/><V21/><F132/><W36/><G36/><T122/><D122/><U80/><E56/><N who="2" m="32775" /><F21/><W75/><REACH who="3" step="1"/><G43/><REACH who="3" ten="250,250,250,240" step="2"/><T97/><D127/><U50/><E37/><V1/><F39/><W30/><G30/><T94/><D70/><U78/><E104/><V114/><F41/><W124/><G124/><T106/><D106/><U102/><E126/><V73/><F114/><W85/><G85/><T81/><D97/><U54/><E98/><V90/><F73/><W134/><G134/><T23/><D45/><U112/><E111/><V82/><F1/><W129/><G129/><T87/><D92/><U135/><E0/><V22/><F69/><W84/><G84/><T110/><D94/><U28/><E28/><V68/><F68/><W133/><G133/><T125/><D110/><U40/><E135/><V46/><F82/><W123/><G123/><T33/><D125/><U6/><E80/><V20/><F90/><W31/><G31/><N who="0" m="17823" /><D33/><U16/><E40/><V14/><F46/><W44/><G44/><T60/><D89/><U32/><E35/><V17/><F66/><W53/><G53/><T88/><D91/><U99/><E32/><V79/><F79/><W64/><G64/><T93/><D77/><U59/><E78/><V113/><F113/><W65/><G65/><T72/><D81/><U101/><E128/><RYUUKYOKU ba="0,1" sc="250,-15,250,-15,250,15,240,15" hai2="7,11,13,14,17,20,22" hai3="9,10,12,19,27,29,34,62,67,71,75,76,83" /><INIT seed="1,1,1,0,1,47" ten="235,235,265,255" oya="1" hai0="25,96,16,88,97,128,130,125,98,104,66,90,126" hai1="119,32,40,57,60,52,68,83,65,34,79,42,81" hai2="13,18,127,5,61,7,80,109,44,46,121,2,115" hai3="9,133,4,110,116,15,77,17,131,37,82,43,39"/><U23/><E119/><V107/><F121/><W26/><G116/><T71/><D71/><U74/><E83/><V75/><F115/><W113/><G113/><T73/><D66/><U24/><E34/><V76/><F107/><W55/><G131/><N who="0" m="50219" /><D104/><U108/><E32/><V20/><F127/><N who="0" m="48650" /><D73/><U105/><E105/><V50/><F109/><W99/><G99/><T49/><D49/><U14/><E14/><V36/><F61/><W28/><G133/><T111/><D111/><U63/><REACH who="1" step="1"/><E108/><REACH who="1" ten="235,225,265,255" step="2"/><V120/><F120/><W124/><G110/><T129/><D129/><U58/><E58/><V11/><F5/><W132/><G124/><T59/><D59/><U87/><E87/><V106/><F44/><W135/><G135/><T31/><D31/><AGARI ba="1,2" hai="23,24,31,40,42,52,57,60,63,65,68,74,79,81" machi="31" ten="30,5800,0" yaku="1,1,7,1,54,1,53,0" doraHai="47" doraHaiUra="0" who="1" fromWho="0" sc="235,-61,225,81,265,0,255,0" /><INIT seed="1,2,0,2,1,20" ten="174,306,265,255" oya="1" hai0="18,112,7,124,58,87,127,67,29,103,72,81,62" hai1="65,94,119,107,131,48,36,126,11,2,23,49,133" hai2="89,5,118,80,46,37,21,64,22,13,41,50,71" hai3="3,60,92,57,125,82,96,88,66,19,90,132,39"/><U9/><E107/><V110/><F118/><W61/><G3/><T70/><D112/><U27/><E36/><V129/><F37/><W134/><G39/><T97/><D72/><U130/><E119/><V45/><F129/><N who="1" m="49161" /><E133/><N who="3" m="51306" /><G125/><T109/><D7/><N who="1" m="1271" /><E126/><N who="0" m="48169" /><D18/><N who="1" m="12791" /><E65/><V8/><F110/><W114/><G114/><T44/><D29/><U99/><E11/><V42/><F71/><W100/><G82/><T16/><D109/><U86/><E86/><N who="2" m="50375" /><F64/><N who="3" m="38927" /><G19/><T14/><D44/><N who="2" m="17002" /><F50/><W28/><G28/><T0/><D70/><AGARI ba="2,0" hai="61,66,70,88,90,92,96,100" m="38927,51306" machi="70" ten="30,2000,0" yaku="20,1,54,1" doraHai="20" who="3" fromWho="0" sc="174,-26,306,0,265,0,255,26" /><INIT seed="2,0,0,0,2,32" ten="148,306,265,281" oya="2" hai0="18,110,119,36,95,134,23,117,14,122,63,35,28" hai1="48,13,12,7,96,40,10,9,93,80,22,73,62" hai2="88,2,121,25,74,135,39,102,78,75,125,59,123" hai3="68,47,118,70,89,60,115,42,86,97,51,50,82"/><V132/><F39/><W20/><G118/><N who="0" m="45067" /><D63/><U130/><E130/><V124/><F25/><W1/><G115/><T6/><D95/><U108/><E108/><V33/><F33/><W0/><G50/><T46/><D46/><U29/><E73/><N who="2" m="27659" /><F59/><W16/><G60/><T17/><D36/><U128/><E128/><V5/><F78/><W67/><G67/><T103/><D103/><U83/><E62/><V52/><F5/><W58/><G58/><T98/><D98/><U19/><E29/><V133/><F2/><W41/><G41/><T45/><D45/><N who="1" m="25639" /><E22/><V126/><F52/><W77/><G97/><T111/><D122/><N who="2" m="46602" /><F102/><AGARI ba="0,0" hai="7,9,10,12,13,19,80,83,93,96,102" m="25639" machi="102" ten="30,1000,0" yaku="8,1" doraHai="32" who="1" fromWho="2" sc="148,0,306,10,265,-10,281,0" /><INIT seed="3,0,0,2,1,2" ten="148,316,255,281" oya="3" hai0="71,77,51,46,10,0,130,76,109,25,3,72,126" hai1="113,106,101,103,112,124,59,69,89,62,79,58,114" hai2="33,52,4,84,116,111,91,94,87,121,110,93,5" hai3="12,85,92,42,23,74,16,102,27,131,127,11,60"/><W65/><G74/><T120/><D120/><U80/><E124/><V75/><F33/><W39/><G127/><T83/><D126/><U73/><E69/><V36/><F75/><W31/><G131/><T97/><D130/><U29/><E106/><V108/><F36/><W20/><G39/><T14/><D71/><U7/><E29/><V45/><F121/><W49/><G42/><T95/><D77/><U9/><E89/><N who="2" m="53415" /><F116/><W13/><G49/><AGARI ba="0,0" hai="4,5,45,49,52,87,91,94,108,110,111" m="53415" machi="49" ten="30,7700,0" yaku="14,1,52,2,54,1" doraHai="2" who="2" fromWho="3" sc="148,0,316,0,255,77,281,-77" /><INIT seed="4,0,0,2,2,116" ten="148,316,332,204" oya="0" hai0="125,108,91,28,118,84,111,25,86,90,96,80,17" hai1="41,56,127,93,107,85,6,134,121,26,119,113,115" hai2="89,124,19,16,75,33,132,82,70,27,34,48,9" hai3="60,51,133,66,54,46,71,114,13,130,94,77,20"/><T103/><D17/><U3/><E107/><V97/><F70/><W128/><G77/><T83/><D118/><U120/><E119/><V4/><F75/><W95/><G114/><N who="1" m="43530" /><E127/><V105/><F124/><W63/><G133/><T53/><D125/><U88/><E134/><V22/><F132/><W73/><G60/><T47/><D47/><U92/><E41/><V0/><F105/><W40/><G73/><T23/><REACH who="0" step="1"/><D53/><REACH who="0" ten="138,316,332,204" step="2"/><U11/><E26/><V42/><F19/><N who="3" m="10351" /><G54/><T58/><D58/><U44/><E44/><V129/><F42/><W14/><G14/><T49/><D49/><U131/><E131/><AGARI ba="0,1" hai="40,46,51,63,66,71,94,95,128,130,131" m="10351" machi="131" ten="30,1000,0" yaku="19,1" doraHai="116" who="3" fromWho="1" sc="138,0,316,-10,332,0,204,20" /><INIT seed="5,0,0,1,5,32" ten="138,306,332,224" oya="1" hai0="121,128,21,48,13,56,80,93,111,30,37,109,50" hai1="116,134,36,103,125,133,14,110,96,26,68,31,62" hai2="8,91,53,59,23,64,35,51,40,83,47,132,100" hai3="43,20,49,0,124,77,61,120,98,1,44,57,113"/><U63/><E116/><V81/><F35/><W87/><G120/><T82/><D121/><U16/><E36/><V39/><F132/><N who="1" m="50793" /><E110/><V112/><F112/><W127/><G113/><T129/><D37/><U42/><E42/><V58/><F100/><W99/><G20/><T78/><D93/><N who="1" m="58767" /><E68/><V108/><F108/><W84/><G98/><T22/><D13/><U67/><E67/><V45/><F91/><W102/><G77/><T55/><D78/><U65/><E65/><V52/><F23/><W27/><G27/><T15/><D15/><U5/><E5/><V73/><F8/><W107/><G87/><T12/><D12/><U79/><E79/><V25/><F81/><W74/><G84/><T105/><D56/><U95/><E95/><V123/><F83/><W9/><G74/><T119/><D30/><U104/><E104/><V106/><F73/><W41/><G41/><T118/><REACH who="0" step="1"/><D55/><REACH who="0" ten="128,306,332,224" step="2"/><U4/><E4/><V18/><F123/><W92/><G9/><T70/><D70/><U94/><E94/><V29/><F106/><AGARI ba="0,1" hai="21,22,48,50,80,82,105,106,109,111,118,119,128,129" machi="106" ten="25,3200,0" yaku="1,1,22,2,53,0" doraHai="32" doraHaiUra="2" who="0" fromWho="2" sc="128,42,306,0,332,-32,224,0" /><INIT seed="6,0,0,0,5,38" ten="170,306,300,224" oya="2" hai0="53,81,39,42,75,79,76,56,33,114,8,97,89" hai1="18,93,111,41,31,128,24,34,45,91,49,27,43" hai2="2,1,14,134,130,117,101,67,132,62,133,25,48" hai3="20,113,107,122,66,12,32,129,36,55,47,109,116"/><V28/><F117/><W121/><G12/><T131/><D33/><U108/><E128/><V96/><F130/><W86/><G20/><T70/><D131/><U13/><E27/><V22/><F14/><W90/><G55/><T68/><D114/><U52/><E108/><V4/><F48/><W35/><G90/><T123/><D123/><U21/><E111/><V7/><F7/><W119/><G86/><AGARI ba="0,0" hai="13,18,21,24,31,34,41,43,45,49,52,86,91,93" machi="86" ten="30,7700,0" yaku="7,1,52,2,54,1" doraHai="38" who="1" fromWho="3" sc="170,0,306,77,300,0,224,-77" /><INIT seed="7,0,0,0,5,57" ten="170,383,300,147" oya="3" hai0="20,100,28,105,8,31,95,43,97,33,79,85,36" hai1="34,133,120,21,91,98,117,83,32,65,41,48,130" hai2="129,99,101,64,58,26,134,37,92,125,76,9,71" hai3="121,86,94,61,46,6,82,49,111,126,109,15,116"/><W84/><G116/><T42/><D33/><U108/><E120/><V78/><F37/><W7/><G121/><T25/><D28/><U67/><E108/><N who="3" m="41546" /><G126/><T23/><D23/><U123/><E123/><V5/><F125/><W38/><G38/><T66/><D66/><U40/><E117/><V88/><F129/><W73/><G15/><T35/><D36/><U93/><E133/><V70/><F134/><W104/><G94/><T122/><D35/><U69/><E69/><V54/><F70/><W89/><G104/><T103/><D122/><U27/><E130/><V132/><F132/><W16/><G86/><T44/><D8/><U14/><E14/><V17/><F71/><W128/><G73/><T74/><D44/><N who="1" m="25607" /><E34/><V2/><F101/><W107/><G107/><T50/><D50/><U12/><E32/><V81/><F64/><N who="1" m="24649" /><E41/><V118/><F81/><W30/><G128/><T124/><D124/><U110/><E110/><V45/><F45/><W24/><G61/><T3/><D3/><U102/><E12/><V47/><F47/><W113/><G30/><T56/><D100/><U19/><E83/><V13/><F118/><W114/><G7/><T80/><D56/><U75/><E75/><V87/><F87/><W29/><G6/><T1/><D1/><U55/><E102/><V52/><F2/><W106/><G29/><T112/><D112/><N who="3" m="43113" /><G106/><T0/><D0/><U72/><E72/><V131/><F131/><W96/><G24/><T22/><D20/><U51/><E51/><N who="2" m="31007" /><F54/><AGARI ba="0,0" hai="19,21,27,54,55,91,93,98" m="24649,25607" machi="54" ten="30,1000,0" yaku="8,1" doraHai="57" who="1" fromWho="2" sc="170,0,383,10,300,-10,147,0" owari="170,-23.0,393,49.0,290,9.0,147,-35.0" /></mjloggm>