<mjloggm ver="2.3"><GO type="225" lobby="0"/><UN n0="%73%61%72%61%6B" n1="%E9%A7%84%E5%A6%B9" n2="%E5%B0%B1%E6%B4%BB%E7%94%9F%40%E5%B7%9D%E6%9D%91%E8%BB%8D%E5%9B%A3" n3="%E9%8A%80%E3%81%B0%E3%81%95%E3%81%BF" dan="16,16,17,18" rate="2135.55,2135.48,2097.32,2226.23" sx="M,F,M,M"/><TAIKYOKU oya="0"/><INIT seed="0,0,0,4,0,55" ten="250,250,250,250" oya="0" hai0="42,56,65,15,77,98,107,58,61,6,122,73,46" hai1="124,71,18,108,12,3,53,126,22,90,28,29,68" hai2="83,19,118,78,66,135,57,54,106,9,82,47,132" hai3="51,100,60,40,70,123,120,26,32,134,79,112,31"/><T84/><D122/><N who="3" m="46633" /><G112/><T94/><D107/><U113/><E3/><V85/><F106/><W76/><G134/><N who="2" m="51241" /><F118/><W104/><G51/><N who="0" m="27095" /><D73/><U121/><E121/><V93/><F66/><N who="3" m="41287" /><G40/><T99/><D99/><AGARI ba="0,0" hai="26,31,32,76,79,99,100,104" m="41287,46633" machi="99" ten="30,2000,0" yaku="25,1,13,1" doraHai="55" who="3" fromWho="0" sc="250,-20,250,0,250,0,250,20" /><INIT seed="1,0,0,1,2,118" ten="230,250,250,270" oya="1" hai0="56,115,73,17,77,130,45,22,11,89,67,8,46" hai1="36,5,51,31,41,40,105,74,26,121,129,21,57" hai2="24,54,103,106,34,93,127,29,55,131,37,94,82" hai3="109,111,42,126,80,48,30,83,1,81,0,101,2"/><U112/><E105/><V108/><F37/><W58/><G101/><T7/><D130/><U113/><E74/><V97/><F127/><W90/><G30/><T75/><D115/><U96/><E36/><V124/><F124/><W133/><G126/><T44/><D77/><U65/><E129/><V99/><F131/><W38/><G38/><T72/><D89/><U3/><E121/><V135/><F135/><W13/><G133/><T16/><D22/><U125/><E125/><V60/><F108/><N who="3" m="41547" /><G13/><T64/><D56/><U20/><E5/><V120/><F120/><W78/><G90/><T27/><D27/><N who="1" m="16871" /><E3/><V33/><F33/><W66/><G42/><T53/><D53/><N who="1" m="31935" /><E112/><V119/><F119/><W18/><G18/><N who="0" m="7275" /><D7/><U92/><E65/><AGARI ba="0,0" hai="8,11,44,45,46,64,65,67,72,73,75" m="7275" machi="65" ten="40,5200,0" yaku="28,2,54,1" doraHai="118" who="0" fromWho="1" sc="230,52,250,-52,250,0,270,0" /><INIT seed="2,0,0,5,2,34" ten="282,198,250,270" oya="2" hai0="8,43,5,113,101,21,35,127,74,9,134,93,48" hai1="54,1,110,71,88,53,17,125,16,118,133,96,132" hai2="2,80,65,30,84,63,83,33,70,126,50,77,58" hai3="128,27,36,64,111,78,86,55,87,28,91,130,72"/><V45/><F126/><W25/><G36/><T120/><D113/><U99/><E118/><V108/><F108/><W15/><G72/><T85/><D74/><U100/><E71/><V39/><F39/><W51/><G111/><T97/><D35/><U129/><E125/><V40/><F70/><W98/><G64/><T76/><D127/><U81/><E110/><V41/><F41/><W42/><G42/><T69/><D69/><U95/><E129/><N who="3" m="49770" /><G15/><T44/><D134/><N who="1" m="51819" /><E1/><V26/><REACH who="2" step="1"/><F83/><REACH who="2" ten="282,198,240,270" step="2"/><N who="3" m="47479" /><G28/><T47/><D43/><U19/><E81/><V131/><F131/><W67/><G67/><T115/><D115/><U6/><E6/><V23/><F23/><W112/><G112/><T18/><D21/><U116/><E116/><V57/><F57/><N who="3" m="33023" /><G98/><T107/><D97/><U52/><E99/><V7/><F7/><W117/><G117/><T20/><D5/><U103/><AGARI ba="0,1" hai="16,17,19,52,53,54,88,95,96,100,103" m="51819" machi="103" ten="40,8000,1" yaku="20,1,54,3" doraHai="34" who="1" fromWho="1" sc="282,-20,198,90,240,-40,270,-20" /><INIT seed="3,0,0,2,0,18" ten="262,288,200,250" oya="3" hai0="80,135,3,12,52,69,48,45,100,44,130,92,79" hai1="114,110,50,1,29,10,11,5,9,58,37,132,91" hai2="34,42,103,16,127,20,13,2,14,116,95,68,7" hai3="25,106,126,104,85,21,134,0,108,35,98,112,105"/><W53/><G112/><T88/><D3/><U66/><E37/><V115/><F34/><W78/><G0/><T49/><D69/><U33/><E114/><V75/><F75/><W101/><G134/><T87/><D130/><U63/><E132/><V8/><F115/><W76/><G35/><T73/><D135/><U120/><E120/><V97/><F116/><W22/><G126/><T77/><D12/><U129/><E110/><V32/><F127/><W27/><G108/><T70/><D70/><U38/><E38/><V113/><F113/><W83/><G53/><T81/><D100/><U119/><E129/><V28/><F68/><W30/><G78/><N who="0" m="29707" /><D73/><U17/><E29/><AGARI ba="0,0" hai="21,22,25,27,29,30,76,83,85,98,101,104,105,106" machi="29" ten="30,11600,0" yaku="7,1,9,1,52,2" doraHai="18" who="3" fromWho="1" sc="262,0,288,-116,200,0,250,116" owari="262,6.0,172,-33.0,200,-20.0,366,47.0" /></mjloggm>