<mjloggm ver="2.3"><GO type="169" lobby="0"/><UN n0="%44%26%46" n1="%E9%BE%8D%E9%96%80%E6%B8%95%E9%AB%98%E6%A0%A1%E7%B7%8F%E5%90%88" n2="%E5%AE%89%E6%9C%AC%E5%BD%A9%E8%8A%B1" n3="%E3%82%A6%E3%83%AB%E3%83%88%E3%83%A9%E7%AB%8B%E7%9B%B4" dan="16,16,16,17" rate="2086.82,2101.24,2148.57,2177.60" sx="M,M,F,M"/><TAIKYOKU oya="0"/><INIT seed="0,0,0,5,5,16" ten="250,250,250,250" oya="0" hai0="124,80,114,18,7,57,87,28,71,132,59,104,53" hai1="92,30,116,123,73,22,120,24,108,75,9,79,106" hai2="63,1,37,43,6,52,103,113,35,93,46,61,101" hai3="130,8,65,112,40,110,14,115,72,26,25,67,48"/><T27/><D71/><U29/><E106/><V45/><F35/><W84/><G72/><T129/><D104/><U17/><E116/><V50/><F113/><W131/><G110/><T111/><D114/><U109/><E79/><V107/><F107/><W51/><G84/><T91/><D129/><U77/><E77/><V62/><REACH who="2" step="1"/><F93/><REACH who="2" ten="250,250,240,250" step="2"/><W55/><G115/><T64/><D111/><N who="1" m="42571" /><E92/><V12/><F12/><W31/><G112/><T0/><D0/><U58/><E75/><V41/><F41/><W2/><G2/><T15/><D15/><N who="1" m="7407" /><E73/><V68/><F68/><W95/><G95/><T39/><D132/><U32/><E58/><V96/><F96/><W85/><G130/><T4/><D59/><U10/><E10/><AGARI ba="0,1" hai="1,6,10,37,43,45,46,50,52,61,62,63,101,103" machi="10" ten="40,2600,0" yaku="1,1,54,1,53,0" doraHai="16" doraHaiUra="122" who="2" fromWho="1" sc="250,0,250,-26,240,36,250,0" /><INIT seed="1,0,0,5,5,118" ten="250,224,276,250" oya="1" hai0="103,69,47,128,52,44,26,8,12,134,43,23,38" hai1="110,20,29,71,90,78,48,76,120,32,105,0,6" hai2="119,114,87,2,59,41,97,126,68,77,96,9,80" hai3="5,129,42,25,89,106,45,49,60,64,16,27,100"/><U39/><E105/><V22/><F68/><W82/><G129/><T111/><D69/><U95/><E39/><V31/><F119/><W115/><G115/><T104/><D128/><U18/><E71/><V13/><F126/><W84/><G5/><T15/><D134/><U92/><E92/><V65/><F2/><W10/><G100/><T88/><D103/><U56/><E29/><V116/><F116/><W46/><G106/><T86/><D104/><U113/><E32/><V81/><F41/><W33/><G33/><T62/><D8/><U61/><E113/><V50/><F81/><W127/><G127/><T36/><D36/><U21/><E0/><V19/><F114/><W35/><G35/><T1/><D1/><U133/><E133/><V72/><F72/><W37/><G60/><T98/><D98/><U107/><E107/><V24/><F50/><W7/><G64/><T34/><D34/><U54/><E120/><V123/><F123/><W67/><G67/><T3/><D3/><U94/><E94/><V102/><F102/><W132/><G7/><T112/><D112/><U66/><E6/><V85/><F87/><W125/><G125/><T101/><D101/><U53/><E110/><V70/><F70/><W28/><G28/><N who="0" m="17503" /><D111/><U30/><E30/><V11/><F65/><W131/><G131/><T109/><D109/><U73/><E21/><N who="2" m="15759" /><F97/><W99/><G99/><T117/><D117/><U108/><E108/><V40/><F96/><W121/><G132/><T55/><D38/><U4/><E66/><V135/><F135/><W83/><G37/><T74/><D43/><RYUUKYOKU ba="0,0" sc="250,0,224,0,276,0,250,0" /><INIT seed="2,1,0,2,3,96" ten="250,224,276,250" oya="2" hai0="83,13,45,105,7,87,91,40,134,3,109,86,110" hai1="41,113,18,62,26,39,102,78,72,57,49,23,25" hai2="59,15,64,48,129,8,99,21,89,92,52,112,130" hai3="11,60,132,75,94,36,38,12,66,20,65,118,107"/><V74/><F112/><W93/><G107/><T0/><D134/><U125/><E113/><V124/><F124/><W51/><G75/><T77/><D105/><U85/><E72/><V106/><F74/><W69/><G118/><T31/><D31/><U63/><E125/><V5/><F21/><W131/><G132/><T43/><D43/><U81/><E39/><V35/><F35/><W70/><G131/><N who="2" m="50185" /><F106/><W33/><G33/><T68/><D68/><U80/><E80/><V54/><F54/><W44/><G20/><T67/><D67/><AGARI ba="1,0" hai="5,8,15,48,52,59,64,67,89,92,99" m="50185" machi="67" ten="30,2900,0" yaku="19,1,54,1" doraHai="96" who="2" fromWho="0" sc="250,-32,224,0,276,32,250,0" /><INIT seed="2,2,0,1,0,0" ten="218,224,308,250" oya="2" hai0="10,40,4,44,56,97,96,77,69,102,31,103,113" hai1="109,112,74,86,3,34,38,63,62,82,120,110,100" hai2="129,33,84,24,28,21,105,68,50,39,126,93,104" hai3="128,54,124,43,106,127,91,95,49,130,119,118,71"/><V79/><F39/><W88/><G71/><T83/><D69/><U19/><E112/><V48/><F68/><W18/><G43/><T85/><D31/><U51/><E38/><V45/><F50/><W9/><G9/><T16/><D56/><U6/><E34/><V94/><F126/><N who="3" m="48171" /><G18/><T132/><D132/><U135/><E74/><V115/><F115/><W121/><G106/><T90/><D113/><U22/><E135/><V108/><F129/><N who="3" m="49771" /><G121/><T81/><D102/><U125/><E125/><V122/><F122/><W30/><G30/><T101/><D101/><U98/><E120/><V12/><F104/><W99/><G91/><T37/><D16/><U65/><E19/><V47/><F105/><W55/><G55/><T92/><D97/><U87/><E98/><V67/><F33/><W46/><AGARI ba="2,0" hai="46,49,54,88,95,99,118,119" m="49771,48171" machi="46" ten="30,4000,0" yaku="18,1,19,1,54,1" doraHai="0" who="3" fromWho="3" sc="218,-12,224,-12,308,-22,250,46" /><INIT seed="3,0,0,0,0,100" ten="206,212,286,296" oya="3" hai0="14,61,66,36,42,130,58,125,95,30,12,50,64" hai1="52,83,27,103,68,29,73,78,53,55,38,18,119" hai2="111,40,91,32,105,97,51,118,98,101,33,79,57" hai3="131,104,39,80,77,60,123,26,10,134,89,116,0"/><W102/><G89/><T71/><D125/><U54/><E68/><V22/><F118/><W99/><G116/><T126/><D126/><U76/><E119/><V122/><F111/><W31/><G123/><T127/><D127/><U124/><E124/><V81/><F122/><W75/><G131/><T24/><D95/><U48/><E38/><V129/><F129/><W5/><G60/><T112/><D112/><U16/><E78/><V90/><F22/><W45/><G134/><T106/><D106/><U70/><E103/><V47/><F57/><W6/><G6/><T94/><D94/><U67/><E67/><V96/><F96/><W82/><G82/><T2/><D2/><U11/><E11/><V93/><REACH who="2" step="1"/><F91/><REACH who="2" ten="206,212,276,296" step="2"/><W28/><G26/><T84/><D58/><U20/><REACH who="1" step="1"/><E70/><REACH who="1" ten="206,202,276,296" step="2"/><V8/><F8/><W115/><G115/><T37/><D71/><U13/><E13/><V69/><F69/><W107/><G10/><T9/><D9/><U133/><E133/><V4/><F4/><W23/><G5/><T46/><D14/><U135/><E135/><V88/><F88/><W41/><G0/><T59/><D12/><U132/><E132/><V117/><F117/><W128/><G128/><T72/><D130/><U120/><E120/><V65/><F65/><W17/><G39/><T19/><D64/><U3/><E3/><V25/><F25/><W62/><G77/><T43/><D24/><U86/><E86/><AGARI ba="0,2" hai="32,33,40,47,51,79,81,86,90,93,97,98,101,105" machi="86" ten="30,3900,0" yaku="1,1,7,1,52,1,53,0" doraHai="100" doraHaiUra="113" who="2" fromWho="1" sc="206,0,202,-39,276,59,296,0" /><INIT seed="4,0,0,4,0,18" ten="206,163,335,296" oya="0" hai0="113,94,4,80,77,66,59,135,54,47,69,74,109" hai1="89,53,100,31,103,133,34,110,60,115,45,85,121" hai2="108,42,37,117,70,21,119,3,9,127,40,107,11" hai3="131,105,124,88,6,97,130,52,98,126,51,58,81"/><T16/><D113/><U17/><E121/><V35/><F108/><W33/><G33/><T0/><D135/><U102/><E110/><V114/><F35/><W12/><G105/><T104/><D104/><U55/><E133/><V46/><F127/><N who="3" m="48683" /><G6/><T25/><D47/><U116/><E116/><N who="2" m="44619" /><F70/><W49/><G12/><T128/><D128/><N who="3" m="49193" /><G51/><T123/><D123/><U36/><E115/><V24/><F3/><W19/><G19/><T76/><D0/><U14/><E34/><V15/><F114/><W50/><G50/><T122/><D4/><U57/><E31/><N who="2" m="17807" /><F107/><W75/><G75/><T10/><D122/><U99/><E36/><N who="2" m="21831" /><F15/><W95/><G81/><T120/><D80/><U32/><E32/><V23/><F23/><W27/><G27/><T78/><D25/><U96/><E45/><AGARI ba="0,0" hai="9,11,37,40,45" m="21831,17807,44619" machi="45" ten="30,2000,0" yaku="12,1,52,1" doraHai="18" who="2" fromWho="1" sc="206,0,163,-20,335,20,296,0" /><INIT seed="5,0,0,2,0,50" ten="206,143,355,296" oya="1" hai0="117,6,111,44,95,28,92,10,124,58,63,131,116" hai1="93,22,31,96,134,132,15,32,128,127,101,86,123" hai2="11,89,13,33,34,2,99,41,23,87,30,81,21" hai3="110,88,18,39,16,133,25,20,51,60,57,45,108"/><U53/><E123/><V67/><F2/><W38/><G133/><N who="1" m="51306" /><E32/><V106/><F41/><W64/><G18/><T103/><D111/><U8/><E86/><V83/><F67/><W71/><G88/><T0/><D124/><U113/><E113/><V119/><F119/><W29/><G29/><T76/><D131/><U135/><N who="1" m="51314" /><U40/><DORA hai="82" /><E40/><V74/><F30/><W14/><G25/><T121/><D28/><U72/><E72/><V46/><F46/><W5/><G5/><T129/><D129/><U27/><E127/><V52/><F33/><W78/><G78/><T61/><D76/><U1/><E1/><V69/><F34/><W73/><G73/><T66/><D121/><U85/><E128/><V62/><F74/><W91/><G39/><T54/><D44/><U90/><E15/><V24/><F13/><W112/><G112/><T68/><REACH who="0" step="1"/><D103/><REACH who="0" ten="196,143,355,296" step="2"/><U125/><E125/><V7/><F89/><W122/><G91/><T118/><AGARI ba="0,1" hai="0,6,10,54,58,61,63,66,68,92,95,116,117,118" machi="118" ten="30,7900,0" yaku="1,1,2,1,0,1,52,1,53,0" doraHai="50,82" doraHaiUra="109,105" who="0" fromWho="0" sc="196,89,143,-39,355,-20,296,-20" /><INIT seed="6,0,0,5,0,57" ten="285,104,335,276" oya="2" hai0="65,82,133,122,51,114,23,12,39,55,32,135,93" hai1="7,30,97,90,8,123,129,108,28,9,102,66,104" hai2="62,34,15,96,121,73,111,92,2,130,107,50,4" hai3="31,83,36,25,94,58,117,116,52,77,88,132,91"/><V20/><F121/><W63/><G36/><T17/><D39/><U131/><E108/><V127/><F73/><W35/><G132/><N who="0" m="50763" /><D32/><U69/><E123/><V46/><F34/><W134/><G134/><T87/><D93/><U86/><E9/><V37/><F37/><W0/><G0/><T113/><D65/><U14/><E129/><V99/><F107/><W105/><G105/><T41/><D41/><U75/><E75/><V56/><F2/><W103/><G103/><T112/><D122/><U47/><E131/><V13/><F130/><W49/><G49/><T76/><D51/><U70/><E47/><V22/><F127/><W1/><G1/><T48/><D48/><U120/><E120/><V79/><F79/><W81/><G81/><T89/><D55/><U80/><REACH who="1" step="1"/><E70/><REACH who="1" ten="285,94,335,276" step="2"/><V110/><F110/><W128/><G128/><T54/><D114/><U125/><E125/><V61/><F111/><W74/><G91/><T126/><D89/><U33/><E33/><V71/><F71/><W5/><G5/><T19/><D126/><U95/><E95/><V24/><F92/><W11/><G11/><T27/><D113/><U16/><E16/><V106/><F4/><W60/><G117/><T18/><D112/><U40/><E40/><V59/><F46/><W119/><G116/><T84/><D19/><U98/><E98/><V64/><F106/><W29/><G119/><T78/><D18/><U118/><E118/><V109/><F109/><W42/><G42/><T115/><D115/><U45/><E45/><V101/><F99/><N who="3" m="57799" /><G31/><T26/><D54/><U72/><E72/><RYUUKYOKU ba="0,1" sc="285,10,94,10,335,-30,276,10" hai0="12,17,23,26,27,76,78,82,84,87" hai1="7,8,14,28,30,66,69,80,86,90,97,102,104" hai3="25,29,35,52,58,60,63,74,77,83" /><INIT seed="7,1,1,3,5,0" ten="295,104,305,286" oya="3" hai0="135,127,21,123,94,51,77,12,100,125,65,62,112" hai1="109,41,86,128,25,52,110,69,28,84,68,46,55" hai2="95,9,106,129,54,89,13,18,23,35,78,47,22" hai3="40,67,59,49,122,10,82,44,58,16,92,133,119"/><W118/><G122/><T32/><D32/><U74/><E74/><V61/><F106/><W83/><G119/><T130/><D123/><U63/><E25/><V105/><F105/><W15/><G118/><T124/><D77/><U114/><E28/><V90/><F35/><W19/><G133/><T36/><D36/><U37/><E84/><N who="2" m="52679" /><F129/><W117/><G117/><T48/><D130/><U121/><E86/><V126/><F126/><W88/><G19/><N who="0" m="10471" /><D112/><U134/><E128/><V93/><F78/><W70/><G70/><N who="1" m="27242" /><E121/><V91/><F91/><W104/><G104/><T42/><D42/><U72/><E72/><V80/><F80/><N who="3" m="30763" /><G67/><T85/><D135/><U34/><E34/><V30/><F30/><W50/><G50/><T101/><D101/><U2/><E2/><V64/><F64/><W79/><G79/><T87/><D87/><AGARI ba="1,1" hai="10,15,16,40,44,49,58,59,87,88,92" m="30763" machi="87" ten="30,5800,0" yaku="8,1,54,2" doraHai="0" who="3" fromWho="0" sc="295,-61,104,0,305,0,286,71" owari="234,-17.0,104,-40.0,305,11.0,357,46.0" /></mjloggm>