<mjloggm ver="2.3"><GO type="97" lobby="0"/><UN n0="%E5%B0%B1%E6%B4%BB%E7%94%9F%40%E5%B7%9D%E6%9D%91%E8%BB%8D%E5%9B%A3" n1="%6B%61%75" n2="%34%31%37%32" n3="%E3%81%99%E3%81%BF%E3%83%9A" dan="14,14,14,13" rate="1941.30,1893.50,1972.15,1872.67" sx="M,M,M,M"/><TAIKYOKU oya="0"/><INIT seed="0,0,0,5,5,0" ten="250,250,250,250" oya="0" hai0="28,60,14,47,1,93,57,34,111,10,42,108,38" hai1="9,61,4,37,114,62,8,12,7,80,123,63,105" hai2="51,97,54,15,77,92,112,64,17,13,21,76,124" hai3="118,88,130,11,95,26,87,85,101,103,102,96,31"/><T3/><D28/><U116/><E116/><V52/><F124/><W104/><G118/><T6/><D34/><U117/><E117/><V115/><F64/><W107/><G26/><T98/><D57/><U48/><E37/><V5/><F115/><W121/><G31/><T83/><D83/><U72/><E123/><V53/><F112/><W91/><G11/><T109/><D60/><U133/><E105/><N who="3" m="40522" /><G121/><T65/><D65/><U56/><E133/><V22/><F51/><W27/><G27/><T122/><D122/><U43/><E114/><V29/><F29/><W79/><G130/><T110/><N who="0" m="28160" /><DORA hai="82" /><T73/><D73/><U67/><E43/><V100/><F22/><W66/><G66/><T135/><D135/><U134/><E134/><V90/><F100/><AGARI ba="0,0" hai="1,3,6,10,14,38,42,47,93,98,100" m="28160" machi="100" ten="70,12000,1" yaku="14,1,10,1,52,1" doraHai="0,82" who="0" fromWho="2" sc="250,120,250,0,250,-120,250,0" /><INIT seed="0,1,0,4,1,25" ten="370,250,130,250" oya="0" hai0="108,9,54,67,18,73,78,79,129,43,19,69,115" hai1="2,31,13,82,46,33,17,55,101,118,6,114,91" hai2="111,71,109,122,62,117,47,125,64,119,32,59,106" hai3="89,77,103,30,22,20,39,15,88,128,70,87,3"/><T23/><D115/><U48/><E118/><N who="2" m="45067" /><F106/><W29/><G39/><T35/><D35/><U12/><E2/><V21/><F32/><W58/><G3/><T11/><D43/><U56/><E101/><V83/><F83/><N who="3" m="47599" /><G70/><T52/><D129/><U92/><E82/><V135/><F21/><N who="3" m="8299" /><G128/><T41/><D41/><U133/><E6/><V40/><F122/><W85/><G103/><T4/><D23/><U127/><E127/><V68/><F125/><W130/><G130/><T42/><D42/><U84/><E12/><V53/><F135/><W36/><G36/><T110/><D4/><U86/><E133/><V97/><F97/><W95/><G15/><T104/><D104/><U5/><E5/><V131/><F131/><W24/><G24/><T94/><D69/><U124/><E84/><V80/><F80/><N who="3" m="49191" /><G58/><T26/><D26/><U112/><E124/><V57/><F57/><W81/><G81/><T66/><D94/><U98/><E56/><V99/><F99/><AGARI ba="1,0" hai="29,30,89,95,99" m="49191,8299,47599" machi="99" ten="30,7700,0" yaku="8,1,52,2,54,1" doraHai="25" who="3" fromWho="2" sc="370,0,250,0,130,-80,250,80" /><INIT seed="1,0,0,3,5,37" ten="370,250,50,330" oya="1" hai0="27,101,121,86,38,9,133,48,10,59,62,82,6" hai1="98,31,74,105,115,124,128,23,30,53,26,60,49" hai2="96,75,50,123,29,24,113,104,63,52,77,85,97" hai3="91,18,41,92,61,76,47,88,28,68,65,34,127"/><U55/><E115/><V70/><F123/><W110/><G127/><T135/><D38/><U16/><E124/><V122/><F122/><W54/><G76/><T112/><D112/><U102/><E74/><V67/><F96/><W93/><G34/><T81/><D121/><U42/><E128/><V17/><F17/><W14/><G28/><T118/><D101/><U107/><E107/><V4/><F4/><W103/><G54/><T84/><D48/><U32/><E30/><V35/><F113/><W58/><G68/><T64/><D27/><U71/><E49/><V111/><F111/><W33/><G33/><T73/><D73/><U90/><E90/><V21/><F21/><W106/><G106/><T134/><D118/><U19/><E42/><V57/><F75/><W36/><G110/><T5/><D84/><U0/><E0/><V131/><F131/><W114/><G114/><T46/><D46/><U20/><E20/><V100/><F77/><W125/><G125/><T3/><D86/><AGARI ba="0,0" hai="24,29,35,50,52,57,63,67,70,85,86,97,100,104" machi="86" ten="40,5200,0" yaku="25,2,54,1" doraHai="37" who="2" fromWho="0" sc="370,-52,250,0,50,52,330,0" /><INIT seed="2,0,0,0,1,39" ten="318,250,102,330" oya="2" hai0="88,44,47,17,112,83,22,62,40,131,10,90,14" hai1="20,71,69,129,26,8,95,46,53,70,96,49,66" hai2="76,68,122,134,38,86,65,102,24,73,111,87,60" hai3="115,21,56,85,61,114,128,121,75,130,74,59,9"/><V54/><F122/><W36/><G9/><T51/><D112/><N who="3" m="43049" /><G121/><T125/><D125/><U29/><E129/><N who="3" m="49770" /><G36/><T55/><D131/><U3/><E3/><V117/><F38/><W101/><G101/><T42/><D83/><U16/><E8/><V0/><F117/><W127/><G127/><T23/><D62/><U37/><E37/><V33/><F0/><W99/><G85/><T57/><D47/><U11/><E11/><V78/><F54/><W89/><G21/><N who="0" m="7691" /><D44/><U43/><E29/><N who="2" m="19623" /><F134/><W48/><G48/><T27/><D27/><U103/><REACH who="1" step="1"/><E53/><REACH who="1" ten="318,240,102,330" step="2"/><V1/><F1/><W109/><G109/><T58/><D58/><N who="3" m="22057" /><G61/><AGARI ba="0,1" hai="16,20,26,43,46,49,61,66,69,70,71,95,96,103" machi="61" ten="40,8000,1" yaku="1,1,52,1,54,1,53,1" doraHai="39" doraHaiUra="12" who="1" fromWho="3" sc="318,0,240,90,102,0,330,-80" /><INIT seed="3,0,0,0,2,109" ten="318,330,102,250" oya="3" hai0="11,117,105,50,88,58,74,78,30,96,7,17,47" hai1="110,70,85,8,107,99,67,53,31,71,128,116,40" hai2="112,106,79,24,25,66,125,57,27,75,122,83,36" hai3="56,39,51,48,91,59,108,95,41,23,86,97,92"/><W98/><G108/><T26/><D117/><U93/><E110/><V123/><F36/><W22/><G39/><T87/><D74/><U94/><E107/><V44/><F44/><W55/><G86/><T3/><D78/><U115/><E115/><V104/><F57/><W63/><G41/><T18/><D96/><U111/><E111/><V34/><F34/><W69/><G69/><T81/><D58/><U60/><E70/><V133/><F66/><W5/><G5/><T103/><D103/><U101/><E40/><V61/><F61/><W14/><G14/><T33/><D105/><U80/><E93/><V32/><F32/><W120/><G120/><T21/><D33/><U72/><E72/><V43/><F43/><AGARI ba="0,0" hai="3,7,11,17,18,21,26,30,43,47,50,81,87,88" machi="43" ten="30,2000,0" yaku="7,1,54,1" doraHai="109" who="0" fromWho="2" sc="318,20,330,0,102,-20,250,0" owari="338,44.0,330,13.0,82,-42.0,250,-15.0" /></mjloggm>