<mjloggm ver="2.3"><GO type="97" lobby="0"/><UN n0="%61%6B%69%79%61%6D%61%30" n1="%E5%B0%B1%E6%B4%BB%E7%94%9F%40%E5%B7%9D%E6%9D%91%E8%BB%8D%E5%9B%A3" n2="%E3%82%A2%E3%82%B3%E3%82%B9" n3="%E3%81%8A%E5%85%84%E6%A7%98" dan="14,14,14,14" rate="1868.56,1993.13,1903.53,1936.97" sx="M,M,F,M"/><TAIKYOKU oya="0"/><INIT seed="0,0,0,3,2,124" ten="250,250,250,250" oya="0" hai0="87,103,98,97,76,57,18,117,100,92,91,24,111" hai1="49,120,127,119,51,1,7,42,71,88,23,46,116" hai2="72,68,28,125,47,9,132,121,29,82,126,130,135" hai3="77,112,104,41,83,106,21,38,70,40,31,14,45"/><T69/><D69/><U73/><E73/><V123/><F68/><W89/><G112/><T12/><D117/><U105/><E105/><V110/><F110/><W4/><G31/><N who="2" m="11849" /><F47/><W122/><G122/><N who="2" m="46601" /><F9/><W6/><G41/><T17/><D111/><U102/><E127/><N who="2" m="48651" /><F130/><W67/><G21/><N who="0" m="13359" /><D57/><U33/><E120/><V19/><F19/><W66/><G89/><T96/><D76/><AGARI ba="0,0" hai="72,76,82,132,135" m="48651,46601,11849" machi="76" ten="40,1300,0" yaku="18,1" doraHai="124" who="2" fromWho="0" sc="250,-13,250,0,250,13,250,0" /><INIT seed="1,0,0,2,4,72" ten="237,250,263,250" oya="1" hai0="94,69,71,107,14,64,26,120,58,121,42,114,20" hai1="44,33,96,77,11,124,81,4,32,115,41,75,92" hai2="126,85,123,38,63,51,128,73,61,6,91,16,36" hai3="54,28,108,7,29,57,105,24,103,82,65,89,116"/><U132/><E115/><V48/><F73/><W104/><G116/><T110/><D114/><U68/><E68/><N who="0" m="26185" /><D107/><U19/><E124/><V49/><F128/><W13/><G65/><T8/><D110/><U66/><E66/><V93/><F6/><W3/><G3/><T31/><D42/><U90/><E132/><V95/><F123/><N who="0" m="47178" /><D94/><U109/><E19/><V10/><F126/><W106/><G108/><T53/><D64/><U130/><E130/><V25/><F95/><W98/><G7/><N who="0" m="3359" /><D58/><U119/><E119/><V50/><N who="2" m="12800" /><DORA hai="133" /><V86/><F38/><W17/><G54/><AGARI ba="0,0" hai="20,26,31,53,54" m="3359,47178,26185" machi="54" ten="30,1000,0" yaku="13,1" doraHai="72,133" who="0" fromWho="3" sc="237,10,250,0,263,0,250,-10" /><INIT seed="2,0,0,0,0,91" ten="247,250,263,240" oya="2" hai0="38,122,120,62,110,4,3,70,59,36,41,1,64" hai1="108,48,40,52,58,85,129,67,105,116,9,43,56" hai2="125,102,103,42,88,134,16,98,10,25,80,28,31" hai3="63,114,106,90,131,5,86,51,8,46,76,27,45"/><V96/><F134/><W68/><G131/><T44/><D110/><U119/><E105/><V7/><F7/><W75/><G114/><T19/><D36/><U61/><E108/><V34/><F125/><W30/><G106/><T35/><D35/><U17/><E129/><V69/><F69/><W60/><G76/><T26/><D4/><U22/><E9/><V15/><F42/><W54/><G75/><T123/><REACH who="0" step="1"/><D59/><REACH who="0" ten="237,250,263,240" step="2"/><U20/><E119/><V72/><F34/><W94/><G68/><T74/><D74/><U118/><E116/><V92/><F72/><W53/><G46/><T14/><D14/><U2/><E118/><V126/><F126/><W0/><REACH who="3" step="1"/><G54/><REACH who="3" ten="237,250,263,230" step="2"/><T112/><D112/><U117/><E117/><V121/><F121/><W12/><G12/><T73/><D73/><U84/><E2/><V37/><F25/><W83/><G83/><T133/><D133/><U66/><E43/><V55/><F55/><W50/><G50/><T113/><D113/><U71/><E40/><V107/><REACH who="2" step="1"/><F37/><REACH who="2" ten="237,250,253,230" step="2"/><W135/><G135/><T32/><D32/><AGARI ba="0,3" hai="0,5,8,27,30,32,45,51,53,60,63,86,90,94" machi="32" ten="30,7700,0" yaku="1,1,7,1,52,1,53,1" doraHai="91" doraHaiUra="81" who="3" fromWho="0" sc="237,-77,250,0,253,0,230,107" /><INIT seed="3,0,0,4,5,62" ten="160,250,253,337" oya="3" hai0="97,134,105,106,131,53,46,71,120,60,55,128,111" hai1="21,2,113,51,85,40,125,78,50,103,89,17,114" hai2="116,86,29,129,11,47,91,133,98,19,76,37,109" hai3="123,92,99,95,0,38,69,36,57,66,107,75,80"/><W81/><G123/><T30/><D120/><U52/><E2/><V121/><F29/><W77/><G69/><T58/><D111/><U65/><E125/><V119/><F98/><W33/><G33/><T7/><D134/><U14/><E103/><V132/><F76/><W13/><G0/><T31/><D7/><U16/><E78/><V34/><F34/><W27/><G107/><T67/><D46/><N who="1" m="25927" /><E17/><V74/><F74/><W25/><G13/><T54/><D71/><U126/><E126/><V70/><F70/><W23/><G80/><T88/><D105/><U44/><E114/><V135/><F109/><W26/><G92/><T93/><REACH who="0" step="1"/><D106/><REACH who="0" ten="150,250,253,337" step="2"/><U48/><E113/><V32/><F121/><W63/><REACH who="3" step="1"/><G23/><REACH who="3" ten="150,250,253,327" step="2"/><T22/><D22/><U96/><E21/><V10/><F132/><W73/><G73/><T68/><D68/><U122/><E122/><V64/><F133/><W104/><G104/><T79/><D79/><U102/><E14/><V4/><F135/><W83/><G83/><T127/><D127/><U45/><E45/><V49/><F47/><W18/><G18/><T100/><D100/><AGARI ba="0,2" hai="25,26,27,36,38,57,63,66,75,77,81,95,99,100" machi="100" ten="40,3900,0" yaku="1,1,52,1,53,0" doraHai="62" doraHaiUra="3" who="3" fromWho="0" sc="150,-39,250,0,253,0,327,59" owari="111,-39.0,250,-15.0,253,5.0,386,49.0" /></mjloggm>