<mjloggm ver="2.3"><GO type="193" lobby="0"/><UN n0="%E3%83%88%E3%83%88%E3%83%AA%E5%85%88%E7%94%9F%31%39%E6%AD%B3" n1="%53%48%4F%49%43%48%49" n2="%6E%6F%6E%6F%37%37%33" n3="%E3%83%8F%E3%83%AB%E3%83%92%E3%83%8A" dan="4,11,12,12" rate="1625.19,1779.05,1706.78,1675.01" sx="F,M,M,M"/><TAIKYOKU oya="0"/><INIT seed="0,0,0,0,0,77" ten="250,250,250,250" oya="0" hai0="103,38,64,124,62,99,32,53,8,36,29,79,46" hai1="0,78,121,111,125,21,76,28,12,52,85,51,18" hai2="96,54,26,48,69,41,49,120,127,82,113,35,118" hai3="89,47,4,42,110,23,87,94,106,84,117,108,17"/><T57/><D124/><U63/><E63/><V92/><BYE who="1" /><F113/><W55/><G117/><T123/><D123/><U22/><E22/><V37/><F118/><W13/><G106/><T3/><D79/><U91/><E91/><V61/><F127/><W27/><G108/><T65/><D65/><U68/><E68/><V88/><F120/><W104/><G110/><T98/><D98/><U109/><E109/><V67/><F37/><W126/><G104/><T56/><D46/><U9/><E9/><V20/><F35/><W73/><G73/><T93/><D3/><U25/><E25/><V133/><F133/><W43/><G126/><T134/><D134/><U39/><E39/><V97/><F41/><W71/><G71/><T80/><D8/><U45/><E45/><V101/><F82/><W10/><G84/><T6/><D6/><U132/><E132/><V115/><F115/><W74/><G74/><T128/><D128/><U135/><E135/><V34/><F34/><W70/><G70/><T107/><D80/><U130/><E130/><V11/><F11/><W102/><G102/><T72/><D72/><U16/><E16/><V7/><F7/><W1/><G1/><T24/><REACH who="0" step="1"/><D107/><REACH who="0" ten="240,250,250,250" step="2"/><U33/><E33/><V119/><F119/><W44/><G47/><T116/><D116/><U59/><E59/><V86/><F101/><W100/><G100/><T15/><D15/><U131/><E131/><V81/><F97/><W114/><G114/><T30/><D30/><U122/><E122/><V5/><F96/><W83/><G83/><T95/><D95/><U105/><E105/><RYUUKYOKU ba="0,1" sc="240,15,250,-15,250,-15,250,15" hai0="24,29,32,36,38,53,56,57,62,64,93,99,103" hai3="4,10,13,17,23,27,42,43,44,55,87,89,94" /><INIT seed="0,1,1,0,2,54" ten="255,235,235,265" oya="0" hai0="108,125,3,22,15,18,23,43,85,50,19,98,37" hai1="52,72,32,127,24,115,30,95,66,14,89,101,114" hai2="47,81,4,53,113,119,64,86,90,74,84,92,26" hai3="93,1,27,69,0,116,7,8,71,123,82,49,112"/><T99/><D37/><U45/><E45/><V75/><F64/><W21/><G116/><T83/><D3/><U132/><E132/><V5/><F119/><W117/><G117/><T25/><D125/><U120/><E120/><V124/><F113/><W44/><G112/><T6/><D6/><U12/><E12/><V31/><F124/><W67/><G123/><T106/><D106/><U2/><E2/><V105/><F105/><W55/><G67/><T56/><D108/><U87/><E87/><V42/><F53/><W103/><G0/><T104/><D104/><U20/><E20/><V63/><F63/><W28/><G82/><T126/><D126/><U34/><E34/><V134/><F134/><W29/><G29/><T58/><D43/><U133/><E133/><V111/><F111/><W76/><G76/><N who="0" m="46311" /><D50/><U96/><E96/><AGARI ba="1,1" hai="15,18,19,22,23,25,56,58,96,98,99" m="46311" machi="96" ten="30,5800,0" yaku="8,1,52,2" doraHai="54" who="0" fromWho="1" sc="255,71,235,-61,235,0,265,0" /><INIT seed="0,2,0,5,4,7" ten="326,174,235,265" oya="0" hai0="39,0,81,22,30,25,3,134,56,68,67,54,106" hai1="120,33,114,27,78,124,58,28,70,119,18,29,130" hai2="57,15,93,89,50,85,24,75,87,65,129,6,49" hai3="59,105,110,104,127,38,86,64,44,14,9,79,19"/><T109/><D106/><U43/><E43/><V95/><F129/><W133/><G110/><T116/><D116/><U60/><E60/><V41/><F75/><W74/><G127/><T82/><D39/><U112/><E112/><V17/><F24/><W37/><G133/><T76/><D134/><U115/><E115/><V48/><F6/><W83/><G37/><T72/><D109/><U126/><E126/><V103/><F103/><W98/><G38/><T88/><D67/><U107/><E107/><V32/><F32/><W71/><G71/><T36/><D36/><U5/><E5/><V94/><F41/><W52/><G98/><T118/><D68/><U40/><E40/><V55/><F65/><W26/><G74/><T53/><D118/><U34/><E34/><V132/><F132/><W35/><G35/><T12/><D12/><U46/><E46/><V10/><F95/><W102/><G102/><T69/><D69/><U131/><E131/><V122/><F122/><W45/><G26/><T13/><D13/><U91/><E91/><AGARI ba="2,0" hai="10,15,17,48,49,50,55,57,85,87,89,91,93,94" machi="91" ten="40,5200,0" yaku="9,1,8,1,52,1" doraHai="7" who="2" fromWho="1" sc="326,0,174,-58,235,58,265,0" /><INIT seed="1,0,0,2,2,123" ten="326,116,293,265" oya="1" hai0="133,26,10,32,130,29,19,49,113,35,118,98,74" hai1="2,51,77,52,128,79,37,57,58,91,135,8,90" hai2="112,107,11,68,75,109,56,50,18,47,64,85,134" hai3="44,106,76,6,41,82,69,39,111,16,5,14,24"/><U42/><E42/><V61/><F107/><W96/><G111/><T55/><D113/><U99/><E99/><V122/><F122/><W131/><G131/><T83/><D118/><U62/><E62/><V70/><F75/><W59/><G69/><T110/><D130/><U30/><E30/><V116/><F116/><W21/><G106/><T120/><D120/><U87/><E87/><V9/><F134/><W53/><G96/><T108/><D133/><U38/><E38/><V60/><F109/><N who="0" m="42090" /><D98/><U105/><E105/><V17/><F112/><W71/><G71/><T67/><D67/><U23/><E23/><V100/><F100/><W65/><G65/><T97/><D97/><U104/><E104/><V94/><F68/><W72/><REACH who="3" step="1"/><G24/><REACH who="3" ten="326,116,293,255" step="2"/><T20/><D35/><U34/><E34/><V66/><F70/><W12/><G12/><N who="0" m="7575" /><D32/><U78/><E78/><V54/><F66/><W25/><G25/><T27/><D27/><U102/><E102/><V80/><F64/><W114/><G114/><T92/><D26/><U88/><E88/><V115/><F115/><W43/><G43/><T81/><D29/><U1/><E1/><V126/><F11/><W46/><G46/><N who="0" m="28087" /><D20/><U124/><E124/><V45/><F126/><W4/><G4/><T127/><D127/><U89/><E89/><V22/><F9/><W84/><G84/><T13/><D13/><U101/><E101/><V48/><F22/><W73/><G73/><T7/><D7/><U40/><E40/><V132/><F132/><W33/><G33/><T117/><D74/><U63/><E63/><AGARI ba="0,1" hai="5,6,14,16,21,39,41,44,53,59,63,72,76,82" machi="63" ten="30,7700,0" yaku="1,1,7,1,54,1,53,1" doraHai="123" doraHaiUra="15" who="3" fromWho="1" sc="326,0,116,-77,293,0,255,87" /><INIT seed="2,0,0,0,2,68" ten="326,39,293,342" oya="2" hai0="5,28,91,94,76,12,0,77,128,101,36,70,8" hai1="6,99,102,39,100,134,96,131,119,45,121,109,61" hai2="32,2,20,15,34,27,66,58,37,65,112,113,79" hai3="105,21,117,69,92,67,89,4,19,47,35,60,57"/><V98/><F37/><W75/><G117/><T123/><D123/><U18/><E18/><V135/><F79/><N who="0" m="30282" /><D36/><U120/><E120/><V84/><F135/><W14/><G75/><T118/><D70/><U78/><E78/><V125/><F125/><W33/><G105/><T108/><D0/><U95/><E95/><V54/><F2/><W73/><G73/><T44/><D108/><U124/><E124/><V11/><F113/><W129/><G129/><T43/><D128/><U23/><E23/><V10/><F112/><W42/><G69/><T132/><D132/><U41/><E41/><V72/><F72/><W114/><G114/><T82/><D118/><U86/><E86/><V64/><F84/><W52/><G67/><T3/><D3/><U51/><E51/><V111/><F111/><W49/><REACH who="3" step="1"/><G4/><REACH who="3" ten="326,39,293,332" step="2"/><T93/><D5/><U115/><E115/><V104/><F64/><W7/><G7/><T26/><D8/><U81/><E81/><V30/><F10/><W24/><G24/><T74/><D26/><U55/><E55/><V103/><F66/><W50/><G50/><N who="0" m="26911" /><D74/><U126/><E126/><V48/><F65/><W106/><G106/><T63/><D63/><U38/><E38/><V85/><F85/><AGARI ba="0,1" hai="14,19,21,33,35,42,47,49,52,57,60,85,89,92" machi="85" ten="30,8000,1" yaku="1,1,7,1,54,1,53,2" doraHai="68" doraHaiUra="29" who="3" fromWho="2" sc="326,0,39,0,293,-80,332,90" /><INIT seed="3,0,0,2,0,60" ten="326,39,213,422" oya="3" hai0="65,105,135,120,36,61,121,23,132,66,80,17,14" hai1="52,113,57,114,108,111,28,83,21,102,78,12,90" hai2="1,88,100,72,75,18,128,56,110,97,116,44,106" hai3="53,63,79,42,27,48,104,39,122,134,49,107,9"/><W8/><G122/><T5/><D105/><U112/><E112/><V15/><F110/><W2/><G79/><T69/><D36/><U84/><E84/><V62/><F128/><W74/><G74/><T76/><D5/><U24/><E24/><V94/><F116/><W11/><G134/><T70/><D121/><U92/><E92/><V58/><F1/><W31/><G2/><T35/><D35/><U20/><E20/><V73/><F44/><W123/><G123/><T124/><D120/><U38/><E38/><V7/><F7/><W126/><G126/><T118/><D118/><U109/><E109/><V37/><F37/><W13/><G13/><T50/><D124/><U93/><E93/><V16/><F18/><W45/><G63/><T115/><D115/><U33/><E33/><V81/><F81/><W91/><G91/><T32/><D32/><U71/><E71/><V41/><F41/><W117/><G117/><T68/><D50/><U77/><E77/><V131/><F131/><W59/><REACH who="3" step="1"/><G49/><REACH who="3" ten="326,39,213,412" step="2"/><T54/><D54/><U55/><E55/><V6/><F73/><W133/><G133/><N who="0" m="51275" /><D61/><U99/><E99/><V29/><F75/><W19/><G19/><T89/><D89/><U130/><E130/><V43/><F72/><W98/><G98/><T67/><D76/><U127/><E127/><V101/><F29/><W26/><G26/><T22/><D80/><U30/><E30/><V86/><F6/><W34/><AGARI ba="0,1" hai="8,9,11,27,31,34,39,42,45,48,53,59,104,107" machi="34" ten="30,3000,0" yaku="1,1,0,1,53,0" doraHai="60" doraHaiUra="95" who="3" fromWho="3" sc="326,-10,39,-10,213,-10,412,40" owari="316,12.0,29,-47.0,203,-20.0,452,55.0" /></mjloggm>