<mjloggm ver="2.3"><GO type="41" lobby="0"/><UN n0="%E3%81%88%E3%81%B3%E3%81%A1%E3%82%83%E3%82%93" n1="%E7%9B%B8%E7%94%9F%E8%92%BC%E8%A1%A3" n2="%E6%9D%BE%E8%8C%B8%E5%90%BE%E6%9C%97" n3="%E5%B0%B1%E6%B4%BB%E7%94%9F%40%E5%B7%9D%E6%9D%91%E8%BB%8D%E5%9B%A3" dan="14,14,14,16" rate="1926.24,1907.38,1825.22,2066.69" sx="M,M,M,M"/><TAIKYOKU oya="0"/><INIT seed="0,0,0,1,3,68" ten="250,250,250,250" oya="0" hai0="41,67,39,121,6,30,44,14,31,69,83,2,54" hai1="122,59,34,135,77,25,47,53,81,133,76,23,4" hai2="21,48,109,36,75,43,99,40,85,73,50,29,126" hai3="92,62,74,112,93,127,80,9,37,120,132,97,12"/><T66/><D121/><U17/><E122/><V111/><F99/><W32/><G32/><T116/><D116/><U102/><E76/><V13/><F126/><W18/><G112/><T1/><D54/><U130/><E130/><V5/><F5/><W16/><G120/><T131/><D131/><U88/><E102/><V7/><F7/><W108/><G127/><T63/><D67/><U10/><E77/><V82/><F13/><W38/><G132/><T114/><D114/><U128/><E34/><V79/><F21/><W70/><G108/><N who="2" m="41545" /><F29/><W57/><G70/><T98/><D98/><U94/><E81/><V22/><F22/><W71/><G71/><T117/><D117/><U91/><E47/><N who="2" m="23943" /><F43/><W89/><G18/><T96/><D96/><U134/><E94/><V42/><F42/><W110/><G110/><T124/><D124/><U90/><E128/><V106/><F106/><W95/><G97/><T125/><D125/><U24/><E17/><V0/><F0/><W86/><REACH who="3" step="1"/><G74/><AGARI ba="0,0" hai="48,50,73,74,75,79,82,85" m="23943,41545" machi="74" ten="30,2000,0" yaku="14,1,52,1" doraHai="68" who="2" fromWho="3" sc="250,0,250,0,250,20,250,-20" /><INIT seed="1,0,0,4,4,26" ten="250,250,270,230" oya="1" hai0="123,0,129,70,98,103,118,92,36,127,55,56,21" hai1="117,112,69,128,16,74,110,102,43,17,109,66,125" hai2="84,57,99,113,9,111,10,50,38,35,72,29,105" hai3="28,119,88,65,114,8,134,107,47,94,30,2,39"/><U41/><E74/><V27/><F38/><W37/><G107/><T78/><D70/><U133/><E112/><V76/><F72/><W71/><G114/><T75/><D118/><U18/><E117/><V40/><F111/><N who="1" m="42505" /><E102/><V63/><F113/><W24/><G119/><T115/><D115/><U62/><E125/><V34/><F34/><W120/><G120/><T61/><D127/><U7/><E133/><V81/><F99/><W122/><G122/><T100/><D123/><U4/><E128/><V5/><F105/><W59/><G134/><T14/><D0/><U32/><E32/><V126/><F126/><W67/><G71/><T95/><D36/><U106/><E106/><V51/><F40/><AGARI ba="0,0" hai="4,7,16,17,18,40,41,43,62,66,69" m="42505" machi="40" ten="30,5800,0" yaku="14,1,10,1,54,1" doraHai="26" who="1" fromWho="2" sc="250,0,250,58,270,-58,230,0" /><INIT seed="1,1,0,5,5,81" ten="250,308,212,230" oya="1" hai0="123,56,132,8,34,64,117,66,104,80,92,24,45" hai1="58,53,79,1,61,130,135,131,44,94,15,57,36" hai2="43,10,12,29,127,78,47,51,101,134,4,89,110" hai3="119,103,100,17,87,114,70,97,85,2,107,9,18"/><U71/><E1/><V77/><F127/><W26/><G114/><T126/><D117/><U23/><E135/><V25/><F134/><W69/><G119/><T52/><D104/><U63/><E79/><V125/><F110/><W129/><G129/><T42/><D123/><U90/><E71/><V93/><F101/><W91/><G103/><T120/><D120/><U31/><E36/><V75/><F75/><W86/><G91/><T27/><D132/><U28/><E44/><V73/><F73/><W112/><G112/><T3/><D126/><U68/><E68/><V124/><F124/><W38/><G38/><T30/><D27/><U60/><E58/><V128/><F128/><W83/><G83/><T105/><D105/><U0/><E0/><V19/><F19/><W133/><G133/><T37/><D92/><U84/><E130/><V11/><F11/><W35/><G18/><T59/><D56/><U65/><E65/><V41/><F41/><W13/><REACH who="3" step="1"/><G2/><REACH who="3" ten="250,308,212,220" step="2"/><T6/><REACH who="0" step="1"/><D80/><REACH who="0" ten="240,308,212,220" step="2"/><U39/><E131/><V108/><F125/><W102/><G102/><T95/><D95/><U106/><E106/><V98/><REACH who="2" step="1"/><F108/><REACH who="2" ten="240,308,202,220" step="2"/><W46/><G46/><T109/><D109/><U20/><E94/><V33/><AGARI ba="1,3" hai="4,10,12,25,29,33,43,47,51,77,78,89,93,98" machi="33" ten="20,5200,0" yaku="1,1,2,1,0,1,7,1,53,0" doraHai="81" doraHaiUra="62" who="2" fromWho="2" sc="240,-14,308,-27,202,85,220,-14" /><INIT seed="2,0,0,4,4,94" ten="226,281,287,206" oya="2" hai0="102,27,101,118,114,126,105,88,81,129,96,121,8" hai1="112,107,63,32,66,100,89,79,116,39,87,9,95" hai2="71,51,41,106,18,70,77,58,34,40,111,26,19" hai3="76,74,115,21,86,124,98,20,80,17,23,33,135"/><V11/><F106/><W3/><G33/><T90/><D8/><U82/><E39/><V35/><F77/><W60/><G115/><T12/><D12/><U119/><E112/><V1/><F1/><W131/><G124/><T46/><D46/><U68/><E9/><V59/><F111/><W29/><G131/><T110/><D27/><U28/><E28/><V10/><F26/><W24/><G135/><T113/><D121/><U92/><E92/><V36/><F51/><W109/><G109/><T67/><D67/><U72/><E32/><V22/><F22/><W85/><G3/><T122/><D122/><U47/><E47/><V15/><F15/><W78/><G60/><T2/><D2/><U69/><REACH who="1" step="1"/><E68/><REACH who="1" ten="226,271,287,206" step="2"/><V65/><F65/><W55/><G29/><T43/><D110/><U99/><AGARI ba="0,1" hai="63,66,69,72,79,82,87,89,95,99,100,107,116,119" machi="99" ten="30,12000,2" yaku="1,1,2,1,0,1,24,2,52,1,53,0" doraHai="94" doraHaiUra="120" who="1" fromWho="1" sc="226,-30,271,130,287,-60,206,-30" /><INIT seed="3,0,0,5,1,5" ten="196,401,227,176" oya="3" hai0="87,47,66,51,120,49,75,41,92,85,7,111,33" hai1="106,112,48,18,95,77,38,96,20,3,29,62,0" hai2="69,130,50,34,23,63,118,117,30,109,123,26,102" hai3="4,128,81,39,125,52,110,82,124,84,19,56,28"/><W15/><G39/><T100/><D120/><U70/><E38/><V14/><F130/><W93/><G128/><T80/><D75/><U16/><E106/><V116/><F123/><W103/><G28/><T97/><D33/><U127/><E77/><V78/><F78/><W27/><G27/><T55/><D66/><U131/><E112/><V58/><F69/><W121/><G4/><T61/><D111/><U21/><E70/><V31/><F102/><W44/><G44/><T2/><D61/><U57/><E48/><V94/><F94/><W32/><G32/><T64/><D64/><U54/><E127/><N who="3" m="48714" /><G121/><T83/><D7/><U25/><E29/><V86/><F86/><N who="0" m="32778" /><D2/><U60/><E62/><V65/><F50/><N who="3" m="30743" /><G110/><T122/><D122/><U10/><E131/><V89/><F89/><N who="3" m="53415" /><G103/><T119/><D119/><U73/><E73/><V133/><F109/><W76/><G76/><T43/><D41/><U99/><E99/><V9/><F31/><W104/><G104/><T45/><AGARI ba="0,0" hai="43,45,47,49,51,55,80,83,92,97,100" m="32778" machi="45" ten="30,1100,0" yaku="8,1" doraHai="5" who="0" fromWho="0" sc="196,11,401,-3,227,-3,176,-5" /><INIT seed="4,0,0,2,0,76" ten="207,398,224,171" oya="0" hai0="106,60,127,86,20,44,41,72,45,124,82,34,97" hai1="91,71,28,24,10,92,74,119,102,78,5,40,104" hai2="46,11,107,113,132,83,2,105,128,65,62,52,90" hai3="36,73,37,66,27,8,110,9,50,35,121,59,99"/><T89/><D34/><U21/><E40/><V31/><F31/><W29/><G110/><T103/><D72/><U131/><E131/><V67/><F132/><W1/><G121/><T57/><D41/><U108/><E119/><V51/><F67/><W17/><G73/><T53/><REACH who="0" step="1"/><D20/><REACH who="0" ten="197,398,224,171" step="2"/><U22/><E21/><V80/><F128/><W23/><G99/><T33/><D33/><U61/><E108/><V101/><F113/><W58/><G37/><T126/><AGARI ba="0,1" hai="44,45,53,57,60,82,86,89,97,103,106,124,126,127" machi="126" ten="30,11700,0" yaku="1,1,0,1,18,1,52,1,53,0" doraHai="76" doraHaiUra="0" who="0" fromWho="0" sc="197,127,398,-39,224,-39,171,-39" /><INIT seed="4,1,0,2,3,96" ten="324,359,185,132" oya="0" hai0="111,58,64,129,33,115,2,92,102,57,10,26,5" hai1="4,88,69,74,86,6,43,40,108,38,61,98,120" hai2="59,37,131,117,83,110,135,20,12,134,133,48,18" hai3="53,124,85,132,1,101,91,84,24,100,8,66,79"/><T30/><D115/><U56/><E69/><V94/><F37/><W60/><G124/><T17/><D129/><U106/><E74/><V71/><F71/><W47/><G132/><T9/><D111/><U7/><E120/><V14/><F110/><W19/><G1/><T80/><D80/><U15/><E38/><V123/><F123/><W51/><G79/><T113/><D113/><U105/><E15/><V16/><F131/><W112/><G112/><T126/><D126/><U36/><E36/><V49/><F117/><W90/><G66/><T65/><D64/><U118/><E118/><V62/><F83/><N who="3" m="49439" /><G60/><T103/><D92/><U28/><E28/><V73/><F94/><N who="3" m="54639" /><G24/><T116/><D116/><U97/><E106/><V42/><F42/><N who="1" m="15913" /><E105/><V29/><F29/><W55/><G53/><T32/><D32/><U39/><E39/><V67/><F73/><W41/><G41/><T52/><D65/><N who="1" m="39079" /><E108/><V50/><F50/><W23/><G23/><AGARI ba="1,0" hai="12,14,16,18,20,23,48,49,59,62,67,133,134,135" machi="23" ten="40,5200,0" yaku="9,1,20,1,54,1" doraHai="96" who="2" fromWho="3" sc="324,0,359,0,185,55,132,-55" /><INIT seed="5,0,0,4,2,3" ten="324,359,240,77" oya="1" hai0="65,129,8,21,64,0,72,87,34,7,100,88,32" hai1="44,14,51,27,83,116,121,112,29,71,124,66,111" hai2="78,102,4,12,36,93,106,104,57,33,69,89,46" hai3="79,80,118,25,59,37,6,43,94,98,107,58,26"/><U96/><E121/><V42/><F33/><W45/><G107/><T90/><D72/><U133/><E66/><V85/><F69/><W28/><G118/><T9/><D100/><U99/><E116/><V13/><F4/><W22/><G26/><T114/><D114/><U50/><E112/><V134/><F134/><W76/><G76/><T16/><D129/><U123/><E124/><V125/><F125/><W55/><G55/><T120/><D9/><U20/><E71/><V86/><F102/><W119/><G119/><T62/><D65/><U47/><E111/><V92/><F78/><W127/><G127/><T95/><D90/><U63/><E63/><V70/><F70/><W128/><G128/><T97/><D97/><U5/><E83/><V1/><F1/><W19/><G19/><T67/><D67/><U30/><E30/><V110/><F110/><W75/><REACH who="3" step="1"/><G6/><REACH who="3" ten="324,359,240,67" step="2"/><T39/><D120/><U24/><E27/><V113/><F113/><W122/><G122/><T135/><D135/><U74/><E133/><V11/><F106/><W115/><G115/><T52/><D52/><N who="1" m="29767" /><E123/><V15/><F104/><W17/><G17/><T40/><D16/><U82/><E74/><V101/><F42/><W53/><G53/><T91/><D40/><N who="1" m="25063" /><E82/><V68/><F92/><W23/><G23/><T56/><D95/><U130/><E130/><V2/><F93/><W31/><G31/><T105/><D21/><U61/><E61/><V108/><F108/><W60/><G60/><T84/><D62/><U48/><E48/><V103/><F11/><AGARI ba="0,1" hai="5,11,14,20,24,29,96,99" m="25063,29767" machi="11" ten="30,5800,0" yaku="8,1,52,1,54,1" doraHai="3" who="1" fromWho="2" sc="324,0,359,68,240,-58,67,0" /><INIT seed="5,1,0,0,1,4" ten="324,427,182,67" oya="1" hai0="23,2,120,101,88,110,3,131,134,118,1,64,24" hai1="87,18,60,113,68,133,53,45,79,36,0,47,41" hai2="69,35,62,102,124,95,51,72,52,71,49,111,93" hai3="81,121,123,33,98,128,116,84,83,58,11,73,26"/><U50/><E0/><V106/><F35/><W126/><G116/><T92/><D118/><U112/><E79/><V20/><F72/><W104/><G126/><T67/><D110/><U61/><E133/><V129/><F124/><W100/><G128/><T14/><D134/><U96/><E18/><V40/><F129/><W132/><G132/><T10/><D101/><U117/><E87/><V122/><F122/><W55/><G73/><T105/><D105/><U9/><E9/><V119/><F119/><W103/><G103/><T34/><D34/><U37/><E96/><V70/><F106/><W127/><G127/><T107/><D107/><U29/><E29/><V80/><F80/><W48/><G83/><T54/><D54/><U27/><E27/><V31/><F102/><W59/><G59/><T12/><D120/><U77/><E77/><V13/><F111/><W76/><G33/><T91/><D91/><U89/><E89/><V7/><F7/><W38/><G38/><N who="1" m="14954" /><E117/><V39/><F39/><W46/><G26/><T21/><D14/><U109/><E109/><V90/><F95/><W82/><G82/><T25/><D24/><U75/><E75/><V115/><F115/><N who="1" m="44105" /><E68/><V114/><F114/><W125/><G125/><T66/><D25/><U44/><E41/><V63/><F40/><W19/><G19/><N who="0" m="8599" /><D23/><U15/><E15/><V130/><F130/><W43/><G11/><T99/><D21/><U8/><E8/><V22/><F13/><W86/><G86/><T5/><D131/><U42/><E42/><V74/><F74/><W78/><G78/><T57/><D5/><RYUUKYOKU ba="1,0" sc="324,10,427,10,182,-30,67,10" hai0="1,2,3,57,64,66,67,88,92,99" hai1="44,45,47,50,53,60,61" hai3="43,46,48,55,58,76,81,84,98,100,104,121,123" /><INIT seed="5,2,0,2,1,0" ten="334,437,152,77" oya="1" hai0="19,118,110,56,105,50,98,3,54,55,57,131,103" hai1="46,72,71,12,25,113,68,119,8,5,121,39,32" hai2="65,44,59,1,127,34,81,89,102,36,108,26,117" hai3="101,6,41,93,43,120,20,58,27,125,9,78,45"/><U86/><E119/><V63/><F1/><W99/><G120/><T83/><D110/><U51/><E121/><V95/><F127/><W31/><G125/><T88/><D118/><U35/><E39/><V92/><F108/><W14/><G78/><T104/><D131/><U73/><E86/><V67/><F117/><W79/><G79/><T7/><D104/><U90/><E113/><V130/><F130/><W10/><G45/><T15/><D3/><U82/><E72/><V96/><F81/><W112/><G112/><T111/><D111/><U116/><E90/><V87/><F44/><W80/><G80/><T114/><D114/><U135/><E35/><V106/><F36/><W109/><G109/><T42/><D42/><U126/><E116/><V4/><F4/><W37/><G37/><T124/><D124/><U129/><E129/><V30/><F67/><W16/><REACH who="3" step="1"/><G58/><REACH who="3" ten="334,437,152,67" step="2"/><T100/><D57/><U24/><E82/><V49/><F49/><W85/><G85/><T84/><D56/><U122/><E73/><V70/><F106/><W13/><AGARI ba="2,1" hai="6,9,10,13,14,16,20,27,31,41,43,93,99,101" machi="13" ten="20,12000,2" yaku="1,1,0,1,7,1,8,1,52,1,54,1,53,1" doraHai="0" doraHaiUra="18" who="3" fromWho="3" sc="334,-32,437,-62,152,-32,67,136" /><INIT seed="6,0,0,2,5,44" ten="302,375,120,203" oya="2" hai0="68,106,79,52,95,66,62,46,102,49,77,10,7" hai1="18,14,45,42,93,41,70,40,126,53,23,114,3" hai2="125,58,0,21,119,6,82,59,86,60,39,91,87" hai3="123,1,94,113,38,73,51,111,99,81,117,128,109"/><V129/><F119/><W48/><G1/><T96/><REACH who="0" step="1"/><D106/><REACH who="0" ten="292,375,120,203" step="2"/><U4/><E70/><V69/><F39/><W61/><G38/><T25/><D25/><U118/><E118/><V76/><F125/><W27/><G117/><T84/><D84/><U100/><E126/><V8/><F129/><W75/><G128/><T55/><D55/><U32/><E32/><V89/><F69/><W97/><G27/><T50/><D50/><U122/><E122/><V11/><F11/><W26/><G123/><T22/><D22/><U105/><E105/><V88/><F21/><W35/><G26/><T132/><D132/><U116/><E116/><V103/><F103/><W72/><G35/><T80/><D80/><U101/><E114/><V57/><REACH who="2" step="1"/><F87/><REACH who="2" ten="292,375,110,203" step="2"/><W29/><G75/><T92/><D92/><U108/><E93/><V24/><F24/><W34/><G94/><T131/><D131/><U124/><E124/><V67/><AGARI ba="0,2" hai="0,6,8,57,58,59,60,67,76,82,86,88,89,91" machi="67" ten="30,6000,0" yaku="1,1,0,1,54,1,53,0" doraHai="44" doraHaiUra="17" who="2" fromWho="2" sc="292,-20,375,-20,110,80,203,-20" /><INIT seed="6,1,0,5,3,28" ten="272,355,190,183" oya="2" hai0="30,110,123,42,79,82,49,96,60,131,1,14,135" hai1="98,109,0,89,25,76,10,19,94,31,11,83,124" hai2="129,68,66,122,46,104,43,2,13,128,41,121,38" hai3="3,84,56,107,70,4,47,61,51,113,92,115,105"/><V39/><F104/><W80/><G70/><T99/><D110/><U23/><E109/><V20/><F2/><W57/><G4/><T72/><D123/><N who="2" m="47114" /><F13/><W48/><G3/><T132/><D131/><N who="2" m="50250" /><F20/><W63/><G92/><T73/><D1/><U36/><E124/><V134/><F134/><N who="0" m="51242" /><D73/><U87/><E36/><N who="2" m="13867" /><F46/><W108/><G108/><T59/><D30/><U27/><REACH who="1" step="1"/><E0/><REACH who="1" ten="272,345,190,183" step="2"/><V32/><F32/><AGARI ba="1,1" hai="10,11,19,23,25,27,31,32,76,83,87,89,94,98" machi="32" ten="30,7700,0" yaku="1,1,2,1,7,1,52,1,53,0" doraHai="28" doraHaiUra="116" who="1" fromWho="2" sc="272,0,345,90,190,-80,183,0" /><INIT seed="7,0,0,5,3,49" ten="272,435,110,183" oya="3" hai0="110,27,82,62,89,114,69,113,29,42,9,50,5" hai1="135,103,24,41,116,117,18,123,80,38,30,0,92" hai2="68,134,35,102,96,59,131,17,33,118,100,101,40" hai3="64,126,21,47,98,79,26,57,52,39,124,61,111"/><W125/><G111/><T15/><D110/><U121/><E0/><V106/><F68/><W88/><G79/><T22/><D69/><U105/><E135/><V66/><F118/><N who="1" m="45673" /><E105/><V76/><F134/><W119/><G119/><T45/><D62/><U56/><E56/><V108/><F108/><W36/><G47/><T31/><D31/><U4/><E4/><V70/><BYE who="1" /><F70/><W2/><G2/><UN n1="%E7%9B%B8%E7%94%9F%E8%92%BC%E8%A1%A3" /><T81/><D89/><U3/><E18/><V72/><F40/><W46/><G46/><T20/><D22/><U65/><E65/><V73/><F131/><W14/><G14/><T86/><D86/><U44/><E80/><V63/><F76/><W55/><G39/><T12/><D15/><U37/><E38/><V48/><F48/><W8/><G8/><T74/><D74/><U1/><E92/><V115/><F115/><AGARI ba="0,0" hai="5,9,12,20,27,29,42,45,50,81,82,113,114,115" machi="115" ten="40,2600,0" yaku="15,1,11,1" doraHai="49" who="0" fromWho="2" sc="272,26,435,0,110,-26,183,0" owari="298,10.0,435,54.0,84,-42.0,183,-22.0" /></mjloggm>