<mjloggm ver="2.3"><GO type="225" lobby="0"/><UN n0="%E5%9F%BC%E4%BA%AC%E7%B7%9A" n1="%E6%A9%8B%E6%9C%AC%E5%8D%83%E5%85%89%E5%B9%B4" n2="%E3%81%90%E3%81%9D%E3%83%BC" n3="%E3%83%88%E3%83%88%E3%83%AA%E5%85%88%E7%94%9F%31%39%E6%AD%B3" dan="17,16,16,17" rate="2134.53,2117.10,2195.37,2125.94" sx="M,M,M,F"/><TAIKYOKU oya="0"/><INIT seed="0,0,0,3,3,56" ten="250,250,250,250" oya="0" hai0="92,104,108,37,6,32,111,106,17,39,54,50,67" hai1="13,107,91,9,82,116,44,109,30,88,95,128,70" hai2="38,72,55,132,23,57,49,43,62,66,93,52,33" hai3="47,19,123,76,5,122,73,25,117,3,100,12,69"/><T115/><D32/><U120/><E116/><V105/><F105/><N who="0" m="40554" /><D6/><U4/><E107/><V2/><F33/><W121/><G117/><T80/><D80/><U130/><E120/><V127/><F2/><W51/><G100/><T18/><D67/><U81/><E109/><N who="0" m="42057" /><D92/><U16/><E30/><V135/><F72/><W77/><G69/><T60/><D60/><U42/><E70/><V7/><F7/><W118/><G118/><T8/><D115/><U35/><E35/><V36/><F93/><W21/><G3/><T79/><D79/><U126/><E126/><V110/><F110/><W97/><G73/><T63/><D63/><U134/><E134/><N who="2" m="51243" /><F127/><W74/><G74/><T87/><D87/><N who="1" m="52639" /><E4/><V61/><F61/><W11/><REACH who="3" step="1"/><G97/><REACH who="3" ten="250,250,250,240" step="2"/><T40/><D40/><AGARI ba="0,1" hai="5,11,12,19,21,25,40,47,51,76,77,121,122,123" machi="40" ten="40,5200,0" yaku="1,1,2,1,13,1,53,0" doraHai="56" doraHaiUra="65" who="3" fromWho="0" sc="250,-52,250,0,250,0,240,62" /><INIT seed="1,0,0,1,3,32" ten="198,250,250,302" oya="1" hai0="107,130,36,85,97,38,123,61,17,99,74,132,90" hai1="9,56,86,59,75,14,44,40,11,117,49,67,98" hai2="23,39,114,129,18,71,95,115,89,68,6,134,119" hai3="8,82,35,7,28,78,63,66,0,73,62,46,111"/><U37/><E75/><V30/><F119/><W64/><G111/><T79/><D130/><U65/><E117/><V122/><F122/><W26/><REACH who="3" step="1"/><G46/><REACH who="3" ten="198,250,250,292" step="2"/><T125/><D123/><U48/><E37/><V118/><F39/><W104/><G104/><T57/><D107/><U29/><E29/><V52/><F118/><W70/><G70/><T69/><D69/><U60/><E44/><V34/><F71/><W33/><G33/><T3/><D36/><U50/><E59/><V96/><F68/><W51/><G51/><T43/><D38/><U128/><E128/><V131/><F129/><W101/><G101/><T54/><D57/><U127/><E56/><V100/><F131/><W2/><G2/><T16/><D3/><U83/><E50/><V45/><F100/><W84/><G84/><T108/><D85/><U24/><E49/><N who="2" m="28719" /><F30/><W124/><G124/><T41/><D125/><U5/><E127/><V135/><F34/><W12/><G12/><T55/><D108/><U72/><E14/><N who="2" m="9687" /><F6/><W77/><G77/><T92/><D79/><U1/><E1/><V112/><AGARI ba="0,1" hai="89,95,96,112,114,115,134,135" m="9687,28719" machi="112" ten="40,2700,0" yaku="11,1,54,1" doraHai="32" who="2" fromWho="2" sc="198,-7,250,-13,250,37,292,-7" /><INIT seed="2,0,0,2,3,114" ten="191,237,287,285" oya="2" hai0="19,21,118,65,82,70,109,77,115,13,111,24,107" hai1="86,81,14,90,126,121,106,116,29,68,55,52,101" hai2="120,17,130,124,84,89,38,59,91,83,16,112,123" hai3="88,131,53,15,62,50,49,134,66,26,57,23,46"/><V122/><F38/><W8/><G131/><T74/><D107/><U119/><E68/><V69/><F69/><W117/><G117/><T30/><D115/><U11/><E126/><V85/><F112/><W4/><G134/><T34/><REACH who="0" step="1"/><D118/><REACH who="0" ten="181,237,287,285" step="2"/><U100/><E121/><V47/><F124/><W0/><G0/><T104/><D104/><U36/><E106/><V32/><F123/><W94/><G50/><T10/><D10/><U25/><E119/><V97/><F122/><W39/><G39/><T102/><D102/><N who="1" m="39531" /><E36/><V67/><F120/><W40/><G40/><T5/><D5/><N who="1" m="3439" /><E116/><V73/><F130/><W95/><G4/><T54/><D54/><U42/><E42/><V78/><F67/><W113/><G113/><T63/><AGARI ba="0,1" hai="13,19,21,24,30,34,63,65,70,74,77,82,109,111" machi="63" ten="30,2000,0" yaku="1,1,0,1,53,0" doraHai="114" doraHaiUra="127" who="0" fromWho="0" sc="181,30,237,-5,287,-10,285,-5" /><INIT seed="3,0,0,3,3,73" ten="211,232,277,280" oya="3" hai0="35,4,65,134,68,31,96,114,30,50,24,83,70" hai1="51,58,110,131,135,95,19,126,22,47,53,121,124" hai2="67,74,59,37,29,84,106,82,11,5,41,79,62" hai3="103,97,80,10,69,63,8,120,104,52,77,133,107"/><W49/><G120/><T45/><D134/><U99/><E121/><V119/><F119/><W33/><G33/><T34/><D114/><U78/><E135/><V28/><F106/><W112/><G112/><T15/><D96/><U1/><E1/><N who="2" m="431" /><F84/><W32/><G32/><T92/><D92/><U64/><E110/><V81/><F81/><W88/><G107/><T85/><D65/><U117/><E117/><V89/><F89/><W48/><G133/><T21/><D4/><U111/><E131/><V90/><F90/><W60/><G88/><T86/><D15/><N who="1" m="9599" /><E111/><V125/><F125/><N who="1" m="48233" /><E78/><V105/><F105/><W129/><G49/><T13/><D13/><U2/><E2/><V3/><F3/><W20/><G20/><T16/><D85/><U9/><E9/><V7/><F7/><W40/><G129/><T127/><D127/><U14/><E14/><V93/><F93/><W46/><G63/><T23/><D34/><U18/><E18/><V66/><F66/><W36/><G60/><T42/><D35/><U43/><E64/><V54/><F54/><W87/><G69/><T12/><REACH who="0" step="1"/><D30/><REACH who="0" ten="201,232,277,280" step="2"/><U115/><E115/><V128/><F128/><W61/><G61/><T26/><D26/><U27/><E27/><V132/><F132/><W91/><G91/><AGARI ba="0,1" hai="12,16,21,23,24,31,42,45,50,68,70,83,86,91" machi="91" ten="30,7700,0" yaku="1,1,7,1,54,1,53,1" doraHai="73" doraHaiUra="44" who="0" fromWho="3" sc="201,87,232,0,277,0,280,-77" /><INIT seed="4,0,0,0,2,115" ten="288,232,277,203" oya="0" hai0="42,95,50,25,73,75,28,19,93,21,14,51,35" hai1="85,20,90,6,122,37,120,34,125,7,29,96,70" hai2="26,94,43,54,57,97,135,126,47,129,36,44,22" hai3="5,27,104,60,24,74,87,89,59,3,121,118,113"/><T83/><D75/><U53/><E37/><V100/><F129/><W130/><G104/><T0/><D0/><U48/><E70/><V65/><F135/><W2/><G74/><T31/><D31/><U103/><E34/><V38/><F126/><W101/><G101/><T61/><D61/><U46/><E125/><V15/><F15/><W77/><G130/><T49/><REACH who="0" step="1"/><D42/><REACH who="0" ten="278,232,277,203" step="2"/><U112/><E122/><V11/><F43/><W88/><G113/><T114/><D114/><U71/><E120/><V62/><F65/><N who="3" m="39071" /><G121/><T79/><AGARI ba="0,1" hai="14,19,21,25,28,35,49,50,51,73,79,83,93,95" machi="79" ten="30,3000,0" yaku="1,1,0,1,53,0" doraHai="115" doraHaiUra="58" who="0" fromWho="0" sc="278,40,232,-10,277,-10,203,-10" owari="318,42.0,222,-18.0,267,7.0,193,-31.0" /></mjloggm>