<mjloggm ver="2.3"><GO type="41" lobby="0"/><UN n0="%E5%A4%A9%E9%A6%AC%EF%BC%91%E4%B8%96" n1="%59%48%30%37" n2="%E5%B0%B1%E6%B4%BB%E7%94%9F%40%E5%B7%9D%E6%9D%91%E8%BB%8D%E5%9B%A3" n3="%E3%81%BE%E3%81%A4%E3%81%86%E3%82%89%E3%83%BC" dan="14,15,15,13" rate="1932.18,1975.25,2004.46,1872.45" sx="M,M,M,M"/><TAIKYOKU oya="0"/><INIT seed="0,0,0,5,1,36" ten="250,250,250,250" oya="0" hai0="90,21,66,111,6,113,102,33,28,78,13,107,55" hai1="0,115,124,108,88,8,71,114,133,61,123,23,104" hai2="56,24,130,101,29,85,74,67,131,45,128,117,109" hai3="122,59,34,54,68,118,87,69,92,53,77,10,63"/><T76/><D113/><N who="1" m="43019" /><E104/><V126/><F74/><W32/><G118/><T20/><D33/><U11/><E123/><V1/><F1/><W64/><G122/><T50/><D107/><U14/><E108/><V89/><F117/><W5/><G69/><T7/><D111/><U86/><E0/><V65/><F109/><W26/><G26/><N who="0" m="16455" /><D102/><U132/><E23/><V82/><F101/><W31/><G31/><T43/><D66/><N who="1" m="41423" /><E124/><V134/><F134/><N who="1" m="51817" /><E14/><V116/><F116/><W42/><G34/><T80/><D90/><U110/><E110/><V22/><F126/><W97/><G32/><T38/><D38/><U52/><E52/><V125/><F125/><W27/><G27/><T41/><D80/><AGARI ba="0,0" hai="8,11,80,86,88" m="51817,41423,43019" machi="80" ten="30,3900,0" yaku="11,1,20,1,54,1" doraHai="36" who="1" fromWho="0" sc="250,-39,250,39,250,0,250,0" /><INIT seed="1,0,0,0,5,16" ten="211,289,250,250" oya="1" hai0="86,120,81,132,44,62,111,24,58,46,80,78,31" hai1="127,52,27,51,47,25,107,9,94,22,135,102,90" hai2="13,130,108,110,121,92,116,119,10,18,114,69,38" hai3="43,14,79,42,37,35,73,64,122,61,29,5,55"/><U97/><E135/><V82/><F69/><W7/><G122/><T129/><D111/><N who="2" m="42538" /><F38/><W3/><G3/><T101/><D132/><U88/><E127/><V74/><F74/><W49/><G73/><T99/><D120/><U134/><E134/><V60/><F82/><W71/><G79/><T98/><D81/><U20/><E9/><V70/><F70/><W128/><G128/><T32/><D129/><U30/><REACH who="1" step="1"/><E107/><REACH who="1" ten="211,279,250,250" step="2"/><V8/><F130/><W23/><G37/><T126/><D126/><U50/><E50/><V117/><F60/><W39/><G39/><T48/><D48/><U109/><E109/><V68/><F68/><W41/><G49/><T103/><D103/><U87/><E87/><V40/><F40/><W83/><G71/><T93/><REACH who="0" step="1"/><D99/><REACH who="0" ten="201,279,250,250" step="2"/><U26/><E26/><V4/><F121/><W118/><G61/><T133/><D133/><U6/><E6/><V19/><F114/><W21/><G5/><T124/><D124/><U91/><E91/><V66/><F119/><W2/><G7/><T89/><D89/><U123/><E123/><V59/><F117/><W12/><G118/><T45/><D45/><U56/><E56/><V33/><F116/><W105/><G83/><T85/><D85/><U1/><E1/><V63/><F4/><W15/><G2/><T115/><D115/><U125/><E125/><V95/><F95/><W72/><G105/><T53/><AGARI ba="0,2" hai="24,31,32,44,46,53,58,62,78,80,86,93,98,101" machi="53" ten="20,2700,0" yaku="1,1,0,1,7,1,53,0" doraHai="16" doraHaiUra="11" who="0" fromWho="0" sc="201,47,279,-13,250,-7,250,-7" /><INIT seed="2,0,0,0,1,47" ten="248,266,243,243" oya="2" hai0="101,100,73,11,74,23,97,0,44,130,103,117,133" hai1="80,96,6,36,126,78,99,94,121,18,84,39,104" hai2="8,5,22,89,10,66,105,7,21,52,25,9,122" hai3="116,59,57,131,46,37,56,34,69,26,82,120,45"/><V16/><F122/><W30/><G120/><T110/><D110/><U134/><E6/><V123/><F105/><W109/><G116/><T114/><D117/><U98/><E39/><V50/><F123/><W2/><G2/><T91/><D114/><U42/><E121/><V83/><F66/><W48/><G69/><T124/><D130/><U90/><E18/><V60/><F60/><W71/><G71/><T53/><D124/><U119/><E119/><V14/><F83/><W29/><G109/><T79/><D133/><U49/><E36/><V1/><F89/><W72/><G30/><T76/><D0/><U4/><E4/><V40/><F40/><W62/><G46/><T77/><D11/><U107/><E49/><V31/><F1/><W108/><G37/><T92/><REACH who="0" step="1"/><D23/><REACH who="0" ten="238,266,243,243" step="2"/><U12/><E134/><V125/><F125/><W54/><G131/><T27/><D27/><U95/><E126/><V81/><REACH who="2" step="1"/><F81/><REACH who="2" ten="238,266,233,243" step="2"/><W41/><REACH who="3" step="1"/><G108/><REACH who="3" ten="238,266,233,233" step="2"/><T19/><D19/><U135/><E135/><V15/><F15/><W132/><G132/><T51/><AGARI ba="0,3" hai="44,51,53,73,74,76,77,79,91,92,97,100,101,103" machi="51" ten="40,8000,1" yaku="1,1,0,1,52,1,53,1" doraHai="47" doraHaiUra="88" who="0" fromWho="0" sc="238,110,266,-20,233,-40,233,-20" /><INIT seed="3,0,0,4,1,27" ten="348,246,193,213" oya="3" hai0="116,84,107,8,68,75,22,4,56,131,80,0,24" hai1="32,66,99,65,58,71,115,106,43,5,121,60,41" hai2="26,77,52,123,97,81,15,70,14,34,38,87,135" hai3="61,3,21,9,39,120,90,112,49,55,45,48,118"/><W119/><G39/><T133/><D68/><U124/><E5/><V16/><F70/><W67/><G120/><T29/><D75/><U37/><E121/><V17/><F38/><W35/><G35/><T11/><D116/><U111/><E32/><V125/><F123/><W109/><G112/><T25/><D107/><U128/><E106/><V101/><F125/><W40/><G90/><T72/><D72/><U126/><E99/><V51/><F135/><W10/><G109/><T79/><D133/><U18/><E18/><V31/><F15/><W85/><G85/><T44/><D131/><U1/><E1/><V28/><F14/><W76/><G76/><T47/><D11/><U98/><E98/><V127/><F127/><N who="1" m="48681" /><E111/><V74/><F74/><W91/><G91/><T102/><D102/><U62/><E115/><V94/><F28/><W57/><G21/><T12/><D0/><U7/><E7/><V69/><F69/><W63/><G3/><T96/><D96/><U129/><E37/><V93/><F94/><W113/><G113/><T36/><D36/><U2/><E2/><V83/><F81/><W86/><G86/><T33/><REACH who="0" step="1"/><D56/><AGARI ba="0,0" hai="16,17,26,31,34,51,52,56,77,83,87,93,97,101" machi="56" ten="30,7700,0" yaku="7,1,52,1,54,2" doraHai="27" who="2" fromWho="0" sc="348,-77,246,0,193,77,213,0" /><INIT seed="4,0,0,5,5,89" ten="271,246,270,213" oya="0" hai0="128,82,92,132,81,19,55,84,58,80,121,67,51" hai1="134,116,109,117,4,110,133,37,114,106,75,113,74" hai2="111,6,43,39,86,14,123,47,25,56,105,129,78" hai3="31,21,76,57,9,127,83,38,126,115,26,18,40"/><T32/><D121/><U68/><E4/><V104/><F111/><N who="1" m="42505" /><E68/><V93/><F129/><W22/><G115/><N who="1" m="44042" /><E37/><V11/><F123/><W45/><G57/><T112/><D128/><U122/><E106/><V49/><F25/><W36/><G9/><T28/><D112/><U30/><E30/><V96/><F56/><W42/><G42/><T77/><D132/><N who="1" m="50795" /><E122/><V2/><F39/><W69/><G69/><T98/><D32/><U61/><E61/><V87/><F2/><W33/><G36/><T135/><D135/><U23/><E23/><V8/><F8/><W12/><REACH who="3" step="1"/><G22/><REACH who="3" ten="271,246,270,203" step="2"/><T99/><D28/><U97/><E97/><V64/><F64/><W66/><G66/><T73/><D67/><U16/><E16/><V62/><F62/><W71/><G71/><T130/><D99/><U70/><E70/><V120/><F120/><W65/><G65/><T46/><D73/><AGARI ba="0,1" hai="73,74,75,116,117" m="50795,44042,42505" machi="73" ten="40,16000,3" yaku="28,2,15,1,11,1,20,1,31,2,34,2" doraHai="89" who="1" fromWho="0" sc="271,-160,246,170,270,0,203,0" /><AGARI ba="0,0" hai="12,18,21,26,31,33,38,40,45,73,76,83,126,127" machi="73" ten="40,2600,0" yaku="1,1,53,1" doraHai="89" doraHaiUra="20" who="3" fromWho="0" sc="111,-26,416,0,270,0,203,26" /><INIT seed="5,0,0,1,4,92" ten="85,416,270,229" oya="1" hai0="126,48,5,130,113,14,75,83,1,95,106,116,22" hai1="115,61,32,123,91,55,80,110,52,100,65,119,27" hai2="24,118,56,121,87,93,71,62,18,103,79,76,37" hai3="69,20,12,30,45,105,34,78,54,70,94,90,41"/><U13/><E115/><V63/><F118/><W109/><G109/><T131/><D116/><U67/><E119/><V112/><F121/><W40/><G34/><T9/><D48/><U82/><E67/><V64/><F37/><W85/><G105/><T122/><D106/><U59/><E100/><V68/><F112/><W0/><G0/><T124/><D75/><U73/><E123/><V25/><F71/><W11/><G78/><T86/><D95/><U108/><E73/><V98/><F18/><W15/><G70/><T3/><D86/><U114/><E114/><V21/><F87/><W31/><G69/><T117/><D83/><U36/><E36/><V66/><REACH who="2" step="1"/><F24/><REACH who="2" ten="85,416,260,229" step="2"/><W77/><G31/><T35/><D122/><U89/><E110/><V97/><F97/><W29/><G29/><T39/><D117/><U57/><E108/><V16/><AGARI ba="0,1" hai="16,21,25,56,62,63,64,66,68,76,79,93,98,103" machi="16" ten="20,8000,1" yaku="1,1,0,1,7,1,52,1,54,1,53,0" doraHai="92" doraHaiUra="128" who="2" fromWho="2" sc="85,-20,416,-40,260,90,229,-20" /><INIT seed="6,0,0,4,5,73" ten="65,376,350,209" oya="2" hai0="1,116,76,28,124,101,125,18,7,130,48,79,80" hai1="13,59,0,113,45,118,39,77,62,12,123,3,81" hai2="51,35,38,15,100,117,85,60,56,16,122,10,109" hai3="127,71,44,126,5,32,20,37,22,86,49,87,11"/><V68/><F38/><W70/><G32/><T26/><D80/><U4/><E118/><V46/><F122/><W52/><G37/><T64/><D116/><U75/><E123/><V132/><F117/><W89/><G22/><T29/><D64/><U69/><E69/><V104/><F68/><N who="3" m="26155" /><G20/><N who="0" m="13591" /><D101/><U25/><E25/><V50/><F35/><W106/><G106/><T65/><D65/><U120/><E120/><V96/><F109/><W27/><G27/><T61/><D61/><U103/><E113/><V128/><F128/><W74/><G74/><T108/><D108/><U94/><E94/><V114/><F114/><W97/><G97/><T55/><D7/><U17/><E103/><V119/><F119/><W134/><G134/><T2/><D130/><U36/><E45/><V102/><F132/><W78/><G89/><T107/><D107/><U58/><E58/><V129/><F129/><W99/><G99/><T6/><D6/><U41/><E41/><V115/><F115/><W82/><G87/><T66/><D66/><U93/><E93/><V14/><F102/><W112/><G112/><T33/><D33/><U54/><E39/><V90/><F46/><W131/><G131/><T24/><D24/><U121/><E36/><V23/><F60/><W83/><G83/><T91/><D91/><U84/><E75/><V110/><F110/><W43/><G52/><T19/><D19/><U135/><E135/><V42/><F42/><W47/><G47/><N who="0" m="28063" /><D2/><N who="1" m="555" /><E121/><V88/><F56/><W9/><G9/><T72/><D1/><U34/><E34/><V63/><F63/><W95/><G95/><RYUUKYOKU ba="0,0" sc="65,-10,376,-10,350,-10,209,30" hai3="5,11,43,44,49,78,82,86,126,127" /><INIT seed="7,1,0,2,3,31" ten="55,366,340,239" oya="3" hai0="76,71,20,23,83,16,101,60,44,67,74,117,61" hai1="106,90,1,86,0,45,28,123,89,19,70,121,85" hai2="5,126,12,95,130,36,73,14,91,65,77,41,7" hai3="94,108,34,56,17,127,72,10,50,69,131,4,87"/><W114/><G72/><T38/><D117/><U110/><E110/><V2/><F126/><W79/><G69/><T52/><D23/><U33/><E70/><V92/><F130/><W51/><G131/><T122/><D122/><U54/><E106/><V42/><F65/><W62/><G127/><T21/><D101/><U59/><E45/><V13/><F36/><W40/><G34/><T24/><D21/><U97/><E97/><V107/><F107/><W49/><G108/><T116/><D116/><U125/><E125/><V109/><F109/><W63/><G114/><T39/><REACH who="0" step="1"/><D60/><REACH who="0" ten="45,366,340,239" step="2"/><N who="3" m="23081" /><G4/><N who="2" m="1609" /><F2/><W124/><G124/><T99/><D99/><U80/><E1/><V98/><F73/><W84/><G84/><T120/><D120/><U78/><E0/><V113/><F113/><W134/><G134/><T75/><D75/><U68/><E86/><N who="2" m="52343" /><F77/><W35/><G35/><T48/><AGARI ba="1,1" hai="16,20,24,38,39,44,48,52,61,67,71,74,76,83" machi="48" ten="30,7900,0" yaku="1,1,0,1,54,2,53,0" doraHai="31" doraHaiUra="8" who="0" fromWho="0" sc="45,92,366,-21,340,-21,239,-40" owari="137,-36.0,345,44.0,319,12.0,199,-20.0" /></mjloggm>