<mjloggm ver="2.3"><GO type="97" lobby="0"/><UN n0="%E5%B0%B1%E6%B4%BB%E7%94%9F%40%E5%B7%9D%E6%9D%91%E8%BB%8D%E5%9B%A3" n1="%70%6F%6F%63%68%61%6E%68" n2="%72%61%79%33%32%30" n3="%69%74%74%75%64%65%6D%69" dan="15,14,14,13" rate="2005.13,1892.47,2030.06,1902.67" sx="M,M,F,M"/><TAIKYOKU oya="0"/><INIT seed="0,0,0,1,5,39" ten="250,250,250,250" oya="0" hai0="121,66,130,83,135,1,106,116,91,7,68,108,112" hai1="24,54,62,105,107,96,118,127,134,70,51,98,109" hai2="93,3,37,104,110,27,114,78,122,86,71,8,21" hai3="6,15,20,18,50,123,30,34,126,132,9,52,0"/><T102/><RYUUKYOKU type="yao9" ba="0,0" sc="250,0,250,0,250,0,250,0" hai0="1,7,66,68,83,91,102,106,108,112,116,121,130,135" /><INIT seed="0,1,0,3,0,102" ten="250,250,250,250" oya="0" hai0="48,135,97,43,131,57,12,2,111,22,125,45,87" hai1="5,37,44,50,16,65,130,132,62,101,40,38,124" hai2="27,39,64,106,59,34,9,105,8,58,14,118,94" hai3="116,107,33,67,73,96,123,103,6,119,52,24,20"/><T122/><D2/><U63/><E5/><V35/><F39/><N who="1" m="14857" /><E101/><V42/><F42/><W3/><G123/><T7/><D122/><U28/><E16/><V29/><F94/><W68/><G73/><T30/><D125/><U15/><E15/><V0/><F0/><W76/><G76/><T32/><D131/><U66/><E28/><V19/><F64/><N who="1" m="24681" /><E124/><V109/><F109/><W23/><G23/><T26/><D111/><U41/><E130/><V36/><F36/><W120/><G120/><T60/><D135/><U128/><E128/><V1/><F118/><W71/><G71/><T114/><D114/><U11/><E11/><V53/><F34/><W115/><G115/><T133/><D133/><U127/><E127/><V78/><F59/><W89/><G89/><T108/><D108/><U55/><E132/><V110/><F78/><W25/><G52/><N who="0" m="33831" /><D32/><U90/><E90/><V79/><F79/><W104/><G104/><T46/><D46/><U82/><E82/><V112/><F112/><W83/><G83/><T85/><D97/><U84/><E84/><V134/><F134/><W92/><G92/><T117/><D117/><U51/><E40/><V72/><F72/><W47/><G119/><T49/><D49/><U98/><E98/><V81/><F81/><W10/><G116/><T100/><D100/><U18/><E18/><V126/><F126/><W129/><G129/><T77/><D77/><U70/><E70/><V61/><F110/><W80/><G80/><T113/><D113/><U31/><E31/><V54/><F1/><W86/><G68/><T69/><D69/><RYUUKYOKU ba="1,0" sc="250,15,250,15,250,-15,250,-15" hai0="7,12,22,26,30,43,45,48,85,87" hai1="41,44,50,51,55,62,63" /><INIT seed="0,2,0,0,1,96" ten="265,265,235,235" oya="0" hai0="110,47,20,45,56,118,70,54,126,105,124,24,37" hai1="15,86,67,134,99,114,10,34,50,98,106,58,12" hai2="78,52,104,32,2,26,48,69,42,107,71,4,8" hai3="31,66,62,135,87,30,111,61,41,51,122,120,85"/><T123/><D105/><U117/><E117/><V95/><F42/><W128/><G41/><T121/><D70/><U88/><E34/><V65/><F78/><W40/><G40/><T115/><D115/><U130/><E114/><V101/><F69/><W53/><G66/><T22/><D118/><U38/><E38/><V119/><F119/><W19/><G128/><T102/><D102/><U14/><E130/><V125/><F125/><N who="0" m="48234" /><D37/><U91/><E134/><V3/><F3/><W109/><G135/><T92/><D92/><U13/><E106/><V57/><F65/><W100/><G51/><N who="0" m="30815" /><D110/><U60/><E50/><V132/><F71/><W129/><G129/><T16/><D22/><U29/><E29/><V17/><F132/><W27/><G100/><T25/><D25/><U131/><E131/><V112/><F112/><W116/><G116/><T93/><D93/><N who="1" m="54423" /><E91/><V97/><F32/><W39/><G39/><T80/><D80/><U9/><N who="1" m="3584" /><DORA hai="90" /><U75/><E75/><V43/><REACH who="2" step="1"/><F43/><REACH who="2" ten="265,265,225,235" step="2"/><W133/><G133/><T35/><D35/><U44/><E44/><AGARI ba="2,1" hai="16,20,24,44,45,47,121,123" m="30815,48234" machi="44" ten="30,2900,0" yaku="18,1,54,1" doraHai="96,90" who="0" fromWho="1" sc="265,45,265,-35,225,0,235,0" /><INIT seed="0,3,0,5,2,78" ten="310,230,225,235" oya="0" hai0="42,87,65,90,89,14,101,77,71,127,73,27,22" hai1="75,74,62,34,37,11,20,110,111,18,80,115,130" hai2="121,29,109,125,76,85,59,117,58,47,64,5,9" hai3="16,60,134,6,50,112,31,124,72,118,53,94,114"/><T52/><D127/><U13/><E34/><V40/><F125/><W12/><G118/><T19/><D73/><U24/><E37/><V68/><F121/><W48/><G124/><T33/><D71/><U126/><E126/><V10/><F117/><W35/><G6/><T91/><D65/><U7/><E115/><V25/><F68/><W132/><G72/><T129/><D42/><U57/><E130/><V43/><F64/><W107/><G107/><T92/><D129/><U61/><E74/><V97/><F97/><W93/><G31/><T45/><D33/><U39/><E39/><V67/><F67/><W106/><G106/><T98/><D27/><U131/><E131/><V32/><F109/><N who="1" m="41481" /><E57/><V28/><F43/><W128/><G35/><T105/><D77/><AGARI ba="3,0" hai="7,11,13,18,20,24,61,62,75,77,80" m="41481" machi="77" ten="30,2000,0" yaku="14,1,52,1" doraHai="78" who="1" fromWho="0" sc="310,-29,230,29,225,0,235,0" /><INIT seed="1,0,0,1,4,37" ten="281,259,225,235" oya="1" hai0="46,94,103,76,53,17,59,3,7,115,22,132,26" hai1="79,71,86,102,19,82,96,64,23,56,52,55,4" hai2="75,30,54,89,74,122,67,98,39,121,72,31,51" hai3="73,90,60,93,40,48,29,10,20,12,131,41,38"/><U58/><E4/><V36/><F67/><W18/><G73/><T45/><D115/><U84/><E71/><V126/><F126/><W5/><G131/><T6/><D132/><U130/><E64/><V78/><F78/><W8/><G38/><T0/><D0/><U105/><E130/><V95/><F39/><W118/><G118/><T21/><D76/><U44/><E86/><V34/><F36/><W66/><G29/><T87/><D21/><U97/><E97/><V28/><REACH who="2" step="1"/><F34/><REACH who="2" ten="281,259,215,235" step="2"/><W123/><G123/><T117/><D117/><U107/><E107/><V134/><F134/><W88/><G48/><T125/><D125/><U13/><REACH who="1" step="1"/><E44/><AGARI ba="0,1" hai="28,30,31,44,51,54,72,74,75,89,95,98,121,122" machi="44" ten="50,3200,0" yaku="1,1,53,1" doraHai="37" doraHaiUra="92" who="2" fromWho="1" sc="281,0,259,-32,215,42,235,0" /><INIT seed="2,0,0,1,5,1" ten="281,227,257,235" oya="2" hai0="44,25,67,114,49,121,46,107,42,59,93,101,82" hai1="23,86,94,130,95,104,65,7,35,79,81,5,131" hai2="87,129,52,128,78,60,80,76,98,63,28,6,116" hai3="14,21,3,16,122,89,124,132,134,61,117,70,102"/><V30/><F116/><W77/><G117/><T125/><D107/><U51/><E35/><V91/><F6/><N who="1" m="2057" /><E104/><V24/><F98/><W26/><G3/><T39/><D114/><U2/><E2/><V22/><F30/><W99/><G122/><T96/><D125/><U109/><E109/><V73/><F78/><W29/><G77/><T17/><D121/><U119/><E119/><V110/><F110/><W33/><G89/><T118/><D118/><U10/><E10/><V133/><F133/><W92/><G124/><T111/><D111/><U127/><E127/><V75/><F76/><W34/><G34/><T123/><D123/><U97/><E65/><V36/><F36/><W112/><G112/><T55/><D82/><U27/><E51/><V135/><F135/><N who="3" m="51755" /><G61/><N who="2" m="23625" /><F52/><W15/><G15/><T53/><D67/><U120/><E120/><V68/><F68/><AGARI ba="0,0" hai="14,16,21,26,29,33,68,70,92,99,102" m="51755" machi="68" ten="30,2000,0" yaku="20,1,54,1" doraHai="1" who="3" fromWho="2" sc="281,0,227,0,257,-20,235,20" /><INIT seed="3,0,0,0,3,10" ten="281,227,237,255" oya="3" hai0="32,38,76,56,125,40,116,128,1,107,85,74,54" hai1="50,41,120,127,64,7,124,100,134,58,121,30,123" hai2="92,71,19,75,98,18,27,15,47,77,115,109,12" hai3="39,72,52,99,81,65,5,122,69,35,6,118,61"/><W106/><G39/><T17/><D32/><U88/><E100/><V44/><F71/><W103/><G122/><T25/><D107/><U78/><E78/><V28/><F115/><W101/><G118/><T16/><D74/><U48/><E30/><V45/><F75/><W4/><G103/><T9/><D116/><U14/><E88/><N who="2" m="55559" /><F77/><W84/><G72/><T79/><D125/><N who="1" m="48203" /><E14/><N who="2" m="5163" /><F109/><W110/><G110/><T42/><D38/><U131/><E7/><V89/><F89/><W67/><G35/><T119/><D1/><U130/><E134/><V66/><F66/><W135/><G135/><T31/><D119/><U37/><E37/><V111/><F111/><W59/><REACH who="3" step="1"/><G69/><REACH who="3" ten="281,227,237,245" step="2"/><T22/><D128/><N who="1" m="49195" /><E41/><V49/><F49/><W105/><G105/><T90/><D42/><U60/><AGARI ba="0,1" hai="48,50,58,60,64,120,121,123" m="49195,48203" machi="60" ten="40,8000,1" yaku="18,1,19,1,34,2" doraHai="10" who="1" fromWho="1" sc="281,-20,227,90,237,-20,245,-40" owari="261,6.0,317,41.0,217,-18.0,205,-29.0" /></mjloggm>