<mjloggm ver="2.3"><GO type="225" lobby="0"/><UN n0="%E3%81%A4%E3%81%AE%E3%81%A0%E2%98%86%E3%81%B2%E3%82%8D" n1="%E3%81%BE%E3%81%99%E3%81%AE%E3%81%99%E3%81%97" n2="%E6%B7%AB%E7%8D%A3%E5%AE%AE%E8%97%A4" n3="%E5%B0%B1%E6%B4%BB%E7%94%9F%40%E5%B7%9D%E6%9D%91%E8%BB%8D%E5%9B%A3" dan="16,16,16,16" rate="2093.32,2134.44,2141.94,2092.84" sx="F,M,M,M"/><TAIKYOKU oya="0"/><INIT seed="0,0,0,2,0,115" ten="250,250,250,250" oya="0" hai0="96,34,121,119,57,19,72,79,77,14,16,93,126" hai1="100,75,25,52,53,22,17,86,134,80,85,31,12" hai2="32,122,43,42,104,56,112,64,90,1,23,26,20" hai3="6,89,29,98,105,59,7,18,28,103,66,120,2"/><T35/><D121/><U110/><E110/><V40/><F112/><W92/><G120/><T101/><D126/><U113/><E113/><V27/><F104/><W87/><G18/><T108/><D108/><U36/><E36/><V106/><F106/><W84/><G84/><T33/><D119/><U9/><E134/><V21/><F1/><W15/><G2/><T88/><D72/><U48/><E100/><V0/><F0/><W63/><REACH who="3" step="1"/><G15/><REACH who="3" ten="250,250,250,240" step="2"/><T51/><D19/><U116/><E75/><V127/><F127/><W78/><G78/><T37/><D79/><U133/><E133/><V44/><F122/><W68/><G68/><T50/><D77/><U58/><E116/><V97/><F32/><W102/><G102/><T129/><D101/><U13/><E13/><V132/><F132/><W62/><G62/><T69/><D69/><U5/><E80/><V61/><F44/><W41/><G41/><T95/><D14/><U3/><REACH who="1" step="1"/><E53/><REACH who="1" ten="250,240,250,240" step="2"/><V39/><F39/><W4/><AGARI ba="0,2" hai="4,6,7,28,29,59,63,66,87,89,92,98,103,105" machi="4" ten="30,2000,0" yaku="1,1,0,1,53,0" doraHai="115" doraHaiUra="131" who="3" fromWho="3" sc="250,-10,240,-5,250,-5,240,40" /><INIT seed="1,0,0,5,5,17" ten="240,235,245,280" oya="1" hai0="123,77,23,4,31,59,65,60,12,128,11,135,74" hai1="19,116,27,106,61,99,76,83,15,36,75,20,114" hai2="14,126,91,104,18,129,133,39,55,130,1,7,120" hai3="66,34,6,10,118,50,70,67,25,9,111,81,124"/><U42/><E114/><V132/><F120/><W107/><G107/><T3/><D123/><U71/><E116/><V41/><F104/><W102/><G118/><T95/><D135/><N who="2" m="51786" /><F7/><W79/><G111/><T131/><D95/><U101/><E36/><V26/><F1/><W0/><G124/><T109/><D109/><U8/><E42/><V63/><F26/><W85/><G102/><T64/><D64/><U46/><E46/><N who="2" m="23871" /><F91/><W48/><G10/><T112/><D112/><U24/><REACH who="1" step="1"/><E8/><REACH who="1" ten="240,225,245,280" step="2"/><N who="2" m="6471" /><F126/><W103/><G70/><T93/><D11/><U108/><E108/><V58/><AGARI ba="0,1" hai="55,58,63,129,130" m="6471,23871,51786" machi="58" ten="30,1100,0" yaku="20,1" doraHai="17" who="2" fromWho="2" sc="240,-3,225,-5,245,21,280,-3" /><INIT seed="2,0,0,5,5,88" ten="237,220,266,277" oya="2" hai0="8,120,81,97,11,43,102,23,44,4,122,9,104" hai1="129,25,132,51,55,57,87,94,32,35,92,80,27" hai2="135,1,41,26,37,61,111,48,38,42,31,49,28" hai3="56,45,103,78,59,86,73,22,12,36,52,91,13"/><V3/><F135/><W128/><G128/><T118/><D118/><U108/><E129/><V65/><F111/><W17/><G103/><T6/><D81/><U90/><E108/><V40/><F26/><N who="3" m="14671" /><G73/><T68/><D68/><U2/><E2/><N who="2" m="523" /><F61/><N who="3" m="35975" /><G36/><N who="2" m="13929" /><F65/><W53/><G45/><T69/><D69/><U60/><E132/><V5/><F5/><W116/><G78/><T101/><D101/><U62/><E35/><V130/><F130/><W71/><G71/><T75/><D75/><U70/><E70/><V16/><F16/><W82/><G116/><T106/><D106/><U83/><E83/><V67/><F67/><W15/><G15/><T117/><D117/><U63/><E32/><V66/><F66/><W21/><G21/><T127/><D23/><U134/><E134/><V0/><N who="2" m="531" /><V24/><DORA hai="74" /><F24/><AGARI ba="0,0" hai="24,25,27,51,55,57,60,62,63,80,87,90,92,94" machi="24" ten="40,5200,0" yaku="8,1,52,2" doraHai="88,74" who="1" fromWho="2" sc="237,0,220,52,266,-52,277,0" /><INIT seed="3,0,0,2,0,109" ten="237,272,214,277" oya="3" hai0="27,80,88,127,118,75,51,105,134,58,135,100,119" hai1="5,79,64,37,22,72,67,66,81,89,130,74,115" hai2="4,34,78,116,91,0,84,31,43,54,21,98,12" hai3="108,131,133,9,6,45,132,111,106,63,46,44,42"/><W41/><G106/><T36/><D36/><U123/><E123/><V26/><F116/><N who="0" m="44586" /><D51/><U1/><E37/><V2/><F43/><N who="3" m="16395" /><G131/><T59/><D27/><U69/><E74/><V7/><F78/><W96/><G96/><N who="0" m="61575" /><D59/><U48/><E130/><V57/><F98/><W39/><G39/><T19/><D19/><U29/><E69/><V35/><F54/><W23/><G23/><T65/><D58/><U82/><E48/><V13/><F91/><W60/><G9/><T90/><D65/><U94/><E5/><N who="2" m="2123" /><F84/><W10/><G10/><T114/><D127/><U76/><E1/><N who="2" m="619" /><F57/><W102/><G102/><T99/><D114/><U110/><E115/><V61/><F61/><N who="3" m="23627" /><G6/><T32/><D32/><AGARI ba="0,0" hai="12,13,21,26,31,32,34,35" m="619,2123" machi="32" ten="30,8000,1" yaku="35,5" doraHai="109" who="2" fromWho="0" sc="237,-80,272,0,214,80,277,0" /><INIT seed="4,0,0,2,1,30" ten="157,272,294,277" oya="0" hai0="133,37,95,82,8,34,3,100,98,48,134,120,80" hai1="20,121,114,129,28,32,91,1,39,99,75,27,18" hai2="47,126,94,50,4,29,111,85,62,90,74,88,125" hai3="15,40,79,97,109,2,13,0,78,66,24,101,112"/><T84/><D37/><U7/><E121/><V116/><F74/><W70/><G112/><T69/><D69/><U23/><E75/><V16/><F4/><W131/><G109/><T46/><D120/><U54/><E114/><V106/><F106/><W43/><G24/><T63/><D63/><U52/><E39/><V105/><F105/><W110/><G110/><T31/><D3/><U86/><E99/><V118/><F29/><W35/><G35/><T53/><D8/><N who="1" m="2159" /><E23/><V122/><F122/><W49/><G49/><T12/><D12/><N who="1" m="9287" /><E129/><V11/><F111/><W55/><G55/><T89/><REACH who="0" step="1"/><D82/><AGARI ba="0,0" hai="27,28,32,52,54,82,86,91" m="9287,2159" machi="82" ten="30,3900,0" yaku="24,1,52,1,54,1" doraHai="30" who="1" fromWho="0" sc="157,-39,272,39,294,0,277,0" owari="118,-38.0,311,41.0,294,9.0,277,-12.0" /></mjloggm>