<mjloggm ver="2.3"><GO type="169" lobby="0"/><UN n0="%E3%83%90%E3%83%90%E3%82%A2%E3%81%AE%E6%97%A5%E5%82%98" n1="%E3%82%B7%E3%83%B3%E3%83%87%E3%83%AB%E3%83%A9" n2="%E3%82%A6%E3%83%AB%E3%83%88%E3%83%A9%E7%AB%8B%E7%9B%B4" n3="%73%6F%64%6F%72" dan="17,17,17,16" rate="2205.48,2180.46,2124.46,2116.02" sx="F,M,M,M"/><TAIKYOKU oya="0"/><INIT seed="0,0,0,4,2,93" ten="250,250,250,250" oya="0" hai0="53,113,37,7,43,72,51,49,8,19,131,115,61" hai1="16,3,133,66,129,59,81,97,77,75,63,89,31" hai2="50,104,13,120,5,65,35,24,12,106,57,18,71" hai3="87,64,99,70,135,108,132,15,101,107,47,68,90"/><T128/><D72/><U56/><E133/><N who="3" m="51274" /><G108/><T46/><D19/><U86/><E129/><N who="0" m="49737" /><D7/><U105/><E3/><V94/><F5/><W95/><G64/><T0/><D0/><U34/><E16/><V1/><F1/><W6/><G47/><N who="0" m="24047" /><D8/><AGARI ba="0,0" hai="6,8,15,68,70,87,90,95,99,101,107" m="51274" machi="8" ten="30,2000,0" yaku="20,1,52,1" doraHai="93" who="3" fromWho="0" sc="250,-20,250,0,250,0,250,20" /><INIT seed="1,0,0,1,4,3" ten="230,250,250,270" oya="1" hai0="34,94,57,107,67,13,132,109,124,43,56,62,37" hai1="85,108,27,95,15,91,61,97,53,92,28,17,10" hai2="122,98,14,31,86,70,74,12,69,45,135,129,111" hai3="6,64,54,104,44,123,126,35,121,133,30,116,90"/><U23/><E108/><V1/><F1/><W8/><G104/><T33/><D107/><U59/><REACH who="1" step="1"/><E97/><REACH who="1" ten="230,240,250,270" step="2"/><V21/><F111/><W130/><G123/><T47/><D109/><U39/><E39/><V42/><F122/><W80/><G121/><T96/><D132/><U131/><E131/><V50/><F129/><W93/><G133/><T18/><D124/><U100/><E100/><V125/><F125/><W41/><G126/><T25/><D96/><U103/><E103/><V117/><F135/><W26/><G130/><T105/><D37/><U5/><E5/><V87/><F98/><W60/><G116/><T102/><D102/><U2/><E2/><V78/><F117/><W55/><G6/><T99/><D99/><U110/><E110/><V49/><F74/><W9/><G80/><AGARI ba="0,1" hai="10,15,17,23,27,28,53,59,61,80,85,91,92,95" machi="80" ten="30,11600,0" yaku="1,1,7,1,8,1,53,1" doraHai="3" doraHaiUra="24" who="1" fromWho="3" sc="230,0,240,126,250,0,270,-116" /><INIT seed="1,1,0,2,4,68" ten="230,366,250,154" oya="1" hai0="7,12,107,126,112,117,65,106,115,6,123,80,32" hai1="129,5,21,67,19,72,74,33,14,86,113,119,94" hai2="60,102,133,120,36,77,128,135,46,93,104,66,83" hai3="99,15,56,23,10,54,97,40,8,105,116,81,82"/><U108/><E113/><V4/><F104/><W78/><G116/><T3/><D32/><U45/><E119/><V39/><F120/><W91/><G40/><T70/><D3/><U2/><E67/><V69/><F4/><W20/><G105/><T22/><D65/><U24/><E129/><V38/><F46/><W76/><G56/><T134/><D70/><U92/><E45/><V85/><REACH who="2" step="1"/><F128/><REACH who="2" ten="230,366,240,154" step="2"/><W0/><G0/><T17/><D6/><U75/><E108/><V118/><F118/><W100/><G100/><T61/><D117/><U18/><E18/><V25/><F25/><W63/><G91/><T31/><D7/><U64/><E5/><V127/><F127/><W47/><G47/><T73/><D126/><U101/><E101/><V29/><F29/><W71/><G15/><T50/><D31/><U35/><E2/><V89/><F89/><W37/><G78/><T132/><D123/><U48/><E24/><V43/><F43/><W88/><G76/><N who="0" m="44047" /><D106/><U98/><E19/><V49/><F49/><W109/><G109/><T87/><D50/><U122/><E48/><V111/><F111/><W79/><G79/><T52/><D107/><U121/><E121/><V44/><F44/><W57/><G88/><T26/><D26/><U103/><E122/><V28/><F28/><W42/><G42/><T59/><D112/><U51/><E51/><V62/><F62/><W90/><G90/><T16/><D115/><U58/><E103/><V124/><F124/><W27/><G27/><N who="0" m="14791" /><D87/><U1/><E86/><V55/><F55/><W110/><G54/><T125/><D125/><RYUUKYOKU ba="1,1" sc="230,15,366,-15,240,15,154,-15" hai0="12,17,52,59,61,132,134" hai2="36,38,39,60,66,69,77,83,85,93,102,133,135" /><INIT seed="2,2,1,3,5,34" ten="245,351,255,139" oya="2" hai0="128,37,83,10,68,93,121,25,66,127,26,86,109" hai1="0,40,50,107,11,32,65,90,23,43,17,108,89" hai2="9,115,33,12,1,97,117,6,126,96,120,99,91" hai3="16,105,49,95,78,19,52,62,123,122,111,125,100"/><V14/><F120/><W45/><G105/><T113/><D109/><U21/><E108/><V133/><F117/><W103/><G111/><T84/><D37/><U38/><E32/><V28/><F115/><W130/><G122/><T2/><D113/><U57/><E107/><V31/><F126/><W69/><G123/><T110/><D110/><U102/><E102/><V132/><F91/><W20/><G78/><T118/><D121/><U13/><E38/><V135/><REACH who="2" step="1"/><F33/><REACH who="2" ten="245,351,245,139" step="2"/><W116/><G116/><T77/><D118/><U64/><E90/><V27/><F27/><W39/><G125/><T58/><D25/><U82/><E89/><V18/><F18/><W54/><G19/><T67/><D26/><U101/><E17/><V29/><AGARI ba="2,2" hai="1,6,9,12,14,28,29,31,96,97,99,132,133,135" machi="29" ten="40,24000,3" yaku="1,1,0,1,29,2,20,1,52,1,53,3" doraHai="34" doraHaiUra="94" who="2" fromWho="2" sc="245,-82,351,-82,245,266,139,-82" /><INIT seed="2,3,0,0,5,127" ten="163,269,511,57" oya="2" hai0="74,101,19,109,70,135,121,98,88,45,22,11,77" hai1="58,92,125,29,39,21,114,50,85,5,32,131,23" hai2="106,124,1,59,69,119,112,68,105,80,67,16,6" hai3="25,126,10,40,120,97,9,117,95,122,20,33,73"/><V12/><F119/><W3/><G73/><T123/><D109/><U82/><E39/><V90/><F112/><W102/><G117/><T86/><D70/><U51/><E114/><V83/><F1/><W130/><G126/><T27/><D74/><U64/><E125/><V87/><F6/><W43/><G33/><T34/><D77/><U31/><E131/><V133/><F133/><W38/><G130/><T26/><D135/><U48/><E5/><V129/><F129/><W72/><G72/><T53/><D11/><U0/><E0/><V78/><F124/><W57/><G122/><T62/><D27/><U47/><E92/><V71/><F59/><W110/><G120/><T14/><D34/><U99/><E99/><V113/><F67/><W4/><G10/><T104/><D26/><U132/><E132/><V100/><F100/><W116/><G116/><T91/><D91/><N who="1" m="51639" /><E32/><V30/><F30/><N who="1" m="11273" /><E47/><V93/><F113/><W35/><G35/><T65/><D65/><U111/><E111/><V36/><F36/><W8/><G110/><T128/><D128/><U115/><E115/><V18/><F83/><W24/><G38/><T96/><D96/><U41/><E41/><V89/><F89/><W2/><G57/><T46/><D46/><U28/><E28/><V56/><F56/><W81/><G81/><N who="0" m="49231" /><D45/><U42/><E42/><N who="3" m="15914" /><G20/><T54/><D54/><U44/><E44/><V61/><F69/><W118/><G118/><T63/><D53/><U13/><E13/><V134/><F71/><W52/><G52/><T84/><D84/><U75/><E75/><N who="2" m="43103" /><F68/><W37/><G37/><RYUUKYOKU ba="3,0" sc="163,10,269,10,511,-30,57,10" hai0="14,19,22,62,63,98,101,104,121,123" hai1="21,23,48,50,51,58,64" hai3="2,3,4,8,9,24,25,95,97,102" /><INIT seed="3,4,0,1,3,135" ten="173,279,481,67" oya="3" hai0="76,15,71,30,51,83,19,12,33,37,70,100,74" hai1="81,93,128,56,17,10,59,5,31,66,54,25,67" hai2="58,95,114,72,64,82,26,73,113,132,75,109,102" hai3="116,126,130,49,41,78,3,87,80,90,79,52,24"/><W7/><G116/><T122/><D37/><U123/><E123/><V27/><F82/><W99/><G130/><T121/><D70/><U36/><E36/><V34/><F34/><W63/><G24/><T91/><D71/><U105/><E105/><V101/><F95/><N who="3" m="56823" /><G3/><T107/><D33/><U62/><E128/><V120/><F120/><W50/><G7/><T133/><D30/><U61/><E17/><V92/><F92/><W42/><G126/><T86/><D12/><N who="1" m="5199" /><E81/><V13/><F132/><W112/><G79/><T38/><D38/><U2/><E2/><V106/><F13/><W124/><G124/><T104/><D133/><U68/><E68/><V118/><F106/><W97/><G97/><N who="0" m="61455" /><D51/><N who="3" m="19465" /><G112/><T77/><D77/><U6/><E93/><V108/><F118/><W22/><G22/><N who="0" m="11647" /><D107/><U32/><E6/><V129/><F129/><W85/><G85/><T35/><D35/><U23/><E32/><V98/><F73/><W131/><G131/><T9/><D9/><U21/><E21/><V16/><F75/><W55/><G63/><T47/><D121/><U65/><AGARI ba="4,0" hai="23,25,31,54,56,59,61,62,65,66,67" m="5199" machi="65" ten="30,1100,0" yaku="8,1" doraHai="135" who="1" fromWho="1" sc="173,-7,279,23,481,-7,67,-9" /><INIT seed="4,0,0,4,0,80" ten="166,302,474,58" oya="0" hai0="65,40,6,53,61,20,85,60,90,129,124,122,103" hai1="123,59,35,56,83,117,125,47,23,135,67,110,11" hai2="29,10,102,0,71,8,116,50,104,118,42,36,2" hai3="38,39,3,74,46,63,77,91,98,93,14,113,24"/><T106/><D122/><U66/><E110/><V128/><F71/><W78/><G3/><T130/><D40/><U92/><E35/><V41/><F50/><W97/><G113/><T69/><D124/><U12/><E123/><V7/><F29/><W51/><G63/><T107/><D6/><U68/><E117/><V101/><F128/><N who="0" m="49258" /><D103/><U13/><E125/><V73/><F73/><W43/><G24/><T89/><D89/><U27/><E135/><V88/><F88/><W70/><G70/><T119/><D119/><U17/><E68/><V57/><F7/><W114/><G114/><T18/><D53/><U100/><E47/><V86/><F57/><W121/><G121/><T72/><D60/><U34/><E67/><V48/><F48/><W52/><G74/><T81/><D72/><U84/><E66/><V1/><F1/><W76/><G98/><T96/><D96/><N who="1" m="59399" /><E34/><V21/><F2/><W5/><REACH who="3" step="1"/><G43/><REACH who="3" ten="166,302,474,48" step="2"/><T132/><D132/><U99/><E99/><V133/><F42/><W108/><G108/><T58/><D69/><U126/><E126/><V33/><F41/><W19/><G19/><T26/><AGARI ba="0,1" hai="18,20,26,58,61,65,81,85,90,106,107" m="49258" machi="26" ten="30,3000,0" yaku="19,1,52,1" doraHai="80" who="0" fromWho="0" sc="166,40,302,-10,474,-10,48,-10" /><INIT seed="4,1,0,3,2,64" ten="206,292,464,38" oya="0" hai0="80,26,45,133,41,65,0,104,112,30,76,93,103" hai1="98,120,14,70,23,60,25,63,11,19,83,21,31" hai2="86,4,34,1,135,85,52,58,78,42,24,75,84" hai3="116,55,51,38,122,96,124,16,66,67,94,127,15"/><T114/><D0/><U121/><E83/><V88/><F42/><W20/><G38/><T27/><D104/><U126/><E126/><N who="3" m="48170" /><G116/><T49/><D133/><U113/><E113/><N who="0" m="43625" /><D65/><U39/><E39/><V18/><F78/><W101/><G122/><T2/><D2/><U82/><E82/><V71/><F75/><W69/><G69/><T99/><D30/><U35/><E98/><V32/><F71/><W73/><G73/><AGARI ba="1,0" hai="26,27,41,45,49,73,76,80,93,99,103" m="43625" machi="73" ten="30,1500,0" yaku="15,1" doraHai="64" who="0" fromWho="3" sc="206,18,292,0,464,0,38,-18" /><INIT seed="4,2,0,3,0,32" ten="224,292,464,20" oya="0" hai0="71,46,59,90,103,61,47,126,66,48,21,15,45" hai1="73,108,35,38,6,55,44,97,57,128,3,86,102" hai2="109,40,118,96,132,28,121,11,33,31,74,37,23" hai3="100,98,13,135,49,78,20,24,125,77,29,54,75"/><T72/><D126/><U56/><E108/><V62/><F23/><W95/><G125/><T119/><D119/><U80/><E128/><V129/><F31/><W89/><G75/><T8/><D72/><U14/><E35/><V9/><F9/><W106/><G135/><T17/><D103/><U60/><E73/><V79/><F11/><W82/><G13/><T84/><D71/><U93/><E3/><V113/><F96/><W19/><G29/><T99/><D99/><U127/><E127/><V83/><F62/><W111/><G111/><T131/><D131/><U1/><E1/><V115/><F109/><W64/><G64/><T130/><D21/><U58/><E38/><V27/><F129/><W34/><G34/><T63/><D63/><U30/><E30/><V76/><F76/><W16/><G19/><T92/><REACH who="0" step="1"/><D130/><REACH who="0" ten="214,292,464,20" step="2"/><U85/><E60/><V0/><F118/><W133/><G133/><T124/><D124/><U69/><E69/><V112/><F132/><W12/><G24/><T94/><D94/><U43/><E93/><V68/><F68/><W105/><G105/><T2/><D2/><U10/><E97/><V101/><F101/><W50/><G106/><T110/><D110/><U122/><E102/><V81/><F0/><W114/><G114/><T87/><D87/><U91/><E86/><V7/><F112/><W42/><G42/><AGARI ba="2,1" hai="8,15,17,42,45,46,47,48,59,61,66,84,90,92" machi="42" ten="30,11600,0" yaku="1,1,7,1,8,1,53,1" doraHai="32" doraHaiUra="52" who="0" fromWho="3" sc="214,132,292,0,464,0,20,-122" owari="346,15.0,292,-11.0,464,56.0,-102,-60.0" /></mjloggm>