<mjloggm ver="2.3"><GO type="169" lobby="0"/><UN n0="%E3%83%88%E3%83%88%E3%83%AA%E5%85%88%E7%94%9F%31%39%E6%AD%B3" n1="%65%69%6B%31" n2="%74%61%74%73%75%37%30%32" n3="%77%61%77%61%33%30%33%30" dan="18,16,16,16" rate="2150.02,2122.94,2186.73,2189.54" sx="F,M,M,M"/><TAIKYOKU oya="0"/><INIT seed="0,0,0,1,5,84" ten="250,250,250,250" oya="0" hai0="88,129,108,55,77,74,99,112,85,42,38,79,128" hai1="89,31,111,51,96,4,26,126,9,20,122,0,19" hai2="48,113,132,62,28,44,73,29,114,69,57,92,127" hai3="50,93,110,16,49,22,116,54,8,6,101,32,72"/><T13/><D112/><U66/><E122/><V39/><F73/><W102/><G110/><T76/><D108/><U21/><E111/><V36/><F92/><W45/><G32/><T3/><D3/><U11/><E126/><V121/><F29/><W91/><G72/><T30/><D74/><U47/><E66/><N who="2" m="41175" /><F28/><W94/><G94/><N who="0" m="56775" /><D30/><U23/><E11/><V115/><F121/><W78/><G78/><T61/><D13/><U119/><E119/><V103/><F103/><W37/><G37/><N who="2" m="14409" /><F57/><N who="3" m="32975" /><G8/><T117/><D117/><U81/><E31/><V123/><F123/><W24/><G6/><T83/><D38/><U82/><E82/><V1/><F1/><W87/><G116/><T70/><D70/><U18/><E18/><V118/><F127/><W95/><G95/><T2/><D2/><U134/><E19/><V10/><F10/><W15/><G24/><T46/><D76/><U80/><E26/><V41/><F118/><W90/><G90/><T59/><D77/><U97/><E0/><V100/><F100/><W109/><G109/><T135/><D135/><AGARI ba="0,0" hai="41,44,48,113,114,115,132,135" m="14409,41175" machi="135" ten="40,2600,0" yaku="34,2" doraHai="84" who="2" fromWho="0" sc="250,-26,250,0,250,26,250,0" /><INIT seed="1,0,0,5,1,52" ten="224,250,276,250" oya="1" hai0="121,8,47,55,129,21,10,48,81,51,111,84,33" hai1="23,106,62,91,42,125,85,115,3,57,107,38,105" hai2="99,56,80,102,66,36,72,25,22,13,35,73,77" hai3="19,1,98,118,43,114,63,50,39,9,87,132,119"/><U37/><E115/><V20/><F36/><W117/><G39/><T45/><D33/><U135/><E3/><V61/><F73/><W15/><G114/><T131/><D111/><U96/><E125/><V122/><F122/><W18/><G1/><T78/><D121/><U89/><E135/><V27/><F27/><W68/><G132/><T100/><D100/><U116/><E116/><V104/><REACH who="2" step="1"/><F13/><REACH who="2" ten="224,250,266,250" step="2"/><W26/><G26/><T82/><D131/><U134/><E134/><V94/><F94/><W83/><G117/><T74/><D129/><U75/><E75/><V31/><AGARI ba="0,1" hai="20,22,25,31,35,56,61,66,72,77,80,99,102,104" machi="31" ten="30,4000,0" yaku="1,1,0,1,52,1,53,0" doraHai="52" doraHaiUra="110" who="2" fromWho="2" sc="224,-10,250,-20,266,50,250,-10" /><INIT seed="2,0,0,2,3,117" ten="214,230,316,240" oya="2" hai0="127,60,19,74,93,43,106,62,49,88,6,101,105" hai1="75,29,35,98,94,80,46,30,123,31,130,119,8" hai2="129,48,86,76,87,65,0,32,25,38,120,110,131" hai3="37,89,104,67,95,53,103,52,27,64,5,81,125"/><V13/><F120/><W12/><G125/><T68/><D74/><U23/><E35/><V58/><F38/><W85/><G37/><T33/><D127/><U56/><E119/><V92/><F0/><W126/><G126/><T96/><D33/><U44/><E130/><N who="2" m="49675" /><F110/><W16/><G104/><T41/><D6/><U1/><E23/><V70/><F70/><W90/><G103/><T4/><D4/><U45/><E1/><V57/><F13/><W36/><G36/><T54/><D106/><U14/><E56/><V116/><F116/><W59/><G53/><T28/><D28/><U24/><E123/><V133/><F133/><W83/><G27/><T42/><D19/><U18/><E24/><V102/><F48/><N who="3" m="31111" /><G5/><T99/><REACH who="0" step="1"/><D68/><REACH who="0" ten="204,230,316,240" step="2"/><U78/><REACH who="1" step="1"/><E30/><REACH who="1" ten="204,220,316,240" step="2"/><V22/><F32/><W72/><G72/><T79/><D79/><U17/><E17/><N who="2" m="12495" /><F65/><W7/><G67/><T121/><D121/><U73/><E73/><V34/><F34/><W50/><G64/><T63/><D63/><U82/><E82/><N who="2" m="47431" /><F102/><AGARI ba="0,2" hai="8,14,18,29,31,44,45,46,75,78,80,94,98,102" machi="102" ten="40,1300,0" yaku="1,1,53,0" doraHai="117" doraHaiUra="20" who="1" fromWho="2" sc="204,0,220,33,316,-13,240,0" /><INIT seed="3,0,0,4,0,91" ten="204,253,303,240" oya="3" hai0="31,133,54,114,34,105,8,63,69,43,41,80,99" hai1="67,88,13,21,120,94,3,5,106,52,44,131,62" hai2="117,30,25,104,39,36,46,35,71,47,134,83,59" hai3="51,14,124,16,72,12,33,27,0,22,6,79,110"/><W128/><G72/><T17/><D133/><U86/><E106/><V113/><F134/><W122/><G79/><T57/><D114/><U68/><E120/><V15/><F113/><W42/><G122/><T66/><D80/><U107/><E107/><V115/><F104/><W130/><G42/><T101/><D17/><U127/><E127/><V10/><F115/><W40/><G40/><T108/><D8/><U4/><E3/><V121/><F71/><W77/><G51/><T1/><D1/><U84/><E131/><N who="3" m="50218" /><G77/><T23/><D23/><U28/><E84/><V87/><F117/><W29/><G124/><T60/><REACH who="0" step="1"/><D108/><REACH who="0" ten="194,253,303,240" step="2"/><U135/><E135/><V18/><F121/><W82/><G82/><T7/><D7/><U2/><E2/><V132/><F132/><W50/><G110/><T65/><D65/><U64/><E64/><V129/><F129/><W119/><G119/><T24/><AGARI ba="0,1" hai="24,31,34,41,43,54,57,60,63,66,69,99,101,105" machi="24" ten="30,7900,0" yaku="1,1,0,1,25,2,53,0" doraHai="91" doraHaiUra="70" who="0" fromWho="0" sc="194,89,253,-20,303,-20,240,-39" /><INIT seed="4,0,0,2,2,35" ten="283,233,283,201" oya="0" hai0="97,50,26,28,61,95,27,63,41,54,38,0,96" hai1="80,126,123,67,79,57,29,122,107,134,92,82,93" hai2="15,21,106,112,131,47,8,51,14,22,66,75,58" hai3="46,12,74,43,132,70,32,4,19,102,1,17,99"/><T116/><D116/><U81/><E29/><V39/><F112/><W104/><G74/><T73/><D73/><U25/><E25/><N who="0" m="9225" /><D38/><U90/><E57/><V62/><F131/><W115/><G32/><T9/><D28/><U120/><E67/><V48/><F106/><W87/><G70/><T60/><D41/><U13/><E13/><V7/><F75/><W98/><G115/><T129/><D129/><U59/><E59/><V20/><F39/><W49/><G132/><T117/><D117/><U125/><E107/><V89/><F89/><W86/><G99/><N who="0" m="37963" /><D95/><N who="1" m="36427" /><E134/><V108/><F108/><W42/><G42/><T11/><D0/><U40/><E40/><N who="2" m="24679" /><F51/><W34/><G34/><T113/><D113/><U118/><E118/><V56/><F56/><AGARI ba="0,0" hai="9,11,50,54,56,60,61,63" m="37963,9225" machi="56" ten="30,5800,0" yaku="26,2,8,1" doraHai="35" who="0" fromWho="2" sc="283,58,233,0,283,-58,201,0" /><INIT seed="4,1,0,0,1,62" ten="341,233,225,201" oya="0" hai0="31,72,96,25,74,123,73,35,37,9,53,42,16" hai1="76,83,28,63,94,27,22,109,79,107,47,3,125" hai2="116,2,52,61,80,59,17,101,58,30,126,103,115" hai3="20,128,8,108,10,38,67,49,87,86,7,111,119"/><T24/><D123/><U120/><E107/><V39/><F39/><W102/><G38/><T36/><D42/><U48/><E120/><V50/><F115/><W71/><G119/><T15/><D53/><U117/><E117/><V84/><F126/><W21/><G102/><T11/><D96/><U41/><E109/><V90/><F2/><W43/><G128/><T124/><D124/><U88/><E125/><V85/><F116/><W134/><G134/><T68/><D68/><U78/><E3/><V82/><F30/><W105/><G49/><T110/><D110/><U65/><E83/><V92/><F17/><W57/><G57/><T56/><D56/><N who="1" m="37095" /><E78/><V54/><F92/><W60/><G60/><T44/><D44/><U46/><E46/><V19/><F19/><W97/><G97/><AGARI ba="1,0" hai="22,27,28,41,47,48,76,79,88,94,97" m="37095" machi="97" ten="30,3900,0" yaku="8,1,52,1,54,1" doraHai="62" who="1" fromWho="3" sc="341,0,233,42,225,0,201,-42" /><INIT seed="5,0,0,5,2,129" ten="341,275,225,159" oya="1" hai0="38,21,96,3,12,25,95,73,6,59,98,17,34" hai1="44,76,86,50,78,68,104,33,0,77,37,24,81" hai2="49,11,41,90,126,56,53,93,82,84,13,2,54" hai3="123,22,30,40,102,14,94,122,112,97,89,75,61"/><U100/><E37/><V35/><F126/><W5/><G112/><T66/><D73/><U31/><E0/><V64/><F35/><W83/><G40/><T39/><D98/><U51/><E68/><V115/><F2/><W69/><G5/><T125/><D125/><U134/><E134/><V29/><F115/><W85/><G75/><T70/><D70/><U108/><E108/><V8/><F29/><W106/><G106/><T79/><D79/><U1/><E1/><V46/><F64/><W74/><G74/><T18/><D18/><U28/><E28/><V91/><F53/><W101/><G102/><T80/><D80/><U63/><E63/><V26/><F26/><W47/><G47/><T120/><D120/><U107/><E51/><V32/><F13/><W113/><G113/><T72/><D72/><U103/><E104/><V128/><F32/><W117/><G117/><T130/><D130/><U88/><REACH who="1" step="1"/><E107/><REACH who="1" ten="341,265,225,159" step="2"/><V109/><F109/><W16/><REACH who="3" step="1"/><G30/><REACH who="3" ten="341,265,225,149" step="2"/><N who="0" m="19791" /><D39/><U57/><E57/><V131/><F131/><W43/><G43/><AGARI ba="0,2" hai="24,31,33,43,44,50,76,77,78,81,86,88,100,103" machi="43" ten="40,3900,0" yaku="1,1,54,1,53,0" doraHai="129" doraHaiUra="110" who="1" fromWho="3" sc="341,0,265,59,225,0,149,-39" /><INIT seed="5,1,0,4,3,54" ten="341,324,225,110" oya="1" hai0="76,94,49,26,63,61,70,104,92,14,84,60,98" hai1="132,51,56,16,44,124,95,134,28,72,45,55,74" hai2="1,75,81,30,117,69,93,115,21,108,73,43,40" hai3="7,62,87,113,8,58,85,116,35,5,37,112,119"/><U22/><E28/><V125/><F81/><W24/><G37/><T9/><D104/><U82/><E124/><V133/><F93/><W118/><G35/><T32/><D70/><U109/><E109/><V12/><F12/><W23/><G7/><T66/><D32/><U6/><E6/><V41/><F41/><W27/><G8/><T65/><D26/><U3/><E3/><V110/><F21/><W114/><G5/><N who="0" m="3375" /><D49/><U126/><E126/><V103/><F30/><W129/><G129/><T71/><D71/><U131/><E95/><N who="0" m="36393" /><D98/><U19/><E131/><V128/><F103/><W122/><G122/><T100/><D100/><U48/><E82/><AGARI ba="1,0" hai="60,61,63,65,66,76,82,84" m="36393,3375" machi="82" ten="30,1000,0" yaku="8,1" doraHai="54" who="0" fromWho="1" sc="341,13,324,-13,225,0,110,0" /><INIT seed="6,0,0,5,0,24" ten="354,311,225,110" oya="2" hai0="41,3,101,2,95,62,35,115,13,67,49,130,58" hai1="61,78,135,27,7,46,17,37,28,96,9,52,40" hai2="45,48,109,88,65,90,8,11,4,71,38,53,10" hai3="16,70,68,63,43,93,29,105,116,20,120,73,97"/><V34/><F34/><W39/><G116/><T134/><D35/><U84/><E135/><V47/><F109/><W104/><G120/><T128/><D134/><U14/><E96/><V91/><F71/><W54/><G73/><T92/><D115/><U121/><E121/><V82/><F65/><W103/><G39/><T64/><D64/><U69/><E78/><V108/><F108/><W60/><G43/><T85/><D13/><U133/><E133/><V56/><F38/><W44/><G68/><T74/><D74/><U32/><E84/><V111/><F111/><W59/><G44/><N who="0" m="25743" /><D85/><U87/><E87/><V19/><F4/><W36/><G36/><T106/><D106/><U23/><E69/><V30/><F30/><W99/><G70/><T1/><D101/><U119/><E119/><V66/><F82/><W55/><G29/><T77/><D77/><U94/><E94/><V114/><F114/><W110/><G110/><T6/><D6/><U113/><E113/><V5/><F5/><W25/><REACH who="3" step="1"/><G99/><REACH who="3" ten="354,311,225,100" step="2"/><T50/><D130/><U12/><E40/><V127/><F127/><W51/><G51/><T72/><D50/><U98/><E98/><V15/><F47/><W107/><G107/><T117/><D72/><U83/><E37/><V75/><F75/><W21/><G21/><T26/><D117/><U79/><E46/><V123/><F123/><W100/><G100/><T22/><D128/><U129/><E129/><V0/><F0/><W81/><G81/><T102/><D102/><U89/><E83/><V80/><F80/><W112/><G112/><T18/><AGARI ba="0,1" hai="1,2,3,18,22,26,58,62,67,92,95" m="25743" machi="18" ten="30,1100,0" yaku="5,1" doraHai="24" who="0" fromWho="0" sc="354,21,311,-3,225,-5,100,-3" /><INIT seed="7,0,0,1,4,129" ten="375,308,220,97" oya="3" hai0="30,75,107,91,13,34,39,123,76,78,5,94,46" hai1="80,73,35,43,116,96,119,37,44,26,60,23,49" hai2="130,104,108,6,111,61,57,42,135,69,95,15,17" hai3="83,99,134,64,98,100,68,125,59,102,54,133,97"/><W118/><G118/><T47/><D123/><U109/><E35/><V92/><F104/><W24/><G125/><T84/><D107/><U132/><E109/><V79/><F130/><W27/><G68/><T66/><D75/><U131/><E131/><V122/><F69/><W124/><G64/><T19/><D5/><U113/><E113/><V105/><F105/><W110/><G124/><T77/><D39/><U127/><E127/><V114/><F6/><W117/><G117/><T14/><D34/><U88/><E37/><V2/><F2/><W65/><G65/><T70/><D30/><U51/><E60/><V71/><F71/><W62/><G83/><T20/><D66/><U40/><E73/><V89/><F42/><W22/><G110/><T7/><D70/><U32/><E32/><V45/><F45/><N who="0" m="16906" /><D7/><U10/><E10/><V3/><F95/><W53/><G53/><T18/><D77/><U58/><E43/><V81/><F3/><W48/><G62/><T25/><D25/><N who="3" m="9801" /><G22/><AGARI ba="0,0" hai="13,14,18,19,20,22,76,78,84,91,94" m="16906" machi="22" ten="30,1000,0" yaku="8,1" doraHai="129" who="0" fromWho="3" sc="375,10,308,0,220,0,97,-10" owari="385,48.0,308,11.0,220,-18.0,87,-41.0" /></mjloggm>