<mjloggm ver="2.3"><GO type="169" lobby="0"/><UN n0="%7A%65%61%6C%E2%88%AB" n1="%E3%81%8D%E3%81%8F%E3%81%A6%E3%81%83%E3%81%99%E2%98%86" n2="%E2%98%86%EF%BC%B2%EF%BC%8E%EF%BC%A4%EF%BC%8E%E2%98%85" n3="%E3%82%A6%E3%83%AB%E3%83%88%E3%83%A9%E7%AB%8B%E7%9B%B4" dan="16,16,16,17" rate="2068.53,2120.39,2024.80,2143.44" sx="M,M,M,M"/><TAIKYOKU oya="0"/><INIT seed="0,0,0,4,4,84" ten="250,250,250,250" oya="0" hai0="15,87,31,9,64,103,80,29,54,44,74,59,18" hai1="91,109,0,115,36,8,24,72,57,125,96,40,73" hai2="22,95,120,25,133,128,10,28,81,85,126,94,68" hai3="88,79,38,52,110,114,132,19,11,78,26,104,129"/><T119/><D119/><U89/><E109/><V63/><F120/><W108/><G114/><T1/><D74/><U16/><E115/><V122/><F122/><W66/><G104/><T92/><D1/><U97/><E125/><V105/><F105/><W98/><G38/><T112/><D44/><U43/><E0/><V62/><F126/><W2/><G66/><T50/><D64/><U55/><E36/><V135/><F128/><W42/><G42/><N who="1" m="15914" /><E73/><V83/><F10/><W12/><G2/><T13/><D13/><N who="1" m="7207" /><E72/><V49/><F49/><W127/><G127/><T124/><D124/><U45/><E45/><V4/><F4/><W47/><G129/><T67/><D112/><U107/><E107/><V32/><F32/><W90/><G132/><N who="2" m="50761" /><F68/><W101/><G26/><T48/><D67/><U77/><E77/><N who="2" m="46255" /><F83/><W111/><G79/><T65/><D65/><U46/><E46/><V76/><F76/><W7/><G78/><T100/><D80/><U70/><E70/><V102/><F102/><W30/><G30/><N who="0" m="11275" /><D103/><U35/><E35/><V93/><AGARI ba="0,0" hai="22,25,28,62,63,93,94,95" m="46255,50761" machi="93" ten="30,1100,0" yaku="20,1" doraHai="84" who="2" fromWho="2" sc="250,-5,250,-3,250,11,250,-3" /><INIT seed="1,0,0,0,2,75" ten="245,247,261,247" oya="1" hai0="56,59,63,116,32,18,67,8,103,6,120,134,70" hai1="135,76,45,54,73,121,83,22,48,77,12,19,124" hai2="44,62,86,108,15,4,55,36,24,17,69,39,57" hai3="23,46,29,106,122,102,100,80,85,107,92,31,52"/><U117/><E121/><V99/><F108/><W129/><G122/><T10/><D120/><U72/><E117/><V84/><F69/><W42/><G129/><T101/><D116/><U1/><E1/><V47/><F36/><W123/><G123/><T89/><D32/><U38/><E135/><V40/><F99/><W68/><G68/><T3/><D134/><U130/><E130/><V53/><F4/><W41/><G106/><T78/><D78/><U14/><E124/><V21/><F39/><W113/><G107/><T33/><D33/><U66/><E66/><V30/><F40/><N who="3" m="15467" /><G113/><T98/><D89/><U64/><E38/><V82/><F53/><W61/><G92/><T0/><D101/><N who="3" m="39017" /><G23/><T11/><D11/><U104/><E104/><V97/><F97/><W60/><G46/><N who="2" m="17449" /><F82/><W95/><G95/><T132/><D132/><U87/><E64/><V50/><F50/><W71/><G71/><T5/><REACH who="0" step="1"/><D18/><REACH who="0" ten="235,247,261,247" step="2"/><U91/><E73/><V27/><F27/><W58/><G61/><T125/><D125/><U118/><E118/><V110/><F110/><W111/><G111/><T114/><D114/><U79/><E72/><V119/><F119/><W65/><G65/><T105/><AGARI ba="0,1" hai="0,3,5,6,8,10,56,59,63,67,70,98,103,105" machi="105" ten="20,5200,0" yaku="1,1,0,1,7,1,9,1,53,0" doraHai="75" doraHaiUra="28" who="0" fromWho="0" sc="235,62,247,-26,261,-13,247,-13" /><INIT seed="2,0,0,5,2,60" ten="297,221,248,234" oya="2" hai0="113,107,81,11,24,43,75,13,78,18,117,99,110" hai1="98,12,16,46,3,120,19,73,126,58,92,76,59" hai2="103,2,68,10,56,67,91,72,5,22,63,134,62" hai3="7,121,88,82,119,6,14,84,4,49,36,74,104"/><V123/><F123/><W125/><G36/><T65/><D113/><U1/><E120/><V21/><F134/><W71/><G121/><T106/><D110/><U33/><E33/><V39/><F39/><W50/><G119/><T30/><D117/><U53/><E126/><V32/><F32/><W94/><G125/><T80/><D43/><U64/><E1/><V133/><F133/><W90/><G104/><T112/><D112/><U17/><E3/><V31/><F72/><W8/><G71/><T127/><D127/><U111/><E111/><V85/><F103/><W42/><G74/><T61/><D81/><U28/><E28/><V52/><REACH who="2" step="1"/><F31/><REACH who="2" ten="297,221,238,234" step="2"/><W132/><G132/><T79/><D75/><U0/><E73/><V116/><F116/><W29/><G29/><T95/><D107/><U109/><E109/><V128/><F128/><W15/><G42/><T44/><D106/><U41/><E41/><V108/><F108/><W48/><REACH who="3" step="1"/><G15/><REACH who="3" ten="297,221,238,224" step="2"/><T9/><D13/><U87/><E0/><V114/><F114/><W124/><G124/><T40/><D30/><U47/><E12/><V55/><F55/><W86/><AGARI ba="0,2" hai="4,6,7,8,14,48,49,50,82,84,86,88,90,94" machi="86" ten="30,7900,0" yaku="1,1,0,1,8,1,54,1,53,0" doraHai="60" doraHaiUra="100" who="3" fromWho="3" sc="297,-20,221,-20,238,-39,224,99" /><INIT seed="3,0,0,2,1,129" ten="277,201,199,323" oya="3" hai0="13,26,57,36,117,59,4,109,0,24,114,123,88" hai1="54,130,105,102,103,107,81,20,93,37,72,106,53" hai2="95,100,10,50,18,111,80,11,56,58,84,30,62" hai3="99,31,119,5,128,42,96,110,66,87,97,92,19"/><W51/><G128/><T55/><D117/><U79/><E37/><V89/><F111/><W101/><G119/><T77/><D109/><U48/><E130/><V134/><F30/><W28/><G110/><T49/><D36/><U3/><E3/><V14/><F134/><W2/><G2/><T135/><D135/><U90/><E20/><V64/><F10/><W65/><G5/><T63/><D77/><U116/><E116/><V76/><F100/><W21/><G101/><T82/><D123/><U6/><E6/><V75/><REACH who="2" step="1"/><F50/><REACH who="2" ten="277,201,189,323" step="2"/><W16/><G31/><T91/><D49/><U7/><E7/><V52/><F52/><W41/><G28/><T73/><D55/><U78/><E53/><V15/><F15/><N who="3" m="9375" /><G19/><T32/><D13/><U115/><E54/><V44/><F44/><N who="3" m="25999" /><G42/><T126/><D4/><U86/><E48/><V9/><F9/><W113/><G113/><T121/><D114/><U33/><E115/><V34/><F34/><W122/><G122/><T47/><D0/><U125/><E33/><V108/><F108/><W127/><G127/><T132/><D121/><U38/><E125/><V29/><F29/><W67/><G67/><T23/><D126/><U70/><E38/><V22/><F22/><W85/><G66/><T120/><D132/><U45/><E45/><V68/><AGARI ba="0,1" hai="11,14,18,56,58,62,64,68,75,76,80,84,89,95" machi="68" ten="20,2700,0" yaku="1,1,0,1,7,1,53,0" doraHai="129" doraHaiUra="98" who="2" fromWho="2" sc="277,-7,201,-7,189,37,323,-13" /><INIT seed="4,0,0,0,1,21" ten="270,194,226,310" oya="0" hai0="110,51,13,60,20,34,126,79,9,4,101,45,134" hai1="112,104,123,87,72,52,39,54,109,114,62,49,92" hai2="41,70,33,32,93,81,38,115,113,80,8,15,42" hai3="31,96,57,48,30,98,78,53,35,89,95,103,129"/><T100/><D34/><N who="2" m="13418" /><F70/><W97/><G129/><T119/><D126/><U50/><E123/><V29/><F29/><N who="3" m="10763" /><G35/><T46/><D134/><U88/><E109/><V11/><F93/><N who="3" m="58831" /><G78/><T120/><D119/><U71/><E39/><V6/><F8/><W127/><G127/><T7/><D120/><U64/><E72/><V82/><F38/><W55/><G55/><N who="1" m="21034" /><E104/><V94/><F94/><W135/><G135/><T44/><D110/><U132/><E132/><V69/><F69/><W56/><G97/><T83/><D51/><U76/><E76/><V105/><F105/><W0/><G0/><T18/><D60/><U130/><E130/><V75/><F75/><W124/><G124/><T111/><D111/><U116/><E116/><V26/><F26/><W61/><G61/><T73/><REACH who="0" step="1"/><D7/><REACH who="0" ten="260,194,226,310" step="2"/><U59/><E71/><V5/><F6/><W24/><G57/><T106/><D106/><U14/><E49/><V16/><F5/><W90/><G56/><T36/><D36/><U47/><E50/><V77/><F77/><W68/><G68/><T10/><D10/><U3/><E62/><V117/><F117/><W12/><G48/><T86/><D86/><U2/><E87/><V122/><F122/><W108/><G108/><T118/><D118/><U25/><E47/><V131/><F131/><W63/><G63/><T23/><D23/><U37/><E37/><V1/><F11/><W19/><G53/><T58/><D58/><U65/><E59/><V67/><F41/><W133/><G133/><T17/><D17/><U125/><E125/><V74/><F42/><W121/><G19/><RYUUKYOKU ba="0,1" sc="260,30,194,-10,226,-10,310,-10" hai0="4,9,13,18,20,44,45,46,73,79,83,100,101" /><INIT seed="4,1,1,0,1,56" ten="290,184,216,300" oya="0" hai0="22,78,117,66,8,38,39,6,11,20,24,54,19" hai1="2,71,76,126,88,127,131,105,77,60,49,95,124" hai2="108,82,116,120,16,125,26,7,79,113,83,14,45" hai3="74,72,87,4,64,73,129,9,65,80,34,133,10"/><T84/><D117/><U1/><E105/><V44/><F120/><W90/><G34/><T99/><D66/><N who="1" m="41415" /><E131/><V68/><F108/><W109/><G109/><T102/><D39/><U69/><E49/><V107/><F116/><W17/><G129/><T114/><D38/><U98/><E69/><V62/><F113/><W42/><G133/><T55/><D114/><U67/><E67/><V32/><F125/><N who="1" m="32001" /><U128/><DORA hai="40" /><E128/><V132/><F107/><W92/><G42/><T91/><D78/><AGARI ba="1,1" hai="1,2,76,77,78,88,95,98" m="32001,41415" machi="78" ten="40,5200,0" yaku="18,1,52,1,54,1" doraHai="56,40" who="1" fromWho="0" sc="290,-55,184,65,216,0,300,0" /><INIT seed="5,0,0,5,1,119" ten="235,249,216,300" oya="1" hai0="9,84,126,53,18,35,101,45,96,132,58,92,59" hai1="60,111,54,127,100,68,4,115,2,3,72,89,39" hai2="93,8,97,15,117,55,120,11,105,135,114,25,116" hai3="80,81,88,74,75,94,79,123,1,113,77,42,103"/><U26/><E72/><V61/><F105/><W29/><G1/><T62/><D35/><U22/><E39/><V47/><F135/><W83/><G29/><T78/><D132/><U76/><E76/><N who="3" m="29258" /><G42/><T82/><D126/><U14/><E127/><V33/><F114/><W23/><G23/><T109/><D109/><U102/><E115/><V98/><F98/><N who="3" m="59863" /><G113/><T12/><REACH who="0" step="1"/><D59/><REACH who="0" ten="225,249,216,300" step="2"/><N who="1" m="34935" /><E68/><V57/><F33/><W122/><G88/><T133/><D133/><U73/><E111/><V10/><F57/><W50/><G50/><T27/><D27/><U106/><E26/><V34/><F25/><W16/><G16/><T46/><AGARI ba="0,1" hai="9,12,18,45,46,53,58,62,78,82,84,92,96,101" machi="46" ten="30,4000,0" yaku="1,1,0,1,8,1,53,0" doraHai="119" doraHaiUra="38" who="0" fromWho="0" sc="225,50,249,-20,216,-10,300,-10" /><INIT seed="6,0,0,1,4,102" ten="275,229,206,290" oya="2" hai0="42,87,57,131,15,52,105,125,84,64,16,55,59" hai1="33,24,97,40,126,99,106,12,41,32,34,109,17" hai2="10,128,115,77,110,94,71,13,20,6,2,122,60" hai3="73,44,113,14,100,78,67,74,0,50,120,98,72"/><V9/><F122/><W114/><G0/><T123/><D105/><U85/><E109/><V101/><F110/><W69/><G120/><T107/><D107/><U1/><E1/><V48/><F115/><N who="3" m="44043" /><G14/><T62/><D123/><U70/><E70/><V46/><F128/><W111/><G111/><T88/><D125/><U51/><E126/><V5/><F77/><W47/><G78/><T79/><D42/><U45/><E41/><V7/><F20/><W49/><G67/><T37/><D37/><U30/><E99/><V11/><F2/><W75/><G69/><T22/><D131/><U135/><E135/><V82/><F82/><W103/><G73/><T54/><D79/><U26/><E26/><V38/><F38/><W21/><G21/><T31/><D31/><U132/><E132/><V93/><F101/><N who="3" m="38987" /><G98/><T58/><D87/><U112/><E97/><V133/><F133/><W124/><G124/><T36/><D36/><U3/><E3/><V90/><F13/><W129/><G129/><T117/><D117/><U130/><E130/><V35/><F35/><W65/><G65/><T68/><D68/><U23/><E112/><V121/><F121/><W95/><G95/><AGARI ba="0,0" hai="15,16,22,52,54,55,57,58,59,62,64,84,88,95" machi="95" ten="40,8000,1" yaku="8,1,54,3" doraHai="102" who="0" fromWho="3" sc="275,80,229,0,206,0,290,-80" /><INIT seed="7,0,0,2,0,4" ten="355,229,206,210" oya="3" hai0="107,27,5,17,12,71,99,42,33,6,72,64,16" hai1="88,25,109,122,85,74,46,98,101,81,123,103,90" hai2="124,0,9,133,28,100,14,22,68,32,130,48,13" hai3="86,87,96,70,114,132,40,94,75,10,113,53,82"/><W57/><G70/><T61/><D72/><U60/><E46/><V128/><F68/><W59/><G132/><T115/><D42/><U37/><E60/><V111/><F111/><W129/><G129/><N who="2" m="49769" /><F133/><W125/><G125/><T15/><D15/><N who="2" m="5642" /><F124/><W3/><G40/><T11/><D115/><N who="3" m="44041" /><G75/><T49/><D49/><U67/><E25/><N who="2" m="18447" /><F48/><N who="3" m="30887" /><G59/><T73/><D73/><U119/><E37/><V108/><F108/><W20/><G20/><T18/><D6/><U47/><E109/><V7/><F100/><N who="3" m="60439" /><G82/><T89/><D5/><AGARI ba="0,0" hai="3,5,10,86,87" m="60439,30887,44041" machi="5" ten="30,2900,0" yaku="15,1,52,1" doraHai="4" who="3" fromWho="0" sc="355,-29,229,0,206,0,210,29" /><INIT seed="7,1,0,2,0,9" ten="326,229,206,239" oya="3" hai0="7,99,123,73,63,79,43,124,84,19,42,104,100" hai1="96,3,14,88,111,59,126,33,85,77,50,119,118" hai2="56,129,89,28,74,133,75,134,16,11,36,12,128" hai3="30,23,31,18,64,32,76,125,114,117,17,121,115"/><W82/><G121/><T87/><D123/><U57/><E3/><V52/><F36/><W39/><G32/><T67/><D7/><U10/><E33/><V54/><F28/><W8/><G39/><T110/><D110/><U1/><E111/><V116/><F89/><W122/><G122/><T47/><D124/><U58/><E1/><V65/><F65/><W105/><G105/><T90/><D19/><N who="1" m="8663" /><E126/><V68/><F68/><W130/><G64/><T102/><D87/><U44/><E77/><V51/><F54/><W21/><G130/><N who="2" m="50281" /><F116/><N who="1" m="44585" /><E96/><V80/><F80/><W22/><G117/><T55/><D100/><U49/><E44/><V70/><F70/><W61/><G125/><T15/><D79/><U106/><E106/><V46/><F46/><W4/><G82/><AGARI ba="1,0" hai="49,50,57,58,59,82,85,88" m="44585,8663" machi="82" ten="30,3900,0" yaku="12,1,52,1,54,1" doraHai="9" who="1" fromWho="3" sc="326,0,229,42,206,0,239,-42" owari="326,42.0,271,7.0,206,-19.0,197,-30.0" /></mjloggm>