<mjloggm ver="2.3"><GO type="225" lobby="0"/><UN n0="%53%65%6E%61%72" n1="%E3%83%88%E3%83%88%E3%83%AA%E5%85%88%E7%94%9F%31%39%E6%AD%B3" n2="%6D%61%74%69%67%75%73%61" n3="%65%76%61%63%61%6E%69%61" dan="17,18,16,16" rate="2109.61,2298.26,2128.25,2141.16" sx="M,F,M,M"/><TAIKYOKU oya="0"/><INIT seed="0,0,0,0,5,92" ten="250,250,250,250" oya="0" hai0="112,6,74,61,118,46,34,36,20,79,5,58,131" hai1="84,132,29,100,10,119,130,107,70,9,135,78,3" hai2="60,134,49,40,97,73,8,65,4,93,25,76,7" hai3="14,88,77,123,94,21,44,82,28,108,133,128,83"/><T117/><D34/><U31/><E119/><V23/><F134/><N who="1" m="51241" /><E70/><V62/><F73/><W38/><G133/><T59/><D112/><U101/><E130/><V115/><F115/><W11/><G128/><T1/><D131/><U26/><E31/><V81/><F40/><W55/><G108/><T127/><D20/><U129/><E129/><V33/><F33/><W30/><G123/><T54/><D127/><U37/><E37/><V105/><F105/><W125/><G125/><T50/><D36/><U48/><E78/><V15/><F49/><N who="3" m="29095" /><G38/><T13/><D1/><U126/><E126/><V68/><F60/><W56/><G56/><T67/><D58/><U47/><E84/><V66/><F66/><W71/><G71/><T16/><D117/><U114/><E114/><V12/><F81/><N who="3" m="30731" /><G21/><T98/><D118/><U122/><E122/><V116/><F76/><W96/><G77/><T0/><D0/><U51/><E51/><V102/><F116/><W17/><AGARI ba="0,0" hai="11,14,17,28,30,88,94,96" m="30731,29095" machi="17" ten="30,4000,0" yaku="8,1,52,1,54,1" doraHai="92" who="3" fromWho="3" sc="250,-20,250,-10,250,-10,250,40" /><INIT seed="1,0,0,4,0,58" ten="230,240,240,290" oya="1" hai0="22,3,13,95,76,74,117,50,100,39,43,129,12" hai1="1,25,114,33,120,37,81,6,73,125,119,121,7" hai2="91,52,101,23,78,77,98,26,79,86,32,63,71" hai3="4,102,21,51,54,27,11,99,106,70,132,47,16"/><U112/><E37/><V82/><F32/><W87/><G132/><T9/><D117/><U97/><E97/><V62/><F71/><W126/><G126/><T135/><D135/><U69/><E81/><V60/><F52/><W88/><G70/><T113/><D113/><N who="1" m="43627" /><E73/><V134/><F134/><W66/><G66/><T93/><D129/><U24/><E69/><V42/><F42/><W127/><G127/><T65/><D65/><U59/><E59/><V89/><F89/><W131/><G131/><T45/><D50/><U130/><E125/><V30/><REACH who="2" step="1"/><F78/><REACH who="2" ten="230,240,230,290" step="2"/><W72/><G88/><T8/><D76/><U38/><E130/><V19/><F19/><W64/><G64/><T49/><D39/><U15/><E38/><V28/><F28/><W68/><G68/><T31/><D31/><N who="1" m="19687" /><E119/><V75/><F75/><W5/><G72/><T56/><D74/><U90/><E90/><V46/><F46/><W133/><G133/><T96/><D45/><U40/><E40/><V14/><F14/><W17/><G87/><T92/><D43/><U85/><E25/><V115/><F115/><W48/><G48/><T57/><D49/><U118/><E118/><V104/><AGARI ba="0,1" hai="23,26,30,60,62,63,77,79,82,86,91,98,101,104" machi="104" ten="30,8000,1" yaku="1,1,0,1,52,3,53,0" doraHai="58" doraHaiUra="35" who="2" fromWho="2" sc="230,-20,240,-40,230,90,290,-20" /><INIT seed="2,0,0,4,2,125" ten="210,200,320,270" oya="2" hai0="73,92,12,25,94,120,65,16,126,112,118,68,114" hai1="122,7,111,27,104,80,59,46,85,105,35,76,42" hai2="44,117,11,33,87,107,57,64,63,6,129,13,86" hai3="48,100,56,53,113,28,124,77,89,121,10,50,8"/><V36/><F117/><W34/><G121/><T69/><D120/><U106/><E122/><V21/><F33/><W15/><G124/><T9/><D126/><U38/><E111/><V60/><F107/><W32/><G100/><T39/><D118/><U103/><E7/><V22/><F36/><W40/><G77/><T99/><D73/><U52/><E35/><V62/><F44/><W95/><G28/><T24/><D39/><U20/><E103/><V26/><F129/><W67/><G67/><T29/><D25/><U98/><E98/><V96/><F96/><W54/><G40/><T82/><D82/><U3/><E3/><V47/><F47/><W2/><G10/><T75/><D75/><U51/><REACH who="1" step="1"/><E106/><REACH who="1" ten="210,190,320,270" step="2"/><V5/><F5/><W70/><G2/><T97/><D97/><U88/><E88/><V58/><F6/><W30/><G32/><T81/><D99/><U14/><E14/><V37/><F13/><W1/><G1/><T90/><D112/><U83/><E83/><V49/><F26/><W119/><G113/><T127/><D114/><U101/><E101/><V31/><F86/><W18/><G34/><N who="0" m="20775" /><D127/><U91/><E91/><V115/><F87/><W123/><G123/><T19/><D81/><U55/><E55/><V61/><F115/><W108/><G108/><T66/><D90/><U133/><E133/><V84/><F84/><W72/><G89/><T116/><D116/><U45/><E45/><V78/><F78/><W102/><G119/><T17/><D94/><U93/><E93/><V109/><F109/><W135/><G135/><T4/><D92/><RYUUKYOKU ba="0,1" sc="210,15,190,15,320,-15,270,-15" hai0="4,9,12,16,17,19,65,66,68,69" hai1="20,27,38,42,46,51,52,59,76,80,85,104,105" /><INIT seed="3,1,1,5,0,86" ten="225,205,305,255" oya="3" hai0="43,103,37,60,51,47,70,92,68,27,36,48,31" hai1="126,16,118,22,96,41,114,4,73,59,9,24,124" hai2="111,39,77,122,72,45,125,3,29,33,18,30,64" hai3="94,95,1,40,46,113,12,132,123,89,38,56,23"/><W90/><G113/><T15/><D15/><N who="1" m="5543" /><E73/><V19/><F64/><W81/><G123/><T57/><D103/><U121/><E41/><V128/><F45/><W82/><G1/><T112/><D112/><U101/><E114/><V71/><F77/><W99/><G132/><T11/><D11/><U130/><E59/><V10/><F72/><W117/><G117/><T76/><D76/><U116/><E121/><V107/><F71/><N who="0" m="27178" /><D92/><N who="1" m="58503" /><E130/><V50/><F107/><W75/><G75/><T106/><D106/><U2/><E2/><V109/><F3/><W34/><G34/><T131/><D131/><U62/><E62/><V58/><F33/><W80/><G56/><T83/><D83/><U5/><E5/><V53/><F128/><W87/><G81/><T78/><D78/><U63/><E63/><V66/><F122/><W85/><G99/><T8/><D8/><U49/><E49/><V100/><F50/><W88/><G90/><T127/><D48/><U21/><E21/><V91/><F100/><W84/><G84/><T35/><D127/><AGARI ba="1,1" hai="16,22,24,116,118,124,126,127" m="58503,5543" machi="127" ten="30,2000,0" yaku="18,1,54,1" doraHai="86" who="1" fromWho="0" sc="225,-23,205,33,305,0,255,0" owari="202,-30.0,238,-16.0,305,40.0,255,6.0" /></mjloggm>