<mjloggm ver="2.3"><GO type="225" lobby="0"/><UN n0="%E3%83%88%E3%83%88%E3%83%AA%E5%85%88%E7%94%9F%31%39%E6%AD%B3" n1="%E9%87%98%E5%AE%AE%E7%97%85%E6%82%A3%E8%80%85" n2="%6B%65%6E%6B%65%6E%32" n3="%E3%81%93%E3%81%86%E3%82%89%E3%82%93%E3%80%82" dan="18,16,16,16" rate="2269.72,2210.77,2144.66,2076.90" sx="F,F,M,M"/><TAIKYOKU oya="0"/><INIT seed="0,0,0,5,3,89" ten="250,250,250,250" oya="0" hai0="73,123,16,117,80,19,17,64,1,21,86,90,97" hai1="39,47,126,75,68,54,84,8,22,48,69,34,111" hai2="103,78,83,2,120,74,7,35,102,29,115,57,88" hai3="55,125,96,45,41,50,67,36,53,56,6,66,132"/><T20/><D117/><U37/><E34/><V10/><F120/><W121/><G6/><T30/><D123/><U128/><E75/><V91/><F115/><W11/><G121/><T13/><D1/><U135/><E8/><V94/><F35/><W14/><G96/><T28/><D73/><U101/><E101/><V12/><F29/><W38/><G11/><T24/><D64/><N who="3" m="24617" /><G14/><T9/><D97/><U70/><E84/><V76/><F76/><W59/><G125/><T106/><D106/><U105/><E22/><V131/><F91/><W116/><G132/><T43/><D43/><N who="1" m="24703" /><E105/><V112/><F112/><W122/><G122/><T40/><D40/><U109/><E135/><V129/><F2/><W61/><G116/><T108/><D108/><N who="1" m="41547" /><E126/><V133/><F133/><W118/><G118/><T33/><D33/><U5/><E5/><V49/><F102/><W104/><G104/><T51/><D51/><AGARI ba="0,0" hai="36,38,41,45,50,51,53,55,56,59,61" m="24617" machi="51" ten="30,8000,1" yaku="35,5" doraHai="89" who="3" fromWho="0" sc="250,-80,250,0,250,0,250,80" /><INIT seed="1,0,0,1,2,90" ten="170,250,250,330" oya="1" hai0="47,88,70,57,21,97,110,18,129,56,83,94,127" hai1="16,116,34,133,132,17,20,120,109,60,121,98,78" hai2="62,44,40,13,99,125,68,11,124,54,114,1,123" hai3="5,96,36,51,76,29,6,14,33,9,100,113,89"/><U46/><E116/><V31/><F123/><N who="1" m="47177" /><E78/><V105/><F1/><W27/><G36/><T26/><D70/><U92/><E34/><V71/><F114/><W87/><G113/><T73/><D110/><U69/><E46/><V55/><F31/><W23/><G51/><T67/><D129/><U115/><E115/><V8/><F99/><W50/><G50/><T15/><D127/><N who="2" m="48714" /><F105/><W74/><G74/><T85/><D73/><U72/><E72/><V4/><F11/><W103/><G76/><T135/><D135/><N who="1" m="51787" /><E20/><V22/><F22/><W119/><G119/><T104/><D104/><U79/><E79/><V10/><F10/><W106/><G103/><T91/><D67/><N who="1" m="41191" /><E109/><V2/><F71/><W59/><G59/><T61/><D47/><U102/><AGARI ba="0,0" hai="16,17,92,98,102" m="41191,51787,47177" machi="102" ten="30,6000,0" yaku="20,1,52,1,54,1" doraHai="90" who="1" fromWho="1" sc="170,-20,250,60,250,-20,330,-20" /><INIT seed="1,1,0,1,2,25" ten="150,310,230,310" oya="1" hai0="85,126,20,39,47,56,58,80,89,31,113,122,35" hai1="7,3,52,32,86,112,18,110,10,101,120,24,33" hai2="111,13,94,99,130,70,107,22,50,61,106,48,21" hai3="125,29,114,129,15,23,40,36,63,59,43,92,55"/><U123/><E101/><V44/><F111/><W41/><G114/><T119/><D113/><U38/><E112/><V100/><F130/><W128/><G125/><T88/><D119/><U77/><E38/><V103/><F50/><W116/><G116/><T124/><D35/><N who="1" m="13387" /><E86/><V12/><F12/><W78/><G78/><T62/><D122/><N who="1" m="46635" /><E52/><V71/><F71/><W104/><G104/><T4/><D4/><U93/><E93/><V34/><F34/><W74/><G74/><T64/><D89/><U14/><E77/><V91/><F13/><W102/><G102/><N who="2" m="38953" /><F70/><W82/><G92/><T19/><D19/><N who="1" m="8663" /><E110/><V96/><F106/><W27/><G82/><T72/><D72/><U37/><E37/><V73/><F73/><W132/><G36/><T28/><D58/><U67/><E67/><V51/><F107/><W118/><G118/><T2/><D2/><U16/><E24/><V97/><F61/><W66/><G128/><T11/><D11/><AGARI ba="1,0" hai="3,7,11,16,18" m="8663,46635,13387" machi="11" ten="30,5800,0" yaku="34,2,54,1" doraHai="25" who="1" fromWho="0" sc="150,-61,310,61,230,0,310,0" /><INIT seed="1,2,0,3,5,10" ten="89,371,230,310" oya="1" hai0="64,104,45,41,24,66,69,128,94,121,113,134,79" hai1="103,114,56,63,74,20,68,73,122,44,84,109,105" hai2="52,55,125,117,116,86,96,5,135,62,26,127,112" hai3="28,70,77,119,106,54,40,60,34,65,95,82,23"/><U81/><E122/><V108/><F108/><W78/><G106/><T4/><D104/><U72/><E114/><V59/><F112/><W107/><G107/><T61/><D113/><U120/><E120/><V38/><F135/><W14/><G119/><T2/><D121/><U71/><E109/><V25/><F38/><W48/><G34/><T93/><D134/><U99/><E44/><V91/><F5/><W85/><G40/><T98/><D128/><U118/><E20/><V115/><F115/><W97/><G28/><T0/><D79/><U16/><E118/><N who="2" m="45675" /><F96/><W124/><G124/><N who="2" m="47689" /><F55/><W100/><G78/><T83/><D83/><AGARI ba="2,0" hai="25,26,52,59,62,83,86,91" m="47689,45675" machi="83" ten="30,2000,0" yaku="18,1,54,1" doraHai="10" who="2" fromWho="0" sc="89,-26,371,0,230,26,310,0" /><INIT seed="2,0,0,4,1,102" ten="63,371,256,310" oya="2" hai0="0,103,134,69,73,57,17,29,100,3,39,61,19" hai1="81,24,65,72,135,97,79,124,36,84,6,132,70" hai2="41,133,13,35,7,51,87,68,122,80,27,66,45" hai3="114,50,89,74,83,115,116,96,119,92,52,91,26"/><V130/><F122/><W14/><G26/><T123/><D57/><U47/><E6/><V64/><F130/><W12/><G12/><T5/><D61/><N who="1" m="40239" /><E84/><V31/><F68/><W95/><G14/><T10/><D5/><U76/><E76/><V109/><F133/><N who="1" m="51273" /><E24/><V58/><F58/><W101/><G50/><T86/><D134/><U21/><E21/><V107/><F107/><N who="3" m="63911" /><G52/><T38/><D69/><U126/><E97/><V60/><F60/><W33/><G33/><T44/><D86/><U128/><E128/><V23/><F109/><W2/><G2/><T82/><D44/><U54/><E54/><V1/><F1/><W48/><G48/><T112/><D82/><U40/><AGARI ba="0,0" hai="36,40,47,72,79,81,124,126" m="51273,40239" machi="40" ten="30,2000,0" yaku="20,1,23,1" doraHai="102" who="1" fromWho="1" sc="63,-5,371,20,256,-10,310,-5" /><INIT seed="3,0,0,5,4,80" ten="58,391,246,305" oya="3" hai0="49,24,64,22,88,45,119,105,73,44,86,63,28" hai1="79,4,27,110,76,34,87,93,32,7,55,33,127" hai2="112,133,75,48,98,135,12,25,66,122,99,41,77" hai3="37,30,60,97,128,94,106,89,132,9,101,91,3"/><W35/><G132/><T65/><D105/><U10/><E127/><V108/><F66/><W0/><G37/><T54/><D73/><U120/><E120/><V68/><F48/><W118/><G118/><T123/><D123/><U104/><E104/><V5/><F12/><W107/><G128/><T117/><D117/><U13/><E27/><V57/><F57/><W15/><G35/><T134/><D134/><N who="2" m="51210" /><F25/><W70/><G107/><T1/><D1/><U50/><E4/><V52/><F52/><W29/><G0/><T116/><D116/><U85/><E110/><V67/><F41/><W61/><G3/><T59/><D119/><U74/><E74/><V111/><F5/><N who="3" m="3503" /><G106/><T109/><D109/><N who="2" m="42058" /><F67/><W17/><G17/><T8/><D45/><U36/><E36/><V113/><F68/><W92/><G101/><T19/><D59/><U126/><E33/><V81/><F122/><W53/><G70/><T20/><D63/><N who="3" m="24137" /><G53/><T31/><D31/><U47/><E32/><V18/><F18/><W21/><G21/><T23/><D23/><U115/><E34/><V58/><F58/><W95/><G95/><T125/><D125/><U2/><E126/><V11/><F11/><W26/><G26/><T46/><D22/><U39/><E39/><V114/><AGARI ba="0,0" hai="75,77,81,98,99,112,113,114" m="42058,51210" machi="114" ten="40,8000,1" yaku="20,1,14,1,34,2" doraHai="80" who="2" fromWho="2" sc="58,-20,391,-20,246,80,305,-40" owari="38,-46.0,371,46.0,326,13.0,265,-13.0" /></mjloggm>