<mjloggm ver="2.3"><GO type="169" lobby="0"/><UN n0="%E3%81%8D%E3%81%97%E3%82%8A%E3%81%A3%E3%81%97%E3%82%85" n1="%E9%BB%92%E7%8C%AB%EF%BC%BE%EF%BC%8D%EF%BC%BE" n2="%E8%B5%A4%E6%9C%A8%E3%81%97%E3%81%92%E3%82%8C" n3="%E5%B0%B1%E6%B4%BB%E7%94%9F%40%E5%B7%9D%E6%9D%91%E8%BB%8D%E5%9B%A3" dan="16,16,16,16" rate="2097.64,2131.69,2065.54,2074.40" sx="F,M,M,M"/><TAIKYOKU oya="0"/><INIT seed="0,0,0,2,1,95" ten="250,250,250,250" oya="0" hai0="18,106,76,132,13,1,85,103,107,99,67,130,11" hai1="60,62,109,69,24,86,84,90,75,73,31,100,43" hai2="92,34,82,133,38,49,112,126,61,117,46,6,35" hai3="66,94,80,77,65,59,45,134,40,5,70,32,27"/><T39/><D39/><U4/><E43/><V50/><F112/><W79/><G70/><T3/><D130/><U68/><E4/><V26/><F38/><W55/><G134/><T47/><D132/><U135/><E135/><V9/><F133/><W83/><G5/><T0/><D67/><U96/><E109/><V104/><F104/><W116/><G116/><T48/><D107/><U125/><E125/><V123/><F123/><W129/><G129/><T44/><REACH who="0" step="1"/><D48/><REACH who="0" ten="240,250,250,250" step="2"/><U42/><E68/><V22/><F50/><W33/><G66/><T63/><D63/><U121/><E69/><V12/><F61/><W57/><G65/><T41/><D41/><U108/><E42/><V119/><F119/><W102/><G40/><T89/><D89/><U131/><E90/><V111/><F117/><W25/><G55/><T71/><D71/><U51/><E51/><V98/><F49/><W23/><G45/><T105/><D105/><U81/><E131/><V2/><F46/><W122/><G122/><T87/><D87/><U8/><E121/><V128/><F128/><W113/><G113/><T29/><D29/><U10/><E31/><V72/><F126/><W16/><G59/><T93/><D93/><U114/><E114/><V17/><F111/><W30/><G57/><T78/><D78/><N who="3" m="29705" /><G94/><T64/><D64/><U91/><E62/><V115/><F115/><W97/><G83/><AGARI ba="0,1" hai="0,1,3,11,13,18,44,47,76,83,85,99,103,106" machi="83" ten="40,3900,0" yaku="1,1,52,1,53,0" doraHai="95" doraHaiUra="36" who="0" fromWho="3" sc="240,49,250,0,250,0,250,-39" /><INIT seed="0,1,0,0,3,135" ten="289,250,250,211" oya="0" hai0="72,18,115,2,99,0,14,104,7,17,6,37,11" hai1="48,132,107,67,55,39,1,92,73,117,129,89,78" hai2="21,44,16,90,38,47,41,75,100,97,35,62,49" hai3="5,51,63,29,40,31,30,53,27,43,98,23,46"/><T84/><D37/><U116/><E1/><V26/><F75/><W68/><G5/><T77/><D72/><U119/><E39/><V22/><F35/><W125/><G125/><T15/><D115/><U80/><E67/><V128/><F128/><W123/><G123/><T110/><D104/><U82/><E129/><V108/><F108/><W28/><G68/><T33/><D99/><U126/><E132/><V20/><F90/><W95/><REACH who="3" step="1"/><G63/><REACH who="3" ten="289,250,250,201" step="2"/><T83/><D110/><U10/><E126/><V103/><F62/><W93/><G93/><T127/><D127/><U111/><E92/><V32/><F32/><W59/><G59/><T130/><D33/><U45/><E111/><V121/><F121/><W96/><G96/><T65/><D130/><U87/><E107/><V74/><F74/><W131/><G131/><T71/><D71/><U64/><E119/><V112/><F112/><W58/><G58/><T106/><D106/><U105/><E105/><V61/><F61/><W86/><G86/><T81/><D81/><U94/><E94/><V120/><F120/><W134/><G134/><T9/><REACH who="0" step="1"/><D65/><REACH who="0" ten="279,250,250,201" step="2"/><U60/><E64/><V66/><F66/><W70/><G70/><T109/><D109/><U24/><E116/><V113/><F113/><W57/><G57/><T114/><D114/><U101/><E117/><V124/><F124/><W4/><G4/><AGARI ba="1,2" hai="0,2,4,6,7,9,11,14,15,17,18,77,83,84" machi="4" ten="40,7700,0" yaku="1,1,9,1,53,1" doraHai="135" doraHaiUra="76" who="0" fromWho="3" sc="279,100,250,0,250,0,201,-80" /><INIT seed="0,2,0,3,2,4" ten="379,250,250,121" oya="0" hai0="2,72,84,48,53,17,26,54,128,115,114,91,9" hai1="124,89,49,92,80,127,97,51,75,118,102,1,7" hai2="96,79,6,85,104,132,57,37,5,19,63,81,99" hai3="35,83,74,8,134,28,27,71,117,58,20,60,36"/><T18/><D72/><U95/><E118/><V43/><F132/><W25/><G134/><T61/><D128/><U110/><E110/><V108/><F108/><W69/><G117/><T56/><D115/><U68/><E68/><V106/><F19/><W41/><G36/><T76/><D76/><N who="1" m="44063" /><E7/><V32/><F32/><W22/><G41/><T125/><D125/><N who="1" m="48203" /><E1/><V70/><F70/><W38/><G38/><T65/><D114/><U55/><E55/><V135/><F135/><W24/><G35/><T123/><D123/><U34/><E34/><V12/><F6/><W103/><G103/><T15/><D2/><U131/><E131/><V78/><F78/><W126/><G126/><T113/><D113/><U94/><E51/><V93/><F43/><W130/><G74/><T21/><REACH who="0" step="1"/><D48/><REACH who="0" ten="369,250,250,121" step="2"/><U112/><E49/><V129/><F129/><W66/><G130/><T100/><D100/><N who="1" m="60455" /><E112/><V107/><F37/><W62/><G71/><T82/><AGARI ba="2,1" hai="9,15,17,18,21,26,53,54,56,61,65,82,84,91" machi="82" ten="20,12000,1" yaku="1,1,0,1,7,1,8,1,52,1,53,0" doraHai="4" doraHaiUra="47" who="0" fromWho="0" sc="369,136,250,-42,250,-42,121,-42" /><INIT seed="0,3,0,4,5,37" ten="505,208,208,79" oya="0" hai0="79,36,65,126,97,133,116,113,38,104,8,25,11" hai1="106,30,3,111,134,31,24,92,115,127,76,90,124" hai2="33,68,35,56,12,45,120,89,105,108,91,59,13" hai3="49,9,130,48,64,10,40,98,74,123,16,82,132"/><T95/><D116/><U69/><E69/><V117/><F68/><W122/><G64/><T75/><D104/><U14/><E3/><V6/><F105/><W62/><G62/><T66/><D113/><U34/><E106/><V26/><F117/><W86/><G74/><T83/><D133/><U39/><E76/><V28/><F108/><W27/><G98/><T94/><D126/><U78/><E111/><V85/><F120/><N who="3" m="46123" /><G130/><T50/><D25/><U47/><E78/><V61/><F35/><W53/><G49/><T44/><D36/><U129/><E115/><V46/><F56/><N who="3" m="32807" /><G132/><T22/><D38/><U17/><E134/><V119/><F119/><W29/><G40/><T60/><D66/><U73/><E129/><V125/><F125/><N who="1" m="48201" /><E73/><V52/><F91/><N who="3" m="51671" /><G16/><T101/><D22/><AGARI ba="3,0" hai="9,10,22,27,29" m="51671,32807,46123" machi="22" ten="30,1000,0" yaku="13,1" doraHai="37" who="3" fromWho="0" sc="505,-19,208,0,208,0,79,19" /><INIT seed="1,0,0,1,5,133" ten="486,208,208,98" oya="1" hai0="116,14,23,112,130,117,75,72,49,124,106,67,79" hai1="57,82,115,34,114,18,118,97,52,28,9,109,53" hai2="85,15,2,7,73,103,108,59,80,131,78,98,5" hai3="119,56,88,44,76,38,120,1,70,45,127,3,105"/><U20/><E118/><V65/><F108/><W125/><G70/><T29/><D67/><U110/><E9/><V30/><F131/><W95/><G105/><T21/><D14/><N who="1" m="9303" /><E34/><V121/><F121/><W12/><G120/><T22/><D29/><U132/><E28/><V60/><F2/><W77/><G12/><T71/><D22/><U64/><E132/><V35/><F15/><W17/><G17/><T86/><D21/><U99/><E82/><V10/><F10/><W87/><G56/><T100/><D23/><U0/><E0/><N who="3" m="74" /><G119/><T19/><D72/><U6/><E6/><V129/><F129/><W104/><G104/><T33/><D75/><U89/><E89/><V91/><F35/><W94/><G94/><T46/><D106/><U66/><E53/><V36/><F30/><W69/><G69/><T101/><D33/><U26/><E26/><V25/><F25/><W135/><G135/><T54/><D71/><U58/><E58/><V63/><F63/><W16/><G16/><T40/><D112/><U92/><E92/><V41/><F59/><W126/><G38/><T39/><D39/><U4/><E4/><V68/><F7/><W107/><G107/><T93/><D93/><U42/><E42/><V48/><F5/><W31/><G31/><T32/><D40/><U50/><E115/><V27/><F36/><W11/><G11/><T62/><D32/><U55/><E55/><V43/><F43/><W81/><G76/><T13/><D117/><U102/><E114/><V74/><F78/><W51/><G51/><T113/><D116/><U128/><E128/><RYUUKYOKU ba="0,0" sc="486,-10,208,-10,208,-10,98,30" hai3="44,45,77,81,87,88,95,125,126,127" /><INIT seed="2,1,0,4,2,17" ten="476,198,198,128" oya="2" hai0="12,99,70,95,86,111,94,76,135,120,26,118,82" hai1="45,4,119,122,51,42,102,67,89,50,130,81,128" hai2="3,56,84,127,6,55,65,35,83,32,74,64,48" hai3="133,96,98,9,36,90,43,131,68,25,92,79,115"/><V107/><F107/><W1/><G68/><T104/><D70/><U85/><E119/><V132/><F74/><W60/><G115/><T16/><D120/><U39/><E122/><V33/><F127/><W116/><G116/><T41/><D118/><U8/><E67/><V46/><F132/><W10/><G133/><T73/><D135/><U22/><E102/><V124/><F124/><W113/><G79/><T24/><D111/><U123/><E123/><V109/><F109/><W29/><G131/><N who="1" m="50218" /><E22/><V125/><F125/><W27/><G27/><T23/><D95/><U88/><E89/><V28/><F28/><W78/><G78/><T61/><D41/><U63/><E63/><V105/><F105/><W91/><G43/><T21/><D61/><U47/><E45/><V103/><F103/><W54/><G36/><T37/><D37/><U75/><E75/><V71/><F71/><W66/><G1/><AGARI ba="1,0" hai="1,4,8,39,42,47,50,51,81,85,88" m="50218" machi="1" ten="30,2000,0" yaku="19,1,54,1" doraHai="17" who="1" fromWho="3" sc="476,0,198,23,198,0,128,-23" /><INIT seed="3,0,0,4,4,9" ten="476,221,198,105" oya="3" hai0="68,56,53,65,51,127,4,96,79,34,25,94,1" hai1="116,131,48,132,92,38,13,106,109,75,18,59,40" hai2="64,73,69,90,67,37,50,74,23,129,0,11,104" hai3="35,24,62,117,114,122,120,101,102,80,45,63,14"/><W112/><G35/><T85/><D68/><U81/><E106/><V70/><F37/><W42/><G24/><T124/><D65/><U95/><E109/><V97/><F129/><W52/><G80/><N who="0" m="47263" /><D4/><U27/><E131/><V105/><F50/><N who="3" m="28751" /><G101/><N who="0" m="60567" /><D1/><U41/><E27/><V57/><F0/><W86/><G102/><T103/><D103/><U110/><E110/><V6/><F6/><W115/><G86/><T135/><D135/><U12/><E132/><V72/><F23/><W15/><G42/><T58/><D25/><U99/><E38/><V2/><F2/><W76/><G76/><T134/><D134/><U16/><E75/><V126/><F74/><W108/><G108/><T39/><D39/><U133/><E133/><V17/><F73/><W100/><G100/><T118/><D34/><U31/><E81/><V36/><F72/><W7/><G7/><T47/><D118/><U113/><E116/><V111/><F111/><W61/><G14/><T29/><D29/><U84/><E31/><V89/><F104/><W21/><G15/><T107/><D107/><U43/><E99/><V119/><F97/><W26/><G26/><T33/><D33/><U46/><E84/><V91/><F105/><W88/><G21/><T8/><D8/><N who="1" m="6151" /><E43/><V44/><F11/><W128/><G128/><T32/><D32/><U77/><E77/><V98/><F98/><W66/><G117/><T130/><D130/><U20/><E41/><V5/><F119/><W93/><G66/><T3/><D3/><U10/><E10/><V125/><F67/><W54/><G54/><T19/><D19/><RYUUKYOKU ba="0,0" sc="476,15,221,-15,198,-15,105,15" hai0="47,51,53,56,58,124,127" hai3="61,62,63,88,93,112,114,115,120,122" /><INIT seed="3,1,0,3,2,62" ten="491,206,183,120" oya="3" hai0="116,108,118,85,120,79,134,58,14,133,17,84,114" hai1="94,28,88,0,80,127,44,86,115,104,119,73,81" hai2="18,78,128,98,15,99,126,67,29,89,111,10,102" hai3="53,41,38,16,92,32,122,34,19,95,55,63,110"/><W50/><G122/><T42/><D120/><U77/><E0/><V20/><F111/><W2/><G2/><T117/><D108/><U43/><E115/><V61/><F126/><W13/><G110/><T107/><D107/><U82/><E127/><V7/><F128/><W91/><G38/><T125/><D125/><U124/><E124/><V76/><F29/><W9/><G34/><T22/><D114/><U83/><E28/><V113/><F89/><W112/><G32/><T97/><D97/><U106/><E119/><V12/><F113/><W96/><G112/><T3/><D3/><U129/><E129/><V57/><REACH who="2" step="1"/><F98/><REACH who="2" ten="491,206,173,120" step="2"/><N who="3" m="57631" /><G63/><T4/><D117/><U21/><REACH who="1" step="1"/><E21/><REACH who="1" ten="491,196,173,120" step="2"/><V11/><F11/><W109/><G109/><T101/><D22/><U90/><E90/><V59/><F59/><W74/><G74/><T48/><D58/><U51/><AGARI ba="1,2" hai="43,44,51,73,77,80,81,82,83,86,88,94,104,106" machi="51" ten="30,8000,1" yaku="1,1,0,1,54,1,53,2" doraHai="62" doraHaiUra="103" who="1" fromWho="1" sc="491,-21,196,103,173,-21,120,-41" /><INIT seed="4,0,0,4,0,3" ten="470,299,152,79" oya="0" hai0="31,4,54,116,22,33,10,90,16,120,126,32,119" hai1="67,101,38,123,81,86,62,34,12,84,92,99,83" hai2="89,25,24,49,109,78,124,68,76,131,50,93,26" hai3="115,122,121,7,118,96,20,98,0,28,133,30,43"/><T9/><D54/><U56/><E34/><N who="0" m="13417" /><D90/><U108/><E123/><N who="3" m="47114" /><G43/><T127/><D120/><U27/><E108/><V100/><F109/><W74/><G74/><T35/><D35/><U94/><E38/><V47/><F68/><W48/><G48/><T36/><D31/><N who="3" m="11817" /><G98/><T6/><D36/><U69/><E27/><V112/><F50/><W63/><G63/><T15/><D9/><U42/><E42/><V71/><F49/><W95/><G95/><T45/><D45/><U125/><E69/><V134/><F71/><W82/><G82/><T66/><D66/><U80/><E92/><V105/><F93/><W23/><G96/><T57/><D57/><U97/><E97/><V41/><F41/><W11/><G118/><N who="0" m="45099" /><D6/><U107/><E94/><V18/><F47/><W64/><G64/><T40/><D40/><U61/><E61/><V37/><F37/><W21/><G115/><T102/><D102/><U70/><E70/><V55/><F100/><W75/><G75/><T72/><D72/><U59/><E59/><V73/><F112/><W60/><G60/><T106/><D106/><U5/><E86/><V44/><F105/><W52/><G52/><T110/><D110/><U65/><E84/><V113/><F55/><W103/><G103/><T104/><D104/><U58/><E58/><V14/><F113/><W1/><G1/><AGARI ba="0,0" hai="1,4,10,15,16,22,126,127" m="45099,13417" machi="1" ten="30,11600,0" yaku="34,2,52,1,54,1" doraHai="3" who="0" fromWho="3" sc="470,116,299,0,152,0,79,-116" owari="586,69.0,299,10.0,152,-25.0,-37,-54.0" /></mjloggm>