<mjloggm ver="2.3"><GO type="41" lobby="0"/><UN n0="%74%2D%6B%6F%74%6F" n1="%68%61%77%6B%65%79%65%2B" n2="%68%69%72%6F%73%61%77%61" n3="%E5%B0%B1%E6%B4%BB%E7%94%9F%40%E5%B7%9D%E6%9D%91%E8%BB%8D%E5%9B%A3" dan="14,14,13,16" rate="2034.39,1864.10,1916.93,2046.57" sx="M,M,M,M"/><TAIKYOKU oya="0"/><INIT seed="0,0,0,5,4,110" ten="250,250,250,250" oya="0" hai0="7,122,107,32,22,25,58,72,0,67,89,78,69" hai1="92,33,16,48,38,77,102,55,82,13,129,125,18" hai2="59,41,109,70,127,115,114,75,9,97,81,103,132" hai3="91,8,120,84,10,31,3,76,35,66,6,51,52"/><T15/><D122/><U2/><E38/><V4/><F109/><W5/><G120/><T74/><D69/><U50/><E2/><V112/><F70/><W64/><G76/><T73/><D0/><U54/><E33/><V47/><F132/><W128/><G128/><T56/><D107/><U80/><E129/><V36/><F59/><W108/><G108/><T68/><D68/><U126/><E77/><N who="2" m="44223" /><F97/><W131/><G31/><T20/><D32/><U29/><E29/><V85/><F103/><W101/><G35/><T113/><D113/><N who="2" m="28930" /><V90/><DORA hai="133" /><F85/><W118/><G101/><T87/><D78/><U71/><E71/><V43/><F90/><W96/><G96/><T39/><D39/><U12/><E102/><V24/><F24/><W100/><G131/><T21/><D67/><U23/><E92/><V45/><F45/><W93/><G100/><T134/><D134/><U105/><E23/><V86/><F86/><W98/><G98/><T83/><REACH who="0" step="1"/><D25/><REACH who="0" ten="240,250,250,250" step="2"/><U65/><E65/><V40/><F127/><W37/><G37/><T28/><D28/><U135/><E135/><V130/><F130/><W79/><G66/><T62/><D62/><U46/><E105/><V60/><F60/><W49/><G64/><T19/><D19/><U11/><E11/><AGARI ba="0,1" hai="7,11,15,20,21,22,56,58,72,73,74,83,87,89" machi="11" ten="50,18000,2" yaku="1,1,53,5" doraHai="110,133" doraHaiUra="104,53" who="0" fromWho="1" sc="240,190,250,-180,250,0,250,0" /><INIT seed="0,1,0,5,5,6" ten="430,70,250,250" oya="0" hai0="50,75,89,69,127,87,108,32,7,83,99,67,82" hai1="81,61,41,10,103,79,126,107,33,122,90,24,11" hai2="94,86,65,13,73,21,40,71,25,52,93,135,48" hai3="60,38,112,66,42,85,115,131,118,49,15,34,16"/><T113/><D113/><U110/><E33/><V123/><F123/><W37/><G118/><T47/><D32/><U55/><E122/><V43/><F135/><W124/><G131/><T130/><D130/><U45/><E110/><V31/><F73/><W57/><G124/><T116/><D127/><U101/><E126/><V76/><F65/><W29/><G29/><T102/><D116/><U125/><E125/><V22/><F71/><W56/><G34/><T120/><D120/><U133/><E133/><V64/><F64/><W68/><G112/><T70/><D108/><U28/><E90/><V27/><F94/><W84/><G115/><T59/><D7/><U17/><E17/><V53/><F13/><W4/><G4/><T74/><D69/><U78/><E78/><V114/><F114/><W117/><G117/><T19/><D70/><U30/><E30/><V111/><F111/><W132/><G132/><T9/><D59/><U119/><E119/><V129/><F129/><W20/><G68/><T80/><D67/><U97/><E103/><V14/><F14/><W39/><REACH who="3" step="1"/><G57/><REACH who="3" ten="430,70,250,240" step="2"/><T23/><D74/><U35/><E55/><V2/><F2/><W92/><G92/><T62/><D75/><U95/><E61/><V128/><F128/><W44/><AGARI ba="1,1" hai="15,16,20,37,38,39,42,44,49,56,60,66,84,85" machi="44" ten="40,5200,0" yaku="1,1,0,1,54,1,53,0" doraHai="6" doraHaiUra="98" who="3" fromWho="3" sc="430,-27,70,-14,250,-14,240,65" /><INIT seed="1,0,0,1,0,127" ten="403,56,236,305" oya="1" hai0="85,73,5,128,14,99,3,28,2,125,133,106,113" hai1="83,123,115,63,18,30,91,50,20,94,61,135,31" hai2="27,26,112,77,9,67,79,75,22,119,129,110,57" hai3="37,17,105,24,38,0,39,70,58,32,46,42,134"/><U96/><E135/><V52/><F119/><W6/><G105/><T122/><D133/><U111/><E123/><V36/><F36/><W74/><G134/><T97/><D122/><U8/><E115/><V47/><F110/><W7/><G70/><T114/><D73/><U102/><E111/><V25/><F129/><W100/><G74/><T84/><D125/><U56/><E8/><V66/><F112/><W89/><G100/><T12/><D28/><U76/><E102/><V98/><F75/><W120/><G120/><T87/><D5/><U23/><E23/><V69/><F69/><W86/><G58/><T51/><D51/><U49/><E61/><N who="2" m="36007" /><F9/><W13/><G24/><N who="2" m="9321" /><F47/><W11/><G32/><T107/><D87/><U72/><E30/><N who="2" m="17783" /><F98/><W131/><G131/><AGARI ba="0,0" hai="2,3,12,14,84,85,97,99,106,107,113,114,128,131" machi="131" ten="25,6400,0" yaku="22,2,52,2" doraHai="127" who="0" fromWho="3" sc="403,64,56,0,236,0,305,-64" /><INIT seed="2,0,0,5,1,63" ten="467,56,236,241" oya="2" hai0="3,93,95,60,61,10,5,14,78,108,51,16,94" hai1="88,135,33,112,109,110,115,80,126,54,98,133,105" hai2="42,76,41,15,104,44,101,107,45,103,99,81,39" hai3="123,55,18,124,90,21,32,70,122,11,34,125,111"/><V83/><F15/><N who="3" m="9439" /><G70/><T97/><D108/><N who="1" m="41579" /><E33/><N who="3" m="12906" /><G111/><T130/><D130/><U89/><E54/><V64/><F64/><W116/><G90/><N who="1" m="34922" /><E126/><N who="3" m="48746" /><G55/><T52/><D78/><U74/><E80/><V121/><F76/><W27/><G116/><T30/><D30/><U56/><E56/><V71/><F71/><W102/><G102/><T128/><D128/><U47/><E47/><V13/><F13/><W66/><G66/><T85/><D85/><U37/><E37/><V19/><F19/><W53/><G53/><T43/><D43/><U59/><E59/><V4/><F4/><W20/><G11/><T23/><REACH who="0" step="1"/><D97/><REACH who="0" ten="457,56,236,241" step="2"/><U46/><E74/><V25/><F99/><W67/><G67/><T50/><D50/><U100/><E46/><AGARI ba="0,1" hai="3,5,10,14,16,23,46,51,52,60,61,93,94,95" machi="46" ten="40,5200,0" yaku="1,1,54,2,53,0" doraHai="63" doraHaiUra="96" who="0" fromWho="1" sc="457,62,56,-52,236,0,241,0" /><INIT seed="3,0,0,0,2,84" ten="519,4,236,241" oya="3" hai0="86,17,29,26,121,115,43,51,89,97,98,130,96" hai1="16,58,134,90,20,133,73,112,15,55,62,39,111" hai2="92,50,118,91,87,71,10,41,48,68,7,95,75" hai3="12,126,67,128,37,94,60,113,66,31,108,52,131"/><W46/><G113/><T27/><D115/><U22/><E73/><V100/><F75/><W61/><G31/><T1/><D1/><U57/><E112/><V109/><F118/><W119/><G119/><T74/><D121/><U40/><E40/><V4/><F109/><W117/><G117/><T72/><D130/><N who="3" m="49705" /><G108/><T35/><D43/><U110/><E39/><V78/><F78/><W56/><G94/><T54/><D17/><U63/><E20/><V19/><F19/><W77/><G77/><T45/><REACH who="0" step="1"/><D27/><REACH who="0" ten="509,4,236,241" step="2"/><U103/><E103/><V105/><F41/><N who="3" m="22831" /><G12/><T88/><D88/><U106/><E90/><V2/><F91/><W125/><G66/><T44/><D44/><U32/><E106/><V132/><F105/><W18/><G18/><T25/><D25/><U135/><E32/><V23/><F2/><W36/><G36/><T129/><D129/><U122/><E122/><V120/><F120/><W5/><G5/><T102/><D102/><U82/><E82/><AGARI ba="0,1" hai="26,29,35,45,51,54,72,74,82,86,89,96,97,98" machi="82" ten="40,8000,1" yaku="1,1,52,1,53,2" doraHai="84" doraHaiUra="107" who="0" fromWho="1" sc="509,90,4,-80,236,0,241,0" owari="599,70.0,-76,-58.0,236,-16.0,241,4.0" /></mjloggm>