<mjloggm ver="2.3"><GO type="169" lobby="0"/><UN n0="%4E%58%47%45%30" n1="%E3%83%AD%E3%83%83%E3%83%86%E9%9B%80%E7%90%83" n2="%74%61%72%6F%33%39%30%30" n3="%E3%83%88%E3%83%88%E3%83%AA%E5%85%88%E7%94%9F%31%39%E6%AD%B3" dan="16,17,18,18" rate="2120.15,2176.12,2234.56,2153.72" sx="M,M,M,F"/><TAIKYOKU oya="0"/><INIT seed="0,0,0,0,2,2" ten="250,250,250,250" oya="0" hai0="103,128,102,113,71,66,116,7,107,54,86,122,79" hai1="5,110,112,114,105,94,81,127,36,65,75,120,82" hai2="115,33,64,50,95,93,56,80,4,32,1,25,10" hai3="118,17,48,70,91,125,108,27,18,11,55,69,57"/><T100/><D54/><U58/><E110/><V30/><F115/><N who="1" m="44073" /><E120/><V87/><F33/><W40/><G118/><T60/><D113/><U72/><E36/><V117/><F117/><W37/><G108/><T31/><D31/><U97/><E5/><V19/><F19/><W35/><G125/><T22/><D128/><U15/><E15/><V42/><F64/><W0/><G18/><T132/><D22/><U76/><E58/><V121/><F121/><W124/><G124/><T74/><D7/><U53/><E53/><V52/><REACH who="2" step="1"/><F42/><REACH who="2" ten="250,250,240,250" step="2"/><W130/><G17/><T43/><D43/><U67/><E127/><V45/><F45/><W89/><G40/><T28/><D66/><U34/><E34/><V98/><F98/><W6/><G35/><T49/><D116/><U21/><E67/><V39/><F39/><W23/><G37/><T14/><D71/><U90/><E65/><V9/><F9/><W111/><G111/><T47/><D47/><U134/><E21/><V12/><F12/><W73/><G70/><T92/><D14/><U68/><E68/><V59/><F59/><W20/><G69/><T16/><D16/><U84/><E97/><V3/><F3/><W41/><G41/><T24/><D122/><U46/><E46/><V123/><F123/><W88/><G20/><T104/><D104/><U85/><E105/><V78/><AGARI ba="0,1" hai="1,4,10,25,30,32,50,52,56,78,80,87,93,95" machi="78" ten="20,12000,2" yaku="1,1,0,1,7,1,52,1,54,1,53,1" doraHai="2" doraHaiUra="26" who="2" fromWho="2" sc="250,-60,250,-30,240,130,250,-30" /><INIT seed="1,0,0,2,5,52" ten="190,220,370,220" oya="1" hai0="5,6,24,98,42,40,66,132,19,28,79,49,118" hai1="59,50,89,78,94,48,124,67,12,51,33,126,27" hai2="90,92,127,57,17,32,41,14,37,25,15,128,121" hai3="107,31,60,91,104,116,16,111,85,35,81,108,76"/><U109/><E109/><N who="3" m="42058" /><G116/><T55/><D66/><U115/><E115/><V84/><F121/><W47/><G31/><T68/><D68/><U63/><E78/><V4/><F128/><W97/><G35/><T44/><D79/><U10/><E27/><V70/><F70/><W117/><G117/><T71/><D71/><U64/><E64/><V30/><F127/><N who="1" m="48681" /><E33/><V53/><F4/><W26/><G47/><T0/><D0/><U65/><E65/><V86/><F37/><W125/><G125/><T120/><D120/><U72/><E72/><V46/><F46/><W61/><G91/><T88/><D19/><N who="1" m="8599" /><E48/><V122/><F122/><W29/><G29/><T1/><D1/><U45/><E45/><V112/><F112/><W80/><G80/><T105/><D105/><N who="3" m="40521" /><G97/><AGARI ba="0,0" hai="50,51,59,63,67,89,94,97" m="8599,48681" machi="97" ten="30,2900,0" yaku="18,1,52,1" doraHai="52" who="1" fromWho="3" sc="190,0,220,29,370,0,220,-29" /><INIT seed="1,1,0,1,4,94" ten="190,249,370,191" oya="1" hai0="71,50,73,1,23,127,42,16,30,24,51,128,11" hai1="133,95,5,2,56,109,105,61,117,19,59,8,9" hai2="43,103,34,81,97,75,89,31,134,55,45,96,62" hai3="116,108,104,119,107,54,36,20,14,91,130,22,53"/><U106/><E117/><N who="3" m="45130" /><G36/><T129/><D71/><U21/><E133/><V57/><F134/><W33/><G33/><T99/><D73/><U123/><E123/><V132/><F132/><W41/><G41/><T27/><D1/><U46/><E109/><V112/><F112/><W90/><G14/><N who="0" m="7263" /><D42/><U7/><E46/><V84/><F103/><W88/><G130/><N who="0" m="50283" /><D127/><U87/><E59/><V60/><F60/><W135/><G108/><T29/><D99/><N who="2" m="37962" /><F75/><W85/><G85/><T124/><D124/><U131/><E131/><V93/><F34/><AGARI ba="1,0" hai="23,24,27,29,30,34,50,51" m="50283,7263" machi="34" ten="30,2000,0" yaku="19,1,54,1" doraHai="94" who="0" fromWho="2" sc="190,23,249,0,370,-23,191,0" /><INIT seed="2,0,0,4,1,113" ten="213,249,347,191" oya="2" hai0="69,17,13,131,70,107,74,18,0,49,68,125,82" hai1="27,130,110,58,38,20,37,89,15,60,5,30,81" hai2="56,11,121,22,63,9,41,133,101,91,124,108,117" hai3="73,87,106,80,10,83,26,50,25,51,120,3,12"/><V64/><F121/><W42/><G120/><T122/><D0/><U14/><E110/><V97/><F133/><W35/><G106/><T116/><D122/><U40/><E130/><V134/><F134/><W104/><G104/><T72/><D49/><U94/><E81/><V75/><F75/><N who="0" m="28714" /><D82/><U135/><E135/><V132/><F132/><W118/><G118/><T6/><D107/><U128/><E128/><V48/><F117/><W53/><G3/><T93/><D93/><U7/><E40/><V86/><F22/><W61/><G35/><T57/><D57/><U105/><E105/><V16/><F9/><W85/><G73/><T111/><D6/><N who="1" m="2059" /><E38/><V1/><F1/><W8/><G61/><T71/><D71/><U23/><E37/><V102/><F41/><W115/><G115/><T99/><D111/><U4/><N who="1" m="2067" /><U98/><DORA hai="100" /><E23/><V95/><F48/><W28/><G42/><T92/><D116/><U123/><E123/><V31/><F108/><W119/><G119/><T114/><D114/><U43/><E43/><V112/><F112/><W2/><G2/><T45/><D70/><U109/><E109/><V46/><F95/><W34/><G34/><T96/><D92/><U88/><E89/><V65/><F91/><W79/><G80/><T67/><D69/><U59/><E59/><V55/><F56/><W52/><G83/><T129/><D68/><U76/><E76/><V21/><F102/><W90/><G90/><T62/><D129/><U36/><E36/><V39/><F101/><W103/><G103/><T127/><D131/><U29/><E29/><RYUUKYOKU ba="0,0" sc="213,-10,249,30,347,-10,191,-10" hai1="14,15,20,27,30,58,60,88,94,98" /><INIT seed="3,1,0,5,0,71" ten="203,279,337,181" oya="3" hai0="73,57,12,116,103,62,20,98,59,2,54,26,53" hai1="25,32,92,40,64,79,80,85,125,33,22,124,63" hai2="76,95,132,29,112,19,110,84,45,4,97,42,86" hai3="8,10,66,50,126,52,119,60,16,39,0,129,24"/><W133/><G119/><T48/><D2/><U3/><E3/><V38/><F112/><W123/><G123/><T108/><D73/><U1/><E1/><V87/><F110/><W9/><G129/><T135/><D135/><U23/><E40/><V134/><F4/><W27/><G133/><N who="2" m="51305" /><F29/><W82/><G126/><N who="1" m="48746" /><E92/><V107/><F107/><W13/><G39/><T83/><D108/><U14/><E14/><V96/><F19/><W114/><G114/><T6/><D83/><U118/><E118/><V104/><F104/><W70/><G82/><T115/><D115/><U74/><E74/><V34/><F34/><N who="1" m="13417" /><E25/><V105/><F105/><W35/><G35/><T127/><D127/><U81/><E81/><N who="2" m="47143" /><F97/><W120/><G120/><T117/><D6/><U130/><E130/><V77/><F77/><W58/><REACH who="3" step="1"/><G0/><REACH who="3" ten="203,279,337,171" step="2"/><T122/><D122/><U41/><E80/><V61/><F38/><W75/><G75/><T11/><D116/><U30/><E79/><V128/><F128/><W55/><G55/><T88/><D117/><U100/><E41/><V131/><F131/><W109/><G109/><T5/><D53/><U36/><E36/><V7/><F42/><W94/><G94/><T91/><D54/><U113/><E113/><V56/><F95/><W93/><G93/><T89/><D98/><U21/><E64/><V102/><F96/><W18/><G18/><T28/><D103/><U65/><E65/><V78/><F102/><W67/><G67/><T68/><D68/><U46/><E100/><V31/><F87/><W49/><G49/><T51/><D62/><U44/><E85/><RYUUKYOKU ba="1,1" sc="203,15,279,-15,337,-15,171,15" hai0="5,11,12,20,26,28,48,51,57,59,88,89,91" hai3="8,9,10,13,16,24,27,50,52,58,60,66,70" /><INIT seed="3,2,1,4,0,120" ten="218,264,322,186" oya="3" hai0="15,81,97,122,119,103,124,102,41,84,44,9,20" hai1="12,62,78,18,96,93,16,101,11,19,99,7,88" hai2="36,132,83,89,29,74,107,131,5,123,117,109,61" hai3="121,71,82,134,115,60,127,24,95,40,104,35,10"/><W39/><G121/><T52/><D119/><U69/><E78/><V47/><F89/><W86/><G115/><T2/><D2/><U38/><E38/><V17/><F17/><W129/><G104/><T133/><D124/><U111/><E111/><V33/><F47/><W79/><G127/><T13/><D41/><U125/><E125/><V45/><F45/><W54/><G129/><T130/><D130/><U73/><E73/><V126/><F61/><W98/><G134/><T67/><D67/><U64/><REACH who="1" step="1"/><E7/><REACH who="1" ten="218,254,322,186" step="2"/><V53/><F5/><W42/><G39/><T30/><D133/><U48/><E48/><V58/><F36/><W21/><G79/><T106/><D122/><U0/><E0/><V76/><F76/><W116/><G116/><T46/><D106/><AGARI ba="2,2" hai="11,12,16,18,19,62,64,69,88,93,96,99,101,106" machi="106" ten="30,7700,0" yaku="1,1,7,1,54,2,53,0" doraHai="120" doraHaiUra="135" who="1" fromWho="0" sc="218,-83,254,103,322,0,186,0" /><INIT seed="4,0,0,3,0,31" ten="135,357,322,186" oya="0" hai0="60,70,24,118,113,54,49,8,4,117,28,77,73" hai1="22,15,100,2,68,45,72,98,92,109,0,106,27" hai2="42,126,108,116,44,75,25,128,90,127,67,40,120" hai3="59,135,82,96,5,121,105,71,110,124,115,112,97"/><T74/><D70/><U32/><E109/><V129/><F108/><W111/><G71/><T10/><D60/><U76/><E68/><V39/><F75/><W51/><G121/><T65/><D65/><U123/><E123/><V104/><F120/><W61/><G135/><T132/><D132/><U93/><E32/><V6/><F104/><W55/><G124/><N who="2" m="47657" /><F6/><W107/><G5/><T21/><D113/><N who="3" m="43593" /><G82/><T20/><D74/><U30/><E76/><V37/><F90/><W66/><G97/><T41/><D41/><N who="2" m="15978" /><F25/><W133/><G133/><T84/><D73/><U38/><E15/><V11/><F11/><W69/><G105/><T36/><D36/><N who="2" m="13898" /><F116/><W78/><G78/><T95/><D117/><U12/><E12/><V99/><F99/><W130/><G130/><N who="2" m="50281" /><F44/><W58/><G69/><T80/><D118/><U53/><E38/><V33/><F33/><W14/><G14/><T125/><D125/><U83/><E83/><V48/><F48/><W62/><G51/><T9/><D4/><U29/><E27/><V101/><F101/><AGARI ba="0,0" hai="55,58,59,61,62,66,96,101,107,110,111" m="43593" machi="101" ten="30,1000,0" yaku="15,1" doraHai="31" who="3" fromWho="2" sc="135,0,357,0,322,-10,186,10" /><INIT seed="5,0,0,3,5,112" ten="135,357,312,196" oya="1" hai0="108,10,45,74,115,73,69,119,65,21,30,48,55" hai1="36,68,128,84,14,33,16,81,126,43,47,95,27" hai2="94,104,57,42,0,91,17,76,11,34,85,52,72" hai3="66,134,111,122,71,75,97,77,135,12,92,103,8"/><U131/><E126/><V89/><F104/><W100/><G122/><T105/><D10/><U82/><E68/><V98/><F34/><W114/><G111/><T132/><D105/><U64/><E64/><V129/><F129/><N who="1" m="49737" /><E95/><V46/><F72/><W26/><G114/><T118/><D30/><N who="1" m="19679" /><E84/><V125/><F76/><W41/><G26/><T49/><D21/><AGARI ba="0,0" hai="14,16,21,36,43,47,81,82" m="19679,49737" machi="21" ten="30,2900,0" yaku="19,1,54,1" doraHai="112" who="1" fromWho="0" sc="135,-29,357,29,312,0,196,0" /><INIT seed="5,1,0,3,5,37" ten="106,386,312,196" oya="1" hai0="46,69,35,65,121,67,104,76,132,33,3,34,47" hai1="1,91,10,25,18,125,11,127,66,41,120,52,14" hai2="42,103,26,108,53,60,97,135,117,27,77,129,111" hai3="71,86,94,17,100,122,12,93,74,118,13,22,92"/><U38/><E120/><V45/><F117/><W24/><G122/><T75/><D121/><U124/><E66/><V130/><F77/><W62/><G74/><T131/><D3/><U109/><E109/><V51/><F135/><W2/><G2/><T134/><D104/><U39/><E25/><N who="2" m="9227" /><F60/><W19/><G118/><T126/><D76/><U99/><E52/><V5/><F5/><W73/><G73/><T84/><D84/><U70/><E70/><V44/><F103/><W114/><G114/><T112/><D112/><U29/><E29/><V7/><F7/><W101/><G71/><T6/><D6/><N who="1" m="1359" /><E41/><V81/><F81/><W30/><G62/><T102/><D69/><U110/><E110/><V4/><F4/><W88/><G13/><T0/><D75/><U98/><E91/><V78/><F97/><AGARI ba="1,0" hai="11,14,18,38,39,97,98,99,124,125,127" m="1359" machi="97" ten="30,1500,0" yaku="18,1" doraHai="37" who="1" fromWho="2" sc="106,0,386,18,312,-18,196,0" /><INIT seed="5,2,0,1,0,84" ten="106,404,294,196" oya="1" hai0="95,120,16,90,30,20,79,128,33,121,32,71,113" hai1="1,100,78,24,8,22,131,11,12,87,65,2,80" hai2="46,117,130,25,59,91,34,39,53,13,3,70,67" hai3="62,23,26,101,93,118,104,114,112,68,116,21,10"/><U56/><E131/><V122/><F3/><W28/><G104/><T36/><D36/><U123/><E123/><N who="0" m="47177" /><D71/><U5/><E100/><V17/><F122/><W82/><G82/><T38/><D79/><U58/><E65/><V72/><F72/><W44/><G44/><T98/><D38/><U89/><E78/><V88/><F117/><N who="3" m="45163" /><G10/><T96/><D128/><U99/><E99/><N who="0" m="37929" /><D30/><U110/><E110/><V73/><F73/><W69/><G93/><T4/><D4/><U94/><E94/><V103/><F103/><W86/><G101/><T133/><D133/><U74/><E74/><V66/><F130/><W18/><G86/><N who="0" m="52695" /><D113/><N who="3" m="43625" /><G62/><T60/><D60/><U7/><REACH who="1" step="1"/><E1/><REACH who="1" ten="106,394,294,196" step="2"/><V9/><F70/><W57/><G69/><T19/><D19/><AGARI ba="2,1" hai="2,5,7,8,11,12,19,22,24,56,58,80,87,89" machi="19" ten="30,11600,0" yaku="1,1,2,1,7,1,52,1,53,0" doraHai="84" doraHaiUra="132" who="1" fromWho="0" sc="106,-122,394,132,294,0,196,0" owari="-16,-52.0,526,63.0,294,9.0,196,-20.0" /></mjloggm>