<mjloggm ver="2.3"><GO type="169" lobby="0"/><UN n0="%E3%82%A6%E3%83%AB%E3%83%88%E3%83%A9%E7%AB%8B%E7%9B%B4" n1="%69%73%63%6F%70%65" n2="%E5%86%A5%E5%9C%9F%E3%81%AE%E3%83%AF%E3%83%8B%E8%94%B5" n3="%2A%E3%81%B6%E3%81%A3%E3%81%A1%2A" dan="17,19,16,17" rate="2143.24,2190.93,2127.71,2157.29" sx="M,M,M,M"/><TAIKYOKU oya="0"/><INIT seed="0,0,0,1,1,45" ten="250,250,250,250" oya="0" hai0="134,27,58,65,56,98,3,102,39,129,38,67,33" hai1="9,47,117,116,126,6,105,4,36,0,86,30,83" hai2="52,113,17,127,70,22,133,16,73,18,61,63,32" hai3="94,69,55,90,42,78,128,12,23,24,79,95,103"/><T130/><D3/><U46/><E105/><V82/><F113/><W110/><G110/><T37/><D27/><U26/><E6/><V112/><F112/><W131/><G69/><T48/><D33/><U84/><E126/><V25/><F32/><W71/><G71/><T93/><D134/><U29/><E29/><V107/><F127/><W120/><G12/><T1/><D1/><U59/><E86/><V75/><F107/><W97/><G120/><T100/><D93/><U5/><E5/><V11/><F11/><W108/><G108/><T2/><D98/><U19/><E19/><V122/><F122/><W34/><G34/><T115/><D2/><U104/><E104/><V92/><F133/><W118/><G118/><T31/><D31/><U81/><E81/><V10/><F10/><W111/><G111/><T135/><D135/><U121/><E121/><V124/><F124/><W43/><G78/><T62/><D115/><U77/><E59/><N who="0" m="22569" /><D62/><U88/><E77/><V66/><F92/><W99/><G79/><T28/><D28/><U41/><E116/><V13/><F13/><W53/><G24/><T51/><D65/><U64/><E64/><V74/><F82/><W91/><G23/><T87/><D87/><U7/><E7/><V76/><F76/><W125/><G125/><T21/><D21/><U44/><E117/><V40/><F25/><W14/><G14/><T132/><D132/><U106/><E106/><V60/><F22/><AGARI ba="0,0" hai="0,4,9,22,26,30,36,41,44,46,47,83,84,88" machi="22" ten="30,2000,0" yaku="7,1,54,1" doraHai="45" who="1" fromWho="2" sc="250,0,250,20,250,-20,250,0" /><INIT seed="1,0,0,4,2,115" ten="250,270,230,250" oya="1" hai0="62,26,113,5,27,29,120,33,117,105,55,107,24" hai1="43,53,3,71,132,68,0,16,47,96,106,40,84" hai2="80,6,31,99,66,57,124,109,116,95,86,32,45" hai3="72,64,63,19,73,18,131,89,44,90,39,28,121"/><U50/><E132/><V88/><F109/><W25/><G121/><T70/><D113/><U21/><E43/><V59/><F124/><W135/><G135/><T118/><D120/><U122/><E122/><V69/><F116/><N who="0" m="44650" /><D55/><U110/><E110/><V13/><F69/><W79/><G131/><T108/><D108/><U34/><E34/><V17/><F6/><W134/><G134/><T12/><D12/><U133/><E133/><V126/><F66/><W98/><G39/><T128/><D24/><U48/><E84/><V37/><F126/><W30/><G44/><T35/><D5/><U61/><E68/><V9/><F31/><W74/><G30/><N who="0" m="19671" /><D128/><U104/><E0/><V56/><F32/><W36/><G25/><T10/><D10/><U4/><E4/><V114/><F114/><W65/><G28/><T112/><D112/><U101/><E3/><V123/><F123/><W127/><G127/><T75/><D75/><U130/><E130/><V60/><F37/><W42/><G73/><T22/><D22/><U15/><E50/><V85/><F85/><W46/><G72/><T129/><D129/><U100/><E40/><V119/><F45/><W23/><G74/><T54/><D54/><U81/><E81/><V97/><F119/><W2/><G2/><T83/><D83/><U103/><E106/><V125/><F125/><W76/><G42/><T94/><D94/><U58/><E58/><N who="2" m="22635" /><F80/><W67/><G46/><T20/><D20/><U8/><E8/><V111/><F111/><W92/><G23/><T82/><D82/><U77/><E77/><V78/><F78/><RYUUKYOKU ba="0,0" sc="250,10,270,10,230,10,250,-30" hai0="27,29,35,62,70,105,107" hai1="15,16,21,47,48,53,61,71,96,100,101,103,104" hai2="9,13,17,59,60,86,88,95,97,99" /><INIT seed="1,1,0,4,5,38" ten="260,280,240,220" oya="1" hai0="60,68,42,14,77,70,19,5,86,6,30,113,27" hai1="32,130,127,94,115,13,64,21,17,99,97,54,125" hai2="85,73,8,15,93,126,1,101,7,20,37,57,133" hai3="87,28,105,53,39,51,134,36,45,102,106,18,58"/><U41/><E115/><V2/><F73/><W48/><G134/><T49/><D113/><U22/><E32/><V55/><F37/><W82/><G28/><T72/><D72/><U131/><E64/><V84/><F126/><N who="1" m="48137" /><E54/><V123/><F123/><W135/><G135/><T12/><D70/><U63/><E63/><V80/><F133/><W44/><G58/><T61/><D68/><U50/><E21/><V120/><F120/><W79/><G18/><T69/><D69/><U47/><E97/><V121/><F121/><W71/><G71/><T10/><D30/><U81/><E81/><V119/><F119/><W114/><G114/><T74/><D27/><U122/><E122/><V0/><F20/><W76/><G106/><T34/><D34/><U62/><E62/><V9/><F80/><W117/><G117/><T33/><D33/><U132/><E132/><V88/><F9/><W65/><G65/><T23/><D61/><U3/><E3/><V11/><F11/><W56/><G76/><T103/><D60/><U111/><E111/><V95/><F2/><W66/><G66/><T59/><D23/><U78/><E78/><V100/><F1/><W112/><G112/><T24/><D24/><U108/><E108/><V75/><F0/><W40/><G56/><T25/><D25/><U26/><E26/><V98/><F98/><W46/><G46/><N who="0" m="25815" /><D77/><U31/><E31/><V110/><F110/><W92/><G105/><T91/><D14/><U129/><E131/><V67/><F67/><W107/><G107/><T96/><D12/><U104/><E104/><V124/><F124/><RYUUKYOKU ba="1,0" sc="260,-15,280,15,240,-15,220,15" hai1="13,17,22,41,47,50,94,99,129,130" hai3="36,39,40,44,45,48,51,53,79,82,87,92,102" /><INIT seed="1,2,0,0,5,22" ten="245,295,225,235" oya="1" hai0="56,90,115,123,101,19,40,89,51,81,10,11,69" hai1="70,117,53,105,3,14,110,122,108,72,135,20,118" hai2="15,67,21,42,32,116,120,13,98,133,99,6,95" hai3="36,58,8,66,77,33,47,128,1,82,16,29,49"/><U41/><E3/><V111/><F116/><W31/><G128/><T100/><D69/><U27/><E72/><V30/><F120/><W104/><G104/><T43/><D115/><U129/><E70/><V124/><F124/><W39/><G36/><T75/><D75/><U112/><E41/><N who="0" m="15945" /><D123/><U68/><E68/><V38/><F32/><W37/><G39/><T126/><D126/><U88/><E122/><V59/><F42/><W48/><G37/><T12/><D11/><U80/><E105/><V55/><F67/><W0/><G31/><T109/><D109/><N who="1" m="42091" /><E112/><V119/><F38/><W54/><G49/><T87/><D90/><U132/><E14/><V4/><F15/><W9/><G1/><T61/><D51/><U52/><E129/><V103/><F13/><W78/><G0/><T50/><D50/><U65/><E65/><AGARI ba="2,0" hai="10,12,19,56,61,65,81,87,89,100,101" m="15945" machi="65" ten="30,1000,0" yaku="8,1" doraHai="22" who="0" fromWho="1" sc="245,16,295,-16,225,0,235,0" /><INIT seed="2,0,0,1,4,108" ten="261,279,225,235" oya="2" hai0="112,132,71,4,68,1,12,29,45,23,36,58,49" hai1="10,41,51,131,18,96,20,104,14,110,0,34,80" hai2="114,57,99,24,95,130,120,111,3,48,90,2,66" hai3="123,87,125,119,13,25,38,67,124,101,129,6,113"/><V7/><F114/><W31/><G123/><T81/><D112/><U33/><E110/><V28/><F120/><W5/><G119/><T88/><D36/><U122/><E122/><V102/><F111/><W44/><G113/><T60/><D1/><U70/><E70/><V42/><F130/><W30/><G129/><T78/><D132/><U50/><E131/><V55/><F7/><W8/><G5/><T105/><D105/><U72/><E33/><V135/><F135/><W40/><G67/><T61/><D78/><U65/><E34/><V15/><F15/><W109/><G109/><T77/><D77/><U85/><E65/><V79/><F79/><W86/><G101/><T103/><D103/><U83/><E83/><V63/><F42/><W69/><G69/><T35/><D35/><U19/><E72/><V62/><F90/><W127/><G31/><T134/><D134/><U121/><E41/><V59/><REACH who="2" step="1"/><F63/><REACH who="2" ten="261,279,215,235" step="2"/><W117/><G117/><T100/><D61/><U91/><E121/><V16/><F16/><W82/><G125/><T21/><D12/><U53/><E0/><V98/><F98/><W89/><G124/><T64/><D4/><U93/><E19/><V118/><F118/><W75/><G127/><T76/><D76/><U43/><E43/><V46/><F46/><W84/><G75/><T56/><D45/><U54/><E18/><V32/><AGARI ba="0,1" hai="2,3,24,28,32,48,55,57,59,62,66,95,99,102" machi="32" ten="20,3900,0" yaku="1,1,0,1,7,1,53,0" doraHai="108" doraHaiUra="11" who="2" fromWho="2" sc="261,-13,279,-13,215,49,235,-13" /><INIT seed="2,1,0,3,3,31" ten="248,266,264,222" oya="2" hai0="44,20,82,59,3,109,49,73,32,87,30,42,100" hai1="23,41,47,5,99,1,79,66,94,110,58,93,135" hai2="4,24,128,104,37,53,63,103,131,108,27,14,120" hai3="69,61,38,62,78,98,127,75,51,117,21,121,90"/><V83/><F120/><W88/><G38/><T34/><D109/><U57/><E110/><V84/><F108/><W126/><G121/><T7/><D73/><U112/><E112/><V76/><F37/><W55/><G117/><T119/><D119/><U92/><E135/><V18/><F4/><W28/><G69/><T26/><D100/><U102/><E79/><V95/><F104/><W2/><G2/><T122/><D122/><U97/><E66/><V132/><F132/><W36/><G36/><T96/><D96/><U67/><E67/><V45/><F103/><W46/><G78/><T15/><D59/><U101/><E93/><V29/><F95/><N who="3" m="56679" /><G90/><T60/><D60/><U133/><E133/><V33/><F27/><N who="3" m="16495" /><G75/><T124/><D124/><AGARI ba="1,0" hai="46,51,55,61,62,124,126,127" m="16495,56679" machi="124" ten="30,2000,0" yaku="18,1,54,1" doraHai="31" who="3" fromWho="0" sc="248,-23,266,0,264,0,222,23" /><INIT seed="3,0,0,4,4,36" ten="225,266,264,245" oya="3" hai0="85,118,28,96,97,129,130,60,29,19,48,135,22" hai1="104,63,134,58,86,8,132,99,76,114,6,111,27" hai2="113,41,66,20,127,13,122,34,62,64,40,26,42" hai3="77,91,23,74,10,75,108,112,93,3,69,83,79"/><W18/><G112/><T100/><D118/><U51/><E114/><V50/><F113/><W82/><G108/><T56/><D135/><N who="1" m="51755" /><E111/><V105/><F105/><W128/><G128/><N who="0" m="49259" /><D85/><U61/><E27/><V107/><F107/><W1/><G69/><T5/><D5/><U39/><E39/><V133/><F133/><W116/><G10/><T49/><D19/><U81/><E51/><N who="0" m="19529" /><D22/><U84/><E58/><N who="2" m="36951" /><F127/><W37/><G37/><T110/><D110/><U47/><E47/><N who="2" m="25959" /><F34/><W9/><G116/><T35/><D35/><U24/><E24/><V92/><F66/><W43/><G43/><N who="2" m="16393" /><F122/><W57/><G1/><T103/><D56/><U73/><E63/><V109/><F109/><W38/><G57/><T16/><D60/><U106/><E61/><V33/><F33/><W44/><G38/><T119/><D119/><U15/><E106/><V31/><F13/><W21/><G44/><T121/><D121/><U131/><E131/><V90/><F90/><W4/><G3/><T65/><D65/><U25/><E25/><V59/><F92/><W89/><G93/><T53/><D53/><U45/><E45/><V46/><F46/><W94/><G94/><T30/><D103/><AGARI ba="0,0" hai="6,8,15,73,76,81,84,86,99,103,104" m="51755" machi="103" ten="30,1000,0" yaku="20,1" doraHai="36" who="1" fromWho="0" sc="225,-10,266,10,264,0,245,0" /><INIT seed="4,0,0,2,4,113" ten="215,276,264,245" oya="0" hai0="89,134,16,127,133,109,103,81,82,59,99,66,24" hai1="68,36,106,0,31,72,102,23,86,2,29,67,28" hai2="13,19,46,135,110,115,35,48,43,5,12,85,34" hai3="41,37,32,11,38,58,94,44,74,96,47,84,125"/><T131/><D131/><U33/><E72/><V108/><F115/><W40/><G74/><T49/><D127/><U118/><E36/><V92/><F135/><N who="0" m="51722" /><D109/><U15/><E86/><V69/><F69/><W120/><G125/><T107/><D89/><U77/><E77/><V10/><F85/><W45/><G120/><T62/><D49/><U126/><E126/><V87/><F87/><W50/><G32/><T3/><D3/><U65/><E33/><V101/><F34/><W78/><G58/><T56/><D56/><U104/><E68/><V90/><F35/><W25/><G25/><T79/><D79/><U6/><E102/><V91/><F108/><W7/><G78/><T83/><D24/><U116/><E23/><N who="2" m="11751" /><F110/><W8/><G84/><T98/><D98/><AGARI ba="0,0" hai="5,10,13,43,46,48,90,91,92,98,101" m="11751" machi="98" ten="30,1000,0" yaku="8,1" doraHai="113" who="2" fromWho="0" sc="215,-10,276,0,264,10,245,0" /><INIT seed="5,0,0,1,4,27" ten="205,276,274,245" oya="1" hai0="111,35,77,103,95,87,41,123,31,117,17,21,125" hai1="46,30,79,107,37,81,131,11,20,90,22,109,7" hai2="135,33,45,126,105,91,76,39,18,57,47,86,14" hai3="73,78,128,134,24,82,66,72,51,16,108,62,64"/><U121/><E121/><V23/><F33/><W83/><G108/><T74/><D111/><U106/><E109/><V122/><F122/><W65/><G128/><T49/><D117/><U120/><E120/><V25/><F105/><W96/><G134/><T52/><D125/><U53/><E90/><V36/><F126/><W129/><G129/><T118/><D118/><U85/><E131/><V38/><F76/><W12/><G24/><N who="0" m="16783" /><D74/><U104/><E30/><V119/><F135/><W54/><G96/><N who="0" m="59807" /><D35/><U71/><E71/><V6/><F119/><W94/><G94/><T89/><D123/><U99/><E99/><V29/><F6/><W132/><G132/><T80/><D17/><U115/><E115/><V102/><F102/><W44/><G72/><T69/><D69/><U97/><E97/><V10/><REACH who="2" step="1"/><F57/><REACH who="2" ten="205,276,264,245" step="2"/><W42/><G78/><T2/><D2/><U68/><E68/><V58/><F58/><N who="3" m="35159" /><G73/><T116/><D116/><U124/><E124/><V13/><F13/><W55/><G12/><T98/><D98/><U32/><E32/><V93/><AGARI ba="0,1" hai="10,14,18,23,25,29,36,38,39,45,47,86,91,93" machi="93" ten="30,4000,0" yaku="1,1,0,1,52,1,53,0" doraHai="27" doraHaiUra="114" who="2" fromWho="2" sc="205,-10,276,-20,264,50,245,-10" /><INIT seed="6,0,0,5,0,101" ten="195,256,314,235" oya="2" hai0="103,85,92,134,78,43,80,37,102,19,68,18,6" hai1="54,8,115,82,89,58,56,3,4,46,123,28,132" hai2="21,126,95,13,114,70,53,99,112,96,110,14,41" hai3="24,10,65,63,20,30,107,49,23,7,120,12,16"/><V66/><F126/><W83/><G120/><T94/><D68/><U61/><E123/><V74/><F74/><W127/><G127/><T5/><D134/><U130/><E132/><V44/><F53/><W79/><G49/><T98/><D37/><U88/><E115/><V133/><F99/><W116/><G116/><T67/><D67/><U108/><E108/><V31/><F133/><W59/><G107/><T57/><D43/><U71/><E71/><V42/><F42/><W90/><G90/><T15/><D57/><U105/><E46/><V109/><F66/><W91/><G91/><T86/><D15/><N who="2" m="5642" /><F21/><W36/><G36/><T35/><D35/><U2/><E105/><V62/><F62/><W125/><G125/><T17/><REACH who="0" step="1"/><D85/><REACH who="0" ten="185,256,314,235" step="2"/><U51/><E56/><V75/><F70/><W113/><G113/><T33/><D33/><U40/><E40/><V117/><F112/><W87/><REACH who="3" step="1"/><G23/><REACH who="3" ten="185,256,314,225" step="2"/><T77/><D77/><U47/><E58/><V39/><F114/><W131/><G131/><T0/><D0/><U72/><E2/><V48/><F39/><W9/><G9/><T69/><D69/><U129/><E8/><V50/><F109/><W84/><G84/><T32/><D32/><U45/><E3/><V106/><F110/><W135/><G135/><T124/><D124/><U121/><E129/><V1/><F1/><W55/><G55/><T25/><D25/><U93/><E54/><V73/><F73/><W104/><G104/><T97/><AGARI ba="0,2" hai="5,6,17,18,19,78,80,86,92,94,97,98,102,103" machi="97" ten="30,7900,0" yaku="1,1,0,1,9,1,8,1,53,0" doraHai="101" doraHaiUra="119" who="0" fromWho="0" sc="185,99,256,-20,314,-39,225,-20" /><INIT seed="7,0,0,0,5,122" ten="284,236,275,205" oya="3" hai0="93,79,25,59,75,99,34,17,128,27,40,91,73" hai1="42,86,39,24,48,94,28,21,57,126,112,23,61" hai2="46,33,129,92,11,121,2,68,64,133,47,101,110" hai3="107,45,106,131,53,43,117,74,119,50,37,10,20"/><W52/><G131/><T38/><D128/><U41/><E39/><V76/><F110/><W78/><G10/><T49/><D79/><U81/><E112/><V87/><F33/><W5/><G5/><T105/><D105/><U29/><E126/><V22/><F64/><W3/><G3/><T134/><D134/><U89/><E48/><V1/><F68/><W6/><G6/><T118/><D118/><U82/><E82/><V30/><F1/><W71/><G71/><T19/><D38/><U109/><E109/><V125/><F11/><W14/><G53/><T35/><D59/><U108/><E108/><V16/><F2/><W51/><G37/><T116/><D75/><U70/><E70/><V97/><F125/><W8/><G117/><T77/><D77/><U111/><E81/><N who="2" m="47527" /><F133/><W69/><G69/><T56/><D73/><U72/><E72/><V44/><F121/><W36/><G36/><T7/><D7/><U100/><E100/><V9/><F9/><W13/><G119/><T0/><D0/><U130/><E130/><V67/><F67/><W85/><G74/><T120/><D120/><U90/><E90/><V4/><F4/><N who="3" m="3207" /><G78/><T55/><D40/><N who="1" m="15467" /><E111/><V66/><F66/><W63/><G85/><T135/><D135/><U115/><E115/><V113/><F113/><W103/><G103/><T58/><D116/><U95/><E95/><V18/><F129/><W31/><G63/><N who="0" m="36255" /><D35/><U26/><E61/><V32/><F32/><W83/><G83/><T88/><D91/><U62/><E62/><V60/><F60/><W104/><G104/><T123/><D34/><RYUUKYOKU ba="0,0" sc="284,-15,236,15,275,15,205,-15" hai1="21,23,24,26,28,29,57,86,89,94" hai2="16,18,22,30,44,46,47,92,97,101" /><INIT seed="8,1,0,5,2,23" ten="269,251,290,190" oya="0" hai0="99,36,119,116,22,47,130,7,39,101,41,55,8" hai1="29,95,94,102,20,62,33,25,40,10,80,106,105" hai2="123,98,76,6,115,24,89,103,26,17,125,120,72" hai3="35,67,69,53,32,70,57,21,79,92,118,48,65"/><T42/><D55/><U81/><E40/><V86/><F115/><W122/><G118/><N who="0" m="45099" /><D130/><U58/><E10/><V88/><F89/><W135/><G135/><T129/><D129/><U108/><E108/><V63/><F6/><W44/><G122/><T71/><D71/><U45/><E45/><V96/><F96/><W124/><G124/><T60/><D60/><U109/><E109/><V34/><F34/><W0/><G70/><T75/><D75/><U128/><E128/><V1/><F1/><W5/><G69/><T31/><D47/><U15/><E95/><N who="2" m="54679" /><F63/><W18/><G92/><N who="0" m="58599" /><D42/><U85/><E106/><N who="2" m="63863" /><F17/><W111/><G111/><T121/><D41/><U104/><E104/><V97/><F97/><W13/><G79/><T46/><D46/><U112/><E105/><V3/><F3/><W126/><G126/><T82/><D82/><U91/><E112/><V73/><F125/><W114/><G114/><T87/><D87/><U16/><REACH who="1" step="1"/><E102/><REACH who="1" ten="269,241,290,190" step="2"/><V77/><F120/><W100/><G100/><T93/><D121/><U12/><E12/><V19/><F123/><W74/><G44/><T43/><D93/><U9/><E9/><V78/><F73/><W61/><G74/><T132/><D43/><U131/><E131/><V28/><F72/><W11/><REACH who="3" step="1"/><G61/><REACH who="3" ten="269,241,290,180" step="2"/><T66/><D132/><U133/><E133/><V54/><F76/><W14/><G14/><N who="0" m="5407" /><D39/><U59/><E59/><V50/><F77/><W83/><G83/><T56/><D36/><U2/><E2/><V134/><F78/><W4/><G4/><T110/><D56/><U51/><E51/><V49/><F49/><RYUUKYOKU ba="1,2" sc="269,-15,241,15,290,-15,180,15" hai1="15,16,20,25,29,33,58,62,80,81,85,91,94" hai3="0,5,11,13,18,21,32,35,48,53,57,65,67" /><INIT seed="9,2,2,4,3,52" ten="254,256,275,195" oya="1" hai0="131,77,99,0,114,23,30,111,92,82,68,112,12" hai1="108,116,120,130,119,31,5,134,122,28,13,46,67" hai2="34,90,78,93,65,36,39,81,101,97,118,83,105" hai3="25,51,71,55,42,32,44,40,17,6,41,125,61"/><U19/><E130/><V11/><F34/><W57/><G125/><T75/><D0/><U76/><E76/><V110/><F110/><W91/><G6/><T123/><D68/><U62/><E5/><V47/><F118/><N who="1" m="45097" /><E108/><V59/><F47/><W72/><G72/><T16/><D111/><U100/><E100/><V66/><F83/><W127/><G127/><T135/><D131/><U132/><E46/><V85/><F11/><W45/><G91/><T73/><D73/><U87/><E87/><V15/><F15/><W124/><G124/><T126/><D126/><U9/><E122/><V86/><REACH who="2" step="1"/><F59/><REACH who="2" ten="254,256,265,195" step="2"/><W22/><REACH who="3" step="1"/><G32/><REACH who="3" ten="254,256,265,185" step="2"/><T18/><D123/><U50/><E120/><V109/><F109/><W64/><AGARI ba="2,4" hai="17,22,25,40,41,42,44,45,51,55,57,61,64,71" machi="64" ten="30,8000,1" yaku="1,1,2,1,0,1,52,1,53,1" doraHai="52" doraHaiUra="60" who="3" fromWho="3" sc="254,-22,256,-42,265,-22,185,126" owari="232,-17.0,214,-29.0,243,4.0,311,42.0" /></mjloggm>