<mjloggm ver="2.3"><GO type="169" lobby="0"/><UN n0="%70%69%2D%70%6F" n1="%E7%88%86%E5%BC%BE%E4%BA%94%E9%83%8E%EF%BC%92" n2="%E3%82%A6%E3%83%AB%E3%83%88%E3%83%A9%E7%AB%8B%E7%9B%B4" n3="%E6%9D%BE%E5%B1%8B%E3%81%8A%E3%81%98%E3%81%95%E3%82%93" dan="17,16,17,18" rate="2147.10,2076.08,2156.35,2231.64" sx="M,M,M,M"/><TAIKYOKU oya="0"/><INIT seed="0,0,0,3,4,75" ten="250,250,250,250" oya="0" hai0="22,110,11,20,72,29,106,78,133,6,37,87,58" hai1="52,85,21,47,36,107,30,67,102,97,16,89,118" hai2="43,96,34,33,65,9,54,10,70,112,69,128,109" hai3="46,15,84,100,74,122,88,73,80,86,19,113,26"/><T44/><D87/><U39/><E118/><V45/><F112/><W91/><G113/><T25/><D106/><U134/><E30/><V12/><F109/><W53/><G100/><T111/><D133/><U124/><E67/><V120/><F120/><W31/><G122/><T40/><D58/><U116/><E116/><V35/><F128/><W63/><G63/><T114/><D22/><U101/><E101/><V68/><F96/><W103/><G103/><T62/><D62/><U27/><E124/><V23/><F65/><W99/><G99/><T14/><REACH who="0" step="1"/><D114/><REACH who="0" ten="240,250,250,250" step="2"/><U127/><E134/><V135/><F135/><W119/><G119/><T38/><D38/><U132/><E132/><V2/><F23/><N who="3" m="15839" /><G74/><T131/><D131/><U42/><E127/><V117/><F35/><W98/><G73/><T0/><D0/><U55/><REACH who="1" step="1"/><E39/><REACH who="1" ten="240,240,250,250" step="2"/><V90/><F34/><W123/><G123/><T79/><D79/><U7/><E7/><V105/><F33/><W48/><G48/><T5/><D5/><U51/><E51/><V104/><F117/><W108/><G108/><T41/><D41/><U94/><AGARI ba="0,2" hai="16,21,27,36,42,47,52,55,85,89,94,97,102,107" machi="94" ten="20,8000,1" yaku="1,1,0,1,7,1,54,2,53,0" doraHai="75" doraHaiUra="56" who="1" fromWho="1" sc="240,-40,240,100,250,-20,250,-20" /><INIT seed="1,0,0,3,3,104" ten="200,340,230,230" oya="1" hai0="89,31,129,0,64,93,81,74,5,22,57,97,60" hai1="77,12,15,119,110,59,75,124,131,45,133,62,51" hai2="69,72,126,49,61,53,10,26,134,91,109,24,79" hai3="41,18,76,30,67,123,6,102,63,83,13,39,82"/><U46/><E119/><V23/><F109/><W105/><G123/><T90/><D129/><U35/><E35/><V132/><F126/><W103/><G6/><T68/><D5/><U98/><E131/><V37/><F37/><W73/><G30/><T100/><D0/><U3/><E3/><V87/><F10/><W84/><G105/><T125/><D68/><U92/><E124/><V43/><F43/><W127/><G127/><T2/><D2/><U114/><E114/><V112/><F112/><W111/><G111/><T9/><D9/><U29/><E29/><V128/><F128/><W55/><G55/><T1/><D1/><U121/><E45/><V8/><F8/><W56/><G41/><T34/><D34/><U47/><E46/><V120/><F120/><W20/><REACH who="3" step="1"/><G39/><REACH who="3" ten="200,340,230,220" step="2"/><T96/><D125/><U36/><E36/><V38/><F38/><W107/><G107/><T33/><D33/><U106/><E106/><V4/><F4/><W21/><G21/><T95/><D22/><U40/><E121/><V50/><F53/><W28/><G28/><T115/><D31/><U99/><E110/><V25/><F23/><W135/><G135/><T86/><REACH who="0" step="1"/><D115/><REACH who="0" ten="190,340,230,220" step="2"/><U116/><E133/><V66/><F134/><W88/><AGARI ba="0,2" hai="13,18,20,56,63,67,73,76,82,83,84,88,102,103" machi="88" ten="20,8000,1" yaku="1,1,0,1,7,1,52,1,54,1,53,0" doraHai="104" doraHaiUra="94" who="3" fromWho="3" sc="190,-20,340,-40,230,-20,220,100" /><INIT seed="2,0,0,4,4,79" ten="170,300,210,320" oya="2" hai0="109,24,23,50,99,126,68,67,19,103,48,86,54" hai1="16,39,51,84,13,91,46,44,5,52,78,10,3" hai2="18,135,4,47,25,14,95,133,28,6,35,132,115" hai3="116,64,121,22,96,134,77,111,129,97,122,106,127"/><V58/><F115/><W38/><G38/><T81/><D109/><U88/><E78/><V93/><F58/><W100/><G64/><T66/><D126/><U33/><E33/><V32/><F47/><W7/><G7/><N who="2" m="2601" /><F93/><N who="3" m="58383" /><G22/><T21/><D21/><U89/><E39/><V114/><F95/><W41/><G41/><T49/><D68/><U0/><E44/><V72/><F72/><W70/><G70/><T92/><REACH who="0" step="1"/><D54/><REACH who="0" ten="160,300,210,320" step="2"/><U9/><REACH who="1" step="1"/><E3/><REACH who="1" ten="160,290,210,320" step="2"/><V113/><F35/><W57/><G127/><T42/><D42/><U98/><E98/><V11/><AGARI ba="0,2" hai="11,14,18,25,28,32,113,114,132,133,135" m="2601" machi="11" ten="40,7800,0" yaku="20,1,34,2" doraHai="79" who="2" fromWho="2" sc="160,-26,290,-26,210,98,320,-26" /><INIT seed="2,1,0,3,1,85" ten="134,264,308,294" oya="2" hai0="101,12,24,40,68,4,86,120,49,29,20,119,66" hai1="21,93,9,127,6,91,103,92,134,131,100,32,114" hai2="110,133,3,5,99,58,128,96,111,30,69,77,126" hai3="98,34,121,80,124,109,90,28,70,88,63,38,59"/><V78/><F69/><W0/><G121/><T13/><D120/><U108/><E32/><V18/><F30/><W17/><G70/><T74/><D74/><U102/><E114/><V75/><F5/><W107/><G38/><T42/><D119/><U43/><E134/><V36/><F3/><W26/><G0/><T118/><D118/><U14/><E127/><V65/><F36/><W47/><G124/><T39/><D101/><U57/><E131/><V129/><F126/><W41/><G109/><N who="2" m="41481" /><F18/><W115/><G115/><T45/><D4/><U2/><E108/><V1/><F1/><W48/><G80/><T31/><D31/><U33/><E33/><V125/><F125/><W51/><G51/><T82/><D40/><U60/><E43/><V55/><F65/><W46/><G46/><T81/><D81/><U105/><E105/><V25/><F25/><W56/><G56/><T130/><D39/><U76/><E2/><V54/><F133/><W22/><G98/><N who="2" m="37417" /><F75/><W35/><G107/><T122/><D122/><U15/><E15/><V52/><F58/><W7/><G7/><T19/><D130/><AGARI ba="1,0" hai="52,54,55,77,78,128,129,130" m="37417,41481" machi="130" ten="40,18000,2" yaku="28,2,19,1,14,1,10,1,54,1" doraHai="85" who="2" fromWho="0" sc="134,-183,264,0,308,183,294,0" owari="-49,-55.0,264,-14.0,491,60.0,294,9.0" /></mjloggm>