<mjloggm ver="2.3"><GO type="97" lobby="0"/><UN n0="%E3%83%B4%E3%82%A3%E3%83%AB%E3%81%95%E3%82%93%E3%81%AE%E6%B6%88%E5%A4%B1" n1="%E6%9C%88%E5%92%8F%E3%82%8B%E3%81%AA" n2="%4A%4F%4C%54" n3="%E5%B0%B1%E6%B4%BB%E7%94%9F%40%E5%B7%9D%E6%9D%91%E8%BB%8D%E5%9B%A3" dan="15,13,13,14" rate="1921.15,1895.82,1802.39,1979.37" sx="F,F,M,M"/><TAIKYOKU oya="0"/><INIT seed="0,0,0,5,3,84" ten="250,250,250,250" oya="0" hai0="31,58,65,72,73,28,22,75,121,66,34,120,91" hai1="54,10,8,86,5,12,79,16,69,96,57,3,119" hai2="45,129,48,51,63,127,124,61,123,35,55,103,128" hai3="94,76,87,105,17,88,0,133,132,117,107,18,19"/><T116/><D116/><U97/><E119/><V99/><F35/><W64/><G117/><T23/><D34/><U50/><E69/><V25/><F25/><W83/><G0/><T71/><D71/><U110/><REACH who="1" step="1"/><E110/><REACH who="1" ten="250,240,250,250" step="2"/><V82/><F123/><W109/><G109/><T33/><D121/><U9/><E9/><V39/><F82/><AGARI ba="0,1" hai="3,5,8,10,12,16,50,54,57,79,82,86,96,97" machi="82" ten="40,2600,0" yaku="1,1,54,1,53,0" doraHai="84" doraHaiUra="114" who="1" fromWho="2" sc="250,0,240,36,250,-26,250,0" /><INIT seed="1,0,0,5,4,27" ten="250,276,224,250" oya="1" hai0="135,109,110,42,106,75,96,65,131,5,13,52,68" hai1="15,44,90,20,112,83,58,23,63,80,0,115,45" hai2="1,124,28,41,50,134,111,54,76,126,105,36,16" hai3="40,117,60,103,100,39,108,116,6,43,71,26,133"/><U94/><E0/><V98/><F76/><W32/><G108/><N who="0" m="41579" /><D131/><U67/><E115/><V53/><F111/><W91/><G6/><T118/><D118/><N who="3" m="45673" /><G133/><T25/><D75/><U87/><E112/><V113/><F1/><W35/><G91/><T3/><D3/><U86/><E94/><V12/><F134/><W84/><G84/><T34/><D42/><N who="3" m="15913" /><G39/><T55/><D135/><U10/><E44/><N who="2" m="25871" /><F36/><W48/><G48/><T120/><D120/><U24/><E45/><V64/><F64/><N who="3" m="41351" /><G26/><T102/><D13/><U51/><E24/><V30/><F98/><W31/><G31/><N who="2" m="11817" /><F113/><W79/><G79/><T46/><D5/><N who="1" m="3535" /><E51/><V72/><F72/><W107/><G107/><T47/><D106/><U132/><E132/><V92/><F92/><W18/><G18/><T89/><D96/><U95/><E95/><V70/><F70/><W127/><G127/><N who="2" m="48681" /><F105/><W97/><G97/><T114/><D68/><U129/><E129/><V69/><F69/><W104/><G104/><T66/><D114/><U61/><E61/><V101/><F101/><AGARI ba="0,0" hai="32,35,100,101,103" m="41351,15913,45673" machi="101" ten="30,1000,0" yaku="12,1" doraHai="27" who="3" fromWho="2" sc="250,0,276,0,224,-10,250,10" /><INIT seed="2,0,0,1,0,95" ten="250,276,214,260" oya="2" hai0="105,70,52,48,20,37,4,33,3,54,30,131,45" hai1="80,72,121,124,28,19,103,108,87,12,101,41,73" hai2="123,97,31,35,64,117,116,2,115,22,36,5,78" hai3="16,21,76,53,133,112,100,104,11,120,68,125,99"/><V51/><F36/><W56/><G120/><T50/><D105/><U34/><E41/><V49/><F123/><W60/><G112/><T55/><D33/><U74/><E121/><V6/><F115/><W47/><G125/><T92/><D70/><U90/><E124/><V89/><F35/><W102/><G133/><T85/><D131/><U32/><E108/><V81/><F2/><W128/><G128/><T71/><D71/><U82/><E82/><V10/><F64/><W110/><G110/><T43/><D4/><U127/><E127/><V44/><F116/><W24/><G76/><T23/><D3/><U69/><E69/><V15/><F117/><W79/><G79/><T119/><D119/><U42/><E42/><V91/><F78/><W58/><G100/><T134/><D134/><U129/><E129/><V38/><F38/><W59/><G68/><T13/><D20/><U114/><E114/><V63/><F63/><W113/><G113/><T17/><D30/><U107/><E107/><V75/><F75/><W86/><G86/><T26/><D26/><U57/><E57/><V132/><F132/><W1/><REACH who="3" step="1"/><G47/><REACH who="3" ten="250,276,214,250" step="2"/><T67/><REACH who="0" step="1"/><D67/><REACH who="0" ten="240,276,214,250" step="2"/><U9/><REACH who="1" step="1"/><E28/><REACH who="1" ten="240,266,214,250" step="2"/><V93/><F31/><W77/><G77/><T29/><D29/><U46/><E46/><V40/><F6/><AGARI ba="0,3" hai="1,6,11,16,21,24,53,56,58,59,60,99,102,104" machi="6" ten="40,5200,0" yaku="1,1,52,1,54,1,53,0" doraHai="95" doraHaiUra="118" who="3" fromWho="2" sc="240,0,266,0,214,-52,250,82" /><INIT seed="3,0,0,5,0,32" ten="240,266,162,332" oya="3" hai0="95,103,70,86,49,97,56,44,87,116,125,55,19" hai1="135,73,60,94,107,17,64,42,10,106,7,126,92" hai2="50,69,115,13,16,78,28,2,30,124,84,122,130" hai3="12,9,8,91,80,123,89,57,23,134,98,31,129"/><W101/><G123/><T26/><D116/><U61/><E73/><V75/><F69/><W72/><G134/><T105/><D125/><U33/><E135/><V109/><F75/><W1/><G129/><T51/><D70/><U77/><E126/><V20/><F124/><W68/><G68/><T11/><D105/><U96/><E77/><V25/><F78/><W22/><G1/><T21/><REACH who="0" step="1"/><D11/><REACH who="0" ten="230,266,162,332" step="2"/><U90/><E107/><V38/><F38/><W14/><G8/><T104/><D104/><U118/><E106/><V119/><F50/><W27/><G9/><T128/><D128/><U45/><E118/><V53/><F130/><W43/><G22/><T131/><D131/><U40/><E33/><V62/><F119/><W121/><G121/><T93/><D93/><U67/><E94/><V74/><F122/><W46/><G80/><T41/><AGARI ba="0,1" hai="19,21,26,41,44,49,51,55,56,86,87,95,97,103" machi="41" ten="20,8000,1" yaku="1,1,0,1,7,1,8,1,53,1" doraHai="32" doraHaiUra="52" who="0" fromWho="0" sc="230,90,266,-20,162,-20,332,-40" owari="320,42.0,246,-15.0,142,-36.0,292,9.0" /></mjloggm>