<mjloggm ver="2.3"><GO type="169" lobby="0"/><UN n0="%E3%83%92%E3%83%AB%E3%83%99%E3%83%AB%E3%83%88" n1="%E8%B1%86%E7%89%B9%EF%BC%A0%E6%B2%B3%E6%9D%91%E8%BB%8D%E5%9B%A3" n2="%E3%82%A6%E3%83%AB%E3%83%88%E3%83%A9%E7%AB%8B%E7%9B%B4" n3="%E8%82%89%E2%98%86%E6%A3%92%E5%A4%AA%E9%83%8E" dan="17,16,17,16" rate="2160.81,2131.61,2152.34,2146.23" sx="M,M,M,M"/><TAIKYOKU oya="0"/><INIT seed="0,0,0,3,4,75" ten="250,250,250,250" oya="0" hai0="111,128,82,122,70,26,129,15,126,9,49,53,97" hai1="98,47,118,60,101,67,19,45,113,69,36,21,59" hai2="79,86,63,87,61,33,105,44,135,13,71,62,11" hai3="104,125,20,43,77,80,38,48,32,6,17,110,99"/><T108/><D70/><U107/><E118/><V68/><F33/><W65/><G110/><N who="0" m="42027" /><D122/><U42/><E113/><V72/><F135/><W123/><G32/><T103/><D26/><U127/><E127/><V55/><F105/><W84/><G123/><T100/><D126/><U40/><E69/><V12/><F71/><W23/><G125/><T91/><D91/><U24/><E45/><V115/><F68/><W134/><G134/><T1/><D1/><U4/><E4/><V51/><F115/><W58/><G38/><T95/><D100/><U92/><REACH who="1" step="1"/><E42/><REACH who="1" ten="250,240,250,250" step="2"/><V119/><F119/><W0/><G43/><T18/><D82/><U14/><E14/><V131/><F13/><W57/><G6/><T102/><D103/><U35/><E35/><V5/><F131/><W112/><G0/><T8/><D9/><U3/><E3/><V106/><F12/><W88/><G112/><T28/><D28/><U34/><E34/><V41/><F11/><W83/><G104/><AGARI ba="0,1" hai="19,21,24,36,40,47,59,60,67,92,98,101,104,107" machi="104" ten="40,1300,0" yaku="1,1,53,0" doraHai="75" doraHaiUra="85" who="1" fromWho="3" sc="250,0,240,23,250,0,250,-13" /><INIT seed="1,0,0,5,4,32" ten="250,263,250,237" oya="1" hai0="9,15,25,2,38,27,80,123,5,40,78,16,7" hai1="1,98,37,114,133,70,20,60,51,41,4,127,57" hai2="58,129,106,75,93,76,118,10,53,56,0,115,61" hai3="81,48,116,63,17,34,97,42,105,13,33,96,111"/><U104/><E114/><V8/><F106/><W99/><G111/><T74/><D7/><U126/><E133/><V69/><F69/><W101/><G116/><T88/><D123/><U109/><E109/><V121/><F118/><W84/><G63/><T128/><D128/><U31/><E37/><V67/><F121/><W55/><G42/><T49/><D49/><U71/><E51/><V108/><F108/><W54/><G99/><T124/><D124/><N who="1" m="47659" /><E41/><V28/><F129/><W24/><G97/><T6/><D6/><U18/><E31/><V89/><F28/><W29/><G34/><T132/><D132/><U87/><E87/><V135/><F135/><W45/><G55/><T92/><D40/><U22/><E22/><V72/><F72/><W21/><G84/><T3/><D38/><U59/><E98/><V35/><F75/><W122/><G122/><T23/><D25/><N who="1" m="14487" /><E104/><V47/><F115/><W52/><G54/><T30/><D30/><U44/><E71/><V68/><F68/><W113/><REACH who="3" step="1"/><G81/><REACH who="3" ten="250,263,250,227" step="2"/><T36/><D36/><U50/><E60/><V117/><F61/><W64/><G64/><T112/><D112/><AGARI ba="0,1" hai="13,17,21,24,29,33,45,48,52,96,101,105,112,113" machi="112" ten="40,2600,0" yaku="1,1,54,1,53,0" doraHai="32" doraHaiUra="77" who="3" fromWho="0" sc="250,-26,263,0,250,0,227,36" /><INIT seed="2,0,0,0,0,99" ten="224,263,250,263" oya="2" hai0="100,98,128,90,123,93,74,24,113,66,133,95,58" hai1="2,45,84,132,63,119,54,34,22,114,75,107,73" hai2="40,1,116,47,11,129,69,16,30,26,61,15,86" hai3="36,17,92,25,62,12,88,4,56,21,97,108,28"/><V94/><F116/><W37/><G108/><T50/><D113/><U41/><E114/><V10/><F129/><W53/><REACH who="3" step="1"/><G4/><REACH who="3" ten="224,263,250,253" step="2"/><T23/><D123/><U51/><E119/><V33/><F1/><W64/><G64/><T131/><D133/><U77/><E132/><V19/><F11/><AGARI ba="0,1" hai="11,12,17,21,25,28,36,37,53,56,62,88,92,97" machi="11" ten="30,3900,0" yaku="1,1,7,1,54,1,53,0" doraHai="99" doraHaiUra="124" who="3" fromWho="2" sc="224,0,263,0,250,-39,253,49" /><INIT seed="3,0,0,5,1,134" ten="224,263,211,302" oya="3" hai0="21,63,74,128,127,35,57,55,103,60,40,65,22" hai1="62,75,95,18,46,104,42,86,56,133,1,88,69" hai2="59,15,107,124,7,71,45,39,24,11,41,26,27" hai3="17,72,85,92,125,12,113,0,32,93,50,47,126"/><W70/><G0/><T14/><D74/><U2/><E75/><V77/><F71/><W49/><G32/><T33/><D103/><U53/><E104/><V116/><F116/><W76/><G70/><T94/><D40/><U4/><E133/><V109/><F109/><W91/><G113/><T82/><D82/><U54/><E54/><V78/><F107/><W98/><G72/><T83/><D83/><U106/><E106/><V66/><F66/><W105/><G105/><T68/><D128/><U102/><E102/><V73/><F59/><W81/><G93/><T117/><D117/><U9/><E18/><V25/><N who="2" m="6144" /><DORA hai="28" /><V43/><F73/><W120/><G120/><T90/><D127/><N who="3" m="48649" /><G47/><T30/><D30/><U87/><E69/><V8/><F124/><W123/><G123/><T135/><D135/><U89/><E1/><V79/><F45/><W115/><G115/><T6/><D6/><U64/><E64/><V52/><F52/><W51/><G50/><T38/><D38/><U111/><E111/><V19/><F39/><W110/><G110/><T118/><D118/><U122/><E122/><V129/><F129/><W108/><G108/><T84/><REACH who="0" step="1"/><D14/><AGARI ba="0,0" hai="7,8,11,14,15,19,41,43,77,78,79" m="6144" machi="14" ten="60,2000,0" yaku="8,1" doraHai="134,28" who="2" fromWho="0" sc="224,-20,263,0,211,20,302,0" /><INIT seed="4,0,0,3,0,57" ten="204,263,231,302" oya="0" hai0="21,4,73,119,24,109,47,61,85,50,121,23,68" hai1="58,63,84,105,130,132,81,113,133,99,67,83,60" hai2="32,124,111,29,101,22,18,88,6,12,110,118,20" hai3="94,78,9,91,106,10,108,5,65,7,102,115,43"/><T14/><D73/><U77/><E130/><V30/><F101/><W35/><G108/><N who="2" m="41513" /><F88/><W116/><G35/><T72/><D72/><U53/><E113/><V120/><F120/><W8/><G115/><T64/><D109/><U90/><E105/><V134/><F32/><W42/><G116/><T26/><D119/><U131/><E131/><V75/><F75/><W62/><G78/><T80/><D121/><U34/><E34/><V45/><F45/><W33/><G33/><T82/><D24/><U41/><E41/><N who="3" m="15370" /><G102/><T2/><D2/><U46/><E46/><V135/><F118/><W56/><G106/><T129/><D129/><U114/><E114/><V74/><F74/><W122/><G122/><T39/><D39/><U126/><E126/><V79/><F79/><W15/><G15/><T17/><D85/><AGARI ba="0,0" hai="5,7,8,9,10,56,62,65,85,91,94" m="15370" machi="85" ten="30,2000,0" yaku="8,1,52,1" doraHai="57" who="3" fromWho="0" sc="204,-20,263,0,231,0,302,20" /><INIT seed="5,0,0,4,0,30" ten="184,263,231,322" oya="1" hai0="62,7,74,68,82,34,123,79,100,111,125,24,14" hai1="85,54,20,1,69,126,99,31,70,105,87,81,103" hai2="58,13,65,120,102,89,119,15,39,127,114,134,3" hai3="124,107,67,5,26,51,88,98,11,48,110,95,36"/><U0/><E126/><V93/><F3/><W133/><G124/><T45/><D111/><U128/><E128/><V55/><F127/><W28/><G36/><T59/><D125/><U43/><E43/><V106/><F120/><W72/><G107/><T130/><D130/><U75/><E75/><V9/><F119/><W47/><G72/><T6/><D123/><U116/><E116/><V38/><F134/><W16/><G133/><T8/><D100/><U12/><E85/><V135/><F135/><W18/><G67/><T10/><D68/><U22/><E22/><V84/><F65/><W27/><G51/><T19/><D45/><U76/><E54/><V96/><F15/><N who="3" m="5615" /><G110/><T71/><D71/><U41/><E41/><V60/><REACH who="2" step="1"/><F114/><REACH who="2" ten="184,263,221,322" step="2"/><W91/><G27/><T118/><D118/><U97/><E1/><V115/><F115/><W46/><G26/><T35/><D24/><N who="1" m="16775" /><E0/><V66/><F66/><W4/><G28/><T33/><REACH who="0" step="1"/><D10/><REACH who="0" ten="174,263,221,322" step="2"/><U94/><E70/><V92/><F92/><W40/><G95/><T32/><N who="0" m="8192" /><DORA hai="25" /><T112/><D112/><U37/><E69/><V109/><F109/><W113/><G113/><T42/><D42/><U53/><E94/><V23/><F23/><W52/><G40/><T121/><D121/><U57/><E37/><V86/><F86/><W104/><G47/><T83/><D83/><U44/><E44/><V122/><F122/><W2/><G46/><T64/><AGARI ba="0,2" hai="6,7,8,14,19,59,62,64,74,79,82" m="8192" machi="64" ten="60,16000,3" yaku="1,1,0,1,52,4,53,4" doraHai="30,25" doraHaiUra="90,29" who="0" fromWho="0" sc="174,180,263,-80,221,-40,322,-40" /><INIT seed="6,0,0,0,2,125" ten="354,183,181,282" oya="2" hai0="11,39,79,64,122,97,27,23,36,19,60,69,0" hai1="18,110,94,84,102,115,31,59,51,92,105,121,99" hai2="112,46,88,41,89,52,87,76,107,113,21,103,53" hai3="75,10,70,119,93,54,90,114,120,7,123,47,96"/><V80/><F107/><W118/><G70/><T126/><D122/><U108/><E121/><V67/><F103/><W124/><G75/><T68/><D126/><U106/><E31/><V50/><F67/><W30/><G124/><T1/><D69/><U91/><E115/><N who="2" m="44107" /><F21/><W101/><G114/><T72/><D72/><U6/><E6/><V48/><F53/><W12/><G30/><T44/><D79/><U4/><E4/><V20/><F20/><W127/><G127/><T85/><D85/><U111/><E18/><V37/><F50/><W16/><G123/><T100/><D11/><U57/><E51/><V34/><F34/><W131/><G120/><T132/><D132/><U116/><E116/><V65/><F65/><W33/><G33/><T24/><D24/><U86/><E57/><AGARI ba="0,0" hai="37,41,46,48,52,57,76,80,87,88,89" m="44107" machi="57" ten="30,5800,0" yaku="15,1,54,2" doraHai="125" who="2" fromWho="1" sc="354,0,183,-58,181,58,282,0" /><INIT seed="6,1,0,0,3,87" ten="354,125,239,282" oya="2" hai0="65,5,76,99,72,33,95,70,2,128,40,108,64" hai1="35,6,121,93,31,82,107,127,42,21,106,133,18" hai2="89,88,16,47,12,86,126,44,71,57,69,13,74" hai3="53,0,36,38,20,56,92,120,135,55,111,124,115"/><V79/><F74/><W78/><G120/><T10/><D33/><U134/><E121/><V122/><F122/><W11/><G111/><T58/><D108/><U113/><E113/><V130/><F71/><W103/><G115/><T24/><D70/><U100/><E127/><V90/><F69/><W8/><G124/><T118/><D128/><U27/><E42/><V112/><F112/><W25/><G135/><T109/><D109/><U97/><E82/><N who="2" m="47455" /><F130/><W117/><G78/><T75/><D118/><U91/><E6/><V125/><F125/><W104/><G104/><T60/><D65/><U39/><E39/><V49/><F126/><W68/><G68/><T1/><D1/><U102/><E107/><V45/><F16/><W63/><G55/><AGARI ba="1,0" hai="12,13,44,45,47,49,55,57,88,89,90" m="47455" machi="55" ten="30,12000,1" yaku="8,1,52,3,54,1" doraHai="87" who="2" fromWho="3" sc="354,0,125,0,239,123,282,-123" /><INIT seed="6,2,0,5,4,59" ten="354,125,362,159" oya="2" hai0="77,92,16,89,63,60,19,1,73,25,44,5,30" hai1="78,114,110,87,65,10,74,90,79,101,72,94,58" hai2="80,7,116,127,26,23,85,42,106,133,12,9,93" hai3="38,121,32,84,81,108,130,36,91,49,14,102,67"/><V22/><F106/><W21/><G32/><T86/><D1/><U33/><E33/><V104/><F104/><W88/><G108/><T13/><D73/><N who="1" m="28267" /><E10/><V76/><F116/><W28/><G121/><T128/><D77/><N who="1" m="29195" /><E58/><V40/><F127/><W15/><G130/><T118/><D128/><U135/><E65/><V119/><F133/><W39/><G102/><T71/><D118/><U99/><E110/><V125/><F125/><W111/><G111/><T123/><D71/><U115/><E135/><V126/><F126/><W18/><G28/><T24/><D123/><U2/><E2/><V46/><F119/><W69/><G49/><T112/><D112/><N who="1" m="43051" /><E87/><V45/><F23/><W43/><G43/><T8/><D44/><U68/><E68/><V62/><F45/><W34/><G34/><T3/><D3/><U17/><E17/><N who="0" m="6729" /><D30/><U124/><E124/><V27/><F42/><W54/><G54/><T113/><D113/><U75/><N who="1" m="28275" /><U82/><DORA hai="51" /><E82/><V53/><F40/><W129/><G129/><T70/><D70/><U97/><E97/><V6/><F6/><W105/><G15/><T20/><D20/><U117/><E117/><V95/><F22/><W57/><G69/><T122/><D122/><U11/><E11/><V83/><F83/><W120/><G120/><T96/><D96/><U103/><AGARI ba="2,0" hai="90,94,99,101,103" m="43051,29195,28275" machi="103" ten="50,6400,0" yaku="15,1,34,2" doraHai="59,51" who="1" fromWho="1" sc="354,-18,125,70,362,-34,159,-18" /><INIT seed="7,0,0,1,1,81" ten="336,195,328,141" oya="3" hai0="109,3,114,10,117,69,62,25,67,92,118,26,0" hai1="22,44,18,93,42,110,38,32,28,84,13,134,36" hai2="73,33,63,111,17,49,66,95,4,99,132,98,126" hai3="37,6,76,100,90,15,102,20,59,127,31,68,51"/><W77/><G37/><T87/><D109/><U128/><E110/><V1/><F33/><W72/><G68/><T80/><D114/><U135/><E38/><V105/><F73/><W78/><G72/><T39/><D39/><U71/><E71/><V8/><F111/><W108/><G108/><T86/><D86/><U91/><E128/><V120/><F126/><W12/><G127/><T64/><D92/><U104/><E104/><V113/><F113/><W101/><G6/><T89/><D67/><U27/><AGARI ba="0,0" hai="13,18,22,27,28,32,36,42,44,84,91,93,134,135" machi="27" ten="30,2000,0" yaku="0,1,52,1" doraHai="81" who="1" fromWho="1" sc="336,-5,195,20,328,-5,141,-10" owari="331,43.0,215,-18.0,323,12.0,131,-37.0" /></mjloggm>