<mjloggm ver="2.3"><GO type="169" lobby="0"/><UN n0="%E3%82%86%E3%81%86%E3%81%B4" n1="%E6%A5%A0%E5%B9%B8%E6%9D%91" n2="%E3%82%A6%E3%83%AB%E3%83%88%E3%83%A9%E7%AB%8B%E7%9B%B4" n3="%E3%83%AA%E3%82%B9%E3%83%83%E3%83%81" dan="16,17,17,16" rate="2058.19,2212.80,2118.65,2054.88" sx="M,F,M,M"/><TAIKYOKU oya="0"/><INIT seed="0,0,0,4,5,121" ten="250,250,250,250" oya="0" hai0="69,43,7,9,42,73,64,47,49,27,93,127,84" hai1="62,3,33,71,103,99,21,117,123,115,78,46,40" hai2="107,109,31,110,60,0,94,89,48,50,29,112,81" hai3="22,19,24,59,116,10,41,11,16,66,5,134,119"/><T80/><D127/><U76/><E33/><V30/><F107/><W68/><G68/><T51/><D73/><U54/><E123/><V65/><F81/><W126/><G41/><T98/><D27/><U91/><E3/><V15/><F15/><N who="3" m="7679" /><G59/><T56/><D69/><U35/><E117/><N who="3" m="45130" /><G66/><T12/><D43/><U18/><E35/><V58/><F0/><N who="3" m="295" /><G134/><T102/><D51/><U124/><E91/><V120/><F120/><W1/><G1/><T2/><D2/><U106/><E54/><V6/><F6/><W38/><G38/><T75/><D75/><U14/><E78/><V96/><F112/><W32/><G32/><T61/><D84/><U23/><E115/><V125/><F125/><AGARI ba="0,0" hai="16,22,24,125,126" m="295,45130,7679" machi="125" ten="30,3900,0" yaku="34,2,54,1" doraHai="121" who="3" fromWho="2" sc="250,0,250,0,250,-39,250,39" /><INIT seed="1,0,0,2,1,27" ten="250,250,211,289" oya="1" hai0="106,93,75,127,39,0,21,96,20,12,88,116,9" hai1="133,11,98,114,119,37,44,112,5,80,32,100,35" hai2="60,86,6,49,13,38,15,121,10,73,50,126,101" hai3="67,128,33,117,34,81,99,83,63,64,22,134,54"/><U16/><E119/><V31/><F38/><W29/><G117/><T19/><D116/><U56/><E133/><V90/><F73/><W8/><G134/><T78/><D39/><U111/><E111/><V108/><F121/><W104/><G128/><T124/><D106/><U131/><E131/><V97/><F108/><W40/><G40/><T132/><D132/><U3/><E80/><V125/><F60/><W41/><G41/><T28/><D0/><U17/><E56/><V123/><F123/><W74/><G8/><T2/><D2/><U1/><E44/><V26/><F15/><W14/><G54/><T66/><D66/><U57/><E57/><V92/><F125/><N who="0" m="48202" /><D28/><U71/><E37/><V85/><F85/><W113/><G113/><T91/><D91/><U62/><E1/><V87/><F87/><W30/><G74/><T102/><D102/><U47/><E112/><V110/><F110/><W79/><G79/><T58/><D58/><U70/><E114/><V53/><F53/><W68/><G64/><T122/><D122/><U135/><E135/><V129/><F129/><W45/><G45/><T24/><D24/><U105/><E47/><V48/><F126/><W89/><G89/><T76/><D76/><U72/><E72/><V77/><F77/><W69/><G69/><T65/><D65/><N who="1" m="41271" /><E71/><V42/><F42/><W36/><G36/><T84/><D75/><U23/><E17/><V46/><F46/><W109/><G68/><T51/><D51/><U43/><E43/><V115/><F115/><W55/><G67/><T107/><D78/><U59/><E59/><RYUUKYOKU ba="0,0" sc="250,15,250,15,211,-15,289,-15" hai0="9,12,19,20,21,84,88,93,96,107" hai1="3,5,11,16,23,32,35,98,100,105" /><INIT seed="1,1,0,4,1,78" ten="265,265,196,274" oya="1" hai0="59,46,70,39,14,81,17,10,49,21,95,43,72" hai1="5,104,52,105,130,135,25,64,58,128,108,61,45" hai2="133,98,121,60,126,11,19,75,132,4,47,113,129" hai3="96,94,27,22,107,103,88,100,80,16,38,116,55"/><U92/><E135/><N who="2" m="51787" /><F121/><W91/><G38/><T71/><D10/><U66/><E108/><V87/><F75/><W86/><G116/><T69/><D95/><U28/><E5/><V31/><F31/><W117/><G117/><T125/><D125/><U56/><E92/><V20/><F129/><N who="1" m="49769" /><E45/><V131/><F131/><W51/><REACH who="3" step="1"/><G107/><REACH who="3" ten="265,265,196,264" step="2"/><N who="1" m="41034" /><E58/><AGARI ba="1,1" hai="16,22,27,51,55,58,80,86,88,91,94,96,100,103" machi="58" ten="30,12000,2" yaku="1,1,7,1,8,1,52,1,54,2,53,1" doraHai="78" doraHaiUra="83" who="3" fromWho="1" sc="265,0,265,-123,196,0,264,133" /><INIT seed="2,0,0,0,5,1" ten="265,142,196,397" oya="2" hai0="51,128,45,73,24,134,104,82,135,88,53,129,72" hai1="98,90,124,42,69,80,78,49,112,37,64,36,110" hai2="111,67,97,75,48,40,71,25,26,9,66,93,52" hai3="92,108,43,2,123,113,31,41,103,35,115,126,61"/><V89/><F75/><W16/><G123/><T100/><D24/><N who="2" m="9322" /><F71/><W119/><G35/><T118/><D118/><U20/><E112/><N who="3" m="43082" /><G31/><T58/><D104/><U84/><E124/><V77/><F111/><W107/><G2/><T56/><D100/><U21/><E110/><V114/><F114/><W131/><G108/><T0/><D0/><U47/><E37/><V7/><F77/><W120/><G120/><T46/><D88/><U8/><E36/><V28/><F40/><W57/><G126/><T50/><D82/><U22/><E69/><V6/><F28/><W95/><G131/><N who="0" m="50251" /><D73/><U70/><E70/><V3/><F3/><W63/><G119/><T13/><D13/><U91/><E64/><N who="2" m="24619" /><F9/><W102/><G107/><T116/><D72/><U30/><E30/><V99/><F99/><W121/><G121/><T105/><D105/><U27/><E27/><V109/><F109/><W101/><G43/><N who="0" m="24895" /><D116/><U5/><REACH who="1" step="1"/><E98/><REACH who="1" ten="265,132,196,397" step="2"/><V87/><F97/><W79/><G102/><T14/><D14/><AGARI ba="0,1" hai="5,8,14,20,21,22,42,47,49,78,80,84,90,91" machi="14" ten="40,12000,2" yaku="1,1,2,1,25,2,8,1,52,1,53,0" doraHai="1" doraHaiUra="106" who="1" fromWho="0" sc="265,-120,132,130,196,0,397,0" /><INIT seed="3,0,0,2,2,63" ten="145,262,196,397" oya="3" hai0="76,45,30,25,70,123,104,59,122,130,21,115,31" hai1="22,67,120,64,27,19,72,0,11,102,54,47,101" hai2="125,119,16,93,86,92,89,38,99,61,127,69,50" hai3="23,84,91,134,77,117,78,75,18,6,33,35,34"/><W110/><G117/><T15/><D104/><U100/><E72/><V83/><F38/><W98/><G134/><T79/><D70/><U44/><E120/><V66/><F119/><W87/><G75/><T26/><D45/><N who="1" m="17483" /><E0/><V73/><F50/><W1/><G110/><T68/><D68/><U133/><E133/><V131/><F131/><W95/><G6/><T97/><D97/><U90/><E54/><V14/><F73/><W105/><G1/><T8/><D130/><U55/><E55/><V24/><F24/><W52/><G105/><T129/><D129/><U9/><E90/><V7/><F7/><W56/><G84/><T111/><D59/><U43/><E43/><V13/><F13/><N who="3" m="9679" /><G98/><T114/><D111/><U12/><E9/><V65/><F65/><N who="1" m="25161" /><E102/><V103/><REACH who="2" step="1"/><F93/><REACH who="2" ten="145,262,186,397" step="2"/><W4/><G4/><AGARI ba="0,1" hai="4,11,12,19,22,27,100,101" m="25161,17483" machi="4" ten="30,7700,0" yaku="8,1,52,3" doraHai="63" who="1" fromWho="3" sc="145,0,262,87,186,0,397,-77" /><INIT seed="4,0,0,3,2,120" ten="145,349,186,320" oya="0" hai0="57,82,8,38,32,77,11,101,66,112,85,7,23" hai1="4,48,49,83,79,74,15,18,30,104,19,103,84" hai2="78,2,98,42,67,133,131,56,28,1,27,106,41" hai3="122,59,9,64,51,126,31,33,53,39,0,105,36"/><T91/><D112/><U134/><E134/><V113/><F78/><W43/><G122/><T37/><D32/><U107/><E4/><V86/><F113/><W97/><G33/><T94/><D101/><U68/><E68/><V75/><F86/><W46/><G31/><T130/><D130/><U128/><E128/><V71/><F75/><W72/><G72/><T100/><D100/><U89/><E19/><V88/><F56/><W108/><G9/><T115/><D115/><U129/><E30/><V76/><F76/><W95/><G0/><T124/><D124/><U47/><E129/><V125/><F88/><W127/><G105/><T117/><D117/><U69/><E69/><V110/><F42/><W44/><G95/><T102/><D102/><U80/><E103/><N who="2" m="62839" /><F41/><N who="3" m="22591" /><G97/><T70/><D70/><U90/><E90/><V29/><F29/><W5/><G5/><T25/><D38/><U20/><E49/><V118/><F125/><N who="3" m="47627" /><G64/><T93/><D37/><U135/><E135/><V119/><F133/><W99/><G99/><T17/><D94/><U26/><E15/><V109/><F131/><W3/><G3/><N who="2" m="1033" /><F119/><W13/><G13/><T14/><D11/><U63/><E107/><V116/><F118/><W114/><G114/><T24/><D24/><U65/><E104/><V96/><F96/><W52/><G53/><T111/><D66/><U73/><E65/><V123/><F116/><W121/><G121/><T58/><REACH who="0" step="1"/><D111/><AGARI ba="0,0" hai="36,43,46,51,52,59,108,111" m="47627,22591" machi="111" ten="30,12000,2" yaku="18,1,34,2,52,2,54,1" doraHai="120" who="3" fromWho="0" sc="145,-120,349,0,186,0,320,120" /><INIT seed="5,0,0,1,4,94" ten="25,349,186,440" oya="1" hai0="53,4,97,55,79,63,22,33,92,96,71,100,78" hai1="81,134,76,84,108,38,118,88,23,27,119,122,86" hai2="40,129,109,44,73,120,61,30,10,21,25,110,89" hai3="29,70,77,98,117,12,69,128,67,66,127,34,13"/><U126/><E38/><V132/><F73/><W83/><G117/><T20/><D33/><U52/><E122/><V64/><F120/><W135/><G135/><T59/><D71/><U8/><E134/><V32/><F129/><W87/><G128/><T82/><D4/><U46/><E126/><V48/><F132/><W101/><G127/><T124/><D124/><U24/><E108/><V65/><F65/><W102/><G102/><T114/><D114/><U130/><E130/><V50/><F10/><W123/><G123/><T90/><D55/><U9/><E119/><V115/><F115/><W42/><G42/><T54/><D54/><U0/><E0/><V131/><F131/><W107/><G67/><T45/><D45/><U91/><E118/><V28/><F48/><W93/><G93/><N who="0" m="58415" /><D82/><N who="1" m="49239" /><E76/><AGARI ba="0,0" hai="20,22,53,59,63,76,78,79,90,92,96" m="58415" machi="76" ten="30,3900,0" yaku="8,1,52,2" doraHai="94" who="0" fromWho="1" sc="25,39,349,-39,186,0,440,0" /><INIT seed="6,0,0,3,4,59" ten="64,310,186,440" oya="2" hai0="25,84,128,76,82,32,5,12,126,74,46,19,48" hai1="121,132,63,81,26,11,95,100,20,29,72,13,68" hai2="135,93,7,60,28,0,40,43,36,4,83,78,71" hai3="8,44,80,41,112,92,119,96,111,91,88,47,49"/><V99/><F135/><W69/><G111/><T6/><D128/><U122/><E132/><V67/><F28/><W110/><G69/><T108/><D108/><U24/><E24/><V58/><F71/><W117/><G110/><T35/><D126/><U98/><E72/><V31/><F31/><W125/><G125/><T64/><D64/><U133/><E133/><V3/><F3/><W54/><G112/><T115/><D115/><U109/><E109/><V61/><F61/><W106/><G106/><T114/><D114/><U118/><E81/><V101/><F36/><W104/><G104/><T45/><D45/><U75/><E75/><V73/><REACH who="2" step="1"/><F0/><REACH who="2" ten="64,310,176,440" step="2"/><W102/><G117/><T86/><D35/><U52/><E118/><V2/><F2/><W34/><G119/><T127/><D127/><U105/><E68/><V14/><F14/><W116/><G34/><T130/><D32/><U17/><E122/><V129/><F129/><W55/><G116/><T97/><D25/><U23/><E121/><V57/><F57/><W30/><G30/><T37/><D37/><U38/><E38/><V53/><F53/><W27/><G27/><T87/><D130/><U15/><E15/><V65/><F65/><W103/><G55/><T33/><D33/><U39/><E39/><V1/><F1/><W22/><G54/><T124/><D124/><U56/><E11/><V21/><F21/><W85/><G22/><N who="0" m="11623" /><D97/><U107/><AGARI ba="0,1" hai="13,17,20,23,26,29,52,56,63,95,98,100,105,107" machi="107" ten="30,4000,0" yaku="0,1,52,1,54,1" doraHai="59" who="1" fromWho="1" sc="64,-10,310,50,176,-20,440,-10" /><INIT seed="7,0,0,2,4,111" ten="54,360,156,430" oya="3" hai0="23,102,80,115,77,112,67,1,47,22,97,113,48" hai1="49,90,114,46,69,40,39,82,68,10,41,4,95" hai2="123,9,93,85,75,118,25,17,101,56,65,94,108" hai3="73,134,92,81,107,21,89,59,8,11,6,5,36"/><W124/><G107/><N who="0" m="63951" /><D1/><U76/><E41/><V24/><F85/><W105/><G105/><T71/><D71/><U51/><E51/><V119/><F94/><W34/><G34/><T55/><D67/><U132/><E49/><V83/><F93/><W110/><G81/><T104/><D104/><U122/><E122/><V60/><F83/><W30/><G73/><T28/><D28/><U61/><E132/><V99/><F17/><W130/><G89/><T45/><D47/><U58/><E114/><N who="0" m="29185" /><T86/><AGARI ba="0,0" hai="22,23,45,48,55,77,80,86" m="29185,63951" machi="86" ten="40,12000,2" yaku="4,1,15,1,11,1,52,4" doraHai="111" who="0" fromWho="0" sc="54,120,360,-30,156,-30,430,-60" owari="174,-23.0,330,13.0,126,-37.0,370,47.0" /></mjloggm>