<mjloggm ver="2.3"><GO type="225" lobby="0"/><UN n0="%E5%B0%B1%E6%B4%BB%E7%94%9F%40%E5%B7%9D%E6%9D%91%E8%BB%8D%E5%9B%A3" n1="%E3%81%A0%E3%81%A3%E3%81%A6%E3%81%84%E3%81%86" n2="%EF%BC%93%EF%BD%90%E3%81%8C%E3%83%84%E3%83%A2%E3%82%8C%E3%81%AA%E3%81%84" n3="%E3%81%BF%E3%82%85%E3%82%93%E3%81%93" dan="16,16,16,17" rate="2017.56,2129.43,2085.37,2208.61" sx="M,M,M,F"/><TAIKYOKU oya="0"/><INIT seed="0,0,0,4,4,28" ten="250,250,250,250" oya="0" hai0="134,91,30,127,29,1,17,6,35,94,109,120,102" hai1="125,129,50,114,130,24,105,37,123,53,97,44,75" hai2="43,62,39,86,132,74,0,103,116,15,46,113,31" hai3="135,115,83,11,56,112,124,104,87,23,73,22,100"/><T101/><D120/><U45/><E123/><V126/><F113/><W96/><G135/><T77/><D77/><U51/><E75/><V3/><F74/><W4/><G124/><T63/><D134/><U111/><E111/><V9/><F132/><W8/><G73/><T26/><D127/><U57/><E125/><V33/><F126/><W118/><G118/><T5/><D109/><U119/><E119/><V122/><F116/><W71/><G71/><T34/><D63/><N who="1" m="36271" /><E114/><V84/><F103/><W2/><G11/><T106/><D106/><U99/><E24/><V67/><F122/><W80/><G80/><T32/><D1/><U13/><E13/><V72/><F72/><W10/><G10/><T131/><D131/><N who="1" m="50187" /><E105/><V92/><F0/><W78/><G115/><T20/><D29/><U19/><E19/><V110/><F3/><W25/><G112/><T64/><D64/><U7/><E7/><V95/><F110/><W54/><REACH who="3" step="1"/><G25/><REACH who="3" ten="250,250,250,240" step="2"/><T27/><D5/><U55/><E37/><V107/><F39/><W117/><G117/><T76/><D76/><U93/><E93/><V69/><F107/><W58/><G58/><T12/><D6/><U128/><E128/><V121/><F121/><W66/><G66/><T14/><D27/><U81/><E81/><V59/><F59/><W90/><G90/><T98/><REACH who="0" step="1"/><D14/><REACH who="0" ten="240,250,250,240" step="2"/><U16/><E16/><V88/><F15/><W85/><G85/><T89/><D89/><U47/><E47/><V42/><F46/><W70/><G70/><T40/><D40/><AGARI ba="0,2" hai="40,44,45,50,51,55,97,99" m="50187,36271" machi="40" ten="30,1000,0" yaku="19,1" doraHai="28" who="1" fromWho="0" sc="240,-10,250,30,250,0,240,0" /><INIT seed="1,0,0,3,5,32" ten="230,280,250,240" oya="1" hai0="95,59,11,118,117,66,79,125,101,23,93,57,68" hai1="72,55,6,5,85,35,21,90,0,112,24,64,13" hai2="62,116,17,103,61,106,127,20,42,134,133,99,102" hai3="94,7,74,26,49,91,113,9,15,89,78,43,76"/><U98/><E72/><V14/><F116/><W1/><G113/><T52/><D125/><U119/><E119/><V34/><F34/><W96/><G74/><T16/><D68/><U128/><E112/><V70/><F127/><W22/><G1/><T135/><D135/><N who="2" m="51722" /><F70/><W3/><G3/><T4/><D118/><U120/><E64/><V47/><F102/><W40/><G91/><T129/><D79/><N who="3" m="30249" /><G49/><AGARI ba="0,0" hai="14,17,20,42,47,49,61,62,99,103,106" m="51722" machi="49" ten="30,1000,0" yaku="20,1" doraHai="32" who="2" fromWho="3" sc="230,0,280,0,250,10,240,-10" /><INIT seed="2,0,0,5,5,76" ten="230,280,260,230" oya="2" hai0="35,132,135,87,58,98,121,66,73,101,51,9,104" hai1="115,59,102,21,60,34,2,127,114,78,68,17,88" hai2="22,110,63,49,71,39,69,84,119,133,93,42,97" hai3="53,75,43,131,18,86,16,46,45,70,120,130,56"/><V80/><F119/><W83/><G75/><T92/><D73/><U6/><E34/><V116/><F116/><W52/><G70/><T117/><D117/><U61/><E127/><V103/><F39/><W77/><G120/><T44/><D35/><U112/><E102/><V72/><F133/><N who="0" m="51274" /><D121/><U126/><E126/><V89/><F110/><W64/><G64/><T15/><D66/><U134/><E134/><V38/><F38/><W25/><G53/><N who="0" m="29927" /><D58/><U28/><E68/><V12/><F63/><N who="3" m="36231" /><G25/><T7/><D87/><U106/><E61/><V29/><F72/><W123/><G123/><T13/><D104/><U107/><E59/><V62/><F62/><W81/><G46/><T108/><D108/><U37/><E60/><V5/><F69/><W4/><G4/><T105/><D105/><U40/><E107/><V109/><F71/><W79/><G45/><T57/><D57/><U100/><E106/><V55/><F5/><W85/><G43/><T11/><D11/><U0/><E40/><V27/><F109/><W36/><G36/><T47/><D47/><U24/><E37/><V91/><F42/><W99/><G99/><T1/><AGARI ba="0,0" hai="1,7,9,13,15,92,98,101" m="29927,51274" machi="1" ten="30,1100,0" yaku="20,1" doraHai="76" who="0" fromWho="0" sc="230,11,280,-3,260,-5,230,-3" /><INIT seed="3,0,0,4,1,72" ten="241,277,255,227" oya="3" hai0="43,16,46,127,62,63,129,52,112,12,104,117,38" hai1="6,107,84,128,33,119,70,30,82,86,0,73,77" hai2="57,15,14,29,49,31,8,79,92,100,83,109,7" hai3="35,11,19,26,101,124,71,74,1,94,125,39,34"/><W96/><G39/><T110/><D104/><U51/><E107/><V24/><F109/><W85/><G71/><T58/><D117/><U5/><E70/><V126/><F126/><N who="3" m="48747" /><G74/><T78/><D127/><U4/><E128/><V48/><F14/><N who="3" m="7647" /><G1/><T55/><D110/><U68/><E68/><V131/><F131/><W69/><G69/><T3/><D3/><U23/><E33/><N who="3" m="12298" /><G85/><T106/><D106/><U59/><E0/><V121/><F121/><W41/><G41/><T99/><D129/><U118/><E23/><N who="2" m="15519" /><F31/><W75/><G75/><T87/><D99/><U32/><E30/><V103/><F57/><W90/><G26/><T89/><D112/><U88/><E32/><V81/><F81/><W18/><G18/><T113/><D113/><U45/><E59/><V120/><F120/><W28/><G28/><T22/><D63/><U20/><E20/><V64/><F83/><W54/><G54/><T67/><REACH who="0" step="1"/><D78/><REACH who="0" ten="231,277,255,227" step="2"/><U65/><E118/><V115/><F79/><W122/><G122/><T76/><D76/><U17/><E119/><V44/><F115/><W21/><G21/><T53/><D53/><N who="1" m="29935" /><E73/><V97/><F97/><W102/><AGARI ba="0,1" hai="90,94,96,101,102" m="12298,7647,48747" machi="102" ten="40,2100,0" yaku="18,1" doraHai="72" who="3" fromWho="3" sc="231,-7,277,-7,255,-7,227,31" /><INIT seed="3,1,0,4,0,33" ten="224,270,248,258" oya="3" hai0="14,61,113,62,21,110,95,67,105,52,94,78,50" hai1="91,101,115,11,3,66,106,29,16,9,114,37,42" hai2="84,12,57,131,83,79,120,122,13,86,43,89,6" hai3="58,81,18,54,134,118,82,23,112,124,102,88,96"/><W128/><G118/><T31/><D105/><U70/><E29/><V25/><F131/><W108/><G112/><T20/><D110/><U19/><E70/><V126/><F126/><W48/><G124/><T2/><D113/><U47/><E66/><V27/><F43/><W76/><G134/><T55/><D2/><U51/><E37/><V104/><F104/><W109/><G128/><T64/><D14/><N who="2" m="5738" /><F57/><W111/><G102/><T90/><D50/><U85/><E101/><V45/><F45/><W97/><G82/><T41/><D41/><U125/><E106/><V53/><F53/><N who="0" m="20554" /><D78/><U49/><E49/><V135/><F6/><W69/><G69/><T98/><D94/><U119/><E119/><V130/><F135/><W71/><G71/><T44/><D44/><U39/><E39/><V15/><N who="2" m="5746" /><V35/><DORA hai="5" /><F35/><W132/><G132/><T36/><D36/><U40/><E40/><V60/><F60/><N who="0" m="23146" /><D31/><U121/><E125/><V75/><F130/><W103/><G76/><T100/><D90/><U34/><E34/><V26/><F89/><W117/><G103/><T127/><D127/><U80/><E114/><V59/><F59/><W30/><G30/><T65/><AGARI ba="1,0" hai="20,21,64,65,67,95,98,100" m="23146,20554" machi="65" ten="30,2000,0" yaku="8,1,54,1" doraHai="33,5" who="0" fromWho="0" sc="224,23,270,-6,248,-6,258,-11" /><INIT seed="4,0,0,0,2,121" ten="247,264,242,247" oya="0" hai0="47,16,126,93,40,44,68,89,109,36,92,81,124" hai1="78,95,119,128,37,21,90,108,103,17,29,62,98" hai2="19,35,31,15,18,85,74,105,12,112,46,86,27" hai3="96,49,51,113,6,73,57,48,72,76,94,58,69"/><T120/><D68/><U83/><E119/><V3/><F3/><W2/><G69/><T65/><D120/><U10/><E128/><V45/><F74/><W59/><G113/><T13/><D65/><U56/><E37/><V30/><F105/><W100/><G76/><T123/><D123/><U101/><E108/><V130/><F130/><W77/><G77/><T70/><D70/><U41/><E41/><V33/><REACH who="2" step="1"/><F27/><REACH who="2" ten="247,264,232,247" step="2"/><W25/><G25/><T43/><D109/><U117/><E117/><V11/><F11/><W99/><G73/><T42/><D81/><U23/><E10/><V26/><F26/><W82/><G72/><T50/><D93/><U127/><E127/><N who="0" m="48681" /><D36/><U53/><E29/><V102/><F102/><W55/><G82/><T54/><D92/><U9/><E9/><V111/><F111/><W5/><G2/><T61/><D89/><U122/><E122/><V38/><F38/><W84/><G100/><T71/><D13/><U14/><E23/><V131/><F131/><W66/><G94/><T63/><D16/><U115/><E115/><AGARI ba="0,1" hai="12,15,18,19,30,31,33,35,45,46,85,86,112,115" machi="115" ten="25,3200,0" yaku="1,1,22,2,53,0" doraHai="121" doraHaiUra="20" who="2" fromWho="1" sc="247,0,264,-32,232,42,247,0" /><INIT seed="5,0,0,2,1,111" ten="247,232,274,247" oya="1" hai0="36,57,75,82,106,3,130,43,112,65,25,0,32" hai1="42,78,132,120,13,92,23,60,70,93,7,15,49" hai2="59,17,131,27,40,61,47,122,5,123,68,45,18" hai3="87,19,50,121,83,28,97,31,22,104,79,56,110"/><U94/><E120/><V38/><F5/><W52/><G121/><T89/><D106/><U12/><E132/><V26/><F68/><W134/><G110/><T2/><D130/><U96/><E78/><V91/><F59/><W90/><G134/><T127/><D127/><U9/><E23/><V133/><F133/><W39/><G39/><T71/><D71/><U66/><REACH who="1" step="1"/><E96/><REACH who="1" ten="247,222,274,247" step="2"/><V135/><F135/><W95/><REACH who="3" step="1"/><G104/><REACH who="3" ten="247,222,274,237" step="2"/><T41/><D0/><U124/><E124/><V35/><F123/><W125/><G125/><T101/><D2/><U53/><E53/><V10/><F122/><W73/><G73/><T74/><D3/><U108/><E108/><V1/><F1/><W76/><G76/><T21/><D75/><U46/><AGARI ba="0,2" hai="7,9,12,13,15,42,46,49,60,66,70,92,93,94" machi="46" ten="30,3000,0" yaku="1,1,0,1,53,0" doraHai="111" doraHaiUra="119" who="1" fromWho="1" sc="247,-10,222,50,274,-10,237,-10" /><INIT seed="5,1,0,3,4,53" ten="237,272,264,227" oya="1" hai0="132,118,29,95,54,117,50,3,25,72,84,21,6" hai1="81,46,106,34,92,16,65,93,49,120,39,108,22" hai2="115,28,104,86,126,44,14,89,128,63,110,119,33" hai3="111,23,42,17,0,38,105,76,135,107,12,70,59"/><U112/><E120/><V99/><F110/><W127/><G70/><T80/><D132/><U130/><E106/><V90/><F119/><W131/><G111/><T129/><D129/><U74/><E34/><V61/><F128/><W55/><G131/><T94/><D72/><U79/><E112/><V18/><F33/><W133/><G0/><T56/><D3/><U10/><E130/><V13/><F104/><W68/><G68/><T97/><D6/><U15/><E39/><V88/><F28/><W5/><G5/><T8/><D95/><U122/><E122/><V69/><F69/><W20/><G76/><T77/><REACH who="0" step="1"/><D8/><REACH who="0" ten="227,272,264,227" step="2"/><U48/><E92/><V109/><F109/><W45/><G127/><T98/><D98/><U57/><E93/><V124/><F99/><W60/><REACH who="3" step="1"/><G23/><REACH who="3" ten="227,272,264,217" step="2"/><T101/><AGARI ba="1,2" hai="21,25,29,50,54,56,77,80,84,94,97,101,117,118" machi="101" ten="20,5200,0" yaku="1,1,0,1,7,1,52,1,53,0" doraHai="53" doraHaiUra="123" who="0" fromWho="0" sc="227,75,272,-27,264,-14,217,-14" owari="302,40.0,245,-15.0,250,5.0,203,-30.0" /></mjloggm>