<mjloggm ver="2.3"><GO type="169" lobby="0"/><UN n0="%E5%8F%8A%E5%B7%9D%E5%86%B0%E9%BA%97" n1="%E3%82%A6%E3%83%AB%E3%83%88%E3%83%A9%E7%AB%8B%E7%9B%B4" n2="%E3%81%AF%E3%82%80" n3="%70%69%65%72%72%65%5F%41" dan="16,17,17,17" rate="2124.77,2191.07,2140.32,2185.24" sx="M,M,M,M"/><TAIKYOKU oya="0"/><INIT seed="0,0,0,1,1,117" ten="250,250,250,250" oya="0" hai0="111,127,101,52,69,19,15,1,29,125,65,86,57" hai1="96,10,132,73,91,77,4,109,95,46,23,107,21" hai2="121,8,14,2,70,126,41,51,53,75,12,26,105" hai3="16,92,11,42,31,134,83,122,13,55,76,35,54"/><T79/><D1/><U64/><E109/><V66/><F75/><W25/><G134/><T104/><D111/><U130/><E130/><V3/><F105/><W100/><G122/><T34/><D65/><U33/><E33/><V115/><F121/><W88/><G100/><T5/><D69/><U37/><E64/><V110/><F115/><W124/><G42/><T93/><D5/><U45/><E107/><V63/><F110/><W118/><G124/><N who="0" m="47691" /><D104/><U38/><E46/><V6/><F126/><W44/><G44/><T135/><D135/><U98/><E98/><V49/><F41/><W87/><REACH who="3" step="1"/><G118/><REACH who="3" ten="250,250,250,240" step="2"/><T67/><D101/><U106/><E132/><V18/><F70/><W120/><G120/><T7/><D7/><U84/><E45/><V78/><F6/><W97/><AGARI ba="0,1" hai="11,13,16,25,31,35,54,55,76,83,87,88,92,97" machi="97" ten="20,12000,2" yaku="1,1,0,1,7,1,54,2,53,1" doraHai="117" doraHaiUra="85" who="3" fromWho="3" sc="250,-60,250,-30,250,-30,240,130" /><INIT seed="1,0,0,1,3,14" ten="190,220,220,370" oya="1" hai0="97,20,32,36,134,91,26,126,35,25,89,24,108" hai1="129,117,64,66,8,44,37,6,22,102,65,17,84" hai2="128,63,72,93,41,10,75,53,5,13,85,131,83" hai3="111,104,49,28,121,33,19,30,94,88,67,125,115"/><U78/><E129/><N who="2" m="49739" /><F41/><W38/><G121/><T103/><D108/><U42/><E102/><V16/><F93/><W12/><G111/><T114/><D114/><U133/><E133/><V90/><F53/><W55/><G38/><T132/><D36/><U76/><E117/><V18/><F63/><W11/><G115/><T58/><D126/><U116/><E116/><V130/><N who="2" m="49747" /><V51/><DORA hai="48" /><F51/><W3/><G3/><T122/><D122/><U2/><REACH who="1" step="1"/><E84/><REACH who="1" ten="190,210,220,370" step="2"/><V70/><F70/><W135/><G125/><T34/><D132/><U73/><E73/><AGARI ba="0,1" hai="5,10,13,16,18,72,73,75,83,85,90" m="49747" machi="73" ten="40,8000,1" yaku="19,1,52,2,54,1" doraHai="14,48" who="2" fromWho="1" sc="190,0,210,-80,220,90,370,0" /><INIT seed="2,0,0,2,4,126" ten="190,130,310,370" oya="2" hai0="58,129,28,79,45,22,123,14,0,57,87,47,24" hai1="12,106,78,48,46,86,116,27,18,59,26,97,73" hai2="68,110,115,2,113,51,10,20,122,93,49,53,83" hai3="9,119,66,101,21,88,80,7,111,56,23,31,44"/><V1/><F68/><W91/><G119/><T70/><D70/><U90/><E116/><V89/><F122/><W133/><G111/><T108/><D0/><U19/><E59/><V39/><F39/><W128/><G133/><T100/><D108/><U109/><E109/><V105/><F110/><W15/><G101/><T104/><D123/><U40/><E73/><V29/><F105/><W65/><G128/><T41/><D129/><U120/><E120/><V32/><F32/><W134/><G134/><T67/><D47/><U43/><E43/><V124/><F124/><W64/><G31/><T38/><D67/><U30/><E78/><V127/><F127/><W107/><G107/><T62/><D62/><U37/><E37/><V121/><F2/><W25/><G25/><T131/><D131/><U33/><E27/><V103/><F1/><W99/><G44/><T96/><REACH who="0" step="1"/><D14/><REACH who="0" ten="180,130,310,370" step="2"/><U75/><E12/><V17/><F121/><W85/><G56/><T82/><AGARI ba="0,1" hai="22,24,28,38,41,45,57,58,79,82,87,96,100,104" machi="82" ten="30,8000,1" yaku="1,1,2,1,0,1,53,2" doraHai="126" doraHaiUra="55" who="0" fromWho="0" sc="180,90,130,-20,310,-40,370,-20" /><INIT seed="3,0,0,2,1,15" ten="270,110,270,350" oya="3" hai0="83,64,98,88,130,103,37,28,38,29,22,114,5" hai1="94,58,110,11,106,118,1,6,54,63,48,66,23" hai2="13,86,21,76,31,41,115,34,25,35,46,132,89" hai3="73,109,75,79,102,95,120,113,129,50,39,24,45"/><W105/><G113/><T107/><D114/><U80/><E106/><V67/><F115/><W30/><G120/><T116/><D116/><U74/><E118/><V53/><F132/><W134/><G134/><T19/><D130/><U70/><E110/><V3/><F3/><W135/><G135/><T14/><D64/><U133/><E133/><V111/><F67/><W42/><G129/><T77/><D5/><U119/><E119/><V20/><F76/><W96/><G109/><T87/><REACH who="0" step="1"/><D77/><REACH who="0" ten="260,110,270,350" step="2"/><U17/><E74/><V104/><F111/><W121/><G121/><T7/><D7/><U123/><E123/><V51/><F104/><W12/><G79/><T59/><D59/><U97/><E80/><V92/><F46/><W81/><G105/><T101/><D101/><U108/><E108/><V72/><F72/><W128/><G128/><T26/><D26/><U16/><REACH who="1" step="1"/><E23/><REACH who="1" ten="260,100,270,350" step="2"/><V43/><F21/><W0/><G75/><T85/><D85/><U61/><E61/><V49/><F20/><W32/><G73/><T127/><D127/><U99/><E99/><V56/><F86/><W100/><G96/><T2/><D2/><U40/><E40/><V122/><F41/><W125/><G42/><T78/><D78/><U9/><E9/><V36/><F43/><W47/><G0/><T44/><D44/><U82/><E82/><V8/><F122/><W71/><G81/><T90/><D90/><AGARI ba="0,2" hai="1,6,11,16,17,48,54,58,63,66,70,90,94,97" machi="90" ten="30,12000,2" yaku="1,1,7,1,52,2,54,1,53,1" doraHai="15" doraHaiUra="4" who="1" fromWho="0" sc="260,-120,100,140,270,0,350,0" /><INIT seed="4,0,0,1,4,19" ten="140,240,270,350" oya="0" hai0="119,68,78,41,67,74,131,18,75,3,70,53,31" hai1="0,5,39,2,97,108,12,89,62,7,21,64,34" hai2="105,8,72,116,99,69,115,1,17,38,81,29,45" hai3="43,104,9,26,40,13,35,23,84,51,59,6,100"/><T117/><D3/><U93/><E39/><V83/><F29/><N who="3" m="17631" /><G35/><T109/><D131/><U107/><E107/><V37/><F81/><W66/><G104/><T132/><D132/><U125/><E34/><V80/><F80/><W101/><G84/><T112/><D112/><U16/><E108/><V124/><F17/><W25/><G25/><T98/><D109/><U22/><E125/><V63/><F124/><W103/><G51/><T86/><D31/><U121/><E121/><V127/><F45/><W54/><G54/><T76/><D86/><U4/><REACH who="1" step="1"/><E22/><REACH who="1" ten="140,230,270,350" step="2"/><V30/><F127/><W71/><G71/><AGARI ba="0,1" hai="0,2,4,5,7,12,16,21,62,64,71,89,93,97" machi="71" ten="40,8000,1" yaku="1,1,2,1,52,1,54,1,53,0" doraHai="19" doraHaiUra="44" who="1" fromWho="3" sc="140,0,230,90,270,0,350,-80" /><INIT seed="5,0,0,2,4,90" ten="140,320,270,270" oya="1" hai0="120,66,13,27,85,93,134,20,55,59,70,47,118" hai1="19,71,37,57,54,79,102,123,95,126,109,6,119" hai2="97,99,96,32,112,74,46,9,77,106,68,56,51" hai3="45,53,43,129,49,104,2,86,31,72,1,108,50"/><U75/><E71/><V3/><F68/><W29/><G72/><T64/><D118/><U11/><E37/><V103/><F32/><W15/><G108/><T14/><D120/><U10/><E123/><V60/><F112/><W117/><G104/><T100/><D134/><U101/><E79/><V7/><F74/><W113/><G113/><T91/><D47/><U22/><E75/><V25/><F25/><W33/><G129/><T80/><D70/><U8/><E126/><V5/><F77/><W30/><G33/><T73/><D73/><U23/><E6/><V61/><F7/><W125/><G125/><T36/><D36/><U98/><E119/><V40/><REACH who="2" step="1"/><F61/><REACH who="2" ten="140,320,260,270" step="2"/><W122/><G122/><T121/><D121/><U133/><E109/><V0/><F0/><W52/><G117/><T76/><D76/><U24/><E133/><V131/><F131/><W28/><G2/><T21/><D27/><U26/><E26/><V84/><F84/><W107/><G1/><T12/><D20/><U65/><E23/><V127/><F127/><W115/><G86/><T58/><D21/><U132/><E132/><V130/><F130/><W128/><G115/><T82/><D59/><U89/><E65/><AGARI ba="0,1" hai="3,5,9,40,46,51,56,60,65,96,97,99,103,106" machi="65" ten="30,2000,0" yaku="1,1,7,1,53,0" doraHai="90" doraHaiUra="114" who="2" fromWho="1" sc="140,0,320,-20,260,30,270,0" /><INIT seed="6,0,0,5,5,75" ten="140,300,290,270" oya="2" hai0="38,96,53,118,61,83,45,95,93,99,117,16,128" hai1="44,124,14,54,123,115,91,129,20,50,52,35,64" hai2="31,111,2,74,22,120,10,62,57,72,32,28,88" hai3="122,7,34,106,100,29,104,11,107,6,102,85,81"/><V39/><F39/><W46/><G122/><T56/><D128/><U19/><E35/><V3/><F32/><W71/><G71/><T60/><D38/><U48/><E129/><V98/><F120/><W125/><G125/><T87/><D45/><U58/><E115/><V121/><F121/><W94/><G94/><T23/><D61/><U133/><E133/><V109/><F72/><W0/><G7/><T67/><D67/><U42/><E124/><V82/><F74/><W18/><G18/><T68/><D68/><U8/><E64/><V86/><F98/><W103/><G46/><T40/><D40/><U78/><E78/><V90/><F90/><W30/><REACH who="3" step="1"/><G34/><REACH who="3" ten="140,300,290,260" step="2"/><T134/><D134/><U105/><E123/><V110/><F110/><W80/><G80/><T21/><D21/><U92/><E105/><V25/><F10/><W47/><G47/><T89/><D95/><U27/><E44/><V126/><F126/><W66/><G66/><T116/><REACH who="0" step="1"/><D93/><REACH who="0" ten="130,300,290,260" step="2"/><U132/><E132/><V37/><F37/><W1/><G1/><T97/><D97/><U33/><E33/><V63/><F2/><W131/><G131/><T119/><N who="0" m="29696" /><DORA hai="26" /><T51/><D51/><U69/><E69/><V41/><F3/><W73/><G73/><T55/><D55/><N who="1" m="32103" /><E50/><V9/><F22/><W113/><G113/><T43/><D43/><U77/><E42/><V59/><F41/><W79/><AGARI ba="0,2" hai="0,6,11,29,30,79,81,85,100,102,103,104,106,107" machi="79" ten="40,12000,2" yaku="1,1,0,1,52,3,53,1" doraHai="75,26" doraHaiUra="84,4" who="3" fromWho="3" sc="130,-30,300,-30,290,-60,260,140" /><INIT seed="7,0,0,4,4,4" ten="100,270,230,400" oya="3" hai0="21,116,87,7,34,109,93,26,132,43,95,58,9" hai1="124,134,110,62,45,38,41,120,103,40,107,112,105" hai2="100,101,6,46,89,130,86,60,68,23,88,50,83" hai3="91,59,119,67,128,82,64,76,72,94,96,63,133"/><W125/><G119/><T17/><D116/><U131/><E41/><N who="2" m="24911" /><F68/><W113/><G113/><T53/><D109/><U8/><E62/><V80/><F130/><W25/><G128/><T42/><D132/><U29/><E45/><V127/><F127/><W5/><G125/><T98/><D34/><U81/><E40/><V77/><F6/><W30/><G133/><T84/><D93/><U24/><E38/><V135/><F135/><W117/><G5/><T97/><D97/><U3/><E3/><V126/><F126/><W49/><G49/><T74/><D74/><U36/><E36/><V114/><F114/><W15/><G15/><T90/><D43/><U56/><E107/><V20/><F60/><W11/><G11/><T61/><REACH who="0" step="1"/><D42/><REACH who="0" ten="90,270,230,400" step="2"/><U71/><E134/><V35/><F35/><W32/><G117/><T66/><D66/><AGARI ba="0,1" hai="25,30,32,59,63,64,66,67,72,76,82,91,94,96" machi="66" ten="30,1500,0" yaku="7,1" doraHai="4" who="3" fromWho="0" sc="90,-15,270,0,230,0,400,25" owari="75,-42.0,270,7.0,230,-17.0,425,52.0" /></mjloggm>