<mjloggm ver="2.3"><GO type="225" lobby="0"/><UN n0="%E5%B0%B1%E6%B4%BB%E7%94%9F%40%E5%B7%9D%E6%9D%91%E8%BB%8D%E5%9B%A3" n1="%E3%81%BF%E3%81%BF%E3%81%9A" n2="%E6%80%96%E3%81%8F%E3%81%AA%E3%81%84%E3%81%8A" n3="%E3%82%81%E3%81%8C%EF%BC%93" dan="16,17,18,16" rate="2081.95,2149.62,2199.91,2168.38" sx="M,M,M,M"/><TAIKYOKU oya="0"/><INIT seed="0,0,0,5,1,102" ten="250,250,250,250" oya="0" hai0="120,125,107,131,111,23,90,128,59,133,105,91,78" hai1="135,19,63,106,24,81,12,47,54,99,61,94,95" hai2="87,100,60,68,38,51,129,76,124,110,96,77,53" hai3="56,70,50,98,14,26,48,49,108,29,21,46,7"/><T0/><D0/><U5/><E135/><V22/><F38/><W134/><G108/><T27/><D120/><U101/><E5/><V10/><F110/><W31/><G134/><T42/><D125/><U82/><E24/><V104/><F124/><W18/><G70/><T45/><D78/><U6/><E6/><V41/><F10/><W92/><G46/><T16/><D59/><U30/><E30/><V109/><F129/><N who="0" m="49738" /><D133/><U65/><E95/><V93/><F41/><W123/><G123/><T83/><D111/><U126/><E126/><V3/><F3/><W52/><G7/><T72/><D72/><U62/><E65/><V13/><F60/><W15/><G15/><T67/><D67/><U58/><E47/><V33/><F33/><W32/><REACH who="3" step="1"/><G31/><REACH who="3" ten="250,250,250,240" step="2"/><T35/><D35/><U119/><E119/><V80/><F68/><W28/><G28/><T8/><D8/><U118/><E118/><V71/><F71/><W9/><G9/><T66/><D66/><U69/><E69/><V34/><F34/><W88/><AGARI ba="0,1" hai="14,18,21,26,29,32,48,49,50,52,56,88,92,98" machi="88" ten="20,12000,2" yaku="1,1,0,1,7,1,54,2,53,1" doraHai="102" doraHaiUra="55" who="3" fromWho="3" sc="250,-60,250,-30,250,-30,240,130" /><INIT seed="1,0,0,4,4,4" ten="190,220,220,370" oya="1" hai0="38,109,78,11,134,52,24,61,115,99,132,54,18" hai1="89,51,84,121,129,62,31,32,6,92,5,59,94" hai2="71,114,68,27,128,119,12,23,63,75,50,88,98" hai3="25,97,16,0,30,120,117,29,93,122,112,85,55"/><U82/><E121/><V35/><F119/><W40/><G117/><T2/><D109/><U73/><E129/><V19/><F75/><W57/><G112/><T42/><D78/><U13/><E32/><V20/><F35/><W41/><G0/><T108/><D108/><U126/><E126/><V70/><F128/><W90/><G97/><T28/><D115/><U60/><E31/><N who="3" m="11786" /><G122/><T67/><D99/><U36/><E36/><V53/><F114/><W39/><G39/><T72/><D72/><U74/><E74/><V106/><F23/><N who="3" m="13543" /><G120/><T17/><D42/><U15/><E73/><V131/><F131/><W69/><G69/><N who="0" m="42223" /><D18/><U49/><E82/><V125/><F125/><W130/><G130/><T80/><D80/><U81/><E81/><V118/><F118/><W10/><G10/><T100/><D100/><U46/><E46/><V7/><F27/><W47/><G47/><T14/><D2/><U133/><E133/><N who="0" m="51305" /><D38/><U127/><E127/><V8/><F106/><W103/><G103/><T113/><D113/><U45/><E45/><V91/><F98/><W26/><G26/><T79/><D79/><U66/><E92/><V56/><F71/><W87/><G87/><T48/><D48/><AGARI ba="0,0" hai="40,41,48,55,57,85,90,93" m="13543,11786" machi="48" ten="30,2000,0" yaku="8,1,54,1" doraHai="4" who="3" fromWho="0" sc="190,-20,220,0,220,0,370,20" /><INIT seed="2,0,0,1,3,98" ten="170,220,220,390" oya="2" hai0="42,79,17,27,53,104,22,107,18,120,66,9,56" hai1="99,76,30,116,63,81,112,33,78,92,41,60,127" hai2="29,6,13,16,122,115,83,57,118,52,10,108,114" hai3="109,88,128,37,12,47,74,46,71,0,100,89,85"/><V8/><F118/><W39/><G71/><T102/><D120/><U23/><E116/><V15/><F122/><W43/><G74/><T123/><D123/><U20/><E112/><V51/><F108/><W36/><G0/><T134/><D134/><U70/><E33/><V62/><F29/><W121/><G121/><T58/><D42/><U105/><E105/><V69/><REACH who="2" step="1"/><F83/><REACH who="2" ten="170,220,210,390" step="2"/><W86/><G109/><T96/><D79/><U125/><E81/><V50/><F50/><W21/><G39/><T132/><D132/><U87/><E78/><V32/><F32/><W3/><G37/><T119/><D119/><U67/><E76/><V106/><F106/><W61/><G36/><T14/><D107/><U113/><E113/><V94/><F94/><W44/><G43/><T135/><D135/><U126/><E41/><V54/><F54/><W117/><G117/><T19/><D66/><AGARI ba="0,1" hai="6,8,10,13,15,16,51,52,57,62,66,69,114,115" machi="66" ten="40,12000,1" yaku="1,1,54,2,53,1" doraHai="98" doraHaiUra="64" who="2" fromWho="0" sc="170,-120,220,0,210,130,390,0" /><INIT seed="2,1,0,5,2,107" ten="50,220,340,390" oya="2" hai0="56,82,124,112,33,64,54,19,18,38,4,106,20" hai1="55,43,118,32,25,67,101,35,102,125,71,36,51" hai2="59,58,95,129,42,76,79,60,75,96,50,81,41" hai3="91,92,105,24,86,110,80,77,10,135,53,57,68"/><V23/><F129/><W44/><G110/><T65/><D33/><U22/><E118/><V121/><F121/><W2/><G135/><T5/><D38/><U16/><E125/><V89/><F79/><W78/><G68/><T119/><D106/><U7/><E7/><V111/><F111/><W37/><G105/><T26/><D112/><U113/><E113/><V127/><F127/><W34/><G77/><T21/><D124/><U73/><E73/><V62/><F23/><W27/><G34/><T30/><D119/><U126/><E126/><V114/><F114/><W128/><G128/><T117/><D117/><U47/><E101/><V132/><F132/><W122/><G122/><T40/><D40/><U90/><E90/><V93/><F95/><W104/><G104/><T8/><D82/><U85/><E85/><V70/><F70/><W120/><G120/><T97/><D97/><U87/><E87/><V52/><F50/><W134/><G134/><T84/><D84/><U94/><E94/><V69/><F69/><W31/><G78/><T74/><D74/><U29/><E102/><V131/><F131/><W61/><G80/><T9/><D56/><N who="1" m="32895" /><E29/><V46/><F46/><W63/><G44/><T45/><D45/><U123/><E123/><V49/><F49/><N who="3" m="30895" /><G31/><T1/><D54/><AGARI ba="1,0" hai="41,42,52,54,58,59,60,62,75,76,81,89,93,96" machi="54" ten="30,11600,0" yaku="7,1,9,1,52,1,54,1" doraHai="107" who="2" fromWho="0" sc="50,-119,220,0,340,119,390,0" owari="-69,-57.0,220,-18.0,459,56.0,390,19.0" /></mjloggm>