<mjloggm ver="2.3"><GO type="41" lobby="0"/><UN n0="%E7%9F%B3%E3%81%AE%E3%82%AB%E3%83%B3%E3%83%8E" n1="%41%63%68%69%67%61" n2="%72%75%6E%72%75%6E" n3="%E3%83%88%E3%83%88%E3%83%AA%E5%85%88%E7%94%9F%31%39%E6%AD%B3" dan="14,14,13,14" rate="1936.71,1926.42,1854.66,2032.56" sx="M,F,M,F"/><TAIKYOKU oya="0"/><INIT seed="0,0,0,1,4,72" ten="250,250,250,250" oya="0" hai0="24,21,47,63,105,101,31,127,109,43,52,29,45" hai1="87,15,131,110,19,26,7,120,60,112,58,41,126" hai2="48,118,135,119,82,66,35,17,70,18,68,134,14" hai3="108,23,107,40,11,10,121,128,55,75,53,42,98"/><T89/><D127/><U76/><E110/><V96/><F35/><W84/><G75/><T111/><D105/><U32/><E131/><V91/><F48/><W62/><G108/><N who="0" m="41547" /><D101/><U51/><E120/><V73/><F73/><W57/><G128/><T78/><D31/><U59/><E126/><V49/><F49/><W92/><G121/><T2/><D2/><U33/><E112/><V39/><F39/><W12/><G55/><T77/><D89/><U115/><E115/><V20/><F18/><N who="3" m="10695" /><G107/><T36/><D47/><N who="1" m="26095" /><E32/><V117/><F66/><W13/><G98/><T95/><D95/><U80/><E33/><V27/><F27/><W74/><G92/><T106/><D106/><U113/><E113/><V22/><F22/><W37/><G11/><T65/><D52/><N who="1" m="33863" /><E59/><AGARI ba="0,0" hai="21,24,29,36,43,45,59,63,65,77,78" m="41547" machi="59" ten="30,11600,0" yaku="14,1,10,1,52,2" doraHai="72" who="0" fromWho="1" sc="250,116,250,-116,250,0,250,0" /><INIT seed="0,1,0,4,5,50" ten="366,134,250,250" oya="0" hai0="59,46,27,24,5,93,51,90,98,130,38,82,88" hai1="36,0,71,126,13,54,135,19,83,29,116,41,30" hai2="125,66,100,42,53,21,17,124,122,34,109,16,69" hai3="61,70,60,12,25,55,104,128,77,26,62,129,94"/><T22/><D130/><N who="3" m="50281" /><G104/><T111/><D5/><U8/><E135/><V85/><F34/><W68/><G77/><T112/><D112/><U133/><E126/><N who="2" m="48747" /><F122/><W63/><G12/><T65/><D38/><U10/><E133/><V64/><F109/><W86/><G86/><N who="0" m="50519" /><D111/><U43/><E116/><V2/><F2/><W73/><G94/><T121/><D121/><U6/><E71/><N who="3" m="27178" /><G73/><T18/><D65/><N who="2" m="25194" /><F69/><W32/><G32/><T132/><D132/><U110/><E110/><V105/><F42/><W33/><G33/><T1/><D1/><U95/><E43/><V115/><F115/><W92/><G92/><T102/><D59/><AGARI ba="1,0" hai="25,26,55,59,60,61,62,63" m="27178,50281" machi="59" ten="40,2600,0" yaku="19,1,52,1" doraHai="50" who="3" fromWho="0" sc="366,-29,134,0,250,0,250,29" /><INIT seed="1,0,0,0,0,98" ten="337,134,250,279" oya="1" hai0="26,91,4,110,107,93,133,63,15,46,119,96,135" hai1="30,18,111,33,86,49,127,22,36,27,69,131,109" hai2="130,79,114,56,47,55,84,88,21,29,106,39,89" hai3="54,121,125,122,80,42,78,45,103,31,62,13,17"/><U58/><E131/><V97/><F130/><W76/><G125/><T57/><D119/><U50/><E127/><V20/><F114/><W113/><G113/><T95/><D107/><U3/><E69/><V12/><F79/><W25/><G76/><T87/><D110/><N who="1" m="41995" /><E36/><V38/><F38/><W23/><G103/><N who="0" m="60815" /><D46/><U28/><E86/><V108/><F108/><W6/><G6/><T51/><D51/><N who="1" m="19467" /><E58/><V90/><F39/><W123/><G42/><T72/><D72/><U35/><E3/><V67/><F67/><W94/><G45/><T11/><D26/><U99/><E99/><V44/><F106/><W117/><G117/><T118/><D118/><U126/><E126/><V83/><F97/><W92/><G54/><T48/><D48/><U34/><AGARI ba="0,0" hai="18,22,27,28,30,33,34,35" m="19467,41995" machi="34" ten="40,3900,0" yaku="14,1,10,1" doraHai="98" who="1" fromWho="1" sc="337,-13,134,39,250,-13,279,-13" /><INIT seed="1,1,0,0,1,105" ten="324,173,237,266" oya="1" hai0="89,90,107,50,97,35,130,113,87,49,133,12,14" hai1="59,60,66,22,26,86,74,39,81,44,121,85,21" hai2="19,83,71,24,77,131,126,6,53,120,109,62,45" hai3="32,73,0,63,84,38,116,132,104,102,40,119,7"/><U43/><E22/><V34/><F120/><W13/><G13/><N who="0" m="5227" /><D35/><U37/><E121/><V128/><F109/><W94/><G94/><N who="0" m="56535" /><D113/><U69/><E69/><V25/><F6/><W123/><G84/><T95/><D107/><U134/><E134/><V75/><F126/><W110/><G63/><T2/><D2/><U57/><E57/><V135/><F135/><W92/><G92/><T103/><D133/><U29/><REACH who="1" step="1"/><E37/><REACH who="1" ten="324,163,237,266" step="2"/><V28/><F71/><W124/><G38/><T112/><D112/><U101/><E101/><V129/><F45/><W91/><G102/><T16/><D130/><U117/><E117/><V67/><F67/><W68/><G32/><T78/><D103/><U88/><E88/><V33/><F33/><W11/><G91/><T127/><D78/><AGARI ba="1,1" hai="21,26,29,39,43,44,59,60,66,74,78,81,85,86" machi="78" ten="40,7700,0" yaku="1,1,52,1,53,1" doraHai="105" doraHaiUra="42" who="1" fromWho="0" sc="324,-80,163,90,237,0,266,0" /><INIT seed="1,2,0,3,3,59" ten="244,253,237,266" oya="1" hai0="53,112,63,119,52,26,132,61,87,60,18,30,38" hai1="120,55,49,75,8,58,107,0,111,70,101,68,42" hai2="36,135,74,83,73,2,17,134,40,118,28,88,98" hai3="130,108,102,123,23,16,121,31,6,104,84,100,4"/><U22/><E120/><V48/><F118/><W39/><G39/><T62/><N who="0" m="15360" /><DORA hai="56" /><T33/><D119/><U65/><E75/><V13/><F2/><W113/><G108/><T1/><D112/><U103/><E111/><V91/><F36/><W3/><G130/><T78/><D1/><U67/><E107/><V29/><F73/><W54/><G31/><T69/><D69/><U45/><E22/><V9/><F74/><W92/><G104/><T128/><D38/><U47/><E0/><V37/><F37/><W32/><G32/><T64/><D64/><N who="1" m="24651" /><E68/><V95/><F83/><W72/><G72/><T106/><D106/><U71/><E70/><V27/><F91/><W19/><G102/><N who="1" m="38922" /><E71/><V66/><F66/><W50/><G100/><T89/><D128/><U12/><E42/><V85/><F98/><W125/><G113/><T90/><D132/><N who="2" m="50730" /><F27/><W86/><G3/><T5/><D5/><AGARI ba="2,0" hai="5,8,12,45,47,49,55,58" m="38922,24651" machi="5" ten="30,1500,0" yaku="8,1" doraHai="59,56" who="1" fromWho="0" sc="244,-21,253,21,237,0,266,0" /><INIT seed="1,3,0,3,3,118" ten="223,274,237,266" oya="1" hai0="115,34,75,125,132,61,129,89,79,53,124,30,26" hai1="120,94,38,31,0,78,96,49,104,74,50,41,109" hai2="123,16,63,58,20,111,52,25,98,55,69,51,10" hai3="100,17,80,102,73,2,86,87,18,84,19,3,106"/><U40/><E120/><V23/><F111/><W5/><G5/><T67/><D115/><U103/><E0/><N who="3" m="42" /><G80/><N who="0" m="45183" /><D132/><U128/><E109/><V44/><F69/><W6/><G6/><T7/><D7/><U15/><E38/><V91/><F123/><W4/><G4/><T14/><D14/><U82/><E31/><N who="2" m="17831" /><F10/><W56/><G56/><T45/><D89/><U68/><E68/><V135/><F135/><W76/><G76/><T22/><D129/><U121/><E128/><V81/><F81/><W47/><G47/><T93/><D93/><U8/><E121/><V12/><F98/><W36/><G73/><T113/><D22/><U70/><E70/><V126/><F126/><N who="0" m="48746" /><D45/><U46/><E94/><V71/><F71/><W9/><G9/><T77/><D77/><U88/><E88/><AGARI ba="3,0" hai="12,16,23,44,51,52,55,58,63,88,91" m="17831" machi="88" ten="30,7700,0" yaku="8,1,54,3" doraHai="118" who="2" fromWho="1" sc="223,0,274,-86,237,86,266,0" /><INIT seed="2,0,0,3,2,78" ten="223,188,323,266" oya="2" hai0="22,106,111,8,80,93,133,33,64,63,11,62,4" hai1="15,105,94,60,71,104,32,9,108,67,69,107,75" hai2="30,39,24,17,37,5,116,25,16,53,120,31,97" hai3="117,45,20,129,36,66,44,119,26,131,2,35,27"/><V103/><F120/><W90/><G2/><T100/><D33/><U28/><E108/><V126/><F116/><W73/><G73/><T41/><D106/><U130/><E130/><N who="3" m="49674" /><G35/><T21/><D111/><U121/><E121/><V76/><F126/><W115/><G115/><T84/><D133/><U114/><E114/><V122/><F122/><W109/><G109/><T87/><D41/><U77/><E94/><V102/><F5/><W128/><G128/><T61/><D100/><U57/><E32/><V70/><F70/><W51/><G66/><T99/><D64/><U40/><E40/><V55/><F76/><W82/><G36/><T7/><D63/><U92/><E92/><V81/><F97/><W86/><G27/><T58/><D93/><U1/><E1/><V123/><REACH who="2" step="1"/><F123/><REACH who="2" ten="223,188,313,266" step="2"/><W14/><G117/><T96/><REACH who="0" step="1"/><D58/><REACH who="0" ten="213,188,313,266" step="2"/><U42/><E69/><V118/><F118/><W19/><G119/><T54/><D54/><U12/><E71/><V72/><F72/><W47/><G47/><T50/><D50/><U83/><E42/><V68/><F68/><W135/><G135/><T74/><D74/><U112/><E112/><V79/><F79/><W110/><G110/><T56/><D56/><U0/><REACH who="1" step="1"/><E28/><REACH who="1" ten="213,178,313,266" step="2"/><V88/><F88/><W124/><G90/><T98/><D98/><U13/><E13/><V59/><F59/><W49/><G14/><T6/><D6/><AGARI ba="0,3" hai="0,6,9,12,15,57,60,67,75,77,83,104,105,107" machi="6" ten="40,2600,0" yaku="1,1,52,1,53,0" doraHai="78" doraHaiUra="48" who="1" fromWho="0" sc="213,-26,178,56,313,0,266,0" /><INIT seed="3,0,0,1,2,31" ten="187,234,313,266" oya="3" hai0="86,2,90,13,55,110,100,108,47,33,107,42,59" hai1="99,80,20,78,111,62,17,89,38,8,36,35,116" hai2="127,19,123,98,125,14,126,50,51,60,91,79,34" hai3="53,28,88,120,58,32,22,12,93,43,121,82,1"/><W69/><G69/><T130/><D2/><U68/><E111/><N who="0" m="42537" /><D130/><U109/><E109/><V66/><F79/><W4/><G82/><N who="0" m="49495" /><D13/><U122/><E35/><V101/><F123/><W133/><G133/><T103/><D107/><U29/><E29/><V11/><F91/><W26/><G43/><T128/><D128/><U6/><E116/><V83/><F83/><W21/><G1/><T119/><D119/><U114/><E114/><V65/><F34/><W70/><G70/><T73/><D73/><U57/><E122/><V106/><REACH who="2" step="1"/><F65/><REACH who="2" ten="187,234,303,266" step="2"/><W15/><G121/><T39/><D33/><U74/><E89/><V40/><F40/><W75/><G120/><T25/><D103/><U134/><E134/><V48/><F48/><W95/><G75/><T104/><D100/><U24/><E38/><V54/><F54/><W92/><G88/><T96/><D104/><U18/><E36/><V135/><F135/><W71/><G32/><T124/><D39/><U85/><E74/><V41/><F41/><W7/><G92/><T45/><D42/><U131/><E131/><V0/><F0/><W49/><G93/><T76/><D76/><U81/><E80/><V115/><F115/><W117/><G95/><T61/><D96/><U84/><E99/><V63/><F63/><W44/><G117/><T77/><D77/><U94/><E94/><V16/><F16/><N who="3" m="10399" /><G49/><T9/><D61/><U30/><E85/><V64/><F64/><W102/><G102/><T23/><D55/><U52/><E68/><AGARI ba="0,1" hai="11,14,19,50,51,60,66,68,98,101,106,125,126,127" machi="68" ten="40,2600,0" yaku="1,1,18,1,53,0" doraHai="31" doraHaiUra="27" who="2" fromWho="1" sc="187,0,234,-26,303,36,266,0" /><INIT seed="4,0,0,3,2,47" ten="187,208,339,266" oya="0" hai0="38,130,39,123,128,61,12,105,112,97,28,15,5" hai1="60,23,74,84,67,26,73,9,20,111,6,119,19" hai2="72,64,51,106,109,125,43,30,14,63,71,121,77" hai3="135,45,98,40,42,36,62,56,32,129,49,85,82"/><T27/><D123/><U50/><E111/><V124/><F109/><W96/><G32/><N who="0" m="20511" /><D5/><U68/><E119/><V22/><F121/><W21/><G129/><N who="0" m="49771" /><D61/><U122/><E122/><V2/><F2/><W87/><G135/><T17/><D112/><U0/><E23/><V18/><F106/><W83/><G40/><T11/><D15/><U55/><REACH who="1" step="1"/><E84/><REACH who="1" ten="187,198,339,266" step="2"/><V132/><F132/><W31/><G87/><T54/><D54/><U7/><E7/><V59/><F72/><W79/><G85/><T88/><D105/><U46/><AGARI ba="0,1" hai="0,6,9,19,20,26,46,50,55,60,67,68,73,74" machi="46" ten="20,5200,0" yaku="1,1,0,1,7,1,52,1,53,0" doraHai="47" doraHaiUra="113" who="1" fromWho="1" sc="187,-26,198,62,339,-13,266,-13" /><INIT seed="5,0,0,1,3,47" ten="161,260,326,253" oya="1" hai0="50,94,78,24,105,9,18,61,123,66,90,117,57" hai1="40,32,35,132,101,26,38,70,118,96,27,54,64" hai2="72,58,4,17,56,110,74,107,82,65,76,29,42" hai3="85,121,23,51,115,108,13,97,130,68,89,77,63"/><U59/><E132/><V80/><F110/><W122/><G108/><T11/><D105/><U88/><E118/><V119/><F107/><W91/><G115/><T69/><D117/><U34/><E38/><V5/><F119/><W104/><G130/><T100/><D78/><U60/><E40/><V22/><F29/><W109/><G109/><T10/><D100/><U43/><E43/><V129/><F42/><W41/><G77/><T87/><D123/><U20/><E20/><V103/><F103/><W25/><G13/><T45/><D69/><U52/><E54/><V81/><F129/><W37/><G37/><T120/><D120/><U95/><REACH who="1" step="1"/><E101/><REACH who="1" ten="161,250,326,253" step="2"/><V93/><F22/><W86/><G122/><T111/><D111/><U2/><E2/><V116/><F116/><W133/><G133/><T3/><D3/><U114/><E114/><V124/><F72/><W6/><G23/><T48/><REACH who="0" step="1"/><D45/><REACH who="0" ten="151,250,326,253" step="2"/><U31/><E31/><V33/><F74/><W16/><G121/><T15/><D15/><U79/><E79/><V92/><F76/><W7/><G25/><T112/><D112/><U14/><E14/><V12/><F12/><W135/><G135/><T36/><D36/><U19/><E19/><V126/><F17/><W99/><G16/><T30/><D30/><U55/><E55/><V73/><F73/><W21/><G41/><T71/><D71/><U46/><E46/><V62/><F65/><W49/><G68/><T39/><D39/><U106/><E106/><V44/><F44/><W98/><G104/><T102/><D102/><U125/><E125/><V127/><F127/><RYUUKYOKU ba="0,2" sc="151,15,250,15,326,-15,253,-15" hai0="9,10,11,18,24,48,50,57,61,66,87,90,94" hai1="26,27,32,34,35,52,59,60,64,70,88,95,96" /><INIT seed="5,1,2,1,3,29" ten="166,265,311,238" oya="1" hai0="23,131,31,134,11,51,6,106,108,117,67,48,65" hai1="119,123,49,135,113,129,17,88,99,121,44,102,12" hai2="10,15,52,21,27,105,7,122,43,70,81,34,100" hai3="47,118,14,30,64,55,114,50,104,128,97,66,73"/><U35/><E135/><V68/><F122/><W116/><G73/><T4/><D117/><N who="3" m="45161" /><G114/><T87/><D108/><U126/><E129/><V46/><F81/><W94/><G104/><T80/><D106/><U45/><E126/><V69/><F34/><W0/><G0/><T78/><D134/><U32/><E113/><V89/><F89/><N who="3" m="55503" /><G128/><T2/><D131/><U59/><E119/><V83/><F83/><W92/><G30/><T60/><D6/><U63/><E45/><V96/><F52/><W16/><G92/><T86/><D86/><U90/><E123/><V42/><REACH who="2" step="1"/><F46/><REACH who="2" ten="166,265,301,238" step="2"/><W3/><G55/><T84/><D65/><U22/><E121/><V39/><F39/><W36/><G36/><T107/><D107/><U91/><E102/><V125/><F125/><W41/><G3/><T77/><D67/><U62/><E99/><V79/><F79/><W8/><AGARI ba="1,3" hai="8,14,16,41,47,50,64,66" m="55503,45161" machi="8" ten="30,2000,0" yaku="12,1,54,1" doraHai="29" who="3" fromWho="3" sc="166,-6,265,-11,301,-6,238,53" /><INIT seed="6,0,0,5,0,74" ten="160,254,295,291" oya="2" hai0="134,17,44,66,86,127,19,115,63,89,84,58,50" hai1="38,68,62,124,53,28,7,27,97,2,92,8,61" hai2="94,71,80,26,32,5,70,113,131,98,31,35,39" hai3="114,30,9,59,91,78,12,72,96,41,126,52,133"/><V23/><F39/><W34/><G133/><T55/><D115/><U117/><E124/><V33/><F113/><W121/><G114/><T10/><D127/><U81/><E117/><V100/><F131/><W37/><G126/><T65/><D134/><U42/><E68/><V79/><REACH who="2" step="1"/><F5/><REACH who="2" ten="160,254,285,291" step="2"/><W118/><G37/><T24/><D24/><U108/><E38/><V102/><F102/><W54/><G118/><T95/><D84/><AGARI ba="0,1" hai="23,26,31,32,33,35,70,71,79,80,84,94,98,100" machi="84" ten="40,3900,0" yaku="1,1,52,1,53,0" doraHai="74" doraHaiUra="56" who="2" fromWho="0" sc="160,-39,254,0,285,49,291,0" /><INIT seed="6,1,0,4,5,18" ten="121,254,334,291" oya="2" hai0="79,75,99,12,102,5,63,15,67,39,19,26,34" hai1="122,90,11,49,43,77,104,30,69,58,114,100,1" hai2="110,10,103,2,23,24,20,82,109,76,73,65,28" hai3="62,8,32,112,129,127,25,117,70,113,66,133,107"/><V78/><F103/><W125/><G117/><T3/><D39/><U57/><E114/><N who="3" m="44138" /><G107/><T33/><D3/><U22/><E69/><V115/><F115/><W44/><G129/><T121/><D121/><U106/><E100/><V71/><F76/><W108/><G108/><N who="2" m="41577" /><F71/><W134/><G8/><T135/><D135/><N who="3" m="51721" /><G44/><T98/><D98/><U68/><E77/><V93/><F93/><W0/><G0/><T60/><D75/><U35/><E1/><V64/><F2/><W96/><G96/><T53/><D79/><U88/><E90/><V42/><F42/><W7/><G7/><T128/><D128/><U47/><E43/><V41/><F41/><W72/><G72/><T120/><D120/><U119/><E122/><V126/><F126/><W97/><G97/><T46/><D34/><U56/><E35/><N who="2" m="20871" /><F10/><W45/><G45/><T87/><D87/><U91/><E11/><V21/><AGARI ba="1,0" hai="20,21,23,64,65,73,78,82" m="20871,41577" machi="21" ten="30,11700,0" yaku="10,1,52,3" doraHai="18" who="2" fromWho="2" sc="121,-40,254,-40,334,120,291,-40" /><INIT seed="6,2,0,3,3,71" ten="81,214,454,251" oya="2" hai0="111,17,120,25,114,70,109,92,121,101,13,133,44" hai1="94,50,81,97,116,30,34,131,31,1,124,96,126" hai2="33,59,85,18,2,57,102,3,99,76,27,79,8" hai3="41,61,66,0,67,106,105,7,103,19,104,132,88"/><V58/><F33/><W21/><G132/><T54/><D70/><U5/><E34/><V11/><F2/><W16/><G103/><T46/><D101/><U35/><E35/><V93/><F3/><W119/><G119/><T36/><D92/><U48/><E1/><V130/><F130/><W14/><G41/><N who="0" m="22567" /><D25/><U47/><E131/><V51/><F51/><W9/><G61/><T117/><D17/><U112/><E116/><V90/><F27/><W56/><G56/><T53/><D13/><U22/><E48/><V73/><F73/><W110/><G110/><N who="0" m="41995" /><D133/><U4/><E94/><N who="2" m="58743" /><F18/><W68/><G68/><T28/><D28/><U95/><E30/><V127/><F127/><W52/><G19/><T15/><D15/><U49/><E50/><V72/><F72/><W6/><G6/><N who="1" m="2666" /><E49/><V32/><F32/><W122/><G0/><T45/><D117/><U62/><E31/><V38/><F38/><W89/><G7/><T84/><D84/><U78/><E124/><V82/><F82/><W134/><G134/><T129/><D129/><U118/><E126/><V100/><F100/><W75/><G75/><T80/><D80/><U128/><E128/><V12/><F12/><W69/><G69/><T74/><D74/><U86/><E118/><V87/><F87/><W29/><G29/><T115/><D46/><U63/><E47/><V113/><F76/><W43/><G14/><T135/><D135/><U64/><E86/><V42/><F79/><W83/><G16/><T40/><D40/><U24/><E78/><V98/><F42/><W20/><G43/><T125/><D125/><RYUUKYOKU ba="2,0" sc="81,0,214,0,454,0,251,0" /><INIT seed="7,3,0,4,0,55" ten="81,214,454,251" oya="3" hai0="104,24,60,122,78,127,64,117,35,32,107,54,98" hai1="48,12,9,77,69,36,119,13,68,114,31,30,126" hai2="51,34,73,82,62,121,112,106,102,18,0,85,109" hai3="33,91,108,84,29,99,59,88,76,61,75,92,47"/><W3/><G3/><T87/><D122/><U134/><E114/><V11/><F34/><W105/><G108/><T37/><D117/><U124/><E126/><V81/><F109/><W45/><G75/><T44/><D127/><U129/><E124/><V116/><F112/><W57/><G76/><T14/><D14/><U79/><E36/><V95/><F116/><W128/><G128/><T70/><D87/><U132/><E129/><V25/><F121/><W130/><G130/><T49/><D78/><U103/><E103/><V120/><F120/><W4/><G4/><T86/><D86/><U7/><E119/><V67/><F0/><W111/><G111/><T42/><D98/><U21/><E7/><V8/><F73/><W43/><G105/><T131/><D131/><U23/><E9/><V1/><F1/><W125/><G125/><T97/><D97/><U133/><E133/><V17/><F8/><W28/><G33/><T39/><D24/><U2/><E2/><V89/><F11/><W10/><G10/><T96/><D96/><U19/><E48/><V123/><F51/><N who="3" m="27071" /><G47/><T118/><D118/><U80/><E80/><V46/><F123/><W65/><G59/><N who="0" m="33231" /><D35/><U72/><E72/><V94/><F46/><W71/><G71/><T22/><D32/><U63/><E63/><V58/><F106/><N who="0" m="40490" /><D22/><U93/><E93/><AGARI ba="3,0" hai="28,29,57,61,65,84,88,91,92,93,99" m="27071" machi="93" ten="30,5800,0" yaku="8,1,52,1,54,1" doraHai="55" who="3" fromWho="1" sc="81,0,214,-67,454,0,251,67" /><INIT seed="7,4,0,4,3,62" ten="81,147,454,318" oya="3" hai0="15,119,85,28,18,41,5,121,25,102,53,76,11" hai1="50,110,81,31,52,44,42,71,70,13,47,55,29" hai2="113,3,94,59,57,14,10,46,105,60,24,34,36" hai3="117,80,32,2,93,63,118,130,40,133,132,104,112"/><W88/><G32/><T116/><D121/><U109/><E81/><V86/><F105/><W9/><G104/><T89/><D41/><U8/><E70/><V38/><F3/><W43/><G80/><T1/><D102/><U64/><E109/><V68/><F68/><W120/><G120/><T27/><D76/><U69/><E69/><V61/><F113/><W92/><G112/><T67/><D67/><U107/><E107/><V4/><F46/><W103/><G130/><T82/><D27/><U131/><E131/><V33/><F33/><W97/><G43/><T135/><D135/><N who="3" m="51785" /><G40/><T79/><D53/><U72/><E72/><V45/><F45/><W23/><G23/><T54/><D54/><U35/><E110/><V115/><F115/><W65/><G9/><T125/><D125/><U83/><E55/><V78/><F36/><W30/><G30/><T56/><D56/><U128/><E128/><V48/><F38/><W0/><G0/><T127/><D127/><U99/><E35/><V16/><F34/><W96/><G2/><T66/><D66/><U90/><E64/><N who="2" m="38927" /><F48/><W51/><G51/><T77/><D28/><N who="1" m="10827" /><E71/><AGARI ba="4,0" hai="63,65,71,88,92,93,96,97,103,117,118" m="51785" machi="71" ten="30,5800,0" yaku="20,1,52,1,54,1" doraHai="62" who="3" fromWho="1" sc="81,0,147,-70,454,0,318,70" /><INIT seed="7,5,0,0,4,87" ten="81,77,454,388" oya="3" hai0="66,17,32,110,28,60,57,97,44,71,5,120,16" hai1="135,86,105,90,75,121,80,134,103,0,91,9,84" hai2="10,50,39,67,126,3,118,46,83,38,93,53,130" hai3="63,123,19,62,113,14,89,99,26,11,76,55,42"/><W96/><G123/><T2/><D120/><U68/><E68/><V128/><F118/><W54/><G113/><T111/><D71/><U115/><E115/><V15/><F3/><W18/><G76/><T125/><D125/><U61/><E121/><V24/><F126/><W114/><G114/><T45/><D32/><U119/><E61/><N who="3" m="23050" /><G42/><T117/><D28/><U36/><E36/><V12/><F67/><W73/><G73/><T31/><D31/><U104/><E0/><V33/><F83/><W101/><G101/><T69/><D69/><U13/><E119/><V59/><F33/><W35/><G35/><T23/><D17/><U70/><E70/><V98/><F24/><W102/><G102/><T21/><D117/><U25/><E25/><V1/><F1/><W85/><G18/><T77/><D77/><U81/><E75/><V112/><F112/><W94/><G26/><N who="0" m="14631" /><D23/><U58/><E58/><V7/><F15/><W30/><G30/><T47/><D97/><AGARI ba="5,0" hai="11,14,19,54,55,85,89,94,96,97,99" m="23050" machi="97" ten="30,2900,0" yaku="8,1,52,1" doraHai="87" who="3" fromWho="0" sc="81,-44,77,0,454,0,388,44" /><INIT seed="7,6,0,4,4,48" ten="37,77,454,432" oya="3" hai0="134,71,94,123,39,97,37,99,40,51,33,28,6" hai1="75,108,82,132,17,56,101,36,117,91,19,98,104" hai2="44,0,55,126,12,90,95,121,52,29,26,4,79" hai3="110,20,85,46,106,127,69,49,88,80,124,1,16"/><W107/><G69/><T114/><D123/><U53/><E108/><V130/><F121/><W111/><G1/><T133/><D71/><U13/><E36/><V119/><F119/><W129/><G129/><T43/><D6/><U76/><E117/><V67/><F0/><W25/><G107/><T2/><D2/><U9/><E132/><N who="0" m="50793" /><D28/><U92/><E19/><V89/><F126/><N who="3" m="48171" /><G106/><T122/><D122/><U112/><E112/><V61/><F130/><W87/><G87/><T42/><D33/><U24/><E24/><V18/><F79/><W5/><G5/><T54/><D114/><U128/><E128/><V84/><F4/><W11/><G11/><T8/><D8/><U15/><E15/><V59/><F44/><W63/><G63/><T83/><D83/><U116/><E116/><V57/><F57/><W100/><G100/><T74/><D74/><U70/><E70/><V103/><F103/><W3/><G3/><T60/><D60/><U10/><E10/><N who="2" m="6423" /><F26/><W34/><G34/><T96/><D94/><U27/><E27/><V35/><F29/><W86/><G86/><T64/><D64/><U102/><E104/><V72/><F72/><W81/><G81/><T14/><D14/><U118/><E118/><V23/><F35/><W30/><G30/><T131/><D131/><U105/><E105/><V21/><F89/><W38/><G38/><T62/><D62/><AGARI ba="6,0" hai="9,13,17,53,56,62,75,76,82,91,92,98,101,102" machi="62" ten="30,2000,0" yaku="7,1,52,1" doraHai="48" who="1" fromWho="0" sc="37,-38,77,38,454,0,432,0" owari="-1,-50.0,115,-28.0,454,55.0,432,23.0" /></mjloggm>