<mjloggm ver="2.3"><GO type="169" lobby="0"/><UN n0="%E8%84%B3%E5%A4%A9%E3%81%AE%E6%8B%B3" n1="%E9%BB%92%E7%8C%AB%EF%BC%BE%EF%BC%8D%EF%BC%BE" n2="%E3%83%88%E3%83%88%E3%83%AA%E5%85%88%E7%94%9F%31%39%E6%AD%B3" n3="%E3%83%8F%E3%83%9E%E3%83%BC" dan="17,16,18,17" rate="2164.27,2135.57,2270.06,2179.11" sx="M,M,F,M"/><TAIKYOKU oya="0"/><INIT seed="0,0,0,5,4,110" ten="250,250,250,250" oya="0" hai0="44,5,43,60,107,75,17,2,130,20,114,27,59" hai1="128,77,26,119,124,71,18,96,73,61,53,70,133" hai2="81,122,101,7,91,129,117,50,102,103,78,84,67" hai3="99,115,93,88,55,105,31,1,111,89,125,132,23"/><T104/><D130/><U69/><E119/><V72/><F122/><W51/><G1/><T123/><D75/><U41/><E41/><V46/><F129/><W112/><G111/><T54/><D123/><U16/><E128/><V49/><F117/><W21/><G132/><T135/><D135/><U25/><E133/><V35/><F35/><W11/><G105/><T39/><REACH who="0" step="1"/><D114/><REACH who="0" ten="240,250,250,250" step="2"/><U3/><E73/><V6/><F72/><W126/><G11/><AGARI ba="0,1" hai="2,5,11,17,20,27,39,43,44,54,59,60,104,107" machi="11" ten="40,3900,0" yaku="1,1,2,1,53,0" doraHai="110" doraHaiUra="80" who="0" fromWho="3" sc="240,49,250,0,250,0,250,-39" /><INIT seed="0,1,0,3,3,104" ten="289,250,250,211" oya="0" hai0="119,135,23,34,112,126,75,88,77,49,117,13,108" hai1="64,39,65,105,95,31,32,2,30,53,120,127,15" hai2="52,35,125,48,132,47,29,85,61,19,10,82,50" hai3="131,96,128,121,133,90,124,115,9,109,72,40,60"/><T122/><D34/><U130/><E105/><V51/><F132/><W43/><G9/><T14/><D112/><U3/><E120/><V86/><F125/><W68/><G68/><T94/><D122/><U71/><E39/><V55/><F35/><W11/><G121/><T6/><D126/><U98/><E127/><V70/><F29/><W116/><G124/><T44/><D135/><U114/><E15/><N who="2" m="7671" /><F86/><W62/><G11/><T66/><D66/><U33/><E53/><N who="2" m="20555" /><F70/><W41/><G133/><T79/><D6/><U24/><E114/><V106/><F106/><W5/><G116/><T54/><D117/><U17/><E17/><V76/><F61/><W36/><G36/><T123/><D123/><U67/><E71/><V59/><F59/><W42/><G115/><T12/><D23/><U81/><E81/><V101/><F101/><W37/><G5/><T38/><D38/><U87/><E87/><V107/><F107/><W92/><G72/><T69/><D75/><U20/><E20/><V129/><F129/><N who="3" m="49739" /><G37/><T99/><D69/><U1/><E130/><V4/><F4/><W93/><N who="3" m="10240" /><DORA hai="113" /><W110/><G93/><T58/><D58/><U73/><E73/><V21/><F21/><W78/><G78/><N who="0" m="29707" /><D119/><U134/><E134/><V89/><F76/><W25/><G25/><T22/><D22/><U26/><REACH who="1" step="1"/><E2/><REACH who="1" ten="289,240,250,211" step="2"/><V8/><F8/><W57/><G57/><T118/><D118/><U18/><E18/><V91/><F82/><W45/><G45/><T84/><D84/><U74/><E74/><V27/><F85/><W83/><G83/><T80/><D80/><RYUUKYOKU ba="1,1" sc="289,10,240,10,250,-30,211,10" hai0="12,13,14,44,49,54,88,94,99,108" hai1="1,3,24,26,30,31,32,33,64,65,67,95,98" hai3="60,62,90,92,96,109,110" /><INIT seed="0,2,1,2,0,13" ten="299,250,220,221" oya="0" hai0="85,89,72,27,68,114,86,73,33,24,80,109,37" hai1="20,116,113,92,131,0,30,70,40,54,62,4,45" hai2="63,59,81,48,119,132,88,99,122,128,58,43,9" hai3="103,95,19,79,129,56,28,36,111,120,55,22,108"/><T47/><D114/><U77/><E116/><V125/><F122/><W134/><G36/><T49/><D68/><U61/><E113/><V34/><F119/><W127/><G120/><T44/><D109/><N who="3" m="42057" /><G134/><T67/><D67/><U123/><E123/><V25/><F132/><W97/><G129/><T82/><D37/><U39/><E131/><V93/><F128/><W66/><G127/><T105/><D105/><U15/><E0/><V50/><F125/><W41/><G41/><T64/><D64/><U121/><E121/><V12/><F43/><W11/><G66/><T18/><D33/><U115/><E115/><V31/><F81/><W14/><G79/><T90/><REACH who="0" step="1"/><D49/><REACH who="0" ten="289,250,220,221" step="2"/><U29/><E70/><V110/><F110/><W57/><G55/><T32/><D32/><U42/><E54/><V52/><REACH who="2" step="1"/><F59/><REACH who="2" ten="289,250,210,221" step="2"/><W26/><AGARI ba="2,3" hai="11,14,19,22,26,28,56,57,95,97,103" m="42057" machi="26" ten="30,2000,0" yaku="14,1,52,1" doraHai="13" who="3" fromWho="3" sc="289,-12,250,-7,210,-7,221,56" /><INIT seed="1,0,0,0,2,47" ten="277,243,203,277" oya="1" hai0="127,95,45,43,42,99,126,18,105,21,116,130,29" hai1="62,121,110,33,77,119,80,122,129,30,84,4,56" hai2="19,46,32,108,78,59,2,72,112,104,100,131,51" hai3="39,86,132,63,1,36,38,93,44,14,55,89,5"/><U40/><E119/><V134/><F32/><W61/><G1/><T57/><D116/><U79/><E129/><V128/><F2/><W97/><G132/><T71/><D71/><U53/><E4/><V35/><F35/><W9/><G55/><T27/><D105/><U103/><E103/><V20/><F134/><W25/><G44/><T26/><D57/><U68/><E40/><V91/><F59/><W90/><REACH who="3" step="1"/><G25/><REACH who="3" ten="277,243,203,267" step="2"/><T76/><D27/><U117/><E117/><V118/><F118/><W67/><G67/><T10/><D130/><U12/><E53/><V87/><F46/><W74/><G74/><T73/><D43/><U15/><E121/><V50/><F128/><W135/><G135/><T0/><D0/><U13/><E122/><V52/><F52/><W49/><G49/><T83/><D45/><U65/><E65/><V81/><F131/><W69/><G69/><T98/><D42/><U7/><E68/><V125/><F50/><W114/><G114/><T37/><D37/><U11/><E62/><V124/><F51/><W28/><G28/><T8/><D29/><U6/><E30/><V133/><F112/><W60/><G60/><T70/><D70/><U123/><E123/><V96/><F133/><W41/><G41/><T16/><D26/><U64/><E64/><V34/><F108/><W66/><G66/><T94/><D73/><U115/><E115/><V3/><F3/><W22/><G22/><T106/><D21/><U82/><E110/><V92/><F34/><W120/><G120/><T75/><D75/><U24/><E33/><V85/><F72/><RYUUKYOKU ba="0,1" sc="277,-15,243,-15,203,15,267,15" hai2="19,20,78,81,85,87,91,92,96,100,104,124,125" hai3="5,9,14,36,38,39,61,63,86,89,90,93,97" /><INIT seed="2,1,1,2,5,107" ten="262,228,218,282" oya="2" hai0="114,55,119,39,103,93,122,94,44,25,75,130,47" hai1="24,112,61,87,90,58,15,84,7,66,124,97,92" hai2="32,9,22,52,82,71,63,104,53,16,48,106,131" hai3="98,128,135,34,134,40,14,111,132,86,76,108,33"/><V126/><F32/><N who="3" m="12395" /><G40/><T70/><D114/><U88/><E112/><V13/><F131/><W72/><G14/><T27/><D122/><U127/><E24/><V56/><F126/><N who="1" m="48169" /><E90/><V17/><F82/><N who="3" m="45319" /><G128/><T42/><D70/><U68/><E68/><V101/><F101/><W115/><G115/><T28/><D28/><U83/><E83/><V120/><F120/><W78/><G98/><T3/><D3/><U31/><E31/><V8/><F71/><W125/><G125/><T43/><D103/><U60/><E60/><V59/><REACH who="2" step="1"/><F9/><AGARI ba="1,1" hai="7,9,15,58,61,66,84,87,88,92,97" m="48169" machi="9" ten="30,2000,0" yaku="18,1,54,1" doraHai="107" who="1" fromWho="2" sc="262,0,228,33,218,-23,282,0" /><INIT seed="3,0,0,0,5,9" ten="262,261,195,282" oya="3" hai0="110,78,11,13,94,54,71,58,72,128,10,32,2" hai1="42,93,77,60,17,67,95,45,124,19,79,81,117" hai2="65,105,1,55,61,37,122,126,108,20,40,50,34" hai3="125,52,44,134,36,82,135,23,98,116,62,33,99"/><W119/><G33/><T104/><D104/><U56/><E124/><V85/><F34/><W109/><G125/><T132/><D71/><U47/><E117/><V96/><F1/><W30/><G109/><T91/><D110/><U97/><E42/><V88/><F126/><W57/><G82/><T51/><D32/><U53/><E93/><V76/><F108/><W63/><G30/><T18/><D132/><N who="3" m="50729" /><G23/><T100/><D128/><U38/><E38/><V12/><F122/><W15/><G15/><T92/><D100/><U115/><E115/><V123/><F123/><W86/><BYE who="2" /><G86/><T26/><D26/><UN n2="%E3%83%88%E3%83%88%E3%83%AA%E5%85%88%E7%94%9F%31%39%E6%AD%B3" /><U43/><E43/><V7/><F76/><N who="1" m="29257" /><E81/><V39/><F40/><N who="3" m="22535" /><G98/><T49/><D78/><U111/><E111/><V70/><F70/><W68/><BYE who="2" /><G99/><T31/><D31/><UN n2="%E3%83%88%E3%83%88%E3%83%AA%E5%85%88%E7%94%9F%31%39%E6%AD%B3" /><U16/><E67/><AGARI ba="0,0" hai="52,57,62,63,67,68,116,119" m="22535,50729" machi="67" ten="30,11600,0" yaku="20,1,34,2,54,1" doraHai="9" who="3" fromWho="1" sc="262,0,261,-116,195,0,282,116" /><INIT seed="3,1,0,5,0,71" ten="262,145,195,398" oya="3" hai0="81,86,117,79,8,18,10,93,61,24,124,33,48" hai1="32,89,34,3,103,102,114,26,118,105,25,73,27" hai2="112,106,69,15,67,72,88,17,22,113,60,55,87" hai3="127,41,78,90,80,119,39,2,38,5,63,31,95"/><W13/><BYE who="2" /><G119/><T125/><D117/><UN n2="%E3%83%88%E3%83%88%E3%83%AA%E5%85%88%E7%94%9F%31%39%E6%AD%B3" /><U134/><E118/><V52/><F106/><W130/><G130/><T94/><D61/><U129/><E114/><V1/><F1/><W43/><BYE who="2" /><G127/><N who="0" m="48715" /><D48/><UN n2="%E3%83%88%E3%83%88%E3%83%AA%E5%85%88%E7%94%9F%31%39%E6%AD%B3" /><U98/><E129/><V135/><F72/><W51/><G2/><T36/><D36/><U66/><E3/><V44/><F44/><BYE who="2" /><N who="3" m="26015" /><G41/><T56/><D56/><U96/><E134/><V128/><F128/><W62/><G31/><N who="0" m="19687" /><D18/><U83/><E66/><V47/><F47/><W111/><G63/><T99/><D94/><U46/><E46/><V57/><F57/><W59/><G111/><T108/><D108/><U40/><E40/><V122/><F122/><W50/><G50/><T30/><D30/><U65/><E65/><V97/><F97/><N who="3" m="57591" /><G59/><T53/><D53/><U35/><E73/><V82/><F82/><W7/><G62/><T120/><D120/><U4/><E4/><V28/><F28/><W20/><G5/><T123/><D123/><U92/><REACH who="1" step="1"/><E83/><REACH who="1" ten="262,135,195,398" step="2"/><V76/><F76/><W49/><G80/><T104/><D104/><U91/><AGARI ba="1,1" hai="25,26,27,32,34,35,89,91,92,96,98,102,103,105" machi="91" ten="40,5200,0" yaku="1,1,2,1,0,1,53,0" doraHai="71" doraHaiUra="77" who="1" fromWho="1" sc="262,-14,135,65,195,-14,398,-27" /><INIT seed="4,0,0,2,5,62" ten="248,200,181,371" oya="0" hai0="106,124,115,70,30,127,28,99,114,120,87,4,100" hai1="9,80,40,85,88,83,81,56,45,50,109,135,54" hai2="125,77,123,79,63,92,117,98,3,6,5,25,29" hai3="72,93,95,132,71,43,111,116,51,113,74,41,134"/><T119/><D4/><U75/><E109/><V82/><F82/><W0/><G111/><T65/><D119/><U130/><E135/><N who="3" m="51754" /><G0/><T52/><D120/><U15/><E130/><V18/><F18/><W44/><G116/><T112/><D87/><U38/><REACH who="1" step="1"/><E75/><REACH who="1" ten="248,190,181,371" step="2"/><V78/><F78/><W24/><G72/><T17/><D127/><U10/><E10/><V31/><F31/><W27/><G74/><T2/><D124/><U35/><E35/><V60/><F60/><W23/><G23/><T20/><D30/><U133/><E133/><V14/><F14/><W91/><G27/><T58/><D28/><U42/><E42/><V55/><F55/><W67/><G24/><T22/><D2/><U69/><E69/><V128/><F128/><W97/><G43/><T84/><D22/><U59/><E59/><V1/><F1/><W34/><G34/><T39/><D70/><U64/><E64/><V108/><F108/><W13/><G13/><T46/><D65/><U86/><E86/><V103/><F103/><W19/><G71/><T129/><D129/><U49/><E49/><V68/><F68/><W66/><G66/><T73/><D73/><U53/><E53/><V126/><F126/><W76/><G67/><T12/><D84/><U94/><E94/><V107/><F107/><W48/><G48/><N who="0" m="28695" /><D58/><U90/><E90/><V118/><F118/><W57/><G57/><T47/><D47/><U33/><E33/><V26/><F26/><W11/><G44/><T131/><D131/><U16/><AGARI ba="0,1" hai="9,15,16,38,40,45,50,54,56,80,81,83,85,88" machi="16" ten="20,8000,1" yaku="1,1,0,1,7,1,54,2,53,0" doraHai="62" doraHaiUra="122" who="1" fromWho="1" sc="248,-40,190,90,181,-20,371,-20" /><INIT seed="5,0,0,0,3,59" ten="208,280,161,351" oya="1" hai0="53,103,118,117,52,42,113,24,93,77,38,134,112" hai1="4,90,95,66,48,31,5,30,7,76,54,109,11" hai2="71,34,133,120,65,45,23,22,135,91,119,81,39" hai3="43,92,84,79,82,94,62,123,89,70,15,85,36"/><U49/><E109/><V29/><F29/><N who="1" m="10761" /><E76/><V80/><F80/><N who="3" m="47135" /><G36/><T108/><D77/><U55/><E66/><V6/><F6/><W86/><G70/><T128/><D24/><U13/><E13/><V72/><F72/><W111/><G43/><T60/><D103/><U88/><E11/><V122/><F122/><W51/><G123/><T115/><D93/><U126/><E126/><V68/><F68/><W99/><G111/><T87/><D87/><N who="1" m="52639" /><E90/><V37/><F37/><W19/><G86/><T121/><D108/><U127/><E127/><V131/><F131/><W98/><G92/><T73/><D73/><U75/><E75/><V25/><F25/><W64/><G82/><T21/><D121/><U57/><E7/><V110/><F110/><W9/><G85/><T32/><D32/><U35/><E35/><V74/><F74/><W8/><G98/><T20/><D128/><U41/><E41/><V67/><F67/><W104/><G104/><T44/><D20/><U97/><E97/><V130/><F130/><W106/><G106/><T3/><D21/><U58/><AGARI ba="0,0" hai="4,5,48,49,54,55,57,58" m="52639,10761" machi="58" ten="30,3000,0" yaku="8,1,54,1" doraHai="59" who="1" fromWho="1" sc="208,-10,280,30,161,-10,351,-10" /><INIT seed="5,1,0,1,2,53" ten="198,310,151,341" oya="1" hai0="118,50,88,64,66,37,108,85,2,71,63,109,3" hai1="97,23,26,92,105,65,73,41,69,0,25,14,117" hai2="101,127,18,32,128,112,111,4,123,95,35,67,12" hai3="51,110,20,68,74,55,44,59,43,16,6,75,107"/><U30/><E0/><V129/><F129/><W60/><G110/><T124/><D37/><U102/><E117/><V1/><F1/><W45/><G107/><T98/><D118/><U10/><E73/><V27/><F27/><W122/><G122/><T94/><D124/><U99/><E41/><V57/><F57/><W89/><G6/><T120/><D120/><U24/><E65/><V121/><F121/><W87/><G68/><T131/><D131/><U80/><E80/><V5/><F5/><W96/><G96/><T7/><D2/><U72/><E72/><V19/><F19/><W133/><G45/><T82/><D66/><U119/><E69/><V13/><F13/><W47/><G47/><T21/><D50/><U58/><E58/><V11/><F11/><W77/><G77/><T62/><D62/><U113/><E113/><V48/><F48/><W38/><G60/><T84/><D84/><U130/><E130/><V22/><F22/><W46/><G46/><T42/><D42/><U86/><E86/><V125/><F125/><W36/><G36/><T134/><D134/><U81/><E81/><V33/><F33/><W31/><G31/><T17/><D7/><U28/><E119/><V83/><F83/><W126/><G133/><T132/><D3/><U34/><E34/><V52/><F52/><W61/><G126/><T114/><D114/><U103/><REACH who="1" step="1"/><E30/><REACH who="1" ten="198,300,151,341" step="2"/><V40/><F40/><W29/><G29/><T49/><D132/><U100/><E100/><V15/><F15/><N who="3" m="9247" /><G38/><T115/><D115/><U78/><E78/><V56/><F56/><W76/><G76/><RYUUKYOKU ba="1,1" sc="198,-15,300,15,151,-15,341,15" hai1="10,14,23,24,25,26,28,92,97,99,102,103,105" hai3="43,44,51,55,59,61,74,75,87,89" /><INIT seed="5,2,1,3,2,6" ten="183,315,136,356" oya="1" hai0="135,75,73,33,83,91,130,89,100,17,38,99,35" hai1="134,20,19,131,5,1,95,65,79,44,108,80,120" hai2="53,42,8,92,66,22,86,122,2,107,46,97,7" hai3="106,111,103,81,15,125,16,36,59,116,25,128,88"/><U87/><E120/><V12/><F12/><W41/><G111/><T85/><D38/><U98/><E108/><V49/><F49/><W118/><G125/><T60/><D130/><U67/><E131/><V56/><F56/><W31/><G128/><T18/><D135/><U29/><E134/><V62/><F62/><W109/><G109/><T123/><D123/><U93/><E29/><V124/><F124/><W126/><G126/><T133/><D133/><U28/><E28/><V40/><F40/><W129/><G129/><T11/><D60/><U82/><E44/><V72/><F72/><W115/><G115/><T64/><D64/><U55/><E55/><V37/><F37/><W47/><G59/><T132/><D132/><U32/><E32/><V24/><F24/><W48/><G36/><T94/><D75/><U117/><E117/><N who="3" m="45162" /><G103/><T58/><D58/><U113/><E113/><V96/><F96/><W34/><G106/><T10/><D73/><U54/><E54/><V26/><F26/><W121/><G121/><T27/><D35/><U30/><E30/><V45/><F45/><W3/><G3/><T13/><D33/><U39/><E39/><V23/><F23/><N who="3" m="11679" /><G81/><T90/><D27/><U77/><E98/><V110/><F110/><W43/><G43/><T69/><D69/><U4/><E1/><V50/><F50/><W9/><G88/><N who="0" m="51263" /><D18/><U14/><E93/><V101/><F101/><W57/><G57/><T105/><D105/><U127/><E95/><V84/><F84/><W63/><G63/><T104/><D104/><U119/><E127/><V76/><F76/><RYUUKYOKU ba="2,1" sc="183,15,315,-15,136,-15,356,15" hai0="10,11,13,17,89,90,91,94,99,100" hai3="9,25,31,34,41,47,48" /><INIT seed="6,3,1,3,3,128" ten="198,300,121,371" oya="2" hai0="76,11,130,17,29,19,86,120,57,93,14,114,112" hai1="111,31,107,64,56,63,73,89,105,81,2,28,129" hai2="100,97,43,88,10,74,12,0,98,27,46,113,7" hai3="42,35,51,15,84,25,58,50,59,23,47,65,20"/><V32/><F32/><W103/><G103/><T62/><D120/><U94/><E129/><V78/><F78/><W79/><G35/><T102/><D130/><U90/><E111/><V6/><F6/><W3/><G3/><T133/><D29/><U92/><E2/><V68/><F68/><W95/><G65/><T33/><D33/><U48/><E107/><V119/><F119/><W104/><G104/><T61/><D61/><U30/><E105/><V18/><F18/><N who="3" m="10335" /><G50/><T4/><D76/><U52/><E73/><V40/><F40/><W117/><G117/><T134/><D19/><U123/><E123/><V82/><F82/><N who="3" m="47199" /><G95/><N who="1" m="36394" /><E81/><V124/><F124/><W77/><G77/><T132/><D4/><U91/><E91/><V53/><F53/><W24/><G24/><T26/><D26/><U44/><AGARI ba="3,1" hai="28,30,31,44,48,52,56,63,64,89,90" m="36394" machi="44" ten="30,2000,0" yaku="8,1,54,1" doraHai="128" who="1" fromWho="1" sc="198,-8,300,39,121,-13,371,-8" /><INIT seed="7,0,0,1,5,64" ten="190,339,108,363" oya="3" hai0="102,62,96,74,93,15,41,1,118,67,55,120,79" hai1="71,88,2,12,97,28,47,18,103,43,54,132,27" hai2="59,24,17,129,4,30,80,119,26,69,83,123,63" hai3="126,116,117,68,33,86,9,60,7,50,20,65,0"/><W110/><G33/><T98/><D118/><U107/><E132/><V8/><F8/><W37/><G37/><T44/><D120/><U101/><E2/><V92/><F92/><W94/><G126/><T127/><D1/><U77/><E77/><V34/><F34/><W125/><G125/><T108/><D108/><U35/><E101/><V81/><F81/><W42/><G110/><T5/><D74/><U3/><E3/><V53/><F53/><W124/><G124/><T76/><D55/><U29/><E29/><V115/><F115/><W112/><G112/><T21/><D98/><U51/><E71/><V31/><F31/><W128/><G128/><T66/><D66/><U73/><E73/><V22/><F22/><W38/><G38/><T46/><D46/><U36/><E88/><V89/><F89/><W130/><G130/><T122/><D122/><U134/><E134/><V105/><F105/><W14/><G94/><T70/><D127/><U91/><E91/><V104/><F104/><W49/><G86/><T48/><D5/><U11/><REACH who="1" step="1"/><E36/><REACH who="1" ten="190,329,108,363" step="2"/><V106/><F106/><W131/><G131/><T32/><D79/><U25/><E25/><V114/><F114/><W57/><G68/><T45/><D76/><U78/><E78/><V6/><F6/><W61/><G61/><T109/><D109/><U95/><E95/><V87/><F87/><W58/><G50/><T56/><D70/><U133/><E133/><V75/><F75/><W113/><G113/><T39/><D39/><U135/><E135/><V16/><F16/><N who="3" m="10263" /><G58/><T40/><D48/><U90/><E90/><RYUUKYOKU ba="0,1" sc="190,-15,329,15,108,-15,363,15" hai1="11,12,18,27,28,35,43,47,51,54,97,103,107" hai3="0,7,9,42,49,57,60,65,116,117" owari="175,-22.0,344,14.0,93,-41.0,388,49.0" /></mjloggm>