<mjloggm ver="2.3"><GO type="97" lobby="0"/><UN n0="%E9%BB%92%E7%8A%AC%40%E3%81%A6%E3%82%93%E3%81%BB%E3%83%BC" n1="%E5%B0%B1%E6%B4%BB%E7%94%9F%40%E5%B7%9D%E6%9D%91%E8%BB%8D%E5%9B%A3" n2="%4D%61%61%79%61%2E%53" n3="%6D%69%73%61%74%6F" dan="15,15,13,13" rate="2028.00,2008.55,1872.16,1897.85" sx="F,M,F,M"/><TAIKYOKU oya="0"/><INIT seed="0,0,0,5,1,108" ten="250,250,250,250" oya="0" hai0="14,113,8,47,35,3,27,116,76,117,61,53,13" hai1="39,67,129,58,11,88,96,130,132,1,25,74,115" hai2="122,79,21,4,89,77,123,93,134,45,73,71,10" hai3="90,124,135,51,107,65,114,126,75,17,31,52,83"/><T121/><D121/><U15/><E74/><V91/><F71/><W54/><G107/><T23/><D76/><U68/><E68/><V86/><F134/><W94/><G31/><T55/><D113/><U38/><E1/><V42/><F122/><W19/><G65/><T87/><D35/><U101/><E25/><V97/><F123/><W30/><G30/><T16/><D3/><U6/><E115/><V103/><F21/><W95/><G135/><T56/><D14/><U119/><E119/><V18/><F18/><N who="3" m="6667" /><G75/><T131/><D131/><N who="1" m="50187" /><E132/><V127/><F127/><N who="3" m="48683" /><G114/><T112/><D112/><U33/><E33/><V29/><F29/><W26/><G26/><T85/><D117/><U100/><E58/><V60/><F73/><W66/><G66/><T102/><D102/><N who="1" m="39531" /><E67/><V2/><F91/><W32/><G32/><T98/><D98/><U84/><E96/><V62/><F79/><W20/><G20/><T105/><D105/><U120/><E120/><V43/><F77/><W106/><G106/><T69/><D69/><U78/><E78/><V36/><REACH who="2" step="1"/><F43/><REACH who="2" ten="250,250,240,250" step="2"/><W109/><G109/><T34/><D34/><U48/><E88/><V44/><F44/><N who="3" m="27751" /><G54/><T24/><D116/><U72/><E72/><V12/><F12/><W80/><G90/><T99/><D27/><U110/><E15/><V81/><AGARI ba="0,1" hai="2,4,10,36,42,45,60,62,81,86,89,93,97,103" machi="81" ten="20,5200,0" yaku="1,1,0,1,7,1,53,1" doraHai="108" doraHaiUra="82" who="2" fromWho="2" sc="250,-26,250,-13,240,62,250,-13" /><INIT seed="1,0,0,3,5,62" ten="224,237,302,237" oya="1" hai0="92,93,73,80,10,118,103,55,26,63,94,95,25" hai1="127,45,30,135,134,107,27,23,96,11,6,75,97" hai2="74,100,111,56,115,91,53,124,87,33,40,29,122" hai3="123,64,128,21,37,114,70,88,9,14,106,41,60"/><U0/><E75/><V102/><F122/><W117/><G123/><T20/><D118/><U112/><E107/><V8/><F111/><W67/><G117/><T79/><D10/><U101/><E112/><V133/><F115/><W77/><G114/><T32/><D32/><U119/><E119/><V108/><F108/><W81/><G106/><T121/><D121/><U2/><E2/><V65/><F124/><W39/><G128/><T90/><D103/><U34/><E127/><V71/><F133/><N who="1" m="50697" /><E101/><V61/><F40/><W19/><G9/><T99/><D20/><U54/><E34/><V42/><F42/><W86/><G77/><T17/><D17/><U105/><E105/><V68/><F68/><W113/><G113/><T130/><D130/><U69/><E69/><V110/><F110/><W66/><REACH who="3" step="1"/><G41/><REACH who="3" ten="224,237,302,227" step="2"/><T82/><D79/><U78/><E78/><V83/><F8/><W22/><G22/><T129/><D129/><U18/><E30/><V12/><F29/><W89/><G89/><T85/><D73/><U31/><E31/><V84/><F33/><W76/><G76/><T3/><D90/><U131/><E131/><V47/><F74/><W38/><AGARI ba="0,1" hai="14,19,21,37,38,39,60,64,66,67,70,81,86,88" machi="38" ten="30,12000,2" yaku="1,1,0,1,52,3,54,1,53,1" doraHai="62" doraHaiUra="59" who="3" fromWho="3" sc="224,-30,237,-60,302,-30,227,130" /><INIT seed="2,0,0,4,1,87" ten="194,177,272,357" oya="2" hai0="99,60,28,84,112,80,48,21,121,83,79,15,97" hai1="36,32,26,122,62,89,18,135,117,49,125,86,85" hai2="127,64,128,2,38,30,27,106,5,72,20,120,109" hai3="63,95,82,29,16,46,101,77,41,34,104,130,35"/><V1/><F64/><W54/><G104/><T22/><D121/><U65/><E36/><V123/><F38/><W57/><G130/><T25/><D112/><U94/><E117/><V107/><F72/><W69/><G69/><T24/><D15/><U44/><E122/><N who="2" m="46635" /><F107/><W131/><G131/><T40/><D60/><U133/><E125/><V37/><F106/><W61/><G61/><T132/><D132/><N who="1" m="50763" /><E32/><N who="2" m="20575" /><F37/><W90/><G101/><T7/><D7/><U100/><E100/><V4/><F128/><W74/><G16/><N who="0" m="12327" /><D83/><U45/><E85/><V17/><F127/><W78/><G78/><T76/><D76/><U81/><E81/><V8/><F109/><W88/><G90/><T119/><D119/><U19/><E26/><N who="2" m="14607" /><F8/><W108/><G108/><T51/><D40/><N who="1" m="24711" /><E45/><V23/><F23/><W114/><G46/><T116/><D116/><U11/><E11/><V55/><F55/><W91/><G41/><T105/><D105/><U73/><E73/><V42/><F42/><W124/><G124/><T33/><D33/><U14/><E62/><V98/><F98/><AGARI ba="0,0" hai="22,25,28,48,51,79,80,84,97,98,99" m="12327" machi="98" ten="30,2000,0" yaku="8,1,54,1" doraHai="87" who="0" fromWho="2" sc="194,20,177,0,272,-20,357,0" /><INIT seed="3,0,0,2,1,73" ten="214,177,252,357" oya="3" hai0="91,8,81,77,7,129,92,110,97,134,120,37,132" hai1="101,75,20,44,18,12,106,35,87,23,0,31,99" hai2="56,43,50,128,3,100,25,111,115,108,57,1,70" hai3="54,6,13,74,27,52,63,67,48,64,117,65,124"/><W131/><G74/><T24/><D37/><U11/><E75/><V26/><F115/><W104/><G117/><T79/><D120/><U76/><E35/><V61/><F100/><W86/><G104/><T58/><D129/><U78/><E87/><V21/><F128/><W51/><G131/><T66/><D24/><U34/><E23/><V15/><F15/><W80/><G27/><T116/><D116/><U4/><E44/><V14/><F14/><W5/><G124/><T90/><D110/><N who="2" m="42026" /><F26/><AGARI ba="0,0" hai="0,4,11,12,18,20,26,31,34,76,78,99,101,106" machi="26" ten="40,8000,1" yaku="24,2,52,2" doraHai="73" who="1" fromWho="2" sc="214,0,177,80,252,-80,357,0" owari="214,-19.0,257,6.0,172,-33.0,357,46.0" /></mjloggm>