<mjloggm ver="2.3"><GO type="97" lobby="0"/><UN n0="%6B%2D%74%61%6B%61%74%6F" n1="%E8%9C%9C%E6%9F%91%E3%82%BC%E3%83%AA%E3%83%BC" n2="%E5%B0%B1%E6%B4%BB%E7%94%9F%40%E5%B7%9D%E6%9D%91%E8%BB%8D%E5%9B%A3" n3="%E6%BE%A4%E6%9D%91%E6%8B%93%E4%B8%80" dan="15,13,15,14" rate="1949.72,1809.88,2019.84,2005.89" sx="M,M,M,M"/><TAIKYOKU oya="0"/><INIT seed="0,0,0,3,4,86" ten="250,250,250,250" oya="0" hai0="128,111,63,28,134,85,76,130,124,53,114,122,132" hai1="78,26,41,87,65,16,9,77,126,70,50,80,51" hai2="129,127,112,33,45,110,84,125,68,103,69,72,106" hai3="115,67,49,88,43,5,82,105,55,27,113,118,3"/><T14/><D122/><U91/><E126/><N who="2" m="48139" /><F72/><W31/><G105/><T100/><D124/><U48/><E65/><V58/><F33/><W83/><G118/><T13/><D114/><U108/><E70/><V61/><F112/><W6/><G67/><T62/><D28/><U23/><E108/><V96/><F129/><N who="0" m="49770" /><D100/><U90/><E90/><V95/><F110/><W17/><G43/><T99/><D99/><U131/><E131/><V121/><F121/><W2/><G2/><T40/><D40/><U109/><E109/><V54/><F45/><W64/><G64/><T37/><D37/><U52/><E41/><V15/><F15/><N who="0" m="5642" /><D111/><U71/><E71/><N who="2" m="27211" /><F84/><N who="3" m="50199" /><G3/><T7/><D7/><U12/><E12/><V11/><F11/><W98/><G31/><T36/><D36/><U79/><REACH who="1" step="1"/><E9/><REACH who="1" ten="250,240,250,250" step="2"/><V59/><F103/><W44/><G115/><T39/><D39/><U4/><E4/><V135/><F96/><W29/><G113/><T73/><D73/><U57/><AGARI ba="0,1" hai="16,23,26,48,50,51,52,57,77,78,79,80,87,91" machi="57" ten="30,12000,2" yaku="1,1,0,1,8,1,52,1,54,2,53,0" doraHai="86" doraHaiUra="8" who="1" fromWho="1" sc="250,-60,240,130,250,-30,250,-30" /><INIT seed="1,0,0,1,2,17" ten="190,370,220,220" oya="1" hai0="44,19,67,57,94,12,60,103,132,0,116,117,87" hai1="91,85,28,2,3,50,59,38,74,52,130,54,26" hai2="49,53,71,129,4,95,41,5,100,63,51,92,46" hai3="27,98,66,34,122,102,99,126,22,16,124,72,120"/><U107/><E107/><V31/><F129/><W7/><G72/><T121/><D0/><U25/><E130/><V24/><F71/><W125/><G34/><T131/><D131/><U68/><E38/><V76/><F76/><W106/><G7/><T1/><D1/><U14/><E74/><V43/><F63/><W119/><G119/><T30/><D30/><U114/><E68/><V69/><F69/><W88/><G66/><T112/><D112/><U113/><E14/><V29/><F43/><W23/><G23/><T89/><D132/><U80/><E26/><V65/><F65/><W40/><G40/><T77/><D103/><U15/><E15/><V39/><F39/><W97/><G97/><T135/><D135/><U55/><E55/><V18/><F18/><W8/><G8/><T73/><D121/><U84/><E84/><V83/><F83/><W128/><G128/><T9/><D44/><U20/><REACH who="1" step="1"/><E54/><REACH who="1" ten="190,360,220,220" step="2"/><V105/><F105/><W10/><G10/><T37/><D37/><U47/><E47/><V21/><F31/><W32/><G32/><T90/><D73/><U48/><E48/><V42/><F49/><W35/><G35/><T62/><D62/><U101/><E101/><V115/><F100/><W79/><G79/><T93/><D77/><U11/><E11/><V133/><F133/><W118/><G118/><T13/><D13/><U64/><E64/><V111/><F53/><W33/><G33/><T86/><AGARI ba="0,1" hai="9,12,19,57,60,67,86,87,89,90,93,94,116,117" machi="86" ten="20,2700,0" yaku="0,1,7,1,9,1" doraHai="17" who="0" fromWho="0" sc="190,37,360,-13,220,-7,220,-7" /><INIT seed="2,0,0,2,2,79" ten="227,347,213,213" oya="2" hai0="5,56,116,85,60,3,50,19,23,35,77,99,97" hai1="31,129,81,13,63,95,34,1,108,7,30,90,54" hai2="109,17,83,132,36,130,4,110,48,21,59,103,45" hai3="128,124,133,28,134,25,94,127,122,123,112,131,9"/><V43/><F130/><N who="3" m="49707" /><G112/><T42/><D35/><U12/><E108/><N who="2" m="41579" /><F132/><N who="3" m="50795" /><G94/><T41/><D116/><U126/><E126/><N who="3" m="48170" /><G9/><T105/><D105/><U75/><E129/><V29/><F103/><W113/><G113/><T93/><D5/><U26/><E31/><V10/><F29/><W76/><G76/><T115/><D3/><U39/><E39/><V58/><F83/><W70/><G70/><T20/><D115/><U89/><E81/><V91/><F91/><W22/><AGARI ba="0,0" hai="22,25,28,122,123" m="48170,50795,49707" machi="22" ten="40,32000,5" yakuman="39" doraHai="79" who="3" fromWho="3" paoWho="1" sc="227,0,347,-320,213,0,213,320" /><INIT seed="3,0,0,0,3,133" ten="227,27,213,533" oya="3" hai0="34,96,85,55,10,3,71,36,79,80,97,39,114" hai1="131,66,37,94,116,68,60,7,6,27,100,110,113" hai2="50,118,83,127,84,17,92,122,95,86,88,11,18" hai3="62,33,35,2,40,25,0,58,49,69,108,16,106"/><W102/><G35/><T24/><D71/><U123/><E27/><V75/><F127/><W9/><G16/><N who="2" m="6249" /><F75/><W72/><G25/><T117/><D117/><U1/><E94/><N who="2" m="54535" /><F118/><W103/><G58/><T26/><D114/><U89/><E100/><V64/><F122/><W78/><G62/><T21/><D34/><U105/><E89/><N who="2" m="51423" /><F11/><W126/><G49/><T22/><D36/><U81/><E81/><V112/><F112/><W47/><G40/><T48/><D39/><U53/><E7/><V115/><F115/><W91/><G47/><N who="0" m="28063" /><D10/><U61/><E6/><V5/><F5/><W111/><G9/><T13/><D3/><U54/><E60/><V51/><F64/><W43/><G2/><T90/><D13/><U38/><E61/><V46/><F51/><W19/><G0/><T98/><D79/><U59/><E66/><V128/><F128/><W41/><G78/><T42/><D42/><AGARI ba="0,0" hai="42,46,50,92,95" m="51423,54535,6249" machi="42" ten="30,3900,0" yaku="8,1,54,2" doraHai="133" who="2" fromWho="0" sc="227,-39,27,0,213,39,533,0" owari="188,-21.0,27,-47.0,252,5.0,533,63.0" /></mjloggm>