<mjloggm ver="2.3"><GO type="169" lobby="0"/><UN n0="%E9%AF%89%E3%81%AB%E6%81%8B" n1="%E5%B0%B1%E6%B4%BB%E7%94%9F%40%E5%B7%9D%E6%9D%91%E8%BB%8D%E5%9B%A3" n2="%E6%9C%88%E8%A9%A0%E3%81%95%E3%82%93" n3="%6E%6E%6E%6E%6E%6E" dan="16,17,16,16" rate="2040.21,2229.54,2115.07,2119.98" sx="M,M,F,M"/><TAIKYOKU oya="0"/><INIT seed="0,0,0,3,1,124" ten="250,250,250,250" oya="0" hai0="14,112,6,66,78,26,28,105,97,118,42,24,67" hai1="55,0,34,48,22,59,81,84,52,43,111,93,127" hai2="20,57,85,44,128,31,69,113,12,41,51,29,47" hai3="15,130,25,39,45,98,73,40,119,135,60,11,115"/><T90/><D118/><U53/><E34/><V91/><F113/><W95/><G115/><T79/><D112/><U132/><E127/><V46/><F69/><W35/><G119/><T100/><D42/><U23/><E0/><V131/><F41/><W58/><G73/><T114/><D67/><U16/><E111/><V106/><F106/><W121/><G25/><T19/><D6/><U76/><E132/><V13/><F51/><W87/><G35/><T2/><D2/><U56/><E23/><V77/><F77/><W82/><G82/><T104/><D104/><U102/><E43/><V8/><F57/><N who="1" m="22089" /><E102/><V101/><F101/><W17/><G87/><T37/><D37/><U9/><E9/><V86/><F20/><W122/><G135/><T49/><D90/><U62/><E93/><V134/><F134/><W92/><G92/><T108/><D108/><U63/><E48/><V36/><F36/><W89/><G121/><T32/><D49/><U116/><E116/><V103/><F103/><W126/><G126/><T18/><D114/><U107/><E107/><V3/><F3/><W33/><G33/><T96/><D96/><U120/><E120/><V38/><F38/><W109/><G109/><T80/><D66/><U123/><E123/><V74/><F74/><W83/><G122/><T4/><D4/><U10/><E10/><V50/><F50/><W65/><G83/><T99/><D99/><U71/><E71/><V125/><F125/><W129/><AGARI ba="0,0" hai="11,15,17,39,40,45,58,60,65,89,95,98,129,130" machi="129" ten="30,4000,0" yaku="0,1,52,2" doraHai="124" who="3" fromWho="3" sc="250,-20,250,-10,250,-10,250,40" /><INIT seed="1,0,0,1,4,111" ten="230,240,240,290" oya="1" hai0="127,106,124,37,49,133,17,108,32,82,78,50,99" hai1="129,13,103,61,3,114,63,60,47,53,84,44,15" hai2="68,100,95,4,20,11,57,34,0,46,92,7,120" hai3="59,23,89,35,6,16,112,83,125,96,131,18,87"/><U75/><E75/><V135/><F120/><W5/><G35/><T101/><D37/><U65/><E3/><V43/><F68/><W102/><G112/><T69/><D108/><U71/><E114/><V93/><F34/><W64/><G131/><T132/><D69/><U29/><E29/><V12/><F135/><N who="0" m="51786" /><D32/><U54/><E129/><V130/><F130/><W107/><G125/><N who="0" m="48203" /><D17/><U51/><E103/><V14/><F57/><W70/><G70/><T25/><D25/><U88/><E71/><V118/><F118/><W30/><G18/><T134/><N who="0" m="51794" /><T31/><DORA hai="8" /><D31/><U81/><E65/><V73/><F73/><AGARI ba="0,0" hai="49,50,73,78,82,99,101,106" m="48203,51794" machi="73" ten="40,2600,0" yaku="20,1,18,1" doraHai="111,8" who="0" fromWho="2" sc="230,26,240,0,240,-26,290,0" /><INIT seed="2,0,0,1,0,101" ten="256,240,214,290" oya="2" hai0="118,40,18,126,80,84,83,33,121,34,9,30,103" hai1="6,39,27,21,88,116,53,41,58,28,55,82,22" hai2="69,111,12,78,134,133,8,114,131,112,54,17,87" hai3="76,49,60,46,2,31,57,135,45,71,32,108,106"/><V37/><F37/><W66/><G2/><T44/><D121/><U42/><E116/><V99/><F69/><W0/><G0/><T132/><D118/><U79/><E39/><V38/><F38/><W73/><G108/><T96/><D132/><N who="2" m="50794" /><F111/><W94/><G135/><T35/><D126/><U107/><E107/><V120/><F120/><W43/><G46/><T5/><D18/><U90/><E6/><V92/><F131/><W1/><G1/><N who="0" m="175" /><D84/><N who="1" m="48223" /><E21/><V14/><F54/><N who="1" m="20489" /><E58/><V24/><F24/><W51/><G106/><N who="0" m="63847" /><D83/><U62/><E62/><V115/><F14/><W86/><G57/><T98/><D98/><U7/><E7/><V68/><F68/><W52/><G94/><T15/><D15/><U119/><E119/><V59/><F59/><W109/><G109/><T122/><D122/><U36/><E36/><V23/><F87/><W4/><G86/><T11/><D44/><U129/><E129/><V81/><F81/><W75/><G52/><T85/><D85/><U13/><E13/><V67/><F78/><W100/><G76/><T77/><D11/><U72/><E72/><V65/><F23/><W29/><G75/><N who="0" m="43071" /><D40/><AGARI ba="0,0" hai="22,27,28,40,41,42,88,90" m="20489,48223" machi="40" ten="30,2000,0" yaku="8,1,54,1" doraHai="101" who="1" fromWho="0" sc="256,-20,240,20,214,0,290,0" /><INIT seed="3,0,0,4,2,46" ten="236,260,214,290" oya="3" hai0="53,29,52,38,85,19,24,64,9,89,41,8,90" hai1="103,39,118,78,128,113,16,30,97,15,117,74,62" hai2="79,96,66,131,2,101,120,127,35,55,87,69,58" hai3="106,86,126,54,61,67,124,84,122,7,135,43,134"/><W133/><G106/><T20/><D64/><U18/><E39/><V26/><F2/><W40/><G7/><T121/><D121/><U63/><E113/><V42/><F120/><W107/><G107/><T94/><D38/><U81/><E30/><V17/><F42/><N who="3" m="15915" /><G122/><T129/><D129/><U83/><E83/><V132/><F131/><W0/><G0/><T37/><D37/><U3/><E3/><V28/><F66/><W77/><G77/><T22/><D41/><U36/><E36/><V104/><F69/><N who="3" m="42223" /><G54/><N who="0" m="21099" /><D89/><U95/><E18/><V44/><F79/><W57/><G57/><T1/><D1/><U116/><REACH who="1" step="1"/><E128/><REACH who="1" ten="236,250,214,290" step="2"/><V25/><F17/><W114/><G114/><T68/><D68/><U71/><E71/><V32/><F28/><W98/><G126/><T47/><D47/><U6/><E6/><V80/><F44/><W59/><G124/><T49/><D49/><U72/><E72/><V130/><F127/><W48/><G48/><T111/><D29/><U33/><E33/><V31/><F130/><W27/><G59/><T92/><D19/><U109/><E109/><V115/><F115/><W91/><G27/><T99/><D24/><U76/><E76/><N who="2" m="46471" /><F26/><W110/><G110/><T75/><D111/><U21/><AGARI ba="0,1" hai="15,16,21,62,63,74,78,81,95,97,103,116,117,118" machi="21" ten="30,7900,0" yaku="1,1,0,1,12,1,54,1,53,0" doraHai="46" doraHaiUra="34" who="1" fromWho="1" sc="236,-20,250,89,214,-20,290,-39" /><INIT seed="4,0,0,4,5,82" ten="216,339,194,251" oya="0" hai0="86,99,2,112,77,131,40,23,127,135,91,31,42" hai1="48,123,83,122,13,72,58,107,130,68,106,53,75" hai2="37,28,21,52,78,36,57,46,113,64,50,101,81" hai3="43,45,35,63,55,97,24,49,15,120,110,66,125"/><T96/><D2/><U71/><E130/><V60/><F113/><W44/><G110/><T95/><D112/><U4/><E71/><V54/><F101/><W70/><G125/><T39/><D127/><U51/><E68/><V38/><F28/><W7/><G120/><T61/><D131/><U93/><E106/><V30/><F21/><W76/><G97/><N who="0" m="37451" /><D39/><U104/><E104/><V34/><F30/><W0/><G0/><T134/><D77/><U117/><E107/><V88/><F34/><W67/><G67/><T18/><D31/><U80/><E117/><V126/><F126/><W116/><G24/><N who="0" m="14455" /><D61/><U109/><E109/><V133/><F133/><AGARI ba="0,0" hai="40,42,86,91,95,133,134,135" m="14455,37451" machi="133" ten="30,2900,0" yaku="20,1,52,1" doraHai="82" who="0" fromWho="2" sc="216,29,339,0,194,-29,251,0" /><INIT seed="4,1,0,1,4,43" ten="245,339,165,251" oya="0" hai0="70,30,71,88,46,98,23,126,125,95,124,91,75" hai1="49,82,52,19,6,135,101,48,116,69,104,94,57" hai2="41,133,79,67,3,45,34,15,100,0,2,47,39" hai3="111,5,17,26,16,31,110,132,54,29,122,87,106"/><T20/><D75/><U129/><E104/><V131/><F131/><W90/><G106/><T108/><D108/><U36/><E36/><V115/><F133/><W84/><G132/><T73/><D73/><U38/><E38/><V96/><F115/><W50/><G122/><T77/><D77/><U59/><E69/><V11/><F34/><W24/><G5/><T62/><D30/><U64/><E135/><V37/><F67/><W103/><G103/><T80/><D62/><N who="1" m="37967" /><E129/><V130/><F79/><W74/><G74/><T109/><D109/><U113/><E113/><V4/><F130/><W25/><G111/><T28/><D28/><N who="3" m="10825" /><G110/><T97/><D80/><U117/><E6/><V128/><F128/><W32/><G32/><T72/><D72/><U68/><E68/><V65/><F65/><W93/><G87/><T14/><D95/><U102/><E82/><V21/><F21/><W99/><G99/><T85/><D85/><U83/><E83/><V58/><F58/><AGARI ba="1,0" hai="16,17,24,25,26,50,54,58,84,90,93" m="10825" machi="58" ten="30,2000,0" yaku="8,1,54,1" doraHai="43" who="3" fromWho="2" sc="245,0,339,0,165,-23,251,23" /><INIT seed="5,0,0,4,1,119" ten="245,339,142,274" oya="1" hai0="47,65,43,62,96,107,78,100,80,132,8,105,95" hai1="135,133,32,26,88,5,87,22,77,130,64,16,9" hai2="109,38,90,74,63,30,45,53,35,111,12,70,118" hai3="73,86,52,123,56,20,67,131,125,14,3,37,10"/><U46/><E130/><V60/><F118/><W81/><G37/><T13/><D132/><N who="1" m="50763" /><E32/><V0/><F0/><W113/><G73/><T4/><D65/><U117/><E64/><V58/><F74/><W69/><G3/><T83/><D83/><N who="1" m="49279" /><E46/><V17/><F30/><W122/><G67/><T36/><D62/><U50/><E50/><V102/><F35/><W92/><G69/><T42/><REACH who="0" step="1"/><D43/><REACH who="0" ten="235,339,142,274" step="2"/><U126/><E117/><V2/><F63/><W101/><G81/><T51/><D51/><U61/><E61/><V41/><F70/><W84/><G131/><T28/><D28/><U98/><E77/><V29/><F29/><W129/><G129/><T48/><D48/><U85/><E126/><V15/><F111/><W89/><G125/><T11/><D11/><U116/><E116/><V112/><F109/><W82/><G20/><T34/><D34/><U25/><E9/><V93/><F60/><W79/><G113/><T75/><AGARI ba="0,1" hai="4,8,13,36,42,47,75,78,80,95,96,100,105,107" machi="75" ten="20,2700,0" yaku="1,1,0,1,7,1,53,0" doraHai="119" doraHaiUra="120" who="0" fromWho="0" sc="235,37,339,-13,142,-7,274,-7" /><INIT seed="6,0,0,5,5,44" ten="272,326,135,267" oya="2" hai0="113,53,12,92,55,41,133,17,111,18,27,101,103" hai1="119,11,61,29,89,9,100,46,95,37,13,96,114" hai2="84,66,78,75,130,49,42,74,28,70,121,106,107" hai3="90,25,88,60,128,50,131,1,24,104,64,94,23"/><V65/><F121/><W124/><G124/><T109/><D41/><U2/><E119/><V97/><F28/><W129/><G1/><T19/><D113/><U110/><E110/><V127/><F127/><W91/><G104/><T72/><D72/><U3/><E29/><V87/><F130/><W125/><G125/><T14/><D27/><N who="3" m="10313" /><G50/><T30/><D30/><U123/><E11/><V116/><F116/><W56/><G23/><T86/><D86/><AGARI ba="0,0" hai="56,60,64,86,88,90,91,94,128,129,131" m="10313" machi="86" ten="30,2000,0" yaku="19,1,54,1" doraHai="44" who="3" fromWho="0" sc="272,-20,326,0,135,0,267,20" /><INIT seed="7,0,0,0,5,97" ten="252,326,135,287" oya="3" hai0="34,62,17,75,133,55,74,0,70,130,46,63,5" hai1="116,118,84,39,114,86,124,41,15,110,64,91,81" hai2="95,25,31,9,108,48,93,8,96,40,51,60,106" hai3="20,61,129,19,111,113,85,82,72,73,119,24,107"/><W121/><G113/><T1/><D34/><U122/><E110/><V68/><F108/><W128/><G111/><T47/><D133/><U12/><E124/><V2/><F95/><W45/><G121/><T67/><D130/><U50/><E39/><V26/><F26/><W54/><G119/><N who="1" m="45610" /><E114/><V4/><F9/><W16/><G107/><T29/><D17/><U65/><E122/><V103/><F93/><W53/><G61/><T27/><D55/><N who="3" m="21001" /><G19/><T13/><D13/><N who="1" m="5195" /><E84/><V102/><F40/><W123/><G45/><AGARI ba="0,0" hai="41,45,50,64,65,81,86,91" m="5195,45610" machi="45" ten="30,1000,0" yaku="12,1" doraHai="97" who="1" fromWho="3" sc="252,0,326,10,135,0,287,-10" owari="252,-15.0,336,43.0,135,-36.0,277,8.0" /></mjloggm>