<mjloggm ver="2.3"><GO type="41" lobby="0"/><UN n0="%4B%75%6A%6F%31%39" n1="%E5%B0%B1%E6%B4%BB%E7%94%9F%40%E5%B7%9D%E6%9D%91%E8%BB%8D%E5%9B%A3" n2="%E5%AE%AE%E5%B4%8E%E7%9C%8C%E4%BB%A3%E8%A1%A8" n3="%E5%A4%8F%E3%81%99%E3%81%9A%E3%81%BF%EF%BC%A0%E8%83%A1%E7%93%9C" dan="13,14,14,15" rate="1915.73,1944.73,1958.12,2041.48" sx="M,M,F,F"/><TAIKYOKU oya="0"/><INIT seed="0,0,0,3,2,77" ten="250,250,250,250" oya="0" hai0="70,8,37,89,3,12,124,61,58,134,116,112,113" hai1="84,13,19,33,111,94,82,42,121,65,26,25,47" hai2="27,57,118,50,98,132,17,87,74,46,109,69,120" hai3="130,93,2,105,96,15,16,91,64,36,51,38,20"/><T31/><D3/><U79/><E121/><V81/><F69/><W1/><G130/><T28/><D70/><U101/><E111/><V22/><F120/><W43/><G64/><T56/><D116/><U71/><E71/><V68/><F68/><W95/><G105/><T102/><D37/><U108/><E65/><V126/><F109/><W92/><G38/><T76/><D76/><U0/><E0/><V110/><F110/><W117/><G36/><T10/><D134/><U78/><E78/><V133/><F74/><W85/><G117/><T97/><D61/><U90/><E33/><V128/><F118/><W40/><G2/><T21/><D124/><U32/><E32/><V80/><F126/><W23/><G23/><T100/><D89/><U66/><E101/><V135/><F128/><W9/><G95/><T11/><D11/><U129/><E66/><V122/><F122/><W72/><G72/><T14/><D21/><U53/><E108/><V44/><F57/><W48/><G9/><T115/><D112/><U4/><E4/><V34/><F34/><W45/><G1/><T6/><REACH who="0" step="1"/><D97/><REACH who="0" ten="240,250,250,250" step="2"/><N who="1" m="57559" /><E129/><V73/><F98/><W5/><G5/><AGARI ba="0,1" hai="5,6,8,10,12,14,28,31,56,58,100,102,113,115" machi="5" ten="25,4800,0" yaku="1,1,22,2,53,0" doraHai="77" doraHaiUra="60" who="0" fromWho="3" sc="240,58,250,0,250,0,250,-48" /><INIT seed="0,1,0,5,2,32" ten="298,250,250,202" oya="0" hai0="106,96,91,52,57,118,0,132,1,78,115,99,97" hai1="8,17,42,95,26,7,76,45,43,25,35,117,133" hai2="24,112,121,74,94,36,128,100,81,114,82,86,122" hai3="87,15,108,50,41,134,14,28,70,131,56,2,60"/><T77/><D118/><U79/><E117/><V40/><F40/><W18/><G134/><T59/><D115/><N who="2" m="44074" /><F36/><W93/><G131/><T84/><D106/><U75/><E133/><V9/><F9/><W58/><G70/><T135/><D59/><N who="3" m="22569" /><G108/><T73/><D73/><U27/><E35/><V39/><F39/><W55/><G2/><T3/><D132/><U123/><E123/><V101/><F24/><W13/><G28/><T111/><D111/><U89/><E17/><V110/><F110/><W129/><G129/><T29/><D29/><U11/><E75/><V19/><F19/><W31/><G31/><T72/><D135/><U21/><E21/><V20/><F20/><N who="3" m="11343" /><G60/><T47/><D47/><U4/><E45/><V34/><F34/><W120/><G120/><N who="2" m="46185" /><F128/><W23/><G41/><N who="1" m="15370" /><E8/><V22/><F22/><W48/><G23/><T30/><D30/><U80/><E80/><N who="2" m="30827" /><F74/><W109/><G109/><T98/><N who="0" m="25088" /><DORA hai="16" /><T103/><D103/><N who="2" m="39498" /><F94/><W38/><G38/><T92/><REACH who="0" step="1"/><D72/><REACH who="0" ten="288,250,250,202" step="2"/><U46/><E46/><V10/><F86/><W116/><G116/><T44/><D44/><U126/><E126/><V130/><F130/><W66/><G87/><T33/><D33/><U105/><E105/><V62/><F10/><W63/><G93/><T67/><D67/><U127/><E127/><V104/><F104/><W125/><G125/><T5/><D5/><U64/><E11/><V107/><F107/><W68/><G50/><AGARI ba="1,1" hai="0,1,3,50,52,57,77,78,84,91,92" m="25088" machi="50" ten="60,12000,1" yaku="1,1,52,3,54,1,53,0" doraHai="32,16" doraHaiUra="69,61" who="0" fromWho="3" sc="288,133,250,0,250,0,202,-123" /><INIT seed="0,2,0,0,5,86" ten="421,250,250,79" oya="0" hai0="69,57,114,29,79,8,99,87,64,10,26,62,6" hai1="14,34,83,118,74,73,107,85,52,134,92,18,15" hai2="32,3,19,72,94,131,77,71,60,45,127,129,59" hai3="97,135,21,46,70,109,2,121,23,104,9,11,4"/><T20/><D114/><U90/><E107/><V103/><F3/><W78/><G121/><T122/><D122/><U56/><E34/><V101/><F32/><W95/><G109/><T41/><D41/><U119/><E134/><V24/><F71/><W102/><G135/><T17/><D69/><U37/><E37/><V80/><F127/><W116/><G70/><T75/><D75/><U50/><E15/><V22/><F45/><W105/><G116/><T115/><D115/><U100/><E74/><V55/><REACH who="2" step="1"/><F94/><REACH who="2" ten="421,250,240,79" step="2"/><W40/><G78/><T108/><D108/><U68/><E68/><V88/><F88/><W82/><G82/><T93/><D79/><N who="1" m="44527" /><E100/><AGARI ba="2,1" hai="19,22,24,55,59,60,72,77,80,100,101,103,129,131" machi="100" ten="40,1300,0" yaku="1,1,53,0" doraHai="86" doraHaiUra="130" who="2" fromWho="1" sc="421,0,250,-19,240,29,79,0" /><INIT seed="1,0,0,5,3,29" ten="421,231,269,79" oya="1" hai0="79,25,127,74,26,104,78,75,9,60,109,101,18" hai1="122,38,120,62,11,48,85,49,41,56,114,63,13" hai2="43,105,84,87,2,17,73,47,123,32,129,31,10" hai3="14,59,28,134,33,103,12,55,76,27,50,67,116"/><U96/><E114/><V130/><F73/><W44/><G134/><T66/><D109/><U95/><E38/><V3/><F105/><W131/><G116/><T64/><D127/><U46/><E120/><V52/><F123/><W69/><G131/><T82/><D9/><U128/><E128/><V53/><F17/><W42/><G76/><T107/><D18/><U36/><E122/><V16/><F2/><W24/><G103/><T30/><D26/><U118/><E85/><V81/><F84/><W113/><G113/><T102/><D101/><U88/><E118/><V111/><F111/><W108/><G108/><T45/><D45/><U23/><E23/><V7/><F129/><W92/><G92/><T35/><D102/><U68/><E68/><V61/><F61/><W20/><G69/><N who="0" m="42119" /><D66/><U106/><E106/><V15/><F130/><W93/><G67/><T110/><D110/><U34/><E34/><V119/><F119/><W112/><G112/><T8/><D8/><U4/><REACH who="1" step="1"/><E63/><REACH who="1" ten="421,221,269,79" step="2"/><V121/><F121/><W40/><G93/><T54/><D54/><AGARI ba="0,1" hai="4,11,13,36,41,46,48,49,54,56,62,88,95,96" machi="54" ten="30,12000,1" yaku="1,1,2,1,7,1,54,1,53,1" doraHai="29" doraHaiUra="51" who="1" fromWho="0" sc="421,-120,221,130,269,0,79,0" /><INIT seed="1,1,0,3,4,103" ten="301,351,269,79" oya="1" hai0="14,4,91,121,102,37,132,25,115,39,61,129,24" hai1="20,31,78,101,50,51,27,38,77,108,130,69,125" hai2="44,3,19,45,73,110,111,49,128,114,72,99,118" hai3="133,80,92,10,106,55,113,94,18,35,12,58,119"/><U83/><E38/><V96/><F3/><W134/><G119/><T65/><D121/><U0/><E0/><V135/><F118/><W15/><G35/><T48/><D115/><U36/><E36/><V89/><F114/><W57/><G113/><T75/><D75/><N who="2" m="28746" /><F89/><W74/><G74/><T17/><D132/><U63/><E125/><V16/><F135/><N who="3" m="51723" /><G80/><T109/><D109/><N who="2" m="41482" /><F128/><W54/><G106/><T104/><D129/><U123/><E130/><V95/><F95/><N who="3" m="36395" /><G18/><N who="2" m="6697" /><F45/><W40/><G40/><AGARI ba="1,0" hai="40,44,49,96,99" m="6697,41482,28746" machi="40" ten="30,2000,0" yaku="14,1,54,1" doraHai="103" who="2" fromWho="3" sc="301,0,351,0,269,23,79,-23" /><INIT seed="2,0,0,4,5,11" ten="301,351,292,56" oya="2" hai0="57,110,125,0,106,67,78,42,28,131,54,16,95" hai1="58,60,26,121,97,119,115,38,69,117,62,19,79" hai2="129,108,70,111,132,81,91,80,127,135,101,105,84" hai3="99,65,52,2,59,92,37,15,8,27,55,30,68"/><V82/><F70/><W89/><G37/><T5/><D110/><N who="2" m="42026" /><F127/><W22/><G2/><T17/><D106/><U35/><E38/><V123/><F123/><W98/><G68/><T72/><D125/><U90/><E69/><V1/><F1/><W45/><G45/><T74/><D42/><U25/><E79/><V107/><F129/><W46/><G46/><T96/><D67/><U39/><E39/><V34/><F34/><W7/><REACH who="3" step="1"/><G98/><REACH who="3" ten="301,351,292,46" step="2"/><T103/><D0/><U13/><E97/><N who="2" m="61615" /><F107/><W86/><G86/><T73/><D131/><U118/><E121/><V83/><AGARI ba="0,1" hai="80,81,82,83,84,91,132,135" m="61615,42026" machi="83" ten="40,12000,1" yaku="14,1,10,1,34,2" doraHai="11" who="2" fromWho="2" sc="301,-40,351,-40,292,130,46,-40" /><INIT seed="2,1,0,3,2,80" ten="261,311,422,6" oya="2" hai0="65,43,59,53,26,4,104,93,8,75,69,117,20" hai1="78,128,102,39,72,48,91,115,29,87,50,106,32" hai2="123,119,38,108,11,118,18,54,23,88,84,90,86" hai3="74,73,61,116,105,122,85,60,81,107,100,46,36"/><V0/><F38/><W10/><G116/><T120/><D117/><U111/><E39/><V27/><F123/><W135/><G122/><T71/><D120/><U21/><E115/><V114/><F114/><W131/><G131/><T126/><D75/><U34/><E128/><V7/><F108/><W130/><G130/><T76/><D104/><U97/><E111/><V113/><F113/><W70/><G36/><T125/><D76/><U63/><E63/><V40/><F40/><W101/><G70/><T30/><D43/><U127/><E127/><N who="0" m="48649" /><D93/><N who="1" m="54527" /><E21/><V45/><F45/><W94/><G94/><T82/><D65/><U24/><E34/><V1/><F1/><W52/><G10/><T5/><D82/><AGARI ba="1,0" hai="24,29,32,48,50,72,78,82,97,102,106" m="54527" machi="82" ten="30,2000,0" yaku="24,1,52,1" doraHai="80" who="1" fromWho="0" sc="261,-23,311,23,422,0,6,0" /><INIT seed="3,0,0,0,4,128" ten="238,334,422,6" oya="3" hai0="40,16,4,102,89,56,71,12,69,130,10,20,1" hai1="114,95,82,28,52,111,113,117,86,91,36,42,90" hai2="41,98,58,63,135,108,6,3,13,57,31,47,103" hai3="107,53,88,123,81,26,133,115,64,55,37,14,54"/><W94/><G123/><T129/><D40/><U11/><E111/><V84/><F3/><W119/><G119/><T49/><D102/><U68/><E117/><V65/><F108/><W50/><G37/><T124/><D124/><U35/><E68/><V22/><F84/><N who="3" m="50191" /><G107/><T100/><D100/><U18/><E35/><V0/><F13/><W45/><G115/><T127/><D127/><U33/><E36/><V17/><F58/><W118/><G118/><T116/><D116/><U43/><E33/><V110/><F57/><W104/><G104/><T74/><D74/><U39/><E28/><V5/><F0/><W25/><G133/><T7/><D7/><U59/><E39/><V125/><F135/><W73/><G73/><T92/><D129/><U101/><E101/><V134/><F134/><W96/><G64/><T44/><D56/><U46/><E46/><V77/><F77/><W93/><G14/><T87/><REACH who="0" step="1"/><D130/><REACH who="0" ten="228,334,422,6" step="2"/><U2/><E113/><V67/><F125/><W121/><G121/><T85/><D85/><N who="1" m="52687" /><E114/><V83/><F110/><W106/><G106/><T66/><D66/><U29/><E2/><V80/><F67/><W23/><G96/><T105/><D105/><U70/><E70/><V8/><F98/><W131/><G131/><T38/><D38/><U21/><E42/><V109/><F65/><W15/><G15/><T99/><D99/><U76/><E43/><V112/><F103/><W97/><G97/><T132/><D132/><U51/><E86/><V48/><F109/><W32/><G32/><T30/><D30/><U78/><E29/><V60/><F112/><RYUUKYOKU ba="0,1" sc="228,30,334,-10,422,-10,6,-10" hai0="1,4,10,12,16,20,44,49,69,71,87,89,92" owari="258,-14.0,324,12.0,422,52.0,-4,-50.0" /></mjloggm>