<mjloggm ver="2.3"><GO type="41" lobby="0"/><UN n0="%E8%88%98%E7%94%B0%E6%B5%A9%E7%BF%94" n1="%E3%83%8F%E3%83%AA%E3%83%9C%E3%83%86%E5%A4%A7%E5%B0%86" n2="%E5%B0%B1%E6%B4%BB%E7%94%9F%40%E5%B7%9D%E6%9D%91%E8%BB%8D%E5%9B%A3" n3="%72%61%67%61%2D%6D" dan="14,15,17,13" rate="1887.23,1942.57,2132.10,1865.88" sx="M,M,M,M"/><TAIKYOKU oya="0"/><INIT seed="0,0,0,4,4,104" ten="250,250,250,250" oya="0" hai0="34,78,97,133,11,106,96,118,72,128,4,91,3" hai1="29,62,21,66,67,132,1,70,79,61,38,51,88" hai2="110,48,80,56,87,25,114,68,22,53,42,107,46" hai3="27,105,69,95,92,49,125,122,86,73,119,135,14"/><T30/><D118/><U75/><E38/><V55/><F110/><W57/><G105/><T112/><D112/><U93/><E1/><V12/><F107/><W83/><G69/><T99/><D128/><U98/><E51/><V101/><F114/><W59/><G73/><T102/><D133/><U116/><E116/><V8/><F68/><W85/><G135/><T117/><D117/><U17/><E29/><V115/><F101/><W44/><G122/><T33/><D91/><U74/><E79/><V111/><F111/><W100/><G86/><T82/><REACH who="0" step="1"/><D34/><REACH who="0" ten="240,250,250,250" step="2"/><U28/><E132/><V108/><F115/><W32/><G32/><T19/><D19/><U24/><REACH who="1" step="1"/><E28/><REACH who="1" ten="240,240,250,250" step="2"/><V109/><F108/><W18/><G119/><T124/><D124/><U127/><E127/><V10/><F109/><W84/><G125/><T16/><D16/><U134/><E134/><V36/><F36/><W5/><G18/><T2/><D2/><U120/><E120/><V60/><F25/><AGARI ba="0,2" hai="3,4,11,25,30,33,72,78,82,96,97,99,102,106" machi="25" ten="40,3900,0" yaku="1,1,52,1,53,0" doraHai="104" doraHaiUra="113" who="0" fromWho="2" sc="240,59,240,0,250,-39,250,0" /><INIT seed="0,1,0,2,5,35" ten="299,240,211,250" oya="0" hai0="40,93,98,62,17,125,49,134,3,114,19,27,87" hai1="36,110,32,95,130,120,28,45,91,115,57,67,135" hai2="26,78,42,94,111,129,2,75,9,108,65,48,29" hai3="18,77,89,31,109,79,16,59,52,24,56,61,46"/><T39/><D114/><U85/><E110/><N who="2" m="42027" /><F65/><W22/><G109/><T104/><D39/><U100/><E120/><V0/><F129/><W102/><G102/><T33/><D125/><U60/><E130/><V132/><F132/><W76/><G46/><T58/><D134/><U118/><E118/><V97/><F9/><W11/><G11/><T92/><D104/><U55/><E135/><V63/><F63/><N who="3" m="36231" /><G89/><T105/><D105/><U113/><E100/><N who="2" m="60471" /><F78/><W10/><G10/><T14/><D3/><N who="2" m="1066" /><F75/><W8/><G8/><T34/><D98/><U66/><E67/><AGARI ba="1,0" hai="16,18,22,24,31,59,61,67,76,77,79" m="36231" machi="67" ten="30,3900,0" yaku="8,1,54,2" doraHai="35" who="3" fromWho="1" sc="299,0,240,-42,211,0,250,42" /><INIT seed="1,0,0,3,4,64" ten="299,198,211,292" oya="1" hai0="106,103,11,125,15,113,41,131,108,78,114,0,46" hai1="132,107,19,68,23,34,48,39,76,30,99,56,69" hai2="110,5,79,50,28,82,55,3,44,22,18,27,111" hai3="25,77,124,7,122,57,74,33,73,4,38,67,2"/><U105/><E39/><V42/><F3/><W133/><G122/><T59/><D108/><N who="2" m="41514" /><F5/><W52/><G67/><T10/><D125/><U62/><E76/><V20/><F42/><W60/><G124/><T75/><D131/><U95/><E132/><V84/><F20/><W36/><G133/><T70/><D59/><U123/><E123/><V40/><F40/><W117/><G117/><T80/><D11/><U83/><E34/><V16/><AGARI ba="0,0" hai="16,18,22,27,28,44,50,55,79,82,84" m="41514" machi="16" ten="30,2000,0" yaku="14,1,54,1" doraHai="64" who="2" fromWho="2" sc="299,-5,198,-10,211,20,292,-5" /><INIT seed="2,0,0,0,4,65" ten="294,188,231,287" oya="2" hai0="78,38,113,94,37,134,7,29,35,1,39,14,42" hai1="117,98,120,49,119,135,104,112,128,43,19,125,79" hai2="75,103,67,34,107,55,36,73,0,130,121,44,133" hai3="70,33,83,5,12,50,81,110,109,105,52,25,56"/><V41/><F55/><W102/><G70/><T13/><D113/><U96/><E19/><V57/><F57/><W72/><G72/><T89/><D78/><U66/><E49/><V88/><F121/><W99/><G33/><T32/><D42/><U61/><E43/><V45/><F44/><W101/><G101/><T80/><D80/><U15/><E15/><V31/><F130/><W24/><G24/><T18/><D134/><U30/><E135/><V85/><F133/><W68/><G68/><T62/><D62/><U118/><E112/><V3/><F67/><W90/><G25/><T116/><D116/><U21/><E120/><V53/><F53/><W97/><G97/><T95/><D29/><U111/><E111/><N who="3" m="42506" /><G90/><T77/><D77/><U124/><E79/><V106/><F88/><W93/><G93/><T60/><D60/><U123/><E104/><N who="2" m="39979" /><F85/><W71/><G71/><T129/><D89/><U51/><E123/><V40/><F103/><W92/><G105/><T115/><D115/><U6/><E128/><V122/><F41/><W131/><G131/><T11/><D129/><U86/><E119/><V27/><F122/><W16/><G5/><T64/><D7/><U100/><E118/><V74/><AGARI ba="0,0" hai="0,3,27,31,34,36,40,45,73,74,75" m="39979" machi="74" ten="40,3900,0" yaku="33,2" doraHai="65" who="2" fromWho="2" sc="294,-13,188,-13,231,39,287,-13" /><INIT seed="2,1,0,5,1,49" ten="281,175,270,274" oya="2" hai0="54,96,26,92,130,134,124,5,128,75,135,29,15" hai1="61,4,9,110,43,89,98,126,114,122,50,97,66" hai2="44,88,67,111,87,102,57,95,76,77,104,41,108" hai3="132,79,71,19,20,91,80,64,113,21,94,120,100"/><V129/><F129/><N who="0" m="49770" /><D75/><U86/><E110/><N who="2" m="42027" /><F104/><W52/><G100/><T6/><D15/><U22/><E114/><V31/><F102/><W125/><G120/><T18/><D18/><U105/><E126/><V16/><F31/><W28/><G125/><T65/><D65/><U12/><E122/><V58/><F16/><W121/><G28/><T72/><D72/><U38/><E38/><N who="2" m="21559" /><F67/><W123/><G113/><T90/><D124/><U82/><E22/><V1/><F1/><W27/><G20/><N who="0" m="15559" /><D54/><U133/><E133/><AGARI ba="1,0" hai="5,6,90,92,96,133,134,135" m="15559,49770" machi="133" ten="30,2000,0" yaku="20,1,19,1" doraHai="49" who="0" fromWho="1" sc="281,23,175,-23,270,0,274,0" /><INIT seed="3,0,0,0,2,66" ten="304,152,270,274" oya="3" hai0="60,85,123,104,38,15,120,32,24,2,25,45,135" hai1="53,113,3,29,70,28,35,103,82,128,34,4,100" hai2="92,127,110,65,90,26,86,50,17,98,91,131,11" hai3="73,62,87,21,97,122,10,39,102,79,23,58,14"/><W44/><G73/><T81/><D104/><U111/><E113/><V52/><F110/><W125/><G125/><T112/><D2/><U121/><E121/><V56/><F127/><W55/><G122/><T115/><D135/><U16/><E111/><V19/><F131/><W22/><G39/><T12/><D38/><U94/><E128/><V40/><F40/><W134/><G44/><T130/><D45/><U9/><E94/><V64/><F26/><W46/><G46/><T119/><D130/><U76/><E53/><V36/><F36/><W31/><G134/><T126/><D126/><U37/><E37/><V95/><F11/><W106/><G87/><T96/><D96/><U108/><E108/><V93/><F95/><W101/><G79/><T83/><D119/><U105/><E34/><V69/><REACH who="2" step="1"/><F65/><REACH who="2" ten="304,152,260,274" step="2"/><W5/><REACH who="3" step="1"/><G102/><REACH who="3" ten="304,152,260,264" step="2"/><T54/><D120/><U59/><E103/><V7/><F7/><W116/><G116/><T129/><D123/><U99/><E100/><V47/><F47/><W109/><G109/><T77/><D129/><U33/><E4/><V8/><F8/><W114/><G114/><T88/><D115/><U67/><E9/><V51/><F51/><W41/><G41/><T61/><D112/><U118/><E118/><V75/><F75/><W27/><AGARI ba="0,2" hai="5,10,14,21,22,23,27,31,55,58,62,97,101,106" machi="27" ten="30,6000,0" yaku="1,1,0,1,53,1" doraHai="66" doraHaiUra="20" who="3" fromWho="3" sc="304,-20,152,-20,260,-20,264,80" /><INIT seed="3,1,0,1,1,128" ten="284,132,240,344" oya="3" hai0="21,73,97,109,98,124,54,74,33,120,72,126,60" hai1="111,99,53,25,94,8,84,117,69,27,20,40,119" hai2="79,88,64,28,87,115,44,11,17,70,30,41,108" hai3="38,34,123,113,89,57,49,50,63,66,68,0,118"/><W18/><G0/><T58/><D33/><U102/><E69/><V62/><F115/><W127/><G34/><T96/><D120/><U90/><E40/><V13/><F108/><W77/><G77/><T2/><D2/><U134/><E111/><V78/><F30/><W82/><G38/><T65/><D109/><U112/><E112/><V29/><F29/><W83/><G127/><N who="0" m="48683" /><D21/><U26/><E8/><V4/><F28/><W91/><G118/><N who="1" m="45066" /><E20/><V15/><F15/><W129/><G129/><T1/><D1/><U42/><E42/><V103/><F103/><W105/><G105/><T12/><D12/><U19/><E19/><V135/><F4/><W133/><G18/><T80/><D65/><U31/><E31/><V71/><F71/><W121/><G68/><T125/><N who="0" m="48691" /><T75/><DORA hai="32" /><D75/><U61/><E134/><V24/><F24/><W36/><G113/><T100/><D80/><N who="1" m="49415" /><E27/><V48/><F135/><W35/><G133/><T5/><D5/><U114/><E114/><V106/><F106/><AGARI ba="1,0" hai="54,58,60,72,73,74,96,97,98,100,106" m="48691" machi="106" ten="50,1600,0" yaku="18,1" doraHai="128,32" who="0" fromWho="2" sc="284,19,132,0,240,-19,344,0" /><INIT seed="4,0,0,4,4,61" ten="303,132,221,344" oya="0" hai0="80,3,130,47,71,104,39,96,112,52,19,25,2" hai1="35,83,135,114,64,20,57,113,7,115,99,45,127" hai2="106,92,133,41,78,93,66,111,128,42,8,33,56" hai3="129,6,43,91,24,46,4,48,88,15,31,94,37"/><T68/><D112/><U76/><E35/><V77/><F106/><W120/><G129/><T98/><D130/><U65/><E127/><V72/><F33/><W30/><G30/><T89/><D104/><U59/><E135/><V28/><F28/><W118/><G118/><T54/><D39/><U62/><E45/><V117/><F128/><W36/><G91/><T53/><D47/><U26/><E7/><V13/><F117/><W67/><G67/><N who="1" m="25674" /><E62/><N who="2" m="38215" /><F72/><W86/><G120/><T84/><D19/><N who="1" m="12575" /><E99/><V126/><F111/><W10/><G4/><T50/><D50/><U95/><E95/><N who="2" m="36427" /><F133/><W85/><G85/><AGARI ba="0,0" hai="57,59,76,83,85,113,114,115" m="12575,25674" machi="85" ten="30,8000,1" yaku="15,1,11,1,52,3" doraHai="61" who="1" fromWho="3" sc="303,0,132,80,221,0,344,-80" /><INIT seed="5,0,0,4,5,70" ten="303,212,221,264" oya="1" hai0="4,29,124,59,18,24,49,87,86,5,54,120,122" hai1="27,52,26,83,47,114,119,6,96,127,11,71,82" hai2="93,126,113,65,111,95,75,10,107,130,99,102,41" hai3="57,129,105,133,78,0,51,134,48,131,98,97,101"/><U46/><E114/><V72/><F41/><W43/><G0/><T35/><D124/><U115/><E115/><V20/><F10/><W60/><G78/><T123/><REACH who="0" step="1"/><D18/><REACH who="0" ten="293,212,221,264" step="2"/><U108/><E127/><V76/><F126/><W74/><G133/><T116/><D116/><U77/><E119/><V81/><F113/><W69/><G134/><T22/><D22/><U36/><E108/><V80/><F20/><W37/><G131/><T68/><D68/><U16/><E71/><V45/><F111/><W66/><G69/><T13/><D13/><N who="1" m="7231" /><E6/><AGARI ba="0,1" hai="4,5,6,24,29,35,49,54,59,86,87,120,122,123" machi="6" ten="40,8000,1" yaku="1,1,13,1,53,3" doraHai="70" doraHaiUra="2" who="0" fromWho="1" sc="293,90,212,-80,221,0,264,0" /><INIT seed="6,0,0,1,0,89" ten="383,132,221,264" oya="2" hai0="125,1,61,98,81,38,68,101,107,27,22,69,65" hai1="15,87,121,10,100,60,123,36,80,119,14,122,78" hai2="85,92,31,34,75,11,111,94,58,41,79,44,118" hai3="93,49,74,110,12,16,84,99,126,47,106,0,18"/><V37/><F118/><W127/><G74/><T4/><D125/><N who="3" m="47625" /><G0/><T55/><D38/><U42/><E119/><V132/><F132/><W35/><G35/><T109/><D109/><U26/><E100/><V116/><F116/><W130/><G130/><T43/><D43/><U95/><E26/><V70/><F70/><W67/><G67/><T39/><D39/><U56/><E42/><V105/><F105/><W112/><G112/><T33/><D33/><U77/><E36/><V8/><F111/><W46/><G18/><T102/><D81/><U9/><E78/><V135/><F135/><W24/><G24/><T40/><D55/><U32/><E32/><V86/><F58/><W63/><G63/><T91/><D40/><U129/><E129/><V97/><F31/><W90/><G110/><T50/><D50/><U76/><E76/><V7/><F34/><W28/><G28/><T45/><D45/><U29/><E29/><V48/><F75/><W104/><G84/><N who="2" m="32361" /><F37/><W124/><G124/><T57/><D57/><U120/><N who="1" m="30720" /><DORA hai="19" /><U66/><REACH who="1" step="1"/><E95/><REACH who="1" ten="383,122,221,264" step="2"/><N who="2" m="36395" /><F79/><W51/><G106/><T117/><D107/><U113/><E113/><V62/><F97/><W17/><G104/><T131/><D98/><U3/><E3/><V21/><F7/><W128/><G99/><T114/><D4/><U71/><E71/><V59/><F21/><W88/><G128/><T133/><D22/><U82/><E82/><V2/><F2/><W134/><G134/><T54/><D1/><U6/><E6/><V13/><F13/><AGARI ba="0,1" hai="9,10,13,14,15,56,60,66,77,80,87" m="30720" machi="13" ten="70,4500,0" yaku="1,1,13,1,53,0" doraHai="89,19" doraHaiUra="23,96" who="1" fromWho="2" sc="383,0,122,55,221,-45,264,0" /><INIT seed="7,0,0,3,5,39" ten="383,177,176,264" oya="3" hai0="133,36,10,16,15,124,110,52,135,58,118,20,120" hai1="14,132,123,104,12,46,74,1,102,51,129,114,108" hai2="21,72,117,63,37,83,75,31,90,60,44,0,68" hai3="109,101,50,62,106,43,65,115,35,116,11,86,112"/><W100/><G35/><T89/><D118/><U38/><RYUUKYOKU type="yao9" ba="0,0" sc="383,0,177,0,176,0,264,0" hai1="1,12,14,38,46,51,74,102,104,108,114,123,129,132" /><INIT seed="7,1,0,1,2,95" ten="383,177,176,264" oya="3" hai0="67,76,68,62,4,81,32,73,8,34,27,79,69" hai1="1,7,96,100,42,9,43,77,92,135,51,18,85" hai2="102,84,91,61,111,21,99,14,122,112,109,98,2" hai3="11,48,75,114,104,5,3,49,125,30,44,45,126"/><W57/><G75/><T47/><D76/><U105/><E135/><V101/><F2/><W26/><G104/><T52/><D27/><U65/><E65/><V54/><F122/><W22/><G114/><T83/><D83/><N who="1" m="47343" /><E1/><V74/><F112/><W63/><G45/><T41/><D68/><U129/><E105/><V133/><F74/><W24/><G24/><T116/><D116/><U15/><E129/><V29/><F133/><W87/><G87/><T118/><D52/><U117/><E117/><V90/><F111/><W17/><G30/><T86/><D86/><U108/><E108/><V106/><F109/><W6/><G6/><T72/><D72/><U53/><E7/><V28/><F61/><W128/><G128/><T107/><D107/><U13/><E13/><V31/><F54/><W23/><G23/><T25/><D25/><U110/><E110/><V60/><F60/><W78/><G78/><T119/><D118/><U37/><E37/><V58/><F58/><AGARI ba="1,0" hai="9,15,18,42,43,51,53,58,92,96,100" m="47343" machi="58" ten="30,2000,0" yaku="8,1,52,1" doraHai="95" who="1" fromWho="2" sc="383,0,177,23,176,-23,264,0" owari="383,49.0,200,-20.0,153,-35.0,264,6.0" /></mjloggm>