<mjloggm ver="2.3"><GO type="97" lobby="0"/><UN n0="%31%33%36%30" n1="%63%6F%61" n2="%46%61%72%69%64%61%74" n3="%E5%B0%B1%E6%B4%BB%E7%94%9F%40%E5%B7%9D%E6%9D%91%E8%BB%8D%E5%9B%A3" dan="15,15,13,15" rate="2037.61,2069.70,1847.94,2059.96" sx="M,M,M,M"/><TAIKYOKU oya="0"/><INIT seed="0,0,0,5,5,135" ten="250,250,250,250" oya="0" hai0="105,75,57,107,74,28,13,39,35,16,54,49,20" hai1="68,67,111,59,48,53,108,64,92,119,124,85,94" hai2="133,82,120,104,113,73,118,1,131,110,98,87,36" hai3="106,77,42,55,81,21,15,93,56,63,76,6,50"/><T45/><D35/><U38/><E119/><V41/><F98/><W34/><G106/><T125/><D28/><U14/><E38/><V97/><F97/><W126/><G34/><T84/><D84/><U31/><E124/><V17/><F87/><W25/><G126/><T46/><D125/><U100/><E31/><V8/><F82/><W58/><G93/><N who="1" m="35946" /><E100/><V5/><F17/><W115/><G115/><T70/><D70/><U52/><E68/><V130/><F8/><N who="3" m="4503" /><G81/><T114/><D114/><U91/><E14/><V37/><F5/><W27/><G42/><T11/><D11/><U132/><E132/><V60/><F41/><W117/><G117/><T79/><D39/><U103/><E103/><V3/><F60/><W24/><G21/><T26/><D13/><U78/><E78/><V88/><F88/><W12/><G12/><T123/><D123/><U121/><E121/><V7/><F7/><W33/><G33/><T23/><D23/><U116/><E116/><V99/><F99/><W127/><G127/><T90/><D90/><U29/><E29/><V9/><F9/><W69/><G69/><T10/><D10/><U101/><E101/><V86/><F133/><W32/><G32/><T51/><D57/><N who="1" m="32903" /><E91/><V102/><F102/><W43/><G43/><T65/><D65/><AGARI ba="0,0" hai="24,25,27,50,55,56,58,63,65,76,77" m="4503" machi="65" ten="30,1000,0" yaku="8,1" doraHai="135" who="3" fromWho="0" sc="250,-10,250,0,250,0,250,10" /><INIT seed="1,0,0,0,1,8" ten="240,250,250,260" oya="1" hai0="3,17,40,109,124,38,63,16,64,103,127,82,35" hai1="76,36,22,107,21,81,65,126,66,73,23,105,48" hai2="70,104,71,39,44,6,128,18,88,99,111,11,123" hai3="42,26,74,46,37,34,134,96,29,119,2,4,86"/><U122/><E36/><V13/><F123/><W72/><G86/><T28/><D3/><U84/><E122/><V10/><F128/><W115/><G115/><T121/><D121/><U58/><E126/><N who="0" m="48169" /><D103/><U43/><E73/><V32/><F32/><W60/><G119/><T131/><D131/><U108/><E108/><V19/><F111/><W67/><G134/><T120/><D109/><U130/><E130/><V54/><F104/><W102/><G4/><T56/><D120/><U45/><E107/><V53/><F39/><W61/><G61/><T30/><D82/><U15/><E105/><V1/><F44/><W25/><G25/><N who="0" m="18831" /><D30/><U114/><E114/><V133/><F133/><W98/><G98/><T132/><D132/><U135/><E135/><V55/><REACH who="2" step="1"/><F19/><REACH who="2" ten="240,250,240,260" step="2"/><N who="0" m="7242" /><D40/><U117/><E117/><V118/><F118/><W75/><G42/><T5/><D38/><U85/><E43/><V92/><AGARI ba="0,1" hai="1,6,10,11,13,18,53,54,55,70,71,88,92,99" machi="92" ten="30,7900,0" yaku="1,1,0,1,52,1,54,1,53,0" doraHai="8" doraHaiUra="129" who="2" fromWho="2" sc="240,-20,250,-39,240,89,260,-20" /><INIT seed="2,0,0,4,5,29" ten="220,211,329,240" oya="2" hai0="98,30,20,104,133,70,111,81,96,79,123,16,28" hai1="39,134,72,86,47,100,94,112,60,14,128,82,135" hai2="119,40,132,114,99,75,101,11,3,127,32,91,59" hai3="45,88,46,102,26,115,77,54,78,125,27,107,120"/><V74/><F119/><W93/><G120/><T90/><D70/><U1/><E112/><V80/><F114/><W37/><G115/><T69/><D69/><U25/><E1/><V129/><F132/><N who="1" m="50729" /><E128/><V116/><F116/><W62/><G125/><T15/><D123/><U43/><E60/><V48/><F127/><W41/><G107/><T109/><D133/><U108/><E108/><N who="0" m="41545" /><D90/><N who="1" m="53591" /><E100/><V23/><F23/><W103/><G103/><N who="0" m="62567" /><D98/><U58/><E58/><V61/><F40/><W31/><G102/><T5/><D5/><U66/><E66/><V56/><F48/><W83/><G83/><T4/><D4/><U126/><E126/><V63/><F80/><W130/><G130/><T2/><D2/><U106/><E106/><V55/><F129/><W110/><G110/><T12/><D15/><U50/><E14/><V35/><F91/><W13/><G13/><T10/><D10/><U57/><E25/><V38/><F11/><W124/><G124/><T42/><D42/><U49/><E57/><V64/><F3/><W0/><G0/><T68/><D68/><U73/><E82/><V22/><F22/><W8/><G8/><T18/><D18/><U84/><E84/><AGARI ba="0,0" hai="12,16,20,28,30,79,81,84" m="62567,41545" machi="84" ten="30,2000,0" yaku="14,1,54,1" doraHai="29" who="0" fromWho="1" sc="220,20,211,-20,329,0,240,0" /><INIT seed="3,0,0,4,5,111" ten="240,191,329,240" oya="3" hai0="96,52,128,132,116,51,65,29,80,25,107,39,115" hai1="74,56,55,37,45,22,103,117,88,13,18,23,125" hai2="6,58,104,93,122,46,33,118,24,5,62,68,102" hai3="26,91,4,89,105,38,75,90,40,78,1,27,94"/><W60/><G105/><T113/><D116/><U72/><E117/><V100/><F118/><W7/><G75/><T73/><D39/><U121/><E121/><V97/><F122/><W110/><G78/><N who="0" m="44111" /><D65/><U120/><E120/><V135/><F135/><W32/><G110/><T48/><D132/><U36/><E103/><V69/><F46/><W31/><G60/><T67/><D67/><U123/><E123/><V81/><F81/><W70/><G70/><T109/><D109/><U66/><E125/><V130/><F130/><W21/><G1/><T43/><D43/><U0/><E0/><V87/><F102/><W76/><G76/><T12/><D12/><U127/><E127/><V63/><F62/><W99/><G40/><T84/><D128/><U57/><E72/><V101/><F100/><W95/><G38/><T71/><D71/><U61/><E74/><V59/><F68/><W3/><G3/><T50/><D84/><U47/><E37/><V14/><F6/><W34/><G34/><N who="0" m="20783" /><D96/><U126/><E126/><V119/><F14/><W9/><G9/><T92/><D92/><U112/><E36/><V106/><F5/><W79/><G79/><T114/><D107/><U41/><E41/><V86/><F119/><W17/><REACH who="3" step="1"/><G90/><REACH who="3" ten="240,191,329,230" step="2"/><T30/><D30/><U134/><E61/><V133/><F133/><W42/><G42/><T64/><D64/><U85/><E66/><N who="2" m="41183" /><F106/><W20/><G20/><T16/><D16/><U53/><E18/><V19/><F19/><W8/><G8/><T129/><D129/><U82/><E23/><V2/><F2/><W35/><G35/><RYUUKYOKU ba="0,1" sc="240,15,191,-15,329,-15,230,15" hai0="48,50,51,52,113,114,115" hai3="4,7,17,21,26,27,31,32,89,91,94,95,99" /><INIT seed="3,1,1,1,4,124" ten="255,176,314,245" oya="3" hai0="26,43,88,115,100,13,85,23,93,78,40,28,22" hai1="67,89,133,44,34,10,77,62,117,74,84,99,120" hai2="25,126,96,49,76,59,64,14,82,36,2,134,94" hai3="73,98,95,47,86,6,8,114,132,97,45,51,68"/><W27/><G73/><T103/><D115/><U30/><E120/><V65/><F36/><W123/><G123/><T53/><D78/><U79/><E133/><V113/><F2/><W54/><G68/><T24/><D13/><U18/><E117/><V50/><F113/><W31/><G114/><T75/><D75/><U119/><E119/><V4/><F126/><W80/><G132/><T61/><D61/><U21/><E74/><V42/><F134/><W12/><G47/><T118/><D53/><U58/><E99/><V90/><F25/><W16/><G6/><T127/><D127/><U128/><E128/><V48/><F42/><N who="0" m="15914" /><D118/><U125/><E125/><V1/><F1/><W9/><G9/><T66/><D66/><U20/><E34/><V39/><F39/><W29/><G95/><T35/><D35/><U91/><E44/><V112/><F59/><W37/><G37/><T122/><D122/><U57/><E57/><V55/><F55/><W102/><G102/><T106/><D106/><U0/><E0/><V116/><F116/><W130/><G130/><T19/><AGARI ba="1,1" hai="19,22,23,24,26,28,85,88,93,100,103" m="15914" machi="19" ten="30,2000,0" yaku="8,1,54,1" doraHai="124" who="0" fromWho="0" sc="255,33,176,-6,314,-6,245,-11" owari="288,9.0,170,-33.0,308,41.0,234,-17.0" /></mjloggm>