<mjloggm ver="2.3"><GO type="41" lobby="0"/><UN n0="%EF%BC%98%E7%95%AA%E3%83%A9%E3%82%A4%E3%83%88%E5%A4%A7%E8%B0%B7" n1="%70%6F%74%61%6F%72%65" n2="%E5%B0%B1%E6%B4%BB%E7%94%9F%40%E5%B7%9D%E6%9D%91%E8%BB%8D%E5%9B%A3" n3="%E3%80%8E%E5%93%AD%E3%81%8D%E3%81%AE%E6%99%8B%E3%80%8F" dan="13,14,14,15" rate="1859.83,1883.91,1972.25,1949.38" sx="M,M,M,M"/><TAIKYOKU oya="0"/><INIT seed="0,0,0,2,0,32" ten="250,250,250,250" oya="0" hai0="34,30,6,17,55,18,126,86,114,54,1,43,120" hai1="25,71,102,90,33,42,50,132,118,65,108,130,70" hai2="37,10,85,40,23,117,63,46,127,73,5,123,24" hai3="11,125,4,82,62,81,77,74,99,131,105,115,103"/><T59/><D120/><U92/><E108/><V113/><F123/><W14/><G115/><T69/><D114/><U80/><E118/><V7/><F113/><W84/><G125/><T57/><D126/><U61/><E132/><V15/><F127/><W122/><G122/><T35/><D86/><U48/><E70/><V64/><F117/><W72/><G131/><T83/><D83/><U129/><E42/><V93/><F73/><W47/><G62/><T88/><D6/><U56/><E102/><V109/><F109/><W111/><G111/><T133/><D43/><U31/><E80/><V89/><F7/><W9/><G82/><T124/><D124/><U16/><E71/><V91/><F91/><W100/><G100/><T112/><D112/><U67/><E67/><V66/><REACH who="2" step="1"/><F63/><REACH who="2" ten="250,250,240,250" step="2"/><W38/><G38/><T110/><D110/><U97/><E90/><V8/><F8/><W41/><G11/><T53/><D88/><U28/><E129/><V79/><F79/><W49/><AGARI ba="0,1" hai="4,9,14,41,47,49,72,74,77,81,84,99,103,105" machi="49" ten="20,5200,0" yaku="0,1,7,1,25,2" doraHai="32" who="3" fromWho="3" sc="250,-26,250,-13,240,-13,250,62" /><INIT seed="1,0,0,3,5,83" ten="224,237,227,312" oya="1" hai0="24,66,120,78,10,80,95,116,135,121,63,100,48" hai1="44,87,28,93,88,59,134,89,46,40,126,84,43" hai2="129,4,94,72,90,133,0,60,1,16,127,106,2" hai3="132,101,45,54,114,73,39,86,57,47,15,111,123"/><U69/><E69/><V5/><F106/><W131/><G73/><T50/><D135/><U13/><E126/><V82/><F127/><W103/><G132/><T119/><D10/><U91/><E134/><V76/><F133/><W19/><G123/><T7/><D7/><U27/><E59/><V36/><F36/><W23/><G114/><T70/><D24/><U130/><E130/><V51/><F129/><W18/><G131/><T38/><D38/><U62/><E62/><V34/><F34/><W58/><G111/><T79/><D100/><U105/><E105/><V17/><F60/><W102/><G39/><T96/><D96/><U6/><E89/><V110/><F110/><W77/><G19/><T55/><D95/><N who="1" m="54783" /><E28/><V124/><F124/><W52/><G58/><N who="0" m="33127" /><D50/><U9/><E27/><V33/><F33/><W61/><G54/><T128/><D128/><U11/><E11/><V12/><F51/><W112/><G112/><T3/><D3/><U49/><E49/><V37/><F37/><W81/><AGARI ba="0,0" hai="15,18,23,45,47,52,57,61,77,81,86,101,102,103" machi="81" ten="30,7900,0" yaku="0,1,8,1,52,1,54,1" doraHai="83" who="3" fromWho="3" sc="224,-20,237,-39,227,-20,312,79" /><INIT seed="2,0,0,1,4,105" ten="204,198,207,391" oya="2" hai0="56,25,34,87,30,95,39,120,118,130,125,4,3" hai1="27,135,17,42,46,8,122,24,97,29,96,9,22" hai2="77,74,18,116,38,21,26,85,121,52,83,90,48" hai3="123,1,53,45,117,40,70,10,50,71,80,62,13"/><V124/><F116/><W75/><G123/><T69/><D120/><U12/><E135/><V2/><F121/><W63/><G117/><T134/><D134/><U6/><E122/><V7/><F124/><W36/><G71/><T106/><D125/><U5/><E9/><V61/><F38/><W100/><G100/><T78/><D130/><U51/><REACH who="1" step="1"/><E5/><REACH who="1" ten="204,188,207,391" step="2"/><V103/><F7/><W32/><G70/><T66/><D118/><U60/><E60/><V55/><F2/><W43/><G62/><T101/><D4/><U73/><E73/><V88/><F103/><W58/><G63/><T0/><D3/><U15/><E15/><V76/><F61/><W57/><G1/><T35/><D0/><U94/><E94/><V108/><F108/><W109/><G75/><T28/><D95/><U23/><AGARI ba="0,1" hai="6,8,12,17,22,23,24,27,29,42,46,51,96,97" machi="23" ten="20,5200,0" yaku="1,1,0,1,7,1,8,1,53,0" doraHai="105" doraHaiUra="119" who="1" fromWho="1" sc="204,-13,188,62,207,-26,391,-13" /><INIT seed="3,0,0,5,5,45" ten="191,250,181,378" oya="3" hai0="88,112,85,51,71,64,14,111,132,76,57,129,25" hai1="127,82,4,8,115,116,58,103,26,109,49,73,30" hai2="80,70,107,40,33,119,9,131,83,90,130,13,50" hai3="93,125,123,118,27,68,32,110,99,124,128,53,21"/><W86/><G123/><T10/><D111/><U36/><E115/><V81/><F70/><W95/><G118/><T75/><D112/><U97/><E36/><V98/><F33/><W105/><G110/><T54/><D132/><U37/><E37/><V121/><F119/><W5/><G105/><T28/><D129/><N who="2" m="49162" /><F121/><W126/><G128/><T23/><D64/><U87/><E73/><V113/><F113/><W11/><G68/><T12/><D71/><U1/><E127/><V3/><F3/><W17/><G32/><T77/><D75/><U63/><E116/><V42/><F50/><W65/><G65/><T102/><D102/><U134/><E134/><V15/><F15/><W108/><G108/><T92/><D14/><U6/><E109/><V79/><F79/><W52/><G86/><T56/><D56/><U89/><E4/><AGARI ba="0,0" hai="4,10,12,23,25,28,51,54,57,76,77,85,88,92" machi="4" ten="30,7700,0" yaku="7,1,8,1,52,1,54,1" doraHai="45" who="0" fromWho="1" sc="191,77,250,-77,181,0,378,0" /><INIT seed="4,0,0,4,2,64" ten="268,173,181,378" oya="0" hai0="54,70,37,4,9,16,27,112,29,129,123,68,121" hai1="35,104,36,120,108,60,107,1,51,75,78,96,49" hai2="110,119,14,63,111,5,67,85,130,20,2,133,45" hai3="41,101,72,56,82,100,33,94,30,97,40,58,88"/><T90/><D37/><U18/><E36/><V11/><F119/><W74/><G74/><T26/><D129/><U53/><E108/><V12/><F133/><W83/><G72/><T80/><D112/><U17/><E120/><V95/><F130/><W89/><G33/><T99/><D54/><U44/><E1/><V24/><F111/><W32/><G32/><T91/><D99/><U71/><E75/><V31/><F110/><W115/><G97/><T79/><D80/><U113/><E78/><V10/><F45/><W93/><REACH who="3" step="1"/><G30/><REACH who="3" ten="268,173,181,368" step="2"/><T25/><D29/><U117/><E35/><V15/><F85/><W23/><G23/><T0/><D123/><U8/><E96/><V21/><F21/><W13/><G13/><T52/><D121/><U122/><E122/><V135/><F135/><W76/><G76/><T65/><D79/><U87/><E117/><V118/><F118/><W132/><G132/><T84/><D84/><U39/><E87/><V81/><F81/><W114/><AGARI ba="0,1" hai="40,41,56,58,82,83,88,89,93,94,100,101,114,115" machi="114" ten="25,8000,1" yaku="1,1,0,1,22,2,54,1,53,0" doraHai="64" doraHaiUra="124" who="3" fromWho="3" sc="268,-40,173,-20,181,-20,368,90" /><INIT seed="5,0,0,1,5,112" ten="228,153,161,458" oya="1" hai0="32,96,19,57,99,47,110,4,40,22,21,77,102" hai1="118,24,74,105,60,30,54,50,72,111,76,33,83" hai2="63,94,27,79,125,36,53,52,88,104,46,1,121" hai3="44,120,28,8,86,61,37,89,87,133,23,85,2"/><U3/><E105/><V51/><F104/><W13/><G120/><T17/><D32/><U73/><E3/><V35/><F1/><W117/><G2/><T25/><D77/><U116/><E111/><V34/><F121/><W41/><G133/><T16/><D4/><U42/><E42/><V93/><F36/><W65/><G117/><T18/><D57/><U129/><E129/><V48/><F125/><W78/><G78/><T130/><D130/><U135/><E135/><V64/><F79/><W71/><G23/><T109/><D96/><U124/><E124/><V131/><F93/><W101/><G101/><T91/><D91/><U15/><E60/><V26/><F131/><W82/><G28/><T67/><D67/><U38/><E38/><V66/><F35/><W58/><G71/><T45/><D45/><U9/><E73/><V62/><F34/><W134/><G134/><T12/><D109/><U90/><E90/><V95/><F88/><W0/><G0/><T80/><D80/><U115/><E115/><V29/><REACH who="2" step="1"/><F46/><REACH who="2" ten="228,153,151,458" step="2"/><W114/><G114/><T11/><D110/><U59/><E72/><V98/><F98/><W113/><G113/><T123/><D123/><U122/><E122/><V108/><F108/><W10/><G10/><T119/><D11/><U56/><REACH who="1" step="1"/><E59/><REACH who="1" ten="228,143,151,458" step="2"/><V132/><F132/><W7/><AGARI ba="0,2" hai="7,8,13,37,41,44,58,61,65,82,85,86,87,89" machi="7" ten="20,1500,0" yaku="0,1,7,1" doraHai="112" who="3" fromWho="3" sc="228,-4,143,-7,151,-4,458,35" /><INIT seed="6,0,0,0,0,30" ten="224,136,147,493" oya="2" hai0="114,53,57,129,107,132,94,108,13,60,126,22,131" hai1="73,49,116,86,14,63,112,96,113,7,55,111,47" hai2="106,117,36,25,71,130,85,90,101,102,123,44,58" hai3="78,104,2,56,42,50,93,21,75,122,31,133,28"/><V18/><F71/><W4/><G104/><T37/><D107/><U46/><E111/><V118/><F123/><W83/><G122/><T23/><D94/><U92/><E73/><V105/><F58/><W66/><G133/><T17/><D108/><U64/><E116/><V109/><F109/><W119/><G119/><T135/><D114/><U11/><E47/><V128/><F44/><W124/><G124/><T43/><D43/><U34/><E34/><V84/><F36/><W88/><G2/><T59/><D37/><U45/><E45/><V48/><F25/><W103/><G103/><T8/><D59/><U15/><E86/><V32/><F18/><W72/><G72/><T81/><D81/><U41/><E14/><V115/><F48/><W127/><G4/><T65/><D65/><U99/><E41/><V91/><REACH who="2" step="1"/><F32/><REACH who="2" ten="224,136,137,493" step="2"/><W10/><G50/><T100/><D126/><U52/><E55/><V38/><F38/><W3/><G56/><T19/><D57/><U27/><E27/><V87/><F87/><W62/><G127/><T5/><D17/><U35/><E35/><V68/><F68/><W134/><G134/><T24/><D19/><U110/><E110/><V20/><F20/><W74/><G21/><T40/><D22/><U97/><REACH who="1" step="1"/><E92/><REACH who="1" ten="224,126,137,493" step="2"/><V76/><F76/><W33/><G93/><T80/><D24/><U98/><N who="1" m="24576" /><DORA hai="125" /><U54/><E54/><V79/><F79/><W0/><G78/><T95/><D135/><U77/><E77/><V69/><F69/><AGARI ba="0,2" hai="7,11,15,46,49,52,63,64,69,112,113" m="24576" machi="69" ten="50,3200,0" yaku="1,1,54,1,53,0" doraHai="30,125" doraHaiUra="70,89" who="1" fromWho="2" sc="224,0,126,52,137,-32,493,0" /><INIT seed="7,0,0,5,0,94" ten="224,178,105,493" oya="3" hai0="91,87,80,79,18,17,113,23,20,81,73,77,31" hai1="34,21,119,110,42,106,62,56,40,25,95,60,76" hai2="7,71,68,12,133,69,16,55,39,57,10,61,22" hai3="126,0,135,109,123,131,14,78,90,54,103,59,100"/><W67/><G0/><T114/><D91/><U84/><E106/><V26/><REACH who="2" step="1"/><F39/><REACH who="2" ten="224,178,95,493" step="2"/><W50/><G109/><T43/><D31/><U53/><E110/><V96/><F96/><W104/><G104/><T24/><D43/><U134/><E40/><V129/><F129/><W3/><G131/><T1/><D1/><U122/><E42/><V88/><F88/><W29/><G3/><T8/><D8/><U46/><E119/><V97/><F97/><W108/><G90/><T101/><D101/><U128/><E128/><V72/><F72/><W65/><G100/><T64/><D73/><U92/><E76/><V47/><F47/><W118/><G103/><T102/><D79/><U115/><E46/><V127/><F127/><W4/><G78/><T41/><D102/><U33/><E115/><V83/><F83/><W70/><G126/><T28/><D41/><U125/><E125/><V37/><F37/><W35/><G108/><T2/><D2/><U107/><E107/><V116/><F116/><W130/><G118/><T111/><D111/><U32/><E92/><V117/><F117/><W63/><G130/><T9/><D9/><U5/><E95/><V74/><F74/><W38/><G38/><T98/><D77/><U30/><E84/><V36/><F36/><W93/><G93/><T86/><D114/><U52/><E134/><AGARI ba="0,1" hai="7,10,12,16,22,26,55,57,61,68,69,71,133,134" machi="134" ten="50,6400,0" yaku="21,2,54,1,53,0" doraHai="94" doraHaiUra="44" who="2" fromWho="1" sc="224,0,178,-64,95,74,493,0" owari="224,2.0,114,-39.0,169,-23.0,493,60.0" /></mjloggm>