<mjloggm ver="2.3"><GO type="169" lobby="0"/><UN n0="%E3%81%93%E3%81%82%E3%81%8B%E3%82%8A" n1="%E3%81%8A%E3%81%98%E3%81%95%E3%82%93" n2="%73%68%69%6E%6F%21%21" n3="%E3%83%88%E3%83%88%E3%83%AA%E5%85%88%E7%94%9F%31%39%E6%AD%B3" dan="16,18,17,18" rate="2081.13,2186.63,2155.25,2220.43" sx="M,M,M,F"/><TAIKYOKU oya="0"/><INIT seed="0,0,0,4,2,47" ten="250,250,250,250" oya="0" hai0="72,42,56,92,85,25,83,59,2,122,11,105,28" hai1="120,44,73,107,128,62,106,104,118,29,121,27,54" hai2="6,131,130,69,84,114,91,32,60,115,1,97,21" hai3="132,36,10,90,16,127,41,64,123,108,53,113,46"/><T70/><D122/><U102/><E118/><V124/><F32/><W82/><G113/><T8/><D105/><U75/><E102/><V31/><F97/><W81/><G123/><T76/><D70/><U50/><E128/><N who="2" m="49195" /><F124/><W111/><G127/><T126/><D42/><U39/><E121/><V71/><F6/><W22/><G132/><T89/><D126/><U61/><E120/><V51/><F1/><W86/><G64/><T98/><D72/><U20/><REACH who="1" step="1"/><E39/><REACH who="1" ten="250,240,250,250" step="2"/><V45/><F115/><W13/><G111/><T103/><D103/><U74/><AGARI ba="0,1" hai="20,27,29,44,50,54,61,62,73,74,75,104,106,107" machi="74" ten="40,8000,1" yaku="1,1,2,1,0,1,52,1,53,0" doraHai="47" doraHaiUra="133" who="1" fromWho="1" sc="250,-40,240,90,250,-20,250,-20" /><INIT seed="1,0,0,3,5,26" ten="210,330,230,230" oya="1" hai0="1,97,87,126,108,3,125,28,40,48,6,35,78" hai1="41,31,91,46,73,127,100,47,90,77,68,5,45" hai2="128,105,59,2,80,84,15,85,123,14,16,119,103" hai3="99,30,134,79,110,120,83,117,8,7,118,55,52"/><U132/><E68/><V106/><F2/><W74/><G120/><T54/><D108/><U36/><E127/><N who="0" m="48649" /><D40/><U135/><E100/><V86/><F119/><N who="3" m="45579" /><G110/><T69/><D69/><U0/><E47/><V93/><F123/><W53/><G134/><N who="1" m="51242" /><E46/><V33/><F33/><W24/><G99/><T95/><D6/><U92/><E31/><V67/><F80/><W9/><G7/><T111/><D111/><U39/><E39/><V21/><F15/><W115/><G115/><T56/><D87/><U66/><E66/><V61/><REACH who="2" step="1"/><F128/><REACH who="2" ten="210,330,220,230" step="2"/><W113/><G113/><T109/><D109/><U122/><E0/><V20/><F20/><AGARI ba="0,1" hai="8,9,20,24,30,52,53,55,74,79,83" m="45579" machi="20" ten="30,3900,0" yaku="12,1,52,1,54,1" doraHai="26" who="3" fromWho="2" sc="210,0,330,0,220,-39,230,49" /><INIT seed="2,0,0,0,1,101" ten="210,330,181,279" oya="2" hai0="35,41,46,91,59,128,104,114,105,36,69,9,134" hai1="4,112,29,39,22,11,21,73,71,75,127,66,99" hai2="82,110,30,93,51,129,38,106,120,34,58,113,124" hai3="85,72,94,60,56,98,119,37,64,7,92,76,15"/><V48/><F38/><W121/><G119/><T74/><D74/><U109/><E39/><V52/><F113/><W43/><G121/><T27/><D114/><U80/><E112/><V13/><F120/><W63/><G72/><T1/><D69/><U77/><E75/><V88/><F106/><W89/><G37/><T130/><D134/><U28/><E127/><V61/><F124/><W118/><G118/><T24/><D91/><U6/><E109/><V84/><F110/><W86/><G76/><T12/><D1/><U54/><E54/><V33/><F129/><N who="0" m="49770" /><D59/><U97/><E66/><V115/><F115/><W107/><G43/><T20/><D35/><U117/><E71/><V0/><F0/><W125/><G125/><T10/><D10/><U122/><E122/><V67/><F13/><W108/><G108/><T83/><D83/><U133/><E117/><V103/><F30/><W123/><G123/><T3/><D3/><U70/><E70/><V42/><F42/><W57/><G92/><T111/><D111/><U132/><E80/><V116/><F116/><W19/><G107/><N who="0" m="41035" /><D20/><U2/><E2/><V102/><F48/><W47/><G57/><T95/><D95/><U18/><E73/><V78/><F33/><W25/><G56/><T5/><AGARI ba="0,0" hai="5,9,12,24,27,36,41,46" m="41035,49770" machi="5" ten="30,7900,0" yaku="19,1,52,3" doraHai="101" who="0" fromWho="0" sc="210,79,330,-20,181,-39,279,-20" /><INIT seed="3,0,0,5,1,54" ten="289,310,142,259" oya="3" hai0="15,103,131,66,70,106,86,10,58,8,36,117,107" hai1="30,55,12,101,41,95,14,24,116,110,3,100,48" hai2="135,133,28,7,26,69,120,4,97,74,50,102,119" hai3="91,122,127,96,0,21,43,68,78,82,51,126,37"/><W98/><G122/><T104/><D117/><U49/><E3/><V77/><F69/><W53/><G68/><T109/><D70/><U134/><E110/><V5/><F119/><W2/><G37/><T18/><D36/><U94/><E134/><N who="2" m="51211" /><F120/><W80/><G43/><T88/><D109/><U40/><E116/><V73/><F77/><W64/><G64/><T93/><D131/><U89/><E30/><V128/><F50/><W65/><G65/><T27/><D27/><U81/><E81/><N who="3" m="31338" /><G21/><T63/><REACH who="0" step="1"/><D8/><REACH who="0" ten="279,310,142,259" step="2"/><U46/><E24/><V132/><F128/><W72/><G126/><T6/><D6/><U19/><E40/><V52/><F132/><W114/><G127/><T85/><D85/><U23/><E41/><V22/><F73/><W124/><G72/><T45/><D45/><U60/><E46/><V84/><F84/><W56/><G124/><T32/><D32/><U75/><E75/><V125/><F74/><W79/><G114/><T111/><D111/><U38/><E38/><V115/><F125/><W25/><G25/><T47/><D47/><U105/><E101/><AGARI ba="0,1" hai="10,15,18,58,63,66,86,88,93,101,103,104,106,107" machi="101" ten="40,5200,0" yaku="1,1,52,1,54,1,53,0" doraHai="54" doraHaiUra="39" who="0" fromWho="1" sc="279,62,310,-52,142,0,259,0" /><INIT seed="4,0,0,1,5,133" ten="341,258,142,259" oya="0" hai0="110,113,66,55,123,87,93,15,29,100,106,48,82" hai1="129,22,112,75,13,85,96,101,119,121,14,65,128" hai2="130,78,84,25,51,102,97,43,68,23,59,39,80" hai3="131,9,81,114,16,132,33,89,118,58,18,34,135"/><T88/><D123/><U77/><E121/><V11/><F68/><W57/><G118/><T21/><D113/><U3/><E119/><V79/><F130/><N who="1" m="50281" /><E3/><V50/><F11/><W64/><G131/><T0/><D0/><U36/><E36/><V104/><F78/><W28/><G114/><T5/><D110/><U86/><E65/><V32/><F32/><N who="3" m="12395" /><G28/><T111/><D111/><U90/><E112/><V127/><F59/><N who="3" m="22539" /><G64/><T99/><D66/><U69/><E69/><V12/><F12/><N who="1" m="4713" /><E22/><V116/><F116/><W61/><G9/><N who="0" m="4527" /><D106/><N who="1" m="63783" /><E90/><V44/><REACH who="2" step="1"/><F127/><REACH who="2" ten="341,258,132,259" step="2"/><W1/><G135/><T134/><D134/><U6/><E6/><V73/><F73/><W91/><G132/><T115/><D115/><U38/><E38/><V105/><F105/><W52/><G1/><T109/><D109/><U74/><E77/><V125/><F125/><W41/><G61/><T26/><D48/><U35/><E35/><V54/><F54/><AGARI ba="0,1" hai="21,26,29,54,55,82,87,88,93,99,100" m="4527" machi="54" ten="30,2900,0" yaku="8,1,54,1" doraHai="133" who="0" fromWho="2" sc="341,39,258,0,132,-29,259,0" /><INIT seed="4,1,0,3,0,118" ten="380,258,103,259" oya="0" hai0="120,116,83,87,13,90,91,30,104,2,34,95,38" hai1="27,22,26,25,135,46,130,8,29,105,112,106,64" hai2="48,60,93,103,17,43,50,76,54,129,84,0,61" hai3="41,16,57,53,21,102,79,36,98,19,3,86,70"/><T39/><D2/><U85/><E112/><V110/><F0/><W99/><G3/><T10/><D104/><U7/><E130/><V24/><F129/><W89/><G70/><T12/><D120/><U78/><E135/><V114/><F110/><W73/><G73/><T96/><D116/><U1/><E64/><V47/><F114/><W122/><G79/><T72/><D13/><U56/><E56/><V97/><F76/><W134/><G134/><T6/><REACH who="0" step="1"/><D72/><REACH who="0" ten="370,258,103,259" step="2"/><U77/><E106/><V33/><F84/><W88/><G122/><T92/><D92/><U82/><E105/><V107/><F107/><W51/><G86/><T42/><D42/><U123/><E123/><V15/><F24/><AGARI ba="1,1" hai="6,10,12,24,30,34,38,39,83,87,90,91,95,96" machi="24" ten="40,2000,0" yaku="1,1,53,0" doraHai="118" doraHaiUra="62" who="0" fromWho="2" sc="370,33,258,0,103,-23,259,0" /><INIT seed="4,2,0,3,4,57" ten="403,258,80,259" oya="0" hai0="81,90,104,40,55,30,22,17,84,74,29,0,13" hai1="102,48,73,125,42,52,39,99,98,1,71,121,122" hai2="21,106,16,123,95,19,15,62,37,33,86,64,56" hai3="116,76,20,61,85,128,100,118,24,5,92,49,89"/><T126/><D104/><U75/><E1/><V23/><F37/><W11/><G128/><T32/><D0/><U28/><E71/><V120/><F106/><W127/><G127/><T83/><D126/><U10/><E28/><V53/><F33/><W41/><G100/><T133/><D133/><U54/><E10/><V25/><F86/><W119/><G76/><T67/><D40/><U47/><E125/><V51/><REACH who="2" step="1"/><F95/><REACH who="2" ten="403,258,70,259" step="2"/><W82/><G92/><T4/><D32/><U35/><E39/><V45/><AGARI ba="2,1" hai="15,16,19,21,23,25,45,51,53,56,62,64,120,123" machi="45" ten="20,12000,2" yaku="1,1,2,1,0,1,7,1,52,1,54,1,53,1" doraHai="57" doraHaiUra="60" who="2" fromWho="2" sc="403,-62,258,-32,70,136,259,-32" /><INIT seed="5,0,0,3,0,54" ten="341,226,206,227" oya="1" hai0="71,59,29,8,111,49,47,95,97,56,45,42,101" hai1="13,127,131,88,33,46,10,65,39,20,118,106,18" hai2="98,102,92,73,130,67,27,37,107,125,4,26,40" hai3="100,70,7,34,103,41,52,115,121,2,6,119,76"/><U81/><E118/><V21/><F73/><W17/><G121/><T79/><D111/><U109/><E106/><V93/><F125/><W16/><G70/><T133/><D71/><U77/><E33/><V94/><F130/><W124/><G34/><T30/><D133/><U48/><E131/><V105/><F105/><W5/><G2/><T69/><D69/><U96/><E127/><V15/><F40/><W62/><G124/><T61/><D79/><U87/><E109/><V19/><F37/><W64/><G119/><T23/><D8/><U55/><E65/><V123/><F123/><W11/><G64/><N who="0" m="38951" /><D47/><U35/><E35/><V36/><F36/><W80/><G41/><T99/><D99/><U25/><E39/><V117/><F117/><W112/><G11/><T68/><D68/><U113/><E113/><N who="3" m="43594" /><G103/><T120/><D120/><U122/><E122/><V32/><F4/><W31/><G31/><N who="0" m="11787" /><D23/><U75/><E75/><V78/><F32/><W114/><G100/><T129/><D129/><U14/><REACH who="1" step="1"/><E10/><REACH who="1" ten="341,216,206,227" step="2"/><V90/><F67/><W84/><G114/><T66/><D66/><U1/><E1/><V116/><F116/><W85/><G85/><T3/><D3/><U53/><E53/><V110/><F110/><W50/><G62/><T57/><AGARI ba="0,1" hai="42,45,49,57,59,95,97,101" m="11787,38951" machi="57" ten="30,7900,0" yaku="8,1,52,3" doraHai="54" who="0" fromWho="0" sc="341,89,216,-39,206,-20,227,-20" /><INIT seed="6,0,0,5,0,77" ten="430,177,186,207" oya="2" hai0="116,73,30,75,111,108,41,95,46,48,115,92,20" hai1="81,83,38,60,18,86,57,105,43,119,55,19,70" hai2="65,35,117,87,47,72,52,7,24,113,100,9,89" hai3="102,97,45,10,3,13,25,101,36,49,27,98,93"/><V6/><F117/><W54/><G36/><T110/><D116/><U34/><E105/><V96/><F72/><W28/><G3/><T17/><D115/><U23/><E34/><V56/><F113/><W21/><G27/><T16/><D30/><U4/><E119/><V99/><F35/><W29/><G29/><T66/><D66/><U78/><E70/><V103/><F24/><W79/><G79/><T63/><D63/><U135/><E135/><V69/><F47/><W91/><REACH who="3" step="1"/><G98/><REACH who="3" ten="430,177,186,197" step="2"/><T31/><D31/><U128/><E38/><V26/><F26/><W94/><G94/><T84/><D92/><U134/><E134/><V58/><F99/><W109/><G109/><T125/><D95/><U1/><E1/><V22/><F96/><W123/><G123/><T118/><D118/><U53/><E78/><V40/><F103/><W90/><G90/><T131/><D111/><U74/><E128/><V33/><F100/><W61/><G61/><T12/><D110/><U88/><E60/><V44/><F89/><W112/><G112/><T124/><D131/><U129/><E129/><V0/><F0/><W11/><G11/><T15/><D108/><U104/><E88/><V106/><F9/><W32/><G32/><T14/><D12/><U51/><E104/><V130/><F106/><W39/><G39/><T114/><D15/><U121/><E121/><V42/><F130/><W67/><G67/><T8/><D14/><U122/><E122/><V127/><F33/><W50/><G50/><T2/><D48/><U126/><E51/><N who="2" m="28775" /><F65/><W132/><G132/><T71/><D114/><RYUUKYOKU ba="0,1" sc="430,-10,177,-10,186,-10,197,30" hai3="10,13,21,25,28,45,49,54,91,93,97,101,102" /><INIT seed="7,1,1,2,0,34" ten="420,167,176,227" oya="3" hai0="106,3,46,96,83,1,102,69,116,8,0,122,6" hai1="5,49,104,78,119,87,92,67,47,62,109,63,16" hai2="117,101,13,74,115,11,128,37,121,57,22,17,2" hai3="39,107,12,93,132,7,77,129,88,55,76,27,112"/><W58/><G107/><T9/><D122/><U26/><E104/><V48/><F74/><W130/><G39/><T53/><D116/><U131/><E119/><V14/><F37/><W126/><G112/><T52/><D69/><U41/><E109/><V20/><F117/><W30/><G126/><T59/><D9/><U133/><E131/><V38/><F38/><W98/><G132/><T44/><D83/><N who="1" m="47607" /><E133/><V35/><F35/><W61/><G12/><T123/><D123/><U60/><E5/><N who="2" m="3311" /><F121/><W4/><G4/><T111/><D111/><U134/><E134/><V42/><F2/><W43/><G43/><T82/><D82/><U10/><E92/><V124/><F128/><N who="3" m="49259" /><G7/><T100/><D100/><U71/><E71/><V90/><F124/><W85/><G85/><T110/><D110/><U40/><E67/><V68/><F68/><W108/><G108/><T86/><D86/><U84/><E84/><V97/><F115/><W94/><G94/><T64/><D64/><U91/><E91/><V25/><F101/><W54/><G77/><T28/><D6/><U118/><E118/><V66/><F66/><W19/><G76/><T95/><D106/><U31/><E40/><V125/><F125/><W32/><G32/><T72/><D1/><U15/><E26/><V45/><F57/><W50/><G58/><T70/><D59/><U114/><E114/><V89/><F97/><W73/><G98/><T113/><D96/><U18/><E18/><AGARI ba="1,1" hai="14,17,18,20,22,25,42,45,48,89,90" m="3311" machi="18" ten="30,1000,0" yaku="8,1" doraHai="34" who="2" fromWho="1" sc="420,0,167,-13,176,23,227,0" owari="420,52.0,154,-35.0,199,-20.0,227,3.0" /></mjloggm>