<mjloggm ver="2.3"><GO type="225" lobby="0"/><UN n0="%E3%83%88%E3%83%88%E3%83%AA%E5%85%88%E7%94%9F%31%39%E6%AD%B3" n1="%47%E3%83%A8%E9%BE%8D%E9%96%80" n2="%E6%9D%89%E6%B5%A6%E7%B6%BE%E4%B9%83%76" n3="%65%78%E6%B3%B0%E7%84%B6%E5%9E%8B" dan="17,17,16,16" rate="2130.00,2069.04,2129.79,2029.74" sx="F,M,M,F"/><TAIKYOKU oya="0"/><INIT seed="0,0,0,0,2,129" ten="250,250,250,250" oya="0" hai0="91,126,73,96,113,27,56,0,117,41,13,93,122" hai1="71,19,28,106,95,111,120,36,16,17,21,132,6" hai2="83,100,35,53,75,87,74,105,9,130,33,25,125" hai3="110,40,69,54,97,47,45,51,121,22,50,15,63"/><T5/><D113/><U44/><E106/><V1/><F130/><W128/><G128/><T11/><D117/><U81/><E120/><V14/><F1/><W10/><G121/><T99/><D122/><U116/><E71/><V90/><F100/><W115/><G110/><T49/><D73/><U59/><E116/><V80/><F105/><W55/><G115/><T39/><D126/><U65/><E111/><V30/><F35/><W24/><G97/><N who="0" m="57535" /><D39/><U26/><E132/><V135/><F135/><W68/><G63/><T70/><D0/><U18/><E81/><V48/><F83/><W8/><G40/><T112/><D70/><U86/><E6/><V29/><F29/><W46/><G46/><N who="0" m="25807" /><D112/><U84/><N who="1" m="4096" /><DORA hai="3" /><U108/><E95/><V94/><F94/><W114/><G114/><T62/><D27/><U134/><E134/><V124/><F125/><W107/><G107/><T23/><D23/><U127/><E127/><V133/><F133/><W102/><G102/><T7/><D7/><U119/><E119/><V61/><F124/><W66/><G66/><AGARI ba="0,0" hai="5,11,13,56,62,66,96,99" m="25807,57535" machi="66" ten="30,2900,0" yaku="8,1,52,1" doraHai="129,3" who="0" fromWho="3" sc="250,29,250,0,250,0,250,-29" /><INIT seed="0,1,0,4,2,12" ten="279,250,250,221" oya="0" hai0="51,82,18,50,28,45,4,47,35,57,52,106,66" hai1="32,48,131,67,16,119,58,31,116,22,11,103,81" hai2="17,70,73,93,111,46,43,125,135,6,117,10,133" hai3="91,76,129,112,5,54,64,60,127,40,20,87,2"/><T126/><D106/><U86/><E131/><V96/><F70/><W53/><G112/><T97/><D126/><U39/><E39/><V100/><F73/><W80/><G127/><T36/><D36/><U71/><E103/><V9/><F125/><W30/><G129/><T1/><D1/><U113/><E113/><V114/><F114/><W55/><G40/><N who="0" m="24871" /><D35/><U41/><E11/><V59/><F111/><W3/><G5/><T62/><D4/><U69/><E69/><V85/><F117/><W77/><G3/><T25/><D28/><U44/><E71/><V14/><F59/><N who="3" m="36895" /><G2/><T29/><D29/><U21/><E32/><V102/><F85/><W110/><G110/><T75/><D75/><U107/><E107/><V122/><F102/><W115/><G115/><T8/><D97/><U7/><E31/><V109/><F109/><W37/><G37/><T61/><D61/><U108/><E108/><V134/><F122/><W123/><G123/><T92/><D92/><U89/><E7/><V0/><REACH who="2" step="1"/><F135/><REACH who="2" ten="279,250,240,221" step="2"/><W104/><G104/><T13/><D82/><U27/><E119/><V120/><F120/><W132/><G132/><T121/><D121/><U19/><E116/><V105/><F105/><W101/><G101/><T78/><D78/><U74/><E74/><V63/><F63/><W84/><G84/><T128/><D128/><U98/><E98/><V24/><F24/><AGARI ba="1,1" hai="20,24,30,53,54,55,76,77,80,87,91" m="36895" machi="24" ten="30,1000,0" yaku="8,1" doraHai="12" who="3" fromWho="2" sc="279,0,250,0,240,-13,221,23" /><AGARI ba="1,0" hai="8,13,18,24,25,47,51,52,57,62,66" m="24871" machi="24" ten="30,5800,0" yaku="8,1,52,1,54,1" doraHai="12" who="0" fromWho="2" sc="279,58,250,0,227,-58,244,0" /><INIT seed="0,2,0,5,1,77" ten="337,250,169,244" oya="0" hai0="93,64,128,55,97,116,88,31,111,40,105,36,44" hai1="78,61,12,74,89,126,81,120,108,15,8,99,21" hai2="114,72,53,2,28,71,67,41,96,35,83,17,7" hai3="58,84,132,29,34,115,109,94,33,70,117,76,113"/><T75/><D116/><U134/><E120/><V14/><F114/><W102/><G70/><T25/><D75/><U131/><E108/><V90/><F67/><W65/><G117/><T1/><D1/><U135/><E131/><V23/><F71/><W5/><G109/><T60/><D111/><U56/><E126/><V37/><F53/><W91/><G132/><T49/><D128/><U16/><E99/><V19/><F19/><W48/><G5/><T46/><D105/><U92/><E92/><V4/><F4/><W103/><G34/><T69/><D25/><U54/><REACH who="1" step="1"/><E89/><REACH who="1" ten="337,240,169,244" step="2"/><V39/><F96/><W38/><G115/><T119/><D119/><U42/><E42/><V20/><F41/><W121/><G121/><T129/><D129/><U22/><E22/><V18/><F90/><W66/><G113/><T10/><D10/><U47/><E47/><V130/><F130/><W62/><G103/><T98/><D98/><U24/><E24/><N who="2" m="18823" /><F23/><W112/><G112/><T86/><D97/><U80/><E80/><V122/><F122/><W63/><G102/><T32/><D32/><U106/><E106/><V100/><F100/><W101/><G101/><T123/><D123/><U52/><E52/><V3/><F83/><N who="3" m="47207" /><G94/><T95/><D95/><U50/><E50/><V87/><F20/><W26/><G91/><T11/><D11/><U73/><E73/><V133/><F72/><W68/><G48/><T13/><D93/><U43/><E43/><V82/><F82/><W79/><G79/><T27/><D88/><U57/><E57/><V125/><F125/><W127/><G127/><RYUUKYOKU ba="2,1" sc="337,-15,240,15,169,-15,244,15" hai1="8,12,15,16,21,54,56,61,74,78,81,134,135" hai3="26,29,33,38,58,62,63,65,66,68" /><INIT seed="1,3,1,0,5,61" ten="322,255,154,259" oya="1" hai0="39,127,129,80,1,90,114,14,28,82,20,85,77" hai1="99,108,121,9,131,33,96,92,19,134,22,62,3" hai2="132,123,100,106,83,95,64,36,57,47,68,120,60" hai3="25,41,74,53,67,69,109,49,79,117,116,42,65"/><U43/><E121/><V103/><F106/><W88/><G109/><T15/><D114/><U35/><E108/><V135/><F83/><N who="3" m="45559" /><G69/><T4/><D39/><U51/><E134/><N who="2" m="51243" /><F95/><W48/><G25/><N who="0" m="16423" /><D1/><U24/><E131/><V104/><F104/><W50/><G88/><N who="0" m="51239" /><D127/><U118/><E118/><N who="3" m="45674" /><G53/><T34/><D34/><U11/><E35/><V73/><F73/><W126/><G126/><T97/><D129/><U5/><E33/><V7/><F7/><W112/><G112/><T119/><D119/><U18/><E92/><V46/><F103/><W89/><G89/><T2/><D2/><U70/><E3/><V72/><F100/><W115/><G115/><T10/><D90/><U55/><E5/><V58/><F72/><W94/><G94/><T86/><D15/><U40/><E24/><V29/><F29/><W37/><G37/><T38/><D38/><U23/><E9/><V78/><F78/><W105/><G105/><T113/><D113/><U71/><E11/><V26/><F26/><W8/><G8/><T63/><D97/><U56/><E96/><V91/><F91/><W16/><G16/><T125/><D125/><U133/><E99/><V93/><F93/><W30/><G30/><T32/><D32/><U0/><E18/><V31/><F31/><W76/><G76/><T81/><D81/><U59/><E19/><V17/><F17/><W13/><G13/><T98/><D98/><U128/><E133/><V84/><F84/><W110/><G110/><T45/><D86/><U66/><E0/><V107/><F107/><W122/><G122/><N who="2" m="46633" /><F36/><W87/><G87/><RYUUKYOKU ba="3,1" sc="322,-15,255,-15,154,15,259,15" hai2="46,47,57,58,60,64,68" hai3="41,42,48,49,50,65,67" /><INIT seed="2,4,1,5,0,96" ten="307,240,169,274" oya="2" hai0="127,20,80,65,117,135,68,95,71,9,97,63,110" hai1="93,52,10,84,53,115,74,11,49,75,67,111,103" hai2="56,12,112,104,28,22,124,19,123,82,47,122,40" hai3="23,29,51,81,133,24,4,42,33,70,76,77,27"/><V89/><F112/><W79/><G70/><T132/><D110/><U102/><E115/><V113/><F113/><W34/><G4/><T44/><D127/><U1/><E1/><V18/><F104/><W92/><G133/><N who="0" m="51275" /><D117/><U100/><E111/><V17/><F124/><W109/><G109/><T39/><D80/><U8/><E67/><V125/><F125/><W119/><G119/><T120/><D120/><U60/><E60/><V91/><F122/><W13/><G13/><T90/><D9/><U114/><E114/><V85/><F123/><W30/><G23/><T2/><D2/><U38/><E38/><V57/><F89/><W25/><G25/><T21/><D68/><U64/><E64/><V15/><F28/><W94/><G81/><T26/><D26/><U101/><E53/><V86/><F86/><W69/><G69/><T88/><D90/><U108/><E108/><V62/><F62/><W87/><G87/><T32/><D32/><U118/><E118/><V58/><REACH who="2" step="1"/><F22/><REACH who="2" ten="307,240,159,274" step="2"/><W128/><G128/><T78/><D78/><U55/><E84/><V45/><F45/><AGARI ba="4,2" hai="24,27,29,30,33,34,42,45,51,76,77,79,92,94" machi="45" ten="40,1300,0" yaku="9,1" doraHai="96" who="3" fromWho="2" sc="307,0,240,0,159,-25,274,45" /><INIT seed="3,0,0,4,1,110" ten="307,240,134,319" oya="3" hai0="93,43,66,41,31,23,106,134,71,1,59,103,78" hai1="127,132,56,80,100,67,76,7,125,36,111,6,32" hai2="15,17,29,72,40,30,104,38,113,18,69,63,114" hai3="94,75,128,62,107,102,123,12,87,5,131,22,126"/><W55/><G75/><T135/><D1/><U45/><E111/><V95/><F104/><W37/><G37/><T51/><D106/><U14/><E32/><V11/><F72/><W105/><G123/><T124/><D71/><U89/><E100/><V79/><F79/><W2/><G126/><N who="1" m="48138" /><E89/><V108/><F108/><W97/><G2/><T85/><D124/><U115/><E132/><N who="0" m="50729" /><D78/><U116/><E116/><V77/><F77/><W60/><G5/><N who="1" m="1546" /><E14/><N who="2" m="7391" /><F63/><N who="3" m="24107" /><G55/><N who="0" m="32255" /><D66/><U112/><E56/><V49/><F95/><W3/><G3/><T57/><D57/><U133/><E67/><V119/><F49/><W35/><G35/><T91/><D103/><U82/><E133/><V74/><F40/><W61/><G61/><T33/><D33/><U10/><E76/><V98/><F98/><W81/><G81/><N who="1" m="31338" /><E10/><N who="2" m="6519" /><F38/><W122/><G122/><T25/><AGARI ba="0,0" hai="23,25,31,41,43,85,91,93" m="32255,50729" machi="25" ten="30,1100,0" yaku="20,1" doraHai="110" who="0" fromWho="0" sc="307,11,240,-3,134,-3,319,-5" owari="318,42.0,237,-16.0,131,-37.0,314,11.0" /></mjloggm>