<mjloggm ver="2.3"><GO type="97" lobby="0"/><UN n0="%E3%83%81%E3%83%BC%E3%83%91%E3%82%AA%E2%99%AA" n1="%E3%83%89%E3%82%A4%E3%83%84%E3%81%AE%E6%96%A5%E5%80%99" n2="%E4%BF%BA%E3%81%AE%E5%AB%81" n3="%E5%B0%B1%E6%B4%BB%E7%94%9F%40%E5%B7%9D%E6%9D%91%E8%BB%8D%E5%9B%A3" dan="15,15,15,15" rate="1933.09,1981.54,1938.07,2027.46" sx="M,M,M,M"/><TAIKYOKU oya="0"/><INIT seed="0,0,0,4,0,28" ten="250,250,250,250" oya="0" hai0="127,95,135,51,0,10,59,38,128,21,129,70,39" hai1="37,13,15,89,126,53,40,119,25,41,27,64,5" hai2="99,44,113,9,14,11,17,93,85,112,125,42,103" hai3="46,134,86,20,88,73,98,122,23,84,12,77,107"/><T50/><D70/><U111/><E119/><V109/><F109/><W133/><G122/><T108/><D108/><U29/><E111/><V66/><F125/><W83/><G46/><T80/><D127/><U19/><E126/><V34/><F34/><W36/><G36/><T65/><D80/><U55/><E64/><V72/><F72/><W7/><G7/><T91/><D135/><N who="3" m="51721" /><G12/><N who="1" m="4682" /><E37/><V92/><F66/><W110/><G110/><T75/><D75/><U87/><E5/><V78/><F11/><W118/><G118/><T104/><D10/><U100/><E100/><V90/><REACH who="2" step="1"/><F78/><REACH who="2" ten="250,250,240,250" step="2"/><W82/><G73/><T71/><D65/><U116/><E116/><V48/><AGARI ba="0,1" hai="9,14,17,42,44,48,85,90,92,93,99,103,112,113" machi="48" ten="20,8000,1" yaku="1,1,2,1,0,1,7,1,53,1" doraHai="28" doraHaiUra="4" who="2" fromWho="2" sc="250,-40,250,-20,240,90,250,-20" /><INIT seed="1,0,0,0,1,86" ten="210,230,330,230" oya="1" hai0="2,53,29,121,21,56,54,0,133,63,19,13,128" hai1="80,28,74,3,73,83,82,94,8,50,42,6,5" hai2="120,130,126,15,114,119,104,58,9,76,84,55,96" hai3="105,89,12,27,112,67,72,68,124,44,134,41,116"/><U109/><E109/><V30/><F119/><W95/><G105/><T135/><D121/><U14/><E28/><V100/><F120/><W110/><G72/><T46/><D128/><U87/><E3/><V36/><F36/><W118/><G112/><T69/><D69/><U24/><E24/><V10/><F130/><W45/><G110/><T26/><D53/><U113/><E113/><V97/><F126/><W106/><G106/><T70/><D46/><U61/><E61/><V85/><F114/><W1/><G1/><T90/><D70/><U88/><REACH who="1" step="1"/><E6/><REACH who="1" ten="210,220,330,230" step="2"/><V111/><F30/><W32/><G27/><T40/><D0/><U66/><E66/><V48/><F111/><W52/><G67/><T77/><D2/><U35/><E35/><V78/><F15/><W59/><G12/><T107/><D13/><U16/><E16/><V64/><F64/><W99/><G32/><T81/><D19/><U31/><E31/><V102/><F9/><W65/><G65/><T62/><D62/><U7/><E7/><V18/><F18/><W37/><G68/><T117/><D26/><U60/><E60/><V38/><F10/><W101/><G124/><T71/><D71/><U79/><E79/><V123/><F76/><W115/><G115/><T75/><D77/><U4/><E4/><V103/><F78/><W125/><G125/><T129/><D29/><U23/><E23/><V91/><F123/><W47/><G118/><T49/><D117/><U17/><E17/><V93/><F38/><W25/><G116/><T122/><D122/><U33/><E33/><V92/><F104/><RYUUKYOKU ba="0,1" sc="210,-15,220,15,330,15,230,-15" hai1="5,8,14,42,50,73,74,80,82,83,87,88,94" hai2="48,55,58,84,85,91,92,93,96,97,100,102,103" /><INIT seed="1,1,1,2,5,54" ten="195,235,345,215" oya="1" hai0="35,112,79,105,9,11,65,12,47,26,36,113,124" hai1="131,116,34,18,108,8,104,3,60,30,19,130,10" hai2="109,45,51,4,121,99,64,72,115,57,92,7,14" hai3="67,133,39,46,13,71,52,43,100,16,59,44,126"/><U56/><E104/><V85/><F121/><W77/><G126/><T114/><D105/><U41/><E116/><V111/><F72/><W50/><G133/><T40/><D124/><U96/><E108/><N who="2" m="41547" /><F115/><W81/><G100/><T66/><D9/><N who="1" m="3691" /><E3/><V94/><F14/><W61/><G44/><T88/><D79/><U24/><E41/><N who="2" m="25007" /><F85/><N who="3" m="48303" /><G13/><T68/><D68/><U28/><E96/><V27/><F27/><W63/><G63/><T127/><D127/><U22/><E34/><V123/><F123/><W82/><G82/><T38/><D38/><U118/><E118/><V106/><F106/><W55/><G55/><T135/><D135/><U49/><E49/><V87/><F87/><W0/><G0/><T62/><D26/><U5/><E5/><N who="2" m="2123" /><F99/><W31/><G31/><T103/><D35/><U70/><E28/><V134/><F134/><W101/><G101/><T73/><D103/><U20/><E20/><V90/><F90/><W110/><G110/><T76/><D73/><U128/><E70/><V120/><F120/><W75/><G75/><T86/><D76/><U23/><E23/><V21/><F21/><W107/><G107/><T78/><D78/><U97/><E97/><V122/><F122/><W89/><G89/><T17/><REACH who="0" step="1"/><D62/><AGARI ba="1,1" hai="57,62,64,92,94" m="2123,25007,41547" machi="62" ten="30,2000,0" yaku="14,1,52,1" doraHai="54" who="2" fromWho="0" sc="195,-23,235,0,345,33,215,0" /><INIT seed="2,0,0,2,1,62" ten="172,235,378,215" oya="2" hai0="21,109,108,28,79,94,125,27,7,24,42,65,119" hai1="132,112,40,4,107,77,37,131,64,74,114,110,101" hai2="134,17,23,50,39,71,116,48,96,44,104,76,102" hai3="51,93,85,58,70,118,2,75,54,22,49,13,61"/><V103/><F116/><W59/><G75/><T126/><D42/><U95/><E95/><V113/><F113/><N who="1" m="43625" /><E110/><N who="0" m="42601" /><D79/><U89/><E89/><V34/><F34/><W82/><G2/><T1/><D94/><U12/><E12/><V19/><F19/><N who="3" m="10607" /><G70/><T123/><D65/><U73/><E4/><V26/><F71/><W124/><G118/><T127/><D119/><U67/><E101/><V8/><F103/><W100/><G124/><T31/><D123/><U45/><E107/><V91/><F91/><N who="3" m="51639" /><G59/><T47/><D47/><U106/><E106/><V63/><F44/><W117/><G117/><T129/><D129/><U43/><E131/><V105/><F105/><W88/><G100/><T32/><D7/><U86/><E45/><V111/><F111/><W52/><G54/><T36/><D36/><U33/><E37/><V9/><F102/><W78/><G78/><T18/><D1/><U81/><E77/><V83/><F76/><W99/><AGARI ba="0,0" hai="49,51,52,58,61,88,93,99" m="51639,10607" machi="99" ten="30,4000,0" yaku="8,1,54,2" doraHai="62" who="3" fromWho="3" sc="172,-10,235,-10,378,-20,215,40" /><INIT seed="3,0,0,0,4,101" ten="162,225,358,255" oya="3" hai0="128,52,29,95,80,115,88,3,61,5,37,21,77" hai1="79,28,122,125,16,45,7,55,124,12,119,106,71" hai2="67,129,42,134,110,64,97,100,69,2,70,112,103" hai3="127,4,113,133,120,135,105,68,86,1,33,31,104"/><W96/><G68/><T11/><D115/><U73/><E122/><V130/><F112/><W82/><G120/><T35/><D37/><U22/><E119/><V38/><F2/><W118/><G118/><T89/><D128/><N who="2" m="49258" /><F110/><W36/><G36/><T6/><D6/><U91/><E71/><V58/><F134/><N who="3" m="51211" /><G113/><T83/><D35/><U44/><E91/><V50/><F38/><W15/><G1/><T48/><D61/><U63/><E45/><N who="2" m="25911" /><F100/><W74/><G74/><T53/><D83/><U24/><E73/><V78/><F78/><N who="3" m="46423" /><G96/><T57/><D53/><U84/><E55/><V117/><F117/><W98/><G98/><T23/><D89/><U8/><E79/><V102/><F102/><W56/><G56/><T99/><REACH who="0" step="1"/><D29/><REACH who="0" ten="152,225,358,255" step="2"/><N who="1" m="17559" /><E7/><V43/><F43/><W123/><G123/><T111/><D111/><U46/><E28/><V132/><F132/><W65/><G65/><T109/><D109/><U39/><E39/><V107/><F64/><W121/><G121/><T59/><D59/><U10/><E16/><V25/><F67/><W26/><G127/><T19/><D19/><U13/><E125/><V81/><F58/><W27/><G31/><T54/><D54/><U75/><E124/><V32/><F81/><W87/><G33/><T114/><D114/><U72/><E72/><AGARI ba="0,1" hai="3,5,11,21,23,48,52,57,72,77,80,88,95,99" machi="72" ten="30,7700,0" yaku="1,1,7,1,54,2,53,0" doraHai="101" doraHaiUra="116" who="0" fromWho="1" sc="152,87,225,-77,358,0,255,0" owari="239,-16.0,148,-35.0,358,45.0,255,6.0" /></mjloggm>