<mjloggm ver="2.3"><GO type="41" lobby="0"/><UN n0="%EF%BF%A1%D0%BA%D1%91%D1%83%EF%BF%A1" n1="%56%65%6E%75%73%47%61%79" n2="%E3%83%88%E3%83%88%E3%83%AA%E5%85%88%E7%94%9F%31%39%E6%AD%B3" n3="%E3%81%B8%E3%82%93%E3%81%A6%E3%81%93" dan="14,13,14,15" rate="1917.08,1918.14,2012.39,1985.79" sx="M,M,F,M"/><TAIKYOKU oya="0"/><INIT seed="0,0,0,0,1,57" ten="250,250,250,250" oya="0" hai0="100,73,47,20,134,45,6,106,1,55,50,58,15" hai1="8,21,78,76,88,13,98,127,79,74,49,107,16" hai2="34,61,92,11,65,30,2,46,4,24,22,96,130" hai3="48,52,113,12,95,126,122,64,31,29,120,66,108"/><T131/><D73/><U27/><E127/><V7/><F130/><W56/><G113/><T37/><D131/><U129/><E129/><V75/><F75/><W110/><G126/><T9/><D134/><U68/><E68/><V133/><F133/><W102/><G12/><T25/><D1/><U23/><E74/><V26/><F46/><W63/><G66/><T77/><D77/><U90/><E49/><V10/><F26/><W53/><G95/><T71/><D71/><U28/><REACH who="1" step="1"/><E23/><REACH who="1" ten="250,240,250,250" step="2"/><V116/><F116/><W43/><G102/><AGARI ba="0,1" hai="8,13,16,21,27,28,76,78,79,88,90,98,102,107" machi="102" ten="40,8000,1" yaku="1,1,2,1,54,2,53,0" doraHai="57" doraHaiUra="125" who="1" fromWho="3" sc="250,0,240,90,250,0,250,-80" /><INIT seed="1,0,0,2,4,13" ten="250,330,250,170" oya="1" hai0="97,32,119,28,92,36,15,45,52,58,49,43,100" hai1="113,134,81,131,6,82,2,79,75,104,93,124,0" hai2="16,39,125,3,5,116,118,99,109,14,20,55,80" hai3="76,86,115,1,111,89,42,84,77,18,37,88,71"/><U87/><E104/><V83/><F39/><W74/><G71/><T90/><D119/><U64/><E113/><V47/><F109/><W117/><G1/><T9/><D28/><U40/><E134/><V59/><F125/><W11/><G111/><T133/><D32/><U17/><E124/><V57/><F47/><W65/><G65/><T61/><D133/><U69/><E131/><V10/><F59/><W50/><G37/><T53/><D100/><U120/><E120/><V56/><F57/><W98/><G115/><T62/><REACH who="0" step="1"/><D53/><REACH who="0" ten="240,330,250,170" step="2"/><U110/><E64/><V73/><F116/><W24/><G117/><T67/><D67/><U25/><E40/><V23/><F118/><W12/><G42/><T132/><D132/><U44/><E110/><V123/><F123/><W21/><G74/><T112/><D112/><U22/><E0/><V130/><F130/><W95/><G50/><T96/><D96/><U34/><E2/><V33/><F33/><W106/><G98/><T31/><D31/><U91/><E34/><V70/><F73/><W54/><G54/><T107/><D107/><U94/><E75/><V66/><F99/><W60/><G60/><T101/><D101/><U41/><E87/><V8/><F66/><W35/><G35/><T48/><D48/><U114/><E41/><V63/><F70/><W127/><G127/><T26/><D26/><U68/><E25/><V108/><F108/><W126/><G126/><T27/><D27/><U78/><E68/><V121/><F121/><W128/><G128/><T72/><D72/><U7/><E69/><V129/><F129/><RYUUKYOKU ba="0,1" sc="240,15,330,-15,250,15,170,-15" hai0="9,15,36,43,45,49,52,58,61,62,90,92,97" hai2="3,5,8,10,14,16,20,23,55,56,63,80,83" /><INIT seed="2,1,1,3,4,129" ten="255,315,265,155" oya="2" hai0="76,68,133,132,92,63,45,38,110,32,74,128,6" hai1="119,58,10,18,50,14,8,99,9,67,77,107,11" hai2="89,134,34,117,61,73,113,131,93,64,104,66,39" hai3="43,88,55,135,109,95,54,31,106,80,102,19,78"/><V121/><RYUUKYOKU type="yao9" ba="1,1" sc="255,0,315,0,265,0,155,0" hai2="34,39,61,64,66,73,89,93,104,113,117,121,131,134" /><INIT seed="2,2,1,5,2,15" ten="255,315,265,155" oya="2" hai0="97,25,55,115,81,22,120,131,9,122,117,109,29" hai1="124,53,114,2,32,34,47,14,40,72,46,42,71" hai2="75,110,91,38,85,36,118,58,103,84,59,116,27" hai3="100,18,70,68,51,121,33,102,4,104,30,128,57"/><V49/><F75/><W113/><G113/><T119/><D97/><U95/><E114/><V127/><F127/><W31/><G121/><T112/><D81/><U54/><E2/><V37/><F110/><W20/><G4/><T24/><D55/><U73/><E124/><V56/><F103/><W1/><G1/><T66/><D66/><U6/><E71/><V74/><F74/><W108/><G128/><T79/><D79/><U126/><E126/><V21/><F49/><W13/><G108/><T7/><D109/><U65/><E14/><V135/><F135/><W19/><G33/><T86/><D86/><U44/><E6/><V123/><F123/><N who="0" m="47146" /><D25/><U61/><E65/><V28/><REACH who="2" step="1"/><F84/><REACH who="2" ten="255,315,255,155" step="2"/><W99/><G102/><T87/><D131/><U132/><E73/><V17/><F17/><W125/><G19/><N who="0" m="12383" /><D87/><U26/><E72/><V23/><F23/><W39/><G125/><T16/><D29/><U43/><E132/><V35/><F35/><W89/><G30/><T130/><D130/><U90/><E34/><V3/><F3/><W11/><G31/><T12/><D7/><U78/><E32/><V69/><F69/><W48/><G68/><T64/><D115/><U5/><E5/><V107/><F107/><W96/><G70/><T41/><D112/><U93/><E61/><V111/><F111/><W62/><G104/><T60/><D41/><U0/><E0/><V83/><AGARI ba="2,2" hai="21,27,28,36,37,38,56,58,59,83,85,91,116,118" machi="83" ten="40,3900,0" yaku="1,1,0,1,53,0" doraHai="15" doraHaiUra="105" who="2" fromWho="2" sc="255,-15,315,-15,255,65,155,-15" /><INIT seed="2,3,0,3,5,75" ten="240,300,320,140" oya="2" hai0="6,97,60,112,67,73,41,92,81,99,45,74,93" hai1="121,42,115,95,119,46,18,23,12,114,69,87,31" hai2="117,64,17,40,77,125,86,118,76,8,79,38,107" hai3="105,111,55,82,30,21,102,51,108,19,33,0,110"/><V22/><F107/><W120/><G0/><T10/><D112/><U134/><E119/><V62/><F125/><W44/><G120/><T27/><D27/><U32/><E69/><V16/><F86/><W100/><G30/><T130/><D130/><U29/><E121/><V104/><F104/><W35/><G82/><T80/><D81/><U124/><E124/><V61/><F8/><W50/><G50/><T58/><D80/><U89/><E134/><V52/><F52/><W2/><G2/><T14/><D93/><U56/><E56/><V13/><F17/><W65/><G65/><T78/><D99/><U101/><E101/><V54/><F54/><W72/><G72/><T48/><REACH who="0" step="1"/><D78/><REACH who="0" ten="230,300,320,140" step="2"/><U20/><E115/><V39/><F62/><W127/><G127/><T90/><AGARI ba="3,1" hai="6,10,14,41,45,48,58,60,67,73,74,90,92,97" machi="90" ten="20,5200,0" yaku="1,1,2,1,0,1,7,1,53,0" doraHai="75" doraHaiUra="24" who="0" fromWho="0" sc="230,71,300,-16,320,-29,140,-16" /><INIT seed="3,0,0,0,2,130" ten="301,284,291,124" oya="3" hai0="110,16,56,63,81,18,20,82,33,77,88,133,134" hai1="117,9,67,124,125,119,36,132,80,123,97,62,55" hai2="23,22,46,21,100,57,53,50,37,111,26,78,74" hai3="108,43,76,131,85,10,6,59,120,68,87,54,58"/><W48/><G120/><T13/><D33/><U71/><E123/><V73/><F111/><W51/><G68/><T72/><D110/><U15/><E132/><N who="0" m="50793" /><D82/><U34/><E34/><V31/><F100/><W29/><G29/><T115/><D115/><U35/><E35/><V105/><F105/><W107/><G107/><T38/><D38/><U49/><E36/><V135/><F135/><W129/><G108/><T112/><D112/><U75/><E97/><V11/><F78/><W0/><G76/><T96/><D77/><N who="1" m="44095" /><E55/><V101/><F101/><W106/><G106/><T102/><D102/><U24/><E24/><V45/><F37/><W104/><G104/><T127/><D127/><N who="1" m="48715" /><E49/><V91/><F73/><W44/><REACH who="3" step="1"/><G59/><REACH who="3" ten="301,284,291,114" step="2"/><T4/><D72/><U109/><E109/><V28/><F74/><W70/><G70/><T39/><D39/><U60/><E119/><V84/><F31/><W27/><G27/><N who="0" m="14727" /><D4/><U90/><E117/><V12/><F28/><W42/><G42/><T92/><D81/><U65/><E71/><V94/><F26/><W14/><G14/><T41/><D41/><U93/><E15/><V52/><REACH who="2" step="1"/><F53/><REACH who="2" ten="301,284,281,114" step="2"/><W47/><G47/><T5/><D5/><AGARI ba="0,2" hai="5,11,12,21,22,23,45,46,50,52,57,84,91,94" machi="5" ten="40,8000,1" yaku="1,1,2,1,8,1,54,1,53,0" doraHai="130" doraHaiUra="122" who="2" fromWho="0" sc="301,-80,284,0,281,100,114,0" /><INIT seed="4,0,0,4,0,43" ten="221,284,381,114" oya="0" hai0="21,129,14,119,60,84,45,106,73,30,32,132,40" hai1="65,61,38,1,113,52,25,127,78,17,116,117,81" hai2="98,121,107,114,34,16,93,108,39,124,101,11,111" hai3="3,130,9,18,58,4,126,110,135,95,83,133,20"/><T79/><D73/><U109/><E109/><V99/><F121/><W7/><G110/><T54/><D106/><U122/><E122/><V64/><F34/><W2/><G83/><T57/><D119/><U62/><E1/><V80/><F39/><W33/><G95/><T19/><D129/><U50/><E38/><V103/><F124/><W15/><G58/><T123/><D123/><U44/><E127/><V96/><F114/><W90/><G90/><T37/><D132/><N who="3" m="50761" /><G33/><T74/><D74/><U131/><E131/><V23/><F11/><N who="3" m="2455" /><G130/><T105/><D105/><U85/><E113/><V5/><F5/><W36/><G36/><T69/><D32/><U112/><E112/><V94/><F64/><W125/><AGARI ba="0,0" hai="3,7,9,15,18,20,125,126" m="2455,50761" machi="125" ten="30,4000,0" yaku="20,1,34,2" doraHai="43" who="3" fromWho="3" sc="221,-20,284,-10,381,-10,114,40" /><INIT seed="5,0,0,4,0,101" ten="201,274,371,154" oya="1" hai0="48,126,122,114,82,50,28,15,118,29,127,128,19" hai1="89,135,95,45,4,22,70,41,78,12,34,40,17" hai2="31,3,100,130,16,60,134,9,123,44,62,108,115" hai3="65,57,81,112,55,68,66,67,39,59,38,27,74"/><U119/><E70/><V124/><F108/><W73/><G27/><T91/><D118/><U54/><E119/><V7/><F123/><W53/><G81/><T110/><D114/><U58/><E135/><V117/><F117/><W18/><G18/><T25/><D110/><U69/><E69/><V11/><F115/><W32/><G32/><T85/><D122/><U98/><E78/><V43/><F134/><W121/><G121/><T61/><D61/><N who="1" m="36055" /><E34/><V51/><F130/><W33/><G33/><T26/><D128/><U88/><E4/><V111/><F111/><W52/><G112/><T125/><D26/><U103/><E45/><V132/><F132/><W92/><G92/><T20/><REACH who="0" step="1"/><D28/><REACH who="0" ten="191,274,371,154" step="2"/><U14/><E12/><V1/><F31/><W37/><REACH who="3" step="1"/><G68/><REACH who="3" ten="191,274,371,144" step="2"/><T30/><D30/><U64/><E95/><V13/><F3/><W131/><G131/><T71/><D71/><U129/><E129/><V21/><F1/><W93/><G93/><T2/><D2/><U0/><E0/><V102/><F13/><W49/><G49/><T99/><D99/><U79/><E98/><V96/><F51/><W87/><G87/><T94/><D94/><U35/><E14/><V46/><F96/><W107/><G107/><T42/><D42/><U104/><E41/><V97/><F43/><W72/><AGARI ba="0,2" hai="37,38,39,52,53,55,57,59,65,66,67,72,73,74" machi="72" ten="50,32000,5" yakuman="40" doraHai="101" doraHaiUra="36" who="3" fromWho="3" sc="191,-80,274,-160,371,-80,144,340" /><INIT seed="6,0,0,3,4,47" ten="111,114,291,484" oya="2" hai0="18,127,5,59,65,112,89,13,69,98,20,29,85" hai1="122,6,1,37,43,86,116,31,16,102,82,90,46" hai2="72,49,70,121,24,14,100,44,51,135,42,15,108" hai3="120,113,22,93,128,130,101,8,21,78,80,45,11"/><V105/><F121/><W109/><G120/><T35/><D69/><U0/><E122/><V117/><F117/><W124/><G109/><T91/><D112/><U53/><E116/><V39/><F72/><W27/><G124/><T25/><D127/><U123/><E123/><V76/><F70/><W2/><G113/><T41/><D41/><U60/><E102/><V133/><F76/><W74/><G45/><T10/><D98/><U126/><E126/><V106/><F108/><W62/><G62/><T4/><D4/><U38/><E31/><V71/><F71/><W30/><G22/><T9/><D9/><U95/><E37/><V103/><F24/><W125/><G125/><T23/><D23/><U32/><E32/><V129/><F129/><N who="3" m="49771" /><G2/><T50/><D85/><U131/><E131/><V77/><F77/><W52/><G52/><T19/><D19/><U96/><E6/><V88/><F88/><W114/><G114/><T115/><D115/><U104/><E104/><V111/><F111/><W97/><AGARI ba="0,0" hai="8,11,21,27,30,74,78,80,93,97,101" m="49771" machi="97" ten="30,1100,0" yaku="19,1" doraHai="47" who="3" fromWho="3" sc="111,-3,114,-3,291,-5,484,11" /><INIT seed="7,0,0,3,2,42" ten="108,111,286,495" oya="3" hai0="64,135,39,107,86,2,52,51,119,77,10,50,95" hai1="117,82,23,118,0,31,72,15,66,13,116,24,96" hai2="98,131,127,22,48,114,65,69,108,53,59,58,115" hai3="44,35,1,110,19,75,113,124,54,36,3,26,62"/><W6/><G75/><T80/><D119/><U4/><E66/><V8/><F22/><W60/><G113/><T67/><D107/><U130/><E130/><V105/><F8/><W132/><G132/><T78/><D135/><U61/><E61/><V79/><F79/><W109/><G124/><T134/><D39/><U91/><E72/><V120/><F98/><W9/><G3/><T33/><D33/><U89/><E89/><V90/><F90/><W7/><G7/><T27/><D134/><U71/><E71/><V41/><F105/><W11/><G11/><T112/><D112/><U37/><E37/><V133/><F133/><W106/><G106/><T12/><D2/><U88/><E91/><V125/><F41/><W103/><G103/><T5/><D27/><U43/><E43/><V123/><F65/><N who="0" m="25162" /><D50/><U55/><E55/><V84/><F84/><W85/><G85/><T14/><D95/><N who="1" m="56423" /><E82/><V38/><F38/><W28/><G36/><T21/><D14/><N who="1" m="5131" /><E0/><V18/><F53/><W45/><G54/><T70/><D70/><U32/><E4/><V121/><F69/><W68/><G68/><T17/><D86/><U63/><E63/><V92/><F123/><W122/><G62/><T56/><D80/><U102/><E102/><V97/><F121/><W47/><G60/><T100/><D100/><U30/><E32/><V57/><F120/><W128/><G122/><T129/><D129/><U83/><E83/><V87/><F115/><W40/><G128/><T34/><D34/><U74/><E74/><V73/><F114/><W101/><G1/><T49/><D49/><RYUUKYOKU ba="0,0" sc="108,15,111,15,286,-15,495,-15" hai0="5,10,12,17,21,51,52,56,77,78" hai1="23,24,30,31,116,117,118" owari="123,-38.0,126,-27.0,271,7.0,480,58.0" /></mjloggm>