<mjloggm ver="2.3"><GO type="225" lobby="0"/><UN n0="%E4%BC%9D%E8%AA%AC%E3%81%AE%E3%81%B2%E3%82%88%E3%81%93" n1="%72%69%6F%75%63%68%61%6E" n2="%E2%98%85%E3%83%9F%E3%83%BC%E3%82%B3%E2%98%85" n3="%E3%83%88%E3%83%88%E3%83%AA%E5%85%88%E7%94%9F%31%39%E6%AD%B3" dan="16,16,16,17" rate="2141.09,2016.09,2116.18,2145.58" sx="F,M,F,F"/><TAIKYOKU oya="0"/><INIT seed="0,0,0,4,4,98" ten="250,250,250,250" oya="0" hai0="43,11,62,61,106,81,30,9,59,5,83,22,114" hai1="15,41,54,29,13,56,125,60,72,102,57,84,58" hai2="97,73,115,88,27,64,77,24,85,100,131,10,112" hai3="91,33,67,119,128,89,74,48,103,71,16,55,35"/><T8/><D114/><U7/><E72/><V36/><F36/><W93/><G119/><T21/><D5/><U123/><E123/><V6/><F131/><W0/><G0/><T95/><D106/><U1/><E29/><V120/><F64/><W2/><G2/><T52/><D43/><U51/><E125/><V129/><F129/><W4/><G4/><T49/><D95/><U127/><E127/><V39/><F39/><W76/><G128/><T116/><D116/><U65/><E41/><V113/><F120/><W121/><G121/><T134/><D134/><U20/><E102/><V63/><F63/><N who="0" m="24074" /><D30/><U25/><E57/><V70/><F70/><W90/><G67/><T3/><D3/><U104/><E104/><N who="2" m="63503" /><F10/><W40/><G71/><T86/><D83/><U117/><E117/><V94/><F6/><W46/><G40/><T80/><D81/><AGARI ba="0,0" hai="24,27,73,77,81,85,88,94,112,113,115" m="63503" machi="81" ten="30,3900,0" yaku="24,1,52,1,54,1" doraHai="98" who="2" fromWho="0" sc="250,-39,250,0,250,39,250,0" /><INIT seed="1,0,0,4,1,95" ten="211,250,289,250" oya="1" hai0="50,4,29,47,8,19,11,125,26,40,126,65,21" hai1="27,107,24,79,113,104,80,90,36,5,101,32,17" hai2="2,39,123,85,81,46,86,110,91,1,78,99,98" hai3="62,103,118,76,55,43,48,92,93,94,115,53,30"/><U61/><E113/><V135/><F123/><W69/><G115/><T75/><D75/><U33/><E36/><V68/><F68/><W52/><G118/><T63/><D29/><U130/><E5/><V73/><F73/><W16/><G30/><T9/><REACH who="0" step="1"/><D4/><REACH who="0" ten="201,250,289,250" step="2"/><U45/><E32/><V66/><F135/><W15/><G76/><T82/><D82/><U84/><E33/><V116/><F81/><W54/><G69/><AGARI ba="0,1" hai="8,9,11,19,21,26,40,47,50,63,65,69,125,126" machi="69" ten="40,2600,0" yaku="1,1,53,1" doraHai="95" doraHaiUra="59" who="0" fromWho="3" sc="201,36,250,0,289,0,250,-26" /><INIT seed="2,0,0,0,1,86" ten="237,250,289,224" oya="2" hai0="110,37,59,32,52,15,117,101,127,82,43,25,6" hai1="119,120,98,131,27,130,134,0,105,124,115,78,77" hai2="118,26,4,126,125,61,60,55,50,89,51,58,5" hai3="87,102,96,66,94,65,113,30,81,8,9,108,129"/><V23/><F118/><W92/><G108/><T41/><D110/><U84/><E119/><V19/><F51/><W95/><G129/><N who="1" m="49162" /><E115/><V24/><F24/><W10/><G113/><T47/><D117/><U128/><E0/><V103/><F103/><W70/><G30/><T31/><D43/><U45/><E128/><V104/><F104/><W21/><G21/><T12/><D127/><N who="2" m="48650" /><F89/><N who="3" m="51439" /><G70/><T34/><D34/><U91/><E124/><V48/><F48/><W62/><G62/><AGARI ba="0,0" hai="4,5,19,23,26,50,55,58,60,61,62" m="48650" machi="62" ten="30,1500,0" yaku="18,1" doraHai="86" who="2" fromWho="3" sc="237,0,250,0,289,15,224,-15" /><INIT seed="2,1,0,5,5,105" ten="237,250,304,209" oya="2" hai0="132,109,125,25,13,131,9,106,0,122,79,7,101" hai1="110,32,88,50,120,18,42,102,69,1,47,72,99" hai2="37,112,123,114,108,4,81,89,124,134,129,17,11" hai3="53,46,48,61,103,60,133,35,130,128,118,44,19"/><V36/><F123/><W45/><G35/><T135/><D122/><U2/><E120/><V91/><F134/><N who="0" m="51242" /><D109/><U58/><E69/><V43/><F108/><W85/><G133/><T82/><D25/><U117/><E110/><V111/><F111/><W126/><G118/><T21/><D131/><N who="3" m="50217" /><G103/><T49/><D49/><U39/><E72/><V87/><F129/><W5/><G5/><T64/><D64/><U113/><E32/><V73/><F124/><W93/><G19/><N who="0" m="10479" /><D125/><U14/><E117/><V104/><F17/><W71/><G85/><N who="0" m="48351" /><D101/><U24/><E24/><V15/><F114/><W33/><G33/><T100/><D100/><U84/><E113/><V31/><F112/><W51/><G93/><T27/><D27/><U127/><E127/><V119/><F104/><AGARI ba="1,0" hai="0,7,9,104,106" m="48351,10479,51242" machi="104" ten="30,1000,0" yaku="20,1" doraHai="105" who="0" fromWho="2" sc="237,13,250,0,304,-13,209,0" /><INIT seed="3,0,0,0,5,2" ten="250,250,291,209" oya="3" hai0="27,100,95,62,128,74,102,13,22,58,119,127,90" hai1="85,28,120,31,55,87,72,34,83,78,16,82,104" hai2="63,14,35,132,10,47,19,105,45,114,38,109,41" hai3="113,57,99,91,48,54,64,7,135,50,6,96,92"/><W51/><G113/><T30/><D74/><U111/><E120/><V115/><F105/><W110/><G135/><T77/><D119/><U79/><E104/><V37/><F35/><W121/><G121/><T11/><D128/><U65/><E65/><V129/><F129/><W52/><G110/><T108/><D127/><U94/><E111/><V107/><F107/><W125/><G125/><T32/><D77/><U8/><E34/><V123/><F109/><W73/><G73/><T118/><D32/><U0/><E0/><V56/><F123/><W67/><G96/><T36/><D36/><U42/><E42/><V131/><F131/><W84/><G50/><T68/><D68/><U1/><E1/><V116/><F116/><W18/><G18/><T124/><D118/><U20/><E8/><V24/><F24/><W130/><G130/><T98/><D124/><U86/><E55/><V75/><F75/><W106/><G106/><T53/><D108/><U134/><E134/><V15/><F15/><W21/><G21/><T112/><D112/><U69/><E69/><V93/><F93/><N who="3" m="54503" /><G67/><T4/><AGARI ba="0,0" hai="4,11,13,22,27,30,53,58,62,90,95,98,100,102" machi="4" ten="20,5200,0" yaku="0,1,7,1,8,1,52,1" doraHai="2" who="0" fromWho="0" sc="250,52,250,-13,291,-13,209,-26" owari="302,40.0,237,-16.0,278,8.0,183,-32.0" /></mjloggm>