<mjloggm ver="2.3"><GO type="97" lobby="0"/><UN n0="%73%75%6D%32%32%35%35" n1="%E5%B0%B1%E6%B4%BB%E7%94%9F%40%E5%B7%9D%E6%9D%91%E8%BB%8D%E5%9B%A3" n2="%E2%98%85%E9%9B%85%E2%98%85" n3="%E6%A1%83%E7%99%BD%E7%99%BD" dan="14,14,15,14" rate="1871.21,1965.89,2025.10,1885.98" sx="M,M,M,M"/><TAIKYOKU oya="0"/><INIT seed="0,0,0,3,0,91" ten="250,250,250,250" oya="0" hai0="116,33,103,19,38,124,13,97,90,66,102,104,45" hai1="43,11,87,114,30,94,92,113,63,55,14,98,112" hai2="23,21,27,73,78,93,135,109,25,60,119,29,132" hai3="72,82,107,88,0,99,17,84,134,105,16,35,37"/><T50/><D33/><U122/><E122/><V95/><F109/><W42/><G35/><T71/><D116/><U121/><E121/><V125/><F125/><W74/><G0/><T123/><D38/><U130/><E130/><V129/><F129/><W128/><G128/><T28/><D123/><U61/><E43/><V54/><F119/><W86/><G42/><T4/><D28/><U62/><E30/><V6/><F6/><W32/><G32/><T7/><D124/><U47/><E87/><V31/><F78/><W5/><G5/><T126/><D126/><U101/><E47/><V58/><F73/><N who="3" m="28267" /><G37/><T85/><D103/><U57/><REACH who="1" step="1"/><E92/><AGARI ba="0,0" hai="21,23,25,27,29,31,54,58,60,92,93,95,132,135" machi="92" ten="40,8000,1" yaku="9,1,52,3" doraHai="91" who="2" fromWho="1" sc="250,0,250,-80,250,80,250,0" /><INIT seed="1,0,0,3,1,69" ten="250,170,330,250" oya="1" hai0="102,98,127,62,59,53,74,43,44,6,27,73,93" hai1="23,99,105,41,11,40,22,36,91,104,131,24,12" hai2="1,81,26,75,25,61,48,67,123,132,83,135,14" hai3="46,122,110,76,68,54,35,129,30,38,77,56,21"/><U119/><E119/><V100/><F123/><W42/><G35/><T5/><D127/><U85/><E131/><V106/><F1/><W20/><G122/><T17/><D74/><U9/><E23/><V49/><F14/><W121/><G121/><T111/><D73/><U114/><E114/><V39/><F75/><W58/><G129/><T94/><D111/><U29/><E11/><V88/><F100/><W125/><G68/><T117/><D94/><U70/><E70/><V8/><F8/><W92/><G125/><T115/><D115/><U65/><E65/><V45/><F106/><W47/><G58/><T79/><D79/><U16/><E99/><V28/><F81/><W96/><G21/><T84/><D84/><U108/><E108/><V109/><F109/><W7/><G7/><T55/><D55/><U32/><E32/><V126/><F126/><W120/><G120/><T19/><D117/><U103/><E103/><V134/><F25/><W64/><G64/><T34/><D34/><U50/><E50/><V52/><F49/><W37/><G20/><N who="0" m="13711" /><D19/><U31/><E31/><V89/><F83/><W133/><G30/><T113/><D113/><U60/><E60/><V116/><F116/><W71/><G71/><T0/><D0/><U86/><E86/><V13/><F13/><W57/><G110/><T128/><D128/><U87/><E87/><V18/><F18/><W15/><G15/><T101/><D102/><U90/><E90/><V78/><F78/><W51/><G77/><T72/><D72/><U124/><E124/><V80/><F80/><W130/><G76/><RYUUKYOKU ba="0,0" sc="250,30,170,-10,330,-10,250,-10" hai0="5,6,43,44,53,59,62,93,98,101" /><INIT seed="2,1,0,5,2,13" ten="280,160,320,240" oya="2" hai0="80,93,85,44,40,50,38,117,127,30,28,31,41" hai1="60,11,19,77,52,129,47,67,101,119,22,106,49" hai2="37,109,123,73,76,135,131,5,84,48,102,36,34" hai3="45,94,35,16,29,15,32,71,64,112,88,74,2"/><V120/><F5/><W43/><G74/><T108/><D38/><U3/><E119/><V100/><F48/><W63/><G2/><T20/><D108/><U86/><E129/><V42/><F84/><W122/><G29/><T121/><D121/><U26/><E3/><V103/><F34/><W89/><G89/><T8/><D8/><U12/><E106/><V104/><F104/><W65/><G65/><T130/><D127/><U55/><E101/><V68/><F68/><W39/><G122/><N who="2" m="46633" /><F42/><W6/><G6/><T92/><D130/><U59/><E86/><V27/><F131/><W115/><G115/><T18/><D40/><U78/><REACH who="1" step="1"/><E67/><REACH who="1" ten="280,150,320,240" step="2"/><V125/><F135/><W23/><G112/><T96/><D117/><U116/><E116/><V91/><F73/><W133/><G133/><T110/><D110/><U98/><E98/><AGARI ba="1,1" hai="15,16,23,32,35,39,43,45,63,64,71,88,94,98" machi="98" ten="30,7700,0" yaku="7,1,52,1,54,2" doraHai="13" who="3" fromWho="1" sc="280,0,150,-80,320,0,240,90" /><INIT seed="3,0,0,4,1,82" ten="280,70,320,330" oya="3" hai0="2,1,57,100,48,54,90,91,80,22,38,99,67" hai1="35,87,111,122,69,129,127,123,42,93,58,49,74" hai2="40,107,92,46,50,130,64,115,128,16,101,86,70" hai3="21,88,78,120,33,65,119,17,112,11,72,121,104"/><W113/><G119/><T132/><D38/><U105/><E93/><V23/><F107/><W43/><G104/><T133/><D67/><U56/><E49/><V63/><F115/><W6/><G33/><T109/><D109/><U108/><E42/><V94/><F101/><W0/><G65/><T96/><D22/><U18/><E18/><V45/><F45/><W61/><G61/><T83/><D100/><U135/><E58/><V7/><F7/><W28/><G28/><T27/><D27/><U97/><E56/><V95/><REACH who="2" step="1"/><F86/><REACH who="2" ten="280,70,310,330" step="2"/><W102/><G102/><T4/><D4/><U44/><E44/><V15/><AGARI ba="0,1" hai="15,16,23,40,46,50,63,64,70,92,94,95,128,130" machi="15" ten="30,7900,0" yaku="1,1,2,1,0,1,54,1,53,0" doraHai="82" doraHaiUra="114" who="2" fromWho="2" sc="280,-20,70,-20,310,89,330,-39" owari="260,-14.0,50,-45.0,399,50.0,291,9.0" /></mjloggm>