<mjloggm ver="2.3"><GO type="41" lobby="0"/><UN n0="%E3%82%A8%E3%82%A4%E3%82%B9%E3%83%BB%E3%82%A8%E3%83%A0" n1="%58%E7%8C%AB" n2="%E5%B0%B1%E6%B4%BB%E7%94%9F%40%E5%B7%9D%E6%9D%91%E8%BB%8D%E5%9B%A3" n3="%63%6F%6C%6F%70%6C" dan="13,14,16,14" rate="1880.02,1958.58,2066.60,1912.66" sx="M,M,M,M"/><TAIKYOKU oya="0"/><INIT seed="0,0,0,4,3,59" ten="250,250,250,250" oya="0" hai0="12,24,53,96,54,124,1,85,88,99,66,116,127" hai1="45,71,7,22,4,113,125,67,23,98,17,92,61" hai2="44,118,58,104,87,128,28,35,133,93,5,30,11" hai3="14,26,97,38,131,55,95,120,52,9,64,27,91"/><T73/><D73/><U105/><E105/><V65/><F104/><W115/><G115/><T135/><D116/><U37/><E125/><N who="0" m="48201" /><D135/><U81/><E113/><V21/><F118/><W8/><G120/><T6/><D1/><U20/><E81/><V57/><F35/><W47/><G64/><T103/><D24/><U86/><E86/><V63/><F128/><W41/><G131/><T83/><D66/><U82/><E82/><V101/><F133/><W39/><G39/><T114/><D114/><U106/><E106/><V3/><F44/><W111/><G111/><T0/><D0/><U94/><E17/><V60/><F21/><W117/><G117/><T2/><D2/><U36/><E45/><V48/><F48/><W70/><G70/><T78/><D78/><U80/><E80/><V33/><F33/><W72/><G72/><T132/><D132/><U50/><E50/><V49/><F49/><W121/><G121/><T40/><D40/><U100/><REACH who="1" step="1"/><E94/><REACH who="1" ten="250,240,250,250" step="2"/><V19/><F19/><W89/><G47/><T119/><D119/><U69/><E69/><V29/><F87/><W68/><G38/><AGARI ba="0,1" hai="4,7,20,22,23,36,37,38,61,67,71,92,98,100" machi="38" ten="40,2600,0" yaku="1,1,52,1,53,0" doraHai="59" doraHaiUra="84" who="1" fromWho="3" sc="250,0,240,36,250,0,250,-26" /><INIT seed="1,0,0,1,3,57" ten="250,276,250,224" oya="1" hai0="55,118,51,62,58,7,72,22,25,54,88,91,135" hai1="6,115,34,9,69,105,8,92,46,17,38,79,33" hai2="102,5,100,11,117,60,21,19,4,93,39,71,64" hai3="82,45,111,2,26,112,86,127,65,41,44,15,134"/><U27/><E105/><V109/><F117/><W78/><G2/><T73/><D118/><U61/><E115/><V83/><F109/><W66/><G112/><T29/><D135/><U16/><E79/><V63/><F39/><W128/><G111/><T18/><D7/><U90/><E38/><V108/><F108/><W113/><G113/><T68/><D68/><U20/><E46/><V28/><F28/><W67/><G134/><T10/><D73/><U133/><E133/><V126/><F126/><W97/><G127/><T124/><D72/><U122/><E122/><V85/><F93/><W13/><G26/><T132/><D132/><U42/><E42/><V59/><F11/><W94/><G128/><T96/><D96/><U89/><E17/><V131/><F5/><W116/><G116/><T12/><D124/><U47/><E47/><AGARI ba="0,0" hai="10,12,18,22,25,29,47,51,54,55,58,62,88,91" machi="47" ten="30,7700,0" yaku="7,1,8,1,52,1,54,1" doraHai="57" who="0" fromWho="1" sc="250,77,276,-77,250,0,224,0" /><INIT seed="2,0,0,3,2,29" ten="327,199,250,224" oya="2" hai0="25,86,116,69,48,36,96,122,75,113,41,2,21" hai1="16,49,67,33,65,55,91,92,28,32,1,15,58" hai2="84,31,27,120,73,4,90,46,11,17,63,38,118" hai3="97,23,128,35,9,80,109,87,106,133,56,78,64"/><V110/><F73/><W111/><G35/><T131/><D75/><U94/><E1/><V19/><F118/><W117/><G117/><T45/><D116/><U81/><E81/><V60/><F120/><W52/><G64/><T134/><D69/><U34/><E28/><V98/><F110/><N who="3" m="41995" /><G128/><T0/><D122/><U88/><E94/><V100/><F38/><W112/><G112/><T24/><D113/><U107/><E107/><V85/><F46/><W79/><G9/><T30/><D131/><U95/><E95/><V59/><F19/><W70/><G70/><T37/><D86/><N who="1" m="52247" /><E91/><V47/><F17/><W135/><G23/><AGARI ba="0,0" hai="15,16,23,32,33,34,49,55,58,65,67" m="52247" machi="23" ten="30,12000,2" yaku="25,1,52,3,54,2" doraHai="29" who="1" fromWho="3" sc="327,0,199,120,250,0,224,-120" /><INIT seed="3,0,0,4,0,59" ten="327,319,250,104" oya="3" hai0="93,27,120,14,45,12,49,94,62,67,97,127,66" hai1="32,23,77,75,92,73,90,31,95,10,119,7,76" hai2="50,68,71,111,113,52,57,110,46,21,47,6,78" hai3="96,13,24,80,19,38,44,36,121,60,130,56,61"/><W37/><G121/><T51/><D120/><U126/><E32/><V131/><F6/><W84/><G24/><T118/><D118/><U135/><E135/><V20/><F78/><W22/><G96/><T5/><D127/><U43/><E43/><V105/><F105/><W28/><G28/><T85/><D85/><U79/><E126/><V48/><F113/><W8/><G130/><T18/><D27/><U108/><E108/><N who="2" m="41515" /><F21/><W129/><G8/><N who="0" m="4111" /><D51/><U34/><E34/><V58/><F20/><W109/><G109/><T40/><D67/><U74/><E119/><V11/><F11/><W30/><G30/><T115/><D115/><U132/><E132/><V64/><F131/><W86/><G129/><T88/><D94/><U83/><E31/><V125/><F125/><W124/><G124/><T104/><D104/><U103/><E23/><V99/><F99/><W15/><G15/><T114/><D114/><U53/><E10/><V35/><F35/><W72/><G56/><N who="2" m="21609" /><F64/><W107/><G107/><T55/><D66/><U116/><E7/><V102/><F102/><W70/><G70/><T39/><D14/><U123/><E123/><V0/><F0/><W89/><G72/><T117/><D117/><U17/><E116/><V87/><F87/><W81/><REACH who="3" step="1"/><G44/><REACH who="3" ten="327,319,250,94" step="2"/><T122/><D122/><U26/><E75/><V16/><F16/><W65/><G65/><T134/><D18/><U1/><E74/><V25/><F25/><W29/><G29/><T9/><D9/><U106/><E73/><V112/><F112/><W69/><G69/><T3/><D3/><U63/><E17/><RYUUKYOKU ba="0,1" sc="327,-15,319,-15,250,15,94,15" hai2="46,47,48,50,52,68,71" hai3="13,19,22,36,37,38,60,61,80,81,84,86,89" /><INIT seed="3,1,1,0,3,60" ten="312,304,265,109" oya="3" hai0="123,112,93,43,30,106,122,76,45,56,29,105,120" hai1="99,96,74,109,31,132,27,19,39,81,125,116,50" hai2="66,78,70,16,59,68,55,65,133,24,14,32,71" hai3="23,128,85,127,114,126,0,111,40,134,34,18,104"/><W82/><G114/><T98/><D112/><U17/><E39/><V69/><F133/><W73/><G104/><T67/><D76/><U115/><E115/><V63/><F78/><W131/><G34/><T21/><D29/><U52/><E109/><V15/><N who="2" m="17408" /><DORA hai="94" /><V108/><F108/><W91/><G111/><T83/><D83/><U41/><E41/><V7/><F7/><W25/><G0/><T13/><D13/><U117/><E132/><V10/><REACH who="2" step="1"/><F15/><REACH who="2" ten="312,304,255,109" step="2"/><W102/><G134/><T44/><D123/><U77/><E125/><N who="3" m="47626" /><G73/><T51/><D122/><U80/><E77/><V36/><F36/><W12/><G12/><T49/><D120/><U35/><E74/><V48/><F48/><W124/><G40/><T58/><D43/><U100/><E117/><V22/><F22/><W118/><G118/><T130/><D21/><U53/><E116/><V20/><F20/><W57/><G124/><T1/><D49/><U64/><E50/><V121/><F121/><W5/><G5/><T72/><D51/><U8/><E35/><V107/><F107/><W26/><G26/><T62/><D106/><U54/><E27/><V92/><F92/><W84/><G57/><T46/><D105/><U135/><E135/><V38/><F38/><W47/><G47/><T87/><D44/><U119/><E119/><V11/><F11/><W90/><G102/><T2/><D45/><U75/><E100/><V37/><F37/><W95/><AGARI ba="1,2" hai="18,23,25,82,84,85,90,91,95,128,131" m="47626" machi="95" ten="30,1500,0" yaku="18,1" doraHai="60,94" who="3" fromWho="3" sc="312,-6,304,-6,255,-6,109,38" /><INIT seed="3,2,0,4,0,98" ten="306,298,249,147" oya="3" hai0="129,71,32,43,54,63,79,24,40,92,120,87,30" hai1="7,102,70,80,9,104,46,34,118,37,131,91,13" hai2="130,48,103,95,33,35,61,25,47,5,36,59,29" hai3="94,56,8,88,22,81,108,96,75,6,93,65,15"/><W115/><G115/><T49/><D120/><U127/><E70/><V51/><F130/><W11/><G22/><T111/><D129/><U41/><E131/><V64/><F5/><W16/><G108/><T45/><D111/><U52/><E34/><V119/><F119/><W116/><G116/><T4/><D4/><U112/><E112/><V135/><F135/><W74/><G81/><T28/><D92/><U125/><E118/><V18/><F18/><W60/><REACH who="3" step="1"/><G94/><REACH who="3" ten="306,298,249,137" step="2"/><T2/><D32/><U14/><E80/><V66/><F33/><W126/><G126/><T3/><D24/><U121/><E127/><V50/><F35/><W134/><G134/><T62/><D28/><U12/><E125/><V17/><F25/><W105/><G105/><T78/><D30/><U101/><E104/><V128/><F29/><W100/><G100/><T85/><D2/><AGARI ba="2,1" hai="2,6,8,11,15,16,56,60,65,74,75,88,93,96" machi="2" ten="30,12000,1" yaku="1,1,7,1,54,2,53,1" doraHai="98" doraHaiUra="86" who="3" fromWho="0" sc="306,-126,298,0,249,0,137,136" /><INIT seed="3,3,0,4,4,73" ten="180,298,249,273" oya="3" hai0="77,9,93,133,14,128,65,2,86,90,17,66,80" hai1="13,35,88,4,45,59,130,50,83,95,51,74,98" hai2="21,70,55,76,110,97,113,87,132,28,20,104,8" hai3="103,112,109,89,11,82,81,61,1,114,122,124,44"/><W123/><G44/><T125/><D125/><U126/><E35/><V102/><F113/><W15/><G103/><T121/><D121/><U60/><E126/><V79/><F70/><W10/><G61/><T52/><D133/><U62/><E130/><V47/><F132/><W43/><G43/><T134/><D128/><U58/><E74/><V29/><F110/><W96/><G109/><T69/><D2/><U72/><E72/><V12/><F87/><W23/><G124/><T24/><D69/><U105/><E105/><V117/><F117/><W85/><G96/><N who="0" m="57399" /><D134/><U115/><E83/><N who="3" m="31754" /><G89/><T36/><D36/><U46/><E115/><N who="3" m="44074" /><G23/><N who="0" m="13423" /><D52/><N who="1" m="29775" /><E60/><V99/><F21/><W119/><G85/><T75/><D75/><U0/><E0/><V101/><F20/><W64/><G15/><T16/><AGARI ba="3,0" hai="9,14,16,65,66,77,80,86" m="13423,57399" machi="16" ten="30,4000,0" yaku="8,1,52,1,54,1" doraHai="73" who="0" fromWho="0" sc="180,49,298,-13,249,-13,273,-23" /><INIT seed="4,0,0,3,4,93" ten="229,285,236,250" oya="0" hai0="29,1,78,11,9,97,52,21,42,5,55,17,71" hai1="101,107,32,10,75,64,57,79,22,15,69,110,98" hai2="95,122,36,61,96,121,59,31,0,127,28,24,14" hai3="46,23,72,8,67,65,41,62,103,73,47,2,134"/><T104/><D71/><U43/><E32/><V120/><F0/><W102/><G134/><T56/><D78/><U53/><E43/><V70/><F127/><W130/><G23/><T84/><D42/><U114/><E22/><V111/><F36/><W109/><G62/><T99/><D104/><U37/><E37/><V54/><F111/><W106/><G8/><T94/><D29/><U26/><E26/><V12/><F70/><W85/><G85/><T128/><D128/><U48/><E110/><V13/><REACH who="2" step="1"/><F24/><REACH who="2" ten="229,285,226,250" step="2"/><W76/><G2/><T34/><D34/><U89/><E69/><V115/><F115/><W58/><G109/><T33/><D33/><U82/><E114/><V100/><AGARI ba="0,1" hai="12,13,14,28,31,54,59,61,95,96,100,120,121,122" machi="100" ten="40,5200,0" yaku="1,1,0,1,52,1,53,0" doraHai="93" doraHaiUra="19" who="2" fromWho="2" sc="229,-26,285,-13,226,62,250,-13" /><INIT seed="5,0,0,3,5,55" ten="203,272,288,237" oya="1" hai0="90,26,13,128,72,35,3,31,77,125,111,39,28" hai1="110,49,78,81,73,14,95,8,61,66,116,112,87" hai2="51,130,27,7,97,122,94,22,33,46,50,91,109" hai3="57,52,99,37,20,100,89,32,74,133,41,69,63"/><U105/><E116/><V48/><F109/><W101/><G32/><T2/><D39/><U134/><E112/><V21/><F122/><W120/><G120/><T4/><D77/><U68/><E134/><V15/><F130/><W23/><G74/><T108/><D72/><U118/><E118/><V119/><F119/><W124/><G133/><T43/><D43/><U5/><E105/><V30/><F33/><W79/><G79/><T44/><D44/><U54/><E110/><N who="0" m="42025" /><D90/><U25/><E25/><V64/><F64/><W53/><G69/><T114/><D114/><U0/><E95/><V98/><F98/><W19/><G53/><T45/><D45/><U76/><E73/><V132/><F132/><W42/><G23/><N who="0" m="15455" /><D128/><U86/><E86/><V115/><F115/><W117/><G117/><T24/><D125/><U96/><E96/><V121/><F121/><W59/><G37/><T85/><D85/><U38/><E38/><V75/><F75/><W107/><G101/><T47/><D47/><U65/><E65/><V106/><F106/><W67/><G89/><T82/><D82/><U29/><E78/><V126/><F126/><W71/><G124/><T102/><D102/><U129/><E129/><V10/><REACH who="2" step="1"/><F22/><REACH who="2" ten="203,272,278,237" step="2"/><W93/><G107/><T123/><D123/><U88/><E66/><V103/><F103/><W92/><G71/><T84/><D84/><U40/><E68/><V113/><F113/><W56/><G67/><T70/><D70/><U127/><E87/><V11/><F11/><AGARI ba="0,1" hai="2,3,4,11,13,24,31,35" m="15455,42025" machi="11" ten="30,2000,0" yaku="34,2" doraHai="55" who="0" fromWho="2" sc="203,30,272,0,278,-20,237,0" /><INIT seed="6,0,0,1,0,108" ten="233,272,258,237" oya="2" hai0="46,105,47,60,64,81,33,35,76,7,55,1,26" hai1="135,74,98,32,28,88,120,2,30,39,62,82,116" hai2="104,91,27,54,112,63,50,109,44,73,68,123,78" hai3="22,48,110,93,97,8,130,79,41,36,25,103,13"/><V31/><F109/><W94/><G110/><T87/><D105/><U58/><E116/><V77/><F123/><W12/><G36/><T59/><D7/><U92/><E39/><V34/><F73/><W67/><G67/><T16/><D1/><U80/><E2/><V127/><F127/><W11/><G79/><T20/><REACH who="0" step="1"/><D64/><REACH who="0" ten="223,272,258,237" step="2"/><U101/><E120/><V56/><F104/><W129/><G129/><T107/><D107/><U121/><E121/><V119/><F119/><W83/><G130/><T111/><D111/><U4/><E4/><V72/><F72/><W133/><G133/><T86/><D86/><U132/><E74/><V95/><F112/><W118/><G118/><T102/><D102/><U61/><E101/><V128/><F128/><W124/><G124/><T0/><D0/><U14/><E132/><V40/><F68/><W51/><G103/><T100/><D100/><U106/><E106/><V21/><REACH who="2" step="1"/><F34/><AGARI ba="0,1" hai="16,20,26,33,34,35,46,47,55,59,60,76,81,87" machi="34" ten="40,2600,0" yaku="1,1,54,1,53,0" doraHai="108" doraHaiUra="85" who="0" fromWho="2" sc="223,36,272,0,258,-26,237,0" /><INIT seed="7,0,0,0,0,111" ten="259,272,232,237" oya="3" hai0="58,82,130,73,6,41,75,133,31,126,118,13,35" hai1="40,116,90,125,11,25,100,49,57,89,63,107,2" hai2="21,9,53,115,55,95,29,83,27,14,102,15,101" hai3="87,121,24,43,66,94,32,0,38,22,26,20,44"/><W68/><G121/><T108/><D108/><U8/><E25/><V112/><F83/><W104/><G104/><T99/><D58/><U23/><E23/><V28/><F28/><W47/><G0/><T3/><D13/><U18/><E100/><N who="2" m="38507" /><F95/><W39/><G68/><T129/><D99/><U74/><E107/><V5/><F15/><W127/><G66/><T46/><D118/><U69/><E74/><V37/><F37/><W50/><G127/><T110/><D126/><U48/><E69/><V78/><F78/><W134/><G134/><T54/><D54/><U88/><E40/><V109/><F109/><W61/><G61/><T80/><D133/><U81/><E81/><V12/><F12/><W123/><G123/><T56/><D56/><U36/><E36/><V62/><F62/><W97/><G87/><T120/><D120/><U67/><E125/><V70/><F70/><W128/><G128/><N who="0" m="49259" /><D110/><U96/><E96/><V124/><F124/><W59/><G59/><T34/><D73/><U91/><E91/><V52/><F55/><W72/><G72/><T114/><D35/><U4/><E116/><V1/><F1/><W76/><G76/><T51/><D75/><U86/><E86/><V33/><F33/><W7/><G32/><T65/><D65/><U122/><E122/><V84/><F84/><W119/><G119/><T10/><D114/><N who="2" m="43562" /><F5/><W106/><G7/><T117/><D117/><U92/><E92/><V71/><F71/><W105/><G38/><T131/><N who="0" m="49267" /><T16/><DORA hai="45" /><D16/><U113/><E113/><V60/><F60/><W64/><G64/><RYUUKYOKU ba="0,0" sc="259,10,272,10,232,10,237,-30" hai0="3,6,10,31,34,41,46,51,80,82" hai1="2,4,8,11,18,48,49,57,63,67,88,89,90" hai2="9,14,21,27,29,52,53" /><INIT seed="8,1,0,1,5,1" ten="269,282,242,207" oya="0" hai0="109,11,110,63,59,119,52,36,73,128,57,12,66" hai1="22,120,45,100,35,46,51,62,131,124,90,19,44" hai2="4,71,3,64,87,118,26,117,91,116,82,13,32" hai3="88,70,108,9,24,129,39,0,42,133,23,56,80"/><T123/><D119/><U74/><E120/><V2/><F71/><W60/><G108/><N who="0" m="41579" /><D73/><U38/><E35/><V106/><F106/><W113/><G70/><T29/><D36/><U105/><E74/><V86/><F64/><W95/><G113/><T98/><D98/><U68/><E38/><V33/><F87/><W79/><G133/><T112/><D112/><U34/><E34/><N who="2" m="13419" /><F26/><W115/><G115/><T49/><D123/><U6/><E90/><V75/><F75/><W130/><G39/><T41/><D41/><U89/><E89/><V40/><F40/><W47/><G42/><T83/><D83/><U14/><E51/><V81/><F81/><W10/><G47/><N who="0" m="27711" /><D29/><U78/><E78/><V97/><F97/><N who="3" m="57575" /><G0/><T20/><D20/><U122/><E22/><V65/><F65/><N who="3" m="39047" /><G80/><T72/><D72/><U5/><E122/><V37/><F37/><W99/><G79/><T53/><D53/><U7/><E105/><V103/><F103/><W16/><G99/><T92/><D92/><U126/><E100/><V114/><F114/><W28/><G28/><T134/><D134/><U77/><E77/><V93/><F82/><W27/><G27/><T101/><D101/><U111/><E111/><V61/><F61/><W18/><G18/><N who="0" m="8479" /><D57/><U55/><E68/><V31/><F31/><W50/><G50/><T76/><D76/><U96/><E96/><V8/><AGARI ba="1,0" hai="2,3,4,8,13,86,91,93,116,117,118" m="13419" machi="8" ten="40,5200,0" yaku="16,1,12,1,52,1" doraHai="1" who="2" fromWho="2" sc="269,-27,282,-14,242,55,207,-14" /><INIT seed="9,0,0,5,0,69" ten="242,268,297,193" oya="1" hai0="57,96,124,75,11,73,8,7,89,23,18,111,37" hai1="32,17,127,94,27,46,133,128,116,49,130,122,39" hai2="72,87,31,110,64,41,16,52,28,12,15,114,68" hai3="33,14,66,104,83,65,21,50,40,58,26,62,100"/><U85/><E122/><V74/><F110/><W91/><G33/><T98/><D111/><U106/><E106/><V129/><F68/><W48/><G14/><T9/><D7/><U67/><E116/><V70/><F70/><W2/><G2/><T76/><D124/><U29/><E128/><V126/><F64/><W107/><G66/><T112/><D112/><U45/><E130/><V56/><F41/><W38/><G38/><T81/><D57/><U108/><E108/><V105/><F129/><W61/><G61/><T47/><D75/><U10/><E67/><V59/><F105/><W36/><G36/><T35/><D89/><U95/><E133/><V131/><F131/><W90/><G104/><T123/><D123/><U103/><E103/><V78/><F114/><W55/><G107/><T84/><D73/><U117/><E117/><V30/><F126/><W113/><G100/><T60/><D60/><U121/><E121/><V88/><F78/><W77/><G113/><T24/><REACH who="0" step="1"/><D35/><REACH who="0" ten="232,268,297,193" step="2"/><U5/><E127/><V118/><F74/><W82/><G65/><T43/><AGARI ba="0,1" hai="8,9,11,18,23,24,37,43,47,76,81,84,96,98" machi="43" ten="30,8000,1" yaku="1,1,2,1,0,1,52,1,53,1" doraHai="69" doraHaiUra="79" who="0" fromWho="0" sc="232,90,268,-40,297,-20,193,-20" owari="322,42.0,228,-17.0,277,8.0,173,-33.0" /></mjloggm>