<mjloggm ver="2.3"><GO type="41" lobby="0"/><UN n0="%6E%61%6F%2D%62%66%6D%76" n1="%E3%81%82%E3%81%96%E3%82%80%E3%81%8F%E3%82%93" n2="%E5%B0%B1%E6%B4%BB%E7%94%9F%40%E5%B7%9D%E6%9D%91%E8%BB%8D%E5%9B%A3" n3="%67%75%72%65%6E%65%6B%6F" dan="13,14,16,13" rate="1817.86,1962.69,2122.78,1920.67" sx="M,M,M,M"/><TAIKYOKU oya="0"/><INIT seed="0,0,0,2,0,107" ten="250,250,250,250" oya="0" hai0="117,96,51,118,26,94,9,103,105,106,17,88,64" hai1="76,42,23,83,28,59,4,29,90,126,128,12,35" hai2="108,30,115,24,66,48,123,10,0,79,45,1,72" hai3="70,5,112,99,39,127,47,67,71,69,31,65,41"/><T86/><D64/><U38/><E35/><V49/><F123/><W37/><G5/><T92/><D51/><U52/><E128/><V77/><F115/><W2/><G2/><T6/><D17/><U119/><E119/><N who="0" m="45577" /><D26/><U3/><E126/><V89/><F66/><N who="3" m="25099" /><G112/><T80/><D9/><N who="1" m="2207" /><E90/><V75/><F89/><W130/><G31/><T43/><D43/><U98/><E98/><V133/><F10/><W58/><G130/><T61/><D61/><N who="1" m="36071" /><E12/><V111/><F45/><W16/><G99/><N who="0" m="59895" /><D6/><U63/><E23/><V36/><F24/><W74/><G16/><T7/><D7/><U44/><E63/><V134/><F30/><W104/><G104/><T125/><D125/><U54/><E54/><V100/><F100/><AGARI ba="0,0" hai="80,86,88,92,96,100,105,106" m="59895,45577" machi="100" ten="30,5800,0" yaku="34,2,54,1" doraHai="107" who="0" fromWho="2" sc="250,58,250,0,250,-58,250,0" /><INIT seed="0,1,0,4,1,120" ten="308,250,192,250" oya="0" hai0="49,90,24,1,117,0,53,80,29,119,43,116,133" hai1="100,13,57,18,96,76,60,44,7,86,54,78,129" hai2="23,82,84,105,93,111,38,75,34,26,65,10,27" hai3="51,48,70,12,104,68,66,126,4,55,61,128,6"/><T62/><D43/><U127/><E7/><V134/><F105/><W131/><G104/><T72/><D133/><U37/><E129/><N who="3" m="49738" /><G4/><T95/><D62/><U92/><E127/><V46/><F134/><W3/><G3/><T8/><D8/><U15/><E86/><V71/><F75/><W89/><G6/><T83/><D72/><U5/><E5/><V14/><F34/><W135/><G135/><T30/><D24/><U33/><E33/><V88/><F71/><N who="3" m="42447" /><G89/><T87/><D95/><U22/><E15/><V113/><F113/><W77/><G12/><T91/><D116/><U64/><E37/><V2/><F65/><W59/><G77/><T106/><D87/><U109/><E109/><V115/><F2/><W19/><G19/><T58/><D58/><N who="1" m="36887" /><E44/><V36/><F115/><W32/><G32/><T110/><D106/><U118/><E118/><V125/><F125/><W124/><G126/><T102/><D49/><AGARI ba="1,0" hai="13,18,22,49,54,57,76,78,92,96,100" m="36887" machi="49" ten="30,1000,0" yaku="8,1" doraHai="120" who="1" fromWho="0" sc="308,-13,250,13,192,0,250,0" /><INIT seed="1,0,0,2,4,114" ten="295,263,192,250" oya="1" hai0="4,16,105,61,75,116,121,7,55,3,22,123,102" hai1="31,37,13,48,129,118,66,72,86,63,100,20,80" hai2="24,82,107,41,43,64,38,68,120,5,97,77,28" hai3="23,133,111,122,84,35,126,69,130,71,2,98,135"/><U56/><E37/><V19/><F120/><N who="0" m="46154" /><D75/><U27/><E72/><N who="2" m="43303" /><F5/><N who="0" m="2122" /><D102/><U109/><E129/><V33/><F19/><W14/><G122/><T83/><D83/><U45/><E109/><V112/><F112/><W40/><G2/><T134/><D105/><U1/><E13/><V30/><F30/><W26/><G111/><T124/><D3/><U52/><E100/><N who="2" m="62863" /><F38/><W73/><G73/><T117/><D55/><U9/><E9/><V103/><F103/><W34/><G130/><T115/><D61/><AGARI ba="0,0" hai="24,28,33,41,43,61,64,68" m="62863,43303" machi="61" ten="30,1000,0" yaku="25,1" doraHai="114" who="2" fromWho="0" sc="295,-10,263,0,192,10,250,0" /><INIT seed="2,0,0,0,3,35" ten="285,263,202,250" oya="2" hai0="133,37,52,42,77,62,2,108,39,107,75,131,79" hai1="56,130,25,58,86,99,85,91,127,72,93,22,89" hai2="23,96,38,87,54,8,24,5,94,106,67,40,32" hai3="36,33,104,98,18,41,1,78,15,48,45,115,4"/><V10/><F106/><W27/><G78/><T61/><D107/><U69/><E69/><V73/><F73/><W80/><G115/><T114/><D75/><U19/><E72/><V47/><F32/><W76/><G36/><T82/><D82/><U17/><E130/><V26/><F67/><W46/><G45/><T70/><D108/><U101/><E19/><V116/><F116/><W13/><G104/><T68/><D42/><U51/><E51/><V16/><F24/><W7/><G98/><T129/><D133/><U112/><E112/><V105/><F54/><W60/><G60/><T113/><REACH who="0" step="1"/><D52/><REACH who="0" ten="275,263,202,250" step="2"/><U59/><E127/><V44/><F44/><W31/><G80/><T50/><D50/><U97/><REACH who="1" step="1"/><E101/><REACH who="1" ten="275,253,202,250" step="2"/><V6/><F105/><W88/><G48/><T102/><D102/><U29/><E29/><V71/><F71/><W110/><G31/><T135/><D135/><U128/><E128/><V123/><F123/><W20/><G110/><T74/><D74/><U57/><N who="1" m="14848" /><DORA hai="65" /><U66/><E66/><V124/><F124/><W90/><G18/><T119/><D119/><U120/><E120/><V55/><F55/><W103/><G103/><T111/><D111/><U30/><E30/><V28/><F28/><W100/><G100/><T14/><D14/><U12/><E12/><V84/><F38/><W126/><G13/><T117/><D117/><U63/><E63/><V109/><F109/><W132/><G15/><T34/><D34/><U118/><E118/><V3/><F40/><W95/><G126/><T49/><D49/><U125/><E125/><V53/><F53/><RYUUKYOKU ba="0,2" sc="275,15,253,15,202,-15,250,-15" hai0="2,37,39,61,62,68,70,77,79,113,114,129,131" hai1="17,22,25,85,86,89,91,93,97,99" /><INIT seed="3,1,2,0,0,48" ten="290,268,187,235" oya="3" hai0="35,18,62,115,71,38,10,75,83,37,80,26,61" hai1="34,96,64,21,67,112,117,4,101,42,19,27,51" hai2="94,104,127,23,114,116,32,103,81,105,36,76,16" hai3="93,109,129,78,11,5,95,46,111,50,13,59,22"/><W132/><G78/><T91/><D35/><U89/><E112/><V2/><F32/><W40/><G132/><T123/><D123/><U31/><E4/><V113/><F2/><W87/><G129/><T0/><D0/><U125/><E125/><V14/><F127/><W55/><G87/><T1/><D1/><U53/><E89/><V66/><F36/><W41/><G22/><T133/><D133/><U128/><E42/><V8/><F116/><W98/><G41/><T60/><D115/><U120/><E120/><V119/><F119/><W82/><G82/><T28/><D71/><U110/><E110/><N who="3" m="41994" /><G98/><T9/><D80/><U79/><E79/><V131/><F131/><W65/><G65/><T99/><D75/><U68/><E68/><V12/><F66/><W97/><G97/><T122/><D122/><U45/><E128/><V63/><F63/><AGARI ba="1,2" hai="5,11,13,40,46,50,55,59,63,93,95" m="41994" machi="63" ten="30,5800,0" yaku="14,1,10,1,52,1" doraHai="48" who="3" fromWho="2" sc="290,0,268,0,187,-61,235,81" /><INIT seed="3,2,0,3,3,79" ten="290,268,126,316" oya="3" hai0="116,28,50,68,20,127,34,60,108,72,103,87,35" hai1="29,126,63,93,130,62,45,98,69,7,31,38,57" hai2="41,90,111,76,42,52,16,65,100,123,104,40,14" hai3="23,78,4,44,102,120,26,95,122,8,19,80,67"/><W24/><G67/><T47/><D72/><U119/><E130/><V32/><F32/><W121/><G44/><T39/><D116/><U128/><E128/><V49/><F65/><W77/><G78/><T133/><D133/><U27/><E69/><V134/><F123/><W0/><G95/><T66/><D103/><U129/><E129/><V124/><F134/><W9/><G8/><T64/><D108/><U117/><E7/><V131/><F124/><W115/><G115/><T112/><D127/><U1/><E1/><V25/><F131/><W43/><G43/><T36/><D66/><U118/><E126/><V22/><F111/><W82/><G102/><T61/><D61/><N who="1" m="23051" /><E57/><V110/><F110/><W17/><G77/><T94/><D20/><AGARI ba="2,0" hai="0,4,9,17,19,20,23,24,26,80,82,120,121,122" machi="20" ten="40,7700,0" yaku="9,1,52,2" doraHai="79" who="3" fromWho="0" sc="290,-83,268,0,126,0,316,83" /><INIT seed="3,3,0,5,5,44" ten="207,268,126,399" oya="3" hai0="36,45,57,112,81,62,34,113,107,61,104,120,18" hai1="96,87,71,128,101,92,40,114,35,14,65,125,7" hai2="106,12,54,84,20,132,39,19,10,8,22,3,117" hai3="122,95,46,127,111,38,110,100,90,133,79,48,29"/><W76/><G122/><T78/><D34/><U31/><E114/><N who="0" m="44137" /><D120/><U129/><E125/><V135/><F39/><W103/><G38/><T42/><D18/><U13/><E87/><V52/><F106/><N who="0" m="40490" /><D57/><U28/><E40/><V72/><F72/><AGARI ba="3,0" hai="36,42,45,61,62,72,78,81" m="40490,44137" machi="72" ten="30,1000,0" yaku="11,1" doraHai="44" who="0" fromWho="2" sc="207,19,268,0,126,-19,399,0" /><INIT seed="4,0,0,5,3,113" ten="226,268,107,399" oya="0" hai0="61,108,29,83,54,2,122,9,92,133,33,132,5" hai1="16,71,119,124,102,0,63,123,111,17,65,100,135" hai2="87,107,30,34,37,50,77,53,44,125,20,8,98" hai3="93,25,86,75,85,24,12,90,116,134,60,72,62"/><T59/><D122/><U7/><E123/><V40/><F125/><W101/><G75/><T3/><D29/><U70/><E111/><V118/><F34/><W104/><G134/><N who="0" m="51819" /><D33/><U64/><E135/><V114/><F114/><W112/><G72/><T22/><D108/><U80/><E80/><V13/><F107/><W19/><G112/><T131/><D131/><U39/><E39/><V82/><F98/><W4/><G4/><T18/><D83/><U38/><E38/><V42/><F37/><W11/><G104/><T94/><D2/><U115/><E115/><V129/><F129/><W78/><G78/><T67/><D67/><U14/><E14/><AGARI ba="0,0" hai="3,5,9,14,18,22,54,59,61,92,94" m="51819" machi="14" ten="30,1500,0" yaku="20,1" doraHai="113" who="0" fromWho="1" sc="226,15,268,-15,107,0,399,0" /><INIT seed="4,1,0,0,2,0" ten="241,253,107,399" oya="0" hai0="86,107,113,30,56,13,24,45,132,29,122,116,27" hai1="53,57,41,34,40,74,96,101,106,4,120,92,32" hai2="6,105,84,33,64,114,81,31,1,46,42,8,47" hai3="54,133,48,70,110,119,10,16,22,21,43,104,123"/><T68/><D107/><U66/><E74/><V109/><F109/><W108/><G119/><T115/><D68/><U9/><E66/><V36/><F114/><N who="0" m="43530" /><D45/><U17/><E120/><V62/><F105/><W103/><G70/><T131/><D86/><U28/><E106/><V95/><F47/><W3/><G43/><T55/><D122/><U26/><E17/><V80/><F33/><W44/><G123/><T75/><D75/><U72/><E34/><V58/><REACH who="2" step="1"/><F31/><REACH who="2" ten="241,253,97,399" step="2"/><N who="0" m="11786" /><D116/><U112/><E112/><V65/><F65/><W60/><G110/><T61/><D131/><U49/><REACH who="1" step="1"/><E72/><REACH who="1" ten="241,243,97,399" step="2"/><V5/><F5/><W87/><G108/><T12/><D132/><U94/><E94/><V67/><F67/><W51/><G133/><T78/><D78/><U11/><E11/><V77/><F77/><W127/><G104/><T20/><D27/><U76/><E76/><V63/><F63/><W130/><G60/><T18/><AGARI ba="1,2" hai="12,13,18,20,24,55,56,61" m="11786,43530" machi="18" ten="30,1500,0" yaku="15,1" doraHai="0" who="0" fromWho="0" sc="241,38,243,-6,97,-6,399,-6" /><INIT seed="4,2,0,1,4,9" ten="279,237,91,393" oya="0" hai0="124,13,39,8,74,31,45,69,100,48,85,129,89" hai1="97,15,81,116,5,92,33,75,44,27,70,35,123" hai2="113,32,77,93,6,56,128,54,25,88,2,67,58" hai3="28,0,17,64,91,23,115,42,41,24,46,80,36"/><T14/><D69/><U12/><E123/><V107/><F107/><W131/><G0/><T62/><D39/><U98/><E70/><V55/><F113/><W63/><G131/><T18/><D74/><U104/><E104/><V133/><F128/><W51/><G115/><T86/><D129/><U1/><E116/><V76/><F133/><W68/><G36/><T4/><D124/><U83/><E1/><V30/><F2/><W94/><G80/><N who="1" m="30794" /><E35/><V78/><F6/><W110/><G110/><T134/><D134/><U38/><E38/><V105/><F105/><W52/><G28/><T130/><D130/><U50/><E33/><V125/><F125/><W122/><G122/><T126/><D126/><U84/><E27/><V49/><F49/><W37/><G37/><T19/><D31/><U102/><E75/><V3/><F3/><W34/><G34/><T121/><D121/><U127/><E5/><V66/><F66/><W7/><G7/><T99/><D62/><U103/><E127/><V43/><F43/><W87/><AGARI ba="2,0" hai="17,23,24,41,42,46,51,52,63,64,68,87,91,94" machi="87" ten="20,2700,0" yaku="0,1,7,1,54,1" doraHai="9" who="3" fromWho="3" sc="279,-15,237,-9,91,-9,393,33" /><INIT seed="5,0,0,0,1,47" ten="264,228,82,426" oya="1" hai0="16,92,121,88,72,26,123,132,21,107,5,64,91" hai1="51,14,80,128,41,70,65,63,105,97,29,131,100" hai2="98,95,96,57,117,60,4,30,126,114,82,61,101" hai3="37,125,133,84,111,94,32,44,102,48,23,129,104"/><U22/><E80/><V17/><F117/><W106/><G111/><T134/><D72/><U103/><E103/><V81/><F126/><W127/><G37/><T24/><D5/><U31/><E31/><V116/><F116/><W40/><G32/><T0/><D64/><U122/><E122/><N who="0" m="46601" /><D107/><U62/><E62/><V2/><F114/><W12/><G133/><N who="0" m="51307" /><D0/><U66/><E65/><V75/><F30/><W110/><G110/><T3/><D3/><U86/><E86/><V18/><F2/><W68/><G68/><T58/><D58/><U83/><E83/><V118/><F118/><W33/><G33/><T19/><D92/><U77/><E77/><V56/><F75/><W59/><G106/><T76/><D76/><U42/><E42/><V46/><F46/><W45/><G104/><T53/><D53/><U6/><E6/><V78/><F78/><W50/><G59/><T113/><D113/><U67/><E67/><V74/><F74/><W89/><G102/><T27/><D19/><U79/><E79/><V8/><F8/><W28/><G28/><T13/><AGARI ba="0,0" hai="13,16,21,24,26,27,88,91" m="51307,46601" machi="13" ten="40,8000,1" yaku="13,1,20,1,54,2" doraHai="47" who="0" fromWho="0" sc="264,80,228,-40,82,-20,426,-20" /><INIT seed="6,0,0,0,1,64" ten="344,188,62,406" oya="2" hai0="42,44,88,20,78,105,106,79,18,41,27,25,57" hai1="124,52,71,87,12,127,51,120,126,110,49,6,81" hai2="24,43,72,55,115,131,7,90,19,100,85,133,0" hai3="22,35,45,15,122,128,11,54,92,56,99,101,32"/><V26/><F72/><W125/><G122/><T73/><D73/><U97/><E120/><V117/><F117/><W89/><G125/><T2/><D2/><U39/><E39/><V132/><F100/><W67/><G67/><T123/><D123/><U74/><E74/><V111/><F111/><W94/><G22/><T69/><D105/><U13/><E97/><V50/><F131/><W118/><G118/><T107/><D107/><U23/><E51/><V40/><F0/><W65/><G128/><T61/><D106/><U113/><E113/><V29/><F115/><W16/><G65/><T68/><D27/><N who="2" m="10282" /><F29/><W37/><G37/><T1/><D1/><U21/><E110/><V135/><F19/><W58/><G56/><T30/><D30/><U102/><E102/><V8/><F8/><W59/><G45/><T104/><D104/><U98/><E98/><V134/><N who="2" m="34304" /><DORA hai="77" /><V91/><F7/><W121/><G59/><T112/><D112/><U38/><E38/><V93/><F90/><W28/><G28/><T86/><D41/><U83/><E6/><V66/><F66/><W130/><G130/><T14/><D25/><U60/><E87/><V62/><F62/><W75/><G75/><T70/><D44/><AGARI ba="0,0" hai="40,43,44,50,55,85,91,93" m="34304,10282" machi="44" ten="60,2900,0" yaku="20,1" doraHai="64,77" who="2" fromWho="0" sc="344,-29,188,0,62,29,406,0" /><INIT seed="6,1,0,1,1,74" ten="315,188,91,406" oya="2" hai0="90,92,61,101,11,72,49,119,48,33,28,35,130" hai1="26,5,34,23,112,71,47,87,117,129,68,62,65" hai2="131,94,95,127,98,15,132,53,2,100,128,21,120" hai3="12,134,75,103,9,20,54,36,99,19,37,83,16"/><V73/><F2/><W66/><G66/><T135/><D72/><U58/><E34/><V109/><F73/><W88/><G134/><T86/><D101/><U56/><E117/><V55/><F120/><W6/><G6/><T4/><D135/><U38/><E5/><V84/><F132/><W118/><G118/><T82/><D130/><N who="2" m="49706" /><F127/><W80/><G83/><T27/><D35/><U59/><E129/><V105/><F109/><W0/><G0/><T79/><D61/><N who="1" m="38055" /><E87/><V124/><F124/><W81/><G80/><T13/><REACH who="0" step="1"/><D119/><REACH who="0" ten="305,188,91,406" step="2"/><U44/><E62/><V17/><F105/><W123/><G123/><T111/><D111/><U46/><E38/><V91/><AGARI ba="1,1" hai="15,17,21,53,55,84,91,94,95,98,100" m="49706" machi="91" ten="30,1500,0" yaku="19,1" doraHai="74" who="2" fromWho="2" sc="305,-6,188,-6,91,28,406,-6" /><INIT seed="6,2,0,2,4,32" ten="299,182,119,400" oya="2" hai0="76,104,48,21,132,117,101,88,0,105,52,64,66" hai1="86,65,89,81,42,125,47,53,106,63,67,126,93" hai2="109,70,20,39,44,27,58,108,31,7,91,26,28" hai3="122,6,61,99,15,96,50,17,100,18,57,118,75"/><V9/><F70/><W10/><G122/><T55/><D76/><U37/><E106/><V46/><F58/><W79/><G118/><T127/><D117/><U33/><E33/><N who="2" m="20631" /><F91/><W49/><G96/><T130/><D55/><U60/><E81/><V36/><F46/><W135/><G135/><T74/><D74/><U94/><E94/><V97/><F97/><W103/><G100/><T84/><D21/><U123/><E123/><V115/><F44/><W69/><G69/><T95/><D132/><U107/><E107/><V19/><F115/><W59/><G57/><T1/><D130/><U40/><E40/><V82/><F82/><W45/><G50/><T54/><D54/><U120/><E120/><V68/><F68/><W16/><G79/><T3/><D127/><N who="1" m="48651" /><E53/><V30/><F39/><W113/><G75/><T129/><D129/><U98/><E98/><V14/><F36/><W8/><G113/><T134/><D134/><U41/><E42/><V133/><F133/><W12/><G49/><T124/><D124/><U112/><E112/><V62/><F62/><AGARI ba="2,0" hai="37,41,47,60,62,63,65,67,86,89,93" m="48651" machi="62" ten="30,1000,0" yaku="18,1" doraHai="32" who="1" fromWho="2" sc="299,0,182,16,119,-16,400,0" /><INIT seed="7,0,0,3,1,57" ten="299,198,103,400" oya="3" hai0="128,103,119,54,15,108,12,29,2,28,40,60,22" hai1="58,115,76,71,77,56,83,0,93,92,98,39,42" hai2="114,106,13,112,81,135,69,96,68,52,111,130,32" hai3="27,109,88,26,23,110,99,116,86,124,90,133,74"/><W21/><G116/><T84/><D119/><U8/><E71/><V78/><F32/><W14/><G74/><T3/><D108/><N who="3" m="41577" /><G124/><T38/><D103/><U94/><E77/><V11/><F111/><W44/><G23/><T64/><D128/><U122/><E122/><V118/><F118/><W87/><G99/><T117/><D117/><U34/><E34/><V45/><F130/><W63/><G133/><T82/><D54/><U24/><E24/><V102/><F135/><W33/><G44/><T85/><D40/><U95/><E115/><V47/><F47/><W55/><G14/><T37/><D64/><U105/><E105/><V46/><F46/><W17/><G86/><T127/><D22/><U129/><E95/><V134/><F134/><W25/><G27/><T51/><D51/><U89/><E129/><V107/><F107/><W120/><G120/><T48/><D48/><U4/><E89/><V7/><F114/><W121/><G121/><T20/><D20/><U50/><E50/><V70/><F112/><W73/><G87/><T79/><D82/><U113/><E98/><V6/><F81/><W36/><G36/><T16/><D16/><U101/><E101/><V19/><REACH who="2" step="1"/><F78/><REACH who="2" ten="299,198,93,400" step="2"/><W97/><G73/><T49/><D49/><U125/><E113/><V65/><F65/><W41/><G33/><T66/><D66/><U100/><E76/><V31/><F31/><W126/><G41/><T53/><D79/><U61/><E42/><V30/><F30/><W10/><G90/><T35/><D35/><U72/><E83/><V80/><F80/><W62/><G88/><RYUUKYOKU ba="0,1" sc="299,-10,198,-10,93,30,400,-10" hai2="6,7,11,13,19,45,52,68,69,70,96,102,106" owari="289,9.0,188,-21.0,123,-38.0,400,50.0" /></mjloggm>