<mjloggm ver="2.3"><GO type="169" lobby="0"/><UN n0="%E3%82%AF%E3%83%AD%E3%83%8E%E3%82%B9%40" n1="%E3%82%A6%E3%83%AB%E3%83%88%E3%83%A9%E7%AB%8B%E7%9B%B4" n2="%E3%83%AF%E3%83%B3%E3%82%BF%E3%83%B3%EF%BC%A0%E6%A8%AA%E6%B5%9C" n3="%E3%81%BE%E3%81%93%E3%81%95%E3%81%A8%76%65%72%32" dan="17,17,17,16" rate="2152.98,2219.02,2228.50,2176.03" sx="M,M,M,M"/><TAIKYOKU oya="0"/><INIT seed="0,0,0,4,3,73" ten="250,250,250,250" oya="0" hai0="47,68,129,71,23,117,84,14,88,121,15,11,87" hai1="83,32,54,5,89,97,49,130,128,119,101,53,103" hai2="100,29,116,107,37,22,91,95,24,131,34,1,126" hai3="102,52,109,21,132,122,133,56,48,6,12,79,66"/><T39/><D117/><U69/><E119/><V40/><F116/><W35/><G35/><T75/><D121/><U9/><E32/><V28/><F1/><W115/><G115/><T20/><D129/><N who="1" m="49771" /><E69/><V90/><F131/><W135/><G109/><T85/><D75/><U67/><E67/><V106/><F126/><W104/><G122/><T27/><D39/><U96/><E83/><V110/><F110/><W134/><G66/><T76/><D71/><U16/><E89/><V57/><F91/><W4/><N who="3" m="33792" /><DORA hai="2" /><W38/><G38/><T70/><D70/><U124/><E16/><V118/><F100/><N who="1" m="38473" /><E124/><V74/><F74/><W125/><G125/><T108/><D68/><U81/><E81/><V62/><F118/><W114/><G79/><T82/><D108/><U51/><E51/><V44/><F28/><W63/><G48/><T61/><D61/><U92/><E92/><V78/><F78/><W50/><G50/><T36/><D87/><U55/><E49/><V13/><F34/><W98/><G114/><T127/><D127/><U3/><AGARI ba="0,0" hai="3,5,9,53,54,55,96,97" m="38473,49771" machi="3" ten="40,2700,0" yaku="19,1,52,1" doraHai="73,2" who="1" fromWho="1" sc="250,-13,250,27,250,-7,250,-7" /><INIT seed="1,0,0,2,4,55" ten="237,277,243,243" oya="1" hai0="63,37,83,43,117,46,17,11,90,39,56,89,5" hai1="62,85,129,31,105,6,93,9,97,106,13,135,109" hai2="49,60,38,41,50,42,23,65,73,72,112,122,1" hai3="88,67,26,51,115,16,20,81,84,95,126,110,59"/><U130/><E135/><V71/><F1/><W40/><G110/><T18/><D39/><U86/><E109/><V64/><F23/><W104/><G104/><T7/><D117/><U131/><E31/><V100/><F100/><W113/><G126/><T123/><D123/><U29/><E29/><V3/><F3/><W127/><G127/><T32/><D32/><U108/><E108/><V114/><F73/><W74/><G40/><N who="2" m="15465" /><F72/><W82/><G82/><T121/><D121/><U119/><E119/><V80/><F80/><W21/><G21/><T124/><D124/><U12/><E12/><V15/><F15/><W70/><G70/><T111/><D111/><U54/><E105/><V79/><F79/><W103/><G74/><T125/><D125/><U33/><E106/><V68/><F38/><W10/><G10/><T19/><D83/><U102/><E33/><V47/><F122/><W2/><G2/><T99/><D99/><U76/><E76/><V36/><F36/><W22/><G22/><T35/><D35/><U57/><AGARI ba="0,0" hai="6,9,13,54,57,62,85,86,93,97,102,129,130,131" machi="57" ten="40,7800,0" yaku="0,1,19,1,52,1" doraHai="55" who="1" fromWho="1" sc="237,-26,277,78,243,-26,243,-26" /><INIT seed="1,1,0,1,0,74" ten="211,355,217,217" oya="1" hai0="76,13,105,77,111,53,62,86,42,48,90,132,15" hai1="107,37,97,44,31,110,127,81,96,68,88,117,3" hai2="52,120,121,0,8,129,40,51,71,61,20,95,43" hai3="82,22,60,103,118,66,46,134,32,39,131,6,41"/><U35/><E117/><V124/><F129/><W102/><G32/><T72/><D105/><U112/><E112/><V55/><F124/><W91/><G134/><T45/><D132/><U84/><E127/><V122/><F20/><W47/><G131/><T85/><D72/><U5/><E68/><V34/><F34/><W99/><G118/><T113/><D113/><U106/><E110/><V73/><F73/><W14/><G47/><T36/><D111/><U29/><E35/><V59/><F95/><W114/><G114/><T56/><D86/><U24/><E24/><V79/><F79/><N who="0" m="30282" /><D36/><U75/><E75/><V23/><F23/><W28/><G22/><T89/><D89/><U125/><E97/><V87/><F87/><W17/><G28/><T63/><D62/><U92/><E106/><V19/><F0/><W69/><G91/><T109/><D109/><U93/><E107/><V57/><F19/><W119/><G6/><T67/><D67/><U104/><E104/><V38/><F8/><W1/><G1/><T100/><D100/><U27/><E5/><V7/><F7/><W115/><G103/><T83/><AGARI ba="1,0" hai="13,15,42,45,48,53,56,63,83,85,90" m="30282" machi="83" ten="30,7900,0" yaku="8,1,52,3" doraHai="74" who="0" fromWho="0" sc="211,82,355,-40,217,-21,217,-21" /><INIT seed="2,0,0,5,3,102" ten="293,315,196,196" oya="2" hai0="47,58,94,29,107,88,40,21,54,48,50,27,70" hai1="114,111,6,123,115,36,34,17,93,42,59,119,128" hai2="74,112,33,98,124,96,49,84,67,105,57,1,53" hai3="11,9,87,56,109,76,126,122,2,125,65,116,39"/><V90/><F33/><W62/><G39/><T52/><D107/><U16/><E6/><V75/><F112/><W30/><G109/><T80/><D70/><U97/><E34/><V120/><F120/><W19/><G122/><T55/><D80/><U104/><E123/><V135/><F1/><W10/><G116/><T3/><D3/><U25/><E104/><V31/><F31/><W8/><G30/><T38/><D38/><U23/><E111/><V86/><F67/><W69/><G69/><T35/><D35/><U134/><E134/><V100/><F135/><W82/><N who="3" m="2048" /><DORA hai="64" /><W121/><G121/><T81/><REACH who="0" step="1"/><D81/><REACH who="0" ten="283,315,196,196" step="2"/><U28/><E36/><V22/><F105/><W15/><REACH who="3" step="1"/><G2/><REACH who="3" ten="283,315,196,186" step="2"/><T51/><D51/><U63/><E115/><V89/><F49/><W129/><G129/><T131/><D131/><U78/><E114/><V43/><F75/><W79/><G79/><T26/><D26/><U73/><E78/><V91/><F74/><W7/><G7/><T13/><D13/><U106/><E25/><V108/><F108/><W130/><G130/><T83/><D83/><U132/><E73/><V41/><F124/><W20/><AGARI ba="0,2" hai="15,19,20,56,62,65,76,82,87,125,126" m="2048" machi="20" ten="40,8000,1" yaku="1,1,0,1,53,2" doraHai="102,64" doraHaiUra="18,61" who="3" fromWho="3" sc="283,-20,315,-20,196,-40,186,100" /><INIT seed="3,0,0,5,0,62" ten="263,295,156,286" oya="3" hai0="39,135,24,43,100,45,103,86,50,54,21,61,31" hai1="37,82,17,83,96,121,51,78,22,107,56,1,99" hai2="33,46,101,109,67,5,19,134,71,131,130,57,23" hai3="123,49,38,16,105,41,14,79,125,59,47,11,2"/><W10/><G105/><T94/><D135/><U133/><E37/><V25/><F134/><W36/><G123/><T6/><D6/><U92/><E1/><V127/><F33/><W18/><G125/><T120/><D120/><U104/><E121/><V69/><F127/><W126/><G126/><T114/><D114/><U108/><E108/><V76/><F101/><W75/><G59/><N who="0" m="35063" /><D39/><U80/><E133/><V87/><F109/><W110/><G110/><T116/><D116/><U65/><E78/><V58/><F46/><W111/><G111/><T90/><AGARI ba="0,0" hai="21,24,31,43,45,50,86,90,94,100,103" m="35063" machi="90" ten="30,1100,0" yaku="8,1" doraHai="62" who="0" fromWho="0" sc="263,11,295,-3,156,-3,286,-5" /><INIT seed="4,0,0,2,4,41" ten="274,292,153,281" oya="0" hai0="9,22,128,63,101,37,74,69,77,91,57,120,1" hai1="100,46,135,21,59,56,67,70,103,123,122,115,48" hai2="129,31,81,72,39,19,55,93,40,60,88,89,90" hai3="16,62,43,71,68,106,104,134,36,18,61,47,118"/><T30/><D120/><U102/><E135/><V133/><F31/><W4/><G118/><T53/><D69/><U124/><E124/><V6/><F6/><W7/><G134/><T111/><D101/><U126/><E126/><V32/><F32/><W76/><G76/><T24/><D128/><U79/><E70/><V119/><F133/><W121/><G121/><T92/><D37/><U113/><E79/><V125/><F125/><W84/><G84/><T0/><D111/><U87/><E87/><V65/><F129/><W52/><G52/><T12/><D74/><U131/><E131/><V17/><F55/><W130/><G130/><T44/><D77/><U58/><E67/><V109/><F109/><W28/><G28/><T86/><REACH who="0" step="1"/><D44/><REACH who="0" ten="264,292,153,281" step="2"/><U51/><E122/><V45/><F72/><W96/><G36/><T114/><D114/><U14/><E123/><V83/><F119/><W34/><G47/><T117/><D117/><U38/><E38/><V97/><F45/><W20/><G71/><T5/><AGARI ba="0,1" hai="0,1,5,9,12,22,24,30,53,57,63,86,91,92" machi="5" ten="20,3900,0" yaku="1,1,0,1,7,1,53,0" doraHai="41" doraHaiUra="66" who="0" fromWho="0" sc="264,49,292,-13,153,-13,281,-13" /><INIT seed="4,1,0,2,2,8" ten="313,279,140,268" oya="0" hai0="53,16,126,42,9,20,36,13,37,94,52,43,125" hai1="60,31,11,111,46,29,44,34,81,51,48,114,62" hai2="113,109,35,79,124,100,57,90,107,33,80,132,68" hai3="116,117,128,19,73,112,121,56,70,61,10,30,96"/><T82/><D82/><U104/><E104/><V76/><F109/><W63/><G73/><T15/><D94/><U78/><E111/><V22/><F68/><W88/><G112/><T69/><D69/><U54/><E114/><V58/><F113/><W83/><G128/><T64/><D64/><U123/><E123/><V71/><F71/><W1/><G30/><T38/><D53/><U26/><E29/><V28/><F90/><W97/><G121/><T91/><D91/><U110/><E110/><V72/><F79/><W133/><G133/><T41/><REACH who="0" step="1"/><D52/><REACH who="0" ten="303,279,140,268" step="2"/><U99/><E81/><V102/><F80/><W24/><G70/><T67/><D67/><U115/><E115/><V3/><F107/><W7/><G83/><T18/><AGARI ba="1,1" hai="9,13,15,16,18,20,36,37,38,41,42,43,125,126" machi="18" ten="40,18000,2" yaku="1,1,0,1,52,2,54,1,53,1" doraHai="8" doraHaiUra="6" who="0" fromWho="0" sc="303,193,279,-61,140,-61,268,-61" /><INIT seed="4,2,0,3,5,1" ten="496,218,79,207" oya="0" hai0="83,34,43,130,38,109,63,42,33,5,75,135,115" hai1="79,78,68,45,36,65,116,80,121,64,53,70,84" hai2="56,122,11,111,95,22,0,40,14,26,72,37,27" hai3="119,41,90,112,125,99,54,97,86,39,74,3,82"/><T134/><D115/><U51/><E121/><V49/><F111/><W91/><G112/><T32/><D109/><U21/><E36/><V102/><F0/><W13/><G3/><T60/><D130/><U58/><E116/><V76/><F37/><W23/><G74/><T2/><D63/><U103/><E103/><V62/><F122/><W29/><G41/><T89/><D60/><U92/><E92/><V96/><F76/><W16/><G39/><T47/><D43/><U133/><E133/><N who="0" m="50697" /><D89/><U59/><E78/><V106/><F106/><W52/><G125/><T85/><D85/><U9/><E68/><V131/><F72/><W25/><G119/><T93/><D93/><U57/><E70/><V8/><F8/><W7/><G7/><T114/><D114/><U132/><E9/><V77/><F22/><N who="3" m="15543" /><G91/><T67/><D67/><U94/><E94/><V71/><F77/><W113/><G113/><T129/><D129/><U101/><E101/><V12/><F71/><W128/><G128/><T117/><D117/><U81/><E81/><V88/><F102/><W46/><G46/><T31/><D83/><U126/><E132/><V10/><F131/><W104/><G104/><T69/><D75/><U61/><E65/><N who="2" m="39111" /><F40/><W73/><G73/><T120/><D69/><N who="1" m="42127" /><E126/><V48/><F49/><W100/><G100/><T24/><D120/><U55/><E55/><AGARI ba="2,0" hai="13,16,23,52,54,55,82,86,90,97,99" m="15543" machi="55" ten="30,3900,0" yaku="8,1,54,2" doraHai="1" who="3" fromWho="1" sc="496,0,218,-45,79,0,207,45" /><INIT seed="5,0,0,2,1,76" ten="496,173,79,252" oya="1" hai0="12,28,45,104,16,98,3,90,46,135,117,100,63" hai1="56,39,93,110,113,27,81,26,5,18,33,102,131" hai2="10,37,132,77,115,62,112,123,54,124,85,109,55" hai3="87,126,114,1,0,14,32,86,2,58,116,111,20"/><U106/><E39/><V119/><F109/><W70/><G32/><T9/><D117/><U42/><E106/><V22/><F119/><W105/><G70/><T61/><D135/><U67/><E113/><N who="2" m="43595" /><F123/><W15/><G105/><T99/><D99/><N who="1" m="59759" /><E33/><V74/><F74/><W7/><G111/><T84/><D3/><U53/><E131/><V101/><F132/><W133/><G87/><T68/><D28/><U78/><E110/><V103/><F124/><W107/><G107/><T122/><D122/><U29/><E29/><V125/><F125/><W66/><G15/><T41/><D68/><U59/><E42/><V4/><F22/><W36/><G36/><T96/><D96/><U30/><E30/><V71/><F37/><W134/><G114/><T35/><D35/><U51/><E5/><V25/><F25/><W94/><G7/><T50/><D45/><U95/><E18/><V6/><F4/><W65/><G116/><T130/><D130/><U79/><E81/><AGARI ba="0,0" hai="9,12,16,41,46,50,61,63,81,84,90,98,100,104" machi="81" ten="30,3900,0" yaku="7,1,52,1,54,1" doraHai="76" who="0" fromWho="1" sc="496,39,173,-39,79,0,252,0" /><INIT seed="6,0,0,3,3,104" ten="535,134,79,252" oya="2" hai0="59,105,15,50,131,55,18,74,135,45,47,12,83" hai1="37,60,6,102,20,121,72,21,81,112,56,35,41" hai2="134,7,106,113,79,9,127,73,93,8,54,2,108" hai3="32,10,44,86,88,130,84,62,77,132,51,66,122"/><V19/><F106/><W23/><G32/><T53/><D105/><U115/><E35/><V87/><F73/><W98/><G130/><T94/><D131/><U117/><E102/><V99/><F108/><W95/><G132/><T1/><D1/><U96/><E96/><V125/><F134/><W118/><G122/><T17/><D135/><U78/><E6/><V48/><F113/><N who="1" m="43593" /><E117/><V25/><F87/><W75/><G118/><T43/><D74/><U40/><E121/><V46/><F79/><W92/><G10/><N who="0" m="6295" /><D83/><U89/><E89/><V30/><F19/><W101/><G23/><N who="1" m="8778" /><E37/><V26/><F9/><W76/><G84/><T91/><D43/><U52/><AGARI ba="0,0" hai="40,41,52,56,60,72,78,81" m="8778,43593" machi="52" ten="30,4000,0" yaku="15,1,52,1,54,1" doraHai="104" who="1" fromWho="1" sc="535,-10,134,40,79,-20,252,-10" /><INIT seed="7,0,0,2,4,125" ten="525,174,59,242" oya="3" hai0="102,61,95,89,42,118,110,128,66,87,93,90,48" hai1="84,109,129,31,132,111,41,18,80,97,82,63,43" hai2="108,40,86,83,51,20,101,75,73,107,88,69,46" hai3="62,22,7,116,36,9,35,44,11,29,85,23,103"/><W117/><G103/><T77/><D128/><U13/><E129/><V120/><F51/><W34/><G62/><T39/><D110/><U2/><E2/><V19/><F46/><W52/><G36/><T126/><D126/><U64/><E132/><V81/><F40/><W33/><G85/><T71/><D118/><U122/><E122/><V38/><F69/><W55/><G44/><T114/><D114/><U74/><E74/><N who="2" m="28171" /><F19/><W104/><G104/><T54/><D77/><U112/><E112/><V30/><F20/><N who="3" m="7723" /><G29/><T119/><D119/><N who="3" m="45641" /><G55/><T10/><D102/><U98/><E63/><V68/><F30/><W8/><G52/><T123/><D10/><U91/><E31/><V92/><F38/><W79/><G79/><T59/><D123/><U78/><E43/><V131/><F68/><W53/><G53/><T67/><D67/><U115/><E41/><V16/><F16/><W94/><G94/><T27/><D39/><U57/><E64/><V58/><F58/><W106/><G106/><T4/><D42/><U124/><E57/><V0/><F0/><AGARI ba="0,0" hai="0,7,8,9,11,33,34,35" m="45641,7723" machi="0" ten="40,3900,0" yaku="34,2" doraHai="125" who="3" fromWho="2" sc="525,0,174,0,59,-39,242,39" /><INIT seed="7,1,0,5,5,77" ten="525,174,20,281" oya="3" hai0="47,8,60,17,31,73,106,42,56,93,36,23,109" hai1="21,18,69,39,6,75,117,61,43,129,104,86,55" hai2="80,119,24,96,133,3,84,51,76,44,9,63,100" hai3="49,45,1,71,11,64,0,54,113,89,65,128,74"/><W32/><G32/><T95/><D73/><U124/><E104/><V108/><F108/><W88/><G113/><T20/><D109/><U91/><E75/><V14/><F119/><W53/><G128/><T66/><D106/><U122/><E6/><V87/><F133/><W101/><G101/><T59/><D59/><U135/><E124/><V2/><F3/><W115/><G74/><T48/><D36/><U4/><E4/><V97/><F2/><W116/><G71/><T103/><D103/><U16/><E18/><V131/><F131/><W41/><G41/><T70/><D70/><U110/><E110/><V98/><F24/><W126/><G11/><T120/><D120/><U130/><E117/><V7/><F63/><W123/><G45/><T90/><D31/><U107/><E61/><V125/><F125/><W112/><G126/><T27/><D93/><U30/><E107/><V52/><F87/><W102/><G102/><T72/><D72/><U40/><E122/><V78/><F78/><W38/><G38/><T68/><D68/><U111/><E111/><V15/><F15/><W99/><G49/><T81/><D81/><U127/><E127/><V5/><F5/><W34/><G116/><T28/><D8/><U58/><E135/><V22/><F22/><W92/><G34/><T121/><D121/><U105/><E130/><V29/><F29/><W134/><G123/><T12/><D95/><U82/><E30/><V62/><REACH who="2" step="1"/><F62/><REACH who="2" ten="525,174,10,281" step="2"/><W50/><G115/><T25/><D27/><N who="1" m="14759" /><E129/><V13/><F13/><W33/><G134/><T132/><D132/><U35/><E86/><RYUUKYOKU ba="1,1" sc="525,15,174,-15,10,15,281,-15" hai0="12,17,20,23,25,28,42,47,48,56,60,66,90" hai2="7,9,14,44,51,52,76,80,84,96,97,98,100" owari="550,64.0,159,-24.0,25,-47.0,266,7.0" /></mjloggm>