<mjloggm ver="2.3"><GO type="97" lobby="0"/><UN n0="%E5%B0%B1%E6%B4%BB%E7%94%9F%40%E5%B7%9D%E6%9D%91%E8%BB%8D%E5%9B%A3" n1="%4D%41%4E%41%42%55" n2="%E3%81%A7%E3%81%97%E3%81%8A" n3="%E3%81%82%E3%81%A4%E3%81%BF" dan="15,13,14,13" rate="2061.85,1848.97,1988.19,1864.81" sx="M,M,F,M"/><TAIKYOKU oya="0"/><INIT seed="0,0,0,0,1,79" ten="250,250,250,250" oya="0" hai0="99,127,86,27,110,61,49,118,76,116,93,25,91" hai1="98,60,40,84,128,59,111,87,36,75,94,120,103" hai2="38,53,124,62,24,47,131,130,119,72,5,23,96" hai3="4,115,34,102,30,10,126,114,100,125,31,109,65"/><T20/><D127/><N who="3" m="48649" /><G65/><T69/><D110/><U56/><E120/><V81/><F124/><W85/><G85/><T88/><D76/><U8/><E75/><V42/><F119/><W95/><G95/><T80/><D49/><U57/><E128/><N who="2" m="49195" /><F5/><W32/><G102/><T82/><D25/><U89/><E111/><V105/><F72/><W43/><G109/><T19/><REACH who="0" step="1"/><D82/><REACH who="0" ten="240,250,250,250" step="2"/><U104/><E87/><V77/><F81/><W9/><G43/><T7/><D7/><U13/><E40/><V26/><F77/><W129/><G129/><T15/><D15/><U3/><E36/><V16/><F26/><W90/><G100/><T64/><AGARI ba="0,1" hai="19,20,27,61,64,69,80,86,88,91,93,99,116,118" machi="64" ten="30,11700,0" yaku="1,1,0,1,52,1,54,1,53,0" doraHai="79" doraHaiUra="33" who="0" fromWho="0" sc="240,127,250,-39,250,-39,250,-39" /><INIT seed="0,1,0,4,2,12" ten="367,211,211,211" oya="0" hai0="72,27,112,56,99,76,53,7,54,45,107,81,59" hai1="122,39,87,121,3,111,62,125,71,46,131,68,117" hai2="28,120,14,1,126,118,34,93,35,29,17,92,65" hai3="37,9,47,113,109,20,2,66,67,91,108,30,95"/><T23/><D112/><U78/><E87/><V75/><F118/><W86/><G113/><T128/><D128/><U83/><E78/><V135/><F120/><W42/><G2/><T15/><D107/><U119/><E83/><V101/><F75/><W26/><REACH who="3" step="1"/><G9/><REACH who="3" ten="367,211,211,201" step="2"/><T52/><D45/><U73/><E121/><V102/><F1/><W13/><G13/><T44/><D44/><U49/><E46/><V63/><F14/><W32/><G32/><T90/><D15/><U33/><E117/><V94/><F34/><W48/><G48/><T60/><D7/><U0/><E49/><V22/><F35/><W124/><G124/><T115/><D115/><U116/><E62/><V64/><F126/><W106/><G106/><T114/><D114/><U8/><E119/><V57/><F135/><W6/><G6/><T105/><D60/><U5/><E8/><V19/><F63/><W77/><G77/><T130/><D130/><U110/><E5/><V134/><F134/><W100/><G100/><N who="2" m="38505" /><F22/><W129/><G129/><T24/><D105/><U132/><E3/><V25/><F25/><W21/><G21/><T127/><D127/><U103/><E103/><V104/><F104/><W85/><G85/><T96/><D24/><U16/><E125/><V82/><F82/><W36/><G36/><T123/><D123/><U38/><E39/><V84/><F84/><W41/><G41/><T18/><REACH who="0" step="1"/><D99/><REACH who="0" ten="357,211,211,201" step="2"/><U58/><E122/><V88/><F57/><W70/><G70/><T98/><D98/><U69/><E71/><V89/><F65/><AGARI ba="1,2" hai="20,26,30,37,42,47,65,66,67,86,91,95,108,109" machi="65" ten="40,1300,0" yaku="1,1,53,0" doraHai="12" doraHaiUra="51" who="3" fromWho="2" sc="357,0,211,0,211,-16,201,36" /><INIT seed="1,0,0,3,2,75" ten="357,211,195,237" oya="1" hai0="48,129,135,95,0,117,132,63,101,36,51,12,128" hai1="97,72,43,60,121,50,54,32,13,66,96,55,68" hai2="42,119,1,61,99,57,67,24,93,21,111,18,8" hai3="58,38,88,109,133,45,46,130,44,26,3,86,35"/><U30/><E121/><V84/><F119/><W122/><G38/><T65/><D0/><U131/><E131/><N who="0" m="50249" /><D36/><U81/><E13/><V126/><F126/><W16/><G122/><T85/><D117/><U105/><E43/><V59/><F111/><W34/><G3/><T87/><D12/><U134/><E134/><N who="0" m="51241" /><D101/><N who="1" m="62631" /><E50/><N who="0" m="18985" /><D95/><U106/><E97/><V104/><F42/><W64/><G109/><T100/><D100/><U19/><E19/><V125/><F104/><W94/><G133/><T92/><D92/><U28/><E28/><V89/><F125/><W31/><G130/><T2/><D2/><U15/><E15/><V115/><F115/><W107/><G107/><T53/><D53/><U110/><E106/><V76/><F1/><W116/><G116/><T113/><D113/><U108/><E108/><V49/><F8/><W41/><G41/><T25/><D25/><N who="1" m="18511" /><E110/><V103/><F103/><W80/><G80/><T69/><AGARI ba="0,0" hai="63,65,69,85,87" m="18985,51241,50249" machi="69" ten="40,2700,0" yaku="19,1,20,1" doraHai="75" who="0" fromWho="0" sc="357,27,211,-13,195,-7,237,-7" /><INIT seed="2,0,0,0,4,55" ten="384,198,188,230" oya="2" hai0="70,35,7,95,89,60,18,9,4,24,30,83,56" hai1="130,45,6,97,105,112,49,42,102,16,65,72,86" hai2="29,47,131,69,57,111,121,96,91,107,77,43,125" hai3="22,5,99,124,84,3,108,10,17,31,90,67,40"/><V15/><F121/><W33/><G124/><T26/><D70/><U79/><E112/><V118/><F125/><W44/><G108/><T27/><D83/><U106/><E130/><V129/><F118/><W48/><G67/><T2/><D7/><U25/><E106/><V92/><F69/><W63/><G99/><T41/><D41/><U37/><E65/><V0/><F0/><W39/><G39/><T117/><D117/><U88/><E6/><V134/><F77/><W21/><G63/><T75/><D75/><U103/><E102/><V12/><F107/><W85/><G85/><T64/><D18/><U11/><E37/><V61/><F29/><W66/><G66/><T80/><D80/><U74/><E79/><V54/><F134/><W52/><G40/><T76/><D76/><U38/><E38/><V53/><F53/><W20/><G33/><T32/><D32/><U50/><E49/><N who="2" m="26879" /><F111/><W62/><G62/><T123/><D123/><U71/><E71/><V59/><F59/><W8/><G31/><T104/><D104/><U68/><E68/><V19/><F129/><W1/><G1/><T122/><D122/><U36/><E36/><V82/><F82/><W23/><G10/><T28/><D28/><U110/><E110/><V113/><F131/><W115/><G115/><T114/><D114/><U132/><E132/><V34/><F34/><W87/><G90/><T51/><D51/><U98/><E98/><AGARI ba="0,0" hai="2,4,9,24,26,27,30,35,56,60,64,89,95,98" machi="98" ten="30,2000,0" yaku="7,1,52,1" doraHai="55" who="0" fromWho="1" sc="384,20,198,-20,188,0,230,0" /><INIT seed="3,0,0,5,4,78" ten="404,178,188,230" oya="3" hai0="29,113,38,68,107,131,118,130,58,8,2,73,117" hai1="64,110,30,50,90,114,92,40,129,84,57,15,25" hai2="108,93,48,69,43,125,26,41,88,106,7,17,42" hai3="62,5,81,0,32,98,21,103,85,75,83,51,27"/><W45/><G75/><T79/><D68/><U66/><E114/><V34/><F106/><W123/><G123/><T96/><D29/><U28/><E129/><N who="0" m="49161" /><D38/><U95/><E110/><V99/><F69/><W44/><G32/><T91/><D113/><U4/><E25/><V86/><F108/><W19/><G0/><T77/><D58/><U56/><E95/><N who="2" m="54679" /><F125/><W12/><G62/><T31/><D31/><N who="1" m="11819" /><E40/><V124/><F7/><W23/><G85/><T16/><D2/><U122/><E122/><V60/><F34/><W132/><G132/><T10/><D10/><N who="1" m="4551" /><E50/><V33/><F33/><W18/><G5/><T67/><D67/><AGARI ba="0,0" hai="56,57,64,66,67,84,90,92" m="4551,11819" machi="67" ten="30,1000,0" yaku="8,1" doraHai="78" who="1" fromWho="0" sc="404,-10,178,10,188,0,230,0" owari="394,49.0,188,-21.0,188,-31.0,230,3.0" /></mjloggm>