<mjloggm ver="2.3"><GO type="225" lobby="0"/><UN n0="%45%53%54%69" n1="%E9%AC%BC%E5%8F%A3%E3%81%BE%E3%81%93%E3%81%A8" n2="%6B%79%6F%6E%6B%6F%31%31" n3="%E5%B0%B1%E6%B4%BB%E7%94%9F%40%E5%B7%9D%E6%9D%91%E8%BB%8D%E5%9B%A3" dan="16,16,17,16" rate="2118.87,2251.90,2116.75,2062.68" sx="M,M,M,M"/><TAIKYOKU oya="0"/><INIT seed="0,0,0,3,5,51" ten="250,250,250,250" oya="0" hai0="91,115,127,105,42,22,13,134,55,130,35,40,56" hai1="116,101,58,28,19,113,65,95,31,37,88,94,82" hai2="110,24,84,70,66,120,79,21,26,86,131,38,117" hai3="125,118,76,71,14,78,122,98,89,41,3,104,10"/><T119/><D115/><U81/><E37/><V87/><F38/><W5/><G71/><T73/><D119/><U27/><E116/><V128/><F117/><W18/><G118/><T50/><D73/><U44/><E44/><V121/><F110/><W12/><G122/><N who="2" m="47209" /><F66/><W68/><G125/><T100/><D35/><U77/><E113/><V132/><F70/><W90/><G68/><T111/><D134/><U29/><E77/><V15/><F79/><W30/><G3/><T135/><D130/><N who="2" m="49706" /><F132/><W36/><G36/><T57/><D135/><U64/><E101/><V92/><F92/><W20/><G41/><T8/><D127/><U16/><E95/><V25/><F15/><W59/><G78/><T133/><D133/><U4/><E4/><V9/><F9/><W97/><G76/><T53/><D111/><U46/><E46/><V75/><F21/><W48/><G104/><T39/><D22/><U107/><E107/><V61/><F61/><W6/><G20/><T33/><D39/><U108/><E108/><V67/><F67/><W34/><G14/><T85/><D33/><U54/><E64/><V62/><F62/><W102/><G12/><T69/><D69/><U74/><E65/><V96/><F96/><W43/><G10/><T93/><D13/><U72/><E72/><AGARI ba="0,0" hai="24,25,26,72,75,84,86,87" m="49706,47209" machi="72" ten="40,5200,0" yaku="28,2,19,1" doraHai="51" who="2" fromWho="1" sc="250,0,250,-52,250,52,250,0" /><INIT seed="1,0,0,4,1,71" ten="250,198,302,250" oya="1" hai0="44,103,50,39,118,123,36,32,43,88,90,116,86" hai1="76,15,23,95,107,22,26,75,113,130,13,121,55" hai2="125,29,49,3,1,84,8,89,98,72,114,11,66" hai3="62,92,45,0,93,17,135,28,111,4,68,5,40"/><U2/><E107/><V21/><F72/><W46/><G111/><T54/><D32/><U56/><E2/><V10/><F66/><W122/><G135/><T65/><D123/><U100/><E121/><V91/><F125/><W41/><G122/><T131/><D131/><U81/><E113/><V6/><F114/><W127/><G127/><T20/><D103/><U110/><E110/><V69/><F69/><W87/><G28/><T77/><D36/><U82/><E82/><V38/><F38/><W105/><G105/><T64/><D77/><U73/><E73/><V35/><F35/><W67/><G17/><T18/><D90/><U42/><E42/><V115/><F6/><W51/><G0/><T108/><D108/><U124/><E23/><V128/><F128/><W47/><G47/><T53/><D118/><U119/><E119/><V19/><F29/><W60/><G60/><T59/><D54/><U80/><E80/><N who="2" m="49287" /><F115/><W112/><G112/><T97/><D97/><N who="1" m="59455" /><E130/><V126/><F126/><W132/><G132/><T63/><D116/><U61/><E124/><V109/><F109/><W79/><G93/><N who="0" m="54423" /><D39/><U57/><E57/><V129/><F129/><W52/><G41/><T133/><D133/><U70/><E70/><V34/><F34/><W102/><G102/><T16/><D20/><U25/><E22/><V14/><F98/><W101/><G79/><T99/><D99/><U33/><E33/><V120/><F120/><W85/><G101/><T96/><D96/><U7/><E7/><N who="3" m="2634" /><G92/><T58/><D58/><U83/><E83/><V27/><F1/><W9/><G9/><RYUUKYOKU ba="0,0" sc="250,10,198,10,302,-30,250,10" hai0="16,18,43,44,50,53,59,63,64,65" hai1="13,15,25,26,55,56,61,75,76,81" hai3="40,45,46,51,52,62,67,68,85,87" /><INIT seed="1,1,0,1,0,26" ten="260,208,272,260" oya="1" hai0="71,4,52,117,27,67,31,106,19,33,60,112,113" hai1="96,20,108,115,44,38,75,77,72,94,101,51,79" hai2="85,64,98,93,58,7,80,65,91,54,125,121,62" hai3="16,2,84,9,86,132,111,124,99,82,56,109,53"/><U135/><E38/><V12/><F125/><W3/><G124/><T68/><D117/><U8/><E115/><V105/><F121/><W81/><G132/><T34/><D71/><U59/><E135/><V50/><F105/><W122/><G99/><T17/><D34/><U107/><E107/><V6/><F12/><N who="3" m="7183" /><G122/><T39/><D39/><U70/><E70/><V114/><F114/><W73/><G73/><T14/><D106/><U92/><E92/><V97/><F97/><W24/><G24/><T120/><D120/><U5/><E72/><V57/><REACH who="2" step="1"/><F64/><REACH who="2" ten="260,208,262,260" step="2"/><W30/><G3/><T48/><D113/><U21/><E108/><V90/><AGARI ba="1,1" hai="6,7,50,54,57,58,62,65,80,85,90,91,93,98" machi="90" ten="20,12000,2" yaku="1,1,2,1,0,1,7,1,8,1,53,1" doraHai="26" doraHaiUra="49" who="2" fromWho="2" sc="260,-31,208,-61,262,133,260,-31" /><INIT seed="2,0,0,3,2,59" ten="229,147,395,229" oya="2" hai0="102,72,58,116,115,62,127,121,33,75,91,55,65" hai1="85,46,134,122,98,22,103,95,67,87,50,77,105" hai2="100,40,93,38,66,104,18,107,56,9,70,131,111" hai3="110,12,11,69,28,37,78,57,129,92,10,35,36"/><V128/><F70/><W99/><G69/><T113/><D115/><U94/><E134/><V130/><F38/><W34/><G129/><T21/><D113/><U47/><E122/><V45/><F93/><W123/><G123/><T7/><D33/><U17/><E105/><V90/><F90/><W83/><G110/><T42/><D102/><U81/><E67/><V32/><F32/><W114/><G114/><T31/><D127/><U1/><E1/><V119/><F119/><W41/><G57/><T20/><D121/><U3/><E3/><V30/><F30/><W64/><G64/><T97/><D42/><U82/><E95/><V8/><F111/><W0/><G0/><T132/><D132/><U19/><E50/><V125/><F125/><W112/><G112/><T52/><D7/><U74/><E74/><V120/><F120/><W44/><G36/><T16/><D116/><U86/><E86/><V60/><F100/><W48/><G28/><T5/><D5/><U88/><REACH who="1" step="1"/><E19/><REACH who="1" ten="229,137,395,229" step="2"/><V54/><F66/><W43/><G37/><T15/><D72/><U118/><E118/><V27/><F107/><W109/><G109/><T49/><D75/><U79/><E79/><V24/><F104/><W108/><G108/><T2/><D2/><U61/><E61/><V63/><F63/><W13/><G92/><N who="0" m="56479" /><D49/><U29/><E29/><V124/><F124/><W14/><G99/><T4/><D4/><U53/><E53/><V73/><F73/><N who="3" m="43471" /><G43/><T26/><AGARI ba="0,1" hai="15,16,20,21,26,31,52,55,58,62,65" m="56479" machi="26" ten="30,7900,0" yaku="8,1,52,1,54,2" doraHai="59" who="0" fromWho="0" sc="229,89,137,-20,395,-39,229,-20" /><INIT seed="3,0,0,5,1,97" ten="318,117,356,209" oya="3" hai0="104,9,50,74,43,102,46,54,90,109,5,112,37" hai1="108,107,17,3,127,72,57,41,88,114,33,95,70" hai2="96,21,15,73,130,12,101,82,48,62,65,19,99" hai3="84,18,126,111,121,98,131,23,77,42,123,124,31"/><W26/><G42/><T79/><D109/><U36/><RYUUKYOKU type="yao9" ba="0,0" sc="318,0,117,0,356,0,209,0" hai1="3,17,33,36,41,57,70,72,88,95,107,108,114,127" /><INIT seed="3,1,0,4,0,58" ten="318,117,356,209" oya="3" hai0="125,11,12,16,103,73,56,124,134,71,104,110,94" hai1="78,62,113,15,85,67,135,129,96,42,87,116,23" hai2="98,55,20,0,4,53,107,99,80,19,31,121,57" hai3="30,68,101,35,72,59,22,64,26,70,133,84,89"/><W117/><G72/><T92/><D71/><U47/><E113/><V46/><F107/><W8/><G117/><T128/><D73/><U36/><E116/><V43/><F31/><W34/><G133/><T132/><D110/><U5/><E135/><N who="0" m="51753" /><D128/><U90/><E129/><V27/><F121/><W131/><G101/><T74/><D74/><U9/><E78/><V69/><F69/><W115/><G115/><T119/><D119/><U37/><E23/><V65/><F4/><W18/><G8/><T48/><D48/><U21/><E21/><V50/><F0/><W41/><G41/><T39/><D39/><U88/><E37/><V123/><F123/><W118/><G118/><T127/><D56/><U24/><E24/><V29/><F80/><W97/><G97/><AGARI ba="1,0" hai="11,12,16,92,94,97,103,104,124,125,127" m="51753" machi="97" ten="40,5200,0" yaku="18,1,20,1,54,1" doraHai="58" who="0" fromWho="3" sc="318,55,117,0,356,0,209,-55" owari="373,47.0,117,-38.0,356,16.0,154,-25.0" /></mjloggm>