<mjloggm ver="2.3"><GO type="225" lobby="0"/><UN n0="%E3%83%88%E3%83%88%E3%83%AA%E5%85%88%E7%94%9F%31%39%E6%AD%B3" n1="%E6%9D%89%E6%B5%A6%E7%B6%BE%E4%B9%83%76" n2="%E9%9B%80%E9%BE%8D%E9%96%80%5F%59%75%74%69" n3="%E3%82%A6%E3%82%A3%E3%83%83%E3%83%81" dan="17,16,16,16" rate="2128.30,2152.04,2124.76,2071.99" sx="F,M,M,F"/><TAIKYOKU oya="0"/><INIT seed="0,0,0,5,1,50" ten="250,250,250,250" oya="0" hai0="12,96,23,119,7,75,47,63,62,107,135,52,126" hai1="95,89,118,72,38,45,93,44,81,78,117,116,51" hai2="49,57,30,121,66,99,112,48,83,100,32,114,69" hai3="36,16,18,24,113,82,56,103,77,22,97,132,65"/><T76/><D119/><U84/><E38/><V19/><F121/><W25/><G36/><T1/><D1/><U98/><REACH who="1" step="1"/><E51/><REACH who="1" ten="250,240,250,250" step="2"/><V3/><F49/><W61/><G132/><T26/><D135/><U53/><E53/><V59/><F48/><W90/><G65/><T28/><D26/><U10/><E10/><V21/><F66/><W101/><G25/><T125/><D47/><U43/><E43/><V73/><F112/><W0/><G113/><T67/><D67/><U122/><E122/><V34/><F114/><W86/><G24/><N who="0" m="16415" /><D52/><U58/><E58/><V64/><F59/><W4/><G56/><T120/><D120/><U37/><E37/><V71/><F57/><W20/><G61/><T54/><D54/><U13/><E13/><V42/><F64/><W123/><G123/><T70/><D63/><U15/><E15/><N who="2" m="9471" /><F42/><W40/><G40/><T85/><D62/><U11/><E11/><V17/><F71/><W2/><G2/><T27/><D70/><U31/><E31/><V134/><F3/><W68/><G68/><T133/><D27/><U9/><E9/><V74/><F69/><W104/><G0/><T92/><D133/><U94/><E94/><N who="2" m="58487" /><F134/><W5/><G104/><T111/><D107/><U110/><E110/><V130/><F30/><W128/><G22/><T14/><D111/><U8/><E8/><V127/><F34/><W41/><G20/><T60/><D60/><U102/><AGARI ba="0,1" hai="44,45,72,78,81,84,89,93,95,98,102,116,117,118" machi="102" ten="30,4000,0" yaku="1,1,0,1,53,1" doraHai="50" doraHaiUra="106" who="1" fromWho="1" sc="250,-20,240,50,250,-10,250,-10" /><INIT seed="1,0,0,3,2,41" ten="230,290,240,240" oya="1" hai0="117,0,63,84,58,46,33,51,32,129,16,111,61" hai1="101,106,100,42,130,118,57,4,90,12,96,80,132" hai2="19,1,107,18,26,76,125,11,45,20,120,25,14" hai3="86,109,40,102,8,73,59,64,72,55,2,24,82"/><U75/><E118/><V38/><F120/><W110/><G102/><T116/><D0/><U78/><E130/><V70/><F125/><W67/><G40/><T9/><D129/><U126/><E126/><V74/><F70/><W87/><G24/><T98/><D111/><N who="3" m="42505" /><G2/><T71/><D98/><U91/><E132/><V15/><F107/><W35/><G8/><T65/><D84/><N who="3" m="32297" /><G35/><T134/><D134/><U37/><E101/><V54/><F1/><W7/><G7/><T92/><D92/><U22/><E4/><V27/><F38/><W68/><G68/><T95/><D95/><U119/><E12/><V114/><F114/><W30/><G30/><T83/><D33/><U93/><E22/><V89/><F89/><W31/><G31/><T10/><D32/><U122/><E91/><V39/><F39/><W62/><G82/><T123/><D83/><U23/><E23/><V79/><F74/><AGARI ba="0,0" hai="55,59,62,64,67,72,73,74" m="32297,42505" machi="74" ten="30,1000,0" yaku="14,1" doraHai="41" who="3" fromWho="2" sc="230,0,290,0,240,-10,240,10" /><INIT seed="2,0,0,3,5,118" ten="230,290,230,250" oya="2" hai0="61,24,115,75,17,87,81,58,123,72,1,91,68" hai1="70,93,92,131,56,34,99,76,73,80,8,27,69" hai2="14,97,33,104,86,105,83,134,3,130,132,9,90" hai3="126,43,129,102,59,95,42,28,39,122,15,65,44"/><V29/><F3/><W88/><G126/><T49/><D115/><U63/><E8/><V85/><F33/><W120/><G43/><T54/><D1/><U45/><E45/><V0/><F29/><W98/><G129/><T51/><D123/><U20/><E34/><V74/><F0/><W94/><G28/><T6/><D6/><U71/><E131/><V101/><F130/><W109/><G109/><T36/><D36/><U52/><REACH who="1" step="1"/><E99/><REACH who="1" ten="230,280,230,250" step="2"/><V13/><F9/><W47/><G44/><T107/><D75/><U64/><E64/><V62/><F74/><W79/><G65/><T84/><D72/><U128/><E128/><V31/><F97/><W100/><G98/><T48/><D84/><U125/><E125/><V78/><F86/><W82/><G47/><T119/><D119/><U5/><E5/><V106/><F85/><W57/><G39/><T37/><D37/><U41/><E41/><V22/><F104/><W19/><G42/><T30/><D107/><U38/><E38/><V55/><F105/><W53/><G53/><T114/><D114/><U32/><E32/><V2/><F55/><W121/><G121/><T10/><D10/><U50/><E50/><V127/><F106/><W113/><G113/><T12/><D49/><U23/><E23/><V89/><F22/><N who="3" m="11647" /><G122/><T133/><D51/><U21/><E21/><V46/><F127/><W35/><G120/><T103/><D54/><U117/><E117/><V111/><F46/><W18/><G35/><T66/><D66/><U110/><E110/><V135/><F111/><W16/><G79/><T7/><D48/><RYUUKYOKU ba="0,1" sc="230,-10,280,30,230,-10,250,-10" hai1="20,27,52,56,63,69,70,71,73,76,80,92,93" /><INIT seed="3,1,1,2,4,63" ten="220,310,220,240" oya="3" hai0="27,34,26,29,133,31,107,60,97,108,77,79,81" hai1="23,121,83,22,49,78,59,21,120,96,6,13,74" hai2="39,122,0,3,109,62,93,86,102,35,80,135,58" hai3="11,84,114,55,85,110,89,119,87,42,30,117,112"/><W98/><G30/><T51/><D108/><U73/><E73/><V54/><F35/><W90/><G42/><T25/><D133/><U18/><E6/><V1/><F109/><W68/><G68/><T50/><D26/><U105/><E105/><V91/><F135/><W92/><G55/><T45/><D107/><U131/><E96/><V82/><F122/><W94/><G11/><T37/><D97/><U46/><E59/><V95/><REACH who="2" step="1"/><F39/><REACH who="2" ten="220,310,210,240" step="2"/><W88/><G110/><T32/><D37/><U15/><E121/><V66/><F66/><W10/><G10/><T41/><D60/><U12/><E120/><V47/><F47/><W71/><G71/><T70/><D70/><U56/><E46/><V38/><F38/><W17/><G117/><T103/><D50/><U125/><E49/><V106/><F106/><W36/><G119/><T104/><D104/><U65/><E65/><V72/><F72/><W20/><G36/><T101/><D77/><U64/><E64/><V67/><F67/><W16/><G112/><T52/><D41/><U14/><E56/><V127/><F127/><W123/><G114/><T44/><D44/><U5/><E125/><V53/><F53/><W69/><G123/><T4/><D4/><U99/><E5/><V40/><F40/><W76/><G69/><T19/><D19/><N who="3" m="7241" /><G76/><T128/><D128/><U134/><E131/><V2/><N who="2" m="0" /><DORA hai="111" /><V8/><F8/><W43/><G43/><T9/><D9/><N who="1" m="6415" /><E134/><V100/><F100/><N who="3" m="60487" /><G20/><T126/><D126/><U118/><E118/><V48/><F48/><W24/><G24/><T115/><D115/><RYUUKYOKU ba="1,2" sc="220,0,310,0,210,0,240,0" hai0="25,27,29,31,32,34,45,51,52,79,81,101,103" hai1="13,14,15,21,22,23,74,78,83,99" hai2="54,58,62,80,82,86,91,93,95,102" hai3="84,85,87,88,89,90,94" /><INIT seed="3,2,2,1,4,107" ten="220,310,210,240" oya="3" hai0="90,104,16,117,12,8,78,128,102,83,77,25,9" hai1="49,124,27,33,23,31,75,4,126,103,18,118,68" hai2="58,29,89,13,41,46,82,2,34,131,69,6,116" hai3="15,110,91,42,123,52,134,74,3,109,101,133,100"/><W10/><G3/><T35/><D117/><U65/><E75/><V61/><F116/><W54/><G91/><T81/><D128/><U86/><E118/><V28/><F69/><W71/><G74/><T11/><D104/><U88/><E4/><V120/><F2/><W72/><G72/><T20/><D102/><N who="3" m="39529" /><G42/><T108/><D108/><N who="3" m="41577" /><G71/><T96/><D35/><U57/><E103/><V97/><F34/><W92/><G92/><N who="0" m="56343" /><D12/><N who="1" m="9671" /><E68/><V85/><F131/><W44/><G123/><T62/><D62/><U119/><E119/><V122/><F97/><W39/><G39/><T21/><D21/><U67/><E124/><V130/><F130/><W24/><G24/><T48/><D48/><U113/><E126/><V56/><F122/><W19/><G44/><T37/><D37/><U73/><E73/><V66/><F120/><W127/><G127/><T129/><D129/><U30/><E27/><V50/><F58/><W132/><AGARI ba="2,2" hai="10,15,19,52,54,132,133,134" m="41577,39529" machi="132" ten="40,12000,1" yaku="20,1,14,1,10,1,54,1" doraHai="107" who="3" fromWho="3" sc="220,-42,310,-42,210,-42,240,146" owari="178,-22.0,268,7.0,168,-33.0,386,48.0" /></mjloggm>