<mjloggm ver="2.3"><GO type="41" lobby="0"/><UN n0="%E9%B3%B3%E5%BC%A5" n1="%E5%A4%A9%E4%B8%8B" n2="%61%6E%64%72%69%79" n3="%E5%B0%B1%E6%B4%BB%E7%94%9F%40%E5%B7%9D%E6%9D%91%E8%BB%8D%E5%9B%A3" dan="13,14,15,14" rate="1921.50,1997.83,2069.70,1953.57" sx="M,M,F,M"/><TAIKYOKU oya="0"/><INIT seed="0,0,0,0,2,18" ten="250,250,250,250" oya="0" hai0="42,35,31,34,106,28,45,76,40,66,17,65,128" hai1="80,84,26,113,99,14,126,75,109,125,16,132,88" hai2="44,59,50,107,24,33,8,70,103,58,0,79,4" hai3="94,111,135,55,115,130,112,119,98,124,49,78,38"/><T2/><D2/><U102/><E109/><V101/><F70/><W39/><G78/><T86/><D106/><N who="1" m="63839" /><E26/><V104/><F79/><W11/><G11/><T63/><D128/><U27/><E27/><V96/><F33/><W116/><G94/><T53/><D17/><U13/><E13/><V93/><F93/><W47/><G98/><T121/><D121/><U133/><E75/><V36/><F36/><W89/><G89/><T7/><D7/><U77/><E113/><V105/><F105/><W134/><G111/><T67/><D53/><U9/><E77/><V30/><F103/><W46/><G55/><T110/><D110/><U21/><E9/><V85/><F85/><W91/><G91/><T32/><D63/><U5/><E5/><V68/><F68/><W1/><G1/><T129/><D129/><U25/><E25/><V95/><F95/><W29/><G29/><T118/><D118/><U22/><E22/><V90/><F90/><W15/><G15/><T51/><REACH who="0" step="1"/><D40/><REACH who="0" ten="240,250,250,250" step="2"/><U71/><E71/><V82/><F4/><W72/><G130/><T64/><N who="0" m="16896" /><DORA hai="48" /><T122/><D122/><U52/><E52/><V12/><F0/><W20/><G119/><T123/><D123/><U87/><E84/><V41/><F41/><W3/><G116/><T69/><D69/><U57/><E57/><V54/><F58/><W131/><G3/><T100/><D100/><U114/><E114/><V97/><F59/><W92/><G131/><T43/><D43/><U83/><E83/><AGARI ba="0,1" hai="28,31,32,34,35,42,45,51,76,83,86" m="16896" machi="83" ten="60,2900,0" yaku="1,1,53,0" doraHai="18,48" doraHaiUra="10,6" who="0" fromWho="1" sc="240,39,250,-29,250,0,250,0" /><INIT seed="0,1,0,3,5,106" ten="279,221,250,250" oya="0" hai0="23,58,46,21,57,42,55,10,112,0,105,98,79" hai1="2,93,107,123,39,86,66,70,33,74,111,133,114" hai2="76,25,62,26,8,127,6,28,60,47,17,18,129" hai3="50,16,49,20,131,56,41,116,71,9,30,78,19"/><T132/><D112/><U31/><E66/><V110/><F110/><W48/><G71/><T64/><D64/><U45/><E45/><V61/><F127/><W113/><G116/><T92/><D105/><U94/><E86/><V51/><F129/><W88/><G113/><T82/><D132/><U36/><E94/><V65/><F65/><W84/><G131/><T75/><D57/><U32/><E93/><V12/><F76/><W40/><G78/><T90/><D10/><U11/><E11/><V91/><F91/><W4/><G56/><T44/><D0/><U22/><E22/><N who="2" m="15447" /><F25/><N who="3" m="16679" /><G4/><T102/><D46/><U80/><E80/><V104/><F104/><W115/><G115/><T81/><D81/><U120/><E31/><V68/><F68/><W119/><G119/><T29/><D29/><U72/><E33/><V121/><F121/><W135/><G135/><T3/><D3/><U69/><E74/><V100/><F100/><W85/><G85/><T89/><D89/><U5/><E5/><V27/><F27/><W53/><G53/><AGARI ba="1,0" hai="6,8,12,17,18,47,51,53,60,61,62" m="15447" machi="53" ten="30,1000,0" yaku="8,1" doraHai="106" who="2" fromWho="3" sc="279,0,221,0,250,13,250,-13" /><INIT seed="1,0,0,2,3,123" ten="279,221,263,237" oya="1" hai0="42,38,60,1,84,52,75,18,48,97,45,59,88" hai1="54,135,65,104,64,126,92,58,115,16,43,37,101" hai2="112,72,6,89,9,8,20,111,13,31,0,21,81" hai3="66,46,120,119,114,71,26,95,27,14,19,5,3"/><U47/><E115/><V80/><F112/><W50/><G120/><T122/><D122/><U99/><E126/><V103/><F103/><W116/><G114/><T57/><D75/><U125/><E135/><V109/><F72/><W22/><G71/><T110/><D1/><U39/><E39/><V67/><F67/><W93/><G93/><BYE who="3" /><T73/><D110/><N who="2" m="41994" /><F89/><UN n3="%E5%B0%B1%E6%B4%BB%E7%94%9F%40%E5%B7%9D%E6%9D%91%E8%BB%8D%E5%9B%A3" /><W105/><G105/><T29/><D73/><U56/><E56/><V70/><F70/><W117/><G66/><T100/><D29/><U128/><E128/><V12/><F0/><W102/><G95/><N who="0" m="58431" /><D18/><U74/><E74/><V55/><F55/><W96/><G96/><T10/><D38/><U62/><E125/><V118/><F118/><W130/><G102/><T133/><D133/><U25/><REACH who="1" step="1"/><E104/><REACH who="1" ten="279,211,263,237" step="2"/><V61/><F61/><W79/><G130/><T108/><D108/><U33/><E33/><V134/><F134/><W24/><G119/><T51/><D60/><U34/><E34/><V53/><F53/><W44/><G117/><T131/><D131/><U121/><E121/><V35/><F81/><W107/><G116/><T4/><D52/><U86/><E86/><V69/><F80/><W32/><G107/><T132/><D132/><U91/><E91/><V7/><F69/><W63/><G63/><T11/><D84/><U78/><E78/><V15/><F15/><W41/><G79/><T68/><D68/><U129/><E129/><V49/><F49/><W17/><G32/><T85/><D51/><U124/><E124/><V90/><F90/><W77/><G77/><T106/><D88/><U127/><E127/><RYUUKYOKU ba="0,1" sc="279,-15,211,15,263,15,237,-15" hai1="16,25,37,43,47,54,58,62,64,65,92,99,101" hai2="6,7,8,9,12,13,20,21,31,35" /><INIT seed="1,1,1,5,5,23" ten="264,226,278,222" oya="1" hai0="134,74,7,68,107,106,95,115,22,128,105,58,121" hai1="71,119,35,67,59,9,98,32,43,53,18,16,54" hai2="33,75,28,24,11,8,65,51,97,112,44,45,5" hai3="132,117,27,72,63,42,4,76,110,70,111,31,85"/><U36/><E119/><V88/><F75/><W83/><G117/><T47/><D115/><U26/><E71/><V100/><F65/><N who="3" m="41279" /><G85/><T55/><D74/><U90/><E43/><V113/><F88/><W84/><G84/><T124/><D124/><U120/><E36/><V48/><F48/><W15/><G15/><T1/><D128/><U99/><E35/><V108/><F108/><N who="3" m="41515" /><G42/><T133/><D47/><U34/><E32/><V50/><F50/><W60/><G60/><T81/><D81/><U93/><E34/><V109/><F109/><W12/><G12/><T123/><D68/><U37/><E37/><V52/><F45/><W77/><G77/><T66/><D66/><U6/><E120/><N who="0" m="46153" /><D95/><U73/><E73/><V86/><F86/><W14/><G14/><T101/><D101/><U129/><E129/><V96/><F96/><W122/><G122/><T49/><D22/><N who="1" m="13639" /><E99/><V29/><F97/><W40/><G40/><T38/><D38/><U82/><E82/><V94/><F94/><W64/><G64/><T127/><D127/><U87/><E87/><V19/><F100/><W3/><G3/><T10/><AGARI ba="1,1" hai="1,7,10,49,55,58,105,106,107,133,134" m="46153" machi="10" ten="40,1500,0" yaku="13,1" doraHai="23" who="0" fromWho="0" sc="264,28,226,-8,278,-5,222,-5" /><INIT seed="2,0,0,3,4,134" ten="292,218,273,217" oya="2" hai0="13,19,33,120,11,77,12,46,81,132,71,87,1" hai1="112,51,44,47,75,93,118,2,109,64,79,116,41" hai2="20,32,29,42,99,68,66,127,53,123,35,16,98" hai3="23,80,50,88,111,85,56,106,61,27,34,5,60"/><V97/><F123/><W117/><G106/><T73/><D132/><U121/><E109/><V101/><F42/><W96/><G111/><T39/><D71/><U15/><E112/><V74/><F74/><W26/><G117/><T8/><D33/><U45/><E2/><V82/><F82/><W62/><G34/><T133/><D120/><U59/><E15/><V58/><F101/><W40/><G96/><T104/><D104/><U131/><E93/><V108/><F108/><W114/><G114/><T70/><D70/><U86/><E86/><V107/><F107/><W72/><G72/><T89/><D1/><U10/><E10/><V24/><F66/><W0/><G0/><T31/><D31/><U83/><E121/><V49/><F68/><W113/><G5/><T78/><D73/><U95/><E95/><V115/><F115/><W3/><G3/><T43/><D133/><U129/><E83/><V30/><REACH who="2" step="1"/><F127/><REACH who="2" ten="292,218,263,217" step="2"/><W57/><G113/><T7/><AGARI ba="0,1" hai="7,8,11,12,13,19,39,43,46,77,78,81,87,89" machi="7" ten="20,1500,0" yaku="0,1,7,1" doraHai="134" who="0" fromWho="0" sc="292,25,218,-4,263,-7,217,-4" /><INIT seed="3,0,0,3,1,103" ten="317,214,256,213" oya="3" hai0="71,74,58,8,0,109,33,114,50,124,25,119,94" hai1="129,68,66,57,125,5,64,51,120,34,122,24,55" hai2="41,84,31,83,128,130,3,52,22,100,106,67,7" hai3="32,60,12,29,117,80,115,92,44,79,91,116,30"/><W18/><G115/><T16/><D114/><U2/><E129/><N who="2" m="49771" /><F41/><W121/><G121/><T13/><D74/><U78/><E125/><V126/><F67/><W15/><G15/><T127/><D71/><U86/><E68/><V133/><F126/><N who="0" m="48170" /><D109/><U81/><E122/><V102/><F133/><W46/><G116/><T73/><D73/><U131/><E120/><V93/><F93/><W11/><G117/><T54/><D119/><U69/><E69/><V53/><F7/><W101/><G101/><T65/><D65/><U27/><E131/><V39/><F39/><W77/><G60/><T14/><D94/><U134/><E134/><V96/><F102/><W49/><G32/><T113/><D113/><U48/><E34/><V28/><F3/><W40/><G46/><T87/><D87/><U37/><E37/><V43/><F43/><W17/><G17/><T56/><D56/><N who="1" m="32871" /><E5/><V6/><F6/><W47/><G47/><T108/><D108/><U45/><E2/><V38/><F38/><W110/><G110/><T95/><D0/><U70/><E70/><V135/><F135/><W75/><REACH who="3" step="1"/><G79/><REACH who="3" ten="317,214,256,203" step="2"/><T104/><D33/><U9/><E45/><V123/><F123/><W88/><G88/><T36/><D13/><U112/><E112/><V23/><F31/><W97/><AGARI ba="0,1" hai="11,12,18,29,30,40,44,49,75,77,80,91,92,97" machi="97" ten="20,3900,0" yaku="1,1,0,1,7,1,53,0" doraHai="103" doraHaiUra="82" who="3" fromWho="3" sc="317,-13,214,-13,256,-13,203,49" /><INIT seed="3,1,0,5,5,26" ten="304,201,243,252" oya="3" hai0="71,123,100,10,90,97,124,1,60,33,130,77,40" hai1="113,46,52,7,108,131,65,112,86,57,91,103,0" hai2="101,13,17,20,89,16,59,44,118,122,126,18,12" hai3="104,34,14,99,62,96,134,43,133,95,31,127,129"/><W117/><G117/><T110/><D110/><U105/><E131/><V23/><F118/><W80/><G104/><T106/><D123/><U22/><E108/><V55/><F122/><W51/><G129/><T74/><D124/><U15/><E0/><V30/><F126/><W75/><G127/><T115/><D115/><U78/><E78/><V93/><F101/><W32/><G62/><T24/><D90/><U27/><E103/><V70/><F44/><W35/><G14/><T61/><D40/><U116/><E105/><V54/><F70/><W107/><G107/><T29/><D130/><U88/><E116/><V72/><F72/><W102/><G99/><T9/><D60/><N who="1" m="38031" /><E86/><N who="2" m="52407" /><F54/><W58/><G31/><T53/><D53/><U47/><E47/><V63/><F23/><W39/><G39/><T19/><D19/><U132/><E132/><N who="3" m="50794" /><G43/><T114/><D114/><U119/><E119/><V128/><F128/><W5/><G5/><T94/><D1/><U111/><E111/><V66/><F66/><W6/><G6/><T109/><D109/><U56/><E46/><V121/><F121/><W2/><G2/><T87/><D74/><U83/><E83/><V68/><F68/><W41/><G41/><T42/><D42/><U84/><E84/><V45/><F45/><W98/><G98/><T37/><D37/><U50/><E113/><V3/><F3/><W21/><G21/><T81/><D94/><U135/><E135/><V38/><F38/><W79/><G35/><T36/><D36/><U8/><E112/><V120/><F120/><W76/><G76/><T28/><D33/><RYUUKYOKU ba="1,0" sc="304,-30,201,10,243,10,252,10" hai1="7,8,15,22,27,50,52,56,88,91" hai2="12,13,16,17,18,20,30,55,59,63" hai3="32,34,51,58,75,79,80,95,96,102" /><INIT seed="3,2,0,3,4,113" ten="274,211,253,262" oya="3" hai0="78,102,106,67,127,24,36,134,6,83,120,112,8" hai1="131,107,42,52,126,76,54,14,69,17,89,118,114" hai2="0,28,81,20,85,46,132,75,39,95,60,66,128" hai3="23,16,93,94,58,47,1,105,115,57,22,53,63"/><W110/><G105/><T80/><D112/><U133/><E114/><V64/><F0/><W104/><G1/><T111/><D111/><U50/><E118/><V26/><F75/><W88/><G104/><T19/><D36/><U45/><E126/><V37/><F132/><W49/><G115/><T101/><D127/><U103/><E133/><V79/><F128/><W109/><G94/><T100/><D134/><U108/><E131/><V117/><F117/><W27/><G23/><N who="0" m="13439" /><D106/><U5/><E5/><V40/><F95/><W25/><G25/><T71/><D71/><U65/><E76/><V91/><F79/><W123/><G123/><T82/><D120/><U21/><E108/><N who="3" m="41578" /><G63/><T32/><D32/><U55/><E89/><V11/><F11/><W61/><G61/><T30/><D30/><U99/><E65/><V13/><F13/><W70/><G70/><T35/><D35/><U48/><REACH who="1" step="1"/><E69/><REACH who="1" ten="274,201,253,262" step="2"/><V31/><F66/><W125/><G125/><T121/><D121/><U2/><E2/><V29/><F64/><W119/><G119/><T98/><D67/><U4/><E4/><V130/><F130/><W68/><G68/><T84/><D78/><U34/><E34/><V116/><F116/><W87/><AGARI ba="2,1" hai="16,22,27,47,49,53,57,58,87,88,93" m="41578" machi="87" ten="30,11700,0" yaku="14,1,10,1,54,2" doraHai="113" who="3" fromWho="3" sc="274,-41,201,-41,253,-41,262,133" /><INIT seed="3,3,0,2,2,41" ten="233,160,212,395" oya="3" hai0="18,131,43,36,62,2,125,44,88,32,91,100,94" hai1="90,68,37,9,54,117,134,45,0,10,55,29,48" hai2="75,110,51,77,122,119,115,87,60,135,92,35,6" hai3="58,89,130,13,40,59,101,93,127,120,66,4,42"/><W5/><G120/><T7/><D125/><U53/><E117/><V79/><F115/><W73/><G73/><T52/><D131/><U47/><E134/><V105/><F119/><W28/><G127/><T86/><D32/><U22/><E68/><V116/><F116/><W50/><G130/><T23/><D100/><U123/><E0/><V34/><F105/><W1/><G1/><T69/><D69/><U30/><E123/><V39/><F39/><W3/><G3/><T19/><D91/><U71/><E71/><V97/><F75/><W82/><G101/><T11/><REACH who="0" step="1"/><D23/><REACH who="0" ten="223,160,212,395" step="2"/><U25/><E90/><V38/><F34/><W83/><G89/><T133/><D133/><U98/><E30/><V106/><F35/><W26/><G28/><T107/><D107/><U114/><E114/><V128/><F106/><W49/><G93/><T76/><D76/><U70/><E70/><V111/><F77/><W85/><G83/><T57/><AGARI ba="3,1" hai="2,7,11,18,19,36,43,44,52,57,62,86,88,94" machi="57" ten="30,12000,2" yaku="1,1,0,1,52,1,54,2,53,2" doraHai="41" doraHaiUra="14" who="0" fromWho="0" sc="223,139,160,-33,212,-33,395,-63" /><INIT seed="4,0,0,0,5,126" ten="362,127,179,332" oya="0" hai0="103,133,130,54,56,2,20,66,42,82,116,114,30" hai1="118,21,14,77,17,65,128,43,98,106,96,11,113" hai2="25,48,76,123,80,109,92,22,108,24,37,53,73" hai3="40,119,1,75,102,28,99,110,124,134,104,57,55"/><T67/><D116/><U38/><E118/><V26/><F123/><W117/><G1/><T101/><D2/><U49/><E128/><V129/><F37/><W52/><G75/><T97/><D114/><U81/><E113/><V70/><F70/><W88/><G124/><T45/><D130/><U19/><E38/><V15/><F92/><W29/><G110/><N who="2" m="42601" /><F15/><W132/><G40/><T100/><D133/><N who="3" m="51305" /><G88/><T64/><D82/><U93/><E65/><V122/><F122/><W44/><G44/><T3/><D3/><U8/><E106/><V120/><F120/><W35/><G55/><T69/><D69/><U87/><E96/><V36/><F36/><W9/><G9/><T50/><D97/><U47/><REACH who="1" step="1"/><E19/><REACH who="1" ten="362,117,179,332" step="2"/><N who="2" m="12383" /><F129/><W127/><G127/><T121/><D121/><U83/><E83/><V85/><F73/><W16/><G117/><T86/><D67/><U27/><E27/><V71/><F71/><W105/><G119/><T63/><D66/><U4/><E4/><V84/><F84/><W62/><G105/><T112/><D112/><U94/><E94/><V72/><F72/><W135/><G135/><T46/><D86/><U5/><E5/><V13/><F13/><W31/><G16/><T79/><D64/><U91/><AGARI ba="0,1" hai="8,11,14,17,21,43,47,49,77,81,87,91,93,98" machi="91" ten="20,5200,0" yaku="1,1,0,1,7,1,8,1,53,0" doraHai="126" doraHaiUra="131" who="1" fromWho="1" sc="362,-26,117,62,179,-13,332,-13" /><INIT seed="5,0,0,3,2,36" ten="336,179,166,319" oya="1" hai0="71,25,62,104,114,2,118,94,115,86,85,58,89" hai1="14,129,133,119,51,91,108,116,61,87,90,1,60" hai2="101,84,52,64,123,113,130,112,16,30,134,100,23" hai3="19,74,88,24,11,44,45,31,21,78,39,49,93"/><U56/><E1/><V120/><F64/><W38/><G44/><T92/><D118/><U13/><E133/><V7/><F7/><W42/><G78/><T105/><D71/><U111/><E129/><V54/><F30/><W124/><G74/><T109/><D109/><N who="1" m="42059" /><E51/><V69/><F69/><W99/><G124/><T35/><D2/><U4/><E4/><V82/><F130/><W126/><G126/><T40/><D40/><U81/><E56/><V12/><F134/><W70/><G70/><T72/><D72/><U27/><E27/><V97/><F123/><W102/><G11/><T41/><D41/><U66/><E66/><V0/><F0/><W73/><G73/><T34/><D25/><U18/><E18/><V22/><F22/><W65/><G65/><T76/><D76/><U33/><E33/><V53/><F97/><W121/><G121/><T106/><D58/><U125/><E125/><V131/><F131/><W67/><G67/><T26/><D62/><N who="1" m="24171" /><E87/><V6/><F6/><W46/><G46/><T55/><D26/><U75/><E81/><V37/><F37/><W95/><G31/><T48/><D35/><U117/><E75/><V128/><F128/><W98/><AGARI ba="0,0" hai="19,21,24,38,39,42,45,49,88,93,95,98,99,102" machi="98" ten="20,5200,0" yaku="0,1,7,1,52,1,54,1" doraHai="36" who="3" fromWho="3" sc="336,-13,179,-26,166,-13,319,52" /><INIT seed="6,0,0,4,1,23" ten="323,153,153,371" oya="2" hai0="100,61,83,110,69,54,50,37,77,55,111,57,98" hai1="11,5,67,38,96,128,108,118,72,53,22,94,7" hai2="18,135,95,99,62,106,49,133,35,59,131,124,86" hai3="104,75,12,122,101,6,90,127,42,97,126,25,70"/><V13/><F35/><W24/><G70/><T36/><D69/><U89/><E108/><V87/><F131/><W43/><G75/><T47/><D111/><U8/><E118/><V88/><F124/><N who="3" m="47659" /><G90/><T81/><D110/><U74/><E128/><V73/><F73/><W82/><G82/><T121/><D81/><U14/><E38/><V58/><F49/><W91/><G91/><T1/><D1/><U84/><E67/><V0/><F0/><W63/><G63/><T10/><D10/><U40/><E40/><N who="3" m="15402" /><G122/><T16/><D16/><U65/><E65/><V114/><F114/><W9/><AGARI ba="0,0" hai="6,9,12,24,25,97,101,104" m="15402,47659" machi="9" ten="30,4000,0" yaku="18,1,52,2" doraHai="23" who="3" fromWho="3" sc="323,-10,153,-10,153,-20,371,40" /><INIT seed="7,0,0,4,0,80" ten="313,143,133,411" oya="3" hai0="19,27,63,58,42,5,111,75,100,123,18,104,119" hai1="13,1,103,24,54,59,35,55,102,108,95,52,106" hai2="67,101,26,23,70,4,84,118,43,48,76,93,105" hai3="53,98,126,51,10,12,50,47,32,73,91,97,15"/><W16/><G73/><T82/><D123/><U28/><E1/><V21/><F118/><W62/><G32/><T71/><D111/><U131/><E108/><V38/><F38/><W114/><G114/><T78/><D71/><U39/><E39/><V60/><F4/><W30/><G30/><T45/><D119/><U89/><E131/><V41/><F105/><W122/><G126/><T86/><D5/><U22/><E106/><V94/><F23/><N who="3" m="11655" /><G122/><T130/><D130/><U25/><E13/><V64/><F64/><W36/><G36/><T125/><D125/><U7/><E7/><V85/><F76/><W112/><G62/><T116/><D116/><U40/><E40/><V133/><F133/><W6/><G112/><T79/><D79/><U77/><E77/><V129/><F129/><W74/><G74/><T115/><D115/><U72/><E72/><V49/><F70/><W135/><G135/><T69/><D69/><U96/><E103/><V0/><F0/><W92/><G50/><N who="2" m="19561" /><F60/><W2/><G2/><T14/><D27/><U3/><E102/><V117/><F117/><W33/><G33/><T134/><D134/><U121/><E121/><V110/><F110/><W57/><G57/><T56/><D56/><U120/><E120/><V65/><F101/><W88/><G91/><T20/><D100/><U68/><E68/><V132/><F132/><W113/><G113/><T34/><D104/><U17/><REACH who="1" step="1"/><E3/><REACH who="1" ten="313,133,133,411" step="2"/><V31/><F43/><W11/><G11/><T37/><D42/><U87/><E87/><AGARI ba="0,1" hai="6,10,15,47,51,53,87,88,92,97,98" m="11655" machi="87" ten="30,11600,0" yaku="8,1,52,1,54,2" doraHai="80" who="3" fromWho="1" sc="313,0,133,-116,133,0,411,126" owari="313,11.0,17,-48.0,133,-27.0,537,64.0" /></mjloggm>