<mjloggm ver="2.3"><GO type="97" lobby="0"/><UN n0="%E4%B8%80%E5%85%AD" n1="%E5%B0%B1%E6%B4%BB%E7%94%9F%40%E5%B7%9D%E6%9D%91%E8%BB%8D%E5%9B%A3" n2="%E5%A4%A7%E5%90%9F%E9%86%B8%E5%BD%A9%E8%94%B5" n3="%E2%98%86%E3%83%89%E3%83%8A%E3%83%AB%E3%83%89%E6%95%99%E5%BE%92%E2%98%86" dan="15,14,14,14" rate="1955.63,1978.08,1943.26,1904.34" sx="M,M,M,M"/><TAIKYOKU oya="0"/><INIT seed="0,0,0,2,5,56" ten="250,250,250,250" oya="0" hai0="8,33,85,41,75,29,72,25,51,129,108,45,81" hai1="60,91,83,92,86,38,73,84,35,68,36,37,119" hai2="26,10,2,24,43,80,57,39,105,125,77,122,74" hai3="4,127,124,110,47,98,58,69,103,94,54,20,116"/><T52/><D129/><U89/><E119/><V117/><F122/><W62/><G62/><T121/><BYE who="3" /><D121/><U14/><E35/><V67/><F117/><W21/><G21/><T111/><D41/><U28/><E28/><V18/><F105/><W82/><G82/><T34/><D34/><U23/><E73/><UN n3="%E2%98%86%E3%83%89%E3%83%8A%E3%83%AB%E3%83%89%E6%95%99%E5%BE%92%E2%98%86" /><V112/><F112/><W22/><G116/><T135/><D8/><U90/><E90/><V27/><F125/><N who="3" m="48203" /><G110/><N who="0" m="42027" /><D135/><U9/><E23/><N who="3" m="8746" /><G4/><T114/><D114/><U42/><E42/><V48/><F18/><W113/><G47/><T5/><D5/><U6/><E68/><V96/><F96/><W71/><G113/><T101/><D101/><U40/><E40/><V70/><F57/><W44/><G44/><T104/><D104/><U78/><E78/><AGARI ba="0,0" hai="25,29,33,45,51,52,72,75,78,81,85" m="42027" machi="78" ten="30,5800,0" yaku="14,1,10,1,54,1" doraHai="56" who="0" fromWho="1" sc="250,58,250,-58,250,0,250,0" /><INIT seed="0,1,0,2,2,70" ten="308,192,250,250" oya="0" hai0="2,57,9,63,81,64,95,91,23,88,99,10,92" hai1="55,128,60,102,19,119,40,118,100,53,135,113,6" hai2="67,116,42,25,82,33,26,80,87,21,126,110,43" hai3="45,109,20,93,120,39,62,51,78,58,49,105,30"/><T35/><D35/><U36/><E113/><V85/><F33/><W15/><G105/><T123/><D123/><U69/><E128/><V124/><F67/><W96/><G109/><T131/><D131/><U132/><E6/><V76/><F110/><W18/><G120/><T3/><D81/><U46/><E19/><V106/><F106/><W12/><G78/><T17/><D3/><U7/><E7/><V121/><F121/><W31/><G12/><N who="0" m="9639" /><D2/><U94/><E94/><V59/><F59/><W111/><G111/><T103/><D103/><U14/><E14/><V34/><F34/><W65/><G39/><T61/><D61/><U28/><E28/><V90/><F116/><N who="1" m="44585" /><E102/><V130/><F130/><W5/><G5/><T38/><D38/><U122/><E100/><V129/><F129/><W108/><G108/><T71/><D71/><U77/><E77/><V24/><REACH who="2" step="1"/><F21/><REACH who="2" ten="308,192,240,250" step="2"/><W127/><G127/><AGARI ba="1,1" hai="24,25,26,42,43,76,80,82,85,87,90,124,126,127" machi="127" ten="40,8000,1" yaku="1,1,2,1,18,1,53,1" doraHai="70" doraHaiUra="84" who="2" fromWho="3" sc="308,0,192,0,240,93,250,-83" /><INIT seed="1,0,0,3,4,113" ten="308,192,333,167" oya="1" hai0="72,62,1,20,49,95,71,80,110,3,22,40,64" hai1="70,13,39,89,96,103,85,69,101,45,109,25,102" hai2="87,54,129,53,82,131,111,37,100,92,60,31,33" hai3="48,67,56,128,127,11,17,10,121,38,36,76,122"/><U75/><E75/><V57/><F37/><W2/><G128/><N who="2" m="49225" /><F31/><W50/><G2/><T73/><D110/><U26/><E109/><V21/><F33/><W0/><G0/><T78/><D72/><U47/><E96/><N who="2" m="59399" /><F21/><W41/><G76/><T30/><D95/><U24/><E13/><V114/><F114/><W124/><G56/><T44/><D22/><U97/><E97/><V61/><F111/><W116/><G41/><T112/><D112/><U52/><E39/><V5/><F5/><W98/><G98/><T23/><D23/><U108/><E108/><V46/><F46/><W55/><G55/><N who="2" m="21001" /><F57/><W120/><G120/><T134/><D134/><U6/><E6/><V83/><F83/><W135/><G17/><T59/><D59/><U99/><E99/><V8/><F8/><W18/><G18/><T123/><D123/><U65/><E65/><V68/><F68/><W4/><G4/><T29/><D29/><U77/><E70/><V27/><F27/><W86/><G135/><T28/><D28/><U133/><E69/><V117/><F117/><W126/><G126/><T74/><D74/><U132/><E132/><V16/><F16/><W84/><REACH who="3" step="1"/><G67/><REACH who="3" ten="308,192,333,157" step="2"/><T12/><D64/><U130/><E77/><AGARI ba="0,1" hai="60,61,77,82,87" m="21001,59399,49225" machi="77" ten="30,1000,0" yaku="19,1" doraHai="113" who="2" fromWho="1" sc="308,0,192,-10,333,20,157,0" /><INIT seed="2,0,0,0,2,59" ten="308,182,353,157" oya="2" hai0="32,109,62,44,46,3,53,45,2,67,41,19,0" hai1="126,87,119,93,108,25,95,61,130,74,72,29,6" hai2="75,15,65,78,85,38,56,88,47,76,73,135,35" hai3="127,82,8,14,36,22,77,80,102,114,27,24,69"/><V104/><F35/><W120/><G69/><T52/><D109/><U131/><E119/><V133/><F15/><W7/><G36/><T5/><D41/><U1/><E126/><V129/><F47/><W50/><G120/><T17/><D32/><U34/><E108/><V116/><F38/><W94/><G127/><T81/><D81/><U128/><E6/><V57/><F116/><W60/><G114/><T31/><D31/><U92/><E1/><V16/><F65/><W26/><G60/><T110/><D110/><U122/><E122/><V97/><F16/><W90/><G102/><T117/><D117/><U96/><E96/><V37/><F37/><W89/><G50/><T23/><D5/><U107/><E107/><V98/><F129/><W84/><G22/><T54/><D23/><U18/><E18/><V111/><F111/><W86/><REACH who="3" step="1"/><G27/><REACH who="3" ten="308,182,353,147" step="2"/><T134/><D134/><U91/><REACH who="1" step="1"/><E61/><REACH who="1" ten="308,172,353,147" step="2"/><V43/><F104/><W118/><G118/><T123/><D123/><U28/><E28/><V30/><F30/><W68/><G68/><AGARI ba="0,2" hai="0,2,3,17,19,44,45,46,52,53,54,62,67,68" machi="68" ten="50,8000,1" yaku="29,2,52,1,54,1" doraHai="59" who="0" fromWho="3" sc="308,100,172,0,353,0,147,-80" /><INIT seed="3,0,0,4,1,22" ten="408,172,353,67" oya="3" hai0="134,58,127,135,14,25,79,28,6,75,42,45,48" hai1="57,120,91,60,76,115,51,47,104,95,7,72,0" hai2="53,38,118,128,106,110,89,126,19,90,17,97,77" hai3="116,87,21,122,39,66,65,93,50,64,55,9,33"/><W86/><G33/><T2/><D2/><U80/><E104/><V107/><F38/><W82/><G39/><T85/><D75/><U81/><E120/><V78/><F118/><W103/><G122/><T63/><D127/><U43/><E115/><V73/><F126/><W124/><G124/><T132/><D85/><U101/><E101/><V100/><F107/><W69/><G69/><T46/><D79/><U20/><E80/><V83/><F128/><W11/><G116/><T70/><D70/><U23/><E7/><V44/><F77/><N who="3" m="46415" /><G21/><N who="0" m="15407" /><D46/><U94/><E0/><V54/><F110/><W130/><G130/><T12/><D6/><U119/><E94/><V113/><F113/><W3/><G3/><T114/><D114/><U30/><E30/><V71/><F71/><W31/><G31/><T96/><D96/><U5/><E5/><V29/><F29/><W74/><G74/><T61/><D61/><U131/><E119/><V1/><F1/><W32/><G32/><T13/><D13/><U59/><E131/><V26/><F19/><W105/><G105/><T102/><D102/><U125/><E125/><V35/><F54/><AGARI ba="0,0" hai="12,14,42,45,48,54,58,63,132,134,135" m="15407" machi="54" ten="30,2000,0" yaku="20,1,52,1" doraHai="22" who="0" fromWho="2" sc="408,20,172,0,353,-20,67,0" owari="428,53.0,172,-23.0,333,13.0,67,-43.0" /></mjloggm>