<mjloggm ver="2.3"><GO type="137" lobby="0"/><UN n0="%70%65%61%73%6B%65" n1="%E5%B0%B1%E6%B4%BB%E7%94%9F%40%E5%B7%9D%E6%9D%91%E8%BB%8D%E5%9B%A3" n2="%E6%BB%85" n3="%62%65%67%67%61%72%2E%70" dan="13,15,13,6" rate="1735.41,1924.79,1777.86,1360.53" sx="F,M,M,M"/><TAIKYOKU oya="0"/><INIT seed="0,0,0,5,1,37" ten="250,250,250,250" oya="0" hai0="29,0,67,20,87,79,103,116,81,5,14,4,118" hai1="58,123,1,134,2,47,90,13,10,132,119,51,53" hai2="122,27,39,94,57,76,11,77,111,96,86,25,74" hai3="108,75,55,16,72,70,38,110,80,95,32,18,83"/><T124/><D0/><U36/><E36/><V15/><BYE who="1" /><F122/><W104/><G32/><T26/><D124/><UN n1="%E5%B0%B1%E6%B4%BB%E7%94%9F%40%E5%B7%9D%E6%9D%91%E8%BB%8D%E5%9B%A3" /><U24/><E24/><BYE who="1" /><V133/><F39/><W112/><G38/><UN n1="%E5%B0%B1%E6%B4%BB%E7%94%9F%40%E5%B7%9D%E6%9D%91%E8%BB%8D%E5%9B%A3" /><T130/><BYE who="1" /><D130/><U78/><E78/><V49/><F74/><W54/><G70/><UN n1="%E5%B0%B1%E6%B4%BB%E7%94%9F%40%E5%B7%9D%E6%9D%91%E8%BB%8D%E5%9B%A3" /><T23/><BYE who="1" /><D67/><U56/><E56/><V46/><F111/><W93/><REACH who="3" step="1"/><G112/><REACH who="3" ten="250,250,250,240" step="2"/><T9/><D116/><U88/><E88/><N who="2" m="53527" /><F133/><W66/><G66/><T68/><D68/><U50/><E50/><V99/><F76/><W41/><G41/><T34/><D118/><U62/><E62/><V98/><F77/><W117/><G117/><T21/><REACH who="0" step="1"/><D103/><REACH who="0" ten="240,250,250,240" step="2"/><U42/><E42/><N who="2" m="24791" /><F57/><W6/><G6/><AGARI ba="0,2" hai="4,5,6,9,14,20,21,23,26,29,34,79,81,87" machi="6" ten="40,3900,0" yaku="1,1,53,1" doraHai="37" doraHaiUra="8" who="0" fromWho="3" sc="240,59,250,0,250,0,240,-39" /><AGARI ba="0,0" hai="6,11,15,25,27,96,98,99" m="24791,53527" machi="6" ten="30,3900,0" yaku="8,1,52,1,54,1" doraHai="37" who="2" fromWho="3" sc="299,0,250,0,250,39,201,-39" /><INIT seed="0,1,0,2,0,54" ten="299,250,289,162" oya="0" hai0="77,99,33,47,73,74,86,16,11,53,79,42,109" hai1="58,87,39,112,101,120,72,35,40,67,17,3,60" hai2="116,20,121,100,71,0,78,126,64,30,51,113,15" hai3="134,70,61,92,90,94,111,46,91,114,65,34,27"/><T108/><D33/><U97/><E97/><V84/><F113/><W37/><G111/><N who="0" m="42571" /><D99/><U62/><E62/><V130/><F121/><W88/><G114/><T2/><D2/><U38/><E38/><V107/><F0/><W129/><G129/><T31/><D31/><U29/><E29/><V13/><F130/><W41/><REACH who="3" step="1"/><G134/><REACH who="3" ten="299,250,289,152" step="2"/><T89/><D53/><U4/><E4/><V96/><F116/><W117/><G117/><T44/><D44/><U98/><E98/><V56/><F126/><W12/><G12/><N who="0" m="7199" /><D74/><U122/><E122/><V50/><F71/><W132/><G132/><T43/><D73/><U55/><E55/><V25/><F64/><W14/><G14/><T102/><D102/><U80/><E80/><V133/><F133/><W110/><G110/><T68/><D68/><U45/><E45/><V6/><F13/><W59/><G59/><T48/><D42/><U93/><E93/><AGARI ba="1,1" hai="43,47,48,77,79,86,89,93" m="7199,42571" machi="93" ten="30,5800,0" yaku="14,1,10,1,54,1" doraHai="54" who="0" fromWho="1" sc="299,71,250,-61,289,0,152,0" /><INIT seed="0,2,0,0,3,111" ten="370,189,289,152" oya="0" hai0="20,98,4,101,115,52,16,107,6,77,8,69,118" hai1="76,95,68,121,116,24,102,113,79,64,9,100,96" hai2="74,31,86,14,61,93,47,135,99,36,60,114,17" hai3="110,29,18,32,43,67,10,23,0,45,63,62,56"/><T71/><D115/><U53/><E53/><V129/><F74/><W81/><G110/><T90/><D118/><U85/><E85/><V119/><F119/><W3/><G81/><T127/><D127/><U130/><E130/><V132/><F114/><W21/><G32/><T106/><D77/><U126/><E126/><V40/><F129/><W51/><G10/><T27/><D4/><U28/><E28/><V37/><F37/><W66/><G29/><T94/><D107/><U49/><E49/><V117/><F31/><W87/><G87/><T89/><D89/><U11/><E11/><V84/><F117/><W38/><G38/><T59/><D106/><U15/><E15/><V104/><F84/><W55/><G23/><T19/><D101/><U105/><E105/><V72/><F86/><W80/><G43/><T57/><D57/><U30/><E30/><V54/><F54/><W128/><G80/><T35/><D19/><U97/><E97/><V12/><F72/><W73/><G73/><T33/><D35/><U34/><E34/><V120/><F17/><W124/><G128/><T46/><D46/><U25/><E25/><V122/><F104/><W82/><G82/><T109/><D33/><U70/><E70/><V48/><F36/><W65/><G124/><T112/><D112/><U13/><E13/><N who="2" m="5227" /><F120/><W42/><REACH who="3" step="1"/><G63/><REACH who="3" ten="370,189,289,142" step="2"/><N who="0" m="36327" /><D109/><U22/><E22/><V39/><F122/><W131/><G131/><T103/><D103/><U123/><E123/><V134/><F39/><W75/><G75/><T41/><D41/><U7/><E7/><V125/><F125/><W2/><G2/><AGARI ba="2,1" hai="2,6,8,16,20,27,69,71,90,94,98" m="36327" machi="2" ten="30,11600,0" yaku="6,1,25,1,54,2" doraHai="111" who="0" fromWho="3" sc="370,132,189,0,289,0,142,-122" /><INIT seed="0,3,0,2,3,12" ten="502,189,289,20" oya="0" hai0="41,25,4,64,99,129,73,133,21,45,121,110,78" hai1="81,128,130,27,26,11,131,96,19,124,0,22,71" hai2="30,65,87,51,50,83,117,52,44,18,39,54,7" hai3="84,74,57,115,103,72,86,42,94,37,31,88,104"/><T111/><D121/><U29/><E29/><V102/><F117/><W106/><G115/><T95/><D4/><U70/><E70/><V82/><F39/><W3/><G3/><T127/><D64/><U14/><E14/><V91/><F65/><W15/><G31/><T61/><D127/><U20/><E20/><V108/><F7/><W75/><G37/><T100/><D61/><U13/><E13/><V98/><F30/><W35/><G42/><T123/><D123/><U113/><E113/><V126/><F126/><W118/><G35/><T112/><D112/><U10/><E10/><V62/><F62/><W89/><G57/><T5/><D5/><U125/><E125/><V55/><F108/><N who="0" m="41514" /><D133/><U48/><E48/><V33/><F33/><W105/><G15/><T58/><D58/><U49/><E49/><N who="2" m="18443" /><F44/><W114/><G103/><T32/><D32/><U34/><E34/><V53/><F83/><W17/><G17/><N who="0" m="12463" /><D45/><U116/><E116/><V67/><F67/><W68/><G68/><T6/><D6/><U107/><E107/><V8/><N who="2" m="13824" /><DORA hai="60" /><V85/><F102/><W80/><G118/><T92/><D41/><U109/><E109/><V77/><F98/><W38/><G114/><T1/><D1/><U93/><E93/><N who="2" m="54511" /><F8/><W47/><G47/><T66/><D66/><U40/><E40/><V16/><AGARI ba="3,0" hai="16,18,77,82,87" m="54511,13824,18443" machi="16" ten="50,8000,1" yaku="8,1,52,2,54,2" doraHai="12,60" who="2" fromWho="2" sc="502,-43,189,-23,289,89,20,-23" owari="459,55.0,166,-23.0,378,18.0,-3,-50.0" /></mjloggm>