<mjloggm ver="2.3"><GO type="97" lobby="0"/><UN n0="%E3%81%B7%E3%81%88%E3%81%AC" n1="%6E%61%72%72%6F%77%31%39" n2="%E6%B8%8B%E8%B0%B7%E3%81%AE%E3%82%AD%E3%83%B3%E3%82%B0" n3="%E3%83%88%E3%83%88%E3%83%AA%E5%85%88%E7%94%9F%31%39%E6%AD%B3" dan="13,15,13,14" rate="1874.12,2060.69,2046.08,2011.48" sx="M,M,M,F"/><TAIKYOKU oya="0"/><INIT seed="0,0,0,1,2,97" ten="250,250,250,250" oya="0" hai0="56,13,46,21,1,72,12,127,94,68,115,50,44" hai1="35,57,82,128,22,88,109,28,42,124,67,58,60" hai2="86,24,6,110,103,123,119,107,76,81,52,108,3" hai3="74,77,87,116,51,31,38,98,79,96,133,32,20"/><T59/><D68/><U54/><E109/><N who="2" m="42091" /><F123/><W63/><G116/><T14/><D115/><U30/><E124/><V66/><F66/><W0/><G38/><T104/><D104/><U131/><E35/><V106/><F119/><W33/><G0/><T39/><D72/><U41/><E128/><V9/><F24/><W78/><G74/><T40/><D1/><U80/><E131/><V36/><F36/><W111/><G111/><T101/><D127/><U134/><E134/><V120/><F120/><W10/><G133/><T129/><D129/><U8/><E8/><V26/><F26/><N who="3" m="16839" /><G32/><T23/><D39/><U117/><E117/><V61/><F103/><W73/><G33/><T75/><D75/><U27/><E30/><V126/><F126/><W4/><G10/><T89/><D101/><U83/><REACH who="1" step="1"/><E88/><REACH who="1" ten="250,240,250,250" step="2"/><V15/><F3/><W2/><G2/><T95/><D89/><U118/><E118/><V65/><F65/><W93/><G78/><T113/><D113/><U11/><E11/><V112/><F112/><W55/><G77/><T16/><D23/><U5/><E5/><V7/><F7/><W25/><G4/><T29/><D29/><U64/><E64/><V19/><F6/><W92/><G79/><T84/><D84/><U135/><E135/><V71/><F71/><W18/><G87/><T47/><D40/><U43/><E43/><V130/><F130/><W102/><G73/><T70/><D70/><U17/><E17/><V62/><F76/><W53/><G18/><T132/><D132/><U125/><E125/><V100/><F86/><W90/><G90/><RYUUKYOKU ba="0,1" sc="250,-10,240,30,250,-10,250,-10" hai1="22,27,28,41,42,54,57,58,60,67,80,82,83" /><INIT seed="1,1,1,4,4,134" ten="240,270,240,240" oya="1" hai0="133,75,83,85,113,116,72,79,35,124,37,51,91" hai1="30,57,118,99,97,27,131,130,19,59,109,13,96" hai2="11,21,34,52,3,94,9,43,2,64,48,50,102" hai3="89,58,70,41,26,47,108,117,6,33,128,107,92"/><U69/><E118/><V16/><F34/><W100/><G70/><T105/><D37/><U23/><E69/><V88/><F64/><W29/><G117/><T101/><D35/><U45/><E45/><N who="2" m="25663" /><F102/><W38/><G108/><T15/><D116/><U120/><E120/><V12/><F3/><W119/><G119/><T8/><D113/><U114/><E114/><V95/><F94/><W49/><G128/><N who="1" m="49194" /><E109/><V76/><F2/><W106/><G100/><T66/><D133/><U61/><E61/><V90/><F76/><W80/><G80/><T104/><D66/><U122/><E122/><V74/><F74/><W18/><G6/><T71/><D71/><U1/><E1/><V22/><F22/><AGARI ba="1,1" hai="13,19,22,23,27,30,57,59,96,97,99" m="49194" machi="22" ten="30,1500,0" yaku="19,1" doraHai="134" who="1" fromWho="2" sc="240,0,270,28,240,-18,240,0" /><INIT seed="1,2,0,3,1,66" ten="240,298,222,240" oya="1" hai0="27,64,129,103,49,98,30,123,116,122,40,54,16" hai1="13,11,72,3,130,19,94,101,74,47,50,104,55" hai2="135,62,115,127,91,45,86,67,23,9,48,26,28" hai3="117,57,114,2,71,8,68,22,124,76,113,84,89"/><U133/><E104/><V100/><F115/><W65/><G124/><T132/><D116/><U31/><E31/><V63/><F127/><W51/><G117/><T83/><D132/><U24/><E24/><V119/><F135/><W7/><G76/><T96/><D129/><U88/><E133/><V10/><F62/><W75/><G75/><T5/><D5/><U32/><E32/><V106/><F100/><W73/><G73/><T15/><D64/><U4/><E101/><V131/><F106/><W21/><G113/><T90/><D40/><U14/><E3/><V17/><F131/><W39/><G39/><T29/><D29/><U79/><E130/><V36/><F36/><W34/><G34/><T108/><D108/><U70/><E70/><V33/><F33/><W121/><G121/><T18/><D18/><U58/><E79/><V97/><F17/><W78/><G78/><T37/><D37/><U25/><E25/><V93/><F97/><W41/><G114/><T95/><D83/><U69/><E69/><V102/><F102/><W99/><G99/><T80/><D80/><U125/><E125/><V46/><F119/><W35/><G35/><T111/><D111/><U43/><E19/><V87/><F87/><W110/><G110/><T81/><D81/><U118/><E118/><V109/><F109/><W126/><G126/><T1/><D1/><U60/><E14/><V56/><F46/><N who="3" m="26063" /><G71/><T52/><D96/><AGARI ba="2,0" hai="4,11,13,43,47,50,55,58,60,72,74,88,94,96" machi="96" ten="30,2900,0" yaku="7,1,54,1" doraHai="66" who="1" fromWho="0" sc="240,-35,298,35,222,0,240,0" /><INIT seed="1,3,0,1,5,135" ten="205,333,222,240" oya="1" hai0="16,124,60,75,70,31,21,43,26,80,50,37,39" hai1="105,66,1,53,84,45,33,91,120,65,107,86,29" hai2="71,104,6,34,30,125,5,131,108,19,98,12,128" hai3="32,63,89,99,82,17,23,62,41,92,47,64,67"/><U73/><E73/><V51/><F71/><W72/><G32/><T0/><D0/><U93/><E1/><V69/><F69/><W121/><G121/><T110/><D110/><U102/><E120/><V81/><F108/><W111/><G111/><T122/><D122/><U115/><E115/><V95/><F104/><W46/><G72/><T38/><D50/><U113/><E113/><V59/><F81/><W54/><G82/><T101/><D101/><U77/><E33/><V20/><F34/><W52/><G63/><T11/><D11/><U103/><E29/><V49/><F30/><W118/><G118/><T78/><D31/><U3/><E3/><V48/><F59/><N who="3" m="35175" /><G54/><T132/><D132/><U28/><E28/><V42/><F42/><W100/><G100/><T14/><D14/><U68/><E53/><V109/><F109/><W25/><G47/><T44/><REACH who="0" step="1"/><D124/><REACH who="0" ten="195,333,222,240" step="2"/><U97/><E103/><V134/><F125/><W83/><G83/><T88/><D88/><U56/><E91/><N who="2" m="55679" /><F134/><W123/><G123/><T58/><D58/><U76/><E56/><V22/><F22/><W2/><G2/><T9/><D9/><U106/><E68/><V129/><AGARI ba="3,1" hai="5,6,12,19,20,48,49,51,128,129,131" m="55679" machi="129" ten="40,1500,0" yaku="19,1" doraHai="135" who="2" fromWho="2" sc="195,-7,333,-10,222,34,240,-7" /><INIT seed="2,0,0,1,3,21" ten="188,323,256,233" oya="2" hai0="134,19,80,56,4,31,92,101,83,131,129,54,57" hai1="2,100,3,13,109,24,25,103,86,77,61,16,75" hai2="0,82,10,126,125,42,114,107,88,94,69,27,117" hai3="14,28,40,112,110,96,118,130,47,104,115,123,132"/><V79/><F117/><W22/><G118/><T1/><D134/><U67/><E75/><V71/><F107/><W81/><G123/><T48/><D31/><U78/><E109/><V38/><F114/><N who="3" m="43563" /><G110/><T108/><D108/><U32/><E32/><V17/><F0/><W135/><G130/><T73/><D73/><U18/><E3/><V34/><F10/><W59/><G59/><T51/><D19/><U119/><E2/><V63/><F42/><W15/><G81/><T43/><D4/><U20/><E119/><V12/><F12/><N who="3" m="4651" /><G96/><T33/><D33/><U29/><E29/><N who="2" m="19775" /><F38/><N who="3" m="21911" /><G104/><T49/><D1/><U68/><E18/><V102/><F17/><W7/><G7/><T127/><D43/><U84/><E103/><V85/><F102/><W58/><G58/><T76/><D76/><U41/><E100/><V72/><F63/><W44/><G44/><T121/><D121/><U122/><E41/><V55/><F55/><W74/><G74/><T60/><D56/><N who="1" m="37287" /><E122/><V105/><F105/><W93/><G93/><T9/><D9/><U35/><E35/><V36/><F36/><W64/><G64/><T89/><D101/><U5/><E5/><V113/><F113/><W11/><G11/><T87/><D80/><N who="1" m="47119" /><E68/><V124/><AGARI ba="0,0" hai="69,71,72,79,82,85,88,94,124,125,126" m="19775" machi="124" ten="30,6000,0" yaku="18,1,52,1,54,1" doraHai="21" who="2" fromWho="2" sc="188,-20,323,-20,256,60,233,-20" /><INIT seed="2,1,0,2,2,46" ten="168,303,316,213" oya="2" hai0="73,124,44,103,118,114,88,64,82,35,13,60,29" hai1="96,104,110,111,19,95,108,90,54,71,100,77,32" hai2="33,40,101,61,21,81,1,3,43,39,51,7,8" hai3="74,20,14,89,11,26,17,134,63,5,125,48,91"/><V107/><F33/><W56/><G74/><T87/><D118/><U59/><E71/><V121/><F121/><W16/><G134/><T120/><D114/><U52/><E32/><V27/><F39/><W117/><G117/><T2/><D120/><U72/><E19/><V109/><F61/><W42/><G125/><T28/><D2/><U22/><E22/><V10/><F43/><W80/><G80/><T62/><D124/><U98/><E59/><V119/><F119/><W24/><G24/><T31/><D103/><U23/><E23/><V99/><F81/><AGARI ba="1,0" hai="52,54,72,77,81,90,95,96,98,100,104,108,110,111" machi="81" ten="40,2600,0" yaku="14,1,54,1" doraHai="46" who="1" fromWho="2" sc="168,0,303,29,316,-29,213,0" /><INIT seed="3,0,0,5,0,125" ten="168,332,287,213" oya="3" hai0="62,29,100,6,118,57,105,79,64,115,99,18,91" hai1="122,12,104,55,44,40,50,33,107,111,129,36,1" hai2="37,60,127,78,135,121,51,77,14,13,59,0,61" hai3="128,68,27,45,4,108,103,87,19,24,126,54,52"/><W109/><G68/><T82/><D118/><U101/><E1/><V48/><F37/><W69/><G69/><T131/><D115/><U124/><E122/><V71/><F0/><W35/><G126/><T73/><D6/><U11/><E33/><V106/><F127/><W93/><G128/><T17/><D29/><U9/><E129/><V3/><F3/><W30/><G4/><T41/><D41/><U8/><E124/><V130/><F121/><W53/><G45/><T67/><D67/><U43/><E43/><V26/><F106/><W133/><G133/><T16/><REACH who="0" step="1"/><D91/><REACH who="0" ten="158,332,287,213" step="2"/><U25/><E40/><V2/><F135/><W102/><G30/><T110/><D110/><N who="3" m="42601" /><G19/><T120/><D120/><U10/><E111/><V56/><F71/><W70/><G70/><T95/><D95/><U116/><E116/><V34/><F2/><W32/><G32/><T21/><D21/><U5/><E104/><V28/><F34/><W38/><G35/><T90/><D90/><U42/><E107/><V20/><F28/><W119/><G119/><T89/><D89/><U112/><E112/><V94/><F20/><W80/><G38/><T22/><D22/><U75/><E36/><V74/><F26/><N who="3" m="9771" /><G93/><T96/><D96/><U86/><E5/><V97/><F97/><W85/><G80/><T88/><D88/><U123/><E123/><V65/><F94/><W84/><AGARI ba="0,1" hai="52,53,54,84,85,87,102,103" m="9771,42601" machi="84" ten="40,12000,1" yaku="28,2,14,1,10,1,54,1" doraHai="125" who="3" fromWho="3" sc="158,-40,332,-40,287,-40,213,130" owari="118,-38.0,292,9.0,247,-15.0,343,44.0" /></mjloggm>