<mjloggm ver="2.3"><GO type="97" lobby="0"/><UN n0="%E8%8E%AB%E6%9C%88%40%E7%83%8F%E9%B4%89%E8%BB%8D%E5%9C%98" n1="%65%73%6F%72%61" n2="%E3%81%BE%E3%81%AA%E3%81%BE%E3%81%AA" n3="%E5%B0%B1%E6%B4%BB%E7%94%9F%40%E5%B7%9D%E6%9D%91%E8%BB%8D%E5%9B%A3" dan="14,14,15,15" rate="1958.42,1897.12,1910.48,1946.47" sx="M,M,M,M"/><TAIKYOKU oya="0"/><INIT seed="0,0,0,3,1,12" ten="250,250,250,250" oya="0" hai0="62,22,60,32,61,31,88,27,38,2,35,123,98" hai1="23,130,115,85,72,11,133,103,116,63,54,4,52" hai2="66,24,106,51,68,37,3,67,9,119,110,79,101" hai3="20,70,13,33,117,55,17,43,45,58,102,120,94"/><T42/><D123/><U81/><E116/><V111/><F37/><W30/><G117/><T104/><D2/><U74/><E130/><V16/><F119/><W78/><G120/><T96/><D42/><U90/><E133/><V122/><F122/><W125/><G70/><T28/><D38/><U132/><E132/><V118/><F118/><W112/><G112/><T108/><D108/><N who="2" m="41514" /><F68/><W73/><G125/><T39/><D39/><U82/><E115/><V59/><F79/><W86/><G73/><T84/><D104/><U92/><E23/><N who="2" m="13415" /><F101/><W15/><G33/><T46/><D46/><U105/><E103/><V121/><F106/><W8/><G78/><T0/><D0/><U77/><E105/><V34/><F34/><W26/><G15/><T127/><D127/><U87/><E74/><V83/><F83/><W128/><G128/><T14/><D35/><U93/><E93/><V5/><F121/><W69/><G69/><T89/><D32/><U114/><E114/><V135/><F135/><W6/><G6/><T129/><D129/><U71/><E71/><V97/><F97/><W91/><G102/><T109/><D98/><U29/><E92/><V50/><F59/><W48/><G58/><T131/><D96/><U113/><E72/><V21/><F21/><W126/><G126/><T100/><D109/><U44/><E113/><V36/><F36/><W56/><G56/><T47/><D100/><U57/><E57/><V80/><F80/><W124/><G124/><T134/><D131/><U19/><E81/><V107/><F107/><W65/><G65/><AGARI ba="0,0" hai="3,5,9,50,51,65,66,67" m="13415,41514" machi="65" ten="30,3900,0" yaku="14,1,52,1,54,1" doraHai="12" who="2" fromWho="3" sc="250,0,250,0,250,39,250,-39" /><INIT seed="1,0,0,2,3,92" ten="250,250,289,211" oya="1" hai0="107,131,83,22,120,42,18,19,43,134,70,87,57" hai1="62,97,113,39,7,119,9,58,74,98,94,89,80" hai2="71,99,112,28,52,102,63,48,24,90,4,60,82" hai3="32,124,50,13,72,85,133,33,75,81,127,66,5"/><U109/><E113/><V53/><F4/><W2/><G2/><T0/><D70/><U116/><E39/><V73/><F112/><W56/><G133/><T46/><D0/><U11/><E11/><V55/><F48/><W45/><G72/><T135/><D107/><U14/><E109/><V84/><F73/><W38/><G38/><T129/><D120/><U12/><E12/><V20/><REACH who="2" step="1"/><F71/><REACH who="2" ten="250,250,279,211" step="2"/><W114/><G75/><T15/><D134/><U122/><E122/><V67/><F67/><W79/><G114/><T96/><D135/><U117/><E74/><V108/><F108/><W16/><G5/><T27/><D131/><U49/><E49/><V65/><F65/><W68/><G68/><T37/><D129/><U59/><E59/><V25/><F25/><W118/><G118/><T26/><D27/><U93/><E58/><V31/><F31/><W125/><G56/><T23/><D57/><U21/><E62/><V30/><F30/><W121/><G66/><T111/><D111/><U35/><E117/><V76/><F76/><W36/><G36/><T115/><D115/><U29/><E116/><V69/><F69/><W100/><G121/><T86/><D37/><U110/><E119/><V130/><F130/><W88/><G79/><T132/><D132/><U44/><E110/><V104/><AGARI ba="0,1" hai="20,24,28,52,53,55,60,63,82,84,90,99,102,104" machi="104" ten="30,7900,0" yaku="1,1,0,1,52,1,54,1,53,0" doraHai="92" doraHaiUra="61" who="2" fromWho="2" sc="250,-20,250,-39,279,89,211,-20" /><INIT seed="2,0,0,1,3,120" ten="230,211,368,191" oya="2" hai0="101,34,82,118,52,131,28,109,55,121,30,38,114" hai1="53,44,48,63,42,128,124,70,1,106,123,75,132" hai2="97,116,2,68,134,27,23,110,80,56,16,66,122" hai3="113,98,74,24,0,46,77,88,105,26,62,87,20"/><V33/><F122/><W67/><G0/><T92/><D114/><U29/><E106/><V61/><F2/><W8/><G113/><T10/><D38/><U103/><E75/><V18/><F116/><W96/><G74/><T73/><D121/><U12/><E1/><V85/><F33/><W37/><G77/><T49/><D118/><U36/><E103/><V6/><F6/><W65/><G105/><T7/><D131/><U69/><E29/><V19/><F68/><W79/><G79/><T84/><D109/><U3/><E12/><V117/><F110/><W41/><G8/><T126/><D73/><U86/><E86/><V135/><F97/><W90/><G90/><N who="0" m="51479" /><D126/><U22/><E22/><V15/><F117/><W72/><G72/><T40/><D34/><U125/><E3/><V14/><F14/><W133/><G133/><N who="2" m="50697" /><F15/><W83/><G26/><T93/><D7/><U51/><E132/><V11/><F11/><W21/><G21/><T32/><D10/><U111/><E111/><V43/><F43/><W45/><G45/><N who="0" m="25767" /><D32/><U50/><E128/><V129/><F129/><W25/><G25/><T130/><D130/><U35/><E35/><V81/><F81/><W54/><G20/><T89/><D101/><U95/><E123/><V100/><F100/><W99/><G24/><T94/><D89/><AGARI ba="0,0" hai="16,18,19,23,27,56,61,66,80,85,89" m="50697" machi="89" ten="30,2900,0" yaku="20,1,54,1" doraHai="120" who="2" fromWho="0" sc="230,-29,211,0,368,29,191,0" /><INIT seed="2,1,0,2,3,13" ten="201,211,397,191" oya="2" hai0="16,69,18,41,86,126,133,120,134,50,2,79,74" hai1="36,94,89,11,4,54,103,49,83,30,97,100,99" hai2="96,75,125,43,91,44,1,70,131,15,31,3,47" hai3="29,60,12,111,114,22,77,38,59,101,112,130,26"/><V24/><F70/><W66/><G38/><T129/><D2/><U42/><E36/><V92/><F75/><W61/><G111/><T46/><D120/><U109/><E109/><V132/><F125/><W56/><G130/><T117/><D129/><U48/><E30/><V19/><F131/><W32/><G101/><T93/><D126/><U27/><E27/><V98/><F96/><W14/><G77/><T76/><D117/><U95/><E42/><V57/><F57/><W23/><G23/><T71/><D74/><U107/><E54/><V122/><F44/><W127/><G127/><T34/><D34/><U37/><E83/><V84/><F132/><N who="0" m="50794" /><D93/><U82/><E82/><V72/><F72/><W85/><G85/><T62/><D86/><U45/><E37/><V65/><F84/><W116/><G116/><T108/><D108/><U106/><E45/><V6/><F65/><W33/><G33/><T104/><D104/><U55/><E55/><V51/><F122/><W124/><G124/><T118/><D118/><U39/><E39/><V81/><F81/><W113/><REACH who="3" step="1"/><G32/><REACH who="3" ten="201,211,397,181" step="2"/><T17/><D62/><U123/><E123/><V73/><F73/><W80/><G80/><T8/><D8/><U121/><E121/><V63/><F98/><W10/><G10/><T115/><D115/><U64/><E99/><V35/><F35/><W128/><G128/><T110/><D110/><U7/><E11/><V0/><F91/><W119/><G119/><T78/><AGARI ba="1,1" hai="16,17,18,41,46,50,69,71,76,78,79" m="50794" machi="78" ten="40,8000,1" yaku="20,1,52,3,54,1" doraHai="13" who="0" fromWho="0" sc="201,93,211,-21,397,-41,181,-21" /><INIT seed="3,0,0,0,0,115" ten="294,190,356,160" oya="3" hai0="88,55,121,13,32,80,47,52,53,35,9,24,65" hai1="5,22,63,82,107,75,103,48,102,87,70,92,93" hai2="128,119,27,26,76,42,37,129,61,41,132,81,38" hai3="120,100,85,116,46,36,15,106,49,3,14,1,34"/><W90/><G120/><T112/><D112/><U122/><E75/><V123/><F119/><W29/><G36/><N who="2" m="13929" /><F61/><W133/><G133/><T127/><D121/><U72/><E72/><N who="2" m="43143" /><F123/><W12/><G34/><T8/><D65/><U45/><E70/><V64/><F64/><W57/><G29/><T94/><D127/><U58/><E103/><V44/><F132/><W108/><G108/><T78/><D47/><U113/><E113/><V62/><F62/><W66/><G116/><T126/><D126/><U84/><E5/><V68/><F44/><W33/><G33/><T83/><D32/><U40/><E107/><V125/><F68/><W69/><G69/><T111/><D111/><U23/><E122/><V97/><F97/><W73/><G73/><T104/><D104/><U54/><E87/><V95/><F95/><N who="1" m="36425" /><E102/><V59/><F59/><W114/><G114/><T74/><D80/><U43/><E43/><V110/><F125/><W2/><G66/><T101/><D101/><U20/><E20/><V60/><F60/><W131/><G57/><T10/><D35/><U86/><E86/><V21/><F27/><W19/><G131/><N who="2" m="50249" /><F110/><W16/><G100/><T134/><D24/><U77/><AGARI ba="0,0" hai="22,23,40,45,48,54,58,63,77,82,84" m="36425" machi="77" ten="30,1100,0" yaku="8,1" doraHai="115" who="1" fromWho="1" sc="294,-3,190,11,356,-3,160,-5" owari="291,9.0,201,-20.0,353,45.0,155,-34.0" /></mjloggm>