<mjloggm ver="2.3"><GO type="169" lobby="0"/><UN n0="%E3%82%A6%E3%83%AB%E3%83%88%E3%83%A9%E7%AB%8B%E7%9B%B4" n1="%E2%98%85%74%61%72%75%74%6F%E2%98%85" n2="%6E%69%6D%75%74%61%6E" n3="%61%6D%65%64%69%6F" dan="16,16,16,17" rate="2153.61,2093.43,2084.66,2184.91" sx="M,M,M,M"/><TAIKYOKU oya="0"/><INIT seed="0,0,0,1,5,59" ten="250,250,250,250" oya="0" hai0="19,6,122,121,46,51,39,74,48,123,77,0,34" hai1="64,100,127,10,115,65,2,108,117,63,52,87,8" hai2="126,72,55,71,94,99,67,11,40,54,88,114,12" hai3="76,124,69,50,57,83,49,97,56,35,29,16,82"/><T130/><D130/><U20/><E117/><V129/><F114/><W4/><G69/><T118/><D118/><U45/><E115/><V61/><F129/><W105/><G4/><T5/><D34/><U73/><E73/><V106/><F126/><W98/><G29/><T41/><D19/><U111/><E127/><V15/><F72/><W36/><G35/><T47/><D6/><U116/><E116/><V107/><F40/><W79/><G36/><T119/><D119/><U120/><E120/><V95/><F95/><W33/><G33/><T66/><D66/><N who="1" m="25707" /><E2/><V26/><F26/><W14/><G124/><T22/><D22/><U133/><E133/><V27/><F27/><W104/><G14/><T110/><D47/><U81/><E100/><V9/><F15/><W25/><G25/><T102/><D102/><U68/><E68/><V21/><F21/><W42/><G42/><T113/><D113/><U17/><E45/><V85/><F11/><W93/><REACH who="3" step="1"/><G93/><REACH who="3" ten="250,250,250,240" step="2"/><T112/><D112/><U86/><E111/><V132/><F132/><W128/><G128/><T109/><D5/><U80/><E108/><N who="0" m="41577" /><D0/><U31/><E31/><V24/><F24/><W84/><G84/><T125/><D125/><U134/><E134/><V89/><F106/><W3/><G3/><T62/><D74/><U90/><E17/><AGARI ba="0,1" hai="16,17,49,50,56,57,76,79,82,83,97,98,104,105" machi="17" ten="25,12000,2" yaku="1,1,22,2,54,1,53,2" doraHai="59" doraHaiUra="53" who="3" fromWho="1" sc="250,0,250,-120,250,0,240,130" /><INIT seed="1,0,0,3,1,51" ten="250,130,250,370" oya="1" hai0="88,131,130,97,107,108,72,54,40,132,87,113,37" hai1="118,70,116,80,12,123,36,29,41,49,71,28,63" hai2="6,27,14,119,39,73,8,109,19,134,2,67,94" hai3="85,62,103,10,83,53,43,5,30,129,42,106,4"/><U61/><E36/><V75/><F119/><W45/><G30/><T74/><D113/><U55/><E123/><V52/><F39/><W11/><G106/><T92/><D40/><U68/><E41/><V115/><F67/><W121/><G103/><N who="0" m="62959" /><D37/><U46/><E80/><V133/><F109/><W60/><G129/><N who="0" m="49163" /><D54/><U104/><E104/><V21/><F115/><W3/><G121/><T0/><D0/><U33/><E12/><V18/><F94/><W38/><G43/><T112/><D108/><U122/><E122/><V35/><F19/><W17/><G17/><T31/><D31/><U84/><E84/><V124/><F124/><W76/><G53/><T24/><D24/><U9/><E9/><V47/><F35/><W93/><G93/><T102/><D112/><U98/><E98/><V48/><F2/><AGARI ba="0,0" hai="2,3,4,5,10,11,38,42,45,60,62,76,83,85" machi="2" ten="30,2000,0" yaku="7,1,9,1" doraHai="51" who="3" fromWho="2" sc="250,0,130,0,250,-20,370,20" /><INIT seed="2,0,0,5,1,107" ten="250,130,230,390" oya="2" hai0="27,23,117,125,11,120,99,62,124,17,8,89,68" hai1="29,49,0,22,4,9,66,72,94,135,43,102,71" hai2="48,133,126,45,12,40,15,37,101,51,18,3,81" hai3="41,61,47,5,105,6,54,97,129,95,59,32,26"/><V86/><F3/><W92/><G105/><T134/><D120/><U63/><E135/><V85/><F133/><W113/><G129/><T132/><D134/><U46/><E72/><V36/><F126/><N who="0" m="48746" /><D117/><U128/><E128/><V53/><F101/><W78/><G78/><T79/><D132/><U13/><E102/><V93/><F37/><W34/><G34/><T119/><D119/><U73/><E73/><V118/><F118/><W83/><G83/><T91/><D79/><U74/><E74/><V42/><F36/><W76/><G76/><T100/><D62/><U21/><E94/><V58/><F93/><W130/><G95/><N who="0" m="58495" /><D68/><U84/><E84/><N who="2" m="32363" /><F81/><W35/><G35/><T1/><D1/><U87/><E87/><V108/><F108/><W10/><G130/><T114/><D114/><U50/><E29/><V24/><F42/><W56/><G41/><T104/><D104/><U65/><E65/><V109/><F109/><W33/><G32/><T20/><D20/><AGARI ba="0,0" hai="12,15,18,20,24,40,45,48,51,53,58" m="32363" machi="20" ten="30,1500,0" yaku="8,1" doraHai="107" who="2" fromWho="0" sc="250,-15,130,0,230,15,390,0" /><INIT seed="2,1,0,1,5,98" ten="235,130,245,390" oya="2" hai0="12,128,51,70,116,13,50,129,124,105,35,75,9" hai1="88,126,78,69,39,122,90,64,17,81,85,22,111" hai2="102,86,28,104,80,46,8,57,84,27,52,16,101" hai3="71,3,36,106,77,20,123,18,53,5,112,82,120"/><V49/><F104/><W26/><G71/><T33/><D75/><U1/><E1/><V118/><F118/><W7/><G36/><T24/><D105/><U73/><E122/><V59/><F84/><W66/><G66/><T68/><D24/><U45/><E126/><V61/><F28/><W0/><G106/><T30/><D30/><U97/><E111/><V83/><F83/><W87/><G112/><T63/><D63/><U115/><E115/><V113/><F113/><W6/><REACH who="3" step="1"/><G53/><REACH who="3" ten="235,130,245,380" step="2"/><T89/><D68/><U43/><E69/><V91/><F59/><W14/><G14/><T58/><D13/><U119/><E64/><V34/><F34/><W48/><G48/><T41/><D12/><U65/><E65/><N who="2" m="39087" /><F8/><W100/><G100/><T55/><D58/><U103/><E119/><V29/><F29/><W134/><G134/><T4/><D35/><U94/><REACH who="1" step="1"/><E73/><REACH who="1" ten="235,120,245,380" step="2"/><V132/><F132/><W11/><G11/><T107/><D9/><U21/><E21/><AGARI ba="1,2" hai="16,21,27,46,49,52,80,86,91,101,102" m="39087" machi="21" ten="30,12000,1" yaku="8,1,52,2,54,2" doraHai="98" who="2" fromWho="1" sc="235,0,120,-123,245,143,380,0" owari="235,-16.0,-3,-50.0,388,48.0,380,18.0" /></mjloggm>