<mjloggm ver="2.3"><GO type="169" lobby="0"/><UN n0="%E3%83%98%E3%82%AF%E3%82%B5%E3%83%BC" n1="%74%2E%61%2E%6B%2E" n2="%E3%82%A8%E3%83%88%E3%81%BA%E3%83%B3" n3="%E5%B0%B1%E6%B4%BB%E7%94%9F%40%E5%B7%9D%E6%9D%91%E8%BB%8D%E5%9B%A3" dan="18,16,16,16" rate="2267.01,2072.46,2153.64,2040.68" sx="M,M,F,M"/><TAIKYOKU oya="0"/><INIT seed="0,0,0,3,5,108" ten="250,250,250,250" oya="0" hai0="122,3,0,81,39,83,105,78,48,77,16,61,59" hai1="56,71,133,27,33,65,15,134,37,63,114,92,118" hai2="128,13,69,73,88,84,79,87,106,115,7,5,46" hai3="11,130,90,14,44,30,123,95,60,103,125,40,64"/><T135/><D39/><U72/><E118/><V49/><F69/><W98/><G123/><T101/><D122/><U124/><E72/><V55/><F106/><W99/><G130/><T38/><D38/><U132/><E37/><V26/><F73/><W62/><G125/><T131/><D131/><U100/><E124/><V116/><F128/><W112/><G30/><T86/><D135/><U121/><E121/><V82/><F116/><W41/><G112/><T18/><D48/><U24/><E71/><V51/><F115/><W97/><G60/><T35/><D35/><U85/><E114/><V1/><F1/><W68/><G44/><T91/><D105/><U119/><E119/><V70/><F70/><W89/><G89/><T29/><D101/><U75/><E75/><V25/><F5/><W42/><REACH who="3" step="1"/><G103/><REACH who="3" ten="250,250,250,240" step="2"/><T117/><D29/><U17/><E132/><V45/><F45/><W50/><G50/><T67/><D117/><U74/><E133/><V53/><F49/><W34/><G34/><T113/><D113/><U23/><E33/><V54/><F51/><W80/><G80/><T9/><D91/><U110/><E134/><V36/><F46/><W109/><G109/><T66/><D61/><U120/><E110/><V107/><F36/><W21/><G21/><T129/><D129/><U57/><E120/><V22/><F22/><W10/><G10/><T127/><D127/><U8/><E74/><V96/><F82/><W76/><G76/><T43/><D9/><U52/><E8/><V6/><F88/><W2/><G2/><T104/><D0/><U12/><E100/><RYUUKYOKU ba="0,1" sc="250,-10,250,-10,250,-10,240,30" hai3="11,14,40,41,42,62,64,68,90,95,97,98,99" /><INIT seed="1,1,1,1,3,108" ten="240,240,240,270" oya="1" hai0="123,30,88,15,106,124,73,126,113,25,111,96,5" hai1="75,91,127,93,22,112,48,9,98,89,31,71,128" hai2="81,16,99,51,125,0,94,72,29,67,104,64,102" hai3="105,90,2,62,42,3,63,13,55,121,117,76,69"/><U37/><E37/><V115/><F0/><W7/><G121/><T53/><D113/><U59/><E71/><V66/><F125/><N who="0" m="48234" /><D123/><U44/><E128/><V20/><F29/><W41/><G105/><T40/><D111/><U34/><E34/><V78/><F51/><W6/><G117/><T43/><D73/><U134/><E75/><V24/><F115/><W33/><G33/><N who="0" m="20687" /><D53/><U23/><E134/><V50/><F50/><W19/><G55/><T61/><D61/><U26/><E59/><V45/><F45/><W27/><G76/><T135/><D135/><U8/><E127/><V11/><REACH who="2" step="1"/><F11/><REACH who="2" ten="240,240,230,270" step="2"/><W114/><G42/><T84/><D40/><U21/><E112/><V18/><F18/><W120/><G41/><T60/><D43/><N who="1" m="24607" /><E89/><V119/><F119/><W85/><G120/><T95/><D60/><U87/><E8/><V58/><F58/><W35/><G114/><T68/><D68/><U74/><E9/><V109/><F109/><W57/><G63/><T77/><D5/><U32/><E74/><V103/><F103/><W82/><G69/><T28/><D28/><U131/><E131/><V1/><F1/><W80/><G2/><T54/><D77/><U12/><E32/><V46/><F46/><W133/><G3/><T92/><D88/><N who="1" m="55591" /><E12/><V86/><F86/><N who="3" m="50503" /><G133/><T107/><D15/><U47/><E47/><V70/><F70/><W65/><G35/><T110/><D110/><U56/><E56/><V83/><F83/><AGARI ba="1,2" hai="21,22,23,26,31,83,87,91" m="55591,24607" machi="83" ten="30,2900,0" yaku="8,1,54,1" doraHai="108" who="1" fromWho="2" sc="240,0,240,52,230,-32,270,0" /><INIT seed="1,2,0,5,5,80" ten="240,292,198,270" oya="1" hai0="124,9,112,126,55,120,130,62,117,125,102,103,127" hai1="110,14,29,41,131,11,96,31,23,63,4,116,71" hai2="100,66,1,58,123,8,133,44,77,104,98,45,19" hai3="99,89,6,39,5,12,105,2,47,101,79,122,33"/><U75/><E116/><V28/><F123/><W87/><G122/><T106/><D120/><U21/><E75/><V114/><F114/><W50/><G33/><T134/><D112/><U17/><E131/><V61/><F133/><W92/><G39/><T95/><D117/><U132/><E132/><V69/><F77/><W90/><G2/><T10/><D134/><U3/><E41/><V119/><F119/><W93/><G79/><T108/><D130/><U53/><E96/><V94/><F69/><W7/><G12/><T64/><D108/><U46/><E110/><V129/><F129/><W78/><G78/><T82/><D124/><U25/><E46/><V15/><F1/><W49/><REACH who="3" step="1"/><G47/><REACH who="3" ten="240,292,198,260" step="2"/><T128/><D128/><U86/><E86/><AGARI ba="2,1" hai="5,6,7,49,50,86,87,89,90,92,93,99,101,105" machi="86" ten="40,8000,1" yaku="1,1,2,1,9,1,52,2,53,0" doraHai="80" doraHaiUra="16" who="3" fromWho="1" sc="240,0,292,-86,198,0,260,96" /><INIT seed="2,0,0,5,1,46" ten="240,206,198,356" oya="2" hai0="28,111,121,93,54,91,22,79,118,73,36,119,127" hai1="55,23,96,49,66,81,122,82,59,47,131,64,12" hai2="113,5,124,85,50,34,16,80,10,123,105,116,87" hai3="32,109,126,40,107,14,18,135,104,74,65,95,56"/><V45/><F116/><W134/><G32/><T61/><D121/><U90/><E131/><V48/><F113/><W4/><G74/><T25/><D36/><U89/><E122/><V98/><F34/><W7/><G40/><T57/><D111/><U33/><E33/><V52/><F123/><W132/><G126/><T67/><D127/><U24/><E12/><N who="2" m="7191" /><F124/><W35/><G35/><T125/><D125/><U9/><E9/><V39/><F39/><W2/><G2/><T51/><D79/><U76/><E96/><V31/><F105/><N who="3" m="40523" /><G95/><T62/><D73/><U41/><E82/><V108/><F108/><W0/><G0/><T78/><D78/><U112/><E112/><V53/><F98/><W101/><G101/><T130/><D130/><U19/><E66/><V114/><F114/><W110/><G4/><T26/><D26/><U103/><E103/><V3/><F3/><W88/><G7/><T92/><D61/><U44/><E64/><V30/><F5/><W20/><G88/><T27/><D27/><U102/><E102/><V128/><F128/><W42/><G42/><T100/><D100/><U71/><E71/><V94/><F94/><W68/><G68/><T6/><D6/><U84/><REACH who="1" step="1"/><E47/><REACH who="1" ten="240,196,198,356" step="2"/><N who="2" m="27679" /><F87/><W129/><G129/><T115/><D115/><U75/><E75/><V70/><F70/><W43/><G109/><T1/><D1/><U11/><E11/><V106/><F106/><W58/><G110/><T120/><D120/><U99/><E99/><V60/><F60/><AGARI ba="0,1" hai="19,23,24,41,44,49,55,59,60,76,81,84,89,90" machi="60" ten="30,8000,1" yaku="1,1,7,1,8,1,52,1,53,1" doraHai="46" doraHaiUra="72" who="1" fromWho="2" sc="240,0,196,90,198,-80,356,0" /><INIT seed="3,0,0,0,3,112" ten="240,286,118,356" oya="3" hai0="109,38,13,63,110,117,61,74,57,10,62,48,1" hai1="52,120,108,18,115,130,27,92,121,119,50,89,133" hai2="59,64,101,28,40,124,76,53,31,104,114,107,60" hai3="67,84,37,29,98,129,77,55,9,26,3,17,35"/><W46/><G129/><T56/><D38/><U43/><E108/><N who="0" m="41577" /><D74/><U14/><E115/><V66/><F114/><W21/><G67/><N who="0" m="39335" /><D1/><U82/><E133/><V54/><F124/><W100/><G84/><T103/><D103/><U78/><E130/><V36/><F76/><W7/><G77/><T22/><D22/><U91/><E121/><V81/><F81/><W5/><G5/><N who="0" m="3279" /><D117/><U71/><E71/><V30/><F101/><W49/><G37/><T105/><D105/><U93/><E120/><V135/><F135/><W128/><G128/><T99/><D99/><U51/><E27/><V75/><F75/><W68/><G68/><T24/><D24/><U73/><E119/><V25/><F25/><W122/><G122/><T79/><D79/><U20/><E78/><V125/><F125/><W86/><G86/><T47/><D57/><N who="1" m="32919" /><E73/><V34/><F34/><W16/><REACH who="3" step="1"/><G35/><REACH who="3" ten="240,286,118,346" step="2"/><T123/><D123/><U39/><E39/><V106/><REACH who="2" step="1"/><F64/><REACH who="2" ten="240,286,108,346" step="2"/><W58/><G58/><T87/><D47/><AGARI ba="0,2" hai="28,30,31,36,40,47,53,54,59,60,66,104,106,107" machi="47" ten="50,3200,0" yaku="1,1,2,1,53,0" doraHai="112" doraHaiUra="132" who="2" fromWho="0" sc="240,-32,286,0,108,52,346,0" /><INIT seed="4,0,0,4,0,14" ten="208,286,160,346" oya="0" hai0="68,62,31,132,1,61,48,51,64,67,71,135,107" hai1="15,29,18,133,115,116,78,57,23,34,127,42,89" hai2="3,124,17,12,47,103,76,27,98,37,4,30,80" hai3="44,26,95,65,33,24,121,101,113,74,41,93,123"/><T25/><D107/><U46/><E116/><V35/><F124/><W131/><G74/><T91/><D1/><U5/><E133/><V96/><F37/><N who="3" m="21551" /><G131/><T102/><D102/><U59/><E127/><V66/><F66/><W87/><G65/><T128/><D91/><U105/><E105/><V112/><F112/><W2/><G2/><T9/><D9/><N who="1" m="4527" /><E34/><V13/><F47/><W11/><G33/><T28/><REACH who="0" step="1"/><D25/><REACH who="0" ten="198,286,160,346" step="2"/><U0/><E0/><V118/><F103/><W49/><G24/><T134/><D134/><U119/><E115/><V104/><F104/><W73/><G26/><T45/><D45/><U86/><E89/><V106/><F106/><W90/><G101/><T32/><D32/><U21/><E46/><V82/><F118/><W122/><G11/><T125/><D125/><U92/><E119/><V100/><F100/><W63/><G113/><T40/><D40/><U70/><E42/><V126/><F126/><W6/><G90/><T114/><D114/><U79/><E23/><V84/><F3/><W50/><G123/><T110/><D110/><U109/><E21/><V16/><F27/><W39/><G122/><T81/><D81/><U85/><E109/><V99/><F35/><W56/><G121/><T36/><D36/><U20/><E20/><V52/><F82/><W130/><G39/><T129/><AGARI ba="0,1" hai="28,31,48,51,61,62,64,67,68,71,128,129,132,135" machi="129" ten="25,9600,0" yaku="1,1,0,1,22,2,53,0" doraHai="14" doraHaiUra="88" who="0" fromWho="0" sc="198,106,286,-32,160,-32,346,-32" /><INIT seed="4,1,0,0,1,78" ten="304,254,128,314" oya="0" hai0="87,55,133,89,126,119,47,111,28,106,91,110,8" hai1="35,3,103,39,129,105,56,14,38,102,18,101,76" hai2="135,130,49,75,37,71,43,26,90,48,40,113,46" hai3="121,31,104,96,112,108,7,132,20,80,50,125,62"/><T69/><D119/><U109/><E109/><V73/><F113/><W59/><G108/><T9/><D106/><U25/><E3/><V97/><F71/><W95/><G121/><T23/><D69/><U33/><E76/><V66/><F66/><W120/><G104/><T88/><D126/><U12/><E105/><V65/><F65/><W117/><G132/><T16/><D133/><U0/><E0/><V85/><F135/><W61/><G112/><T99/><D28/><U98/><E98/><V6/><F97/><W36/><G36/><T123/><D123/><U82/><E82/><V118/><F118/><W93/><G7/><T74/><D74/><U17/><E56/><V134/><F37/><N who="1" m="13833" /><E25/><V41/><F134/><W15/><G120/><T68/><D68/><U100/><N who="1" m="26112" /><DORA hai="52" /><U58/><E58/><V94/><F26/><W13/><G125/><T11/><D99/><U21/><E21/><V79/><F6/><W5/><G20/><T114/><D114/><U86/><E86/><V77/><F75/><W2/><G31/><T128/><D111/><U63/><E63/><V27/><F27/><W92/><G2/><T29/><D29/><U115/><E129/><V51/><F130/><W42/><G96/><T83/><D128/><U122/><E122/><V124/><F124/><W116/><G117/><T34/><D110/><U107/><E107/><V127/><F127/><W81/><G116/><T45/><D87/><U60/><E60/><N who="3" m="23146" /><G5/><T19/><D91/><U4/><E4/><V44/><F73/><W64/><G64/><T32/><D89/><U84/><E115/><RYUUKYOKU ba="1,0" sc="304,-10,254,-10,128,30,314,-10" hai2="40,41,43,44,46,48,49,51,77,79,85,90,94" /><INIT seed="5,2,0,5,2,4" ten="294,244,158,304" oya="1" hai0="93,73,30,8,64,68,117,121,2,54,63,47,56" hai1="120,91,67,118,20,0,5,104,124,31,81,85,46" hai2="29,134,17,125,132,99,96,19,89,100,41,22,53" hai3="59,27,80,106,24,79,115,78,74,23,14,13,7"/><U72/><E118/><V6/><F41/><W126/><G106/><T18/><D117/><U49/><E120/><V101/><F125/><W77/><G126/><T129/><D73/><U135/><E104/><V33/><F33/><W16/><G115/><T1/><D30/><U44/><E124/><V70/><F70/><W66/><G74/><T127/><D127/><U94/><E135/><N who="2" m="51755" /><F89/><W55/><G66/><T43/><D129/><U107/><E107/><V37/><F37/><W122/><G80/><T40/><D121/><U12/><E0/><V110/><F110/><W52/><G122/><T130/><D130/><U76/><E67/><V10/><F53/><N who="3" m="20555" /><G59/><T58/><D93/><U60/><E60/><V21/><F29/><W28/><G28/><T26/><D58/><U25/><REACH who="1" step="1"/><E49/><REACH who="1" ten="294,234,158,304" step="2"/><V108/><F108/><W133/><G133/><T95/><D1/><U82/><E82/><V112/><F112/><W97/><G97/><N who="2" m="37449" /><F101/><W57/><G57/><T131/><D131/><U36/><E36/><V90/><F100/><W51/><G51/><T34/><D56/><U48/><E48/><V38/><F38/><W98/><G98/><T62/><D62/><U71/><E71/><V113/><F113/><W114/><G114/><T3/><D68/><U42/><E42/><V92/><F92/><W50/><G50/><N who="0" m="29023" /><D95/><U39/><E39/><V103/><F103/><W69/><G69/><N who="0" m="42143" /><D43/><U128/><E128/><V84/><F84/><W15/><G7/><T61/><D40/><U105/><E105/><V32/><F6/><W111/><G111/><T83/><D83/><U119/><E119/><RYUUKYOKU ba="2,1" sc="294,-15,234,15,158,-15,304,15" hai1="5,12,20,25,31,44,46,72,76,81,85,91,94" hai3="13,14,15,16,23,24,27,77,78,79" /><INIT seed="5,3,1,1,0,75" ten="279,249,143,319" oya="1" hai0="113,121,134,40,124,12,6,131,37,55,115,104,46" hai1="103,123,35,21,100,72,96,118,80,34,133,105,78" hai2="15,117,79,49,135,120,129,4,87,29,23,19,7" hai3="38,126,62,26,119,92,69,127,84,13,106,74,108"/><U25/><E133/><V53/><F117/><W16/><G74/><T58/><D131/><U81/><E118/><V60/><F120/><W32/><G38/><T67/><D124/><N who="3" m="47657" /><G106/><T93/><D104/><U128/><E128/><V61/><F135/><W107/><G107/><T111/><D134/><U51/><E123/><V109/><F109/><W66/><G108/><T17/><D111/><U102/><E102/><V0/><F129/><W70/><G119/><T99/><D67/><U14/><E103/><V122/><F122/><W36/><G36/><T48/><D6/><U86/><E14/><V10/><F7/><W5/><G5/><T89/><REACH who="0" step="1"/><D121/><REACH who="0" ten="269,249,143,319" step="2"/><U110/><E110/><V43/><F29/><N who="3" m="19511" /><G70/><T3/><D3/><U114/><E114/><V68/><F68/><W88/><G69/><T63/><D63/><U97/><E51/><V65/><F65/><W57/><G66/><T20/><AGARI ba="3,2" hai="12,17,20,37,40,46,48,55,58,89,93,99,113,115" machi="20" ten="30,2000,0" yaku="1,1,0,1,53,0" doraHai="75" doraHaiUra="77" who="0" fromWho="0" sc="269,49,249,-13,143,-8,319,-8" /><INIT seed="6,0,0,5,1,119" ten="318,236,135,311" oya="2" hai0="127,55,126,64,12,68,79,86,134,42,25,124,17" hai1="18,82,30,66,19,22,34,90,23,15,129,51,2" hai2="38,76,117,56,21,41,83,45,50,7,59,93,60" hai3="116,11,112,106,85,99,63,43,67,58,84,78,72"/><V114/><F117/><W87/><G116/><T14/><D134/><U110/><E110/><V77/><F114/><W111/><G111/><T133/><D133/><U113/><E66/><V81/><F7/><W80/><G112/><T9/><D42/><U109/><E109/><V54/><F93/><W49/><G11/><T36/><D36/><U6/><E113/><V3/><F3/><W131/><G131/><T37/><D37/><U120/><E51/><V102/><F102/><W48/><G106/><T73/><D73/><U92/><E82/><V10/><F10/><W20/><G43/><T28/><D55/><U105/><E105/><V39/><F21/><W46/><G46/><T96/><D96/><U100/><E100/><V27/><F27/><W44/><G44/><T125/><D12/><U16/><E129/><V130/><F130/><W32/><G32/><N who="0" m="20495" /><D124/><U24/><E120/><V40/><F40/><W88/><G20/><T52/><D52/><U74/><E74/><V69/><F69/><W13/><G13/><T132/><D132/><U0/><E90/><V89/><F89/><W71/><G71/><T4/><D4/><U107/><E92/><V47/><F47/><W65/><G65/><T123/><D123/><U62/><E62/><V101/><F101/><W95/><AGARI ba="0,0" hai="48,49,58,63,67,72,78,80,84,85,87,88,95,99" machi="95" ten="30,2000,0" yaku="0,1,54,1" doraHai="119" who="3" fromWho="3" sc="318,-5,236,-5,135,-10,311,20" /><INIT seed="7,0,0,2,0,84" ten="313,231,125,331" oya="3" hai0="113,4,6,30,2,20,54,91,81,5,99,115,38" hai1="48,50,120,72,26,61,85,123,75,103,127,40,98" hai2="8,80,78,100,90,110,14,11,133,25,18,52,65" hai3="118,104,68,53,34,128,62,16,33,21,46,114,63"/><W28/><G104/><T125/><D38/><U13/><E127/><V58/><F110/><W108/><G118/><T64/><D125/><U29/><E13/><V77/><F133/><W47/><G108/><T135/><D135/><U101/><E85/><V66/><F100/><W9/><G128/><T122/><D122/><U36/><E36/><V0/><F0/><W87/><G114/><N who="0" m="43531" /><D64/><U95/><E120/><V126/><F126/><W116/><G116/><T60/><D81/><U22/><E123/><V130/><F130/><W71/><G28/><T67/><D54/><U10/><E10/><V97/><F8/><W42/><G9/><N who="0" m="2199" /><D20/><U24/><E103/><V12/><F12/><W35/><G87/><T43/><D43/><U107/><E26/><V129/><F129/><W134/><G134/><T93/><D30/><U112/><E112/><V39/><F39/><W94/><G94/><T59/><AGARI ba="0,0" hai="5,6,59,60,67,91,93,99" m="2199,43531" machi="59" ten="30,4000,0" yaku="15,1,11,1,52,1" doraHai="84" who="0" fromWho="0" sc="313,40,231,-10,125,-10,331,-20" owari="353,45.0,221,-18.0,115,-38.0,311,11.0" /></mjloggm>