<mjloggm ver="2.3"><GO type="97" lobby="0"/><UN n0="%E3%83%A6%E3%83%AA%E3%82%B9" n1="%4E%6F%4D%61%64" n2="%E3%81%84%E3%81%9F%E3%81%9A%E3%82%89%E7%8C%AB" n3="%E5%B0%B1%E6%B4%BB%E7%94%9F%40%E5%B7%9D%E6%9D%91%E8%BB%8D%E5%9B%A3" dan="14,14,13,15" rate="1892.81,1953.83,1905.99,2049.30" sx="M,F,M,M"/><TAIKYOKU oya="0"/><INIT seed="0,0,0,0,1,28" ten="250,250,250,250" oya="0" hai0="49,23,130,128,109,13,101,73,57,24,60,9,58" hai1="115,88,95,83,1,19,108,11,116,117,22,61,129" hai2="121,10,94,112,118,17,124,55,14,113,26,91,31" hai3="122,47,71,70,80,131,40,134,36,96,87,120,34"/><T99/><D73/><U35/><E35/><V41/><F121/><N who="3" m="46699" /><G134/><T75/><D75/><U50/><E108/><V32/><F118/><W27/><G96/><T62/><D109/><U56/><E129/><N who="0" m="49769" /><D49/><U76/><E115/><V110/><F110/><W89/><G131/><T126/><D126/><U54/><E1/><V104/><F104/><W29/><AGARI ba="0,0" hai="27,29,34,36,40,47,70,71,80,87,89" m="46699" machi="29" ten="30,2000,0" yaku="13,1,52,1" doraHai="28" who="3" fromWho="3" sc="250,-10,250,-5,250,-5,250,20" /><INIT seed="1,0,0,5,0,50" ten="240,245,245,270" oya="1" hai0="68,89,33,26,17,115,29,72,133,42,85,87,79" hai1="47,75,36,101,108,69,80,123,95,14,25,113,12" hai2="56,16,107,70,82,52,131,86,67,57,64,106,73" hai3="96,77,27,120,78,4,129,15,30,23,3,121,126"/><U119/><E113/><V13/><F73/><W128/><G3/><T49/><D68/><U114/><E119/><V91/><F131/><N who="3" m="50251" /><G126/><T19/><D115/><U34/><E114/><V21/><F70/><W6/><G96/><T134/><D72/><U76/><E123/><N who="3" m="47178" /><G78/><T8/><D79/><U53/><E69/><V32/><F32/><N who="3" m="20575" /><G77/><T117/><D117/><U83/><E108/><V71/><F71/><W0/><G0/><T62/><D62/><U110/><E110/><V39/><F39/><W7/><G23/><T11/><D11/><AGARI ba="0,0" hai="4,6,7,11,15" m="20575,47178,50251" machi="11" ten="30,3900,0" yaku="19,1,34,2" doraHai="50" who="3" fromWho="0" sc="240,-39,245,0,245,0,270,39" /><INIT seed="2,0,0,3,0,1" ten="201,245,245,309" oya="2" hai0="15,126,81,101,30,12,52,83,128,75,117,22,76" hai1="88,54,29,127,53,41,70,121,91,19,57,23,124" hai2="95,130,50,78,97,24,134,8,68,69,131,105,85" hai3="32,65,79,107,132,82,46,27,120,3,106,35,114"/><V72/><F105/><W33/><G120/><T77/><D128/><N who="2" m="49194" /><F72/><W55/><G114/><T84/><D126/><N who="1" m="48171" /><E70/><V90/><F134/><W86/><G132/><T102/><D117/><U47/><E121/><V20/><F8/><W14/><G3/><T34/><D34/><U87/><E29/><N who="2" m="17543" /><F50/><W64/><G27/><T93/><D30/><U74/><E74/><V26/><F26/><W21/><G21/><T43/><D43/><U6/><E6/><V110/><F110/><W39/><G14/><T40/><D40/><U56/><E91/><N who="2" m="55551" /><F78/><W92/><G39/><T28/><D28/><U111/><E111/><V18/><F18/><W123/><G123/><T135/><D135/><U17/><E17/><V25/><F25/><W10/><G10/><T67/><D67/><U51/><E54/><V104/><F104/><W118/><G118/><T48/><D22/><U42/><E42/><V125/><F125/><W49/><G107/><T129/><D129/><U96/><E96/><V59/><F59/><W94/><G106/><T89/><D89/><U5/><E5/><V109/><F109/><W108/><G108/><T80/><D80/><AGARI ba="0,0" hai="68,69,80,85,90" m="55551,17543,49194" machi="80" ten="30,1500,0" yaku="19,1" doraHai="1" who="2" fromWho="0" sc="201,-15,245,0,245,15,309,0" /><INIT seed="2,1,0,5,2,29" ten="186,245,260,309" oya="2" hai0="129,30,125,85,32,111,78,118,131,121,49,41,13" hai1="46,97,62,123,52,128,115,80,134,90,126,18,91" hai2="76,103,63,33,113,27,9,133,104,54,86,16,2" hai3="6,124,70,77,93,12,45,25,95,110,105,61,119"/><V10/><F113/><W92/><G105/><T122/><D41/><U83/><E115/><V0/><F133/><W3/><G3/><T39/><D49/><U117/><E117/><V106/><F103/><W38/><G119/><T5/><D85/><U101/><E134/><V8/><F86/><W11/><G124/><T17/><D78/><U89/><E126/><V1/><F76/><W55/><G110/><T112/><D39/><U82/><E128/><N who="0" m="49225" /><D112/><U44/><E123/><N who="0" m="47113" /><D118/><U79/><E79/><V81/><F81/><W102/><G70/><T23/><D125/><U56/><E18/><V47/><F47/><W35/><G77/><T114/><D114/><U109/><REACH who="1" step="1"/><E109/><REACH who="1" ten="186,235,260,309" step="2"/><V135/><F135/><W94/><G102/><T42/><D111/><U59/><E59/><V14/><F104/><AGARI ba="1,1" hai="44,46,52,56,62,80,82,83,89,90,91,97,101,104" machi="104" ten="40,2600,0" yaku="1,1,54,1,53,0" doraHai="29" doraHaiUra="24" who="1" fromWho="2" sc="186,0,235,39,260,-29,309,0" /><INIT seed="3,0,0,0,0,35" ten="186,274,231,309" oya="3" hai0="111,48,115,19,109,20,14,102,95,70,64,34,91" hai1="68,107,114,8,47,89,9,41,45,125,62,26,82" hai2="74,130,96,33,73,72,6,52,42,134,61,5,43" hai3="76,121,86,131,93,97,44,117,37,79,58,94,24"/><W92/><G117/><T15/><D34/><U108/><E114/><V65/><F130/><W129/><G121/><T28/><D28/><U16/><E107/><V23/><F33/><W85/><G58/><T55/><D115/><U11/><E108/><V2/><F134/><W10/><G10/><T69/><D102/><U110/><E110/><N who="0" m="41993" /><D64/><U126/><E47/><V101/><F23/><W53/><G24/><T84/><D14/><U4/><E68/><V30/><F30/><W127/><G127/><N who="1" m="48650" /><E62/><V0/><F52/><W128/><G97/><T21/><D21/><N who="1" m="13607" /><E89/><V59/><F42/><N who="3" m="22607" /><G53/><T77/><D77/><AGARI ba="0,0" hai="76,77,79,85,86,92,93,94,128,129,131" m="22607" machi="77" ten="40,2000,0" yaku="19,1" doraHai="35" who="3" fromWho="0" sc="186,-20,274,0,231,0,309,20" owari="166,-33.0,274,7.0,231,-17.0,329,43.0" /></mjloggm>