<mjloggm ver="2.3"><GO type="97" lobby="0"/><UN n0="%E5%B0%B1%E6%B4%BB%E7%94%9F%40%E5%B7%9D%E6%9D%91%E8%BB%8D%E5%9B%A3" n1="%E3%82%B9%E3%83%AB%E3%83%A1" n2="%E3%82%8D%E3%81%8F%E3%81%95%E3%82%93" n3="%E9%87%8C%E4%B8%AD%E4%BA%9C%E7%9F%A2%E5%AD%90" dan="16,13,15,15" rate="2102.42,1867.79,1898.30,1987.35" sx="M,M,M,F"/><TAIKYOKU oya="0"/><INIT seed="0,0,0,0,5,91" ten="250,250,250,250" oya="0" hai0="119,32,10,29,0,131,96,100,129,81,84,92,25" hai1="51,124,115,85,49,110,99,31,23,102,59,22,68" hai2="98,114,66,42,120,56,78,54,2,126,106,38,108" hai3="89,116,134,67,93,43,63,70,123,130,17,135,107"/><T57/><D119/><U121/><E121/><V94/><F114/><W73/><G116/><T6/><REACH who="0" step="1"/><D57/><REACH who="0" ten="240,250,250,250" step="2"/><U128/><E59/><V62/><F56/><W109/><G123/><T95/><D95/><U33/><E115/><V16/><F94/><W86/><G107/><T45/><D45/><U52/><E124/><V127/><F106/><W105/><G105/><T30/><D30/><U41/><E31/><V18/><F120/><W48/><G93/><T76/><AGARI ba="0,1" hai="0,6,10,25,29,32,76,81,84,92,96,100,129,131" machi="76" ten="30,11700,0" yaku="1,1,0,1,52,1,53,1" doraHai="91" doraHaiUra="77" who="0" fromWho="0" sc="240,127,250,-39,250,-39,250,-39" /><INIT seed="0,1,0,4,0,89" ten="367,211,211,211" oya="0" hai0="71,101,96,59,109,105,108,4,21,85,58,27,79" hai1="81,0,20,103,49,70,34,114,92,30,5,69,14" hai2="86,22,68,120,11,60,97,50,88,84,3,24,15" hai3="10,12,48,51,95,39,93,16,9,73,1,17,65"/><T125/><D71/><U98/><E114/><V87/><F120/><W82/><G39/><T126/><D4/><U32/><E81/><V7/><F3/><W46/><G65/><T6/><D6/><U123/><E123/><V111/><F111/><N who="0" m="42570" /><D79/><U55/><E32/><V26/><F68/><W106/><G106/><T72/><D72/><U129/><E129/><V90/><F60/><W135/><G135/><T107/><D107/><U76/><E76/><V104/><F104/><W78/><G1/><T64/><D85/><U41/><E41/><V2/><F2/><W45/><G45/><T37/><D37/><U77/><E77/><V130/><F130/><W99/><G99/><T19/><D64/><U38/><E38/><V113/><F113/><W31/><G31/><T8/><D8/><U80/><E80/><V66/><F66/><W52/><G51/><T115/><D115/><U57/><E0/><V132/><F132/><W54/><G54/><T33/><D33/><U131/><E131/><V44/><F97/><W74/><G74/><T53/><D53/><U100/><E34/><V23/><F26/><W47/><G47/><T91/><D91/><N who="2" m="34858" /><F24/><W124/><G124/><AGARI ba="1,0" hai="19,21,27,58,59,96,101,105,124,125,126" m="42570" machi="124" ten="30,5800,0" yaku="18,1,14,1,10,1" doraHai="89" who="0" fromWho="3" sc="367,61,211,0,211,0,211,-61" /><INIT seed="0,2,0,0,1,123" ten="428,211,211,150" oya="0" hai0="92,116,36,17,34,120,96,115,35,28,11,7,118" hai1="85,133,54,132,113,98,76,71,12,75,64,47,14" hai2="13,97,58,9,108,134,21,60,80,29,51,22,3" hai3="119,8,125,78,23,31,109,102,43,41,2,107,18"/><T61/><D36/><U40/><E113/><V57/><F3/><W90/><G119/><T59/><D120/><U66/><E75/><V63/><F134/><N who="1" m="51817" /><E54/><V77/><F51/><W65/><G78/><T45/><D115/><U33/><E33/><V126/><F126/><W95/><G125/><T86/><D86/><U104/><E104/><V117/><F97/><W101/><G31/><T106/><D106/><U53/><E53/><V70/><F70/><W39/><G65/><N who="1" m="25194" /><E98/><V5/><F117/><W4/><G107/><T10/><D45/><U48/><E71/><V73/><F60/><W26/><G39/><T124/><D124/><U49/><E49/><V103/><F63/><W24/><G24/><T19/><D59/><U0/><E0/><V88/><F57/><W30/><G30/><T68/><D61/><U79/><E79/><V84/><F29/><W131/><G131/><T130/><D68/><U74/><E74/><V20/><F58/><W55/><G55/><T82/><D130/><U42/><E42/><V114/><F114/><W100/><G43/><T87/><D96/><U99/><E99/><V38/><F38/><W27/><G41/><T83/><D87/><U127/><E127/><V122/><F122/><W16/><G27/><T110/><D28/><U129/><E129/><V135/><F135/><W46/><G46/><T56/><D34/><U93/><E76/><V32/><F32/><W89/><G101/><T25/><D35/><U81/><E81/><N who="2" m="49167" /><F103/><W6/><G100/><T62/><D62/><U52/><E40/><V72/><F73/><W69/><G102/><RYUUKYOKU ba="2,0" sc="428,-15,211,15,211,15,150,-15" hai1="12,14,47,48,52,85,93" hai2="5,9,13,20,21,22,72,77,80,108" /><INIT seed="1,3,0,0,3,59" ten="413,226,226,135" oya="1" hai0="134,18,24,127,87,20,107,108,72,41,11,67,128" hai1="122,117,109,3,129,100,27,9,115,50,36,44,63" hai2="85,0,78,86,32,28,98,114,124,48,49,74,40" hai3="79,90,76,112,70,29,42,12,103,75,123,104,13"/><U88/><E117/><V39/><F114/><W30/><G123/><T119/><D72/><U65/><E115/><V83/><F124/><W55/><G112/><T66/><D119/><U35/><E122/><V80/><F98/><W81/><G79/><T26/><D107/><U19/><E36/><V125/><F125/><W10/><G42/><T34/><D108/><U64/><E109/><V99/><F99/><W91/><G103/><T53/><D127/><U135/><E135/><V111/><F111/><W15/><G104/><T43/><D134/><U37/><E37/><V71/><F71/><W94/><G10/><T126/><D34/><U97/><E129/><V102/><F102/><W33/><G70/><T4/><D126/><U77/><E77/><V130/><F130/><W51/><G33/><T22/><D87/><U106/><E88/><V25/><F0/><W23/><G23/><T132/><D132/><U92/><E106/><V60/><F40/><N who="0" m="15434" /><D128/><U120/><E120/><V73/><F39/><W21/><G21/><T131/><D53/><N who="1" m="29895" /><E35/><V68/><F74/><W62/><G91/><T121/><D121/><U89/><E89/><V61/><F68/><W31/><G90/><T116/><D116/><U113/><E113/><V1/><F1/><W101/><G101/><T93/><D93/><U105/><E92/><V45/><F73/><W54/><G94/><T118/><D118/><U82/><E105/><V47/><F80/><W8/><G8/><T16/><D131/><U69/><E82/><V46/><F85/><W52/><G51/><T17/><D4/><U7/><E7/><RYUUKYOKU ba="3,0" sc="413,10,226,-30,226,10,135,10" hai0="11,16,17,18,20,22,24,26,66,67" hai2="25,28,32,45,46,47,48,49,60,61,78,83,86" hai3="12,13,15,29,30,31,52,54,55,62,75,76,81" /><INIT seed="2,4,0,1,1,99" ten="423,196,236,145" oya="2" hai0="31,86,68,85,35,123,133,41,21,84,45,58,94" hai1="19,78,6,77,17,33,50,130,63,92,18,74,108" hai2="4,57,134,38,20,109,127,22,95,135,14,2,55" hai3="90,30,5,37,107,125,13,27,25,47,82,93,128"/><V69/><F38/><W118/><G118/><T67/><D68/><U54/><E33/><V48/><F127/><W75/><G107/><T115/><D35/><U129/><E108/><V61/><F2/><W83/><G125/><T120/><D115/><U119/><E119/><V43/><F109/><W71/><G71/><T29/><D133/><N who="2" m="50698" /><F95/><W106/><G106/><T117/><D117/><U66/><E6/><V111/><F111/><W56/><G128/><N who="1" m="49258" /><E74/><V81/><F81/><W131/><G131/><T3/><D3/><U32/><E92/><V64/><F43/><W122/><G122/><T7/><D7/><U26/><E32/><V59/><F69/><W88/><G75/><T36/><D94/><U79/><E26/><V62/><F62/><W110/><G110/><T124/><D124/><U46/><E78/><V91/><F91/><W126/><G126/><T49/><D36/><U16/><E18/><V72/><F72/><W104/><G104/><T132/><D132/><U105/><E105/><V23/><F4/><W113/><G113/><T73/><D73/><U15/><E15/><AGARI ba="4,0" hai="14,15,20,22,23,48,55,57,59,61,64" m="50698" machi="15" ten="30,1500,0" yaku="20,1" doraHai="99" who="2" fromWho="1" sc="423,0,196,-27,236,27,145,0" /><INIT seed="2,5,0,5,2,129" ten="423,169,263,145" oya="2" hai0="27,116,52,83,39,92,12,89,50,104,113,82,58" hai1="120,40,94,100,81,79,55,23,95,90,72,4,17" hai2="41,45,121,22,135,66,111,119,9,57,85,25,15" hai3="36,20,46,11,32,77,18,44,42,62,35,99,114"/><V86/><F119/><W110/><G110/><T24/><D104/><U74/><E120/><V65/><F135/><W87/><G11/><T54/><D39/><U71/><E71/><V68/><F121/><W112/><G44/><N who="0" m="27719" /><D113/><N who="3" m="43625" /><G99/><N who="0" m="57743" /><D12/><U5/><E40/><V88/><F68/><W98/><G98/><T28/><D116/><U108/><E72/><V125/><F111/><W26/><G62/><N who="0" m="36183" /><D28/><U2/><E2/><V0/><F0/><W53/><G53/><T96/><D96/><U134/><E55/><V118/><F118/><W61/><G61/><T106/><D106/><U93/><E74/><V126/><F57/><W64/><G64/><T131/><D131/><U51/><E108/><V91/><F45/><W56/><G56/><T19/><D19/><U37/><E17/><N who="2" m="8431" /><F41/><W29/><G29/><T117/><D117/><U127/><E37/><V109/><F109/><W30/><G30/><T115/><D115/><U16/><E16/><N who="2" m="12487" /><F66/><W63/><G63/><T69/><D69/><U6/><E6/><V38/><F38/><W105/><G105/><T48/><D48/><U59/><E51/><V47/><F47/><W84/><G77/><T102/><D102/><U49/><E79/><V76/><F65/><W14/><G14/><T130/><D130/><U80/><E100/><V34/><F34/><AGARI ba="5,0" hai="18,20,26,32,34,35,36,42,46,84,87" m="43625" machi="34" ten="30,1000,0" yaku="11,1" doraHai="129" who="3" fromWho="2" sc="423,0,169,0,263,-25,145,25" /><INIT seed="3,0,0,4,1,73" ten="423,169,238,170" oya="3" hai0="2,132,32,127,72,74,107,70,30,39,59,34,75" hai1="15,128,121,88,101,24,94,105,55,44,90,95,93" hai2="12,79,41,25,51,92,3,80,57,68,125,117,120" hai3="113,69,65,99,17,49,7,67,23,112,21,45,130"/><W98/><G7/><T1/><D59/><U13/><E121/><V86/><F68/><W118/><G118/><T29/><D127/><U47/><E105/><V62/><F3/><N who="0" m="1034" /><D132/><U124/><E124/><V104/><F117/><W18/><G69/><T38/><D70/><U96/><E128/><V78/><F120/><W106/><G106/><T111/><D111/><U71/><E71/><V135/><F104/><W5/><G5/><T116/><D107/><U100/><E24/><V102/><F135/><W48/><REACH who="3" step="1"/><G45/><REACH who="3" ten="423,169,238,160" step="2"/><N who="1" m="17482" /><E55/><V6/><F125/><W84/><G84/><T82/><D116/><U54/><E54/><V123/><F86/><W31/><G31/><N who="0" m="11787" /><D82/><U9/><E15/><V81/><F80/><W87/><G87/><T131/><D131/><AGARI ba="0,1" hai="17,18,21,23,48,49,65,67,98,99,112,113,130,131" machi="131" ten="25,12000,1" yaku="1,1,22,2,53,2" doraHai="73" doraHaiUra="63" who="3" fromWho="0" sc="423,-120,169,0,238,0,160,130" /><INIT seed="3,1,0,0,1,29" ten="303,169,238,290" oya="3" hai0="47,75,57,18,67,34,59,9,72,41,73,33,135" hai1="104,11,90,99,88,105,86,14,54,13,0,113,78" hai2="42,124,50,32,98,95,65,79,7,89,2,111,76" hai3="53,1,97,10,117,74,49,91,21,5,119,28,30"/><W15/><G74/><T87/><D135/><U93/><E113/><V112/><F112/><W26/><G30/><T114/><D114/><U27/><E0/><V106/><F111/><W118/><G97/><T37/><D87/><U56/><E27/><V101/><F32/><W94/><G94/><T8/><D59/><U6/><E13/><V58/><F124/><W80/><G91/><T61/><REACH who="0" step="1"/><D18/><REACH who="0" ten="293,169,238,290" step="2"/><U24/><E24/><V44/><F58/><W23/><G80/><T122/><D122/><U84/><E78/><V20/><F79/><W66/><G66/><T130/><D130/><U123/><E123/><V77/><F76/><W25/><G1/><T16/><D16/><U69/><E69/><V22/><F77/><W43/><G43/><T96/><D96/><U82/><REACH who="1" step="1"/><E99/><REACH who="1" ten="293,159,238,290" step="2"/><V134/><F98/><W52/><G26/><T109/><D109/><U115/><E115/><V121/><F134/><W81/><G25/><T132/><D132/><U108/><E108/><V133/><F121/><W39/><G118/><T126/><D126/><U60/><AGARI ba="1,2" hai="6,11,14,54,56,60,82,84,86,88,90,93,104,105" machi="60" ten="20,5200,0" yaku="1,1,0,1,7,1,54,1,53,0" doraHai="29" doraHaiUra="92" who="1" fromWho="1" sc="293,-14,159,75,238,-14,290,-27" /><INIT seed="4,0,0,2,3,41" ten="279,234,224,263" oya="0" hai0="31,36,130,5,43,80,25,97,96,44,16,48,76" hai1="74,8,112,63,118,105,53,124,104,1,18,58,117" hai2="83,106,21,133,119,102,122,54,0,10,100,69,107" hai3="92,94,87,68,78,15,60,127,110,46,77,50,32"/><T22/><D130/><U128/><E74/><V17/><F122/><W79/><G32/><T131/><D131/><U49/><E128/><V51/><F119/><W19/><G110/><T38/><D5/><U116/><E124/><V109/><F109/><W135/><G127/><T82/><D38/><U7/><E112/><V37/><F37/><W93/><G135/><T129/><D129/><U75/><E75/><V52/><F133/><W33/><G33/><T57/><D36/><U55/><REACH who="1" step="1"/><E18/><REACH who="1" ten="279,224,224,263" step="2"/><V9/><F69/><W115/><G115/><T101/><D31/><U12/><E12/><V45/><F0/><W111/><G111/><T24/><D24/><U90/><E90/><V73/><F107/><W28/><G28/><T132/><D132/><U86/><E86/><V11/><F106/><W71/><G87/><N who="0" m="48519" /><D101/><U3/><E3/><V98/><F98/><W84/><G84/><T20/><D20/><U6/><E6/><V134/><F134/><W120/><G120/><T56/><D82/><U67/><E67/><V108/><F108/><W42/><G19/><T88/><D88/><U85/><E85/><V29/><F83/><W66/><G15/><T89/><D89/><U125/><E125/><V61/><F73/><W40/><G78/><T35/><D35/><U126/><E126/><V95/><F29/><W70/><G77/><T59/><AGARI ba="0,1" hai="16,22,25,43,44,48,56,57,59,96,97" m="48519" machi="59" ten="30,6000,0" yaku="8,1,52,1,54,1" doraHai="41" who="0" fromWho="0" sc="279,70,224,-20,224,-20,263,-20" owari="349,46.0,204,-20.0,204,-30.0,243,4.0" /></mjloggm>