<mjloggm ver="2.3"><GO type="97" lobby="0"/><UN n0="%E9%A6%AC%E9%B9%BF%E3%81%A0%E3%81%AA%E4%BF%BA" n1="%E5%B0%B1%E6%B4%BB%E7%94%9F%40%E5%B7%9D%E6%9D%91%E8%BB%8D%E5%9B%A3" n2="%52%41%4B%4B%59%4F%32%38" n3="%E3%83%AD%E3%83%9C%E3%82%B3%E3%83%97" dan="15,15,14,15" rate="1997.27,1956.41,1949.92,1939.10" sx="M,M,M,M"/><TAIKYOKU oya="0"/><INIT seed="0,0,0,3,2,105" ten="250,250,250,250" oya="0" hai0="102,118,113,59,8,15,35,89,91,22,13,69,53" hai1="122,82,94,9,132,135,58,75,98,77,90,117,87" hai2="21,134,70,64,61,32,73,12,112,43,29,124,108" hai3="3,88,0,106,17,84,44,78,20,14,42,93,19"/><T97/><D69/><U47/><E122/><V36/><F112/><W128/><G128/><T79/><D35/><U30/><E30/><V27/><F124/><W68/><G68/><T125/><D118/><U120/><E120/><V80/><F12/><W10/><G106/><T18/><D79/><U114/><E114/><V131/><F21/><W109/><G78/><T16/><D125/><U104/><E117/><V31/><F31/><W60/><G60/><T119/><D119/><U92/><E9/><V33/><F134/><N who="1" m="51241" /><E47/><N who="2" m="24039" /><F108/><W121/><G109/><T5/><D5/><U6/><E6/><V83/><F83/><W48/><REACH who="3" step="1"/><G121/><REACH who="3" ten="250,250,250,240" step="2"/><T115/><D113/><U85/><E104/><V26/><F131/><W63/><G63/><N who="0" m="36335" /><D115/><U67/><E67/><V1/><F61/><W96/><G96/><T129/><D129/><U74/><E58/><V55/><F64/><W130/><G130/><T101/><D97/><U86/><E75/><V54/><F73/><W111/><G111/><T38/><D38/><U57/><E57/><V40/><F70/><W28/><G28/><T99/><D99/><U37/><E37/><V23/><F29/><W25/><AGARI ba="0,1" hai="0,3,10,14,17,19,20,25,42,44,48,84,88,93" machi="25" ten="20,8000,1" yaku="1,1,0,1,7,1,54,1,53,1" doraHai="105" doraHaiUra="45" who="3" fromWho="3" sc="250,-40,250,-20,250,-20,240,90" /><INIT seed="1,0,0,3,0,106" ten="210,230,230,330" oya="1" hai0="35,128,64,29,133,90,0,118,121,130,53,15,7" hai1="71,6,61,120,2,34,125,47,24,9,48,122,30" hai2="40,10,5,38,16,96,51,45,76,95,17,98,127" hai3="73,23,109,4,12,85,72,99,28,56,8,102,124"/><U104/><E125/><V78/><F127/><W82/><G124/><T81/><D64/><U13/><E104/><V27/><F98/><W111/><G56/><T36/><D36/><U131/><E131/><N who="0" m="50217" /><D53/><U3/><E71/><V57/><F38/><W77/><G28/><T18/><D90/><U66/><E66/><V86/><F57/><W79/><G23/><N who="0" m="11743" /><D81/><U58/><E61/><V134/><F134/><W112/><G112/><T119/><D133/><U22/><E58/><V88/><F27/><W67/><G67/><T19/><D121/><N who="1" m="46699" /><E48/><V92/><F78/><W25/><G25/><N who="0" m="18863" /><D19/><N who="1" m="10607" /><E47/><V94/><F76/><W84/><G84/><T54/><D54/><U107/><E107/><V32/><F32/><W123/><G123/><T43/><D43/><U14/><AGARI ba="0,0" hai="2,3,6,9,14,24,30,34" m="10607,46699" machi="14" ten="30,3000,0" yaku="34,2" doraHai="106" who="1" fromWho="1" sc="210,-10,230,30,230,-10,330,-10" /><INIT seed="1,1,0,2,3,135" ten="200,260,220,320" oya="1" hai0="75,94,101,51,61,126,118,49,11,81,96,37,9" hai1="38,23,27,62,116,0,21,12,103,65,121,30,111" hai2="45,36,10,56,131,8,16,87,35,44,92,134,100" hai3="104,119,122,47,102,15,128,72,17,34,89,40,24"/><U60/><E0/><V132/><F131/><W74/><G122/><T50/><D37/><U114/><E38/><V41/><F35/><W29/><G128/><T97/><D118/><U63/><E116/><V86/><F45/><W109/><G109/><T2/><D2/><U46/><E121/><V105/><F105/><W123/><G119/><T18/><D126/><U42/><E114/><V28/><F28/><W55/><G123/><T3/><D3/><U77/><E77/><V57/><F86/><W115/><G115/><T76/><D61/><U66/><E103/><V6/><F6/><W124/><G124/><T112/><D112/><U26/><E12/><N who="2" m="7175" /><F10/><W125/><G125/><T113/><D113/><U33/><E33/><V73/><F73/><W83/><G55/><T53/><D53/><U31/><E111/><V68/><F68/><W108/><G108/><T54/><D54/><U32/><E32/><V99/><F99/><W39/><G104/><T110/><D110/><U1/><E1/><V120/><F120/><W20/><G102/><T107/><REACH who="0" step="1"/><D18/><REACH who="0" ten="190,260,220,320" step="2"/><U67/><E42/><V48/><F36/><W25/><G39/><T13/><D13/><U78/><E46/><V133/><F41/><W130/><G130/><T117/><D117/><U19/><E19/><V127/><F44/><W69/><G40/><T79/><D79/><U64/><E78/><V59/><F127/><W98/><G47/><T22/><D22/><U80/><N who="1" m="16896" /><DORA hai="91" /><U106/><E106/><V93/><F48/><W52/><G15/><T129/><D129/><U58/><E58/><N who="2" m="14851" /><V85/><DORA hai="14" /><F100/><AGARI ba="1,1" hai="9,11,49,50,51,75,76,81,94,96,97,100,101,107" machi="100" ten="40,8000,1" yaku="1,1,6,1,52,1,53,2" doraHai="135,91,14" doraHaiUra="70,84,95" who="0" fromWho="2" sc="190,93,260,0,220,-83,320,0" /><INIT seed="2,0,0,1,0,103" ten="283,260,137,320" oya="2" hai0="15,25,35,114,57,24,26,54,122,84,40,17,14" hai1="11,125,135,101,34,85,100,117,41,69,22,78,97" hai2="61,113,130,102,39,51,106,13,109,123,82,94,116" hai3="99,36,27,120,19,134,93,48,92,60,63,67,127"/><V96/><F123/><W86/><G120/><T49/><D114/><U108/><E34/><V118/><F113/><W95/><G36/><T81/><D122/><U73/><E69/><V128/><F39/><W0/><G0/><T119/><D119/><N who="2" m="45610" /><F61/><W83/><G134/><T47/><D35/><U58/><E117/><V115/><F115/><W124/><G99/><T107/><D107/><U80/><E41/><V46/><F13/><W28/><G19/><T43/><D17/><U37/><E37/><V44/><F109/><W2/><G2/><T10/><D10/><U132/><E11/><V53/><F82/><W105/><G105/><T21/><D21/><U45/><E45/><V42/><F94/><W74/><G74/><T52/><D43/><U4/><E4/><V110/><F110/><W71/><G48/><N who="0" m="30855" /><D40/><U8/><E108/><V9/><F9/><W133/><G133/><N who="1" m="51274" /><E8/><V33/><F33/><W104/><G104/><T129/><D129/><N who="2" m="49770" /><F42/><W38/><G38/><T5/><D5/><U65/><E22/><V59/><AGARI ba="0,0" hai="44,46,51,53,59,96,102,106" m="49770,45610" machi="59" ten="30,3000,0" yaku="19,1,52,1" doraHai="103" who="2" fromWho="2" sc="283,-10,260,-10,137,30,320,-10" /><INIT seed="2,1,0,2,0,20" ten="273,250,167,310" oya="2" hai0="50,120,92,119,30,100,63,53,58,96,1,124,49" hai1="82,38,104,115,81,117,91,112,110,4,122,97,133" hai2="90,59,27,101,54,37,52,68,99,7,88,45,9" hai3="40,130,61,94,98,95,43,60,116,64,62,66,103"/><V57/><F68/><W11/><G116/><T127/><D1/><U70/><E38/><V78/><F78/><W18/><G130/><T87/><D120/><U131/><E70/><V83/><F37/><W26/><G95/><T29/><D119/><U39/><E39/><V128/><F128/><W19/><G19/><T56/><D87/><U25/><E4/><V125/><F125/><N who="0" m="48202" /><D50/><U17/><E117/><V73/><F45/><W33/><G33/><T5/><D5/><U118/><E118/><V12/><F73/><W6/><G6/><T84/><D84/><U102/><E131/><V16/><F83/><W21/><G11/><T77/><D77/><U105/><E122/><V67/><F67/><AGARI ba="1,0" hai="18,21,26,40,43,60,61,62,64,66,67,94,98,103" machi="67" ten="40,2600,0" yaku="8,1,52,1" doraHai="20" who="3" fromWho="2" sc="273,0,250,0,167,-29,310,29" /><AGARI ba="1,0" hai="29,30,49,53,56,58,63,67,92,96,100" m="48202" machi="67" ten="30,1000,0" yaku="18,1" doraHai="20" who="0" fromWho="2" sc="273,10,250,0,138,-10,339,0" /><INIT seed="3,0,0,0,4,2" ten="283,250,128,339" oya="3" hai0="57,11,35,49,90,4,115,54,132,48,58,41,83" hai1="107,55,89,130,82,61,32,117,59,37,7,31,81" hai2="72,99,19,10,9,70,1,123,116,94,65,46,134" hai3="51,50,131,66,108,111,129,86,74,75,124,97,128"/><W87/><G66/><T14/><D132/><U76/><E107/><V34/><F134/><W78/><G124/><T40/><D35/><U5/><E37/><V43/><F116/><W80/><G97/><T6/><D115/><U21/><E117/><V24/><F123/><W60/><G60/><T56/><D83/><N who="1" m="31755" /><E32/><V79/><F79/><W8/><G8/><T68/><D68/><U93/><E76/><V100/><F72/><N who="3" m="27691" /><G86/><T95/><D6/><N who="1" m="2059" /><E130/><V39/><F1/><W122/><G122/><T71/><D71/><U42/><E42/><N who="0" m="16489" /><D54/><U52/><E21/><V38/><F38/><W67/><G67/><T125/><D125/><U12/><E12/><V28/><F19/><W22/><G22/><T73/><D73/><U33/><E33/><V120/><F120/><W27/><G27/><T103/><D103/><U36/><E36/><V114/><F114/><W121/><G121/><T20/><D20/><U110/><E110/><AGARI ba="0,0" hai="50,51,78,80,87,108,110,111,128,129,131" m="27691" machi="110" ten="40,7700,0" yaku="14,1,10,1,19,1" doraHai="2" who="3" fromWho="1" sc="283,0,250,-77,128,0,339,77" owari="283,8.0,173,-23.0,128,-37.0,416,52.0" /></mjloggm>