<mjloggm ver="2.3"><GO type="97" lobby="0"/><UN n0="%E6%AC%A1%E5%85%83%40%E5%85%B5%E5%BA%AB%E5%8C%97" n1="%E5%8F%AA%E9%87%8E%E4%BB%81" n2="%6E%61%6B%61%79%61%6E%38" n3="%E5%B0%B1%E6%B4%BB%E7%94%9F%40%E5%B7%9D%E6%9D%91%E8%BB%8D%E5%9B%A3" dan="13,14,14,14" rate="2077.43,1960.30,1862.92,1928.18" sx="F,M,M,M"/><TAIKYOKU oya="0"/><INIT seed="0,0,0,1,1,107" ten="250,250,250,250" oya="0" hai0="61,45,41,120,33,118,8,10,103,24,133,48,64" hai1="31,57,35,128,27,111,76,55,98,73,3,20,119" hai2="110,56,36,68,96,47,132,17,105,124,95,92,62" hai3="37,1,78,6,21,23,74,63,85,66,127,79,70"/><T75/><D120/><U104/><E119/><V109/><F68/><W87/><G127/><T34/><D118/><U134/><E134/><V88/><F124/><W77/><G37/><T18/><D133/><U67/><E3/><V65/><F132/><W49/><G49/><T42/><D75/><U131/><E67/><V26/><F105/><W32/><G32/><T93/><D42/><U60/><E35/><V38/><F47/><W82/><G1/><T53/><D41/><U44/><E44/><V113/><F95/><W39/><G39/><T117/><D117/><U0/><E0/><V69/><F69/><W129/><G129/><N who="1" m="49738" /><E111/><N who="2" m="42507" /><F113/><W71/><G6/><T80/><D80/><N who="1" m="45071" /><E98/><V121/><F121/><W108/><G108/><T106/><D106/><AGARI ba="0,0" hai="20,27,31,55,57,60,104,106" m="45071,49738" machi="106" ten="30,2000,0" yaku="19,1,52,1" doraHai="107" who="1" fromWho="0" sc="250,-20,250,20,250,0,250,0" /><INIT seed="1,0,0,2,2,74" ten="230,270,250,250" oya="1" hai0="88,68,114,52,106,76,57,10,20,0,120,82,33" hai1="105,99,119,16,124,79,39,61,80,25,93,23,129" hai2="5,24,27,87,49,37,18,54,59,67,7,103,118" hai3="38,35,132,83,36,29,97,130,95,72,14,98,34"/><U115/><E39/><V127/><F37/><W55/><G130/><T113/><D106/><U2/><E2/><V86/><F118/><W122/><G122/><T30/><D68/><U4/><E115/><V104/><F127/><W3/><G3/><T60/><D120/><U96/><E119/><V77/><F104/><W40/><G132/><T58/><D33/><U48/><E129/><V123/><F123/><W64/><G64/><T100/><D100/><U42/><E4/><V73/><F103/><W6/><G55/><N who="0" m="33855" /><D0/><U21/><E105/><V125/><F67/><W46/><G36/><T111/><D111/><U94/><E61/><V56/><F125/><W19/><G6/><T41/><D41/><U101/><E124/><V31/><F27/><W28/><G35/><T63/><D113/><U110/><E110/><V128/><F18/><W109/><G109/><T90/><D114/><U17/><E42/><V117/><F117/><W69/><G69/><T43/><D10/><U78/><E80/><V92/><F128/><W9/><G34/><T32/><D32/><U126/><E48/><V44/><F7/><W45/><G45/><T85/><D43/><U12/><E126/><V8/><F5/><W66/><G66/><T53/><D53/><U65/><E65/><V91/><F8/><W70/><G70/><T50/><D50/><U135/><E135/><V15/><F15/><W26/><G26/><AGARI ba="0,0" hai="20,26,30,52,58,63,76,82,85,88,90" m="33855" machi="26" ten="30,7700,0" yaku="8,1,52,1,54,2" doraHai="74" who="0" fromWho="3" sc="230,77,270,0,250,0,250,-77" /><INIT seed="2,0,0,3,3,13" ten="307,270,250,173" oya="2" hai0="77,54,22,70,130,126,78,83,132,108,87,53,62" hai1="135,34,37,98,39,92,44,88,19,68,93,121,117" hai2="127,42,86,118,110,128,30,23,112,82,81,89,24" hai3="67,106,76,111,94,123,65,26,102,3,1,105,64"/><V2/><F118/><W4/><G123/><T116/><D108/><U73/><E68/><V31/><F112/><W8/><G111/><T125/><D116/><U69/><E117/><V20/><F110/><W85/><G3/><T61/><D132/><U101/><E135/><V60/><F2/><W5/><G5/><T12/><D130/><U14/><E34/><V75/><F127/><N who="0" m="48650" /><D78/><U17/><E69/><V25/><F128/><W18/><G76/><T57/><D70/><U10/><E73/><V41/><F75/><W113/><G113/><T74/><D74/><U90/><E121/><V50/><F60/><N who="0" m="23146" /><D57/><U107/><E107/><V129/><F129/><W131/><G131/><T122/><D122/><U16/><E101/><V120/><F120/><W96/><REACH who="3" step="1"/><G85/><REACH who="3" ten="307,270,250,163" step="2"/><T7/><D7/><N who="1" m="3423" /><E39/><V27/><F27/><W38/><G38/><T35/><D87/><N who="1" m="52255" /><E37/><V36/><F36/><W21/><AGARI ba="0,1" hai="1,4,8,18,21,26,64,65,67,94,96,102,105,106" machi="21" ten="30,8000,1" yaku="1,1,0,1,52,1,53,2" doraHai="13" doraHaiUra="100" who="3" fromWho="3" sc="307,-20,270,-20,250,-40,163,90" /><INIT seed="3,0,0,4,0,25" ten="287,250,210,253" oya="3" hai0="2,66,45,78,69,35,36,121,57,84,17,91,82" hai1="107,6,100,53,105,60,41,31,44,0,88,48,64" hai2="90,4,77,10,85,115,76,37,72,128,27,39,113" hai3="15,28,117,47,11,94,106,110,118,67,33,101,81"/><W42/><G106/><T32/><D121/><U8/><E100/><V111/><F128/><W68/><G81/><T26/><D69/><U20/><E41/><V71/><F111/><W7/><G110/><T130/><D130/><U59/><REACH who="1" step="1"/><E88/><REACH who="1" ten="287,240,210,253" step="2"/><V103/><F115/><W120/><G120/><T126/><D91/><U127/><E127/><V22/><F113/><W12/><G101/><T61/><D126/><U131/><E131/><V5/><F103/><W96/><G96/><T75/><D78/><U112/><E112/><V49/><F77/><W56/><G94/><T23/><D82/><U14/><E14/><V95/><F76/><W99/><G99/><T89/><D2/><U87/><E87/><V43/><F72/><W70/><G15/><T58/><D75/><U109/><E109/><V80/><F80/><W34/><G118/><T125/><D84/><U97/><E97/><V83/><F83/><W108/><G117/><T135/><D125/><U79/><E79/><V9/><F71/><W114/><G108/><T40/><D89/><U30/><E30/><V52/><F43/><W102/><G102/><T46/><D40/><U51/><E51/><V73/><F73/><W29/><G114/><T134/><D36/><U92/><E92/><V132/><F39/><N who="3" m="21983" /><G70/><T63/><D134/><U93/><E93/><V24/><F37/><W116/><G68/><T98/><D98/><U133/><E133/><V54/><F132/><W50/><G116/><T65/><D135/><U124/><E124/><V104/><F104/><W16/><G50/><T38/><D38/><U1/><E1/><RYUUKYOKU ba="0,1" sc="287,15,240,15,210,-15,253,-15" hai0="17,23,26,32,35,45,46,57,58,61,63,65,66" hai1="0,6,8,20,31,44,48,53,59,60,64,105,107" owari="312,40.0,255,6.0,195,-30.0,238,-16.0" /></mjloggm>