<mjloggm ver="2.3"><GO type="41" lobby="0"/><UN n0="%E6%84%8F%E5%BF%97%E3%82%92%E7%B6%99%E3%81%90%E8%80%85" n1="%E3%83%91%E3%83%A9%E3%82%B9%E3%83%BB%E3%82%A2%E3%83%86%E3%83%8A" n2="%E5%B0%B1%E6%B4%BB%E7%94%9F%40%E5%B7%9D%E6%9D%91%E8%BB%8D%E5%9B%A3" n3="%E3%82%A2%E3%83%89%E3%83%AA%E3%83%96%E2%98%86%E7%8E%8B%E5%AD%90" dan="14,14,15,14" rate="1897.54,1932.76,2033.92,1973.74" sx="M,F,M,M"/><TAIKYOKU oya="0"/><INIT seed="0,0,0,4,0,11" ten="250,250,250,250" oya="0" hai0="100,6,95,133,7,111,89,122,70,1,47,123,13" hai1="25,32,88,81,50,91,77,34,112,46,115,85,90" hai2="37,57,21,116,0,129,5,51,96,18,104,39,68" hai3="65,106,107,53,15,24,54,120,12,125,131,10,126"/><T124/><D70/><U119/><E119/><V40/><F68/><W27/><G65/><T9/><D133/><U117/><E117/><V109/><F116/><W127/><G10/><T2/><D124/><U97/><E97/><V72/><F5/><W87/><G87/><T61/><D100/><U73/><E73/><V28/><F0/><W134/><G134/><T113/><D113/><N who="1" m="43595" /><E25/><N who="3" m="9802" /><G120/><T8/><D111/><U19/><E19/><V33/><F33/><N who="1" m="12905" /><E77/><V83/><F28/><W132/><G131/><T14/><D61/><U52/><AGARI ba="0,0" hai="46,50,52,81,85,88,90,91" m="12905,43595" machi="52" ten="30,4000,0" yaku="11,1,54,2" doraHai="11" who="1" fromWho="1" sc="250,-20,250,40,250,-10,250,-10" /><INIT seed="1,0,0,2,4,73" ten="230,290,240,240" oya="1" hai0="98,41,34,52,30,69,9,39,134,83,0,44,54" hai1="93,79,51,6,104,63,96,109,117,119,95,59,35" hai2="127,4,99,5,40,32,31,120,8,56,60,100,116" hai3="131,102,46,25,45,90,42,101,85,19,1,10,49"/><U48/><E35/><V115/><F127/><W91/><G131/><T53/><D134/><U18/><E104/><V20/><F116/><W88/><G85/><T89/><D69/><U64/><E6/><V67/><F115/><W84/><G84/><T61/><D34/><U130/><E130/><V70/><F120/><W76/><G76/><T110/><D110/><U81/><E119/><V66/><F40/><W75/><G75/><T57/><D30/><U50/><E117/><V78/><F66/><W71/><G71/><T37/><D37/><U74/><E109/><V36/><F36/><W128/><G128/><T65/><D0/><U122/><E122/><V82/><F8/><W62/><G62/><T22/><D22/><U86/><E74/><V77/><F82/><W27/><G46/><T97/><REACH who="0" step="1"/><D9/><REACH who="0" ten="220,290,240,240" step="2"/><U112/><E112/><V103/><F32/><W106/><G1/><T13/><D13/><U33/><E33/><V124/><F70/><W133/><G133/><T123/><D123/><U126/><E126/><V26/><F124/><W21/><G10/><T108/><D108/><U7/><E7/><N who="2" m="2635" /><F100/><N who="3" m="38507" /><G106/><T72/><D72/><U129/><E129/><V125/><F125/><W3/><G3/><T2/><D2/><U12/><E96/><V24/><F24/><AGARI ba="0,1" hai="19,21,24,25,27,42,45,49,88,90,91" m="38507" machi="24" ten="30,2000,0" yaku="8,1,54,1" doraHai="73" who="3" fromWho="2" sc="220,0,290,0,240,-20,240,30" /><INIT seed="2,0,0,1,1,104" ten="220,290,220,270" oya="2" hai0="51,37,61,88,74,32,50,126,25,112,0,133,42" hai1="123,77,12,84,90,66,78,119,35,63,110,80,44" hai2="19,109,46,2,70,87,7,40,134,83,111,113,31" hai3="43,94,59,129,11,48,131,39,125,124,45,116,47"/><V93/><F113/><W105/><G105/><T8/><D112/><U14/><E35/><V29/><F70/><W17/><G94/><T81/><D37/><U79/><E119/><V99/><F134/><W92/><G92/><T76/><D133/><U114/><E114/><V91/><F19/><W97/><G97/><T108/><D126/><N who="3" m="48745" /><G17/><T5/><D108/><N who="2" m="41546" /><F7/><W54/><G11/><T27/><D61/><U103/><E110/><V71/><F2/><W115/><G115/><T56/><D32/><U23/><E123/><V95/><F71/><W22/><G22/><T127/><D127/><U10/><E103/><N who="2" m="60911" /><F95/><W101/><G101/><T62/><D50/><AGARI ba="0,0" hai="29,31,40,46,50,83,87,91" m="60911,41546" machi="50" ten="30,2900,0" yaku="14,1,10,1" doraHai="104" who="2" fromWho="0" sc="220,-29,290,0,220,29,270,0" /><INIT seed="2,1,0,3,2,103" ten="191,290,249,270" oya="2" hai0="51,43,72,48,39,36,84,19,23,5,20,77,114" hai1="55,100,14,119,67,8,92,129,117,4,18,71,111" hai2="31,68,60,80,70,124,125,28,33,95,73,98,6" hai3="115,110,105,13,44,99,91,34,118,79,3,25,134"/><V96/><F73/><W29/><G118/><T63/><D114/><U45/><E71/><N who="2" m="27179" /><F33/><W17/><G3/><T22/><D72/><U97/><E4/><V58/><F80/><W65/><G115/><T30/><D5/><U24/><E119/><V116/><F6/><W90/><G79/><T37/><D30/><N who="2" m="11306" /><F95/><W47/><G65/><T7/><D7/><U10/><E67/><V102/><F102/><W131/><G91/><T122/><D122/><U82/><E117/><V11/><F11/><W112/><G112/><T57/><D43/><U15/><E82/><V87/><F87/><W128/><G90/><T0/><D0/><U109/><E24/><V81/><F81/><W123/><G123/><T40/><D40/><U54/><E129/><V52/><F116/><W46/><G17/><T101/><D84/><U69/><E69/><V89/><F89/><W1/><G1/><T133/><D77/><U113/><E113/><V9/><F9/><W66/><G66/><T27/><D101/><U62/><E62/><V107/><F107/><W127/><G13/><T12/><D12/><U38/><E38/><V75/><F75/><W76/><G76/><T49/><REACH who="0" step="1"/><D133/><REACH who="0" ten="181,290,249,270" step="2"/><U104/><E15/><V50/><F96/><W26/><G99/><T41/><D41/><U21/><E8/><V93/><F98/><W32/><G134/><T135/><D135/><U16/><E10/><V88/><F88/><W78/><G78/><T108/><D108/><U56/><E111/><V130/><F130/><W64/><G110/><T83/><D83/><U74/><E109/><V94/><F94/><RYUUKYOKU ba="1,1" sc="181,30,290,-10,249,-10,270,-10" hai0="19,20,22,23,27,36,37,39,48,49,51,57,63" /><INIT seed="3,2,1,0,2,61" ten="211,280,239,260" oya="3" hai0="9,90,35,125,18,107,72,104,73,22,127,120,7" hai1="54,118,32,96,37,98,82,49,89,23,38,28,108" hai2="19,92,130,77,88,42,0,36,33,30,80,105,56" hai3="128,117,101,39,11,65,83,87,86,31,74,129,3"/><W113/><G117/><T85/><D120/><U8/><E32/><V50/><F105/><N who="0" m="40522" /><D35/><U78/><E38/><V51/><F0/><W58/><G74/><T47/><D47/><U14/><E37/><V16/><F130/><W133/><G39/><T17/><D17/><N who="2" m="6730" /><F36/><W79/><G101/><T5/><D5/><U94/><E118/><V64/><F33/><W66/><G31/><T121/><D121/><U112/><E112/><V62/><F30/><W52/><G87/><T59/><D59/><U2/><E2/><V100/><F100/><W106/><G106/><T20/><D20/><U63/><E28/><V45/><F50/><N who="3" m="30999" /><G113/><T1/><D22/><U21/><E98/><N who="2" m="57607" /><F80/><W124/><G3/><T114/><D114/><U10/><E10/><V132/><F132/><W95/><G133/><T26/><D73/><U116/><E116/><V93/><F93/><W69/><G69/><T103/><D103/><U91/><E23/><V24/><F77/><W41/><G95/><T29/><D72/><U123/><E21/><V131/><F131/><N who="3" m="50251" /><G11/><T43/><D9/><U75/><E123/><V27/><AGARI ba="2,1" hai="24,27,42,45,51,56,62,64" m="57607,6730" machi="27" ten="30,7900,0" yaku="8,1,52,1,54,2" doraHai="61" who="2" fromWho="2" sc="211,-22,280,-22,239,95,260,-41" /><INIT seed="4,0,0,2,1,38" ten="189,258,334,219" oya="0" hai0="60,72,15,5,115,20,39,96,0,79,70,81,69" hai1="42,56,130,2,7,25,36,14,119,94,118,75,46" hai2="47,19,6,77,117,131,71,37,112,123,32,83,23" hai3="86,8,54,74,50,64,135,102,62,65,82,61,114"/><T63/><D0/><U98/><E130/><V80/><F32/><W1/><G74/><T122/><D122/><U17/><E75/><V28/><F71/><W85/><G135/><T4/><D115/><U21/><E2/><V95/><F28/><W49/><G114/><T11/><D5/><U101/><E56/><V103/><F80/><W57/><G102/><T90/><D39/><U97/><E97/><V100/><F6/><W91/><G1/><T116/><D116/><U134/><E134/><V29/><F131/><W113/><G113/><T33/><D33/><U107/><E107/><V129/><F29/><W78/><G8/><T24/><D69/><U30/><REACH who="1" step="1"/><E7/><REACH who="1" ten="189,248,334,219" step="2"/><V18/><F129/><W12/><G12/><T84/><D96/><U132/><E132/><V35/><F112/><W88/><G78/><T51/><D70/><U89/><E89/><V44/><F77/><W133/><G133/><T55/><D72/><U108/><E108/><V73/><F73/><W48/><G62/><T76/><D63/><U99/><E99/><V16/><F100/><W53/><G64/><T3/><D3/><U58/><E58/><V128/><F103/><W67/><G67/><T52/><D60/><U9/><AGARI ba="0,1" hai="9,14,17,21,25,30,36,42,46,94,98,101,118,119" machi="9" ten="20,8000,1" yaku="1,1,0,1,7,1,52,1,53,1" doraHai="38" doraHaiUra="22" who="1" fromWho="1" sc="189,-40,248,90,334,-20,219,-20" /><INIT seed="5,0,0,2,5,7" ten="149,338,314,199" oya="1" hai0="130,79,11,28,73,31,43,82,115,66,21,101,116" hai1="84,35,86,129,111,124,127,134,49,9,83,51,22" hai2="109,85,114,106,55,68,113,5,119,23,105,112,104" hai3="44,53,16,34,78,95,120,102,64,3,135,89,52"/><U57/><E35/><V92/><F109/><W38/><G120/><T81/><D116/><U126/><E111/><V59/><F119/><W37/><G34/><T58/><D43/><U122/><E122/><V121/><F121/><W71/><G3/><T41/><D41/><U27/><E134/><V40/><F40/><W77/><G102/><T91/><D130/><U33/><E33/><V118/><F118/><W76/><G135/><T61/><D101/><U6/><E129/><V46/><F46/><W133/><G133/><T48/><D115/><U14/><E57/><V4/><F68/><W19/><G71/><T103/><D103/><U75/><E75/><V56/><F23/><W65/><G44/><T99/><D48/><N who="1" m="18507" /><E83/><V108/><F108/><W45/><G45/><T26/><D28/><AGARI ba="0,0" hai="6,9,14,22,27,28,84,86,124,126,127" m="18507" machi="28" ten="30,2900,0" yaku="18,1,52,1" doraHai="7" who="1" fromWho="0" sc="149,-29,338,29,314,0,199,0" /><INIT seed="5,1,0,5,1,13" ten="120,367,314,199" oya="1" hai0="90,34,46,52,81,60,55,133,77,132,110,16,38" hai1="86,111,68,36,113,64,45,48,4,84,118,99,28" hai2="1,80,104,65,121,88,27,117,51,131,31,129,22" hai3="95,74,82,35,33,14,116,10,54,26,75,83,69"/><U9/><E118/><V119/><F1/><W85/><G116/><T130/><D110/><U115/><E36/><V62/><F121/><W109/><G109/><T17/><D130/><N who="2" m="49674" /><F104/><W98/><G69/><T96/><D34/><U25/><E111/><V91/><F51/><W63/><G75/><N who="0" m="43199" /><D60/><U49/><E99/><V2/><F2/><W24/><G74/><T32/><D32/><U73/><E73/><V66/><F66/><W21/><G35/><T44/><D44/><U97/><E97/><V101/><F101/><W71/><G33/><T39/><D46/><U114/><E64/><V79/><F117/><W40/><G40/><T89/><D39/><U120/><E120/><V8/><F8/><W53/><G71/><T59/><D38/><U30/><E68/><N who="2" m="42039" /><F119/><W124/><G124/><T93/><D90/><U87/><E25/><V15/><F15/><W58/><G54/><N who="0" m="20523" /><D59/><U18/><E48/><V76/><F76/><W78/><G83/><T94/><D94/><U19/><E49/><V128/><F128/><W41/><G41/><T23/><D23/><U43/><E43/><V57/><F57/><W70/><G70/><T107/><D107/><U122/><E122/><V42/><F42/><W56/><G56/><T72/><D72/><AGARI ba="1,0" hai="22,27,31,72,79,80,88,91" m="42039,49674" machi="72" ten="30,2000,0" yaku="19,1,54,1" doraHai="13" who="2" fromWho="0" sc="120,-23,367,0,314,23,199,0" /><INIT seed="6,0,0,0,0,92" ten="97,367,337,199" oya="2" hai0="37,69,9,120,38,108,81,22,52,30,43,14,2" hai1="42,113,58,18,76,5,104,91,40,66,31,128,26" hai2="88,103,134,111,27,60,87,56,17,73,23,98,93" hai3="34,79,24,45,118,126,115,63,122,62,131,85,99"/><V107/><F111/><W127/><G122/><T90/><D108/><U110/><E104/><V3/><F134/><W59/><G118/><T68/><D120/><U121/><E121/><V86/><F73/><W130/><G45/><T35/><D38/><U61/><E76/><V46/><F3/><W47/><G47/><T106/><D106/><U95/><E5/><V72/><F72/><W71/><G71/><T15/><D2/><U94/><E94/><V112/><F112/><W53/><G115/><T116/><D116/><U1/><E1/><V129/><F129/><W55/><G79/><T12/><D37/><U36/><E128/><V0/><F0/><W49/><G85/><T119/><D119/><U32/><E36/><V11/><F11/><W41/><G41/><T20/><D43/><U6/><E6/><V102/><F46/><W50/><G24/><T28/><D35/><U54/><E110/><V89/><F107/><W125/><G125/><T97/><D9/><U70/><E113/><V39/><F39/><W29/><G29/><T109/><D109/><U67/><E67/><N who="2" m="39303" /><F86/><W7/><G7/><T48/><D68/><U21/><E70/><V132/><F132/><W135/><G135/><T51/><D69/><U78/><E78/><V13/><F13/><W10/><G10/><T77/><D77/><U117/><E117/><V124/><F124/><W8/><G8/><T64/><D22/><U75/><E75/><V74/><F74/><W84/><G34/><T123/><D20/><U16/><E32/><V25/><F25/><W57/><G84/><T133/><D123/><RYUUKYOKU ba="0,0" sc="97,-15,367,-15,337,15,199,15" hai2="17,23,27,87,88,89,93,98,102,103" hai3="49,50,53,55,57,59,62,63,99,126,127,130,131" /><INIT seed="6,1,0,5,1,71" ten="82,352,352,214" oya="2" hai0="77,78,130,13,36,14,121,107,132,65,118,18,51" hai1="133,63,124,19,47,110,60,57,129,79,55,33,88" hai2="24,40,59,17,28,62,39,45,49,61,74,134,35" hai3="92,72,52,10,53,34,31,3,99,26,96,21,9"/><V7/><F74/><W48/><G72/><T105/><D121/><U2/><E33/><V12/><F134/><W50/><G34/><T91/><D65/><U95/><E2/><V75/><F75/><W126/><G126/><T122/><D122/><U125/><E110/><V84/><F7/><W101/><G96/><T68/><D132/><U38/><E79/><V131/><F131/><W94/><G3/><T37/><D68/><U8/><E133/><V115/><F115/><W25/><G94/><T98/><D98/><U117/><E117/><V97/><F97/><W127/><G26/><T41/><D18/><U108/><E108/><V90/><F49/><W27/><G25/><T135/><D135/><U85/><E129/><V81/><F59/><N who="3" m="33159" /><G127/><N who="1" m="48714" /><E63/><V67/><REACH who="2" step="1"/><F67/><REACH who="2" ten="82,352,342,214" step="2"/><W66/><G66/><T42/><D51/><U64/><E64/><V103/><F103/><W93/><G93/><T5/><D130/><U76/><E47/><AGARI ba="1,1" hai="9,10,21,27,31,47,50,53,92,99,101" m="33159" machi="47" ten="30,2000,0" yaku="8,1,54,1" doraHai="71" who="3" fromWho="1" sc="82,0,352,-23,342,0,214,33" /><INIT seed="7,0,0,5,4,14" ten="82,329,342,247" oya="3" hai0="4,54,47,83,121,45,24,133,74,38,104,90,89" hai1="100,103,55,39,70,28,0,43,44,29,128,63,80" hai2="27,26,41,30,31,78,11,107,77,113,20,57,135" hai3="16,111,130,79,7,50,53,25,49,46,105,84,101"/><W67/><G111/><T59/><D121/><U76/><E128/><V65/><F107/><W122/><G130/><T23/><D104/><U17/><E0/><V5/><F113/><W131/><G131/><T72/><D133/><U13/><E70/><V56/><F135/><W6/><G122/><T18/><D4/><U69/><E103/><V92/><F41/><W98/><G67/><T110/><D110/><U86/><E100/><V62/><F56/><W61/><G61/><T129/><D129/><U8/><E55/><V82/><F92/><W66/><G66/><T37/><D37/><U102/><E102/><V19/><F27/><W35/><G50/><T91/><D38/><U116/><E116/><V75/><F78/><W117/><G117/><T3/><D3/><AGARI ba="0,0" hai="3,5,11,19,20,26,30,31,57,62,65,75,77,82" machi="3" ten="30,2000,0" yaku="7,1,52,1" doraHai="14" who="2" fromWho="0" sc="82,-20,329,0,342,20,247,0" owari="62,-44.0,329,13.0,362,46.0,247,-15.0" /></mjloggm>