<mjloggm ver="2.3"><GO type="41" lobby="0"/><UN n0="%47%4C%49%4E%45" n1="%E3%82%A2%E3%83%88%E3%83%A0%E3%82%B9%E3%82%AF" n2="%E5%80%89%E6%95%B7%E6%A5%93%E9%A6%99" n3="%E5%B0%B1%E6%B4%BB%E7%94%9F%40%E5%B7%9D%E6%9D%91%E8%BB%8D%E5%9B%A3" dan="14,14,15,14" rate="1923.01,1929.80,1946.53,1960.58" sx="M,M,F,M"/><TAIKYOKU oya="0"/><INIT seed="0,0,0,2,4,120" ten="250,250,250,250" oya="0" hai0="24,8,46,88,94,4,126,95,54,131,0,69,118" hai1="98,92,132,30,23,45,21,53,101,77,79,35,20" hai2="48,29,11,112,61,87,12,50,125,121,14,62,119" hai3="18,85,40,80,34,6,2,97,114,84,123,110,57"/><T106/><D118/><U42/><E132/><V111/><F112/><W66/><G34/><T58/><D106/><U9/><E9/><V127/><F121/><W72/><G72/><T116/><D116/><U43/><E35/><V28/><F119/><W102/><G123/><T107/><D107/><U113/><E30/><V82/><F11/><W33/><G33/><T22/><D131/><U99/><E113/><V96/><F96/><W100/><G114/><T32/><D126/><U49/><E99/><V26/><F87/><W104/><G40/><AGARI ba="0,0" hai="20,21,23,40,42,43,45,49,53,77,79,92,98,101" machi="40" ten="40,1300,0" yaku="8,1" doraHai="120" who="1" fromWho="3" sc="250,0,250,13,250,0,250,-13" /><INIT seed="1,0,0,0,1,36" ten="250,263,250,237" oya="1" hai0="106,19,107,28,77,135,69,67,131,99,51,108,1" hai1="121,52,105,84,57,49,95,24,90,113,85,4,62" hai2="112,2,30,15,9,75,129,126,21,68,12,93,63" hai3="128,8,101,120,116,115,26,33,20,80,58,13,25"/><U134/><E113/><V32/><F112/><W61/><G115/><T37/><D1/><U65/><E121/><V22/><F75/><W5/><G120/><T56/><D37/><U132/><E105/><V17/><F126/><W125/><G128/><T46/><D131/><U87/><E4/><V109/><F109/><W48/><G125/><T96/><D108/><U127/><E127/><V31/><F129/><W117/><G101/><T11/><D135/><N who="1" m="51755" /><E24/><N who="2" m="18535" /><F63/><W123/><G123/><T66/><D28/><U122/><E122/><V98/><F93/><W72/><G33/><T60/><D77/><U53/><E53/><V103/><F98/><W29/><G48/><T50/><D11/><U34/><E34/><V6/><F103/><W83/><G26/><T55/><D19/><U10/><E10/><N who="2" m="6391" /><F68/><AGARI ba="0,0" hai="49,52,57,62,65,68,84,85,87,90,95" m="51755" machi="68" ten="30,2900,0" yaku="20,1,54,1" doraHai="36" who="1" fromWho="2" sc="250,0,263,29,250,-29,237,0" /><INIT seed="1,1,0,1,2,63" ten="250,292,221,237" oya="1" hai0="64,104,78,1,17,96,51,21,23,42,94,121,75" hai1="57,54,112,125,41,131,126,128,45,15,62,99,117" hai2="46,132,55,49,91,102,34,48,77,100,39,71,60" hai3="80,103,123,120,47,16,124,36,110,116,6,37,114"/><U133/><E117/><V52/><F132/><W129/><G6/><T95/><D1/><U82/><E112/><V92/><F34/><W127/><G103/><T19/><D104/><U29/><E29/><V61/><F77/><W56/><G80/><T44/><D121/><N who="3" m="46665" /><G16/><T24/><D75/><U88/><E15/><V8/><F39/><N who="3" m="14923" /><G114/><T101/><D78/><U12/><E12/><V59/><F8/><W72/><G72/><T109/><D95/><N who="1" m="56807" /><E82/><V31/><F31/><W32/><G32/><T111/><D64/><U74/><E74/><V43/><F43/><W90/><G90/><T65/><REACH who="0" step="1"/><D65/><REACH who="0" ten="240,292,221,237" step="2"/><U79/><E79/><V84/><F71/><W113/><G113/><T130/><D130/><N who="1" m="49707" /><E133/><V28/><F28/><W35/><G129/><T68/><D68/><U81/><E81/><V89/><F91/><W0/><G0/><T87/><D87/><U86/><E86/><V13/><F13/><AGARI ba="1,1" hai="13,17,19,21,23,24,42,44,51,94,96,101,109,111" machi="13" ten="40,2600,0" yaku="1,1,53,1" doraHai="63" doraHaiUra="38" who="0" fromWho="2" sc="240,39,292,0,221,-29,237,0" /><INIT seed="2,0,0,0,5,13" ten="279,292,192,237" oya="2" hai0="22,116,12,94,0,85,20,133,80,58,87,49,129" hai1="130,17,16,37,52,118,97,60,99,35,11,75,54" hai2="6,123,82,125,68,1,44,95,76,45,24,27,43" hai3="70,103,8,69,9,29,18,55,47,53,111,109,59"/><V57/><F123/><W112/><G103/><T104/><D0/><U36/><E118/><V122/><F122/><W26/><G112/><T23/><D104/><U15/><E130/><V74/><F68/><W119/><G119/><T134/><D129/><U39/><E75/><V56/><F125/><W5/><G47/><T65/><D116/><U25/><E35/><V4/><F44/><W89/><G89/><T66/><D94/><U79/><E79/><V67/><F6/><W10/><G5/><T124/><D124/><U77/><E77/><V71/><F95/><W73/><G73/><T78/><D87/><U135/><E135/><V88/><F88/><W50/><G55/><T126/><D126/><U90/><E90/><V127/><F127/><W51/><G51/><T100/><D100/><U92/><E92/><V86/><F86/><W7/><G7/><T41/><D58/><U64/><E99/><V108/><F108/><N who="3" m="41547" /><G18/><N who="0" m="10311" /><D134/><U91/><E91/><V96/><F96/><W38/><G38/><T33/><D33/><AGARI ba="0,0" hai="8,9,10,26,29,33,50,53,59,69,70" m="41547" machi="33" ten="30,1000,0" yaku="14,1" doraHai="13" who="3" fromWho="0" sc="279,-10,292,0,192,0,237,10" /><INIT seed="3,0,0,1,2,1" ten="269,292,192,247" oya="3" hai0="85,130,98,115,72,18,45,105,124,95,74,38,10" hai1="116,60,120,132,33,24,69,87,80,23,135,30,58" hai2="12,118,129,71,126,37,93,102,97,84,94,11,127" hai3="121,59,112,49,63,7,89,100,14,35,48,110,125"/><W26/><G121/><T128/><D124/><N who="2" m="47658" /><F37/><W20/><G112/><T0/><D18/><U131/><E120/><V19/><F71/><W3/><G3/><T73/><D85/><U5/><E116/><V83/><F118/><W91/><G125/><T86/><D86/><U9/><E69/><V54/><F54/><W133/><G35/><T46/><D95/><U50/><E50/><N who="3" m="19562" /><G100/><N who="0" m="62615" /><D46/><U99/><E99/><V8/><F8/><N who="3" m="4383" /><G133/><T103/><D103/><U31/><E131/><N who="0" m="50217" /><D10/><U81/><E132/><V40/><F129/><W92/><G110/><T65/><D65/><U43/><E135/><V44/><F44/><W47/><G47/><T104/><D0/><U70/><E43/><V22/><F40/><W6/><G6/><T13/><D13/><U114/><E114/><V42/><F42/><W108/><G108/><T17/><D17/><U56/><E31/><V96/><F11/><W68/><G68/><T123/><D123/><U79/><E9/><V32/><F32/><W36/><G92/><T61/><D115/><U15/><E33/><V66/><F94/><W134/><G36/><T34/><D34/><U67/><E70/><V57/><F93/><W76/><G76/><T41/><D104/><U78/><E78/><V117/><F117/><W113/><G113/><T62/><AGARI ba="0,0" hai="38,41,45,61,62,72,73,74" m="50217,62615" machi="62" ten="40,1500,0" yaku="19,1" doraHai="1" who="0" fromWho="0" sc="269,15,292,-4,192,-4,247,-7" /><INIT seed="4,0,0,3,0,55" ten="284,288,188,240" oya="0" hai0="103,11,30,41,45,99,65,85,106,19,82,134,51" hai1="92,78,101,9,61,94,79,0,93,89,68,75,28" hai2="1,77,44,7,91,60,37,5,36,29,59,13,57" hai3="21,114,69,122,48,84,111,117,88,23,121,110,97"/><T71/><D134/><U38/><E38/><V73/><F1/><W131/><G69/><T67/><D30/><U95/><E101/><V2/><F2/><W62/><G117/><T87/><D87/><U4/><E75/><V72/><F60/><W32/><G32/><T25/><D71/><U66/><REACH who="1" step="1"/><E28/><REACH who="1" ten="284,278,188,240" step="2"/><V17/><F29/><W70/><G114/><T16/><D19/><U132/><E132/><V31/><F73/><W14/><G122/><T104/><D104/><U27/><E27/><V120/><F31/><W123/><G121/><T116/><D116/><U10/><E10/><V53/><F36/><W6/><G123/><T128/><D128/><U135/><E135/><V100/><F37/><W81/><G131/><T52/><D41/><U54/><E54/><V115/><F100/><W18/><G111/><T80/><D25/><U15/><E15/><V34/><F120/><W49/><G110/><T20/><D20/><U50/><E50/><N who="2" m="28871" /><F34/><W90/><G23/><T64/><REACH who="0" step="1"/><D85/><AGARI ba="0,1" hai="0,4,9,61,66,68,78,79,85,89,92,93,94,95" machi="85" ten="40,1300,0" yaku="1,1,53,0" doraHai="55" doraHaiUra="109" who="1" fromWho="0" sc="284,-13,278,23,188,0,240,0" /><INIT seed="5,0,0,4,0,75" ten="271,301,188,240" oya="1" hai0="77,103,134,13,0,104,57,82,62,99,106,23,128" hai1="100,120,42,96,41,130,81,107,89,11,74,52,49" hai2="48,67,65,122,115,32,18,113,72,54,79,71,59" hai3="86,43,83,26,68,63,90,92,45,118,50,24,88"/><U129/><E120/><V20/><F32/><W28/><G118/><T9/><D134/><U94/><E11/><V116/><F116/><W121/><G121/><T37/><D128/><N who="1" m="49259" /><E81/><N who="2" m="45287" /><F71/><W19/><G19/><T109/><D109/><U85/><E74/><V76/><F76/><W114/><G114/><N who="2" m="43529" /><F122/><W125/><G125/><T8/><D37/><U36/><E36/><V97/><F97/><W84/><G68/><T98/><D0/><U102/><E102/><V27/><AGARI ba="0,0" hai="18,20,27,48,54,59,65,67" m="43529,45287" machi="27" ten="30,4000,0" yaku="15,1,11,1,52,1" doraHai="75" who="2" fromWho="2" sc="271,-10,301,-20,188,40,240,-10" /><INIT seed="6,0,0,3,0,29" ten="261,281,228,230" oya="2" hai0="132,97,74,60,14,28,134,30,135,104,42,17,35" hai1="118,27,26,130,79,78,44,95,25,92,56,15,11" hai2="86,110,73,5,100,22,125,34,89,121,66,58,48" hai3="9,88,54,85,113,123,93,109,127,108,63,124,46"/><V70/><F121/><W82/><G9/><T101/><D74/><U61/><E118/><V39/><F39/><W36/><G36/><T8/><D42/><U117/><E117/><V57/><F73/><W13/><G13/><T94/><D104/><U52/><E44/><V115/><F70/><W64/><G123/><T126/><D126/><N who="3" m="48169" /><G113/><T77/><D77/><N who="1" m="29195" /><E130/><V96/><F125/><W84/><G54/><T112/><D112/><U80/><E80/><V31/><F115/><W65/><G46/><T98/><D98/><U1/><E1/><V120/><F5/><AGARI ba="0,0" hai="5,11,15,25,26,27,52,56,61,92,95" m="29195" machi="5" ten="30,2000,0" yaku="8,1,54,1" doraHai="29" who="1" fromWho="2" sc="261,0,281,20,228,-20,230,0" /><INIT seed="7,0,0,2,4,74" ten="261,301,208,230" oya="3" hai0="114,37,9,129,29,98,54,105,93,40,118,1,112" hai1="15,13,6,59,16,21,104,51,33,53,42,49,39" hai2="14,0,2,12,132,20,56,75,70,125,123,23,58" hai3="94,111,81,133,44,35,18,89,97,128,11,135,66"/><W82/><G35/><T71/><D118/><U31/><E104/><V5/><F70/><W8/><G66/><T63/><D105/><U26/><E39/><V110/><F75/><W107/><G107/><T92/><D29/><U83/><E83/><V48/><F48/><W100/><G128/><T50/><D129/><U84/><E84/><V67/><F67/><W38/><G111/><T120/><D120/><U113/><E113/><V127/><F5/><W62/><G62/><T121/><D121/><U69/><E69/><V77/><F123/><W95/><G44/><N who="0" m="23567" /><D9/><U32/><E42/><V109/><F132/><N who="3" m="50763" /><G38/><T65/><D98/><U116/><E116/><V102/><F102/><W41/><G41/><T25/><D25/><U85/><E85/><V78/><AGARI ba="0,0" hai="0,2,12,14,20,23,56,58,77,78,109,110,125,127" machi="78" ten="25,8000,1" yaku="0,1,22,2,52,2" doraHai="74" who="2" fromWho="2" sc="261,-20,301,-20,208,80,230,-40" /><INIT seed="8,0,0,5,2,127" ten="241,281,288,190" oya="0" hai0="88,104,99,114,52,120,68,123,76,28,90,67,115" hai1="3,102,93,6,86,126,27,10,111,17,131,57,110" hai2="14,109,2,29,64,53,56,101,89,15,44,31,121" hai3="47,65,132,50,30,128,105,58,134,55,24,91,83"/><T133/><D68/><U34/><E126/><V61/><F109/><W0/><G0/><T125/><D67/><U13/><E131/><V36/><F2/><W106/><G83/><T21/><D125/><U78/><E57/><V43/><F121/><W103/><G91/><T80/><D28/><N who="2" m="10826" /><F101/><W26/><G128/><T45/><D21/><U100/><E100/><V98/><F98/><W41/><G65/><T42/><D52/><U97/><E27/><V9/><F89/><N who="0" m="34410" /><D45/><U72/><E72/><V117/><F9/><W51/><G26/><T79/><D42/><U12/><E34/><V54/><F54/><W59/><G59/><T22/><D22/><U7/><E7/><V84/><F84/><W46/><G58/><T16/><D16/><U124/><E124/><V75/><F75/><W39/><G39/><T69/><D69/><U130/><E130/><V33/><F33/><W38/><G38/><T135/><D76/><U112/><E112/><N who="0" m="43049" /><D99/><U62/><E62/><V95/><F64/><W116/><G116/><T113/><D104/><U23/><E3/><V108/><F117/><W8/><G8/><T107/><D107/><U87/><REACH who="1" step="1"/><E78/><REACH who="1" ten="241,271,288,190" step="2"/><V70/><F70/><W73/><G73/><N who="0" m="43119" /><D113/><U5/><E5/><V20/><F14/><W37/><G37/><T85/><D85/><AGARI ba="0,1" hai="6,10,12,13,17,23,85,86,87,93,97,102,110,111" machi="85" ten="40,1300,0" yaku="1,1,53,0" doraHai="127" doraHaiUra="25" who="1" fromWho="0" sc="241,-13,271,23,288,0,190,0" /><INIT seed="9,0,0,4,0,101" ten="228,294,288,190" oya="1" hai0="21,113,132,68,135,106,120,56,92,81,6,42,59" hai1="108,65,36,19,107,50,66,89,26,53,103,15,115" hai2="2,111,55,54,133,134,74,78,80,41,109,119,77" hai3="7,43,102,13,22,87,37,99,61,124,28,73,38"/><U25/><E36/><V100/><F2/><W33/><G124/><T29/><D113/><U35/><E115/><V48/><F119/><W79/><G73/><T104/><D68/><U9/><E108/><N who="2" m="41547" /><F78/><W130/><G130/><T63/><D120/><U121/><E121/><V14/><F14/><W8/><G33/><T84/><D92/><U51/><E51/><V123/><F123/><W128/><G128/><T76/><D42/><U60/><E35/><V46/><F100/><W110/><G110/><T32/><D6/><U96/><E89/><V34/><F34/><W88/><G79/><T71/><D32/><U24/><REACH who="1" step="1"/><E60/><REACH who="1" ten="228,284,288,190" step="2"/><V0/><F0/><W39/><G61/><T23/><D71/><U117/><E117/><V118/><F118/><W69/><G69/><T45/><D63/><U16/><E16/><V57/><F57/><AGARI ba="0,1" hai="9,15,19,24,25,26,50,53,57,65,66,96,103,107" machi="57" ten="40,7700,0" yaku="1,1,52,1,53,1" doraHai="101" doraHaiUra="11" who="1" fromWho="2" sc="228,0,284,87,288,-77,190,0" owari="228,3.0,371,47.0,211,-19.0,190,-31.0" /></mjloggm>