<mjloggm ver="2.3"><GO type="225" lobby="0"/><UN n0="%E5%B0%B1%E6%B4%BB%E7%94%9F%40%E5%B7%9D%E6%9D%91%E8%BB%8D%E5%9B%A3" n1="%E3%83%9C%E3%83%AD%E3%83%83%E3%83%86" n2="%28%E2%88%A9%E3%83%BB%CF%89%E3%83%BB%29%E2%88%A9" n3="%E7%89%B9%E4%B8%8A%E3%81%AE%E9%A4%8A%E5%88%86" dan="16,16,16,17" rate="2020.17,2122.38,2124.40,2120.81" sx="M,M,F,M"/><TAIKYOKU oya="0"/><INIT seed="0,0,0,5,4,99" ten="250,250,250,250" oya="0" hai0="25,93,12,118,16,27,85,67,101,128,110,84,57" hai1="65,89,15,1,97,22,66,63,86,122,71,42,92" hai2="33,60,106,31,69,76,21,115,36,129,49,58,80" hai3="119,3,135,116,37,121,133,107,13,73,126,62,40"/><T29/><D118/><U123/><E1/><V113/><F36/><W77/><G13/><T43/><D128/><U52/><E42/><V105/><F33/><W75/><G62/><N who="0" m="38351" /><D110/><U81/><E71/><V38/><F38/><W79/><G3/><T6/><D6/><U56/><E123/><V64/><F129/><W88/><G37/><T50/><D50/><U35/><E35/><V108/><F108/><W102/><G40/><T10/><D43/><U8/><E22/><V70/><F31/><W51/><G51/><T48/><D48/><U30/><E30/><V59/><F21/><W68/><G68/><T39/><D39/><U95/><E95/><V78/><F49/><W82/><G121/><T55/><D55/><U28/><E28/><V32/><F32/><W117/><G126/><T94/><D94/><U18/><REACH who="1" step="1"/><E122/><REACH who="1" ten="250,240,250,250" step="2"/><V90/><F70/><W46/><G117/><T87/><D29/><U20/><E20/><V4/><F69/><W131/><G119/><T103/><D93/><U26/><E26/><AGARI ba="0,1" hai="10,12,16,25,26,27,84,85,87,101,103" m="38351" machi="26" ten="30,11600,0" yaku="8,1,52,2,54,1" doraHai="99" who="0" fromWho="1" sc="250,126,240,-116,250,0,250,0" /><INIT seed="0,1,0,5,2,41" ten="376,124,250,250" oya="0" hai0="111,30,125,72,121,43,50,55,134,103,64,29,60" hai1="99,11,48,93,92,5,69,14,16,106,13,54,74" hai2="63,71,17,83,120,73,109,49,114,126,113,110,81" hai3="86,116,4,75,102,27,98,85,1,2,61,107,59"/><T26/><D72/><U84/><E74/><V94/><F120/><W34/><G75/><T104/><D121/><U56/><E69/><V96/><F126/><W67/><G116/><T35/><D125/><U119/><E119/><V39/><F39/><W115/><G115/><T100/><D134/><U135/><E135/><V22/><F49/><W77/><G77/><T95/><D29/><U45/><E106/><V28/><F28/><W21/><G34/><T42/><D111/><N who="2" m="42506" /><F63/><W47/><G47/><N who="0" m="28127" /><D100/><U57/><E84/><V40/><F40/><W78/><G78/><T52/><D95/><U38/><E38/><V87/><F71/><W88/><G4/><T128/><D52/><N who="1" m="29711" /><E93/><V82/><F87/><W129/><G86/><T7/><D7/><U97/><E54/><V9/><F9/><W53/><G53/><T19/><D19/><U23/><E99/><V36/><F36/><W108/><G108/><T68/><D128/><U132/><E132/><V122/><F122/><W123/><G129/><T79/><D79/><U12/><E14/><N who="2" m="9527" /><F73/><W101/><G123/><T0/><D0/><U31/><E31/><V20/><F20/><W66/><G66/><T133/><D133/><U46/><E46/><V89/><AGARI ba="1,0" hai="81,82,83,89,94,96,113,114" m="9527,42506" machi="89" ten="30,1100,0" yaku="14,1" doraHai="41" who="2" fromWho="2" sc="376,-6,124,-4,250,14,250,-4" /><INIT seed="1,0,0,1,4,30" ten="370,120,264,246" oya="1" hai0="56,83,87,9,46,120,47,37,114,108,65,48,6" hai1="77,54,0,49,71,106,96,76,33,25,132,32,59" hai2="84,94,122,112,127,109,79,66,51,135,125,67,5" hai3="72,80,8,63,60,27,131,69,12,21,68,88,118"/><U17/><E0/><V74/><F122/><W31/><G131/><T24/><D114/><U3/><E3/><V117/><F117/><W100/><G118/><T55/><D120/><U4/><E4/><V42/><F109/><W95/><G100/><T18/><D108/><U134/><E71/><V124/><F135/><N who="1" m="51753" /><E106/><V39/><F39/><W16/><G69/><T98/><D37/><U35/><E96/><V53/><F42/><W104/><G104/><T61/><D98/><U91/><E91/><N who="2" m="53607" /><F5/><W57/><G68/><T22/><D6/><U26/><E26/><V110/><F112/><W105/><G105/><T1/><D1/><U36/><E36/><V38/><F38/><W43/><G43/><T102/><D9/><U41/><E41/><V78/><F110/><W82/><G72/><T70/><D102/><U130/><E130/><V7/><F7/><W52/><G63/><T128/><D128/><U10/><E10/><V86/><F74/><W11/><G11/><T107/><D107/><U44/><E44/><N who="2" m="27879" /><F86/><AGARI ba="0,0" hai="8,12,16,21,27,31,52,57,60,80,82,86,88,95" machi="86" ten="30,8000,1" yaku="7,1,8,1,54,3" doraHai="30" who="3" fromWho="2" sc="370,0,120,0,264,-80,246,80" /><INIT seed="2,0,0,3,0,60" ten="370,120,184,326" oya="2" hai0="39,21,47,48,71,109,19,9,31,111,65,85,135" hai1="28,75,43,81,124,108,45,51,116,17,110,106,120" hai2="93,94,102,128,37,61,53,88,76,119,131,101,97" hai3="40,77,107,7,55,18,82,12,115,68,0,3,84"/><V23/><F119/><W79/><G107/><T113/><D113/><U41/><E106/><V57/><F37/><W63/><G115/><T95/><D39/><U49/><E116/><V87/><F76/><W62/><G40/><T30/><D135/><U1/><E1/><V91/><REACH who="2" step="1"/><F23/><REACH who="2" ten="370,120,174,326" step="2"/><W98/><G77/><T46/><D21/><U20/><E120/><V35/><F35/><W13/><G79/><T10/><D111/><U44/><E124/><V56/><F56/><W36/><G68/><T100/><D109/><U42/><E75/><V96/><F96/><W69/><G98/><T33/><D71/><U2/><E2/><V123/><F123/><W25/><G36/><T8/><D33/><U130/><E110/><V70/><F70/><W27/><G69/><T32/><D32/><U73/><E108/><V122/><F122/><W112/><G3/><T26/><D85/><U52/><E73/><V127/><F127/><W89/><G84/><T133/><D133/><U132/><E132/><V72/><F72/><W11/><G0/><T103/><D47/><U134/><E134/><V117/><F117/><W121/><G112/><T59/><D46/><U99/><E99/><V80/><F80/><W129/><G82/><T90/><D59/><U16/><E81/><V34/><F34/><W50/><G121/><T14/><D103/><AGARI ba="0,1" hai="53,57,61,87,88,91,93,94,97,101,102,103,128,131" machi="103" ten="40,3900,0" yaku="1,1,54,1,53,0" doraHai="60" doraHaiUra="22" who="2" fromWho="0" sc="370,-39,120,0,174,49,326,0" /><INIT seed="2,1,0,4,1,61" ten="331,120,223,326" oya="2" hai0="92,134,28,62,81,128,122,42,73,27,129,57,130" hai1="6,97,37,49,44,79,120,101,56,110,123,31,80" hai2="33,75,55,107,82,118,11,50,105,29,87,69,60" hai3="68,98,63,52,90,106,34,125,43,14,41,86,35"/><V36/><F75/><W67/><G125/><T114/><D122/><U26/><E37/><V89/><F118/><W48/><G14/><T71/><D114/><U126/><E126/><V30/><F36/><W65/><G65/><T24/><D71/><U100/><E6/><V119/><F119/><W113/><G113/><T9/><D134/><U131/><E110/><V58/><F11/><W18/><G18/><T5/><D42/><U59/><E131/><V88/><F89/><W78/><G78/><N who="0" m="44239" /><D92/><U1/><E1/><V38/><F38/><W109/><G109/><T10/><D5/><U124/><E124/><V132/><F132/><W112/><G112/><T127/><D127/><U32/><E101/><V95/><F95/><W13/><G13/><T115/><D115/><U54/><E123/><V117/><F117/><W103/><G43/><T8/><D28/><U70/><E70/><V51/><F29/><W21/><G21/><T53/><AGARI ba="1,0" hai="8,9,10,24,27,53,57,62,128,129,130" m="44239" machi="53" ten="40,1500,0" yaku="19,1" doraHai="61" who="0" fromWho="0" sc="331,18,120,-5,223,-8,326,-5" /><INIT seed="3,0,0,5,0,115" ten="349,115,215,321" oya="3" hai0="43,126,17,117,104,37,5,65,72,61,64,73,1" hai1="69,55,86,48,135,74,110,60,50,113,111,108,120" hai2="62,125,18,90,94,32,19,96,67,132,114,38,21" hai3="91,25,100,118,53,12,70,81,89,75,39,107,51"/><W58/><G39/><T133/><D64/><U95/><E74/><V131/><F114/><W59/><G70/><N who="0" m="42287" /><D17/><U52/><E113/><V122/><F132/><W76/><G118/><T80/><D133/><U6/><E6/><V130/><F125/><W105/><G25/><T30/><D30/><U102/><E135/><V77/><F32/><W71/><G71/><T79/><D117/><U13/><E13/><V84/><F38/><W22/><G59/><T57/><D57/><U134/><E134/><V4/><F4/><W54/><G54/><N who="1" m="20522" /><E102/><N who="2" m="60695" /><F77/><W3/><G3/><T42/><D42/><U116/><E86/><V101/><F101/><W31/><G100/><T49/><D49/><N who="1" m="19051" /><E95/><N who="2" m="54727" /><F122/><W88/><REACH who="3" step="1"/><G12/><REACH who="3" ten="349,115,215,311" step="2"/><T34/><D126/><U103/><E103/><V33/><F33/><W78/><G78/><T124/><D124/><U123/><E116/><V0/><F0/><W85/><G85/><T109/><D34/><U66/><AGARI ba="0,1" hai="60,66,69,108,110,111,120,123" m="19051,20522" machi="66" ten="40,8000,1" yaku="14,1,34,2,54,1" doraHai="115" who="1" fromWho="1" sc="349,-20,115,90,215,-20,311,-40" owari="329,42.0,205,-19.0,195,-30.0,271,7.0" /></mjloggm>