<mjloggm ver="2.3"><GO type="41" lobby="0"/><UN n0="%E3%83%A9%E3%83%BC%E3%83%A1%E3%83%B3%E7%94%9F%E6%B4%BB" n1="%E5%B0%B1%E6%B4%BB%E7%94%9F%40%E5%B7%9D%E6%9D%91%E8%BB%8D%E5%9B%A3" n2="%42%49%47%59" n3="%EF%BD%93%EF%BD%88%EF%BD%89%EF%BD%82%EF%BD%81%EF%BD%86%EF%BD%95%EF%BD%8A" dan="14,15,15,13" rate="1915.88,1994.57,2021.36,1861.15" sx="M,M,M,M"/><TAIKYOKU oya="0"/><INIT seed="0,0,0,4,2,107" ten="250,250,250,250" oya="0" hai0="70,41,47,85,5,7,65,53,54,69,9,31,34" hai1="81,15,78,8,43,114,11,95,58,84,56,2,98" hai2="4,42,103,73,74,24,75,22,67,50,111,135,126" hai3="92,120,118,80,93,59,19,96,46,91,72,48,123"/><T33/><D31/><U52/><E114/><V51/><F111/><W125/><G59/><T10/><D65/><U30/><E2/><V108/><F108/><W88/><G19/><T119/><D85/><U1/><E1/><V101/><F4/><W28/><G28/><T60/><D60/><U49/><E43/><V82/><F82/><W3/><G3/><T129/><D129/><U32/><E58/><V110/><F110/><W122/><G48/><T68/><D41/><U121/><E121/><V87/><F87/><N who="3" m="52255" /><G46/><T39/><D47/><U90/><REACH who="1" step="1"/><E15/><REACH who="1" ten="250,240,250,250" step="2"/><V26/><F42/><W17/><G118/><T99/><D119/><U12/><E12/><V106/><F135/><W76/><G17/><T131/><D69/><U38/><E38/><V66/><F126/><AGARI ba="0,1" hai="72,76,80,91,93,96,120,122,123,125,126" m="52255" machi="126" ten="40,8000,1" yaku="13,1,34,2,52,1,54,1" doraHai="107" who="3" fromWho="2" sc="250,0,240,0,250,-80,250,90" /><INIT seed="1,0,0,2,3,33" ten="250,240,170,340" oya="1" hai0="10,52,14,129,124,98,9,59,34,72,130,58,111" hai1="20,134,112,84,51,135,46,17,99,131,86,32,116" hai2="27,53,115,118,89,85,80,123,92,73,13,24,36" hai3="49,109,56,121,107,28,103,23,3,102,18,35,37"/><U90/><E32/><V125/><F118/><W78/><G121/><T105/><D72/><U47/><E116/><V113/><F123/><W114/><G37/><T126/><D34/><U70/><E70/><V41/><F125/><N who="0" m="48234" /><D111/><U75/><E75/><V96/><F73/><W120/><G120/><T21/><D59/><U69/><E69/><V61/><F41/><W74/><G114/><T128/><D98/><U26/><E112/><N who="2" m="43083" /><F36/><W0/><G109/><T101/><D101/><U2/><E2/><V22/><F13/><W7/><G7/><T63/><D105/><U25/><E131/><V8/><F8/><N who="0" m="3178" /><D14/><U4/><E99/><V62/><F53/><W127/><G127/><T97/><D97/><U76/><E47/><V95/><F95/><W64/><G103/><T106/><D106/><U40/><E4/><V44/><F44/><W43/><G107/><T104/><D104/><U119/><E119/><V57/><F57/><W108/><G108/><T133/><D21/><U45/><E45/><V50/><F50/><W60/><G102/><T94/><D94/><U5/><E5/><V16/><F27/><W81/><G35/><T6/><D6/><U100/><E26/><V71/><F71/><W19/><G28/><T31/><D31/><U39/><E100/><AGARI ba="0,0" hai="16,22,24,61,62,80,85,89,92,96,100" m="43083" machi="100" ten="30,2000,0" yaku="11,1,54,1" doraHai="33" who="2" fromWho="1" sc="250,0,240,-20,170,20,340,0" /><INIT seed="2,0,0,5,2,24" ten="250,220,190,340" oya="2" hai0="107,43,52,115,117,30,82,100,34,56,123,103,129" hai1="29,1,7,45,49,0,46,85,90,73,119,131,80" hai2="130,65,44,51,20,132,127,93,102,36,110,67,79" hai3="95,54,23,66,77,57,15,2,9,109,91,53,116"/><V35/><F35/><W6/><G116/><T106/><D115/><U69/><E119/><V105/><F105/><W31/><G109/><T38/><D117/><U10/><E69/><V21/><F79/><W133/><G133/><T89/><D123/><U39/><E131/><V33/><F33/><W58/><G77/><T121/><D121/><U78/><E39/><V92/><F36/><W3/><G3/><T135/><D129/><U113/><E113/><V114/><F114/><W72/><G72/><T19/><D135/><U17/><E17/><V48/><F132/><W47/><G2/><T13/><D38/><U71/><E71/><V8/><F130/><W98/><G47/><T76/><D43/><U126/><E1/><V86/><F127/><W40/><G40/><T26/><D107/><U122/><E126/><V84/><F8/><W5/><G5/><T4/><D89/><U64/><E122/><V62/><F102/><W60/><G58/><T11/><D4/><U42/><E64/><N who="2" m="24651" /><F62/><W81/><REACH who="3" step="1"/><G81/><REACH who="3" ten="250,220,190,330" step="2"/><T111/><D111/><U16/><E46/><V104/><F110/><W101/><G101/><T108/><D108/><U74/><E74/><V14/><F44/><W70/><G70/><T120/><D120/><U96/><E73/><V61/><F104/><W112/><G112/><T83/><D106/><U55/><E78/><V75/><F75/><W50/><G50/><N who="2" m="18985" /><F61/><W22/><G22/><N who="2" m="8809" /><F14/><W63/><G63/><N who="0" m="36231" /><D76/><U118/><E118/><V134/><F134/><W27/><AGARI ba="0,1" hai="6,9,15,23,27,31,53,54,57,60,66,91,95,98" machi="27" ten="30,8000,1" yaku="1,1,0,1,8,1,52,1,53,1" doraHai="24" doraHaiUra="18" who="3" fromWho="3" sc="250,-20,220,-20,190,-40,330,90" /><INIT seed="3,0,0,0,0,87" ten="230,200,150,420" oya="3" hai0="49,79,123,5,11,109,38,62,54,92,106,82,98" hai1="73,125,89,59,29,81,31,111,121,107,69,114,61" hai2="88,131,132,94,12,95,117,26,37,96,27,110,70" hai3="21,129,71,23,9,39,91,60,55,7,75,134,118"/><W126/><G118/><T133/><D123/><U122/><E107/><V30/><F37/><W103/><G75/><T28/><D38/><U51/><E114/><V84/><F117/><W93/><G39/><T6/><D133/><U120/><E125/><V19/><F70/><W72/><G72/><T42/><D106/><U66/><E111/><V65/><F110/><W101/><G134/><T74/><D28/><U32/><E73/><V40/><F40/><W68/><G68/><T76/><D76/><U104/><E104/><V83/><F132/><W53/><G126/><T113/><D113/><U63/><E51/><V124/><F124/><W90/><G129/><T80/><D80/><U25/><E29/><V16/><F65/><W58/><G71/><T130/><D130/><U127/><E127/><V18/><F131/><W52/><G7/><T1/><D6/><U100/><E100/><N who="3" m="38474" /><G9/><T4/><D4/><U13/><E13/><V97/><F83/><W105/><G105/><T0/><D0/><U41/><E41/><V44/><F44/><W128/><G128/><T14/><D42/><U45/><E45/><V115/><F115/><W135/><G135/><T116/><D116/><U78/><E78/><V99/><F30/><W22/><G93/><N who="2" m="35337" /><F12/><W24/><G24/><N who="2" m="9257" /><F84/><W56/><G60/><T46/><D62/><U50/><E50/><V17/><N who="2" m="4608" /><DORA hai="34" /><V85/><F85/><W67/><G67/><T33/><D1/><U36/><E36/><V35/><F35/><W64/><G64/><T108/><D33/><U8/><E32/><V43/><F43/><W77/><G77/><RYUUKYOKU ba="0,0" sc="230,10,200,-30,150,10,420,10" hai0="5,11,14,46,49,54,74,79,82,92,98,108,109" hai2="88,96,97,99" hai3="21,22,23,52,53,55,56,58,90,91" /><INIT seed="3,1,0,4,3,36" ten="240,170,160,430" oya="3" hai0="47,13,92,116,95,111,125,82,110,76,78,72,51" hai1="4,119,19,63,79,18,84,102,135,83,127,91,3" hai2="41,56,117,48,25,17,14,118,90,67,45,75,126" hai3="46,21,133,37,112,8,122,16,1,9,44,5,93"/><W31/><G122/><T80/><D116/><U58/><E119/><V32/><F75/><W105/><G105/><T52/><D125/><U129/><E127/><V81/><F126/><W74/><G112/><T109/><REACH who="0" step="1"/><D13/><REACH who="0" ten="230,170,160,430" step="2"/><U7/><E3/><V73/><F117/><W2/><G133/><T88/><D88/><U65/><E135/><V59/><F118/><W28/><G37/><T57/><D57/><U11/><E102/><V134/><F134/><W6/><G74/><AGARI ba="1,1" hai="47,51,52,72,74,76,78,80,82,92,95,109,110,111" machi="74" ten="40,8000,1" yaku="1,1,9,1,14,1,54,1,53,1" doraHai="36" doraHaiUra="40" who="0" fromWho="3" sc="230,93,170,0,160,0,430,-83" /><INIT seed="4,0,0,1,0,34" ten="323,170,160,347" oya="0" hai0="54,122,85,82,73,25,100,126,119,129,28,67,15" hai1="92,113,70,6,64,130,35,110,5,43,4,115,23" hai2="0,36,56,66,112,96,1,74,57,24,98,14,63" hai3="127,80,128,109,71,95,3,107,50,13,106,97,8"/><T27/><D122/><U86/><E110/><V90/><F112/><N who="1" m="43081" /><E35/><V52/><F74/><W132/><G109/><T49/><D119/><U47/><E130/><V31/><F36/><W102/><G71/><T84/><D126/><U91/><E23/><V12/><F12/><W108/><G108/><T44/><D67/><U51/><E64/><V79/><F79/><W38/><G38/><T16/><D100/><U89/><E89/><V65/><F14/><W111/><G111/><T121/><D121/><U39/><E70/><V17/><F17/><W83/><G127/><T124/><D124/><U77/><E77/><V105/><F66/><W93/><G128/><T125/><D125/><U37/><AGARI ba="0,0" hai="4,5,6,37,39,43,47,51,86,91,92" m="43081" machi="37" ten="40,2700,0" yaku="15,1,11,1" doraHai="34" who="1" fromWho="1" sc="323,-13,170,27,160,-7,347,-7" /><INIT seed="5,0,0,1,0,41" ten="310,197,153,340" oya="1" hai0="91,39,24,83,107,126,111,48,32,78,99,25,20" hai1="119,123,15,86,97,37,18,82,94,11,22,68,12" hai2="100,73,121,118,6,57,105,45,87,134,62,9,35" hai3="79,50,129,103,8,108,131,55,4,115,36,90,72"/><U17/><E123/><V92/><F118/><W84/><G108/><T104/><D39/><U51/><E119/><V67/><F134/><W64/><G115/><T66/><D66/><U93/><E37/><V16/><F121/><W19/><G64/><T88/><D32/><U7/><E68/><V124/><F73/><W76/><G103/><T58/><D104/><U116/><E116/><V34/><F124/><W29/><G29/><T74/><D126/><U77/><E97/><V89/><F105/><W52/><G36/><T133/><D133/><U38/><E38/><V70/><F100/><W125/><G55/><T109/><D24/><U10/><REACH who="1" step="1"/><E51/><REACH who="1" ten="310,187,153,340" step="2"/><V1/><F70/><W42/><G125/><T80/><D99/><U85/><E85/><V122/><F122/><W2/><G72/><T28/><D111/><U23/><E23/><V101/><F101/><W96/><G96/><T56/><D109/><U113/><E113/><V98/><F98/><W95/><G42/><T21/><D107/><U44/><E44/><V3/><F45/><N who="3" m="27727" /><G19/><T127/><D127/><U114/><E114/><V112/><F112/><W40/><G40/><T27/><D48/><U43/><E43/><V110/><F110/><W5/><G5/><T54/><D21/><U75/><E75/><V33/><REACH who="2" step="1"/><F16/><REACH who="2" ten="310,187,143,340" step="2"/><W59/><G59/><T102/><D58/><U46/><E46/><V120/><F120/><W128/><AGARI ba="0,2" hai="2,4,8,76,79,84,90,95,128,129,131" m="27727" machi="128" ten="30,4000,0" yaku="19,1,52,1,54,1" doraHai="41" who="3" fromWho="3" sc="310,-10,187,-20,143,-10,340,60" /><INIT seed="6,0,0,2,2,34" ten="300,167,133,400" oya="2" hai0="103,92,84,64,133,20,30,81,109,16,59,65,6" hai1="73,62,4,51,60,5,115,38,71,53,31,72,55" hai2="119,99,12,25,89,2,17,108,46,76,126,44,132" hai3="125,104,43,129,86,120,127,3,91,58,56,77,87"/><V15/><F108/><W35/><G35/><T118/><D133/><U75/><E38/><V79/><F119/><W112/><G120/><T37/><D37/><U98/><E115/><V24/><F2/><W90/><G43/><T95/><D6/><U121/><E121/><V101/><F132/><W134/><G134/><T88/><D109/><U19/><E31/><V50/><F126/><N who="3" m="48139" /><G104/><T0/><D0/><U85/><E98/><V28/><F89/><N who="3" m="33803" /><G77/><T105/><D30/><U9/><E85/><N who="3" m="32266" /><G3/><T7/><D118/><U128/><E75/><V27/><F28/><W67/><G67/><T1/><D1/><U42/><E42/><V70/><F70/><W10/><G10/><T29/><D105/><U13/><E72/><V8/><F12/><W80/><G80/><T96/><D81/><U135/><E73/><V52/><REACH who="2" step="1"/><F44/><REACH who="2" ten="300,167,123,400" step="2"/><W40/><G40/><T116/><D116/><U82/><E135/><V93/><AGARI ba="0,1" hai="8,15,17,24,25,27,46,50,52,76,79,93,99,101" machi="93" ten="30,12000,1" yaku="1,1,2,1,0,1,8,1,54,1,53,0" doraHai="34" doraHaiUra="39" who="2" fromWho="2" sc="300,-40,167,-40,123,130,400,-40" /><INIT seed="6,1,0,2,3,95" ten="260,127,253,360" oya="2" hai0="7,135,37,99,92,50,81,19,119,14,134,71,54" hai1="55,59,96,108,64,109,121,23,65,10,12,82,33" hai2="85,128,80,107,42,41,0,94,133,79,16,77,30" hai3="21,111,34,88,86,20,78,130,69,124,11,102,40"/><V115/><F0/><W15/><G111/><T73/><D71/><U63/><E121/><V58/><F107/><W35/><G69/><T98/><D37/><U91/><E109/><V106/><F106/><W24/><G40/><T66/><D66/><U120/><E120/><V36/><F115/><W2/><G78/><T101/><D7/><U8/><E108/><V89/><F30/><W60/><G60/><T70/><D70/><U18/><E33/><V103/><F133/><N who="0" m="50698" /><D73/><U125/><E125/><V117/><F117/><W74/><G74/><T68/><D68/><U56/><E65/><V48/><F128/><W76/><G130/><T93/><D81/><U9/><E82/><V116/><F116/><W1/><G76/><N who="2" m="29257" /><F36/><W25/><G102/><N who="0" m="60743" /><D119/><U17/><E17/><V31/><F31/><N who="3" m="17799" /><G86/><T97/><D93/><U13/><E13/><V6/><F6/><N who="3" m="3575" /><G88/><T110/><D101/><U57/><REACH who="1" step="1"/><E64/><REACH who="1" ten="260,117,253,360" step="2"/><V29/><F29/><N who="3" m="17583" /><G124/><T75/><D75/><U61/><E61/><V132/><F132/><W45/><G45/><N who="0" m="27983" /><D110/><U87/><E87/><V28/><F80/><W104/><G104/><T131/><D131/><U83/><E83/><V4/><F85/><W123/><G123/><T114/><D114/><U127/><E127/><V67/><F67/><W44/><G44/><T46/><D46/><U122/><E122/><V100/><F94/><AGARI ba="1,1" hai="8,9,10,12,18,23,55,56,57,59,63,91,94,96" machi="94" ten="40,8000,1" yaku="1,1,8,1,52,1,53,1" doraHai="95" doraHaiUra="51" who="1" fromWho="2" sc="260,0,117,93,253,-83,360,0" /><INIT seed="7,0,0,3,4,76" ten="260,210,170,360" oya="3" hai0="48,54,133,92,29,134,68,100,112,130,126,24,89" hai1="106,72,43,55,15,118,81,30,59,83,16,26,120" hai2="123,3,12,11,31,132,34,53,135,65,7,102,115" hai3="73,85,42,69,61,70,33,128,45,14,110,23,18"/><W98/><G33/><T49/><D68/><U125/><E120/><V9/><F65/><W101/><G73/><T5/><D5/><U80/><E106/><V36/><F36/><W21/><G110/><T71/><D71/><U10/><E118/><V35/><F102/><W121/><G121/><T82/><D126/><U0/><E125/><V39/><F39/><W124/><G124/><T91/><D130/><U67/><E0/><V47/><F123/><W87/><G128/><T58/><D112/><U77/><E43/><V109/><F47/><W114/><G114/><T108/><D108/><U116/><E67/><V131/><F53/><W84/><G61/><T56/><D100/><U28/><E116/><V13/><F115/><W79/><G23/><T50/><D91/><U63/><E28/><V20/><F109/><W37/><REACH who="3" step="1"/><G79/><REACH who="3" ten="260,210,170,350" step="2"/><T104/><D134/><N who="2" m="51242" /><F131/><W6/><G6/><T40/><D133/><U117/><E117/><V44/><F44/><W111/><G111/><T25/><D40/><U1/><E1/><V57/><F57/><W107/><AGARI ba="0,1" hai="14,18,21,37,42,45,69,70,84,85,87,98,101,107" machi="107" ten="30,6000,0" yaku="1,1,0,1,53,1" doraHai="76" doraHaiUra="93" who="3" fromWho="3" sc="260,-20,210,-20,170,-20,350,70" owari="240,4.0,190,-21.0,150,-35.0,420,52.0" /></mjloggm>