<mjloggm ver="2.3"><GO type="41" lobby="0"/><UN n0="%E3%83%95%E3%82%A3%E3%83%87" n1="%E5%B0%B1%E6%B4%BB%E7%94%9F%40%E5%B7%9D%E6%9D%91%E8%BB%8D%E5%9B%A3" n2="%6F%68%61%62" n3="%67%61%6E%79%61%73%6E" dan="14,17,13,13" rate="1947.40,2139.67,1919.99,2042.25" sx="M,M,M,M"/><TAIKYOKU oya="0"/><INIT seed="0,0,0,5,0,13" ten="250,250,250,250" oya="0" hai0="91,100,24,88,45,95,75,8,116,34,65,54,103" hai1="53,39,128,105,113,17,101,70,106,66,127,114,12" hai2="110,16,58,86,4,0,37,48,87,2,61,107,96" hai3="38,134,26,125,41,117,74,59,104,111,119,133,21"/><T120/><D75/><U83/><E39/><V27/><F37/><W129/><G104/><T82/><D120/><U72/><E127/><V68/><F68/><W10/><G74/><T11/><D65/><U93/><E128/><V50/><F110/><W135/><G38/><T118/><D34/><U85/><E72/><V130/><F130/><W89/><G129/><T112/><D112/><N who="1" m="43115" /><E70/><V55/><F107/><W56/><G41/><T25/><D45/><U123/><E66/><V33/><F33/><W7/><G89/><T52/><REACH who="0" step="1"/><D95/><REACH who="0" ten="240,250,250,250" step="2"/><U35/><E35/><V23/><F2/><N who="3" m="375" /><G125/><T64/><D64/><U99/><E123/><V132/><F132/><W9/><G59/><T3/><D3/><U108/><E108/><V79/><F0/><W28/><G56/><T46/><D46/><U90/><E53/><V121/><F121/><W29/><G111/><T78/><D78/><U6/><E6/><V102/><F79/><W60/><G60/><T5/><D5/><U49/><E105/><V92/><REACH who="2" step="1"/><F4/><REACH who="2" ten="240,250,240,250" step="2"/><W98/><G119/><T126/><D126/><U57/><E106/><V115/><F115/><W62/><G117/><T36/><D36/><U131/><E131/><V31/><F31/><N who="3" m="17871" /><G62/><T67/><D67/><U51/><E49/><AGARI ba="0,2" hai="16,23,27,48,49,50,55,58,61,86,87,92,96,102" machi="49" ten="40,8000,1" yaku="1,1,8,1,52,1,54,1,53,0" doraHai="13" doraHaiUra="40" who="2" fromWho="1" sc="240,0,250,-80,240,100,250,0" /><INIT seed="1,0,0,2,4,9" ten="240,170,340,250" oya="1" hai0="119,50,5,58,102,3,8,60,106,114,108,53,118" hai1="44,120,92,57,42,87,40,36,12,80,75,96,123" hai2="32,46,38,33,132,61,121,116,95,90,18,122,23" hai3="55,107,49,63,19,89,64,97,78,129,47,127,72"/><U10/><E75/><V26/><F116/><W31/><G31/><T43/><D114/><U67/><E42/><V115/><F115/><W28/><G129/><T79/><D108/><U4/><E67/><V76/><F76/><W98/><G28/><T71/><D79/><U39/><E39/><V17/><F132/><W73/><G127/><T0/><D106/><U13/><E57/><V65/><F121/><W7/><G7/><T41/><D102/><U124/><E124/><V111/><F111/><W99/><G107/><T109/><D109/><U25/><E25/><V30/><F122/><W94/><G19/><T130/><D130/><U70/><E70/><V105/><F105/><W27/><G27/><T74/><D74/><U88/><REACH who="1" step="1"/><E12/><REACH who="1" ten="240,160,340,250" step="2"/><V85/><F38/><W1/><G73/><T59/><D71/><U125/><E125/><V35/><REACH who="2" step="1"/><F46/><REACH who="2" ten="240,160,330,250" step="2"/><W14/><G72/><T11/><D119/><U6/><E6/><V112/><F112/><W104/><G104/><T131/><D118/><U84/><E84/><V91/><F91/><AGARI ba="0,2" hai="4,10,13,36,40,44,80,87,88,91,92,96,120,123" machi="91" ten="30,11600,0" yaku="1,1,7,1,52,1,54,1,53,0" doraHai="9" doraHaiUra="56" who="1" fromWho="2" sc="240,0,160,136,330,-116,250,0" /><INIT seed="1,1,0,4,3,51" ten="240,296,214,250" oya="1" hai0="7,5,79,114,42,47,93,56,64,81,61,76,8" hai1="95,116,113,126,103,53,44,75,45,36,20,133,34" hai2="25,131,82,21,97,98,30,58,52,86,135,38,49" hai3="4,41,106,134,22,119,60,48,19,28,43,80,70"/><U94/><E34/><V110/><F38/><W100/><G134/><T65/><D93/><U50/><E75/><V62/><F135/><W55/><G100/><T84/><D79/><U85/><E133/><V71/><F131/><W130/><G106/><T17/><D114/><U12/><E116/><V107/><F107/><W66/><G4/><T69/><D69/><U16/><E113/><V18/><F110/><W88/><G130/><T123/><D123/><U1/><E1/><V109/><F109/><W13/><G28/><T117/><D117/><U122/><E122/><V6/><F6/><W14/><G119/><T127/><D127/><U118/><E118/><V40/><F71/><W74/><G13/><T111/><D111/><U3/><E3/><V92/><F92/><W73/><G74/><T2/><D17/><U77/><E126/><V57/><F40/><W11/><G22/><T15/><D5/><U26/><E26/><V125/><F125/><W115/><G115/><T90/><D2/><U37/><E103/><V128/><F128/><W9/><G9/><T54/><D90/><U99/><E99/><V124/><F124/><W72/><G72/><T104/><D104/><U27/><E27/><V67/><F30/><W39/><G39/><AGARI ba="1,0" hai="7,8,15,39,42,47,54,56,61,64,65,76,81,84" machi="39" ten="30,2000,0" yaku="7,1,52,1" doraHai="51" who="0" fromWho="3" sc="240,23,296,0,214,0,250,-23" /><INIT seed="2,0,0,3,2,55" ten="263,296,214,227" oya="2" hai0="84,23,32,127,39,96,24,129,83,92,56,72,117" hai1="94,61,44,15,25,91,121,58,30,74,22,37,34" hai2="111,123,112,66,31,13,97,0,51,36,38,60,90" hai3="41,68,116,73,62,105,110,89,79,26,2,115,80"/><V64/><F0/><W71/><G116/><T12/><D32/><U10/><E74/><V99/><F123/><W107/><G2/><T113/><D39/><U14/><E121/><V130/><F112/><W53/><G110/><T103/><D72/><U20/><E37/><V57/><F130/><W122/><G41/><T65/><D113/><U19/><E44/><V5/><F111/><W131/><G131/><T18/><D129/><U54/><REACH who="1" step="1"/><E14/><REACH who="1" ten="263,286,214,227" step="2"/><V82/><F36/><W21/><G122/><T69/><D117/><U125/><E125/><V67/><F38/><W40/><G115/><T7/><D127/><U87/><AGARI ba="0,1" hai="10,15,19,20,22,25,30,34,54,58,61,87,91,94" machi="87" ten="20,8000,1" yaku="1,1,0,1,7,1,52,1,53,1" doraHai="55" doraHaiUra="11" who="1" fromWho="1" sc="263,-20,286,90,214,-40,227,-20" /><INIT seed="3,0,0,0,5,70" ten="243,376,174,207" oya="3" hai0="63,66,104,34,96,31,109,53,43,30,19,54,133" hai1="94,46,113,75,134,84,40,28,60,9,21,88,2" hai2="12,90,128,57,62,80,23,24,77,122,126,16,132" hai3="117,102,135,91,82,68,115,99,95,106,108,0,64"/><W74/><G0/><T7/><D7/><U69/><E113/><V123/><F132/><W4/><G117/><T83/><D83/><U65/><E134/><V121/><F128/><W22/><G135/><T8/><D104/><U61/><E75/><V100/><F126/><W111/><G115/><T37/><D96/><U131/><E131/><V42/><F42/><W73/><G4/><T32/><D8/><U98/><E61/><V55/><F100/><W36/><G36/><T20/><D133/><U18/><E28/><V86/><F24/><W110/><G22/><T103/><D103/><U38/><E9/><V125/><F125/><W10/><G10/><T58/><D34/><U33/><E33/><V49/><F62/><W85/><G64/><T112/><D112/><U72/><E72/><N who="3" m="27754" /><G68/><T116/><D116/><U1/><E98/><V127/><F127/><W15/><G15/><AGARI ba="0,0" hai="1,2,15,18,21,38,40,46,60,65,69,84,88,94" machi="15" ten="30,3900,0" yaku="7,1,52,1,54,1" doraHai="70" who="1" fromWho="3" sc="243,0,376,39,174,0,207,-39" /><INIT seed="4,0,0,3,4,36" ten="243,415,174,168" oya="0" hai0="88,43,19,42,57,12,52,56,133,76,73,20,23" hai1="116,29,119,86,131,11,37,105,5,129,9,91,10" hai2="26,55,78,13,0,40,132,25,87,39,77,124,60" hai3="103,92,74,46,31,107,1,117,111,109,68,21,130"/><T58/><D73/><U93/><E105/><V44/><F0/><W90/><G92/><T33/><D33/><U64/><E37/><V75/><F132/><W16/><G90/><T135/><D76/><U70/><E29/><V51/><F124/><W35/><G103/><T112/><D112/><U80/><E5/><V34/><F34/><W28/><G46/><T69/><D69/><U72/><E64/><V95/><F75/><W67/><G16/><N who="0" m="10247" /><D135/><U47/><E47/><V100/><F39/><W14/><G21/><T85/><D133/><U118/><E70/><V114/><F114/><W4/><G14/><N who="0" m="9719" /><D52/><U101/><E101/><V27/><F13/><W59/><G4/><T22/><D22/><U50/><E50/><V7/><F7/><W128/><G28/><T94/><AGARI ba="0,0" hai="42,43,56,57,58,85,88,94" m="9719,10247" machi="94" ten="30,12000,1" yaku="8,1,52,2,54,2" doraHai="36" who="0" fromWho="0" sc="243,120,415,-40,174,-40,168,-40" /><INIT seed="4,1,0,5,1,48" ten="363,375,134,128" oya="0" hai0="3,69,119,63,9,112,67,10,40,46,18,104,78" hai1="80,128,12,70,127,66,124,56,122,97,27,0,43" hai2="37,79,88,89,16,52,65,117,41,92,132,116,51" hai3="13,24,87,53,121,91,5,7,133,72,81,47,55"/><T125/><D119/><N who="2" m="45642" /><F79/><W60/><G72/><T58/><D104/><U115/><E0/><V59/><F132/><W75/><G75/><T90/><D112/><U1/><E1/><V77/><F77/><W39/><G133/><T102/><D102/><U38/><E122/><V73/><F73/><W113/><G121/><T2/><D69/><U19/><E70/><V42/><F89/><W98/><G39/><T26/><D78/><U33/><E115/><V86/><F37/><W15/><G113/><T44/><D3/><U31/><E128/><V23/><F65/><W35/><G35/><T25/><D2/><U29/><E29/><V45/><F45/><N who="0" m="17514" /><D40/><U4/><E4/><N who="3" m="1610" /><G47/><T120/><D120/><U21/><E43/><V61/><F61/><W118/><G118/><T49/><D49/><U110/><E38/><V50/><F50/><W64/><G64/><T106/><D106/><U34/><E34/><V130/><F130/><W22/><G60/><T28/><D28/><U107/><E66/><V103/><F103/><W94/><G94/><T74/><D74/><U135/><E107/><V62/><F62/><W101/><G101/><T100/><D100/><U96/><E135/><V109/><F109/><W30/><G98/><T68/><D68/><U36/><E97/><V114/><F114/><W82/><G81/><T6/><D90/><U57/><E96/><V84/><F84/><W54/><AGARI ba="1,0" hai="13,15,22,24,30,53,54,55,82,87,91" m="1610" machi="54" ten="30,7900,0" yaku="8,1,52,3" doraHai="48" who="3" fromWho="3" sc="363,-40,375,-21,134,-21,128,82" /><INIT seed="5,0,0,1,2,11" ten="323,354,113,210" oya="1" hai0="85,56,28,120,114,93,134,126,82,52,135,50,26" hai1="101,84,70,53,91,99,87,31,22,131,92,94,115" hai2="127,104,63,100,95,54,48,130,18,13,1,111,71" hai3="21,72,9,117,98,0,19,32,62,66,20,34,17"/><U106/><E70/><V40/><F1/><W25/><G72/><T57/><D93/><N who="1" m="54503" /><E31/><V105/><F111/><W23/><G117/><T74/><D74/><U38/><E38/><V88/><F130/><W113/><G98/><T30/><D120/><U59/><E22/><N who="3" m="8810" /><G66/><T8/><D114/><U6/><E6/><V39/><F127/><W27/><G62/><T43/><D43/><U16/><E16/><N who="3" m="6218" /><G113/><T102/><D102/><U15/><E131/><V58/><F100/><W123/><N who="3" m="8818" /><W75/><DORA hai="35" /><G75/><T61/><D26/><N who="3" m="9737" /><G123/><T128/><D128/><U51/><E115/><V42/><F39/><W76/><G76/><T124/><D57/><U125/><E125/><N who="0" m="48233" /><D61/><U77/><E106/><V14/><F71/><W67/><G67/><T78/><D8/><U80/><E92/><V108/><F108/><W121/><G121/><T5/><D5/><AGARI ba="0,0" hai="0,5,9,32,34" m="9737,6218,8818" machi="5" ten="40,12000,2" yaku="35,5,52,1,54,1" doraHai="11,35" who="3" fromWho="0" sc="323,-120,354,0,113,0,210,120" /><INIT seed="6,0,0,1,3,46" ten="203,354,113,330" oya="2" hai0="64,52,110,120,68,101,40,54,125,10,129,113,16" hai1="103,108,98,53,85,106,118,89,76,56,61,100,130" hai2="96,44,65,131,79,86,13,90,111,9,2,74,7" hai3="39,83,36,49,72,59,15,25,121,42,32,124,115"/><V43/><F111/><W18/><G121/><T109/><D120/><U4/><E130/><V107/><F131/><W135/><G135/><T123/><D129/><U55/><E108/><V17/><F107/><W14/><G124/><T51/><D123/><U47/><E118/><V30/><F96/><W38/><G32/><T105/><D125/><U5/><E103/><V24/><F65/><W78/><G25/><T122/><D122/><U70/><E76/><V69/><F69/><W34/><G34/><T94/><D113/><U126/><E70/><V112/><F112/><W48/><G59/><T60/><D105/><U26/><E26/><V8/><F79/><W63/><G63/><T119/><D119/><U22/><E22/><V82/><F74/><W134/><G134/><T50/><D94/><U104/><E104/><V132/><F132/><W71/><G71/><T31/><D101/><U80/><E126/><V77/><F90/><W93/><G93/><T62/><D31/><U102/><E102/><V127/><F127/><W19/><G42/><T37/><D16/><U20/><E20/><V66/><F66/><W114/><G115/><T57/><D10/><U45/><E45/><V73/><F73/><W1/><G1/><T84/><D84/><U133/><E133/><V21/><F2/><W117/><G117/><T29/><D29/><U67/><E67/><V92/><F92/><W87/><G72/><T81/><D81/><U97/><E97/><V28/><F9/><W0/><G0/><T128/><D128/><U23/><E23/><V11/><F8/><N who="3" m="6471" /><G114/><T3/><D110/><RYUUKYOKU ba="0,0" sc="203,-30,354,10,113,10,330,10" hai1="4,5,47,53,55,56,61,80,85,89,98,100,106" hai2="7,11,13,17,21,24,28,30,43,44,77,82,86" hai3="15,19,36,38,39,48,49,78,83,87" /><INIT seed="6,1,0,2,5,97" ten="173,364,123,340" oya="2" hai0="66,17,71,125,117,84,82,38,101,27,35,107,79" hai1="68,23,16,63,50,2,18,104,102,69,118,4,65" hai2="80,10,115,99,0,9,87,91,75,49,96,29,20" hai3="31,76,113,120,126,103,110,133,123,59,54,105,90"/><V24/><F115/><W33/><G110/><T98/><D125/><U57/><E118/><V86/><F0/><W89/><G31/><T42/><D17/><U114/><E114/><V61/><F75/><W116/><G33/><T78/><D117/><U47/><E2/><V34/><F34/><W37/><G37/><T94/><D94/><U122/><E4/><V25/><F25/><W13/><G116/><T36/><D42/><U62/><E122/><V74/><F74/><W39/><G39/><T67/><D67/><U109/><E109/><V81/><F99/><W43/><G43/><T30/><D79/><U92/><E104/><V41/><F61/><AGARI ba="1,0" hai="27,30,35,36,38,61,66,71,78,82,84,98,101,107" machi="61" ten="40,5200,0" yaku="25,2,52,1" doraHai="97" who="0" fromWho="2" sc="173,55,364,0,123,-55,340,0" /><INIT seed="7,0,0,0,5,71" ten="228,364,68,340" oya="3" hai0="0,102,75,89,55,108,88,24,110,120,18,34,8" hai1="17,60,81,97,39,86,58,96,119,1,99,83,111" hai2="62,40,28,44,48,54,7,84,5,33,11,79,43" hai3="22,93,87,74,23,30,95,117,19,78,123,25,109"/><W41/><G123/><T36/><D120/><U134/><E39/><V67/><F33/><W135/><G117/><T16/><D75/><U64/><E1/><V29/><F5/><W6/><G135/><T112/><D102/><U107/><E134/><V47/><F29/><W12/><G74/><T114/><D55/><U122/><E111/><N who="0" m="42537" /><D36/><U124/><E124/><V35/><F35/><W77/><G109/><T92/><D89/><U66/><E107/><V68/><F54/><W103/><G6/><N who="0" m="1095" /><D88/><N who="1" m="51279" /><E119/><V133/><F133/><W49/><G103/><T2/><D92/><N who="3" m="35401" /><G87/><T4/><D4/><U27/><E83/><V100/><F100/><W115/><G115/><N who="0" m="44075" /><D2/><U15/><E122/><V104/><F104/><W85/><G85/><T61/><D61/><U65/><E27/><V57/><F68/><W37/><G37/><T82/><D82/><U46/><E46/><AGARI ba="0,0" hai="12,19,22,23,25,30,41,46,49,77,78" m="35401" machi="46" ten="30,1500,0" yaku="8,1" doraHai="71" who="3" fromWho="1" sc="228,0,364,-15,68,0,340,15" owari="228,-17.0,349,15.0,68,-43.0,355,45.0" /></mjloggm>