<mjloggm ver="2.3"><GO type="169" lobby="0"/><UN n0="%E5%B0%B1%E6%B4%BB%E7%94%9F%40%E5%B7%9D%E6%9D%91%E8%BB%8D%E5%9B%A3" n1="%E3%81%82%E3%82%89%E3%81%9F%E3%81%9D" n2="%E3%81%8B%E3%82%89%E3%83%BC%E3%81%9C" n3="%E3%81%84%E3%81%AC%E3%81%98%E3%82%83%E3%82%89%EF%BC%94" dan="16,16,17,18" rate="2128.61,2034.40,2134.17,2288.81" sx="M,F,M,M"/><TAIKYOKU oya="0"/><INIT seed="0,0,0,1,2,67" ten="250,250,250,250" oya="0" hai0="39,37,19,3,32,113,88,100,61,74,87,22,133" hai1="68,46,95,65,44,69,85,9,17,43,31,16,84" hai2="64,8,49,115,76,58,25,55,26,72,1,111,135" hai3="98,86,62,117,118,121,29,130,78,70,77,36,28"/><T127/><D74/><U50/><E31/><V101/><F111/><W18/><G36/><T45/><D32/><U63/><E69/><V0/><F115/><W128/><G121/><T13/><D3/><U53/><E9/><V48/><F101/><W96/><G18/><T102/><D113/><U107/><E107/><V97/><F97/><N who="3" m="37483" /><G62/><T57/><D127/><U124/><E124/><V27/><F64/><W20/><G20/><T122/><D122/><U90/><REACH who="1" step="1"/><E85/><REACH who="1" ten="250,240,250,250" step="2"/><V60/><F8/><W114/><G86/><T80/><D133/><U108/><E108/><V99/><F135/><W7/><G70/><T66/><REACH who="0" step="1"/><D45/><REACH who="0" ten="240,240,250,250" step="2"/><U75/><E75/><V40/><F72/><W71/><G114/><T110/><D110/><U93/><E93/><V120/><F120/><W21/><G117/><T41/><D41/><U2/><E2/><V59/><F40/><W92/><G118/><T5/><D5/><U79/><E79/><V30/><F76/><W125/><G92/><T106/><D106/><U112/><E112/><V103/><F0/><W47/><G7/><T123/><D123/><U15/><E15/><V91/><F1/><W10/><G78/><T126/><D126/><U33/><E33/><V42/><F42/><W11/><G77/><T94/><D94/><U24/><E24/><V35/><F25/><W23/><G47/><T116/><D116/><U4/><E4/><V119/><F26/><W52/><G125/><T89/><D89/><U82/><E82/><V131/><F119/><W83/><G83/><T54/><D54/><U73/><E73/><V12/><F55/><RYUUKYOKU ba="0,2" sc="240,15,240,15,250,-15,250,-15" hai0="13,19,22,37,39,57,61,66,80,87,88,100,102" hai1="16,17,43,44,46,50,53,63,65,68,84,90,95" /><INIT seed="0,1,2,3,5,17" ten="255,255,235,235" oya="0" hai0="60,83,54,94,48,66,7,47,86,108,74,68,6" hai1="1,56,79,50,18,87,53,62,65,20,37,96,114" hai2="11,73,33,112,25,52,88,117,105,43,45,129,40" hai3="121,32,27,51,63,36,39,118,41,100,21,80,93"/><T57/><D74/><U70/><E114/><V59/><F112/><W23/><G32/><T19/><D108/><U90/><E1/><V24/><F105/><W8/><G118/><T128/><D128/><U123/><E37/><V67/><F73/><W81/><G121/><T10/><D94/><U30/><E123/><V9/><F129/><W78/><G39/><T122/><D122/><U38/><E38/><V71/><F71/><W103/><G36/><T0/><D68/><U12/><E30/><V111/><F111/><W49/><G27/><N who="2" m="10313" /><F33/><W3/><G3/><T64/><D64/><U55/><E55/><V44/><F67/><W109/><G109/><T42/><D42/><N who="2" m="15914" /><F117/><W61/><G8/><N who="2" m="3145" /><F88/><W116/><G116/><T124/><D124/><U135/><E79/><V91/><F91/><W75/><G41/><T131/><D131/><U110/><E110/><V72/><F72/><W107/><G75/><T126/><D126/><U69/><E96/><V15/><F15/><W133/><G93/><T34/><D34/><U84/><E69/><V46/><F59/><W58/><G58/><T89/><D0/><U106/><E106/><V77/><F77/><W92/><G92/><T22/><D10/><U99/><E99/><V26/><N who="2" m="10321" /><AGARI ba="1,2" hai="6,7,19,22,26,47,48,54,57,60,66,83,86,89" machi="26" ten="30,11600,0" yaku="3,1,7,1,8,1,52,1" doraHai="17" who="0" fromWho="2" sc="255,139,255,0,235,-119,235,0" /><INIT seed="0,2,0,4,2,99" ten="394,255,116,235" oya="0" hai0="68,95,69,30,121,23,80,50,111,75,64,92,53" hai1="105,52,83,87,79,67,56,78,108,73,97,5,132" hai2="122,123,133,3,62,34,32,114,91,22,116,109,65" hai3="12,54,42,9,36,96,16,86,58,2,29,104,74"/><T17/><D121/><U66/><E108/><V120/><F114/><W26/><G74/><T11/><D111/><U125/><E125/><V135/><F109/><W51/><G2/><T107/><D107/><U20/><E132/><N who="2" m="50763" /><F3/><W81/><G36/><T44/><D30/><U93/><E5/><V7/><F7/><W88/><G42/><T124/><D124/><U94/><E105/><V101/><F116/><W27/><REACH who="3" step="1"/><G29/><REACH who="3" ten="394,255,116,225" step="2"/><T110/><D110/><U41/><E41/><V118/><F118/><W18/><G18/><T61/><D75/><U10/><E73/><V70/><F122/><W126/><G126/><T8/><D69/><U24/><E78/><V119/><F119/><W130/><G130/><T98/><D80/><U15/><E79/><V0/><F0/><W76/><G76/><T84/><D92/><U39/><E83/><V115/><F115/><W82/><G82/><T33/><D33/><U35/><E39/><V71/><F71/><W49/><G49/><T19/><D19/><U45/><E35/><V90/><F34/><W37/><G37/><T4/><D4/><U40/><E94/><V128/><F32/><W25/><G25/><T85/><D85/><U117/><E24/><V103/><F128/><W100/><AGARI ba="2,1" hai="9,12,16,26,27,51,54,58,81,86,88,96,100,104" machi="100" ten="30,8000,1" yaku="1,1,0,1,52,1,54,2,53,0" doraHai="99" doraHaiUra="129" who="3" fromWho="3" sc="394,-42,255,-22,116,-22,225,96" /><INIT seed="1,0,0,2,3,65" ten="352,233,94,321" oya="1" hai0="36,129,71,8,131,18,6,125,21,89,29,13,50" hai1="45,135,92,91,87,74,34,113,90,23,77,116,43" hai2="41,130,104,95,68,12,103,84,126,132,14,32,54" hai3="100,22,83,35,7,134,30,25,9,2,19,111,61"/><U119/><E113/><V39/><F54/><W40/><G111/><T24/><D36/><U81/><E34/><V10/><F95/><W42/><G134/><T88/><D125/><U52/><E135/><V115/><F84/><W94/><G83/><T105/><D105/><U73/><E73/><V80/><F80/><W102/><G61/><T11/><D71/><U96/><E23/><V0/><F103/><W46/><G94/><T70/><D70/><U72/><E72/><V4/><F41/><W117/><G117/><T59/><D59/><U99/><E52/><V1/><F14/><N who="3" m="9591" /><G42/><T17/><D50/><AGARI ba="0,0" hai="2,7,9,25,30,35,40,46,50,100,102" m="9591" machi="50" ten="30,1000,0" yaku="24,1" doraHai="65" who="3" fromWho="0" sc="352,-10,233,0,94,0,321,10" /><INIT seed="2,0,0,4,2,89" ten="342,233,94,331" oya="2" hai0="85,7,108,93,69,96,115,38,87,57,100,121,101" hai1="130,126,124,90,50,131,78,36,64,73,63,16,30" hai2="91,20,77,29,15,44,86,132,114,1,105,21,51" hai3="67,68,47,56,14,60,10,94,0,17,19,120,35"/><V40/><F132/><W65/><G35/><T2/><D69/><U104/><E36/><V3/><F114/><W5/><G120/><T11/><D38/><U83/><E30/><V6/><F105/><W18/><G47/><T37/><D37/><U58/><E104/><V123/><F123/><W133/><G133/><T34/><D121/><U27/><E50/><V42/><F42/><W61/><REACH who="3" step="1"/><G94/><REACH who="3" ten="342,233,94,321" step="2"/><T48/><D34/><U79/><E79/><V55/><F77/><W53/><G53/><T102/><D115/><U9/><E78/><V26/><F40/><W127/><G127/><T49/><D108/><U43/><E126/><V33/><F33/><W22/><AGARI ba="0,1" hai="0,5,10,14,17,18,19,22,56,60,61,65,67,68" machi="22" ten="20,2700,0" yaku="1,1,0,1,7,1,53,0" doraHai="89" doraHaiUra="46" who="3" fromWho="3" sc="342,-7,233,-7,94,-13,321,37" /><INIT seed="3,0,0,5,5,49" ten="335,226,81,358" oya="3" hai0="46,69,108,91,4,104,44,102,51,88,115,74,25" hai1="32,112,121,16,31,3,61,110,78,10,117,99,98" hai2="34,90,7,2,129,14,17,73,128,113,126,64,101" hai3="15,120,21,114,63,40,131,48,118,130,124,109,45"/><W52/><G118/><T107/><D69/><U36/><E121/><V27/><F73/><W12/><G120/><T122/><D74/><U116/><E112/><V100/><F113/><W71/><G114/><T75/><D75/><U68/><E36/><V62/><F126/><W92/><G124/><T23/><D122/><U19/><E110/><V97/><F90/><W55/><G109/><T85/><D108/><U28/><E78/><V134/><F134/><W58/><G71/><T33/><D33/><U76/><E76/><V5/><F2/><W84/><G40/><T26/><D4/><N who="1" m="1311" /><E68/><N who="2" m="42007" /><F5/><W133/><G133/><T103/><D51/><U42/><E99/><V111/><F7/><W94/><G21/><T77/><D77/><U123/><E98/><V127/><F127/><W83/><G12/><T38/><D23/><U43/><E123/><V11/><F111/><W18/><G18/><N who="1" m="6698" /><E61/><V81/><F81/><W125/><G15/><T24/><D85/><U47/><E32/><V105/><F101/><N who="0" m="38410" /><D38/><N who="1" m="21975" /><E43/><V89/><F89/><N who="0" m="34378" /><D115/><U106/><E106/><AGARI ba="0,0" hai="24,25,26,44,46,104,106,107" m="34378,38410" machi="106" ten="40,5200,0" yaku="28,2,54,1" doraHai="49" who="0" fromWho="1" sc="335,52,226,-52,81,0,358,0" /><INIT seed="4,0,0,1,5,33" ten="387,174,81,358" oya="0" hai0="100,41,96,115,54,89,27,1,51,124,46,135,117" hai1="72,134,111,106,40,129,21,57,99,85,82,125,93" hai2="50,53,30,78,0,15,14,8,107,18,38,29,88" hai3="90,112,37,13,35,77,24,131,126,26,92,120,19"/><T63/><D117/><U113/><E40/><V70/><F70/><W22/><G37/><T55/><D115/><U121/><E21/><V52/><F107/><W4/><G112/><T101/><D124/><U119/><E57/><V130/><F130/><W34/><G77/><T36/><D135/><U6/><E6/><V103/><F38/><W10/><G126/><T58/><D1/><U20/><E20/><N who="2" m="11351" /><F103/><W59/><G131/><T114/><D114/><U56/><E56/><N who="2" m="32791" /><F0/><W5/><G59/><T102/><D27/><N who="3" m="10281" /><G92/><T95/><REACH who="0" step="1"/><D36/><REACH who="0" ten="377,174,81,358" step="2"/><U75/><E113/><V110/><F110/><W2/><G120/><T17/><D17/><U48/><E125/><V122/><F122/><W31/><G31/><N who="2" m="11785" /><F78/><W3/><G90/><T91/><D91/><U132/><E111/><V69/><F69/><W79/><G79/><T76/><D76/><U42/><E121/><V116/><F116/><W9/><AGARI ba="0,1" hai="2,3,4,5,9,10,13,19,22,34,35" m="10281" machi="9" ten="30,12000,2" yaku="35,5,52,2" doraHai="33" who="3" fromWho="3" sc="377,-60,174,-30,81,-30,358,130" /><INIT seed="5,0,0,5,0,108" ten="317,144,51,488" oya="1" hai0="63,36,74,111,91,95,51,40,71,90,7,135,73" hai1="127,28,22,14,107,4,45,101,123,46,1,97,64" hai2="128,114,88,117,86,41,53,27,66,50,55,102,60" hai3="130,81,31,124,75,33,57,42,93,18,89,17,69"/><U30/><E123/><V10/><F117/><W43/><G69/><T2/><D111/><U72/><E72/><V134/><F134/><W85/><G124/><T83/><D135/><U104/><E104/><V70/><F128/><W48/><G130/><T23/><D36/><U13/><E127/><V125/><F125/><W116/><G33/><T119/><D2/><U6/><E1/><V87/><F102/><W21/><G31/><T24/><D7/><U11/><E64/><V20/><F10/><W38/><G38/><T44/><D119/><U9/><E22/><V65/><F65/><W115/><G115/><T94/><D83/><U133/><E133/><V29/><F114/><W118/><G17/><T49/><D71/><U96/><E107/><V92/><REACH who="2" step="1"/><F86/><REACH who="2" ten="317,144,41,488" step="2"/><W15/><G85/><T112/><D73/><U67/><E67/><V26/><F26/><W3/><G75/><T129/><D74/><U32/><E32/><V122/><F122/><W105/><G118/><T120/><D112/><U99/><E101/><V59/><F59/><W84/><G84/><T61/><D129/><U37/><E97/><V12/><F12/><W106/><G15/><T8/><D120/><U39/><AGARI ba="0,1" hai="4,6,9,11,13,14,28,30,37,39,45,46,96,99" machi="39" ten="25,4800,0" yaku="0,1,22,2" doraHai="108" who="1" fromWho="1" sc="317,-16,144,58,41,-16,488,-16" /><INIT seed="5,1,0,3,5,18" ten="301,202,25,472" oya="1" hai0="53,14,75,106,73,102,90,41,87,71,26,119,76" hai1="100,107,89,134,86,40,82,61,23,36,63,47,77" hai2="44,58,0,6,111,130,74,92,68,88,39,113,45" hai3="62,97,43,11,67,32,15,84,65,70,57,93,52"/><U28/><E134/><V116/><F111/><W109/><G109/><T118/><D71/><U114/><E114/><V27/><F116/><W8/><G32/><T4/><D41/><U49/><E36/><V99/><F68/><W135/><G135/><T123/><D123/><U101/><E77/><V3/><F113/><W98/><G43/><T105/><D26/><N who="1" m="16479" /><E107/><N who="0" m="40969" /><D53/><U81/><E81/><V34/><F130/><W69/><G69/><T24/><D24/><U72/><E72/><N who="0" m="27721" /><D14/><U38/><E38/><V20/><F74/><W110/><G8/><T35/><D4/><U13/><E13/><V121/><F121/><W12/><G12/><T95/><D35/><U64/><E64/><V80/><F34/><W33/><G33/><T94/><D76/><U128/><E128/><V133/><F133/><W120/><G120/><T1/><D1/><U129/><E129/><V124/><F124/><W5/><G110/><T54/><D54/><U127/><E127/><V78/><F58/><W83/><G70/><T51/><D51/><U108/><E108/><V85/><F39/><W30/><G67/><T117/><D102/><AGARI ba="1,0" hai="40,47,49,61,63,82,86,89,100,101,102" m="16479" machi="102" ten="30,2900,0" yaku="8,1,52,1" doraHai="18" who="1" fromWho="0" sc="301,-32,202,32,25,0,472,0" /><INIT seed="5,2,0,5,3,125" ten="269,234,25,472" oya="1" hai0="3,31,62,50,16,21,52,106,61,116,11,87,70" hai1="134,49,13,17,38,94,113,35,122,24,4,85,53" hai2="107,14,109,78,133,43,22,39,98,93,95,42,40" hai3="91,76,30,0,99,63,26,92,60,108,23,6,82"/><U34/><E122/><V110/><F133/><W88/><G108/><T117/><D106/><U65/><E134/><V18/><F107/><W103/><G0/><T41/><D41/><U56/><E113/><V129/><F39/><W75/><G6/><T111/><D111/><U114/><E114/><V121/><F121/><W97/><G91/><T120/><D120/><U46/><E4/><V59/><F129/><W80/><G80/><T19/><D31/><U89/><E24/><V68/><F68/><W29/><G29/><T100/><D100/><U124/><E124/><V7/><F78/><W126/><G126/><T33/><D33/><U10/><E38/><V96/><F7/><W131/><G131/><T102/><D102/><U105/><E105/><AGARI ba="2,0" hai="23,26,30,60,63,75,76,82,88,92,97,99,103,105" machi="105" ten="30,2000,0" yaku="7,1,54,1" doraHai="125" who="3" fromWho="1" sc="269,0,234,-26,25,0,472,26" /><INIT seed="6,0,0,0,1,90" ten="269,208,25,498" oya="2" hai0="82,65,0,109,12,99,104,36,39,83,23,26,25" hai1="56,131,7,49,94,63,128,92,73,116,15,134,78" hai2="6,37,48,58,18,106,13,61,85,69,79,135,126" hai3="76,41,70,87,88,86,96,34,5,55,40,95,10"/><V74/><F126/><W53/><G70/><T127/><D0/><U8/><E116/><V98/><F135/><W59/><G34/><T9/><D109/><U46/><E134/><V103/><F37/><W121/><G55/><T27/><D127/><U4/><E4/><V52/><F74/><W11/><G121/><T102/><D65/><U42/><E73/><V57/><F69/><W60/><G11/><T35/><D35/><U100/><E78/><V32/><F32/><W54/><G54/><T97/><D97/><U2/><E100/><V132/><F6/><W68/><G68/><T112/><D112/><U30/><E30/><V123/><F132/><W77/><G77/><T14/><D14/><U3/><E3/><V125/><F125/><W114/><G114/><T51/><D23/><U28/><E28/><V21/><F123/><W50/><G60/><T129/><D129/><N who="1" m="49739" /><E2/><V72/><F72/><W17/><G17/><T67/><D67/><AGARI ba="0,0" hai="7,8,15,42,46,49,56,63,67,92,94" m="49739" machi="67" ten="30,3900,0" yaku="19,1,52,2" doraHai="90" who="1" fromWho="0" sc="269,-39,208,39,25,0,498,0" /><INIT seed="7,0,0,0,0,64" ten="230,247,25,498" oya="3" hai0="25,31,37,45,85,113,55,100,62,17,69,101,67" hai1="38,50,72,73,40,9,12,104,108,4,88,39,8" hai2="84,91,13,30,132,115,46,14,120,129,0,112,92" hai3="127,71,123,70,10,32,86,97,53,124,75,5,125"/><W111/><G75/><T109/><D109/><U54/><E108/><V110/><F110/><W43/><G111/><T21/><D113/><N who="2" m="43594" /><F132/><W6/><G32/><T98/><D85/><U7/><E104/><V41/><F129/><W81/><G123/><T131/><D131/><U3/><E39/><N who="2" m="21823" /><F120/><W33/><G33/><T35/><D98/><U28/><E28/><V52/><F0/><N who="3" m="295" /><G43/><T95/><D95/><U68/><E68/><V58/><F30/><W34/><G34/><T87/><D87/><U66/><E66/><V2/><F2/><W59/><G6/><T15/><D37/><U11/><E11/><V1/><F1/><W51/><G97/><T134/><D134/><U130/><E130/><V26/><F26/><W118/><G118/><T105/><D105/><U89/><E40/><V128/><F128/><W29/><G29/><T116/><D116/><U23/><E38/><V121/><F121/><W114/><G114/><T133/><D133/><U94/><E23/><V90/><F90/><AGARI ba="0,0" hai="51,53,59,70,71,81,86,90,124,125,127" m="295" machi="90" ten="30,5800,0" yaku="18,1,52,2" doraHai="64" who="3" fromWho="2" sc="230,0,247,0,25,-58,498,58" owari="230,-17.0,247,5.0,-33,-53.0,556,65.0" /></mjloggm>