<mjloggm ver="2.3"><GO type="97" lobby="0"/><UN n0="%E3%81%B5%E3%81%81%E3%81%84%E3%81%A1%E3%82%83%E3%82%80%E2%98%85" n1="%73%75%6E%61%66%6B%69%6E" n2="%E5%B0%B1%E6%B4%BB%E7%94%9F%40%E5%B7%9D%E6%9D%91%E8%BB%8D%E5%9B%A3" n3="%E3%81%8A%E3%81%93%E3%82%93%E5%A7%90%E3%81%95%E3%82%93" dan="14,14,15,13" rate="1954.31,1902.26,2019.67,1851.54" sx="M,M,M,F"/><TAIKYOKU oya="0"/><INIT seed="0,0,0,3,0,7" ten="250,250,250,250" oya="0" hai0="91,70,122,33,6,125,49,15,31,48,102,11,131" hai1="96,30,103,108,89,80,111,135,126,51,81,87,35" hai2="40,44,71,56,14,4,115,60,79,9,37,0,130" hai3="95,2,54,55,93,50,36,86,32,66,27,18,65"/><T52/><D122/><U120/><E30/><V64/><F115/><W124/><G36/><T78/><D70/><U68/><E35/><V45/><F130/><W22/><G124/><T82/><D125/><U128/><E68/><V73/><F45/><W12/><G2/><T19/><D102/><U75/><E51/><V13/><REACH who="2" step="1"/><F71/><REACH who="2" ten="250,250,240,250" step="2"/><W24/><G32/><T133/><D131/><U59/><E128/><V134/><F134/><W129/><G129/><T47/><D133/><U112/><E135/><V100/><F100/><W113/><G113/><T25/><D48/><U46/><E46/><V34/><F34/><W63/><G63/><T110/><D110/><U99/><E112/><V1/><F1/><W21/><G50/><T29/><D29/><U10/><E126/><V76/><F76/><W121/><G121/><T58/><D91/><U38/><E103/><V43/><F43/><W16/><G86/><T132/><D132/><U20/><E87/><V41/><F41/><W92/><G92/><T3/><D47/><U127/><E89/><V104/><F104/><W74/><G74/><T67/><D67/><U8/><E75/><V101/><F101/><W17/><G17/><T23/><D78/><U53/><E127/><V97/><F97/><W77/><G77/><T118/><D82/><AGARI ba="0,1" hai="0,4,9,13,14,37,40,44,56,60,64,73,79,82" machi="82" ten="40,8000,1" yaku="1,1,25,2,52,1,53,0" doraHai="7" doraHaiUra="84" who="2" fromWho="0" sc="250,-80,250,0,240,90,250,0" /><INIT seed="1,0,0,3,3,72" ten="170,250,330,250" oya="1" hai0="62,19,68,38,89,119,56,114,53,6,124,90,55" hai1="81,82,21,52,42,27,102,43,20,85,96,104,121" hai2="18,24,5,80,65,97,16,110,125,112,39,101,64" hai3="78,120,44,93,67,41,11,28,8,84,23,33,88"/><U71/><E71/><V86/><F39/><W66/><G120/><T35/><D35/><U105/><E121/><V73/><F73/><W58/><G33/><T91/><D119/><U79/><E82/><V122/><F122/><W118/><G118/><T133/><D114/><U32/><E32/><V54/><F5/><W116/><G116/><T70/><D38/><U77/><E105/><V123/><F123/><W31/><G41/><T17/><D124/><U106/><E106/><V47/><F110/><W30/><G44/><T2/><D133/><U103/><E21/><N who="2" m="13351" /><F18/><W59/><G23/><T0/><D55/><U1/><E1/><V12/><F12/><W134/><G134/><T60/><D6/><U83/><E103/><V128/><F128/><W3/><G3/><T109/><D109/><U51/><E20/><V4/><F4/><W10/><G67/><N who="0" m="41079" /><D70/><U132/><E27/><V95/><F125/><W61/><G58/><T126/><D126/><U15/><E15/><V7/><F7/><W14/><G14/><T92/><D0/><U130/><E130/><V113/><F113/><W117/><G117/><T29/><D2/><U127/><E127/><V34/><F34/><W36/><G36/><T129/><D129/><U13/><E13/><V9/><F9/><W76/><AGARI ba="0,0" hai="8,10,11,28,30,31,59,61,66,76,78,84,88,93" machi="76" ten="40,8000,1" yaku="0,1,8,1,52,2,54,1" doraHai="72" who="3" fromWho="3" sc="170,-20,250,-40,330,-20,250,80" /><INIT seed="2,0,0,2,3,49" ten="150,210,310,330" oya="2" hai0="33,89,73,88,92,68,97,40,15,53,67,115,111" hai1="54,80,59,106,14,3,99,35,2,20,130,63,60" hai2="38,43,95,121,56,125,47,109,90,9,66,134,76" hai3="118,104,39,72,126,135,122,70,120,11,32,64,4"/><V10/><F121/><W86/><RYUUKYOKU type="yao9" ba="0,0" sc="150,0,210,0,310,0,330,0" hai3="4,11,32,39,64,70,72,86,104,118,120,122,126,135" /><INIT seed="2,1,0,0,2,40" ten="150,210,310,330" oya="2" hai0="100,53,71,52,67,78,5,119,19,31,94,32,84" hai1="121,30,34,35,133,25,125,2,116,0,69,113,18" hai2="130,114,55,112,57,97,127,54,48,131,41,135,110" hai3="27,21,87,45,117,115,118,126,68,132,56,102,86"/><V26/><F97/><W10/><G68/><T73/><D119/><U65/><E65/><V80/><F80/><W51/><G115/><N who="2" m="44073" /><F26/><W123/><G123/><T50/><D5/><U85/><E85/><V96/><F96/><W108/><G126/><T59/><D73/><U58/><E58/><N who="2" m="33095" /><F41/><W83/><G108/><T111/><D111/><U44/><E69/><V1/><F1/><W42/><G132/><T91/><D19/><U43/><E116/><V103/><F103/><W49/><G102/><T4/><D4/><U64/><E64/><V36/><F36/><W104/><G104/><T88/><D31/><U109/><E109/><V9/><F9/><W38/><G38/><T98/><D32/><U37/><E113/><V99/><F99/><W134/><G134/><T47/><D71/><U70/><E70/><V23/><F23/><W120/><G120/><T122/><D122/><U28/><E133/><V6/><F6/><W76/><G87/><N who="0" m="52511" /><D67/><U128/><E121/><V93/><F93/><W20/><G20/><T8/><D8/><U39/><E39/><V61/><F110/><W107/><G107/><T22/><D22/><U90/><E90/><V63/><F135/><W105/><G105/><T106/><D78/><U81/><E81/><V11/><F11/><W92/><G92/><N who="0" m="54375" /><D53/><U74/><E74/><V12/><F12/><W95/><G95/><T3/><D3/><U62/><E2/><V72/><F72/><W15/><G15/><T46/><D106/><U77/><E0/><V75/><F75/><W33/><G10/><T79/><D79/><U14/><E37/><RYUUKYOKU ba="1,0" sc="150,30,210,-10,310,-10,330,-10" hai0="46,47,50,52,59,98,100" /><INIT seed="3,2,0,2,4,124" ten="180,200,300,320" oya="3" hai0="33,6,78,21,116,17,120,122,83,12,108,92,103" hai1="127,77,72,58,19,50,91,48,27,88,93,15,82" hai2="85,29,34,87,132,53,101,45,5,107,54,115,0" hai3="39,89,18,62,37,35,121,128,130,36,14,41,59"/><W118/><G118/><T3/><D116/><U96/><E127/><V109/><F115/><W32/><G121/><T90/><D103/><U7/><E7/><V16/><F109/><W13/><G41/><T56/><D108/><U97/><E27/><V49/><F132/><W94/><G13/><T20/><D20/><U23/><E58/><V133/><F133/><W123/><G123/><T95/><D95/><AGARI ba="2,0" hai="15,19,23,48,50,72,77,82,88,91,93,95,96,97" machi="95" ten="40,2600,0" yaku="9,1,54,1" doraHai="124" who="1" fromWho="0" sc="180,-32,200,32,300,0,320,0" owari="148,-35.0,232,-17.0,300,10.0,320,42.0" /></mjloggm>