<mjloggm ver="2.3"><GO type="97" lobby="0"/><UN n0="%E9%8C%A6%E6%97%97" n1="%48%2D%4B%69%73%65%6B%69" n2="%E3%83%96%E3%83%B3%E3%82%AC%E3%82%AF" n3="%E5%B0%B1%E6%B4%BB%E7%94%9F%40%E5%B7%9D%E6%9D%91%E8%BB%8D%E5%9B%A3" dan="13,14,13,15" rate="1851.74,1964.27,1954.84,1984.44" sx="M,M,M,M"/><TAIKYOKU oya="0"/><INIT seed="0,0,0,0,5,99" ten="250,250,250,250" oya="0" hai0="55,116,95,20,113,60,102,108,57,23,61,130,93" hai1="62,66,36,85,135,9,10,12,124,7,47,118,127" hai2="31,74,34,30,72,82,16,125,89,88,126,54,14" hai3="3,101,33,67,69,35,45,19,98,5,40,26,106"/><T119/><D113/><U0/><E118/><V6/><F34/><W59/><G59/><T27/><D130/><U18/><E135/><V29/><F6/><W15/><G19/><T4/><D4/><U87/><E36/><V13/><F54/><W73/><G15/><N who="2" m="5641" /><F82/><W1/><G73/><N who="2" m="28265" /><F16/><W111/><G111/><T64/><D108/><U114/><E114/><V56/><F56/><W110/><G110/><T132/><D132/><U115/><E115/><V122/><F122/><W77/><G77/><T68/><D93/><U121/><E121/><V21/><F21/><W51/><G5/><T134/><D134/><U133/><E47/><V123/><F123/><W43/><G43/><T117/><REACH who="0" step="1"/><D27/><REACH who="0" ten="240,250,250,250" step="2"/><U128/><E128/><V103/><F103/><W48/><G26/><T65/><D65/><U38/><E38/><V131/><F131/><W80/><G67/><T75/><D75/><U44/><E133/><V129/><F129/><W63/><G101/><T91/><D91/><AGARI ba="0,1" hai="29,30,31,88,89,91,125,126" m="28265,5641" machi="91" ten="40,5200,0" yaku="28,2,54,1" doraHai="99" who="2" fromWho="0" sc="240,-52,250,0,250,62,250,0" /><INIT seed="1,0,0,2,0,106" ten="188,250,312,250" oya="1" hai0="93,34,132,42,81,11,15,51,0,78,73,66,126" hai1="55,109,94,63,59,76,40,108,97,49,22,41,123" hai2="37,125,2,13,62,38,120,46,102,10,24,105,23" hai3="116,70,36,47,124,14,114,28,82,52,92,30,1"/><U90/><E123/><V35/><F120/><W99/><G1/><T128/><D34/><U8/><E8/><V79/><F2/><W96/><G70/><T54/><D0/><U45/><E76/><V119/><F35/><W129/><G114/><T67/><D126/><U98/><E98/><V29/><F119/><W65/><G116/><T110/><D110/><U85/><E85/><V113/><F125/><W86/><G124/><T25/><D128/><U131/><E131/><V122/><F122/><W117/><G117/><T26/><D42/><U7/><E7/><V87/><F102/><W56/><G129/><T111/><D111/><N who="1" m="42571" /><E22/><V134/><F105/><W107/><G107/><T17/><D132/><U6/><E6/><V48/><F62/><N who="3" m="38087" /><G36/><T95/><D25/><U31/><E31/><N who="3" m="11818" /><G14/><T33/><D33/><U21/><E21/><V16/><F134/><W53/><G47/><T61/><D26/><U50/><E40/><V68/><F68/><W104/><G104/><T64/><REACH who="0" step="1"/><D61/><AGARI ba="0,0" hai="41,45,49,50,55,59,61,63,90,94,97" m="42571" machi="61" ten="30,2900,0" yaku="14,1,10,1" doraHai="106" who="1" fromWho="0" sc="188,-29,250,29,312,0,250,0" /><INIT seed="1,1,0,3,5,119" ten="159,279,312,250" oya="1" hai0="95,69,59,76,87,114,15,9,50,52,120,2,128" hai1="89,46,132,61,63,16,121,126,108,53,12,86,73" hai2="112,122,103,31,75,10,81,54,37,111,71,100,117" hai3="134,106,33,40,36,56,34,43,27,107,68,44,32"/><U48/><E73/><V30/><F37/><W58/><G134/><T65/><D2/><U3/><E3/><V38/><F38/><W8/><G27/><T4/><D114/><U5/><E5/><V18/><F71/><W14/><G68/><T7/><D128/><U20/><E126/><V127/><F117/><W94/><G94/><T124/><D124/><U84/><E108/><V74/><F127/><W78/><G78/><T47/><D69/><U62/><E121/><V35/><F122/><W28/><G28/><T113/><D113/><U42/><E132/><V77/><F112/><W67/><G43/><T79/><D120/><U70/><E70/><V17/><F111/><W45/><G45/><T101/><D4/><U92/><REACH who="1" step="1"/><E86/><REACH who="1" ten="159,269,312,250" step="2"/><V1/><F1/><W29/><G29/><T93/><D87/><U85/><E85/><V41/><F74/><W125/><G125/><T90/><D90/><U51/><E51/><V0/><F31/><W80/><G80/><T123/><D123/><U97/><E97/><V99/><F30/><W104/><REACH who="3" step="1"/><G67/><REACH who="3" ten="159,269,312,240" step="2"/><T135/><D135/><U98/><E98/><V60/><F99/><W6/><AGARI ba="1,2" hai="6,8,14,32,33,34,36,40,44,56,58,104,106,107" machi="6" ten="40,5200,0" yaku="1,1,2,1,0,1,53,0" doraHai="119" doraHaiUra="24" who="3" fromWho="3" sc="159,-14,269,-27,312,-14,240,75" /><INIT seed="2,0,0,3,4,60" ten="145,242,298,315" oya="2" hai0="35,108,124,38,74,59,103,20,18,48,5,117,47" hai1="31,36,64,4,16,127,66,42,67,111,46,65,121" hai2="110,78,79,72,41,123,133,131,53,21,91,81,27" hai3="28,56,29,105,24,17,68,25,92,77,26,39,30"/><V52/><F123/><W44/><G105/><T132/><D35/><U89/><N who="1" m="16896" /><DORA hai="43" /><U69/><E69/><V62/><F131/><W11/><G68/><T7/><D38/><U58/><E58/><N who="2" m="35143" /><F72/><W116/><G39/><T82/><D108/><U88/><E127/><V129/><F129/><W51/><G56/><T93/><D124/><U100/><E100/><V134/><F41/><N who="3" m="24975" /><G116/><T122/><D59/><U33/><E4/><V73/><F110/><W14/><G92/><T13/><D117/><U90/><E111/><V80/><F53/><W61/><G61/><T8/><D122/><U113/><E121/><V112/><F91/><W23/><G77/><N who="2" m="29193" /><F73/><W0/><G0/><T85/><D74/><U9/><E113/><V37/><F37/><W19/><AGARI ba="0,0" hai="11,14,17,19,23,24,25,26,28,29,30" m="24975" machi="19" ten="30,2000,0" yaku="8,1,52,1" doraHai="60,43" who="3" fromWho="3" sc="145,-5,242,-5,298,-10,315,20" /><INIT seed="3,0,0,1,2,56" ten="140,237,288,335" oya="3" hai0="101,90,112,76,122,39,108,63,8,20,125,120,55" hai1="116,54,74,93,34,135,121,124,113,110,97,44,62" hai2="22,100,73,66,2,81,92,107,58,14,89,37,128" hai3="60,71,40,95,0,99,46,26,49,84,7,42,3"/><W78/><G42/><T103/><D39/><U82/><E121/><V132/><F37/><W80/><G26/><T32/><D120/><U117/><E113/><V11/><F2/><W131/><G131/><T94/><D122/><U30/><E110/><V87/><F128/><W27/><G27/><T21/><D32/><U70/><E135/><V10/><F132/><W129/><G129/><T53/><D108/><U31/><E124/><V85/><F107/><W35/><G35/><T45/><D76/><U24/><E30/><V118/><F73/><W88/><G7/><T13/><D112/><U1/><E1/><V17/><F118/><N who="1" m="45673" /><E44/><V77/><REACH who="2" step="1"/><F100/><REACH who="2" ten="140,237,278,335" step="2"/><W50/><G3/><T61/><D125/><U86/><E74/><V52/><F52/><N who="0" m="20042" /><D45/><U41/><E41/><V127/><F127/><W68/><G0/><T98/><D101/><N who="1" m="60591" /><E54/><V33/><F33/><W67/><G49/><T9/><D103/><U126/><E126/><V47/><F47/><W114/><G114/><T96/><D96/><U57/><E86/><V106/><F106/><W51/><G51/><T23/><D13/><U18/><E18/><V36/><F36/><W28/><G28/><T83/><D83/><U15/><E82/><V59/><F59/><AGARI ba="0,1" hai="40,46,50,59,60,67,68,71,78,80,84,88,95,99" machi="59" ten="30,5800,0" yaku="7,1,52,1,54,1" doraHai="56" who="3" fromWho="2" sc="140,0,237,0,278,-58,335,68" owari="140,-36.0,237,4.0,220,-18.0,403,50.0" /></mjloggm>