<mjloggm ver="2.3"><GO type="97" lobby="0"/><UN n0="%EF%BC%AD%EF%BC%A6%E3%83%99%E3%83%83%E3%82%AB%E3%83%A0" n1="%6D%74%73%74" n2="%E5%BC%B7%E6%AC%B2%E7%8B%82%E6%88%A6%E5%A3%AB" n3="%E5%B0%B1%E6%B4%BB%E7%94%9F%40%E5%B7%9D%E6%9D%91%E8%BB%8D%E5%9B%A3" dan="13,13,14,14" rate="1860.87,1967.23,1961.97,1945.59" sx="M,M,M,M"/><TAIKYOKU oya="0"/><INIT seed="0,0,0,2,5,12" ten="250,250,250,250" oya="0" hai0="37,39,110,34,82,106,15,71,75,13,52,105,40" hai1="0,3,67,54,21,133,55,77,80,104,111,28,26" hai2="70,33,59,68,24,103,79,58,130,42,1,135,123" hai3="60,7,22,47,35,121,50,120,119,29,76,96,98"/><T18/><D34/><U93/><E133/><V94/><F123/><N who="3" m="47179" /><G35/><T88/><D71/><U49/><E111/><V115/><F115/><W72/><G119/><T51/><D110/><U81/><E104/><V64/><F135/><W126/><G126/><T27/><D15/><U61/><E93/><V85/><F130/><W131/><G131/><T124/><D27/><U113/><E113/><V69/><F1/><W38/><G38/><N who="0" m="14347" /><D40/><U129/><E129/><V89/><F42/><N who="3" m="24951" /><G7/><T84/><D75/><U97/><E97/><V19/><F79/><W74/><G60/><T20/><D124/><U99/><E99/><N who="3" m="37930" /><G76/><T73/><D73/><U128/><E128/><V46/><F103/><W132/><G132/><T41/><D41/><U44/><E81/><V87/><F33/><W95/><G95/><T10/><D20/><U92/><E92/><V107/><F107/><W125/><G125/><T17/><D17/><U32/><E32/><V78/><F19/><W102/><G102/><T5/><D5/><U56/><E55/><V90/><F24/><AGARI ba="0,0" hai="22,24,29,72,74" m="37930,24951,47179" machi="24" ten="30,1000,0" yaku="13,1" doraHai="12" who="3" fromWho="2" sc="250,0,250,0,250,-10,250,10" /><INIT seed="1,0,0,4,3,99" ten="250,250,240,260" oya="1" hai0="88,30,111,12,5,95,125,121,135,18,106,31,79" hai1="19,92,101,55,53,16,13,115,129,104,113,4,38" hai2="63,23,47,100,57,60,77,94,118,33,102,54,87" hai3="133,108,131,41,2,78,130,28,34,91,58,40,89"/><U15/><E104/><V62/><F33/><W7/><G108/><T66/><D106/><U69/><E129/><N who="3" m="49162" /><G133/><T27/><D111/><U81/><E38/><V59/><F118/><W14/><G2/><T11/><D135/><U96/><E4/><V36/><F23/><W103/><G78/><T42/><D125/><U80/><E69/><V71/><F71/><W109/><G109/><T17/><D121/><U50/><E50/><N who="2" m="29023" /><F36/><W21/><G58/><N who="2" m="22025" /><F77/><W3/><G3/><T90/><D79/><U46/><E46/><V85/><F94/><W0/><G0/><T35/><D66/><U116/><E116/><V32/><F32/><W86/><G34/><T73/><D73/><U72/><E72/><V8/><F8/><W105/><G28/><T48/><D31/><U68/><E68/><V9/><F9/><N who="3" m="4415" /><G21/><N who="0" m="13743" /><D35/><U24/><E24/><V64/><F64/><W93/><G91/><T128/><D30/><U84/><E84/><AGARI ba="0,0" hai="60,62,63,84,85,87,100,102" m="22025,29023" machi="84" ten="30,3900,0" yaku="8,1,52,2" doraHai="99" who="2" fromWho="1" sc="250,0,250,-39,240,39,260,0" /><INIT seed="2,0,0,5,4,88" ten="250,211,279,260" oya="2" hai0="23,105,63,86,78,29,12,73,35,104,122,77,82" hai1="94,51,20,75,62,68,52,55,3,76,125,71,74" hai2="103,85,106,67,135,114,56,98,9,64,6,45,47" hai3="108,8,38,48,0,90,13,117,17,59,19,110,24"/><V34/><F34/><W41/><G117/><T127/><D35/><U46/><E125/><V14/><F114/><W44/><G0/><T40/><D122/><U31/><E3/><V57/><F135/><W102/><G102/><T11/><D127/><U79/><E31/><V27/><F85/><W132/><G132/><T112/><D112/><U95/><E20/><V126/><F126/><W91/><G38/><T43/><D63/><U7/><E7/><V72/><F72/><W2/><G2/><T33/><D33/><U28/><E28/><V124/><F124/><W58/><G108/><T65/><D65/><N who="2" m="25162" /><F106/><W42/><G42/><T37/><D37/><U21/><E21/><V92/><F27/><W121/><G121/><T10/><D73/><U16/><E62/><V5/><F5/><W116/><G116/><T96/><D104/><U69/><E51/><V111/><F111/><W26/><G110/><T18/><D105/><U131/><E131/><V70/><F70/><W81/><G91/><T99/><D77/><U80/><E80/><V32/><F32/><W134/><G134/><T97/><D11/><U120/><E120/><V133/><F133/><W87/><G19/><T4/><D29/><U107/><E107/><V54/><F57/><AGARI ba="0,0" hai="8,13,17,24,26,41,44,48,57,58,59,81,87,90" machi="57" ten="40,1300,0" yaku="8,1" doraHai="88" who="3" fromWho="2" sc="250,0,211,0,279,-13,260,13" /><INIT seed="3,0,0,1,0,7" ten="250,211,266,273" oya="3" hai0="25,33,29,114,38,86,123,78,124,89,20,13,21" hai1="8,50,22,17,131,32,61,31,73,60,115,58,130" hai2="68,34,11,6,125,105,103,63,42,80,113,121,24" hai3="37,27,15,79,3,129,107,66,100,102,62,135,134"/><W49/><G3/><T99/><D123/><U95/><E115/><V87/><F113/><W0/><G0/><T45/><D124/><U101/><E73/><V18/><F125/><W26/><G37/><T30/><D114/><U41/><E32/><V53/><F42/><W110/><G79/><T88/><D78/><U9/><E31/><V56/><F121/><W35/><G129/><N who="1" m="49162" /><E41/><V12/><F68/><W126/><G126/><T120/><D120/><U59/><E50/><V65/><F34/><W39/><G39/><T70/><D70/><U71/><E71/><V93/><F105/><W97/><G102/><T46/><D38/><U16/><E101/><V52/><F93/><W43/><G110/><T84/><D99/><U83/><E83/><V75/><F103/><W111/><G111/><T10/><D33/><U90/><E17/><V118/><F75/><W98/><G98/><T81/><D21/><U92/><E92/><V106/><F106/><W122/><G122/><T44/><D30/><U28/><E28/><V57/><F118/><W74/><G74/><T64/><D64/><N who="1" m="38935" /><E59/><V133/><F57/><N who="3" m="37199" /><G35/><T23/><D23/><U85/><E61/><V104/><F104/><W67/><G67/><T40/><D40/><U69/><E69/><V2/><F65/><W54/><G43/><T94/><D46/><U108/><E108/><V91/><F53/><W117/><G49/><T82/><D94/><U132/><E132/><N who="3" m="50730" /><G54/><T55/><D55/><U1/><E1/><V116/><F133/><W128/><G128/><T14/><D14/><AGARI ba="0,0" hai="8,9,14,16,22,85,90,95" m="38935,49162" machi="14" ten="30,7700,0" yaku="19,1,52,2,54,1" doraHai="7" who="1" fromWho="0" sc="250,-77,211,77,266,0,273,0" /><INIT seed="4,0,0,1,0,1" ten="173,288,266,273" oya="0" hai0="110,42,87,30,108,36,66,88,6,105,3,119,107" hai1="28,117,115,81,114,38,72,4,19,10,45,58,109" hai2="100,47,89,120,78,76,102,56,39,92,86,129,33" hai3="116,74,93,59,134,43,31,69,5,12,44,85,82"/><T21/><D119/><U11/><E117/><V37/><F33/><W51/><G69/><T131/><D131/><U34/><E109/><N who="0" m="42089" /><D66/><U80/><E58/><V61/><F120/><W94/><G116/><T24/><D42/><N who="1" m="22743" /><E80/><V121/><F129/><W13/><G74/><T95/><D36/><U35/><E19/><V48/><F121/><W41/><G134/><T57/><D57/><U14/><E28/><V54/><F39/><W17/><G31/><T15/><D3/><N who="1" m="287" /><E11/><AGARI ba="0,0" hai="6,11,15,21,24,30,87,88,95,105,107" m="42089" machi="11" ten="30,5800,0" yaku="10,1,52,1,54,1" doraHai="1" who="0" fromWho="1" sc="173,58,288,-58,266,0,273,0" /><INIT seed="4,1,0,3,1,42" ten="231,230,266,273" oya="0" hai0="107,133,35,22,128,117,55,122,29,33,8,26,19" hai1="75,15,54,127,72,60,69,95,101,108,47,13,93" hai2="118,82,62,39,109,111,99,96,14,89,6,38,2" hai3="17,71,79,119,83,56,5,11,43,20,85,70,61"/><T112/><D107/><U0/><E127/><V124/><F118/><W76/><G119/><T48/><D117/><U110/><E0/><V28/><F124/><W125/><G125/><T10/><D112/><U37/><E37/><V50/><F2/><W34/><G34/><T135/><D122/><U134/><E134/><N who="0" m="51209" /><D128/><U105/><E105/><V123/><F123/><W87/><G43/><T100/><D100/><U91/><E101/><V90/><F28/><W131/><G131/><T66/><D66/><U21/><E21/><V88/><F62/><W49/><G49/><T74/><D74/><U104/><E104/><V3/><F3/><W102/><G102/><T57/><D33/><U115/><E115/><V132/><F132/><W24/><G79/><T97/><D97/><N who="2" m="37450" /><F39/><W116/><G85/><T86/><D86/><U41/><E69/><V53/><F38/><W31/><G116/><T120/><D120/><U16/><E41/><V59/><F111/><N who="1" m="42537" /><E15/><AGARI ba="1,0" hai="8,10,15,19,22,26,29,35,48,55,57" m="51209" machi="15" ten="30,1500,0" yaku="20,1" doraHai="42" who="0" fromWho="1" sc="231,18,230,-18,266,0,273,0" /><INIT seed="4,2,0,5,4,23" ten="249,212,266,273" oya="0" hai0="100,91,96,41,19,132,87,103,21,32,8,1,117" hai1="53,134,105,122,90,129,63,85,3,108,24,28,118" hai2="46,131,130,81,50,25,124,30,76,55,47,120,101" hai3="104,109,9,57,43,58,77,33,38,14,111,20,52"/><T7/><D32/><U88/><E122/><V116/><F120/><W44/><G104/><T15/><D117/><U73/><E118/><V36/><F116/><W79/><G33/><T72/><D72/><U0/><E105/><V78/><F101/><W2/><G2/><T26/><D132/><U83/><E108/><V94/><F94/><W22/><G109/><T107/><D41/><U51/><E134/><V102/><F102/><W126/><G111/><T13/><REACH who="0" step="1"/><D103/><REACH who="0" ten="239,212,266,273" step="2"/><U74/><E129/><N who="2" m="49163" /><F124/><W56/><G126/><T48/><D48/><U99/><E74/><V125/><F125/><W64/><G38/><T93/><AGARI ba="2,1" hai="1,7,8,13,15,19,21,26,87,91,93,96,100,107" machi="93" ten="20,7800,0" yaku="1,1,0,1,7,1,52,1,53,0" doraHai="23" doraHaiUra="59" who="0" fromWho="0" sc="239,94,212,-28,266,-28,273,-28" owari="333,43.0,184,-32.0,238,-16.0,245,5.0" /></mjloggm>