<mjloggm ver="2.3"><GO type="225" lobby="0"/><UN n0="%6E%75%6D%62%65%72%69%6A" n1="%E7%B7%8B%E3%81%84%E7%8C%AB%EF%BC%9E%EF%BC%9C%EF%BC%81" n2="%73%61%72%61%6B" n3="%E3%83%88%E3%83%88%E3%83%AA%E5%85%88%E7%94%9F%31%39%E6%AD%B3" dan="16,16,16,17" rate="2109.25,2075.02,2114.64,2253.10" sx="M,F,M,F"/><TAIKYOKU oya="0"/><INIT seed="0,0,0,3,3,37" ten="250,250,250,250" oya="0" hai0="34,48,84,17,18,60,64,46,51,98,50,42,106" hai1="87,102,1,95,108,104,126,80,99,69,123,100,30" hai2="14,124,38,133,10,8,93,125,70,74,107,41,90" hai3="114,118,59,43,35,85,127,94,6,20,32,78,29"/><T25/><D84/><U110/><E123/><V28/><F107/><W57/><G114/><T0/><D0/><U132/><E1/><V77/><F133/><W16/><G118/><T73/><D73/><U11/><E69/><V88/><F70/><W135/><G135/><T89/><D18/><U75/><E30/><V12/><F28/><W82/><G127/><N who="2" m="48713" /><F77/><W13/><G6/><T26/><D34/><U19/><E11/><N who="2" m="4139" /><F74/><W103/><G32/><T27/><D17/><U52/><E19/><V58/><F58/><W121/><G121/><T79/><D79/><U49/><E126/><V45/><F90/><W55/><G29/><T39/><D89/><N who="1" m="53695" /><E102/><V81/><F81/><W131/><G35/><T44/><D98/><AGARI ba="0,0" hai="12,14,38,41,45,88,93,98" m="4139,48713" machi="98" ten="30,3900,0" yaku="18,1,52,1,54,1" doraHai="37" who="2" fromWho="0" sc="250,-39,250,0,250,39,250,0" /><INIT seed="1,0,0,2,1,65" ten="211,250,289,250" oya="1" hai0="43,48,57,3,114,97,16,127,7,53,133,46,59" hai1="28,56,2,15,29,81,11,134,12,73,51,131,80" hai2="69,64,70,55,120,40,21,125,110,41,76,22,130" hai3="67,91,98,31,39,102,94,117,103,118,77,104,124"/><U45/><E131/><V25/><F120/><W116/><G39/><T9/><D114/><U95/><E2/><V92/><F64/><W135/><G31/><N who="1" m="11850" /><E73/><V24/><F130/><W49/><G49/><T74/><D74/><U34/><E34/><V85/><F125/><W93/><G67/><T6/><D127/><U66/><E134/><V82/><F92/><N who="3" m="56607" /><G124/><T8/><D133/><U60/><E95/><N who="3" m="36362" /><G135/><T58/><D97/><U5/><E12/><V108/><F55/><AGARI ba="0,0" hai="5,11,15,45,51,55,56,60,66,80,81" m="11850" machi="55" ten="30,1500,0" yaku="8,1" doraHai="65" who="1" fromWho="2" sc="211,0,250,15,289,-15,250,0" /><INIT seed="1,1,0,4,0,55" ten="211,265,274,250" oya="1" hai0="37,7,54,108,107,26,30,106,88,21,4,71,13" hai1="78,66,80,120,100,23,43,38,110,45,48,69,101" hai2="125,85,81,89,20,111,27,70,31,49,8,58,128" hai3="76,91,96,122,35,1,47,117,14,5,113,2,50"/><U133/><E120/><V99/><F111/><W126/><G35/><T6/><D37/><U15/><E133/><V118/><F128/><W83/><G122/><T82/><D71/><U56/><E110/><V87/><F125/><W41/><G113/><T67/><D67/><U93/><E93/><V68/><F118/><W73/><G126/><T24/><D108/><U98/><E98/><V103/><F87/><W130/><G130/><T75/><D54/><N who="1" m="31815" /><E23/><V129/><F129/><W22/><G117/><T112/><D112/><U46/><E15/><V79/><F79/><W28/><G28/><T60/><D60/><N who="1" m="40135" /><E46/><V86/><F86/><AGARI ba="1,0" hai="38,43,45,78,80,86,100,101" m="40135,31815" machi="86" ten="30,2900,0" yaku="24,1,52,1" doraHai="55" who="1" fromWho="2" sc="211,0,265,32,274,-32,250,0" /><INIT seed="1,2,0,5,3,131" ten="211,297,242,250" oya="1" hai0="117,12,33,41,51,82,96,44,58,83,107,99,94" hai1="60,132,22,113,29,118,70,48,111,128,14,8,27" hai2="133,15,54,120,31,23,13,106,75,102,47,43,127" hai3="103,16,59,87,78,97,135,62,38,95,92,115,34"/><U91/><E118/><V68/><F120/><W73/><G115/><T134/><D117/><U80/><E113/><V35/><F68/><W119/><G34/><T10/><D33/><U98/><E128/><V104/><F75/><W79/><G38/><T25/><D25/><U56/><E111/><V46/><F35/><W1/><G1/><T30/><D30/><U129/><E129/><V125/><F54/><W74/><G135/><T6/><D134/><U55/><E132/><V105/><F133/><W89/><G119/><T11/><D107/><U112/><E112/><V4/><F102/><W81/><G73/><T84/><D58/><U85/><E98/><V77/><F77/><W40/><G40/><T101/><D96/><U110/><E110/><V36/><F47/><W5/><G5/><T18/><REACH who="0" step="1"/><D84/><REACH who="0" ten="201,297,242,250" step="2"/><U108/><E108/><V63/><F104/><W19/><REACH who="3" step="1"/><G78/><REACH who="3" ten="201,297,242,240" step="2"/><T52/><D52/><AGARI ba="2,2" hai="16,19,52,59,62,74,79,81,87,89,92,95,97,103" machi="52" ten="30,8000,1" yaku="1,1,2,1,7,1,54,2,53,0" doraHai="131" doraHaiUra="126" who="3" fromWho="0" sc="201,-86,297,0,242,0,240,106" /><INIT seed="2,0,0,1,3,50" ten="115,297,242,346" oya="2" hai0="22,9,80,110,134,58,10,11,29,98,27,7,8" hai1="103,77,15,53,30,12,125,6,31,118,13,101,128" hai2="3,1,16,75,107,84,49,51,99,38,54,36,92" hai3="105,127,129,76,71,33,100,126,97,67,35,48,131"/><V111/><F75/><W32/><G76/><T106/><D80/><U68/><E118/><V64/><F64/><W122/><G122/><T94/><D106/><U41/><E68/><V91/><F111/><W133/><G133/><T119/><D119/><U34/><E41/><V79/><F51/><W124/><G48/><T23/><D134/><U62/><E34/><V132/><F132/><W25/><G25/><T45/><D45/><U74/><E125/><V116/><F116/><W83/><G83/><T24/><D58/><N who="1" m="35151" /><E74/><V85/><F85/><W18/><G18/><N who="0" m="12375" /><D94/><U20/><E128/><N who="3" m="49226" /><G67/><T117/><D98/><U112/><E112/><V4/><F79/><W135/><G135/><T61/><D61/><U19/><E77/><V121/><F121/><W72/><G72/><T115/><D117/><U40/><E40/><V73/><F73/><W46/><G46/><T96/><D96/><U52/><E101/><V44/><F16/><W17/><G17/><T39/><D39/><U123/><E103/><V93/><F107/><W5/><G5/><T37/><D37/><U69/><E69/><AGARI ba="0,0" hai="32,33,35,69,71,97,100,105,124,126,127" m="49226" machi="69" ten="50,6400,0" yaku="18,1,19,1,23,1" doraHai="50" who="3" fromWho="1" sc="115,0,297,-64,242,0,346,64" /><INIT seed="3,0,0,0,2,54" ten="115,233,242,410" oya="3" hai0="12,129,33,99,16,55,91,132,69,53,85,128,114" hai1="49,32,67,92,116,135,84,25,5,108,93,75,11" hai2="44,59,18,22,45,58,23,20,26,19,104,130,47" hai3="109,15,95,3,83,115,30,105,74,17,64,126,113"/><W90/><G105/><T46/><D33/><U63/><E75/><V38/><F130/><W80/><G3/><T72/><D69/><U81/><E116/><V43/><F104/><W14/><G126/><T24/><D72/><U7/><E135/><V35/><F35/><W13/><G30/><T96/><D132/><U123/><E123/><V56/><F26/><W37/><G37/><T70/><D70/><U68/><E108/><V40/><REACH who="2" step="1"/><F38/><REACH who="2" ten="115,233,232,410" step="2"/><W27/><G109/><T101/><D114/><U48/><E25/><V134/><F134/><W50/><G113/><T82/><D24/><U71/><E32/><V124/><F124/><W6/><G115/><T88/><D91/><U66/><E71/><V42/><AGARI ba="0,1" hai="18,19,20,22,23,40,42,43,44,45,47,56,58,59" machi="42" ten="40,32000,5" yakuman="40" doraHai="54" doraHaiUra="112" who="2" fromWho="2" sc="115,-80,233,-80,232,330,410,-160" owari="35,-46.0,153,-25.0,562,66.0,250,5.0" /></mjloggm>