<mjloggm ver="2.3"><GO type="169" lobby="0"/><UN n0="%E3%82%A6%E3%83%AB%E3%83%88%E3%83%A9%E7%AB%8B%E7%9B%B4" n1="%E6%96%B0%E4%B8%96%E7%95%8C%E3%81%AE%E7%B4%99" n2="%6D%6A%E3%83%8F%E3%83%AB" n3="%73%68%65%69%6B" dan="16,18,16,16" rate="2091.49,2250.95,2059.13,2093.38" sx="M,M,M,F"/><TAIKYOKU oya="0"/><INIT seed="0,0,0,2,0,90" ten="250,250,250,250" oya="0" hai0="113,57,103,50,29,80,47,133,104,118,59,51,38" hai1="87,79,84,86,44,45,72,13,78,6,93,75,22" hai2="116,1,58,70,31,98,48,7,17,81,123,33,65" hai3="124,125,134,4,53,117,82,88,32,41,97,46,101"/><T89/><D118/><U91/><E75/><V16/><F70/><W27/><G4/><T28/><D113/><U85/><E72/><V43/><F123/><W127/><G53/><T120/><D120/><U135/><E135/><V64/><F33/><W56/><G56/><N who="0" m="21579" /><D104/><U126/><E126/><V26/><F31/><N who="0" m="11850" /><D38/><U74/><E74/><V55/><F1/><W9/><G9/><T52/><D133/><U112/><E112/><V105/><F7/><W109/><G109/><T60/><D103/><U121/><E121/><V132/><F116/><W67/><G67/><T66/><D66/><U83/><E83/><V39/><F81/><W76/><G117/><T34/><D34/><U96/><N who="1" m="21504" /><DORA hai="130" /><U20/><E6/><V49/><F39/><W8/><G8/><T129/><D129/><U92/><E13/><V68/><F105/><W99/><G134/><T102/><D102/><U11/><E11/><V107/><F107/><N who="3" m="63919" /><G32/><T21/><D21/><N who="1" m="8299" /><E93/><V30/><F68/><W12/><G27/><T14/><D14/><U61/><E61/><V69/><F69/><W18/><G12/><T3/><D3/><U37/><E37/><V40/><F132/><W63/><G63/><T131/><D131/><U111/><E111/><V119/><F119/><W77/><G18/><T24/><D24/><U36/><E36/><V54/><F65/><W62/><G62/><T35/><D35/><U23/><E23/><N who="2" m="15711" /><F64/><W71/><G71/><T122/><D122/><U128/><E128/><V19/><F98/><W0/><G0/><T110/><D110/><U94/><E94/><V73/><F73/><RYUUKYOKU ba="0,0" sc="250,-15,250,15,250,15,250,-15" hai1="44,45,78,79,91,92,96" hai2="16,17,19,40,43,48,49,54,55,58" /><INIT seed="1,1,0,4,0,119" ten="235,265,265,235" oya="1" hai0="26,14,135,97,86,118,98,33,39,7,59,12,68" hai1="72,73,10,53,91,63,5,83,78,85,107,95,96" hai2="87,82,134,58,32,122,47,51,30,123,27,129,36" hai3="16,37,101,113,38,126,42,132,65,34,71,41,52"/><U121/><E121/><V120/><F134/><W61/><G34/><T66/><D118/><U69/><E107/><V21/><F129/><W9/><G101/><T127/><D39/><U112/><E112/><V11/><F36/><W76/><G76/><T29/><D135/><U46/><E46/><V40/><F58/><W15/><G113/><T128/><D128/><U17/><E17/><V28/><F11/><W84/><G84/><T8/><D127/><U133/><E133/><V2/><F2/><W105/><G105/><T125/><D125/><U22/><E22/><V93/><F93/><W106/><G106/><T31/><D68/><U49/><E49/><V77/><REACH who="2" step="1"/><F30/><REACH who="2" ten="235,265,255,235" step="2"/><W102/><G132/><T109/><D31/><U64/><REACH who="1" step="1"/><E53/><REACH who="1" ten="235,255,255,235" step="2"/><V92/><F92/><W54/><G126/><T75/><D29/><U116/><E116/><V50/><F50/><W0/><G37/><T81/><D8/><U56/><E56/><V100/><F100/><W90/><G102/><T48/><D59/><U108/><E108/><V6/><F6/><W20/><G38/><T4/><D48/><U19/><E19/><V94/><F94/><W111/><G111/><T3/><D4/><U24/><E24/><V115/><F115/><W62/><G54/><T45/><D7/><U18/><E18/><V74/><F74/><W103/><G103/><T99/><D75/><U88/><E88/><V35/><AGARI ba="1,2" hai="21,27,28,32,35,40,47,51,77,82,87,120,122,123" machi="35" ten="40,8000,1" yaku="1,1,0,1,52,3,53,0" doraHai="119" doraHaiUra="89" who="2" fromWho="2" sc="235,-21,255,-41,255,103,235,-21" /><INIT seed="2,0,0,2,2,4" ten="214,214,358,214" oya="2" hai0="14,73,98,65,77,87,53,69,15,20,29,132,52" hai1="13,96,0,39,90,107,24,71,30,62,94,123,64" hai2="105,93,37,46,6,110,99,104,47,113,26,55,109" hai3="76,133,38,122,102,91,121,74,5,8,106,82,86"/><V130/><F113/><W100/><G100/><T33/><D73/><U68/><E0/><V19/><F130/><W117/><G117/><T116/><D116/><U66/><E123/><V7/><F37/><W41/><G133/><T101/><D132/><U45/><E107/><N who="2" m="41035" /><F26/><W51/><G51/><T88/><D77/><U21/><E13/><N who="0" m="4617" /><D33/><U111/><E111/><N who="2" m="42507" /><F19/><W31/><G31/><T22/><BYE who="3" /><D69/><U61/><E45/><N who="2" m="16907" /><F55/><N who="0" m="21066" /><D65/><U36/><AGARI ba="0,0" hai="21,24,30,36,39,61,62,64,66,68,71,90,94,96" machi="36" ten="30,2000,0" yaku="0,1,9,1" doraHai="4" who="1" fromWho="1" sc="214,-5,214,20,358,-10,214,-5" /><INIT seed="3,0,0,1,3,75" ten="209,234,348,209" oya="3" hai0="37,106,125,6,105,124,26,34,5,33,109,79,119" hai1="42,122,113,52,104,56,100,131,133,120,4,91,117" hai2="135,1,10,76,3,29,18,11,66,2,83,80,49" hai3="51,107,86,14,67,130,84,32,59,98,103,99,0"/><W110/><G110/><T19/><D37/><UN n3="%73%68%65%69%6B" /><U8/><E113/><V74/><F135/><W62/><G0/><T27/><D19/><U112/><E112/><V48/><F29/><W108/><G108/><T121/><D109/><U126/><E133/><V35/><F35/><W39/><G39/><T43/><D43/><U9/><E42/><V53/><F66/><W77/><G32/><T58/><D58/><U111/><E111/><V85/><F18/><W115/><G115/><T64/><D64/><U63/><E126/><V102/><F102/><W21/><G84/><T73/><D73/><U93/><E131/><V94/><F94/><W46/><G99/><T118/><REACH who="0" step="1"/><D79/><REACH who="0" ten="199,234,348,209" step="2"/><U127/><E127/><V82/><F74/><W41/><G130/><T97/><D97/><U96/><E117/><V61/><F76/><W44/><G86/><T95/><D95/><U68/><E68/><V87/><F87/><W60/><G77/><T24/><D24/><U128/><E128/><V65/><F85/><W123/><G59/><T132/><D132/><U17/><E17/><V90/><F65/><W129/><G129/><T88/><D88/><U30/><E30/><V12/><F90/><W23/><G67/><T38/><D38/><U22/><E9/><V13/><F11/><W89/><G89/><T54/><D54/><U50/><E8/><V71/><F71/><W81/><G41/><T7/><D7/><U101/><E4/><V47/><F10/><W31/><G98/><T40/><D40/><U78/><E78/><V55/><F55/><W28/><G107/><T72/><D72/><RYUUKYOKU ba="0,1" sc="199,30,234,-10,348,-10,209,-10" hai0="5,6,26,27,33,34,105,106,118,119,121,124,125" /><INIT seed="4,1,1,4,3,20" ten="229,224,338,199" oya="0" hai0="123,103,112,36,94,41,90,38,66,48,43,97,116" hai1="117,53,12,15,122,77,95,64,133,127,58,4,16" hai2="5,37,51,82,27,81,83,63,106,17,124,87,69" hai3="109,68,65,134,30,99,128,44,72,100,26,98,22"/><T56/><D123/><U29/><E122/><V91/><F37/><W84/><G72/><T113/><D116/><U86/><E117/><V126/><F106/><W110/><G128/><T70/><D70/><U88/><E127/><N who="2" m="48683" /><F5/><W79/><G134/><T92/><D43/><U130/><E133/><V54/><F63/><W121/><G121/><T11/><D11/><N who="1" m="4199" /><E130/><V14/><F27/><W21/><G98/><T49/><D66/><U23/><E64/><V32/><F32/><W35/><G35/><T120/><D120/><U119/><E119/><V42/><F42/><W131/><G131/><T8/><D8/><U76/><E29/><V18/><F69/><W3/><G3/><T61/><D61/><AGARI ba="1,1" hai="15,16,23,53,58,61,76,77,86,88,95" m="4199" machi="61" ten="30,3900,0" yaku="8,1,54,2" doraHai="20" who="1" fromWho="0" sc="229,-42,224,52,338,0,199,0" /><INIT seed="5,0,0,4,2,131" ten="187,276,338,199" oya="1" hai0="39,95,110,58,65,128,23,121,135,51,94,30,63" hai1="66,88,10,127,120,118,59,76,62,24,106,6,77" hai2="49,68,17,50,32,38,132,109,129,40,45,11,107" hai3="5,69,48,55,98,114,25,85,41,8,0,122,134"/><U72/><E118/><V92/><F107/><W97/><G122/><T46/><D110/><U1/><E120/><V52/><F68/><W47/><G69/><T9/><D128/><U125/><E106/><V117/><F109/><W126/><G126/><N who="1" m="48138" /><E72/><V83/><F32/><W82/><G114/><T113/><D113/><U12/><E24/><V14/><F117/><W105/><G105/><T26/><D121/><U71/><E71/><V18/><F129/><W28/><G55/><T19/><D39/><U93/><E1/><V36/><F92/><W112/><G112/><T81/><D81/><U35/><E35/><V42/><F42/><W119/><G119/><T33/><D135/><U37/><E37/><V133/><F18/><W115/><G115/><T111/><D111/><U91/><E91/><V99/><F99/><AGARI ba="0,0" hai="6,10,12,59,62,66,76,77,88,93,99" m="48138" machi="99" ten="30,2900,0" yaku="18,1,54,1" doraHai="131" who="1" fromWho="2" sc="187,0,276,29,338,-29,199,0" /><INIT seed="5,1,0,0,5,90" ten="187,305,309,199" oya="1" hai0="43,121,135,47,1,120,18,2,87,112,113,50,79" hai1="28,38,101,13,103,40,83,88,92,106,48,127,117" hai2="104,132,82,110,100,95,96,115,32,31,24,60,12" hai3="68,15,125,80,27,57,130,64,30,42,73,44,5"/><U123/><E38/><V26/><F110/><W46/><G68/><T131/><D18/><U8/><E117/><V0/><F0/><N who="0" m="106" /><D131/><U54/><E123/><N who="0" m="47177" /><D135/><U61/><E127/><V124/><F132/><W69/><G69/><T133/><D133/><U16/><E28/><V81/><F124/><W49/><G130/><T119/><D119/><U59/><E83/><AGARI ba="1,0" hai="43,47,50,79,83,87,112,113" m="47177,106" machi="83" ten="40,1300,0" yaku="13,1" doraHai="90" who="0" fromWho="1" sc="187,16,305,-16,309,0,199,0" /><INIT seed="6,0,0,4,4,123" ten="203,289,309,199" oya="2" hai0="16,63,128,105,59,99,69,67,35,37,27,103,41" hai1="90,73,61,92,46,98,65,131,91,12,94,68,36" hai2="44,19,4,130,125,58,121,119,80,42,84,60,77" hai3="18,5,57,76,50,110,53,49,117,22,33,32,55"/><V38/><F121/><W89/><G117/><T56/><D128/><U20/><E73/><V86/><F119/><W113/><G113/><T129/><D129/><U95/><E131/><V43/><F130/><W0/><G76/><T87/><D87/><U75/><E75/><V28/><F125/><W14/><G89/><T133/><D133/><U64/><E64/><V3/><F43/><W13/><G0/><T126/><D126/><U34/><E34/><V52/><F28/><W47/><G5/><T48/><D48/><U8/><E20/><V71/><F71/><W118/><G118/><T127/><D127/><U17/><E36/><V107/><F107/><W51/><G13/><T102/><D102/><U114/><E114/><V62/><F19/><W122/><G122/><T6/><D6/><U115/><E115/><V93/><F93/><W78/><G78/><T135/><D135/><U108/><E108/><V112/><F112/><W120/><G120/><T72/><D72/><U79/><E79/><V74/><F62/><W97/><G110/><T134/><D134/><U124/><E124/><V9/><AGARI ba="0,0" hai="3,4,9,38,42,44,52,58,60,74,77,80,84,86" machi="9" ten="30,11700,0" yaku="0,1,25,2,54,1" doraHai="123" who="2" fromWho="2" sc="203,-39,289,-39,309,117,199,-39" /><INIT seed="6,1,0,1,1,115" ten="164,250,426,160" oya="2" hai0="118,59,54,43,36,33,28,122,100,92,18,89,55" hai1="79,131,119,29,135,93,7,48,3,126,94,24,88" hai2="1,70,98,23,31,103,106,130,121,20,30,62,102" hai3="49,26,44,75,14,10,99,5,58,34,40,80,65"/><V21/><F1/><W39/><G99/><T35/><D122/><U63/><E119/><V134/><F121/><W17/><G75/><T68/><D68/><U41/><E79/><V113/><F113/><W42/><G80/><T66/><D118/><U37/><E37/><V87/><F103/><W105/><G105/><T117/><D117/><U129/><E126/><V73/><F73/><W2/><G39/><T32/><D100/><U104/><E104/><V8/><F8/><W123/><G123/><T82/><D82/><U51/><E135/><V15/><F15/><W83/><G83/><T72/><D72/><U69/><E7/><V22/><F22/><W77/><G77/><T27/><D18/><U74/><E3/><V112/><F130/><N who="1" m="49673" /><E41/><V125/><F125/><W25/><G40/><T97/><D43/><U47/><E47/><V78/><F134/><W96/><G96/><T50/><D36/><U76/><E76/><V6/><F6/><W9/><G34/><T86/><D97/><N who="1" m="57511" /><E94/><V95/><F78/><W124/><G124/><T0/><D0/><U4/><E4/><V132/><F132/><W60/><AGARI ba="1,0" hai="2,5,9,10,14,17,25,26,42,44,49,58,60,65" machi="60" ten="30,1100,0" yaku="0,1" doraHai="115" who="3" fromWho="3" sc="164,-4,250,-4,426,-6,160,14" /><INIT seed="7,0,0,1,4,37" ten="160,246,420,174" oya="3" hai0="109,106,64,99,74,16,73,101,12,49,113,84,66" hai1="13,76,60,41,27,38,25,7,30,119,117,81,121" hai2="19,1,108,89,32,114,15,21,103,3,5,105,70" hai3="100,39,68,131,26,35,90,75,50,93,116,88,14"/><W43/><G39/><T22/><D109/><U11/><E121/><V82/><F108/><W111/><G68/><T17/><D113/><U40/><E60/><V128/><F70/><W28/><G116/><N who="1" m="44618" /><E38/><V107/><F32/><W47/><G111/><T53/><D84/><N who="1" m="48167" /><E27/><V65/><F65/><W71/><G71/><T23/><D66/><U48/><E48/><V59/><F59/><W97/><G75/><T46/><REACH who="0" step="1"/><D64/><REACH who="0" ten="150,246,420,174" step="2"/><U118/><E118/><V63/><F114/><W33/><G131/><T44/><D44/><U0/><E0/><V34/><F63/><W45/><G45/><T36/><D36/><U55/><E55/><V31/><F19/><W77/><G35/><AGARI ba="0,1" hai="7,11,13,25,30,35,40,41" m="48167,44618" machi="35" ten="30,3900,0" yaku="12,1,52,2" doraHai="37" who="1" fromWho="3" sc="150,0,246,49,420,0,174,-39" owari="150,-25.0,295,10.0,420,51.0,135,-36.0" /></mjloggm>