<mjloggm ver="2.3"><GO type="97" lobby="0"/><UN n0="%E3%82%BF%E3%82%B1%E3%82%84%E3%82%93" n1="%E3%83%88%E3%83%88%E3%83%AA%E5%85%88%E7%94%9F%31%39%E6%AD%B3" n2="%6D%79%65%79%61%6E" n3="%E3%81%A7%E3%82%93%E3%81%A7%E3%82%93%E8%99%AB" dan="14,15,14,14" rate="1950.23,2039.80,1894.51,1972.80" sx="M,F,M,F"/><TAIKYOKU oya="0"/><INIT seed="0,0,0,3,2,43" ten="250,250,250,250" oya="0" hai0="52,94,22,116,44,77,133,87,63,104,38,122,76" hai1="124,19,24,37,57,78,59,3,106,132,126,74,99" hai2="82,85,107,7,125,88,17,12,25,14,35,10,135" hai3="64,2,103,5,45,93,86,75,21,39,100,40,79"/><T9/><D104/><U27/><E3/><V73/><F135/><W29/><G64/><T62/><D116/><U113/><E132/><V121/><F125/><N who="1" m="48233" /><E113/><V4/><F121/><W130/><G130/><T42/><D122/><U53/><E37/><V72/><F107/><W127/><G127/><T84/><D133/><U69/><E69/><V115/><F115/><W109/><G109/><T58/><D9/><U8/><E59/><V108/><F108/><W81/><G21/><T6/><D6/><U41/><E41/><V11/><F17/><W32/><G29/><AGARI ba="0,0" hai="4,7,10,11,12,14,25,29,35,72,73,82,85,88" machi="29" ten="40,2600,0" yaku="9,1,54,1" doraHai="43" who="2" fromWho="3" sc="250,0,250,0,250,26,250,-26" /><INIT seed="1,0,0,3,0,56" ten="250,250,276,224" oya="1" hai0="2,102,13,41,79,75,38,30,60,44,131,61,104" hai1="14,45,78,121,73,98,95,105,3,99,63,123,91" hai2="28,135,114,32,33,93,128,43,17,57,48,34,133" hai3="71,1,51,26,76,116,89,97,70,111,94,130,58"/><U25/><E3/><V66/><F128/><W5/><G130/><T81/><D30/><U77/><E14/><V0/><F0/><W49/><G111/><T7/><D131/><U80/><E45/><V117/><F117/><W46/><G116/><T16/><D102/><N who="1" m="62687" /><E63/><N who="2" m="38255" /><F17/><W20/><G76/><T22/><REACH who="0" step="1"/><D104/><REACH who="0" ten="240,250,276,224" step="2"/><U74/><E25/><V11/><F114/><W31/><G1/><T42/><D42/><U4/><E4/><V129/><F129/><W18/><G5/><T55/><D55/><U103/><E121/><V88/><F11/><AGARI ba="0,1" hai="2,7,11,13,16,22,38,41,44,60,61,75,79,81" machi="11" ten="40,12000,2" yaku="1,1,25,2,52,2,54,1,53,1" doraHai="56" doraHaiUra="15" who="0" fromWho="2" sc="240,130,250,0,276,-120,224,0" /><INIT seed="2,0,0,0,0,28" ten="370,250,156,224" oya="2" hai0="84,65,26,95,17,32,46,120,134,88,47,105,48" hai1="66,16,131,49,51,18,6,12,130,116,40,109,100" hai2="87,82,59,60,98,115,56,52,80,41,24,96,72" hai3="77,61,123,69,42,128,38,67,23,132,97,74,89"/><V19/><F115/><W44/><G123/><T108/><D120/><U104/><E116/><V11/><F72/><W8/><G132/><T54/><D105/><U4/><E109/><V58/><F41/><W62/><G128/><N who="1" m="49194" /><E18/><V85/><F85/><W76/><G74/><T81/><D108/><U50/><E66/><V5/><F82/><W78/><G8/><T45/><D134/><U9/><E40/><V43/><F43/><W75/><G75/><T70/><D65/><U53/><E100/><V25/><F19/><W91/><G97/><T3/><D3/><N who="1" m="159" /><E104/><V106/><F106/><W133/><G133/><T55/><D70/><U1/><E1/><V119/><F119/><W10/><G10/><T122/><D122/><U127/><E127/><V83/><F83/><W112/><G112/><T29/><D55/><U57/><E6/><V99/><F11/><AGARI ba="0,0" hai="11,12,16,49,50,51,53,57" m="159,49194" machi="11" ten="30,2000,0" yaku="19,1,54,1" doraHai="28" who="1" fromWho="2" sc="370,0,250,20,156,-20,224,0" /><INIT seed="3,0,0,4,2,118" ten="370,270,136,224" oya="3" hai0="116,94,40,99,130,115,89,81,88,85,120,101,17" hai1="126,33,24,16,78,83,23,21,59,55,97,117,3" hai2="109,11,57,37,125,18,129,90,22,29,79,25,128" hai3="73,66,71,106,93,103,46,75,77,14,19,92,107"/><W0/><G0/><T111/><D116/><U67/><E3/><V2/><F37/><W35/><G35/><T13/><D120/><U44/><E117/><V1/><F109/><W30/><G30/><T48/><D111/><U87/><E126/><V26/><F125/><W76/><G46/><N who="0" m="25671" /><D130/><U74/><E33/><N who="2" m="20655" /><F57/><W121/><G121/><T8/><D115/><U62/><E97/><V95/><F79/><AGARI ba="0,0" hai="8,13,17,79,81,85,88,89,94,99,101" m="25671" machi="79" ten="30,2000,0" yaku="8,1,54,1" doraHai="118" who="0" fromWho="2" sc="370,20,270,0,136,-20,224,0" owari="390,49.0,270,7.0,116,-38.0,224,-18.0" /></mjloggm>