<mjloggm ver="2.3"><GO type="41" lobby="0"/><UN n0="%E5%B0%B1%E6%B4%BB%E7%94%9F%40%E5%B7%9D%E6%9D%91%E8%BB%8D%E5%9B%A3" n1="%E6%A5%93%EF%BC%A0%EF%BC%AF%EF%BC%A3%EF%BC%A5%EF%BC%A1%EF%BC%AE" n2="%E3%83%97%E3%83%A9%E3%83%81%E3%83%8A%E3%83%A0" n3="%E3%82%84%E3%81%8F%E3%82%82" dan="17,13,15,15" rate="2150.85,1860.72,2012.64,2029.06" sx="M,M,M,M"/><TAIKYOKU oya="0"/><INIT seed="0,0,0,1,3,84" ten="250,250,250,250" oya="0" hai0="70,52,96,120,72,28,103,99,63,5,18,48,117" hai1="8,36,47,60,25,20,118,58,46,9,110,124,64" hai2="10,128,71,87,79,35,132,11,38,50,77,76,116" hai3="3,108,85,43,51,94,135,86,97,107,73,1,67"/><T125/><D117/><U39/><E46/><V24/><F38/><W126/><G73/><T69/><D120/><U42/><E118/><V93/><F132/><W32/><G32/><T95/><D72/><U41/><E41/><V98/><F71/><W100/><G135/><T17/><D125/><U129/><E36/><V4/><F128/><W83/><G67/><T14/><D28/><U21/><E129/><V122/><F122/><W61/><G61/><T105/><D5/><U82/><E124/><V37/><F37/><W29/><G29/><T121/><D121/><U66/><E66/><V15/><F116/><W13/><G108/><T92/><D63/><U80/><E20/><V102/><F50/><W114/><G114/><T12/><D105/><U22/><E22/><V44/><F44/><W34/><G34/><T56/><D14/><U127/><E127/><V78/><F35/><W27/><G27/><T109/><D109/><U55/><E110/><V49/><F49/><W89/><G13/><T75/><D18/><U88/><E64/><V119/><F119/><W65/><G65/><T112/><D75/><U68/><E68/><V59/><F59/><W74/><G74/><T90/><REACH who="0" step="1"/><D112/><REACH who="0" ten="240,250,250,250" step="2"/><U57/><E60/><V104/><F24/><W133/><G126/><T115/><D115/><U33/><E25/><V2/><F104/><W6/><G133/><T130/><D130/><U31/><E31/><V81/><F2/><W53/><G6/><T113/><D113/><U45/><E39/><V26/><F26/><W19/><G19/><T111/><D111/><U30/><E30/><RYUUKYOKU ba="0,1" sc="240,15,250,-15,250,15,250,-15" hai0="12,17,48,52,56,69,70,90,92,95,96,99,103" hai2="4,10,11,15,76,77,78,79,81,87,93,98,102" /><INIT seed="0,1,1,1,3,21" ten="255,235,265,235" oya="0" hai0="72,61,123,50,118,1,14,51,5,41,101,94,56" hai1="100,10,55,71,3,34,42,85,7,97,13,59,126" hai2="87,81,117,98,45,112,70,57,105,119,129,96,48" hai3="116,18,76,17,22,63,124,133,130,24,128,104,80"/><T26/><D118/><N who="2" m="45066" /><F70/><W73/><G116/><T20/><D72/><U54/><E71/><V30/><F112/><W36/><G36/><T58/><D1/><U89/><E34/><V121/><F121/><W102/><G133/><T53/><D123/><U114/><E42/><V47/><F129/><W95/><G124/><T6/><D41/><U122/><E122/><V90/><F30/><W65/><G104/><T35/><D35/><U69/><E69/><V46/><F105/><W38/><G38/><T135/><D135/><U4/><E55/><AGARI ba="1,1" hai="45,46,47,48,55,57,81,87,90,96,98" m="45066" machi="55" ten="30,1000,0" yaku="12,1" doraHai="21" who="2" fromWho="1" sc="255,0,235,-13,265,23,235,0" /><INIT seed="1,0,0,0,4,85" ten="255,222,288,235" oya="1" hai0="94,78,62,15,29,106,84,60,17,132,101,0,26" hai1="31,20,109,5,1,108,36,22,3,6,28,75,56" hai2="100,44,23,13,73,14,86,59,97,63,46,115,135" hai3="18,127,19,58,66,113,8,45,74,30,38,131,104"/><U16/><E75/><V27/><F73/><W47/><G104/><T69/><D0/><N who="1" m="75" /><E22/><V83/><F135/><W126/><G74/><T57/><D132/><U33/><E33/><V117/><F117/><W64/><G30/><N who="1" m="11306" /><E36/><V72/><F72/><W52/><G113/><T91/><D69/><U55/><E55/><V119/><F115/><W48/><G8/><T96/><D78/><U111/><E56/><V110/><F119/><W133/><G133/><T61/><D29/><U11/><E11/><V82/><F82/><W98/><G98/><T42/><D42/><U125/><E125/><N who="3" m="47626" /><G131/><T92/><D26/><AGARI ba="0,0" hai="5,6,16,20,26,108,109,111" m="11306,75" machi="26" ten="40,12000,1" yaku="14,1,10,1,34,2,54,1" doraHai="85" who="1" fromWho="0" sc="255,-120,222,120,288,0,235,0" /><INIT seed="1,1,0,0,1,19" ten="135,342,288,235" oya="1" hai0="23,60,107,58,54,109,62,67,131,86,106,90,133" hai1="24,79,91,13,128,34,112,59,108,51,76,122,41" hai2="50,104,35,120,38,48,119,97,66,114,84,68,116" hai3="127,113,32,9,70,135,126,96,17,98,40,77,14"/><U121/><E112/><V81/><F114/><W92/><G113/><T78/><D109/><U28/><E122/><V31/><F120/><W103/><G70/><T118/><D133/><U4/><E121/><V69/><F38/><W12/><G32/><T100/><D118/><U45/><E128/><V93/><F68/><W25/><G25/><T37/><D131/><U61/><E108/><V110/><F110/><W63/><G135/><T43/><D78/><U2/><E2/><V47/><F48/><W72/><G40/><T29/><D43/><U21/><E91/><V64/><F64/><W52/><G77/><T123/><D37/><U6/><E34/><V102/><F93/><W10/><G72/><T125/><D125/><U130/><E130/><V1/><F1/><W88/><G63/><T134/><D134/><U39/><E39/><V73/><F73/><W87/><G96/><T95/><D100/><U71/><E71/><V22/><F22/><W55/><G127/><T42/><D42/><U0/><E0/><V5/><F5/><N who="1" m="2153" /><E13/><V89/><F50/><W26/><G26/><T15/><D123/><U27/><E24/><N who="2" m="18919" /><F47/><W53/><G126/><T20/><D107/><U132/><E132/><V56/><F56/><W117/><G117/><T75/><D106/><U7/><E7/><V18/><F18/><W83/><G12/><T129/><D75/><U80/><E80/><V105/><F105/><W44/><G44/><T94/><D129/><U46/><E45/><V16/><F16/><W30/><G30/><T65/><D29/><U124/><E124/><V33/><F33/><RYUUKYOKU ba="1,0" sc="135,-30,342,10,288,10,235,10" hai1="21,27,28,41,46,51,59,61,76,79" hai2="66,69,81,84,89,97,102,104,116,119" hai3="9,10,14,17,52,53,55,83,87,88,92,98,103" /><INIT seed="1,2,0,0,5,96" ten="105,352,298,245" oya="1" hai0="9,48,73,39,127,18,74,28,131,67,93,133,68" hai1="34,3,66,110,122,90,1,42,128,23,76,0,51" hai2="85,16,7,37,20,115,88,116,118,91,33,31,32" hai3="107,47,103,123,11,108,52,129,41,40,45,29,75"/><U92/><E122/><V117/><F37/><W120/><G75/><T38/><D28/><U97/><E34/><V55/><F31/><W8/><G129/><T94/><D127/><U104/><E128/><V46/><F7/><W54/><G29/><T89/><D131/><U102/><E23/><V64/><F115/><W113/><G107/><T79/><D133/><U98/><E66/><V10/><F64/><W72/><G72/><T49/><D79/><U13/><E13/><V15/><F91/><W121/><G121/><T53/><D67/><U63/><E63/><V22/><F22/><W65/><G65/><T62/><D62/><U36/><E36/><V35/><F20/><W86/><G86/><T83/><D83/><U12/><E12/><V111/><F111/><W71/><G108/><T81/><D81/><U69/><E110/><V44/><REACH who="2" step="1"/><F55/><REACH who="2" ten="105,352,288,245" step="2"/><W2/><G113/><T60/><D53/><U21/><E21/><V105/><F105/><W19/><G19/><T77/><D89/><U26/><E76/><V17/><F17/><W134/><G134/><T84/><D18/><U50/><E42/><V59/><F59/><W57/><G57/><T101/><D68/><U58/><E69/><V43/><F43/><W114/><G114/><T24/><D77/><U14/><E58/><V87/><F87/><W100/><G2/><T95/><D84/><U125/><E0/><V27/><F27/><W56/><G56/><T109/><D24/><U78/><E26/><V135/><F135/><W80/><G71/><T119/><D109/><U126/><E78/><V132/><F132/><RYUUKYOKU ba="2,1" sc="105,-15,352,-15,288,15,245,15" hai2="10,15,16,32,33,35,44,46,85,88,116,117,118" hai3="8,11,40,41,45,47,52,54,80,100,103,120,123" /><INIT seed="2,3,1,3,5,110" ten="90,337,303,260" oya="2" hai0="14,34,9,20,2,65,24,78,63,33,51,98,81" hai1="62,70,135,46,106,74,5,126,42,128,104,15,57" hai2="16,71,68,38,91,89,36,101,122,61,40,39,111" hai3="31,79,27,66,58,48,94,95,88,92,43,1,17"/><V55/><F40/><W120/><G120/><T30/><D98/><U44/><E74/><V105/><F122/><W45/><G1/><T26/><D51/><U67/><E135/><V132/><F132/><W28/><G79/><T108/><D108/><U52/><E128/><V72/><F72/><W11/><G28/><T90/><D90/><U60/><E126/><V8/><F111/><W121/><G121/><T83/><D26/><U97/><E97/><V130/><F130/><W84/><G66/><T0/><D34/><U113/><E113/><V85/><F101/><W7/><G17/><T102/><D102/><U41/><E41/><V53/><F105/><W96/><G96/><T29/><D29/><U116/><E116/><V22/><F8/><W13/><REACH who="3" step="1"/><G58/><REACH who="3" ten="90,337,303,250" step="2"/><T124/><D124/><U76/><E76/><V125/><F125/><W25/><G25/><T32/><D32/><AGARI ba="3,2" hai="7,11,13,27,31,32,43,45,48,84,88,92,94,95" machi="32" ten="30,3900,0" yaku="1,1,7,1,54,1,53,0" doraHai="110" doraHaiUra="54" who="3" fromWho="0" sc="90,-48,337,0,303,0,250,68" /><INIT seed="3,0,0,2,1,28" ten="42,337,303,318" oya="3" hai0="54,61,135,85,120,35,94,37,77,9,16,69,67" hai1="23,73,1,78,52,42,64,123,65,115,33,87,75" hai2="13,129,39,17,82,3,104,68,121,55,34,71,80" hai3="47,89,45,124,98,108,116,12,133,5,29,100,57"/><W44/><G116/><T126/><D120/><U59/><E123/><V88/><F39/><W132/><G124/><T91/><D135/><U2/><E115/><V24/><F3/><W90/><G29/><T109/><D126/><U96/><E2/><V38/><F38/><W102/><G108/><T117/><D109/><U15/><E1/><V99/><F121/><W8/><G57/><T26/><D117/><U114/><E114/><V53/><F129/><W97/><G97/><T32/><D37/><U127/><E127/><V111/><F111/><W103/><REACH who="3" step="1"/><G98/><REACH who="3" ten="42,337,303,308" step="2"/><T107/><D107/><U27/><E96/><V58/><F104/><W101/><N who="3" m="25600" /><DORA hai="21" /><W118/><G118/><T131/><D131/><U20/><E59/><V4/><F99/><W105/><G105/><T119/><D119/><U40/><E73/><V112/><F58/><W60/><G60/><T125/><D125/><U41/><E75/><V10/><F112/><W92/><G92/><T95/><D95/><U134/><E134/><AGARI ba="0,1" hai="5,8,12,44,45,47,89,90,132,133,134" m="25600" machi="134" ten="60,11600,0" yaku="1,1,20,1,53,1" doraHai="28,21" doraHaiUra="11,106" who="3" fromWho="1" sc="42,0,337,-116,303,0,308,126" /><INIT seed="3,1,0,3,2,74" ten="42,221,303,434" oya="3" hai0="120,104,2,94,37,26,1,87,11,57,80,103,129" hai1="100,113,30,115,51,83,5,124,130,14,53,23,121" hai2="66,88,78,128,69,3,55,122,110,43,111,105,107" hai3="65,97,52,108,44,10,123,38,106,63,42,22,8"/><W127/><G123/><T60/><D37/><U102/><E121/><V132/><F122/><W18/><G127/><T13/><D120/><U92/><E124/><V25/><F132/><W64/><G108/><N who="2" m="41513" /><F128/><W131/><G131/><T95/><D129/><U50/><E130/><V73/><F3/><W7/><G106/><T31/><D104/><U29/><E5/><V93/><F43/><W135/><G135/><T89/><D103/><U133/><E133/><V86/><F55/><W6/><G6/><T62/><D1/><U116/><E53/><V56/><F69/><W82/><G97/><T35/><D2/><U24/><E116/><V45/><F45/><W32/><G32/><T68/><D68/><U41/><E92/><V40/><F40/><W21/><G21/><T36/><D36/><U59/><E23/><V98/><F25/><W48/><G7/><T61/><REACH who="0" step="1"/><D57/><REACH who="0" ten="32,221,303,434" step="2"/><U46/><E59/><V84/><F56/><W4/><G4/><AGARI ba="1,1" hai="4,11,13,26,31,35,60,61,62,80,87,89,94,95" machi="4" ten="40,5200,0" yaku="1,1,2,1,53,1" doraHai="74" doraHaiUra="27" who="0" fromWho="3" sc="32,65,221,0,303,0,434,-55" /><INIT seed="4,0,0,1,4,105" ten="97,221,303,379" oya="0" hai0="17,5,103,115,19,36,73,122,126,98,44,129,101" hai1="75,8,9,64,71,46,7,90,74,33,47,52,11" hai2="63,125,0,57,2,76,45,27,22,78,13,65,23" hai3="132,80,120,96,55,124,21,67,112,43,48,99,121"/><T94/><D122/><U16/><E33/><V135/><F135/><W49/><G132/><T123/><D123/><U54/><E7/><V31/><F125/><W10/><G124/><T58/><D73/><U68/><E11/><V38/><F2/><W111/><G67/><T32/><D126/><U88/><E16/><N who="2" m="10511" /><F0/><W6/><G111/><T128/><D32/><U77/><E77/><N who="2" m="29803" /><F38/><W41/><G80/><T118/><D118/><U26/><E26/><V93/><F93/><W113/><G21/><T95/><D115/><U133/><E133/><V39/><F39/><W69/><G69/><T50/><D5/><U92/><E92/><V82/><F45/><W89/><G55/><T117/><D36/><U106/><REACH who="1" step="1"/><E64/><REACH who="1" ten="97,211,303,379" step="2"/><V79/><F79/><W85/><G10/><T15/><D117/><U28/><E28/><V130/><F130/><N who="0" m="50282" /><D19/><U59/><E59/><V35/><F35/><W4/><G121/><T127/><D58/><U87/><E87/><V30/><F82/><W109/><G120/><T18/><D127/><U108/><E108/><V84/><F84/><W29/><G109/><T83/><D83/><U1/><E1/><V102/><F30/><W110/><G110/><T53/><D15/><U34/><E34/><V116/><F116/><W62/><G29/><T40/><D40/><U104/><AGARI ba="0,1" hai="8,9,46,47,52,54,68,71,74,75,88,90,104,106" machi="104" ten="25,16000,3" yaku="1,1,0,1,22,2,52,2,54,2,53,0" doraHai="105" doraHaiUra="12" who="1" fromWho="1" sc="97,-80,211,170,303,-40,379,-40" /><INIT seed="5,0,0,5,0,132" ten="17,381,263,339" oya="1" hai0="106,76,84,23,94,63,18,89,52,34,113,121,122" hai1="105,17,90,99,61,45,37,36,24,33,81,123,28" hai2="66,53,104,98,7,49,116,133,9,11,16,14,125" hai3="26,38,72,83,71,114,73,4,10,127,112,109,67"/><U57/><E123/><V51/><F116/><W135/><G135/><T1/><D106/><U75/><E45/><V40/><F133/><W103/><G109/><T3/><D34/><U115/><E115/><V65/><F125/><W21/><G103/><T131/><D113/><N who="3" m="43625" /><G38/><T118/><D118/><U101/><E17/><V58/><F104/><W29/><G83/><T134/><D131/><U68/><E57/><V129/><F129/><W124/><G67/><T120/><D134/><U31/><E28/><V102/><F102/><W70/><G73/><T50/><D76/><N who="1" m="44191" /><E90/><V5/><F98/><W86/><G86/><T130/><D63/><U56/><E56/><V85/><F85/><W15/><G72/><T79/><D79/><U13/><E13/><N who="2" m="7215" /><F5/><W97/><G97/><T8/><D8/><U54/><E54/><N who="2" m="32079" /><F40/><W19/><G71/><T91/><D91/><U60/><E60/><V62/><F62/><W78/><G78/><T47/><REACH who="0" step="1"/><D130/><REACH who="0" ten="7,381,263,339" step="2"/><U117/><E117/><V88/><F88/><W43/><G70/><T95/><D95/><U46/><E46/><AGARI ba="0,1" hai="7,11,14,46,51,53,65,66" m="32079,7215" machi="46" ten="30,2000,0" yaku="8,1,54,1" doraHai="132" who="2" fromWho="1" sc="7,0,381,-20,263,30,339,0" /><INIT seed="6,0,0,1,3,59" ten="7,361,293,339" oya="2" hai0="125,60,30,44,13,115,17,121,82,42,133,10,54" hai1="93,90,134,107,94,37,130,110,25,128,104,66,18" hai2="4,68,85,0,62,83,127,8,113,91,99,69,78" hai3="5,31,71,129,58,96,12,74,88,43,47,9,103"/><V123/><F127/><W67/><G74/><T55/><D115/><U75/><E37/><V126/><F126/><W72/><G72/><T120/><D125/><U81/><E94/><V40/><F123/><W3/><G129/><T122/><D133/><U89/><E110/><V48/><F113/><W56/><G31/><T16/><D82/><U92/><E92/><V102/><F91/><W22/><G22/><T76/><D76/><N who="1" m="44191" /><E66/><V109/><F109/><W132/><G3/><T135/><D135/><U131/><E25/><V70/><F48/><W108/><G132/><T14/><D30/><U21/><E134/><V65/><REACH who="2" step="1"/><F40/><REACH who="2" ten="7,361,283,339" step="2"/><W101/><G108/><T124/><D124/><U27/><E90/><V106/><AGARI ba="0,1" hai="0,4,8,62,65,68,69,70,78,83,85,99,102,106" machi="106" ten="20,12000,1" yaku="1,1,2,1,0,1,7,1,52,1,53,0" doraHai="59" doraHaiUra="53" who="2" fromWho="2" sc="7,-40,361,-40,283,130,339,-40" owari="-33,-53.0,321,12.0,413,51.0,299,-10.0" /></mjloggm>