<mjloggm ver="2.3"><GO type="169" lobby="0"/><UN n0="%E5%B0%B1%E6%B4%BB%E7%94%9F%40%E5%B7%9D%E6%9D%91%E8%BB%8D%E5%9B%A3" n1="%E3%81%9B%E3%81%95%E3%81%BF%E3%82%93%E2%99%AA" n2="%68%61%79%61%74%6F%E2%98%86" n3="%E6%93%8D" dan="16,17,19,17" rate="2119.02,2162.02,2287.39,2133.35" sx="M,F,M,M"/><TAIKYOKU oya="0"/><INIT seed="0,0,0,3,1,36" ten="250,250,250,250" oya="0" hai0="6,33,88,18,37,101,8,58,77,28,1,123,21" hai1="119,14,39,127,102,104,54,57,86,82,78,128,125" hai2="26,38,75,98,4,10,97,108,79,81,12,47,30" hai3="17,131,3,99,94,34,93,95,89,23,83,35,42"/><T49/><D37/><U51/><E119/><V90/><F108/><W7/><G131/><T50/><D123/><U20/><E39/><V72/><F72/><W45/><G7/><T100/><D77/><U25/><E128/><V132/><F132/><W5/><G5/><T53/><D49/><U117/><E117/><V62/><F62/><W103/><G3/><T135/><D135/><U61/><E102/><V27/><F27/><W114/><G114/><T29/><D29/><U24/><E104/><V9/><F9/><W120/><G120/><T43/><D43/><U115/><E115/><V134/><F90/><W2/><G2/><T105/><D105/><U0/><E0/><V22/><REACH who="2" step="1"/><F134/><REACH who="2" ten="250,250,240,250" step="2"/><W32/><G89/><T56/><D88/><U121/><E25/><V116/><F116/><W85/><G99/><T92/><D33/><U133/><E133/><V59/><F59/><W74/><G74/><T65/><D28/><N who="1" m="17415" /><E121/><V80/><F80/><W129/><G129/><T41/><D58/><U91/><E91/><V66/><F66/><W19/><G35/><T44/><D65/><U13/><E61/><V109/><F109/><W73/><G34/><T126/><D100/><U87/><E87/><V110/><F110/><W69/><G73/><T48/><D101/><U60/><E60/><V63/><F63/><W16/><G32/><T67/><D67/><U46/><E57/><V70/><F70/><W111/><G69/><T113/><D113/><U31/><E31/><V71/><F71/><W112/><G111/><T118/><D118/><U68/><E68/><V76/><F76/><RYUUKYOKU ba="0,1" sc="250,-15,250,15,240,15,250,-15" hai1="13,14,46,51,54,78,82,86,125,127" hai2="4,10,12,22,26,30,38,47,75,79,81,97,98" /><INIT seed="1,1,1,2,5,123" ten="235,265,255,235" oya="1" hai0="57,130,60,105,55,83,33,89,117,128,132,25,20" hai1="27,125,99,88,12,5,45,19,84,35,0,76,121" hai2="74,52,62,81,71,122,79,41,131,22,34,21,47" hai3="26,39,48,120,104,113,44,119,110,53,98,77,24"/><U43/><E121/><V102/><F34/><W87/><G120/><T75/><D117/><U108/><E125/><V67/><F122/><W101/><G113/><T42/><D33/><U129/><E129/><N who="0" m="49769" /><D105/><U68/><E68/><V29/><F131/><W4/><G119/><T92/><D132/><U73/><E99/><V37/><F29/><W30/><G4/><T107/><D107/><U90/><E0/><V114/><F102/><W127/><G127/><T106/><D42/><U69/><E69/><V93/><F93/><W64/><G64/><T103/><D103/><U115/><E5/><V2/><F2/><W49/><G39/><T3/><D3/><U112/><E27/><V46/><F114/><W50/><G26/><T100/><D100/><U15/><E35/><V59/><REACH who="2" step="1"/><F46/><REACH who="2" ten="235,265,245,235" step="2"/><W80/><G110/><T10/><D106/><U17/><E108/><V109/><F109/><W32/><AGARI ba="1,2" hai="24,30,32,44,48,49,50,53,77,80,87,98,101,104" machi="32" ten="20,1500,0" yaku="0,1,7,1" doraHai="123" who="3" fromWho="3" sc="235,-5,265,-8,245,-5,235,38" /><INIT seed="2,0,0,5,0,109" ten="230,257,240,273" oya="2" hai0="121,36,115,26,65,54,3,44,30,27,85,68,35" hai1="134,86,50,125,70,123,60,92,2,66,108,94,118" hai2="81,55,105,29,102,127,97,18,48,56,6,74,82" hai3="112,91,52,135,4,46,78,133,69,19,7,8,119"/><V42/><F127/><W100/><G119/><T20/><D121/><U33/><E118/><V25/><F6/><W130/><G69/><T99/><D3/><U132/><E108/><V73/><F81/><W34/><G34/><T114/><D99/><U77/><E125/><V59/><F42/><W96/><G78/><T47/><D68/><U32/><E123/><V98/><F18/><W67/><G67/><T90/><D65/><U72/><E2/><V110/><F110/><W15/><G91/><T41/><D54/><U103/><E50/><V23/><F82/><W45/><G45/><T9/><D9/><U124/><E124/><V93/><REACH who="2" step="1"/><F59/><REACH who="2" ten="230,257,230,273" step="2"/><W0/><G7/><T37/><D37/><U39/><E39/><V107/><F107/><W122/><G122/><T79/><D79/><U106/><E77/><V51/><F51/><W88/><G4/><T116/><D47/><U131/><E106/><V89/><AGARI ba="0,1" hai="23,25,29,48,55,56,73,74,89,93,97,98,102,105" machi="89" ten="20,3900,0" yaku="1,1,0,1,7,1,53,0" doraHai="109" doraHaiUra="71" who="2" fromWho="2" sc="230,-13,257,-13,230,49,273,-13" /><INIT seed="2,1,0,5,0,39" ten="217,244,279,260" oya="2" hai0="65,115,106,54,134,38,70,4,73,129,23,111,112" hai1="88,120,28,18,101,69,81,63,128,34,82,68,98" hai2="9,14,109,64,36,43,50,3,25,91,61,124,44" hai3="45,97,72,119,33,104,110,56,116,31,127,40,0"/><V48/><F124/><W19/><G72/><T94/><D106/><U123/><E128/><V132/><F132/><W80/><G127/><T42/><D73/><U122/><E18/><V74/><F74/><W126/><G126/><T114/><D4/><U16/><E16/><V83/><F3/><W125/><G125/><T29/><D29/><U58/><E28/><V41/><F25/><W12/><G0/><T117/><D23/><U95/><E34/><V32/><F32/><W53/><G31/><T59/><D94/><U89/><E81/><V130/><F130/><W113/><G33/><T35/><D35/><U37/><E37/><V84/><F109/><W20/><G113/><T24/><D24/><U8/><E8/><V75/><F75/><W51/><G110/><T22/><D22/><U90/><REACH who="1" step="1"/><E82/><REACH who="1" ten="217,234,279,260" step="2"/><V85/><F36/><W92/><G80/><T135/><D129/><U49/><E49/><V5/><F50/><W100/><REACH who="3" step="1"/><G104/><REACH who="3" ten="217,234,279,250" step="2"/><T108/><D111/><U76/><E76/><V66/><F83/><W79/><G79/><T60/><D108/><U11/><E11/><V78/><F9/><W71/><G71/><T133/><D114/><U105/><E105/><V55/><F78/><W103/><G103/><T17/><D115/><U77/><E77/><V131/><F131/><W13/><G13/><T7/><D112/><U1/><E1/><V6/><F14/><W2/><G2/><T10/><D134/><U99/><E99/><V27/><F27/><W52/><G52/><AGARI ba="1,2" hai="52,58,63,68,69,88,89,90,95,98,101,120,122,123" machi="52" ten="50,12000,2" yaku="1,1,13,1,54,2,53,3" doraHai="39" doraHaiUra="118" who="1" fromWho="3" sc="217,0,234,143,279,0,250,-123" /><INIT seed="3,0,0,4,2,20" ten="217,377,279,127" oya="3" hai0="102,0,133,71,38,95,135,66,115,43,81,87,109" hai1="59,70,41,11,126,30,96,31,8,49,124,6,74" hai2="123,131,9,51,105,61,67,16,132,56,83,85,1" hai3="76,80,50,82,40,134,127,77,64,106,72,54,113"/><W34/><G34/><T48/><D0/><U35/><E70/><V78/><F105/><W104/><G113/><T73/><D73/><U36/><E74/><V107/><F107/><W128/><G64/><T13/><D115/><U68/><E68/><V29/><F132/><N who="0" m="50762" /><D109/><U58/><E36/><V55/><F131/><W47/><G134/><T101/><D38/><U110/><E110/><V89/><F123/><W53/><G128/><T112/><D112/><U63/><E96/><V99/><F29/><W18/><G127/><T119/><D119/><U33/><E49/><V91/><F99/><W3/><G3/><T84/><D13/><U24/><E41/><V10/><F1/><W45/><G106/><T37/><D37/><U90/><E90/><V69/><F91/><W125/><G104/><T86/><D81/><U108/><E108/><V79/><F79/><W122/><G122/><T46/><D95/><U129/><E129/><V19/><REACH who="2" step="1"/><F78/><REACH who="2" ten="217,377,269,127" step="2"/><W21/><G125/><T116/><D116/><U26/><E124/><V2/><F2/><W42/><G82/><T94/><D94/><U7/><E126/><V100/><F100/><W75/><G77/><T25/><D101/><U32/><E32/><V4/><F4/><W130/><G75/><T118/><D102/><U28/><E28/><V12/><F12/><N who="3" m="9415" /><G130/><T117/><D117/><U92/><E92/><V97/><F97/><W27/><G27/><T88/><D25/><U98/><E98/><V15/><F15/><W23/><G23/><T65/><D118/><U22/><E22/><V14/><F14/><W5/><G5/><RYUUKYOKU ba="0,1" sc="217,-30,377,10,269,10,127,10" hai1="6,7,8,11,24,26,30,31,33,35,58,59,63" hai2="9,10,16,19,51,55,56,61,67,69,83,85,89" hai3="40,42,45,47,50,53,54,72,76,80" /><INIT seed="3,1,1,5,1,82" ten="187,387,279,137" oya="3" hai0="80,109,101,96,47,10,63,14,23,85,67,20,33" hai1="103,0,91,119,133,26,5,135,57,89,64,22,116" hai2="99,19,77,3,58,72,100,68,131,114,30,35,21" hai3="111,9,4,31,51,55,107,62,40,121,88,44,78"/><W132/><G121/><T92/><D33/><U11/><E103/><V56/><F68/><W102/><G132/><N who="1" m="50762" /><E57/><V87/><F3/><W134/><G134/><T69/><D47/><U83/><E64/><V130/><F72/><W60/><G78/><T79/><REACH who="0" step="1"/><D109/><REACH who="0" ten="177,387,279,137" step="2"/><U97/><E119/><V2/><F35/><W39/><G111/><T54/><D54/><U124/><E116/><V125/><F130/><W24/><G102/><T46/><D46/><U17/><E124/><V49/><F125/><W12/><G107/><T118/><D118/><U16/><E97/><V122/><F131/><W50/><G39/><T38/><D38/><U61/><E61/><V104/><F99/><W71/><G71/><T115/><D115/><U25/><E83/><V75/><F114/><W120/><G120/><T45/><D45/><U59/><E59/><V126/><F58/><W43/><G43/><T15/><D15/><U70/><E70/><V52/><F56/><W13/><G13/><T129/><D129/><U36/><E36/><V48/><F100/><W95/><G51/><T73/><D73/><U106/><E106/><V86/><F48/><W29/><G24/><T32/><D32/><U1/><E1/><V117/><F49/><W105/><G105/><T127/><D127/><U41/><E41/><V84/><F104/><W76/><G76/><T42/><D42/><U90/><E25/><V34/><F126/><W110/><G110/><T6/><AGARI ba="1,2" hai="6,10,14,20,23,63,67,69,79,80,85,92,96,101" machi="6" ten="20,12000,2" yaku="1,1,0,1,7,1,52,1,53,2" doraHai="82" doraHaiUra="18" who="0" fromWho="0" sc="177,143,387,-31,279,-31,137,-61" /><INIT seed="4,0,0,4,5,52" ten="320,356,248,76" oya="0" hai0="35,8,16,43,69,15,10,31,106,60,122,119,25" hai1="72,97,18,27,111,66,113,101,89,103,59,92,71" hai2="73,134,54,4,24,80,102,99,95,121,120,70,116" hai3="114,67,77,17,57,61,5,19,21,56,48,51,131"/><T6/><D106/><U39/><E111/><V64/><F116/><W84/><G114/><T42/><D119/><U123/><E123/><V83/><F134/><W49/><G131/><T125/><D122/><U124/><E124/><V110/><F110/><W74/><G74/><T127/><D69/><U33/><E39/><V11/><F80/><W40/><G5/><T86/><D86/><U98/><E72/><V29/><F54/><W38/><G38/><T26/><D60/><N who="1" m="40391" /><E18/><V58/><F70/><W28/><G40/><T115/><D115/><U93/><E59/><V117/><F117/><W96/><G96/><T9/><D43/><U22/><E22/><N who="2" m="15511" /><F83/><N who="3" m="47215" /><G28/><N who="0" m="19855" /><D42/><U50/><E50/><N who="3" m="19562" /><G21/><N who="0" m="15823" /><D6/><U88/><E113/><V112/><F73/><W107/><G107/><T87/><D87/><U90/><E103/><V0/><F112/><W129/><G129/><T37/><D37/><U133/><E98/><V12/><F121/><W118/><G118/><T135/><D135/><U53/><E133/><V36/><F36/><W132/><G132/><T41/><D41/><U34/><E93/><V7/><F120/><W94/><G94/><T91/><D91/><U47/><E90/><V68/><F68/><W45/><G45/><T79/><D79/><U44/><E89/><V13/><F7/><W108/><G108/><T63/><D63/><AGARI ba="0,0" hai="0,4,11,12,13,58,63,64,95,99,102" m="15511" machi="63" ten="30,2000,0" yaku="25,1,52,1" doraHai="52" who="2" fromWho="0" sc="320,-20,356,0,248,20,76,0" /><INIT seed="5,0,0,0,1,110" ten="300,356,268,76" oya="1" hai0="40,66,9,88,125,83,11,99,41,85,49,6,48" hai1="128,18,134,33,54,51,23,121,124,55,87,20,22" hai2="60,47,117,46,109,89,8,58,118,62,71,19,129" hai3="84,25,75,4,122,27,65,63,73,91,107,82,90"/><U28/><E121/><V45/><F8/><N who="0" m="3146" /><D125/><U10/><E124/><V115/><F89/><W127/><G122/><T59/><D6/><U50/><E128/><V116/><F19/><W102/><G127/><T34/><D34/><U30/><E134/><V76/><F76/><W2/><G2/><T92/><D66/><U26/><E87/><V29/><F29/><N who="1" m="11369" /><E33/><V42/><F129/><W38/><G38/><T96/><D96/><U7/><E7/><V98/><F98/><W81/><G4/><T86/><D86/><U13/><E26/><V112/><F109/><W39/><G39/><T24/><D24/><U36/><E36/><V12/><F12/><W35/><G27/><T119/><D119/><U104/><E104/><V1/><F1/><W111/><G25/><T80/><D80/><U68/><E68/><V61/><F71/><W130/><G35/><T120/><D120/><U97/><E97/><V79/><F79/><W74/><G130/><T53/><D48/><AGARI ba="0,0" hai="10,13,18,20,22,23,48,50,51,54,55" m="11369" machi="48" ten="30,1500,0" yaku="8,1" doraHai="110" who="1" fromWho="0" sc="300,-15,356,15,268,0,76,0" /><INIT seed="5,1,0,1,2,74" ten="285,371,268,76" oya="1" hai0="56,113,46,32,59,80,21,25,130,96,93,90,22" hai1="69,60,87,23,120,57,29,26,104,44,20,47,103" hai2="132,122,52,12,119,31,37,108,79,107,131,92,51" hai3="71,125,50,0,64,8,43,2,6,34,112,3,33"/><U18/><E120/><V89/><F107/><W67/><G112/><T117/><D117/><U102/><E69/><V39/><F119/><W129/><G125/><T15/><D113/><U42/><E104/><V48/><F122/><W126/><G126/><T1/><D1/><U124/><E124/><V30/><F108/><W10/><G129/><T116/><D116/><U76/><E87/><V133/><F12/><W85/><G71/><T72/><D130/><U13/><E76/><V54/><F92/><W14/><G85/><N who="0" m="50471" /><D32/><N who="3" m="12393" /><G50/><T94/><D72/><U24/><E13/><V45/><F89/><W7/><G43/><T40/><D15/><U111/><E111/><V84/><F84/><W35/><N who="3" m="12401" /><W5/><DORA hai="68" /><G64/><T16/><D22/><U83/><E83/><V41/><F131/><W91/><G67/><T101/><D94/><U73/><E73/><V95/><F95/><W11/><G91/><T109/><D109/><U98/><E98/><V77/><F45/><N who="1" m="17481" /><E42/><AGARI ba="1,0" hai="30,31,37,39,41,42,48,51,52,54,77,79,132,133" machi="42" ten="25,12000,2" yaku="22,2,52,4,54,1" doraHai="74,68" who="2" fromWho="1" sc="285,0,371,-123,268,123,76,0" /><INIT seed="6,0,0,2,5,33" ten="285,248,391,76" oya="2" hai0="85,52,58,21,14,50,11,131,69,38,29,129,104" hai1="120,34,95,25,65,70,111,108,48,119,79,19,23" hai2="93,107,127,53,3,126,117,105,40,12,36,94,77" hai3="30,71,35,27,18,87,28,116,68,9,121,67,13"/><V56/><F77/><W132/><G121/><T81/><D104/><U102/><E119/><V16/><F3/><W20/><G116/><T26/><D69/><U57/><E120/><V42/><F117/><W80/><G132/><T122/><D38/><U86/><E34/><V76/><F76/><W92/><G92/><N who="2" m="35433" /><F36/><W114/><G67/><T88/><REACH who="0" step="1"/><D122/><REACH who="0" ten="275,248,391,76" step="2"/><U112/><E112/><V15/><F105/><W123/><G114/><T4/><AGARI ba="0,1" hai="4,11,14,21,26,29,50,52,58,81,85,88,129,131" machi="4" ten="30,12000,2" yaku="1,1,2,1,0,1,54,2,53,1" doraHai="33" doraHaiUra="55" who="0" fromWho="0" sc="275,130,248,-30,391,-60,76,-30" /><INIT seed="7,0,0,1,2,29" ten="405,218,331,46" oya="3" hai0="61,107,49,124,62,132,59,118,4,128,51,83,12" hai1="135,105,33,3,112,6,81,21,88,114,30,13,58" hai2="70,16,123,63,20,56,77,79,46,44,103,97,64" hai3="69,80,120,75,71,45,31,52,18,127,68,74,42"/><W108/><G120/><T14/><D107/><U130/><E105/><V84/><F123/><W66/><G66/><T65/><D118/><U27/><E88/><V95/><F70/><W93/><G127/><T36/><D36/><U32/><E81/><V85/><F84/><W109/><G93/><T38/><D38/><U121/><E58/><V26/><REACH who="2" step="1"/><F85/><REACH who="2" ten="405,218,321,46" step="2"/><W119/><G80/><T111/><D124/><U99/><E121/><V134/><F134/><W1/><G119/><T133/><D83/><U8/><E99/><V129/><F129/><W60/><G60/><T25/><D128/><U101/><E101/><V102/><F102/><W0/><G18/><T37/><D62/><U50/><E50/><V28/><F28/><W34/><G52/><T116/><D37/><U47/><E47/><AGARI ba="0,1" hai="16,20,26,44,46,47,56,63,64,77,79,95,97,103" machi="47" ten="40,8000,1" yaku="1,1,8,1,54,1,53,1" doraHai="29" doraHaiUra="55" who="2" fromWho="1" sc="405,0,218,-80,321,90,46,0" owari="405,21.0,138,-26.0,411,50.0,46,-45.0" /></mjloggm>