<mjloggm ver="2.3"><GO type="169" lobby="0"/><UN n0="%E3%82%A6%E3%83%AB%E3%83%88%E3%83%A9%E7%AB%8B%E7%9B%B4" n1="%E6%9D%8E%E7%A9%8E%E8%97%8D" n2="%67%61%72%75%63%69%61" n3="%E6%98%9F%E9%99%8D%E3%82%8B%E8%A1%97" dan="17,16,16,17" rate="2216.71,2154.02,2117.71,2162.48" sx="M,M,M,F"/><TAIKYOKU oya="0"/><INIT seed="0,0,0,1,4,43" ten="250,250,250,250" oya="0" hai0="47,80,61,96,92,35,46,13,97,98,72,91,129" hai1="115,26,94,79,31,117,95,22,118,123,51,57,0" hai2="110,60,48,5,49,86,119,124,17,116,58,78,69" hai3="66,40,122,73,1,10,2,50,55,29,133,33,70"/><T32/><D129/><U71/><E123/><V59/><F5/><W14/><G73/><T81/><D35/><U127/><E71/><V24/><F110/><W41/><G133/><T134/><D32/><U102/><E0/><V42/><F124/><W18/><G122/><T36/><D134/><U114/><E127/><V77/><F69/><W21/><G66/><T120/><D120/><U19/><E79/><V83/><F77/><W75/><G75/><T44/><D36/><U135/><E135/><V128/><F128/><W52/><G70/><T56/><D13/><U16/><E19/><V34/><F49/><W103/><G103/><T100/><D72/><U88/><E102/><V8/><F34/><W39/><G55/><N who="0" m="33951" /><D100/><U67/><E31/><V121/><F121/><W63/><G63/><T7/><D7/><U108/><E108/><V132/><F132/><W125/><G39/><T27/><D27/><U65/><E117/><V9/><F119/><W62/><G62/><T105/><D105/><U109/><E109/><V82/><F82/><AGARI ba="0,0" hai="44,46,47,80,81,82,91,92,96,97,98" m="33951" machi="82" ten="30,11600,0" yaku="8,1,52,3" doraHai="43" who="0" fromWho="2" sc="250,116,250,0,250,-116,250,0" /><INIT seed="0,1,0,4,1,59" ten="366,250,134,250" oya="0" hai0="118,98,14,42,68,0,109,67,117,22,41,123,129" hai1="35,132,83,50,39,18,97,62,89,6,121,113,102" hai2="115,48,80,12,131,114,16,76,25,46,124,72,52" hai3="51,112,38,49,77,8,57,135,30,110,86,63,71"/><T21/><D0/><U17/><E121/><V24/><F124/><W53/><G38/><T84/><D123/><U65/><E39/><V70/><F70/><W125/><G112/><T87/><D98/><U34/><E132/><V90/><F131/><W5/><G135/><T36/><D36/><U1/><E113/><V33/><F90/><W64/><G125/><T23/><D14/><U116/><E116/><V107/><F107/><W44/><G30/><T11/><D11/><U103/><E35/><V126/><F126/><W40/><G110/><T27/><D27/><U37/><E34/><V26/><REACH who="2" step="1"/><F33/><REACH who="2" ten="366,250,124,250" step="2"/><W92/><G77/><T122/><D129/><U3/><E89/><V7/><F7/><W82/><G82/><T31/><D118/><U54/><E6/><V4/><F4/><W56/><G92/><T101/><D117/><U73/><E83/><V95/><F95/><W119/><G119/><T106/><D122/><U47/><E102/><V32/><F32/><W69/><REACH who="3" step="1"/><G86/><REACH who="3" ten="366,250,124,240" step="2"/><T66/><D87/><U15/><E103/><V75/><F75/><W130/><G130/><T81/><D84/><U111/><E73/><V43/><F43/><W55/><G55/><T120/><D81/><U28/><E54/><V58/><F58/><W29/><G29/><T128/><D31/><U96/><E28/><V20/><AGARI ba="1,2" hai="12,16,20,24,25,26,46,48,52,72,76,80,114,115" machi="20" ten="30,7900,0" yaku="1,1,0,1,54,2,53,0" doraHai="59" doraHaiUra="100" who="2" fromWho="2" sc="366,-40,250,-21,124,102,240,-21" /><INIT seed="1,0,0,1,4,56" ten="326,229,226,219" oya="1" hai0="131,53,52,21,71,44,55,23,20,110,103,76,83" hai1="68,119,34,94,13,69,15,127,3,73,101,86,1" hai2="10,40,126,133,89,84,25,109,46,41,18,0,51" hai3="132,8,9,79,5,42,17,115,59,129,11,107,82"/><U26/><E119/><V37/><F109/><W114/><G107/><T120/><D110/><U31/><E73/><V104/><F104/><W135/><G129/><T105/><D131/><U118/><E118/><V95/><F126/><W35/><G42/><T96/><D71/><U124/><E69/><V66/><F133/><N who="3" m="51275" /><G35/><T81/><D120/><U57/><E68/><V19/><F66/><W12/><G59/><T61/><D83/><U87/><E87/><V93/><F37/><W24/><G24/><T29/><D29/><U2/><E57/><V4/><F40/><W113/><G5/><T70/><D70/><U6/><E86/><AGARI ba="0,0" hai="8,9,11,12,17,79,82,86,113,114,115" m="51275" machi="86" ten="40,1300,0" yaku="20,1" doraHai="56" who="3" fromWho="1" sc="326,0,229,-13,226,0,219,13" /><INIT seed="2,0,0,4,2,88" ten="326,216,226,232" oya="2" hai0="130,54,55,68,37,111,101,83,32,86,79,49,123" hai1="61,133,120,18,76,67,122,22,56,46,131,69,19" hai2="45,117,58,4,3,84,51,30,74,0,107,34,94" hai3="89,77,43,119,1,75,81,59,42,65,91,113,103"/><V71/><F71/><W110/><G1/><T17/><D37/><U85/><E133/><V31/><F107/><W13/><G119/><T114/><D114/><U27/><E131/><V128/><F74/><W121/><G121/><N who="1" m="46698" /><E46/><V6/><F117/><W99/><G110/><T48/><D68/><U129/><E129/><V52/><F128/><W44/><G113/><T2/><D32/><U118/><E118/><V127/><F127/><W57/><G42/><T7/><D7/><N who="2" m="2602" /><F34/><W29/><G29/><N who="2" m="10761" /><F0/><W90/><G13/><T33/><D2/><U47/><E47/><V36/><F36/><W26/><G26/><T112/><D33/><U106/><E106/><V124/><F124/><W21/><G21/><T92/><D130/><U16/><E69/><V28/><F3/><W63/><G57/><T126/><D126/><U64/><E67/><V108/><F108/><W8/><G8/><T105/><D105/><U73/><E73/><V25/><F25/><W62/><G59/><T50/><D111/><U11/><E11/><V38/><F38/><W78/><G65/><T87/><D112/><U95/><E76/><V41/><F28/><W93/><REACH who="3" step="1"/><G77/><REACH who="3" ten="326,216,226,222" step="2"/><T115/><D115/><U24/><E22/><V39/><F39/><AGARI ba="0,1" hai="39,43,44,62,63,75,78,81,89,90,91,93,99,103" machi="39" ten="40,5200,0" yaku="1,1,2,1,52,1,53,0" doraHai="88" doraHaiUra="82" who="3" fromWho="2" sc="326,0,216,0,226,-52,222,62" /><INIT seed="3,0,0,3,0,105" ten="326,216,174,284" oya="3" hai0="62,89,96,35,135,27,109,100,98,121,41,67,131" hai1="76,120,40,123,95,25,65,8,3,34,108,66,90" hai2="101,48,11,70,88,63,112,128,119,103,75,61,92" hai3="133,4,43,36,7,59,81,93,79,14,23,37,21"/><W17/><G133/><T73/><D121/><U10/><E76/><V68/><F119/><W22/><G59/><T111/><D41/><U19/><E40/><V126/><F112/><W20/><G93/><N who="0" m="56367" /><D73/><U104/><E104/><V78/><F11/><W54/><G54/><T12/><D12/><U85/><E108/><V72/><F78/><W124/><G124/><T87/><D87/><U71/><E8/><V57/><F48/><W18/><G43/><T110/><D135/><U53/><E71/><V83/><F83/><W107/><G107/><N who="0" m="63895" /><D131/><U33/><E120/><V113/><F113/><W134/><G134/><T16/><D16/><U31/><E123/><V129/><F126/><W94/><G94/><T60/><D67/><U45/><E19/><V91/><F92/><W64/><G64/><T1/><D1/><U32/><E65/><V77/><F77/><W118/><G17/><T97/><D97/><U5/><E66/><V46/><F57/><W39/><REACH who="3" step="1"/><G118/><REACH who="3" ten="326,216,174,274" step="2"/><T102/><D102/><U30/><E95/><V26/><REACH who="2" step="1"/><F26/><REACH who="2" ten="326,216,164,274" step="2"/><W55/><G55/><T24/><D24/><N who="1" m="18503" /><E53/><V15/><F15/><W28/><G28/><AGARI ba="0,2" hai="27,28,35,60,62,109,110,111" m="63895,56367" machi="28" ten="30,1000,0" yaku="14,1" doraHai="105" who="0" fromWho="3" sc="326,30,216,0,164,0,274,-10" /><INIT seed="4,0,0,4,1,48" ten="356,216,164,264" oya="0" hai0="124,34,129,100,44,119,125,71,37,70,5,60,114" hai1="22,76,15,78,53,3,30,94,31,90,40,28,104" hai2="64,103,12,79,57,77,105,8,88,110,117,24,65" hai3="84,35,108,73,47,62,0,21,115,83,135,11,107"/><T41/><D34/><U52/><E104/><V95/><F110/><W81/><G35/><T50/><D100/><U67/><E3/><V85/><F117/><W49/><G107/><T27/><D27/><U68/><E40/><V16/><F105/><W46/><G73/><T38/><D5/><U45/><E45/><V96/><F24/><W122/><G115/><T86/><D86/><N who="1" m="52567" /><E67/><V7/><F7/><W101/><G46/><T51/><D119/><U56/><E68/><N who="0" m="26153" /><D114/><U91/><E56/><V42/><F42/><W98/><G122/><T17/><D17/><N who="1" m="10559" /><E91/><V6/><F6/><W66/><G0/><T87/><D87/><U120/><E120/><V18/><F18/><W128/><G84/><T33/><D33/><U72/><E72/><V55/><F103/><W134/><G101/><T133/><D38/><U80/><E80/><N who="2" m="47247" /><F79/><AGARI ba="0,0" hai="28,30,31,52,53,76,78,79" m="10559,52567" machi="79" ten="30,7700,0" yaku="8,1,52,2,54,1" doraHai="48" who="1" fromWho="2" sc="356,0,216,77,164,-77,264,0" /><INIT seed="5,0,0,2,0,72" ten="356,293,87,264" oya="1" hai0="94,92,1,5,88,69,120,135,73,41,6,38,37" hai1="57,108,84,76,99,65,79,20,101,11,107,42,71" hai2="102,8,40,47,78,80,7,87,67,96,53,60,62" hai3="58,21,35,82,85,66,15,56,33,134,118,64,14"/><U83/><E71/><V50/><F53/><W91/><G134/><T125/><D69/><U16/><E108/><V133/><F133/><W112/><G112/><T32/><D32/><U9/><E42/><V119/><F119/><W132/><G132/><T114/><D135/><U74/><E65/><V129/><F129/><W61/><G118/><T19/><D1/><U12/><REACH who="1" step="1"/><E57/><REACH who="1" ten="356,283,87,264" step="2"/><V0/><F67/><W45/><G58/><T75/><D41/><U128/><E128/><V77/><REACH who="2" step="1"/><F78/><REACH who="2" ten="356,283,77,264" step="2"/><W124/><G64/><T4/><D114/><U86/><E86/><V98/><F98/><W30/><G66/><T52/><D73/><U90/><E90/><V70/><F70/><W115/><G91/><T105/><D88/><U117/><E117/><V28/><F28/><W54/><G85/><T123/><D75/><U122/><E122/><V46/><F46/><W43/><G30/><T68/><D68/><U113/><E113/><V29/><F29/><W127/><G115/><T18/><D123/><U110/><E110/><V121/><F121/><W109/><G109/><T81/><D120/><U63/><E63/><V10/><F10/><W44/><G45/><T93/><D52/><U2/><E2/><V55/><F55/><W22/><G44/><T104/><D125/><U49/><E49/><V27/><F27/><W95/><G54/><T39/><D39/><U111/><E111/><V106/><AGARI ba="0,2" hai="0,7,8,40,47,50,60,62,77,80,87,96,102,106" machi="106" ten="20,12000,2" yaku="1,1,0,1,7,1,52,1,53,2" doraHai="72" doraHaiUra="59" who="2" fromWho="2" sc="356,-30,283,-60,77,140,264,-30" /><INIT seed="6,0,0,4,2,74" ten="326,223,217,234" oya="2" hai0="98,123,19,127,125,54,3,61,63,24,45,79,129" hai1="113,27,99,77,107,73,105,70,65,21,12,112,59" hai2="22,95,0,55,20,49,42,9,108,58,111,1,97" hai3="36,66,91,6,39,100,76,86,132,31,14,17,53"/><V52/><F42/><W102/><G6/><T85/><D3/><U114/><E70/><V57/><F9/><W29/><G132/><T84/><D123/><U101/><E12/><V87/><F87/><W28/><G66/><T51/><D129/><U4/><E4/><V5/><F5/><W69/><G69/><T18/><D98/><U88/><E107/><V47/><F47/><W120/><G120/><T109/><D109/><N who="2" m="42058" /><F0/><W43/><G43/><T135/><D135/><U80/><E65/><V83/><F83/><N who="3" m="47463" /><G39/><T16/><D24/><U7/><E7/><V37/><F1/><W15/><G36/><T32/><D84/><U8/><E8/><V128/><F128/><W38/><G38/><T133/><D133/><U82/><E59/><V134/><F37/><W121/><G15/><T2/><D2/><U106/><E106/><V81/><F81/><W122/><G121/><T78/><D85/><N who="1" m="50231" /><E27/><V116/><F116/><W40/><G122/><T25/><D25/><U23/><AGARI ba="0,0" hai="21,23,73,77,80,99,101,105,112,113,114" m="50231" machi="23" ten="40,5200,0" yaku="15,1,52,1,54,1" doraHai="74" who="1" fromWho="1" sc="326,-13,223,52,217,-26,234,-13" /><INIT seed="7,0,0,4,2,90" ten="313,275,191,221" oya="3" hai0="65,10,127,82,75,30,79,92,0,78,97,28,77" hai1="87,122,4,56,91,128,18,61,102,135,74,5,1" hai2="23,32,43,94,111,39,126,133,129,27,53,68,64" hai3="121,24,37,48,26,13,124,109,113,72,50,40,14"/><W125/><G72/><T46/><D65/><U123/><E74/><V81/><F111/><W59/><G121/><T84/><D75/><U106/><E135/><V22/><F133/><W54/><G109/><T93/><D0/><U9/><E4/><V34/><F129/><W17/><G37/><T118/><D127/><N who="3" m="48713" /><G113/><T105/><D105/><U55/><E128/><V95/><F126/><W29/><G17/><T36/><D36/><U16/><E122/><V112/><F68/><W15/><G29/><N who="0" m="11371" /><D97/><U20/><E123/><V104/><F104/><W117/><G117/><T103/><D103/><U70/><E70/><V21/><F64/><W8/><G8/><T41/><D10/><U33/><E33/><V11/><F112/><W107/><G107/><T73/><D73/><U114/><E114/><V60/><F11/><W45/><AGARI ba="0,0" hai="13,14,15,24,26,40,45,48,50,54,59" m="48713" machi="45" ten="40,2100,0" yaku="18,1" doraHai="90" who="3" fromWho="3" sc="313,-7,275,-7,191,-7,221,21" /><INIT seed="7,1,0,2,3,97" ten="306,268,184,242" oya="3" hai0="64,15,13,85,74,80,117,116,59,44,100,101,111" hai1="104,122,22,72,134,36,118,69,41,123,129,52,11" hai2="77,57,83,63,38,39,88,0,50,133,49,55,73" hai3="113,98,21,48,99,103,86,102,20,6,127,8,28"/><W91/><G113/><T47/><D74/><U31/><E72/><V45/><F0/><W108/><G127/><T56/><D64/><U130/><E69/><V7/><F7/><W9/><G108/><T61/><D61/><U29/><E104/><V51/><F133/><W110/><G110/><T79/><D111/><U62/><E134/><V32/><F32/><W3/><G3/><T35/><D85/><U18/><E11/><N who="3" m="4170" /><G6/><T107/><D80/><U65/><E65/><V132/><F132/><W82/><G48/><T93/><D93/><U53/><E118/><V42/><F38/><W24/><G21/><T46/><D46/><U94/><E41/><V68/><REACH who="2" step="1"/><F88/><REACH who="2" ten="306,268,174,242" step="2"/><N who="3" m="51287" /><G98/><T105/><D35/><U10/><E36/><V95/><F95/><AGARI ba="1,1" hai="20,24,28,91,95,99,102,103" m="51287,4170" machi="95" ten="30,11600,0" yaku="8,1,52,2,54,1" doraHai="97" who="3" fromWho="2" sc="306,0,268,0,174,-119,242,129" owari="306,11.0,268,-13.0,55,-44.0,371,46.0" /></mjloggm>