<mjloggm ver="2.3"><GO type="41" lobby="0"/><UN n0="%E4%BF%AE%E9%80%A0" n1="%E7%A8%B2%E8%91%89%E3%82%93" n2="%E3%83%90%E3%83%BC%E3%83%81%E3%83%A3%E7%A7%8B%E5%B1%B1" n3="%E5%B0%B1%E6%B4%BB%E7%94%9F%40%E5%B7%9D%E6%9D%91%E8%BB%8D%E5%9B%A3" dan="15,14,14,16" rate="1876.18,1948.13,1962.77,2175.26" sx="M,F,M,M"/><TAIKYOKU oya="0"/><INIT seed="0,0,0,2,0,108" ten="250,250,250,250" oya="0" hai0="93,18,60,130,28,134,121,73,34,99,59,13,86" hai1="101,12,118,112,67,56,58,83,107,4,91,26,70" hai2="46,54,47,64,106,20,90,127,0,114,31,98,74" hai3="52,78,133,81,125,21,5,80,109,69,68,50,85"/><T36/><D121/><U94/><E118/><V14/><F74/><W37/><G37/><T88/><D73/><U40/><E107/><V19/><F0/><W122/><G109/><T49/><D36/><U42/><E70/><V119/><F119/><W87/><G122/><T100/><D34/><U61/><E56/><V126/><F64/><W131/><G125/><N who="2" m="47625" /><F31/><W30/><G5/><T113/><D134/><U135/><E135/><V95/><F106/><W105/><G105/><T51/><D28/><U55/><E67/><V15/><F15/><W39/><G39/><T71/><D71/><U120/><E120/><V123/><F123/><W96/><G96/><T38/><D38/><U116/><E116/><V111/><F111/><W104/><G104/><T44/><D130/><U25/><E101/><V32/><F32/><W7/><G7/><T72/><D72/><U63/><E63/><V117/><F117/><W62/><G62/><T57/><D113/><U110/><E110/><V43/><F54/><W6/><G6/><T48/><D44/><N who="2" m="16938" /><F43/><N who="1" m="16425" /><E112/><AGARI ba="0,0" hai="14,19,20,90,95,98,112,114" m="16938,47625" machi="112" ten="30,3900,0" yaku="18,1,52,2" doraHai="108" who="2" fromWho="1" sc="250,0,250,-39,250,39,250,0" /><INIT seed="1,0,0,2,5,98" ten="250,211,289,250" oya="1" hai0="2,79,17,35,101,32,6,93,30,43,58,88,112" hai1="131,95,36,126,50,64,110,69,28,65,103,42,38" hai2="85,125,82,111,14,9,92,102,124,121,70,29,83" hai3="60,130,78,76,62,115,20,89,122,5,133,123,91"/><U37/><E131/><V127/><F70/><W81/><G130/><T33/><D79/><U67/><E28/><V7/><F121/><W16/><G133/><T61/><D112/><U66/><E126/><V120/><F120/><W134/><G115/><T44/><D2/><U56/><E95/><V53/><F111/><W94/><G134/><T75/><D6/><U26/><E26/><V71/><F71/><W3/><G3/><T23/><D75/><U68/><E103/><V104/><F29/><W113/><G5/><T18/><D30/><U107/><E107/><V105/><F53/><W116/><G116/><T55/><D101/><U114/><E114/><V51/><F51/><W12/><G113/><T0/><D0/><U4/><E4/><V39/><F39/><W52/><G62/><T57/><D57/><U15/><E15/><V90/><F83/><W87/><G122/><T74/><D74/><U48/><E110/><V97/><AGARI ba="0,0" hai="7,9,14,82,85,90,92,97,102,104,105,124,125,127" machi="97" ten="40,5200,0" yaku="0,1,18,1,52,1" doraHai="98" who="2" fromWho="2" sc="250,-13,211,-26,289,52,250,-13" /><INIT seed="2,0,0,2,2,27" ten="237,185,341,237" oya="2" hai0="108,110,70,43,135,40,46,12,128,14,109,121,97" hai1="33,24,35,78,84,20,1,81,115,59,17,116,15" hai2="74,13,79,127,95,54,98,38,101,132,92,93,23" hai3="4,129,66,41,37,3,45,111,118,87,6,60,125"/><V11/><F38/><W57/><G118/><T7/><D121/><U119/><E115/><V53/><F132/><W51/><G111/><T61/><D128/><U62/><E1/><V133/><F133/><W100/><G129/><T73/><D73/><U124/><E124/><V123/><F123/><W89/><G125/><T90/><D135/><U50/><E50/><V48/><F127/><W22/><G3/><T76/><D76/><U21/><E35/><V10/><F79/><W19/><G100/><T114/><D114/><U42/><E33/><V56/><F74/><W52/><G22/><T68/><D7/><U83/><E83/><V88/><F93/><W58/><REACH who="3" step="1"/><G19/><REACH who="3" ten="237,185,341,227" step="2"/><T65/><D12/><U105/><E105/><V122/><F122/><W67/><G67/><T85/><D14/><U28/><REACH who="1" step="1"/><E42/><REACH who="1" ten="237,175,341,227" step="2"/><V99/><F54/><AGARI ba="0,2" hai="15,17,20,21,24,28,54,59,62,78,81,84,116,119" machi="54" ten="30,7700,0" yaku="1,1,2,1,7,1,52,1,53,0" doraHai="27" doraHaiUra="31" who="1" fromWho="2" sc="237,0,175,97,341,-77,227,0" /><INIT seed="3,0,0,0,5,43" ten="237,272,264,227" oya="3" hai0="52,129,90,121,119,125,38,39,74,82,29,67,2" hai1="105,47,109,135,62,107,34,58,23,124,73,15,60" hai2="110,10,112,108,69,3,21,76,7,103,57,120,31" hai3="86,83,78,104,98,32,14,128,66,127,102,53,9"/><W46/><G127/><T114/><D2/><U44/><E34/><V132/><F69/><W26/><G128/><T116/><D121/><U88/><E73/><V25/><F103/><W37/><G66/><T19/><D129/><U42/><E124/><V50/><F76/><W75/><G32/><T33/><D67/><U91/><E42/><V35/><F57/><W123/><G123/><T0/><D0/><U4/><E109/><N who="2" m="42091" /><F50/><W18/><G26/><T61/><D125/><U99/><E135/><V94/><F94/><W22/><G75/><T117/><D19/><U133/><E133/><V113/><F120/><W89/><G22/><T48/><D61/><U77/><E77/><V92/><F92/><W115/><G115/><N who="2" m="44105" /><F132/><W97/><G97/><T106/><D106/><U45/><E99/><V54/><F54/><W100/><G100/><T95/><D114/><U80/><E62/><V8/><F8/><W30/><G30/><T96/><D82/><U131/><E131/><V79/><F79/><W13/><G13/><T59/><REACH who="0" step="1"/><D74/><REACH who="0" ten="227,272,264,227" step="2"/><U12/><E80/><V87/><F87/><W63/><G63/><T55/><D55/><N who="1" m="33887" /><E107/><V101/><F101/><W134/><G134/><T84/><D84/><U51/><E105/><V41/><F41/><W122/><G122/><T126/><D126/><U11/><E51/><V16/><F16/><AGARI ba="0,1" hai="4,11,12,15,16,23,44,45,47,88,91" m="33887" machi="16" ten="30,12000,2" yaku="8,1,52,3,54,2" doraHai="43" who="1" fromWho="2" sc="227,0,272,130,264,-120,227,0" /><INIT seed="4,0,0,0,2,103" ten="227,402,144,227" oya="0" hai0="60,127,13,121,80,77,7,63,28,69,119,50,106" hai1="27,15,90,95,134,116,113,71,89,36,88,12,59" hai2="44,5,29,96,102,115,54,3,75,55,43,25,67" hai3="19,86,0,70,56,37,114,87,91,33,40,23,66"/><T131/><D119/><U110/><E116/><V35/><F115/><W17/><G33/><T92/><D121/><U21/><E110/><V34/><F75/><W101/><G0/><T11/><D131/><U83/><E113/><V111/><F111/><W84/><G70/><T98/><D28/><U39/><E71/><V49/><F67/><W14/><G114/><T104/><D127/><U65/><E83/><V122/><F122/><W68/><G68/><T78/><D78/><U130/><E134/><V32/><F5/><W51/><G101/><T72/><D50/><U30/><E130/><V79/><F79/><W53/><G66/><T124/><D124/><U47/><E47/><V18/><F18/><W109/><G109/><T48/><D48/><U81/><E81/><V58/><F3/><W24/><G40/><T74/><D74/><U1/><E1/><V132/><F132/><W22/><REACH who="3" step="1"/><G37/><REACH who="3" ten="227,402,144,217" step="2"/><T6/><D69/><U42/><E42/><V107/><REACH who="2" step="1"/><F55/><REACH who="2" ten="227,402,134,217" step="2"/><W123/><G123/><T97/><D6/><U85/><E65/><V64/><F64/><W117/><G117/><T73/><D7/><U38/><E38/><AGARI ba="0,2" hai="25,29,32,34,35,38,43,44,49,54,58,96,102,107" machi="38" ten="30,3900,0" yaku="1,1,7,1,52,1,53,0" doraHai="103" doraHaiUra="108" who="2" fromWho="1" sc="227,0,402,-39,134,59,217,0" /><INIT seed="5,0,0,2,4,90" ten="227,363,193,217" oya="1" hai0="53,18,129,11,81,38,32,2,30,45,63,122,121" hai1="103,86,64,110,42,82,120,117,77,88,134,69,57" hai2="109,46,68,105,80,65,14,13,15,1,102,99,128" hai3="97,54,60,39,36,111,47,72,94,101,59,62,40"/><U31/><E120/><N who="0" m="46185" /><D38/><U124/><E117/><V91/><F109/><W84/><G111/><T44/><D129/><U75/><E110/><V133/><F133/><W33/><G33/><T9/><D81/><U20/><E134/><V118/><F118/><W104/><G72/><T5/><D32/><U126/><E103/><V132/><F132/><W17/><G39/><T98/><D30/><U22/><E42/><V34/><F128/><W112/><G112/><T35/><D35/><U87/><E75/><V67/><F34/><W89/><REACH who="3" step="1"/><G17/><REACH who="3" ten="227,363,193,207" step="2"/><T115/><D115/><U107/><E31/><V76/><F68/><W48/><AGARI ba="0,1" hai="36,40,47,48,54,59,60,62,84,89,94,97,101,104" machi="48" ten="20,8000,1" yaku="1,1,2,1,0,1,7,1,52,1,53,0" doraHai="90" doraHaiUra="73" who="3" fromWho="3" sc="227,-20,363,-40,193,-20,207,90" /><INIT seed="6,0,0,2,2,124" ten="207,323,173,297" oya="2" hai0="41,63,15,84,43,120,21,39,125,114,16,59,54" hai1="23,56,57,81,116,33,78,130,73,36,97,65,92" hai2="4,95,72,94,119,131,121,31,83,122,67,135,103" hai3="98,75,58,99,48,13,113,109,80,52,19,1,42"/><V69/><F119/><W29/><G1/><T105/><D105/><U50/><E36/><V25/><F135/><W37/><G109/><T46/><D114/><U70/><E33/><V77/><F131/><W68/><G68/><T87/><D125/><U27/><E116/><V74/><F74/><W32/><G113/><T107/><D107/><U45/><E130/><V44/><F4/><W30/><G37/><T47/><REACH who="0" step="1"/><D120/><REACH who="0" ten="197,323,173,297" step="2"/><U100/><E70/><V3/><F122/><W127/><G127/><T64/><D64/><U82/><E65/><V6/><F121/><W104/><G104/><T108/><D108/><U28/><REACH who="1" step="1"/><E82/><REACH who="1" ten="197,313,173,297" step="2"/><V79/><F67/><W96/><G80/><T134/><D134/><U88/><E88/><V128/><F69/><W40/><G32/><T117/><D117/><U35/><E35/><V24/><F83/><W112/><G112/><T14/><D14/><U49/><E49/><AGARI ba="0,2" hai="15,16,21,39,41,43,46,47,49,54,59,63,84,87" machi="49" ten="30,3900,0" yaku="1,1,7,1,54,1,53,0" doraHai="124" doraHaiUra="61" who="0" fromWho="1" sc="197,59,313,-39,173,0,297,0" /><INIT seed="7,0,0,1,5,22" ten="256,274,173,297" oya="3" hai0="117,63,78,42,128,68,124,24,64,67,26,108,4" hai1="21,0,14,134,18,27,29,8,100,92,38,133,57" hai2="89,109,43,59,34,101,3,47,107,37,28,132,98" hai3="69,94,85,40,129,15,48,16,41,131,33,127,87"/><W125/><G33/><T13/><D117/><U23/><E38/><V102/><F109/><W65/><G65/><T106/><D108/><U62/><E0/><V72/><F132/><W20/><G69/><T56/><D106/><U118/><E118/><V90/><F3/><W5/><G5/><T76/><D128/><N who="3" m="49225" /><G48/><T31/><D31/><U9/><E134/><V35/><F72/><W54/><G54/><T51/><D124/><N who="3" m="47689" /><G94/><T122/><D122/><U110/><E133/><V112/><F112/><W88/><G88/><T111/><D111/><U19/><E110/><V80/><F102/><W36/><G36/><T39/><D67/><N who="1" m="39375" /><E19/><V46/><F46/><W53/><G53/><N who="0" m="31807" /><D78/><U58/><E58/><V115/><F115/><W99/><G99/><AGARI ba="0,0" hai="8,9,14,18,21,23,27,29,92,99,100" m="39375" machi="99" ten="30,3900,0" yaku="25,1,8,1,52,1" doraHai="22" who="1" fromWho="3" sc="256,0,274,39,173,0,297,-39" owari="256,-14.0,313,41.0,173,-33.0,258,6.0" /></mjloggm>