<mjloggm ver="2.3"><GO type="233" lobby="0"/><UN n0="%E3%82%80%E3%81%A3%E3%81%8D%E3%83%BC" n1="%E3%82%A6%E3%83%AB%E3%83%88%E3%83%A9%E7%AB%8B%E7%9B%B4" n2="%E6%B4%BE%E9%81%A3%E3%81%AE%E3%82%B8%E3%83%A3%E3%83%83%E3%82%AF" n3="%E8%B5%A4%E8%A3%8F%E3%83%9B%E3%82%B7%E3%83%BC%E3%83%8E" dan="17,17,17,16" rate="2205.14,2159.44,2138.96,2129.43" sx="F,M,M,M"/><TAIKYOKU oya="0"/><INIT seed="0,0,0,0,2,93" ten="250,250,250,250" oya="0" hai0="17,52,60,8,72,119,49,94,104,58,56,6,115" hai1="21,59,3,12,132,88,103,34,128,97,43,42,65" hai2="47,62,114,15,80,134,73,35,22,70,109,20,55" hai3="4,121,46,89,25,92,30,11,120,57,101,16,130"/><T126/><D104/><U32/><E3/><V131/><F114/><W76/><G130/><T26/><D115/><U78/><E78/><V48/><F35/><W135/><G135/><T19/><D72/><U77/><E77/><V39/><F134/><W0/><G76/><T127/><D119/><U112/><E112/><V50/><F73/><W106/><G106/><T105/><D105/><U118/><E118/><V23/><F39/><W117/><G101/><T10/><D10/><U36/><E36/><V79/><F109/><W99/><G117/><T75/><D75/><U66/><E34/><V116/><F70/><W84/><G84/><T33/><D94/><N who="1" m="56519" /><E32/><V125/><F125/><N who="0" m="47626" /><D26/><U53/><E103/><V98/><F131/><W14/><G46/><T13/><D33/><U82/><E82/><V74/><F116/><W90/><G90/><T31/><D31/><U86/><E86/><V37/><F37/><W122/><G57/><T111/><D111/><U124/><E124/><V123/><F123/><W96/><G96/><T18/><D58/><U5/><E128/><V71/><F98/><W64/><G64/><N who="1" m="24682" /><E132/><V67/><REACH who="2" step="1"/><F50/><AGARI ba="0,0" hai="6,8,13,17,18,19,49,50,52,56,60" m="47626" machi="50" ten="30,2900,0" yaku="18,1,54,1" doraHai="93" who="0" fromWho="2" sc="250,29,250,0,250,-29,250,0" /><INIT seed="0,1,0,4,1,13" ten="279,250,221,250" oya="0" hai0="60,99,58,71,37,63,19,11,113,107,9,73,127" hai1="51,74,2,38,52,39,49,109,115,43,24,106,72" hai2="103,21,93,15,54,3,123,53,81,30,117,47,91" hai3="48,44,67,102,27,125,119,108,105,35,10,124,33"/><T61/><D113/><U22/><E2/><V46/><F123/><W116/><G102/><T118/><D118/><U100/><E109/><V90/><F3/><W12/><G105/><T135/><D73/><U64/><E115/><V29/><F117/><W84/><G84/><T18/><D37/><U85/><E64/><V83/><F103/><W0/><G67/><T65/><D135/><U79/><E39/><V56/><F15/><W96/><G96/><T68/><D127/><N who="3" m="48713" /><G108/><T23/><D107/><U132/><E38/><V101/><F101/><W129/><G129/><T104/><D104/><U88/><E132/><V62/><F21/><W128/><G128/><T112/><D112/><U76/><E100/><V14/><F14/><W31/><G35/><T134/><D99/><U92/><E106/><V25/><F25/><W40/><G0/><T121/><D121/><U126/><E126/><V41/><F41/><W77/><G77/><T82/><D134/><U36/><E36/><V34/><F34/><W28/><G28/><T97/><D97/><U111/><E111/><V8/><F29/><W45/><G44/><T66/><D82/><U80/><E80/><V55/><F30/><W110/><G110/><T7/><D71/><U75/><E75/><V17/><F81/><W70/><G70/><T32/><D32/><U122/><E74/><V94/><F83/><W6/><AGARI ba="1,0" hai="6,10,12,27,31,33,40,45,48,116,119" m="48713" machi="6" ten="30,1100,0" yaku="18,1" doraHai="13" who="3" fromWho="3" sc="279,-6,250,-4,221,-4,250,14" /><INIT seed="1,0,0,4,3,8" ten="273,246,217,264" oya="1" hai0="15,98,51,57,106,73,78,80,48,35,55,133,79" hai1="32,10,42,91,28,56,124,63,94,123,1,5,97" hai2="95,29,26,46,24,113,72,65,93,7,14,30,76" hai3="36,105,70,102,59,13,34,117,131,125,54,31,104"/><U119/><E119/><V47/><F72/><W71/><G117/><T88/><D35/><U11/><E123/><V108/><F108/><W53/><G36/><T40/><D133/><U43/><E124/><V49/><F113/><W66/><G125/><T100/><D78/><U33/><E28/><N who="2" m="10859" /><F76/><W92/><G92/><N who="2" m="35401" /><F65/><W99/><G105/><T6/><D88/><U17/><E33/><V45/><F49/><W22/><G71/><T120/><D120/><U90/><E32/><V135/><F135/><W25/><G59/><T112/><D112/><U96/><E91/><V0/><F0/><W75/><G131/><T121/><D121/><U126/><E126/><V2/><F2/><W23/><G23/><T103/><D103/><U74/><E74/><V50/><F50/><W111/><G75/><T130/><D130/><U110/><E97/><V84/><F84/><W52/><G111/><T82/><D51/><U128/><E110/><V86/><F86/><W27/><G27/><N who="2" m="10281" /><F7/><W115/><G115/><T118/><D79/><U114/><E114/><V83/><F83/><W9/><G22/><T20/><D73/><U127/><E127/><V85/><F85/><W116/><G116/><T69/><D69/><U134/><E128/><V101/><F101/><W44/><G44/><N who="0" m="25607" /><D118/><U38/><E38/><V16/><F47/><W19/><G54/><T60/><D6/><U41/><E134/><V132/><F132/><W68/><G68/><T109/><D109/><U89/><E89/><V12/><F12/><W61/><AGARI ba="0,0" hai="9,13,19,25,31,34,52,53,61,66,70,99,102,104" machi="61" ten="30,8000,1" yaku="0,1,25,2,52,1,54,1" doraHai="8" who="3" fromWho="3" sc="273,-20,246,-40,217,-20,264,80" /><INIT seed="2,0,0,1,4,58" ten="253,206,197,344" oya="2" hai0="7,64,21,107,126,96,34,86,127,115,4,60,69" hai1="32,108,72,98,28,2,49,5,1,31,61,51,13" hai2="91,54,50,82,75,78,118,102,84,94,36,14,48" hai3="134,59,77,17,39,19,27,12,11,103,80,65,93"/><V99/><F118/><W6/><G39/><T116/><D115/><U23/><E72/><V88/><F36/><W66/><G134/><T128/><D116/><U22/><E98/><V130/><F130/><W43/><G43/><T67/><D128/><U47/><E47/><V101/><F14/><W10/><G103/><N who="0" m="62951" /><D64/><U133/><E13/><V68/><F68/><W79/><G93/><T52/><D34/><U123/><E32/><V112/><F112/><W100/><G100/><T38/><D38/><U9/><E9/><V92/><REACH who="2" step="1"/><F50/><REACH who="2" ten="253,206,187,344" step="2"/><W15/><G15/><T76/><D69/><U122/><E5/><V85/><F85/><W132/><G12/><T29/><D7/><U25/><E51/><V24/><F24/><W8/><G27/><T113/><D4/><U109/><E49/><V0/><F0/><W53/><G6/><T95/><D113/><U73/><E25/><V83/><F83/><W117/><G117/><T97/><D86/><U110/><E73/><V56/><AGARI ba="0,1" hai="48,54,56,75,78,82,84,88,91,92,94,99,101,102" machi="56" ten="20,7800,0" yaku="1,1,0,1,7,1,54,1,53,0" doraHai="58" doraHaiUra="121" who="2" fromWho="2" sc="253,-26,206,-26,187,88,344,-26" /><INIT seed="2,1,0,1,1,132" ten="227,180,275,318" oya="2" hai0="43,39,94,1,17,106,128,92,31,95,56,24,97" hai1="51,46,77,93,54,49,15,22,10,58,65,2,55" hai2="114,101,18,14,4,85,105,41,87,99,69,133,76" hai3="91,59,64,57,36,40,23,16,134,73,117,126,121"/><V100/><F114/><W119/><G121/><T113/><D113/><U125/><E2/><V71/><F4/><W72/><G134/><T25/><D1/><U70/><E70/><V29/><F133/><W34/><G34/><T27/><D128/><U67/><E77/><V33/><F41/><W45/><G59/><T81/><D39/><U102/><E22/><V7/><F7/><W109/><G109/><T8/><D31/><U66/><E125/><V44/><F44/><W122/><G126/><T107/><D97/><U13/><REACH who="1" step="1"/><E10/><REACH who="1" ten="227,170,275,318" step="2"/><N who="2" m="6487" /><F71/><W111/><G23/><T112/><D112/><U130/><E130/><V47/><F76/><W30/><G119/><T26/><D8/><U19/><E19/><V79/><F79/><W80/><G16/><T74/><D17/><U21/><E21/><V103/><F69/><W9/><G9/><T32/><D32/><U108/><E108/><V0/><F0/><W127/><G117/><T52/><D25/><U63/><E63/><V62/><F62/><W37/><G111/><T50/><D74/><U96/><AGARI ba="1,1" hai="13,15,46,49,51,54,55,58,65,66,67,93,96,102" machi="96" ten="30,7900,0" yaku="1,1,0,1,8,1,53,1" doraHai="132" doraHaiUra="89" who="1" fromWho="1" sc="227,-21,170,92,275,-40,318,-21" /><INIT seed="3,0,0,5,3,22" ten="206,262,235,297" oya="3" hai0="80,64,17,53,97,77,31,94,119,75,18,89,72" hai1="61,79,63,50,118,114,6,49,102,1,41,45,14" hai2="66,29,83,78,40,36,117,96,112,128,60,125,103" hai3="127,5,85,105,58,30,92,44,113,121,74,47,126"/><W98/><G74/><T91/><D119/><U107/><E1/><V95/><F117/><W21/><G121/><T131/><D131/><U76/><E114/><V87/><F112/><W101/><G113/><T33/><D75/><U11/><E118/><V84/><F128/><W110/><G5/><T73/><D73/><U43/><E102/><V106/><F125/><N who="3" m="47627" /><G110/><T108/><D108/><U82/><E107/><V13/><F29/><W124/><G58/><T28/><D64/><U37/><E37/><V12/><F40/><W90/><N who="3" m="47635" /><W133/><DORA hai="130" /><G133/><T7/><D7/><U116/><E116/><V26/><F36/><W62/><G62/><T122/><D122/><U123/><E123/><V86/><F26/><AGARI ba="0,0" hai="21,26,30,44,47,85,90,92,98,101,105" m="47635" machi="26" ten="40,3900,0" yaku="18,1,52,1" doraHai="22,130" who="3" fromWho="2" sc="206,0,262,0,235,-39,297,39" /><INIT seed="3,1,0,3,1,105" ten="206,262,196,336" oya="3" hai0="26,7,106,88,57,4,123,24,63,71,5,85,79" hai1="14,86,101,134,99,64,25,17,117,66,129,45,104" hai2="46,127,1,15,116,110,51,10,60,72,93,90,81" hai3="36,94,35,42,43,54,97,121,59,39,133,38,18"/><W9/><G35/><T102/><D123/><U128/><E134/><V74/><F116/><W103/><G133/><T2/><D71/><U37/><E117/><V61/><F1/><W30/><G121/><T108/><D108/><U41/><E25/><V12/><F110/><W68/><G30/><T130/><D130/><N who="1" m="50283" /><E86/><N who="2" m="50511" /><F15/><W126/><G126/><T78/><D2/><U80/><E80/><V33/><F93/><W62/><G68/><T56/><D102/><U120/><E120/><V34/><F127/><W65/><G65/><T89/><D106/><U11/><AGARI ba="1,0" hai="11,14,17,37,41,45,64,66,99,101,104" m="50283" machi="11" ten="30,1100,0" yaku="19,1" doraHai="105" who="1" fromWho="1" sc="206,-4,262,14,196,-4,336,-6" /><INIT seed="4,0,0,5,4,122" ten="202,276,192,330" oya="0" hai0="134,100,94,31,30,49,10,79,135,72,103,60,20" hai1="62,28,46,50,130,42,84,120,132,133,91,69,55" hai2="129,101,9,52,117,119,65,108,121,102,25,88,118" hai3="115,1,27,35,61,125,22,71,109,93,113,70,126"/><T5/><D72/><U66/><E120/><V86/><F121/><W105/><G105/><T21/><D79/><U13/><E28/><N who="0" m="10793" /><D49/><U68/><E68/><V3/><F129/><W83/><G35/><T131/><D131/><U4/><E130/><V57/><F65/><W104/><G104/><T127/><D60/><U92/><E4/><N who="2" m="1183" /><F25/><W47/><G61/><T82/><D82/><U110/><E13/><V43/><F43/><W37/><G47/><T8/><D127/><U24/><E24/><V53/><F108/><W81/><G83/><T99/><D103/><N who="2" m="39434" /><F57/><W7/><G109/><T77/><D77/><U74/><E110/><V0/><F0/><W26/><G71/><T18/><D18/><U33/><E74/><V16/><F16/><W80/><G70/><T40/><D40/><U112/><E33/><V59/><F59/><W64/><G93/><AGARI ba="0,0" hai="52,53,86,88,93,117,118,119" m="39434,1183" machi="93" ten="30,3900,0" yaku="12,1,54,2" doraHai="122" who="2" fromWho="3" sc="202,0,276,0,192,39,330,-39" /><INIT seed="5,0,0,2,5,44" ten="202,276,231,291" oya="1" hai0="14,94,27,118,38,46,18,36,96,61,87,32,4" hai1="26,63,106,76,92,59,25,97,39,74,51,88,119" hai2="95,66,11,121,37,107,83,99,57,128,109,67,102" hai3="105,90,17,30,93,84,114,3,86,10,40,33,78"/><U111/><E39/><V125/><F109/><W130/><G105/><T13/><D118/><U131/><E119/><V45/><F121/><W127/><G33/><T1/><D1/><U81/><E111/><V77/><F128/><W72/><G30/><T43/><D38/><U124/><E124/><V73/><F125/><W71/><G17/><T104/><D4/><U12/><E131/><V126/><F126/><W24/><G10/><T82/><D104/><U50/><E12/><V65/><F11/><W6/><G24/><T108/><D108/><U15/><E15/><V120/><F120/><W117/><G6/><T58/><D32/><U8/><E8/><V116/><F116/><W49/><G3/><T70/><D70/><U35/><E106/><V79/><F79/><W123/><G72/><T19/><D19/><U133/><E133/><V7/><F7/><W22/><G22/><T103/><D27/><U134/><E134/><V23/><F23/><W31/><G31/><T98/><D98/><U132/><E132/><V101/><F107/><W75/><G75/><T20/><D18/><U85/><E74/><V135/><F135/><W64/><G78/><T41/><D41/><U55/><E35/><V0/><F0/><W129/><G86/><T21/><D21/><U48/><AGARI ba="0,0" hai="25,26,48,50,51,55,59,63,76,81,85,88,92,97" machi="48" ten="30,18000,2" yaku="0,1,8,1,52,3,54,1" doraHai="44" who="1" fromWho="1" sc="202,-60,276,180,231,-60,291,-60" /><INIT seed="5,1,0,4,0,28" ten="142,456,171,231" oya="1" hai0="96,97,118,25,39,44,83,50,75,55,107,82,48" hai1="7,17,32,24,122,52,133,90,77,18,34,35,46" hai2="67,72,85,112,100,9,66,29,109,45,36,19,4" hai3="105,60,33,23,126,130,63,119,65,127,92,8,113"/><U59/><E122/><V132/><F109/><W53/><G105/><T14/><D118/><U129/><E77/><V80/><F132/><W20/><G33/><T73/><D39/><U76/><E76/><V15/><F112/><W70/><G119/><T56/><D14/><U131/><E46/><V93/><F72/><W0/><G113/><T74/><D25/><U81/><E7/><V49/><F36/><W61/><G130/><N who="1" m="49674" /><E24/><V111/><F111/><W134/><G134/><T123/><D123/><U87/><E133/><V21/><F29/><W22/><G53/><T124/><D124/><N who="3" m="47657" /><G92/><T103/><REACH who="0" step="1"/><D97/><REACH who="0" ten="132,456,171,231" step="2"/><U3/><E3/><V2/><F93/><W26/><G26/><T71/><D71/><U11/><E11/><V110/><F110/><W135/><G135/><T27/><D27/><U62/><AGARI ba="1,1" hai="17,18,32,34,35,52,59,62,81,87,90" m="49674" machi="62" ten="40,12000,1" yaku="19,1,52,3,54,1" doraHai="28" who="1" fromWho="1" sc="132,-41,456,133,171,-41,231,-41" /><INIT seed="5,2,0,5,5,129" ten="91,589,130,190" oya="1" hai0="100,82,65,133,93,115,19,89,69,43,16,48,105" hai1="14,35,78,8,80,27,122,96,106,90,62,67,127" hai2="33,7,29,112,37,39,116,55,87,38,92,94,99" hai3="49,101,4,42,98,63,70,107,58,97,6,128,125"/><U41/><E127/><V79/><F116/><W36/><G128/><T114/><D105/><U26/><E122/><V12/><F112/><N who="0" m="43050" /><D100/><U0/><E0/><V32/><F55/><W5/><G98/><N who="0" m="57647" /><D82/><U31/><E41/><V110/><F110/><W81/><G125/><T75/><D75/><U34/><E90/><V119/><F119/><W91/><G81/><T11/><D11/><U13/><E96/><V72/><F72/><W2/><G91/><T123/><D123/><U68/><E106/><V74/><F74/><W44/><G70/><T40/><D133/><U86/><E8/><V10/><F79/><W53/><REACH who="3" step="1"/><G2/><REACH who="3" ten="91,589,130,180" step="2"/><T83/><D83/><U20/><E35/><V21/><F33/><W3/><G3/><T126/><D126/><U56/><E68/><V54/><F32/><W66/><G66/><T108/><D108/><U52/><E67/><V60/><F99/><W64/><G64/><T45/><D65/><U113/><E113/><V47/><F92/><W120/><G120/><T102/><D69/><U1/><E1/><V124/><F94/><W131/><G131/><T57/><D102/><U84/><E84/><V61/><F87/><W59/><G59/><T28/><D57/><U103/><E103/><V135/><F124/><W95/><G95/><T130/><D130/><U24/><E34/><V18/><F47/><W71/><G71/><T46/><D28/><U9/><E31/><V17/><F29/><W88/><G88/><T77/><D77/><U132/><E78/><V118/><F118/><W134/><G134/><T111/><D111/><U22/><E132/><RYUUKYOKU ba="2,1" sc="91,15,589,-15,130,-15,180,15" hai0="16,19,40,43,45,46,48" hai3="4,5,6,36,42,44,49,53,58,63,97,101,107" /><INIT seed="6,3,1,0,5,22" ten="106,574,115,195" oya="2" hai0="49,37,124,36,97,92,87,126,44,116,48,115,15" hai1="42,74,19,125,4,10,30,14,77,128,2,133,73" hai2="62,27,31,52,95,129,105,103,34,84,32,113,108" hai3="93,90,57,135,41,132,35,47,17,119,121,110,23"/><V28/><F129/><W112/><G35/><T64/><D115/><U96/><E125/><N who="0" m="48233" /><D116/><U76/><E133/><N who="3" m="51274" /><G112/><T131/><D131/><U69/><E69/><V51/><F113/><W89/><G119/><T68/><D87/><U55/><E42/><V33/><F108/><W104/><G104/><T81/><D81/><U75/><E96/><V5/><F5/><W65/><G121/><T120/><D120/><U83/><E55/><V71/><F31/><W26/><G110/><T134/><D134/><U13/><E2/><V59/><F84/><W72/><G72/><T79/><D79/><U67/><E67/><N who="2" m="41463" /><F95/><W127/><G127/><T82/><D82/><U53/><E128/><V117/><F117/><W43/><G43/><N who="0" m="22639" /><D36/><U98/><E75/><V1/><F1/><W25/><G93/><T94/><D94/><U38/><E74/><V70/><F70/><W40/><G40/><T39/><D39/><U45/><E73/><V101/><F101/><W63/><G90/><N who="0" m="55447" /><D15/><U12/><E4/><V100/><F100/><W91/><G91/><T99/><D99/><AGARI ba="3,1" hai="27,28,32,33,34,51,52,59,99,103,105" m="41463" machi="99" ten="30,5800,0" yaku="25,1,52,1,54,1" doraHai="22" who="2" fromWho="0" sc="106,-67,574,0,115,77,195,0" /><INIT seed="6,4,0,1,5,110" ten="39,574,192,195" oya="2" hai0="132,48,133,24,135,10,72,111,49,78,14,77,107" hai1="76,83,120,29,116,84,16,12,62,115,30,70,81" hai2="22,21,97,124,131,102,57,45,127,128,93,6,117" hai3="58,41,42,39,79,40,99,61,108,23,90,82,63"/><V0/><F117/><W69/><G108/><T94/><D107/><U123/><E115/><V87/><F57/><W19/><G39/><T33/><D111/><U129/><E129/><N who="2" m="49739" /><F87/><W65/><G99/><T64/><D64/><N who="1" m="41239" /><E83/><V75/><F75/><W98/><G98/><T46/><D94/><U47/><E47/><V25/><F45/><W105/><G105/><T56/><D56/><U80/><E80/><V125/><F25/><W112/><G112/><T60/><D60/><U36/><E36/><V7/><F0/><W34/><G34/><T73/><D24/><U31/><E116/><V44/><F44/><W106/><G106/><T1/><D1/><U28/><N who="1" m="7168" /><DORA hai="13" /><U20/><AGARI ba="4,0" hai="12,16,20,76,81,84,120,123" m="7168,41239" machi="20" ten="40,5200,0" yaku="4,1,52,1,54,1" doraHai="110,13" who="1" fromWho="1" sc="39,-17,574,64,192,-30,195,-17" /><INIT seed="7,0,0,0,3,58" ten="22,638,162,178" oya="3" hai0="39,97,72,2,43,6,124,73,17,123,22,106,77" hai1="37,108,127,131,133,28,112,120,105,74,95,18,42" hai2="91,96,23,85,104,8,34,55,81,82,5,31,111" hai3="41,50,65,25,66,64,38,13,114,89,76,109,88"/><W63/><G38/><T115/><D123/><U0/><E95/><V92/><F111/><W87/><G109/><T30/><D124/><U128/><E18/><V19/><F104/><W49/><G114/><T32/><D115/><U54/><E54/><V29/><F34/><W90/><G25/><T67/><D17/><U135/><E28/><V116/><F116/><W44/><G13/><T129/><D22/><U15/><E15/><N who="2" m="5519" /><F55/><W4/><G4/><T48/><D48/><U52/><E52/><V107/><F107/><W21/><G21/><T113/><D113/><U56/><E56/><V40/><F40/><W122/><G122/><T134/><D134/><U24/><E24/><N who="2" m="14463" /><F81/><N who="3" m="47527" /><G50/><T121/><D121/><U103/><E42/><V68/><F68/><W45/><G45/><T78/><D129/><U84/><E84/><V14/><F14/><W117/><G117/><T16/><D73/><U59/><E133/><V10/><F10/><W33/><G33/><T51/><D72/><U53/><E131/><V9/><F9/><W47/><G47/><T99/><D39/><U100/><E128/><V126/><F126/><W86/><G86/><T36/><D36/><U61/><E135/><V118/><F118/><W119/><G119/><T125/><D125/><U62/><E127/><V27/><F27/><W98/><G98/><T101/><D99/><U93/><E108/><V57/><F57/><AGARI ba="0,0" hai="41,44,49,57,63,64,65,66,88,89,90" m="47527" machi="57" ten="30,5800,0" yaku="8,1,52,1,54,1" doraHai="58" who="3" fromWho="2" sc="22,0,638,0,162,-58,178,58" /><INIT seed="7,1,0,2,5,22" ten="22,638,104,236" oya="3" hai0="37,52,89,10,128,96,32,8,14,64,66,82,76" hai1="90,9,29,72,46,13,55,97,12,102,42,126,131" hai2="1,88,18,60,120,111,104,101,77,53,80,61,51" hai3="110,67,133,108,5,15,2,103,47,129,41,57,112"/><W68/><G15/><T105/><D37/><U50/><E72/><V38/><F111/><W63/><G5/><T40/><D40/><U43/><E126/><V69/><F1/><W113/><G103/><T87/><D128/><U119/><E131/><V109/><F109/><N who="3" m="42091" /><G2/><T130/><D130/><U25/><E90/><V115/><F38/><N who="3" m="21943" /><G129/><T114/><D114/><N who="3" m="44137" /><G133/><T121/><D121/><U39/><E39/><V58/><F120/><W116/><G116/><T70/><D70/><AGARI ba="1,0" hai="57,63,67,68,70" m="44137,21943,42091" machi="70" ten="30,11600,0" yaku="10,1,15,1,34,2" doraHai="22" who="3" fromWho="0" sc="22,-119,638,0,104,0,236,119" owari="-97,-60.0,638,74.0,104,-30.0,355,16.0" /></mjloggm>