<mjloggm ver="2.3"><GO type="97" lobby="0"/><UN n0="%57%61%78" n1="%65%61%6B%61%73%35" n2="%E5%B0%B1%E6%B4%BB%E7%94%9F%40%E5%B7%9D%E6%9D%91%E8%BB%8D%E5%9B%A3" n3="%6D%75%67%65%6E%40" dan="14,15,14,15" rate="1903.75,1999.12,1997.51,2009.44" sx="M,M,M,M"/><TAIKYOKU oya="0"/><INIT seed="0,0,0,5,3,59" ten="250,250,250,250" oya="0" hai0="54,73,38,26,91,98,57,40,114,42,85,108,8" hai1="63,35,111,29,118,120,117,115,23,56,24,126,132" hai2="44,133,5,47,16,134,67,37,119,113,55,33,51" hai3="130,80,60,0,20,83,131,128,99,28,18,103,21"/><T34/><D114/><U87/><E111/><V76/><F33/><W81/><G0/><T102/><D73/><U65/><E120/><V62/><F5/><W25/><G60/><T69/><D69/><U78/><E126/><V2/><F2/><W70/><G70/><T31/><D8/><U14/><E115/><V36/><F76/><W1/><G1/><T11/><D11/><U129/><E129/><V41/><F113/><W71/><G71/><T66/><D66/><U7/><E132/><N who="2" m="50795" /><F16/><W101/><REACH who="3" step="1"/><G99/><REACH who="3" ten="250,250,250,240" step="2"/><T53/><D108/><U104/><E117/><V58/><F119/><W72/><G72/><T75/><D75/><U90/><E118/><V32/><F32/><W46/><G46/><T39/><D39/><AGARI ba="0,1" hai="36,37,39,41,44,47,51,55,58,62,67" m="50795" machi="39" ten="30,7700,0" yaku="20,1,34,2,52,1" doraHai="59" who="2" fromWho="0" sc="250,-77,250,0,250,87,240,0" /><INIT seed="1,0,0,0,4,37" ten="173,250,337,240" oya="1" hai0="0,13,74,39,119,43,1,44,98,15,124,103,125" hai1="22,56,129,116,59,132,117,113,100,34,88,133,127" hai2="14,121,66,75,79,90,64,6,19,27,42,16,111" hai3="57,46,20,135,29,102,41,48,118,115,73,33,5"/><U110/><E34/><V84/><F121/><W55/><G115/><T25/><D119/><U3/><E3/><V30/><F111/><W62/><G118/><T95/><D74/><U120/><E100/><V50/><F75/><W77/><G135/><N who="1" m="51786" /><E120/><V130/><F130/><W47/><G33/><T17/><D25/><U2/><E2/><V70/><F79/><W51/><G5/><T85/><D85/><U49/><E113/><V97/><F97/><W72/><G77/><T71/><D71/><U76/><E76/><V35/><F6/><W91/><G102/><T126/><REACH who="0" step="1"/><D15/><REACH who="0" ten="163,250,337,240" step="2"/><U68/><E68/><V8/><F70/><W26/><REACH who="3" step="1"/><G91/><REACH who="3" ten="163,250,337,230" step="2"/><T83/><D83/><U60/><E88/><V81/><F90/><W40/><AGARI ba="0,2" hai="20,26,29,40,41,46,47,48,51,55,57,62,72,73" machi="40" ten="20,12000,2" yaku="1,1,2,1,0,1,7,1,9,1,52,2,53,0" doraHai="37" doraHaiUra="99" who="3" fromWho="3" sc="163,-30,250,-60,337,-30,230,140" /><INIT seed="2,0,0,0,0,36" ten="133,190,307,370" oya="2" hai0="81,46,128,18,77,111,28,106,55,127,69,120,86" hai1="116,9,124,121,76,94,99,52,91,125,12,15,78" hai2="66,29,13,38,50,119,117,65,54,74,43,90,93" hai3="115,33,113,51,102,101,63,72,56,26,4,16,133"/><V105/><F74/><W70/><G72/><T5/><D120/><U97/><E116/><V123/><F123/><W22/><G133/><T134/><D106/><U85/><E121/><V92/><F105/><W23/><G4/><T14/><D69/><U60/><E125/><V108/><F108/><W45/><G70/><T130/><D5/><U95/><E124/><V6/><F29/><W19/><G33/><T30/><D127/><U32/><E32/><V24/><F24/><W82/><G82/><T88/><D134/><U129/><E129/><V20/><F38/><W11/><G11/><T41/><D77/><U64/><E64/><V47/><F93/><W3/><G3/><T37/><D111/><U1/><E1/><V67/><F54/><N who="3" m="34199" /><G113/><T10/><REACH who="0" step="1"/><D55/><REACH who="0" ten="123,190,307,370" step="2"/><U40/><E78/><V131/><F131/><AGARI ba="0,1" hai="10,14,18,28,30,37,41,46,81,86,88,128,130,131" machi="131" ten="40,8000,1" yaku="1,1,2,1,19,1,52,1,54,1,53,0" doraHai="36" doraHaiUra="53" who="0" fromWho="2" sc="123,90,190,0,307,-80,370,0" /><INIT seed="3,0,0,0,0,6" ten="213,190,227,370" oya="3" hai0="28,83,40,89,92,30,52,124,93,105,90,54,120" hai1="66,2,132,117,106,69,111,108,129,114,131,55,51" hai2="27,26,84,21,135,64,125,104,35,65,62,78,31" hai3="98,11,119,110,91,32,49,127,101,97,4,134,76"/><W77/><G119/><T112/><D120/><U14/><E106/><V16/><F104/><W10/><G32/><T59/><D105/><U17/><E2/><V18/><F135/><W29/><G29/><N who="0" m="11371" /><D40/><U86/><E86/><V43/><F125/><W128/><G134/><T121/><D121/><U19/><E19/><V72/><F43/><W53/><G128/><N who="1" m="49226" /><E17/><V67/><F72/><W88/><G110/><N who="1" m="42026" /><E14/><V7/><F7/><W99/><G127/><T115/><D124/><U42/><E132/><V122/><F122/><W107/><G107/><T47/><D47/><N who="1" m="26103" /><E117/><V25/><F18/><W82/><G101/><T37/><D37/><U5/><E5/><V71/><F27/><W70/><G4/><T102/><D102/><U94/><E94/><N who="0" m="36457" /><D83/><U85/><E85/><V133/><F133/><W60/><G82/><T103/><D103/><U20/><E20/><V63/><F71/><W45/><G77/><T50/><D54/><U79/><E79/><V68/><F68/><W56/><G70/><T38/><D38/><U109/><N who="1" m="42034" /><U126/><DORA hai="9" /><E126/><V73/><F73/><W3/><G76/><T36/><D36/><U80/><E80/><N who="2" m="47127" /><F35/><W0/><G3/><T116/><D116/><U8/><E8/><N who="3" m="3114" /><G0/><T123/><D123/><U87/><E87/><V57/><F31/><W81/><G81/><T12/><D12/><U46/><E114/><AGARI ba="0,0" hai="50,52,59,89,90,112,114,115" m="36457,11371" machi="114" ten="30,2000,0" yaku="11,1,54,1" doraHai="6,9" who="0" fromWho="1" sc="213,20,190,-20,227,0,370,0" owari="233,3.0,170,-33.0,227,-17.0,370,47.0" /></mjloggm>