<mjloggm ver="2.3"><GO type="97" lobby="0"/><UN n0="%79%75%75%75%75%74%6F" n1="%79%6B%73%6D%6D%73%6B%79" n2="%72%61%72%66%69%6C%65" n3="%E3%83%88%E3%83%88%E3%83%AA%E5%85%88%E7%94%9F%31%39%E6%AD%B3" dan="13,13,13,15" rate="1861.38,1838.71,1825.28,2083.09" sx="M,M,M,F"/><TAIKYOKU oya="0"/><INIT seed="0,0,0,4,2,49" ten="250,250,250,250" oya="0" hai0="5,91,13,40,44,78,130,62,117,63,33,73,126" hai1="119,118,87,7,37,94,107,106,19,34,41,47,9" hai2="28,123,114,76,74,57,77,59,86,124,29,113,69" hai3="65,92,109,16,0,115,12,14,61,129,72,96,54"/><T36/><D117/><U6/><E34/><V22/><F69/><W102/><G115/><T121/><D121/><U39/><E94/><V110/><F74/><W10/><G72/><T103/><D130/><U50/><E87/><V30/><F123/><W70/><G109/><T4/><D126/><U17/><E9/><V132/><F110/><W1/><G129/><T97/><D91/><U81/><E50/><V95/><F124/><W75/><G75/><T89/><D89/><U82/><E47/><V51/><F51/><W24/><G54/><T85/><D85/><U134/><E41/><V2/><F2/><W25/><REACH who="3" step="1"/><G14/><REACH who="3" ten="250,250,250,240" step="2"/><T105/><D13/><U15/><E15/><V45/><F114/><W125/><G125/><T8/><D33/><U27/><E27/><AGARI ba="0,1" hai="0,1,10,12,16,24,25,27,61,65,70,92,96,102" machi="27" ten="40,2600,0" yaku="1,1,54,1,53,0" doraHai="49" doraHaiUra="127" who="3" fromWho="1" sc="250,0,250,-26,250,0,240,36" /><INIT seed="1,0,0,3,0,98" ten="250,224,250,276" oya="1" hai0="114,17,77,48,106,34,24,124,86,75,47,66,21" hai1="1,107,63,60,58,73,64,43,85,131,123,14,95" hai2="71,102,74,65,0,111,118,83,35,127,67,105,39" hai3="44,38,88,79,61,80,23,91,52,104,94,72,129"/><U62/><E123/><V125/><F65/><W54/><G104/><T49/><D114/><U6/><E1/><V76/><F67/><W121/><G121/><T89/><D124/><U8/><E73/><V97/><F97/><W110/><G110/><T92/><D66/><U119/><E107/><V29/><F83/><W18/><G129/><T130/><D130/><U113/><E113/><V20/><F76/><W109/><G109/><T133/><D133/><U57/><E119/><V28/><F102/><W115/><G115/><T2/><D2/><U46/><E131/><V13/><F13/><W126/><G126/><T117/><D117/><U96/><E85/><V42/><F20/><W100/><G100/><T3/><D3/><U37/><E58/><V31/><F29/><W128/><G128/><T87/><D34/><U4/><E6/><V19/><F31/><W53/><G61/><T33/><D33/><U78/><E78/><V132/><F28/><W7/><G7/><T112/><D112/><U27/><E27/><V59/><F71/><W70/><G70/><T22/><D92/><U12/><E12/><V81/><F105/><W84/><G91/><AGARI ba="0,0" hai="4,8,14,37,43,46,57,60,62,63,64,91,95,96" machi="91" ten="30,1500,0" yaku="7,1" doraHai="98" who="1" fromWho="3" sc="250,0,224,15,250,0,276,-15" /><INIT seed="1,1,0,0,2,40" ten="250,239,250,261" oya="1" hai0="80,53,111,31,52,68,94,11,95,4,59,16,88" hai1="92,0,8,20,70,12,99,96,37,43,110,77,83" hai2="131,122,91,89,57,61,98,66,103,56,29,135,79" hai3="81,45,39,42,22,28,32,5,74,76,93,41,54"/><U17/><E70/><V55/><F79/><W127/><G127/><T26/><D68/><U128/><E128/><V23/><F131/><W72/><G32/><T117/><D117/><U109/><E37/><V82/><F82/><W132/><G132/><T75/><D111/><N who="1" m="42507" /><E43/><V9/><F9/><W27/><G5/><T25/><D75/><U130/><E130/><V64/><F135/><W120/><G120/><T101/><D101/><N who="1" m="60551" /><E99/><V97/><F97/><W121/><G121/><T19/><D80/><U78/><E83/><V118/><F118/><W30/><G93/><T67/><D67/><U44/><E44/><V7/><F7/><AGARI ba="1,0" hai="0,7,8,12,17,20,77,78" m="60551,42507" machi="7" ten="30,2900,0" yaku="14,1,10,1" doraHai="40" who="1" fromWho="2" sc="250,0,239,32,250,-32,261,0" /><INIT seed="1,2,0,0,2,108" ten="250,271,218,261" oya="1" hai0="52,82,72,69,8,10,31,11,61,17,119,115,37" hai1="75,5,116,70,63,80,47,120,21,41,16,45,60" hai2="13,109,48,43,131,22,62,87,4,3,83,130,28" hai3="53,29,107,97,128,133,89,59,19,132,94,98,105"/><U84/><E116/><V6/><F3/><W73/><G73/><T135/><D115/><U34/><E34/><V58/><F109/><W102/><G128/><T122/><D119/><U76/><E120/><V25/><F131/><W36/><G36/><T66/><D135/><N who="3" m="51785" /><G29/><T0/><D37/><U49/><E70/><V86/><F130/><W30/><G30/><T118/><D118/><U81/><E5/><V77/><F87/><W100/><G19/><T1/><D122/><U26/><E47/><N who="2" m="25727" /><F13/><W113/><G113/><T129/><D129/><U101/><E101/><N who="3" m="39018" /><G98/><T99/><D99/><U65/><E65/><AGARI ba="2,0" hai="4,6,22,25,28,58,62,65,77,83,86" m="25727" machi="65" ten="30,1000,0" yaku="8,1" doraHai="108" who="2" fromWho="1" sc="250,0,271,-16,218,16,261,0" /><INIT seed="2,0,0,1,2,62" ten="250,255,234,261" oya="2" hai0="52,35,107,21,76,132,20,130,66,4,11,114,48" hai1="99,6,103,120,79,135,3,123,40,61,22,82,94" hai2="90,58,89,54,13,60,57,87,28,101,92,23,56" hai3="121,80,104,134,105,83,110,100,91,72,31,17,73"/><V33/><F33/><W122/><G17/><T24/><D114/><U51/><E135/><V59/><F101/><W126/><G31/><T45/><D132/><U15/><E3/><V9/><F90/><W78/><G134/><T49/><D130/><U14/><E61/><V65/><F28/><W16/><G16/><T64/><D107/><N who="3" m="41033" /><G100/><T37/><D37/><U133/><E133/><V26/><F26/><W36/><G36/><T86/><D35/><U25/><E6/><N who="2" m="3255" /><F23/><W10/><G10/><T84/><D49/><AGARI ba="0,0" hai="49,54,56,57,58,59,60,65,87,89,92" m="3255" machi="49" ten="30,2900,0" yaku="8,1,52,1" doraHai="62" who="2" fromWho="0" sc="250,-29,255,0,234,29,261,0" /><INIT seed="2,1,0,4,4,93" ten="221,255,263,261" oya="2" hai0="83,24,33,46,9,19,28,132,112,119,36,18,44" hai1="128,61,27,121,65,8,108,57,87,111,5,30,96" hai2="34,6,70,0,26,79,94,43,118,91,114,39,2" hai3="90,84,31,78,7,11,16,120,102,14,58,115,53"/><V88/><F70/><W51/><G120/><T59/><D112/><U130/><E87/><V37/><F79/><W54/><G115/><T50/><D132/><U68/><E121/><V77/><F77/><W103/><G78/><T13/><D119/><U100/><E57/><V134/><F134/><W126/><G126/><T124/><D124/><U133/><E8/><V56/><F114/><W49/><G31/><T62/><D36/><U86/><E86/><V75/><F75/><W127/><G7/><T98/><D83/><U135/><E5/><V89/><F118/><W35/><G35/><T52/><D19/><U12/><E12/><V95/><F56/><N who="3" m="32815" /><G127/><T1/><D1/><U3/><E3/><V99/><F43/><W4/><G4/><T32/><D32/><N who="1" m="20575" /><E135/><V21/><F34/><W10/><G10/><T109/><D109/><N who="1" m="42059" /><E133/><V73/><F73/><W106/><G106/><AGARI ba="1,0" hai="61,65,68,96,100,106,128,130" m="42059,20575" machi="106" ten="30,7700,0" yaku="25,1,14,1,23,1,52,1" doraHai="93" who="1" fromWho="3" sc="221,0,255,80,263,0,261,-80" /><INIT seed="3,0,0,0,4,106" ten="221,335,263,181" oya="3" hai0="52,61,123,99,13,82,14,120,62,42,104,79,68" hai1="45,12,0,34,111,78,119,40,92,126,75,132,103" hai2="36,130,127,6,24,30,15,115,20,44,128,17,98" hai3="29,25,53,121,83,35,4,91,86,113,11,65,84"/><W7/><G113/><T18/><D42/><U76/><E76/><V1/><F98/><W55/><G121/><T9/><D123/><U90/><E34/><V28/><F44/><W135/><G135/><T8/><D120/><U23/><E23/><V60/><F60/><W122/><G122/><T73/><D68/><U70/><E70/><V46/><F46/><W27/><G65/><T38/><D38/><U85/><E12/><V39/><F39/><W131/><G131/><T49/><D104/><U101/><E0/><V71/><F71/><W72/><G72/><T77/><D99/><U10/><E10/><V124/><F36/><W51/><G51/><T19/><REACH who="0" step="1"/><D79/><REACH who="0" ten="211,335,263,181" step="2"/><U100/><E45/><AGARI ba="0,1" hai="8,9,13,14,18,19,45,49,52,61,62,73,77,82" machi="45" ten="30,12000,2" yaku="1,1,2,1,7,1,9,1,52,1,54,1,53,1" doraHai="106" doraHaiUra="50" who="0" fromWho="1" sc="211,130,335,-120,263,0,181,0" owari="341,44.0,215,-18.0,263,6.0,181,-32.0" /></mjloggm>