<mjloggm ver="2.3"><GO type="97" lobby="0"/><UN n0="%E5%B0%B1%E6%B4%BB%E7%94%9F%40%E5%B7%9D%E6%9D%91%E8%BB%8D%E5%9B%A3" n1="%E4%B8%96%E7%B4%80%E6%9C%AB%E8%A6%87%E8%80%85" n2="%E3%81%9F%E3%83%BC%E3%81%9F" n3="%E3%82%BF%E3%82%B3%EF%BC%92%EF%BC%95%EF%BC%92%EF%BC%95" dan="14,14,13,15" rate="2002.37,2026.92,1941.25,1984.33" sx="M,M,M,M"/><TAIKYOKU oya="0"/><INIT seed="0,0,0,5,0,23" ten="250,250,250,250" oya="0" hai0="110,24,66,135,75,65,85,83,119,20,64,99,116" hai1="71,76,38,39,49,93,87,113,92,105,81,63,69" hai2="37,84,56,27,126,102,72,82,130,12,131,68,79" hai3="31,133,120,109,112,77,89,29,47,32,17,129,118"/><T127/><D75/><U106/><E113/><V42/><F68/><W90/><G77/><T35/><D35/><U103/><E49/><V111/><F111/><W9/><G47/><T50/><D110/><U96/><E71/><V86/><F126/><W13/><G109/><T54/><D127/><U55/><E93/><V16/><F102/><W123/><G118/><T6/><D6/><U26/><E26/><V124/><F124/><W53/><G112/><T67/><D99/><U52/><E69/><V74/><F37/><W94/><G133/><T7/><D7/><U45/><E45/><V78/><F42/><W73/><G73/><N who="2" m="28265" /><F56/><W59/><G32/><T1/><D1/><U122/><E122/><N who="3" m="46634" /><G129/><N who="2" m="49161" /><F12/><W107/><G90/><T104/><D104/><U115/><E115/><V41/><F41/><W95/><G107/><T3/><D3/><U2/><E2/><V134/><F134/><W128/><G128/><T34/><D34/><U46/><E105/><V10/><F10/><W61/><G95/><T88/><D135/><U51/><REACH who="1" step="1"/><E106/><REACH who="1" ten="250,240,250,250" step="2"/><V11/><F11/><W97/><AGARI ba="0,1" hai="9,13,17,29,31,53,59,61,89,94,97" m="46634" machi="97" ten="30,1100,0" yaku="13,1" doraHai="23" who="3" fromWho="3" sc="250,-5,240,-3,250,-3,250,21" /><INIT seed="1,0,0,4,3,35" ten="245,237,247,271" oya="1" hai0="101,27,36,86,26,62,28,115,5,16,121,51,95" hai1="105,90,0,54,32,12,100,70,134,110,74,49,96" hai2="72,29,58,14,6,94,18,17,38,24,122,97,9" hai3="64,103,25,91,40,21,81,92,112,128,109,80,19"/><U87/><E70/><V89/><F38/><W102/><G112/><T66/><D36/><U34/><E74/><V45/><F72/><W123/><G123/><T118/><D115/><U106/><E106/><V20/><F122/><W77/><G109/><T37/><D37/><U99/><E110/><V44/><F58/><W98/><G40/><T52/><D5/><U10/><E134/><V119/><F119/><W30/><G128/><T67/><D121/><U11/><E96/><V69/><F69/><W79/><G64/><N who="0" m="24619" /><D62/><U13/><E0/><V107/><F107/><W133/><G133/><T127/><D127/><U3/><E3/><V8/><F18/><W46/><G46/><N who="0" m="27767" /><D28/><U135/><E34/><V15/><AGARI ba="0,0" hai="6,8,9,14,15,17,20,24,29,44,45,89,94,97" machi="15" ten="20,2700,0" yaku="0,1,7,1,8,1" doraHai="35" who="2" fromWho="2" sc="245,-7,237,-13,247,27,271,-7" /><INIT seed="2,0,0,5,5,87" ten="238,224,274,264" oya="2" hai0="107,11,14,120,16,129,26,75,1,39,123,69,59" hai1="99,51,106,112,94,85,30,8,17,64,108,41,54" hai2="3,118,130,24,2,68,105,76,104,34,80,127,50" hai3="12,25,38,4,10,49,32,88,0,126,61,131,7"/><V22/><F118/><W125/><G38/><T134/><D69/><U93/><E112/><V72/><F34/><W55/><G131/><T92/><D107/><U52/><E106/><V70/><F105/><W96/><G61/><T122/><D39/><U48/><E30/><V82/><F104/><W6/><G32/><T43/><D75/><U77/><E64/><V20/><F70/><W35/><G35/><T89/><D129/><U128/><E108/><V57/><F68/><W40/><G40/><T79/><D134/><U53/><E41/><V28/><F130/><W45/><G25/><T102/><D102/><U78/><E128/><V44/><F127/><N who="3" m="48651" /><G0/><T109/><D109/><U31/><E31/><V42/><F22/><W132/><G132/><T67/><D79/><N who="1" m="30219" /><E85/><V74/><F82/><W33/><G33/><T116/><D116/><U15/><E93/><AGARI ba="0,0" hai="4,6,7,10,12,45,49,55,88,93,96" m="48651" machi="93" ten="30,3900,0" yaku="18,1,52,1,54,1" doraHai="87" who="3" fromWho="1" sc="238,0,224,-39,274,0,264,39" /><INIT seed="3,0,0,5,1,38" ten="238,185,274,303" oya="3" hai0="107,66,16,97,39,101,36,102,69,73,78,80,103" hai1="28,52,22,31,35,84,113,91,24,76,10,20,61" hai2="82,15,110,29,129,79,75,65,7,17,5,123,13" hai3="58,18,47,64,48,19,99,94,133,95,57,26,135"/><W21/><G95/><T108/><D108/><U45/><E113/><V127/><F110/><W6/><G6/><T118/><D118/><U126/><E126/><V132/><F127/><W122/><G122/><T42/><D69/><U74/><E74/><V124/><F124/><W27/><G64/><T120/><D66/><U40/><E76/><V11/><F123/><W117/><G117/><T2/><D2/><U0/><E0/><V62/><F132/><N who="3" m="50763" /><G18/><T25/><D120/><U12/><E28/><V92/><F129/><W4/><G4/><T44/><REACH who="0" step="1"/><D36/><REACH who="0" ten="228,185,274,303" step="2"/><U59/><E10/><V114/><F114/><W106/><G106/><T70/><D70/><U88/><E12/><V121/><F121/><W96/><G27/><T85/><D85/><U115/><E115/><V125/><F125/><W60/><G99/><T93/><D93/><U41/><E91/><V81/><F75/><W8/><G94/><T111/><D111/><U32/><E32/><V109/><F109/><W37/><G96/><T98/><D98/><U33/><E33/><V49/><F92/><W83/><G37/><T43/><D43/><U51/><E40/><V131/><F131/><W77/><G83/><AGARI ba="0,1" hai="20,22,24,31,35,41,45,51,52,59,61,83,84,88" machi="83" ten="30,7700,0" yaku="7,1,52,1,54,2" doraHai="38" who="1" fromWho="3" sc="228,0,185,87,274,0,303,-77" /><INIT seed="4,0,0,1,1,16" ten="228,272,274,226" oya="0" hai0="105,2,30,44,41,113,85,82,135,32,65,120,33" hai1="62,59,46,53,103,78,29,90,58,76,31,84,129" hai2="81,34,117,80,86,118,4,24,12,10,25,128,49" hai3="42,40,77,133,7,19,110,72,91,125,130,119,104"/><T43/><D105/><U89/><E103/><V67/><F128/><W18/><G104/><T106/><D120/><U23/><E129/><V74/><F74/><W115/><G130/><T47/><D106/><U126/><E126/><V21/><F67/><W39/><G125/><T9/><D65/><N who="1" m="39127" /><E46/><V95/><F34/><W61/><G119/><N who="2" m="45577" /><F49/><W26/><G110/><T127/><D127/><U88/><E84/><V22/><F95/><W17/><G133/><T75/><D135/><U11/><E11/><V54/><F54/><W68/><G115/><T45/><D113/><U97/><E97/><V99/><F99/><W64/><G7/><T50/><D75/><U15/><E29/><N who="2" m="17551" /><F86/><W94/><G39/><T27/><D33/><U93/><E93/><V55/><F55/><W66/><G66/><T1/><D9/><U28/><E28/><AGARI ba="0,0" hai="4,10,12,22,25,28,80,81" m="17551,45577" machi="28" ten="30,3900,0" yaku="12,1,52,2" doraHai="16" who="2" fromWho="1" sc="228,0,272,-39,274,39,226,0" owari="228,-17.0,233,3.0,313,41.0,226,-27.0" /></mjloggm>