<mjloggm ver="2.3"><GO type="97" lobby="0"/><UN n0="%E2%98%86%E3%83%89%E3%83%8A%E3%83%AB%E3%83%89%E6%95%99%E5%BE%92%E2%98%86" n1="%E5%8F%8B%47%46%49" n2="%E5%B0%B1%E6%B4%BB%E7%94%9F%40%E5%B7%9D%E6%9D%91%E8%BB%8D%E5%9B%A3" n3="%E7%A9%BA%E9%96%91" dan="13,15,15,14" rate="1894.88,1967.37,2082.67,1920.71" sx="M,M,M,M"/><TAIKYOKU oya="0"/><INIT seed="0,0,0,3,3,51" ten="250,250,250,250" oya="0" hai0="27,105,106,111,121,95,67,1,55,48,126,135,29" hai1="23,102,15,7,122,19,11,16,78,130,20,68,40" hai2="9,6,28,71,39,129,113,127,54,119,112,31,62" hai3="4,43,91,60,109,117,82,45,3,104,25,44,79"/><T56/><D121/><U98/><E122/><V77/><F39/><W2/><G109/><T93/><D1/><U0/><E130/><V123/><F123/><W59/><G117/><T85/><D135/><U35/><E68/><V63/><F119/><W114/><G104/><T118/><D118/><U96/><E35/><V33/><F77/><W58/><G114/><T88/><D126/><U75/><E40/><V13/><F127/><W37/><G25/><T128/><D128/><U14/><REACH who="1" step="1"/><E102/><REACH who="1" ten="250,240,250,250" step="2"/><V86/><F129/><W81/><G43/><T83/><D111/><U101/><E101/><V32/><F32/><W30/><G37/><T50/><D105/><U46/><E46/><V116/><F116/><W8/><G44/><T87/><D106/><U66/><E66/><V26/><F71/><W124/><G45/><T36/><D67/><U100/><E100/><V38/><F33/><W57/><G124/><T5/><D36/><U94/><E94/><V108/><F38/><W80/><G79/><N who="0" m="46335" /><D95/><U42/><E42/><V34/><F108/><W103/><G103/><T90/><D90/><U120/><E120/><V89/><F112/><W92/><G92/><T12/><D50/><U131/><E131/><V99/><F113/><W24/><G91/><T52/><D48/><U64/><E64/><V72/><F89/><W21/><REACH who="3" step="1"/><G3/><REACH who="3" ten="250,240,250,240" step="2"/><T18/><D56/><U125/><E125/><V73/><F34/><W70/><G70/><T53/><D88/><U17/><E17/><V69/><F69/><W115/><G115/><T97/><D93/><U74/><E74/><V61/><F72/><RYUUKYOKU ba="0,2" sc="250,-15,240,15,250,-15,240,15" hai1="0,7,11,14,15,16,19,20,23,75,78,96,98" hai3="2,4,8,21,24,30,57,58,59,60,80,81,82" /><INIT seed="1,1,2,0,2,16" ten="235,255,235,255" oya="1" hai0="7,41,30,39,108,33,37,23,54,27,82,116,1" hai1="68,70,81,34,55,89,78,62,95,3,48,109,5" hai2="110,72,113,24,88,131,121,57,115,45,80,32,40" hai3="10,11,46,36,71,124,19,65,6,63,98,17,60"/><U101/><E34/><V102/><F121/><W4/><G124/><T9/><D116/><U127/><E127/><V43/><F131/><W112/><G112/><N who="2" m="43081" /><F110/><W126/><G126/><T119/><D119/><U59/><E109/><V73/><F102/><W15/><G98/><T90/><D108/><U67/><E101/><V20/><F32/><W123/><G123/><T31/><D54/><U21/><E5/><V118/><F57/><W122/><G122/><T18/><D41/><N who="2" m="15946" /><F45/><W38/><G46/><T85/><D31/><U104/><E104/><V125/><F125/><W129/><G129/><T64/><D64/><U66/><E3/><V132/><F132/><W133/><G133/><T96/><D96/><U99/><E66/><V75/><F118/><W49/><G49/><T92/><D82/><U135/><E135/><V28/><F88/><W56/><G38/><T103/><D103/><U120/><E120/><V14/><F14/><AGARI ba="1,2" hai="1,7,9,14,18,23,27,30,33,37,39,85,90,92" machi="14" ten="30,7700,0" yaku="7,1,24,2,52,1" doraHai="16" who="0" fromWho="2" sc="235,100,255,0,235,-80,255,0" /><INIT seed="2,0,0,0,1,49" ten="335,255,155,255" oya="2" hai0="74,91,63,93,111,22,70,115,14,35,90,29,131" hai1="28,27,80,9,125,87,126,4,99,53,45,36,51" hai2="15,72,60,64,58,62,81,75,39,69,48,7,119" hai3="84,0,30,134,130,3,32,76,38,79,46,1,92"/><V89/><F119/><W26/><G134/><T50/><D74/><U43/><E99/><V128/><F39/><W23/><G130/><T13/><D115/><U82/><E36/><V59/><F128/><W104/><G104/><T73/><D131/><U117/><E117/><V122/><F122/><W41/><G92/><T61/><D73/><U110/><E110/><V88/><F48/><W67/><G67/><T20/><D70/><U40/><E40/><V57/><F62/><N who="0" m="23562" /><D35/><U65/><E43/><V98/><F98/><W106/><G106/><T71/><D71/><U124/><E65/><V94/><F94/><W25/><REACH who="3" step="1"/><G84/><REACH who="3" ten="335,255,155,245" step="2"/><T109/><D93/><U133/><E133/><V96/><F96/><W16/><AGARI ba="0,1" hai="0,1,3,16,23,25,26,30,32,38,41,46,76,79" machi="16" ten="30,7900,0" yaku="1,1,2,1,0,1,54,1,53,0" doraHai="49" doraHaiUra="101" who="3" fromWho="3" sc="335,-20,255,-20,155,-39,245,89" /><INIT seed="3,0,0,3,4,93" ten="315,235,116,334" oya="3" hai0="101,97,88,96,104,123,75,10,18,63,103,118,15" hai1="67,66,132,74,87,83,49,28,56,94,72,95,131" hai2="133,98,9,71,79,129,37,50,115,82,29,54,78" hai3="114,26,0,45,32,86,5,65,57,27,90,119,43"/><W44/><G119/><T47/><D118/><U39/><E39/><V17/><F115/><W48/><G114/><T81/><D123/><U6/><E132/><V91/><F71/><W112/><G112/><T2/><D2/><U30/><E6/><V46/><F129/><W69/><G69/><T116/><D116/><U1/><E1/><V23/><F133/><W7/><G0/><T41/><D63/><U127/><E131/><V53/><F37/><W51/><G65/><T60/><D60/><U124/><E49/><V4/><F29/><W122/><G122/><T40/><D75/><U70/><E70/><V31/><F31/><W19/><G57/><T76/><D76/><U8/><E56/><V59/><F4/><N who="3" m="1611" /><G32/><T109/><D109/><U134/><E134/><V125/><F125/><W100/><G100/><N who="0" m="38475" /><D104/><U58/><E58/><V85/><F98/><N who="0" m="37994" /><D47/><U21/><E87/><AGARI ba="0,0" hai="10,15,18,40,41,81,87,88" m="37994,38475" machi="87" ten="30,8000,1" yaku="8,1,52,3,54,1" doraHai="93" who="0" fromWho="1" sc="315,80,235,-80,116,0,334,0" owari="395,49.0,155,-24.0,116,-38.0,334,13.0" /></mjloggm>