<mjloggm ver="2.3"><GO type="169" lobby="0"/><UN n0="%67%6F%75%73%69" n1="%66%75%6C%6C%2D%74%70%21" n2="%E3%82%A6%E3%83%AB%E3%83%88%E3%83%A9%E7%AB%8B%E7%9B%B4" n3="%49%63%68%69%6B%61%77%61" dan="18,17,17,16" rate="2222.25,2154.06,2112.35,2037.99" sx="M,M,M,M"/><TAIKYOKU oya="0"/><INIT seed="0,0,0,5,1,19" ten="250,250,250,250" oya="0" hai0="53,51,98,45,108,38,29,39,75,25,30,32,62" hai1="123,60,100,23,133,64,135,65,71,63,127,61,109" hai2="20,34,124,13,50,114,27,10,54,52,69,40,84" hai3="41,97,125,90,121,92,5,35,11,26,131,122,110"/><T83/><D30/><U12/><E100/><V56/><F69/><W36/><G110/><T111/><D98/><U119/><E109/><N who="0" m="42057" /><D62/><N who="1" m="40343" /><E123/><V9/><F34/><W18/><G97/><T4/><D4/><U86/><E86/><V106/><F40/><W47/><G5/><T43/><D53/><U46/><E119/><V95/><F106/><W72/><G122/><T55/><D55/><U33/><E33/><V107/><F107/><W104/><G121/><T2/><D2/><U77/><E77/><AGARI ba="0,0" hai="25,29,32,38,39,43,45,51,75,77,83" m="42057" machi="77" ten="30,2900,0" yaku="14,1,10,1" doraHai="19" who="0" fromWho="1" sc="250,29,250,-29,250,0,250,0" /><INIT seed="0,1,0,0,2,109" ten="279,221,250,250" oya="0" hai0="110,38,14,124,13,0,39,76,25,82,105,75,57" hai1="48,108,32,115,112,3,92,101,55,7,64,126,130" hai2="104,96,102,42,106,66,49,51,133,95,36,121,118" hai3="22,99,77,44,114,31,16,83,24,26,41,117,40"/><T70/><D70/><U87/><E108/><V80/><F121/><W5/><G117/><T15/><D0/><U72/><E32/><V30/><F36/><W17/><G5/><T119/><D110/><U52/><E72/><V65/><F106/><W74/><G114/><N who="1" m="43562" /><E130/><V35/><F104/><W37/><G41/><T4/><D105/><U123/><E123/><V27/><F133/><W84/><G99/><T90/><D119/><U128/><E128/><V129/><F129/><W11/><G11/><T1/><D124/><U61/><E126/><V12/><F118/><W62/><G74/><T6/><D1/><U63/><E63/><V59/><F51/><W8/><G8/><T56/><D75/><U73/><E73/><V45/><F35/><W107/><G107/><T21/><D39/><U58/><E7/><V10/><F59/><W71/><G71/><T68/><D38/><U113/><N who="1" m="43570" /><U116/><DORA hai="53" /><E116/><V89/><F49/><W34/><G62/><T86/><D68/><N who="1" m="41999" /><E3/><V19/><F66/><W78/><G78/><T33/><D33/><U122/><E122/><V50/><F65/><W2/><G2/><T67/><D6/><U60/><E101/><V131/><F131/><W18/><AGARI ba="1,0" hai="16,17,18,22,24,26,31,34,37,40,44,77,83,84" machi="18" ten="20,2700,0" yaku="0,1,7,1,54,1" doraHai="109,53" who="3" fromWho="3" sc="279,-14,221,-8,250,-8,250,30" /><INIT seed="1,0,0,2,4,30" ten="265,213,242,280" oya="1" hai0="92,16,18,113,38,2,105,135,6,112,97,119,128" hai1="7,19,28,109,127,39,13,71,101,118,116,3,59" hai2="89,90,96,50,22,35,66,108,0,27,32,36,73" hai3="115,58,114,121,12,95,132,70,117,9,53,45,62"/><U63/><E39/><V57/><F36/><W83/><G121/><T24/><D38/><U103/><E71/><V88/><F73/><W47/><G115/><T133/><D105/><U49/><E127/><V68/><F0/><W107/><G107/><T82/><D119/><U81/><E28/><V23/><F108/><W31/><G114/><T44/><D44/><U94/><E81/><V33/><F96/><W52/><G70/><T61/><D128/><U130/><E49/><V17/><F23/><W11/><G11/><T8/><D61/><U20/><E130/><V42/><F68/><W29/><G117/><T74/><D74/><U25/><E3/><V104/><F104/><W98/><G83/><T84/><D24/><U56/><E109/><V69/><F69/><W46/><G53/><T134/><D112/><U79/><E79/><V15/><F66/><W5/><REACH who="3" step="1"/><G132/><REACH who="3" ten="265,213,242,270" step="2"/><T67/><D113/><U72/><E116/><V40/><F40/><W126/><G126/><T37/><D67/><U65/><E118/><V51/><F42/><W78/><G78/><N who="0" m="46167" /><D37/><U34/><E72/><V64/><F64/><W91/><AGARI ba="0,1" hai="5,9,12,29,31,45,46,47,52,58,62,91,95,98" machi="91" ten="30,8000,1" yaku="1,1,0,1,8,1,54,1,53,1" doraHai="30" doraHaiUra="93" who="3" fromWho="3" sc="265,-20,213,-40,242,-20,270,90" /><INIT seed="2,0,0,5,0,75" ten="245,173,222,360" oya="2" hai0="63,120,102,35,60,87,116,127,69,1,33,108,110" hai1="8,83,112,37,85,12,72,99,25,68,103,93,100" hai2="135,39,47,13,54,27,10,124,91,0,24,71,79" hai3="38,70,28,45,122,20,61,29,49,76,94,115,111"/><V109/><F71/><W104/><G104/><T67/><D1/><U128/><E68/><V14/><F0/><W51/><G38/><T84/><D120/><U131/><E37/><V22/><F124/><W129/><G122/><T114/><D102/><N who="1" m="60783" /><E25/><V66/><F66/><W53/><G70/><T73/><D73/><U121/><E121/><V82/><F135/><W15/><G61/><T5/><D127/><U57/><E112/><V23/><F91/><W19/><G115/><T32/><D114/><U81/><E57/><V90/><F90/><W125/><G125/><T48/><D116/><U133/><E133/><V6/><F109/><N who="0" m="42090" /><D60/><U55/><E55/><V130/><F130/><N who="1" m="49705" /><E72/><V36/><F36/><W3/><G51/><T18/><D5/><N who="1" m="3087" /><E83/><V89/><F39/><W134/><G129/><T65/><D65/><U74/><E74/><V17/><F54/><W40/><G53/><T95/><D95/><U113/><E113/><V119/><F119/><W80/><G94/><T64/><D64/><U132/><E132/><V92/><F47/><W96/><G134/><T88/><D48/><U50/><E50/><V78/><F82/><W77/><G80/><N who="0" m="49159" /><D87/><U11/><E11/><V123/><F123/><W16/><G111/><T2/><D2/><U59/><E59/><V105/><F105/><W31/><G3/><T106/><D106/><U46/><E46/><V62/><F62/><W42/><G45/><T56/><D69/><U9/><E9/><V41/><F41/><W43/><G49/><T21/><D35/><U7/><E7/><V86/><F24/><AGARI ba="0,0" hai="18,21,24,32,33,56,63,67" m="49159,42090" machi="24" ten="30,2000,0" yaku="14,1,54,1" doraHai="75" who="0" fromWho="2" sc="245,20,173,0,222,-20,360,0" /><INIT seed="3,0,0,5,1,95" ten="265,173,202,360" oya="3" hai0="83,41,134,80,48,18,135,63,118,98,45,96,33" hai1="12,62,113,79,115,126,15,90,74,23,30,10,73" hai2="103,51,82,47,27,42,5,81,85,50,56,60,2" hai3="72,13,92,16,39,7,58,110,121,1,64,120,128"/><W93/><G39/><T84/><D33/><U102/><E126/><V87/><F51/><W111/><G72/><T88/><D118/><U14/><E10/><V26/><F103/><W106/><G106/><T114/><D114/><U53/><E102/><V97/><F97/><W77/><G77/><T36/><D63/><U117/><E117/><V123/><F123/><W124/><G124/><T65/><D65/><U54/><E79/><V78/><F5/><W61/><G1/><T37/><D80/><U11/><E11/><V34/><F34/><W52/><G64/><T19/><D37/><U112/><E90/><V32/><F32/><W70/><G70/><T38/><D38/><U68/><E68/><V76/><REACH who="2" step="1"/><F2/><REACH who="2" ten="265,173,192,360" step="2"/><W49/><G49/><T99/><REACH who="0" step="1"/><D36/><REACH who="0" ten="255,173,192,360" step="2"/><U105/><E62/><V28/><F28/><W129/><G121/><T86/><D86/><U131/><E113/><V25/><F25/><W130/><G120/><T55/><D55/><AGARI ba="0,2" hai="26,27,42,47,50,55,56,60,76,78,81,82,85,87" machi="55" ten="30,7700,0" yaku="1,1,7,1,9,1,8,1,53,0" doraHai="95" doraHaiUra="101" who="2" fromWho="0" sc="255,-77,173,0,192,97,360,0" /><INIT seed="4,0,0,2,1,118" ten="178,173,289,360" oya="0" hai0="119,13,38,36,99,20,74,75,85,110,41,51,88" hai1="29,61,48,34,44,97,57,55,21,65,39,66,14" hai2="40,115,11,28,37,125,27,72,33,106,79,4,56" hai3="96,117,9,16,120,69,113,6,42,0,108,122,104"/><T89/><D119/><U52/><E34/><V50/><F50/><W121/><G117/><T7/><D110/><U124/><E29/><V129/><F56/><W131/><G108/><T1/><D1/><U92/><E124/><V81/><F115/><W112/><G131/><T64/><D64/><U102/><E39/><V91/><F91/><W83/><G69/><T47/><D99/><U8/><REACH who="1" step="1"/><E21/><REACH who="1" ten="178,163,289,360" step="2"/><V109/><F125/><W123/><G123/><T30/><D30/><U26/><E26/><V18/><F27/><W23/><G23/><T60/><D36/><U86/><E86/><V73/><F28/><W22/><G22/><T94/><D38/><U62/><E62/><V98/><F33/><W135/><G113/><T2/><D60/><U116/><E116/><V130/><F37/><W58/><G112/><T12/><D75/><U77/><E77/><V134/><F79/><W32/><G32/><T53/><D74/><U71/><E71/><V5/><F73/><W93/><G122/><T78/><D78/><U132/><E132/><V19/><F72/><W128/><G135/><T133/><D133/><U107/><E107/><V24/><F134/><W67/><G104/><T68/><D68/><U3/><E3/><V15/><F106/><W43/><G0/><T25/><D25/><U105/><E105/><V95/><F109/><W63/><G121/><T80/><D20/><U54/><E54/><V49/><F24/><W45/><G120/><T114/><D53/><U17/><AGARI ba="0,1" hai="8,14,17,44,48,52,55,57,61,65,66,92,97,102" machi="17" ten="20,8000,1" yaku="1,1,0,1,7,1,8,1,54,1,53,0" doraHai="118" doraHaiUra="101" who="1" fromWho="1" sc="178,-40,163,90,289,-20,360,-20" /><INIT seed="5,0,0,1,5,123" ten="138,253,269,340" oya="1" hai0="11,104,12,116,63,14,61,62,91,101,29,98,27" hai1="89,99,71,121,0,79,34,80,82,105,20,47,32" hai2="45,26,53,50,17,83,49,44,25,132,129,39,51" hai3="118,108,38,65,81,21,113,33,40,13,115,94,2"/><U41/><E71/><V107/><F107/><W84/><G33/><T119/><D91/><U97/><E121/><V6/><F39/><W64/><G2/><T48/><D48/><U58/><E0/><V31/><F6/><W88/><G118/><T75/><D75/><U24/><E99/><V69/><F69/><W4/><G108/><T66/><D14/><U92/><E58/><V15/><F129/><W42/><G81/><T10/><D11/><U100/><E82/><V5/><F5/><W74/><G74/><T111/><D111/><U57/><E57/><V110/><F110/><W112/><G38/><T109/><D109/><U1/><E1/><V106/><F106/><W73/><G73/><T56/><D116/><U93/><E89/><V128/><F128/><W28/><G28/><T117/><D119/><U19/><E34/><V90/><F132/><W120/><G120/><T35/><REACH who="0" step="1"/><D117/><REACH who="0" ten="128,253,269,340" step="2"/><U126/><E32/><V36/><F36/><W72/><G72/><T68/><D68/><U7/><E7/><AGARI ba="0,1" hai="7,10,12,27,29,35,56,61,62,63,66,98,101,104" machi="7" ten="30,2000,0" yaku="1,1,7,1,53,0" doraHai="123" doraHaiUra="86" who="0" fromWho="1" sc="128,30,253,-20,269,0,340,0" /><INIT seed="6,0,0,5,2,19" ten="158,233,269,340" oya="2" hai0="24,33,94,72,81,43,17,76,16,2,111,53,113" hai1="39,45,30,106,61,84,8,21,88,123,50,66,18" hai2="96,37,134,38,49,105,1,59,98,135,63,108,56" hai3="70,87,73,32,69,46,0,80,47,100,41,48,29"/><V65/><F1/><W12/><G0/><T42/><D2/><U14/><E106/><V55/><F98/><W40/><G73/><T68/><D68/><U91/><E39/><N who="2" m="14859" /><F96/><W4/><G100/><T62/><D111/><U95/><E123/><V77/><F77/><W93/><G93/><T126/><D126/><U110/><E110/><V86/><F86/><W128/><G32/><T34/><D113/><U90/><E30/><V20/><F20/><W83/><G83/><T120/><D120/><U57/><E8/><V44/><F105/><W28/><G70/><T112/><D112/><U115/><E115/><V124/><F108/><W79/><G69/><T119/><D119/><U67/><E67/><V36/><F124/><W74/><G74/><T31/><D34/><U107/><E107/><V58/><F36/><W15/><G29/><T6/><D6/><U97/><E97/><V5/><F5/><W27/><G4/><T133/><D133/><AGARI ba="0,0" hai="44,49,55,56,58,59,63,65,133,134,135" m="14859" machi="133" ten="30,5800,0" yaku="20,1,34,2" doraHai="19" who="2" fromWho="0" sc="158,-58,233,0,269,58,340,0" /><INIT seed="6,1,0,0,1,15" ten="100,233,327,340" oya="2" hai0="89,121,65,45,36,33,76,50,115,103,31,105,3" hai1="49,133,13,17,43,2,126,92,95,46,22,98,91" hai2="88,0,109,40,110,120,82,10,1,93,59,21,48" hai3="134,130,12,30,96,16,18,119,64,78,74,131,68"/><V94/><F120/><W135/><G119/><T6/><D36/><U57/><E126/><V47/><F59/><W97/><G30/><T107/><D115/><U79/><E133/><N who="3" m="50698" /><G78/><T83/><D121/><U90/><E2/><V62/><F62/><N who="3" m="39959" /><G74/><T124/><D124/><U19/><E79/><V84/><F21/><N who="3" m="11399" /><G18/><T75/><D65/><U125/><E125/><V85/><F10/><W69/><G69/><T56/><D31/><U20/><E57/><V111/><F94/><N who="1" m="35881" /><E98/><AGARI ba="1,0" hai="96,97,98,130,131" m="11399,39959,50698" machi="98" ten="30,3900,0" yaku="20,1,52,1,54,1" doraHai="15" who="3" fromWho="1" sc="100,0,233,-42,327,0,340,42" /><INIT seed="7,0,0,5,5,126" ten="100,191,327,382" oya="3" hai0="40,47,46,109,65,45,116,95,132,17,103,68,50" hai1="14,119,90,27,87,77,3,99,2,71,59,118,35" hai2="67,115,85,84,82,42,32,133,120,135,128,58,53" hai3="89,26,23,5,70,51,54,6,44,117,19,37,30"/><W104/><G104/><T4/><D4/><U125/><E71/><V93/><F42/><W94/><G70/><T124/><D103/><U64/><E77/><V48/><F32/><W123/><G117/><N who="1" m="44554" /><E99/><V55/><F67/><W107/><G107/><T80/><D80/><N who="1" m="49511" /><E125/><V56/><F93/><W106/><G106/><T31/><D95/><U97/><E97/><V76/><F115/><W78/><G78/><T61/><D31/><N who="1" m="19967" /><E59/><V69/><F69/><W43/><G123/><T57/><D17/><U20/><E64/><V81/><F120/><W63/><G19/><AGARI ba="0,0" hai="2,3,14,19,20" m="19967,49511,44554" machi="19" ten="30,1000,0" yaku="12,1" doraHai="126" who="1" fromWho="3" sc="100,0,191,10,327,0,382,-10" owari="100,-40.0,201,-20.0,327,13.0,372,47.0" /></mjloggm>