<mjloggm ver="2.3"><GO type="97" lobby="0"/><UN n0="%E5%B0%B1%E6%B4%BB%E7%94%9F%40%E5%B7%9D%E6%9D%91%E8%BB%8D%E5%9B%A3" n1="%E9%AD%81%21%E3%83%9F%E3%83%83%E3%83%89%E3%83%8A%E3%82%A4%E3%83%88" n2="%E3%81%88%E3%81%8F%EF%BC%A0%7A%65%72%6F" n3="%E3%82%AF%E3%83%AC%E3%83%A0" dan="15,14,13,15" rate="2058.00,1902.04,1872.77,1996.58" sx="M,M,M,M"/><TAIKYOKU oya="0"/><INIT seed="0,0,0,1,5,60" ten="250,250,250,250" oya="0" hai0="92,4,82,118,114,73,21,76,75,107,117,106,23" hai1="56,7,133,45,16,1,134,81,61,87,129,10,84" hai2="122,42,41,25,20,14,39,11,65,38,68,35,98" hai3="9,0,24,89,53,90,130,100,126,19,124,78,71"/><T115/><D4/><U51/><E129/><V123/><F35/><W67/><G130/><T119/><D23/><U27/><E51/><V86/><F39/><W30/><G100/><T116/><D21/><N who="1" m="13735" /><E45/><V26/><F38/><W110/><G110/><T93/><N who="0" m="30208" /><DORA hai="72" /><T132/><D132/><N who="1" m="50795" /><E81/><V135/><F135/><W34/><G78/><T94/><REACH who="0" step="1"/><D73/><REACH who="0" ten="240,250,250,250" step="2"/><U121/><E121/><V15/><F20/><N who="3" m="13343" /><G34/><T83/><D83/><U40/><E40/><V74/><F42/><W62/><G124/><T101/><D101/><U77/><E77/><V8/><F41/><W28/><G126/><T12/><D12/><U48/><E48/><V111/><F14/><W128/><G0/><T103/><D103/><U2/><E2/><V91/><F15/><W31/><G128/><T33/><D33/><U69/><E1/><V43/><F43/><W59/><G9/><T99/><D99/><U113/><E10/><V102/><F8/><W44/><G90/><T58/><D58/><U112/><E7/><V22/><F91/><W18/><G89/><T88/><D88/><U57/><E57/><V104/><F122/><W95/><G71/><T46/><D46/><U105/><E69/><V79/><F123/><W6/><G6/><T125/><D125/><U97/><E87/><V13/><F68/><W52/><G44/><T29/><D29/><U3/><E84/><V120/><F74/><W54/><G95/><T85/><D85/><U108/><E3/><V96/><F86/><W37/><G18/><T70/><D70/><U36/><E97/><V50/><F120/><W47/><G47/><RYUUKYOKU ba="0,1" sc="240,15,250,-15,250,-15,250,15" hai0="75,76,82,92,93,94,106,107,114,115" hai3="28,30,31,37,52,53,54,59,62,67" /><INIT seed="0,1,1,2,4,67" ten="255,235,235,265" oya="0" hai0="56,91,36,37,95,35,76,21,18,13,52,113,65" hai1="34,51,20,73,102,81,16,80,107,54,49,63,23" hai2="93,110,128,40,12,112,17,111,66,100,104,64,58" hai3="10,78,97,15,134,116,68,125,2,33,124,94,3"/><T99/><D35/><U41/><E34/><V75/><F112/><W84/><G116/><T69/><D113/><U118/><E118/><V42/><F104/><W44/><G33/><T98/><D76/><U55/><E73/><V39/><F39/><W5/><G134/><T24/><D13/><U47/><E107/><V82/><F75/><W43/><G68/><T121/><D121/><U62/><E102/><V117/><F82/><N who="3" m="47191" /><G94/><T92/><D65/><N who="2" m="25194" /><F58/><W11/><G11/><T105/><D105/><U57/><E23/><N who="2" m="11687" /><F117/><W79/><G79/><T133/><D133/><U19/><E19/><V85/><F128/><W126/><G97/><T26/><D26/><N who="1" m="14599" /><E63/><V48/><F48/><AGARI ba="1,1" hai="2,3,5,10,15,43,44,48,124,125,126" m="47191" machi="48" ten="30,2000,0" yaku="25,1,18,1" doraHai="67" who="3" fromWho="2" sc="255,0,235,0,235,-23,265,33" /><INIT seed="1,0,0,3,3,105" ten="255,235,212,298" oya="1" hai0="69,98,94,129,28,89,66,45,20,1,32,78,5" hai1="107,109,62,116,126,43,101,106,42,111,86,56,73" hai2="16,39,8,53,64,103,84,121,37,87,12,48,34" hai3="38,26,99,110,115,25,77,4,82,92,57,47,74"/><U117/><E86/><V51/><F64/><W133/><G115/><T95/><D32/><U52/><E101/><V6/><F34/><W31/><G133/><T22/><D129/><U113/><E107/><V83/><F103/><W119/><G119/><T122/><D122/><U36/><E106/><V14/><F121/><W70/><G70/><T123/><D123/><U60/><E73/><V35/><F35/><W41/><G110/><N who="1" m="41994" /><E113/><V0/><F0/><W91/><G31/><T72/><D94/><U68/><E126/><V114/><F114/><W102/><G57/><T30/><D1/><U120/><E120/><V80/><F51/><W54/><G54/><T125/><D5/><U7/><E7/><V55/><F55/><W44/><G44/><T18/><D125/><U85/><E85/><N who="2" m="32843" /><F37/><W128/><G128/><T63/><D22/><U61/><E68/><V19/><F39/><W112/><G112/><T17/><D17/><N who="2" m="6730" /><F12/><W9/><REACH who="3" step="1"/><G102/><REACH who="3" ten="255,235,212,288" step="2"/><T127/><D127/><U100/><E100/><V134/><F134/><W76/><G76/><T135/><D135/><U50/><E36/><V97/><F97/><W118/><G118/><AGARI ba="0,1" hai="42,43,50,52,56,60,61,62,116,117,118" m="41994" machi="118" ten="40,12000,1" yaku="14,1,10,1,34,2,54,1" doraHai="105" who="1" fromWho="3" sc="255,0,235,130,212,0,288,-120" /><INIT seed="1,1,0,5,5,94" ten="255,365,212,168" oya="1" hai0="90,62,29,10,1,42,52,98,48,37,76,26,131" hai1="99,27,97,81,67,124,4,85,107,63,60,41,25" hai2="16,72,54,118,74,55,65,66,45,92,133,86,46" hai3="102,20,17,77,14,44,3,18,78,121,100,125,30"/><U114/><E107/><V87/><F118/><W40/><G121/><T33/><D131/><U15/><E124/><V39/><F133/><W130/><G130/><T53/><D76/><N who="3" m="29289" /><G3/><T64/><D37/><U134/><E114/><V119/><F119/><W122/><G122/><T96/><D42/><U110/><E134/><V127/><F127/><W35/><G35/><T126/><D126/><U24/><E41/><V112/><F112/><W135/><G135/><T23/><D33/><U120/><E120/><V49/><F39/><W7/><G7/><T109/><D109/><U116/><E116/><V31/><F92/><W123/><G123/><T82/><D10/><N who="1" m="4551" /><E110/><V128/><F128/><W57/><G57/><N who="0" m="36943" /><D1/><U69/><E69/><V34/><F34/><W43/><G125/><T50/><D90/><N who="1" m="51503" /><E67/><V83/><F83/><W115/><G30/><T61/><D61/><AGARI ba="1,0" hai="24,25,27,60,61,63,97,99" m="51503,4551" machi="61" ten="30,5800,0" yaku="8,1,52,2" doraHai="94" who="1" fromWho="0" sc="255,-61,365,61,212,0,168,0" /><INIT seed="1,2,0,2,4,27" ten="194,426,212,168" oya="1" hai0="92,51,107,5,77,118,129,108,55,81,24,84,17" hai1="58,11,45,103,7,88,73,133,9,86,20,0,125" hai2="22,99,38,52,19,75,74,90,69,49,132,120,134" hai3="6,47,67,26,109,68,41,30,2,16,46,93,32"/><U119/><E119/><V79/><F38/><W66/><G109/><T37/><D37/><U62/><E73/><V131/><F120/><W10/><G68/><T44/><D107/><U1/><E133/><N who="2" m="51307" /><F69/><W114/><G114/><T115/><D108/><U135/><E135/><V130/><F79/><W111/><G111/><T18/><D115/><U36/><E103/><V34/><F34/><W13/><G93/><T128/><D118/><U91/><E125/><V8/><F8/><W123/><G123/><T54/><D5/><U50/><E36/><V104/><F90/><W21/><G47/><T100/><D55/><U23/><E0/><V126/><F126/><W102/><G102/><T39/><D39/><AGARI ba="2,0" hai="2,6,10,13,16,21,26,30,32,39,41,46,66,67" machi="39" ten="30,8000,1" yaku="7,1,24,2,52,1,54,1" doraHai="27" who="3" fromWho="0" sc="194,-86,426,0,212,0,168,86" /><INIT seed="2,0,0,3,1,1" ten="108,426,212,254" oya="2" hai0="132,133,107,49,31,116,24,28,114,126,60,96,9" hai1="10,93,64,97,124,38,8,39,101,61,12,75,23" hai2="119,20,36,4,105,71,79,14,94,70,80,59,120" hai3="51,16,84,69,123,37,67,99,91,30,18,118,5"/><V100/><F36/><W47/><G37/><T34/><D114/><U43/><E75/><V98/><F119/><W54/><G118/><T74/><D74/><U106/><E106/><V121/><F59/><W65/><G123/><T89/><D116/><U72/><E72/><V56/><F56/><W134/><G134/><T76/><D76/><U88/><E124/><V125/><F125/><W115/><G115/><T127/><D49/><U6/><E43/><V78/><F105/><W85/><G69/><T0/><D60/><U66/><E39/><V90/><F90/><W53/><G30/><T48/><D48/><U21/><E38/><V83/><F70/><W95/><G54/><T22/><D89/><U55/><E10/><V104/><F71/><W7/><G84/><T82/><D82/><U81/><E55/><V130/><F130/><W92/><G65/><N who="1" m="25194" /><E61/><V73/><F94/><W26/><G67/><T50/><D50/><U112/><E112/><V40/><F40/><W42/><G42/><T15/><D96/><U135/><E135/><N who="0" m="51785" /><D107/><U44/><E44/><V41/><F41/><W35/><G35/><T29/><D0/><U122/><E122/><V57/><F57/><W86/><G86/><AGARI ba="0,0" hai="6,8,12,21,23,81,86,88,93,97,101" m="25194" machi="86" ten="30,3900,0" yaku="8,1,52,1,54,1" doraHai="1" who="1" fromWho="3" sc="108,0,426,39,212,0,254,-39" /><INIT seed="3,0,0,2,1,74" ten="108,465,212,215" oya="3" hai0="89,2,79,36,80,44,48,16,87,34,41,135,3" hai1="91,109,81,97,92,83,127,57,64,21,75,29,32" hai2="96,106,51,6,100,131,20,60,111,123,125,88,118" hai3="82,46,120,14,43,77,9,61,86,112,68,76,40"/><W78/><G120/><T18/><D34/><U22/><E32/><V122/><F118/><W28/><G112/><T95/><D135/><U49/><E109/><V24/><F111/><W103/><G103/><T99/><D3/><U128/><E128/><V0/><F125/><W10/><G28/><T117/><D117/><U107/><E107/><V15/><F0/><W30/><G30/><T4/><REACH who="0" step="1"/><D36/><REACH who="0" ten="98,465,212,215" step="2"/><U98/><E127/><V12/><F131/><W1/><G1/><T70/><D70/><U45/><E75/><V67/><F122/><W114/><G114/><T52/><D52/><N who="1" m="29743" /><E98/><V54/><F123/><W31/><G31/><T85/><D85/><U23/><E29/><V59/><F96/><W108/><G108/><T8/><AGARI ba="0,1" hai="2,4,8,16,18,41,44,48,79,80,87,89,95,99" machi="8" ten="30,7900,0" yaku="1,1,0,1,52,1,54,1,53,0" doraHai="74" doraHaiUra="113" who="0" fromWho="0" sc="98,89,465,-20,212,-20,215,-39" owari="187,-21.0,445,54.0,192,-1.0,176,-32.0" /></mjloggm>