<mjloggm ver="2.3"><GO type="169" lobby="0"/><UN n0="%2A%E3%81%B6%E3%81%A3%E3%81%A1%2A" n1="%E3%81%97%E3%82%85%E3%81%86%E3%83%BC%E3%80%82" n2="%72%61%74%74%61%74%74%61" n3="%E3%82%A6%E3%83%AB%E3%83%88%E3%83%A9%E7%AB%8B%E7%9B%B4" dan="16,18,17,17" rate="2081.07,2162.48,2132.59,2122.83" sx="M,M,M,M"/><TAIKYOKU oya="0"/><INIT seed="0,0,0,4,2,98" ten="250,250,250,250" oya="0" hai0="63,15,123,57,42,27,85,115,65,110,84,121,111" hai1="122,128,96,69,132,112,102,107,113,28,79,17,129" hai2="29,56,48,126,105,43,33,74,116,2,75,25,104" hai3="66,47,81,134,40,73,18,70,30,46,50,60,89"/><T44/><D27/><U88/><E69/><V0/><F56/><W16/><G134/><T59/><D15/><U35/><E17/><V83/><F48/><W21/><G89/><T54/><D84/><U97/><E28/><V6/><F126/><W80/><G46/><T76/><D85/><U13/><E13/><V9/><F2/><W14/><G30/><T77/><D77/><U90/><E35/><V45/><F116/><W41/><G73/><T22/><D22/><U7/><E7/><V19/><F19/><W24/><REACH who="3" step="1"/><G40/><REACH who="3" ten="250,250,250,240" step="2"/><T82/><D115/><N who="1" m="44107" /><E132/><V10/><F75/><W78/><G78/><T34/><D76/><U101/><E79/><V62/><F74/><W86/><G86/><T71/><D82/><U124/><E124/><V52/><F83/><W51/><G51/><N who="0" m="30943" /><D34/><U120/><E90/><V37/><REACH who="2" step="1"/><F9/><AGARI ba="0,1" hai="9,14,16,18,21,24,41,47,50,60,66,70,80,81" machi="9" ten="30,8000,1" yaku="1,1,7,1,54,1,53,2" doraHai="98" doraHaiUra="12" who="3" fromWho="2" sc="250,0,250,0,250,-80,240,90" /><INIT seed="1,0,0,3,2,67" ten="250,250,170,330" oya="1" hai0="83,3,126,34,21,92,73,122,113,13,81,133,58" hai1="110,70,97,135,10,77,11,84,118,18,42,78,69" hai2="132,51,25,50,28,125,98,107,45,61,40,31,120" hai3="93,108,112,27,41,63,39,37,104,96,119,16,46"/><U26/><E118/><V130/><F120/><W7/><G104/><T101/><D34/><U33/><E135/><V23/><F132/><W36/><G112/><T79/><D3/><U48/><E97/><V52/><F130/><W15/><G108/><T65/><D113/><U32/><E110/><V53/><F61/><W49/><G119/><T43/><D43/><U85/><E48/><V95/><F107/><W89/><G63/><T109/><D109/><U71/><E42/><V30/><F125/><W20/><G7/><T74/><D122/><U129/><E129/><V56/><REACH who="2" step="1"/><F40/><REACH who="2" ten="250,250,160,330" step="2"/><W121/><G121/><T6/><D126/><U80/><E26/><V90/><AGARI ba="0,1" hai="23,25,28,30,31,45,50,51,52,53,56,90,95,98" machi="90" ten="20,16000,3" yaku="1,1,2,1,0,1,7,1,8,1,54,1,53,3" doraHai="67" doraHaiUra="24" who="2" fromWho="2" sc="250,-40,250,-80,160,170,330,-40" /><INIT seed="2,0,0,3,0,96" ten="210,170,330,290" oya="2" hai0="27,57,54,97,118,80,64,87,82,113,78,59,14" hai1="30,1,116,132,81,135,31,126,12,43,60,33,83" hai2="25,130,122,53,8,103,45,13,24,92,95,110,72" hai3="46,112,98,5,37,0,109,23,50,119,71,134,44"/><V49/><F72/><W77/><G119/><T88/><D113/><U91/><E116/><V101/><F122/><W47/><G71/><T55/><D118/><U124/><E43/><V15/><F130/><W75/><G109/><T6/><D27/><N who="2" m="10314" /><F110/><W131/><G23/><T69/><D69/><U4/><E60/><V20/><F20/><W10/><G134/><N who="1" m="51242" /><E91/><V11/><F11/><W63/><G63/><N who="0" m="38015" /><D57/><U9/><E33/><V67/><F67/><W104/><G131/><T2/><D2/><U117/><E117/><V105/><F105/><W42/><G50/><T62/><D62/><U39/><E39/><V28/><F28/><N who="1" m="10793" /><E1/><V3/><F3/><W129/><G112/><T38/><D38/><U26/><E26/><V29/><F29/><W108/><G129/><T102/><D78/><U32/><E32/><V22/><F22/><W68/><G108/><T94/><D80/><AGARI ba="0,0" hai="4,9,12,80,81,83,124,126" m="10793,51242" machi="80" ten="30,1000,0" yaku="20,1" doraHai="96" who="1" fromWho="0" sc="210,-10,170,10,330,0,290,0" /><INIT seed="3,0,0,3,1,58" ten="200,180,330,290" oya="3" hai0="1,17,29,22,101,52,107,93,113,106,7,100,115" hai1="77,33,96,61,32,2,44,123,23,79,27,6,135" hai2="36,73,43,78,108,26,45,134,90,112,14,125,103" hai3="0,13,62,39,11,67,50,81,91,34,130,99,72"/><W12/><G39/><T53/><D29/><U18/><E123/><V88/><F112/><N who="0" m="43082" /><D7/><U111/><E111/><V64/><F108/><W84/><G130/><T40/><D40/><U95/><E135/><V25/><F103/><N who="0" m="39498" /><D93/><U51/><E2/><V105/><F43/><W42/><G34/><T127/><D1/><U83/><E6/><V48/><F36/><W110/><G110/><T59/><D127/><U121/><E121/><V28/><F28/><W57/><G72/><T109/><D109/><U66/><E33/><V46/><F125/><W124/><G124/><T126/><D126/><U104/><E32/><V30/><F30/><W129/><G129/><T87/><D87/><U118/><E118/><V133/><F73/><W74/><G74/><T15/><D53/><U86/><E104/><V120/><F120/><W41/><G0/><T85/><D85/><U60/><E66/><V117/><F117/><W38/><G38/><T75/><D75/><U116/><E79/><V92/><F78/><W10/><G99/><T102/><N who="0" m="39506" /><T49/><AGARI ba="0,0" hai="15,17,22,49,52,59,106,107" m="39506,43082" machi="49" ten="40,5200,0" yaku="4,1,11,1,54,1" doraHai="58" who="0" fromWho="0" sc="200,52,180,-13,330,-13,290,-26" /><INIT seed="4,0,0,2,3,60" ten="252,167,317,264" oya="0" hai0="104,87,123,67,16,46,71,101,74,22,126,48,82" hai1="113,24,135,77,41,131,61,15,66,99,112,125,53" hai2="115,103,30,80,58,107,78,90,12,47,9,105,121" hai3="124,63,38,65,50,70,59,91,26,56,32,13,69"/><T117/><D123/><U75/><E41/><V18/><F121/><W108/><G108/><T8/><D74/><U51/><E135/><V122/><F122/><W40/><G26/><T2/><D117/><U14/><E131/><V33/><F103/><W73/><G13/><T114/><D114/><N who="1" m="44139" /><E125/><V25/><F115/><W0/><G91/><T31/><D126/><U93/><E24/><V119/><F119/><W79/><G79/><T6/><D31/><U21/><E21/><V81/><F58/><N who="3" m="37111" /><G0/><T132/><D132/><U102/><E77/><V129/><F129/><W106/><G106/><T57/><D104/><U86/><E86/><V1/><F1/><W29/><G29/><T111/><D111/><U19/><E19/><V3/><F3/><W128/><G32/><T134/><D134/><U10/><E10/><V34/><F34/><W127/><G128/><T98/><D16/><U100/><E100/><V27/><F27/><W55/><G73/><T96/><D22/><U39/><E39/><V54/><F78/><W36/><G127/><T45/><D101/><U130/><E93/><V110/><F110/><W37/><G124/><T20/><D20/><U44/><E75/><V35/><F35/><W120/><G120/><T85/><D8/><U76/><E76/><V88/><F105/><W116/><G116/><T23/><D2/><U92/><E130/><V5/><F107/><W89/><G89/><N who="2" m="34409" /><F18/><W52/><G40/><T4/><D4/><U84/><E84/><V133/><F133/><W118/><G118/><T28/><D6/><U17/><E17/><V97/><F97/><RYUUKYOKU ba="0,0" sc="252,-30,167,10,317,10,264,10" hai1="14,15,44,51,53,61,66,92,99,102" hai2="5,9,12,25,30,33,47,54,80,81" hai3="36,37,38,50,52,55,56,59,69,70" /><INIT seed="5,1,0,3,1,96" ten="222,177,327,274" oya="1" hai0="117,121,101,111,72,110,25,3,135,44,65,41,90" hai1="38,63,33,119,23,15,14,19,115,103,52,93,20" hai2="35,54,84,131,51,98,16,42,83,39,73,48,80" hai3="128,113,32,27,56,37,9,43,88,86,34,71,124"/><U47/><E119/><V53/><F35/><W30/><G71/><T99/><D3/><U61/><E33/><V130/><F39/><W97/><G124/><T21/><D117/><U57/><E115/><V112/><F112/><W70/><G128/><N who="2" m="49193" /><F73/><W55/><G70/><T116/><D116/><U29/><E38/><V75/><F75/><W74/><G74/><T2/><D72/><U62/><E47/><N who="2" m="25719" /><F98/><W127/><G43/><T106/><D111/><U77/><E77/><N who="2" m="46095" /><F51/><W102/><G37/><T6/><D110/><U36/><E36/><V126/><F126/><W133/><G34/><T8/><D121/><U60/><E29/><V79/><F79/><W46/><G30/><T68/><D135/><U5/><E5/><V125/><F83/><W81/><G81/><T18/><D90/><U66/><E66/><V132/><F132/><W24/><G88/><T49/><D68/><U91/><E103/><V67/><F125/><W76/><G32/><T0/><D65/><U108/><E108/><V109/><F109/><W114/><G133/><T22/><D0/><U87/><E20/><V1/><F1/><W123/><G127/><T17/><REACH who="0" step="1"/><D21/><REACH who="0" ten="212,177,327,274" step="2"/><U31/><E31/><AGARI ba="1,1" hai="2,6,8,17,18,22,25,31,41,44,49,99,101,106" machi="31" ten="30,8000,1" yaku="1,1,2,1,7,1,52,1,53,1" doraHai="96" doraHaiUra="7" who="0" fromWho="1" sc="212,93,177,-83,327,0,274,0" /><INIT seed="6,0,0,5,1,75" ten="305,94,327,274" oya="2" hai0="30,80,3,31,115,88,58,68,110,124,38,63,45" hai1="99,109,29,32,6,50,116,49,94,71,1,34,103" hai2="89,15,91,33,120,2,41,129,51,55,104,47,82" hai3="133,131,85,40,43,7,19,79,62,0,25,81,92"/><V26/><F2/><W54/><G131/><T20/><D110/><U107/><E109/><V22/><F104/><W114/><G133/><T35/><D35/><U10/><E116/><V117/><F120/><W87/><G7/><T39/><D68/><U13/><E94/><V123/><F123/><W52/><G0/><T8/><D115/><U112/><E112/><V128/><F33/><W122/><G122/><T61/><D124/><U125/><E125/><V27/><F117/><W48/><G114/><T135/><D135/><U101/><E101/><V16/><F41/><N who="3" m="15947" /><G62/><T105/><D63/><U44/><E44/><V67/><F67/><W119/><G119/><T23/><D45/><U113/><E113/><V130/><F82/><N who="3" m="47327" /><G92/><T46/><D105/><U24/><E34/><V4/><F4/><W66/><G66/><T106/><D106/><U72/><E72/><V70/><F70/><W60/><G60/><T97/><D61/><U126/><E126/><V100/><F100/><W111/><G48/><T14/><D39/><U21/><REACH who="1" step="1"/><E71/><REACH who="1" ten="305,84,327,274" step="2"/><V69/><F69/><W37/><G111/><T36/><D38/><U42/><E42/><V96/><F96/><W65/><G37/><T121/><D36/><U102/><E102/><V18/><F130/><W17/><G65/><T57/><D121/><U93/><E93/><V5/><F129/><W132/><G132/><T74/><D74/><U56/><E56/><V77/><F128/><W98/><G54/><T86/><D58/><U53/><E53/><V118/><F118/><W78/><G52/><T76/><D57/><U28/><E28/><RYUUKYOKU ba="0,1" sc="305,-10,84,30,327,-10,274,-10" hai1="1,6,10,13,21,24,29,32,49,50,99,103,107" /><INIT seed="7,1,1,5,3,111" ten="295,114,317,264" oya="3" hai0="76,43,42,113,78,120,90,100,12,107,28,130,121" hai1="66,40,3,70,23,72,60,31,106,132,115,16,82" hai2="129,14,102,46,79,95,88,50,86,4,133,98,101" hai3="17,54,65,110,45,85,97,135,84,19,119,6,9"/><W59/><G135/><T32/><D28/><U71/><E132/><V61/><F129/><W48/><G119/><T15/><D32/><U37/><E3/><V73/><F73/><W26/><G97/><T122/><D15/><U18/><E106/><V39/><F39/><W123/><G123/><T49/><D12/><U114/><E71/><V34/><F34/><W52/><G65/><T128/><D113/><N who="1" m="43019" /><E37/><V36/><F61/><W69/><G69/><T47/><D43/><U5/><E40/><N who="2" m="24903" /><F36/><W35/><G110/><T13/><D13/><U11/><E5/><V58/><F133/><W41/><G41/><T68/><D68/><U124/><E11/><N who="2" m="4455" /><F58/><W87/><G6/><T55/><D42/><U77/><E124/><V103/><F79/><W64/><G9/><T74/><D78/><U2/><E2/><V22/><F22/><N who="3" m="13663" /><G35/><T57/><D120/><U7/><E7/><V29/><F29/><W93/><G17/><T1/><D121/><U25/><AGARI ba="1,1" hai="16,18,23,25,31,60,66,70,72,77,82" m="43019" machi="25" ten="30,8000,1" yaku="15,1,52,3,54,1" doraHai="111" who="1" fromWho="1" sc="295,-21,114,93,317,-21,264,-41" /><INIT seed="8,0,0,1,1,58" ten="274,207,296,223" oya="0" hai0="135,54,41,83,95,65,2,14,21,72,113,45,90" hai1="121,98,127,16,85,18,80,20,46,118,56,15,81" hai2="108,122,23,57,24,8,114,29,48,132,6,92,128" hai3="42,35,32,133,40,7,11,91,67,104,111,101,63"/><T53/><D2/><U12/><E121/><V73/><F108/><W76/><G111/><T19/><D113/><U103/><E127/><V5/><F73/><W134/><G76/><T129/><D135/><N who="3" m="51721" /><G91/><T71/><D129/><U26/><E118/><V112/><F122/><W88/><G101/><T120/><D120/><U17/><E46/><V87/><F128/><W99/><G104/><T9/><D21/><U96/><E56/><V107/><F107/><W50/><G88/><T130/><D130/><U125/><E125/><V39/><F39/><W49/><G99/><N who="1" m="37930" /><E103/><V4/><F132/><W51/><G42/><T74/><D74/><U109/><E109/><V62/><F48/><N who="3" m="12291" /><W84/><DORA hai="52" /><G84/><T28/><D72/><U86/><E26/><V126/><F126/><W36/><G40/><T66/><D41/><U116/><E116/><V31/><F112/><W55/><G55/><T1/><D54/><U10/><E17/><N who="2" m="12399" /><F114/><W82/><G36/><T77/><D53/><U93/><E93/><V106/><F106/><W25/><G25/><T75/><D95/><U78/><E78/><V70/><F92/><W60/><G82/><AGARI ba="0,0" hai="10,12,15,16,18,20,80,81,82,85,86" m="37930" machi="82" ten="30,2000,0" yaku="8,1,54,1" doraHai="58,52" who="1" fromWho="3" sc="274,0,207,20,296,0,223,-20" /><INIT seed="9,0,0,0,2,67" ten="274,227,296,203" oya="1" hai0="129,9,99,3,11,98,53,119,127,51,0,78,82" hai1="134,124,48,62,130,103,44,56,118,107,125,126,34" hai2="55,12,128,79,4,74,45,72,17,1,93,71,43" hai3="123,58,28,25,57,24,61,117,97,86,10,32,20"/><U35/><E118/><V8/><F71/><W133/><G123/><T54/><D119/><U116/><E116/><V131/><F55/><W16/><G133/><T81/><D51/><U6/><E6/><V66/><F66/><W102/><G117/><T14/><D14/><U109/><E134/><V63/><F63/><W135/><G135/><T19/><D19/><U2/><E2/><V64/><F64/><W115/><G115/><T85/><D85/><U15/><E15/><V23/><F93/><W114/><G114/><T105/><D78/><U90/><E130/><N who="2" m="49707" /><F79/><W73/><G73/><T77/><D77/><U94/><E103/><V60/><F60/><W40/><G40/><T76/><D76/><U113/><E107/><V29/><F29/><W87/><G10/><T26/><D129/><U68/><E113/><V37/><AGARI ba="0,0" hai="1,4,8,12,17,23,37,43,45,72,74" m="49707" machi="37" ten="30,1100,0" yaku="19,1" doraHai="67" who="2" fromWho="2" sc="274,-3,227,-5,296,11,203,-3" owari="271,7.0,222,-18.0,307,41.0,200,-30.0" /></mjloggm>