<mjloggm ver="2.3"><GO type="169" lobby="0"/><UN n0="%E3%82%88%E3%83%BC%EF%BC%A0%E3%83%AD%E3%83%83%E3%82%AF" n1="%E3%82%A6%E3%83%AB%E3%83%88%E3%83%A9%E7%AB%8B%E7%9B%B4" n2="%E3%83%9E%E3%83%AB%E3%83%9E%E3%82%A4%E3%83%B3" n3="%E3%81%BE%E3%83%BC%E3%81%95%EF%BC%A0%EF%BC%92%EF%BC%91" dan="16,17,16,17" rate="2099.97,2153.36,2072.87,2193.82" sx="M,M,M,M"/><TAIKYOKU oya="0"/><INIT seed="0,0,0,0,5,36" ten="250,250,250,250" oya="0" hai0="55,129,56,112,31,33,39,68,18,90,130,11,66" hai1="49,132,117,32,24,46,58,16,35,98,135,15,13" hai2="65,99,20,101,114,28,48,74,121,21,62,26,59" hai3="27,94,1,104,96,37,125,75,50,70,105,97,42"/><T61/><D112/><U43/><E117/><V29/><F114/><W0/><G75/><T85/><D39/><U25/><E98/><V19/><F121/><W126/><G70/><T6/><D31/><U45/><E58/><V127/><F127/><N who="3" m="48651" /><G37/><T103/><D33/><U14/><E16/><V12/><F74/><W107/><G27/><N who="1" m="10314" /><E49/><V10/><F48/><W53/><G97/><T86/><D103/><U122/><E43/><V4/><REACH who="2" step="1"/><F21/><REACH who="2" ten="250,250,240,250" step="2"/><W102/><G42/><T81/><D18/><U73/><E73/><V108/><F108/><W133/><G133/><N who="1" m="51274" /><E122/><V52/><F52/><W60/><G60/><T120/><D120/><U109/><E109/><V76/><F76/><W82/><G50/><T123/><D123/><U79/><E79/><V44/><F44/><AGARI ba="0,1" hai="13,14,15,32,35,44,45,46" m="51274,10314" machi="44" ten="40,5200,0" yaku="28,2,20,1" doraHai="36" who="1" fromWho="2" sc="250,0,250,62,240,-52,250,0" /><INIT seed="1,0,0,3,5,35" ten="250,312,188,250" oya="1" hai0="108,55,57,116,37,41,23,81,93,84,43,103,86" hai1="38,97,5,69,13,98,28,72,27,96,126,76,24" hai2="15,33,46,25,82,75,124,11,74,133,115,56,92" hai3="68,21,65,123,118,8,83,125,95,99,44,91,30"/><U10/><E38/><V101/><F115/><W61/><G123/><T100/><D116/><U112/><E112/><V60/><F124/><W39/><G125/><T2/><D108/><U122/><E122/><V132/><F46/><W53/><G118/><T47/><D41/><U40/><E40/><V87/><F87/><W20/><G30/><T111/><D111/><U62/><E126/><V19/><F33/><W36/><G36/><T89/><D23/><U6/><E6/><V120/><F120/><W135/><G135/><N who="2" m="51785" /><F82/><W73/><G8/><T117/><D2/><U80/><REACH who="1" step="1"/><E28/><REACH who="1" ten="250,302,188,250" step="2"/><V102/><F19/><W7/><G7/><T129/><D117/><U113/><E113/><V79/><F75/><W58/><G73/><T110/><D110/><U26/><E26/><V0/><F25/><W52/><G39/><T63/><REACH who="0" step="1"/><D129/><REACH who="0" ten="240,302,188,250" step="2"/><U14/><E14/><V127/><F15/><W29/><G29/><T12/><D12/><U50/><E50/><V85/><F127/><W49/><REACH who="3" step="1"/><G83/><REACH who="3" ten="240,302,188,240" step="2"/><T121/><D121/><U77/><E77/><AGARI ba="0,3" hai="37,43,47,55,57,63,77,81,84,86,89,93,100,103" machi="77" ten="30,2000,0" yaku="1,1,7,1,53,0" doraHai="35" doraHaiUra="18" who="0" fromWho="1" sc="240,50,302,-20,188,0,240,0" /><INIT seed="2,0,0,0,3,16" ten="290,282,188,240" oya="2" hai0="73,69,117,1,29,27,22,114,81,118,112,4,59" hai1="33,110,15,43,122,9,130,44,100,24,31,135,57" hai2="34,96,105,2,84,17,126,26,116,30,74,71,58" hai3="11,6,101,12,97,78,45,77,63,62,128,0,25"/><V120/><F116/><N who="0" m="44650" /><D69/><U92/><E110/><V10/><F74/><W67/><G128/><T79/><D4/><U80/><E130/><V131/><F120/><W133/><G133/><T119/><D1/><U113/><E113/><V98/><F131/><W8/><G45/><T93/><D119/><U83/><E135/><V111/><F126/><W60/><G67/><T103/><D59/><U3/><E3/><V68/><F58/><W76/><G25/><T132/><D132/><U19/><E122/><V90/><F105/><W38/><G38/><T106/><D106/><U107/><E107/><V82/><F111/><W52/><G101/><T7/><D7/><U28/><E28/><V127/><F127/><W47/><G97/><AGARI ba="0,0" hai="22,27,29,73,79,81,93,97,103,112,114" m="44650" machi="97" ten="30,2000,0" yaku="12,1,52,1" doraHai="16" who="0" fromWho="3" sc="290,20,282,0,188,0,240,-20" /><INIT seed="3,0,0,4,4,39" ten="310,282,188,220" oya="3" hai0="131,76,111,40,6,120,101,37,38,58,44,119,51" hai1="77,11,133,45,121,107,130,12,3,49,90,15,92" hai2="63,128,16,71,22,41,47,100,72,83,67,81,4" hai3="61,105,50,55,36,0,19,9,96,20,28,62,85"/><W69/><G36/><T98/><D119/><U1/><E107/><V93/><F128/><W75/><G75/><T35/><D35/><U78/><E121/><V114/><F114/><W102/><G69/><T82/><D120/><U113/><E113/><V46/><F46/><W70/><G70/><T5/><D111/><U53/><E130/><V115/><F115/><W99/><G28/><T24/><D24/><U106/><E106/><V59/><F71/><W23/><G99/><T30/><D30/><U110/><E110/><V2/><F72/><W135/><G135/><T52/><D38/><U33/><E33/><V112/><F112/><W68/><G85/><T79/><D131/><U31/><E31/><V10/><F93/><W84/><G84/><T48/><D37/><U94/><E94/><V91/><F100/><W103/><G103/><T80/><D80/><U95/><E95/><V57/><F59/><W118/><G118/><T86/><D79/><U97/><E1/><V134/><F134/><W18/><G68/><T73/><D73/><U89/><E89/><V21/><F21/><W66/><G23/><T54/><D54/><U109/><E3/><V117/><F91/><W64/><G64/><T17/><D17/><N who="3" m="6153" /><G66/><T42/><D42/><U129/><E109/><V56/><F117/><W14/><G0/><T108/><D108/><U125/><E129/><V104/><F83/><W126/><G20/><T122/><D122/><U26/><E133/><V7/><F81/><W32/><G32/><T65/><D65/><U25/><E78/><V13/><F67/><W34/><G34/><RYUUKYOKU ba="0,0" sc="310,30,282,-10,188,-10,220,-10" hai0="5,6,40,44,48,51,52,58,76,82,86,98,101" /><INIT seed="4,1,0,1,5,69" ten="340,272,178,210" oya="0" hai0="120,75,88,102,98,4,125,53,74,79,123,38,25" hai1="97,9,124,64,103,66,104,1,84,117,39,113,100" hai2="26,8,127,49,80,130,52,115,44,47,2,5,58" hai3="83,29,0,50,107,54,21,16,116,42,60,112,33"/><T35/><D4/><U30/><E117/><V77/><F115/><W73/><G116/><T40/><D125/><U15/><E1/><V22/><F130/><W93/><G107/><N who="0" m="63959" /><D88/><U133/><E124/><V110/><F110/><W63/><G0/><T51/><D51/><U111/><E111/><V62/><F127/><W32/><G112/><T87/><D87/><U132/><E113/><V99/><F99/><W106/><G106/><T36/><D53/><U71/><E30/><V82/><F49/><W105/><G105/><T76/><D76/><U68/><E84/><V10/><F10/><W91/><G83/><N who="0" m="45559" /><D75/><U109/><E109/><V18/><REACH who="2" step="1"/><F82/><REACH who="2" ten="340,272,168,210" step="2"/><W114/><G114/><T72/><D120/><U12/><E97/><V31/><F31/><W78/><G29/><T24/><D123/><U43/><E9/><V90/><F90/><W23/><G91/><T28/><D28/><U27/><E103/><V129/><F129/><W61/><G33/><T46/><D35/><U65/><E100/><V11/><F11/><W6/><G32/><T3/><D38/><U7/><E39/><V131/><F131/><W55/><G23/><T41/><D36/><U126/><E126/><V135/><F135/><W13/><G93/><T57/><D40/><U122/><E43/><V95/><F95/><W70/><G42/><T14/><D41/><U94/><E94/><V19/><F19/><W67/><G50/><T48/><D48/><U37/><E133/><V59/><F59/><W56/><G56/><T128/><D57/><U121/><E132/><V17/><F17/><W86/><G16/><RYUUKYOKU ba="1,1" sc="340,-10,272,-10,168,30,210,-10" hai2="2,5,8,18,22,26,44,47,52,58,62,77,80" /><INIT seed="5,2,1,2,1,135" ten="330,262,198,200" oya="1" hai0="6,24,15,115,85,126,75,42,71,11,117,106,102" hai1="109,28,124,50,81,132,0,64,40,79,94,74,125" hai2="68,26,101,58,1,95,44,82,46,108,35,86,133" hai3="92,83,10,54,49,41,130,33,73,134,89,120,121"/><U111/><E0/><V76/><F108/><N who="1" m="41545" /><E132/><V13/><F133/><W62/><G134/><T113/><D75/><U63/><E28/><V31/><F1/><W14/><G33/><T3/><D3/><U97/><E50/><V78/><F78/><W80/><G130/><T27/><D117/><U17/><E17/><V65/><F13/><W60/><G73/><T34/><D34/><U87/><E40/><V30/><F31/><W12/><G121/><T53/><D42/><U55/><E55/><V25/><F26/><W67/><G41/><T77/><D53/><U18/><E18/><V23/><F68/><W29/><G29/><T43/><D43/><U16/><E16/><V72/><F35/><W21/><G120/><T104/><D24/><U99/><E74/><V69/><F69/><W91/><G21/><T39/><D27/><U19/><E19/><V100/><F72/><W103/><G49/><T47/><D15/><U57/><E99/><N who="2" m="59519" /><F101/><AGARI ba="2,1" hai="57,63,64,79,81,87,94,97,101,124,125" m="41545" machi="101" ten="30,5800,0" yaku="10,1,52,2" doraHai="135" who="1" fromWho="2" sc="330,0,262,74,198,-64,200,0" /><INIT seed="5,3,0,3,1,43" ten="330,336,134,200" oya="1" hai0="110,33,66,120,74,98,21,46,107,13,4,77,113" hai1="49,52,41,90,59,32,93,7,44,100,121,75,114" hai2="48,92,40,118,58,116,45,23,122,51,65,39,106" hai3="35,99,70,91,38,76,6,10,81,9,79,47,60"/><U94/><E75/><V133/><F106/><W8/><G35/><T71/><D33/><U54/><E32/><V37/><F92/><W27/><G27/><T64/><D110/><U3/><E121/><V96/><F96/><W42/><G79/><T95/><D107/><U15/><E3/><V63/><F122/><W108/><G108/><T25/><D113/><U36/><E114/><V68/><F23/><W83/><G70/><T14/><D71/><U128/><E128/><V1/><F1/><W22/><G22/><T117/><D77/><U82/><E100/><V126/><F126/><W124/><G60/><T88/><D74/><U11/><E54/><N who="2" m="32095" /><F133/><W12/><G124/><T0/><D117/><AGARI ba="3,0" hai="37,39,40,45,48,63,65,68,116,117,118" m="32095" machi="117" ten="30,3900,0" yaku="34,2,52,1" doraHai="43" who="2" fromWho="0" sc="330,-48,336,0,134,48,200,0" /><INIT seed="6,0,0,2,5,11" ten="282,336,182,200" oya="2" hai0="124,63,115,44,69,73,104,131,70,71,43,15,101" hai1="84,39,91,3,128,34,97,20,0,80,81,57,96" hai2="1,77,89,122,120,83,41,135,8,13,24,127,51" hai3="23,4,126,119,47,75,129,92,37,105,54,85,25"/><V5/><F127/><W74/><G105/><T32/><D32/><U42/><E34/><V72/><F135/><W134/><G119/><T18/><D73/><U53/><E0/><V9/><F24/><W110/><G110/><T10/><D115/><U103/><E3/><V123/><F89/><W114/><G126/><T62/><D131/><U36/><E42/><V2/><REACH who="2" step="1"/><F9/><REACH who="2" ten="282,336,172,200" step="2"/><W12/><G134/><T30/><D124/><U7/><E91/><V52/><F52/><W50/><G129/><T61/><D10/><U132/><E53/><V56/><F56/><W16/><G114/><T66/><D70/><U108/><E57/><V76/><F76/><W100/><G100/><T118/><D69/><U38/><E103/><V68/><F68/><W102/><G102/><T98/><D71/><U22/><E132/><V87/><F87/><W35/><G75/><T27/><D27/><U112/><E84/><V111/><F111/><W29/><G74/><T17/><D101/><U21/><E108/><V33/><F33/><W55/><G55/><T99/><D104/><U40/><E112/><V59/><F59/><W133/><G133/><T88/><D88/><U49/><E128/><V90/><F90/><N who="3" m="53327" /><G35/><T121/><D121/><U78/><E78/><V46/><AGARI ba="0,1" hai="1,2,5,8,13,41,46,51,72,77,83,120,122,123" machi="46" ten="40,7800,0" yaku="1,1,0,1,52,1,53,0" doraHai="11" doraHaiUra="94" who="2" fromWho="2" sc="282,-26,336,-26,172,88,200,-26" /><INIT seed="6,1,0,4,0,105" ten="256,310,260,174" oya="2" hai0="23,111,13,29,62,107,104,50,80,64,15,51,36" hai1="91,90,116,37,124,44,88,69,47,114,72,31,22" hai2="60,8,5,130,6,35,135,76,14,70,9,101,55" hai3="83,93,67,112,39,3,32,92,106,79,123,61,125"/><V52/><F130/><W56/><G3/><T134/><D111/><U87/><E69/><V109/><F109/><W33/><G123/><T68/><D36/><U53/><E72/><V54/><F35/><W1/><G106/><T48/><D134/><U95/><E37/><V2/><F135/><W45/><G125/><T57/><D68/><U84/><E124/><V40/><F40/><W34/><G1/><T42/><D42/><U86/><E114/><V132/><F132/><W27/><G112/><T12/><REACH who="0" step="1"/><D80/><REACH who="0" ten="246,310,260,174" step="2"/><U66/><E116/><V4/><F70/><W99/><G39/><T16/><D16/><U46/><E66/><V115/><F115/><W133/><G133/><T118/><D118/><U131/><E131/><V7/><F2/><W58/><G45/><T63/><D63/><U98/><E53/><V20/><F60/><W43/><G43/><T120/><D120/><U126/><E126/><V127/><F6/><W17/><G58/><T94/><D94/><U24/><AGARI ba="1,1" hai="22,24,31,44,46,47,84,86,87,88,90,91,95,98" machi="24" ten="40,5200,0" yaku="0,1,8,1,54,1" doraHai="105" who="1" fromWho="1" sc="246,-14,310,65,260,-27,174,-14" /><INIT seed="7,0,0,0,0,55" ten="232,375,233,160" oya="3" hai0="88,121,14,37,78,133,68,22,106,70,24,123,62" hai1="98,103,47,40,93,66,27,119,65,5,3,57,75" hai2="117,126,125,132,115,63,2,85,118,80,41,13,83" hai3="45,72,134,122,92,34,102,96,4,60,28,19,112"/><W52/><G122/><T38/><D106/><U1/><E75/><V99/><F2/><W44/><G72/><T8/><D133/><U109/><E109/><V50/><F115/><W0/><G112/><T124/><D78/><U18/><E66/><V17/><F63/><W61/><G134/><T26/><D124/><N who="2" m="47722" /><F99/><W105/><G105/><T16/><D24/><U128/><E5/><V64/><F64/><W116/><G116/><T36/><D88/><U120/><E128/><V129/><F129/><W73/><G73/><T94/><D94/><U9/><E27/><V89/><F83/><W135/><G135/><T58/><D70/><U43/><E47/><N who="3" m="17994" /><G34/><T35/><D35/><U54/><E43/><V67/><F132/><W39/><G39/><T21/><D68/><U25/><E40/><V76/><F41/><W104/><G104/><T74/><D74/><U56/><E120/><V6/><F118/><W71/><G71/><T51/><D51/><N who="1" m="30815" /><E1/><V127/><F117/><W86/><G28/><T97/><D123/><U49/><E3/><V15/><F127/><W113/><G113/><T110/><D121/><U131/><E131/><V32/><F32/><W77/><G19/><T130/><D130/><U111/><E119/><V95/><F17/><W100/><G100/><T101/><D37/><U108/><E108/><V82/><F6/><W90/><G77/><T81/><D110/><U11/><E111/><V48/><F76/><W87/><G52/><N who="0" m="34119" /><D38/><U42/><E42/><V20/><F89/><W33/><G33/><T12/><D36/><U53/><E65/><V91/><F67/><RYUUKYOKU ba="0,0" sc="232,-10,375,30,233,-10,160,-10" hai1="9,11,18,25,49,53,57,93,98,103" owari="222,-18.0,405,51.0,223,2.0,150,-35.0" /></mjloggm>