<mjloggm ver="2.3"><GO type="169" lobby="0"/><UN n0="%77%61%77%61%33%30%33%30" n1="%E3%81%BE%E3%81%95%E3%82%8B%E3%81%95%E3%82%93%E3%80%82%E3%80%82" n2="%49%53%53%4F%4E%34" n3="%E3%83%88%E3%83%88%E3%83%AA%E5%85%88%E7%94%9F%31%39%E6%AD%B3" dan="16,16,17,17" rate="2160.75,2093.20,2205.83,2270.64" sx="M,M,M,F"/><TAIKYOKU oya="0"/><INIT seed="0,0,0,0,5,108" ten="250,250,250,250" oya="0" hai0="133,17,68,46,26,45,101,41,123,110,85,75,53" hai1="50,38,126,43,31,116,129,79,60,40,7,19,113" hai2="96,47,34,22,130,78,94,100,83,62,10,92,89" hai3="117,8,51,27,28,5,12,24,36,90,67,30,35"/><T132/><D75/><U99/><E79/><V120/><F130/><W1/><G117/><T52/><D123/><U11/><E31/><V32/><F120/><W37/><G67/><T124/><D68/><U106/><E50/><V95/><F47/><W61/><G61/><T3/><D3/><U57/><E19/><V16/><F10/><W39/><G51/><T105/><D124/><U103/><E126/><V25/><F62/><W81/><G90/><T48/><D110/><U134/><E116/><V42/><F42/><W59/><G59/><T86/><D101/><U127/><E129/><V2/><F2/><W93/><G93/><T97/><D97/><U121/><E121/><V72/><REACH who="2" step="1"/><F94/><REACH who="2" ten="250,250,240,250" step="2"/><W20/><G1/><T58/><D105/><U15/><E43/><V98/><AGARI ba="0,1" hai="16,22,25,32,34,72,78,83,89,92,95,96,98,100" machi="98" ten="20,8000,1" yaku="1,1,2,1,0,1,7,1,54,1,53,0" doraHai="108" doraHaiUra="111" who="2" fromWho="2" sc="250,-40,250,-20,240,90,250,-20" /><INIT seed="1,0,0,3,3,80" ten="210,230,330,230" oya="1" hai0="32,100,41,83,36,79,95,86,45,64,30,26,107" hai1="119,106,29,47,63,50,92,91,97,67,38,18,126" hai2="27,90,54,20,112,9,13,103,55,21,58,51,57" hai3="82,19,93,6,123,81,102,25,7,120,133,4,62"/><U2/><E2/><V129/><F129/><W42/><G133/><T61/><D95/><U1/><E1/><V0/><F0/><W17/><G42/><T69/><REACH who="0" step="1"/><D100/><REACH who="0" ten="200,230,330,230" step="2"/><U14/><E92/><V8/><F103/><W40/><G93/><T94/><D94/><U110/><E97/><V16/><F112/><W49/><G102/><T37/><D37/><U60/><E38/><V116/><F116/><W23/><G120/><T72/><D72/><U89/><E119/><V124/><F124/><W73/><G123/><T5/><D5/><U125/><E125/><V111/><F111/><W113/><G73/><T101/><D101/><U115/><E110/><V118/><F118/><W66/><G113/><T74/><D74/><U117/><E117/><V22/><F90/><W56/><G82/><T88/><D88/><U31/><E89/><V134/><F134/><W104/><G81/><T98/><D98/><U34/><E91/><V128/><F128/><W10/><G104/><AGARI ba="0,1" hai="26,30,32,36,41,45,61,64,69,79,83,86,104,107" machi="104" ten="40,5200,0" yaku="1,1,52,1,53,1" doraHai="80" doraHaiUra="76" who="0" fromWho="3" sc="200,62,230,0,330,0,230,-52" /><INIT seed="2,0,0,0,1,111" ten="262,230,330,178" oya="2" hai0="95,41,50,25,40,127,85,59,15,5,44,17,20" hai1="33,28,7,90,87,47,93,96,101,69,39,117,19" hai2="8,115,126,27,70,55,62,76,71,46,89,29,65" hai3="9,116,108,56,36,99,94,86,129,66,22,120,61"/><V88/><F115/><W110/><G116/><T18/><D127/><U13/><E69/><V118/><F126/><W130/><G120/><T54/><D5/><U97/><E7/><V84/><F118/><W131/><G36/><T109/><D109/><N who="3" m="42089" /><G9/><T35/><D35/><U113/><E28/><V6/><F70/><W105/><G22/><T60/><D85/><U106/><E33/><V30/><F76/><W122/><G122/><T128/><D128/><N who="3" m="32769" /><W32/><DORA hai="73" /><G32/><T38/><D95/><U23/><E113/><V43/><F55/><W77/><G105/><T74/><D74/><U125/><E117/><V114/><F114/><W98/><G94/><T26/><D40/><U124/><E124/><V134/><F134/><W3/><G3/><T104/><D104/><U82/><E125/><V123/><F123/><W51/><G51/><T79/><D79/><U78/><E39/><V75/><F75/><W24/><G24/><T100/><D100/><U80/><E78/><V48/><F27/><W64/><G66/><T2/><D2/><U107/><E107/><V112/><F112/><W42/><G42/><T68/><REACH who="0" step="1"/><D18/><REACH who="0" ten="252,230,330,178" step="2"/><U53/><E106/><V103/><F103/><W14/><G86/><T11/><D11/><U34/><E34/><V45/><F89/><W16/><G77/><T52/><D52/><U72/><E72/><V121/><F121/><W91/><G91/><T119/><D119/><U67/><E101/><V12/><REACH who="2" step="1"/><F46/><REACH who="2" ten="252,230,320,178" step="2"/><W135/><G135/><T4/><D4/><U63/><E53/><V92/><AGARI ba="0,2" hai="6,8,12,29,30,43,45,48,62,65,71,84,88,92" machi="92" ten="20,18000,2" yaku="1,1,2,1,0,1,7,1,54,1,53,2" doraHai="111,73" doraHaiUra="37,83" who="2" fromWho="2" sc="252,-60,230,-60,320,200,178,-60" /><INIT seed="2,1,0,4,2,55" ten="192,170,520,118" oya="2" hai0="50,76,117,29,74,118,13,106,4,43,58,119,91" hai1="48,85,44,24,6,121,46,130,21,72,97,32,25" hai2="129,61,120,114,54,26,79,39,37,65,28,83,53" hai3="78,67,15,128,102,49,105,57,42,111,23,126,133"/><V36/><F120/><W17/><G111/><T96/><D29/><U112/><E72/><V88/><F114/><W38/><G128/><T92/><D106/><U113/><E6/><V82/><F129/><W60/><G133/><T95/><D76/><U135/><E121/><V124/><F124/><W62/><G126/><T98/><D74/><U0/><E0/><V81/><F79/><W73/><G38/><T94/><D43/><U80/><E97/><V90/><F54/><W101/><G105/><T64/><D91/><U59/><E32/><V7/><F53/><W86/><G73/><T11/><REACH who="0" step="1"/><D50/><REACH who="0" ten="182,170,520,118" step="2"/><U93/><E48/><V35/><REACH who="2" step="1"/><F7/><REACH who="2" ten="182,170,510,118" step="2"/><W45/><G78/><T19/><D19/><U89/><E130/><V5/><F5/><W16/><G17/><T107/><D107/><U56/><E113/><V134/><F134/><W33/><G16/><T51/><D51/><U109/><E112/><V70/><AGARI ba="1,2" hai="26,28,35,36,37,39,61,65,70,81,82,83,88,90" machi="70" ten="40,7800,0" yaku="1,1,0,1,54,1,53,0" doraHai="55" doraHaiUra="8" who="2" fromWho="2" sc="182,-27,170,-27,510,101,118,-27" /><INIT seed="2,2,0,5,1,130" ten="155,143,611,91" oya="2" hai0="44,72,102,109,23,110,128,7,88,89,85,127,58" hai1="33,121,49,92,116,5,27,35,132,41,36,82,4" hai2="129,10,73,133,81,55,57,26,125,17,24,104,134" hai3="2,30,28,40,11,59,8,1,29,52,108,68,101"/><V22/><F104/><W12/><G68/><T90/><D72/><U61/><E36/><V53/><F129/><W42/><G108/><N who="0" m="41579" /><D128/><U118/><E61/><V20/><F10/><W135/><G101/><T47/><D102/><U63/><E63/><V119/><F119/><N who="1" m="45609" /><E92/><V66/><F66/><W111/><G135/><N who="2" m="51721" /><F125/><W39/><G111/><T86/><D7/><U122/><E82/><V19/><F57/><W114/><G114/><T71/><D71/><U3/><E49/><V64/><F64/><W113/><G113/><T105/><D105/><U56/><E56/><V98/><F98/><W96/><G96/><T69/><D69/><U15/><E3/><V131/><F131/><W18/><G2/><T16/><D58/><U45/><E132/><V31/><F31/><W46/><G1/><T50/><D127/><U106/><E106/><V48/><F48/><W14/><G39/><T32/><D32/><U62/><E33/><V34/><F34/><W79/><G59/><T21/><D21/><U9/><E35/><V93/><F93/><W123/><G11/><T78/><D50/><U43/><E9/><V38/><F38/><W99/><G99/><T97/><D97/><U13/><E62/><V60/><F60/><W112/><G112/><T115/><D115/><U87/><E5/><V84/><F73/><W6/><G6/><T107/><D107/><U0/><E4/><V37/><F37/><W103/><G8/><T80/><D86/><U120/><E0/><V117/><F117/><W94/><G103/><T75/><D75/><U126/><E126/><V76/><AGARI ba="2,0" hai="17,19,20,22,24,26,53,55,76,81,84" m="51721" machi="76" ten="30,12000,1" yaku="5,1,20,1,52,3" doraHai="130" who="2" fromWho="2" sc="155,-42,143,-42,611,126,91,-42" /><INIT seed="2,3,0,5,3,26" ten="113,101,737,49" oya="2" hai0="63,68,35,47,22,25,134,34,81,118,86,128,92" hai1="37,106,27,91,33,84,30,21,71,110,107,119,48" hai2="67,112,133,75,14,108,41,56,54,11,78,126,99" hai3="93,80,125,36,18,51,60,129,13,1,79,5,24"/><V0/><F0/><W114/><G36/><T100/><D128/><U130/><E37/><V32/><F112/><W58/><G129/><T31/><D134/><U123/><E71/><V8/><F32/><W16/><G114/><T82/><D118/><U59/><E119/><V66/><F41/><W61/><G125/><T70/><D81/><U135/><E130/><V6/><F133/><W77/><G1/><T45/><D70/><U85/><E135/><V113/><F113/><W122/><G122/><T102/><D102/><U89/><E123/><V117/><F117/><W111/><G111/><T53/><D34/><U76/><E76/><V43/><F43/><W10/><G79/><T87/><D35/><U73/><E73/><V72/><F11/><W94/><G51/><T38/><D38/><U95/><E110/><V103/><F108/><W2/><G60/><T104/><D104/><U46/><E59/><V12/><F12/><W52/><G24/><T28/><D28/><U20/><E106/><V124/><F78/><W116/><G116/><T29/><D29/><U15/><E15/><V62/><F75/><W101/><G101/><T39/><D39/><U121/><E107/><N who="2" m="63999" /><F72/><W98/><G98/><N who="0" m="59463" /><D68/><U42/><E121/><V49/><F62/><W64/><G64/><T4/><D4/><U57/><E57/><V88/><F88/><W90/><G2/><T115/><D115/><U97/><E97/><V131/><F131/><W127/><G90/><N who="0" m="51543" /><D87/><U132/><E132/><V3/><F3/><W9/><G5/><T96/><D96/><U50/><E50/><V17/><F6/><RYUUKYOKU ba="3,0" sc="113,10,101,10,737,10,49,-30" hai0="22,25,31,45,47,53,63" hai1="20,21,27,30,33,42,46,48,84,85,89,91,95" hai2="8,14,17,49,54,56,66,67,124,126" /><INIT seed="2,4,0,2,4,31" ten="123,111,747,19" oya="2" hai0="115,107,88,49,58,114,121,0,75,47,69,74,52" hai1="70,7,29,12,10,81,83,33,38,3,97,9,95" hai2="26,125,130,101,51,116,60,80,46,110,77,25,30" hai3="34,96,102,82,24,8,68,76,111,6,23,126,16"/><V37/><F116/><W132/><G68/><T128/><D107/><U40/><E70/><V90/><F37/><W113/><G111/><T53/><D0/><U123/><E123/><V35/><F110/><W11/><G132/><T32/><D32/><U85/><E38/><V104/><F125/><W54/><G126/><T67/><D121/><U17/><E40/><V119/><F119/><W5/><G113/><T44/><D128/><U122/><E122/><V131/><F90/><W4/><G54/><T66/><D88/><U118/><E118/><V79/><F60/><W61/><G61/><N who="0" m="40143" /><D74/><U89/><REACH who="1" step="1"/><E85/><REACH who="1" ten="123,101,747,19" step="2"/><V134/><F134/><W120/><G120/><T14/><D75/><U50/><E50/><V57/><F51/><W91/><G34/><T72/><D72/><U19/><E19/><V92/><F35/><W84/><REACH who="3" step="1"/><G76/><REACH who="3" ten="123,101,747,9" step="2"/><T22/><D115/><U2/><E2/><V56/><F79/><W42/><G42/><T129/><D114/><U43/><E43/><V94/><F77/><W41/><G41/><T55/><D129/><U124/><E124/><V15/><F130/><W98/><G98/><T71/><D71/><U45/><E45/><V65/><F46/><W27/><G27/><AGARI ba="4,2" hai="3,7,9,10,12,17,27,29,33,81,83,89,95,97" machi="27" ten="40,2600,0" yaku="1,1,52,1,53,0" doraHai="31" doraHaiUra="18" who="1" fromWho="3" sc="123,0,101,58,747,0,9,-38" owari="123,-28.0,159,-4.0,747,85.0,-29,-53.0" /></mjloggm>