<mjloggm ver="2.3"><GO type="41" lobby="0"/><UN n0="%E3%81%A6%E3%81%BD%E3%81%A9%E3%82%93%EF%BC%81" n1="%73%68%6F%68%65%69%39%38" n2="%E5%B0%B1%E6%B4%BB%E7%94%9F%40%E5%B7%9D%E6%9D%91%E8%BB%8D%E5%9B%A3" n3="%54%4F%53%53%48%49" dan="14,14,14,13" rate="1912.75,1897.31,1948.60,1855.98" sx="M,M,M,M"/><TAIKYOKU oya="0"/><INIT seed="0,0,0,5,3,120" ten="250,250,250,250" oya="0" hai0="123,126,65,19,71,54,114,106,89,49,86,77,122" hai1="103,6,39,93,43,22,80,105,0,108,84,8,18" hai2="109,90,4,27,129,60,81,41,82,25,124,3,13" hai3="101,135,100,133,24,33,16,57,62,40,50,52,42"/><T87/><D106/><U117/><E117/><V125/><F3/><W14/><G33/><T104/><D104/><U12/><E105/><V96/><F41/><W128/><G24/><T58/><D114/><U115/><E115/><V112/><F112/><W11/><G128/><T55/><D71/><U116/><E116/><V53/><F129/><W74/><G74/><T79/><D126/><N who="2" m="48746" /><F82/><W70/><G70/><T118/><D118/><U20/><E20/><V38/><F38/><W45/><REACH who="3" step="1"/><G42/><REACH who="3" ten="250,250,250,240" step="2"/><T83/><D123/><U110/><E43/><V47/><F25/><W26/><G26/><T7/><D122/><U61/><E39/><V99/><F27/><W48/><G48/><T131/><D131/><U23/><E61/><V28/><F28/><W107/><G107/><T132/><D49/><U67/><E67/><V88/><F60/><W34/><G34/><T72/><D65/><U44/><E44/><V51/><F109/><N who="1" m="42089" /><E93/><V69/><F69/><W113/><G113/><T130/><D130/><U37/><E37/><V31/><F31/><W17/><G17/><T29/><D19/><U64/><E64/><V91/><F81/><W56/><G56/><T127/><D83/><U92/><E92/><V36/><F36/><W30/><G30/><T9/><D127/><U2/><E18/><V76/><F47/><W1/><G1/><N who="1" m="618" /><E103/><AGARI ba="0,1" hai="11,14,16,40,45,50,52,57,62,100,101,103,133,135" machi="103" ten="40,8000,1" yaku="1,1,54,2,53,1" doraHai="120" doraHaiUra="59" who="3" fromWho="1" sc="250,0,250,-80,250,0,240,90" /><INIT seed="1,0,0,5,0,134" ten="250,170,250,330" oya="1" hai0="51,74,80,78,57,7,118,67,89,121,88,133,110" hai1="40,20,96,46,124,13,39,99,113,65,43,123,92" hai2="33,120,10,68,84,83,94,100,95,14,15,18,2" hai3="119,16,36,109,105,5,21,125,19,30,53,63,91"/><U102/><E123/><V24/><F33/><W103/><G109/><T122/><D133/><U86/><E40/><V29/><F68/><W23/><G119/><T22/><D118/><U52/><E113/><V73/><F120/><N who="0" m="46186" /><D110/><U55/><E65/><V129/><F73/><W108/><G108/><T131/><D131/><U1/><E1/><V130/><F2/><W60/><G5/><T8/><D22/><U34/><E34/><V28/><F15/><W71/><G36/><T66/><D51/><U47/><E47/><V45/><F45/><W25/><G30/><T41/><D41/><U75/><E75/><V82/><F82/><W11/><G11/><T58/><D67/><U115/><E115/><V50/><F50/><W9/><G9/><T59/><D66/><U117/><E117/><V116/><F116/><W79/><G71/><T3/><AGARI ba="0,0" hai="3,7,8,57,58,59,74,78,80,88,89" m="46186" machi="3" ten="30,2000,0" yaku="13,1,54,1" doraHai="134" who="0" fromWho="0" sc="250,20,170,-10,250,-5,330,-5" /><INIT seed="2,0,0,3,1,5" ten="270,160,245,325" oya="2" hai0="131,68,7,41,6,113,12,97,42,106,79,133,90" hai1="125,126,123,135,88,60,87,107,104,18,100,63,69" hai2="122,96,130,25,74,29,129,83,36,57,58,121,24" hai3="98,4,70,54,84,53,103,15,128,62,39,72,22"/><V115/><F36/><W2/><G72/><T40/><D113/><U109/><E123/><V21/><F115/><W37/><G2/><T17/><D133/><U119/><E119/><V101/><F122/><W30/><G128/><N who="2" m="49257" /><F121/><W110/><G110/><T59/><D131/><U76/><E135/><V16/><F83/><W80/><G53/><T14/><D79/><U33/><E33/><N who="2" m="20647" /><F74/><W75/><G75/><T13/><D68/><U31/><E31/><V61/><F61/><W102/><G30/><T81/><D106/><AGARI ba="0,0" hai="16,21,25,57,58,96,101,106" m="20647,49257" machi="106" ten="30,2900,0" yaku="19,1,54,1" doraHai="5" who="2" fromWho="0" sc="270,-29,160,0,245,29,325,0" /><INIT seed="2,1,0,5,1,128" ten="241,160,274,325" oya="2" hai0="53,22,56,67,64,42,10,112,62,12,28,71,90" hai1="93,107,86,74,31,87,51,47,39,117,37,95,88" hai2="77,7,65,70,119,33,55,30,131,104,98,49,113" hai3="84,126,9,26,32,125,100,122,81,52,17,133,96"/><V80/><F119/><W60/><G122/><T110/><D110/><U3/><E3/><V91/><F131/><W19/><G133/><T79/><D112/><U114/><E74/><V82/><F113/><W101/><G32/><T63/><D79/><U48/><E107/><V68/><F7/><W29/><G29/><T109/><D109/><U18/><E114/><V132/><F132/><W129/><G129/><T4/><D42/><U54/><E117/><V58/><F70/><W97/><G26/><T41/><D41/><U61/><E61/><N who="2" m="39983" /><F91/><W94/><G9/><T36/><D36/><U35/><E35/><V115/><F77/><W72/><G72/><T13/><D90/><U76/><E31/><V99/><F99/><W66/><G52/><T15/><D53/><U16/><E76/><V43/><F43/><W14/><G14/><T130/><D130/><U92/><E51/><V45/><F45/><W57/><G125/><T11/><D11/><U102/><E102/><N who="2" m="62551" /><F115/><W23/><G23/><T85/><D85/><U44/><E44/><V75/><F75/><W34/><G34/><T20/><REACH who="0" step="1"/><D28/><REACH who="0" ten="231,160,274,325" step="2"/><U123/><E123/><V78/><F78/><N who="3" m="46135" /><G126/><T103/><D103/><N who="3" m="39497" /><G97/><T24/><D24/><AGARI ba="1,1" hai="24,30,33,49,55,58,80,82" m="62551,39983" machi="24" ten="30,1500,0" yaku="25,1" doraHai="128" who="2" fromWho="0" sc="231,-18,160,0,274,28,325,0" /><INIT seed="2,2,0,1,5,45" ten="213,160,302,325" oya="2" hai0="126,125,113,33,90,80,4,39,44,50,42,36,61" hai1="74,120,55,63,13,95,130,104,27,88,83,111,109" hai2="53,86,94,54,91,18,123,28,34,87,100,58,57" hai3="11,10,8,49,133,121,62,17,72,59,84,0,70"/><V38/><F123/><W117/><G72/><T9/><D33/><U21/><E120/><V102/><F38/><W106/><G121/><T64/><D113/><U105/><E130/><V129/><F34/><W78/><G117/><T65/><D80/><U48/><E13/><V66/><F129/><W26/><G106/><T51/><D90/><U40/><E40/><V103/><F28/><W135/><G70/><T128/><D128/><U73/><E63/><V67/><F18/><W22/><G0/><T92/><D92/><U101/><E101/><V5/><F5/><W23/><G22/><T19/><D19/><U89/><E89/><V110/><F110/><N who="1" m="41993" /><E83/><V56/><REACH who="2" step="1"/><F87/><REACH who="2" ten="213,160,292,325" step="2"/><W77/><G135/><T32/><D32/><U79/><E73/><V85/><F85/><W29/><G84/><T43/><D4/><U98/><E74/><V52/><AGARI ba="2,1" hai="52,53,54,56,57,58,66,67,86,91,94,100,102,103" machi="52" ten="40,18000,2" yaku="1,1,0,1,29,2,8,1,54,1,53,0" doraHai="45" doraHaiUra="15" who="2" fromWho="2" sc="213,-62,160,-62,292,196,325,-62" /><INIT seed="2,3,0,5,0,125" ten="151,98,488,263" oya="2" hai0="120,129,132,116,4,76,91,45,55,84,39,123,7" hai1="47,5,41,40,38,0,44,54,90,59,56,49,81" hai2="21,31,8,15,106,18,6,117,3,30,34,96,61" hai3="29,85,64,10,48,68,131,23,42,32,126,101,95"/><V88/><F117/><W35/><G126/><T99/><D116/><U108/><E0/><V14/><F106/><W27/><G131/><T74/><D74/><U26/><E5/><V105/><F105/><W100/><G10/><T122/><D99/><U80/><E26/><V69/><F34/><W73/><G73/><T58/><D76/><U118/><E81/><V19/><F69/><W70/><G101/><T134/><D39/><U128/><E80/><V113/><F61/><W24/><G64/><T121/><N who="0" m="30720" /><DORA hai="114" /><T110/><D45/><U107/><E90/><V13/><F113/><W92/><G92/><T112/><D112/><U98/><E107/><V130/><F3/><W89/><G100/><T111/><D7/><U9/><E9/><V67/><F67/><W78/><G78/><T94/><D4/><U127/><E98/><V60/><F60/><W79/><G79/><T57/><D57/><U103/><E103/><V53/><F53/><W33/><REACH who="3" step="1"/><G27/><REACH who="3" ten="151,98,488,253" step="2"/><T135/><REACH who="0" step="1"/><D129/><REACH who="0" ten="141,98,488,253" step="2"/><U97/><E128/><V86/><F130/><W82/><G82/><T37/><D37/><U12/><E127/><V65/><F6/><W102/><G102/><T133/><N who="0" m="33792" /><DORA hai="83" /><T115/><D115/><U87/><E118/><V63/><F96/><W22/><G22/><T20/><D20/><U46/><E38/><V52/><F21/><W119/><G119/><T72/><D72/><U77/><E97/><V93/><F8/><W50/><G50/><AGARI ba="3,2" hai="50,55,58,84,91,94,110,111" m="33792,30720" machi="50" ten="100,8000,1" yaku="1,1,20,1,52,1,53,0" doraHai="125,114,83" doraHaiUra="75,1,124" who="0" fromWho="3" sc="141,109,98,0,488,0,253,-89" /><INIT seed="3,0,0,1,4,15" ten="250,98,488,164" oya="3" hai0="66,41,39,35,36,89,25,31,65,19,99,60,51" hai1="87,103,88,130,68,62,98,122,46,116,110,94,69" hai2="108,104,117,119,97,76,17,61,30,14,6,20,45" hai3="111,22,81,13,126,75,29,96,123,95,83,26,133"/><W118/><G118/><T50/><D39/><U78/><E116/><V92/><F108/><W9/><G111/><T44/><D99/><U114/><E122/><V132/><F104/><W38/><G123/><T124/><D124/><U28/><E114/><V58/><F132/><W112/><G126/><T121/><D121/><U102/><E110/><V8/><F76/><W84/><G112/><T47/><D89/><U82/><E130/><V72/><F30/><W53/><G75/><T1/><D1/><U43/><E28/><V24/><F72/><W109/><G109/><T32/><D36/><U85/><E102/><V33/><F45/><W37/><G133/><T90/><D90/><U91/><E62/><V63/><F63/><W57/><G38/><T34/><D19/><U42/><E42/><V128/><F33/><W10/><G37/><T77/><D77/><U5/><E5/><V23/><F23/><W106/><G106/><T27/><D35/><U120/><E91/><V129/><F129/><W16/><G9/><T70/><D70/><U113/><E120/><V54/><F128/><W49/><REACH who="3" step="1"/><G84/><REACH who="3" ten="250,98,488,154" step="2"/><T21/><D41/><U64/><E113/><V7/><F7/><W105/><G105/><T40/><D40/><U80/><E64/><V56/><F119/><W86/><G86/><T59/><D66/><U127/><E127/><V11/><F117/><W131/><G131/><T79/><D65/><U134/><E134/><V100/><F11/><W125/><G125/><T4/><D4/><U101/><E101/><AGARI ba="0,1" hai="10,13,16,22,26,29,49,53,57,81,83,95,96,101" machi="101" ten="30,12000,1" yaku="1,1,7,1,8,1,52,1,54,1,53,0" doraHai="15" doraHaiUra="67" who="3" fromWho="1" sc="250,0,98,-120,488,0,154,130" owari="250,-15.0,-22,-52.0,488,59.0,284,8.0" /></mjloggm>