<mjloggm ver="2.3"><GO type="41" lobby="0"/><UN n0="%E3%81%82%E3%82%89%E3%81%9F%E3%81%9D" n1="%E3%81%97%E3%81%BB%E3%81%B7%E3%81%85" n2="%E3%82%B0%E3%83%8E%E3%83%A0" n3="%E5%B0%B1%E6%B4%BB%E7%94%9F%40%E5%B7%9D%E6%9D%91%E8%BB%8D%E5%9B%A3" dan="15,14,15,15" rate="2012.61,1984.25,2076.39,2037.43" sx="F,F,M,M"/><TAIKYOKU oya="0"/><INIT seed="0,0,0,2,4,3" ten="250,250,250,250" oya="0" hai0="88,90,98,118,4,99,78,6,41,114,116,119,135" hai1="5,31,48,79,124,103,47,18,74,120,109,123,25" hai2="86,115,12,53,132,129,29,104,101,133,22,50,45" hai3="85,89,54,73,26,23,34,42,92,112,14,10,83"/><T1/><D114/><U75/><E103/><V11/><F115/><W68/><G68/><T84/><D41/><U43/><E109/><V113/><F113/><W80/><G34/><T46/><D46/><U16/><E124/><V59/><F129/><W56/><G42/><T0/><D84/><U36/><E75/><V30/><F86/><W33/><G33/><T21/><D21/><U39/><E123/><V62/><F104/><W65/><G65/><T107/><D78/><U38/><E120/><V40/><F101/><W94/><G73/><T97/><D107/><U71/><E71/><V64/><F64/><W67/><G67/><T128/><D128/><U20/><E79/><V82/><F82/><W70/><G80/><T108/><D108/><U8/><REACH who="1" step="1"/><E74/><REACH who="1" ten="250,240,250,250" step="2"/><V2/><F2/><AGARI ba="0,1" hai="2,5,8,16,18,20,25,31,36,38,39,43,47,48" machi="2" ten="40,8000,1" yaku="1,1,2,1,52,1,54,1,53,0" doraHai="3" doraHaiUra="77" who="1" fromWho="2" sc="250,0,240,90,250,-80,250,0" /><INIT seed="1,0,0,2,1,83" ten="250,330,170,250" oya="1" hai0="97,125,116,104,75,113,80,132,12,67,74,108,50" hai1="78,17,58,2,44,92,26,109,61,122,46,34,82" hai2="69,111,120,21,72,134,91,131,3,128,106,41,93" hai3="87,64,20,11,28,127,100,40,98,110,107,126,121"/><U27/><E122/><V0/><F120/><W13/><G121/><T52/><D113/><U62/><E2/><V25/><F106/><W22/><G40/><T105/><D116/><U6/><E6/><V68/><F72/><W135/><G110/><T48/><D108/><U70/><E70/><V43/><F111/><W130/><G130/><N who="2" m="49705" /><F134/><W7/><G135/><T56/><D132/><U36/><E36/><V112/><F112/><W81/><G64/><T85/><D125/><N who="3" m="47625" /><G28/><T124/><D124/><U133/><E133/><V65/><F65/><W88/><AGARI ba="0,0" hai="7,11,13,20,22,81,87,88,98,100,107" m="47625" machi="88" ten="30,4000,0" yaku="18,1,52,1,54,1" doraHai="83" who="3" fromWho="3" sc="250,-10,330,-20,170,-10,250,40" /><INIT seed="2,0,0,0,4,48" ten="240,310,160,290" oya="2" hai0="67,42,28,117,63,76,34,32,126,64,103,8,5" hai1="102,80,79,17,18,65,88,31,97,98,29,19,38" hai2="37,114,25,53,132,122,130,36,72,33,3,91,69" hai3="94,96,71,27,13,6,87,0,51,47,40,127,43"/><V110/><RYUUKYOKU type="yao9" ba="0,0" sc="240,0,310,0,160,0,290,0" hai2="3,25,33,36,37,53,69,72,91,110,114,122,130,132" /><INIT seed="2,1,0,2,2,28" ten="240,310,160,290" oya="2" hai0="112,95,44,43,99,19,110,123,71,62,8,7,66" hai1="78,52,32,124,11,132,5,12,101,92,105,30,36" hai2="126,40,41,76,22,18,46,107,14,86,129,45,50" hai3="82,117,72,35,55,128,91,25,6,130,109,38,17"/><V87/><F126/><W120/><G38/><T3/><D112/><U103/><E36/><V15/><F129/><N who="3" m="49771" /><G117/><T94/><D110/><U13/><E124/><V51/><F107/><W56/><G120/><T93/><D123/><U47/><E132/><V20/><REACH who="2" step="1"/><F76/><REACH who="2" ten="240,310,150,290" step="2"/><N who="3" m="44295" /><G109/><T102/><REACH who="0" step="1"/><D19/><AGARI ba="1,1" hai="14,15,18,19,20,22,40,41,45,46,50,51,86,87" machi="19" ten="40,12000,1" yaku="1,1,32,3,8,1,53,0" doraHai="28" doraHaiUra="49" who="2" fromWho="0" sc="240,-123,310,0,150,133,290,0" /><INIT seed="2,2,0,3,0,27" ten="117,310,283,290" oya="2" hai0="116,88,101,110,19,133,33,49,106,25,128,102,48" hai1="98,124,97,54,10,111,26,107,81,108,40,24,46" hai2="99,58,67,8,76,68,55,80,38,94,118,117,20" hai3="43,70,37,69,66,96,59,95,130,57,61,112,22"/><V36/><F68/><W103/><G130/><T1/><D1/><U11/><E107/><V51/><F67/><W47/><G112/><T29/><D128/><U35/><E81/><V17/><F8/><N who="1" m="3113" /><E54/><V120/><F120/><W122/><G122/><T93/><D110/><N who="1" m="42027" /><E35/><V92/><F118/><W16/><REACH who="3" step="1"/><G70/><REACH who="3" ten="117,310,283,280" step="2"/><T2/><D116/><U75/><E124/><V91/><F117/><W32/><G32/><T12/><D2/><U74/><E40/><V23/><F92/><W62/><G62/><T60/><D60/><U82/><E82/><V131/><F131/><W45/><G45/><T73/><D133/><U121/><E46/><V114/><F114/><W84/><G84/><T30/><D106/><U126/><E126/><V119/><F119/><W7/><G7/><T42/><D73/><N who="1" m="27659" /><E121/><V78/><F78/><W9/><G9/><T85/><D33/><U104/><E104/><V127/><F127/><W83/><G83/><T39/><D39/><U134/><E134/><V50/><F36/><W34/><G34/><T129/><D129/><U6/><E6/><V87/><F38/><W5/><G5/><T18/><D93/><U77/><E77/><V65/><F76/><W125/><G125/><T109/><D109/><U52/><E98/><V89/><F80/><W28/><G28/><T79/><D85/><U13/><E97/><V63/><F87/><W56/><G56/><T14/><D79/><U3/><E3/><V41/><F99/><W4/><G4/><T123/><D123/><U115/><E115/><V71/><F71/><W90/><G90/><T132/><D88/><RYUUKYOKU ba="2,1" sc="117,-10,310,-10,283,-10,280,30" hai3="16,22,37,43,47,57,59,61,66,69,95,96,103" /><INIT seed="3,3,1,1,2,59" ten="107,300,273,310" oya="3" hai0="130,98,109,100,104,18,52,40,129,31,121,114,54" hai1="74,110,33,78,76,32,26,93,132,46,99,4,20" hai2="13,9,89,133,127,57,47,64,107,117,67,17,75" hai3="124,25,0,24,62,90,38,85,30,84,1,82,50"/><W108/><G38/><T102/><D121/><U22/><E132/><V135/><F117/><W103/><G124/><T45/><D109/><U96/><E110/><V106/><F127/><W69/><G103/><T15/><D114/><U68/><E68/><V53/><F75/><W16/><G108/><T119/><D119/><U5/><E74/><V80/><F47/><W29/><G50/><T87/><D31/><U111/><E111/><V128/><F128/><N who="0" m="49258" /><D87/><U14/><E46/><V123/><F123/><W42/><G42/><T112/><D102/><U35/><E35/><V101/><F101/><W2/><G84/><T66/><D66/><U63/><E93/><V58/><F58/><W6/><G6/><T91/><D91/><U23/><E23/><V11/><F11/><W77/><G77/><T70/><D70/><U60/><E14/><V3/><F3/><W12/><G30/><T73/><D73/><U105/><E26/><V95/><F80/><W7/><G7/><T27/><D27/><U122/><E122/><V48/><F64/><W10/><REACH who="3" step="1"/><G29/><REACH who="3" ten="107,300,273,300" step="2"/><T118/><D112/><U81/><REACH who="1" step="1"/><E81/><REACH who="1" ten="107,290,273,300" step="2"/><V56/><F135/><W51/><G51/><N who="0" m="27047" /><D118/><U43/><E43/><V19/><F133/><W21/><G21/><AGARI ba="3,3" hai="15,18,21,52,54,98,100,104" m="27047,49258" machi="21" ten="30,2000,0" yaku="19,1,54,1" doraHai="59" who="0" fromWho="3" sc="107,59,290,0,273,0,300,-29" /><INIT seed="4,0,0,1,4,1" ten="166,290,273,271" oya="0" hai0="51,96,103,83,53,65,44,129,76,27,116,14,39" hai1="88,34,133,112,115,41,17,38,40,106,21,102,15" hai2="66,57,100,90,36,97,62,63,2,42,43,13,74" hai3="111,127,18,125,56,37,135,68,85,134,131,19,20"/><T119/><D129/><U64/><E34/><V86/><F74/><W132/><G68/><T113/><D113/><N who="1" m="43595" /><E133/><V7/><F2/><W80/><G37/><T49/><D39/><U94/><E64/><V99/><F36/><W23/><G111/><T128/><D128/><U121/><E38/><V60/><F60/><W108/><G108/><T107/><D65/><U124/><E121/><V75/><F75/><W110/><G110/><T6/><D27/><U26/><E26/><V81/><F62/><W98/><G98/><T46/><D14/><U0/><E0/><V52/><F66/><W114/><G56/><T95/><D107/><U5/><E124/><N who="3" m="47690" /><G114/><T24/><D24/><U30/><E30/><V10/><REACH who="2" step="1"/><F97/><REACH who="2" ten="166,290,263,271" step="2"/><W118/><G131/><T25/><D25/><U91/><E106/><AGARI ba="0,1" hai="7,10,13,42,43,52,57,63,81,86,90,99,100,106" machi="106" ten="30,8000,1" yaku="1,1,2,1,7,1,52,1,54,1,53,0" doraHai="1" doraHaiUra="70" who="2" fromWho="1" sc="166,0,290,-80,263,90,271,0" /><INIT seed="5,0,0,2,0,12" ten="166,210,353,271" oya="1" hai0="75,117,120,1,33,97,134,102,64,37,44,89,20" hai1="6,58,23,28,34,66,119,8,32,30,78,69,49" hai2="72,91,116,16,118,77,96,54,93,55,112,79,51" hai3="104,82,17,129,50,122,56,76,100,92,52,13,125"/><U41/><E119/><V24/><F112/><W36/><G122/><T2/><D117/><U106/><E106/><V103/><F118/><W7/><G36/><T128/><D120/><U25/><E69/><V40/><F116/><W47/><G104/><T121/><D121/><U4/><E78/><N who="2" m="29707" /><F72/><W98/><G125/><T99/><D33/><N who="1" m="12907" /><E41/><V3/><F3/><W5/><G47/><T85/><D75/><U22/><E49/><V29/><F29/><N who="1" m="11369" /><E58/><V107/><F107/><W81/><G129/><T21/><D128/><U61/><E61/><V95/><F40/><W60/><G60/><T65/><D37/><U110/><E66/><V114/><F114/><W87/><G82/><T88/><D85/><U9/><E110/><V113/><F113/><W111/><G111/><T105/><D105/><U132/><E132/><V108/><F108/><W94/><G92/><T48/><D48/><U73/><E73/><V10/><F51/><W27/><G27/><T70/><D44/><U45/><E45/><V39/><F39/><W59/><G59/><T31/><D70/><U83/><E83/><V109/><F109/><W57/><G57/><T14/><D134/><U63/><E63/><V90/><F103/><W11/><AGARI ba="0,0" hai="5,7,11,13,17,50,52,56,76,81,87,94,98,100" machi="11" ten="20,8000,1" yaku="0,1,7,1,8,1,52,1,54,1" doraHai="12" who="3" fromWho="3" sc="166,-20,210,-40,353,-20,271,80" /><INIT seed="6,0,0,1,0,71" ten="146,170,333,351" oya="2" hai0="0,66,120,132,86,127,17,133,1,80,18,64,98" hai1="75,89,96,113,90,7,32,56,28,79,52,47,22" hai2="121,124,102,3,29,23,131,30,13,19,63,48,94" hai3="123,112,51,53,6,35,106,119,42,83,128,105,111"/><V67/><F121/><W61/><G111/><T134/><D120/><U8/><E32/><V88/><F3/><N who="0" m="1098" /><D98/><U122/><E122/><V24/><F131/><W92/><G119/><T45/><D45/><U43/><E113/><V118/><F118/><W5/><G35/><T82/><D127/><U39/><E96/><V74/><F74/><W95/><G123/><T31/><D86/><U68/><E68/><V26/><F124/><W69/><G42/><T55/><D55/><U84/><E28/><V41/><F102/><W100/><G83/><N who="0" m="31787" /><D31/><N who="2" m="11786" /><F67/><AGARI ba="0,0" hai="17,18,64,66,67,132,133,134" m="31787,1098" machi="67" ten="40,5200,0" yaku="28,2,20,1" doraHai="71" who="0" fromWho="2" sc="146,52,170,0,333,-52,351,0" /><INIT seed="7,0,0,3,5,5" ten="198,170,281,351" oya="3" hai0="71,9,76,62,38,80,110,46,125,112,89,115,15" hai1="61,45,111,65,131,120,122,23,37,1,84,78,85" hai2="59,79,30,66,134,87,119,88,18,75,96,64,114" hai3="133,14,29,58,49,54,34,109,56,35,60,48,2"/><W44/><G2/><T32/><D110/><U123/><E111/><V52/><F114/><N who="0" m="43562" /><D32/><U81/><E131/><V7/><F119/><W63/><G109/><T107/><D107/><U39/><E1/><V17/><F134/><W68/><G29/><T113/><D125/><U19/><E45/><V42/><F42/><W93/><G68/><T94/><N who="0" m="43570" /><T12/><DORA hai="97" /><D9/><U16/><E85/><V77/><F75/><W130/><G130/><T124/><D124/><U8/><E8/><V118/><F118/><W121/><G35/><T26/><D26/><U100/><E100/><V55/><F30/><W83/><G14/><T129/><D129/><U0/><E0/><V4/><F96/><W106/><G83/><T91/><D38/><U72/><E72/><V10/><F59/><W69/><G69/><T27/><D27/><U90/><E78/><N who="2" m="29707" /><F66/><W50/><G34/><T132/><D132/><U117/><E117/><V24/><F64/><W99/><G106/><T95/><D46/><U126/><E19/><N who="2" m="7179" /><F24/><W53/><G121/><T92/><D71/><U135/><E135/><V127/><F127/><W102/><G133/><T73/><D62/><U6/><E6/><V51/><F51/><W20/><G20/><T25/><D25/><U108/><E126/><V36/><F36/><W101/><G44/><T67/><D67/><U28/><E28/><V22/><F22/><W74/><G74/><T128/><D128/><U70/><REACH who="1" step="1"/><E108/><REACH who="1" ten="198,160,281,351" step="2"/><V21/><F21/><W31/><G31/><T13/><AGARI ba="0,1" hai="12,13,15,73,76,80,89,91,92,94,95" m="43570" machi="13" ten="50,3200,0" yaku="15,1,11,1" doraHai="5,97" who="0" fromWho="0" sc="198,42,160,-8,281,-8,351,-16" owari="240,-16.0,152,-35.0,273,7.0,335,44.0" /></mjloggm>