<mjloggm ver="2.3"><GO type="169" lobby="0"/><UN n0="%E5%B0%B1%E6%B4%BB%E7%94%9F%40%E5%B7%9D%E6%9D%91%E8%BB%8D%E5%9B%A3" n1="%E6%9D%BE%E5%B3%B6" n2="%4E%61%72%75%6B%61" n3="%E3%81%86%E3%81%A9%E3%82%93%E5%B1%8B" dan="16,16,16,17" rate="2024.47,2112.63,2064.35,2107.20" sx="M,M,F,M"/><TAIKYOKU oya="0"/><INIT seed="0,0,0,2,2,113" ten="250,250,250,250" oya="0" hai0="14,48,124,23,66,87,26,24,89,50,22,130,103" hai1="71,1,34,91,102,64,106,45,94,37,20,63,7" hai2="119,73,77,59,81,27,99,8,127,13,57,78,107" hai3="120,108,74,60,3,65,67,6,79,9,96,76,121"/><T53/><D124/><U111/><E34/><V28/><F127/><W123/><G108/><T38/><D38/><U112/><E112/><V118/><F78/><N who="3" m="29739" /><G74/><T90/><D130/><U129/><E129/><V40/><F40/><W15/><G96/><T117/><D103/><U44/><E111/><V122/><F122/><W39/><G39/><T52/><D14/><U88/><E91/><V72/><F72/><W93/><G93/><T42/><D42/><U11/><E20/><N who="2" m="15463" /><F99/><W29/><G29/><T110/><D110/><U41/><E102/><V0/><F0/><W62/><G3/><T133/><D66/><AGARI ba="0,0" hai="6,9,15,60,62,65,66,67,120,121,123" m="29739" machi="66" ten="40,1300,0" yaku="13,1" doraHai="113" who="3" fromWho="0" sc="250,-13,250,0,250,0,250,13" /><INIT seed="1,0,0,1,2,135" ten="237,250,250,263" oya="1" hai0="25,58,78,133,126,29,48,72,5,131,100,102,39" hai1="105,74,22,42,132,116,83,47,2,76,75,81,106" hai2="11,98,41,64,4,99,53,31,33,16,56,113,88" hai3="12,8,120,134,24,96,94,103,110,23,14,50,65"/><U7/><E116/><V40/><F113/><W35/><G120/><T19/><D39/><N who="1" m="21983" /><E22/><V60/><F33/><W124/><G35/><T129/><D133/><U52/><E52/><V70/><F31/><W30/><G134/><T6/><D72/><U87/><E132/><V93/><F99/><W121/><G121/><T108/><D78/><N who="1" m="44247" /><E87/><V79/><F79/><W21/><G65/><T85/><D85/><U61/><E61/><V82/><F82/><W10/><G50/><T28/><D19/><U125/><E125/><V54/><F4/><W118/><G118/><T104/><D58/><U1/><E1/><V34/><F34/><W3/><G3/><T67/><D48/><U114/><E114/><V27/><F70/><W43/><G43/><N who="2" m="16457" /><F11/><AGARI ba="0,0" hai="2,7,11,75,76,83,105,106" m="44247,21983" machi="11" ten="30,5800,0" yaku="25,1,33,2" doraHai="135" who="1" fromWho="2" sc="237,0,250,58,250,-58,263,0" /><INIT seed="1,1,0,0,1,132" ten="237,308,192,263" oya="1" hai0="11,71,13,106,53,107,40,80,104,59,70,101,74" hai1="105,91,95,5,48,123,122,63,51,6,115,10,135" hai2="36,1,121,98,125,109,55,64,21,0,26,73,114" hai3="118,79,57,62,44,97,124,86,128,94,12,52,129"/><U126/><E105/><V25/><F109/><W22/><G118/><T46/><D101/><U102/><E102/><V45/><F121/><W50/><G124/><T133/><D133/><U61/><E126/><V88/><F114/><W110/><G110/><T23/><D23/><U17/><E115/><V47/><F125/><W8/><G22/><T56/><D74/><U117/><E117/><V84/><F73/><W77/><G86/><T58/><D80/><U68/><E135/><V112/><F64/><W76/><G94/><T81/><D81/><U96/><E17/><V82/><F98/><W30/><G97/><T18/><REACH who="0" step="1"/><D53/><REACH who="0" ten="227,308,192,263" step="2"/><U27/><E123/><V134/><F134/><W3/><G30/><T14/><D14/><U2/><E122/><V24/><F112/><W65/><REACH who="3" step="1"/><G3/><REACH who="3" ten="227,308,192,253" step="2"/><T15/><D15/><U100/><E27/><V116/><F21/><W131/><G131/><T92/><D92/><U37/><E2/><V20/><F20/><W28/><G28/><T39/><AGARI ba="1,2" hai="11,13,18,39,40,46,56,58,59,70,71,104,106,107" machi="39" ten="40,2700,0" yaku="1,1,0,1,53,0" doraHai="132" doraHaiUra="32" who="0" fromWho="0" sc="227,50,308,-14,192,-8,253,-8" /><INIT seed="2,0,0,4,0,15" ten="277,294,184,245" oya="2" hai0="16,10,75,86,0,29,46,87,27,105,33,7,132" hai1="78,1,26,134,103,70,88,14,122,91,24,101,128" hai2="94,9,4,120,3,76,2,17,53,74,114,66,42" hai3="5,34,44,124,109,59,100,36,22,107,80,12,61"/><V127/><F120/><W130/><G34/><T71/><D105/><U11/><E1/><V40/><F114/><W84/><G109/><T25/><D75/><U108/><E70/><V92/><F66/><W65/><G124/><T54/><D71/><U39/><E39/><V115/><F115/><W82/><G130/><T102/><D102/><N who="1" m="38923" /><E122/><V48/><F127/><W55/><G100/><T116/><D116/><U64/><E128/><V41/><F3/><W79/><G107/><T119/><D119/><U68/><E68/><V18/><F74/><W67/><G36/><T95/><D132/><U28/><E134/><V111/><F76/><W131/><G131/><T77/><D77/><U50/><E64/><V32/><F32/><W123/><G123/><T85/><D95/><U58/><E78/><V112/><F112/><W49/><G82/><T60/><D60/><U90/><E28/><V35/><F35/><W89/><G89/><N who="1" m="22786" /><U135/><DORA hai="96" /><E135/><V20/><F111/><W43/><REACH who="3" step="1"/><G22/><REACH who="3" ten="277,294,184,235" step="2"/><T30/><D33/><U98/><E108/><V13/><REACH who="2" step="1"/><F18/><REACH who="2" ten="277,294,174,235" step="2"/><W47/><G47/><AGARI ba="0,2" hai="2,4,9,13,17,20,40,41,42,47,48,53,92,94" machi="47" ten="40,7700,0" yaku="1,1,2,1,52,1,53,0" doraHai="15,96" doraHaiUra="52,63" who="2" fromWho="3" sc="277,0,294,0,174,97,235,-77" /><INIT seed="2,1,0,2,5,28" ten="277,294,271,158" oya="2" hai0="131,81,113,13,78,53,85,121,57,10,71,0,55" hai1="73,84,7,110,56,45,83,25,87,42,2,104,114" hai2="91,70,112,1,93,61,95,90,59,20,38,48,126" hai3="82,123,36,76,115,106,72,102,130,54,132,9,11"/><V117/><F112/><W127/><G123/><T119/><D71/><U64/><E104/><V124/><F117/><W108/><G36/><T97/><D113/><U107/><E107/><V109/><F38/><W17/><G115/><T19/><D131/><U26/><E114/><V116/><F116/><W74/><G130/><T41/><D121/><U32/><E110/><V23/><F109/><W52/><G108/><T35/><D119/><U122/><E122/><V68/><F1/><W63/><G132/><T6/><D35/><U46/><E7/><V111/><F48/><W33/><G127/><N who="2" m="48681" /><F111/><W43/><G43/><T105/><D41/><U65/><E32/><V50/><F50/><W60/><G33/><T49/><D55/><U24/><E2/><V89/><F70/><W128/><G128/><T101/><REACH who="0" step="1"/><D0/><REACH who="0" ten="267,294,271,158" step="2"/><U39/><E42/><V37/><F68/><W135/><G135/><T40/><D40/><U62/><E39/><V12/><F37/><W96/><G54/><T80/><D80/><U34/><E34/><V30/><F95/><W16/><G52/><T125/><D125/><U5/><E64/><N who="2" m="38975" /><F93/><W44/><G106/><T94/><D94/><U47/><E83/><V14/><F30/><W67/><G82/><T75/><D75/><U69/><E73/><V88/><F91/><W98/><G67/><T129/><D129/><U118/><E118/><V99/><F99/><W27/><G74/><T15/><D15/><AGARI ba="1,1" hai="12,14,15,20,23,88,89,90" m="38975,48681" machi="15" ten="30,2900,0" yaku="18,1,54,1" doraHai="28" who="2" fromWho="0" sc="267,-32,294,0,271,42,158,0" /><INIT seed="2,2,0,1,2,129" ten="235,294,313,158" oya="2" hai0="30,11,119,13,20,91,85,106,79,3,78,5,42" hai1="133,1,75,135,9,95,69,111,23,16,114,76,52" hai2="101,113,41,104,82,60,22,131,115,57,53,112,77" hai3="66,83,118,121,62,45,63,132,31,27,94,36,80"/><V21/><F131/><W28/><G118/><T105/><D119/><U40/><E40/><V8/><F41/><W44/><G121/><T103/><D42/><U25/><E69/><V96/><REACH who="2" step="1"/><F8/><REACH who="2" ten="235,294,303,158" step="2"/><W73/><G36/><T117/><D117/><U50/><E114/><V17/><F17/><W98/><G31/><T35/><D30/><U84/><E111/><V46/><F46/><W58/><G45/><T130/><D11/><U0/><E9/><V18/><F18/><W48/><G44/><T108/><D5/><U32/><E32/><V72/><AGARI ba="2,1" hai="21,22,53,57,60,72,77,82,96,101,104,112,113,115" machi="72" ten="30,6000,0" yaku="1,1,0,1,53,1" doraHai="129" doraHaiUra="102" who="2" fromWho="2" sc="235,-22,294,-22,303,76,158,-22" /><INIT seed="2,3,0,3,0,53" ten="213,272,379,136" oya="2" hai0="72,56,43,98,95,69,34,24,6,106,114,119,102" hai1="63,90,94,132,55,128,16,70,39,133,1,65,78" hai2="121,15,75,47,21,14,40,74,67,37,46,29,104" hai3="0,93,105,8,33,38,113,92,115,84,64,30,11"/><V62/><F121/><W59/><G105/><T4/><D69/><U18/><E1/><V68/><F104/><W26/><G38/><T112/><D72/><U60/><E39/><V51/><F74/><W117/><G117/><T17/><D119/><U13/><E128/><V31/><F75/><W50/><G93/><T19/><D43/><U96/><E78/><V99/><F99/><W48/><G48/><T83/><D106/><U135/><E13/><V129/><F129/><W45/><G92/><T91/><D34/><U73/><E73/><V10/><F21/><W35/><G84/><N who="0" m="50591" /><D114/><N who="3" m="43529" /><G0/><T12/><D112/><U126/><REACH who="1" step="1"/><E126/><REACH who="1" ten="213,262,379,136" step="2"/><V3/><F3/><W41/><G35/><T120/><D120/><U101/><E101/><V57/><F68/><W23/><G33/><T86/><D12/><U100/><E100/><V87/><F15/><W111/><G111/><T109/><D109/><U52/><E52/><V123/><F123/><W77/><G77/><T81/><D6/><U116/><E116/><V7/><REACH who="2" step="1"/><F87/><REACH who="2" ten="213,262,369,136" step="2"/><W103/><G103/><T122/><D86/><U25/><E25/><V130/><F130/><W80/><G26/><T27/><D24/><U79/><E79/><V9/><F9/><W127/><G8/><T107/><D27/><U108/><E108/><V61/><F61/><N who="3" m="37951" /><G11/><T76/><D122/><U97/><E97/><V22/><F22/><W44/><G23/><T89/><D98/><U54/><E54/><AGARI ba="3,2" hai="7,10,14,29,31,37,40,46,47,51,54,57,62,67" machi="54" ten="30,11600,0" yaku="1,1,7,1,52,1,53,1" doraHai="53" doraHaiUra="71" who="2" fromWho="1" sc="213,0,262,-125,369,145,136,0" /><INIT seed="2,4,0,0,0,63" ten="213,137,514,136" oya="2" hai0="9,36,128,40,69,72,74,113,56,43,31,87,46" hai1="10,75,14,120,81,111,84,53,125,106,52,4,116" hai2="134,48,22,71,16,99,66,94,118,132,0,5,65" hai3="133,91,7,55,82,131,38,64,78,100,19,76,6"/><V51/><F118/><W11/><G38/><T93/><D69/><U126/><E106/><V13/><F0/><W41/><G41/><T117/><D113/><U29/><E75/><V28/><F28/><W18/><G131/><T3/><D128/><U8/><E116/><V44/><F5/><W109/><G109/><T30/><D117/><U12/><E111/><V107/><F107/><W35/><G35/><T57/><D3/><U59/><E29/><V15/><F15/><W21/><G100/><T23/><D9/><U45/><E45/><V2/><F2/><W102/><G102/><T122/><D122/><U79/><E120/><V77/><F77/><N who="3" m="29803" /><G55/><T104/><D104/><U37/><E37/><V67/><F71/><W97/><G133/><N who="2" m="51305" /><F44/><W39/><G39/><T114/><D46/><U26/><E26/><V73/><F73/><W80/><G19/><T42/><D36/><U101/><E101/><AGARI ba="4,0" hai="13,16,22,48,51,65,66,67,94,99,101" m="51305" machi="101" ten="30,12000,1" yaku="20,1,52,3,54,1" doraHai="63" who="2" fromWho="1" sc="213,0,137,-132,514,132,136,0" /><INIT seed="2,5,0,0,2,99" ten="213,5,646,136" oya="2" hai0="53,96,6,101,109,3,112,56,38,19,50,116,4" hai1="74,126,97,16,125,124,52,61,34,134,49,100,18" hai2="41,65,5,115,51,37,75,72,111,79,8,39,127" hai3="47,117,62,10,2,46,103,54,86,132,94,88,123"/><V95/><F115/><W67/><G123/><T108/><D38/><U78/><E34/><V43/><F127/><N who="1" m="32513" /><U48/><DORA hai="105" /><E134/><V13/><F65/><W23/><G117/><T120/><D120/><U110/><E110/><N who="0" m="42601" /><D112/><U36/><E36/><V59/><F111/><W58/><G132/><T90/><D116/><U0/><E0/><V106/><F106/><W80/><G2/><T64/><D3/><U85/><E85/><V40/><F95/><W15/><G23/><T83/><D64/><U63/><E48/><V21/><F39/><W114/><G114/><T129/><D129/><U1/><E1/><V71/><F37/><W70/><G70/><T89/><D19/><N who="1" m="7211" /><E78/><V66/><F71/><W84/><G67/><T87/><D90/><U107/><E74/><V69/><F69/><W42/><G42/><T20/><D20/><U33/><E33/><V98/><F21/><W32/><G32/><T128/><D128/><U81/><E81/><V113/><F113/><W77/><G77/><T28/><D28/><U7/><E7/><V122/><F122/><W118/><G118/><T102/><D102/><U68/><E68/><V131/><F79/><N who="3" m="46111" /><G103/><T30/><D30/><U93/><E93/><AGARI ba="5,0" hai="4,6,50,53,56,83,87,89,93,96,101" m="42601" machi="93" ten="30,2000,0" yaku="14,1,52,1" doraHai="99,105" who="0" fromWho="1" sc="213,35,5,-35,646,0,136,0" owari="248,5.0,-30,-53.0,646,74.0,136,-26.0" /></mjloggm>