<mjloggm ver="2.3"><GO type="169" lobby="0"/><UN n0="%E4%BF%BA%54%55%45%45%45%45%45" n1="%E3%82%A6%E3%83%AB%E3%83%88%E3%83%A9%E7%AB%8B%E7%9B%B4" n2="%28%EF%BC%BE%CF%89%EF%BC%BE%29%E3%81%8A%E3%81%89%E3%82%93" n3="%E3%81%AE%E3%81%A1%E3%82%86%E3%82%93" dan="16,17,16,16" rate="2036.50,2196.68,2173.68,2134.33" sx="F,M,F,F"/><TAIKYOKU oya="0"/><INIT seed="0,0,0,3,3,102" ten="250,250,250,250" oya="0" hai0="103,87,119,60,6,9,133,66,84,34,15,36,11" hai1="19,114,75,98,56,128,53,42,31,18,21,135,97" hai2="99,43,8,77,0,39,111,26,104,125,74,38,85" hai3="44,57,91,52,1,51,90,37,13,25,22,65,41"/><T100/><D119/><U96/><E75/><V70/><F85/><W131/><G1/><T12/><D133/><U2/><E2/><V88/><F88/><W24/><G131/><T61/><D34/><U107/><E128/><V117/><F99/><W54/><G13/><T105/><D36/><U108/><E108/><V129/><F77/><W67/><G25/><T122/><D122/><U93/><E107/><V49/><F49/><W32/><G32/><T27/><D27/><N who="1" m="16879" /><E42/><V28/><F8/><W113/><G113/><T35/><D35/><U92/><E114/><V63/><F63/><W17/><REACH who="3" step="1"/><G54/><REACH who="3" ten="250,250,250,240" step="2"/><T55/><D55/><U68/><E135/><V73/><F26/><W40/><G40/><T58/><D61/><N who="1" m="35983" /><E68/><V64/><F43/><W94/><G94/><AGARI ba="0,1" hai="18,19,92,93,94,96,97,98" m="35983,16879" machi="94" ten="30,1000,0" yaku="8,1" doraHai="102" who="1" fromWho="3" sc="250,0,250,20,250,0,240,-10" /><INIT seed="1,0,0,4,1,81" ten="250,270,250,230" oya="1" hai0="123,94,10,62,74,28,115,45,83,52,25,46,47" hai1="129,105,19,118,85,21,37,77,55,36,51,114,17" hai2="80,120,101,57,3,0,48,116,27,98,119,132,43" hai3="8,26,103,34,33,18,24,122,106,58,117,6,49"/><U67/><E118/><V79/><F120/><W70/><G70/><T13/><D115/><U128/><E105/><V42/><F132/><W131/><G122/><T73/><D123/><U38/><E67/><V124/><F124/><W127/><G127/><T96/><D83/><N who="1" m="47343" /><E114/><V104/><F27/><W1/><G117/><T86/><D86/><U113/><E21/><V29/><F29/><W32/><G131/><N who="1" m="50250" /><E113/><V82/><F82/><W112/><G112/><T102/><D25/><U88/><E88/><V91/><F91/><W89/><G89/><T71/><D28/><U95/><E95/><V39/><F116/><W31/><G106/><T87/><D87/><U93/><E93/><V9/><F80/><W121/><G103/><T75/><D71/><U16/><E19/><V56/><F101/><W78/><G78/><T100/><D102/><U66/><E66/><V134/><F79/><W76/><G76/><T111/><D100/><U107/><E107/><V90/><F104/><W20/><G121/><T2/><D94/><U7/><E7/><V130/><F90/><W92/><G92/><T97/><D97/><U44/><AGARI ba="0,0" hai="16,17,36,37,38,44,51,55" m="50250,47343" machi="44" ten="40,7800,0" yaku="19,1,52,1,54,1" doraHai="81" who="1" fromWho="1" sc="250,-26,270,78,250,-26,230,-26" /><INIT seed="1,1,0,4,1,7" ten="224,348,224,204" oya="1" hai0="133,85,26,57,42,109,50,121,130,100,23,128,110" hai1="134,39,98,63,68,47,67,64,76,36,1,24,16" hai2="107,69,15,55,40,89,83,22,43,74,96,113,118" hai3="45,65,78,31,73,129,70,51,135,32,117,53,125"/><U71/><E1/><V66/><F118/><W92/><G117/><T28/><D133/><U82/><E98/><V93/><F113/><W94/><G135/><T106/><D121/><U95/><E95/><V101/><F55/><W81/><G125/><T12/><D100/><U97/><E97/><V17/><F66/><W37/><G129/><N who="0" m="49771" /><D106/><U46/><E16/><V80/><F69/><N who="1" m="26697" /><E24/><V75/><F80/><W108/><G31/><T35/><D85/><U104/><E82/><V62/><F62/><W84/><G32/><T13/><D57/><N who="1" m="36975" /><E104/><V34/><F34/><W114/><G81/><T27/><D50/><U59/><E76/><N who="2" m="44439" /><F75/><W8/><G78/><T21/><D42/><U44/><E134/><V41/><F41/><W14/><G73/><T77/><D77/><U131/><E131/><V79/><F79/><W112/><G84/><AGARI ba="1,0" hai="15,17,22,40,43,84,89,93,96,101,107" m="44439" machi="84" ten="30,1000,0" yaku="24,1" doraHai="7" who="2" fromWho="3" sc="224,0,348,0,224,13,204,-13" /><INIT seed="2,0,0,5,1,47" ten="224,348,237,191" oya="2" hai0="134,34,93,19,25,68,30,4,97,17,52,123,82" hai1="110,59,12,54,61,116,1,66,11,115,128,91,132" hai2="120,37,89,21,48,63,28,131,46,96,87,86,80" hai3="119,51,125,135,40,70,14,18,20,127,9,6,60"/><V62/><F37/><W117/><G135/><T26/><D123/><U81/><E1/><V79/><F120/><W83/><G83/><T49/><D68/><U95/><E128/><V84/><F131/><W103/><G103/><T10/><D82/><U109/><E81/><N who="2" m="47167" /><F96/><W98/><G98/><T112/><D134/><U77/><E77/><V101/><F101/><W113/><G113/><T133/><D112/><U106/><E106/><V99/><F99/><W126/><G60/><T74/><D74/><U13/><E116/><V102/><F102/><W129/><G70/><T39/><D39/><U58/><E95/><V104/><F104/><W57/><G129/><T53/><D53/><U8/><E91/><V35/><F35/><W31/><G31/><T122/><D26/><U94/><E94/><V15/><F87/><W85/><G85/><T65/><D65/><U5/><E115/><V56/><F56/><W24/><REACH who="3" step="1"/><G57/><REACH who="3" ten="224,348,237,181" step="2"/><T114/><D133/><U0/><E59/><V121/><F121/><W16/><G16/><T124/><D122/><U107/><E58/><V29/><F29/><W71/><G71/><T76/><D19/><U2/><E61/><V78/><F78/><W44/><AGARI ba="0,1" hai="6,9,14,18,20,24,40,44,51,117,119,125,126,127" machi="44" ten="40,8000,1" yaku="1,1,0,1,18,1,52,1,53,1" doraHai="47" doraHaiUra="42" who="3" fromWho="3" sc="224,-20,348,-20,237,-40,181,90" /><INIT seed="3,0,0,3,1,129" ten="204,328,197,271" oya="3" hai0="20,65,106,133,75,3,28,135,48,38,93,82,74" hai1="17,79,45,58,22,110,73,4,32,37,43,47,124" hai2="13,60,95,71,128,5,123,120,100,116,81,121,105" hai3="36,111,118,39,55,26,0,99,35,80,108,90,29"/><W76/><G118/><T12/><D38/><U24/><E32/><V130/><F116/><W56/><G0/><T49/><D106/><U34/><E34/><V61/><F105/><W41/><G90/><T132/><D3/><U50/><E110/><N who="3" m="42026" /><G99/><T98/><D65/><U94/><E58/><V84/><F71/><W88/><G41/><T69/><D69/><U114/><E124/><V52/><F61/><N who="3" m="35999" /><G88/><N who="0" m="55591" /><D12/><U107/><E114/><V112/><F112/><W77/><G77/><N who="0" m="44343" /><D75/><AGARI ba="0,0" hai="26,29,35,36,39,75,76,80" m="35999,42026" machi="75" ten="30,2900,0" yaku="14,1,10,1" doraHai="129" who="3" fromWho="0" sc="204,-29,328,0,197,0,271,29" /><INIT seed="3,1,0,0,0,83" ten="175,328,197,300" oya="3" hai0="96,28,115,77,57,1,22,117,97,68,90,11,38" hai1="62,30,4,26,41,54,105,34,5,74,19,10,82" hai2="123,108,76,124,130,73,48,69,87,16,88,102,94" hai3="129,99,35,79,126,51,44,75,81,15,100,47,119"/><W84/><G119/><T67/><D117/><U46/><E105/><V21/><F69/><W27/><G129/><T112/><D68/><U14/><E54/><V7/><F123/><W66/><G126/><T80/><D38/><U6/><E62/><V8/><F124/><W55/><G66/><T32/><D32/><U59/><E59/><V78/><F130/><W93/><G15/><T107/><D28/><U116/><E116/><V98/><F48/><W109/><G109/><T12/><D22/><U70/><E70/><V91/><F108/><W127/><G127/><T50/><D1/><U125/><E125/><V45/><F45/><W72/><G44/><T3/><D3/><U24/><E82/><N who="2" m="49655" /><F73/><W18/><G18/><T92/><D50/><U89/><E89/><V42/><F42/><W104/><G104/><T53/><D53/><U71/><E74/><V113/><F113/><W36/><G36/><T52/><D52/><U13/><E71/><V43/><F43/><W60/><G60/><T128/><D67/><U95/><E95/><N who="2" m="58719" /><F8/><W25/><G35/><T37/><D57/><U135/><E46/><V101/><F101/><W120/><G120/><T64/><D37/><U114/><E41/><V134/><F134/><W31/><G72/><N who="0" m="43047" /><D128/><U122/><E135/><V9/><F9/><W0/><G0/><T33/><D33/><N who="1" m="20679" /><E122/><V17/><F7/><W63/><G63/><T121/><D121/><U61/><E61/><V118/><F118/><W49/><G49/><T20/><D64/><U133/><E133/><V111/><F111/><W86/><G31/><T23/><D115/><RYUUKYOKU ba="1,0" sc="175,-10,328,-10,197,-10,300,30" hai3="25,27,47,51,55,75,79,81,84,86,93,99,100" /><INIT seed="3,2,0,1,0,96" ten="165,318,187,330" oya="3" hai0="36,104,11,19,111,51,41,129,57,86,34,126,68" hai1="84,80,103,70,2,42,30,81,40,106,113,121,93" hai2="63,115,28,135,17,46,67,119,117,37,49,91,62" hai3="48,101,110,5,95,131,12,78,55,87,20,43,23"/><W27/><G131/><T132/><D34/><U18/><E70/><V24/><F37/><W71/><G71/><T8/><D104/><U133/><E2/><V47/><F115/><W58/><G110/><T109/><D68/><U114/><E30/><V1/><F1/><W76/><G43/><T122/><D122/><U31/><E31/><V65/><F135/><W54/><G54/><T89/><D132/><U7/><E18/><V45/><F17/><N who="3" m="10279" /><G5/><T53/><D129/><U90/><E40/><V10/><F91/><N who="3" m="53759" /><G101/><T79/><D79/><U3/><E42/><V25/><F10/><W64/><G64/><N who="2" m="24649" /><F28/><AGARI ba="2,0" hai="23,27,28,48,55,58,76,78" m="53759,10279" machi="28" ten="30,2900,0" yaku="25,1,8,1" doraHai="96" who="3" fromWho="2" sc="165,0,318,0,187,-35,330,35" /><INIT seed="3,3,0,1,0,19" ten="165,318,152,365" oya="3" hai0="57,104,21,7,68,10,131,119,101,4,46,38,29" hai1="5,98,126,1,62,97,95,27,85,18,64,32,111" hai2="20,6,35,34,48,3,26,25,90,52,22,17,112" hai3="77,49,132,100,42,73,87,30,83,96,78,33,13"/><W125/><G125/><T69/><D119/><U53/><E111/><V72/><F72/><W124/><G124/><T108/><D108/><U116/><E32/><V89/><F112/><W129/><G129/><T80/><D131/><U54/><E116/><V135/><F135/><W45/><G132/><T23/><D104/><U102/><E5/><N who="0" m="2121" /><D38/><U59/><E1/><V122/><F122/><W118/><G118/><T67/><D68/><U113/><E113/><V63/><F63/><W15/><G77/><T94/><D69/><U2/><E2/><V110/><F110/><W123/><G123/><T109/><D29/><U106/><E85/><V128/><F128/><W14/><G73/><T121/><D10/><U50/><E50/><V56/><F6/><W9/><G30/><T91/><D46/><U12/><E27/><V11/><F11/><W82/><G82/><T47/><D47/><U74/><E74/><V75/><F75/><W84/><G84/><N who="0" m="50567" /><D121/><U133/><E133/><V130/><F3/><W8/><G33/><T37/><D37/><U127/><E127/><V79/><F130/><W61/><G8/><T16/><D16/><U51/><E51/><V40/><F35/><W39/><G9/><T28/><D28/><U66/><E126/><V70/><F34/><W117/><G117/><T24/><D24/><U41/><E18/><N who="2" m="12439" /><F70/><W99/><G39/><T71/><D71/><U105/><E106/><V103/><F40/><W88/><G42/><T36/><D36/><U31/><E41/><V107/><F79/><W120/><G78/><T60/><D109/><U134/><E134/><RYUUKYOKU ba="3,0" sc="165,15,318,-15,152,15,365,-15" hai0="21,23,57,60,67,94,101" hai2="17,22,26,48,52,56,89,90,103,107" /><INIT seed="4,4,0,5,0,32" ten="180,303,167,350" oya="0" hai0="65,24,131,67,111,134,55,110,58,10,73,50,16" hai1="13,18,77,106,98,109,26,6,135,7,34,27,127" hai2="96,38,52,121,60,5,101,99,28,19,92,29,31" hai3="15,79,117,124,47,70,20,123,25,71,83,128,43"/><T2/><D73/><U56/><E77/><V118/><F38/><W69/><G117/><T78/><D78/><U126/><E56/><N who="2" m="34823" /><F121/><W89/><G123/><T57/><D134/><U133/><E98/><N who="2" m="59591" /><F118/><W94/><G15/><N who="0" m="7287" /><D131/><U108/><E106/><V23/><F5/><W86/><G128/><T36/><D36/><U105/><E105/><V120/><F120/><W75/><G124/><N who="1" m="47658" /><E7/><V104/><F104/><W14/><G14/><AGARI ba="4,0" hai="14,19,23,28,29,31,96,99" m="59591,34823" machi="14" ten="30,2000,0" yaku="8,1,54,1" doraHai="32" who="2" fromWho="3" sc="180,0,303,0,167,32,350,-32" /><INIT seed="5,0,0,5,2,51" ten="180,303,199,318" oya="1" hai0="99,13,56,58,125,7,110,68,111,29,91,108,79" hai1="80,23,83,77,100,131,32,92,15,102,35,113,129" hai2="36,0,103,69,53,46,3,101,26,118,126,73,34" hai3="43,55,71,87,41,39,130,22,93,98,57,81,124"/><U119/><E119/><V117/><F69/><W72/><G72/><T127/><D68/><U96/><E102/><V86/><F73/><W75/><G75/><T2/><D2/><U109/><E113/><V50/><F126/><N who="0" m="48138" /><D79/><U1/><E1/><V88/><F36/><W25/><G71/><T12/><D29/><U28/><E109/><N who="0" m="27905" /><T89/><DORA hai="135" /><D99/><U95/><E77/><V45/><F0/><W27/><G39/><T116/><D116/><U104/><E28/><V128/><F3/><W44/><G124/><T16/><D7/><U112/><E112/><V61/><F118/><W132/><G132/><T54/><D12/><U121/><E15/><V38/><F117/><W94/><G25/><T66/><D66/><U84/><E96/><V134/><F134/><W90/><G27/><T31/><D31/><U97/><E97/><V24/><F24/><W48/><G98/><T17/><D58/><U115/><E115/><V11/><F26/><W122/><G57/><T120/><D120/><U37/><E121/><V85/><F34/><W74/><G122/><T4/><D4/><U76/><E76/><V20/><F11/><W133/><G133/><T33/><D33/><U114/><E114/><V42/><F20/><W21/><G22/><N who="0" m="11535" /><D17/><U18/><E18/><V9/><F9/><W106/><G21/><T52/><D52/><U40/><E23/><V6/><F53/><W64/><G55/><T19/><D19/><U123/><E32/><V70/><F6/><W65/><G64/><T59/><D59/><U63/><E35/><V107/><F70/><W67/><G65/><RYUUKYOKU ba="0,0" sc="180,30,303,-10,199,-10,318,-10" hai0="54,56,89,91" /><INIT seed="6,1,0,2,0,10" ten="210,293,189,308" oya="2" hai0="125,33,93,5,117,104,88,3,20,48,122,123,98" hai1="132,97,18,8,102,78,73,69,53,42,83,74,57" hai2="65,58,37,107,28,43,22,96,21,39,64,75,84" hai3="100,16,68,131,55,103,1,113,110,31,27,81,0"/><V51/><F75/><W135/><G110/><T101/><D33/><U128/><E69/><V115/><F39/><W129/><G68/><T109/><D109/><U133/><E42/><V61/><F37/><W111/><G111/><T30/><D3/><U38/><E38/><V77/><F115/><W59/><G113/><T13/><D125/><U25/><E128/><N who="3" m="49226" /><G81/><T29/><D117/><U17/><E73/><V35/><F35/><N who="3" m="20991" /><G16/><T90/><D29/><U114/><E114/><V66/><F107/><W85/><G85/><T92/><D30/><U70/><E70/><V12/><F96/><W15/><G15/><T62/><D13/><U86/><E74/><V71/><F71/><W80/><G80/><T126/><D104/><U52/><E25/><N who="2" m="16431" /><F84/><W60/><G135/><T106/><D98/><U34/><E34/><V127/><F127/><W46/><G46/><T76/><D126/><U14/><E133/><V41/><F77/><W120/><G120/><T134/><D123/><U99/><E132/><V23/><F23/><W4/><G0/><T89/><D122/><U56/><E102/><V121/><F121/><W47/><G47/><T116/><D101/><U32/><E32/><V36/><F36/><W9/><AGARI ba="1,0" hai="1,4,9,55,59,60,100,103" m="20991,49226" machi="9" ten="30,1100,0" yaku="19,1" doraHai="10" who="3" fromWho="3" sc="210,-4,293,-4,189,-6,308,14" /><INIT seed="7,0,0,0,1,121" ten="206,289,183,322" oya="3" hai0="10,114,36,130,80,133,14,65,69,105,93,42,131" hai1="76,107,117,86,52,89,134,1,7,84,101,32,51" hai2="15,132,79,87,91,41,118,100,31,128,90,106,113" hai3="135,26,60,68,49,23,8,22,3,74,66,59,94"/><W20/><G74/><T108/><D105/><U103/><E32/><V122/><F118/><W85/><G135/><T27/><D133/><U77/><E134/><V43/><F132/><W111/><G111/><T58/><D69/><U98/><E103/><V126/><F122/><W127/><G127/><T44/><D114/><U25/><E86/><V99/><F113/><W33/><G33/><T92/><D27/><U129/><E129/><N who="0" m="49161" /><D80/><U125/><E125/><V115/><F128/><W34/><G34/><T18/><D108/><U61/><E61/><AGARI ba="0,0" hai="10,14,18,36,42,44,58,61,65,92,93" m="49161" machi="61" ten="30,1000,0" yaku="19,1" doraHai="121" who="0" fromWho="1" sc="206,10,289,-10,183,0,322,0" owari="216,-18.0,279,8.0,183,-32.0,322,42.0" /></mjloggm>