<mjloggm ver="2.3"><GO type="169" lobby="0"/><UN n0="%E3%81%AF%E3%81%BF%E3%82%82%E3%82%93" n1="%E4%B8%A6%E3%81%BF%E3%81%AE%E7%AB%9C" n2="%E3%83%88%E3%82%B7%E3%83%95%E3%83%BC%E3%83%8B" n3="%E3%82%A6%E3%83%AB%E3%83%88%E3%83%A9%E7%AB%8B%E7%9B%B4" dan="17,17,16,17" rate="2118.56,2154.21,2159.85,2229.56" sx="M,M,M,M"/><TAIKYOKU oya="0"/><INIT seed="0,0,0,4,3,13" ten="250,250,250,250" oya="0" hai0="103,78,106,130,117,56,41,19,24,3,94,104,64" hai1="79,15,105,128,123,116,25,0,51,127,10,87,93" hai2="119,20,5,68,124,53,107,118,7,95,96,111,42" hai3="4,43,44,75,109,133,27,57,60,97,112,67,91"/><T129/><D3/><U46/><E105/><V72/><F107/><W80/><G112/><T84/><D41/><U113/><E116/><N who="2" m="44587" /><F111/><W14/><G109/><T82/><D117/><U122/><E0/><V63/><F72/><W33/><G133/><T32/><D32/><U126/><E113/><V2/><F42/><W61/><G33/><T28/><D28/><U16/><E25/><V59/><F2/><W66/><G27/><T134/><D134/><U50/><E128/><N who="0" m="49257" /><D64/><U58/><E58/><V6/><F124/><N who="1" m="47657" /><E51/><V89/><F68/><W125/><G57/><T100/><D56/><U8/><E8/><V21/><AGARI ba="0,0" hai="5,6,7,20,21,53,59,63,89,95,96" m="44587" machi="21" ten="40,1500,0" yaku="12,1" doraHai="13" who="2" fromWho="2" sc="250,-7,250,-4,250,15,250,-4" /><INIT seed="1,0,0,0,0,120" ten="243,246,265,246" oya="1" hai0="57,111,114,62,127,101,131,76,32,55,90,40,77" hai1="68,67,29,106,64,36,5,6,100,45,97,89,8" hai2="70,7,122,10,11,65,91,49,16,104,63,84,9" hai3="126,59,113,128,0,130,21,81,125,1,2,110,135"/><U132/><E132/><V15/><F122/><W50/><G113/><T124/><D32/><U117/><E117/><V54/><F104/><W66/><G81/><T44/><D101/><U61/><E67/><V85/><F7/><W47/><G21/><T30/><D30/><U41/><E89/><V23/><REACH who="2" step="1"/><F91/><REACH who="2" ten="243,246,255,246" step="2"/><W86/><G0/><T119/><D90/><U52/><E5/><V99/><F99/><W39/><G2/><T71/><D119/><U4/><E6/><V27/><F27/><W28/><G1/><T25/><D25/><U108/><E108/><V72/><F72/><W123/><G123/><T48/><D111/><U102/><E102/><V60/><F60/><W79/><G110/><T121/><D121/><U96/><E97/><V22/><F22/><W58/><G135/><T82/><D114/><U43/><E29/><V3/><F3/><W74/><G28/><T37/><D131/><U46/><E36/><V94/><F94/><W31/><G31/><T95/><D95/><U17/><E17/><V107/><F107/><W129/><G74/><T103/><D103/><U115/><E115/><V112/><F112/><W53/><G39/><T118/><D118/><U18/><E18/><V14/><F14/><W35/><G129/><T33/><D33/><U42/><E45/><AGARI ba="0,1" hai="9,10,11,15,16,23,45,49,54,63,65,70,84,85" machi="45" ten="40,8000,1" yaku="1,1,54,1,53,2" doraHai="120" doraHaiUra="80" who="2" fromWho="1" sc="243,0,246,-80,255,90,246,0" /><INIT seed="2,0,0,5,3,25" ten="243,166,345,246" oya="2" hai0="95,107,109,80,21,129,34,61,73,54,27,7,31" hai1="56,57,93,22,90,133,36,5,68,3,44,51,75" hai2="60,78,94,11,130,131,119,52,12,123,38,100,47" hai3="39,35,118,91,64,106,6,81,76,65,49,120,126"/><V125/><F123/><W114/><G39/><T16/><D107/><U128/><E75/><V83/><F119/><W45/><G120/><T50/><D109/><U66/><E133/><V26/><F125/><W79/><G118/><T30/><D129/><N who="2" m="49162" /><F38/><W132/><G106/><T1/><D61/><U117/><E128/><V28/><F94/><W112/><G35/><T40/><D40/><U127/><E127/><V58/><F100/><W87/><G6/><T41/><D41/><U23/><E117/><V92/><F92/><W24/><G132/><T71/><D71/><U104/><E36/><V19/><F47/><W17/><G126/><T110/><D110/><U111/><E68/><V0/><F0/><W13/><G24/><T63/><D63/><U115/><E104/><V121/><F121/><W59/><G114/><T37/><D37/><U67/><E115/><V9/><F9/><W74/><G112/><T10/><D95/><U99/><E111/><V18/><F12/><W103/><G103/><T2/><D34/><U33/><E33/><N who="2" m="20631" /><F11/><W70/><G45/><T8/><D8/><U122/><E122/><V102/><F102/><W82/><G13/><T72/><D2/><U15/><E3/><V96/><F96/><W86/><G70/><T20/><D20/><U42/><E23/><V88/><F78/><W97/><G79/><T101/><D101/><U85/><E99/><V32/><F32/><W108/><G97/><T14/><D14/><U53/><E22/><V98/><F98/><W62/><G108/><T124/><D124/><U113/><E113/><V105/><F105/><RYUUKYOKU ba="0,0" sc="243,-10,166,-10,345,30,246,-10" hai2="18,19,52,58,60,83,88" /><INIT seed="2,1,0,1,1,9" ten="233,156,375,236" oya="2" hai0="71,92,55,122,8,111,130,66,88,68,15,58,85" hai1="67,100,43,90,29,74,77,134,34,22,102,21,12" hai2="123,31,89,49,48,83,84,97,28,135,64,47,35" hai3="72,63,61,6,80,1,120,19,62,56,104,131,57"/><V86/><F135/><W78/><G120/><T94/><D94/><U125/><E134/><V24/><F123/><W105/><G131/><T91/><D111/><U54/><E34/><V5/><F31/><W109/><G109/><T116/><D116/><U50/><E43/><V51/><F64/><W121/><G121/><T82/><D66/><U30/><E125/><V73/><F73/><W10/><REACH who="3" step="1"/><G19/><REACH who="3" ten="233,156,375,226" step="2"/><T81/><D130/><U98/><E30/><V27/><F28/><W33/><G33/><T112/><D122/><U95/><E29/><V41/><F35/><W127/><G127/><T36/><D112/><U32/><E32/><V70/><F70/><W117/><G117/><T93/><D71/><U133/><E133/><V124/><F124/><W17/><G17/><N who="0" m="8423" /><D68/><U7/><E67/><V79/><F5/><W18/><G18/><T11/><D11/><U38/><E7/><V52/><F24/><W46/><G46/><T129/><D129/><U37/><E22/><V106/><F27/><W4/><G4/><T60/><D36/><U118/><E37/><V14/><F47/><W25/><G25/><T99/><AGARI ba="1,1" hai="55,58,60,81,82,85,88,91,92,93,99" m="8423" machi="99" ten="30,4000,0" yaku="8,1,52,1,54,1" doraHai="9" who="0" fromWho="0" sc="233,53,156,-11,375,-21,226,-11" /><INIT seed="3,0,0,3,0,119" ten="286,145,354,215" oya="3" hai0="30,43,122,67,95,132,134,13,20,109,52,39,118" hai1="44,48,31,59,82,47,97,112,36,104,89,57,128" hai2="125,28,15,98,8,25,11,131,62,7,55,1,126" hai3="76,24,92,117,87,78,63,72,70,56,96,37,105"/><W129/><G117/><T111/><D67/><U135/><E112/><V64/><F55/><W90/><G70/><T2/><D2/><U51/><E36/><V4/><F98/><W32/><G37/><T74/><D74/><U50/><E135/><N who="0" m="51753" /><D118/><U101/><E128/><V91/><F91/><W21/><G32/><T71/><D71/><U45/><E31/><V6/><F62/><W49/><G129/><T107/><D107/><U116/><E116/><V41/><F41/><W29/><G72/><T102/><D43/><U35/><E35/><N who="2" m="20879" /><F64/><N who="3" m="39015" /><G105/><T9/><D39/><U23/><E23/><V75/><F75/><W106/><G106/><T66/><D66/><U83/><REACH who="1" step="1"/><E89/><REACH who="1" ten="286,135,354,215" step="2"/><V68/><F131/><W73/><G73/><T110/><D20/><U86/><E86/><V27/><F68/><W120/><G87/><T79/><D30/><U17/><E17/><N who="2" m="8423" /><F27/><W84/><G84/><T103/><D111/><U121/><E121/><V85/><F85/><W18/><G120/><T3/><D122/><U33/><E33/><V61/><F6/><W26/><G26/><T16/><D109/><U22/><E22/><V80/><F4/><W100/><G90/><T34/><D34/><U42/><E42/><V38/><F38/><W127/><G29/><T133/><D110/><U130/><E130/><V54/><F80/><AGARI ba="0,1" hai="44,45,47,48,50,51,57,59,80,82,83,97,101,104" machi="80" ten="40,1300,0" yaku="1,1,53,0" doraHai="119" doraHaiUra="0" who="1" fromWho="2" sc="286,0,135,23,354,-13,215,0" /><INIT seed="4,0,0,2,2,106" ten="286,158,341,215" oya="0" hai0="52,36,66,75,123,65,86,95,29,43,74,57,125" hai1="23,55,130,16,131,78,70,83,94,111,116,12,15" hai2="98,120,73,84,3,46,59,2,20,64,39,40,41" hai3="26,18,60,31,92,25,9,45,91,17,50,85,44"/><T8/><D123/><U34/><E70/><V30/><F120/><W47/><G60/><T80/><D29/><U38/><E38/><V108/><F108/><W32/><G25/><T100/><D43/><U112/><E111/><V113/><F113/><W56/><G56/><T10/><D36/><U103/><E34/><V13/><F40/><W27/><G27/><T35/><D35/><U107/><E107/><V105/><F84/><W77/><G50/><T7/><D125/><U48/><E116/><V121/><F121/><W135/><G135/><T109/><D109/><U87/><E112/><V51/><F73/><W53/><G53/><T1/><D8/><U37/><E37/><V134/><F134/><W33/><G33/><T89/><D100/><U117/><E117/><V104/><F104/><W14/><REACH who="3" step="1"/><G77/><REACH who="3" ten="286,158,341,205" step="2"/><T69/><D69/><U90/><E130/><V128/><F128/><W28/><G28/><T110/><D110/><U0/><E131/><V129/><F129/><W49/><G49/><T5/><D57/><U67/><E67/><V71/><F30/><W93/><G93/><T76/><D52/><U126/><E48/><V79/><F79/><W82/><G82/><T114/><D114/><U132/><E55/><N who="2" m="32255" /><F64/><W19/><AGARI ba="0,1" hai="9,14,17,18,19,26,31,32,44,45,47,85,91,92" machi="19" ten="30,4000,0" yaku="1,1,0,1,53,1" doraHai="106" doraHaiUra="24" who="3" fromWho="3" sc="286,-20,158,-10,341,-10,205,50" /><INIT seed="5,0,0,1,2,116" ten="266,148,331,255" oya="1" hai0="91,115,61,5,32,31,86,82,59,37,45,90,15" hai1="58,95,16,66,77,111,125,30,18,109,33,103,44" hai2="80,98,102,69,129,72,97,84,34,57,93,21,60" hai3="35,67,17,50,41,29,42,0,46,81,112,79,56"/><U2/><E2/><V63/><F34/><W107/><G107/><T108/><D108/><N who="1" m="41547" /><E77/><V48/><F129/><W13/><G0/><T14/><D32/><U132/><E125/><V53/><F72/><W92/><G112/><T25/><D115/><U3/><E3/><V76/><F69/><W4/><G4/><T6/><D37/><U106/><E106/><V47/><F98/><W27/><G92/><T118/><D45/><U28/><E132/><V7/><F7/><W71/><G71/><T101/><D101/><U114/><E44/><V40/><REACH who="2" step="1"/><F21/><REACH who="2" ten="266,148,321,255" step="2"/><W88/><G35/><T20/><D6/><U85/><E114/><V110/><F110/><W124/><G124/><T64/><D5/><U62/><E33/><V119/><F119/><W73/><G73/><T54/><D118/><U51/><E85/><V65/><F65/><W23/><G67/><T39/><D64/><U134/><E134/><V11/><F11/><W22/><G22/><T26/><D20/><U117/><E117/><V100/><F100/><W36/><G23/><T131/><D131/><U49/><E103/><V75/><F75/><W78/><G27/><T89/><D26/><U133/><E133/><V105/><F105/><W19/><G19/><N who="1" m="7210" /><E95/><V99/><F99/><W135/><G135/><T127/><D25/><U74/><E74/><V130/><F130/><W43/><G17/><T68/><D127/><U121/><E121/><V9/><F9/><W12/><G12/><T123/><D15/><U55/><E66/><V94/><F94/><W87/><G13/><T104/><D14/><U128/><E128/><RYUUKYOKU ba="0,1" sc="266,-15,148,15,321,15,255,-15" hai1="28,30,49,51,55,58,62" hai2="40,47,48,53,57,60,63,76,80,84,93,97,102" /><INIT seed="5,1,1,1,1,106" ten="251,163,336,240" oya="1" hai0="6,21,49,92,75,85,101,17,39,124,79,41,100" hai1="80,63,35,76,7,86,64,40,91,120,88,103,26" hai2="130,50,60,15,20,110,59,0,84,82,122,119,55" hai3="65,13,109,37,66,22,27,14,78,98,73,94,33"/><U38/><E120/><V5/><F122/><W23/><G37/><T117/><D39/><U28/><E7/><V89/><F110/><W3/><G3/><T47/><D124/><U36/><E36/><V128/><F119/><W131/><G109/><T72/><D6/><U116/><E116/><V25/><F0/><W48/><G131/><N who="2" m="50217" /><F15/><W57/><G33/><T2/><D2/><U83/><E40/><V46/><F5/><W43/><G73/><T53/><D117/><U29/><E38/><V19/><F60/><W134/><G78/><T24/><D41/><U52/><E29/><V32/><F32/><W31/><G134/><T62/><D62/><U129/><E129/><V56/><AGARI ba="1,1" hai="19,20,25,46,50,55,56,59,82,84,89" m="50217" machi="56" ten="30,1100,0" yaku="19,1" doraHai="106" who="2" fromWho="2" sc="251,-4,163,-6,336,24,240,-4" /><INIT seed="6,0,0,0,1,103" ten="247,157,360,236" oya="2" hai0="113,107,112,128,43,41,110,65,92,4,83,102,81" hai1="59,49,61,75,127,116,21,79,71,55,27,14,35" hai2="130,23,109,76,44,98,96,135,74,9,63,101,28" hai3="66,36,26,58,24,85,18,47,95,73,106,38,94"/><V123/><F123/><W69/><G69/><T111/><D65/><U37/><E116/><V3/><F135/><W20/><G73/><T51/><D4/><U90/><E127/><V19/><F130/><W70/><G70/><T121/><D121/><U122/><E122/><V88/><F109/><N who="0" m="41482" /><D92/><U117/><E117/><V68/><F44/><W30/><G106/><T134/><D134/><U133/><E133/><V33/><F76/><W126/><G126/><T119/><D119/><U78/><E75/><V42/><F42/><N who="0" m="15882" /><D51/><U125/><E125/><V64/><F74/><W91/><G47/><T2/><D2/><U13/><E35/><V57/><F68/><W132/><G132/><T115/><D128/><U60/><E37/><V100/><F33/><W16/><G30/><T120/><D120/><U1/><E1/><V62/><F62/><W12/><G26/><T29/><D29/><U72/><E72/><V131/><F131/><W6/><G6/><T40/><D40/><U118/><E118/><V53/><F64/><W52/><G66/><T39/><D39/><U105/><E105/><V15/><F3/><W7/><G7/><T50/><D50/><U67/><E49/><V25/><F98/><AGARI ba="0,0" hai="81,83,98,102,107,112,113,115" m="15882,41482" machi="98" ten="40,2600,0" yaku="15,1,52,1" doraHai="103" who="0" fromWho="2" sc="247,26,157,0,360,-26,236,0" /><INIT seed="7,0,0,3,1,17" ten="273,157,334,236" oya="3" hai0="56,7,39,28,11,54,30,94,96,93,88,105,57" hai1="74,58,84,86,83,21,90,92,43,19,123,33,80" hai2="27,109,9,133,42,5,29,47,132,124,103,61,16" hai3="46,122,0,100,131,98,65,102,116,24,134,91,55"/><W78/><G0/><T85/><D105/><U120/><E33/><V118/><F118/><W117/><G65/><T22/><D39/><U121/><E74/><V38/><F109/><W35/><G78/><T113/><D113/><U62/><E43/><V111/><F111/><W77/><G77/><T15/><D22/><U60/><E58/><V128/><F128/><W59/><G46/><T67/><D56/><U45/><E45/><V10/><F124/><W32/><G122/><T70/><D70/><U48/><E48/><V31/><F103/><W52/><G55/><T44/><D67/><U41/><E41/><V69/><F69/><W110/><G110/><T108/><D44/><U50/><E50/><V95/><F95/><W127/><G127/><T114/><D114/><U87/><E92/><V66/><F66/><W20/><G131/><T40/><D40/><U104/><E104/><V135/><F61/><W99/><G52/><T129/><D129/><U73/><E73/><V53/><F53/><W37/><G59/><T130/><D130/><U8/><E8/><V64/><F64/><W23/><G37/><T82/><D94/><U25/><REACH who="1" step="1"/><E90/><REACH who="1" ten="273,147,334,236" step="2"/><V68/><F68/><W18/><G91/><N who="0" m="51639" /><D108/><U26/><E26/><V106/><F106/><W115/><G24/><T112/><D112/><U71/><E71/><V72/><F72/><W1/><G115/><T51/><AGARI ba="0,1" hai="7,11,15,28,30,51,54,57,88,93,96" m="51639" machi="51" ten="30,2000,0" yaku="8,1,54,1" doraHai="17" who="0" fromWho="0" sc="273,30,147,-5,334,-5,236,-10" owari="303,10.0,142,-36.0,329,43.0,226,-17.0" /></mjloggm>