<mjloggm ver="2.3"><GO type="97" lobby="0"/><UN n0="%E5%B0%B1%E6%B4%BB%E7%94%9F%40%E5%B7%9D%E6%9D%91%E8%BB%8D%E5%9B%A3" n1="%E6%97%A5%E5%87%BA%E6%9D%B1%E6%96%B9" n2="%E3%83%88%E3%83%AA%E3%82%A2%E3%83%8E%E3%83%B3%E2%99%AA" n3="%6D%72%6B%6F%6A%69" dan="15,13,16,13" rate="2083.66,2262.39,1991.28,1834.02" sx="M,F,M,M"/><TAIKYOKU oya="0"/><INIT seed="0,0,0,1,5,33" ten="250,250,250,250" oya="0" hai0="50,123,127,25,5,104,26,86,14,133,59,101,41" hai1="130,85,27,36,84,30,17,40,121,76,95,93,96" hai2="71,128,64,117,58,63,24,100,13,135,126,60,44" hai3="131,19,112,73,53,122,75,47,77,4,80,15,81"/><T106/><D123/><U111/><E121/><V16/><F135/><W2/><G122/><T83/><D133/><U67/><E130/><V92/><F128/><W94/><G94/><T66/><D127/><U32/><E67/><V118/><F126/><W29/><G29/><T22/><D101/><U113/><E113/><V99/><F44/><W20/><G131/><T62/><D106/><U34/><E17/><V8/><REACH who="2" step="1"/><F24/><REACH who="2" ten="250,250,240,250" step="2"/><W132/><G132/><T21/><D26/><U42/><E111/><V7/><F7/><W70/><G47/><N who="0" m="25967" /><D104/><U48/><E36/><V78/><F78/><W37/><G37/><T49/><D25/><U120/><E76/><V103/><F103/><W129/><G129/><T6/><D6/><U110/><E27/><V115/><F115/><W109/><G112/><T57/><D5/><U45/><E120/><V88/><F88/><W79/><G109/><T97/><D14/><U56/><E45/><V74/><F74/><W102/><G102/><T65/><D97/><U87/><E96/><V28/><F28/><W98/><G98/><T11/><D86/><U39/><E30/><V119/><F119/><W61/><G4/><T31/><D31/><U9/><E39/><V52/><AGARI ba="0,1" hai="8,13,16,52,58,60,63,64,71,92,99,100,117,118" machi="52" ten="30,7900,0" yaku="1,1,0,1,54,2,53,0" doraHai="33" doraHaiUra="46" who="2" fromWho="2" sc="250,-39,250,-20,240,89,250,-20" /><INIT seed="1,0,0,0,5,73" ten="211,230,329,230" oya="1" hai0="102,18,118,65,7,1,82,128,17,14,111,59,95" hai1="37,90,112,72,29,92,36,94,43,77,42,31,47" hai2="13,75,88,26,78,38,23,49,5,19,24,61,20" hai3="32,115,89,21,96,9,80,114,135,70,117,103,27"/><U76/><E112/><V127/><F38/><W134/><G70/><T10/><D118/><U110/><E90/><V74/><F127/><W87/><G32/><T133/><D128/><U97/><E97/><V131/><F131/><W39/><G39/><T109/><D133/><N who="3" m="50697" /><G9/><T62/><D82/><U113/><E113/><V48/><F61/><W85/><G21/><T58/><D58/><U83/><E110/><N who="0" m="41993" /><D1/><U119/><E119/><V41/><F41/><W106/><G117/><T71/><D71/><U11/><E11/><V86/><F75/><W84/><G27/><T50/><D50/><U105/><E105/><V51/><F5/><W30/><G30/><T126/><D126/><U3/><E3/><V46/><F46/><W130/><G130/><T124/><D124/><U125/><E125/><V64/><F64/><W33/><G33/><T28/><D28/><U69/><E69/><V40/><F40/><W54/><G54/><T98/><AGARI ba="0,0" hai="7,10,14,17,18,59,62,65,95,98,102" m="41993" machi="98" ten="30,1100,0" yaku="14,1" doraHai="73" who="0" fromWho="0" sc="211,11,230,-5,329,-3,230,-3" /><INIT seed="2,0,0,5,3,60" ten="222,225,326,227" oya="2" hai0="130,39,102,38,12,95,0,98,119,135,105,134,126" hai1="56,73,32,122,6,27,44,59,16,46,67,55,30" hai2="123,85,52,20,43,58,128,115,71,1,29,51,109" hai3="11,17,15,49,40,37,127,101,8,74,76,14,78"/><V118/><F123/><W18/><G37/><N who="0" m="13835" /><D0/><U91/><E73/><V94/><F118/><W121/><G121/><T96/><D119/><U77/><E6/><V64/><F115/><W63/><G127/><T84/><D126/><U104/><E77/><V42/><F1/><W62/><G101/><N who="0" m="60575" /><D12/><U133/><E104/><V54/><F128/><W3/><G3/><T2/><D2/><U120/><E133/><N who="0" m="50697" /><D84/><U75/><E75/><V9/><F9/><W19/><G74/><T106/><D130/><U107/><E107/><AGARI ba="0,0" hai="98,102,105,106,107" m="50697,60575,13835" machi="107" ten="30,1000,0" yaku="20,1" doraHai="60" who="0" fromWho="1" sc="222,10,225,-10,326,0,227,0" /><INIT seed="3,0,0,0,1,43" ten="232,215,326,227" oya="3" hai0="89,114,68,46,131,127,39,61,124,133,2,7,86" hai1="71,51,11,101,5,69,112,53,45,63,92,129,34" hai2="32,116,41,17,33,119,102,44,76,135,134,13,23" hai3="42,14,54,100,48,10,95,12,75,85,118,18,106"/><W113/><G75/><T0/><D114/><U50/><E112/><V59/><F102/><W77/><G113/><T91/><D131/><U56/><E34/><V49/><F76/><W94/><G42/><N who="0" m="22879" /><D7/><U65/><E129/><V31/><F59/><W130/><G130/><T126/><D133/><N who="2" m="50698" /><F31/><W62/><G62/><T64/><D91/><U21/><E21/><V47/><F47/><W107/><G118/><AGARI ba="0,0" hai="13,17,23,32,33,41,44,49,116,118,119" m="50698" machi="118" ten="30,2000,0" yaku="20,1,52,1" doraHai="43" who="2" fromWho="3" sc="232,0,215,0,326,20,227,-20" owari="232,3.0,215,-18.0,346,44.0,207,-29.0" /></mjloggm>