<mjloggm ver="2.3"><GO type="169" lobby="0"/><UN n0="%E7%B7%92%E6%96%B9%E6%99%BA%E7%B5%B5%E9%87%8C%2B" n1="%E5%A4%A7%E6%AD%A3%E7%BE%A9%E9%87%8E%E7%90%83%E5%A8%98" n2="%E9%BB%92%E7%8C%AB%40%E3%81%BA%E3%82%8D%E3%81%BA%E3%82%8D%E2%98%86" n3="%E3%83%88%E3%83%88%E3%83%AA%E5%85%88%E7%94%9F%31%39%E6%AD%B3" dan="16,17,18,18" rate="2109.08,2182.61,2225.48,2270.05" sx="M,F,F,F"/><TAIKYOKU oya="0"/><INIT seed="0,0,0,2,0,52" ten="250,250,250,250" oya="0" hai0="105,100,98,29,92,93,131,106,53,39,23,109,122" hai1="49,88,68,124,3,5,11,25,116,31,87,41,134" hai2="78,26,110,2,9,95,10,71,20,62,19,63,121" hai3="72,0,57,117,54,84,120,30,51,66,81,119,73"/><T44/><D122/><U35/><E116/><V80/><F121/><W48/><G120/><T113/><D113/><U130/><E68/><V111/><F95/><W70/><G0/><T36/><D131/><U6/><E130/><V28/><F2/><W8/><G48/><T135/><D135/><U127/><E6/><V86/><F71/><W18/><G30/><T94/><D106/><U32/><E134/><V90/><F90/><W74/><G66/><T89/><D109/><N who="2" m="41482" /><F19/><W17/><G70/><T14/><D89/><U67/><E67/><V83/><F80/><W97/><G97/><T101/><D101/><U47/><REACH who="1" step="1"/><E35/><REACH who="1" ten="250,240,250,250" step="2"/><V96/><F78/><W38/><G117/><T76/><D76/><U77/><E77/><N who="2" m="46447" /><F96/><W104/><G119/><T115/><D115/><U12/><E12/><V69/><F69/><W59/><G73/><T61/><D14/><U114/><E114/><V42/><F10/><W128/><G8/><T65/><D98/><U7/><E7/><V56/><F9/><W132/><G128/><T103/><D65/><U91/><E91/><V13/><F13/><W37/><G132/><T102/><D102/><U45/><E45/><V22/><F22/><W4/><G4/><T118/><D118/><U123/><E123/><V82/><F20/><W133/><G133/><T34/><D34/><U107/><E107/><V21/><F21/><W126/><G104/><T1/><D105/><U112/><E112/><V50/><F56/><W60/><G72/><T33/><D103/><U40/><E40/><V129/><F129/><W85/><G74/><T108/><D108/><RYUUKYOKU ba="0,1" sc="250,-10,240,30,250,-10,250,-10" hai1="3,5,11,25,31,32,41,47,49,87,88,124,127" /><INIT seed="1,1,1,4,3,65" ten="240,270,240,240" oya="1" hai0="84,21,117,25,75,50,88,48,125,106,98,103,11" hai1="28,66,31,133,91,130,27,63,60,14,119,8,30" hai2="1,51,59,54,26,116,135,61,121,0,85,129,80" hai3="82,92,2,29,15,131,17,20,104,55,73,128,6"/><U72/><E119/><V97/><F116/><W47/><G104/><T122/><D117/><U105/><E72/><V134/><F121/><W126/><G126/><T45/><D125/><U114/><E114/><V111/><F111/><W132/><G132/><N who="2" m="50729" /><F129/><W115/><G115/><T37/><D122/><U123/><E133/><V4/><F97/><W46/><G29/><T101/><D101/><U95/><E105/><V100/><F100/><W22/><G22/><T56/><D75/><U110/><E123/><V52/><F4/><W43/><G92/><T79/><D79/><U58/><E130/><V108/><F26/><W40/><G55/><T44/><D11/><U53/><E110/><V32/><F32/><W62/><G62/><T74/><D74/><U39/><E39/><V96/><F96/><W38/><G6/><T10/><D10/><U90/><E27/><V41/><F41/><W71/><G2/><T49/><D37/><U83/><E83/><V112/><F108/><W78/><REACH who="3" step="1"/><G71/><REACH who="3" ten="240,270,240,230" step="2"/><T64/><D21/><U99/><E95/><V36/><F112/><W70/><G70/><T12/><D106/><U57/><E99/><V19/><F19/><AGARI ba="1,2" hai="8,14,19,28,30,31,53,57,58,60,63,66,90,91" machi="19" ten="40,2000,0" yaku="8,1" doraHai="65" who="1" fromWho="2" sc="240,0,270,43,240,-23,230,0" /><INIT seed="1,2,0,5,5,5" ten="240,313,217,230" oya="1" hai0="111,117,45,36,37,4,72,53,119,104,52,109,25" hai1="116,120,59,79,115,124,64,43,30,77,42,122,8" hai2="7,94,1,101,18,67,65,55,135,130,47,123,49" hai3="107,106,127,14,23,128,126,69,98,12,58,78,40"/><U97/><E115/><V20/><F123/><W84/><G69/><T31/><D104/><U51/><E116/><N who="0" m="44617" /><D72/><U93/><E124/><N who="3" m="47658" /><G128/><T73/><D73/><U48/><E30/><V34/><F34/><W87/><G40/><N who="0" m="22663" /><D4/><U85/><E85/><N who="3" m="32842" /><G78/><T80/><D80/><U29/><E29/><V9/><F135/><W11/><G58/><T83/><D83/><U125/><E125/><V33/><F130/><W82/><G82/><T131/><D131/><U68/><E68/><V3/><F3/><W90/><G14/><T110/><D37/><U76/><E120/><V19/><F33/><AGARI ba="2,0" hai="25,31,33,52,53,109,110,111" m="22663,44617" machi="33" ten="40,2600,0" yaku="14,1,54,1" doraHai="5" who="0" fromWho="2" sc="240,32,313,0,217,-32,230,0" /><INIT seed="2,0,0,5,3,19" ten="272,313,185,230" oya="2" hai0="57,73,91,63,110,41,126,8,130,29,33,23,48" hai1="94,47,42,21,35,83,76,82,7,108,70,116,5" hai2="97,68,39,27,77,102,117,0,114,62,124,75,66" hai3="56,127,12,101,131,17,1,80,44,111,28,14,31"/><V134/><F117/><W2/><G111/><T81/><D110/><U22/><E70/><V26/><F114/><W132/><G131/><T55/><D130/><U49/><E35/><V125/><F39/><W71/><G71/><T67/><D126/><N who="2" m="48746" /><F0/><W69/><G69/><T85/><D73/><U9/><E116/><V106/><F134/><W40/><G127/><T90/><D33/><U24/><E108/><V58/><F68/><W54/><G14/><T118/><D41/><U43/><E24/><N who="2" m="9259" /><F77/><W112/><G132/><T51/><D118/><U16/><E42/><V95/><F75/><W103/><G80/><N who="1" m="30762" /><E76/><V133/><F133/><W87/><G87/><T98/><D29/><U34/><E94/><AGARI ba="0,0" hai="58,62,66,94,95,97,102,106" m="9259,48746" machi="94" ten="30,1500,0" yaku="18,1" doraHai="19" who="2" fromWho="1" sc="272,0,313,-15,185,15,230,0" /><INIT seed="2,1,0,0,2,59" ten="272,298,200,230" oya="2" hai0="58,92,6,18,30,109,125,3,131,105,128,70,124" hai1="49,89,65,28,4,52,91,67,117,71,27,102,44" hai2="21,68,123,29,66,122,36,61,7,88,127,121,74" hai3="14,1,46,135,113,80,45,11,77,48,47,118,10"/><V15/><F74/><W26/><G118/><T60/><D105/><U96/><E117/><V108/><F36/><W53/><G135/><T34/><D70/><U38/><E4/><V64/><F127/><N who="0" m="48714" /><D109/><U13/><E13/><V107/><F107/><W24/><G113/><T51/><D51/><U23/><E38/><V111/><F64/><N who="1" m="24649" /><E71/><V50/><F50/><W95/><G95/><AGARI ba="1,0" hai="23,27,28,44,49,52,89,91,95,96,102" m="24649" machi="95" ten="30,2000,0" yaku="8,1,54,1" doraHai="59" who="1" fromWho="3" sc="272,0,298,23,200,0,230,-23" /><INIT seed="3,0,0,1,4,112" ten="272,321,200,207" oya="3" hai0="51,30,34,57,101,0,24,124,72,110,80,84,36" hai1="86,85,56,52,74,116,32,115,122,5,38,19,71" hai2="62,45,73,59,25,131,41,28,130,22,14,23,76" hai3="117,15,100,54,8,61,9,37,63,75,10,4,60"/><W6/><G75/><T90/><D36/><U113/><E74/><V39/><F73/><W114/><G114/><T132/><D132/><U123/><E71/><V134/><F76/><W104/><G37/><T2/><D124/><U49/><E32/><V105/><F105/><W118/><G54/><T64/><D110/><U94/><E38/><V1/><F1/><W13/><G9/><T11/><D72/><U65/><E65/><V108/><F108/><W97/><AGARI ba="0,0" hai="4,6,8,10,13,15,60,61,63,97,100,104,117,118" machi="97" ten="30,11700,0" yaku="0,1,9,1,52,2" doraHai="112" who="3" fromWho="3" sc="272,-39,321,-39,200,-39,207,117" /><INIT seed="3,1,0,2,5,66" ten="233,282,161,324" oya="3" hai0="4,115,76,103,60,106,110,116,35,75,46,69,97" hai1="111,80,32,7,43,23,121,9,119,61,114,122,86" hai2="14,113,55,78,38,130,57,88,2,72,5,48,64" hai3="41,25,22,8,83,53,120,21,24,0,52,96,135"/><W108/><G120/><T79/><D116/><U65/><E32/><V26/><F113/><W59/><G135/><T1/><D115/><U71/><E114/><V124/><F124/><W51/><G108/><T89/><D110/><U12/><E111/><V17/><F130/><W125/><G125/><T81/><D79/><U6/><E119/><V44/><F2/><W82/><G41/><T128/><D128/><U50/><E6/><V104/><F104/><W18/><G96/><T29/><D46/><N who="1" m="25951" /><E23/><V15/><F5/><W16/><G0/><T67/><D89/><U30/><E30/><V117/><F117/><W95/><G95/><T74/><D4/><U63/><E63/><V45/><F44/><N who="3" m="27879" /><G8/><T34/><D1/><U33/><E33/><V73/><F73/><W112/><G112/><T58/><D58/><U133/><E133/><V31/><F45/><W99/><G99/><T62/><D62/><AGARI ba="1,0" hai="16,18,21,22,24,25,52,59,62,82,83" m="27879" machi="62" ten="30,5800,0" yaku="8,1,54,2" doraHai="66" who="3" fromWho="0" sc="233,-61,282,0,161,0,324,61" /><INIT seed="3,2,0,4,1,123" ten="172,282,161,385" oya="3" hai0="27,28,114,52,79,84,47,46,130,21,102,70,110" hai1="11,35,106,66,8,43,115,87,18,125,75,12,9" hai2="33,71,111,49,104,98,40,101,132,6,29,65,69" hai3="39,58,23,16,41,122,4,78,108,76,60,44,126"/><W24/><G122/><T80/><D114/><U32/><E75/><V134/><F6/><W105/><G105/><T30/><D130/><U72/><E72/><V2/><F2/><W82/><G126/><T55/><D70/><U116/><E106/><V14/><F14/><W99/><G108/><T1/><D1/><U62/><E115/><V0/><F0/><W74/><G4/><T34/><D110/><U56/><E125/><V67/><F49/><W113/><G113/><T17/><D102/><U94/><E43/><V131/><F40/><W121/><G121/><T129/><D129/><U120/><E120/><V92/><F92/><W127/><G127/><T97/><D97/><U13/><E116/><V61/><F131/><W83/><G99/><T86/><D84/><U5/><E9/><V96/><F96/><W88/><G88/><T51/><D34/><U77/><E94/><V73/><F73/><W7/><G7/><T135/><D135/><U63/><E62/><N who="2" m="40119" /><F111/><W45/><G45/><T64/><D64/><U133/><REACH who="1" step="1"/><E133/><REACH who="1" ten="172,272,161,385" step="2"/><V81/><F134/><W38/><G74/><T128/><D128/><U59/><E59/><V68/><F68/><W15/><G58/><T3/><D3/><U124/><E124/><V19/><F132/><W36/><G60/><T95/><D95/><U107/><E107/><V22/><F61/><W10/><G41/><T50/><AGARI ba="2,1" hai="17,21,27,28,30,46,47,50,51,52,55,79,80,86" machi="50" ten="30,7900,0" yaku="0,1,9,1,8,1,54,1" doraHai="123" who="0" fromWho="0" sc="172,95,272,-22,161,-22,385,-41" /><INIT seed="4,0,0,5,3,61" ten="267,250,139,344" oya="0" hai0="3,110,102,9,57,7,126,24,127,98,73,63,111" hai1="6,46,12,99,95,33,62,51,54,90,49,72,71" hai2="31,117,133,38,45,19,82,4,115,35,101,36,76" hai3="105,0,17,125,11,43,123,78,100,70,120,26,124"/><T64/><D73/><U130/><E33/><V28/><F19/><W47/><G70/><T75/><D75/><U13/><E72/><V22/><F22/><N who="3" m="13647" /><G78/><T60/><D24/><U20/><E6/><V58/><F117/><W107/><G11/><T116/><D116/><U1/><E1/><V68/><F68/><W41/><G0/><T94/><REACH who="0" step="1"/><D60/><REACH who="0" ten="257,250,139,344" step="2"/><U27/><E130/><V67/><F35/><W121/><G120/><T108/><AGARI ba="0,1" hai="3,7,9,57,63,64,94,98,102,108,110,111,126,127" machi="108" ten="40,18000,2" yaku="1,1,2,1,0,1,10,1,52,1,53,1" doraHai="61" doraHaiUra="93" who="0" fromWho="0" sc="257,190,250,-60,139,-60,344,-60" /><INIT seed="4,1,0,2,1,75" ten="447,190,79,284" oya="0" hai0="116,44,4,16,77,118,119,65,79,20,1,28,105" hai1="73,33,22,10,61,86,108,26,78,117,130,96,99" hai2="52,103,2,124,87,91,17,59,134,127,56,133,76" hai3="48,46,45,11,15,19,83,54,85,29,81,39,126"/><T69/><D105/><U12/><E108/><V43/><F2/><W60/><G126/><N who="2" m="48169" /><F59/><W25/><G39/><T62/><D28/><U3/><E117/><V125/><N who="2" m="48177" /><V132/><DORA hai="109" /><F43/><W111/><G111/><T8/><REACH who="0" step="1"/><D44/><REACH who="0" ten="437,190,79,284" step="2"/><U84/><E130/><V51/><F103/><W9/><G45/><T100/><D100/><U50/><E33/><V80/><F17/><W114/><G19/><T5/><D5/><U42/><E3/><V72/><F72/><W14/><G46/><T135/><D135/><U0/><E0/><V70/><F70/><W120/><G29/><T36/><D36/><U101/><E73/><V66/><F66/><W113/><G120/><T129/><D129/><U18/><E101/><V97/><F97/><W21/><G85/><T121/><D121/><U112/><E86/><V6/><F6/><W37/><G37/><T64/><D64/><U40/><E99/><V90/><AGARI ba="1,1" hai="51,52,56,76,80,87,90,91,132,133,134" m="48177" machi="90" ten="50,8000,1" yaku="20,1,18,1,52,1,54,1" doraHai="75,109" who="2" fromWho="2" sc="437,-41,190,-21,79,93,284,-21" /><INIT seed="5,0,0,5,5,103" ten="396,169,172,263" oya="1" hai0="108,68,133,114,24,43,86,39,118,74,51,36,46" hai1="59,117,95,84,23,41,42,111,109,113,19,11,55" hai2="100,53,91,12,80,123,54,85,35,75,71,56,88" hai3="40,121,72,60,128,127,89,122,135,97,2,4,26"/><U32/><E117/><V112/><F71/><W90/><G72/><T50/><D74/><U1/><E32/><V87/><F123/><W28/><G128/><T33/><D108/><N who="1" m="41547" /><E113/><V38/><F75/><W0/><G135/><T106/><D133/><U10/><E84/><V34/><F38/><W82/><G127/><T20/><D86/><U119/><E95/><V52/><F112/><W70/><G82/><T6/><D33/><U15/><E119/><V81/><F56/><W104/><G40/><N who="1" m="15466" /><E1/><V77/><F77/><W5/><G2/><T69/><D114/><U98/><E98/><V93/><F12/><W27/><G0/><T18/><D118/><U96/><E96/><AGARI ba="0,0" hai="34,35,52,53,54,80,81,85,87,88,91,93,96,100" machi="96" ten="40,5200,0" yaku="9,1,54,2" doraHai="103" who="2" fromWho="1" sc="396,0,169,-52,172,52,263,0" /><INIT seed="6,0,0,5,0,8" ten="396,117,224,263" oya="2" hai0="126,92,124,53,73,84,100,50,104,115,105,66,96" hai1="57,9,108,111,117,119,85,55,91,134,39,74,16" hai2="58,28,63,47,71,97,99,1,70,78,118,93,18" hai3="42,67,12,14,75,51,82,129,68,35,103,36,52"/><V101/><F118/><W79/><G35/><T46/><D73/><U109/><E74/><V26/><F1/><W113/><G103/><T19/><D115/><U40/><E134/><V48/><F78/><W128/><G113/><T106/><D66/><U76/><E76/><V7/><F7/><W13/><G42/><T59/><D19/><U90/><E40/><V25/><F99/><W54/><G36/><T6/><D6/><U29/><E29/><V95/><F93/><W37/><G37/><T81/><D46/><U21/><E9/><V114/><F114/><W98/><G98/><T23/><D23/><U88/><E85/><V122/><F25/><W44/><REACH who="3" step="1"/><G52/><REACH who="3" ten="396,117,224,253" step="2"/><N who="0" m="32151" /><D96/><U22/><E39/><V77/><F101/><W87/><G87/><T27/><D53/><U121/><E121/><V4/><F97/><W31/><G31/><T65/><D84/><U131/><E131/><V64/><F28/><W83/><G83/><T34/><D81/><U49/><REACH who="1" step="1"/><E22/><REACH who="1" ten="396,107,224,253" step="2"/><N who="2" m="13655" /><F122/><W60/><AGARI ba="0,2" hai="12,13,14,44,51,54,60,67,68,75,79,82,128,129" machi="60" ten="30,8000,1" yaku="1,1,0,1,52,3,53,0" doraHai="8" doraHaiUra="89" who="3" fromWho="3" sc="396,-20,107,-20,224,-40,253,100" /><INIT seed="7,0,0,4,0,114" ten="376,87,184,353" oya="3" hai0="58,98,23,8,82,10,67,16,5,93,80,71,123" hai1="21,47,54,51,37,29,65,42,20,11,130,64,60" hai2="119,113,36,99,87,89,109,12,79,66,53,96,124" hai3="57,115,100,69,117,108,128,35,102,6,45,13,55"/><W111/><G115/><T110/><D71/><U78/><E130/><V81/><F113/><W103/><G69/><T94/><D123/><U105/><E105/><V17/><F36/><W131/><G35/><T40/><D110/><N who="3" m="42025" /><G117/><T116/><D40/><U88/><E78/><V76/><F119/><W95/><G45/><T50/><D116/><U39/><E39/><V129/><F129/><N who="3" m="49739" /><G13/><N who="0" m="5263" /><D10/><U92/><E11/><V59/><F66/><W74/><G6/><T46/><D94/><U112/><E112/><V41/><F41/><W127/><G74/><T134/><D134/><U104/><E104/><V22/><F109/><W97/><G127/><T14/><D46/><U18/><E29/><V121/><F121/><W19/><G19/><T38/><D38/><U3/><E3/><V28/><F28/><W32/><G32/><T4/><D4/><U1/><E1/><V83/><F124/><W56/><G56/><T70/><D70/><U52/><E60/><AGARI ba="0,0" hai="55,57,60,95,97,100,102,103" m="49739,42025" machi="60" ten="30,2900,0" yaku="10,1,19,1" doraHai="114" who="3" fromWho="1" sc="376,0,87,-29,184,0,353,29" owari="376,18.0,58,-44.0,184,-22.0,382,48.0" /></mjloggm>