<mjloggm ver="2.3"><GO type="169" lobby="0"/><UN n0="%E3%81%84%E3%82%82%E3%81%91%E3%82%93%70" n1="%E3%81%8D%E3%81%97%E3%82%8A%E3%81%A3%E3%81%97%E3%82%85" n2="%E3%82%AA%E3%82%AB%E3%83%AB%E3%83%88%E4%B8%80%E8%89%B2" n3="%E3%82%A6%E3%83%AB%E3%83%88%E3%83%A9%E7%AB%8B%E7%9B%B4" dan="16,16,16,17" rate="2100.85,2018.79,2053.20,2177.97" sx="M,M,M,M"/><TAIKYOKU oya="0"/><INIT seed="0,0,0,4,3,15" ten="250,250,250,250" oya="0" hai0="100,42,29,108,102,27,3,87,88,106,135,33,7" hai1="26,112,65,39,53,113,4,21,10,76,109,52,103" hai2="59,45,89,60,22,36,118,131,80,38,125,134,12" hai3="5,116,40,111,105,128,23,28,115,51,20,30,56"/><T117/><D117/><U95/><E39/><V110/><F118/><W48/><G105/><T49/><D135/><U77/><E65/><V104/><F104/><W18/><G116/><T34/><D34/><U16/><E109/><V83/><F110/><W68/><G68/><T90/><D108/><U14/><E113/><V46/><F134/><W2/><G111/><T133/><D133/><U61/><E112/><V24/><F125/><W101/><G128/><T11/><D106/><U25/><E25/><V96/><F12/><N who="3" m="9287" /><G2/><T91/><REACH who="0" step="1"/><D87/><REACH who="0" ten="240,250,250,250" step="2"/><U122/><E122/><V63/><F131/><W98/><G115/><T126/><D126/><U6/><E6/><V71/><F96/><W64/><G5/><T31/><D31/><U62/><E62/><V47/><F60/><W127/><G30/><T70/><D70/><U79/><E61/><V17/><F71/><W32/><G32/><T129/><D129/><U92/><E92/><V1/><F80/><W54/><G127/><T57/><D57/><U19/><E4/><V121/><F121/><W58/><G58/><T84/><D84/><U66/><E66/><V75/><F59/><W99/><G64/><T82/><D82/><U13/><E26/><V124/><F124/><W86/><G86/><T9/><D9/><U107/><E107/><V132/><F63/><W74/><G99/><AGARI ba="0,1" hai="10,13,14,16,19,21,52,53,76,77,79,95,99,103" machi="99" ten="40,8000,1" yaku="8,1,52,2,54,2" doraHai="15" who="1" fromWho="3" sc="240,0,250,90,250,0,250,-80" /><INIT seed="1,0,0,2,4,77" ten="240,340,250,170" oya="1" hai0="107,1,37,2,33,51,32,129,0,119,114,57,92" hai1="122,31,38,78,3,82,7,96,79,133,22,49,63" hai2="54,90,24,40,86,66,34,65,11,53,83,17,98" hai3="87,8,23,69,43,128,41,47,125,84,101,67,108"/><U42/><E38/><V103/><F40/><W29/><G108/><T56/><D107/><U134/><E122/><V74/><F74/><W95/><G125/><T18/><D37/><U121/><E121/><V109/><F109/><W116/><G128/><T10/><D119/><U21/><E63/><V124/><F124/><W19/><G116/><T120/><D120/><U113/><E113/><V102/><F34/><W80/><G69/><T91/><D114/><U46/><E96/><V45/><F54/><W127/><G127/><T35/><D129/><U52/><E42/><V39/><F39/><W27/><G67/><N who="2" m="25609" /><F98/><N who="3" m="59615" /><G47/><T97/><REACH who="0" step="1"/><D51/><REACH who="0" ten="230,340,250,170" step="2"/><U5/><E134/><V55/><F45/><W26/><G87/><T105/><D105/><U89/><E133/><V126/><F126/><W75/><G75/><T20/><D20/><U132/><E21/><N who="2" m="13359" /><F11/><W81/><G84/><T28/><D28/><U123/><E123/><V58/><F55/><W64/><G64/><T15/><AGARI ba="0,1" hai="0,1,2,10,15,18,32,33,35,56,57,91,92,97" machi="15" ten="40,5200,0" yaku="1,1,0,1,53,1" doraHai="77" doraHaiUra="6" who="0" fromWho="0" sc="230,62,340,-26,250,-13,170,-13" /><INIT seed="2,0,0,0,0,98" ten="292,314,237,157" oya="2" hai0="121,115,68,133,46,34,26,57,108,40,112,51,110" hai1="83,87,5,6,105,84,29,67,103,104,101,81,119" hai2="47,73,99,82,64,2,107,93,25,54,100,122,9" hai3="135,113,95,19,53,20,75,55,18,76,127,70,91"/><V24/><F122/><W8/><G127/><T102/><D102/><U85/><E29/><V14/><F2/><W31/><G135/><T71/><D34/><U114/><E67/><V38/><F64/><W134/><G134/><T27/><D133/><U30/><E30/><V49/><F38/><W59/><G70/><N who="0" m="26667" /><D121/><U32/><E32/><V44/><F44/><W17/><G113/><N who="0" m="43595" /><D26/><U33/><E119/><V96/><F82/><N who="1" m="31241" /><E33/><V16/><REACH who="2" step="1"/><F73/><REACH who="2" ten="292,314,227,157" step="2"/><W79/><G75/><T41/><D41/><U50/><E114/><V124/><F124/><W131/><G131/><T120/><D120/><U35/><E35/><V94/><F94/><W11/><G79/><T63/><D27/><U77/><E77/><V117/><F117/><W66/><G76/><T106/><D106/><U36/><E36/><V97/><F97/><W23/><G66/><AGARI ba="0,1" hai="40,46,51,57,63,66,108,110" m="43595,26667" machi="66" ten="30,2000,0" yaku="34,2" doraHai="98" who="0" fromWho="3" sc="292,30,314,0,227,0,157,-20" /><INIT seed="3,0,0,3,2,109" ten="322,314,227,137" oya="3" hai0="73,128,132,86,116,78,39,87,66,72,28,131,110" hai1="125,130,69,124,6,13,121,50,134,37,45,89,70" hai2="14,2,98,76,111,53,18,9,4,126,74,65,71" hai3="33,57,8,104,84,58,30,19,63,23,48,120,22"/><W115/><G104/><T40/><D66/><U91/><E121/><V15/><F111/><W32/><G120/><T81/><D28/><U92/><E37/><V41/><F126/><N who="1" m="48745" /><E130/><N who="0" m="49705" /><D110/><U49/><E134/><V96/><F41/><W11/><G115/><T94/><D116/><U31/><E31/><V119/><F119/><W67/><G33/><T1/><D1/><U64/><E64/><V114/><F114/><W129/><G32/><T127/><D132/><U95/><E13/><V108/><F108/><W106/><G106/><T12/><D127/><U10/><E10/><N who="3" m="3626" /><G129/><T100/><D12/><U62/><E62/><V88/><F2/><W56/><G30/><T43/><D39/><U68/><E6/><V5/><F5/><W113/><G113/><T99/><D43/><U34/><E34/><V105/><F4/><W44/><G84/><N who="0" m="32299" /><D40/><U112/><E112/><V77/><F9/><W122/><G122/><T35/><D35/><U26/><E69/><V17/><F71/><W3/><G3/><T79/><D79/><U97/><E68/><V38/><F38/><W118/><G118/><T60/><D60/><U103/><E49/><V61/><F76/><W135/><G135/><T102/><D72/><U46/><E50/><V7/><F77/><W82/><G82/><T54/><D54/><U101/><E70/><V0/><F74/><W83/><G83/><T90/><AGARI ba="0,0" hai="73,78,81,90,94,99,100,102" m="32299,49705" machi="90" ten="30,4000,0" yaku="19,1,34,2" doraHai="109" who="0" fromWho="0" sc="322,40,314,-10,227,-10,137,-20" /><INIT seed="4,0,0,5,3,40" ten="362,304,217,117" oya="0" hai0="7,113,115,1,105,108,112,114,10,46,95,61,2" hai1="83,39,98,22,55,36,89,18,101,119,71,91,130" hai2="63,21,56,122,118,117,99,25,107,124,120,42,109" hai3="116,67,126,103,75,133,100,74,68,52,86,131,87"/><T79/><BYE who="3" /><D105/><U44/><E71/><V35/><F109/><UN n3="%E3%82%A6%E3%83%AB%E3%83%88%E3%83%A9%E7%AB%8B%E7%9B%B4" /><W123/><G67/><T58/><D108/><U20/><E119/><N who="2" m="45579" /><F35/><W47/><G68/><T84/><D112/><U128/><E39/><V96/><F42/><W121/><G116/><T110/><D110/><U33/><E33/><V82/><F82/><W106/><G106/><T102/><D79/><U3/><E3/><V92/><F107/><W0/><G0/><N who="0" m="359" /><D46/><U24/><E130/><V5/><F5/><W134/><G131/><T6/><D6/><U17/><E128/><V59/><F124/><W54/><G126/><T9/><D9/><U53/><E83/><V19/><F59/><W15/><REACH who="3" step="1"/><G15/><REACH who="3" ten="362,304,217,107" step="2"/><T104/><D104/><U11/><E24/><V8/><F120/><W90/><G90/><N who="0" m="53703" /><D102/><U29/><E101/><V73/><F122/><W127/><G127/><T16/><D2/><U48/><E91/><V77/><F25/><W93/><G93/><T30/><D1/><U111/><E89/><V70/><F92/><W51/><G51/><T80/><D80/><U76/><E111/><V65/><F70/><W31/><G31/><T60/><D30/><U50/><E29/><V34/><F65/><W85/><G85/><T97/><D97/><U14/><E98/><V49/><F96/><W28/><G28/><T132/><D114/><U43/><E50/><V135/><F49/><W62/><G62/><N who="0" m="24171" /><D115/><U69/><E48/><V78/><F99/><W23/><G23/><T94/><D113/><U66/><E22/><V12/><F21/><W129/><G129/><T4/><D94/><U64/><E20/><RYUUKYOKU ba="0,1" sc="362,-10,304,-10,217,-10,107,30" hai3="47,52,54,74,75,86,87,100,103,121,123,133,134" /><INIT seed="5,1,1,3,1,3" ten="352,294,207,137" oya="1" hai0="97,1,56,6,85,47,103,114,17,110,104,41,40" hai1="89,134,101,81,53,132,50,49,26,108,59,65,109" hai2="21,128,5,70,123,69,23,80,27,99,48,54,19" hai3="94,90,84,36,87,20,52,133,57,72,67,35,31"/><U135/><E101/><V102/><F123/><W117/><G72/><T111/><D114/><U129/><E26/><V18/><F128/><W126/><G35/><T37/><D41/><U68/><E89/><V105/><F80/><W14/><G36/><T29/><D29/><U7/><E81/><V124/><F124/><W24/><G117/><T106/><D17/><U122/><E7/><V44/><REACH who="2" step="1"/><F5/><REACH who="2" ten="352,294,197,137" step="2"/><W13/><G126/><T76/><D6/><U88/><E122/><V9/><F9/><W83/><G133/><T119/><D119/><U60/><E129/><V107/><F107/><W71/><G71/><T86/><D106/><U93/><E49/><V51/><F51/><N who="3" m="30879" /><G67/><T98/><D104/><U2/><E2/><V125/><F125/><W4/><G4/><T25/><D1/><U39/><E39/><V33/><F33/><W10/><G10/><T91/><D37/><U95/><E95/><V61/><F61/><W46/><G46/><T16/><D47/><U127/><E127/><V64/><F64/><W12/><G83/><T66/><D66/><U58/><E68/><V77/><F77/><W112/><G112/><T34/><D76/><U42/><E42/><V73/><F73/><W74/><G74/><T32/><D34/><U28/><E109/><V79/><F79/><W131/><G131/><T121/><D32/><U0/><E108/><V30/><F30/><W22/><G22/><N who="0" m="13511" /><D40/><U82/><E28/><V8/><F8/><W92/><G92/><T11/><D111/><U38/><E38/><V115/><F115/><W118/><G118/><T63/><D110/><RYUUKYOKU ba="1,2" sc="352,-15,294,-15,197,15,137,15" hai2="18,19,21,23,27,44,48,54,69,70,99,102,105" hai3="12,13,14,20,24,31,84,87,90,94" /><INIT seed="6,2,2,3,2,107" ten="337,279,212,152" oya="2" hai0="54,133,79,96,132,104,20,69,128,100,3,61,90" hai1="37,85,41,14,19,108,115,45,99,120,13,86,10" hai2="4,80,21,102,88,98,15,81,116,66,131,62,56" hai3="105,8,42,32,121,9,44,27,130,59,117,135,53"/><V94/><F131/><W25/><G105/><T26/><D128/><U78/><E108/><V123/><F116/><W55/><G130/><T0/><D79/><U29/><E115/><V101/><F123/><W24/><G121/><T34/><D90/><U2/><E2/><N who="0" m="553" /><D54/><U134/><E134/><N who="0" m="51817" /><D34/><U89/><E78/><V60/><F60/><W67/><G135/><T71/><D61/><U12/><E86/><V77/><F81/><W30/><G117/><T57/><D57/><U16/><E99/><V22/><F22/><W23/><G67/><T51/><D51/><U114/><E120/><V64/><F64/><W76/><G76/><T31/><AGARI ba="2,2" hai="20,26,31,69,71,96,100,104" m="51817,553" machi="31" ten="30,1100,0" yaku="20,1" doraHai="107" who="0" fromWho="0" sc="337,37,279,-5,212,-7,152,-5" /><INIT seed="7,0,0,4,5,114" ten="374,274,205,147" oya="3" hai0="103,91,49,124,131,21,55,28,2,18,30,61,58" hai1="5,32,121,84,50,9,128,56,11,63,33,123,39" hai2="108,4,125,12,43,106,57,53,35,59,75,110,47" hai3="100,31,85,119,7,76,113,118,81,93,87,70,16"/><W15/><G70/><T133/><D2/><U127/><E39/><V109/><F106/><W0/><G113/><T26/><D103/><U52/><E33/><V74/><F35/><W115/><G115/><T78/><D78/><U129/><E32/><V105/><F105/><W120/><G120/><T60/><D124/><U68/><E84/><V88/><F125/><W6/><G31/><N who="0" m="11819" /><D133/><U29/><E29/><V111/><F111/><W90/><G100/><T22/><D131/><N who="1" m="50251" /><E9/><V101/><F101/><W17/><G17/><N who="0" m="12591" /><D91/><U27/><E27/><AGARI ba="0,0" hai="18,22,27,49,55,58,60,61" m="12591,11819" machi="27" ten="30,1000,0" yaku="8,1" doraHai="114" who="0" fromWho="1" sc="374,10,274,-10,205,0,147,0" owari="384,48.0,264,6.0,205,-19.0,147,-35.0" /></mjloggm>