<mjloggm ver="2.3"><GO type="169" lobby="0"/><UN n0="%E3%82%AB%E3%83%96%E3%83%88" n1="%E3%82%A6%E3%83%AB%E3%83%88%E3%83%A9%E7%AB%8B%E7%9B%B4" n2="%E6%96%B0%E5%A6%BB%E3%82%A8%E3%82%A4%E3%82%B8" n3="%E7%90%B5%E7%90%B6%E5%AD%90%EF%BC%A0%E5%B7%9D%E6%9D%91%E8%BB%8D%E5%9B%A3" dan="16,17,18,16" rate="2085.19,2178.21,2122.80,2090.91" sx="M,M,F,M"/><TAIKYOKU oya="0"/><INIT seed="0,0,0,5,3,94" ten="250,250,250,250" oya="0" hai0="35,14,59,41,48,43,107,110,29,135,85,80,125" hai1="74,115,114,53,18,82,22,124,4,108,86,72,67" hai2="83,122,106,57,76,51,66,133,54,101,69,70,61" hai3="71,93,34,109,55,77,25,13,37,111,87,16,38"/><T17/><D125/><U131/><E4/><V63/><F133/><W1/><G1/><T2/><D2/><U9/><E9/><V118/><F118/><W6/><G71/><T113/><D113/><N who="1" m="43019" /><E67/><V73/><F122/><W119/><G119/><T99/><D135/><U39/><E39/><V104/><F101/><W90/><G6/><T50/><D35/><U33/><E33/><V65/><AGARI ba="0,0" hai="51,54,57,61,63,65,66,69,70,73,76,83,104,106" machi="65" ten="30,2000,0" yaku="0,1,9,1" doraHai="94" who="2" fromWho="2" sc="250,-10,250,-5,250,20,250,-5" /><INIT seed="1,0,0,4,1,58" ten="240,245,270,245" oya="1" hai0="132,22,74,46,108,79,40,32,110,25,50,57,27" hai1="41,37,10,105,5,54,65,135,76,48,90,103,127" hai2="115,128,123,130,70,101,2,69,129,81,113,8,60" hai3="55,120,7,36,83,51,31,1,104,49,72,67,134"/><U124/><E135/><V84/><F123/><W66/><G120/><T62/><D132/><U96/><E76/><V114/><F101/><W126/><G36/><T23/><D74/><U43/><E90/><N who="2" m="51471" /><F60/><W100/><G134/><T53/><D79/><U88/><E88/><V111/><F111/><N who="0" m="42538" /><D27/><U97/><E97/><V17/><F17/><W26/><G72/><T4/><D4/><AGARI ba="0,0" hai="2,4,8,69,70,113,114,115,128,129,130" m="51471" machi="4" ten="40,2600,0" yaku="11,1,19,1" doraHai="58" who="2" fromWho="0" sc="240,-26,245,0,270,26,245,0" /><INIT seed="2,0,0,3,3,68" ten="214,245,296,245" oya="2" hai0="61,98,51,72,70,17,35,36,65,1,20,55,73" hai1="113,71,57,46,67,69,87,84,119,37,41,114,85" hai2="134,111,14,50,6,10,2,88,52,93,129,29,106" hai3="64,30,95,97,75,18,0,33,83,45,25,9,58"/><V116/><F134/><W102/><G45/><T131/><D35/><U91/><E119/><V90/><F129/><W81/><G75/><T127/><D1/><U115/><REACH who="1" step="1"/><E91/><REACH who="1" ten="214,235,296,245" step="2"/><V54/><F116/><W7/><REACH who="3" step="1"/><G18/><REACH who="3" ten="214,235,296,235" step="2"/><T62/><D131/><U104/><E104/><V122/><F106/><W22/><G22/><T42/><D20/><U26/><E26/><V94/><F122/><W28/><G28/><T39/><D17/><U53/><E53/><V108/><F29/><W112/><G112/><T27/><D55/><U66/><E66/><V77/><F54/><W96/><G96/><T92/><D65/><U5/><E5/><V13/><F52/><W11/><G11/><T101/><D98/><U109/><E109/><V8/><F6/><W78/><G78/><T32/><D27/><U56/><E56/><V40/><F77/><W21/><G21/><T110/><D110/><U82/><E82/><V38/><F111/><W133/><G133/><T48/><D32/><U89/><E89/><V19/><F108/><W132/><G132/><T128/><D128/><U120/><E120/><V125/><F19/><W44/><G44/><T16/><D16/><U49/><E49/><V3/><F50/><W130/><G130/><T15/><D51/><U105/><E105/><V107/><F107/><W34/><G34/><T118/><D48/><U121/><E121/><V80/><F80/><W79/><G79/><T99/><D99/><U43/><E43/><V31/><F40/><W123/><G123/><T59/><D42/><U76/><E76/><V47/><F31/><W103/><G103/><RYUUKYOKU ba="0,2" sc="214,-15,235,15,296,-15,235,15" hai1="37,41,46,57,67,69,71,84,85,87,113,114,115" hai3="0,7,9,25,30,33,58,64,81,83,95,97,102" /><INIT seed="3,1,2,3,5,46" ten="199,250,281,250" oya="3" hai0="64,95,104,38,89,60,103,81,79,116,87,131,18" hai1="109,21,108,125,130,115,101,69,83,124,96,74,4" hai2="32,97,111,100,44,134,1,11,25,126,105,129,123" hai3="12,58,59,85,117,77,120,102,133,62,67,78,17"/><W8/><G120/><T3/><D116/><U41/><E69/><V57/><F123/><W70/><G117/><T49/><D38/><U53/><E115/><V114/><F114/><W28/><G133/><T122/><D122/><U19/><E4/><V22/><F111/><N who="1" m="42569" /><E130/><V99/><F32/><W132/><G132/><T54/><D3/><U39/><E41/><V121/><F129/><W68/><G68/><T16/><D131/><U90/><E53/><V2/><F2/><W42/><G28/><T50/><D104/><N who="1" m="63527" /><E39/><V71/><F1/><W110/><G110/><T36/><D103/><U61/><E61/><V14/><F100/><W118/><G118/><T10/><D36/><U98/><E98/><V65/><F97/><W24/><G42/><T9/><D60/><U119/><E119/><V91/><F99/><W113/><G102/><T35/><D64/><U31/><E31/><V127/><F65/><W37/><G37/><T84/><D35/><U20/><E20/><V86/><F22/><N who="3" m="13391" /><G113/><T13/><D54/><U40/><E40/><V93/><F134/><W80/><G70/><T30/><D30/><U0/><E0/><V106/><F71/><W45/><G45/><T52/><D52/><U55/><E55/><V23/><F44/><W27/><G58/><T26/><D26/><N who="1" m="14655" /><E74/><V51/><F121/><W48/><G27/><T56/><D56/><U107/><E107/><N who="2" m="40971" /><F25/><W34/><G34/><T94/><D94/><U7/><E7/><V135/><F135/><W88/><G67/><T43/><D43/><U29/><E29/><V63/><F57/><W76/><G59/><RYUUKYOKU ba="1,2" sc="199,15,250,15,281,-15,250,-15" hai0="9,10,13,16,18,49,50,79,81,84,87,89,95" hai1="83,90,124,125" /><INIT seed="4,2,2,5,2,8" ten="214,265,266,235" oya="0" hai0="58,43,13,105,22,65,56,125,41,79,36,104,96" hai1="37,40,113,11,2,61,86,48,98,128,47,126,94" hai2="60,118,35,34,71,87,85,9,114,21,92,115,80" hai3="10,133,135,116,49,38,70,16,67,74,99,72,89"/><T69/><D69/><U17/><E126/><V28/><F118/><W23/><G38/><T32/><D32/><N who="2" m="12330" /><F9/><W77/><G116/><T81/><D125/><U6/><E128/><V129/><F129/><W0/><G67/><T57/><D65/><U106/><E106/><V7/><F7/><N who="3" m="1383" /><G70/><T44/><D43/><U134/><E134/><N who="3" m="51210" /><G77/><T132/><D132/><U46/><E113/><N who="2" m="43019" /><F92/><N who="3" m="56719" /><G49/><T14/><D96/><U101/><E61/><V108/><F108/><W131/><G131/><T30/><D30/><U12/><E86/><V75/><F60/><W111/><G111/><T82/><D82/><U110/><E110/><V83/><F71/><W15/><AGARI ba="2,2" hai="15,16,23,72,74" m="56719,51210,1383" machi="15" ten="30,4000,0" yaku="20,1,52,1,54,1" doraHai="8" who="3" fromWho="3" sc="214,-22,265,-12,266,-12,235,66" /><INIT seed="5,0,0,2,4,30" ten="192,253,254,301" oya="1" hai0="64,107,21,98,93,20,73,135,29,56,76,129,74" hai1="70,111,86,41,128,7,123,31,62,59,13,126,116" hai2="118,120,25,45,11,125,134,61,48,54,38,58,18" hai3="51,110,77,47,26,14,50,96,83,115,131,109,84"/><U33/><E123/><V60/><F120/><W34/><G131/><T1/><D107/><U8/><E116/><V133/><F118/><W85/><G115/><T113/><D1/><U78/><E70/><V68/><F125/><W4/><G96/><T91/><D113/><U90/><E128/><V89/><F11/><N who="3" m="4455" /><G85/><T36/><D36/><U88/><E126/><V132/><F89/><W117/><G51/><T99/><D129/><U10/><E41/><N who="2" m="22711" /><F18/><W75/><G75/><T101/><D135/><U39/><E39/><V43/><F25/><W44/><G44/><T19/><D29/><U22/><E33/><V9/><F9/><W40/><G117/><T92/><D76/><U53/><E10/><V32/><F32/><W103/><G103/><T69/><D69/><U106/><E106/><V104/><F104/><W63/><G63/><N who="2" m="24137" /><F43/><W67/><G67/><T105/><D105/><U42/><E42/><V49/><F48/><W81/><G81/><T46/><D73/><U124/><E124/><V66/><F68/><W52/><G52/><T35/><D74/><U112/><E112/><V2/><F2/><W72/><G72/><T3/><D3/><U37/><E37/><V102/><F102/><W6/><G6/><T119/><D119/><U87/><E111/><V97/><F97/><W71/><G71/><T130/><D99/><U82/><E86/><V0/><F0/><W23/><G34/><T65/><D35/><U80/><E80/><V114/><F66/><W15/><G26/><AGARI ba="0,0" hai="7,8,13,22,26,31,53,59,62,78,82,87,88,90" machi="26" ten="40,3900,0" yaku="8,1,54,1" doraHai="30" who="1" fromWho="3" sc="192,0,253,39,254,0,301,-39" /><INIT seed="5,1,0,3,3,132" ten="192,292,254,262" oya="1" hai0="135,65,99,128,44,6,14,97,58,85,115,87,103" hai1="5,93,75,23,119,16,36,95,98,30,61,121,133" hai2="79,54,73,101,45,40,122,46,27,2,37,35,49" hai3="74,71,12,96,64,17,29,50,4,123,69,108,134"/><U22/><E75/><V24/><F122/><W124/><G108/><T60/><D135/><U41/><E119/><V55/><F35/><W62/><G123/><T3/><D3/><U11/><E121/><V1/><F101/><W94/><G74/><T32/><D32/><U72/><E72/><V110/><F110/><W130/><G134/><T34/><D34/><U131/><E131/><V67/><F67/><W42/><G130/><T48/><D115/><U8/><E36/><V78/><F73/><W33/><G71/><T10/><D128/><U80/><E41/><V28/><F40/><W13/><G4/><T43/><REACH who="0" step="1"/><D97/><REACH who="0" ten="182,292,254,262" step="2"/><U106/><E98/><V126/><F1/><W56/><G33/><T66/><D66/><U21/><E133/><V100/><F2/><W112/><G112/><T111/><D111/><U117/><E117/><V0/><F0/><W52/><G64/><T53/><D53/><U26/><E23/><V118/><F54/><W102/><G42/><T86/><D86/><U84/><E22/><V57/><F55/><W120/><G120/><T18/><D18/><U90/><E16/><V89/><F118/><W70/><G17/><T25/><D25/><U20/><E21/><V47/><F24/><W91/><G52/><T82/><D82/><U127/><E20/><V68/><F27/><W109/><G109/><T88/><D88/><U9/><E26/><V129/><F89/><W59/><G91/><T76/><D76/><U38/><E90/><V125/><F129/><W104/><G96/><T107/><AGARI ba="1,1" hai="6,10,14,43,44,48,58,60,65,85,87,99,103,107" machi="107" ten="20,2700,0" yaku="1,1,0,1,7,1,53,0" doraHai="132" doraHaiUra="15" who="0" fromWho="0" sc="182,40,292,-14,254,-8,262,-8" /><INIT seed="6,0,0,4,5,132" ten="222,278,246,254" oya="2" hai0="69,134,98,129,12,82,33,118,76,50,5,81,109" hai1="21,124,36,23,75,85,67,130,1,19,128,80,11" hai2="101,52,72,0,2,32,102,45,103,27,79,108,74" hai3="113,41,73,46,61,95,10,93,121,18,131,91,7"/><V119/><F119/><W25/><G121/><T97/><D109/><U16/><E36/><V9/><F108/><W26/><G73/><T90/><D69/><U35/><E35/><V15/><F32/><W47/><G131/><N who="1" m="50218" /><E124/><V20/><F79/><W115/><G61/><T37/><D129/><U31/><E31/><V133/><F133/><W77/><G77/><T70/><D37/><U24/><E67/><V51/><F74/><W110/><G110/><T117/><D70/><U107/><E107/><V116/><F72/><W55/><G55/><T29/><D134/><U123/><E75/><V127/><F127/><W28/><G18/><N who="1" m="6698" /><E24/><N who="3" m="9322" /><G28/><T59/><D29/><U100/><E100/><V60/><F116/><W38/><G47/><T54/><D33/><U114/><E114/><N who="3" m="43530" /><G91/><T88/><D117/><U71/><E71/><V92/><F45/><W49/><G38/><T64/><D64/><U4/><E123/><V42/><F60/><W65/><G65/><T3/><D118/><U99/><E99/><V44/><F44/><W13/><AGARI ba="0,0" hai="7,10,13,41,46,49,93,95" m="43530,9322" machi="13" ten="30,2000,0" yaku="15,1,11,1" doraHai="132" who="3" fromWho="3" sc="222,-5,278,-5,246,-10,254,20" /><INIT seed="7,0,0,2,4,81" ten="217,273,236,274" oya="3" hai0="3,66,45,78,95,56,118,128,89,0,116,1,98" hai1="32,104,87,40,13,105,6,135,112,97,19,106,100" hai2="82,60,55,73,134,65,123,9,8,127,47,20,79" hai3="7,120,91,48,52,129,54,35,23,75,63,74,92"/><W53/><G35/><T43/><D128/><U115/><E32/><V126/><F134/><W15/><G120/><T77/><D66/><U41/><E6/><V39/><F123/><W76/><G129/><T51/><REACH who="0" step="1"/><D56/><REACH who="0" ten="207,273,236,274" step="2"/><U122/><E122/><V72/><F65/><W69/><G69/><T85/><D85/><U117/><E117/><AGARI ba="0,1" hai="0,1,3,43,45,51,77,78,89,95,98,116,117,118" machi="117" ten="50,1600,0" yaku="1,1,53,0" doraHai="81" doraHaiUra="124" who="0" fromWho="1" sc="207,26,273,-16,236,0,274,0" /><INIT seed="8,0,0,4,2,39" ten="233,257,236,274" oya="0" hai0="72,78,126,77,37,94,71,96,124,93,51,47,125" hai1="57,55,132,121,43,76,87,104,123,42,122,16,49" hai2="9,25,101,95,17,68,28,11,91,110,22,38,53" hai3="74,8,27,114,127,73,80,116,54,3,67,58,84"/><T86/><D37/><U59/><E104/><V115/><F110/><W61/><G114/><T108/><D71/><U131/><E76/><N who="0" m="29289" /><D72/><U13/><E131/><V89/><F38/><W133/><G133/><T48/><D108/><U41/><E132/><V36/><F36/><W34/><G127/><T113/><D113/><U120/><E120/><V19/><F68/><W1/><G116/><T35/><D35/><U92/><E59/><V98/><F53/><W99/><G73/><T111/><D111/><U65/><E65/><V109/><F109/><W79/><G74/><T69/><D69/><U103/><E103/><V102/><F101/><W56/><G99/><T45/><D86/><U4/><E4/><V130/><F130/><W46/><G46/><N who="0" m="17419" /><D96/><U106/><E106/><V15/><F115/><W117/><G117/><T90/><D90/><N who="1" m="53343" /><E123/><V100/><F100/><W29/><G8/><T75/><D75/><U119/><E119/><V70/><F70/><W0/><G0/><T44/><D44/><U5/><E5/><V26/><REACH who="2" step="1"/><F9/><REACH who="2" ten="233,257,226,274" step="2"/><W112/><G112/><T107/><D107/><U2/><E122/><V33/><AGARI ba="0,1" hai="11,15,17,19,22,25,26,28,33,89,91,95,98,102" machi="33" ten="20,12000,2" yaku="1,1,2,1,0,1,7,1,53,2" doraHai="39" doraHaiUra="85" who="2" fromWho="2" sc="233,-60,257,-30,226,130,274,-30" owari="173,-33.0,227,-17.0,356,46.0,244,4.0" /></mjloggm>