<mjloggm ver="2.3"><GO type="169" lobby="0"/><UN n0="%E2%98%85%E9%9B%80%E9%AC%BC%E7%99%BE%E7%80%AC%E2%98%85" n1="%74%61%72%6F%33%39%30%30" n2="%E3%82%AF%E3%83%AD%E3%83%8E%E3%82%B9%40" n3="%E3%82%A6%E3%83%AB%E3%83%88%E3%83%A9%E7%AB%8B%E7%9B%B4" dan="18,17,18,18" rate="2195.10,2137.24,2193.84,2185.50" sx="M,M,M,M"/><TAIKYOKU oya="0"/><INIT seed="0,0,0,2,3,78" ten="250,250,250,250" oya="0" hai0="12,22,62,48,117,119,29,28,83,52,123,57,14" hai1="97,9,59,129,3,37,34,93,130,51,125,124,4" hai2="131,44,134,101,5,104,41,96,106,88,80,122,135" hai3="110,79,46,43,33,63,1,66,40,87,38,86,103"/><T69/><D123/><U45/><E34/><V20/><F122/><W15/><G1/><T113/><D113/><U73/><E59/><V50/><F131/><N who="1" m="50185" /><E37/><V13/><F106/><W10/><G33/><T8/><D117/><U53/><E73/><V121/><F121/><W67/><G43/><T35/><D35/><U65/><E65/><V109/><F109/><W16/><G110/><T133/><D119/><U116/><E116/><V55/><F41/><W127/><G127/><T108/><D108/><U112/><E112/><V92/><F20/><W84/><G103/><AGARI ba="0,0" hai="3,4,9,45,51,53,93,97,103,124,125" m="50185" machi="103" ten="30,1000,0" yaku="19,1" doraHai="78" who="1" fromWho="3" sc="250,0,250,10,250,0,250,-10" /><INIT seed="1,0,0,0,1,131" ten="250,260,250,240" oya="1" hai0="119,20,54,66,105,42,13,68,95,15,64,55,117" hai1="5,56,58,88,135,6,69,61,28,40,85,17,78" hai2="74,115,57,127,98,86,9,33,8,87,97,10,35" hai3="101,11,111,36,50,80,16,121,47,93,107,32,70"/><U37/><E78/><V0/><F74/><W133/><G107/><T14/><D105/><U41/><E28/><V109/><F109/><W110/><G32/><T120/><D42/><U45/><E40/><V92/><F0/><W71/><G80/><T75/><D75/><U102/><E102/><V34/><F127/><W90/><G101/><T27/><D120/><U83/><E69/><V100/><F115/><W26/><G36/><T104/><D104/><U134/><E17/><V59/><REACH who="2" step="1"/><F97/><REACH who="2" ten="250,260,240,240" step="2"/><W99/><G111/><T84/><D117/><U21/><E21/><V125/><F125/><W77/><G110/><T126/><D119/><U18/><E18/><V49/><F49/><W79/><G121/><T130/><D126/><U129/><E129/><V53/><F53/><W1/><G1/><T73/><D73/><U38/><E38/><V122/><F122/><W23/><G11/><T72/><D72/><U123/><E123/><V44/><F44/><W12/><G79/><T48/><D130/><U96/><E96/><V30/><F30/><W132/><G77/><T24/><D48/><U94/><E5/><V116/><F116/><W76/><G76/><T4/><D4/><U108/><E6/><V103/><F103/><W60/><G50/><T106/><D54/><U2/><E2/><V7/><F7/><W81/><G47/><T63/><D55/><U67/><E108/><V114/><F114/><W52/><G52/><T65/><D65/><U25/><E45/><V29/><F29/><W82/><G99/><T91/><D66/><N who="1" m="39207" /><E37/><V89/><F89/><W62/><G90/><RYUUKYOKU ba="0,1" sc="250,-10,260,-10,240,30,240,-10" hai2="8,9,10,33,34,35,57,59,86,87,92,98,100" /><INIT seed="2,1,1,0,4,85" ten="240,250,270,230" oya="2" hai0="127,43,61,67,90,35,28,22,3,114,110,9,66" hai1="115,126,88,64,49,101,122,95,100,76,117,10,128" hai2="79,106,121,23,108,134,54,107,70,1,2,124,91" hai3="69,93,81,39,86,30,0,105,87,11,60,29,130"/><V26/><F121/><W51/><G105/><T98/><D35/><U55/><E115/><V56/><F70/><W75/><G39/><T97/><D114/><U119/><E128/><V112/><F112/><W83/><G130/><T47/><D67/><U38/><E38/><V21/><F79/><W32/><G93/><T78/><D78/><U73/><E126/><V15/><F124/><W19/><G75/><T96/><D127/><U6/><E122/><V40/><F40/><W82/><G32/><T20/><D110/><U99/><E64/><V58/><F108/><W84/><G60/><T89/><D28/><U59/><E76/><V102/><F102/><W74/><G69/><T5/><D20/><U7/><E73/><V25/><F15/><N who="3" m="7679" /><G74/><T33/><D22/><U34/><E34/><V94/><F54/><W14/><G0/><T92/><D92/><U123/><E123/><V103/><F94/><W125/><G125/><T63/><D33/><U8/><E8/><V72/><F72/><W135/><G135/><T113/><D113/><U80/><E6/><V116/><F103/><W133/><G133/><T109/><D109/><U4/><E7/><V44/><F134/><W120/><G120/><T111/><D111/><U45/><E101/><V46/><REACH who="2" step="1"/><F116/><REACH who="2" ten="240,250,260,230" step="2"/><W65/><G14/><N who="0" m="5423" /><D66/><U131/><E131/><V41/><F41/><W71/><G65/><T16/><D3/><N who="1" m="287" /><E119/><V42/><F42/><W104/><G71/><T129/><D129/><U18/><E117/><V27/><F27/><W53/><G104/><T52/><D43/><N who="1" m="24767" /><E100/><V17/><F17/><W68/><G68/><RYUUKYOKU ba="1,2" sc="240,-15,250,-15,260,15,230,15" hai2="1,2,21,23,25,26,44,46,56,58,91,106,107" hai3="29,30,51,53,81,82,83,84,86,87" /><INIT seed="2,2,2,5,5,4" ten="225,235,275,245" oya="2" hai0="61,48,33,10,17,64,104,27,37,32,100,42,120" hai1="97,1,72,128,99,130,53,90,109,38,46,79,133" hai2="96,98,124,114,56,20,8,94,7,55,108,34,121" hai3="71,36,132,101,63,3,83,68,84,29,19,13,18"/><V102/><F34/><W22/><G3/><T58/><D120/><U127/><E109/><V78/><F121/><W87/><G132/><T115/><D115/><U69/><E69/><V123/><F114/><W30/><G36/><T23/><D37/><U93/><E133/><V119/><F123/><W126/><G126/><T44/><D104/><U116/><E116/><V110/><F119/><W24/><G101/><T77/><D100/><U73/><E127/><V106/><F124/><W125/><G125/><T74/><D74/><U2/><E99/><N who="2" m="59767" /><F78/><W15/><G24/><T28/><REACH who="0" step="1"/><D77/><REACH who="0" ten="215,235,275,245" step="2"/><U21/><E79/><V60/><F106/><W67/><G71/><T25/><D25/><U107/><E107/><V82/><F110/><W31/><REACH who="3" step="1"/><G83/><REACH who="3" ten="215,235,275,235" step="2"/><T12/><AGARI ba="2,4" hai="10,12,17,23,27,28,32,33,42,44,48,58,61,64" machi="12" ten="30,4000,0" yaku="1,1,0,1,52,1,53,0" doraHai="4" doraHaiUra="0" who="0" fromWho="0" sc="215,86,235,-12,275,-22,235,-12" /><INIT seed="3,0,0,0,2,113" ten="301,223,253,223" oya="3" hai0="14,98,135,130,81,48,86,67,128,6,90,12,40" hai1="49,53,78,22,23,31,16,119,77,91,107,66,33" hai2="120,21,43,85,121,102,41,115,106,39,25,52,92" hai3="9,122,19,51,108,124,17,50,80,110,28,100,103"/><W94/><G122/><N who="2" m="47209" /><F106/><W131/><G124/><T56/><D135/><U58/><E33/><V68/><F68/><W63/><G131/><N who="0" m="50219" /><D6/><U27/><E107/><V69/><F69/><W89/><G28/><T74/><D74/><U60/><E91/><N who="2" m="53359" /><F102/><N who="3" m="38955" /><G80/><T71/><D71/><U72/><E119/><V114/><F39/><W134/><G63/><N who="0" m="38375" /><D98/><U93/><E93/><V117/><F117/><W8/><G134/><T70/><D70/><U104/><E72/><V5/><F5/><W34/><G34/><T96/><D96/><U125/><E125/><V26/><F114/><W44/><G110/><T127/><D127/><U3/><E3/><V99/><F115/><W123/><G108/><T105/><D105/><U129/><E104/><V46/><F99/><N who="3" m="57807" /><G123/><T45/><AGARI ba="0,0" hai="12,14,40,45,48,81,86,90" m="38375,50219" machi="45" ten="30,1100,0" yaku="19,1" doraHai="113" who="0" fromWho="0" sc="301,11,223,-3,253,-3,223,-5" /><INIT seed="4,0,0,3,4,54" ten="312,220,250,218" oya="0" hai0="82,73,5,1,93,41,104,13,53,49,50,108,111" hai1="98,60,57,45,123,32,27,77,55,114,110,39,86" hai2="134,80,42,75,102,70,44,68,92,17,127,61,25" hai3="115,21,47,103,31,116,7,122,10,97,16,26,59"/><T83/><D104/><U40/><E110/><N who="0" m="42025" /><D1/><U29/><E123/><V81/><F134/><W125/><G116/><T66/><D66/><U94/><E114/><V36/><F127/><W51/><G122/><T48/><D41/><U132/><E132/><V76/><F81/><N who="0" m="30730" /><D73/><U99/><REACH who="1" step="1"/><E77/><REACH who="1" ten="312,210,250,218" step="2"/><V74/><F76/><W79/><G115/><T11/><D93/><U100/><E100/><V87/><F102/><W46/><G79/><T2/><D2/><U117/><E117/><V37/><F92/><W0/><G125/><T126/><D126/><U8/><E8/><V58/><F80/><W22/><G103/><T23/><D23/><U33/><E33/><V78/><F78/><W62/><G22/><T30/><D30/><U95/><E95/><V18/><F75/><W64/><G31/><T12/><D12/><U3/><E3/><V91/><F74/><W121/><G121/><T65/><D65/><U105/><E105/><V9/><F9/><W52/><REACH who="3" step="1"/><G97/><REACH who="3" ten="312,210,250,208" step="2"/><T84/><D84/><U89/><AGARI ba="0,2" hai="27,29,32,39,40,45,55,57,60,86,89,94,98,99" machi="89" ten="30,4000,0" yaku="1,1,0,1,52,1,53,0" doraHai="54" doraHaiUra="15" who="1" fromWho="1" sc="312,-20,210,60,250,-10,208,-10" /><INIT seed="5,0,0,4,3,73" ten="292,270,240,198" oya="1" hai0="133,5,115,129,30,125,94,89,132,88,28,16,21" hai1="111,39,46,118,68,124,72,14,4,23,9,51,95" hai2="29,38,99,48,41,31,85,101,126,63,130,97,50" hai3="3,90,18,119,19,86,45,102,12,34,93,131,42"/><U75/><E118/><V103/><F130/><W58/><G3/><T10/><D129/><U43/><E68/><V52/><F126/><W135/><G131/><T64/><D64/><U110/><E124/><V71/><F38/><W114/><G135/><N who="0" m="51787" /><D115/><U128/><E128/><V74/><F74/><N who="1" m="28201" /><E95/><V24/><F71/><W104/><G114/><T32/><D32/><U40/><E23/><N who="2" m="15519" /><F31/><N who="0" m="11818" /><D125/><U100/><E100/><N who="2" m="38475" /><F85/><W2/><G34/><T17/><D21/><U8/><E8/><V116/><F116/><W62/><G119/><T112/><D112/><U67/><E67/><V0/><F0/><W26/><G2/><N who="0" m="311" /><D89/><U56/><E56/><N who="2" m="35207" /><F41/><W22/><G104/><T123/><D123/><U127/><E127/><V57/><F57/><W121/><G121/><T25/><D25/><U1/><E1/><V66/><F66/><W60/><G58/><T54/><D54/><N who="1" m="30071" /><E39/><V27/><F27/><W96/><G42/><T81/><D81/><U65/><E65/><V82/><F82/><N who="3" m="49495" /><G45/><T70/><D70/><U109/><AGARI ba="0,0" hai="4,9,14,40,43,109,110,111" m="30071,28201" machi="109" ten="40,2100,0" yaku="10,1" doraHai="73" who="1" fromWho="1" sc="292,-7,270,21,240,-7,198,-7" /><INIT seed="5,1,0,5,4,122" ten="285,291,233,191" oya="1" hai0="116,123,83,127,28,11,41,130,111,55,120,93,99" hai1="71,59,23,19,12,72,113,6,85,76,34,134,102" hai2="25,10,106,52,5,35,110,69,49,9,67,53,45" hai3="40,94,89,15,0,73,60,18,97,31,14,48,101"/><U36/><E71/><V133/><F106/><W57/><G73/><T39/><D116/><U124/><E36/><V44/><F110/><W79/><G0/><T118/><D118/><U70/><E70/><V26/><F133/><W38/><G79/><T54/><D28/><U90/><E34/><V32/><F69/><W64/><G38/><T108/><D39/><U3/><E113/><V47/><F67/><W51/><G40/><T88/><D41/><U1/><E134/><V86/><F86/><W68/><G68/><T103/><D130/><U7/><E124/><V112/><F112/><W119/><G119/><T115/><D115/><U62/><E102/><V50/><F47/><W121/><G121/><N who="0" m="46667" /><D127/><U63/><E63/><V65/><F65/><W75/><G75/><T43/><D43/><U30/><E30/><V61/><F5/><W114/><G31/><T105/><D83/><U22/><E76/><V16/><F61/><W135/><G135/><T8/><D54/><N who="1" m="34167" /><E72/><V128/><F128/><W80/><G114/><T131/><D55/><U84/><E85/><V17/><AGARI ba="1,0" hai="9,10,16,17,25,26,32,35,44,45,49,50,52,53" machi="17" ten="25,8000,1" yaku="0,1,22,2,54,2" doraHai="122" who="2" fromWho="2" sc="285,-21,291,-41,233,83,191,-21" /><INIT seed="6,0,0,0,5,119" ten="264,250,316,170" oya="2" hai0="10,51,55,56,35,96,46,60,14,113,80,73,29" hai1="104,117,39,44,115,76,85,20,26,43,83,34,132" hai2="68,65,48,70,122,90,61,19,28,53,135,17,33" hai3="81,133,108,107,22,77,31,84,95,9,102,134,4"/><V23/><F122/><W105/><G31/><T25/><D113/><U97/><E117/><V94/><F135/><N who="3" m="51723" /><G22/><T8/><D96/><U47/><E132/><V128/><F70/><W124/><G9/><T6/><D73/><U21/><E115/><V62/><F128/><W36/><G4/><T99/><D99/><U114/><E114/><V120/><F33/><W59/><G59/><T78/><D80/><U129/><E129/><V82/><F120/><W50/><G50/><T5/><D78/><U67/><E67/><V86/><F82/><W89/><G36/><T79/><D79/><U7/><E7/><V74/><F74/><N who="3" m="43191" /><G108/><T88/><D88/><U123/><E123/><V41/><F41/><W71/><G71/><T75/><D75/><U106/><E44/><V18/><F28/><W116/><G116/><T111/><D111/><U127/><E34/><V131/><F131/><W37/><G37/><T91/><D91/><U92/><E21/><V57/><F62/><W109/><G109/><T69/><D69/><U24/><E26/><AGARI ba="0,0" hai="17,18,19,23,26,48,53,57,61,65,68,86,90,94" machi="26" ten="30,1500,0" yaku="7,1" doraHai="119" who="2" fromWho="1" sc="264,0,250,-15,316,15,170,0" /><INIT seed="6,1,0,5,4,119" ten="264,235,331,170" oya="2" hai0="29,67,109,19,54,21,15,70,30,11,24,1,99" hai1="57,53,120,79,5,135,61,46,49,114,22,130,55" hai2="102,82,94,43,77,69,58,47,6,124,52,108,51" hai3="111,23,97,0,18,26,75,17,39,106,65,10,12"/><V134/><F69/><W62/><G39/><T45/><D109/><U107/><E107/><V44/><F108/><W60/><G75/><T129/><D129/><U48/><E114/><V125/><F134/><W32/><G111/><T63/><D1/><U90/><E130/><V127/><F6/><W86/><G0/><T7/><D99/><U56/><E135/><V76/><F82/><W81/><G32/><T3/><D54/><U31/><E79/><V132/><F132/><W93/><G106/><T92/><D92/><U115/><E115/><V101/><F47/><W50/><G50/><T116/><D116/><U2/><E5/><V4/><F4/><W66/><G66/><T72/><D72/><U87/><E2/><V98/><F101/><W14/><G26/><T104/><D104/><U131/><E131/><V85/><F85/><W16/><G18/><T118/><D118/><U35/><E35/><V100/><F102/><N who="3" m="60719" /><G65/><T103/><D103/><U95/><E120/><V33/><REACH who="2" step="1"/><F33/><REACH who="2" ten="264,235,321,170" step="2"/><W110/><G110/><T37/><D3/><U121/><E121/><V13/><F13/><W9/><G9/><T41/><AGARI ba="1,1" hai="7,11,15,19,21,24,29,30,37,41,45,63,67,70" machi="41" ten="30,1100,0" yaku="0,1" doraHai="119" who="0" fromWho="0" sc="264,24,235,-4,321,-6,170,-4" /><INIT seed="7,0,0,3,3,101" ten="288,231,315,166" oya="3" hai0="22,107,113,39,131,45,66,63,109,96,10,0,38" hai1="123,65,13,73,4,52,70,85,9,134,77,47,21" hai2="125,83,6,20,34,94,118,110,129,44,62,86,16" hai3="28,88,32,127,42,84,17,78,80,30,87,72,111"/><W24/><G127/><T37/><D109/><U55/><E123/><V74/><F110/><W121/><G111/><T59/><D131/><U25/><E73/><V46/><F34/><W19/><G121/><T119/><D119/><U133/><E70/><V82/><F74/><W104/><G104/><T12/><D0/><U14/><E65/><V126/><F118/><W58/><G72/><T18/><D113/><U98/><E14/><N who="2" m="9239" /><F129/><W90/><G78/><T103/><REACH who="0" step="1"/><D10/><REACH who="0" ten="278,231,315,166" step="2"/><U7/><E134/><V8/><F8/><W117/><G117/><T114/><D114/><U60/><E133/><V27/><F6/><W89/><G89/><T132/><D132/><U116/><E7/><V57/><F27/><W56/><G42/><AGARI ba="0,1" hai="12,18,22,37,38,39,42,45,59,63,66,96,103,107" machi="42" ten="40,2600,0" yaku="1,1,52,1,53,0" doraHai="101" doraHaiUra="50" who="0" fromWho="3" sc="278,36,231,0,315,0,166,-26" owari="314,11.0,231,-17.0,315,42.0,140,-36.0" /></mjloggm>