<mjloggm ver="2.3"><GO type="41" lobby="0"/><UN n0="%4D%61%2D%6B%65%32%30" n1="%64%6F%6E%61%69%79%61" n2="%E5%B0%B1%E6%B4%BB%E7%94%9F%40%E5%B7%9D%E6%9D%91%E8%BB%8D%E5%9B%A3" n3="%61%6B%75%64%61%69%6B%61" dan="13,15,15,15" rate="1857.40,1960.66,1998.81,1983.32" sx="M,M,M,M"/><TAIKYOKU oya="0"/><INIT seed="0,0,0,1,1,15" ten="250,250,250,250" oya="0" hai0="67,125,18,123,72,105,124,14,126,79,49,57,75" hai1="65,69,61,43,39,132,53,107,108,12,120,59,47" hai2="74,85,94,42,110,22,117,24,34,88,118,80,128" hai3="55,102,20,114,133,64,7,37,23,46,9,134,92"/><T26/><D123/><U56/><E107/><V82/><F34/><W112/><G64/><T30/><D105/><U25/><E120/><V19/><F128/><W10/><G102/><T116/><D116/><N who="2" m="44650" /><F110/><W16/><G92/><T71/><D79/><U109/><E25/><V62/><F74/><W27/><G55/><T29/><D71/><U84/><E84/><V135/><F135/><N who="3" m="51723" /><G46/><T17/><D30/><U111/><E132/><V63/><F42/><W6/><G37/><T77/><D77/><U58/><REACH who="1" step="1"/><E12/><REACH who="1" ten="250,240,250,250" step="2"/><V98/><F80/><W11/><G23/><N who="0" m="15583" /><D14/><U130/><E130/><V4/><F4/><AGARI ba="0,1" hai="4,6,7,9,10,11,16,20,27,112,114" m="51723" machi="4" ten="30,8000,1" yaku="20,1,34,2,52,1,54,1" doraHai="15" who="3" fromWho="2" sc="250,0,240,0,250,-80,250,90" /><INIT seed="1,0,0,1,0,63" ten="250,240,170,340" oya="1" hai0="40,26,127,15,59,75,134,50,37,100,83,99,92" hai1="31,27,69,133,91,7,67,129,36,54,10,86,109" hai2="55,56,82,23,29,41,72,97,21,128,122,112,74" hai3="108,101,47,9,16,102,88,115,118,19,126,42,78"/><U73/><E36/><V87/><F122/><W25/><G115/><T20/><D134/><U22/><E73/><V90/><F112/><W85/><G78/><T28/><D127/><U48/><E133/><V110/><F110/><W119/><G108/><T2/><D2/><U117/><E117/><N who="3" m="44554" /><G126/><T33/><D83/><U43/><E43/><V106/><F128/><W116/><N who="3" m="44562" /><W5/><DORA hai="105" /><G25/><T120/><D120/><U8/><E109/><V66/><F41/><W121/><G121/><T12/><D37/><U79/><E79/><V0/><F0/><N who="3" m="167" /><G102/><T94/><D94/><U53/><E53/><V24/><F21/><W30/><G101/><T61/><D40/><U84/><E84/><V14/><F14/><W111/><G30/><T13/><D50/><U51/><E51/><V34/><F34/><W45/><G111/><T68/><D68/><U135/><E135/><V18/><F29/><W71/><G71/><T65/><REACH who="0" step="1"/><D33/><REACH who="0" ten="240,240,170,340" step="2"/><U130/><E69/><V11/><F106/><W39/><G47/><T38/><D38/><U46/><E129/><V17/><F97/><W107/><G107/><T77/><D77/><U125/><E130/><V132/><F132/><W58/><G58/><T70/><D70/><U49/><E125/><V124/><F124/><W4/><G4/><T57/><D57/><U113/><E48/><V32/><F32/><W96/><G96/><T60/><D60/><U104/><E113/><V35/><F35/><W3/><G3/><T1/><D1/><U131/><E131/><V80/><F56/><W64/><G64/><T95/><D95/><AGARI ba="0,1" hai="16,19,39,42,45,85,88,95" m="167,44562" machi="95" ten="40,8000,1" yaku="6,1,12,1,54,2" doraHai="63,105" who="3" fromWho="0" sc="240,-80,240,0,170,0,340,90" /><INIT seed="2,0,0,5,3,131" ten="160,240,170,430" oya="2" hai0="22,40,112,78,76,82,8,23,64,26,62,63,51" hai1="6,117,128,88,67,9,21,71,73,97,20,133,28" hai2="36,127,77,68,5,83,24,86,122,49,81,66,42" hai3="44,106,33,58,94,61,107,7,84,47,15,18,93"/><V54/><F122/><W65/><G33/><T60/><D112/><U11/><E128/><V70/><F127/><W105/><G7/><T135/><D135/><U16/><E117/><V74/><F66/><W113/><G113/><T118/><D118/><U38/><E38/><V13/><F36/><W19/><G19/><T30/><D8/><U56/><E73/><V43/><F68/><W1/><G1/><T12/><D12/><U31/><E71/><V121/><F70/><W69/><G69/><T111/><D111/><U52/><E67/><V132/><F132/><W34/><G34/><T91/><D64/><U108/><E133/><V14/><F121/><W126/><G126/><T95/><D82/><U29/><E108/><V130/><F130/><W0/><G0/><T37/><D37/><U98/><E98/><V45/><F24/><W87/><G84/><T35/><D35/><U110/><E110/><V115/><F115/><W134/><G134/><T102/><D102/><U99/><E99/><V2/><F2/><W41/><G87/><T17/><D17/><U79/><E79/><V55/><F43/><W32/><G32/><T25/><D40/><U10/><E6/><V116/><F116/><W109/><G109/><T103/><D103/><U85/><E16/><V129/><F129/><W120/><G120/><T59/><D59/><U72/><E72/><V80/><F13/><W57/><G57/><T4/><D4/><U27/><E27/><V53/><F74/><W101/><G101/><T104/><D104/><U46/><E56/><V39/><F39/><N who="3" m="21567" /><G47/><T125/><D125/><RYUUKYOKU ba="0,0" sc="160,-15,240,-15,170,15,430,15" hai2="5,14,42,45,49,53,54,55,77,80,81,83,86" hai3="15,18,58,61,65,93,94,105,106,107" /><INIT seed="2,1,0,5,0,70" ten="145,225,185,445" oya="2" hai0="107,108,44,120,49,25,9,60,15,61,21,67,34" hai1="11,106,20,47,124,110,4,134,115,29,102,2,38" hai2="86,131,46,48,118,10,18,43,41,1,135,101,114" hai3="69,24,96,57,35,83,39,77,126,125,82,98,92"/><V116/><F114/><W32/><G69/><T90/><D120/><U12/><E115/><V81/><F131/><W55/><G39/><T64/><D107/><U133/><E110/><V119/><F135/><N who="1" m="51721" /><E124/><N who="3" m="47722" /><G98/><T75/><D75/><U27/><E12/><V50/><F101/><N who="3" m="60551" /><G24/><T94/><D108/><U97/><E47/><V30/><F30/><W68/><G68/><T37/><D37/><AGARI ba="1,0" hai="2,4,11,20,27,29,37,38,97,102,106" m="51721" machi="37" ten="30,3900,0" yaku="20,1,52,2" doraHai="70" who="1" fromWho="0" sc="145,-42,225,42,185,0,445,0" /><INIT seed="3,0,0,4,1,84" ten="103,267,185,445" oya="3" hai0="42,120,59,17,130,103,81,108,112,34,9,104,80" hai1="26,19,11,78,88,48,18,8,114,117,58,16,116" hai2="31,25,45,125,70,51,107,135,6,69,61,64,134" hai3="53,47,27,63,74,86,73,67,55,100,13,79,105"/><W50/><G105/><T43/><D120/><U83/><E114/><V132/><F6/><W101/><G74/><T52/><D34/><U22/><E58/><V3/><F3/><W95/><G73/><T37/><D37/><U131/><E48/><V30/><F125/><W123/><G123/><T23/><D112/><U111/><E111/><V29/><F107/><W77/><G55/><T39/><D108/><U98/><E131/><V76/><F76/><W122/><G122/><T2/><D39/><U128/><E128/><V113/><F113/><W109/><G109/><T20/><D130/><U44/><E44/><V115/><F115/><W96/><G100/><T124/><D124/><U118/><E78/><V121/><F121/><W68/><G86/><T54/><D2/><U87/><E98/><V40/><REACH who="2" step="1"/><F70/><REACH who="2" ten="103,267,175,445" step="2"/><W119/><G119/><T21/><D104/><U46/><REACH who="1" step="1"/><E46/><REACH who="1" ten="103,257,175,445" step="2"/><V5/><F5/><W89/><G68/><T93/><D43/><U14/><E14/><V110/><F110/><W90/><G13/><T82/><D42/><U35/><E35/><AGARI ba="0,2" hai="25,29,30,31,35,40,45,51,61,64,69,132,134,135" machi="35" ten="40,2600,0" yaku="1,1,20,1,53,0" doraHai="84" doraHaiUra="91" who="2" fromWho="1" sc="103,0,257,-26,175,46,445,0" /><INIT seed="4,0,0,0,0,66" ten="103,231,221,445" oya="0" hai0="127,94,64,71,53,131,107,7,74,72,82,77,8" hai1="4,86,22,10,69,46,25,76,70,80,35,98,56" hai2="59,110,67,90,1,99,2,61,50,103,102,135,63" hai3="108,84,48,78,134,30,43,44,21,129,14,39,89"/><T6/><D107/><U19/><E35/><V83/><F110/><W105/><G108/><T55/><D131/><U26/><E98/><V124/><F124/><W125/><G105/><T24/><D127/><U0/><E46/><V93/><F135/><W122/><G125/><T18/><D94/><U91/><E56/><V41/><F41/><W101/><G101/><T112/><D112/><U29/><E26/><V12/><F50/><W97/><G97/><T33/><D74/><U27/><E27/><V85/><F103/><W117/><G78/><T132/><D132/><U88/><REACH who="1" step="1"/><E29/><REACH who="1" ten="103,221,221,445" step="2"/><V87/><F12/><W115/><G44/><T123/><D123/><U45/><E45/><V47/><F47/><W38/><G122/><T68/><D33/><U54/><E54/><V34/><F34/><W5/><G134/><T73/><D24/><U16/><E16/><V130/><F130/><W9/><G30/><T121/><D121/><U32/><E32/><V17/><F17/><W128/><G129/><T28/><D28/><U81/><E81/><V20/><F20/><W11/><G21/><T106/><D64/><U65/><E65/><V62/><F2/><W100/><G128/><T120/><D120/><U58/><E58/><V104/><F1/><W49/><G11/><T133/><D106/><U31/><E31/><V13/><F13/><W75/><G14/><N who="0" m="7495" /><D133/><U111/><E111/><V92/><REACH who="2" step="1"/><F104/><REACH who="2" ten="103,221,211,445" step="2"/><W116/><G9/><T79/><D53/><U119/><E119/><V96/><F96/><W126/><G117/><T42/><D55/><U60/><E60/><V3/><F3/><RYUUKYOKU ba="0,2" sc="103,-15,221,15,211,15,445,-15" hai1="0,4,10,19,22,25,69,70,76,80,86,88,91" hai2="59,61,62,63,67,83,85,87,90,92,93,99,102" /><INIT seed="5,1,2,1,2,68" ten="88,236,226,430" oya="1" hai0="63,28,80,2,78,47,25,127,71,40,20,32,121" hai1="124,62,111,22,105,126,77,41,107,112,60,87,109" hai2="86,9,19,131,64,42,88,30,122,8,102,14,113" hai3="117,65,34,45,5,85,95,75,27,133,3,104,0"/><U53/><E112/><V92/><F122/><W10/><G104/><N who="1" m="40010" /><E22/><N who="2" m="11639" /><F131/><W132/><G75/><T54/><D2/><U123/><E123/><V128/><F128/><W55/><G65/><T103/><D121/><U59/><E41/><V66/><F113/><W35/><G3/><T17/><D103/><U33/><E33/><V61/><F42/><W116/><G27/><T56/><D127/><N who="1" m="48683" /><E62/><V125/><F125/><W93/><G55/><T83/><D78/><U97/><E97/><N who="2" m="59687" /><F30/><W58/><G58/><T12/><REACH who="0" step="1"/><D71/><REACH who="0" ten="78,236,226,430" step="2"/><U29/><E29/><V67/><F61/><W76/><G0/><T79/><D79/><U16/><E77/><V115/><F115/><W96/><G76/><T13/><D13/><U21/><E87/><V49/><F49/><AGARI ba="1,3" hai="12,17,20,25,28,32,40,47,49,54,56,63,80,83" machi="49" ten="30,2000,0" yaku="1,1,7,1,53,0" doraHai="68" doraHaiUra="70" who="0" fromWho="2" sc="78,53,236,0,226,-23,430,0" /><INIT seed="6,0,0,3,3,119" ten="131,236,203,430" oya="2" hai0="35,51,38,58,25,37,116,71,3,99,57,134,34" hai1="64,124,7,63,12,23,98,46,5,66,31,127,83" hai2="86,132,36,105,39,8,102,115,129,52,28,45,87" hai3="69,27,78,67,77,22,79,121,19,113,18,123,42"/><V54/><F28/><W109/><G109/><T128/><D116/><U135/><E135/><V24/><F105/><W110/><G110/><T114/><D3/><U107/><E66/><V60/><F102/><W72/><G72/><T13/><D71/><U62/><E62/><V6/><F24/><W88/><G42/><T0/><D0/><U56/><E83/><V47/><F132/><W21/><G113/><T111/><D111/><U15/><E46/><V55/><F115/><W108/><G108/><T82/><D114/><U1/><E1/><V65/><F129/><W30/><G30/><T40/><D134/><U92/><E107/><V44/><F36/><W20/><G67/><T104/><D128/><U96/><E96/><V2/><REACH who="2" step="1"/><F39/><REACH who="2" ten="131,236,193,430" step="2"/><W49/><G27/><T130/><D38/><U97/><E97/><V117/><F117/><W131/><G131/><T84/><D37/><U14/><E31/><V125/><F125/><N who="1" m="48201" /><E23/><V33/><F33/><W48/><G22/><T101/><D130/><U118/><E118/><V112/><F112/><W74/><G21/><T59/><D35/><U68/><E68/><AGARI ba="0,1" hai="2,6,8,44,45,47,52,54,55,60,65,68,86,87" machi="68" ten="40,3900,0" yaku="1,1,54,1,53,0" doraHai="119" doraHaiUra="29" who="2" fromWho="1" sc="131,0,236,-39,193,49,430,0" /><INIT seed="6,1,0,2,5,43" ten="131,197,242,430" oya="2" hai0="20,115,118,77,13,69,22,88,117,95,57,31,17" hai1="6,125,119,33,103,61,131,111,36,60,79,4,105" hai2="40,15,127,78,44,63,99,0,73,7,29,49,91" hai3="26,19,50,24,46,56,30,129,122,132,113,48,16"/><V62/><F127/><W72/><G122/><T32/><D69/><U110/><E33/><V21/><F0/><W25/><G72/><T83/><D57/><U55/><E119/><V81/><F7/><W104/><G104/><T135/><D32/><U64/><E36/><V96/><F96/><W3/><G3/><T35/><D35/><U109/><E125/><V126/><F126/><W93/><G30/><T18/><D115/><U58/><E79/><V5/><F29/><W128/><G113/><T120/><D120/><U87/><E87/><V70/><F70/><W116/><G116/><T74/><D135/><U123/><E123/><V14/><F14/><W82/><G82/><T47/><D47/><U80/><E80/><V38/><F38/><W59/><G93/><T101/><D101/><U12/><E103/><V23/><F23/><W89/><G89/><T130/><D130/><N who="3" m="50281" /><G132/><T76/><D118/><U85/><E105/><V34/><F34/><W108/><G108/><T42/><D117/><U1/><E131/><V11/><REACH who="2" step="1"/><F21/><REACH who="2" ten="131,197,232,430" step="2"/><W86/><G86/><T8/><D42/><U133/><E1/><V134/><F134/><W97/><G97/><T53/><D31/><U9/><E133/><V92/><AGARI ba="1,1" hai="5,11,15,40,44,49,62,63,73,78,81,91,92,99" machi="92" ten="30,6000,0" yaku="1,1,0,1,52,1,53,0" doraHai="43" doraHaiUra="65" who="2" fromWho="2" sc="131,-21,197,-21,232,73,430,-21" /><INIT seed="6,2,0,1,4,4" ten="110,176,305,409" oya="2" hai0="49,10,124,31,115,67,103,123,121,55,24,12,68" hai1="134,15,86,79,120,88,54,99,40,2,90,101,30" hai2="27,64,42,9,16,81,46,80,21,22,52,119,102" hai3="73,66,98,71,28,104,112,39,108,53,29,45,95"/><V70/><F119/><W69/><G108/><T111/><D111/><U11/><E2/><V37/><F102/><W20/><G73/><T107/><D115/><U97/><E120/><V114/><F114/><W89/><G112/><T58/><D124/><U1/><E1/><V13/><F22/><W75/><G75/><T132/><D132/><U83/><E30/><V74/><F74/><W129/><G104/><T3/><D3/><U105/><E134/><V47/><F47/><W63/><G71/><T41/><D41/><U6/><E40/><V100/><F100/><W126/><G126/><T35/><D12/><U19/><E6/><V48/><F64/><W133/><G133/><T43/><D43/><U62/><E97/><V60/><F70/><W91/><G39/><T118/><D118/><U61/><E61/><V38/><F38/><W26/><G129/><T56/><D56/><U125/><E125/><V0/><F0/><W93/><G45/><T65/><D65/><U117/><E117/><V5/><F37/><W23/><G53/><T25/><D25/><U128/><E128/><V127/><F127/><W32/><G29/><T77/><D77/><U8/><REACH who="1" step="1"/><E11/><REACH who="1" ten="110,166,305,409" step="2"/><V131/><F131/><W109/><G109/><T7/><D7/><U50/><E50/><V85/><F85/><AGARI ba="2,1" hai="20,23,26,28,32,63,66,69,85,89,91,93,95,98" machi="85" ten="30,1000,0" yaku="7,1" doraHai="4" who="3" fromWho="2" sc="110,0,166,0,305,-16,409,26" /><INIT seed="7,0,0,4,3,127" ten="110,166,289,435" oya="3" hai0="5,108,74,6,120,93,72,54,26,62,23,49,40" hai1="61,97,109,29,75,101,107,70,17,11,132,71,79" hai2="88,81,119,56,113,94,99,105,57,111,117,90,8" hai3="69,25,130,114,86,60,122,3,134,106,32,1,58"/><W87/><G69/><T4/><D120/><U27/><E109/><V46/><F111/><W118/><G122/><T51/><D108/><U24/><E132/><V43/><F113/><W14/><G118/><T48/><D40/><U121/><E121/><V41/><F105/><W115/><G106/><T67/><D93/><U22/><E79/><V89/><F8/><W83/><G134/><T104/><D104/><U12/><E75/><V31/><F31/><W21/><G32/><T47/><D47/><U45/><E45/><V50/><F43/><W10/><G3/><T126/><D126/><U96/><E96/><V37/><F37/><W38/><G1/><T123/><D123/><U65/><E27/><V39/><F39/><W92/><G38/><T33/><D33/><U135/><E135/><V125/><F125/><W42/><G42/><T28/><D74/><U9/><E71/><V44/><F44/><W100/><G100/><T129/><D72/><U64/><REACH who="1" step="1"/><E65/><REACH who="1" ten="110,156,289,435" step="2"/><V103/><F117/><W53/><G25/><T102/><D102/><U116/><E116/><V76/><F119/><W68/><G68/><T84/><D84/><AGARI ba="0,1" hai="41,46,50,56,57,76,81,84,88,89,90,94,99,103" machi="84" ten="40,2600,0" yaku="8,1,54,1" doraHai="127" who="2" fromWho="0" sc="110,-26,156,0,289,36,435,0" owari="84,-42.0,156,-24.0,325,13.0,435,53.0" /></mjloggm>