<mjloggm ver="2.3"><GO type="169" lobby="0"/><UN n0="%73%68%61%70%65%6C%65%72" n1="%6E%65%6F%40%75%6E%69" n2="%E3%83%8F%E3%83%83%E3%83%94%E3%83%BC%E3%81%A1%E3%82%83%E3%82%93" n3="%E3%82%A6%E3%83%AB%E3%83%88%E3%83%A9%E7%AB%8B%E7%9B%B4" dan="16,19,16,17" rate="2142.32,2284.13,2055.27,2116.13" sx="M,M,M,M"/><TAIKYOKU oya="0"/><INIT seed="0,0,0,4,0,73" ten="250,250,250,250" oya="0" hai0="50,95,15,64,127,11,37,82,41,70,102,49,12" hai1="87,134,135,46,23,58,8,85,21,97,24,3,29" hai2="65,111,123,79,131,4,119,30,89,113,86,43,80" hai3="92,61,126,68,90,114,100,31,40,18,51,53,83"/><T66/><D37/><U2/><E46/><V14/><F123/><W42/><G114/><T9/><D127/><U124/><E124/><V1/><F113/><W62/><G126/><T104/><D104/><U32/><E58/><V26/><F1/><N who="1" m="9" /><E97/><V56/><F131/><W96/><G31/><T101/><D82/><U7/><E85/><V67/><F111/><W130/><G18/><T94/><REACH who="0" step="1"/><D70/><REACH who="0" ten="240,250,250,250" step="2"/><U81/><E81/><V19/><F119/><W36/><G36/><T25/><D25/><U33/><E24/><V20/><F79/><W133/><G68/><T71/><D71/><U128/><E128/><V118/><F118/><W99/><G130/><T38/><D38/><U132/><E132/><V74/><F26/><W115/><G83/><T59/><D59/><U77/><E77/><V27/><F74/><W112/><G133/><T39/><D39/><U10/><E135/><V84/><F56/><W116/><G116/><T110/><D110/><U117/><E134/><V13/><F27/><W107/><G112/><T35/><D35/><U105/><E33/><V22/><F30/><W54/><G115/><T103/><D103/><U120/><E29/><V75/><F75/><W91/><G107/><T93/><D93/><U129/><E105/><V44/><F80/><W0/><G92/><T69/><D69/><U47/><E32/><V57/><F57/><W52/><G100/><T106/><D106/><U108/><E129/><V6/><F67/><W121/><G121/><T60/><D60/><U98/><E120/><V63/><F65/><W55/><N who="3" m="13312" /><DORA hai="16" /><W5/><G62/><RYUUKYOKU ba="0,1" sc="240,30,250,-10,250,-10,250,-10" hai0="9,11,12,15,41,49,50,64,66,94,95,101,102" /><INIT seed="0,1,1,2,5,66" ten="270,240,240,240" oya="0" hai0="45,120,99,64,73,88,23,132,58,114,56,118,89" hai1="126,32,30,4,115,3,72,94,9,92,63,26,119" hai2="104,34,22,116,77,7,113,8,71,65,21,81,101" hai3="91,2,17,106,80,102,135,16,36,69,83,130,84"/><T41/><D73/><U20/><E72/><V74/><F113/><W131/><G36/><T78/><D78/><U51/><E119/><V127/><F21/><W76/><G2/><T1/><D1/><U110/><E110/><V38/><F116/><W54/><G54/><T18/><D118/><U55/><E126/><V86/><F22/><W79/><G69/><T67/><D114/><U25/><E63/><N who="2" m="40383" /><F86/><W39/><G39/><T85/><D120/><U62/><E62/><V60/><F60/><W49/><G49/><N who="0" m="26799" /><D132/><U47/><REACH who="1" step="1"/><E115/><REACH who="1" ten="270,230,240,240" step="2"/><V134/><F127/><W11/><G135/><T43/><D67/><U121/><E121/><V105/><F134/><W87/><G131/><T27/><D64/><U98/><E98/><N who="2" m="61495" /><F105/><W107/><G130/><T117/><D117/><U37/><E37/><V124/><F124/><W33/><G106/><T24/><D99/><U57/><E57/><V125/><F125/><W112/><G107/><T128/><D128/><U75/><E75/><V61/><F61/><W14/><G112/><T0/><D58/><U42/><E42/><V111/><F111/><W5/><G102/><T70/><D43/><U90/><E90/><V6/><F38/><W109/><G109/><T129/><D129/><U95/><E95/><V103/><F103/><W35/><REACH who="3" step="1"/><G91/><REACH who="3" ten="270,230,240,230" step="2"/><T29/><D89/><U53/><E53/><V93/><F77/><W50/><G50/><T96/><D88/><U10/><E10/><V123/><F8/><W12/><G12/><T40/><D40/><U97/><E97/><V19/><F123/><W133/><G133/><T59/><D96/><RYUUKYOKU ba="1,3" sc="270,-15,230,15,240,-15,230,15" hai1="3,4,9,20,25,26,30,32,47,51,55,92,94" hai3="5,11,14,16,17,33,35,76,79,80,83,84,87" /><INIT seed="1,2,3,1,4,38" ten="255,245,225,245" oya="1" hai0="35,71,32,10,85,36,106,42,93,19,103,108,120" hai1="17,40,47,129,104,5,89,48,0,66,73,75,92" hai2="97,41,122,116,67,83,112,70,98,63,99,16,57" hai3="55,58,88,20,56,109,135,9,77,30,31,118,43"/><U128/><E104/><V111/><F116/><W29/><G118/><T100/><D71/><U2/><E66/><V130/><F122/><W84/><G135/><T8/><D106/><U27/><E17/><V132/><F132/><W61/><G109/><T91/><D108/><U90/><E27/><V68/><F111/><W72/><G72/><T62/><D62/><U76/><E89/><V131/><F112/><W49/><G77/><T59/><D59/><U26/><E26/><V44/><F83/><N who="3" m="49183" /><G9/><T117/><D117/><U53/><E53/><V51/><REACH who="2" step="1"/><F16/><REACH who="2" ten="255,245,215,245" step="2"/><W34/><G34/><T125/><D32/><U119/><E119/><V133/><F133/><W3/><G3/><T24/><D35/><U105/><E0/><V134/><F134/><W60/><G20/><T110/><D120/><U74/><E2/><V39/><F39/><W94/><G29/><T80/><D36/><U113/><E113/><V46/><F46/><N who="3" m="25823" /><G94/><T115/><D93/><U22/><E22/><V14/><F14/><W25/><G25/><T87/><D24/><U15/><E105/><V28/><F28/><W86/><G31/><T95/><D110/><U81/><E15/><V45/><F45/><W96/><G30/><T7/><D19/><U121/><E121/><V79/><F79/><W33/><G33/><T11/><D115/><U21/><E21/><V37/><F37/><W78/><G78/><T65/><D80/><U64/><E81/><V102/><F102/><W18/><G18/><T13/><D103/><U4/><E76/><V107/><F107/><W114/><G114/><T124/><D13/><RYUUKYOKU ba="2,4" sc="255,-10,245,-10,215,30,245,-10" hai2="41,44,51,57,63,67,68,70,97,98,99,130,131" /><INIT seed="2,3,4,3,3,98" ten="245,235,245,235" oya="2" hai0="104,12,38,24,25,0,120,20,107,8,83,73,90" hai1="17,96,10,65,86,77,13,89,9,44,49,130,63" hai2="37,122,84,51,52,124,57,105,58,18,75,50,15" hai3="95,55,85,41,5,48,74,88,93,71,121,100,7"/><V34/><F122/><W109/><G74/><T97/><D0/><U67/><E130/><V70/><F75/><W103/><G71/><T4/><D73/><U115/><E115/><V60/><F37/><W116/><G109/><T43/><D120/><U94/><E9/><N who="2" m="6511" /><F105/><W2/><G2/><T125/><D25/><U54/><E63/><N who="2" m="36263" /><F70/><W91/><G41/><T36/><D43/><U132/><E132/><V59/><F34/><W6/><G116/><T47/><D107/><U46/><E46/><V87/><F124/><W111/><G111/><T127/><D104/><U3/><E3/><V131/><F131/><W31/><G31/><T135/><D38/><U117/><E117/><V69/><F69/><W129/><G129/><T108/><D36/><U45/><E45/><V53/><F50/><W21/><G21/><T106/><D20/><U19/><E19/><V11/><F11/><W64/><G121/><T123/><D8/><U56/><E56/><V16/><F16/><W30/><G30/><T33/><D33/><U133/><E133/><V62/><F62/><W28/><G28/><T92/><D135/><U101/><E77/><V40/><F40/><W26/><G26/><T128/><D123/><U110/><E110/><V32/><F32/><W79/><G64/><AGARI ba="3,4" hai="51,53,58,59,60,64,84,87" m="36263,6511" machi="64" ten="30,2900,0" yaku="8,1,54,1" doraHai="98" who="2" fromWho="3" sc="245,0,235,0,245,78,235,-38" /><INIT seed="2,4,0,5,5,25" ten="245,235,323,197" oya="2" hai0="51,16,122,86,46,133,96,3,48,58,111,60,128" hai1="17,59,115,135,66,22,5,38,62,91,14,39,6" hai2="35,118,105,101,90,71,112,28,121,43,107,117,53" hai3="45,98,49,129,50,64,57,72,21,63,41,77,26"/><V87/><F112/><W88/><G129/><T114/><D3/><U94/><E135/><V82/><F121/><W73/><G77/><T110/><D122/><U127/><E127/><V126/><F126/><W9/><G9/><T131/><D114/><U68/><E115/><V76/><F43/><W12/><G12/><T74/><D74/><U13/><E13/><V116/><F71/><W19/><REACH who="3" step="1"/><G50/><REACH who="3" ten="245,235,323,187" step="2"/><T123/><D51/><U103/><E39/><V10/><F10/><W24/><G24/><T97/><D128/><U37/><E37/><V8/><F8/><W67/><G67/><T40/><D131/><U113/><E38/><V99/><F117/><W108/><G108/><T7/><D111/><U27/><E27/><V52/><F118/><W32/><G32/><T95/><D110/><U93/><E113/><V70/><F116/><W79/><G79/><T89/><D123/><U132/><E132/><V0/><F0/><W31/><G31/><T29/><D29/><U120/><E120/><V78/><F28/><W75/><G75/><T92/><D133/><U33/><E33/><V102/><F35/><W104/><G104/><T1/><D1/><U23/><E23/><V42/><F107/><W36/><G36/><T15/><D7/><U100/><E5/><V83/><F105/><W80/><G80/><T134/><D134/><U30/><E30/><V106/><F106/><W47/><G47/><T55/><D95/><AGARI ba="4,1" hai="19,21,26,41,45,49,57,63,64,72,73,88,95,98" machi="95" ten="40,2600,0" yaku="1,1,54,1,53,0" doraHai="25" doraHaiUra="11" who="3" fromWho="0" sc="245,-38,235,0,323,0,187,48" /><INIT seed="3,0,0,5,4,15" ten="207,235,323,235" oya="3" hai0="66,108,50,10,4,20,68,55,125,102,103,129,16" hai1="124,26,71,110,48,89,25,43,105,111,93,49,19" hai2="76,118,72,22,6,80,23,59,95,90,2,60,3" hai3="13,41,84,126,69,94,63,83,88,62,123,18,64"/><W57/><G126/><T1/><D125/><U79/><E105/><V100/><F118/><W28/><G28/><T38/><D38/><U51/><E71/><V104/><F104/><W135/><G135/><T58/><D108/><U52/><E79/><V40/><F40/><W116/><G116/><T8/><D8/><U87/><E124/><V65/><F100/><W42/><G123/><T29/><D29/><U67/><E67/><V107/><F107/><W54/><REACH who="3" step="1"/><G83/><REACH who="3" ten="207,235,323,225" step="2"/><T39/><D129/><U9/><E111/><V130/><F130/><W91/><G91/><T127/><D127/><U119/><E110/><V120/><F120/><W112/><G112/><T21/><D102/><U30/><E30/><V106/><F90/><W27/><G27/><T5/><D103/><U17/><E26/><V132/><F132/><W131/><G131/><T44/><D68/><U0/><E25/><V35/><F80/><W96/><G96/><T47/><D39/><U134/><E134/><V85/><F76/><W122/><G122/><T37/><D37/><U61/><E89/><V46/><F106/><W14/><G14/><T75/><D1/><U117/><E0/><V12/><F12/><W121/><G121/><T109/><D109/><U98/><E119/><V53/><F3/><W101/><G101/><T36/><D36/><U7/><E117/><V56/><F2/><W97/><G97/><T115/><D115/><U82/><E98/><V74/><F35/><W73/><G73/><T77/><D75/><U113/><E113/><V45/><F74/><W70/><G70/><T133/><D133/><RYUUKYOKU ba="0,1" sc="207,-10,235,-10,323,-10,225,30" hai3="13,18,41,42,54,57,62,63,64,69,84,88,94" /><INIT seed="3,1,1,0,0,2" ten="197,225,313,255" oya="3" hai0="49,39,75,71,37,119,99,79,24,108,62,112,15" hai1="74,70,120,7,116,88,103,25,16,27,19,55,60" hai2="8,104,114,133,110,35,92,21,10,85,63,42,96" hai3="135,117,59,90,78,36,9,65,34,83,48,76,18"/><W73/><G36/><T77/><D119/><U43/><E74/><V87/><F114/><W102/><G34/><T44/><D112/><U93/><E120/><V26/><F35/><W124/><G117/><T40/><D108/><U72/><E72/><V123/><F104/><W61/><G124/><T100/><D15/><U101/><E43/><V125/><F110/><W51/><G135/><T46/><D24/><N who="1" m="9291" /><E70/><V57/><F42/><W54/><G102/><N who="1" m="38922" /><E7/><V98/><F133/><W5/><G78/><T50/><D37/><U38/><E38/><V128/><F128/><W80/><G18/><T6/><D6/><U97/><E116/><V22/><F125/><W14/><REACH who="3" step="1"/><G54/><REACH who="3" ten="197,225,313,245" step="2"/><T20/><D77/><U109/><E109/><V113/><F113/><W45/><G45/><T84/><D46/><U28/><E28/><V131/><F131/><W56/><G56/><AGARI ba="1,2" hai="16,19,55,56,60,88,93,97" m="38922,9291" machi="56" ten="30,3900,0" yaku="8,1,54,2" doraHai="2" who="1" fromWho="3" sc="197,0,225,62,313,0,245,-42" /><INIT seed="4,0,0,4,1,40" ten="197,287,313,203" oya="0" hai0="6,63,25,114,2,14,96,18,49,10,64,53,73" hai1="45,34,105,12,21,109,23,29,33,124,61,87,58" hai2="76,9,79,127,90,101,42,72,99,48,17,47,37" hai3="56,38,77,30,103,81,16,88,89,128,8,51,65"/><T1/><D73/><U19/><E105/><V131/><F127/><W20/><G38/><T60/><D114/><U39/><E109/><V107/><F131/><W133/><G133/><T132/><D132/><U3/><E3/><V104/><F107/><W126/><G126/><T113/><D113/><U52/><E87/><V31/><F31/><W44/><G103/><T120/><D120/><U115/><E115/><V27/><F90/><W85/><G8/><T75/><D75/><U98/><E98/><V108/><F108/><W13/><G30/><T117/><D117/><U119/><E119/><V118/><F118/><W95/><G95/><T5/><D96/><U15/><E124/><V66/><F66/><W67/><G128/><T106/><D106/><U93/><E93/><V4/><F37/><W110/><G110/><T28/><D2/><U57/><E57/><V11/><F72/><W32/><G32/><T35/><D64/><N who="3" m="24649" /><G56/><T116/><D116/><U54/><E29/><V97/><F97/><W91/><G91/><T102/><D102/><U74/><E74/><V24/><F24/><W112/><G112/><T82/><D82/><U83/><E83/><V122/><F122/><W71/><G71/><T125/><D125/><U7/><E7/><V121/><F121/><W94/><G94/><T22/><D6/><U0/><E0/><V68/><F68/><W86/><G86/><T92/><D92/><U123/><E123/><V59/><F59/><AGARI ba="0,0" hai="1,5,10,14,18,22,25,28,35,49,53,59,60,63" machi="59" ten="30,5800,0" yaku="7,1,24,2" doraHai="40" who="0" fromWho="2" sc="197,58,287,0,313,-58,203,0" /><INIT seed="4,1,0,5,2,73" ten="255,287,255,203" oya="0" hai0="125,102,9,4,35,5,131,50,57,108,97,13,16" hai1="84,33,64,2,107,32,20,81,118,26,65,86,113" hai2="75,15,21,29,45,85,115,120,47,1,11,7,87" hai3="98,48,67,104,24,70,60,76,10,105,69,111,62"/><T119/><D35/><U79/><E107/><V6/><F75/><W122/><G111/><T128/><D108/><U40/><E2/><V135/><F120/><W80/><G122/><T74/><D74/><U133/><E118/><V99/><F115/><W42/><G10/><T100/><D119/><U22/><E133/><V12/><F135/><W18/><G18/><T19/><D19/><U28/><E40/><V71/><F71/><W41/><G24/><T52/><D102/><U53/><E33/><V126/><F126/><W14/><G14/><T54/><D125/><U55/><E113/><V37/><F99/><W123/><G123/><T91/><D91/><U116/><E116/><V23/><F37/><W95/><G48/><T92/><REACH who="0" step="1"/><D54/><REACH who="0" ten="245,287,255,203" step="2"/><U103/><E103/><V61/><F29/><W101/><G105/><T106/><D106/><U30/><E53/><V93/><F1/><W89/><G104/><T27/><D27/><N who="1" m="16487" /><E55/><V39/><F15/><W109/><G101/><T66/><D66/><U34/><E32/><V59/><F12/><W96/><G109/><T88/><D88/><N who="1" m="51215" /><E34/><V38/><F6/><AGARI ba="1,1" hai="4,5,6,9,13,16,50,52,57,92,97,100,128,131" machi="6" ten="40,12000,1" yaku="1,1,54,2,53,1" doraHai="73" doraHaiUra="46" who="0" fromWho="2" sc="245,133,287,0,255,-123,203,0" /><INIT seed="4,2,0,5,5,44" ten="378,287,132,203" oya="0" hai0="5,72,77,85,122,80,133,13,100,94,28,57,104" hai1="62,15,101,135,18,33,111,63,60,9,65,99,6" hai2="84,78,22,98,130,54,75,41,17,52,129,48,71" hai3="42,64,50,66,82,121,51,11,40,1,88,76,73"/><T0/><D0/><U25/><E135/><V46/><F71/><W39/><G121/><T38/><D38/><U34/><E111/><V10/><F75/><W24/><G24/><T83/><D122/><U29/><E34/><V61/><F10/><W125/><G125/><T124/><D28/><U69/><REACH who="1" step="1"/><E6/><REACH who="1" ten="378,277,132,203" step="2"/><V4/><F4/><W126/><G126/><T128/><D5/><U127/><E127/><V56/><F130/><W19/><G1/><T79/><D128/><U32/><E32/><V67/><F129/><W3/><G3/><T81/><D133/><U119/><E119/><V58/><F98/><W68/><G11/><T110/><D124/><U113/><E113/><V90/><F78/><W93/><G19/><T37/><D77/><U36/><E36/><V47/><F58/><W95/><G39/><T91/><D57/><U117/><E117/><V114/><F114/><W30/><G30/><T23/><D37/><U108/><E108/><V14/><REACH who="2" step="1"/><F46/><REACH who="2" ten="378,277,122,203" step="2"/><W27/><G76/><T87/><D110/><U55/><E55/><V89/><F89/><W49/><G88/><T92/><D91/><U8/><E8/><V86/><F86/><W59/><G59/><T21/><D87/><U123/><E123/><V12/><F12/><W103/><G73/><T120/><D13/><U26/><E26/><V2/><F2/><W43/><G27/><T16/><D85/><U106/><AGARI ba="2,2" hai="9,15,18,25,29,33,60,62,63,65,69,99,101,106" machi="106" ten="20,8000,1" yaku="1,1,0,1,7,1,25,2,53,0" doraHai="44" doraHaiUra="134" who="1" fromWho="1" sc="378,-42,277,106,122,-22,203,-22" /><INIT seed="5,0,0,0,4,126" ten="336,383,100,181" oya="1" hai0="33,110,94,87,88,4,117,24,19,64,63,79,104" hai1="20,5,109,70,131,128,28,58,41,37,61,60,134" hai2="123,6,38,100,74,101,8,118,112,80,18,36,65" hai3="35,121,46,55,9,77,17,114,122,42,30,15,29"/><U68/><E5/><V135/><F118/><W102/><G114/><T81/><D117/><U103/><E103/><V89/><F135/><W1/><G102/><T26/><D104/><U40/><E20/><V32/><F32/><W22/><G55/><T47/><D110/><U0/><E28/><V98/><F65/><W2/><G77/><T105/><D105/><U34/><E0/><V71/><F71/><N who="1" m="27177" /><E34/><V57/><F57/><W39/><G30/><T7/><D33/><U51/><E134/><V119/><F119/><W116/><G116/><T11/><D19/><U82/><E82/><V62/><F62/><N who="1" m="24169" /><E109/><V84/><F18/><W124/><G1/><T108/><D108/><U27/><E27/><V49/><F123/><W43/><G2/><T106/><D106/><U132/><E132/><V95/><F49/><W133/><G35/><T67/><D26/><U72/><E72/><V73/><F112/><W96/><G17/><T44/><D24/><U99/><E99/><V56/><F56/><W66/><G96/><T13/><D7/><U83/><E83/><V14/><F101/><W91/><G29/><T90/><D90/><U120/><E120/><V69/><F69/><W3/><G91/><T48/><D81/><U76/><E76/><V23/><F23/><W25/><G22/><T129/><D79/><U16/><E16/><V92/><F92/><W125/><G133/><T54/><D94/><U45/><E58/><V59/><F59/><W53/><G122/><T93/><D63/><U75/><E75/><V52/><F74/><W31/><G121/><T113/><D93/><RYUUKYOKU ba="0,0" sc="336,-10,383,30,100,-10,181,-10" hai1="37,40,41,45,51,128,131" /><INIT seed="5,1,0,5,3,104" ten="326,413,90,171" oya="1" hai0="67,73,84,113,58,94,95,85,61,12,66,35,30" hai1="14,1,75,86,13,72,99,8,108,130,52,88,59" hai2="29,47,32,0,36,90,120,127,122,7,68,96,46" hai3="119,70,92,98,114,42,82,44,124,117,87,100,134"/><U50/><E1/><V41/><F47/><W51/><G70/><T125/><D73/><U128/><E99/><V69/><F90/><N who="3" m="51575" /><G114/><T6/><D113/><U39/><E39/><V27/><F96/><W74/><G74/><N who="1" m="28202" /><E8/><V131/><F131/><N who="1" m="50217" /><E108/><V38/><F127/><W78/><G78/><T77/><D77/><U80/><AGARI ba="1,0" hai="13,14,50,52,59,80,86,88" m="50217,28202" machi="80" ten="30,18000,2" yaku="19,1,52,3,54,2" doraHai="104" who="1" fromWho="1" sc="326,-61,413,183,90,-61,171,-61" /><INIT seed="5,2,0,0,3,89" ten="265,596,29,110" oya="1" hai0="128,92,65,95,17,39,19,90,51,4,98,6,130" hai1="114,62,22,37,99,111,79,56,68,24,53,108,117" hai2="125,67,29,32,85,86,129,1,49,33,23,80,13" hai3="20,96,8,100,0,73,71,126,116,26,57,76,72"/><U21/><E114/><V122/><F1/><W74/><G71/><T60/><D39/><U41/><E117/><V70/><F122/><W135/><G126/><T101/><D51/><U82/><E68/><V75/><F125/><W15/><G135/><T46/><D46/><U30/><E99/><V77/><F129/><N who="0" m="49770" /><D4/><U105/><E105/><V106/><F106/><W2/><G76/><T44/><D6/><U104/><E104/><V109/><F109/><N who="1" m="42057" /><E41/><V66/><F66/><W16/><G57/><N who="0" m="37007" /><D44/><U83/><E37/><V124/><F124/><W11/><G116/><T63/><D63/><U64/><E64/><V31/><F70/><W9/><REACH who="3" step="1"/><G26/><REACH who="3" ten="265,596,29,100" step="2"/><T28/><D28/><U27/><E79/><V5/><F31/><AGARI ba="2,1" hai="21,22,24,27,30,31,53,56,62,82,83" m="42057" machi="31" ten="30,1500,0" yaku="10,1" doraHai="89" who="1" fromWho="2" sc="265,0,596,31,29,-21,100,0" /><INIT seed="5,3,0,3,2,75" ten="265,627,8,100" oya="1" hai0="109,16,104,7,82,3,41,120,34,62,83,30,102" hai1="132,35,17,26,43,33,92,101,71,100,27,117,74" hai2="90,99,86,44,21,111,49,59,63,121,45,13,128" hai3="84,130,66,68,53,10,134,37,70,125,39,61,6"/><U103/><E74/><V115/><F111/><W2/><G53/><T42/><D16/><U14/><E71/><V9/><F121/><W106/><G84/><T105/><D62/><U5/><E5/><V131/><F115/><W64/><G125/><T15/><D15/><U50/><E132/><V79/><F99/><W124/><G124/><T95/><D95/><U85/><E35/><V81/><F21/><W93/><G93/><T118/><D30/><U65/><E33/><V18/><F131/><W129/><G106/><T98/><D34/><U69/><E69/><V58/><F128/><N who="3" m="49259" /><G134/><T32/><D42/><U54/><E65/><N who="2" m="39159" /><F90/><W0/><G0/><T47/><D41/><U126/><E43/><V107/><F107/><W112/><G112/><T108/><D105/><U51/><E126/><V36/><F36/><W96/><G96/><T77/><D98/><U76/><E92/><V73/><F73/><W94/><G94/><T12/><D3/><U11/><E85/><V135/><F135/><W46/><G66/><T55/><D108/><U97/><E97/><V116/><F116/><W20/><G70/><T40/><D104/><U38/><E117/><V19/><F18/><W57/><G68/><T52/><D118/><U80/><E38/><N who="3" m="14346" /><G20/><T114/><D32/><U88/><E88/><V133/><F133/><W48/><G48/><T29/><D114/><U56/><E51/><V78/><F59/><W113/><G113/><T4/><D109/><U123/><E123/><V31/><F31/><W1/><G1/><T91/><D120/><U67/><E67/><V110/><F110/><RYUUKYOKU ba="3,0" sc="265,-15,627,15,8,-15,100,15" hai1="11,14,17,26,27,50,54,56,76,80,100,101,103" hai3="2,6,10,46,57,61,64" owari="250,5.0,642,74.0,-7,-51.0,115,-28.0" /></mjloggm>