<mjloggm ver="2.3"><GO type="41" lobby="0"/><UN n0="%E7%AB%8B%E6%B3%A2" n1="%E5%BE%92%E6%89%8B%E7%A9%BA%E6%8B%B3" n2="%E3%82%B9%E3%83%A2%E3%83%BC%E3%82%AF%E3%83%81%E3%83%BC%E3%82%BA" n3="%E5%B0%B1%E6%B4%BB%E7%94%9F%40%E5%B7%9D%E6%9D%91%E8%BB%8D%E5%9B%A3" dan="13,15,14,15" rate="1851.31,1990.35,1926.97,1952.18" sx="M,M,M,M"/><TAIKYOKU oya="0"/><INIT seed="0,0,0,4,2,115" ten="250,250,250,250" oya="0" hai0="126,24,54,7,34,40,16,86,65,13,133,87,32" hai1="128,5,30,25,118,45,1,21,77,123,121,99,73" hai2="70,85,8,122,22,31,59,117,49,47,116,97,76" hai3="6,81,75,84,129,20,107,79,67,131,120,58,93"/><T89/><D7/><U50/><E128/><N who="3" m="49226" /><G6/><T110/><D133/><U41/><E118/><N who="2" m="45675" /><F70/><W19/><G107/><T66/><D126/><U63/><E63/><V111/><F111/><W96/><G120/><T102/><D40/><U28/><E28/><V82/><F59/><W103/><G58/><T11/><D102/><U43/><E43/><N who="2" m="24831" /><F8/><W27/><G67/><T132/><D132/><U46/><E46/><V38/><F38/><W127/><G127/><T0/><D110/><U72/><E72/><AGARI ba="0,0" hai="19,20,27,72,75,79,81,84,93,96,103" m="49226" machi="72" ten="30,1000,0" yaku="19,1" doraHai="115" who="3" fromWho="1" sc="250,0,250,-10,250,0,250,10" /><INIT seed="1,0,0,4,5,38" ten="250,240,250,260" oya="1" hai0="30,19,79,56,46,135,115,104,77,65,23,64,107" hai1="67,81,8,36,113,131,57,102,85,78,45,73,62" hai2="37,134,96,89,6,42,0,103,4,50,31,54,20" hai3="26,43,92,91,116,74,27,95,126,72,98,83,33"/><U58/><E113/><V117/><F117/><W99/><G116/><T127/><D115/><U71/><E131/><V114/><F114/><W7/><G126/><T1/><D127/><U3/><E102/><V109/><F109/><W86/><G7/><T101/><D1/><U97/><E97/><V94/><F134/><W121/><G121/><T35/><D135/><U111/><E85/><V40/><F37/><W60/><G60/><T22/><D56/><U129/><E129/><V53/><F0/><W16/><G33/><T10/><D35/><U14/><E111/><V82/><F82/><W63/><G63/><T21/><D101/><U34/><E34/><V28/><F103/><W9/><G72/><T59/><D59/><U17/><REACH who="1" step="1"/><E3/><REACH who="1" ten="250,230,250,260" step="2"/><V100/><F100/><W122/><G74/><T47/><D30/><N who="2" m="11306" /><F20/><W88/><G122/><T132/><D23/><U110/><E110/><V128/><F128/><W70/><G70/><T80/><D132/><U87/><E87/><V13/><F13/><N who="3" m="7215" /><G86/><T55/><D22/><U29/><E29/><V119/><F119/><W124/><G83/><T11/><D80/><U32/><E32/><V105/><F105/><W112/><G112/><T49/><D21/><U75/><E75/><V76/><F76/><N who="0" m="29258" /><D107/><U15/><E15/><V108/><F108/><W133/><G133/><T25/><D104/><U52/><E52/><N who="2" m="20075" /><F42/><AGARI ba="0,1" hai="8,14,17,36,42,45,57,58,62,67,71,73,78,81" machi="42" ten="40,7700,0" yaku="1,1,52,1,53,1" doraHai="38" doraHaiUra="5" who="1" fromWho="2" sc="250,0,230,87,250,-77,260,0" /><INIT seed="1,1,0,0,3,2" ten="250,317,173,260" oya="1" hai0="54,80,98,27,88,67,29,35,84,102,13,39,115" hai1="33,71,61,51,111,40,81,68,123,20,11,43,95" hai2="104,93,63,69,58,47,96,45,50,18,83,72,112" hai3="87,31,105,3,22,74,30,1,78,82,122,79,108"/><U70/><E33/><V28/><F104/><W57/><G122/><T64/><D115/><U56/><E123/><V100/><F112/><W116/><G105/><T101/><D39/><U76/><E111/><V19/><F69/><W6/><G108/><T75/><D75/><U109/><E109/><V90/><F28/><W106/><G106/><T73/><D73/><U14/><E20/><V118/><F47/><W126/><G126/><T120/><D120/><U4/><E51/><V49/><F49/><W91/><G116/><T52/><D13/><U135/><E95/><V134/><F134/><W124/><G124/><T8/><D8/><U114/><E135/><V99/><F118/><W41/><G41/><T65/><REACH who="0" step="1"/><D98/><REACH who="0" ten="240,317,173,260" step="2"/><U103/><E114/><V77/><F99/><W86/><G74/><T60/><D60/><U128/><E128/><V34/><F34/><W15/><G1/><T94/><D94/><U53/><REACH who="1" step="1"/><E103/><AGARI ba="1,1" hai="27,29,35,52,54,64,65,67,80,84,88,101,102,103" machi="103" ten="40,5200,0" yaku="1,1,54,2,53,0" doraHai="2" doraHaiUra="7" who="0" fromWho="1" sc="240,65,317,-55,173,0,260,0" /><INIT seed="2,0,0,5,2,112" ten="305,262,173,260" oya="2" hai0="20,133,11,96,110,80,94,41,115,57,12,59,79" hai1="109,93,31,86,68,6,14,103,107,54,49,55,71" hai2="32,43,36,28,18,91,65,15,29,132,38,35,95" hai3="1,83,46,56,4,34,5,84,19,101,87,30,134"/><V129/><F65/><W67/><G134/><T63/><D133/><U23/><E107/><V122/><F132/><W3/><G101/><T39/><D115/><U121/><E109/><V70/><F70/><W123/><G123/><T24/><D110/><U52/><E121/><V75/><F75/><W17/><G46/><T100/><D39/><U126/><E49/><V135/><F135/><W61/><G30/><T0/><D63/><U120/><E120/><V2/><F2/><W64/><G34/><T106/><D41/><U7/><E126/><V73/><F73/><W10/><G67/><T105/><D0/><U118/><E118/><V113/><F113/><W62/><G62/><T21/><D21/><U104/><E104/><V9/><F129/><W82/><G4/><T98/><D106/><U85/><E71/><V16/><F43/><W90/><REACH who="3" step="1"/><G1/><REACH who="3" ten="305,262,173,250" step="2"/><T51/><D59/><U124/><E68/><V117/><F122/><W130/><G130/><T60/><D60/><U47/><E47/><V53/><F32/><W22/><G22/><T25/><D57/><U92/><E103/><V88/><F35/><W76/><AGARI ba="0,1" hai="3,5,10,17,19,56,61,64,76,82,83,84,87,90" machi="76" ten="20,2700,0" yaku="1,1,0,1,7,1,53,0" doraHai="112" doraHaiUra="97" who="3" fromWho="3" sc="305,-7,262,-7,173,-13,250,37" /><INIT seed="3,0,0,4,1,81" ten="298,255,160,287" oya="3" hai0="24,65,68,74,36,53,49,111,51,27,115,35,38" hai1="16,80,102,41,112,44,135,82,114,48,4,33,31" hai2="22,116,62,106,6,117,15,20,126,9,17,72,50" hai3="60,34,91,113,120,59,92,84,89,88,14,25,110"/><W7/><G120/><T46/><D74/><U122/><E122/><V124/><F106/><W128/><G113/><T21/><D35/><U79/><E4/><V61/><F72/><W70/><G70/><T76/><D76/><U103/><E33/><V129/><F50/><W119/><G119/><T104/><D104/><U90/><E31/><V2/><F62/><W121/><G121/><T97/><D97/><U99/><E90/><N who="3" m="34922" /><G34/><T87/><D87/><U67/><E67/><V56/><F61/><W29/><G128/><T101/><D101/><U13/><E135/><V12/><F56/><W109/><G25/><T127/><D127/><U134/><E134/><V26/><F129/><W86/><G29/><T5/><D5/><U77/><E77/><V37/><F37/><W57/><G60/><N who="0" m="39975" /><D24/><U125/><E125/><N who="2" m="48235" /><F22/><W19/><G7/><T0/><D21/><U133/><E133/><V66/><F66/><W42/><G42/><N who="0" m="24791" /><D27/><U78/><E78/><V30/><F15/><W45/><G45/><N who="0" m="27887" /><D0/><U54/><E79/><V98/><F98/><N who="3" m="57631" /><G109/><T63/><D111/><U107/><E107/><V47/><F47/><W10/><G110/><T85/><D115/><U58/><E114/><V95/><F95/><W28/><G28/><T43/><D63/><U123/><E112/><V73/><F73/><W94/><G94/><T32/><D32/><U100/><E123/><V39/><F39/><N who="0" m="14890" /><D43/><U69/><E41/><V71/><F71/><W23/><G23/><T3/><D3/><U8/><E13/><V55/><F2/><W130/><G130/><T83/><D83/><U108/><E108/><RYUUKYOKU ba="0,0" sc="298,15,255,-15,160,-15,287,15" hai0="85" hai3="10,14,19,57,59,84,86" /><INIT seed="3,1,0,3,1,75" ten="313,240,145,302" oya="3" hai0="68,97,110,92,108,39,104,45,10,81,23,60,56" hai1="53,40,30,36,64,116,46,29,58,48,80,31,105" hai2="125,22,1,133,34,24,8,50,13,63,98,15,26" hai3="70,21,35,65,91,0,4,100,99,129,16,14,128"/><W12/><G70/><T123/><D104/><U38/><E105/><V51/><F98/><W74/><G74/><T121/><D10/><U57/><E116/><V93/><F93/><W90/><G65/><N who="0" m="40999" /><D23/><U72/><E64/><V127/><F63/><W9/><G35/><T71/><D81/><U113/><E113/><V41/><F41/><W55/><G0/><T132/><D92/><U76/><REACH who="1" step="1"/><E57/><REACH who="1" ten="313,230,145,302" step="2"/><V134/><F50/><AGARI ba="1,1" hai="29,30,31,36,38,40,46,48,50,53,58,72,76,80" machi="50" ten="40,5200,0" yaku="1,1,2,1,52,1,53,0" doraHai="75" doraHaiUra="59" who="1" fromWho="2" sc="313,0,230,65,145,-55,302,0" /><INIT seed="4,0,0,3,4,28" ten="313,295,90,302" oya="0" hai0="67,10,59,98,81,46,53,84,126,56,47,101,8" hai1="93,133,24,17,60,43,6,29,12,124,68,4,25" hai2="0,21,30,45,74,40,129,131,89,69,99,83,88" hai3="106,72,14,95,105,49,79,13,85,18,50,122,22"/><T108/><D126/><U23/><E124/><V130/><F69/><W91/><G122/><T2/><D2/><U34/><E133/><V82/><F0/><W135/><G135/><T70/><D70/><U48/><E93/><N who="2" m="56743" /><F21/><W80/><G14/><T109/><D67/><U134/><E134/><V71/><F71/><W115/><G115/><T39/><D39/><U123/><E123/><V5/><F5/><W75/><G75/><T26/><D26/><U63/><E24/><V52/><F30/><W77/><G77/><T87/><D98/><U54/><E43/><V36/><F74/><W114/><G114/><T3/><D3/><U66/><REACH who="1" step="1"/><E60/><REACH who="1" ten="313,285,90,302" step="2"/><V111/><F111/><W127/><G127/><T31/><D109/><U121/><E121/><V44/><F89/><W102/><G106/><T120/><D120/><U104/><E104/><V27/><F27/><W16/><G18/><T19/><D108/><U33/><E33/><V107/><F107/><W97/><AGARI ba="0,1" hai="13,16,22,49,50,72,79,80,85,91,95,97,102,105" machi="97" ten="30,7900,0" yaku="0,1,24,2,54,1" doraHai="28" who="3" fromWho="3" sc="313,-39,285,-20,90,-20,302,89" /><INIT seed="5,0,0,1,5,24" ten="274,265,70,391" oya="1" hai0="59,43,124,81,84,60,6,32,36,77,44,80,74" hai1="22,23,18,71,135,130,94,15,28,61,38,1,29" hai2="76,37,117,35,33,112,131,13,86,134,17,41,103" hai3="89,46,69,126,11,128,101,127,121,12,119,83,55"/><U106/><E106/><V100/><F117/><W90/><G121/><T99/><D124/><N who="3" m="47657" /><G128/><T93/><D6/><U20/><E38/><V113/><F131/><W57/><G69/><T56/><D32/><U82/><E130/><V97/><F37/><W132/><G132/><T72/><D60/><U31/><E135/><V118/><F118/><W85/><G119/><T105/><D105/><U7/><E82/><N who="2" m="47431" /><F41/><W50/><G101/><N who="2" m="38985" /><F134/><W27/><G27/><T75/><REACH who="0" step="1"/><D80/><REACH who="0" ten="264,265,70,391" step="2"/><U8/><REACH who="1" step="1"/><E94/><REACH who="1" ten="264,255,70,391" step="2"/><V49/><F35/><W98/><G83/><T4/><D4/><U79/><E79/><V125/><F125/><W48/><G85/><T133/><D133/><U42/><E42/><V53/><F33/><W39/><G98/><T65/><D65/><AGARI ba="0,2" hai="1,7,8,15,18,20,22,23,28,29,31,61,65,71" machi="65" ten="40,12000,1" yaku="1,1,52,3,53,1" doraHai="24" doraHaiUra="0" who="1" fromWho="0" sc="264,-120,255,140,70,0,391,0" /><INIT seed="5,1,0,5,3,43" ten="144,395,70,391" oya="1" hai0="94,110,88,125,30,117,99,100,113,61,127,102,47" hai1="21,83,36,15,54,133,51,111,121,86,45,68,81" hai2="29,58,98,9,4,64,96,33,89,85,115,74,23" hai3="124,59,101,14,126,97,79,72,112,44,129,48,90"/><U27/><E121/><V34/><F74/><W31/><G129/><T71/><D113/><U134/><E68/><V93/><F115/><W132/><G112/><T28/><D110/><U5/><E36/><V62/><F34/><W77/><G132/><N who="1" m="50794" /><E111/><V11/><F33/><W84/><G31/><T131/><D117/><U69/><E69/><V119/><F119/><W20/><G59/><T12/><D12/><U52/><E54/><V55/><F96/><W3/><G3/><T32/><D131/><U116/><E116/><V109/><F109/><W50/><G50/><T107/><D47/><U104/><E104/><V73/><F73/><W56/><G56/><T57/><D71/><U82/><E5/><V2/><F2/><W70/><G70/><T66/><D32/><U106/><E15/><V67/><F67/><W16/><G72/><T0/><D0/><U95/><E95/><V7/><F7/><W135/><G135/><T130/><D130/><U46/><E46/><V35/><F35/><W22/><G22/><T76/><D76/><N who="1" m="46375" /><E106/><V108/><F108/><W8/><G20/><T87/><REACH who="0" step="1"/><D102/><REACH who="0" ten="134,395,70,391" step="2"/><U78/><E78/><V114/><F114/><W24/><G79/><T60/><D60/><U18/><AGARI ba="1,1" hai="18,21,27,45,51,52,82,83" m="46375,50794" machi="18" ten="30,6000,0" yaku="20,1,52,1,54,1" doraHai="43" who="1" fromWho="1" sc="134,-21,395,73,70,-21,391,-21" /><INIT seed="5,2,0,2,5,18" ten="113,468,49,370" oya="1" hai0="4,56,34,10,21,5,44,135,132,96,9,108,72" hai1="40,13,60,119,46,93,57,48,126,130,11,134,20" hai2="110,29,107,14,30,67,85,88,86,49,8,102,113" hai3="52,79,24,38,6,27,114,25,55,16,41,133,59"/><U105/><E119/><V101/><F110/><W124/><G114/><T35/><D108/><U7/><E105/><V22/><F67/><W80/><G124/><T50/><D72/><U120/><E120/><V106/><F106/><W112/><G112/><T45/><D56/><U75/><E75/><V58/><F107/><W127/><G127/><T32/><D96/><U62/><E126/><V74/><F74/><W36/><G6/><T97/><D97/><U19/><E130/><V76/><F76/><W83/><G133/><N who="0" m="51275" /><D50/><U15/><E134/><V1/><F1/><W109/><G109/><T64/><D64/><U116/><E116/><V91/><F113/><W26/><G55/><T98/><D98/><U82/><E82/><V128/><F128/><W47/><G36/><T42/><D42/><U129/><E129/><V63/><F49/><W77/><G77/><T104/><D104/><U121/><E121/><V69/><F69/><W70/><G70/><T81/><D81/><U71/><E71/><V125/><F125/><W2/><G2/><N who="0" m="151" /><D21/><U87/><E57/><V33/><F33/><W66/><G66/><T122/><D122/><U39/><E39/><V43/><F43/><W17/><N who="3" m="6656" /><DORA hai="31" /><W84/><REACH who="3" step="1"/><G80/><REACH who="3" ten="113,468,49,360" step="2"/><T23/><D23/><U68/><E68/><V118/><F118/><W78/><G78/><T92/><D92/><U61/><E93/><V94/><F22/><W37/><G37/><T99/><D5/><U95/><E95/><N who="2" m="54671" /><F30/><W0/><G0/><T103/><D35/><U53/><E53/><N who="2" m="34255" /><F29/><W3/><G3/><T65/><D34/><U89/><E20/><RYUUKYOKU ba="2,1" sc="113,-15,468,-15,49,15,360,15" hai2="8,14,86,91,94,101,102" hai3="16,17,38,41,47,52,59,79,83,84" /><INIT seed="6,3,1,2,1,63" ten="98,453,64,375" oya="2" hai0="44,19,66,15,103,133,7,12,79,104,32,101,76" hai1="65,43,99,82,16,67,88,51,2,84,117,61,113" hai2="124,10,17,46,31,21,29,77,89,96,57,114,116" hai3="58,23,24,52,4,111,36,0,49,78,109,120,83"/><V118/><F77/><W13/><G120/><T125/><D133/><U22/><E117/><V105/><F124/><W110/><G36/><T35/><D125/><U135/><E2/><V92/><F105/><W26/><G0/><T119/><D104/><U107/><E135/><V115/><F10/><W95/><G95/><T75/><D119/><U81/><E113/><N who="2" m="43019" /><F46/><W87/><REACH who="3" step="1"/><G23/><REACH who="3" ten="98,453,64,365" step="2"/><T121/><D121/><U40/><E81/><V134/><F134/><W94/><G94/><T55/><D35/><U100/><E51/><V5/><F5/><W18/><G18/><T69/><D32/><U97/><E97/><V70/><F70/><W1/><G1/><T39/><D39/><U38/><E38/><V71/><F71/><W68/><G68/><T41/><D69/><U45/><E16/><V42/><F42/><W85/><G85/><T60/><D60/><U3/><E22/><V73/><F73/><W37/><G37/><T123/><D123/><U80/><E3/><V74/><F74/><W128/><G128/><T33/><D33/><U131/><E131/><V106/><F106/><W34/><G34/><T129/><D129/><U30/><E80/><V11/><F11/><AGARI ba="3,2" hai="4,11,13,24,26,49,52,58,78,83,87,109,110,111" machi="11" ten="40,2600,0" yaku="1,1,54,1,53,0" doraHai="63" doraHaiUra="28" who="3" fromWho="2" sc="98,0,453,0,64,-35,365,55" /><INIT seed="7,0,0,2,2,21" ten="98,453,29,420" oya="3" hai0="131,36,129,68,31,77,92,0,114,121,1,118,42" hai1="101,6,29,79,65,19,18,34,32,128,16,17,33" hai2="54,107,119,26,35,63,57,61,102,99,135,115,8" hai3="38,76,75,120,11,97,112,56,81,10,133,124,4"/><W71/><G120/><T106/><D106/><U58/><E101/><V74/><F74/><W14/><G71/><T95/><D95/><U5/><E79/><V62/><F119/><W25/><G112/><T105/><D105/><U2/><E65/><V41/><F41/><W3/><G124/><T100/><D100/><U85/><E58/><V13/><F115/><W91/><G133/><T60/><D60/><U111/><E85/><V51/><F135/><W59/><G38/><T46/><D46/><U127/><E127/><V82/><F82/><W67/><G67/><T69/><D69/><U24/><E111/><V123/><F123/><W80/><G25/><T66/><D66/><U73/><E73/><V9/><F13/><W45/><G45/><T28/><D28/><U55/><E55/><V48/><F48/><W64/><G64/><T40/><D40/><U125/><E125/><V109/><F109/><W103/><G91/><T78/><D78/><U27/><E128/><V20/><F35/><N who="1" m="13385" /><E2/><V84/><F84/><W43/><G43/><T53/><D53/><U22/><AGARI ba="0,0" hai="5,6,16,17,18,19,22,24,27,29,34" m="13385" machi="22" ten="40,16000,3" yaku="35,5,52,2,54,1" doraHai="21" who="1" fromWho="1" sc="98,-40,453,160,29,-40,420,-80" owari="58,-34.0,613,71.0,-11,-51.0,340,14.0" /></mjloggm>