<mjloggm ver="2.3"><GO type="41" lobby="0"/><UN n0="%E3%81%AF%E3%81%98%E3%82%81%E3%81%A6%E3%81%AE%54" n1="%74%65%72%75%74%61%6B%75" n2="%70%6F%6E%73%68%75" n3="%E5%B0%B1%E6%B4%BB%E7%94%9F%40%E5%B7%9D%E6%9D%91%E8%BB%8D%E5%9B%A3" dan="14,14,13,15" rate="2078.07,1955.34,1861.78,1963.81" sx="M,M,M,M"/><TAIKYOKU oya="0"/><INIT seed="0,0,0,3,0,84" ten="250,250,250,250" oya="0" hai0="39,1,3,41,117,76,20,16,11,28,18,2,29" hai1="112,75,128,23,94,46,71,88,45,64,78,135,91" hai2="125,63,19,21,113,109,7,35,25,108,43,132,33" hai3="65,98,48,119,127,15,60,89,79,58,97,107,134"/><T83/><D117/><U67/><E112/><V115/><F43/><W120/><G119/><T92/><D41/><U86/><E75/><V80/><F63/><W124/><G120/><T133/><D39/><U30/><E78/><V87/><F87/><W116/><G116/><T13/><D133/><U102/><E135/><V56/><F56/><W129/><G134/><T6/><D92/><N who="1" m="54391" /><E71/><V49/><F49/><W114/><G114/><N who="2" m="43529" /><F80/><W110/><G110/><N who="2" m="42601" /><F132/><W4/><G79/><T105/><D105/><U5/><E102/><V95/><F95/><W101/><G129/><T96/><D96/><N who="1" m="57415" /><E5/><V26/><F125/><W0/><G0/><N who="0" m="107" /><D83/><U77/><E128/><V100/><F100/><W68/><G101/><T69/><D76/><U121/><E77/><V99/><F99/><W104/><G98/><T81/><D81/><U82/><E82/><V70/><F70/><W55/><G104/><T93/><D93/><U130/><E130/><V126/><F126/><W57/><G68/><T51/><D69/><U73/><E73/><V59/><F59/><W50/><G107/><T42/><D42/><U14/><E121/><V131/><F7/><W72/><G72/><T37/><D37/><U36/><E36/><V52/><F131/><W24/><G124/><T122/><D122/><U90/><E90/><V27/><F52/><W31/><G127/><T47/><D47/><N who="1" m="17931" /><E30/><N who="0" m="11881" /><D51/><U103/><E103/><V10/><F10/><N who="3" m="4551" /><G50/><T32/><D32/><AGARI ba="0,0" hai="19,21,25,26,27,32,33,35" m="42601,43529" machi="32" ten="40,5200,0" yaku="14,1,34,2" doraHai="84" who="2" fromWho="0" sc="250,-52,250,0,250,52,250,0" /><INIT seed="1,0,0,0,5,10" ten="198,250,302,250" oya="1" hai0="57,12,116,69,60,30,70,67,106,82,17,3,103" hai1="40,73,105,62,46,0,51,123,133,102,32,124,75" hai2="16,119,20,58,132,34,72,23,13,14,56,61,134" hai3="117,47,83,5,48,19,4,80,26,36,76,18,120"/><U1/><E123/><V86/><F72/><W118/><G36/><T92/><D116/><N who="3" m="44649" /><G120/><T41/><D3/><N who="1" m="1099" /><E51/><V11/><F34/><W25/><G48/><T66/><D30/><U125/><E62/><V91/><F119/><W71/><G47/><T50/><D106/><U35/><E46/><V113/><F113/><W63/><G63/><T2/><D2/><U128/><E40/><V89/><F86/><W21/><G71/><T110/><D110/><U112/><E112/><V37/><F37/><W9/><G76/><T29/><D29/><U52/><E52/><V98/><F98/><W96/><G96/><T68/><D82/><N who="3" m="31273" /><G9/><T109/><D109/><U94/><E94/><V99/><F99/><W114/><G114/><T131/><D131/><U100/><E100/><V45/><F45/><W6/><G21/><T59/><D103/><U64/><E64/><V130/><F130/><W122/><G122/><T88/><D41/><U15/><E128/><V8/><F61/><W74/><G74/><N who="1" m="28170" /><E15/><V54/><F54/><W81/><N who="3" m="31281" /><W126/><DORA hai="93" /><G126/><N who="1" m="48746" /><E102/><V39/><F39/><W65/><G65/><T42/><D42/><U115/><E115/><V108/><F16/><AGARI ba="0,0" hai="4,5,6,16,18,19,25,26" m="31281,44649" machi="16" ten="40,8000,1" yaku="28,2,12,1,54,1" doraHai="10,93" who="3" fromWho="2" sc="198,0,250,0,302,-80,250,80" /><INIT seed="2,0,0,0,4,21" ten="198,250,222,330" oya="2" hai0="51,76,118,115,84,94,105,120,46,68,103,83,64" hai1="44,53,77,30,97,71,65,82,104,99,33,132,43" hai2="55,24,90,38,93,67,61,14,4,37,85,114,49" hai3="131,1,89,41,78,50,101,20,39,81,47,25,121"/><V116/><F116/><W54/><G121/><T27/><D120/><U75/><E53/><V42/><F114/><W9/><G131/><T62/><D115/><U34/><E99/><V35/><F42/><W87/><G101/><T6/><D118/><U18/><E18/><V133/><F133/><W96/><G1/><T130/><D130/><U126/><E132/><V56/><F4/><W16/><G9/><T122/><D122/><U124/><E30/><V92/><F92/><N who="3" m="56335" /><G39/><T123/><D123/><U112/><E112/><V125/><F125/><W5/><G5/><T91/><D6/><U3/><E3/><V128/><F128/><W110/><G110/><T72/><D27/><U52/><E52/><AGARI ba="0,0" hai="16,20,25,41,47,50,52,54,78,81,87" m="56335" machi="52" ten="30,7700,0" yaku="8,1,52,1,54,2" doraHai="21" who="3" fromWho="1" sc="198,0,250,-77,222,0,330,77" /><INIT seed="3,0,0,4,4,9" ten="198,173,222,407" oya="3" hai0="124,1,117,23,91,134,73,123,90,82,24,65,11" hai1="21,95,109,105,30,58,25,35,57,115,118,43,12" hai2="128,116,77,52,44,101,111,126,0,59,87,85,79" hai3="5,10,29,51,132,104,53,106,6,66,42,88,120"/><W68/><G120/><T17/><D117/><U7/><E105/><V133/><F0/><W28/><G132/><T37/><D37/><U131/><E118/><V127/><F116/><W32/><G42/><T38/><D123/><U26/><E115/><V81/><F44/><W19/><G66/><T112/><D112/><U130/><E43/><V80/><F111/><W33/><G68/><T40/><D134/><U113/><E113/><V121/><F133/><W67/><G67/><T54/><D65/><U78/><E78/><V96/><F121/><W83/><G104/><T60/><D124/><U8/><E95/><V103/><F59/><W41/><G41/><T4/><D60/><U22/><E58/><V72/><F52/><W119/><G106/><T48/><D54/><U50/><E57/><V69/><F69/><W31/><G119/><T94/><D48/><U76/><E50/><V84/><F128/><N who="1" m="49193" /><E76/><V56/><F56/><N who="3" m="32831" /><G33/><T100/><D100/><N who="2" m="38474" /><F96/><W125/><G32/><T102/><D102/><U92/><E92/><V34/><F34/><W108/><G108/><T107/><D94/><U61/><E61/><V98/><F98/><W99/><G125/><N who="2" m="47625" /><F72/><W129/><G129/><T97/><D97/><U64/><E64/><V110/><F110/><W70/><G70/><T27/><D107/><U71/><E71/><V62/><F62/><W45/><G45/><N who="0" m="23703" /><D27/><N who="1" m="18911" /><E109/><V49/><F49/><W63/><G63/><T16/><D17/><N who="1" m="10407" /><E22/><V39/><F39/><W74/><G74/><T20/><D20/><U18/><E18/><V46/><F46/><W55/><G99/><T47/><D47/><RYUUKYOKU ba="0,0" sc="198,10,173,10,222,10,407,-30" hai0="1,4,11,16,23,24,73,82,90,91" hai1="7,8,25,26" hai2="77,79,80,81,84,85,87" /><INIT seed="4,1,0,0,2,119" ten="208,183,232,377" oya="0" hai0="88,114,93,67,29,46,51,61,109,124,123,3,18" hai1="7,72,130,39,131,75,101,129,96,36,98,87,59" hai2="68,128,41,126,22,112,64,2,5,80,133,71,122" hai3="21,107,55,83,20,10,121,9,58,74,31,116,78"/><T120/><D3/><U84/><E7/><V32/><F22/><W34/><G107/><T85/><D114/><U17/><E17/><V14/><F14/><W82/><G116/><T104/><D104/><U52/><E39/><V23/><F23/><W63/><G34/><T108/><D124/><U66/><E66/><V57/><F57/><W117/><G117/><T62/><D29/><U92/><E36/><V48/><F48/><W73/><G121/><T26/><D26/><U15/><E15/><V81/><F41/><W115/><G115/><T47/><D18/><U69/><E69/><V134/><F32/><W113/><G113/><T40/><D47/><U35/><E35/><V1/><F5/><W8/><G31/><T13/><D13/><U97/><E52/><V105/><F112/><W125/><G125/><T16/><D16/><U37/><E59/><V6/><F6/><W86/><REACH who="3" step="1"/><G74/><REACH who="3" ten="208,183,232,367" step="2"/><N who="1" m="28202" /><E37/><V91/><F105/><W106/><G106/><T110/><D62/><U33/><E33/><V127/><F122/><W44/><G44/><T27/><D27/><U56/><E56/><AGARI ba="1,1" hai="40,46,51,56,61,67,85,88,93,108,109,110,120,123" machi="56" ten="40,12000,1" yaku="10,1,52,2,54,1" doraHai="119" who="0" fromWho="1" sc="208,133,183,-123,232,0,367,0" /><INIT seed="4,2,0,0,4,93" ten="341,60,232,367" oya="0" hai0="92,115,63,95,34,87,16,11,130,119,91,78,94" hai1="54,15,6,20,48,72,102,60,57,38,4,21,44" hai2="81,23,132,29,30,66,69,101,37,80,73,124,134" hai3="98,110,71,65,105,35,19,62,118,75,49,67,56"/><T3/><D119/><U8/><E38/><V46/><F124/><W100/><G110/><T133/><D34/><U121/><E72/><V50/><F37/><W97/><G118/><T125/><D125/><U7/><E121/><V96/><F73/><W64/><G75/><T27/><D130/><U108/><E108/><V107/><F30/><W109/><G109/><T2/><D115/><U76/><E76/><V99/><F69/><W0/><G0/><T1/><D133/><N who="2" m="51306" /><F66/><W58/><G35/><T9/><D78/><U126/><E126/><V88/><F23/><W68/><G19/><T116/><D116/><U135/><E135/><V103/><F29/><W114/><G114/><T17/><D63/><U123/><E123/><V42/><F88/><W117/><G117/><T25/><D91/><U113/><E113/><V104/><AGARI ba="2,0" hai="42,46,50,80,81,96,99,101,103,104,107" m="51306" machi="104" ten="30,4000,0" yaku="20,1,52,2" doraHai="93" who="2" fromWho="2" sc="341,-22,60,-12,232,46,367,-12" /><INIT seed="5,0,0,5,3,14" ten="319,48,278,355" oya="1" hai0="126,117,42,20,43,112,115,4,61,21,60,64,87" hai1="18,78,86,90,63,123,132,13,127,38,94,9,92" hai2="17,53,34,11,80,66,8,98,44,55,0,89,101" hai3="110,47,6,28,2,45,41,70,72,15,133,48,1"/><U12/><E38/><V125/><F34/><W105/><G105/><T107/><D107/><U109/><E123/><V37/><F125/><W46/><G72/><T25/><D117/><U77/><E127/><V23/><F66/><W79/><G110/><T91/><D126/><U118/><E118/><V32/><F32/><W5/><G70/><T10/><D43/><U96/><E109/><V54/><F0/><W24/><G133/><T40/><D40/><U75/><E75/><V67/><F67/><W50/><G79/><T22/><D42/><U16/><E132/><V114/><F114/><N who="0" m="43562" /><D25/><U73/><E63/><V27/><F44/><W116/><G116/><T97/><D97/><U82/><E73/><V3/><F3/><W83/><G41/><T36/><D36/><U56/><E56/><V35/><F35/><W134/><G134/><T135/><D135/><U131/><E131/><V104/><REACH who="2" step="1"/><F37/><REACH who="2" ten="319,48,268,355" step="2"/><W26/><G47/><T108/><D64/><U121/><E121/><V99/><F99/><W7/><G2/><N who="0" m="279" /><D108/><U124/><E124/><V33/><F33/><W76/><G1/><T106/><D106/><U29/><E29/><V81/><F81/><AGARI ba="0,1" hai="20,21,22,60,61,81,87,91" m="279,43562" machi="81" ten="30,1000,0" yaku="15,1" doraHai="14" who="0" fromWho="2" sc="319,20,48,0,268,-10,355,0" /><INIT seed="6,0,0,0,4,14" ten="339,48,258,355" oya="2" hai0="54,25,50,73,53,97,2,102,60,103,80,115,123" hai1="51,34,17,126,23,95,16,52,128,129,70,36,30" hai2="109,3,57,108,47,91,24,22,72,18,40,90,10" hai3="63,12,118,121,4,61,66,55,135,8,1,13,134"/><V44/><F72/><W124/><G121/><T6/><D123/><U39/><E70/><V37/><F57/><N who="3" m="35007" /><G118/><T131/><D115/><U104/><E104/><V106/><F106/><W130/><G130/><N who="1" m="50282" /><E95/><V110/><F3/><W74/><G74/><T76/><D131/><U132/><E34/><V33/><F33/><W86/><G86/><T71/><D6/><U83/><E83/><V81/><F10/><W82/><G82/><T111/><D2/><U64/><E64/><V48/><REACH who="2" step="1"/><F81/><REACH who="2" ten="339,48,248,355" step="2"/><W31/><G124/><T15/><D80/><U26/><E126/><V21/><F21/><W122/><G122/><T28/><D73/><U5/><E5/><V101/><F101/><W127/><G127/><T84/><D103/><U45/><E132/><N who="3" m="50730" /><G31/><T20/><D28/><U85/><E85/><V69/><F69/><AGARI ba="0,1" hai="1,4,8,12,13,63,66,69" m="50730,35007" machi="69" ten="30,1000,0" yaku="20,1" doraHai="14" who="3" fromWho="2" sc="339,0,48,0,248,-10,355,20" /><INIT seed="7,0,0,4,5,107" ten="339,48,238,375" oya="3" hai0="77,42,106,102,56,79,85,14,31,131,49,0,113" hai1="91,48,76,75,20,130,52,28,65,32,62,30,57" hai2="16,96,92,53,29,25,66,46,90,67,82,128,40" hai3="55,101,33,110,124,47,111,27,103,93,24,63,72"/><W83/><G124/><T35/><D0/><U121/><E121/><V97/><F128/><W126/><G126/><T104/><D131/><U109/><E130/><V12/><F97/><N who="3" m="59567" /><G33/><T89/><D113/><U64/><E64/><V80/><F53/><W108/><G103/><T114/><D114/><U123/><E32/><V60/><F67/><W17/><G17/><T132/><D132/><U122/><E109/><V18/><F18/><W133/><G133/><T38/><D38/><U23/><E123/><V127/><F127/><W71/><G71/><T78/><D31/><U118/><E118/><V7/><F7/><W87/><G72/><T86/><D35/><U26/><E122/><V74/><F74/><W37/><G63/><T70/><D70/><U129/><E129/><V3/><F3/><W100/><G100/><T95/><D14/><U15/><E91/><V8/><F25/><W51/><G37/><T36/><D36/><U120/><E120/><V68/><REACH who="2" step="1"/><F29/><REACH who="2" ten="339,48,228,375" step="2"/><W22/><G22/><T39/><D42/><U4/><E76/><AGARI ba="0,1" hai="24,27,47,51,55,76,83,87,108,110,111" m="59567" machi="76" ten="30,1500,0" yaku="10,1" doraHai="107" who="3" fromWho="1" sc="339,0,48,-15,228,0,375,25" owari="339,14.0,33,-47.0,228,-17.0,400,50.0" /></mjloggm>