<mjloggm ver="2.3"><GO type="97" lobby="0"/><UN n0="%E3%81%B6%E3%81%9F%EF%BC%A0%E3%81%A1%E3%82%85%E3%81%86" n1="%E5%BE%92%E6%89%8B%E7%A9%BA%E6%8B%B3" n2="%E7%94%B0%E4%B8%AD%E7%94%B0%E4%B8%AD" n3="%E5%B0%B1%E6%B4%BB%E7%94%9F%40%E5%B7%9D%E6%9D%91%E8%BB%8D%E5%9B%A3" dan="16,14,15,15" rate="2063.78,1893.00,1953.11,2019.85" sx="M,M,F,M"/><TAIKYOKU oya="0"/><INIT seed="0,0,0,0,0,105" ten="250,250,250,250" oya="0" hai0="61,104,39,62,121,3,87,42,76,81,115,134,48" hai1="132,22,56,126,10,38,71,99,119,117,46,120,131" hai2="63,129,73,44,98,34,95,110,89,108,90,1,21" hai3="9,109,93,125,60,31,106,20,40,25,83,112,52"/><T72/><D3/><U59/><E120/><V27/><F1/><W123/><G106/><T2/><D121/><U57/><E71/><V11/><F34/><W7/><G123/><T135/><D115/><U68/><E126/><V74/><F129/><W17/><G112/><T102/><D2/><U64/><E68/><V69/><F11/><W100/><G109/><N who="2" m="42089" /><F44/><W35/><G40/><T128/><D48/><U43/><E64/><N who="2" m="41119" /><F90/><W96/><G125/><T107/><D87/><U50/><E132/><N who="0" m="50729" /><D128/><U77/><E131/><V47/><F47/><W51/><G60/><N who="0" m="23147" /><D102/><U36/><E77/><V70/><F70/><W91/><G100/><T33/><D33/><U127/><E127/><V67/><F67/><W66/><G66/><T79/><D79/><U65/><E65/><V88/><F89/><W86/><G35/><T24/><D39/><U18/><E10/><V30/><AGARI ba="0,0" hai="21,27,30,73,74,88,95,98" m="41119,42089" machi="30" ten="30,7900,0" yaku="14,1,52,2,54,1" doraHai="105" who="2" fromWho="2" sc="250,-39,250,-20,250,79,250,-20" /><INIT seed="1,0,0,2,2,31" ten="211,230,329,230" oya="1" hai0="86,94,61,95,22,48,1,23,60,126,28,69,101" hai1="80,132,39,88,36,96,85,113,77,71,114,8,18" hai2="6,131,135,115,97,72,90,57,5,107,117,102,62" hai3="30,51,130,111,54,53,87,112,99,47,17,67,68"/><U25/><E71/><V44/><F117/><W123/><G112/><T13/><D1/><U122/><E122/><V9/><F115/><W76/><G123/><T118/><D118/><U34/><E132/><V2/><F135/><W21/><G130/><T128/><D128/><U24/><E8/><V108/><F131/><W74/><G74/><T27/><D126/><U84/><E96/><V81/><F108/><W33/><G111/><T40/><D69/><U89/><E77/><V4/><F44/><W55/><G99/><N who="0" m="59639" /><D40/><U42/><E18/><V19/><F19/><W65/><G30/><T38/><D38/><U92/><E42/><V64/><F72/><W82/><G33/><T106/><D106/><U63/><E63/><V91/><F81/><W103/><G103/><T52/><D22/><U32/><E80/><V49/><F49/><W70/><G70/><T0/><D13/><U26/><E26/><V58/><F58/><W41/><REACH who="3" step="1"/><G68/><REACH who="3" ten="211,230,329,220" step="2"/><T121/><D121/><U78/><E78/><V83/><F2/><W98/><G98/><T16/><D0/><U105/><E105/><V119/><F107/><W75/><G75/><T50/><D28/><U15/><E15/><AGARI ba="0,1" hai="15,17,21,41,47,51,53,54,55,65,67,76,82,87" machi="15" ten="40,5200,0" yaku="1,1,8,1,53,1" doraHai="31" doraHaiUra="79" who="3" fromWho="1" sc="211,0,230,-52,329,0,220,62" /><INIT seed="2,0,0,1,3,11" ten="211,178,329,282" oya="2" hai0="3,46,53,112,41,87,76,135,12,4,1,86,19" hai1="9,84,22,117,82,57,98,61,7,119,100,130,21" hai2="77,118,29,35,103,78,85,36,20,132,101,54,50" hai3="91,66,129,34,60,97,52,28,126,80,26,65,58"/><V6/><F118/><W5/><G126/><T74/><D112/><U90/><E130/><V75/><F36/><W67/><G129/><T62/><D135/><U89/><E89/><V114/><F114/><W70/><G5/><T79/><D4/><U63/><E119/><V110/><F110/><W44/><G44/><T51/><D74/><U30/><E117/><V109/><F75/><W71/><G80/><T131/><D131/><U17/><E30/><V105/><F132/><W94/><AGARI ba="0,0" hai="26,28,34,52,58,60,65,66,67,70,71,91,94,97" machi="94" ten="30,2000,0" yaku="0,1,54,1" doraHai="11" who="3" fromWho="3" sc="211,-5,178,-5,329,-10,282,20" /><INIT seed="3,0,0,1,1,87" ten="206,173,319,302" oya="3" hai0="114,127,117,95,132,99,135,78,46,29,70,35,4" hai1="36,75,48,101,21,90,110,6,134,9,32,20,59" hai2="42,130,119,97,121,109,3,15,118,89,17,5,24" hai3="56,125,58,7,98,102,80,13,23,69,2,74,126"/><W66/><G2/><T115/><D70/><U68/><E32/><V12/><F121/><W129/><G129/><T8/><D117/><U45/><E68/><V83/><F130/><W63/><G74/><T93/><D46/><U41/><E110/><V72/><F109/><W57/><G80/><T77/><D127/><N who="3" m="48649" /><G7/><T1/><D29/><U122/><E122/><V76/><F3/><W53/><G13/><T120/><D35/><U55/><E75/><V39/><F5/><W62/><G23/><T31/><D31/><U14/><E134/><N who="0" m="51241" /><D95/><U28/><E28/><V61/><F12/><W96/><G96/><T10/><D10/><U50/><E101/><V44/><F15/><W26/><G26/><T64/><D64/><U85/><REACH who="1" step="1"/><E36/><REACH who="1" ten="206,163,319,302" step="2"/><V84/><F119/><W91/><G91/><N who="0" m="55743" /><D120/><U94/><AGARI ba="0,1" hai="6,9,14,20,21,41,45,48,50,55,59,85,90,94" machi="94" ten="20,12000,2" yaku="1,1,0,1,7,1,8,1,52,1,53,1" doraHai="87" doraHaiUra="0" who="1" fromWho="1" sc="206,-30,163,130,319,-30,302,-60" /><INIT seed="4,0,0,2,4,68" ten="176,293,289,242" oya="0" hai0="41,20,15,2,74,97,104,43,62,106,27,48,3" hai1="128,85,57,95,65,16,30,90,1,28,29,131,35" hai2="70,132,9,5,73,59,66,99,42,55,133,45,92" hai3="10,11,129,130,124,51,31,61,101,67,96,13,38"/><T33/><D33/><U125/><E1/><V12/><F73/><W120/><G31/><T60/><D74/><U87/><E35/><V22/><F70/><N who="3" m="42351" /><G120/><T91/><D3/><U6/><E125/><V105/><F105/><N who="3" m="63655" /><G124/><T52/><D2/><U56/><E65/><V64/><F22/><W93/><G93/><N who="0" m="56511" /><D106/><U88/><E16/><V84/><F84/><W54/><G13/><T86/><D15/><U83/><E6/><V121/><F121/><W23/><G23/><T82/><D104/><U98/><E98/><V17/><F17/><W69/><G69/><T21/><D62/><U39/><E39/><V135/><F92/><W122/><G38/><T107/><D60/><U53/><E53/><V134/><F99/><W63/><G63/><T34/><D107/><U81/><E95/><V80/><F80/><W7/><G7/><T76/><D34/><U110/><E110/><V19/><F5/><W8/><G122/><T71/><D71/><U109/><E109/><V50/><F135/><W114/><G114/><T25/><D21/><U126/><E126/><V37/><AGARI ba="0,0" hai="9,12,19,37,42,45,50,55,59,64,66,132,133,134" machi="37" ten="30,4000,0" yaku="0,1,20,1,52,1" doraHai="68" who="2" fromWho="2" sc="176,-20,293,-10,289,40,242,-10" owari="156,-34.0,283,8.0,329,43.0,232,-17.0" /></mjloggm>