<mjloggm ver="2.3"><GO type="169" lobby="0"/><UN n0="%E3%82%A6%E3%83%AB%E3%83%88%E3%83%A9%E7%AB%8B%E7%9B%B4" n1="%68%61%79%61%74%6F%E2%98%86" n2="%E8%A5%BF%E6%9D%91%E9%9B%84%E4%B8%80%E9%83%8E" n3="%E3%83%81%E3%83%BC%E3%82%BF%E3%83%BC" dan="18,17,16,17" rate="2219.75,2129.41,2098.55,2161.97" sx="M,M,M,M"/><TAIKYOKU oya="0"/><INIT seed="0,0,0,0,0,78" ten="250,250,250,250" oya="0" hai0="52,16,38,47,13,66,110,15,88,71,70,132,92" hai1="103,89,33,120,124,49,113,6,28,1,118,122,32" hai2="53,23,107,5,46,10,2,60,61,129,27,4,35" hai3="73,104,40,76,36,0,79,42,86,98,29,43,95"/><T26/><D132/><U62/><E118/><V130/><F107/><W69/><G69/><T77/><D110/><U56/><E113/><V117/><F35/><W81/><G0/><T85/><D77/><U63/><E103/><V59/><F5/><W82/><G29/><T12/><D66/><U135/><E56/><V101/><F101/><W41/><G104/><T68/><D26/><U7/><E89/><V115/><F115/><W25/><G25/><T48/><REACH who="0" step="1"/><D38/><REACH who="0" ten="240,250,250,250" step="2"/><U111/><E111/><V44/><F117/><W18/><G36/><T22/><AGARI ba="0,1" hai="12,13,15,16,22,47,48,52,68,70,71,85,88,92" machi="22" ten="30,18000,2" yaku="1,1,2,1,0,1,54,3,53,0" doraHai="78" doraHaiUra="93" who="0" fromWho="0" sc="240,190,250,-60,250,-60,250,-60" /><INIT seed="0,1,0,1,5,68" ten="430,190,190,190" oya="0" hai0="31,9,4,1,135,82,41,119,103,81,111,61,84" hai1="39,97,64,3,125,36,25,100,21,44,114,105,10" hai2="110,134,96,53,70,93,99,77,29,42,56,11,28" hai3="121,109,8,85,72,75,131,22,65,66,55,2,133"/><T38/><D119/><U19/><E64/><V129/><F70/><W95/><G121/><T94/><D135/><U16/><E114/><V12/><F134/><W86/><G133/><T130/><D130/><U18/><E125/><V43/><F129/><W33/><G33/><T5/><D111/><U15/><E3/><V0/><F0/><W62/><G131/><T60/><D5/><U37/><REACH who="1" step="1"/><E44/><REACH who="1" ten="430,180,190,190" step="2"/><V71/><F110/><W112/><G112/><T32/><D1/><U89/><E89/><V57/><F71/><W45/><G2/><T124/><D124/><U40/><E40/><V127/><F127/><W79/><G45/><T107/><D41/><U27/><E27/><V128/><F128/><W74/><G109/><T101/><D101/><U123/><E123/><V59/><F43/><W54/><G66/><T78/><D103/><U91/><E91/><V90/><F42/><W63/><G65/><T120/><D120/><U20/><E20/><V14/><F53/><W17/><G22/><T52/><D52/><U69/><E69/><V106/><F14/><N who="3" m="7367" /><G55/><T80/><D32/><U51/><E51/><V98/><F106/><W23/><G54/><T87/><D107/><U67/><E67/><V6/><REACH who="2" step="1"/><F77/><REACH who="2" ten="430,180,180,190" step="2"/><W50/><G79/><T26/><D78/><U13/><E13/><V115/><F115/><W92/><G50/><T24/><D61/><U76/><E76/><V83/><F83/><W7/><G62/><T35/><D60/><U73/><E73/><V47/><F47/><W34/><G63/><T132/><D82/><U113/><E113/><V49/><F49/><RYUUKYOKU ba="1,2" sc="430,-15,180,15,180,15,190,-15" hai1="10,15,16,18,19,21,25,36,37,39,97,100,105" hai2="6,11,12,28,29,56,57,59,90,93,96,98,99" /><INIT seed="1,2,2,3,4,87" ten="415,195,195,175" oya="1" hai0="127,22,43,3,103,24,134,18,48,67,1,50,83" hai1="96,25,71,98,41,126,79,73,108,84,89,105,42" hai2="15,53,99,63,78,94,32,65,62,130,2,95,35" hai3="97,49,70,107,124,122,64,91,20,7,80,110,112"/><U61/><E126/><V13/><F2/><W16/><G122/><T6/><D103/><N who="1" m="62711" /><E25/><V111/><F78/><W56/><G112/><T74/><D50/><U121/><E121/><V77/><F77/><W66/><G70/><T8/><D48/><U47/><E47/><V11/><F99/><W52/><G124/><T125/><D43/><U21/><E21/><V90/><F11/><W76/><G7/><T92/><D22/><U102/><E108/><V54/><F65/><W117/><G117/><T33/><D24/><U36/><E36/><V100/><F100/><W23/><G23/><T68/><D33/><U30/><E30/><V31/><F31/><W0/><G0/><T82/><D125/><U26/><E26/><V116/><F116/><W12/><G110/><T4/><D127/><U59/><E71/><V113/><F111/><W55/><G55/><T132/><D68/><U101/><E96/><V10/><F10/><W72/><REACH who="3" step="1"/><G107/><REACH who="3" ten="415,195,195,165" step="2"/><T34/><D6/><U44/><E41/><V133/><F113/><W28/><G28/><T5/><D4/><U104/><E104/><V69/><F69/><W14/><G14/><T109/><D5/><U129/><E42/><V86/><F53/><W9/><G9/><T118/><D8/><U39/><E129/><V37/><F130/><W88/><G88/><T115/><D1/><U131/><E131/><V128/><F128/><W81/><G81/><T120/><D3/><U123/><E123/><V38/><F90/><W57/><G57/><T51/><D120/><U19/><E89/><V85/><F54/><W106/><G106/><RYUUKYOKU ba="2,3" sc="415,-15,195,-15,195,15,165,15" hai2="13,15,32,35,37,38,62,63,85,86,94,95,133" hai3="12,16,20,49,52,56,64,66,72,76,80,91,97" /><INIT seed="2,3,3,0,5,109" ten="400,180,210,180" oya="2" hai0="95,58,28,92,99,37,22,90,23,75,0,7,98" hai1="74,105,14,52,9,48,43,102,17,8,20,114,69" hai2="80,123,84,108,91,87,40,11,30,55,121,4,112" hai3="104,73,31,62,118,39,15,82,26,71,27,116,94"/><V38/><F108/><W97/><G39/><T79/><D37/><U64/><E74/><V119/><F119/><W85/><G104/><T50/><D28/><U133/><E43/><V2/><F112/><W127/><G73/><T10/><D79/><U78/><E78/><V106/><F106/><W33/><G127/><T122/><D75/><U60/><E133/><V130/><F130/><W47/><G47/><T110/><D110/><U56/><REACH who="1" step="1"/><E114/><REACH who="1" ten="400,170,210,180" step="2"/><V86/><F121/><W32/><G118/><T77/><D77/><U128/><E128/><V51/><F123/><W120/><G116/><T6/><D122/><U42/><E42/><V103/><F103/><W113/><G120/><T63/><D7/><U81/><E81/><V12/><F2/><W126/><G113/><T57/><D6/><U72/><E72/><V29/><F40/><W34/><G82/><T59/><D0/><U65/><E65/><V3/><F38/><W53/><G126/><T132/><D132/><U76/><E76/><V117/><F3/><W35/><G53/><T83/><D83/><U89/><E89/><V24/><F117/><W49/><G35/><T5/><D90/><U134/><E134/><V68/><F91/><W88/><G33/><T96/><D5/><U13/><E13/><V129/><F80/><W66/><G15/><T61/><D92/><U124/><E124/><V36/><F36/><W70/><G34/><T107/><D95/><U115/><E115/><V1/><F1/><W111/><G111/><T100/><D107/><U67/><E67/><V54/><F129/><W19/><G88/><RYUUKYOKU ba="3,4" sc="400,-10,170,30,210,-10,180,-10" hai1="8,9,14,17,20,48,52,56,60,64,69,102,105" /><INIT seed="3,4,4,0,0,95" ten="390,200,200,170" oya="3" hai0="14,128,70,62,108,44,7,100,61,34,57,16,3" hai1="66,68,113,91,80,112,23,8,17,94,77,55,89" hai2="63,88,37,41,58,64,115,52,65,50,39,27,72" hai3="133,48,12,22,124,93,28,110,35,121,53,83,103"/><W102/><G121/><T9/><D128/><U6/><E89/><V114/><F72/><W10/><G35/><T86/><D108/><U129/><E129/><V122/><F27/><N who="3" m="16503" /><G110/><T45/><D34/><U118/><E118/><V109/><F109/><W97/><G133/><T87/><D100/><U75/><E55/><V31/><F31/><W25/><G124/><T127/><D127/><U76/><E77/><V36/><F122/><W47/><G25/><T60/><D70/><U98/><E66/><N who="2" m="25707" /><F88/><N who="3" m="55463" /><G83/><T1/><D1/><U4/><E68/><V117/><F117/><W73/><G73/><T84/><REACH who="0" step="1"/><D57/><REACH who="0" ten="380,200,200,170" step="2"/><U69/><E69/><V38/><N who="2" m="9216" /><DORA hai="20" /><V59/><F59/><W82/><G82/><T18/><D18/><AGARI ba="4,5" hai="10,12,18,47,48,53,102,103" m="55463,16503" machi="18" ten="30,11600,0" yaku="8,1,52,2,54,1" doraHai="95,20" who="3" fromWho="0" sc="380,-128,200,0,200,0,170,178" /><INIT seed="3,5,0,2,2,97" ten="252,200,200,348" oya="3" hai0="9,101,75,59,98,85,94,114,27,132,2,50,3" hai1="44,121,130,128,77,40,76,7,129,56,115,123,51" hai2="110,14,82,103,31,66,109,116,10,108,29,21,6" hai3="22,38,28,133,84,80,18,112,26,118,81,45,111"/><W0/><G0/><T19/><D75/><U95/><E115/><V74/><F66/><W135/><G118/><T5/><D132/><U37/><E7/><V39/><F39/><W1/><G1/><T127/><D127/><U91/><E56/><V30/><F116/><W87/><G112/><T17/><D114/><U70/><E70/><V52/><F103/><W12/><G111/><T122/><D122/><N who="1" m="46603" /><E37/><V55/><REACH who="2" step="1"/><F21/><REACH who="2" ten="252,200,190,348" step="2"/><N who="3" m="15439" /><G38/><T107/><D2/><U102/><E102/><V47/><F47/><W68/><G68/><T89/><D27/><U90/><E90/><V73/><F73/><W106/><G45/><T79/><D79/><AGARI ba="5,1" hai="6,10,14,29,30,31,52,55,74,79,82,108,109,110" machi="79" ten="50,6400,0" yaku="1,1,14,1,54,1,53,0" doraHai="97" doraHaiUra="71" who="2" fromWho="0" sc="252,-79,200,0,190,89,348,0" /><INIT seed="4,0,0,0,5,98" ten="173,200,279,348" oya="0" hai0="130,43,35,92,88,49,13,44,53,93,14,31,51" hai1="0,66,62,67,4,5,37,126,46,48,18,15,122" hai2="83,61,75,25,81,27,124,113,107,52,63,131,100" hai3="116,86,29,71,59,28,7,22,21,40,87,128,45"/><T114/><D114/><U108/><E122/><V47/><F113/><W132/><G71/><T77/><D130/><U101/><E108/><V133/><F131/><W111/><G116/><T110/><D110/><U6/><E37/><V118/><F118/><W89/><G111/><T54/><D77/><U119/><E119/><V68/><F75/><W8/><G128/><T115/><D115/><U34/><E34/><V80/><F68/><W94/><G132/><T36/><D31/><U123/><E0/><V70/><F70/><W106/><G106/><T102/><D35/><U104/><E126/><V10/><F107/><W120/><G59/><T30/><D30/><U19/><E123/><V17/><F100/><W42/><G120/><T127/><D127/><U2/><E2/><V38/><F38/><W55/><G86/><N who="0" m="52247" /><D36/><U84/><E84/><V33/><F33/><W109/><G109/><T32/><D32/><U134/><E19/><V65/><F133/><W3/><G29/><T105/><D105/><U85/><E85/><V121/><F121/><W50/><G28/><T99/><D43/><U74/><E74/><V135/><F135/><W129/><G129/><T12/><D12/><U97/><E134/><V91/><F91/><W60/><G40/><T96/><D96/><U64/><E15/><N who="2" m="7415" /><F124/><W76/><G76/><T69/><D69/><U90/><E90/><V103/><F103/><W11/><G3/><T82/><D82/><U16/><E101/><V1/><F1/><W23/><G7/><T26/><D26/><N who="2" m="9738" /><F65/><W56/><AGARI ba="0,0" hai="8,11,21,22,23,42,45,50,55,56,60,87,89,94" machi="56" ten="30,2000,0" yaku="0,1,8,1" doraHai="98" who="3" fromWho="3" sc="173,-10,200,-5,279,-5,348,20" /><INIT seed="5,0,0,4,2,86" ten="163,195,274,368" oya="1" hai0="108,9,20,122,51,60,54,133,59,33,89,117,118" hai1="7,76,132,65,5,78,40,119,69,62,67,103,12" hai2="98,4,106,104,10,115,70,72,105,44,81,47,77" hai3="129,11,125,111,91,13,64,116,48,27,87,0,90"/><U74/><E119/><V135/><F70/><W110/><G0/><T24/><D33/><U128/><E103/><V49/><F135/><W25/><G116/><T28/><D133/><U58/><E40/><V96/><F115/><W29/><G129/><T35/><D108/><U120/><E120/><V92/><F49/><W79/><G125/><T18/><D122/><U97/><E128/><V124/><F124/><W101/><G101/><T15/><D51/><U21/><E132/><V30/><F30/><W53/><G64/><T55/><D55/><U17/><E74/><V123/><F123/><W57/><G110/><T68/><D68/><U127/><E127/><V19/><F19/><W52/><G111/><T46/><D46/><U23/><E67/><V99/><REACH who="2" step="1"/><F92/><REACH who="2" ten="163,195,264,368" step="2"/><W83/><G29/><T14/><D117/><U75/><E69/><V32/><F32/><W102/><G48/><T71/><D71/><U61/><E61/><V109/><F109/><W56/><G56/><T3/><D118/><U73/><E58/><V80/><F80/><W16/><G57/><T63/><D63/><U130/><E62/><V93/><F93/><W126/><G126/><T50/><D60/><U112/><E112/><V84/><F84/><W85/><G85/><T121/><D121/><U6/><E65/><V2/><AGARI ba="0,1" hai="2,4,10,44,47,72,77,81,96,98,99,104,105,106" machi="2" ten="40,5200,0" yaku="1,1,0,1,53,1" doraHai="86" doraHaiUra="107" who="2" fromWho="2" sc="163,-13,195,-26,264,62,368,-13" /><INIT seed="6,0,0,1,4,33" ten="150,169,326,355" oya="2" hai0="45,133,35,60,75,43,71,95,69,12,127,49,90" hai1="15,62,21,113,6,46,7,97,86,39,91,36,63" hai2="41,18,114,32,111,48,116,128,121,117,104,52,26" hai3="109,107,14,134,67,135,44,80,22,1,122,98,103"/><V2/><F104/><W10/><G122/><T126/><D75/><U29/><E113/><V77/><F121/><W87/><G109/><T73/><D73/><U84/><E39/><V38/><F77/><W83/><G67/><T74/><D74/><U34/><E34/><V88/><F2/><W131/><G131/><T112/><D35/><U132/><E132/><N who="3" m="50730" /><G44/><T66/><D133/><U20/><E46/><V57/><F114/><W61/><G61/><T125/><D12/><U13/><E36/><V101/><F101/><W24/><G87/><T0/><D112/><U115/><E115/><V23/><F111/><W8/><G1/><T25/><D25/><U5/><E97/><V123/><F123/><W47/><G47/><T30/><D30/><U120/><E120/><V37/><F128/><W42/><G42/><T105/><D105/><U64/><E29/><V119/><F41/><W54/><G54/><T19/><D19/><U56/><E84/><V31/><REACH who="2" step="1"/><F88/><REACH who="2" ten="150,169,316,355" step="2"/><W28/><G8/><T58/><D0/><U4/><E91/><V17/><F17/><AGARI ba="0,1" hai="10,14,17,22,24,28,80,83,98,103,107" m="50730" machi="17" ten="30,1000,0" yaku="20,1" doraHai="33" who="3" fromWho="2" sc="150,0,169,0,316,-10,355,20" /><INIT seed="7,0,0,4,5,112" ten="150,169,306,375" oya="3" hai0="8,27,44,132,13,67,126,0,84,115,16,68,105" hai1="100,98,135,9,58,95,20,106,33,2,114,62,113" hai2="130,32,42,59,5,91,56,28,23,46,78,131,119" hai3="14,49,110,34,96,116,41,60,120,111,133,65,73"/><W134/><G73/><T19/><D105/><U63/><E33/><V77/><F32/><W64/><G120/><T36/><D0/><U82/><E135/><N who="3" m="51722" /><G34/><T128/><D132/><U1/><E20/><V4/><F91/><W15/><G116/><T123/><D123/><U61/><E82/><V83/><F23/><W6/><G96/><T80/><D115/><N who="1" m="44043" /><E106/><V30/><F83/><W72/><G72/><T55/><D126/><U122/><E122/><V108/><F46/><N who="3" m="25807" /><G65/><T125/><D125/><U26/><E26/><V124/><F42/><W129/><G129/><T12/><D128/><U11/><E58/><V48/><F48/><W93/><G93/><T87/><D36/><U102/><E102/><V69/><F124/><W85/><G85/><T107/><D107/><U53/><E53/><V103/><F69/><W31/><G31/><T10/><D67/><U50/><E50/><V43/><F43/><W90/><G90/><N who="0" m="51463" /><D68/><U39/><E39/><V22/><F22/><W18/><G6/><N who="0" m="3095" /><D87/><U74/><E74/><V71/><F71/><N who="3" m="42375" /><G15/><T7/><D27/><U45/><E45/><V86/><F86/><W51/><G51/><AGARI ba="0,0" hai="7,10,13,16,19,44,51,55" m="3095,51463" machi="51" ten="30,2000,0" yaku="8,1,54,1" doraHai="112" who="0" fromWho="3" sc="150,20,169,0,306,0,375,-20" owari="170,-23.0,169,-33.0,306,11.0,355,45.0" /></mjloggm>