<mjloggm ver="2.3"><GO type="41" lobby="0"/><UN n0="%E5%B0%B1%E6%B4%BB%E7%94%9F%40%E5%B7%9D%E6%9D%91%E8%BB%8D%E5%9B%A3" n1="%E2%98%86%E3%82%AD%E3%83%83%E3%83%89%E2%98%86" n2="%E5%A4%A9%E4%BD%BF%E3%81%AE%E3%83%AC%E3%82%AA%E3%82%BF%E3%83%BC%E3%83%89" n3="%68%6F%6E%6E%6F%6A%69" dan="14,13,14,13" rate="1957.80,1846.87,1975.60,1853.88" sx="M,M,M,M"/><TAIKYOKU oya="0"/><INIT seed="0,0,0,3,5,108" ten="250,250,250,250" oya="0" hai0="127,23,110,113,100,125,3,88,20,29,101,119,57" hai1="76,2,1,58,102,18,109,25,0,115,121,81,54" hai2="103,12,7,123,44,86,27,99,78,134,85,17,5" hai3="84,87,10,19,15,28,126,92,35,73,9,104,38"/><T135/><D3/><U112/><E109/><V124/><F123/><W47/><G73/><T130/><D110/><U39/><E39/><V40/><F134/><W114/><G104/><T131/><D119/><U111/><E111/><V66/><F66/><W72/><G72/><T49/><D135/><U118/><E118/><V122/><F124/><N who="0" m="47690" /><D113/><N who="1" m="43595" /><E102/><N who="0" m="39529" /><D88/><U4/><E18/><V51/><F27/><W89/><G126/><T69/><D69/><U61/><E25/><V26/><F26/><W63/><G114/><T43/><D29/><U75/><E121/><V83/><F85/><W32/><G28/><T11/><D11/><AGARI ba="0,0" hai="0,1,2,4,11,54,58,61,75,76,81" m="43595" machi="11" ten="30,7700,0" yaku="11,1,52,3" doraHai="108" who="1" fromWho="0" sc="250,-77,250,77,250,0,250,0" /><INIT seed="1,0,0,5,3,16" ten="173,327,250,250" oya="1" hai0="89,100,91,104,115,5,118,9,66,74,53,14,64" hai1="133,121,60,90,130,67,135,116,84,20,99,70,103" hai2="120,78,131,109,22,48,2,40,6,46,128,86,58" hai3="61,85,127,13,50,37,68,82,7,43,35,87,28"/><U132/><E116/><V80/><F120/><W73/><G50/><T27/><D74/><U31/><E121/><V110/><F58/><W75/><G85/><T29/><D118/><U119/><E119/><V19/><F6/><W93/><G93/><T55/><D115/><U42/><E42/><V92/><F92/><W94/><G94/><T1/><D1/><U8/><E8/><V18/><F2/><W10/><G127/><T63/><D104/><N who="1" m="63615" /><E84/><V69/><F69/><W81/><G81/><T124/><D100/><U71/><E71/><V62/><F62/><W45/><G87/><T114/><D114/><U108/><E130/><N who="2" m="49707" /><F18/><W97/><G97/><T25/><D124/><U26/><E108/><V106/><F106/><W52/><G28/><T76/><D76/><U54/><E54/><V41/><F40/><W111/><G111/><T79/><D79/><U102/><E102/><V57/><F57/><W126/><G126/><T129/><D129/><U123/><E123/><V72/><F72/><W49/><G35/><T32/><D66/><U77/><E77/><V105/><F105/><W21/><G21/><T117/><D117/><U95/><E95/><V96/><F96/><W56/><G82/><T38/><D38/><U88/><AGARI ba="0,0" hai="20,26,31,60,67,70,88,90,132,133,135" m="63615" machi="88" ten="40,7800,0" yaku="20,1,52,1,54,1" doraHai="16" who="1" fromWho="1" sc="173,-26,327,78,250,-26,250,-26" /><INIT seed="1,1,0,4,3,78" ten="147,405,224,224" oya="1" hai0="86,112,38,16,65,53,35,130,14,21,89,6,39" hai1="43,50,90,91,63,32,48,120,113,62,45,47,28" hai2="117,69,106,58,77,66,73,19,134,76,124,42,123" hai3="80,105,9,5,12,11,71,132,15,96,115,122,37"/><U0/><E113/><V85/><F117/><W101/><G115/><T7/><D112/><U125/><E125/><V41/><F123/><W33/><G122/><T79/><D35/><U22/><E32/><V36/><F106/><W23/><G33/><T57/><D130/><U110/><E0/><V93/><F134/><W133/><G71/><T56/><D79/><U44/><E110/><V74/><F69/><W51/><G37/><T68/><D68/><U40/><E120/><V81/><F36/><W121/><G121/><T126/><D126/><U103/><E103/><V114/><F114/><W59/><G23/><T99/><D99/><U72/><E72/><V95/><F124/><W52/><REACH who="3" step="1"/><G80/><REACH who="3" ten="147,405,224,214" step="2"/><N who="0" m="49351" /><D39/><U25/><E45/><V70/><F70/><W94/><G94/><T128/><D38/><U118/><E118/><V98/><F93/><W107/><G107/><T61/><D128/><U83/><E83/><V27/><F74/><W1/><G1/><T34/><D34/><U18/><E44/><V54/><F73/><W82/><G82/><T24/><D24/><U8/><E47/><V97/><F77/><W104/><G104/><T3/><D3/><U2/><E25/><V75/><F75/><W46/><G46/><T55/><D55/><U109/><E2/><V111/><F111/><W87/><G87/><T60/><AGARI ba="1,1" hai="6,7,14,16,21,53,56,57,60,61,65" m="49351" machi="60" ten="30,4000,0" yaku="8,1,52,1,54,1" doraHai="78" who="0" fromWho="0" sc="147,53,405,-21,224,-11,214,-11" /><INIT seed="2,0,0,3,3,0" ten="200,384,213,203" oya="2" hai0="75,44,135,78,10,36,117,51,105,76,114,70,7" hai1="4,95,86,103,79,22,48,3,25,87,35,109,110" hai2="89,60,82,37,40,91,90,33,127,58,92,49,30" hai3="2,32,73,134,46,119,81,129,20,1,57,11,100"/><V34/><F127/><W84/><G119/><T128/><D70/><U68/><E35/><V88/><F37/><W61/><G32/><T26/><D105/><U111/><E68/><V18/><F34/><W104/><G134/><T12/><D135/><U52/><E79/><V42/><F30/><W130/><G73/><T71/><D71/><U74/><E74/><V24/><F33/><W23/><G46/><T106/><D106/><U115/><E115/><V38/><F38/><W116/><G116/><T9/><D114/><U118/><E118/><V13/><F24/><W31/><G31/><T93/><D36/><U102/><E102/><V16/><F49/><W39/><G39/><T80/><D78/><U14/><E3/><V125/><F125/><W126/><G126/><T47/><D128/><N who="3" m="49257" /><G104/><T43/><D26/><U15/><E103/><V27/><F27/><W8/><G100/><T29/><D29/><N who="1" m="17591" /><E15/><V77/><F77/><N who="3" m="46127" /><G61/><T53/><D117/><U65/><E95/><V124/><F124/><W21/><G57/><T62/><D93/><U17/><E65/><N who="2" m="39063" /><F82/><W107/><G107/><T54/><D62/><U99/><E99/><N who="2" m="57735" /><F13/><W19/><G11/><T67/><D67/><U97/><E97/><V45/><F45/><W83/><G83/><T72/><D72/><U131/><E87/><V108/><F90/><W41/><G41/><T121/><D121/><U132/><E86/><V113/><F91/><W59/><G59/><T94/><D94/><U112/><E132/><V98/><F89/><W55/><G55/><N who="0" m="21003" /><D47/><N who="1" m="27679" /><E112/><V28/><F113/><W96/><G96/><T123/><D123/><RYUUKYOKU ba="0,0" sc="200,15,384,-15,213,-15,203,15" hai0="7,9,10,12,43,44,51,75,76,80" hai3="1,2,8,19,20,21,23" /><INIT seed="3,1,0,0,3,15" ten="215,369,198,218" oya="3" hai0="25,100,130,133,34,30,20,8,114,87,28,78,83" hai1="61,49,131,45,89,37,42,14,124,40,62,128,127" hai2="81,21,97,82,58,27,53,7,123,117,111,57,132" hai3="99,96,90,84,35,13,41,32,107,23,70,43,54"/><W33/><G70/><T17/><D114/><U63/><E89/><V102/><F123/><W125/><G125/><N who="1" m="48202" /><E14/><V113/><F117/><W24/><G107/><T36/><D36/><U16/><E16/><V38/><F38/><W1/><G1/><T120/><D120/><U6/><E6/><V85/><F113/><W18/><G24/><T88/><D130/><N who="1" m="49707" /><E37/><V55/><F7/><W68/><G68/><T112/><D112/><U73/><E73/><V59/><F102/><W64/><G64/><T65/><D65/><U92/><E92/><V44/><F97/><W4/><G4/><T52/><D100/><U122/><E122/><V51/><F82/><W121/><G121/><T134/><D78/><U110/><E110/><V126/><F111/><W109/><G109/><T72/><D72/><U2/><E40/><V74/><F126/><W95/><REACH who="3" step="1"/><G54/><REACH who="3" ten="215,369,198,208" step="2"/><T119/><D30/><U19/><E2/><V11/><F55/><W116/><G116/><T129/><D119/><U115/><E115/><V76/><F27/><W67/><G67/><T10/><D52/><U118/><E19/><V31/><F31/><W66/><G66/><T98/><D129/><U69/><E118/><V101/><F53/><W22/><G22/><T5/><D5/><U93/><E69/><V48/><F21/><W80/><G80/><T3/><D3/><U105/><E93/><V50/><F81/><W46/><G46/><T86/><D83/><U91/><E105/><V108/><F44/><W135/><G135/><N who="0" m="51723" /><D34/><U103/><E42/><AGARI ba="1,1" hai="13,18,23,32,33,35,41,42,43,84,90,95,96,99" machi="42" ten="40,7700,0" yaku="1,1,52,1,53,1" doraHai="15" doraHaiUra="12" who="3" fromWho="1" sc="215,0,369,-80,198,0,208,90" /><INIT seed="3,2,0,3,0,9" ten="215,289,198,298" oya="3" hai0="14,120,127,8,77,79,55,92,18,4,76,6,80" hai1="126,108,88,30,93,52,51,61,132,90,117,26,81" hai2="56,41,72,37,130,68,32,112,73,2,125,116,87" hai3="54,1,134,83,86,104,21,124,34,129,15,48,96"/><W17/><G34/><T101/><D120/><U20/><E132/><V58/><RYUUKYOKU type="yao9" ba="2,0" sc="215,0,289,0,198,0,298,0" hai2="2,32,37,41,56,58,68,72,73,87,112,116,125,130" /><INIT seed="3,3,0,1,4,33" ten="215,289,198,298" oya="3" hai0="1,132,26,58,18,78,88,67,117,127,91,22,64" hai1="29,53,35,68,47,128,77,124,119,55,44,63,7" hai2="49,19,126,82,90,9,6,85,125,130,0,135,32" hai3="54,87,107,92,21,103,65,8,118,28,106,104,31"/><W113/><G113/><T37/><D117/><U56/><E77/><V123/><F123/><W100/><G118/><T111/><D37/><U16/><E119/><V101/><F32/><W25/><G8/><T133/><D78/><U116/><E116/><V86/><F101/><W61/><G54/><T24/><D111/><U89/><E128/><V96/><F96/><W57/><G31/><T17/><D127/><N who="2" m="48650" /><F130/><W15/><G15/><T4/><D58/><U13/><E68/><V39/><F39/><W122/><G122/><T2/><D22/><U11/><E29/><V27/><F135/><W50/><G50/><T40/><D40/><U51/><E35/><V129/><F129/><W43/><G43/><T121/><D121/><U99/><E124/><V80/><F49/><W79/><G79/><T59/><D59/><U48/><E99/><V38/><F38/><W72/><G72/><T134/><D134/><U76/><E76/><N who="2" m="46215" /><F19/><W108/><G108/><T23/><D23/><U66/><E89/><V5/><F5/><AGARI ba="3,0" hai="1,2,4,5,17,18,24,26,64,67,88,91,132,133" machi="5" ten="25,8000,1" yaku="22,2,52,2,54,1" doraHai="33" who="0" fromWho="2" sc="215,89,289,0,198,-89,298,0" /><AGARI ba="3,0" hai="5,7,11,13,16,44,47,48,51,53,55,56,63,66" machi="5" ten="40,5200,0" yaku="9,1,8,1,54,1" doraHai="33" who="1" fromWho="2" sc="304,0,289,52,109,-52,298,0" /><INIT seed="4,0,0,1,2,114" ten="304,341,57,298" oya="0" hai0="67,103,36,45,124,93,92,118,107,37,56,8,28" hai1="15,50,17,20,6,43,134,26,69,64,29,72,75" hai2="81,79,46,25,49,94,121,33,68,117,110,88,97" hai3="14,0,1,85,122,86,105,73,58,113,71,131,31"/><T65/><D107/><U96/><E134/><V19/><F121/><W23/><G105/><T48/><D28/><U53/><E43/><V133/><F68/><W78/><G71/><T95/><D103/><U38/><E38/><V61/><F110/><W11/><G113/><T80/><D124/><U112/><E112/><V87/><F133/><W21/><G122/><T54/><D118/><U70/><E6/><V41/><F61/><W30/><G131/><T125/><D125/><U106/><E69/><V82/><F82/><W39/><G39/><T12/><D80/><U55/><E55/><V24/><F117/><W83/><G58/><T51/><D37/><U57/><E70/><V119/><F119/><W76/><G83/><T66/><D36/><U108/><E64/><V99/><F99/><W34/><G14/><T115/><D115/><U129/><E129/><V35/><REACH who="2" step="1"/><F19/><REACH who="2" ten="304,341,47,298" step="2"/><W44/><G44/><T60/><D45/><U89/><E108/><V77/><F77/><W5/><G5/><AGARI ba="0,1" hai="5,8,12,48,51,54,56,60,65,66,67,92,93,95" machi="5" ten="40,2000,0" yaku="8,1" doraHai="114" who="0" fromWho="3" sc="304,30,341,0,47,0,298,-20" /><INIT seed="4,1,0,0,1,84" ten="334,341,47,278" oya="0" hai0="64,90,81,116,97,69,31,77,125,29,117,132,55" hai1="11,112,17,15,131,100,118,114,67,50,41,44,123" hai2="60,92,54,94,134,95,73,49,59,42,76,22,34" hai3="83,45,13,115,18,65,111,86,109,21,87,48,8"/><T135/><D69/><U16/><E118/><N who="0" m="45673" /><D64/><U66/><E131/><V74/><F34/><W75/><G65/><T4/><D4/><U35/><E123/><V104/><F104/><W53/><G75/><N who="0" m="43199" /><D55/><U19/><E100/><V56/><F134/><N who="0" m="51242" /><D125/><U122/><E122/><V71/><F71/><W130/><G115/><N who="1" m="44074" /><E35/><V14/><F42/><W36/><G130/><T121/><D121/><U80/><E80/><V133/><F133/><W99/><G36/><T47/><D47/><U26/><E26/><V10/><F22/><W3/><G3/><T9/><D9/><U12/><E19/><V128/><F128/><W43/><G43/><T88/><D97/><U105/><E105/><V124/><F124/><W85/><G99/><T32/><D32/><U39/><E39/><V63/><F49/><W0/><G0/><T28/><AGARI ba="1,0" hai="28,29,31,88,90" m="51242,43199,45673" machi="28" ten="40,12000,1" yaku="20,1,52,2,54,1" doraHai="84" who="0" fromWho="0" sc="334,123,341,-41,47,-41,278,-41" /><INIT seed="4,2,0,0,3,119" ten="457,300,6,237" oya="0" hai0="60,26,39,10,76,3,100,82,135,4,121,9,90" hai1="71,40,79,34,6,63,132,43,109,20,81,70,105" hai2="37,129,52,29,25,93,13,54,58,44,94,113,24" hai3="1,41,30,28,102,61,11,67,128,99,5,47,49"/><T130/><D121/><U45/><E109/><V51/><F129/><W32/><G128/><T124/><D124/><U53/><E132/><V114/><F37/><W62/><G62/><T19/><D135/><U83/><E83/><V56/><F13/><W22/><G22/><T36/><D100/><U96/><E43/><V125/><F125/><W14/><G1/><T21/><D90/><U65/><E53/><V69/><F69/><W23/><G32/><T12/><D60/><U98/><E20/><V78/><F78/><W48/><G49/><T72/><REACH who="0" step="1"/><D130/><REACH who="0" ten="447,300,6,237" step="2"/><U117/><E117/><V31/><F44/><W42/><G42/><T0/><D0/><U38/><E105/><V115/><F115/><W123/><G123/><T74/><D74/><U8/><E96/><V118/><F118/><W75/><G75/><T116/><D116/><U122/><E98/><V89/><F89/><W2/><G2/><T88/><D88/><U108/><E108/><V120/><F120/><W95/><REACH who="3" step="1"/><G23/><REACH who="3" ten="447,300,6,227" step="2"/><T16/><AGARI ba="2,2" hai="3,4,9,10,12,16,19,21,26,36,39,72,76,82" machi="16" ten="20,7800,0" yaku="1,1,0,1,7,1,54,1,53,0" doraHai="119" doraHaiUra="50" who="0" fromWho="0" sc="447,104,300,-28,6,-28,227,-28" owari="551,65.0,272,7.0,-22,-52.0,199,-20.0" /></mjloggm>