<mjloggm ver="2.3"><GO type="41" lobby="0"/><UN n0="%E5%B0%B1%E6%B4%BB%E7%94%9F%40%E5%B7%9D%E6%9D%91%E8%BB%8D%E5%9B%A3" n1="%6D%75%6B%69%74%74%69" n2="%41%6F%69%41" n3="%4A%65%72%6B%79%E6%98%9F%E8%82%89" dan="15,14,15,14" rate="2024.29,1934.92,2015.80,1963.22" sx="M,M,F,F"/><TAIKYOKU oya="0"/><INIT seed="0,0,0,0,4,76" ten="250,250,250,250" oya="0" hai0="20,34,110,57,26,0,58,135,27,87,74,48,19" hai1="22,93,75,21,131,119,84,104,49,9,10,107,114" hai2="134,103,79,42,133,59,120,92,41,95,2,31,40" hai3="39,15,25,44,6,68,53,23,106,70,13,61,29"/><T8/><D74/><U111/><E75/><V35/><F120/><W17/><G106/><T56/><D135/><N who="2" m="51722" /><F2/><W98/><G98/><T69/><D69/><U11/><E119/><V116/><F116/><W109/><G109/><T105/><D105/><U97/><E111/><V43/><F103/><W36/><G36/><T132/><D132/><U5/><E131/><V127/><F127/><W115/><G115/><T80/><D110/><U64/><E5/><V1/><F1/><W45/><G45/><T71/><D71/><U108/><E108/><V4/><F4/><W37/><G37/><T101/><D101/><U81/><E114/><V52/><F79/><W117/><G117/><T88/><D0/><U54/><E64/><V85/><F85/><W50/><G39/><T78/><D8/><U63/><E63/><V96/><F96/><W91/><G61/><T124/><D124/><U33/><E33/><V73/><F73/><W82/><G6/><T14/><D34/><U99/><E107/><V130/><F130/><W67/><G67/><T125/><D125/><U47/><E104/><V3/><F3/><W94/><G15/><T112/><D112/><U121/><E121/><V118/><F118/><W113/><G113/><T89/><D48/><U28/><E28/><V83/><F83/><W55/><G55/><T24/><AGARI ba="0,0" hai="14,19,20,24,26,27,56,57,58,78,80,87,88,89" machi="24" ten="30,11700,0" yaku="0,1,8,1,52,1,54,1" doraHai="76" who="0" fromWho="0" sc="250,117,250,-39,250,-39,250,-39" /><INIT seed="0,1,0,5,5,78" ten="367,211,211,211" oya="0" hai0="106,76,102,115,123,80,103,129,21,68,17,38,82" hai1="8,117,122,62,16,134,35,79,119,127,30,57,0" hai2="121,14,116,113,135,2,64,65,73,54,83,36,18" hai3="94,56,67,53,109,107,81,1,15,32,66,45,39"/><T22/><D68/><U59/><E122/><V34/><F121/><W85/><G107/><T118/><D38/><U125/><E134/><V120/><F120/><W46/><G1/><T101/><D123/><U88/><E79/><V69/><F113/><W86/><G32/><T87/><D106/><U128/><E128/><V84/><F73/><W24/><G109/><T89/><D115/><U130/><E130/><V7/><F135/><W50/><G24/><T99/><D129/><U28/><E59/><V44/><F34/><W77/><G15/><T49/><D118/><U61/><E61/><V92/><F92/><W131/><G131/><T23/><D49/><U93/><E35/><V96/><F96/><W48/><G39/><T60/><D60/><U10/><E10/><V70/><F64/><N who="3" m="24619" /><G48/><T91/><D91/><AGARI ba="1,0" hai="45,46,50,53,56,77,81,85,86,91,94" m="24619" machi="91" ten="30,2000,0" yaku="8,1,52,1" doraHai="78" who="3" fromWho="0" sc="367,-23,211,0,211,0,211,23" /><INIT seed="1,0,0,3,4,90" ten="344,211,211,234" oya="1" hai0="37,118,66,82,55,114,28,19,127,93,23,61,5" hai1="83,94,59,49,76,73,79,25,31,128,117,120,119" hai2="126,53,68,108,103,44,134,84,97,67,101,81,113" hai3="69,14,62,72,10,45,88,47,122,54,0,132,65"/><U106/><E106/><V123/><F108/><W133/><G72/><T98/><D114/><U87/><E120/><V17/><F123/><W57/><G0/><T75/><D118/><U52/><E128/><V30/><F113/><W36/><G122/><T131/><D37/><U130/><E130/><V109/><F109/><W107/><G107/><T124/><D131/><U96/><E79/><V99/><F134/><N who="3" m="51819" /><G36/><T104/><D104/><U135/><E73/><V58/><F126/><N who="0" m="48170" /><D28/><U29/><E135/><V27/><F68/><W115/><G115/><T11/><D82/><U3/><E3/><V34/><F17/><N who="3" m="8407" /><G88/><N who="0" m="55591" /><D55/><U26/><E31/><V70/><F70/><W12/><G12/><T4/><D11/><U110/><E110/><V85/><F81/><W121/><G121/><T92/><D92/><U51/><E51/><AGARI ba="0,0" hai="45,47,51,54,57,62,65,69" m="8407,51819" machi="51" ten="30,1000,0" yaku="20,1" doraHai="90" who="3" fromWho="1" sc="344,0,211,-10,211,0,234,10" /><INIT seed="2,0,0,5,4,41" ten="344,201,211,244" oya="2" hai0="92,124,64,103,61,121,45,108,7,39,50,23,126" hai1="40,95,127,111,55,20,9,76,99,1,27,125,53" hai2="32,58,75,105,107,81,89,22,8,70,35,83,104" hai3="29,3,17,46,68,69,109,33,94,100,101,113,117"/><V132/><F70/><W34/><G3/><T48/><D7/><N who="1" m="1263" /><E76/><V93/><F132/><W11/><G117/><T67/><D23/><U15/><E15/><V16/><F8/><W97/><G113/><T128/><D92/><U36/><E111/><V18/><F58/><W114/><G114/><T134/><D103/><N who="1" m="60927" /><E40/><V10/><F10/><W79/><G79/><T21/><D21/><U74/><E36/><V65/><F65/><W31/><G109/><T56/><D121/><U14/><E14/><V120/><F120/><W63/><G100/><T25/><D25/><U122/><E74/><V118/><F18/><W119/><G119/><T86/><D128/><U98/><E98/><V51/><F51/><N who="0" m="19498" /><D86/><U66/><E66/><V131/><F131/><W72/><G72/><T115/><D108/><U19/><E122/><V91/><F118/><W42/><G97/><T38/><D115/><U135/><E135/><V112/><F112/><W77/><G101/><T0/><D0/><U88/><E88/><V78/><F89/><W47/><G77/><T60/><D134/><U116/><E116/><V43/><F81/><W57/><G42/><N who="0" m="22743" /><D39/><U2/><E2/><V87/><REACH who="2" step="1"/><F43/><REACH who="2" ten="344,201,201,244" step="2"/><W96/><G68/><AGARI ba="0,1" hai="56,60,61,64,67,68,124,126" m="22743,19498" machi="68" ten="30,3900,0" yaku="34,2,52,1" doraHai="41" who="0" fromWho="3" sc="344,49,201,0,201,0,244,-39" /><INIT seed="3,0,0,1,5,85" ten="393,201,201,205" oya="3" hai0="120,132,91,27,44,4,64,38,125,30,96,87,42" hai1="0,56,57,13,102,94,73,79,40,17,19,15,101" hai2="50,16,99,114,11,135,46,129,106,70,123,83,134" hai3="90,80,36,23,28,127,61,100,47,18,33,67,68"/><W65/><G65/><T37/><D125/><U3/><E40/><V62/><F114/><W88/><G127/><T126/><D132/><N who="2" m="50730" /><F129/><W66/><G66/><T113/><D126/><U10/><E79/><V93/><F106/><W118/><G118/><T59/><D113/><U122/><E73/><V22/><F11/><W105/><G80/><T128/><D4/><U43/><E43/><V108/><F108/><W117/><G117/><T111/><D120/><U69/><E69/><V124/><F124/><W34/><G34/><T133/><D96/><U25/><E25/><V5/><F5/><W45/><G36/><T109/><D133/><U130/><E10/><V12/><F83/><W6/><G6/><T35/><D128/><U53/><E94/><V9/><F123/><W72/><G72/><T74/><D74/><U116/><E53/><N who="2" m="29911" /><F9/><W49/><G18/><T98/><D98/><U1/><E122/><V24/><F62/><W52/><G23/><T76/><D76/><U97/><E116/><V7/><F7/><W107/><G45/><T41/><D109/><U75/><E75/><V2/><F2/><W31/><G107/><T51/><D111/><U95/><E130/><V26/><F70/><W58/><G47/><T60/><D42/><U63/><E3/><V104/><F104/><W14/><G14/><T78/><D78/><U103/><E1/><V86/><F86/><W54/><G54/><T32/><D32/><U48/><E0/><V77/><F77/><W8/><G8/><T84/><D84/><U115/><E115/><V82/><F82/><AGARI ba="0,0" hai="27,30,35,37,38,41,44,51,59,60,64,82,87,91" machi="82" ten="30,2000,0" yaku="7,1,52,1" doraHai="85" who="0" fromWho="2" sc="393,20,201,0,201,-20,205,0" /><INIT seed="4,0,0,4,5,100" ten="413,201,181,205" oya="0" hai0="131,111,27,16,7,15,67,105,37,5,10,99,38" hai1="12,40,52,96,132,107,28,0,26,53,130,98,50" hai2="35,93,17,120,33,51,39,94,91,82,6,29,71" hai3="60,112,129,73,34,46,66,113,95,117,123,69,18"/><T76/><D131/><U125/><E0/><V20/><F120/><W128/><G117/><T124/><D111/><U45/><E130/><N who="3" m="50282" /><G73/><T74/><D124/><U87/><E125/><V102/><F39/><W89/><G34/><T68/><D74/><U84/><E132/><V63/><F6/><W83/><G123/><T30/><D76/><U43/><E12/><V36/><F36/><W42/><G18/><T115/><D7/><U61/><E61/><V22/><F29/><W108/><G83/><T81/><D81/><U135/><E135/><V77/><F51/><N who="3" m="27095" /><G108/><T126/><D5/><U90/><E87/><AGARI ba="0,0" hai="60,66,69,87,89,95,112,113" m="27095,50282" machi="87" ten="30,1000,0" yaku="19,1" doraHai="100" who="3" fromWho="1" sc="413,0,201,-10,181,0,205,10" /><INIT seed="5,0,0,2,5,1" ten="413,191,181,215" oya="1" hai0="64,53,41,71,112,81,83,93,62,126,129,10,61" hai1="54,116,133,125,135,32,19,28,18,3,111,22,79" hai2="120,113,45,40,49,115,103,66,94,97,108,0,26" hai3="88,107,11,7,127,5,123,17,84,69,121,124,38"/><U118/><E79/><V44/><F120/><N who="3" m="46155" /><G38/><T20/><D126/><N who="3" m="48169" /><G69/><T4/><D41/><U85/><E125/><V101/><F108/><W9/><G107/><T48/><D62/><U29/><E85/><V37/><F66/><W24/><G84/><T63/><D63/><U35/><E54/><V114/><F26/><W39/><G39/><T98/><D20/><U105/><E105/><V106/><F0/><W100/><G100/><T90/><D129/><U25/><E3/><V91/><REACH who="2" step="1"/><F106/><REACH who="2" ten="413,191,171,215" step="2"/><W96/><G88/><T92/><D90/><U33/><E111/><V46/><F46/><W78/><G78/><T21/><D64/><U43/><E25/><V60/><F60/><W70/><G70/><T47/><D61/><U74/><E118/><V68/><F68/><W31/><G96/><T131/><D71/><U80/><E116/><V134/><F134/><W89/><G89/><T95/><D98/><U58/><E135/><V55/><AGARI ba="0,1" hai="37,40,44,45,49,55,91,94,97,101,103,113,114,115" machi="55" ten="30,7900,0" yaku="1,1,0,1,15,1,11,1,53,0" doraHai="1" doraHaiUra="104" who="2" fromWho="2" sc="413,-20,191,-39,171,89,215,-20" /><INIT seed="6,0,0,5,1,109" ten="393,152,260,195" oya="2" hai0="20,26,67,45,134,22,39,115,96,114,108,76,133" hai1="58,12,78,16,121,55,94,61,122,127,126,84,59" hai2="74,34,57,29,24,116,5,48,72,43,18,38,99" hai3="25,31,49,101,50,7,56,92,65,51,37,60,77"/><V68/><F68/><W95/><G37/><T112/><D108/><U97/><E59/><V47/><F116/><W52/><G77/><T104/><D76/><U75/><E75/><V113/><F113/><W130/><G130/><T27/><D67/><U4/><E4/><V13/><F5/><W3/><G3/><T90/><D39/><U32/><E32/><V21/><F99/><W19/><G7/><T70/><D45/><U82/><E97/><V63/><REACH who="2" step="1"/><F38/><REACH who="2" ten="393,152,250,195" step="2"/><W89/><G19/><N who="0" m="12575" /><D70/><U88/><E121/><V135/><F135/><W64/><G101/><N who="0" m="62503" /><D90/><U28/><E122/><V125/><F125/><W79/><G79/><T8/><D8/><U119/><E119/><V123/><F123/><W53/><G89/><T44/><D44/><U91/><E91/><V14/><F14/><W73/><G73/><T36/><D36/><U132/><E132/><V83/><F83/><W6/><G6/><T9/><D9/><U106/><E88/><V118/><F118/><W102/><G102/><T2/><D2/><U69/><E82/><V107/><F107/><W117/><G117/><T17/><AGARI ba="0,1" hai="17,22,27,112,114,115,133,134" m="62503,12575" machi="17" ten="40,8000,1" yaku="15,1,52,3" doraHai="109" who="0" fromWho="0" sc="393,90,152,-20,250,-40,195,-20" /><INIT seed="7,0,0,2,5,81" ten="483,132,210,175" oya="3" hai0="83,29,49,56,69,103,16,30,115,10,132,48,18" hai1="0,2,23,14,96,92,82,65,45,13,100,6,121" hai2="39,71,42,51,109,8,64,111,4,40,34,28,91" hai3="22,90,117,85,95,47,41,58,44,62,50,131,110"/><W112/><G117/><T76/><D69/><U116/><E121/><V126/><F39/><W38/><G112/><T99/><D132/><U63/><E116/><V98/><F71/><W37/><G131/><T107/><D115/><U70/><E45/><V93/><F64/><W3/><G3/><T94/><D107/><U129/><E129/><V53/><F28/><N who="0" m="10858" /><D10/><U84/><E14/><V89/><F34/><W12/><G110/><T86/><D56/><U57/><E70/><V27/><F27/><W31/><G44/><T133/><D133/><U104/><E104/><V17/><F17/><AGARI ba="0,0" hai="16,17,18,48,49,76,83,86,94,99,103" m="10858" machi="17" ten="30,3900,0" yaku="8,1,52,1,54,1" doraHai="81" who="0" fromWho="2" sc="483,39,132,0,210,-39,175,0" owari="522,62.0,132,-37.0,171,-23.0,175,-2.0" /></mjloggm>