<mjloggm ver="2.3"><GO type="41" lobby="0"/><UN n0="%E5%B0%B1%E6%B4%BB%E7%94%9F%40%E5%B7%9D%E6%9D%91%E8%BB%8D%E5%9B%A3" n1="%E5%8D%97%E8%A9%A9%E4%B9%83" n2="%73%6F%75%72%69%72%65" n3="%E5%A5%BD%E3%81%8D%E3%82%88%E3%82%B5%E3%82%AF%E3%81%A1%E3%82%83%E3%82%93" dan="14,14,14,14" rate="1967.84,1916.33,1904.08,2034.97" sx="M,F,M,M"/><TAIKYOKU oya="0"/><INIT seed="0,0,0,5,5,68" ten="250,250,250,250" oya="0" hai0="2,118,101,123,30,82,39,4,91,66,27,53,7" hai1="135,73,85,99,113,74,1,60,126,96,5,62,25" hai2="9,129,65,117,69,59,133,128,20,124,32,77,40" hai3="21,56,29,75,95,0,52,86,43,41,122,61,45"/><T110/><D123/><U64/><E113/><V10/><F117/><W50/><G75/><T55/><D118/><U104/><E135/><V3/><F32/><W112/><G0/><T83/><D66/><U114/><E114/><V15/><F69/><W127/><G112/><T63/><D101/><U80/><E126/><V102/><F102/><W34/><G127/><T18/><D18/><U51/><E104/><V24/><F133/><W13/><G34/><T78/><D91/><U103/><E103/><V79/><F124/><W134/><G134/><T71/><D71/><U108/><E108/><V42/><F42/><W89/><G122/><T8/><D4/><U107/><E107/><V6/><F40/><W11/><G21/><T93/><D110/><U120/><E120/><V76/><F59/><W19/><REACH who="3" step="1"/><G29/><REACH who="3" ten="250,250,250,240" step="2"/><T67/><D30/><U12/><E73/><V119/><F119/><W38/><G38/><T111/><D39/><U131/><E74/><V35/><F35/><W115/><G115/><T16/><D111/><U47/><E1/><V28/><F128/><W106/><G106/><T81/><D78/><U116/><E131/><V72/><F129/><W44/><G44/><T17/><D27/><U46/><E25/><V23/><F20/><W130/><G130/><T132/><D132/><U98/><E116/><V84/><F72/><W57/><G57/><N who="0" m="37359" /><D2/><U100/><E47/><V92/><F76/><W49/><G49/><T37/><D37/><U54/><E46/><V97/><F77/><W94/><G94/><T125/><D125/><U58/><E51/><V88/><F92/><RYUUKYOKU ba="0,1" sc="250,-10,250,-10,250,-10,240,30" hai3="11,13,19,41,43,45,50,52,56,61,86,89,95" /><INIT seed="1,1,1,0,3,36" ten="240,240,240,270" oya="1" hai0="46,99,56,112,58,48,123,96,79,55,2,20,128" hai1="110,75,69,13,74,72,42,125,53,85,19,34,1" hai2="115,88,77,121,59,98,129,10,16,95,103,86,120" hai3="60,134,101,38,15,44,66,0,11,114,31,92,45"/><U6/><E34/><V29/><F129/><W130/><G0/><T76/><D112/><U91/><E69/><V78/><F115/><W40/><G114/><T84/><D2/><U80/><E125/><V83/><F29/><W49/><G130/><T109/><D128/><U24/><E110/><V124/><F59/><N who="0" m="22570" /><D123/><N who="2" m="47178" /><F16/><N who="3" m="8319" /><G134/><T41/><D109/><U12/><E1/><V32/><F10/><W51/><G38/><T82/><D76/><N who="2" m="29290" /><F32/><W39/><G39/><T5/><D5/><U18/><E53/><V65/><F65/><W73/><G73/><T70/><D70/><U50/><E6/><V89/><F124/><W26/><G66/><T117/><D117/><U131/><E131/><V61/><F61/><W104/><G104/><T107/><D107/><U87/><E87/><V27/><F27/><W119/><G60/><T127/><D127/><U100/><E100/><AGARI ba="1,1" hai="83,86,88,89,95,98,100,103" m="29290,47178" machi="100" ten="30,3900,0" yaku="34,2,54,1" doraHai="36" who="2" fromWho="1" sc="240,0,240,-42,240,52,270,0" /><INIT seed="2,0,0,3,1,120" ten="240,198,292,270" oya="2" hai0="69,75,97,122,88,107,31,13,90,111,24,89,25" hai1="130,95,78,94,74,38,66,117,108,103,113,2,121" hai2="35,92,37,33,49,119,4,115,41,65,60,125,52" hai3="76,79,132,0,21,106,15,99,81,62,68,87,19"/><V20/><F125/><W51/><G0/><T86/><D122/><U85/><E66/><V83/><F119/><W93/><G132/><T100/><D75/><U58/><E58/><V91/><F115/><W124/><G124/><T114/><D114/><U34/><E103/><V44/><F83/><W116/><G116/><T57/><D69/><U10/><E10/><V3/><F3/><W67/><G51/><T1/><D1/><U30/><E30/><V16/><F4/><W5/><G106/><T101/><D101/><U56/><E56/><V134/><F134/><W48/><G48/><T98/><D111/><U42/><E42/><V135/><F135/><W27/><G5/><T9/><D97/><U129/><E78/><V105/><F105/><W71/><G68/><T39/><D39/><U55/><E55/><V43/><F43/><W12/><REACH who="3" step="1"/><G79/><REACH who="3" ten="240,198,292,260" step="2"/><T11/><D107/><U47/><E117/><V53/><F60/><W104/><G104/><T17/><D57/><U96/><E121/><V112/><F112/><W50/><G50/><T131/><D131/><U54/><E2/><V84/><F65/><W128/><G128/><T77/><D77/><U127/><E113/><V110/><F110/><W109/><G109/><T14/><D98/><U45/><E108/><V72/><F72/><W64/><G64/><T126/><D126/><U8/><E74/><V123/><F123/><W36/><G36/><T59/><D59/><U80/><E127/><V22/><F37/><W7/><G7/><T133/><D133/><U28/><E129/><V18/><F53/><W23/><G23/><RYUUKYOKU ba="0,1" sc="240,-10,198,-10,292,-10,260,30" hai3="12,15,19,21,27,62,67,71,76,81,87,93,99" /><INIT seed="3,1,1,2,5,133" ten="230,188,282,290" oya="3" hai0="85,129,111,55,1,82,119,77,121,65,127,53,102" hai1="27,112,12,134,93,99,116,64,54,34,61,71,100" hai2="117,29,107,3,24,56,70,30,57,104,67,95,109" hai3="81,2,87,26,50,46,88,62,0,23,78,105,19"/><W14/><G105/><T42/><D1/><U43/><E134/><V25/><F109/><W108/><G108/><T36/><D119/><U5/><E112/><V35/><F117/><W101/><G101/><T21/><D121/><U39/><E116/><V92/><F67/><W15/><G62/><T51/><D65/><U69/><E69/><V41/><F41/><W131/><G131/><T114/><D114/><U89/><E5/><V76/><F76/><W97/><G0/><T63/><D129/><U84/><E12/><V68/><REACH who="2" step="1"/><F3/><REACH who="2" ten="230,188,272,290" step="2"/><W132/><G2/><T31/><D42/><U80/><E43/><V48/><F48/><W37/><G132/><T18/><D51/><U120/><E39/><V49/><F49/><W73/><G37/><T113/><D36/><U115/><E120/><V47/><F47/><W90/><G73/><T22/><D113/><U118/><E115/><V20/><F20/><W74/><G74/><T28/><D22/><U17/><E118/><V125/><F125/><W4/><G78/><T91/><D111/><U103/><E54/><N who="0" m="20489" /><D127/><U96/><E34/><AGARI ba="1,2" hai="24,25,29,30,34,35,56,57,68,70,92,95,104,107" machi="34" ten="25,3200,0" yaku="1,1,22,2,53,0" doraHai="133" doraHaiUra="13" who="2" fromWho="1" sc="230,0,188,-35,272,55,290,0" /><INIT seed="4,0,0,4,1,4" ten="230,153,327,290" oya="0" hai0="95,53,46,77,32,67,66,58,116,20,103,93,78" hai1="9,27,28,11,82,47,57,134,115,127,26,80,105" hai2="61,10,54,128,43,23,3,73,125,68,41,39,62" hai3="17,52,118,2,60,89,13,123,51,97,132,83,40"/><T135/><D32/><U98/><E105/><V49/><F128/><W50/><G2/><T31/><D116/><U71/><E71/><V112/><F125/><W55/><G118/><T79/><D135/><U76/><E127/><V131/><F112/><W34/><G132/><T133/><D133/><U126/><E134/><V88/><F131/><W101/><G34/><T90/><D103/><U110/><E126/><V24/><F73/><W85/><G123/><T86/><D46/><U111/><E115/><V108/><F108/><N who="1" m="41513" /><E98/><V37/><F88/><N who="3" m="51263" /><G60/><T96/><D96/><U121/><E121/><V29/><F62/><W75/><G40/><T122/><D95/><U42/><E57/><V48/><F49/><N who="3" m="18443" /><G101/><T99/><D122/><U18/><E47/><V38/><F68/><W120/><G75/><T44/><D44/><U7/><E42/><V33/><F61/><W0/><G0/><T45/><D45/><U59/><E59/><V74/><F74/><W114/><G114/><T81/><D53/><U56/><E56/><V1/><F1/><W19/><G19/><T117/><D117/><U8/><E76/><N who="0" m="29289" /><D58/><U65/><E65/><V113/><F113/><W94/><G120/><T30/><D30/><U21/><E80/><V109/><F109/><W124/><G124/><T6/><D6/><U104/><E82/><V35/><F35/><W69/><G69/><T64/><D31/><U25/><E104/><V102/><F33/><W63/><G63/><T12/><D67/><U100/><E100/><V92/><F102/><W16/><G17/><AGARI ba="0,0" hai="12,17,20,64,66,79,81,86,90,93,99" m="29289" machi="17" ten="30,1500,0" yaku="8,1" doraHai="4" who="0" fromWho="3" sc="230,15,153,0,327,0,290,-15" /><INIT seed="4,1,0,3,0,103" ten="245,153,327,275" oya="0" hai0="36,86,59,51,100,104,49,93,118,125,9,47,20" hai1="52,76,108,31,2,112,82,35,55,46,87,123,75" hai2="81,34,19,116,77,65,97,16,131,56,80,96,111" hai3="95,124,64,102,48,73,24,99,7,5,91,115,43"/><T10/><D118/><U92/><E123/><V127/><F131/><W72/><G115/><T134/><D36/><U122/><E108/><V130/><F127/><W26/><G64/><T1/><D125/><U89/><E122/><V50/><F130/><W68/><G68/><T61/><D134/><U120/><E120/><V94/><F111/><W129/><G129/><T17/><D104/><U98/><E112/><V90/><F116/><W88/><G124/><T4/><D10/><U121/><E121/><V23/><F34/><W70/><G70/><T66/><D47/><U60/><E2/><V28/><F28/><W18/><G73/><T32/><D32/><U41/><E60/><N who="2" m="38023" /><F50/><W25/><G18/><N who="2" m="6697" /><F77/><W109/><G109/><T11/><D11/><U110/><E110/><V101/><F23/><W135/><G135/><T27/><REACH who="0" step="1"/><D100/><REACH who="0" ten="235,153,327,275" step="2"/><U63/><E35/><V67/><F67/><W113/><G113/><T58/><D58/><U6/><E6/><N who="3" m="2058" /><G72/><T39/><D39/><U57/><E31/><V69/><F69/><W44/><AGARI ba="1,1" hai="24,25,26,43,44,48,88,91,95,99,102" m="2058" machi="44" ten="30,2000,0" yaku="8,1,54,1" doraHai="103" who="3" fromWho="3" sc="235,-11,153,-6,327,-6,275,33" /><INIT seed="5,0,0,3,2,128" ten="224,147,321,308" oya="1" hai0="98,60,135,121,23,28,1,25,50,70,66,112,13" hai1="75,134,91,17,10,93,71,62,103,7,0,94,6" hai2="106,123,49,4,52,65,82,9,27,109,72,19,29" hai3="87,102,43,105,90,116,30,79,73,33,38,21,130"/><U48/><E75/><V95/><F106/><W47/><G130/><T113/><D1/><U101/><E7/><V22/><F109/><W42/><G43/><T96/><D121/><U74/><E74/><V122/><F123/><W12/><G116/><T46/><D13/><U124/><E124/><V118/><F122/><W63/><G63/><T126/><D126/><U129/><E129/><V83/><F118/><W100/><G33/><T26/><D26/><U76/><E76/><V32/><F65/><W110/><G110/><T35/><D35/><U77/><E77/><V88/><F72/><W37/><G37/><T11/><D11/><U132/><E48/><V59/><F32/><W20/><G20/><T84/><D84/><U51/><E51/><V53/><F53/><W92/><G105/><T99/><REACH who="0" step="1"/><D135/><REACH who="0" ten="214,147,321,308" step="2"/><N who="1" m="51755" /><E17/><V117/><F117/><W107/><G12/><T18/><D18/><U81/><E81/><V2/><REACH who="2" step="1"/><F19/><REACH who="2" ten="214,147,311,308" step="2"/><W133/><G133/><T64/><D64/><N who="1" m="41367" /><E94/><V57/><F57/><W85/><G92/><T54/><AGARI ba="0,2" hai="23,25,28,46,50,54,60,66,70,96,98,99,112,113" machi="54" ten="30,4000,0" yaku="1,1,0,1,53,1" doraHai="128" doraHaiUra="58" who="0" fromWho="0" sc="214,60,147,-20,311,-10,308,-10" /><INIT seed="6,0,0,3,1,52" ten="274,127,301,298" oya="2" hai0="17,60,78,125,85,71,98,135,30,102,97,126,16" hai1="130,83,14,18,79,24,91,59,120,20,134,131,100" hai2="67,81,89,11,69,70,80,94,3,107,111,87,35" hai3="4,108,93,117,34,95,29,112,74,129,28,103,58"/><V51/><F111/><W40/><G108/><T106/><D30/><U41/><E100/><V132/><F132/><W68/><G74/><T76/><D135/><U54/><E41/><V109/><F109/><W8/><G68/><T73/><D73/><U122/><E134/><V56/><F107/><W77/><G117/><T75/><D75/><U62/><E91/><V104/><F104/><W61/><G77/><T36/><D36/><U86/><REACH who="1" step="1"/><E24/><REACH who="1" ten="274,117,301,298" step="2"/><V47/><F70/><W5/><G40/><T119/><D102/><U133/><E133/><V92/><F69/><W0/><G103/><T38/><D38/><U19/><E19/><V88/><F35/><W113/><G34/><T124/><D71/><U114/><E114/><N who="3" m="44138" /><G5/><T105/><D124/><U128/><AGARI ba="0,1" hai="14,18,20,54,59,62,79,83,86,120,122,128,130,131" machi="128" ten="40,8000,1" yaku="1,1,0,1,19,1,52,1,53,0" doraHai="52" doraHaiUra="101" who="1" fromWho="1" sc="274,-20,117,90,301,-40,298,-20" /><INIT seed="7,0,0,5,1,4" ten="254,207,261,278" oya="3" hai0="76,40,67,6,87,36,77,74,118,126,1,120,123" hai1="131,84,73,33,112,60,5,43,39,72,25,23,75" hai2="8,127,17,26,47,21,16,38,85,82,66,56,101" hai3="113,108,130,122,100,61,119,80,44,117,121,63,64"/><W58/><G100/><T31/><D118/><N who="3" m="45065" /><G80/><N who="0" m="45079" /><D126/><U18/><E33/><V55/><F66/><N who="3" m="39223" /><G130/><T79/><D67/><U15/><E131/><V13/><F101/><W97/><G97/><T54/><D54/><U114/><E60/><N who="2" m="35871" /><F38/><W102/><G102/><T48/><D48/><U34/><E84/><V12/><F127/><W14/><G14/><T103/><D103/><U53/><E53/><V133/><F133/><W2/><G2/><T98/><D98/><U45/><E34/><V11/><F47/><W41/><G108/><T107/><D31/><U92/><E92/><V9/><F17/><W115/><G64/><T59/><D107/><U68/><E68/><V42/><F42/><W110/><G63/><T81/><D59/><U37/><E37/><V96/><F96/><W109/><G44/><N who="0" m="23559" /><D77/><AGARI ba="0,0" hai="8,9,11,12,13,16,21,26,77,82,85" m="35871" machi="77" ten="30,8000,1" yaku="8,1,52,3,54,1" doraHai="4" who="2" fromWho="0" sc="254,-80,207,0,261,80,278,0" owari="174,-33.0,207,-19.0,341,44.0,278,8.0" /></mjloggm>