<mjloggm ver="2.3"><GO type="169" lobby="0"/><UN n0="%E3%82%AF%E3%83%A9" n1="%6B%6F%6B%75%73%68%69%61" n2="%62%65%65%73%6F%6E%6F" n3="%E3%82%A6%E3%83%AB%E3%83%88%E3%83%A9%E7%AB%8B%E7%9B%B4" dan="18,16,16,17" rate="2204.28,2096.42,2114.03,2113.30" sx="M,M,M,M"/><TAIKYOKU oya="0"/><INIT seed="0,0,0,1,3,125" ten="250,250,250,250" oya="0" hai0="123,48,96,119,25,72,57,21,84,112,43,78,3" hai1="60,8,51,77,32,61,106,80,26,6,7,127,20" hai2="1,24,36,81,101,11,31,37,98,128,117,40,105" hai3="49,132,107,30,90,104,76,35,103,94,109,15,4"/><T120/><D112/><U0/><E127/><V63/><F117/><W27/><G132/><T10/><D119/><U38/><E38/><V67/><F40/><W56/><G109/><T133/><D72/><U135/><E135/><V79/><F11/><W13/><G76/><T88/><D133/><U23/><E106/><V73/><F1/><W28/><G28/><T33/><D33/><U116/><E116/><V52/><F52/><W44/><G56/><T18/><D96/><U108/><E108/><V74/><F74/><W22/><G103/><T134/><D78/><U115/><E115/><V54/><F54/><W93/><G93/><T118/><D118/><U53/><E7/><V39/><F39/><W2/><G2/><T130/><D134/><U110/><E32/><N who="2" m="20583" /><F128/><W126/><G126/><T113/><D130/><U50/><E110/><V129/><F129/><W69/><G69/><AGARI ba="0,0" hai="36,37,63,67,69,73,79,81,98,101,105" m="20583" machi="69" ten="30,3900,0" yaku="25,1,33,2" doraHai="125" who="2" fromWho="3" sc="250,0,250,0,250,39,250,-39" /><INIT seed="1,0,0,3,3,83" ten="250,250,289,211" oya="1" hai0="16,8,128,59,106,116,40,121,57,10,17,126,45" hai1="51,60,124,91,72,26,27,44,92,93,125,118,113" hai2="77,97,23,66,129,56,2,67,42,99,30,102,119" hai3="104,103,47,48,5,114,105,94,127,76,112,88,98"/><U95/><E113/><V35/><F35/><W24/><G127/><N who="1" m="48714" /><E118/><V82/><F2/><W3/><G76/><T62/><D126/><U107/><E107/><V115/><F119/><W71/><G71/><T135/><D116/><U86/><E72/><V34/><F34/><W19/><G104/><T0/><D135/><U9/><E9/><V131/><F42/><W15/><G24/><N who="1" m="9258" /><E60/><N who="2" m="38151" /><F67/><W1/><G5/><T75/><D75/><U33/><E33/><V54/><F23/><W110/><G110/><T80/><D106/><U123/><E123/><V55/><F30/><W7/><G7/><T89/><D0/><U70/><E70/><V12/><F99/><W52/><G3/><T29/><D29/><U130/><E130/><N who="2" m="49675" /><F12/><W58/><G1/><T79/><D128/><U13/><E13/><V108/><F115/><W120/><G120/><T25/><D121/><U68/><E68/><V69/><F69/><W87/><REACH who="3" step="1"/><G47/><REACH who="3" ten="250,250,289,201" step="2"/><T134/><D45/><U84/><E91/><V31/><F108/><W53/><G53/><AGARI ba="0,1" hai="44,51,53,84,86,92,93,95" m="9258,48714" machi="53" ten="30,5800,0" yaku="18,1,52,2" doraHai="83" who="1" fromWho="3" sc="250,0,250,68,289,0,201,-58" /><INIT seed="1,1,0,1,5,42" ten="250,318,289,143" oya="1" hai0="19,71,3,97,131,133,73,20,117,26,114,83,126" hai1="51,88,57,120,1,109,25,93,58,63,30,106,75" hai2="112,95,74,79,39,130,24,16,45,21,35,121,89" hai3="81,10,101,129,40,91,98,38,80,124,48,8,54"/><U69/><E120/><V55/><F121/><W107/><G124/><T0/><D97/><U7/><E106/><V94/><F112/><W47/><G129/><T14/><D83/><U116/><E116/><V18/><F35/><W128/><G128/><T28/><D71/><U64/><E75/><V2/><F2/><W113/><G113/><T6/><D73/><U111/><E7/><V104/><F104/><W37/><G37/><T123/><D131/><U115/><E1/><N who="0" m="585" /><D114/><U36/><E36/><V84/><F39/><W29/><G29/><T132/><D117/><U92/><E115/><V119/><F74/><W59/><REACH who="3" step="1"/><G81/><REACH who="3" ten="250,318,289,133" step="2"/><T82/><D82/><U22/><E111/><V46/><F130/><W43/><G43/><T110/><D110/><U33/><E109/><V122/><F119/><W34/><G34/><N who="0" m="20759" /><D126/><U4/><E33/><V135/><F122/><W56/><G56/><T9/><D123/><U90/><E57/><V17/><F46/><W118/><G118/><T50/><D50/><U105/><E51/><N who="2" m="29167" /><F135/><W76/><G76/><T72/><D72/><U27/><E58/><V86/><F79/><W41/><G41/><T15/><AGARI ba="1,1" hai="6,9,14,15,19,20,132,133" m="20759,585" machi="15" ten="30,2000,0" yaku="34,2" doraHai="42" who="0" fromWho="0" sc="250,33,318,-11,289,-6,133,-6" /><INIT seed="2,0,0,2,2,48" ten="283,307,283,127" oya="2" hai0="131,120,73,116,49,119,31,8,34,4,133,103,37" hai1="77,19,74,81,6,36,3,97,15,96,63,91,83" hai2="56,117,100,89,125,61,39,75,46,115,105,25,55" hai3="5,18,47,51,123,10,80,40,88,17,20,59,21"/><V33/><F115/><W130/><G123/><T135/><D37/><U50/><E36/><V107/><F117/><N who="0" m="45130" /><D73/><U64/><E3/><V60/><F75/><W101/><G101/><T23/><D103/><U134/><E6/><V7/><F7/><W99/><G130/><T111/><D49/><U121/><E134/><N who="0" m="51209" /><D120/><U32/><E32/><V114/><F114/><W92/><G80/><T24/><D131/><U0/><E0/><V87/><F100/><W9/><G59/><T110/><D23/><U76/><E50/><V93/><F125/><W30/><G30/><T132/><D132/><U16/><E74/><V69/><F46/><W94/><G94/><T54/><D54/><U52/><E52/><V86/><F39/><W14/><REACH who="3" step="1"/><G5/><REACH who="3" ten="283,307,283,117" step="2"/><T57/><D57/><U79/><E121/><V98/><F105/><W41/><G41/><T109/><D109/><U42/><E42/><V118/><F107/><W28/><G28/><T112/><D112/><U43/><E43/><V127/><F118/><W95/><G95/><T113/><D113/><U45/><E81/><V2/><F56/><W122/><G122/><T71/><D71/><U58/><E83/><V27/><F69/><W84/><G84/><T53/><D111/><U70/><E70/><V128/><F128/><W126/><G126/><T68/><D68/><U29/><E58/><V22/><F127/><W12/><AGARI ba="0,1" hai="9,10,12,14,17,18,20,21,40,47,51,88,92,99" machi="12" ten="20,16000,3" yaku="1,1,0,1,7,1,9,1,8,1,54,1,53,2" doraHai="48" doraHaiUra="11" who="3" fromWho="3" sc="283,-40,307,-40,283,-80,117,170" /><INIT seed="3,0,0,3,3,13" ten="243,267,203,287" oya="3" hai0="86,114,41,100,30,92,90,70,94,34,107,134,2" hai1="122,80,102,104,25,123,42,88,27,59,111,83,47" hai2="64,99,106,3,132,58,54,37,26,10,105,116,46" hai3="68,84,95,36,22,0,20,85,4,89,82,124,126"/><W113/><G68/><T24/><D134/><U77/><E111/><V12/><F116/><W129/><G36/><T66/><D114/><U128/><E128/><V39/><F132/><W62/><G113/><T125/><D125/><N who="3" m="48233" /><G62/><N who="0" m="40279" /><D41/><U97/><E59/><V103/><F3/><W23/><G129/><T91/><D2/><U61/><E61/><V7/><F64/><W32/><G32/><T38/><D38/><U96/><E96/><V69/><F69/><W1/><G4/><T120/><D120/><U133/><E133/><V93/><F39/><W108/><G108/><T135/><D135/><U5/><E5/><V67/><F67/><W9/><G9/><T55/><D55/><U110/><E110/><V28/><F46/><W29/><G29/><T112/><D112/><U52/><E83/><V53/><F37/><W45/><G45/><T101/><D101/><U11/><E11/><V117/><F54/><W40/><G40/><T56/><D56/><U6/><E42/><V49/><REACH who="2" step="1"/><F117/><REACH who="2" ten="243,267,193,287" step="2"/><W19/><G0/><T35/><D35/><AGARI ba="0,1" hai="7,10,12,26,28,35,49,53,58,93,99,103,105,106" machi="35" ten="30,3900,0" yaku="1,1,2,1,7,1,53,0" doraHai="13" doraHaiUra="16" who="2" fromWho="0" sc="243,-39,267,0,193,49,287,0" /><INIT seed="4,0,0,3,5,24" ten="204,267,242,287" oya="0" hai0="111,46,33,53,130,19,2,102,87,27,37,94,68" hai1="44,56,66,83,39,12,124,38,101,13,34,73,41" hai2="25,98,40,55,45,10,97,59,62,60,100,15,79" hai3="51,132,28,64,30,125,99,75,109,63,91,4,52"/><T42/><D130/><U121/><E121/><V108/><F108/><W70/><G109/><T6/><D111/><U48/><E124/><V7/><F79/><W116/><G116/><T5/><D68/><U16/><E34/><V92/><F97/><W76/><G125/><T20/><D2/><U43/><E101/><V82/><F82/><W104/><G132/><T29/><D53/><U103/><E103/><V67/><F25/><W90/><G4/><T128/><D128/><U133/><E133/><V58/><F45/><W127/><G127/><T26/><REACH who="0" step="1"/><D87/><REACH who="0" ten="194,267,242,287" step="2"/><U117/><E73/><V47/><F47/><W65/><G52/><T123/><D123/><U131/><E131/><V84/><F40/><W86/><G70/><T80/><D80/><U96/><E43/><V23/><F84/><W11/><G86/><T22/><D22/><AGARI ba="0,1" hai="7,10,15,22,23,55,58,59,60,62,67,92,98,100" machi="22" ten="40,1300,0" yaku="8,1" doraHai="24" who="2" fromWho="0" sc="194,-13,267,0,242,23,287,0" /><INIT seed="5,0,0,3,4,38" ten="181,267,265,287" oya="1" hai0="20,10,8,88,67,116,4,41,63,127,49,91,43" hai1="121,60,69,107,3,56,76,75,79,104,72,133,2" hai2="28,31,48,112,93,81,25,34,65,26,130,115,32" hai3="78,85,13,77,14,94,100,124,54,52,59,45,27"/><U21/><E69/><V42/><F65/><W64/><G124/><T90/><D127/><U9/><E121/><V109/><F109/><W47/><G27/><T134/><D116/><U24/><E133/><V89/><F81/><N who="3" m="47279" /><G78/><T5/><D20/><U7/><E2/><V0/><F0/><W22/><G64/><T80/><D80/><U111/><E111/><V19/><F19/><N who="3" m="10607" /><G14/><T61/><D49/><U68/><E68/><V113/><F130/><W53/><G59/><T29/><D29/><U92/><E92/><V114/><N who="2" m="29184" /><DORA hai="12" /><V50/><F42/><N who="0" m="15882" /><D134/><U87/><E79/><V84/><AGARI ba="0,0" hai="25,26,28,31,32,34,48,50,84,89,93" m="29184" machi="84" ten="60,8000,1" yaku="0,1,9,1,15,1,11,1" doraHai="38,12" who="2" fromWho="2" sc="181,-20,267,-40,265,80,287,-20" /><INIT seed="6,0,0,0,0,65" ten="161,227,345,267" oya="2" hai0="119,112,127,80,75,15,53,79,52,109,74,45,134" hai1="97,104,126,100,122,115,37,59,101,124,20,135,34" hai2="103,84,38,76,0,46,77,40,113,17,64,60,99" hai3="33,105,27,90,47,94,8,85,14,50,133,78,61"/><V55/><F113/><W1/><G105/><T83/><D109/><U71/><E115/><V128/><F128/><W48/><G133/><T10/><D112/><U56/><E135/><V23/><F0/><W110/><G110/><T129/><D134/><U42/><E34/><V62/><F84/><W131/><G131/><T123/><D129/><U107/><E122/><V11/><F11/><W98/><G1/><T26/><D123/><U121/><E121/><V130/><F62/><W125/><G125/><N who="1" m="48234" /><E71/><V43/><F55/><W22/><G61/><T32/><D119/><U36/><E20/><V12/><F43/><W73/><G73/><T132/><D132/><U117/><E117/><V24/><F24/><W13/><G33/><T4/><D127/><U39/><E42/><V21/><F21/><W114/><G114/><T6/><D6/><U44/><E44/><V111/><F111/><W30/><G47/><T91/><D45/><U106/><E97/><V3/><F3/><W31/><G31/><T57/><D57/><AGARI ba="0,0" hai="36,37,39,56,57,59,100,101,104,106,107" m="48234" machi="57" ten="50,6400,0" yaku="28,2,18,1" doraHai="65" who="1" fromWho="0" sc="161,-64,227,64,345,0,267,0" /><INIT seed="7,0,0,4,5,126" ten="97,291,345,267" oya="3" hai0="93,109,34,54,133,68,125,11,40,124,64,44,60" hai1="41,72,122,77,128,58,62,14,12,52,67,32,31" hai2="135,86,30,117,127,102,87,116,50,83,56,33,37" hai3="90,18,101,74,80,95,113,39,27,21,51,23,110"/><W59/><G39/><T84/><D34/><U1/><E122/><V46/><F37/><W47/><G113/><T104/><D104/><U96/><E1/><V99/><F33/><W61/><G110/><T88/><D109/><U73/><E41/><V7/><F30/><W57/><G101/><T53/><D11/><U131/><E96/><V89/><F7/><W94/><G74/><N who="1" m="28778" /><E77/><V119/><F56/><N who="3" m="21579" /><G61/><T6/><D6/><U121/><E121/><V5/><F5/><W115/><G115/><T97/><D97/><U63/><E31/><V106/><F119/><W70/><G70/><T20/><D20/><U78/><E78/><V25/><F116/><W79/><G79/><T103/><D103/><U92/><E92/><N who="3" m="35370" /><G23/><T69/><D69/><N who="1" m="42231" /><E32/><V19/><F102/><W4/><G4/><T2/><D2/><U98/><E98/><V107/><F99/><W55/><G80/><T123/><D123/><U45/><E45/><V26/><F83/><W8/><G8/><T130/><D133/><U76/><E76/><V28/><F135/><W129/><G90/><T36/><D54/><U111/><E111/><V120/><F106/><W82/><G82/><T38/><D53/><U15/><E15/><V29/><F107/><W66/><G66/><T48/><D38/><U49/><E63/><V132/><F120/><W42/><G42/><T108/><D108/><U114/><E114/><V13/><F132/><W71/><G71/><T16/><D36/><U134/><E134/><V22/><F89/><W24/><G24/><T105/><D105/><U100/><E100/><V118/><F118/><RYUUKYOKU ba="0,0" sc="97,-15,291,15,345,-15,267,15" hai1="12,14,49,52,58,128,131" hai3="18,21,27,47,51,55,129" /><INIT seed="7,1,0,4,1,45" ten="82,306,330,282" oya="3" hai0="22,29,85,105,13,61,124,83,44,62,111,88,125" hai1="64,12,57,14,95,56,0,131,104,38,127,98,94" hai2="96,128,107,130,63,31,52,66,126,20,11,135,76" hai3="18,42,129,70,116,50,35,113,132,40,110,118,9"/><W48/><G35/><T102/><D111/><U19/><E0/><V81/><F126/><W65/><G9/><T4/><D125/><U27/><E127/><V47/><F135/><W59/><G18/><T87/><D124/><U101/><E38/><V91/><F11/><W3/><G3/><T36/><D36/><U117/><E131/><N who="2" m="50219" /><F20/><W60/><G129/><T6/><D105/><U67/><E117/><N who="3" m="45162" /><G132/><T75/><D75/><U82/><E82/><V106/><F31/><W49/><G110/><T54/><D102/><U55/><E27/><V2/><F2/><W7/><G7/><T112/><D112/><U77/><E77/><V74/><F91/><W23/><G23/><T121/><D121/><U109/><E109/><V30/><F96/><W32/><G32/><T39/><D39/><U25/><E25/><V122/><F30/><W86/><G86/><T28/><D22/><N who="1" m="11623" /><E14/><V72/><F72/><W134/><G134/><T99/><D99/><N who="1" m="59647" /><E104/><V24/><F24/><W46/><G113/><T92/><D13/><U15/><E15/><V114/><F114/><W5/><G5/><T80/><D92/><U103/><E57/><N who="2" m="37231" /><F122/><W97/><G97/><T10/><D10/><U69/><E69/><V115/><F115/><W90/><G90/><T123/><D123/><U58/><E58/><V73/><F73/><W16/><G16/><T34/><D34/><U119/><E119/><V1/><F1/><W108/><G108/><T71/><D88/><U84/><E84/><V51/><AGARI ba="1,0" hai="47,51,52,74,76,81,106,107" m="37231,50219" machi="51" ten="30,4000,0" yaku="19,1,52,1,54,1" doraHai="45" who="2" fromWho="2" sc="82,-11,306,-11,330,43,282,-21" owari="71,-43.0,295,10.0,373,47.0,261,-14.0" /></mjloggm>