<mjloggm ver="2.3"><GO type="41" lobby="0"/><UN n0="%E5%8F%A3%E5%AB%8C%E4%BD%93%E6%AD%A3%E7%9B%B4" n1="%E5%B0%B1%E6%B4%BB%E7%94%9F%40%E5%B7%9D%E6%9D%91%E8%BB%8D%E5%9B%A3" n2="%E8%87%AA%E7%94%B1%E7%8C%AB" n3="%E3%83%AC%E3%82%A2%E3%83%A2%E3%83%B3" dan="13,15,13,15" rate="1807.81,2064.95,1972.60,2000.55" sx="M,M,M,M"/><TAIKYOKU oya="0"/><INIT seed="0,0,0,3,1,28" ten="250,250,250,250" oya="0" hai0="70,22,113,120,31,43,53,112,35,4,122,58,94" hai1="128,61,17,27,71,130,49,11,16,5,24,23,75" hai2="9,25,100,55,12,103,39,15,135,37,96,95,76" hai3="3,60,114,0,6,20,121,85,46,74,81,80,19"/><T33/><D58/><U18/><E75/><V108/><F135/><W93/><G114/><N who="0" m="44139" /><D53/><U115/><E71/><V84/><F108/><W79/><G121/><N who="0" m="46699" /><D70/><U14/><E61/><V44/><F103/><W62/><G46/><T8/><D43/><U64/><E64/><V110/><F110/><W109/><G109/><T127/><D127/><U66/><E66/><V41/><F37/><W21/><G62/><T78/><D78/><U51/><E115/><V131/><F55/><W50/><G60/><T133/><D133/><U57/><E57/><V119/><F131/><N who="1" m="50217" /><E51/><V65/><F119/><W132/><G50/><T89/><D89/><U67/><E67/><V48/><F65/><W99/><G132/><T36/><D36/><U38/><E49/><V134/><F39/><W59/><G59/><T117/><D94/><U111/><E38/><V107/><F134/><W129/><G129/><T63/><D63/><U87/><E87/><V104/><F104/><W2/><G6/><T68/><D68/><U124/><E111/><V125/><F125/><W98/><G0/><N who="0" m="7" /><D117/><U13/><E124/><V10/><F107/><W86/><G74/><T123/><N who="0" m="46707" /><T77/><DORA hai="30" /><D77/><U32/><E13/><V83/><F48/><W82/><G79/><T102/><D102/><U92/><E92/><V73/><F44/><W29/><G93/><T26/><AGARI ba="0,0" hai="22,26,31,33,35" m="7,46707,44139" machi="26" ten="50,18000,2" yaku="34,2,52,4" doraHai="28,30" who="0" fromWho="0" sc="250,180,250,-60,250,-60,250,-60" /><INIT seed="0,1,0,2,0,51" ten="430,190,190,190" oya="0" hai0="28,96,130,18,4,12,20,82,27,8,57,46,25" hai1="95,42,7,108,66,135,100,19,75,65,53,109,97" hai2="22,2,35,78,21,103,74,3,44,127,40,99,105" hai3="102,94,72,76,110,14,41,63,48,16,132,58,116"/><T120/><D120/><U50/><E75/><V101/><F127/><W81/><G116/><T31/><D96/><U29/><E135/><V24/><F21/><W17/><G132/><T56/><D82/><U60/><E42/><V69/><F103/><W111/><G94/><T79/><D79/><U98/><E7/><V113/><F113/><W121/><G102/><T34/><D46/><U61/><E29/><V117/><F117/><W89/><G89/><T59/><D130/><U55/><E19/><V23/><F23/><W67/><G121/><T84/><D84/><U26/><E50/><V92/><F92/><W107/><G107/><T104/><D104/><U30/><E30/><V62/><F22/><W15/><G41/><T70/><D70/><U124/><E26/><V38/><F24/><W54/><G48/><T6/><AGARI ba="1,0" hai="4,6,8,12,18,20,25,27,28,31,34,56,57,59" machi="6" ten="30,1500,0" yaku="0,1" doraHai="51" who="0" fromWho="0" sc="430,18,190,-6,190,-6,190,-6" /><INIT seed="0,2,0,5,0,49" ten="448,184,184,184" oya="0" hai0="128,68,41,87,2,98,60,112,14,72,5,102,74" hai1="107,16,63,26,56,122,114,33,15,119,93,19,6" hai2="21,135,100,59,101,32,105,25,57,73,18,83,70" hai3="95,124,81,103,62,42,58,130,92,132,44,30,106"/><T34/><D112/><U36/><E107/><V96/><F70/><W109/><G106/><T121/><D121/><U120/><E119/><V82/><F135/><W108/><G132/><T48/><D128/><U31/><E36/><V94/><F32/><W113/><G113/><T54/><D34/><U12/><E114/><V35/><F35/><W55/><G103/><T91/><D2/><U85/><E6/><V67/><F67/><W51/><G130/><T11/><D41/><U47/><E47/><V133/><F133/><W7/><G7/><T61/><D74/><U97/><E85/><V20/><F73/><W39/><G30/><T76/><D68/><U50/><E50/><V99/><F20/><W78/><G124/><T79/><D72/><U64/><E15/><V71/><F71/><W129/><G129/><T111/><D111/><N who="3" m="42569" /><G39/><T110/><D110/><U75/><E75/><AGARI ba="2,0" hai="42,44,51,55,58,62,75,78,81,92,95" m="42569" machi="75" ten="30,2000,0" yaku="14,1,52,1" doraHai="49" who="3" fromWho="1" sc="448,0,184,-26,184,0,184,26" /><INIT seed="1,0,0,0,3,49" ten="448,158,184,210" oya="1" hai0="23,24,35,47,86,54,33,12,91,85,13,7,115" hai1="29,46,78,45,9,106,112,108,17,63,123,114,56" hai2="100,133,40,73,43,104,68,18,25,4,79,3,75" hai3="105,42,34,134,132,62,53,51,39,83,1,81,60"/><U95/><E106/><V97/><F133/><N who="3" m="51307" /><G1/><T70/><D115/><U90/><E123/><V92/><F68/><W129/><G34/><T50/><D70/><U22/><E78/><V19/><F75/><W128/><G105/><T37/><D37/><U80/><E80/><N who="3" m="30794" /><G42/><T116/><D116/><U120/><E120/><V124/><F79/><W82/><N who="3" m="30802" /><W118/><DORA hai="99" /><G39/><T74/><D74/><U117/><E117/><V89/><F73/><W93/><G93/><T27/><D35/><U5/><E29/><V44/><F124/><W131/><G118/><T8/><D33/><U66/><E108/><V121/><F121/><W16/><G16/><N who="0" m="10631" /><D86/><U72/><E72/><V111/><F111/><W122/><G122/><T26/><D85/><U110/><E110/><V64/><F64/><W30/><G30/><T21/><D91/><U87/><E112/><V14/><F3/><W76/><G76/><T57/><D47/><AGARI ba="0,0" hai="47,51,53,60,62,128,129,131" m="30802,51307" machi="47" ten="40,5200,0" yaku="19,1,20,1,52,1" doraHai="49,99" who="3" fromWho="0" sc="448,-52,158,0,184,0,210,52" /><INIT seed="2,0,0,1,5,39" ten="396,158,184,262" oya="2" hai0="109,121,81,67,125,16,114,30,62,107,45,100,120" hai1="12,14,108,22,17,87,126,80,28,103,96,29,84" hai2="76,13,35,63,50,112,133,78,51,131,57,0,86" hai3="115,7,130,106,23,66,124,119,127,11,4,118,31"/><V98/><F112/><W40/><G106/><T74/><D114/><U36/><E36/><V132/><F35/><W20/><G115/><T52/><D109/><U68/><E68/><V3/><F131/><W41/><G66/><T135/><D135/><U99/><E126/><N who="3" m="48170" /><G130/><T10/><D125/><U21/><E108/><V47/><F98/><W101/><G101/><T38/><D107/><U104/><E96/><V95/><F13/><N who="3" m="5351" /><G7/><T53/><D30/><U2/><E2/><V72/><F72/><W32/><G32/><T58/><D100/><U123/><E87/><V75/><F75/><W129/><G129/><T56/><D74/><U111/><E111/><V79/><F51/><W97/><G97/><T43/><D81/><U5/><E123/><V54/><F95/><W70/><G70/><T64/><D10/><U93/><E104/><V8/><F86/><W24/><G23/><T90/><D90/><U82/><E82/><V19/><F19/><W85/><G85/><T42/><D16/><N who="1" m="10375" /><E5/><V59/><F59/><W134/><G134/><N who="2" m="51817" /><F8/><W61/><G61/><N who="0" m="35975" /><D43/><AGARI ba="0,0" hai="0,3,43,47,50,54,57,63,76,78,79" m="51817" machi="43" ten="30,2900,0" yaku="20,1,52,1" doraHai="39" who="2" fromWho="0" sc="396,-29,158,0,184,29,262,0" /><AGARI ba="0,0" hai="20,24,31,40,41,43,118,119" m="5351,48170" machi="43" ten="30,7700,0" yaku="18,1,52,3" doraHai="39" who="3" fromWho="0" sc="367,-77,158,0,213,0,262,77" /><INIT seed="2,1,0,2,5,73" ten="290,158,213,339" oya="2" hai0="20,12,120,19,91,124,31,77,74,133,115,65,48" hai1="40,114,79,51,6,17,16,39,83,45,30,78,14" hai2="33,130,119,126,87,71,47,61,43,55,8,66,62" hai3="93,38,135,118,100,37,54,127,90,75,34,2,4"/><V21/><F119/><W13/><G118/><T63/><D120/><U92/><E114/><V96/><F33/><W56/><G2/><T129/><D115/><U101/><E39/><V86/><F126/><W1/><G1/><T95/><D124/><U105/><E105/><V53/><F130/><W23/><G127/><T125/><D125/><U132/><E30/><V57/><F8/><W42/><G34/><T85/><D129/><U9/><E132/><V110/><F21/><W58/><G75/><T28/><D133/><U112/><E112/><V94/><F110/><W116/><G116/><T18/><D48/><U81/><E101/><V64/><F55/><W36/><G135/><T82/><REACH who="0" step="1"/><D19/><REACH who="0" ten="280,158,213,339" step="2"/><N who="1" m="7243" /><E92/><V5/><F94/><W107/><G107/><T134/><D134/><U49/><E49/><V128/><F128/><W44/><G38/><T15/><D15/><U50/><E51/><V121/><F121/><W3/><G37/><T41/><D41/><U106/><E106/><V108/><F43/><W103/><G3/><T10/><D10/><U84/><E83/><V117/><F117/><W97/><G13/><T32/><D32/><U76/><AGARI ba="1,1" hai="6,9,14,40,45,50,76,78,79,81,84" m="7243" machi="76" ten="30,12000,2" yaku="25,1,8,1,52,3,54,1" doraHai="73" who="1" fromWho="1" sc="280,-31,158,133,213,-61,339,-31" /><INIT seed="3,0,0,4,1,105" ten="249,291,152,308" oya="3" hai0="86,85,11,34,111,20,31,35,45,82,50,88,109" hai1="16,102,33,128,69,13,133,7,77,101,106,49,6" hai2="52,58,29,103,43,83,115,37,120,135,23,94,38" hai3="70,4,59,10,30,72,119,98,47,3,54,8,25"/><W90/><G72/><T26/><D11/><U41/><E33/><V92/><F115/><W42/><G119/><T46/><D86/><U129/><E69/><V118/><F118/><W22/><G70/><T95/><D82/><U28/><E28/><V96/><F120/><W61/><G10/><T107/><D107/><U65/><E65/><V44/><F135/><W78/><G78/><T40/><REACH who="0" step="1"/><D46/><REACH who="0" ten="239,291,152,308" step="2"/><N who="1" m="25807" /><E106/><V71/><F83/><W91/><REACH who="3" step="1"/><G98/><REACH who="3" ten="239,291,152,298" step="2"/><T100/><D100/><U116/><E116/><V5/><F103/><W66/><G66/><T27/><D27/><U84/><E102/><V2/><F96/><W80/><G80/><T113/><D113/><U81/><E101/><V53/><F94/><W127/><G127/><T1/><D1/><U56/><E133/><V57/><F92/><W117/><G117/><T108/><AGARI ba="0,2" hai="20,26,31,34,35,40,45,50,85,88,95,108,109,111" machi="108" ten="30,7900,0" yaku="1,1,0,1,14,1,54,1,53,0" doraHai="105" doraHaiUra="0" who="0" fromWho="0" sc="239,99,291,-20,152,-20,298,-39" /><INIT seed="4,0,0,1,4,125" ten="338,271,132,259" oya="0" hai0="77,113,88,101,32,42,34,8,61,85,31,57,133" hai1="76,98,79,45,102,132,135,4,114,9,19,36,23" hai2="122,63,64,96,7,24,117,60,95,40,0,49,83" hai3="128,59,39,48,11,126,68,109,90,81,65,121,112"/><T30/><D113/><U13/><E36/><V93/><F122/><W72/><G109/><T110/><D110/><U14/><E114/><V78/><F117/><W107/><G112/><T70/><D133/><N who="1" m="51275" /><E45/><V58/><F24/><W54/><G107/><AGARI ba="0,0" hai="4,9,13,14,19,23,76,79,98,102,107" m="51275" machi="107" ten="30,1000,0" yaku="20,1" doraHai="125" who="1" fromWho="3" sc="338,0,271,10,132,0,259,-10" /><INIT seed="5,0,0,5,5,26" ten="338,281,132,249" oya="1" hai0="73,129,111,123,119,109,79,72,52,50,31,131,74" hai1="104,27,71,95,12,101,75,121,127,90,88,108,130" hai2="96,78,0,60,58,59,21,128,22,61,53,92,67" hai3="40,62,49,44,66,84,114,1,7,124,13,120,34"/><U43/><E121/><V3/><F128/><N who="0" m="49226" /><D119/><U29/><E71/><V2/><REACH who="2" step="1"/><F78/><REACH who="2" ten="338,281,122,249" step="2"/><W133/><G120/><T9/><D79/><U18/><E130/><V4/><F4/><W113/><G133/><T105/><D123/><U16/><E108/><V39/><F39/><W99/><G124/><T55/><D111/><U77/><E127/><V65/><F65/><W51/><G7/><T81/><D109/><U14/><E77/><V15/><F15/><W64/><G13/><T69/><D69/><U19/><E75/><V86/><F86/><W115/><G1/><T35/><D74/><U11/><E14/><V47/><F47/><N who="3" m="25831" /><G84/><T46/><D73/><U48/><E12/><V54/><F54/><N who="3" m="30055" /><G99/><T25/><D55/><U107/><E11/><V6/><F6/><W110/><G110/><T122/><D9/><U118/><E118/><V38/><F38/><W132/><G132/><T116/><D122/><U89/><E43/><V94/><F94/><W100/><G66/><T70/><D116/><U41/><E104/><V97/><F97/><W5/><G5/><T106/><D70/><U33/><E107/><V68/><F68/><N who="3" m="42007" /><G34/><T93/><D72/><U37/><E37/><V57/><F57/><W82/><G82/><T56/><D81/><U117/><E117/><V36/><F36/><W135/><G135/><T76/><D76/><U85/><E101/><AGARI ba="0,1" hai="0,2,3,21,22,53,58,59,60,61,67,92,96,101" machi="101" ten="40,1300,0" yaku="1,1,53,0" doraHai="26" doraHaiUra="80" who="2" fromWho="1" sc="338,0,281,-13,122,23,249,0" /><AGARI ba="0,0" hai="100,101,113,114,115" m="42007,30055,25831" machi="101" ten="30,1000,0" yaku="15,1" doraHai="26" who="3" fromWho="1" sc="338,0,268,-10,145,0,249,10" /><INIT seed="6,0,0,2,5,68" ten="338,258,145,259" oya="2" hai0="105,106,109,93,98,122,36,85,91,114,99,120,30" hai1="67,37,74,52,26,33,58,86,65,50,38,117,124" hai2="89,46,135,16,8,15,102,51,88,2,21,83,4" hai3="35,130,94,132,43,10,113,56,69,119,134,27,71"/><V32/><F135/><N who="3" m="51755" /><G119/><T80/><D30/><U23/><E74/><V34/><F102/><W90/><G43/><T108/><D36/><U123/><E33/><V64/><F64/><W31/><G130/><T128/><D128/><U110/><E110/><N who="0" m="42601" /><D114/><U118/><E86/><V84/><REACH who="2" step="1"/><F89/><REACH who="2" ten="338,258,135,259" step="2"/><W25/><G113/><T125/><D125/><U53/><E124/><V20/><F20/><W73/><G71/><T54/><D54/><AGARI ba="0,1" hai="2,4,8,15,16,21,32,34,46,51,54,83,84,88" machi="54" ten="30,11600,0" yaku="1,1,7,1,54,2,53,0" doraHai="68" doraHaiUra="100" who="2" fromWho="0" sc="338,-116,258,0,135,126,259,0" /><INIT seed="6,1,0,4,0,28" ten="222,258,261,259" oya="2" hai0="128,33,82,134,91,96,26,51,68,86,65,5,104" hai1="98,23,127,105,1,39,89,106,2,35,124,34,77" hai2="125,45,40,135,62,29,8,27,126,32,108,84,109" hai3="13,9,110,3,55,47,117,114,43,11,67,71,80"/><V88/><F62/><W22/><G117/><T48/><D134/><U24/><E77/><V58/><F58/><W31/><G110/><N who="2" m="42601" /><F8/><W74/><G114/><T76/><D5/><U19/><E39/><N who="2" m="21663" /><F135/><W14/><G55/><T129/><D76/><U37/><E37/><V78/><F78/><N who="3" m="44119" /><G67/><T21/><D48/><U46/><E46/><V93/><AGARI ba="1,0" hai="27,29,32,84,88,93,125,126" m="21663,42601" machi="93" ten="30,6000,0" yaku="10,1,52,1,54,1" doraHai="28" who="2" fromWho="2" sc="222,-21,258,-21,261,63,259,-21" /><INIT seed="6,2,0,4,3,10" ten="201,237,324,238" oya="2" hai0="29,19,77,86,132,100,87,76,110,41,68,83,106" hai1="62,32,131,72,33,58,23,116,46,9,17,30,15" hai2="104,108,39,57,93,96,113,118,101,14,8,125,4" hai3="109,54,11,105,80,34,119,115,7,81,40,5,89"/><V127/><F118/><W27/><G119/><T95/><D68/><U75/><E116/><V99/><F39/><W133/><G109/><T36/><D29/><U49/><E131/><V42/><F42/><W59/><G105/><T16/><D110/><U24/><E72/><V129/><F129/><W78/><G5/><T44/><D132/><U121/><E75/><V48/><F108/><W63/><G133/><T71/><D71/><U28/><E121/><V20/><F113/><W124/><G40/><T70/><D70/><U12/><E30/><V22/><F57/><W123/><G123/><T26/><D106/><U55/><REACH who="1" step="1"/><E12/><REACH who="1" ten="201,227,324,238" step="2"/><V102/><F127/><W38/><G124/><T91/><D100/><U18/><E18/><V35/><F125/><W52/><G115/><T53/><D26/><U2/><E2/><V67/><F35/><W60/><G34/><T97/><D19/><U13/><E13/><V74/><F74/><W61/><G27/><T21/><D16/><U103/><E103/><V45/><F14/><N who="3" m="5503" /><G38/><T0/><D0/><U135/><E135/><V94/><F4/><W82/><G89/><T25/><D36/><U88/><E88/><V50/><F8/><W73/><G73/><T85/><D91/><U120/><E120/><V134/><F134/><W47/><G78/><T43/><D77/><U117/><E117/><V122/><F122/><W79/><G79/><T128/><D76/><U98/><E98/><V114/><F96/><W1/><G1/><T112/><D128/><U66/><AGARI ba="2,1" hai="9,15,17,23,24,28,32,33,46,49,55,58,62,66" machi="66" ten="20,8000,1" yaku="1,1,0,1,7,1,52,1,53,1" doraHai="10" doraHaiUra="6" who="1" fromWho="1" sc="201,-22,227,96,324,-42,238,-22" /><INIT seed="7,0,0,4,3,131" ten="179,323,282,216" oya="3" hai0="79,12,126,97,7,32,130,104,15,134,106,0,17" hai1="80,38,31,103,33,109,125,117,8,23,24,53,76" hai2="27,128,60,82,35,63,5,75,67,47,122,22,68" hai3="101,14,121,30,72,78,25,64,29,3,50,11,123"/><W119/><G119/><T92/><D130/><U107/><E109/><V1/><F128/><W13/><G101/><T87/><D126/><U110/><E110/><V46/><F122/><W26/><G64/><T10/><D32/><U135/><E38/><V58/><F35/><N who="3" m="20911" /><G50/><T28/><D28/><U71/><E71/><V57/><F68/><W51/><G51/><T45/><D45/><U93/><E107/><V9/><F75/><W59/><G59/><T18/><D106/><U89/><E103/><V16/><REACH who="2" step="1"/><F82/><REACH who="2" ten="179,323,272,216" step="2"/><W105/><G72/><T39/><D104/><U114/><E33/><V65/><AGARI ba="0,1" hai="1,5,9,16,22,27,46,47,57,58,60,63,65,67" machi="65" ten="20,12000,2" yaku="1,1,2,1,0,1,7,1,9,1,54,1,53,0" doraHai="131" doraHaiUra="95" who="2" fromWho="2" sc="179,-30,323,-30,272,130,216,-60" owari="149,-35.0,293,9.0,402,50.0,156,-24.0" /></mjloggm>