<mjloggm ver="2.3"><GO type="97" lobby="0"/><UN n0="%E4%BD%9C%E5%A3%AB" n1="%4A%4C%6D%61%6A%6F" n2="%E3%81%A1%E3%82%85%E3%81%A1%E3%82%85%EF%BC%95%EF%BC%91" n3="%E5%B0%B1%E6%B4%BB%E7%94%9F%40%E5%B7%9D%E6%9D%91%E8%BB%8D%E5%9B%A3" dan="13,13,15,15" rate="1867.31,1921.84,1981.17,1961.85" sx="M,F,M,M"/><TAIKYOKU oya="0"/><INIT seed="0,0,0,4,2,38" ten="250,250,250,250" oya="0" hai0="109,2,21,124,100,39,42,36,46,62,48,28,44" hai1="0,30,17,58,90,19,3,104,92,59,1,135,123" hai2="85,33,25,91,16,78,112,43,77,76,102,108,32" hai3="18,23,53,105,122,5,4,89,71,132,93,97,129"/><T84/><D2/><U14/><E104/><V130/><F112/><W63/><G129/><T61/><D100/><U29/><E123/><V75/><F130/><W10/><G132/><T119/><D119/><U47/><E135/><V27/><F102/><W111/><G111/><T95/><D124/><U24/><E47/><V106/><F106/><W118/><G118/><T35/><D35/><U8/><E17/><V110/><F75/><W79/><G79/><T74/><D74/><U72/><E30/><V98/><F98/><W52/><G122/><T87/><D109/><N who="2" m="42090" /><F43/><W96/><G71/><T20/><D95/><U131/><E72/><V49/><F49/><W9/><G97/><T81/><D87/><U113/><E113/><V13/><F27/><N who="3" m="14839" /><G105/><T66/><D28/><U50/><E50/><V60/><F60/><W68/><G68/><T99/><D99/><U128/><E131/><V26/><F32/><W15/><G63/><T12/><D62/><U133/><E133/><V115/><F115/><W11/><G15/><T45/><D12/><U127/><E127/><V101/><F101/><W34/><G34/><T7/><D7/><AGARI ba="0,0" hai="4,5,7,9,10,11,52,53,89,93,96" m="14839" machi="7" ten="30,2000,0" yaku="8,1,54,1" doraHai="38" who="3" fromWho="0" sc="250,-20,250,0,250,0,250,20" /><INIT seed="1,0,0,5,2,119" ten="230,250,250,270" oya="1" hai0="42,74,107,10,20,103,133,7,93,110,5,113,128" hai1="108,35,61,70,95,44,56,9,34,69,27,99,75" hai2="112,90,96,30,1,125,60,67,14,6,116,13,33" hai3="2,4,62,29,79,121,92,11,98,85,32,17,77"/><U131/><E75/><V26/><F116/><W22/><G121/><T100/><D107/><U73/><E73/><V63/><F112/><W80/><G32/><T66/><D74/><U48/><E131/><V65/><F125/><W89/><G29/><T129/><D113/><U124/><E124/><V52/><F1/><W43/><G43/><T109/><D42/><U19/><E35/><V111/><F111/><N who="0" m="42506" /><D66/><U59/><E59/><V39/><F39/><W104/><G62/><T83/><D83/><U118/><E118/><V81/><F6/><N who="0" m="2058" /><D10/><U21/><E34/><V46/><F81/><W102/><REACH who="3" step="1"/><G104/><REACH who="3" ten="230,250,250,260" step="2"/><T23/><D133/><U54/><E108/><V97/><F63/><W49/><G49/><T24/><D93/><U117/><E117/><V18/><F60/><W71/><G71/><T36/><D36/><U91/><REACH who="1" step="1"/><E9/><REACH who="1" ten="230,240,250,260" step="2"/><N who="2" m="6447" /><F33/><W82/><G82/><T3/><D129/><U134/><E134/><V40/><F40/><AGARI ba="0,2" hai="19,21,27,40,44,48,54,56,61,69,70,91,95,99" machi="40" ten="30,11600,0" yaku="1,1,7,1,25,2,53,0" doraHai="119" doraHaiUra="122" who="1" fromWho="2" sc="230,0,240,136,250,-116,260,0" /><INIT seed="1,1,0,0,4,48" ten="230,376,134,260" oya="1" hai0="88,109,91,99,95,46,17,74,111,116,118,77,28" hai1="73,43,36,79,13,5,80,131,124,57,108,122,90" hai2="96,119,16,15,55,62,87,12,106,132,115,133,76" hai3="84,7,51,24,2,120,134,30,22,32,34,27,70"/><U9/><E122/><V64/><F119/><W98/><G70/><T68/><D68/><U104/><E124/><V86/><F106/><W78/><G98/><T110/><D28/><U19/><E104/><V82/><F115/><W107/><G107/><T75/><D17/><U103/><E103/><V125/><F125/><W126/><G78/><T31/><D31/><U83/><E131/><V113/><F113/><W20/><G84/><T23/><D23/><U114/><E114/><V25/><F96/><W101/><G101/><N who="0" m="60671" /><D46/><U58/><E108/><V93/><F64/><W39/><G39/><T35/><D35/><N who="3" m="13353" /><G51/><T1/><D1/><U0/><E90/><N who="0" m="34345" /><D77/><U14/><E83/><V56/><F87/><W49/><G49/><T44/><D44/><N who="1" m="23655" /><E14/><V89/><F93/><W69/><G69/><T81/><D81/><U42/><E42/><V102/><F102/><W94/><G94/><T37/><D37/><U66/><E66/><V92/><F76/><W60/><G60/><T8/><D8/><AGARI ba="1,0" hai="0,5,8,9,13,19,57,58,73,79,80" m="23655" machi="8" ten="30,1500,0" yaku="25,1" doraHai="48" who="1" fromWho="0" sc="230,-18,376,18,134,0,260,0" /><INIT seed="1,2,0,1,3,46" ten="212,394,134,260" oya="1" hai0="99,3,61,74,24,21,27,22,120,37,60,45,104" hai1="0,80,129,7,43,36,127,110,17,79,38,114,119" hai2="64,72,78,115,73,31,96,116,66,82,103,62,71" hai3="40,118,125,86,77,51,84,28,100,111,16,6,126"/><U85/><E119/><V92/><F116/><W70/><G70/><T14/><D3/><U18/><E114/><V54/><F115/><W132/><G118/><T19/><D74/><U30/><E30/><V39/><F39/><W52/><G6/><T10/><D120/><U11/><E127/><N who="3" m="48650" /><G111/><T112/><D112/><U13/><E129/><V76/><F64/><W26/><G132/><T59/><D104/><U124/><E124/><V98/><F76/><W35/><G40/><T121/><D121/><U95/><E110/><V58/><F31/><W131/><G131/><T117/><D117/><U42/><E95/><V113/><F113/><W67/><G67/><T135/><D135/><U33/><E33/><V41/><F41/><W29/><G100/><T23/><D37/><U102/><E102/><V75/><REACH who="2" step="1"/><F98/><REACH who="2" ten="212,394,124,260" step="2"/><W105/><G29/><T20/><D99/><U56/><E42/><V44/><F44/><N who="3" m="27751" /><G77/><T65/><D45/><U123/><E43/><V130/><F130/><W109/><G109/><T47/><D47/><U88/><E38/><V87/><F87/><W53/><G86/><T63/><REACH who="0" step="1"/><D27/><REACH who="0" ten="202,394,124,260" step="2"/><U107/><E36/><V108/><F108/><W5/><G26/><T48/><D48/><AGARI ba="2,2" hai="48,54,58,62,66,71,72,73,75,78,82,92,96,103" machi="48" ten="30,7700,0" yaku="1,1,7,1,52,1,53,1" doraHai="46" doraHaiUra="50" who="2" fromWho="0" sc="202,-83,394,0,124,103,260,0" /><INIT seed="2,0,0,2,2,46" ten="119,394,227,260" oya="2" hai0="107,67,71,116,41,25,17,54,57,101,105,70,117" hai1="35,40,33,132,1,56,36,88,110,93,94,68,85" hai2="37,7,119,134,21,6,51,128,82,131,100,53,87" hai3="91,103,28,14,84,9,81,22,124,75,42,32,10"/><V73/><F119/><N who="0" m="45642" /><D41/><U47/><E68/><N who="0" m="26153" /><D67/><U26/><E1/><V78/><F37/><W125/><G32/><T31/><D17/><U49/><E110/><V43/><F43/><W65/><G65/><T44/><D44/><U112/><E132/><V18/><F134/><W48/><G75/><T4/><D4/><U66/><E112/><V95/><F100/><W102/><G28/><T29/><D101/><U38/><E36/><V24/><F95/><W63/><G22/><N who="0" m="15543" /><D31/><U19/><E94/><V97/><F6/><W5/><G10/><T30/><D30/><U126/><E126/><N who="3" m="48746" /><G63/><AGARI ba="0,0" hai="54,57,63,105,107" m="15543,26153,45642" machi="63" ten="30,1000,0" yaku="12,1" doraHai="46" who="0" fromWho="3" sc="119,10,394,0,227,0,260,-10" /><INIT seed="3,0,0,5,5,27" ten="129,394,227,250" oya="3" hai0="48,8,25,121,11,103,28,4,38,61,10,17,100" hai1="125,58,56,67,50,3,64,131,117,34,43,0,78" hai2="44,41,80,21,127,123,102,1,119,106,75,84,23" hai3="114,14,9,26,130,86,46,98,88,105,69,108,89"/><W124/><G69/><T120/><D38/><U118/><E78/><V59/><F119/><N who="1" m="45577" /><E34/><V57/><F127/><W81/><G114/><T53/><D61/><U97/><E97/><V18/><F59/><N who="1" m="22569" /><E131/><V90/><F57/><W19/><G108/><T6/><D121/><U93/><E93/><V2/><F102/><W36/><G130/><T13/><D120/><U135/><E135/><V35/><F106/><W82/><G124/><T122/><D122/><U109/><E109/><V72/><F23/><W99/><G105/><T30/><D100/><U129/><E129/><V70/><F70/><W51/><G36/><T49/><D103/><U68/><E125/><V22/><F22/><W87/><G26/><T112/><D112/><U31/><E31/><N who="0" m="11817" /><D25/><U54/><E43/><AGARI ba="0,0" hai="9,14,19,43,46,51,81,82,86,87,88,89,98,99" machi="43" ten="30,11600,0" yaku="7,1,9,1,8,1,54,1" doraHai="27" who="3" fromWho="1" sc="129,0,394,-116,227,0,250,116" owari="129,-37.0,278,8.0,227,-17.0,366,46.0" /></mjloggm>