<mjloggm ver="2.3"><GO type="97" lobby="0"/><UN n0="%E5%B0%B1%E6%B4%BB%E7%94%9F%40%E5%B7%9D%E6%9D%91%E8%BB%8D%E5%9B%A3" n1="%EF%BC%A0%E3%82%A4%E3%83%83%E3%82%B7%EF%BD%9E%EF%BC%BE%2D%EF%BC%BE" n2="%53%43%49%55%53%54%41%4D" n3="%E5%87%B1%E7%AB%A0" dan="15,14,15,15" rate="2060.11,1973.15,2013.90,1994.81" sx="M,F,M,M"/><TAIKYOKU oya="0"/><INIT seed="0,0,0,1,1,38" ten="250,250,250,250" oya="0" hai0="88,93,77,121,52,108,128,34,56,19,50,78,11" hai1="54,123,126,15,63,45,17,59,26,133,23,100,85" hai2="81,39,25,130,87,33,67,18,98,92,86,84,1" hai3="135,106,30,97,41,64,107,21,66,70,10,80,75"/><T127/><D34/><U5/><E123/><V132/><F1/><W2/><G135/><T95/><D121/><U46/><E133/><V65/><F132/><W31/><G70/><T94/><D127/><U101/><E126/><V62/><F39/><W43/><G75/><T0/><D128/><U89/><E5/><V68/><F130/><W131/><G131/><T13/><D108/><U82/><E26/><V79/><F67/><W117/><G117/><T48/><D0/><U118/><E118/><V35/><F35/><W27/><G2/><T28/><D28/><U40/><REACH who="1" step="1"/><E46/><REACH who="1" ten="250,240,250,250" step="2"/><V125/><F125/><W105/><G27/><T96/><D77/><U22/><E22/><V8/><F33/><W110/><G21/><T109/><D78/><U74/><E74/><V69/><F25/><W61/><G110/><T44/><D109/><U129/><E129/><V60/><F8/><W83/><G10/><T12/><D12/><U71/><E71/><V42/><F69/><W32/><G32/><T102/><D102/><U99/><E99/><V72/><F98/><W47/><G97/><T90/><D90/><U113/><E113/><V122/><F68/><W124/><G47/><T111/><D111/><U6/><E6/><V4/><F4/><W58/><G124/><T119/><D119/><U103/><E103/><V49/><F122/><W120/><G120/><T114/><D114/><U9/><E9/><V104/><F79/><W37/><G106/><T91/><D91/><U57/><E57/><V20/><F104/><W51/><G58/><T14/><D14/><U73/><E73/><RYUUKYOKU ba="0,1" sc="250,15,240,15,250,-15,250,-15" hai0="11,13,19,44,48,50,52,56,88,93,94,95,96" hai1="15,17,23,40,45,54,59,63,82,85,89,100,101" /><INIT seed="0,1,1,2,1,103" ten="265,255,235,235" oya="0" hai0="112,98,84,9,114,94,61,77,40,49,25,121,2" hai1="135,75,74,63,7,88,36,66,4,116,109,125,56" hai2="45,60,12,11,113,111,50,128,37,127,53,65,119" hai3="122,58,97,102,85,95,59,120,100,83,29,87,79"/><T3/><D121/><N who="3" m="46697" /><G29/><T5/><D2/><U38/><E116/><V107/><F119/><W90/><G102/><T93/><D61/><U69/><E109/><V42/><F111/><W129/><G129/><T14/><D3/><U131/><E131/><V101/><F128/><W134/><G134/><T19/><D112/><U108/><E108/><V67/><F127/><W126/><G126/><T48/><D114/><U35/><E35/><V39/><F113/><W15/><G15/><T117/><D117/><U72/><E69/><V33/><F33/><W21/><G21/><N who="0" m="13503" /><D40/><U18/><E38/><V13/><F13/><W47/><G47/><T64/><D64/><U106/><E36/><V133/><F67/><W62/><G62/><T44/><D44/><U130/><E106/><AGARI ba="1,1" hai="58,59,79,83,85,87,90,95,97,100,106" m="46697" machi="106" ten="30,2000,0" yaku="13,1,52,1" doraHai="103" who="3" fromWho="1" sc="265,0,255,-23,235,0,235,33" /><INIT seed="1,0,0,2,1,71" ten="265,232,235,268" oya="1" hai0="16,122,131,45,43,31,115,19,74,77,81,6,110" hai1="44,20,70,36,92,101,121,24,123,65,89,75,76" hai2="4,22,134,33,83,119,120,63,124,28,26,91,48" hai3="94,135,29,79,46,47,95,113,37,18,106,111,126"/><U2/><E2/><V23/><F119/><W51/><G113/><T82/><D115/><U38/><E101/><V132/><F120/><W57/><G106/><T12/><D122/><U27/><E75/><V32/><F4/><W127/><G79/><T103/><D110/><U86/><E76/><V72/><F124/><W118/><G29/><T13/><D131/><U108/><E108/><V56/><F48/><W104/><G104/><T133/><D133/><U80/><E80/><V109/><F109/><W21/><G111/><T8/><D103/><U42/><E36/><V49/><F49/><W7/><G7/><T0/><D31/><U30/><REACH who="1" step="1"/><E24/><REACH who="1" ten="265,222,235,268" step="2"/><V112/><F112/><W116/><G37/><T102/><D102/><U88/><E88/><V9/><F72/><W64/><G118/><T99/><D82/><U129/><E129/><V125/><F83/><W87/><G116/><T100/><D13/><U17/><E17/><V98/><F91/><W53/><G18/><T3/><D3/><U35/><E35/><V10/><F33/><W39/><G126/><T93/><D12/><U67/><E67/><V84/><F125/><W90/><G64/><T105/><D105/><U14/><E14/><V68/><F134/><W130/><G135/><T107/><D107/><U15/><E15/><V73/><F132/><W69/><G127/><T61/><D61/><AGARI ba="0,1" hai="20,27,30,38,42,44,61,65,70,86,89,92,121,123" machi="61" ten="40,3900,0" yaku="1,1,52,1,53,0" doraHai="71" doraHaiUra="96" who="1" fromWho="0" sc="265,-39,222,49,235,0,268,0" /><INIT seed="1,1,0,4,5,12" ten="226,271,235,268" oya="1" hai0="104,93,13,106,75,33,124,116,132,17,112,59,35" hai1="135,86,0,10,76,16,66,123,9,72,122,32,96" hai2="14,1,70,90,74,128,20,25,52,3,120,65,15" hai3="55,61,101,41,23,53,127,58,40,44,43,125,39"/><U105/><E32/><V50/><F120/><W56/><G101/><T79/><D116/><U69/><E72/><V111/><F74/><W42/><G23/><T6/><D112/><U82/><E135/><V11/><F15/><W126/><G43/><T102/><D6/><U27/><E0/><V28/><F111/><W130/><G130/><T38/><D38/><U109/><E109/><V80/><F128/><W78/><G78/><T108/><D108/><U5/><E10/><V83/><F70/><W71/><G71/><T68/><D68/><U46/><E46/><V4/><F65/><W97/><G97/><T92/><D124/><U60/><E5/><V95/><F1/><W115/><G115/><T54/><D132/><U21/><REACH who="1" step="1"/><E9/><REACH who="1" ten="226,261,235,268" step="2"/><V103/><F3/><W64/><G64/><T62/><D35/><U18/><E18/><V22/><F22/><W67/><G67/><T31/><D33/><U88/><E88/><V48/><F103/><AGARI ba="1,1" hai="16,21,27,60,66,69,76,82,86,96,103,105,122,123" machi="103" ten="40,12000,1" yaku="1,1,52,1,54,1,53,1" doraHai="12" doraHaiUra="77" who="1" fromWho="2" sc="226,0,261,133,235,-123,268,0" /><INIT seed="1,2,0,5,4,19" ten="226,394,112,268" oya="1" hai0="20,24,116,67,108,36,7,83,45,79,49,61,4" hai1="134,65,9,90,107,1,99,59,62,39,12,32,94" hai2="38,54,3,120,127,105,60,0,69,8,75,51,125" hai3="48,44,128,96,118,114,40,23,129,29,121,123,6"/><U124/><E39/><V85/><F75/><W42/><G6/><N who="0" m="2091" /><D36/><U22/><E32/><V53/><F38/><W101/><G114/><T71/><D71/><U47/><E1/><V70/><F105/><W17/><G29/><N who="0" m="17543" /><D108/><U57/><E124/><V131/><F8/><W113/><G118/><T2/><D2/><U84/><E134/><V34/><F34/><W109/><G113/><T133/><D133/><U119/><E119/><V41/><F41/><W132/><G42/><N who="0" m="24759" /><D116/><U11/><E47/><V106/><F106/><W50/><G132/><T115/><D115/><U55/><E107/><V76/><F0/><W58/><G109/><T66/><D61/><U102/><E22/><V27/><F3/><W88/><G121/><T89/><D79/><U72/><E12/><V86/><F76/><W28/><G123/><T87/><AGARI ba="2,0" hai="66,67,83,87,89" m="24759,17543,2091" machi="87" ten="30,2000,0" yaku="8,1,52,1" doraHai="19" who="0" fromWho="0" sc="226,26,394,-12,112,-7,268,-7" /><INIT seed="2,0,0,5,1,59" ten="252,382,105,261" oya="2" hai0="102,27,111,83,94,131,77,38,117,70,24,93,84" hai1="114,62,73,7,10,36,40,115,98,53,95,58,22" hai2="43,65,129,79,118,106,124,61,127,97,50,78,48" hai3="110,119,30,109,133,121,37,35,52,85,5,80,54"/><V63/><F118/><W120/><G37/><T66/><D38/><U31/><E73/><V26/><F129/><W96/><G119/><T9/><D117/><U135/><E135/><V32/><F65/><W4/><G133/><T13/><D131/><U25/><E36/><V116/><F116/><W122/><G96/><T82/><D111/><N who="3" m="42505" /><G30/><T60/><D102/><U21/><E40/><V103/><F32/><W23/><G23/><T76/><D27/><U41/><E41/><V132/><F132/><W20/><G20/><T108/><D24/><U49/><E22/><V33/><F43/><W56/><G35/><T19/><REACH who="0" step="1"/><D108/><REACH who="0" ten="242,382,105,261" step="2"/><U14/><REACH who="1" step="1"/><E49/><REACH who="1" ten="242,372,105,261" step="2"/><V18/><F50/><N who="3" m="30743" /><G54/><T100/><D100/><AGARI ba="0,2" hai="7,10,14,21,25,31,53,58,62,95,98,100,114,115" machi="100" ten="30,7700,0" yaku="1,1,7,1,52,1,53,1" doraHai="59" doraHaiUra="91" who="1" fromWho="0" sc="242,-77,372,97,105,0,261,0" /><INIT seed="3,0,0,2,4,111" ten="165,469,105,261" oya="3" hai0="48,23,93,110,71,105,101,115,81,134,125,1,58" hai1="27,53,21,13,17,124,120,32,31,99,37,6,88" hai2="49,121,10,39,128,66,56,86,79,131,26,117,103" hai3="106,123,135,28,61,22,92,133,122,76,54,47,98"/><W51/><G106/><T112/><D71/><U95/><E37/><V78/><F39/><W60/><G76/><T116/><D110/><U68/><E68/><V4/><F117/><W43/><G22/><T38/><D38/><U0/><E120/><N who="3" m="46122" /><G28/><T50/><D116/><U119/><E53/><V97/><F121/><W59/><G92/><T25/><D125/><U55/><E55/><V15/><F131/><W113/><G98/><N who="0" m="59599" /><D134/><N who="3" m="51209" /><G113/><N who="0" m="43595" /><D105/><U16/><E17/><V69/><F128/><W107/><G107/><T80/><D1/><U87/><E124/><V109/><F109/><W90/><G90/><T42/><D42/><U12/><E13/><V118/><F118/><W89/><G89/><T82/><D58/><U35/><E119/><V30/><F69/><W2/><G2/><T8/><D8/><N who="1" m="2119" /><E35/><V11/><F11/><W34/><G34/><T132/><D132/><U127/><E127/><V102/><F102/><W67/><G67/><T84/><D84/><AGARI ba="0,0" hai="12,16,21,27,31,32,84,87,88,95,99" m="2119" machi="84" ten="30,3900,0" yaku="24,1,54,2" doraHai="111" who="1" fromWho="0" sc="165,-39,469,39,105,0,261,0" owari="126,-27.0,508,60.0,105,-39.0,261,6.0" /></mjloggm>