<mjloggm ver="2.3"><GO type="169" lobby="0"/><UN n0="%79%6F%73%68%69%67%69" n1="%E3%81%BE%E3%81%BF%E3%81%AD%E3%81%93" n2="%E3%81%8B%E3%81%AB%E3%83%9E%E3%82%B8%E3%83%B3" n3="%E3%82%A6%E3%83%AB%E3%83%88%E3%83%A9%E7%AB%8B%E7%9B%B4" dan="16,16,17,17" rate="2055.18,2155.22,2206.04,2169.26" sx="M,F,M,M"/><TAIKYOKU oya="0"/><INIT seed="0,0,0,2,5,9" ten="250,250,250,250" oya="0" hai0="23,48,73,70,71,64,61,25,97,134,85,108,102" hai1="1,21,86,46,17,76,74,116,114,39,44,80,112" hai2="32,65,11,22,14,113,79,69,96,82,94,40,124" hai3="128,24,56,78,100,27,4,34,109,7,13,87,28"/><T10/><D73/><U123/><E116/><V0/><F32/><W77/><G128/><T95/><D134/><U92/><E123/><V132/><F113/><N who="1" m="43625" /><E1/><V51/><F132/><W111/><G100/><T81/><D108/><N who="3" m="41545" /><G27/><T93/><D48/><U98/><E74/><V117/><F117/><W120/><G120/><T103/><D10/><U105/><E105/><V72/><F124/><W83/><G77/><T99/><D61/><U88/><E39/><V38/><F51/><W49/><G13/><AGARI ba="0,0" hai="13,17,21,44,46,76,80,86,88,92,98" m="43625" machi="13" ten="30,3900,0" yaku="11,1,52,1,54,1" doraHai="9" who="1" fromWho="3" sc="250,0,250,39,250,0,250,-39" /><INIT seed="1,0,0,0,4,22" ten="250,289,250,211" oya="1" hai0="52,135,61,122,48,53,68,99,24,1,59,107,89" hai1="0,19,70,111,100,128,133,23,108,7,114,55,39" hai2="63,134,35,113,27,97,72,25,41,50,67,81,66" hai3="109,11,118,91,45,92,102,74,6,65,8,103,95"/><U40/><E114/><V90/><F35/><W51/><G118/><T60/><D1/><U54/><E133/><V64/><F134/><W129/><G129/><T71/><D135/><U79/><E128/><V112/><F97/><W126/><G126/><T115/><D115/><N who="2" m="44106" /><F63/><W110/><G74/><T75/><D122/><U93/><E70/><V62/><F62/><W4/><G65/><T125/><D125/><U73/><E73/><V57/><F57/><W43/><G91/><T78/><D61/><U20/><E79/><N who="2" m="44263" /><F90/><W127/><G127/><T32/><D78/><U84/><E84/><V83/><F83/><W26/><G45/><AGARI ba="0,0" hai="25,27,41,45,50,64,66,67" m="44263,44106" machi="45" ten="30,3900,0" yaku="11,1,52,2" doraHai="22" who="2" fromWho="3" sc="250,0,289,0,250,39,211,-39" /><INIT seed="2,0,0,0,5,70" ten="250,289,289,172" oya="2" hai0="76,91,27,126,97,115,111,118,56,99,18,11,38" hai1="79,26,92,12,132,117,107,119,6,88,4,67,35" hai2="24,52,8,101,68,61,16,130,64,58,110,31,121" hai3="83,80,116,69,73,96,128,104,127,71,9,7,57"/><V65/><F121/><W43/><G116/><T129/><D111/><U84/><E107/><V17/><F110/><W59/><G127/><T81/><D115/><U72/><E132/><V109/><F109/><W0/><G128/><T25/><D126/><U29/><E67/><V106/><F130/><W21/><G21/><T30/><D129/><U66/><E66/><V94/><F8/><W36/><G59/><T78/><D118/><U108/><E108/><V100/><F65/><W40/><G40/><T62/><D38/><U75/><E119/><V51/><F100/><N who="3" m="62471" /><G57/><T63/><D11/><U120/><E120/><V124/><F124/><W105/><G83/><T98/><D91/><U39/><E39/><V46/><F106/><W54/><G54/><T41/><D41/><U44/><E44/><V22/><REACH who="2" step="1"/><F68/><REACH who="2" ten="250,289,279,172" step="2"/><W45/><G105/><T2/><D2/><U50/><E117/><V1/><F1/><W93/><G93/><T53/><D81/><U85/><E4/><V28/><F28/><W42/><G42/><T74/><D30/><U19/><E6/><V49/><F49/><W86/><G86/><T20/><D74/><U23/><E50/><V87/><F87/><W82/><G82/><T123/><D123/><U113/><E85/><V10/><F10/><W122/><G122/><T134/><D134/><U15/><E75/><V5/><F5/><W112/><G112/><T48/><D63/><U47/><E113/><V14/><F14/><W55/><G55/><T89/><D62/><U90/><E12/><V34/><F34/><W125/><G125/><T32/><D48/><RYUUKYOKU ba="0,1" sc="250,-15,289,-15,279,15,172,15" hai2="16,17,22,24,31,46,51,52,58,61,64,94,101" hai3="0,7,9,36,43,45,69,71,73,80" /><INIT seed="2,1,1,3,5,36" ten="235,274,294,187" oya="2" hai0="77,92,110,111,86,85,65,105,71,104,113,80,82" hai1="102,132,41,28,52,133,8,64,99,49,33,45,42" hai2="106,9,21,94,57,54,89,44,112,108,101,90,72" hai3="50,2,69,91,16,126,73,40,76,122,135,119,20"/><V78/><F112/><W75/><G122/><T125/><D65/><U98/><E98/><V95/><F108/><N who="0" m="41514" /><D71/><U55/><E64/><V97/><F9/><W48/><G119/><T123/><D123/><U131/><E131/><V67/><F67/><W37/><G69/><T107/><D113/><U70/><E70/><V121/><F121/><W3/><G126/><T47/><D47/><U18/><E55/><V61/><F21/><W39/><G91/><N who="0" m="53367" /><D82/><U81/><E81/><V124/><F124/><AGARI ba="1,1" hai="77,80,85,104,105,107,124,125" m="53367,41514" machi="124" ten="40,5200,0" yaku="14,1,34,2" doraHai="36" who="0" fromWho="2" sc="235,65,274,0,294,-55,187,0" /><INIT seed="3,0,0,4,0,55" ten="300,274,239,187" oya="3" hai0="76,128,54,42,80,10,130,66,110,101,44,14,90" hai1="62,61,126,75,31,50,8,132,127,36,96,2,68" hai2="4,71,70,77,114,108,135,106,37,125,49,17,32" hai3="87,107,105,97,123,112,48,81,64,73,103,79,124"/><W38/><G38/><T16/><D110/><U92/><E36/><V102/><F49/><W111/><G123/><T43/><D101/><U85/><E75/><V1/><F17/><W51/><G112/><T56/><D66/><U21/><E132/><V78/><F102/><W88/><G111/><T98/><D98/><U84/><E61/><V83/><F83/><W104/><G64/><T131/><D90/><U93/><E93/><V40/><F40/><W100/><G48/><N who="0" m="30791" /><D44/><U33/><E33/><V30/><F4/><W57/><G124/><T129/><N who="0" m="32768" /><DORA hai="22" /><T20/><D10/><U7/><E50/><V74/><F37/><W120/><G120/><T60/><D60/><U29/><E62/><V12/><F77/><W15/><G100/><T47/><D47/><U3/><E68/><V115/><F70/><W39/><G39/><T23/><D23/><U52/><E52/><V122/><F71/><W0/><G51/><T95/><D95/><U116/><E21/><V117/><F108/><W121/><G121/><T59/><D59/><U27/><E92/><V89/><F122/><W5/><G57/><T133/><D133/><U72/><E96/><V69/><F89/><W65/><G65/><T25/><D14/><U63/><E63/><V67/><F12/><W82/><REACH who="3" step="1"/><G15/><REACH who="3" ten="300,274,239,177" step="2"/><T24/><D24/><U118/><E27/><N who="2" m="18527" /><F135/><W19/><G19/><T58/><D58/><U18/><E18/><V94/><F67/><W46/><G46/><T9/><D9/><AGARI ba="0,1" hai="0,5,9,73,79,81,82,87,88,97,103,104,105,107" machi="9" ten="40,3900,0" yaku="1,1,54,1,53,0" doraHai="55,22" doraHaiUra="11,113" who="3" fromWho="0" sc="300,-39,274,0,239,0,177,49" /><INIT seed="3,1,0,5,1,11" ten="261,274,239,226" oya="3" hai0="112,29,86,100,95,1,126,49,36,109,33,88,53" hai1="84,51,73,57,105,92,42,123,16,70,62,31,71" hai2="45,91,60,35,32,38,99,127,82,87,9,80,46" hai3="89,22,3,75,65,90,64,23,120,37,119,8,52"/><W54/><G120/><T47/><D109/><U24/><E73/><V128/><F128/><W43/><G75/><T12/><D126/><U63/><E105/><V115/><F115/><W81/><G37/><T103/><D112/><U98/><E63/><V131/><F131/><W94/><G3/><T133/><D1/><U101/><E84/><V108/><F108/><W106/><G106/><T58/><D133/><U26/><E51/><V124/><F60/><W20/><G43/><T56/><D33/><U25/><E42/><V28/><F99/><W17/><G119/><T83/><D29/><U27/><E123/><V21/><F21/><W39/><G39/><T97/><D36/><U44/><E44/><V113/><F9/><W10/><G81/><T61/><D103/><U129/><E129/><V96/><F38/><W125/><G125/><T117/><D117/><U40/><E40/><V34/><F28/><W116/><G116/><T59/><REACH who="0" step="1"/><D12/><REACH who="0" ten="251,274,239,226" step="2"/><U0/><E0/><V134/><F134/><W13/><G13/><T66/><AGARI ba="1,1" hai="47,49,53,56,58,59,61,66,83,86,88,95,97,100" machi="66" ten="20,12000,2" yaku="1,1,2,1,0,1,7,1,8,1,54,1,53,0" doraHai="11" doraHaiUra="4" who="0" fromWho="0" sc="251,133,274,-31,239,-31,226,-61" /><INIT seed="4,0,0,0,1,35" ten="384,243,208,165" oya="0" hai0="41,28,23,9,27,65,97,10,53,51,83,18,135" hai1="76,126,131,74,80,11,46,4,26,119,57,62,115" hai2="24,2,17,121,113,106,22,124,16,102,60,19,14" hai3="8,71,54,107,45,7,79,39,12,88,61,92,47"/><T125/><D135/><U13/><E119/><V91/><F121/><W25/><G107/><T50/><D125/><U68/><E126/><V85/><F124/><W34/><G79/><T36/><D36/><U5/><E68/><V0/><F106/><W52/><G39/><T66/><D83/><U1/><E131/><V99/><F113/><W75/><G75/><T82/><D82/><U112/><E46/><V90/><F60/><W133/><G133/><T94/><D41/><U44/><E44/><V110/><F110/><W123/><G123/><T42/><D42/><U30/><E5/><V95/><F102/><W103/><G103/><T72/><D72/><U98/><E98/><V101/><F101/><W87/><G54/><T104/><D104/><U117/><E117/><V55/><F55/><W100/><G100/><N who="0" m="60471" /><D28/><U114/><E57/><V56/><F56/><W77/><G77/><T96/><D96/><U63/><REACH who="1" step="1"/><E13/><REACH who="1" ten="384,233,208,165" step="2"/><V59/><F59/><W64/><G47/><N who="0" m="27871" /><D51/><U93/><E93/><V37/><F37/><W3/><G45/><T109/><D109/><U116/><E116/><V49/><F49/><W86/><G12/><T84/><D84/><U38/><E38/><V33/><F14/><W58/><G86/><T129/><D129/><U69/><E69/><V122/><F122/><W6/><G71/><T48/><D48/><U67/><E67/><AGARI ba="0,1" hai="9,10,18,23,27,65,66,67" m="27871,60471" machi="67" ten="30,1500,0" yaku="8,1" doraHai="35" who="0" fromWho="1" sc="384,25,233,-15,208,0,165,0" /><INIT seed="4,1,0,0,3,4" ten="409,218,208,165" oya="0" hai0="93,21,57,115,79,20,32,74,36,38,17,90,88" hai1="97,43,6,30,55,117,18,82,49,105,23,107,109" hai2="27,83,80,64,133,76,102,48,113,72,103,28,111" hai3="29,131,68,118,122,22,129,126,35,66,86,39,112"/><T41/><D32/><U31/><E117/><V92/><F111/><W100/><G86/><T99/><D115/><U135/><E109/><V104/><F113/><W81/><G81/><T108/><D108/><U16/><E18/><V61/><F133/><W5/><G100/><T45/><D38/><U75/><E43/><V85/><F48/><W71/><G22/><T77/><D74/><U134/><E6/><V15/><F15/><W114/><G29/><N who="1" m="10762" /><E97/><V119/><F119/><W12/><G12/><T53/><D90/><U44/><E82/><V14/><F14/><W58/><G5/><T24/><D21/><U110/><E110/><V33/><F92/><W87/><G87/><T8/><D8/><U130/><E75/><V96/><F103/><W78/><G35/><T65/><D65/><U123/><E123/><V40/><F40/><W62/><G78/><T70/><D70/><U56/><E44/><V94/><F83/><W34/><G34/><T59/><D59/><U91/><E91/><V19/><F19/><W116/><G122/><T101/><D101/><U69/><E69/><N who="2" m="42127" /><F94/><W63/><G58/><T128/><D128/><U47/><E56/><V124/><F85/><W106/><G66/><T95/><D93/><U10/><E130/><V127/><AGARI ba="1,0" hai="27,28,33,72,76,80,96,102,104,124,127" m="42127" machi="127" ten="30,2000,0" yaku="25,1,23,1" doraHai="4" who="2" fromWho="2" sc="409,-11,218,-6,208,23,165,-6" /><INIT seed="5,0,0,0,5,26" ten="398,212,231,159" oya="1" hai0="92,52,18,114,14,122,132,28,108,34,91,80,97" hai1="47,12,22,31,32,83,119,10,90,105,59,93,23" hai2="88,5,127,106,4,98,37,72,110,78,13,85,15" hai3="129,67,39,121,107,56,58,102,0,79,43,24,49"/><U123/><E105/><V116/><F110/><W131/><G121/><T55/><D108/><U8/><E123/><V38/><F116/><W74/><G0/><T117/><D122/><U126/><E119/><V46/><F127/><W87/><G74/><T20/><D117/><U128/><E126/><V64/><F64/><W115/><G115/><T54/><D114/><U96/><E128/><V41/><F38/><W21/><G39/><T51/><D132/><U68/><E68/><V86/><F86/><W125/><G125/><T130/><D130/><U60/><E32/><V112/><F112/><W101/><G107/><T53/><D80/><U1/><E1/><V103/><F4/><W73/><G73/><T62/><D62/><U3/><E3/><V42/><F42/><W63/><G129/><T35/><REACH who="0" step="1"/><D28/><REACH who="0" ten="388,212,231,159" step="2"/><U45/><E83/><N who="2" m="45511" /><F5/><W65/><G131/><T57/><AGARI ba="0,1" hai="14,18,20,34,35,51,52,53,54,55,57,91,92,97" machi="57" ten="30,4000,0" yaku="1,1,0,1,54,1,53,0" doraHai="26" doraHaiUra="134" who="0" fromWho="0" sc="388,50,212,-20,231,-10,159,-10" /><INIT seed="6,0,0,4,2,70" ten="438,192,221,149" oya="2" hai0="101,90,72,55,8,128,37,32,31,51,68,27,21" hai1="116,81,111,0,97,114,118,95,1,96,13,120,73" hai2="20,124,16,47,19,48,22,56,115,113,30,64,78" hai3="88,34,10,129,71,41,87,7,99,54,36,92,45"/><V93/><F124/><W83/><G129/><T9/><D68/><U18/><E111/><V40/><F78/><W46/><G71/><T17/><D128/><U94/><E114/><N who="2" m="43531" /><F93/><W15/><G34/><T117/><D117/><U69/><E69/><V52/><F64/><W14/><G46/><T63/><D72/><U43/><E120/><V76/><F76/><W39/><G54/><T28/><D101/><U102/><E43/><V67/><F67/><W119/><G119/><T86/><D37/><U133/><E133/><V42/><F42/><W80/><G80/><N who="0" m="49479" /><D63/><U123/><E123/><V59/><F59/><W126/><G126/><T66/><D32/><U2/><E81/><V127/><F127/><W75/><G75/><T23/><D66/><U110/><E73/><V105/><F105/><W49/><G15/><N who="0" m="9407" /><D28/><U132/><E132/><V26/><F22/><W82/><G82/><T107/><D107/><U134/><E134/><V125/><F125/><W60/><G60/><AGARI ba="0,0" hai="16,19,20,26,30,40,47,48,52,56,60" m="43531" machi="60" ten="30,5800,0" yaku="15,1,54,2" doraHai="70" who="2" fromWho="3" sc="438,0,192,0,221,58,149,-58" /><INIT seed="6,1,0,2,0,69" ten="438,192,279,91" oya="2" hai0="37,121,114,119,75,4,34,68,56,76,90,78,92" hai1="27,122,20,62,115,5,42,25,7,32,46,58,126" hai2="134,99,79,52,65,96,38,128,129,18,50,94,26" hai3="8,132,45,116,83,11,41,105,70,77,95,44,54"/><V49/><F134/><W40/><G105/><T14/><D68/><U93/><E122/><V120/><F120/><W73/><G70/><T103/><D121/><U88/><E126/><V89/><F65/><W108/><G116/><T109/><D109/><U106/><E106/><V1/><F1/><W53/><G132/><T36/><D34/><U87/><E32/><V66/><F66/><W55/><G108/><T125/><D103/><U97/><E27/><V13/><F79/><W101/><G95/><T72/><D125/><U59/><E59/><V3/><F3/><W113/><G101/><T84/><D119/><U21/><E21/><V74/><F74/><W48/><REACH who="3" step="1"/><G113/><REACH who="3" ten="438,192,279,81" step="2"/><T80/><D114/><U39/><E115/><V104/><F104/><W64/><G64/><T6/><D92/><U51/><E97/><V67/><F67/><W98/><G98/><T63/><D75/><U85/><E85/><V110/><F96/><W31/><G31/><T57/><D72/><U35/><E35/><V71/><F71/><W33/><G33/><T112/><D84/><U111/><E111/><V0/><F94/><W10/><G10/><T117/><D117/><U43/><E87/><V28/><F28/><W9/><G9/><T15/><D112/><U81/><E93/><V29/><F29/><W123/><G123/><T61/><D80/><U130/><E81/><V124/><F99/><W23/><G23/><T133/><D133/><U12/><E20/><N who="2" m="11343" /><F110/><W19/><G19/><T91/><AGARI ba="1,1" hai="4,6,14,15,36,37,56,57,61,63,76,78,90,91" machi="91" ten="25,8000,1" yaku="0,1,22,2,52,2" doraHai="69" who="0" fromWho="0" sc="438,93,192,-21,279,-41,81,-21" /><INIT seed="7,0,0,2,4,76" ten="531,171,238,60" oya="3" hai0="127,102,83,81,92,75,84,53,3,89,26,94,49" hai1="32,11,62,10,135,113,115,124,109,69,41,95,51" hai2="1,44,34,71,18,122,59,5,21,112,97,14,64" hai3="9,90,19,79,40,29,70,39,27,50,125,106,130"/><W24/><G125/><T47/><D3/><U56/><E109/><V55/><F112/><N who="1" m="43081" /><E32/><V22/><F122/><W30/><G130/><T46/><D127/><U45/><E124/><V91/><F44/><N who="3" m="25863" /><G70/><T13/><D75/><U4/><E135/><V0/><F34/><W66/><G106/><T74/><D74/><U133/><E133/><V86/><F71/><W129/><G129/><T111/><D111/><U42/><E69/><V126/><F126/><W37/><G37/><T119/><D119/><U67/><E95/><V118/><F118/><W114/><G114/><T2/><D2/><N who="1" m="279" /><E11/><V33/><F33/><W31/><G39/><T131/><D131/><U73/><E73/><V12/><F0/><W25/><G79/><T77/><D26/><N who="3" m="10345" /><G66/><T52/><D77/><U60/><E60/><N who="2" m="35967" /><F64/><W104/><G104/><T43/><D43/><AGARI ba="0,0" hai="41,42,43,45,51,56,62,67" m="279,43081" machi="43" ten="30,1000,0" yaku="15,1" doraHai="76" who="1" fromWho="0" sc="531,-10,171,10,238,0,60,0" owari="521,62.0,181,-22.0,238,4.0,60,-44.0" /></mjloggm>