<mjloggm ver="2.3"><GO type="97" lobby="0"/><UN n0="%6E%69%73%61%6E%67%61%72" n1="%E5%B0%B1%E6%B4%BB%E7%94%9F%40%E5%B7%9D%E6%9D%91%E8%BB%8D%E5%9B%A3" n2="%E5%A6%82%E6%9C%88%E3%82%AB%E3%83%AB%E3%83%8A" n3="%2D%E3%82%84%E3%81%AF%E3%81%8E%2D" dan="15,15,14,14" rate="1969.24,2006.26,1990.10,1904.51" sx="F,M,M,M"/><TAIKYOKU oya="0"/><INIT seed="0,0,0,1,5,36" ten="250,250,250,250" oya="0" hai0="100,69,22,77,44,112,110,43,73,53,99,28,32" hai1="35,30,135,129,23,60,48,66,8,40,3,7,92" hai2="109,9,132,117,68,91,14,41,25,2,61,70,1" hai3="51,78,54,89,101,123,16,104,96,31,5,42,115"/><T131/><D131/><U26/><E129/><V20/><F109/><W27/><G115/><T59/><D112/><U113/><E135/><V106/><F106/><W94/><G123/><T49/><D69/><U103/><E113/><V50/><F132/><W127/><G127/><T56/><D110/><U4/><E4/><V24/><F117/><W67/><G67/><T15/><D32/><U120/><E120/><V98/><F14/><W65/><G65/><T72/><D77/><U29/><E35/><V39/><F39/><W85/><G5/><T57/><D28/><U0/><E0/><V82/><F25/><W95/><G104/><T80/><D80/><U45/><E30/><V83/><F83/><W19/><G78/><T33/><D33/><U128/><E128/><V75/><F75/><W84/><G84/><T88/><D100/><U52/><E92/><V18/><F61/><W79/><G79/><T133/><D133/><U108/><E108/><V121/><F121/><W34/><REACH who="3" step="1"/><G42/><REACH who="3" ten="250,250,250,240" step="2"/><T12/><D73/><U124/><E124/><V81/><F41/><W64/><G64/><T125/><D72/><U55/><E103/><V17/><F70/><AGARI ba="0,1" hai="3,7,8,23,26,29,40,45,48,52,55,60,66,70" machi="70" ten="30,3900,0" yaku="7,1,52,1,54,1" doraHai="36" who="1" fromWho="2" sc="250,0,250,49,250,-39,240,0" /><INIT seed="1,0,0,2,5,1" ten="250,299,211,240" oya="1" hai0="41,67,47,65,79,2,115,8,57,25,22,17,62" hai1="71,60,117,89,135,116,43,5,68,82,99,124,3" hai2="133,36,12,87,121,50,86,4,98,77,6,88,21" hai3="11,95,94,69,120,91,46,45,20,53,37,102,100"/><U9/><E124/><V84/><F36/><W61/><G120/><T114/><D79/><U16/><E135/><V75/><F121/><W132/><G132/><T59/><D67/><U112/><E112/><V31/><F133/><W76/><G76/><T106/><D106/><U103/><E43/><V42/><F75/><W97/><G37/><T113/><D59/><U28/><E28/><V49/><F77/><W35/><G35/><T64/><D64/><U125/><E125/><V131/><F131/><W119/><G119/><T27/><D27/><U85/><E16/><N who="2" m="10375" /><F31/><W118/><G118/><T126/><D126/><U54/><E71/><V83/><F83/><W15/><G20/><T72/><D72/><U74/><E74/><V109/><F109/><W93/><G69/><T10/><REACH who="0" step="1"/><D2/><REACH who="0" ten="240,299,211,240" step="2"/><U52/><E68/><V23/><F23/><W40/><G11/><T134/><D134/><U73/><E73/><V122/><F122/><W127/><G127/><T128/><D128/><U66/><E116/><V104/><F104/><W63/><G15/><T92/><D92/><U39/><E117/><V108/><F108/><W101/><G94/><T130/><D130/><U81/><E82/><V105/><F105/><W58/><G93/><T19/><D19/><U56/><E39/><AGARI ba="0,1" hai="8,10,17,22,25,39,41,47,57,62,65,113,114,115" machi="39" ten="40,5200,0" yaku="1,1,53,2" doraHai="1" doraHaiUra="7" who="0" fromWho="1" sc="240,62,299,-52,211,0,240,0" /><INIT seed="2,0,0,3,5,127" ten="302,247,211,240" oya="2" hai0="99,34,4,48,103,89,37,74,128,23,118,24,97" hai1="21,91,40,39,134,121,12,98,126,30,27,111,96" hai2="57,61,105,100,68,83,18,114,81,11,132,13,31" hai3="116,95,51,92,20,29,119,52,86,69,58,22,88"/><V2/><F114/><W115/><G69/><T70/><D37/><U125/><E121/><V15/><F15/><W62/><G115/><T67/><D74/><U35/><E111/><V17/><F31/><W73/><G73/><T78/><D78/><U5/><E134/><V107/><F68/><W32/><G95/><T54/><D4/><U104/><E39/><V53/><F2/><W77/><G77/><T90/><D118/><U79/><E79/><V43/><F43/><W71/><G32/><T80/><D34/><U7/><E40/><V16/><F132/><W60/><G71/><T109/><D109/><U123/><E123/><V46/><F46/><W14/><G116/><T130/><D70/><U84/><E7/><V50/><F61/><W59/><G119/><T133/><D67/><U19/><E5/><V64/><F64/><W120/><G120/><T135/><D80/><U45/><E45/><V85/><F83/><W41/><G41/><T76/><D76/><U63/><E63/><N who="3" m="24106" /><G14/><T101/><D48/><U36/><E36/><V42/><F42/><W131/><G131/><N who="0" m="50219" /><D54/><U10/><E35/><V75/><F75/><W106/><G52/><T108/><D108/><U25/><E25/><V9/><F13/><W82/><G51/><T65/><D65/><U0/><E0/><V44/><F44/><W124/><G82/><T49/><D49/><U117/><E117/><V1/><F1/><W47/><G124/><N who="1" m="47722" /><E104/><V122/><F122/><W93/><G106/><N who="2" m="40457" /><F100/><N who="0" m="38474" /><D133/><U112/><E112/><V28/><F28/><W129/><G129/><T38/><D135/><U8/><E8/><RYUUKYOKU ba="0,0" sc="302,-15,247,15,211,15,240,-15" hai1="10,12,19,21,27,30,84,91,96,98" hai2="9,11,16,17,18,50,53,57,81,85" /><INIT seed="2,1,0,1,3,129" ten="287,262,226,225" oya="2" hai0="117,72,69,125,114,23,1,108,6,46,76,36,97" hai1="56,30,14,102,66,109,27,115,11,43,42,21,92" hai2="104,133,47,62,127,70,61,131,8,89,13,68,126" hai3="31,91,19,132,90,118,57,16,135,5,64,0,94"/><V130/><F104/><W75/><G118/><T4/><D23/><U122/><E109/><V33/><F33/><W28/><G75/><T54/><D54/><U67/><E115/><V20/><F20/><W106/><G106/><T22/><D22/><U50/><E122/><V98/><F98/><W93/><G0/><T110/><D97/><N who="1" m="59687" /><E50/><V29/><F29/><W26/><G5/><T65/><D117/><U3/><E3/><V7/><F89/><W71/><G71/><N who="2" m="27177" /><F47/><W74/><G74/><T123/><D6/><N who="1" m="3447" /><E66/><V15/><F133/><N who="3" m="51275" /><G26/><T12/><D114/><U100/><E100/><V38/><F38/><W124/><G124/><N who="2" m="47657" /><F13/><W105/><G105/><T84/><D12/><U81/><E81/><V87/><F87/><N who="3" m="52447" /><G64/><T103/><D65/><U121/><E121/><V40/><F40/><W119/><G119/><T73/><D123/><U59/><E67/><V17/><F7/><W49/><G49/><T51/><D69/><U41/><AGARI ba="1,0" hai="21,27,30,41,42,43,56,59" m="3447,59687" machi="41" ten="30,1100,0" yaku="8,1" doraHai="129" who="1" fromWho="1" sc="287,-4,262,14,226,-6,225,-4" /><INIT seed="3,0,0,3,4,52" ten="283,276,220,221" oya="3" hai0="105,71,90,79,88,11,115,124,57,17,109,94,2" hai1="20,102,93,64,33,4,108,117,103,107,19,78,51" hai2="48,60,106,15,72,37,45,74,27,35,44,98,83" hai3="85,34,70,131,55,14,86,114,126,133,24,125,73"/><W29/><G114/><T76/><D105/><U40/><E33/><V26/><F106/><W28/><G131/><T5/><D71/><U13/><E107/><V121/><F121/><W16/><G133/><T92/><D115/><U0/><E108/><V80/><F98/><W23/><G73/><T119/><D119/><U46/><E117/><V21/><F37/><W54/><G70/><T120/><D120/><U134/><E134/><V110/><F110/><W41/><G41/><T130/><D109/><U118/><E118/><V101/><F101/><W82/><G29/><T89/><D130/><U69/><E78/><V30/><F15/><W39/><G39/><T122/><D122/><U81/><E81/><V113/><F113/><W66/><G66/><T18/><D124/><N who="3" m="47721" /><G86/><T31/><D31/><U50/><E50/><V10/><F10/><W62/><G62/><T63/><D79/><AGARI ba="0,0" hai="14,16,23,24,28,34,54,55,79,82,85" m="47721" machi="79" ten="30,2900,0" yaku="18,1,54,1" doraHai="52" who="3" fromWho="0" sc="283,-29,276,0,220,0,221,29" /><INIT seed="3,1,0,2,1,54" ten="254,276,220,250" oya="3" hai0="120,23,131,24,44,109,17,78,46,84,32,66,105" hai1="85,104,108,64,31,15,79,63,0,50,22,4,70" hai2="74,9,90,26,7,106,58,129,8,126,81,69,116" hai3="115,18,14,49,40,88,98,60,13,77,51,87,2"/><W67/><G115/><T130/><D105/><U35/><E108/><V112/><F116/><W72/><G2/><T3/><D3/><U117/><E117/><V33/><F112/><W59/><G72/><T37/><D120/><U80/><E104/><V16/><F69/><W12/><G77/><T95/><D109/><U103/><E35/><V125/><F106/><W75/><G75/><T94/><D32/><U124/><E124/><N who="2" m="47723" /><F129/><N who="0" m="49162" /><D66/><U45/><E0/><N who="2" m="103" /><F33/><W28/><G28/><T114/><D114/><U135/><E135/><V38/><F38/><W56/><G98/><T102/><D37/><U42/><E103/><V133/><F133/><W82/><G40/><T96/><D78/><U30/><REACH who="1" step="1"/><E22/><REACH who="1" ten="254,266,220,250" step="2"/><N who="2" m="13639" /><F9/><AGARI ba="1,1" hai="4,9,15,30,31,42,45,50,63,64,70,79,80,85" machi="9" ten="40,5200,0" yaku="1,1,25,2,53,0" doraHai="54" doraHaiUra="132" who="1" fromWho="2" sc="254,0,266,65,220,-55,250,0" owari="254,5.0,331,43.0,165,-33.0,250,-15.0" /></mjloggm>