<mjloggm ver="2.3"><GO type="97" lobby="0"/><UN n0="%63%79%63%6C%6F%70%65" n1="%E5%B0%B1%E6%B4%BB%E7%94%9F%40%E5%B7%9D%E6%9D%91%E8%BB%8D%E5%9B%A3" n2="%E9%9B%80%E6%98%8E%E8%8F%AF%EF%BC%A0%E8%87%A8%E6%B5%B7" n3="%E3%81%86%E3%82%8B%E3%81%95%E3%81%84%E3%81%AF%E8%A4%92%E3%82%81%E8%A9%9E" dan="15,14,14,15" rate="2016.12,1937.57,1870.72,2010.32" sx="M,M,F,M"/><TAIKYOKU oya="0"/><INIT seed="0,0,0,3,1,134" ten="250,250,250,250" oya="0" hai0="130,15,68,46,52,118,54,1,20,49,103,83,60" hai1="84,2,110,123,113,133,87,92,89,100,32,93,34" hai2="58,101,29,39,9,90,66,132,126,112,120,64,128" hai3="42,97,127,65,37,44,81,115,102,21,51,47,40"/><T67/><D118/><U104/><E2/><V73/><F73/><W56/><G115/><T129/><D1/><U124/><E133/><V117/><F39/><W72/><G21/><T116/><D116/><U106/><E123/><V121/><F29/><W23/><G23/><T69/><D103/><U33/><E113/><V18/><F101/><W108/><G108/><T19/><D83/><U0/><E0/><V105/><F105/><W135/><G135/><T77/><D77/><U88/><E110/><V48/><F9/><W62/><G81/><T50/><REACH who="0" step="1"/><D68/><REACH who="0" ten="240,250,250,250" step="2"/><U55/><E100/><V95/><F117/><W98/><G102/><T119/><D119/><U31/><E31/><V28/><F132/><W36/><G72/><T35/><D35/><U22/><E124/><V30/><F28/><W25/><G127/><T43/><D43/><U3/><E3/><V11/><F30/><W99/><G42/><T86/><D86/><U107/><E22/><V75/><F126/><W24/><G40/><T16/><D16/><U5/><E5/><V80/><F18/><W122/><G122/><T70/><D70/><U114/><E114/><V57/><F112/><W27/><G99/><T61/><D61/><U125/><E125/><V6/><F121/><W10/><G98/><T76/><D76/><U71/><E71/><V12/><F75/><W79/><G97/><T38/><D38/><U96/><E96/><V59/><F80/><W85/><G79/><T26/><D26/><U82/><E82/><V4/><F120/><W131/><G85/><T17/><D17/><U53/><AGARI ba="0,1" hai="32,33,34,53,55,84,87,88,89,92,93,104,106,107" machi="53" ten="40,8000,1" yaku="5,1,0,1,9,1,54,1" doraHai="134" who="1" fromWho="1" sc="240,-40,250,90,250,-20,250,-20" /><INIT seed="1,0,0,4,1,4" ten="200,340,230,230" oya="1" hai0="107,121,20,36,117,82,97,76,1,7,131,90,55" hai1="21,0,120,53,91,100,28,86,56,52,59,125,87" hai2="92,123,134,96,42,44,23,79,110,64,129,33,40" hai3="34,94,108,68,54,17,124,31,25,13,103,81,77"/><U38/><E120/><V15/><F123/><W65/><G124/><T114/><D121/><U99/><E38/><V12/><F134/><W61/><G54/><T95/><D114/><U118/><E0/><V105/><F33/><W72/><G108/><T30/><D117/><U57/><E118/><V5/><F105/><W74/><G94/><T14/><D131/><U109/><E109/><V78/><F129/><W46/><G46/><T116/><D116/><U104/><E125/><V50/><F64/><W102/><G74/><T122/><D122/><U2/><E2/><V93/><F110/><W80/><G81/><T3/><D107/><U47/><E47/><V89/><F93/><W43/><G43/><T66/><D36/><U119/><E119/><V32/><F32/><W130/><G130/><T83/><D66/><U51/><E53/><V126/><F42/><W27/><G27/><T101/><D55/><U98/><E98/><V11/><F126/><W58/><G68/><T112/><D112/><U133/><E133/><V62/><F62/><W70/><G70/><T128/><D128/><U26/><E87/><V45/><F45/><W75/><G72/><N who="0" m="43271" /><D30/><U63/><REACH who="1" step="1"/><E51/><REACH who="1" ten="200,330,230,230" step="2"/><V22/><F15/><W41/><G41/><T6/><D1/><U16/><E16/><V113/><F113/><W9/><AGARI ba="0,1" hai="9,13,17,25,31,34,58,61,65,75,77,80,102,103" machi="9" ten="20,2700,0" yaku="0,1,7,1,52,1" doraHai="4" who="3" fromWho="3" sc="200,-7,330,-13,230,-7,230,37" /><INIT seed="2,0,0,3,2,41" ten="193,317,223,267" oya="2" hai0="126,64,66,27,78,59,103,51,42,85,12,75,80" hai1="7,48,118,17,39,11,94,36,67,72,119,92,13" hai2="73,129,95,9,63,43,133,3,79,16,46,37,69" hai3="10,107,86,102,89,29,74,54,109,82,19,128,135"/><V22/><F133/><W28/><G128/><T15/><D126/><U49/><E72/><V99/><F129/><W61/><G109/><T1/><D1/><U23/><E67/><V87/><F87/><W65/><G74/><T130/><D130/><U116/><E48/><V57/><F69/><W47/><G102/><T93/><D27/><U50/><E50/><V20/><F73/><W45/><G107/><T38/><D38/><U25/><REACH who="1" step="1"/><E49/><REACH who="1" ten="193,307,223,267" step="2"/><V90/><F79/><W117/><G65/><T70/><D66/><U4/><E4/><V115/><F115/><W21/><G117/><T112/><D112/><U31/><E31/><V56/><F56/><N who="3" m="34967" /><G29/><T34/><D75/><U97/><E97/><V52/><REACH who="2" step="1"/><F3/><REACH who="2" ten="193,307,213,267" step="2"/><W8/><G135/><T81/><D70/><U76/><E76/><V131/><F131/><W134/><G134/><T98/><D78/><U91/><E91/><V88/><F88/><W58/><G58/><T6/><D59/><U122/><E122/><V26/><F26/><N who="3" m="14655" /><G89/><T53/><D12/><AGARI ba="0,2" hai="9,12,16,20,22,37,43,46,52,57,63,90,95,99" machi="12" ten="40,12000,1" yaku="1,1,52,1,54,2,53,0" doraHai="41" doraHaiUra="44" who="2" fromWho="0" sc="193,-120,307,0,213,140,267,0" /><INIT seed="2,1,0,1,4,66" ten="73,307,353,267" oya="2" hai0="80,37,51,33,73,92,84,134,55,100,10,53,49" hai1="117,38,14,62,16,72,89,126,127,1,95,111,79" hai2="98,135,54,65,21,36,42,9,77,24,109,78,76" hai3="46,81,45,82,50,105,115,47,57,108,15,27,120"/><V83/><F135/><W124/><G105/><T34/><D37/><U123/><E1/><V61/><F109/><W110/><G120/><T39/><D39/><U19/><E38/><V43/><F98/><W106/><G106/><T18/><D134/><U32/><E32/><V17/><F54/><W132/><G132/><T25/><D73/><U86/><E117/><V69/><F9/><W11/><G124/><N who="1" m="47658" /><E111/><N who="3" m="42538" /><G27/><T113/><D113/><U99/><E123/><V63/><F63/><W125/><G125/><T70/><D100/><U112/><E112/><V3/><F3/><W29/><G29/><T102/><D102/><U119/><E119/><V59/><F36/><W8/><G8/><T93/><D84/><U56/><E72/><V5/><F5/><W121/><G121/><T116/><D10/><U101/><E14/><V97/><F97/><W48/><G115/><T129/><D25/><U103/><E79/><V58/><REACH who="2" step="1"/><F83/><REACH who="2" ten="73,307,343,267" step="2"/><W23/><G81/><T74/><D116/><U30/><E101/><V0/><F0/><W35/><G82/><T12/><D80/><N who="1" m="49351" /><E30/><V85/><F85/><W131/><G11/><T130/><D74/><U7/><E7/><V44/><F44/><W122/><G46/><T91/><D12/><U71/><E56/><AGARI ba="1,1" hai="17,21,24,42,43,56,58,59,61,65,69,76,77,78" machi="56" ten="40,3900,0" yaku="1,1,52,1,53,0" doraHai="66" doraHaiUra="133" who="2" fromWho="1" sc="73,0,307,-42,343,52,267,0" /><INIT seed="2,2,0,5,0,7" ten="73,265,395,267" oya="2" hai0="66,35,14,41,122,126,69,17,43,61,135,101,22" hai1="31,56,18,3,8,116,85,42,39,47,78,4,21" hai2="52,68,104,67,86,30,74,57,129,121,70,46,40" hai3="132,23,107,100,49,59,77,83,58,81,53,130,109"/><V0/><F74/><W9/><G109/><T131/><D122/><U113/><E113/><V32/><F121/><W62/><G130/><T38/><D131/><U89/><E116/><V95/><F104/><W133/><G23/><T102/><D35/><U73/><E31/><V92/><F0/><W63/><G63/><T20/><D126/><U75/><E56/><V82/><F129/><W118/><G118/><T13/><D135/><U134/><E78/><V26/><F70/><W60/><G60/><T114/><D114/><U119/><E134/><N who="3" m="51818" /><G9/><T96/><D38/><U87/><E87/><V19/><F19/><W115/><G115/><T120/><D120/><U25/><REACH who="1" step="1"/><E119/><REACH who="1" ten="73,255,395,267" step="2"/><V88/><F68/><W97/><G77/><T99/><D102/><U48/><E48/><V33/><F33/><W6/><G59/><T5/><D96/><U98/><E98/><V93/><F32/><W55/><G49/><T76/><D76/><U117/><E117/><V50/><F30/><W15/><G58/><T24/><D5/><U51/><E51/><N who="2" m="27079" /><F26/><W111/><G62/><T110/><D110/><U65/><E65/><AGARI ba="2,1" hai="50,52,57,65,67,82,86,88,92,93,95" m="27079" machi="65" ten="30,5800,0" yaku="8,1,54,2" doraHai="7" who="2" fromWho="1" sc="73,0,255,-64,395,74,267,0" /><INIT seed="2,3,0,3,4,97" ten="73,191,469,267" oya="2" hai0="23,35,54,72,113,6,94,129,85,42,2,124,15" hai1="19,7,11,123,40,128,80,49,77,10,101,36,122" hai2="66,130,33,65,100,14,41,44,120,108,82,106,75" hai3="126,96,21,78,89,92,111,61,55,118,79,135,1"/><V84/><F75/><W27/><G118/><T112/><D35/><U121/><E128/><V132/><F120/><W87/><G1/><T63/><D72/><U5/><E36/><V116/><F116/><W24/><G135/><T17/><D129/><U37/><E37/><V99/><F41/><W131/><G131/><T73/><D73/><U32/><E32/><V88/><F33/><W45/><G126/><T12/><D124/><U115/><E115/><V71/><F130/><W127/><G111/><T114/><D2/><U86/><E101/><V13/><F44/><W53/><G27/><T83/><D94/><U76/><E76/><V38/><F38/><W22/><G22/><T31/><D42/><U102/><E102/><V9/><F71/><W60/><G127/><T0/><D0/><U119/><E119/><V30/><F30/><W103/><G78/><T93/><D93/><U57/><E19/><V3/><F132/><W81/><G79/><T56/><D31/><U91/><E77/><V68/><F68/><W134/><G134/><T67/><D67/><U125/><E125/><V50/><F50/><N who="3" m="28879" /><G55/><T109/><D109/><U28/><E28/><AGARI ba="3,0" hai="21,24,28,60,61,81,87,89,92,96,103" m="28879" machi="28" ten="30,2000,0" yaku="8,1,52,1" doraHai="97" who="3" fromWho="1" sc="73,0,191,-29,469,0,267,29" /><INIT seed="3,0,0,0,5,53" ten="73,162,469,296" oya="3" hai0="12,33,50,124,87,39,65,55,78,95,110,61,108" hai1="123,54,94,101,115,73,71,10,131,34,84,133,42" hai2="51,134,120,59,83,88,16,100,19,58,30,76,82" hai3="91,116,43,75,11,60,96,35,109,15,86,27,93"/><W92/><G75/><T117/><D33/><U8/><E71/><V5/><F134/><W57/><G109/><N who="0" m="42091" /><D12/><U24/><E123/><V111/><F120/><W45/><G35/><T90/><D78/><U67/><E73/><V97/><F5/><W113/><G113/><T1/><D1/><U64/><E115/><V44/><F111/><W99/><G116/><T106/><D106/><U62/><E42/><V68/><F68/><W80/><G27/><T74/><D74/><U4/><E34/><V26/><F76/><W18/><G96/><T38/><D90/><U122/><E122/><V63/><F63/><W69/><G69/><N who="0" m="42159" /><D87/><U118/><E24/><V105/><F88/><W79/><G93/><T126/><D95/><U23/><E23/><V3/><F3/><W89/><G45/><T6/><D6/><U14/><BYE who="0" /><E10/><V85/><F85/><W125/><G43/><T52/><D52/><U46/><E131/><UN n0="%63%79%63%6C%6F%70%65" /><V7/><F7/><W127/><G125/><N who="0" m="48235" /><D117/><U129/><E118/><V98/><F105/><W28/><G127/><T81/><D81/><U49/><E84/><V107/><F107/><W128/><G28/><T9/><D9/><U121/><E94/><V25/><F100/><W102/><G91/><T72/><D72/><U119/><E101/><V70/><F70/><W104/><G104/><T22/><D22/><U21/><E119/><V13/><F30/><W130/><G102/><T41/><D41/><U20/><E21/><V36/><F13/><W112/><G112/><T37/><D38/><U56/><E20/><V132/><F36/><W135/><G135/><RYUUKYOKU ba="0,0" sc="73,15,162,-15,469,-15,296,15" hai0="37,39,50,55" hai3="11,15,18,57,60,79,80,86,89,92,99,128,130" /><INIT seed="3,1,0,0,1,21" ten="88,147,454,311" oya="3" hai0="8,44,90,103,72,97,106,1,91,16,70,74,133" hai1="104,127,123,105,125,24,64,65,132,112,89,30,116" hai2="10,34,25,66,55,26,118,95,67,29,31,107,33" hai3="96,87,120,93,86,131,82,99,40,92,57,52,94"/><W38/><G120/><T58/><D70/><U42/><E123/><V76/><F107/><N who="1" m="41033" /><E112/><V79/><F10/><W22/><G131/><T98/><D133/><U53/><E42/><V23/><F95/><W121/><G121/><T2/><D58/><U115/><E115/><V7/><F7/><W80/><G40/><T101/><D44/><U135/><E53/><V6/><F6/><W114/><G38/><T32/><D106/><U83/><E116/><V129/><F55/><W17/><G114/><T12/><D32/><N who="1" m="20551" /><E83/><V5/><F5/><W81/><G96/><T128/><D8/><U11/><E89/><V117/><F23/><W60/><REACH who="3" step="1"/><G99/><REACH who="3" ten="88,147,454,301" step="2"/><T13/><REACH who="0" step="1"/><D16/><REACH who="0" ten="78,147,454,301" step="2"/><U0/><E132/><V88/><F129/><AGARI ba="1,2" hai="1,2,12,13,72,74,90,91,97,98,101,103,128,129" machi="129" ten="25,6400,0" yaku="1,1,2,1,22,2,53,0" doraHai="21" doraHaiUra="20" who="0" fromWho="2" sc="78,87,147,0,454,-67,301,0" owari="165,-23.0,147,-35.0,387,48.0,301,10.0" /></mjloggm>