<mjloggm ver="2.3"><GO type="41" lobby="0"/><UN n0="%73%75%6E%61%6B%6F%30%31" n1="%E2%98%85%E5%B9%BB%E7%8D%A3%E6%97%85%E5%9B%A3%E2%98%85" n2="%E5%B0%B1%E6%B4%BB%E7%94%9F%40%E5%B7%9D%E6%9D%91%E8%BB%8D%E5%9B%A3" n3="%E3%81%BD%E3%82%80%E3%81%8B%E3%82%88" dan="13,16,16,14" rate="1891.39,2011.83,2127.68,1883.28" sx="M,M,M,F"/><TAIKYOKU oya="0"/><INIT seed="0,0,0,1,5,15" ten="250,250,250,250" oya="0" hai0="105,14,121,37,75,62,40,35,9,51,78,114,119" hai1="120,56,10,67,84,70,107,127,4,112,77,3,126" hai2="69,74,41,76,33,86,58,39,63,18,60,46,122" hai3="44,115,91,92,80,118,23,94,6,100,48,124,28"/><T89/><D121/><U61/><E120/><V57/><F122/><W29/><G118/><T7/><D119/><U71/><E112/><V87/><F33/><W11/><G115/><T79/><D114/><U20/><E107/><V49/><F49/><W130/><G100/><T68/><D105/><U34/><E34/><V129/><F129/><W88/><G130/><T131/><D131/><U17/><E77/><V8/><F69/><W93/><G80/><T72/><D35/><U36/><E36/><V47/><F74/><W30/><G23/><T1/><D89/><U0/><E0/><V95/><F47/><W53/><REACH who="3" step="1"/><G124/><REACH who="3" ten="250,250,250,240" step="2"/><N who="1" m="47658" /><E84/><V13/><F86/><W110/><G110/><T26/><D75/><U59/><E71/><V38/><F87/><W117/><G117/><T133/><D72/><U55/><E55/><V85/><F85/><W32/><G32/><T31/><D78/><U82/><E82/><V99/><F76/><W113/><G113/><T106/><D79/><U22/><E22/><V16/><F95/><W25/><G25/><AGARI ba="0,1" hai="3,4,10,17,20,25,56,59,61,67,70" m="47658" machi="25" ten="30,2000,0" yaku="18,1,52,1" doraHai="15" who="1" fromWho="3" sc="250,0,250,30,250,0,240,-20" /><INIT seed="1,0,0,0,1,18" ten="250,280,250,220" oya="1" hai0="34,52,93,5,89,16,102,49,7,126,12,82,48" hai1="17,74,79,45,76,69,0,123,122,115,15,24,70" hai2="65,120,118,57,127,31,77,114,37,56,25,128,3" hai3="85,2,86,11,44,60,88,28,21,58,107,53,22"/><U40/><E0/><V46/><F118/><W91/><G107/><T116/><D116/><U41/><E24/><V125/><F120/><W50/><G28/><T106/><D34/><U112/><E17/><V36/><F3/><W109/><G11/><T81/><D126/><N who="2" m="48138" /><F77/><W38/><G38/><N who="2" m="14953" /><F128/><W47/><G2/><T97/><D49/><U84/><E84/><N who="3" m="32362" /><G109/><T105/><D105/><U8/><E8/><V132/><F132/><W9/><G9/><T80/><D102/><U101/><E101/><V59/><F114/><W1/><G1/><T43/><D106/><U6/><E6/><V113/><F113/><W133/><G133/><T103/><D43/><U20/><E15/><V71/><F46/><N who="3" m="17451" /><G50/><T78/><D103/><U19/><E45/><V64/><F71/><W111/><G111/><T63/><D78/><U119/><E119/><V61/><F61/><W39/><G39/><T73/><D63/><U13/><E115/><V72/><F72/><W131/><G131/><T30/><D30/><U67/><E112/><V23/><AGARI ba="0,0" hai="23,25,31,56,57,59,64,65" m="14953,48138" machi="23" ten="40,2700,0" yaku="18,1,52,1" doraHai="18" who="2" fromWho="2" sc="250,-7,280,-13,250,27,220,-7" /><INIT seed="2,0,0,5,4,40" ten="243,267,277,213" oya="2" hai0="15,129,135,99,76,67,94,64,105,108,47,51,60" hai1="1,81,36,69,133,29,109,110,6,73,37,14,41" hai2="89,74,113,111,88,130,121,57,114,31,32,53,59" hai3="79,12,30,86,28,72,27,7,103,120,54,87,119"/><V100/><F74/><W127/><G72/><T104/><D135/><U49/><E29/><V78/><F78/><W25/><G120/><T90/><D67/><U68/><E14/><V22/><F121/><W96/><G119/><T128/><D76/><N who="1" m="44175" /><E49/><V21/><F130/><N who="0" m="50282" /><D15/><U75/><E75/><V4/><F100/><W123/><G127/><T11/><D11/><N who="1" m="2511" /><E133/><V62/><F4/><W39/><G39/><N who="1" m="14922" /><E41/><V83/><F83/><W2/><G2/><T116/><D116/><U65/><E65/><V43/><F43/><W24/><G123/><T82/><D82/><U56/><E56/><V71/><F71/><AGARI ba="0,0" hai="68,69,71,109,110" m="14922,2511,44175" machi="71" ten="30,1000,0" yaku="23,1" doraHai="40" who="1" fromWho="2" sc="243,0,267,10,277,-10,213,0" /><INIT seed="3,0,0,5,2,67" ten="243,277,267,213" oya="3" hai0="69,81,97,21,89,19,54,46,102,52,110,68,10" hai1="25,33,58,126,114,15,93,133,17,31,124,121,103" hai2="27,130,47,30,45,123,38,107,26,4,44,106,13" hai3="23,116,125,70,35,12,90,76,11,88,60,39,86"/><W49/><G35/><T20/><D54/><U94/><E121/><V63/><F38/><W82/><G39/><T59/><D110/><U16/><E114/><V66/><F123/><W128/><G116/><T104/><D20/><U56/><E17/><V8/><F130/><W100/><G128/><T9/><D9/><U43/><E43/><V129/><F129/><W101/><G23/><T105/><D105/><U99/><E94/><V50/><F50/><W85/><G49/><T28/><D28/><U64/><E133/><V37/><F37/><W75/><G12/><T5/><D46/><U34/><E34/><V36/><F36/><W127/><G60/><T77/><D89/><N who="3" m="34409" /><G11/><T1/><D19/><U61/><REACH who="1" step="1"/><E58/><REACH who="1" ten="243,267,267,213" step="2"/><V74/><F107/><W119/><G119/><T120/><D120/><U108/><E108/><V0/><F106/><W113/><G113/><T83/><D83/><U42/><E42/><V134/><F134/><W80/><G70/><T96/><D21/><AGARI ba="0,1" hai="15,16,21,25,31,33,56,61,64,93,99,103,124,126" machi="21" ten="40,2600,0" yaku="1,1,54,1,53,0" doraHai="67" doraHaiUra="72" who="1" fromWho="0" sc="243,-26,267,36,267,0,213,0" /><INIT seed="4,0,0,1,1,72" ten="217,303,267,213" oya="0" hai0="53,58,45,18,114,78,52,125,84,39,104,81,24" hai1="116,90,49,83,61,46,20,70,121,122,7,32,109" hai2="3,134,82,16,12,119,66,4,36,93,101,124,73" hai3="102,130,22,91,13,89,62,15,135,55,110,133,117"/><T6/><D114/><U69/><E32/><V8/><F36/><W38/><G38/><T9/><D104/><U5/><E116/><V88/><F119/><W118/><G55/><T113/><D113/><U128/><E128/><V129/><F124/><W33/><G33/><T51/><D125/><U30/><E109/><V11/><F134/><W23/><G62/><T37/><D18/><U96/><E70/><V25/><F129/><W98/><G130/><T111/><D24/><U120/><E69/><V68/><F25/><W14/><G110/><T105/><D105/><U86/><E61/><V47/><F101/><W19/><G19/><T67/><D67/><U27/><REACH who="1" step="1"/><E96/><REACH who="1" ten="217,293,267,213" step="2"/><V65/><F68/><W85/><G98/><T126/><D126/><U57/><E57/><V75/><F47/><W17/><G117/><T106/><D111/><U77/><E77/><V127/><F127/><W99/><G99/><T44/><D44/><U100/><E100/><V41/><F66/><W35/><G102/><T94/><D106/><U1/><E1/><V60/><F60/><W76/><G118/><T43/><D94/><U108/><E108/><V74/><F65/><W71/><G35/><T50/><D53/><AGARI ba="0,1" hai="5,7,20,27,30,46,49,53,83,86,90,120,121,122" machi="53" ten="40,2600,0" yaku="1,1,53,1" doraHai="72" doraHaiUra="42" who="1" fromWho="0" sc="217,-26,293,36,267,0,213,0" /><INIT seed="5,0,0,0,3,116" ten="191,329,267,213" oya="1" hai0="84,14,72,4,43,41,80,111,21,64,76,128,132" hai1="39,58,77,56,59,62,28,11,30,66,60,26,8" hai2="101,79,75,32,67,88,55,17,3,113,135,9,133" hai3="97,7,12,71,69,34,123,110,115,95,2,42,15"/><U47/><E77/><V122/><F32/><W13/><G42/><T49/><D111/><U100/><E100/><V106/><F122/><W104/><G104/><T19/><D132/><N who="2" m="50762" /><F67/><W53/><G34/><T70/><D128/><U31/><E26/><V112/><F75/><W82/><G110/><T94/><D70/><U78/><E78/><V54/><F79/><W92/><G53/><N who="2" m="19977" /><F106/><W117/><G117/><T96/><D72/><U20/><E20/><V119/><F119/><W125/><G123/><T91/><D64/><U68/><E62/><V98/><F101/><W0/><G15/><T22/><D49/><U5/><E5/><N who="2" m="1215" /><F17/><W103/><G103/><T23/><REACH who="0" step="1"/><D4/><REACH who="0" ten="181,329,267,213" step="2"/><U131/><E131/><V46/><F46/><W121/><G7/><T57/><D57/><U1/><E47/><V118/><F118/><W108/><G71/><T45/><D45/><U127/><E68/><V83/><F83/><W50/><G82/><T10/><AGARI ba="0,1" hai="10,14,19,21,22,23,41,43,76,80,84,91,94,96" machi="10" ten="30,4000,0" yaku="1,1,0,1,8,1,53,0" doraHai="116" doraHaiUra="63" who="0" fromWho="0" sc="181,50,329,-20,267,-10,213,-10" /><INIT seed="6,0,0,5,4,74" ten="231,309,257,203" oya="2" hai0="28,22,101,110,48,118,113,0,95,19,20,51,89" hai1="76,112,90,115,75,59,14,105,3,111,41,87,29" hai2="1,100,12,50,126,69,35,119,11,34,81,86,117" hai3="88,79,13,66,23,31,104,36,107,92,64,67,47"/><V103/><F1/><W84/><G36/><T6/><D110/><U94/><E3/><V24/><F69/><W61/><G107/><T60/><D118/><U77/><E75/><V58/><F126/><W108/><G104/><T57/><D113/><N who="1" m="43595" /><E111/><V65/><F119/><W2/><G2/><T15/><D101/><U120/><E105/><V71/><F71/><W53/><G108/><T91/><D91/><U132/><E132/><V106/><F117/><W21/><G31/><T134/><D134/><U54/><E41/><V39/><F39/><W62/><G47/><T4/><D0/><U83/><E120/><V49/><F106/><W27/><G13/><T73/><D73/><U131/><E131/><V46/><F24/><W97/><G53/><T125/><D125/><U99/><E29/><V70/><F70/><W68/><G68/><T122/><D122/><U5/><E5/><N who="2" m="3183" /><F34/><W30/><G23/><T33/><D33/><U129/><E14/><V121/><F35/><W9/><G9/><T114/><D114/><U72/><E72/><V7/><F7/><N who="0" m="2602" /><D22/><U42/><E42/><N who="2" m="24791" /><F121/><W38/><G38/><T44/><D28/><U18/><E18/><V127/><F127/><W8/><G8/><T85/><D44/><U130/><E130/><V17/><F17/><W55/><G55/><AGARI ba="0,0" hai="15,19,20,48,51,55,57,60,85,89,95" m="2602" machi="55" ten="30,1000,0" yaku="8,1" doraHai="74" who="0" fromWho="3" sc="231,10,309,0,257,0,203,-10" /><INIT seed="7,0,0,5,0,123" ten="241,309,257,193" oya="3" hai0="109,32,95,28,24,68,126,49,65,92,15,43,70" hai1="133,12,50,100,11,116,117,83,74,72,37,47,69" hai2="124,58,40,75,78,60,118,33,98,7,135,86,57" hai3="45,96,107,97,113,130,82,61,30,36,66,88,39"/><W35/><G45/><T76/><D126/><U85/><E37/><V122/><F118/><N who="1" m="45673" /><E100/><V27/><F75/><W13/><G13/><T23/><D76/><N who="1" m="46311" /><E69/><V62/><F33/><W48/><G48/><T0/><D109/><U125/><E125/><V9/><F27/><W55/><G55/><T46/><D0/><U84/><E84/><V19/><F40/><W14/><G14/><T18/><D70/><U91/><E91/><V115/><F98/><W131/><G30/><T111/><D111/><U99/><E99/><V44/><F44/><W67/><G35/><T103/><D68/><U81/><E81/><V16/><F86/><W2/><G2/><T53/><D65/><U102/><E102/><V34/><F78/><W6/><G82/><T29/><D103/><U51/><E51/><V101/><F34/><W129/><G129/><T134/><D134/><U121/><E133/><V110/><F124/><W87/><G87/><T4/><D29/><U38/><E38/><V25/><F62/><W20/><G20/><T22/><D4/><N who="1" m="3175" /><E121/><V8/><F122/><W42/><G6/><T10/><REACH who="0" step="1"/><D43/><AGARI ba="0,0" hai="43,47,50,72,74" m="3175,46311,45673" machi="43" ten="30,2000,0" yaku="25,1,12,1" doraHai="123" who="1" fromWho="0" sc="241,-20,309,20,257,0,193,0" owari="221,-18.0,329,43.0,257,6.0,193,-31.0" /></mjloggm>