<mjloggm ver="2.3"><GO type="97" lobby="0"/><UN n0="%6B%69%73%73%79" n1="%73%61%69%73%73%37%37%37" n2="%E5%B0%B1%E6%B4%BB%E7%94%9F%40%E5%B7%9D%E6%9D%91%E8%BB%8D%E5%9B%A3" n3="%E3%83%B4%E3%82%A3%E3%83%B4%E3%82%A3%E3%82%A2%E3%83%B3" dan="13,13,14,14" rate="1807.85,1910.14,1946.68,1968.86" sx="M,M,M,F"/><TAIKYOKU oya="0"/><INIT seed="0,0,0,1,3,95" ten="250,250,250,250" oya="0" hai0="21,105,13,104,83,79,64,39,29,131,35,77,127" hai1="43,26,97,9,102,110,57,66,28,117,103,109,78" hai2="8,10,30,96,112,0,33,129,72,1,107,49,45" hai3="63,22,14,53,128,42,31,60,65,121,54,130,126"/><T12/><D39/><U5/><E117/><V48/><F72/><W113/><G31/><T23/><D64/><U41/><E103/><V133/><F112/><W135/><G22/><T116/><D35/><U70/><E78/><V87/><F129/><N who="3" m="49771" /><G14/><T11/><D131/><U119/><E70/><V59/><F133/><W58/><G113/><T4/><D29/><U50/><E119/><V86/><F33/><W132/><G126/><T92/><D116/><U90/><E90/><V85/><F30/><W81/><G81/><T34/><D34/><U46/><E9/><V89/><F1/><W106/><G106/><T88/><D92/><N who="1" m="58663" /><E5/><V7/><F10/><W6/><G6/><T17/><D23/><N who="1" m="15455" /><E41/><V71/><F71/><N who="3" m="42407" /><G121/><T120/><D120/><U37/><E37/><V80/><F59/><N who="3" m="35311" /><G42/><T124/><D83/><U122/><E122/><V16/><F107/><N who="0" m="41034" /><D88/><U69/><E69/><V125/><F125/><AGARI ba="0,0" hai="4,11,12,13,17,21,77,79,124,125,127" m="41034" machi="125" ten="30,1500,0" yaku="18,1" doraHai="95" who="0" fromWho="2" sc="250,15,250,0,250,-15,250,0" /><INIT seed="0,1,0,0,3,96" ten="265,250,235,250" oya="0" hai0="37,59,21,15,97,42,46,120,1,80,104,95,36" hai1="50,12,99,133,48,47,121,24,5,70,26,28,9" hai2="7,111,87,8,16,63,55,114,49,134,40,65,94" hai3="112,82,51,45,56,109,2,135,124,11,123,129,89"/><T57/><D120/><U23/><E133/><V122/><F114/><W66/><G112/><T115/><D1/><U85/><E70/><V22/><F122/><W27/><G123/><T38/><D104/><U126/><E126/><V58/><F111/><W75/><G109/><T64/><D115/><U101/><E121/><V60/><F134/><W54/><G135/><T6/><D80/><U76/><E26/><N who="2" m="14663" /><F40/><W103/><G129/><T74/><D74/><U41/><E85/><V81/><F94/><W117/><G117/><T33/><D33/><U92/><E76/><N who="2" m="46503" /><F65/><W52/><G124/><T132/><D132/><U128/><REACH who="1" step="1"/><E128/><REACH who="1" ten="265,240,235,250" step="2"/><V35/><F35/><W100/><G75/><T68/><D68/><U84/><E84/><V29/><F29/><W31/><G27/><T14/><D37/><AGARI ba="1,1" hai="5,9,12,23,24,28,37,41,47,48,50,92,99,101" machi="37" ten="30,7700,0" yaku="1,1,7,1,52,1,53,1" doraHai="96" doraHaiUra="18" who="1" fromWho="0" sc="265,-80,240,90,235,0,250,0" /><INIT seed="1,0,0,0,2,3" ten="185,330,235,250" oya="1" hai0="47,98,124,72,83,104,38,111,94,108,84,37,130" hai1="58,112,132,116,115,21,134,48,110,40,125,65,113" hai2="70,88,44,31,49,126,17,120,9,76,28,101,51" hai3="96,56,90,4,133,29,60,109,42,61,8,2,35"/><U122/><E21/><V57/><F70/><W75/><G75/><T36/><D104/><U119/><E40/><V34/><F34/><W53/><G109/><T33/><D33/><U77/><E77/><V68/><F120/><W78/><G78/><T80/><D72/><U64/><E122/><V87/><F68/><W0/><G133/><T12/><D12/><U26/><E26/><V97/><F126/><W52/><G42/><T67/><D67/><N who="1" m="25675" /><E125/><V45/><F76/><W55/><G0/><T74/><D74/><U81/><E81/><N who="2" m="49263" /><F57/><W71/><G71/><T10/><D124/><U46/><E58/><V123/><F123/><W30/><G61/><T11/><D47/><N who="2" m="17994" /><F97/><W73/><G73/><T7/><D130/><U1/><E1/><V117/><F101/><W18/><G35/><T59/><D59/><U93/><E93/><V85/><F85/><W129/><G129/><T103/><D84/><U20/><E20/><V121/><F121/><W19/><G30/><N who="2" m="11305" /><F117/><N who="1" m="45129" /><E110/><N who="0" m="42025" /><D11/><U131/><E131/><V6/><F17/><W69/><G29/><T24/><D24/><U95/><E95/><V100/><F100/><W22/><G69/><T106/><D106/><U135/><E46/><V128/><F128/><W102/><G19/><T15/><AGARI ba="0,0" hai="7,10,15,36,37,38,80,83,94,98,103" m="42025" machi="15" ten="40,2700,0" yaku="14,1,52,1" doraHai="3" who="0" fromWho="0" sc="185,27,330,-13,235,-7,250,-7" /><INIT seed="2,0,0,3,5,61" ten="212,317,228,243" oya="2" hai0="50,124,33,51,82,63,54,22,94,70,88,65,1" hai1="109,121,3,20,72,64,8,91,85,133,108,89,114" hai2="44,134,34,26,38,10,9,45,13,19,132,75,93" hai3="100,53,62,32,86,111,68,74,83,131,95,2,87"/><V123/><F75/><W128/><G2/><T18/><D33/><U0/><E114/><V21/><F123/><W52/><G32/><T29/><D1/><U15/><E72/><V119/><F119/><W56/><G111/><N who="1" m="42570" /><E133/><N who="2" m="51307" /><F38/><W135/><G135/><T107/><D29/><U127/><E127/><V41/><F41/><W17/><G68/><T115/><D107/><U105/><E105/><V6/><F34/><W126/><G126/><T73/><D115/><U14/><E121/><V40/><F40/><W16/><G74/><T57/><D51/><U117/><E117/><V79/><F79/><W112/><G112/><T122/><D122/><U103/><E103/><V120/><F120/><W116/><G116/><T113/><D113/><U55/><E55/><V81/><F81/><W90/><G53/><T78/><D124/><U97/><E0/><N who="2" m="199" /><F93/><W43/><G43/><T37/><D37/><U60/><E3/><V58/><F58/><W71/><G71/><T28/><D28/><AGARI ba="0,0" hai="10,13,19,21,26,28,44,45" m="199,51307" machi="28" ten="30,1500,0" yaku="20,1" doraHai="61" who="2" fromWho="0" sc="212,-15,317,0,228,15,243,0" /><INIT seed="2,1,0,4,2,45" ten="197,317,243,243" oya="2" hai0="93,100,52,39,126,0,130,128,32,105,124,118,135" hai1="67,23,127,61,19,96,123,91,69,102,50,57,75" hai2="86,112,133,64,17,98,30,74,89,76,83,90,99" hai3="73,88,42,56,13,117,71,18,85,2,116,16,79"/><V53/><F112/><W110/><G71/><T40/><D0/><U51/><E127/><N who="0" m="48681" /><D32/><U103/><E75/><V120/><F120/><W95/><G2/><T44/><D105/><U5/><E5/><V104/><F133/><W35/><G35/><T121/><D100/><U80/><E69/><V7/><F64/><W46/><G110/><T101/><D121/><U119/><E119/><V38/><F38/><W114/><G114/><T3/><D3/><U27/><E123/><V107/><F30/><W77/><G18/><T47/><D101/><U134/><E134/><V24/><F7/><W8/><G73/><T84/><D118/><U65/><E65/><V59/><F17/><W81/><G56/><T125/><D125/><U22/><E22/><V66/><F24/><W15/><G15/><T94/><D135/><U70/><E70/><V26/><F66/><W34/><G34/><T49/><D84/><N who="1" m="50567" /><E103/><V41/><F26/><W63/><G63/><T106/><D106/><U87/><E87/><V115/><F115/><W6/><G6/><T10/><D10/><U109/><E109/><V48/><F104/><W131/><G131/><AGARI ba="1,0" hai="39,40,44,47,49,52,93,94,128,130,131" m="48681" machi="131" ten="30,7700,0" yaku="19,1,18,1,52,1,54,1" doraHai="45" who="0" fromWho="3" sc="197,80,317,0,243,0,243,-80" /><INIT seed="3,0,0,2,2,34" ten="277,317,243,163" oya="3" hai0="45,68,70,67,49,97,43,124,135,94,75,65,80" hai1="129,22,126,19,76,4,38,18,11,56,23,37,121" hai2="50,55,30,90,12,88,60,93,21,39,112,102,33" hai3="119,73,134,9,1,44,63,96,103,58,116,51,0"/><W79/><G134/><T115/><D135/><U47/><E121/><V83/><F39/><W28/><G28/><T117/><D115/><U61/><E129/><V64/><F112/><W107/><G79/><T25/><D117/><U131/><E126/><V110/><F33/><W66/><G73/><T74/><D25/><U82/><E131/><V89/><F110/><W77/><G77/><T87/><D75/><U10/><E47/><V24/><F83/><W5/><REACH who="3" step="1"/><G1/><REACH who="3" ten="277,317,243,153" step="2"/><T132/><D124/><U125/><E125/><V46/><F12/><W69/><G69/><T92/><D74/><U106/><E76/><V8/><F8/><W133/><G133/><T29/><D132/><U27/><E11/><V123/><F123/><W16/><G16/><T15/><D29/><U104/><E10/><V85/><F102/><W130/><G130/><T105/><D68/><AGARI ba="0,1" hai="21,24,30,46,50,55,60,64,68,85,88,89,90,93" machi="68" ten="30,2000,0" yaku="7,1,54,1" doraHai="34" who="2" fromWho="0" sc="277,-20,317,0,243,30,153,0" owari="257,-14.0,317,42.0,273,7.0,153,-35.0" /></mjloggm>