<mjloggm ver="2.3"><GO type="225" lobby="0"/><UN n0="%E3%82%A6%E3%82%A3%E3%83%83%E3%83%81" n1="%E5%B0%B1%E6%B4%BB%E7%94%9F%40%E5%B7%9D%E6%9D%91%E8%BB%8D%E5%9B%A3" n2="%E5%85%88%E2%99%80%E7%94%9F" n3="%E3%81%86%E3%81%A9%E3%82%93%E5%B1%8B" dan="16,16,16,17" rate="2091.22,2140.35,2099.98,2143.50" sx="F,M,F,M"/><TAIKYOKU oya="0"/><INIT seed="0,0,0,0,3,104" ten="250,250,250,250" oya="0" hai0="114,13,25,52,69,73,106,85,119,87,38,95,76" hai1="11,110,89,23,19,58,78,102,99,32,60,125,115" hai2="123,42,98,67,10,94,12,39,33,72,120,129,90" hai3="117,0,8,28,88,34,53,132,35,18,29,3,103"/><T36/><D106/><U118/><E32/><N who="3" m="12330" /><G88/><T66/><D114/><U46/><E118/><V50/><F39/><W71/><G53/><T134/><D119/><U109/><E115/><V17/><F33/><W20/><G103/><T61/><D134/><U4/><E125/><V57/><F72/><W45/><G45/><T44/><D25/><U113/><E78/><V108/><F42/><W30/><G71/><T121/><D121/><U14/><E89/><V82/><F120/><W130/><G117/><T1/><D13/><U84/><E84/><V81/><F123/><W70/><G70/><T131/><D131/><U97/><E46/><V56/><F129/><W51/><G51/><T55/><D1/><N who="3" m="585" /><G130/><T107/><D107/><U9/><E113/><V127/><F50/><W133/><G8/><T126/><D38/><U40/><E40/><V68/><F68/><W2/><G2/><T80/><D36/><U62/><E62/><N who="2" m="38343" /><F57/><W79/><G79/><T15/><D44/><U65/><E99/><V31/><F82/><W41/><G41/><T54/><D95/><N who="1" m="58687" /><E11/><V6/><F81/><W92/><G92/><T47/><D47/><U124/><E124/><V111/><F127/><W96/><G96/><T59/><D126/><U24/><E4/><V74/><F6/><W63/><G63/><T26/><D69/><U86/><E86/><V75/><F75/><W128/><G128/><T101/><D101/><U22/><E9/><V37/><F74/><W93/><G93/><T91/><D91/><U43/><E43/><V122/><F37/><W112/><G112/><T100/><D73/><RYUUKYOKU ba="0,0" sc="250,-15,250,15,250,-15,250,15" hai1="14,19,22,23,24,58,60,65,109,110" hai3="18,20,28,29,30,132,133" /><INIT seed="1,1,0,1,1,13" ten="235,265,235,265" oya="1" hai0="10,83,58,63,87,118,67,110,12,101,123,43,124" hai1="15,113,56,50,59,78,25,74,119,135,73,0,55" hai2="92,85,26,27,16,17,96,14,100,77,51,93,7" hai3="18,109,130,76,6,90,128,106,117,115,71,91,19"/><U24/><E119/><V70/><F70/><W126/><G115/><T116/><D110/><U112/><E0/><V37/><F37/><W88/><G109/><T53/><D124/><U61/><E135/><V5/><F51/><W54/><G126/><T107/><D43/><U120/><E120/><V33/><F33/><W4/><G117/><T84/><D123/><U133/><E133/><V114/><F114/><W30/><G106/><T98/><D67/><U29/><E15/><V47/><F47/><W64/><G76/><T20/><D20/><U21/><E25/><N who="2" m="9227" /><F14/><W103/><G103/><T1/><D1/><U66/><REACH who="1" step="1"/><E74/><REACH who="1" ten="235,255,235,265" step="2"/><V97/><F5/><W52/><G30/><T95/><D116/><U3/><E3/><V34/><F7/><W31/><G31/><T122/><D118/><U23/><E23/><V80/><F34/><W105/><G4/><T81/><D122/><U127/><E127/><V28/><F28/><W72/><G6/><T41/><D12/><U36/><E36/><V11/><F11/><W79/><G72/><T108/><D10/><U68/><E68/><V32/><F32/><W9/><G9/><T121/><D108/><U2/><E2/><V39/><F39/><W94/><G71/><T46/><D121/><U62/><E62/><V38/><F38/><W44/><G18/><T40/><D63/><U99/><E99/><V102/><AGARI ba="1,1" hai="16,17,77,80,85,92,93,96,97,100,102" m="9227" machi="102" ten="30,7900,0" yaku="8,1,52,2,54,1" doraHai="13" who="2" fromWho="2" sc="235,-21,255,-40,235,92,265,-21" /><INIT seed="2,0,0,3,1,127" ten="214,215,327,244" oya="2" hai0="74,7,121,13,18,59,36,41,98,87,82,17,29" hai1="124,53,46,28,118,47,97,101,43,35,44,45,79" hai2="25,37,132,65,106,30,94,108,120,58,91,16,102" hai3="38,112,22,85,0,4,81,27,133,134,42,131,119"/><V52/><F120/><W23/><G119/><T75/><D121/><U39/><E124/><V115/><F115/><W129/><G112/><T2/><D2/><U12/><E118/><V83/><F37/><W69/><G69/><T3/><D3/><U104/><E79/><V86/><F132/><N who="3" m="50795" /><G42/><T107/><D29/><U122/><E122/><V55/><F106/><W99/><G38/><T61/><D7/><U114/><E114/><V31/><F108/><W113/><G113/><T128/><D18/><U72/><E72/><V117/><F117/><W32/><G32/><T26/><D26/><U135/><E135/><V15/><F65/><W40/><G40/><T111/><D111/><U67/><E67/><V10/><F25/><W90/><G99/><T105/><D105/><U9/><E28/><N who="2" m="10795" /><F58/><W34/><G34/><T89/><D128/><N who="3" m="49225" /><G27/><T68/><D68/><U14/><E35/><V103/><F103/><W48/><G48/><T24/><D24/><U126/><E126/><V93/><F102/><W5/><G0/><T95/><D36/><U73/><E39/><V50/><F50/><W84/><G85/><T116/><D116/><U88/><E43/><V57/><F57/><W77/><G77/><N who="0" m="46543" /><D41/><U64/><E73/><V110/><F110/><W56/><G56/><T109/><D109/><U78/><E78/><V71/><F71/><W80/><G80/><T92/><D75/><U19/><E12/><V62/><F83/><W63/><G63/><T66/><D74/><U11/><N who="1" m="11776" /><DORA hai="100" /><U49/><E104/><V130/><F62/><W20/><AGARI ba="0,0" hai="4,5,20,22,23,81,84,90" m="49225,50795" machi="20" ten="40,8000,1" yaku="20,1,19,1,52,3" doraHai="127,100" who="3" fromWho="3" sc="214,-20,215,-20,327,-40,244,80" /><INIT seed="3,0,0,0,1,20" ten="194,195,287,324" oya="3" hai0="89,59,70,65,134,116,14,127,135,68,75,16,121" hai1="1,19,66,133,42,13,45,130,2,51,25,112,77" hai2="35,125,80,79,44,82,5,61,132,117,93,9,11" hai3="102,72,6,115,126,74,39,37,92,100,128,81,52"/><W47/><G115/><T98/><D116/><U56/><E130/><V53/><F117/><W96/><G6/><T10/><D121/><U30/><E112/><V124/><F35/><W27/><G128/><T57/><D75/><U24/><E133/><N who="0" m="50697" /><D127/><U99/><E2/><V12/><F132/><W54/><G92/><N who="0" m="56591" /><D65/><U103/><E1/><V34/><F34/><W38/><G47/><T123/><D123/><U41/><E41/><V111/><F11/><W67/><G81/><T49/><D49/><U3/><E3/><V32/><F32/><W88/><G96/><T29/><D29/><U62/><E77/><V40/><F82/><W105/><G67/><T114/><D114/><U86/><E86/><V83/><F83/><W31/><G31/><T69/><AGARI ba="0,0" hai="10,14,16,57,59,68,69,70" m="56591,50697" machi="69" ten="40,2700,0" yaku="20,1,54,1" doraHai="20" who="0" fromWho="0" sc="194,27,195,-7,287,-7,324,-13" owari="221,-18.0,188,-31.0,280,8.0,311,41.0" /></mjloggm>