<mjloggm ver="2.3"><GO type="97" lobby="0"/><UN n0="%E7%A7%8B%E5%8F%B6%E6%9C%AA%E5%A4%AE" n1="%68%61%6E%69%74%61%6B%61" n2="%E5%B0%B1%E6%B4%BB%E7%94%9F%40%E5%B7%9D%E6%9D%91%E8%BB%8D%E5%9B%A3" n3="%6D%6F%62%69%75%73%31%E2%88%9E" dan="14,14,14,14" rate="1938.34,1929.25,1958.28,1903.08" sx="F,M,M,M"/><TAIKYOKU oya="0"/><INIT seed="0,0,0,1,1,114" ten="250,250,250,250" oya="0" hai0="76,54,31,79,115,59,15,49,16,89,18,135,83" hai1="85,23,55,122,12,37,67,96,17,77,82,63,38" hai2="11,116,80,125,95,111,7,105,62,1,14,33,97" hai3="129,65,93,64,10,124,71,94,106,131,5,6,28"/><T0/><D115/><U104/><E122/><V40/><F105/><W112/><G106/><T19/><D0/><U39/><E55/><V61/><F33/><W101/><G112/><T98/><D135/><U113/><E113/><V66/><F111/><W110/><G110/><T26/><D15/><U56/><E104/><V126/><F40/><W100/><G28/><T35/><REACH who="0" step="1"/><D83/><REACH who="0" ten="240,250,250,250" step="2"/><U102/><REACH who="1" step="1"/><E38/><REACH who="1" ten="240,240,250,250" step="2"/><V74/><F125/><W103/><G124/><T134/><D134/><U22/><E22/><V47/><F126/><W3/><G10/><T46/><D46/><U30/><E30/><V72/><F47/><W69/><G131/><T2/><D2/><U91/><E91/><V57/><F80/><W20/><G3/><T51/><D51/><U87/><E87/><V73/><F62/><W107/><G20/><T133/><D133/><U118/><E118/><V43/><F73/><W25/><G129/><T130/><D130/><U90/><E90/><V121/><F74/><W75/><G75/><T21/><D21/><U92/><AGARI ba="0,2" hai="12,17,23,37,39,56,63,67,77,82,85,92,96,102" machi="92" ten="20,2700,0" yaku="1,1,0,1,7,1,53,0" doraHai="114" doraHaiUra="32" who="1" fromWho="1" sc="240,-13,240,47,250,-7,250,-7" /><INIT seed="1,0,0,0,0,37" ten="227,287,243,243" oya="1" hai0="29,10,98,100,124,40,66,15,17,122,9,119,23" hai1="65,44,104,115,39,99,26,70,16,78,82,103,123" hai2="97,51,73,6,34,58,107,109,8,102,110,21,114" hai3="2,28,76,50,42,127,113,64,59,62,20,30,48"/><U133/><E115/><V132/><F73/><W120/><G2/><T67/><D119/><U85/><E123/><V53/><F34/><W31/><G120/><T74/><D122/><U11/><E133/><V84/><F114/><W41/><G113/><T4/><D74/><U83/><E65/><V131/><F131/><W52/><G127/><T27/><D124/><U75/><E70/><V1/><F132/><W95/><G76/><T71/><D71/><U60/><E60/><V129/><F129/><W108/><G108/><T32/><D10/><U125/><E125/><V86/><REACH who="2" step="1"/><F21/><REACH who="2" ten="227,287,233,243" step="2"/><W79/><G20/><T111/><D111/><AGARI ba="0,1" hai="1,6,8,51,53,58,84,86,97,102,107,109,110,111" machi="111" ten="40,5200,0" yaku="1,1,2,1,14,1,53,0" doraHai="37" doraHaiUra="105" who="2" fromWho="0" sc="227,-52,287,0,233,62,243,0" /><INIT seed="2,0,0,0,3,95" ten="175,287,295,243" oya="2" hai0="17,103,99,2,36,119,93,56,7,62,37,82,115" hai1="106,0,76,9,80,132,64,42,117,94,68,32,83" hai2="33,27,4,45,86,67,31,60,25,10,110,22,18" hai3="6,50,40,11,63,81,111,77,96,52,5,47,3"/><V69/><F110/><W24/><G111/><T75/><D119/><U13/><E106/><V23/><F45/><W70/><G6/><T55/><D115/><U53/><E117/><V85/><REACH who="2" step="1"/><F33/><REACH who="2" ten="175,287,285,243" step="2"/><W21/><G47/><T74/><D17/><U104/><E32/><V46/><F46/><W105/><G40/><T14/><D2/><AGARI ba="0,1" hai="2,4,10,18,22,23,25,27,31,60,67,69,85,86" machi="2" ten="30,2900,0" yaku="1,1,7,1,53,0" doraHai="95" doraHaiUra="125" who="2" fromWho="0" sc="175,-29,287,0,285,39,243,0" /><INIT seed="2,1,0,5,1,28" ten="146,287,324,243" oya="2" hai0="82,29,72,57,87,134,132,123,66,71,55,34,25" hai1="117,49,84,107,119,21,73,50,114,6,13,17,63" hai2="31,70,8,67,98,113,129,36,35,121,86,74,54" hai3="100,94,3,130,125,11,2,96,64,44,1,135,58"/><V108/><F129/><W4/><G130/><T103/><D123/><U16/><E73/><V38/><F113/><W41/><G125/><T47/><D72/><U40/><E114/><V23/><F121/><W39/><G135/><T80/><D103/><U75/><E75/><V102/><F74/><W56/><G64/><T14/><D14/><U46/><E107/><V19/><F108/><W62/><G58/><T118/><D118/><U0/><E117/><V120/><F8/><W115/><G115/><T18/><D18/><U30/><E119/><V68/><F120/><W59/><G59/><T133/><D47/><U78/><E63/><N who="2" m="40063" /><F86/><W22/><G22/><T127/><D127/><U61/><E61/><V24/><F54/><W42/><G42/><T9/><D9/><N who="1" m="4279" /><E0/><V85/><F85/><W12/><G3/><T92/><D66/><U126/><E126/><V69/><F69/><W109/><G109/><T93/><D71/><U89/><E78/><V131/><F131/><W110/><G110/><T88/><REACH who="0" step="1"/><D93/><REACH who="0" ten="136,287,324,243" step="2"/><N who="1" m="54439" /><E50/><AGARI ba="1,1" hai="25,29,34,50,55,57,80,82,87,88,92,132,133,134" machi="50" ten="40,8000,1" yaku="1,1,20,1,52,1,54,1,53,1" doraHai="28" doraHaiUra="27" who="0" fromWho="1" sc="136,93,287,-83,324,0,243,0" /><INIT seed="3,0,0,4,5,71" ten="229,204,324,243" oya="3" hai0="12,90,16,62,80,23,83,67,50,117,33,111,25" hai1="96,119,35,89,27,13,34,63,122,39,88,48,28" hai2="76,72,36,135,29,26,109,68,114,2,41,9,106" hai3="1,93,108,81,66,121,14,44,73,20,38,24,51"/><W18/><G1/><T37/><D117/><U134/><E122/><V15/><F106/><W75/><G121/><T40/><D111/><U19/><E134/><V47/><F114/><W103/><G66/><T94/><D50/><U84/><E119/><V31/><F135/><W6/><G38/><T112/><D112/><U123/><E123/><V22/><F68/><W69/><G69/><T125/><D125/><U5/><E5/><N who="2" m="1207" /><F15/><W105/><G105/><T53/><D53/><U3/><E3/><V10/><F10/><W65/><G65/><T61/><D61/><U130/><E130/><V126/><F126/><W110/><G81/><T49/><D49/><U133/><E133/><V82/><F109/><N who="3" m="42091" /><G6/><T128/><D128/><U70/><E48/><V99/><F99/><N who="3" m="59887" /><G24/><T0/><D0/><U85/><E96/><V43/><F43/><AGARI ba="0,0" hai="14,18,20,43,44,51,73,75" m="59887,42091" machi="43" ten="30,2900,0" yaku="14,1,10,1" doraHai="71" who="3" fromWho="2" sc="229,0,204,0,324,-29,243,29" /><INIT seed="3,1,0,3,2,71" ten="229,204,295,272" oya="3" hai0="52,105,112,29,64,17,49,129,2,42,83,75,130" hai1="127,110,13,79,109,113,98,84,107,37,135,132,22" hai2="106,77,7,81,68,51,120,116,121,20,67,103,12" hai3="90,14,26,36,63,69,117,50,104,59,40,72,56"/><W60/><G72/><T99/><D112/><U122/><E13/><V114/><F116/><W9/><G104/><T35/><D2/><U87/><E22/><V70/><F114/><W96/><G69/><T31/><D64/><U44/><E113/><V126/><F126/><W95/><G36/><T45/><D35/><U16/><E16/><N who="2" m="10247" /><F67/><W30/><G117/><T28/><D17/><U124/><E37/><V19/><F7/><W80/><G80/><T131/><D105/><U34/><E34/><V5/><F5/><N who="3" m="3375" /><G26/><T58/><D99/><U94/><E44/><V33/><F33/><W73/><G73/><T101/><D101/><U128/><E107/><V76/><F76/><W11/><G11/><T55/><REACH who="0" step="1"/><D58/><REACH who="0" ten="219,204,295,272" step="2"/><N who="3" m="22057" /><G30/><T43/><D43/><U61/><E122/><N who="2" m="47211" /><F19/><W89/><G40/><T108/><D108/><N who="1" m="41579" /><E61/><V115/><F115/><W41/><G60/><T6/><D6/><U10/><E10/><V100/><F106/><W102/><G63/><T92/><D92/><U82/><E128/><V53/><F70/><W57/><G57/><T15/><D15/><U85/><E98/><V119/><F68/><W86/><G41/><T78/><AGARI ba="1,1" hai="28,29,31,42,45,49,52,55,75,78,83,129,130,131" machi="78" ten="40,8000,1" yaku="1,1,0,1,19,1,54,1,53,0" doraHai="71" doraHaiUra="32" who="0" fromWho="0" sc="219,93,204,-21,295,-21,272,-41" owari="312,42.0,183,-32.0,274,7.0,231,-17.0" /></mjloggm>