<mjloggm ver="2.3"><GO type="97" lobby="0"/><UN n0="%67%61%72%75%63%69%61" n1="%E5%B0%B1%E6%B4%BB%E7%94%9F%40%E5%B7%9D%E6%9D%91%E8%BB%8D%E5%9B%A3" n2="%E9%9B%B6%E5%BA%A6" n3="%E3%83%A4%E3%82%AF%E3%83%8A%E3%82%B7%E3%83%81%E3%83%A7%E3%83%B3%E3%83%9C" dan="15,15,13,14" rate="2017.16,1956.99,1835.09,2037.49" sx="M,M,M,F"/><TAIKYOKU oya="0"/><INIT seed="0,0,0,3,2,124" ten="250,250,250,250" oya="0" hai0="121,112,28,2,120,54,53,123,6,70,114,126,119" hai1="66,87,134,95,99,24,69,77,16,55,30,85,74" hai2="52,113,76,107,29,15,56,127,93,100,61,3,130" hai3="17,32,21,81,14,27,4,19,35,71,94,101,31"/><T58/><D28/><U50/><E134/><V116/><F113/><N who="0" m="43626" /><D6/><U9/><E74/><V92/><F116/><W115/><G71/><T132/><D2/><U43/><E43/><V37/><F127/><W23/><G115/><T125/><D119/><U60/><E77/><V0/><F37/><W97/><G81/><T117/><D117/><U98/><E98/><V90/><F76/><W1/><G94/><T38/><D70/><U62/><E62/><V5/><F29/><N who="3" m="19519" /><G97/><T128/><D132/><U106/><E106/><V73/><F73/><W49/><G49/><N who="0" m="31023" /><D38/><U104/><E104/><V22/><F107/><W110/><G101/><T63/><D128/><U59/><E16/><N who="3" m="6218" /><G110/><T64/><D64/><U82/><E9/><V47/><F100/><W72/><G72/><T131/><D131/><U91/><REACH who="1" step="1"/><E82/><REACH who="1" ten="250,240,250,250" step="2"/><V68/><F130/><W36/><G36/><T108/><D108/><U75/><E75/><V48/><F93/><W67/><G67/><T11/><D11/><U118/><E118/><V79/><F79/><W109/><G109/><T96/><D96/><U13/><E13/><V102/><F102/><W103/><G103/><T129/><D129/><U65/><E65/><V122/><F68/><W10/><G1/><T40/><D40/><U78/><E78/><V80/><F80/><W33/><G33/><AGARI ba="0,1" hai="24,30,33,50,55,59,60,66,69,85,87,91,95,99" machi="33" ten="30,2000,0" yaku="1,1,7,1,53,0" doraHai="124" doraHaiUra="41" who="1" fromWho="3" sc="250,0,240,30,250,0,250,-20" /><INIT seed="1,0,0,0,4,2" ten="250,270,250,230" oya="1" hai0="110,63,29,126,106,102,48,65,61,104,53,44,14" hai1="69,4,105,83,129,81,21,3,30,8,54,39,17" hai2="131,6,116,45,12,52,114,74,115,93,46,18,80" hai3="127,38,56,35,90,16,89,66,75,22,96,123,97"/><U34/><E105/><V42/><F116/><W72/><G123/><T50/><D126/><U9/><E69/><V77/><F131/><W103/><G38/><T49/><D110/><U24/><E39/><V76/><F76/><W79/><G35/><T1/><D1/><U99/><E129/><V132/><F132/><W55/><G127/><T122/><D122/><U101/><E9/><V0/><F93/><W112/><G112/><N who="2" m="43049" /><F0/><W37/><G37/><T59/><D29/><U78/><E78/><V135/><F135/><W68/><G68/><T120/><D120/><U19/><E19/><V27/><F27/><W119/><G66/><T86/><D86/><U11/><E11/><N who="2" m="4215" /><F18/><W62/><G119/><T82/><D82/><U133/><E133/><V111/><F111/><W13/><G97/><T10/><D106/><U128/><E128/><V100/><F100/><W73/><REACH who="3" step="1"/><G79/><REACH who="3" ten="250,270,250,220" step="2"/><T32/><D32/><U70/><E70/><V134/><F134/><W94/><AGARI ba="0,1" hai="13,16,22,55,56,62,72,73,75,89,90,94,96,103" machi="94" ten="30,7900,0" yaku="1,1,2,1,0,1,54,1,53,0" doraHai="2" doraHaiUra="23" who="3" fromWho="3" sc="250,-20,270,-39,250,-20,220,89" /><INIT seed="2,0,0,4,3,1" ten="230,231,230,309" oya="2" hai0="7,102,27,107,104,93,24,113,31,99,83,2,13" hai1="36,79,69,29,56,4,86,25,68,109,37,101,61" hai2="97,87,57,82,103,91,96,50,78,10,98,129,48" hai3="131,43,51,47,40,67,34,111,63,23,119,126,70"/><V115/><F129/><W20/><G34/><T21/><D113/><U35/><E101/><V39/><F39/><W130/><G119/><T30/><D2/><U44/><E109/><V0/><F115/><W46/><G111/><T94/><D107/><U108/><E108/><V100/><F78/><W110/><G110/><T5/><D13/><U125/><E125/><V133/><F133/><W76/><G76/><T121/><D121/><U132/><E132/><V16/><F57/><W22/><REACH who="3" step="1"/><G126/><REACH who="3" ten="230,231,230,299" step="2"/><T8/><D8/><U26/><E79/><V123/><F123/><W18/><G18/><T66/><D66/><U53/><E35/><V12/><REACH who="2" step="1"/><F0/><REACH who="2" ten="230,231,220,299" step="2"/><W62/><G62/><T95/><REACH who="0" step="1"/><D83/><REACH who="0" ten="220,231,220,299" step="2"/><U116/><E116/><V92/><F92/><W114/><G114/><T52/><D52/><U11/><E53/><V73/><F73/><W112/><G112/><T74/><D74/><U54/><E54/><V71/><F71/><W49/><AGARI ba="0,3" hai="20,22,23,40,43,46,47,49,51,63,67,70,130,131" machi="49" ten="30,4000,0" yaku="1,1,0,1,9,1,53,0" doraHai="1" doraHaiUra="3" who="3" fromWho="3" sc="220,-10,231,-10,220,-20,299,70" /><INIT seed="3,0,0,3,2,89" ten="210,221,200,369" oya="3" hai0="34,63,127,0,86,17,15,74,121,16,26,96,94" hai1="122,120,68,51,58,123,55,134,103,125,126,78,50" hai2="85,43,25,45,29,133,59,109,116,130,114,73,65" hai3="35,64,93,49,38,30,118,33,39,104,3,27,80"/><W6/><G49/><T97/><D74/><U112/><E112/><V1/><F114/><W106/><G80/><T135/><D121/><U10/><E134/><V22/><F133/><W47/><G47/><T87/><D0/><U4/><E68/><V40/><F116/><W107/><G64/><T8/><D135/><U101/><E51/><N who="2" m="27047" /><F130/><W71/><G71/><T11/><D127/><N who="1" m="48651" /><E78/><V128/><F128/><W83/><G83/><T7/><D97/><U77/><E77/><V131/><F131/><W54/><G54/><T82/><D34/><U42/><E42/><V99/><F109/><W18/><G18/><N who="0" m="7275" /><D26/><U37/><E37/><V12/><F73/><W88/><G35/><T53/><D11/><U113/><E113/><V57/><F1/><AGARI ba="0,0" hai="1,4,10,50,55,58,101,103,120,122,123" m="48651" machi="1" ten="40,1300,0" yaku="18,1" doraHai="89" who="1" fromWho="2" sc="210,0,221,13,200,-13,369,0" owari="210,-19.0,234,3.0,187,-31.0,369,47.0" /></mjloggm>