<mjloggm ver="2.3"><GO type="169" lobby="0"/><UN n0="%74%61%6B%65%74%6F%6D%69" n1="%E3%82%A6%E3%83%AB%E3%83%88%E3%83%A9%E7%AB%8B%E7%9B%B4" n2="%E3%81%8A%E3%81%98%E3%81%95%E3%82%93" n3="%E5%86%A5%E5%9C%9F%E3%81%AE%E3%83%AF%E3%83%8B%E8%94%B5" dan="16,18,18,16" rate="2106.03,2213.98,2247.75,2082.41" sx="M,M,M,M"/><TAIKYOKU oya="0"/><INIT seed="0,0,0,0,3,36" ten="250,250,250,250" oya="0" hai0="11,56,115,80,49,132,111,18,38,12,118,60,77" hai1="84,28,126,130,96,112,30,93,19,34,128,41,10" hai2="82,22,31,98,24,89,66,69,54,86,43,135,13" hai3="75,104,51,85,113,52,14,23,134,2,92,37,6"/><T87/><D38/><U47/><E126/><V39/><F135/><W91/><G104/><T119/><D132/><U29/><E84/><V27/><F54/><W55/><G113/><T76/><D115/><U110/><E110/><V33/><F13/><W15/><G75/><T35/><D35/><U65/><E65/><V25/><F25/><W8/><G37/><T21/><D77/><U90/><E112/><V68/><F66/><W74/><G74/><T129/><D129/><U109/><E109/><V62/><F62/><W3/><G134/><T57/><D111/><U5/><E19/><V125/><F125/><W40/><G3/><T59/><D21/><U70/><E70/><V127/><F127/><W53/><REACH who="3" step="1"/><G23/><REACH who="3" ten="250,250,250,240" step="2"/><T81/><D60/><U101/><E34/><V131/><F33/><W20/><G20/><T17/><D80/><U4/><E128/><V116/><F131/><W83/><G83/><T7/><REACH who="0" step="1"/><D49/><REACH who="0" ten="240,250,250,240" step="2"/><N who="1" m="26863" /><E130/><V67/><F39/><W102/><G102/><T9/><D9/><U108/><E108/><V16/><F82/><W45/><AGARI ba="0,2" hai="2,6,8,14,15,40,45,51,52,53,55,85,91,92" machi="45" ten="30,7900,0" yaku="1,1,0,1,52,1,54,1,53,0" doraHai="36" doraHaiUra="107" who="3" fromWho="3" sc="240,-39,250,-20,250,-20,240,99" /><INIT seed="1,0,0,1,1,17" ten="201,230,230,339" oya="1" hai0="121,8,71,5,34,57,51,106,2,78,131,23,88" hai1="22,130,56,0,98,114,76,96,26,27,115,60,10" hai2="63,66,100,135,122,9,68,29,117,14,109,134,107" hai3="50,110,43,64,128,87,36,31,133,21,12,70,79"/><U95/><E130/><V118/><F122/><W126/><G36/><T62/><D34/><U19/><E76/><V108/><F29/><W82/><G110/><N who="2" m="42601" /><F100/><W86/><G126/><T67/><D106/><U41/><E41/><V77/><F77/><W16/><G133/><N who="2" m="50697" /><F107/><W111/><G111/><T119/><D131/><U59/><E59/><V52/><F14/><W4/><G31/><T42/><D78/><U94/><E27/><V113/><F9/><W90/><G4/><T101/><D101/><U38/><E38/><V20/><F20/><W37/><G37/><T104/><D104/><U58/><E56/><N who="2" m="35207" /><F113/><W91/><G21/><T3/><D121/><U93/><E0/><V65/><F68/><W47/><G70/><T55/><D23/><U124/><E10/><V81/><F81/><W105/><G82/><T15/><D119/><AGARI ba="0,0" hai="65,66,117,118,119" m="35207,50697,42601" machi="119" ten="40,8000,1" yaku="14,1,20,1,34,2,54,1" doraHai="17" who="2" fromWho="0" sc="201,-80,230,0,230,80,339,0" /><INIT seed="2,0,0,4,2,1" ten="121,230,310,339" oya="2" hai0="67,54,14,93,108,30,132,57,115,62,31,52,87" hai1="95,26,23,19,86,43,63,129,28,126,49,133,78" hai2="61,58,59,0,35,101,92,39,42,48,123,99,32" hai3="131,116,55,74,80,119,44,96,38,120,128,4,109"/><V27/><F123/><W104/><G109/><T9/><D108/><U10/><E126/><V47/><F0/><W127/><G120/><T75/><D75/><U70/><E129/><N who="3" m="49738" /><G55/><T41/><D41/><U8/><E133/><V18/><F39/><W36/><G4/><T56/><D132/><U71/><E70/><V105/><F59/><W2/><G2/><T13/><D13/><U118/><E118/><N who="3" m="45098" /><G44/><T81/><D93/><U98/><E71/><V50/><F50/><W113/><G127/><T65/><D65/><U33/><E63/><V5/><F5/><W25/><G25/><T53/><D57/><U22/><E33/><V11/><F105/><W51/><G51/><T135/><D115/><U21/><E49/><V91/><F101/><N who="3" m="62503" /><G113/><T82/><D135/><U89/><E43/><V45/><F45/><W112/><G112/><T77/><REACH who="0" step="1"/><D82/><REACH who="0" ten="111,230,310,339" step="2"/><N who="1" m="47447" /><E8/><V83/><F83/><W102/><G74/><T103/><D103/><U111/><E111/><V88/><F11/><W110/><G110/><T16/><AGARI ba="0,1" hai="9,14,16,30,31,52,53,54,56,62,67,77,81,87" machi="16" ten="30,8000,1" yaku="1,1,0,1,8,1,54,2,53,0" doraHai="1" doraHaiUra="34" who="0" fromWho="0" sc="111,90,230,-20,310,-40,339,-20" /><INIT seed="3,0,0,4,2,135" ten="201,210,270,319" oya="3" hai0="80,0,55,109,39,102,10,60,24,124,4,11,91" hai1="52,85,67,1,8,36,134,127,133,79,99,33,17" hai2="97,87,22,104,7,94,103,113,115,50,20,35,13" hai3="31,3,78,123,84,101,29,95,72,96,42,107,116"/><W49/><G3/><T26/><D39/><U48/><E36/><V117/><F35/><W81/><G116/><T108/><D102/><U59/><E33/><V9/><F117/><W45/><REACH who="3" step="1"/><G123/><REACH who="3" ten="201,210,270,309" step="2"/><T61/><D0/><U110/><E1/><V27/><F115/><W86/><G86/><T83/><D4/><U122/><E85/><V62/><F113/><W82/><G82/><T53/><REACH who="0" step="1"/><D91/><AGARI ba="0,1" hai="29,31,42,45,49,72,78,81,84,91,95,96,101,107" machi="91" ten="40,12000,1" yaku="1,1,24,2,53,1" doraHai="135" doraHaiUra="92" who="3" fromWho="0" sc="201,-120,210,0,270,0,309,130" /><INIT seed="3,1,0,4,1,53" ten="81,210,270,439" oya="3" hai0="9,55,13,63,67,11,44,38,61,101,5,109,76" hai1="79,121,98,89,90,124,43,22,99,15,19,119,4" hai2="62,12,1,10,113,96,81,85,40,116,39,29,111" hai3="127,49,34,71,114,75,106,117,25,2,88,112,107"/><W102/><G75/><T115/><D115/><U87/><E121/><V56/><F113/><W129/><G71/><T26/><D109/><U24/><E124/><V70/><F116/><W84/><G117/><T68/><D101/><U103/><E43/><V69/><F1/><W46/><G2/><T60/><D76/><U123/><E123/><V27/><F96/><N who="1" m="36905" /><E103/><V8/><F40/><W80/><G127/><T66/><D26/><U7/><E119/><V52/><F39/><W130/><G102/><T73/><D73/><U65/><E65/><V125/><F111/><W17/><G107/><T134/><D134/><U100/><E100/><V33/><F125/><W59/><G106/><T58/><D38/><U83/><E15/><V14/><F8/><W37/><G37/><T6/><D44/><U18/><E19/><V28/><F28/><N who="3" m="19727" /><G17/><T51/><REACH who="0" step="1"/><D67/><REACH who="0" ten="71,210,270,439" step="2"/><U48/><E79/><V72/><F72/><W86/><G46/><T92/><D92/><U16/><E90/><V118/><F118/><W3/><G88/><T135/><D135/><U50/><E24/><V77/><REACH who="2" step="1"/><F14/><AGARI ba="1,1" hai="5,6,9,11,13,14,51,55,58,60,61,63,66,68" machi="14" ten="30,7700,0" yaku="1,1,7,1,9,1,52,1,53,0" doraHai="53" doraHaiUra="82" who="0" fromWho="2" sc="71,90,210,0,270,-80,439,0" /><INIT seed="4,0,0,4,5,119" ten="161,210,190,439" oya="0" hai0="33,5,91,19,42,15,88,45,25,46,26,100,84" hai1="39,89,9,40,63,68,131,70,56,67,103,110,1" hai2="22,60,34,30,73,29,7,97,82,96,64,111,85" hai3="50,113,135,123,72,106,98,53,49,79,4,18,27"/><T21/><D100/><U12/><E1/><V124/><F73/><W74/><G4/><T130/><D130/><U59/><E110/><V93/><F111/><W41/><G41/><T81/><D33/><U108/><E108/><V128/><F124/><W47/><G79/><T104/><D104/><U118/><E118/><V17/><F128/><W2/><G2/><T69/><D69/><U24/><E103/><V121/><F121/><W11/><G98/><N who="2" m="37993" /><F34/><W115/><G106/><T132/><D132/><U120/><E89/><N who="2" m="51383" /><F7/><W94/><G94/><T78/><D45/><N who="1" m="23711" /><E12/><N who="2" m="9511" /><F93/><W0/><G0/><T101/><D101/><U62/><E9/><V105/><F105/><W55/><G11/><T57/><D57/><AGARI ba="0,0" hai="29,30,57,60,64" m="9511,51383,37993" machi="57" ten="30,1000,0" yaku="8,1" doraHai="119" who="2" fromWho="0" sc="161,-10,210,0,190,10,439,0" /><INIT seed="5,0,0,1,3,2" ten="151,210,200,439" oya="1" hai0="25,34,78,92,3,44,109,7,16,93,65,98,134" hai1="94,56,126,75,42,112,43,85,23,14,108,87,81" hai2="106,89,127,19,60,91,35,29,68,79,128,36,53" hai3="69,113,41,72,24,45,9,71,26,59,82,52,66"/><U64/><E75/><V124/><F128/><W20/><G26/><T49/><D109/><U18/><E112/><V77/><F36/><W104/><G104/><T58/><D134/><U97/><E126/><N who="2" m="48171" /><F106/><W8/><G82/><T88/><D78/><N who="2" m="29706" /><F19/><W10/><G72/><T17/><D92/><U120/><E120/><V0/><F0/><W57/><G57/><T51/><D34/><U33/><E33/><V62/><F53/><W116/><G116/><T32/><D32/><U63/><E108/><V133/><F133/><W135/><G66/><T70/><D70/><U99/><E99/><V74/><F74/><W130/><G130/><T122/><D122/><U121/><E121/><V118/><F118/><W95/><G71/><T101/><D101/><N who="1" m="60599" /><E87/><V67/><F62/><W110/><G110/><T117/><D117/><U28/><E28/><V15/><F15/><W83/><G69/><T96/><D96/><U38/><E38/><V131/><F131/><W11/><G113/><T102/><D102/><U4/><E4/><V55/><F55/><W105/><G52/><T76/><D76/><AGARI ba="0,0" hai="14,18,23,42,43,56,63,64,76,81,85" m="60599" machi="76" ten="30,1500,0" yaku="8,1" doraHai="2" who="1" fromWho="0" sc="151,-15,210,15,200,0,439,0" /><INIT seed="5,1,0,0,1,12" ten="136,225,200,439" oya="1" hai0="107,83,92,109,45,103,36,84,126,66,58,77,104" hai1="131,47,129,46,18,123,91,112,27,75,57,65,85" hai2="86,82,35,21,14,15,80,95,19,38,108,39,13" hai3="33,125,51,44,59,102,53,93,56,133,42,73,111"/><U2/><E2/><V8/><F108/><W105/><G105/><T4/><D109/><U134/><E75/><V52/><F35/><W55/><G73/><T34/><D34/><U79/><E79/><V98/><F38/><W122/><G122/><T1/><D126/><U127/><E123/><V101/><F39/><W5/><G33/><T121/><D121/><U61/><E112/><V31/><F31/><W78/><G78/><T22/><D66/><U115/><E115/><V94/><F94/><W68/><G5/><T54/><D1/><U117/><E117/><V113/><F113/><W62/><G93/><T116/><D4/><U114/><E114/><V60/><F86/><W120/><G102/><T40/><D116/><U7/><E7/><N who="2" m="3231" /><F14/><W130/><G68/><T87/><D22/><N who="1" m="13783" /><E134/><V6/><F6/><W23/><G23/><T20/><D20/><U30/><E30/><V124/><F124/><W132/><G125/><T16/><D107/><U118/><E118/><V135/><F135/><W11/><G120/><T17/><D104/><U76/><E76/><V96/><F96/><W106/><G106/><T64/><D64/><U99/><E99/><V72/><F72/><W90/><G111/><T110/><D110/><U81/><E127/><V74/><F74/><W49/><G132/><T9/><D9/><U32/><E32/><V100/><F100/><W10/><G11/><T24/><D24/><U70/><E70/><V119/><F119/><W43/><G10/><T25/><D25/><U3/><E3/><V88/><F101/><W26/><G26/><T97/><D87/><RYUUKYOKU ba="1,0" sc="136,10,225,10,200,10,439,-30" hai0="16,17,36,40,45,54,58,77,83,84,92,97,103" hai1="46,47,57,61,65,81,85,91,129,131" hai2="15,19,21,52,60,80,82,88,95,98" /><INIT seed="5,2,0,1,3,131" ten="146,235,210,409" oya="1" hai0="51,135,65,110,3,66,32,45,114,116,42,10,43" hai1="0,103,80,58,102,62,95,109,34,129,98,86,77" hai2="30,9,130,50,119,36,67,112,26,61,23,71,115" hai3="96,105,81,21,56,123,92,104,57,121,134,14,75"/><U87/><E0/><V15/><F130/><W99/><G134/><T82/><D32/><U44/><E34/><V54/><F36/><W22/><G14/><T31/><D31/><U70/><E70/><V25/><F119/><W120/><G92/><T100/><D116/><U35/><E35/><V74/><F74/><W108/><G108/><T83/><D110/><U39/><E129/><V37/><F37/><W132/><G132/><T84/><D135/><U17/><E17/><V48/><F25/><W60/><G81/><T124/><D114/><N who="2" m="43562" /><F54/><W93/><G75/><T49/><D100/><U69/><E69/><V29/><F29/><W46/><G46/><T122/><D122/><U13/><E13/><V16/><AGARI ba="2,0" hai="9,15,16,23,26,30,48,50,61,67,71" m="43562" machi="16" ten="30,4000,0" yaku="15,1,11,1,54,1" doraHai="131" who="2" fromWho="2" sc="146,-12,235,-22,210,46,409,-12" /><INIT seed="6,0,0,2,3,134" ten="134,213,256,397" oya="2" hai0="22,2,40,125,50,110,113,62,7,131,89,57,28" hai1="91,73,80,104,108,5,83,82,46,75,70,39,87" hai2="95,81,84,126,92,111,52,107,116,97,14,43,72" hai3="31,67,63,135,129,55,117,86,29,38,130,37,1"/><V77/><F116/><W119/><G135/><T19/><D110/><U122/><E70/><V33/><F33/><W94/><G55/><T36/><D113/><U120/><E5/><V56/><F43/><W18/><G1/><T23/><D131/><N who="3" m="50185" /><G18/><T133/><D133/><U51/><E39/><N who="3" m="14858" /><G94/><T98/><D36/><U124/><E51/><V68/><F68/><N who="3" m="42111" /><G86/><T24/><D7/><U78/><E46/><V16/><F111/><W41/><G41/><T101/><D2/><U61/><E61/><V103/><F126/><W115/><G115/><T3/><D3/><U59/><E59/><V15/><F15/><W74/><G74/><T106/><D50/><U0/><E0/><V11/><REACH who="2" step="1"/><F72/><REACH who="2" ten="134,213,246,397" step="2"/><W32/><G32/><T85/><D40/><U132/><E108/><V30/><F30/><AGARI ba="0,1" hai="29,30,31,117,119" m="42111,14858,50185" machi="30" ten="30,1000,0" yaku="19,1" doraHai="134" who="3" fromWho="2" sc="134,0,213,0,246,-10,397,20" /><INIT seed="7,0,0,2,4,126" ten="134,213,236,417" oya="3" hai0="51,60,8,68,46,36,96,103,88,2,131,80,91" hai1="81,95,83,90,84,100,116,32,0,85,38,115,34" hai2="127,63,106,62,33,111,108,49,114,6,40,57,78" hai3="67,10,54,98,13,7,19,101,20,65,61,104,124"/><W4/><G4/><T22/><D36/><U71/><E0/><V18/><F106/><W56/><G124/><T112/><D2/><AGARI ba="0,0" hai="2,7,10,13,19,20,54,56,61,65,67,98,101,104" machi="2" ten="30,1500,0" yaku="7,1" doraHai="126" who="3" fromWho="0" sc="134,-15,213,0,236,0,417,15" owari="119,-38.0,213,-19.0,236,4.0,432,53.0" /></mjloggm>