<mjloggm ver="2.3"><GO type="169" lobby="0"/><UN n0="%E3%82%A6%E3%83%AB%E3%83%88%E3%83%A9%E7%AB%8B%E7%9B%B4" n1="%E7%89%8C%E5%BB%83%E4%BA%BA" n2="%74%61%6B%65%74%6F%6D%69" n3="%6E%65%75%74%72%6F%6E" dan="17,17,16,17" rate="2151.23,2215.36,2161.90,2185.03" sx="M,M,M,M"/><TAIKYOKU oya="0"/><INIT seed="0,0,0,4,5,107" ten="250,250,250,250" oya="0" hai0="51,134,11,90,110,121,36,104,118,15,65,115,10" hai1="55,29,12,129,119,48,67,114,50,21,83,82,66" hai2="68,111,59,22,26,9,31,16,56,42,124,62,25" hai3="87,53,103,116,117,4,78,46,28,112,92,84,14"/><T34/><D36/><U6/><E119/><V123/><F123/><W60/><G112/><T2/><D118/><U52/><E114/><V47/><F124/><W130/><G28/><T77/><D115/><U105/><E105/><V108/><F68/><W100/><G130/><T95/><D121/><U97/><E129/><V33/><F9/><W20/><G78/><T93/><D104/><U19/><E97/><V35/><F35/><W43/><G53/><T8/><D134/><U89/><E6/><V5/><F5/><W113/><G60/><T39/><D39/><U64/><E29/><V88/><F88/><W18/><G113/><T23/><D34/><U127/><E127/><V40/><F56/><W49/><G4/><T61/><D110/><N who="2" m="42026" /><F47/><W38/><G38/><T80/><D2/><U122/><E122/><V27/><F25/><W0/><G0/><T17/><D51/><N who="1" m="19499" /><E89/><V109/><N who="2" m="42034" /><V54/><AGARI ba="0,0" hai="16,22,26,27,31,33,40,42,54,59,62" m="42034" machi="54" ten="40,5200,0" yaku="4,1,14,1,54,1" doraHai="107" who="2" fromWho="2" sc="250,-26,250,-13,250,52,250,-13" /><INIT seed="1,0,0,0,2,37" ten="224,237,302,237" oya="1" hai0="98,50,95,65,54,81,99,17,66,96,103,108,7" hai1="74,48,26,18,25,14,36,68,104,59,84,92,105" hai2="31,52,16,89,123,80,34,115,78,8,39,130,71" hai3="125,32,86,126,42,83,55,30,106,57,61,117,20"/><U111/><E74/><V122/><F71/><W29/><G32/><T21/><D108/><U100/><E36/><V12/><F115/><W4/><G106/><T97/><D7/><U23/><E68/><V82/><F130/><W28/><G4/><T15/><REACH who="0" step="1"/><D81/><REACH who="0" ten="214,237,302,237" step="2"/><U56/><E111/><V40/><F82/><W9/><G117/><T19/><D19/><U127/><E127/><V41/><F122/><W79/><G126/><T24/><D24/><U49/><E26/><V119/><F123/><W69/><G125/><T91/><D91/><N who="1" m="53351" /><E100/><V109/><F109/><W38/><G30/><T70/><D70/><U133/><E25/><V53/><F119/><W58/><G29/><T13/><D13/><U51/><E14/><V11/><F31/><W63/><G28/><T128/><D128/><U87/><E18/><V124/><F124/><W116/><G69/><T112/><D112/><U131/><E131/><V75/><F34/><W102/><G116/><T33/><D33/><U90/><E90/><V107/><F89/><W47/><G102/><T121/><D121/><U129/><E129/><V135/><F135/><W64/><G83/><T72/><D72/><U5/><E133/><V67/><F16/><W60/><G79/><T35/><D35/><U0/><E5/><V62/><F12/><W44/><G9/><T76/><D76/><U120/><E120/><V114/><F8/><W22/><G22/><T134/><D134/><U45/><E23/><V27/><F11/><W110/><G20/><T1/><D1/><U6/><E0/><V46/><F78/><W93/><G110/><RYUUKYOKU ba="0,1" sc="214,30,237,-10,302,-10,237,-10" hai0="15,17,21,50,54,65,66,95,96,97,98,99,103" /><INIT seed="2,1,1,5,0,103" ten="244,227,292,227" oya="2" hai0="79,101,67,49,34,85,86,24,112,91,80,128,98" hai1="100,70,121,56,27,8,10,19,65,102,94,45,55" hai2="48,81,57,110,18,22,46,38,78,72,4,15,53" hai3="47,92,26,75,63,2,124,133,58,117,116,28,135"/><V104/><F110/><W37/><G75/><T44/><D112/><U83/><E70/><V30/><F30/><W43/><G2/><T119/><D119/><U130/><E130/><V14/><F104/><W107/><G107/><T108/><D108/><U87/><E65/><V90/><F90/><W88/><G124/><T93/><D128/><U5/><E45/><V114/><F114/><W20/><G135/><T23/><D67/><U66/><E66/><V129/><F129/><W111/><G111/><T7/><D7/><U77/><E121/><V9/><F38/><W6/><G6/><T73/><D34/><U131/><E131/><V59/><AGARI ba="1,1" hai="4,9,14,15,18,22,46,48,53,57,59,72,78,81" machi="59" ten="30,1500,0" yaku="0,1" doraHai="103" who="2" fromWho="2" sc="244,-6,227,-6,292,28,227,-6" /><INIT seed="2,2,0,1,2,111" ten="238,221,320,221" oya="2" hai0="31,62,20,2,37,58,22,66,105,98,125,117,114" hai1="23,45,11,5,97,6,35,55,112,86,80,90,25" hai2="126,103,1,73,101,68,39,102,32,19,78,74,131" hai3="15,87,109,123,93,63,26,14,51,61,7,133,116"/><V92/><F19/><W9/><G116/><T67/><D2/><U115/><E35/><V106/><F39/><W24/><G109/><T64/><D37/><U44/><E97/><V52/><F68/><W100/><G123/><T57/><D125/><U76/><E90/><V34/><F1/><W88/><G133/><T16/><D114/><U13/><E6/><V127/><F106/><W89/><G100/><T50/><D117/><U91/><E91/><V36/><F36/><W108/><G108/><T77/><D77/><U59/><E45/><V46/><F92/><W21/><G51/><T79/><D79/><U107/><E44/><V81/><F74/><W48/><G48/><T83/><D83/><U42/><E42/><V30/><F131/><W118/><G118/><T18/><D98/><U28/><REACH who="1" step="1"/><E107/><REACH who="1" ten="238,211,320,221" step="2"/><V132/><F32/><W82/><G89/><T85/><D105/><U60/><AGARI ba="2,1" hai="5,11,13,23,25,28,55,59,60,76,80,86,112,115" machi="60" ten="20,12000,2" yaku="1,1,2,1,0,1,7,1,52,2,53,0" doraHai="111" doraHaiUra="119" who="1" fromWho="1" sc="238,-32,211,136,320,-62,221,-32" /><INIT seed="3,0,0,2,1,11" ten="206,347,258,189" oya="3" hai0="97,84,49,10,122,107,4,78,116,111,16,123,64" hai1="7,48,1,101,71,31,73,129,86,33,59,37,25" hai2="12,5,61,75,27,88,102,124,9,67,41,3,100" hai3="135,55,92,6,79,63,127,47,96,44,30,83,28"/><W19/><G127/><T42/><D116/><U32/><E73/><V74/><F124/><W36/><G36/><T50/><D111/><U115/><E115/><V60/><F41/><W110/><G110/><T113/><D113/><U20/><E71/><V130/><F130/><W98/><G6/><T119/><D119/><U99/><E37/><V40/><F40/><W23/><G135/><T90/><D64/><U29/><E129/><V43/><F43/><W24/><G98/><T131/><D131/><U62/><E48/><N who="0" m="18537" /><D107/><U105/><E31/><N who="3" m="11818" /><G83/><N who="0" m="47223" /><D42/><U133/><E133/><V94/><F27/><W103/><G79/><T118/><D118/><U26/><E26/><V68/><F60/><W106/><G106/><T128/><D128/><U104/><E105/><V17/><F75/><W93/><G93/><N who="0" m="56503" /><D123/><U34/><E86/><V58/><F74/><W125/><G125/><T89/><D122/><U112/><E112/><V108/><F68/><W15/><G24/><T35/><D35/><U52/><E1/><V82/><F82/><W80/><G80/><T109/><D109/><U69/><E69/><V120/><F120/><W76/><G76/><T54/><D89/><U85/><E85/><N who="2" m="52495" /><F108/><W134/><G134/><T70/><D70/><U8/><REACH who="1" step="1"/><E34/><REACH who="1" ten="206,337,258,189" step="2"/><V46/><F3/><W95/><G95/><T121/><D121/><U21/><E21/><V14/><F46/><W65/><G65/><T39/><D39/><U81/><E81/><V66/><F67/><W53/><G53/><T72/><D72/><U91/><E91/><V117/><F117/><W57/><AGARI ba="0,1" hai="15,19,23,44,47,55,57,63,92,96,103" m="11818" machi="57" ten="30,3000,0" yaku="8,1,52,1" doraHai="11" who="3" fromWho="3" sc="206,-10,337,-10,258,-10,189,40" /><INIT seed="3,1,0,4,3,38" ten="196,327,248,229" oya="3" hai0="54,39,83,80,133,50,71,16,66,53,134,1,103" hai1="121,87,77,104,2,19,108,55,48,132,92,91,110" hai2="25,51,4,97,129,40,24,105,85,107,114,11,64" hai3="21,65,93,42,28,118,123,18,128,78,9,135,37"/><W49/><G118/><T75/><D1/><U106/><E2/><V17/><F114/><W70/><G123/><T79/><D103/><U26/><E121/><V27/><F129/><W7/><G37/><T6/><D6/><U63/><E132/><N who="0" m="50793" /><D39/><U14/><E26/><V120/><F120/><W73/><G28/><T130/><D130/><U60/><E77/><V58/><F17/><W109/><G128/><T10/><D83/><U81/><E104/><V68/><F85/><W5/><G5/><T32/><D32/><U74/><E106/><V100/><F105/><W115/><G115/><T111/><D111/><N who="1" m="42539" /><E74/><V23/><F68/><W22/><G70/><T61/><D50/><U127/><E127/><V8/><F8/><W126/><G49/><T101/><D101/><U89/><E89/><V69/><F69/><W102/><G9/><T57/><D71/><U67/><E81/><V36/><F36/><W125/><G102/><T35/><D35/><U116/><E67/><V3/><F64/><W52/><G65/><T84/><D75/><U29/><E29/><V82/><F82/><W47/><G73/><T119/><D119/><U20/><E116/><V13/><F3/><W124/><G124/><T95/><D95/><U94/><E92/><V31/><F31/><W98/><G126/><T59/><D59/><AGARI ba="1,0" hai="14,19,20,48,55,59,60,63,87,91,94" m="42539" machi="59" ten="30,2000,0" yaku="25,1,14,1" doraHai="38" who="1" fromWho="0" sc="196,-23,327,23,248,0,229,0" /><INIT seed="4,0,0,3,5,46" ten="173,350,248,229" oya="0" hai0="125,131,24,122,34,78,2,75,123,11,109,76,7" hai1="42,59,4,84,5,53,96,64,72,113,10,129,128" hai2="77,28,69,18,121,104,8,103,107,50,73,81,111" hai3="3,95,57,39,97,115,110,94,108,118,48,31,82"/><T23/><D78/><U45/><E72/><V43/><F111/><W54/><G39/><T38/><D38/><U119/><E119/><V91/><F69/><W61/><G3/><T132/><D76/><U114/><E64/><V80/><F28/><W15/><G118/><T12/><D75/><U52/><E96/><V44/><F121/><N who="0" m="46090" /><D109/><U30/><E30/><V92/><F81/><W37/><G37/><T14/><D125/><U17/><E17/><V26/><F103/><W89/><G31/><N who="0" m="19815" /><D131/><N who="1" m="50251" /><E84/><V102/><F102/><W99/><G82/><T93/><D93/><U133/><E133/><V0/><F26/><W29/><G29/><T16/><D132/><U51/><E5/><V120/><F120/><W112/><G15/><AGARI ba="0,0" hai="2,7,11,12,14,15,16,23" m="19815,46090" machi="15" ten="30,11600,0" yaku="24,1,34,2,54,1" doraHai="46" who="0" fromWho="3" sc="173,116,350,0,248,0,229,-116" /><INIT seed="4,1,0,3,0,55" ten="289,350,248,113" oya="0" hai0="57,32,67,86,7,133,29,106,126,3,104,33,36" hai1="89,41,132,72,44,82,10,42,60,49,74,62,54" hai2="125,14,124,131,58,61,13,108,93,30,46,95,110" hai3="127,11,12,90,48,53,79,17,83,134,76,51,99"/><T15/><D36/><U45/><E132/><V102/><F46/><W78/><G134/><T2/><D106/><U64/><E10/><V21/><F131/><W23/><G127/><N who="2" m="48713" /><F30/><W91/><G51/><T5/><D104/><U28/><E28/><V6/><F6/><N who="0" m="2058" /><D57/><N who="1" m="36943" /><E74/><V94/><F102/><W113/><G113/><T63/><D86/><N who="1" m="50391" /><E72/><V71/><F71/><W26/><G99/><T129/><D67/><U117/><E117/><V85/><F85/><W43/><G43/><N who="1" m="16394" /><E60/><V35/><F35/><W115/><G115/><T107/><D63/><U101/><E101/><V38/><F38/><W88/><G83/><T24/><D107/><U105/><E105/><V27/><F93/><W9/><REACH who="3" step="1"/><G12/><REACH who="3" ten="289,350,248,103" step="2"/><T25/><D126/><U120/><E120/><V116/><F116/><W111/><G111/><T73/><D133/><U87/><E87/><V96/><F96/><W65/><G65/><T128/><D73/><U50/><E50/><V19/><F108/><W0/><G0/><T40/><D15/><N who="2" m="5642" /><F110/><W130/><G130/><N who="0" m="50283" /><D40/><U98/><E98/><V100/><F100/><W118/><G118/><T92/><D92/><U47/><AGARI ba="1,1" hai="44,45,47,49,54" m="16394,50391,36943" machi="47" ten="30,2000,0" yaku="8,1,52,1" doraHai="55" who="1" fromWho="1" sc="289,-11,350,33,248,-6,103,-6" /><INIT seed="5,0,0,1,0,9" ten="278,383,242,97" oya="1" hai0="104,82,69,27,32,14,93,38,56,29,0,26,134" hai1="23,85,76,108,48,63,37,43,125,4,55,60,98" hai2="81,64,73,52,132,18,5,67,83,126,87,62,30" hai3="90,2,25,8,97,13,94,130,84,1,78,12,21"/><U89/><E125/><V80/><F126/><W92/><G130/><T34/><D38/><U11/><E108/><V118/><F118/><W40/><G40/><T54/><D104/><U31/><E76/><V19/><F132/><W114/><G114/><T61/><D134/><U129/><E37/><V115/><F73/><W103/><G78/><T133/><D0/><U121/><E43/><V44/><F30/><W47/><G47/><T49/><D133/><U102/><E31/><V35/><F35/><W16/><REACH who="3" step="1"/><G25/><REACH who="3" ten="278,383,242,87" step="2"/><T77/><D27/><U45/><E129/><V122/><F115/><W57/><G57/><T17/><D26/><U72/><E45/><V101/><F122/><W91/><G91/><T20/><D77/><U86/><E89/><V42/><F42/><W15/><G15/><T109/><D14/><U3/><E121/><V39/><F44/><W66/><G66/><T50/><D56/><U116/><E3/><V117/><F67/><W100/><G100/><T51/><D109/><U127/><E102/><V68/><F101/><W65/><G65/><T70/><D69/><U120/><E120/><V96/><F64/><W6/><AGARI ba="0,1" hai="1,2,6,8,12,13,16,21,84,90,92,94,97,103" machi="6" ten="20,12000,2" yaku="1,1,0,1,7,1,52,2,54,1,53,1" doraHai="9" doraHaiUra="7" who="3" fromWho="3" sc="278,-30,383,-60,242,-30,87,130" /><INIT seed="6,0,0,2,4,1" ten="248,323,212,217" oya="2" hai0="27,57,123,41,62,35,28,48,112,97,109,134,20" hai1="0,19,4,89,105,18,135,65,81,44,66,128,121" hai2="76,78,54,22,88,21,113,87,23,127,106,95,83" hai3="84,51,10,129,59,133,42,77,64,8,119,94,55"/><V67/><F106/><W125/><G119/><T132/><D109/><U71/><E105/><V74/><F113/><W126/><G129/><T46/><D123/><U32/><E32/><V29/><F127/><W6/><G133/><N who="0" m="51307" /><D97/><U130/><E135/><V37/><F37/><W118/><G10/><T103/><D103/><U85/><E44/><V72/><F67/><N who="1" m="25609" /><E71/><V34/><F54/><W124/><G118/><T80/><D80/><U50/><E50/><V116/><F116/><W31/><G31/><T2/><D112/><U9/><E121/><V96/><REACH who="2" step="1"/><F78/><REACH who="2" ten="248,323,202,217" step="2"/><W101/><G64/><N who="0" m="38991" /><D2/><U11/><E130/><V69/><F69/><W93/><G77/><T98/><D98/><U115/><E128/><V79/><F79/><W63/><G126/><T86/><D86/><U102/><E115/><V3/><F3/><W43/><G84/><T108/><D108/><U61/><E0/><V47/><F47/><W16/><G125/><T15/><D46/><U25/><E85/><V30/><F30/><W122/><G124/><T110/><D110/><U114/><E114/><V39/><F39/><W5/><G122/><T60/><D28/><U104/><E104/><V14/><F14/><W107/><G107/><T24/><D15/><U56/><E56/><V92/><F92/><W45/><G93/><T52/><D52/><U68/><E68/><V49/><F49/><W13/><G42/><T131/><D48/><U58/><E58/><V12/><F12/><W36/><G36/><T7/><D41/><U17/><E61/><V120/><F120/><W75/><G75/><T90/><D131/><RYUUKYOKU ba="0,1" sc="248,-15,323,-15,202,15,217,15" hai2="21,22,23,29,34,72,74,76,83,87,88,95,96" hai3="5,6,8,13,16,43,45,51,55,59,63,94,101" /><INIT seed="6,1,1,2,3,118" ten="233,308,217,232" oya="2" hai0="22,27,57,13,21,54,70,93,25,64,45,129,66" hai1="19,90,131,43,46,32,85,80,29,73,101,55,68" hai2="116,71,6,11,135,130,112,63,107,24,72,114,121" hai3="108,115,42,40,111,83,123,110,62,47,97,61,87"/><V124/><RYUUKYOKU type="yao9" ba="1,1" sc="233,0,308,0,217,0,232,0" hai2="6,11,24,63,71,72,107,112,114,116,121,124,130,135" /><INIT seed="6,2,1,2,0,87" ten="233,308,217,232" oya="2" hai0="135,22,17,42,2,15,96,102,59,77,50,99,133" hai1="88,52,118,100,57,89,43,40,120,47,132,18,12" hai2="78,75,28,126,69,55,131,62,4,124,115,0,130" hai3="80,46,19,25,35,114,72,13,105,101,24,9,98"/><V110/><F28/><W119/><G119/><T5/><D77/><U41/><E118/><V123/><F123/><W95/><G114/><T6/><D96/><U70/><E70/><V20/><F20/><W53/><G35/><T121/><D121/><U76/><E120/><V11/><F115/><W108/><G108/><T60/><D50/><N who="1" m="28767" /><E132/><N who="0" m="50761" /><D42/><U116/><E116/><V64/><F55/><W27/><G72/><T83/><D83/><U3/><E3/><V34/><F34/><W107/><G80/><T58/><D2/><U33/><E33/><V48/><F48/><W31/><G31/><T104/><D59/><U8/><E76/><V16/><F16/><W129/><G129/><N who="2" m="49161" /><F110/><W67/><G67/><AGARI ba="2,1" hai="5,6,15,17,22,58,60,67,99,102,104" m="50761" machi="67" ten="30,1000,0" yaku="20,1" doraHai="87" who="0" fromWho="3" sc="233,26,308,0,217,0,232,-16" /><INIT seed="7,0,0,2,3,69" ten="259,308,217,216" oya="3" hai0="90,83,1,68,11,12,43,2,133,128,56,18,121" hai1="85,79,77,5,120,132,119,57,25,51,35,53,37" hai2="13,125,127,94,41,30,84,55,63,40,10,28,39" hai3="86,129,48,117,0,4,102,38,106,52,130,111,75"/><W60/><G117/><T116/><D68/><U108/><E37/><V101/><F39/><W29/><G75/><T70/><D121/><U105/><E108/><V47/><F127/><W9/><G111/><T88/><D70/><U80/><E105/><V73/><F73/><W21/><G60/><T64/><D43/><N who="2" m="16458" /><F125/><W124/><G124/><T20/><D128/><N who="3" m="49257" /><G38/><T95/><D133/><U131/><E5/><N who="2" m="3279" /><F63/><W98/><G86/><N who="0" m="50271" /><D1/><U71/><E71/><V115/><F115/><W135/><G135/><T103/><D2/><U112/><E85/><V89/><F101/><W93/><G29/><T34/><D103/><U7/><E119/><V14/><F14/><W134/><G134/><T126/><D116/><U32/><E131/><V22/><F22/><W50/><G21/><T74/><D74/><U44/><E132/><V109/><F109/><W61/><G106/><T100/><D100/><U92/><E112/><V110/><F110/><W36/><G36/><T27/><D126/><U72/><E72/><V58/><F58/><AGARI ba="0,0" hai="0,4,9,48,50,52,58,61,93,98,102" m="49257" machi="58" ten="30,2900,0" yaku="19,1,54,1" doraHai="69" who="3" fromWho="2" sc="259,0,308,0,217,-29,216,29" /><INIT seed="7,1,0,2,5,26" ten="259,308,188,245" oya="3" hai0="119,104,81,14,95,30,39,92,17,101,33,125,103" hai1="31,78,123,74,25,12,91,66,50,126,55,133,59" hai2="9,131,2,35,45,34,21,54,0,76,84,93,85" hai3="102,72,73,122,75,115,118,135,3,106,128,127,15"/><W82/><RYUUKYOKU type="yao9" ba="1,0" sc="259,0,308,0,188,0,245,0" hai3="3,15,72,73,75,82,102,106,115,118,122,127,128,135" /><INIT seed="7,2,0,2,2,46" ten="259,308,188,245" oya="3" hai0="83,105,73,10,20,100,63,42,72,128,71,47,60" hai1="50,82,0,121,90,70,45,124,54,21,131,3,113" hai2="55,41,117,116,84,85,99,8,125,94,80,44,18" hai3="112,51,102,56,23,26,27,65,107,67,111,40,5"/><W19/><G107/><T126/><D100/><U12/><E121/><V104/><F104/><W134/><G102/><T43/><D105/><U129/><E70/><V59/><F125/><W91/><G112/><T14/><D42/><U7/><E113/><V127/><F127/><W33/><G33/><T122/><D122/><U114/><E114/><V132/><F132/><W36/><G36/><T119/><D119/><U101/><E101/><V120/><F120/><W110/><G134/><T4/><D128/><N who="1" m="49227" /><E124/><V109/><F109/><N who="3" m="41483" /><G5/><T62/><D71/><U39/><E39/><V66/><F66/><N who="3" m="25099" /><G91/><T118/><D4/><U22/><E7/><V37/><F117/><W57/><G27/><T96/><D118/><U61/><E61/><V15/><F116/><W106/><G106/><T135/><D63/><U29/><E12/><V52/><F55/><W75/><G75/><T58/><D62/><U69/><E69/><V79/><F99/><W16/><G19/><T25/><D96/><U95/><E82/><V34/><F34/><W1/><G1/><N who="1" m="586" /><E29/><V130/><F130/><W32/><G32/><T97/><D83/><U17/><E17/><V30/><F30/><W115/><G115/><T123/><D123/><U68/><E68/><V78/><F94/><W103/><G103/><T64/><D97/><AGARI ba="2,0" hai="21,22,45,50,54,90,95,97" m="586,49227" machi="97" ten="30,2000,0" yaku="19,1,52,1" doraHai="46" who="1" fromWho="0" sc="259,-26,308,26,188,0,245,0" owari="233,-17.0,334,43.0,188,-31.0,245,5.0" /></mjloggm>