<mjloggm ver="2.3"><GO type="97" lobby="0"/><UN n0="%31%33%36%30" n1="%E3%83%88%E3%83%88%E3%83%AA%E5%85%88%E7%94%9F%31%39%E6%AD%B3" n2="%67%75%70%70%79%39%38" n3="%69%64%70%61%70%61%70%61" dan="14,14,13,14" rate="1947.31,2045.71,1916.21,1886.63" sx="M,F,M,M"/><TAIKYOKU oya="0"/><INIT seed="0,0,0,5,1,129" ten="250,250,250,250" oya="0" hai0="1,30,45,7,56,116,94,113,69,20,64,26,108" hai1="44,100,93,4,101,95,32,3,82,134,38,10,19" hai2="98,41,117,11,81,122,29,23,89,70,55,130,36" hai3="73,33,115,118,2,24,47,91,102,103,58,72,96"/><T14/><D69/><U125/><E32/><V132/><F132/><W46/><G2/><T59/><D116/><U63/><E125/><V112/><F112/><W16/><G118/><T13/><D113/><U77/><E134/><V6/><F130/><W9/><G115/><T84/><D1/><U25/><E63/><V135/><F117/><W17/><G33/><T68/><D68/><U22/><E100/><N who="3" m="38442" /><G73/><T31/><D31/><U111/><E101/><V27/><F122/><W106/><G106/><T86/><D108/><U74/><REACH who="1" step="1"/><E111/><REACH who="1" ten="250,240,250,250" step="2"/><V121/><F135/><W80/><G72/><T87/><D94/><U50/><E50/><V105/><F121/><W37/><G37/><T60/><D7/><U133/><E133/><V57/><F36/><W99/><G99/><T127/><D127/><U52/><E52/><V128/><F128/><W61/><G96/><T79/><D79/><U83/><E83/><V109/><F109/><W48/><G48/><T124/><D124/><U71/><E71/><V97/><F70/><W119/><G119/><T39/><D39/><U110/><E110/><V42/><F105/><W104/><G104/><T90/><D90/><U53/><E53/><V85/><F42/><AGARI ba="0,1" hai="3,4,10,19,22,25,38,42,44,74,77,82,93,95" machi="42" ten="40,5200,0" yaku="1,1,25,2,53,0" doraHai="129" doraHaiUra="114" who="1" fromWho="2" sc="250,0,240,62,250,-52,250,0" /><INIT seed="1,0,0,3,3,81" ten="250,302,198,250" oya="1" hai0="59,116,88,51,9,85,75,79,48,62,71,53,95" hai1="20,35,118,78,55,31,16,76,67,46,56,8,60" hai2="112,41,64,119,102,54,36,70,135,125,129,126,0" hai3="13,7,30,84,130,34,82,92,61,68,77,90,40"/><U109/><E118/><V131/><F0/><W111/><G111/><T52/><D116/><U19/><E35/><V10/><F10/><W11/><G130/><N who="2" m="49673" /><F119/><W113/><G113/><T110/><D110/><U25/><E109/><V124/><F112/><W29/><G34/><T47/><D9/><U26/><E8/><V80/><F102/><W99/><G40/><T43/><D71/><U103/><E103/><V86/><F54/><W72/><G68/><T134/><D134/><U32/><E19/><V66/><F70/><W127/><G127/><T108/><D108/><U22/><E32/><V33/><F33/><W39/><G39/><T45/><D75/><U91/><E91/><N who="2" m="51655" /><F41/><W69/><G69/><T122/><D122/><U106/><E106/><V74/><F36/><W114/><G114/><T73/><D73/><U123/><E123/><V63/><F63/><W58/><G72/><T15/><D15/><U6/><E6/><V97/><F97/><W24/><REACH who="3" step="1"/><G24/><REACH who="3" ten="250,302,198,240" step="2"/><T132/><D132/><U100/><E26/><V104/><F74/><W27/><G27/><T3/><D3/><U28/><E25/><V12/><F104/><W37/><G37/><T17/><D17/><U14/><E16/><V133/><F12/><W83/><G83/><T128/><D128/><U117/><E14/><V105/><F105/><W57/><G57/><T87/><D79/><U2/><E2/><V107/><F107/><W89/><G89/><T121/><D121/><U5/><E117/><V38/><F38/><W42/><G42/><T23/><D87/><U21/><E78/><V98/><F98/><RYUUKYOKU ba="0,1" sc="250,10,302,-30,198,10,240,10" hai0="23,43,45,47,48,51,52,53,59,62,85,88,95" hai2="64,66,124,125,126,133,135" hai3="7,11,13,29,30,58,61,77,82,84,90,92,99" /><INIT seed="2,1,1,0,0,49" ten="260,272,208,250" oya="2" hai0="44,119,89,37,3,110,126,73,23,117,30,21,133" hai1="70,35,27,102,106,94,82,11,128,7,1,127,108" hai2="18,61,98,130,29,4,58,43,19,28,46,97,51" hai3="90,109,62,77,26,54,107,59,100,25,92,40,104"/><V135/><F135/><W121/><G121/><T67/><D73/><U134/><E70/><V84/><F130/><W125/><G125/><T63/><D3/><U42/><E106/><V5/><F84/><W65/><G77/><T31/><D133/><U45/><E134/><V24/><F4/><W69/><G109/><T22/><D126/><U41/><E127/><V103/><F5/><W132/><G132/><T64/><D89/><U10/><E108/><V9/><F9/><W116/><G116/><N who="0" m="44619" /><D110/><U87/><E128/><V50/><F50/><W34/><G34/><T20/><N who="0" m="5120" /><DORA hai="72" /><T112/><D112/><U115/><E11/><V124/><F124/><W95/><G40/><N who="0" m="22543" /><D67/><U120/><E115/><V55/><F98/><W6/><G6/><T78/><D78/><U2/><E120/><V68/><F68/><AGARI ba="1,1" hai="30,31,63,64,68" m="22543,5120,44619" machi="68" ten="40,1300,0" yaku="12,1" doraHai="49,72" who="0" fromWho="2" sc="260,26,272,0,208,-16,250,0" /><INIT seed="3,0,0,2,0,80" ten="286,272,192,250" oya="3" hai0="84,29,128,47,22,99,6,132,43,54,72,28,3" hai1="19,56,23,109,88,73,70,112,10,115,53,8,103" hai2="64,133,16,125,61,79,25,114,135,97,21,110,55" hai3="4,18,106,111,41,17,62,123,48,65,20,27,59"/><W46/><G106/><T113/><D72/><U96/><E70/><V30/><F114/><W81/><G123/><T12/><D3/><U95/><E73/><V51/><F125/><W87/><G4/><T1/><D1/><U93/><E109/><V32/><F110/><W14/><G111/><T82/><D113/><U101/><E115/><V117/><F117/><W75/><G75/><T129/><D54/><U35/><E35/><V91/><F79/><W100/><G100/><N who="1" m="38474" /><E93/><V0/><F0/><W26/><G18/><N who="0" m="10567" /><D99/><U92/><E92/><N who="2" m="56479" /><F32/><W42/><G42/><T15/><D15/><N who="1" m="9727" /><E112/><V31/><F64/><W67/><G67/><T121/><D6/><U107/><E107/><V39/><F39/><W127/><G127/><T38/><D121/><U119/><E119/><V90/><F90/><AGARI ba="0,0" hai="14,17,20,26,27,41,46,48,59,62,65,81,87,90" machi="90" ten="30,5800,0" yaku="7,1,8,1,52,1" doraHai="80" who="3" fromWho="2" sc="286,0,272,0,192,-58,250,58" owari="286,9.0,272,-13.0,134,-37.0,308,41.0" /></mjloggm>