<mjloggm ver="2.3"><GO type="169" lobby="0"/><UN n0="%E3%81%8A%E7%9F%A5%E3%82%89%E3%81%9B" n1="%E3%82%A6%E3%83%AB%E3%83%88%E3%83%A9%E7%AB%8B%E7%9B%B4" n2="%E3%82%A2%E3%82%A4%E3%83%9E%E3%83%BC%E3%83%AB%32%31" n3="%E3%81%A9%E3%81%B0%E3%81%A8%E3%81%A1%E3%82%83%E3%82%93" dan="16,16,17,16" rate="2018.51,2086.50,2232.18,2095.37" sx="M,M,M,F"/><TAIKYOKU oya="0"/><INIT seed="0,0,0,2,3,38" ten="250,250,250,250" oya="0" hai0="121,132,52,119,98,79,110,128,62,17,80,37,11" hai1="75,69,56,36,93,20,124,103,83,76,29,25,15" hai2="108,97,51,91,34,111,47,39,41,40,113,30,43" hai3="95,55,58,1,28,86,4,85,65,64,131,92,61"/><T13/><D121/><U60/><E124/><V42/><F113/><W90/><G131/><T130/><D119/><U45/><E69/><V127/><F127/><W78/><G1/><T27/><D132/><U5/><E5/><V44/><F30/><W112/><G112/><T71/><D110/><N who="2" m="42026" /><F34/><W100/><G4/><T0/><D0/><U2/><E2/><V3/><F3/><W123/><G123/><T31/><D37/><U73/><E15/><V23/><F23/><W24/><G78/><T49/><D98/><U59/><E75/><V70/><F70/><W126/><G126/><T26/><D71/><U87/><E60/><V107/><F91/><W9/><G9/><T129/><D62/><U82/><E93/><V105/><F97/><W63/><G63/><T84/><REACH who="0" step="1"/><D31/><REACH who="0" ten="240,250,250,250" step="2"/><U134/><E134/><V74/><F74/><W104/><G28/><T133/><D133/><U68/><E68/><V6/><F6/><W106/><G61/><T7/><D7/><U21/><E29/><V120/><F120/><W19/><G64/><T57/><AGARI ba="0,1" hai="11,13,17,26,27,49,52,57,79,80,84,128,129,130" machi="57" ten="30,12000,1" yaku="1,1,0,1,19,1,54,1,53,1" doraHai="38" doraHaiUra="54" who="0" fromWho="0" sc="240,130,250,-40,250,-40,250,-40" /><INIT seed="0,1,0,3,0,12" ten="370,210,210,210" oya="0" hai0="36,73,89,57,85,91,114,134,59,118,78,19,103" hai1="101,42,83,35,53,29,27,48,100,116,15,7,97" hai2="117,135,125,47,64,45,87,68,38,96,55,14,71" hai3="113,37,108,105,6,50,115,11,41,16,21,3,121"/><T54/><D118/><U40/><E116/><V128/><F117/><W22/><G37/><T70/><D70/><U10/><E83/><V26/><F96/><W49/><G105/><T110/><D114/><U76/><E76/><V44/><F125/><W34/><G34/><T131/><D36/><U99/><E97/><V4/><F38/><W25/><G108/><T23/><D110/><U123/><E123/><V63/><F128/><W74/><G121/><T111/><D111/><U43/><REACH who="1" step="1"/><E99/><REACH who="1" ten="370,200,210,210" step="2"/><V82/><F82/><W92/><G74/><T67/><D73/><U120/><E120/><V126/><F87/><W61/><G115/><T79/><D131/><U94/><E94/><V124/><F124/><W24/><G113/><T30/><D134/><U52/><E52/><V122/><F55/><W130/><G130/><T129/><D129/><U119/><E119/><V62/><F126/><W80/><G80/><T5/><D78/><U90/><E90/><V66/><F135/><W28/><G41/><T132/><D132/><U58/><AGARI ba="1,1" hai="7,10,15,27,29,35,40,42,43,48,53,58,100,101" machi="58" ten="30,2000,0" yaku="1,1,0,1,53,0" doraHai="12" doraHaiUra="72" who="1" fromWho="1" sc="370,-11,200,33,210,-6,210,-6" /><INIT seed="1,0,0,4,3,103" ten="359,233,204,204" oya="1" hai0="112,53,106,52,114,55,60,65,46,115,32,44,17" hai1="50,121,111,7,110,100,63,125,37,126,86,40,38" hai2="105,3,28,91,0,48,107,120,69,70,83,66,78" hai3="21,129,88,33,36,56,74,95,25,57,64,47,92"/><U127/><E121/><V8/><F91/><W113/><G74/><T75/><D75/><U123/><E123/><V133/><F48/><W108/><G113/><T67/><D32/><U19/><E7/><N who="2" m="1127" /><F120/><W89/><G108/><N who="1" m="41514" /><E100/><V101/><F101/><W49/><G129/><T79/><D79/><U34/><E34/><V72/><F133/><W30/><G36/><N who="1" m="13930" /><E86/><V27/><F3/><W85/><G64/><N who="0" m="24651" /><D17/><U93/><E93/><V5/><F5/><W58/><G33/><T20/><D20/><U84/><E84/><V2/><F2/><W122/><G122/><T9/><D106/><N who="2" m="40458" /><F66/><W54/><REACH who="3" step="1"/><G47/><REACH who="3" ten="359,233,204,194" step="2"/><N who="0" m="17963" /><D9/><U59/><E19/><V51/><F70/><W62/><G62/><AGARI ba="0,1" hai="52,53,55,60,62,112,114,115" m="17963,24651" machi="62" ten="40,8000,1" yaku="28,2,34,2,54,1" doraHai="103" who="0" fromWho="3" sc="359,90,233,0,204,0,194,-80" /><INIT seed="2,0,0,3,0,78" ten="449,233,204,114" oya="2" hai0="54,81,29,48,20,27,31,47,118,92,65,69,109" hai1="68,24,131,12,19,86,7,53,132,102,103,96,38" hai2="67,43,28,122,52,73,94,77,95,26,45,10,58" hai3="129,75,99,116,42,89,3,46,127,107,23,71,9"/><V113/><F113/><W108/><G116/><T2/><D118/><U134/><E38/><V85/><F67/><W35/><G23/><T84/><D2/><U82/><E68/><V126/><F122/><W13/><G13/><T5/><D5/><U14/><E131/><V30/><F73/><W135/><G89/><T34/><D109/><U76/><E53/><V80/><F10/><W32/><G108/><T119/><D119/><U79/><E79/><V22/><F30/><W123/><G129/><T133/><D133/><N who="1" m="51307" /><E7/><V64/><F64/><W90/><G90/><T37/><D37/><U49/><E49/><N who="2" m="26815" /><F126/><W97/><G97/><T104/><D104/><N who="1" m="63559" /><E103/><V121/><F121/><W72/><G127/><T36/><D36/><U70/><E70/><V106/><F106/><W87/><G71/><T62/><D92/><U57/><E57/><V117/><F117/><W111/><G111/><T100/><D100/><U51/><E51/><AGARI ba="0,0" hai="22,26,28,51,52,58,77,80,85,94,95" m="26815" machi="51" ten="30,5800,0" yaku="8,1,52,1,54,1" doraHai="78" who="2" fromWho="1" sc="449,0,233,-58,204,58,114,0" /><INIT seed="2,1,0,3,1,27" ten="449,175,262,114" oya="2" hai0="135,13,35,41,62,106,126,66,123,109,9,51,54" hai1="99,3,25,40,75,14,103,81,57,39,64,26,70" hai2="28,36,80,94,50,98,116,37,15,110,52,56,16" hai3="6,124,120,101,55,30,59,0,78,105,11,60,47"/><V132/><F116/><W46/><G120/><T85/><D35/><U93/><E3/><V5/><F132/><W111/><G111/><T4/><D106/><U107/><E70/><V77/><F5/><W44/><G124/><T20/><D109/><U33/><E14/><V86/><F110/><W65/><G78/><T72/><D72/><U121/><E121/><V104/><F104/><W12/><G0/><T69/><D126/><U130/><E130/><V24/><F98/><W1/><G1/><T42/><D135/><U97/><E40/><V115/><F94/><W71/><G101/><T128/><D128/><U76/><E39/><V10/><F115/><W49/><REACH who="3" step="1"/><G105/><REACH who="3" ten="449,175,262,104" step="2"/><T87/><D123/><U133/><E133/><V125/><REACH who="2" step="1"/><F125/><REACH who="2" ten="449,175,252,104" step="2"/><W117/><G117/><T21/><D4/><U73/><E107/><V102/><F102/><W83/><G83/><T32/><D41/><U34/><E81/><V113/><F113/><W122/><G122/><T131/><D42/><U48/><E103/><V129/><F129/><W17/><G17/><T92/><D131/><U100/><E100/><V31/><F31/><AGARI ba="1,2" hai="6,11,12,30,31,44,46,47,49,55,59,60,65,71" machi="31" ten="40,5200,0" yaku="1,1,52,2,53,0" doraHai="27" doraHaiUra="84" who="3" fromWho="2" sc="449,0,175,0,252,-55,104,75" /><INIT seed="3,0,0,2,5,126" ten="449,175,197,179" oya="3" hai0="39,40,43,116,81,97,4,31,42,121,88,46,129" hai1="128,130,127,100,74,57,38,16,27,8,53,13,133" hai2="117,64,22,111,85,76,41,0,37,65,82,12,20" hai3="122,67,10,105,73,63,70,34,17,114,109,95,132"/><W6/><G114/><T83/><D121/><U113/><E74/><V108/><F0/><W112/><G105/><T86/><D116/><U33/><E113/><V49/><F37/><W106/><G106/><T124/><D124/><U28/><E127/><V71/><F117/><W115/><G122/><T56/><D129/><N who="1" m="49771" /><E38/><V3/><F3/><W61/><G109/><N who="2" m="42057" /><F71/><W47/><G132/><T15/><D31/><U9/><E133/><V103/><F103/><W54/><G34/><T90/><D56/><U87/><E100/><V84/><F84/><W135/><G73/><T59/><D59/><U19/><E87/><V120/><F120/><W66/><G17/><N who="1" m="6730" /><E13/><V23/><F12/><W60/><G135/><T98/><D15/><U131/><N who="1" m="49779" /><U35/><DORA hai="55" /><E35/><V18/><F18/><W32/><G32/><T77/><D86/><U80/><E80/><V51/><F85/><W72/><G72/><T25/><D39/><U50/><AGARI ba="0,0" hai="8,9,27,28,33,50,53,57" m="6730,49779" machi="50" ten="40,12000,2" yaku="19,1,52,5,54,1" doraHai="126,55" who="1" fromWho="1" sc="449,-30,175,120,197,-30,179,-60" /><INIT seed="4,0,0,4,3,2" ten="419,295,167,119" oya="0" hai0="33,60,111,59,107,83,122,132,26,78,109,89,39" hai1="95,115,31,51,41,124,126,72,22,113,118,133,130" hai2="30,114,81,5,123,3,49,58,76,86,75,68,128" hai3="42,40,127,17,103,13,116,61,18,74,53,15,105"/><T112/><D39/><U125/><E72/><V25/><F123/><W38/><G116/><T120/><D112/><N who="1" m="43083" /><E118/><V47/><F114/><W52/><G74/><T98/><D132/><U36/><E36/><V44/><F68/><W7/><G127/><T24/><D33/><U69/><E69/><V23/><F128/><W93/><G105/><T106/><D24/><N who="1" m="16791" /><E133/><V10/><F58/><N who="3" m="35015" /><G53/><T77/><D26/><U71/><E71/><V62/><F62/><W8/><G38/><T101/><D106/><U6/><E95/><V110/><F110/><N who="0" m="41994" /><D59/><U48/><E130/><V34/><F49/><N who="1" m="19017" /><E41/><N who="3" m="15978" /><G13/><T135/><D60/><U21/><E21/><V121/><F121/><N who="0" m="46698" /><D135/><U57/><E57/><V27/><REACH who="2" step="1"/><F75/><REACH who="2" ten="419,295,157,119" step="2"/><W55/><G55/><T80/><D80/><U85/><E126/><V91/><F91/><W90/><G103/><T20/><D89/><U108/><E108/><V97/><F97/><AGARI ba="0,1" hai="7,8,15,17,18,90,93,97" m="15978,35015" machi="97" ten="30,3900,0" yaku="8,1,52,1,54,1" doraHai="2" who="3" fromWho="2" sc="419,0,295,0,157,-39,119,49" /><INIT seed="5,0,0,3,2,83" ten="419,295,118,168" oya="1" hai0="116,16,61,62,48,66,70,123,45,96,57,39,67" hai1="97,37,44,115,25,14,69,91,75,3,102,7,103" hai2="29,17,78,127,30,82,4,50,49,56,0,13,1" hai3="9,8,40,84,85,87,2,120,72,131,59,80,20"/><U6/><E69/><V107/><F107/><W119/><G120/><T94/><D123/><U27/><E75/><V54/><F127/><W21/><G131/><T135/><D135/><U28/><E115/><V35/><F50/><W10/><G119/><T42/><D116/><U41/><E3/><V47/><F56/><W134/><G134/><T38/><D16/><U109/><E109/><V60/><F60/><W89/><G2/><T88/><AGARI ba="0,0" hai="38,39,42,45,48,57,61,62,66,67,70,88,94,96" machi="88" ten="20,2700,0" yaku="0,1,7,1,54,1" doraHai="83" who="0" fromWho="0" sc="419,27,295,-13,118,-7,168,-7" /><INIT seed="6,0,0,1,1,81" ten="446,282,111,161" oya="2" hai0="130,116,90,95,117,106,28,12,0,109,40,70,61" hai1="23,80,25,22,123,29,119,15,36,86,47,126,134" hai2="38,54,78,26,102,57,83,104,10,7,62,13,118" hai3="11,49,55,108,68,6,48,133,24,17,43,129,33"/><V88/><F38/><W79/><G108/><T91/><D106/><U71/><E71/><V96/><F118/><N who="0" m="45674" /><D0/><U113/><E113/><V112/><F112/><W99/><G55/><T35/><D40/><U19/><E126/><V75/><F26/><W39/><G99/><T73/><D73/><U60/><E134/><V58/><F58/><W105/><G17/><T82/><D82/><U85/><E119/><V125/><F125/><W89/><G48/><T30/><D35/><U32/><E123/><V135/><REACH who="2" step="1"/><F88/><REACH who="2" ten="446,282,101,161" step="2"/><W74/><G24/><T20/><D91/><U16/><E80/><V2/><F2/><W4/><G89/><T5/><D90/><U51/><E36/><V132/><AGARI ba="0,1" hai="7,10,13,54,57,62,75,78,83,96,102,104,132,135" machi="132" ten="30,3000,0" yaku="1,1,0,1,53,0" doraHai="81" doraHaiUra="111" who="2" fromWho="2" sc="446,-10,282,-10,101,40,161,-10" /><INIT seed="6,1,0,5,4,37" ten="436,272,141,151" oya="2" hai0="91,18,107,71,106,10,83,123,103,108,50,49,34" hai1="79,121,135,102,9,116,39,70,42,19,127,98,53" hai2="66,68,51,58,73,25,0,118,80,47,32,24,15" hai3="40,1,100,60,131,38,115,14,65,122,20,46,95"/><V126/><F0/><W44/><G122/><T6/><D71/><U81/><E116/><V97/><F118/><W75/><G1/><T63/><D123/><U105/><E70/><V52/><F126/><W61/><G75/><T5/><D34/><U110/><E110/><V30/><F68/><W45/><G131/><T94/><D63/><U22/><E121/><V55/><F66/><W86/><G115/><T82/><D18/><U57/><E9/><V3/><F3/><W35/><G35/><T62/><D62/><U11/><E11/><V12/><F25/><W128/><G128/><T48/><D5/><U96/><E135/><V27/><F24/><W85/><G40/><T17/><D17/><U119/><E42/><V104/><F104/><W84/><G38/><T59/><D59/><U69/><E39/><V21/><F32/><W13/><G65/><T109/><D106/><U4/><E69/><V67/><F67/><W124/><G124/><T33/><D33/><U113/><E113/><V120/><F120/><W78/><G78/><T93/><D107/><U28/><E105/><V90/><F73/><W43/><G43/><T16/><D6/><U130/><E130/><V134/><F134/><W133/><G133/><T89/><D108/><U77/><E127/><V114/><F114/><W99/><G14/><N who="0" m="7255" /><D103/><U2/><E2/><V7/><F7/><W56/><G56/><T132/><D132/><U117/><E4/><V36/><F36/><W41/><G41/><T125/><D125/><U87/><E119/><V29/><F29/><W26/><G13/><T31/><D109/><RYUUKYOKU ba="1,0" sc="436,-10,272,-10,141,-10,151,30" hai3="20,26,44,45,46,60,61,84,85,86,95,99,100" /><INIT seed="7,2,0,4,0,53" ten="426,262,131,181" oya="3" hai0="129,82,74,107,68,54,0,100,44,49,81,57,47" hai1="121,36,26,72,51,12,39,17,1,126,89,80,45" hai2="98,115,99,84,14,132,21,42,58,37,33,69,3" hai3="22,5,24,77,76,97,62,108,92,30,110,111,23"/><W46/><G5/><T86/><D68/><U6/><E126/><V28/><F69/><W95/><G46/><T114/><D0/><U19/><E1/><V41/><F3/><W134/><G134/><T120/><D114/><U13/><E26/><V79/><F132/><W66/><G22/><T35/><D35/><U56/><E72/><V34/><F115/><W9/><G9/><T131/><D120/><U10/><E6/><V130/><F130/><N who="0" m="49674" /><D74/><U124/><E39/><V78/><F37/><W102/><REACH who="3" step="1"/><G95/><REACH who="3" ten="426,262,131,171" step="2"/><T31/><D44/><U135/><E135/><V55/><F34/><W101/><G101/><T8/><D47/><U104/><E10/><V73/><F33/><W93/><G93/><T4/><D100/><U20/><E20/><V123/><F123/><W32/><G32/><T60/><D8/><U113/><E45/><V71/><F71/><AGARI ba="2,1" hai="23,24,30,62,66,71,76,77,92,97,102,108,110,111" machi="71" ten="40,3900,0" yaku="1,1,10,1,53,0" doraHai="53" doraHaiUra="116" who="3" fromWho="2" sc="426,0,262,0,131,-45,171,55" /><INIT seed="7,3,0,0,1,84" ten="426,262,86,226" oya="3" hai0="102,76,38,86,46,85,39,67,55,9,116,36,128" hai1="61,66,20,99,82,1,49,135,58,18,115,62,103" hai2="27,35,54,104,111,70,3,69,78,50,5,113,88" hai3="48,60,119,81,123,24,124,98,83,0,122,53,7"/><W134/><G119/><T96/><D116/><U105/><E1/><V74/><F111/><W75/><G0/><T29/><D128/><U93/><E135/><V11/><F104/><W31/><G7/><T107/><D67/><U95/><E115/><V89/><F113/><W109/><G134/><T52/><D29/><U130/><E130/><V127/><F127/><W21/><G124/><T43/><D9/><U71/><E49/><V100/><F100/><W126/><G60/><T37/><REACH who="0" step="1"/><D86/><REACH who="0" ten="416,262,86,226" step="2"/><U34/><E34/><V101/><F101/><W118/><G118/><T56/><D56/><U59/><E71/><V32/><F70/><W12/><G126/><T80/><AGARI ba="3,1" hai="36,37,38,39,43,46,52,55,76,80,85,96,102,107" machi="80" ten="40,5200,0" yaku="1,1,0,1,54,1,53,0" doraHai="84" doraHaiUra="132" who="0" fromWho="0" sc="416,71,262,-16,86,-16,226,-29" owari="487,58.0,246,5.0,70,-43.0,197,-20.0" /></mjloggm>