<mjloggm ver="2.3"><GO type="41" lobby="0"/><UN n0="%52%55%4D%42%4C%45" n1="%E8%83%8C%E4%B8%AD%E3%82%B9%E3%82%A4%E3%83%83%E3%83%81" n2="%E5%8F%8D%E9%AD%82" n3="%E5%B0%B1%E6%B4%BB%E7%94%9F%40%E5%B7%9D%E6%9D%91%E8%BB%8D%E5%9B%A3" dan="15,16,16,15" rate="1933.20,2059.67,2049.37,2002.41" sx="M,M,M,M"/><TAIKYOKU oya="0"/><INIT seed="0,0,0,2,5,87" ten="250,250,250,250" oya="0" hai0="89,35,65,49,20,80,102,42,70,132,36,26,17" hai1="104,61,117,23,44,63,116,115,19,128,120,107,129" hai2="69,127,12,106,105,94,46,29,34,112,124,38,110" hai3="108,56,45,10,122,119,121,32,79,91,75,85,109"/><T41/><D36/><U15/><E120/><N who="3" m="46186" /><G32/><T14/><D102/><U55/><E115/><V58/><F69/><W11/><G119/><N who="1" m="45642" /><E44/><V99/><F112/><W114/><G114/><T48/><D132/><U51/><E51/><V72/><F72/><W60/><G79/><T126/><D126/><N who="2" m="48170" /><F110/><N who="3" m="42603" /><G45/><T86/><D48/><U27/><E15/><V57/><F12/><W33/><G33/><T37/><D37/><U66/><E55/><V93/><F29/><W67/><G75/><T28/><REACH who="0" step="1"/><D49/><REACH who="0" ten="240,250,250,250" step="2"/><U2/><E104/><N who="2" m="40043" /><F34/><W88/><G91/><T4/><D4/><U13/><E107/><V77/><F77/><W125/><G125/><T90/><D90/><U76/><E76/><V54/><F38/><W73/><G73/><T101/><D101/><U135/><E135/><V68/><F46/><W82/><AGARI ba="0,1" hai="10,11,56,60,67,82,85,88" m="42603,46186" machi="82" ten="30,7900,0" yaku="13,1,14,1,52,1,54,1" doraHai="87" who="3" fromWho="3" sc="240,-39,250,-20,250,-20,250,89" /><INIT seed="1,0,0,4,3,64" ten="201,230,230,339" oya="1" hai0="56,52,61,33,126,42,40,70,77,62,7,0,75" hai1="68,103,89,46,110,8,59,43,116,65,94,45,54" hai2="129,128,53,104,112,44,21,92,96,50,13,39,55" hai3="111,133,36,18,9,48,102,91,134,74,71,1,73"/><U58/><E116/><V25/><F39/><W122/><G36/><T88/><D33/><U4/><E103/><N who="2" m="60807" /><F104/><W130/><G102/><T131/><D126/><U38/><E110/><V15/><F112/><W101/><G101/><T83/><D131/><N who="2" m="50250" /><F55/><W84/><G111/><T31/><D31/><AGARI ba="0,0" hai="13,15,21,25,31,44,50,53" m="50250,60807" machi="31" ten="30,1000,0" yaku="19,1" doraHai="64" who="2" fromWho="0" sc="201,-10,230,0,230,10,339,0" /><INIT seed="2,0,0,2,2,71" ten="191,230,240,339" oya="2" hai0="28,16,5,128,7,96,56,50,77,22,69,135,95" hai1="48,9,40,121,92,94,58,93,133,42,126,72,70" hai2="47,41,14,78,97,21,31,98,81,54,37,129,23" hai3="30,60,107,112,49,36,64,125,111,20,119,79,10"/><V106/><F129/><W99/><G112/><T13/><D69/><U39/><E70/><V87/><F106/><W86/><G119/><T74/><D128/><U113/><E113/><V76/><F76/><W124/><G111/><T82/><D135/><U103/><E133/><V127/><F127/><W89/><G49/><T1/><D1/><U122/><E126/><N who="3" m="48746" /><G79/><T0/><D0/><U35/><E35/><V15/><F54/><W4/><G36/><T80/><D82/><U100/><E72/><V38/><F31/><W83/><G20/><T8/><D28/><U63/><E9/><V33/><F33/><W85/><G30/><T19/><D56/><U73/><E73/><V123/><F123/><N who="1" m="47113" /><E48/><V102/><F102/><N who="1" m="38953" /><E39/><V109/><F109/><W108/><G108/><T18/><D50/><U110/><E110/><V61/><F61/><W55/><G55/><AGARI ba="0,0" hai="40,42,55,58,63,92,93,94" m="38953,47113" machi="55" ten="30,1000,0" yaku="13,1" doraHai="71" who="1" fromWho="3" sc="191,0,230,10,240,0,339,-10" /><INIT seed="3,0,0,1,5,16" ten="191,240,240,329" oya="3" hai0="69,10,78,8,18,0,80,94,57,28,121,52,35" hai1="76,81,41,20,120,79,45,100,115,36,72,126,34" hai2="54,88,95,103,21,97,75,9,107,84,70,87,66" hai3="74,122,49,15,68,101,119,96,26,2,14,48,90"/><W1/><G119/><T117/><D69/><U4/><E120/><V110/><F110/><W27/><G68/><T93/><D121/><U3/><E79/><V135/><F107/><W46/><G122/><T83/><D117/><U129/><E115/><V91/><F135/><W5/><G74/><T127/><D127/><U109/><E126/><V73/><F70/><W61/><G5/><T31/><D35/><U23/><E109/><V24/><F66/><W106/><G90/><N who="2" m="34345" /><F75/><W111/><G111/><T7/><D80/><U86/><E129/><V42/><F73/><W128/><G128/><T105/><D105/><U56/><E86/><N who="2" m="32811" /><F42/><W29/><G29/><T47/><D83/><U82/><E82/><V43/><F43/><W33/><G33/><T104/><D78/><U124/><E124/><V64/><F64/><W89/><G89/><T38/><D104/><U134/><E134/><V99/><F99/><W108/><G108/><T13/><D47/><U123/><E123/><V65/><F65/><W37/><G96/><T116/><D38/><U113/><E113/><V58/><F9/><W125/><G37/><T30/><REACH who="0" step="1"/><D116/><REACH who="0" ten="181,240,240,329" step="2"/><U62/><E34/><V77/><F77/><W25/><G106/><T40/><D40/><U133/><E133/><V44/><F44/><W12/><G46/><T130/><D130/><U92/><E92/><V60/><F24/><W53/><G125/><T114/><D114/><U51/><E36/><V118/><F118/><W39/><G39/><T131/><D131/><U59/><E41/><V67/><F67/><W11/><G27/><T98/><D98/><RYUUKYOKU ba="0,1" sc="181,15,240,-15,240,15,329,-15" hai0="0,7,8,10,13,18,28,30,31,52,57,93,94" hai2="21,54,58,60,95,97,103" /><INIT seed="4,1,1,4,4,61" ten="196,225,255,314" oya="0" hai0="43,10,24,50,18,131,87,95,21,68,55,64,56" hai1="84,9,121,20,76,60,39,23,72,81,130,114,86" hai2="12,134,112,2,63,49,34,75,29,128,52,105,32" hai3="90,80,127,3,67,62,111,119,133,41,42,93,69"/><T1/><D131/><U47/><E130/><V104/><F128/><W19/><G111/><T83/><D43/><U6/><E121/><V16/><F2/><W102/><G119/><T14/><D1/><U89/><E114/><V48/><F75/><W85/><G3/><T57/><D68/><U0/><E89/><V54/><F112/><W35/><G35/><T117/><D117/><U129/><E129/><V113/><F113/><W108/><G108/><T101/><D101/><U28/><E60/><V100/><F134/><W94/><G133/><T123/><D123/><U78/><E78/><V116/><F116/><W79/><G127/><T77/><D95/><U44/><E44/><V88/><F63/><W96/><REACH who="3" step="1"/><G19/><REACH who="3" ten="196,225,255,304" step="2"/><T58/><REACH who="0" step="1"/><D64/><REACH who="0" ten="186,225,255,304" step="2"/><U126/><E126/><V99/><F34/><W91/><G91/><T110/><D110/><U118/><E118/><V25/><F88/><W71/><G71/><T135/><D135/><U33/><E0/><V65/><F65/><W15/><G15/><T40/><D40/><U11/><E33/><V125/><F125/><W103/><G103/><T8/><D8/><U132/><E11/><V45/><F100/><W13/><G13/><T73/><D73/><AGARI ba="1,3" hai="41,42,62,67,69,73,79,80,85,90,93,94,96,102" machi="73" ten="30,3900,0" yaku="1,1,7,1,52,1,53,0" doraHai="61" doraHaiUra="46" who="3" fromWho="0" sc="186,-42,225,0,255,0,304,72" /><INIT seed="5,0,0,2,5,94" ten="144,225,255,376" oya="1" hai0="130,96,104,76,51,13,117,81,50,124,126,21,15" hai1="120,42,85,80,87,71,57,44,38,11,116,134,93" hai2="37,40,95,103,43,88,0,133,78,111,31,47,102" hai3="35,72,8,3,127,61,4,39,84,86,107,128,108"/><U14/><E71/><V28/><F111/><W17/><G108/><T20/><D117/><U1/><E116/><V49/><F0/><W52/><G39/><T26/><D130/><U22/><E120/><V83/><F37/><W125/><G72/><T106/><D26/><U24/><E1/><V123/><F123/><W67/><G128/><T58/><D58/><U30/><E134/><V77/><F43/><W90/><G107/><T112/><D81/><U9/><E93/><V33/><F33/><W12/><G35/><T89/><D89/><U129/><E129/><V132/><F31/><W114/><G114/><T105/><D105/><U131/><E131/><V10/><F28/><W121/><G121/><T27/><D27/><U118/><E118/><V115/><F10/><W82/><G86/><T19/><D19/><U56/><E85/><N who="2" m="52623" /><F115/><W65/><G3/><T7/><D112/><U119/><E119/><V98/><F83/><W66/><G4/><T45/><D7/><U91/><REACH who="1" step="1"/><E11/><REACH who="1" ten="144,215,255,376" step="2"/><V70/><F70/><W18/><G8/><T73/><D73/><U122/><E122/><V60/><F133/><W32/><G84/><T6/><D6/><AGARI ba="0,1" hai="6,9,14,22,24,30,38,42,44,56,57,80,87,91" machi="6" ten="30,2900,0" yaku="1,1,7,1,53,0" doraHai="94" doraHaiUra="29" who="1" fromWho="0" sc="144,-29,215,39,255,0,376,0" /><INIT seed="5,1,0,0,4,107" ten="115,254,255,376" oya="1" hai0="92,50,93,88,43,65,124,21,36,76,61,129,44" hai1="134,30,3,101,87,128,73,78,66,26,0,57,108" hai2="115,75,52,22,34,11,110,13,91,130,96,121,53" hai3="131,70,51,99,74,132,103,114,9,83,80,40,23"/><U127/><E127/><V1/><F110/><W29/><G70/><T85/><D124/><U55/><E108/><V60/><F121/><W62/><G74/><T77/><D129/><U49/><E128/><V16/><F130/><W122/><G122/><T45/><D21/><U27/><E134/><V109/><F109/><W56/><G114/><T17/><D17/><U38/><E38/><V68/><F34/><W4/><G132/><T119/><D119/><U120/><E120/><V64/><F115/><W6/><G51/><T81/><D93/><U19/><E87/><V116/><F116/><W32/><G40/><T25/><D25/><U20/><E101/><V72/><F96/><W97/><G32/><T125/><D125/><U46/><E66/><V86/><F1/><W28/><G99/><T104/><D104/><U90/><E90/><V59/><F11/><W105/><G6/><T135/><D135/><U15/><E46/><V100/><F100/><W98/><G98/><T133/><D133/><U10/><REACH who="1" step="1"/><E27/><REACH who="1" ten="115,244,255,376" step="2"/><V89/><F89/><W54/><G131/><T35/><D81/><AGARI ba="1,1" hai="0,3,10,15,19,20,26,30,49,55,57,73,78,81" machi="81" ten="40,12000,1" yaku="1,1,2,1,52,1,53,1" doraHai="107" doraHaiUra="79" who="1" fromWho="0" sc="115,-123,244,133,255,0,376,0" owari="-8,-51.0,377,47.0,255,-14.0,376,18.0" /></mjloggm>