<mjloggm ver="2.3"><GO type="41" lobby="0"/><UN n0="%74%6F%6F%73%68%69%72%6F" n1="%54%49%46%46%41%4E%59%21" n2="%E5%B0%B1%E6%B4%BB%E7%94%9F%40%E5%B7%9D%E6%9D%91%E8%BB%8D%E5%9B%A3" n3="%74%65%72%69%6F%73%75" dan="15,13,14,14" rate="1999.24,1829.02,1927.19,1973.03" sx="M,F,M,M"/><TAIKYOKU oya="0"/><INIT seed="0,0,0,2,0,28" ten="250,250,250,250" oya="0" hai0="108,86,125,78,51,64,63,129,107,110,80,79,74" hai1="46,38,114,55,132,134,73,71,103,98,66,58,40" hai2="109,12,88,11,95,112,75,49,9,2,5,127,26" hai3="72,87,57,54,23,117,85,101,124,82,116,92,53"/><T68/><D129/><U35/><E73/><V115/><F75/><W121/><G124/><T62/><D125/><U50/><E35/><V6/><F127/><W100/><G53/><T16/><D107/><U113/><E98/><V0/><F109/><N who="0" m="42090" /><D51/><U8/><E8/><V22/><F12/><W83/><G23/><T89/><D63/><N who="1" m="40415" /><E103/><N who="3" m="39498" /><G54/><T15/><D74/><U118/><E118/><N who="3" m="45674" /><G57/><T102/><D102/><U21/><E21/><AGARI ba="0,0" hai="15,16,21,62,64,68,78,79,80,86,89" m="42090" machi="21" ten="30,5800,0" yaku="14,1,10,1,54,1" doraHai="28" who="0" fromWho="1" sc="250,58,250,-58,250,0,250,0" /><INIT seed="0,1,0,2,2,113" ten="308,192,250,250" oya="0" hai0="54,29,51,79,59,17,46,53,7,19,89,117,15" hai1="62,21,84,128,6,123,49,90,129,35,5,42,132" hai2="95,106,0,2,40,73,126,119,30,11,104,111,85" hai3="108,130,120,127,47,45,94,77,92,9,96,57,43"/><T88/><D117/><U24/><E123/><V23/><F73/><W76/><G120/><T55/><D29/><U75/><E75/><V82/><F40/><W101/><G127/><T93/><D79/><U135/><E62/><V131/><F126/><W1/><G130/><N who="1" m="50282" /><E35/><V110/><F131/><W65/><G108/><N who="2" m="41513" /><F95/><W97/><G65/><T103/><D7/><N who="1" m="2571" /><E49/><V25/><F119/><W28/><G57/><T74/><D74/><U8/><E42/><V69/><F69/><W63/><G1/><N who="2" m="617" /><F11/><W58/><G9/><N who="0" m="6383" /><D19/><N who="1" m="12351" /><E8/><V68/><F68/><W10/><G10/><T116/><D116/><U34/><E34/><V33/><F33/><W31/><G43/><N who="0" m="25055" /><D59/><U70/><E70/><V78/><AGARI ba="1,0" hai="23,25,30,78,82,85,104,106" m="617,41513" machi="78" ten="30,1100,0" yaku="14,1" doraHai="113" who="2" fromWho="2" sc="308,-6,192,-4,250,14,250,-4" /><INIT seed="1,0,0,1,2,72" ten="302,188,264,246" oya="1" hai0="66,12,26,114,73,16,65,14,88,124,129,4,11" hai1="38,52,118,133,94,99,35,32,98,43,18,74,91" hai2="54,125,22,64,59,21,90,110,132,87,105,108,89" hai3="96,13,104,86,112,56,67,42,92,0,30,134,100"/><U23/><E118/><V79/><F105/><W50/><G0/><T80/><D114/><U7/><E133/><V82/><F64/><W60/><G112/><T44/><D129/><U70/><E70/><V84/><F132/><W103/><G134/><T28/><D124/><U95/><E7/><V9/><F9/><W101/><G42/><T39/><D39/><U29/><E29/><V2/><F2/><W20/><G50/><T48/><D26/><U15/><E74/><V111/><F125/><W41/><G41/><T113/><D28/><U122/><E122/><V128/><F128/><W33/><G33/><T46/><D46/><U120/><E120/><V8/><F8/><W19/><G30/><T63/><D63/><U85/><E85/><V127/><F127/><W37/><G37/><T131/><D131/><U34/><E43/><V47/><F47/><W76/><G104/><T25/><D25/><U6/><E6/><V109/><N who="2" m="28160" /><DORA hai="97" /><V69/><F69/><W68/><G68/><T117/><D117/><U10/><E38/><V106/><F106/><W77/><G86/><N who="0" m="50247" /><D73/><U75/><E75/><V93/><F90/><AGARI ba="0,0" hai="13,19,20,56,60,67,76,77,90,92,96,100,101,103" machi="90" ten="40,12000,2" yaku="8,1,52,5" doraHai="72,97" who="3" fromWho="2" sc="302,0,188,0,264,-120,246,120" /><INIT seed="2,0,0,2,2,114" ten="302,188,144,366" oya="2" hai0="71,61,91,97,55,123,111,102,48,121,33,79,11" hai1="5,103,52,2,87,78,89,72,57,94,93,106,58" hai2="34,81,0,84,32,22,117,124,26,118,45,46,44" hai3="133,23,135,19,90,56,17,122,130,38,99,115,109"/><V54/><F0/><W14/><G38/><T24/><D111/><U131/><E131/><V128/><F124/><W7/><G122/><T112/><D112/><U36/><E36/><V51/><F128/><W67/><G130/><T120/><D79/><U47/><E94/><V20/><F34/><W80/><G115/><T73/><D73/><U62/><E47/><V116/><F32/><W21/><G7/><T76/><D76/><U77/><E58/><V100/><F100/><W105/><G109/><T101/><D101/><U68/><E68/><V37/><F37/><W40/><G40/><T42/><D42/><U41/><E41/><V88/><REACH who="2" step="1"/><F20/><REACH who="2" ten="302,188,134,366" step="2"/><W110/><G21/><T82/><D123/><U50/><E2/><V59/><F59/><W60/><G23/><T92/><D121/><U126/><E126/><V104/><F104/><W31/><G105/><T29/><D120/><U35/><E35/><V63/><F63/><W119/><G60/><T30/><D71/><U16/><E62/><V113/><F113/><W96/><G56/><T129/><D129/><U95/><E106/><V74/><F74/><W107/><G107/><T65/><D61/><U66/><E72/><V18/><AGARI ba="0,1" hai="18,22,26,44,45,46,51,54,81,84,88,116,117,118" machi="18" ten="30,24000,3" yaku="1,1,0,1,52,3,54,1,53,3" doraHai="114" doraHaiUra="43" who="2" fromWho="2" sc="302,-80,188,-80,134,250,366,-80" /><INIT seed="2,1,0,1,0,72" ten="222,108,384,286" oya="2" hai0="133,81,39,93,5,20,51,103,31,52,109,67,57" hai1="9,88,98,32,54,49,90,132,87,100,99,30,75" hai2="18,60,111,43,24,17,102,62,112,6,63,0,115" hai3="26,35,14,123,126,86,34,8,92,131,19,41,23"/><V50/><F111/><W121/><G41/><T42/><D109/><U2/><E132/><V119/><F119/><W97/><G86/><T110/><D133/><U27/><E75/><V84/><F0/><W127/><G92/><T38/><D110/><U71/><E71/><V130/><F130/><W11/><G97/><T70/><D5/><U37/><E37/><V83/><F6/><N who="3" m="3351" /><G131/><T80/><D42/><U122/><E122/><N who="3" m="46602" /><G11/><T33/><D39/><U7/><E87/><V69/><F69/><W12/><G12/><T79/><D38/><U95/><REACH who="1" step="1"/><E99/><REACH who="1" ten="222,98,384,286" step="2"/><V40/><F112/><W44/><G44/><AGARI ba="1,1" hai="2,7,9,27,30,32,44,49,54,88,90,95,98,100" machi="44" ten="30,8000,1" yaku="1,1,2,1,7,1,54,1,53,1" doraHai="72" doraHaiUra="48" who="1" fromWho="3" sc="222,0,98,93,384,0,286,-83" /><INIT seed="3,0,0,3,4,72" ten="222,191,384,203" oya="3" hai0="99,55,80,6,119,53,133,22,47,106,117,81,46" hai1="107,3,69,127,57,84,124,90,75,98,96,109,10" hai2="32,8,56,15,19,89,111,20,100,31,83,104,0" hai3="35,82,66,108,78,33,114,13,102,26,126,97,50"/><W67/><G114/><T116/><D133/><U86/><E69/><V79/><F111/><W76/><G108/><T52/><D6/><U27/><E27/><N who="2" m="18559" /><F89/><W128/><G128/><T135/><D22/><U17/><E109/><V132/><F132/><W120/><G120/><T61/><D61/><U77/><E57/><V43/><F43/><W28/><G126/><N who="1" m="48170" /><E17/><V29/><F29/><W131/><G33/><T105/><D99/><N who="1" m="37931" /><E107/><N who="0" m="40969" /><D135/><U103/><E103/><V38/><F38/><W121/><G121/><T125/><D125/><U62/><E62/><V130/><F130/><W9/><G131/><T64/><D64/><U73/><E10/><V7/><F56/><W85/><G66/><T42/><D42/><U91/><E3/><V37/><F37/><W34/><G67/><T71/><D71/><U101/><E101/><V58/><F58/><W88/><G34/><T41/><D41/><U1/><E1/><V60/><F60/><W51/><G51/><T59/><D59/><U63/><E63/><V92/><F104/><W18/><G50/><T129/><D129/><U16/><E16/><V134/><F134/><W112/><G112/><T11/><D11/><U36/><E36/><V115/><F115/><W94/><AGARI ba="0,0" hai="9,13,18,26,28,35,76,78,82,85,88,94,97,102" machi="94" ten="20,12000,1" yaku="0,1,7,1,52,2,54,1" doraHai="72" who="3" fromWho="3" sc="222,-40,191,-40,384,-40,203,120" /><INIT seed="3,1,0,4,3,101" ten="182,151,344,323" oya="3" hai0="31,81,126,103,76,77,11,15,23,54,42,13,20" hai1="57,128,59,89,67,51,93,108,4,119,95,94,102" hai2="115,1,27,65,78,48,44,58,134,2,82,105,86" hai3="135,6,125,99,96,123,62,120,118,133,66,55,114"/><W28/><G118/><T84/><D126/><U63/><E108/><V24/><F115/><W72/><G125/><T5/><D103/><U122/><E122/><V9/><F134/><N who="3" m="51211" /><G72/><T97/><D97/><N who="3" m="37449" /><G6/><T112/><D112/><U37/><E37/><V92/><F105/><W73/><G73/><T0/><D0/><U87/><E128/><V104/><F104/><W34/><G114/><T129/><D129/><U132/><E132/><V121/><F121/><N who="3" m="46667" /><G55/><T26/><D42/><U60/><E119/><V106/><F106/><W38/><G38/><T53/><D77/><U21/><E102/><V49/><F1/><W29/><G34/><T98/><D98/><U90/><E4/><V79/><F2/><W10/><G10/><T18/><AGARI ba="1,0" hai="5,11,13,15,18,20,23,26,31,53,54,76,81,84" machi="18" ten="30,2000,0" yaku="0,1,8,1" doraHai="101" who="0" fromWho="0" sc="182,23,151,-6,344,-6,323,-11" /><INIT seed="4,0,0,4,2,30" ten="205,145,338,312" oya="0" hai0="35,9,36,104,39,101,10,113,32,71,63,103,37" hai1="134,102,38,42,49,54,28,6,107,12,114,45,46" hai2="73,29,96,44,97,8,7,87,17,4,131,119,126" hai3="86,135,60,88,16,0,123,130,117,66,21,3,77"/><T127/><D127/><U41/><E28/><V52/><F73/><W65/><G123/><T20/><D20/><U61/><E102/><V68/><F68/><W90/><G117/><T1/><D9/><U121/><E107/><V83/><F119/><W133/><G130/><T122/><D103/><U105/><E105/><V128/><F126/><W15/><G77/><T118/><D113/><U11/><E121/><V67/><F67/><N who="3" m="25611" /><G60/><T98/><D118/><U81/><E134/><N who="3" m="51210" /><G90/><T108/><D108/><U40/><E114/><V2/><F29/><W50/><G50/><T116/><D116/><U95/><E95/><AGARI ba="0,0" hai="0,3,15,16,21,86,88,95" m="51210,25611" machi="95" ten="30,3900,0" yaku="20,1,54,2" doraHai="30" who="3" fromWho="1" sc="205,0,145,-39,338,0,312,39" /><INIT seed="5,0,0,3,4,1" ten="205,106,338,351" oya="1" hai0="55,48,89,103,123,49,86,101,12,37,20,92,62" hai1="28,44,129,114,110,2,134,24,46,135,66,6,68" hai2="52,14,71,121,9,132,104,43,77,94,83,81,90" hai3="47,26,84,63,4,128,97,35,10,22,51,99,133"/><U88/><E114/><V54/><F104/><W3/><G128/><T16/><D37/><U76/><E129/><V7/><F71/><W109/><G133/><N who="1" m="50698" /><E110/><V74/><F132/><W5/><G109/><T45/><D123/><U98/><E76/><V126/><F126/><W117/><G35/><T108/><D108/><U72/><E72/><V64/><F64/><W105/><G63/><T23/><D62/><N who="1" m="40023" /><E24/><V73/><F43/><W32/><G32/><T50/><D23/><U125/><E28/><V107/><F107/><W69/><G69/><T119/><D119/><U27/><E27/><V115/><F115/><W127/><G127/><T59/><D49/><U102/><E125/><V57/><F121/><W40/><G105/><T53/><AGARI ba="0,0" hai="12,16,20,45,48,50,53,55,59,86,89,92,101,103" machi="53" ten="20,12000,2" yaku="0,1,7,1,25,2,8,1,54,1" doraHai="1" who="0" fromWho="0" sc="205,120,106,-60,338,-30,351,-30" /><INIT seed="6,0,0,1,3,33" ten="325,46,308,321" oya="2" hai0="72,89,7,74,11,40,80,15,83,27,76,77,104" hai1="115,19,16,130,47,54,23,117,59,99,86,124,55" hai2="70,127,135,133,35,108,48,52,94,75,4,102,20" hai3="18,12,92,53,73,85,113,62,84,56,71,123,45"/><V24/><F75/><W95/><G73/><T32/><D40/><U120/><E117/><V79/><F70/><W64/><G123/><T3/><D89/><U114/><E130/><V36/><F36/><W96/><G113/><T22/><D104/><U46/><E124/><V30/><F127/><W14/><G45/><T63/><D63/><U134/><E99/><N who="2" m="59767" /><F79/><W93/><G96/><T98/><D98/><U29/><E29/><V26/><F4/><W126/><G126/><T111/><D111/><U112/><E134/><N who="2" m="51211" /><F108/><W88/><G84/><T21/><D15/><U82/><E120/><V57/><F24/><W128/><G12/><T66/><D66/><U13/><E19/><V121/><F121/><W131/><G131/><T44/><D44/><U0/><E0/><V28/><F28/><AGARI ba="0,0" hai="3,7,11,21,22,27,28,32,72,74,76,77,80,83" machi="28" ten="40,2600,0" yaku="9,1,52,1" doraHai="33" who="0" fromWho="2" sc="325,26,46,0,308,-26,321,0" /><INIT seed="7,0,0,4,4,78" ten="351,46,282,321" oya="3" hai0="86,88,75,19,5,30,45,4,127,7,48,89,17" hai1="49,52,74,98,21,96,13,116,84,102,16,32,37" hai2="54,118,38,55,8,124,130,33,24,10,91,123,68" hai3="60,42,3,125,46,61,31,23,80,135,113,105,65"/><W69/><G105/><T129/><D75/><U36/><E116/><V40/><F118/><W119/><G119/><T76/><D30/><U107/><E32/><V115/><F68/><W15/><G3/><T58/><D129/><U20/><E74/><V110/><F110/><W53/><G125/><T87/><D58/><U106/><E21/><V134/><F130/><W90/><G135/><T29/><D29/><U56/><REACH who="1" step="1"/><E84/><REACH who="1" ten="351,36,282,321" step="2"/><V28/><F134/><W12/><G23/><T132/><D132/><U6/><E6/><V94/><F124/><W73/><G73/><T95/><D127/><U111/><E111/><V51/><F123/><W18/><G31/><T79/><D19/><U11/><E11/><V0/><F115/><W62/><G18/><T47/><D17/><U99/><E99/><V97/><F0/><W120/><G120/><T117/><D117/><U72/><E72/><V100/><F38/><W70/><G70/><T101/><D101/><AGARI ba="0,1" hai="13,16,20,36,37,49,52,56,96,98,101,102,106,107" machi="101" ten="40,8000,1" yaku="1,1,9,1,54,2,53,0" doraHai="78" doraHaiUra="34" who="1" fromWho="0" sc="351,-80,36,90,282,0,321,0" owari="271,-13.0,126,-37.0,282,8.0,321,42.0" /></mjloggm>