<mjloggm ver="2.3"><GO type="41" lobby="0"/><UN n0="%E3%81%86%E3%81%83%E3%83%BC%E3%81%A1%E3%82%83%E3%82%93" n1="%E9%BB%92%E7%8A%AC%40%E3%81%A6%E3%82%93%E3%81%BB%E3%83%BC" n2="%E3%82%82%E3%81%98%E3%82%89" n3="%E5%B0%B1%E6%B4%BB%E7%94%9F%40%E5%B7%9D%E6%9D%91%E8%BB%8D%E5%9B%A3" dan="16,15,14,17" rate="2142.33,2017.11,1945.72,2081.16" sx="M,F,M,M"/><TAIKYOKU oya="0"/><INIT seed="0,0,0,4,0,69" ten="250,250,250,250" oya="0" hai0="83,12,85,49,75,86,50,4,7,55,30,102,24" hai1="47,29,70,65,33,114,40,77,118,131,2,62,27" hai2="57,54,74,110,78,15,128,61,28,38,67,89,115" hai3="117,63,59,96,14,82,120,41,123,107,93,111,17"/><T91/><D75/><U0/><E118/><V84/><F115/><W94/><G117/><T48/><D102/><U79/><E114/><V73/><F128/><W129/><G41/><T126/><D126/><U127/><E131/><V68/><F78/><W9/><G129/><T51/><D12/><U113/><E113/><V90/><F110/><W135/><G135/><T18/><D18/><U36/><E127/><V104/><F104/><W88/><G111/><T46/><REACH who="0" step="1"/><D86/><REACH who="0" ten="240,250,250,250" step="2"/><U124/><E124/><V20/><F74/><W133/><G133/><T87/><D87/><U11/><E79/><V37/><F73/><W134/><G134/><T92/><D92/><U130/><E130/><V81/><F89/><W35/><G94/><T122/><D122/><U66/><E77/><V125/><F125/><W26/><G107/><T31/><D31/><U23/><E23/><AGARI ba="0,1" hai="4,7,23,24,30,46,48,49,50,51,55,83,85,91" machi="23" ten="40,7700,0" yaku="1,1,8,1,53,1" doraHai="69" doraHaiUra="76" who="0" fromWho="1" sc="240,87,250,-77,250,0,250,0" /><INIT seed="0,1,0,5,5,98" ten="327,173,250,250" oya="0" hai0="89,39,73,41,5,99,112,18,67,12,25,85,27" hai1="121,10,6,105,36,17,94,32,65,48,126,42,124" hai2="54,3,52,77,19,96,113,86,1,75,9,29,30" hai3="78,83,69,109,43,62,84,37,82,70,133,131,72"/><T34/><D73/><U118/><E105/><V23/><F75/><W132/><G37/><T13/><D112/><U50/><E32/><V58/><F3/><W38/><G38/><T115/><D115/><U35/><E36/><V63/><F9/><W11/><G43/><T76/><D76/><U47/><E35/><V79/><F1/><W122/><G122/><T120/><D120/><U53/><E121/><V74/><F74/><W92/><G131/><T106/><D67/><U125/><E118/><V80/><F113/><W60/><G11/><T0/><D0/><U71/><E17/><V28/><F96/><W135/><G92/><T24/><D34/><U95/><E65/><N who="2" m="39159" /><F77/><W8/><G8/><T45/><D5/><U66/><E66/><V26/><AGARI ba="1,0" hai="19,23,26,28,29,30,52,54,79,80,86" m="39159" machi="26" ten="30,2000,0" yaku="8,1,54,1" doraHai="98" who="2" fromWho="2" sc="327,-11,173,-6,250,23,250,-6" /><INIT seed="1,0,0,1,0,88" ten="316,167,273,244" oya="1" hai0="109,47,111,6,71,124,30,52,72,39,66,93,51" hai1="43,118,17,99,75,2,134,33,120,45,4,27,79" hai2="103,83,69,135,29,119,92,56,57,61,22,50,62" hai3="36,32,10,96,58,34,8,108,11,24,106,87,23"/><U48/><E120/><V130/><F119/><W12/><G36/><T127/><D72/><U42/><E118/><V89/><F69/><W3/><G3/><T9/><D30/><U125/><E2/><V13/><F135/><W82/><G108/><N who="0" m="41547" /><D9/><U26/><E4/><V85/><F130/><W100/><G58/><T95/><D6/><U54/><E134/><V37/><F37/><W101/><G100/><T14/><D14/><U44/><E125/><N who="0" m="48201" /><D39/><U63/><E75/><V46/><F29/><W98/><G98/><T16/><D16/><U41/><E99/><N who="2" m="59879" /><F22/><W49/><G49/><T84/><D84/><U67/><E33/><V115/><F13/><W117/><G117/><T94/><D66/><U126/><E79/><V121/><F121/><W91/><REACH who="3" step="1"/><G12/><REACH who="3" ten="316,167,273,234" step="2"/><T25/><D25/><U18/><E126/><V78/><F115/><W116/><G116/><T70/><AGARI ba="0,1" hai="47,51,52,70,71,93,94,95" m="48201,41547" machi="70" ten="40,12000,2" yaku="14,1,18,1,52,3,54,1" doraHai="88" who="0" fromWho="0" sc="316,130,167,-60,273,-30,234,-30" /><INIT seed="2,0,0,4,0,79" ten="446,107,243,204" oya="2" hai0="100,5,103,18,30,78,110,25,86,31,11,39,45" hai1="91,22,65,129,16,48,6,28,21,23,135,92,20" hai2="132,3,77,76,46,44,113,37,55,119,66,128,99" hai3="67,72,95,82,115,84,133,121,41,17,53,97,12"/><V123/><F119/><W56/><G121/><T34/><D110/><U49/><E129/><V73/><F123/><W8/><G72/><T52/><D30/><U47/><E135/><V116/><F116/><W54/><G133/><T60/><D18/><U63/><E28/><V87/><F3/><W26/><G115/><T120/><D120/><U104/><E6/><V131/><F113/><W134/><G41/><T102/><D39/><U96/><E104/><V43/><F66/><W33/><G134/><T9/><D9/><U130/><E130/><N who="2" m="49707" /><F73/><W24/><G67/><T71/><D71/><U125/><E125/><V124/><F132/><W35/><G35/><T74/><D74/><U38/><E38/><V93/><F87/><W1/><G1/><T14/><D86/><U19/><E19/><V59/><F46/><W117/><G33/><T4/><D4/><U70/><REACH who="1" step="1"/><E47/><REACH who="1" ten="446,97,243,204" step="2"/><V2/><F124/><W61/><G117/><T114/><D114/><U27/><AGARI ba="0,1" hai="16,20,21,22,23,27,48,49,63,65,70,91,92,96" machi="27" ten="30,7900,0" yaku="1,1,2,1,0,1,54,1,53,0" doraHai="79" doraHaiUra="36" who="1" fromWho="1" sc="446,-20,97,89,243,-39,204,-20" /><INIT seed="3,0,0,4,4,117" ten="426,186,204,184" oya="3" hai0="75,2,135,0,124,88,33,125,87,132,52,109,123" hai1="34,21,103,30,39,44,121,40,81,9,16,22,106" hai2="41,134,43,86,35,127,6,24,4,64,59,17,98" hai3="63,13,37,18,105,129,80,120,53,38,60,29,77"/><W130/><G105/><T48/><D33/><U74/><E121/><V56/><F127/><N who="0" m="48714" /><D75/><U19/><E34/><V108/><F108/><W73/><G29/><T94/><D109/><U83/><E30/><V119/><F119/><W72/><G72/><T99/><D99/><U23/><E74/><V104/><F134/><N who="0" m="51242" /><D123/><U25/><E9/><V42/><F35/><W62/><G53/><T79/><D79/><U91/><E23/><N who="2" m="13423" /><F104/><W115/><G115/><T69/><D69/><U57/><E57/><AGARI ba="0,0" hai="0,2,48,52,57,87,88,94" m="51242,48714" machi="57" ten="30,7700,0" yaku="18,1,20,1,54,2" doraHai="117" who="0" fromWho="1" sc="426,77,186,-77,204,0,184,0" /><INIT seed="4,0,0,3,0,6" ten="503,109,204,184" oya="0" hai0="135,87,130,55,39,33,63,0,128,70,54,13,35" hai1="91,1,72,52,110,40,75,5,114,90,105,122,10" hai2="99,133,84,41,49,111,16,123,83,68,19,115,118" hai3="125,66,38,20,96,34,47,27,67,120,124,78,2"/><T94/><D39/><U4/><E105/><V37/><F37/><W80/><G34/><T50/><D0/><U21/><E122/><V53/><F41/><N who="3" m="22967" /><G2/><T60/><D13/><U11/><E40/><V64/><F123/><W57/><G57/><T14/><D14/><U51/><E110/><V30/><F111/><W113/><G96/><T101/><D87/><U89/><E21/><V98/><F133/><W127/><G113/><T79/><D79/><U86/><E86/><V112/><F30/><N who="3" m="17767" /><G120/><T108/><D94/><U12/><REACH who="1" step="1"/><E114/><REACH who="1" ten="503,99,204,184" step="2"/><N who="2" m="43563" /><F99/><W134/><G134/><T17/><D108/><U9/><E9/><V95/><F98/><W85/><AGARI ba="0,1" hai="66,67,78,80,85,124,125,127" m="17767,22967" machi="85" ten="30,1100,0" yaku="18,1" doraHai="6" who="3" fromWho="3" sc="503,-5,99,-3,204,-3,184,21" /><INIT seed="5,0,0,4,3,44" ten="498,96,201,205" oya="1" hai0="107,37,98,104,114,72,60,25,4,19,29,58,88" hai1="33,100,68,8,61,67,86,81,54,76,35,48,127" hai2="70,117,97,17,124,85,47,62,91,89,23,12,119" hai3="55,65,59,109,5,13,51,39,49,115,11,80,16"/><U50/><E100/><V73/><F73/><W78/><G109/><T32/><D72/><U53/><E127/><V90/><F124/><W66/><G39/><T99/><D37/><U52/><REACH who="1" step="1"/><E8/><REACH who="1" ten="498,86,201,205" step="2"/><V83/><F119/><W9/><G115/><T96/><D114/><U34/><AGARI ba="0,1" hai="33,34,35,48,50,52,53,54,61,67,68,76,81,86" machi="34" ten="40,18000,2" yaku="1,1,2,1,0,1,52,2,54,1,53,0" doraHai="44" doraHaiUra="10" who="1" fromWho="1" sc="498,-60,86,190,201,-60,205,-60" /><INIT seed="5,1,0,4,2,2" ten="438,276,141,145" oya="1" hai0="116,118,81,36,82,52,132,87,63,90,23,91,65" hai1="49,108,120,6,112,24,117,101,1,12,110,32,113" hai2="43,84,103,27,78,124,41,8,114,61,94,21,69" hai3="4,88,56,57,125,133,22,14,96,9,134,53,28"/><U19/><E101/><V39/><F124/><W126/><G28/><T64/><D36/><U122/><E49/><V59/><F69/><W26/><G26/><T60/><D23/><U48/><E48/><V102/><F39/><W115/><G115/><N who="1" m="44106" /><E1/><V67/><F114/><W54/><G22/><T127/><D127/><N who="3" m="48649" /><G57/><T135/><D87/><U37/><E6/><V20/><F8/><W0/><G0/><T72/><D52/><N who="3" m="20073" /><G56/><T99/><D99/><U85/><E85/><V33/><F20/><W68/><G68/><T16/><D72/><U25/><E37/><V107/><F33/><W38/><G38/><T129/><D116/><U97/><E97/><V46/><F46/><W123/><G123/><N who="1" m="47146" /><E32/><V86/><F43/><W66/><G66/><T73/><D65/><U109/><E12/><V35/><F41/><W55/><G55/><T100/><D64/><U44/><E44/><V75/><F35/><W58/><G58/><T93/><D100/><U40/><E40/><V50/><F102/><W10/><G10/><T76/><D73/><U79/><E79/><V119/><F50/><W34/><G34/><T104/><D76/><U121/><E121/><V11/><F11/><W51/><G51/><T83/><D60/><U105/><E105/><V74/><F107/><W77/><G77/><T18/><D63/><U71/><E71/><V42/><F42/><W89/><G96/><T17/><D104/><U5/><E5/><V111/><F78/><W31/><G31/><T30/><D30/><U98/><E98/><V128/><F61/><W29/><G29/><T106/><D106/><RYUUKYOKU ba="1,0" sc="438,-10,276,-10,141,-10,145,30" hai3="4,9,14,88,89,133,134" /><INIT seed="6,2,0,5,2,125" ten="428,266,131,175" oya="2" hai0="100,120,55,104,37,24,50,42,3,30,43,130,67" hai1="105,36,64,123,41,134,122,98,85,38,119,76,66" hai2="131,61,2,70,101,44,72,112,51,135,87,21,106" hai3="7,12,68,110,56,103,35,34,52,73,133,62,77"/><V22/><F72/><W13/><G110/><T19/><D3/><U31/><E31/><V113/><F2/><W92/><G133/><T16/><D100/><U126/><E119/><V95/><F135/><W69/><G73/><T74/><D104/><U96/><E134/><V28/><F106/><W46/><G77/><T59/><D74/><U114/><E126/><V23/><F70/><W8/><G13/><T111/><D120/><N who="1" m="46123" /><E114/><N who="2" m="44139" /><F61/><W121/><G121/><T47/><D111/><U60/><E64/><V11/><F11/><W32/><REACH who="3" step="1"/><G46/><REACH who="3" ten="428,266,131,165" step="2"/><T124/><D47/><U45/><E76/><V91/><F101/><W88/><G88/><T6/><D124/><U58/><E45/><V129/><F28/><W14/><G14/><T108/><D30/><U89/><E89/><V86/><F86/><W82/><G82/><T97/><D108/><U80/><E85/><V71/><F71/><W40/><G40/><AGARI ba="2,1" hai="21,22,23,40,44,51,87,91,95,129,131" m="44139" machi="40" ten="30,5800,0" yaku="15,1,52,2" doraHai="125" who="2" fromWho="3" sc="428,0,266,0,131,74,165,-64" /><INIT seed="6,3,0,4,1,21" ten="428,266,205,101" oya="2" hai0="72,49,52,11,14,4,35,104,84,30,100,54,81" hai1="62,96,61,32,8,79,101,33,97,133,83,43,73" hai2="98,135,19,7,23,86,76,116,94,22,48,65,27" hai3="50,102,82,20,68,51,71,56,80,90,130,17,39"/><V124/><F116/><W45/><G130/><T2/><D72/><U125/><E43/><V28/><F135/><W120/><G120/><T26/><D100/><U41/><E133/><V24/><F124/><W57/><G39/><T127/><D127/><U85/><E125/><V117/><F117/><W34/><G34/><T69/><D69/><U78/><E79/><V12/><F65/><W18/><G20/><T1/><D104/><U114/><E41/><V3/><F3/><W109/><G45/><T131/><D131/><U66/><E61/><V70/><F70/><W64/><G90/><T0/><REACH who="0" step="1"/><D49/><REACH who="0" ten="418,266,205,101" step="2"/><U118/><E101/><N who="2" m="60631" /><F48/><W89/><G102/><T88/><D88/><U115/><E73/><V42/><F42/><W40/><G40/><T134/><D134/><U75/><E118/><V44/><F44/><W126/><G126/><T36/><D36/><U67/><E75/><V38/><F38/><W53/><G89/><T123/><D123/><U128/><E128/><V92/><F76/><W132/><G132/><T77/><AGARI ba="3,1" hai="0,1,2,4,11,14,26,30,35,52,54,77,81,84" machi="77" ten="30,7900,0" yaku="1,1,0,1,52,1,54,1,53,0" doraHai="21" doraHaiUra="37" who="0" fromWho="0" sc="418,98,266,-23,205,-42,101,-23" /><INIT seed="7,0,0,5,3,98" ten="516,243,163,78" oya="3" hai0="99,76,18,84,58,70,0,81,42,11,27,77,128" hai1="117,131,132,100,62,4,41,124,9,14,26,94,19" hai2="57,72,109,47,24,7,88,83,135,127,6,89,67" hai3="12,13,25,43,114,112,93,48,80,40,95,85,16"/><W126/><G126/><T74/><D128/><U111/><E117/><V5/><F127/><W73/><G73/><T22/><D70/><U121/><E121/><V35/><F109/><W78/><G25/><T103/><D42/><U63/><E111/><V3/><F3/><W75/><G13/><T60/><D74/><U82/><E124/><V17/><F47/><W56/><G43/><T23/><BYE who="2" /><D76/><U115/><E41/><V105/><F105/><W68/><G68/><T55/><D0/><UN n2="%E3%82%82%E3%81%98%E3%82%89" /><U66/><E131/><V96/><F135/><W129/><G129/><T2/><D2/><U101/><E132/><V64/><F72/><W49/><G49/><T20/><REACH who="0" step="1"/><D11/><REACH who="0" ten="506,243,163,78" step="2"/><U79/><E9/><V92/><F35/><W30/><G30/><T29/><D29/><U119/><E79/><V107/><F57/><W52/><G40/><T36/><D36/><U90/><E119/><V102/><F107/><AGARI ba="0,1" hai="18,20,22,23,27,55,58,60,77,81,84,99,103,107" machi="107" ten="30,3900,0" yaku="1,1,7,1,52,1,53,0" doraHai="98" doraHaiUra="118" who="0" fromWho="2" sc="506,49,243,0,163,-39,78,0" owari="555,66.0,243,4.0,124,-28.0,78,-42.0" /></mjloggm>