<mjloggm ver="2.3"><GO type="97" lobby="0"/><UN n0="%E5%B0%B1%E6%B4%BB%E7%94%9F%40%E5%B7%9D%E6%9D%91%E8%BB%8D%E5%9B%A3" n1="%E3%82%B8%E3%83%A3%E3%83%9F%E3%83%A9%E3%82%B9" n2="%E3%83%AD%E3%83%9C%E3%82%B3%E3%83%97" n3="%E9%BB%92%E5%B8%AF%E3%83%89%E3%83%A9%E3%82%B4%E3%83%B3" dan="15,15,14,14" rate="2017.67,1999.16,1900.11,1909.13" sx="M,M,M,M"/><TAIKYOKU oya="0"/><INIT seed="0,0,0,2,1,112" ten="250,250,250,250" oya="0" hai0="11,108,61,96,103,120,56,100,115,97,99,123,71" hai1="24,94,81,27,6,116,2,65,130,47,39,20,73" hai2="129,89,60,42,98,133,51,22,106,12,122,131,118" hai3="21,121,15,54,23,16,124,72,85,10,87,3,77"/><T134/><D115/><U52/><E130/><N who="2" m="49675" /><F122/><W78/><G121/><T128/><D71/><U79/><E65/><V127/><F127/><W31/><G124/><T104/><D128/><U63/><E94/><V102/><F133/><W83/><G3/><T48/><D134/><U7/><E116/><V101/><F101/><W26/><G54/><T25/><D108/><U117/><E117/><V88/><F60/><W50/><G50/><T84/><D84/><U46/><E2/><V8/><F118/><W66/><G66/><T70/><D70/><U76/><E39/><V132/><F22/><W111/><G111/><T36/><D36/><U17/><E27/><V125/><F125/><W95/><G95/><T90/><D48/><U44/><E76/><V38/><F38/><W18/><G78/><T53/><D11/><U80/><REACH who="1" step="1"/><E81/><REACH who="1" ten="250,240,250,250" step="2"/><V9/><F132/><W86/><G72/><T41/><D25/><AGARI ba="0,1" hai="10,15,16,18,21,23,25,26,31,77,83,85,86,87" machi="25" ten="30,3900,0" yaku="7,1,8,1,54,1" doraHai="112" who="3" fromWho="0" sc="250,-39,240,0,250,0,250,49" /><INIT seed="1,0,0,0,5,71" ten="211,240,250,299" oya="1" hai0="90,120,54,126,14,42,25,5,65,11,98,44,52" hai1="26,115,122,27,88,63,39,60,3,105,99,132,70" hai2="33,96,135,124,0,46,112,108,114,15,51,89,77" hai3="10,8,111,100,69,66,80,81,121,86,34,133,68"/><U35/><E115/><N who="2" m="44075" /><F0/><W38/><G121/><T103/><D120/><U6/><E122/><V130/><F108/><W9/><G111/><T117/><D117/><U30/><E132/><V116/><F33/><W91/><G133/><T23/><D126/><U113/><E113/><V102/><F77/><W7/><G34/><T104/><D65/><U95/><E105/><V48/><F116/><W123/><G123/><T101/><D90/><U127/><E127/><V109/><F109/><W2/><G100/><T53/><D103/><U41/><E27/><V84/><F124/><W76/><G7/><T94/><D104/><U12/><E3/><V13/><F135/><W59/><G2/><T32/><D32/><U17/><E6/><V24/><F24/><W20/><G20/><T50/><REACH who="0" step="1"/><D42/><REACH who="0" ten="201,240,250,299" step="2"/><U29/><E70/><V125/><F125/><W93/><G76/><T75/><D75/><U87/><E30/><AGARI ba="0,1" hai="5,11,14,23,25,30,44,50,52,53,54,94,98,101" machi="30" ten="30,8000,1" yaku="1,1,7,1,8,1,54,1,53,1" doraHai="71" doraHaiUra="1" who="0" fromWho="1" sc="201,90,240,-80,250,0,299,0" /><INIT seed="2,0,0,4,0,68" ten="291,160,250,299" oya="2" hai0="61,22,100,124,40,64,91,14,8,120,95,47,121" hai1="4,112,105,0,3,70,27,77,107,43,32,98,15" hai2="29,89,118,45,93,88,23,131,42,67,99,17,39" hai3="73,38,52,58,62,109,78,9,35,34,65,135,87"/><V82/><F118/><W96/><G73/><T28/><D100/><U55/><E70/><V13/><F131/><W12/><G135/><T75/><D75/><U97/><E112/><V31/><REACH who="2" step="1"/><F67/><REACH who="2" ten="291,160,240,299" step="2"/><W80/><G65/><T53/><D124/><U130/><E130/><V126/><F126/><W51/><G109/><T18/><D121/><U104/><E107/><V86/><AGARI ba="0,1" hai="13,17,23,29,31,39,42,45,82,86,88,89,93,99" machi="86" ten="30,12000,1" yaku="1,1,0,1,52,1,54,1,53,1" doraHai="68" doraHaiUra="41" who="2" fromWho="2" sc="291,-40,160,-40,240,130,299,-40" /><INIT seed="2,1,0,1,5,72" ten="251,120,370,259" oya="2" hai0="87,81,90,89,39,101,69,71,65,42,128,67,113" hai1="62,131,6,95,47,127,76,80,63,2,112,8,83" hai2="52,4,121,20,134,125,38,27,133,14,23,1,97" hai3="74,22,84,33,31,21,56,94,123,111,108,36,77"/><V53/><F121/><W59/><G123/><T66/><D113/><U92/><E112/><V61/><F38/><W73/><G36/><T57/><D128/><U93/><E131/><V126/><F1/><W106/><G106/><T64/><D101/><U96/><E127/><N who="2" m="48651" /><F97/><W44/><G44/><T79/><N who="0" m="16896" /><DORA hai="18" /><T70/><REACH who="0" step="1"/><D57/><REACH who="0" ten="241,120,370,259" step="2"/><U98/><E47/><AGARI ba="1,1" hai="39,42,47,69,70,71,79,81,87,89,90" m="16896" machi="47" ten="60,7700,0" yaku="1,1,2,1,52,1,53,0" doraHai="72,18" doraHaiUra="130,15" who="0" fromWho="1" sc="241,90,120,-80,370,0,259,0" /><INIT seed="3,0,0,4,0,87" ten="331,40,370,259" oya="3" hai0="107,91,29,134,54,110,88,19,35,16,50,23,108" hai1="127,60,97,44,132,26,2,9,71,17,31,10,77" hai2="123,102,72,74,111,117,12,106,43,96,99,22,18" hai3="3,38,4,42,62,122,83,113,40,135,125,8,95"/><W81/><G122/><T115/><D107/><U7/><E127/><V55/><F117/><W70/><G113/><T119/><D119/><U85/><E132/><V1/><F123/><W101/><G125/><T46/><D115/><U39/><E97/><V64/><F1/><W86/><G135/><T57/><D134/><U133/><E133/><V41/><F111/><N who="0" m="42538" /><D35/><U90/><E77/><V68/><F55/><W33/><G33/><T79/><D79/><U103/><E103/><V80/><F99/><W28/><G28/><T51/><D29/><U53/><E10/><V25/><F80/><W48/><G38/><T98/><D98/><U30/><E17/><N who="0" m="6729" /><D23/><U89/><E85/><V114/><F114/><W104/><G104/><T27/><D27/><U56/><E31/><V66/><F25/><W5/><G5/><T11/><D11/><U116/><E116/><V36/><F74/><W78/><G83/><T49/><D49/><U58/><E71/><V34/><F72/><W24/><G24/><T0/><D0/><U126/><E126/><V73/><F34/><W93/><G101/><T32/><D32/><U15/><E2/><V13/><F73/><W59/><G70/><T92/><D92/><U67/><E44/><N who="2" m="23591" /><F68/><W45/><REACH who="3" step="1"/><G40/><AGARI ba="0,0" hai="40,46,50,51,54,57,88,91" m="6729,42538" machi="40" ten="30,8000,1" yaku="14,1,52,2,54,2" doraHai="87" who="0" fromWho="3" sc="331,80,40,0,370,0,259,-80" owari="411,51.0,40,-46.0,370,17.0,179,-22.0" /></mjloggm>