<mjloggm ver="2.3"><GO type="97" lobby="0"/><UN n0="%E9%85%8D%E7%89%8C%E3%83%84%E3%83%A2%E9%85%B7%E9%81%8E%E3%81%8E" n1="%31%33%36%30" n2="%E8%97%A4%E6%9E%97%E6%9D%8F%E3%81%AF%E4%BF%BA%E3%81%AE%E5%AB%81" n3="%E5%B0%B1%E6%B4%BB%E7%94%9F%40%E5%B7%9D%E6%9D%91%E8%BB%8D%E5%9B%A3" dan="15,15,15,14" rate="1936.64,2004.29,1956.19,2003.73" sx="M,M,M,M"/><TAIKYOKU oya="0"/><INIT seed="0,0,0,1,0,43" ten="250,250,250,250" oya="0" hai0="23,100,108,106,69,47,105,62,13,118,90,28,75" hai1="89,10,42,24,45,11,84,20,125,79,115,3,128" hai2="52,61,119,59,117,127,4,66,81,22,94,63,83" hai3="67,5,60,36,97,135,92,96,1,82,102,64,99"/><T32/><D118/><N who="2" m="45066" /><F127/><W122/><G36/><T8/><D108/><U93/><E125/><V85/><F4/><W2/><G122/><T29/><D75/><U51/><E128/><V73/><F73/><W104/><G135/><T0/><D90/><U71/><E71/><N who="2" m="42447" /><F22/><W9/><G82/><T57/><D69/><U27/><E3/><V72/><F72/><W91/><G64/><T107/><D32/><U37/><E115/><V12/><F12/><W86/><REACH who="3" step="1"/><G1/><REACH who="3" ten="250,250,250,240" step="2"/><T6/><D0/><U132/><E132/><V101/><F81/><W55/><G55/><T17/><D107/><U133/><E133/><V40/><F83/><W53/><G53/><T31/><D106/><U44/><E79/><V19/><F40/><W110/><G110/><T15/><D105/><U87/><E87/><V124/><F124/><W103/><G103/><T34/><D100/><U76/><E76/><V58/><F59/><AGARI ba="0,1" hai="2,5,9,59,60,67,86,91,92,96,97,99,102,104" machi="59" ten="30,3900,0" yaku="1,1,7,1,53,1" doraHai="43" doraHaiUra="33" who="3" fromWho="2" sc="250,0,250,0,250,-39,240,49" /><INIT seed="1,0,0,3,2,13" ten="250,250,211,289" oya="1" hai0="105,96,119,88,74,29,100,4,55,5,2,99,109" hai1="42,81,41,108,33,66,117,103,68,124,118,19,52" hai2="26,84,46,9,49,80,38,37,7,95,30,123,78" hai3="1,36,120,11,134,104,43,116,56,83,65,70,35"/><U40/><E33/><V76/><F123/><W59/><G83/><T121/><D119/><U93/><E81/><V57/><F95/><W64/><G11/><T126/><D121/><U128/><E128/><V53/><F57/><N who="3" m="22091" /><G35/><T23/><D74/><U135/><E135/><V24/><F76/><W47/><G104/><T122/><D122/><U20/><E124/><V71/><F71/><W77/><G77/><T85/><D126/><U130/><E130/><V16/><F24/><W133/><G1/><T61/><D61/><U82/><E82/><V129/><F129/><W45/><G120/><T92/><D2/><U107/><E107/><V10/><F10/><W89/><G89/><T25/><D96/><U112/><E112/><V14/><REACH who="2" step="1"/><F7/><REACH who="2" ten="250,250,201,289" step="2"/><W67/><G116/><T94/><D105/><U91/><E117/><V44/><F44/><N who="3" m="23655" /><G70/><T111/><D5/><U12/><E118/><V51/><F51/><W50/><G45/><T63/><D4/><U113/><E113/><V17/><F17/><W8/><G8/><T32/><D63/><U79/><E79/><V97/><F97/><W21/><G21/><AGARI ba="0,1" hai="9,14,16,21,26,30,37,38,46,49,53,78,80,84" machi="21" ten="30,7700,0" yaku="1,1,7,1,52,1,54,1,53,0" doraHai="13" doraHaiUra="62" who="2" fromWho="3" sc="250,0,250,0,201,87,289,-77" /><INIT seed="2,0,0,0,3,85" ten="250,250,288,212" oya="2" hai0="105,125,13,77,10,32,133,59,97,88,121,6,28" hai1="87,70,84,60,67,35,112,62,64,76,14,110,73" hai2="72,107,113,81,119,129,95,19,114,99,55,42,2" hai3="127,5,78,1,104,89,17,132,122,61,3,80,24"/><V31/><F107/><W115/><G104/><T130/><D121/><U46/><E112/><V82/><F119/><W128/><G122/><T101/><D133/><U75/><E35/><V118/><F118/><W23/><G115/><T22/><D130/><U123/><E123/><V69/><F69/><W103/><G103/><T30/><D125/><U135/><E135/><V83/><F31/><W20/><G128/><T98/><D32/><U96/><E46/><V74/><F42/><W34/><G132/><T4/><D77/><U11/><E96/><V21/><F129/><W41/><G41/><T106/><D4/><U90/><E76/><V39/><F2/><W134/><G127/><T52/><D22/><U26/><E26/><V0/><F0/><W131/><G134/><T33/><D33/><U63/><E63/><V37/><F114/><W57/><G131/><T27/><D27/><U68/><E87/><V54/><F113/><W44/><G34/><T8/><D8/><U94/><REACH who="1" step="1"/><E110/><REACH who="1" ten="250,240,288,212" step="2"/><V93/><F99/><W92/><G44/><T47/><D47/><U36/><E36/><V43/><F37/><W38/><G38/><T111/><D111/><U45/><E45/><V109/><F39/><W12/><G57/><T7/><D106/><U65/><E65/><V79/><F109/><W18/><G61/><N who="0" m="36071" /><D98/><U100/><E100/><V25/><F43/><W16/><G1/><N who="0" m="335" /><D88/><U66/><E66/><V48/><F79/><W50/><G3/><T29/><D13/><U116/><E116/><V53/><F48/><W40/><G50/><T108/><D108/><U58/><E58/><RYUUKYOKU ba="0,1" sc="250,10,240,10,288,10,212,-30" hai0="7,28,29,30,97,101,105" hai1="11,14,60,62,64,67,68,70,73,75,84,90,94" hai2="19,21,25,53,54,55,72,74,81,82,83,93,95" /><INIT seed="2,1,1,0,0,4" ten="260,250,298,182" oya="2" hai0="88,75,27,22,8,129,51,0,44,50,13,14,54" hai1="133,111,49,116,55,45,68,79,72,112,80,127,41" hai2="10,101,42,92,121,70,113,58,134,123,62,35,128" hai3="12,57,53,19,37,11,59,87,132,115,21,28,26"/><V131/><F70/><W64/><G37/><T66/><D129/><N who="2" m="49738" /><F35/><W23/><G115/><T94/><D75/><U114/><E116/><V103/><F113/><W15/><G132/><T124/><D124/><U100/><E133/><V43/><F134/><W97/><G64/><T89/><D66/><U83/><E68/><V107/><F107/><W76/><G97/><N who="0" m="57543" /><D0/><U86/><E127/><V33/><F33/><W47/><G47/><N who="0" m="27999" /><D89/><U93/><E111/><V5/><F43/><W130/><G130/><T84/><D84/><U106/><E41/><V1/><F42/><W24/><G53/><N who="0" m="29927" /><D8/><U3/><E3/><V40/><F40/><W102/><G102/><N who="2" m="38921" /><F92/><W16/><REACH who="3" step="1"/><G12/><REACH who="3" ten="260,250,298,172" step="2"/><T91/><D91/><N who="1" m="53495" /><E80/><AGARI ba="1,2" hai="11,15,16,19,21,23,24,26,28,57,59,76,80,87" machi="80" ten="40,12000,2" yaku="1,1,8,1,52,1,54,1,53,2" doraHai="4" doraHaiUra="17" who="3" fromWho="1" sc="260,0,250,-123,298,0,172,143" /><INIT seed="3,0,0,1,3,42" ten="260,127,298,315" oya="3" hai0="110,18,76,93,77,117,24,79,19,54,85,119,121" hai1="21,22,88,62,75,32,2,17,124,98,59,8,111" hai2="58,84,131,118,65,91,49,127,86,90,87,132,26" hai3="20,47,35,3,37,102,97,27,82,28,4,66,120"/><W73/><G120/><T114/><D121/><U92/><E124/><V46/><F118/><W83/><G66/><T31/><D110/><U25/><E111/><V126/><F132/><W123/><G123/><T57/><D114/><U39/><E75/><V99/><F131/><W67/><G67/><T52/><D119/><U133/><E133/><V9/><F9/><N who="3" m="2207" /><G83/><T30/><D117/><U38/><E32/><V100/><F26/><W10/><G10/><T78/><D54/><U70/><E70/><V43/><F58/><W11/><G11/><T134/><D134/><U125/><E125/><N who="2" m="47627" /><F65/><W74/><G20/><N who="0" m="15623" /><D31/><U94/><E22/><V48/><F48/><W51/><G51/><N who="0" m="30879" /><D85/><U40/><E40/><V44/><F44/><W72/><G82/><T135/><D135/><U106/><E106/><AGARI ba="0,0" hai="43,46,49,84,86,87,90,91,99,100,106" m="47627" machi="106" ten="30,2000,0" yaku="18,1,52,1" doraHai="42" who="2" fromWho="1" sc="260,0,127,-20,298,20,315,0" owari="260,-14.0,107,-39.0,318,41.0,315,12.0" /></mjloggm>