<mjloggm ver="2.3"><GO type="225" lobby="0"/><UN n0="%E3%82%AC%E3%83%9F%E3%82%B4%E3%83%B3" n1="%62%75%67%79%61%77%69" n2="%E3%83%88%E3%83%88%E3%83%AA%E5%85%88%E7%94%9F%31%39%E6%AD%B3" n3="%6D%69%79%61%79%61" dan="16,16,17,16" rate="2199.39,2086.11,2215.97,2058.08" sx="M,M,F,F"/><TAIKYOKU oya="0"/><INIT seed="0,0,0,3,1,51" ten="250,250,250,250" oya="0" hai0="85,77,66,1,129,60,69,79,83,10,135,41,71" hai1="117,18,74,114,123,35,111,47,50,76,2,98,9" hai2="95,119,102,42,57,38,86,75,122,46,54,116,121" hai3="58,25,23,106,8,44,20,88,32,108,73,45,80"/><T81/><D135/><U11/><E117/><N who="2" m="45131" /><F75/><W6/><G108/><T120/><D129/><U0/><E123/><N who="2" m="47115" /><F102/><W65/><G106/><T115/><D120/><U55/><E35/><V19/><F95/><W27/><G32/><T15/><D115/><U5/><E111/><V94/><F94/><W112/><G112/><T104/><D104/><U130/><E130/><V21/><F86/><N who="3" m="50247" /><G73/><T132/><D132/><U67/><E114/><V26/><F21/><N who="3" m="8267" /><G65/><T128/><D41/><U34/><E34/><V64/><F19/><W7/><G58/><T113/><D113/><U92/><E67/><V124/><F26/><N who="3" m="9739" /><G7/><T52/><D128/><U3/><E5/><V107/><F107/><W16/><G6/><N who="0" m="3543" /><D69/><U134/><E18/><V36/><F124/><W93/><G93/><T4/><D71/><U49/><E134/><V103/><F103/><W31/><G31/><T100/><D66/><U29/><E29/><V90/><F90/><W14/><AGARI ba="0,0" hai="8,14,16,44,45" m="9739,8267,50247" machi="14" ten="30,4000,0" yaku="8,1,54,2" doraHai="51" who="3" fromWho="3" sc="250,-20,250,-10,250,-10,250,40" /><INIT seed="1,0,0,4,2,83" ten="230,240,240,290" oya="1" hai0="121,23,54,87,108,114,13,73,66,37,55,84,5" hai1="64,123,10,115,111,104,72,20,18,46,21,41,0" hai2="33,105,9,126,58,98,103,79,81,107,61,82,67" hai3="48,101,99,40,135,118,97,19,85,3,96,78,80"/><U75/><E123/><V134/><F33/><W124/><G3/><T89/><D73/><U53/><E104/><V128/><F128/><W133/><G124/><T88/><D37/><U7/><E115/><V30/><F30/><W43/><G19/><N who="0" m="10735" /><D114/><U127/><E127/><V24/><F126/><W74/><G118/><T59/><D121/><U35/><E35/><V12/><F24/><W56/><G56/><T57/><D108/><U113/><E113/><V65/><F81/><N who="3" m="45271" /><G48/><N who="0" m="30919" /><D5/><U106/><E106/><V119/><F134/><N who="3" m="51211" /><G101/><T6/><D6/><U110/><E64/><V92/><F65/><W42/><G42/><T45/><D45/><U34/><E34/><V116/><F116/><W76/><AGARI ba="0,0" hai="40,43,76,80,85,96,97,99" m="51211,45271" machi="76" ten="30,2000,0" yaku="20,1,52,1" doraHai="83" who="3" fromWho="3" sc="230,-5,240,-10,240,-5,290,20" /><INIT seed="2,0,0,0,2,17" ten="225,230,235,310" oya="2" hai0="27,112,37,77,33,0,88,128,59,89,23,49,26" hai1="14,21,61,79,133,78,69,126,10,18,40,119,116" hai2="63,122,131,115,3,54,103,105,68,71,106,82,108" hai3="2,24,64,111,31,107,62,72,118,121,38,58,30"/><V1/><F115/><W4/><G111/><T80/><D37/><U5/><E126/><V46/><F122/><W51/><G121/><T75/><D0/><U92/><E133/><V55/><F108/><W13/><G38/><T96/><D112/><U132/><E40/><V74/><F131/><W84/><G72/><T56/><D128/><U91/><E132/><V134/><F134/><W120/><G2/><T123/><D123/><U34/><E34/><V70/><F54/><W104/><G118/><T16/><D49/><U48/><E48/><V101/><F46/><W52/><G120/><T98/><D98/><U110/><E110/><V19/><F3/><W76/><G24/><T11/><D11/><U7/><E116/><V29/><F1/><W20/><G107/><T127/><D127/><U114/><E114/><V135/><F135/><W60/><G104/><T12/><D12/><U124/><E119/><V109/><F109/><W102/><G102/><T25/><D96/><U117/><E124/><V28/><F105/><W129/><G62/><T47/><D47/><U93/><E117/><V66/><F55/><W95/><G129/><T36/><D36/><U87/><E93/><V73/><F82/><N who="3" m="47175" /><G95/><T15/><REACH who="0" step="1"/><D33/><REACH who="0" ten="215,230,235,310" step="2"/><U35/><E35/><V22/><F106/><W94/><G51/><T39/><D39/><U8/><E8/><V85/><F103/><W83/><G13/><T32/><D32/><U113/><E113/><V57/><F101/><W6/><G6/><N who="1" m="2058" /><E10/><V9/><F9/><W99/><G4/><T86/><D86/><U41/><E41/><V44/><F85/><RYUUKYOKU ba="0,1" sc="215,15,230,15,235,-15,310,-15" hai0="15,16,23,25,26,27,56,59,75,77,80,88,89" hai1="14,18,21,61,69,78,79,87,91,92" /><INIT seed="3,1,1,2,3,4" ten="230,245,220,295" oya="3" hai0="34,106,35,14,47,0,59,33,121,82,103,21,79" hai1="127,15,17,104,6,19,83,81,128,8,96,76,107" hai2="66,73,116,114,126,78,100,115,9,69,42,3,26" hai3="92,111,90,93,109,13,123,24,2,25,108,44,28"/><W105/><G123/><T88/><D121/><U125/><E128/><V58/><F58/><W52/><G105/><N who="1" m="40522" /><E96/><V80/><F100/><W40/><G2/><T20/><D0/><U131/><E131/><V12/><F116/><W89/><G52/><T43/><D59/><U117/><E117/><V50/><F126/><N who="1" m="48137" /><E83/><V113/><F3/><W23/><G13/><T75/><D103/><U55/><E55/><V84/><F26/><N who="3" m="16479" /><G90/><T38/><D106/><U30/><E30/><V72/><F69/><W64/><G64/><T129/><D129/><U112/><E112/><V31/><F31/><W61/><G61/><T41/><D41/><U32/><E32/><V10/><F66/><W74/><G74/><AGARI ba="1,1" hai="6,8,15,17,19,74,76,81" m="48137,40522" machi="74" ten="30,2000,0" yaku="18,1,52,1" doraHai="4" who="1" fromWho="3" sc="230,0,245,33,220,0,295,-23" /><INIT seed="4,0,0,2,2,48" ten="230,278,220,272" oya="0" hai0="127,83,121,34,20,56,100,22,64,38,78,119,66" hai1="129,97,77,42,63,15,86,41,84,72,31,35,70" hai2="47,81,29,75,90,122,95,0,105,65,99,10,58" hai3="117,131,59,4,19,17,39,9,32,8,93,82,128"/><T88/><D34/><U101/><E72/><V2/><F122/><W5/><G39/><T27/><D119/><U57/><E70/><V108/><F108/><W135/><G117/><T54/><D38/><U73/><E73/><V6/><F29/><W120/><G120/><T74/><D121/><U79/><E35/><V36/><F105/><W80/><G32/><T16/><D127/><U55/><E31/><V111/><F111/><W12/><G135/><T40/><D40/><N who="1" m="15467" /><E15/><V30/><F47/><W112/><G112/><T62/><D100/><U14/><E14/><V124/><F36/><W37/><G37/><T76/><D76/><N who="1" m="29259" /><E129/><V71/><F124/><W67/><G131/><T68/><D68/><U96/><E101/><V51/><F75/><W106/><G106/><T134/><D134/><U113/><E113/><V49/><F30/><W133/><G128/><T26/><D88/><U45/><E45/><V1/><F81/><W107/><G107/><T46/><D46/><U53/><E53/><V118/><F118/><W23/><G80/><T114/><D114/><U115/><E115/><V44/><F71/><W43/><G82/><T116/><D116/><U3/><E3/><V125/><F125/><W87/><G133/><T126/><D126/><U103/><E103/><V110/><F110/><W94/><G12/><T91/><D91/><U98/><AGARI ba="0,0" hai="55,57,63,84,86,96,97,98" m="29259,15467" machi="98" ten="30,2000,0" yaku="8,1,52,1" doraHai="48" who="1" fromWho="1" sc="230,-10,278,20,220,-5,272,-5" /><INIT seed="5,0,0,1,3,76" ten="220,298,215,267" oya="1" hai0="7,4,112,96,25,39,35,41,17,48,81,65,5" hai1="106,10,110,100,26,70,0,54,18,111,50,11,20" hai2="24,105,62,16,44,104,102,66,22,12,15,63,57" hai3="55,123,128,84,64,121,98,86,9,79,14,45,34"/><U51/><E70/><V114/><F114/><W125/><G34/><T23/><D112/><U80/><E51/><V67/><F44/><W29/><G29/><T31/><D65/><U47/><E0/><V27/><F15/><W28/><G28/><T74/><D39/><U78/><E100/><V130/><F130/><W90/><G64/><T61/><D61/><U2/><E106/><V134/><F134/><W43/><G55/><T60/><D60/><U126/><E126/><V131/><F131/><W13/><G13/><T133/><D133/><U77/><E77/><V68/><REACH who="2" step="1"/><F102/><REACH who="2" ten="220,298,205,267" step="2"/><W129/><G128/><T36/><D36/><U58/><E47/><V72/><F72/><W46/><G14/><T75/><D75/><N who="1" m="43103" /><E2/><V117/><F117/><W71/><G46/><N who="0" m="25679" /><D74/><U3/><E3/><V127/><F127/><W69/><G45/><T88/><D7/><U37/><E37/><V73/><F73/><W21/><G125/><T107/><D5/><U118/><E118/><V119/><F119/><W85/><G129/><T93/><D4/><U92/><E110/><V8/><F8/><W89/><G9/><T115/><D115/><U33/><E111/><V82/><F82/><W1/><G1/><T53/><D81/><U135/><E135/><V103/><F103/><W97/><G123/><T42/><D42/><U52/><E10/><V120/><F120/><W59/><G43/><T122/><D122/><U109/><E109/><V49/><F49/><W56/><G121/><T6/><D6/><U113/><E11/><V83/><F83/><W99/><G79/><T108/><D108/><RYUUKYOKU ba="0,1" sc="220,-10,298,-10,205,30,267,-10" hai2="12,16,22,24,27,57,62,63,66,67,68,104,105" /><INIT seed="6,1,1,3,2,76" ten="210,288,235,257" oya="2" hai0="135,62,15,22,85,80,20,99,41,131,0,84,18" hai1="50,23,47,36,87,114,26,65,95,5,60,44,28" hai2="118,54,3,24,133,71,56,4,90,37,92,29,121" hai3="104,39,123,43,12,101,21,63,32,59,31,35,51"/><V73/><F118/><W30/><G39/><T69/><D0/><U77/><E114/><V119/><F119/><W33/><G123/><T81/><D135/><U25/><E36/><V74/><F121/><W68/><G68/><T38/><D131/><U10/><E25/><V97/><F71/><W120/><G120/><T102/><D38/><U57/><E50/><V113/><F37/><W16/><G104/><T124/><D124/><U103/><E77/><V2/><F113/><W40/><G101/><T13/><D41/><U100/><E100/><V48/><F133/><W89/><G89/><N who="0" m="51335" /><D69/><U122/><E122/><V98/><F98/><W72/><G72/><T107/><D107/><U116/><E116/><V34/><REACH who="2" step="1"/><F4/><REACH who="2" ten="210,288,225,257" step="2"/><W9/><G35/><T105/><D105/><U11/><E5/><V108/><F108/><W88/><G33/><T66/><D99/><U83/><E103/><V70/><F70/><W110/><G32/><T132/><D102/><U42/><E11/><V8/><F8/><W75/><G9/><N who="0" m="6447" /><D132/><U93/><E10/><V82/><F82/><W130/><G110/><T79/><D22/><U67/><E23/><V64/><F64/><W45/><G21/><T128/><D128/><U94/><E67/><V1/><AGARI ba="1,2" hai="1,2,3,24,29,34,48,54,56,73,74,90,92,97" machi="1" ten="30,3000,0" yaku="1,1,0,1,53,0" doraHai="76" doraHaiUra="117" who="2" fromWho="2" sc="210,-11,288,-11,225,53,257,-11" /><INIT seed="6,2,0,0,4,93" ten="199,277,278,246" oya="2" hai0="67,131,38,26,7,82,101,115,57,90,128,51,54" hai1="66,69,13,111,41,80,23,21,130,98,72,37,55" hai2="27,104,89,106,96,135,29,47,102,63,15,71,22" hai3="119,100,28,36,64,45,76,134,109,56,78,84,1"/><V97/><F135/><W73/><G119/><T44/><D115/><U61/><E111/><V34/><F47/><W42/><G109/><T43/><D7/><U117/><E117/><V107/><F89/><W46/><G134/><T0/><D0/><U127/><E13/><V86/><F86/><W6/><G28/><T14/><D14/><U91/><E72/><V53/><F97/><W85/><G46/><T125/><D26/><U11/><E11/><V94/><F53/><W49/><G100/><T87/><D125/><U129/><E127/><V58/><F58/><W16/><G78/><T17/><D17/><U75/><E55/><V120/><F94/><W121/><G16/><T113/><D113/><U123/><E123/><V81/><F81/><N who="3" m="45199" /><G121/><T133/><D133/><U24/><E24/><N who="2" m="18727" /><F15/><W39/><G39/><T9/><D9/><U74/><E37/><V62/><F62/><N who="3" m="37959" /><G49/><T48/><D48/><U52/><E75/><V122/><F107/><W68/><G68/><T5/><D5/><U35/><E52/><V95/><F95/><W118/><G118/><T126/><D126/><U124/><E124/><V50/><F106/><W2/><G2/><T32/><D32/><U83/><E35/><V79/><F79/><W10/><AGARI ba="2,0" hai="1,6,10,36,42,45,84,85" m="37959,45199" machi="10" ten="30,1100,0" yaku="25,1" doraHai="93" who="3" fromWho="3" sc="199,-5,277,-5,278,-7,246,17" /><INIT seed="7,0,0,2,0,63" ten="194,272,271,263" oya="3" hai0="88,45,69,109,77,116,108,51,29,82,105,5,46" hai1="103,87,52,36,24,26,55,4,84,57,122,11,96" hai2="39,35,129,7,47,72,66,65,12,126,76,60,40" hai3="27,54,118,48,64,32,28,98,125,114,101,49,132"/><W112/><G118/><T74/><D116/><U31/><E36/><V80/><F35/><W25/><G132/><T110/><D105/><U68/><E68/><V0/><F129/><W79/><G125/><T78/><D5/><U133/><E133/><V20/><F126/><W6/><G6/><T44/><D29/><U13/><E122/><V30/><F60/><W38/><G38/><T16/><D69/><U135/><E135/><V56/><F56/><W111/><G79/><T34/><D34/><U67/><E67/><V104/><F104/><N who="3" m="63543" /><G64/><T19/><D77/><U18/><E4/><V115/><F115/><N who="3" m="44075" /><G111/><T90/><REACH who="0" step="1"/><D51/><REACH who="0" ten="184,272,271,263" step="2"/><U95/><E31/><V10/><F30/><N who="3" m="19535" /><G54/><T121/><D121/><U124/><E124/><V91/><F65/><W119/><G119/><T1/><D1/><U53/><E57/><V23/><F66/><W107/><G107/><T81/><D81/><U131/><E131/><V9/><F0/><W102/><G49/><T94/><D94/><U62/><E62/><V70/><F70/><W130/><G48/><T86/><D86/><AGARI ba="0,1" hai="11,13,18,24,26,52,53,55,84,86,87,95,96,103" machi="86" ten="40,2600,0" yaku="8,1,54,1" doraHai="63" who="1" fromWho="0" sc="184,-26,272,36,271,0,263,0" owari="158,-34.0,308,41.0,271,7.0,263,-14.0" /></mjloggm>