<mjloggm ver="2.3"><GO type="97" lobby="0"/><UN n0="%E9%8A%9A" n1="%E3%83%88%E3%83%88%E3%83%AA%E5%85%88%E7%94%9F%31%39%E6%AD%B3" n2="%63%6F%6C%6F%70%6C" n3="%63%68%69%6E%75%35%30" dan="15,15,14,14" rate="2001.93,2029.72,1963.26,1997.95" sx="M,F,M,M"/><TAIKYOKU oya="0"/><INIT seed="0,0,0,4,4,33" ten="250,250,250,250" oya="0" hai0="65,14,35,123,95,110,13,104,57,113,22,28,133" hai1="45,90,3,78,74,121,91,7,39,69,114,51,37" hai2="42,109,99,63,48,20,112,25,73,76,38,34,130" hai3="81,2,128,27,89,52,18,56,71,6,85,9,120"/><T67/><D104/><U86/><E121/><V16/><F112/><W49/><G128/><T40/><D123/><U100/><E69/><V70/><F130/><W88/><G120/><T58/><D113/><U1/><E114/><V111/><F34/><W21/><G71/><T59/><D35/><U47/><E7/><V26/><F26/><W87/><G87/><T119/><D119/><U15/><E15/><N who="0" m="5641" /><D133/><U101/><E74/><V55/><F99/><W60/><G60/><T68/><D110/><N who="2" m="41994" /><F38/><W135/><G135/><T31/><D68/><U41/><E78/><AGARI ba="0,0" hai="2,6,9,18,21,27,49,52,56,78,81,85,88,89" machi="78" ten="30,7700,0" yaku="7,1,52,1,54,2" doraHai="33" who="3" fromWho="1" sc="250,0,250,-77,250,0,250,77" /><INIT seed="1,0,0,0,1,13" ten="250,173,250,327" oya="1" hai0="121,100,40,122,56,8,118,71,81,107,46,101,134" hai1="133,132,98,12,7,119,17,73,37,125,114,2,90" hai2="86,11,77,67,30,31,52,49,120,131,78,20,33" hai3="95,64,3,115,108,76,66,42,6,22,105,123,10"/><U48/><E114/><V103/><F120/><N who="0" m="46186" /><D71/><U106/><E119/><V110/><F110/><W14/><G105/><T47/><D118/><U112/><E37/><V44/><F33/><W129/><G123/><T109/><D109/><U96/><E112/><V124/><F124/><W0/><G108/><T93/><D134/><N who="1" m="51819" /><E125/><V4/><F103/><W29/><G115/><T24/><D107/><U72/><E7/><V23/><F67/><W116/><G129/><T53/><D81/><U87/><E48/><V19/><F131/><W38/><G116/><T51/><D24/><U61/><E61/><V57/><F86/><W80/><G0/><T102/><D8/><N who="1" m="6279" /><E2/><V26/><F44/><N who="0" m="16938" /><D40/><U85/><E85/><V126/><F126/><W111/><G111/><T89/><D102/><N who="1" m="62791" /><E98/><AGARI ba="0,0" hai="51,53,56,89,93,98,100,101" m="16938,46186" machi="98" ten="30,1000,0" yaku="13,1" doraHai="13" who="0" fromWho="1" sc="250,10,173,-10,250,0,327,0" /><INIT seed="2,0,0,5,4,2" ten="260,163,250,327" oya="2" hai0="26,70,100,98,118,61,104,134,92,122,132,121,5" hai1="19,84,45,115,0,116,103,59,33,13,3,88,35" hai2="24,91,53,81,124,57,66,89,34,131,29,96,105" hai3="76,63,126,54,64,119,120,22,38,83,6,27,125"/><V72/><F131/><W85/><G120/><N who="0" m="46187" /><D26/><U58/><E115/><V14/><F124/><N who="3" m="47723" /><G119/><T133/><D5/><U90/><E116/><V49/><F66/><W130/><G130/><T12/><D12/><U10/><E103/><V43/><F43/><W25/><G38/><T82/><D118/><U80/><E3/><V52/><F105/><W23/><G54/><T108/><D108/><U50/><E0/><V8/><F96/><W78/><G78/><T18/><D18/><U135/><E135/><V44/><F72/><W97/><G97/><N who="0" m="61455" /><D82/><U31/><E90/><V65/><F81/><W62/><G6/><T11/><D11/><U37/><E37/><V28/><F28/><N who="3" m="17463" /><G64/><N who="0" m="41231" /><D98/><U123/><E123/><V117/><F65/><W106/><G106/><T51/><D51/><U55/><REACH who="1" step="1"/><E31/><AGARI ba="0,0" hai="23,27,31,62,63,76,83,85" m="17463,47723" machi="31" ten="30,1000,0" yaku="18,1" doraHai="2" who="3" fromWho="1" sc="260,0,163,-10,250,0,327,10" /><INIT seed="3,0,0,0,4,96" ten="260,153,250,337" oya="3" hai0="90,30,34,113,120,23,105,133,4,15,103,89,67" hai1="10,97,24,46,29,85,81,2,9,40,108,91,78" hai2="74,61,57,37,11,36,13,77,92,109,22,25,64" hai3="114,17,3,75,28,56,59,132,47,54,122,52,95"/><W38/><G122/><T16/><D120/><U0/><E108/><V126/><F109/><W70/><G114/><T43/><D113/><U45/><E0/><V116/><F116/><W121/><G121/><T131/><D133/><U107/><E2/><V7/><F126/><W27/><G75/><T94/><D131/><U134/><E134/><V20/><F92/><W18/><G70/><T104/><D43/><U129/><E129/><V8/><F8/><W21/><G3/><T99/><D4/><U6/><E6/><V100/><F100/><W101/><G132/><T26/><REACH who="0" step="1"/><D67/><REACH who="0" ten="250,153,250,337" step="2"/><U44/><E40/><V65/><F65/><W79/><G38/><T71/><D71/><U5/><E5/><V76/><F22/><W117/><G117/><T86/><D86/><U50/><E50/><V119/><F119/><W58/><G79/><T39/><D39/><U62/><E62/><V48/><F74/><W80/><G80/><T41/><D41/><U112/><E112/><V42/><F37/><W19/><G47/><T33/><D33/><U12/><E12/><V73/><F36/><W87/><G87/><T68/><D68/><U125/><E125/><V35/><F73/><W111/><G111/><T110/><D110/><U31/><E24/><V83/><F35/><W49/><G49/><T88/><AGARI ba="0,1" hai="15,16,23,26,30,34,88,89,90,94,99,103,104,105" machi="88" ten="30,8000,1" yaku="1,1,0,1,52,1,54,2,53,0" doraHai="96" doraHaiUra="55" who="0" fromWho="0" sc="250,90,153,-20,250,-20,337,-40" owari="340,44.0,133,-37.0,230,-17.0,297,10.0" /></mjloggm>