<mjloggm ver="2.3"><GO type="169" lobby="0"/><UN n0="%E3%83%88%E3%83%88%E3%83%AA%E5%85%88%E7%94%9F%31%39%E6%AD%B3" n1="%68%61%79%61%74%6F%E2%98%86" n2="%68%65%61%6C%74%68%79%37" n3="%E3%81%AF%E3%81%BF%E3%82%82%E3%82%93" dan="18,19,16,17" rate="2269.12,2304.46,2070.08,2103.75" sx="F,M,M,M"/><TAIKYOKU oya="0"/><INIT seed="0,0,0,0,4,56" ten="250,250,250,250" oya="0" hai0="115,72,52,88,124,64,129,73,78,23,119,59,97" hai1="0,11,28,16,58,135,46,49,32,50,34,38,126" hai2="128,95,89,17,40,42,83,15,5,48,70,74,10" hai3="65,68,19,104,110,77,103,69,91,114,1,80,26"/><T112/><D119/><U6/><E126/><V75/><F128/><W51/><G1/><T57/><D129/><U3/><E3/><V101/><F70/><W127/><G110/><T63/><D124/><U106/><E106/><V33/><F33/><W61/><G127/><T18/><D73/><U98/><E38/><V125/><F125/><W24/><G68/><T113/><D72/><U92/><E28/><V66/><F66/><W25/><G103/><T7/><D78/><U4/><E4/><V21/><F101/><W122/><G104/><T109/><D7/><U39/><E39/><V8/><F8/><W53/><G91/><T117/><D117/><U62/><E16/><V105/><F105/><W47/><G122/><T14/><D109/><U27/><E27/><V133/><F133/><W45/><G114/><T131/><D131/><U107/><E50/><V67/><F67/><W130/><G130/><T36/><D36/><U108/><E135/><V85/><F48/><W30/><G19/><T43/><D43/><N who="2" m="16426" /><F75/><W121/><G121/><T96/><REACH who="0" step="1"/><D88/><REACH who="0" ten="240,250,250,250" step="2"/><U20/><E108/><V123/><F74/><W132/><G132/><T12/><D12/><U76/><E76/><V100/><F123/><W87/><REACH who="3" step="1"/><G47/><REACH who="3" ten="240,250,250,240" step="2"/><T31/><D31/><AGARI ba="0,2" hai="24,25,26,30,31,45,51,53,61,65,69,77,80,87" machi="31" ten="40,8000,1" yaku="1,1,2,1,52,1,53,1" doraHai="56" doraHaiUra="41" who="3" fromWho="0" sc="240,-80,250,0,250,0,240,100" /><INIT seed="1,0,0,4,1,77" ten="160,250,250,340" oya="1" hai0="38,19,55,94,16,47,73,30,65,48,107,20,46" hai1="134,105,135,29,10,72,42,13,99,3,14,100,133" hai2="126,28,67,54,57,60,2,52,130,82,119,33,132" hai3="79,6,21,25,34,11,53,113,12,7,69,123,36"/><U18/><E29/><V91/><F119/><W17/><G69/><T37/><D107/><U39/><E3/><V112/><F126/><W76/><G36/><T27/><D73/><U128/><E128/><V81/><F130/><W68/><G68/><T58/><D38/><U85/><E72/><V9/><F132/><W22/><G113/><T62/><D37/><U127/><E127/><V51/><F112/><W131/><G123/><T95/><D47/><U59/><E59/><V56/><F91/><W8/><G34/><T64/><D64/><U111/><E111/><V124/><F67/><W88/><G53/><T80/><D80/><U45/><E85/><V98/><F98/><W35/><G35/><T31/><D31/><U117/><REACH who="1" step="1"/><E14/><REACH who="1" ten="160,240,250,340" step="2"/><V26/><REACH who="2" step="1"/><F124/><REACH who="2" ten="160,240,240,340" step="2"/><W120/><G131/><T106/><D106/><U66/><E66/><V71/><F71/><W125/><G125/><T4/><D65/><U93/><E93/><V89/><F89/><W74/><G88/><T50/><D95/><U75/><E75/><V44/><F44/><W114/><G74/><T70/><D70/><U122/><E122/><V61/><F61/><W109/><G120/><T15/><D94/><U115/><E115/><V24/><F24/><W92/><G114/><T63/><D63/><U101/><E101/><V5/><AGARI ba="0,2" hai="2,5,9,26,28,33,51,52,54,56,57,60,81,82" machi="5" ten="30,8000,1" yaku="1,1,0,1,52,2,54,1,53,0" doraHai="77" doraHaiUra="86" who="2" fromWho="2" sc="160,-20,240,-40,240,100,340,-20" /><INIT seed="2,0,0,1,2,13" ten="140,200,340,320" oya="2" hai0="29,0,101,19,23,33,111,99,30,71,110,135,97" hai1="1,109,50,123,116,18,2,32,4,65,105,53,47" hai2="76,57,81,7,96,5,36,78,74,119,83,64,115" hai3="85,48,73,56,82,79,34,11,25,103,129,91,24"/><V125/><F119/><W134/><G129/><T3/><D71/><U46/><E105/><V118/><F118/><W104/><G34/><T127/><D101/><U117/><E32/><V54/><F115/><W6/><G134/><T93/><D93/><U106/><E106/><V59/><F36/><W98/><G48/><T124/><D33/><U45/><E65/><V67/><F96/><W70/><G56/><T28/><D99/><U94/><E123/><V122/><F125/><N who="0" m="48202" /><D97/><U89/><E2/><N who="0" m="553" /><D135/><U90/><E1/><V14/><F14/><AGARI ba="0,0" hai="14,19,23,28,29,30,110,111" m="553,48202" machi="14" ten="40,8000,1" yaku="18,1,34,2,52,1" doraHai="13" who="0" fromWho="2" sc="140,80,200,0,340,-80,320,0" /><INIT seed="3,0,0,1,2,74" ten="220,200,260,320" oya="3" hai0="51,25,61,120,50,93,124,114,2,44,130,135,31" hai1="128,45,102,112,19,17,4,87,71,100,14,37,60" hai2="16,48,63,38,59,75,96,42,104,62,108,46,33" hai3="84,127,83,32,11,106,68,134,72,52,40,24,133"/><W99/><G68/><T26/><D120/><U73/><E73/><V3/><F3/><W111/><G40/><T80/><D2/><U122/><E122/><V55/><F33/><W86/><G11/><T109/><D109/><U30/><E30/><V13/><F75/><W39/><G39/><T119/><D119/><U54/><E4/><V9/><F104/><W29/><G111/><T35/><D130/><U107/><E128/><V6/><F96/><W58/><G72/><T98/><D135/><N who="3" m="51721" /><G127/><T65/><D114/><U77/><E107/><V103/><F103/><N who="3" m="62847" /><G83/><T67/><D124/><U82/><E112/><V132/><F132/><W22/><G32/><T8/><D8/><U79/><E37/><V94/><F94/><W64/><G64/><T92/><D67/><U10/><E71/><V23/><REACH who="2" step="1"/><F108/><REACH who="2" ten="220,200,250,320" step="2"/><W34/><G34/><T27/><D92/><U88/><E100/><V97/><F97/><W126/><G126/><T117/><D93/><U49/><E102/><V116/><F116/><W1/><G1/><T76/><D98/><U47/><E60/><AGARI ba="0,1" hai="22,24,29,52,58,60,84,86" m="62847,51721" machi="60" ten="30,2900,0" yaku="20,1,54,1" doraHai="74" who="3" fromWho="1" sc="220,0,200,-29,250,0,320,39" /><INIT seed="3,1,0,4,4,61" ten="220,171,250,359" oya="3" hai0="55,95,9,102,43,120,104,65,42,51,28,2,11" hai1="80,62,125,39,87,117,34,97,86,90,22,96,6" hai2="23,121,32,73,14,45,77,60,49,128,0,54,135" hai3="66,78,92,93,107,52,127,8,98,115,4,24,53"/><W25/><G115/><T89/><D120/><U50/><E34/><V56/><F32/><W105/><G78/><T44/><D28/><U35/><E39/><V129/><F121/><W70/><G127/><T31/><D31/><U108/><E35/><V1/><F135/><W94/><G98/><T27/><D27/><U26/><E125/><V126/><F73/><W103/><G103/><T118/><D118/><U109/><E117/><V110/><F110/><W82/><G82/><T132/><D132/><U13/><E50/><V68/><F68/><W17/><G105/><T99/><D65/><U106/><E87/><V112/><F77/><W83/><G83/><T130/><D130/><N who="2" m="50282" /><F112/><W123/><G107/><T116/><D116/><U79/><E79/><V36/><F36/><W81/><G81/><T30/><D30/><U85/><E85/><V119/><F126/><W134/><G134/><T76/><D76/><U113/><E113/><V12/><F119/><W37/><G37/><T59/><D2/><N who="2" m="1130" /><F23/><W100/><G123/><T58/><D102/><U69/><E108/><V133/><F133/><W10/><G100/><T20/><D20/><U16/><E109/><V63/><F63/><W40/><G70/><T74/><D74/><U101/><E97/><V5/><F5/><W88/><G4/><T114/><D114/><U46/><E6/><V84/><F84/><W18/><G18/><T48/><D99/><U38/><E38/><V75/><F75/><W41/><G17/><T64/><D48/><U67/><E26/><V111/><F111/><W47/><G24/><T91/><D51/><RYUUKYOKU ba="1,0" sc="220,-15,171,15,250,15,359,-15" hai1="13,16,22,46,62,67,69,80,86,90,96,101,106" hai2="12,14,45,49,54,56,60" /><INIT seed="4,2,0,4,5,23" ten="205,186,265,344" oya="0" hai0="84,74,111,54,109,118,5,126,105,73,21,124,56" hai1="70,129,46,93,82,30,58,107,51,17,66,68,20" hai2="102,71,110,2,101,80,42,12,36,47,103,79,97" hai3="43,134,133,116,14,63,49,52,4,35,34,120,0"/><T86/><D118/><U67/><E107/><V76/><F71/><W1/><G43/><T117/><D117/><U69/><E30/><V64/><F64/><W125/><G63/><T59/><D5/><U22/><E129/><V87/><F2/><N who="3" m="1131" /><G125/><N who="0" m="48235" /><D105/><U91/><E82/><V130/><F110/><N who="0" m="41994" /><D21/><U114/><E114/><V83/><F12/><W53/><G120/><T32/><D32/><N who="3" m="12329" /><G49/><N who="0" m="30799" /><D59/><U9/><E58/><V104/><F130/><W62/><G116/><T15/><D15/><U3/><E3/><V8/><F8/><N who="3" m="4359" /><G62/><T108/><N who="0" m="42002" /><T24/><DORA hai="29" /><D24/><U40/><E9/><V41/><F41/><W81/><G81/><T28/><D28/><U6/><E6/><V92/><F104/><W38/><G38/><T123/><D123/><U57/><E57/><V98/><F98/><W100/><G53/><T11/><D11/><U26/><REACH who="1" step="1"/><E20/><REACH who="1" ten="205,176,265,344" step="2"/><V131/><F131/><W44/><G44/><T7/><D7/><U50/><E50/><V19/><F19/><W65/><G65/><T128/><D128/><U13/><E13/><V96/><F92/><W61/><G61/><T27/><D27/><U119/><E119/><V37/><F37/><W99/><G52/><T60/><D60/><U88/><E88/><V115/><F36/><W122/><G122/><T31/><D31/><U77/><E77/><V132/><F76/><W45/><G45/><T18/><D18/><U33/><E33/><V85/><F79/><W135/><G100/><T89/><D89/><U39/><E39/><V48/><F102/><W75/><G75/><AGARI ba="2,1" hai="73,74,75,84,86" m="30799,42002,48235" machi="75" ten="50,4800,0" yaku="18,1,10,1" doraHai="23,29" who="0" fromWho="3" sc="205,64,176,0,265,0,344,-54" /><INIT seed="4,3,0,1,4,58" ten="269,176,265,290" oya="0" hai0="100,32,113,134,70,125,72,75,33,84,127,68,17" hai1="62,8,69,95,87,29,111,74,126,119,108,40,22" hai2="120,104,79,54,23,28,124,67,43,106,103,94,5" hai3="21,64,116,102,129,78,11,36,56,15,26,83,9"/><T19/><D84/><U35/><E74/><N who="0" m="28201" /><D100/><U53/><E119/><V131/><F5/><W97/><G36/><T37/><D37/><U50/><E35/><N who="0" m="13385" /><D113/><U30/><E40/><V92/><F67/><W98/><G129/><T130/><D130/><U18/><E126/><N who="0" m="48137" /><D134/><U133/><E8/><V12/><F43/><W55/><G11/><T39/><D39/><U41/><E133/><V63/><F131/><W38/><G38/><T86/><D86/><U65/><E41/><V73/><F103/><W88/><G102/><T2/><D2/><U80/><E95/><V7/><F94/><W3/><G3/><T101/><D101/><U122/><E30/><V1/><F92/><W48/><G98/><T71/><AGARI ba="3,0" hai="17,19,68,70,71" m="48137,13385,28201" machi="71" ten="50,9600,0" yaku="28,2,18,1" doraHai="58" who="0" fromWho="0" sc="269,105,176,-35,265,-35,290,-35" /><INIT seed="4,4,0,0,4,9" ten="374,141,230,255" oya="0" hai0="104,33,112,30,19,44,83,54,131,31,3,107,73" hai1="4,53,36,134,1,135,41,117,108,113,17,114,122" hai2="16,22,92,65,96,63,106,6,110,119,126,56,46" hai3="129,133,120,15,26,81,18,7,130,43,49,67,58"/><T50/><D3/><U118/><E53/><V88/><F110/><W38/><G38/><T103/><D112/><N who="1" m="43115" /><E41/><V37/><F126/><W34/><G133/><N who="1" m="50698" /><E36/><V29/><F106/><W115/><G67/><T39/><D107/><U80/><E80/><V84/><F29/><W101/><G101/><T77/><D131/><U14/><E108/><V100/><F6/><W55/><G7/><T32/><D39/><U57/><E57/><V60/><F119/><N who="1" m="45577" /><E122/><V68/><F46/><W90/><G43/><T11/><D104/><U75/><E75/><V35/><F37/><W8/><G120/><T20/><D83/><U86/><E86/><V25/><F35/><W71/><G115/><T2/><D33/><U40/><E40/><V91/><F84/><W12/><G34/><T85/><D85/><U64/><E64/><AGARI ba="4,0" hai="16,22,25,56,60,63,64,65,68,88,91,92,96,100" machi="64" ten="30,3900,0" yaku="7,1,54,2" doraHai="9" who="2" fromWho="1" sc="374,0,141,-51,230,51,255,0" /><INIT seed="5,0,0,4,3,99" ten="374,90,281,255" oya="1" hai0="126,94,40,86,115,116,34,88,72,6,11,125,87" hai1="123,83,31,134,13,97,29,33,119,26,15,82,112" hai2="105,70,23,98,114,47,30,48,65,43,100,66,59" hai3="5,111,64,18,71,113,84,52,67,77,76,61,10"/><U51/><E123/><V92/><F70/><W110/><G113/><T90/><D116/><U62/><E119/><V69/><F69/><W39/><G67/><T127/><D115/><U130/><E130/><V91/><F114/><W1/><G39/><T28/><D72/><U57/><E112/><V103/><F103/><W42/><G42/><T53/><D40/><U106/><E134/><V133/><F133/><W46/><G18/><T24/><D53/><U85/><E51/><V74/><F74/><W7/><G7/><T79/><D79/><U129/><E29/><V4/><F4/><W16/><G84/><N who="0" m="32299" /><D94/><U78/><E83/><V38/><F38/><W107/><G107/><T89/><D89/><U54/><REACH who="1" step="1"/><E129/><REACH who="1" ten="374,80,281,255" step="2"/><V17/><F48/><W132/><G132/><T20/><D34/><U108/><E108/><V96/><F66/><W27/><G111/><T131/><D131/><U3/><E3/><AGARI ba="0,1" hai="3,6,11,20,24,28,88,90,125,126,127" m="32299" machi="3" ten="30,2000,0" yaku="18,1,54,1" doraHai="99" who="0" fromWho="1" sc="374,30,80,-20,281,0,255,0" /><INIT seed="6,0,0,0,0,30" ten="404,60,281,255" oya="2" hai0="84,111,85,87,105,78,17,75,40,15,89,104,24" hai1="128,96,0,22,91,116,27,65,39,16,125,119,18" hai2="8,124,55,41,73,76,44,83,60,51,32,126,38" hai3="62,56,64,133,43,4,129,69,95,49,121,80,31"/><V1/><F60/><W94/><G129/><T59/><D111/><U102/><E39/><V106/><F106/><W46/><G133/><T5/><D75/><U82/><E125/><N who="2" m="48235" /><F32/><W58/><G121/><T71/><D71/><U50/><E128/><V42/><F38/><W36/><G4/><AGARI ba="0,0" hai="1,4,8,41,42,44,51,55,73,76,83" m="48235" machi="4" ten="30,1500,0" yaku="18,1" doraHai="30" who="2" fromWho="3" sc="404,0,60,0,281,15,255,-15" /><INIT seed="6,1,0,3,3,34" ten="404,60,296,240" oya="2" hai0="135,81,33,95,35,36,132,87,4,82,41,90,84" hai1="61,42,76,92,2,105,30,131,118,8,83,100,57" hai2="122,106,26,46,119,116,108,19,115,11,6,44,14" hai3="5,59,23,79,16,75,65,10,52,78,80,129,18"/><V68/><F122/><W124/><G129/><T98/><D4/><U89/><E118/><V120/><F120/><W20/><G124/><T127/><D127/><U58/><E131/><V128/><F128/><W102/><G102/><N who="0" m="60767" /><D41/><U96/><E42/><V27/><F106/><W93/><G65/><T77/><D36/><U126/><E30/><V48/><F68/><W25/><G93/><T99/><D99/><U72/><E126/><V45/><F115/><W29/><G78/><T21/><D21/><U53/><E57/><V38/><F38/><W70/><G23/><T24/><D24/><N who="2" m="9258" /><F108/><W97/><G97/><T43/><D43/><U40/><E40/><V71/><F71/><W130/><G130/><T109/><D109/><U94/><REACH who="1" step="1"/><E89/><REACH who="1" ten="404,50,296,240" step="2"/><V110/><F116/><W55/><G70/><T66/><D90/><U54/><E54/><V91/><F91/><W67/><G55/><T9/><D66/><U12/><E12/><N who="2" m="5239" /><F119/><W22/><G67/><T111/><D111/><U117/><E117/><V63/><F110/><W50/><G22/><T39/><D39/><U123/><E123/><V107/><F107/><W56/><G59/><T133/><D35/><U32/><E32/><V69/><F69/><W49/><G50/><T112/><D33/><U15/><E15/><AGARI ba="1,1" hai="5,10,15,16,18,20,25,29,49,52,56,75,79,80" machi="15" ten="30,3900,0" yaku="7,1,54,2" doraHai="34" who="3" fromWho="1" sc="404,0,50,-42,296,0,240,52" /><INIT seed="7,0,0,4,5,25" ten="404,8,296,292" oya="3" hai0="46,79,128,39,56,115,105,27,65,118,82,113,4" hai1="119,108,133,31,64,66,112,95,69,16,132,45,127" hai2="135,85,29,2,19,42,102,101,14,77,43,134,48" hai3="11,35,38,60,63,3,8,20,50,78,23,17,41"/><W92/><G35/><T18/><D118/><U47/><E95/><V94/><F2/><W28/><G38/><T22/><D105/><U68/><E16/><V99/><F29/><W130/><G130/><T52/><D128/><U9/><E9/><N who="3" m="3658" /><G3/><T124/><D4/><U76/><E76/><V54/><F102/><W67/><G78/><T120/><D120/><U107/><E107/><V87/><F77/><W7/><G7/><T125/><D65/><U58/><E58/><N who="2" m="33095" /><F14/><N who="3" m="9271" /><G67/><T129/><D129/><U70/><E119/><V100/><F100/><W30/><G92/><T111/><D39/><U57/><E57/><V93/><F19/><W83/><G83/><T71/><D82/><U74/><E74/><V103/><F103/><W106/><G106/><T21/><D79/><U72/><E72/><V121/><F121/><W73/><G73/><T86/><D18/><U40/><E108/><V96/><F96/><W36/><G36/><T32/><D111/><U104/><E104/><V62/><F62/><N who="3" m="23595" /><G23/><T126/><D21/><U81/><E81/><V6/><F6/><W26/><G26/><T75/><D27/><U123/><E123/><V61/><F61/><W90/><G90/><T1/><D22/><U12/><E70/><V88/><F85/><W15/><G15/><T117/><D75/><U80/><E12/><V109/><F109/><W97/><G97/><T37/><D117/><U98/><E98/><V116/><F116/><W24/><G24/><T44/><D1/><U0/><E0/><V84/><F84/><W34/><G34/><T122/><D122/><U91/><E91/><RYUUKYOKU ba="0,0" sc="404,-15,8,-15,296,15,292,15" hai2="42,43,87,88,93,94,99,101,134,135" hai3="28,30,41,50" owari="389,49.0,-7,-51.0,311,11.0,307,-9.0" /></mjloggm>