<mjloggm ver="2.3"><GO type="97" lobby="0"/><UN n0="%E3%83%88%E3%83%88%E3%83%AA%E5%85%88%E7%94%9F%31%39%E6%AD%B3" n1="%32%6B%65%6E%63%68%61%6E" n2="%E5%85%A8%E5%8A%9B%E7%96%BE%E8%B5%B0%E3%82%84%E3%81%88" n3="%73%75%6D%32%32%35%35" dan="15,15,14,14" rate="2064.70,1972.77,1935.37,1873.23" sx="F,M,F,M"/><TAIKYOKU oya="0"/><INIT seed="0,0,0,0,2,48" ten="250,250,250,250" oya="0" hai0="69,133,35,129,58,15,8,130,115,36,31,101,88" hai1="122,70,98,119,131,97,124,22,54,60,20,123,96" hai2="14,132,13,87,16,91,78,93,106,33,80,34,42" hai3="108,28,62,75,90,44,1,29,104,30,67,61,9"/><T86/><D115/><U118/><E70/><V128/><F128/><N who="0" m="49258" /><D69/><U18/><E131/><V71/><F71/><W85/><G104/><T4/><D36/><U66/><E66/><V92/><F132/><W95/><G75/><T7/><D133/><U64/><E64/><V127/><F127/><W26/><G108/><T12/><D101/><U102/><E124/><V45/><F106/><W25/><G44/><T55/><D31/><U10/><E10/><V83/><F83/><W17/><G1/><N who="0" m="15" /><D7/><U3/><E3/><V43/><F92/><W112/><G112/><T41/><D41/><U99/><E102/><V125/><F125/><W27/><G67/><T105/><D35/><U5/><E5/><V11/><F34/><W6/><G6/><T68/><D68/><U117/><E18/><V74/><F33/><W113/><G113/><T81/><D105/><U57/><N who="1" m="25088" /><DORA hai="110" /><U109/><REACH who="1" step="1"/><E109/><REACH who="1" ten="250,240,250,250" step="2"/><V111/><F111/><W39/><G39/><T82/><D82/><U79/><E79/><V89/><F78/><W103/><G103/><T134/><D134/><U77/><E77/><V2/><F80/><W49/><G49/><AGARI ba="0,1" hai="12,15,49,55,58,81,86,88" m="15,49258" machi="49" ten="30,5800,0" yaku="19,1,52,1,54,1" doraHai="48,110" who="0" fromWho="3" sc="250,68,240,0,250,0,250,-58" /><INIT seed="0,1,0,1,1,47" ten="318,240,250,192" oya="0" hai0="64,56,108,127,49,99,23,3,84,41,45,48,115" hai1="17,133,22,114,118,51,61,13,73,37,34,28,27" hai2="40,4,59,68,101,135,102,57,117,14,100,77,12" hai3="20,76,43,94,55,80,21,60,104,7,78,25,1"/><T44/><D115/><U89/><E51/><N who="0" m="19529" /><D3/><U33/><E61/><V8/><F135/><W66/><G104/><T30/><D41/><U71/><E89/><V58/><F68/><W90/><G43/><T31/><D108/><U109/><E37/><V81/><F40/><W103/><G21/><T113/><D113/><U125/><E71/><V91/><F91/><W122/><G122/><T128/><D128/><U129/><E73/><V130/><F130/><W0/><G55/><T132/><D132/><U50/><E50/><V88/><F117/><W74/><G78/><T32/><D32/><N who="1" m="20511" /><E109/><V134/><F134/><W35/><G103/><T85/><D127/><U53/><E53/><V112/><F112/><W10/><G35/><N who="1" m="13322" /><E133/><V105/><F105/><W62/><G0/><T2/><D2/><U52/><E52/><V131/><F131/><W24/><G66/><T106/><D99/><U75/><E75/><V46/><F46/><N who="0" m="18026" /><D106/><U36/><E36/><V120/><F120/><W110/><G110/><T26/><D31/><U124/><E129/><V119/><F119/><W9/><G1/><T121/><D121/><U29/><E114/><V92/><F77/><W126/><G126/><N who="1" m="48746" /><E29/><V116/><F116/><AGARI ba="1,0" hai="13,17,22,116,118" m="48746,13322,20511" machi="116" ten="30,3900,0" yaku="18,1,34,2" doraHai="47" who="1" fromWho="2" sc="318,0,240,42,250,-42,192,0" /><INIT seed="1,0,0,3,0,116" ten="318,282,208,192" oya="1" hai0="52,126,6,100,37,34,110,118,26,0,88,92,20" hai1="46,134,19,73,50,29,18,14,129,113,69,21,24" hai2="93,28,30,80,76,122,48,36,13,43,104,38,95" hai3="132,112,67,109,103,106,84,2,119,130,12,133,89"/><U135/><E73/><V17/><F104/><W64/><G2/><T86/><D118/><U108/><E69/><V82/><F122/><W115/><G119/><T23/><D37/><U59/><E113/><V4/><F4/><W22/><G106/><T68/><D68/><U101/><E101/><V15/><F48/><W78/><G103/><T5/><D110/><U39/><E108/><V31/><F43/><W62/><G109/><T131/><D131/><U3/><E3/><V70/><F70/><W60/><G78/><T74/><D74/><U120/><E120/><V81/><F76/><W63/><G130/><T66/><D66/><N who="3" m="25129" /><G12/><N who="2" m="4681" /><F17/><W72/><G22/><T11/><D126/><U123/><E123/><V25/><F25/><W99/><G99/><T54/><D5/><U45/><E39/><AGARI ba="0,0" hai="28,30,31,36,38,39,80,81,82,93,95" m="4681" machi="39" ten="40,2600,0" yaku="28,2" doraHai="116" who="2" fromWho="1" sc="318,0,282,-26,208,26,192,0" /><INIT seed="2,0,0,1,5,21" ten="318,256,234,192" oya="2" hai0="13,127,66,93,80,77,27,24,17,22,65,78,74" hai1="102,33,56,61,88,10,122,76,5,131,115,73,32" hai2="19,81,68,37,67,55,123,133,99,28,116,85,41" hai3="84,52,58,20,108,54,94,130,97,114,12,35,31"/><V14/><F123/><W7/><G108/><T118/><D127/><U51/><E115/><V1/><F1/><W83/><G114/><T53/><D118/><U89/><E131/><V100/><F116/><W86/><G130/><T63/><D53/><U2/><E51/><V72/><F72/><W48/><G35/><T49/><D49/><U111/><E111/><V6/><F6/><W126/><G126/><T45/><D45/><U34/><E102/><V15/><F133/><W3/><G3/><T128/><D128/><U82/><REACH who="1" step="1"/><E122/><REACH who="1" ten="318,246,234,192" step="2"/><V23/><F37/><W16/><G7/><T95/><D63/><U70/><E70/><V69/><F100/><N who="3" m="60471" /><G31/><T135/><D135/><U46/><E46/><V36/><F28/><W4/><G4/><T104/><D104/><U129/><E129/><V43/><F36/><W42/><G42/><T57/><D57/><U98/><E98/><V113/><F69/><W11/><G83/><T117/><D117/><U90/><E90/><V79/><F68/><W9/><G54/><AGARI ba="0,1" hai="2,5,10,32,33,34,54,56,61,73,76,82,88,89" machi="54" ten="40,2600,0" yaku="1,1,54,1,53,0" doraHai="21" doraHaiUra="62" who="1" fromWho="3" sc="318,0,246,36,234,0,192,-26" /><INIT seed="3,0,0,3,2,19" ten="318,282,234,166" oya="3" hai0="54,48,52,83,80,126,75,132,106,108,23,130,122" hai1="21,30,9,46,50,56,3,57,16,39,117,8,60" hai2="67,43,99,82,98,131,11,85,61,66,42,72,119" hai3="121,134,94,95,15,65,78,55,88,107,59,0,103"/><W70/><G0/><T113/><D122/><U76/><E3/><V20/><F72/><W2/><G2/><T69/><D69/><U84/><E39/><V10/><F131/><W125/><G121/><T31/><D106/><U135/><E117/><V111/><F111/><W97/><G78/><T115/><D108/><U118/><E118/><V51/><F51/><BYE who="2" /><W18/><G134/><T104/><D104/><U102/><E30/><V90/><F90/><W120/><G120/><T35/><D35/><UN n2="%E5%85%A8%E5%8A%9B%E7%96%BE%E8%B5%B0%E3%82%84%E3%81%88" /><U128/><E102/><V64/><F61/><W12/><G125/><T5/><D75/><U25/><E135/><V22/><F119/><W81/><G70/><T129/><D132/><U7/><E128/><N who="0" m="49257" /><D126/><U123/><E123/><V13/><F85/><W114/><G114/><N who="0" m="43531" /><D5/><U28/><E28/><V53/><F53/><N who="0" m="20586" /><D48/><U89/><E60/><V45/><F82/><W33/><G33/><T87/><D87/><U1/><E76/><V17/><F45/><W109/><G109/><T32/><D32/><U38/><E38/><V63/><F63/><N who="3" m="38143" /><G81/><T26/><AGARI ba="0,0" hai="23,26,31,80,83" m="20586,43531,49257" machi="26" ten="40,8000,1" yaku="19,1,11,1,52,1,54,1" doraHai="19" who="0" fromWho="0" sc="318,80,282,-20,234,-20,166,-40" owari="398,50.0,262,6.0,214,-19.0,126,-37.0" /></mjloggm>