<mjloggm ver="2.3"><GO type="97" lobby="0"/><UN n0="%E3%83%8F%E3%83%A2%E5%B8%AB%E5%8C%A0" n1="%E6%B2%99%E8%80%B6%E5%8A%A0%E4%BD%90%E5%80%89" n2="%E5%B0%B1%E6%B4%BB%E7%94%9F%40%E5%B7%9D%E6%9D%91%E8%BB%8D%E5%9B%A3" n3="%73%61%76%65%69" dan="13,14,14,17" rate="1896.27,1877.83,1954.29,2061.42" sx="M,M,M,M"/><TAIKYOKU oya="0"/><INIT seed="0,0,0,5,1,70" ten="250,250,250,250" oya="0" hai0="75,12,58,51,9,119,133,66,71,128,48,32,85" hai1="52,50,127,33,6,69,97,38,18,28,122,117,68" hai2="89,106,107,95,62,13,29,16,101,104,4,35,83" hai3="57,65,54,31,42,125,92,10,37,72,120,109,23"/><T59/><D119/><U94/><E117/><V27/><F4/><W84/><G72/><T43/><D75/><U3/><E18/><V63/><F101/><W34/><G34/><T41/><D32/><U25/><E127/><V11/><REACH who="2" step="1"/><F83/><REACH who="2" ten="250,250,240,250" step="2"/><W78/><G125/><T102/><D128/><U77/><E77/><V118/><F118/><W113/><G78/><T100/><D102/><U116/><E116/><V121/><F121/><W86/><G120/><T93/><D100/><U112/><E122/><V87/><AGARI ba="0,1" hai="11,13,16,27,29,35,62,63,87,89,95,104,106,107" machi="87" ten="30,4000,0" yaku="1,1,0,1,54,1,53,0" doraHai="70" doraHaiUra="47" who="2" fromWho="2" sc="250,-20,250,-10,240,50,250,-10" /><INIT seed="1,0,0,5,2,105" ten="230,240,290,240" oya="1" hai0="116,43,87,9,40,71,123,0,108,60,36,135,83" hai1="13,70,56,120,127,2,119,131,8,27,63,111,110" hai2="99,68,114,55,130,76,113,1,104,129,30,134,124" hai3="34,12,125,51,100,77,28,118,69,132,95,82,128"/><U25/><E120/><V102/><F1/><W88/><G69/><T75/><D108/><N who="1" m="41515" /><E119/><V44/><F68/><W14/><G118/><T45/><D116/><U115/><E70/><V16/><F30/><W41/><G125/><T19/><D40/><U78/><E2/><V38/><F124/><W5/><G128/><N who="2" m="49257" /><F134/><W93/><G132/><T48/><D135/><U15/><E127/><V122/><F122/><W101/><G34/><T3/><D123/><U53/><E131/><V117/><F117/><W91/><G28/><T37/><D19/><N who="1" m="8615" /><E115/><N who="2" m="44043" /><F76/><W29/><G29/><T81/><D81/><U73/><E15/><V86/><F86/><W50/><G77/><N who="0" m="44479" /><D37/><U4/><E4/><V31/><F31/><W6/><G41/><T126/><D126/><U18/><E18/><V61/><F61/><W57/><G82/><AGARI ba="0,0" hai="25,27,53,56,63,73,78,82" m="8615,41515" machi="82" ten="30,5800,0" yaku="14,1,10,1,52,1" doraHai="105" who="1" fromWho="3" sc="230,0,240,58,290,0,240,-58" /><INIT seed="1,1,0,0,1,131" ten="230,298,290,182" oya="1" hai0="22,8,117,126,118,84,18,104,134,88,68,58,79" hai1="23,31,33,95,128,57,62,5,89,99,120,40,20" hai2="129,75,114,80,127,83,86,121,9,7,63,35,0" hai3="76,32,38,28,41,106,103,112,133,109,29,100,101"/><U85/><E120/><V60/><F121/><W113/><G106/><T77/><D104/><U10/><E128/><V135/><F129/><W108/><G76/><T132/><D68/><U16/><E40/><V69/><F127/><W55/><G55/><T65/><D126/><U43/><E33/><V70/><F35/><W102/><G102/><T107/><D107/><U15/><E43/><V4/><F114/><N who="3" m="44139" /><G32/><T56/><D8/><U98/><E31/><N who="3" m="11850" /><G41/><T66/><D58/><U21/><REACH who="1" step="1"/><E5/><REACH who="1" ten="230,288,290,182" step="2"/><V111/><F7/><W17/><G38/><T124/><D124/><U87/><E87/><V12/><F75/><W72/><G72/><T13/><D118/><U91/><E91/><V93/><F86/><W26/><G101/><T61/><D117/><U52/><AGARI ba="1,1" hai="10,15,16,20,21,23,52,57,62,85,89,95,98,99" machi="52" ten="30,18000,2" yaku="1,1,0,1,8,1,54,2,53,1" doraHai="131" doraHaiUra="81" who="1" fromWho="1" sc="230,-61,288,193,290,-61,182,-61" /><INIT seed="1,2,0,3,2,127" ten="169,481,229,121" oya="1" hai0="2,31,0,64,74,105,46,23,129,92,56,5,93" hai1="119,78,32,8,51,6,81,53,29,69,71,121,34" hai2="38,104,85,103,33,115,42,116,1,30,130,26,102" hai3="73,113,55,77,44,24,18,66,91,9,70,109,3"/><U88/><E88/><V41/><F116/><W58/><G113/><T80/><D105/><U39/><E119/><V62/><F1/><W52/><G109/><T112/><D112/><U10/><E39/><V122/><F122/><W110/><G110/><T123/><D46/><U108/><E121/><V84/><F115/><W25/><G70/><T87/><D74/><U35/><E108/><V15/><F62/><W61/><G91/><T97/><D5/><U133/><E29/><V11/><F130/><W106/><G106/><T59/><D129/><U17/><E133/><V19/><F104/><W120/><G120/><T89/><D123/><U118/><E118/><V14/><F14/><W68/><G44/><T134/><D93/><U27/><E27/><V111/><F111/><W96/><G96/><T12/><D59/><U49/><E17/><V75/><F75/><W22/><G68/><T82/><D82/><U128/><E128/><V131/><F131/><W86/><G73/><T95/><D95/><U60/><E60/><V13/><F13/><W117/><G117/><T57/><D57/><U114/><E114/><V63/><F63/><W125/><G125/><T45/><D45/><U36/><E36/><V100/><F38/><W126/><G126/><T124/><D124/><U37/><E37/><V43/><AGARI ba="2,0" hai="11,15,19,26,30,33,41,42,43,84,85,100,102,103" machi="43" ten="30,1100,0" yaku="0,1" doraHai="127" who="2" fromWho="2" sc="169,-5,481,-7,229,17,121,-5" /><INIT seed="2,0,0,4,2,54" ten="164,474,246,116" oya="2" hai0="76,132,124,82,45,33,22,123,26,28,112,71,37" hai1="31,27,75,125,79,60,111,94,42,101,12,7,122" hai2="4,86,58,109,56,106,29,52,9,68,17,100,53" hai3="108,74,84,1,114,81,134,128,133,15,25,80,14"/><V77/><F68/><W30/><G1/><T18/><D123/><U96/><E96/><V102/><F106/><W21/><G108/><T61/><D112/><U90/><E101/><N who="2" m="39019" /><F109/><W72/><G114/><T44/><D124/><U66/><E125/><V97/><F29/><W55/><G128/><T11/><D132/><U3/><E42/><V39/><F39/><W113/><G113/><T129/><D129/><U5/><E3/><V120/><F97/><W41/><G41/><T135/><D135/><U130/><E12/><N who="2" m="7311" /><F4/><W48/><G134/><T13/><D37/><U64/><E130/><V105/><F105/><W126/><G126/><T91/><D91/><U89/><E60/><V47/><F120/><W38/><G38/><T107/><D107/><U19/><E19/><V83/><F47/><W0/><G0/><T35/><D35/><U62/><E62/><V98/><F98/><W88/><G133/><T49/><D49/><U67/><E122/><V117/><F117/><W65/><G65/><T43/><D43/><U40/><E111/><V63/><F63/><W121/><G121/><T32/><D32/><N who="1" m="20607" /><E40/><V115/><F115/><W73/><REACH who="3" step="1"/><G80/><REACH who="3" ten="164,474,246,106" step="2"/><T87/><REACH who="0" step="1"/><D33/><REACH who="0" ten="154,474,246,106" step="2"/><U57/><E67/><AGARI ba="0,2" hai="11,13,18,22,26,28,44,45,61,67,71,76,82,87" machi="67" ten="40,2600,0" yaku="1,1,2,1,53,0" doraHai="54" doraHaiUra="50" who="0" fromWho="1" sc="154,46,474,-26,246,0,106,0" /><INIT seed="3,0,0,2,3,29" ten="200,448,246,106" oya="3" hai0="35,135,63,30,83,108,73,25,103,129,104,76,12" hai1="121,80,99,59,106,31,57,118,111,82,6,87,123" hai2="127,48,51,32,28,96,133,47,120,52,126,90,91" hai3="79,86,18,67,74,39,85,44,100,119,43,107,84"/><W81/><G119/><T78/><D108/><U24/><E6/><V17/><F120/><W62/><G18/><T58/><D129/><U69/><E69/><V4/><F133/><W61/><REACH who="3" step="1"/><G67/><REACH who="3" ten="200,448,246,96" step="2"/><N who="0" m="39415" /><D135/><U134/><E118/><V33/><F17/><W128/><G128/><T93/><D104/><U40/><E134/><V124/><F28/><W71/><G71/><T98/><D73/><U54/><E31/><V2/><F4/><W27/><G27/><T89/><D25/><U88/><E24/><V112/><F112/><W101/><G101/><T75/><D103/><U8/><E121/><V116/><F116/><W68/><G68/><T20/><D30/><U19/><E123/><V102/><F124/><W109/><G109/><T13/><D13/><U130/><E111/><V38/><F126/><W95/><G95/><T45/><D12/><U92/><E130/><V60/><F127/><W9/><G9/><T70/><D93/><U65/><E8/><V37/><F2/><W41/><G41/><T53/><D70/><U46/><E19/><V64/><F64/><W97/><AGARI ba="0,1" hai="39,43,44,61,62,74,79,81,84,85,86,97,100,107" machi="97" ten="30,6000,0" yaku="1,1,0,1,53,1" doraHai="29" doraHaiUra="36" who="3" fromWho="3" sc="200,-20,448,-20,246,-20,96,70" /><INIT seed="3,1,0,4,4,132" ten="180,428,226,166" oya="3" hai0="131,51,123,134,52,32,54,40,46,122,18,119,19" hai1="125,15,109,7,71,16,85,20,9,44,55,6,22" hai2="27,86,2,50,90,116,63,17,78,100,65,110,42" hai3="75,48,103,108,1,61,28,113,12,74,133,76,111"/><W10/><G113/><T129/><D134/><U13/><E71/><V70/><F2/><W126/><G133/><T82/><D32/><U37/><E125/><V115/><F116/><W101/><G1/><T130/><D119/><U43/><E109/><N who="3" m="42058" /><G28/><T69/><D69/><U96/><E96/><V68/><F115/><W62/><G48/><N who="0" m="26695" /><D82/><U29/><E29/><V95/><F68/><W64/><G76/><T106/><D106/><U4/><E85/><V24/><F110/><W72/><G126/><T77/><D77/><U8/><E55/><N who="0" m="21033" /><D51/><U92/><E92/><V102/><F78/><W114/><G114/><T67/><D67/><U118/><E118/><V39/><F39/><W117/><G117/><T45/><D45/><U83/><E83/><V97/><F50/><W107/><G107/><T23/><D19/><AGARI ba="1,0" hai="4,6,7,8,9,13,15,16,19,20,22,37,43,44" machi="19" ten="40,2600,0" yaku="9,1,54,1" doraHai="132" who="1" fromWho="0" sc="180,-29,428,29,226,0,166,0" owari="151,-35.0,457,55.0,226,3.0,166,-23.0" /></mjloggm>