<mjloggm ver="2.3"><GO type="169" lobby="0"/><UN n0="%66%75%6B%75%30%32" n1="%E8%A3%8F%E6%8A%95%E3%81%92%E4%B8%80%E6%9C%AC" n2="%E3%82%A6%E3%83%AB%E3%83%88%E3%83%A9%E7%AB%8B%E7%9B%B4" n3="%64%61%6E%6E%63%68%69" dan="16,16,17,16" rate="2121.31,2094.98,2179.16,2097.49" sx="M,M,M,M"/><TAIKYOKU oya="0"/><INIT seed="0,0,0,3,4,8" ten="250,250,250,250" oya="0" hai0="123,92,51,37,43,65,72,87,127,126,97,98,93" hai1="38,53,128,36,44,130,94,111,9,54,73,81,118" hai2="119,1,0,27,33,70,40,77,120,132,17,122,20" hai3="84,3,101,109,4,45,15,56,114,78,34,76,18"/><T6/><D72/><U100/><E118/><V58/><F70/><W71/><G34/><T39/><D123/><U113/><E111/><V88/><F77/><W64/><G71/><T14/><D65/><U125/><E125/><N who="0" m="47625" /><D87/><U83/><E113/><V69/><F69/><W116/><G116/><T23/><D51/><U134/><E134/><V74/><F74/><W24/><G114/><T102/><D43/><U21/><E21/><V82/><F119/><W49/><G101/><N who="0" m="60583" /><D6/><U60/><E60/><V28/><F40/><W112/><G112/><T66/><D66/><U110/><E110/><V57/><F132/><W75/><G109/><T16/><AGARI ba="0,0" hai="14,16,23,37,39,93,98,102" m="60583,47625" machi="16" ten="30,6000,0" yaku="18,1,52,1,54,1" doraHai="8" who="0" fromWho="0" sc="250,60,250,-20,250,-20,250,-20" /><INIT seed="0,1,0,2,0,86" ten="310,230,230,230" oya="0" hai0="103,31,29,115,60,106,39,66,54,105,7,71,133" hai1="111,44,50,91,22,62,113,59,130,41,5,43,48" hai2="24,129,84,61,134,93,107,116,4,12,52,65,33" hai3="20,45,132,49,121,13,40,1,120,23,99,83,78"/><T124/><D115/><U88/><E5/><V123/><F107/><W42/><G1/><T104/><D39/><U95/><E111/><V112/><F123/><N who="3" m="47179" /><G132/><T72/><D72/><U34/><E34/><V114/><F134/><W37/><G99/><T0/><D133/><U85/><E130/><V90/><F129/><W118/><G118/><T80/><D124/><U67/><E113/><V8/><F116/><W18/><G40/><N who="1" m="15434" /><E22/><V26/><F52/><W6/><G6/><T28/><D103/><U77/><E77/><V15/><F15/><W70/><G70/><T58/><D80/><N who="1" m="49191" /><E44/><V14/><F33/><W53/><G23/><T36/><D36/><U9/><E9/><V55/><F114/><W109/><G109/><T17/><D7/><U92/><E92/><V19/><F112/><W74/><G42/><T100/><D0/><U128/><E128/><V119/><F119/><W131/><G131/><T75/><D75/><U117/><E117/><V16/><F4/><W97/><G37/><T69/><D69/><U57/><E57/><N who="2" m="37039" /><F55/><W56/><G45/><T25/><D71/><U63/><E63/><V38/><F38/><W96/><AGARI ba="1,0" hai="13,18,20,49,53,56,74,78,83,96,97" m="47179" machi="96" ten="30,1100,0" yaku="13,1" doraHai="86" who="3" fromWho="3" sc="310,-6,230,-4,230,-4,230,14" /><INIT seed="1,0,0,1,2,87" ten="304,226,226,244" oya="1" hai0="34,108,10,78,40,82,29,113,57,75,74,17,31" hai1="50,128,15,80,55,77,3,115,119,76,97,96,132" hai2="52,53,62,42,4,25,131,130,5,84,81,109,48" hai3="129,104,64,0,92,71,120,60,6,37,61,59,112"/><U94/><E3/><V83/><F109/><W103/><G37/><T44/><D108/><U86/><E115/><V28/><F42/><W51/><G112/><T114/><D75/><U135/><E119/><V73/><F73/><W12/><G120/><T33/><D57/><U49/><E128/><N who="2" m="49195" /><F62/><W46/><G0/><T99/><D99/><U111/><E111/><V121/><F121/><W18/><G104/><T21/><D10/><U14/><E77/><V27/><F81/><W11/><G129/><T56/><D56/><U107/><E107/><V1/><F1/><W63/><G71/><T26/><D31/><U105/><E105/><V98/><F98/><N who="3" m="59847" /><G6/><N who="2" m="2665" /><F48/><W117/><G117/><T127/><D114/><U91/><E97/><V123/><F123/><W88/><G61/><T101/><D113/><U8/><E49/><V38/><F38/><W39/><G39/><T93/><D74/><U41/><E41/><V68/><F68/><W36/><G36/><T125/><D40/><U13/><REACH who="1" step="1"/><E8/><REACH who="1" ten="304,216,226,244" step="2"/><V102/><F102/><W9/><G9/><T116/><D101/><U16/><E16/><V100/><F100/><W66/><G63/><T133/><D116/><U54/><E54/><N who="2" m="21099" /><F28/><W47/><G51/><T20/><D29/><U22/><E22/><V7/><F7/><W30/><G30/><T79/><D21/><U118/><E118/><V95/><F84/><W124/><G18/><T67/><D17/><U85/><E85/><V23/><F23/><W89/><G11/><T65/><D20/><U58/><AGARI ba="0,1" hai="13,14,15,50,55,58,76,80,86,91,94,96,132,135" machi="58" ten="30,11700,0" yaku="1,1,0,1,52,1,53,1" doraHai="87" doraHaiUra="45" who="1" fromWho="1" sc="304,-39,216,127,226,-39,244,-39" /><INIT seed="1,1,0,4,0,91" ten="265,343,187,205" oya="1" hai0="97,24,96,63,81,114,133,135,123,36,48,105,60" hai1="122,59,4,130,42,120,75,69,1,92,95,33,128" hai2="45,78,0,19,98,127,49,57,51,62,118,116,55" hai3="50,17,104,117,67,46,37,93,53,72,47,40,109"/><U126/><E69/><V21/><F0/><W108/><G104/><T64/><D36/><U70/><E70/><V15/><F127/><W87/><G72/><T43/><D114/><U90/><E75/><V106/><F78/><W134/><G67/><T3/><D3/><U89/><E33/><V125/><F125/><W28/><G28/><T80/><D123/><U115/><E126/><V94/><F106/><W7/><G7/><T83/><D24/><U102/><E42/><V124/><F124/><W58/><G134/><N who="0" m="51211" /><D105/><U132/><E132/><V22/><F51/><W11/><G117/><T10/><D10/><N who="1" m="2319" /><E102/><V65/><REACH who="2" step="1"/><F22/><REACH who="2" ten="265,343,177,205" step="2"/><W74/><G74/><T25/><D48/><U8/><E8/><V30/><F30/><W85/><G108/><T16/><D60/><U61/><E115/><V77/><F77/><W6/><G109/><T32/><D32/><U44/><E122/><V129/><F129/><W66/><G11/><T73/><D73/><U9/><E9/><V52/><F52/><W12/><G53/><T13/><D43/><U86/><E120/><V26/><F26/><W14/><G50/><T38/><D25/><U99/><E44/><V39/><F39/><W131/><G46/><T112/><D38/><U41/><E41/><V82/><F82/><W119/><G131/><N who="1" m="50218" /><E61/><V101/><AGARI ba="1,1" hai="15,19,21,45,49,55,57,62,65,94,98,101,116,118" machi="101" ten="20,5200,0" yaku="1,1,0,1,7,1,52,1,53,0" doraHai="91" doraHaiUra="2" who="2" fromWho="2" sc="265,-14,343,-27,177,65,205,-14" /><INIT seed="2,0,0,4,4,63" ten="251,316,242,191" oya="2" hai0="81,51,21,104,125,74,114,135,65,5,119,92,117" hai1="75,31,71,127,11,17,26,38,19,90,44,13,98" hai2="76,25,47,121,97,89,52,39,111,58,85,53,115" hai3="7,23,120,91,110,9,57,12,6,45,101,1,99"/><V33/><F121/><W93/><G110/><T8/><D104/><U129/><E75/><V107/><F115/><W2/><G120/><T27/><D114/><U48/><E38/><V67/><F111/><W95/><G45/><T36/><D36/><U123/><E129/><V37/><F37/><W103/><G7/><T84/><D125/><U102/><E127/><V28/><F76/><W68/><G68/><T112/><D112/><U69/><E19/><V54/><F39/><W14/><G2/><T35/><D35/><U64/><E90/><V132/><F132/><W3/><G3/><T24/><D135/><U49/><E49/><V133/><F47/><W82/><G57/><T116/><D74/><U80/><E80/><V100/><F133/><W77/><G23/><T96/><D51/><U61/><E123/><V16/><F16/><W72/><REACH who="3" step="1"/><G101/><REACH who="3" ten="251,316,242,181" step="2"/><T40/><D21/><U41/><E31/><V4/><F4/><W59/><G59/><T73/><D119/><U109/><E109/><V32/><F32/><W29/><G29/><T126/><D116/><U55/><E71/><V134/><F134/><W56/><G56/><T83/><D117/><U87/><E69/><V62/><REACH who="2" step="1"/><F54/><REACH who="2" ten="251,316,232,181" step="2"/><W86/><AGARI ba="0,2" hai="1,6,9,12,14,72,77,82,86,91,93,95,99,103" machi="86" ten="20,2700,0" yaku="1,1,0,1,7,1,53,0" doraHai="63" doraHaiUra="42" who="3" fromWho="3" sc="251,-7,316,-7,232,-13,181,47" /><INIT seed="3,0,0,0,2,101" ten="244,309,219,228" oya="3" hai0="22,38,110,128,135,2,36,91,97,88,76,98,126" hai1="59,120,127,134,63,54,18,123,65,30,73,44,16" hai2="8,119,77,62,23,24,31,100,35,125,19,55,20" hai3="58,45,81,96,86,60,11,114,49,109,3,68,21"/><W130/><G68/><T43/><D2/><U80/><E134/><V131/><F119/><W13/><G114/><T57/><D135/><U0/><E0/><V83/><F125/><W53/><G130/><T47/><D128/><U40/><E127/><V9/><F131/><W75/><G75/><T117/><D126/><U41/><E30/><V122/><F122/><W48/><G109/><T111/><D117/><U67/><E67/><V93/><F35/><W118/><G118/><T105/><D38/><U6/><E6/><V115/><F115/><W5/><G96/><N who="0" m="36971" /><D105/><U66/><E66/><V10/><F93/><W50/><G21/><T25/><D57/><U17/><E73/><V46/><F100/><W71/><G71/><T69/><D76/><U90/><E80/><V1/><F1/><W84/><G3/><T64/><D64/><U87/><E87/><V95/><F95/><W79/><REACH who="3" step="1"/><G86/><REACH who="3" ten="244,309,219,218" step="2"/><T51/><D69/><U61/><E123/><V52/><F23/><W42/><AGARI ba="0,1" hai="5,11,13,42,45,48,49,50,53,58,60,79,81,84" machi="42" ten="20,18000,2" yaku="1,1,2,1,0,1,7,1,25,2,8,1,53,0" doraHai="101" doraHaiUra="70" who="3" fromWho="3" sc="244,-60,309,-60,219,-60,218,190" /><INIT seed="3,1,0,0,5,132" ten="184,249,159,408" oya="3" hai0="128,67,86,2,107,82,56,123,110,38,81,50,108" hai1="87,27,45,5,37,46,129,100,66,69,73,9,98" hai2="6,74,19,42,122,54,7,103,55,114,62,71,31" hai3="53,52,21,48,78,63,34,125,104,116,77,113,118"/><W115/><G104/><T16/><D38/><U91/><E73/><V40/><F74/><W121/><G34/><T4/><D123/><U101/><E129/><V15/><F114/><W11/><G11/><N who="0" m="2455" /><D107/><U28/><E37/><V8/><F122/><W135/><G121/><T58/><D128/><U64/><E101/><V127/><F127/><W51/><G135/><T59/><D67/><U68/><E68/><V65/><F103/><W124/><G21/><T17/><D50/><U88/><E91/><V12/><F31/><W119/><G119/><T85/><D85/><U99/><E99/><V61/><F6/><W105/><G105/><T80/><D86/><U30/><E30/><V120/><F120/><W90/><G90/><T97/><D97/><U43/><E98/><V25/><F25/><W70/><G63/><T36/><D36/><U29/><E29/><V13/><F13/><W23/><G23/><T131/><D131/><U83/><E100/><V126/><F126/><W76/><G76/><T112/><D112/><U39/><E46/><V130/><F130/><W96/><G96/><T102/><D102/><U57/><E57/><V94/><F94/><W72/><G72/><T1/><D1/><U95/><E83/><V111/><F62/><W0/><G0/><T26/><D26/><U109/><E109/><AGARI ba="1,0" hai="16,17,56,58,59,80,81,82,108,109,110" m="2455" machi="109" ten="40,2600,0" yaku="14,1,54,1" doraHai="132" who="0" fromWho="1" sc="184,29,249,-29,159,0,408,0" /><INIT seed="4,0,0,3,2,29" ten="213,220,159,408" oya="0" hai0="69,32,71,55,131,59,130,3,102,123,73,53,33" hai1="101,64,96,80,13,82,74,1,99,49,72,98,26" hai2="68,84,103,28,0,10,20,22,35,134,40,37,94" hai3="63,38,88,104,116,12,108,75,17,48,16,89,112"/><T85/><D73/><N who="1" m="28267" /><E1/><V114/><F68/><N who="0" m="26186" /><D3/><U50/><E26/><N who="2" m="18839" /><F37/><W79/><G38/><T24/><D123/><U6/><E64/><V5/><F40/><W7/><G104/><T15/><D102/><U97/><E13/><V90/><F103/><W2/><G116/><T121/><D121/><U100/><E6/><V125/><F125/><W87/><G2/><T34/><D24/><U105/><E50/><V61/><F61/><W107/><G107/><T70/><D70/><U106/><E49/><V21/><F84/><W77/><G75/><T52/><D15/><U11/><E11/><N who="2" m="2471" /><F94/><W54/><G7/><T9/><D9/><U31/><E31/><V124/><F90/><W45/><G89/><T120/><D120/><U43/><E43/><V60/><F60/><W44/><G77/><T133/><D85/><U135/><E135/><V57/><F57/><W118/><G79/><T117/><D117/><U4/><E4/><V81/><F81/><AGARI ba="0,0" hai="80,81,82,96,97,98,99,100,101,105,106" m="28267" machi="81" ten="30,8000,1" yaku="35,5" doraHai="29" who="1" fromWho="2" sc="213,0,220,80,159,-80,408,0" /><INIT seed="5,0,0,5,3,18" ten="213,300,79,408" oya="1" hai0="106,107,63,49,109,92,13,111,65,68,51,70,7" hai1="104,56,112,33,45,40,16,29,52,117,11,66,0" hai2="85,128,75,131,99,90,25,81,110,124,46,130,129" hai3="114,82,132,58,118,20,133,72,43,88,37,93,69"/><U30/><E104/><V83/><N who="2" m="32768" /><DORA hai="39" /><V73/><F46/><N who="3" m="23919" /><G69/><T125/><D125/><U91/><E117/><V15/><F15/><W27/><G114/><T6/><D92/><U3/><E112/><V119/><F25/><W116/><G58/><T95/><D95/><U127/><E127/><V22/><F22/><W32/><G82/><N who="2" m="31241" /><F124/><W47/><G72/><N who="2" m="27721" /><F119/><N who="3" m="45611" /><G47/><T54/><D13/><U79/><E79/><V134/><F110/><W41/><G32/><T60/><REACH who="0" step="1"/><D54/><REACH who="0" ten="203,300,79,408" step="2"/><U76/><E52/><V2/><F2/><W59/><G133/><T103/><D103/><U12/><E12/><V55/><F55/><W31/><G132/><T113/><D113/><U67/><E3/><V101/><F134/><W120/><G120/><T96/><D96/><U108/><E0/><V34/><F34/><W48/><G27/><T36/><D36/><U84/><E33/><V50/><F50/><W28/><G48/><T135/><D135/><U23/><E108/><V21/><F21/><W42/><G20/><T19/><D19/><U123/><E16/><V10/><F10/><W38/><G38/><T89/><D89/><U97/><E91/><V94/><F101/><W86/><G31/><T64/><AGARI ba="0,1" hai="6,7,49,51,60,63,64,65,68,70,106,107,109,111" machi="64" ten="25,12000,2" yaku="1,1,0,1,22,2,53,2" doraHai="18,39" doraHaiUra="77,44" who="0" fromWho="0" sc="203,130,300,-60,79,-30,408,-30" /><INIT seed="6,0,0,3,2,63" ten="333,240,49,378" oya="2" hai0="55,78,59,111,126,66,38,25,118,13,81,6,19" hai1="74,5,33,45,115,92,116,121,64,91,122,76,10" hai2="50,3,67,26,30,60,134,107,83,101,80,75,71" hai3="29,2,89,135,24,110,99,79,70,128,53,69,62"/><V16/><F134/><W100/><G2/><T52/><D38/><U125/><E33/><V0/><F50/><W11/><G110/><T102/><D111/><U72/><E116/><V132/><F132/><W28/><G128/><T98/><D118/><U9/><E45/><V51/><F51/><W44/><G79/><T20/><D126/><U123/><E125/><V119/><F119/><W103/><G11/><N who="1" m="4106" /><E5/><V88/><F80/><W14/><G14/><T106/><D6/><U105/><E105/><V124/><F124/><W43/><G89/><T57/><D13/><U1/><E1/><V32/><F16/><W85/><G85/><T37/><D37/><U90/><E115/><V129/><F129/><W120/><G120/><T84/><REACH who="0" step="1"/><D59/><REACH who="0" ten="323,240,49,378" step="2"/><U130/><E130/><V18/><F18/><W4/><G4/><T108/><D108/><U117/><E117/><V93/><F93/><W47/><G70/><T86/><D86/><U7/><E92/><V31/><F31/><W112/><G29/><T82/><D82/><U87/><E7/><V73/><F73/><W40/><G69/><T56/><D56/><U49/><E87/><N who="2" m="50303" /><F75/><W39/><G135/><T48/><D48/><U46/><E49/><V21/><F21/><W104/><G39/><T77/><D77/><U97/><E76/><V35/><F35/><W114/><G28/><T96/><D96/><AGARI ba="0,1" hai="0,3,26,30,32,60,67,71,96,101,107" m="50303" machi="96" ten="30,5800,0" yaku="25,1,52,1,54,1" doraHai="63" who="2" fromWho="0" sc="323,-58,240,0,49,68,378,0" /><INIT seed="6,1,0,3,5,40" ten="265,240,117,378" oya="2" hai0="42,6,127,34,13,91,89,109,103,134,111,33,88" hai1="4,48,107,79,100,8,113,77,87,95,97,102,84" hai2="108,37,70,44,119,131,9,38,92,27,90,56,67" hai3="31,14,110,81,80,41,105,93,106,53,120,18,30"/><V24/><F119/><W101/><G120/><T96/><D127/><U0/><E48/><V19/><F70/><W59/><G110/><T29/><D134/><U50/><E50/><V132/><F38/><W2/><G2/><T62/><D42/><U52/><E52/><V54/><F37/><W66/><G41/><T118/><D118/><U60/><E60/><N who="2" m="38279" /><F132/><W115/><G66/><T16/><D6/><U71/><E71/><V15/><F131/><W7/><G7/><T46/><D46/><U11/><E11/><V76/><F76/><N who="1" m="29257" /><E8/><V65/><F65/><W36/><G105/><T73/><D73/><U49/><E49/><N who="2" m="28967" /><F108/><W10/><G106/><T22/><D62/><U12/><E12/><V58/><F58/><W55/><G36/><T112/><D112/><U114/><E4/><V35/><F35/><W64/><G115/><N who="1" m="44042" /><E0/><V74/><F74/><W124/><G64/><T135/><D135/><U78/><E78/><V17/><F17/><W20/><G10/><T25/><REACH who="0" step="1"/><D34/><REACH who="0" ten="255,240,117,378" step="2"/><U85/><E107/><AGARI ba="1,1" hai="13,16,22,25,29,33,88,89,91,96,103,107,109,111" machi="107" ten="40,8000,1" yaku="1,1,2,1,54,2,53,0" doraHai="40" doraHaiUra="125" who="0" fromWho="1" sc="255,93,240,-83,117,0,378,0" /><INIT seed="7,0,0,1,3,114" ten="348,157,117,378" oya="3" hai0="81,113,46,31,30,93,0,39,44,90,75,29,40" hai1="58,119,6,86,115,51,42,61,33,48,34,83,66" hai2="63,97,12,53,109,10,134,94,14,38,17,101,23" hai3="82,47,110,99,56,88,118,106,103,74,87,21,9"/><W73/><G118/><T128/><D113/><U50/><E115/><V105/><F38/><W124/><G124/><T5/><D128/><U112/><E112/><V72/><F109/><W102/><G110/><T85/><D46/><U98/><E6/><V27/><F134/><W19/><G9/><T11/><REACH who="0" step="1"/><D31/><REACH who="0" ten="338,157,117,378" step="2"/><U84/><E42/><V104/><F72/><W43/><G56/><T135/><D135/><U1/><E33/><V15/><F105/><W67/><G67/><T41/><D41/><U111/><E34/><V116/><F104/><W131/><G131/><T37/><D37/><U130/><E66/><V49/><F116/><W69/><G69/><T120/><D120/><U89/><E119/><V25/><F63/><W54/><G54/><T129/><D129/><U55/><E61/><V24/><REACH who="2" step="1"/><F10/><REACH who="2" ten="338,157,107,378" step="2"/><W107/><G107/><T13/><D13/><U8/><E130/><V35/><F35/><W64/><G106/><T108/><D108/><U36/><E8/><V62/><F62/><W60/><G74/><T45/><D45/><AGARI ba="0,2" hai="12,14,15,17,23,24,25,27,45,49,53,94,97,101" machi="45" ten="40,2600,0" yaku="1,1,8,1,53,0" doraHai="114" doraHaiUra="3" who="2" fromWho="0" sc="338,-26,157,0,107,46,378,0" owari="312,11.0,157,-24.0,153,-35.0,378,48.0" /></mjloggm>