<mjloggm ver="2.3"><GO type="169" lobby="0"/><UN n0="%EF%BC%B7%EF%BD%81%EF%BD%8C%EF%BD%8C%EF%BD%99" n1="%E5%B0%B1%E6%B4%BB%E7%94%9F%40%E5%B7%9D%E6%9D%91%E8%BB%8D%E5%9B%A3" n2="%33%33%62%6C%61%63%6B" n3="%52%4F%4C%4C%59" dan="17,16,16,16" rate="2187.46,2101.40,2130.77,2134.90" sx="M,M,M,M"/><TAIKYOKU oya="0"/><INIT seed="0,0,0,5,1,22" ten="250,250,250,250" oya="0" hai0="115,42,19,113,109,41,77,78,84,93,79,20,97" hai1="61,99,108,69,81,104,120,10,44,126,0,87,11" hai2="131,88,90,123,122,80,62,67,16,24,45,70,5" hai3="135,96,132,12,2,103,130,116,114,13,111,4,29"/><T124/><D124/><U71/><E120/><V15/><F131/><W52/><G114/><T27/><D109/><U58/><E108/><V112/><F112/><W51/><G116/><T121/><D121/><U23/><E44/><V66/><F66/><W26/><G111/><T8/><D115/><U64/><E126/><V127/><F127/><W63/><G63/><T53/><D113/><U92/><E104/><V38/><F5/><W101/><G130/><T100/><D84/><U59/><E59/><V68/><F68/><W43/><G43/><T48/><REACH who="0" step="1"/><D8/><REACH who="0" ten="240,250,250,250" step="2"/><U32/><E10/><V75/><F122/><W134/><G2/><T6/><D6/><U102/><E11/><V35/><F123/><W94/><G4/><T128/><D128/><U39/><E0/><V34/><F75/><W33/><REACH who="3" step="1"/><G103/><REACH who="3" ten="240,250,250,240" step="2"/><T60/><D60/><U14/><E102/><V110/><F62/><W118/><G118/><T49/><D49/><U31/><E71/><V55/><F110/><W95/><G95/><T73/><D73/><U40/><E69/><V106/><F70/><W17/><G17/><T47/><AGARI ba="0,2" hai="19,20,27,41,42,47,48,53,77,78,79,93,97,100" machi="47" ten="30,11700,0" yaku="1,1,0,1,8,1,52,1,53,0" doraHai="22" doraHaiUra="125" who="0" fromWho="0" sc="240,137,250,-39,250,-39,240,-39" /><INIT seed="0,1,0,0,4,44" ten="377,211,211,201" oya="0" hai0="13,35,94,21,24,15,104,127,66,126,93,62,70" hai1="134,3,98,39,45,19,85,131,108,47,67,20,128" hai2="33,29,27,61,122,132,58,46,100,102,123,71,23" hai3="36,55,130,109,16,101,95,105,116,18,133,78,63"/><T4/><D104/><U112/><E3/><V64/><F132/><W107/><G36/><T31/><D15/><U129/><E134/><V65/><F33/><W48/><G116/><T14/><D13/><U69/><E108/><V28/><F28/><W75/><G133/><T49/><D49/><U2/><E2/><V54/><F46/><W86/><G75/><T50/><D50/><U74/><E74/><V82/><F82/><N who="3" m="47447" /><G105/><T115/><D115/><U76/><E98/><V7/><F7/><W77/><G107/><T11/><REACH who="0" step="1"/><D35/><REACH who="0" ten="367,211,211,201" step="2"/><U68/><E39/><V91/><F122/><W25/><G109/><T87/><D87/><U30/><E85/><V135/><F123/><W5/><G63/><T52/><D52/><U43/><E43/><V106/><F106/><W99/><G48/><T81/><D81/><U72/><E72/><V37/><F54/><W89/><G55/><T110/><D110/><U1/><E1/><V60/><F135/><W9/><G99/><T32/><D32/><U96/><E96/><V34/><F34/><W111/><G111/><T117/><D117/><U120/><E112/><V51/><F51/><W12/><G12/><T119/><D119/><U17/><E120/><V0/><F37/><W10/><G25/><T8/><D8/><U114/><E114/><V125/><F0/><W80/><G10/><T73/><D73/><U118/><E118/><V41/><F61/><W22/><G9/><T26/><D26/><N who="1" m="16711" /><E67/><V84/><F65/><W40/><G40/><T124/><AGARI ba="1,1" hai="4,11,14,21,24,31,62,66,70,93,94,124,126,127" machi="124" ten="30,6000,0" yaku="1,1,0,1,18,1,53,0" doraHai="44" doraHaiUra="92" who="0" fromWho="0" sc="367,73,211,-21,211,-21,201,-21" /><INIT seed="0,2,0,2,0,125" ten="440,190,190,180" oya="0" hai0="25,130,2,111,14,69,112,38,57,95,66,11,70" hai1="67,75,6,65,43,101,128,21,31,34,97,58,116" hai2="126,33,27,119,71,59,131,10,8,22,26,102,17" hai3="105,120,51,23,122,133,20,19,110,93,49,127,48"/><T85/><D38/><U129/><E34/><V0/><F71/><W81/><G105/><T132/><D112/><U104/><E116/><V41/><F102/><W40/><G40/><T121/><D2/><U82/><E43/><V90/><F41/><W134/><G127/><T18/><D121/><N who="3" m="46697" /><G110/><T61/><D132/><N who="3" m="50793" /><G93/><T72/><D72/><U46/><E6/><V12/><F126/><W7/><G7/><T37/><D37/><U84/><E46/><V16/><F119/><W107/><G107/><T92/><D70/><U88/><E75/><V4/><F59/><W94/><G94/><T114/><D69/><U13/><E58/><V98/><F98/><W80/><G19/><T56/><D95/><U77/><E77/><V83/><F83/><AGARI ba="2,0" hai="20,23,48,49,51,80,81,83" m="50793,46697" machi="83" ten="40,8000,1" yaku="28,2,13,1,20,1" doraHai="125" who="3" fromWho="2" sc="440,0,190,0,190,-86,180,86" /><INIT seed="1,0,0,3,2,104" ten="440,190,104,266" oya="1" hai0="77,109,37,60,114,56,46,90,105,73,119,98,54" hai1="108,2,85,71,101,84,128,9,97,87,121,124,133" hai2="45,116,92,24,23,63,26,135,5,88,91,32,35" hai3="18,48,96,130,127,30,129,11,94,0,57,16,93"/><U13/><E121/><V53/><F116/><W72/><G30/><T117/><D114/><U65/><E2/><V103/><F135/><W51/><G127/><T3/><D3/><U19/><E124/><V82/><F5/><W4/><G72/><T107/><D90/><U33/><E33/><V74/><F103/><W134/><G134/><T131/><D107/><U44/><E133/><V58/><F45/><W67/><G67/><T8/><D8/><U12/><E108/><V126/><F126/><W47/><G57/><T25/><D25/><U113/><E128/><N who="3" m="49258" /><G51/><T115/><D115/><U112/><E44/><V106/><F106/><W64/><G64/><T38/><D38/><U42/><E42/><V75/><F26/><W27/><G27/><T61/><D37/><U52/><E52/><V83/><F83/><W22/><G22/><T62/><D73/><U110/><E110/><V76/><F75/><W89/><G94/><T100/><D105/><U102/><E102/><V79/><F79/><W69/><G69/><T49/><D100/><U81/><E81/><V122/><F122/><W31/><G31/><T86/><D46/><U29/><E29/><V39/><F39/><W36/><G36/><T111/><D131/><U70/><E65/><V20/><F20/><W123/><G123/><T80/><D111/><U43/><E71/><V118/><F118/><N who="0" m="45066" /><D109/><U68/><E70/><V6/><F92/><W132/><G132/><T1/><D80/><U10/><E68/><V66/><F66/><W95/><G95/><T17/><D56/><U78/><E78/><V14/><F58/><RYUUKYOKU ba="0,0" sc="440,-10,190,-10,104,-10,266,30" hai3="0,4,11,16,18,47,48,89,93,96" /><INIT seed="2,1,0,1,2,118" ten="430,180,94,296" oya="2" hai0="20,56,68,38,133,67,69,99,104,60,77,91,24" hai1="36,119,58,135,114,92,47,52,0,51,128,54,127" hai2="79,35,87,110,105,41,53,129,86,14,44,1,18" hai3="49,98,16,74,25,11,9,12,39,102,76,40,112"/><V30/><F1/><W85/><G39/><T61/><D38/><U132/><E0/><V46/><F105/><W55/><G74/><T134/><D77/><U50/><E119/><V93/><F129/><W125/><G40/><T4/><D4/><U10/><E114/><V120/><F120/><W23/><G112/><T90/><D104/><U109/><E10/><V5/><F110/><W70/><G70/><T89/><D99/><U42/><E92/><V126/><F126/><W32/><G125/><T131/><D131/><U66/><E127/><V15/><F5/><W113/><G113/><T106/><D106/><U124/><E124/><V29/><F14/><W31/><G76/><T65/><D56/><N who="1" m="32791" /><E109/><V115/><F115/><W123/><G85/><T72/><D72/><U59/><E128/><V111/><F111/><W19/><G19/><AGARI ba="1,0" hai="19,20,24,60,61,65,67,68,69,89,90,91,133,134" machi="19" ten="40,1300,0" yaku="9,1" doraHai="118" who="0" fromWho="3" sc="430,16,180,0,94,0,296,-16" /><INIT seed="3,0,0,2,5,81" ten="446,180,94,280" oya="3" hai0="71,1,110,11,15,131,69,17,102,35,100,130,31" hai1="61,41,19,93,105,119,7,33,92,47,83,5,85" hai2="120,24,115,26,18,23,76,59,77,125,29,34,101" hai3="116,22,78,104,21,106,109,56,134,99,67,3,90"/><W70/><G116/><T107/><D1/><U9/><E105/><V36/><F115/><W2/><G70/><N who="0" m="26635" /><D107/><U49/><E33/><V86/><F36/><W4/><G78/><T91/><D91/><U87/><E119/><V62/><F125/><W96/><G134/><T128/><D110/><U52/><E19/><V48/><F120/><W129/><G129/><T88/><D88/><N who="1" m="51263" /><E9/><V84/><F101/><N who="0" m="39018" /><D31/><U20/><E20/><N who="2" m="13335" /><F34/><AGARI ba="0,0" hai="11,15,17,34,35,128,130,131" m="39018,26635" machi="34" ten="40,1300,0" yaku="19,1" doraHai="81" who="0" fromWho="2" sc="446,13,180,0,94,-13,280,0" /><INIT seed="4,0,0,3,4,29" ten="459,180,81,280" oya="0" hai0="30,12,61,82,33,74,88,90,5,34,72,49,0" hai1="9,17,101,8,1,70,56,66,55,31,134,23,104" hai2="85,107,14,125,48,51,124,122,79,39,60,81,28" hai3="112,96,62,84,3,35,44,13,133,58,108,86,130"/><T75/><D0/><U76/><E134/><V92/><F122/><W93/><G3/><T77/><D30/><U102/><E76/><V69/><F107/><W123/><G108/><T80/><D49/><U87/><E31/><V105/><F105/><W129/><G133/><T42/><D42/><U117/><E117/><V24/><F39/><W100/><G112/><T47/><D47/><U95/><E104/><V113/><F113/><W121/><G44/><T6/><D61/><U43/><E43/><V94/><F14/><W36/><G36/><T40/><D40/><U103/><E66/><V119/><F119/><W132/><G132/><T4/><D12/><U22/><E70/><V45/><F60/><W37/><G37/><T68/><D68/><U78/><E23/><V20/><F69/><W63/><G13/><T67/><D67/><U7/><E9/><V54/><REACH who="2" step="1"/><F51/><REACH who="2" ten="459,180,71,280" step="2"/><W10/><G63/><T52/><D77/><U116/><E78/><V18/><F18/><W21/><G121/><T73/><D73/><U57/><E116/><V27/><F27/><W19/><G123/><T50/><D50/><U97/><E17/><V26/><F26/><W110/><G19/><T126/><D126/><AGARI ba="0,1" hai="20,24,28,45,48,54,79,81,85,92,94,124,125,126" machi="126" ten="40,2600,0" yaku="1,1,18,1,53,0" doraHai="29" doraHaiUra="98" who="2" fromWho="0" sc="459,-26,180,0,71,36,280,0" /><INIT seed="5,0,0,3,1,80" ten="433,180,107,280" oya="1" hai0="111,50,119,31,64,88,5,109,121,51,17,37,38" hai1="82,117,134,118,113,115,9,54,69,2,92,16,97" hai2="103,40,91,46,104,42,11,20,67,76,87,126,60" hai3="120,125,4,7,34,132,122,75,36,101,73,48,8"/><U77/><E69/><V74/><F126/><W66/><G36/><T83/><D64/><U95/><E2/><V23/><F11/><W102/><G34/><T71/><D71/><U22/><E9/><V44/><F74/><W107/><G8/><T52/><D5/><U114/><E54/><V25/><F76/><W110/><G48/><T98/><D51/><U130/><E130/><V84/><F104/><W116/><G107/><T124/><D31/><U14/><E134/><V30/><F103/><W57/><G57/><T105/><D119/><U129/><E129/><V61/><F91/><W93/><G66/><T55/><D55/><U89/><REACH who="1" step="1"/><E92/><REACH who="1" ten="433,170,107,280" step="2"/><V32/><F32/><W135/><G93/><T112/><D52/><U1/><E1/><V21/><F21/><W10/><G10/><T29/><D105/><U3/><E3/><V24/><F30/><W0/><G0/><T79/><D29/><U123/><E123/><V68/><F68/><W65/><G122/><T70/><D121/><U53/><E53/><V133/><F67/><W47/><G120/><T56/><D70/><U62/><E62/><V131/><F131/><W13/><G65/><T96/><D111/><U108/><E108/><V72/><F72/><AGARI ba="0,1" hai="14,16,22,72,77,82,89,95,97,113,114,115,117,118" machi="72" ten="40,7700,0" yaku="1,1,15,1,54,1,53,0" doraHai="80" doraHaiUra="43" who="1" fromWho="2" sc="433,0,170,87,107,-77,280,0" /><INIT seed="5,1,0,3,1,59" ten="433,257,30,280" oya="1" hai0="24,80,13,22,36,116,131,127,63,10,26,94,56" hai1="7,69,6,101,123,37,93,64,65,30,129,113,125" hai2="54,40,61,23,124,67,91,74,71,85,83,21,75" hai3="104,108,135,110,105,126,132,45,62,102,14,78,55"/><U88/><E123/><V31/><F124/><W86/><G126/><T66/><D36/><U112/><E37/><V16/><F40/><W90/><G14/><T72/><D127/><U87/><E125/><V43/><F43/><W49/><G78/><T120/><D116/><U11/><E129/><V15/><REACH who="2" step="1"/><F54/><REACH who="2" ten="433,257,20,280" step="2"/><W28/><G55/><T70/><D120/><U111/><E111/><V76/><F76/><W99/><G108/><T41/><D41/><U115/><E112/><V84/><F84/><W68/><G110/><T42/><D42/><U73/><E73/><V39/><F39/><W34/><G86/><T33/><D72/><U3/><E113/><V107/><F107/><W32/><G104/><T96/><D131/><U52/><E115/><V27/><AGARI ba="1,1" hai="15,16,21,23,27,31,61,67,71,74,75,83,85,91" machi="27" ten="30,7900,0" yaku="1,1,0,1,52,1,54,1,53,0" doraHai="59" doraHaiUra="128" who="2" fromWho="2" sc="433,-21,257,-40,20,92,280,-21" /><INIT seed="6,0,0,1,5,61" ten="412,217,112,259" oya="2" hai0="126,60,91,96,7,109,85,11,72,44,48,65,54" hai1="24,97,50,82,64,41,77,129,89,3,131,30,83" hai2="23,52,25,105,123,113,127,57,22,62,111,31,104" hai3="4,102,69,47,70,20,90,35,95,32,21,28,116"/><V87/><F123/><W84/><G116/><T130/><D109/><U133/><E3/><V59/><F111/><W9/><G102/><T122/><D126/><U132/><E64/><V37/><F127/><W118/><G118/><T80/><D130/><N who="1" m="49675" /><E41/><V106/><F113/><W93/><G47/><T120/><D72/><U2/><E2/><V19/><F37/><W107/><G107/><T26/><D96/><U78/><E50/><V100/><F87/><W114/><G114/><T115/><D115/><U125/><E125/><V119/><F119/><W14/><G95/><T86/><D86/><N who="1" m="50391" /><E97/><V68/><F68/><W92/><G92/><T33/><D33/><N who="1" m="20679" /><E77/><V101/><REACH who="2" step="1"/><F59/><REACH who="2" ten="412,217,102,259" step="2"/><W67/><G69/><T66/><D85/><AGARI ba="0,1" hai="78,83,85,132,133" m="20679,50391,49675" machi="85" ten="30,1000,0" yaku="19,1" doraHai="61" who="1" fromWho="0" sc="412,-10,217,20,102,0,259,0" /><INIT seed="7,0,0,2,4,20" ten="402,237,102,259" oya="3" hai0="82,85,31,56,83,89,104,4,68,91,130,108,32" hai1="38,53,16,80,84,90,42,126,50,124,55,29,52" hai2="2,22,65,107,92,10,123,61,81,5,117,99,96" hai3="133,128,129,44,24,12,63,79,112,70,72,28,77"/><W132/><G112/><T26/><D104/><U1/><E1/><V66/><F117/><W94/><G12/><T122/><D108/><U106/><E106/><V76/><F123/><W64/><G94/><T75/><D68/><U37/><E29/><V105/><F65/><W98/><G98/><T0/><D122/><U95/><E80/><V8/><F8/><W111/><G44/><T30/><D30/><U14/><E50/><V121/><F121/><W23/><G111/><T74/><D130/><N who="3" m="50281" /><G72/><T88/><D4/><U101/><E101/><V58/><F96/><W11/><G11/><T134/><D0/><U135/><E135/><AGARI ba="0,0" hai="23,24,28,63,64,70,77,79,132,133,135" m="50281" machi="135" ten="30,5800,0" yaku="20,1,19,1,52,1" doraHai="20" who="3" fromWho="1" sc="402,0,237,-58,102,0,259,58" /><INIT seed="7,1,0,5,0,114" ten="402,179,102,317" oya="3" hai0="25,20,117,126,34,49,30,12,50,87,19,17,113" hai1="67,121,90,28,65,133,106,32,110,8,52,40,89" hai2="44,46,129,2,64,26,43,88,79,73,92,130,53" hai3="131,7,48,100,37,135,107,123,16,23,35,80,18"/><W71/><G123/><T4/><D117/><U41/><E106/><V124/><F2/><W108/><G37/><T97/><D113/><U91/><E110/><V3/><F3/><W116/><G116/><T33/><D126/><U59/><E121/><V81/><F124/><W68/><G35/><T42/><D33/><U69/><E69/><V120/><F120/><W84/><G108/><T103/><D42/><N who="1" m="16491" /><E32/><V105/><F105/><W109/><G109/><T66/><D4/><U122/><E122/><V45/><F64/><N who="1" m="24649" /><E133/><V57/><F26/><W93/><G107/><T102/><D19/><U77/><E77/><V74/><F74/><W22/><G131/><T38/><D20/><N who="3" m="7721" /><G135/><T47/><D12/><U70/><E70/><V118/><F43/><W15/><G71/><T83/><D87/><U51/><E8/><V76/><F76/><N who="3" m="46087" /><G68/><T36/><D17/><U63/><E28/><V96/><REACH who="2" step="1"/><F118/><REACH who="2" ten="402,179,92,317" step="2"/><W112/><G112/><T6/><D83/><U39/><E39/><V0/><F0/><W86/><G48/><AGARI ba="1,1" hai="48,51,52,59,63,89,90,91" m="24649,16491" machi="48" ten="30,2000,0" yaku="8,1,54,1" doraHai="114" who="1" fromWho="3" sc="402,0,179,33,92,0,317,-23" owari="402,51.0,212,-19.0,92,-41.0,294,9.0" /></mjloggm>