<mjloggm ver="2.3"><GO type="41" lobby="0"/><UN n0="%52%65%76%52%61%69%6E" n1="%54%4F%53%53%48%49" n2="%E3%83%8D%E3%83%BC%E3%83%A0%E3%83%AC%E3%82%B9%EF%BC%97" n3="%E5%B0%B1%E6%B4%BB%E7%94%9F%40%E5%B7%9D%E6%9D%91%E8%BB%8D%E5%9B%A3" dan="15,13,15,17" rate="1993.42,1849.33,1986.65,2101.22" sx="M,M,M,M"/><TAIKYOKU oya="0"/><INIT seed="0,0,0,1,3,118" ten="250,250,250,250" oya="0" hai0="35,91,30,66,22,85,115,34,23,84,19,122,123" hai1="65,130,94,28,20,81,37,108,38,13,64,73,110" hai2="117,83,26,29,40,47,53,87,107,21,111,82,39" hai3="86,88,114,10,48,59,70,98,62,128,52,42,41"/><T63/><D115/><U89/><E130/><V2/><F2/><W56/><G114/><T50/><D50/><U92/><E73/><V96/><F117/><W113/><G70/><T126/><D126/><U119/><E119/><V103/><F111/><N who="1" m="42537" /><E81/><V120/><F120/><W78/><G128/><T109/><D109/><U15/><E20/><V18/><F53/><N who="3" m="34063" /><G113/><T80/><D30/><U45/><E28/><V95/><F107/><W125/><G125/><T133/><D133/><U49/><E49/><V27/><REACH who="2" step="1"/><F87/><REACH who="2" ten="250,250,240,250" step="2"/><W127/><G127/><T131/><D85/><N who="1" m="52271" /><E94/><V102/><F102/><W105/><G105/><T24/><D131/><U69/><E69/><V132/><F132/><W36/><G98/><T77/><D35/><AGARI ba="0,1" hai="18,21,26,27,29,35,39,40,47,82,83,95,96,103" machi="35" ten="30,3900,0" yaku="1,1,7,1,53,1" doraHai="118" doraHaiUra="90" who="2" fromWho="0" sc="250,-39,250,0,240,49,250,0" /><INIT seed="1,0,0,3,4,101" ten="211,250,289,250" oya="1" hai0="51,68,80,76,33,22,49,95,6,89,11,45,62" hai1="2,125,61,112,86,71,44,132,117,54,92,24,65" hai2="58,122,3,25,100,42,70,5,133,47,15,34,93" hai3="109,75,16,97,32,107,7,59,124,98,69,46,28"/><U127/><E117/><V56/><F70/><W78/><G69/><T118/><D33/><U60/><E112/><V120/><F3/><W0/><G124/><N who="1" m="47690" /><E2/><V91/><F100/><W130/><G130/><T21/><D118/><U129/><E24/><V90/><F34/><W84/><G75/><T131/><D131/><U27/><E129/><V72/><F72/><W88/><G78/><T39/><D68/><N who="1" m="42023" /><E27/><V19/><F25/><W99/><G109/><T4/><D62/><U77/><E77/><V18/><F5/><W94/><G7/><T82/><D39/><U74/><E92/><V26/><F26/><W35/><G0/><T14/><D6/><U73/><E86/><V37/><F18/><W119/><G119/><T128/><D128/><U111/><E111/><V113/><F113/><W106/><G46/><T134/><D134/><U53/><E132/><V50/><F133/><W31/><G59/><T115/><D115/><U43/><E74/><V104/><F104/><W121/><G121/><T67/><D67/><N who="1" m="41455" /><E73/><V123/><F93/><W30/><G35/><T40/><D76/><U10/><E10/><N who="2" m="6647" /><F90/><W12/><REACH who="3" step="1"/><G32/><REACH who="3" ten="211,250,289,240" step="2"/><T55/><D80/><U102/><E102/><V38/><F123/><W13/><G13/><T135/><D82/><U20/><E20/><AGARI ba="0,1" hai="12,16,20,28,30,31,84,88,94,97,98,99,106,107" machi="20" ten="40,12000,2" yaku="1,1,52,2,54,2,53,1" doraHai="101" doraHaiUra="87" who="3" fromWho="1" sc="211,0,250,-120,289,0,240,130" /><INIT seed="2,0,0,4,1,2" ten="211,130,289,370" oya="2" hai0="132,0,36,128,82,109,123,18,24,118,126,127,5" hai1="99,100,50,124,129,21,92,16,112,103,69,58,78" hai2="113,17,60,28,57,108,76,8,65,38,35,114,101" hai3="104,49,90,130,30,98,52,46,45,63,110,83,54"/><V95/><F38/><W26/><G130/><T27/><D82/><U121/><E129/><V93/><F76/><W75/><G110/><T107/><D18/><U39/><E112/><V84/><F35/><W94/><G104/><T29/><D24/><U81/><E69/><V77/><F28/><W19/><G19/><T70/><D5/><U66/><E39/><V20/><F8/><W119/><G119/><T72/><D27/><U41/><E121/><V11/><F11/><W88/><G75/><T91/><D91/><U25/><E124/><V111/><F77/><W62/><G83/><T48/><D48/><U47/><E58/><V87/><F101/><W32/><G90/><T4/><D4/><U10/><E66/><V125/><F125/><W134/><G134/><T116/><D29/><U40/><E10/><V23/><F17/><W15/><G15/><T22/><D22/><N who="2" m="8234" /><F93/><W79/><G79/><T133/><D133/><U102/><REACH who="1" step="1"/><E41/><REACH who="1" ten="211,120,289,370" step="2"/><V33/><F114/><W3/><G3/><T31/><D127/><U55/><E55/><V73/><F113/><W64/><G64/><T59/><D59/><U14/><E14/><V96/><F57/><W80/><G80/><T37/><D37/><U71/><E71/><V1/><F65/><W135/><G135/><T61/><D61/><U122/><E122/><V7/><F60/><W68/><G68/><T74/><D118/><U117/><E117/><V115/><F115/><W56/><G63/><T131/><D131/><U9/><E9/><N who="2" m="2287" /><F111/><W89/><G46/><T67/><D67/><U6/><E6/><V34/><F108/><RYUUKYOKU ba="0,1" sc="211,-15,120,15,289,-15,370,15" hai1="16,21,25,40,47,50,78,81,92,99,100,102,103" hai3="26,30,32,45,49,52,54,56,62,88,89,94,98" /><INIT seed="3,1,1,0,3,50" ten="196,135,274,385" oya="3" hai0="41,16,44,52,132,106,56,74,85,89,70,87,109" hai1="35,26,116,122,98,131,94,27,119,101,11,65,63" hai2="25,28,8,105,120,81,1,121,29,54,32,36,23" hai3="68,40,78,90,3,86,55,133,49,113,64,61,107"/><W67/><G3/><T83/><D70/><U58/><E122/><V30/><F36/><W135/><G107/><T4/><D132/><N who="3" m="50761" /><G78/><T102/><D109/><U17/><E131/><V10/><F105/><W69/><G113/><T34/><D4/><U114/><E114/><V39/><F39/><W80/><G40/><T13/><D34/><U127/><E127/><V108/><F81/><W2/><G2/><T117/><D117/><U82/><E82/><V79/><F79/><W96/><G96/><T111/><D111/><U46/><E46/><V31/><F108/><W118/><G118/><N who="1" m="45098" /><E35/><V0/><F54/><W48/><G55/><T110/><D110/><U15/><AGARI ba="1,1" hai="11,15,17,26,27,58,63,65,94,98,101" m="45098" machi="15" ten="30,1100,0" yaku="12,1" doraHai="50" who="1" fromWho="1" sc="196,-4,135,24,274,-4,385,-6" /><INIT seed="4,0,0,1,5,97" ten="192,159,270,379" oya="0" hai0="73,102,9,44,61,42,39,114,53,79,83,117,126" hai1="27,28,59,57,38,52,72,50,125,99,135,71,30" hai2="45,49,18,120,111,130,121,81,101,21,106,63,68" hai3="34,35,104,20,107,48,70,90,2,94,131,82,5"/><T43/><D114/><U115/><E71/><V95/><F106/><W19/><G131/><T3/><D117/><U123/><E115/><V37/><F37/><W113/><G70/><T105/><D126/><U46/><E123/><V0/><F0/><W22/><G113/><T17/><D42/><U41/><E125/><V87/><F111/><W47/><G22/><T55/><D61/><U54/><E72/><V25/><F68/><W4/><G82/><T93/><D17/><U67/><E67/><V86/><F63/><W110/><G110/><T12/><D12/><U76/><E76/><V26/><F130/><W14/><G35/><T6/><REACH who="0" step="1"/><D105/><REACH who="0" ten="182,159,270,379" step="2"/><U112/><E112/><V78/><F121/><W7/><G107/><T109/><D109/><U80/><E80/><V77/><F120/><W108/><G104/><T36/><D36/><U134/><E99/><AGARI ba="0,1" hai="3,6,9,39,43,44,53,55,73,79,83,93,99,102" machi="99" ten="40,12000,1" yaku="1,1,25,2,52,1,53,1" doraHai="97" doraHaiUra="74" who="0" fromWho="1" sc="182,130,159,-120,270,0,379,0" /><INIT seed="4,1,0,5,1,23" ten="312,39,270,379" oya="0" hai0="126,134,41,97,114,26,135,71,35,58,59,43,38" hai1="10,119,120,5,106,1,109,80,78,107,88,77,93" hai2="72,29,51,61,4,47,118,49,30,63,33,131,76" hai3="103,81,17,70,52,84,25,44,82,21,45,53,89"/><T116/><D116/><U86/><E120/><V117/><F4/><W123/><G70/><T79/><D114/><U16/><E119/><N who="2" m="45579" /><F51/><N who="3" m="28775" /><G123/><T102/><D71/><U125/><E125/><V56/><F56/><W90/><G103/><T111/><D111/><U113/><E109/><V60/><F60/><W14/><G14/><T65/><D79/><U100/><E113/><V11/><F11/><W15/><G15/><T9/><D126/><U92/><E77/><V128/><F76/><N who="3" m="46119" /><G82/><T18/><D35/><U110/><E110/><V112/><F72/><W8/><G8/><T122/><D122/><U0/><E0/><V62/><F112/><W133/><G133/><N who="0" m="50699" /><D38/><U13/><E100/><V2/><F2/><W12/><G12/><T68/><D68/><U67/><E67/><V127/><F127/><W64/><G64/><T55/><D65/><U37/><E37/><V132/><F132/><W96/><G96/><T98/><D98/><U36/><E36/><V19/><F33/><W129/><G129/><T46/><D9/><U73/><REACH who="1" step="1"/><E92/><REACH who="1" ten="312,29,270,379" step="2"/><V24/><F131/><W91/><G91/><T124/><D124/><U40/><E40/><N who="2" m="24807" /><F128/><W75/><G75/><T34/><D43/><U6/><E6/><V121/><F121/><W50/><AGARI ba="1,1" hai="17,21,25,45,50,53,89,90" m="46119,28775" machi="50" ten="30,4000,0" yaku="8,1,52,1,54,1" doraHai="23" who="3" fromWho="3" sc="312,-21,29,-11,270,-11,379,53" /><INIT seed="5,0,0,0,3,98" ten="291,18,259,432" oya="1" hai0="36,64,120,91,26,1,131,107,104,4,76,10,51" hai1="85,13,116,24,22,52,40,63,103,108,21,17,41" hai2="35,106,78,89,99,133,111,7,47,92,97,130,30" hai3="79,59,83,113,12,54,96,127,114,32,20,124,3"/><U71/><E116/><V93/><F7/><W31/><G3/><T16/><D36/><U6/><E108/><V28/><F35/><W38/><G38/><T135/><D135/><U50/><E71/><V115/><F106/><W118/><G32/><T126/><D131/><U8/><E63/><V134/><F47/><W33/><G33/><T44/><D76/><U122/><E122/><V84/><F28/><W129/><G96/><T23/><D126/><N who="3" m="48169" /><G129/><T112/><D112/><U39/><E39/><V117/><F30/><W48/><G118/><T25/><D64/><U101/><E85/><V61/><F61/><W27/><G12/><T80/><D120/><U62/><E22/><V58/><F58/><W82/><G82/><T68/><D68/><U67/><E62/><V45/><F45/><W119/><G119/><T77/><D91/><U14/><E67/><V34/><F34/><W0/><G0/><T69/><D26/><U75/><E75/><AGARI ba="0,0" hai="20,27,31,48,54,59,75,79,83,113,114" m="48169" machi="75" ten="30,1000,0" yaku="18,1" doraHai="98" who="3" fromWho="1" sc="291,0,18,-10,259,0,432,10" /><INIT seed="6,0,0,5,0,128" ten="291,8,259,442" oya="2" hai0="83,14,62,107,26,2,60,99,71,86,80,90,69" hai1="41,108,95,38,63,113,57,59,54,9,120,98,114" hai2="61,97,13,39,30,12,73,115,129,112,64,8,101" hai3="93,70,127,27,42,116,135,31,22,102,132,45,74"/><V126/><F39/><W35/><G74/><T103/><D2/><U88/><E9/><V118/><F73/><W117/><G70/><T85/><D69/><U29/><E120/><V94/><F118/><W91/><G102/><T96/><D26/><U4/><E108/><V104/><F129/><W19/><G127/><T84/><D14/><U5/><E29/><V7/><F126/><W66/><G66/><T50/><D50/><U109/><E109/><V16/><F30/><W134/><G35/><T58/><D71/><U122/><E122/><V49/><F49/><N who="3" m="26807" /><G31/><T51/><D51/><U72/><E72/><V81/><F81/><W3/><G3/><T34/><D34/><U37/><E59/><V33/><F33/><W53/><G53/><T6/><D6/><U25/><E25/><V105/><F115/><W28/><G28/><T76/><D60/><U11/><E5/><V21/><REACH who="2" step="1"/><F112/><REACH who="2" ten="291,8,249,442" step="2"/><W23/><G23/><T15/><D80/><U123/><E123/><V55/><F55/><W68/><G68/><AGARI ba="0,1" hai="7,8,12,13,16,21,61,64,68,94,97,101,104,105" machi="68" ten="30,11600,0" yaku="1,1,7,1,54,1,53,1" doraHai="128" doraHaiUra="1" who="2" fromWho="3" sc="291,0,8,0,249,126,442,-116" /><INIT seed="6,1,0,0,3,104" ten="291,8,375,326" oya="2" hai0="45,8,27,9,54,20,72,113,56,16,89,131,64" hai1="79,12,80,95,31,83,116,120,93,24,109,122,36" hai2="82,121,126,132,37,13,0,114,67,63,108,15,112" hai3="59,1,90,133,34,81,28,128,86,33,91,110,85"/><V18/><F37/><W7/><G110/><T96/><D113/><U88/><E36/><V78/><F0/><W99/><G128/><T73/><D131/><U46/><E12/><V102/><F102/><W19/><G133/><T6/><D64/><U100/><E46/><V75/><F121/><W84/><G84/><T103/><D45/><U38/><E24/><V10/><F132/><W57/><G19/><T50/><D89/><U11/><E31/><V29/><F29/><W117/><G117/><T32/><D32/><U25/><E11/><V65/><F108/><W49/><G49/><T70/><D70/><U127/><E25/><V92/><F92/><W48/><G48/><T21/><D21/><U76/><E38/><V130/><F130/><W124/><G124/><T58/><D58/><U105/><E127/><V125/><F15/><W2/><G99/><T111/><D111/><U51/><E116/><V119/><F67/><W118/><G118/><T74/><REACH who="0" step="1"/><D6/><REACH who="0" ten="281,8,375,326" step="2"/><U17/><E51/><V106/><F119/><W62/><G7/><T134/><D134/><U39/><E17/><V52/><F65/><W77/><G77/><T68/><D68/><U129/><E39/><V47/><F47/><W42/><G28/><T44/><D44/><U135/><E109/><V55/><F126/><W43/><G62/><T61/><D61/><U53/><E129/><V40/><F125/><W101/><G101/><T22/><D22/><U5/><E76/><V123/><F63/><W3/><G3/><T69/><D69/><U94/><E5/><V60/><F60/><W41/><G41/><RYUUKYOKU ba="1,1" sc="281,15,8,-15,375,-15,326,15" hai0="8,9,16,20,27,50,54,56,72,73,74,96,103" hai3="1,2,33,34,42,43,57,59,81,85,86,90,91" owari="296,-10.0,-7,-51.0,370,47.0,341,14.0" /></mjloggm>