<mjloggm ver="2.3"><GO type="169" lobby="0"/><UN n0="%74%61%6B%75%61%6B%61" n1="%6B%79%6F%6E%39%31%30" n2="%E3%82%A6%E3%83%AB%E3%83%88%E3%83%A9%E7%AB%8B%E7%9B%B4" n3="%72%69%6F%75%63%68%61%6E" dan="17,16,17,16" rate="2077.90,2086.42,2162.30,2091.35" sx="M,M,M,M"/><TAIKYOKU oya="0"/><INIT seed="0,0,0,3,5,61" ten="250,250,250,250" oya="0" hai0="24,68,4,75,77,37,18,91,58,39,44,15,55" hai1="122,5,66,95,31,40,23,124,9,132,27,56,28" hai2="90,19,119,112,96,16,11,80,103,51,74,130,123" hai3="38,7,47,17,33,97,71,21,110,88,87,49,81"/><T106/><D68/><U115/><E122/><V79/><F112/><W117/><G117/><T14/><D106/><U2/><E124/><V70/><F70/><W50/><G33/><T52/><D75/><U45/><E132/><V73/><F73/><W92/><G110/><T35/><D77/><U22/><E115/><V129/><F119/><W42/><G71/><T85/><D4/><U63/><E95/><V121/><F51/><W84/><G7/><T99/><D99/><U120/><E120/><N who="2" m="46155" /><F11/><W59/><G59/><T46/><D37/><U8/><E8/><V30/><F30/><W76/><REACH who="3" step="1"/><G87/><REACH who="3" ten="250,250,250,240" step="2"/><T94/><D35/><U13/><E2/><V57/><F57/><W54/><G54/><T108/><D55/><U43/><REACH who="1" step="1"/><E45/><REACH who="1" ten="250,240,250,240" step="2"/><V67/><F130/><W65/><G65/><T116/><D116/><U83/><E83/><V100/><F67/><W89/><G89/><T3/><D3/><U62/><E62/><V104/><F129/><W134/><G134/><T26/><D46/><U114/><E114/><V101/><F90/><W6/><G6/><T29/><D44/><U60/><E60/><V53/><F103/><W109/><G109/><T118/><D108/><U111/><E111/><V98/><F101/><W82/><G82/><T25/><D118/><U126/><E126/><V127/><F127/><W48/><G48/><N who="0" m="30983" /><D39/><U41/><E41/><V93/><F53/><W102/><G102/><T128/><D128/><U113/><E113/><V64/><F64/><W36/><G36/><T78/><D91/><U32/><E32/><V10/><F80/><W34/><G34/><RYUUKYOKU ba="0,2" sc="250,-15,240,15,250,-15,240,15" hai1="5,9,13,22,23,27,28,31,40,43,56,63,66" hai3="17,21,38,42,47,49,50,76,81,84,88,92,97" /><INIT seed="1,1,2,0,3,3" ten="235,255,235,255" oya="1" hai0="74,77,61,28,92,76,43,71,91,122,1,84,87" hai1="27,48,88,109,128,134,127,123,2,63,129,85,14" hai2="90,47,121,114,0,36,82,49,107,66,119,116,94" hai3="102,22,96,45,35,15,17,32,39,126,5,113,115"/><U124/><E2/><V131/><F36/><W60/><G126/><N who="1" m="48170" /><E123/><V4/><F107/><W38/><G5/><T78/><D74/><U10/><E27/><V117/><F66/><W52/><G39/><T20/><D122/><U65/><E48/><V18/><F18/><W59/><G35/><T89/><D1/><U31/><E31/><V73/><F131/><N who="1" m="50249" /><E109/><V29/><F29/><W93/><REACH who="3" step="1"/><G32/><REACH who="3" ten="235,255,235,245" step="2"/><T6/><D6/><N who="1" m="3415" /><E134/><V34/><F121/><W133/><G133/><T53/><D28/><U69/><E85/><V8/><F34/><W62/><G62/><T46/><D61/><U57/><E88/><V40/><F116/><W44/><G44/><T19/><D87/><U81/><E81/><V118/><F82/><W12/><G12/><T103/><D89/><U55/><E69/><V130/><F130/><W98/><G98/><T135/><D71/><U75/><E75/><V42/><F73/><W86/><G86/><T56/><D135/><U106/><E106/><V23/><F118/><W51/><G51/><T97/><D77/><U41/><E41/><AGARI ba="1,3" hai="15,17,22,38,41,45,52,59,60,93,96,102,113,115" machi="41" ten="40,5200,0" yaku="1,1,54,1,53,1" doraHai="3" doraHaiUra="54" who="3" fromWho="1" sc="235,0,255,-55,235,0,245,85" /><INIT seed="2,0,0,4,5,101" ten="235,200,235,330" oya="2" hai0="4,135,56,98,133,85,60,59,113,45,0,90,79" hai1="53,8,29,39,18,116,104,15,32,37,62,21,34" hai2="75,35,114,111,128,123,5,44,120,105,51,52,20" hai3="68,47,121,55,30,112,65,103,63,43,66,58,126"/><V7/><F35/><W77/><G121/><T64/><D113/><U100/><E116/><V80/><F114/><W97/><G112/><T82/><D45/><U12/><E62/><V27/><F105/><W132/><G126/><T11/><REACH who="0" step="1"/><D59/><REACH who="0" ten="225,200,235,330" step="2"/><U109/><E109/><V28/><F111/><W9/><G58/><T131/><D131/><U96/><E53/><V95/><F128/><W71/><G47/><T76/><D76/><U88/><E37/><V83/><F123/><W119/><G77/><T115/><D115/><U23/><E39/><V91/><F120/><W78/><G78/><T84/><D84/><U108/><E108/><V1/><F75/><W106/><G55/><T36/><D36/><U19/><REACH who="1" step="1"/><E88/><REACH who="1" ten="225,190,235,330" step="2"/><V89/><F89/><W40/><G119/><T81/><D81/><U130/><E130/><V110/><F110/><W54/><G54/><T69/><D69/><U118/><E118/><V124/><F83/><W24/><G68/><T92/><AGARI ba="0,2" hai="0,4,11,56,60,64,79,82,85,90,92,98,133,135" machi="92" ten="30,4000,0" yaku="1,1,0,1,53,1" doraHai="101" doraHaiUra="94" who="0" fromWho="0" sc="225,60,190,-10,235,-20,330,-10" /><INIT seed="3,0,0,4,2,15" ten="285,180,215,320" oya="3" hai0="89,26,122,21,110,53,2,23,51,7,36,56,55" hai1="96,24,54,60,43,5,14,18,132,49,65,4,114" hai2="123,30,10,25,74,81,126,100,0,6,106,61,128" hai3="91,57,40,84,47,76,22,29,27,59,58,79,16"/><W95/><REACH who="3" step="1"/><G29/><REACH who="3" ten="285,180,215,310" step="2"/><T17/><D122/><U112/><E114/><V78/><F123/><W80/><G80/><T31/><D110/><U124/><E112/><V129/><F126/><W35/><G35/><T109/><D109/><U20/><E124/><V101/><F61/><W37/><AGARI ba="0,1" hai="16,22,27,37,40,47,57,58,59,76,79,84,91,95" machi="37" ten="30,12000,1" yaku="21,2,0,1,52,1,54,1,53,0" doraHai="15" doraHaiUra="131" who="3" fromWho="3" sc="285,-40,180,-40,215,-40,310,130" /><INIT seed="3,1,0,0,1,107" ten="245,140,175,440" oya="3" hai0="74,61,38,125,42,21,12,90,14,52,57,114,120" hai1="36,33,28,23,95,70,46,37,2,119,96,73,132" hai2="86,89,62,13,113,123,79,78,43,54,75,92,115" hai3="48,98,47,18,58,124,24,69,49,4,29,102,72"/><W117/><G117/><T67/><D120/><U93/><E2/><V87/><F43/><W84/><G69/><T64/><D125/><U22/><E70/><V0/><F0/><W94/><G124/><T105/><D105/><U56/><E33/><V16/><F87/><W55/><G72/><T82/><D114/><U50/><E56/><V118/><F118/><W131/><G131/><T60/><D38/><U40/><E119/><V10/><F123/><W30/><G4/><T51/><D42/><U134/><E28/><V63/><F79/><W83/><G18/><T8/><D21/><N who="1" m="7691" /><E73/><V99/><F86/><W128/><G128/><T17/><D12/><U15/><E15/><V68/><F54/><W80/><G24/><T34/><D34/><U32/><E32/><V19/><F19/><W109/><G109/><T133/><D133/><N who="1" m="51307" /><E93/><V66/><REACH who="2" step="1"/><F63/><REACH who="2" ten="245,140,165,440" step="2"/><N who="0" m="24138" /><D74/><U130/><E130/><V110/><F110/><W59/><G83/><AGARI ba="1,1" hai="10,13,16,62,66,68,75,78,83,89,92,99,113,115" machi="83" ten="40,5200,0" yaku="1,1,52,1,54,1,53,0" doraHai="107" doraHaiUra="20" who="2" fromWho="3" sc="245,0,140,0,165,65,440,-55" /><INIT seed="4,0,0,1,4,29" ten="245,140,230,385" oya="0" hai0="133,59,34,12,53,46,6,20,92,87,135,104,32" hai1="74,105,94,51,109,125,106,5,131,121,72,103,63" hai2="52,27,98,73,90,26,95,62,117,101,0,83,56" hai3="91,120,48,66,84,9,89,39,79,88,15,38,99"/><T41/><D104/><U23/><E5/><V11/><F117/><W42/><G120/><T43/><D92/><U82/><E63/><V21/><F0/><W60/><G99/><T40/><D87/><U57/><E23/><V2/><F2/><W108/><G108/><T70/><D70/><U55/><E109/><V14/><F73/><W134/><G134/><N who="0" m="51211" /><D46/><U25/><E121/><V49/><F21/><W28/><G28/><T127/><D127/><U122/><E122/><V67/><F83/><W18/><G48/><N who="0" m="31143" /><D20/><U118/><E118/><V64/><F101/><W69/><REACH who="3" step="1"/><G42/><REACH who="3" ten="245,140,230,375" step="2"/><T85/><D85/><U24/><E74/><V50/><F50/><W1/><G1/><T3/><D3/><U86/><E72/><V78/><F49/><W126/><G126/><T4/><D12/><U119/><E125/><V107/><F98/><W37/><G37/><T8/><D8/><U96/><E119/><V132/><F14/><W30/><G30/><T19/><D19/><U128/><E106/><V45/><F11/><W110/><G110/><T75/><D75/><U115/><E105/><V33/><F132/><W102/><G102/><T10/><D10/><U77/><REACH who="1" step="1"/><E115/><REACH who="1" ten="245,130,230,375" step="2"/><V31/><F107/><W61/><G61/><T7/><AGARI ba="0,2" hai="4,6,7,32,34,40,41,43" m="31143,51211" machi="7" ten="40,7800,0" yaku="20,1,52,2" doraHai="29" who="0" fromWho="0" sc="245,98,130,-26,230,-26,375,-26" /><INIT seed="4,1,0,5,1,103" ten="343,104,204,349" oya="0" hai0="16,90,68,75,101,20,44,113,108,56,85,123,126" hai1="49,121,30,40,110,76,93,124,39,102,109,32,97" hai2="37,131,70,133,83,4,66,122,5,0,42,112,134" hai3="10,77,21,12,100,18,78,128,95,33,116,74,28"/><T59/><D123/><U38/><E121/><V99/><F122/><W29/><G116/><T135/><D113/><U3/><E3/><V23/><F66/><W51/><G128/><T62/><D126/><U81/><E124/><V64/><F64/><W60/><G33/><T14/><D75/><U45/><E39/><V84/><F70/><W36/><G36/><T2/><D135/><U86/><E30/><N who="3" m="11882" /><G74/><T55/><D108/><U72/><E32/><V11/><F5/><N who="3" m="3151" /><G60/><T107/><D68/><U25/><E25/><V111/><F111/><W114/><G114/><T118/><D118/><U57/><E38/><V17/><F112/><W41/><G100/><T130/><D130/><U71/><E71/><V80/><F131/><W54/><G95/><T106/><D2/><U26/><E26/><V22/><F37/><W53/><G41/><T129/><D129/><U91/><REACH who="1" step="1"/><E57/><REACH who="1" ten="343,94,204,349" step="2"/><V27/><F134/><W115/><G115/><T58/><D59/><U98/><E98/><V119/><F133/><W61/><G61/><T34/><D34/><U9/><E9/><V88/><F119/><W19/><G51/><T24/><D62/><U1/><E1/><V117/><F117/><W82/><BYE who="2" /><G21/><N who="0" m="11415" /><D56/><U73/><E73/><UN n2="%E3%82%A6%E3%83%AB%E3%83%88%E3%83%A9%E7%AB%8B%E7%9B%B4" /><V31/><F0/><W132/><G132/><T52/><D58/><U43/><E43/><V104/><F42/><W92/><G54/><T120/><D55/><U127/><E127/><V105/><F27/><W48/><G53/><T46/><D52/><U13/><E13/><V6/><F31/><W94/><G48/><T89/><D120/><U87/><E87/><RYUUKYOKU ba="1,1" sc="343,-10,94,30,204,-10,349,-10" hai1="40,45,49,72,76,81,86,91,93,97,102,109,110" /><INIT seed="5,2,1,1,4,85" ten="333,124,194,339" oya="1" hai0="35,61,104,95,117,89,3,12,72,42,18,80,14" hai1="67,47,96,54,66,71,134,127,41,50,25,77,53" hai2="88,109,9,48,86,11,74,65,90,103,32,79,40" hai3="15,28,13,94,36,100,31,81,56,99,0,132,37"/><U129/><E77/><V62/><F32/><W68/><G68/><T21/><D104/><U122/><E25/><V75/><F74/><W55/><G0/><T4/><D3/><U106/><E122/><V125/><F75/><W93/><G132/><T57/><D117/><U8/><E134/><V43/><F103/><W70/><G70/><T17/><D35/><U82/><E82/><N who="2" m="47455" /><F109/><W102/><G81/><T10/><D42/><N who="2" m="15914" /><F48/><N who="3" m="30823" /><G37/><T111/><D111/><U34/><E34/><V63/><F125/><W107/><G107/><T135/><D135/><U84/><E84/><V60/><F65/><N who="1" m="24585" /><E8/><AGARI ba="2,1" hai="8,9,11,60,62,63,88,90" m="15914,47455" machi="8" ten="30,7700,0" yaku="8,1,52,2,54,1" doraHai="85" who="2" fromWho="1" sc="333,0,124,-83,194,93,339,0" /><INIT seed="6,0,0,3,4,17" ten="333,41,287,339" oya="2" hai0="18,7,39,3,93,129,49,122,128,70,50,0,81" hai1="76,53,86,99,103,58,34,125,79,127,68,84,87" hai2="101,36,64,94,6,12,126,98,22,8,120,46,89" hai3="37,69,15,20,77,59,41,110,4,66,62,114,63"/><V71/><F126/><N who="1" m="48137" /><E68/><V111/><F120/><W82/><G110/><T65/><D122/><U113/><E34/><V117/><F117/><W13/><G114/><T54/><D39/><U48/><E48/><V21/><F111/><W118/><G118/><T43/><D81/><U44/><E44/><V97/><F64/><W106/><G106/><T72/><D72/><U107/><E53/><V30/><F71/><W115/><G115/><T100/><D43/><U96/><E58/><V25/><F36/><W33/><G33/><T124/><D124/><U5/><E5/><V35/><F46/><W9/><G37/><T116/><D116/><U16/><E113/><V108/><F108/><W75/><G41/><T40/><D40/><U91/><E16/><V47/><F47/><W133/><G133/><T14/><D100/><N who="1" m="62855" /><E91/><V11/><F11/><W88/><G88/><T27/><D70/><U51/><E51/><V45/><F45/><W85/><G63/><T67/><D50/><U83/><E83/><V131/><F131/><W19/><G69/><T60/><D60/><U26/><E26/><V23/><F35/><W104/><G104/><AGARI ba="0,0" hai="76,79,84,86,87,99,103,104" m="62855,48137" machi="104" ten="30,3900,0" yaku="18,1,34,2" doraHai="17" who="1" fromWho="3" sc="333,0,41,39,287,0,339,-39" /><AGARI ba="0,0" hai="6,8,12,21,22,23,25,30,89,94,97,98,101,104" machi="104" ten="30,11600,0" yaku="7,1,52,3" doraHai="17" who="2" fromWho="3" sc="333,0,80,0,287,116,300,-116" /><INIT seed="6,1,0,3,4,111" ten="333,80,403,184" oya="2" hai0="108,74,6,86,42,68,52,44,18,118,53,59,109" hai1="88,91,11,32,7,94,19,78,4,37,110,128,47" hai2="31,99,93,113,120,39,90,62,33,71,64,67,5" hai3="101,29,84,100,43,97,56,46,60,82,3,69,0"/><V96/><F39/><W57/><G29/><T133/><D74/><U14/><E110/><V36/><F36/><W55/><G69/><T125/><D118/><U123/><E123/><V27/><F120/><W95/><G101/><T21/><D133/><U131/><E32/><V73/><F73/><W45/><G57/><T49/><D125/><U105/><E105/><V28/><F28/><W135/><G135/><T65/><D6/><U92/><E78/><V12/><F67/><W66/><G66/><T30/><D30/><U83/><E83/><V87/><F5/><N who="1" m="2121" /><E37/><V38/><F12/><W1/><REACH who="3" step="1"/><G43/><REACH who="3" ten="333,80,403,174" step="2"/><T79/><D65/><U116/><E116/><V48/><F64/><W24/><G24/><T22/><D42/><U102/><E47/><V117/><F71/><W13/><G13/><T81/><D68/><U121/><E121/><V104/><F117/><W34/><G34/><T77/><D108/><U112/><E102/><V98/><F27/><W107/><G107/><T126/><D109/><U80/><E14/><V124/><F31/><W132/><G132/><T119/><D119/><U85/><E131/><V127/><F33/><W8/><G8/><T51/><D22/><U26/><E11/><V63/><F104/><W70/><G70/><T72/><D21/><N who="1" m="13631" /><E128/><V40/><F127/><W75/><G75/><T89/><D126/><U115/><E91/><AGARI ba="1,1" hai="0,1,3,45,46,55,56,60,82,84,91,95,97,100" machi="91" ten="40,8000,1" yaku="1,1,53,3" doraHai="111" doraHaiUra="35" who="3" fromWho="1" sc="333,0,80,-83,403,0,174,93" owari="333,13.0,-3,-50.0,403,50.0,267,-13.0" /></mjloggm>