<mjloggm ver="2.3"><GO type="97" lobby="0"/><UN n0="%69%6B%65%73%68%69%4E%54" n1="%6A%75%6E%2E%49" n2="%E6%9C%AB%E5%BA%83%E5%AE%89%E9%82%A3" n3="%E5%B0%B1%E6%B4%BB%E7%94%9F%40%E5%B7%9D%E6%9D%91%E8%BB%8D%E5%9B%A3" dan="13,14,15,15" rate="1947.25,2002.77,2008.82,1949.26" sx="M,M,F,M"/><TAIKYOKU oya="0"/><INIT seed="0,0,0,0,0,123" ten="250,250,250,250" oya="0" hai0="74,125,81,41,102,8,47,1,135,51,116,23,73" hai1="63,42,48,108,66,82,35,103,50,57,39,31,126" hai2="89,56,77,98,124,65,46,121,100,122,80,29,7" hai3="4,58,119,0,72,71,54,3,112,76,21,38,133"/><T111/><D102/><U64/><E126/><V18/><F7/><W120/><G71/><T104/><D104/><U68/><E82/><V16/><F46/><W12/><G119/><T13/><D116/><U105/><E39/><V26/><F124/><W85/><G112/><T96/><D125/><U6/><E6/><V55/><F89/><W11/><G72/><T78/><D135/><U132/><E132/><V118/><F65/><W43/><G133/><T27/><D96/><U14/><E14/><V117/><F122/><W109/><G120/><T20/><D20/><U17/><E17/><V94/><F121/><W53/><G109/><T101/><D101/><U115/><E115/><V44/><F44/><W24/><G38/><T62/><D62/><U70/><E42/><V106/><F106/><W10/><G43/><T59/><D59/><U36/><E36/><V93/><F93/><W33/><G33/><T95/><D95/><U128/><E128/><V91/><F100/><W52/><G11/><T22/><D111/><U107/><E108/><V5/><F5/><W28/><REACH who="3" step="1"/><G58/><REACH who="3" ten="250,250,250,240" step="2"/><T19/><D73/><U9/><E9/><V75/><F118/><W129/><G129/><T87/><D74/><U15/><E57/><V83/><F117/><W131/><G131/><T130/><D130/><U30/><E35/><V113/><F113/><W127/><G127/><T37/><D37/><U86/><E68/><V49/><F83/><AGARI ba="0,1" hai="0,3,4,10,12,21,24,28,52,53,54,76,83,85" machi="83" ten="40,2600,0" yaku="1,1,54,1,53,0" doraHai="123" doraHaiUra="114" who="3" fromWho="2" sc="250,0,250,0,250,-26,240,36" /><INIT seed="1,0,0,1,1,6" ten="250,250,224,276" oya="1" hai0="105,89,87,65,123,97,110,14,48,55,64,125,62" hai1="35,90,127,129,42,88,83,11,108,39,1,34,38" hai2="101,71,92,95,72,19,5,124,135,20,131,121,4" hai3="130,44,13,120,81,111,33,16,53,28,107,85,61"/><U133/><E133/><V21/><F71/><W82/><G120/><T63/><D110/><U132/><E132/><V78/><F121/><W113/><G107/><T126/><D123/><U59/><E108/><V91/><F135/><W80/><G113/><T102/><D14/><U75/><E129/><V118/><F118/><W32/><G111/><T117/><D117/><U94/><E127/><V70/><F70/><W24/><G130/><T100/><D100/><U29/><E59/><V76/><F124/><W50/><G33/><T0/><D0/><U77/><E90/><V40/><F72/><W47/><G61/><T119/><D119/><U86/><E29/><V43/><F101/><W69/><G69/><T93/><D125/><U49/><E49/><V9/><F131/><W60/><G60/><T115/><D115/><U41/><E41/><V46/><F46/><W27/><G27/><T15/><D15/><U73/><E73/><V134/><F134/><W106/><G106/><T66/><REACH who="0" step="1"/><D126/><REACH who="0" ten="240,250,224,276" step="2"/><U99/><E99/><V103/><F103/><W8/><REACH who="3" step="1"/><G44/><AGARI ba="0,1" hai="44,48,55,62,63,64,65,66,87,89,93,97,102,105" machi="44" ten="40,2600,0" yaku="1,1,2,1,53,0" doraHai="6" doraHaiUra="114" who="0" fromWho="3" sc="240,36,250,0,224,0,276,-26" /><INIT seed="2,0,0,3,1,4" ten="276,250,224,250" oya="2" hai0="73,54,21,31,86,12,64,126,33,69,90,9,82" hai1="62,93,94,51,50,123,120,7,26,84,65,75,24" hai2="89,40,135,108,68,91,19,107,106,102,43,15,109" hai3="95,14,22,128,53,67,35,39,111,113,70,5,59"/><V78/><F68/><W97/><G35/><T83/><D33/><U112/><E75/><V45/><F78/><W77/><G39/><T99/><D126/><U124/><E112/><V52/><F135/><W20/><G113/><T49/><D73/><U125/><E7/><V13/><F102/><W32/><G32/><T133/><D99/><U58/><E84/><V76/><F76/><W63/><G128/><T41/><D41/><U127/><E94/><V38/><F38/><W81/><G111/><T46/><D69/><U60/><E93/><V44/><REACH who="2" step="1"/><F19/><REACH who="2" ten="276,250,214,250" step="2"/><W3/><G77/><T56/><D133/><U79/><E79/><V29/><F29/><W16/><G81/><T110/><D31/><U101/><E101/><V48/><F48/><N who="1" m="18473" /><E26/><V118/><F118/><W55/><G70/><T98/><D83/><U100/><E100/><V132/><F132/><W6/><G22/><T74/><D21/><U134/><E24/><V103/><F103/><N who="3" m="60863" /><G3/><T2/><D2/><U80/><E134/><V131/><F131/><W119/><G119/><T37/><D82/><U61/><E80/><V130/><F130/><W57/><G67/><T34/><D64/><U23/><E23/><V92/><F92/><W10/><G20/><T72/><D74/><U66/><E66/><V104/><F104/><W0/><G0/><T8/><D72/><U96/><E96/><V117/><F117/><W105/><G105/><T71/><D98/><U114/><E114/><V121/><F121/><AGARI ba="0,1" hai="58,60,61,62,65,120,121,123,124,125,127" m="18473" machi="121" ten="40,8000,1" yaku="13,1,18,1,34,2" doraHai="4" who="1" fromWho="2" sc="276,0,250,90,214,-80,250,0" /><INIT seed="3,0,0,3,0,117" ten="276,340,134,250" oya="3" hai0="94,42,92,22,38,60,127,69,18,32,56,73,132" hai1="15,96,123,48,110,82,80,84,99,46,66,113,130" hai2="87,88,76,63,30,12,102,29,71,16,81,112,6" hai3="78,119,19,107,10,95,53,27,91,44,120,57,126"/><W62/><G119/><T90/><D32/><U109/><E113/><V13/><F112/><W31/><G107/><T24/><D73/><U115/><E115/><V93/><F71/><W118/><G118/><T133/><D69/><U75/><E130/><V59/><F102/><W121/><G126/><T4/><D4/><U2/><E2/><V79/><F6/><W101/><G101/><T20/><D127/><U40/><E123/><V74/><F12/><W100/><G100/><T61/><D38/><U128/><E128/><V125/><F125/><W135/><G135/><T105/><D105/><U124/><E124/><V33/><F33/><W51/><G78/><T21/><D42/><U25/><E25/><V131/><F131/><W47/><G47/><T67/><D94/><U52/><E66/><V35/><F35/><W55/><G10/><T5/><D5/><U77/><E15/><V103/><F103/><W9/><G31/><T39/><D39/><U68/><E68/><V49/><F49/><W58/><G44/><T116/><D116/><U65/><E65/><V11/><REACH who="2" step="1"/><F79/><REACH who="2" ten="276,340,124,250" step="2"/><W54/><G9/><T72/><D133/><U23/><E23/><V41/><F41/><W1/><G1/><T114/><D22/><U129/><E129/><V108/><F108/><N who="1" m="41577" /><E40/><V104/><F104/><W83/><G27/><T36/><D21/><U26/><E26/><V14/><F14/><W122/><G83/><T28/><D24/><U0/><E0/><V70/><F70/><W64/><G19/><T85/><D18/><U8/><E8/><V86/><F86/><W98/><AGARI ba="0,1" hai="51,53,54,55,57,58,62,64,91,95,98,120,121,122" machi="98" ten="30,12000,1" yaku="5,1,0,1,52,3" doraHai="117" who="3" fromWho="3" sc="276,-40,340,-40,124,-40,250,130" owari="236,-16.0,300,10.0,84,-42.0,380,48.0" /></mjloggm>