<mjloggm ver="2.3"><GO type="97" lobby="0"/><UN n0="%6F%72%61%6D%69%64%6F" n1="%E5%BB%A3%E6%B8%88%E5%A0%82%E6%9C%AC%E5%BA%97" n2="%E3%83%88%E3%83%88%E3%83%AA%E5%85%88%E7%94%9F%31%39%E6%AD%B3" n3="%74%6F%73%69" dan="13,13,14,14" rate="1903.23,1829.11,2025.14,2000.40" sx="M,M,F,M"/><TAIKYOKU oya="0"/><INIT seed="0,0,0,3,4,95" ten="250,250,250,250" oya="0" hai0="84,80,29,18,132,114,66,57,68,92,116,0,108" hai1="23,51,30,60,135,11,1,22,77,67,39,110,100" hai2="32,33,47,17,50,7,85,101,34,105,125,72,88" hai3="52,27,113,55,122,130,71,3,82,89,121,112,5"/><T90/><D116/><U4/><E110/><V64/><F72/><W70/><G27/><T15/><D114/><N who="3" m="44137" /><G89/><T133/><D0/><U118/><E118/><V99/><F125/><W73/><G82/><T40/><D108/><U111/><E111/><V74/><F74/><W117/><G73/><T42/><D29/><U62/><E135/><N who="0" m="51785" /><D68/><N who="3" m="26153" /><G117/><T124/><D124/><U76/><E39/><V109/><F64/><W31/><G31/><T81/><D66/><U129/><E129/><V103/><F109/><W87/><G87/><N who="0" m="52319" /><D57/><U53/><E62/><V93/><F103/><W24/><G24/><T107/><D107/><U126/><E126/><V65/><F65/><W49/><G49/><T46/><D84/><U16/><E30/><V45/><F50/><W2/><G5/><T134/><N who="0" m="51793" /><T9/><DORA hai="14" /><D42/><U78/><E100/><V59/><F7/><W115/><G115/><T58/><D58/><U28/><E28/><V97/><F59/><W98/><G98/><T69/><D69/><U26/><E60/><V54/><F85/><W83/><G83/><T36/><AGARI ba="0,0" hai="9,15,18,36,40,46,80,81" m="52319,51793" machi="36" ten="40,3900,0" yaku="20,1,52,1" doraHai="95,14" who="0" fromWho="0" sc="250,39,250,-13,250,-13,250,-13" /><INIT seed="0,1,0,3,1,125" ten="289,237,237,237" oya="0" hai0="77,36,92,25,105,87,76,55,75,115,103,63,126" hai1="108,123,110,13,29,9,81,44,62,85,117,41,12" hai2="28,102,47,68,114,5,107,27,109,31,21,99,8" hai3="23,20,104,93,97,24,54,3,79,30,38,74,60"/><T0/><D36/><U15/><E123/><V49/><F109/><N who="1" m="42089" /><E117/><V113/><F31/><W11/><G104/><T35/><D115/><U1/><E62/><V22/><F22/><W67/><G54/><T89/><D126/><U58/><E58/><V18/><F28/><W14/><G3/><T100/><D0/><U64/><E64/><V135/><F68/><W120/><G38/><T84/><D35/><U132/><E132/><V112/><F135/><W83/><G120/><T6/><D6/><N who="1" m="3127" /><E29/><V4/><REACH who="2" step="1"/><F8/><REACH who="2" ten="289,237,227,237" step="2"/><W121/><G121/><T53/><D25/><U82/><E1/><V43/><AGARI ba="1,1" hai="4,5,18,21,27,43,47,49,99,102,107,112,113,114" machi="43" ten="30,7900,0" yaku="1,1,2,1,0,1,53,1" doraHai="125" doraHaiUra="40" who="2" fromWho="2" sc="289,-40,237,-21,227,92,237,-21" /><INIT seed="1,0,0,4,2,87" ten="249,216,319,216" oya="1" hai0="66,17,91,80,131,73,52,71,20,104,34,132,125" hai1="70,113,119,55,48,41,76,126,62,9,16,59,5" hai2="85,13,98,31,94,93,116,4,90,37,101,120,0" hai3="123,1,114,65,133,6,22,63,108,32,36,11,122"/><U7/><E119/><V49/><F116/><W8/><G36/><T28/><D125/><U105/><E113/><V33/><F120/><W29/><G114/><T19/><D131/><U2/><E126/><V10/><F37/><W58/><G133/><T69/><D132/><U75/><E105/><V110/><F110/><W12/><G108/><T35/><D104/><U88/><E7/><V106/><F33/><W43/><G43/><T121/><D121/><U3/><E3/><V92/><F31/><W60/><G60/><T45/><D73/><U21/><E70/><V40/><F0/><W86/><G86/><T117/><D117/><U30/><E30/><V54/><REACH who="2" step="1"/><F40/><REACH who="2" ten="249,216,309,216" step="2"/><W89/><G123/><T39/><D39/><U128/><E128/><V14/><F14/><W67/><G32/><T82/><D28/><U134/><E134/><V124/><F124/><W56/><G29/><T95/><D35/><U100/><E41/><V129/><F129/><W72/><G122/><T78/><D34/><U18/><E21/><V24/><F24/><W68/><G22/><T109/><D20/><U99/><E62/><V44/><AGARI ba="0,1" hai="4,10,13,44,49,54,85,90,92,93,94,98,101,106" machi="44" ten="20,8000,1" yaku="1,1,0,1,7,1,52,1,53,1" doraHai="87" doraHaiUra="96" who="2" fromWho="2" sc="249,-20,216,-40,309,90,216,-20" /><INIT seed="2,0,0,3,0,11" ten="229,176,399,196" oya="2" hai0="72,25,19,102,130,44,128,0,38,1,23,127,18" hai1="88,48,53,74,2,32,8,83,94,95,54,129,61" hai2="109,133,5,12,6,103,16,118,69,117,58,17,98" hai3="68,91,13,96,55,87,30,131,33,113,7,40,39"/><V20/><F69/><W104/><G68/><T4/><D72/><U3/><E129/><N who="0" m="49769" /><D102/><U119/><E119/><V77/><F133/><W26/><G131/><T105/><D105/><U81/><E32/><V41/><F109/><W63/><G113/><T134/><D38/><U65/><E95/><N who="2" m="58847" /><F118/><W15/><G7/><T52/><D44/><U31/><E31/><V45/><F77/><W43/><G104/><T108/><D52/><U56/><E54/><V21/><F58/><W85/><G96/><T75/><D75/><U49/><E49/><N who="2" m="26799" /><F117/><W110/><G110/><T90/><D90/><U101/><E101/><V86/><F86/><W36/><G87/><T73/><D73/><U132/><E132/><V112/><F112/><W124/><G124/><T122/><D108/><U62/><E62/><V10/><F10/><W37/><G43/><T106/><D134/><U46/><E74/><V84/><F84/><W99/><G99/><T126/><D106/><U80/><REACH who="1" step="1"/><E8/><REACH who="1" ten="229,166,399,196" step="2"/><V120/><F21/><W24/><G40/><T27/><D122/><U22/><E22/><N who="2" m="11527" /><F120/><W64/><G55/><T66/><D66/><U92/><E92/><V76/><F20/><W9/><G9/><N who="0" m="2183" /><D1/><U115/><E115/><V60/><F6/><W97/><G97/><AGARI ba="0,1" hai="2,3,46,48,53,56,61,65,80,81,83,88,94,97" machi="97" ten="40,5200,0" yaku="1,1,54,1,53,1" doraHai="11" doraHaiUra="57" who="1" fromWho="3" sc="229,0,166,62,399,0,196,-52" /><INIT seed="3,0,0,3,5,101" ten="229,228,399,144" oya="3" hai0="100,15,49,36,13,119,19,25,88,131,78,52,11" hai1="65,103,66,111,133,22,57,50,30,21,84,77,75" hai2="69,82,42,4,115,125,29,61,72,99,0,24,122" hai3="79,123,134,47,121,73,39,53,31,46,107,135,113"/><W40/><G107/><T67/><D119/><U7/><E111/><V27/><F115/><W80/><G31/><T130/><D36/><U44/><E75/><V28/><F42/><N who="3" m="22879" /><G80/><T127/><D67/><U86/><E133/><N who="3" m="50698" /><G79/><T132/><D132/><U9/><E103/><V60/><F82/><W76/><G76/><T23/><D127/><U128/><E128/><N who="0" m="49193" /><D78/><U110/><E110/><V97/><F125/><W1/><G1/><T124/><D124/><U45/><E45/><V38/><F0/><W92/><G92/><T114/><D100/><U20/><E30/><V70/><F4/><W41/><G73/><T16/><D114/><U91/><E77/><V63/><F72/><W48/><G113/><T43/><D43/><AGARI ba="0,0" hai="40,41,43,47,48,53,121,123" m="50698,22879" machi="43" ten="30,5800,0" yaku="20,1,34,2" doraHai="101" who="3" fromWho="0" sc="229,-58,228,0,399,0,144,58" /><INIT seed="3,1,0,4,3,135" ten="171,228,399,202" oya="3" hai0="119,44,116,27,46,42,85,68,48,133,63,36,114" hai1="37,21,104,76,67,134,98,28,120,25,97,83,13" hai2="12,96,69,32,55,103,84,88,29,106,0,4,113" hai3="18,62,64,91,31,73,51,23,33,53,74,102,16"/><W82/><G102/><T107/><D107/><U59/><E120/><V128/><F113/><W124/><G33/><T90/><D114/><U108/><E108/><V92/><F0/><W52/><G124/><T100/><D133/><U130/><E134/><V43/><F69/><W71/><G74/><T2/><D100/><U89/><E130/><V60/><F128/><W87/><G73/><T112/><D2/><U118/><E118/><V66/><F43/><W30/><G18/><T26/><D112/><U58/><E37/><V121/><F121/><W125/><G125/><T101/><D101/><U126/><E126/><V70/><F55/><W123/><G53/><T105/><D105/><U1/><E1/><V81/><F12/><W93/><G82/><T95/><D119/><U38/><E38/><V3/><F3/><W19/><G19/><T131/><D131/><U75/><E98/><V77/><F4/><W41/><G41/><T49/><D116/><U111/><E111/><V122/><F122/><W7/><G7/><T20/><D20/><U78/><E78/><V24/><F92/><W22/><G22/><T65/><REACH who="0" step="1"/><D36/><REACH who="0" ten="161,228,399,202" step="2"/><U109/><E109/><V5/><F5/><W40/><G123/><T15/><D15/><U35/><E104/><V86/><F106/><W79/><G79/><T127/><D127/><U129/><E129/><V11/><F103/><W34/><G34/><T39/><D39/><U54/><E35/><V14/><F81/><W50/><G40/><AGARI ba="1,1" hai="26,27,40,42,44,46,48,49,63,65,68,85,90,95" machi="40" ten="30,3900,0" yaku="1,1,7,1,9,1,53,0" doraHai="135" doraHaiUra="117" who="0" fromWho="3" sc="161,52,228,0,399,0,202,-42" owari="213,-19.0,228,3.0,399,50.0,160,-34.0" /></mjloggm>