<mjloggm ver="2.3"><GO type="97" lobby="0"/><UN n0="%39%73%6F%47%61%6D%65" n1="%E6%98%A5%E9%A2%A8%E9%80%81%E7%A6%8F" n2="%E6%9C%9D%E3%81%BE%E3%81%A7%E7%94%9F%E9%BA%BB%E9%9B%80" n3="%E5%B0%B1%E6%B4%BB%E7%94%9F%40%E5%B7%9D%E6%9D%91%E8%BB%8D%E5%9B%A3" dan="13,13,14,15" rate="1829.32,1906.83,1913.57,1994.44" sx="M,M,M,M"/><TAIKYOKU oya="0"/><INIT seed="0,0,0,3,0,40" ten="250,250,250,250" oya="0" hai0="96,15,8,106,3,53,61,49,72,57,104,17,97" hai1="30,132,5,70,135,18,63,31,95,91,128,124,23" hai2="85,110,82,78,41,7,109,86,38,111,73,92,113" hai3="68,75,37,89,33,4,43,9,22,6,48,16,131"/><T26/><BYE who="1" /><D72/><U84/><E84/><UN n1="%E6%98%A5%E9%A2%A8%E9%80%81%E7%A6%8F" /><V12/><F113/><W69/><G37/><T35/><D106/><U130/><E5/><V129/><F129/><N who="1" m="49769" /><E63/><V74/><F38/><W121/><G75/><T29/><D104/><U47/><E70/><V62/><F62/><W13/><G33/><T54/><D3/><U58/><E58/><AGARI ba="0,0" hai="8,15,17,26,29,35,49,53,54,57,58,61,96,97" machi="58" ten="30,1500,0" yaku="7,1" doraHai="40" who="0" fromWho="1" sc="250,15,250,-15,250,0,250,0" /><INIT seed="0,1,0,1,5,106" ten="265,235,250,250" oya="0" hai0="108,36,14,132,91,100,46,82,126,8,52,68,53" hai1="76,104,105,12,66,101,133,18,17,27,9,57,63" hai2="98,64,59,0,79,81,119,83,32,131,47,2,80" hai3="56,41,109,44,110,20,120,95,54,49,33,37,121"/><T19/><D68/><U84/><E133/><V48/><F131/><W103/><G33/><T71/><D71/><U90/><E76/><V39/><F119/><W73/><G20/><T134/><D100/><U87/><E101/><V75/><F32/><W67/><G73/><T10/><D10/><U117/><E117/><V127/><F127/><W96/><REACH who="3" step="1"/><G67/><REACH who="3" ten="265,235,250,240" step="2"/><T40/><D126/><U21/><REACH who="1" step="1"/><E87/><REACH who="1" ten="265,225,250,240" step="2"/><V15/><F75/><W113/><G113/><T129/><D134/><U6/><E6/><V62/><F79/><W43/><G43/><T135/><D132/><U124/><E124/><V28/><F98/><W16/><G16/><T13/><D135/><U31/><E31/><V111/><F28/><W92/><G92/><AGARI ba="1,2" hai="9,12,17,18,21,27,57,63,66,84,90,92,104,105" machi="92" ten="30,3900,0" yaku="1,1,7,1,53,1" doraHai="106" doraHaiUra="89" who="1" fromWho="3" sc="265,0,225,62,250,0,240,-42" /><INIT seed="1,0,0,4,1,69" ten="265,287,250,198" oya="1" hai0="23,121,37,64,44,49,9,54,102,42,53,35,33" hai1="97,67,89,60,36,41,98,132,125,85,122,73,21" hai2="14,27,24,101,34,113,32,96,106,105,22,16,117" hai3="119,8,86,40,78,124,7,19,92,131,99,11,18"/><U108/><E122/><V57/><F117/><W29/><G119/><T75/><D121/><U90/><E132/><V12/><F113/><W133/><G133/><T104/><D75/><U128/><E73/><V79/><F79/><W26/><G124/><T70/><D54/><U120/><E120/><V15/><F106/><W43/><G131/><T87/><D9/><U13/><E128/><V4/><F4/><W129/><G129/><T66/><D66/><U91/><E125/><V135/><F135/><W107/><G107/><T0/><D0/><U84/><E108/><V46/><F57/><W17/><G86/><T68/><D68/><U114/><E114/><V58/><F58/><W130/><G78/><T47/><D87/><U1/><E1/><V110/><F110/><W51/><G51/><T59/><D47/><U82/><E36/><V109/><F109/><W88/><G130/><T112/><D112/><U55/><E41/><V65/><F65/><W52/><G52/><T2/><D2/><U48/><E60/><V56/><F56/><W30/><G8/><T94/><D104/><U83/><E67/><V20/><REACH who="2" step="1"/><F46/><REACH who="2" ten="265,287,240,198" step="2"/><W95/><G26/><T45/><D45/><N who="1" m="28047" /><E90/><V61/><F61/><W115/><G115/><T77/><D77/><U103/><E103/><V72/><F72/><W126/><G126/><T76/><D76/><U71/><E71/><V31/><AGARI ba="0,1" hai="12,14,15,16,20,22,24,27,31,32,34,96,101,105" machi="31" ten="30,4000,0" yaku="1,1,0,1,54,1,53,0" doraHai="69" doraHaiUra="38" who="2" fromWho="2" sc="265,-10,287,-20,240,50,198,-10" /><INIT seed="2,0,0,0,3,93" ten="255,267,290,188" oya="2" hai0="94,52,129,78,50,73,113,116,111,47,26,105,79" hai1="87,23,115,8,135,91,24,65,66,0,9,56,18" hai2="100,124,81,74,60,35,15,95,7,3,31,19,134" hai3="13,45,62,128,61,120,108,72,82,121,69,110,28"/><V22/><F134/><W83/><G28/><T133/><D113/><U102/><E115/><V132/><F132/><W39/><G72/><T36/><D133/><U38/><E135/><V42/><F42/><N who="3" m="22751" /><G13/><T2/><D2/><U85/><E38/><V51/><F51/><W131/><G83/><T106/><D111/><N who="3" m="42537" /><G82/><T40/><D116/><U46/><E46/><V130/><F3/><W53/><G53/><T112/><D112/><U126/><E102/><V76/><F7/><W67/><G61/><T89/><D129/><AGARI ba="0,0" hai="62,67,69,120,121,128,129,131" m="42537,22751" machi="129" ten="30,8000,1" yaku="19,1,14,1,23,1,34,2" doraHai="93" who="3" fromWho="0" sc="255,-80,267,0,290,0,188,80" /><INIT seed="3,0,0,0,3,17" ten="175,267,290,268" oya="3" hai0="109,110,91,43,41,4,32,117,128,76,7,85,92" hai1="26,65,15,34,115,8,95,75,119,135,48,118,14" hai2="25,57,33,38,47,87,82,68,84,111,81,3,13" hai3="16,0,50,22,116,18,73,106,93,78,74,5,1"/><W123/><G106/><T20/><D32/><U45/><E115/><V64/><F3/><W132/><G116/><N who="1" m="44586" /><E135/><V127/><F68/><W133/><G123/><T77/><D117/><U39/><E39/><V27/><F33/><W79/><G93/><T63/><D63/><U108/><E108/><N who="0" m="41577" /><D128/><U29/><E75/><N who="3" m="28682" /><G50/><T44/><D44/><U104/><E104/><V46/><F111/><W21/><G1/><T23/><D92/><U94/><E65/><V40/><F127/><W107/><G0/><T49/><D91/><U99/><E8/><V134/><F134/><N who="3" m="51819" /><G5/><N who="0" m="2123" /><D85/><N who="2" m="32842" /><F38/><W35/><G35/><T54/><D54/><N who="1" m="29967" /><E94/><V83/><F40/><N who="0" m="15434" /><D49/><U37/><E37/><V131/><F131/><W122/><G122/><T100/><D100/><AGARI ba="0,0" hai="14,15,26,29,34,95,99,100" m="29967,44586" machi="100" ten="30,1000,0" yaku="12,1" doraHai="17" who="1" fromWho="0" sc="175,-10,267,10,290,0,268,0" /><INIT seed="4,0,0,3,2,13" ten="165,277,290,268" oya="0" hai0="121,57,55,129,104,43,75,125,94,112,51,72,98" hai1="114,85,83,34,50,124,26,24,71,52,7,127,2" hai2="84,87,56,101,96,8,21,63,22,113,20,77,82" hai3="61,33,41,48,133,108,25,74,12,10,28,11,47"/><T68/><D121/><U1/><E71/><V62/><F113/><W65/><G74/><T59/><D112/><U132/><E114/><V15/><F87/><W122/><G122/><T70/><D104/><U80/><E132/><V53/><F63/><W91/><G108/><T81/><D81/><U130/><E130/><V37/><F37/><W102/><G133/><T135/><D135/><U110/><E110/><V60/><F60/><W109/><G109/><T131/><D75/><U134/><E134/><V49/><F62/><W0/><G0/><T3/><D3/><U42/><E42/><V76/><F76/><W66/><G102/><T69/><D72/><U17/><E1/><V99/><F101/><W45/><G45/><N who="0" m="26047" /><D98/><U5/><E34/><V35/><F35/><W120/><G120/><T103/><D94/><U117/><E117/><V16/><AGARI ba="0,0" hai="8,15,16,20,21,22,49,53,56,77,82,84,96,99" machi="16" ten="30,7900,0" yaku="0,1,8,1,52,1,54,1" doraHai="13" who="2" fromWho="2" sc="165,-39,277,-20,290,79,268,-20" owari="126,-37.0,257,6.0,369,46.0,248,-15.0" /></mjloggm>