<mjloggm ver="2.3"><GO type="97" lobby="0"/><UN n0="%E3%83%AA%E3%82%B0%E3%83%AB" n1="%6B%65%6E%74%6F%60%73" n2="%74%65%7A%75%74%63%68" n3="%E5%B0%B1%E6%B4%BB%E7%94%9F%40%E5%B7%9D%E6%9D%91%E8%BB%8D%E5%9B%A3" dan="14,14,15,15" rate="1940.19,1919.38,1951.50,2011.13" sx="F,M,M,M"/><TAIKYOKU oya="0"/><INIT seed="0,0,0,4,5,8" ten="250,250,250,250" oya="0" hai0="114,131,47,2,120,45,37,6,100,106,84,94,115" hai1="128,38,1,14,81,116,133,102,75,15,28,65,83" hai2="125,10,46,39,4,56,48,134,24,16,77,55,49" hai3="36,58,78,69,96,22,18,113,35,130,51,87,111"/><T33/><D47/><U72/><E116/><V29/><F125/><W41/><G35/><T105/><D84/><U13/><E38/><V80/><F134/><W90/><G69/><T109/><D94/><U34/><E1/><V11/><F39/><W67/><G113/><T89/><D89/><U61/><E133/><V66/><F66/><W23/><G36/><T70/><D120/><U123/><E123/><V44/><F48/><W19/><G130/><T98/><D106/><U32/><E128/><V95/><F95/><N who="3" m="56439" /><G41/><N who="0" m="22703" /><D131/><U82/><E102/><V17/><F29/><W85/><G111/><T97/><D97/><U119/><E119/><V127/><F127/><W112/><G112/><T7/><D7/><U99/><E99/><V27/><F46/><W122/><G122/><T25/><D70/><U76/><E28/><V50/><F27/><N who="3" m="14807" /><G78/><T62/><D109/><U59/><REACH who="1" step="1"/><E76/><REACH who="1" ten="250,240,250,250" step="2"/><V64/><F77/><W117/><G117/><T43/><D114/><U26/><E26/><V126/><F24/><N who="3" m="14463" /><G67/><T86/><D115/><U91/><E91/><V101/><F64/><W53/><AGARI ba="0,1" hai="51,53,58,85,87" m="14463,14807,56439" machi="53" ten="30,1100,0" yaku="8,1" doraHai="8" who="3" fromWho="3" sc="250,-5,240,-3,250,-3,250,21" /><INIT seed="1,0,0,5,5,76" ten="245,237,247,271" oya="1" hai0="90,95,119,77,110,30,9,72,31,4,80,64,96" hai1="106,117,63,46,113,0,79,129,18,89,92,34,114" hai2="47,74,70,116,21,2,22,93,104,88,78,133,59" hai3="86,57,12,54,60,109,42,55,48,87,124,49,16"/><U69/><E106/><V97/><F116/><W13/><G109/><T53/><D110/><U122/><E117/><V98/><F70/><W125/><G42/><T83/><D119/><U75/><E122/><V24/><F2/><W10/><G12/><T94/><D64/><U20/><E0/><V62/><F133/><W112/><G112/><T6/><D53/><U5/><E5/><V120/><F120/><W40/><G40/><T51/><D51/><U67/><E34/><V103/><F47/><W118/><G118/><T128/><D128/><U56/><E46/><V100/><F24/><W82/><G86/><T126/><D126/><N who="3" m="48745" /><G55/><T127/><D127/><U115/><E129/><V37/><F37/><W27/><G27/><T105/><D105/><U58/><E79/><AGARI ba="0,0" hai="10,13,16,48,49,54,57,60,79,82,87" m="48745" machi="79" ten="30,3900,0" yaku="18,1,52,1,54,1" doraHai="76" who="3" fromWho="1" sc="245,0,237,-39,247,0,271,39" /><INIT seed="2,0,0,2,4,53" ten="245,198,247,310" oya="2" hai0="118,46,119,54,42,51,55,73,104,83,80,77,67" hai1="64,6,17,90,63,13,129,94,127,11,40,0,76" hai2="68,18,99,71,38,24,43,106,79,85,28,9,41" hai3="131,19,111,89,33,98,123,86,97,91,112,8,120"/><V69/><F38/><W62/><G33/><T88/><D104/><U48/><E127/><V133/><F133/><W34/><G34/><T121/><D67/><U12/><E129/><V114/><F114/><W22/><G131/><T32/><D32/><U21/><E76/><V66/><F66/><W103/><G112/><T116/><D121/><U45/><E0/><V84/><F28/><W72/><G72/><T126/><D126/><U130/><E130/><V108/><F79/><W30/><G111/><T134/><D134/><U10/><E21/><V7/><F108/><W75/><G75/><T105/><D105/><U47/><E48/><V135/><F135/><W70/><G30/><T113/><D113/><U122/><E40/><V59/><F59/><W50/><G8/><T81/><D81/><U124/><E124/><V49/><F18/><W2/><G2/><T107/><D107/><U110/><E122/><V56/><F24/><W101/><G50/><T93/><D83/><U57/><REACH who="1" step="1"/><E110/><REACH who="1" ten="245,188,247,310" step="2"/><V14/><F49/><W39/><G39/><T61/><D61/><U35/><E35/><V29/><F9/><W109/><G62/><T3/><D3/><U100/><E100/><V25/><F43/><W36/><G101/><T5/><D42/><U96/><AGARI ba="0,1" hai="6,10,11,12,13,17,45,47,57,63,64,90,94,96" machi="96" ten="20,12000,2" yaku="1,1,0,1,7,1,8,1,52,1,53,1" doraHai="53" doraHaiUra="58" who="1" fromWho="1" sc="245,-30,188,130,247,-60,310,-30" /><INIT seed="3,0,0,2,3,11" ten="215,318,187,280" oya="3" hai0="112,91,39,1,71,28,18,58,8,108,5,38,21" hai1="77,131,23,49,82,127,106,99,117,95,16,98,69" hai2="107,62,100,94,90,86,65,35,40,24,111,114,2" hai3="34,104,12,66,132,63,129,36,54,22,17,68,37"/><W29/><G104/><T121/><D71/><U84/><E69/><V61/><F114/><W83/><G132/><T135/><D121/><U15/><E127/><V119/><F119/><W13/><G129/><T55/><D112/><U51/><E131/><V20/><F111/><W32/><G54/><T42/><D135/><U78/><E117/><V102/><F2/><W19/><G83/><T30/><D108/><U97/><E106/><V57/><F35/><W133/><G133/><T115/><D115/><U14/><E14/><V60/><F107/><W26/><G34/><T45/><D91/><N who="1" m="51607" /><E95/><V109/><F109/><W33/><G33/><T92/><D92/><U116/><E116/><V7/><F7/><W56/><G68/><T88/><D88/><U118/><E118/><V10/><F10/><AGARI ba="0,0" hai="10,12,13,17,19,22,26,29,32,36,37,56,63,66" machi="10" ten="30,5800,0" yaku="7,1,52,2" doraHai="11" who="3" fromWho="2" sc="215,0,318,0,187,-58,280,58" owari="215,-18.0,318,12.0,129,-37.0,338,43.0" /></mjloggm>