<mjloggm ver="2.3"><GO type="41" lobby="0"/><UN n0="%E5%82%B7%E5%BF%83%E6%89%8B%E6%8C%87" n1="%E5%B0%B1%E6%B4%BB%E7%94%9F%40%E5%B7%9D%E6%9D%91%E8%BB%8D%E5%9B%A3" n2="%43%55%42%45%2D%4A" n3="%E3%80%90%E6%B8%9A%E6%A5%93%E3%80%91" dan="15,14,14,15" rate="1943.81,1962.53,1988.38,2028.52" sx="M,M,M,F"/><TAIKYOKU oya="0"/><INIT seed="0,0,0,3,1,33" ten="250,250,250,250" oya="0" hai0="63,42,68,39,62,73,74,76,25,52,35,95,71" hai1="125,65,127,117,75,11,78,108,22,133,18,79,130" hai2="34,99,10,116,90,109,92,98,93,3,114,48,36" hai3="102,112,77,9,24,135,51,101,104,103,8,21,46"/><T19/><D95/><U41/><E117/><V134/><F36/><W110/><G112/><T132/><D132/><U43/><E133/><V31/><F114/><W56/><G104/><T6/><D6/><U115/><E115/><V105/><F105/><W83/><G56/><T94/><D94/><U66/><E130/><V57/><F116/><W89/><G89/><T1/><D1/><U64/><E11/><V121/><F121/><W91/><G91/><T88/><D88/><U106/><E106/><V129/><F134/><W69/><G69/><T86/><D71/><U38/><E108/><V87/><F93/><W13/><G13/><T26/><D68/><U81/><E78/><V16/><F109/><W54/><G110/><T118/><D118/><U29/><E29/><V58/><F58/><W7/><G7/><T124/><D124/><N who="1" m="47691" /><E38/><V60/><F48/><W0/><G0/><T23/><D39/><U70/><E70/><V12/><F3/><W128/><G128/><T49/><D42/><U126/><N who="1" m="47699" /><U131/><DORA hai="5" /><E131/><V17/><F129/><W85/><REACH who="3" step="1"/><G135/><REACH who="3" ten="250,250,250,240" step="2"/><T113/><D113/><U61/><E61/><V2/><F2/><W120/><G120/><T100/><D63/><U47/><E47/><V37/><F57/><W40/><G40/><T96/><D62/><U20/><E43/><V122/><F122/><W67/><G67/><T30/><D76/><U28/><E41/><V50/><F60/><W59/><G59/><T27/><D27/><N who="1" m="16487" /><E66/><V111/><F111/><W15/><G15/><AGARI ba="0,1" hai="15,18,22,64,65,75,79,81" m="16487,47699" machi="15" ten="40,1300,0" yaku="18,1" doraHai="33,5" who="1" fromWho="3" sc="250,0,250,23,250,0,240,-13" /><INIT seed="1,0,0,3,1,12" ten="250,273,250,227" oya="1" hai0="90,44,7,87,34,86,59,31,37,68,57,78,106" hai1="116,76,128,99,4,134,56,96,107,119,32,46,135" hai2="48,38,82,85,121,108,23,28,14,127,81,105,47" hai3="65,62,30,100,2,29,112,94,92,69,1,111,74"/><U132/><E32/><V52/><F105/><W40/><G112/><T120/><D120/><U129/><E4/><V43/><F121/><W22/><G74/><T49/><D106/><U60/><E46/><V26/><F82/><W3/><G111/><T50/><D68/><U11/><E11/><V79/><F127/><W124/><G40/><T84/><D78/><U58/><E76/><V45/><REACH who="2" step="1"/><F14/><REACH who="2" ten="250,273,240,227" step="2"/><W126/><G124/><T35/><D37/><U83/><E83/><V66/><F66/><W17/><G126/><T24/><D35/><U113/><E107/><V15/><F15/><W71/><G71/><T39/><D7/><U9/><E113/><V73/><F73/><W131/><G131/><N who="1" m="50250" /><E9/><V72/><F72/><W118/><G118/><N who="1" m="45098" /><E60/><V41/><F41/><W53/><G53/><T33/><D33/><U55/><E55/><V36/><F36/><W104/><G104/><T115/><D115/><U93/><E93/><V88/><F88/><W8/><G8/><T91/><D91/><U109/><E109/><AGARI ba="0,1" hai="23,26,28,38,43,45,47,48,52,79,81,85,108,109" machi="109" ten="40,8000,1" yaku="1,1,54,1,53,2" doraHai="12" doraHaiUra="123" who="2" fromWho="1" sc="250,0,273,-80,240,90,227,0" /><INIT seed="2,0,0,0,4,15" ten="250,193,330,227" oya="2" hai0="39,48,80,11,56,32,4,90,132,122,27,111,94" hai1="106,61,51,120,70,52,25,109,99,98,47,110,28" hai2="78,58,31,12,97,82,8,0,75,2,3,37,30" hai3="38,131,115,72,35,76,55,24,9,53,1,96,81"/><V73/><F37/><W42/><G131/><T71/><D122/><U118/><E118/><V79/><F97/><W33/><G96/><T117/><D117/><U91/><E120/><V22/><F22/><W34/><G24/><T64/><D111/><N who="1" m="42507" /><E106/><V68/><F68/><W85/><G85/><T83/><D132/><U29/><E91/><V19/><REACH who="2" step="1"/><F58/><REACH who="2" ten="250,193,320,227" step="2"/><W128/><G128/><T105/><D39/><U88/><E98/><V45/><F45/><N who="3" m="23767" /><G115/><T77/><D71/><U133/><E133/><V74/><F74/><W21/><G21/><T54/><D32/><U119/><E119/><V40/><F40/><W93/><G34/><T116/><D116/><U13/><E70/><V89/><F89/><W43/><G43/><T49/><D90/><U69/><E69/><V63/><F63/><W59/><G59/><T125/><D56/><U14/><E61/><V62/><F62/><W17/><G33/><T104/><D104/><U95/><E28/><V16/><F16/><W46/><G35/><AGARI ba="0,1" hai="13,14,25,29,35,47,51,52,88,95,99" m="42507" machi="35" ten="30,3900,0" yaku="14,1,54,2" doraHai="15" who="1" fromWho="3" sc="250,0,193,49,320,0,227,-39" /><INIT seed="3,0,0,4,3,132" ten="250,242,320,188" oya="3" hai0="105,84,56,12,19,77,24,104,92,117,66,13,124" hai1="31,58,48,57,103,5,35,114,118,74,99,96,4" hai2="63,27,72,80,85,87,134,23,97,3,131,0,34" hai3="88,32,123,130,61,33,42,16,75,25,101,73,125"/><W86/><G123/><T110/><D117/><U8/><E74/><V45/><F34/><W22/><G130/><T112/><D110/><U46/><E114/><V127/><F131/><W76/><G101/><T11/><D112/><U55/><E118/><V82/><F97/><W14/><G42/><T116/><D116/><U47/><E99/><V108/><F72/><W62/><G125/><T29/><D124/><U17/><E47/><V18/><F108/><W37/><G37/><T91/><D77/><U1/><E5/><V20/><F45/><W109/><G109/><T59/><D13/><U78/><E78/><V122/><F63/><W100/><G100/><T36/><D36/><U135/><E135/><V79/><F122/><W44/><G44/><T83/><D92/><U107/><E17/><V89/><F134/><W49/><G49/><T115/><D115/><U9/><E9/><V10/><F10/><W2/><G2/><T133/><D133/><U70/><E70/><V81/><F127/><W128/><G128/><T121/><D121/><U71/><E71/><V38/><F38/><W28/><G33/><T129/><D129/><U64/><E64/><V21/><F3/><W51/><G51/><T54/><D66/><U68/><E68/><V39/><F39/><W30/><G30/><T95/><D95/><U126/><E126/><V93/><F0/><W53/><G76/><T65/><D65/><U15/><E1/><V43/><F43/><W106/><G106/><N who="0" m="41067" /><D54/><U111/><E111/><V69/><F69/><W102/><G102/><T113/><D113/><U67/><E67/><RYUUKYOKU ba="0,0" sc="250,10,242,10,320,10,188,-30" hai0="11,12,19,24,29,56,59,83,84,91" hai1="4,8,15,31,35,46,48,55,57,58,96,103,107" hai2="18,20,21,23,27,79,80,81,82,85,87,89,93" /><INIT seed="4,1,0,4,1,63" ten="260,252,330,158" oya="0" hai0="69,77,19,89,6,0,76,65,110,36,85,51,106" hai1="129,27,42,29,5,134,116,24,95,100,75,11,133" hai2="23,15,119,125,45,127,2,103,83,20,13,32,44" hai3="121,74,64,93,114,54,118,81,30,7,73,46,122"/><T80/><D110/><U12/><E75/><V18/><F103/><W26/><G114/><T124/><D124/><U41/><E116/><V79/><F32/><W87/><G7/><T33/><D36/><U49/><E129/><V62/><F2/><W68/><G93/><T105/><D33/><U38/><E38/><V71/><F119/><W113/><G113/><T8/><D19/><U9/><E9/><V84/><F15/><W82/><G46/><T115/><D51/><U88/><E100/><V52/><F23/><W94/><G94/><T4/><D4/><U130/><E130/><V57/><REACH who="2" step="1"/><F71/><REACH who="2" ten="260,252,320,158" step="2"/><W91/><G118/><T28/><D115/><U102/><E102/><V60/><F60/><W67/><G68/><T43/><D69/><U104/><E104/><V48/><F48/><W66/><G121/><T92/><D106/><U101/><E101/><V108/><F108/><W112/><G122/><T72/><D105/><U37/><E37/><V107/><F107/><W10/><G112/><T59/><D76/><U35/><E49/><V61/><F61/><W25/><G10/><T50/><D43/><U31/><E42/><V70/><F70/><W123/><G123/><T21/><D50/><U55/><E41/><V14/><F14/><W34/><G25/><N who="0" m="16431" /><D59/><U90/><E90/><V99/><F99/><W109/><G109/><T22/><D22/><U128/><E128/><V58/><F58/><W131/><G131/><T53/><D53/><U3/><E3/><V86/><F86/><N who="3" m="50639" /><G54/><T47/><D47/><AGARI ba="1,1" hai="13,18,20,44,45,47,52,57,62,79,83,84,125,127" machi="47" ten="40,5200,0" yaku="1,1,54,1,53,1" doraHai="63" doraHaiUra="16" who="2" fromWho="0" sc="260,-55,252,0,320,65,158,0" /><INIT seed="5,0,0,0,4,48" ten="205,252,385,158" oya="1" hai0="1,81,96,55,117,33,12,61,11,125,27,113,67" hai1="43,36,93,133,8,51,18,52,102,40,127,95,115" hai2="109,35,65,25,135,94,16,124,71,79,74,85,53" hai3="44,97,69,42,134,6,89,132,110,13,49,54,83"/><U80/><E127/><V38/><F38/><W57/><G69/><T62/><D117/><U87/><E115/><V116/><F116/><W105/><G110/><T78/><D113/><U99/><E133/><V86/><F65/><W5/><G105/><T101/><D125/><U103/><E36/><V23/><F35/><W60/><G13/><T58/><D1/><U66/><E66/><V123/><F74/><W82/><G82/><T32/><D27/><U14/><E95/><V34/><F71/><W21/><G21/><T121/><D121/><U50/><E50/><V126/><F34/><W73/><G97/><T28/><D28/><U128/><E103/><V76/><F123/><W37/><G37/><T2/><D2/><U59/><E128/><V39/><F39/><W9/><G9/><T41/><D41/><U119/><E119/><V45/><F135/><N who="3" m="51755" /><G89/><AGARI ba="0,0" hai="8,14,18,40,43,51,52,59,80,87,89,93,99,102" machi="89" ten="30,11600,0" yaku="7,1,8,1,52,1,54,1" doraHai="48" who="1" fromWho="3" sc="205,0,252,116,385,0,158,-116" /><INIT seed="5,1,0,1,5,100" ten="205,368,385,42" oya="1" hai0="129,109,132,19,35,108,124,31,24,58,114,72,62" hai1="36,65,20,42,121,123,4,118,67,54,34,116,127" hai2="32,71,110,33,125,120,80,107,103,93,10,15,13" hai3="94,46,22,131,92,113,128,52,97,79,111,134,64"/><U47/><E34/><V75/><F71/><W18/><G111/><T86/><D72/><U6/><E20/><V87/><F15/><W8/><G134/><T83/><D132/><U11/><E6/><V3/><F3/><W45/><G64/><N who="1" m="24650" /><E11/><V37/><F37/><W39/><G113/><T88/><D114/><U126/><E54/><V16/><F125/><N who="1" m="47625" /><E4/><V56/><F120/><AGARI ba="1,0" hai="36,42,47,116,118,120,121,123" m="47625,24650" machi="120" ten="30,5800,0" yaku="18,1,34,2" doraHai="100" who="1" fromWho="2" sc="205,0,368,61,385,-61,42,0" /><INIT seed="5,2,0,0,4,47" ten="205,429,324,42" oya="1" hai0="116,126,110,39,75,56,61,102,104,82,91,135,26" hai1="1,101,60,20,52,107,89,40,129,68,74,70,115" hai2="37,109,130,98,42,72,32,66,30,59,133,76,87" hai3="118,90,15,69,94,99,85,134,23,44,65,14,16"/><U12/><E1/><V27/><F109/><W18/><G118/><T114/><D116/><U80/><E115/><V121/><F121/><W83/><G134/><T63/><D110/><U105/><E129/><V0/><F130/><W33/><G33/><T34/><D114/><U45/><E70/><V106/><F0/><W117/><G117/><T131/><D131/><U73/><E73/><V92/><F106/><W111/><G111/><T19/><D135/><U132/><E132/><V8/><F72/><W103/><G65/><T84/><D126/><U51/><E101/><V2/><F37/><W77/><G69/><T88/><D39/><U58/><E68/><V119/><F42/><W10/><REACH who="3" step="1"/><G44/><REACH who="3" ten="205,429,324,32" step="2"/><T6/><D34/><U35/><E35/><V128/><F66/><W49/><G49/><T112/><D112/><U4/><E105/><V41/><F128/><W86/><G86/><T5/><D84/><N who="1" m="50311" /><E107/><V46/><F133/><W71/><G71/><T38/><D104/><U7/><E74/><V113/><F87/><W9/><G9/><T25/><D75/><U93/><E93/><V22/><F32/><W108/><G108/><T127/><D127/><U13/><E20/><V36/><F113/><W3/><G3/><T11/><D11/><U28/><E51/><V97/><F119/><W57/><G57/><T50/><D50/><U122/><E58/><V79/><F59/><W24/><G24/><T81/><D56/><U125/><E45/><V21/><F8/><W31/><G31/><T54/><D26/><U67/><E125/><V53/><F2/><W29/><G29/><RYUUKYOKU ba="2,1" sc="205,-10,429,-10,324,-10,32,30" hai3="10,14,15,16,18,23,77,83,85,90,94,99,103" /><INIT seed="6,3,1,1,2,89" ten="195,419,314,62" oya="2" hai0="39,21,36,99,112,58,32,122,14,102,83,13,22" hai1="105,35,72,24,135,59,17,15,8,20,116,26,120" hai2="68,109,78,85,5,65,132,29,70,133,10,64,48" hai3="56,3,75,76,11,60,110,127,117,34,108,97,128"/><V94/><F78/><W66/><G117/><T43/><D122/><U118/><E105/><V45/><F29/><W52/><G128/><T9/><D112/><U37/><E37/><V1/><F109/><W31/><G127/><T114/><D114/><U0/><E72/><V119/><F119/><N who="1" m="45609" /><E59/><V49/><F49/><W55/><G55/><T28/><D32/><U95/><E95/><V42/><F64/><W129/><G129/><T63/><D83/><U106/><E106/><V51/><F51/><W38/><G38/><T125/><D125/><U2/><E135/><N who="2" m="51787" /><F65/><W77/><G77/><T131/><D131/><U87/><E87/><V82/><F82/><W33/><G76/><T69/><D36/><U16/><E120/><V19/><F19/><W25/><G75/><T41/><D39/><U53/><E53/><V67/><F67/><W124/><G124/><T27/><D41/><U54/><E54/><V98/><F85/><W57/><G34/><T61/><D43/><U134/><E134/><V47/><F45/><W121/><G121/><T44/><D44/><U86/><E86/><V71/><F71/><W88/><G56/><T12/><D69/><U80/><E80/><V93/><F93/><W101/><G66/><T6/><D58/><U104/><E104/><V126/><F126/><W92/><REACH who="3" step="1"/><G101/><AGARI ba="3,1" hai="1,5,10,42,47,48,68,70,94,98,101" m="51787" machi="101" ten="30,2900,0" yaku="20,1,52,1" doraHai="89" who="2" fromWho="3" sc="195,0,419,0,314,48,62,-38" /><INIT seed="6,4,0,3,2,56" ten="195,419,362,24" oya="2" hai0="75,80,0,120,10,6,36,115,108,40,71,19,92" hai1="122,49,25,27,62,94,132,61,135,84,66,9,41" hai2="86,81,112,128,97,13,39,47,113,90,35,57,12" hai3="38,96,32,16,79,46,68,73,134,119,18,8,15"/><V131/><F35/><W70/><G119/><T107/><D108/><U69/><E122/><V22/><F47/><W31/><G134/><N who="1" m="51242" /><E9/><V123/><F123/><W101/><G18/><T127/><D120/><U114/><E114/><N who="2" m="44139" /><F39/><W4/><G79/><T51/><D127/><U20/><E20/><V125/><F125/><W30/><G73/><T23/><D115/><U111/><E111/><V55/><F97/><W50/><G38/><T24/><D107/><U126/><E126/><V100/><F100/><W28/><G32/><T91/><D51/><U54/><E41/><V93/><F93/><W76/><G76/><N who="0" m="44063" /><D71/><U63/><E66/><V2/><F2/><W117/><G4/><T72/><D72/><U5/><E5/><V21/><F21/><W99/><G99/><T124/><D124/><U85/><E69/><V34/><F34/><W52/><REACH who="3" step="1"/><G117/><REACH who="3" ten="195,419,362,14" step="2"/><T42/><D36/><U89/><E85/><V11/><F13/><W78/><G78/><T14/><D14/><U58/><AGARI ba="4,1" hai="25,27,49,54,58,61,62,63,84,89,94" m="51242" machi="58" ten="30,7900,0" yaku="20,1,52,3" doraHai="56" who="1" fromWho="1" sc="195,-24,419,101,362,-43,14,-24" owari="171,-23.0,520,62.0,319,12.0,-10,-51.0" /></mjloggm>