<mjloggm ver="2.3"><GO type="225" lobby="0"/><UN n0="%62%75%67%79%61%77%69" n1="%E3%83%88%E3%83%88%E3%83%AA%E5%85%88%E7%94%9F%31%39%E6%AD%B3" n2="%6D%69%79%61%79%61" n3="%E3%81%A1%E3%83%BC%E3%81%A6%E3%82%93" dan="16,17,16,17" rate="2092.00,2214.47,2051.77,2092.40" sx="M,F,F,M"/><TAIKYOKU oya="0"/><INIT seed="0,0,0,3,1,54" ten="250,250,250,250" oya="0" hai0="39,104,32,56,50,121,1,53,128,116,88,83,106" hai1="22,95,46,44,111,132,122,129,45,38,57,125,98" hai2="43,62,5,117,75,10,52,97,48,84,108,42,93" hai3="90,23,19,15,47,20,105,58,102,21,63,30,26"/><T16/><D121/><U124/><E122/><V101/><F108/><W33/><G90/><T119/><D32/><U126/><E111/><V13/><F75/><W7/><G7/><T80/><D1/><U36/><E129/><V133/><F133/><W65/><REACH who="3" step="1"/><G47/><REACH who="3" ten="250,250,250,240" step="2"/><T29/><D128/><U77/><E132/><V71/><F117/><W6/><G6/><T69/><D116/><U99/><E45/><V74/><F74/><W87/><G87/><T34/><D119/><U72/><E44/><V86/><F84/><W118/><G118/><T134/><D88/><N who="1" m="55655" /><E46/><V40/><F86/><W79/><G79/><T2/><D39/><U17/><E77/><V49/><REACH who="2" step="1"/><F71/><REACH who="2" ten="250,250,240,240" step="2"/><W61/><G61/><N who="0" m="35983" /><D69/><U92/><E72/><V9/><F9/><W100/><G100/><T8/><D8/><U31/><E36/><V131/><F131/><W66/><G66/><T110/><D134/><U68/><E38/><V59/><AGARI ba="0,2" hai="5,10,13,40,42,43,48,49,52,59,62,93,97,101" machi="59" ten="30,16000,3" yaku="1,1,0,1,8,1,52,1,54,1,53,3" doraHai="54" doraHaiUra="37" who="2" fromWho="2" sc="250,-80,250,-40,240,180,240,-40" /><INIT seed="1,0,0,4,4,61" ten="170,210,420,200" oya="1" hai0="81,67,130,132,102,48,63,49,28,0,90,133,83" hai1="40,73,97,126,31,84,6,26,2,82,3,78,32" hai2="18,109,52,89,71,8,35,95,55,85,113,13,98" hai3="125,56,50,94,129,10,57,65,62,39,75,88,64"/><U24/><E126/><V119/><F109/><W108/><G75/><T86/><D0/><U5/><E3/><V69/><F35/><W104/><G104/><T96/><D130/><U43/><E26/><V112/><F119/><W92/><G39/><T135/><D81/><U74/><E74/><V68/><F98/><N who="3" m="57607" /><G108/><T76/><D76/><U19/><E19/><V124/><F124/><W123/><G123/><T12/><D12/><U14/><E14/><V122/><F122/><W33/><G33/><T127/><D28/><U103/><E73/><V59/><REACH who="2" step="1"/><F55/><REACH who="2" ten="170,210,410,200" step="2"/><N who="3" m="31863" /><G125/><T4/><D127/><U105/><E97/><V7/><F7/><W58/><G129/><T46/><D4/><U100/><E6/><V80/><F80/><W111/><G111/><T44/><D44/><U91/><E5/><V134/><F134/><W47/><G47/><T77/><D46/><U38/><E2/><V117/><F117/><W99/><G62/><AGARI ba="0,1" hai="8,13,18,52,59,62,68,69,71,85,89,95,112,113" machi="62" ten="40,2600,0" yaku="1,1,54,1,53,0" doraHai="61" doraHaiUra="116" who="2" fromWho="3" sc="170,0,210,0,410,36,200,-26" /><INIT seed="2,0,0,3,2,64" ten="170,210,446,174" oya="2" hai0="8,67,29,55,53,95,17,71,130,132,21,115,40" hai1="24,109,5,107,66,126,13,6,100,26,68,2,88" hai2="91,38,110,134,45,15,61,60,1,57,102,104,79" hai3="10,56,43,80,22,3,124,7,82,35,123,54,23"/><V94/><F1/><W32/><G123/><T69/><D115/><U0/><E107/><V16/><F79/><W20/><G124/><T4/><D67/><U85/><E100/><V36/><F134/><W48/><REACH who="3" step="1"/><G43/><REACH who="3" ten="170,210,446,164" step="2"/><T62/><D40/><U34/><E126/><V46/><F110/><W135/><G135/><T113/><D113/><U108/><E109/><V89/><F38/><W127/><G127/><T92/><D132/><U58/><E108/><V14/><F36/><W120/><G120/><T133/><D133/><U37/><E37/><V52/><F46/><W87/><G87/><T93/><D130/><U106/><E85/><V63/><F45/><W59/><G59/><T11/><D69/><U111/><E58/><V103/><F57/><W99/><G99/><T131/><D131/><U81/><E68/><V72/><F72/><W47/><G47/><T98/><D71/><U101/><E111/><V9/><F63/><W50/><G50/><T27/><D62/><U129/><E129/><V19/><F61/><W78/><G78/><T77/><D77/><U12/><E66/><V31/><F60/><W122/><G122/><T39/><D39/><U73/><E73/><V112/><F112/><W116/><G116/><T83/><D98/><U70/><E70/><V33/><F52/><W51/><G51/><T128/><D128/><U97/><E97/><V76/><F76/><W114/><G114/><T84/><D55/><U28/><E101/><V125/><F103/><W105/><G105/><T41/><D53/><U118/><E106/><V42/><F104/><W119/><G119/><RYUUKYOKU ba="0,1" sc="170,-10,210,-10,446,-10,164,30" hai3="3,7,10,20,22,23,32,35,48,54,56,80,82" /><INIT seed="3,1,1,3,3,61" ten="160,200,436,194" oya="3" hai0="7,88,59,33,48,87,53,5,130,65,28,125,23" hai1="116,127,56,114,129,86,4,69,120,76,10,82,29" hai2="79,67,80,91,1,11,58,43,126,93,16,81,8" hai3="96,111,30,49,73,21,103,47,99,72,77,123,34"/><W26/><G123/><T128/><D33/><U46/><E69/><V105/><F105/><W20/><G111/><T133/><D133/><U57/><E114/><V32/><F32/><W131/><G131/><N who="0" m="50219" /><D125/><U25/><E120/><V108/><F126/><W132/><G132/><T68/><D28/><U71/><E71/><V31/><F1/><W134/><G134/><T24/><D24/><U97/><E97/><V41/><F108/><W109/><G109/><T75/><D23/><U22/><E116/><V95/><F31/><W64/><G64/><T104/><D75/><U40/><E127/><V19/><F67/><W35/><G35/><T38/><D38/><U12/><E129/><V101/><F58/><W106/><G99/><T62/><D104/><U100/><E100/><V92/><F91/><W36/><G36/><AGARI ba="1,1" hai="4,10,12,22,25,29,36,40,46,56,57,76,82,86" machi="36" ten="30,1000,0" yaku="7,1" doraHai="61" who="1" fromWho="3" sc="160,0,200,23,436,0,194,-13" owari="160,-34.0,223,2.0,436,54.0,181,-22.0" /></mjloggm>