<mjloggm ver="2.3"><GO type="41" lobby="0"/><UN n0="%E7%90%B5%E7%90%B6%E5%AD%90%EF%BC%A0%E5%B7%9D%E6%9D%91%E8%BB%8D%E5%9B%A3" n1="%E3%82%A2%E3%83%B3%E3%83%91%E3%83%B3" n2="%79%75%79%61%70%61%70%61" n3="%E5%B0%B1%E6%B4%BB%E7%94%9F%40%E5%B7%9D%E6%9D%91%E8%BB%8D%E5%9B%A3" dan="13,13,13,17" rate="1946.41,1877.86,1909.83,2141.99" sx="M,M,M,M"/><TAIKYOKU oya="0"/><INIT seed="0,0,0,3,1,84" ten="250,250,250,250" oya="0" hai0="11,97,62,57,134,30,4,128,15,20,56,23,42" hai1="68,55,47,6,54,51,105,110,25,85,133,31,99" hai2="92,75,28,76,26,78,127,106,131,45,0,12,67" hai3="115,5,13,102,21,60,72,24,90,17,108,100,111"/><T14/><D134/><U22/><E68/><V122/><F122/><W120/><G72/><T53/><D42/><U44/><E133/><V18/><F106/><W87/><G120/><T71/><D71/><U91/><E110/><N who="3" m="42026" /><G115/><T8/><D128/><U33/><E6/><V121/><F121/><W66/><G5/><T19/><D30/><U50/><E105/><V34/><F131/><W89/><G24/><T10/><D10/><U39/><E39/><V123/><F123/><W61/><G61/><T83/><D83/><U58/><E99/><V80/><F0/><W46/><G46/><T77/><D77/><U70/><E70/><V36/><F127/><W1/><G1/><T109/><D109/><U98/><E33/><V38/><F78/><W117/><G117/><T94/><REACH who="0" step="1"/><D57/><REACH who="0" ten="240,250,250,250" step="2"/><U125/><E125/><V129/><F129/><W63/><G63/><T52/><D52/><U37/><E37/><V130/><F130/><W114/><G114/><T69/><D69/><U116/><E116/><V49/><F67/><W103/><G87/><T43/><D43/><U40/><E98/><V29/><F29/><W73/><G73/><T132/><D132/><U88/><E40/><V96/><F45/><N who="1" m="17481" /><E85/><V65/><F65/><W27/><G60/><T2/><D2/><U16/><E31/><V93/><F49/><W101/><G66/><T82/><D82/><U59/><AGARI ba="0,1" hai="16,22,25,50,51,54,55,58,59,88,91" m="17481" machi="59" ten="30,8000,1" yaku="8,1,52,2,54,2" doraHai="84" who="1" fromWho="1" sc="240,-40,250,90,250,-20,250,-20" /><INIT seed="1,0,0,2,2,133" ten="200,340,230,230" oya="1" hai0="22,49,68,47,101,99,12,24,95,123,75,27,132" hai1="129,36,0,80,106,94,102,30,42,16,74,115,125" hai2="76,19,70,6,23,108,96,81,37,128,103,63,84" hai3="86,8,121,134,116,90,41,124,93,120,107,44,92"/><U7/><E115/><V83/><F108/><W29/><G107/><T88/><D68/><U77/><E129/><V26/><F37/><W97/><G134/><T100/><D132/><U126/><E30/><V109/><F109/><W130/><G130/><T119/><D119/><U17/><E94/><V71/><F128/><W53/><G29/><T28/><D123/><U10/><E102/><V1/><F1/><W135/><G135/><T55/><D75/><U33/><E106/><V14/><F83/><W79/><G116/><T32/><REACH who="0" step="1"/><D12/><REACH who="0" ten="190,340,230,230" step="2"/><U85/><E33/><V58/><F71/><W59/><G121/><T51/><D51/><U13/><E85/><V38/><F70/><W31/><G120/><T57/><D57/><U89/><E89/><V98/><F38/><W9/><G59/><T52/><D52/><U20/><E17/><AGARI ba="0,1" hai="17,22,24,27,28,32,47,49,55,88,95,99,100,101" machi="17" ten="30,7700,0" yaku="1,1,7,1,54,1,53,1" doraHai="133" doraHaiUra="45" who="0" fromWho="1" sc="190,87,340,-77,230,0,230,0" /><INIT seed="2,0,0,1,0,37" ten="277,263,230,230" oya="2" hai0="52,27,25,22,126,120,63,84,33,6,94,118,72" hai1="41,114,36,56,92,101,104,105,10,69,113,110,29" hai2="106,68,60,74,89,109,55,128,67,102,111,0,115" hai3="133,61,14,45,100,46,16,32,82,54,21,75,49"/><V43/><F74/><W95/><G133/><T124/><D72/><U86/><E69/><V112/><F0/><W64/><G32/><T18/><D120/><U59/><E110/><N who="2" m="41995" /><F89/><W44/><G75/><T119/><D6/><U12/><E29/><V53/><F102/><W9/><G82/><T88/><D33/><U103/><E36/><V20/><F106/><W96/><REACH who="3" step="1"/><G9/><REACH who="3" ten="277,263,230,220" step="2"/><T130/><D130/><U42/><E10/><V71/><F128/><W24/><G24/><T48/><D27/><U31/><E92/><V30/><F20/><W62/><G62/><T129/><D63/><U57/><E31/><V73/><F30/><W117/><G117/><N who="0" m="44555" /><D129/><U122/><E122/><V50/><F73/><W17/><G17/><T85/><D85/><U47/><E86/><V107/><F71/><AGARI ba="0,1" hai="14,16,21,44,45,46,49,54,61,64,71,95,96,100" machi="71" ten="30,3900,0" yaku="1,1,7,1,54,1,53,0" doraHai="37" doraHaiUra="83" who="3" fromWho="2" sc="277,0,263,0,230,-39,220,49" /><INIT seed="3,0,0,3,4,125" ten="277,263,191,269" oya="3" hai0="57,37,92,21,75,95,4,16,99,49,2,86,127" hai1="120,27,63,76,39,116,117,88,68,131,34,103,102" hai2="0,52,74,73,70,121,8,59,114,3,69,119,11" hai3="126,41,46,38,64,28,5,115,33,118,81,17,105"/><W56/><G115/><T87/><D37/><U80/><E120/><V135/><F114/><W67/><G105/><T72/><D127/><U53/><E39/><V93/><F119/><W19/><G118/><N who="1" m="45674" /><E131/><V124/><F124/><W85/><G126/><T132/><D132/><U42/><E42/><V26/><F135/><W32/><G5/><T97/><D4/><U51/><E68/><V112/><F112/><W45/><G45/><T24/><D2/><U9/><E63/><V47/><F121/><W36/><G36/><T128/><D75/><U130/><E130/><V60/><F74/><W55/><G64/><T109/><D72/><U1/><E76/><V13/><F73/><W15/><G67/><T65/><D109/><U66/><E66/><V90/><F70/><W29/><G19/><T10/><D10/><U106/><E106/><V44/><F69/><W23/><G33/><T48/><D128/><U20/><E34/><V62/><F3/><W14/><G14/><T12/><D12/><U123/><E1/><V113/><F0/><W111/><G32/><T129/><D129/><U54/><E9/><V89/><F113/><W35/><G35/><T101/><D65/><U100/><E51/><N who="0" m="19529" /><D57/><U18/><E123/><V96/><F62/><W122/><G122/><T91/><AGARI ba="0,0" hai="16,21,24,86,87,91,92,95,97,99,101" m="19529" machi="91" ten="30,2000,0" yaku="8,1,54,1" doraHai="125" who="0" fromWho="0" sc="277,20,263,-5,191,-5,269,-10" /><INIT seed="4,0,0,0,4,31" ten="297,258,186,259" oya="0" hai0="115,61,33,89,18,133,68,85,27,98,96,49,21" hai1="127,122,72,53,112,60,13,74,46,81,119,79,25" hai2="111,36,125,28,5,42,0,14,20,92,134,109,37" hai3="66,26,87,50,116,67,45,39,4,57,105,2,12"/><T88/><D115/><U95/><E122/><V124/><F0/><W8/><G105/><T58/><D133/><U86/><E119/><V69/><F69/><W110/><G116/><T70/><D49/><U24/><E127/><N who="2" m="48715" /><F42/><W63/><G110/><N who="2" m="41993" /><F92/><W38/><G66/><T108/><D108/><U101/><E112/><V128/><F37/><W80/><G26/><T34/><D70/><U54/><E72/><V32/><F36/><W35/><G35/><T52/><D68/><U130/><E130/><V30/><F128/><W103/><G103/><T62/><D62/><U99/><E74/><V3/><F3/><W104/><G104/><T90/><REACH who="0" step="1"/><D85/><REACH who="0" ten="287,258,186,259" step="2"/><U48/><E60/><V129/><F129/><W93/><G39/><T56/><D56/><U107/><E107/><V75/><F75/><W117/><G38/><T118/><D118/><U97/><E54/><V11/><F134/><W91/><G117/><T84/><D84/><U40/><E40/><V22/><F30/><W135/><G135/><T131/><D131/><U55/><E55/><V71/><F71/><W100/><G50/><T126/><D126/><U65/><E65/><V16/><F5/><W44/><G44/><T83/><D83/><U59/><E59/><V114/><F114/><W76/><G45/><T78/><D78/><U10/><E99/><AGARI ba="0,1" hai="18,21,27,33,34,52,58,61,88,89,90,96,98,99" machi="99" ten="40,12000,1" yaku="1,1,52,2,54,2,53,0" doraHai="31" doraHaiUra="7" who="0" fromWho="1" sc="287,130,258,-120,186,0,259,0" /><INIT seed="4,1,0,4,3,102" ten="417,138,186,259" oya="0" hai0="90,57,59,60,127,113,37,20,69,91,45,103,62" hai1="27,76,120,129,3,131,109,73,49,111,0,135,92" hai2="87,80,71,100,23,96,43,132,65,8,116,6,36" hai3="63,34,38,115,97,2,67,42,10,110,106,4,19"/><T118/><D118/><U58/><E92/><V25/><F116/><W18/><G110/><N who="1" m="41994" /><E76/><V122/><F122/><W11/><G115/><T24/><D113/><U81/><E58/><V13/><F132/><W33/><G11/><T89/><D103/><U94/><E94/><V64/><F36/><W55/><G55/><T134/><D134/><U40/><E81/><V128/><F43/><W74/><G19/><T108/><D108/><U117/><E49/><V35/><F35/><W75/><G18/><T32/><D69/><U114/><E40/><V78/><F71/><N who="3" m="42495" /><G42/><T52/><D127/><U22/><E114/><V56/><F56/><W99/><G99/><T77/><D77/><U17/><E117/><V125/><F128/><N who="1" m="49225" /><E73/><N who="3" m="27658" /><G38/><T82/><D82/><U31/><E135/><V66/><F125/><W124/><G124/><T95/><D95/><U83/><E83/><V53/><F53/><W29/><G29/><T72/><D72/><U51/><E51/><V84/><F84/><W7/><G7/><T39/><D45/><U41/><E41/><V1/><F1/><N who="1" m="585" /><E120/><V9/><F9/><W86/><G86/><T104/><D39/><U14/><E31/><V133/><F133/><W119/><G119/><T54/><D37/><U46/><E46/><V5/><F5/><W126/><G126/><T93/><D93/><U26/><AGARI ba="1,0" hai="14,17,22,26,27" m="585,49225,41994" machi="26" ten="40,5200,0" yaku="19,1,34,2" doraHai="102" who="1" fromWho="1" sc="417,-27,138,55,186,-14,259,-14" /><INIT seed="5,0,0,0,3,5" ten="390,193,172,245" oya="1" hai0="86,113,127,57,64,82,65,39,98,47,115,59,83" hai1="73,125,103,116,99,6,105,111,92,114,40,74,8" hai2="19,62,33,46,100,12,3,119,22,70,24,123,89" hai3="118,109,95,110,91,90,9,85,27,32,37,117,88"/><U78/><E116/><N who="3" m="44650" /><G37/><T58/><D98/><U72/><E114/><N who="0" m="43529" /><D127/><U51/><E125/><V68/><F119/><W36/><G36/><T55/><D83/><U49/><E111/><N who="3" m="42506" /><G32/><T101/><D101/><U76/><E92/><V18/><F123/><W93/><G27/><T38/><D38/><U16/><E40/><V54/><F3/><W66/><G66/><T128/><D128/><U14/><REACH who="1" step="1"/><E6/><REACH who="1" ten="390,183,172,245" step="2"/><V131/><F131/><W7/><G95/><T63/><D39/><U126/><E126/><V1/><F1/><AGARI ba="0,1" hai="1,7,9,85,88,90,91,93" m="42506,44650" machi="1" ten="30,3900,0" yaku="12,1,52,1,54,1" doraHai="5" who="3" fromWho="2" sc="390,0,183,0,172,-39,245,49" /><INIT seed="6,0,0,4,4,107" ten="390,183,133,294" oya="2" hai0="6,113,130,5,60,131,106,43,80,69,11,96,117" hai1="103,48,66,53,41,77,116,2,110,13,28,85,42" hai2="129,23,102,124,109,120,97,67,118,15,111,115,98" hai3="38,86,76,32,22,35,132,45,30,10,31,65,99"/><V89/><F120/><W27/><G132/><T112/><D43/><U84/><E110/><N who="2" m="41995" /><F118/><W94/><G65/><N who="0" m="41127" /><D117/><U3/><E116/><V37/><F37/><W7/><G76/><T1/><D5/><U78/><E103/><V135/><F135/><W57/><G57/><T133/><D133/><U44/><E28/><V79/><F67/><W20/><G86/><T49/><D49/><U105/><E105/><V12/><F79/><W128/><G128/><T83/><D83/><U34/><E66/><V75/><F75/><W126/><G126/><T91/><D80/><U51/><E13/><N who="2" m="5195" /><F124/><W21/><G45/><T73/><D73/><U100/><E34/><V70/><F70/><W18/><G38/><T14/><D14/><U127/><E100/><V93/><F129/><N who="0" m="49162" /><D106/><U9/><E9/><V46/><F46/><W54/><G54/><T0/><D0/><U123/><E127/><V74/><F74/><W17/><G94/><AGARI ba="0,0" hai="1,6,11,91,94,96,112,113" m="49162,41127" machi="94" ten="30,1000,0" yaku="19,1" doraHai="107" who="0" fromWho="3" sc="390,10,183,0,133,0,294,-10" /><INIT seed="7,0,0,0,4,10" ten="400,183,133,284" oya="3" hai0="121,115,98,7,135,51,65,84,13,128,18,132,78" hai1="37,81,11,14,88,79,90,122,104,133,102,8,83" hai2="36,49,20,110,97,76,58,2,126,101,45,12,4" hai3="32,9,127,85,72,94,54,95,130,92,114,33,55"/><W63/><G72/><T26/><D121/><U40/><E122/><V125/><F110/><W70/><G114/><T93/><D115/><U117/><E117/><V17/><F76/><W96/><G127/><T64/><D7/><U0/><E133/><N who="0" m="51273" /><D128/><U44/><E83/><V59/><F36/><W61/><G130/><T67/><D51/><U31/><E31/><V29/><F29/><W41/><G41/><T87/><D26/><U108/><E104/><V1/><F1/><W111/><G111/><T21/><D78/><U120/><E102/><AGARI ba="0,0" hai="13,18,21,64,65,67,84,87,93,98,102" m="51273" machi="102" ten="30,2000,0" yaku="20,1,52,1" doraHai="10" who="0" fromWho="1" sc="400,20,183,-20,133,0,284,0" owari="420,53.0,163,-24.0,133,-37.0,284,8.0" /></mjloggm>