<mjloggm ver="2.3"><GO type="225" lobby="0"/><UN n0="%E3%83%88%E3%83%88%E3%83%AA%E5%85%88%E7%94%9F%31%39%E6%AD%B3" n1="%E3%82%B4%E3%83%BC%E3%83%AB%E3%83%87%E3%83%B3%E3%81%B2%E3%82%88%E3%81%93" n2="%E7%B6%BE%E7%80%AC%E5%A5%88%E9%83%BD%E5%B8%8C" n3="%E5%90%91%E4%BA%95%E7%90%86" dan="17,17,16,16" rate="2184.63,2202.21,2109.15,2094.41" sx="F,M,F,M"/><TAIKYOKU oya="0"/><INIT seed="0,0,0,0,0,81" ten="250,250,250,250" oya="0" hai0="77,55,110,45,120,98,12,126,108,71,78,1,117" hai1="24,101,44,94,75,64,15,89,95,39,33,80,125" hai2="131,62,102,6,103,91,76,97,13,56,115,54,29" hai3="90,50,96,73,134,111,88,119,79,2,17,86,3"/><T123/><D1/><U99/><E125/><V82/><F115/><W107/><G119/><T40/><D71/><U48/><E39/><V83/><F131/><W37/><G37/><N who="0" m="21647" /><D117/><U104/><E64/><V19/><F6/><W68/><G68/><T112/><D112/><U22/><E33/><V30/><F91/><W128/><G128/><T84/><D126/><U61/><E61/><V47/><F47/><W49/><G134/><T100/><D55/><U18/><E104/><V72/><F83/><N who="3" m="45551" /><G90/><T51/><D51/><N who="3" m="19465" /><G17/><T65/><D12/><U109/><E109/><N who="0" m="42089" /><D65/><U10/><E75/><V41/><F41/><W93/><G111/><T116/><D116/><U38/><E38/><V70/><F70/><W8/><G8/><T52/><D52/><N who="1" m="29703" /><E80/><V34/><F34/><W105/><G105/><N who="0" m="63639" /><D84/><N who="1" m="52519" /><E10/><V113/><F113/><W129/><G129/><T32/><D32/><U124/><E124/><V66/><F66/><W92/><G92/><T85/><D85/><U26/><AGARI ba="0,0" hai="15,18,22,24,26,95,99,101" m="52519,29703" machi="26" ten="30,4000,0" yaku="8,1,52,1,54,1" doraHai="81" who="1" fromWho="1" sc="250,-20,250,40,250,-10,250,-10" /><INIT seed="1,0,0,0,0,60" ten="230,290,240,240" oya="1" hai0="4,88,36,42,24,79,28,23,94,49,120,31,22" hai1="112,117,107,135,62,45,80,116,91,44,50,41,106" hai2="126,25,83,127,124,59,90,53,104,114,47,101,17" hai3="134,54,89,100,81,33,15,71,38,105,40,34,128"/><U14/><E112/><V121/><F121/><W0/><G0/><T12/><D120/><U87/><E135/><V67/><F114/><W108/><G134/><T5/><D36/><U73/><E73/><V48/><F101/><W129/><G108/><T65/><D79/><U86/><E14/><V69/><F104/><W118/><G118/><T82/><D82/><U111/><E111/><V92/><F83/><W133/><G133/><T35/><D35/><U20/><E20/><N who="2" m="13455" /><F69/><W76/><G71/><T95/><D95/><U64/><E87/><N who="2" m="52319" /><F59/><W37/><G100/><T70/><D70/><U7/><E7/><V19/><F19/><W119/><G105/><T110/><D110/><U132/><E132/><V29/><F29/><W51/><G119/><T46/><D31/><U30/><E30/><V56/><F47/><W11/><G34/><T74/><D74/><U43/><E117/><V85/><F85/><W63/><G33/><T9/><D23/><U75/><E75/><V68/><F68/><W1/><G1/><T103/><D103/><U52/><E116/><V6/><F6/><W16/><G37/><T99/><D5/><U66/><E107/><V109/><F109/><W77/><G38/><T131/><D131/><U26/><E106/><V57/><F57/><W96/><G81/><T39/><D39/><N who="1" m="21567" /><E26/><V27/><F27/><W72/><G72/><T93/><D93/><U97/><E97/><V32/><F32/><W123/><G96/><T21/><D21/><U8/><E8/><V125/><F125/><W61/><G123/><T113/><D113/><U58/><AGARI ba="0,0" hai="43,45,50,52,58,62,64,66,80,86,91" m="21567" machi="58" ten="30,11700,0" yaku="5,1,52,2,54,1" doraHai="60" who="1" fromWho="1" sc="230,-39,290,117,240,-39,240,-39" /><INIT seed="1,1,0,1,3,92" ten="191,407,201,201" oya="1" hai0="30,115,53,81,117,87,13,67,60,10,16,95,104" hai1="4,32,126,20,116,85,110,74,1,62,89,83,120" hai2="124,63,17,11,66,77,15,100,103,99,90,41,98" hai3="46,37,24,22,106,123,55,39,33,107,128,8,70"/><U78/><E32/><V93/><F124/><W0/><G70/><T71/><D115/><U114/><E114/><V52/><F77/><W56/><G123/><T48/><D117/><U121/><E116/><V28/><F41/><W18/><G33/><T91/><D104/><U76/><E126/><V130/><F28/><W80/><G128/><T43/><D30/><U40/><E110/><V64/><F130/><W111/><G111/><T112/><D112/><U45/><E78/><V36/><F36/><W65/><G65/><T29/><D29/><U72/><E20/><V69/><F66/><W118/><G80/><T101/><D43/><U6/><E6/><V122/><F122/><W61/><G39/><T135/><D135/><U82/><E62/><V50/><REACH who="2" step="1"/><F99/><REACH who="2" ten="191,407,191,201" step="2"/><W131/><G131/><T42/><D42/><U14/><E72/><V47/><AGARI ba="1,1" hai="11,15,17,47,50,52,63,64,69,90,93,98,100,103" machi="47" ten="20,12000,2" yaku="1,1,2,1,0,1,7,1,52,1,54,1,53,0" doraHai="92" doraHaiUra="105" who="2" fromWho="2" sc="191,-31,407,-61,191,133,201,-31" /><INIT seed="2,0,0,1,3,93" ten="160,346,324,170" oya="2" hai0="14,57,104,13,6,95,125,103,59,83,20,76,26" hai1="36,91,72,86,71,88,28,90,7,54,99,47,67" hai2="111,49,1,134,116,102,73,27,2,77,101,113,41" hai3="122,45,8,68,123,130,69,52,110,12,126,127,58"/><V65/><F113/><W112/><G12/><N who="0" m="4715" /><D104/><U129/><E72/><V62/><F116/><W120/><G8/><T43/><D125/><N who="3" m="47625" /><G112/><T37/><D37/><U31/><E129/><V97/><F134/><W98/><G98/><N who="0" m="59871" /><D43/><U135/><E36/><V32/><F111/><W66/><G110/><T53/><D6/><U64/><E135/><V19/><F101/><W51/><G130/><T55/><D83/><U56/><E7/><V30/><F19/><W33/><G33/><T81/><D81/><N who="1" m="49231" /><E71/><N who="3" m="27210" /><G66/><T42/><D42/><U124/><E67/><V132/><F132/><W38/><G38/><T61/><D76/><U46/><E64/><V121/><F77/><W80/><G80/><T115/><D115/><U63/><E124/><V119/><F2/><W15/><G15/><T108/><D108/><U94/><E90/><V105/><F1/><W118/><G118/><T70/><D70/><U50/><E31/><V11/><F119/><W74/><G74/><T85/><D85/><U78/><E28/><V60/><F73/><W79/><G79/><T48/><D20/><U89/><E78/><V0/><F0/><W29/><G29/><T133/><D133/><U16/><E89/><V114/><F114/><W96/><G96/><T92/><D92/><U106/><E106/><V131/><F131/><W34/><G34/><T100/><D100/><U17/><E47/><AGARI ba="0,0" hai="45,47,51,52,58,120,122,123" m="27210,47625" machi="47" ten="40,8000,1" yaku="18,1,34,2,54,1" doraHai="93" who="3" fromWho="1" sc="160,0,346,-80,324,0,170,80" /><INIT seed="3,0,0,1,0,53" ten="160,266,324,250" oya="3" hai0="102,42,93,103,106,94,27,7,58,109,25,8,84" hai1="15,41,127,71,65,117,132,56,98,33,125,52,4" hai2="21,105,6,26,80,113,43,130,112,19,122,95,115" hai3="0,76,75,63,97,90,44,30,108,135,120,51,32"/><W78/><G0/><T16/><D109/><U134/><E33/><V2/><F105/><W69/><G120/><T119/><D119/><U99/><E117/><V3/><F43/><W17/><G108/><T48/><D106/><U13/><E41/><V70/><F70/><W73/><G73/><T121/><D121/><U100/><E65/><V114/><F114/><W67/><G75/><T92/><D84/><U46/><E71/><V35/><F80/><W62/><G135/><N who="1" m="51754" /><E46/><V85/><F95/><W101/><G90/><T110/><D110/><U126/><E4/><V29/><F85/><W36/><G36/><T18/><D42/><U57/><E99/><V12/><F122/><W86/><G62/><T77/><D77/><U79/><E79/><V82/><F82/><W37/><G37/><T129/><D129/><U131/><E131/><V133/><F133/><W116/><G17/><N who="0" m="6763" /><D8/><U83/><E83/><V66/><F130/><W45/><G86/><T91/><D91/><U9/><E9/><N who="2" m="4151" /><F66/><W28/><G116/><T40/><D7/><U118/><E118/><V64/><F64/><W34/><G78/><T104/><D104/><N who="1" m="63511" /><E52/><V5/><F5/><W20/><G76/><T38/><D38/><U50/><E50/><V31/><F31/><W111/><G111/><T123/><D123/><U72/><E72/><V128/><F128/><W61/><G69/><T11/><D11/><U60/><E60/><V55/><F55/><W1/><G1/><T10/><D10/><U89/><E89/><V49/><F49/><W22/><G97/><T24/><D40/><U54/><E54/><AGARI ba="0,0" hai="24,25,27,48,54,58,92,93,94,102,103" m="6763" machi="54" ten="40,8000,1" yaku="6,1,8,1,52,1,54,1" doraHai="53" who="0" fromWho="1" sc="160,80,266,-80,324,0,250,0" owari="240,-16.0,186,-31.0,324,42.0,250,5.0" /></mjloggm>