<mjloggm ver="2.3"><GO type="97" lobby="0"/><UN n0="%E9%BB%92%E5%B8%AF%E3%83%89%E3%83%A9%E3%82%B4%E3%83%B3" n1="%E8%B5%A4%E9%98%AA%E9%83%81%E4%B9%83" n2="%E5%B0%B1%E6%B4%BB%E7%94%9F%40%E5%B7%9D%E6%9D%91%E8%BB%8D%E5%9B%A3" n3="%E9%83%A1%E5%B1%B1%E7%83%88%E7%81%AB" dan="13,14,15,14" rate="1845.40,1849.43,2050.60,1956.91" sx="M,F,M,M"/><TAIKYOKU oya="0"/><INIT seed="0,0,0,4,0,94" ten="250,250,250,250" oya="0" hai0="36,84,53,91,40,62,34,121,43,29,83,74,112" hai1="96,124,32,28,97,98,135,118,79,71,59,51,110" hai2="37,13,70,86,54,113,14,17,47,134,31,15,106" hai3="3,87,39,103,117,104,114,44,10,24,16,85,130"/><T6/><D121/><U129/><E118/><V76/><F113/><W82/><G117/><T21/><D112/><U46/><E71/><V127/><F70/><W12/><G114/><T107/><D34/><U64/><E110/><V102/><F127/><W128/><G24/><T23/><D74/><U131/><E135/><V26/><F134/><W77/><G3/><T125/><D125/><U66/><E124/><V22/><F106/><W0/><G0/><T93/><D107/><U61/><E79/><V116/><F102/><W72/><G44/><T57/><D36/><U11/><E11/><V123/><F123/><W88/><G39/><T95/><D6/><U33/><E28/><V92/><F116/><W18/><G87/><T56/><D56/><U25/><E66/><V75/><F75/><W73/><G73/><T69/><D69/><U78/><E78/><V60/><F37/><W27/><G27/><N who="0" m="16623" /><D23/><U81/><E25/><V105/><F105/><W90/><G18/><T99/><D95/><U38/><E38/><V7/><F7/><W4/><G4/><T111/><D111/><U9/><E81/><N who="2" m="47399" /><F92/><N who="3" m="54287" /><G90/><AGARI ba="0,0" hai="40,43,53,57,62,83,84,90,91,93,99" m="16623" machi="90" ten="30,2900,0" yaku="8,1,52,1" doraHai="94" who="0" fromWho="3" sc="250,29,250,0,250,0,250,-29" /><INIT seed="0,1,0,1,5,117" ten="279,250,250,221" oya="0" hai0="33,125,68,86,90,72,26,110,65,23,115,129,127" hai1="91,98,79,81,124,104,66,134,108,87,105,113,73" hai2="4,57,22,15,14,112,43,50,21,100,121,51,41" hai3="29,1,119,75,45,120,97,58,77,64,103,10,128"/><T107/><D115/><U7/><E66/><V61/><F112/><W32/><G119/><T2/><D2/><U42/><E113/><V63/><F100/><W132/><G132/><T82/><D33/><U18/><E42/><N who="2" m="15883" /><F121/><W3/><G45/><T114/><D114/><U54/><E54/><V17/><F4/><W5/><G128/><T83/><D129/><U99/><E7/><V16/><F63/><W85/><G3/><T76/><D107/><N who="1" m="41035" /><E18/><V20/><F22/><W118/><G118/><T78/><D90/><U130/><E130/><V71/><F71/><W80/><G58/><T25/><D110/><U93/><E134/><V133/><F133/><W60/><G60/><N who="0" m="39975" /><D23/><U131/><E131/><V0/><F0/><W38/><G64/><AGARI ba="1,0" hai="14,15,16,17,20,21,50,51,57,61,64" m="15883" machi="64" ten="30,2000,0" yaku="8,1,54,1" doraHai="117" who="2" fromWho="3" sc="279,0,250,0,250,23,221,-23" /><INIT seed="1,0,0,0,4,113" ten="279,250,273,198" oya="1" hai0="62,135,64,8,115,97,81,132,94,80,38,33,101" hai1="36,90,53,17,1,65,19,48,49,131,40,52,58" hai2="73,123,2,91,50,28,127,107,83,12,56,79,128" hai3="126,105,68,133,20,63,100,4,18,124,119,6,37"/><U93/><E131/><V66/><F2/><W9/><G37/><T16/><D115/><U57/><E1/><V24/><F107/><W22/><G105/><T69/><D33/><U15/><E65/><V86/><F123/><W88/><G68/><T77/><D38/><U87/><REACH who="1" step="1"/><E15/><REACH who="1" ten="279,240,273,198" step="2"/><V42/><F128/><W7/><G133/><N who="0" m="51275" /><D77/><U29/><E29/><V103/><F12/><AGARI ba="0,1" hai="8,12,16,62,64,69,80,81,94,97,101" m="51275" machi="12" ten="30,2000,0" yaku="20,1,54,1" doraHai="113" who="0" fromWho="2" sc="279,30,240,0,273,-20,198,0" /><INIT seed="2,0,0,5,5,85" ten="309,240,253,198" oya="2" hai0="109,16,57,25,126,112,2,92,21,108,131,61,120" hai1="83,73,111,103,15,106,64,82,44,7,96,43,128" hai2="6,107,134,34,72,100,22,54,3,14,80,119,121" hai3="87,33,102,60,98,42,27,123,58,38,89,91,68"/><V53/><F34/><W129/><G123/><T127/><D120/><U24/><E111/><N who="0" m="42569" /><D112/><U4/><E128/><V49/><F3/><W84/><G68/><T124/><D2/><U74/><E64/><V101/><F107/><W97/><G38/><T36/><D36/><U23/><E74/><V76/><F134/><W9/><G42/><T69/><D69/><U47/><E47/><V50/><F119/><W67/><G129/><T116/><D116/><U19/><E73/><V70/><F70/><W66/><G9/><T35/><D35/><U79/><E79/><V90/><F90/><N who="3" m="34315" /><G33/><T133/><D131/><U46/><E46/><V41/><F41/><W10/><G10/><T93/><D133/><U86/><E4/><V48/><F121/><W114/><G27/><T52/><AGARI ba="0,0" hai="16,21,25,52,57,61,92,93,124,126,127" m="42569" machi="52" ten="40,8000,1" yaku="18,1,14,1,54,2" doraHai="85" who="0" fromWho="0" sc="309,80,240,-20,253,-40,198,-20" /><INIT seed="3,0,0,4,0,56" ten="389,220,213,178" oya="3" hai0="133,28,45,22,0,69,100,50,113,104,76,85,118" hai1="61,131,16,54,65,51,43,89,63,107,99,134,4" hai2="14,127,72,3,32,73,98,126,41,58,64,33,111" hai3="135,132,44,84,7,34,8,79,19,130,30,68,124"/><W37/><G68/><T17/><D113/><U12/><E134/><N who="3" m="51242" /><G124/><N who="2" m="47657" /><F111/><W60/><G130/><T110/><D133/><U121/><E131/><V94/><F3/><W9/><G37/><T103/><D110/><U86/><E121/><V88/><F41/><W105/><G105/><T75/><D0/><U108/><E65/><V66/><F14/><N who="3" m="7623" /><G44/><T53/><D75/><N who="2" m="28746" /><F58/><W47/><G47/><T21/><D118/><U48/><E108/><V40/><F40/><W117/><G117/><T35/><D35/><AGARI ba="0,0" hai="32,33,35,64,66,88,94,98" m="28746,47657" machi="35" ten="40,2600,0" yaku="18,1,54,1" doraHai="56" who="2" fromWho="0" sc="389,-26,220,0,213,26,178,0" owari="363,46.0,220,-18.0,239,4.0,178,-32.0" /></mjloggm>