<mjloggm ver="2.3"><GO type="225" lobby="0"/><UN n0="%52%65%6D%65%6D%62%65%72" n1="%53%65%6E%61%72" n2="%E9%87%98%E5%AE%AE%E7%97%85%E6%82%A3%E8%80%85" n3="%E3%83%88%E3%83%88%E3%83%AA%E5%85%88%E7%94%9F%31%39%E6%AD%B3" dan="16,17,16,18" rate="2085.86,2103.28,2204.20,2284.80" sx="M,M,F,F"/><TAIKYOKU oya="0"/><INIT seed="0,0,0,2,3,132" ten="250,250,250,250" oya="0" hai0="45,78,64,7,97,128,2,33,133,119,135,4,108" hai1="19,69,22,31,38,21,88,47,32,96,77,28,107" hai2="122,42,67,51,14,68,84,99,91,40,75,72,76" hai3="44,54,111,92,114,117,15,62,10,39,100,126,50"/><T24/><D119/><U34/><E69/><V109/><F122/><W23/><G117/><T36/><D128/><U37/><E77/><V35/><F35/><W30/><G114/><T120/><D120/><U70/><E70/><V112/><F112/><W56/><G111/><T60/><D78/><U66/><E66/><V13/><F99/><N who="3" m="59495" /><G39/><T9/><D97/><U93/><E107/><V118/><F118/><W134/><G134/><N who="0" m="51211" /><D108/><U123/><E123/><V115/><F115/><W89/><G126/><T0/><D60/><U73/><E73/><V102/><F102/><W17/><G89/><T110/><D64/><U52/><E37/><V106/><F106/><W101/><G101/><T18/><D110/><U3/><E3/><N who="0" m="1065" /><D45/><U85/><E96/><V86/><F109/><W116/><G116/><T113/><D36/><U105/><E105/><V130/><F130/><W121/><G121/><T103/><D103/><U49/><E38/><V125/><F76/><W29/><G10/><T55/><D55/><AGARI ba="0,0" hai="15,17,23,29,30,44,50,54,55,56,62" m="59495" machi="55" ten="30,1000,0" yaku="8,1" doraHai="132" who="3" fromWho="0" sc="250,-10,250,0,250,0,250,10" /><INIT seed="1,0,0,3,1,92" ten="240,250,250,260" oya="1" hai0="114,105,36,65,134,56,71,67,84,25,112,131,6" hai1="127,7,102,58,32,23,109,126,42,133,116,38,77" hai2="64,44,40,68,3,5,50,37,135,59,96,61,132" hai3="128,48,115,89,117,52,43,107,87,63,81,85,79"/><U14/><E116/><V76/><F76/><W69/><G115/><T1/><D105/><U20/><E32/><V60/><F96/><W113/><G113/><T55/><D36/><U129/><E133/><N who="2" m="51275" /><F5/><W24/><G117/><T29/><D134/><U10/><E129/><V57/><F3/><W80/><G128/><T111/><D111/><U120/><E120/><V86/><F86/><W74/><G107/><T122/><D122/><U62/><E77/><V41/><F61/><W21/><G43/><T9/><D131/><U103/><E109/><V72/><F72/><W130/><G130/><T27/><D27/><U90/><E90/><V8/><F8/><W123/><G123/><T15/><D1/><U78/><E78/><V31/><F31/><W53/><G74/><T125/><D125/><N who="1" m="47627" /><E103/><V118/><F118/><W83/><G83/><T99/><D99/><U30/><E102/><V49/><F49/><W2/><G2/><T82/><D71/><U0/><E30/><V121/><F121/><W26/><G48/><N who="0" m="30823" /><D114/><U91/><E91/><V16/><F16/><N who="3" m="12327" /><G69/><T95/><D112/><U97/><E97/><V101/><F101/><W93/><G63/><T11/><D11/><U75/><E75/><V19/><F19/><W108/><G108/><T33/><D82/><U119/><E119/><V18/><F18/><W106/><G106/><T4/><D4/><U124/><E0/><V13/><F13/><W22/><G81/><T51/><D51/><U35/><E35/><V12/><F12/><W70/><G70/><T47/><D47/><AGARI ba="0,0" hai="37,40,41,44,47,50,57,59,60,64,68" m="51275" machi="47" ten="30,3900,0" yaku="20,1,34,2" doraHai="92" who="2" fromWho="0" sc="240,-39,250,0,250,39,260,0" /><INIT seed="2,0,0,3,5,111" ten="201,250,289,260" oya="2" hai0="41,6,126,102,44,42,35,105,133,91,99,28,92" hai1="23,116,36,72,79,132,77,65,24,119,112,66,64" hai2="124,84,128,104,117,40,37,26,78,43,118,129,52" hai3="4,74,57,8,9,33,96,125,46,18,88,75,25"/><V94/><F104/><W56/><G125/><T70/><D70/><U100/><E36/><V60/><F26/><W97/><G46/><T38/><D126/><U122/><E132/><V114/><F124/><W68/><G68/><T61/><D133/><U14/><E122/><V27/><F27/><W93/><G97/><T86/><D41/><N who="2" m="15946" /><F37/><W5/><G74/><T113/><D113/><U110/><E110/><V115/><F78/><W55/><G75/><T7/><D28/><U29/><E112/><N who="2" m="43051" /><F84/><W3/><G55/><T127/><D127/><U54/><E100/><V53/><F94/><W103/><G103/><T39/><D38/><U101/><E101/><V63/><F63/><W20/><G33/><T59/><REACH who="0" step="1"/><D35/><REACH who="0" ten="191,250,289,260" step="2"/><U45/><E29/><V19/><F117/><W15/><AGARI ba="0,1" hai="3,4,5,8,9,15,18,20,25,56,57,88,93,96" machi="15" ten="20,2700,0" yaku="0,1,7,1,54,1" doraHai="111" who="3" fromWho="3" sc="191,-7,250,-7,289,-13,260,37" /><INIT seed="3,0,0,3,4,117" ten="184,243,276,297" oya="3" hai0="6,40,48,52,13,131,84,71,21,111,70,17,78" hai1="83,116,93,60,98,106,105,45,85,123,19,42,92" hai2="36,32,76,59,50,47,27,41,108,89,63,12,90" hai3="7,62,114,99,82,121,126,69,91,64,134,75,88"/><W67/><G114/><T38/><D111/><U68/><E116/><V103/><F108/><W74/><G121/><T56/><D131/><U15/><E123/><V29/><F76/><W3/><G134/><T97/><D97/><U37/><E93/><V35/><F35/><W127/><G67/><T31/><D31/><U18/><E18/><V129/><F129/><W102/><G7/><T79/><D6/><U133/><E133/><V125/><F125/><N who="3" m="47627" /><G3/><T124/><D124/><U54/><E54/><V9/><F103/><W51/><G51/><T20/><D20/><U119/><E119/><V109/><F36/><W107/><G82/><T14/><D14/><U11/><E60/><V4/><F109/><W86/><G86/><T24/><D24/><U25/><E25/><V43/><F43/><W87/><G87/><T72/><D72/><AGARI ba="0,0" hai="62,64,69,72,74,75,88,91,99,102,107" m="47627" machi="72" ten="30,2900,0" yaku="18,1,54,1" doraHai="117" who="3" fromWho="0" sc="184,-29,243,0,276,0,297,29" owari="155,-34.0,243,-16.0,276,8.0,326,42.0" /></mjloggm>