<mjloggm ver="2.3"><GO type="169" lobby="0"/><UN n0="%E3%82%B8%E3%82%A7%E3%83%B3%E3%83%88" n1="%E3%83%94%E3%83%A8%E3%83%AA%67" n2="%E3%82%88%E3%81%86%E3%81%B8%E3%83%BC%58" n3="%E3%82%A6%E3%83%AB%E3%83%88%E3%83%A9%E7%AB%8B%E7%9B%B4" dan="16,16,16,17" rate="2044.58,2095.33,2021.40,2193.41" sx="M,M,M,M"/><TAIKYOKU oya="0"/><INIT seed="0,0,0,3,5,97" ten="250,250,250,250" oya="0" hai0="68,103,38,43,3,108,134,84,130,74,50,16,2" hai1="110,100,36,75,33,32,118,55,124,34,17,60,57" hai2="42,91,54,78,113,20,72,21,120,61,98,86,46" hai3="104,94,1,6,105,88,41,53,22,52,30,51,135"/><T133/><D68/><U25/><E36/><V128/><F120/><W11/><G135/><N who="0" m="51723" /><D74/><U29/><E75/><V59/><F113/><W24/><G41/><T81/><D38/><U123/><E123/><V62/><F128/><W28/><G28/><T99/><D130/><U82/><E118/><V107/><F62/><W63/><G63/><T79/><D108/><U93/><E110/><V31/><F31/><W5/><G5/><T96/><D96/><U129/><E129/><V89/><F78/><W10/><G10/><T119/><D119/><U4/><E124/><V27/><F72/><W40/><G40/><T73/><D73/><U15/><E4/><V64/><F64/><W102/><G102/><T18/><D43/><U12/><E82/><V37/><F27/><W132/><G132/><T69/><D69/><U80/><E80/><V35/><F35/><W112/><G112/><T122/><D50/><U109/><E109/><V126/><F126/><W0/><G0/><N who="0" m="43" /><D122/><U45/><E45/><V56/><F56/><W125/><G125/><T92/><AGARI ba="0,0" hai="16,18,79,81,84,92,99,103" m="43,51723" machi="92" ten="30,6000,0" yaku="20,1,52,1,54,1" doraHai="97" who="0" fromWho="0" sc="250,60,250,-20,250,-20,250,-20" /><INIT seed="0,1,0,2,2,75" ten="310,230,230,230" oya="0" hai0="118,83,91,16,29,40,19,51,52,102,77,131,1" hai1="89,44,46,124,80,100,104,125,96,20,23,67,109" hai2="6,128,88,123,33,57,122,34,31,66,3,28,101" hai3="112,110,115,106,85,132,103,121,17,27,39,72,35"/><T68/><D1/><U49/><E109/><V13/><F101/><W9/><G85/><N who="0" m="48367" /><D68/><U58/><E67/><V108/><F108/><W15/><G103/><T129/><D118/><U97/><E58/><V4/><F66/><W111/><G27/><T50/><D29/><U69/><E69/><V38/><F57/><W18/><G15/><T133/><D102/><U71/><E71/><V24/><F88/><W60/><G9/><T119/><D119/><U41/><E46/><V8/><F38/><W48/><G48/><T55/><D133/><U37/><E37/><V127/><F127/><N who="1" m="48713" /><E80/><V84/><F84/><W94/><G60/><T26/><D40/><U92/><AGARI ba="1,0" hai="20,23,41,44,49,89,92,96,97,100,104" m="48713" machi="92" ten="30,1100,0" yaku="18,1" doraHai="75" who="1" fromWho="1" sc="310,-6,230,14,230,-4,230,-4" /><INIT seed="1,0,0,3,0,84" ten="304,244,226,226" oya="1" hai0="97,113,48,112,54,39,53,128,78,66,116,11,42" hai1="21,73,132,25,82,63,74,64,114,120,31,7,43" hai2="83,102,94,91,32,135,126,100,98,59,115,57,40" hai3="17,37,68,13,4,81,61,109,55,14,79,27,130"/><U2/><E120/><V76/><F32/><W60/><G130/><T90/><D78/><U49/><E114/><V105/><F115/><W110/><G37/><T62/><D116/><U15/><E2/><V96/><F135/><W117/><G117/><T34/><D34/><U127/><E132/><V107/><F126/><W93/><G27/><T71/><D128/><U1/><E1/><V133/><F40/><W41/><G41/><T24/><D11/><U108/><E127/><V35/><F35/><W5/><G93/><N who="0" m="56503" /><D24/><U125/><E125/><V44/><F44/><W9/><G68/><T47/><D54/><U38/><E38/><V99/><REACH who="2" step="1"/><F133/><REACH who="2" ten="304,244,216,226" step="2"/><W33/><G33/><T88/><D113/><U30/><E43/><V29/><F29/><W69/><G110/><T119/><D112/><U103/><E31/><V18/><F18/><W104/><G17/><T65/><D119/><U45/><E108/><V23/><F23/><W70/><G109/><T129/><D129/><U51/><E45/><V134/><F134/><W0/><G9/><T87/><D39/><U3/><E21/><V75/><AGARI ba="0,1" hai="57,59,75,76,83,91,94,96,98,99,100,102,105,107" machi="75" ten="20,8000,1" yaku="1,1,0,1,7,1,9,1,52,1,53,0" doraHai="84" doraHaiUra="22" who="2" fromWho="2" sc="304,-20,244,-40,216,90,226,-20" /><INIT seed="2,0,0,1,2,117" ten="284,204,306,206" oya="2" hai0="76,8,28,69,71,5,41,122,99,79,96,126,66" hai1="131,113,42,121,102,18,92,91,63,22,78,14,116" hai2="52,110,73,20,94,118,90,75,87,112,46,105,129" hai3="16,77,38,10,134,23,7,86,6,47,53,12,133"/><V111/><F118/><W36/><G6/><T34/><D8/><U100/><E116/><V25/><F112/><W19/><G19/><T51/><D51/><U120/><E113/><V9/><F105/><W15/><G53/><T83/><D83/><U45/><E78/><V13/><F129/><W85/><G77/><T67/><D28/><U74/><E74/><V1/><F1/><W130/><G130/><T37/><D34/><U4/><E63/><V104/><F104/><W72/><G72/><T65/><D65/><U95/><E4/><N who="2" m="3239" /><F46/><W29/><G29/><T40/><D5/><U3/><E3/><V109/><F52/><W84/><REACH who="3" step="1"/><G47/><REACH who="3" ten="284,204,306,196" step="2"/><T81/><D79/><U80/><E131/><V115/><F115/><W48/><G48/><T123/><D76/><U31/><E31/><AGARI ba="0,1" hai="20,25,31,73,75,87,90,94,109,110,111" m="3239" machi="31" ten="30,2900,0" yaku="14,1,10,1" doraHai="117" who="2" fromWho="1" sc="284,0,204,-29,306,39,196,0" /><INIT seed="2,1,0,0,3,67" ten="284,175,345,196" oya="2" hai0="133,29,32,25,129,76,30,41,48,123,74,59,98" hai1="38,68,39,135,130,77,64,95,11,42,58,119,90" hai2="20,53,106,63,51,109,125,18,71,49,81,124,47" hai3="46,112,89,134,60,2,131,43,122,6,5,102,65"/><V17/><F106/><W117/><G122/><T16/><D30/><U73/><E119/><V75/><F109/><W37/><G117/><T62/><D133/><U120/><E135/><V91/><F51/><W61/><G134/><T35/><D123/><U22/><E120/><V104/><F104/><W111/><G111/><T126/><D126/><N who="2" m="48746" /><F20/><W116/><G116/><T3/><D3/><U27/><E130/><V50/><F50/><W24/><G131/><T115/><D115/><U97/><E58/><V28/><F28/><W83/><G112/><T21/><D129/><U14/><E42/><V4/><F4/><W13/><G102/><T34/><D76/><U92/><E77/><N who="2" m="44223" /><F91/><W33/><G6/><T23/><D74/><U54/><E73/><V57/><F71/><W52/><G5/><T105/><D23/><U44/><E39/><V127/><N who="2" m="48754" /><V8/><DORA hai="82" /><F8/><W85/><G33/><T7/><D29/><U26/><E22/><V96/><F96/><W114/><G114/><T31/><D7/><N who="1" m="3455" /><E38/><V55/><AGARI ba="1,0" hai="17,18,47,49,53,55,57,63" m="44223,48754" machi="55" ten="40,2100,0" yaku="18,1" doraHai="67,82" who="2" fromWho="2" sc="284,-8,175,-8,345,24,196,-8" /><INIT seed="2,2,0,2,2,54" ten="276,167,369,188" oya="2" hai0="125,33,1,55,28,114,100,44,117,95,18,77,36" hai1="42,79,110,99,103,132,27,102,111,98,35,30,133" hai2="46,45,14,31,128,119,63,80,0,123,34,135,120" hai3="40,87,81,106,113,10,84,73,104,50,12,19,58"/><V127/><F119/><W131/><G131/><T15/><D114/><U107/><E42/><V88/><F128/><W49/><G113/><T94/><D1/><U68/><E79/><V93/><F0/><W112/><G112/><T64/><D117/><U62/><E103/><V22/><F34/><W72/><G106/><T89/><D64/><U51/><E51/><V59/><F80/><W78/><G104/><T92/><D77/><U121/><E99/><V56/><F135/><N who="1" m="51785" /><E121/><V29/><F127/><W47/><G87/><T101/><D125/><U2/><E2/><V24/><F31/><W76/><G76/><T97/><D28/><U115/><E115/><V105/><F105/><W23/><G23/><T122/><D122/><U60/><E60/><V20/><F123/><W126/><G126/><T108/><D33/><U116/><E116/><V13/><F120/><W67/><REACH who="3" step="1"/><G50/><REACH who="3" ten="276,167,369,178" step="2"/><T11/><D36/><U86/><E86/><N who="2" m="52375" /><F22/><W8/><G8/><T109/><D11/><U3/><E3/><V74/><F74/><W39/><G39/><T90/><D101/><U9/><E9/><V41/><F63/><AGARI ba="2,1" hai="10,12,19,40,47,49,58,63,67,72,73,78,81,84" machi="63" ten="40,5200,0" yaku="1,1,52,1,53,1" doraHai="54" doraHaiUra="4" who="3" fromWho="2" sc="276,0,167,0,369,-58,178,68" /><INIT seed="3,0,0,0,2,82" ten="276,167,311,246" oya="3" hai0="21,75,44,128,10,121,130,102,85,64,73,33,90" hai1="0,40,7,2,12,46,107,105,35,25,65,133,112" hai2="91,135,45,52,88,62,76,124,101,68,81,134,29" hai3="5,109,78,115,123,53,104,94,19,79,80,1,9"/><W89/><G123/><T4/><D33/><U71/><E112/><V16/><F124/><W24/><G115/><T106/><D121/><U93/><E133/><N who="2" m="50699" /><F29/><W127/><G104/><N who="1" m="40010" /><E12/><V92/><F68/><W87/><G127/><T13/><D64/><U36/><E93/><V54/><F101/><W51/><G109/><T59/><D59/><U116/><E7/><V86/><F62/><W15/><G24/><T58/><D58/><U96/><E96/><N who="2" m="57351" /><F45/><W67/><G67/><T49/><D21/><U50/><E116/><V118/><F118/><W22/><REACH who="3" step="1"/><G80/><REACH who="3" ten="276,167,311,236" step="2"/><N who="0" m="49447" /><D106/><U132/><E132/><V63/><F63/><W57/><AGARI ba="0,1" hai="1,5,9,15,19,22,51,53,57,78,79,87,89,94" machi="57" ten="20,24000,3" yaku="1,1,0,1,7,1,25,2,52,1,53,2" doraHai="82" doraHaiUra="74" who="3" fromWho="3" sc="276,-80,167,-80,311,-80,236,250" /><INIT seed="3,1,0,4,3,113" ten="196,87,231,486" oya="3" hai0="48,111,127,60,41,91,119,32,129,6,96,68,10" hai1="72,39,62,89,27,57,71,81,117,45,132,86,115" hai2="30,34,3,92,97,93,37,42,51,23,105,126,98" hai3="112,4,20,83,16,120,22,134,21,12,53,116,67"/><W52/><G120/><T123/><D32/><U43/><E115/><V36/><F34/><W14/><G112/><T31/><D123/><U47/><E132/><V110/><F3/><W54/><G134/><T103/><D31/><U64/><E72/><V88/><F105/><W104/><G104/><T73/><D73/><U63/><E47/><V28/><F110/><W131/><G131/><T38/><D38/><U79/><E27/><V33/><F33/><W5/><G116/><T121/><D111/><U15/><E15/><V26/><F126/><W87/><G67/><T106/><D127/><U118/><REACH who="1" step="1"/><E79/><REACH who="1" ten="196,77,231,486" step="2"/><V49/><F36/><W1/><G1/><T122/><D121/><U102/><E102/><V125/><F125/><W66/><G14/><T18/><D122/><U74/><E74/><V2/><F2/><W0/><G0/><T130/><D129/><U114/><E114/><V35/><F37/><W77/><G66/><AGARI ba="1,1" hai="39,43,45,57,62,63,64,66,71,81,86,89,117,118" machi="66" ten="40,8000,1" yaku="1,1,52,2,53,2" doraHai="113" doraHaiUra="56" who="1" fromWho="3" sc="196,0,77,93,231,0,486,-83" /><INIT seed="4,0,0,5,0,126" ten="196,170,231,403" oya="0" hai0="12,78,106,69,62,47,49,11,86,103,5,66,118" hai1="98,21,104,51,73,48,53,92,85,96,61,19,87" hai2="72,102,71,133,120,10,128,64,44,16,112,110,122" hai3="84,42,27,23,74,14,116,131,88,130,31,55,124"/><T109/><D118/><U57/><E73/><V18/><F72/><W77/><G116/><T134/><D134/><U67/><E104/><V83/><F110/><W46/><G55/><T26/><D109/><U28/><E51/><V114/><F83/><W127/><G14/><T115/><D115/><N who="2" m="44074" /><F133/><W59/><G59/><T100/><D106/><U97/><E28/><V108/><F108/><W50/><G77/><T80/><REACH who="0" step="1"/><D26/><REACH who="0" ten="186,170,231,403" step="2"/><U52/><E92/><V32/><F120/><W20/><G127/><T68/><D68/><U89/><E89/><V107/><F122/><W37/><G27/><T99/><D99/><U8/><E98/><V79/><F79/><W1/><G88/><T13/><D13/><N who="1" m="7591" /><E97/><V56/><F107/><W65/><G124/><T93/><D93/><U41/><E96/><V60/><F71/><W33/><G1/><T7/><D7/><U125/><E125/><V135/><F135/><W35/><G74/><T39/><D39/><U3/><E3/><V90/><F90/><W17/><G37/><T101/><D101/><U15/><E87/><V117/><F102/><W45/><G84/><T25/><D25/><U2/><E2/><V70/><F117/><W9/><G35/><T81/><D81/><U113/><E85/><V121/><F32/><W30/><G33/><T111/><D111/><U58/><E113/><V132/><F121/><W95/><G95/><T123/><D123/><U91/><E15/><V105/><F105/><W63/><G23/><T29/><D29/><U94/><E21/><V43/><F132/><W38/><G20/><T36/><D36/><RYUUKYOKU ba="0,1" sc="186,30,170,-10,231,-10,403,-10" hai0="5,11,12,47,49,62,66,69,78,80,86,100,103" /><INIT seed="4,1,1,5,2,53" ten="216,160,221,393" oya="0" hai0="91,37,45,81,114,38,111,17,1,135,76,109,121" hai1="24,6,82,49,112,4,16,46,18,43,54,122,50" hai2="65,83,117,101,8,27,125,51,0,13,128,93,105" hai3="80,106,103,61,67,119,35,104,77,41,99,70,26"/><T116/><D121/><U11/><E122/><V87/><F105/><N who="3" m="63743" /><G41/><T62/><D1/><U21/><E112/><V14/><F0/><W123/><G119/><T5/><D116/><U2/><E82/><V97/><F117/><W90/><G90/><T12/><D5/><U113/><E113/><V94/><F128/><W36/><G36/><T79/><D114/><U48/><E6/><V100/><F125/><W118/><G118/><T84/><D62/><U68/><E68/><V23/><F65/><W29/><G123/><T98/><D79/><U56/><REACH who="1" step="1"/><E18/><REACH who="1" ten="216,150,221,393" step="2"/><V3/><F83/><W89/><G89/><T72/><D91/><U69/><E69/><V78/><F78/><W133/><G133/><T25/><D135/><U15/><E15/><V92/><F3/><W95/><G95/><T66/><D12/><N who="2" m="4714" /><F8/><W59/><G80/><T47/><D72/><U34/><E34/><V131/><F93/><W44/><G77/><T126/><D126/><U52/><E52/><V32/><F32/><W115/><G115/><T127/><D127/><U58/><E58/><V10/><F10/><W33/><G33/><T120/><D120/><U134/><E134/><V73/><F73/><W19/><G59/><T63/><D76/><U64/><E64/><V107/><F107/><W20/><G44/><T96/><D81/><U108/><E108/><V7/><F7/><W40/><G40/><T88/><D66/><U75/><E75/><V22/><F94/><W110/><G110/><T55/><D45/><U31/><E31/><V102/><F92/><W28/><G28/><T30/><D30/><RYUUKYOKU ba="1,2" sc="216,-15,150,15,221,-15,393,15" hai1="2,4,11,16,21,24,43,46,48,49,50,54,56" hai3="19,20,26,29,35,61,67,70,104,106" /><INIT seed="5,2,2,3,5,44" ten="201,165,206,408" oya="1" hai0="89,20,122,29,19,131,84,90,31,85,41,121,117" hai1="30,3,128,113,95,4,79,49,48,78,82,135,70" hai2="16,47,57,50,109,115,118,125,32,59,9,69,68" hai3="104,2,133,11,25,97,87,111,105,26,102,28,71"/><U132/><E70/><N who="2" m="27243" /><F32/><W119/><G26/><N who="0" m="14623" /><D41/><U72/><E113/><V58/><F118/><W83/><G11/><T8/><D117/><U18/><E30/><N who="0" m="11273" /><D8/><U37/><E37/><V129/><F16/><W39/><G87/><N who="0" m="33355" /><D131/><U13/><E128/><V51/><F9/><W27/><G83/><T93/><D93/><U60/><E4/><V5/><F5/><W66/><G102/><T112/><D112/><U61/><E3/><V34/><F34/><W101/><G97/><T116/><D116/><U74/><E95/><V130/><F115/><W86/><G86/><T21/><D21/><U35/><E35/><V24/><F24/><W63/><G66/><T52/><D52/><U56/><E18/><V77/><F77/><W88/><G27/><T14/><D14/><U96/><E13/><V36/><F109/><W43/><G25/><T75/><D75/><U53/><E96/><V98/><F98/><W100/><G101/><T120/><AGARI ba="2,2" hai="89,90,120,121,122" m="33355,11273,14623" machi="120" ten="40,1500,0" yaku="13,1" doraHai="44" who="0" fromWho="0" sc="201,41,165,-9,206,-6,408,-6" /><INIT seed="6,0,0,0,4,29" ten="242,156,200,402" oya="2" hai0="99,119,81,44,106,133,14,95,77,63,24,6,23" hai1="66,62,87,32,118,28,65,51,35,93,78,4,121" hai2="41,39,86,131,60,102,129,108,53,9,45,116,19" hai3="92,2,15,126,30,101,113,100,76,80,12,27,43"/><V54/><F116/><W98/><G2/><T83/><D106/><U0/><E118/><V34/><F108/><W112/><G126/><T104/><D104/><U125/><E121/><V25/><F102/><W56/><G43/><T5/><D133/><U85/><E125/><V117/><F117/><W73/><G56/><T58/><D119/><U123/><E123/><V36/><F36/><W47/><G47/><T22/><D44/><U132/><E132/><V88/><F60/><W110/><G101/><T127/><D127/><U40/><E28/><N who="2" m="19727" /><F9/><W75/><G75/><T3/><D3/><U89/><E66/><V94/><F19/><W11/><G110/><T38/><D38/><U97/><E4/><V134/><F134/><W26/><G26/><T91/><D14/><U33/><E0/><V7/><F7/><N who="0" m="2570" /><D77/><U96/><E78/><V31/><F31/><W64/><G64/><N who="0" m="39031" /><D23/><U79/><E79/><V13/><F13/><W50/><G50/><T18/><AGARI ba="0,0" hai="18,22,24,81,83,91,95,99" m="39031,2570" machi="18" ten="30,1100,0" yaku="8,1" doraHai="29" who="0" fromWho="0" sc="242,11,156,-3,200,-5,402,-3" /><INIT seed="7,0,0,0,3,120" ten="253,153,195,399" oya="3" hai0="68,76,22,106,20,103,75,15,53,91,6,23,128" hai1="2,72,55,44,42,112,10,87,92,113,24,12,45" hai2="107,81,116,117,74,100,25,61,80,51,105,54,13" hai3="59,35,129,39,93,70,63,85,43,30,8,60,9"/><W32/><G9/><T115/><D68/><U132/><E72/><V52/><F25/><W133/><G8/><N who="0" m="4503" /><D106/><U110/><E2/><V111/><F13/><W1/><G59/><T82/><D75/><U130/><E130/><V57/><F74/><W3/><G93/><T134/><D103/><U77/><E132/><V124/><F111/><W27/><G63/><T4/><D4/><U58/><E24/><V47/><F124/><W104/><G43/><T119/><D119/><U123/><E123/><V69/><F69/><W48/><G60/><T28/><D76/><U33/><E33/><V90/><F107/><W66/><G133/><T46/><D115/><U29/><E29/><V78/><F78/><W67/><G30/><T65/><D65/><U7/><E45/><V56/><F47/><W88/><G67/><T19/><D28/><U11/><E11/><V37/><F37/><W21/><G39/><T89/><D82/><U18/><E18/><V64/><F64/><W26/><G104/><T121/><D121/><U41/><E41/><V16/><F16/><W99/><G66/><T114/><D134/><U31/><E31/><V79/><F117/><W108/><G1/><T83/><D19/><U34/><E34/><V71/><F71/><W14/><G70/><T126/><D126/><U101/><E101/><V96/><F116/><W5/><G14/><T86/><D46/><U135/><E135/><V125/><F125/><W109/><G26/><T36/><D36/><U84/><E110/><V38/><F38/><W122/><G108/><T127/><D127/><U73/><E73/><RYUUKYOKU ba="0,0" sc="253,0,153,0,195,0,399,0" owari="253,5.0,153,-35.0,195,-20.0,399,50.0" /></mjloggm>