<mjloggm ver="2.3"><GO type="169" lobby="0"/><UN n0="%6B%61%69%2D%6B%75%6E" n1="%E3%83%8C%E3%83%83%E3%83%97" n2="%E6%AD%A6%E8%A3%85%E5%95%86%E8%88%B9%E5%9B%A3" n3="%E3%82%A6%E3%83%AB%E3%83%88%E3%83%A9%E7%AB%8B%E7%9B%B4" dan="16,17,17,17" rate="2066.61,2163.05,2217.00,2139.54" sx="M,M,M,M"/><TAIKYOKU oya="0"/><INIT seed="0,0,0,5,5,47" ten="250,250,250,250" oya="0" hai0="52,13,10,69,114,71,24,27,67,118,25,84,97" hai1="28,83,35,130,133,102,6,100,79,117,53,131,38" hai2="81,1,50,90,4,73,112,89,51,82,105,44,74" hai3="126,95,22,36,12,110,96,113,19,75,7,134,30"/><T41/><D118/><U99/><E38/><V68/><F112/><W135/><G75/><T2/><D114/><U5/><E117/><V17/><F105/><W56/><G36/><T26/><D2/><U21/><E35/><V43/><F68/><W55/><G110/><T34/><D41/><U64/><E64/><V101/><F101/><W115/><G30/><T39/><D39/><U14/><E133/><N who="3" m="50698" /><G7/><T15/><D67/><U119/><E119/><V85/><F17/><W29/><G29/><T72/><D72/><U49/><E102/><V37/><F74/><W23/><G23/><T46/><D97/><U45/><E83/><V109/><F109/><W57/><G57/><T87/><D34/><U65/><E79/><N who="2" m="44271" /><F90/><N who="3" m="55415" /><G126/><T59/><D46/><U129/><E65/><V31/><F31/><W104/><G104/><T80/><D15/><U8/><E28/><V127/><F127/><W62/><AGARI ba="0,0" hai="12,19,22,55,56,62,113,115" m="55415,50698" machi="62" ten="30,1100,0" yaku="20,1" doraHai="47" who="3" fromWho="3" sc="250,-5,250,-3,250,-3,250,11" /><INIT seed="1,0,0,4,3,134" ten="245,247,247,261" oya="1" hai0="5,26,116,67,109,8,89,3,43,99,120,79,24" hai1="102,54,40,108,41,115,51,128,118,88,34,56,10" hai2="110,0,121,80,49,2,12,20,36,94,52,47,69" hai3="15,130,37,25,74,7,4,19,30,96,113,103,104"/><U38/><E118/><V32/><F121/><W44/><G74/><T21/><D116/><U17/><E34/><V60/><F32/><W92/><G113/><T101/><D120/><U11/><E115/><V70/><F110/><W135/><G130/><T123/><D123/><U124/><E128/><V1/><F36/><W57/><G135/><T78/><D26/><U90/><E102/><V23/><F94/><W126/><G44/><T71/><D43/><U106/><E106/><V83/><F12/><W55/><G37/><T129/><D89/><N who="1" m="34411" /><E38/><V111/><F111/><W45/><G45/><T93/><D109/><U97/><E97/><V127/><F127/><W18/><G126/><T33/><D33/><U53/><E124/><V6/><F6/><W114/><G104/><T100/><D100/><U119/><E119/><V133/><F133/><W68/><G68/><T50/><D50/><N who="1" m="30775" /><E108/><V29/><F70/><W76/><G76/><T16/><REACH who="0" step="1"/><D129/><REACH who="0" ten="235,247,247,261" step="2"/><U72/><E72/><V132/><F132/><W95/><G114/><T42/><D42/><N who="1" m="16491" /><E17/><V122/><F122/><W61/><G18/><T58/><D58/><AGARI ba="0,1" hai="10,11,51,54,58" m="16491,30775,34411" machi="58" ten="30,2900,0" yaku="8,1,54,1" doraHai="134" who="1" fromWho="0" sc="235,-29,247,39,247,0,261,0" /><INIT seed="1,1,0,0,3,17" ten="206,286,247,261" oya="1" hai0="33,16,97,105,63,90,125,24,66,43,116,25,30" hai1="123,111,132,117,110,89,12,45,62,10,38,20,114" hai2="71,87,93,57,52,21,83,51,65,19,113,115,8" hai3="95,34,82,6,120,121,68,75,39,126,15,58,32"/><U46/><E123/><V69/><F8/><W104/><G68/><T88/><D43/><U59/><E117/><V40/><F40/><W128/><G104/><T47/><D47/><U13/><E114/><N who="2" m="43531" /><F65/><W37/><G95/><T48/><D48/><U107/><E107/><V85/><F85/><W135/><G15/><T73/><D73/><U91/><E38/><V134/><F134/><W44/><G6/><T42/><D42/><U84/><E132/><V2/><F2/><W94/><G44/><T129/><D129/><U77/><E77/><V0/><F0/><W56/><G94/><T49/><D49/><U80/><E91/><N who="2" m="53503" /><F83/><W108/><G82/><T131/><D125/><U28/><E110/><V127/><F127/><W106/><G106/><T100/><D131/><U36/><E36/><V109/><F109/><W50/><G108/><T81/><D81/><U11/><E11/><V53/><F53/><W98/><G126/><T1/><D1/><U27/><E111/><V92/><F92/><W79/><G135/><T54/><D54/><N who="1" m="34167" /><E12/><AGARI ba="1,0" hai="12,19,21,51,52,57,69,71" m="53503,43531" machi="12" ten="30,7700,0" yaku="25,1,11,1,52,1,54,1" doraHai="17" who="2" fromWho="1" sc="206,0,286,-80,247,80,261,0" /><INIT seed="2,0,0,1,1,81" ten="206,206,327,261" oya="2" hai0="103,84,10,113,41,54,102,9,101,8,83,114,65" hai1="95,60,38,122,64,33,51,29,63,12,28,85,27" hai2="79,71,19,130,98,105,123,78,14,80,91,20,24" hai3="90,112,37,48,31,116,30,39,76,15,16,49,52"/><V35/><F123/><W22/><G116/><T32/><D32/><U134/><E122/><V3/><F130/><W127/><G112/><T89/><D65/><U50/><E38/><V87/><F71/><W23/><G127/><T115/><D41/><U118/><E118/><V124/><F124/><W55/><G76/><T132/><D54/><U13/><E134/><AGARI ba="0,0" hai="8,9,10,83,84,89,101,102,103,113,114,115,132,134" machi="134" ten="50,6400,0" yaku="29,2,52,1" doraHai="81" who="0" fromWho="1" sc="206,64,206,-64,327,0,261,0" /><INIT seed="3,0,0,3,1,30" ten="270,142,327,261" oya="3" hai0="81,51,135,127,59,95,112,43,24,38,34,18,40" hai1="11,80,109,121,128,77,83,16,64,8,70,56,118" hai2="32,74,23,75,125,2,47,71,73,82,123,108,6" hai3="101,72,53,98,31,134,44,20,63,85,4,89,39"/><W117/><G72/><T48/><D40/><U67/><E121/><V66/><F123/><W61/><G117/><T76/><D127/><U111/><E118/><V78/><F125/><W54/><G4/><T50/><D135/><U97/><E128/><V68/><F108/><N who="1" m="41545" /><E70/><V22/><F32/><W124/><G134/><T26/><D95/><U96/><E56/><V60/><F71/><W9/><G9/><N who="1" m="3658" /><E16/><V105/><F6/><W102/><G39/><T116/><D18/><U130/><E130/><V36/><F2/><W37/><G37/><T28/><D24/><U104/><E104/><V84/><REACH who="2" step="1"/><F105/><REACH who="2" ten="270,142,317,261" step="2"/><W62/><G124/><T106/><D106/><U15/><E15/><V1/><F1/><W113/><G113/><T91/><D116/><U132/><E132/><V3/><F3/><W58/><G20/><T25/><D112/><U52/><E52/><V17/><F17/><W114/><G114/><T92/><D43/><AGARI ba="0,1" hai="22,23,36,43,47,60,66,68,73,74,75,78,82,84" machi="43" ten="40,1300,0" yaku="1,1,53,0" doraHai="30" doraHaiUra="7" who="2" fromWho="0" sc="270,-13,142,0,317,23,261,0" /><INIT seed="4,0,0,4,4,132" ten="257,142,340,261" oya="0" hai0="31,123,50,63,97,70,124,98,48,128,82,110,129" hai1="36,106,60,3,73,102,80,24,14,127,42,41,68" hai2="23,51,30,47,92,27,113,116,89,88,54,25,76" hai3="18,7,100,10,69,86,0,58,117,43,111,108,71"/><T33/><D123/><U84/><E73/><V59/><F113/><W35/><G117/><T22/><D110/><U83/><E3/><V56/><F116/><W49/><G35/><T2/><D2/><U26/><E106/><V6/><F76/><W94/><G18/><T28/><D33/><U135/><E102/><V120/><F120/><W1/><G1/><T74/><D74/><U101/><E101/><V11/><F25/><W107/><G107/><T119/><D82/><U118/><E118/><V103/><F103/><W15/><G0/><T40/><D119/><U131/><E131/><V52/><F92/><W85/><G86/><T38/><D38/><U81/><E84/><V75/><F75/><W133/><G133/><T29/><D22/><U61/><E14/><N who="2" m="5495" /><F47/><N who="3" m="25855" /><G71/><T64/><D40/><U79/><E79/><V9/><F9/><W57/><G69/><T62/><D70/><U44/><E135/><V95/><F95/><W104/><G104/><T130/><D64/><U17/><E68/><V16/><F30/><W122/><G122/><T45/><D45/><U4/><E44/><V13/><F27/><W121/><G121/><T105/><D105/><U53/><E26/><V5/><F5/><W55/><G108/><T78/><D78/><U91/><E36/><V125/><F125/><W126/><G126/><T134/><D124/><U99/><E127/><V87/><F87/><W46/><G111/><T21/><D134/><U90/><E4/><V19/><F19/><W20/><G20/><T114/><D21/><U32/><E32/><V39/><F39/><W66/><G10/><RYUUKYOKU ba="0,0" sc="257,-10,142,-10,340,30,261,-10" hai2="13,16,23,51,52,54,56,59,88,89" /><INIT seed="5,1,0,5,3,51" ten="247,132,370,251" oya="1" hai0="67,23,75,31,42,38,11,6,104,131,19,74,114" hai1="116,92,26,8,17,94,43,44,18,133,77,126,118" hai2="88,56,69,54,33,93,28,24,95,58,36,90,32" hai3="66,65,99,85,100,14,96,59,121,64,40,71,4"/><U49/><E133/><V91/><F69/><W72/><G72/><T63/><D104/><U12/><E126/><V79/><F36/><W129/><G71/><T101/><D31/><U15/><E26/><V89/><F79/><W25/><G121/><T113/><D101/><U83/><E118/><V120/><F120/><W2/><G2/><T13/><D42/><U98/><E116/><V68/><F68/><W122/><G122/><T135/><D38/><U84/><REACH who="1" step="1"/><E98/><REACH who="1" ten="247,122,370,251" step="2"/><V76/><F33/><W105/><G25/><N who="0" m="14591" /><D135/><U61/><E61/><V16/><F32/><W87/><G99/><T10/><D131/><U73/><E73/><V5/><F24/><W125/><G125/><T52/><D75/><U111/><E111/><V62/><F62/><W132/><G129/><T112/><D74/><U21/><AGARI ba="1,1" hai="8,12,15,17,18,21,43,44,49,77,83,84,92,94" machi="21" ten="20,7800,0" yaku="1,1,0,1,7,1,8,1,53,0" doraHai="51" doraHaiUra="124" who="1" fromWho="1" sc="247,-27,122,91,370,-27,251,-27" /><INIT seed="5,2,0,4,5,75" ten="220,213,343,224" oya="1" hai0="111,56,37,71,59,44,88,63,134,25,129,1,30" hai1="50,76,10,15,96,28,94,67,109,98,99,45,123" hai2="72,118,102,14,62,38,21,61,78,70,87,18,90" hai3="64,65,33,58,135,117,95,126,115,68,89,104,80"/><U120/><E109/><V82/><F118/><W9/><G104/><T100/><D129/><U29/><E67/><V116/><F116/><W60/><G33/><T6/><D134/><U51/><E94/><V5/><F38/><W122/><G122/><T77/><D100/><U40/><E76/><V41/><F70/><W133/><G117/><T103/><D103/><U105/><E105/><V83/><F41/><W47/><G126/><T48/><D71/><U49/><E120/><V53/><F102/><W121/><G115/><T108/><D37/><U106/><E106/><V11/><REACH who="2" step="1"/><F53/><REACH who="2" ten="220,213,333,224" step="2"/><W22/><G68/><T107/><D111/><U124/><E123/><V127/><F127/><W4/><G121/><T101/><D108/><U125/><E125/><V46/><F46/><W39/><G47/><T32/><D101/><U0/><E124/><V128/><F128/><W7/><G39/><T54/><D107/><U79/><E45/><V114/><F114/><W84/><G135/><T27/><D44/><U55/><E55/><V20/><F20/><W34/><G22/><T86/><D56/><U92/><E40/><V19/><F19/><W93/><G133/><T112/><D112/><U73/><E29/><V91/><F91/><W81/><G89/><T97/><D30/><U66/><E28/><V110/><F110/><W52/><G58/><T131/><D131/><U130/><E130/><V43/><F43/><W12/><G52/><T69/><D69/><U74/><E66/><V57/><F57/><W42/><G64/><T23/><D59/><U8/><E8/><V3/><AGARI ba="2,1" hai="3,5,11,14,18,21,61,62,72,78,82,83,87,90" machi="3" ten="20,8000,1" yaku="1,1,5,1,0,1,7,1,52,1,53,0" doraHai="75" doraHaiUra="36" who="2" fromWho="2" sc="220,-22,213,-42,333,96,224,-22" /><INIT seed="6,0,0,3,2,29" ten="198,171,429,202" oya="2" hai0="73,1,24,125,31,10,26,71,127,77,19,88,13" hai1="109,129,82,98,128,51,32,122,72,56,114,16,123" hai2="53,55,50,81,63,3,93,96,0,49,124,75,99" hai3="9,37,120,22,46,119,89,108,78,133,74,95,80"/><V97/><F124/><N who="0" m="47690" /><D71/><U118/><E118/><V43/><F43/><W85/><G108/><T30/><D73/><U110/><E32/><V41/><F41/><W4/><G120/><N who="1" m="46122" /><E114/><V2/><F93/><W18/><G133/><T15/><D77/><N who="1" m="44327" /><E16/><V58/><F75/><W61/><G18/><N who="0" m="8503" /><D1/><U90/><E56/><V8/><F81/><W39/><G22/><N who="0" m="11647" /><D88/><U69/><E69/><V116/><F8/><W135/><G135/><T131/><D131/><N who="1" m="50251" /><E51/><V47/><F116/><W126/><G119/><T84/><D84/><U100/><E90/><V115/><F115/><W94/><G126/><T111/><D111/><U68/><E68/><V76/><F76/><W6/><G89/><T7/><D7/><U11/><E11/><V102/><F63/><W35/><G61/><T45/><D45/><U106/><AGARI ba="0,0" hai="98,100,106,109,110" m="50251,44327,46122" machi="106" ten="30,8000,1" yaku="13,1,19,1,23,1,34,2" doraHai="29" who="1" fromWho="1" sc="198,-20,171,80,429,-40,202,-20" /><INIT seed="7,0,0,4,2,47" ten="178,251,389,182" oya="3" hai0="98,13,60,7,12,20,100,87,37,62,129,113,45" hai1="51,38,97,34,16,18,5,61,46,58,50,49,69" hai2="11,55,135,22,6,122,78,76,32,70,124,123,111" hai3="30,83,88,112,68,0,65,74,10,91,117,106,114"/><W59/><G117/><T77/><D129/><U1/><E34/><V36/><F111/><W115/><G106/><T29/><D113/><U24/><E1/><V63/><F32/><W110/><G110/><T43/><D77/><N who="2" m="29802" /><F36/><W21/><G68/><T131/><D87/><U90/><E5/><V120/><F135/><W19/><G83/><T40/><D40/><U132/><E132/><V73/><F73/><W105/><G105/><T8/><D131/><U125/><E69/><V9/><F124/><W28/><G74/><T66/><D66/><U133/><E133/><V35/><F35/><W72/><G72/><T57/><D57/><U75/><E75/><V93/><F6/><N who="3" m="1351" /><G30/><T104/><REACH who="0" step="1"/><D12/><REACH who="0" ten="168,251,389,182" step="2"/><U121/><E58/><N who="2" m="35295" /><F70/><W67/><G67/><T48/><D48/><U128/><E51/><V17/><F93/><W71/><G71/><T41/><D41/><U85/><E50/><V107/><F107/><W95/><G95/><T14/><D14/><AGARI ba="0,1" hai="9,11,14,17,22,120,122,123" m="35295,29802" machi="14" ten="30,1000,0" yaku="13,1" doraHai="47" who="2" fromWho="0" sc="168,-10,251,0,389,20,182,0" owari="158,-34.0,251,5.0,409,51.0,182,-22.0" /></mjloggm>