<mjloggm ver="2.3"><GO type="41" lobby="0"/><UN n0="%E5%B0%B1%E6%B4%BB%E7%94%9F%40%E5%B7%9D%E6%9D%91%E8%BB%8D%E5%9B%A3" n1="%6B%69%72%69%6E%6F%72%69" n2="%52%61%79%6F%65%31%35" n3="%39%37%6B%63%61%6C" dan="16,14,13,14" rate="2081.86,1903.58,1904.72,1822.09" sx="M,M,M,M"/><TAIKYOKU oya="0"/><INIT seed="0,0,0,2,1,66" ten="250,250,250,250" oya="0" hai0="2,116,70,87,95,119,63,68,121,21,7,54,114" hai1="6,67,35,97,36,55,18,79,11,14,78,41,92" hai2="23,111,39,34,50,48,25,52,15,135,44,108,57" hai3="74,46,28,37,62,38,13,71,115,88,120,40,0"/><T61/><D121/><U45/><E67/><V129/><F129/><W130/><G115/><T126/><D114/><U51/><E35/><V80/><F34/><W107/><G0/><T86/><D126/><U99/><E99/><V33/><F33/><W26/><G74/><T128/><D128/><U17/><E18/><V127/><F135/><W59/><G107/><T60/><D54/><U89/><REACH who="1" step="1"/><E17/><REACH who="1" ten="250,240,250,250" step="2"/><V16/><F127/><W58/><G130/><T29/><D116/><U125/><E125/><V49/><F80/><W43/><G120/><T94/><D119/><U109/><E109/><N who="2" m="42059" /><F15/><W105/><G105/><T64/><D64/><U118/><E118/><V9/><F9/><W31/><G13/><T98/><D94/><U3/><E3/><V84/><F84/><W131/><G131/><T30/><D87/><U47/><AGARI ba="0,1" hai="6,11,14,36,41,45,47,51,55,78,79,89,92,97" machi="47" ten="20,2700,0" yaku="1,1,0,1,7,1,53,0" doraHai="66" doraHaiUra="12" who="1" fromWho="1" sc="250,-13,240,37,250,-7,250,-7" /><INIT seed="1,0,0,4,1,81" ten="237,277,243,243" oya="1" hai0="113,10,37,45,48,83,121,116,78,42,130,13,69" hai1="59,50,103,125,70,111,33,49,1,79,51,16,94" hai2="21,104,68,23,41,88,55,74,64,86,29,129,36" hai3="40,131,89,80,108,4,39,95,67,44,20,66,7"/><U84/><E70/><V25/><F104/><W46/><G108/><T11/><D116/><U112/><E112/><V119/><F74/><W87/><G131/><T14/><D69/><U110/><E125/><V73/><F73/><W120/><G120/><T19/><D113/><U61/><E1/><V5/><F119/><W2/><G44/><T91/><D121/><U77/><E33/><V75/><F75/><W3/><G20/><T56/><D130/><U52/><E103/><V12/><F129/><W71/><G71/><T85/><D56/><U99/><E99/><V22/><F36/><W98/><G4/><T38/><REACH who="0" step="1"/><D91/><REACH who="0" ten="227,277,243,243" step="2"/><N who="1" m="53607" /><E79/><V6/><F68/><W27/><G3/><T57/><D57/><U47/><E77/><V31/><F64/><W123/><G123/><T8/><D8/><U65/><E47/><V53/><F41/><W126/><G126/><T9/><D9/><U115/><E115/><V106/><F106/><W96/><G2/><T18/><AGARI ba="0,1" hai="10,11,13,14,18,19,37,38,42,45,48,78,83,85" machi="18" ten="20,8000,1" yaku="1,1,0,1,7,1,9,1,52,1,53,0" doraHai="81" doraHaiUra="97" who="0" fromWho="0" sc="227,90,277,-40,243,-20,243,-20" /><INIT seed="2,0,0,2,4,53" ten="317,237,223,223" oya="2" hai0="84,2,27,1,77,107,75,99,129,110,7,123,88" hai1="117,119,56,44,65,128,14,134,58,105,15,135,103" hai2="28,118,19,102,97,0,94,106,8,40,29,74,24" hai3="4,20,70,22,71,114,73,26,50,18,113,86,6"/><V91/><F74/><W87/><G73/><T90/><D123/><U55/><E105/><V115/><F118/><N who="1" m="45065" /><E103/><V32/><F115/><N who="3" m="44043" /><G50/><T25/><D129/><U82/><E82/><V95/><F40/><W78/><G78/><T96/><D110/><U13/><E128/><V39/><F39/><W122/><G122/><T23/><D27/><U108/><E108/><V47/><F47/><W34/><G34/><T52/><D90/><U98/><E98/><V69/><F69/><N who="3" m="26123" /><G18/><T72/><D7/><N who="3" m="2601" /><G26/><T80/><D2/><U43/><E65/><V49/><F49/><W120/><G120/><T10/><D10/><U36/><E55/><V125/><F125/><W127/><G127/><T35/><D1/><U9/><E9/><V48/><F48/><W130/><G130/><T46/><D35/><U59/><E36/><V16/><F106/><W132/><G132/><N who="1" m="50730" /><E44/><V3/><F29/><W81/><G81/><T133/><D133/><U33/><E33/><V89/><F102/><W61/><G61/><T21/><D107/><U11/><E43/><V66/><F66/><W111/><G111/><T51/><D75/><U112/><E112/><V60/><F60/><W131/><G131/><T67/><D67/><U126/><E126/><V37/><F37/><W31/><G31/><T79/><D23/><AGARI ba="0,0" hai="20,22,23,86,87" m="2601,26123,44043" machi="23" ten="40,5200,0" yaku="28,2,11,1" doraHai="53" who="3" fromWho="0" sc="317,-52,237,0,223,0,223,52" /><INIT seed="3,0,0,3,5,59" ten="265,237,223,275" oya="3" hai0="132,119,45,72,125,105,9,10,68,65,57,60,94" hai1="108,21,38,34,1,96,52,17,103,35,82,75,112" hai2="32,55,89,135,67,70,115,5,30,0,58,7,14" hai3="90,98,104,100,97,51,61,107,69,71,86,13,49"/><W27/><G13/><T134/><D105/><U4/><E108/><V111/><F111/><W133/><G133/><N who="0" m="51307" /><D72/><U95/><E112/><V22/><F115/><W81/><G27/><T113/><D119/><U33/><E38/><V11/><F135/><W26/><G26/><T110/><D113/><U53/><E4/><V74/><F74/><W101/><REACH who="3" step="1"/><G61/><REACH who="3" ten="265,237,223,265" step="2"/><N who="0" m="39983" /><D110/><U63/><E1/><V50/><F70/><AGARI ba="0,1" hai="49,51,69,70,71,81,86,90,97,98,100,101,104,107" machi="70" ten="40,3900,0" yaku="1,1,9,1,53,0" doraHai="59" doraHaiUra="6" who="3" fromWho="2" sc="265,0,237,0,223,-39,265,49" /><INIT seed="3,1,0,4,5,84" ten="265,237,184,314" oya="3" hai0="54,134,135,25,28,109,91,50,4,7,75,53,72" hai1="74,12,65,63,0,69,6,127,98,104,97,22,20" hai2="122,64,36,88,105,82,1,59,95,76,100,8,15" hai3="89,26,102,123,96,85,83,92,129,108,130,45,40"/><W58/><G123/><T112/><D112/><U103/><E74/><N who="0" m="28201" /><D109/><U71/><E127/><V77/><F36/><W106/><G108/><T115/><D115/><U32/><E0/><V27/><F122/><W30/><G58/><T10/><D53/><U99/><E71/><V43/><F1/><W37/><REACH who="3" step="1"/><G106/><REACH who="3" ten="265,237,184,304" step="2"/><T66/><D66/><U107/><E107/><V14/><F105/><W24/><G24/><T125/><D125/><U61/><E104/><V80/><F59/><W42/><G42/><T55/><D25/><U94/><E69/><V101/><F43/><W111/><G111/><T17/><D54/><U18/><E32/><AGARI ba="1,1" hai="26,30,32,37,40,45,83,85,89,92,96,102,129,130" machi="32" ten="40,3900,0" yaku="1,1,52,1,53,0" doraHai="84" doraHaiUra="46" who="3" fromWho="1" sc="265,0,237,-42,184,0,304,52" /><INIT seed="3,2,0,2,3,91" ten="265,195,184,356" oya="3" hai0="11,80,30,101,57,82,51,14,119,104,112,13,132" hai1="58,135,114,124,47,35,56,76,59,69,68,31,24" hai2="88,8,10,107,84,125,86,95,17,42,65,100,37" hai3="123,34,63,62,109,72,90,110,89,99,73,98,43"/><W55/><G123/><T122/><D122/><U131/><E114/><V48/><F37/><W79/><G34/><T64/><D112/><U22/><E76/><V108/><F108/><N who="3" m="41579" /><G43/><T12/><D119/><U115/><E115/><V16/><F65/><W75/><G79/><T49/><D132/><U117/><E135/><V127/><F107/><W74/><G74/><T2/><D30/><U116/><E131/><V53/><F100/><W133/><G133/><T134/><D134/><U29/><E124/><N who="2" m="47691" /><F42/><W78/><G78/><T85/><D101/><U60/><E47/><N who="2" m="27807" /><F84/><W94/><G55/><T44/><D2/><U50/><E50/><V83/><F83/><W113/><G113/><T126/><D104/><U18/><E35/><V121/><F121/><W118/><G118/><N who="1" m="45674" /><E60/><N who="3" m="23082" /><G90/><T19/><D64/><U41/><E41/><V111/><F111/><W81/><G81/><T38/><D38/><U52/><E52/><V1/><F1/><W71/><G99/><T27/><D126/><U129/><E129/><V5/><F5/><W87/><G98/><T70/><D70/><AGARI ba="2,0" hai="18,22,24,29,31,56,58,59,68,69,70" m="45674" machi="70" ten="40,1300,0" yaku="12,1" doraHai="91" who="1" fromWho="0" sc="265,-19,195,19,184,0,356,0" /><AGARI ba="2,0" hai="70,71,72,73,75,87,89,94" m="23082,41579" machi="70" ten="40,7700,0" yaku="14,1,10,1,52,1" doraHai="91" who="3" fromWho="0" sc="246,-77,214,0,184,0,356,77" /><INIT seed="3,3,0,2,0,6" ten="169,214,184,433" oya="3" hai0="104,115,24,9,60,22,46,85,75,86,41,59,102" hai1="15,135,88,111,1,18,103,68,50,131,129,38,128" hai2="81,89,43,126,65,92,51,25,49,62,82,53,48" hai3="95,61,16,84,70,99,31,35,21,73,55,20,80"/><W2/><G2/><T71/><D71/><U112/><E112/><V8/><F126/><W117/><G117/><T124/><D75/><U107/><E38/><V120/><F120/><W37/><G37/><T47/><D124/><U64/><E111/><V121/><F121/><W97/><G73/><T67/><D115/><U72/><E72/><V0/><F0/><W27/><G35/><T113/><D113/><U13/><E1/><V101/><F101/><W79/><G70/><T106/><D106/><U3/><E3/><V69/><F43/><W40/><G40/><T34/><D34/><U57/><E135/><V91/><F25/><W116/><G116/><T93/><D104/><U125/><E125/><V133/><F133/><W5/><G5/><T11/><D85/><U29/><E29/><V54/><F91/><W44/><G95/><T108/><D108/><U119/><E119/><V30/><F30/><W66/><G66/><T36/><D47/><U39/><E39/><V118/><F118/><W122/><G122/><T96/><REACH who="0" step="1"/><D86/><REACH who="0" ten="159,214,184,433" step="2"/><U26/><E68/><V77/><F69/><W90/><G44/><T63/><D63/><U52/><E107/><V42/><F62/><W100/><G61/><T17/><AGARI ba="3,1" hai="9,11,17,22,24,36,41,46,59,60,67,93,96,102" machi="17" ten="20,8000,1" yaku="1,1,0,1,7,1,52,2,53,0" doraHai="6" doraHaiUra="33" who="0" fromWho="0" sc="159,99,214,-23,184,-23,433,-43" /><INIT seed="4,0,0,3,2,66" ten="258,191,161,390" oya="0" hai0="38,98,94,36,7,89,4,131,69,48,83,39,91" hai1="133,135,86,26,54,107,8,58,55,45,9,21,78" hai2="1,123,46,14,11,34,80,81,85,87,71,61,13" hai3="41,120,12,126,113,35,3,84,33,24,82,74,6"/><T63/><D131/><U32/><E107/><V2/><F34/><W18/><G74/><T30/><D30/><U56/><E32/><V134/><F123/><W37/><G120/><T128/><D128/><U52/><E45/><V90/><F134/><N who="1" m="51209" /><E86/><V105/><F105/><W59/><G24/><T96/><D48/><U16/><E78/><V100/><F100/><W106/><G37/><T27/><D27/><U93/><E93/><V99/><F99/><W17/><G106/><T28/><D28/><U116/><E116/><V130/><F130/><W70/><G41/><T101/><D83/><U109/><E109/><V88/><F46/><W10/><G82/><T115/><D115/><U65/><E65/><V68/><F61/><W50/><G50/><T92/><D101/><U111/><E111/><V47/><F47/><W104/><G84/><T121/><D121/><U29/><E29/><V73/><REACH who="2" step="1"/><F11/><AGARI ba="0,0" hai="8,9,11,16,21,26,52,54,55,56,58" m="51209" machi="11" ten="30,3900,0" yaku="20,1,54,2" doraHai="66" who="1" fromWho="2" sc="258,0,191,39,161,-39,390,0" /><INIT seed="5,0,0,3,1,41" ten="258,230,122,390" oya="1" hai0="83,107,7,46,4,8,67,10,106,62,77,14,86" hai1="123,133,100,65,25,63,121,119,51,120,43,52,103" hai2="102,112,92,23,66,21,101,18,1,39,116,48,91" hai3="50,105,95,69,40,79,82,13,60,89,22,117,129"/><U6/><E119/><V108/><F116/><W34/><G105/><T122/><D122/><U0/><E133/><V74/><F74/><W71/><G34/><T76/><D76/><U33/><E43/><V96/><F1/><W59/><G117/><T78/><D78/><U5/><E0/><V58/><F39/><W45/><G129/><T114/><D114/><U42/><E42/><V88/><F112/><W87/><G22/><T124/><D124/><U72/><E72/><V47/><F108/><W110/><G110/><T64/><D64/><U55/><E55/><V9/><F9/><W111/><G111/><T130/><D130/><U109/><E109/><V99/><F66/><W54/><REACH who="3" step="1"/><G13/><REACH who="3" ten="258,230,122,380" step="2"/><T37/><D107/><U24/><E33/><V81/><F58/><W131/><G131/><T94/><D106/><U32/><E32/><V29/><F81/><W12/><G12/><T53/><D62/><U15/><E15/><N who="2" m="9439" /><F101/><W16/><G16/><T134/><D14/><U31/><E25/><N who="2" m="16575" /><F99/><AGARI ba="0,1" hai="40,45,50,54,59,60,69,71,79,82,87,89,95,99" machi="99" ten="30,3900,0" yaku="1,1,7,1,52,1,53,0" doraHai="41" doraHaiUra="3" who="3" fromWho="2" sc="258,0,230,0,122,-39,380,49" /><INIT seed="6,0,0,3,3,75" ten="258,230,83,429" oya="2" hai0="18,2,39,74,52,100,87,80,3,78,62,15,124" hai1="104,57,30,33,126,16,122,107,64,24,88,6,43" hai2="94,99,116,114,12,86,90,66,32,4,70,11,47" hai3="56,102,37,79,9,82,84,128,48,96,119,112,23"/><V115/><F32/><W123/><G37/><T65/><D124/><U44/><E126/><V134/><F116/><W38/><G38/><T17/><D39/><U129/><E129/><V20/><F134/><W109/><G109/><T117/><D117/><U27/><E6/><V7/><F7/><W63/><G128/><T34/><D34/><U50/><E107/><V92/><F20/><W51/><G9/><T69/><D100/><U58/><E104/><V40/><F66/><W103/><G103/><T110/><D110/><U46/><E64/><V81/><F70/><W111/><G123/><T49/><D74/><U101/><E46/><V98/><F98/><W108/><G119/><T14/><D14/><U97/><E101/><V21/><F21/><W106/><G112/><N who="2" m="43049" /><F99/><W25/><G108/><T36/><D36/><AGARI ba="0,0" hai="4,11,12,36,40,47,81,86,90,92,94" m="43049" machi="36" ten="30,1500,0" yaku="15,1" doraHai="75" who="2" fromWho="0" sc="258,-15,230,0,83,15,429,0" /><INIT seed="6,1,0,1,2,110" ten="243,230,98,429" oya="2" hai0="92,84,47,46,95,70,77,24,18,127,85,98,79" hai1="56,40,1,117,60,124,43,58,99,3,120,42,31" hai2="96,28,121,107,115,82,104,123,125,69,16,13,14" hai3="8,38,101,76,57,134,7,87,113,81,49,78,5"/><V17/><F69/><W48/><G38/><T45/><D70/><U128/><E117/><V106/><F125/><W0/><G101/><N who="0" m="60615" /><D127/><U66/><E124/><V62/><F62/><W90/><G7/><T51/><D51/><U126/><E126/><V4/><F4/><W130/><G78/><N who="0" m="29707" /><D95/><U32/><E128/><V74/><F28/><W111/><G134/><T33/><D33/><U112/><E112/><V135/><F135/><W80/><G113/><T68/><D68/><U64/><E120/><V15/><F115/><W34/><G8/><T131/><D131/><U37/><E99/><V116/><F116/><W86/><G57/><T94/><D94/><U52/><E64/><V91/><F96/><W109/><G5/><T72/><D72/><U102/><E102/><V11/><F74/><W41/><G90/><T61/><D61/><U50/><REACH who="1" step="1"/><E37/><REACH who="1" ten="243,220,98,429" step="2"/><V105/><N who="2" m="27136" /><DORA hai="35" /><V133/><F133/><W132/><G130/><T25/><D85/><U118/><E118/><V122/><REACH who="2" step="1"/><F11/><REACH who="2" ten="243,220,88,429" step="2"/><W6/><G132/><T26/><D84/><AGARI ba="1,2" hai="13,14,15,16,17,82,84,91,121,122,123" m="27136" machi="84" ten="80,24000,3" yaku="1,1,2,1,29,2,54,1,53,4" doraHai="110,35" doraHaiUra="88,103" who="2" fromWho="0" sc="243,-243,220,0,88,263,429,0" /><INIT seed="6,2,0,1,3,7" ten="0,220,351,429" oya="2" hai0="19,87,2,85,107,21,124,23,35,26,80,69,108" hai1="16,123,135,115,105,110,99,95,12,0,34,93,134" hai2="133,44,6,101,3,122,81,22,128,10,96,64,59" hai3="42,24,61,88,63,104,43,13,11,14,1,74,53"/><V62/><F122/><W97/><G74/><T51/><D107/><U131/><E115/><V27/><F133/><N who="1" m="50697" /><E110/><V121/><F128/><W38/><G1/><T9/><D124/><U106/><E131/><V126/><F121/><W67/><G104/><N who="1" m="40042" /><E0/><V36/><F126/><W58/><G38/><T8/><D108/><U125/><E125/><V41/><F81/><W4/><G14/><T109/><D69/><U40/><E34/><V100/><REACH who="2" step="1"/><F96/><REACH who="2" ten="0,220,341,429" step="2"/><W71/><G97/><T118/><D35/><U113/><E123/><V30/><AGARI ba="2,1" hai="3,6,10,22,27,30,36,41,44,59,62,64,100,101" machi="30" ten="20,12000,1" yaku="1,1,2,1,0,1,7,1,52,1,53,0" doraHai="7" doraHaiUra="46" who="2" fromWho="2" sc="0,-42,220,-42,341,136,429,-42" owari="-42,-54.0,178,-22.0,477,57.0,387,19.0" /></mjloggm>