<mjloggm ver="2.3"><GO type="41" lobby="0"/><UN n0="%E5%B0%B1%E6%B4%BB%E7%94%9F%40%E5%B7%9D%E6%9D%91%E8%BB%8D%E5%9B%A3" n1="%58%E7%8C%AB" n2="%68%61%79%61%74%6F%E2%98%86" n3="%6B%61%7A%75%40%E3%81%95%E3%81%9D%E3%82%8A" dan="15,15,15,14" rate="1993.37,2033.54,2092.93,1896.10" sx="M,M,M,M"/><TAIKYOKU oya="0"/><INIT seed="0,0,0,3,3,103" ten="250,250,250,250" oya="0" hai0="21,12,47,40,94,83,132,39,73,87,19,102,79" hai1="129,81,75,54,59,69,131,36,51,106,121,13,107" hai2="105,33,88,49,7,38,99,15,82,32,91,10,64" hai3="133,60,1,134,118,78,28,31,100,65,77,18,113"/><T122/><D122/><U125/><E121/><V25/><F38/><W109/><G113/><T127/><D127/><U101/><E125/><V0/><F64/><W23/><G118/><T116/><D116/><U5/><E101/><V57/><F0/><W71/><G1/><T93/><D132/><U14/><E69/><V24/><F33/><W89/><G89/><T37/><D102/><U4/><E36/><V17/><F32/><W35/><G100/><T61/><D39/><U48/><E75/><V58/><F105/><N who="1" m="39945" /><E81/><V42/><F91/><W135/><G109/><T20/><D73/><U16/><E48/><V86/><F99/><W26/><REACH who="3" step="1"/><G31/><REACH who="3" ten="250,250,250,240" step="2"/><T112/><D112/><U67/><E67/><V52/><F42/><W84/><G84/><T95/><REACH who="0" step="1"/><D61/><REACH who="0" ten="240,250,250,240" step="2"/><U108/><E108/><V98/><F98/><W111/><G111/><T55/><D55/><U45/><E54/><N who="2" m="31951" /><F7/><W41/><G41/><T6/><D6/><U46/><E4/><V76/><F76/><W96/><G96/><T53/><D53/><N who="1" m="32191" /><E5/><V80/><F80/><W68/><G68/><T62/><D62/><AGARI ba="0,2" hai="10,15,17,24,25,52,58,62,82,86,88" m="31951" machi="62" ten="30,3900,0" yaku="8,1,54,2" doraHai="103" who="2" fromWho="0" sc="240,-39,250,0,250,59,240,0" /><INIT seed="1,0,0,4,4,66" ten="201,250,309,240" oya="1" hai0="101,69,135,76,5,11,93,100,121,81,56,63,102" hai1="120,32,33,45,29,3,6,74,126,83,43,103,46" hai2="20,48,55,78,2,109,71,31,125,1,75,112,42" hai3="129,134,0,49,123,18,133,23,52,47,128,79,16"/><U85/><E120/><V108/><F112/><W62/><G123/><T115/><D121/><U25/><E126/><V80/><F42/><W130/><G0/><T13/><D115/><U117/><E117/><V106/><F106/><W72/><G62/><T92/><D135/><N who="3" m="51721" /><G23/><T53/><REACH who="0" step="1"/><D69/><REACH who="0" ten="191,250,309,240" step="2"/><U28/><E33/><V111/><F71/><W54/><G72/><AGARI ba="0,1" hai="5,11,13,53,56,63,72,76,81,92,93,100,101,102" machi="72" ten="40,5200,0" yaku="1,1,2,1,53,1" doraHai="66" doraHaiUra="9" who="0" fromWho="3" sc="191,62,250,0,309,0,240,-52" /><INIT seed="2,0,0,1,3,113" ten="253,250,309,188" oya="2" hai0="102,76,129,27,32,25,120,79,57,127,6,50,87" hai1="130,49,39,66,16,103,8,95,101,54,77,43,117" hai2="88,68,70,114,21,108,15,55,65,13,10,83,46" hai3="124,22,123,119,80,133,18,121,115,44,7,36,2"/><V99/><F114/><W34/><G80/><T14/><D120/><U20/><E8/><V82/><F108/><W78/><G78/><T67/><D127/><U4/><E4/><V106/><F106/><W104/><G44/><T63/><D129/><U94/><E66/><V100/><F100/><W35/><G22/><T90/><D102/><U126/><E77/><V11/><F68/><W40/><G40/><T26/><D32/><U109/><E109/><V74/><F65/><W85/><G18/><T111/><D111/><U131/><E39/><V0/><F70/><W17/><G17/><T33/><D33/><U97/><E43/><V61/><F74/><W64/><G85/><T132/><D132/><U41/><E41/><V112/><F112/><W31/><G7/><T5/><D50/><U118/><E126/><V81/><F21/><W45/><G31/><T59/><D59/><N who="1" m="33231" /><E95/><N who="2" m="56807" /><F0/><W110/><G45/><T51/><D51/><U19/><E103/><V96/><F96/><W23/><G23/><T3/><D3/><U62/><E62/><V60/><F46/><W69/><G64/><T24/><N who="0" m="6144" /><DORA hai="92" /><T107/><D107/><U30/><E30/><V71/><F71/><W72/><G123/><T105/><D6/><U116/><E20/><V135/><F135/><W86/><G86/><T93/><REACH who="0" step="1"/><D105/><REACH who="0" ten="243,250,309,188" step="2"/><U91/><E101/><V73/><F61/><W37/><G35/><T12/><D12/><N who="2" m="4682" /><F73/><W56/><G56/><AGARI ba="0,1" hai="10,11,55,56,60,81,82,83" m="4682,56807" machi="56" ten="30,5800,0" yaku="8,1,52,1,54,1" doraHai="113,92" who="2" fromWho="3" sc="243,0,250,0,309,68,188,-58" /><INIT seed="2,1,0,0,4,132" ten="243,250,377,130" oya="2" hai0="41,23,4,48,117,75,7,33,52,61,28,38,50" hai1="76,12,9,87,44,20,110,79,74,54,56,70,92" hai2="2,47,127,17,62,109,27,53,31,46,45,34,125" hai3="68,51,8,63,113,67,29,5,25,115,93,116,105"/><V37/><F2/><W101/><G116/><T65/><D33/><U58/><E70/><V82/><F37/><W11/><G93/><T100/><D75/><U60/><E74/><V6/><F6/><W0/><G51/><T121/><D117/><U104/><E104/><V88/><F109/><W135/><G11/><T94/><D121/><U120/><E110/><V124/><F17/><W78/><G78/><T30/><D38/><U102/><E20/><V1/><F1/><W19/><G19/><T57/><D41/><U90/><E102/><V21/><F34/><W49/><G49/><T84/><D50/><U73/><E73/><V72/><F88/><W80/><G80/><T42/><D42/><U111/><E44/><V22/><F22/><W106/><G135/><T43/><D43/><U134/><E134/><V130/><F130/><W98/><G106/><T64/><D64/><U18/><E120/><V14/><F14/><W123/><G123/><T112/><D112/><U128/><E128/><V91/><F91/><W3/><G3/><T89/><D100/><U97/><E97/><V24/><F24/><W26/><G26/><N who="0" m="16479" /><D30/><U103/><E103/><V133/><F133/><W107/><REACH who="3" step="1"/><G105/><REACH who="3" ten="243,250,377,120" step="2"/><T131/><D131/><U16/><E111/><V66/><F82/><W126/><G126/><T114/><D114/><U59/><E18/><V69/><F72/><W129/><G129/><T39/><D39/><U35/><E76/><V40/><F40/><W32/><AGARI ba="1,1" hai="0,5,8,25,29,32,63,67,68,98,101,107,113,115" machi="32" ten="30,12000,2" yaku="1,1,0,1,25,2,23,2,53,0" doraHai="132" doraHaiUra="122" who="3" fromWho="3" sc="243,-31,250,-31,377,-61,120,133" /><INIT seed="3,0,0,1,5,20" ten="212,219,316,253" oya="3" hai0="83,76,17,36,77,58,113,31,126,56,73,62,45" hai1="120,129,121,127,104,18,61,53,35,14,122,133,25" hai2="118,46,117,38,11,59,79,97,70,114,68,95,10" hai3="111,86,135,29,15,67,78,112,33,131,24,9,63"/><W0/><G112/><T116/><D116/><U37/><E104/><V1/><F114/><W51/><G0/><T55/><D113/><U60/><E37/><V124/><F79/><W19/><G135/><T101/><D126/><U88/><E127/><V32/><F124/><W7/><G131/><T132/><D132/><U5/><E133/><V98/><F32/><W103/><G111/><T42/><D77/><U34/><E129/><V39/><F95/><W105/><G51/><T65/><D101/><U85/><E5/><V119/><F59/><W125/><G125/><T99/><D99/><U41/><E41/><V107/><F46/><W94/><G19/><T40/><D40/><U43/><E43/><V3/><REACH who="2" step="1"/><F119/><REACH who="2" ten="212,219,306,253" step="2"/><W13/><G94/><T100/><D100/><U93/><E35/><V69/><F69/><W52/><G78/><T87/><D73/><U48/><E34/><V23/><F23/><W130/><G130/><T6/><D56/><U12/><E61/><V134/><F134/><W106/><G106/><AGARI ba="0,1" hai="1,3,10,11,38,39,68,70,97,98,106,107,117,118" machi="106" ten="25,3200,0" yaku="1,1,22,2,53,0" doraHai="20" doraHaiUra="80" who="2" fromWho="3" sc="212,0,219,0,306,42,253,-32" /><INIT seed="4,0,0,1,3,31" ten="212,219,348,221" oya="0" hai0="119,104,73,127,0,108,74,10,34,15,114,113,56" hai1="93,36,18,124,53,72,116,5,52,62,112,115,54" hai2="12,82,110,101,30,28,58,86,66,123,75,100,122" hai3="109,80,61,24,103,129,43,92,117,89,68,71,57"/><T20/><D104/><U16/><E116/><V63/><F75/><W107/><G117/><T118/><D73/><U65/><E124/><V44/><F110/><W40/><G109/><T126/><D74/><U50/><E36/><V27/><F122/><W48/><G129/><T14/><D108/><U111/><E111/><V90/><F123/><W21/><G80/><T83/><D56/><N who="1" m="37063" /><E72/><V1/><F1/><W84/><G107/><T17/><D83/><U11/><E93/><V77/><F77/><W81/><G71/><T39/><D39/><U91/><E91/><V47/><F12/><W35/><G48/><T51/><D51/><U23/><E23/><N who="2" m="15487" /><F30/><W99/><G35/><T8/><D34/><U135/><E50/><V95/><F95/><W78/><G68/><T60/><D60/><U41/><E41/><V76/><F76/><W94/><G94/><T64/><D64/><U32/><E32/><V49/><F44/><W3/><G3/><T134/><D0/><N who="1" m="423" /><E135/><V132/><F132/><W67/><REACH who="3" step="1"/><G78/><REACH who="3" ten="212,219,348,211" step="2"/><T9/><D134/><U79/><E79/><V13/><F82/><W22/><G22/><T46/><D46/><U133/><E133/><V42/><F47/><W128/><G128/><T121/><D121/><U38/><E38/><V105/><F49/><W102/><G102/><T19/><D9/><U120/><E120/><V45/><F45/><W2/><G2/><T33/><D33/><U6/><E6/><V125/><F101/><W55/><G55/><T88/><D88/><U96/><E96/><V25/><F105/><W131/><G131/><T7/><D20/><RYUUKYOKU ba="0,1" sc="212,10,219,10,348,-30,211,10" hai0="7,8,10,14,15,17,19,113,114,118,119,126,127" hai1="16,18,52,53,54,112,115" hai3="21,24,40,43,57,61,67,81,84,89,92,99,103" /><INIT seed="4,1,1,3,4,115" ten="222,229,318,221" oya="0" hai0="132,17,84,18,72,0,135,93,122,114,85,55,71" hai1="117,24,80,46,4,6,69,103,109,54,37,14,119" hai2="110,89,33,126,99,22,100,34,52,28,44,35,11" hai3="133,42,121,53,90,87,74,77,57,51,86,26,2"/><T5/><D72/><U48/><E109/><V112/><F110/><W39/><G121/><T40/><D122/><U78/><E69/><V111/><F111/><W98/><G133/><N who="0" m="51275" /><D114/><U63/><E103/><V70/><F70/><W120/><G120/><T27/><D71/><U75/><E63/><V91/><F112/><W60/><G2/><T108/><D108/><U125/><E125/><V8/><F126/><W66/><G26/><T94/><D40/><U45/><E24/><V25/><F91/><W47/><G74/><T106/><D106/><U79/><E79/><V67/><F89/><W116/><G116/><T105/><D105/><U92/><E92/><N who="0" m="35433" /><D55/><U73/><E73/><V23/><F67/><W102/><G77/><T129/><D129/><U61/><E61/><V38/><F38/><W82/><G87/><N who="0" m="33355" /><D27/><U21/><E37/><V31/><F52/><W118/><G118/><T32/><D32/><U41/><E41/><V128/><F128/><W1/><G1/><T104/><D104/><U3/><E45/><V62/><F44/><W12/><G12/><T10/><AGARI ba="1,1" hai="0,5,10,17,18" m="33355,35433,51275" machi="10" ten="40,2100,0" yaku="20,1" doraHai="115" who="0" fromWho="0" sc="222,34,229,-8,318,-8,221,-8" /><INIT seed="4,2,0,4,0,10" ten="256,221,310,213" oya="0" hai0="63,36,18,115,97,20,55,127,130,96,102,8,106" hai1="98,17,51,67,48,12,78,118,2,76,89,70,60" hai2="77,42,114,66,34,37,116,50,132,103,79,75,7" hai3="26,40,128,134,81,107,87,86,135,117,27,109,9"/><T25/><D36/><U110/><E118/><V104/><F66/><W29/><G117/><T15/><D115/><U62/><E110/><V3/><F50/><W113/><G109/><T72/><D127/><U23/><E2/><V68/><F79/><W69/><G107/><T58/><D130/><U108/><E108/><V33/><F42/><W38/><G69/><T133/><D133/><U124/><E124/><V16/><F16/><W5/><G128/><T28/><D72/><U80/><E62/><V90/><F90/><W65/><G113/><T47/><D47/><U6/><E6/><V43/><F43/><W21/><G65/><T119/><D119/><U32/><E32/><V1/><F7/><W4/><G27/><T129/><D129/><U22/><E22/><V59/><F59/><W49/><G38/><T83/><D83/><U88/><E78/><V31/><F31/><W19/><G87/><T93/><REACH who="0" step="1"/><D97/><REACH who="0" ten="246,221,310,213" step="2"/><U85/><E98/><V94/><F114/><W91/><G135/><T53/><D53/><U125/><E125/><V57/><F75/><W131/><G134/><T92/><AGARI ba="2,1" hai="8,15,18,20,25,28,55,58,63,92,93,96,102,106" machi="92" ten="30,6000,0" yaku="1,1,0,1,52,1,53,0" doraHai="10" doraHaiUra="84" who="0" fromWho="0" sc="246,76,221,-22,310,-22,213,-22" /><INIT seed="4,3,0,2,5,101" ten="322,199,288,191" oya="0" hai0="124,61,102,35,62,116,88,110,108,59,13,80,99" hai1="56,55,19,85,16,21,38,83,129,119,100,53,71" hai2="2,107,64,3,58,82,11,81,50,114,98,106,70" hai3="31,10,117,127,72,14,18,17,104,43,51,60,25"/><T41/><D35/><U23/><E119/><V66/><F58/><W123/><G117/><T90/><D116/><U48/><E71/><V26/><F98/><W118/><G118/><T24/><D124/><U63/><E38/><V40/><F50/><W47/><G123/><T76/><D41/><U103/><E129/><V109/><F26/><W96/><G72/><T113/><D24/><U78/><E21/><V86/><F86/><W105/><G127/><T57/><D113/><U111/><E111/><N who="0" m="42537" /><D13/><U97/><E23/><V65/><F65/><W32/><G96/><T5/><D5/><U134/><E134/><V121/><F109/><W115/><G115/><T7/><D7/><U39/><E39/><V52/><F114/><W0/><G18/><N who="1" m="6698" /><E97/><V130/><F70/><W33/><G33/><T120/><D120/><U125/><E125/><V15/><F15/><W79/><G79/><T93/><D61/><U67/><E67/><V45/><F130/><W128/><G128/><T44/><D44/><AGARI ba="3,0" hai="44,48,53,55,56,63,78,83,85,100,103" m="6698" machi="44" ten="30,2000,0" yaku="8,1,54,1" doraHai="101" who="1" fromWho="0" sc="322,-29,199,29,288,0,191,0" /><INIT seed="5,0,0,0,5,68" ten="293,228,288,191" oya="1" hai0="67,127,116,110,124,126,103,69,20,93,75,56,5" hai1="115,109,96,23,24,41,76,129,58,112,98,66,108" hai2="107,73,78,84,9,132,133,106,97,83,72,74,42" hai3="90,14,49,54,53,128,114,134,12,70,22,105,130"/><U113/><E76/><N who="2" m="46183" /><F42/><W102/><G70/><T0/><D69/><U80/><E80/><N who="2" m="45127" /><F9/><W33/><G33/><T60/><D75/><N who="2" m="28682" /><F97/><N who="1" m="37481" /><E129/><V94/><F94/><W89/><G22/><T117/><D93/><U92/><E92/><V31/><F31/><W1/><G49/><T52/><D0/><U131/><E131/><V62/><F62/><W99/><G1/><T17/><D5/><U13/><E13/><V32/><F32/><W65/><G65/><T101/><D67/><U135/><E135/><AGARI ba="0,0" hai="106,107,132,133,135" m="28682,45127,46183" machi="135" ten="30,3900,0" yaku="20,1,34,2" doraHai="68" who="2" fromWho="1" sc="293,0,228,-39,288,39,191,0" /><INIT seed="6,0,0,1,5,15" ten="293,189,327,191" oya="2" hai0="121,41,90,71,109,110,39,87,134,100,5,70,72" hai1="58,40,10,91,124,30,14,18,27,56,102,20,116" hai2="36,131,26,118,24,38,103,122,61,1,0,94,89" hai3="106,133,28,99,76,63,79,64,45,60,34,85,7"/><V107/><F122/><W21/><G133/><T35/><D72/><U108/><E116/><V127/><F118/><W47/><G7/><T46/><D35/><U78/><E108/><V114/><F114/><W97/><G34/><T53/><D121/><U130/><E130/><V83/><F83/><W55/><G106/><T105/><D134/><U86/><E124/><V37/><F103/><W69/><G28/><T113/><D5/><U16/><E102/><V128/><F107/><W11/><G11/><T2/><D2/><N who="2" m="1130" /><F61/><W82/><G21/><T29/><D113/><U4/><E78/><V48/><F48/><W8/><G8/><T51/><D29/><U75/><E75/><V88/><F94/><W101/><G47/><T50/><D39/><U23/><E40/><V77/><F77/><W125/><G125/><T111/><D100/><U12/><E30/><V32/><F32/><W13/><G13/><T52/><D105/><U9/><E9/><V54/><F54/><W93/><G99/><T65/><D65/><U92/><AGARI ba="0,0" hai="4,10,12,14,16,18,20,23,27,56,58,86,91,92" machi="92" ten="20,12000,2" yaku="0,1,7,1,8,1,52,2,54,1" doraHai="15" who="1" fromWho="1" sc="293,-30,189,120,327,-60,191,-30" /><INIT seed="7,0,0,4,0,64" ten="263,309,267,161" oya="3" hai0="4,24,127,102,39,66,44,20,69,33,80,14,87" hai1="104,42,62,10,73,120,16,85,90,19,18,5,36" hai2="60,49,67,51,100,99,17,126,103,71,84,124,82" hai3="130,13,59,117,27,43,123,34,6,98,110,75,134"/><W111/><G117/><T77/><D127/><N who="2" m="48682" /><F17/><W58/><G123/><T131/><D131/><U81/><E120/><V89/><F100/><W30/><G130/><T1/><D1/><U57/><E104/><AGARI ba="0,0" hai="49,51,60,67,71,82,84,89,99,103,104" m="48682" machi="104" ten="30,2000,0" yaku="18,1,52,1" doraHai="64" who="2" fromWho="1" sc="263,0,309,-20,267,20,161,0" /><INIT seed="8,0,0,0,3,100" ten="263,289,287,161" oya="0" hai0="11,129,87,69,65,50,66,26,8,22,3,42,12" hai1="61,7,105,20,27,19,29,112,92,13,53,135,109" hai2="59,85,94,34,16,44,86,17,72,98,43,30,133" hai3="103,58,90,131,110,134,127,89,67,79,6,81,106"/><T84/><D129/><U1/><E109/><V91/><F72/><W46/><G131/><T28/><D3/><U107/><E135/><V63/><F30/><W10/><G110/><T51/><D11/><N who="1" m="2543" /><E92/><V126/><F34/><W96/><G134/><T24/><D24/><U82/><E82/><V37/><F126/><W32/><G127/><T74/><D74/><U104/><E112/><V76/><F133/><W36/><G32/><T2/><D2/><U70/><E53/><V101/><F85/><N who="0" m="32842" /><D69/><U78/><E78/><V117/><F76/><W5/><G5/><N who="0" m="3087" /><D42/><U14/><E14/><V38/><F38/><W47/><G67/><AGARI ba="0,0" hai="22,26,28,50,51,65,66,67" m="3087,32842" machi="67" ten="30,1500,0" yaku="8,1" doraHai="100" who="0" fromWho="3" sc="263,15,289,0,287,0,161,-15" /><INIT seed="8,1,0,4,3,43" ten="278,289,287,146" oya="0" hai0="16,21,76,2,117,112,114,70,120,22,123,58,49" hai1="93,57,46,94,31,64,3,131,85,33,74,47,81" hai2="69,24,17,13,72,89,4,62,29,111,28,135,9" hai3="34,45,119,5,48,106,23,41,96,15,68,99,133"/><T18/><D70/><U55/><E3/><V122/><F111/><W8/><G133/><T42/><D76/><U91/><E64/><V98/><F72/><W97/><G119/><T107/><D107/><U125/><E131/><V20/><F122/><N who="0" m="46634" /><D58/><U7/><E7/><V44/><F135/><W77/><G34/><T102/><D49/><U110/><E110/><V83/><F62/><W95/><G68/><T14/><D42/><U25/><E125/><V63/><F63/><W37/><G37/><T27/><D102/><U19/><E93/><N who="2" m="56623" /><F69/><W126/><G126/><T92/><D92/><U132/><E132/><V60/><F60/><W51/><G77/><T108/><D108/><U67/><E67/><V87/><F44/><W82/><G82/><T128/><D128/><U134/><E134/><V40/><F40/><W116/><G116/><T30/><D117/><U12/><E81/><V78/><AGARI ba="1,0" hai="4,9,13,17,20,24,28,29,78,83,87" m="56623" machi="78" ten="30,1100,0" yaku="8,1" doraHai="43" who="2" fromWho="2" sc="278,-6,289,-4,287,14,146,-4" owari="272,-13.0,285,9.0,301,40.0,142,-36.0" /></mjloggm>