<mjloggm ver="2.3"><GO type="169" lobby="0"/><UN n0="%E5%B0%8F%E7%AC%A0%E5%8E%9F%E7%89%B9%E6%80%A5" n1="%E5%A4%A9%E9%BC%93" n2="%E3%82%A6%E3%83%AB%E3%83%88%E3%83%A9%E7%AB%8B%E7%9B%B4" n3="%E3%82%84%E3%81%BE%E3%83%BC%E3%82%93" dan="16,18,17,17" rate="2089.43,2174.31,2176.31,2164.11" sx="F,M,M,M"/><TAIKYOKU oya="0"/><INIT seed="0,0,0,2,2,10" ten="250,250,250,250" oya="0" hai0="66,122,55,41,92,88,115,13,85,125,83,112,33" hai1="128,27,120,131,12,102,77,20,1,53,101,106,121" hai2="25,118,2,22,91,116,82,19,100,16,28,133,123" hai3="134,130,68,46,31,109,21,38,0,76,59,104,34"/><T47/><D122/><U49/><E1/><V75/><F123/><W124/><RYUUKYOKU type="yao9" ba="0,0" sc="250,0,250,0,250,0,250,0" hai3="0,21,31,34,38,46,59,68,76,104,109,124,130,134" /><INIT seed="0,1,0,3,5,134" ten="250,250,250,250" oya="0" hai0="67,1,2,107,14,31,43,72,70,35,112,121,85" hai1="63,39,55,44,20,76,75,128,115,88,27,73,124" hai2="82,78,102,119,122,77,84,49,100,96,26,52,7" hai3="126,91,45,86,61,99,74,38,62,36,28,19,105"/><T57/><D121/><U17/><E128/><V71/><F71/><W79/><G28/><T81/><D57/><U34/><E124/><V93/><F122/><W54/><G126/><T48/><D14/><U95/><E115/><V131/><F131/><W125/><G125/><T59/><D59/><U3/><E3/><V94/><F119/><W80/><G19/><T68/><D48/><U58/><E76/><V106/><F7/><W101/><G54/><T108/><D85/><U22/><E34/><V120/><F120/><W89/><G89/><T40/><D40/><U97/><E22/><V116/><F116/><W130/><G130/><T29/><D43/><AGARI ba="1,0" hai="17,20,27,39,43,44,55,58,63,73,75,88,95,97" machi="43" ten="40,5200,0" yaku="25,2,54,1" doraHai="134" who="1" fromWho="0" sc="250,-55,250,55,250,0,250,0" /><INIT seed="1,0,0,4,0,96" ten="195,305,250,250" oya="1" hai0="103,89,54,94,11,29,108,22,13,61,5,87,42" hai1="41,84,90,31,105,80,107,53,112,73,19,45,104" hai2="56,66,74,23,7,17,69,114,36,97,4,38,64" hai3="59,3,93,57,40,70,121,85,83,35,33,34,50"/><U79/><E107/><V101/><F74/><W16/><G70/><T32/><D32/><U44/><E112/><V47/><F69/><W113/><G113/><T127/><D108/><U92/><E31/><V43/><F38/><W60/><G3/><T10/><D127/><U49/><REACH who="1" step="1"/><E19/><REACH who="1" ten="195,295,250,250" step="2"/><V125/><F125/><W58/><G16/><T30/><D30/><U131/><E131/><V20/><F114/><W98/><G121/><T14/><D29/><U119/><E119/><V37/><F17/><W55/><G35/><T24/><D24/><U111/><E111/><V116/><F116/><W26/><G34/><T115/><D115/><U91/><E91/><V63/><F20/><W68/><G33/><T99/><D22/><U126/><E126/><V0/><F23/><W65/><G26/><T15/><D11/><U132/><E132/><V129/><F129/><W88/><REACH who="3" step="1"/><G40/><REACH who="3" ten="195,295,250,240" step="2"/><T67/><D42/><U78/><E78/><AGARI ba="0,2" hai="50,55,57,58,59,60,65,68,78,83,85,88,93,98" machi="78" ten="30,7700,0" yaku="1,1,2,1,7,1,54,1,53,0" doraHai="96" doraHaiUra="120" who="3" fromWho="1" sc="195,0,295,-77,250,0,240,97" /><INIT seed="2,0,0,1,2,6" ten="195,218,250,337" oya="2" hai0="98,93,135,82,7,8,67,42,125,130,63,49,0" hai1="3,11,92,120,5,19,110,80,48,70,23,46,51" hai2="100,32,103,95,97,83,78,116,33,84,76,18,114" hai3="29,71,72,55,132,13,99,69,86,45,89,58,131"/><V9/><F116/><W94/><G72/><T31/><D125/><U36/><E110/><V133/><F114/><W65/><G131/><T90/><D130/><U59/><E70/><V15/><F133/><W118/><G118/><T127/><D127/><U109/><E109/><V61/><F78/><W10/><G29/><T17/><D135/><U47/><E120/><V27/><F100/><W52/><G65/><T16/><D31/><U105/><E105/><V96/><F96/><W53/><G132/><T85/><D49/><U24/><E36/><V91/><F27/><W79/><G58/><T22/><D42/><U25/><E92/><V21/><F103/><W134/><G134/><T112/><D22/><U20/><E80/><V121/><F121/><W122/><G122/><T87/><D87/><U41/><E59/><V64/><REACH who="2" step="1"/><F21/><REACH who="2" ten="195,218,240,337" step="2"/><W44/><G79/><T106/><D112/><U129/><E129/><V40/><F40/><W14/><G99/><T54/><D106/><U37/><REACH who="1" step="1"/><E47/><REACH who="1" ten="195,208,240,337" step="2"/><V126/><F126/><W102/><G44/><T119/><D119/><U43/><E43/><V117/><F117/><W128/><G45/><T30/><D98/><U73/><E73/><V115/><F115/><W68/><G128/><T38/><D85/><U113/><E113/><V123/><F123/><W57/><G86/><T66/><D82/><U26/><E26/><V2/><F2/><W4/><G102/><T34/><D0/><U60/><E60/><V12/><F12/><W124/><G124/><T1/><D1/><U108/><E108/><V88/><F88/><W104/><G14/><RYUUKYOKU ba="0,2" sc="195,-15,208,15,240,15,337,-15" hai1="3,5,11,19,20,23,24,25,37,41,46,48,51" hai2="9,15,18,32,33,61,64,76,83,84,91,95,97" /><INIT seed="2,1,2,0,3,102" ten="180,223,255,322" oya="2" hai0="6,120,21,77,7,48,12,42,84,65,49,126,64" hai1="92,53,110,133,89,129,30,34,113,44,35,105,58" hai2="45,98,114,50,123,16,33,24,56,111,93,88,107" hai3="119,40,79,117,8,86,46,118,23,97,130,13,14"/><V11/><F123/><W47/><G130/><T91/><D120/><U128/><E113/><V0/><F114/><W112/><G112/><T135/><D77/><U103/><E110/><V116/><F116/><W95/><G23/><T67/><D126/><U131/><E133/><V59/><F111/><W76/><G47/><N who="0" m="25719" /><D135/><U83/><E83/><V55/><F107/><W41/><G41/><T108/><D108/><U17/><E17/><V1/><F1/><W15/><G86/><T63/><D49/><N who="1" m="31023" /><E30/><V109/><F109/><W106/><G106/><T74/><D74/><U72/><E44/><V52/><F33/><N who="1" m="12297" /><E72/><V9/><F0/><W4/><G76/><T61/><D21/><U19/><E19/><V54/><F24/><W85/><G79/><T132/><D132/><U3/><E3/><V60/><F16/><W57/><G117/><T62/><D12/><U28/><E28/><V43/><REACH who="2" step="1"/><F55/><REACH who="2" ten="180,223,245,322" step="2"/><W27/><G118/><T38/><D38/><AGARI ba="1,3" hai="9,11,38,43,45,50,52,54,56,59,60,88,93,98" machi="38" ten="30,18000,2" yaku="1,1,2,1,7,1,54,2,53,1" doraHai="102" doraHaiUra="71" who="2" fromWho="0" sc="180,-183,223,0,245,213,322,0" owari="-3,-50.0,223,-18.0,458,56.0,322,12.0" /></mjloggm>