<mjloggm ver="2.3"><GO type="169" lobby="0"/><UN n0="%E3%83%94%E3%82%AB%E5%90%BE%E9%83%8E" n1="%E3%81%82%E3%82%8B%E3%81%B5%E3%81%81%E3%81%AE%E4%BA%BA" n2="%E3%82%A6%E3%83%AB%E3%83%88%E3%83%A9%E7%AB%8B%E7%9B%B4" n3="%E3%81%AF%E3%81%9B%E3%81%99%E3%81%91%EF%BC%8E" dan="18,16,18,16" rate="2231.70,2062.80,2202.22,2120.17" sx="M,M,M,M"/><TAIKYOKU oya="0"/><INIT seed="0,0,0,5,2,45" ten="250,250,250,250" oya="0" hai0="129,46,39,114,93,17,13,99,91,9,81,33,57" hai1="102,28,121,16,48,36,31,107,127,83,44,89,1" hai2="101,0,100,87,15,56,115,4,37,122,79,25,78" hai3="125,50,68,27,110,67,92,42,109,61,126,76,62"/><T120/><D33/><U123/><E1/><V41/><F115/><W5/><G5/><T66/><D114/><U71/><E36/><V104/><F0/><W96/><G76/><T43/><D120/><U60/><E127/><N who="3" m="48650" /><G27/><T73/><D73/><U22/><E102/><V10/><F104/><W94/><G92/><T95/><D81/><U103/><E103/><V3/><F3/><W26/><G26/><T24/><D24/><U32/><E32/><V131/><F79/><W35/><G35/><T111/><D66/><U29/><E107/><V38/><F78/><W106/><G106/><T11/><D57/><U118/><E118/><V18/><F25/><W54/><G42/><T134/><D95/><U65/><E22/><V69/><F41/><W97/><G62/><T2/><D2/><U135/><E135/><V58/><F100/><N who="3" m="60439" /><G97/><T105/><D134/><U72/><E72/><V12/><F87/><W75/><G75/><T88/><D105/><U112/><E112/><V130/><F101/><W40/><G40/><T7/><D91/><U47/><E16/><V113/><F18/><W20/><G20/><T6/><D11/><U82/><E82/><V74/><F10/><W77/><G77/><T90/><D90/><U52/><REACH who="1" step="1"/><E44/><AGARI ba="0,0" hai="44,50,54,61,67,68,109,110" m="60439,48650" machi="44" ten="30,2000,0" yaku="18,1,52,1" doraHai="45" who="3" fromWho="1" sc="250,0,250,-20,250,0,250,20" /><INIT seed="1,0,0,3,5,65" ten="250,230,250,270" oya="1" hai0="95,132,97,14,100,93,78,51,50,124,66,85,0" hai1="44,13,8,35,96,129,1,53,38,33,18,102,28" hai2="63,81,19,32,84,6,71,52,2,62,125,127,73" hai3="47,67,77,89,15,117,49,5,75,134,48,116,68"/><U114/><E114/><V111/><F32/><W119/><G134/><T3/><D132/><U16/><E129/><V31/><F31/><W40/><G75/><T92/><D124/><N who="2" m="47690" /><F73/><W76/><G49/><T25/><D51/><U57/><E1/><V22/><F111/><W90/><G5/><T45/><D14/><U17/><E38/><V82/><F6/><W12/><G15/><T60/><D25/><U80/><E80/><V11/><F11/><W99/><G12/><T87/><D87/><U37/><E37/><V98/><F98/><W112/><G112/><T56/><D3/><U106/><E44/><V126/><F2/><W107/><G107/><T79/><D0/><U88/><E88/><N who="3" m="33898" /><G99/><T101/><D100/><U26/><REACH who="1" step="1"/><E35/><REACH who="1" ten="250,220,250,270" step="2"/><V55/><F126/><W104/><G104/><T118/><D79/><U69/><E69/><V103/><F81/><W43/><G43/><N who="0" m="24895" /><D118/><U59/><E59/><V61/><F103/><W23/><G119/><T115/><D115/><U34/><E34/><V121/><F121/><W131/><G131/><T105/><D105/><U46/><E46/><V94/><F94/><W122/><G117/><T64/><D93/><U135/><E135/><V91/><F71/><W70/><G122/><T10/><D95/><U36/><E36/><V120/><F120/><W113/><G116/><T39/><D39/><U110/><E110/><V133/><F133/><W41/><G113/><T20/><D78/><U27/><E27/><AGARI ba="0,1" hai="19,22,27,52,55,61,62,63,82,84,91" m="47690" machi="27" ten="30,2000,0" yaku="18,1,54,1" doraHai="65" who="2" fromWho="1" sc="250,0,220,-20,250,30,270,0" /><INIT seed="2,0,0,1,5,74" ten="250,200,280,270" oya="2" hai0="13,104,44,38,2,76,1,86,82,33,17,80,6" hai1="48,132,21,18,103,36,96,61,95,111,62,60,20" hai2="108,35,115,135,90,81,107,66,77,7,112,121,3" hai3="106,133,42,69,89,5,105,67,54,114,37,14,127"/><V34/><F121/><W65/><G114/><T57/><D33/><N who="2" m="12298" /><F90/><W55/><G133/><T49/><D6/><U101/><E36/><V100/><F66/><W131/><G127/><T45/><D104/><U122/><E132/><V109/><F135/><W53/><G131/><T123/><D123/><U102/><E122/><V39/><F39/><W28/><G28/><T87/><D57/><U46/><E111/><N who="2" m="42571" /><F7/><W128/><G128/><T56/><D38/><U93/><E93/><V73/><F3/><W31/><G31/><T99/><D99/><AGARI ba="0,0" hai="73,77,81,99,100,107,112,115" m="42571,12298" machi="99" ten="30,11600,0" yaku="14,1,10,1,23,1,52,1" doraHai="74" who="2" fromWho="0" sc="250,-116,200,0,280,116,270,0" /><INIT seed="2,1,0,3,3,47" ten="134,200,396,270" oya="2" hai0="123,72,51,88,82,71,60,66,92,42,5,54,79" hai1="119,32,6,62,130,21,26,125,43,16,99,31,93" hai2="116,56,41,97,103,69,3,91,102,11,132,65,78" hai3="33,84,75,80,105,59,1,112,124,87,48,131,44"/><V7/><F116/><W52/><G105/><T18/><D123/><U19/><E119/><V9/><F132/><W104/><G104/><T121/><D121/><U127/><E130/><V85/><F69/><W67/><G1/><T37/><D5/><U17/><E6/><V83/><F41/><W27/><G131/><T89/><D18/><U122/><E43/><V50/><F11/><W98/><G124/><T113/><D113/><U20/><E62/><V76/><F102/><W77/><G112/><T36/><D42/><U94/><E122/><V58/><F65/><W86/><G98/><T108/><D108/><U12/><E94/><V8/><F8/><W49/><G67/><T10/><D10/><U115/><E115/><V25/><F25/><W74/><G74/><T129/><D129/><U109/><E109/><V61/><F61/><W38/><G38/><T45/><REACH who="0" step="1"/><D89/><REACH who="0" ten="124,200,396,270" step="2"/><U120/><E120/><V95/><F9/><W90/><G90/><T117/><D117/><U57/><E127/><V110/><F7/><W135/><G135/><T68/><D68/><U96/><E125/><V0/><F0/><W81/><G81/><T35/><D35/><U30/><E19/><V128/><F3/><W14/><G14/><T101/><D101/><N who="1" m="60559" /><E32/><V134/><F128/><W70/><G70/><T46/><D46/><U64/><E57/><N who="2" m="22123" /><F134/><W23/><G33/><T28/><D28/><N who="1" m="10795" /><E64/><V111/><F110/><W118/><G118/><T106/><D106/><U15/><E15/><V100/><F111/><W22/><G27/><T107/><D107/><U133/><E133/><V24/><F103/><RYUUKYOKU ba="1,1" sc="124,10,200,10,396,-30,270,10" hai0="36,37,45,51,54,60,66,71,72,79,82,88,92" hai1="12,16,17,20,21,26,99" hai3="22,23,44,48,49,52,59,75,77,80,84,86,87" /><INIT seed="3,2,1,4,3,43" ten="134,210,366,280" oya="3" hai0="72,117,114,107,84,39,101,40,131,97,100,34,99" hai1="5,46,38,130,111,28,13,41,116,80,102,63,29" hai2="113,105,35,74,62,22,58,20,42,87,4,51,32" hai3="0,37,89,60,3,16,115,44,132,36,45,75,65"/><W9/><G75/><T135/><D117/><U70/><E111/><V23/><F74/><W79/><G115/><T7/><D72/><U1/><E116/><V96/><F113/><W8/><G79/><T77/><D114/><U19/><E130/><V81/><F4/><W92/><G132/><T14/><D34/><U106/><E5/><V123/><F123/><W49/><G3/><T66/><D66/><U108/><E1/><V10/><F10/><W59/><G0/><T26/><D26/><U104/><E80/><V82/><F105/><W119/><G119/><T85/><D77/><U27/><E102/><V91/><F96/><W78/><G78/><T56/><D56/><U25/><E25/><V112/><F112/><W94/><G37/><T2/><D2/><U67/><E108/><V133/><F82/><W103/><G36/><T86/><D131/><U128/><E128/><V124/><F124/><W33/><G33/><T90/><D135/><U110/><E110/><V120/><F120/><W47/><G49/><T52/><D52/><U50/><E50/><V11/><F133/><W15/><G103/><T61/><D61/><U122/><E122/><V126/><F126/><W129/><G129/><T24/><D90/><U18/><E29/><V121/><F121/><W76/><G76/><T64/><D107/><U53/><E53/><N who="2" m="34127" /><F51/><W73/><G73/><T30/><D39/><U83/><E28/><V68/><F42/><W31/><G31/><T125/><D40/><U71/><E41/><V6/><F68/><W12/><G89/><T55/><D125/><U93/><E38/><RYUUKYOKU ba="2,1" sc="134,-15,210,-15,366,15,280,15" hai2="6,11,20,22,23,32,35,81,87,91" hai3="8,9,12,15,16,44,45,47,59,60,65,92,94" /><INIT seed="3,3,1,1,1,60" ten="119,195,381,295" oya="3" hai0="12,0,18,116,110,3,61,67,78,107,51,99,81" hai1="102,58,113,44,109,53,100,117,124,2,34,19,75" hai2="119,36,52,46,120,97,14,115,101,41,134,59,122" hai3="77,132,31,64,133,55,105,57,89,29,35,63,15"/><W135/><G105/><T103/><D51/><U6/><E113/><V85/><F115/><W72/><G35/><T84/><D110/><U128/><E34/><V62/><F119/><W48/><G89/><T16/><D116/><U90/><E75/><V20/><F85/><W127/><G127/><T37/><D37/><U104/><E117/><V26/><F14/><W54/><G54/><T82/><D81/><U83/><E109/><V49/><F134/><W88/><G15/><T74/><D74/><U33/><E33/><V47/><F20/><W106/><G106/><T1/><REACH who="0" step="1"/><D12/><REACH who="0" ten="109,195,381,295" step="2"/><U93/><E83/><V4/><F36/><W42/><G72/><T68/><AGARI ba="3,2" hai="0,1,3,16,18,61,67,68,78,82,84,99,103,107" machi="68" ten="30,12000,2" yaku="1,1,2,1,0,1,52,1,54,1,53,1" doraHai="60" doraHaiUra="94" who="0" fromWho="0" sc="109,149,195,-33,381,-33,295,-63" /><INIT seed="4,0,0,2,1,124" ten="258,162,348,232" oya="0" hai0="126,12,62,78,112,42,71,103,83,34,16,49,18" hai1="89,134,50,13,20,25,38,104,17,128,91,69,3" hai2="54,31,56,39,10,85,5,100,1,107,22,90,131" hai3="80,37,114,2,57,81,135,59,63,36,76,115,43"/><T122/><D34/><U125/><E38/><N who="3" m="14954" /><G2/><T101/><D71/><U65/><E3/><V15/><F39/><W61/><G43/><T58/><D122/><U70/><E125/><V84/><F100/><W130/><G135/><T95/><D112/><N who="3" m="43049" /><G76/><T9/><D18/><U119/><E119/><V26/><F107/><W98/><G98/><T105/><D105/><U94/><E104/><V64/><F64/><N who="3" m="38959" /><G130/><T108/><D126/><U23/><E128/><V8/><F90/><W51/><G51/><T92/><D49/><U82/><E134/><V7/><F131/><W72/><G72/><T116/><D42/><U40/><E65/><AGARI ba="0,0" hai="59,63,65,80,81" m="38959,43049,14954" machi="65" ten="30,1000,0" yaku="15,1" doraHai="124" who="3" fromWho="1" sc="258,0,162,-10,348,0,232,10" /><INIT seed="5,0,0,0,1,23" ten="258,152,348,242" oya="1" hai0="43,36,38,3,73,75,12,132,116,90,109,120,32" hai1="2,134,131,13,84,125,117,114,83,81,34,69,85" hai2="98,49,4,97,130,26,22,42,112,45,110,17,65" hai3="121,111,8,93,47,106,63,51,91,20,86,39,10"/><U100/><E2/><V74/><F110/><W128/><G111/><T52/><D32/><U54/><E34/><V68/><F130/><W126/><G128/><T21/><D116/><U16/><E131/><V80/><F112/><W133/><G126/><T87/><D3/><U71/><E117/><V57/><F68/><W102/><G133/><T99/><D99/><U89/><E114/><V29/><F4/><W94/><G121/><T6/><D6/><U62/><E125/><V70/><F70/><W107/><G39/><T59/><D132/><U115/><E115/><V123/><F123/><W76/><G76/><T66/><D66/><U79/><E100/><V118/><F74/><W1/><G63/><T25/><D12/><U33/><E33/><V72/><F72/><W119/><G119/><T135/><D38/><U101/><E101/><V58/><F80/><W15/><G1/><T18/><D135/><U40/><E40/><V64/><F29/><W46/><G46/><T24/><D75/><U19/><E19/><V37/><F37/><W48/><G48/><T95/><D73/><U67/><E54/><V61/><F118/><W82/><G107/><T7/><D7/><U88/><E134/><V31/><F31/><W104/><G104/><T35/><D109/><U9/><E71/><V103/><F103/><W44/><G44/><N who="0" m="23655" /><D120/><U60/><E60/><AGARI ba="0,0" hai="17,22,26,42,45,49,57,58,60,61,64,65,97,98" machi="60" ten="40,5200,0" yaku="9,1,8,1,52,1" doraHai="23" who="2" fromWho="1" sc="258,0,152,-52,348,52,242,0" /><INIT seed="6,0,0,4,4,23" ten="258,100,400,242" oya="2" hai0="43,83,107,54,127,69,105,49,22,85,60,47,102" hai1="62,80,94,70,97,16,35,56,21,32,100,84,28" hai2="51,10,9,45,19,131,87,71,48,103,68,81,78" hai3="33,42,99,88,111,14,55,12,86,3,120,106,124"/><V89/><F131/><W65/><G111/><T132/><D102/><U46/><E70/><V26/><F103/><W82/><G120/><T129/><D129/><U1/><E1/><V76/><F51/><W27/><G124/><T38/><D132/><U39/><E39/><V90/><F68/><W116/><G116/><T98/><D98/><U121/><E46/><V40/><F71/><W57/><G65/><T59/><D127/><U133/><E133/><V50/><F50/><W31/><G3/><T104/><D22/><U2/><E2/><V67/><F67/><W96/><G42/><T91/><REACH who="0" step="1"/><D69/><REACH who="0" ten="248,100,400,242" step="2"/><U130/><E130/><V123/><F123/><W25/><G99/><T61/><AGARI ba="0,1" hai="38,43,47,49,54,59,60,61,83,85,91,104,105,107" machi="61" ten="40,8000,1" yaku="1,1,2,1,0,1,53,1" doraHai="23" doraHaiUra="52" who="0" fromWho="0" sc="248,90,100,-20,400,-40,242,-20" /><INIT seed="7,0,0,2,3,75" ten="338,80,360,222" oya="3" hai0="44,77,85,127,90,1,11,15,13,50,31,56,42" hai1="51,110,134,117,70,104,122,68,133,0,29,116,69" hai2="114,12,48,35,49,58,43,55,88,7,115,46,100" hai3="82,62,10,14,101,83,132,41,131,87,106,76,135"/><W93/><G41/><T108/><D127/><U64/><E0/><V111/><F35/><W57/><G106/><T103/><D108/><U30/><E104/><V71/><F71/><W61/><G131/><T126/><D126/><U60/><E110/><V5/><F100/><W38/><G38/><T36/><D103/><U120/><E51/><V96/><F111/><W129/><G129/><T124/><D124/><U72/><E72/><V95/><F12/><W28/><G28/><T32/><D31/><U20/><E20/><V23/><F23/><W59/><G101/><T19/><D1/><U26/><E26/><V98/><F98/><W84/><G93/><T54/><D32/><U40/><E40/><V4/><AGARI ba="0,0" hai="4,5,7,43,46,48,49,55,58,88,95,96,114,115" machi="4" ten="30,2000,0" yaku="0,1,54,1" doraHai="75" who="2" fromWho="2" sc="338,-5,80,-5,360,20,222,-10" owari="333,13.0,75,-42.0,380,48.0,212,-19.0" /></mjloggm>