<mjloggm ver="2.3"><GO type="97" lobby="0"/><UN n0="%E3%83%88%E3%83%88%E3%83%AA%E5%85%88%E7%94%9F%31%39%E6%AD%B3" n1="%E3%81%A9%E3%81%86%E3%81%9E%E3%81%94%E8%87%AA%E7%94%B1%E3%81%AB" n2="%70%61%78%65%6C%6C" n3="%73%6F%6E%69%63%32%31" dan="14,15,15,13" rate="2023.50,1963.16,2024.82,1839.88" sx="F,F,M,M"/><TAIKYOKU oya="0"/><INIT seed="0,0,0,2,3,91" ten="250,250,250,250" oya="0" hai0="3,101,112,39,75,17,64,120,87,133,115,107,46" hai1="69,1,122,23,118,26,106,111,54,36,105,129,84" hai2="108,127,98,102,32,74,88,55,57,97,85,73,77" hai3="96,0,2,117,116,67,13,50,80,134,123,109,126"/><T61/><D120/><U130/><E122/><V65/><F32/><W6/><G123/><T72/><D133/><U14/><E118/><V94/><F65/><W7/><G67/><T128/><D128/><U135/><E135/><V38/><F38/><W132/><G96/><N who="0" m="61863" /><D17/><U47/><E1/><V21/><F108/><W113/><G109/><T60/><D60/><U71/><E111/><V68/><F68/><W76/><G134/><T114/><D3/><U100/><E71/><V24/><F127/><W22/><G0/><T93/><D87/><U95/><E69/><V4/><F4/><W15/><G116/><T18/><D18/><N who="1" m="12663" /><E36/><V89/><F89/><W5/><G7/><T99/><D93/><U66/><E66/><V51/><F77/><W25/><G6/><T62/><D62/><U121/><E121/><V8/><F8/><W86/><G5/><T44/><D99/><N who="1" m="59519" /><E105/><V81/><REACH who="2" step="1"/><F98/><REACH who="2" ten="250,250,240,250" step="2"/><W20/><G132/><T34/><D34/><U45/><E130/><V27/><F27/><W53/><G25/><T125/><D125/><U104/><E129/><V48/><F48/><W124/><G50/><T63/><D63/><U29/><E14/><V9/><F9/><W78/><G15/><T79/><D39/><U110/><E110/><V12/><F12/><W59/><G13/><T11/><D11/><U35/><E35/><V42/><F42/><W49/><G124/><T103/><D103/><U33/><E33/><V83/><F83/><W30/><G126/><T43/><D43/><U28/><E84/><V41/><F41/><W56/><G86/><T37/><D37/><RYUUKYOKU ba="0,1" sc="250,-10,250,-10,240,30,250,-10" hai2="21,24,51,55,57,73,74,81,85,88,94,97,102" /><INIT seed="1,1,1,0,1,113" ten="240,240,270,240" oya="1" hai0="25,27,31,14,17,56,108,13,72,132,101,126,97" hai1="39,35,73,94,36,125,123,69,90,60,110,64,40" hai2="118,37,48,122,81,28,112,134,53,15,58,6,52" hai3="16,96,115,88,45,1,67,68,0,114,87,130,4"/><U128/><E123/><V2/><F37/><W5/><G130/><T9/><D72/><U49/><E128/><V116/><F122/><W133/><G133/><T10/><D132/><U82/><E125/><V22/><F134/><W76/><G115/><T21/><D126/><U100/><E35/><V84/><F112/><W47/><G114/><T65/><D108/><U71/><E110/><V54/><F2/><W38/><G1/><T74/><D74/><U119/><E71/><V41/><F28/><W51/><G0/><T107/><D27/><U34/><E34/><V44/><F58/><W131/><G131/><T12/><D10/><U120/><E120/><V55/><F22/><W135/><G135/><T8/><D8/><U80/><E119/><V117/><F55/><W61/><G38/><T7/><D17/><U111/><E111/><V42/><F42/><W109/><G109/><T33/><D33/><U59/><E100/><V57/><F57/><W43/><G47/><T62/><AGARI ba="1,1" hai="7,9,12,13,14,21,25,31,56,62,65,97,101,107" machi="62" ten="30,1100,0" yaku="0,1" doraHai="113" who="0" fromWho="0" sc="240,24,240,-6,270,-4,240,-4" /><INIT seed="2,0,0,0,1,107" ten="264,234,266,236" oya="2" hai0="6,36,49,78,29,96,62,80,48,133,68,67,101" hai1="56,30,32,47,95,0,59,102,53,128,113,23,92" hai2="43,54,2,34,42,111,104,37,27,82,24,28,40" hai3="10,16,126,134,57,35,8,79,114,63,77,127,50"/><V99/><F37/><W98/><G35/><T103/><D36/><U105/><E113/><V45/><F2/><W112/><G50/><T73/><D133/><U58/><E128/><V117/><F117/><W90/><G134/><T129/><D129/><U88/><E0/><V1/><F1/><W109/><G109/><T91/><D6/><U4/><E105/><V44/><F111/><W116/><G116/><T33/><D101/><U125/><E125/><N who="3" m="47626" /><G90/><T61/><D61/><U124/><E124/><V55/><F82/><W39/><G98/><T52/><D91/><U87/><E32/><V97/><F104/><W3/><G39/><T64/><D64/><U71/><E71/><V100/><F100/><W21/><G79/><T17/><D17/><U65/><E4/><V72/><F72/><W5/><G77/><T108/><D108/><U89/><E102/><V83/><F83/><W85/><G85/><T75/><D75/><U94/><E65/><V25/><F28/><W93/><G93/><T76/><D76/><U13/><E87/><V84/><F84/><W110/><G110/><T60/><D29/><U122/><E122/><V11/><F34/><W120/><G120/><T20/><D33/><U132/><E132/><V115/><F115/><W12/><G10/><T131/><D131/><U130/><E130/><V135/><F11/><W14/><G3/><T118/><D118/><U123/><E123/><V9/><F9/><W121/><G121/><T19/><D103/><U7/><E7/><V31/><F135/><W70/><G70/><T74/><D74/><U66/><E89/><RYUUKYOKU ba="0,0" sc="264,-10,234,-10,266,-10,236,30" hai3="5,8,12,14,16,21,57,63,112,114" /><INIT seed="3,1,0,5,4,26" ten="254,224,256,266" oya="3" hai0="90,19,92,51,9,86,55,17,68,89,78,52,109" hai1="31,124,65,0,133,25,47,112,14,134,69,95,8" hai2="5,91,48,108,66,103,111,102,77,121,131,119,114" hai3="28,29,107,80,32,122,18,12,117,127,58,120,34"/><W44/><G117/><T125/><D68/><U82/><E112/><V37/><F114/><W1/><G107/><T94/><D109/><U16/><E124/><V41/><F37/><W74/><G127/><T79/><D125/><U36/><E0/><V115/><F115/><W38/><G1/><T13/><D19/><U96/><E82/><V113/><F113/><W85/><G74/><T123/><D123/><U10/><E8/><V71/><F119/><W67/><G122/><T50/><D50/><U110/><E110/><N who="2" m="42027" /><F131/><W2/><G2/><T27/><D27/><U33/><E65/><V4/><F77/><W23/><G34/><T98/><REACH who="0" step="1"/><D52/><REACH who="0" ten="244,224,256,266" step="2"/><U59/><E69/><V76/><F71/><W93/><G120/><T128/><D128/><U40/><REACH who="1" step="1"/><E59/><AGARI ba="1,1" hai="9,13,17,51,55,59,78,79,86,89,90,92,94,98" machi="59" ten="30,3900,0" yaku="1,1,7,1,8,1,53,0" doraHai="26" doraHaiUra="61" who="0" fromWho="1" sc="244,52,224,-42,256,0,266,0" /><INIT seed="4,0,0,2,5,76" ten="296,182,256,266" oya="0" hai0="110,48,63,117,15,79,93,40,134,71,74,13,54" hai1="56,52,68,2,103,72,31,55,99,113,70,67,101" hai2="11,121,5,21,32,122,41,26,20,19,100,97,85" hai3="4,127,8,89,86,69,104,60,92,130,120,25,65"/><T66/><D117/><U114/><E2/><V49/><F85/><W0/><G130/><T133/><D110/><U9/><E72/><V73/><F73/><W82/><G127/><T126/><D126/><U119/><E119/><V29/><F41/><W129/><G129/><T39/><D93/><N who="1" m="58607" /><E103/><V10/><F49/><W61/><G120/><N who="2" m="46185" /><F97/><W1/><G104/><T27/><D27/><U3/><E31/><V45/><F45/><W102/><G25/><T81/><D40/><U123/><E123/><V132/><F100/><W87/><G60/><T125/><D39/><U43/><E43/><V96/><F96/><W128/><G128/><T7/><D7/><N who="1" m="1279" /><E67/><V77/><F77/><W14/><REACH who="3" step="1"/><G102/><REACH who="3" ten="296,182,256,256" step="2"/><T16/><D125/><U111/><E111/><V106/><F106/><W47/><G47/><T42/><D63/><N who="1" m="36231" /><E55/><V6/><F26/><W59/><G59/><T18/><D54/><U46/><E46/><V131/><F131/><W124/><G124/><T22/><D42/><U35/><E35/><V12/><F5/><W94/><G94/><T58/><D58/><U28/><E28/><V84/><F6/><W50/><G50/><T95/><D48/><U115/><AGARI ba="0,1" hai="68,70,113,114,115" m="36231,1279,58607" machi="115" ten="30,4000,0" yaku="15,1,11,1,54,1" doraHai="76" who="1" fromWho="1" sc="296,-20,182,50,256,-10,256,-10" /><INIT seed="5,0,0,2,5,15" ten="276,232,246,246" oya="1" hai0="17,37,104,116,131,106,127,123,24,78,66,100,47" hai1="64,77,58,67,29,65,72,107,61,111,122,40,42" hai2="108,125,30,71,103,38,83,1,22,118,33,5,69" hai3="12,110,95,21,80,124,135,14,53,93,49,11,35"/><U89/><E122/><V82/><F118/><W45/><G35/><T70/><D116/><U105/><E111/><V31/><F108/><W130/><G110/><T113/><D123/><U18/><E107/><V6/><F38/><W56/><G130/><T10/><D131/><U28/><E105/><V32/><F103/><W23/><G135/><T134/><D134/><U120/><E120/><V2/><REACH who="2" step="1"/><F22/><REACH who="2" ten="276,232,236,246" step="2"/><W27/><G23/><T98/><D100/><U16/><E89/><V60/><F60/><W46/><G21/><T109/><D37/><U91/><E91/><V26/><F26/><W87/><G27/><T36/><D36/><U129/><E129/><V9/><F9/><W88/><G11/><T48/><D24/><U115/><E115/><V52/><F52/><W8/><G8/><T63/><D113/><U25/><E25/><V75/><F75/><W44/><G124/><AGARI ba="0,1" hai="1,2,5,6,30,31,32,33,69,71,82,83,124,125" machi="124" ten="25,3200,0" yaku="1,1,22,2,53,0" doraHai="15" doraHaiUra="112" who="2" fromWho="3" sc="276,0,232,0,236,42,246,-32" /><INIT seed="6,0,0,5,5,58" ten="276,232,278,214" oya="2" hai0="66,91,41,122,67,32,16,9,75,93,124,68,25" hai1="63,134,84,4,51,114,69,94,50,79,128,88,113" hai2="130,18,47,13,27,127,35,111,23,42,44,82,106" hai3="101,83,0,100,116,131,104,12,85,90,60,22,72"/><V57/><F106/><W108/><G0/><T71/><D122/><U129/><E134/><V43/><F35/><W112/><G12/><T19/><D75/><U103/><E4/><V10/><F130/><N who="1" m="50281" /><E79/><V7/><F127/><W46/><G131/><T29/><D124/><U52/><E103/><N who="3" m="39498" /><G22/><T28/><D41/><N who="2" m="15370" /><F111/><W34/><G60/><T59/><D28/><U92/><E92/><V135/><F135/><W117/><G46/><N who="2" m="17449" /><F82/><N who="3" m="49463" /><G34/><T5/><D68/><U86/><E84/><V31/><F57/><W123/><G108/><T96/><D71/><U14/><E14/><V125/><F125/><W110/><G110/><T89/><D59/><N who="1" m="33175" /><E51/><V105/><F105/><W97/><G123/><T77/><D32/><U133/><E133/><V54/><F54/><W132/><G132/><T62/><D66/><AGARI ba="0,0" hai="63,66,69,86,88,94,113,114" m="33175,50281" machi="66" ten="30,7700,0" yaku="19,1,52,1,54,2" doraHai="58" who="1" fromWho="0" sc="276,-77,232,77,278,0,214,0" owari="199,-30.0,309,41.0,278,8.0,214,-19.0" /></mjloggm>