<mjloggm ver="2.3"><GO type="41" lobby="0"/><UN n0="%36%31%34%36%42" n1="%E3%81%9C%E3%82%93%E3%81%A4%E3%81%81%E5%AB%8C%E3%81%84" n2="%E3%81%B4%E3%82%87%E3%81%B4%E3%82%87%E3%82%93%E3%80%82" n3="%E5%B0%B1%E6%B4%BB%E7%94%9F%40%E5%B7%9D%E6%9D%91%E8%BB%8D%E5%9B%A3" dan="14,15,14,15" rate="1934.55,1946.27,1943.09,2038.45" sx="M,F,M,M"/><TAIKYOKU oya="0"/><INIT seed="0,0,0,0,2,54" ten="250,250,250,250" oya="0" hai0="118,113,75,68,3,7,65,96,36,48,59,55,84" hai1="99,130,24,103,95,128,133,74,94,126,77,61,28" hai2="27,16,101,102,92,29,18,49,50,110,1,111,132" hai3="43,32,123,40,62,66,108,79,45,90,22,87,41"/><T63/><D118/><U125/><E61/><V23/><F1/><W13/><G32/><T104/><D75/><U120/><E120/><V80/><F80/><W20/><G123/><T127/><D113/><U72/><E133/><V73/><F73/><N who="1" m="28265" /><E77/><V47/><F132/><W30/><G79/><T64/><D127/><N who="1" m="48651" /><E24/><V9/><F49/><W107/><G107/><T112/><D112/><U35/><E28/><V135/><F135/><W34/><G34/><T12/><D3/><U116/><E35/><V8/><F8/><W121/><G121/><T39/><D84/><U44/><E44/><V71/><F71/><W105/><G105/><T25/><D25/><U88/><E116/><V70/><F70/><W46/><G22/><T115/><D115/><U91/><E91/><V67/><F101/><W2/><G2/><T0/><D0/><U17/><E17/><V119/><F119/><W53/><G30/><T69/><D7/><U97/><AGARI ba="0,0" hai="88,94,95,97,99,103,128,130" m="48651,28265" machi="97" ten="40,8000,1" yaku="18,1,34,2,54,1" doraHai="54" who="1" fromWho="1" sc="250,-40,250,80,250,-20,250,-20" /><INIT seed="1,0,0,1,2,121" ten="210,330,230,230" oya="1" hai0="10,63,20,73,74,99,97,24,83,122,31,113,21" hai1="6,82,67,64,48,61,135,111,125,32,19,93,55" hai2="95,18,114,47,127,124,92,23,66,59,109,22,0" hai3="107,12,11,45,110,101,28,102,100,108,2,75,117"/><U30/><E125/><V132/><F0/><W134/><G2/><T72/><D122/><U16/><E6/><V81/><F114/><W80/><G28/><T42/><D113/><U120/><E120/><V1/><F1/><W112/><G112/><T87/><D42/><U37/><E37/><V94/><F132/><W3/><G3/><T130/><D130/><U57/><E135/><V39/><F81/><W123/><G134/><T52/><D10/><U62/><E111/><N who="3" m="42538" /><G123/><T43/><D43/><U103/><E82/><V71/><F39/><W14/><G117/><T128/><D128/><U40/><E40/><V133/><F109/><W118/><G118/><T26/><D87/><U70/><E70/><V33/><F71/><W51/><G107/><T49/><D63/><N who="1" m="24075" /><E30/><V78/><F133/><W131/><G131/><T115/><D83/><U69/><E69/><V85/><F127/><W104/><G104/><T15/><D15/><N who="3" m="5673" /><G11/><T116/><D116/><U13/><E32/><V91/><F33/><W105/><G105/><T84/><D84/><U4/><E4/><V25/><F85/><W88/><G88/><T8/><D8/><N who="1" m="6183" /><E19/><V119/><F18/><W27/><G27/><T90/><D90/><U54/><E54/><V98/><F91/><W41/><G80/><T65/><D115/><U89/><E103/><V96/><F124/><W86/><G86/><AGARI ba="0,0" hai="48,55,57,64,67,86,89,93" m="6183,24075" machi="86" ten="30,2900,0" yaku="8,1,54,1" doraHai="121" who="1" fromWho="3" sc="210,0,330,29,230,0,230,-29" /><INIT seed="1,1,0,0,1,121" ten="210,359,230,201" oya="1" hai0="118,54,109,128,62,91,28,3,129,14,65,46,32" hai1="66,35,19,21,79,15,76,68,123,86,106,103,88" hai2="125,87,37,98,58,34,24,110,104,52,69,131,31" hai3="107,45,105,117,50,84,71,135,55,133,1,97,127"/><U112/><E112/><V49/><F69/><W7/><G71/><T78/><D118/><U39/><E39/><V116/><F116/><W20/><G127/><T95/><D3/><U60/><E35/><V11/><F125/><W17/><G117/><T99/><D78/><U25/><E123/><V115/><F37/><W102/><G84/><T61/><D14/><U85/><E85/><V4/><F115/><W36/><G36/><T120/><D120/><U30/><E103/><V27/><F131/><N who="0" m="50250" /><D28/><U44/><E44/><V74/><F74/><W83/><G83/><T23/><D32/><U75/><E106/><V64/><F64/><W90/><G90/><T70/><D23/><U26/><E75/><V119/><F119/><W0/><G105/><T57/><D46/><U6/><E6/><V124/><F24/><W82/><G82/><T48/><D62/><U63/><E63/><V42/><F124/><W5/><G5/><T29/><D29/><U67/><E67/><V9/><F4/><W72/><G72/><T93/><D93/><N who="1" m="54423" /><E26/><V18/><F104/><W101/><G102/><T10/><D10/><N who="1" m="6647" /><E79/><V132/><F9/><W77/><G77/><T13/><D13/><U22/><E76/><V80/><F11/><W40/><G7/><T33/><D33/><U114/><E114/><V56/><F34/><W43/><G1/><T89/><D89/><U73/><E22/><V53/><F80/><W8/><G8/><T122/><D122/><U2/><E2/><V100/><F100/><W134/><G0/><T38/><D38/><U92/><E73/><V81/><F81/><RYUUKYOKU ba="1,0" sc="210,10,359,10,230,-30,201,10" hai0="48,54,57,61,65,70,91,95,99,109" hai1="21,25,30,60,66,68,92" hai3="17,20,40,43,45,50,55,97,101,107,133,134,135" /><INIT seed="1,2,0,4,3,83" ten="220,369,200,211" oya="1" hai0="104,80,117,97,134,79,87,131,8,116,54,98,129" hai1="12,106,38,114,33,21,94,96,31,47,34,45,32" hai2="49,52,65,120,66,57,39,43,29,67,112,85,19" hai3="108,64,6,68,36,13,59,28,76,0,89,46,16"/><U132/><E114/><V53/><F120/><W103/><G68/><T3/><D3/><U62/><E106/><V70/><F29/><W109/><G103/><N who="0" m="62575" /><D8/><U82/><E132/><V9/><F112/><W44/><G28/><T27/><D27/><U123/><E123/><V124/><F85/><W17/><G0/><T101/><D54/><U81/><E62/><N who="2" m="40247" /><F9/><N who="3" m="4279" /><G76/><T24/><D24/><U22/><E31/><V125/><F19/><N who="3" m="7243" /><G36/><T74/><D74/><U23/><E12/><V60/><F39/><W92/><G109/><T126/><D126/><N who="2" m="48746" /><F43/><W73/><G73/><T25/><D25/><U69/><E69/><V18/><F18/><W88/><G108/><T4/><D4/><U2/><E2/><V48/><F60/><N who="3" m="37919" /><G89/><T1/><D1/><U122/><E122/><V118/><F118/><N who="0" m="45674" /><D134/><U78/><E38/><V72/><F72/><W61/><G61/><T15/><D15/><U100/><REACH who="1" step="1"/><E82/><REACH who="1" ten="220,359,200,211" step="2"/><V40/><F40/><W127/><G127/><T115/><D115/><U51/><E51/><V58/><AGARI ba="2,1" hai="48,49,52,53,57,58,66,67" m="48746,40247" machi="58" ten="30,7900,0" yaku="18,1,34,2,54,1" doraHai="83" who="2" fromWho="2" sc="220,-22,359,-41,200,95,211,-22" /><INIT seed="2,0,0,3,0,36" ten="198,318,295,189" oya="2" hai0="27,67,46,76,90,106,33,98,15,44,104,1,127" hai1="111,77,84,19,133,92,120,18,121,14,81,132,52" hai2="51,95,112,63,126,107,97,29,135,123,10,41,53" hai3="69,91,34,86,43,85,83,94,70,37,80,103,73"/><V108/><F107/><W61/><G34/><T30/><D127/><U117/><E111/><V82/><F126/><W47/><G73/><T45/><D1/><U102/><E117/><V78/><F112/><W3/><G3/><T49/><D67/><U8/><E19/><V101/><F108/><W12/><G61/><T24/><D76/><U50/><E92/><V119/><F119/><W88/><REACH who="3" step="1"/><G12/><REACH who="3" ten="198,318,295,179" step="2"/><T13/><D27/><U89/><E121/><V7/><F63/><W56/><G56/><T118/><D118/><U124/><E120/><V32/><F123/><W28/><G28/><T87/><D13/><U96/><E124/><V110/><F29/><W21/><G21/><T31/><D15/><U25/><E25/><V115/><F32/><W74/><G74/><T6/><D31/><U72/><E72/><V20/><F110/><W68/><G68/><T11/><D24/><U54/><E14/><V40/><F20/><W71/><G71/><T60/><D30/><U122/><E122/><V66/><F115/><W39/><G39/><T100/><D33/><U105/><E8/><V109/><F10/><W48/><G48/><T131/><D11/><U38/><E50/><V17/><F51/><W58/><G58/><T9/><D49/><U2/><E38/><V125/><F125/><W134/><G134/><T62/><D9/><U130/><E2/><V93/><F109/><W65/><G65/><T0/><D0/><U79/><E133/><V23/><F135/><W55/><G55/><T16/><D62/><U22/><E132/><V57/><F66/><W26/><G26/><RYUUKYOKU ba="0,1" sc="198,-10,318,-10,295,-10,179,30" hai3="37,43,47,69,70,80,83,85,86,88,91,94,103" /><INIT seed="3,1,1,0,3,134" ten="188,308,285,209" oya="3" hai0="7,97,73,27,104,126,71,16,3,19,18,130,63" hai1="116,115,117,59,58,49,32,48,5,94,112,133,31" hai2="102,121,34,50,113,72,44,22,21,101,100,89,43" hai3="127,95,120,103,108,92,33,78,68,77,128,109,41"/><W30/><G120/><T105/><D73/><U123/><E123/><V132/><F72/><W17/><G68/><T66/><D130/><U93/><E5/><V82/><F113/><N who="1" m="43593" /><E133/><V76/><F132/><W129/><G33/><T62/><D27/><U9/><E9/><V125/><F121/><W114/><G30/><T53/><D126/><U122/><E31/><V28/><F125/><W119/><G114/><T118/><D118/><N who="1" m="45675" /><E32/><V47/><F34/><W23/><G119/><T87/><D3/><U99/><E122/><V56/><F28/><W98/><G41/><T131/><D7/><U124/><E124/><V60/><F89/><W64/><G64/><T25/><D131/><N who="3" m="50249" /><G127/><T12/><D25/><U35/><E35/><V106/><F106/><W54/><G54/><T57/><D12/><U51/><E94/><V110/><F21/><W83/><G95/><T6/><D6/><U107/><E107/><V85/><F22/><W81/><G23/><T84/><D105/><U91/><AGARI ba="1,1" hai="48,49,51,58,59,91,93,99" m="45675,43593" machi="91" ten="40,1500,0" yaku="12,1" doraHai="134" who="1" fromWho="1" sc="188,-5,308,28,285,-5,209,-8" /><INIT seed="4,0,0,3,1,108" ten="183,336,280,201" oya="0" hai0="69,62,128,8,7,35,106,117,31,0,96,39,97" hai1="13,57,65,67,34,121,80,66,99,95,5,55,44" hai2="45,68,86,15,70,46,102,82,63,60,125,29,92" hai3="77,71,18,109,32,40,53,120,112,101,73,17,74"/><T48/><D117/><U19/><E34/><V12/><F125/><W75/><G109/><T115/><D128/><U26/><E121/><V52/><F29/><W51/><G71/><T103/><D48/><U25/><E5/><V118/><F118/><W129/><G32/><T116/><D116/><U16/><E80/><V20/><F70/><W41/><G129/><T28/><D28/><U111/><E44/><V93/><F68/><W79/><G120/><T2/><D97/><U23/><E111/><V135/><F135/><W105/><G105/><T83/><D83/><U114/><E114/><V1/><F1/><W90/><G90/><T124/><D124/><U42/><E42/><N who="3" m="16490" /><G101/><T133/><D133/><U131/><E131/><V98/><F93/><W130/><G53/><T64/><D115/><U126/><E126/><V43/><F43/><W134/><G51/><T4/><D4/><U50/><REACH who="1" step="1"/><E19/><REACH who="1" ten="183,326,280,201" step="2"/><N who="3" m="7178" /><G134/><T110/><D110/><U76/><E76/><N who="3" m="29258" /><G130/><T38/><REACH who="0" step="1"/><D0/><REACH who="0" ten="173,326,280,201" step="2"/><U122/><E122/><V100/><F45/><W87/><G87/><T37/><D37/><U21/><E21/><V24/><F86/><W72/><G72/><T59/><D59/><U47/><E47/><V127/><F46/><W10/><G10/><T61/><D61/><U22/><E22/><V88/><F63/><W85/><G85/><T91/><D91/><AGARI ba="0,2" hai="13,16,23,25,26,50,55,57,65,66,67,91,95,99" machi="91" ten="40,8000,1" yaku="1,1,8,1,54,1,53,1" doraHai="108" doraHaiUra="84" who="1" fromWho="0" sc="173,-80,326,100,280,0,201,0" /><INIT seed="5,0,0,4,5,115" ten="93,426,280,201" oya="1" hai0="108,51,10,17,132,56,16,14,110,43,83,1,9" hai1="13,19,130,78,128,48,55,2,65,45,86,92,97" hai2="105,63,32,91,15,57,84,70,58,106,74,73,38" hai3="80,90,59,4,5,77,41,93,21,60,135,40,111"/><U39/><E2/><V25/><F38/><W79/><G111/><T54/><D132/><U89/><E39/><V101/><F70/><W24/><G135/><T66/><D83/><U112/><E112/><V85/><F85/><W49/><G49/><T35/><D35/><U28/><E28/><V46/><F46/><W72/><G79/><T122/><D122/><U33/><E33/><V12/><F12/><W71/><G71/><T124/><D124/><U42/><E65/><V113/><F113/><W23/><G23/><T7/><D66/><U53/><E78/><V104/><F15/><W102/><G41/><T34/><D34/><U125/><E125/><V94/><F25/><W27/><G27/><T44/><REACH who="0" step="1"/><D17/><REACH who="0" ten="83,426,280,201" step="2"/><U68/><E19/><V134/><F32/><W131/><G131/><T18/><D18/><U100/><E130/><V0/><F134/><W50/><G5/><T109/><D109/><U116/><E128/><V107/><F73/><W36/><G4/><T30/><D30/><U64/><E64/><V22/><F74/><W87/><G80/><T26/><D26/><U69/><E69/><V11/><F11/><W120/><G24/><T29/><D29/><U76/><E68/><V95/><F22/><W81/><G72/><T3/><D3/><U8/><E8/><V37/><F0/><W119/><G21/><T121/><D121/><U62/><E13/><V20/><F20/><W99/><G120/><T103/><D103/><U88/><E100/><V98/><F101/><W6/><G102/><T133/><D133/><U126/><E126/><V61/><F106/><RYUUKYOKU ba="0,1" sc="83,30,426,-10,280,-10,201,-10" hai0="1,7,9,10,14,16,43,44,51,54,56,108,110" /><INIT seed="6,1,1,0,3,63" ten="113,416,270,191" oya="2" hai0="40,9,79,81,6,17,84,101,32,68,88,42,124" hai1="59,35,16,2,44,31,113,130,58,43,15,103,27" hai2="115,98,121,34,8,24,54,97,120,36,123,109,94" hai3="112,26,64,66,38,45,65,19,33,80,4,129,89"/><V131/><F36/><W14/><G129/><T76/><D32/><U13/><E130/><V135/><F131/><W74/><G112/><T70/><D124/><U41/><E2/><V0/><F115/><W18/><G74/><T90/><D101/><U62/><E113/><V116/><F116/><W51/><G38/><T73/><D17/><U122/><E103/><V132/><F109/><W83/><G33/><T119/><D119/><U22/><E122/><V48/><F0/><W7/><G26/><T114/><D114/><U91/><E91/><V87/><F8/><N who="3" m="6471" /><G19/><T99/><D99/><U25/><E59/><V75/><F75/><W69/><G69/><T12/><D90/><U53/><E43/><V1/><F1/><W61/><G61/><T23/><D23/><U46/><E46/><V92/><F24/><W29/><G29/><T71/><REACH who="0" step="1"/><D79/><REACH who="0" ten="103,416,270,191" step="2"/><U50/><AGARI ba="1,2" hai="13,15,16,22,25,27,31,35,41,44,50,53,58,62" machi="50" ten="20,2700,0" yaku="0,1,7,1,54,1" doraHai="63" who="1" fromWho="1" sc="103,-8,416,50,270,-14,191,-8" /><INIT seed="7,0,0,5,2,62" ten="95,466,256,183" oya="3" hai0="130,8,33,84,74,60,88,37,14,39,32,46,105" hai1="52,125,134,131,53,83,9,1,42,45,133,120,7" hai2="90,40,93,85,44,87,6,77,79,76,19,50,67" hai3="124,106,35,112,23,12,36,49,132,26,118,48,21"/><W38/><G106/><T107/><D130/><U104/><E120/><V65/><F6/><W2/><G2/><T103/><D74/><U116/><E131/><V72/><F72/><W122/><G122/><T108/><D108/><U78/><E104/><V0/><F0/><W121/><G121/><T123/><D123/><U66/><E66/><N who="2" m="25099" /><F19/><W61/><G118/><T59/><D46/><U64/><E64/><V4/><F4/><W86/><G61/><T10/><D103/><U96/><E96/><AGARI ba="0,0" hai="40,44,50,76,77,79,85,87,90,93,96" m="25099" machi="96" ten="30,7700,0" yaku="8,1,52,3" doraHai="62" who="2" fromWho="1" sc="95,0,466,-77,256,77,183,0" owari="95,-40.0,389,49.0,333,13.0,183,-22.0" /></mjloggm>