<mjloggm ver="2.3"><GO type="169" lobby="0"/><UN n0="%E3%82%A6%E3%83%AB%E3%83%88%E3%83%A9%E7%AB%8B%E7%9B%B4" n1="%E2%98%86%E3%82%BF%E3%82%AD%E3%82%AA%E3%83%B3%E2%98%85" n2="%72%6F%61%73%73%6F%32%38" n3="%E3%81%86%E3%81%A9%E3%82%93%E5%B1%8B" dan="18,16,16,16" rate="2193.42,2095.64,2113.59,2055.93" sx="M,M,M,M"/><TAIKYOKU oya="0"/><INIT seed="0,0,0,3,3,94" ten="250,250,250,250" oya="0" hai0="80,58,114,128,120,7,126,24,86,102,5,93,82" hai1="41,134,13,49,84,101,71,31,125,18,106,64,115" hai2="129,17,77,87,28,132,32,12,91,98,35,39,131" hai3="104,113,29,37,48,88,57,38,61,0,8,67,27"/><T118/><D120/><U50/><E31/><V66/><F39/><W111/><G113/><T70/><D70/><U25/><E25/><V78/><F66/><W79/><G111/><T55/><D118/><U10/><E41/><V105/><F132/><W103/><G79/><T83/><D114/><U9/><E115/><V124/><F28/><W19/><G48/><T42/><D42/><U73/><E73/><V11/><F124/><W68/><G57/><T30/><D126/><U21/><E134/><V53/><F53/><W108/><G108/><T122/><D122/><U81/><E125/><V95/><F77/><W44/><G44/><T60/><D128/><N who="2" m="49226" /><F78/><W96/><G88/><N who="0" m="53399" /><D102/><AGARI ba="0,0" hai="11,12,17,32,35,87,91,95,98,102,105" m="49226" machi="102" ten="30,2000,0" yaku="19,1,52,1" doraHai="94" who="2" fromWho="0" sc="250,-20,250,0,250,20,250,0" /><INIT seed="1,0,0,0,3,20" ten="230,250,270,250" oya="1" hai0="127,56,124,116,15,4,99,87,126,44,14,57,132" hai1="135,77,41,101,68,85,47,8,71,21,118,115,52" hai2="61,78,26,100,108,54,16,45,55,22,129,5,28" hai3="64,25,73,51,63,34,72,42,133,27,82,1,38"/><U79/><E115/><V103/><F129/><W23/><G1/><T39/><D116/><U122/><E101/><N who="2" m="38987" /><F108/><W17/><G38/><T49/><D132/><U50/><E118/><V24/><F5/><W6/><G6/><T11/><D99/><U7/><E122/><V32/><F32/><W65/><G133/><T59/><D87/><U53/><E135/><V2/><F2/><W83/><G51/><T113/><D113/><U75/><E75/><V90/><F78/><W88/><G42/><T81/><D81/><U80/><E77/><V105/><F105/><W119/><G119/><T36/><REACH who="0" step="1"/><D14/><REACH who="0" ten="220,250,270,250" step="2"/><N who="1" m="5407" /><E21/><N who="2" m="15439" /><F90/><W86/><G72/><T10/><D10/><U128/><E128/><V3/><F3/><W33/><G73/><T29/><D29/><U66/><E66/><V123/><F123/><W92/><G65/><T121/><D121/><U76/><E79/><V35/><F35/><W111/><G111/><T60/><D60/><U43/><E76/><V120/><F120/><W110/><G110/><T131/><D131/><U12/><E12/><V107/><F107/><W62/><G62/><T109/><D109/><U13/><E13/><V37/><F61/><W96/><G34/><T104/><D104/><U93/><E80/><V48/><F37/><W117/><G117/><T134/><D134/><U40/><E85/><V74/><F74/><W112/><G112/><T0/><D0/><U46/><E93/><V58/><F58/><N who="3" m="36983" /><G33/><T95/><D95/><U125/><E71/><V102/><N who="2" m="38995" /><V67/><DORA hai="130" /><F67/><W97/><G83/><T89/><D89/><U114/><E68/><RYUUKYOKU ba="0,1" sc="220,15,250,-15,270,15,250,-15" hai0="4,11,15,36,39,44,49,56,57,59,124,126,127" hai2="16,22,24,45,48,54,55" /><INIT seed="2,1,1,4,5,94" ten="235,235,285,235" oya="2" hai0="115,98,93,66,5,7,114,48,124,14,1,39,133" hai1="120,28,16,99,118,64,42,10,90,111,24,29,15" hai2="60,129,102,23,4,34,107,32,22,58,54,45,53" hai3="11,43,70,8,134,86,19,12,97,110,83,96,105"/><V127/><F129/><W21/><G70/><T104/><D39/><U117/><E42/><V69/><F127/><W40/><G110/><T68/><D104/><U72/><E72/><V75/><F75/><W89/><G134/><T35/><D35/><U71/><E120/><V9/><F69/><W112/><G112/><T95/><D124/><U36/><E36/><V67/><F34/><W52/><G105/><T51/><D133/><U85/><E111/><V80/><F32/><W74/><G74/><T76/><D76/><U126/><E126/><V92/><F107/><W3/><G3/><T79/><D79/><U130/><E130/><V49/><F80/><W131/><G131/><T0/><D14/><U46/><E46/><V33/><F33/><W6/><G52/><N who="2" m="20073" /><F9/><N who="3" m="3659" /><G6/><T81/><D81/><U38/><E38/><V2/><F4/><W13/><G13/><T20/><D68/><U77/><E77/><V123/><F2/><W100/><G100/><T84/><D0/><U44/><E71/><V101/><F123/><W116/><G116/><T56/><D1/><U88/><E118/><V59/><F59/><W61/><G61/><N who="0" m="38183" /><D5/><U103/><E117/><V132/><F101/><W41/><AGARI ba="1,1" hai="12,19,21,40,41,43,83,86,89,96,97" m="3659" machi="41" ten="30,4000,0" yaku="8,1,52,2" doraHai="94" who="3" fromWho="3" sc="235,-11,235,-11,285,-21,235,53" /><INIT seed="3,0,0,1,2,41" ten="224,224,264,288" oya="3" hai0="46,113,16,58,51,123,34,88,44,89,15,12,60" hai1="126,30,112,81,131,25,9,71,5,116,79,111,24" hai2="43,92,114,4,70,124,56,72,55,68,82,98,3" hai3="61,63,128,73,96,33,129,108,125,7,110,93,59"/><W99/><G33/><T6/><D34/><U48/><E71/><V31/><F114/><W0/><G73/><T14/><D123/><U20/><E112/><V75/><F124/><W67/><G125/><T122/><D122/><U76/><E126/><V65/><F75/><W8/><G63/><T39/><D39/><U97/><E111/><N who="3" m="42538" /><G99/><T28/><D28/><U102/><E131/><V26/><F65/><W42/><G42/><T19/><D6/><U80/><E116/><V62/><F43/><W36/><G36/><T86/><D51/><U22/><E48/><V2/><F72/><W11/><G8/><T132/><D132/><U27/><E80/><V100/><F82/><W84/><G84/><T133/><D133/><U49/><E49/><V35/><REACH who="2" step="1"/><F4/><REACH who="2" ten="224,224,254,288" step="2"/><W64/><G64/><N who="0" m="38935" /><D113/><U95/><E81/><V38/><F38/><W47/><G129/><T103/><D103/><U135/><E135/><V45/><F45/><N who="0" m="17514" /><D89/><U40/><E102/><V91/><F91/><W94/><G128/><T77/><D77/><U13/><E79/><V52/><F52/><W87/><G47/><T69/><D69/><AGARI ba="0,1" hai="2,3,26,31,35,55,56,62,68,69,70,92,98,100" machi="69" ten="40,2600,0" yaku="1,1,53,1" doraHai="41" doraHaiUra="29" who="2" fromWho="0" sc="224,-26,224,0,254,36,288,0" /><INIT seed="4,0,0,0,4,115" ten="198,224,290,288" oya="0" hai0="91,61,67,40,1,28,30,131,78,116,117,130,27" hai1="104,22,66,106,133,69,46,101,50,120,29,73,17" hai2="64,79,93,102,47,90,85,48,83,89,95,38,49" hai3="58,34,76,33,110,96,124,20,24,128,94,77,134"/><T119/><D1/><U39/><E39/><V54/><F38/><W37/><G37/><T31/><D40/><U84/><E73/><V71/><F71/><W42/><G42/><T57/><D78/><U98/><E120/><V11/><F64/><W14/><G110/><T9/><D9/><U114/><E133/><V15/><F49/><W123/><G34/><T121/><D121/><U75/><E75/><V35/><F35/><W21/><G33/><T36/><D36/><U43/><E29/><V53/><F53/><W88/><G134/><T111/><D111/><U86/><E106/><V44/><F44/><W82/><G128/><N who="0" m="49195" /><D91/><N who="2" m="34826" /><F102/><W2/><G2/><T41/><D41/><U103/><E103/><V107/><F107/><W55/><G123/><T7/><D7/><AGARI ba="0,0" hai="7,11,15,47,48,54,79,83,85,93,95" m="34826" machi="7" ten="30,1000,0" yaku="8,1" doraHai="115" who="2" fromWho="0" sc="198,-10,224,0,290,10,288,0" /><INIT seed="5,0,0,1,2,20" ten="188,224,300,288" oya="1" hai0="118,115,22,1,114,86,124,40,116,3,34,70,126" hai1="33,31,103,66,106,46,117,94,73,32,123,52,111" hai2="10,107,30,24,9,102,105,11,87,75,100,37,80" hai3="108,120,6,45,119,131,8,53,51,2,82,15,41"/><U89/><E73/><V127/><F37/><W91/><G120/><T5/><D40/><U13/><E117/><N who="0" m="45161" /><D86/><U133/><E66/><V96/><F127/><N who="0" m="48682" /><D70/><U38/><E133/><V50/><F75/><W21/><G119/><T113/><D34/><U78/><E78/><V129/><F129/><W93/><G131/><T43/><D43/><U56/><E123/><V60/><F60/><W110/><G41/><T63/><D63/><U98/><E111/><V85/><F50/><W125/><G125/><T77/><D77/><U97/><E38/><V7/><F85/><W121/><G121/><T14/><D22/><U74/><E74/><V67/><F100/><W48/><G48/><T42/><D42/><U19/><E46/><V47/><F67/><W69/><G69/><T27/><D27/><U44/><E44/><V76/><F47/><W57/><G45/><T39/><D39/><U122/><E122/><V68/><F68/><W0/><G82/><T28/><D28/><U79/><E31/><V25/><F105/><W71/><G71/><T36/><D36/><U134/><E79/><V101/><F101/><W99/><G21/><T16/><D16/><U83/><E83/><V88/><F76/><W72/><G72/><T92/><D92/><U90/><E19/><V65/><F65/><W35/><G35/><T49/><D49/><U55/><E33/><V64/><F64/><W132/><G108/><T12/><D5/><U104/><E32/><N who="2" m="20551" /><F7/><W4/><G110/><T18/><D18/><U23/><E94/><V130/><F130/><W54/><G4/><T29/><D29/><RYUUKYOKU ba="0,0" sc="188,15,224,-15,300,15,288,-15" hai0="1,3,12,14,113,114,115" hai2="9,10,11,25,80,87,88,96,102,107" /><INIT seed="6,1,0,4,1,92" ten="203,209,315,273" oya="2" hai0="57,40,51,117,25,14,29,41,74,19,24,114,85" hai1="100,55,4,20,2,67,87,93,107,128,58,119,75" hai2="5,34,33,26,28,91,22,48,68,12,35,47,84" hai3="17,71,129,36,37,122,81,115,63,50,43,127,54"/><V121/><F121/><W27/><G81/><T30/><D74/><U66/><E75/><V1/><F68/><W116/><G17/><T15/><D114/><U123/><E107/><V21/><F91/><W124/><G27/><N who="0" m="10315" /><D117/><U45/><E45/><V6/><F84/><W13/><G13/><N who="0" m="4619" /><D19/><U94/><E128/><V7/><F48/><W132/><G116/><T105/><D105/><U78/><E93/><V80/><F47/><N who="3" m="25983" /><G122/><T134/><D134/><U106/><E94/><V53/><F53/><W10/><G10/><T77/><D57/><U0/><E58/><V90/><F90/><W44/><G132/><T126/><D126/><N who="3" m="48169" /><G129/><T69/><D69/><U120/><E123/><V108/><F80/><W62/><G115/><T88/><D77/><U102/><E78/><V76/><F76/><W72/><G72/><T89/><D51/><U52/><E120/><V112/><F112/><W79/><G79/><T42/><D89/><U70/><E119/><V11/><F108/><W113/><G113/><T131/><D131/><U109/><E109/><V3/><F3/><W103/><G44/><T65/><D65/><U23/><E66/><V99/><F99/><W49/><G49/><T73/><D73/><U56/><E0/><V59/><F59/><N who="3" m="35191" /><G37/><T97/><D97/><U104/><E2/><V60/><F60/><W111/><G111/><T61/><D61/><U64/><E67/><V135/><F135/><W110/><G110/><T82/><AGARI ba="1,0" hai="29,30,40,41,42,82,85,88" m="4619,10315" machi="82" ten="30,2000,0" yaku="8,1,54,1" doraHai="92" who="0" fromWho="0" sc="203,23,209,-6,315,-11,273,-6" /><INIT seed="7,0,0,1,2,98" ten="226,203,304,267" oya="3" hai0="75,6,39,119,42,26,52,20,126,1,104,132,117" hai1="41,57,69,44,19,76,46,14,36,79,78,23,12" hai2="80,81,34,130,5,65,118,55,40,11,0,71,51" hai3="133,61,122,15,21,113,111,45,17,131,87,30,70"/><W114/><G122/><T37/><D104/><U106/><E69/><V31/><F118/><W16/><G131/><T90/><D75/><U125/><E125/><V86/><F130/><W94/><G133/><T24/><D126/><U127/><E127/><V10/><F40/><W67/><G111/><T97/><D132/><U60/><E44/><V9/><F80/><W88/><G45/><T108/><D108/><U58/><E106/><V120/><F120/><W101/><G101/><T13/><D1/><U62/><REACH who="1" step="1"/><E12/><REACH who="1" ten="226,193,304,267" step="2"/><V50/><F71/><W27/><REACH who="3" step="1"/><G17/><REACH who="3" ten="226,193,304,257" step="2"/><T107/><D117/><U83/><E83/><V134/><F81/><W18/><G18/><T25/><D119/><U29/><E29/><V103/><F31/><W8/><AGARI ba="0,2" hai="8,15,16,21,27,30,61,67,70,87,88,94,113,114" machi="8" ten="30,12000,1" yaku="1,1,0,1,54,2,53,1" doraHai="98" doraHaiUra="82" who="3" fromWho="3" sc="226,-40,193,-40,304,-40,257,140" owari="186,-21.0,153,-35.0,264,6.0,397,50.0" /></mjloggm>