<mjloggm ver="2.3"><GO type="169" lobby="0"/><UN n0="%E4%B8%A6%E3%81%BF%E3%81%AE%E7%AB%9C" n1="%E6%AD%A6%E5%89%87%E8%BC%9D%E6%B5%B7" n2="%E3%82%A6%E3%83%AB%E3%83%88%E3%83%A9%E7%AB%8B%E7%9B%B4" n3="%52%6F%62%69%4E" dan="17,16,16,16" rate="2139.96,2073.49,2147.02,2121.29" sx="M,M,M,M"/><TAIKYOKU oya="0"/><INIT seed="0,0,0,0,1,30" ten="250,250,250,250" oya="0" hai0="12,115,20,55,102,83,119,38,60,26,118,110,100" hai1="24,125,45,108,40,52,22,9,54,104,113,78,99" hai2="1,105,92,7,93,117,90,58,53,98,106,91,34" hai3="44,43,42,80,4,27,86,50,135,79,72,133,124"/><T49/><D115/><U47/><E113/><V95/><F117/><W123/><G123/><T61/><D38/><U56/><E108/><V62/><F95/><W121/><G121/><T85/><D110/><U76/><E125/><V126/><F126/><W96/><G124/><T5/><D118/><U101/><E9/><V41/><F41/><W120/><G120/><T10/><D119/><U36/><E47/><V87/><F7/><W89/><G96/><T111/><D111/><U132/><E132/><V57/><F1/><W29/><G4/><T33/><D33/><U129/><E129/><V64/><F34/><W35/><REACH who="3" step="1"/><G43/><REACH who="3" ten="250,250,250,240" step="2"/><T88/><D102/><U59/><E40/><V31/><F31/><W21/><G21/><T25/><D100/><U77/><E22/><V14/><F14/><W109/><G109/><T48/><D26/><U66/><E24/><V63/><AGARI ba="0,1" hai="53,57,58,62,63,64,87,90,91,92,93,98,105,106" machi="63" ten="20,1500,0" yaku="0,1,7,1" doraHai="30" who="2" fromWho="2" sc="250,-7,250,-4,250,25,240,-4" /><INIT seed="1,0,0,4,4,63" ten="243,246,275,236" oya="1" hai0="16,38,28,103,64,39,51,82,66,27,46,109,48" hai1="94,110,83,123,130,47,49,37,108,93,40,67,36" hai2="112,43,0,12,81,21,59,52,54,105,122,45,34" hai3="91,101,78,132,58,70,23,100,29,79,5,4,102"/><U92/><E123/><V53/><F122/><W127/><G70/><T22/><D39/><U6/><E130/><V44/><F34/><W98/><G127/><T33/><D109/><N who="1" m="42091" /><E6/><V56/><F0/><W57/><G132/><T107/><D38/><N who="1" m="14955" /><E83/><V2/><F2/><W32/><G32/><T13/><D51/><U30/><E30/><V97/><F112/><W73/><G73/><T120/><D120/><U133/><E133/><V42/><F81/><W50/><G4/><T115/><D115/><U1/><E1/><V96/><F105/><W88/><G5/><T69/><D69/><U72/><E72/><V18/><F42/><W87/><G50/><T111/><D111/><U85/><E67/><V128/><F128/><W41/><G78/><T19/><D19/><U61/><E61/><V71/><F71/><W20/><G79/><T134/><D134/><U17/><E17/><V104/><F43/><W8/><G41/><T3/><D3/><U116/><E116/><V125/><F125/><W26/><G8/><T65/><D82/><U95/><E95/><V126/><F126/><W90/><G23/><N who="0" m="11663" /><D33/><U77/><E77/><V60/><F60/><W55/><G29/><T117/><D117/><U24/><E24/><V106/><F106/><W89/><G26/><T86/><D107/><U124/><E124/><V11/><F104/><W114/><G114/><T84/><D103/><U76/><E76/><V121/><F121/><W31/><G101/><T119/><D119/><U118/><E118/><V74/><F74/><W9/><N who="3" m="22528" /><DORA hai="14" /><W15/><G102/><T135/><D135/><RYUUKYOKU ba="0,0" sc="243,15,246,15,275,-15,236,-15" hai0="22,27,28,46,48,64,65,66,84,86" hai1="40,47,49,85,92,93,94" /><INIT seed="1,1,0,4,5,118" ten="258,261,260,221" oya="1" hai0="111,97,88,58,46,107,33,75,72,62,35,24,16" hai1="56,128,52,133,57,60,82,6,66,22,15,5,49" hai2="79,115,37,81,4,112,61,11,10,1,45,131,73" hai3="100,65,50,31,105,116,102,122,8,48,55,32,59"/><U129/><E133/><V77/><F131/><N who="1" m="50249" /><E82/><V108/><F108/><W53/><G116/><T92/><D111/><U123/><E123/><V125/><F125/><W127/><G127/><T106/><D35/><U38/><E38/><V21/><F79/><W47/><G65/><T83/><D46/><U121/><E121/><V54/><F21/><W119/><G122/><T36/><D36/><U103/><E103/><V28/><F28/><W132/><G132/><T19/><D33/><U114/><E114/><V41/><F11/><W134/><G134/><T135/><D135/><U93/><E93/><V34/><F34/><W90/><G105/><N who="0" m="39947" /><D19/><AGARI ba="1,0" hai="5,6,15,19,22,49,52,56,57,60,66" m="50249" machi="19" ten="30,2900,0" yaku="19,1,54,1" doraHai="118" who="1" fromWho="0" sc="258,-32,261,32,260,0,221,0" /><INIT seed="1,2,0,2,5,5" ten="226,293,260,221" oya="1" hai0="39,98,3,35,124,7,100,89,61,88,78,101,127" hai1="84,54,117,112,122,43,34,37,49,97,16,4,102" hai2="23,110,134,85,48,50,96,68,22,71,32,74,77" hai3="92,46,125,14,12,47,80,25,99,67,30,8,60"/><U21/><E34/><V106/><F74/><W64/><G125/><N who="0" m="48203" /><D35/><U19/><E112/><V69/><F32/><W105/><G14/><T33/><D33/><U40/><E117/><V53/><F134/><W41/><G80/><T62/><D39/><U63/><E37/><V107/><F110/><W82/><G82/><T72/><D72/><U1/><E122/><V115/><F115/><W42/><G105/><T120/><D78/><U133/><E63/><V104/><F96/><W123/><G123/><T9/><D100/><U118/><E19/><V15/><F85/><W36/><G60/><N who="0" m="23147" /><D120/><U113/><E133/><V132/><F77/><W20/><G47/><T94/><AGARI ba="2,0" hai="3,7,9,88,89,94,98,101" m="23147,48203" machi="94" ten="30,4000,0" yaku="18,1,52,1,54,1" doraHai="5" who="0" fromWho="0" sc="226,46,293,-22,260,-12,221,-12" /><INIT seed="2,0,0,5,0,29" ten="272,271,248,209" oya="2" hai0="39,9,51,72,58,114,118,26,122,69,97,133,16" hai1="117,98,6,34,49,36,14,109,78,19,96,21,50" hai2="108,24,38,131,33,30,40,7,41,86,90,15,105" hai3="81,134,75,64,0,73,62,22,45,129,28,92,52"/><V76/><F131/><W42/><G0/><T112/><D69/><U60/><E36/><V120/><F120/><W35/><G35/><T32/><D39/><U54/><E117/><V25/><F108/><W132/><G129/><T18/><D72/><U99/><E109/><V27/><F105/><W79/><G75/><T8/><D122/><U5/><E34/><V56/><F76/><W125/><G125/><T74/><D74/><U2/><E78/><V127/><F127/><W89/><G42/><T68/><D68/><U102/><E102/><V63/><F38/><W53/><G45/><T43/><D97/><U23/><E2/><V71/><F71/><W130/><G130/><T95/><D95/><U80/><E80/><V1/><F1/><W17/><G28/><T85/><D118/><U93/><E93/><V100/><F100/><W116/><G64/><T101/><D101/><U83/><E83/><N who="2" m="49503" /><F33/><W104/><G104/><T113/><D32/><U82/><E82/><V10/><F30/><W59/><G53/><AGARI ba="0,0" hai="7,10,15,24,25,27,40,41,53,56,63" m="49503" machi="53" ten="30,1500,0" yaku="8,1" doraHai="29" who="2" fromWho="3" sc="272,0,271,0,248,15,209,-15" /><INIT seed="2,1,0,0,0,95" ten="272,271,263,194" oya="2" hai0="91,117,109,40,25,13,39,80,52,59,85,55,27" hai1="51,0,70,65,120,16,23,3,92,94,54,45,22" hai2="132,69,63,126,71,15,97,101,110,17,90,77,37" hai3="103,30,4,82,112,1,106,68,5,119,100,35,6"/><V31/><F126/><W133/><G119/><T44/><D109/><U86/><E120/><V130/><F110/><W79/><G133/><T11/><D117/><U67/><E23/><V84/><F132/><W127/><G127/><T34/><D34/><U74/><E74/><V98/><F130/><W108/><G108/><T104/><D104/><U12/><E70/><V118/><F118/><W88/><G68/><T78/><D91/><N who="1" m="53367" /><E3/><V62/><F37/><W43/><G43/><T28/><D28/><U87/><E0/><V47/><F77/><W116/><G116/><T96/><D96/><N who="2" m="36970" /><F69/><W113/><G1/><T48/><REACH who="0" step="1"/><D55/><REACH who="0" ten="262,271,263,194" step="2"/><U75/><E54/><V124/><F124/><W64/><G106/><T134/><D134/><U102/><E102/><V135/><F135/><W32/><G100/><T46/><D46/><U111/><E45/><V107/><F107/><W56/><G103/><T19/><AGARI ba="1,1" hai="11,13,19,25,27,39,40,44,48,52,59,78,80,85" machi="19" ten="20,5200,0" yaku="1,1,0,1,7,1,54,1,53,0" doraHai="95" doraHaiUra="57" who="0" fromWho="0" sc="262,65,271,-14,263,-27,194,-14" /><INIT seed="3,0,0,0,4,78" ten="327,257,236,180" oya="3" hai0="87,69,110,124,40,18,76,53,111,0,42,55,98" hai1="70,125,9,30,20,51,73,72,96,83,21,32,130" hai2="34,90,29,2,15,19,132,57,50,4,97,74,127" hai3="104,123,10,16,24,134,94,119,133,92,64,129,115"/><W41/><G123/><T122/><D122/><U60/><E125/><V135/><F74/><W75/><G75/><T105/><D69/><U68/><E130/><V118/><F118/><W36/><G119/><T61/><D0/><U102/><E51/><V100/><F127/><W47/><G104/><T5/><D5/><U85/><E73/><V86/><F4/><W109/><G115/><T114/><D124/><U46/><E72/><V14/><F2/><W77/><G77/><T39/><D39/><U38/><E9/><V37/><F37/><W84/><G129/><T80/><D18/><U33/><E33/><V49/><F29/><W35/><G64/><T23/><D23/><U91/><E38/><V93/><F34/><W48/><G36/><T79/><D79/><U27/><E46/><V54/><F49/><W113/><G113/><T126/><D114/><U8/><E8/><V1/><F1/><W31/><G109/><N who="0" m="41483" /><D61/><U99/><E99/><V22/><REACH who="2" step="1"/><F15/><REACH who="2" ten="327,257,226,180" step="2"/><N who="3" m="7287" /><G84/><T82/><D87/><U101/><E32/><V13/><F13/><W62/><G62/><T17/><D126/><U112/><E112/><V71/><F71/><W45/><G45/><T58/><D17/><U25/><E60/><V65/><F65/><W106/><G106/><AGARI ba="0,1" hai="14,19,22,50,54,57,86,90,93,97,100,106,132,135" machi="106" ten="40,8000,1" yaku="1,1,25,2,53,1" doraHai="78" doraHaiUra="81" who="2" fromWho="3" sc="327,0,257,0,226,90,180,-80" /><INIT seed="4,0,0,1,2,90" ten="327,257,316,100" oya="0" hai0="60,88,33,106,101,8,4,35,7,27,0,19,117" hai1="38,97,113,28,107,42,45,5,109,17,134,47,49" hai2="96,100,80,29,93,6,135,86,26,114,63,111,81" hai3="73,67,78,12,110,2,25,116,103,108,59,98,9"/><T1/><D106/><U91/><E109/><V72/><F114/><W20/><G116/><T71/><D71/><U87/><E134/><V125/><F111/><W122/><G2/><N who="0" m="1131" /><D60/><U129/><E113/><V118/><F135/><W13/><G73/><T130/><D88/><U83/><E5/><N who="0" m="2121" /><D101/><U102/><E28/><V15/><F63/><W16/><G78/><T74/><D74/><U41/><E17/><V105/><F118/><W85/><G85/><T119/><D130/><U56/><REACH who="1" step="1"/><E56/><REACH who="1" ten="327,247,316,100" step="2"/><V131/><F131/><AGARI ba="0,1" hai="38,41,42,45,47,49,83,87,91,97,102,107,129,131" machi="131" ten="40,2600,0" yaku="1,1,2,1,53,0" doraHai="90" doraHaiUra="50" who="1" fromWho="2" sc="327,0,247,36,316,-26,100,0" /><INIT seed="5,0,0,1,2,78" ten="327,283,290,100" oya="1" hai0="96,32,0,8,2,117,29,46,111,131,59,62,60" hai1="50,109,126,35,16,7,41,54,31,43,72,100,22" hai2="66,77,52,112,133,95,39,129,90,1,65,9,115" hai3="123,26,42,56,92,37,49,125,13,38,36,110,48"/><U76/><E126/><V103/><F39/><N who="3" m="9987" /><W61/><DORA hai="85" /><G92/><T105/><D111/><U55/><E109/><V34/><F34/><W23/><G13/><T86/><D117/><U69/><E69/><V70/><F70/><W44/><G23/><T116/><D116/><U106/><E7/><N who="2" m="1263" /><F103/><W82/><G82/><T58/><D32/><U128/><E31/><V47/><F77/><W119/><G26/><T17/><D29/><U102/><E35/><V135/><F129/><W64/><G110/><T81/><D46/><U130/><E55/><V25/><F25/><W73/><G73/><T67/><D131/><N who="1" m="50219" /><E76/><V3/><F3/><W132/><G119/><T30/><D30/><U108/><E72/><V91/><F66/><W118/><G118/><T51/><D51/><N who="3" m="19529" /><G125/><T75/><D75/><U40/><E106/><V99/><F65/><N who="3" m="39079" /><G132/><N who="2" m="50761" /><F91/><W93/><G64/><T74/><D74/><U113/><E108/><V84/><F99/><W124/><G124/><T127/><D96/><U10/><E102/><V19/><F19/><W6/><G6/><T57/><D105/><U87/><E100/><V121/><F121/><W120/><G120/><T83/><D67/><U101/><E101/><V28/><F28/><W79/><G79/><T68/><D127/><U94/><E16/><V21/><F21/><W97/><G123/><T53/><D17/><U5/><E22/><V63/><F95/><W88/><G44/><T71/><D2/><U89/><E5/><V122/><F122/><W24/><G24/><T107/><D107/><U18/><E18/><V98/><F47/><W114/><G42/><RYUUKYOKU ba="0,0" sc="327,-10,283,-10,290,-10,100,30" hai3="88,93,97,114" /><INIT seed="6,1,0,0,5,67" ten="317,273,280,130" oya="2" hai0="133,73,55,111,32,58,72,30,104,26,134,131,106" hai1="59,7,129,113,44,74,88,46,86,99,79,69,109" hai2="2,27,82,71,57,91,63,1,80,135,107,123,103" hai3="94,114,25,49,96,62,47,40,4,122,115,34,105"/><V29/><F123/><W97/><G122/><T95/><D111/><U76/><E109/><V16/><F135/><N who="0" m="51722" /><D131/><U121/><E129/><V119/><F119/><W56/><G4/><T50/><D95/><U37/><E121/><V84/><F80/><W13/><G105/><AGARI ba="1,0" hai="26,30,32,50,55,58,72,73,104,105,106" m="51722" machi="105" ten="30,1000,0" yaku="20,1" doraHai="67" who="0" fromWho="3" sc="317,13,273,0,280,0,130,-13" /><INIT seed="7,0,0,4,3,52" ten="330,273,280,117" oya="3" hai0="135,38,53,49,59,105,35,77,133,20,28,54,90" hai1="19,37,120,74,76,7,2,42,88,5,71,101,26" hai2="99,33,12,60,47,0,127,123,97,86,75,29,87" hai3="55,103,40,134,15,66,67,61,39,10,118,21,100"/><W58/><G118/><T130/><D38/><U69/><E120/><V41/><F0/><W22/><G134/><N who="0" m="51211" /><D105/><U129/><E101/><N who="3" m="38986" /><G40/><T126/><D35/><U92/><E129/><V11/><F123/><W113/><G39/><T45/><D130/><U106/><E106/><V73/><F75/><W83/><G83/><T81/><D90/><U8/><E7/><V34/><F73/><W51/><G113/><T18/><D28/><U122/><E122/><V121/><F121/><W6/><G67/><T32/><D32/><U68/><E74/><V108/><F34/><W43/><G43/><T16/><D20/><U48/><E76/><V57/><F33/><W17/><G6/><T96/><D96/><U46/><E37/><V82/><F82/><W63/><G63/><N who="0" m="36335" /><D126/><U65/><E65/><V79/><F127/><W30/><G30/><T117/><D117/><U102/><E102/><V31/><F29/><W91/><G91/><T89/><D89/><U112/><E112/><V114/><F31/><W62/><G62/><T25/><D25/><U94/><E94/><V44/><F41/><W131/><G131/><T64/><D64/><U95/><E95/><V104/><F104/><W13/><G13/><T125/><D125/><U116/><E116/><V128/><F114/><W70/><G70/><T56/><D81/><U115/><E115/><V84/><F128/><W109/><G109/><T27/><D27/><U23/><REACH who="1" step="1"/><E71/><REACH who="1" ten="330,263,280,117" step="2"/><V132/><F79/><W24/><G24/><T124/><D77/><U80/><E80/><V1/><F12/><W111/><G111/><T72/><D124/><RYUUKYOKU ba="0,1" sc="330,-15,263,15,280,-15,117,15" hai1="2,5,8,19,23,26,42,46,48,68,69,88,92" hai3="10,15,17,21,22,51,55,58,61,66" /><INIT seed="7,1,1,0,4,7" ten="315,278,265,132" oya="3" hai0="125,88,132,36,0,23,53,39,70,51,37,22,123" hai1="102,133,65,115,101,78,55,24,3,49,12,72,130" hai2="109,129,94,120,15,122,46,90,13,66,113,32,56" hai3="59,8,87,74,64,114,1,77,4,110,10,11,92"/><W16/><G114/><T21/><D123/><N who="2" m="47146" /><F113/><W97/><G74/><T119/><D119/><U60/><E3/><V93/><F129/><W134/><G110/><T69/><D0/><U135/><E115/><V75/><F109/><W80/><G134/><N who="1" m="51210" /><E130/><V33/><F46/><W100/><REACH who="3" step="1"/><G16/><REACH who="3" ten="315,278,265,122" step="2"/><T63/><D132/><U42/><E72/><V83/><F75/><W103/><G103/><T17/><D17/><U44/><E102/><V31/><F31/><W99/><G99/><T38/><D39/><U52/><E101/><V95/><F33/><W71/><G71/><T76/><D69/><U105/><E24/><V61/><F32/><W20/><G20/><T9/><D38/><U28/><E28/><V107/><F107/><W14/><G14/><T121/><D37/><U85/><E105/><V34/><F34/><W40/><G40/><T106/><D36/><U98/><E98/><V30/><F30/><W108/><G108/><T84/><D106/><U2/><E2/><V82/><F13/><W45/><G45/><T26/><D23/><U128/><E12/><V81/><F15/><W67/><G67/><T43/><D22/><U25/><E25/><V112/><F112/><W5/><G5/><T18/><D21/><U57/><E128/><V6/><F6/><W89/><G89/><AGARI ba="1,2" hai="56,61,66,81,82,83,89,90,93,94,95" m="47146" machi="89" ten="40,1300,0" yaku="13,1" doraHai="7" who="2" fromWho="3" sc="315,0,278,0,265,36,122,-16" owari="315,41.0,278,-12.0,301,10.0,106,-39.0" /></mjloggm>