<mjloggm ver="2.3"><GO type="41" lobby="0"/><UN n0="%E3%81%8C%E3%81%A1%64%65%E3%82%80%E3%81%A3%E3%81%A1%E3%83%BC" n1="%E5%B0%B1%E6%B4%BB%E7%94%9F%40%E5%B7%9D%E6%9D%91%E8%BB%8D%E5%9B%A3" n2="%6E%61%6F%2D%62%66%6D%76" n3="%6B%30%30%37%34%73" dan="13,15,14,15" rate="1894.73,2028.54,1864.12,1987.89" sx="M,M,M,M"/><TAIKYOKU oya="0"/><INIT seed="0,0,0,3,2,135" ten="250,250,250,250" oya="0" hai0="116,98,118,8,85,5,7,84,124,111,129,13,131" hai1="22,68,120,37,80,11,103,48,134,63,130,29,15" hai2="127,78,67,66,1,17,10,56,89,97,61,45,55" hai3="2,43,49,81,77,50,52,96,26,25,62,31,42"/><T102/><D111/><U107/><E37/><V0/><F78/><W125/><G2/><T60/><D60/><U112/><E120/><V87/><F97/><W46/><G62/><T83/><D7/><U57/><E112/><V117/><F117/><W69/><G69/><T38/><D38/><U108/><E108/><V32/><F32/><W54/><G96/><T100/><D100/><U82/><E130/><N who="0" m="49673" /><D124/><U74/><E68/><V79/><F79/><W106/><G106/><N who="0" m="63831" /><D84/><U73/><E73/><V12/><F127/><W27/><G125/><T76/><AGARI ba="0,0" hai="5,8,13,76,83,85,116,118" m="63831,49673" machi="76" ten="30,1500,0" yaku="19,1" doraHai="135" who="0" fromWho="0" sc="250,15,250,-5,250,-5,250,-5" /><INIT seed="0,1,0,0,4,87" ten="265,245,245,245" oya="0" hai0="59,48,93,49,106,110,35,129,75,92,51,88,91" hai1="118,2,29,79,113,15,102,119,1,7,32,104,108" hai2="80,69,37,58,84,71,4,130,73,111,56,27,125" hai3="89,101,57,40,19,63,134,115,65,107,61,60,126"/><T81/><D35/><U120/><E104/><V128/><F37/><W34/><G115/><T109/><D106/><U68/><E68/><V74/><F4/><W46/><G34/><T98/><D129/><U133/><E79/><V131/><F27/><W24/><G134/><T116/><D116/><U83/><E83/><V43/><F43/><W3/><G3/><T18/><D18/><U97/><E97/><V8/><F8/><W95/><G101/><T82/><D59/><N who="2" m="22570" /><F111/><N who="0" m="42506" /><D75/><N who="2" m="28682" /><F125/><W135/><G107/><T9/><D9/><U76/><E102/><V55/><F55/><W127/><G135/><T45/><D45/><U94/><E94/><V16/><F84/><AGARI ba="1,0" hai="48,49,51,81,82,84,88,91,92,93,98" m="42506" machi="84" ten="30,12000,1" yaku="14,1,10,1,52,2,54,1" doraHai="87" who="0" fromWho="2" sc="265,123,245,0,245,-123,245,0" /><INIT seed="0,2,0,1,4,10" ten="388,245,122,245" oya="0" hai0="73,25,28,100,50,131,34,11,64,94,62,113,80" hai1="66,127,114,0,58,43,9,23,42,65,37,101,76" hai2="30,93,129,103,3,123,125,5,132,77,4,133,135" hai3="126,134,83,31,41,32,53,78,21,19,68,39,111"/><T63/><D113/><U82/><E114/><V124/><F3/><W106/><G68/><T90/><D131/><U92/><E127/><N who="2" m="48715" /><F30/><W88/><G126/><T1/><D100/><U46/><E42/><V57/><F77/><W52/><G106/><T15/><D1/><U33/><E33/><V110/><F57/><W115/><G115/><T128/><D128/><U81/><E81/><V91/><F103/><W49/><G111/><T14/><D50/><U40/><E40/><V71/><F71/><W99/><G134/><T97/><D63/><U95/><E23/><V108/><F123/><W54/><G39/><T121/><D121/><U85/><E58/><V67/><F67/><W105/><G31/><T89/><D11/><U117/><E117/><V86/><F129/><W7/><G32/><T12/><D73/><U104/><E104/><V2/><F2/><W102/><G7/><AGARI ba="2,0" hai="4,5,7,86,91,93,108,110,132,133,135" m="48715" machi="7" ten="40,2600,0" yaku="20,1,18,1" doraHai="10" who="2" fromWho="3" sc="388,0,245,0,122,32,245,-32" /><INIT seed="1,0,0,5,5,59" ten="388,245,154,213" oya="1" hai0="75,115,24,127,15,95,133,80,49,119,100,65,40" hai1="106,31,135,7,118,13,122,17,124,54,98,5,1" hai2="46,19,62,26,56,3,4,18,43,114,39,129,41" hai3="52,79,102,12,35,126,128,120,83,16,45,97,37"/><U85/><E122/><V30/><F129/><W72/><G35/><T22/><D115/><U116/><E106/><V99/><F114/><W81/><G120/><T44/><D119/><U14/><E98/><V86/><F99/><W88/><G128/><T51/><D133/><U101/><E101/><V64/><F41/><W25/><G25/><T0/><D0/><U67/><E67/><V20/><REACH who="2" step="1"/><F86/><REACH who="2" ten="388,245,144,213" step="2"/><W28/><G126/><T69/><D127/><U104/><E124/><V125/><F125/><W82/><G28/><T110/><D75/><U108/><E31/><V121/><F121/><W103/><G37/><T92/><D100/><U6/><E104/><V48/><F48/><W134/><G134/><T61/><D110/><U91/><E135/><V109/><F109/><W57/><G45/><T8/><D51/><U130/><E108/><V123/><F123/><W131/><G131/><T60/><D80/><U42/><E130/><V27/><F27/><W21/><G103/><T10/><D24/><U89/><E42/><V11/><AGARI ba="0,1" hai="3,4,11,18,19,20,26,30,39,43,46,56,62,64" machi="11" ten="30,7900,0" yaku="1,1,0,1,52,1,53,1" doraHai="59" doraHaiUra="68" who="2" fromWho="2" sc="388,-20,245,-39,144,89,213,-20" /><INIT seed="2,0,0,2,1,6" ten="368,206,233,193" oya="2" hai0="61,104,23,96,36,10,95,80,120,50,73,98,111" hai1="21,67,63,27,8,3,77,89,87,56,52,68,1" hai2="70,107,128,115,16,71,11,114,78,5,135,32,97" hai3="109,105,18,25,58,33,13,49,17,29,66,34,47"/><V122/><F32/><W0/><G105/><T74/><D36/><U110/><E110/><V76/><F122/><W130/><G109/><T19/><D111/><U26/><E77/><V127/><F128/><W133/><G130/><T106/><D120/><U44/><E44/><V48/><F127/><W60/><G0/><T7/><D50/><U4/><E1/><V20/><F135/><W15/><G133/><T75/><D61/><U94/><REACH who="1" step="1"/><E21/><REACH who="1" ten="368,196,233,193" step="2"/><V22/><F22/><W82/><G34/><T90/><D80/><U30/><E30/><V43/><F78/><W134/><G82/><T64/><D64/><U14/><E14/><V102/><F76/><W38/><G134/><T131/><D131/><U69/><E69/><V79/><F79/><W24/><G24/><T2/><REACH who="0" step="1"/><D98/><REACH who="0" ten="358,196,233,193" step="2"/><U42/><E42/><V126/><F126/><W116/><G116/><T35/><D35/><U72/><E72/><V132/><F132/><W124/><G124/><T53/><D53/><U59/><E59/><V86/><F115/><W12/><REACH who="3" step="1"/><G38/><REACH who="3" ten="358,196,233,183" step="2"/><T45/><D45/><U81/><E81/><V28/><F114/><W65/><G65/><T113/><D113/><U83/><E83/><V101/><F71/><W123/><G123/><T121/><D121/><U93/><E93/><V46/><F70/><W91/><G91/><T41/><D41/><AGARI ba="0,3" hai="12,13,15,17,18,25,29,33,41,47,49,58,60,66" machi="41" ten="40,2600,0" yaku="1,1,53,1" doraHai="6" doraHaiUra="57" who="3" fromWho="0" sc="358,-26,196,0,233,0,183,56" /><INIT seed="3,0,0,4,1,113" ten="332,196,233,239" oya="3" hai0="104,77,68,112,44,79,100,95,97,39,111,56,28" hai1="18,135,99,45,72,41,5,70,27,134,30,13,37" hai2="133,54,63,55,130,51,29,2,50,61,20,80,1" hai3="84,103,73,94,58,125,115,23,16,109,43,83,93"/><W53/><G73/><T89/><D68/><U101/><E70/><V25/><F130/><W67/><G115/><T131/><D112/><U92/><E5/><V110/><F110/><W33/><G33/><T12/><D111/><U121/><E121/><V88/><F133/><W24/><G109/><T85/><D131/><U78/><E78/><V52/><F2/><W76/><G67/><T3/><D3/><U91/><E72/><V114/><F114/><W69/><G69/><T60/><D28/><U4/><E4/><V6/><F6/><W82/><G125/><T87/><D12/><U32/><REACH who="1" step="1"/><E101/><REACH who="1" ten="332,186,233,239" step="2"/><V34/><F1/><W11/><G103/><T14/><D79/><U9/><AGARI ba="0,1" hai="9,13,18,27,30,32,37,41,45,91,92,99,134,135" machi="9" ten="30,7900,0" yaku="1,1,2,1,0,1,53,1" doraHai="113" doraHaiUra="26" who="1" fromWho="1" sc="332,-20,186,89,233,-20,239,-39" /><INIT seed="4,0,0,4,0,50" ten="312,275,213,200" oya="0" hai0="130,100,55,122,69,106,119,8,56,89,47,36,98" hai1="91,85,49,105,18,127,45,59,51,129,111,17,95" hai2="83,110,53,14,120,112,12,118,79,15,34,38,11" hai3="37,44,77,90,7,94,61,86,126,72,57,26,5"/><T115/><D122/><U1/><E105/><V82/><F120/><W29/><G126/><T32/><D119/><U68/><E68/><V71/><F71/><W22/><G72/><T33/><D115/><U6/><E111/><V131/><F112/><W117/><G117/><T124/><D124/><U20/><E127/><V64/><F110/><W62/><G61/><T42/><D69/><U65/><E129/><V134/><F131/><W84/><G44/><T19/><D130/><U2/><E6/><V93/><F118/><W54/><G37/><T52/><D89/><U107/><E107/><V133/><F38/><W30/><G29/><T58/><D8/><U25/><E18/><V96/><F34/><W41/><G41/><T125/><D125/><U21/><E20/><V24/><F64/><W76/><G84/><T10/><D10/><U103/><E103/><V92/><F24/><W0/><G0/><T16/><D33/><U66/><E66/><V132/><F11/><W113/><REACH who="3" step="1"/><G113/><REACH who="3" ten="312,275,213,190" step="2"/><T101/><D32/><U104/><E1/><V121/><F121/><W116/><G116/><T43/><D47/><U74/><E2/><V128/><F128/><W99/><G99/><T135/><D98/><U46/><E74/><V4/><F96/><W70/><G70/><T114/><D114/><U75/><E75/><V102/><F102/><W48/><G48/><T73/><D73/><U108/><E108/><V27/><F132/><W31/><G31/><T23/><D36/><U13/><E46/><V63/><F134/><W109/><G109/><T123/><D135/><U39/><E45/><RYUUKYOKU ba="0,1" sc="312,-10,275,-10,213,-10,190,30" hai3="5,7,22,26,30,54,57,62,76,77,86,90,94" /><INIT seed="5,1,1,0,3,30" ten="302,265,203,220" oya="1" hai0="132,58,55,69,120,70,1,22,9,13,102,90,19" hai1="24,10,66,59,18,84,46,115,103,123,25,48,57" hai2="3,26,2,36,38,87,75,8,5,118,64,82,4" hai3="83,112,135,104,56,109,61,60,96,106,95,49,85"/><U97/><E123/><V108/><F118/><W76/><G109/><T65/><D132/><U133/><E133/><V7/><F26/><W73/><G135/><T131/><D120/><U94/><E115/><V125/><F108/><W130/><G112/><T43/><D43/><U91/><E66/><V35/><F64/><W29/><G130/><T12/><D1/><U122/><E122/><V77/><F125/><W98/><G49/><T11/><D65/><U0/><E0/><V113/><F113/><W67/><G61/><T41/><D41/><U105/><E24/><V88/><F35/><W111/><G111/><T31/><D102/><U27/><E27/><V17/><F5/><W86/><G29/><T127/><D127/><U114/><E114/><V23/><F7/><W53/><G67/><T51/><D131/><U81/><E105/><V78/><F78/><W93/><G106/><T134/><D134/><U89/><E103/><V50/><F50/><W42/><G104/><T16/><D90/><U39/><E39/><V74/><F74/><W45/><G45/><T47/><D47/><U32/><E32/><V21/><F3/><W121/><G42/><T63/><D63/><U28/><E28/><V37/><REACH who="2" step="1"/><F17/><REACH who="2" ten="302,265,193,220" step="2"/><W124/><G124/><T128/><D128/><U107/><E25/><AGARI ba="1,2" hai="9,11,12,13,16,19,22,25,31,51,55,58,69,70" machi="25" ten="40,2600,0" yaku="9,1,54,1" doraHai="30" who="0" fromWho="1" sc="302,49,265,-29,193,0,220,0" /><INIT seed="6,0,0,4,4,90" ten="351,236,193,220" oya="2" hai0="49,124,32,114,56,133,59,31,103,64,58,65,115" hai1="40,125,110,112,111,96,107,17,39,20,50,94,62" hai2="52,119,128,102,34,79,89,30,0,81,109,86,84" hai3="9,88,53,5,6,105,22,75,132,25,121,127,76"/><V54/><F0/><W16/><G105/><T101/><D32/><U87/><E39/><V46/><F119/><W36/><G121/><T1/><D1/><U3/><E3/><V28/><F128/><W7/><G36/><T57/><D31/><N who="2" m="11818" /><F34/><W77/><G75/><T48/><D124/><U44/><E107/><V116/><F116/><W60/><G127/><T85/><D85/><U98/><E125/><V63/><F109/><W19/><G132/><T120/><D120/><U61/><E112/><N who="0" m="43049" /><D133/><U42/><E42/><V99/><F46/><W15/><G60/><N who="1" m="23146" /><E111/><V131/><F131/><W118/><G53/><T47/><N who="0" m="14336" /><DORA hai="2" /><T78/><D78/><U135/><E135/><V43/><F63/><W13/><G118/><T29/><D29/><U72/><E72/><V95/><F43/><W23/><G88/><T66/><D47/><U4/><E110/><V100/><F99/><W113/><G113/><T130/><D130/><U69/><E69/><V97/><F97/><W122/><G122/><T68/><D68/><U55/><E40/><V80/><F80/><W51/><G51/><AGARI ba="0,0" hai="48,49,51,64,65,66,101,103" m="14336,43049" machi="51" ten="50,6400,0" yaku="28,2,15,1" doraHai="90,2" who="0" fromWho="3" sc="351,64,236,0,193,0,220,-64" /><INIT seed="7,0,0,4,2,131" ten="415,236,193,156" oya="3" hai0="57,126,9,37,2,120,22,82,10,16,76,83,13" hai1="101,122,102,111,125,130,128,99,14,90,69,112,7" hai2="23,43,105,109,19,54,51,94,6,47,21,20,35" hai3="65,91,108,84,98,67,118,114,85,17,42,119,104"/><W116/><G42/><T31/><D120/><U33/><E33/><V61/><F105/><W92/><G17/><T100/><D37/><U66/><E111/><V129/><F35/><W58/><G108/><T4/><D126/><U107/><E122/><V64/><F109/><W55/><G114/><T15/><D100/><U46/><E112/><V45/><F129/><N who="1" m="49769" /><E125/><V103/><F6/><W71/><G71/><T74/><D83/><U41/><E90/><V75/><F75/><W29/><G29/><T78/><D78/><U110/><E102/><V8/><F8/><W62/><REACH who="3" step="1"/><G104/><REACH who="3" ten="415,236,193,146" step="2"/><T38/><D31/><U127/><E110/><V12/><F94/><W30/><G30/><T86/><D38/><U89/><E127/><V18/><F103/><W72/><G72/><T117/><D74/><U124/><E124/><V135/><F135/><W80/><G80/><T115/><D115/><U95/><E69/><V81/><F81/><W73/><G73/><T87/><D82/><U133/><E107/><V132/><F132/><W34/><G34/><T97/><D76/><U49/><E133/><V68/><REACH who="2" step="1"/><F19/><REACH who="2" ten="415,236,183,146" step="2"/><W56/><G56/><T44/><D57/><U93/><E101/><V70/><F70/><W1/><G1/><T27/><D2/><U11/><E95/><V32/><F32/><W106/><G106/><T79/><D79/><U59/><E59/><V52/><F52/><W63/><G63/><T5/><D16/><U25/><E66/><AGARI ba="0,2" hai="55,58,62,65,66,67,84,85,91,92,98,116,118,119" machi="66" ten="40,2000,0" yaku="1,1,53,0" doraHai="131" doraHaiUra="24" who="3" fromWho="1" sc="415,0,236,-20,183,0,146,40" /><INIT seed="7,1,0,2,1,65" ten="415,216,183,186" oya="3" hai0="18,94,55,3,76,88,70,135,33,120,63,39,34" hai1="41,128,8,32,99,106,37,9,38,84,78,108,115" hai2="52,47,71,21,103,66,85,12,126,42,75,130,60" hai3="105,44,123,134,16,53,61,100,129,27,57,40,23"/><W50/><G123/><T72/><D120/><U54/><E32/><V0/><F0/><W121/><G121/><T30/><D39/><U24/><E108/><V102/><F75/><W132/><G105/><T97/><D3/><U58/><E115/><V46/><F85/><W109/><G100/><T56/><D135/><U93/><E128/><V51/><F126/><W118/><G118/><T117/><D117/><U48/><E24/><V19/><REACH who="2" step="1"/><F130/><REACH who="2" ten="415,216,173,186" step="2"/><W79/><G129/><T116/><D116/><U15/><E84/><V83/><F83/><W68/><G109/><T59/><D30/><U86/><E86/><V133/><F133/><N who="3" m="51307" /><G79/><T36/><D36/><AGARI ba="1,1" hai="12,19,21,36,42,46,47,51,52,60,66,71,102,103" machi="36" ten="30,8000,1" yaku="1,1,7,1,52,1,54,1,53,1" doraHai="65" doraHaiUra="11" who="2" fromWho="0" sc="415,-83,216,0,173,93,186,0" owari="332,42.0,216,-18.0,266,7.0,186,-31.0" /></mjloggm>