<mjloggm ver="2.3"><GO type="225" lobby="0"/><UN n0="%E3%82%82%E3%82%81%E3%82%93%E3%81%AA%E3%81%A1%E3%82%83%E3%81%84" n1="%66%75%73%68%69%63%75%6C" n2="%E3%83%88%E3%83%88%E3%83%AA%E5%85%88%E7%94%9F%31%39%E6%AD%B3" n3="%E3%81%97%E3%82%8D%E3%81%9F%E3%82%93%E3%81%8C%E3%81%84%E3%81%84%E3%81%8A" dan="17,16,17,16" rate="2162.75,2086.17,2191.05,2117.67" sx="F,M,F,M"/><TAIKYOKU oya="0"/><INIT seed="0,0,0,5,0,9" ten="250,250,250,250" oya="0" hai0="87,85,120,86,32,126,12,73,48,54,17,115,42" hai1="121,56,53,27,30,101,100,65,8,133,81,102,24" hai2="98,79,109,103,50,39,18,49,52,111,28,80,31" hai3="91,6,64,124,78,83,20,97,131,135,118,114,122"/><T7/><D120/><U66/><E121/><V112/><F112/><W127/><G122/><T105/><D115/><U123/><E123/><V11/><F39/><W72/><G114/><T4/><D32/><U35/><E133/><V128/><F50/><W88/><G64/><T43/><D105/><U95/><E95/><N who="2" m="58847" /><F128/><W41/><G41/><N who="0" m="15371" /><D73/><U10/><E27/><V84/><F111/><W15/><G118/><T67/><D67/><U13/><E10/><V77/><F77/><W46/><G46/><N who="0" m="27927" /><D126/><N who="3" m="48169" /><G135/><T55/><D55/><U108/><E81/><V5/><F5/><W2/><G131/><T99/><D99/><U117/><E117/><V36/><F109/><W82/><G82/><T37/><D37/><U34/><E34/><V3/><F3/><W21/><G2/><T23/><AGARI ba="0,0" hai="4,7,12,17,23,85,86,87" m="27927,15371" machi="23" ten="30,3000,0" yaku="8,1,52,1" doraHai="9" who="0" fromWho="0" sc="250,30,250,-10,250,-10,250,-10" /><INIT seed="0,1,0,0,5,19" ten="280,240,240,240" oya="0" hai0="82,31,38,110,18,83,116,37,20,96,12,76,60" hai1="62,36,27,75,114,97,6,77,74,55,113,106,65" hai2="48,107,13,7,120,25,59,126,21,5,78,129,122" hai3="92,105,29,47,104,35,119,24,14,52,81,109,51"/><T125/><D116/><U88/><E36/><V3/><F107/><W53/><G119/><T32/><D125/><U33/><E55/><N who="2" m="32231" /><F3/><W64/><G109/><T101/><D110/><U69/><E77/><V1/><F1/><W49/><G64/><T41/><D82/><U66/><E65/><V118/><F118/><W86/><G92/><T34/><D60/><U23/><E6/><V68/><F68/><W133/><G14/><T94/><D41/><U89/><E33/><V135/><F135/><W58/><REACH who="3" step="1"/><G133/><REACH who="3" ten="280,240,240,230" step="2"/><T63/><D12/><U73/><E106/><V42/><F13/><W111/><G111/><T99/><D94/><U85/><E97/><V56/><F122/><W100/><G100/><T79/><D99/><U46/><E46/><V44/><F44/><W123/><G123/><T71/><D101/><U28/><REACH who="1" step="1"/><E89/><AGARI ba="1,1" hai="24,29,35,47,49,51,52,53,58,81,86,89,104,105" machi="89" ten="30,3900,0" yaku="1,1,7,1,54,1,53,0" doraHai="19" doraHaiUra="134" who="3" fromWho="1" sc="280,0,240,-42,240,0,230,52" /><INIT seed="1,0,0,1,2,15" ten="280,198,240,282" oya="1" hai0="111,128,52,73,0,26,101,12,9,37,109,58,97" hai1="80,113,64,44,31,93,100,94,33,40,32,56,121" hai2="19,103,28,62,17,38,132,43,98,88,107,82,24" hai3="21,77,42,23,66,72,87,41,90,27,135,3,108"/><U16/><E121/><V125/><F132/><W84/><G3/><T105/><D37/><U36/><E113/><V7/><F125/><W120/><G72/><T86/><D73/><U51/><E31/><V85/><F7/><W130/><G120/><T49/><D26/><U11/><E80/><V83/><F83/><N who="3" m="47215" /><G135/><T55/><D0/><U119/><E119/><V60/><F43/><W13/><G108/><N who="0" m="41547" /><D86/><U126/><E126/><V95/><F38/><W50/><G66/><T114/><D128/><U133/><E133/><V65/><F82/><N who="3" m="49527" /><G130/><T6/><D55/><U74/><E74/><V116/><F116/><W70/><G70/><T81/><D81/><U30/><E30/><V14/><F14/><W8/><G50/><T124/><D124/><U75/><E75/><V123/><F123/><W68/><G68/><T2/><D2/><U59/><E36/><V134/><F134/><W89/><G89/><T57/><D57/><N who="1" m="22091" /><E33/><N who="2" m="20615" /><F62/><W76/><G76/><T91/><D91/><U35/><E35/><V96/><F85/><W78/><G78/><T104/><D114/><U131/><E32/><V99/><F99/><W115/><G115/><T71/><D71/><AGARI ba="0,0" hai="17,19,60,65,71,88,95,96,98,103,107" m="20615" machi="71" ten="30,7700,0" yaku="25,1,52,2,54,1" doraHai="15" who="2" fromWho="0" sc="280,-77,198,0,240,77,282,0" /><INIT seed="2,0,0,2,1,130" ten="203,198,317,282" oya="2" hai0="57,96,134,73,122,3,83,99,90,70,32,101,5" hai1="98,76,49,40,30,14,124,12,54,126,6,29,50" hai2="10,75,46,27,55,61,26,74,18,107,7,65,129" hai3="106,113,116,34,31,13,82,64,35,16,24,62,38"/><V1/><F129/><W112/><G38/><T110/><D70/><U114/><E114/><N who="3" m="44138" /><G116/><T77/><D122/><U67/><E67/><V28/><F107/><W133/><G106/><T58/><D110/><U21/><E76/><V89/><F89/><W2/><G2/><T11/><D32/><U22/><E98/><V56/><F26/><W43/><G43/><T105/><D134/><U84/><E40/><V91/><F18/><W53/><G53/><T93/><AGARI ba="0,0" hai="3,5,11,57,58,73,77,83,90,93,96,99,101,105" machi="93" ten="30,1100,0" yaku="0,1" doraHai="130" who="0" fromWho="0" sc="203,11,198,-3,317,-5,282,-3" /><INIT seed="3,0,0,3,4,4" ten="214,195,312,279" oya="3" hai0="76,48,10,92,78,54,39,20,61,29,124,108,97" hai1="87,46,66,37,99,131,109,118,68,21,105,112,52" hai2="43,36,114,24,96,81,12,51,77,56,113,58,128" hai3="19,121,50,95,94,70,123,18,5,72,14,16,132"/><W13/><G70/><T45/><D108/><U11/><E112/><V26/><F36/><W135/><G72/><T34/><D34/><U62/><E109/><V59/><F128/><W75/><G75/><T69/><D124/><U33/><E33/><V41/><F96/><W38/><G38/><T1/><D39/><U15/><E131/><V57/><F113/><W79/><G79/><T53/><D29/><U55/><E118/><V129/><F129/><W89/><G50/><T115/><D20/><U101/><E21/><V126/><F126/><W98/><G94/><T28/><D28/><U49/><E37/><V44/><F114/><W86/><G86/><T122/><D122/><N who="3" m="46601" /><G5/><T90/><D115/><U134/><E87/><N who="2" m="48559" /><F43/><W3/><G3/><T27/><D69/><U30/><E30/><V130/><F58/><W40/><G40/><T88/><D90/><U80/><E80/><V107/><F107/><W9/><G9/><T111/><D111/><U65/><E134/><AGARI ba="0,0" hai="13,14,16,18,19,89,95,98,132,134,135" m="46601" machi="134" ten="40,3900,0" yaku="20,1,54,1" doraHai="4" who="3" fromWho="1" sc="214,0,195,-39,312,0,279,39" owari="214,-19.0,156,-34.0,312,11.0,318,42.0" /></mjloggm>