<mjloggm ver="2.3"><GO type="169" lobby="0"/><UN n0="%41%54%4D%31%34%32%39" n1="%E3%82%A6%E3%83%AB%E3%83%88%E3%83%A9%E7%AB%8B%E7%9B%B4" n2="%E3%81%86%E3%81%83%E3%83%BC%E3%81%A1%E3%82%83%E3%82%93" n3="%E3%81%8D%E3%81%9F%E3%81%8B%E3%81%9C%EF%BC%A0" dan="17,17,16,16" rate="2074.76,2126.48,2133.17,2052.30" sx="M,M,M,M"/><TAIKYOKU oya="0"/><INIT seed="0,0,0,3,3,4" ten="250,250,250,250" oya="0" hai0="108,59,101,121,92,116,67,133,42,113,36,32,102" hai1="76,50,44,11,99,28,87,69,34,78,125,85,66" hai2="60,80,135,106,94,47,123,132,75,41,49,73,17" hai3="19,104,65,14,3,86,48,26,84,70,54,126,37"/><T119/><D32/><U129/><E129/><V58/><F106/><W0/><G104/><T111/><D121/><U10/><E125/><V13/><F123/><W83/><G37/><T40/><D113/><U88/><E69/><V2/><F94/><W18/><G126/><T29/><D29/><U46/><E66/><V134/><F2/><W20/><G65/><T98/><D36/><U68/><E68/><V90/><F90/><W118/><G70/><T96/><D133/><U53/><E28/><V110/><F110/><N who="0" m="42026" /><D67/><U81/><E34/><V23/><REACH who="2" step="1"/><F80/><REACH who="2" ten="250,250,240,250" step="2"/><W27/><G3/><T130/><D130/><U109/><E109/><V131/><F131/><W120/><G0/><T22/><D96/><U7/><E99/><V15/><F15/><W114/><G120/><T97/><D97/><U122/><E122/><V117/><F117/><W56/><G118/><T6/><D102/><U52/><E78/><V112/><F112/><W8/><G114/><T43/><D119/><U107/><E107/><V62/><F62/><W24/><G86/><T16/><D116/><U82/><E7/><V38/><F38/><W21/><G21/><T89/><D6/><U74/><E74/><V64/><AGARI ba="0,1" hai="13,17,23,41,47,49,58,60,64,73,75,132,134,135" machi="64" ten="30,4000,0" yaku="1,1,0,1,20,1,53,0" doraHai="4" doraHaiUra="71" who="2" fromWho="2" sc="250,-20,250,-10,240,50,250,-10" /><INIT seed="1,0,0,4,5,99" ten="230,240,290,240" oya="1" hai0="9,72,109,90,47,120,63,118,93,105,6,130,2" hai1="43,40,52,35,82,92,78,3,132,5,85,114,124" hai2="1,68,55,119,19,89,96,41,77,95,0,31,83" hai3="4,17,26,18,108,113,59,87,48,111,53,81,128"/><U135/><E35/><V8/><F68/><W117/><G113/><T20/><D72/><U64/><E64/><V86/><F119/><W24/><G128/><T69/><D118/><U34/><E34/><V129/><F129/><W37/><G37/><T116/><D130/><U101/><E5/><V102/><F31/><W74/><G74/><T106/><D109/><N who="3" m="42057" /><G4/><T32/><D120/><U112/><E3/><V39/><F39/><W91/><G117/><T54/><D32/><U29/><E29/><V12/><F41/><W65/><G65/><T75/><D75/><U110/><E110/><V73/><REACH who="2" step="1"/><F55/><REACH who="2" ten="230,240,280,240" step="2"/><W67/><G67/><T58/><D69/><U122/><E43/><V10/><F10/><W21/><G21/><T57/><D116/><U127/><E40/><V66/><F66/><W16/><AGARI ba="0,1" hai="16,17,18,24,26,48,53,59,81,87,91" m="42057" machi="16" ten="30,2000,0" yaku="14,1,54,1" doraHai="99" who="3" fromWho="3" sc="230,-5,240,-10,280,-5,240,30" /><INIT seed="2,0,0,2,1,63" ten="225,230,275,270" oya="2" hai0="131,112,96,116,130,88,72,37,47,106,52,18,105" hai1="11,107,78,80,83,8,10,126,85,25,14,40,15" hai2="35,34,2,70,9,5,67,55,103,77,65,7,117" hai3="29,119,135,51,49,45,90,61,64,36,86,118,57"/><V43/><F117/><N who="3" m="44555" /><G29/><T82/><D37/><U99/><E126/><V102/><F77/><W22/><G22/><T13/><D72/><U24/><E40/><V26/><F43/><N who="3" m="22759" /><G90/><T120/><D112/><U1/><E1/><V91/><F91/><W27/><G27/><T100/><D120/><U101/><E24/><V122/><F122/><W21/><G21/><T93/><D116/><U111/><E111/><V132/><F26/><W3/><G86/><T110/><D110/><U30/><REACH who="1" step="1"/><E80/><REACH who="1" ten="225,220,275,270" step="2"/><V62/><F2/><W95/><G3/><T84/><D13/><U134/><E134/><V50/><F132/><W20/><G135/><T75/><D18/><U98/><E98/><V39/><F5/><W109/><G109/><T53/><D106/><U127/><E127/><V60/><F7/><W71/><G95/><T16/><D105/><U115/><E115/><V108/><F108/><W44/><G20/><AGARI ba="0,1" hai="8,10,11,14,15,20,25,30,78,83,85,99,101,107" machi="20" ten="40,1300,0" yaku="1,1,53,0" doraHai="63" doraHaiUra="114" who="1" fromWho="3" sc="225,0,220,23,275,0,270,-13" /><INIT seed="3,0,0,0,5,71" ten="225,243,275,257" oya="3" hai0="92,105,100,91,24,76,37,79,129,77,132,51,16" hai1="4,62,117,59,95,60,61,99,96,38,119,75,6" hai2="2,32,113,69,130,81,109,27,3,83,111,74,1" hai3="131,89,52,103,127,11,13,40,87,85,125,97,84"/><W5/><G40/><T107/><D129/><U64/><E75/><V134/><F69/><W106/><G131/><T44/><D132/><U23/><E23/><V14/><F130/><W82/><REACH who="3" step="1"/><G52/><REACH who="3" ten="225,243,275,247" step="2"/><T31/><D100/><U10/><E61/><V73/><F134/><W135/><G135/><T9/><D107/><U29/><E62/><V45/><F111/><W50/><G50/><T121/><D121/><U115/><E60/><V48/><F109/><W55/><G55/><T78/><D105/><U30/><E117/><V72/><F48/><W65/><G65/><T90/><D51/><U88/><E64/><V33/><F45/><W67/><G67/><T104/><D104/><U128/><E119/><V58/><F58/><W123/><G123/><T124/><D44/><U35/><E59/><V8/><F113/><W15/><G15/><T112/><D112/><U56/><E56/><V36/><F2/><W20/><G20/><T86/><D37/><U53/><E38/><V25/><F3/><W28/><G28/><T70/><D70/><U63/><E53/><V42/><F1/><W93/><G93/><T94/><D31/><U47/><E63/><V19/><F42/><W101/><G101/><T116/><D116/><U41/><E30/><N who="2" m="19535" /><F36/><W0/><G0/><T114/><D114/><U126/><E115/><V110/><F110/><W22/><G22/><N who="0" m="13383" /><D9/><U18/><E128/><V54/><F54/><W120/><G120/><T133/><D133/><U17/><E41/><V7/><F33/><W102/><G102/><T34/><N who="0" m="19456" /><DORA hai="118" /><T108/><D34/><U39/><E35/><RYUUKYOKU ba="0,1" sc="225,-15,243,-15,275,15,247,15" hai2="7,8,14,19,27,72,73,74,81,83" hai3="5,11,13,82,84,85,87,89,97,103,106,125,127" /><INIT seed="3,1,1,5,1,42" ten="210,228,290,262" oya="3" hai0="4,9,2,127,82,32,76,25,98,5,52,99,75" hai1="6,115,124,7,129,84,21,91,97,85,80,113,10" hai2="41,46,106,103,63,114,74,87,88,79,101,107,126" hai3="135,105,122,132,11,20,66,94,23,13,58,22,116"/><W130/><G105/><T71/><D71/><U47/><E124/><V65/><F126/><W117/><G94/><T64/><D64/><U35/><E35/><V93/><F114/><W109/><G122/><T48/><D127/><U128/><E21/><V134/><F134/><N who="3" m="51243" /><G130/><N who="1" m="50282" /><E97/><V27/><F27/><W19/><G109/><T3/><D32/><U45/><E85/><V86/><F86/><W33/><G33/><T1/><D25/><U118/><E7/><V133/><F133/><W53/><G66/><T73/><D73/><U95/><E95/><V37/><F107/><W119/><G58/><T34/><D34/><U108/><E108/><V0/><F0/><W111/><G111/><T28/><D28/><U14/><E118/><N who="3" m="30210" /><W62/><DORA hai="17" /><G62/><T57/><D3/><U69/><E69/><V70/><REACH who="2" step="1"/><F106/><REACH who="2" ten="210,228,280,262" step="2"/><W61/><G61/><T18/><REACH who="0" step="1"/><D18/><REACH who="0" ten="200,228,280,262" step="2"/><U110/><E110/><V51/><F51/><W55/><AGARI ba="1,3" hai="11,13,19,20,22,23,53,55" m="30210,51243" machi="55" ten="50,12000,1" yaku="20,1,52,3" doraHai="42,17" who="3" fromWho="3" sc="200,-41,228,-41,280,-41,262,153" /><INIT seed="3,2,0,5,5,80" ten="159,187,239,415" oya="3" hai0="89,94,31,64,28,97,24,101,91,50,62,26,16" hai1="15,106,111,88,84,79,42,13,75,21,27,32,128" hai2="98,35,52,40,95,0,2,92,127,129,68,54,119" hai3="74,78,93,123,53,73,81,105,71,39,65,17,118"/><W8/><G105/><T44/><D26/><U45/><E32/><V36/><F68/><W107/><G107/><T104/><D104/><U102/><E111/><V33/><F119/><W41/><G118/><T99/><D64/><U20/><E128/><V56/><F40/><W57/><G93/><T85/><D62/><U48/><E75/><V77/><F77/><W122/><G74/><T131/><D131/><U66/><E79/><V12/><F12/><N who="1" m="4681" /><E106/><V110/><F36/><W46/><G17/><T51/><D91/><U96/><E66/><V116/><F98/><W7/><G65/><T55/><D51/><U9/><E9/><V109/><F116/><W86/><G71/><T132/><D132/><U117/><E117/><V14/><F14/><W126/><G73/><T120/><D120/><U63/><E63/><V133/><F129/><W67/><G67/><T69/><D69/><U59/><E59/><V100/><F56/><W115/><G122/><T124/><D124/><U34/><E34/><V38/><F38/><W82/><G123/><T70/><D70/><U135/><E135/><V103/><REACH who="2" step="1"/><F133/><REACH who="2" ten="159,187,229,415" step="2"/><W113/><G57/><T114/><D114/><U3/><E3/><V121/><F121/><W37/><G115/><T87/><D97/><U29/><E96/><V18/><F18/><W30/><G113/><T11/><D11/><U125/><E125/><AGARI ba="2,1" hai="0,2,33,35,52,54,92,95,100,103,109,110,125,127" machi="125" ten="25,6400,0" yaku="1,1,22,2,54,1,53,0" doraHai="80" doraHaiUra="25" who="2" fromWho="1" sc="159,0,187,-70,229,80,415,0" /><INIT seed="4,0,0,3,1,62" ten="159,117,309,415" oya="0" hai0="46,109,34,85,1,68,54,27,66,116,65,106,45" hai1="111,107,97,86,57,125,48,91,4,15,84,122,121" hai2="113,47,52,135,21,127,130,26,16,90,108,55,31" hai3="13,100,70,101,53,69,7,32,39,18,103,129,88"/><T17/><D106/><U42/><E125/><V3/><F127/><W35/><G39/><T58/><D68/><U14/><E111/><V0/><F108/><W56/><G7/><T105/><D1/><U43/><E107/><V77/><F130/><W96/><G129/><T29/><D105/><U63/><E97/><V75/><F135/><W64/><G32/><T115/><D116/><U20/><E4/><V49/><F113/><W78/><G35/><T102/><D102/><U128/><E128/><V9/><F77/><W8/><G78/><T12/><D109/><U11/><E11/><V74/><F90/><W33/><G33/><T59/><D115/><U23/><E63/><V51/><F3/><W93/><REACH who="3" step="1"/><G64/><REACH who="3" ten="159,117,309,405" step="2"/><N who="0" m="24683" /><D34/><U37/><E37/><V10/><F0/><W30/><G30/><T67/><D29/><U83/><E122/><V38/><F38/><W36/><G36/><T99/><D27/><U60/><E121/><V22/><F74/><W95/><G95/><T19/><D19/><U28/><E28/><V44/><F75/><W98/><G98/><T40/><D99/><U133/><E133/><V104/><F104/><W50/><AGARI ba="0,1" hai="8,13,18,50,53,56,69,70,88,93,96,100,101,103" machi="50" ten="30,4000,0" yaku="1,1,0,1,54,1,53,0" doraHai="62" doraHaiUra="117" who="3" fromWho="3" sc="159,-20,117,-10,309,-10,405,50" /><INIT seed="5,0,0,3,3,117" ten="139,107,299,455" oya="1" hai0="24,43,22,60,14,49,21,7,114,16,39,17,18" hai1="66,82,122,83,107,13,38,132,2,59,118,75,91" hai2="1,106,78,35,123,6,32,98,90,112,110,77,58" hai3="93,129,52,119,12,88,50,89,65,120,134,47,125"/><U26/><E2/><V79/><F112/><W131/><G120/><T86/><D114/><U42/><E118/><V94/><F110/><W127/><G119/><T130/><D130/><N who="3" m="49673" /><G65/><T103/><D39/><U0/><E0/><V64/><F123/><W10/><G134/><T81/><D103/><U111/><E122/><V48/><F106/><W57/><G57/><T95/><D95/><U28/><E107/><V55/><F6/><N who="3" m="3159" /><G89/><T46/><D60/><N who="1" m="38175" /><E75/><V63/><REACH who="2" step="1"/><F1/><REACH who="2" ten="139,107,289,455" step="2"/><W124/><G124/><T73/><D73/><U19/><E111/><V108/><F108/><W23/><G127/><T133/><D133/><U34/><E132/><V54/><F54/><W102/><G125/><T8/><REACH who="0" step="1"/><D22/><REACH who="0" ten="129,107,289,455" step="2"/><U25/><E34/><V20/><F20/><W37/><G23/><T69/><D69/><AGARI ba="0,2" hai="32,35,48,55,58,63,64,69,77,78,79,90,94,98" machi="69" ten="40,5200,0" yaku="1,1,53,2" doraHai="117" doraHaiUra="30" who="2" fromWho="0" sc="129,-52,107,0,289,72,455,0" /><INIT seed="6,0,0,4,3,116" ten="77,107,361,455" oya="2" hai0="57,114,82,90,86,87,70,109,26,48,39,106,129" hai1="44,6,16,120,125,62,4,104,121,19,94,41,85" hai2="96,132,126,76,107,55,15,50,10,33,103,42,74" hai3="128,8,23,14,92,45,30,7,21,18,3,102,97"/><V124/><F33/><W38/><G128/><T135/><D70/><U77/><E104/><V59/><F42/><W67/><G67/><T68/><D39/><U79/><E62/><V73/><F132/><W22/><G30/><T60/><D135/><U46/><E94/><V54/><F54/><W99/><G99/><T122/><D129/><U65/><E65/><V108/><F108/><W5/><G5/><N who="1" m="2154" /><E85/><V127/><REACH who="2" step="1"/><F76/><REACH who="2" ten="77,107,351,455" step="2"/><N who="1" m="29257" /><E125/><V61/><F61/><W111/><G111/><T110/><D109/><U89/><E41/><V115/><F115/><W49/><G38/><T0/><D114/><U88/><E46/><V27/><F27/><W101/><G45/><T131/><D110/><U134/><E44/><V17/><AGARI ba="0,1" hai="10,15,17,50,55,59,73,74,96,103,107,124,126,127" machi="17" ten="30,11700,0" yaku="1,1,0,1,18,1,53,1" doraHai="116" doraHaiUra="53" who="2" fromWho="2" sc="77,-39,107,-39,351,127,455,-39" /><INIT seed="6,1,0,5,3,62" ten="38,68,478,416" oya="2" hai0="24,1,123,118,107,12,102,29,66,74,77,14,38" hai1="52,114,8,7,88,36,30,6,54,94,113,45,89" hai2="61,58,34,43,68,73,67,103,11,119,76,96,108" hai3="78,112,23,87,51,15,95,85,90,75,4,120,33"/><V64/><F119/><W72/><G33/><T27/><D1/><U35/><E30/><V26/><F108/><W25/><G120/><T121/><D38/><U79/><E35/><V101/><F43/><W9/><G112/><N who="1" m="43114" /><E79/><V49/><F64/><W50/><G75/><T98/><D118/><U105/><E105/><V57/><F11/><W126/><G72/><T83/><D27/><U40/><E89/><V18/><F101/><W86/><G126/><T2/><D2/><N who="1" m="87" /><E7/><V0/><F49/><N who="3" m="18443" /><G78/><T39/><D39/><U59/><E59/><V46/><F0/><W115/><G115/><T91/><D123/><U129/><E129/><V128/><F46/><W37/><G37/><T10/><D91/><U106/><E106/><V60/><F128/><W130/><G130/><T132/><D121/><U65/><E65/><V117/><F117/><W21/><G21/><T99/><D99/><AGARI ba="1,0" hai="36,40,45,52,54,88,94,99" m="87,43114" machi="99" ten="30,3900,0" yaku="15,1,54,2" doraHai="62" who="1" fromWho="0" sc="38,-42,68,42,478,0,416,0" owari="-4,-50.0,110,-29.0,478,57.0,416,22.0" /></mjloggm>