<mjloggm ver="2.3"><GO type="233" lobby="0"/><UN n0="%E3%82%A6%E3%83%AB%E3%83%88%E3%83%A9%E7%AB%8B%E7%9B%B4" n1="%65%69%6B%31" n2="%E4%BF%BA%54%55%45%45%45%45%45" n3="%6D%61%63%6A%72" dan="17,17,17,17" rate="2198.58,2147.82,2183.94,2138.93" sx="M,M,F,M"/><TAIKYOKU oya="0"/><INIT seed="0,0,0,0,2,101" ten="250,250,250,250" oya="0" hai0="129,3,113,36,60,117,44,52,15,0,50,31,27" hai1="13,6,97,91,96,30,67,76,43,42,9,11,118" hai2="2,41,62,26,38,81,25,134,21,34,7,99,135" hai3="83,109,1,125,48,121,119,122,47,35,29,111,54"/><T110/><D117/><U28/><E118/><V114/><F114/><W45/><G119/><T116/><D116/><U32/><E76/><V56/><F34/><W19/><G1/><T92/><D113/><U14/><E67/><V90/><F38/><W53/><G19/><T69/><D129/><U98/><E91/><V24/><F41/><N who="1" m="15369" /><E32/><V107/><F7/><AGARI ba="0,0" hai="6,7,9,11,13,14,28,30,96,97,98" m="15369" machi="7" ten="30,1000,0" yaku="8,1" doraHai="101" who="1" fromWho="2" sc="250,0,250,10,250,-10,250,0" /><INIT seed="1,0,0,1,5,55" ten="250,260,240,250" oya="1" hai0="22,93,96,32,114,120,106,128,3,123,25,18,13" hai1="37,31,125,68,51,85,98,61,90,45,105,17,127" hai2="108,131,38,9,91,74,47,134,111,49,54,94,100" hai3="107,26,0,8,58,130,33,21,6,76,42,16,29"/><U77/><E37/><V34/><F74/><W87/><G107/><T50/><D106/><U78/><E31/><V20/><F34/><W92/><G130/><T117/><D117/><U80/><E17/><V53/><F131/><W88/><G42/><T41/><D128/><U14/><E14/><V126/><F100/><W95/><G76/><T23/><D3/><U44/><E105/><V24/><F126/><N who="1" m="48137" /><E98/><V69/><F69/><W57/><G92/><T83/><D32/><U109/><E109/><V28/><F134/><W19/><G19/><T65/><D114/><U84/><E51/><V48/><F38/><W110/><G110/><T121/><D13/><AGARI ba="0,0" hai="0,6,8,13,16,21,26,29,33,57,58,87,88,95" machi="13" ten="30,12000,2" yaku="7,1,24,2,52,2,54,2" doraHai="55" who="3" fromWho="0" sc="250,-120,260,0,240,0,250,120" /><INIT seed="2,0,0,4,3,103" ten="130,260,240,370" oya="2" hai0="115,16,51,116,19,106,59,40,61,18,73,109,107" hai1="102,17,100,20,56,33,80,47,25,49,135,75,63" hai2="54,22,34,5,94,65,101,36,69,92,134,48,10" hai3="114,11,46,90,99,44,79,127,0,9,67,131,98"/><V93/><F34/><W30/><G79/><T110/><D115/><U52/><E135/><V130/><F134/><W8/><G0/><T27/><D73/><U118/><E118/><V125/><F36/><W15/><G114/><T71/><D116/><U76/><REACH who="1" step="1"/><E33/><REACH who="1" ten="130,250,240,370" step="2"/><V43/><F125/><W41/><G127/><T129/><D129/><U85/><E85/><V57/><F130/><W112/><G131/><T86/><D86/><U66/><AGARI ba="0,1" hai="17,20,25,47,49,52,56,63,66,75,76,80,100,102" machi="66" ten="20,8000,1" yaku="1,1,0,1,7,1,54,1,53,1" doraHai="103" doraHaiUra="21" who="1" fromWho="1" sc="130,-20,250,90,240,-40,370,-20" /><INIT seed="3,0,0,2,3,113" ten="110,340,200,350" oya="3" hai0="97,6,53,123,115,9,79,125,134,132,77,14,131" hai1="38,15,105,56,49,116,65,70,84,36,98,75,81" hai2="66,72,45,114,25,76,89,107,55,42,39,130,1" hai3="110,22,12,71,80,61,52,92,101,24,4,16,88"/><W87/><G110/><T21/><D115/><U30/><E75/><V64/><F114/><W3/><G3/><T96/><D123/><U100/><E70/><V62/><F107/><W17/><G4/><T102/><D96/><U127/><E127/><V112/><F112/><W129/><G129/><T43/><D43/><U32/><E32/><V10/><F89/><W99/><G71/><T119/><D53/><U50/><E30/><V48/><F25/><W91/><G61/><T126/><D21/><U135/><E135/><N who="0" m="51753" /><D79/><U93/><E105/><V95/><F95/><W54/><G101/><T2/><D77/><U109/><E109/><V13/><F130/><W67/><G67/><T11/><D131/><U46/><E65/><V8/><F8/><AGARI ba="0,0" hai="8,12,16,17,22,24,52,54,80,87,88,91,92,99" machi="8" ten="30,12000,1" yaku="7,1,8,1,54,3" doraHai="113" who="3" fromWho="2" sc="110,0,340,0,200,-120,350,120" /><INIT seed="3,1,0,2,4,107" ten="110,340,80,470" oya="3" hai0="3,117,128,89,59,110,83,78,13,67,106,74,62" hai1="1,12,61,79,65,31,116,80,99,9,120,72,34" hai2="53,115,0,2,38,33,95,130,113,73,104,85,56" hai3="15,36,134,19,5,63,57,126,93,71,17,111,40"/><W133/><G71/><T121/><D3/><U122/><E1/><V82/><F104/><W22/><G126/><T29/><D121/><U41/><E116/><V123/><F33/><W55/><G5/><T132/><D117/><U87/><E41/><V88/><F38/><W131/><G131/><T49/><D128/><U92/><E31/><V101/><F130/><W60/><G111/><T24/><D110/><U135/><E34/><V90/><F101/><W54/><G93/><T45/><D132/><U109/><E135/><V77/><F123/><W76/><G76/><T30/><D106/><U127/><E127/><V26/><F26/><W118/><G118/><T48/><D13/><U7/><E87/><V23/><F23/><W70/><G40/><T25/><D89/><U43/><E43/><V39/><F39/><W4/><G4/><T52/><D25/><U96/><E96/><V50/><F0/><W47/><G36/><T32/><D30/><U91/><REACH who="1" step="1"/><E109/><REACH who="1" ten="110,330,80,470" step="2"/><V103/><F2/><W68/><G133/><T21/><D32/><U64/><E64/><V18/><F103/><W105/><G134/><T84/><REACH who="0" step="1"/><D49/><REACH who="0" ten="100,330,80,470" step="2"/><U46/><E46/><V6/><F50/><W102/><G47/><T51/><D51/><U42/><E42/><V75/><F115/><W10/><G105/><T124/><D124/><U27/><E27/><V119/><F113/><W66/><G102/><T86/><AGARI ba="1,2" hai="21,24,29,45,48,52,59,62,67,74,78,83,84,86" machi="86" ten="30,7900,0" yaku="1,1,0,1,52,1,54,1,53,0" doraHai="107" doraHaiUra="98" who="0" fromWho="0" sc="100,102,330,-21,80,-21,470,-40" /><INIT seed="4,0,0,4,3,124" ten="202,309,59,430" oya="0" hai0="108,105,78,1,134,65,54,23,111,66,31,55,64" hai1="125,98,83,22,115,14,102,41,132,19,123,0,103" hai2="5,9,74,85,97,39,70,27,51,84,28,79,62" hai3="88,38,48,20,129,11,90,47,34,120,17,104,59"/><T113/><D105/><U117/><E123/><V126/><F39/><W56/><G129/><T77/><D1/><U43/><E117/><V121/><F121/><W7/><G34/><T46/><D134/><U44/><E0/><V37/><F37/><W18/><G104/><T130/><D113/><U87/><E125/><V106/><F126/><W110/><G110/><N who="0" m="42027" /><D46/><U118/><E118/><V6/><F74/><W93/><G38/><T15/><D130/><U95/><E132/><V133/><F51/><W127/><G120/><T122/><D122/><U80/><E115/><V100/><F133/><W26/><G17/><N who="0" m="10687" /><D31/><U92/><E44/><V58/><F79/><AGARI ba="0,0" hai="54,55,64,65,66,77,78,79" m="10687,42027" machi="79" ten="30,1500,0" yaku="10,1" doraHai="124" who="0" fromWho="2" sc="202,15,309,0,59,-15,430,0" /><INIT seed="4,1,0,5,3,5" ten="217,309,44,430" oya="0" hai0="98,129,113,85,47,4,94,58,75,57,135,17,25" hai1="133,16,52,130,64,29,123,134,131,2,28,119,124" hai2="45,89,69,40,78,122,86,100,15,102,73,24,108" hai3="63,22,65,71,68,109,126,125,12,117,7,81,80"/><T3/><D75/><U8/><E64/><V1/><F108/><W50/><G109/><T31/><D129/><N who="1" m="49163" /><E119/><V62/><F122/><W26/><G68/><T110/><D113/><U60/><E123/><V13/><F1/><W27/><G117/><T92/><D135/><N who="1" m="51723" /><E124/><V55/><F78/><W104/><G104/><T14/><D110/><U33/><E33/><V11/><F69/><W41/><G80/><T82/><D4/><N who="1" m="1047" /><E16/><V95/><F73/><W43/><G7/><T20/><D3/><U105/><E105/><V112/><F112/><W132/><G12/><T56/><D47/><U9/><E9/><V101/><F11/><W61/><G132/><T44/><D44/><U30/><E52/><V120/><F120/><W19/><G27/><T51/><D98/><U88/><E88/><V66/><F24/><W84/><G63/><AGARI ba="1,0" hai="28,29,30,60,63" m="1047,51723,49163" machi="63" ten="40,5200,0" yaku="19,1,20,1,52,1" doraHai="5" who="1" fromWho="3" sc="217,0,309,55,44,0,430,-55" /><INIT seed="5,0,0,4,0,106" ten="217,364,44,375" oya="1" hai0="7,12,91,56,1,70,110,83,80,35,30,101,38" hai1="81,40,52,11,69,18,94,22,125,49,109,65,59" hai2="90,122,29,43,55,77,129,8,93,23,96,34,116" hai3="92,87,98,2,53,46,73,6,105,36,39,15,62"/><U47/><E125/><V115/><F116/><W57/><G2/><T114/><D70/><U123/><E123/><V127/><F122/><W135/><G135/><T120/><D83/><U74/><E109/><V78/><F34/><W28/><G73/><T86/><D38/><U121/><E121/><V9/><F127/><W60/><G105/><T24/><D101/><U10/><E94/><V113/><F43/><W64/><G28/><T88/><D110/><U31/><E31/><V14/><F55/><W54/><G87/><T84/><D114/><N who="2" m="43530" /><F129/><W131/><G131/><T16/><D56/><U71/><E71/><V89/><F89/><N who="0" m="34378" /><D80/><U42/><E69/><V44/><F44/><W26/><G39/><T41/><D41/><U25/><E42/><V133/><F133/><W75/><G46/><T67/><D67/><U104/><E65/><V68/><F68/><W76/><G36/><T102/><D102/><U117/><E104/><V130/><F130/><W126/><G54/><T79/><D120/><U66/><E66/><V4/><F9/><N who="3" m="4535" /><G126/><T50/><D50/><U97/><E117/><V45/><F45/><W119/><G119/><T124/><D124/><U72/><E47/><V48/><F48/><W17/><G64/><T99/><D99/><U32/><E40/><V100/><F100/><N who="3" m="60487" /><G62/><T108/><D108/><U37/><E37/><V112/><N who="2" m="43538" /><V33/><DORA hai="128" /><F33/><W107/><G107/><T51/><D51/><U95/><E32/><V13/><F29/><W118/><G118/><T82/><D35/><U58/><E49/><V85/><F96/><W27/><G27/><RYUUKYOKU ba="0,0" sc="217,-10,364,-10,44,30,375,-10" hai2="4,8,13,14,23,77,78,85,90,93" /><INIT seed="6,1,0,0,1,128" ten="207,354,74,365" oya="2" hai0="6,96,92,122,43,102,14,41,1,112,48,13,95" hai1="71,24,33,25,47,17,99,90,79,123,121,11,98" hai2="132,85,67,42,114,66,124,70,5,55,59,84,73" hai3="10,20,50,106,109,76,46,19,126,111,83,74,110"/><V69/><F73/><W116/><G116/><T7/><D122/><N who="1" m="46603" /><E71/><N who="2" m="27147" /><F5/><N who="0" m="1546" /><D112/><U108/><E108/><V103/><F103/><W49/><G106/><T40/><D1/><U31/><E79/><V51/><F85/><W113/><G10/><T72/><D72/><U100/><E100/><V23/><F84/><W22/><G113/><T16/><D48/><U27/><E47/><N who="2" m="26103" /><F23/><W86/><G126/><T60/><D60/><U38/><E38/><V75/><F75/><W36/><G22/><N who="0" m="11535" /><D14/><N who="1" m="7391" /><E99/><V82/><F82/><W87/><G36/><T56/><D56/><U29/><E33/><V26/><F26/><W53/><REACH who="3" step="1"/><G50/><REACH who="3" ten="207,354,74,355" step="2"/><T107/><D107/><U34/><E34/><V68/><F114/><W30/><G30/><T65/><D65/><N who="2" m="24586" /><F124/><W91/><G91/><T134/><D95/><AGARI ba="1,1" hai="24,25,27,29,31,90,95,98" m="7391,46603" machi="95" ten="30,1000,0" yaku="13,1" doraHai="128" who="1" fromWho="0" sc="207,-13,354,23,74,0,355,0" /><INIT seed="7,0,0,2,3,105" ten="194,377,74,355" oya="3" hai0="60,49,108,92,40,75,70,45,76,103,58,54,79" hai1="65,115,117,88,30,4,67,25,29,28,42,6,39" hai2="33,63,66,8,35,31,68,95,104,48,13,72,27" hai3="118,109,97,130,62,111,73,38,87,17,14,93,32"/><W5/><G118/><T122/><D75/><U7/><E117/><V101/><F95/><W125/><G32/><T61/><D122/><U21/><E115/><V69/><F48/><W84/><G38/><T80/><D80/><U78/><E78/><V3/><F68/><W9/><G125/><T44/><D108/><N who="3" m="41545" /><G130/><T57/><D70/><U37/><E37/><V121/><F121/><W83/><G62/><T91/><D103/><U99/><E42/><V96/><F35/><W74/><G5/><T135/><D135/><U12/><E12/><V23/><F23/><W89/><G84/><N who="0" m="52327" /><D45/><U20/><E39/><V53/><F53/><AGARI ba="0,0" hai="40,44,49,53,54,57,58,60,61,76,79" m="52327" machi="53" ten="30,1000,0" yaku="8,1" doraHai="105" who="0" fromWho="2" sc="194,10,377,0,74,-10,355,0" owari="204,-20.0,377,48.0,64,-44.0,355,16.0" /></mjloggm>