<mjloggm ver="2.3"><GO type="169" lobby="0"/><UN n0="%E3%82%A4%E3%83%8B%E3%82%A8%E3%82%B9%E3%82%BF" n1="%E3%81%B5%E3%81%98%E3%81%8A" n2="%E3%82%A6%E3%83%AB%E3%83%88%E3%83%A9%E7%AB%8B%E7%9B%B4" n3="%E4%B8%8A%E5%AE%B6%E3%81%AF%E6%80%AA%E3%81%97%E3%81%84%EF%BC%81%EF%BC%81" dan="17,18,17,17" rate="2196.62,2189.24,2165.53,2197.25" sx="M,M,M,M"/><TAIKYOKU oya="0"/><INIT seed="0,0,0,4,0,32" ten="250,250,250,250" oya="0" hai0="43,109,14,100,12,22,38,93,57,117,108,78,25" hai1="97,47,0,55,60,72,129,53,103,23,9,27,77" hai2="4,107,15,41,39,94,120,64,6,40,73,61,30" hai3="98,69,118,74,33,62,50,65,99,8,21,110,127"/><T2/><D117/><U10/><E129/><V111/><F107/><W80/><G118/><T130/><D130/><U26/><E26/><V75/><F30/><W89/><G127/><T3/><D78/><U19/><E60/><V132/><F120/><W24/><G110/><N who="0" m="42603" /><D57/><U95/><E47/><V135/><F111/><W114/><G114/><T123/><D123/><U52/><REACH who="1" step="1"/><E0/><REACH who="1" ten="250,240,250,250" step="2"/><N who="0" m="41" /><D43/><U91/><E91/><V116/><F41/><W105/><G89/><T106/><D38/><U131/><E131/><V44/><F40/><W46/><G46/><T84/><D106/><U37/><E37/><V34/><F44/><W42/><G105/><T82/><D100/><U96/><E96/><V85/><F39/><W18/><G42/><T88/><D93/><U104/><E104/><V67/><F94/><W113/><G98/><T102/><D102/><U48/><E48/><V49/><F49/><W134/><G99/><T133/><D133/><U81/><AGARI ba="0,1" hai="9,10,19,23,27,52,53,55,72,77,81,95,97,103" machi="81" ten="30,4000,0" yaku="1,1,0,1,54,1,53,0" doraHai="32" doraHaiUra="11" who="1" fromWho="1" sc="250,-20,240,50,250,-10,250,-10" /><INIT seed="1,0,0,5,2,92" ten="230,290,240,240" oya="1" hai0="64,110,73,129,16,75,67,115,98,17,86,96,45" hai1="69,61,126,24,46,66,5,34,32,130,2,14,28" hai2="44,62,22,100,116,108,77,57,125,79,42,107,106" hai3="68,11,26,12,43,20,0,1,94,7,13,113,39"/><U56/><E130/><V55/><F116/><W87/><G68/><T97/><D115/><U90/><E126/><V47/><F108/><W8/><G113/><T105/><D105/><U128/><E128/><V121/><F125/><W51/><G39/><T60/><D129/><U74/><E74/><V9/><F121/><W119/><G119/><T134/><D110/><U31/><E69/><V81/><F47/><W50/><G43/><T25/><D134/><U78/><E78/><V133/><F133/><W102/><G1/><T4/><D4/><U52/><E2/><V70/><F79/><W3/><G3/><T112/><D112/><U132/><E132/><V27/><F9/><W127/><G0/><T80/><D45/><U88/><E14/><V58/><F58/><W23/><G127/><T124/><D124/><U114/><E5/><V122/><F100/><W19/><G23/><N who="0" m="13543" /><D75/><U35/><E114/><V123/><F70/><W95/><G94/><T99/><N who="0" m="24576" /><DORA hai="101" /><T54/><D73/><U104/><E104/><V49/><F107/><W41/><G102/><T93/><D93/><U53/><E46/><V59/><F106/><W82/><G95/><T36/><D36/><U30/><REACH who="1" step="1"/><E24/><REACH who="1" ten="230,280,240,240" step="2"/><V85/><F123/><W6/><G41/><T103/><D103/><U109/><E109/><V37/><F122/><W76/><AGARI ba="0,1" hai="6,7,8,11,12,13,19,20,26,50,51,76,82,87" machi="76" ten="20,5200,0" yaku="0,1,7,1,9,1,8,1" doraHai="92,101" who="3" fromWho="3" sc="230,-13,280,-26,240,-13,240,62" /><INIT seed="2,0,0,2,3,25" ten="217,254,227,302" oya="2" hai0="102,107,89,85,117,34,13,129,106,99,35,75,19" hai1="126,0,88,101,96,15,120,83,103,66,108,90,31" hai2="32,81,37,109,33,12,94,67,51,11,72,42,70" hai3="114,78,52,84,22,100,46,29,50,3,115,124,113"/><V77/><F37/><W82/><G3/><T118/><D75/><U68/><E0/><V80/><F109/><W60/><G124/><T79/><D79/><U17/><E126/><V62/><F81/><W10/><G10/><T104/><D129/><U76/><E103/><V87/><F72/><W38/><G100/><T127/><D127/><U123/><E108/><V8/><F8/><W9/><G9/><N who="0" m="6575" /><D99/><U130/><E130/><V116/><F116/><N who="0" m="44650" /><D102/><U14/><E14/><V128/><F94/><AGARI ba="0,0" hai="34,35,85,89,94,104,106,107" m="44650,6575" machi="94" ten="40,1300,0" yaku="12,1" doraHai="25" who="0" fromWho="2" sc="217,13,254,0,227,-13,302,0" /><INIT seed="3,0,0,2,5,7" ten="230,254,214,302" oya="3" hai0="122,68,26,5,63,56,65,50,78,87,105,111,125" hai1="91,135,12,24,55,133,85,45,121,110,47,16,89" hai2="20,101,116,92,61,10,46,108,79,71,83,27,81" hai3="70,115,42,124,97,131,8,1,120,98,62,17,82"/><W132/><G120/><T106/><D122/><U37/><E121/><V49/><F116/><W102/><G115/><T13/><D111/><U51/><E110/><V64/><F108/><W77/><G131/><T33/><D125/><U38/><E24/><V36/><F36/><W123/><G123/><T35/><D78/><U90/><E85/><V127/><F127/><W3/><G124/><T118/><D87/><U67/><E67/><V32/><F32/><W72/><G132/><N who="1" m="50762" /><E47/><V99/><F79/><W86/><G98/><T57/><D118/><U21/><AGARI ba="0,0" hai="12,16,21,37,38,45,51,55,89,90,91" m="50762" machi="21" ten="30,2000,0" yaku="20,1,54,1" doraHai="7" who="1" fromWho="1" sc="230,-5,254,20,214,-5,302,-10" /><INIT seed="4,0,0,3,3,112" ten="225,274,209,292" oya="0" hai0="9,37,128,64,27,22,97,72,51,53,107,68,5" hai1="16,86,100,57,90,110,48,124,135,25,92,77,134" hai2="63,101,33,43,34,12,10,87,116,80,106,103,20" hai3="2,29,114,109,61,56,130,83,23,52,31,40,118"/><T30/><D37/><U46/><E110/><V60/><F20/><W15/><G2/><T82/><D128/><U74/><E124/><V104/><F12/><W8/><G109/><T126/><D126/><U32/><E57/><V125/><F125/><W94/><G130/><T50/><D68/><U47/><E100/><V36/><F87/><W78/><G114/><T133/><D64/><U79/><E46/><V121/><F80/><W21/><G40/><T1/><D133/><N who="1" m="50699" /><E74/><V70/><F10/><W120/><G120/><T67/><D67/><U26/><E32/><V76/><F76/><N who="1" m="29257" /><E16/><V38/><F70/><W123/><G123/><T28/><D72/><U49/><E49/><V98/><F121/><W81/><G21/><T4/><D4/><U19/><E19/><V42/><REACH who="2" step="1"/><F98/><REACH who="2" ten="225,274,199,292" step="2"/><W89/><G23/><T115/><D82/><U93/><E86/><V24/><F24/><W69/><G69/><T7/><D115/><U6/><E26/><V58/><F58/><W18/><G81/><T96/><D96/><U41/><E25/><V59/><F59/><W132/><G132/><T54/><D28/><U119/><E6/><V85/><F85/><N who="3" m="48375" /><G29/><T62/><D7/><U127/><E127/><V129/><F129/><W105/><G31/><T111/><D111/><U84/><E84/><V113/><F113/><W14/><G14/><T65/><D97/><U75/><E75/><V73/><F73/><W117/><G105/><T88/><D107/><U71/><E71/><V39/><F39/><W35/><G35/><T91/><D30/><U95/><E90/><N who="0" m="34345" /><D27/><U3/><E3/><RYUUKYOKU ba="0,1" sc="225,-30,274,10,199,10,292,10" hai1="41,47,48,92,93,95,119" hai2="33,34,36,38,42,43,60,63,101,103,104,106,116" hai3="8,15,18,52,56,61,89,94,117,118" /><INIT seed="5,1,1,3,4,87" ten="195,284,209,302" oya="1" hai0="92,1,78,109,91,8,28,52,31,5,51,13,89" hai1="102,18,22,58,55,122,50,7,62,77,94,124,85" hai2="123,93,98,39,65,121,32,76,42,127,48,27,84" hai3="24,30,33,4,57,10,112,19,117,110,120,68,114"/><U34/><E34/><V67/><F39/><W43/><G68/><T99/><D109/><U103/><E122/><V90/><F32/><W36/><G110/><T29/><D78/><U53/><E124/><V70/><F70/><W128/><G120/><T135/><D135/><U95/><E7/><V26/><F127/><W75/><G117/><T41/><D41/><U61/><E61/><V101/><F76/><W80/><G57/><N who="0" m="32927" /><D1/><U2/><E2/><V14/><F14/><W35/><G35/><T72/><D72/><U60/><E60/><V71/><F71/><W3/><G19/><T133/><D133/><U111/><E95/><N who="2" m="54727" /><F123/><W134/><G134/><T74/><D74/><U66/><E111/><V16/><F121/><W25/><G25/><N who="2" m="9225" /><F16/><W132/><G132/><T108/><D108/><U0/><E0/><V82/><F82/><W17/><G17/><T54/><D54/><U126/><E126/><V125/><F125/><W88/><G128/><T37/><D37/><U115/><E53/><V15/><F15/><W107/><G107/><T59/><D59/><U104/><E104/><V56/><F56/><W105/><G105/><T6/><D6/><U9/><E55/><V83/><F83/><W20/><G33/><T64/><D64/><U131/><E66/><V116/><F116/><W86/><G75/><T79/><D79/><U45/><E58/><V118/><F118/><W100/><G36/><T11/><D11/><U47/><E9/><V96/><F67/><W69/><G10/><T46/><D46/><U44/><E44/><N who="2" m="25623" /><F65/><W106/><G3/><T40/><D40/><RYUUKYOKU ba="1,1" sc="195,15,284,-15,209,15,302,-15" hai0="5,8,13,28,29,31,89,91,92,99" hai2="93,96,98,101" /><INIT seed="6,2,1,0,1,70" ten="210,269,224,287" oya="2" hai0="91,113,67,85,26,131,11,23,111,20,7,90,58" hai1="54,3,33,5,102,44,0,105,106,78,134,135,68" hai2="72,76,104,17,126,9,41,30,60,10,39,37,132" hai3="86,25,83,133,99,45,82,121,52,16,101,87,98"/><V61/><F104/><W84/><G121/><T31/><D111/><U112/><E68/><V57/><F30/><W81/><G133/><N who="1" m="50698" /><E112/><V14/><F132/><W129/><G129/><T35/><D113/><U130/><E130/><V128/><F128/><W125/><G125/><T22/><D131/><U27/><E78/><V62/><F126/><W124/><G124/><T73/><D73/><U43/><E54/><V46/><F9/><W66/><G66/><T40/><D40/><U80/><E80/><V59/><REACH who="2" step="1"/><F39/><REACH who="2" ten="210,269,214,287" step="2"/><W89/><G82/><AGARI ba="2,2" hai="10,14,17,37,41,46,57,59,60,61,62,72,76,82" machi="82" ten="40,7700,0" yaku="1,1,2,1,52,1,53,0" doraHai="70" doraHaiUra="18" who="2" fromWho="3" sc="210,0,269,0,214,103,287,-83" /><INIT seed="6,3,0,0,0,117" ten="210,269,317,204" oya="2" hai0="110,94,33,34,61,128,93,57,51,45,106,44,87" hai1="72,92,27,104,112,20,31,48,18,28,26,73,36" hai2="102,62,66,98,65,120,86,21,114,47,37,103,35" hai3="53,99,7,12,118,125,101,24,46,109,77,121,6"/><V19/><F35/><W115/><G118/><T82/><D106/><U134/><E104/><V54/><F120/><W71/><G109/><T25/><D110/><U40/><E36/><V129/><F129/><W95/><G71/><T55/><D128/><U83/><E134/><V42/><F114/><W17/><G125/><T90/><D45/><U32/><E112/><V23/><F23/><W116/><G115/><T96/><D25/><U74/><E92/><V122/><F122/><W38/><G116/><T91/><REACH who="0" step="1"/><D94/><REACH who="0" ten="200,269,317,204" step="2"/><U29/><E27/><V85/><F47/><W132/><G24/><T50/><D50/><U13/><E48/><V130/><F37/><W1/><G121/><T63/><D63/><U5/><E26/><V11/><F62/><W126/><G38/><T78/><D78/><U14/><E32/><V131/><F131/><W8/><G77/><T60/><D60/><U89/><E29/><V81/><F130/><W56/><G46/><T2/><D2/><U113/><E28/><V0/><F0/><W58/><G1/><T41/><AGARI ba="3,1" hai="33,34,41,44,51,55,57,61,82,87,90,91,93,96" machi="41" ten="20,2700,0" yaku="1,1,0,1,7,1,53,0" doraHai="117" doraHaiUra="135" who="0" fromWho="0" sc="200,46,269,-10,317,-16,204,-10" /><INIT seed="7,0,0,0,2,10" ten="246,259,301,194" oya="3" hai0="97,24,1,70,45,7,105,109,118,135,9,100,4" hai1="61,6,47,48,55,42,28,16,71,88,53,27,94" hai2="122,131,57,81,112,133,41,104,93,19,60,80,113" hai3="31,21,116,99,117,0,83,3,69,124,123,110,130"/><W52/><G123/><T75/><D109/><U46/><E6/><V22/><F104/><W98/><G69/><T134/><D118/><U84/><E47/><V73/><F73/><W87/><G110/><T101/><D75/><U35/><E71/><V89/><F41/><W114/><G117/><T129/><D129/><U132/><E132/><N who="0" m="50729" /><D70/><U11/><E61/><V18/><F18/><W20/><G116/><T121/><D121/><U106/><E106/><V33/><F33/><W54/><G130/><T72/><D72/><U128/><E128/><V68/><F68/><W82/><G124/><T56/><D101/><U91/><E91/><V34/><F34/><W79/><G114/><T85/><D7/><U115/><E115/><V32/><F32/><W111/><G111/><T63/><D45/><U44/><E44/><V14/><F131/><W17/><G31/><T43/><D43/><U78/><E78/><V95/><F122/><W77/><REACH who="3" step="1"/><G87/><REACH who="3" ten="246,259,301,184" step="2"/><T90/><D85/><U2/><E28/><V65/><F133/><W64/><G64/><N who="0" m="39015" /><D24/><U76/><E27/><V39/><F112/><W86/><G86/><T8/><D8/><U108/><E108/><V126/><F113/><W49/><G49/><T103/><D105/><U38/><E48/><V62/><F126/><W74/><G74/><T37/><D37/><U25/><E38/><V58/><F39/><W66/><G66/><T40/><D40/><U15/><E42/><V125/><F125/><W107/><G107/><T23/><D9/><U50/><E11/><V30/><F65/><W119/><G119/><T13/><D97/><RYUUKYOKU ba="0,1" sc="246,-10,259,-10,301,-10,184,30" hai3="0,3,17,20,21,52,54,77,79,82,83,98,99" /><INIT seed="7,1,1,3,4,117" ten="236,249,291,214" oya="3" hai0="118,11,40,58,124,62,126,22,9,36,70,21,5" hai1="105,99,33,107,30,109,47,4,132,23,106,52,15" hai2="119,41,63,28,121,26,75,55,115,13,78,10,89" hai3="59,102,56,81,82,98,108,74,7,114,96,45,87"/><W128/><G108/><T113/><D118/><U54/><E109/><V12/><F121/><W123/><G123/><T38/><D70/><U91/><E132/><V92/><F115/><W44/><G128/><T6/><D113/><U24/><E47/><V50/><F75/><W66/><G114/><T68/><D68/><U110/><E110/><V71/><F78/><W67/><G7/><T31/><D31/><U42/><E42/><V18/><F41/><W125/><G74/><T20/><D40/><U48/><E48/><V35/><F63/><W25/><G25/><T27/><D27/><U103/><E91/><V112/><F71/><W134/><G134/><T86/><D86/><U34/><E34/><V19/><F119/><W46/><G125/><N who="0" m="48235" /><D11/><U32/><E32/><V2/><F2/><W3/><G3/><N who="0" m="191" /><D6/><U80/><E33/><V116/><F116/><W122/><G122/><T39/><D39/><U1/><E1/><V111/><F111/><W57/><G87/><T37/><D22/><U85/><E4/><V94/><F112/><W100/><G98/><T135/><D135/><U97/><E97/><V76/><F10/><W93/><G102/><T51/><D51/><U14/><E14/><V77/><F13/><W131/><G131/><T104/><D104/><N who="1" m="63615" /><E15/><V16/><F12/><W83/><AGARI ba="1,1" hai="44,45,46,56,57,59,66,67,81,82,83,93,96,100" machi="83" ten="40,12000,1" yaku="0,1,29,2,8,1" doraHai="117" who="3" fromWho="3" sc="236,-41,249,-41,291,-41,214,133" owari="195,-30.0,208,-19.0,250,5.0,347,44.0" /></mjloggm>