<mjloggm ver="2.3"><GO type="97" lobby="0"/><UN n0="%E3%83%84%E3%83%8E%E3%82%AB%E3%83%8E%E2%85%A1" n1="%4C%75%6E%61%73%68%69%61" n2="%E3%83%81%E3%83%BC%E6%95%A3%E6%AD%A9" n3="%E5%B0%B1%E6%B4%BB%E7%94%9F%40%E5%B7%9D%E6%9D%91%E8%BB%8D%E5%9B%A3" dan="14,13,15,14" rate="1892.37,1870.25,1951.83,1952.48" sx="F,M,M,M"/><TAIKYOKU oya="0"/><INIT seed="0,0,0,1,5,129" ten="250,250,250,250" oya="0" hai0="130,32,82,125,102,110,24,36,61,121,22,17,75" hai1="63,51,41,104,62,131,5,0,66,93,127,79,20" hai2="94,85,132,74,112,78,44,128,2,4,118,43,26" hai3="67,89,88,30,40,10,25,70,42,105,122,19,133"/><T48/><D121/><U49/><E104/><V50/><F128/><W108/><G105/><T107/><D130/><U23/><E131/><V100/><F26/><W135/><G122/><T64/><D125/><U47/><E127/><V91/><F100/><W80/><G108/><T13/><D36/><U84/><E0/><V53/><F112/><W3/><G67/><T11/><D110/><U12/><E49/><V96/><F118/><W120/><G70/><T117/><D117/><U34/><E34/><V46/><F132/><N who="3" m="50763" /><G120/><T15/><D48/><U28/><E66/><V109/><F109/><W8/><G19/><T92/><D107/><U116/><E116/><V90/><F78/><W38/><G38/><T14/><D32/><U54/><E28/><V59/><F74/><W58/><G58/><T77/><D102/><U1/><E1/><V35/><F46/><W98/><G98/><T33/><D92/><U119/><E119/><V123/><F123/><W95/><G80/><T115/><D33/><U6/><E93/><N who="2" m="54479" /><F35/><N who="3" m="20943" /><G3/><T126/><D126/><U99/><E99/><V106/><F106/><W45/><G45/><T55/><D115/><U29/><E29/><V83/><F2/><W52/><G52/><T37/><D55/><U57/><E63/><N who="2" m="36335" /><F4/><N who="1" m="1641" /><E12/><V21/><F21/><W103/><G103/><T86/><D37/><U39/><E39/><V113/><F113/><W27/><G27/><T114/><D114/><U73/><E73/><V56/><F56/><W9/><G95/><T124/><D124/><U87/><E79/><V111/><F83/><W68/><G68/><N who="0" m="41999" /><D75/><U101/><E101/><RYUUKYOKU ba="0,0" sc="250,0,250,0,250,0,250,0" hai0="11,13,14,15,17,22,24,77,82,86" hai1="20,23,41,47,51,54,57,62,84,87" hai2="43,44,50,91,94,96,111" hai3="8,9,10,40,42,88,89" /><INIT seed="0,1,0,4,4,38" ten="250,250,250,250" oya="0" hai0="45,105,20,111,41,81,40,9,46,7,55,63,83" hai1="31,71,67,97,119,14,51,87,88,126,27,42,2" hai2="8,100,85,17,133,72,70,134,129,1,114,124,116" hai3="128,28,112,24,108,47,122,66,77,101,86,56,30"/><T102/><D20/><N who="1" m="15847" /><E2/><V82/><F70/><W131/><G112/><T94/><D105/><U54/><E119/><V120/><F1/><W98/><G122/><T13/><D111/><U48/><E71/><V12/><F114/><W91/><G108/><T95/><D102/><U29/><E29/><V73/><F120/><W4/><G77/><T34/><D34/><U68/><E68/><V44/><F100/><W10/><G47/><N who="0" m="17931" /><D63/><U36/><E36/><V39/><F116/><W103/><G56/><T25/><D55/><U60/><E126/><V62/><F62/><W23/><G66/><T37/><D37/><U49/><E97/><V61/><F61/><W121/><G30/><T96/><D25/><U93/><E67/><V26/><F129/><N who="3" m="49739" /><G98/><T19/><D7/><U16/><E60/><V107/><F107/><W110/><G110/><T74/><D74/><U57/><E42/><N who="0" m="16489" /><D96/><U6/><E6/><V118/><F26/><W21/><G121/><T32/><D32/><U50/><E50/><V92/><F73/><W64/><G64/><T53/><D53/><U3/><E3/><V15/><F72/><W80/><G103/><T117/><D117/><U79/><E79/><N who="2" m="46303" /><F39/><W18/><G101/><T115/><D115/><U11/><AGARI ba="1,0" hai="11,14,16,48,49,51,54,57,87,88,93" m="15847" machi="11" ten="30,4000,0" yaku="8,1,54,2" doraHai="38" who="1" fromWho="1" sc="250,-21,250,43,250,-11,250,-11" /><INIT seed="1,0,0,4,1,56" ten="229,293,239,239" oya="1" hai0="113,135,3,88,26,95,42,105,107,23,93,73,9" hai1="15,18,6,114,30,129,29,53,130,28,58,24,61" hai2="80,17,106,125,101,51,32,117,82,1,127,99,122" hai3="121,8,45,40,62,84,39,118,98,94,71,16,67"/><U47/><E114/><V92/><F122/><W69/><G121/><T5/><D113/><U46/><E6/><V111/><F117/><W115/><G118/><T4/><D135/><U54/><E54/><V97/><F32/><W112/><G71/><T41/><D73/><U102/><E102/><N who="2" m="62799" /><F1/><W13/><REACH who="3" step="1"/><G84/><REACH who="3" ten="229,293,239,229" step="2"/><T55/><D107/><U96/><E96/><V123/><F123/><W11/><G11/><T110/><D105/><U2/><E2/><V120/><F120/><W0/><G0/><T76/><D3/><U66/><E129/><V100/><F125/><W68/><G68/><T50/><D9/><N who="1" m="6511" /><E130/><V10/><F10/><W109/><G109/><T133/><D110/><U75/><E75/><V126/><F127/><W44/><G44/><N who="1" m="16938" /><E66/><V78/><F126/><W74/><G74/><T116/><D116/><U27/><AGARI ba="0,1" hai="24,27,28,29,30,53,58,61" m="16938,6511" machi="27" ten="30,3000,0" yaku="8,1,52,1" doraHai="56" who="1" fromWho="1" sc="229,-10,293,40,239,-10,229,-10" /><INIT seed="1,1,0,0,4,95" ten="219,333,229,219" oya="1" hai0="96,99,110,70,76,120,61,115,123,22,15,39,72" hai1="55,100,83,121,35,40,80,117,135,25,118,47,32" hai2="130,64,82,53,94,122,119,127,105,43,42,23,126" hai3="109,111,102,107,13,34,90,20,16,9,128,21,65"/><U116/><E121/><N who="0" m="46665" /><D115/><U50/><E135/><V14/><F122/><W92/><G34/><T131/><D110/><N who="3" m="41993" /><G65/><N who="0" m="41263" /><D39/><U79/><E100/><V7/><F53/><W6/><G128/><T12/><D131/><U38/><E25/><V59/><F82/><W97/><G6/><T86/><D72/><U29/><E29/><V108/><F23/><W98/><AGARI ba="1,0" hai="9,13,16,20,21,90,92,97,98,102,107" m="41993" machi="98" ten="30,7900,0" yaku="14,1,52,2,54,1" doraHai="95" who="3" fromWho="3" sc="219,-21,333,-40,229,-21,219,82" /><INIT seed="2,0,0,0,0,75" ten="198,293,208,301" oya="2" hai0="114,98,22,113,35,51,91,134,67,129,64,56,124" hai1="85,32,71,66,76,34,78,94,108,13,122,43,87" hai2="38,33,31,123,23,58,39,17,63,115,133,125,45" hai3="126,60,52,77,135,82,27,131,5,20,10,14,68"/><V21/><F115/><W86/><G131/><T81/><D129/><U61/><E108/><V112/><F112/><W29/><G126/><T59/><D124/><U37/><E37/><V70/><F125/><W74/><G135/><T28/><D134/><U118/><E118/><V109/><F123/><W72/><REACH who="3" step="1"/><G52/><REACH who="3" ten="198,293,208,291" step="2"/><T48/><D114/><U97/><E43/><V46/><F133/><W79/><G79/><T73/><D113/><U53/><E122/><V3/><F109/><W7/><G7/><T4/><D4/><U40/><E40/><V92/><F39/><W89/><G89/><T90/><D90/><U119/><E119/><V93/><F38/><W83/><G83/><T120/><D120/><U36/><E36/><V111/><F111/><W25/><G25/><T2/><D81/><U117/><E117/><V42/><F42/><W96/><G96/><T11/><D98/><U100/><E53/><V1/><F1/><W101/><G101/><T41/><D91/><U6/><E6/><V0/><F3/><W110/><G110/><T95/><D41/><U121/><E121/><V105/><F0/><W130/><G130/><T18/><D2/><U116/><E116/><V102/><F102/><W12/><G12/><T65/><D65/><AGARI ba="0,1" hai="5,10,14,20,27,29,60,65,68,72,74,77,82,86" machi="65" ten="40,2600,0" yaku="1,1,52,1,53,0" doraHai="75" doraHaiUra="49" who="3" fromWho="0" sc="198,-26,293,0,208,0,291,36" /><INIT seed="3,0,0,4,5,125" ten="172,293,208,327" oya="3" hai0="48,63,45,50,118,91,52,22,109,85,11,68,59" hai1="56,60,30,100,19,83,16,32,84,37,88,34,29" hai2="92,49,58,113,4,101,132,104,117,128,27,76,7" hai3="86,2,15,94,108,12,134,39,105,74,55,42,23"/><W79/><G2/><T6/><D118/><U28/><E37/><V36/><F113/><W106/><G74/><T96/><D109/><U78/><E100/><V97/><F117/><W13/><G134/><T25/><D68/><U126/><E126/><V46/><F132/><W122/><G122/><T3/><D45/><U44/><E44/><V102/><F76/><W57/><G108/><T17/><REACH who="0" step="1"/><D85/><REACH who="0" ten="162,293,208,327" step="2"/><N who="1" m="48375" /><E32/><V40/><F58/><W90/><G42/><T38/><D38/><U26/><E34/><V8/><F36/><W73/><G39/><T18/><D18/><U112/><E112/><V131/><F27/><W62/><G73/><T115/><D115/><U67/><E26/><V107/><F4/><W87/><G87/><T81/><D81/><AGARI ba="0,1" hai="16,19,28,29,30,56,60,67,81,84,88" m="48375" machi="81" ten="30,3900,0" yaku="8,1,54,2" doraHai="125" who="1" fromWho="0" sc="162,-39,293,49,208,0,327,0" owari="123,-38.0,342,44.0,208,-19.0,327,13.0" /></mjloggm>