<mjloggm ver="2.3"><GO type="169" lobby="0"/><UN n0="%73%73%74%61%72%6F" n1="%67%75%73%68" n2="%E3%82%A6%E3%83%AB%E3%83%88%E3%83%A9%E7%AB%8B%E7%9B%B4" n3="%6E%69%63%6B%2E" dan="18,16,17,16" rate="2161.46,2008.46,2152.38,2099.99" sx="M,M,M,M"/><TAIKYOKU oya="0"/><INIT seed="0,0,0,3,0,102" ten="250,250,250,250" oya="0" hai0="110,50,6,115,29,26,33,103,131,83,92,132,90" hai1="47,10,89,64,48,13,52,84,65,66,44,104,87" hai2="125,78,116,111,105,134,53,43,62,112,0,28,63" hai3="122,128,98,36,23,135,126,3,85,51,79,54,107"/><T15/><D115/><U56/><E104/><V16/><F28/><W109/><G36/><T124/><D124/><U20/><E20/><V77/><F43/><W12/><G3/><T1/><D132/><U42/><E89/><V30/><F30/><W82/><G135/><T97/><D131/><U35/><E35/><V49/><F0/><W14/><G128/><T58/><D1/><U88/><E42/><V127/><F134/><W121/><G126/><N who="2" m="48137" /><F112/><W21/><G109/><T40/><D110/><U100/><E100/><V108/><F105/><W9/><G107/><T119/><D119/><U80/><REACH who="1" step="1"/><E84/><REACH who="1" ten="250,240,250,250" step="2"/><V19/><F111/><W39/><G23/><T68/><D40/><U81/><E81/><V34/><F34/><W18/><G21/><T113/><D83/><U41/><E41/><V38/><F108/><W96/><G39/><T55/><D113/><U57/><E57/><N who="2" m="32943" /><F38/><W59/><REACH who="3" step="1"/><G14/><REACH who="3" ten="250,240,250,240" step="2"/><T24/><D15/><U4/><AGARI ba="0,2" hai="4,10,13,44,47,48,52,56,64,65,66,80,87,88" machi="4" ten="30,8000,1" yaku="1,1,0,1,8,1,54,2,53,0" doraHai="102" doraHaiUra="106" who="1" fromWho="1" sc="250,-40,240,100,250,-20,240,-20" /><INIT seed="1,0,0,0,3,91" ten="210,340,230,220" oya="1" hai0="89,126,37,93,81,127,62,123,43,33,21,18,97" hai1="19,30,90,118,40,103,12,14,56,83,6,0,85" hai2="8,125,116,5,131,108,96,58,86,66,32,7,3" hai3="13,1,61,124,50,109,71,68,54,101,15,64,115"/><U25/><E118/><V24/><F116/><W79/><G1/><T46/><D123/><U112/><E112/><V74/><F74/><W63/><G115/><T44/><D33/><U107/><E30/><V75/><F75/><W51/><G109/><T84/><D62/><U17/><E25/><V133/><F108/><W76/><G124/><N who="0" m="47659" /><D43/><U114/><E40/><V55/><F125/><W122/><G101/><N who="0" m="60591" /><D37/><U95/><E107/><V110/><F110/><W113/><G113/><T45/><D45/><U39/><E39/><V20/><F32/><W130/><G130/><T16/><D18/><U23/><E56/><V132/><F131/><W41/><G41/><T53/><D53/><U31/><E31/><V82/><F66/><W35/><G35/><T129/><D129/><U11/><E114/><V111/><F111/><W36/><G36/><T29/><D29/><U94/><REACH who="1" step="1"/><E103/><REACH who="1" ten="210,330,230,220" step="2"/><V102/><F58/><W48/><G122/><T98/><D98/><U34/><E34/><V9/><F96/><W134/><G68/><T105/><D105/><U78/><E78/><V80/><F102/><W4/><G79/><T22/><D44/><U87/><E87/><V100/><F86/><W88/><G76/><T106/><D46/><U72/><E72/><V2/><F100/><W69/><G71/><T92/><D106/><U119/><E119/><V65/><F55/><W27/><G69/><T120/><D120/><U26/><E26/><V135/><F65/><W128/><G64/><T73/><D73/><U70/><E70/><V38/><F38/><W10/><G128/><T59/><D59/><RYUUKYOKU ba="0,1" sc="210,-15,330,15,230,15,220,-15" hai1="0,6,11,12,14,17,19,23,83,85,90,94,95" hai2="2,3,5,7,8,9,20,24,80,82,132,133,135" /><INIT seed="1,1,1,2,4,107" ten="195,345,245,205" oya="1" hai0="56,64,48,86,3,65,27,5,40,74,46,4,123" hai1="39,118,55,125,95,21,50,128,62,24,92,71,10" hai2="32,90,124,45,49,14,30,52,72,47,51,63,121" hai3="70,112,78,37,79,100,94,73,110,38,41,98,18"/><U31/><E118/><V26/><F121/><W126/><G70/><T132/><D74/><U17/><E39/><V67/><F124/><W97/><G112/><T61/><D123/><U127/><E128/><V88/><F72/><W113/><G113/><T131/><D131/><U93/><E62/><V19/><F63/><W109/><G126/><N who="1" m="48138" /><E71/><V104/><F67/><N who="0" m="25674" /><D3/><U0/><E0/><V115/><F104/><W11/><G98/><T68/><D68/><U101/><E101/><V28/><F28/><W99/><G99/><T25/><D132/><U106/><E106/><V66/><F66/><W12/><G41/><T9/><D86/><U69/><E69/><V105/><F105/><W129/><G129/><T75/><D75/><U1/><E1/><V2/><F2/><W130/><G130/><T122/><D122/><U103/><E103/><V29/><F29/><W16/><G18/><T96/><D96/><U119/><E119/><V43/><REACH who="2" step="1"/><F115/><REACH who="2" ten="195,345,235,205" step="2"/><W6/><G73/><T44/><D61/><U8/><E31/><V87/><F87/><W20/><G109/><T81/><D48/><U7/><E50/><V42/><F42/><W120/><G110/><T59/><D40/><U13/><E55/><V89/><F89/><W134/><G120/><T84/><D84/><U35/><E35/><V58/><F58/><W85/><G85/><T108/><D56/><U23/><E95/><V111/><F111/><W102/><G102/><T33/><D33/><U53/><E53/><V83/><F83/><W133/><G133/><T116/><D81/><U91/><E93/><V117/><F117/><RYUUKYOKU ba="1,2" sc="195,-10,345,-10,235,30,205,-10" hai2="14,19,26,30,32,43,45,47,49,51,52,88,90" /><INIT seed="2,2,2,1,0,77" ten="185,335,265,195" oya="2" hai0="90,22,68,62,113,130,131,89,117,81,33,63,99" hai1="4,108,83,80,29,91,120,124,135,106,50,13,70" hai2="39,74,16,18,42,45,7,85,71,123,12,66,21" hai3="57,127,98,14,25,134,107,8,97,44,128,73,0"/><V67/><F74/><W122/><G73/><T121/><D113/><U112/><E112/><V59/><F123/><W41/><G0/><T132/><D121/><U105/><E70/><V125/><F125/><W79/><G79/><T92/><D33/><U10/><E120/><V34/><F34/><W19/><G127/><T84/><D132/><U9/><E124/><V88/><F71/><W109/><G134/><T26/><D117/><U2/><E108/><V103/><F103/><W87/><G109/><T118/><D118/><U11/><E29/><V5/><F18/><W23/><G128/><N who="0" m="49195" /><D68/><U61/><E61/><V56/><F59/><W72/><G72/><T40/><D40/><U116/><E10/><V60/><REACH who="2" step="1"/><F67/><REACH who="2" ten="185,335,255,195" step="2"/><W54/><G122/><T6/><D6/><U49/><E135/><V37/><F37/><W58/><G58/><T119/><D119/><U51/><E116/><V86/><F86/><W17/><G87/><T126/><D126/><U30/><E30/><AGARI ba="2,3" hai="22,26,30,62,63,81,84,89,90,92,99" m="49195" machi="30" ten="30,2000,0" yaku="19,1,52,1" doraHai="77" who="0" fromWho="1" sc="185,56,335,-26,255,0,195,0" /><INIT seed="3,0,0,2,3,76" ten="241,309,255,195" oya="3" hai0="69,55,134,54,19,33,132,80,46,82,122,87,93" hai1="75,57,133,128,91,84,2,3,115,8,103,22,7" hai2="79,47,97,89,101,12,125,39,111,5,28,56,81" hai3="106,100,21,17,32,117,72,53,42,74,73,15,78"/><W30/><G117/><T94/><D122/><U52/><E75/><V104/><F111/><W108/><G108/><T45/><D87/><U70/><E70/><V18/><F28/><W67/><G42/><T20/><D69/><U36/><E36/><V99/><F5/><W113/><G67/><T9/><D20/><U43/><E128/><V50/><F39/><W109/><G109/><T37/><D37/><U110/><E110/><V51/><F125/><W96/><G113/><T26/><D26/><U27/><E43/><V77/><F56/><W24/><REACH who="3" step="1"/><G53/><REACH who="3" ten="241,309,255,185" step="2"/><T35/><D55/><U14/><E115/><V86/><F97/><W130/><G130/><T10/><D54/><U23/><E52/><V11/><F51/><W34/><G34/><T48/><D48/><U131/><E131/><V107/><F104/><W13/><G13/><T65/><D65/><U129/><E129/><V83/><F50/><W6/><G6/><T102/><D35/><U121/><E14/><V135/><F47/><W71/><G71/><T63/><D33/><U98/><E7/><V116/><F116/><W31/><G31/><T61/><D46/><U105/><E2/><V64/><F64/><W40/><G40/><T126/><D45/><U59/><E3/><V127/><F127/><W112/><G112/><T29/><D126/><U119/><E119/><V62/><F107/><W68/><G68/><T123/><D29/><U41/><E105/><V95/><F12/><W1/><G1/><T88/><D123/><U60/><E41/><V118/><F118/><W58/><G58/><T114/><D114/><RYUUKYOKU ba="0,1" sc="241,-10,309,-10,255,-10,185,30" hai3="15,17,21,24,30,32,72,73,74,78,96,100,106" /><INIT seed="3,1,1,1,3,5" ten="231,299,245,215" oya="3" hai0="35,95,17,29,76,115,26,12,78,106,83,28,69" hai1="84,90,110,124,1,101,125,38,118,27,20,66,73" hai2="55,75,22,99,33,81,34,3,121,126,16,24,89" hai3="67,63,43,134,112,11,21,18,50,91,114,41,4"/><W113/><G134/><T111/><D106/><U100/><E38/><V30/><F3/><W51/><G91/><T61/><D29/><U70/><E73/><V48/><F126/><N who="1" m="48745" /><E1/><V2/><F2/><W9/><G43/><T132/><D132/><U52/><E110/><V32/><F121/><W14/><G41/><T31/><D31/><N who="1" m="17895" /><E52/><V71/><F71/><W94/><G94/><T56/><D69/><U107/><E107/><V77/><F99/><W65/><G65/><T68/><D68/><U130/><E130/><V49/><F89/><W135/><G135/><T123/><D123/><U103/><E118/><V57/><REACH who="2" step="1"/><F49/><REACH who="2" ten="231,299,235,215" step="2"/><W128/><G128/><T72/><D115/><U98/><E98/><V109/><F109/><W105/><G105/><T25/><D111/><U62/><E103/><V45/><F45/><W88/><G88/><T96/><D78/><U119/><E119/><V93/><F93/><AGARI ba="1,2" hai="62,66,70,84,90,93,100,101" m="17895,48745" machi="93" ten="30,1000,0" yaku="18,1" doraHai="5" who="1" fromWho="2" sc="231,0,299,33,235,-13,215,0" /><INIT seed="4,0,0,1,2,67" ten="231,332,222,215" oya="0" hai0="41,76,118,94,87,33,36,83,42,127,75,84,34" hai1="20,10,66,5,130,124,52,17,73,101,21,129,6" hai2="63,108,89,92,23,46,106,114,85,135,103,133,110" hai3="68,88,53,14,115,90,121,48,39,100,1,3,51"/><T7/><D118/><U64/><E73/><V98/><F46/><W104/><G39/><T43/><D36/><U62/><E101/><V60/><F23/><W15/><G68/><T37/><D37/><U113/><E124/><V112/><F60/><W26/><G26/><T24/><D127/><U49/><E21/><V93/><F63/><W78/><G78/><T72/><D7/><U13/><E113/><N who="2" m="43627" /><F106/><W107/><G53/><T55/><D55/><U70/><E64/><V99/><F85/><W29/><G29/><T22/><D34/><U80/><E80/><V56/><F56/><W50/><G115/><T19/><REACH who="0" step="1"/><D33/><REACH who="0" ten="221,332,222,215" step="2"/><U4/><REACH who="1" step="1"/><E20/><REACH who="1" ten="221,322,222,215" step="2"/><V126/><F126/><W109/><G121/><T16/><D16/><U35/><E35/><V58/><F58/><AGARI ba="0,2" hai="4,5,6,10,13,17,49,52,58,62,66,70,129,130" machi="58" ten="40,5200,0" yaku="1,1,52,1,54,1,53,0" doraHai="67" doraHaiUra="81" who="1" fromWho="2" sc="221,0,322,72,222,-52,215,0" /><INIT seed="5,0,0,4,2,4" ten="221,394,170,215" oya="1" hai0="92,8,102,32,67,74,43,44,64,106,57,79,22" hai1="82,18,13,42,122,97,121,89,81,25,116,68,23" hai2="55,126,131,110,83,59,27,123,7,45,77,56,10" hai3="71,47,58,127,35,11,1,36,99,117,105,2,73"/><U118/><E68/><V26/><F123/><W70/><G58/><T87/><D32/><U38/><E42/><V111/><F126/><W30/><G117/><T135/><D135/><U130/><E38/><V119/><F119/><W101/><G127/><T78/><D22/><U88/><E130/><V132/><F131/><W12/><G73/><T52/><D8/><U114/><E114/><V129/><F129/><W108/><G108/><T128/><D128/><U103/><E116/><V113/><F132/><W31/><G12/><T50/><D74/><U98/><E118/><V63/><F113/><W54/><G54/><T69/><D106/><U17/><E122/><V100/><F100/><W28/><G35/><T120/><D120/><U60/><E60/><V90/><F90/><N who="1" m="34921" /><E121/><V37/><F59/><W95/><G105/><T24/><D69/><U62/><E62/><V124/><F124/><W16/><G2/><T21/><D67/><U112/><E112/><V34/><F34/><W0/><G0/><T84/><D64/><U91/><E91/><V51/><F37/><W133/><G133/><T15/><D79/><U115/><E115/><V96/><F96/><N who="1" m="36969" /><E103/><V104/><F104/><W9/><G1/><T80/><D102/><U6/><E6/><V46/><F111/><W48/><G36/><T65/><D65/><U94/><E94/><V41/><F110/><W125/><G125/><T20/><D92/><U39/><E39/><V85/><F46/><W40/><G70/><T75/><D44/><U134/><E134/><V3/><AGARI ba="0,0" hai="3,7,10,26,27,41,45,51,55,56,63,77,83,85" machi="3" ten="20,2700,0" yaku="0,1,7,1,52,1" doraHai="4" who="2" fromWho="2" sc="221,-7,394,-13,170,27,215,-7" /><INIT seed="6,0,0,2,5,30" ten="214,381,197,208" oya="2" hai0="107,117,15,29,76,93,4,11,53,70,59,62,5" hai1="109,46,111,130,78,36,106,86,128,101,50,75,64" hai2="1,97,82,17,45,69,55,8,105,80,90,12,13" hai3="48,49,83,31,72,58,38,113,2,134,3,126,85"/><V10/><F69/><W79/><G38/><T18/><D107/><U35/><E35/><V94/><F1/><W23/><G113/><T42/><D70/><U129/><E36/><V0/><F0/><W110/><G110/><T92/><D117/><U65/><E75/><V100/><F45/><W25/><G126/><T104/><D104/><U39/><E39/><V88/><F55/><W67/><G134/><T74/><D42/><N who="1" m="24919" /><E101/><V103/><F103/><W115/><G115/><T127/><D127/><U51/><E106/><V132/><F132/><W32/><G72/><T95/><D29/><U14/><E14/><V124/><F124/><W43/><G23/><T40/><D40/><U91/><E51/><V73/><F73/><W21/><G21/><T125/><D125/><U41/><E78/><V120/><F120/><W24/><G24/><T77/><D74/><U118/><E41/><V26/><F26/><W121/><G121/><T47/><D47/><U33/><E118/><V116/><F116/><W122/><G122/><T60/><D60/><U114/><E114/><V99/><REACH who="2" step="1"/><F90/><REACH who="2" ten="214,381,187,208" step="2"/><W34/><G32/><T135/><D135/><U56/><E33/><V7/><AGARI ba="0,1" hai="7,8,10,12,13,17,80,82,88,94,97,99,100,105" machi="7" ten="20,12000,1" yaku="1,1,2,1,0,1,7,1,54,1,53,0" doraHai="30" doraHaiUra="19" who="2" fromWho="2" sc="214,-40,381,-40,187,130,208,-40" /><INIT seed="6,1,0,5,2,18" ten="174,341,317,168" oya="2" hai0="122,19,49,106,56,104,33,53,126,1,20,71,24" hai1="25,13,65,9,10,86,129,75,54,119,44,17,97" hai2="89,79,74,35,39,16,133,37,102,105,131,58,78" hai3="47,84,15,96,27,50,22,85,14,83,115,63,28"/><V3/><F35/><W82/><G115/><T8/><D122/><U132/><E75/><V120/><F3/><W118/><G118/><T94/><D71/><U42/><E119/><V38/><F120/><W103/><G63/><T112/><D112/><U123/><E123/><V100/><F131/><W92/><G84/><T61/><D126/><U21/><E129/><V52/><F133/><W26/><G26/><T80/><D33/><U34/><E65/><V29/><F29/><W88/><G83/><T127/><D127/><U2/><E34/><V125/><F89/><W114/><G114/><T69/><D80/><U4/><E86/><V134/><F134/><W130/><G130/><T66/><REACH who="0" step="1"/><D94/><REACH who="0" ten="164,341,317,168" step="2"/><U81/><E81/><V46/><F125/><W113/><REACH who="3" step="1"/><G113/><REACH who="3" ten="164,341,317,158" step="2"/><T62/><D62/><U45/><E132/><V60/><F60/><W90/><G90/><T95/><D95/><U116/><E116/><V111/><F78/><W32/><G32/><T6/><AGARI ba="1,2" hai="1,6,8,19,20,24,49,53,56,61,66,69,104,106" machi="6" ten="30,4000,0" yaku="1,1,0,1,52,1,53,0" doraHai="18" doraHaiUra="77" who="0" fromWho="0" sc="164,63,341,-11,317,-21,158,-11" /><INIT seed="7,0,0,5,1,49" ten="227,330,296,147" oya="3" hai0="79,59,73,1,123,41,106,118,115,42,15,36,0" hai1="17,35,134,48,76,128,25,43,39,111,98,92,90" hai2="104,10,93,30,113,6,67,40,50,83,127,9,84" hai3="100,96,11,28,34,89,29,66,62,56,95,13,119"/><W80/><G119/><T121/><D59/><U38/><E111/><V102/><F104/><W22/><G34/><T107/><D15/><U61/><E76/><V32/><F113/><W44/><G44/><N who="0" m="23591" /><D42/><U120/><E120/><N who="0" m="46153" /><D115/><U65/><E128/><V126/><F67/><W45/><G45/><T85/><D85/><U58/><E134/><V94/><F30/><W5/><G22/><T105/><D118/><U3/><E3/><V74/><F74/><W88/><REACH who="3" step="1"/><G89/><REACH who="3" ten="227,330,296,137" step="2"/><T70/><D70/><U132/><E35/><V131/><F32/><W53/><G53/><T37/><D37/><U101/><E90/><V7/><F131/><W21/><G21/><T75/><D75/><U110/><E38/><V52/><F127/><W97/><G97/><T57/><D57/><U47/><E39/><V103/><F126/><W27/><G27/><T24/><D24/><U4/><E25/><V54/><F40/><W125/><G125/><T124/><D124/><U64/><E43/><V51/><F84/><AGARI ba="0,1" hai="5,11,13,28,29,56,62,66,80,84,88,95,96,100" machi="84" ten="40,7700,0" yaku="1,1,8,1,54,1,53,0" doraHai="49" doraHaiUra="16" who="3" fromWho="2" sc="227,0,330,0,296,-77,137,87" /><INIT seed="7,1,0,0,1,94" ten="227,330,219,224" oya="3" hai0="115,74,118,57,61,60,39,128,29,19,55,124,6" hai1="119,101,127,100,96,34,58,80,111,40,113,77,15" hai2="46,122,91,90,117,51,88,65,25,36,108,30,24" hai3="129,112,53,69,10,43,52,59,47,63,18,104,32"/><W70/><G104/><T13/><D118/><U123/><E111/><V44/><F117/><W50/><G32/><T93/><D74/><U31/><E119/><V82/><F108/><W56/><G18/><T1/><D39/><U54/><E123/><V76/><F122/><W12/><G12/><T98/><D29/><U48/><E113/><V67/><F36/><N who="3" m="21991" /><G10/><T22/><D115/><U121/><E121/><V72/><F46/><N who="3" m="27735" /><G112/><T9/><D128/><U68/><E68/><N who="3" m="26218" /><G129/><T85/><D85/><U92/><E101/><V2/><F2/><W132/><G132/><T4/><D4/><U135/><E135/><V114/><F114/><W26/><G26/><T20/><D20/><U78/><E15/><V45/><F45/><W73/><G73/><T7/><D7/><U17/><E17/><V125/><F125/><W27/><G27/><T62/><D124/><U81/><E31/><V33/><REACH who="2" step="1"/><F24/><REACH who="2" ten="227,330,209,224" step="2"/><W75/><G75/><T21/><D21/><U86/><E127/><V110/><F110/><W131/><G131/><T130/><D130/><U109/><E109/><V64/><F64/><W103/><G103/><AGARI ba="1,1" hai="1,6,9,13,19,22,55,57,60,61,62,93,98,103" machi="103" ten="30,2000,0" yaku="7,1,52,1" doraHai="94" who="0" fromWho="3" sc="227,33,330,0,209,0,224,-23" owari="260,6.0,330,43.0,209,-19.0,201,-30.0" /></mjloggm>