<mjloggm ver="2.3"><GO type="193" lobby="0"/><UN n0="%E3%83%86%E3%83%83%E3%82%AB%E3%83%8B%E3%83%B3" n1="%E3%83%88%E3%83%88%E3%83%AA%E5%85%88%E7%94%9F%31%39%E6%AD%B3" n2="%6B%61%6E%61%5F%74%61%6E" n3="%6E%69%63%6F%74%76" dan="10,11,12,11" rate="1668.50,1814.19,1824.82,1592.90" sx="M,F,M,M"/><TAIKYOKU oya="0"/><INIT seed="0,0,0,1,4,129" ten="250,250,250,250" oya="0" hai0="90,17,81,108,119,5,8,43,37,75,74,104,23" hai1="84,73,127,3,131,115,118,4,83,21,63,24,44" hai2="60,0,65,50,103,34,110,79,7,14,124,54,42" hai3="113,45,117,121,27,101,86,19,87,68,94,109,56"/><T48/><D119/><U1/><E118/><V57/><F34/><W46/><G117/><T51/><D104/><U12/><E73/><V107/><F110/><W72/><G113/><T2/><D108/><U133/><E131/><V62/><F0/><W10/><G121/><T36/><D74/><U123/><E123/><V28/><F124/><W35/><G109/><T77/><D90/><U59/><E127/><V49/><F28/><W82/><G68/><T93/><D93/><U134/><E44/><N who="2" m="25751" /><F107/><W80/><G35/><T76/><D76/><N who="1" m="46183" /><E115/><V69/><F103/><W88/><G72/><T11/><D11/><N who="1" m="4199" /><E21/><V97/><F97/><W105/><G105/><T67/><D67/><N who="1" m="39423" /><E24/><V20/><F79/><W32/><G32/><T116/><D116/><U96/><E96/><V128/><F128/><W89/><G56/><T40/><D36/><U106/><E106/><V25/><F7/><W33/><G33/><T95/><D95/><U114/><E114/><V31/><F14/><N who="3" m="7639" /><G27/><N who="0" m="14831" /><D43/><U13/><E13/><V126/><F126/><W66/><G66/><T91/><D91/><U29/><E29/><V22/><F22/><W52/><G52/><T71/><D71/><U26/><E26/><V39/><F39/><W38/><G38/><T100/><D100/><U58/><E58/><N who="2" m="33111" /><F62/><W120/><G120/><T30/><D30/><U130/><E130/><V53/><F69/><W125/><G125/><T64/><D64/><AGARI ba="0,0" hai="20,25,31,53,57,60,64,65" m="33111,25751" machi="64" ten="30,1000,0" yaku="8,1" doraHai="129" who="2" fromWho="0" sc="250,-10,250,0,250,10,250,0" /><INIT seed="1,0,0,3,3,75" ten="240,250,260,250" oya="1" hai0="119,100,27,105,52,90,26,2,30,66,114,38,16" hai1="61,106,112,8,62,21,107,48,19,101,18,71,58" hai2="32,35,7,85,31,20,14,15,122,67,98,79,28" hai3="17,78,43,110,3,51,103,45,131,95,108,84,125"/><U29/><E112/><V42/><F122/><W70/><G70/><T1/><D119/><U116/><E116/><V104/><F42/><W126/><G3/><T53/><D38/><U0/><E29/><N who="2" m="11339" /><F67/><W60/><G60/><T47/><D114/><U118/><E118/><V81/><F104/><W91/><G17/><T6/><D1/><U124/><E124/><N who="3" m="47722" /><G103/><T76/><D2/><U57/><E71/><V130/><F98/><W87/><G131/><T113/><D6/><U127/><E127/><V25/><F130/><W22/><G22/><N who="0" m="15703" /><D113/><U121/><E121/><V88/><F79/><W64/><G64/><T63/><D100/><U4/><E101/><V82/><F88/><W83/><AGARI ba="0,0" hai="43,45,51,78,83,84,87,91,95,108,110" m="47722" machi="83" ten="30,2000,0" yaku="18,1,52,1" doraHai="75" who="3" fromWho="3" sc="240,-5,250,-10,260,-5,250,20" /><INIT seed="2,0,0,3,3,79" ten="235,240,255,270" oya="2" hai0="81,42,91,13,44,5,100,20,56,84,116,87,121" hai1="14,19,4,26,8,35,106,95,65,125,120,38,108" hai2="71,105,124,25,119,40,99,90,128,34,62,127,18" hai3="98,89,1,72,131,75,130,43,61,15,123,59,55"/><V132/><F119/><W45/><G1/><T129/><D129/><N who="3" m="49161" /><G123/><T16/><D121/><U67/><E120/><V23/><F128/><W134/><G134/><T58/><D116/><U78/><E106/><V73/><F132/><W63/><G63/><T33/><D33/><U11/><E38/><V52/><F73/><W36/><G15/><T101/><D5/><U70/><E108/><V31/><F40/><W0/><G0/><T113/><D113/><U28/><E125/><N who="2" m="48203" /><F71/><W96/><G96/><T39/><D58/><U37/><E37/><V94/><F105/><W12/><G12/><T60/><REACH who="0" step="1"/><D87/><REACH who="0" ten="225,240,255,270" step="2"/><U9/><E4/><V54/><F62/><W24/><G24/><AGARI ba="0,1" hai="18,23,24,25,31,34,52,54,90,94,99" m="48203" machi="24" ten="30,2900,0" yaku="18,1,54,1" doraHai="79" who="2" fromWho="3" sc="225,0,240,0,255,39,270,-29" /><INIT seed="2,1,0,1,1,34" ten="225,240,294,241" oya="2" hai0="77,24,100,6,38,70,88,47,73,28,87,40,44" hai1="52,7,63,97,0,14,134,85,26,49,82,98,10" hai2="74,110,119,43,103,101,115,99,118,92,57,129,132" hai3="135,4,32,35,120,94,16,64,106,124,60,11,53"/><V8/><F74/><W62/><G120/><T61/><D100/><U59/><E134/><V104/><F132/><W95/><G106/><T116/><D116/><U36/><E36/><V86/><F115/><W80/><G135/><T96/><D96/><U42/><E26/><V18/><F43/><W130/><G124/><T3/><D73/><U9/><E42/><V78/><F129/><W113/><G130/><T33/><D77/><U93/><E63/><V108/><F57/><W19/><G113/><T91/><D47/><U51/><E51/><V1/><F18/><W46/><G64/><T65/><REACH who="0" step="1"/><D87/><REACH who="0" ten="215,240,294,241" step="2"/><U89/><REACH who="1" step="1"/><E82/><REACH who="1" ten="215,230,294,241" step="2"/><N who="2" m="47447" /><F119/><W20/><G80/><T127/><D127/><U17/><AGARI ba="1,2" hai="0,7,9,10,14,17,49,52,59,85,89,93,97,98" machi="17" ten="20,8000,1" yaku="1,1,0,1,7,1,52,1,54,1,53,0" doraHai="34" doraHaiUra="68" who="1" fromWho="1" sc="215,-21,230,103,294,-41,241,-21" /><INIT seed="3,0,0,3,5,99" ten="194,333,253,220" oya="3" hai0="13,79,30,111,122,53,85,117,86,81,61,33,37" hai1="64,101,46,129,10,109,113,135,88,65,68,45,67" hai2="72,121,48,6,132,14,97,18,87,60,118,110,104" hai3="92,15,58,112,25,134,4,47,76,94,7,128,77"/><W133/><G112/><T8/><D111/><U31/><E113/><V70/><F72/><W44/><G25/><T123/><D37/><U126/><E68/><V75/><F75/><W78/><G58/><T82/><D117/><U26/><E109/><V29/><F110/><W22/><G22/><T35/><D30/><U17/><E129/><V102/><F118/><W125/><G125/><T116/><D116/><U55/><E126/><V24/><F121/><W11/><G128/><T95/><D35/><U34/><E135/><N who="3" m="51722" /><G7/><T36/><D33/><U9/><E17/><V74/><F74/><W41/><G47/><T120/><D36/><AGARI ba="0,0" hai="4,11,15,36,41,44,76,77,78,92,94" m="51722" machi="36" ten="30,1500,0" yaku="20,1" doraHai="99" who="3" fromWho="0" sc="194,-15,333,0,253,0,220,15" /><INIT seed="3,1,0,2,1,120" ten="179,333,253,235" oya="3" hai0="43,97,28,71,111,92,134,127,9,1,7,41,46" hai1="23,11,52,109,117,14,129,18,39,124,83,74,101" hai2="51,79,114,5,135,21,113,36,12,55,121,87,35" hai3="75,95,10,89,103,61,42,8,107,128,2,131,133"/><W32/><G42/><T82/><D71/><U56/><E39/><V48/><F121/><W76/><G32/><T50/><D127/><U20/><E109/><V27/><F35/><W0/><G61/><T54/><D134/><U126/><E129/><N who="3" m="49738" /><G133/><T49/><D28/><U122/><E122/><V59/><F135/><W108/><G107/><T85/><D111/><U25/><E117/><V44/><F36/><W45/><G103/><T86/><D86/><U16/><E101/><V80/><F114/><W69/><G69/><T58/><D50/><U90/><E11/><N who="3" m="4138" /><G45/><T4/><D58/><U102/><E102/><V57/><F113/><W77/><G75/><T88/><REACH who="0" step="1"/><D7/><REACH who="0" ten="169,333,253,235" step="2"/><U26/><E74/><V38/><F38/><W116/><G116/><T13/><D13/><N who="1" m="9295" /><E124/><V22/><F5/><W93/><G108/><T130/><D130/><U64/><E126/><V53/><F12/><W84/><G95/><T132/><D132/><U115/><E115/><V96/><F96/><W34/><G34/><T100/><AGARI ba="1,1" hai="1,4,9,41,43,46,49,54,82,85,88,92,97,100" machi="100" ten="20,5200,0" yaku="1,1,0,1,7,1,54,1,53,0" doraHai="120" doraHaiUra="123" who="0" fromWho="0" sc="169,65,333,-14,253,-14,235,-27" owari="234,-17.0,319,42.0,239,4.0,208,-29.0" /></mjloggm>