<mjloggm ver="2.3"><GO type="97" lobby="0"/><UN n0="%E3%83%88%E3%83%88%E3%83%AA%E5%85%88%E7%94%9F%31%39%E6%AD%B3" n1="%41%6D%65%74%68%75%73" n2="%75%79%67%75%79%67%75%69" n3="%E5%A7%89%E5%B7%9D%E6%83%B3%E4%B8%80" dan="13,15,15,15" rate="2062.06,1987.50,2004.37,1987.49" sx="F,M,M,F"/><TAIKYOKU oya="0"/><INIT seed="0,0,0,5,1,86" ten="250,250,250,250" oya="0" hai0="88,121,27,76,7,117,31,114,118,79,97,103,46" hai1="83,96,73,130,37,91,2,82,42,56,39,95,109" hai2="43,55,74,15,68,94,80,26,119,78,90,13,41" hai3="104,20,111,49,115,62,71,50,70,124,67,132,11"/><T99/><D114/><U12/><E2/><V126/><F68/><W112/><G104/><T28/><D121/><U36/><E130/><V129/><F129/><W131/><G131/><T5/><D46/><U53/><E109/><V123/><F123/><W125/><G111/><T128/><D128/><U127/><E127/><N who="3" m="48714" /><G11/><T122/><D122/><U110/><E110/><V34/><F126/><W32/><G32/><T6/><D103/><U1/><E1/><V105/><F105/><W18/><G71/><T135/><D135/><U69/><E69/><V61/><F119/><W101/><G101/><T113/><D113/><N who="3" m="43593" /><G132/><T63/><D63/><U108/><E108/><V77/><F77/><N who="0" m="29770" /><D118/><U100/><E73/><V22/><F34/><W75/><G75/><T81/><D117/><U59/><E100/><V102/><F102/><W51/><G51/><T40/><D40/><U84/><E42/><V72/><F72/><W133/><G133/><T107/><D107/><U30/><E39/><V116/><F116/><W65/><G65/><T24/><D31/><U8/><E30/><V57/><F43/><W54/><G54/><T47/><D28/><U33/><E53/><V23/><F41/><W120/><G120/><T48/><D48/><U21/><E37/><V45/><F45/><W38/><G38/><T92/><D47/><U35/><E36/><V4/><F4/><W10/><G10/><T52/><D52/><U19/><E8/><V60/><F60/><W89/><G89/><N who="0" m="55439" /><D81/><U29/><E83/><V58/><F74/><W9/><G9/><T106/><D106/><U25/><E35/><RYUUKYOKU ba="0,0" sc="250,10,250,10,250,-30,250,10" hai0="5,6,7,24,27,88,99" hai1="12,19,21,25,29,33,56,59,82,84,91,95,96" hai3="18,20,49,50,62,67,70" /><INIT seed="0,1,0,4,5,88" ten="260,260,220,260" oya="0" hai0="36,50,41,116,75,23,115,123,96,11,15,49,80" hai1="103,124,47,126,79,10,8,44,39,95,28,100,119" hai2="112,70,74,4,102,77,133,35,32,118,131,0,66" hai3="85,60,105,68,7,84,99,18,129,40,31,38,65"/><T56/><D115/><U45/><E119/><V25/><F112/><W93/><G129/><T16/><D116/><U9/><E79/><V37/><F102/><N who="1" m="38953" /><E28/><V73/><F77/><W91/><G105/><T82/><D123/><U27/><E27/><V19/><F25/><W81/><G7/><T130/><D130/><U17/><E95/><V101/><F101/><W120/><G120/><T109/><D36/><U86/><E86/><V63/><F19/><W29/><G18/><N who="0" m="8575" /><D109/><U89/><E17/><V14/><F14/><W61/><G99/><T113/><D75/><N who="2" m="28682" /><F118/><W127/><G61/><T94/><D113/><U108/><E108/><V106/><F106/><W21/><G21/><T117/><D117/><U92/><E39/><V134/><F131/><W110/><G110/><T135/><D135/><N who="2" m="51722" /><F37/><W122/><G122/><T98/><D98/><N who="1" m="57615" /><E124/><V64/><F64/><W30/><G127/><T76/><D76/><U111/><E126/><V26/><F26/><W1/><G84/><T3/><D96/><U58/><E111/><V59/><F59/><AGARI ba="1,0" hai="8,9,10,44,45,47,58,59" m="57615,38953" machi="59" ten="40,2600,0" yaku="8,1,52,1" doraHai="88" who="1" fromWho="2" sc="260,0,260,29,220,-29,260,0" /><INIT seed="1,0,0,3,5,102" ten="260,289,191,260" oya="1" hai0="115,57,76,135,28,58,81,98,106,46,83,51,41" hai1="35,14,117,134,78,82,88,13,109,49,19,29,68" hai2="50,90,9,23,0,96,63,44,101,100,47,20,130" hai3="55,74,32,118,105,31,121,92,56,95,126,80,119"/><U59/><E117/><N who="3" m="44554" /><G121/><T12/><D115/><U107/><E68/><V54/><F130/><W122/><G122/><T62/><D135/><U77/><E134/><V8/><F0/><W123/><G123/><T53/><D28/><U22/><E107/><V67/><F90/><W60/><G126/><T70/><D70/><U52/><E109/><V48/><F63/><W38/><G38/><T112/><D112/><U132/><E132/><V39/><F39/><W120/><G120/><T129/><D129/><U37/><E37/><V5/><F67/><W73/><G105/><T61/><D76/><U64/><E64/><V36/><F36/><W104/><G104/><T30/><D30/><U42/><E42/><V24/><F5/><W3/><G3/><T26/><D26/><N who="1" m="16599" /><E35/><V131/><F131/><W43/><G43/><T97/><D12/><N who="1" m="4715" /><E19/><V45/><F54/><W2/><G2/><T127/><D127/><U75/><E75/><V15/><F15/><W85/><G73/><T111/><D111/><U72/><E72/><V25/><REACH who="2" step="1"/><F47/><REACH who="2" ten="260,289,181,260" step="2"/><W7/><G7/><T110/><D110/><U125/><E125/><V6/><F6/><W16/><G55/><T99/><D53/><U69/><E69/><V10/><F10/><W86/><G32/><T11/><D11/><U133/><E133/><V79/><F79/><W89/><G56/><N who="0" m="21611" /><D62/><U128/><E128/><V71/><F71/><W84/><G60/><T34/><D61/><U103/><E103/><V116/><F116/><W33/><G33/><T1/><D34/><U113/><E113/><V91/><F91/><W17/><G89/><RYUUKYOKU ba="0,1" sc="260,-15,289,15,181,15,260,-15" hai1="49,52,59,77,78,82,88" hai2="8,9,20,23,24,25,44,45,48,50,96,100,101" /><INIT seed="1,1,1,1,1,96" ten="245,304,196,245" oya="1" hai0="94,64,75,116,130,98,61,14,18,57,42,4,67" hai1="38,36,72,102,19,13,127,113,43,112,32,108,11" hai2="99,81,45,48,133,30,74,79,106,93,35,0,33" hai3="54,6,65,60,84,24,129,49,95,114,40,3,89"/><U23/><E72/><V86/><F133/><W59/><G114/><T111/><D75/><U28/><E127/><V69/><F0/><W107/><G129/><T62/><D130/><U10/><E102/><V122/><F69/><W58/><G107/><T56/><D111/><U9/><E43/><V88/><F122/><W77/><G77/><T110/><D110/><U78/><E78/><V39/><F39/><W101/><G40/><T80/><D42/><U125/><E108/><V124/><F124/><W126/><G126/><T115/><D116/><U5/><E38/><V70/><F70/><W103/><REACH who="3" step="1"/><G24/><REACH who="3" ten="245,304,196,235" step="2"/><T100/><D115/><N who="1" m="44107" /><E125/><V121/><F121/><W27/><G27/><T132/><D132/><U128/><E128/><V2/><F2/><W26/><G26/><T22/><D4/><U29/><E36/><V1/><F1/><W104/><G104/><T7/><D7/><U46/><E5/><V85/><F106/><W41/><G41/><T55/><D80/><U76/><E76/><V109/><F109/><W51/><G51/><T119/><D119/><U71/><E32/><V34/><REACH who="2" step="1"/><F30/><REACH who="2" ten="245,304,186,235" step="2"/><W105/><G105/><T68/><D68/><U47/><E71/><V53/><AGARI ba="1,3" hai="33,34,35,45,48,53,74,79,81,85,86,88,93,99" machi="53" ten="30,7900,0" yaku="1,1,2,1,0,1,54,1,53,0" doraHai="96" doraHaiUra="12" who="2" fromWho="2" sc="245,-21,304,-40,186,112,235,-21" /><INIT seed="2,0,0,1,2,65" ten="224,264,298,214" oya="2" hai0="45,12,68,0,109,80,91,82,114,1,48,8,25" hai1="84,44,124,55,121,130,128,117,64,27,75,70,57" hai2="67,51,22,43,86,88,49,47,60,125,89,35,126" hai3="73,79,4,14,129,90,116,76,77,58,56,19,6"/><V2/><F35/><W120/><G120/><T103/><D114/><U113/><E75/><V32/><F2/><W69/><G116/><T17/><D109/><U29/><E113/><V81/><F32/><W92/><G73/><T107/><D68/><U98/><E117/><V21/><F51/><W50/><G129/><N who="1" m="49770" /><E121/><V36/><F89/><W46/><G69/><T53/><D82/><U95/><E124/><N who="2" m="47723" /><F36/><W16/><G58/><AGARI ba="0,0" hai="21,22,43,47,49,58,60,67,81,86,88" m="47723" machi="58" ten="30,2900,0" yaku="18,1,54,1" doraHai="65" who="2" fromWho="3" sc="224,0,264,0,298,29,214,-29" /><INIT seed="2,1,0,0,5,21" ten="224,264,327,185" oya="2" hai0="109,22,8,99,31,29,135,1,123,30,132,58,101" hai1="48,55,114,88,54,82,73,113,102,124,4,51,52" hai2="12,68,69,47,131,36,95,100,94,49,80,39,70" hai3="23,79,119,62,120,24,20,129,27,35,118,0,66"/><V34/><F34/><W105/><G105/><T59/><D123/><U26/><E124/><V106/><F131/><W74/><G120/><T127/><D127/><U134/><E134/><N who="0" m="51241" /><D109/><U44/><E102/><V112/><F112/><W61/><G129/><T41/><D41/><U133/><E133/><V121/><F121/><W42/><G0/><T87/><D87/><N who="1" m="50295" /><E73/><V67/><F80/><W90/><G42/><T83/><D83/><U75/><E75/><V37/><F12/><W17/><G35/><T125/><D125/><U3/><E3/><V5/><F5/><W60/><G66/><T117/><D117/><U116/><E116/><V86/><F86/><W84/><G79/><T76/><D76/><U46/><E4/><V71/><F106/><W97/><G97/><T14/><D22/><U50/><E114/><V10/><F10/><W65/><G65/><T15/><D1/><U126/><E126/><V25/><F67/><W111/><G111/><T40/><D40/><U115/><E115/><V108/><F108/><W45/><G45/><N who="1" m="17514" /><E113/><V122/><F122/><W93/><REACH who="3" step="1"/><G74/><REACH who="3" ten="224,264,327,175" step="2"/><T91/><D59/><U64/><E64/><V98/><F71/><W77/><G77/><T16/><D58/><U38/><E38/><V107/><F39/><W11/><G11/><N who="0" m="6239" /><D91/><U104/><E104/><V56/><F56/><W89/><G89/><T72/><D72/><U85/><E85/><V78/><F37/><W2/><G2/><T19/><D101/><U13/><E55/><N who="2" m="30143" /><F36/><W57/><G57/><T32/><D32/><U130/><E130/><V81/><F78/><W53/><G53/><RYUUKYOKU ba="1,1" sc="224,15,264,-15,327,-15,175,15" hai0="8,15,19,29,30,31,99" hai3="17,20,23,24,27,60,61,62,84,90,93,118,119" /><INIT seed="3,2,1,0,1,63" ten="239,249,312,190" oya="3" hai0="115,35,101,112,99,1,10,85,44,79,48,78,12" hai1="83,127,27,111,73,21,110,90,61,98,43,70,37" hai2="97,86,71,52,13,31,64,128,36,50,67,108,125" hai3="100,103,69,33,29,76,59,5,126,102,34,105,22"/><W56/><G126/><T57/><D57/><U130/><E127/><V92/><F125/><W77/><G105/><T131/><D35/><U55/><E130/><V23/><F36/><W94/><G69/><T45/><D1/><U81/><E73/><V26/><F108/><N who="1" m="41513" /><E43/><V19/><F128/><W28/><G5/><N who="0" m="3151" /><D131/><U15/><E15/><V113/><F86/><W25/><G94/><N who="0" m="58615" /><D45/><U82/><E37/><V87/><F87/><W41/><G41/><N who="0" m="24591" /><D79/><N who="3" m="30281" /><G33/><T68/><D68/><U58/><E70/><V132/><F113/><W96/><G96/><T122/><D122/><U84/><E98/><V135/><F71/><W120/><G120/><T51/><D51/><U0/><E0/><V16/><F135/><W80/><G80/><AGARI ba="2,1" hai="78,80,85,112,115" m="24591,58615,3151" machi="80" ten="30,1000,0" yaku="25,1" doraHai="63" who="0" fromWho="3" sc="239,26,249,0,312,0,190,-16" owari="265,7.0,249,-15.0,312,41.0,174,-33.0" /></mjloggm>