<mjloggm ver="2.3"><GO type="169" lobby="0"/><UN n0="%E3%82%A6%E3%83%AB%E3%83%88%E3%83%A9%E7%AB%8B%E7%9B%B4" n1="%C2%B4%E3%83%BB%CF%89%E3%83%BB%29%79%EF%BC%8D%7E" n2="%E3%82%B7%E3%83%AB%E3%83%93%E3%82%A3" n3="%E3%82%B4%E3%83%BC%E3%83%AB%E3%83%87%E3%83%B3%E3%81%B2%E3%82%88%E3%81%93" dan="17,16,17,17" rate="2182.78,2089.78,2161.97,2094.35" sx="M,M,F,M"/><TAIKYOKU oya="0"/><INIT seed="0,0,0,2,5,83" ten="250,250,250,250" oya="0" hai0="81,50,55,72,47,86,97,113,95,42,41,23,43" hai1="6,99,63,62,0,44,124,52,131,31,100,16,58" hai2="35,119,21,74,101,133,51,27,68,22,94,33,37" hai3="89,45,48,59,82,129,15,7,36,14,111,38,90"/><T112/><D72/><U4/><E124/><V25/><F37/><W20/><G111/><T92/><D23/><U106/><E131/><V102/><F74/><W93/><G129/><T75/><D75/><U130/><E130/><V26/><F68/><W88/><G82/><T8/><D8/><U64/><E0/><V5/><F119/><W122/><G122/><T84/><D95/><U56/><E31/><V1/><F133/><W49/><G38/><T66/><D66/><U71/><E44/><V73/><F73/><W125/><G36/><T96/><D96/><U67/><REACH who="1" step="1"/><E16/><REACH who="1" ten="250,240,250,250" step="2"/><V30/><F30/><W61/><G125/><T24/><D24/><U103/><E103/><V18/><F26/><W76/><G45/><T9/><D9/><U13/><E13/><V116/><F18/><N who="3" m="10327" /><G15/><T120/><D120/><U39/><E39/><V53/><F1/><W108/><G7/><T121/><D121/><U80/><E80/><V134/><F5/><W128/><G128/><T105/><D81/><U132/><E132/><V2/><F134/><W98/><G108/><T91/><REACH who="0" step="1"/><D105/><REACH who="0" ten="240,240,250,250" step="2"/><U87/><E87/><AGARI ba="0,2" hai="41,42,43,47,50,55,84,86,87,91,92,97,112,113" machi="87" ten="40,12000,1" yaku="1,1,2,1,52,3,53,0" doraHai="83" doraHaiUra="69" who="0" fromWho="1" sc="240,140,240,-120,250,0,250,0" /><INIT seed="0,1,0,3,2,102" ten="380,120,250,250" oya="0" hai0="90,2,55,88,34,67,113,117,10,7,82,100,122" hai1="23,27,103,106,118,14,19,59,37,124,71,123,47" hai2="75,53,52,126,18,108,87,129,84,79,33,86,29" hai3="92,24,69,130,40,128,12,45,4,22,38,133,115"/><T112/><D122/><U80/><E118/><V81/><F108/><W95/><G115/><T99/><D117/><U49/><E123/><V3/><F129/><N who="3" m="49771" /><G133/><T109/><D34/><U13/><E71/><V83/><F126/><W44/><G44/><T98/><D109/><U46/><E124/><V135/><F135/><W94/><G69/><T28/><D28/><U85/><E103/><V58/><F3/><W116/><G116/><T20/><D67/><U39/><E106/><V121/><F121/><W63/><G63/><T50/><D20/><U60/><E39/><V96/><F83/><W8/><G92/><T125/><D125/><U41/><E46/><V107/><F18/><AGARI ba="1,0" hai="4,8,12,18,22,24,38,40,45,94,95" m="49771" machi="18" ten="30,1000,0" yaku="19,1" doraHai="102" who="3" fromWho="2" sc="380,0,120,0,250,-13,250,13" /><INIT seed="1,0,0,2,4,52" ten="380,120,237,263" oya="1" hai0="70,120,101,35,84,7,18,14,45,73,119,68,2" hai1="40,109,67,96,72,55,132,28,117,118,59,108,34" hai2="26,20,30,62,113,133,93,131,13,15,42,124,97" hai3="33,71,75,49,63,10,6,64,57,9,111,46,112"/><U115/><E72/><V4/><F124/><W116/><G112/><T65/><D73/><U82/><E82/><V32/><F113/><W29/><G75/><T83/><D119/><U128/><E115/><V88/><F133/><W87/><G116/><T60/><D35/><U58/><E132/><V106/><F131/><W31/><G111/><N who="1" m="42570" /><E128/><V78/><F106/><W94/><G33/><T47/><D120/><U25/><E40/><V92/><F78/><W11/><G6/><T123/><D123/><U99/><E67/><V126/><F126/><W100/><G71/><T89/><D70/><U95/><E99/><V114/><F114/><W81/><G94/><T103/><D68/><U56/><E55/><V98/><F42/><N who="3" m="24791" /><G100/><AGARI ba="0,0" hai="25,28,34,56,58,59,95,96,100,117,118" m="42570" machi="100" ten="30,12000,1" yaku="14,1,10,1,52,3" doraHai="52" who="1" fromWho="3" sc="380,0,120,120,237,0,263,-120" /><INIT seed="1,1,0,5,0,127" ten="380,240,237,143" oya="1" hai0="33,16,37,61,11,93,63,115,98,76,52,7,18" hai1="59,2,10,99,126,40,81,69,112,41,73,104,132" hai2="8,113,15,90,110,71,23,27,119,85,97,83,42" hai3="66,13,74,79,56,64,45,14,53,67,30,3,75"/><U24/><E112/><V28/><F113/><W17/><G3/><T46/><D33/><U118/><E118/><V134/><F119/><W123/><G123/><T9/><D37/><U29/><E126/><V72/><F110/><W135/><G30/><T86/><D115/><U36/><E69/><V19/><F134/><W125/><G125/><T48/><D86/><U114/><E114/><V57/><F71/><W54/><G135/><T96/><D76/><N who="1" m="44175" /><E59/><V101/><F72/><W87/><G75/><T49/><D7/><U38/><E41/><V43/><REACH who="2" step="1"/><F57/><REACH who="2" ten="380,240,227,143" step="2"/><W65/><G74/><T50/><D46/><U106/><E132/><V94/><AGARI ba="1,1" hai="8,15,19,23,27,28,42,43,83,85,90,94,97,101" machi="94" ten="20,8000,1" yaku="1,1,2,1,0,1,7,1,8,1,53,0" doraHai="127" doraHaiUra="0" who="2" fromWho="2" sc="380,-21,240,-41,227,93,143,-21" /><INIT seed="2,0,0,3,3,86" ten="359,199,320,122" oya="2" hai0="3,11,43,102,30,129,0,128,65,134,1,40,117" hai1="109,118,83,59,60,33,93,133,9,116,73,8,114" hai2="88,42,126,25,7,12,45,62,121,5,97,91,113" hai3="77,29,19,85,104,75,23,26,48,106,95,123,72"/><V64/><F113/><W37/><G37/><T20/><D102/><U56/><E114/><V34/><F121/><W107/><G123/><T31/><D65/><U58/><E33/><V90/><F126/><W2/><G2/><T54/><D134/><U119/><E109/><V78/><F78/><W50/><G29/><T71/><D71/><U27/><E27/><V55/><F55/><W76/><G19/><T61/><D117/><U81/><E60/><V57/><F97/><W100/><G26/><T68/><D11/><N who="1" m="4171" /><E93/><V67/><F67/><W94/><G23/><T99/><D99/><U52/><E52/><V124/><F124/><W38/><G38/><T105/><D105/><U47/><E47/><V108/><F108/><W79/><G100/><T53/><D20/><U14/><E14/><V35/><F12/><W89/><G48/><T22/><D22/><U74/><E133/><V32/><REACH who="2" step="1"/><F25/><REACH who="2" ten="359,199,310,122" step="2"/><W69/><G69/><T18/><D54/><U28/><E119/><V70/><F70/><W131/><G131/><T6/><D53/><U96/><E96/><V130/><F130/><W51/><G79/><T82/><D68/><U92/><E118/><V84/><F84/><W66/><G66/><T122/><D129/><U87/><E116/><V63/><F63/><W127/><G127/><T125/><D61/><U111/><E111/><V115/><F115/><W49/><G77/><T135/><D125/><U98/><E87/><V80/><F80/><N who="1" m="30793" /><E73/><N who="3" m="28234" /><G76/><T132/><D128/><U10/><E74/><V24/><F24/><W41/><G41/><T110/><D43/><U120/><E120/><RYUUKYOKU ba="0,1" sc="359,-15,199,-15,310,15,122,15" hai2="5,7,32,34,35,42,45,57,62,64,88,90,91" hai3="49,50,51,85,89,94,95,104,106,107" /><INIT seed="2,1,1,0,2,81" ten="344,184,325,137" oya="2" hai0="110,92,70,107,39,28,27,8,56,62,9,1,69" hai1="32,64,84,90,101,55,79,114,61,57,106,0,112" hai2="128,35,118,37,71,130,131,11,104,102,88,51,116" hai3="63,115,50,58,6,67,30,126,111,77,100,2,47"/><V34/><F37/><W54/><G115/><T121/><D107/><U26/><E0/><V132/><F132/><W98/><G111/><T12/><D39/><U122/><E79/><V31/><F71/><W76/><G126/><T75/><D75/><U21/><E32/><N who="2" m="12331" /><F31/><W94/><G2/><T109/><D121/><U18/><E122/><V49/><F11/><W22/><REACH who="3" step="1"/><G6/><REACH who="3" ten="344,184,325,127" step="2"/><T129/><D1/><U82/><E112/><V93/><F118/><W89/><G89/><T60/><D109/><U7/><E7/><V46/><F116/><W83/><G83/><T80/><D80/><U38/><E114/><V25/><F102/><W44/><G44/><T85/><D110/><U133/><E133/><V68/><F46/><W72/><G72/><T23/><D129/><U45/><E45/><V19/><F88/><W53/><G53/><T86/><D70/><U5/><E5/><V125/><F68/><W65/><G65/><T91/><D69/><U3/><E64/><V105/><F125/><W24/><AGARI ba="1,2" hai="22,24,30,47,50,54,58,63,67,76,77,94,98,100" machi="24" ten="30,12000,2" yaku="1,1,0,1,25,2,8,1,53,1" doraHai="81" doraHaiUra="97" who="3" fromWho="3" sc="344,-31,184,-31,325,-61,127,143" /><INIT seed="3,0,0,1,5,103" ten="313,153,264,270" oya="3" hai0="78,13,14,87,85,91,108,96,132,32,63,131,129" hai1="54,125,72,22,65,34,66,77,39,53,52,16,71" hai2="83,29,118,33,55,90,133,110,82,88,68,127,120" hai3="76,47,24,84,134,117,115,98,41,75,57,42,37"/><W69/><G117/><T124/><D32/><U31/><E39/><V104/><F118/><W79/><G75/><T100/><D63/><U58/><E71/><V106/><F68/><W59/><G69/><T99/><D13/><U92/><E125/><V111/><F55/><N who="1" m="21065" /><E34/><V51/><F51/><W121/><G115/><T101/><D14/><U1/><E1/><V23/><F33/><W126/><G121/><T7/><D7/><U2/><E2/><V8/><F8/><W114/><G114/><T105/><D124/><U61/><E72/><V112/><F112/><W89/><G126/><T0/><D0/><U35/><E35/><V25/><F133/><W93/><G134/><T44/><D44/><U5/><E5/><V27/><F127/><W113/><G42/><T26/><D26/><N who="1" m="16855" /><E77/><V97/><F97/><W38/><G38/><T102/><D132/><U50/><E92/><V21/><F29/><W62/><G113/><T119/><D119/><U64/><E16/><V43/><F43/><W67/><G57/><T94/><D108/><U56/><AGARI ba="0,0" hai="50,54,56,58,61,64,65,66" m="16855,21065" machi="56" ten="30,2000,0" yaku="8,1,54,1" doraHai="103" who="1" fromWho="1" sc="313,-5,153,20,264,-5,270,-10" /><INIT seed="4,0,0,2,4,99" ten="308,173,259,260" oya="0" hai0="16,78,61,98,119,89,32,4,94,22,97,18,43" hai1="111,86,88,11,125,68,118,30,0,117,87,104,25" hai2="59,106,73,40,83,95,24,57,20,14,60,44,26" hai3="109,46,108,110,64,49,71,126,127,101,28,91,124"/><T39/><D32/><U76/><E111/><V34/><F106/><W10/><G28/><T116/><D4/><U131/><E68/><V79/><F34/><W52/><G91/><T45/><D78/><U85/><E125/><V23/><F14/><W123/><G10/><T130/><D130/><U129/><E76/><V56/><F60/><N who="3" m="40327" /><G101/><T54/><D18/><U84/><E104/><V112/><F112/><W90/><G90/><T81/><D81/><N who="1" m="49167" /><E11/><V35/><F95/><W9/><G9/><T62/><D98/><U19/><E19/><V51/><REACH who="2" step="1"/><F35/><REACH who="2" ten="308,173,249,260" step="2"/><W75/><G75/><T74/><D74/><U66/><E0/><V107/><F107/><W77/><G77/><T67/><D61/><U72/><E72/><V27/><AGARI ba="0,1" hai="20,23,24,26,27,40,44,51,56,57,59,73,79,83" machi="27" ten="30,2000,0" yaku="1,1,0,1,53,0" doraHai="99" doraHaiUra="5" who="2" fromWho="2" sc="308,-10,173,-5,249,30,260,-5" /><INIT seed="5,0,0,0,0,109" ten="298,168,279,255" oya="1" hai0="95,67,63,91,80,132,74,86,94,56,43,66,114" hai1="18,123,32,20,48,49,36,126,97,33,93,14,57" hai2="121,35,104,44,7,117,61,122,9,6,85,19,3" hai3="0,53,34,131,70,82,2,15,69,75,47,5,130"/><U88/><E123/><V108/><F104/><W127/><G34/><T83/><D114/><U77/><E36/><V76/><F108/><W73/><G127/><T115/><D115/><U38/><E38/><V30/><F117/><W96/><G96/><T1/><D1/><N who="3" m="617" /><G15/><T103/><D132/><U119/><E119/><V118/><F118/><W22/><G5/><T72/><D72/><N who="3" m="27721" /><G82/><N who="0" m="31275" /><D74/><U64/><E126/><V25/><F85/><W135/><G22/><T92/><D43/><U39/><E39/><V111/><F76/><W55/><G135/><T102/><D67/><U68/><E77/><V29/><F61/><W100/><G100/><AGARI ba="0,0" hai="56,63,66,86,91,92,94,95,100,102,103" m="31275" machi="100" ten="30,1000,0" yaku="8,1" doraHai="109" who="0" fromWho="3" sc="298,10,168,0,279,0,255,-10" /><INIT seed="6,0,0,3,3,134" ten="308,168,279,245" oya="2" hai0="108,33,2,132,76,52,53,63,127,23,90,18,17" hai1="73,98,135,111,119,113,100,106,126,71,130,131,47" hai2="51,125,16,101,58,20,48,124,27,87,30,37,25" hai3="66,3,24,97,68,38,0,83,12,35,49,61,91"/><V50/><F37/><W89/><G38/><T74/><D76/><U78/><E71/><V60/><F101/><W41/><G3/><T40/><D74/><U79/><E47/><V99/><F99/><W4/><G0/><T56/><D33/><U122/><E119/><V44/><F87/><W22/><G35/><T117/><D40/><U95/><E135/><V65/><REACH who="2" step="1"/><F44/><REACH who="2" ten="308,168,269,245" step="2"/><W46/><G97/><T15/><D132/><U39/><E39/><V88/><F88/><W45/><G45/><T42/><D90/><N who="1" m="55671" /><E122/><V54/><F54/><W128/><G83/><T19/><D52/><U7/><E100/><V118/><F118/><W116/><G116/><T6/><D53/><U105/><E73/><V80/><F80/><W26/><G89/><T72/><D72/><U94/><E105/><V14/><F14/><W57/><G91/><T123/><D15/><U13/><E13/><V114/><F114/><W77/><G77/><T86/><D86/><U110/><E106/><V69/><F69/><W29/><G68/><T102/><D102/><U64/><E79/><V31/><F31/><W10/><G26/><T55/><D55/><U5/><E78/><V59/><F59/><W11/><G10/><T75/><D56/><U62/><E113/><V92/><F92/><W96/><G96/><T129/><D75/><U121/><E94/><V133/><F133/><W9/><G11/><T67/><D117/><U84/><E121/><V104/><F104/><W21/><G22/><AGARI ba="0,1" hai="16,20,22,25,27,30,48,50,51,58,60,65,124,125" machi="22" ten="40,12000,1" yaku="1,1,52,2,54,1,53,0" doraHai="134" doraHaiUra="103" who="2" fromWho="3" sc="308,0,168,0,269,130,245,-120" /><INIT seed="6,1,0,4,4,130" ten="308,168,399,125" oya="2" hai0="110,13,37,60,116,58,22,97,89,14,52,108,84" hai1="11,25,77,41,125,118,73,27,21,123,51,93,95" hai2="35,67,98,55,54,24,48,68,76,86,99,63,91" hai3="53,42,64,87,124,81,96,10,39,104,85,18,47"/><V117/><F117/><W115/><G124/><T107/><D37/><U135/><E118/><V62/><F62/><W36/><G36/><T23/><D116/><U4/><E125/><V3/><F3/><W79/><G64/><T106/><D23/><U30/><E123/><V74/><F74/><W32/><G32/><T7/><D14/><U43/><E135/><V44/><F76/><W80/><G115/><T46/><D46/><U103/><E73/><V126/><F126/><W105/><G96/><T2/><D2/><U40/><E77/><V26/><F55/><W109/><G109/><T56/><D56/><U1/><E103/><V111/><F111/><W92/><G92/><T38/><D38/><U0/><E0/><V49/><F49/><W101/><G101/><T5/><D97/><U61/><E51/><V121/><F121/><W112/><G112/><T31/><D107/><U12/><E1/><V50/><F50/><W66/><G53/><T70/><D106/><U16/><REACH who="1" step="1"/><E61/><REACH who="1" ten="308,158,399,125" step="2"/><V102/><F102/><W65/><G105/><T72/><D60/><U120/><E120/><V15/><F63/><W69/><G104/><T133/><D72/><U119/><E119/><V83/><F48/><W75/><G75/><T71/><D110/><U100/><E100/><V113/><F113/><W94/><G69/><T8/><D108/><U122/><E122/><V59/><F68/><W9/><G79/><T131/><D71/><U57/><E57/><V6/><F59/><W29/><G39/><T114/><D58/><U20/><AGARI ba="1,1" hai="4,11,12,16,20,21,25,27,30,40,41,43,93,95" machi="20" ten="30,7900,0" yaku="1,1,0,1,8,1,54,1,53,0" doraHai="130" doraHaiUra="134" who="1" fromWho="1" sc="308,-21,158,92,399,-40,125,-21" /><INIT seed="7,0,0,5,5,43" ten="287,250,359,104" oya="3" hai0="87,108,110,29,128,92,27,30,107,31,73,34,37" hai1="77,81,20,46,63,22,129,86,120,109,54,5,89" hai2="33,76,68,88,91,44,4,135,55,21,67,62,6" hai3="82,15,2,130,127,8,102,13,16,74,72,57,23"/><W119/><G119/><T50/><D31/><U112/><E109/><V40/><F33/><W48/><G2/><T118/><D118/><U66/><E120/><V49/><F135/><W80/><G102/><T83/><D30/><U115/><E129/><V3/><F21/><W12/><G130/><T97/><D37/><U106/><E106/><V122/><F122/><W14/><G127/><T85/><D85/><U134/><E5/><V132/><F132/><W71/><G71/><T26/><D26/><U35/><E35/><V124/><F124/><W18/><G72/><T123/><D123/><U59/><E134/><V101/><F101/><W45/><G57/><T98/><D98/><U133/><E133/><V39/><F76/><W42/><REACH who="3" step="1"/><G74/><REACH who="3" ten="287,250,359,94" step="2"/><T90/><D128/><U38/><E59/><N who="2" m="33263" /><F3/><W131/><G131/><T94/><D73/><U56/><E56/><V75/><F75/><W51/><G51/><T61/><D50/><U84/><E38/><V1/><F1/><W78/><G78/><T125/><D125/><U28/><E77/><V64/><F64/><W99/><G99/><T105/><D97/><U65/><E66/><V32/><F32/><W70/><G70/><T116/><D116/><U100/><E65/><V117/><F117/><W17/><G17/><T11/><D34/><U121/><E100/><V113/><F113/><W126/><G126/><T114/><D114/><U93/><E93/><V36/><F36/><W58/><G58/><T19/><D94/><U24/><E115/><V53/><F53/><W7/><G7/><AGARI ba="0,1" hai="4,6,7,39,40,44,62,67,68,88,91" m="33263" machi="7" ten="30,3900,0" yaku="24,1,52,1,54,1" doraHai="43" who="2" fromWho="3" sc="287,0,250,0,359,49,94,-39" owari="287,9.0,250,-15.0,408,50.0,55,-44.0" /></mjloggm>