<mjloggm ver="2.3"><GO type="41" lobby="0"/><UN n0="%E3%81%82%E3%81%AE%E5%A4%A9%E3%81%B8%E5%B1%8A%E3%81%8F%E3%81%BE%E3%81%A7" n1="%E9%A6%99%E7%B9%94%E5%BC%81" n2="%42%65%6E%6E%79%4A%65%74" n3="%E5%B0%B1%E6%B4%BB%E7%94%9F%40%E5%B7%9D%E6%9D%91%E8%BB%8D%E5%9B%A3" dan="14,13,13,16" rate="1983.31,2125.76,1923.64,2136.54" sx="M,M,M,M"/><TAIKYOKU oya="0"/><INIT seed="0,0,0,3,5,124" ten="250,250,250,250" oya="0" hai0="0,51,32,107,96,55,129,2,134,57,38,112,1" hai1="56,8,41,100,4,123,98,20,48,36,81,47,65" hai2="72,16,74,126,29,58,53,115,18,19,132,5,89" hai3="23,34,28,21,9,49,46,130,121,78,42,79,93"/><T105/><D112/><U92/><E123/><V109/><F126/><W67/><G121/><T82/><D134/><U128/><E81/><V75/><F115/><W116/><G116/><T12/><D32/><U11/><E20/><V111/><F132/><W99/><G34/><T24/><D38/><U15/><E36/><V26/><F5/><W106/><G106/><T45/><D24/><U17/><E65/><V30/><F89/><W37/><G37/><T113/><D113/><U13/><E56/><V59/><F53/><W68/><G68/><T66/><D82/><U91/><REACH who="1" step="1"/><E128/><REACH who="1" ten="250,240,250,250" step="2"/><V131/><F131/><W54/><G130/><T61/><D129/><U73/><E73/><V44/><F44/><W95/><G23/><T101/><REACH who="0" step="1"/><D12/><REACH who="0" ten="240,240,250,250" step="2"/><U7/><E7/><V6/><F6/><W87/><G78/><T127/><D127/><U43/><E43/><V114/><F114/><W31/><G42/><T3/><D3/><U102/><AGARI ba="0,2" hai="4,8,11,13,15,17,41,47,48,91,92,98,100,102" machi="102" ten="30,4000,0" yaku="1,1,0,1,8,1,53,0" doraHai="124" doraHaiUra="25" who="1" fromWho="1" sc="240,-20,240,60,250,-10,250,-10" /><INIT seed="1,0,0,3,4,67" ten="220,300,240,240" oya="1" hai0="10,85,14,45,113,24,0,56,98,102,58,83,96" hai1="97,20,94,112,61,16,25,8,106,5,11,100,6" hai2="95,44,76,36,32,74,66,62,12,134,131,51,81" hai3="50,109,35,78,130,68,124,64,34,127,2,42,82"/><U30/><E112/><V89/><F131/><W63/><G2/><T26/><D0/><U135/><E135/><V107/><F134/><W88/><G109/><T77/><D45/><U17/><E106/><V75/><F32/><W65/><G130/><T90/><D113/><U86/><E86/><V38/><F107/><W57/><G65/><T1/><D1/><U3/><E61/><V4/><F74/><W29/><G29/><T120/><D120/><U111/><REACH who="1" step="1"/><E111/><REACH who="1" ten="220,290,240,240" step="2"/><V79/><F62/><W21/><G63/><T55/><D85/><U22/><E22/><V46/><F75/><W28/><G21/><T7/><D98/><U101/><E101/><V123/><F123/><W15/><G35/><T31/><D102/><U43/><E43/><V60/><F60/><W54/><G42/><T128/><D96/><U52/><E52/><V49/><F38/><W129/><G54/><T93/><D55/><U41/><E41/><V23/><F36/><W104/><G34/><T71/><D71/><U9/><E9/><V33/><F23/><W47/><G68/><T91/><D10/><U80/><E80/><V108/><F33/><W39/><G82/><T121/><D83/><U126/><E126/><V133/><F81/><W122/><G39/><T53/><D53/><U87/><E87/><V132/><F133/><W99/><G124/><T103/><D103/><U19/><E19/><V37/><F132/><W84/><G127/><T59/><D121/><U110/><E110/><V92/><F108/><W73/><G122/><T117/><D128/><U48/><E48/><V72/><F51/><RYUUKYOKU ba="0,1" sc="220,-10,290,30,240,-10,240,-10" hai1="3,5,6,8,11,16,17,20,25,30,94,97,100" /><INIT seed="1,1,1,2,0,123" ten="210,320,230,230" oya="1" hai0="77,108,1,94,76,63,42,15,124,33,3,46,125" hai1="132,112,126,18,5,7,110,52,55,50,88,57,59" hai2="47,70,83,61,25,135,93,45,0,68,116,117,30" hai3="54,131,67,119,97,100,78,40,118,102,13,4,80"/><U35/><E35/><V91/><F0/><N who="0" m="74" /><D33/><U10/><E112/><V121/><F121/><W60/><G131/><T27/><D94/><U22/><E132/><V134/><F83/><W49/><G40/><T24/><D63/><U23/><E126/><N who="0" m="48745" /><D15/><U72/><E72/><V120/><F120/><W51/><G13/><T109/><D46/><U29/><E29/><V14/><F14/><W56/><G4/><T82/><D42/><U48/><E10/><V44/><F117/><N who="3" m="44555" /><G97/><T20/><D20/><U95/><E110/><N who="0" m="42601" /><D82/><U11/><E11/><V26/><F116/><W105/><G105/><T65/><D65/><U62/><E62/><V103/><F61/><W85/><G51/><T96/><D96/><N who="1" m="57447" /><E22/><V36/><F134/><W84/><G84/><T58/><D58/><AGARI ba="1,1" hai="49,54,56,58,60,67,78,80,85,100,102" m="44555" machi="58" ten="30,1000,0" yaku="12,1" doraHai="123" who="3" fromWho="0" sc="210,-13,320,0,230,0,230,23" /><INIT seed="2,0,0,1,3,64" ten="197,320,230,253" oya="2" hai0="61,32,105,3,44,55,6,14,2,117,43,38,49" hai1="128,89,54,85,45,37,47,87,126,71,79,99,125" hai2="118,114,67,66,10,58,59,31,26,62,29,82,131" hai3="41,25,91,30,19,77,11,5,116,86,96,28,84"/><V35/><F118/><W122/><G116/><T93/><D117/><U65/><E99/><V121/><F114/><W98/><G122/><T72/><D105/><U75/><E75/><V108/><F121/><W120/><G120/><T97/><D72/><U20/><E79/><V12/><F131/><W104/><G41/><T51/><D32/><U18/><E85/><V9/><F31/><W107/><G107/><T100/><D61/><U133/><E128/><V88/><F108/><W60/><G104/><T112/><D112/><U76/><E76/><V36/><F36/><W115/><G115/><T40/><D40/><U21/><E21/><N who="2" m="15567" /><F12/><W103/><G103/><T124/><D124/><U135/><E37/><V23/><F35/><W33/><G30/><T81/><D81/><U48/><E45/><V129/><F23/><W94/><G19/><T74/><D74/><U83/><E65/><V15/><F129/><W34/><G34/><T8/><REACH who="0" step="1"/><D38/><REACH who="0" ten="187,320,230,253" step="2"/><U24/><REACH who="1" step="1"/><E71/><REACH who="1" ten="187,310,230,253" step="2"/><V0/><F67/><W13/><G60/><T68/><D68/><U90/><E90/><V39/><F88/><W46/><G91/><T16/><D16/><U57/><E57/><AGARI ba="0,2" hai="2,3,6,8,14,43,44,49,51,55,57,93,97,100" machi="57" ten="30,2000,0" yaku="1,1,7,1,53,0" doraHai="64" doraHaiUra="80" who="0" fromWho="1" sc="187,40,310,-20,230,0,253,0" /><INIT seed="3,0,0,5,0,34" ten="227,290,230,253" oya="3" hai0="28,56,63,1,82,42,67,85,100,30,133,132,89" hai1="110,120,43,130,129,96,79,19,41,12,38,36,90" hai2="58,8,16,86,80,45,10,20,76,15,94,112,134" hai3="91,65,125,119,97,9,2,105,81,83,44,117,46"/><W13/><G125/><T72/><D42/><U104/><E79/><V74/><F112/><W126/><G126/><T109/><D109/><U103/><E90/><V124/><F124/><W18/><G65/><T68/><D100/><U5/><E120/><V78/><F134/><N who="0" m="51818" /><D72/><U61/><E61/><V23/><F74/><W87/><G81/><T60/><D1/><U131/><E5/><V52/><F76/><W25/><G25/><T62/><D62/><U24/><E24/><V102/><F45/><W14/><G14/><T115/><D115/><U35/><E35/><V53/><F23/><W31/><G31/><T70/><D70/><U123/><E123/><V108/><F108/><W111/><G111/><T114/><D114/><U48/><E110/><V122/><F122/><W17/><G17/><T49/><D49/><U51/><E51/><N who="2" m="31007" /><F53/><AGARI ba="0,0" hai="28,30,53,56,60,63,67,68,82,85,89" m="51818" machi="53" ten="30,1000,0" yaku="20,1" doraHai="34" who="0" fromWho="2" sc="227,10,290,0,230,-10,253,0" /><INIT seed="4,0,0,4,1,33" ten="237,290,220,253" oya="0" hai0="1,118,85,20,88,127,112,69,7,123,117,79,72" hai1="76,29,81,16,120,58,75,121,25,67,21,12,134" hai2="78,18,19,70,66,8,104,107,46,129,99,40,124" hai3="22,119,30,130,28,42,13,45,83,73,64,74,77"/><T23/><D123/><U91/><E134/><V125/><F78/><W92/><G119/><T14/><D112/><U31/><E31/><V62/><F129/><W94/><G130/><T39/><D127/><N who="2" m="48714" /><F99/><W103/><G74/><T47/><D69/><U11/><E67/><V24/><F8/><W43/><G64/><T113/><D113/><U84/><REACH who="1" step="1"/><E58/><REACH who="1" ten="237,280,220,253" step="2"/><V36/><F19/><W71/><G71/><T48/><D118/><U122/><E122/><V128/><F128/><W49/><G30/><T115/><D117/><U5/><E5/><V63/><F63/><W116/><G116/><T87/><D7/><U50/><E50/><V82/><F70/><W109/><G28/><T9/><D48/><U54/><E54/><V17/><F36/><W2/><G49/><T102/><D39/><U0/><E0/><V35/><F66/><W65/><G2/><T57/><D1/><U98/><E98/><V111/><F46/><W10/><G45/><T105/><D47/><U55/><E55/><V126/><F40/><W26/><G65/><T110/><D57/><U97/><E97/><V56/><F126/><W132/><G43/><T52/><D52/><U60/><E60/><V59/><F56/><W38/><G42/><T95/><D115/><U93/><AGARI ba="0,1" hai="11,12,16,21,25,29,75,76,81,84,91,93,120,121" machi="93" ten="20,5200,0" yaku="1,1,0,1,7,1,54,1,53,0" doraHai="33" doraHaiUra="37" who="1" fromWho="1" sc="237,-26,280,62,220,-13,253,-13" /><INIT seed="5,0,0,2,3,101" ten="211,342,207,240" oya="1" hai0="0,64,47,4,24,59,30,26,62,131,128,127,46" hai1="111,81,126,86,51,1,9,132,28,53,45,16,18" hai2="104,98,113,134,102,69,43,120,122,85,10,89,52" hai3="117,91,55,88,76,87,66,39,94,65,8,123,108"/><U82/><E28/><V31/><F43/><W93/><G123/><T13/><D0/><U41/><E111/><V79/><F134/><W21/><G39/><T112/><D112/><U34/><E34/><V20/><F113/><W6/><G117/><T124/><D4/><U67/><E67/><V17/><F69/><W40/><G108/><T73/><D13/><U80/><E132/><V27/><F79/><W125/><G40/><T35/><D73/><U121/><E121/><V5/><F31/><W114/><G114/><T106/><D26/><U25/><E126/><N who="0" m="48169" /><D106/><U92/><E1/><V7/><F7/><W78/><G125/><T84/><D84/><U72/><E72/><V32/><F32/><W14/><G21/><T33/><D33/><U77/><E92/><V110/><F110/><W116/><G55/><T23/><D35/><U75/><E75/><V54/><F122/><W95/><G116/><T29/><D29/><U2/><E2/><V109/><F120/><W129/><G129/><AGARI ba="0,0" hai="23,24,30,46,47,59,62,64,128,129,131" m="48169" machi="129" ten="30,2000,0" yaku="19,1,18,1" doraHai="101" who="0" fromWho="3" sc="211,20,342,0,207,0,240,-20" /><INIT seed="6,0,0,0,2,132" ten="231,342,207,220" oya="2" hai0="106,66,115,70,51,23,41,126,120,123,97,75,11" hai1="85,119,33,24,40,36,50,105,10,94,79,16,48" hai2="114,30,98,53,68,92,127,77,128,45,49,47,113" hai3="78,62,83,109,100,6,37,60,8,19,134,67,34"/><V5/><F68/><W29/><G134/><T14/><D75/><U81/><E105/><V88/><F128/><W86/><G109/><T131/><D131/><U69/><E69/><V27/><F77/><W63/><G37/><T93/><D106/><U117/><E36/><V82/><F82/><W87/><G100/><T18/><D115/><N who="2" m="44042" /><F5/><W122/><G122/><T12/><D70/><U65/><E33/><N who="2" m="20703" /><F45/><W55/><G55/><T26/><D66/><U90/><E65/><V32/><F32/><W118/><G118/><T121/><D11/><U21/><E10/><V102/><F102/><W64/><G19/><T135/><D135/><U4/><E4/><V108/><F108/><W84/><G29/><T54/><D121/><U71/><E71/><V43/><F43/><W103/><G103/><T72/><D41/><U129/><E129/><V89/><F89/><W104/><G104/><T25/><D123/><U13/><E40/><V58/><F58/><W7/><G34/><T76/><D76/><U116/><REACH who="1" step="1"/><E24/><REACH who="1" ten="231,332,207,220" step="2"/><V110/><F110/><W17/><G7/><T133/><D26/><U99/><AGARI ba="0,1" hai="13,16,21,48,50,79,81,85,90,94,99,116,117,119" machi="99" ten="30,8000,1" yaku="1,1,2,1,0,1,54,1,53,1" doraHai="132" doraHaiUra="95" who="1" fromWho="1" sc="231,-20,332,90,207,-40,220,-20" /><INIT seed="7,0,0,5,1,121" ten="211,422,167,200" oya="3" hai0="102,83,126,26,88,47,10,108,90,8,103,78,114" hai1="84,129,119,2,122,54,9,34,15,36,57,65,131" hai2="27,39,104,135,124,107,14,100,123,127,132,18,38" hai3="50,60,41,31,85,11,24,130,86,44,105,87,4"/><W98/><G130/><T40/><D108/><U63/><E34/><V115/><F27/><W75/><G75/><T89/><D126/><N who="2" m="48170" /><F14/><W37/><G60/><T42/><D26/><U32/><E2/><V46/><F18/><W59/><G105/><N who="2" m="40521" /><F100/><W118/><G98/><T68/><D68/><U70/><E32/><V74/><F123/><W95/><G95/><T30/><D30/><U72/><E72/><V71/><F74/><W69/><G69/><T111/><D111/><U73/><E73/><V56/><F56/><W49/><G59/><T16/><D114/><U55/><E122/><V45/><F71/><W53/><G118/><T0/><D0/><U128/><E36/><N who="2" m="13867" /><F115/><W66/><G66/><T21/><D103/><U52/><E119/><V94/><F94/><W3/><REACH who="3" step="1"/><G53/><REACH who="3" ten="211,422,167,190" step="2"/><T29/><D83/><U81/><E70/><V19/><F19/><W1/><G1/><T93/><D16/><N who="1" m="8303" /><E65/><V23/><F23/><AGARI ba="0,1" hai="3,4,11,23,24,31,37,41,44,49,50,85,86,87" machi="23" ten="40,2000,0" yaku="1,1,53,0" doraHai="121" doraHaiUra="62" who="3" fromWho="2" sc="211,0,422,0,167,-20,190,30" /><INIT seed="7,1,0,0,4,64" ten="211,422,147,220" oya="3" hai0="60,32,59,120,39,27,97,26,95,109,75,135,68" hai1="51,3,113,93,25,14,56,20,83,99,133,42,49" hai2="132,63,54,38,115,30,53,50,125,134,122,65,47" hai3="117,10,103,77,74,36,86,128,114,107,127,84,116"/><W108/><G36/><T72/><D109/><U13/><E3/><V73/><F30/><W98/><G10/><T80/><D120/><U31/><E133/><N who="2" m="51307" /><F73/><W91/><G114/><T62/><D135/><U43/><E113/><V6/><F6/><W100/><G108/><T23/><D32/><U123/><E123/><V70/><F115/><W22/><G22/><T33/><D39/><U58/><E83/><V15/><F15/><N who="1" m="5641" /><E49/><N who="2" m="28863" /><F122/><W90/><G128/><T0/><D0/><U29/><E29/><V5/><F5/><W4/><G4/><T18/><D27/><U24/><E24/><V8/><F8/><W21/><G127/><T19/><D19/><U40/><E51/><V46/><F38/><W69/><G21/><T16/><D18/><U130/><E130/><V2/><F2/><W101/><G69/><T88/><D33/><U34/><E34/><V89/><F89/><AGARI ba="1,0" hai="20,25,31,40,42,43,56,58,89,93,99" m="5641" machi="89" ten="30,1000,0" yaku="8,1" doraHai="64" who="1" fromWho="2" sc="211,0,422,13,147,-13,220,0" owari="211,-19.0,435,54.0,134,-37.0,220,2.0" /></mjloggm>