<mjloggm ver="2.3"><GO type="225" lobby="0"/><UN n0="%E7%BE%A4%E9%9D%92%E6%97%A5%E5%92%8C%EF%BC%A0" n1="%E3%83%88%E3%83%88%E3%83%AA%E5%85%88%E7%94%9F%31%39%E6%AD%B3" n2="%E3%82%BF%E3%82%B3%EF%BC%92%EF%BC%95%EF%BC%92%EF%BC%95" n3="%55%4E%4B%4F%63%68%61%6E" dan="16,16,16,16" rate="2147.52,2082.73,2083.25,2135.93" sx="F,F,M,M"/><TAIKYOKU oya="0"/><INIT seed="0,0,0,3,3,104" ten="250,250,250,250" oya="0" hai0="96,33,103,23,85,19,66,59,13,22,127,80,82" hai1="75,35,89,48,46,84,56,64,4,42,34,63,51" hai2="98,27,78,90,69,38,83,40,92,8,2,50,39" hai3="125,65,9,18,93,95,120,31,57,123,26,15,117"/><T21/><D127/><U76/><E4/><V97/><F69/><W88/><G117/><T14/><D33/><U70/><E51/><V111/><F111/><W131/><G131/><T16/><D23/><U62/><E76/><V37/><F27/><W133/><G133/><T67/><D59/><U130/><E130/><V7/><F97/><W107/><G107/><T71/><D71/><U41/><E41/><V73/><REACH who="2" step="1"/><F50/><REACH who="2" ten="250,250,240,250" step="2"/><W86/><G125/><T20/><D20/><U110/><E110/><V102/><F102/><W58/><G120/><T79/><REACH who="0" step="1"/><D82/><REACH who="0" ten="240,250,240,250" step="2"/><U118/><E70/><V32/><F32/><W61/><G123/><T45/><D45/><AGARI ba="0,2" hai="2,7,8,37,38,39,40,45,73,78,83,90,92,98" machi="45" ten="40,8000,1" yaku="1,1,25,2,52,1,53,0" doraHai="104" doraHaiUra="116" who="2" fromWho="0" sc="240,-80,250,0,240,100,250,0" /><INIT seed="1,0,0,1,1,79" ten="160,250,340,250" oya="1" hai0="10,13,51,29,68,76,113,37,62,78,8,132,65" hai1="129,3,17,88,130,64,9,122,25,31,96,52,40" hai2="74,70,69,125,56,84,59,57,16,118,12,120,14" hai3="123,115,104,114,126,127,48,6,77,21,75,26,72"/><U109/><E122/><V5/><F74/><W134/><G123/><T99/><D113/><U7/><E109/><V91/><F118/><W39/><G39/><T35/><D37/><U27/><E40/><V20/><F120/><W133/><G104/><T15/><D132/><N who="3" m="50793" /><G6/><T85/><D51/><U30/><E64/><V2/><F2/><W4/><G4/><T87/><D99/><U38/><E38/><V102/><F102/><W89/><G89/><T11/><D35/><U71/><E71/><V81/><F125/><N who="3" m="47627" /><G48/><T50/><D50/><U34/><E17/><V95/><F69/><W44/><G44/><T135/><D29/><U101/><E88/><V121/><F121/><W66/><G66/><T117/><D135/><U86/><E52/><V131/><F70/><W106/><G106/><T61/><D65/><U63/><E63/><N who="0" m="24073" /><D68/><U92/><E101/><V103/><F103/><W60/><G60/><T42/><D42/><U110/><E7/><V90/><F5/><W43/><G43/><T100/><D100/><U19/><E3/><V119/><F90/><W108/><G108/><T49/><D49/><U36/><E110/><V22/><F57/><W55/><G55/><T83/><D117/><U47/><E36/><V98/><F119/><W1/><G1/><T58/><D58/><U112/><E47/><V54/><F59/><W111/><G111/><T23/><D76/><U124/><E124/><V97/><F54/><W46/><G46/><T18/><D87/><U94/><E86/><V67/><F84/><W28/><G75/><T24/><AGARI ba="0,0" hai="8,10,11,13,15,18,23,24,78,83,85" m="24073" machi="24" ten="30,2000,0" yaku="8,1,52,1" doraHai="79" who="0" fromWho="0" sc="160,20,250,-10,340,-5,250,-5" /><INIT seed="2,0,0,5,0,98" ten="180,240,335,245" oya="2" hai0="131,108,30,86,110,105,40,117,116,83,20,96,129" hai1="100,82,48,15,103,13,56,134,76,102,5,124,59" hai2="11,113,115,97,69,47,41,36,61,28,78,14,44" hai3="35,135,46,128,120,119,45,38,73,17,122,50,60"/><V111/><F78/><W93/><G35/><T121/><D40/><U43/><E134/><V107/><F28/><W126/><G73/><T42/><D42/><U77/><E124/><V123/><F123/><W39/><G93/><T32/><D121/><U92/><E92/><V106/><F111/><N who="0" m="42538" /><D32/><U57/><E5/><V109/><F109/><W74/><G74/><T114/><D114/><U0/><E0/><V25/><F25/><W3/><G3/><T4/><D4/><U1/><E1/><V54/><F97/><W9/><G9/><T52/><D52/><U71/><E71/><V51/><F106/><W88/><G126/><T63/><D63/><U81/><E76/><V19/><F107/><W33/><G60/><T29/><D20/><U37/><E37/><V130/><F130/><N who="0" m="49674" /><D29/><U85/><E82/><V132/><F132/><W21/><G33/><T75/><D75/><U125/><E125/><V58/><F69/><W65/><G135/><T62/><D62/><U8/><E8/><V72/><F72/><W84/><G120/><T79/><D30/><U7/><E7/><V6/><F6/><W112/><G122/><T34/><D34/><U26/><E26/><V2/><F2/><W80/><G128/><T118/><D118/><U49/><E43/><AGARI ba="0,0" hai="11,14,19,36,41,43,44,47,51,54,58,61,113,115" machi="43" ten="30,1500,0" yaku="7,1" doraHai="98" who="2" fromWho="1" sc="180,0,240,-15,335,15,245,0" /><INIT seed="2,1,0,4,2,49" ten="180,225,350,245" oya="2" hai0="95,91,27,118,45,104,59,110,133,116,34,103,97" hai1="92,113,55,29,111,102,21,120,46,87,70,89,50" hai2="117,15,31,14,8,66,6,129,52,60,79,53,83" hai3="5,93,123,81,10,99,115,18,69,128,12,48,36"/><V94/><F117/><N who="0" m="45162" /><D110/><U127/><E113/><V78/><F129/><W109/><G36/><T98/><D133/><U64/><E111/><V1/><F31/><W17/><G109/><T82/><D45/><U105/><E127/><V13/><F94/><W125/><G123/><T65/><D65/><U132/><E132/><V4/><F4/><W126/><G69/><T25/><D34/><U61/><E120/><V41/><F41/><W54/><G128/><T80/><D59/><U114/><E114/><V33/><F33/><W88/><G115/><T22/><D25/><U124/><E124/><N who="3" m="47722" /><G81/><N who="0" m="31339" /><D27/><U58/><E21/><V84/><REACH who="2" step="1"/><F78/><REACH who="2" ten="180,225,340,245" step="2"/><W2/><G2/><T43/><D43/><U47/><E29/><V90/><F90/><W30/><G30/><T11/><D11/><U108/><E108/><V107/><F107/><W19/><G5/><T86/><D22/><U101/><E105/><V119/><F119/><W67/><G67/><T56/><D104/><U122/><E122/><V74/><F74/><W131/><G131/><T0/><D0/><U76/><E76/><V39/><F39/><W134/><G134/><T135/><D135/><U57/><E70/><AGARI ba="1,1" hai="1,6,8,13,14,15,52,53,60,66,70,79,83,84" machi="70" ten="40,12000,1" yaku="1,1,52,2,54,1,53,0" doraHai="49" doraHaiUra="112" who="2" fromWho="1" sc="180,0,225,-123,340,133,245,0" /><INIT seed="2,2,0,5,3,38" ten="180,102,473,245" oya="2" hai0="94,60,66,43,5,124,8,102,93,62,12,54,37" hai1="131,41,96,105,27,106,40,112,128,19,45,26,14" hai2="52,23,59,111,121,78,126,81,0,92,16,15,99" hai3="73,85,11,98,115,7,84,3,83,13,72,25,133"/><V76/><F0/><W119/><G119/><T36/><D124/><U57/><E112/><V77/><F126/><W71/><G133/><T10/><D36/><U89/><E45/><V127/><F121/><W28/><G71/><T134/><D134/><U109/><E109/><V53/><F111/><W79/><G115/><T120/><D120/><U74/><E74/><V4/><F4/><W86/><G73/><T104/><D54/><N who="2" m="21098" /><F127/><W58/><G58/><T48/><D37/><U20/><E57/><V29/><F29/><W130/><G130/><N who="1" m="49706" /><E89/><N who="2" m="55695" /><F59/><W80/><G98/><T39/><D39/><U17/><E96/><V46/><F46/><W2/><REACH who="3" step="1"/><G83/><AGARI ba="2,0" hai="15,16,23,76,77,78,81,83" m="55695,21098" machi="83" ten="30,5800,0" yaku="8,1,54,2" doraHai="38" who="2" fromWho="3" sc="180,0,102,0,473,64,245,-64" /><INIT seed="2,3,0,5,1,74" ten="180,102,537,181" oya="2" hai0="68,15,41,106,26,43,3,39,126,111,50,90,55" hai1="35,54,96,97,117,19,11,107,21,101,112,76,42" hai2="134,25,64,18,62,84,105,110,94,67,129,125,1" hai3="119,77,13,24,34,81,72,100,82,60,57,88,59"/><V33/><F105/><W49/><G119/><T124/><D106/><U71/><E117/><V135/><F1/><W37/><G37/><T85/><D3/><U133/><E112/><V69/><F67/><W108/><G100/><T20/><D111/><U7/><E35/><V83/><F125/><N who="0" m="48234" /><D68/><U63/><E133/><V73/><F94/><W5/><G108/><T12/><D39/><U61/><E96/><V47/><F73/><W120/><G120/><T75/><D75/><U40/><E71/><V130/><F47/><W31/><G49/><T32/><D32/><U98/><E98/><V128/><F110/><W44/><G44/><N who="0" m="28103" /><D15/><U9/><E76/><V29/><F18/><W16/><G5/><T87/><D12/><U113/><E113/><V95/><F95/><W132/><G132/><T80/><D87/><U89/><E89/><AGARI ba="3,0" hai="25,29,33,62,64,69,83,84,89,128,129,130,134,135" machi="89" ten="40,2000,0" yaku="19,1" doraHai="74" who="2" fromWho="1" sc="180,0,102,-29,537,29,181,0" /><INIT seed="2,4,0,0,5,36" ten="180,73,566,181" oya="2" hai0="8,101,31,83,105,128,12,100,16,111,102,0,121" hai1="87,6,104,5,48,115,72,35,89,108,96,134,131" hai2="90,118,44,127,4,132,18,55,32,64,110,130,41" hai3="37,34,125,114,67,94,1,24,9,129,88,97,57"/><V135/><F64/><W119/><G119/><T92/><D121/><U58/><E115/><V33/><F4/><W17/><G114/><T71/><D71/><U73/><E35/><V56/><F118/><W43/><G125/><T76/><D111/><U22/><E108/><V25/><F90/><W117/><G129/><T38/><D38/><U113/><E113/><V69/><F69/><W116/><G1/><T39/><D39/><U99/><E131/><V120/><F130/><W19/><G19/><T53/><D31/><U65/><E134/><V14/><F127/><W133/><G133/><T63/><D105/><U40/><E72/><V46/><F25/><W50/><G37/><T75/><D0/><U51/><E73/><V30/><F30/><W49/><G34/><T45/><D128/><U11/><E22/><V62/><F18/><W107/><G107/><T61/><REACH who="0" step="1"/><D92/><REACH who="0" ten="170,73,566,181" step="2"/><U103/><E104/><V59/><F110/><W122/><G122/><T84/><D84/><U80/><E96/><V15/><F120/><W78/><G116/><T106/><D106/><U77/><E99/><V123/><F123/><W20/><G117/><T81/><D81/><U29/><E87/><V95/><F95/><W54/><G94/><T74/><D74/><U124/><E80/><V42/><F32/><W10/><G97/><T13/><D13/><U85/><E85/><V68/><F33/><W112/><G112/><T2/><D2/><U98/><E98/><V7/><F14/><W91/><G24/><T70/><D70/><U28/><E124/><V60/><F68/><W26/><G26/><RYUUKYOKU ba="4,1" sc="170,30,73,-10,566,-10,181,-10" hai0="8,12,16,45,53,61,63,75,76,83,100,101,102" /><INIT seed="3,5,1,3,5,49" ten="200,63,556,171" oya="3" hai0="34,46,116,42,78,125,17,25,112,87,76,132,130" hai1="16,98,15,88,20,85,36,13,22,23,127,24,6" hai2="94,67,108,128,135,60,63,56,102,101,43,97,104" hai3="106,69,62,119,38,115,7,59,52,61,27,122,11"/><W33/><G122/><T4/><D116/><U55/><E127/><V50/><F108/><W44/><G119/><T89/><D132/><U29/><E36/><V1/><F1/><W86/><G115/><T30/><D130/><U83/><E6/><V32/><F32/><W95/><G106/><T81/><D125/><U37/><E37/><V8/><F8/><W0/><G33/><T14/><D4/><U21/><E15/><V109/><F109/><W77/><G27/><T131/><D131/><U92/><REACH who="1" step="1"/><E55/><REACH who="1" ten="200,53,556,171" step="2"/><V114/><F101/><AGARI ba="5,2" hai="13,16,20,21,22,23,24,29,83,85,88,92,98,101" machi="101" ten="30,12000,2" yaku="1,1,2,1,7,1,8,1,54,2,53,0" doraHai="49" doraHaiUra="111" who="1" fromWho="2" sc="200,0,53,155,556,-135,171,0" owari="200,-20.0,208,1.0,421,52.0,171,-33.0" /></mjloggm>