<mjloggm ver="2.3"><GO type="169" lobby="0"/><UN n0="%E3%81%91%E3%82%93%31%39%37%30" n1="%E3%82%A6%E3%83%AB%E3%83%88%E3%83%A9%E7%AB%8B%E7%9B%B4" n2="%E9%87%8E%E8%8F%9C%E3%81%98%E3%82%83%E3%81%AA%E3%81%84%E3%82%88" n3="%E2%98%85%E9%9B%80%E9%AC%BC%E7%99%BE%E7%80%AC%E2%98%85" dan="16,17,16,18" rate="2060.18,2134.95,2098.30,2213.18" sx="M,M,F,M"/><TAIKYOKU oya="0"/><INIT seed="0,0,0,4,4,39" ten="250,250,250,250" oya="0" hai0="124,85,61,117,126,83,29,107,81,65,92,36,14" hai1="8,121,37,6,63,1,86,60,93,67,95,131,87" hai2="24,114,111,112,99,2,84,70,82,88,68,4,106" hai3="44,76,80,23,101,0,26,116,30,104,32,42,125"/><T72/><D117/><U94/><E121/><V7/><F111/><W15/><G116/><T128/><D107/><U74/><E74/><V134/><F134/><W103/><G0/><T22/><D128/><U77/><E131/><V27/><F70/><W49/><G125/><T73/><D36/><U105/><E105/><V33/><F112/><W78/><G104/><T43/><D92/><U11/><E37/><V62/><F114/><W132/><G132/><T51/><D83/><U129/><E129/><V75/><F2/><W52/><G76/><T38/><D38/><U28/><E28/><N who="2" m="19615" /><F24/><W34/><G34/><T19/><D29/><U5/><E77/><V46/><F46/><W100/><G15/><T21/><D21/><U25/><E25/><V12/><F12/><W135/><G135/><T31/><D31/><U53/><E53/><V56/><F56/><W18/><G32/><T3/><D3/><U90/><E1/><V102/><F75/><W17/><REACH who="3" step="1"/><G52/><REACH who="3" ten="250,250,250,240" step="2"/><T110/><D124/><U48/><E60/><V13/><F13/><W50/><G50/><T66/><D126/><U123/><E48/><V122/><F122/><W54/><G54/><T57/><D110/><U133/><E133/><V130/><F130/><W9/><G9/><T58/><D65/><AGARI ba="0,1" hai="4,7,62,65,68,82,84,88,99,102,106" m="19615" machi="65" ten="30,2000,0" yaku="25,1,54,1" doraHai="39" who="2" fromWho="0" sc="250,-20,250,0,250,30,240,0" /><INIT seed="1,0,0,4,4,104" ten="230,250,280,240" oya="1" hai0="54,7,64,106,14,97,82,36,18,81,89,28,2" hai1="105,135,96,109,76,30,12,112,63,17,8,19,72" hai2="126,62,85,33,15,115,39,113,60,21,40,92,3" hai3="122,133,83,57,124,130,101,9,13,20,55,74,53"/><U61/><E112/><V120/><F33/><W24/><G122/><T65/><D36/><U22/><E135/><V131/><F3/><W86/><G133/><T1/><D28/><U34/><E109/><V4/><F120/><W94/><G124/><T78/><D82/><U121/><E121/><V31/><F126/><W26/><G130/><T88/><D89/><U84/><E72/><V41/><F131/><W99/><G74/><T91/><D91/><U16/><E34/><V102/><F4/><W56/><G56/><T118/><D2/><U108/><E108/><V25/><F15/><W49/><G55/><T71/><D118/><U114/><E114/><N who="2" m="43531" /><F85/><W48/><G49/><T27/><D27/><U80/><E105/><V35/><F21/><W134/><G20/><T59/><D71/><U66/><E96/><N who="2" m="59655" /><F39/><W75/><G75/><T111/><D7/><N who="1" m="3103" /><E66/><V38/><F38/><W128/><G128/><T32/><D1/><U46/><E46/><V103/><F103/><W125/><G134/><T93/><D106/><U5/><E5/><V90/><F90/><N who="3" m="51551" /><G125/><T117/><D32/><U107/><E107/><V23/><F35/><W11/><G11/><N who="0" m="6495" /><D111/><U129/><E129/><V100/><F100/><W45/><G45/><T58/><D117/><U6/><E6/><AGARI ba="0,0" hai="6,9,13,24,26,48,53,57,94,99,101" m="51551" machi="6" ten="30,1000,0" yaku="8,1" doraHai="104" who="3" fromWho="1" sc="230,0,250,-10,280,0,240,10" /><INIT seed="2,0,0,2,0,4" ten="230,240,280,250" oya="2" hai0="27,121,85,40,83,90,45,43,19,53,96,89,26" hai1="56,126,62,119,17,95,110,18,67,31,112,84,98" hai2="69,77,132,15,79,99,33,35,55,52,47,63,54" hai3="131,24,7,88,70,12,72,80,2,92,115,1,86"/><V104/><F132/><W82/><G70/><T97/><D121/><U11/><E119/><V46/><F35/><W61/><G61/><T94/><D97/><U129/><E112/><V39/><F33/><W125/><G115/><T28/><D28/><U71/><E71/><V42/><F47/><W74/><G125/><T32/><D32/><U76/><E126/><V124/><F124/><W0/><G131/><T49/><D27/><U108/><E31/><V41/><F41/><W34/><G34/><T134/><D134/><U37/><E37/><V93/><F104/><W38/><G24/><T64/><D64/><U13/><E129/><V14/><F14/><W109/><G109/><T133/><D133/><U66/><E66/><V57/><F69/><W8/><REACH who="3" step="1"/><G38/><REACH who="3" ten="230,240,280,240" step="2"/><T25/><D26/><U73/><E110/><V20/><F63/><W65/><G65/><T59/><D59/><U100/><E108/><V29/><F57/><W120/><G120/><T128/><D128/><U22/><E73/><AGARI ba="0,1" hai="0,1,2,7,8,12,72,73,74,80,82,86,88,92" machi="73" ten="50,6400,0" yaku="1,1,52,1,54,1,53,0" doraHai="4" doraHaiUra="102" who="3" fromWho="1" sc="230,0,240,-64,280,0,240,74" /><INIT seed="3,0,0,4,1,39" ten="230,176,280,314" oya="3" hai0="64,76,23,98,77,94,38,132,100,80,52,37,119" hai1="128,108,126,61,134,40,110,59,89,93,5,46,75" hai2="47,117,32,55,124,107,10,28,8,83,104,101,62" hai3="109,120,17,45,54,57,6,86,121,129,49,105,58"/><W11/><G105/><T43/><D119/><U13/><E75/><V125/><F117/><W123/><G129/><T70/><D132/><U71/><E71/><V96/><F104/><W51/><G109/><N who="1" m="42090" /><E128/><V65/><F83/><W87/><G17/><T63/><D77/><U50/><E126/><N who="2" m="48747" /><F55/><W106/><G106/><T1/><D1/><U133/><E13/><V122/><F47/><W53/><REACH who="3" step="1"/><G45/><REACH who="3" ten="230,176,280,304" step="2"/><T88/><D38/><U21/><E5/><V36/><F36/><W73/><G73/><T30/><D37/><U130/><E130/><V56/><F122/><W135/><G135/><T90/><D30/><U82/><E134/><V33/><F28/><W16/><G16/><T3/><D70/><U91/><E133/><V4/><F4/><W95/><G95/><T7/><D94/><U60/><E93/><V112/><F112/><W79/><G79/><T48/><D76/><U44/><E44/><V78/><F78/><W42/><G42/><T29/><D43/><U66/><E82/><V12/><F8/><W18/><G18/><T113/><D80/><U81/><E81/><V14/><F10/><W35/><G35/><AGARI ba="0,1" hai="12,14,32,33,35,56,62,65,96,101,107" m="48747" machi="35" ten="30,1000,0" yaku="18,1" doraHai="39" who="2" fromWho="3" sc="230,0,176,0,280,20,304,-10" /><INIT seed="4,0,0,5,3,34" ten="230,176,300,294" oya="0" hai0="113,32,8,36,103,30,88,105,37,126,124,40,49" hai1="39,91,78,47,59,43,54,101,97,29,123,3,68" hai2="21,102,81,25,57,71,64,99,55,83,20,1,69" hai3="51,112,28,135,85,63,14,104,127,72,121,24,6"/><T114/><D103/><U62/><E123/><V115/><F115/><N who="0" m="44042" /><D105/><U109/><E109/><V95/><F1/><W50/><G72/><T84/><D30/><U18/><E78/><V106/><F106/><W58/><G104/><T80/><D32/><U4/><E29/><V44/><F69/><W76/><G76/><T70/><D70/><U117/><E117/><V60/><F21/><W111/><G85/><T19/><D49/><U16/><E68/><V45/><F45/><W129/><G50/><T33/><D33/><U108/><E108/><V75/><F75/><W31/><G51/><T5/><D19/><U35/><E35/><V42/><F42/><W131/><G31/><T23/><D23/><U53/><E53/><V92/><F44/><W96/><G28/><T15/><D40/><U110/><E110/><V82/><F55/><W74/><G111/><T125/><AGARI ba="0,0" hai="5,8,15,36,37,80,84,88,124,125,126" m="44042" machi="125" ten="40,7800,0" yaku="18,1,15,1,54,1" doraHai="34" who="0" fromWho="0" sc="230,78,176,-26,300,-26,294,-26" /><INIT seed="4,1,0,3,0,129" ten="308,150,274,268" oya="0" hai0="121,0,19,135,77,132,119,101,125,11,90,89,4" hai1="55,92,73,13,62,45,9,43,36,107,82,86,12" hai2="8,34,102,98,39,118,51,120,26,72,71,56,104" hai3="105,76,97,21,23,60,128,3,113,17,35,15,84"/><T130/><D119/><U54/><E107/><V65/><F39/><W27/><G3/><T106/><D121/><U31/><E73/><V42/><F120/><W108/><G35/><T79/><D130/><U40/><E40/><V32/><F72/><W111/><G128/><T1/><D125/><U99/><E31/><N who="2" m="19575" /><F34/><W100/><G113/><T114/><D19/><U16/><E62/><N who="2" m="40375" /><F8/><W94/><G60/><T24/><D24/><U10/><E82/><V38/><F38/><W88/><REACH who="3" step="1"/><G76/><REACH who="3" ten="308,150,274,258" step="2"/><N who="0" m="29259" /><D114/><U124/><E124/><V95/><F118/><W123/><G123/><T117/><D1/><U18/><REACH who="1" step="1"/><E86/><REACH who="1" ten="308,140,274,258" step="2"/><V134/><F98/><W58/><G58/><T25/><D117/><U2/><E2/><V50/><F56/><W109/><G109/><T70/><D70/><U83/><E83/><V59/><F59/><W85/><G85/><T33/><D33/><U47/><E47/><V133/><F133/><N who="0" m="51274" /><D25/><U20/><E20/><V49/><F134/><W29/><AGARI ba="1,2" hai="15,17,21,23,27,29,84,88,94,97,100,105,108,111" machi="29" ten="20,8000,1" yaku="1,1,0,1,7,1,54,1,53,1" doraHai="129" doraHaiUra="96" who="3" fromWho="3" sc="308,-41,140,-21,274,-21,258,103" /><INIT seed="5,0,0,4,5,41" ten="267,119,253,361" oya="1" hai0="88,131,71,17,102,56,110,59,22,111,73,95,29" hai1="67,13,57,78,70,63,123,76,109,118,15,26,84" hai2="5,28,24,21,82,23,34,0,54,60,119,1,133" hai3="100,117,98,79,31,52,104,12,66,10,62,120,103"/><U37/><E118/><V53/><F119/><W116/><G120/><T4/><D71/><U9/><E123/><V20/><F133/><W38/><G38/><T35/><D73/><U126/><E109/><V89/><F5/><W65/><G65/><T43/><D102/><U85/><E37/><V96/><F54/><W18/><G100/><T91/><D4/><U128/><E70/><V27/><F27/><W39/><G39/><T113/><D113/><U74/><E74/><V99/><F99/><W80/><G52/><T129/><D29/><U101/><E126/><V47/><F60/><W92/><G92/><T48/><D35/><U40/><E128/><N who="0" m="49225" /><D91/><U97/><E40/><V30/><F30/><W19/><G31/><T93/><D93/><N who="1" m="58543" /><E26/><V108/><F108/><W33/><G33/><T14/><D59/><U69/><E69/><V75/><F75/><N who="3" m="43135" /><G117/><T44/><D56/><U105/><E105/><V124/><F124/><W134/><G116/><T107/><D107/><U8/><E78/><V42/><F0/><W68/><G68/><T49/><D49/><U114/><E114/><V87/><F1/><W122/><G122/><T7/><D7/><N who="1" m="3231" /><E76/><V94/><F34/><W11/><G104/><T106/><D106/><U72/><E72/><V112/><F112/><W3/><G3/><T61/><D61/><U127/><E127/><V16/><F28/><W25/><G62/><T55/><D43/><U135/><E135/><V86/><F42/><W115/><G134/><T81/><D81/><U32/><E32/><V125/><F125/><W64/><G115/><T2/><D2/><RYUUKYOKU ba="0,0" sc="267,15,119,15,253,-15,361,-15" hai0="14,17,22,44,48,55,88,95,110,111" hai1="9,15,57,63,67,84,85" /><INIT seed="5,1,0,0,2,24" ten="282,134,238,346" oya="1" hai0="76,130,46,99,108,15,79,5,72,55,62,128,102" hai1="35,36,41,71,75,0,74,116,19,12,119,18,23" hai2="95,14,4,80,9,127,88,91,121,92,39,61,129" hai3="53,26,27,16,106,67,44,123,133,124,87,85,10"/><U77/><E71/><V42/><F121/><W126/><G106/><T33/><D108/><U54/><E35/><V105/><F105/><W57/><G123/><T86/><D72/><U107/><E107/><V11/><F127/><N who="3" m="48683" /><G133/><T3/><D3/><U93/><E0/><V134/><F134/><W70/><G70/><T135/><D33/><U113/><E41/><V96/><F80/><W1/><G67/><T65/><D135/><U84/><E36/><V7/><F129/><W64/><G64/><T40/><D55/><U100/><E113/><V125/><F125/><W32/><G44/><T43/><D15/><U73/><E54/><V63/><F42/><N who="0" m="15914" /><D46/><U29/><E29/><V68/><F39/><W114/><G114/><T69/><D5/><U66/><E66/><V111/><F68/><W45/><G45/><T47/><D47/><U60/><E60/><V78/><F78/><W20/><G32/><T132/><D86/><U131/><E131/><N who="0" m="50217" /><D132/><U81/><REACH who="1" step="1"/><E19/><REACH who="1" ten="282,124,238,346" step="2"/><V17/><F17/><W103/><G16/><T118/><D118/><U112/><E112/><V82/><F63/><W101/><G53/><T52/><D52/><U122/><E122/><V56/><F61/><W98/><G1/><T8/><D69/><U38/><E38/><V58/><F111/><W90/><G57/><T104/><D65/><U109/><E109/><V50/><F58/><W13/><G27/><T83/><D62/><U59/><E59/><V48/><F56/><W94/><G26/><T34/><D34/><U115/><E115/><V30/><F30/><W49/><G49/><T89/><D104/><RYUUKYOKU ba="1,1" sc="282,-10,124,30,238,-10,346,-10" hai1="12,18,23,73,74,75,77,81,84,93,100,116,119" /><INIT seed="5,2,1,4,4,47" ten="272,154,228,336" oya="1" hai0="44,71,127,4,68,102,129,1,7,10,83,64,53" hai1="95,111,30,96,50,90,112,14,118,126,87,109,134" hai2="82,41,135,86,8,21,20,70,92,77,75,27,100" hai3="103,31,132,18,45,16,42,60,91,131,133,94,38"/><U56/><E118/><V51/><F70/><W88/><G131/><T35/><D35/><U37/><E37/><V15/><F135/><N who="3" m="51787" /><G31/><T110/><D110/><N who="1" m="41995" /><E134/><V123/><F123/><W108/><G108/><T0/><D129/><U104/><E126/><V62/><F62/><W73/><G73/><T74/><D127/><U23/><E112/><V11/><F11/><W67/><G103/><T46/><D102/><N who="1" m="62535" /><E30/><V117/><F117/><W24/><G24/><T69/><D64/><U32/><E32/><V125/><F125/><W2/><G2/><T98/><D98/><U57/><E50/><V6/><F27/><W128/><G128/><T9/><D53/><U97/><E97/><N who="2" m="59431" /><F75/><W36/><G36/><T80/><D74/><U105/><E105/><V40/><F51/><W114/><G114/><T25/><D25/><U89/><E89/><N who="3" m="34378" /><G94/><T49/><D71/><AGARI ba="2,1" hai="16,18,38,42,45,60,67,71" m="34378,51787" machi="71" ten="30,3900,0" yaku="20,1,54,2" doraHai="47" who="3" fromWho="0" sc="272,-45,154,0,228,0,336,55" /><INIT seed="6,0,0,2,2,41" ten="227,154,228,391" oya="2" hai0="72,13,32,46,9,12,75,56,17,85,53,87,31" hai1="70,34,60,55,58,127,94,115,39,10,26,105,91" hai2="47,74,28,79,95,84,124,61,23,88,121,78,120" hai3="129,134,44,89,107,43,109,128,18,30,22,7,76"/><V123/><F74/><W104/><G109/><T126/><D126/><U54/><E105/><V116/><F116/><W25/><G76/><T8/><D31/><U119/><E119/><V42/><F124/><W92/><G7/><T15/><D32/><U98/><E127/><V86/><F86/><N who="3" m="52279" /><G18/><N who="0" m="8455" /><D75/><U69/><E115/><V48/><REACH who="2" step="1"/><F61/><REACH who="2" ten="227,154,218,391" step="2"/><W33/><G134/><T36/><D72/><U93/><E60/><V5/><F5/><W62/><G62/><T99/><D87/><U97/><E98/><V4/><F4/><W73/><G73/><T101/><D85/><U11/><E97/><V27/><AGARI ba="0,1" hai="23,27,28,42,47,48,78,79,84,88,95,120,121,123" machi="27" ten="40,12000,1" yaku="1,1,0,1,52,1,54,1,53,1" doraHai="41" doraHaiUra="83" who="2" fromWho="2" sc="227,-40,154,-40,218,130,391,-40" /><INIT seed="6,1,0,0,4,118" ten="187,114,348,351" oya="2" hai0="100,122,104,79,116,2,68,32,120,6,5,121,27" hai1="89,33,21,8,42,19,130,57,131,52,1,37,115" hai2="119,47,72,74,16,95,49,28,12,76,30,105,50" hai3="94,96,126,46,31,13,53,112,92,9,91,99,7"/><V77/><F105/><W35/><G126/><T18/><D68/><U117/><E33/><V107/><F107/><W129/><G129/><T67/><D67/><U133/><E117/><V135/><F119/><W132/><G132/><T41/><D116/><U134/><E89/><V62/><F135/><N who="1" m="51721" /><E8/><V93/><F62/><W15/><G112/><T26/><D79/><N who="2" m="30282" /><F74/><W106/><G106/><T40/><D104/><U83/><E83/><V59/><F72/><W88/><G35/><T123/><D123/><U90/><E90/><V111/><F59/><W45/><G31/><N who="2" m="11817" /><F111/><W86/><G99/><T22/><D100/><U127/><E1/><V103/><F103/><W24/><G24/><N who="0" m="14423" /><D40/><U4/><E4/><N who="0" m="1641" /><D41/><U98/><E98/><V101/><F101/><W63/><G15/><T0/><D32/><U55/><E115/><V71/><F71/><W58/><AGARI ba="1,0" hai="7,9,13,45,46,53,58,63,86,88,91,92,94,96" machi="58" ten="30,4000,0" yaku="0,1,8,1,54,1" doraHai="118" who="3" fromWho="3" sc="187,-11,114,-11,348,-21,351,43" /><INIT seed="7,0,0,0,3,115" ten="176,103,327,394" oya="3" hai0="20,104,57,90,121,69,113,25,27,19,54,63,79" hai1="64,16,66,30,87,106,67,127,60,39,102,110,56" hai2="83,9,59,24,93,96,42,21,5,100,65,88,112" hai3="15,8,94,85,12,38,50,120,116,84,70,55,128"/><W89/><G116/><T4/><D121/><U114/><E110/><V43/><F112/><W80/><G38/><T72/><D113/><U82/><E114/><V77/><F100/><W11/><G70/><T45/><D104/><U49/><E39/><V41/><F65/><W17/><G120/><T46/><D69/><U133/><E133/><V86/><F59/><N who="3" m="33271" /><G128/><T62/><D4/><U103/><E127/><V58/><F58/><W40/><G40/><T31/><D72/><U105/><E30/><V61/><F61/><W14/><G11/><T134/><D79/><AGARI ba="0,0" hai="8,12,14,15,17,79,80,84,85,89,94" m="33271" machi="79" ten="30,1500,0" yaku="8,1" doraHai="115" who="3" fromWho="0" sc="176,-15,103,0,327,0,394,15" owari="161,-24.0,103,-40.0,327,13.0,409,51.0" /></mjloggm>