<mjloggm ver="2.3"><GO type="97" lobby="0"/><UN n0="%E5%B0%B1%E6%B4%BB%E7%94%9F%40%E5%B7%9D%E6%9D%91%E8%BB%8D%E5%9B%A3" n1="%62%6F%75%62%6F%75" n2="%E4%B8%89%E6%9D%A1%E7%9C%9F%E7%90%B4" n3="%E3%83%8F%E3%82%A8%E5%A4%A9%E5%9B%BD" dan="15,13,15,13" rate="2000.47,1803.02,2127.66,1840.17" sx="M,M,M,M"/><TAIKYOKU oya="0"/><INIT seed="0,0,0,3,5,128" ten="250,250,250,250" oya="0" hai0="35,134,123,62,98,63,33,55,0,93,133,50,73" hai1="15,53,120,107,91,125,119,27,24,10,6,130,75" hai2="20,21,89,68,67,84,46,14,96,124,52,49,110" hai3="51,5,81,41,70,71,26,100,92,85,43,117,36"/><T13/><D123/><U34/><E120/><V25/><F124/><W109/><G117/><T103/><D73/><U115/><E119/><V58/><F110/><W19/><G5/><T122/><D0/><U23/><E115/><V61/><F96/><W77/><G109/><T42/><D42/><U87/><E107/><V113/><F113/><W80/><G36/><T88/><D122/><U18/><E75/><V94/><F14/><W64/><G64/><T121/><D121/><U31/><E130/><V11/><F11/><W102/><G51/><T1/><D1/><U86/><E125/><V131/><F131/><W8/><G71/><T112/><D112/><U4/><E4/><V90/><F90/><W111/><G70/><T79/><D79/><U54/><E87/><V104/><F104/><W48/><G48/><T129/><D13/><U72/><E72/><V76/><F76/><W99/><G111/><T105/><D129/><U60/><E60/><N who="0" m="23081" /><D103/><U30/><E31/><V118/><F118/><W83/><G102/><T47/><D105/><U28/><E30/><V74/><F74/><W126/><G126/><T9/><D9/><U135/><E135/><AGARI ba="0,0" hai="33,35,47,50,55,88,93,98,133,134,135" m="23081" machi="135" ten="30,12000,1" yaku="20,1,52,3,54,1" doraHai="128" who="0" fromWho="1" sc="250,120,250,-120,250,0,250,0" /><INIT seed="0,1,0,1,5,72" ten="370,130,250,250" oya="0" hai0="101,16,70,66,71,87,10,25,130,135,134,56,28" hai1="119,98,115,62,27,99,69,85,26,19,5,89,127" hai2="125,58,132,76,8,48,60,61,126,13,18,81,44" hai3="73,74,86,52,128,107,0,83,92,96,29,42,133"/><T80/><D130/><U35/><E119/><V103/><F103/><W31/><G0/><T95/><D95/><U6/><E115/><V38/><F38/><W24/><G42/><T36/><D36/><U9/><E127/><N who="2" m="48651" /><F132/><N who="0" m="50730" /><D101/><U88/><E89/><V114/><F114/><W116/><G128/><T20/><D10/><U122/><E122/><V41/><F58/><W109/><G116/><T30/><D56/><U57/><E69/><N who="0" m="26121" /><D66/><U55/><E35/><V64/><F64/><W15/><G133/><T33/><D33/><U79/><E79/><AGARI ba="1,0" hai="16,20,25,28,30,79,80,87" m="26121,50730" machi="79" ten="30,5800,0" yaku="20,1,52,1,54,1" doraHai="72" who="0" fromWho="1" sc="370,61,130,-61,250,0,250,0" /><INIT seed="0,2,0,1,3,72" ten="431,69,250,250" oya="0" hai0="64,47,54,70,16,24,13,127,15,75,12,23,115" hai1="131,45,74,50,61,52,58,31,66,114,117,21,39" hai2="4,41,9,38,96,17,130,79,27,97,55,56,126" hai3="42,95,87,113,91,19,20,0,76,5,11,105,93"/><T69/><D115/><U119/><E74/><V35/><F130/><W29/><G105/><T33/><D75/><U85/><E85/><V2/><F126/><W123/><G113/><T100/><D127/><U46/><E114/><V34/><F34/><W83/><G123/><T25/><D100/><U104/><E104/><V71/><F71/><W92/><G29/><T112/><D112/><U18/><E31/><V6/><F6/><W8/><G42/><T26/><D33/><U77/><E131/><V67/><F67/><W125/><G125/><T49/><D64/><U128/><E128/><V65/><F65/><W118/><G11/><T108/><D108/><U10/><E10/><V129/><F129/><W84/><REACH who="3" step="1"/><G118/><REACH who="3" ten="431,69,250,240" step="2"/><T63/><D69/><U90/><E119/><V110/><F41/><W122/><G122/><T32/><D32/><U86/><E117/><V73/><F9/><W28/><G28/><T109/><D109/><U57/><E39/><V44/><F38/><W94/><G94/><T124/><D124/><U30/><E30/><V7/><F35/><W106/><G106/><T48/><D70/><U132/><E132/><V22/><F110/><W88/><G88/><T1/><D1/><U116/><E116/><V37/><F37/><W134/><G134/><T53/><D63/><U103/><E103/><V51/><F2/><W98/><G98/><T43/><D43/><U89/><E77/><V120/><F97/><W82/><G82/><T78/><REACH who="0" step="1"/><D78/><REACH who="0" ten="421,69,250,240" step="2"/><U121/><E121/><V40/><F79/><W99/><G99/><T133/><D133/><U102/><E102/><RYUUKYOKU ba="2,2" sc="421,15,69,-15,250,-15,240,15" hai0="12,13,15,16,23,24,25,26,47,48,49,53,54" hai3="0,5,8,19,20,76,83,84,87,91,92,93,95" /><INIT seed="0,3,2,4,5,114" ten="436,54,235,255" oya="0" hai0="80,122,74,1,99,58,96,17,111,55,43,37,3" hai1="81,6,62,34,106,60,10,2,8,123,70,47,132" hai2="98,16,95,89,121,68,56,9,93,39,28,12,103" hai3="53,104,105,134,79,5,44,27,26,94,19,133,76"/><T120/><D37/><U42/><E123/><V22/><F68/><W91/><G5/><T92/><D43/><U73/><E106/><N who="3" m="41066" /><G53/><T46/><D111/><U125/><E34/><V23/><F121/><W24/><G44/><T45/><D74/><U131/><E70/><V107/><F39/><W50/><G50/><T66/><D66/><U30/><E30/><V59/><F107/><W21/><G94/><T97/><D92/><U129/><E132/><N who="3" m="50794" /><G91/><T38/><D80/><U57/><E125/><V109/><F109/><W61/><G61/><T0/><D17/><U119/><E10/><V130/><F130/><W72/><G72/><T100/><D100/><U41/><E42/><V29/><F29/><W40/><G40/><T25/><D25/><AGARI ba="3,2" hai="19,21,24,25,26,27,76,79" m="50794,41066" machi="25" ten="40,1300,0" yaku="20,1" doraHai="114" who="3" fromWho="0" sc="436,-22,54,0,235,0,255,42" /><INIT seed="1,0,0,2,4,72" ten="414,54,235,297" oya="1" hai0="129,79,30,120,108,35,40,84,83,66,28,115,53" hai1="5,38,106,23,131,88,130,60,44,73,47,3,67" hai2="1,55,81,105,36,128,61,80,43,33,59,86,121" hai3="62,124,91,119,21,133,71,94,17,122,82,118,127"/><U135/><E106/><V16/><F121/><W63/><G122/><T97/><D115/><U111/><E135/><V10/><F33/><W77/><G71/><T123/><D129/><N who="1" m="49163" /><E111/><V126/><F128/><W112/><G112/><T57/><D108/><U74/><E38/><V68/><F105/><W117/><G133/><T15/><D66/><U32/><E32/><V110/><F110/><W41/><G41/><T96/><D40/><U113/><E113/><V0/><F68/><W34/><G34/><T52/><D15/><U70/><E23/><V46/><F126/><N who="3" m="48171" /><G17/><T49/><D53/><U27/><E27/><V45/><F45/><N who="1" m="17481" /><E88/><V25/><F81/><W2/><G21/><T87/><D35/><U116/><E116/><V14/><REACH who="2" step="1"/><F25/><REACH who="2" ten="414,54,225,297" step="2"/><W22/><G2/><T85/><D120/><U19/><E19/><V75/><F75/><N who="3" m="43327" /><G22/><T6/><D123/><U48/><E48/><V42/><F42/><W37/><G37/><T89/><D83/><U18/><E18/><V132/><F132/><W26/><G26/><T50/><D30/><U92/><E92/><V69/><F69/><W64/><G64/><T103/><D28/><U39/><E39/><V100/><F100/><W107/><G107/><T114/><D103/><U78/><E78/><AGARI ba="0,1" hai="0,1,10,14,16,36,43,46,55,59,61,78,80,86" machi="78" ten="30,7700,0" yaku="1,1,7,1,52,1,54,1,53,0" doraHai="72" doraHaiUra="31" who="2" fromWho="1" sc="414,0,54,-77,225,87,297,0" owari="414,51.0,-23,-52.0,312,11.0,297,-10.0" /></mjloggm>