<mjloggm ver="2.3"><GO type="193" lobby="0"/><UN n0="%30%31%38%35%30%31%38%35" n1="%E3%83%88%E3%83%88%E3%83%AA%E5%85%88%E7%94%9F%31%39%E6%AD%B3" n2="%6B%75%70%69%70%6F" n3="%E3%81%8A%E3%81%8B%E3%81%AB%E3%81%8F%E2%99%AA" dan="10,12,12,12" rate="1583.42,1942.94,1932.48,1976.56" sx="M,F,F,M"/><TAIKYOKU oya="0"/><INIT seed="0,0,0,5,1,52" ten="250,250,250,250" oya="0" hai0="103,56,16,34,26,83,8,104,131,3,42,9,84" hai1="1,69,114,5,75,43,6,101,18,102,51,88,94" hai2="117,60,47,32,76,113,17,80,89,96,22,99,121" hai3="46,122,125,24,127,106,10,100,65,53,95,49,21"/><T124/><D131/><U82/><E69/><V41/><F113/><W134/><G122/><T39/><D124/><N who="3" m="47689" /><G134/><T72/><D72/><U111/><E114/><V63/><F121/><W120/><G120/><T19/><D39/><U70/><E70/><V2/><F32/><W126/><G126/><T40/><D104/><U109/><E18/><N who="0" m="6697" /><D3/><U0/><E51/><V98/><F117/><W14/><G65/><T115/><D115/><U132/><E43/><N who="0" m="16425" /><D34/><U91/><E132/><V54/><F89/><N who="1" m="34377" /><E82/><V27/><F2/><N who="1" m="1129" /><E94/><V85/><REACH who="2" step="1"/><F54/><REACH who="2" ten="250,250,240,250" step="2"/><W7/><G53/><T15/><D103/><N who="1" m="39435" /><E75/><V55/><F55/><W86/><G100/><T30/><D56/><U105/><E105/><V59/><F59/><W74/><G106/><T36/><D36/><AGARI ba="0,1" hai="17,22,27,36,41,47,60,63,76,80,85,96,98,99" machi="36" ten="40,2600,0" yaku="1,1,53,1" doraHai="52" doraHaiUra="13" who="2" fromWho="0" sc="250,-26,250,0,240,36,250,0" /><INIT seed="1,0,0,3,3,83" ten="224,250,276,250" oya="1" hai0="111,77,39,102,116,60,87,82,41,43,90,73,81" hai1="107,109,96,20,62,106,114,78,7,85,99,32,56" hai2="14,105,66,128,126,95,9,74,63,44,67,36,40" hai3="54,4,35,129,98,46,93,59,112,134,97,110,2"/><U61/><E114/><V92/><F105/><W55/><G112/><T104/><D116/><U31/><E32/><V29/><F74/><W115/><G115/><T108/><D104/><U117/><E117/><V26/><F128/><W68/><G68/><T15/><D60/><U75/><E75/><V123/><F123/><W131/><G35/><T52/><D15/><U130/><E130/><N who="3" m="49674" /><G110/><N who="0" m="42027" /><D39/><U11/><E109/><V113/><F113/><W45/><G134/><T70/><D70/><U58/><E106/><V103/><F103/><N who="3" m="60847" /><G98/><T51/><D102/><U86/><E107/><V48/><F126/><W72/><G72/><T69/><D69/><U38/><E38/><V10/><F36/><W57/><G4/><T50/><D50/><U33/><E33/><V135/><F135/><W42/><G2/><T37/><D37/><U24/><E99/><V120/><F120/><W71/><G71/><T64/><D64/><N who="2" m="24618" /><F63/><N who="1" m="24073" /><E96/><V1/><F1/><W19/><G19/><T25/><D25/><U17/><E17/><N who="2" m="8399" /><F10/><W8/><G8/><T23/><D23/><AGARI ba="0,0" hai="23,26,29,40,44,48,92,95" m="8399,24618" machi="23" ten="30,1000,0" yaku="8,1" doraHai="83" who="2" fromWho="0" sc="224,-10,250,0,276,10,250,0" /><INIT seed="2,0,0,4,1,34" ten="214,250,286,250" oya="2" hai0="109,102,67,8,5,47,125,46,87,38,71,50,72" hai1="4,6,89,41,97,118,73,44,10,86,43,58,111" hai2="66,135,110,60,70,14,123,63,24,101,48,134,13" hai3="106,30,52,31,53,18,32,107,99,130,17,49,95"/><V112/><F123/><W37/><G37/><T62/><D109/><U57/><E118/><V54/><F112/><W21/><G130/><T55/><D125/><U116/><E116/><V132/><F110/><W105/><G32/><T119/><D119/><U25/><E73/><V64/><F101/><W126/><G126/><T122/><D122/><U20/><E111/><V121/><F24/><W93/><G93/><T33/><D33/><U114/><E97/><V77/><F77/><W1/><G1/><T12/><D72/><U127/><E114/><V108/><F108/><W42/><G42/><T59/><D102/><U115/><E115/><V79/><F79/><W40/><G40/><T133/><D133/><U56/><E127/><V81/><F81/><W120/><G120/><T91/><REACH who="0" step="1"/><D38/><REACH who="0" ten="204,250,286,250" step="2"/><U76/><E43/><V39/><F39/><W129/><G129/><T83/><AGARI ba="0,1" hai="5,8,12,46,47,50,55,59,62,67,71,83,87,91" machi="83" ten="20,8000,1" yaku="1,1,2,1,0,1,7,1,53,1" doraHai="34" doraHaiUra="78" who="0" fromWho="0" sc="204,90,250,-20,286,-40,250,-20" /><INIT seed="3,0,0,3,3,1" ten="294,230,246,230" oya="3" hai0="53,78,125,112,15,58,16,26,98,2,119,52,94" hai1="85,24,131,13,72,134,95,75,67,111,80,123,10" hai2="60,30,46,124,135,49,29,42,106,79,113,121,71" hai3="27,130,104,34,118,63,19,37,62,77,23,47,96"/><W120/><G118/><T128/><D119/><U107/><E123/><V132/><F121/><W70/><G120/><T45/><D2/><U97/><E107/><V3/><F3/><W115/><G115/><T11/><D112/><U31/><E111/><V69/><F113/><W36/><G130/><T28/><D125/><U56/><E131/><V43/><F106/><W38/><G47/><T33/><D128/><U122/><E122/><V102/><F102/><W133/><G133/><N who="2" m="51273" /><F124/><W126/><G126/><T101/><D78/><U6/><E134/><V89/><F79/><W87/><G34/><T127/><D127/><U99/><E75/><V109/><F109/><W110/><G110/><T18/><D18/><U59/><E72/><V76/><F89/><W117/><G117/><T48/><D58/><N who="1" m="22059" /><E67/><N who="2" m="41191" /><F76/><W55/><G70/><T84/><D84/><U5/><E5/><V68/><F42/><AGARI ba="0,0" hai="11,15,16,26,28,33,42,45,48,52,53,94,98,101" machi="42" ten="30,3900,0" yaku="7,1,54,2" doraHai="1" who="0" fromWho="2" sc="294,39,230,0,246,-39,230,0" owari="333,43.0,230,3.0,207,-29.0,230,-17.0" /></mjloggm>