<mjloggm ver="2.3"><GO type="169" lobby="0"/><UN n0="%E3%81%A9%E3%81%85%E3%83%BC%E3%81%96%E3%82%93" n1="%E3%83%88%E3%83%88%E3%83%AA%E5%85%88%E7%94%9F%31%39%E6%AD%B3" n2="%6B%69%6E%67%32%33%32%33" n3="%E8%8A%B1%E6%BE%AA" dan="16,18,16,16" rate="2074.04,2224.38,2201.48,2082.78" sx="M,F,M,F"/><TAIKYOKU oya="0"/><INIT seed="0,0,0,1,2,6" ten="250,250,250,250" oya="0" hai0="31,33,14,109,18,82,106,79,111,35,8,125,44" hai1="135,118,45,84,83,23,93,56,103,76,70,123,87" hai2="119,77,25,86,10,63,7,43,115,116,48,29,16" hai3="102,74,49,68,133,42,107,80,28,3,24,95,92"/><T131/><D131/><U81/><E70/><V2/><F115/><W26/><G68/><T108/><D106/><U104/><E118/><N who="2" m="45099" /><F63/><W32/><G3/><T124/><D44/><U90/><E123/><V89/><F77/><W65/><G65/><T38/><D38/><U67/><E135/><V20/><F43/><W47/><G133/><T112/><D112/><U97/><E45/><V55/><F48/><W117/><G117/><T85/><D31/><U52/><E67/><V12/><F55/><W105/><G74/><T128/><REACH who="0" step="1"/><D128/><REACH who="0" ten="240,250,250,250" step="2"/><U62/><REACH who="1" step="1"/><E23/><REACH who="1" ten="240,240,250,250" step="2"/><N who="2" m="11655" /><F86/><W30/><G47/><T58/><D58/><U66/><E66/><V94/><F94/><AGARI ba="0,2" hai="52,56,62,76,81,83,84,87,90,93,94,97,103,104" machi="94" ten="40,2600,0" yaku="1,1,54,1,53,0" doraHai="6" doraHaiUra="61" who="1" fromWho="2" sc="240,0,240,46,250,-26,250,0" /><INIT seed="1,0,0,3,1,45" ten="240,286,224,250" oya="1" hai0="47,122,9,131,135,54,72,111,20,96,100,30,23" hai1="39,25,67,18,94,88,113,31,59,80,90,34,7" hai2="58,98,29,50,124,125,103,121,69,51,21,126,24" hai3="13,116,26,56,62,17,33,49,3,27,77,10,35"/><U12/><E113/><V71/><F121/><W42/><G116/><T2/><D122/><U43/><E7/><V86/><F86/><W104/><G104/><T76/><D111/><U22/><E39/><V112/><F112/><W68/><G68/><T38/><D131/><U123/><E123/><V84/><F84/><W128/><G128/><T64/><D64/><U119/><E119/><V81/><F81/><W28/><G3/><T15/><D2/><U93/><E43/><V63/><F58/><W5/><G77/><T102/><D135/><U6/><E80/><V92/><REACH who="2" step="1"/><F63/><REACH who="2" ten="240,286,214,250" step="2"/><W132/><G62/><T99/><D72/><U0/><E59/><V32/><F32/><W95/><G56/><T4/><D99/><U83/><E83/><V97/><F97/><W75/><G75/><T107/><D96/><U41/><E67/><V129/><F129/><W55/><G33/><T74/><D74/><U46/><E93/><V11/><F11/><W130/><G95/><T101/><D107/><U134/><E134/><V37/><F37/><W117/><G130/><T91/><D38/><N who="1" m="21815" /><E94/><V66/><F66/><W106/><G106/><T109/><D9/><AGARI ba="0,1" hai="0,6,9,12,18,22,25,31,34,88,90" m="21815" machi="9" ten="30,2900,0" yaku="24,1,54,1" doraHai="45" who="1" fromWho="0" sc="240,-29,286,39,214,0,250,0" /><INIT seed="1,1,0,2,3,119" ten="211,325,214,250" oya="1" hai0="66,83,59,55,86,4,74,99,58,0,16,21,5" hai1="41,85,56,102,35,79,2,34,60,38,111,70,7" hai2="32,126,122,17,93,72,13,69,40,135,106,101,80" hai3="88,110,43,8,53,24,30,19,121,127,96,37,1"/><U112/><E112/><V97/><F69/><W94/><G110/><T115/><D115/><U47/><E70/><V26/><F135/><W87/><G127/><T73/><D99/><U11/><E111/><V27/><F126/><W45/><G53/><T116/><D116/><U92/><E102/><V49/><F106/><W31/><G121/><T120/><D120/><U14/><E2/><V65/><F65/><W82/><G1/><T104/><D104/><U90/><REACH who="1" step="1"/><E79/><REACH who="1" ten="211,315,214,250" step="2"/><V68/><F68/><W46/><G46/><T6/><D0/><U89/><E89/><V3/><F101/><W131/><G131/><T64/><D74/><U91/><E91/><V18/><F72/><W128/><G128/><T54/><D73/><U134/><E134/><V114/><F3/><W36/><G36/><T84/><D83/><U71/><E71/><V44/><F80/><W124/><G124/><T22/><REACH who="0" step="1"/><D6/><REACH who="0" ten="201,315,214,250" step="2"/><U113/><E113/><V39/><F114/><W132/><G132/><T81/><D81/><U108/><E108/><V77/><F122/><W67/><G82/><T105/><D105/><U61/><E61/><V12/><F77/><W51/><G94/><T63/><D63/><U133/><E133/><V109/><F93/><W25/><G96/><T123/><D123/><U107/><E107/><V125/><F97/><W57/><G87/><T129/><D129/><U10/><E10/><V130/><F125/><W29/><G8/><T95/><D95/><U23/><E23/><V117/><F130/><W75/><G75/><T33/><D33/><U15/><E15/><N who="2" m="5707" /><F109/><W76/><G76/><RYUUKYOKU ba="1,2" sc="201,15,315,15,214,-15,250,-15" hai0="4,5,16,21,22,54,55,58,59,64,66,84,86" hai1="7,11,14,34,35,38,41,47,56,60,85,90,92" /><INIT seed="1,2,2,1,4,115" ten="216,330,199,235" oya="1" hai0="46,87,100,66,123,13,119,5,69,57,122,109,98" hai1="76,60,118,64,124,132,40,29,108,105,3,36,94" hai2="7,28,120,12,39,125,35,30,71,19,17,78,65" hai3="134,41,11,133,104,62,56,74,83,96,127,34,75"/><U48/><E118/><V90/><F39/><W92/><G34/><T88/><D109/><U121/><E121/><N who="0" m="46089" /><D69/><U21/><E105/><V103/><F120/><W24/><G104/><N who="0" m="63511" /><D46/><U107/><E107/><V99/><F78/><W32/><G41/><T51/><D13/><U53/><E3/><V61/><F90/><W81/><G11/><T16/><D5/><U111/><E132/><N who="3" m="50794" /><G127/><T116/><D16/><U4/><E124/><V70/><F70/><W6/><G6/><T113/><D113/><U42/><E4/><V10/><F125/><W20/><G32/><T79/><D79/><U68/><E76/><V67/><F67/><N who="3" m="39367" /><G75/><T129/><D129/><U82/><E36/><V126/><F126/><W33/><G74/><T102/><D102/><U50/><E42/><V131/><F131/><W0/><G33/><T44/><D66/><U43/><E40/><V72/><F72/><W97/><G0/><T106/><D57/><U23/><E43/><V52/><F30/><N who="3" m="17671" /><G97/><T38/><D38/><U89/><E29/><V58/><F35/><W31/><G31/><T49/><D106/><U85/><E23/><V117/><F28/><W15/><G15/><T101/><D101/><AGARI ba="2,2" hai="81,83,92,96,101" m="17671,39367,50794" machi="101" ten="30,2000,0" yaku="25,1,20,1" doraHai="115" who="3" fromWho="0" sc="216,-26,330,0,199,0,235,46" /><INIT seed="2,0,0,0,0,18" ten="190,330,199,281" oya="2" hai0="42,17,51,126,39,104,93,90,103,111,7,61,78" hai1="91,95,81,72,1,113,94,41,77,110,38,107,79" hai2="88,89,35,55,66,99,27,10,57,60,86,59,54" hai3="121,50,69,58,73,96,129,28,114,112,133,5,4"/><V127/><F127/><W67/><G121/><T52/><D126/><U16/><E1/><V0/><F0/><W20/><G73/><T36/><D111/><U84/><E113/><N who="3" m="43626" /><G129/><T132/><D132/><U40/><E110/><V109/><F109/><W130/><G130/><T63/><D7/><U22/><E107/><V85/><F99/><W128/><G128/><T47/><D78/><N who="1" m="29707" /><E38/><V117/><F117/><W83/><G133/><T8/><D103/><U2/><E2/><V116/><F116/><W56/><G96/><T34/><D34/><U45/><E72/><V74/><F74/><W23/><G83/><T30/><D30/><U11/><E11/><V6/><F35/><W97/><G97/><T115/><D115/><U101/><E101/><V87/><F27/><N who="3" m="16487" /><G23/><T19/><D104/><U76/><E45/><V65/><F10/><W49/><G69/><T25/><D8/><U21/><E21/><V48/><F6/><N who="3" m="2667" /><G67/><AGARI ba="0,0" hai="48,54,55,57,59,60,65,66,67,85,86,87,88,89" machi="67" ten="40,3900,0" yaku="8,1,54,1" doraHai="18" who="2" fromWho="3" sc="190,0,330,0,199,39,281,-39" /><INIT seed="2,1,0,1,1,75" ten="190,330,238,242" oya="2" hai0="8,20,4,98,127,48,124,54,9,67,119,128,46" hai1="35,28,93,64,6,78,43,11,68,12,106,60,87" hai2="80,97,62,25,47,10,14,132,16,92,27,111,90" hai3="18,72,110,40,41,58,0,2,39,19,3,88,5"/><V44/><F132/><W21/><G110/><T108/><D108/><U30/><E106/><V86/><F111/><W29/><G72/><T74/><D74/><U113/><E113/><V82/><F62/><W56/><G29/><T50/><D128/><U15/><E35/><V120/><F120/><W34/><G34/><T89/><D119/><U61/><E43/><V49/><F80/><W104/><G104/><T114/><D114/><U66/><E12/><V85/><F85/><W69/><G69/><T102/><D67/><U63/><E63/><V84/><F84/><W81/><G81/><T117/><D117/><U94/><E94/><V99/><F47/><W118/><G118/><T31/><D89/><U23/><E23/><V7/><F7/><W37/><G3/><T53/><D20/><U107/><E107/><V26/><REACH who="2" step="1"/><F92/><REACH who="2" ten="190,330,228,242" step="2"/><W77/><G5/><T55/><D4/><U17/><E6/><V42/><AGARI ba="1,1" hai="10,14,16,25,26,27,42,44,49,82,86,90,97,99" machi="42" ten="30,18000,2" yaku="1,1,2,1,0,1,8,1,54,1,53,1" doraHai="75" doraHaiUra="83" who="2" fromWho="2" sc="190,-61,330,-61,228,193,242,-61" /><INIT seed="2,2,0,4,2,17" ten="129,269,421,181" oya="2" hai0="43,86,14,8,11,94,106,66,32,76,0,5,125" hai1="81,1,119,25,40,37,111,49,130,135,90,112,87" hai2="13,115,58,122,131,20,128,114,83,103,78,23,105" hai3="62,34,104,126,85,120,51,60,42,27,54,118,100"/><V75/><F122/><W133/><G118/><T132/><D106/><U63/><E112/><V71/><F71/><W28/><G120/><T110/><D110/><U44/><E119/><V82/><F58/><W102/><G126/><T107/><D107/><U39/><E1/><V35/><F35/><W121/><G121/><T77/><D132/><U24/><E135/><V67/><F67/><W4/><G133/><T9/><D125/><U59/><E111/><V30/><F83/><W41/><G4/><T113/><D113/><N who="2" m="43018" /><F30/><W98/><G102/><T124/><D124/><U74/><E130/><N who="2" m="49707" /><F13/><W89/><G62/><T80/><D66/><U117/><E74/><V96/><AGARI ba="2,0" hai="20,23,75,78,82,96,103,105" m="49707,43018" machi="96" ten="40,7800,0" yaku="19,1,52,2" doraHai="17" who="2" fromWho="2" sc="129,-28,269,-28,421,84,181,-28" /><INIT seed="2,3,0,3,2,50" ten="101,241,505,153" oya="2" hai0="87,83,4,26,124,97,22,27,121,66,110,55,47" hai1="45,122,119,48,125,131,0,10,21,57,128,38,5" hai2="43,104,102,68,107,12,82,36,67,69,9,64,135" hai3="106,63,76,11,65,89,51,33,32,46,31,132,20"/><V8/><F135/><W2/><G106/><T90/><D110/><U52/><E119/><V54/><F82/><W75/><G132/><T91/><D121/><U94/><E122/><V114/><F102/><W19/><G76/><T95/><D124/><U100/><E125/><V129/><F54/><W24/><G75/><T6/><D66/><U99/><E21/><V44/><F114/><W42/><G89/><T3/><D3/><U112/><E112/><V1/><F129/><N who="1" m="49737" /><E38/><V70/><F1/><W17/><G2/><T16/><D27/><U84/><E84/><V80/><F80/><W86/><G86/><T23/><D23/><U62/><E62/><V134/><F134/><W41/><G41/><T40/><D40/><U39/><E39/><V88/><F88/><W28/><G11/><T113/><D113/><U96/><E96/><V29/><F29/><W61/><G61/><T25/><D25/><U103/><E103/><V93/><F93/><W92/><G92/><T79/><D79/><U116/><E116/><V118/><F118/><W15/><G15/><T117/><D117/><U101/><E101/><V74/><F74/><W111/><G111/><T81/><D81/><U35/><E35/><V7/><REACH who="2" step="1"/><F8/><REACH who="2" ten="101,241,495,153" step="2"/><W120/><G120/><T37/><D37/><U109/><E109/><V60/><F60/><W77/><G77/><T71/><D71/><U73/><E73/><V133/><F133/><W108/><G108/><T34/><D34/><U53/><E53/><V85/><F85/><W58/><G31/><T78/><D90/><U59/><AGARI ba="3,1" hai="0,5,10,45,48,52,57,59,94,99,100" m="49737" machi="59" ten="30,4000,0" yaku="19,1,52,1,54,1" doraHai="50" who="1" fromWho="1" sc="101,-13,241,59,495,-23,153,-13" /><INIT seed="3,0,0,3,2,71" ten="88,300,472,140" oya="3" hai0="31,115,35,57,49,113,131,59,4,89,66,10,18" hai1="86,43,97,26,14,8,11,61,6,81,103,133,102" hai2="20,105,54,94,95,21,1,24,79,91,99,73,23" hai3="37,123,77,28,55,63,90,134,129,25,62,74,34"/><W84/><G123/><T104/><D104/><U27/><E133/><V111/><F1/><W87/><G37/><T125/><D131/><U112/><E112/><N who="0" m="43081" /><D125/><U110/><E110/><V72/><F105/><W132/><G129/><T22/><D89/><U85/><E8/><V83/><F111/><W75/><G55/><T33/><D66/><U135/><E135/><N who="3" m="51754" /><G87/><T118/><D118/><U42/><E86/><V124/><F124/><W67/><G77/><T3/><D49/><U68/><E61/><N who="3" m="23050" /><G67/><T121/><D121/><U15/><E68/><V93/><F72/><W53/><G53/><T120/><D120/><U106/><E102/><V117/><F117/><W60/><N who="3" m="23058" /><W78/><DORA hai="5" /><G78/><T17/><D57/><U56/><E56/><V0/><F0/><W76/><G76/><T65/><D59/><U69/><E69/><V16/><F54/><W126/><G126/><T80/><D80/><AGARI ba="0,0" hai="25,28,34,74,75,80,84,90" m="23058,51754" machi="80" ten="40,2000,0" yaku="20,1" doraHai="71,5" who="3" fromWho="0" sc="88,-20,300,0,472,0,140,20" /><INIT seed="3,1,0,0,3,125" ten="68,300,472,160" oya="3" hai0="32,26,70,129,16,108,39,95,89,21,24,122,74" hai1="69,86,73,120,34,99,68,71,0,13,94,47,38" hai2="12,64,53,67,78,77,43,4,133,7,66,134,75" hai3="76,56,131,93,130,33,58,84,107,104,49,29,19"/><W9/><G29/><T15/><D122/><U59/><E120/><V55/><F75/><W80/><G33/><T31/><D108/><U106/><E0/><V100/><F100/><W36/><G36/><T102/><D74/><U82/><E34/><V52/><F43/><W87/><G104/><T72/><D72/><U124/><E124/><V119/><F119/><W121/><G121/><T110/><D110/><U2/><E2/><V65/><F65/><W135/><G107/><T91/><D70/><U111/><E111/><V60/><F60/><W17/><G135/><N who="2" m="51721" /><F12/><N who="3" m="7311" /><G19/><T115/><D39/><U117/><E117/><V113/><F113/><W41/><G41/><T37/><D115/><U10/><E106/><V98/><F98/><W6/><G6/><AGARI ba="1,0" hai="4,6,7,52,53,55,64,66,67,77,78" m="51721" machi="6" ten="40,8000,1" yaku="28,2,20,1,54,1" doraHai="125" who="2" fromWho="3" sc="68,0,300,0,472,83,160,-83" /><INIT seed="4,0,0,3,2,2" ten="68,300,555,77" oya="0" hai0="129,12,22,78,17,87,59,56,76,119,106,49,83" hai1="91,127,101,15,4,28,113,61,33,38,73,132,45" hai2="135,64,42,103,68,70,9,54,21,94,100,92,125" hai3="96,79,80,88,85,29,112,52,123,26,25,18,6"/><T95/><D119/><U7/><E73/><V84/><F42/><W3/><G112/><T32/><D32/><U44/><E132/><V93/><F125/><W110/><G110/><T10/><D106/><U134/><E134/><V1/><F135/><W27/><G123/><T13/><D129/><U90/><E127/><V72/><F72/><W122/><G122/><T11/><D78/><U8/><E113/><V133/><F133/><W69/><G69/><T62/><D95/><U53/><E101/><V20/><F84/><W5/><G3/><T74/><D74/><U86/><E28/><V126/><F126/><W81/><G29/><T89/><D76/><U104/><E33/><V121/><F54/><W16/><G52/><N who="0" m="31759" /><D13/><U114/><E104/><V65/><F121/><W67/><G67/><AGARI ba="0,0" hai="10,11,12,17,22,59,62,67,83,87,89" m="31759" machi="67" ten="30,2900,0" yaku="8,1,54,1" doraHai="2" who="0" fromWho="3" sc="68,29,300,0,555,0,77,-29" /><INIT seed="4,1,0,4,2,59" ten="97,300,555,48" oya="0" hai0="7,124,86,48,56,70,17,87,3,13,129,101,28" hai1="96,63,65,21,31,12,37,54,6,22,45,1,80" hai2="44,114,72,55,23,67,29,69,0,39,25,60,135" hai3="27,38,36,71,84,103,93,4,47,123,61,92,20"/><T11/><D129/><U42/><E1/><V111/><F111/><W18/><G123/><T130/><D130/><U125/><E125/><V8/><F72/><W113/><G113/><T112/><D112/><U78/><E31/><V77/><F114/><W83/><G4/><T57/><D124/><U109/><E109/><V66/><F77/><W16/><G103/><T122/><D70/><U73/><E54/><V49/><F135/><W30/><G38/><T62/><D122/><U94/><E12/><V5/><F66/><W46/><G36/><T15/><D101/><U35/><E6/><V32/><REACH who="2" step="1"/><F39/><REACH who="2" ten="97,300,545,48" step="2"/><W14/><G18/><T52/><D3/><U74/><E74/><V76/><F76/><W95/><G71/><T81/><D28/><U85/><E73/><V33/><AGARI ba="1,1" hai="0,5,8,23,25,29,32,33,44,49,55,60,67,69" machi="33" ten="30,4000,0" yaku="1,1,0,1,52,1,53,0" doraHai="59" doraHaiUra="90" who="2" fromWho="2" sc="97,-21,300,-11,545,53,48,-11" /><INIT seed="5,0,0,2,5,13" ten="76,289,598,37" oya="1" hai0="19,32,61,110,41,129,135,29,106,124,97,133,74" hai1="9,99,132,81,63,62,100,121,22,15,39,57,64" hai2="119,107,33,131,12,90,17,105,78,98,73,68,58" hai3="103,1,95,85,37,45,24,117,5,16,44,18,108"/><U76/><E121/><V122/><F98/><W127/><G108/><T36/><D110/><U87/><E39/><V10/><F17/><W66/><G127/><T27/><D124/><U52/><E132/><N who="0" m="50761" /><D129/><U104/><E22/><V4/><F58/><W21/><G117/><T14/><D74/><U25/><E25/><V51/><F90/><W80/><G66/><T48/><D61/><U35/><E35/><V46/><F12/><W49/><G37/><T69/><D69/><U116/><E116/><V101/><F51/><W56/><G5/><T31/><D31/><U20/><E20/><V0/><F101/><W112/><G1/><T79/><D79/><U91/><E76/><V67/><F10/><W47/><G112/><T43/><D48/><U30/><E30/><V65/><F67/><W128/><G128/><T77/><D77/><U3/><E3/><V114/><F78/><N who="3" m="46231" /><G103/><N who="0" m="62831" /><D36/><U59/><E104/><V89/><F107/><W11/><G95/><T94/><D94/><U42/><E99/><V120/><F122/><W71/><G71/><T53/><D53/><U84/><E100/><V54/><F120/><W70/><G70/><T38/><D38/><U102/><E102/><V125/><F119/><W2/><G2/><T113/><D113/><U126/><E126/><V115/><F114/><W50/><G56/><T8/><AGARI ba="0,0" hai="8,14,19,27,29,32,41,43" m="62831,50761" machi="8" ten="30,2000,0" yaku="20,1,52,1" doraHai="13" who="0" fromWho="0" sc="76,20,289,-10,598,-5,37,-5" /><INIT seed="6,0,0,5,1,41" ten="96,279,593,32" oya="2" hai0="95,107,15,106,96,48,8,63,132,97,134,121,6" hai1="93,116,92,70,103,127,98,25,54,124,14,65,22" hai2="50,42,59,37,102,126,94,125,120,72,2,9,115" hai3="83,90,29,67,3,44,52,79,16,109,82,114,111"/><V60/><F60/><W84/><G3/><T30/><D121/><U18/><E116/><V32/><F102/><W46/><G67/><T69/><D30/><U38/><E38/><V128/><F32/><W77/><G29/><T135/><D69/><U12/><E92/><V24/><F59/><W76/><G114/><T73/><D73/><U133/><E133/><V56/><F94/><W51/><G111/><T11/><D63/><N who="1" m="40255" /><E54/><V81/><F24/><W31/><G109/><T43/><D11/><U104/><E104/><N who="0" m="39977" /><D95/><U40/><E40/><V4/><F42/><W66/><G66/><T110/><D110/><U89/><E103/><V39/><F81/><N who="3" m="49423" /><G31/><T33/><D33/><U1/><E1/><V13/><F2/><W62/><G62/><T36/><D36/><U112/><E112/><V10/><F9/><W85/><G16/><T131/><D131/><U119/><E119/><V91/><F115/><W87/><G79/><T34/><D34/><U74/><E74/><V99/><F128/><W61/><G61/><T64/><D64/><U71/><E71/><V118/><F72/><W88/><G77/><T55/><D43/><U113/><E113/><V26/><F118/><W68/><G68/><T58/><AGARI ba="0,0" hai="6,8,15,48,55,58,96,97,132,134,135" m="39977" machi="58" ten="40,1500,0" yaku="20,1" doraHai="41" who="0" fromWho="0" sc="96,15,279,-4,593,-7,32,-4" /><INIT seed="7,0,0,3,0,15" ten="111,275,586,28" oya="3" hai0="81,116,82,125,114,62,54,85,115,133,7,55,13" hai1="29,45,18,41,9,66,98,128,1,27,69,127,86" hai2="79,33,16,91,83,32,12,34,49,47,37,4,28" hai3="135,99,75,38,122,108,92,8,57,36,2,74,39"/><W134/><G122/><T123/><D116/><U64/><E128/><V76/><F37/><W109/><G57/><T43/><D123/><U14/><E127/><V131/><F131/><W42/><G42/><T23/><D125/><U118/><E118/><V96/><F4/><W95/><G8/><N who="0" m="4255" /><D133/><N who="3" m="50697" /><G2/><T126/><D126/><U102/><E1/><V106/><F28/><W87/><G87/><T88/><D81/><U56/><E69/><V31/><F31/><W52/><G52/><N who="0" m="20011" /><D62/><U84/><E56/><V51/><F34/><W60/><G60/><T44/><D23/><U100/><E84/><V97/><F33/><W68/><G68/><T113/><D43/><U10/><E86/><V110/><F32/><W111/><G99/><T46/><AGARI ba="0,0" hai="44,46,82,85,88,113,114,115" m="20011,4255" machi="46" ten="40,8000,1" yaku="15,1,11,1,54,2" doraHai="15" who="0" fromWho="0" sc="111,80,275,-20,586,-20,28,-40" owari="191,-21.0,255,6.0,566,66.0,-12,-51.0" /></mjloggm>