<mjloggm ver="2.3"><GO type="193" lobby="0"/><UN n0="%77%61%66%32%34" n1="%E3%82%A2%E3%83%AB%E3%83%9E%E3%83%BC%E3%83%8B" n2="%E3%83%88%E3%83%88%E3%83%AA%E5%85%88%E7%94%9F%31%39%E6%AD%B3" n3="%61%6B%69%6B%61%77%61%32" dan="10,12,12,13" rate="1734.01,1749.04,1850.59,1805.51" sx="M,M,F,M"/><TAIKYOKU oya="0"/><INIT seed="0,0,0,5,3,7" ten="250,250,250,250" oya="0" hai0="69,57,60,15,133,116,30,127,112,65,43,25,100" hai1="76,53,37,120,55,4,73,36,3,33,106,101,104" hai2="27,10,74,63,92,66,93,64,61,123,118,8,34" hai3="111,130,39,50,18,47,58,115,29,132,102,2,107"/><T113/><D116/><U23/><E120/><V12/><F123/><W124/><G115/><T5/><D133/><U109/><E33/><V105/><F105/><W114/><G124/><T68/><D127/><U40/><E109/><V45/><F74/><W108/><G114/><T117/><D117/><U16/><E40/><V11/><F118/><W59/><G2/><T82/><D43/><U9/><E37/><V128/><F128/><W84/><G130/><T134/><D134/><U67/><E36/><V99/><F45/><W75/><G39/><T81/><D100/><U86/><E73/><V77/><F77/><W24/><G75/><T78/><D112/><U110/><E110/><N who="3" m="42026" /><G18/><T119/><D119/><U22/><E67/><N who="2" m="25643" /><F34/><N who="3" m="20775" /><G84/><T89/><D113/><U1/><E1/><V26/><F12/><W103/><G132/><T79/><D68/><U71/><E71/><V131/><F131/><W88/><G107/><T125/><D125/><U28/><E28/><V95/><F99/><W135/><G135/><T49/><D69/><U13/><E23/><V54/><F54/><N who="3" m="30047" /><G88/><T38/><D38/><U122/><E122/><V42/><F42/><W70/><G70/><T129/><D129/><U35/><E35/><V46/><F46/><W51/><G51/><T20/><D89/><U6/><E106/><V91/><F91/><W87/><G87/><T97/><D97/><U21/><E104/><V56/><F56/><AGARI ba="0,0" hai="56,58,59,102,103" m="30047,20775,42026" machi="56" ten="30,1000,0" yaku="14,1" doraHai="7" who="3" fromWho="2" sc="250,0,250,0,250,-10,250,10" /><INIT seed="1,0,0,3,2,133" ten="250,250,240,260" oya="1" hai0="58,114,16,132,100,50,93,3,86,111,27,68,96" hai1="87,91,83,126,120,6,11,15,108,5,129,131,77" hai2="21,85,20,23,73,30,59,84,48,46,127,29,70" hai3="28,66,75,19,89,45,35,10,65,81,26,123,64"/><U71/><E120/><V18/><F70/><W55/><G123/><T40/><D114/><U1/><E71/><V49/><F73/><W97/><G75/><T14/><D68/><U56/><E108/><V25/><F127/><W38/><G97/><T125/><D125/><U76/><E126/><V53/><F29/><W79/><G79/><T60/><D111/><U17/><E56/><V31/><F31/><W124/><G124/><T4/><D132/><U102/><E102/><V112/><F112/><W57/><G38/><T54/><D3/><U92/><E76/><V116/><F116/><W99/><G99/><T107/><D107/><U98/><REACH who="1" step="1"/><E1/><REACH who="1" ten="250,240,240,260" step="2"/><V13/><REACH who="2" step="1"/><F23/><REACH who="2" ten="250,240,230,260" step="2"/><N who="3" m="13695" /><G35/><T118/><D118/><U117/><E117/><V33/><F33/><W115/><G115/><T69/><D69/><U122/><E122/><V42/><AGARI ba="0,2" hai="13,18,20,21,25,30,42,46,48,49,53,59,84,85" machi="42" ten="20,5200,0" yaku="1,1,0,1,7,1,8,1,53,0" doraHai="133" doraHaiUra="94" who="2" fromWho="2" sc="250,-13,240,-26,230,72,260,-13" /><INIT seed="2,0,0,0,4,27" ten="237,214,302,247" oya="2" hai0="50,132,63,53,99,111,6,135,16,40,89,90,72" hai1="133,56,82,49,110,119,11,104,52,128,125,51,83" hai2="7,1,130,25,113,122,76,18,28,91,126,116,108" hai3="106,86,92,95,80,134,114,43,46,66,24,121,101"/><V57/><F113/><W58/><G121/><T55/><D72/><U129/><E119/><V97/><F122/><W21/><G134/><T105/><D105/><U45/><E104/><V70/><F116/><W54/><G114/><T112/><D112/><U115/><E115/><V36/><F70/><W39/><G106/><T75/><D75/><U30/><E133/><N who="0" m="51273" /><D6/><U22/><E110/><V37/><F108/><W17/><G101/><T100/><D111/><U34/><E34/><V71/><F71/><W74/><G74/><T103/><D99/><U107/><E107/><V14/><F130/><N who="1" m="50281" /><E11/><V38/><F126/><W117/><G66/><T102/><D40/><N who="1" m="24743" /><E125/><V8/><F76/><W48/><REACH who="3" step="1"/><G117/><REACH who="3" ten="237,214,302,237" step="2"/><T69/><D69/><U127/><E127/><V4/><F1/><W29/><G29/><T124/><D124/><U44/><E44/><V61/><F28/><W84/><G84/><T64/><D103/><U3/><E3/><V96/><F96/><W10/><G10/><T67/><D102/><U87/><E87/><V73/><F73/><W33/><G33/><T123/><D123/><U131/><E131/><V78/><F97/><W35/><G35/><T59/><D100/><U31/><E22/><V0/><F0/><W2/><G2/><T9/><D64/><U88/><E88/><AGARI ba="0,1" hai="17,21,24,39,43,46,48,54,58,80,86,88,92,95" machi="88" ten="30,3900,0" yaku="1,1,7,1,54,1,53,0" doraHai="27" doraHaiUra="26" who="3" fromWho="1" sc="237,0,214,-39,302,0,237,49" /><INIT seed="3,0,0,3,2,66" ten="237,175,302,286" oya="3" hai0="33,8,109,36,49,57,69,62,90,88,10,81,85" hai1="121,108,71,116,23,73,110,82,63,129,84,126,43" hai2="52,20,2,27,99,77,106,54,48,91,55,32,61" hai3="83,72,7,74,42,119,79,103,46,76,87,60,112"/><W13/><G119/><T122/><D122/><U125/><E23/><V56/><F2/><W92/><G112/><T12/><D33/><U26/><E26/><V50/><F32/><W96/><G60/><T124/><D36/><U39/><E73/><V127/><F127/><N who="1" m="48649" /><E84/><V17/><F77/><W34/><G34/><T120/><D120/><U128/><E121/><V130/><F130/><N who="1" m="50281" /><E82/><V37/><F37/><W135/><G135/><T70/><D109/><U75/><E75/><V16/><F17/><W94/><G92/><T104/><D104/><U93/><E93/><N who="2" m="56767" /><F106/><W100/><G100/><T115/><D124/><U24/><E24/><V67/><AGARI ba="0,0" hai="16,20,27,48,50,52,54,55,56,61,67" m="56767" machi="67" ten="30,4000,0" yaku="8,1,54,2" doraHai="66" who="2" fromWho="2" sc="237,-10,175,-10,302,40,286,-20" owari="227,-17.0,165,-33.0,342,43.0,266,7.0" /></mjloggm>