<mjloggm ver="2.3"><GO type="97" lobby="0"/><UN n0="%63%68%69%6E%75%35%30" n1="%E3%83%88%E3%83%88%E3%83%AA%E5%85%88%E7%94%9F%31%39%E6%AD%B3" n2="%E3%82%AA%E3%83%9F%E3%83%8A%E3%82%A8%E3%82%B7" n3="%E3%81%97%E3%82%87%E3%81%86%E3%82%8A%E3%82%93%E3%81%B9%E3%82%93" dan="14,15,13,14" rate="1996.30,2020.69,1899.02,1923.47" sx="M,F,M,M"/><TAIKYOKU oya="0"/><INIT seed="0,0,0,1,0,46" ten="250,250,250,250" oya="0" hai0="67,44,15,133,41,24,94,78,123,132,116,62,90" hai1="10,111,27,1,38,3,114,57,112,77,14,16,23" hai2="47,89,106,54,125,68,102,91,104,49,9,131,28" hai3="134,52,43,11,64,40,129,84,71,86,25,121,26"/><T7/><D123/><U60/><E38/><V109/><F68/><W4/><G121/><T99/><D116/><U55/><E77/><V76/><F131/><W13/><G129/><T61/><D78/><U135/><E111/><V22/><F109/><W88/><G134/><N who="0" m="51819" /><D24/><N who="3" m="9321" /><G64/><T0/><D0/><U32/><E135/><V5/><F28/><W42/><G71/><T97/><D97/><U20/><E20/><V74/><F22/><W80/><G86/><T63/><D15/><U82/><E82/><V79/><F125/><W122/><G122/><T12/><D12/><U17/><REACH who="1" step="1"/><E32/><REACH who="1" ten="250,240,250,250" step="2"/><V95/><F76/><W56/><G40/><T117/><D7/><U107/><E107/><V119/><F106/><W36/><G36/><N who="0" m="21543" /><D117/><U87/><E87/><V70/><F119/><W96/><G96/><T6/><D6/><U37/><E37/><V39/><F39/><W128/><G128/><T100/><D67/><U69/><E69/><V29/><F70/><W124/><G124/><T45/><D45/><U126/><E126/><V120/><F120/><W98/><G98/><T35/><D35/><U58/><E58/><V127/><F127/><W115/><G115/><AGARI ba="0,1" hai="1,3,10,14,16,17,23,27,55,57,60,112,114,115" machi="115" ten="40,8000,1" yaku="1,1,11,1,54,1,53,1" doraHai="46" doraHaiUra="59" who="1" fromWho="3" sc="250,0,240,90,250,0,250,-80" /><INIT seed="1,0,0,0,1,85" ten="250,330,250,170" oya="1" hai0="115,125,41,117,5,91,128,92,119,121,116,6,102" hai1="25,39,44,10,13,37,82,97,113,19,83,29,38" hai2="22,52,124,105,80,34,11,75,61,62,123,9,20" hai3="130,50,106,12,70,131,69,4,120,81,103,107,78"/><U54/><E113/><V18/><F34/><W127/><G120/><T56/><D41/><U60/><E97/><V93/><F105/><W35/><G35/><T109/><D115/><U71/><E44/><V122/><F124/><W46/><G127/><T132/><D125/><U126/><E126/><V23/><F93/><W118/><G118/><T57/><D121/><U66/><REACH who="1" step="1"/><E54/><REACH who="1" ten="250,320,250,170" step="2"/><V108/><F123/><W33/><G33/><AGARI ba="0,1" hai="10,13,19,25,29,33,37,38,39,60,66,71,82,83" machi="33" ten="40,7700,0" yaku="1,1,2,1,53,1" doraHai="85" doraHaiUra="67" who="1" fromWho="3" sc="250,0,320,87,250,0,170,-77" /><INIT seed="1,1,0,4,3,46" ten="250,407,250,93" oya="1" hai0="22,122,62,52,64,77,95,67,2,117,13,93,134" hai1="97,90,70,29,91,25,78,109,82,94,118,60,111" hai2="84,83,130,45,7,101,15,110,100,131,80,128,115" hai3="113,72,21,132,55,49,133,20,42,76,32,37,68"/><U3/><E118/><V75/><F115/><W17/><G32/><T18/><D2/><U107/><E3/><V8/><F75/><W59/><G68/><T38/><D38/><U114/><E114/><V86/><F110/><N who="1" m="41993" /><E107/><V92/><F45/><N who="3" m="23759" /><G113/><T106/><D106/><U50/><E50/><V53/><F53/><W103/><G103/><N who="2" m="39497" /><F15/><W120/><G120/><T48/><D122/><U58/><E70/><V41/><F41/><W9/><G9/><T112/><D112/><U23/><E94/><V34/><F34/><W73/><G76/><T126/><D126/><U19/><E97/><V105/><F105/><W127/><G127/><T102/><D117/><U14/><E82/><N who="2" m="31275" /><F8/><W116/><G116/><T4/><D134/><N who="3" m="51817" /><G20/><T66/><D4/><U33/><E78/><V98/><F7/><W108/><G108/><T121/><D121/><U44/><E44/><V63/><F63/><W71/><G71/><T27/><D77/><U54/><AGARI ba="1,0" hai="14,19,23,25,29,33,54,58,60,90,91" m="41993" machi="54" ten="30,3000,0" yaku="14,1,10,1" doraHai="46" who="1" fromWho="1" sc="250,-11,407,33,250,-11,93,-11" /><INIT seed="1,2,0,0,2,23" ten="239,440,239,82" oya="1" hai0="69,113,106,51,16,59,48,107,74,17,11,85,29" hai1="78,25,110,126,130,96,71,64,112,127,118,95,45" hai2="32,22,114,97,76,87,125,101,104,88,80,43,103" hai3="2,135,26,41,40,67,35,91,82,73,129,108,3"/><U133/><E118/><V14/><F32/><W21/><G35/><T8/><D74/><U7/><E112/><V122/><F122/><W20/><G135/><T66/><D113/><U90/><E133/><V98/><F114/><W37/><G108/><T72/><D72/><U109/><E130/><V24/><F43/><W116/><G116/><T75/><D75/><U84/><E7/><V27/><F125/><N who="1" m="47625" /><E45/><V9/><F22/><W55/><G129/><T31/><D69/><U62/><E25/><V5/><F76/><W49/><G67/><T54/><D54/><U4/><E4/><V79/><F79/><W124/><G124/><T42/><D85/><U134/><E134/><V28/><F28/><W6/><G6/><T121/><D59/><U99/><E78/><V34/><F34/><W44/><G40/><T81/><D42/><U63/><E63/><V38/><F38/><W77/><G91/><T52/><D52/><U39/><E39/><V132/><F132/><W57/><REACH who="3" step="1"/><G21/><REACH who="3" ten="239,440,239,72" step="2"/><T120/><REACH who="0" step="1"/><D81/><REACH who="0" ten="229,440,239,72" step="2"/><U12/><E110/><V100/><F100/><W19/><AGARI ba="2,2" hai="2,3,19,20,26,37,41,44,49,55,57,73,77,82" machi="19" ten="20,8000,1" yaku="1,1,2,1,0,1,7,1,52,1,53,0" doraHai="23" doraHaiUra="56" who="3" fromWho="3" sc="229,-22,440,-42,239,-22,72,106" /><INIT seed="2,0,0,1,0,29" ten="207,398,217,178" oya="2" hai0="68,12,41,44,27,82,58,33,105,103,17,95,83" hai1="132,13,126,107,64,37,73,52,79,135,0,22,101" hai2="125,11,15,112,60,72,104,14,75,39,19,85,97" hai3="88,120,35,63,66,25,110,94,87,53,26,89,62"/><V40/><F112/><W114/><G120/><T6/><D68/><U54/><E37/><V59/><F125/><W90/><G110/><T106/><D6/><U18/><E0/><V121/><F121/><W23/><G114/><T130/><D130/><U108/><E108/><V76/><F40/><W42/><G42/><T31/><D58/><U84/><E73/><V30/><F30/><W32/><G63/><T4/><D4/><U21/><E126/><V117/><F39/><W119/><G119/><T10/><D105/><U9/><E64/><V109/><F117/><W38/><G38/><T7/><D106/><U127/><E127/><V99/><F109/><W74/><G53/><N who="1" m="20586" /><E101/><V124/><F85/><W1/><G74/><T111/><D111/><U55/><E107/><V113/><F113/><W98/><G26/><T70/><D70/><U116/><E55/><V50/><F124/><W118/><G90/><T93/><D93/><U134/><E116/><V67/><F104/><W122/><G1/><T36/><D103/><U20/><E84/><V61/><F76/><AGARI ba="0,0" hai="9,13,18,20,21,22,76,79,132,134,135" m="20586" machi="76" ten="40,2600,0" yaku="20,1,54,1" doraHai="29" who="1" fromWho="2" sc="207,0,398,26,217,-26,178,0" /><INIT seed="3,0,0,2,5,55" ten="207,424,191,178" oya="3" hai0="110,127,75,30,93,106,3,60,125,56,13,103,82" hai1="115,98,107,10,96,11,108,78,50,83,44,29,9" hai2="73,61,15,126,76,26,104,86,123,71,52,49,23" hai3="111,81,28,59,130,37,91,121,19,135,122,95,99"/><W62/><G37/><T131/><D3/><U77/><E115/><V102/><F123/><W58/><G135/><T89/><D30/><U0/><E0/><V112/><F112/><W27/><G130/><T48/><D131/><U66/><E108/><V129/><F129/><W128/><G111/><T124/><D110/><U64/><E107/><V24/><F126/><W4/><G128/><T72/><D48/><U67/><E29/><V21/><F73/><W47/><G121/><T41/><D41/><N who="1" m="24847" /><E83/><V63/><F71/><W65/><G122/><T16/><D82/><U88/><E88/><V120/><F15/><W113/><G113/><T84/><D103/><U1/><E1/><V51/><F102/><N who="3" m="60799" /><G47/><T53/><D106/><U92/><E92/><V114/><F104/><W6/><G28/><T14/><D14/><U97/><AGARI ba="0,0" hai="9,10,11,64,66,67,77,78,96,97,98" m="24847" machi="97" ten="40,5200,0" yaku="29,2,8,1" doraHai="55" who="1" fromWho="1" sc="207,-13,424,52,191,-13,178,-26" owari="194,-1.0,476,58.0,178,-22.0,152,-35.0" /></mjloggm>