<mjloggm ver="2.3"><GO type="225" lobby="0"/><UN n0="%EF%BC%8A%E3%81%A9%E3%82%89%E3%81%BF%EF%BC%8A" n1="%E5%B7%B7%E3%81%AE%E6%89%93%E3%81%A1%E6%89%8B" n2="%E3%83%88%E3%83%88%E3%83%AA%E5%85%88%E7%94%9F%31%39%E6%AD%B3" n3="%E6%9D%89%E6%B5%A6%E7%B6%BE%E4%B9%83%76" dan="18,16,17,16" rate="2130.86,2090.10,2186.81,2093.46" sx="M,M,F,M"/><TAIKYOKU oya="0"/><INIT seed="0,0,0,4,2,37" ten="250,250,250,250" oya="0" hai0="27,112,45,24,44,10,18,23,4,96,35,8,67" hai1="88,62,25,91,49,51,32,117,56,83,98,127,79" hai2="107,74,90,119,131,19,66,84,118,42,3,40,30" hai3="106,41,70,95,21,52,121,26,104,114,63,65,16"/><T72/><D112/><U133/><E117/><N who="2" m="44555" /><F131/><W15/><G114/><T34/><D67/><U94/><E133/><V103/><F74/><W64/><G121/><T55/><D72/><U92/><E127/><V14/><F3/><W124/><G124/><T76/><D76/><U86/><E32/><V57/><F30/><W11/><G65/><T38/><D96/><N who="1" m="57351" /><E25/><V60/><F103/><W2/><G2/><T6/><D38/><U31/><E31/><V82/><F107/><W39/><G95/><T116/><D116/><U9/><E9/><AGARI ba="0,0" hai="9,14,19,40,42,57,60,66,82,84,90" m="44555" machi="9" ten="30,3900,0" yaku="12,1,52,2" doraHai="37" who="2" fromWho="1" sc="250,0,250,-39,250,39,250,0" /><INIT seed="1,0,0,5,2,18" ten="250,211,289,250" oya="1" hai0="30,25,29,122,111,63,129,24,65,2,46,52,96" hai1="23,36,35,47,87,92,44,33,9,108,114,21,118" hai2="86,112,42,133,88,6,103,14,109,93,115,64,51" hai3="60,59,28,15,106,78,34,1,10,7,27,73,19"/><U97/><E114/><N who="2" m="43563" /><F109/><W41/><G106/><T62/><D2/><U50/><E118/><V107/><F133/><W110/><G110/><T68/><D111/><U38/><E108/><V13/><F6/><W131/><G131/><T105/><D129/><U69/><E69/><V4/><F4/><W113/><G113/><T32/><D122/><U76/><E9/><V77/><F64/><W100/><G100/><T134/><D134/><U11/><E11/><V124/><F124/><W126/><G126/><T3/><D3/><U81/><E35/><V74/><F42/><W17/><G41/><T20/><D62/><U104/><E33/><V117/><F51/><W127/><G127/><T120/><D120/><U31/><E104/><V90/><F90/><W75/><G78/><T121/><D121/><U56/><E36/><V40/><F40/><W125/><G125/><T72/><D72/><U70/><E70/><V80/><F117/><W98/><G98/><AGARI ba="0,0" hai="13,14,74,77,80,86,88,93,98,103,107" m="43563" machi="98" ten="30,3900,0" yaku="24,1,11,1,54,1" doraHai="18" who="2" fromWho="3" sc="250,0,211,0,289,39,250,-39" /><INIT seed="2,0,0,2,4,116" ten="250,211,328,211" oya="2" hai0="53,46,12,48,51,37,38,111,106,121,75,92,114" hai1="123,59,62,3,54,43,100,80,60,118,133,2,101" hai2="88,102,32,20,135,89,122,77,8,76,83,127,94" hai3="0,81,91,86,49,22,28,27,14,33,17,36,61"/><V5/><F122/><W97/><G36/><T110/><D106/><U10/><E118/><V56/><F32/><W119/><G119/><T42/><D75/><U31/><E133/><V69/><F69/><W72/><G72/><T21/><D92/><U44/><E123/><V128/><F128/><W105/><G49/><T104/><D104/><U131/><E131/><V87/><F127/><W78/><G61/><T24/><D12/><U13/><E31/><V98/><F135/><W71/><G71/><T35/><D35/><U64/><E80/><V93/><F56/><W23/><G0/><T130/><D130/><U82/><E82/><V73/><F20/><W132/><G132/><T129/><D121/><U16/><E3/><V95/><F8/><W70/><G70/><T41/><D114/><U115/><E115/><V26/><F26/><W7/><G7/><T30/><D129/><U67/><E2/><V25/><F25/><W108/><G108/><N who="0" m="41515" /><D41/><U126/><E126/><V47/><F47/><AGARI ba="0,0" hai="21,24,30,37,38,42,46,47,48,51,53" m="41515" machi="47" ten="30,1000,0" yaku="14,1" doraHai="116" who="0" fromWho="2" sc="250,10,211,0,328,-10,211,0" /><INIT seed="3,0,0,1,2,129" ten="260,211,318,211" oya="3" hai0="10,68,132,128,71,30,113,1,95,64,58,83,124" hai1="44,69,23,90,45,21,91,38,111,33,14,103,127" hai2="84,134,100,41,67,122,31,39,22,51,52,7,12" hai3="117,98,108,40,110,79,8,120,20,13,89,19,47"/><W133/><G117/><T37/><D132/><U123/><E69/><V115/><F134/><W62/><G120/><T56/><D37/><U24/><E33/><V119/><F115/><W85/><G133/><T0/><D30/><U25/><E103/><V107/><F119/><W5/><G62/><T18/><D83/><U86/><E14/><V114/><F114/><W131/><G131/><T76/><D95/><U59/><E59/><V112/><F100/><W17/><G98/><T72/><D10/><U15/><E15/><V49/><F67/><W6/><G6/><T46/><D46/><U82/><E127/><V36/><F36/><W80/><G89/><T135/><D135/><U9/><E9/><V118/><F39/><W116/><G116/><T97/><D64/><U2/><E2/><V99/><F7/><W48/><G20/><T66/><D66/><U92/><E38/><V81/><F112/><W65/><G65/><T106/><D113/><U54/><E123/><V74/><F99/><W109/><AGARI ba="0,0" hai="5,8,13,17,19,40,47,48,79,80,85,108,109,110" machi="109" ten="30,12000,1" yaku="0,1,25,2,14,1,10,1" doraHai="129" who="3" fromWho="3" sc="260,-40,211,-40,318,-40,211,120" owari="220,-18.0,171,-33.0,278,8.0,331,43.0" /></mjloggm>