<mjloggm ver="2.3"><GO type="169" lobby="0"/><UN n0="%E3%81%86%E3%81%8D%E3%81%A7%E3%82%93" n1="%4E%58%47%45%30" n2="%E3%82%A6%E3%83%AB%E3%83%88%E3%83%A9%E7%AB%8B%E7%9B%B4" n3="%E6%BA%9D%E5%86%85%E5%A4%A7%E6%A8%B9" dan="17,16,17,17" rate="2173.91,2111.59,2151.37,2107.18" sx="M,M,M,M"/><TAIKYOKU oya="0"/><INIT seed="0,0,0,5,0,83" ten="250,250,250,250" oya="0" hai0="103,18,135,100,128,110,133,127,25,93,108,51,12" hai1="1,74,10,111,114,57,104,65,3,75,77,73,132" hai2="22,41,118,97,79,34,0,101,61,20,2,26,84" hai3="125,35,98,52,28,72,30,8,39,67,56,60,44"/><T105/><D127/><U78/><E111/><N who="0" m="42537" /><D105/><U124/><E114/><V86/><F34/><W81/><G125/><T112/><D112/><U49/><E104/><V109/><F0/><W21/><G8/><N who="0" m="6407" /><D128/><U62/><E124/><V23/><F2/><W11/><G11/><T122/><D122/><U106/><E106/><V53/><F118/><W24/><G98/><T120/><D120/><U113/><E113/><V5/><F5/><W130/><G130/><T32/><D51/><U4/><E3/><V33/><F109/><W17/><G35/><T54/><D54/><U45/><E132/><N who="0" m="50761" /><D93/><U7/><E7/><V119/><F53/><W64/><G39/><T66/><D66/><U55/><AGARI ba="0,0" hai="1,4,10,45,49,55,57,62,65,73,74,75,77,78" machi="55" ten="30,1100,0" yaku="0,1" doraHai="83" who="1" fromWho="1" sc="250,-5,250,11,250,-3,250,-3" /><INIT seed="1,0,0,4,2,56" ten="245,261,247,247" oya="1" hai0="31,63,60,42,21,26,98,106,111,27,17,35,84" hai1="65,64,13,28,78,19,87,118,72,97,0,96,119" hai2="122,121,82,113,134,53,57,90,58,94,105,50,11" hai3="93,46,120,130,8,91,29,37,24,34,14,45,112"/><U25/><E0/><V99/><F134/><W86/><G112/><T38/><D111/><U107/><E72/><V75/><F113/><W9/><G120/><T22/><D35/><U52/><E107/><V128/><F128/><W116/><G130/><T55/><D84/><U108/><E108/><V68/><F68/><W2/><G116/><T83/><D83/><N who="1" m="47607" /><E118/><V80/><F105/><W12/><G2/><T77/><D77/><U88/><E96/><V104/><F104/><W40/><G45/><T10/><D55/><U85/><E97/><V117/><F117/><W18/><G14/><T103/><REACH who="0" step="1"/><D10/><AGARI ba="0,0" hai="8,9,10,12,18,24,29,34,37,40,46,86,91,93" machi="10" ten="30,1000,0" yaku="7,1" doraHai="56" who="3" fromWho="0" sc="245,-10,261,0,247,0,247,10" /><INIT seed="2,0,0,5,4,61" ten="235,261,247,257" oya="2" hai0="124,40,71,127,123,38,60,94,39,95,87,45,129" hai1="24,42,122,64,103,33,14,82,100,107,9,46,62" hai2="11,22,89,2,121,77,108,18,52,8,67,35,117" hai3="128,65,12,41,110,75,69,130,76,98,49,7,114"/><V125/><F121/><W21/><G110/><T74/><D74/><U56/><E82/><V31/><F117/><W78/><G98/><T93/><D123/><U30/><E107/><V59/><F108/><W99/><G99/><T80/><D129/><U3/><E3/><V63/><F125/><N who="0" m="48202" /><D39/><U26/><E26/><V92/><F77/><W20/><G7/><T116/><D116/><U19/><REACH who="1" step="1"/><E122/><REACH who="1" ten="235,251,247,257" step="2"/><V88/><F2/><W84/><G128/><T134/><D80/><U23/><E23/><V120/><F35/><W54/><G21/><T113/><D113/><U15/><E15/><V66/><F120/><W37/><G12/><T73/><D73/><U86/><E86/><N who="2" m="52247" /><F31/><W118/><G75/><T119/><D119/><U32/><E32/><V131/><F131/><W90/><G118/><T68/><D87/><U91/><E91/><V106/><F106/><W104/><G90/><T6/><D95/><U1/><E1/><V57/><F89/><W25/><G84/><T17/><D94/><U101/><E101/><V132/><F132/><W48/><G104/><T81/><D93/><U133/><E133/><V0/><F0/><W55/><G114/><T47/><D81/><U96/><E96/><V72/><F72/><W58/><G130/><T50/><D134/><U29/><E29/><V79/><F79/><W109/><G78/><T44/><D6/><U97/><E97/><V83/><F83/><W5/><G76/><T102/><D102/><U70/><E70/><N who="2" m="42335" /><F22/><W51/><G20/><T27/><D71/><U43/><E43/><V16/><F18/><W28/><G69/><RYUUKYOKU ba="0,1" sc="235,-10,251,30,247,-10,257,-10" hai1="9,14,19,24,30,33,42,46,56,62,64,100,103" /><INIT seed="3,1,1,2,3,28" ten="225,281,237,247" oya="3" hai0="124,5,18,112,120,26,97,41,25,42,96,17,27" hai1="20,50,75,8,129,90,87,58,2,6,11,103,34" hai2="128,47,63,117,15,66,7,100,13,122,37,9,132" hai3="98,45,107,123,106,68,46,56,78,43,10,86,83"/><W88/><G68/><T30/><D120/><U80/><E75/><V4/><F117/><W1/><G123/><T21/><D124/><U59/><E103/><V14/><F122/><W33/><G33/><T135/><D135/><U67/><E34/><V82/><F132/><W84/><G56/><T70/><D70/><U99/><E99/><N who="0" m="37961" /><D5/><U114/><E20/><V19/><F128/><W55/><G55/><T69/><D69/><U111/><E114/><V3/><F4/><W38/><G46/><T74/><D74/><U71/><E71/><V48/><F37/><W0/><G98/><T54/><D54/><U16/><E129/><V72/><F100/><W134/><G134/><T12/><D30/><U127/><E127/><V29/><F29/><W51/><G51/><T39/><D39/><U130/><E130/><V79/><F63/><W62/><G62/><T73/><D73/><U118/><E67/><V116/><F66/><W31/><G31/><T77/><D112/><U52/><E118/><V24/><F116/><W110/><G110/><T57/><D57/><U108/><REACH who="1" step="1"/><E59/><REACH who="1" ten="225,271,237,247" step="2"/><V22/><F24/><W105/><REACH who="3" step="1"/><G10/><REACH who="3" ten="225,271,237,237" step="2"/><T61/><D21/><U60/><E60/><V125/><F125/><W53/><G53/><AGARI ba="1,3" hai="3,7,9,13,14,15,19,22,47,48,53,72,79,82" machi="53" ten="30,1000,0" yaku="7,1" doraHai="28" who="2" fromWho="3" sc="225,0,271,0,237,43,237,-13" /><INIT seed="4,0,0,3,5,51" ten="225,271,280,224" oya="0" hai0="109,4,84,127,44,76,89,56,68,107,13,133,34" hai1="26,119,12,74,18,63,120,16,62,29,91,81,71" hai2="64,60,3,58,20,30,42,23,59,40,46,57,90" hai3="72,17,77,114,99,47,75,9,96,37,123,118,31"/><T36/><D68/><U65/><E119/><V21/><F3/><W100/><G118/><T101/><D127/><U103/><E103/><V43/><F30/><W39/><G31/><T24/><D133/><U22/><E120/><V108/><F108/><W92/><G114/><T80/><D34/><U54/><E12/><V78/><F78/><W126/><G126/><T66/><D24/><U15/><E15/><V113/><F113/><W82/><G75/><T130/><D130/><U105/><E105/><V27/><F27/><W69/><G69/><T110/><D101/><U32/><E32/><V35/><F35/><W85/><G72/><T131/><D107/><U41/><E41/><V79/><F79/><W19/><G99/><T38/><D89/><U7/><E7/><V25/><F25/><W104/><G104/><T11/><D131/><U95/><E81/><V106/><F106/><W128/><G128/><T45/><D38/><U122/><E122/><V124/><F124/><W53/><G123/><T115/><D115/><U102/><E102/><V52/><F90/><W50/><G9/><T55/><D66/><U33/><E33/><V2/><F2/><W97/><G97/><T67/><D67/><U132/><E132/><V8/><F8/><W98/><G98/><T87/><D87/><U6/><E6/><V111/><F111/><N who="0" m="42506" /><D36/><U28/><E74/><V112/><F112/><W14/><G39/><T125/><D125/><U48/><E29/><V83/><F83/><W10/><G37/><T70/><D70/><U0/><E71/><V135/><F135/><W129/><G129/><RYUUKYOKU ba="0,0" sc="225,10,271,-30,280,10,224,10" hai0="4,11,13,44,45,55,56,76,80,84" hai2="20,21,23,40,42,43,46,52,57,58,59,60,64" hai3="10,14,17,19,47,50,53,77,82,85,92,96,100" /><INIT seed="4,1,0,5,2,39" ten="235,241,290,234" oya="0" hai0="24,40,134,93,56,107,98,26,127,133,114,32,10" hai1="73,83,94,55,70,69,2,124,112,12,118,14,74" hai2="35,68,65,50,102,61,113,57,28,96,4,16,41" hai3="121,22,90,53,130,15,7,29,115,72,63,104,76"/><T135/><D114/><U106/><E118/><V92/><F4/><W111/><G111/><T36/><D107/><U110/><E2/><V85/><F113/><W120/><G104/><T129/><D129/><U17/><E106/><V45/><F85/><W87/><G76/><T117/><D117/><U6/><E6/><V31/><F35/><W105/><G72/><T60/><D10/><U46/><E94/><V91/><F102/><W125/><G125/><T75/><D75/><U5/><E5/><V108/><F108/><W25/><G105/><T44/><D32/><U59/><E46/><V48/><F16/><W123/><G130/><T38/><D38/><U122/><E17/><V126/><F126/><W81/><G115/><T109/><D127/><U77/><E112/><V42/><F68/><W34/><G7/><T13/><D13/><U64/><E110/><V89/><F89/><W33/><G15/><T20/><D20/><U58/><E64/><V80/><F80/><W99/><G99/><T84/><D84/><U78/><E83/><V52/><F65/><W128/><G128/><T0/><D0/><U67/><E67/><V82/><F82/><W101/><G101/><N who="0" m="60623" /><D109/><U23/><E124/><V116/><F116/><W71/><G71/><T131/><D131/><U9/><E9/><V119/><F119/><W51/><G121/><T95/><D95/><U54/><E122/><V1/><F1/><W103/><G123/><T21/><D21/><U19/><E23/><V132/><F132/><W79/><G120/><T18/><D18/><U62/><E19/><V8/><F8/><RYUUKYOKU ba="1,0" sc="235,10,241,10,290,10,234,-30" hai0="24,26,36,40,44,56,60,133,134,135" hai1="12,14,54,55,58,59,62,69,70,73,74,77,78" hai2="28,31,41,42,45,48,50,52,57,61,91,92,96" /><INIT seed="4,2,0,4,3,60" ten="245,251,300,204" oya="0" hai0="125,73,129,133,47,22,93,87,83,111,53,30,31" hai1="99,23,40,59,118,130,109,114,121,41,14,18,131" hai2="45,77,119,85,92,11,102,67,124,98,88,74,32" hai3="49,27,107,35,13,5,79,64,123,91,106,15,78"/><T90/><D125/><U84/><E109/><V43/><F32/><W104/><G123/><T9/><D129/><N who="1" m="49163" /><E118/><V52/><F119/><W20/><G35/><T112/><D112/><U76/><E99/><V58/><F11/><W29/><G91/><N who="0" m="51711" /><D133/><U10/><E114/><V54/><F124/><W21/><G49/><N who="0" m="28863" /><D73/><U117/><E117/><V116/><F116/><W48/><G48/><T135/><D135/><U26/><E121/><V57/><F57/><W62/><G21/><T132/><D132/><U110/><E59/><V4/><F77/><W12/><REACH who="3" step="1"/><G5/><REACH who="3" ten="245,251,300,194" step="2"/><T80/><D22/><U95/><E110/><V2/><F4/><W61/><G61/><T51/><D51/><U66/><E23/><V103/><F103/><W113/><G113/><T3/><BYE who="3" /><D111/><U69/><E69/><V134/><F74/><W34/><G34/><T68/><D9/><U7/><E7/><V70/><F2/><W100/><G100/><T37/><D37/><U128/><E128/><V82/><F70/><W127/><G127/><T0/><D0/><UN n3="%E6%BA%9D%E5%86%85%E5%A4%A7%E6%A8%B9" /><U115/><E115/><V28/><F134/><W71/><AGARI ba="2,1" hai="12,13,15,20,27,29,62,64,71,78,79,104,106,107" machi="71" ten="40,8000,1" yaku="1,1,0,1,52,1,53,1" doraHai="60" doraHaiUra="24" who="3" fromWho="3" sc="245,-42,251,-22,300,-22,194,96" /><INIT seed="5,0,0,0,5,35" ten="203,229,278,290" oya="1" hai0="118,57,33,68,80,38,4,26,92,66,2,61,23" hai1="76,73,42,122,115,8,32,111,0,1,77,54,44" hai2="85,69,81,102,131,121,39,22,96,45,34,104,18" hai3="3,14,123,10,124,72,29,103,51,46,5,55,13"/><U75/><E122/><V119/><F34/><W87/><G72/><N who="1" m="27722" /><E32/><V28/><F69/><W52/><G123/><T78/><D118/><U17/><E54/><V74/><F28/><W135/><G29/><T126/><D126/><U58/><E58/><V50/><F131/><W88/><G103/><T98/><D38/><N who="1" m="21591" /><E17/><V86/><F39/><W63/><G135/><T31/><D33/><U107/><E8/><V110/><F119/><W83/><REACH who="3" step="1"/><G124/><REACH who="3" ten="203,229,278,280" step="2"/><T108/><D31/><U49/><E111/><V60/><F121/><W48/><G48/><T19/><D108/><U120/><E49/><V99/><F50/><W15/><G15/><T24/><D24/><U47/><E120/><V16/><F102/><W134/><G134/><T101/><D26/><U113/><E47/><V90/><F74/><W84/><G84/><T41/><D61/><U79/><E107/><V97/><F86/><W40/><G40/><T125/><D41/><U114/><AGARI ba="0,1" hai="0,1,76,77,79,113,114,115" m="21591,27722" machi="114" ten="40,7800,0" yaku="15,1,52,2" doraHai="35" who="1" fromWho="1" sc="203,-26,229,88,278,-26,280,-26" /><INIT seed="5,1,0,1,3,133" ten="177,317,252,254" oya="1" hai0="24,88,68,96,110,89,1,85,75,34,0,53,30" hai1="126,103,11,19,20,26,71,100,114,130,77,17,63" hai2="48,92,76,108,46,105,28,10,119,134,124,60,120" hai3="59,62,111,98,121,104,47,58,101,27,29,115,106"/><U55/><E77/><V44/><F105/><W128/><G111/><T132/><D110/><U36/><E36/><V38/><F28/><W82/><G121/><T2/><D132/><U135/><E135/><V6/><F60/><W122/><G122/><T64/><D75/><U7/><E114/><V131/><F92/><W72/><G128/><T52/><D96/><U117/><E117/><V83/><F119/><W14/><G115/><T73/><D73/><U57/><E71/><V116/><F131/><W69/><G47/><T16/><D89/><U84/><E84/><V13/><F134/><W109/><G106/><T23/><D64/><U95/><E95/><V12/><F12/><W94/><G94/><T41/><D41/><U15/><E130/><V99/><F99/><W112/><G14/><T118/><D68/><U42/><E42/><N who="2" m="22615" /><F120/><W9/><G9/><T22/><D118/><U45/><E45/><V51/><F116/><W80/><G109/><T33/><D23/><U65/><E65/><V67/><F67/><N who="3" m="41207" /><G112/><T123/><D123/><U86/><E86/><N who="2" m="48487" /><F108/><W74/><G74/><T50/><D30/><U107/><E107/><V91/><F91/><W43/><G43/><T40/><D40/><U8/><E100/><V21/><F21/><N who="3" m="15599" /><G72/><T90/><D90/><U70/><E103/><V37/><F37/><W87/><G82/><N who="0" m="49207" /><D53/><U102/><E102/><V97/><F97/><W127/><G80/><T79/><D79/><U4/><E70/><V25/><F46/><W81/><G81/><T3/><N who="0" m="0" /><DORA hai="5" /><T31/><D31/><U39/><E19/><V125/><F6/><RYUUKYOKU ba="1,0" sc="177,30,317,-10,252,-10,254,-10" hai0="16,22,24,33,34,50,52" /><INIT seed="6,2,0,4,5,52" ten="207,307,242,244" oya="2" hai0="88,109,19,36,93,69,134,24,114,108,77,116,50" hai1="104,30,131,124,0,25,127,42,132,106,89,117,39" hai2="23,90,99,98,107,133,101,115,57,80,123,27,3" hai3="20,73,4,17,11,54,61,12,35,6,28,29,60"/><V113/><F3/><W112/><G73/><T67/><D114/><N who="2" m="43530" /><F123/><W100/><G112/><T14/><D134/><U10/><E117/><V72/><F133/><W64/><G100/><T110/><D36/><U63/><E89/><V86/><F72/><W22/><G35/><T71/><D116/><U105/><E131/><V51/><F98/><W18/><G64/><T21/><D77/><U62/><E42/><V68/><F68/><W44/><G44/><T7/><D50/><U46/><E46/><V103/><F103/><W79/><G79/><T119/><D119/><U91/><E91/><V65/><F51/><W38/><G38/><T47/><D47/><U82/><E82/><V37/><F37/><W81/><G81/><T125/><D125/><N who="1" m="48203" /><E39/><V66/><F57/><N who="3" m="34871" /><G61/><T94/><D67/><U83/><E83/><V33/><F33/><W9/><G6/><T2/><D93/><U85/><E85/><V58/><F58/><W74/><G74/><T48/><D48/><U13/><E0/><V1/><F1/><W8/><G4/><T120/><D2/><U111/><E111/><V128/><F128/><W130/><G130/><T95/><D95/><U34/><E132/><V56/><F56/><W59/><G59/><T16/><D7/><AGARI ba="2,0" hai="7,10,13,25,30,34,62,63,104,105,106" m="48203" machi="7" ten="40,1300,0" yaku="18,1" doraHai="52" who="1" fromWho="0" sc="207,-19,307,19,242,0,244,0" /><INIT seed="7,0,0,5,1,60" ten="188,326,242,244" oya="3" hai0="71,131,90,42,111,11,94,48,63,26,124,125,30" hai1="56,41,88,59,134,7,83,128,100,130,9,6,107" hai2="68,38,65,13,2,25,91,27,133,118,0,55,135" hai3="127,1,104,22,20,54,67,75,4,53,50,70,99"/><W129/><G75/><T28/><D111/><U95/><E134/><N who="2" m="51211" /><F38/><W93/><G104/><T120/><D120/><U18/><E41/><V19/><F65/><W121/><G121/><T35/><D28/><U61/><E83/><V17/><F68/><W84/><G4/><T73/><D73/><U29/><E29/><V126/><F126/><W85/><G1/><T49/><D131/><N who="1" m="50219" /><E100/><V92/><F55/><W89/><G127/><T12/><D125/><U31/><E31/><V51/><F51/><W119/><G119/><T81/><D81/><U64/><E59/><V115/><F115/><W57/><G129/><T36/><D124/><U105/><E18/><V43/><F43/><W101/><G54/><T33/><D33/><U102/><E102/><V108/><F19/><W47/><G70/><T44/><D71/><U58/><E58/><V78/><F78/><W109/><G109/><T74/><D63/><U87/><E7/><V123/><F123/><W86/><G101/><T32/><D32/><U37/><E95/><V132/><F118/><W122/><G122/><T15/><D74/><U96/><E37/><V112/><F112/><W66/><G57/><T97/><REACH who="0" step="1"/><D15/><REACH who="0" ten="178,326,242,244" step="2"/><U5/><E61/><V106/><F108/><W79/><G79/><T45/><D45/><U40/><E56/><V98/><F132/><W116/><G116/><T117/><D117/><U62/><E62/><V77/><F77/><W10/><G47/><T80/><D80/><U3/><E3/><V69/><F69/><W14/><G14/><T34/><D34/><U113/><E113/><V23/><F0/><RYUUKYOKU ba="0,1" sc="178,30,326,-10,242,-10,244,-10" hai0="11,12,26,30,35,36,42,44,48,49,90,94,97" owari="208,-29.0,326,43.0,232,-17.0,234,3.0" /></mjloggm>