<mjloggm ver="2.3"><GO type="97" lobby="0"/><UN n0="%E4%BC%8A%E8%A3%8F%E9%87%8E%E5%8A%A0%E5%A5%88" n1="%E5%B0%B1%E6%B4%BB%E7%94%9F%40%E5%B7%9D%E6%9D%91%E8%BB%8D%E5%9B%A3" n2="%E3%81%82%E3%81%96%E3%81%A8%E3%81%99" n3="%53%6F%6E%6F%74%69%74%65" dan="15,16,16,14" rate="1925.66,2151.75,1981.99,1943.52" sx="M,M,M,M"/><TAIKYOKU oya="0"/><INIT seed="0,0,0,1,0,91" ten="250,250,250,250" oya="0" hai0="52,127,42,64,104,59,94,126,90,10,51,84,88" hai1="4,0,78,20,35,32,63,102,96,62,45,48,9" hai2="61,99,3,107,129,68,125,21,77,38,123,66,67" hai3="112,108,14,86,119,135,124,30,121,117,80,24,41"/><T114/><D114/><U106/><E78/><V5/><F67/><W28/><G112/><T116/><D116/><U92/><E106/><V134/><F123/><W109/><G41/><T47/><D104/><U55/><REACH who="1" step="1"/><E20/><REACH who="1" ten="250,240,250,250" step="2"/><V97/><F21/><W100/><G117/><T25/><D10/><U79/><E79/><V6/><F77/><W18/><G119/><T57/><D25/><U29/><E29/><V65/><F107/><W82/><G28/><T131/><D131/><U15/><E15/><V115/><F129/><W122/><G14/><T60/><REACH who="0" step="1"/><D90/><REACH who="0" ten="240,240,250,250" step="2"/><U98/><E98/><V40/><F99/><W69/><G122/><T111/><D111/><U89/><E89/><V43/><F97/><W2/><G121/><T56/><D56/><U11/><E11/><V76/><F68/><W50/><G69/><T13/><D13/><U34/><AGARI ba="0,2" hai="0,4,9,32,34,35,45,48,55,62,63,92,96,102" machi="34" ten="30,4000,0" yaku="1,1,0,1,52,1,53,0" doraHai="91" doraHaiUra="39" who="1" fromWho="1" sc="240,-20,240,60,250,-10,250,-10" /><INIT seed="1,0,0,4,2,91" ten="220,300,240,240" oya="1" hai0="90,15,125,22,105,18,98,17,46,120,53,129,3" hai1="47,2,40,64,26,24,66,71,102,30,54,58,35" hai2="96,82,10,13,60,37,104,93,14,111,32,69,108" hai3="83,123,12,118,77,33,6,5,75,41,85,16,87"/><U27/><E2/><V11/><F32/><W25/><G123/><T73/><D120/><U81/><E102/><V124/><F104/><W117/><G41/><T76/><D3/><U126/><E126/><V31/><F31/><N who="3" m="19695" /><G85/><T43/><D125/><U72/><E72/><V107/><F107/><W51/><G51/><T84/><D129/><U114/><E114/><V113/><F37/><W121/><G75/><T4/><D4/><U112/><E112/><V122/><F122/><W42/><G42/><T9/><D53/><U21/><E81/><V29/><F29/><W130/><G130/><T92/><D76/><U99/><E99/><V133/><F133/><W63/><G63/><T23/><D73/><U115/><E115/><V88/><F82/><W80/><G80/><T70/><D70/><U97/><E97/><V7/><F124/><W79/><G79/><T1/><D1/><U34/><E34/><V67/><REACH who="2" step="1"/><F113/><REACH who="2" ten="220,300,230,240" step="2"/><W68/><G121/><T132/><D132/><U52/><E35/><V103/><F103/><W49/><G68/><T127/><D127/><U61/><E71/><V116/><F116/><N who="3" m="44651" /><G49/><N who="0" m="26847" /><D105/><U119/><E119/><V19/><AGARI ba="0,1" hai="7,10,11,13,14,19,60,67,69,88,93,96,108,111" machi="19" ten="30,8000,1" yaku="1,1,0,1,52,1,54,1,53,1" doraHai="91" doraHaiUra="0" who="2" fromWho="2" sc="220,-20,300,-40,230,90,240,-20" /><INIT seed="2,0,0,2,5,68" ten="200,260,320,220" oya="2" hai0="25,49,114,23,121,94,130,98,107,118,104,26,106" hai1="22,4,28,80,40,101,132,36,61,124,83,30,91" hai2="14,71,6,87,100,17,45,89,128,123,109,60,0" hai3="97,86,50,72,117,125,56,31,76,90,134,119,27"/><V39/><F123/><W64/><G125/><T11/><D114/><U131/><E101/><V96/><F128/><W78/><G134/><T105/><D121/><U20/><E132/><V9/><F109/><W115/><G115/><T85/><N who="0" m="27136" /><DORA hai="13" /><T21/><D130/><U32/><E32/><V93/><F71/><W108/><G108/><T43/><D85/><U53/><E4/><V103/><F60/><W54/><G64/><T122/><D122/><U67/><E124/><V82/><F45/><W16/><G97/><T18/><D118/><U133/><E53/><V120/><F120/><W88/><G90/><T73/><D73/><U46/><E133/><V58/><F58/><W92/><G31/><T66/><D66/><U52/><E52/><V10/><REACH who="2" step="1"/><F39/><REACH who="2" ten="200,260,310,220" step="2"/><W116/><REACH who="3" step="1"/><G72/><REACH who="3" ten="200,260,310,210" step="2"/><T2/><D43/><U70/><E40/><V35/><F35/><W111/><G111/><T38/><D38/><U12/><E36/><V62/><F62/><W37/><G37/><T41/><D41/><U3/><E61/><V81/><F81/><W44/><G44/><T55/><D49/><U47/><E80/><V110/><F110/><W15/><G15/><T126/><D126/><U29/><E83/><V127/><F127/><W19/><G19/><T77/><D2/><U7/><E47/><V34/><F34/><W48/><G48/><T102/><D18/><N who="1" m="10311" /><E46/><V59/><F59/><W95/><G95/><T42/><D42/><U135/><E135/><V1/><F1/><W51/><G51/><T84/><D94/><U129/><E3/><V5/><F5/><W113/><G113/><RYUUKYOKU ba="0,2" sc="200,-15,260,-15,310,15,210,15" hai2="0,6,9,10,14,17,82,87,89,93,96,100,103" hai3="16,27,50,54,56,76,78,86,88,92,116,117,119" /><INIT seed="2,1,2,3,2,58" ten="185,245,325,225" oya="2" hai0="118,90,108,34,39,36,132,40,33,23,43,112,105" hai1="101,92,25,135,128,74,113,52,98,14,30,56,60" hai2="1,102,129,119,49,46,69,93,87,15,88,8,44" hai3="6,17,5,133,37,0,57,29,114,122,107,11,83"/><V59/><F119/><W126/><G107/><T72/><D112/><U13/><E74/><V109/><F69/><W91/><G37/><T67/><D118/><U62/><E113/><V38/><F1/><W31/><G122/><T115/><D115/><U123/><E123/><V68/><F68/><W99/><G114/><T94/><D105/><U51/><E128/><V21/><F129/><W117/><G117/><T71/><D72/><U53/><E135/><V22/><F102/><W48/><G126/><T130/><D130/><U24/><E62/><V65/><F109/><W120/><G120/><T2/><D2/><U28/><E25/><V100/><F100/><W121/><G121/><T104/><D104/><U75/><E75/><V111/><F111/><W86/><G99/><T19/><D33/><U76/><E76/><V66/><F38/><W89/><G89/><T110/><D34/><U55/><E55/><N who="2" m="30119" /><F46/><W12/><G6/><T97/><D36/><U63/><E63/><N who="2" m="38143" /><F66/><W95/><G133/><T73/><D39/><U3/><E3/><V18/><AGARI ba="1,2" hai="8,15,18,21,22,87,88,93" m="38143,30119" machi="18" ten="30,6000,0" yaku="8,1,52,1,54,1" doraHai="58" who="2" fromWho="2" sc="185,-21,245,-21,325,83,225,-21" /><INIT seed="2,2,0,5,2,99" ten="164,224,408,204" oya="2" hai0="98,125,82,90,13,40,18,94,50,127,51,9,52" hai1="0,101,31,22,64,117,107,70,19,105,121,71,43" hai2="14,49,10,65,23,108,119,102,110,34,85,128,3" hai3="89,55,6,27,81,30,106,63,97,62,69,42,2"/><V112/><F112/><W83/><G42/><T104/><D104/><U84/><E117/><V7/><F119/><W87/><G81/><T16/><D82/><U120/><E0/><V48/><F128/><W75/><G69/><T33/><D33/><U124/><E31/><V88/><F34/><W114/><G114/><T74/><D74/><U123/><E124/><N who="0" m="47689" /><D40/><U118/><E118/><V59/><F102/><W5/><G2/><T109/><D109/><N who="2" m="42090" /><F65/><W78/><G63/><T130/><D130/><U60/><E101/><V92/><F59/><W20/><G62/><T103/><D51/><U12/><E71/><V24/><F3/><W46/><G46/><N who="0" m="27735" /><D90/><U1/><E1/><V57/><F57/><W122/><G55/><T54/><D54/><U35/><E43/><V21/><F21/><W15/><G15/><T36/><D36/><U95/><E35/><V28/><AGARI ba="2,0" hai="7,10,14,23,24,28,48,49,85,88,92" m="42090" machi="28" ten="30,6000,0" yaku="14,1,10,1,54,1" doraHai="99" who="2" fromWho="2" sc="164,-22,224,-22,408,66,204,-22" /><INIT seed="2,3,0,5,1,85" ten="142,202,474,182" oya="2" hai0="7,114,90,122,86,60,37,4,130,84,75,35,83" hai1="26,89,52,88,73,1,21,100,78,104,54,74,102" hai2="68,19,76,124,36,16,22,123,10,0,87,42,58" hai3="28,9,34,131,127,99,134,119,44,11,47,111,71"/><V63/><F123/><W129/><G71/><T93/><D114/><U66/><E1/><V125/><F68/><W23/><G119/><T108/><D122/><U96/><E66/><V103/><F103/><N who="1" m="39465" /><E104/><V126/><F42/><W6/><G111/><T77/><D108/><U30/><E74/><V101/><F101/><W46/><G127/><T8/><D35/><U5/><E73/><V53/><F36/><W69/><G69/><T41/><D130/><N who="3" m="49673" /><G34/><T67/><D41/><U98/><E78/><V95/><F76/><W133/><G99/><N who="1" m="37930" /><E5/><N who="2" m="1319" /><F22/><W39/><G39/><T29/><D37/><U2/><E2/><V81/><F81/><W117/><G117/><T106/><D106/><U94/><E89/><AGARI ba="3,0" hai="16,19,53,58,63,87,89,95,124,125,126" m="1319" machi="89" ten="30,5800,0" yaku="18,1,52,1,54,1" doraHai="85" who="2" fromWho="1" sc="142,0,202,-67,474,67,182,0" /><INIT seed="2,4,0,5,3,13" ten="142,135,541,182" oya="2" hai0="121,130,83,28,68,123,61,22,67,9,69,86,124" hai1="119,7,125,103,66,14,132,127,102,104,44,35,17" hai2="108,128,48,91,4,81,6,87,120,96,58,105,65" hai3="89,20,21,33,10,59,55,43,24,47,126,135,129"/><V94/><F120/><W40/><G126/><N who="1" m="48138" /><E119/><V101/><F128/><W41/><G135/><T64/><D124/><U1/><E132/><V45/><F108/><W118/><G118/><T11/><D130/><U115/><E35/><V88/><F65/><W93/><G129/><T98/><D98/><U116/><E116/><V63/><F63/><W16/><G33/><T79/><D121/><U39/><E115/><V80/><F58/><W92/><G10/><T25/><D123/><U107/><E66/><V106/><F106/><N who="1" m="40489" /><E7/><V36/><F36/><W78/><G78/><T111/><D111/><U54/><E1/><V131/><F131/><W37/><G21/><T52/><D67/><U12/><E12/><V70/><F70/><W29/><G29/><T49/><D69/><U84/><E84/><N who="2" m="50183" /><F105/><W134/><G134/><T133/><D133/><U73/><E73/><V30/><F30/><W26/><G26/><T99/><D99/><U19/><E14/><V32/><F32/><W75/><G75/><T95/><D95/><U117/><E117/><V72/><F72/><W97/><REACH who="3" step="1"/><G93/><REACH who="3" ten="142,135,541,172" step="2"/><T42/><D9/><U57/><E39/><V27/><F27/><W76/><G76/><T56/><D11/><U90/><E90/><V34/><F34/><W110/><G110/><T62/><REACH who="0" step="1"/><D42/><AGARI ba="4,1" hai="4,6,42,45,48,81,87,91,94,96,101" m="50183" machi="42" ten="30,2900,0" yaku="8,1,54,1" doraHai="13" who="2" fromWho="0" sc="142,-41,135,0,541,51,172,0" /><INIT seed="2,5,0,2,4,6" ten="101,135,592,172" oya="2" hai0="117,109,62,42,82,96,122,24,63,22,134,57,11" hai1="92,127,78,9,8,111,123,131,102,34,10,61,101" hai2="43,58,21,114,30,125,94,70,115,48,126,29,135" hai3="85,56,19,5,107,64,120,17,31,60,20,45,118"/><V95/><F70/><W33/><G107/><T121/><D122/><U67/><E34/><V97/><F135/><W15/><G120/><T55/><D121/><U113/><E123/><V32/><F32/><W110/><G110/><T100/><D109/><U77/><E111/><V80/><F80/><W25/><G118/><T1/><D134/><U52/><E113/><V90/><F95/><W71/><G45/><T86/><D117/><U83/><E131/><V81/><F81/><W41/><G41/><T129/><D42/><U36/><E36/><V50/><F43/><W13/><G5/><T104/><D129/><U46/><E127/><N who="2" m="48651" /><F21/><W132/><G132/><T76/><D11/><U27/><E27/><V3/><F3/><W84/><REACH who="3" step="1"/><G71/><REACH who="3" ten="101,135,592,162" step="2"/><T4/><D4/><U112/><E112/><N who="2" m="43051" /><F58/><W75/><G75/><T106/><D106/><U37/><E37/><V73/><F73/><W79/><G79/><T54/><D1/><U108/><E108/><V74/><F74/><W28/><G28/><AGARI ba="5,1" hai="28,29,30,48,50,90,94,97" m="43051,48651" machi="28" ten="30,1500,0" yaku="18,1" doraHai="6" who="2" fromWho="3" sc="101,0,135,0,592,40,162,-30" /><INIT seed="2,6,0,2,3,41" ten="101,135,632,132" oya="2" hai0="132,57,47,91,38,46,44,12,74,30,109,121,18" hai1="125,129,116,133,40,10,113,130,29,82,36,90,8" hai2="98,107,100,80,135,79,13,115,75,20,24,26,95" hai3="83,118,87,65,88,92,103,112,45,22,4,105,43"/><V123/><F123/><W37/><G112/><T64/><D121/><U42/><E113/><V14/><F115/><W5/><G118/><T39/><D74/><U111/><E116/><V84/><F135/><W71/><G71/><T7/><D132/><U68/><E68/><V55/><F55/><W94/><G65/><T104/><D104/><U34/><E133/><V73/><F73/><W0/><G22/><T6/><D109/><U120/><E125/><V99/><F99/><W119/><G119/><T70/><D70/><U33/><E111/><V53/><F53/><W2/><G105/><T101/><D101/><U126/><E126/><V49/><F49/><W117/><G117/><T124/><D124/><U19/><E120/><V106/><F106/><W35/><G35/><N who="1" m="13322" /><E29/><N who="2" m="17543" /><F26/><W89/><G103/><T54/><D30/><U59/><E59/><V76/><F76/><W110/><G110/><T127/><D127/><U32/><E32/><V9/><F9/><N who="1" m="3689" /><E19/><V81/><F81/><W131/><G83/><T23/><D64/><U61/><E61/><V102/><F102/><W134/><G134/><T15/><D39/><U128/><E36/><V67/><F67/><W28/><G28/><T1/><D38/><U50/><E50/><V51/><F51/><W11/><G131/><T25/><D1/><U27/><E27/><V56/><F56/><W114/><G114/><T69/><D69/><U78/><E78/><V58/><F58/><W52/><G0/><T93/><D12/><U72/><E72/><V86/><F86/><AGARI ba="6,0" hai="40,42,82,86,90,128,129,130" m="3689,13322" machi="86" ten="40,1300,0" yaku="19,1" doraHai="41" who="1" fromWho="2" sc="101,0,135,31,632,-31,132,0" /><INIT seed="3,0,0,3,0,84" ten="101,166,601,132" oya="3" hai0="108,71,15,126,37,56,123,59,131,55,91,65,4" hai1="73,62,7,11,104,99,54,120,46,43,49,111,64" hai2="86,41,68,80,21,31,57,102,2,33,127,52,129" hai3="72,118,117,105,8,97,113,128,109,19,75,106,27"/><W29/><G113/><T12/><D123/><U98/><E120/><V10/><F68/><W135/><G19/><T90/><D37/><U134/><E73/><N who="3" m="28234" /><G128/><T30/><D131/><U83/><E111/><V48/><F129/><W92/><G8/><N who="0" m="4103" /><D71/><U114/><E134/><V25/><F127/><W93/><G27/><T32/><D32/><U70/><E104/><N who="3" m="40042" /><G29/><T47/><D30/><U132/><E83/><V38/><F102/><N who="3" m="60711" /><G135/><T53/><D126/><U1/><E132/><V34/><F38/><W5/><G5/><T22/><D108/><U79/><E114/><V112/><F41/><W69/><G69/><T60/><D47/><U122/><E122/><V130/><F130/><W101/><G109/><T133/><D133/><U51/><E79/><V82/><F82/><W107/><N who="3" m="40050" /><W44/><DORA hai="121" /><G44/><AGARI ba="0,0" hai="1,7,11,43,44,46,49,51,54,62,64,70,98,99" machi="44" ten="30,1000,0" yaku="7,1" doraHai="84,121" who="1" fromWho="3" sc="101,0,166,10,601,0,132,-10" owari="101,-40.0,176,-2.0,601,70.0,122,-28.0" /></mjloggm>