<mjloggm ver="2.3"><GO type="97" lobby="0"/><UN n0="%E5%B0%B1%E6%B4%BB%E7%94%9F%40%E5%B7%9D%E6%9D%91%E8%BB%8D%E5%9B%A3" n1="%64%6F%72%65%6B%75" n2="%68%69%67%65%33%30" n3="%64%6F%77%6E%6C%6F%61%64" dan="15,13,13,14" rate="2054.40,1885.46,1850.58,1942.94" sx="M,M,M,M"/><TAIKYOKU oya="0"/><INIT seed="0,0,0,1,3,72" ten="250,250,250,250" oya="0" hai0="41,4,6,119,12,76,20,106,5,39,103,83,10" hai1="113,110,92,130,16,46,98,37,128,84,80,55,96" hai2="116,11,9,59,108,14,64,134,61,131,63,65,13" hai3="45,90,107,120,89,50,34,62,79,38,117,31,15"/><T67/><D119/><U100/><E110/><V17/><F116/><W78/><G117/><T30/><D67/><U70/><E113/><V52/><F108/><W112/><G112/><T1/><D106/><U58/><E70/><V47/><F134/><W32/><G107/><T7/><D103/><U124/><E124/><V51/><F131/><N who="1" m="50217" /><E98/><V88/><F63/><W36/><G31/><T99/><D99/><U97/><E97/><V115/><F115/><W126/><G62/><T74/><D30/><U0/><E0/><V93/><F65/><W42/><G15/><T48/><D48/><U77/><E46/><V26/><F26/><W86/><G86/><T71/><D71/><U129/><N who="1" m="50225" /><U94/><DORA hai="85" /><E37/><V60/><F60/><W2/><G2/><T21/><REACH who="0" step="1"/><D12/><REACH who="0" ten="240,250,250,250" step="2"/><N who="2" m="4714" /><F17/><W22/><G50/><T109/><D109/><U135/><E16/><V35/><F35/><W87/><G34/><T23/><D23/><U132/><E94/><V114/><F114/><W54/><G22/><T95/><D95/><U19/><E19/><V27/><F27/><W69/><G32/><T111/><D111/><U18/><E18/><V57/><F93/><W121/><G69/><T68/><D68/><U81/><E81/><V123/><F123/><N who="3" m="47179" /><G38/><T75/><D75/><U125/><E125/><V43/><F64/><W73/><G126/><T127/><D127/><U101/><E101/><V49/><F88/><N who="3" m="33899" /><G73/><T28/><D28/><U53/><E53/><V66/><AGARI ba="0,1" hai="9,11,43,47,49,51,52,57,59,61,66" m="4714" machi="66" ten="30,2000,0" yaku="8,1,54,1" doraHai="72,85" who="2" fromWho="2" sc="240,-10,250,-5,250,30,250,-5" /><INIT seed="1,0,0,0,3,99" ten="230,245,280,245" oya="1" hai0="115,27,125,104,76,102,5,44,31,11,97,129,26" hai1="47,70,64,21,113,37,80,87,132,45,72,95,10" hai2="130,89,83,25,91,133,1,117,48,135,107,78,36" hai3="93,56,49,16,32,38,66,18,59,77,9,96,131"/><U50/><E72/><V126/><F36/><W111/><G111/><T79/><D115/><U67/><E113/><V52/><F1/><W74/><G131/><T6/><D125/><U22/><E132/><N who="2" m="50763" /><F107/><W60/><G38/><T124/><D124/><U2/><E37/><V13/><F126/><W54/><G32/><T0/><D129/><U7/><E47/><N who="2" m="27679" /><F130/><W128/><G128/><T24/><D6/><U63/><E67/><V114/><F114/><W110/><G110/><T134/><D134/><U127/><E95/><V90/><F117/><W55/><G9/><T121/><D121/><U42/><REACH who="1" step="1"/><E127/><REACH who="1" ten="230,235,280,245" step="2"/><V84/><F25/><W15/><G66/><T106/><D106/><U46/><E46/><V23/><F13/><W112/><G112/><T61/><D44/><U105/><E105/><V33/><F33/><W28/><G15/><T51/><D27/><U122/><E122/><V17/><F23/><W41/><G41/><T98/><D26/><U8/><E8/><V19/><AGARI ba="0,1" hai="17,19,78,83,84,89,90,91" m="27679,50763" machi="19" ten="40,2700,0" yaku="20,1,54,1" doraHai="99" who="2" fromWho="2" sc="230,-7,235,-13,280,37,245,-7" /><INIT seed="2,0,0,5,3,38" ten="223,222,317,238" oya="2" hai0="23,95,49,73,113,128,116,78,135,103,59,123,47" hai1="65,1,86,67,46,52,9,96,57,40,4,32,42" hai2="81,37,110,93,35,39,60,106,108,90,84,53,15" hai3="127,58,20,76,18,101,6,33,94,111,102,66,0"/><V7/><F106/><W107/><G33/><T131/><D123/><U3/><E32/><V129/><F35/><W64/><G76/><T41/><D113/><U36/><E3/><V88/><F129/><N who="0" m="49738" /><D135/><U114/><E114/><V74/><F74/><W85/><G107/><T48/><D116/><U10/><E10/><V77/><F7/><W51/><G6/><T120/><D120/><U31/><E31/><V100/><F15/><W11/><G11/><T19/><D78/><U44/><E96/><V56/><F100/><W115/><G0/><T25/><D73/><U104/><E86/><V75/><REACH who="2" step="1"/><F90/><REACH who="2" ten="223,222,307,238" step="2"/><W29/><G115/><T79/><D79/><U17/><E104/><V30/><F30/><W61/><G29/><T134/><D134/><U34/><E34/><V87/><F87/><W117/><G117/><T72/><D72/><U133/><E17/><V5/><F5/><W45/><G101/><T24/><D103/><U124/><E133/><V21/><F21/><W92/><G102/><T71/><D23/><U122/><E122/><V99/><F99/><W91/><G85/><T13/><D13/><U83/><E83/><V2/><F2/><W22/><G91/><T54/><D19/><U89/><E89/><V68/><F68/><W82/><G18/><T8/><D71/><U98/><E98/><V97/><F97/><W63/><G20/><T121/><D121/><U62/><REACH who="1" step="1"/><E124/><REACH who="1" ten="223,212,307,238" step="2"/><V14/><F14/><W26/><G127/><T105/><D105/><U126/><E126/><V55/><F55/><W69/><G69/><T16/><D95/><U12/><E12/><RYUUKYOKU ba="0,2" sc="223,10,212,10,307,10,238,-30" hai0="8,16,24,25,41,47,48,49,54,59" hai1="1,4,9,36,40,42,44,46,52,57,62,65,67" hai2="37,39,53,56,60,75,77,81,84,88,93,108,110" /><INIT seed="2,1,2,1,2,32" ten="233,222,317,208" oya="2" hai0="9,0,42,25,97,17,106,125,58,101,15,85,126" hai1="57,73,115,117,40,111,129,48,2,6,8,110,120" hai2="74,37,65,44,23,5,49,55,47,104,29,78,98" hai3="95,16,56,28,27,77,43,24,35,84,100,50,88"/><V90/><F65/><W68/><G68/><T123/><D123/><U112/><E73/><V89/><F5/><W26/><G100/><T60/><D42/><U99/><E129/><V39/><F78/><W54/><G77/><T7/><D85/><U96/><E117/><V116/><F74/><W87/><G43/><T102/><D102/><U107/><E120/><V11/><F116/><W20/><G27/><T34/><D34/><U124/><E124/><N who="0" m="47721" /><D25/><U121/><E121/><V45/><F11/><W30/><G30/><T72/><D72/><U61/><E107/><V52/><F104/><W4/><G4/><T94/><D106/><U64/><E48/><V122/><F122/><W133/><G133/><T19/><D15/><U36/><E40/><V128/><F128/><W83/><G83/><T41/><D41/><U118/><E118/><V53/><F98/><AGARI ba="1,2" hai="16,20,24,26,28,35,50,54,56,84,87,88,95,98" machi="98" ten="30,3900,0" yaku="7,1,54,2" doraHai="32" who="3" fromWho="2" sc="233,0,222,0,317,-42,208,62" /><INIT seed="3,0,0,1,4,91" ten="233,222,275,270" oya="3" hai0="122,134,42,39,24,9,114,7,69,131,90,36,94" hai1="58,40,74,82,57,5,86,133,18,135,17,93,45" hai2="81,89,107,83,38,15,85,125,128,124,29,8,67" hai3="27,72,37,130,34,119,44,13,78,100,35,99,79"/><W80/><G119/><T19/><D122/><U0/><E74/><V70/><F38/><W87/><G130/><T12/><D69/><U118/><E118/><V102/><F107/><W63/><G63/><T43/><D131/><U112/><E112/><V54/><F29/><W47/><G79/><T59/><D134/><N who="1" m="51211" /><E0/><V98/><F70/><W52/><G72/><T123/><D123/><U22/><E5/><V11/><F67/><W108/><G108/><T16/><D114/><U62/><E82/><V49/><F98/><W111/><G111/><T23/><D39/><N who="1" m="21663" /><E22/><V109/><F102/><W121/><G121/><T88/><D36/><U92/><E86/><V101/><F101/><W55/><G13/><N who="0" m="5311" /><D59/><N who="1" m="22539" /><E62/><V110/><F128/><W31/><G35/><T120/><D120/><U73/><E73/><V51/><F51/><W61/><G61/><T77/><D77/><U95/><AGARI ba="0,0" hai="17,18,92,93,95" m="22539,21663,51211" machi="95" ten="40,8000,1" yaku="20,1,52,3" doraHai="91" who="1" fromWho="1" sc="233,-20,222,80,275,-20,270,-40" owari="213,-29.0,302,40.0,255,6.0,230,-17.0" /></mjloggm>