<mjloggm ver="2.3"><GO type="97" lobby="0"/><UN n0="%E5%8D%83%E7%BE%BD%E3%82%A4%E3%82%A8%E3%82%B9" n1="%E3%83%88%E3%83%88%E3%83%AA%E5%85%88%E7%94%9F%31%39%E6%AD%B3" n2="%6B%6F%2D%73%68%69%72%6F" n3="%E2%98%85%E3%83%AB%E3%83%AB%E3%83%86%E3%82%A3%E3%82%A2" dan="14,15,14,13" rate="1935.01,2018.97,1959.99,1921.49" sx="M,F,M,M"/><TAIKYOKU oya="0"/><INIT seed="0,0,0,5,3,22" ten="250,250,250,250" oya="0" hai0="30,11,116,57,74,76,83,24,52,33,51,58,17" hai1="61,122,114,129,127,85,3,117,131,128,120,44,9" hai2="5,16,60,87,36,59,135,53,93,62,130,103,95" hai3="72,102,132,98,48,124,8,54,79,86,43,113,97"/><T45/><REACH who="0" step="1"/><D116/><REACH who="0" ten="240,250,250,250" step="2"/><U84/><E117/><V14/><F130/><W90/><G113/><T133/><D133/><U67/><E114/><V78/><F135/><W109/><G132/><T27/><D27/><U19/><E128/><V12/><F36/><W91/><G109/><T10/><D10/><U66/><E129/><V41/><F41/><W75/><G43/><T39/><D39/><U99/><E131/><V125/><F125/><W112/><G124/><T107/><D107/><U68/><E127/><V71/><F71/><W15/><G112/><T123/><D123/><U4/><E68/><V34/><F34/><W121/><G121/><T69/><D69/><U2/><E120/><V32/><F32/><W65/><G72/><T21/><D21/><U100/><E9/><N who="2" m="4143" /><F62/><W50/><G75/><T111/><D111/><U94/><E61/><V63/><F63/><W56/><G48/><T13/><AGARI ba="0,1" hai="11,13,17,24,30,33,45,51,52,57,58,74,76,83" machi="13" ten="30,18000,2" yaku="21,2,0,1,52,1,54,1,53,1" doraHai="22" doraHaiUra="106" who="0" fromWho="0" sc="240,190,250,-60,250,-60,250,-60" /><INIT seed="0,1,0,1,0,122" ten="430,190,190,190" oya="0" hai0="111,108,104,125,5,101,92,63,118,46,28,55,132" hai1="115,95,53,134,20,54,114,107,131,76,18,7,10" hai2="69,117,120,68,49,58,67,123,128,25,81,129,112" hai3="93,62,0,113,135,74,91,1,90,27,66,75,13"/><T22/><D118/><U29/><E107/><V70/><F81/><W16/><G113/><N who="1" m="43018" /><E131/><N who="2" m="50251" /><F25/><W82/><G135/><T72/><D104/><U110/><E134/><V99/><F99/><W47/><G27/><N who="0" m="16503" /><D72/><U52/><E29/><V88/><F112/><W12/><G47/><T24/><D24/><N who="1" m="14359" /><E76/><V51/><F88/><W8/><G82/><T36/><D132/><U56/><E95/><V80/><F80/><W35/><G35/><T44/><D5/><U11/><E110/><N who="0" m="42025" /><D36/><U96/><E96/><V15/><F15/><W60/><G93/><T100/><D125/><U50/><E10/><V130/><F117/><W83/><G83/><T84/><D84/><U105/><E105/><V17/><F17/><W133/><G133/><T97/><D101/><U86/><E86/><V121/><N who="2" m="50259" /><V48/><DORA hai="45" /><F58/><AGARI ba="1,0" hai="44,46,55,58,63,92,97,100" m="42025,16503" machi="58" ten="30,12000,1" yaku="14,1,10,1,52,3" doraHai="122,45" who="0" fromWho="2" sc="430,123,190,0,190,-123,190,0" /><INIT seed="0,2,0,1,4,38" ten="553,190,67,190" oya="0" hai0="44,94,84,62,77,60,79,35,87,132,8,129,24" hai1="115,89,37,73,95,33,70,86,116,49,96,76,29" hai2="114,31,118,93,78,4,46,65,64,126,90,74,16" hai3="2,82,91,67,80,28,97,17,47,52,50,109,45"/><T112/><D112/><U6/><E116/><V3/><F114/><W58/><G2/><T113/><D113/><U104/><E37/><V11/><F118/><W32/><G109/><T57/><D129/><U19/><E115/><V43/><F126/><W122/><G122/><T63/><D132/><U88/><E70/><V135/><F135/><W69/><G69/><T120/><D120/><U106/><E6/><V134/><F134/><W127/><G127/><T27/><D8/><U21/><E73/><V10/><F31/><W15/><G32/><T125/><D125/><U83/><E76/><N who="0" m="29257" /><D35/><U68/><E68/><V71/><F71/><W18/><G28/><T61/><D44/><U121/><E121/><V119/><F119/><W108/><G108/><T105/><D105/><U72/><E72/><V59/><F59/><W128/><G128/><T85/><D94/><U36/><E36/><V26/><F78/><W130/><G130/><T22/><D22/><U117/><E117/><V131/><F74/><W98/><G45/><T53/><AGARI ba="2,0" hai="24,27,53,57,60,61,62,63,84,85,87" m="29257" machi="53" ten="40,2100,0" yaku="8,1" doraHai="38" who="0" fromWho="0" sc="553,27,190,-9,67,-9,190,-9" /><INIT seed="0,3,0,5,3,28" ten="580,181,58,181" oya="0" hai0="122,135,16,126,89,65,40,80,117,17,130,18,32" hai1="29,115,14,15,11,51,6,20,54,98,108,36,12" hai2="99,64,132,104,58,46,100,49,110,9,34,67,131" hai3="5,39,30,101,38,35,10,69,52,48,92,8,112"/><T63/><D117/><U106/><E36/><V2/><F34/><W129/><G69/><T27/><D122/><U87/><E108/><V42/><F110/><W55/><G112/><T70/><D126/><U127/><E127/><V109/><F109/><W124/><G124/><T86/><D130/><U4/><E115/><V62/><F131/><W47/><G129/><T78/><D135/><U45/><E106/><V102/><F132/><W43/><G101/><T88/><REACH who="0" step="1"/><D40/><REACH who="0" ten="570,181,58,181" step="2"/><U75/><E6/><V68/><F102/><W50/><G43/><T13/><D13/><U19/><E14/><V84/><F2/><W120/><G120/><T107/><D107/><U25/><E12/><V121/><F121/><W116/><G116/><T83/><D83/><U93/><E15/><V81/><F9/><W103/><G5/><T118/><D118/><U74/><E4/><V94/><F104/><W79/><G10/><T72/><D72/><U26/><E11/><V114/><F114/><W128/><G8/><T24/><D24/><U22/><E75/><V85/><REACH who="2" step="1"/><F81/><REACH who="2" ten="570,181,48,181" step="2"/><W1/><G1/><T133/><D133/><U66/><E74/><V53/><F53/><W21/><G128/><T76/><D76/><U82/><E82/><V71/><F71/><W123/><G79/><T44/><D44/><U60/><E54/><V7/><F7/><W105/><G105/><T3/><D3/><U31/><E45/><V37/><F37/><W77/><G77/><T97/><D97/><U91/><E98/><V125/><F125/><W113/><G39/><T57/><D57/><U96/><E96/><RYUUKYOKU ba="3,2" sc="570,15,181,-15,48,15,181,-15" hai0="16,17,18,27,32,63,65,70,78,80,86,88,89" hai2="42,46,49,58,62,64,67,68,84,85,94,99,100" /><INIT seed="0,4,2,5,2,105" ten="585,166,63,166" oya="0" hai0="52,113,65,46,31,58,37,30,135,73,43,21,27" hai1="78,106,60,134,81,33,117,15,25,39,102,108,45" hai2="75,77,3,24,10,4,32,0,34,2,112,89,11" hai3="61,6,18,29,120,55,56,116,132,14,111,126,35"/><T70/><D73/><U42/><E117/><V121/><F89/><W67/><G116/><T94/><D113/><U125/><E108/><V23/><F77/><W87/><G111/><T123/><D123/><U50/><E125/><V54/><F54/><W79/><G126/><T85/><D135/><U124/><E124/><V17/><F75/><W47/><G132/><T28/><D85/><U128/><E134/><V133/><F133/><W64/><G120/><T66/><D94/><U26/><E128/><V96/><F96/><W88/><G35/><N who="2" m="13353" /><F121/><W93/><G29/><T68/><D65/><U84/><E33/><V99/><F99/><W95/><G79/><T19/><REACH who="0" step="1"/><D66/><REACH who="0" ten="575,166,63,166" step="2"/><U110/><E84/><V118/><F112/><W71/><G67/><T129/><D129/><U76/><E106/><V119/><F118/><W48/><G6/><T114/><D114/><U59/><E110/><V72/><F72/><W8/><REACH who="3" step="1"/><G71/><REACH who="3" ten="575,166,63,156" step="2"/><T86/><D86/><U62/><E78/><V82/><F119/><W74/><G74/><T131/><D131/><U36/><E76/><V107/><F107/><W83/><AGARI ba="4,4" hai="8,14,18,47,48,55,56,61,64,83,87,88,93,95" machi="83" ten="20,16000,3" yaku="1,1,0,1,7,1,25,2,8,1,54,1,53,1" doraHai="105" doraHaiUra="49" who="3" fromWho="3" sc="575,-84,166,-44,63,-44,156,212" /><INIT seed="1,0,0,2,3,92" ten="491,122,19,368" oya="1" hai0="84,41,10,4,77,14,83,93,108,34,38,31,90" hai1="129,79,32,75,120,74,103,16,80,81,123,96,56" hai2="40,114,130,125,52,101,112,55,113,99,7,60,20" hai3="115,76,128,61,86,36,13,127,107,48,37,100,85"/><U110/><E32/><V21/><F130/><W133/><G115/><T132/><D108/><U119/><E119/><V72/><F72/><W43/><G128/><T91/><D132/><U104/><E129/><V18/><F125/><W95/><G127/><T49/><D38/><U73/><E56/><V50/><F7/><W105/><G133/><T69/><D69/><U26/><E110/><V9/><F40/><W78/><G95/><T111/><D111/><U15/><E26/><V135/><F135/><W23/><G43/><T89/><D34/><U47/><E47/><V19/><F60/><W124/><G124/><T25/><D25/><U33/><E33/><V8/><F50/><W57/><G48/><T39/><D31/><U97/><E97/><V42/><F42/><W27/><G61/><T70/><D70/><U118/><E118/><V122/><F122/><W62/><G27/><T11/><D11/><N who="2" m="4170" /><F101/><W22/><G100/><T30/><D30/><U58/><E58/><V94/><F94/><W5/><G57/><T117/><D117/><U53/><E53/><N who="2" m="20555" /><F99/><W64/><G62/><T6/><D39/><U66/><E66/><V51/><F51/><W59/><G59/><T87/><D4/><U46/><E46/><AGARI ba="0,0" hai="6,10,14,41,46,49,77,83,84,87,89,90,91,93" machi="46" ten="40,5200,0" yaku="25,2,8,1" doraHai="92" who="0" fromWho="1" sc="491,52,122,-52,19,0,368,0" /><INIT seed="2,0,0,3,3,14" ten="543,70,19,368" oya="2" hai0="106,81,60,33,15,3,23,126,8,102,22,40,86" hai1="59,13,64,98,7,71,25,93,45,76,53,72,66" hai2="88,89,92,32,41,128,97,21,29,63,36,109,12" hai3="1,129,77,54,82,73,118,51,131,113,24,107,105"/><V112/><F112/><W65/><G118/><T79/><D33/><U85/><E72/><V48/><F36/><W103/><G113/><T122/><D3/><U17/><E71/><V75/><F75/><W43/><G1/><T58/><D40/><U90/><E7/><V62/><F128/><N who="3" m="49227" /><G103/><T123/><D126/><U84/><E25/><V34/><F109/><W56/><G43/><T4/><D122/><U50/><E76/><V94/><F34/><W125/><G125/><T46/><D123/><U16/><E17/><N who="2" m="10407" /><F29/><W49/><G65/><N who="1" m="25194" /><E45/><N who="2" m="25647" /><F32/><W35/><G51/><T70/><D70/><U99/><E85/><AGARI ba="0,0" hai="62,63,85,88,89,92,94,97" m="25647,10407" machi="85" ten="30,5800,0" yaku="8,1,52,1,54,1" doraHai="14" who="2" fromWho="1" sc="543,0,70,-58,19,58,368,0" /><INIT seed="2,1,0,0,3,101" ten="543,12,77,368" oya="2" hai0="40,133,81,46,135,43,17,114,54,8,69,20,109" hai1="37,84,102,53,52,58,67,4,103,85,63,87,62" hai2="100,12,18,99,56,116,95,68,115,80,105,98,28" hai3="6,30,126,117,21,39,65,123,55,108,5,25,118"/><V47/><F116/><W78/><G39/><T113/><D69/><U29/><E37/><V79/><F115/><N who="0" m="44042" /><D8/><U45/><E4/><V22/><F68/><W107/><G107/><T50/><D81/><U110/><E110/><V75/><F28/><W120/><G78/><T23/><D109/><U130/><E130/><V127/><F127/><W70/><G70/><T112/><N who="0" m="44050" /><T11/><DORA hai="26" /><D11/><U129/><E129/><V49/><F56/><W89/><G89/><T1/><D1/><U41/><E41/><N who="0" m="15945" /><D17/><U24/><E45/><V74/><F49/><W16/><G65/><T76/><D76/><U92/><E62/><V34/><F47/><W13/><G55/><T27/><D27/><U72/><E72/><V88/><F34/><N who="3" m="20815" /><G108/><T64/><D64/><U73/><E73/><AGARI ba="1,0" hai="12,18,22,73,74,75,79,80,88,95,98,99,100,105" machi="73" ten="30,5800,0" yaku="7,1,52,1,54,1" doraHai="101,26" who="2" fromWho="1" sc="543,0,12,-61,77,61,368,0" owari="543,64.0,-49,-55.0,138,-26.0,368,17.0" /></mjloggm>