<mjloggm ver="2.3"><GO type="169" lobby="0"/><UN n0="%E5%B0%B1%E6%B4%BB%E7%94%9F%40%E5%B7%9D%E6%9D%91%E8%BB%8D%E5%9B%A3" n1="%4C%53%E9%99%BD" n2="%E3%81%95%E3%81%A8%E3%82%8A%E3%81%A8%E3%81%93%E3%81%84%E3%81%97" n3="%E3%83%AD%E3%83%B3%E3%81%A1%E3%82%83%E3%82%93%E5%90%9B%E6%B4%A5%E5%BA%97" dan="16,16,16,16" rate="2129.89,2074.57,2099.05,2131.41" sx="M,M,F,M"/><TAIKYOKU oya="0"/><INIT seed="0,0,0,0,1,61" ten="250,250,250,250" oya="0" hai0="126,121,83,95,102,3,55,19,46,133,127,106,56" hai1="66,99,31,14,38,87,7,93,48,59,18,101,104" hai2="41,36,11,35,94,51,30,49,118,75,110,125,79" hai3="92,86,128,90,8,113,67,54,44,115,120,116,76"/><T25/><D106/><U77/><E38/><V58/><F118/><W135/><G116/><T45/><D3/><U22/><E31/><V60/><F110/><W4/><G135/><T91/><D102/><U96/><E7/><V42/><F125/><N who="0" m="47626" /><D83/><U72/><E72/><V82/><F11/><W130/><G76/><T119/><D119/><U40/><E77/><V109/><F109/><W134/><G134/><T26/><D133/><U33/><E33/><V43/><F36/><W13/><G120/><T17/><D26/><U68/><E68/><V6/><F6/><W108/><G108/><T29/><D46/><U105/><E105/><V129/><F129/><W0/><G0/><T50/><D45/><N who="1" m="25639" /><E104/><V28/><F94/><W2/><G2/><T98/><D121/><U88/><E101/><V73/><F73/><W16/><G4/><T70/><D70/><U27/><E27/><V89/><F89/><W85/><G85/><T111/><D111/><U52/><E66/><V32/><F32/><AGARI ba="0,0" hai="17,19,25,29,32,50,55,56,91,95,98" m="47626" machi="32" ten="30,1500,0" yaku="18,1" doraHai="61" who="0" fromWho="2" sc="250,15,250,0,250,-15,250,0" /><INIT seed="0,1,0,2,1,64" ten="265,250,235,250" oya="0" hai0="115,20,95,9,69,93,118,57,37,125,2,72,89" hai1="13,6,70,62,100,120,76,39,31,98,66,55,77" hai2="121,114,29,0,17,53,48,101,43,130,119,3,35" hai3="60,75,32,106,34,131,8,127,87,83,116,99,133"/><T49/><D37/><U15/><E120/><V88/><F121/><W30/><G116/><T94/><D72/><U47/><E31/><V124/><F114/><W68/><G127/><T65/><D115/><U73/><E73/><V5/><F124/><W16/><G75/><T102/><D118/><U123/><E123/><V96/><F119/><W67/><G131/><T113/><D113/><U111/><E111/><V90/><F130/><W1/><G133/><T84/><D102/><U91/><E91/><V80/><F43/><W86/><G1/><T112/><D112/><U92/><E15/><V44/><F17/><W103/><G83/><T18/><D9/><U28/><E28/><V23/><F35/><W97/><G97/><T45/><D2/><U109/><E109/><V22/><F0/><W50/><G50/><T135/><D135/><U19/><E6/><V40/><F40/><W63/><G63/><N who="0" m="38127" /><D69/><U24/><E39/><V4/><F3/><W14/><G34/><T56/><D56/><U33/><E70/><V122/><F122/><W81/><G81/><T52/><D125/><U26/><E33/><V128/><F128/><W54/><G54/><T129/><D129/><U41/><E55/><V126/><F126/><W42/><G42/><T78/><D78/><N who="1" m="30315" /><E41/><V46/><F80/><W132/><G132/><T12/><AGARI ba="1,0" hai="12,18,20,45,49,52,84,89,93,94,95" m="38127" machi="12" ten="30,3000,0" yaku="8,1,54,1" doraHai="64" who="0" fromWho="0" sc="265,33,250,-11,235,-11,250,-11" /><INIT seed="0,2,0,0,2,80" ten="298,239,224,239" oya="0" hai0="101,45,53,72,74,9,47,39,24,7,21,75,4" hai1="10,88,97,71,27,6,64,106,73,123,112,32,35" hai2="29,44,131,108,67,13,56,63,15,55,95,107,30" hai3="134,84,127,113,46,66,42,0,89,19,51,23,133"/><T37/><D101/><U5/><E73/><V26/><F107/><W22/><G113/><T122/><D122/><U93/><E123/><V110/><F131/><W90/><G127/><T3/><D7/><U57/><E112/><V25/><F44/><W126/><G126/><T77/><D77/><U129/><E129/><V91/><F67/><W50/><G0/><T49/><REACH who="0" step="1"/><D45/><REACH who="0" ten="288,239,224,239" step="2"/><U82/><E6/><V33/><F110/><W96/><G46/><T124/><D124/><U14/><E5/><V116/><F108/><W92/><G133/><T83/><D83/><U36/><E82/><V85/><REACH who="2" step="1"/><F116/><REACH who="2" ten="288,239,214,239" step="2"/><W17/><G134/><T94/><D94/><U12/><E93/><V118/><F118/><W132/><G132/><T114/><D114/><U1/><E106/><V87/><F87/><W120/><G120/><T16/><AGARI ba="2,2" hai="3,4,9,16,21,24,37,39,47,49,53,72,74,75" machi="16" ten="30,11700,0" yaku="1,1,0,1,54,1,53,1" doraHai="80" doraHaiUra="40" who="0" fromWho="0" sc="288,143,239,-41,214,-41,239,-41" /><INIT seed="0,3,0,4,5,74" ten="431,198,173,198" oya="0" hai0="34,99,19,106,15,23,12,124,114,6,113,40,46" hai1="96,89,103,85,47,52,102,45,1,83,118,95,65" hai2="39,43,72,123,63,82,62,29,42,20,120,50,48" hai3="41,10,88,56,64,32,105,121,71,116,111,81,38"/><T60/><D34/><U98/><E118/><V57/><F29/><W14/><G116/><T101/><D124/><U130/><E1/><V128/><F20/><W73/><G32/><T92/><D106/><U79/><E65/><V26/><F26/><W0/><G105/><T77/><D60/><N who="2" m="23082" /><F82/><W33/><G33/><T53/><D53/><U86/><E130/><V67/><F72/><W17/><G0/><T68/><D68/><U11/><E11/><V36/><F67/><W21/><G64/><T24/><D77/><U3/><E3/><V119/><F57/><W122/><G71/><T13/><REACH who="0" step="1"/><D6/><REACH who="0" ten="421,198,173,198" step="2"/><U93/><E52/><V51/><F119/><W69/><G69/><T25/><D25/><U61/><E61/><V112/><F128/><W4/><G4/><T66/><D66/><U97/><E97/><V135/><F112/><W5/><G5/><T22/><D22/><U44/><E44/><V16/><F135/><W90/><G21/><T129/><D129/><U28/><E28/><V54/><F54/><W75/><G56/><T131/><D131/><U58/><E58/><V30/><F30/><W104/><G104/><AGARI ba="3,1" hai="45,47,79,83,85,86,89,93,95,96,98,102,103,104" machi="104" ten="30,2000,0" yaku="7,1,52,1" doraHai="74" who="1" fromWho="3" sc="421,0,198,39,173,0,198,-29" /><INIT seed="1,0,0,2,4,107" ten="421,237,173,169" oya="1" hai0="120,56,5,102,61,15,128,98,1,38,21,88,89" hai1="47,133,42,25,0,62,85,53,106,48,90,59,65" hai2="123,17,129,111,64,60,52,22,77,36,7,109,40" hai3="76,70,122,134,67,121,45,119,135,95,99,58,130"/><U54/><E106/><V6/><F123/><W117/><G76/><T113/><D38/><U39/><E0/><V125/><F129/><W78/><G78/><T94/><D113/><U18/><E133/><N who="3" m="50698" /><G130/><T24/><D1/><U108/><E108/><N who="2" m="41547" /><F125/><W55/><G45/><T9/><D128/><U35/><E39/><V112/><F40/><W46/><G46/><T13/><D13/><U3/><E3/><V50/><F36/><W63/><G95/><T127/><D127/><U34/><E34/><V96/><F96/><W100/><G100/><T93/><D93/><N who="1" m="54479" /><E35/><V49/><F77/><W124/><G99/><T16/><D120/><N who="3" m="46185" /><G124/><T37/><D37/><U26/><E18/><V33/><F33/><W44/><G44/><T69/><D69/><U79/><E79/><V126/><F126/><W74/><G74/><T75/><D75/><U115/><E115/><V131/><F112/><W8/><G8/><T11/><D11/><U97/><E97/><V2/><F49/><AGARI ba="0,0" hai="49,55,58,63,67,70,117,119" m="46185,50698" machi="49" ten="30,3900,0" yaku="20,1,34,2" doraHai="107" who="3" fromWho="2" sc="421,0,237,0,173,-39,169,39" /><INIT seed="2,0,0,1,2,121" ten="421,237,134,208" oya="2" hai0="129,42,11,56,105,126,7,53,67,0,130,23,37" hai1="115,27,54,123,64,113,30,101,100,38,57,70,83" hai2="26,124,110,88,75,120,99,128,103,118,81,93,22" hai3="114,108,97,43,122,107,80,18,29,5,4,13,52"/><V79/><F118/><W51/><G122/><T12/><D105/><U68/><E123/><V109/><F120/><W28/><G114/><T90/><D126/><U104/><E38/><V17/><F124/><W49/><G107/><T20/><D67/><U135/><E135/><V87/><REACH who="2" step="1"/><F128/><REACH who="2" ten="421,237,124,208" step="2"/><W15/><G43/><T119/><D129/><U8/><E113/><V133/><F133/><W91/><G108/><T131/><D130/><U55/><E115/><V35/><F35/><W41/><G41/><T48/><D131/><U117/><E117/><V132/><F132/><W44/><G4/><T61/><D119/><U47/><E70/><V74/><F74/><W63/><G5/><T94/><D37/><U40/><E68/><V111/><F111/><W59/><G49/><T10/><D42/><U116/><E40/><V34/><F34/><W25/><G51/><T39/><D39/><U45/><E116/><V84/><F84/><W21/><G97/><T33/><D33/><U71/><E71/><V102/><F102/><W77/><G63/><T96/><D48/><U89/><E101/><V76/><F76/><W82/><G77/><T112/><D112/><U16/><E100/><V1/><F1/><W32/><G32/><T92/><D96/><U98/><E98/><V14/><F14/><W69/><G69/><T24/><D12/><U19/><E27/><V85/><F85/><W125/><G125/><T2/><D2/><U127/><E127/><V9/><F9/><W72/><G72/><T86/><D0/><U60/><E8/><V78/><F78/><W95/><G13/><RYUUKYOKU ba="0,1" sc="421,-10,237,-10,124,30,208,-10" hai2="17,22,26,75,79,81,87,88,93,99,103,109,110" /><INIT seed="2,1,1,1,1,135" ten="411,227,154,198" oya="2" hai0="68,10,43,34,106,49,15,18,13,88,44,60,71" hai1="123,80,1,72,36,124,70,92,74,3,51,31,22" hai2="129,30,101,114,109,65,47,102,84,11,86,103,93" hai3="33,52,110,56,17,105,134,91,122,54,87,108,12"/><V59/><F114/><W2/><G134/><T20/><D34/><U27/><E123/><V23/><F129/><W42/><G122/><T37/><D106/><U82/><E36/><V104/><F104/><W61/><G2/><T132/><D132/><U25/><E70/><V7/><F109/><N who="3" m="42091" /><G105/><T9/><D37/><U45/><E92/><V21/><F47/><W77/><G42/><T58/><D88/><U4/><E4/><V128/><F128/><W41/><G41/><T133/><D133/><U35/><E45/><V120/><F120/><W32/><G54/><T69/><REACH who="0" step="1"/><D13/><REACH who="0" ten="401,227,154,198" step="2"/><U98/><E35/><V16/><F93/><N who="3" m="54527" /><G77/><T14/><D14/><U112/><E112/><V19/><F30/><W75/><G75/><T99/><D99/><U48/><E98/><V118/><F86/><W83/><G83/><T119/><D119/><U125/><E31/><V100/><F84/><W24/><G24/><T89/><D89/><U95/><E95/><V62/><F118/><W55/><G32/><T90/><D90/><U113/><E113/><V67/><F100/><W81/><G33/><T85/><D85/><U121/><E121/><V94/><F94/><W64/><G81/><T115/><D115/><U78/><E78/><V40/><F103/><W130/><G130/><T26/><D26/><U39/><E39/><V66/><F102/><W6/><G6/><T127/><D127/><U28/><E28/><V38/><F101/><W57/><G12/><T97/><D97/><U79/><E79/><V96/><F96/><W53/><G17/><T0/><D0/><U29/><E29/><RYUUKYOKU ba="1,2" sc="401,10,227,10,154,-30,198,10" hai0="9,10,15,18,20,43,44,49,58,60,68,69,71" hai1="1,3,22,25,27,48,51,72,74,80,82,124,125" hai3="52,53,55,56,57,61,64" /><INIT seed="3,2,2,0,5,72" ten="411,237,124,208" oya="3" hai0="97,69,92,74,4,5,38,104,103,112,128,26,89" hai1="119,110,88,83,15,129,27,109,133,16,43,0,59" hai2="135,82,62,47,106,54,17,96,41,3,20,107,115" hai3="31,78,55,70,8,19,63,131,98,101,39,134,13"/><W126/><G39/><T127/><D69/><U93/><E119/><V130/><F115/><W12/><G126/><T75/><D38/><U9/><E129/><V125/><F3/><W105/><G131/><T100/><D128/><U48/><E133/><V32/><F32/><W94/><G134/><T90/><D127/><U108/><E83/><V24/><F130/><W58/><G70/><T76/><D112/><U86/><E0/><V122/><F135/><W21/><G105/><T113/><D113/><U6/><E27/><V23/><F125/><W102/><G78/><T37/><D37/><U71/><E71/><V116/><F116/><W51/><G101/><T29/><D89/><U10/><E10/><V22/><F122/><W81/><G81/><N who="0" m="45207" /><D100/><U87/><E6/><V11/><F82/><W14/><REACH who="3" step="1"/><G51/><REACH who="3" ten="411,237,124,198" step="2"/><T50/><D50/><U34/><E48/><N who="2" m="26735" /><F107/><W77/><G77/><T80/><D80/><U124/><E124/><V49/><F106/><W36/><G36/><T118/><D75/><U79/><E79/><V25/><F62/><W44/><G44/><T73/><D73/><U57/><E108/><V2/><F49/><W7/><G7/><T120/><D118/><U40/><E109/><V91/><F91/><W117/><G117/><T56/><D5/><U121/><E110/><V111/><F111/><W84/><G84/><N who="0" m="52295" /><D4/><U46/><E46/><V99/><F2/><W68/><G68/><T114/><D114/><U60/><E60/><V1/><F1/><W18/><G18/><T33/><D120/><U52/><E121/><V66/><F17/><W35/><G35/><RYUUKYOKU ba="2,3" sc="411,15,237,-15,124,-15,198,15" hai0="26,29,33,56,97,103,104" hai3="8,12,13,14,19,21,31,55,58,63,94,98,102" /><INIT seed="3,3,3,5,1,18" ten="426,222,109,213" oya="3" hai0="133,116,109,74,101,131,102,87,25,26,104,2,57" hai1="98,129,94,80,1,17,21,52,124,28,75,84,118" hai2="38,35,113,123,55,16,69,27,36,29,4,24,86" hai3="3,121,126,12,89,19,122,32,132,46,22,120,64"/><W15/><G64/><T62/><D74/><U14/><E129/><V9/><F113/><W5/><G46/><T13/><D2/><U68/><E124/><V115/><F69/><W58/><G58/><T85/><D116/><U105/><E1/><V112/><F115/><W78/><G78/><T110/><D133/><U76/><E118/><V114/><F114/><W106/><G106/><T66/><D13/><N who="3" m="5193" /><G89/><T47/><D47/><U56/><E68/><V99/><F112/><W107/><G107/><T45/><D45/><U40/><E40/><V72/><F72/><W49/><G49/><T67/><D131/><U33/><E28/><V125/><F99/><W128/><G128/><T41/><D41/><U82/><E33/><V100/><F100/><N who="0" m="38506" /><D67/><U103/><E82/><V63/><F86/><N who="0" m="32778" /><D104/><U108/><E108/><AGARI ba="3,3" hai="25,26,57,62,66,108,109,110" m="32778,38506" machi="108" ten="30,1000,0" yaku="14,1" doraHai="18" who="0" fromWho="1" sc="426,49,222,-19,109,0,213,0" /><INIT seed="4,0,0,0,3,94" ten="475,203,109,213" oya="0" hai0="26,88,112,90,37,91,105,6,22,103,33,4,35" hai1="134,58,36,111,131,38,117,135,78,16,73,133,84" hai2="8,123,101,83,81,44,42,32,66,9,85,10,126" hai3="115,54,51,20,110,72,19,92,122,34,41,30,104"/><T116/><D37/><U69/><E69/><V121/><F32/><W107/><G110/><T95/><D116/><U61/><E111/><V98/><F126/><W15/><G72/><T7/><D105/><U97/><E117/><V87/><F66/><W128/><G41/><T17/><D112/><U65/><E131/><V50/><F85/><W86/><G115/><T24/><D103/><U48/><E73/><V31/><F31/><W82/><G128/><T27/><D95/><U93/><E48/><V55/><F42/><W118/><G118/><T21/><D17/><U63/><E63/><V60/><F60/><W25/><G122/><T129/><D129/><U39/><E16/><V5/><F83/><W127/><G127/><T64/><D64/><U3/><E3/><V45/><F45/><W71/><G71/><T2/><D2/><U56/><E56/><V62/><F62/><W29/><G29/><T124/><D124/><U89/><REACH who="1" step="1"/><E78/><REACH who="1" ten="475,193,109,213" step="2"/><V47/><F47/><W130/><G130/><T57/><D57/><U109/><E109/><V68/><F68/><W52/><G51/><T75/><D75/><U113/><E113/><V12/><F121/><W53/><G19/><T23/><AGARI ba="0,1" hai="4,6,7,21,22,23,24,26,27,33,35,88,90,91" machi="23" ten="40,48000,5" yakuman="40" doraHai="94" who="0" fromWho="0" sc="475,490,193,-160,109,-160,213,-160" owari="965,107.0,33,-37.0,-51,-55.0,53,-15.0" /></mjloggm>