<mjloggm ver="2.3"><GO type="225" lobby="0"/><UN n0="%E6%B4%BE%E9%81%A3%E3%81%AE%E3%82%B8%E3%83%A3%E3%83%83%E3%82%AF" n1="%E3%83%88%E3%83%88%E3%83%AA%E5%85%88%E7%94%9F%31%39%E6%AD%B3" n2="%E9%95%B7%E5%B7%9E%E3%81%AE%E5%85%8B" n3="%6E%61%63%6F%6D%61%69%69" dan="16,18,17,16" rate="2160.01,2278.80,2179.07,2064.36" sx="M,F,M,F"/><TAIKYOKU oya="0"/><INIT seed="0,0,0,2,1,41" ten="250,250,250,250" oya="0" hai0="104,91,3,115,114,46,12,61,132,135,53,69,108" hai1="107,87,77,31,81,6,130,23,63,117,94,52,116" hai2="96,134,88,37,5,122,118,32,78,83,20,56,105" hai3="30,18,33,67,101,7,110,71,51,42,54,59,128"/><T17/><D3/><U45/><E107/><V80/><F32/><W48/><G7/><T40/><D104/><U21/><E130/><V16/><F122/><W79/><G101/><T86/><D108/><U55/><E6/><V8/><F37/><W1/><G128/><T84/><D69/><U70/><E31/><V4/><F134/><N who="0" m="51242" /><D61/><U125/><E125/><V113/><F113/><N who="0" m="43018" /><D53/><U93/><E116/><V126/><F126/><W73/><G1/><T11/><D91/><U103/><E117/><V19/><F105/><W65/><G71/><T36/><AGARI ba="0,0" hai="11,12,17,36,40,46,84,86" m="43018,51242" machi="36" ten="30,3000,0" yaku="20,1,52,1" doraHai="41" who="0" fromWho="0" sc="250,30,250,-10,250,-10,250,-10" /><INIT seed="0,1,0,3,3,108" ten="280,240,240,240" oya="0" hai0="49,47,38,13,9,20,90,54,126,1,102,65,100" hai1="79,116,101,75,107,76,77,24,130,61,6,44,32" hai2="88,131,5,95,66,74,78,40,97,3,51,27,62" hai3="58,42,41,11,127,2,64,123,96,69,4,91,122"/><T87/><D126/><U92/><E116/><V14/><F131/><W45/><G69/><T112/><D112/><U57/><E107/><V114/><F3/><W55/><G127/><T67/><D1/><U104/><E104/><V89/><F27/><W111/><G64/><T52/><D20/><U106/><E106/><V0/><F0/><W53/><G111/><T86/><D86/><U118/><E118/><V103/><F74/><W59/><G91/><T129/><D38/><U124/><E124/><V28/><F78/><W121/><G96/><T39/><D39/><U37/><E6/><V115/><F28/><W99/><G99/><T48/><D129/><U73/><E130/><V135/><F135/><W81/><G81/><T110/><D110/><U71/><E71/><V29/><F29/><W94/><G94/><T23/><D23/><U85/><E24/><V84/><F89/><W133/><G133/><T7/><D100/><U15/><E15/><V34/><F34/><W19/><G19/><T33/><D33/><U50/><E37/><V63/><F63/><N who="3" m="36303" /><G45/><N who="0" m="27663" /><D102/><U93/><E32/><V68/><F103/><W31/><G31/><T16/><D7/><U83/><E75/><V21/><F97/><W125/><G125/><T128/><D128/><U26/><E73/><V70/><F68/><W132/><G132/><T36/><D36/><U117/><E117/><V10/><REACH who="2" step="1"/><F21/><REACH who="2" ten="280,240,230,240" step="2"/><W80/><G80/><AGARI ba="1,1" hai="9,13,16,47,49,54,65,67,80,87,90" m="27663" machi="80" ten="30,11600,0" yaku="25,1,8,1,54,2" doraHai="108" who="0" fromWho="3" sc="280,129,240,0,230,0,240,-119" /><INIT seed="0,2,0,1,5,124" ten="409,240,230,121" oya="0" hai0="130,92,129,121,16,13,114,81,82,134,46,21,123" hai1="58,116,102,88,52,1,17,96,54,42,40,101,112" hai2="22,3,89,135,10,53,125,30,126,103,97,24,31" hai3="76,23,107,34,25,36,19,55,133,7,26,2,63"/><T15/><D114/><U128/><E128/><N who="0" m="49257" /><D134/><U18/><E1/><V77/><F77/><W60/><G107/><T6/><D46/><U110/><E116/><V44/><F89/><W61/><G36/><T49/><D92/><N who="1" m="56327" /><E110/><V84/><F84/><W32/><G133/><T86/><D49/><N who="1" m="30991" /><E54/><V83/><F135/><W48/><G76/><N who="0" m="46375" /><D82/><U95/><E112/><V117/><F83/><W70/><G70/><T35/><D35/><U69/><E69/><V14/><F117/><W104/><G104/><T65/><D65/><U56/><E56/><V5/><F125/><W100/><G100/><N who="1" m="38506" /><E95/><V59/><F126/><W43/><G43/><AGARI ba="2,0" hai="17,18,40,42,43" m="38506,30991,56327" machi="43" ten="30,3900,0" yaku="8,1,54,2" doraHai="124" who="1" fromWho="3" sc="409,0,240,45,230,0,121,-45" /><INIT seed="1,0,0,2,5,5" ten="409,285,230,76" oya="1" hai0="132,36,17,98,129,130,79,120,71,125,117,116,106" hai1="121,57,92,96,13,82,46,108,102,42,85,58,66" hai2="2,113,52,9,51,93,73,24,37,4,29,33,135" hai3="112,41,76,14,115,39,3,22,134,83,72,28,128"/><U133/><E121/><V99/><F73/><W87/><G28/><T32/><D17/><U53/><E133/><V114/><F135/><W127/><G22/><T131/><D32/><U62/><E108/><V45/><REACH who="2" step="1"/><F37/><REACH who="2" ten="409,285,220,76" step="2"/><W61/><G14/><T89/><D36/><U34/><E13/><V104/><F104/><W105/><G87/><T111/><D106/><U90/><E34/><V16/><F16/><W48/><G61/><T65/><D132/><U122/><E122/><V70/><F70/><W75/><G48/><T80/><D120/><U12/><E12/><V119/><F119/><W103/><G75/><T40/><D71/><U94/><E42/><V44/><F44/><W38/><G134/><T107/><D40/><U21/><E46/><V86/><F86/><W77/><G39/><T1/><D116/><U15/><E15/><V91/><AGARI ba="0,1" hai="2,4,9,24,29,33,45,51,52,91,93,99,113,114" machi="91" ten="30,8000,1" yaku="1,1,0,1,52,1,54,1,53,1" doraHai="5" doraHaiUra="88" who="2" fromWho="2" sc="409,-20,285,-40,220,90,76,-20" /><INIT seed="2,0,0,1,1,85" ten="389,245,310,56" oya="2" hai0="23,47,9,43,52,34,6,30,89,103,90,5,91" hai1="58,11,118,19,46,95,99,123,98,97,82,114,53" hai2="131,4,71,101,72,87,55,56,116,104,81,2,102" hai3="119,41,8,69,37,77,14,18,130,17,133,12,63"/><V79/><F71/><W20/><G119/><T1/><D34/><U61/><E118/><V78/><F116/><W26/><G37/><T40/><D103/><U7/><E114/><V42/><F42/><N who="0" m="15914" /><D1/><U27/><E123/><V13/><F2/><W96/><G69/><T121/><D121/><U48/><E82/><V109/><F131/><W126/><G77/><T25/><D9/><U117/><E117/><V86/><F72/><W113/><G130/><T29/><D29/><U124/><E124/><V49/><F104/><W129/><G113/><T92/><D92/><U115/><E115/><V76/><F109/><W35/><G126/><T51/><AGARI ba="0,0" hai="5,6,23,25,30,47,51,52,89,90,91" m="15914" machi="51" ten="30,8000,1" yaku="8,1,52,3,54,1" doraHai="85" who="0" fromWho="0" sc="389,80,245,-20,310,-40,56,-20" /><INIT seed="3,0,0,2,0,114" ten="469,225,270,36" oya="3" hai0="30,22,115,69,102,59,125,46,109,134,100,118,54" hai1="128,1,33,119,9,67,0,51,78,97,62,5,86" hai2="95,64,108,6,32,20,40,85,49,81,25,65,34" hai3="29,77,43,21,92,11,56,101,53,116,31,26,117"/><W82/><G43/><T71/><D118/><U121/><E119/><V48/><F108/><W66/><G31/><T55/><D109/><U127/><E121/><V93/><F6/><W28/><G28/><T105/><D105/><U12/><E33/><V103/><F40/><W61/><G53/><T47/><D125/><U107/><E127/><V135/><F135/><W84/><REACH who="3" step="1"/><G11/><REACH who="3" ten="469,225,270,26" step="2"/><T41/><D54/><U96/><E9/><V60/><F34/><W13/><G13/><T4/><D30/><U3/><E12/><V133/><F32/><W37/><G37/><T89/><D41/><U112/><E3/><V132/><F133/><W130/><G130/><T111/><D55/><U76/><E128/><V44/><F132/><W50/><G50/><T18/><D134/><U88/><E51/><V131/><F49/><W35/><G35/><T27/><D111/><U42/><E42/><V38/><F48/><W91/><G91/><T19/><D89/><U15/><E15/><V99/><F131/><W45/><G45/><T83/><D46/><U68/><E88/><V8/><F44/><W79/><G79/><T58/><D47/><U63/><E76/><V80/><F8/><W123/><G123/><T94/><D115/><U75/><E78/><V90/><F38/><W10/><G10/><T104/><D27/><U120/><E1/><V23/><F65/><W57/><G57/><T113/><D58/><U124/><E0/><V2/><F2/><W14/><G14/><T126/><D59/><U36/><E67/><V74/><F90/><W16/><G16/><T106/><D113/><RYUUKYOKU ba="0,1" sc="469,-10,225,-10,270,-10,26,30" hai3="21,26,29,56,61,66,77,82,84,92,101,116,117" /><INIT seed="3,1,1,5,5,3" ten="459,215,260,56" oya="3" hai0="58,39,43,2,117,51,66,101,42,12,129,93,24" hai1="29,25,92,119,123,109,53,98,35,116,49,18,108" hai2="107,31,68,5,83,54,71,33,20,126,17,13,133" hai3="44,84,105,7,56,32,134,10,125,41,73,113,76"/><W9/><G105/><T127/><D2/><U94/><E123/><V47/><F107/><W78/><G113/><T87/><D117/><N who="1" m="45131" /><E18/><V55/><F126/><W60/><G32/><T124/><D12/><U46/><E98/><V86/><F133/><W110/><G125/><T106/><D93/><AGARI ba="1,1" hai="25,29,35,46,49,53,92,93,94,108,109" m="45131" machi="93" ten="30,1000,0" yaku="12,1" doraHai="3" who="1" fromWho="0" sc="459,-13,215,23,260,0,56,0" owari="446,54.0,238,-16.0,260,6.0,56,-44.0" /></mjloggm>