<mjloggm ver="2.3"><GO type="97" lobby="0"/><UN n0="%EF%BC%A0%E3%81%99%E3%81%9A" n1="%E5%B0%B1%E6%B4%BB%E7%94%9F%40%E5%B7%9D%E6%9D%91%E8%BB%8D%E5%9B%A3" n2="%6C%65%65" n3="%73%6F%61%79" dan="15,14,14,15" rate="1997.23,1976.95,2010.25,1952.71" sx="M,M,F,M"/><TAIKYOKU oya="0"/><INIT seed="0,0,0,5,5,53" ten="250,250,250,250" oya="0" hai0="7,95,2,11,40,32,48,126,56,102,91,88,16" hai1="35,106,64,72,65,129,116,27,111,49,13,14,20" hai2="77,30,66,123,38,134,46,100,94,78,79,71,84" hai3="99,112,131,75,34,85,80,44,39,105,61,57,86"/><T128/><D126/><U1/><E1/><V69/><F123/><W60/><G112/><T108/><D128/><U41/><E106/><V104/><F104/><W130/><G34/><T68/><D68/><U76/><E35/><V135/><F30/><W26/><G75/><T21/><D108/><U58/><E116/><V114/><F114/><W50/><G39/><T17/><D32/><U109/><E129/><N who="3" m="49162" /><G26/><T5/><D102/><U18/><E76/><V63/><F69/><W55/><G80/><T29/><D29/><U121/><E72/><V8/><F8/><W122/><G122/><T73/><D73/><U3/><E3/><V9/><F9/><W67/><G61/><T117/><D117/><U12/><E121/><V0/><F0/><W45/><G44/><N who="0" m="25607" /><D2/><U22/><E22/><V113/><F113/><W6/><G6/><N who="0" m="2059" /><D11/><U96/><E96/><N who="2" m="59415" /><F46/><W24/><G24/><N who="0" m="14375" /><D17/><U42/><E111/><V83/><F38/><W98/><G105/><T70/><D70/><U51/><E109/><V37/><F37/><W120/><G120/><T132/><D132/><AGARI ba="0,0" hai="63,66,71,77,78,79,83,84,132,134,135" m="59415" machi="132" ten="30,1000,0" yaku="20,1" doraHai="53" who="2" fromWho="0" sc="250,-10,250,0,250,10,250,0" /><INIT seed="1,0,0,1,2,115" ten="240,250,260,250" oya="1" hai0="34,45,128,28,33,101,43,44,39,86,59,116,88" hai1="49,53,30,5,47,63,81,11,35,89,16,122,15" hai2="99,130,1,114,50,68,17,22,25,77,126,75,3" hai3="109,70,37,71,7,105,65,132,127,117,98,78,14"/><U8/><E122/><V51/><F68/><W134/><G109/><T90/><D128/><U118/><E118/><V57/><F130/><W24/><G37/><T62/><D116/><U52/><E35/><V46/><F126/><W26/><G127/><T92/><D101/><U123/><E30/><V124/><F124/><W4/><G117/><T18/><D45/><U21/><E123/><V79/><F75/><W85/><G105/><T108/><D108/><U13/><E8/><V112/><F99/><W32/><G98/><T131/><D131/><U38/><E38/><V87/><F57/><W107/><G107/><T55/><D28/><U93/><E81/><V31/><F31/><W67/><G85/><T73/><D73/><U12/><E63/><V106/><F106/><W102/><G78/><N who="2" m="29705" /><F87/><W66/><G66/><T76/><D76/><U58/><E13/><V100/><F100/><W104/><G104/><T84/><REACH who="0" step="1"/><D18/><REACH who="0" ten="230,250,260,250" step="2"/><U20/><E47/><V27/><F46/><W72/><G102/><T42/><D42/><U10/><E53/><V9/><F114/><W110/><G72/><T119/><D119/><U60/><E60/><V133/><F112/><W135/><G110/><T41/><D41/><U54/><E54/><V120/><F120/><W125/><G125/><T80/><AGARI ba="0,1" hai="33,34,39,43,44,55,59,62,80,84,86,88,90,92" machi="80" ten="20,8000,1" yaku="1,1,0,1,7,1,54,1,53,1" doraHai="115" doraHaiUra="36" who="0" fromWho="0" sc="230,90,250,-40,260,-20,250,-20" /><INIT seed="2,0,0,4,3,20" ten="320,210,240,230" oya="2" hai0="88,105,85,45,60,52,15,120,29,39,100,124,132" hai1="48,103,44,0,11,130,95,2,7,86,61,134,135" hai2="116,127,75,96,4,10,115,68,78,63,83,1,81" hai3="87,46,33,109,128,71,73,108,110,131,13,51,38"/><V106/><F115/><W18/><G73/><T129/><D120/><U56/><E130/><N who="3" m="49706" /><G33/><T113/><D113/><U22/><E2/><V92/><F83/><W23/><G71/><T55/><D129/><U35/><E35/><V19/><F116/><W119/><G119/><T91/><D132/><N who="1" m="50731" /><E103/><V74/><F127/><W28/><G28/><T79/><D124/><U94/><E86/><V112/><F112/><W5/><G5/><T114/><D105/><U64/><E22/><V107/><F75/><W126/><G126/><T69/><D100/><U104/><E104/><V32/><F19/><W125/><G125/><T111/><D111/><N who="3" m="28417" /><W62/><DORA hai="34" /><G62/><T90/><D69/><U67/><E67/><V57/><F68/><W101/><G101/><T26/><D60/><U84/><E84/><V80/><F32/><W97/><G97/><T37/><D29/><U42/><AGARI ba="0,0" hai="0,7,11,42,44,48,56,61,64,94,95" m="50731" machi="42" ten="30,2000,0" yaku="20,1,52,1" doraHai="20,34" who="1" fromWho="1" sc="320,-5,210,20,240,-10,230,-5" /><INIT seed="3,0,0,1,2,47" ten="315,230,230,225" oya="3" hai0="93,127,27,65,87,30,120,1,125,123,35,110,36" hai1="48,91,76,4,9,116,92,81,33,113,22,73,7" hai2="89,70,95,118,69,78,80,21,5,37,68,50,74" hai3="72,29,63,88,102,18,14,55,98,46,84,96,58"/><W121/><G121/><T15/><D110/><U122/><E33/><V82/><F118/><W130/><G72/><T100/><D1/><U133/><E113/><V17/><F37/><W62/><G130/><T53/><D36/><U106/><E106/><V6/><F80/><N who="3" m="49159" /><G29/><T43/><D43/><U115/><E115/><V8/><F6/><W41/><G63/><T129/><D65/><U42/><E133/><V40/><F40/><W85/><G102/><T34/><D34/><U44/><E122/><V64/><F64/><N who="3" m="38999" /><G85/><T12/><D129/><U134/><E134/><V54/><F70/><W108/><G108/><T61/><D120/><U20/><E7/><V19/><F68/><W25/><G25/><T13/><D123/><U3/><E116/><V52/><F69/><W103/><G103/><T132/><D132/><U56/><E56/><V79/><F79/><W67/><G67/><T66/><D66/><U104/><E104/><V59/><F54/><W112/><G112/><T38/><D38/><U111/><E111/><V45/><F59/><W101/><G101/><T32/><D32/><U31/><E31/><V49/><F49/><N who="3" m="29111" /><G41/><T2/><D2/><U28/><E28/><V23/><F17/><W77/><G77/><T119/><D119/><U94/><E94/><V131/><F19/><W39/><G39/><T135/><D135/><U83/><E83/><V16/><F131/><W60/><G60/><T75/><D75/><U107/><E107/><V86/><F16/><W0/><G0/><AGARI ba="0,0" hai="0,5,8,21,23,45,50,52,74,78,82,86,89,95" machi="0" ten="30,3900,0" yaku="7,1,52,1,54,1" doraHai="47" who="2" fromWho="3" sc="315,0,230,0,230,39,225,-39" owari="315,41.0,230,-17.0,269,7.0,186,-31.0" /></mjloggm>