<mjloggm ver="2.3"><GO type="97" lobby="0"/><UN n0="%E5%B0%B1%E6%B4%BB%E7%94%9F%40%E5%B7%9D%E6%9D%91%E8%BB%8D%E5%9B%A3" n1="%53%65%6E%61%72" n2="%65%62%69%6F%73%75" n3="%E3%82%A8%E3%83%AB%E3%83%89%E3%83%A9%E3%83%89" dan="14,15,15,14" rate="1982.97,2036.90,1944.19,1951.28" sx="M,M,M,M"/><TAIKYOKU oya="0"/><INIT seed="0,0,0,1,2,127" ten="250,250,250,250" oya="0" hai0="7,86,98,78,47,26,104,110,29,125,109,44,102" hai1="131,32,33,103,99,17,25,82,52,60,90,93,0" hai2="115,39,10,16,18,83,66,133,94,77,67,3,19" hai3="70,58,23,74,84,87,51,119,56,35,124,80,111"/><T63/><D125/><U59/><E0/><V101/><F115/><W5/><G35/><T45/><D7/><U1/><E1/><V100/><F39/><W79/><G70/><T65/><D86/><U75/><E131/><V126/><F126/><W68/><G68/><N who="0" m="42047" /><D78/><N who="1" m="44383" /><E103/><V6/><F133/><W92/><G5/><T97/><D97/><U38/><E38/><V8/><F8/><W20/><G119/><T36/><D36/><U49/><E49/><V73/><REACH who="2" step="1"/><F94/><REACH who="2" ten="250,250,240,250" step="2"/><W55/><G92/><T31/><D31/><U91/><E91/><V122/><F122/><W61/><G124/><T40/><D40/><U24/><E24/><V54/><F54/><W89/><G89/><T123/><D123/><U113/><E113/><V135/><F135/><W13/><G111/><N who="0" m="42507" /><D29/><U76/><E76/><V134/><F134/><W27/><G79/><T69/><D69/><U46/><E90/><V9/><F9/><W53/><G53/><T21/><D26/><U105/><E25/><V37/><F37/><W72/><G27/><T43/><D43/><U132/><E52/><V108/><F108/><W4/><G55/><T114/><D114/><U96/><E132/><V28/><F28/><W41/><G41/><T42/><D42/><U48/><E33/><V81/><F81/><W22/><G80/><T12/><D21/><U64/><E32/><V50/><F50/><W62/><G51/><T30/><D30/><U112/><E48/><V14/><F14/><AGARI ba="0,1" hai="12,14,44,45,47,98,102,104" m="42507,42047" machi="14" ten="30,2900,0" yaku="14,1,10,1" doraHai="127" who="0" fromWho="2" sc="250,39,250,0,240,-29,250,0" /><INIT seed="0,1,0,0,0,25" ten="289,250,211,250" oya="0" hai0="46,28,38,106,55,18,72,36,1,118,57,74,8" hai1="95,69,126,105,30,94,87,127,82,92,101,84,14" hai2="47,96,16,89,104,59,135,133,65,23,62,116,86" hai3="64,66,80,121,67,17,77,21,79,83,71,50,34"/><T68/><D118/><U61/><E14/><V6/><F6/><W117/><G71/><T24/><D68/><U125/><E30/><V81/><F116/><W10/><G34/><T119/><D106/><U22/><E22/><V4/><F4/><W7/><G121/><T27/><D119/><U31/><E31/><V49/><F96/><W15/><G50/><T20/><D1/><U90/><E61/><V85/><F104/><W26/><G117/><T130/><D130/><U5/><E5/><V33/><F85/><W109/><G109/><T107/><D107/><U75/><E69/><V60/><F60/><W100/><G100/><T41/><D36/><U76/><E87/><V39/><F33/><W120/><REACH who="3" step="1"/><G120/><REACH who="3" ten="289,250,211,240" step="2"/><T78/><D78/><AGARI ba="1,1" hai="7,10,15,17,21,26,64,66,67,77,78,79,80,83" machi="78" ten="40,5200,0" yaku="1,1,2,1,8,1,53,0" doraHai="25" doraHaiUra="88" who="3" fromWho="0" sc="289,-55,250,0,211,0,240,65" /><INIT seed="1,0,0,4,2,41" ten="234,250,211,305" oya="1" hai0="111,25,68,49,64,81,107,61,34,26,102,70,27" hai1="77,37,131,95,69,1,80,92,46,125,58,123,32" hai2="52,18,30,88,21,12,45,99,82,57,103,78,13" hai3="31,56,118,113,112,124,65,43,7,6,89,72,97"/><U100/><E123/><V62/><F30/><W36/><G72/><T48/><D70/><U91/><E69/><V104/><F13/><W17/><G118/><T134/><D134/><U71/><E71/><V114/><F114/><W16/><G31/><N who="0" m="19823" /><D111/><U0/><E32/><V94/><F45/><W79/><G79/><T40/><D81/><U87/><E131/><V121/><F121/><W129/><G43/><T120/><D120/><U132/><E125/><V29/><F29/><W22/><G36/><T84/><D84/><U115/><E132/><V85/><F85/><W50/><G17/><T135/><D135/><U53/><E115/><V15/><F15/><W105/><G124/><T75/><D75/><U130/><E130/><V23/><F23/><W2/><G2/><T93/><D93/><U54/><E37/><V116/><F116/><W42/><G129/><T5/><D5/><U24/><E24/><N who="0" m="9257" /><D40/><U20/><E20/><V60/><F104/><W73/><G73/><T83/><D83/><U47/><E1/><V126/><F126/><W9/><G105/><T8/><D8/><U117/><E0/><V55/><F103/><W59/><G9/><T4/><D4/><U33/><E33/><V133/><F133/><W90/><G6/><T35/><D35/><U38/><E38/><V67/><F62/><W66/><G7/><T11/><D11/><U119/><E119/><V14/><F14/><N who="3" m="9495" /><G113/><T86/><D86/><N who="1" m="48399" /><E117/><V127/><REACH who="2" step="1"/><F127/><REACH who="2" ten="234,250,201,305" step="2"/><W28/><G28/><T96/><AGARI ba="0,1" hai="48,49,61,64,68,96,102,107" m="9257,19823" machi="96" ten="30,1100,0" yaku="25,1" doraHai="41" who="0" fromWho="0" sc="234,21,250,-5,201,-3,305,-3" /><INIT seed="2,0,0,2,4,58" ten="255,245,198,302" oya="2" hai0="69,41,20,109,70,27,105,124,6,23,66,77,117" hai1="134,13,36,63,3,67,132,78,64,135,129,60,104" hai2="17,16,79,57,113,107,1,29,128,81,74,43,62" hai3="7,54,40,131,120,80,25,111,127,34,24,9,83"/><V59/><F113/><W88/><G120/><T114/><D105/><U96/><E3/><V32/><F1/><W0/><G127/><T118/><D114/><U119/><E129/><V45/><F107/><W44/><G111/><T84/><D109/><U85/><E36/><V48/><F59/><W42/><G131/><T65/><D124/><U97/><E119/><N who="0" m="45577" /><D6/><U31/><E31/><V87/><F128/><W47/><G54/><T86/><D41/><U94/><E13/><V28/><F74/><W56/><G56/><T8/><D8/><U91/><E78/><V121/><F121/><W12/><G0/><T115/><D115/><U55/><E55/><N who="2" m="34111" /><F32/><W21/><G34/><T130/><D130/><U4/><E4/><V108/><F108/><W11/><G11/><T61/><D77/><U99/><E104/><V68/><F68/><N who="0" m="26218" /><D61/><AGARI ba="0,0" hai="60,61,63,64,67,85,91,94,96,97,99,132,134,135" machi="61" ten="50,8000,1" yaku="20,1,52,3" doraHai="58" who="1" fromWho="0" sc="255,-80,245,80,198,0,302,0" /><INIT seed="3,0,0,0,5,129" ten="175,325,198,302" oya="3" hai0="124,25,1,119,53,23,72,37,88,29,110,71,45" hai1="54,106,120,8,116,128,134,132,27,98,113,92,93" hai2="62,109,38,94,117,118,95,76,77,87,56,47,32" hai3="96,19,60,103,44,121,101,85,2,107,12,135,46"/><W81/><G121/><T43/><D72/><U15/><E120/><V30/><F109/><W84/><G2/><T104/><D104/><U83/><E113/><V97/><F30/><W111/><G111/><T11/><D119/><U133/><E116/><V112/><F32/><W33/><G33/><T51/><D71/><U35/><E128/><V28/><F28/><W67/><G135/><T5/><D110/><U6/><E83/><V79/><F112/><W64/><G107/><T20/><D124/><U58/><E27/><V75/><F38/><W91/><G85/><T61/><D61/><N who="1" m="36055" /><E35/><V52/><F47/><W21/><G64/><T100/><D100/><AGARI ba="0,0" hai="6,8,15,92,93,98,100,106,132,133,134" m="36055" machi="100" ten="30,7700,0" yaku="20,1,52,3" doraHai="129" who="1" fromWho="0" sc="175,-77,325,77,198,0,302,0" owari="98,-40.0,402,50.0,198,-20.0,302,10.0" /></mjloggm>