<mjloggm ver="2.3"><GO type="169" lobby="0"/><UN n0="%73%65%69%6C" n1="%73%68%61%70%65%6C%65%72" n2="%E3%83%88%E3%83%88%E3%83%AA%E5%85%88%E7%94%9F%31%39%E6%AD%B3" n3="%E2%80%A0%41%71%75%61%E2%80%A0" dan="16,16,18,16" rate="2128.71,2115.36,2275.92,2051.65" sx="M,M,F,M"/><TAIKYOKU oya="0"/><INIT seed="0,0,0,1,1,44" ten="250,250,250,250" oya="0" hai0="61,105,94,75,85,39,73,121,91,11,98,14,20" hai1="38,53,72,95,100,1,68,62,12,40,96,90,131" hai2="60,35,110,15,122,127,24,0,119,70,132,66,78" hai3="27,134,124,19,13,55,114,129,41,5,57,43,56"/><T3/><D121/><U30/><E1/><V88/><F122/><W69/><G69/><T130/><D130/><U37/><E72/><V22/><F0/><W108/><G114/><T8/><D39/><U52/><E131/><V111/><F132/><W64/><G129/><T113/><D113/><U128/><E128/><V49/><F127/><W93/><G108/><N who="2" m="41513" /><F78/><W82/><G124/><T2/><D61/><U80/><E30/><V51/><F119/><W74/><G74/><T10/><D75/><U107/><E80/><V133/><F35/><W76/><G134/><T47/><D73/><U83/><E83/><V48/><F15/><W17/><G93/><T21/><D47/><U4/><E40/><V34/><F34/><W65/><G82/><T67/><D67/><N who="3" m="25673" /><G57/><T25/><D14/><U42/><E68/><V63/><F133/><W86/><G86/><T109/><D109/><U104/><E104/><V106/><F106/><W77/><G27/><T46/><D46/><U126/><E126/><V16/><F60/><N who="3" m="35871" /><G5/><T58/><D58/><U115/><E115/><V87/><F48/><W36/><G36/><T50/><D50/><U120/><E120/><V103/><F103/><W112/><G112/><T117/><D117/><U45/><E38/><V118/><F118/><W99/><G99/><T101/><REACH who="0" step="1"/><D20/><REACH who="0" ten="240,250,250,250" step="2"/><U71/><E71/><V54/><F54/><W9/><G43/><T31/><AGARI ba="0,1" hai="2,3,8,10,11,21,25,31,85,91,94,98,101,105" machi="31" ten="30,6000,0" yaku="1,1,2,1,0,1,53,0" doraHai="44" doraHaiUra="116" who="0" fromWho="0" sc="240,70,250,-20,250,-20,250,-20" /><INIT seed="0,1,0,5,2,31" ten="310,230,230,230" oya="0" hai0="67,36,97,22,96,74,71,54,101,85,75,73,80" hai1="62,17,35,56,106,94,47,98,84,103,89,53,111" hai2="77,21,11,112,10,100,4,91,69,134,42,37,129" hai3="117,19,33,51,14,12,52,13,45,3,44,32,58"/><T9/><D36/><U135/><E111/><V76/><F112/><W1/><G117/><T15/><D22/><U72/><E135/><V130/><F69/><W118/><G118/><T114/><D114/><U27/><E72/><V95/><F134/><W125/><G125/><T68/><D54/><U104/><E47/><N who="2" m="24015" /><F21/><W66/><G19/><T40/><D40/><U92/><REACH who="1" step="1"/><E17/><REACH who="1" ten="310,220,230,230" step="2"/><V128/><F128/><W20/><G45/><T105/><D74/><U2/><E2/><V107/><F130/><W115/><G115/><T119/><D75/><U127/><E127/><V39/><F129/><W24/><G1/><T5/><D73/><U108/><E108/><V78/><F39/><W99/><G3/><T55/><D119/><U61/><E61/><V25/><F4/><W64/><G44/><T38/><D38/><U43/><E43/><V93/><F77/><W113/><G113/><T16/><D5/><U8/><E8/><V65/><F78/><W87/><G99/><T29/><D96/><U123/><E123/><V122/><F76/><W26/><G87/><T131/><D131/><U57/><E57/><V63/><F122/><W34/><REACH who="3" step="1"/><G20/><REACH who="3" ten="310,220,230,220" step="2"/><T59/><D16/><U90/><E90/><V60/><F91/><W23/><G23/><T7/><D85/><U120/><E120/><V49/><F10/><W126/><G126/><T109/><D97/><U86/><E86/><V28/><F11/><W121/><G121/><T124/><D9/><U116/><E116/><V81/><F60/><W48/><G48/><T0/><D124/><U110/><E110/><V30/><F49/><RYUUKYOKU ba="1,2" sc="310,-15,220,15,230,-15,220,15" hai1="27,35,53,56,62,84,89,92,94,98,103,104,106" hai3="12,13,14,24,26,32,33,34,51,52,58,64,66" /><INIT seed="1,2,2,4,1,91" ten="295,235,215,235" oya="1" hai0="92,131,75,18,130,132,64,134,112,27,54,79,38" hai1="17,93,40,86,65,9,113,67,126,129,6,45,13" hai2="103,135,7,105,96,117,60,61,133,102,10,29,71" hai3="11,101,5,114,58,43,109,124,94,77,118,37,85"/><U76/><E113/><V53/><F117/><W97/><G114/><T41/><D112/><U127/><E129/><N who="0" m="49161" /><D64/><U121/><E121/><V82/><F29/><W69/><G118/><T3/><D3/><U55/><E55/><V116/><F116/><W111/><G69/><T21/><D54/><U52/><E52/><V84/><F102/><W51/><G51/><T104/><D104/><U83/><E17/><V24/><F24/><W62/><G124/><N who="1" m="47658" /><E93/><V99/><F99/><W73/><G73/><T57/><D57/><U72/><E72/><V110/><F110/><N who="3" m="41995" /><G37/><AGARI ba="2,2" hai="6,9,13,37,40,45,65,67,76,83,86" m="47658" machi="37" ten="30,1500,0" yaku="18,1" doraHai="91" who="1" fromWho="3" sc="295,0,235,41,215,0,235,-21" /><INIT seed="1,3,0,1,3,120" ten="295,276,215,214" oya="1" hai0="48,11,45,131,114,124,94,100,31,33,130,9,83" hai1="113,103,32,65,132,123,95,82,18,84,22,135,4" hai2="14,34,20,23,1,99,7,71,27,66,127,43,50" hai3="110,81,87,16,21,0,125,79,29,61,51,86,73"/><U26/><E123/><V128/><F1/><W49/><G125/><T17/><D124/><U5/><E32/><V64/><F127/><W119/><G0/><T122/><D122/><U62/><E113/><V36/><F36/><W58/><G119/><T106/><D106/><U8/><E95/><V25/><F34/><W85/><G29/><T118/><D118/><U78/><E103/><V35/><F35/><W70/><G70/><T10/><D114/><U126/><E126/><V96/><F71/><W19/><G110/><T57/><D57/><U2/><REACH who="1" step="1"/><E5/><REACH who="1" ten="295,266,215,214" step="2"/><V102/><F7/><W88/><G81/><T108/><D94/><U44/><E44/><V28/><F102/><W97/><G97/><T12/><D100/><U63/><E63/><V111/><F99/><W40/><G61/><T121/><D83/><U80/><E80/><V56/><F96/><W74/><G74/><T46/><D121/><U42/><E42/><V52/><F43/><W3/><G73/><T104/><D33/><U55/><E55/><V134/><F52/><W75/><G75/><T98/><D98/><U116/><E116/><V101/><F101/><W91/><G40/><T107/><D46/><U13/><E13/><V77/><F14/><W69/><G3/><T109/><D45/><U92/><E92/><V59/><F64/><W6/><G6/><T53/><D53/><U117/><E117/><V105/><F66/><W30/><G85/><T133/><D12/><U38/><E38/><V76/><F105/><W37/><G86/><T89/><D104/><U67/><E67/><V90/><F50/><RYUUKYOKU ba="3,1" sc="295,-10,266,30,215,-10,214,-10" hai1="2,4,8,18,22,26,62,65,78,82,84,132,135" /><INIT seed="1,4,1,2,4,106" ten="285,296,205,204" oya="1" hai0="70,11,85,18,74,25,122,86,101,121,15,103,21" hai1="98,65,34,130,14,80,64,60,31,131,5,27,78" hai2="128,109,59,1,4,49,76,83,124,77,56,63,91" hai3="12,37,97,132,82,52,104,22,61,3,10,87,46"/><U108/><E108/><V94/><F109/><W17/><G132/><T135/><D70/><U24/><E24/><V33/><F33/><W20/><G37/><T68/><D68/><U42/><E42/><V2/><F128/><N who="1" m="49193" /><E60/><V129/><F129/><W79/><G3/><T95/><D74/><N who="1" m="43095" /><E98/><V30/><F30/><W54/><G104/><T120/><D135/><U32/><E34/><V38/><F124/><W117/><G117/><T99/><REACH who="0" step="1"/><D103/><REACH who="0" ten="275,296,205,204" step="2"/><U6/><E6/><AGARI ba="4,2" hai="6,11,15,18,21,25,85,86,95,99,101,120,121,122" machi="6" ten="40,5200,0" yaku="1,1,2,1,13,1,53,0" doraHai="106" doraHaiUra="107" who="0" fromWho="1" sc="275,84,296,-64,205,0,204,0" /><INIT seed="2,0,0,1,1,47" ten="359,232,205,204" oya="2" hai0="17,115,84,68,128,100,106,121,74,56,67,13,50" hai1="105,43,113,5,126,45,51,42,33,75,102,125,92" hai2="97,96,41,98,89,24,133,25,73,30,135,93,120" hai3="111,52,134,95,23,32,55,79,94,14,4,15,78"/><V2/><F120/><W19/><G32/><T38/><D74/><U44/><E75/><V26/><F73/><W9/><G111/><T129/><D121/><U11/><E33/><V101/><F2/><W118/><G118/><T7/><D7/><U114/><E105/><V77/><F77/><N who="3" m="29195" /><G134/><N who="2" m="51209" /><F41/><W35/><G35/><T76/><D38/><U72/><E72/><V49/><F49/><W63/><G63/><T117/><D68/><U130/><E130/><V27/><F101/><W37/><G37/><T87/><D115/><U58/><E58/><V83/><F83/><W62/><G62/><T48/><D117/><U64/><E64/><V21/><AGARI ba="0,0" hai="21,24,25,26,27,30,89,93,96,97,98" m="51209" machi="21" ten="30,1500,0" yaku="20,1" doraHai="47" who="2" fromWho="2" sc="359,-5,232,-5,205,15,204,-5" /><INIT seed="2,1,0,1,0,51" ten="354,227,220,199" oya="2" hai0="102,93,74,47,90,10,2,45,81,77,129,85,63" hai1="56,98,38,32,12,112,123,118,119,105,46,108,103" hai2="75,104,130,78,53,37,120,60,134,25,48,5,50" hai3="96,41,39,26,131,42,28,30,125,13,107,57,91"/><V83/><F120/><W95/><G125/><T11/><D129/><U67/><E123/><V99/><F37/><W1/><G1/><T124/><D124/><U69/><E56/><V62/><F130/><W40/><G131/><T34/><D34/><U9/><E32/><V113/><F113/><W82/><G39/><T79/><D79/><U16/><E112/><V116/><F116/><W24/><G107/><T114/><D114/><U71/><E108/><V110/><F134/><W29/><G13/><T109/><D109/><U128/><E128/><V17/><F110/><W133/><G133/><T4/><D11/><U117/><REACH who="1" step="1"/><E67/><REACH who="1" ten="354,217,220,199" step="2"/><V0/><F75/><W15/><G57/><T27/><D74/><U70/><E70/><V126/><F126/><W31/><G31/><T132/><D132/><U94/><E94/><V73/><F104/><W76/><REACH who="3" step="1"/><G15/><REACH who="3" ten="354,217,220,189" step="2"/><T35/><D2/><U111/><E111/><V55/><F0/><W7/><G7/><T127/><D4/><U115/><E115/><V66/><F5/><W80/><G80/><T68/><D81/><U101/><E101/><V20/><F83/><W58/><G58/><T72/><D102/><U54/><E54/><V18/><F55/><W106/><G106/><T49/><D127/><U86/><E86/><AGARI ba="1,2" hai="24,26,28,29,30,40,41,42,76,82,86,91,95,96" machi="86" ten="40,2600,0" yaku="1,1,8,1,53,0" doraHai="51" doraHaiUra="100" who="3" fromWho="1" sc="354,0,217,-29,220,0,189,49" /><INIT seed="3,0,0,0,5,52" ten="354,188,220,238" oya="3" hai0="130,35,123,56,10,110,81,38,51,11,22,93,23" hai1="50,85,82,58,111,43,94,30,28,106,66,67,126" hai2="128,33,65,1,59,18,61,115,25,40,29,125,121" hai3="27,79,53,109,132,124,118,90,88,57,77,17,62"/><W76/><G118/><T34/><D38/><U119/><E106/><V44/><F115/><W127/><G132/><T112/><D81/><U41/><E119/><V21/><F128/><W74/><G74/><T80/><D80/><U69/><E69/><V32/><F125/><N who="3" m="48203" /><G109/><T78/><D78/><U116/><E116/><V91/><F121/><W107/><G107/><T96/><D93/><U98/><E111/><V13/><F1/><W73/><G73/><T104/><D104/><U84/><E84/><V12/><F91/><N who="3" m="34859" /><G17/><T46/><D110/><U70/><E70/><V68/><F13/><W55/><G27/><T16/><D16/><U86/><E126/><V60/><F12/><W42/><G42/><T31/><D123/><U4/><E43/><V101/><F18/><W64/><AGARI ba="0,0" hai="53,55,57,62,64,76,77,79" m="34859,48203" machi="64" ten="40,7800,0" yaku="18,1,52,1,54,1" doraHai="52" who="3" fromWho="3" sc="354,-26,188,-26,220,-26,238,78" /><INIT seed="3,1,0,1,1,126" ten="328,162,194,316" oya="3" hai0="12,123,121,125,88,70,87,9,100,58,29,79,53" hai1="18,105,48,69,119,111,76,6,134,60,38,130,59" hai2="112,99,117,1,65,98,54,25,10,72,131,133,92" hai3="118,64,81,34,5,104,107,132,55,61,110,56,44"/><W50/><G118/><T101/><D70/><U3/><E105/><V66/><F117/><W27/><G132/><T23/><D125/><U33/><E38/><V129/><F112/><W35/><G110/><T31/><D79/><U83/><E119/><V78/><F133/><W82/><G5/><N who="0" m="3119" /><D123/><U71/><E134/><V0/><F54/><W28/><REACH who="3" step="1"/><G35/><REACH who="3" ten="328,162,194,306" step="2"/><T62/><D121/><U13/><E111/><V16/><F1/><W4/><G4/><T93/><D23/><U115/><E33/><V41/><F0/><W49/><G49/><T68/><D68/><U46/><E6/><V128/><F10/><W30/><G30/><AGARI ba="1,1" hai="29,30,31,53,58,62,87,88,93,100,101" m="3119" machi="30" ten="30,2000,0" yaku="8,1,54,1" doraHai="126" who="0" fromWho="3" sc="328,33,162,0,194,0,306,-23" /><INIT seed="4,0,0,0,3,111" ten="361,162,194,283" oya="0" hai0="130,49,124,120,13,14,60,18,103,123,70,41,57" hai1="69,21,40,66,8,27,36,76,63,82,22,5,1" hai2="106,98,33,15,83,72,87,38,81,129,3,92,19" hai3="61,97,122,26,16,119,127,116,54,48,121,2,47"/><T24/><D130/><U53/><E53/><V50/><F129/><W20/><G127/><T44/><D124/><U0/><E0/><V101/><F38/><W45/><G2/><T104/><D70/><U128/><E128/><V34/><F3/><W80/><G61/><T62/><D24/><U12/><E12/><V28/><F28/><W91/><G47/><T42/><D42/><U117/><E117/><V110/><F110/><W29/><G29/><T115/><D115/><U108/><E108/><V68/><F68/><W25/><G25/><T105/><D14/><U74/><REACH who="1" step="1"/><E27/><REACH who="1" ten="361,152,194,283" step="2"/><V126/><F126/><W52/><G54/><T114/><D13/><U78/><E78/><V11/><F15/><W71/><G119/><T32/><D120/><U133/><E133/><V113/><F11/><W99/><G116/><T86/><D123/><N who="3" m="47113" /><G71/><T100/><D41/><U9/><E9/><V39/><F113/><W64/><G64/><T84/><D114/><U23/><E23/><V67/><F67/><W95/><G80/><T131/><D131/><U46/><AGARI ba="0,1" hai="1,5,8,21,22,36,40,46,63,66,69,74,76,82" machi="46" ten="30,7900,0" yaku="1,1,0,1,25,2,53,0" doraHai="111" doraHaiUra="55" who="1" fromWho="1" sc="361,-39,152,89,194,-20,283,-20" /><INIT seed="5,0,0,5,2,92" ten="322,241,174,263" oya="1" hai0="106,59,105,134,80,88,31,104,28,33,5,72,25" hai1="70,95,44,64,98,86,113,30,42,121,89,78,34" hai2="108,101,23,68,32,47,38,84,107,57,15,0,114" hai3="26,36,29,21,10,125,67,56,133,2,115,48,127"/><U58/><E70/><V53/><F108/><W11/><G36/><T110/><D110/><U94/><E121/><V3/><F32/><W14/><G115/><T77/><D134/><U135/><E113/><V128/><F68/><W82/><G133/><T63/><D5/><U12/><E135/><V39/><F114/><W13/><G82/><T130/><D130/><U99/><E34/><V76/><F128/><W132/><G132/><T102/><D31/><U37/><E30/><V20/><F84/><W41/><G41/><T74/><D88/><U124/><E124/><N who="3" m="47690" /><G48/><T45/><D45/><U43/><E43/><V73/><F76/><W66/><G2/><T79/><D79/><U4/><E78/><V100/><F73/><W65/><G56/><T19/><D74/><U97/><E64/><V8/><F47/><W6/><G67/><T46/><D46/><U129/><E58/><V96/><F3/><W40/><G40/><T116/><D116/><U109/><E129/><V16/><F0/><W81/><G81/><T71/><D71/><U50/><E109/><V131/><F131/><W93/><G93/><T83/><D80/><N who="1" m="49351" /><E37/><V123/><F123/><W49/><G49/><T103/><D105/><U18/><E4/><AGARI ba="0,0" hai="4,6,10,11,13,14,21,26,29,65,66" m="47690" machi="4" ten="30,1000,0" yaku="18,1" doraHai="92" who="3" fromWho="1" sc="322,0,241,-10,174,0,263,10" /><INIT seed="6,0,0,1,2,67" ten="322,231,174,273" oya="2" hai0="8,41,78,126,55,17,121,45,22,123,39,95,105" hai1="20,40,86,23,115,69,12,34,109,35,0,101,37" hai2="49,56,31,117,79,60,118,27,134,92,28,72,111" hai3="98,42,74,7,71,77,13,19,106,24,26,130,110"/><V73/><F134/><W48/><G110/><T38/><D105/><U102/><E0/><V21/><F111/><W6/><G74/><T100/><D78/><U36/><E86/><V124/><F124/><W29/><G71/><T82/><D82/><U70/><E109/><V119/><F79/><W53/><G42/><T43/><D126/><U125/><E125/><V52/><F31/><W94/><G106/><T66/><D66/><U133/><E40/><V97/><REACH who="2" step="1"/><F60/><REACH who="2" ten="322,231,164,273" step="2"/><W1/><G77/><T44/><D123/><U2/><E133/><V88/><AGARI ba="0,1" hai="21,27,28,49,52,56,72,73,88,92,97,117,118,119" machi="88" ten="30,12000,1" yaku="1,1,2,1,0,1,54,2,53,0" doraHai="67" doraHaiUra="65" who="2" fromWho="2" sc="322,-40,231,-40,164,130,273,-40" /><INIT seed="6,1,0,1,2,38" ten="282,191,294,233" oya="2" hai0="83,28,50,80,45,34,122,53,114,104,71,48,11" hai1="129,90,119,115,58,44,125,81,123,62,120,46,3" hai2="100,118,0,31,74,111,117,52,82,32,134,102,99" hai3="92,36,18,1,131,10,110,13,9,97,40,88,15"/><V70/><F0/><W124/><G110/><T108/><D108/><U56/><E3/><V43/><F111/><W25/><G124/><T54/><D122/><N who="1" m="46635" /><E90/><V41/><F70/><W5/><G131/><T78/><D104/><U116/><E81/><V106/><F134/><W17/><G25/><T30/><D71/><U109/><E109/><V7/><F7/><W55/><G55/><T2/><D114/><U91/><E91/><V59/><F102/><W42/><G36/><T72/><D34/><U47/><E115/><V95/><F106/><W94/><G94/><T121/><D121/><U130/><E125/><V112/><F112/><W23/><AGARI ba="1,0" hai="1,5,9,10,13,15,17,18,23,40,42,88,92,97" machi="23" ten="20,8000,1" yaku="0,1,7,1,52,2,54,1" doraHai="38" who="3" fromWho="3" sc="282,-21,191,-21,294,-41,233,83" /><INIT seed="7,0,0,2,3,111" ten="261,170,253,316" oya="3" hai0="119,116,24,73,50,11,48,51,76,92,3,114,83" hai1="18,31,102,122,80,35,87,93,41,20,44,63,133" hai2="79,118,36,115,86,54,95,78,38,124,53,47,94" hai3="32,16,10,0,64,100,96,62,97,26,46,58,21"/><W69/><G32/><T55/><D24/><U131/><E133/><V108/><F108/><W37/><G69/><T14/><D3/><U117/><E131/><V123/><F47/><W130/><G130/><T75/><D75/><U82/><E122/><V33/><F86/><W61/><G61/><T90/><D55/><U81/><E117/><V4/><F118/><W12/><G0/><T19/><REACH who="0" step="1"/><D114/><REACH who="0" ten="251,170,253,316" step="2"/><U74/><E74/><V132/><F33/><W104/><G97/><AGARI ba="0,1" hai="11,14,19,48,50,51,73,76,83,90,92,97,116,119" machi="97" ten="40,8000,1" yaku="1,1,2,1,53,3" doraHai="111" doraHaiUra="45" who="0" fromWho="3" sc="251,90,170,0,253,0,316,-80" owari="341,44.0,170,-33.0,253,5.0,236,-16.0" /></mjloggm>