<mjloggm ver="2.3"><GO type="225" lobby="0"/><UN n0="%E3%82%82%E3%82%81%E3%82%93%E3%81%AA%E3%81%A1%E3%82%83%E3%81%84" n1="%6A%64%75%68%67%72%79" n2="%6D%6F%6B%61%2D" n3="%E5%B0%B1%E6%B4%BB%E7%94%9F%40%E5%B7%9D%E6%9D%91%E8%BB%8D%E5%9B%A3" dan="17,16,16,16" rate="2158.43,2098.08,2095.20,2057.76" sx="F,M,M,M"/><TAIKYOKU oya="0"/><INIT seed="0,0,0,5,4,73" ten="250,250,250,250" oya="0" hai0="53,88,66,35,59,93,42,122,87,109,108,99,51" hai1="117,46,83,29,106,135,131,100,96,0,37,69,25" hai2="22,21,63,12,16,132,124,91,71,86,113,118,74" hai3="126,26,95,33,89,81,92,1,41,79,8,84,105"/><T40/><D122/><U64/><E117/><V3/><F113/><W31/><G105/><T20/><D35/><N who="1" m="20911" /><E131/><V23/><F3/><W133/><G133/><T123/><D123/><U116/><E116/><V90/><F74/><W10/><G126/><T78/><D66/><U70/><E135/><V52/><F132/><W39/><G1/><T47/><D20/><U120/><E120/><V98/><F118/><W112/><G112/><T9/><D9/><U58/><E58/><N who="2" m="35271" /><F71/><N who="1" m="27145" /><E64/><V128/><F128/><W19/><G19/><T5/><D5/><U119/><E119/><V134/><F124/><W24/><G24/><T18/><D18/><U2/><E83/><N who="2" m="49503" /><F134/><W13/><G95/><AGARI ba="0,0" hai="12,16,21,22,23,91,95,98" m="49503,35271" machi="95" ten="30,3900,0" yaku="8,1,54,2" doraHai="73" who="2" fromWho="3" sc="250,0,250,0,250,39,250,-39" /><INIT seed="1,0,0,0,5,21" ten="250,250,289,211" oya="1" hai0="76,130,48,40,58,62,118,29,86,127,81,84,126" hai1="26,124,14,72,5,103,132,96,113,90,91,131,3" hai2="122,79,133,87,125,45,110,17,42,30,22,7,112" hai3="4,98,135,60,36,46,129,102,71,12,97,13,18"/><U27/><E113/><V35/><F110/><W2/><G129/><T44/><D118/><U47/><E3/><V77/><F122/><W92/><G135/><T67/><D130/><U51/><E72/><V23/><F35/><W31/><G2/><T9/><D29/><U68/><E68/><V74/><F74/><W99/><G31/><T123/><D123/><U82/><E124/><N who="0" m="47657" /><D9/><N who="1" m="4399" /><E132/><V1/><F125/><W49/><G36/><T10/><D10/><U50/><E131/><V121/><F121/><W100/><G4/><T93/><D93/><N who="1" m="58767" /><E50/><V111/><F1/><W63/><G13/><T107/><D107/><U56/><E56/><V61/><F133/><W94/><G71/><T20/><D20/><U66/><E66/><V34/><F23/><W89/><G89/><N who="1" m="33802" /><E82/><V109/><F112/><W65/><G65/><T101/><D101/><U69/><E69/><V25/><F61/><W19/><G99/><T37/><D37/><U32/><E32/><V57/><F57/><W11/><G19/><T108/><D108/><N who="2" m="41546" /><F87/><AGARI ba="0,0" hai="40,44,48,58,62,67,76,81,84,86,87" m="47657" machi="87" ten="30,1000,0" yaku="18,1" doraHai="21" who="0" fromWho="2" sc="250,10,250,0,289,-10,211,0" /><INIT seed="2,0,0,2,4,55" ten="260,250,279,211" oya="2" hai0="93,122,80,3,120,23,15,112,0,121,51,33,24" hai1="62,56,49,32,97,58,109,41,71,52,19,44,4" hai2="107,73,72,40,20,92,45,88,123,28,129,65,104" hai3="27,35,115,130,39,53,70,76,63,116,74,82,77"/><V110/><F123/><W118/><G115/><T81/><D93/><U16/><E32/><V111/><F65/><W103/><G130/><T66/><D51/><N who="1" m="27023" /><E71/><V106/><F129/><W10/><G77/><T8/><D66/><N who="1" m="39239" /><E109/><N who="2" m="41483" /><F20/><W17/><G103/><T131/><D80/><U11/><E97/><N who="2" m="57479" /><F28/><W22/><G35/><T21/><D21/><U12/><AGARI ba="0,0" hai="4,11,12,16,19,49,52,58" m="39239,27023" machi="12" ten="30,8000,1" yaku="8,1,52,2,54,2" doraHai="55" who="1" fromWho="1" sc="260,-20,250,80,279,-40,211,-20" /><INIT seed="3,0,0,3,2,51" ten="240,330,239,191" oya="3" hai0="126,4,73,96,59,26,32,0,41,55,119,115,35" hai1="68,127,90,65,54,121,37,100,64,1,45,132,44" hai2="116,89,29,56,95,94,38,120,131,87,124,91,46" hai3="23,27,43,133,6,70,47,61,84,9,7,123,135"/><W71/><G123/><T108/><D41/><N who="1" m="22575" /><E90/><V76/><F116/><W109/><G109/><T5/><D126/><U67/><E100/><V66/><F131/><W75/><G75/><T12/><D5/><U21/><E21/><V19/><F124/><W58/><G84/><T25/><D73/><U97/><E97/><V40/><F76/><W39/><G7/><T99/><D59/><U83/><E83/><V33/><F120/><W13/><G133/><T74/><D55/><U62/><E1/><V77/><F77/><W125/><G125/><T82/><D115/><U8/><E8/><V17/><F33/><W31/><REACH who="3" step="1"/><G135/><REACH who="3" ten="240,330,239,181" step="2"/><T63/><D108/><U60/><E127/><V117/><F117/><W72/><G72/><T98/><D74/><U111/><E121/><V16/><F29/><W130/><G130/><T49/><D4/><U10/><E111/><V48/><F19/><W53/><AGARI ba="0,1" hai="6,9,13,23,27,31,39,43,47,53,58,61,70,71" machi="53" ten="20,7800,0" yaku="1,1,0,1,7,1,52,1,53,0" doraHai="51" doraHaiUra="101" who="3" fromWho="3" sc="240,-26,330,-26,239,-26,181,88" /><INIT seed="3,1,0,5,4,85" ten="214,304,213,269" oya="3" hai0="0,14,66,125,96,130,19,94,68,123,50,81,15" hai1="91,83,135,100,52,44,106,77,39,23,26,48,128" hai2="79,45,58,12,37,42,29,120,65,132,89,121,1" hai3="98,59,18,76,11,97,43,21,25,111,4,86,87"/><W51/><G111/><T5/><D130/><U101/><E128/><V116/><F1/><W8/><G86/><T41/><D123/><N who="2" m="47178" /><F116/><W88/><G76/><T57/><D125/><U27/><E39/><V74/><F132/><W109/><G109/><T64/><D0/><U107/><E135/><V134/><F134/><W113/><G113/><T24/><D68/><U105/><E91/><V31/><F12/><N who="0" m="4650" /><D5/><U92/><E92/><V104/><F104/><W60/><G51/><T6/><D6/><U122/><E122/><V53/><F65/><N who="0" m="25194" /><D81/><U93/><E93/><V55/><F55/><N who="3" m="33919" /><G43/><T118/><D118/><U133/><E133/><V20/><F89/><W82/><G4/><T114/><D114/><U112/><E112/><V70/><F70/><W80/><G80/><T73/><D73/><U75/><REACH who="1" step="1"/><E27/><REACH who="1" ten="214,294,213,269" step="2"/><V115/><F115/><W102/><G102/><T84/><D24/><U3/><E3/><V38/><F38/><W47/><G97/><T129/><D129/><U95/><E95/><V119/><F119/><W9/><G98/><T30/><D96/><U99/><E99/><V126/><F126/><W56/><G82/><T131/><D131/><U54/><E54/><V32/><F32/><W34/><G25/><T2/><D2/><U117/><E117/><V35/><F35/><W49/><G34/><T78/><D41/><U62/><E62/><N who="2" m="36175" /><F20/><W63/><G21/><T67/><D67/><U22/><E22/><V61/><F61/><W40/><G63/><T17/><D94/><U108/><E108/><V124/><F124/><W7/><G7/><T71/><D71/><RYUUKYOKU ba="1,1" sc="214,-15,294,15,213,15,269,-15" hai1="23,26,44,48,52,75,77,83,100,101,105,106,107" hai2="29,31,37,42,45,74,79" owari="199,-30.0,319,42.0,228,-17.0,254,5.0" /></mjloggm>