<mjloggm ver="2.3"><GO type="41" lobby="0"/><UN n0="%48%46" n1="%E5%B0%B1%E6%B4%BB%E7%94%9F%40%E5%B7%9D%E6%9D%91%E8%BB%8D%E5%9B%A3" n2="%E6%B9%96%E4%B8%8A%E3%81%AE%E9%A8%8E%E5%A3%AB" n3="%EF%BC%98%EF%BC%98%E5%BC%8F%E5%9C%B0%E5%AF%BE%E8%89%A6%E8%AA%98%E5%B0%8E" dan="13,15,16,14" rate="1832.61,1995.87,1989.74,1866.68" sx="M,M,M,M"/><TAIKYOKU oya="0"/><INIT seed="0,0,0,4,4,60" ten="250,250,250,250" oya="0" hai0="52,19,66,92,76,44,43,101,84,57,95,122,72" hai1="89,23,90,4,69,68,49,108,12,134,0,88,50" hai2="83,48,107,39,74,6,80,10,14,126,96,97,47" hai3="117,63,65,118,37,8,58,2,32,133,100,114,38"/><T106/><D122/><U36/><E36/><V112/><F112/><W1/><G114/><T111/><D72/><U11/><E134/><V5/><F126/><W53/><G133/><T26/><D111/><U119/><E108/><V61/><F107/><W73/><G32/><T131/><D131/><U17/><E119/><V42/><F6/><W115/><G115/><T3/><D66/><U41/><E41/><V55/><F74/><W25/><G25/><T29/><D3/><U54/><REACH who="1" step="1"/><E50/><REACH who="1" ten="250,240,250,250" step="2"/><V27/><F39/><W99/><G38/><T71/><D43/><U103/><E103/><V123/><F123/><W105/><G37/><T132/><D101/><U127/><E127/><V98/><F42/><W91/><G118/><T130/><D132/><U110/><E110/><V33/><F61/><W128/><G117/><T16/><D130/><U56/><AGARI ba="0,1" hai="0,4,11,12,17,23,49,54,56,68,69,88,89,90" machi="56" ten="30,4000,0" yaku="1,1,0,1,54,1,53,0" doraHai="60" doraHaiUra="30" who="1" fromWho="1" sc="250,-20,240,50,250,-10,250,-10" /><INIT seed="1,0,0,2,5,96" ten="230,290,240,240" oya="1" hai0="5,83,13,35,27,52,70,47,98,95,1,2,76" hai1="28,88,79,103,122,29,78,110,80,127,93,19,12" hai2="99,51,106,4,16,90,63,24,109,114,60,129,133" hai3="39,40,41,23,92,118,6,71,65,42,17,108,130"/><U68/><E122/><V115/><F4/><W25/><G108/><T11/><D70/><U86/><E68/><V97/><F109/><W82/><G39/><T46/><D35/><U112/><E127/><V66/><F133/><W62/><G130/><T69/><D69/><U44/><E112/><N who="2" m="43051" /><F129/><W84/><G6/><T123/><D27/><U20/><E110/><V55/><F66/><W102/><G118/><T3/><D123/><U48/><E79/><V61/><F90/><W117/><G117/><T14/><D13/><U105/><E105/><V9/><F106/><W32/><G32/><T111/><D111/><U100/><E29/><V58/><F9/><W34/><G34/><T85/><REACH who="0" step="1"/><D52/><REACH who="0" ten="220,290,240,240" step="2"/><N who="1" m="29703" /><E28/><V56/><F56/><W113/><G113/><T120/><D120/><U132/><E132/><V43/><F43/><W119/><G119/><T8/><D8/><U73/><E73/><V36/><F36/><W125/><G42/><T94/><D94/><U91/><E78/><V31/><F31/><W101/><G92/><T77/><D77/><U72/><E72/><V18/><F24/><W81/><G41/><T22/><D22/><U64/><E64/><V59/><F59/><W107/><G40/><T21/><D21/><U124/><E124/><V53/><F53/><W135/><G125/><T87/><D87/><AGARI ba="0,1" hai="12,19,20,80,86,87,88,91,93,100,103" m="29703" machi="87" ten="30,12000,1" yaku="8,1,52,2,54,2" doraHai="96" who="1" fromWho="0" sc="220,-120,290,130,240,0,240,0" /><INIT seed="1,1,0,4,3,72" ten="100,420,240,240" oya="1" hai0="112,119,80,83,42,4,65,35,56,125,66,14,79" hai1="84,41,52,127,95,43,21,49,62,7,91,10,122" hai2="30,117,45,51,129,31,20,44,2,67,102,68,6" hai3="69,118,0,131,64,89,82,115,38,108,47,12,26"/><U16/><E122/><V36/><F117/><W99/><G0/><T76/><D119/><U73/><E73/><V77/><F129/><W78/><G115/><T5/><D112/><U88/><E62/><V75/><F102/><W71/><G131/><T54/><D35/><U70/><E70/><V24/><F67/><N who="0" m="25610" /><D42/><U23/><E127/><V46/><F68/><W18/><G71/><T124/><D14/><N who="1" m="5471" /><E91/><V97/><F97/><W55/><G118/><T50/><D125/><U126/><E23/><V123/><F123/><W61/><G89/><T63/><D63/><U87/><E87/><V58/><F31/><W33/><G99/><T8/><D124/><U107/><E107/><V110/><F110/><W85/><G55/><T134/><D134/><U116/><E116/><V29/><F29/><W101/><G108/><T15/><D5/><U132/><E132/><V111/><F111/><W48/><G38/><T109/><D109/><U22/><E22/><V105/><F105/><W9/><G101/><T93/><D93/><U81/><E95/><V106/><F106/><W133/><G133/><T57/><D57/><N who="1" m="32911" /><E126/><V135/><F135/><W130/><G130/><T100/><D100/><U27/><AGARI ba="1,0" hai="16,21,27,41,43,81,84,88" m="32911,5471" machi="27" ten="30,11700,0" yaku="8,1,54,3" doraHai="72" who="1" fromWho="1" sc="100,-40,420,120,240,-40,240,-40" /><INIT seed="1,2,0,3,4,133" ten="60,540,200,200" oya="1" hai0="115,63,30,101,36,73,90,53,70,22,19,116,97" hai1="113,85,40,68,117,24,10,128,2,7,71,61,69" hai2="100,25,45,104,43,91,105,127,82,38,125,6,84" hai3="29,14,65,23,26,64,86,89,120,107,111,79,131"/><U46/><E117/><V20/><F6/><W114/><G107/><T27/><D116/><U58/><E113/><V3/><F3/><W1/><G120/><T106/><D73/><U129/><E24/><V109/><F109/><W16/><G111/><T9/><D115/><U35/><E35/><V77/><F91/><W124/><G114/><T44/><D90/><U48/><REACH who="1" step="1"/><E85/><REACH who="1" ten="60,530,200,200" step="2"/><V93/><F25/><W5/><G26/><T102/><D27/><U135/><E135/><V92/><F20/><W31/><G23/><T17/><D106/><U134/><E134/><V21/><F21/><W74/><G74/><T83/><D22/><U33/><E33/><V80/><F105/><W62/><G31/><T108/><D30/><U88/><E88/><V15/><F104/><W98/><G29/><T126/><D101/><U78/><E78/><V54/><F100/><W59/><G79/><T42/><D102/><U103/><E103/><V28/><F28/><W75/><G89/><T95/><D108/><U39/><E39/><V87/><F77/><W56/><G86/><T123/><D42/><U37/><E37/><V52/><F38/><W99/><G75/><T118/><D118/><U81/><E81/><V49/><F43/><W50/><G50/><T0/><D36/><U130/><E130/><V51/><F45/><W60/><G131/><T13/><D44/><U94/><E94/><V32/><F32/><W67/><G62/><T12/><D95/><U55/><AGARI ba="2,1" hai="2,7,10,40,46,48,55,58,61,68,69,71,128,129" machi="55" ten="40,3900,0" yaku="1,1,0,1,53,0" doraHai="133" doraHaiUra="18" who="1" fromWho="1" sc="60,-15,530,55,200,-15,200,-15" /><INIT seed="1,3,0,1,3,61" ten="45,585,185,185" oya="1" hai0="116,59,134,97,23,27,127,55,34,132,91,46,32" hai1="10,43,3,122,123,126,69,17,81,84,6,51,80" hai2="30,15,120,40,131,104,19,66,130,33,2,1,79" hai3="18,37,89,124,54,135,100,62,133,105,88,58,112"/><U77/><E69/><V56/><F104/><W106/><G37/><T7/><D116/><U102/><E126/><V35/><F79/><W71/><G112/><T109/><D127/><U29/><E29/><V98/><F40/><W12/><G124/><T70/><D70/><U82/><E102/><V41/><F41/><W114/><G114/><T92/><D109/><U110/><E110/><V48/><F98/><W115/><G71/><T76/><D76/><U78/><E17/><V129/><F120/><W26/><G26/><T93/><D7/><U38/><E80/><V63/><F48/><W86/><G89/><T13/><D46/><N who="1" m="23927" /><E51/><V24/><F35/><W121/><G121/><T57/><D13/><U107/><E107/><V44/><F44/><W45/><G45/><T49/><D59/><U68/><E68/><V99/><F99/><W0/><G0/><T95/><D134/><N who="3" m="51209" /><G100/><T103/><D132/><U94/><E94/><V90/><F90/><W11/><G115/><T67/><D67/><U22/><E22/><AGARI ba="3,0" hai="1,2,15,19,22,24,30,33,56,63,66,129,130,131" machi="22" ten="40,2600,0" yaku="19,1,52,1" doraHai="61" who="2" fromWho="1" sc="45,0,585,-35,185,35,185,0" /><INIT seed="2,0,0,4,2,83" ten="45,550,220,185" oya="2" hai0="94,0,24,103,96,125,97,59,90,38,5,111,127" hai1="12,132,89,41,100,58,99,60,116,95,67,17,134" hai2="32,78,65,84,74,57,131,52,34,33,105,66,123" hai3="2,49,10,72,14,53,109,130,69,26,98,29,43"/><V62/><F105/><W48/><G69/><T135/><D111/><U20/><E41/><V19/><F123/><W64/><G109/><T9/><D38/><U79/><E79/><V15/><F74/><W124/><G64/><T68/><D68/><U91/><REACH who="1" step="1"/><E116/><REACH who="1" ten="45,540,220,185" step="2"/><V93/><F78/><W18/><G43/><T128/><D135/><AGARI ba="0,1" hai="12,17,20,58,60,67,89,91,95,99,100,132,134,135" machi="135" ten="40,8000,1" yaku="1,1,2,1,20,1,53,1" doraHai="83" doraHaiUra="11" who="1" fromWho="0" sc="45,-80,540,90,220,0,185,0" owari="-35,-54.0,630,73.0,220,2.0,185,-21.0" /></mjloggm>