<mjloggm ver="2.3"><GO type="169" lobby="0"/><UN n0="%47%E9%9B%80" n1="%E3%82%A6%E3%83%AB%E3%83%88%E3%83%A9%E7%AB%8B%E7%9B%B4" n2="%E2%98%86%E3%81%99%E3%81%84%E3%81%99%E3%81%84%E2%98%86" n3="%70%69%2D%70%6F" dan="16,17,16,17" rate="2070.74,2174.92,2088.50,2129.05" sx="M,M,M,M"/><TAIKYOKU oya="0"/><INIT seed="0,0,0,2,0,6" ten="250,250,250,250" oya="0" hai0="93,43,105,26,71,90,70,106,48,120,77,91,51" hai1="12,122,58,27,123,24,89,67,111,103,94,17,65" hai2="115,97,98,128,36,9,101,86,7,108,112,114,4" hai3="38,133,1,16,39,95,21,104,118,73,72,35,129"/><T3/><D120/><U62/><E111/><V56/><F36/><W117/><G104/><T78/><D26/><U23/><E103/><V11/><F108/><W100/><G35/><T13/><D13/><U87/><E27/><V8/><F128/><W31/><G31/><T64/><D93/><U19/><REACH who="1" step="1"/><E67/><REACH who="1" ten="250,240,250,250" step="2"/><V113/><F115/><W20/><G100/><T46/><D64/><U25/><E25/><V116/><F116/><W61/><G117/><T83/><D3/><U107/><E107/><V15/><F86/><W14/><G1/><T69/><D105/><U134/><E134/><V81/><F15/><W99/><G14/><T76/><D106/><U53/><E53/><V132/><F132/><W63/><G133/><T74/><D74/><U33/><E33/><V37/><F101/><W109/><G118/><T88/><D83/><U125/><E125/><V41/><F81/><W22/><G109/><T34/><D34/><U47/><E47/><V121/><F121/><W2/><G2/><T127/><D127/><U66/><E66/><V0/><F0/><W28/><G73/><T59/><D59/><U18/><E18/><V30/><F30/><W85/><G16/><T119/><D119/><U55/><E55/><V79/><F113/><W5/><G28/><T68/><N who="0" m="17408" /><DORA hai="126" /><T52/><D52/><U84/><E84/><V44/><F114/><W57/><G85/><T96/><D96/><N who="2" m="36970" /><F112/><W29/><G72/><T131/><D131/><U45/><E45/><V92/><F56/><W130/><G129/><T110/><D110/><U49/><E49/><AGARI ba="0,1" hai="43,46,48,49,51,76,77,78,88,90,91" m="17408" machi="49" ten="80,12000,1" yaku="29,2,54,1" doraHai="6,126" who="0" fromWho="1" sc="250,130,240,-120,250,0,250,0" /><INIT seed="0,1,0,0,0,5" ten="380,120,250,250" oya="0" hai0="133,91,113,114,135,119,101,9,26,76,28,67,93" hai1="32,19,99,33,115,98,38,118,24,85,60,111,100" hai2="2,49,74,20,51,121,109,36,128,77,10,130,69" hai3="21,105,73,34,12,63,70,62,125,132,122,72,4"/><T15/><D101/><U87/><E38/><V17/><F69/><W84/><G34/><T90/><D76/><U96/><E118/><V117/><F36/><W48/><G105/><T86/><D119/><U58/><E115/><V56/><F121/><W1/><G125/><T97/><D67/><U61/><E111/><V47/><F109/><W54/><G1/><T44/><D44/><U120/><E120/><V75/><F77/><W18/><G122/><T106/><D106/><U126/><E126/><V0/><F56/><W65/><G63/><T25/><D25/><U43/><E43/><V40/><F51/><W102/><G132/><N who="0" m="50763" /><D86/><U134/><E134/><V127/><F0/><W30/><G102/><T110/><D90/><U131/><E131/><N who="2" m="50219" /><F127/><W22/><G84/><T94/><D94/><U82/><E100/><V46/><F46/><W50/><G72/><T39/><D39/><U95/><E95/><V42/><F42/><W116/><G73/><T124/><D110/><U41/><E41/><V81/><F117/><W83/><G70/><T79/><D79/><U7/><E85/><V129/><N who="2" m="50227" /><V68/><DORA hai="16" /><F68/><W107/><G116/><T8/><D124/><U59/><E87/><V14/><F81/><W92/><G83/><T66/><D66/><U13/><E82/><V27/><F2/><W37/><G65/><T103/><D103/><U64/><E99/><V3/><F3/><W89/><G37/><T123/><D123/><U6/><E96/><V23/><F27/><W71/><G71/><T45/><D45/><U53/><E98/><V52/><F40/><RYUUKYOKU ba="1,0" sc="380,-10,120,-10,250,30,250,-10" hai2="10,14,17,20,23,47,49,52,74,75" /><INIT seed="1,2,0,4,0,29" ten="370,110,280,240" oya="1" hai0="4,55,49,85,87,124,28,93,32,51,31,111,89" hai1="47,56,68,70,129,41,81,58,17,12,50,133,113" hai2="53,3,123,63,21,40,60,115,100,48,25,13,101" hai3="117,73,6,44,105,88,59,34,64,107,72,33,134"/><U82/><E113/><V66/><F3/><W52/><G64/><T15/><D124/><U127/><E127/><V43/><F123/><W98/><G6/><T84/><D111/><U67/><E129/><V92/><F13/><W126/><G126/><T54/><D4/><U42/><E133/><V114/><F115/><W7/><G7/><T132/><D15/><U131/><E131/><V22/><F48/><W120/><G120/><T106/><D106/><N who="3" m="40457" /><G44/><T102/><D102/><U76/><E82/><V77/><F53/><W2/><G2/><T36/><D132/><U27/><E27/><V1/><F1/><W57/><G134/><T11/><D11/><U0/><E0/><V119/><F66/><W16/><G16/><T83/><D36/><U45/><E17/><V24/><F114/><W19/><G19/><T116/><D83/><U90/><E12/><V121/><F121/><W38/><G38/><T78/><D78/><U96/><E76/><V9/><F77/><W23/><G23/><T112/><D112/><U71/><E81/><V14/><F14/><W109/><G109/><T94/><D85/><U108/><E108/><V125/><F125/><W61/><G59/><N who="1" m="22570" /><E96/><V74/><F9/><W69/><G69/><N who="1" m="26730" /><E90/><V135/><F135/><W128/><G128/><T35/><D89/><U10/><E10/><V75/><F92/><N who="3" m="56583" /><G117/><AGARI ba="2,0" hai="28,31,32,35,49,51,54,55,84,87,93,94,116,117" machi="117" ten="25,6400,0" yaku="22,2,52,2" doraHai="29" who="0" fromWho="3" sc="370,70,110,0,280,0,240,-70" /><AGARI ba="2,0" hai="21,22,24,25,40,43,60,63,74,75,100,101,117,119" machi="117" ten="25,1600,0" yaku="22,2" doraHai="29" who="2" fromWho="3" sc="440,0,110,0,280,16,170,-16" /><INIT seed="2,0,0,0,5,69" ten="440,110,296,154" oya="2" hai0="4,113,129,94,52,102,10,72,14,28,51,24,79" hai1="135,48,125,36,127,53,49,8,73,106,71,11,54" hai2="118,44,116,75,133,74,123,91,80,38,120,29,43" hai3="62,40,111,87,99,50,59,27,55,47,90,7,46"/><V107/><F107/><W117/><G117/><T112/><D129/><U35/><E35/><V95/><F29/><W132/><G111/><T114/><D79/><U21/><E71/><V128/><F133/><W77/><G132/><T2/><D72/><U104/><E73/><V109/><F128/><W63/><G77/><T45/><D94/><U32/><E32/><V130/><F130/><W97/><G7/><T18/><D102/><U84/><E135/><V60/><F75/><W76/><G76/><T70/><D70/><U56/><E21/><V25/><F74/><W41/><G27/><T115/><D115/><U68/><E68/><V82/><F25/><W42/><G62/><T23/><D114/><U64/><E56/><V92/><F60/><W83/><REACH who="3" step="1"/><G41/><REACH who="3" ten="440,110,296,144" step="2"/><T9/><AGARI ba="0,1" hai="2,4,9,10,14,18,23,24,28,45,51,52,112,113" machi="9" ten="20,2700,0" yaku="0,1,7,1,54,1" doraHai="69" who="0" fromWho="0" sc="440,37,110,-7,296,-13,144,-7" /><INIT seed="3,0,0,4,5,71" ten="477,103,283,137" oya="3" hai0="20,78,132,22,21,19,47,92,28,10,133,113,6" hai1="3,37,73,54,15,82,114,83,124,88,123,67,38" hai2="111,0,94,66,27,2,45,108,109,101,12,119,29" hai3="84,62,52,23,95,127,50,75,32,99,79,135,106"/><W53/><G32/><T129/><D78/><U11/><E123/><V91/><F101/><N who="3" m="62783" /><G62/><T57/><D92/><U58/><E114/><V112/><F112/><W65/><G65/><T107/><D107/><U115/><E115/><V128/><F119/><W134/><G23/><T30/><D113/><U125/><E3/><V24/><F27/><W31/><G31/><N who="0" m="11819" /><D57/><U8/><E67/><V96/><F12/><W33/><G33/><T25/><D47/><U36/><E73/><V80/><F66/><W90/><G127/><N who="1" m="48714" /><E88/><V46/><F80/><N who="1" m="30761" /><E15/><V86/><F96/><W69/><G69/><T41/><D41/><U48/><AGARI ba="0,0" hai="8,11,36,37,38,48,54,58" m="30761,48714" machi="48" ten="40,8000,1" yaku="18,1,52,3" doraHai="71" who="1" fromWho="1" sc="477,-20,103,80,283,-20,137,-40" /><INIT seed="4,0,0,1,1,132" ten="457,183,263,97" oya="0" hai0="84,119,116,33,59,22,27,97,87,100,12,19,42" hai1="129,98,48,45,72,56,79,3,63,43,41,8,39" hai2="120,117,31,67,40,2,112,123,18,57,77,126,5" hai3="133,54,28,105,61,64,35,75,88,74,94,107,108"/><T122/><D122/><U115/><E98/><V103/><F77/><W89/><G54/><T101/><D42/><N who="1" m="22751" /><E8/><V86/><F86/><W68/><G108/><T135/><D101/><U127/><E79/><V83/><F40/><N who="1" m="15433" /><E72/><V6/><F57/><W21/><G21/><T92/><D135/><U53/><E3/><V128/><F67/><W104/><G133/><T99/><D116/><U102/><E102/><V0/><F117/><W82/><G82/><T37/><D37/><U55/><E129/><V73/><F83/><W58/><G68/><T71/><D119/><U4/><E4/><V124/><F73/><W131/><G131/><T9/><D33/><U65/><E115/><V106/><F103/><W134/><G134/><T85/><D99/><U121/><E121/><V76/><F76/><W25/><REACH who="3" step="1"/><G89/><REACH who="3" ten="457,183,263,87" step="2"/><T93/><D71/><N who="1" m="42431" /><E53/><V38/><F128/><W50/><G50/><T20/><D22/><U78/><E78/><V17/><F38/><W46/><G46/><T96/><D59/><U60/><E48/><V109/><F123/><W29/><G29/><T69/><D69/><U32/><E32/><V91/><F31/><W90/><G90/><T62/><D100/><U114/><E114/><V80/><F91/><W44/><G44/><T7/><D97/><AGARI ba="0,1" hai="25,28,35,58,61,64,74,75,88,94,97,104,105,107" machi="97" ten="40,2600,0" yaku="1,1,54,1,53,0" doraHai="132" doraHaiUra="49" who="3" fromWho="0" sc="457,-26,183,0,263,0,87,36" /><INIT seed="5,0,0,4,5,53" ten="431,183,263,123" oya="1" hai0="1,116,91,99,14,29,120,40,106,117,54,90,9" hai1="127,12,70,58,0,108,86,52,131,48,65,35,69" hai2="72,10,39,13,93,101,114,95,75,18,82,59,88" hai3="119,73,122,57,4,21,60,23,92,126,134,112,89"/><U83/><E0/><V20/><F39/><W102/><G122/><T46/><D1/><U64/><E35/><V98/><F114/><W15/><G112/><T31/><D120/><U71/><E108/><V105/><F105/><W24/><G73/><T5/><D116/><U38/><E38/><V56/><F75/><W78/><G119/><T79/><D79/><U76/><E127/><V77/><F10/><N who="3" m="4551" /><G126/><T103/><D117/><U8/><REACH who="1" step="1"/><E131/><REACH who="1" ten="431,173,263,123" step="2"/><V133/><F133/><W32/><G134/><T80/><D31/><U41/><E41/><V96/><AGARI ba="0,1" hai="13,18,20,56,59,72,77,82,88,93,95,96,98,101" machi="96" ten="20,8000,1" yaku="0,1,7,1,52,2,54,1" doraHai="53" who="2" fromWho="2" sc="431,-20,173,-40,263,90,123,-20" /><INIT seed="6,0,0,0,2,35" ten="411,133,353,103" oya="2" hai0="108,121,126,103,14,93,132,88,98,13,111,81,67" hai1="27,104,119,105,54,134,107,101,72,5,116,57,77" hai2="60,38,59,29,64,74,80,85,87,17,61,25,23" hai3="128,40,51,26,95,106,120,1,9,4,124,33,52"/><V48/><F38/><W70/><G106/><T94/><D67/><U68/><E68/><V6/><F74/><W135/><G120/><T99/><D121/><U79/><E27/><V0/><F48/><W44/><G124/><T113/><D126/><U114/><E5/><V117/><F117/><W46/><G128/><T109/><D113/><U8/><E8/><V16/><F87/><W76/><G135/><T45/><D132/><U130/><E134/><V58/><F6/><W3/><G70/><T129/><D129/><U127/><E127/><V7/><F0/><W89/><G76/><N who="1" m="29258" /><E54/><V43/><F43/><W123/><G123/><T47/><D81/><U96/><E57/><V50/><F50/><W82/><G82/><T37/><D37/><U75/><E130/><V63/><F7/><W24/><G33/><T49/><REACH who="0" step="1"/><D47/><REACH who="0" ten="401,133,353,103" step="2"/><U71/><E114/><V31/><F61/><W30/><G3/><T28/><D28/><U32/><E116/><V39/><F39/><W42/><G30/><T21/><D21/><U110/><E119/><V53/><REACH who="2" step="1"/><F31/><REACH who="2" ten="401,133,343,103" step="2"/><W118/><G118/><T62/><D62/><U10/><E72/><V19/><F19/><W125/><G125/><T69/><D69/><U22/><E71/><V11/><F11/><W55/><G42/><AGARI ba="0,2" hai="13,14,42,45,49,88,93,94,98,99,103,108,109,111" machi="42" ten="40,2600,0" yaku="1,1,54,1,53,0" doraHai="35" doraHaiUra="112" who="0" fromWho="3" sc="401,46,133,0,343,0,103,-26" /><INIT seed="7,0,0,4,4,27" ten="447,133,343,77" oya="3" hai0="42,126,1,77,124,63,43,135,109,87,115,8,32" hai1="26,83,41,99,133,64,111,79,71,56,13,92,107" hai2="44,68,76,2,103,0,3,122,127,117,84,125,118" hai3="66,110,90,22,25,47,116,50,89,31,23,80,81"/><W78/><G116/><T74/><D74/><U35/><E56/><V48/><F68/><W53/><G110/><T128/><D32/><U132/><E41/><V62/><F62/><W29/><G66/><T28/><D109/><U36/><E13/><V9/><F103/><W65/><G65/><T91/><D77/><U98/><E36/><V6/><F84/><W72/><REACH who="3" step="1"/><G81/><REACH who="3" ten="447,133,343,67" step="2"/><N who="0" m="49647" /><D124/><U102/><E111/><V86/><F118/><W106/><G106/><T93/><D126/><U10/><E64/><V20/><F117/><W88/><G88/><T17/><D135/><U60/><E132/><V49/><F127/><W30/><G30/><T73/><D28/><N who="1" m="19863" /><E133/><V14/><F125/><W75/><G75/><T15/><D73/><U11/><E83/><V38/><F76/><W97/><G97/><T121/><D93/><U57/><E79/><V119/><F119/><W120/><G120/><T104/><D121/><U95/><E95/><V33/><F122/><W114/><G114/><T51/><D115/><U69/><E69/><V55/><F86/><W131/><G131/><T134/><D128/><U54/><E98/><V113/><F113/><W96/><G96/><T24/><D104/><U18/><E92/><V61/><F55/><W85/><G85/><T5/><D134/><U67/><E18/><V105/><F105/><W4/><G4/><T19/><D17/><U70/><E70/><V45/><F6/><W21/><G21/><T39/><D19/><U46/><E71/><V82/><F20/><W112/><G112/><T130/><D130/><U16/><E16/><V94/><F82/><RYUUKYOKU ba="0,1" sc="447,-15,133,15,343,-15,67,15" hai1="10,11,46,54,57,60,67,99,102,107" hai3="22,23,25,29,31,47,50,53,72,78,80,89,90" /><INIT seed="7,1,1,5,1,64" ten="432,148,328,82" oya="3" hai0="117,19,131,93,2,120,21,65,34,14,47,10,87" hai1="81,55,71,88,24,105,3,27,5,23,54,86,32" hai2="68,90,13,28,4,100,42,39,45,49,92,97,46" hai3="0,52,94,59,9,66,119,110,95,76,79,61,122"/><W60/><G119/><T40/><D34/><U17/><E105/><V135/><F135/><W44/><G122/><T18/><D117/><U41/><E71/><V99/><F28/><W129/><G129/><T33/><D33/><U74/><E74/><V26/><F26/><N who="1" m="9769" /><E3/><V22/><F4/><W75/><G110/><T69/><D65/><U130/><E32/><V15/><F22/><W108/><G108/><T116/><D69/><U38/><E38/><V30/><F30/><W48/><G61/><T126/><D126/><U133/><E133/><V8/><F68/><W114/><G114/><T91/><D131/><U53/><E130/><V63/><F63/><W102/><G102/><T1/><D116/><U101/><E5/><V37/><F8/><W121/><G121/><T35/><D35/><U83/><E41/><V57/><F57/><W132/><G132/><T70/><D70/><U84/><E101/><V25/><F25/><W104/><G104/><T98/><D98/><U123/><E123/><V107/><F39/><W82/><REACH who="3" step="1"/><G76/><REACH who="3" ten="432,148,328,72" step="2"/><T51/><D120/><U78/><E23/><V72/><F100/><W118/><G118/><T7/><D21/><U67/><E67/><V124/><F107/><W62/><G62/><T11/><D10/><U31/><E31/><V43/><F124/><W6/><AGARI ba="1,2" hai="0,6,9,44,48,52,59,60,66,75,79,82,94,95" machi="6" ten="30,6000,0" yaku="1,1,0,1,54,1,53,0" doraHai="64" doraHaiUra="112" who="3" fromWho="3" sc="432,-21,148,-21,328,-21,72,83" /><INIT seed="7,2,0,4,3,44" ten="411,127,307,155" oya="3" hai0="52,84,76,2,3,39,73,65,69,27,59,26,117" hai1="89,25,12,98,6,105,126,7,115,111,120,82,23" hai2="10,130,131,50,88,45,38,9,122,30,94,31,46" hai3="63,90,86,29,134,77,91,49,57,75,97,100,32"/><W61/><G134/><T114/><D73/><U70/><E70/><V20/><F38/><W35/><G49/><T15/><D39/><U125/><E120/><V116/><F116/><W53/><G63/><T118/><D65/><U68/><E68/><V74/><F74/><W133/><G133/><T58/><D69/><U11/><E111/><V135/><F122/><W112/><G112/><T96/><D96/><U109/><E109/><V128/><F46/><W72/><G91/><T107/><D15/><U87/><E115/><V24/><F31/><W83/><G29/><T37/><D114/><U43/><E43/><V81/><F81/><W22/><G22/><T51/><D37/><U79/><E7/><V56/><F56/><W4/><G4/><T41/><D41/><U113/><E113/><V33/><F20/><W121/><G72/><T66/><D107/><U8/><E8/><V99/><F135/><W62/><G62/><T123/><D123/><U124/><E105/><V64/><F64/><W71/><G71/><T119/><D59/><U14/><E14/><V47/><F47/><W106/><G121/><T92/><D66/><U40/><E40/><V17/><F17/><W78/><G78/><T18/><D18/><N who="1" m="12535" /><E98/><V101/><F101/><W48/><G61/><T67/><D67/><U0/><E0/><V132/><F132/><W21/><G21/><T42/><D42/><AGARI ba="2,0" hai="9,10,24,30,33,42,45,50,88,94,99,128,130,131" machi="42" ten="40,5200,0" yaku="19,1,52,1,54,1" doraHai="44" who="2" fromWho="0" sc="411,-58,127,0,307,58,155,0" owari="353,15.0,127,-37.0,365,46.0,155,-24.0" /></mjloggm>