<mjloggm ver="2.3"><GO type="233" lobby="0"/><UN n0="%E4%BF%BA%54%55%45%45%45%45%45" n1="%65%69%6B%31" n2="%E3%82%A6%E3%83%AB%E3%83%88%E3%83%A9%E7%AB%8B%E7%9B%B4" n3="%E3%81%B5%E3%81%86%E3%81%8C%E2%99%AA" dan="17,17,17,17" rate="2156.08,2153.20,2205.76,2166.14" sx="F,M,M,M"/><TAIKYOKU oya="0"/><INIT seed="0,0,0,5,5,97" ten="250,250,250,250" oya="0" hai0="58,19,64,69,0,27,12,28,133,37,77,55,10" hai1="67,22,90,95,93,71,68,59,62,114,106,52,8" hai2="72,73,38,105,56,32,70,63,61,87,9,132,91" hai3="13,103,30,94,25,17,134,23,117,40,16,81,89"/><T4/><D133/><U98/><E114/><V42/><F32/><W96/><G117/><T118/><D118/><U122/><E122/><V111/><F105/><W83/><G134/><T100/><D37/><U54/><E106/><V57/><F70/><W7/><G40/><T119/><D119/><U107/><E107/><V79/><F79/><W88/><G81/><T51/><D77/><U41/><E41/><V92/><F111/><W5/><G17/><T45/><D69/><U125/><E125/><V76/><F76/><W47/><G47/><T120/><D120/><U46/><E8/><V110/><F110/><W78/><G5/><T130/><D130/><U3/><E3/><V123/><F123/><W2/><G7/><T104/><D104/><U36/><E36/><V50/><F50/><W20/><REACH who="3" step="1"/><G2/><REACH who="3" ten="250,250,250,240" step="2"/><T131/><D4/><U102/><E46/><V24/><F42/><W49/><G49/><T43/><D0/><U127/><E127/><V14/><F132/><W84/><AGARI ba="0,1" hai="13,16,20,23,25,30,78,83,84,88,89,94,96,103" machi="84" ten="20,12000,2" yaku="1,1,0,1,7,1,8,1,52,1,54,2,53,0" doraHai="97" doraHaiUra="65" who="3" fromWho="3" sc="250,-60,250,-30,250,-30,240,130" /><INIT seed="1,0,0,5,2,77" ten="190,220,220,370" oya="1" hai0="124,98,32,75,51,43,87,53,57,72,82,14,40" hai1="41,21,99,70,23,58,122,100,125,133,113,37,90" hai2="6,91,12,48,94,107,108,47,31,62,74,85,64" hai3="9,18,17,15,56,132,22,69,28,110,131,2,27"/><U45/><E70/><V117/><F108/><W33/><G69/><T114/><D114/><U24/><E113/><V36/><F117/><W20/><G56/><T112/><D112/><U111/><E122/><V93/><F107/><W81/><G81/><T54/><D32/><U25/><E125/><V135/><F74/><W50/><G50/><T71/><D71/><U104/><E133/><V106/><F106/><W42/><G42/><T8/><D124/><U44/><E111/><V30/><F36/><W76/><G76/><N who="0" m="46535" /><D75/><U0/><E0/><V102/><F135/><W120/><G110/><T92/><D72/><U65/><E45/><V78/><F78/><W16/><G120/><T35/><D54/><U96/><E65/><V52/><F62/><W130/><G132/><T63/><D35/><U66/><E66/><V26/><F64/><W39/><G39/><T3/><D3/><U126/><E126/><V5/><F12/><W105/><G105/><T38/><D63/><U29/><E58/><V4/><F26/><N who="3" m="14599" /><G2/><T67/><D67/><U80/><E104/><V83/><F94/><W128/><G18/><N who="0" m="8519" /><D38/><U55/><E55/><V49/><F49/><W84/><G84/><T121/><D121/><U73/><E73/><V79/><F79/><W103/><G33/><T129/><D129/><U97/><E100/><AGARI ba="0,0" hai="9,15,17,22,27,28,100,103,128,130,131" m="14599" machi="100" ten="30,2000,0" yaku="19,1,54,1" doraHai="77" who="3" fromWho="1" sc="190,0,220,-20,220,0,370,20" /><AGARI ba="0,0" hai="40,43,51,53,57,92,98,100" m="8519,46535" machi="100" ten="30,2000,0" yaku="8,1,52,1" doraHai="77" who="0" fromWho="1" sc="190,20,200,-20,220,0,390,0" /><INIT seed="2,0,0,3,2,85" ten="210,180,220,390" oya="2" hai0="87,89,13,37,21,84,25,53,97,10,29,71,106" hai1="67,115,99,49,40,95,101,86,5,108,135,62,28" hai2="16,4,22,24,79,98,1,11,33,14,118,20,70" hai3="94,66,45,8,31,32,3,26,47,76,73,93,64"/><V119/><F70/><W39/><G94/><N who="0" m="56527" /><D37/><U124/><E115/><V90/><F79/><W61/><G64/><T121/><D71/><U51/><E108/><V58/><F58/><W104/><G104/><T52/><D106/><U103/><E124/><V60/><F60/><W123/><G123/><T72/><D72/><U27/><E135/><V74/><F74/><W80/><G93/><T100/><D100/><U81/><E103/><V91/><F98/><W109/><G109/><T127/><D127/><U130/><E5/><V54/><F54/><N who="0" m="21098" /><D121/><U57/><E40/><V117/><REACH who="2" step="1"/><F33/><REACH who="2" ten="210,180,210,390" step="2"/><W78/><G78/><T105/><D105/><U38/><E130/><V17/><AGARI ba="0,1" hai="1,4,11,14,16,17,20,22,24,90,91,117,118,119" machi="17" ten="40,24000,3" yaku="1,1,2,1,0,1,52,2,54,1,53,2" doraHai="85" doraHaiUra="15" who="2" fromWho="2" sc="210,-80,180,-80,210,250,390,-80" /><INIT seed="2,1,0,3,3,100" ten="130,100,460,310" oya="2" hai0="114,63,64,97,106,54,75,60,103,39,5,112,59" hai1="8,11,85,88,82,99,26,70,69,83,129,89,44" hai2="1,9,41,91,35,87,111,116,38,131,123,24,68" hai3="15,12,16,117,133,86,20,93,80,61,40,28,25"/><V42/><F123/><W19/><G117/><T134/><D75/><U118/><E118/><V14/><F116/><W65/><G133/><T127/><D134/><U36/><E129/><V76/><F131/><W95/><G40/><T49/><D39/><U124/><E124/><V113/><F113/><W84/><G28/><T47/><D127/><U62/><E26/><V74/><F68/><W7/><G7/><T101/><D5/><U81/><E99/><V125/><F1/><W119/><G25/><T104/><D60/><U37/><E44/><V23/><F35/><W13/><G13/><T21/><D21/><U46/><E46/><V130/><F130/><W96/><G96/><AGARI ba="1,0" hai="47,49,54,59,63,64,96,97,101,103,104,106,112,114" machi="96" ten="40,5200,0" yaku="9,1,52,2" doraHai="100" who="0" fromWho="3" sc="130,55,100,0,460,0,310,-55" /><INIT seed="3,0,0,3,1,67" ten="185,100,460,255" oya="3" hai0="15,112,47,57,135,22,27,54,72,113,122,33,32" hai1="82,68,73,89,126,11,69,115,58,64,43,19,6" hai2="87,53,75,98,55,78,1,46,134,80,97,24,106" hai3="103,49,62,120,17,118,100,110,99,131,40,65,51"/><W34/><G118/><T37/><D122/><U7/><E115/><N who="0" m="44105" /><D72/><U29/><E126/><V12/><F1/><W31/><G120/><T61/><D15/><U42/><E29/><V105/><F134/><W94/><G131/><T129/><D135/><U9/><E19/><V28/><F75/><W18/><G103/><T63/><D63/><U23/><E23/><V85/><F12/><W44/><G110/><T123/><D123/><U81/><E73/><V71/><F24/><W0/><G0/><T93/><D93/><U4/><E58/><V66/><F46/><W121/><G121/><T79/><D79/><U109/><E64/><V60/><F66/><W101/><G101/><T2/><D2/><U133/><E133/><V14/><F60/><W114/><G114/><T3/><D3/><U92/><E92/><V86/><F14/><W119/><G119/><T104/><D104/><U25/><E25/><V59/><F105/><W35/><G35/><T70/><D129/><U84/><E109/><V102/><F78/><W132/><G132/><T117/><D117/><U128/><E128/><V10/><F102/><W96/><G96/><T41/><D70/><U76/><E76/><V5/><F97/><W127/><G127/><T107/><D107/><U48/><E82/><V30/><F98/><W56/><G34/><T90/><D90/><U125/><E125/><V8/><F87/><W91/><G91/><T39/><D37/><U74/><E74/><V16/><F86/><W21/><G51/><T77/><D77/><U88/><E48/><V130/><F130/><W45/><G45/><RYUUKYOKU ba="0,0" sc="185,15,100,-15,460,-15,255,15" hai0="22,27,32,33,39,41,47,54,57,61" hai3="17,18,21,31,40,44,49,56,62,65,94,99,100" /><INIT seed="3,1,0,5,0,132" ten="200,85,445,270" oya="3" hai0="20,44,59,29,27,41,93,19,14,94,131,107,116" hai1="134,53,31,105,98,70,15,102,123,40,92,112,28" hai2="133,16,52,11,38,6,47,101,2,129,39,32,114" hai3="57,108,58,13,121,97,74,4,67,25,130,99,42"/><W85/><G74/><T124/><D116/><U120/><E112/><V26/><F101/><W37/><G121/><T109/><D107/><U89/><E70/><V12/><F114/><W5/><G130/><T65/><D109/><U33/><E134/><V7/><F129/><W91/><G37/><T68/><D68/><U71/><E71/><V126/><F7/><W95/><G42/><T122/><D122/><U127/><E40/><V66/><F66/><W111/><G25/><T62/><D131/><U103/><E103/><V87/><F87/><W54/><G67/><T0/><D0/><U104/><E104/><V3/><F3/><W1/><G1/><T48/><REACH who="0" step="1"/><D124/><REACH who="0" ten="190,85,445,270" step="2"/><U73/><E127/><V18/><F126/><W30/><G111/><T61/><D61/><U88/><E105/><V35/><F133/><W51/><G108/><T86/><D86/><U49/><E123/><V23/><F38/><W60/><G85/><T72/><D72/><U128/><E73/><V77/><F39/><W50/><G99/><T24/><D24/><U80/><E120/><V36/><F36/><W100/><G60/><T110/><D110/><U78/><E128/><V115/><F115/><W119/><G97/><T56/><D56/><N who="1" m="32815" /><E15/><V10/><F2/><W84/><G119/><T118/><D118/><U21/><E98/><V79/><F12/><W55/><G13/><T125/><D125/><U75/><E75/><V117/><F26/><W46/><G84/><T63/><D63/><U43/><E78/><V76/><F117/><W106/><G106/><T135/><D135/><U96/><E96/><RYUUKYOKU ba="1,1" sc="190,30,85,-10,445,-10,270,-10" hai0="14,19,20,27,29,41,44,48,59,62,65,93,94" /><INIT seed="4,2,1,2,3,45" ten="220,75,435,260" oya="0" hai0="133,51,134,50,48,91,71,53,7,16,88,126,61" hai1="68,119,10,96,85,29,32,4,103,60,41,0,109" hai2="43,1,28,44,24,72,115,19,113,11,121,70,93" hai3="79,39,31,40,111,106,90,135,118,112,35,77,58"/><T46/><D7/><U22/><E119/><V132/><F121/><W122/><G31/><T38/><D126/><U131/><E109/><V12/><F70/><W86/><G58/><N who="0" m="35023" /><D71/><U89/><E131/><V6/><F72/><W130/><G40/><N who="0" m="22807" /><D16/><U125/><E125/><V42/><F93/><W94/><G86/><T82/><D82/><U3/><E3/><V87/><F87/><W97/><G90/><T8/><D8/><U92/><E32/><N who="2" m="20487" /><F132/><AGARI ba="2,1" hai="48,50,51,88,91,132,133,134" m="22807,35023" machi="132" ten="30,12000,1" yaku="20,1,52,3,54,1" doraHai="45" who="0" fromWho="2" sc="220,136,75,0,435,-126,260,0" /><INIT seed="4,3,0,3,0,130" ten="356,75,309,260" oya="0" hai0="11,51,9,20,14,60,38,13,23,84,79,43,57" hai1="71,28,54,119,98,56,93,67,114,116,87,18,94" hai2="131,32,133,75,55,82,85,103,81,2,22,10,7" hai3="59,90,48,58,26,21,52,132,12,8,134,126,6"/><T105/><D105/><U39/><E39/><V40/><F32/><W17/><G126/><T118/><D38/><U83/><E114/><V16/><F131/><W135/><G90/><T37/><D37/><U102/><E28/><V72/><F40/><W24/><REACH who="3" step="1"/><G59/><REACH who="3" ten="356,75,309,250" step="2"/><T3/><D57/><U25/><E119/><V92/><F82/><W30/><G30/><T101/><D118/><U89/><E116/><V35/><F81/><W128/><G128/><T115/><D115/><U122/><E71/><V15/><F103/><W62/><G62/><T97/><D60/><U49/><E122/><V110/><F110/><W121/><G121/><T47/><D101/><U127/><E127/><V129/><F129/><W106/><G106/><T124/><D124/><U50/><E67/><V5/><F92/><W77/><G77/><T64/><D79/><U69/><E69/><V73/><F75/><W96/><G96/><T65/><D97/><U34/><E83/><V95/><F73/><W80/><G80/><T27/><D65/><U88/><E102/><V108/><F72/><W42/><G42/><T113/><D64/><U31/><REACH who="1" step="1"/><E18/><REACH who="1" ten="356,65,309,250" step="2"/><V91/><F16/><W1/><AGARI ba="3,2" hai="1,6,8,12,17,21,24,26,48,52,58,132,134,135" machi="1" ten="30,16000,3" yaku="1,1,0,1,20,1,52,3,54,1,53,1" doraHai="130" doraHaiUra="44" who="3" fromWho="3" sc="356,-83,65,-43,309,-43,250,189" /><INIT seed="5,0,0,3,3,43" ten="273,22,266,439" oya="1" hai0="10,50,20,118,69,135,83,55,35,107,36,62,40" hai1="75,111,89,41,27,66,51,54,112,44,127,71,124" hai2="79,90,110,99,92,82,134,29,72,104,33,57,73" hai3="94,17,95,24,8,88,123,48,37,61,96,21,5"/><U14/><E75/><N who="2" m="43391" /><F57/><W58/><G37/><T26/><D118/><U85/><E112/><V74/><F29/><W0/><G48/><T22/><D107/><U108/><E27/><V86/><F33/><W31/><G123/><T105/><D105/><U9/><E66/><V7/><F7/><W98/><G31/><T16/><D35/><U102/><E102/><N who="2" m="62559" /><F134/><W116/><G116/><T12/><D36/><U30/><E71/><V63/><F63/><W23/><G23/><T59/><D135/><U15/><E30/><V87/><F110/><N who="1" m="42025" /><E41/><V45/><F45/><W6/><G8/><T117/><D117/><U77/><E77/><V80/><F73/><W100/><G0/><T103/><D40/><U93/><E15/><V122/><F122/><W97/><G97/><T49/><D12/><U1/><E1/><V11/><F11/><W47/><G47/><T13/><D10/><U32/><E32/><V114/><F114/><W46/><G46/><T125/><D69/><U101/><E101/><V78/><AGARI ba="0,0" hai="72,74,78,80,86,87,90,92" m="62559,43391" machi="78" ten="30,12000,2" yaku="24,1,35,5" doraHai="43" who="2" fromWho="2" sc="273,-30,22,-60,266,120,439,-30" owari="243,-16.0,-38,-54.0,386,19.0,409,51.0" /></mjloggm>