<mjloggm ver="2.3"><GO type="169" lobby="0"/><UN n0="%CE%BC%E3%81%97%E3%82%82%E3%81%A7" n1="%E5%B0%B1%E6%B4%BB%E7%94%9F%40%E5%B7%9D%E6%9D%91%E8%BB%8D%E5%9B%A3" n2="%E6%97%85%E4%BA%BA%E3%81%A1%E3%82%88%E3%81%99%E3%81%91" n3="%6B%75%6B%65%6B%65%6B%65" dan="17,17,17,17" rate="2142.46,2189.44,2188.12,2148.34" sx="M,M,M,M"/><TAIKYOKU oya="0"/><INIT seed="0,0,0,5,4,32" ten="250,250,250,250" oya="0" hai0="50,63,52,114,108,55,102,54,88,16,7,91,111" hai1="12,104,11,65,69,22,87,18,78,128,98,77,76" hai2="64,84,95,112,26,20,116,61,89,51,15,42,80" hai3="58,121,4,79,47,133,3,72,122,107,73,81,44"/><T30/><D114/><U135/><E128/><V57/><F116/><W49/><G107/><T31/><D102/><U126/><E126/><V59/><F112/><W94/><G72/><T19/><D50/><U34/><E135/><V1/><F15/><W120/><G133/><T97/><D63/><U28/><E87/><V6/><F6/><W99/><G58/><T115/><D7/><U40/><E40/><V67/><F1/><W60/><G60/><T29/><D115/><U37/><E37/><V85/><F64/><W109/><G109/><N who="0" m="42059" /><D97/><U56/><E69/><V5/><F5/><W131/><G131/><T17/><AGARI ba="0,0" hai="16,17,19,29,30,31,52,54,55,88,91" m="42059" machi="17" ten="40,24000,3" yaku="29,2,28,2,14,1,10,1,54,3" doraHai="32" who="0" fromWho="0" sc="250,240,250,-80,250,-80,250,-80" /><INIT seed="0,1,0,5,3,26" ten="490,170,170,170" oya="0" hai0="110,52,59,11,24,92,119,97,113,121,105,49,40" hai1="107,70,10,116,123,129,117,90,12,89,114,64,3" hai2="106,132,88,79,6,124,66,14,80,134,109,69,37" hai3="38,43,35,50,18,33,4,17,63,95,78,60,1"/><T81/><D121/><U29/><E3/><V103/><F37/><W0/><G38/><T112/><D119/><U72/><E72/><V25/><F109/><W8/><G78/><T85/><D105/><U15/><E107/><V48/><F124/><W22/><G95/><T115/><D110/><U122/><E10/><V57/><F69/><W28/><G43/><T102/><D11/><U86/><E86/><V27/><F6/><W30/><G8/><T133/><D133/><U99/><E99/><V16/><F103/><W125/><G50/><T98/><D98/><U76/><E76/><V44/><F79/><W31/><G31/><T74/><D74/><U87/><E87/><N who="2" m="50279" /><F106/><W126/><G22/><T5/><D5/><AGARI ba="1,0" hai="0,1,4,5,17,18,28,30,33,35,60,63,125,126" machi="5" ten="25,6400,0" yaku="22,2,52,2" doraHai="26" who="3" fromWho="0" sc="490,-67,170,0,170,0,170,67" /><INIT seed="1,0,0,5,3,116" ten="423,170,170,237" oya="1" hai0="89,27,121,60,45,99,93,36,44,108,110,12,46" hai1="3,120,10,77,50,54,92,18,2,128,94,101,55" hai2="133,62,81,68,130,1,112,72,29,84,126,8,87" hai3="13,20,75,123,4,132,69,25,118,119,106,31,103"/><U56/><E128/><V80/><F126/><W15/><G69/><T73/><D73/><U67/><E67/><V66/><F133/><W16/><G75/><T117/><D117/><N who="3" m="44553" /><G106/><T38/><D12/><N who="3" m="4681" /><G103/><T58/><D27/><U124/><E124/><V5/><F112/><W64/><G64/><T88/><D89/><U114/><E114/><V78/><F130/><W63/><G63/><T9/><D9/><U6/><E3/><V105/><F105/><W42/><G42/><T49/><D49/><U79/><E120/><V59/><F29/><W34/><G132/><T39/><D121/><U107/><E18/><V85/><REACH who="2" step="1"/><F68/><REACH who="2" ten="423,170,160,237" step="2"/><W102/><G123/><T97/><REACH who="0" step="1"/><D99/><REACH who="0" ten="413,170,160,237" step="2"/><U90/><E107/><V47/><F47/><W134/><G134/><T86/><D86/><U125/><E125/><V91/><AGARI ba="0,2" hai="1,5,8,59,62,66,72,78,80,81,84,85,87,91" machi="91" ten="20,2700,0" yaku="1,1,0,1,7,1,53,0" doraHai="116" doraHaiUra="19" who="2" fromWho="2" sc="413,-7,170,-13,160,47,237,-7" /><INIT seed="2,0,0,0,4,105" ten="406,157,207,230" oya="2" hai0="75,119,87,108,35,4,101,109,59,70,69,63,26" hai1="36,58,51,77,21,16,98,120,135,74,33,46,56" hai2="44,30,112,121,37,52,12,130,13,126,129,40,64" hai3="39,103,11,1,41,118,66,65,117,6,106,14,18"/><V132/><F112/><W73/><G106/><T116/><D101/><U76/><E33/><V38/><F121/><W97/><G73/><T22/><D75/><U5/><E120/><V127/><F38/><W71/><G41/><T28/><D87/><U133/><E36/><V45/><F30/><W8/><G39/><T84/><D84/><U20/><E5/><V134/><F64/><W47/><G47/><T99/><D99/><U125/><E98/><V107/><F107/><W86/><G86/><T3/><D69/><U54/><E21/><V15/><F45/><W50/><G50/><T62/><D70/><U111/><E111/><N who="0" m="42569" /><D63/><U88/><E88/><V80/><F52/><W114/><G114/><T128/><D128/><N who="2" m="49258" /><F80/><W27/><G71/><T34/><D4/><U115/><E115/><V113/><F113/><W95/><G6/><T72/><D3/><U110/><E125/><AGARI ba="0,0" hai="12,13,15,37,40,44,125,126,127,132,134" m="49258" machi="125" ten="40,12000,1" yaku="30,2,18,1,19,1" doraHai="105" who="2" fromWho="1" sc="406,0,157,-120,207,120,230,0" /><INIT seed="2,1,0,5,1,85" ten="406,37,327,230" oya="2" hai0="83,126,66,75,13,103,61,44,121,133,70,132,86" hai1="56,118,80,99,29,64,21,58,35,14,84,38,101" hai2="34,92,113,119,65,127,117,59,128,94,42,43,69" hai3="122,16,39,11,110,48,78,90,15,71,135,88,20"/><V55/><F34/><W53/><G39/><T96/><D121/><U19/><E38/><V7/><F113/><W37/><G37/><T102/><D75/><U68/><E118/><V106/><F106/><W107/><G122/><T91/><D126/><U125/><E125/><V4/><F127/><W26/><G107/><T131/><D131/><U22/><E35/><V24/><F65/><W112/><G71/><T89/><D13/><U111/><E111/><V72/><F69/><W130/><G110/><T31/><D31/><U134/><E134/><N who="0" m="51817" /><D44/><U81/><E68/><V93/><F72/><W52/><G135/><T109/><D109/><U51/><E64/><V79/><F128/><W46/><G130/><T30/><D30/><U9/><E81/><V49/><F79/><W67/><G112/><T40/><D40/><U129/><E129/><V8/><F43/><N who="3" m="24671" /><G78/><N who="0" m="46455" /><D103/><U116/><E116/><V28/><F42/><W63/><G67/><T25/><D25/><U98/><E29/><V74/><F74/><W57/><G53/><T33/><D33/><U108/><E108/><V41/><F41/><W1/><G1/><T100/><D100/><U0/><E0/><V10/><F119/><W18/><AGARI ba="1,0" hai="11,15,16,18,20,26,52,57,63,88,90" m="24671" machi="18" ten="30,12000,2" yaku="8,1,52,2,54,3" doraHai="85" who="3" fromWho="3" sc="406,-31,37,-31,327,-61,230,123" /><INIT seed="3,0,0,5,0,52" ten="375,6,266,353" oya="3" hai0="65,80,54,130,95,133,20,49,86,67,88,108,3" hai1="60,93,96,125,126,9,128,110,72,51,39,114,109" hai2="58,35,101,85,107,69,71,7,113,89,120,21,0" hai3="105,104,5,43,14,25,82,100,26,45,17,64,19"/><W47/><G105/><T135/><D3/><U87/><E39/><V38/><F35/><W122/><G122/><T29/><D130/><U27/><E72/><V75/><F75/><W63/><G5/><T2/><D2/><U98/><E114/><V32/><F32/><W103/><G104/><T77/><D108/><N who="1" m="41579" /><E128/><V55/><F38/><W44/><G43/><T23/><D135/><U18/><E51/><V68/><F120/><W8/><G82/><T97/><D133/><U11/><E60/><V76/><F76/><W134/><G134/><T99/><D99/><N who="1" m="37931" /><E27/><N who="3" m="10250" /><G19/><T116/><D116/><U112/><E18/><V4/><F107/><W78/><G78/><T42/><D42/><U73/><E73/><V111/><F113/><W41/><G41/><T81/><D81/><U79/><E112/><V57/><F101/><W94/><G94/><T30/><D30/><U90/><E79/><V61/><F111/><W102/><G63/><T40/><D40/><U124/><AGARI ba="0,0" hai="9,11,87,90,93,124,125,126" m="37931,41579" machi="124" ten="40,2700,0" yaku="18,1,14,1" doraHai="52" who="1" fromWho="1" sc="375,-7,6,27,266,-7,353,-13" /><INIT seed="4,0,0,3,4,24" ten="368,33,259,340" oya="0" hai0="84,41,92,3,74,18,16,53,12,90,102,21,133" hai1="69,76,104,128,116,20,85,103,73,14,17,67,50" hai2="33,62,106,38,6,60,54,1,57,122,46,32,40" hai3="109,94,80,111,58,135,63,11,96,132,81,29,5"/><T91/><D133/><N who="3" m="51273" /><G81/><T66/><D74/><U28/><E116/><V71/><F122/><W107/><G107/><T101/><D3/><U0/><E0/><V43/><F106/><W56/><G80/><T117/><D117/><U129/><E73/><V130/><F130/><W98/><G56/><T68/><D41/><U25/><E50/><V118/><F118/><W26/><G11/><T27/><D66/><U115/><E85/><V100/><F100/><N who="3" m="60439" /><G5/><T19/><D68/><U7/><E7/><V83/><F43/><W112/><G98/><N who="0" m="57623" /><D53/><U108/><E76/><V89/><F6/><W10/><G10/><N who="0" m="6167" /><D18/><U55/><E55/><V64/><F1/><W34/><G112/><T119/><D119/><U120/><E108/><V23/><F23/><W8/><G8/><T30/><D19/><U77/><E120/><V123/><F123/><W99/><G99/><T78/><D78/><U42/><E77/><V59/><F71/><W113/><G113/><T2/><D2/><U121/><E121/><V44/><F44/><W15/><G15/><T88/><D91/><U45/><E115/><V22/><F33/><W95/><G111/><T36/><D36/><N who="1" m="21703" /><E67/><V35/><F22/><W134/><G134/><T97/><D97/><N who="1" m="61551" /><E69/><V110/><F110/><W13/><G109/><T75/><D75/><U4/><E4/><V51/><F38/><W72/><G72/><T93/><AGARI ba="0,0" hai="21,27,30,84,88,93,101,102" m="6167,57623" machi="93" ten="30,11700,0" yaku="8,1,52,1,54,2" doraHai="24" who="0" fromWho="0" sc="368,117,33,-39,259,-39,340,-39" owari="485,59.0,-6,-51.0,220,-18.0,301,10.0" /></mjloggm>