<mjloggm ver="2.3"><GO type="169" lobby="0"/><UN n0="%E8%A3%95%E7%BE%8E%E5%AD%90" n1="%E3%82%A6%E3%83%AB%E3%83%88%E3%83%A9%E7%AB%8B%E7%9B%B4" n2="%E5%8D%8A%E3%82%AA%E3%82%AB%E3%83%AB%E3%83%88" n3="%E3%83%89%E3%83%90%E3%82%AF%E3%83%81%E5%A4%A7%E9%87%8E" dan="17,17,16,17" rate="2215.64,2193.63,2018.29,2229.38" sx="F,M,M,M"/><TAIKYOKU oya="0"/><INIT seed="0,0,0,5,0,110" ten="250,250,250,250" oya="0" hai0="48,84,128,78,97,12,92,17,77,73,112,83,68" hai1="90,39,32,122,55,103,132,41,86,60,24,87,8" hai2="9,88,100,69,5,104,31,108,37,135,61,20,74" hai3="65,34,3,75,56,1,22,115,52,18,10,109,76"/><T47/><D68/><U59/><E122/><V26/><F37/><W96/><G34/><T43/><D128/><U64/><E132/><V54/><F74/><W29/><G29/><T98/><D112/><U82/><E103/><V81/><F135/><W49/><G109/><T111/><D111/><U0/><E41/><V131/><F131/><W70/><G115/><T19/><D19/><U91/><E39/><V4/><F108/><W57/><G70/><T130/><D130/><U38/><E38/><V44/><F69/><W105/><G75/><T129/><D129/><U99/><E99/><V53/><F100/><W27/><G76/><T42/><D43/><U21/><E32/><V40/><F104/><W46/><G105/><T15/><D12/><U30/><E0/><V33/><F33/><W134/><G96/><T50/><D48/><U94/><REACH who="1" step="1"/><E8/><REACH who="1" ten="250,240,250,250" step="2"/><V120/><F40/><W36/><G134/><T25/><D98/><U7/><E7/><V51/><F9/><W45/><G36/><T121/><D121/><U127/><E127/><V116/><F120/><W117/><G117/><T123/><D97/><U101/><E101/><V11/><F11/><W6/><G3/><T35/><D123/><U113/><E113/><V95/><F116/><W79/><G1/><T89/><D35/><U114/><E114/><V71/><F5/><W28/><G6/><T80/><D73/><U126/><E126/><V119/><F4/><W62/><G79/><T58/><D78/><U85/><E85/><N who="2" m="50223" /><F119/><W72/><G72/><T133/><D77/><U93/><E93/><V63/><F95/><RYUUKYOKU ba="0,1" sc="250,-15,240,15,250,-15,250,15" hai1="21,24,30,55,59,60,64,82,86,87,90,91,94" hai3="10,18,22,27,28,45,46,49,52,56,57,62,65" /><INIT seed="1,1,1,2,5,81" ten="235,255,235,265" oya="1" hai0="93,35,102,16,125,130,56,10,63,70,131,52,117" hai1="53,23,122,91,31,38,74,84,45,123,64,107,43" hai2="34,128,95,5,97,132,118,62,19,109,4,88,47" hai3="7,106,133,65,9,17,49,59,24,28,41,134,69"/><U6/><E107/><V40/><F34/><W60/><G106/><T18/><D35/><U86/><E74/><V11/><F118/><W2/><G17/><T50/><D117/><U75/><E75/><V104/><F104/><W13/><G2/><T3/><D125/><U90/><E64/><V8/><F132/><N who="3" m="50795" /><G41/><T66/><D3/><U27/><E53/><V32/><F128/><N who="0" m="49194" /><D10/><U58/><E58/><V15/><F32/><N who="3" m="20487" /><G49/><T21/><D21/><U54/><E54/><V94/><F109/><W87/><G87/><T92/><D92/><U83/><REACH who="1" step="1"/><E6/><REACH who="1" ten="235,245,235,265" step="2"/><V20/><F4/><W79/><G79/><T72/><D72/><U108/><E108/><V135/><F5/><W99/><G99/><AGARI ba="1,2" hai="16,18,50,52,56,63,66,70,93,99,102" m="49194" machi="99" ten="30,3900,0" yaku="19,1,54,2" doraHai="81" who="0" fromWho="3" sc="235,62,245,0,235,0,265,-42" /><INIT seed="2,0,0,5,1,120" ten="297,245,235,223" oya="2" hai0="97,1,72,116,25,70,32,20,92,101,37,93,13" hai1="34,51,21,56,42,135,86,94,3,23,5,81,95" hai2="108,67,74,99,75,109,2,80,85,28,46,11,79" hai3="50,61,45,77,27,122,41,105,112,22,40,18,26"/><V76/><F28/><W9/><G105/><T68/><D37/><U82/><E34/><V39/><F67/><W15/><G122/><T121/><D72/><U89/><E135/><V49/><F39/><W63/><G112/><T87/><D1/><U119/><E119/><V0/><F99/><W6/><G40/><T44/><D121/><U90/><E5/><V16/><F75/><W35/><G35/><T36/><D32/><U55/><E3/><V24/><F79/><W125/><G125/><T47/><D13/><U73/><E42/><V103/><F103/><W124/><G124/><T131/><D131/><U59/><E59/><V111/><F74/><W30/><G27/><T57/><D57/><U118/><E118/><V52/><F24/><W31/><G77/><T113/><D113/><U71/><E71/><V58/><F58/><W33/><REACH who="3" step="1"/><G33/><REACH who="3" ten="297,245,235,213" step="2"/><T69/><D116/><U10/><E10/><V98/><F98/><W66/><G66/><T64/><D64/><U7/><E21/><V107/><F107/><W60/><AGARI ba="0,1" hai="6,9,15,18,22,26,30,31,41,45,50,60,61,63" machi="60" ten="30,4000,0" yaku="1,1,0,1,8,1,53,0" doraHai="120" doraHaiUra="53" who="3" fromWho="3" sc="297,-10,245,-10,235,-20,213,50" /><INIT seed="3,0,0,3,2,84" ten="287,235,215,263" oya="3" hai0="110,130,61,70,32,115,45,29,28,64,59,12,25" hai1="93,23,112,100,81,92,109,78,117,44,58,74,17" hai2="16,30,40,102,6,52,133,8,68,108,15,0,88" hai3="94,95,21,71,87,55,129,5,7,122,67,22,20"/><W106/><G106/><T2/><D110/><U113/><E109/><V47/><F68/><W42/><G122/><T19/><D130/><U34/><E34/><V57/><F108/><W66/><G129/><T56/><D115/><U26/><E117/><V124/><F30/><W18/><G42/><T60/><D29/><U96/><E44/><V54/><F102/><W27/><G55/><T62/><D45/><U50/><E50/><N who="2" m="26983" /><F133/><W36/><G36/><T119/><D2/><U99/><REACH who="1" step="1"/><E58/><REACH who="1" ten="287,225,215,263" step="2"/><V53/><F124/><W10/><G71/><T111/><D59/><U101/><AGARI ba="0,1" hai="17,23,26,74,78,81,92,93,96,99,100,101,112,113" machi="101" ten="20,8000,1" yaku="1,1,2,1,0,1,7,1,9,1,53,0" doraHai="84" doraHaiUra="38" who="1" fromWho="1" sc="287,-20,225,90,215,-20,263,-40" /><INIT seed="4,0,0,4,0,36" ten="267,315,195,223" oya="0" hai0="80,95,111,127,47,48,124,106,20,90,119,77,86" hai1="58,105,10,99,30,61,13,2,76,37,114,74,23" hai2="78,22,31,81,108,43,128,24,98,66,16,14,25" hai3="89,1,104,88,57,0,53,40,68,132,34,118,45"/><T112/><D119/><U32/><E37/><V103/><F108/><W102/><G68/><T97/><D111/><U28/><E32/><V79/><F128/><W107/><G34/><T96/><D112/><U131/><E131/><V121/><F121/><W110/><G118/><T11/><D11/><U6/><E114/><V51/><F66/><W44/><G110/><T52/><D20/><U125/><E125/><N who="0" m="48201" /><D106/><U7/><E74/><AGARI ba="0,0" hai="47,48,52,74,77,80,86,90,95,96,97" m="48201" machi="74" ten="30,2900,0" yaku="18,1,54,1" doraHai="36" who="0" fromWho="1" sc="267,29,315,-29,195,0,223,0" /><INIT seed="4,1,0,0,5,49" ten="296,286,195,223" oya="0" hai0="79,26,127,92,82,46,55,30,98,86,113,50,44" hai1="43,101,91,13,109,129,32,121,125,58,128,63,105" hai2="116,35,112,38,28,96,84,52,9,29,103,72,56" hai3="119,45,25,134,3,68,87,34,0,18,70,88,62"/><T78/><D113/><U23/><E32/><V90/><F72/><W97/><G119/><T64/><D127/><U102/><E109/><V104/><F38/><W83/><G134/><T81/><D64/><U42/><E121/><V80/><F116/><W130/><G130/><N who="1" m="50282" /><E91/><V65/><F112/><W114/><G114/><T124/><D124/><U107/><E125/><V135/><F135/><W31/><G3/><T11/><D11/><U120/><E13/><V108/><F108/><W126/><G0/><T115/><D115/><U37/><E23/><V47/><F35/><W76/><G126/><T89/><D26/><U69/><E69/><V21/><F65/><W8/><G62/><T133/><D30/><U94/><E94/><V2/><F47/><W20/><G8/><T100/><D133/><U95/><E95/><V77/><F90/><W6/><G6/><T39/><D39/><U36/><E36/><V85/><F21/><W61/><G61/><T74/><REACH who="0" step="1"/><D89/><REACH who="0" ten="286,286,195,223" step="2"/><U106/><E37/><V131/><F131/><W53/><G88/><T117/><D117/><U118/><E118/><V51/><REACH who="2" step="1"/><F85/><REACH who="2" ten="286,286,185,223" step="2"/><W75/><G87/><T7/><D7/><AGARI ba="1,2" hai="2,7,9,28,29,51,52,56,77,80,84,96,103,104" machi="7" ten="40,8000,1" yaku="1,1,2,1,52,1,54,1,53,0" doraHai="49" doraHaiUra="14" who="2" fromWho="0" sc="286,-83,286,0,185,103,223,0" /><INIT seed="5,0,0,4,2,102" ten="203,286,288,223" oya="1" hai0="4,46,109,45,84,40,115,89,103,16,8,129,53" hai1="74,107,43,81,63,67,95,100,25,123,132,88,34" hai2="79,60,39,97,76,85,108,110,69,71,21,14,106" hai3="112,41,78,73,58,120,0,105,1,55,48,64,30"/><U10/><E123/><V121/><F39/><W19/><G120/><T134/><D109/><U124/><E43/><V125/><F121/><W80/><G105/><T116/><D116/><U31/><E10/><V82/><F76/><W70/><G112/><T17/><D129/><U47/><E47/><V91/><F125/><W54/><G41/><T3/><D134/><U26/><E26/><V50/><F50/><W44/><G30/><T24/><D115/><U15/><E15/><V92/><F106/><W38/><G38/><T72/><D72/><U28/><E28/><V27/><F14/><W114/><G114/><T127/><D127/><U61/><E132/><V119/><F119/><W59/><G44/><T11/><D103/><U2/><E2/><V51/><F51/><W90/><G64/><T20/><D53/><U35/><E35/><V62/><F110/><W13/><G90/><T36/><D46/><U130/><E130/><V42/><F42/><W77/><G77/><T128/><D128/><U99/><E67/><V122/><F108/><W104/><G104/><T22/><D11/><U6/><E6/><V65/><F122/><W113/><G70/><T126/><D126/><U33/><E33/><V12/><F71/><W9/><REACH who="3" step="1"/><G113/><REACH who="3" ten="203,286,288,213" step="2"/><T29/><REACH who="0" step="1"/><D22/><REACH who="0" ten="193,286,288,213" step="2"/><U96/><E124/><V101/><F21/><W94/><G94/><AGARI ba="0,2" hai="3,4,8,16,17,20,24,29,36,40,45,84,89,94" machi="94" ten="30,8000,1" yaku="1,1,2,1,7,1,54,1,53,1" doraHai="102" doraHaiUra="32" who="0" fromWho="3" sc="193,100,286,0,288,0,213,-80" /><INIT seed="6,0,0,1,4,117" ten="293,286,288,133" oya="2" hai0="24,29,4,49,68,74,17,71,28,32,110,96,127" hai1="61,46,50,3,123,108,67,70,11,121,124,114,53" hai2="135,58,100,72,92,12,47,94,118,27,21,132,9" hai3="87,52,15,26,38,40,37,14,84,41,85,105,33"/><V116/><F72/><W90/><G105/><T6/><D74/><U115/><E108/><V73/><F73/><W99/><G33/><T98/><D110/><U113/><E124/><V102/><F47/><W30/><G37/><T91/><D17/><U83/><E83/><V104/><F58/><W34/><G38/><T128/><D49/><U63/><E63/><V134/><F94/><W107/><G41/><T22/><D32/><U97/><E97/><N who="2" m="59431" /><F102/><W10/><G40/><T45/><D45/><U109/><E109/><V19/><F104/><W122/><G122/><T129/><D91/><U133/><E133/><N who="2" m="34051" /><V54/><DORA hai="16" /><F54/><W78/><G78/><T112/><D127/><U77/><E77/><V20/><F9/><W44/><G10/><T69/><D71/><U43/><E53/><V60/><F60/><W79/><G79/><T31/><D69/><U131/><E131/><V126/><F126/><W88/><G107/><T93/><D68/><U57/><E57/><V23/><F12/><W86/><G99/><T80/><D96/><U1/><E11/><V8/><F8/><W66/><G66/><T13/><D13/><U59/><E59/><V64/><F64/><W81/><REACH who="3" step="1"/><G90/><REACH who="3" ten="293,286,288,123" step="2"/><T130/><D98/><U5/><E5/><V119/><AGARI ba="0,1" hai="19,20,21,23,27,116,118,119" m="34051,59431" machi="119" ten="50,12000,1" yaku="20,1,52,3" doraHai="117,16" who="2" fromWho="2" sc="293,-40,286,-40,288,130,123,-40" /><INIT seed="6,1,0,5,0,12" ten="253,246,418,83" oya="2" hai0="11,97,92,8,122,18,62,37,56,121,94,66,60" hai1="68,76,61,26,13,9,15,135,64,93,35,63,100" hai2="33,57,19,69,119,111,2,90,127,128,82,0,87" hai3="133,118,31,49,32,110,29,39,91,5,120,79,4"/><V48/><F33/><W7/><G39/><T17/><D37/><U131/><E131/><V89/><F69/><W83/><G118/><T86/><D86/><U116/><E116/><V27/><F111/><W44/><G120/><T53/><D121/><U10/><E135/><V59/><F90/><W106/><G106/><T20/><D122/><U95/><E76/><V51/><F2/><W46/><G110/><T21/><D66/><U84/><E63/><V103/><F0/><W1/><G1/><T14/><D62/><U71/><E71/><V65/><F57/><W105/><G105/><T34/><D34/><U96/><E26/><V123/><F19/><W23/><G133/><T67/><D67/><U129/><E35/><V80/><F80/><W41/><G32/><T54/><D53/><U3/><E3/><V107/><F65/><W22/><G46/><T115/><D94/><U109/><E109/><V42/><F123/><W55/><G41/><T112/><D112/><U81/><E95/><V16/><F42/><W70/><G70/><T99/><D97/><U78/><E129/><V134/><F128/><W108/><G108/><T72/><D72/><U114/><E114/><V30/><F134/><W124/><G91/><N who="0" m="55711" /><D115/><U117/><E117/><V58/><F119/><W130/><G130/><T113/><D113/><U25/><E25/><AGARI ba="1,0" hai="8,11,14,17,18,20,21,25,54,56,60" m="55711" machi="25" ten="30,7700,0" yaku="25,1,8,1,52,2" doraHai="12" who="0" fromWho="1" sc="253,80,246,-80,418,0,83,0" /><INIT seed="7,0,0,5,1,101" ten="333,166,418,83" oya="3" hai0="70,25,60,119,127,16,107,58,48,59,10,132,37" hai1="123,12,30,114,38,87,5,122,79,121,130,89,131" hai2="71,100,49,9,31,36,81,67,75,104,92,125,106" hai3="42,126,14,63,54,4,66,57,118,111,99,91,39"/><W24/><G118/><T51/><D37/><U94/><E38/><V90/><F104/><W11/><G111/><T95/><D119/><U33/><E79/><V73/><F106/><W22/><G126/><T7/><D132/><U129/><E114/><V109/><F100/><W98/><G39/><T74/><D74/><U135/><E135/><V133/><F71/><W97/><G42/><T86/><D70/><U15/><E5/><V44/><F75/><W112/><G112/><T56/><D107/><U21/><E33/><V0/><F73/><W120/><G120/><T35/><D60/><U17/><E30/><V13/><F31/><W50/><G91/><T80/><D95/><U124/><E124/><V43/><F92/><W72/><G72/><T102/><D35/><U40/><E40/><V47/><F43/><W52/><REACH who="3" step="1"/><G50/><REACH who="3" ten="333,166,418,73" step="2"/><T103/><D51/><U53/><E53/><V3/><F49/><W93/><G93/><T76/><D48/><U61/><E61/><V108/><F36/><W34/><G34/><T84/><D127/><U19/><E123/><V83/><F125/><W110/><G110/><T88/><D102/><U82/><E94/><V29/><F109/><W41/><G41/><T128/><D103/><U105/><E105/><V85/><F108/><W20/><G20/><AGARI ba="0,1" hai="12,15,17,19,20,21,82,87,89,121,122,129,130,131" machi="20" ten="40,2600,0" yaku="9,1,19,1" doraHai="101" who="1" fromWho="3" sc="333,0,166,36,418,0,73,-26" owari="333,13.0,202,-20.0,418,52.0,47,-45.0" /></mjloggm>