<mjloggm ver="2.3"><GO type="97" lobby="0"/><UN n0="%E5%AD%9F%E5%98%97%E5%90%9B" n1="%E5%B0%B1%E6%B4%BB%E7%94%9F%40%E5%B7%9D%E6%9D%91%E8%BB%8D%E5%9B%A3" n2="%64%6F%72%65%6B%75" n3="%E9%87%98%EF%BC%8F%E3%82%86%E3%81%8B%E3%81%88%E3%82%8A" dan="13,14,15,13" rate="1911.07,1966.92,1999.79,1851.86" sx="M,M,M,M"/><TAIKYOKU oya="0"/><INIT seed="0,0,0,5,4,38" ten="250,250,250,250" oya="0" hai0="89,27,135,86,65,70,17,93,34,12,9,69,94" hai1="130,79,3,55,40,46,81,133,53,30,119,23,51" hai2="49,45,41,35,134,115,125,98,11,117,29,80,47" hai3="74,57,16,88,36,24,31,97,128,5,110,106,8"/><T22/><D135/><U83/><E119/><V39/><F115/><W33/><G110/><T104/><D104/><U2/><E130/><V95/><F134/><W20/><G128/><T84/><D34/><U21/><E133/><V75/><F117/><W66/><G74/><T92/><D65/><U68/><E68/><V73/><F125/><W82/><G36/><T72/><D72/><U0/><E81/><V63/><F80/><W112/><G112/><T26/><D26/><U131/><E131/><V4/><F63/><W48/><G106/><T76/><D76/><U118/><E118/><V61/><F61/><N who="3" m="38191" /><G48/><T52/><D52/><U71/><E71/><V50/><F39/><W127/><G127/><T54/><D54/><U99/><E99/><V77/><F29/><W122/><G122/><T78/><D78/><U121/><E121/><V109/><F35/><W59/><G59/><T6/><D70/><U107/><E107/><V108/><F77/><W85/><G97/><T37/><D37/><U19/><E30/><V64/><F64/><W43/><G33/><T62/><D62/><U14/><REACH who="1" step="1"/><E21/><REACH who="1" ten="250,240,250,250" step="2"/><V129/><F129/><W111/><G31/><N who="0" m="17911" /><D69/><U28/><E28/><V13/><F109/><W126/><G111/><T100/><D100/><U32/><E32/><V105/><F105/><W60/><G126/><T120/><D120/><U10/><E10/><V25/><F108/><W101/><G101/><T114/><D114/><U103/><E103/><V67/><F11/><W18/><G8/><N who="0" m="6279" /><D84/><AGARI ba="0,1" hai="0,2,3,14,19,23,40,46,51,53,55,79,83,84" machi="84" ten="40,2600,0" yaku="1,1,52,1,53,0" doraHai="38" doraHaiUra="116" who="1" fromWho="0" sc="250,-26,240,36,250,0,250,0" /><INIT seed="1,0,0,4,0,31" ten="224,276,250,250" oya="1" hai0="24,45,34,97,130,54,134,92,42,133,35,49,5" hai1="83,58,64,75,124,52,9,56,67,70,104,40,109" hai2="47,48,36,11,100,53,16,18,111,123,12,84,25" hai3="51,106,94,80,29,131,126,129,7,27,82,72,44"/><U101/><E124/><V20/><F123/><W71/><G106/><T26/><D130/><N who="3" m="49673" /><G126/><T102/><D5/><U66/><E109/><V89/><F111/><W118/><G118/><T110/><D110/><U8/><E70/><V63/><F36/><W21/><G71/><T113/><D113/><U120/><E120/><V61/><REACH who="2" step="1"/><F100/><REACH who="2" ten="224,276,240,250" step="2"/><W0/><G72/><T122/><D122/><U87/><E101/><V69/><F69/><W128/><G128/><T46/><D26/><U3/><E104/><V91/><F91/><W99/><G27/><T59/><D24/><U10/><E3/><V37/><F37/><W115/><G0/><T28/><D28/><U103/><E103/><V76/><F76/><W74/><G29/><T119/><D119/><U65/><E75/><V43/><F43/><W114/><G74/><T13/><D13/><U73/><E73/><V125/><F125/><W50/><G115/><T105/><D105/><U78/><E40/><V121/><F121/><W117/><G114/><T81/><D42/><U96/><N who="1" m="16896" /><DORA hai="108" /><U98/><REACH who="1" step="1"/><E58/><REACH who="1" ten="224,266,240,250" step="2"/><V95/><AGARI ba="0,2" hai="11,12,16,18,20,25,47,48,53,61,63,84,89,95" machi="95" ten="20,12000,2" yaku="1,1,0,1,7,1,8,1,54,1,53,1" doraHai="31,108" doraHaiUra="79,23" who="2" fromWho="2" sc="224,-30,266,-60,240,140,250,-30" /><INIT seed="2,0,0,3,1,98" ten="194,206,380,220" oya="2" hai0="79,74,21,100,125,20,87,40,85,25,43,121,35" hai1="23,19,6,15,110,130,62,115,73,36,88,83,118" hai2="91,16,32,106,14,126,61,70,81,105,10,101,57" hai3="27,76,131,129,39,58,54,123,0,24,55,122,127"/><V109/><F32/><W107/><G127/><T102/><D125/><U63/><E36/><V93/><F126/><W84/><G39/><T30/><D121/><U69/><E118/><V77/><F70/><W1/><G107/><T124/><D124/><U52/><E115/><V66/><F109/><W134/><G134/><T26/><D74/><U128/><E110/><V133/><F133/><W65/><G65/><T80/><D35/><U49/><E6/><V18/><F18/><W31/><G84/><T41/><REACH who="0" step="1"/><D87/><REACH who="0" ten="184,206,380,220" step="2"/><N who="1" m="50303" /><E73/><V47/><F47/><W92/><G123/><T135/><D135/><U38/><E69/><V89/><F106/><W59/><G122/><T75/><D75/><U12/><E38/><V72/><REACH who="2" step="1"/><F105/><REACH who="2" ten="184,206,370,220" step="2"/><W99/><G131/><T5/><D5/><U119/><E130/><V42/><F42/><W97/><G129/><T103/><D103/><U82/><E119/><V104/><F104/><W45/><G45/><T34/><D34/><U90/><E128/><V11/><F11/><W4/><G4/><T111/><D111/><U112/><E112/><V95/><F95/><W46/><G46/><T78/><D78/><U116/><E116/><V60/><F60/><W132/><G76/><T94/><D94/><U2/><E63/><V28/><F28/><AGARI ba="0,2" hai="20,21,25,26,28,30,40,41,43,79,80,85,100,102" machi="28" ten="40,8000,1" yaku="1,1,9,1,8,1,52,2,53,0" doraHai="98" doraHaiUra="68" who="0" fromWho="2" sc="184,100,206,0,370,-80,220,0" /><INIT seed="3,0,0,3,5,1" ten="284,206,290,220" oya="3" hai0="53,17,101,33,2,93,84,78,123,129,72,59,127" hai1="99,132,24,134,135,112,116,100,125,69,87,30,107" hai2="103,29,13,25,65,95,37,44,5,20,41,85,23" hai3="82,50,102,88,39,31,60,71,55,75,36,8,94"/><W128/><G128/><T45/><D129/><U83/><E69/><V121/><F121/><W48/><G75/><T90/><D123/><U22/><E116/><V40/><F65/><W113/><G113/><T64/><D33/><U66/><E66/><V42/><F37/><W16/><G71/><T32/><D32/><U14/><E112/><V67/><F67/><W133/><G133/><T108/><D108/><U70/><E70/><V0/><F0/><W46/><G36/><T10/><D127/><U80/><E125/><V96/><F44/><W68/><G39/><T117/><D117/><U26/><E87/><V62/><F62/><W120/><G120/><T110/><D110/><U109/><E109/><V28/><F85/><N who="3" m="50231" /><G68/><T111/><D64/><U21/><REACH who="1" step="1"/><E14/><REACH who="1" ten="284,196,290,220" step="2"/><V124/><F124/><W57/><G46/><T51/><D45/><U56/><E56/><V114/><F114/><W115/><G115/><T77/><D72/><U86/><E86/><V19/><F29/><AGARI ba="0,1" hai="21,22,24,26,29,30,80,83,99,100,107,132,134,135" machi="29" ten="40,5200,0" yaku="1,1,9,1,20,1,53,0" doraHai="1" doraHaiUra="15" who="1" fromWho="2" sc="284,0,196,62,290,-52,220,0" /><INIT seed="4,0,0,1,3,50" ten="284,258,238,220" oya="0" hai0="9,122,33,74,11,127,70,34,53,96,8,124,43" hai1="59,90,55,22,69,128,65,57,41,68,27,14,49" hai2="25,23,77,102,73,81,54,88,133,7,98,64,92" hai3="16,83,99,42,32,26,30,125,97,71,6,44,21"/><T80/><D122/><U121/><E121/><V119/><F133/><W117/><G117/><T48/><D70/><U132/><E132/><V123/><F123/><W135/><G135/><T113/><D43/><U114/><E128/><V35/><F35/><W130/><G130/><T13/><D96/><U46/><E114/><V131/><F131/><W82/><G71/><T66/><D66/><U76/><E76/><V129/><F129/><W10/><G125/><N who="0" m="48203" /><D113/><U2/><E2/><V120/><F120/><W103/><G99/><T61/><D61/><N who="1" m="38063" /><E68/><V104/><F119/><W79/><G79/><N who="0" m="44151" /><D13/><U4/><E69/><V45/><F7/><W115/><G115/><T19/><D19/><N who="1" m="12767" /><E90/><V17/><F64/><W108/><G97/><T93/><D93/><U29/><E29/><V95/><F95/><W47/><G103/><T36/><D36/><U109/><E109/><V86/><F45/><AGARI ba="0,0" hai="8,9,11,33,34,45,48,53" m="44151,48203" machi="45" ten="30,2900,0" yaku="18,1,52,1" doraHai="50" who="0" fromWho="2" sc="284,29,258,0,238,-29,220,0" owari="313,41.0,258,6.0,209,-29.0,220,-18.0" /></mjloggm>