<mjloggm ver="2.3"><GO type="97" lobby="0"/><UN n0="%E5%B0%B1%E6%B4%BB%E7%94%9F%40%E5%B7%9D%E6%9D%91%E8%BB%8D%E5%9B%A3" n1="%E3%81%B7%E3%82%8A%E3%82%93%E8%81%96%E4%BA%BA%40" n2="%6B%61%73%75%67%65%2D" n3="%6F%72%6F%2D%63" dan="14,14,14,14" rate="1957.75,1911.67,1948.24,1972.51" sx="M,M,M,M"/><TAIKYOKU oya="0"/><INIT seed="0,0,0,2,2,4" ten="250,250,250,250" oya="0" hai0="31,97,73,19,2,83,43,104,61,101,21,109,67" hai1="120,56,42,20,86,91,52,124,0,107,110,53,6" hai2="108,48,33,114,122,135,100,36,45,18,5,25,84" hai3="131,69,113,99,70,94,72,75,32,44,27,134,11"/><T10/><D43/><U38/><E107/><V89/><F122/><W66/><G113/><T49/><D109/><U37/><E110/><V59/><F108/><W106/><G134/><T98/><D31/><U121/><E124/><V22/><F114/><W132/><G132/><T93/><D49/><U8/><E53/><V41/><F100/><W3/><G131/><T102/><D73/><U17/><E42/><V50/><F135/><W1/><G94/><T90/><D83/><U79/><E79/><V39/><F33/><W87/><G87/><T55/><D55/><U7/><E7/><V123/><F123/><W51/><G51/><T111/><D111/><U77/><E77/><V40/><F59/><W35/><G44/><T57/><D2/><N who="3" m="521" /><G11/><T60/><D60/><U30/><E30/><V126/><F126/><W119/><G119/><T130/><D130/><U14/><E14/><V71/><F71/><N who="3" m="27147" /><G66/><T96/><D10/><U24/><E120/><V63/><F63/><W76/><G76/><T133/><D133/><U64/><E64/><V78/><F78/><W26/><G26/><T127/><D127/><U88/><E121/><V16/><F40/><W74/><G27/><N who="0" m="14783" /><D104/><U92/><E91/><V68/><F68/><W28/><G28/><T81/><D81/><U117/><E117/><V34/><F50/><AGARI ba="0,0" hai="0,6,8,17,20,24,37,38,50,52,56,86,88,92" machi="50" ten="30,7700,0" yaku="7,1,52,1,54,2" doraHai="4" who="1" fromWho="2" sc="250,0,250,77,250,-77,250,0" /><INIT seed="1,0,0,1,3,70" ten="250,327,173,250" oya="1" hai0="71,23,52,28,53,108,82,114,4,41,16,106,119" hai1="54,98,121,100,51,14,27,10,134,120,87,58,20" hai2="42,37,83,105,81,99,39,103,31,6,24,33,2" hai3="30,68,45,26,46,48,86,90,3,40,35,93,62"/><U118/><E118/><V135/><F42/><W116/><G3/><T123/><D106/><U132/><E87/><V113/><F135/><N who="1" m="51753" /><E14/><V9/><F113/><W96/><G116/><T89/><D119/><U110/><E10/><V64/><F64/><W102/><G68/><T107/><D114/><U133/><E110/><V56/><F56/><W11/><G11/><T92/><D108/><U78/><E78/><V126/><F126/><W75/><G75/><T88/><D107/><N who="1" m="63895" /><E133/><V65/><F65/><W12/><G12/><T61/><D4/><U97/><E97/><V36/><AGARI ba="0,0" hai="2,6,9,24,31,33,36,37,39,81,83,99,103,105" machi="36" ten="30,7900,0" yaku="0,1,52,3" doraHai="70" who="2" fromWho="2" sc="250,-20,327,-39,173,79,250,-20" /><INIT seed="2,0,0,5,0,132" ten="230,288,252,230" oya="2" hai0="81,95,29,104,58,93,48,40,91,87,112,85,57" hai1="30,69,16,80,96,121,28,68,105,22,84,36,86" hai2="59,63,47,128,72,131,113,110,129,43,0,56,99" hai3="17,41,114,26,75,2,111,130,134,79,117,37,12"/><V34/><F113/><W83/><G117/><T124/><D104/><U119/><E121/><V94/><F72/><W8/><G134/><T6/><D112/><U71/><E36/><V74/><F74/><W10/><G114/><T89/><D29/><U126/><E126/><V65/><F34/><W11/><G130/><T82/><D6/><U1/><E1/><V97/><F0/><W18/><G111/><T62/><D124/><U13/><E119/><V44/><F110/><W15/><G26/><T32/><D32/><U27/><E30/><V73/><F73/><W19/><G41/><T92/><REACH who="0" step="1"/><D62/><REACH who="0" ten="220,288,252,230" step="2"/><U9/><E80/><V123/><F123/><W52/><G2/><T49/><D49/><U100/><AGARI ba="0,1" hai="9,13,16,22,27,28,68,69,71,84,86,96,100,105" machi="100" ten="40,2700,0" yaku="0,1,54,1" doraHai="132" who="1" fromWho="1" sc="220,-7,288,37,252,-13,230,-7" /><INIT seed="3,0,0,3,2,113" ten="213,325,239,223" oya="3" hai0="108,48,19,125,17,23,85,79,62,98,21,89,116" hai1="92,106,24,127,82,107,99,84,5,86,93,64,16" hai2="45,42,120,80,118,129,11,30,122,124,103,67,32" hai3="128,126,36,43,37,1,49,65,34,123,117,88,101"/><W41/><G123/><N who="2" m="47145" /><F118/><W114/><G114/><T3/><D116/><U38/><E38/><V50/><F129/><W115/><G115/><T29/><D3/><U56/><E5/><V15/><F124/><W76/><G34/><T47/><D125/><U2/><E2/><V135/><F135/><W55/><G1/><T25/><D108/><U78/><E127/><V33/><F30/><W90/><G126/><T110/><D110/><U70/><E70/><V66/><F103/><W63/><G76/><T130/><D130/><U102/><E106/><V44/><F44/><W72/><G72/><T4/><D4/><U97/><E107/><V94/><F94/><W57/><G101/><T112/><D112/><U31/><E16/><N who="0" m="6217" /><D62/><N who="1" m="37959" /><E86/><V39/><F39/><N who="3" m="14923" /><G88/><T95/><D21/><N who="1" m="15759" /><E102/><V20/><F33/><W81/><G90/><T109/><D109/><U75/><E75/><V52/><F32/><W74/><G81/><N who="0" m="47295" /><D48/><U121/><E121/><V91/><F91/><W27/><G74/><T9/><D9/><U77/><E77/><V60/><F80/><W83/><G83/><T96/><D47/><U0/><E0/><V10/><F10/><W22/><G128/><T53/><D53/><U51/><E51/><V61/><F20/><W46/><G22/><T131/><D131/><U40/><E40/><N who="3" m="15434" /><G27/><T7/><D7/><U132/><E93/><V119/><F119/><AGARI ba="0,0" hai="46,49,55,57,63,65,117,119" m="15434,14923" machi="119" ten="30,11600,0" yaku="34,2,52,2" doraHai="113" who="3" fromWho="2" sc="213,0,325,0,239,-116,223,116" owari="213,-19.0,325,13.0,123,-38.0,339,44.0" /></mjloggm>