<mjloggm ver="2.3"><GO type="169" lobby="0"/><UN n0="%E3%82%A6%E3%83%AB%E3%83%88%E3%83%A9%E7%AB%8B%E7%9B%B4" n1="%3A%44%75%63%61%3A" n2="%E3%81%8D%E3%81%97%E3%82%8A%E3%81%A3%E3%81%97%E3%82%85" n3="%7A%6B%75%72%74" dan="17,16,16,17" rate="2182.89,2132.12,2030.99,2129.35" sx="M,M,M,M"/><TAIKYOKU oya="0"/><INIT seed="0,0,0,2,0,91" ten="250,250,250,250" oya="0" hai0="48,1,119,86,46,88,93,59,124,26,62,112,111" hai1="11,76,118,38,72,33,80,30,67,82,39,114,95" hai2="131,135,49,16,85,64,133,113,132,83,4,130,94" hai3="122,42,66,45,129,74,123,61,65,115,104,120,20"/><T73/><D119/><U90/><E118/><V107/><F107/><W32/><G74/><T103/><D112/><U110/><E110/><V7/><F113/><W68/><G32/><T106/><D111/><U55/><E80/><V69/><F49/><W35/><G35/><T108/><D108/><U24/><E67/><V10/><F64/><N who="3" m="40975" /><G104/><T121/><D121/><U58/><E11/><V5/><F69/><W92/><G115/><T63/><D124/><U81/><E82/><V25/><F94/><W47/><G20/><T51/><D73/><U57/><E114/><V128/><F85/><W125/><G125/><T22/><D1/><U102/><E102/><V14/><F83/><W0/><G0/><T77/><D77/><U17/><E17/><V105/><F105/><W15/><G15/><T127/><D127/><U96/><REACH who="1" step="1"/><E58/><REACH who="1" ten="250,240,250,250" step="2"/><V60/><F60/><AGARI ba="0,1" hai="24,30,33,38,39,55,57,60,72,76,81,90,95,96" machi="60" ten="30,7700,0" yaku="1,1,2,1,7,1,52,1,53,0" doraHai="91" doraHaiUra="3" who="1" fromWho="2" sc="250,0,240,87,250,-77,250,0" /><INIT seed="1,0,0,1,4,60" ten="250,327,173,250" oya="1" hai0="34,54,120,68,128,45,111,123,118,47,52,1,6" hai1="98,13,91,63,101,125,110,75,33,127,29,38,9" hai2="55,89,51,102,58,64,78,48,57,46,103,94,69" hai3="104,80,86,14,105,119,131,81,71,79,126,97,85"/><U39/><E75/><V132/><F69/><W28/><G71/><T37/><D34/><U88/><E110/><V18/><F132/><W50/><G28/><T124/><D6/><U25/><E63/><N who="2" m="38007" /><F78/><W83/><G50/><N who="0" m="28767" /><D1/><U26/><E26/><V108/><F108/><W20/><G119/><T40/><D111/><U109/><E109/><V8/><F8/><W114/><G114/><T56/><D118/><U59/><E59/><V82/><F82/><W4/><G126/><N who="1" m="48138" /><E38/><V23/><F48/><W19/><G4/><T10/><D10/><U53/><E53/><V24/><F24/><BYE who="2" /><W107/><G131/><T96/><D124/><U106/><E39/><V62/><F62/><W74/><G97/><UN n2="%E3%81%8D%E3%81%97%E3%82%8A%E3%81%A3%E3%81%97%E3%82%85" /><T36/><D96/><U121/><E121/><N who="0" m="46665" /><D68/><U43/><E43/><V31/><F46/><W67/><G74/><T3/><D3/><U112/><E112/><V87/><F31/><W32/><G32/><T93/><D128/><U117/><E117/><V70/><F70/><W95/><G67/><T73/><D73/><U115/><E115/><V44/><F44/><W35/><G35/><T61/><D93/><U21/><E33/><V133/><F133/><W5/><G5/><AGARI ba="0,0" hai="5,9,13,21,25,29,88,91,98,101,106" m="48138" machi="5" ten="30,2900,0" yaku="18,1,54,1" doraHai="60" who="1" fromWho="3" sc="250,0,327,29,173,0,250,-29" /><INIT seed="1,1,0,1,4,120" ten="250,356,173,221" oya="1" hai0="85,41,18,35,119,92,51,17,106,126,95,11,108" hai1="69,60,87,96,22,113,42,78,101,109,5,7,107" hai2="82,47,63,15,12,132,110,131,20,74,62,117,102" hai3="135,13,103,0,66,91,6,134,24,122,116,37,79"/><U19/><E113/><V34/><F117/><W112/><G112/><T2/><D119/><U83/><E42/><V75/><F34/><W28/><G122/><T86/><D106/><U111/><E69/><V68/><F131/><W58/><G37/><T65/><D35/><U124/><E60/><V36/><F132/><W43/><G43/><T38/><D126/><U59/><E59/><V64/><F102/><W129/><G0/><T104/><D104/><U130/><E130/><V99/><F99/><W50/><G129/><T45/><D65/><U81/><E83/><V105/><F105/><W56/><G116/><T16/><D38/><U8/><E124/><V46/><F36/><W26/><G103/><T29/><D29/><U114/><E114/><V121/><F121/><W49/><G79/><T127/><D127/><U97/><E96/><V21/><F82/><W33/><G91/><T93/><REACH who="0" step="1"/><D108/><REACH who="0" ten="240,356,173,221" step="2"/><N who="1" m="41547" /><E8/><V3/><F110/><W73/><G135/><T77/><D77/><U25/><AGARI ba="1,1" hai="5,7,19,22,25,78,81,87,97,101,107" m="41547" machi="25" ten="30,12000,1" yaku="14,1,10,1,52,3" doraHai="120" who="1" fromWho="1" sc="240,-41,356,133,173,-41,221,-41" /><INIT seed="1,2,0,2,4,83" ten="199,489,132,180" oya="1" hai0="97,112,113,34,18,47,12,23,126,101,24,95,68" hai1="61,88,46,7,38,76,117,27,50,19,107,122,65" hai2="41,72,89,106,49,11,15,129,135,14,74,71,1" hai3="44,53,130,5,59,78,73,32,21,125,120,36,30"/><U45/><E107/><V114/><F106/><W28/><G120/><T6/><D126/><U103/><E103/><V3/><F71/><W131/><G125/><T60/><D47/><U33/><E7/><V4/><F129/><N who="3" m="49163" /><G32/><T133/><D133/><U87/><E76/><V56/><F135/><W80/><G5/><T13/><D13/><U98/><E98/><V39/><F114/><W55/><G21/><T64/><REACH who="0" step="1"/><D34/><REACH who="0" ten="189,489,132,180" step="2"/><U109/><E33/><V110/><F15/><W70/><G70/><T115/><D115/><U54/><E46/><V102/><F14/><W91/><G44/><T96/><D96/><U58/><E38/><V119/><F39/><W2/><G36/><T0/><D0/><U127/><E127/><V69/><F1/><W10/><G2/><T57/><D57/><U17/><E58/><V8/><F69/><W40/><G59/><T85/><D85/><U81/><E45/><V75/><F3/><W121/><G40/><T66/><D66/><U82/><E65/><V67/><F41/><W84/><G55/><T93/><D93/><U51/><E54/><N who="2" m="31823" /><F67/><W20/><G53/><T132/><D132/><U79/><E27/><V123/><F74/><W22/><G73/><T35/><D35/><U100/><E122/><V134/><F123/><W92/><G121/><T108/><D108/><U118/><E109/><V42/><F110/><W104/><G104/><T9/><AGARI ba="2,1" hai="6,9,12,18,23,24,60,64,68,95,97,101,112,113" machi="9" ten="30,7900,0" yaku="1,1,0,1,53,2" doraHai="83" doraHaiUra="111" who="0" fromWho="0" sc="189,95,489,-41,132,-22,180,-22" /><INIT seed="2,0,0,5,2,118" ten="284,448,110,158" oya="2" hai0="130,124,23,89,71,123,111,29,64,82,10,69,34" hai1="45,94,49,134,81,120,56,1,11,42,53,90,119" hai2="15,117,20,63,126,24,95,3,66,80,4,127,110" hai3="67,88,47,128,113,54,102,6,21,12,87,121,44"/><V8/><F117/><W98/><G113/><T61/><D124/><N who="2" m="47658" /><F110/><W108/><G108/><T133/><D111/><U76/><E119/><V5/><F95/><W79/><G128/><T43/><D130/><U22/><E134/><V16/><F80/><W28/><G79/><T36/><D133/><U125/><E125/><V70/><F4/><W131/><G131/><T2/><D23/><U74/><E22/><V109/><F109/><W73/><G73/><T46/><D89/><U25/><E25/><AGARI ba="0,0" hai="3,5,8,15,16,20,24,25,63,66,70" m="47658" machi="25" ten="30,2900,0" yaku="18,1,54,1" doraHai="118" who="2" fromWho="1" sc="284,0,448,-29,110,29,158,0" /><INIT seed="2,1,0,0,3,74" ten="284,419,139,158" oya="2" hai0="31,64,81,17,1,37,98,12,30,125,52,107,36" hai1="27,60,110,121,24,35,80,19,103,87,133,93,26" hai2="92,117,112,71,91,13,83,85,29,135,2,9,62" hai3="106,25,122,130,65,128,11,78,56,76,100,28,95"/><V49/><F117/><W99/><G122/><T66/><D125/><U20/><E110/><V131/><F112/><W120/><G120/><T21/><D1/><U109/><E109/><V105/><F105/><W40/><G40/><T88/><D107/><U84/><E133/><V82/><F135/><W102/><G11/><T96/><D37/><U58/><E35/><V134/><F134/><W73/><G73/><T55/><D36/><U34/><E34/><V72/><F131/><N who="3" m="50219" /><G102/><T126/><D126/><U59/><E59/><V16/><F2/><W46/><G46/><T4/><D4/><U68/><E68/><V69/><F29/><W5/><G5/><T44/><D44/><U115/><E115/><V104/><F104/><W33/><G95/><N who="0" m="56423" /><D81/><U23/><E20/><V45/><F83/><W14/><G14/><T43/><D43/><U41/><E41/><V111/><F111/><W42/><G42/><T119/><D119/><U63/><E121/><V57/><F72/><W97/><G97/><T22/><D98/><N who="1" m="59855" /><E63/><AGARI ba="1,0" hai="25,28,33,56,63,65,76,78,99,100,106" m="50219" machi="63" ten="30,3900,0" yaku="19,1,52,2" doraHai="74" who="3" fromWho="1" sc="284,0,419,-42,139,0,158,42" /><INIT seed="3,0,0,5,0,95" ten="284,377,139,200" oya="3" hai0="84,30,94,59,16,106,23,12,125,134,68,105,61" hai1="93,38,115,65,122,97,69,44,33,82,76,63,51" hai2="48,62,98,24,133,41,39,20,114,56,36,53,25" hai3="40,131,58,132,80,104,88,73,31,78,87,11,72"/><W112/><G112/><T111/><D111/><U96/><E115/><V124/><F114/><W127/><G127/><T64/><D125/><U57/><E33/><V9/><F124/><W118/><G118/><T101/><D134/><U66/><E122/><V54/><F133/><W99/><G132/><T15/><D30/><U10/><E10/><V100/><F9/><W27/><G40/><T135/><D135/><U43/><E93/><V34/><F34/><W129/><G11/><T107/><D15/><U119/><E119/><V13/><F13/><W75/><G58/><T47/><D47/><U14/><E14/><V19/><F41/><W21/><REACH who="3" step="1"/><G78/><REACH who="3" ten="284,377,139,190" step="2"/><T2/><D59/><U85/><E65/><V26/><F39/><W109/><G109/><T46/><D46/><U28/><E57/><N who="2" m="32935" /><F36/><W70/><G70/><T110/><D110/><U102/><E38/><V67/><F67/><W3/><G3/><T117/><D2/><U103/><E69/><V86/><F56/><W8/><G8/><T74/><D117/><U7/><E66/><V130/><F62/><W92/><G92/><T49/><D61/><U6/><E63/><V71/><F71/><W116/><G116/><T35/><D64/><U121/><E43/><V128/><F54/><W32/><G32/><T90/><D35/><U126/><E76/><V37/><F37/><W123/><G123/><T29/><D68/><U0/><E126/><V89/><F130/><W18/><G18/><T120/><D94/><U79/><E0/><V91/><F128/><W42/><G42/><T17/><D17/><U81/><E121/><RYUUKYOKU ba="0,1" sc="284,-10,377,-10,139,-10,190,30" hai3="21,27,31,72,73,75,80,87,88,99,104,129,131" /><INIT seed="3,1,1,2,1,9" ten="274,367,129,220" oya="3" hai0="66,119,37,62,125,128,42,88,64,49,112,70,89" hai1="24,123,1,95,83,30,57,11,132,74,33,26,43" hai2="91,103,6,86,28,25,47,5,53,12,87,58,72" hai3="18,90,105,135,16,94,113,65,117,77,67,14,2"/><W111/><G117/><T100/><D119/><U40/><E132/><V71/><F72/><W13/><G2/><T102/><D125/><U63/><E26/><V55/><F71/><W120/><G120/><T124/><D124/><U36/><E36/><V38/><F103/><W85/><G113/><T27/><D128/><U7/><E123/><V126/><F126/><W3/><G3/><T109/><D109/><U97/><E83/><V73/><F73/><W84/><G105/><T50/><D112/><U133/><E74/><V20/><F38/><W60/><G135/><T41/><D27/><U92/><E95/><V54/><F47/><W129/><G129/><T116/><D116/><U81/><E81/><N who="2" m="49615" /><F87/><W15/><G111/><T115/><D37/><U35/><E35/><V44/><F44/><W122/><G122/><T82/><D82/><U131/><E133/><V48/><F5/><W4/><G4/><T93/><D93/><U78/><E78/><V61/><F48/><W0/><G0/><T134/><D134/><U59/><E59/><V10/><AGARI ba="1,1" hai="6,10,12,20,25,28,53,54,55,58,61" m="49615" machi="10" ten="30,2000,0" yaku="8,1,52,1" doraHai="9" who="2" fromWho="2" sc="274,-6,367,-6,129,33,220,-11" /><INIT seed="4,0,0,3,1,28" ten="268,361,162,209" oya="0" hai0="37,44,119,101,91,50,92,1,65,85,11,15,71" hai1="104,124,0,117,12,77,35,58,109,118,126,96,16" hai2="40,17,20,36,112,134,55,70,10,76,5,4,43" hai3="32,67,54,49,78,100,89,41,66,73,95,22,98"/><T123/><D123/><U130/><E0/><V97/><F70/><W114/><G114/><T132/><D119/><U34/><E77/><V82/><F112/><W74/><G32/><T47/><D132/><U81/><E81/><V135/><F97/><W125/><G125/><N who="1" m="48234" /><E109/><V57/><F135/><W69/><G41/><T33/><D33/><N who="1" m="12299" /><E130/><V46/><F134/><W106/><G69/><T108/><D108/><U2/><E2/><V8/><F43/><W93/><G106/><T42/><D1/><U88/><E58/><V31/><F82/><W99/><G78/><T63/><D101/><N who="1" m="62503" /><E88/><V84/><F76/><W19/><G74/><T113/><D113/><U105/><E105/><V72/><F72/><W51/><G73/><T79/><D79/><U107/><E107/><V120/><F57/><W68/><G68/><T102/><D102/><U27/><E27/><V24/><F24/><W121/><G121/><T60/><D91/><U115/><E115/><V29/><F120/><W3/><G3/><T21/><D92/><U25/><E25/><V86/><F86/><W9/><G95/><T122/><D85/><U59/><E59/><V56/><F84/><W26/><G100/><T62/><D122/><U131/><E131/><V7/><F56/><W110/><G110/><T52/><D63/><U13/><E13/><V14/><F14/><W64/><G98/><T94/><D62/><U129/><E129/><V38/><F4/><W128/><G128/><T103/><D94/><U45/><E45/><V48/><F5/><W127/><G127/><T116/><D47/><U87/><E87/><RYUUKYOKU ba="0,0" sc="268,-10,361,30,162,-10,209,-10" hai1="12,16,117,118" /><INIT seed="5,1,0,4,5,97" ten="258,391,152,199" oya="1" hai0="128,121,35,18,68,115,9,108,67,103,53,99,22" hai1="14,134,127,109,125,88,64,83,0,87,94,27,81" hai2="26,61,82,34,75,86,56,131,47,107,54,132,6" hai3="23,12,106,85,55,80,62,57,114,76,78,42,11"/><U31/><E0/><V112/><F131/><W111/><G111/><T3/><D108/><U120/><E120/><V104/><F132/><W77/><G114/><T126/><D115/><U19/><E134/><V100/><F112/><W93/><G106/><T44/><D128/><U66/><E109/><V133/><F75/><W15/><G42/><T21/><D35/><U41/><E41/><V84/><F133/><W113/><G113/><T73/><D73/><U101/><E64/><V79/><F6/><W20/><G93/><T98/><D126/><N who="1" m="48139" /><E66/><V135/><F135/><W72/><G72/><T60/><D121/><U59/><E59/><V90/><F47/><W130/><G130/><T63/><D98/><N who="1" m="59607" /><E81/><V38/><F38/><W2/><G2/><T28/><D28/><U30/><E27/><V95/><F26/><W16/><REACH who="3" step="1"/><G23/><AGARI ba="1,0" hai="14,19,23,30,31,83,87,88" m="59607,48139" machi="23" ten="30,5800,0" yaku="18,1,52,1,54,1" doraHai="97" who="1" fromWho="3" sc="258,0,391,61,152,0,199,-61" /><INIT seed="5,2,0,2,1,71" ten="258,452,152,138" oya="1" hai0="41,51,18,68,27,2,118,37,110,106,1,63,62" hai1="50,87,64,112,0,99,15,36,126,25,75,40,91" hai2="92,111,11,89,60,6,47,113,4,127,16,66,108" hai3="58,79,46,43,86,45,134,130,117,131,33,38,124"/><U20/><E0/><V98/><F127/><W54/><G33/><T69/><D106/><U22/><E64/><V57/><F113/><W32/><G32/><T59/><D18/><U94/><E75/><V121/><F121/><W109/><G79/><T77/><D27/><U129/><E36/><V21/><F47/><W93/><G117/><T13/><D13/><U120/><E120/><V3/><REACH who="2" step="1"/><F4/><REACH who="2" ten="258,452,142,138" step="2"/><W52/><G109/><T44/><D110/><U80/><E112/><V39/><F39/><W96/><G124/><T24/><D44/><U105/><E126/><V48/><F48/><W135/><G46/><T101/><D51/><U114/><E50/><V70/><F70/><W42/><G42/><T133/><D37/><U10/><E114/><V115/><F115/><W12/><G58/><T73/><D59/><U31/><E40/><V19/><F19/><W9/><G130/><T82/><D69/><U125/><E129/><V122/><F122/><W102/><G131/><T107/><D68/><U7/><E7/><V56/><F56/><W74/><G74/><T72/><D73/><U49/><E49/><V65/><F65/><W116/><G116/><T35/><D41/><U28/><E125/><V55/><F55/><W88/><G54/><T100/><D118/><U84/><E28/><V61/><F61/><W30/><G52/><T26/><D63/><U17/><E31/><V90/><F90/><W14/><G30/><N who="0" m="19927" /><D62/><U5/><E17/><V123/><F123/><W104/><G9/><T67/><D72/><U128/><E10/><V8/><F8/><W95/><G104/><RYUUKYOKU ba="2,1" sc="258,-15,452,-15,142,15,138,15" hai2="3,6,11,16,21,57,60,66,89,92,98,108,111" hai3="12,14,38,43,45,86,88,93,95,96,102,134,135" /><INIT seed="6,3,1,3,2,38" ten="243,437,157,153" oya="2" hai0="35,86,70,17,19,12,26,74,45,50,40,6,54" hai1="55,69,95,58,15,67,103,106,43,108,66,37,71" hai2="14,21,31,113,127,80,98,79,77,129,5,30,83" hai3="81,41,125,62,109,130,99,97,20,11,65,76,122"/><V46/><F113/><W107/><G109/><T48/><D74/><U134/><E106/><V93/><F127/><W100/><G122/><T56/><D70/><U73/><E73/><V114/><F114/><W9/><G125/><T110/><D110/><U44/><E108/><V85/><F129/><W10/><G130/><T119/><D119/><U7/><E7/><V0/><F0/><W13/><G97/><T18/><D86/><U102/><E15/><V3/><F3/><W53/><G53/><T34/><REACH who="0" step="1"/><D26/><REACH who="0" ten="233,437,157,153" step="2"/><U60/><E71/><V123/><F123/><W120/><G120/><T16/><N who="0" m="4096" /><DORA hai="4" /><T23/><D23/><U72/><E69/><V2/><F21/><W51/><G20/><T118/><D118/><U28/><E72/><V135/><F85/><W33/><G33/><T8/><AGARI ba="3,2" hai="6,8,12,34,35,40,45,48,50,54,56" m="4096" machi="8" ten="40,12000,2" yaku="1,1,0,1,52,2,54,1,53,2" doraHai="38,4" doraHaiUra="121,47" who="0" fromWho="0" sc="233,149,437,-33,157,-63,153,-33" /><INIT seed="7,0,0,4,2,9" ten="382,404,94,120" oya="3" hai0="127,43,75,63,35,10,25,87,114,94,3,27,38" hai1="101,11,86,126,8,58,77,83,111,61,18,2,19" hai2="67,32,85,80,34,117,125,64,132,100,122,81,121" hai3="98,73,74,109,65,51,93,133,118,95,52,29,24"/><W0/><G118/><T46/><D127/><U13/><E126/><V59/><F125/><W47/><G0/><T92/><D114/><U124/><E124/><V68/><F68/><W20/><G133/><T129/><D129/><U26/><E111/><V36/><F117/><W12/><G109/><T79/><D63/><U4/><E101/><V48/><F36/><W49/><G65/><T128/><D128/><U104/><E104/><V107/><F132/><W39/><G39/><T50/><D50/><U55/><E26/><V105/><F100/><W135/><G135/><T134/><D134/><U44/><E44/><V70/><F70/><W60/><G60/><T1/><D1/><U113/><E113/><V30/><F30/><W72/><G98/><T17/><D17/><AGARI ba="0,0" hai="2,4,8,11,13,17,18,19,55,58,61,77,83,86" machi="17" ten="30,2000,0" yaku="7,1,52,1" doraHai="9" who="1" fromWho="0" sc="382,-20,404,20,94,0,120,0" owari="362,16.0,424,53.0,94,-41.0,120,-28.0" /></mjloggm>