<mjloggm ver="2.3"><GO type="97" lobby="0"/><UN n0="%6D%6F%65%72%61%67%6F%6E" n1="%E9%9B%A8%E3%81%AE%E6%97%A5%E3%81%AF%E4%B8%83%E5%AF%BE" n2="%E3%81%BD%E3%81%A3%E3%81%BD%EF%BC%94%EF%BD%98" n3="%E5%B0%B1%E6%B4%BB%E7%94%9F%40%E5%B7%9D%E6%9D%91%E8%BB%8D%E5%9B%A3" dan="13,15,14,15" rate="1836.98,1998.97,1887.42,2073.06" sx="M,M,M,M"/><TAIKYOKU oya="0"/><INIT seed="0,0,0,4,4,87" ten="250,250,250,250" oya="0" hai0="98,33,90,102,22,29,6,53,121,128,67,59,60" hai1="117,91,80,126,28,14,109,31,63,116,24,44,30" hai2="93,69,94,100,118,65,76,7,122,66,45,49,130" hai3="18,39,23,54,131,104,111,40,27,133,123,82,127"/><T2/><D121/><U95/><E109/><V0/><F122/><W108/><G104/><T61/><D128/><U21/><E126/><V38/><F118/><W107/><G107/><T112/><D112/><U88/><E116/><V48/><F130/><W8/><G123/><T105/><D2/><U4/><E117/><V119/><F119/><W25/><G39/><T86/><D6/><U16/><E44/><V84/><F69/><W92/><G40/><T51/><D33/><U58/><E80/><V125/><F125/><W37/><G37/><T135/><D135/><U70/><E70/><V89/><F76/><W79/><G131/><T56/><D29/><N who="1" m="11371" /><E4/><V81/><F38/><W99/><G133/><T32/><D32/><U12/><E95/><V46/><F7/><W73/><G8/><T75/><D75/><U96/><E96/><V114/><F0/><W71/><G71/><T103/><D103/><U85/><E85/><V97/><F114/><W35/><G127/><T13/><D13/><N who="1" m="5227" /><E31/><V74/><F74/><W55/><G35/><T132/><D132/><U9/><E9/><V10/><F10/><W26/><G108/><T36/><D36/><U15/><N who="1" m="5235" /><U78/><DORA hai="101" /><E78/><V57/><F57/><W34/><G34/><T20/><D59/><U50/><E50/><N who="2" m="19563" /><F81/><W77/><G77/><T124/><D124/><U68/><E68/><V106/><F106/><W64/><G111/><T42/><D42/><U115/><E115/><V83/><F83/><W19/><G73/><T3/><D3/><U11/><E11/><V72/><F72/><W110/><G110/><RYUUKYOKU ba="0,0" sc="250,-15,250,15,250,15,250,-15" hai1="16,21,24,58,63,88,91" hai2="45,46,65,66,84,89,93,94,97,100" /><INIT seed="1,1,0,5,2,7" ten="235,265,265,235" oya="1" hai0="116,37,131,73,91,133,33,36,112,66,59,58,81" hai1="9,17,53,68,110,87,71,44,26,124,49,38,120" hai2="85,127,76,61,98,114,5,100,93,42,11,115,113" hai3="90,41,47,84,109,14,125,12,40,92,65,89,57"/><U86/><E120/><V97/><F127/><W119/><G109/><T77/><D133/><U24/><E124/><V32/><F32/><W43/><G125/><T82/><D131/><U39/><E110/><V29/><F29/><W50/><G119/><T132/><D116/><U122/><E122/><V95/><F42/><N who="3" m="16491" /><G90/><T128/><D132/><U67/><E68/><V6/><F5/><W107/><G107/><T45/><D128/><U25/><E67/><V52/><F76/><W54/><G65/><T105/><D105/><U18/><E71/><V8/><F6/><W88/><G89/><T20/><D112/><U106/><E106/><V75/><F75/><W101/><G101/><T74/><D33/><U55/><E55/><V130/><F85/><W94/><G94/><T13/><D66/><U103/><E103/><N who="2" m="60847" /><F130/><W64/><G64/><T69/><D69/><U19/><REACH who="1" step="1"/><E9/><REACH who="1" ten="235,255,265,235" step="2"/><V135/><F135/><W3/><G3/><T70/><D70/><U79/><E79/><V60/><F52/><W23/><G23/><T28/><D77/><U46/><E46/><V99/><F98/><W56/><G56/><T129/><D59/><U111/><E111/><V51/><F51/><AGARI ba="1,1" hai="12,14,43,47,50,51,54,57,84,88,92" m="16491" machi="51" ten="30,2000,0" yaku="8,1,54,1" doraHai="7" who="3" fromWho="2" sc="235,0,255,0,265,-23,235,33" /><INIT seed="2,0,0,2,4,112" ten="235,255,242,268" oya="2" hai0="27,74,20,108,38,122,95,61,23,114,37,94,32" hai1="33,133,90,125,63,1,118,11,5,28,40,77,105" hai2="76,43,129,97,10,119,100,130,110,48,120,24,17" hai3="132,35,53,68,80,73,72,124,93,82,15,121,0"/><V3/><F120/><W92/><G0/><T98/><D122/><U127/><E105/><V117/><F76/><W81/><G68/><T9/><D74/><U106/><E106/><V66/><F66/><W71/><G71/><T126/><D114/><U135/><E40/><V101/><F110/><W46/><G35/><T78/><D108/><U102/><E102/><N who="2" m="39531" /><F97/><W54/><G46/><T52/><D78/><U31/><E118/><N who="2" m="45067" /><F3/><W29/><G29/><N who="1" m="11338" /><E33/><V39/><F39/><W25/><G25/><T84/><D98/><U8/><E11/><V47/><F10/><W21/><G93/><T58/><D95/><U13/><E1/><V115/><F115/><W18/><G92/><T107/><D94/><U111/><E111/><V14/><F14/><W131/><G73/><T41/><D107/><U22/><E22/><V67/><F67/><W89/><G72/><T116/><D116/><U99/><E77/><V70/><F70/><W113/><G89/><T88/><D88/><U36/><E36/><V69/><F69/><W19/><G113/><T49/><D9/><U45/><E45/><V134/><F134/><N who="1" m="51209" /><E63/><V96/><F96/><W34/><G34/><T103/><D38/><U60/><E60/><V75/><F75/><W44/><G44/><T64/><D37/><U57/><E99/><V4/><F4/><W55/><G132/><T79/><D79/><U62/><E62/><V104/><F104/><W91/><G121/><T30/><D61/><U56/><E90/><V128/><F17/><W109/><G91/><T16/><D16/><N who="3" m="6185" /><G109/><T6/><D6/><U85/><E85/><RYUUKYOKU ba="0,0" sc="235,-15,255,15,242,15,268,-15" hai1="5,8,13,56,57,125,127" hai2="24,43,47,48,128,129,130" /><INIT seed="2,1,0,0,1,118" ten="220,270,257,253" oya="2" hai0="18,67,107,59,130,132,75,85,32,87,88,129,1" hai1="25,40,90,91,19,104,103,84,16,51,70,57,20" hai2="12,105,71,117,131,86,8,36,101,93,125,10,122" hai3="53,69,60,96,29,95,4,34,17,2,121,127,24"/><V98/><F117/><W30/><G127/><T9/><D132/><U112/><E70/><V109/><F71/><W92/><G30/><T102/><D75/><U46/><E112/><V100/><F36/><W111/><G111/><T27/><D32/><U135/><E135/><V115/><F115/><W21/><G92/><T55/><D67/><U63/><E103/><V11/><F125/><W80/><G80/><T134/><D134/><U113/><E113/><V58/><F131/><N who="0" m="50186" /><D107/><U62/><E104/><V79/><F109/><W44/><G4/><N who="0" m="1167" /><D102/><U3/><E3/><V54/><F122/><W6/><G6/><T23/><D88/><N who="1" m="33835" /><E84/><V45/><F45/><W7/><G7/><T28/><D28/><N who="1" m="17447" /><E62/><AGARI ba="1,0" hai="18,23,27,55,59,62,85,87" m="1167,50186" machi="62" ten="30,1000,0" yaku="19,1" doraHai="118" who="0" fromWho="1" sc="220,13,270,-13,257,0,253,0" /><INIT seed="3,0,0,3,4,36" ten="233,257,257,253" oya="3" hai0="119,38,117,68,21,70,98,64,106,84,121,69,80" hai1="102,49,47,100,53,28,114,3,79,14,35,87,52" hai2="22,62,108,116,11,39,120,54,41,66,81,75,82" hai3="58,135,133,94,126,51,45,9,103,89,74,10,128"/><W85/><G74/><T112/><D121/><U110/><E114/><V115/><F116/><W101/><G126/><T99/><D38/><U30/><E3/><V63/><F115/><W61/><G128/><T127/><D112/><U19/><E110/><V40/><F120/><W123/><G123/><T109/><D109/><U122/><E122/><V20/><F39/><W37/><G37/><T88/><D127/><U13/><E35/><V60/><F108/><W17/><G17/><T125/><D125/><U91/><E79/><V90/><F75/><W83/><G133/><T55/><D55/><U12/><E19/><V71/><F11/><N who="3" m="4107" /><G94/><T25/><D64/><U65/><E53/><V57/><F62/><W5/><G5/><T24/><D24/><U26/><E65/><V18/><F22/><W93/><G93/><T15/><D15/><U130/><E130/><V48/><F63/><W92/><G92/><T86/><D106/><U124/><E124/><V113/><F113/><W33/><G33/><T56/><D119/><U132/><E132/><V7/><F7/><W134/><G134/><T32/><D117/><U131/><E131/><V31/><F31/><N who="1" m="11817" /><E26/><N who="2" m="14615" /><F71/><W78/><G78/><T107/><D32/><U23/><E23/><V111/><F111/><W129/><G129/><T44/><D107/><U67/><E67/><V97/><F97/><W50/><G135/><T2/><D2/><U34/><E34/><V77/><F77/><W6/><G6/><T4/><D4/><U59/><E47/><N who="2" m="27935" /><F81/><AGARI ba="0,0" hai="12,13,14,49,52,59,81,87,91,100,102" m="11817" machi="81" ten="30,2000,0" yaku="8,1,54,1" doraHai="36" who="1" fromWho="2" sc="233,0,257,20,257,-20,253,0" /><INIT seed="4,0,0,4,3,30" ten="233,277,237,253" oya="0" hai0="38,79,78,1,119,21,47,5,36,126,3,66,110" hai1="17,43,108,24,124,80,67,15,134,109,34,50,32" hai2="102,86,35,83,53,84,122,90,113,52,74,129,8" hai3="27,59,87,68,101,0,72,23,42,120,85,117,29"/><T96/><D119/><U61/><E134/><V70/><F122/><W12/><G68/><T46/><D126/><U123/><E123/><V97/><F70/><W65/><G72/><T112/><D112/><U7/><E7/><V100/><F113/><W105/><G0/><T4/><D110/><N who="1" m="42603" /><E124/><V127/><F127/><W26/><G42/><T54/><D54/><U40/><E80/><V111/><F111/><W57/><G117/><T37/><D66/><U132/><E132/><V16/><F35/><N who="1" m="13353" /><E24/><V82/><F129/><W121/><G65/><T6/><D21/><N who="1" m="11455" /><E50/><V58/><F74/><W135/><G135/><T10/><D96/><U103/><E103/><N who="2" m="39467" /><F97/><W76/><G76/><N who="0" m="29227" /><D10/><U11/><E11/><V118/><F118/><W116/><G116/><T125/><D125/><U44/><E44/><AGARI ba="0,0" hai="1,3,4,5,6,36,37,38,44,46,47" m="29227" machi="44" ten="40,3900,0" yaku="28,2" doraHai="30" who="0" fromWho="1" sc="233,39,277,-39,237,0,253,0" /><INIT seed="4,1,0,0,5,47" ten="272,238,237,253" oya="0" hai0="45,84,95,134,46,38,78,51,20,96,58,104,89" hai1="2,111,67,76,28,74,103,32,44,55,6,27,125" hai2="121,85,34,25,5,26,100,127,99,29,68,91,7" hai3="107,65,113,17,83,117,79,90,50,61,112,135,53"/><T93/><D134/><U114/><E111/><V56/><F68/><W70/><G107/><T11/><D104/><U62/><E125/><V80/><F121/><W30/><G30/><T40/><D11/><U88/><E103/><V101/><F127/><W23/><G135/><T22/><D58/><U105/><E105/><V59/><F101/><W73/><G90/><T122/><D122/><U102/><E102/><V66/><F25/><W49/><G117/><T82/><D95/><U124/><E124/><V24/><F24/><W120/><G53/><AGARI ba="1,0" hai="20,22,38,40,45,46,51,53,78,82,84,89,93,96" machi="53" ten="30,2900,0" yaku="7,1,52,1" doraHai="47" who="0" fromWho="3" sc="272,32,238,0,237,0,253,-32" owari="304,40.0,238,4.0,237,-16.0,221,-28.0" /></mjloggm>