<mjloggm ver="2.3"><GO type="225" lobby="0"/><UN n0="%E3%81%BF%E3%81%BF%E3%81%9A" n1="%E5%A4%A7%E7%8E%89%E5%B0%86" n2="%E3%81%A4%E3%81%B0%E3%81%8D%E3%81%A1%30%33" n3="%E3%83%88%E3%83%88%E3%83%AA%E5%85%88%E7%94%9F%31%39%E6%AD%B3" dan="16,16,16,17" rate="2123.01,2076.22,2181.00,2289.06" sx="M,M,M,F"/><TAIKYOKU oya="0"/><INIT seed="0,0,0,5,0,115" ten="250,250,250,250" oya="0" hai0="89,124,65,91,46,45,69,47,9,127,27,40,116" hai1="23,62,11,15,2,64,12,111,78,1,99,130,76" hai2="26,118,68,55,29,66,42,50,5,3,104,88,119" hai3="7,72,113,73,43,108,22,80,60,16,126,36,83"/><T122/><D122/><U114/><E111/><V21/><F104/><W98/><G113/><T18/><D40/><U67/><E114/><V48/><F42/><W6/><G108/><T24/><D9/><U134/><E130/><V110/><F110/><W8/><G126/><N who="0" m="48171" /><D116/><N who="2" m="44586" /><F55/><W77/><G98/><T14/><D14/><U33/><E134/><V93/><F5/><W87/><G60/><N who="0" m="40103" /><D18/><U57/><E33/><V35/><F35/><W109/><G109/><T103/><D103/><U133/><E133/><V0/><F0/><W131/><G131/><T51/><D51/><U112/><E112/><V105/><F3/><W101/><G101/><T41/><D41/><U56/><E99/><N who="2" m="57767" /><F105/><W90/><G7/><T95/><D91/><U86/><E2/><V39/><F39/><W96/><G43/><T107/><D107/><U81/><E1/><V84/><F84/><AGARI ba="0,0" hai="24,27,45,46,47,84,89,95" m="40103,48171" machi="84" ten="30,1500,0" yaku="18,1" doraHai="115" who="0" fromWho="2" sc="250,15,250,0,250,-15,250,0" /><INIT seed="0,1,0,2,2,61" ten="265,250,235,250" oya="0" hai0="118,15,117,39,104,52,62,105,36,123,76,70,6" hai1="32,30,38,29,67,116,108,0,56,92,8,97,98" hai2="81,4,101,22,17,69,122,106,88,89,75,100,115" hai3="65,60,121,34,85,49,80,78,11,73,66,47,128"/><T129/><D123/><U114/><E116/><V18/><F115/><W77/><G34/><T103/><D15/><U109/><E38/><N who="0" m="14377" /><D52/><U68/><E68/><V102/><F106/><N who="0" m="41066" /><D103/><U42/><E114/><V71/><F122/><W48/><G128/><T72/><D6/><U43/><E0/><V26/><F4/><W16/><G121/><T10/><D10/><U125/><E8/><V13/><F71/><W58/><G73/><T134/><D129/><U84/><E84/><V110/><F69/><W83/><G65/><N who="0" m="41271" /><D134/><U55/><E55/><V112/><F112/><W35/><G47/><T3/><D3/><U23/><E23/><V53/><F53/><W45/><G35/><T86/><D86/><U20/><E32/><V14/><F75/><W91/><G83/><AGARI ba="1,0" hai="72,76,83,117,118" m="41271,41066,14377" machi="83" ten="30,2900,0" yaku="23,1,52,1" doraHai="61" who="0" fromWho="3" sc="265,32,250,0,235,0,250,-32" /><INIT seed="0,2,0,1,2,103" ten="297,250,235,218" oya="0" hai0="92,15,27,125,72,58,76,81,26,68,87,134,30" hai1="13,48,31,107,59,93,77,91,124,23,67,34,24" hai2="17,22,18,96,61,122,105,19,99,54,2,47,40" hai3="79,109,9,132,127,44,12,90,98,51,73,119,42"/><T16/><D68/><U115/><E124/><V121/><F2/><W6/><G119/><T114/><D114/><U45/><E115/><V3/><F3/><W62/><G127/><T95/><D125/><U78/><E107/><V66/><F54/><W88/><G109/><T106/><D134/><U80/><E80/><V28/><F28/><W133/><G73/><T64/><D106/><U5/><E34/><V43/><F22/><W50/><G79/><T130/><D130/><U97/><E67/><V83/><F83/><W94/><G62/><N who="0" m="37975" /><D72/><U110/><E59/><V129/><F129/><W32/><G32/><T75/><D75/><U128/><E110/><V35/><F35/><W38/><REACH who="3" step="1"/><G90/><REACH who="3" ten="297,250,235,208" step="2"/><T21/><D27/><U4/><E128/><V29/><F61/><W82/><G82/><T11/><AGARI ba="2,1" hai="11,15,16,21,26,30,76,81,87,92,95" m="37975" machi="11" ten="30,3000,0" yaku="8,1,54,1" doraHai="103" who="0" fromWho="0" sc="297,46,250,-12,235,-12,208,-12" /><INIT seed="0,3,0,3,4,67" ten="343,238,223,196" oya="0" hai0="20,3,93,135,43,22,112,24,5,42,39,79,17" hai1="99,81,84,48,23,47,94,75,26,18,31,1,56" hai2="96,128,126,71,92,52,19,64,85,33,113,116,134" hai3="38,68,131,0,35,105,10,60,25,91,4,118,124"/><T103/><D112/><U7/><E75/><V106/><F113/><W57/><G118/><T53/><D79/><U34/><E56/><V86/><F106/><W121/><G121/><T74/><D74/><U66/><E66/><V129/><F33/><W37/><G105/><T65/><D65/><U51/><E1/><V61/><F126/><W87/><G124/><T69/><D69/><U127/><E7/><V9/><F134/><W45/><G131/><N who="2" m="50249" /><F116/><W90/><G68/><T110/><D135/><U132/><E132/><V11/><F52/><W117/><G117/><T55/><D3/><U27/><E127/><V122/><F122/><W73/><G73/><T97/><D5/><U123/><E123/><V21/><F9/><W95/><G45/><T58/><D110/><U89/><REACH who="1" step="1"/><E47/><REACH who="1" ten="343,228,223,196" step="2"/><V32/><F11/><W111/><G111/><T83/><D58/><U115/><E115/><V30/><F64/><W76/><G57/><T59/><D59/><U28/><E28/><V107/><F71/><W16/><G60/><T44/><D44/><U104/><E104/><V114/><F107/><W120/><G120/><T109/><D109/><U82/><E82/><V14/><F61/><W15/><G0/><T108/><D83/><U77/><AGARI ba="3,1" hai="18,23,26,27,31,34,48,51,77,81,84,89,94,99" machi="77" ten="20,5200,0" yaku="1,1,0,1,7,1,53,1" doraHai="67" doraHaiUra="78" who="1" fromWho="1" sc="343,-29,228,71,223,-16,196,-16" /><INIT seed="1,0,0,5,5,49" ten="314,299,207,180" oya="1" hai0="63,111,121,125,70,101,124,8,80,107,71,25,59" hai1="112,88,24,6,133,2,76,119,42,91,45,55,40" hai2="106,90,46,33,64,17,115,47,57,20,97,56,74" hai3="35,15,66,108,10,23,53,79,99,39,129,37,83"/><U34/><E119/><V67/><F74/><W41/><G35/><T50/><D111/><U18/><E112/><V0/><F0/><W75/><G108/><T19/><D121/><U110/><E133/><V65/><F33/><W62/><G129/><T105/><D80/><U87/><E110/><V118/><F118/><W72/><G72/><T113/><D50/><N who="1" m="29135" /><E2/><V81/><F106/><N who="0" m="40458" /><D101/><U134/><E34/><V103/><F103/><W94/><G41/><N who="1" m="15978" /><E134/><V58/><F115/><W102/><G23/><N who="0" m="13567" /><D8/><U11/><E6/><V89/><F81/><W16/><REACH who="3" step="1"/><G53/><REACH who="3" ten="314,299,207,170" step="2"/><N who="0" m="34287" /><D113/><U29/><E29/><V123/><F123/><W86/><G86/><T61/><D61/><U60/><E60/><V114/><F114/><W135/><G135/><T84/><D84/><U48/><E87/><V12/><REACH who="2" step="1"/><F97/><REACH who="2" ten="314,299,197,170" step="2"/><W22/><G22/><T21/><D21/><N who="1" m="13367" /><E11/><V5/><F5/><W69/><AGARI ba="0,2" hai="10,15,16,37,39,62,66,69,75,79,83,94,99,102" machi="69" ten="20,5200,0" yaku="1,1,0,1,7,1,54,1,53,0" doraHai="49" doraHaiUra="52" who="3" fromWho="3" sc="314,-13,299,-26,197,-13,170,72" /><INIT seed="2,0,0,3,1,88" ten="301,273,184,242" oya="2" hai0="126,50,118,82,13,33,79,15,92,45,77,85,111" hai1="95,23,34,53,4,113,71,96,120,43,135,119,20" hai2="28,36,109,31,69,121,80,46,89,103,112,78,93" hai3="97,83,52,104,100,75,55,125,42,51,87,128,115"/><V74/><F121/><W57/><G128/><T91/><D111/><U0/><E119/><V61/><F112/><W9/><G115/><T66/><D118/><U3/><E113/><V117/><F117/><W133/><G133/><T10/><D33/><U19/><E34/><V22/><F109/><W114/><G114/><T7/><D126/><U124/><E135/><V24/><F103/><W81/><G125/><T122/><D122/><U62/><E124/><V17/><F69/><W106/><G42/><N who="0" m="24887" /><D66/><U60/><E120/><V35/><F61/><W16/><G75/><T8/><D82/><U56/><E43/><V30/><F46/><W54/><G83/><T73/><D73/><U47/><E47/><V90/><F90/><N who="3" m="51567" /><G104/><T27/><D27/><U32/><E32/><V116/><F116/><W105/><G105/><T76/><D79/><U44/><E44/><V134/><F134/><W41/><G41/><T127/><D127/><U65/><E4/><AGARI ba="0,0" hai="4,7,8,10,13,15,76,77,85,91,92" m="24887" machi="4" ten="30,2000,0" yaku="8,1,52,1" doraHai="88" who="0" fromWho="1" sc="301,20,273,-20,184,0,242,0" /><INIT seed="3,0,0,5,0,69" ten="321,253,184,242" oya="3" hai0="126,67,121,4,12,84,68,54,17,103,42,29,48" hai1="108,132,71,131,60,99,64,100,113,1,27,56,47" hai2="80,52,115,75,13,45,109,127,40,16,76,72,117" hai3="2,36,59,107,101,116,102,51,124,120,32,37,49"/><W44/><G2/><T112/><D103/><U25/><E113/><V15/><F115/><W61/><G32/><T21/><D42/><U39/><E1/><V125/><F117/><W22/><G116/><T82/><D121/><U86/><E131/><V94/><F109/><W9/><G120/><T35/><D4/><U70/><E132/><V66/><F66/><W119/><G119/><T31/><D35/><U90/><E108/><V53/><F72/><W30/><G124/><N who="2" m="47689" /><F94/><W83/><G9/><T8/><D112/><U73/><E73/><V62/><F13/><W20/><G83/><T128/><D128/><U63/><E71/><V133/><F62/><W134/><G134/><T5/><D126/><U58/><E70/><V38/><F133/><W23/><G30/><T88/><D67/><U118/><E118/><V97/><F97/><W18/><G18/><T95/><D68/><U34/><E34/><V26/><F26/><W78/><G102/><T122/><D122/><U43/><E100/><V7/><F7/><W74/><G101/><T91/><D5/><U24/><E99/><V3/><F3/><W87/><G74/><T65/><D65/><N who="1" m="39047" /><E27/><V50/><F50/><W41/><G51/><T114/><D114/><U129/><E129/><V33/><F33/><W85/><G49/><T46/><D21/><AGARI ba="0,0" hai="15,16,21,38,40,45,52,53,75,76,80" m="47689" machi="21" ten="30,7700,0" yaku="18,1,52,1,54,2" doraHai="69" who="2" fromWho="0" sc="321,-77,253,0,184,77,242,0" /><INIT seed="4,0,0,0,4,99" ten="244,253,261,242" oya="0" hai0="105,59,114,27,90,123,85,101,10,77,106,84,5" hai1="97,98,45,39,9,53,13,7,109,108,102,86,74" hai2="17,8,15,18,16,30,38,37,121,92,64,73,78" hai3="60,58,111,70,66,116,110,35,41,54,122,46,76"/><T49/><D123/><U89/><E74/><V1/><F1/><W75/><G35/><T104/><D114/><U94/><E98/><V128/><F30/><W69/><G76/><T21/><D77/><U14/><E14/><V68/><F128/><W95/><G75/><T103/><D59/><U80/><REACH who="1" step="1"/><E53/><REACH who="1" ten="244,243,261,242" step="2"/><V65/><F73/><W118/><G122/><T34/><D34/><U44/><E44/><V130/><F15/><W83/><G54/><T4/><D49/><U96/><E96/><V31/><F121/><W33/><G46/><T63/><D63/><U47/><E47/><V132/><F130/><W20/><G60/><T67/><D67/><U0/><E0/><V134/><F65/><W127/><G66/><T115/><D115/><U23/><E23/><V81/><F64/><W131/><G20/><T82/><D85/><U135/><E135/><V124/><F134/><W29/><G33/><T133/><D133/><U126/><E126/><V6/><F124/><W72/><G127/><T119/><D119/><U55/><E55/><V25/><F132/><W52/><G72/><T24/><D24/><U91/><E91/><V117/><F117/><W71/><G116/><T107/><N who="0" m="26624" /><DORA hai="40" /><T43/><D43/><AGARI ba="0,1" hai="7,9,13,39,43,45,80,86,89,94,97,102,108,109" machi="43" ten="40,8000,1" yaku="1,1,52,2,53,1" doraHai="99,40" doraHaiUra="36,129" who="1" fromWho="0" sc="244,-80,243,90,261,0,242,0" owari="164,-34.0,333,44.0,261,6.0,242,-16.0" /></mjloggm>