<mjloggm ver="2.3"><GO type="97" lobby="0"/><UN n0="%E5%BC%98%E5%89%8D%E3%81%AE%E3%81%8A%E3%82%82%E3%81%91" n1="%E5%B0%B1%E6%B4%BB%E7%94%9F%40%E5%B7%9D%E6%9D%91%E8%BB%8D%E5%9B%A3" n2="%74%72%61%69%6E" n3="%EF%BC%92%EF%BC%95%EF%BC%98%E8%B1%86%E3%81%A0%E3%81%BE" dan="14,15,13,16" rate="1927.57,2024.23,1973.04,2050.71" sx="M,M,M,M"/><TAIKYOKU oya="0"/><INIT seed="0,0,0,2,3,7" ten="250,250,250,250" oya="0" hai0="39,104,117,13,48,102,108,0,77,35,115,22,34" hai1="53,130,26,3,106,25,40,6,100,5,84,122,63" hai2="20,124,36,97,128,75,121,10,68,11,91,85,82" hai3="8,50,123,57,67,129,93,110,15,76,109,81,17"/><T78/><D117/><U59/><E122/><V94/><F121/><W125/><G123/><T135/><D115/><U45/><E130/><V72/><F68/><W65/><G129/><T27/><D135/><U134/><E134/><V95/><F36/><W23/><G125/><T89/><D108/><N who="3" m="41577" /><G93/><T43/><D0/><U80/><E100/><V88/><F128/><W51/><G23/><T29/><D39/><U131/><E106/><V64/><F124/><W16/><G17/><T101/><D89/><U99/><E99/><V92/><F64/><N who="3" m="24651" /><G57/><T42/><D13/><U46/><E131/><V73/><F20/><W12/><G12/><T70/><D70/><U41/><E3/><V1/><REACH who="2" step="1"/><F1/><REACH who="2" ten="250,250,240,250" step="2"/><W32/><G32/><N who="0" m="20543" /><D42/><U62/><E41/><V86/><F86/><AGARI ba="0,1" hai="8,15,16,50,51,76,81,86" m="24651,41577" machi="86" ten="30,3900,0" yaku="14,1,52,1,54,1" doraHai="7" who="3" fromWho="2" sc="250,0,250,0,240,-39,250,49" /><INIT seed="1,0,0,0,2,104" ten="250,250,201,299" oya="1" hai0="44,97,68,35,23,21,62,39,12,20,50,60,115" hai1="30,69,17,84,1,70,94,58,78,135,82,22,31" hai2="47,126,59,87,98,80,16,14,49,37,103,25,121" hai3="52,0,125,79,45,83,4,107,89,63,90,8,53"/><U112/><E1/><V76/><F37/><W117/><G107/><T102/><D115/><U19/><E112/><V111/><F121/><W109/><G117/><T88/><D35/><U32/><E135/><V7/><F111/><W2/><G2/><T5/><D39/><U28/><E32/><V105/><F126/><W64/><G125/><T130/><D130/><U75/><E58/><V27/><F7/><W92/><G109/><T77/><D77/><U67/><E67/><V3/><F59/><W99/><G90/><T54/><D68/><U85/><E19/><V116/><F3/><W10/><G10/><N who="0" m="4175" /><D102/><U128/><E128/><V38/><F38/><W96/><G96/><T66/><D66/><U43/><E43/><V127/><F127/><W86/><REACH who="3" step="1"/><G45/><REACH who="3" ten="250,250,201,289" step="2"/><T124/><D124/><U11/><E11/><V122/><F116/><W34/><G34/><T133/><D133/><U61/><E94/><AGARI ba="0,1" hai="20,21,23,44,50,54,60,62,88,94,97" m="4175" machi="94" ten="30,2000,0" yaku="8,1,54,1" doraHai="104" who="0" fromWho="1" sc="250,30,250,-20,201,0,289,0" /><INIT seed="2,0,0,0,2,131" ten="280,230,201,289" oya="2" hai0="60,9,124,62,75,27,59,69,23,43,85,103,4" hai1="111,28,18,46,115,30,110,63,87,93,29,66,11" hai2="8,100,119,6,123,104,126,133,116,125,121,65,91" hai3="81,22,7,57,45,5,114,79,105,76,108,72,19"/><V37/><F37/><W39/><G105/><T35/><D124/><N who="2" m="47722" /><F65/><W31/><G31/><T44/><D75/><U94/><E115/><V86/><F8/><W42/><G79/><T118/><D118/><N who="2" m="45098" /><F6/><W84/><G108/><N who="1" m="41514" /><E46/><V101/><F133/><W15/><G114/><T56/><D103/><N who="2" m="39498" /><F104/><W80/><G57/><T112/><D56/><N who="1" m="37223" /><E87/><V73/><F73/><W40/><G40/><T41/><D85/><U32/><E32/><V130/><F130/><W34/><G34/><T82/><D41/><U20/><E11/><V54/><F54/><W67/><G67/><T3/><D43/><U53/><E53/><V61/><F61/><W122/><G122/><T17/><D60/><U107/><E107/><V25/><F25/><AGARI ba="0,0" hai="18,20,25,28,29,30,93,94" m="37223,41514" machi="25" ten="30,1000,0" yaku="14,1" doraHai="131" who="1" fromWho="2" sc="280,0,230,10,201,-10,289,0" /><INIT seed="3,0,0,4,3,97" ten="280,240,191,289" oya="3" hai0="4,112,113,65,105,99,51,39,78,134,90,11,15" hai1="9,91,29,16,93,1,59,79,38,111,25,43,27" hai2="126,128,132,8,57,47,70,106,45,22,6,123,62" hai3="77,130,133,0,73,85,53,7,124,54,60,118,52"/><W14/><G73/><T84/><D134/><U67/><E111/><V34/><F123/><W64/><G118/><T19/><D39/><U58/><E79/><V31/><F128/><W86/><G133/><T21/><D65/><U107/><E107/><V46/><F126/><W44/><G130/><T32/><D78/><U10/><E38/><V71/><F132/><W5/><G0/><T129/><D129/><U103/><E43/><V119/><F34/><W26/><G124/><T89/><D51/><U55/><E1/><V108/><F119/><W41/><G26/><T50/><D50/><U48/><E29/><V69/><F108/><W102/><G102/><N who="0" m="62687" /><D84/><N who="3" m="32361" /><G77/><T87/><D87/><N who="1" m="52479" /><E103/><V125/><F125/><W95/><G95/><T109/><D109/><U76/><E76/><V35/><F35/><W24/><G24/><N who="1" m="9290" /><E16/><V121/><F106/><W68/><G68/><T92/><D92/><U17/><E17/><V101/><F121/><W122/><G122/><T66/><D32/><U115/><E115/><N who="0" m="44105" /><D66/><U49/><E49/><V82/><F82/><W2/><G2/><AGARI ba="0,0" hai="2,4,11,15,19,21,89,90" m="44105,62687" machi="2" ten="30,2000,0" yaku="11,1,52,1" doraHai="97" who="0" fromWho="3" sc="280,20,240,0,191,0,289,-20" owari="300,40.0,240,-16.0,191,-31.0,269,7.0" /></mjloggm>