<mjloggm ver="2.3"><GO type="169" lobby="0"/><UN n0="%50%6F%78%79" n1="%6F%6E%65%73%74%61%72" n2="%6B%69%72%73%74%65%6E" n3="%E3%82%A6%E3%83%AB%E3%83%88%E3%83%A9%E7%AB%8B%E7%9B%B4" dan="16,16,17,16" rate="2136.87,2132.52,2174.37,2122.49" sx="M,M,F,M"/><TAIKYOKU oya="0"/><INIT seed="0,0,0,1,3,86" ten="250,250,250,250" oya="0" hai0="61,53,59,124,130,66,76,117,104,36,129,107,74" hai1="21,126,55,62,103,9,51,30,37,134,43,12,2" hai2="46,8,100,50,64,65,60,133,85,113,3,78,49" hai3="38,48,69,29,6,56,1,83,17,16,114,45,119"/><T32/><D117/><U28/><E134/><V57/><F113/><W67/><G114/><T18/><D32/><U13/><E126/><V68/><F133/><W34/><G6/><T89/><D36/><U15/><E2/><V88/><F78/><W26/><G1/><T93/><D124/><U91/><E103/><V27/><F100/><W108/><G83/><N who="0" m="45463" /><D18/><U98/><E62/><V5/><F27/><W132/><G119/><T44/><D44/><U47/><E9/><V35/><F35/><W122/><G122/><T40/><D40/><U42/><E21/><V41/><F64/><W75/><G75/><T84/><D53/><U19/><E19/><V63/><F63/><N who="3" m="40191" /><G132/><T23/><D23/><U90/><E98/><V95/><REACH who="2" step="1"/><F68/><REACH who="2" ten="250,250,240,250" step="2"/><W127/><G127/><T116/><D116/><U96/><E37/><AGARI ba="0,1" hai="3,5,8,37,41,46,49,50,57,60,65,85,88,95" machi="37" ten="30,8000,1" yaku="1,1,2,1,7,1,52,1,54,1,53,0" doraHai="86" doraHaiUra="92" who="2" fromWho="1" sc="250,0,250,-80,240,90,250,0" /><INIT seed="1,0,0,0,2,30" ten="250,170,330,250" oya="1" hai0="121,33,19,103,34,48,115,10,38,21,104,54,7" hai1="124,105,46,101,15,91,81,74,82,120,41,100,133" hai2="44,18,96,129,61,56,22,45,86,27,95,35,53" hai3="14,2,89,16,79,80,131,126,109,66,55,99,68"/><U77/><E120/><V98/><F129/><W62/><G2/><T50/><D115/><U84/><E133/><V32/><F86/><W125/><G131/><T25/><D38/><U5/><E124/><N who="3" m="47722" /><G55/><T87/><D121/><U116/><E116/><V70/><F70/><W78/><G109/><T1/><D50/><U93/><E82/><V36/><F98/><W42/><G42/><T117/><D117/><U13/><E5/><V4/><F4/><W3/><G3/><T90/><D103/><U31/><E31/><V24/><F24/><W29/><G29/><T130/><D104/><U20/><E20/><V67/><F67/><W127/><G127/><T9/><D9/><U51/><REACH who="1" step="1"/><E101/><REACH who="1" ten="250,160,330,250" step="2"/><V52/><F52/><W134/><G134/><T83/><REACH who="0" step="1"/><D130/><REACH who="0" ten="240,160,330,250" step="2"/><U119/><E119/><V107/><F22/><N who="3" m="11543" /><G80/><T8/><D8/><U85/><E85/><V110/><F110/><W75/><G75/><T37/><D37/><U40/><E40/><V57/><F36/><W69/><G79/><T97/><D97/><AGARI ba="0,2" hai="13,15,41,46,51,74,77,81,84,91,93,97,100,105" machi="97" ten="40,7700,0" yaku="1,1,24,2,53,0" doraHai="30" doraHaiUra="114" who="1" fromWho="0" sc="240,-77,160,97,330,0,250,0" /><INIT seed="1,1,0,0,1,99" ten="163,257,330,250" oya="1" hai0="87,41,6,39,66,37,24,131,75,31,127,97,38" hai1="111,89,10,71,18,68,133,77,130,65,19,59,106" hai2="85,83,132,61,2,84,74,86,33,20,8,104,90" hai3="28,80,129,126,125,69,70,119,52,25,121,101,78"/><U103/><E130/><V98/><F33/><W32/><G121/><T0/><D131/><U63/><E133/><V4/><F132/><W26/><G119/><T50/><D75/><U105/><E77/><V100/><F74/><W94/><G26/><T11/><D127/><N who="3" m="48649" /><G129/><T93/><D87/><U57/><E111/><V88/><F90/><W123/><G123/><T12/><D66/><U91/><E59/><V81/><F81/><W110/><G110/><T60/><D60/><U44/><E44/><V67/><REACH who="2" step="1"/><F20/><REACH who="2" ten="163,257,320,250" step="2"/><W17/><G80/><T109/><D109/><U76/><E89/><V58/><AGARI ba="1,1" hai="2,4,8,58,61,67,83,84,85,86,88,98,100,104" machi="58" ten="20,12000,2" yaku="1,1,2,1,0,1,7,1,52,1,54,1,53,0" doraHai="99" doraHaiUra="21" who="2" fromWho="2" sc="163,-31,257,-61,320,133,250,-31" /><INIT seed="2,0,0,3,3,46" ten="132,196,453,219" oya="2" hai0="83,18,121,98,22,8,78,99,116,70,36,86,129" hai1="135,26,29,42,48,51,4,82,110,37,132,13,25" hai2="38,79,91,127,6,97,19,24,33,117,15,54,55" hai3="28,96,108,130,30,77,3,126,80,61,128,133,88"/><V69/><F38/><W53/><G3/><T60/><D121/><U58/><E110/><V124/><F69/><W90/><G108/><T16/><D129/><N who="3" m="49769" /><G126/><T62/><D36/><U9/><E37/><V64/><F64/><W67/><G53/><T85/><D116/><U76/><E58/><V75/><F6/><W92/><G90/><T27/><D86/><N who="1" m="48455" /><E26/><V134/><F24/><W123/><G123/><T102/><D70/><U73/><E73/><V94/><F33/><W103/><G103/><T40/><D40/><U120/><E120/><V52/><F117/><W32/><G32/><T81/><D81/><U57/><E57/><V89/><F89/><W74/><G133/><N who="1" m="51274" /><E42/><V12/><F134/><W23/><G23/><AGARI ba="0,0" hai="4,9,13,23,25,29,48,51" m="51274,48455" machi="23" ten="30,3900,0" yaku="20,1,52,2" doraHai="46" who="1" fromWho="3" sc="132,0,196,39,453,0,219,-39" /><INIT seed="3,0,0,2,3,31" ten="132,235,453,180" oya="3" hai0="12,55,34,50,125,111,69,83,51,0,8,47,74" hai1="108,75,109,97,22,123,88,2,85,11,6,95,92" hai2="48,131,94,124,96,3,68,16,78,26,82,13,66" hai3="84,77,115,38,24,35,60,129,106,17,121,40,118"/><W105/><G121/><T104/><D104/><U119/><E75/><V53/><F3/><W120/><G120/><T5/><D69/><U135/><E123/><V20/><F124/><W122/><G122/><T98/><D125/><U130/><E119/><V14/><F131/><W37/><G118/><T90/><D111/><N who="1" m="42571" /><E135/><V4/><F66/><W45/><G115/><T44/><D0/><U29/><E130/><V65/><F65/><W91/><G129/><T27/><D74/><U19/><E29/><V56/><F68/><W15/><G38/><T36/><D36/><U52/><E52/><V21/><F4/><W86/><G60/><T46/><D51/><U127/><E127/><V64/><F64/><W39/><G39/><T9/><D9/><U114/><E114/><V81/><F78/><W10/><G77/><T42/><D55/><U113/><E113/><V18/><F26/><W72/><G72/><T1/><D1/><U126/><E126/><V23/><F23/><W99/><G99/><T79/><D79/><U73/><E73/><V61/><F61/><W134/><G86/><T80/><D98/><U28/><E28/><V93/><F93/><W103/><G103/><AGARI ba="0,0" hai="13,14,16,18,20,21,48,53,56,81,82,94,96,103" machi="103" ten="30,7700,0" yaku="7,1,9,1,8,1,54,1" doraHai="31" who="2" fromWho="3" sc="132,0,235,0,453,77,180,-77" /><INIT seed="4,0,0,1,5,43" ten="132,235,530,103" oya="0" hai0="83,69,132,95,111,46,51,81,96,54,94,31,85" hai1="110,36,80,32,19,103,88,109,12,55,42,92,1" hai2="97,68,35,90,101,56,119,47,23,9,17,61,106" hai3="87,123,64,20,130,60,7,117,52,74,82,30,105"/><T71/><D132/><U112/><E1/><V122/><F35/><W25/><G105/><T62/><D111/><U115/><E32/><V57/><F122/><W125/><G123/><T50/><D31/><U121/><E121/><V41/><F9/><W135/><G117/><T44/><D95/><U118/><E118/><V39/><F119/><W28/><G135/><T53/><D62/><U14/><E103/><V86/><F68/><W108/><G108/><N who="1" m="41578" /><E80/><V98/><F98/><W78/><G125/><T38/><D38/><U116/><E116/><V13/><F61/><W34/><G130/><T127/><D127/><U99/><E55/><V8/><F8/><W84/><G7/><T40/><D40/><U58/><E58/><V6/><F6/><W26/><REACH who="3" step="1"/><G52/><REACH who="3" ten="132,235,530,93" step="2"/><T59/><D59/><AGARI ba="0,1" hai="20,25,26,28,30,34,59,60,64,74,78,82,84,87" machi="59" ten="30,3900,0" yaku="1,1,2,1,7,1,53,0" doraHai="43" doraHaiUra="129" who="3" fromWho="0" sc="132,-39,235,0,530,0,93,49" /><INIT seed="5,0,0,1,4,1" ten="93,235,530,142" oya="1" hai0="79,128,27,95,116,43,32,114,82,5,24,13,102" hai1="60,52,124,87,115,14,66,39,23,72,86,58,127" hai2="89,63,53,40,54,99,45,98,56,67,55,101,109" hai3="81,83,123,76,121,65,41,68,120,30,0,78,33"/><U132/><E115/><V46/><F109/><W130/><G41/><T75/><D116/><U29/><E132/><V110/><F110/><W64/><G30/><T50/><D114/><U97/><E72/><V134/><F134/><W25/><G33/><T85/><D128/><U6/><E39/><V107/><F40/><W26/><G0/><T88/><D32/><U9/><E97/><V22/><F22/><W48/><G48/><T91/><D102/><U103/><E103/><V112/><F112/><W2/><G2/><T117/><D117/><U16/><E66/><V73/><F73/><W94/><G94/><T77/><D91/><U125/><E29/><V105/><F89/><W122/><G122/><T74/><D74/><U80/><E80/><N who="3" m="30794" /><G68/><T7/><D77/><N who="3" m="29801" /><G130/><T57/><D13/><AGARI ba="0,0" hai="6,9,13,14,16,23,52,58,60,86,87,124,125,127" machi="13" ten="40,12000,1" yaku="18,1,52,1,54,2" doraHai="1" who="1" fromWho="0" sc="93,-120,235,120,530,0,142,0" owari="-27,-53.0,355,16.0,530,63.0,142,-26.0" /></mjloggm>