<mjloggm ver="2.3"><GO type="169" lobby="0"/><UN n0="%74%61%6E%61%4B%61" n1="%E3%82%A6%E3%83%AB%E3%83%88%E3%83%A9%E7%AB%8B%E7%9B%B4" n2="%E3%83%8B%E3%83%BC%E3%83%88%E7%A4%BE%E9%95%B7" n3="%E3%81%93%E3%81%AE%E3%81%8D%E3%83%BC" dan="17,16,16,17" rate="2197.92,2124.09,2107.31,2088.34" sx="M,M,M,M"/><TAIKYOKU oya="0"/><INIT seed="0,0,0,3,5,12" ten="250,250,250,250" oya="0" hai0="121,134,123,37,77,34,129,114,55,25,116,107,113" hai1="48,124,132,58,122,8,54,120,61,89,66,18,27" hai2="53,88,21,19,49,23,101,28,109,13,95,14,7" hai3="33,9,85,131,59,15,4,97,83,39,90,41,104"/><T103/><D55/><U64/><E124/><V91/><F109/><W2/><G33/><T87/><D25/><U38/><E132/><V69/><F69/><W100/><G131/><T79/><D34/><U57/><E38/><V92/><F28/><W118/><G118/><T51/><D51/><U115/><E115/><N who="0" m="44041" /><D37/><U65/><E89/><N who="2" m="34379" /><F101/><W62/><G39/><T6/><D6/><U0/><E0/><V130/><F130/><W30/><G30/><T71/><D71/><U82/><E82/><V45/><F7/><W98/><G98/><N who="0" m="61943" /><D129/><U26/><E122/><N who="0" m="46601" /><D116/><U46/><E120/><V24/><F24/><N who="1" m="9257" /><E58/><V67/><F67/><N who="1" m="25673" /><E8/><V31/><F31/><W112/><G112/><T1/><D1/><U108/><E108/><V75/><F75/><W93/><G2/><T22/><D134/><U128/><E128/><V36/><F36/><W52/><REACH who="3" step="1"/><G41/><REACH who="3" ten="250,250,250,240" step="2"/><T117/><D117/><U99/><E99/><V43/><F43/><W32/><G32/><T50/><D22/><U126/><E126/><V10/><F10/><W125/><G125/><T111/><D111/><U84/><E84/><V63/><F23/><W70/><G70/><T135/><D135/><U47/><E47/><V72/><F21/><W81/><AGARI ba="0,1" hai="4,9,15,52,59,62,81,83,85,90,93,97,100,104" machi="81" ten="30,8000,1" yaku="1,1,0,1,54,1,53,2" doraHai="12" doraHaiUra="76" who="3" fromWho="3" sc="250,-40,250,-20,250,-20,240,90" /><INIT seed="1,0,0,4,2,0" ten="210,230,230,330" oya="1" hai0="3,93,14,19,50,54,94,55,12,100,120,42,4" hai1="6,74,62,104,119,31,57,2,25,117,29,23,78" hai2="76,111,82,28,85,84,49,110,60,95,102,33,80" hai3="51,22,123,105,48,70,106,59,7,75,63,135,36"/><U18/><E104/><V122/><F33/><W121/><G36/><T5/><D3/><U109/><E78/><N who="2" m="46103" /><F28/><N who="1" m="10825" /><E74/><V88/><F60/><W15/><G75/><T11/><D120/><U97/><E97/><N who="2" m="59711" /><F49/><W53/><G70/><T52/><D100/><U40/><E40/><V99/><F122/><W21/><G105/><T127/><D127/><U43/><E43/><V69/><F69/><W114/><G106/><T133/><D133/><U8/><E57/><V77/><F99/><W56/><G135/><T96/><D96/><U45/><E62/><V71/><F71/><W35/><G35/><T44/><REACH who="0" step="1"/><D4/><REACH who="0" ten="200,230,230,330" step="2"/><N who="1" m="1047" /><E45/><V68/><F68/><W129/><G123/><T118/><D118/><N who="1" m="45067" /><E109/><AGARI ba="0,1" hai="76,77,82,85,88,109,110,111" m="59711,46103" machi="109" ten="30,7700,0" yaku="14,1,34,2,54,1" doraHai="0" who="2" fromWho="1" sc="200,0,230,-77,230,87,330,0" /><INIT seed="2,0,0,1,3,50" ten="200,153,317,330" oya="2" hai0="94,132,13,19,107,121,81,110,130,75,67,96,84" hai1="23,16,70,8,14,2,90,72,74,30,11,43,88" hai2="98,80,42,28,36,82,58,44,34,97,73,71,126" hai3="26,106,27,9,37,20,87,104,3,68,103,114,78"/><V59/><F71/><W122/><G37/><T116/><D121/><U7/><E70/><V52/><F59/><W18/><G68/><T76/><D110/><U60/><E60/><V135/><F28/><W62/><G62/><T134/><D67/><U53/><E43/><V57/><F57/><W100/><G114/><T54/><D130/><U6/><E30/><V4/><F34/><W15/><G104/><T92/><D116/><U112/><E112/><V111/><F111/><W31/><G106/><T69/><D69/><U102/><E102/><V89/><F89/><W47/><G3/><T101/><D54/><U25/><REACH who="1" step="1"/><E53/><REACH who="1" ten="200,143,317,330" step="2"/><V105/><F52/><W5/><G122/><T33/><D33/><U119/><E119/><V83/><F42/><W129/><G129/><T133/><REACH who="0" step="1"/><D75/><AGARI ba="0,1" hai="2,6,7,8,11,14,16,23,25,72,74,75,88,90" machi="75" ten="40,5200,0" yaku="1,1,54,2,53,0" doraHai="50" doraHaiUra="95" who="1" fromWho="0" sc="200,-52,143,62,317,0,330,0" /><INIT seed="3,0,0,0,2,14" ten="148,205,317,330" oya="3" hai0="25,40,58,45,94,124,77,60,2,4,127,82,64" hai1="46,8,111,80,86,72,31,78,33,105,92,49,81" hai2="50,135,37,55,34,93,129,43,44,63,16,59,48" hai3="89,41,42,1,57,21,6,133,3,99,90,7,83"/><W26/><G133/><T79/><D94/><U15/><E105/><V131/><F34/><W18/><G3/><T29/><D4/><N who="3" m="1577" /><G1/><T76/><D2/><U12/><E111/><V28/><F28/><W120/><G120/><T97/><D97/><U51/><E31/><V112/><F93/><N who="3" m="56751" /><G57/><T67/><D67/><U84/><E33/><V87/><F87/><AGARI ba="0,0" hai="18,21,26,41,42,83,87,90" m="56751,1577" machi="87" ten="30,2900,0" yaku="8,1,52,1" doraHai="14" who="3" fromWho="2" sc="148,0,205,0,317,-29,330,29" /><INIT seed="3,1,0,2,4,108" ten="148,205,288,359" oya="3" hai0="66,69,45,109,87,85,82,29,74,37,13,114,79" hai1="116,10,48,129,30,110,41,76,98,115,101,89,25" hai2="50,126,16,8,52,59,51,92,44,27,62,60,46" hai3="47,21,100,77,22,135,9,119,90,107,17,56,78"/><W94/><G119/><T15/><D29/><U55/><E110/><V133/><F133/><W123/><G135/><T24/><D109/><U75/><E116/><V14/><F126/><W73/><G123/><T43/><D24/><U93/><E129/><V2/><F2/><W122/><G100/><T96/><D96/><U18/><E41/><N who="2" m="24911" /><F92/><W102/><G102/><T121/><D121/><U11/><E76/><V19/><F44/><W54/><G107/><T132/><D132/><U5/><E75/><V105/><F105/><W83/><G47/><T26/><D26/><U113/><E18/><V65/><F65/><W127/><G78/><T28/><D28/><U4/><E101/><V111/><F111/><W72/><G72/><T23/><D66/><U35/><E4/><V125/><F125/><W0/><G122/><T49/><D69/><U91/><E91/><V39/><F39/><W130/><G130/><T3/><D3/><U40/><E40/><V31/><F31/><W68/><G68/><T124/><D124/><U88/><E89/><V86/><F86/><W117/><G117/><T58/><D87/><U131/><E131/><V112/><F112/><W7/><G127/><T36/><D114/><U64/><E64/><V1/><F1/><W106/><G106/><T20/><D74/><U128/><E128/><V99/><F99/><N who="3" m="57815" /><G17/><T33/><D33/><U34/><E34/><V57/><F57/><W42/><G42/><T95/><D58/><N who="1" m="33127" /><E5/><V118/><F118/><W53/><G56/><T84/><D37/><U80/><E80/><V63/><F19/><W120/><G120/><RYUUKYOKU ba="1,0" sc="148,-30,205,10,288,10,359,10" hai1="10,11,25,30,35,88,93,98,113,115" hai2="8,14,16,27,51,52,59,60,62,63" hai3="0,7,9,21,22,53,54,73,77,83" /><INIT seed="3,2,0,1,2,106" ten="118,215,298,369" oya="3" hai0="68,125,121,88,109,36,44,46,100,47,39,86,108" hai1="113,133,81,37,32,116,102,12,11,30,128,66,126" hai2="21,23,7,15,59,101,80,76,112,40,96,25,35" hai3="114,24,97,72,119,52,48,120,71,79,10,64,17"/><W69/><G120/><T56/><D121/><U74/><E113/><V77/><F35/><W117/><G114/><T1/><D1/><U93/><E37/><V123/><F40/><W2/><G97/><T19/><D68/><U67/><E116/><V94/><F123/><W132/><G132/><T50/><D100/><U115/><E115/><V16/><F112/><W124/><G124/><T57/><D125/><U92/><E126/><V6/><F59/><N who="0" m="22602" /><D19/><U65/><E133/><V45/><F45/><N who="0" m="17514" /><D88/><U110/><E110/><N who="0" m="42601" /><D86/><U54/><E102/><V28/><REACH who="2" step="1"/><F76/><REACH who="2" ten="118,215,288,369" step="2"/><W104/><G79/><T70/><D70/><U131/><E32/><V0/><F0/><W34/><G71/><T49/><D47/><U60/><E30/><V51/><F51/><AGARI ba="2,1" hai="36,39,49,50,51" m="42601,17514,22602" machi="51" ten="30,8000,1" yaku="28,2,14,1,34,2" doraHai="106" who="0" fromWho="2" sc="118,96,215,0,288,-86,369,0" /><INIT seed="4,0,0,0,1,101" ten="214,215,202,369" oya="0" hai0="129,46,80,67,38,14,83,8,97,73,130,107,105" hai1="102,78,98,119,113,50,18,93,20,132,115,28,48" hai2="22,84,128,44,10,45,106,108,87,15,56,41,116" hai3="77,6,51,39,120,52,72,0,49,35,88,32,114"/><T117/><D117/><U103/><E119/><V68/><F68/><W61/><G39/><T36/><D67/><U13/><E132/><V3/><F3/><W34/><G114/><N who="1" m="43530" /><E78/><V54/><F108/><W90/><G6/><T26/><D26/><N who="1" m="16455" /><E103/><V55/><F116/><W74/><G0/><T100/><D107/><U99/><E99/><V86/><F106/><W65/><G120/><T1/><D1/><U5/><E5/><V60/><F128/><N who="0" m="49258" /><D73/><U125/><E125/><V42/><F22/><AGARI ba="0,0" hai="13,18,22,48,50,93,98,102" m="16455,43530" machi="22" ten="30,2000,0" yaku="15,1,11,1" doraHai="101" who="1" fromWho="2" sc="214,0,215,20,202,-20,369,0" /><INIT seed="5,0,0,1,5,4" ten="214,235,182,369" oya="1" hai0="37,128,82,1,42,78,85,80,33,87,44,50,117" hai1="81,59,88,55,124,75,18,3,43,46,21,101,27" hai2="40,99,62,54,11,17,58,56,114,7,94,104,122" hai3="38,115,98,118,86,45,90,131,8,109,111,24,127"/><U100/><E3/><V61/><F104/><W64/><G98/><T97/><D117/><U89/><E124/><V103/><F122/><W116/><G127/><T51/><D128/><U123/><E123/><V110/><F114/><W28/><G64/><T133/><D133/><U31/><E31/><V132/><F132/><W20/><G131/><T102/><D33/><U12/><E27/><V126/><F126/><W49/><G38/><T25/><D25/><U120/><E120/><V16/><F40/><W73/><G73/><T9/><D9/><U70/><E70/><V13/><F110/><W76/><G76/><T63/><D63/><U57/><E57/><V60/><F60/><W68/><G8/><T121/><D1/><U48/><E75/><V19/><F7/><W32/><G68/><T47/><D121/><U35/><E35/><V93/><F94/><N who="3" m="54615" /><G20/><T106/><REACH who="0" step="1"/><D47/><REACH who="0" ten="204,235,182,369" step="2"/><U0/><E0/><V29/><REACH who="2" step="1"/><F29/><REACH who="2" ten="204,235,172,369" step="2"/><W53/><G28/><T66/><D66/><AGARI ba="0,2" hai="11,13,16,17,19,54,56,58,61,62,66,93,99,103" machi="66" ten="30,12000,2" yaku="1,1,2,1,7,1,8,1,52,1,54,1,53,0" doraHai="4" doraHaiUra="107" who="2" fromWho="0" sc="204,-120,235,0,172,140,369,0" /><INIT seed="6,0,0,0,3,50" ten="84,235,312,369" oya="2" hai0="114,116,69,126,104,98,131,112,85,54,76,2,89" hai1="8,103,43,46,133,108,10,120,23,12,99,41,88" hai2="49,115,29,109,58,74,94,70,122,65,105,9,129" hai3="132,82,101,30,26,100,66,6,118,80,18,40,68"/><V90/><F105/><W71/><G6/><T53/><D69/><U36/><E108/><V55/><F74/><W91/><G40/><T135/><D2/><U79/><E133/><V5/><F122/><W48/><G48/><T134/><D76/><U77/><E43/><V92/><F115/><N who="0" m="44074" /><D131/><U59/><E23/><V14/><F29/><W47/><G18/><T81/><D126/><U130/><E10/><V128/><F109/><W31/><G47/><T52/><D116/><U3/><E3/><V83/><F65/><W119/><G91/><T84/><D84/><U16/><E120/><V106/><F106/><W20/><G20/><T124/><D124/><U4/><E4/><V27/><F27/><W67/><G26/><T60/><D60/><U7/><E7/><V127/><F70/><W95/><G95/><T1/><D1/><U73/><E73/><V107/><F107/><W111/><G132/><N who="0" m="50731" /><D104/><U61/><E130/><N who="2" m="50283" /><F127/><W38/><REACH who="3" step="1"/><G38/><REACH who="3" ten="84,235,312,359" step="2"/><T123/><D123/><U62/><E36/><V28/><F28/><W56/><G56/><T102/><D102/><U110/><E59/><V97/><F94/><W87/><G87/><T35/><D35/><U113/><E103/><V63/><F83/><W117/><G117/><T78/><D98/><U34/><E34/><V17/><F5/><W72/><G72/><T24/><D89/><U45/><E88/><V96/><F96/><W19/><G19/><T22/><D22/><U75/><E99/><V21/><F21/><W125/><G125/><T39/><D39/><U44/><E113/><V0/><F0/><W15/><G15/><RYUUKYOKU ba="0,1" sc="84,10,235,-30,312,10,359,10" hai0="24,52,53,54,78,81,85" hai2="9,14,17,49,55,58,63,90,92,97" hai3="30,31,66,67,68,71,80,82,100,101,111,118,119" /><INIT seed="6,1,1,4,5,19" ten="94,205,322,369" oya="2" hai0="23,80,102,114,73,127,8,53,34,47,45,69,36" hai1="92,79,81,14,61,6,16,71,96,3,89,59,118" hai2="9,78,28,120,132,33,128,93,49,122,75,56,100" hai3="131,91,27,124,76,110,119,1,42,129,97,130,125"/><V10/><F75/><W55/><G119/><T0/><D34/><U22/><E118/><V54/><F78/><W106/><G110/><T30/><D69/><U104/><E104/><V66/><F66/><W46/><G1/><T109/><D109/><U4/><E3/><V18/><F28/><W121/><G121/><T21/><D102/><U82/><E71/><V31/><F31/><W112/><G112/><T41/><D127/><N who="3" m="48713" /><G76/><N who="0" m="44047" /><D30/><U107/><E107/><V115/><F33/><W126/><G126/><T51/><D114/><U5/><REACH who="1" step="1"/><E79/><REACH who="1" ten="94,195,322,369" step="2"/><V95/><F115/><W65/><G106/><T26/><D26/><U108/><E108/><V43/><F122/><W20/><G27/><T13/><D13/><U68/><E68/><V103/><F120/><W67/><G131/><T98/><D98/><U64/><AGARI ba="1,2" hai="4,5,6,14,16,22,59,61,64,81,82,89,92,96" machi="64" ten="30,8000,1" yaku="1,1,0,1,8,1,52,1,54,1,53,0" doraHai="19" doraHaiUra="111" who="1" fromWho="1" sc="94,-21,195,103,322,-41,369,-21" /><INIT seed="7,0,0,3,3,28" ten="73,298,281,348" oya="3" hai0="101,70,41,131,112,61,60,118,5,33,81,24,85" hai1="4,62,53,73,135,102,69,111,123,77,21,93,78" hai2="105,29,99,32,106,94,67,90,20,64,117,115,36" hai3="75,25,52,122,51,58,56,22,6,10,26,134,76"/><W95/><G122/><T96/><D118/><U12/><E123/><V59/><F36/><W71/><G71/><T18/><D131/><U50/><E111/><V48/><F117/><W127/><G134/><T0/><D112/><U79/><E135/><V17/><F115/><W74/><G127/><T97/><D97/><N who="1" m="59695" /><E73/><V124/><F124/><W113/><G113/><T132/><D132/><U120/><E120/><V14/><F67/><W87/><G75/><T130/><D130/><U23/><E69/><V88/><F90/><N who="3" m="53727" /><G74/><T65/><D60/><U104/><E62/><V107/><F64/><W31/><G26/><T37/><D37/><U103/><E103/><V30/><REACH who="2" step="1"/><F32/><REACH who="2" ten="73,298,271,348" step="2"/><W83/><G76/><T46/><D46/><N who="1" m="27863" /><E104/><V116/><F116/><W39/><G39/><T38/><D38/><U7/><E21/><V82/><F82/><W72/><G83/><T126/><D126/><U109/><E109/><V35/><F35/><W1/><G22/><T11/><D41/><U13/><E23/><V80/><F80/><W45/><G45/><T42/><D42/><U110/><E110/><V19/><F19/><W15/><G31/><T9/><D81/><U63/><E63/><V84/><F84/><W100/><G72/><T133/><D85/><U86/><E86/><V108/><F108/><W55/><G58/><T129/><D129/><U40/><E40/><V66/><F66/><W92/><G56/><T119/><D119/><U128/><E128/><V8/><F8/><W89/><G10/><T34/><D133/><U54/><E54/><AGARI ba="0,1" hai="14,17,20,29,30,48,54,59,88,94,99,105,106,107" machi="54" ten="40,2600,0" yaku="1,1,54,1,53,0" doraHai="28" doraHaiUra="121" who="2" fromWho="1" sc="73,0,298,-26,271,36,348,0" owari="73,-43.0,272,-13.0,307,11.0,348,45.0" /></mjloggm>