<mjloggm ver="2.3"><GO type="97" lobby="0"/><UN n0="%E7%B4%85%E3%81%AE%E3%83%9A%E3%82%B9" n1="%E3%82%8C%E3%82%93%21" n2="%73%69%6E%6F%67%69" n3="%E5%B0%B1%E6%B4%BB%E7%94%9F%40%E5%B7%9D%E6%9D%91%E8%BB%8D%E5%9B%A3" dan="14,13,15,15" rate="1969.33,1808.81,1960.60,2031.32" sx="M,M,M,M"/><TAIKYOKU oya="0"/><INIT seed="0,0,0,4,2,129" ten="250,250,250,250" oya="0" hai0="120,118,106,24,52,25,20,26,92,60,128,44,48" hai1="101,31,36,12,65,132,124,80,90,0,105,94,89" hai2="131,81,35,5,87,77,53,7,39,96,51,14,50" hai3="73,123,34,76,23,64,100,11,4,15,121,95,28"/><T33/><D120/><N who="3" m="46153" /><G64/><T49/><D106/><U83/><E0/><V10/><F39/><W70/><G70/><T107/><D107/><U69/><E12/><V117/><F131/><W6/><G73/><T112/><D128/><U78/><E31/><V47/><F117/><W61/><G76/><T91/><D118/><U126/><E36/><V2/><F35/><W8/><G61/><T116/><D112/><U119/><E65/><V110/><F110/><W111/><G100/><T66/><D116/><U27/><E27/><V88/><F2/><N who="3" m="23" /><G95/><T19/><D48/><U79/><E69/><V99/><F5/><W103/><G103/><T43/><D33/><U56/><E56/><V104/><F104/><W98/><G98/><T68/><REACH who="0" step="1"/><D43/><REACH who="0" ten="240,250,250,250" step="2"/><U97/><E119/><V134/><F134/><W46/><G34/><T82/><D82/><N who="1" m="31275" /><E105/><V114/><F114/><W30/><G111/><T62/><D62/><U135/><E78/><V45/><REACH who="2" step="1"/><F77/><REACH who="2" ten="240,250,240,250" step="2"/><W9/><G46/><T59/><D59/><U18/><E79/><V122/><F122/><W133/><G133/><T74/><D74/><U127/><E135/><V113/><F113/><W1/><G1/><T21/><D21/><U125/><E132/><V67/><F67/><W13/><G23/><T84/><AGARI ba="0,2" hai="19,20,24,25,26,44,49,52,60,66,68,84,91,92" machi="84" ten="20,7800,0" yaku="1,1,0,1,7,1,54,1,53,0" doraHai="129" doraHaiUra="102" who="0" fromWho="0" sc="240,98,250,-26,240,-26,250,-26" /><INIT seed="0,1,0,5,1,74" ten="338,224,214,224" oya="0" hai0="20,33,23,56,36,101,43,131,13,114,8,16,68" hai1="70,24,109,134,48,104,72,83,39,132,34,27,35" hai2="112,99,129,121,0,88,125,111,102,45,62,49,47" hai3="92,38,89,119,84,116,25,133,9,127,30,51,60"/><T100/><D68/><U50/><E104/><V76/><F121/><W95/><G38/><T17/><D33/><U73/><E70/><V5/><F112/><W21/><G127/><T10/><D114/><U94/><E94/><V103/><F125/><W2/><G133/><T91/><D131/><U32/><E39/><V130/><F111/><W85/><G60/><T7/><D91/><U79/><E109/><V98/><F0/><W108/><G108/><T63/><D43/><U69/><E69/><V11/><F62/><W28/><G28/><T81/><D81/><U71/><E71/><V77/><F11/><W58/><G2/><T128/><D36/><U1/><E1/><V97/><F5/><W46/><G58/><T29/><D29/><U80/><E34/><V120/><F120/><W4/><G85/><T105/><D105/><U86/><E86/><V12/><F12/><W18/><G95/><T107/><D107/><U59/><E59/><V110/><F110/><W87/><G87/><T115/><D115/><U65/><E65/><V31/><F31/><W3/><G30/><T82/><D82/><U22/><E22/><V57/><F57/><W15/><G3/><T126/><D126/><U54/><E54/><AGARI ba="1,0" hai="4,9,15,18,21,25,46,51,54,84,89,92,116,119" machi="54" ten="30,1000,0" yaku="7,1" doraHai="74" who="3" fromWho="1" sc="338,0,224,-13,214,0,224,13" /><INIT seed="1,0,0,5,2,15" ten="338,211,214,237" oya="1" hai0="107,121,95,94,80,104,83,86,88,6,7,124,35" hai1="118,63,117,41,93,62,125,131,10,37,77,87,98" hai2="13,122,16,91,123,2,60,112,61,36,92,72,44" hai3="108,50,22,64,42,18,28,24,103,55,99,34,38"/><U81/><E125/><V1/><F112/><W48/><G108/><T23/><D35/><U101/><E131/><V46/><F72/><W25/><G64/><T12/><D121/><U39/><E39/><V126/><F126/><W58/><G38/><T17/><D107/><U120/><E120/><V3/><F123/><W105/><REACH who="3" step="1"/><G42/><REACH who="3" ten="338,211,214,227" step="2"/><T66/><D124/><U5/><E118/><V30/><F122/><W4/><G4/><T49/><D66/><U69/><E117/><V106/><F36/><W132/><G132/><T130/><D6/><U73/><E69/><V53/><F106/><W115/><G115/><T129/><D104/><N who="1" m="63543" /><E41/><V79/><F53/><W113/><G113/><T84/><D7/><U57/><E37/><V47/><F79/><W51/><AGARI ba="0,1" hai="18,22,24,25,28,34,48,50,51,55,58,99,103,105" machi="51" ten="20,5200,0" yaku="1,1,0,1,7,1,52,1,53,0" doraHai="15" doraHaiUra="116" who="3" fromWho="3" sc="338,-13,211,-26,214,-13,227,62" /><INIT seed="2,0,0,2,4,24" ten="325,185,201,289" oya="2" hai0="28,16,34,134,102,5,47,6,81,9,59,106,55" hai1="105,42,73,90,76,118,120,15,108,93,52,125,112" hai2="45,37,100,3,70,77,41,0,20,115,107,69,72" hai3="121,87,48,17,11,66,25,109,84,129,29,135,27"/><V126/><F20/><W35/><G121/><T116/><D116/><U56/><E120/><V63/><F115/><W21/><G109/><T111/><D111/><U13/><E118/><V128/><F128/><W78/><G129/><T86/><D106/><U30/><E112/><V14/><F14/><W71/><G135/><T103/><D134/><U119/><E119/><V82/><F126/><W39/><G39/><T127/><D47/><U88/><E125/><V74/><F74/><W62/><G78/><T113/><D113/><U75/><E108/><V117/><F117/><W92/><G11/><T60/><D6/><U19/><E105/><V18/><F18/><W130/><G130/><T46/><D46/><U33/><E15/><V65/><F70/><W97/><REACH who="3" step="1"/><G48/><REACH who="3" ten="325,185,201,279" step="2"/><T124/><D124/><U110/><E110/><V114/><F114/><W51/><G51/><T99/><D127/><U94/><E76/><V132/><F132/><W131/><G131/><T98/><D9/><U85/><E42/><V10/><F10/><W38/><G38/><T64/><D5/><U122/><E122/><V101/><F101/><AGARI ba="0,1" hai="17,21,25,27,29,35,62,66,71,84,87,92,97,101" machi="101" ten="30,3900,0" yaku="1,1,7,1,52,1,53,0" doraHai="24" doraHaiUra="32" who="3" fromWho="2" sc="325,0,185,0,201,-39,279,49" /><INIT seed="3,0,0,0,4,104" ten="325,185,162,328" oya="3" hai0="63,0,62,127,46,89,30,76,120,96,31,88,74" hai1="126,11,34,13,52,71,37,98,65,27,26,20,21" hai2="16,73,122,102,38,133,121,60,116,55,111,3,100" hai3="35,131,105,64,95,80,56,10,83,82,61,18,43"/><W124/><G105/><T51/><D0/><U69/><E126/><V54/><F116/><W77/><G35/><T23/><D120/><N who="2" m="46186" /><F3/><W29/><G124/><T40/><D127/><U67/><E34/><V59/><F111/><W68/><G68/><T132/><D132/><U97/><E37/><V17/><F38/><W86/><G131/><T112/><D112/><U45/><E45/><V115/><F115/><W119/><G29/><N who="0" m="10763" /><D74/><U9/><E13/><V91/><F133/><W32/><G32/><T107/><D76/><U48/><E48/><V15/><F91/><N who="0" m="34890" /><D107/><U49/><E49/><V84/><F84/><W36/><G119/><T125/><D125/><U93/><E93/><V6/><F55/><AGARI ba="0,0" hai="9,11,20,21,26,27,52,55,65,67,69,71,97,98" machi="55" ten="25,3200,0" yaku="22,2,54,1" doraHai="104" who="1" fromWho="2" sc="325,0,185,32,162,-32,328,0" owari="325,13.0,217,-18.0,130,-37.0,328,42.0" /></mjloggm>