<mjloggm ver="2.3"><GO type="169" lobby="0"/><UN n0="%EF%BC%91%EF%BC%92%EF%BC%94%EF%BC%98%EF%BC%91%EF%BC%96%EF%BC%93%EF%BC%92" n1="%E3%82%A6%E3%83%AB%E3%83%88%E3%83%A9%E7%AB%8B%E7%9B%B4" n2="%41%79%6F%75%46" n3="%72%69%6F%75%63%68%61%6E" dan="17,17,18,17" rate="2156.68,2205.10,2237.98,2171.19" sx="M,M,M,M"/><TAIKYOKU oya="0"/><INIT seed="0,0,0,0,5,12" ten="250,250,250,250" oya="0" hai0="22,106,56,114,52,6,35,21,11,97,130,69,84" hai1="66,65,19,24,44,74,41,23,60,78,134,67,50" hai2="76,15,88,57,7,115,132,1,18,111,20,92,82" hai3="3,72,58,25,39,34,108,0,30,47,116,93,48"/><T53/><D114/><U95/><E134/><V107/><F107/><W46/><G116/><T26/><D69/><U105/><E105/><V91/><F115/><W126/><G72/><T122/><D122/><U123/><E123/><V40/><F132/><W103/><G58/><T38/><D38/><U110/><E110/><V77/><F111/><W101/><G108/><T43/><D43/><U119/><E119/><V71/><F71/><W68/><G68/><T63/><D130/><U27/><E74/><V9/><F40/><W80/><G126/><T90/><D106/><U33/><E78/><V129/><F129/><W28/><G30/><T61/><D97/><U102/><E33/><V124/><F124/><W5/><G80/><T120/><D120/><U59/><E27/><V54/><F82/><W75/><G75/><T16/><D35/><U121/><E121/><V133/><F91/><W85/><G39/><T79/><D79/><U51/><E51/><N who="2" m="30943" /><F133/><W32/><G34/><T112/><D112/><U10/><E10/><V70/><F70/><W100/><G5/><T104/><D22/><U94/><REACH who="1" step="1"/><E102/><REACH who="1" ten="250,240,250,250" step="2"/><V37/><F37/><W49/><G103/><T118/><D104/><U13/><E13/><N who="2" m="9295" /><F1/><N who="3" m="587" /><G101/><T131/><D131/><U96/><E96/><AGARI ba="0,1" hai="7,9,15,76,77,88,92,96" m="9295,30943" machi="96" ten="30,3900,0" yaku="8,1,52,1,54,1" doraHai="12" who="2" fromWho="1" sc="250,0,240,-39,250,49,250,0" /><INIT seed="1,0,0,0,5,65" ten="250,201,299,250" oya="1" hai0="66,98,0,100,37,32,56,10,43,8,81,102,115" hai1="68,33,57,35,105,17,11,120,101,79,118,48,92" hai2="45,2,103,91,112,26,124,47,116,4,21,63,84" hai3="75,67,50,77,15,130,94,27,108,113,107,55,18"/><U36/><E36/><V20/><F116/><W28/><G113/><T83/><D32/><U129/><E105/><V54/><F103/><N who="0" m="39466" /><D115/><U29/><E120/><V46/><F112/><W88/><G107/><T9/><D0/><U76/><E118/><V119/><F21/><N who="3" m="15471" /><G75/><T40/><D37/><U44/><E129/><V109/><F109/><W99/><G108/><T90/><D98/><N who="1" m="59591" /><E68/><V14/><F2/><W34/><G34/><T12/><D12/><N who="1" m="7327" /><E33/><V53/><F124/><W89/><G77/><N who="1" m="29770" /><E35/><V134/><F119/><W121/><G67/><T72/><D72/><U110/><E110/><V80/><F134/><W87/><G121/><T106/><D106/><U30/><E57/><N who="2" m="35247" /><F14/><W131/><G130/><T59/><D66/><U38/><E38/><V52/><F4/><W64/><G64/><T62/><D62/><U122/><E122/><V60/><F60/><W23/><G131/><T41/><D90/><U73/><E73/><V24/><F24/><W123/><G123/><T117/><D117/><U78/><N who="1" m="29778" /><U96/><DORA hai="97" /><E96/><V82/><F80/><AGARI ba="0,0" hai="8,9,10,40,41,43,56,59,80,81,83" m="39466" machi="80" ten="40,12000,2" yaku="28,2,8,1,52,3" doraHai="65,97" who="0" fromWho="2" sc="250,120,201,0,299,-120,250,0" /><INIT seed="2,0,0,2,1,82" ten="370,201,179,250" oya="2" hai0="75,41,48,8,56,119,129,5,104,12,39,4,130" hai1="54,92,29,33,126,78,18,42,68,103,86,111,132" hai2="77,1,91,31,70,94,114,72,79,84,21,25,32" hai3="20,24,81,113,14,67,122,52,102,110,97,26,95"/><V49/><F114/><W58/><G110/><T3/><D104/><U125/><E68/><V19/><F70/><W106/><G122/><T46/><D119/><U16/><E111/><V15/><F72/><W93/><G113/><T101/><D101/><U105/><E42/><V73/><F73/><W59/><G14/><T127/><D127/><N who="1" m="48651" /><E132/><V22/><F1/><W109/><G109/><T40/><D75/><U61/><E29/><V35/><REACH who="2" step="1"/><F49/><REACH who="2" ten="370,201,169,250" step="2"/><W43/><G43/><T62/><D40/><U112/><E112/><V53/><F53/><W11/><G52/><N who="0" m="34055" /><D48/><U96/><E54/><V134/><F134/><W71/><G71/><T10/><D3/><U50/><E50/><V116/><F116/><W85/><G67/><T124/><D124/><U0/><E0/><V44/><F44/><W57/><G57/><T76/><D46/><U133/><E133/><V115/><F115/><W55/><G58/><T65/><D65/><U117/><E117/><V89/><F89/><N who="3" m="51375" /><G59/><T30/><D41/><U51/><E51/><V66/><F66/><W69/><G55/><T2/><D2/><U64/><E64/><V135/><F135/><W45/><G45/><T37/><D76/><AGARI ba="0,1" hai="15,19,21,22,25,31,32,35,76,77,79,84,91,94" machi="76" ten="40,3900,0" yaku="1,1,52,1,53,0" doraHai="82" doraHaiUra="99" who="2" fromWho="0" sc="370,-39,201,0,169,49,250,0" /><INIT seed="2,1,0,1,1,25" ten="331,201,218,250" oya="2" hai0="133,108,113,75,68,123,36,128,115,117,56,74,10" hai1="26,63,95,45,49,58,135,109,57,102,35,118,59" hai2="96,78,31,65,120,87,129,1,72,19,51,90,3" hai3="130,48,23,9,124,6,55,54,61,69,2,132,134"/><V101/><F120/><W39/><G124/><T76/><RYUUKYOKU type="yao9" ba="1,0" sc="331,0,201,0,218,0,250,0" hai0="10,36,56,68,74,75,76,108,113,115,117,123,128,133" /><INIT seed="2,2,0,3,4,23" ten="331,201,218,250" oya="2" hai0="110,3,35,93,111,73,114,46,14,52,40,126,25" hai1="13,102,31,133,78,4,21,83,128,30,69,28,26" hai2="120,50,98,1,6,122,59,92,115,29,68,75,103" hai3="125,135,67,87,123,132,112,7,64,15,100,63,74"/><V81/><F68/><W24/><G125/><T124/><D3/><U11/><E69/><V58/><F115/><W41/><G123/><T12/><D73/><U97/><E128/><V48/><F1/><W107/><G74/><T45/><D114/><U65/><E65/><V108/><F6/><W106/><G112/><T104/><D104/><N who="3" m="39977" /><G100/><T19/><D93/><U43/><E43/><V121/><F108/><N who="0" m="41514" /><D52/><U105/><REACH who="1" step="1"/><E133/><REACH who="1" ten="331,191,218,250" step="2"/><V27/><F59/><N who="3" m="36991" /><G67/><T131/><D131/><U54/><E54/><V42/><F58/><W130/><G41/><T8/><D40/><U9/><E9/><V91/><F42/><W86/><G130/><T94/><D8/><U53/><E53/><V16/><F50/><W5/><G132/><T118/><D124/><U49/><E49/><V22/><F48/><W84/><G135/><T127/><D126/><U55/><E55/><V38/><F38/><W71/><G71/><T77/><D127/><U51/><E51/><V80/><F103/><W18/><G5/><T56/><D45/><U79/><E79/><V36/><F36/><W2/><G7/><T99/><D46/><U88/><E88/><V117/><F117/><W10/><G2/><T34/><D77/><U129/><E129/><V113/><F113/><W57/><G57/><T116/><D56/><U70/><E70/><V85/><F122/><W89/><G89/><N who="0" m="55759" /><D118/><U66/><E66/><V90/><F121/><W101/><G101/><T47/><D116/><U32/><E32/><N who="0" m="12329" /><D47/><U109/><E109/><V39/><F120/><W95/><G95/><T134/><D134/><U33/><E33/><RYUUKYOKU ba="2,1" sc="331,10,191,10,218,-30,250,10" hai0="12,14,19,25" hai1="4,11,13,21,26,28,30,31,78,83,97,102,105" hai3="10,15,18,24,84,86,87" /><INIT seed="3,3,1,2,4,31" ten="341,201,188,260" oya="3" hai0="75,5,53,8,90,105,119,36,81,58,59,52,54" hai1="73,22,43,107,46,74,134,14,95,118,21,67,20" hai2="121,93,115,65,42,26,1,127,104,113,13,45,117" hai3="135,33,60,72,17,57,56,98,64,84,50,82,83"/><W47/><G135/><T88/><D119/><U108/><E107/><V23/><F104/><W28/><G72/><T132/><D105/><U70/><E118/><V128/><F117/><W12/><G57/><N who="0" m="21515" /><D36/><U32/><E32/><V80/><F1/><W110/><G110/><T19/><D75/><U123/><E123/><V85/><F65/><W99/><G83/><T96/><D132/><U78/><E134/><V112/><F121/><W7/><G7/><T69/><D69/><U55/><E108/><V49/><F128/><W25/><G12/><N who="0" m="7559" /><D5/><U111/><E111/><V97/><F13/><W101/><G101/><T0/><D0/><U133/><E73/><V34/><F127/><W116/><G116/><T87/><D96/><U130/><E130/><V38/><F38/><W24/><G24/><T16/><D16/><U106/><E106/><V76/><F34/><W114/><G17/><T109/><D109/><U48/><E133/><V94/><REACH who="2" step="1"/><F97/><REACH who="2" ten="341,201,178,260" step="2"/><W15/><G15/><T4/><D4/><U122/><E122/><V126/><F126/><W35/><G33/><T11/><D11/><U129/><E129/><V102/><F102/><W10/><G10/><T79/><AGARI ba="3,2" hai="52,53,54,79,81,87,88,90" m="7559,21515" machi="79" ten="30,4000,0" yaku="8,1,54,2" doraHai="31" who="0" fromWho="0" sc="341,69,201,-13,178,-13,260,-23" /><INIT seed="4,0,0,1,5,12" ten="410,188,165,237" oya="0" hai0="51,102,1,65,55,7,79,85,62,39,3,134,78" hai1="86,90,35,135,60,69,93,27,115,59,125,114,0" hai2="118,74,70,34,68,61,108,111,119,40,16,76,94" hai3="11,43,5,48,45,104,96,107,21,72,106,113,24"/><T9/><D39/><U95/><E0/><V97/><F34/><W18/><G113/><N who="1" m="43018" /><E69/><N who="2" m="26731" /><F61/><W26/><G72/><T50/><D102/><U99/><E35/><V100/><F40/><W32/><G96/><T127/><D3/><U133/><E27/><V121/><F121/><W14/><REACH who="3" step="1"/><G32/><REACH who="3" ten="410,188,165,227" step="2"/><T57/><D85/><U120/><E120/><V103/><F74/><W30/><G30/><T36/><D79/><U63/><E125/><V126/><F76/><W124/><G124/><T132/><D78/><U98/><E98/><V91/><F126/><W112/><G112/><T92/><D127/><U2/><E99/><V13/><F100/><W77/><G77/><T110/><D110/><U42/><E135/><V54/><F103/><W28/><G28/><T33/><D33/><U58/><E133/><V71/><F71/><W67/><G67/><T117/><D134/><U4/><E86/><V37/><F111/><W80/><G80/><T122/><D132/><U31/><E31/><V25/><F108/><W17/><G17/><T38/><D65/><U88/><E90/><V128/><F97/><W22/><G22/><T105/><D122/><U10/><E88/><V53/><F91/><W87/><G87/><T109/><D109/><U49/><E95/><V131/><F16/><W64/><G64/><T29/><D29/><U19/><E19/><V8/><F119/><W101/><G101/><T47/><D117/><U75/><E93/><V20/><F118/><W52/><G52/><N who="0" m="34087" /><D92/><U15/><E75/><V44/><F54/><W73/><G73/><T46/><D105/><U116/><E116/><RYUUKYOKU ba="0,1" sc="410,15,188,-15,165,-15,227,15" hai0="1,7,9,36,38,46,47,50,51,55" hai3="5,11,14,18,21,24,26,43,45,48,104,106,107" /><INIT seed="4,1,1,4,0,126" ten="425,173,150,242" oya="0" hai0="75,102,4,99,53,5,122,111,2,13,95,58,72" hai1="37,19,43,12,3,61,27,115,42,59,21,62,32" hai2="8,93,90,117,46,48,105,65,45,41,56,86,54" hai3="134,94,73,128,85,69,74,103,118,51,24,29,6"/><T18/><D122/><U114/><E3/><V83/><F105/><W91/><G128/><T108/><D72/><U127/><E127/><V135/><F135/><W30/><G134/><T0/><D75/><U113/><E37/><V52/><F65/><W76/><G118/><T20/><D2/><U26/><E61/><V79/><F117/><W130/><G130/><T119/><D0/><U110/><E110/><N who="0" m="42025" /><D119/><U11/><E32/><V98/><F56/><W44/><G69/><T71/><D71/><U82/><E82/><V28/><F28/><W129/><G30/><T23/><D20/><U107/><E107/><V104/><F104/><W132/><G129/><T63/><AGARI ba="1,1" hai="4,5,13,18,23,53,58,63,95,99,102" m="42025" machi="63" ten="30,1500,0" yaku="10,1" doraHai="126" who="0" fromWho="0" sc="425,28,173,-6,150,-6,242,-6" /><INIT seed="4,2,0,2,3,81" ten="453,167,144,236" oya="0" hai0="42,60,88,65,6,116,111,7,29,121,135,115,108" hai1="78,87,104,59,99,67,84,70,2,68,39,38,91" hai2="119,90,101,76,128,49,134,75,50,28,22,118,64" hai3="47,51,20,31,129,44,1,82,72,107,34,19,61"/><T35/><D121/><U33/><E33/><V73/><F101/><W105/><G1/><T130/><D116/><U0/><E59/><V95/><F64/><W62/><G129/><T89/><D42/><U12/><E12/><V53/><F128/><W109/><G109/><N who="0" m="42059" /><D115/><U83/><E99/><V27/><F134/><W14/><G47/><T63/><D29/><U10/><E104/><V113/><F113/><W8/><G34/><T58/><D35/><U110/><E110/><V106/><F106/><W13/><G105/><T25/><D25/><U30/><E30/><V52/><F76/><W4/><G31/><T85/><D135/><U94/><E67/><V23/><F23/><W55/><REACH who="3" step="1"/><G107/><REACH who="3" ten="453,167,144,226" step="2"/><T17/><D130/><U46/><E46/><N who="2" m="27735" /><F118/><W45/><G45/><T74/><D6/><U120/><E120/><V102/><F119/><W97/><G97/><T36/><D7/><U37/><E2/><V125/><F28/><W114/><G114/><T133/><D133/><U71/><E0/><V21/><F27/><W66/><G66/><T48/><D65/><U54/><E54/><V86/><F53/><W100/><G100/><T69/><D17/><U131/><E131/><V26/><F102/><W3/><G3/><T103/><D103/><U98/><E98/><V124/><F26/><W93/><G93/><T9/><D69/><U15/><E71/><V43/><F43/><W96/><G96/><T11/><D58/><U112/><REACH who="1" step="1"/><E112/><REACH who="1" ten="453,157,144,226" step="2"/><V56/><F56/><W5/><G5/><AGARI ba="2,2" hai="5,10,15,37,38,39,68,70,78,83,84,87,91,94" machi="5" ten="40,8000,1" yaku="1,1,2,1,52,2,53,0" doraHai="81" doraHaiUra="18" who="1" fromWho="3" sc="453,0,157,106,144,0,226,-86" /><INIT seed="5,0,0,3,3,66" ten="453,263,144,140" oya="1" hai0="122,33,88,96,115,5,118,51,71,38,36,127,8" hai1="131,89,23,69,121,112,16,97,28,77,27,103,124" hai2="32,73,82,101,63,62,0,125,91,48,109,57,133" hai3="26,45,53,90,43,117,72,70,119,132,113,40,116"/><U30/><E121/><V92/><F32/><W83/><G113/><T1/><D33/><U24/><E77/><V94/><F0/><W35/><G132/><T54/><D118/><U49/><E112/><V80/><F109/><W37/><G70/><T64/><D127/><U14/><E69/><V99/><F125/><W95/><G43/><T106/><D106/><U114/><E114/><V86/><F133/><W78/><G53/><T85/><D96/><U111/><E124/><V93/><F48/><W21/><G35/><T15/><D64/><U104/><E131/><V130/><F62/><W4/><G4/><T20/><D71/><U22/><E111/><V7/><F7/><W108/><G108/><T3/><D122/><U44/><E89/><V42/><F42/><W52/><G52/><T120/><D120/><U74/><E74/><V29/><F29/><W47/><G47/><T102/><D102/><U50/><REACH who="1" step="1"/><E44/><REACH who="1" ten="453,253,144,140" step="2"/><V98/><F130/><W59/><G59/><N who="0" m="33247" /><D115/><U9/><AGARI ba="0,1" hai="9,14,16,22,23,24,27,28,30,49,50,97,103,104" machi="9" ten="20,12000,1" yaku="1,1,0,1,7,1,9,1,54,1,53,0" doraHai="66" doraHaiUra="110" who="1" fromWho="1" sc="453,-40,253,130,144,-40,140,-40" /><INIT seed="5,1,0,4,4,5" ten="413,383,104,100" oya="1" hai0="79,78,116,92,18,99,135,134,118,27,4,91,63" hai1="73,21,87,51,74,39,115,133,24,128,122,105,41" hai2="101,26,67,6,48,11,32,69,45,62,13,113,59" hai3="86,110,72,17,90,127,0,9,112,7,38,97,28"/><U76/><E39/><V46/><F113/><W132/><G110/><T34/><D4/><U40/><E105/><V25/><F69/><W33/><G72/><T58/><D34/><U12/><E122/><V120/><F120/><W119/><G38/><T36/><D36/><U124/><E115/><V3/><F45/><W85/><G112/><T114/><D114/><U121/><E121/><V55/><F101/><W94/><G127/><T108/><D108/><U93/><E124/><V30/><REACH who="2" step="1"/><F26/><REACH who="2" ten="413,383,94,100" step="2"/><N who="3" m="18583" /><G119/><T111/><D116/><U103/><E103/><V61/><F61/><W81/><G132/><T83/><D118/><U15/><E133/><V54/><F54/><W71/><G71/><T53/><D111/><U95/><E24/><V100/><F100/><W19/><G86/><N who="0" m="50655" /><D134/><U35/><E87/><V10/><F10/><W43/><G43/><T56/><D135/><U126/><E41/><V16/><F16/><N who="3" m="6219" /><G85/><T2/><D63/><U68/><E40/><V66/><F66/><W64/><G64/><T77/><D53/><U22/><E126/><V52/><F52/><W37/><G37/><T31/><D58/><U131/><E68/><V130/><F130/><W70/><G70/><T107/><D56/><U47/><E47/><V65/><F65/><W104/><G104/><T82/><D107/><U84/><E84/><V129/><F129/><W44/><G44/><T102/><D102/><U96/><E131/><V106/><F106/><W88/><G90/><T1/><D82/><U49/><E128/><V23/><F23/><W60/><G81/><T57/><D57/><U89/><E89/><RYUUKYOKU ba="1,1" sc="413,-15,383,-15,94,15,100,15" hai2="3,6,11,13,25,30,32,46,48,55,59,62,67" hai3="0,7,9,60,88,94,97" /><INIT seed="6,2,1,2,0,0" ten="398,368,109,115" oya="2" hai0="107,30,38,134,15,45,115,85,56,89,48,125,118" hai1="101,29,19,132,58,50,51,67,65,83,12,123,16" hai2="78,124,87,52,44,57,66,73,60,82,133,49,3" hai3="90,80,8,39,113,75,37,25,43,26,100,21,111"/><V117/><F117/><W70/><G111/><T108/><D118/><U129/><E29/><V106/><F106/><W127/><G70/><T72/><D107/><U93/><E129/><V35/><F35/><W69/><G69/><T131/><D72/><U42/><E132/><V22/><F133/><W47/><G100/><T23/><D131/><U41/><E83/><V14/><F3/><W6/><G39/><T9/><D38/><U81/><E81/><V119/><F119/><W31/><G127/><T40/><D125/><U20/><E101/><V24/><F124/><W97/><G113/><T11/><D108/><U112/><E93/><V55/><F14/><W92/><G26/><N who="0" m="16735" /><D115/><U71/><E71/><V7/><F7/><W98/><G80/><N who="0" m="49319" /><D134/><U128/><E128/><V5/><F5/><W10/><G75/><T77/><D77/><U96/><E96/><V28/><REACH who="2" step="1"/><F73/><REACH who="2" ten="398,368,99,115" step="2"/><W1/><G8/><T91/><D15/><N who="1" m="9247" /><E112/><V62/><F62/><W46/><G10/><T104/><D104/><U120/><E120/><V102/><F102/><W135/><G6/><T59/><D9/><U4/><E4/><V79/><F79/><W54/><G1/><T13/><D11/><U88/><E123/><V86/><F86/><N who="3" m="52311" /><G135/><T74/><D74/><U32/><E32/><V34/><F34/><W122/><G122/><T63/><D13/><U103/><E103/><V99/><F99/><W105/><G105/><T68/><D91/><U36/><E88/><V114/><F114/><W33/><G33/><T17/><D63/><U61/><E61/><V76/><F76/><W64/><G64/><AGARI ba="2,2" hai="22,24,28,44,49,52,55,57,60,64,66,78,82,87" machi="64" ten="40,12000,1" yaku="1,1,6,1,8,1,54,1,53,0" doraHai="0" doraHaiUra="126" who="2" fromWho="3" sc="398,0,368,0,99,146,115,-126" owari="398,49.0,368,17.0,245,-15.0,-11,-51.0" /></mjloggm>