<mjloggm ver="2.3"><GO type="41" lobby="0"/><UN n0="%42%6F%6E%42%6F%6E" n1="%E5%B0%B1%E6%B4%BB%E7%94%9F%40%E5%B7%9D%E6%9D%91%E8%BB%8D%E5%9B%A3" n2="%E3%83%AF%E3%83%B3%E3%81%9F%E3%82%93%21%EF%BC%9F" n3="%73%69%6E%6F%6E%6F%6E%75" dan="14,16,13,15" rate="1944.54,2025.45,1893.28,1973.92" sx="M,M,F,M"/><TAIKYOKU oya="0"/><INIT seed="0,0,0,0,5,2" ten="250,250,250,250" oya="0" hai0="66,103,71,26,43,55,92,77,31,102,122,50,111" hai1="54,61,6,10,98,127,120,17,114,89,56,36,19" hai2="90,84,86,124,105,116,30,13,0,73,11,5,53" hai3="126,69,29,112,125,106,121,4,133,88,110,45,44"/><T7/><D122/><U48/><E36/><V52/><F105/><W119/><G29/><T62/><D77/><U78/><E114/><V135/><F73/><W28/><G28/><T18/><D18/><U100/><E120/><V58/><F135/><W104/><G121/><T75/><D75/><U22/><E127/><N who="3" m="48650" /><G119/><T33/><D92/><U91/><E78/><V113/><F113/><W131/><G112/><T83/><D83/><U109/><E109/><V94/><F124/><W64/><G110/><T59/><D111/><U37/><E19/><V46/><F30/><W38/><G38/><T23/><D23/><U14/><E37/><V93/><F116/><W68/><G64/><T3/><D43/><U47/><E98/><V134/><F134/><W15/><G133/><T129/><D129/><U67/><REACH who="1" step="1"/><E100/><REACH who="1" ten="250,240,250,250" step="2"/><V41/><F0/><AGARI ba="0,1" hai="0,6,10,14,17,22,47,48,54,56,61,67,89,91" machi="0" ten="30,8000,1" yaku="1,1,2,1,7,1,52,1,53,1" doraHai="2" doraHaiUra="35" who="1" fromWho="2" sc="250,0,240,90,250,-80,250,0" /><INIT seed="1,0,0,0,1,128" ten="250,330,170,250" oya="1" hai0="16,64,65,10,20,95,117,103,14,85,3,78,84" hai1="100,35,44,89,7,134,109,67,130,50,49,58,6" hai2="8,83,90,25,63,115,39,17,112,33,66,4,81" hai3="113,99,37,18,5,52,121,74,61,60,77,53,23"/><U120/><E35/><V24/><F39/><W9/><G121/><T76/><D117/><U123/><E130/><V132/><F132/><W124/><G113/><T102/><D3/><U36/><E100/><V106/><F106/><W118/><G118/><T101/><D10/><U46/><E46/><V131/><BYE who="1" /><F131/><W62/><G37/><T56/><D56/><UN n1="%E5%B0%B1%E6%B4%BB%E7%94%9F%40%E5%B7%9D%E6%9D%91%E8%BB%8D%E5%9B%A3" /><U79/><E79/><V111/><F111/><W105/><G124/><T11/><D11/><U29/><E44/><V27/><F33/><W92/><G105/><T72/><D72/><U116/><E29/><V12/><F17/><W93/><G77/><N who="0" m="29803" /><D95/><N who="3" m="36425" /><G99/><T135/><D135/><U31/><E31/><V108/><F108/><W28/><G74/><T13/><D13/><U129/><E134/><V19/><F4/><W122/><G122/><T96/><D96/><U38/><E129/><V68/><REACH who="2" step="1"/><F90/><REACH who="2" ten="250,330,160,250" step="2"/><W34/><G34/><T21/><D20/><U51/><E89/><V82/><AGARI ba="0,1" hai="8,12,19,24,25,27,63,66,68,81,82,83,112,115" machi="82" ten="40,8000,1" yaku="1,1,2,1,0,1,53,1" doraHai="128" doraHaiUra="59" who="2" fromWho="2" sc="250,-20,330,-40,160,90,250,-20" /><INIT seed="2,0,0,2,5,119" ten="230,290,250,230" oya="2" hai0="111,128,65,113,92,63,61,89,77,95,35,24,87" hai1="25,7,84,45,105,2,44,51,103,3,17,40,98" hai2="37,107,76,106,64,30,67,31,8,108,78,88,53" hai3="86,27,49,131,130,112,110,70,18,55,94,125,127"/><V26/><BYE who="1" /><F37/><UN n1="%E5%B0%B1%E6%B4%BB%E7%94%9F%40%E5%B7%9D%E6%9D%91%E8%BB%8D%E5%9B%A3" /><W43/><G70/><T100/><D113/><U54/><E7/><V5/><F108/><W69/><G69/><T72/><D111/><U81/><E25/><V47/><F107/><W41/><G110/><T134/><D72/><U10/><E10/><V133/><F133/><W123/><G112/><T132/><D77/><U56/><E44/><V32/><F106/><W126/><G86/><T21/><D35/><U46/><E45/><V101/><F101/><W60/><G94/><T99/><D63/><U57/><E56/><V75/><F31/><W73/><G73/><T97/><D87/><U59/><E59/><V120/><F75/><W39/><G18/><T20/><D20/><U50/><E17/><V12/><F120/><W80/><G80/><T121/><D121/><U34/><E34/><V23/><F32/><W115/><G123/><T0/><D0/><U85/><E85/><V114/><F114/><W96/><G60/><T90/><D100/><U109/><E109/><V116/><F116/><W135/><G115/><T71/><D128/><N who="3" m="49193" /><G27/><T16/><AGARI ba="0,0" hai="16,21,24,61,65,71,89,90,92,95,97,99,132,134" machi="16" ten="30,4000,0" yaku="0,1,9,1,54,1" doraHai="119" who="0" fromWho="0" sc="230,40,290,-10,250,-20,230,-10" /><INIT seed="3,0,0,2,3,16" ten="270,280,230,220" oya="3" hai0="56,18,65,21,95,89,109,66,62,27,125,25,33" hai1="75,3,128,112,119,64,55,72,86,68,48,29,78" hai2="6,5,115,133,60,52,122,80,22,43,118,42,61" hai3="127,90,39,32,120,132,88,54,92,79,108,38,93"/><W46/><G120/><T91/><D109/><U35/><E3/><V15/><F115/><W58/><G32/><T14/><D91/><U130/><E112/><V0/><F118/><W1/><G1/><T10/><D33/><U7/><E7/><N who="2" m="2571" /><F133/><W2/><G2/><T121/><D121/><U107/><E107/><V117/><F117/><W73/><G132/><T129/><D25/><U57/><E119/><V24/><F0/><W77/><G108/><T82/><D82/><N who="1" m="47447" /><E35/><V101/><F101/><W4/><G4/><T69/><D69/><U123/><E29/><N who="2" m="17559" /><F80/><W116/><G116/><T81/><D81/><U76/><E76/><N who="3" m="29258" /><G39/><T114/><D114/><U131/><E123/><V71/><F71/><W50/><G73/><T51/><D51/><U97/><E97/><V126/><F126/><W20/><G127/><T100/><D100/><U102/><E102/><V17/><F122/><W45/><G38/><T9/><D125/><U31/><E31/><V12/><F12/><W59/><G58/><T63/><D129/><U47/><E68/><V40/><F52/><W34/><G34/><T74/><D74/><N who="1" m="28203" /><E64/><V28/><F28/><W99/><G59/><AGARI ba="0,0" hai="47,48,55,57,59,128,130,131" m="28203,47447" machi="59" ten="40,1300,0" yaku="19,1" doraHai="16" who="1" fromWho="3" sc="270,0,280,13,230,0,220,-13" /><INIT seed="4,0,0,0,4,32" ten="270,293,230,207" oya="0" hai0="48,120,9,26,17,52,56,125,83,15,5,77,73" hai1="3,66,78,58,135,106,95,114,42,39,69,68,131" hai2="11,25,119,44,28,8,108,89,34,102,126,86,133" hai3="41,90,20,129,45,51,124,14,62,81,74,13,117"/><T121/><REACH who="0" step="1"/><D125/><REACH who="0" ten="260,293,230,207" step="2"/><U110/><E114/><V30/><F126/><W31/><G124/><T134/><D134/><U55/><E135/><V84/><F133/><W88/><G117/><T54/><D54/><U59/><E55/><V76/><F119/><W47/><G129/><T99/><D99/><U4/><E131/><V16/><F34/><W96/><G96/><T87/><D87/><U85/><E66/><V112/><F86/><W33/><G33/><T2/><D2/><U111/><E85/><V94/><F84/><W65/><G81/><T0/><D0/><U118/><E3/><V38/><F112/><W93/><G74/><T6/><D6/><U35/><E4/><V67/><F67/><W50/><G93/><T101/><D101/><U21/><E95/><V64/><F64/><W22/><G65/><T123/><D123/><U7/><E7/><V107/><F102/><W61/><G41/><T132/><D132/><U24/><E35/><V105/><F94/><W98/><G98/><T128/><D128/><U23/><E118/><V53/><F53/><W60/><G60/><T104/><D104/><U127/><E106/><V72/><F107/><W103/><G103/><T122/><D122/><U18/><E127/><V36/><F105/><W100/><G100/><T97/><D97/><U27/><E42/><V115/><F72/><W1/><G1/><T92/><D92/><U12/><E110/><V29/><F108/><W75/><G75/><T80/><D80/><U57/><E111/><V40/><F115/><W91/><G91/><T79/><D79/><U43/><E78/><RYUUKYOKU ba="0,1" sc="260,15,293,-15,230,-15,207,15" hai0="5,9,15,17,26,48,52,56,73,77,83,120,121" hai3="13,14,20,22,31,45,47,50,51,61,62,88,90" /><INIT seed="4,1,1,4,3,21" ten="275,278,215,222" oya="0" hai0="76,8,93,30,14,49,72,119,55,122,79,96,91" hai1="114,63,39,17,36,0,67,15,111,66,29,6,28" hai2="127,98,3,61,73,86,24,102,51,47,16,103,109" hai3="64,131,126,44,13,34,32,135,41,42,33,128,120"/><T117/><D122/><U2/><E111/><V90/><F3/><W7/><G120/><T107/><D107/><U116/><E116/><V129/><F73/><W118/><G118/><T94/><D79/><U121/><E121/><V92/><F129/><N who="3" m="49739" /><G135/><T100/><D72/><U22/><E114/><V69/><F109/><W53/><G126/><T4/><D76/><U81/><E66/><V11/><F127/><W84/><G64/><T43/><D43/><N who="3" m="16393" /><G84/><T112/><D30/><U23/><E81/><N who="2" m="49487" /><F61/><W95/><G95/><T57/><REACH who="0" step="1"/><D112/><REACH who="0" ten="265,278,215,222" step="2"/><U27/><E29/><V50/><F69/><W85/><G34/><T108/><D108/><U65/><E65/><V97/><F47/><W132/><G44/><T75/><D75/><U83/><E67/><V125/><F125/><W38/><G33/><T87/><AGARI ba="1,2" hai="4,8,14,49,55,57,87,91,93,94,96,100,117,119" machi="87" ten="20,3900,0" yaku="1,1,0,1,7,1,53,0" doraHai="21" doraHaiUra="25" who="0" fromWho="0" sc="265,62,278,-14,215,-14,222,-14" /><INIT seed="4,2,0,2,0,21" ten="327,264,201,208" oya="0" hai0="80,86,70,31,62,103,38,17,68,48,76,130,7" hai1="32,81,41,106,135,20,75,51,126,99,119,111,67" hai2="59,37,122,63,9,98,64,118,89,120,35,94,69" hai3="23,82,15,16,134,93,11,123,108,107,110,109,116"/><T117/><D38/><U27/><E32/><V100/><F37/><W4/><G107/><T5/><D117/><U42/><E119/><V95/><F118/><W30/><G116/><T72/><D130/><U25/><E111/><V14/><F35/><W8/><G134/><T131/><D131/><U97/><E126/><V26/><F69/><W78/><G123/><T55/><D31/><U40/><E135/><V129/><F129/><W1/><G93/><T127/><D127/><U52/><E67/><V105/><F105/><W43/><G43/><T92/><D17/><U84/><E75/><V114/><F114/><W71/><G71/><T54/><D54/><U133/><E20/><V65/><F65/><W45/><G45/><T49/><D49/><U61/><E61/><V24/><F122/><W0/><G30/><T112/><D112/><U79/><E133/><V29/><F29/><W10/><REACH who="3" step="1"/><G4/><REACH who="3" ten="327,264,201,198" step="2"/><T19/><D7/><U18/><E18/><N who="2" m="8527" /><F120/><W28/><G28/><T6/><D6/><U83/><E83/><V128/><F128/><W2/><G2/><T74/><D5/><U47/><E106/><V132/><F132/><W66/><G66/><T36/><D68/><U88/><E99/><AGARI ba="2,1" hai="24,26,59,63,64,89,94,95,98,99,100" m="8527" machi="99" ten="30,3900,0" yaku="8,1,52,2" doraHai="21" who="2" fromWho="1" sc="327,0,264,-45,201,55,198,0" /><INIT seed="5,0,0,4,0,77" ten="327,219,256,198" oya="1" hai0="70,103,6,17,105,93,132,96,88,51,131,122,1" hai1="84,87,16,101,63,75,52,80,9,110,33,24,30" hai2="106,34,5,15,108,49,94,54,18,127,104,119,99" hai3="117,129,13,36,11,85,0,29,126,97,124,109,61"/><U14/><E110/><V45/><F119/><W66/><G109/><T83/><D70/><U48/><E63/><V39/><F34/><W133/><G36/><T2/><D6/><U82/><E101/><V38/><F127/><W102/><G0/><T57/><D122/><U62/><E62/><V100/><F5/><W78/><G117/><T28/><D28/><U26/><E75/><V12/><F108/><W32/><G133/><T73/><D132/><U53/><E26/><V123/><F123/><W47/><G47/><T92/><D92/><U44/><E53/><V58/><F12/><W107/><G129/><T40/><D17/><U4/><E4/><V37/><REACH who="2" step="1"/><F45/><REACH who="2" ten="327,219,246,198" step="2"/><W121/><G121/><T64/><D131/><U130/><REACH who="1" step="1"/><E130/><REACH who="1" ten="327,209,246,198" step="2"/><V118/><F118/><W41/><G126/><T120/><D120/><U90/><E90/><V114/><F114/><W65/><G124/><T95/><D103/><U3/><E3/><V125/><F125/><W46/><G102/><N who="0" m="62663" /><D1/><U19/><E19/><V135/><F135/><W71/><G29/><T86/><D2/><U76/><E76/><V31/><F31/><W111/><G78/><N who="0" m="44495" /><D64/><U128/><E128/><V10/><AGARI ba="0,2" hai="10,15,18,37,38,39,49,54,58,94,99,100,104,106" machi="10" ten="30,2000,0" yaku="1,1,0,1,53,0" doraHai="77" doraHaiUra="59" who="2" fromWho="2" sc="327,-5,209,-10,246,40,198,-5" /><INIT seed="6,0,0,4,0,81" ten="322,199,286,193" oya="2" hai0="76,57,67,18,66,49,46,1,20,11,51,128,10" hai1="39,100,89,31,124,70,116,68,26,98,54,119,22" hai2="14,3,90,44,108,8,55,130,129,104,73,30,35" hai3="135,131,45,29,120,78,59,91,50,107,117,42,126"/><V4/><F104/><W115/><G107/><T96/><D1/><U122/><E39/><V23/><F73/><W86/><G117/><T6/><D6/><U123/><E124/><V84/><F108/><W83/><G120/><N who="1" m="46122" /><E54/><V113/><F113/><W80/><G126/><T47/><D128/><N who="2" m="49258" /><F35/><W74/><G131/><T118/><D118/><N who="1" m="45099" /><E89/><V112/><F112/><W48/><G135/><T94/><D76/><U32/><E32/><V9/><F30/><W75/><G115/><T61/><D66/><U25/><E25/><V105/><F23/><W16/><G29/><T37/><D37/><U93/><AGARI ba="0,0" hai="22,26,31,68,70,93,98,100" m="45099,46122" machi="93" ten="30,1100,0" yaku="13,1" doraHai="81" who="1" fromWho="1" sc="322,-3,199,11,286,-5,193,-3" /><INIT seed="7,0,0,1,1,91" ten="319,210,281,190" oya="3" hai0="19,130,73,65,3,2,41,88,63,33,98,68,128" hai1="45,61,25,9,87,59,20,92,134,117,50,51,90" hai2="8,32,76,129,40,53,109,47,132,74,131,111,57" hai3="18,46,126,49,7,102,100,113,14,67,66,71,106"/><W77/><G106/><T86/><D73/><U80/><E134/><V103/><F32/><W82/><G71/><T23/><D33/><U43/><E117/><V119/><F119/><W6/><G126/><T29/><D29/><N who="1" m="17575" /><E50/><N who="2" m="26983" /><F8/><N who="3" m="6471" /><G113/><T114/><D98/><U35/><E35/><V135/><F76/><W69/><G69/><T84/><D84/><U1/><E1/><V62/><F103/><N who="3" m="39467" /><G82/><N who="0" m="49239" /><D41/><U24/><E24/><V85/><F85/><W30/><G30/><T22/><D22/><U108/><E108/><N who="2" m="41547" /><F74/><W13/><G77/><T83/><D83/><U127/><E127/><V105/><F105/><W101/><N who="3" m="39475" /><W48/><DORA hai="112" /><G13/><N who="0" m="9711" /><D114/><U133/><E133/><AGARI ba="0,0" hai="53,57,62,129,131,132,133,135" m="41547,26983" machi="133" ten="30,3900,0" yaku="20,1,34,2" doraHai="91,112" who="2" fromWho="1" sc="319,0,210,-39,281,39,190,0" owari="319,12.0,171,-33.0,320,42.0,190,-21.0" /></mjloggm>