<mjloggm ver="2.3"><GO type="169" lobby="0"/><UN n0="%E3%81%8B%E3%81%97%E3%81%8B%E3%81%8A" n1="%E3%82%A6%E3%83%AB%E3%83%88%E3%83%A9%E7%AB%8B%E7%9B%B4" n2="%6E%61%63%6F%6D%61%69%69" n3="%E3%83%8B%E3%83%A3%E3%83%83%E3%83%94%E3%83%BC%E5%A4%8F%E7%9B%AE" dan="16,17,16,17" rate="2137.83,2211.36,2087.16,2177.39" sx="M,M,F,M"/><TAIKYOKU oya="0"/><INIT seed="0,0,0,2,1,35" ten="250,250,250,250" oya="0" hai0="118,18,81,114,53,60,61,76,54,28,120,113,26" hai1="72,90,83,25,89,69,2,96,31,127,15,8,128" hai2="70,123,103,57,51,10,64,13,110,34,9,67,87" hai3="12,14,46,44,58,32,55,105,62,111,78,95,132"/><T71/><D120/><U50/><E69/><V29/><F123/><W24/><G105/><T45/><D118/><U77/><E127/><V100/><F70/><W117/><G117/><T11/><D114/><U129/><E50/><V93/><F34/><W39/><G39/><T66/><D113/><U33/><E96/><V124/><F29/><W3/><G3/><T86/><D61/><U41/><E41/><V91/><F124/><W22/><G32/><T6/><D18/><U43/><E43/><V21/><F10/><W80/><G111/><T42/><D26/><U88/><REACH who="1" step="1"/><E2/><REACH who="1" ten="250,240,250,250" step="2"/><V121/><F51/><W52/><G46/><T134/><D134/><U73/><E73/><V107/><F121/><W7/><G44/><T94/><D28/><U47/><E47/><V19/><F110/><W23/><G132/><T37/><REACH who="0" step="1"/><D94/><REACH who="0" ten="240,240,250,250" step="2"/><U59/><E59/><V104/><F57/><W75/><G95/><T115/><D115/><U85/><E85/><V109/><F109/><W92/><G92/><T74/><D74/><U122/><E122/><V119/><F119/><W56/><G56/><T131/><D131/><U40/><E40/><V20/><F107/><W97/><G75/><T5/><D5/><AGARI ba="0,2" hai="5,8,15,25,31,33,72,77,83,88,89,90,128,129" machi="5" ten="40,2600,0" yaku="1,1,54,1,53,0" doraHai="35" doraHaiUra="16" who="1" fromWho="0" sc="240,-26,240,46,250,0,250,0" /><INIT seed="1,0,0,4,2,23" ten="214,286,250,250" oya="1" hai0="75,67,66,24,113,16,22,69,82,50,133,119,99" hai1="32,128,120,54,2,58,72,40,112,33,84,60,13" hai2="122,89,103,111,1,21,95,55,71,59,83,86,109" hai3="110,135,73,35,9,29,116,48,92,107,125,14,28"/><U115/><E72/><V26/><F71/><W7/><G107/><T37/><D37/><U130/><E2/><V49/><F1/><W41/><G73/><T104/><D119/><U85/><E120/><V44/><F122/><W97/><G116/><T70/><D113/><U25/><E13/><V117/><F117/><W96/><G110/><T93/><D104/><U18/><E40/><V121/><F121/><W17/><G135/><T87/><D75/><U57/><E18/><V38/><F38/><W56/><G125/><T5/><D5/><U108/><E108/><V4/><F4/><W61/><G7/><T0/><D0/><U65/><E54/><V102/><F109/><W43/><G35/><T12/><D133/><U74/><E74/><V68/><F68/><W3/><G3/><T78/><D69/><U63/><REACH who="1" step="1"/><E65/><REACH who="1" ten="214,276,250,250" step="2"/><V52/><F111/><W79/><G43/><T134/><D134/><U51/><E51/><N who="2" m="31231" /><F83/><W91/><G48/><T129/><D129/><U46/><E46/><V45/><F44/><W19/><G41/><T47/><D12/><U62/><E62/><V132/><F132/><W88/><G61/><T124/><D124/><U30/><E30/><AGARI ba="0,1" hai="21,26,30,45,49,52,86,89,95,102,103" m="31231" machi="30" ten="30,3900,0" yaku="8,1,52,1,54,1" doraHai="23" who="2" fromWho="1" sc="214,0,276,-39,250,49,250,0" /><INIT seed="2,0,0,3,3,91" ten="214,237,299,250" oya="2" hai0="6,30,92,7,3,79,59,73,0,118,86,55,38" hai1="70,22,128,82,78,83,21,47,119,89,81,39,95" hai2="120,94,90,131,1,134,14,57,123,50,85,46,112" hai3="72,135,40,36,53,11,117,88,16,87,100,60,132"/><V67/><F112/><W64/><G72/><T43/><D118/><U129/><E70/><V45/><F1/><W26/><G100/><T66/><D66/><U127/><E119/><V15/><F134/><N who="3" m="51243" /><G117/><T109/><D30/><U20/><E127/><V12/><F131/><N who="1" m="50249" /><E47/><V54/><REACH who="2" step="1"/><F67/><REACH who="2" ten="214,237,289,250" step="2"/><W74/><G64/><T24/><D0/><U133/><E133/><V62/><F62/><W97/><G60/><T108/><D3/><U104/><E104/><V107/><F107/><W96/><G74/><T115/><D73/><N who="1" m="43215" /><E39/><V122/><AGARI ba="0,1" hai="12,14,15,45,46,50,54,57,85,90,94,120,122,123" machi="122" ten="40,12000,1" yaku="1,1,0,1,52,1,53,1" doraHai="91" doraHaiUra="49" who="2" fromWho="2" sc="214,-40,237,-40,289,130,250,-40" /><INIT seed="2,1,0,0,1,49" ten="174,197,419,210" oya="2" hai0="128,113,47,87,57,45,85,80,96,106,24,58,124" hai1="117,103,89,61,53,112,8,13,118,115,64,109,68" hai2="134,52,92,83,3,30,20,102,2,38,114,42,104" hai3="116,88,41,16,90,39,79,6,135,28,76,133,11"/><V9/><F114/><W101/><G28/><T7/><D113/><U21/><E109/><V37/><F104/><W34/><G34/><T15/><D128/><U131/><E131/><V32/><F32/><W65/><G101/><T66/><D124/><U71/><E71/><V43/><F83/><W125/><G116/><T82/><D24/><U69/><E69/><V67/><F67/><W97/><G125/><T121/><D121/><U14/><E115/><V108/><F9/><W22/><G65/><T51/><D96/><U93/><E103/><V111/><F92/><N who="3" m="56455" /><G90/><T120/><D106/><U95/><E112/><V23/><F102/><W18/><G41/><T70/><D70/><U77/><E77/><N who="3" m="29770" /><G22/><T130/><D130/><U35/><E35/><V62/><F30/><W123/><G39/><T84/><D120/><U107/><E107/><V5/><F5/><W105/><G105/><T1/><D1/><U50/><E89/><V127/><F127/><W78/><G78/><T91/><D91/><U81/><E81/><V129/><F129/><W26/><G26/><T56/><D66/><U31/><E95/><V19/><F3/><N who="3" m="479" /><G123/><T94/><D94/><U73/><E93/><V74/><F74/><W122/><G122/><T60/><D60/><U48/><E73/><V119/><F2/><W25/><G25/><T55/><D47/><N who="1" m="27807" /><E31/><V59/><F119/><N who="1" m="45577" /><E8/><AGARI ba="1,0" hai="7,8,15,45,51,55,56,57,58,80,82,84,85,87" machi="8" ten="40,2600,0" yaku="8,1,52,1" doraHai="49" who="0" fromWho="1" sc="174,29,197,-29,419,0,210,0" /><INIT seed="3,0,0,0,0,41" ten="203,168,419,210" oya="3" hai0="9,99,132,31,121,77,106,75,44,67,69,3,36" hai1="125,47,102,87,51,122,59,32,131,58,68,104,73" hai2="91,113,80,55,30,84,88,114,21,107,70,126,23" hai3="134,17,29,11,135,92,129,127,105,66,53,19,85"/><W119/><G105/><T118/><D121/><U26/><E73/><V86/><F70/><W60/><G119/><T64/><D118/><U38/><E122/><V12/><F107/><W0/><G29/><T5/><D31/><U15/><E68/><V120/><F126/><W52/><G127/><T42/><D132/><N who="3" m="50729" /><G129/><T49/><D49/><U56/><E131/><V10/><F120/><W101/><G0/><T130/><D130/><U54/><E125/><V65/><F65/><W8/><G8/><T128/><D128/><U6/><E38/><V103/><F103/><W50/><G11/><T62/><D67/><U78/><E104/><V1/><F1/><W2/><G2/><T100/><D77/><U24/><E102/><V115/><F30/><W39/><G39/><T74/><AGARI ba="0,0" hai="3,5,9,36,42,44,62,64,69,74,75,99,100,106" machi="74" ten="30,8000,1" yaku="0,1,33,3,52,1" doraHai="41" who="0" fromWho="0" sc="203,80,168,-20,419,-20,210,-40" /><INIT seed="4,0,0,3,3,27" ten="283,148,399,170" oya="0" hai0="91,87,118,33,82,111,112,122,53,43,77,135,68" hai1="94,49,99,23,85,66,47,89,37,35,12,42,52" hai2="54,97,8,92,40,56,132,31,96,109,107,108,1" hai3="129,19,14,3,105,120,121,64,131,63,58,93,72"/><T110/><D33/><U24/><E35/><V48/><F107/><W11/><G105/><T123/><D68/><U22/><E66/><V10/><F97/><W75/><G3/><T74/><D43/><U50/><E37/><V21/><F132/><W84/><G84/><T73/><D53/><U0/><E0/><V98/><F98/><W44/><G93/><T115/><D135/><U114/><E114/><N who="0" m="43561" /><D77/><U100/><E12/><V67/><F67/><W57/><G44/><T39/><D39/><U71/><E71/><V18/><F1/><W113/><G57/><T124/><D124/><U88/><E89/><V80/><F80/><W29/><G113/><T128/><D128/><N who="3" m="49225" /><G29/><T9/><D9/><U7/><E24/><V34/><F34/><W45/><G45/><T17/><D17/><U76/><E7/><V6/><F31/><W127/><G127/><T134/><D134/><U79/><E76/><V30/><F30/><W130/><G130/><T102/><D102/><U51/><E79/><V28/><F28/><W32/><G32/><T104/><D104/><U81/><E42/><V95/><F40/><W59/><G59/><T62/><D62/><U119/><E119/><V60/><F60/><W16/><G19/><T61/><D61/><U70/><E70/><V2/><F10/><W90/><G90/><T15/><D15/><U117/><E117/><V83/><F18/><W13/><G13/><T5/><D5/><U116/><E116/><V4/><F6/><W55/><G55/><T20/><D118/><U41/><E41/><V106/><F4/><W125/><G125/><RYUUKYOKU ba="0,0" sc="283,-15,148,15,399,-15,170,15" hai1="22,23,47,49,50,51,52,81,85,88,94,99,100" hai3="11,14,16,58,63,64,72,75,120,121" /><INIT seed="5,1,0,3,0,109" ten="268,163,384,185" oya="1" hai0="24,10,87,88,13,116,81,32,129,44,4,14,33" hai1="112,106,43,64,29,60,18,127,100,69,113,21,3" hai2="54,16,128,135,104,105,65,119,40,59,1,84,20" hai3="15,46,30,63,107,108,77,25,26,35,0,114,86"/><U55/><E3/><V120/><F1/><W98/><G0/><T95/><D116/><U121/><E121/><V12/><F119/><W38/><G108/><T7/><D129/><U74/><E74/><V110/><F135/><W85/><G114/><N who="1" m="44138" /><E127/><V96/><F110/><W102/><G26/><T126/><D126/><U17/><E43/><V52/><F128/><W123/><G123/><T118/><D118/><U133/><E133/><V70/><F70/><W91/><G77/><T78/><D44/><U31/><E55/><V99/><F40/><W92/><G63/><T80/><D24/><N who="1" m="14391" /><E17/><V79/><F54/><W27/><G27/><T11/><D81/><U115/><N who="1" m="44146" /><U66/><DORA hai="58" /><E66/><V75/><F65/><W5/><G46/><T117/><D117/><U28/><E106/><V6/><F105/><W57/><G38/><T51/><REACH who="0" step="1"/><D51/><REACH who="0" ten="258,163,384,185" step="2"/><U45/><E45/><V37/><F37/><W39/><G39/><T42/><D42/><U49/><E100/><V103/><F103/><W101/><G101/><T61/><D61/><U89/><E89/><V36/><F36/><W19/><G102/><T73/><AGARI ba="1,1" hai="4,7,10,11,13,14,32,33,73,78,80,87,88,95" machi="73" ten="20,8000,1" yaku="1,1,0,1,7,1,9,1,54,1,53,0" doraHai="109,58" doraHaiUra="93,132" who="0" fromWho="0" sc="258,93,163,-41,384,-21,185,-21" /><INIT seed="6,0,0,0,2,76" ten="351,122,363,164" oya="2" hai0="81,35,52,8,123,5,34,70,53,135,15,80,49" hai1="113,73,1,16,133,77,57,2,114,28,99,37,103" hai2="0,98,51,69,13,26,104,83,23,24,22,82,40" hai3="109,48,68,94,18,46,71,100,78,38,61,85,130"/><V7/><F69/><W127/><G38/><T66/><D123/><U105/><E37/><V64/><F0/><W97/><G109/><T116/><D135/><U10/><E28/><V62/><F104/><W132/><G132/><T120/><D120/><U129/><E57/><N who="2" m="36943" /><F98/><W131/><G127/><T87/><D116/><U134/><E134/><V91/><F91/><W79/><G18/><T65/><D70/><U101/><E101/><V45/><F13/><W122/><G122/><T36/><D36/><U14/><E133/><V86/><F86/><W47/><G47/><T42/><D35/><U63/><E63/><V115/><F7/><W33/><G33/><T41/><D34/><U121/><E121/><V88/><F88/><W25/><G25/><N who="2" m="9833" /><F115/><N who="1" m="44041" /><E129/><N who="3" m="49162" /><G61/><T11/><D87/><U21/><E1/><V128/><F128/><W60/><G60/><T59/><D11/><U117/><E2/><V111/><F111/><W3/><G3/><T107/><D107/><U32/><E32/><V9/><F9/><W118/><G118/><T89/><D89/><U110/><E117/><V84/><F84/><W58/><G79/><T20/><D65/><U90/><E110/><V75/><F75/><W6/><G6/><T102/><D66/><U44/><E90/><V29/><F29/><W119/><G119/><T108/><D108/><U93/><E10/><V43/><F43/><N who="0" m="16394" /><D102/><U39/><E73/><V50/><F50/><W126/><G126/><T55/><D20/><AGARI ba="0,0" hai="20,22,23,40,45,51,82,83" m="9833,36943" machi="20" ten="30,5800,0" yaku="8,1,52,2" doraHai="76" who="2" fromWho="0" sc="351,-58,122,0,363,58,164,0" /><INIT seed="6,1,0,5,0,116" ten="293,122,421,164" oya="2" hai0="92,46,24,14,7,117,33,31,59,105,5,111,124" hai1="133,37,55,131,10,44,19,113,70,51,76,34,93" hai2="126,0,120,29,36,8,118,123,17,30,40,39,21" hai3="79,77,125,104,128,68,95,48,26,115,23,80,42"/><V98/><F40/><W49/><G104/><T58/><D105/><U71/><E34/><V90/><F118/><W69/><G128/><T57/><D117/><U11/><E131/><V82/><F98/><W91/><G125/><T45/><D111/><U74/><E113/><V89/><F82/><W25/><G115/><T129/><D129/><U22/><E133/><V18/><F21/><W61/><G42/><T135/><D135/><U112/><E112/><V122/><F8/><W83/><G23/><T72/><D72/><U109/><E109/><V67/><F67/><W50/><G61/><T114/><D114/><U102/><E37/><N who="2" m="14411" /><F0/><W60/><G60/><T13/><D124/><U6/><E11/><V132/><F132/><W64/><G64/><T108/><D108/><U56/><E56/><V20/><F20/><W78/><G95/><T66/><D66/><U9/><E9/><V52/><F52/><W94/><G94/><T84/><D92/><U110/><E110/><V38/><F38/><W54/><G54/><T32/><D84/><U119/><E119/><V96/><F96/><W63/><G63/><T100/><D100/><U101/><E10/><V88/><F126/><W16/><G91/><T43/><D33/><U41/><E6/><N who="0" m="2057" /><D43/><U15/><E41/><V47/><F47/><W130/><G130/><T35/><D35/><U2/><E2/><V121/><N who="2" m="30720" /><DORA hai="127" /><V134/><F134/><W81/><G16/><AGARI ba="1,0" hai="16,17,18,29,30,88,89,90" m="30720,14411" machi="16" ten="70,24000,3" yaku="28,2,52,4,54,2" doraHai="116,127" who="2" fromWho="3" sc="293,0,122,0,421,243,164,-243" owari="293,9.0,122,-28.0,664,77.0,-79,-58.0" /></mjloggm>