<mjloggm ver="2.3"><GO type="169" lobby="0"/><UN n0="%E3%81%AE%E3%81%A9%E3%81%94%E3%81%97%E3%80%88%E7%94%9F%E3%80%89" n1="%6E%61%6B%61%6A%75%75%6E" n2="%E3%83%8F%E3%82%A4%E3%83%86%E3%83%B3%E3%83%9C%E3%83%BC" n3="%E3%82%A6%E3%83%AB%E3%83%88%E3%83%A9%E7%AB%8B%E7%9B%B4" dan="16,19,16,16" rate="2054.99,2330.13,2144.88,2115.95" sx="M,M,M,M"/><TAIKYOKU oya="0"/><INIT seed="0,0,0,2,5,102" ten="250,250,250,250" oya="0" hai0="96,37,30,57,1,84,110,87,131,111,38,49,32" hai1="99,29,2,63,94,20,113,12,24,124,69,135,56" hai2="35,118,44,16,52,125,54,97,0,80,5,48,47" hai3="83,112,19,86,106,36,41,116,58,67,73,68,14"/><T133/><D1/><U132/><E2/><V85/><F35/><W126/><G112/><T21/><D32/><U23/><E113/><V66/><F125/><W4/><G73/><T109/><D96/><U130/><E130/><V22/><F118/><W117/><G68/><T55/><D133/><U98/><E124/><V134/><F66/><W26/><G126/><T88/><D84/><U13/><E69/><V92/><F5/><W25/><G106/><T45/><D30/><U17/><E12/><V3/><F134/><N who="1" m="51241" /><E94/><V101/><F54/><AGARI ba="0,0" hai="13,17,20,23,24,29,54,56,63,98,99" m="51241" machi="54" ten="30,1000,0" yaku="20,1" doraHai="102" who="1" fromWho="2" sc="250,0,250,10,250,-10,250,0" /><INIT seed="1,0,0,0,5,115" ten="250,260,240,250" oya="1" hai0="47,37,91,6,104,60,62,53,133,73,103,58,126" hai1="119,93,10,42,22,94,85,84,110,124,116,46,70" hai2="9,106,135,100,113,19,4,23,65,101,40,24,20" hai3="17,90,99,111,75,95,8,49,131,5,1,35,25"/><U26/><E70/><V12/><F113/><W127/><G75/><T82/><D6/><U83/><E10/><V66/><F135/><W45/><G111/><T117/><D104/><U80/><E110/><V81/><F40/><W130/><G127/><T31/><D103/><N who="2" m="39498" /><F106/><W76/><G76/><T29/><D62/><U28/><E124/><V48/><F48/><W134/><G134/><T2/><D2/><U78/><E93/><V38/><F38/><W59/><G59/><T67/><D133/><U118/><E94/><V30/><F81/><W34/><G17/><T64/><D126/><U61/><E61/><V123/><F123/><W128/><REACH who="3" step="1"/><G25/><AGARI ba="0,0" hai="4,9,12,19,20,23,24,25,30,65,66" m="39498" machi="25" ten="30,1000,0" yaku="8,1" doraHai="115" who="2" fromWho="3" sc="250,0,260,0,240,10,250,-10" /><INIT seed="2,0,0,2,3,66" ten="250,260,250,240" oya="2" hai0="31,23,105,98,90,128,7,107,77,20,97,134,16" hai1="17,9,108,87,11,10,34,101,94,100,39,29,103" hai2="96,61,36,4,117,92,12,71,74,119,14,91,65" hai3="82,121,123,120,93,35,47,18,52,112,113,45,75"/><V115/><F74/><W50/><G35/><T126/><D77/><U130/><E39/><V67/><F115/><N who="3" m="44107" /><G93/><T76/><D76/><U3/><E108/><V6/><F36/><W72/><G82/><T132/><D7/><U59/><E130/><V48/><F67/><W122/><N who="3" m="30720" /><DORA hai="8" /><W109/><G109/><T24/><D128/><U33/><E3/><V102/><F102/><W106/><G106/><T129/><D129/><U27/><E34/><V13/><REACH who="2" step="1"/><F48/><REACH who="2" ten="250,260,240,240" step="2"/><N who="3" m="28687" /><G18/><T85/><D16/><U25/><E103/><V133/><F133/><W37/><G37/><T56/><D132/><U86/><E101/><V63/><F63/><W68/><G68/><T127/><D134/><U104/><E100/><V125/><F125/><W116/><G116/><AGARI ba="0,1" hai="4,6,12,13,14,61,65,71,91,92,96,116,117,119" machi="116" ten="40,12000,1" yaku="1,1,52,4,53,0" doraHai="66,8" doraHaiUra="55,46" who="2" fromWho="3" sc="250,0,260,0,240,130,240,-120" /><INIT seed="2,1,0,5,1,47" ten="250,260,370,120" oya="2" hai0="118,127,27,60,69,65,1,74,63,55,44,128,53" hai1="78,109,123,29,112,4,86,117,0,106,10,125,129" hai2="61,45,43,91,25,6,35,48,59,2,120,20,30" hai3="49,5,72,85,116,56,17,24,68,121,135,83,7"/><V19/><F120/><W95/><G68/><T54/><BYE who="3" /><D74/><U22/><E86/><V26/><F2/><UN n3="%E3%82%A6%E3%83%AB%E3%83%88%E3%83%A9%E7%AB%8B%E7%9B%B4" /><W21/><G121/><T14/><D1/><U28/><E78/><V84/><F6/><W66/><G116/><T107/><D107/><U111/><E106/><V81/><F35/><W39/><G39/><T133/><D27/><N who="1" m="16503" /><E123/><V34/><F34/><W23/><G135/><T37/><D14/><U73/><E73/><V16/><F26/><W134/><G134/><T101/><D101/><U71/><E71/><V122/><F122/><W90/><G72/><T8/><D8/><U38/><E38/><V79/><F79/><W88/><G23/><T110/><D133/><U115/><E117/><V113/><F113/><N who="1" m="43593" /><E29/><V126/><F126/><W57/><G57/><T96/><D96/><U99/><E99/><V75/><F75/><W64/><G64/><AGARI ba="1,0" hai="16,19,20,25,30,43,45,48,59,61,64,81,84,91" machi="64" ten="30,11600,0" yaku="7,1,8,1,52,1,54,1" doraHai="47" who="2" fromWho="3" sc="250,0,260,0,370,119,120,-119" /><INIT seed="2,2,0,1,4,1" ten="250,260,489,1" oya="2" hai0="69,49,33,38,74,12,82,120,135,121,53,39,9" hai1="112,126,58,32,100,78,0,83,6,105,96,40,62" hai2="79,34,48,21,118,85,84,97,20,5,107,29,87" hai3="101,77,65,104,54,122,106,115,2,10,94,91,44"/><V93/><F118/><W75/><G65/><T27/><D69/><U70/><E112/><V28/><F107/><W125/><G54/><T71/><D71/><U64/><E32/><V18/><F34/><W130/><G44/><T95/><D95/><U57/><E40/><V103/><F79/><W111/><G106/><T22/><D33/><U14/><E126/><V76/><F76/><W86/><G122/><T67/><D67/><U99/><E14/><V114/><F114/><W31/><G31/><T61/><D61/><U47/><E47/><V92/><F92/><W4/><G125/><T16/><D82/><U102/><E6/><V19/><F5/><W131/><G115/><T26/><D26/><U134/><E0/><V63/><F48/><W36/><G36/><T133/><D74/><U116/><E116/><V80/><F63/><W56/><G56/><N who="0" m="32815" /><D39/><U17/><E17/><V51/><F51/><W109/><G77/><T25/><D25/><U132/><E99/><V90/><F80/><W45/><G45/><T11/><D11/><U117/><E100/><V66/><F66/><W15/><G75/><T52/><D52/><U55/><E117/><V108/><F103/><W23/><G23/><N who="2" m="8777" /><F108/><N who="3" m="41547" /><G2/><T60/><D60/><N who="1" m="35903" /><E70/><V73/><F73/><W110/><N who="3" m="41555" /><W123/><DORA hai="88" /><G123/><N who="0" m="47179" /><D38/><U119/><E119/><V68/><F68/><W7/><G7/><T59/><D59/><U113/><E113/><V35/><F35/><W128/><G104/><T124/><D124/><U37/><E37/><V8/><F8/><N who="3" m="4487" /><G101/><T41/><D41/><U89/><E78/><V3/><F3/><RYUUKYOKU ba="2,0" sc="250,0,260,0,489,0,1,0" hai0="9,12,16,22,27,133,135" hai1="58,62,64,83,89,96,102,105,132,134" hai2="18,19,28,29,84,85,87,90,93,97" hai3="10,86,91,94,128,130,131" /><INIT seed="2,3,0,1,0,50" ten="250,260,489,1" oya="2" hai0="106,71,37,116,103,118,135,114,21,0,31,14,64" hai1="59,1,82,4,104,28,79,91,29,121,133,105,58" hai2="22,24,75,32,20,101,12,7,111,9,62,67,8" hai3="41,63,52,102,84,10,100,34,46,42,66,89,119"/><V39/><F75/><W48/><G34/><T108/><D37/><U128/><E128/><V110/><F39/><W81/><G119/><T130/><D0/><U15/><E1/><V23/><F101/><N who="3" m="39019" /><G10/><T54/><D103/><U95/><E133/><V19/><F62/><W74/><G74/><T86/><D106/><U65/><E105/><V97/><F97/><W26/><G26/><T115/><D86/><N who="1" m="48479" /><E104/><V122/><F67/><W125/><G125/><T69/><D64/><U40/><E40/><V78/><F78/><W60/><G66/><T13/><D21/><U36/><E36/><V124/><F124/><W98/><G98/><T76/><D76/><U94/><E121/><V53/><F122/><W113/><G113/><T117/><D117/><U123/><E123/><V17/><F32/><W51/><G41/><T6/><D6/><U109/><E109/><N who="2" m="41483" /><F53/><W49/><G51/><T126/><D108/><U96/><E65/><V38/><F38/><W30/><G30/><N who="1" m="11882" /><E94/><V70/><F70/><W72/><G72/><T11/><D126/><U44/><E96/><V25/><F25/><W93/><G93/><T129/><D31/><U33/><E95/><V80/><F80/><W61/><G61/><T107/><D107/><U43/><E33/><V88/><F88/><W99/><G99/><T120/><D120/><U2/><E91/><V134/><F134/><W27/><G27/><T131/><D131/><U87/><E2/><AGARI ba="3,0" hai="2,7,8,9,12,17,19,20,22,23,24" m="41483" machi="2" ten="30,11600,0" yaku="14,1,10,1,34,2" doraHai="50" who="2" fromWho="1" sc="250,0,260,-125,489,125,1,0" /><INIT seed="2,4,0,1,0,48" ten="250,135,614,1" oya="2" hai0="64,56,30,0,17,57,73,112,108,47,33,39,21" hai1="78,75,82,85,9,90,13,58,96,83,70,15,135" hai2="26,7,132,69,115,133,134,109,12,120,126,10,28" hai3="94,68,23,63,131,130,11,4,77,110,76,59,98"/><V106/><F69/><W53/><G68/><T8/><D73/><U62/><E70/><V123/><F106/><W89/><G23/><T25/><D64/><U54/><E135/><V52/><F115/><W97/><G97/><T113/><D108/><U18/><E96/><V71/><F71/><W121/><G121/><T102/><D102/><U19/><REACH who="1" step="1"/><E15/><REACH who="1" ten="250,125,614,1" step="2"/><V6/><F123/><W107/><G107/><T24/><D112/><U20/><E20/><V129/><F120/><W84/><G110/><T50/><D113/><U16/><AGARI ba="4,1" hai="9,13,16,18,19,54,58,62,75,78,82,83,85,90" machi="16" ten="20,12000,2" yaku="1,1,0,1,7,1,52,1,54,1,53,1" doraHai="48" doraHaiUra="87" who="1" fromWho="1" sc="250,-34,125,142,614,-64,1,-34" owari="216,-18.0,267,7.0,550,64.0,-33,-53.0" /></mjloggm>