<mjloggm ver="2.3"><GO type="169" lobby="0"/><UN n0="%E3%81%AB%E3%81%9B%E6%82%9F%E7%A9%BA" n1="%E3%83%88%E3%83%88%E3%83%AA%E5%85%88%E7%94%9F%31%39%E6%AD%B3" n2="%28%EF%BC%BE%CF%89%EF%BC%BE%29%E3%81%8A%E3%81%89%E3%82%93" n3="%E5%A3%87%E2%98%86%E8%9C%9C" dan="16,18,16,16" rate="2144.12,2200.39,2187.66,2088.18" sx="M,F,F,M"/><TAIKYOKU oya="0"/><INIT seed="0,0,0,4,2,19" ten="250,250,250,250" oya="0" hai0="62,6,105,92,26,93,133,82,86,4,22,28,14" hai1="134,66,44,76,46,15,47,17,118,121,96,84,131" hai2="90,37,9,34,112,98,77,50,99,63,65,68,29" hai3="67,89,85,115,2,27,119,132,111,72,32,25,128"/><T75/><D105/><U5/><E118/><V114/><F37/><W106/><RYUUKYOKU type="yao9" ba="0,0" sc="250,0,250,0,250,0,250,0" hai3="2,25,27,32,67,72,85,89,106,111,115,119,128,132" /><INIT seed="0,1,0,4,3,121" ten="250,250,250,250" oya="0" hai0="45,105,4,66,117,79,34,47,41,20,126,86,69" hai1="24,132,10,59,110,11,109,114,54,77,1,37,43" hai2="125,46,17,14,94,85,16,102,108,63,95,31,28" hai3="36,49,32,29,135,3,72,18,44,116,98,61,87"/><T107/><D34/><U8/><E132/><V113/><F113/><W118/><G72/><T103/><D117/><U100/><E114/><V22/><F125/><W42/><G3/><T38/><D126/><U88/><E77/><V80/><F108/><N who="1" m="41577" /><E100/><V7/><F7/><W60/><G135/><T91/><D79/><U111/><N who="1" m="41585" /><U67/><DORA hai="129" /><E67/><V6/><F6/><W134/><G134/><T130/><D107/><U112/><E112/><V39/><F39/><W5/><G36/><T27/><D105/><U55/><E1/><V131/><F131/><W50/><G5/><T30/><D103/><U40/><E37/><V78/><F46/><W58/><G44/><T81/><D66/><U52/><E59/><V119/><F119/><W120/><G58/><T90/><D38/><U21/><E88/><V124/><F102/><W9/><G118/><T25/><D91/><U70/><E70/><V122/><F124/><W57/><G57/><T75/><D90/><U115/><E115/><V123/><F123/><W74/><G120/><T99/><D69/><U65/><E65/><V15/><F122/><W96/><G116/><T128/><D128/><U23/><E23/><N who="2" m="11671" /><F63/><W12/><G61/><T76/><D130/><U0/><E0/><V93/><AGARI ba="1,0" hai="15,17,22,28,31,78,80,85,93,94,95" m="11671" machi="93" ten="30,2000,0" yaku="8,1,54,1" doraHai="121,129" who="2" fromWho="2" sc="250,-11,250,-6,250,23,250,-6" /><INIT seed="1,0,0,3,5,11" ten="239,244,273,244" oya="1" hai0="10,48,31,135,16,98,91,36,76,102,68,50,17" hai1="118,26,131,67,97,37,87,59,63,82,100,133,96" hai2="47,134,105,52,62,81,72,79,119,40,15,12,114" hai3="112,5,35,116,54,3,113,74,42,57,44,111,73"/><U122/><E118/><V92/><F105/><W78/><G35/><T6/><D36/><U86/><E122/><V126/><F119/><W46/><G111/><T30/><D68/><U89/><E37/><V64/><F126/><W20/><G20/><T58/><D135/><U124/><E133/><V39/><F114/><W13/><G116/><T22/><D76/><U4/><E124/><V75/><F75/><W83/><G74/><T117/><D117/><U53/><E131/><V107/><F107/><W103/><G103/><T125/><D125/><U21/><E4/><V1/><F1/><W65/><G65/><T60/><D91/><U45/><E100/><V66/><F66/><W77/><G77/><T127/><D127/><U24/><E24/><V70/><F134/><W95/><G95/><N who="0" m="58719" /><D6/><U7/><E7/><V56/><F92/><W41/><G3/><T120/><D10/><U123/><E123/><V14/><F14/><W132/><G132/><T33/><D33/><U109/><E109/><V51/><AGARI ba="0,0" hai="12,15,39,40,47,51,52,56,62,64,70,72,79,81" machi="51" ten="20,12000,2" yaku="0,1,7,1,24,2,52,2,54,1" doraHai="11" who="2" fromWho="2" sc="239,-30,244,-60,273,120,244,-30" /><INIT seed="2,0,0,5,1,58" ten="209,184,393,214" oya="2" hai0="37,61,120,48,70,42,74,46,15,52,29,49,59" hai1="101,75,98,44,36,35,89,96,121,91,118,102,56" hai2="4,129,108,119,87,127,1,99,32,112,8,51,22" hai3="86,3,11,23,65,5,105,2,85,73,125,47,81"/><V67/><F32/><W95/><G105/><T24/><D74/><U84/><E35/><V7/><F112/><W122/><G2/><T104/><D104/><U133/><E118/><V117/><F127/><W92/><G122/><T0/><D0/><U10/><E75/><V19/><F7/><W130/><G130/><T53/><D120/><U111/><E121/><V82/><F129/><W110/><G110/><T54/><D15/><U26/><E111/><V80/><F80/><W57/><G23/><T83/><D83/><U55/><E133/><V103/><F67/><W20/><G20/><T79/><D79/><U41/><E26/><V63/><F63/><W131/><G73/><T62/><D24/><U12/><E98/><V13/><F51/><N who="0" m="19530" /><D29/><U71/><E71/><V38/><F38/><W113/><G113/><T134/><D134/><U66/><E66/><AGARI ba="0,0" hai="37,42,46,52,53,54,59,61,62,66,70" m="19530" machi="66" ten="30,16000,3" yaku="35,5,52,2,54,1" doraHai="58" who="0" fromWho="1" sc="209,160,184,-160,393,0,214,0" /><INIT seed="3,0,0,4,0,39" ten="369,24,393,214" oya="3" hai0="29,47,12,30,63,35,70,64,41,103,18,106,96" hai1="87,83,65,119,127,111,27,0,14,132,68,76,113" hai2="133,124,71,43,28,50,49,33,105,121,110,61,79" hai3="93,26,81,97,112,99,34,116,52,22,37,118,73"/><W69/><G69/><T107/><D107/><U58/><E0/><V13/><F105/><W84/><G34/><T21/><REACH who="0" step="1"/><D35/><REACH who="0" ten="359,24,393,214" step="2"/><U67/><E119/><V130/><F33/><W94/><G118/><T2/><D2/><U108/><E113/><V123/><F123/><W45/><G112/><T46/><D46/><U129/><E129/><V109/><F121/><W77/><G116/><T6/><D6/><U80/><E132/><V92/><F130/><W17/><G37/><AGARI ba="0,1" hai="12,18,21,29,30,37,41,47,63,64,70,96,103,106" machi="37" ten="30,3900,0" yaku="1,1,7,1,52,1,53,0" doraHai="39" doraHaiUra="55" who="0" fromWho="3" sc="359,49,24,0,393,0,214,-39" /><INIT seed="4,0,0,5,2,14" ten="408,24,393,175" oya="0" hai0="65,21,112,11,108,95,1,94,73,100,72,9,42" hai1="123,128,3,60,76,132,117,119,61,48,107,8,68" hai2="16,37,24,67,127,49,20,93,85,82,56,45,70" hai3="75,4,62,92,90,13,26,25,84,96,106,54,101"/><T32/><D32/><U98/><E123/><V28/><F70/><W35/><G75/><T89/><D112/><U124/><E128/><V18/><F37/><W19/><G35/><T6/><D108/><U122/><E122/><V135/><F135/><W113/><G4/><T125/><D125/><U114/><E132/><V91/><F127/><W15/><G15/><T115/><D115/><U74/><E124/><V118/><F118/><W104/><G104/><T110/><D110/><U47/><E114/><V116/><F116/><W34/><G34/><T81/><D65/><N who="1" m="40999" /><E48/><V69/><F69/><W133/><G133/><T27/><D42/><U10/><E10/><V31/><F31/><W87/><G87/><T46/><D46/><U83/><E61/><N who="2" m="38311" /><F82/><N who="3" m="49431" /><G106/><T53/><D11/><U55/><E55/><AGARI ba="0,0" hai="16,18,20,24,28,45,49,55,85,91,93" m="38311" machi="55" ten="30,7700,0" yaku="8,1,52,2,54,1" doraHai="14" who="2" fromWho="1" sc="408,0,24,-77,393,77,175,0" owari="408,21.0,-53,-55.0,470,56.0,175,-22.0" /></mjloggm>