<mjloggm ver="2.3"><GO type="225" lobby="0"/><UN n0="%E3%83%88%E3%83%88%E3%83%AA%E5%85%88%E7%94%9F%31%39%E6%AD%B3" n1="%E5%AE%AE%E5%AD%90" n2="%E3%82%A6%E3%82%A3%E3%83%83%E3%83%81" n3="%E5%8F%8B%47%46%49" dan="17,16,16,16" rate="2260.93,2052.63,2101.46,2112.45" sx="F,M,F,M"/><TAIKYOKU oya="0"/><INIT seed="0,0,0,0,4,12" ten="250,250,250,250" oya="0" hai0="73,41,123,124,113,33,19,135,68,18,54,15,34" hai1="70,94,52,11,89,7,72,44,36,88,90,76,120" hai2="3,48,23,87,59,51,122,56,103,100,39,67,81" hai3="99,17,53,62,133,42,63,8,125,116,2,78,110"/><T131/><D113/><U83/><E120/><V97/><F39/><W69/><G116/><T61/><D123/><U112/><E70/><V111/><F3/><W119/><G119/><T40/><D73/><U86/><E112/><V32/><F32/><W108/><G42/><T27/><D131/><U57/><E44/><V84/><F122/><W9/><G78/><T121/><D121/><U26/><E26/><V129/><F129/><W47/><G2/><T77/><D77/><U118/><E36/><V85/><F111/><N who="3" m="42539" /><G125/><T10/><D124/><U30/><E30/><V4/><F81/><W0/><G133/><T107/><D107/><U82/><E82/><V65/><F4/><N who="3" m="1031" /><G69/><T104/><D104/><U126/><E126/><V79/><F23/><W102/><G47/><T1/><D1/><U28/><E28/><V132/><F79/><W128/><G128/><T55/><D135/><U49/><E118/><V43/><F132/><W60/><G53/><T80/><D80/><U29/><E29/><V134/><F134/><W21/><G9/><T95/><D55/><U92/><E72/><V75/><F75/><W25/><G62/><T66/><D54/><U105/><E105/><AGARI ba="0,0" hai="17,21,25,60,63,99,102,105" m="1031,42539" machi="105" ten="30,2000,0" yaku="14,1,52,1" doraHai="12" who="3" fromWho="1" sc="250,0,250,-20,250,0,250,20" /><INIT seed="1,0,0,5,0,96" ten="250,230,250,270" oya="1" hai0="14,109,98,94,3,131,92,86,43,103,124,114,102" hai1="80,23,47,113,17,87,6,112,108,57,9,111,116" hai2="125,56,27,128,30,70,93,97,7,1,117,123,35" hai3="24,50,41,61,52,44,49,0,104,5,65,28,100"/><U48/><E116/><V99/><F70/><W83/><G83/><T132/><D3/><U46/><E57/><V11/><F117/><W45/><G0/><T51/><D114/><U20/><E6/><V135/><F123/><W22/><G5/><T40/><D109/><N who="1" m="42059" /><E9/><V37/><F56/><W74/><G74/><T127/><D131/><U73/><E73/><V82/><F128/><W107/><REACH who="3" step="1"/><G100/><REACH who="3" ten="250,230,250,260" step="2"/><T81/><D103/><U78/><E17/><V21/><F7/><W119/><G119/><T19/><D102/><U122/><E122/><V29/><F1/><W2/><G2/><T79/><D124/><U12/><E12/><V31/><F125/><W63/><G63/><T130/><D127/><U58/><E112/><V76/><F31/><W134/><G134/><T62/><D132/><U67/><E113/><V26/><F135/><W18/><G18/><T129/><D14/><U95/><E95/><V101/><F101/><W13/><G13/><T77/><D19/><U71/><E71/><AGARI ba="0,1" hai="22,24,28,41,44,45,49,50,52,61,65,71,104,107" machi="71" ten="30,3900,0" yaku="1,1,7,1,54,1,53,0" doraHai="96" doraHaiUra="84" who="3" fromWho="1" sc="250,0,230,-39,250,0,260,49" /><INIT seed="2,0,0,4,5,9" ten="250,191,250,309" oya="2" hai0="63,113,81,107,2,115,88,44,65,73,124,112,40" hai1="27,10,56,99,71,19,15,67,84,61,30,12,79" hai2="94,41,135,38,43,90,129,119,1,87,103,51,75" hai3="102,46,114,126,134,68,34,123,125,32,13,89,85"/><V0/><F119/><W8/><G123/><T70/><D107/><U45/><E99/><V64/><F75/><W17/><G68/><T16/><D2/><U29/><E71/><V21/><F38/><W106/><G134/><T5/><D5/><U93/><E45/><V62/><F135/><W58/><G114/><T69/><D69/><U111/><E111/><V110/><F110/><W133/><G133/><T53/><D124/><N who="3" m="47721" /><G58/><T54/><D73/><U97/><E27/><V76/><F76/><W131/><G131/><T4/><D4/><U6/><E84/><V78/><F78/><W50/><G102/><T95/><D81/><U60/><E60/><V120/><F120/><W47/><G106/><T122/><D16/><U31/><E79/><V128/><F103/><W98/><G98/><T48/><REACH who="0" step="1"/><D122/><REACH who="0" ten="240,191,250,309" step="2"/><U39/><E39/><V55/><F1/><W49/><G47/><T86/><AGARI ba="0,1" hai="40,44,48,53,54,63,65,70,86,88,95,112,113,115" machi="86" ten="30,7900,0" yaku="1,1,2,1,0,1,54,1,53,0" doraHai="9" doraHaiUra="100" who="0" fromWho="0" sc="240,89,191,-20,250,-39,309,-20" /><INIT seed="3,0,0,4,3,62" ten="329,171,211,289" oya="3" hai0="72,44,53,118,93,57,121,70,49,120,109,110,55" hai1="101,9,11,36,91,18,128,45,33,19,58,113,47" hai2="135,125,15,54,99,26,42,104,130,46,131,21,22" hai3="29,127,78,82,90,65,37,14,103,17,75,51,115"/><W106/><G115/><T59/><D72/><U100/><E91/><V87/><F125/><W30/><G37/><T32/><D32/><U5/><E58/><N who="0" m="22025" /><D93/><U48/><E48/><V122/><F122/><N who="0" m="47210" /><D70/><U69/><E69/><V80/><F135/><W20/><G127/><T92/><D92/><U67/><E33/><V95/><F104/><W114/><G114/><T41/><D118/><U134/><E134/><V56/><F15/><W105/><G51/><T123/><D123/><U133/><E113/><V117/><F117/><W124/><G124/><T126/><D126/><U98/><E133/><V86/><F54/><AGARI ba="0,0" hai="41,44,49,53,54,55,109,110" m="47210,22025" machi="54" ten="30,2000,0" yaku="34,2" doraHai="62" who="0" fromWho="2" sc="329,20,171,0,211,-20,289,0" owari="349,45.0,171,-33.0,191,-21.0,289,9.0" /></mjloggm>