<mjloggm ver="2.3"><GO type="169" lobby="0"/><UN n0="%E3%83%8C%E3%83%83%E3%83%97" n1="%E5%B0%B1%E6%B4%BB%E7%94%9F%40%E5%B7%9D%E6%9D%91%E8%BB%8D%E5%9B%A3" n2="%E4%B8%AD%E6%9D%91%E8%B1%AA" n3="%E3%82%A4%E3%82%B5%E3%82%AD" dan="16,16,16,17" rate="2152.88,2041.66,2157.16,2175.36" sx="M,M,M,M"/><TAIKYOKU oya="0"/><INIT seed="0,0,0,3,3,112" ten="250,250,250,250" oya="0" hai0="55,48,128,32,117,14,9,35,19,118,29,106,22" hai1="103,26,84,30,17,74,135,89,66,90,82,43,134" hai2="39,80,67,60,12,96,131,111,76,105,92,77,65" hai3="104,97,47,116,34,79,24,107,119,122,3,120,38"/><T10/><D106/><N who="3" m="40489" /><G97/><T18/><D55/><U100/><E43/><V44/><F105/><W115/><G79/><T93/><D93/><U83/><E17/><V11/><F111/><W133/><G115/><T86/><D86/><N who="1" m="50391" /><E66/><V36/><F131/><W113/><G113/><T41/><D41/><U101/><E26/><V62/><F39/><W91/><G91/><T16/><D48/><U110/><E30/><V33/><F33/><N who="0" m="12874" /><D128/><U23/><E23/><V59/><F44/><W46/><G133/><N who="1" m="50698" /><E74/><V99/><F36/><W28/><G3/><T54/><D54/><U95/><E110/><V2/><F2/><W42/><G47/><T25/><D10/><U85/><E85/><V61/><F65/><W126/><G126/><T21/><D19/><U98/><AGARI ba="0,0" hai="83,84,90,95,98,100,101,103" m="50698,50391" machi="98" ten="30,4000,0" yaku="20,1,34,2" doraHai="112" who="1" fromWho="1" sc="250,-20,250,40,250,-10,250,-10" /><INIT seed="1,0,0,0,1,61" ten="230,290,240,240" oya="1" hai0="103,49,56,92,43,64,11,19,33,96,109,71,124" hai1="2,70,3,53,1,98,95,62,85,126,110,80,90" hai2="29,8,123,132,20,89,78,50,122,52,44,131,31" hai3="83,60,107,82,0,118,15,99,111,27,134,73,91"/><U51/><E126/><V24/><F131/><W47/><G0/><T97/><D124/><U22/><E110/><V36/><F132/><W40/><G111/><T77/><D71/><U12/><E12/><V105/><F105/><W10/><G134/><T55/><D33/><U6/><E6/><V34/><F36/><W129/><G129/><T68/><D109/><U88/><E22/><V48/><F78/><W75/><G118/><T101/><D77/><U79/><E70/><V108/><F108/><W30/><G60/><T37/><D37/><U28/><E28/><V119/><F119/><W94/><G107/><T46/><D68/><U38/><E62/><V84/><F8/><W87/><G75/><T23/><D11/><U100/><REACH who="1" step="1"/><E38/><REACH who="1" ten="230,280,240,240" step="2"/><V116/><F31/><W115/><G30/><T45/><D23/><U66/><E66/><V113/><F29/><W7/><G27/><T57/><D64/><U69/><E69/><V4/><F20/><W42/><G7/><T16/><D19/><U25/><E25/><V5/><F24/><W106/><G15/><T76/><D16/><U59/><AGARI ba="0,1" hai="1,2,3,51,53,59,79,80,85,88,90,95,98,100" machi="59" ten="30,6000,0" yaku="1,1,0,1,54,1,53,0" doraHai="61" doraHaiUra="14" who="1" fromWho="1" sc="230,-20,280,70,240,-20,240,-20" /><INIT seed="1,1,0,4,1,91" ten="210,350,220,220" oya="1" hai0="11,78,1,133,89,97,113,104,128,37,118,61,25" hai1="120,73,85,76,115,28,96,70,66,65,59,95,15" hai2="54,127,40,39,69,60,68,101,18,43,47,32,87" hai3="72,13,45,80,93,107,44,106,123,16,125,130,5"/><U79/><E70/><N who="2" m="27243" /><F32/><W10/><G123/><T55/><D37/><U110/><E73/><V50/><F87/><W71/><G71/><T38/><D38/><U117/><E117/><V82/><F18/><W88/><G125/><T131/><D118/><U3/><E3/><V67/><F101/><W84/><G130/><T98/><D78/><N who="1" m="29739" /><E110/><V111/><F82/><W129/><G129/><T21/><D113/><U114/><E120/><V41/><F127/><W109/><G109/><T77/><D77/><U34/><E34/><V0/><F0/><W9/><G72/><T134/><D1/><U119/><E119/><V35/><F35/><W121/><G121/><T53/><D104/><U135/><E135/><V48/><F111/><W2/><REACH who="3" step="1"/><G80/><REACH who="3" ten="210,350,220,210" step="2"/><T99/><D131/><U57/><E115/><V30/><F39/><W17/><G17/><T46/><D128/><U31/><E114/><V100/><F30/><W132/><G132/><T62/><D134/><U108/><E31/><V56/><F100/><W7/><G7/><T49/><D133/><U124/><E28/><V64/><F64/><W20/><G20/><T6/><D21/><U8/><E124/><V102/><F102/><W27/><G27/><T24/><D6/><U52/><E108/><V90/><F90/><W92/><G92/><T29/><D89/><N who="1" m="55407" /><E66/><V42/><F67/><W51/><G51/><N who="0" m="28919" /><D29/><U33/><E65/><V58/><F48/><W19/><G19/><T22/><D22/><U105/><E33/><V94/><F94/><W4/><G4/><T83/><D24/><U36/><E36/><V126/><F126/><RYUUKYOKU ba="1,1" sc="210,-15,350,-15,220,15,210,15" hai2="40,41,42,43,47,50,54,56,58,60" hai3="2,5,9,10,13,16,44,45,84,88,93,106,107" /><INIT seed="2,2,1,0,3,35" ten="195,335,235,225" oya="2" hai0="73,132,71,16,19,108,85,106,82,13,124,8,36" hai1="11,135,115,128,72,84,97,103,83,34,31,2,18" hai2="17,63,41,120,57,133,53,80,98,69,79,61,134" hai3="89,125,129,40,49,107,39,56,90,54,7,26,64"/><V102/><F120/><W66/><G107/><T51/><D106/><U45/><E72/><V104/><F41/><W14/><G125/><T12/><D36/><U3/><E115/><V29/><F29/><W74/><G74/><T122/><D124/><U30/><E135/><N who="2" m="51723" /><F17/><W4/><G129/><T116/><D132/><U114/><E128/><V96/><F96/><W48/><G39/><T27/><D73/><U60/><E114/><V76/><F80/><W109/><G109/><T1/><D71/><U112/><E112/><V88/><F88/><N who="3" m="33899" /><G26/><T5/><D51/><U121/><E121/><V52/><F53/><N who="3" m="31783" /><G40/><T91/><D116/><U43/><E34/><V33/><F33/><W42/><G42/><T95/><D108/><U67/><E30/><V22/><F22/><W78/><G78/><T105/><D105/><U81/><E31/><V62/><F69/><W21/><G66/><T93/><D27/><U100/><E83/><V24/><F24/><W123/><G64/><T118/><D122/><U68/><E81/><V55/><F55/><W50/><G123/><T44/><D118/><U131/><E84/><V117/><F117/><W65/><G65/><T77/><D77/><AGARI ba="2,1" hai="52,57,61,62,63,76,77,79,98,102,104" m="51723" machi="77" ten="30,2900,0" yaku="20,1,54,1" doraHai="35" who="2" fromWho="0" sc="195,-35,335,0,235,45,225,0" /><INIT seed="2,3,0,4,5,116" ten="160,335,280,225" oya="2" hai0="122,82,81,104,114,77,45,11,27,99,64,30,12" hai1="129,134,54,38,96,76,92,51,107,108,44,55,36" hai2="15,84,53,19,102,94,95,121,86,125,7,40,3" hai3="9,13,47,68,69,65,23,34,42,39,110,50,32"/><V123/><F40/><W70/><G110/><T2/><D114/><U115/><E107/><V35/><F35/><W130/><G130/><T31/><D2/><U80/><E108/><V93/><F102/><W98/><G65/><T126/><D126/><U127/><E115/><V87/><F125/><W133/><G133/><T97/><D64/><U91/><E129/><V24/><F24/><W10/><G23/><T5/><D31/><U120/><E127/><V26/><F26/><W60/><G60/><T1/><D1/><U66/><E66/><V63/><F7/><W128/><G128/><T49/><D104/><U37/><E134/><V57/><REACH who="2" step="1"/><F3/><REACH who="2" ten="160,335,270,225" step="2"/><W124/><G32/><T56/><D5/><U61/><E120/><V71/><F71/><W8/><G34/><T112/><D122/><U22/><E38/><V29/><F29/><W109/><G124/><T100/><D30/><U119/><E37/><V25/><F25/><W83/><G109/><T33/><D27/><U113/><E36/><V28/><F28/><W4/><G39/><T132/><D33/><U43/><E113/><V17/><F17/><W21/><G70/><T101/><D132/><U118/><E119/><V41/><F41/><W52/><G69/><T78/><D112/><U88/><E118/><V46/><F46/><W58/><G68/><T85/><D45/><U73/><E43/><V105/><F105/><W59/><G42/><T131/><D131/><U111/><E44/><V6/><F6/><W67/><G4/><N who="0" m="3175" /><D101/><U79/><E111/><V106/><F106/><W20/><G47/><T117/><D117/><RYUUKYOKU ba="3,1" sc="160,-10,335,-10,270,30,225,-10" hai2="15,19,53,57,63,84,86,87,93,94,95,121,123" /><INIT seed="2,4,1,1,1,123" ten="150,325,300,215" oya="2" hai0="135,81,31,99,70,51,64,65,18,69,35,108,94" hai1="45,5,67,24,28,106,103,33,48,87,115,27,11" hai2="42,57,130,20,83,21,107,15,110,71,117,129,119" hai3="41,101,39,53,128,98,52,60,25,32,13,124,46"/><V116/><F71/><W10/><G124/><T89/><D69/><U95/><E115/><V23/><F107/><W133/><G133/><T19/><D135/><U55/><E106/><V68/><F68/><W66/><G128/><N who="2" m="49257" /><F42/><W50/><G25/><T14/><D35/><U93/><E67/><V77/><F57/><W72/><G72/><T59/><D31/><U56/><E27/><V2/><F2/><W97/><G32/><T86/><D70/><U122/><E122/><V131/><F131/><W63/><G98/><T126/><D126/><U9/><E9/><V17/><F110/><W6/><G66/><T16/><D14/><U43/><E103/><V100/><F100/><W118/><G118/><T121/><D108/><U96/><E96/><V109/><F109/><W82/><G82/><T102/><REACH who="0" step="1"/><D121/><REACH who="0" ten="140,325,300,215" step="2"/><U134/><E134/><V105/><F15/><W91/><G91/><T37/><D37/><U62/><E87/><V114/><F117/><W120/><G120/><T132/><D132/><U84/><E84/><V47/><F116/><W1/><G1/><AGARI ba="4,2" hai="1,5,11,24,28,33,43,45,48,55,56,62,93,95" machi="1" ten="30,1000,0" yaku="7,1" doraHai="123" who="1" fromWho="3" sc="140,0,325,42,300,0,215,-22" /><INIT seed="3,0,0,4,4,28" ten="140,367,300,193" oya="3" hai0="70,51,64,102,101,50,57,71,10,11,82,110,134" hai1="56,109,83,67,90,63,35,105,94,42,114,96,115" hai2="135,119,88,69,76,123,41,126,48,84,92,104,36" hai3="99,73,61,2,34,38,112,111,60,108,18,26,113"/><W93/><G73/><T24/><D24/><U130/><E109/><N who="3" m="42058" /><G2/><T65/><D110/><U54/><E130/><V47/><F69/><W87/><G38/><T22/><D22/><U16/><E35/><V116/><F104/><W85/><G85/><T79/><D82/><U44/><E105/><V133/><F126/><W127/><G87/><T21/><D21/><U107/><E107/><V98/><F123/><W72/><G72/><T32/><D57/><U78/><E67/><V17/><F17/><W45/><G45/><T89/><D89/><U118/><E118/><V46/><F76/><W30/><G18/><T19/><D19/><U100/><E100/><V59/><F59/><W27/><G27/><T55/><D55/><U58/><E58/><V39/><F84/><W14/><G14/><T91/><D91/><U23/><E83/><V121/><F121/><W43/><G43/><T80/><D80/><U7/><E78/><V125/><F125/><W131/><G131/><T6/><D79/><U106/><E106/><V68/><F68/><W37/><G37/><N who="2" m="14409" /><F47/><W49/><G49/><T3/><D3/><U8/><E44/><V66/><F66/><W81/><G81/><T62/><D6/><U120/><E42/><V129/><F129/><W25/><G25/><T15/><D15/><U97/><E120/><V0/><F0/><W1/><G1/><T12/><D12/><N who="1" m="5151" /><E114/><N who="3" m="44138" /><G127/><T124/><D124/><U122/><E122/><V117/><F117/><W75/><G75/><T9/><D71/><U86/><E115/><V31/><F31/><W132/><G132/><T20/><D134/><RYUUKYOKU ba="0,0" sc="140,-30,367,10,300,10,193,10" hai1="16,23,54,56,63,86,90,94,96,97" hai2="41,46,48,88,92,98,116,119,133,135" hai3="26,30,34,60,61,93,99" /><INIT seed="3,1,0,1,0,135" ten="110,377,310,203" oya="3" hai0="10,25,19,96,103,22,11,124,86,42,26,125,58" hai1="91,122,99,111,87,133,112,41,82,35,52,48,14" hai2="128,16,12,0,90,4,113,51,95,45,15,114,5" hai3="88,36,123,127,39,68,116,63,20,2,8,98,9"/><W126/><G116/><T130/><D42/><U106/><E133/><V64/><F0/><W121/><G20/><T134/><D134/><U46/><E35/><V115/><F64/><N who="3" m="40991" /><G9/><T75/><D75/><U49/><E122/><N who="3" m="46602" /><G88/><T131/><D58/><U33/><E33/><V17/><F128/><N who="0" m="49194" /><D86/><U93/><E112/><V89/><F95/><W105/><G98/><T55/><D55/><U6/><E111/><V120/><F114/><W67/><G67/><T80/><D80/><U85/><E106/><V47/><F51/><W60/><G60/><T78/><D78/><U31/><E31/><V37/><F120/><W57/><G57/><T71/><D71/><U117/><E117/><V30/><F30/><W132/><G105/><N who="0" m="63719" /><D25/><U21/><E82/><V101/><F101/><W66/><G66/><T38/><D38/><AGARI ba="1,0" hai="4,5,12,15,16,17,37,38,45,47,89,90,113,115" machi="38" ten="25,3200,0" yaku="22,2,54,1" doraHai="135" who="2" fromWho="0" sc="110,-35,377,0,310,35,203,0" /><INIT seed="4,0,0,1,2,111" ten="75,377,345,203" oya="0" hai0="94,87,102,27,114,120,21,7,62,2,82,49,98" hai1="41,15,83,118,123,30,116,101,51,45,65,76,33" hai2="85,29,135,39,24,28,106,77,37,4,126,23,1" hai3="104,43,40,134,132,56,5,78,72,66,13,55,107"/><T71/><D120/><U115/><E123/><V69/><F106/><W74/><G66/><T6/><D2/><U109/><E109/><V99/><F69/><W57/><G78/><T64/><D49/><U108/><E108/><V73/><F73/><W38/><G13/><T36/><D36/><U97/><E65/><V119/><F126/><W68/><G38/><T12/><D12/><U125/><E125/><V54/><F29/><W8/><G8/><T42/><D42/><U93/><E115/><V129/><F85/><W19/><G19/><T70/><D70/><U113/><E113/><V112/><F77/><W79/><G79/><T127/><D127/><U50/><E50/><V92/><F112/><W58/><G58/><T34/><D34/><U48/><E48/><V3/><F3/><W95/><G68/><T88/><REACH who="0" step="1"/><D114/><REACH who="0" ten="65,377,345,203" step="2"/><U84/><E15/><V16/><F39/><W81/><G43/><T67/><D67/><U90/><E33/><V52/><F1/><W110/><G40/><T80/><D80/><U17/><E51/><V9/><F37/><W22/><G81/><T53/><D53/><U44/><E41/><V91/><F52/><W105/><G110/><T103/><D103/><U32/><E101/><V75/><F54/><W86/><G55/><T26/><D26/><N who="1" m="18519" /><E118/><V117/><F117/><W46/><G57/><T18/><AGARI ba="0,1" hai="6,7,18,21,27,62,64,71,82,87,88,94,98,102" machi="18" ten="20,7800,0" yaku="1,1,0,1,7,1,54,1,53,0" doraHai="111" doraHaiUra="133" who="0" fromWho="0" sc="65,88,377,-26,345,-26,203,-26" /><INIT seed="4,1,0,4,1,110" ten="153,351,319,177" oya="0" hai0="130,82,65,125,6,91,133,79,93,96,115,73,95" hai1="49,68,28,80,33,42,92,55,56,54,7,134,1" hai2="109,76,22,29,101,60,30,89,63,38,50,70,85" hai3="129,97,90,18,36,21,40,62,31,86,66,24,4"/><T126/><D65/><U47/><E134/><V67/><F38/><W69/><G129/><T127/><D6/><U41/><E68/><V81/><F109/><W105/><G4/><T119/><D119/><U128/><E128/><V102/><F63/><W12/><G36/><T131/><D133/><U43/><E33/><V9/><F9/><W132/><G40/><T37/><D37/><U83/><E28/><V122/><F122/><W74/><G74/><T5/><D5/><U108/><E108/><V103/><F22/><W71/><G132/><T117/><D117/><U121/><E121/><V113/><F50/><W78/><G78/><T118/><D118/><U84/><E7/><V14/><F14/><W45/><G45/><T58/><D115/><U0/><E0/><V98/><F113/><W135/><G135/><T2/><D2/><U88/><REACH who="1" step="1"/><E1/><REACH who="1" ten="153,341,319,177" step="2"/><V75/><F29/><W39/><G71/><T112/><D112/><U106/><E106/><V23/><F30/><W61/><G105/><T13/><D13/><U20/><E20/><V17/><F23/><W27/><G31/><T51/><D51/><AGARI ba="1,1" hai="41,42,43,47,49,51,54,55,56,80,83,84,88,92" machi="51" ten="40,5200,0" yaku="1,1,8,1,54,1,53,0" doraHai="110" doraHaiUra="35" who="1" fromWho="0" sc="153,-55,341,65,319,0,177,0" /><INIT seed="5,0,0,3,2,56" ten="98,406,319,177" oya="1" hai0="119,81,61,102,85,28,2,78,17,37,51,39,98" hai1="90,58,41,67,34,16,15,40,106,60,128,3,70" hai2="43,45,30,127,74,7,42,18,59,69,103,112,115" hai3="63,4,21,118,71,121,126,87,38,91,46,64,76"/><U19/><E3/><V104/><F74/><W50/><G121/><T100/><D2/><U79/><E34/><V27/><F69/><W1/><G126/><T36/><D119/><U99/><E128/><V123/><F123/><W0/><G118/><T107/><D17/><U14/><E70/><V95/><F104/><W6/><G76/><T54/><D28/><U93/><E106/><V122/><F18/><N who="1" m="6697" /><E79/><V116/><F127/><W101/><G38/><T77/><D100/><U124/><E124/><V96/><F122/><W53/><G101/><T134/><D134/><U47/><E47/><V120/><F7/><W125/><G125/><T29/><D29/><U105/><E105/><V94/><F116/><W55/><G21/><T23/><D23/><U72/><E72/><V80/><F45/><W68/><G68/><T31/><D31/><U8/><E8/><V25/><F25/><W32/><G32/><T49/><REACH who="0" step="1"/><D77/><REACH who="0" ten="88,406,319,177" step="2"/><U110/><E110/><V22/><F120/><W92/><G0/><T10/><D10/><U5/><E5/><V108/><F22/><W82/><G1/><T83/><D83/><U131/><E131/><V62/><F80/><W129/><G129/><T26/><D26/><U75/><E75/><V132/><F132/><W35/><G82/><T111/><D111/><U66/><E66/><V9/><F9/><W44/><G35/><T97/><D97/><U33/><E33/><V65/><F108/><W89/><G91/><T52/><D52/><U84/><E99/><V20/><F95/><W88/><G89/><T86/><D86/><U24/><E24/><RYUUKYOKU ba="0,1" sc="88,0,406,0,319,0,177,0" hai0="36,37,39,49,51,54,61,78,81,85,98,102,107" hai1="14,15,40,41,58,60,67,84,90,93" hai2="20,27,30,42,43,59,62,65,94,96,103,112,115" hai3="4,6,44,46,50,53,55,63,64,71,87,88,92" /><INIT seed="5,1,1,2,5,118" ten="88,406,319,177" oya="1" hai0="58,15,35,47,34,125,75,29,48,11,24,95,4" hai1="59,131,64,78,2,123,74,41,117,60,128,102,57" hai2="17,56,76,27,39,90,23,55,63,84,105,91,7" hai3="113,54,104,110,109,80,93,126,130,14,72,111,30"/><U96/><E123/><V65/><F105/><W45/><G104/><T129/><D75/><U3/><E117/><V42/><F7/><W77/><G113/><T37/><D129/><N who="1" m="49739" /><E41/><V52/><F42/><W115/><G115/><T124/><D37/><U133/><E133/><V26/><F39/><W85/><G130/><T51/><D34/><U107/><E59/><V19/><F76/><W10/><G126/><T132/><D132/><U67/><E67/><V61/><F61/><W79/><G30/><T33/><D35/><U73/><E78/><V32/><F32/><W50/><G93/><T88/><D58/><U1/><AGARI ba="1,1" hai="1,2,3,57,60,64,73,74,96,102,107" m="49739" machi="1" ten="40,2100,0" yaku="19,1" doraHai="118" who="1" fromWho="1" sc="88,-8,406,34,319,-8,177,-8" /><INIT seed="5,2,0,4,2,117" ten="80,440,311,169" oya="1" hai0="33,90,134,86,112,10,67,130,68,93,126,135,63" hai1="47,59,54,74,78,116,58,55,88,57,37,9,127" hai2="13,17,23,102,70,77,72,128,97,89,3,129,27" hai3="121,24,87,41,73,103,43,120,107,4,56,53,65"/><U122/><E116/><V76/><F3/><W31/><G73/><T40/><D33/><U85/><E127/><V52/><F70/><W60/><G4/><T28/><D28/><U98/><E122/><V105/><F89/><W100/><G43/><T14/><D112/><U25/><E98/><V114/><F114/><W35/><G41/><T16/><D126/><U11/><E78/><V20/><F72/><W26/><G26/><T48/><REACH who="0" step="1"/><D130/><REACH who="0" ten="70,440,311,169" step="2"/><U64/><E64/><V106/><F129/><W94/><G65/><T19/><D19/><U46/><E74/><V8/><F128/><W119/><G119/><T39/><D39/><U101/><E101/><V21/><F102/><W80/><G103/><T62/><D62/><U75/><E75/><V30/><F17/><W84/><G107/><T109/><D109/><U7/><E7/><V0/><F30/><W32/><G32/><T110/><D110/><U132/><E132/><V42/><F105/><W104/><G104/><T91/><D91/><U49/><E37/><V96/><F106/><W69/><G100/><T81/><D81/><U111/><E111/><V113/><F113/><W115/><G115/><T99/><D99/><U125/><E125/><V133/><F97/><W36/><G36/><T12/><D12/><U29/><E29/><V6/><F13/><W92/><G80/><T71/><D71/><U38/><E38/><V66/><F96/><W50/><G69/><T22/><D22/><U79/><E79/><V82/><F76/><W131/><G131/><T18/><D18/><U124/><E124/><V51/><F77/><RYUUKYOKU ba="2,1" sc="70,30,440,-10,311,-10,169,-10" hai0="10,14,16,40,48,63,67,68,86,90,93,134,135" /><INIT seed="6,3,1,0,3,63" ten="100,430,301,159" oya="2" hai0="53,5,83,71,133,66,131,57,18,75,38,73,59" hai1="103,8,65,20,92,36,77,79,127,86,87,42,105" hai2="101,12,104,27,76,29,93,48,98,34,6,24,44" hai3="32,28,80,97,130,110,37,88,91,2,50,114,52"/><V125/><F125/><W25/><G110/><T1/><D131/><U64/><E105/><V121/><F121/><W7/><G37/><T49/><D133/><U99/><E36/><V132/><F132/><W96/><G130/><T70/><D38/><U14/><E20/><V106/><F76/><N who="1" m="29257" /><E42/><V84/><F27/><W56/><G114/><T51/><D83/><U129/><E129/><V3/><F3/><W126/><G126/><T72/><D1/><U62/><E62/><V115/><F115/><W113/><G113/><T109/><D5/><N who="1" m="3343" /><E127/><V46/><F84/><AGARI ba="3,1" hai="64,65,84,86,87,92,99,103" m="3343,29257" machi="84" ten="30,3900,0" yaku="8,1,52,2" doraHai="63" who="1" fromWho="2" sc="100,0,430,58,301,-48,159,0" /><INIT seed="7,0,0,3,2,32" ten="100,488,253,159" oya="3" hai0="68,34,60,13,54,7,118,52,107,78,131,26,23" hai1="5,30,12,76,127,51,58,46,22,114,120,74,63" hai2="28,71,17,45,81,93,20,94,0,55,59,64,115" hai3="49,37,70,35,56,21,62,104,18,57,2,14,105"/><W24/><G37/><T109/><D118/><U11/><E114/><V121/><F0/><W117/><G117/><T8/><D109/><U98/><E127/><V77/><F28/><W125/><G70/><T116/><D116/><U119/><E119/><V29/><F29/><W95/><G125/><T134/><D131/><U3/><E120/><V50/><F71/><W67/><G2/><T113/><D113/><U90/><E76/><V111/><F111/><W73/><G73/><T84/><D107/><U47/><E74/><V4/><F4/><W99/><G35/><T33/><D134/><U15/><E3/><V85/><F121/><W88/><G14/><T72/><D72/><U40/><E46/><V100/><F100/><W31/><G31/><T36/><D36/><U42/><E42/><V130/><F130/><W89/><G89/><T103/><D103/><U112/><E112/><V25/><F115/><W27/><G27/><T41/><D41/><U97/><E90/><V19/><F19/><W80/><G80/><T135/><D135/><U16/><E30/><V43/><F64/><AGARI ba="0,0" hai="5,11,12,15,16,22,40,47,51,58,63,64,97,98" machi="64" ten="30,3900,0" yaku="7,1,8,1,54,1" doraHai="32" who="1" fromWho="2" sc="100,0,488,39,253,-39,159,0" owari="100,-40.0,527,63.0,214,1.0,159,-24.0" /></mjloggm>