<mjloggm ver="2.3"><GO type="41" lobby="0"/><UN n0="%E7%89%87%E9%9C%A7%E7%83%88%E7%81%AB" n1="%E5%B0%B1%E6%B4%BB%E7%94%9F%40%E5%B7%9D%E6%9D%91%E8%BB%8D%E5%9B%A3" n2="%6E%69%6A%69%68%75" n3="%E3%81%82%E3%81%B2%E3%82%8B%E3%81%95%E3%82%93" dan="13,15,15,15" rate="1821.08,1978.26,2063.06,1948.08" sx="M,M,M,M"/><TAIKYOKU oya="0"/><INIT seed="0,0,0,0,0,54" ten="250,250,250,250" oya="0" hai0="127,119,1,118,72,68,113,49,84,89,87,20,28" hai1="23,112,3,27,14,124,4,26,10,93,126,74,17" hai2="116,58,100,39,79,19,135,97,108,37,82,111,105" hai3="78,128,7,122,59,67,42,56,94,71,33,121,103"/><T21/><D113/><U53/><E74/><V22/><F116/><W57/><G33/><T110/><D68/><U62/><E93/><V85/><F135/><W45/><G7/><T88/><D72/><U76/><E76/><V50/><F50/><N who="3" m="26935" /><G78/><T15/><D1/><U101/><E101/><V2/><F2/><W6/><G6/><T65/><D65/><U98/><E98/><V25/><REACH who="2" step="1"/><F58/><REACH who="2" ten="250,250,240,250" step="2"/><W107/><G71/><T83/><D49/><U123/><E112/><V41/><F41/><W86/><G67/><T125/><D119/><U61/><E123/><V104/><F104/><W109/><G107/><T5/><D118/><U99/><E62/><V102/><F102/><W34/><G103/><T131/><D127/><U30/><E61/><V9/><F9/><W70/><G70/><T18/><D125/><U77/><E124/><V91/><F91/><N who="3" m="53623" /><G34/><T44/><D89/><U46/><E77/><V47/><F47/><W32/><G32/><T13/><D44/><U48/><E126/><V36/><AGARI ba="0,1" hai="19,22,25,36,37,39,79,82,85,97,100,105,108,111" machi="36" ten="40,5200,0" yaku="1,1,0,1,53,1" doraHai="54" doraHaiUra="92" who="2" fromWho="2" sc="250,-26,250,-13,240,62,250,-13" /><INIT seed="1,0,0,3,4,70" ten="224,237,302,237" oya="1" hai0="116,69,110,129,92,16,28,17,44,36,52,55,126" hai1="130,12,117,62,109,19,87,74,84,53,30,88,99" hai2="85,67,98,82,118,100,54,95,32,41,15,37,111" hai3="91,33,120,18,96,61,0,94,64,8,76,65,104"/><U56/><E117/><V23/><F32/><W133/><G33/><T3/><D116/><U114/><E74/><V40/><F118/><W119/><G120/><T107/><D107/><U31/><E114/><V9/><F67/><W7/><G133/><T123/><D3/><U112/><E112/><V124/><F124/><W63/><G104/><T135/><D126/><U103/><E130/><V72/><F72/><W73/><G119/><T35/><D69/><U97/><E87/><V6/><F111/><W78/><G73/><T81/><D81/><U47/><E47/><V11/><F37/><W115/><G115/><T13/><D110/><U134/><E134/><V25/><F54/><W105/><G105/><T24/><D129/><U101/><E99/><V21/><F11/><W58/><G18/><T108/><D108/><U22/><E109/><V128/><F128/><W131/><G131/><T10/><D135/><U80/><REACH who="1" step="1"/><E101/><REACH who="1" ten="224,227,302,237" step="2"/><V68/><F85/><W34/><G96/><T125/><D125/><U79/><E79/><V89/><F100/><W132/><G132/><T51/><D123/><U60/><E60/><V50/><F82/><W20/><G78/><T90/><D17/><U1/><E1/><V4/><F98/><W14/><G76/><T59/><D44/><U75/><E75/><V27/><F89/><W49/><G91/><T71/><D90/><U83/><E83/><V93/><F6/><W42/><G7/><T5/><D5/><U127/><E127/><V45/><F4/><W102/><G0/><T122/><D16/><U26/><E26/><V86/><F27/><RYUUKYOKU ba="0,1" sc="224,-10,227,30,302,-10,237,-10" hai1="12,19,22,30,31,53,56,62,80,84,88,97,103" /><INIT seed="1,1,1,0,1,33" ten="214,257,292,227" oya="1" hai0="114,5,94,108,8,14,87,42,2,74,62,113,116" hai1="90,16,69,1,64,111,71,81,55,133,112,82,22" hai2="57,95,131,50,72,43,128,107,9,29,73,48,101" hai3="35,38,13,47,53,89,4,86,20,65,40,75,25"/><U123/><E112/><V68/><F68/><W78/><G35/><T110/><D116/><U124/><E123/><V98/><F107/><W80/><G65/><T100/><D74/><U103/><E103/><V32/><F9/><W21/><G53/><T132/><D132/><U27/><E133/><V119/><F119/><W44/><G44/><T0/><D42/><U122/><E122/><V117/><F117/><W67/><G67/><T58/><D113/><U115/><E115/><V99/><F99/><W88/><G75/><T106/><D106/><U97/><E1/><N who="0" m="617" /><D114/><U76/><E124/><V30/><F48/><W130/><G130/><N who="2" m="49705" /><F30/><W11/><G21/><T3/><D3/><U51/><E111/><N who="0" m="42537" /><D100/><U83/><E64/><V54/><F43/><W6/><G4/><T39/><D39/><U91/><E76/><V126/><F126/><W61/><G61/><T36/><D36/><U12/><E12/><V92/><F92/><W18/><AGARI ba="1,1" hai="6,11,13,18,20,25,38,40,47,78,80,86,88,89" machi="18" ten="20,2700,0" yaku="0,1,7,1,54,1" doraHai="33" who="3" fromWho="3" sc="214,-8,257,-14,292,-8,227,40" /><INIT seed="2,0,0,5,0,67" ten="206,243,284,267" oya="2" hai0="122,48,113,12,116,4,85,14,77,31,100,16,128" hai1="10,19,73,37,9,135,29,120,6,63,99,112,124" hai2="23,121,57,50,43,66,5,104,45,47,61,20,40" hai3="72,65,24,127,89,126,114,109,132,35,97,41,70"/><V56/><F121/><W42/><G72/><T17/><D122/><U107/><E112/><V49/><F104/><W34/><G109/><T53/><D113/><U55/><E73/><V117/><F117/><W44/><G114/><T15/><D128/><U51/><E37/><V13/><F5/><W33/><G42/><T27/><D4/><U87/><E120/><V60/><REACH who="2" step="1"/><F13/><REACH who="2" ten="206,243,274,267" step="2"/><W130/><G130/><T22/><D116/><U64/><E107/><V119/><F119/><W115/><G115/><T7/><D7/><U1/><E1/><V118/><F118/><W30/><G127/><T79/><D100/><U38/><E6/><V3/><F3/><W131/><G126/><T69/><D15/><U28/><E124/><V74/><F74/><W76/><G131/><T134/><D14/><U71/><E135/><V52/><AGARI ba="0,1" hai="20,23,40,43,45,47,49,50,52,56,57,60,61,66" machi="52" ten="20,24000,3" yaku="1,1,0,1,7,1,9,1,8,1,54,1,53,2" doraHai="67" doraHaiUra="36" who="2" fromWho="2" sc="206,-80,243,-80,274,250,267,-80" /><INIT seed="2,1,0,5,0,1" ten="126,163,524,187" oya="2" hai0="8,37,0,69,56,58,120,110,50,18,32,119,60" hai1="99,59,47,97,125,85,104,129,42,83,73,22,114" hai2="61,66,98,72,20,115,70,74,48,13,102,11,93" hai3="65,52,41,128,82,78,92,133,55,38,132,30,6"/><V103/><F115/><W2/><G65/><T124/><D120/><U39/><E114/><V64/><F64/><W75/><G30/><T134/><D69/><U45/><E73/><V16/><F102/><W36/><G128/><T49/><D32/><U7/><E125/><V107/><F107/><W35/><G35/><T5/><D37/><U19/><E129/><V105/><F105/><W95/><G38/><T71/><D124/><U12/><E104/><V26/><REACH who="2" step="1"/><F48/><REACH who="2" ten="126,163,514,187" step="2"/><W86/><G36/><T43/><D50/><U106/><E106/><V135/><F135/><W23/><G133/><T81/><D134/><U123/><E123/><V33/><F33/><W57/><G132/><T116/><D49/><U122/><E122/><V25/><F25/><W118/><G118/><T94/><D116/><U10/><E47/><V3/><F3/><W117/><G2/><T24/><D24/><U109/><E109/><V91/><F91/><W46/><G46/><T29/><D0/><U96/><E59/><V121/><F121/><W84/><G57/><T28/><D56/><U76/><REACH who="1" step="1"/><E22/><REACH who="1" ten="126,153,514,187" step="2"/><V80/><F80/><W40/><G23/><T34/><D81/><U15/><E15/><V17/><AGARI ba="1,2" hai="11,13,16,17,20,26,61,66,70,72,74,93,98,103" machi="17" ten="20,7800,0" yaku="1,1,0,1,7,1,54,1,53,0" doraHai="1" doraHaiUra="27" who="2" fromWho="2" sc="126,-27,153,-27,514,101,187,-27" /><INIT seed="2,2,0,2,0,56" ten="99,126,615,160" oya="2" hai0="4,27,15,57,52,132,25,49,50,125,107,94,115" hai1="133,99,122,64,106,78,5,95,33,2,126,55,119" hai2="124,108,18,30,39,13,8,59,28,134,48,41,10" hai3="109,44,105,20,85,14,61,93,36,21,88,104,74"/><V42/><F134/><W72/><G109/><T135/><D115/><U54/><E33/><V35/><F108/><W38/><G74/><T34/><D107/><U69/><E119/><V7/><F124/><W98/><G72/><T102/><D125/><U45/><E122/><V66/><F39/><W63/><G105/><T71/><D71/><U65/><E106/><V60/><F35/><W121/><G121/><T118/><D50/><U37/><E69/><V62/><F62/><N who="3" m="23563" /><G38/><T31/><D27/><U26/><E133/><N who="0" m="51273" /><D118/><U112/><E112/><V1/><REACH who="2" step="1"/><F48/><REACH who="2" ten="99,126,605,160" step="2"/><W0/><G36/><T12/><D4/><U73/><E5/><V79/><F79/><W68/><G68/><T11/><D49/><U120/><E78/><V83/><F83/><W131/><G131/><T100/><D34/><U82/><E82/><V81/><F81/><W97/><G104/><T96/><D94/><U32/><E37/><V58/><F58/><W113/><G113/><T92/><D57/><U89/><E32/><V43/><AGARI ba="2,1" hai="1,7,8,10,13,18,28,30,41,42,43,59,60,66" machi="43" ten="30,6000,0" yaku="1,1,0,1,52,1,53,0" doraHai="56" doraHaiUra="75" who="2" fromWho="2" sc="99,-22,126,-22,605,76,160,-22" /><INIT seed="2,3,0,0,3,76" ten="77,104,681,138" oya="2" hai0="56,38,64,63,6,49,50,2,31,40,35,54,124" hai1="62,101,4,69,42,110,0,120,118,134,32,47,104" hai2="39,73,87,84,65,44,18,107,74,70,28,92,112" hai3="97,77,78,131,53,117,7,12,105,11,83,100,82"/><V36/><F107/><W51/><G117/><T94/><D2/><U127/><RYUUKYOKU type="yao9" ba="3,0" sc="77,0,104,0,681,0,138,0" hai1="0,4,32,42,47,62,69,101,104,110,118,120,127,134" /><INIT seed="2,4,0,3,3,3" ten="77,104,681,138" oya="2" hai0="28,6,4,14,114,104,35,115,76,59,122,110,42" hai1="26,92,8,21,67,97,37,128,44,95,58,117,102" hai2="78,30,81,62,32,55,47,72,20,39,73,86,108" hai3="34,119,56,15,83,0,23,7,61,74,131,130,31"/><V98/><F32/><W80/><G119/><T111/><D122/><U38/><E117/><V135/><F135/><W87/><G34/><T133/><D104/><U24/><E128/><N who="3" m="49194" /><G0/><T132/><D42/><U9/><E92/><V45/><F108/><N who="0" m="41514" /><D76/><U19/><E26/><V10/><F39/><W113/><G74/><T68/><D68/><U93/><E93/><V75/><F98/><W50/><G113/><N who="0" m="43019" /><D59/><U121/><E121/><V41/><F10/><N who="1" m="4201" /><E38/><V125/><F125/><W43/><G43/><T70/><D14/><U69/><E69/><V127/><F127/><W107/><G107/><T17/><D17/><U77/><E77/><V100/><F100/><W126/><G126/><T85/><D85/><U29/><E37/><V118/><F118/><W96/><G96/><T12/><D70/><U123/><E123/><V54/><F41/><W25/><G50/><T51/><D51/><U71/><E71/><V106/><F106/><W89/><G83/><T13/><D13/><U46/><E19/><V5/><F62/><AGARI ba="4,0" hai="21,24,29,44,46,58,62,67,95,97,102" m="4201" machi="62" ten="30,2000,0" yaku="25,1,8,1" doraHai="3" who="1" fromWho="2" sc="77,0,104,32,681,-32,138,0" /><INIT seed="3,0,0,2,1,94" ten="77,136,649,138" oya="3" hai0="35,46,115,100,7,39,37,83,98,29,56,44,25" hai1="111,118,54,77,47,8,32,128,70,4,23,109,58" hai2="51,41,21,11,96,42,71,81,66,122,28,13,95" hai3="60,74,88,89,108,110,22,18,65,17,129,63,97"/><W30/><G74/><T67/><D115/><U61/><E32/><V91/><F122/><W76/><G76/><T87/><D7/><U82/><E128/><V123/><F123/><W10/><G30/><T125/><D125/><U50/><E118/><V119/><F119/><W49/><G129/><T120/><D120/><U105/><E105/><V107/><F107/><W121/><G121/><T62/><D39/><U6/><E23/><V15/><F71/><W99/><G10/><T73/><D73/><U104/><E104/><V112/><F112/><W24/><G49/><T68/><D37/><U53/><E70/><V33/><F33/><W75/><G75/><T2/><D2/><U1/><REACH who="1" step="1"/><E4/><REACH who="1" ten="77,126,649,138" step="2"/><V64/><F21/><W48/><G22/><T114/><D114/><U52/><E52/><V5/><F66/><W16/><G24/><T40/><D40/><U133/><E133/><V78/><F64/><W101/><G65/><T55/><D55/><U134/><E134/><V19/><F28/><W79/><G18/><T102/><D68/><U31/><E31/><V45/><F42/><W9/><G9/><T3/><D35/><U130/><E130/><V127/><F127/><W124/><G124/><T38/><D67/><U85/><AGARI ba="0,1" hai="1,6,8,47,50,53,54,58,61,77,82,85,109,111" machi="85" ten="30,2000,0" yaku="1,1,0,1,53,0" doraHai="94" doraHaiUra="117" who="1" fromWho="1" sc="77,-5,126,30,649,-5,138,-10" /><INIT seed="4,0,0,2,2,31" ten="72,156,644,128" oya="0" hai0="131,35,25,105,53,47,126,107,45,55,117,123,76" hai1="73,51,50,110,2,1,72,106,89,84,43,28,124" hai2="8,92,58,135,122,134,60,39,4,15,88,94,87" hai3="42,103,23,102,104,132,133,40,44,80,112,74,99"/><T17/><D123/><U57/><E110/><V101/><F122/><W66/><G103/><T114/><D117/><U96/><E124/><V70/><F70/><W64/><G42/><T0/><D114/><U121/><E28/><V18/><F39/><N who="3" m="21535" /><G23/><N who="0" m="13551" /><D0/><U63/><E121/><V71/><F71/><W52/><G52/><N who="0" m="20043" /><D35/><U12/><E12/><V10/><F101/><W21/><G21/><T128/><D76/><U100/><E2/><V33/><F33/><W81/><G74/><T125/><D47/><U118/><E1/><V130/><F130/><N who="0" m="49706" /><D45/><U108/><E108/><V78/><F78/><W3/><G3/><T79/><D79/><U9/><E118/><V14/><F134/><N who="3" m="51819" /><G112/><T68/><D68/><U48/><E43/><V61/><F135/><W97/><G97/><T116/><D116/><U30/><E73/><V77/><F77/><W98/><G98/><T46/><D46/><U26/><E72/><V90/><F58/><W24/><G24/><T109/><D109/><U41/><E41/><V32/><F32/><W119/><G119/><T56/><D56/><U91/><E57/><V59/><F59/><W38/><G38/><T7/><D7/><U34/><E63/><V82/><F90/><W86/><G86/><T95/><D95/><AGARI ba="0,0" hai="4,8,10,14,15,18,60,61,82,87,88,92,94,95" machi="95" ten="40,2600,0" yaku="8,1,54,1" doraHai="31" who="2" fromWho="0" sc="72,-26,156,0,644,26,128,0" /><INIT seed="5,0,0,5,2,68" ten="46,156,670,128" oya="1" hai0="88,130,28,45,104,57,113,92,31,9,30,54,107" hai1="70,10,3,66,126,55,111,98,56,84,122,50,106" hai2="116,27,99,102,5,115,75,33,82,40,118,18,127" hai3="4,21,61,124,23,15,86,105,60,13,51,58,35"/><U93/><E111/><V133/><F133/><W16/><G35/><T74/><D113/><U53/><E126/><V24/><F127/><W20/><G105/><T25/><D74/><U65/><E122/><V2/><F40/><W42/><G124/><T81/><D130/><U19/><E70/><V80/><F80/><W62/><G86/><T1/><D25/><U12/><E3/><V26/><F115/><W100/><G100/><T91/><D81/><U46/><E84/><V131/><F131/><W11/><REACH who="3" step="1"/><G58/><REACH who="3" ten="46,156,670,118" step="2"/><T72/><D72/><U114/><E106/><V29/><F33/><W38/><G38/><T125/><D125/><U89/><REACH who="1" step="1"/><E114/><REACH who="1" ten="46,146,670,118" step="2"/><V44/><F75/><W112/><G112/><T76/><D107/><U49/><AGARI ba="0,2" hai="10,12,19,46,49,50,53,55,56,65,66,89,93,98" machi="49" ten="20,12000,1" yaku="1,1,2,1,0,1,7,1,8,1,53,0" doraHai="68" doraHaiUra="39" who="1" fromWho="1" sc="46,-40,146,140,670,-40,118,-40" /><INIT seed="5,1,0,2,3,100" ten="6,286,630,78" oya="1" hai0="98,35,56,80,44,126,33,41,28,34,102,91,57" hai1="112,21,52,47,40,6,63,1,54,38,85,4,128" hai2="125,36,83,10,60,122,18,111,48,29,134,50,32" hai3="113,55,118,105,51,127,12,132,86,107,81,135,61"/><U19/><E112/><V45/><F122/><W14/><G127/><T89/><D28/><U130/><E130/><V119/><F119/><W70/><G113/><T0/><D0/><U72/><E72/><V24/><F125/><W46/><G118/><T16/><D126/><U37/><E128/><V78/><F111/><W106/><G70/><T7/><D7/><U93/><E93/><V129/><F129/><W116/><G116/><T64/><D16/><U59/><E38/><V26/><F134/><N who="3" m="51243" /><G61/><T92/><D64/><U99/><E99/><V90/><F90/><AGARI ba="1,0" hai="12,14,46,51,55,81,86,90,105,106,107" m="51243" machi="90" ten="40,8000,1" yaku="20,1,52,3" doraHai="100" who="3" fromWho="2" sc="6,0,286,0,630,-83,78,83" /><INIT seed="6,0,0,2,0,75" ten="6,286,547,161" oya="2" hai0="42,78,24,21,32,60,35,62,115,129,76,33,90" hai1="72,31,82,118,83,56,132,135,127,130,19,41,69" hai2="114,104,4,86,64,123,18,108,3,44,112,58,9" hai3="77,55,99,100,20,29,124,45,117,91,5,96,54"/><V57/><F104/><W39/><G117/><T94/><D42/><U11/><E69/><V6/><F108/><W50/><G124/><T116/><D116/><U119/><E31/><V102/><F102/><W63/><G39/><T81/><D115/><N who="2" m="44074" /><F123/><W113/><G113/><T122/><D122/><U66/><E41/><V65/><F6/><W98/><G5/><T37/><D37/><U107/><E107/><V46/><F18/><W16/><G29/><T17/><D129/><U51/><E127/><V126/><F126/><W70/><G91/><T134/><D134/><N who="1" m="51243" /><E130/><V59/><F86/><W68/><G100/><T53/><D81/><N who="1" m="30731" /><E72/><V97/><F97/><W15/><G70/><T2/><D2/><U34/><E34/><V89/><F89/><W22/><G68/><T131/><D131/><U1/><E1/><V36/><F36/><W14/><G77/><N who="0" m="29803" /><D62/><N who="1" m="38215" /><E51/><V23/><F23/><W27/><G22/><T88/><D90/><U106/><E106/><V105/><F105/><W133/><G133/><T26/><D26/><U121/><E121/><V101/><F101/><W38/><G38/><T28/><D28/><U92/><E92/><V84/><F84/><W47/><G63/><T12/><D35/><U74/><E74/><V93/><F93/><W103/><G103/><T7/><D7/><U110/><E110/><V71/><F71/><W87/><G87/><N who="0" m="52511" /><D24/><U125/><E125/><V109/><F109/><W80/><G80/><T128/><D128/><U49/><E49/><AGARI ba="0,0" hai="14,15,16,20,27,45,47,49,50,54,55,96,98,99" machi="49" ten="40,5200,0" yaku="9,1,8,1,54,1" doraHai="75" who="3" fromWho="1" sc="6,0,286,-52,547,0,161,52" /><INIT seed="7,0,0,0,1,32" ten="6,234,547,213" oya="3" hai0="59,114,58,66,41,51,132,96,68,47,89,81,78" hai1="12,131,21,101,74,0,56,52,9,127,106,112,3" hai2="63,88,19,67,103,99,98,113,14,95,122,92,7" hai3="125,38,45,104,108,90,100,129,91,87,54,128,82"/><W85/><G125/><T53/><D96/><U111/><E74/><V61/><F113/><W42/><G108/><T6/><D89/><U76/><E76/><V57/><F122/><W5/><G100/><T17/><D17/><U29/><E111/><V70/><F70/><W65/><G104/><T123/><D6/><U69/><E69/><V55/><F7/><W23/><G65/><T16/><D16/><U130/><E127/><V1/><F1/><W50/><G23/><T15/><D15/><U119/><E21/><V11/><F67/><W24/><G24/><T40/><D81/><U36/><E29/><V77/><F77/><W64/><G64/><T135/><D78/><U34/><E34/><V49/><AGARI ba="0,0" hai="11,14,19,49,55,57,61,63,88,92,95,98,99,103" machi="49" ten="20,5200,0" yaku="0,1,7,1,8,1,54,1" doraHai="32" who="2" fromWho="2" sc="6,-13,234,-13,547,52,213,-26" owari="-7,-51.0,221,2.0,599,70.0,187,-21.0" /></mjloggm>