<mjloggm ver="2.3"><GO type="193" lobby="0"/><UN n0="%E3%83%88%E3%83%88%E3%83%AA%E5%85%88%E7%94%9F%31%39%E6%AD%B3" n1="%E5%86%A8%E8%94%B5" n2="%E7%AC%9B%E5%90%B9%E3%81%8D%E8%8A%B1%E3%81%A1%E3%82%83%E3%82%93" n3="%E7%99%BD%E6%B0%B4%E3%81%B2%E3%82%81%E3%81%93" dan="10,12,12,11" rate="1849.79,1706.76,1799.90,1629.48" sx="F,M,M,M"/><TAIKYOKU oya="0"/><INIT seed="0,0,0,2,3,58" ten="250,250,250,250" oya="0" hai0="134,112,30,55,100,19,126,46,56,37,36,87,48" hai1="105,122,91,52,49,88,92,68,3,9,74,84,121" hai2="119,82,103,50,95,45,16,62,111,7,115,81,76" hai3="124,128,98,123,2,133,43,24,64,101,104,116,20"/><T28/><D112/><U27/><E105/><V118/><F115/><W5/><G116/><N who="2" m="44585" /><F111/><W85/><G124/><T97/><D134/><U66/><E74/><V96/><F7/><W17/><G133/><T61/><D126/><U110/><E110/><V10/><F62/><W38/><G128/><T102/><D19/><U83/><E27/><V113/><F113/><W29/><G123/><T67/><D102/><U132/><E132/><V130/><F130/><W13/><G64/><T73/><D73/><U54/><E54/><N who="2" m="30031" /><F76/><W51/><G38/><T78/><D37/><U131/><E131/><V25/><F25/><W86/><G51/><T120/><D120/><U114/><E114/><V57/><F57/><W32/><G43/><T135/><D135/><U15/><E3/><V34/><F34/><W71/><G71/><T93/><D36/><U72/><E68/><V79/><F79/><W117/><G117/><T44/><D44/><U23/><E72/><V41/><F41/><W4/><G4/><T12/><D12/><AGARI ba="0,0" hai="10,12,16,81,82,95,96,103" m="30031,44585" machi="12" ten="30,2000,0" yaku="12,1,54,1" doraHai="58" who="2" fromWho="0" sc="250,-20,250,0,250,20,250,0" /><INIT seed="1,0,0,0,2,21" ten="230,250,270,250" oya="1" hai0="71,123,67,39,7,2,19,49,28,52,62,122,18" hai1="93,6,27,48,103,100,119,30,114,45,113,109,81" hai2="53,44,26,89,95,108,22,73,36,31,87,15,126" hai3="97,111,9,127,91,99,8,107,43,4,83,37,59"/><U12/><E119/><V1/><F73/><W133/><G111/><T60/><D39/><U35/><E109/><V54/><F1/><W69/><G133/><T86/><D62/><U79/><E103/><V116/><F108/><W101/><G69/><T75/><D75/><U51/><E51/><V110/><F116/><W131/><G131/><T23/><D28/><U76/><E76/><V14/><F110/><W130/><G130/><T55/><D19/><U94/><E94/><V124/><F36/><W128/><G128/><T11/><D86/><U90/><E100/><V88/><F89/><W82/><G127/><N who="2" m="48681" /><F44/><W65/><G37/><T17/><D17/><U84/><E6/><V125/><N who="2" m="48689" /><V63/><DORA hai="0" /><F63/><W105/><G43/><T102/><D102/><U29/><E12/><AGARI ba="0,0" hai="12,14,15,22,26,31,53,54,87,88,95" m="48689" machi="12" ten="40,5200,0" yaku="18,1,52,1,54,1" doraHai="21,0" who="2" fromWho="1" sc="230,0,250,-52,270,52,250,0" /><INIT seed="2,0,0,3,1,20" ten="230,198,322,250" oya="2" hai0="112,5,124,100,17,83,28,42,24,52,88,82,96" hai1="16,101,63,19,53,33,34,21,105,41,12,48,55" hai2="59,99,30,78,95,85,11,29,130,62,60,26,126" hai3="51,56,123,66,84,80,104,73,32,70,36,120,71"/><V0/><F130/><W15/><G104/><T65/><D112/><U64/><E105/><V38/><F126/><W125/><G36/><T44/><D124/><U119/><E101/><V67/><F38/><W72/><G125/><T108/><D108/><U116/><E41/><V111/><F111/><W61/><G32/><T98/><D65/><U110/><E110/><V115/><F115/><W90/><G71/><T122/><D122/><U132/><E132/><V134/><F134/><W39/><G39/><T121/><D121/><U10/><E119/><V113/><F113/><W69/><G69/><T68/><D68/><U74/><E74/><V129/><F129/><W9/><G73/><T128/><D128/><U94/><E116/><V103/><F60/><W131/><G72/><T77/><D5/><U18/><E18/><V127/><F127/><W22/><G131/><T87/><D42/><U31/><E31/><V50/><F50/><W13/><G22/><N who="0" m="13391" /><D28/><U4/><E4/><V23/><F0/><W75/><G75/><T91/><D82/><U106/><E106/><V79/><F11/><W47/><G70/><T37/><D37/><U97/><E55/><V49/><F67/><W14/><REACH who="3" step="1"/><G9/><REACH who="3" ten="230,198,322,240" step="2"/><T45/><D100/><U25/><E97/><V118/><F103/><W43/><AGARI ba="0,1" hai="13,14,15,43,47,51,56,61,66,80,84,90,120,123" machi="43" ten="30,7900,0" yaku="1,1,2,1,0,1,53,1" doraHai="20" doraHaiUra="81" who="3" fromWho="3" sc="230,-20,198,-20,322,-39,240,89" /><INIT seed="3,0,0,5,1,5" ten="210,178,283,329" oya="3" hai0="68,41,56,70,79,124,85,3,65,42,28,50,108" hai1="88,20,71,37,33,123,47,32,126,64,22,34,77" hai2="102,1,61,8,87,73,31,27,17,26,89,125,72" hai3="119,75,76,80,99,81,15,116,104,2,9,100,127"/><W18/><G2/><T105/><D105/><U45/><E77/><V67/><F125/><W107/><G127/><T19/><D3/><U69/><E126/><V48/><F102/><W57/><G107/><T53/><D124/><U23/><E37/><V38/><F38/><W98/><G98/><T122/><D28/><U131/><E123/><V90/><F48/><W62/><G81/><T110/><D19/><U82/><E131/><V35/><F27/><W0/><G0/><T25/><D25/><U96/><E96/><V132/><F132/><W14/><G14/><T135/><D85/><U51/><E82/><V121/><F121/><W129/><G129/><T4/><D4/><U117/><E51/><V12/><F1/><W120/><G120/><T60/><D79/><U92/><E117/><V44/><F44/><W93/><G104/><T6/><D6/><U24/><E24/><V74/><REACH who="2" step="1"/><F87/><REACH who="2" ten="210,178,273,329" step="2"/><W109/><G109/><N who="0" m="42091" /><D122/><U55/><E55/><AGARI ba="0,1" hai="9,15,18,55,57,62,75,76,80,93,99,100,116,119" machi="55" ten="30,2900,0" yaku="7,1,52,1" doraHai="5" who="3" fromWho="1" sc="210,0,178,-29,273,0,329,39" owari="210,-19.0,149,-35.0,273,7.0,368,47.0" /></mjloggm>