<mjloggm ver="2.3"><GO type="169" lobby="0"/><UN n0="%E3%82%A6%E3%83%AB%E3%83%88%E3%83%A9%E7%AB%8B%E7%9B%B4" n1="%79%6F%73%68%69%67%69" n2="%74%68%69%73%69%73%69%74" n3="%E3%81%8A%E3%81%98%E3%81%95%E3%82%93" dan="18,16,16,18" rate="2221.58,2176.15,2122.18,2219.24" sx="M,M,M,M"/><TAIKYOKU oya="0"/><INIT seed="0,0,0,3,1,71" ten="250,250,250,250" oya="0" hai0="30,120,98,35,51,77,17,91,42,110,54,93,124" hai1="33,74,66,50,103,78,75,11,90,94,1,83,125" hai2="79,128,99,22,70,2,27,37,113,131,119,14,41" hai3="12,21,24,20,32,135,57,106,109,101,92,34,118"/><T48/><D120/><U85/><E125/><V112/><F2/><W18/><G106/><T134/><D124/><U53/><E33/><N who="3" m="12906" /><G92/><T100/><D134/><U82/><E66/><V7/><F70/><W16/><G57/><T129/><D129/><N who="2" m="49738" /><F79/><W114/><G101/><T59/><D110/><U29/><E29/><N who="2" m="17655" /><F99/><W52/><G52/><T117/><D117/><U8/><E1/><V107/><F107/><W58/><G58/><T111/><D111/><U56/><E103/><V127/><F127/><W25/><G109/><T104/><D77/><AGARI ba="0,0" hai="8,11,50,53,56,74,75,77,78,82,83,85,90,94" machi="77" ten="40,1300,0" yaku="9,1" doraHai="71" who="1" fromWho="0" sc="250,-13,250,13,250,0,250,0" /><INIT seed="1,0,0,3,4,50" ten="237,263,250,250" oya="1" hai0="110,62,49,130,117,107,70,66,1,101,10,40,91" hai1="82,77,21,135,26,78,94,79,93,112,114,23,4" hai2="75,17,80,36,115,102,64,27,116,129,74,35,72" hai3="8,121,44,96,57,28,83,123,71,131,111,54,6"/><U85/><E135/><V128/><F116/><W89/><G111/><T63/><D117/><U48/><E4/><V69/><F36/><W52/><G71/><T13/><D110/><U39/><E39/><V60/><F115/><W87/><G131/><N who="2" m="50249" /><F102/><W12/><G28/><T15/><D130/><U31/><E114/><V99/><F99/><W65/><G65/><T45/><D1/><U9/><E112/><V90/><F90/><W88/><G44/><T37/><D63/><U3/><E23/><N who="2" m="13807" /><F35/><W38/><G38/><T105/><D101/><U56/><E9/><V119/><F119/><W95/><G54/><T53/><D91/><N who="1" m="51639" /><E3/><V84/><F84/><W22/><G22/><T29/><D29/><U55/><AGARI ba="0,0" hai="21,26,31,48,55,56,77,78,79,93,94" m="51639" machi="55" ten="30,3000,0" yaku="8,1,52,1" doraHai="50" who="1" fromWho="1" sc="237,-10,263,30,250,-10,250,-10" /><INIT seed="1,1,0,0,1,8" ten="227,293,240,240" oya="1" hai0="74,94,31,127,125,86,62,128,122,81,92,124,103" hai1="33,87,95,76,121,58,4,51,97,72,49,36,43" hai2="115,12,6,16,7,29,99,27,44,111,114,11,10" hai3="32,73,30,35,101,105,23,37,61,131,21,5,54"/><U89/><E121/><V25/><F111/><W28/><G37/><T71/><D31/><N who="3" m="11817" /><G54/><T55/><D55/><U26/><E72/><V84/><F99/><W112/><G61/><T116/><D62/><U20/><E33/><N who="3" m="12874" /><G101/><T100/><D71/><U59/><E4/><N who="2" m="1579" /><F44/><W107/><G73/><T130/><D116/><U24/><E36/><V77/><F29/><W39/><G39/><T2/><D2/><U91/><E76/><V90/><F77/><W80/><G80/><T109/><D109/><U83/><E26/><V1/><F1/><W102/><G102/><N who="0" m="38955" /><D122/><U134/><E134/><V60/><F60/><W88/><G88/><N who="0" m="51279" /><D74/><U108/><E108/><V52/><F52/><W3/><G112/><N who="2" m="43049" /><F11/><W63/><G63/><T40/><D40/><U45/><REACH who="1" step="1"/><E51/><REACH who="1" ten="227,283,240,240" step="2"/><V57/><F57/><W132/><G132/><T106/><D106/><U50/><E50/><V119/><F119/><W66/><G105/><T9/><D9/><U123/><E123/><V104/><F104/><W48/><G107/><T68/><D68/><U47/><E47/><V78/><F78/><W129/><G48/><T14/><D14/><U56/><E56/><V53/><F53/><W118/><G118/><T64/><D64/><U42/><E42/><V75/><F75/><W13/><G66/><T85/><D85/><U96/><E96/><V0/><F0/><W93/><G3/><T133/><D133/><U46/><E46/><V126/><F126/><W69/><G69/><T22/><D22/><N who="3" m="8201" /><G13/><T18/><D125/><U67/><E67/><V79/><F79/><W34/><N who="3" m="12882" /><W110/><DORA hai="117" /><G5/><RYUUKYOKU ba="1,1" sc="227,-15,283,15,240,15,240,-15" hai1="20,24,43,45,49,58,59,83,87,89,91,95,97" hai2="10,12,16,25,27,84,90" /><INIT seed="1,2,1,1,2,48" ten="212,298,255,225" oya="1" hai0="59,25,110,89,124,76,129,78,24,44,82,19,53" hai1="118,21,36,41,20,91,135,3,6,70,80,37,119" hai2="68,69,85,34,125,1,27,5,133,65,31,134,13" hai3="88,114,30,117,95,113,62,57,42,75,22,11,55"/><U33/><E33/><V0/><F65/><W7/><G75/><T122/><D110/><U132/><E70/><V43/><F43/><W38/><G117/><N who="1" m="44554" /><E6/><V40/><F40/><W123/><G123/><T63/><D122/><U47/><E3/><N who="2" m="1099" /><F85/><W54/><G38/><N who="1" m="14954" /><E47/><V16/><F69/><W10/><G42/><T103/><D103/><U83/><E91/><V17/><F68/><W121/><G121/><T101/><D101/><U32/><E41/><V56/><F56/><N who="3" m="35095" /><G114/><T99/><D44/><U9/><E32/><V46/><F46/><W92/><G7/><T26/><D124/><U14/><E14/><V100/><F100/><W66/><G66/><T120/><D120/><U12/><E12/><V116/><F116/><W81/><G113/><T74/><D78/><U97/><E97/><V29/><F125/><W90/><G81/><N who="1" m="31306" /><E9/><N who="3" m="3082" /><G92/><T106/><D106/><U73/><E73/><V52/><F5/><W98/><G98/><T4/><D4/><U51/><E51/><V18/><F13/><W86/><G86/><T23/><D129/><U111/><E111/><V104/><F104/><W87/><G87/><T96/><D96/><U39/><N who="1" m="14962" /><U130/><DORA hai="128" /><E130/><V79/><F79/><W94/><G94/><AGARI ba="2,1" hai="19,23,24,25,26,53,59,63,74,76,82,89,94,99" machi="94" ten="40,5200,0" yaku="25,2,52,1" doraHai="48,128" who="0" fromWho="3" sc="212,68,298,0,255,0,225,-58" /><INIT seed="2,0,0,4,4,127" ten="280,298,255,167" oya="2" hai0="135,69,26,38,5,108,81,21,80,126,74,76,56" hai1="50,45,87,2,64,98,42,34,115,36,71,41,132" hai2="33,77,61,65,22,63,25,106,14,103,112,9,91" hai3="8,55,95,89,1,0,111,70,23,128,79,117,125"/><V121/><F121/><W46/><G125/><T99/><D69/><U120/><E115/><V85/><F112/><W43/><G117/><T84/><D38/><U54/><E2/><V94/><F77/><W35/><G111/><T27/><D108/><U19/><E34/><V129/><F33/><W12/><G35/><T32/><D126/><U10/><E120/><V78/><F78/><W113/><G113/><T62/><D135/><U6/><E132/><V123/><F123/><W73/><G70/><T86/><D5/><U18/><E98/><V131/><F103/><W52/><G23/><T40/><D40/><U24/><E42/><V110/><F106/><W37/><G128/><N who="2" m="49225" /><F65/><W68/><G68/><T31/><D99/><U88/><E24/><V49/><F49/><W13/><G79/><T7/><D27/><U51/><E50/><V67/><F67/><W59/><G73/><T4/><D74/><U17/><E64/><V109/><F109/><W16/><G13/><T83/><D32/><U72/><E72/><V75/><F75/><W104/><G104/><T30/><D76/><U118/><E71/><V3/><F3/><W122/><G122/><T20/><D26/><U134/><E134/><V58/><F58/><W29/><G55/><T114/><D56/><U44/><E118/><V53/><F53/><W119/><G119/><T39/><D114/><U48/><E36/><V15/><F110/><W90/><G90/><T47/><D39/><U100/><E100/><V93/><F15/><W102/><G102/><T124/><D124/><U92/><E10/><V96/><F9/><RYUUKYOKU ba="0,0" sc="280,-10,298,30,255,-10,167,-10" hai1="6,17,18,19,41,44,45,48,51,54,87,88,92" /><INIT seed="3,1,0,1,3,33" ten="270,328,245,157" oya="3" hai0="82,30,1,93,86,112,107,8,76,34,111,124,73" hai1="16,90,15,123,101,0,89,38,135,104,68,94,35" hai2="119,55,9,19,17,65,126,69,48,32,58,56,110" hai3="51,118,5,61,108,113,75,77,132,83,49,39,44"/><W72/><G113/><T63/><D112/><U57/><E123/><V130/><F119/><W70/><G118/><T26/><D107/><U116/><E116/><V28/><F126/><W43/><G132/><T6/><D124/><U131/><E135/><V114/><F114/><W127/><G127/><T128/><D111/><U120/><E120/><V25/><F110/><W21/><G108/><T97/><D128/><U45/><E131/><V23/><F130/><W88/><G75/><T99/><D63/><U40/><E68/><V11/><F69/><W54/><G21/><T50/><D50/><U98/><E35/><V59/><F65/><W4/><G88/><T14/><D73/><U62/><E0/><V42/><F42/><W60/><G51/><T85/><D85/><U47/><E45/><V134/><F134/><W78/><G78/><T80/><D80/><U41/><E40/><V95/><F95/><W3/><G70/><T37/><D37/><U22/><REACH who="1" step="1"/><E104/><REACH who="1" ten="270,318,245,157" step="2"/><V133/><F133/><W7/><REACH who="3" step="1"/><G3/><REACH who="3" ten="270,318,245,147" step="2"/><T103/><D1/><U91/><E91/><V81/><F32/><W20/><G20/><T79/><D97/><U10/><E10/><V24/><F9/><W46/><AGARI ba="1,2" hai="4,5,7,39,43,44,46,49,54,60,61,72,77,83" machi="46" ten="30,3000,0" yaku="1,1,0,1,53,0" doraHai="33" doraHaiUra="66" who="3" fromWho="3" sc="270,-11,318,-11,245,-11,147,53" /><INIT seed="3,2,0,2,4,78" ten="259,307,234,200" oya="3" hai0="55,133,26,82,76,10,80,27,25,129,36,65,91" hai1="87,42,28,56,21,88,105,62,79,51,84,31,114" hai2="53,40,81,92,52,116,72,135,30,18,59,58,20" hai3="12,64,134,75,77,2,9,45,85,101,93,50,38"/><W128/><G38/><T35/><D36/><U67/><E114/><V19/><F116/><W29/><G2/><T70/><D35/><U6/><E105/><V131/><F131/><W108/><G128/><T32/><D32/><U127/><E127/><V94/><F135/><W83/><G134/><T11/><D129/><U37/><E6/><V99/><F40/><N who="3" m="24871" /><G75/><T95/><D133/><U15/><E37/><V71/><F71/><W24/><G108/><T104/><D104/><U17/><E42/><V122/><F122/><W119/><G119/><T61/><D55/><N who="2" m="21066" /><F72/><W16/><G64/><T33/><D33/><U57/><E51/><V39/><F39/><W106/><G106/><T124/><D124/><U112/><E57/><N who="2" m="21515" /><F30/><W4/><G29/><T3/><D76/><U1/><E1/><V109/><F109/><W54/><G54/><T123/><D123/><U7/><E7/><V98/><F98/><N who="3" m="59599" /><G24/><T102/><D102/><U115/><E112/><V130/><F130/><W103/><G103/><T111/><D111/><U113/><E115/><V110/><F110/><W34/><G34/><T13/><D3/><U73/><E113/><V22/><F99/><W60/><G60/><T8/><REACH who="0" step="1"/><D13/><REACH who="0" ten="249,307,234,200" step="2"/><U44/><E15/><V69/><F69/><W74/><G74/><T89/><D89/><U86/><E88/><V68/><F68/><W14/><G14/><T96/><AGARI ba="2,1" hai="8,10,11,25,26,27,61,65,70,80,82,91,95,96" machi="96" ten="30,7900,0" yaku="1,1,0,1,52,2,53,0" doraHai="78" doraHaiUra="118" who="0" fromWho="0" sc="249,95,307,-22,234,-22,200,-41" /><INIT seed="4,0,0,0,4,89" ten="344,285,212,159" oya="0" hai0="107,133,97,60,48,93,91,33,85,72,12,2,25" hai1="131,75,6,58,59,8,10,79,16,42,35,106,52" hai2="69,43,14,50,64,114,115,31,121,105,81,67,104" hai3="80,108,0,129,27,40,116,87,36,63,26,132,57"/><T73/><D2/><U13/><E131/><V19/><F121/><W1/><G129/><T126/><D126/><U17/><E106/><N who="2" m="41067" /><F31/><W127/><G116/><T111/><D111/><U45/><E35/><V86/><F43/><W90/><G108/><T74/><D133/><U22/><E17/><V56/><F50/><W46/><G127/><T109/><D109/><U53/><E10/><N who="2" m="6615" /><F56/><W123/><G132/><T37/><D37/><U3/><E59/><V78/><F69/><W117/><G117/><T101/><D12/><U102/><E102/><V39/><F39/><W20/><G123/><T4/><D48/><U21/><E58/><V135/><F135/><W130/><G130/><T71/><D4/><U84/><E22/><V112/><AGARI ba="0,0" hai="64,67,78,81,86,112,114,115" m="6615,41067" machi="112" ten="40,1500,0" yaku="15,1" doraHai="89" who="2" fromWho="2" sc="344,-7,285,-4,212,15,159,-4" /><INIT seed="5,0,0,5,4,116" ten="337,281,227,155" oya="1" hai0="112,51,99,57,4,17,119,50,110,48,45,129,20" hai1="107,74,14,39,38,127,22,40,89,76,103,46,115" hai2="130,44,114,27,35,58,104,15,77,128,66,100,37" hai3="88,84,7,19,125,72,31,101,106,90,73,43,54"/><U113/><E39/><V78/><F15/><W97/><G43/><T85/><D110/><U3/><E127/><V10/><F10/><W122/><G7/><T52/><D112/><U12/><E89/><V109/><F109/><W26/><G125/><T102/><D129/><U120/><E3/><V47/><F37/><W62/><G122/><T29/><D29/><U33/><E33/><V81/><F100/><W70/><G19/><T0/><D85/><U61/><E61/><N who="2" m="38199" /><F104/><W94/><G90/><T9/><D45/><U96/><E120/><V16/><F35/><W69/><G54/><T30/><D30/><U95/><E107/><V133/><F133/><W28/><G28/><T11/><D11/><U23/><E12/><V82/><F82/><W24/><G24/><T2/><D2/><U32/><E32/><V55/><F55/><W64/><REACH who="3" step="1"/><G69/><REACH who="3" ten="337,281,227,145" step="2"/><T13/><D119/><U132/><E132/><V105/><F16/><W118/><G118/><T134/><D134/><U6/><E6/><V91/><F27/><W5/><G5/><T111/><D111/><U79/><E14/><V135/><F135/><W53/><G53/><T126/><D126/><U75/><E113/><V21/><F114/><W68/><G68/><T34/><D34/><AGARI ba="0,1" hai="26,31,34,62,64,70,72,73,84,88,94,97,101,106" machi="34" ten="30,8000,1" yaku="1,1,7,1,25,2,54,1,53,0" doraHai="116" doraHaiUra="36" who="3" fromWho="0" sc="337,-80,281,0,227,0,145,90" /><INIT seed="6,0,0,2,5,116" ten="257,281,227,235" oya="2" hai0="113,76,55,19,34,58,3,7,16,92,67,9,122" hai1="38,80,4,66,101,44,11,108,57,24,59,79,72" hai2="63,112,61,30,23,17,106,74,81,18,8,53,118" hai3="41,70,88,117,51,90,64,37,103,91,114,28,15"/><V71/><F118/><W25/><G117/><T96/><D122/><U50/><E108/><V27/><F106/><W84/><G37/><T78/><D34/><U129/><E129/><V125/><F112/><W43/><G114/><T33/><D33/><U77/><E77/><V130/><F130/><W56/><G70/><T75/><D67/><U89/><E101/><V98/><F125/><W111/><G111/><T99/><D99/><U29/><E89/><N who="3" m="34410" /><G103/><T94/><D3/><U46/><E44/><V104/><F104/><W87/><G15/><N who="0" m="5567" /><D75/><U97/><E97/><V62/><F71/><W32/><G32/><T5/><D5/><U13/><E66/><V123/><F123/><W65/><G65/><T20/><D113/><U93/><E93/><N who="0" m="35945" /><D96/><U109/><E109/><V68/><F98/><W82/><G87/><T105/><D105/><U86/><E72/><V132/><F68/><W40/><G64/><T52/><D55/><U85/><E85/><V36/><F36/><W128/><G128/><T110/><D110/><U45/><E45/><V22/><F53/><N who="3" m="31807" /><G43/><T131/><D131/><U95/><E38/><V39/><F39/><W100/><G100/><T102/><D102/><U121/><E95/><V69/><F69/><W135/><G41/><T35/><D35/><N who="1" m="20903" /><E121/><V14/><F74/><W54/><G40/><AGARI ba="0,0" hai="4,11,13,40,46,50,57,59,79,80,86" m="20903" machi="40" ten="30,1000,0" yaku="25,1" doraHai="116" who="1" fromWho="3" sc="257,0,281,10,227,0,235,-10" /><INIT seed="7,0,0,4,1,95" ten="257,291,227,225" oya="3" hai0="32,103,85,40,45,37,102,25,28,117,52,132,125" hai1="116,53,16,6,119,106,128,8,5,14,57,50,47" hai2="27,12,0,123,113,65,55,135,11,39,75,90,84" hai3="91,7,133,120,127,38,46,15,92,115,51,105,18"/><W100/><G120/><T81/><D117/><N who="1" m="45131" /><E128/><V64/><F113/><W67/><G115/><T34/><D125/><U134/><E134/><V71/><F135/><W82/><G133/><T17/><D34/><U61/><E106/><V41/><F75/><W30/><G127/><T54/><D17/><U96/><E96/><V78/><F0/><W89/><G38/><T74/><D74/><U69/><E69/><V13/><F78/><W104/><G30/><T68/><D68/><U26/><E26/><V21/><F123/><W9/><G67/><AGARI ba="0,0" hai="5,6,8,14,16,47,50,53,57,61,67" m="45131" machi="67" ten="30,2000,0" yaku="12,1,54,1" doraHai="95" who="1" fromWho="3" sc="257,0,291,20,227,0,225,-20" owari="257,6.0,311,40.0,227,-17.0,205,-29.0" /></mjloggm>