<mjloggm ver="2.3"><GO type="169" lobby="0"/><UN n0="%7A%65%6C%64%69%6E%61" n1="%31%30%30%27%73" n2="%E3%83%90%E3%83%90%E3%82%A2%E3%81%AE%E6%97%A5%E5%82%98" n3="%E3%83%88%E3%83%88%E3%83%AA%E5%85%88%E7%94%9F%31%39%E6%AD%B3" dan="16,16,17,17" rate="2114.23,2051.80,2193.10,2248.74" sx="M,M,F,F"/><TAIKYOKU oya="0"/><INIT seed="0,0,0,1,5,131" ten="250,250,250,250" oya="0" hai0="39,45,40,92,43,132,84,44,120,129,33,78,126" hai1="68,26,24,94,79,1,98,118,57,62,83,14,91" hai2="112,69,64,42,102,17,31,100,127,72,66,88,37" hai3="87,75,109,5,114,108,125,89,20,6,9,90,3"/><T86/><D129/><U93/><E1/><V117/><F72/><W0/><G114/><T18/><D120/><U4/><E68/><V77/><F77/><W67/><G75/><T128/><D128/><U15/><E118/><V36/><F31/><W106/><G106/><T21/><D33/><U116/><E116/><V29/><F29/><W58/><G125/><T133/><D126/><U34/><E34/><V28/><F28/><W85/><G20/><T73/><D73/><U130/><E130/><V95/><F112/><W25/><G25/><N who="1" m="9834" /><E79/><V113/><F113/><W38/><G58/><T22/><D18/><U12/><E83/><V53/><F127/><W105/><G105/><T76/><D92/><N who="1" m="56607" /><E4/><V13/><F69/><W101/><G101/><N who="2" m="39017" /><F37/><AGARI ba="0,0" hai="21,22,37,39,40,43,44,45,76,78,84,86,132,133" machi="37" ten="25,9600,0" yaku="22,2,52,2" doraHai="131" who="0" fromWho="2" sc="250,96,250,0,250,-96,250,0" /><INIT seed="0,1,0,1,5,54" ten="346,250,154,250" oya="0" hai0="116,67,113,47,125,13,135,71,49,51,91,1,8" hai1="108,37,69,134,63,132,73,89,84,117,55,112,26" hai2="14,56,5,105,87,88,35,57,74,127,2,52,28" hai3="61,100,124,27,86,81,120,90,19,93,101,24,64"/><T110/><D116/><U106/><E73/><V102/><F74/><W121/><G124/><T4/><D113/><U129/><E106/><V50/><F2/><W103/><G81/><T58/><D125/><U66/><E117/><V83/><F127/><W77/><G77/><T44/><D135/><N who="1" m="51755" /><E112/><V68/><F68/><W99/><G99/><T114/><D71/><U107/><E107/><V123/><F123/><N who="3" m="47179" /><G19/><T78/><D78/><U72/><E37/><V34/><F28/><W96/><G86/><T122/><D122/><U33/><E108/><V32/><F105/><W98/><G98/><T104/><D104/><U22/><E33/><V6/><F102/><W131/><G131/><T115/><D110/><U65/><E129/><V75/><F75/><W9/><G9/><T109/><D109/><U85/><E72/><V38/><F38/><W79/><G79/><T21/><D91/><U94/><E65/><V48/><F14/><W92/><G92/><T18/><D67/><U25/><E85/><V82/><F83/><W20/><G20/><T41/><D115/><U59/><E22/><V43/><REACH who="2" step="1"/><F57/><AGARI ba="1,0" hai="24,27,57,61,64,90,93,96,100,101,103" m="47179" machi="57" ten="30,2000,0" yaku="13,1,52,1" doraHai="54" who="3" fromWho="2" sc="346,0,250,0,154,-23,250,23" /><INIT seed="1,0,0,2,1,25" ten="346,250,131,273" oya="1" hai0="49,8,108,93,78,4,104,115,65,96,60,98,77" hai1="62,88,113,39,92,129,42,70,73,46,82,114,66" hai2="76,90,3,21,43,79,103,112,30,84,58,83,119" hai3="132,122,107,100,64,71,85,81,110,55,29,44,118"/><U67/><E129/><V69/><F69/><W17/><G122/><T32/><D32/><U26/><E67/><V91/><F3/><W18/><G110/><T61/><D115/><U13/><E13/><V36/><F119/><W135/><G118/><T10/><D108/><U54/><E26/><N who="2" m="16719" /><F36/><W11/><G11/><T105/><D49/><U86/><REACH who="1" step="1"/><E54/><REACH who="1" ten="346,240,131,273" step="2"/><V89/><F112/><W130/><G55/><T19/><D65/><U7/><E7/><V102/><F43/><W28/><G130/><T50/><D4/><U34/><E34/><V94/><F79/><AGARI ba="0,1" hai="39,42,46,62,66,70,73,79,82,86,88,92,113,114" machi="79" ten="40,3900,0" yaku="1,1,54,1,53,0" doraHai="25" doraHaiUra="128" who="1" fromWho="2" sc="346,0,240,49,131,-39,273,0" /><INIT seed="1,1,0,2,0,109" ten="346,289,92,273" oya="1" hai0="67,72,53,77,85,113,44,5,130,131,112,90,12" hai1="48,133,74,15,1,19,132,103,129,16,26,68,62" hai2="51,6,134,75,9,11,122,63,22,39,94,3,7" hai3="61,21,98,59,73,99,104,81,100,106,78,65,125"/><U54/><E1/><V17/><F39/><W18/><G125/><T41/><D67/><N who="1" m="41079" /><E74/><V121/><F75/><W55/><G99/><T96/><D96/><U40/><E129/><N who="0" m="49161" /><D53/><U36/><E103/><V71/><F51/><W37/><G37/><N who="0" m="21551" /><D77/><U64/><E64/><V34/><F94/><W93/><REACH who="3" step="1"/><G65/><REACH who="3" ten="346,289,92,263" step="2"/><T14/><D72/><U23/><E36/><V86/><F122/><W97/><G97/><T89/><D5/><U47/><E133/><V31/><F121/><W119/><G119/><T95/><D90/><U135/><E135/><V24/><F134/><W79/><G79/><T38/><D38/><U83/><E132/><V102/><F102/><W25/><AGARI ba="1,1" hai="18,21,25,55,59,61,73,78,81,93,98,100,104,106" machi="25" ten="20,2700,0" yaku="1,1,0,1,7,1,53,0" doraHai="109" doraHaiUra="108" who="3" fromWho="3" sc="346,-8,289,-14,92,-8,263,40" /><INIT seed="2,0,0,5,5,26" ten="338,275,84,303" oya="2" hai0="132,65,19,104,100,68,27,92,18,51,129,114,72" hai1="128,11,48,8,90,60,32,122,66,133,34,6,69" hai2="57,98,30,46,37,80,113,96,125,9,29,16,86" hai3="24,89,118,71,0,101,45,94,47,81,124,95,39"/><V106/><F113/><W85/><G118/><T17/><D72/><U116/><E116/><V103/><F125/><W121/><G121/><T33/><D114/><U25/><E122/><V73/><F73/><W77/><G71/><T61/><D132/><U119/><E119/><V115/><F115/><W22/><G0/><T15/><D92/><U31/><E133/><V117/><F117/><W97/><G39/><T76/><D76/><U74/><E128/><V1/><F1/><W58/><G58/><T87/><D87/><U82/><E48/><V55/><F37/><W110/><G110/><T130/><D51/><U35/><E74/><V83/><F46/><W63/><G63/><T23/><D130/><U44/><E44/><V28/><F96/><N who="3" m="59551" /><G124/><T91/><D91/><U70/><E69/><V79/><F83/><W93/><G93/><T50/><D50/><U49/><E49/><V88/><F79/><W10/><G10/><T131/><D131/><U123/><E11/><V20/><F9/><W13/><G13/><T126/><D126/><U41/><E123/><V36/><F36/><W56/><G56/><T120/><D120/><U42/><E42/><V105/><F105/><W7/><G7/><T127/><D127/><U5/><E41/><V67/><F67/><W102/><G77/><T21/><D129/><U112/><E112/><V14/><F30/><AGARI ba="0,0" hai="22,24,30,45,47,81,85,89,94,97,102" m="59551" machi="30" ten="30,2000,0" yaku="8,1,52,1" doraHai="26" who="3" fromWho="2" sc="338,0,275,0,84,-20,303,20" /><INIT seed="3,0,0,2,3,54" ten="338,275,64,323" oya="3" hai0="98,105,133,45,70,66,104,95,96,19,14,115,89" hai1="17,90,7,39,2,81,57,56,118,62,48,80,103" hai2="129,135,113,20,55,28,75,84,50,82,53,120,67" hai3="76,22,71,29,111,30,31,36,126,60,119,41,117"/><W59/><G71/><T124/><D124/><U47/><E39/><V32/><F113/><W110/><G126/><T93/><D133/><U24/><E118/><V4/><F32/><W114/><G114/><T68/><D115/><U107/><E107/><V109/><F109/><N who="3" m="41483" /><G76/><T46/><D66/><U91/><E103/><V74/><F129/><W122/><G122/><T112/><D112/><U9/><E81/><V83/><F135/><W102/><G102/><T125/><D125/><U79/><E24/><V72/><F4/><W10/><G22/><T23/><D68/><U3/><E17/><V97/><F55/><N who="3" m="33919" /><G10/><T40/><D70/><U33/><E33/><V26/><F120/><W99/><G99/><T86/><D98/><U1/><E79/><V94/><F67/><W43/><G36/><T13/><D105/><U42/><E90/><V37/><F37/><W92/><G92/><T77/><D104/><U78/><E91/><N who="2" m="53607" /><F97/><W34/><G34/><T73/><D95/><U35/><E35/><V61/><F83/><W128/><G128/><T44/><D96/><U85/><E80/><V51/><F82/><W63/><G63/><T132/><D77/><U52/><E78/><V18/><F28/><W49/><G49/><N who="2" m="18441" /><F61/><W38/><G38/><T8/><D132/><U12/><E85/><V15/><F15/><W69/><G69/><T123/><D93/><U100/><E100/><V101/><F101/><W65/><G65/><T106/><D14/><U58/><AGARI ba="0,0" hai="1,2,3,7,9,12,42,47,48,52,56,57,58,62" machi="58" ten="40,8000,1" yaku="0,1,52,3,54,1" doraHai="54" who="1" fromWho="1" sc="338,-20,275,80,64,-20,323,-40" /><INIT seed="4,0,0,3,0,63" ten="318,355,44,283" oya="0" hai0="99,55,62,18,92,1,27,29,40,47,133,88,53" hai1="82,19,130,102,60,100,49,117,26,119,50,41,69" hai2="20,52,80,12,67,124,48,44,74,36,112,13,131" hai3="4,0,28,38,59,43,45,35,77,51,25,66,109"/><T31/><D133/><U11/><E82/><V15/><F112/><W83/><G109/><T6/><D1/><U42/><E11/><V58/><F124/><W46/><G4/><T123/><D123/><U72/><E72/><V116/><F131/><W125/><G0/><T105/><D105/><U10/><E10/><V2/><F116/><W56/><G125/><T132/><D6/><U70/><E26/><V21/><F2/><W121/><G121/><T23/><D132/><U33/><E19/><V16/><F36/><W103/><G103/><T126/><D126/><U122/><E122/><V94/><F94/><W34/><G34/><T85/><D85/><U90/><E60/><N who="2" m="38295" /><F74/><W68/><G66/><T107/><D107/><U37/><E37/><V17/><F80/><W5/><G5/><T95/><D95/><U115/><E33/><V110/><F110/><W8/><G8/><T108/><D108/><U106/><E106/><V65/><F65/><W78/><G68/><T73/><D73/><U81/><E81/><V57/><F44/><W7/><G7/><T79/><D79/><U87/><E115/><V61/><F61/><W101/><G101/><T32/><D62/><U75/><E75/><V22/><AGARI ba="0,0" hai="12,13,15,16,17,20,21,22,48,52,57" m="38295" machi="22" ten="30,7900,0" yaku="8,1,52,1,54,2" doraHai="63" who="2" fromWho="2" sc="318,-39,355,-20,44,79,283,-20" /><INIT seed="5,0,0,0,2,86" ten="279,335,123,263" oya="1" hai0="70,130,17,19,13,35,39,67,6,104,133,46,38" hai1="68,120,132,106,64,16,34,123,112,60,57,129,37" hai2="83,10,54,116,124,0,7,94,77,49,31,5,27" hai3="113,103,59,134,62,92,125,45,41,69,87,117,91"/><U90/><E106/><V28/><F124/><W100/><G69/><T18/><D35/><U12/><E34/><V72/><F116/><W29/><G125/><T20/><D104/><U105/><E105/><V44/><F7/><W107/><G107/><T109/><D109/><U22/><E37/><V9/><F9/><W25/><G134/><T95/><D133/><U40/><E40/><V43/><F27/><W81/><G113/><T79/><D79/><U23/><E132/><V78/><F78/><W66/><G81/><T24/><D130/><U52/><E112/><V135/><F135/><W126/><G117/><T84/><D67/><U53/><E129/><V50/><REACH who="2" step="1"/><F94/><REACH who="2" ten="279,335,113,263" step="2"/><W47/><G126/><T15/><D95/><U33/><E120/><V115/><F115/><W121/><G121/><T14/><D6/><U63/><E123/><V119/><F119/><W58/><G25/><T93/><D24/><U101/><E33/><V131/><F131/><W1/><G1/><T36/><D20/><U3/><E23/><V55/><F55/><W74/><G92/><T118/><D118/><U122/><E3/><V97/><F97/><W48/><G41/><T30/><D93/><U114/><E122/><V96/><F96/><W26/><G26/><T2/><D2/><U75/><E114/><V102/><F102/><N who="3" m="38955" /><G29/><T42/><D13/><U111/><E12/><V108/><F108/><W98/><G98/><T21/><D14/><U80/><E111/><V89/><F89/><W32/><G32/><T71/><D15/><U61/><E101/><V88/><F88/><W127/><G127/><RYUUKYOKU ba="0,1" sc="279,-10,335,-10,113,30,263,-10" hai2="0,5,10,28,31,43,44,49,50,54,72,77,83" /><INIT seed="6,1,1,2,5,78" ten="269,325,143,253" oya="2" hai0="55,63,56,118,102,26,110,81,21,64,70,135,42" hai1="60,91,92,103,35,84,46,88,50,96,49,65,68" hai2="94,62,17,58,85,76,52,116,87,99,24,119,48" hai3="73,107,115,32,20,121,44,89,41,82,80,130,53"/><V127/><F127/><W3/><G121/><T13/><D110/><U29/><E35/><V54/><F119/><W2/><G32/><T128/><D135/><U86/><E29/><V51/><F116/><W25/><G107/><T113/><D128/><U0/><E0/><V57/><F76/><W39/><G130/><T43/><D118/><U106/><E46/><V79/><F79/><W72/><G115/><T114/><D102/><U132/><E132/><V108/><F108/><W27/><G27/><T59/><D13/><U7/><E7/><V131/><F131/><W129/><G129/><T37/><D81/><AGARI ba="1,1" hai="49,50,60,65,68,81,84,86,88,91,92,96,103,106" machi="81" ten="30,3900,0" yaku="7,1,52,1,54,1" doraHai="78" who="1" fromWho="0" sc="269,-42,325,52,143,0,253,0" /><INIT seed="7,0,0,0,2,1" ten="227,377,143,253" oya="3" hai0="52,114,100,56,72,79,4,92,33,116,48,135,133" hai1="25,63,87,13,54,7,10,19,97,44,50,41,73" hai2="76,18,107,96,46,30,6,109,125,61,118,27,126" hai3="117,110,32,5,43,71,55,99,64,103,85,68,58"/><W111/><G117/><T3/><D33/><U36/><E73/><V74/><F109/><N who="3" m="41483" /><G32/><T49/><D116/><U84/><E63/><V86/><F18/><W88/><G64/><T26/><D26/><U17/><E97/><V77/><F118/><W69/><G43/><T98/><D114/><U128/><E128/><V123/><F123/><W45/><G45/><T134/><D79/><U94/><E94/><V124/><F74/><W81/><G5/><T120/><D72/><U70/><E70/><V51/><F61/><N who="3" m="36063" /><G69/><T91/><D120/><U28/><E7/><V129/><F129/><W75/><G75/><T95/><D48/><U119/><E119/><V14/><F86/><W66/><G66/><T108/><D108/><U130/><E130/><V102/><F14/><W83/><G83/><T42/><D42/><U132/><E87/><V47/><F6/><W11/><G11/><N who="0" m="2463" /><D95/><AGARI ba="0,0" hai="68,71,81,85,88,95,99,103" m="36063,41483" machi="95" ten="30,2900,0" yaku="10,1,54,1" doraHai="1" who="3" fromWho="0" sc="227,-29,377,0,143,0,253,29" /><INIT seed="7,1,0,0,0,11" ten="198,377,143,282" oya="3" hai0="65,70,117,57,127,108,38,96,52,76,56,49,26" hai1="102,99,86,114,66,47,131,106,44,62,59,21,104" hai2="111,77,14,121,10,20,103,125,1,48,101,28,126" hai3="39,115,25,24,36,122,94,134,12,58,123,9,5"/><W13/><G58/><T18/><D38/><U74/><E74/><V73/><F111/><W54/><G54/><T87/><D117/><U19/><E106/><V95/><F121/><W50/><G50/><T92/><D127/><U15/><E114/><V7/><F73/><W40/><G94/><T30/><D108/><U31/><E131/><V119/><F119/><W112/><G40/><T124/><D124/><U84/><E31/><V22/><F77/><W113/><G134/><T110/><D110/><U33/><REACH who="1" step="1"/><E33/><REACH who="1" ten="198,367,143,282" step="2"/><V97/><F103/><W61/><G61/><T133/><D30/><U91/><E91/><V135/><F135/><W8/><G113/><T85/><D133/><U6/><E6/><AGARI ba="1,1" hai="5,6,8,9,12,13,24,25,36,39,112,115,122,123" machi="6" ten="25,9600,0" yaku="22,2,52,2" doraHai="11" who="3" fromWho="1" sc="198,0,367,-99,143,0,282,109" owari="198,-20.0,268,7.0,143,-36.0,391,49.0" /></mjloggm>