<mjloggm ver="2.3"><GO type="97" lobby="0"/><UN n0="%E3%81%97%E3%82%85%E3%82%93%E3%81%A6%E3%81%83%E3%83%BC%E3%81%AC" n1="%E3%83%88%E3%83%88%E3%83%AA%E5%85%88%E7%94%9F%31%39%E6%AD%B3" n2="%E3%82%B8%E3%82%A7%E3%83%AA%E3%82%B3%E3%81%AE%E5%A3%81" n3="%70%6F%70%6F%31%33%73%70" dan="14,14,13,14" rate="1968.60,2013.21,1914.33,1916.72" sx="M,F,M,M"/><TAIKYOKU oya="0"/><INIT seed="0,0,0,0,1,122" ten="250,250,250,250" oya="0" hai0="58,82,99,124,86,89,127,56,108,38,74,5,30" hai1="15,114,79,3,106,118,45,4,41,54,63,81,112" hai2="66,98,22,110,111,126,64,133,85,35,57,21,94" hai3="70,84,6,12,83,42,39,132,91,36,93,49,115"/><T96/><D38/><U16/><E118/><V72/><F35/><W44/><G70/><T19/><D30/><U107/><E4/><V1/><F72/><W29/><G115/><N who="1" m="44074" /><E3/><V78/><F1/><W26/><G132/><T129/><D129/><U65/><E54/><V92/><F133/><W75/><G75/><T80/><D5/><U69/><E81/><V77/><F85/><W48/><G39/><T73/><D19/><U113/><E79/><V33/><F33/><W17/><G6/><T0/><D0/><U116/><E116/><V23/><F126/><W87/><G17/><T27/><D27/><U104/><N who="1" m="44082" /><U18/><DORA hai="109" /><E15/><V60/><F66/><W100/><G100/><T68/><D68/><U31/><E31/><V61/><F61/><W9/><G12/><T24/><D24/><U62/><E62/><V2/><F2/><W88/><REACH who="3" step="1"/><G9/><REACH who="3" ten="250,250,250,240" step="2"/><T130/><D130/><U95/><E95/><N who="2" m="36395" /><F98/><W67/><G67/><T71/><D71/><U13/><E13/><V40/><F40/><W55/><G55/><T53/><D53/><U43/><E43/><V119/><F119/><W90/><G90/><T51/><D89/><U101/><E101/><V59/><F59/><W123/><G123/><T25/><D25/><U102/><E102/><V34/><F78/><W37/><G37/><AGARI ba="0,1" hai="16,18,37,41,45,63,65,69,104,106,107" m="44082" machi="37" ten="50,12000,2" yaku="11,1,52,4,54,1" doraHai="122,109" who="1" fromWho="3" sc="250,0,250,130,250,0,240,-120" /><INIT seed="1,0,0,5,0,88" ten="250,380,250,120" oya="1" hai0="79,11,68,80,25,50,122,38,133,123,107,101,10" hai1="18,16,130,98,113,23,93,110,48,71,135,21,6" hai2="44,9,94,83,62,57,91,104,86,82,41,70,73" hai3="97,134,105,31,51,2,65,126,42,76,20,36,49"/><U108/><E113/><V53/><F104/><W121/><G2/><T118/><D38/><U34/><E34/><V128/><F128/><W87/><G121/><N who="0" m="46091" /><D118/><U0/><E71/><V74/><F70/><W127/><G65/><T95/><D68/><U119/><E119/><V100/><F100/><W22/><G36/><T120/><N who="0" m="46099" /><T56/><DORA hai="59" /><D107/><U72/><E72/><V90/><F9/><W103/><G134/><T106/><D106/><U13/><E135/><V3/><F3/><W99/><G99/><N who="0" m="59647" /><D25/><U47/><E130/><V14/><F14/><W43/><G22/><T112/><D112/><U46/><E0/><V26/><F26/><W117/><G117/><T37/><D37/><U55/><E6/><V77/><F83/><N who="3" m="47591" /><G42/><T12/><D12/><N who="1" m="9351" /><E110/><V30/><F30/><W15/><G43/><T33/><D33/><U5/><E5/><V58/><F58/><W19/><G31/><T7/><D7/><U39/><E39/><V67/><F90/><W64/><G64/><T17/><D17/><U32/><E108/><V125/><F67/><W29/><G29/><T132/><D132/><U69/><E32/><V61/><F61/><W84/><G84/><N who="0" m="48159" /><D133/><U60/><E69/><V115/><F74/><W85/><G85/><T4/><D4/><U8/><E8/><V24/><F115/><W40/><G40/><T35/><D35/><U102/><E48/><V116/><F116/><W89/><G89/><T96/><D96/><U111/><E111/><V75/><F75/><W114/><G114/><T131/><D131/><U124/><E98/><V54/><F73/><RYUUKYOKU ba="0,0" sc="250,15,380,-15,250,-15,120,15" hai0="10,11,50,56" hai3="15,19,20,49,51,97,103,105,126,127" /><INIT seed="2,1,0,3,3,98" ten="265,365,235,135" oya="2" hai0="121,124,95,31,1,75,16,45,49,109,8,19,118" hai1="82,108,33,38,28,85,12,63,83,88,77,27,111" hai2="115,57,25,21,40,79,107,94,58,84,64,47,135" hai3="70,113,106,32,10,51,89,41,92,71,126,30,14"/><V18/><F107/><W20/><G32/><T129/><D121/><U7/><E38/><V117/><F117/><W50/><G113/><T104/><D104/><U125/><E125/><V80/><F115/><W36/><G36/><T23/><D124/><U101/><E101/><V17/><F135/><W39/><G39/><T100/><D75/><U132/><E132/><V29/><F64/><W99/><G126/><T22/><D118/><U62/><E12/><V52/><F94/><W34/><G34/><T67/><D67/><U134/><E7/><V123/><F123/><W55/><G106/><T56/><D56/><U26/><E26/><V2/><F2/><W53/><G70/><T76/><D76/><U35/><E35/><V66/><F66/><W112/><G71/><T96/><D129/><U110/><E134/><V54/><F40/><W105/><G105/><T9/><D31/><U65/><E65/><V46/><F46/><W13/><G41/><N who="0" m="24751" /><D1/><U59/><E59/><N who="2" m="22539" /><F47/><N who="3" m="27871" /><G112/><T68/><D68/><U120/><E120/><V44/><F44/><N who="3" m="28135" /><G10/><N who="0" m="4203" /><D109/><U6/><E6/><V78/><F78/><W24/><G13/><T74/><D74/><AGARI ba="1,0" hai="27,28,33,62,63,74,77,82,83,85,88,108,110,111" machi="74" ten="40,2600,0" yaku="14,1,54,1" doraHai="98" who="1" fromWho="0" sc="265,-29,365,29,235,0,135,0" /><INIT seed="3,0,0,1,1,56" ten="236,394,235,135" oya="3" hai0="33,128,68,50,94,96,108,3,106,55,42,109,71" hai1="31,16,129,70,5,131,63,103,120,110,105,52,62" hai2="133,53,117,118,126,95,100,46,27,114,90,4,76" hai3="127,121,41,19,59,84,32,45,17,124,88,119,9"/><W99/><G121/><T24/><D106/><U98/><E120/><V112/><F4/><W48/><G32/><T79/><D3/><U134/><E110/><N who="0" m="42601" /><D42/><U74/><E74/><V85/><F27/><W69/><G69/><T34/><D79/><U12/><E134/><V15/><F15/><N who="3" m="7407" /><G99/><T102/><D128/><N who="1" m="49227" /><E70/><N who="0" m="26665" /><D24/><U0/><E31/><V49/><F133/><W77/><G77/><T91/><D102/><U66/><E66/><V116/><F126/><N who="3" m="48171" /><G119/><T43/><D43/><U60/><E5/><V83/><REACH who="2" step="1"/><F100/><REACH who="2" ten="236,394,225,135" step="2"/><W36/><G19/><T93/><D93/><N who="1" m="58831" /><E0/><V87/><AGARI ba="0,1" hai="46,49,53,76,83,85,87,90,95,112,114,116,117,118" machi="87" ten="30,4000,0" yaku="1,1,0,1,53,1" doraHai="56" doraHaiUra="40" who="2" fromWho="2" sc="236,-10,394,-10,225,50,135,-20" owari="226,-17.0,384,47.0,275,8.0,115,-38.0" /></mjloggm>