<mjloggm ver="2.3"><GO type="97" lobby="0"/><UN n0="%E3%82%89%E3%81%91" n1="%E5%B0%B1%E6%B4%BB%E7%94%9F%40%E5%B7%9D%E6%9D%91%E8%BB%8D%E5%9B%A3" n2="%E3%83%A2%E3%83%A2%E7%99%BE%E7%94%B0" n3="%E3%81%82%E3%82%93%E3%81%A7%E3%81%83" dan="15,14,14,15" rate="2053.36,1927.19,1880.17,2032.15" sx="M,M,M,F"/><TAIKYOKU oya="0"/><INIT seed="0,0,0,2,3,57" ten="250,250,250,250" oya="0" hai0="116,41,135,71,45,84,49,106,16,27,33,124,20" hai1="114,63,95,12,23,15,61,130,102,78,82,121,75" hai2="85,54,132,17,93,5,104,103,1,69,3,133,26" hai3="123,107,79,70,62,35,39,126,117,91,129,9,2"/><T105/><D116/><U108/><E121/><V88/><F69/><W86/><RYUUKYOKU type="yao9" ba="0,0" sc="250,0,250,0,250,0,250,0" hai3="2,9,35,39,62,70,79,86,91,107,117,123,126,129" /><INIT seed="0,1,0,4,0,73" ten="250,250,250,250" oya="0" hai0="62,66,22,40,34,131,69,24,61,43,21,120,8" hai1="56,126,104,117,130,3,5,111,32,38,42,31,28" hai2="36,60,35,125,53,78,124,41,63,65,107,110,0" hai3="47,25,33,18,101,116,132,6,135,92,45,39,44"/><T71/><D120/><U30/><E104/><V1/><F35/><W68/><G68/><T76/><D131/><U102/><E102/><V96/><F110/><W29/><G116/><T77/><D8/><N who="1" m="2111" /><E117/><V67/><F53/><W90/><G101/><T79/><D34/><U23/><E111/><V112/><F96/><W93/><G6/><T97/><D97/><U99/><E99/><V4/><F107/><W114/><G114/><T58/><D22/><U20/><E56/><V86/><F112/><W84/><G39/><T134/><D134/><N who="3" m="51241" /><G18/><T94/><D94/><AGARI ba="1,0" hai="25,29,33,44,45,47,84,90,92,93,94" m="51241" machi="94" ten="30,1000,0" yaku="20,1" doraHai="73" who="3" fromWho="0" sc="250,-13,250,0,250,0,250,13" /><INIT seed="1,0,0,4,5,8" ten="237,250,250,263" oya="1" hai0="135,51,94,133,25,38,79,80,13,57,90,32,112" hai1="6,120,132,58,61,7,129,92,104,75,41,16,20" hai2="95,14,109,64,130,24,72,99,59,70,123,97,2" hai3="21,63,128,15,42,86,34,62,56,0,122,30,4"/><U35/><E104/><V3/><F70/><W12/><G122/><T78/><D38/><U108/><E75/><V102/><F123/><W115/><G115/><T84/><D112/><U19/><E35/><V43/><F72/><W89/><G128/><T55/><D32/><U110/><E120/><V103/><F130/><W117/><G117/><T60/><D25/><N who="1" m="14471" /><E129/><V87/><F43/><W93/><G34/><T77/><D60/><U28/><E132/><V116/><F116/><W131/><G131/><T111/><D111/><N who="1" m="42539" /><E28/><V73/><F73/><W91/><G42/><T88/><REACH who="0" step="1"/><D13/><REACH who="0" ten="227,250,250,263" step="2"/><N who="3" m="5193" /><G0/><T83/><D83/><U101/><E19/><V1/><F109/><W126/><G4/><T106/><D106/><U49/><E7/><V48/><F3/><W39/><G39/><T114/><D114/><U44/><E6/><V65/><F2/><W71/><G71/><T29/><D29/><U37/><E37/><V11/><F1/><W67/><G63/><T45/><D45/><U10/><E10/><V74/><F74/><W54/><G126/><T33/><D33/><U119/><E119/><V100/><F11/><W85/><G30/><T76/><N who="0" m="19968" /><DORA hai="124" /><T125/><D125/><U5/><E5/><V27/><F14/><W50/><G21/><T36/><D36/><U96/><E61/><V134/><F24/><W66/><G62/><T81/><D81/><AGARI ba="0,1" hai="50,54,56,66,67,81,85,86,89,91,93" m="5193" machi="81" ten="30,7700,0" yaku="8,1,52,3" doraHai="8,124" who="3" fromWho="0" sc="227,-77,250,0,250,0,263,87" /><INIT seed="2,0,0,3,3,134" ten="150,250,250,350" oya="2" hai0="0,62,113,29,114,128,2,3,80,97,107,60,18" hai1="46,122,74,95,110,133,85,77,11,91,49,108,102" hai2="32,53,48,71,124,8,52,92,5,21,132,61,44" hai3="45,13,1,14,86,68,9,34,41,130,39,89,22"/><V135/><F32/><W65/><G34/><T20/><D29/><U7/><E133/><N who="2" m="51275" /><F124/><W76/><G130/><T63/><D80/><N who="1" m="47247" /><E74/><V43/><F92/><W116/><G116/><T96/><D107/><U105/><E122/><V78/><F78/><W101/><G101/><T117/><D117/><U36/><E36/><V57/><F21/><W12/><G76/><T112/><D20/><U75/><E75/><V51/><F51/><W15/><G1/><T98/><REACH who="0" step="1"/><D18/><REACH who="0" ten="140,250,250,350" step="2"/><U67/><E105/><V111/><F111/><W83/><G22/><T125/><D125/><U47/><E108/><V121/><F121/><W17/><G68/><T23/><D23/><U126/><E110/><V19/><F19/><W70/><G70/><T118/><D118/><U79/><E126/><V64/><F71/><W35/><G35/><T66/><D66/><U58/><E7/><V82/><F82/><W69/><G69/><T129/><AGARI ba="0,1" hai="0,2,3,60,62,63,96,97,98,112,113,114,128,129" machi="129" ten="50,32000,5" yakuman="41" doraHai="134" doraHaiUra="99" who="0" fromWho="0" sc="140,330,250,-80,250,-160,350,-80" /><INIT seed="3,0,0,3,2,85" ten="470,170,90,270" oya="3" hai0="55,121,39,124,100,38,51,58,120,97,116,74,27" hai1="10,131,92,4,114,96,89,47,132,105,3,12,95" hai2="69,15,90,61,24,79,84,127,46,117,110,126,22" hai3="73,118,111,101,109,123,81,82,49,57,40,7,88"/><W18/><G123/><T30/><D74/><U59/><E114/><V26/><F117/><W42/><G118/><T11/><D116/><U99/><E131/><V29/><F110/><N who="3" m="41995" /><G101/><T50/><D124/><U20/><E132/><V71/><F79/><N who="3" m="44271" /><G7/><T113/><D113/><U64/><E105/><V33/><F46/><W128/><G128/><T86/><D86/><U28/><E47/><V78/><F78/><W31/><G31/><T98/><D11/><U19/><E28/><V45/><F45/><W13/><G57/><T14/><D14/><N who="1" m="9335" /><E3/><V17/><F15/><W107/><G107/><T133/><D133/><U130/><E130/><V65/><F127/><W5/><G5/><T108/><D108/><U134/><E134/><V52/><F126/><W2/><G2/><T0/><D0/><U25/><E25/><V122/><F122/><W67/><G67/><T54/><D120/><U119/><E119/><V48/><F61/><W68/><G68/><T37/><D121/><U8/><E8/><V72/><F72/><W63/><G63/><T41/><D41/><U56/><E64/><V104/><F104/><W102/><G102/><AGARI ba="0,0" hai="4,10,12,56,59,89,92,95,96,99,102" m="9335" machi="102" ten="30,2000,0" yaku="8,1,52,1" doraHai="85" who="1" fromWho="3" sc="470,0,170,20,90,0,270,-20" owari="470,57.0,190,-21.0,90,-41.0,250,5.0" /></mjloggm>