<mjloggm ver="2.3"><GO type="169" lobby="0"/><UN n0="%E3%82%A6%E3%83%AB%E3%83%88%E3%83%A9%E7%AB%8B%E7%9B%B4" n1="%EF%BC%88%EF%BC%BE%E2%88%80%EF%BC%BE%EF%BC%89" n2="%6B%69%79%6F%64%61%69" n3="%E5%A4%A9%E7%A9%BA%73%61%79%61" dan="18,16,17,17" rate="2194.03,2029.83,2253.89,2131.48" sx="M,M,M,M"/><TAIKYOKU oya="0"/><INIT seed="0,0,0,1,2,73" ten="250,250,250,250" oya="0" hai0="44,66,101,107,121,32,133,64,84,22,82,40,20" hai1="15,38,42,68,25,126,134,77,109,53,95,100,125" hai2="45,72,57,26,110,78,83,127,28,114,117,29,119" hai3="123,46,131,99,65,113,33,18,27,75,90,10,14"/><T102/><D121/><U6/><E68/><V128/><F114/><W106/><G113/><T16/><D32/><U103/><E53/><V17/><F127/><W58/><G75/><T94/><D107/><U105/><E105/><V50/><F110/><W31/><G123/><T21/><D133/><U5/><E109/><V111/><F111/><W34/><G131/><T3/><D3/><U24/><E134/><V54/><F128/><W115/><G115/><T118/><D118/><N who="2" m="45066" /><F57/><W85/><G46/><T56/><D16/><U80/><E42/><V96/><F96/><W97/><G33/><T62/><D94/><U81/><E38/><V86/><F72/><W60/><REACH who="3" step="1"/><G106/><REACH who="3" ten="250,250,250,240" step="2"/><T4/><D4/><U135/><E135/><V61/><F45/><W43/><G43/><T63/><D44/><U124/><E124/><V112/><F112/><W48/><G48/><T129/><D40/><U2/><E125/><V88/><F50/><W23/><G23/><T37/><D37/><U76/><E126/><V98/><F61/><W91/><G91/><T70/><REACH who="0" step="1"/><D129/><REACH who="0" ten="240,250,250,240" step="2"/><U13/><REACH who="1" step="1"/><E95/><AGARI ba="0,2" hai="10,14,18,27,31,34,58,60,65,85,90,95,97,99" machi="95" ten="30,3900,0" yaku="1,1,7,1,53,1" doraHai="73" doraHaiUra="55" who="3" fromWho="1" sc="240,0,250,-39,250,0,240,59" /><INIT seed="1,0,0,0,3,64" ten="240,211,250,299" oya="1" hai0="70,90,135,29,79,39,83,28,89,57,0,13,99" hai1="27,100,16,9,38,35,107,131,82,23,75,21,26" hai2="10,15,118,30,4,7,71,128,37,36,67,50,18" hai3="111,126,73,117,41,68,101,130,43,53,46,62,88"/><U44/><E131/><V94/><F118/><W125/><G73/><T127/><D0/><U104/><E35/><V56/><F128/><W113/><G101/><T61/><D39/><U105/><E9/><V45/><F30/><W114/><G130/><T96/><D127/><N who="3" m="48649" /><G111/><T6/><D70/><U86/><E75/><V32/><F32/><W59/><G88/><N who="0" m="33899" /><D135/><U115/><E115/><N who="3" m="44042" /><G117/><T91/><D79/><U87/><E100/><V120/><F94/><W112/><N who="3" m="44050" /><W95/><DORA hai="72" /><G95/><N who="0" m="56447" /><D99/><U77/><E87/><V22/><F120/><W102/><G102/><T122/><D83/><U97/><E97/><V80/><F80/><W76/><G76/><T74/><D74/><U119/><E119/><V85/><F85/><W51/><G68/><T54/><D122/><U8/><E8/><AGARI ba="0,0" hai="6,8,13,28,29,54,57,61" m="56447,33899" machi="8" ten="30,2000,0" yaku="8,1,54,1" doraHai="64,72" who="0" fromWho="1" sc="240,20,211,-20,250,0,299,0" /><INIT seed="2,0,0,2,2,95" ten="260,191,250,299" oya="2" hai0="73,0,119,70,39,23,8,45,135,41,61,134,114" hai1="68,121,51,36,40,127,47,96,50,112,9,90,14" hai2="38,21,26,27,28,128,98,15,37,13,16,33,129" hai3="69,35,88,115,58,94,77,72,32,92,117,17,74"/><V6/><F38/><W56/><G69/><T102/><D114/><U3/><E68/><V55/><F37/><W85/><G115/><T34/><D34/><U31/><E112/><V29/><F55/><W99/><G117/><T130/><D119/><U87/><E3/><V75/><F75/><W4/><G4/><N who="0" m="1031" /><D23/><U54/><E31/><V80/><F80/><N who="3" m="47247" /><G74/><T76/><D102/><U105/><E127/><V71/><F71/><W20/><G72/><T107/><D107/><U60/><E60/><V62/><F62/><W109/><G109/><T132/><D130/><N who="2" m="50282" /><F98/><N who="3" m="57607" /><G32/><T67/><D73/><U108/><E108/><V81/><F81/><W44/><G44/><T42/><D42/><U19/><E121/><V11/><F29/><W59/><G35/><T64/><D76/><U65/><E36/><V111/><F111/><W82/><G82/><T49/><D67/><U97/><E65/><V113/><F113/><W93/><G99/><N who="1" m="37962" /><E105/><V46/><F46/><W120/><G120/><T83/><D83/><N who="1" m="49535" /><E51/><AGARI ba="0,0" hai="39,41,45,49,51,61,64,70,132,134,135" m="1031" machi="51" ten="30,1000,0" yaku="20,1" doraHai="95" who="0" fromWho="1" sc="260,10,191,-10,250,0,299,0" /><INIT seed="3,0,0,4,4,48" ten="270,181,250,299" oya="3" hai0="115,100,107,114,53,113,135,14,82,67,97,51,12" hai1="117,121,52,10,15,29,0,18,8,42,26,19,81" hai2="108,1,133,64,111,103,91,9,109,65,125,24,23" hai3="20,61,87,112,2,46,6,123,38,22,110,74,92"/><W60/><G112/><T36/><D36/><U80/><E121/><V39/><F39/><W31/><G123/><T124/><D124/><U30/><E42/><V66/><F125/><W50/><G74/><T116/><D116/><U106/><E106/><V43/><F43/><W93/><G38/><T119/><D119/><U75/><E117/><V13/><F1/><W85/><G2/><T41/><D41/><U45/><E75/><V131/><F103/><W32/><G32/><T28/><D135/><U11/><E0/><V101/><F101/><W27/><G6/><T118/><D118/><U127/><E127/><V84/><F133/><W71/><G71/><T76/><D28/><U95/><E95/><N who="3" m="36426" /><G22/><T37/><D67/><U34/><E29/><N who="2" m="17567" /><F131/><W88/><G110/><T73/><REACH who="0" step="1"/><D37/><REACH who="0" ten="260,181,250,299" step="2"/><U55/><E45/><AGARI ba="0,1" hai="12,14,45,51,53,73,76,82,97,100,107,113,114,115" machi="45" ten="40,8000,1" yaku="1,1,2,1,11,1,52,1,53,0" doraHai="48" doraHaiUra="68" who="0" fromWho="1" sc="260,90,181,-80,250,0,299,0" /><INIT seed="4,0,0,3,0,114" ten="350,101,250,299" oya="0" hai0="72,69,7,135,23,60,21,129,113,95,99,102,58" hai1="15,82,31,74,56,77,49,103,110,43,86,107,46" hai2="17,37,119,35,85,101,121,29,67,11,34,84,97" hai3="130,112,66,115,4,40,100,28,24,1,12,61,59"/><T73/><D69/><U62/><E110/><V10/><F37/><W116/><G130/><T122/><D122/><U133/><E133/><V132/><F67/><W134/><G134/><T36/><D36/><U65/><E74/><V38/><F38/><W55/><G100/><T104/><D135/><U18/><E107/><V89/><F85/><W71/><G1/><T111/><D113/><N who="3" m="43593" /><G40/><T19/><D129/><U94/><E31/><V51/><F121/><W50/><G116/><T90/><D7/><U48/><E48/><V27/><F35/><N who="3" m="20871" /><G12/><T106/><D104/><U75/><E75/><V52/><F17/><W6/><AGARI ba="0,0" hai="4,6,50,55,59,61,66,71" m="20871,43593" machi="6" ten="30,1100,0" yaku="15,1" doraHai="114" who="3" fromWho="3" sc="350,-5,101,-3,250,-3,299,11" /><INIT seed="5,0,0,4,0,106" ten="345,98,247,310" oya="1" hai0="49,109,51,26,6,118,133,16,13,119,110,11,21" hai1="108,55,71,32,78,114,79,83,28,37,0,19,56" hai2="62,104,9,130,115,24,63,33,127,50,84,128,125" hai3="42,90,25,91,120,23,89,3,126,95,20,18,94"/><U97/><E71/><V111/><F104/><W86/><G120/><T129/><D51/><U73/><E37/><V2/><F111/><N who="0" m="42506" /><D49/><U46/><E108/><V8/><F115/><W88/><G126/><N who="2" m="48137" /><F84/><N who="3" m="52551" /><G3/><T117/><D129/><N who="2" m="49770" /><F50/><W5/><G5/><T39/><D39/><U68/><E68/><V45/><F45/><W112/><G112/><T29/><D133/><U123/><E123/><V135/><F135/><W12/><G42/><T44/><D44/><U121/><E121/><V30/><F2/><W41/><G41/><T98/><D98/><U72/><E0/><V43/><F43/><W52/><G52/><T53/><D53/><U60/><E114/><V36/><F36/><W75/><G75/><T4/><AGARI ba="0,0" hai="4,6,11,13,16,21,26,29,117,118,119" m="42506" machi="4" ten="40,5200,0" yaku="34,2,54,1" doraHai="106" who="0" fromWho="0" sc="345,52,98,-26,247,-13,310,-13" /><INIT seed="6,0,0,3,4,107" ten="397,72,234,297" oya="2" hai0="64,102,44,19,97,106,53,2,41,81,100,70,51" hai1="60,66,27,74,119,75,32,30,39,103,85,115,91" hai2="132,59,99,47,84,80,125,118,17,24,130,78,67" hai3="131,28,95,25,73,3,29,12,89,57,83,40,21"/><V127/><F118/><W121/><G121/><T61/><D2/><U123/><E119/><V49/><F130/><W133/><G3/><T10/><D100/><U105/><E39/><V92/><F132/><W71/><G71/><T20/><D81/><U101/><E123/><V37/><F37/><W13/><G131/><T14/><D20/><U15/><E15/><V96/><F67/><W7/><G133/><T36/><D36/><U77/><E77/><V23/><F59/><W72/><G40/><T109/><REACH who="0" step="1"/><D41/><REACH who="0" ten="387,72,234,297" step="2"/><U62/><E115/><V4/><F127/><W33/><G21/><T56/><D56/><U68/><E62/><V48/><F125/><W79/><G83/><T94/><D94/><U50/><E50/><V45/><F92/><W124/><G95/><T65/><D65/><U43/><E43/><N who="2" m="24639" /><F4/><W90/><G7/><T0/><D0/><U117/><E117/><V26/><F26/><W54/><G25/><T34/><D34/><U88/><E91/><V116/><F116/><W112/><G33/><T128/><D128/><U134/><E134/><V108/><F108/><AGARI ba="0,1" hai="10,14,19,44,51,53,61,64,70,97,102,106,108,109" machi="108" ten="40,1300,0" yaku="1,1,53,0" doraHai="107" doraHaiUra="111" who="0" fromWho="2" sc="387,23,72,0,234,-13,297,0" /><INIT seed="7,0,0,1,5,23" ten="410,72,221,297" oya="3" hai0="66,105,129,95,44,53,1,12,52,103,106,21,51" hai1="134,64,89,61,119,132,82,63,29,16,131,8,98" hai2="117,33,43,24,102,32,13,58,17,94,47,79,81" hai3="56,68,5,36,27,93,3,20,76,59,48,135,69"/><W113/><G36/><T50/><D1/><U127/><E127/><V60/><F117/><W19/><G113/><T31/><D66/><U124/><E124/><V54/><F33/><W109/><G135/><T83/><D83/><U100/><E119/><V122/><F122/><W128/><G128/><T15/><D129/><U38/><E38/><V133/><F133/><W87/><G109/><T99/><D105/><U90/><E131/><V126/><F126/><W37/><G37/><T42/><D106/><U111/><E111/><V123/><F123/><W0/><G0/><T107/><D107/><U70/><E29/><V40/><F47/><W92/><G3/><T73/><D73/><U11/><E11/><V45/><F45/><W55/><G5/><T121/><D121/><U91/><E82/><V74/><F102/><W6/><G6/><T115/><D115/><U125/><E125/><V130/><F130/><W116/><G116/><T97/><D99/><U86/><E86/><V67/><F94/><N who="3" m="36459" /><G69/><T88/><D103/><U108/><E108/><V112/><F112/><W104/><G68/><T26/><D42/><U62/><E64/><V41/><F67/><W7/><G7/><T84/><D97/><U110/><E70/><V78/><F78/><W18/><G104/><T4/><D4/><U75/><E75/><V34/><F34/><W101/><G101/><T46/><AGARI ba="0,0" hai="12,15,21,26,31,44,46,50,51,52,53,84,88,95" machi="46" ten="20,12000,2" yaku="0,1,7,1,9,1,8,1,52,1,54,2" doraHai="23" who="0" fromWho="0" sc="410,120,72,-30,221,-30,297,-60" owari="530,63.0,42,-46.0,191,-21.0,237,4.0" /></mjloggm>