<mjloggm ver="2.3"><GO type="97" lobby="0"/><UN n0="%E5%B0%B1%E6%B4%BB%E7%94%9F%40%E5%B7%9D%E6%9D%91%E8%BB%8D%E5%9B%A3" n1="%79%75%64%61%69%2E" n2="%E3%82%8D%E3%81%8F%E3%81%95%E3%82%93" n3="%45%41%6D%6F%6E" dan="15,14,14,14" rate="1984.18,1942.37,1947.51,1898.08" sx="M,M,M,M"/><TAIKYOKU oya="0"/><INIT seed="0,0,0,2,1,39" ten="250,250,250,250" oya="0" hai0="28,48,92,100,72,104,126,90,89,57,58,112,60" hai1="121,103,16,46,77,71,129,109,74,99,96,82,110" hai2="61,127,114,105,119,50,124,42,115,43,69,75,76" hai3="135,51,37,67,17,2,73,10,118,125,11,65,25"/><T113/><D72/><U53/><E121/><V70/><F105/><W22/><G37/><T8/><D104/><U44/><E71/><N who="2" m="27147" /><F76/><W52/><G118/><T23/><D126/><N who="2" m="48170" /><F75/><W6/><G125/><T130/><D130/><U30/><E30/><V128/><F128/><W33/><G73/><T91/><D8/><U36/><E129/><V47/><F119/><W54/><G135/><T120/><D120/><U45/><E99/><V41/><F61/><W117/><G117/><T64/><D57/><U108/><E53/><AGARI ba="0,0" hai="41,42,43,47,50,53,114,115" m="48170,27147" machi="53" ten="40,12000,2" yaku="18,1,34,2,52,3" doraHai="39" who="2" fromWho="1" sc="250,0,250,-120,250,120,250,0" /><INIT seed="1,0,0,1,1,30" ten="250,130,370,250" oya="1" hai0="107,10,16,62,81,8,1,17,95,69,45,0,76" hai1="53,133,63,86,43,2,103,40,75,28,65,14,35" hai2="12,114,31,83,38,21,7,22,68,71,91,32,119" hai3="84,70,13,102,60,58,98,100,85,77,121,50,79"/><U101/><E75/><V49/><F119/><W92/><G121/><T109/><D107/><U23/><E2/><V15/><F38/><W66/><G102/><T106/><D106/><U129/><E133/><V105/><F105/><W61/><G50/><T104/><D104/><U134/><E134/><V6/><F49/><W135/><G135/><T118/><D118/><U55/><E129/><V74/><F74/><W115/><G115/><T128/><D128/><U93/><E35/><V73/><F73/><W39/><G39/><T52/><D109/><U37/><E37/><V87/><F114/><W67/><REACH who="3" step="1"/><G13/><REACH who="3" ten="250,130,370,240" step="2"/><N who="0" m="7207" /><D1/><U90/><E103/><V19/><F12/><W9/><G9/><T130/><D0/><U127/><E101/><V11/><F15/><W18/><G18/><T25/><D130/><U88/><E127/><V112/><F11/><W82/><G82/><T97/><D10/><U4/><E40/><V108/><F112/><W111/><G111/><T57/><D69/><U27/><E43/><V47/><F68/><W54/><G54/><T41/><D41/><U116/><E116/><V110/><F71/><W24/><G24/><T122/><D122/><U33/><E4/><V36/><F6/><W123/><G123/><T80/><D45/><U20/><E14/><V44/><F7/><W132/><G132/><T42/><D42/><U48/><E55/><V46/><F36/><W26/><G26/><T89/><D76/><AGARI ba="0,1" hai="58,60,61,66,67,70,76,77,79,84,85,92,98,100" machi="76" ten="40,1300,0" yaku="1,1,53,0" doraHai="30" doraHaiUra="126" who="3" fromWho="0" sc="250,-13,130,0,370,0,240,23" /><INIT seed="2,0,0,0,1,68" ten="237,130,370,263" oya="2" hai0="65,123,96,18,38,67,44,73,43,49,79,15,112" hai1="99,50,74,83,128,84,42,60,8,26,113,122,108" hai2="19,93,16,95,39,12,104,75,5,2,134,70,40" hai3="130,10,77,52,56,11,88,103,114,46,6,30,14"/><V69/><F104/><W57/><G30/><T117/><D112/><U1/><E113/><V22/><F19/><W111/><G114/><T24/><D123/><U48/><E74/><V31/><F31/><W55/><G111/><T72/><D117/><U92/><E108/><V63/><F75/><W127/><G103/><T58/><D24/><U94/><E128/><V91/><F134/><W23/><G130/><T37/><D96/><U59/><E122/><V66/><F91/><W3/><G127/><T87/><D73/><U82/><E8/><V90/><F90/><W21/><G77/><T86/><D72/><U85/><E1/><V132/><F70/><W133/><G133/><T7/><D7/><U76/><E42/><V29/><F29/><W54/><G46/><T27/><D27/><U0/><E0/><V107/><F107/><W41/><G41/><T125/><D125/><U115/><E26/><V33/><F33/><W45/><G45/><T64/><D58/><U121/><E121/><V89/><F89/><W61/><G88/><T106/><D106/><U97/><E115/><V124/><F124/><W51/><REACH who="3" step="1"/><G55/><REACH who="3" ten="237,130,370,253" step="2"/><T81/><REACH who="0" step="1"/><D87/><REACH who="0" ten="227,130,370,253" step="2"/><U28/><E28/><V13/><F132/><W9/><G9/><AGARI ba="0,2" hai="9,15,18,37,38,43,44,49,64,65,67,79,81,86" machi="9" ten="40,8000,1" yaku="1,1,2,1,52,2,53,0" doraHai="68" doraHaiUra="98" who="0" fromWho="3" sc="227,100,130,0,370,0,253,-80" /><INIT seed="3,0,0,4,3,84" ten="327,130,370,173" oya="3" hai0="105,96,26,113,58,125,118,1,131,60,121,126,46" hai1="135,25,48,35,81,112,55,86,123,89,65,62,109" hai2="64,8,32,37,9,20,31,114,120,91,0,85,36" hai3="68,102,54,83,30,38,53,63,108,75,72,130,7"/><W95/><G38/><T51/><D1/><U111/><E123/><V119/><F114/><W23/><G7/><T133/><D121/><U80/><E112/><V117/><F120/><W71/><G130/><T66/><D118/><U41/><E41/><V73/><F73/><W129/><G129/><T127/><D131/><U110/><E135/><V122/><F122/><W39/><G39/><T59/><D113/><U116/><E116/><V132/><F132/><W49/><G108/><T61/><D133/><U67/><E81/><V74/><F74/><W98/><G68/><T50/><D26/><U34/><E25/><V3/><F3/><W17/><G30/><T11/><D11/><U92/><E80/><V45/><F0/><W100/><G100/><N who="0" m="62599" /><D46/><U42/><E42/><V6/><F36/><W78/><G72/><T40/><D40/><U115/><E115/><V103/><F32/><W44/><G63/><T99/><D99/><U2/><E2/><V106/><F37/><W13/><G71/><T93/><D93/><U24/><E24/><V97/><F117/><W16/><REACH who="3" step="1"/><G17/><REACH who="3" ten="327,130,370,163" step="2"/><T5/><D5/><U69/><REACH who="1" step="1"/><E67/><AGARI ba="0,1" hai="50,51,58,59,60,61,66,67,125,126,127" m="62599" machi="67" ten="30,1000,0" yaku="18,1" doraHai="84" who="0" fromWho="1" sc="327,20,130,-10,370,0,163,0" owari="347,15.0,120,-38.0,370,47.0,163,-24.0" /></mjloggm>