<mjloggm ver="2.3"><GO type="225" lobby="0"/><UN n0="%E2%98%85%E3%83%9F%E3%83%BC%E3%82%B3%E2%98%85" n1="%E5%A4%A9%E7%A9%BA%73%61%79%61" n2="%EF%BC%AA%E3%81%AE%E3%83%86%E3%83%BC%E3%83%9E" n3="%E5%B0%B1%E6%B4%BB%E7%94%9F%40%E5%B7%9D%E6%9D%91%E8%BB%8D%E5%9B%A3" dan="16,16,16,17" rate="2140.89,2154.16,2012.20,2095.02" sx="F,M,M,M"/><TAIKYOKU oya="0"/><INIT seed="0,0,0,0,1,111" ten="250,250,250,250" oya="0" hai0="126,63,113,104,44,128,57,56,33,3,47,103,52" hai1="133,114,34,79,93,73,74,50,76,91,43,107,102" hai2="13,46,127,118,62,32,54,100,135,120,87,26,49" hai3="9,19,75,89,27,98,77,14,134,96,83,53,12"/><T69/><D113/><U25/><E114/><V15/><F120/><W37/><G134/><T24/><D3/><U92/><E25/><V119/><F135/><W123/><G37/><T70/><D128/><U10/><E34/><V8/><F127/><W94/><G123/><T125/><D57/><U86/><E10/><V61/><F100/><W90/><G27/><T71/><D103/><U11/><E11/><V5/><F15/><W51/><G14/><T64/><D104/><U16/><E16/><V121/><F121/><W72/><G72/><N who="1" m="27754" /><E50/><V65/><F87/><W17/><G17/><T101/><D101/><U22/><E22/><V1/><F1/><W36/><G36/><T42/><D24/><U18/><E18/><V112/><F112/><W88/><REACH who="3" step="1"/><G96/><REACH who="3" ten="250,250,250,240" step="2"/><T31/><D31/><U109/><E133/><V115/><F115/><W39/><G39/><N who="0" m="21599" /><D33/><U23/><E109/><V117/><F26/><W85/><G85/><T131/><D131/><U106/><E106/><V95/><F32/><W105/><G105/><T82/><D82/><U108/><E107/><V99/><REACH who="2" step="1"/><F65/><REACH who="2" ten="250,250,240,240" step="2"/><W58/><AGARI ba="0,2" hai="9,12,19,51,53,58,75,77,83,88,89,90,94,98" machi="58" ten="20,5200,0" yaku="1,1,0,1,7,1,54,1,53,0" doraHai="111" doraHaiUra="29" who="3" fromWho="3" sc="250,-26,250,-13,240,-13,240,72" /><INIT seed="1,0,0,3,4,110" ten="224,237,227,312" oya="1" hai0="19,32,78,24,115,44,13,82,126,68,135,130,62" hai1="112,47,118,105,111,109,57,9,10,128,17,4,124" hai2="88,67,16,129,74,113,49,73,120,50,8,14,59" hai3="104,92,51,96,22,37,12,133,97,27,28,45,93"/><U26/><E105/><V100/><F120/><W101/><G37/><T90/><D130/><U114/><E124/><V77/><F129/><W85/><G133/><T121/><D126/><U53/><E118/><V87/><F100/><W94/><G85/><T58/><D135/><U86/><E128/><V55/><F113/><W79/><G79/><T125/><D68/><U21/><E47/><V15/><F77/><W76/><G76/><T41/><D125/><U36/><E86/><V48/><F67/><W123/><G123/><T38/><D90/><U11/><E36/><V31/><F31/><W39/><G39/><T83/><D121/><U42/><E42/><V134/><F134/><W65/><G65/><T54/><D115/><N who="1" m="44075" /><E57/><V46/><F74/><W81/><G81/><T66/><D66/><U23/><E53/><N who="2" m="29847" /><F73/><W103/><G12/><T80/><D24/><N who="1" m="14383" /><E4/><V64/><F64/><W2/><G2/><T116/><D116/><U63/><E63/><V106/><F106/><W40/><AGARI ba="0,0" hai="22,27,28,40,45,51,92,93,94,96,97,101,103,104" machi="40" ten="20,1500,0" yaku="0,1,7,1" doraHai="110" who="3" fromWho="3" sc="224,-4,237,-7,227,-4,312,15" /><INIT seed="2,0,0,3,0,38" ten="220,230,223,327" oya="2" hai0="133,37,48,111,108,49,25,69,85,102,53,86,17" hai1="103,71,15,46,127,30,113,129,13,90,1,58,31" hai2="21,50,43,80,23,79,83,119,40,132,24,117,120" hai3="28,5,47,35,74,78,18,72,56,14,54,99,89"/><V33/><F120/><W76/><G5/><T55/><D37/><U98/><E71/><V130/><F130/><W94/><G35/><T36/><D36/><U11/><E113/><V124/><F33/><W44/><G28/><T42/><D69/><U105/><E1/><V57/><F132/><W107/><G107/><T19/><D102/><U9/><E127/><V59/><F124/><W0/><G0/><T81/><D25/><U16/><E129/><V10/><F50/><N who="0" m="19562" /><D133/><U4/><E46/><N who="3" m="17450" /><G72/><T88/><D42/><U3/><E58/><V39/><F39/><W7/><G7/><T131/><D86/><U100/><E100/><V60/><F60/><N who="3" m="35863" /><G74/><T110/><D131/><U114/><E114/><V66/><F66/><W106/><G106/><T87/><D87/><U123/><E123/><V126/><F126/><W122/><G122/><T118/><D118/><U115/><E115/><V34/><F34/><W104/><G104/><T116/><D116/><U64/><E64/><V112/><F112/><W84/><G84/><T22/><D17/><U8/><E90/><V91/><F91/><W51/><G51/><T93/><D93/><U97/><E97/><V95/><F95/><W134/><G134/><T75/><D75/><U45/><E45/><V41/><F41/><W12/><G18/><AGARI ba="0,0" hai="3,4,8,9,11,13,15,16,18,30,31,98,103,105" machi="18" ten="30,3900,0" yaku="7,1,9,1,54,1" doraHai="38" who="1" fromWho="3" sc="220,0,230,39,223,0,327,-39" /><INIT seed="3,0,0,0,3,131" ten="220,269,223,288" oya="3" hai0="21,134,88,44,51,2,93,83,63,6,35,32,67" hai1="105,78,106,20,70,111,81,18,5,8,59,56,48" hai2="46,101,1,41,52,40,38,84,80,128,77,23,42" hai3="117,125,29,76,24,27,114,16,58,3,37,53,96"/><W85/><G114/><T57/><D134/><U119/><E70/><V47/><F1/><W49/><G37/><T122/><D122/><U79/><E111/><V71/><F71/><W13/><G3/><T112/><D112/><U72/><E119/><V113/><F113/><W120/><G120/><T61/><D83/><U36/><E36/><V118/><F118/><W98/><G125/><T124/><D124/><U135/><E135/><V7/><F128/><W102/><G102/><T14/><D2/><U10/><E79/><V33/><F33/><W62/><G62/><T99/><D63/><U25/><E10/><V45/><F7/><W74/><G74/><T75/><D75/><U109/><E109/><V55/><F38/><W65/><G65/><T108/><D108/><U90/><E56/><V110/><F110/><W107/><G107/><T89/><D89/><U11/><E11/><V130/><F130/><W43/><G43/><T66/><D66/><U121/><E121/><V60/><F60/><W15/><G15/><T95/><D95/><U34/><E34/><V26/><REACH who="2" step="1"/><F101/><REACH who="2" ten="220,269,213,288" step="2"/><W104/><G117/><T92/><D6/><U0/><E0/><V19/><AGARI ba="0,1" hai="19,23,26,40,41,42,45,46,47,52,55,77,80,84" machi="19" ten="30,16000,3" yaku="1,1,2,1,0,1,8,1,54,1,53,3" doraHai="131" doraHaiUra="39" who="2" fromWho="2" sc="220,-40,269,-40,213,170,288,-80" owari="180,-32.0,229,3.0,383,48.0,208,-19.0" /></mjloggm>