<mjloggm ver="2.3"><GO type="41" lobby="0"/><UN n0="%E5%B0%B1%E6%B4%BB%E7%94%9F%40%E5%B7%9D%E6%9D%91%E8%BB%8D%E5%9B%A3" n1="%E3%82%AB%E3%83%A1%E3%82%AD%E3%83%81" n2="%54%2D%E5%A4%A7%E5%B0%89" n3="%E5%8A%8D%E5%A3%AB" dan="17,14,15,14" rate="2132.60,1889.46,2023.34,1908.68" sx="M,M,M,M"/><TAIKYOKU oya="0"/><INIT seed="0,0,0,0,4,132" ten="250,250,250,250" oya="0" hai0="105,0,67,99,108,127,1,39,61,126,85,59,80" hai1="34,72,79,131,109,118,3,73,124,111,123,107,21" hai2="33,101,12,40,23,71,128,47,20,83,86,87,36" hai3="29,2,66,134,76,44,9,84,103,56,55,135,37"/><T97/><D39/><U104/><E73/><V54/><F33/><W51/><G103/><T90/><D108/><U5/><E107/><V77/><F71/><W62/><G29/><T65/><D65/><U121/><E5/><V8/><F128/><W91/><G76/><T30/><D30/><U117/><E79/><V89/><F101/><W63/><G2/><N who="0" m="1131" /><D105/><U11/><E11/><V94/><F54/><W133/><G9/><T114/><D114/><U18/><E18/><AGARI ba="0,0" hai="8,12,18,20,23,36,40,47,77,83,86,87,89,94" machi="18" ten="30,1000,0" yaku="7,1" doraHai="132" who="2" fromWho="1" sc="250,0,250,-10,250,10,250,0" /><INIT seed="1,0,0,1,3,122" ten="250,240,260,250" oya="1" hai0="130,21,98,132,49,110,76,134,23,16,108,119,55" hai1="94,127,74,27,86,112,115,38,26,95,117,70,48" hai2="42,2,96,85,62,71,107,104,5,61,79,56,1" hai3="97,43,32,113,109,17,125,92,63,64,14,18,99"/><U35/><E117/><V93/><F42/><W52/><G113/><T20/><D119/><U129/><E70/><V28/><F28/><W88/><G32/><T31/><D31/><U13/><E74/><V75/><F75/><W60/><G125/><T66/><D66/><U67/><E38/><V54/><F79/><W0/><G0/><T57/><D130/><U11/><E67/><V8/><F85/><W29/><G29/><T9/><D76/><U53/><E127/><V69/><F2/><W123/><G123/><T100/><D9/><U80/><E129/><V44/><F44/><W103/><G109/><N who="0" m="42091" /><D16/><U106/><E106/><AGARI ba="0,0" hai="20,21,23,49,55,57,98,100,106,132,134" m="42091" machi="106" ten="30,7700,0" yaku="14,1,52,3" doraHai="122" who="0" fromWho="1" sc="250,77,240,-77,260,0,250,0" /><INIT seed="2,0,0,5,3,53" ten="327,163,260,250" oya="2" hai0="96,9,85,62,78,43,106,84,130,5,8,4,116" hai1="24,39,58,38,102,101,16,33,56,31,14,3,90" hai2="6,98,49,121,107,26,75,42,81,41,112,83,127" hai3="66,79,1,80,29,77,57,111,72,115,36,18,103"/><V69/><F121/><W94/><G36/><T11/><D116/><U82/><E3/><V105/><F69/><W10/><G111/><T100/><D130/><U88/><E39/><V91/><F112/><W87/><G77/><T51/><D62/><U52/><E38/><V133/><F6/><W71/><G29/><T95/><D106/><U32/><E32/><V19/><F75/><W23/><G71/><T47/><D78/><U48/><E90/><V45/><F107/><W110/><G110/><T123/><D123/><U67/><E67/><V28/><F133/><W20/><G115/><T89/><D100/><U2/><E2/><V34/><F127/><W99/><G72/><T70/><D70/><U131/><E131/><V114/><F42/><W25/><G25/><T65/><D65/><U132/><E132/><V126/><F126/><W129/><G129/><T134/><D134/><U63/><E82/><V44/><F44/><W13/><G1/><T7/><AGARI ba="0,0" hai="4,5,7,8,9,11,43,47,51,84,85,89,95,96" machi="7" ten="30,2000,0" yaku="0,1,8,1" doraHai="53" who="0" fromWho="0" sc="327,20,163,-5,260,-10,250,-5" /><INIT seed="3,0,0,1,1,107" ten="347,158,250,245" oya="3" hai0="47,69,5,35,87,21,74,50,20,14,55,19,109" hai1="34,45,124,82,135,65,54,36,27,41,130,11,73" hai2="85,63,125,32,106,95,129,51,100,127,121,94,97" hai3="8,88,76,122,86,89,64,119,30,15,126,80,103"/><W78/><G122/><T28/><D69/><U91/><E124/><N who="2" m="47691" /><F32/><W23/><G119/><T123/><D35/><U98/><E135/><V57/><F51/><W13/><G126/><T46/><D123/><U22/><E130/><V9/><F121/><W81/><G103/><T33/><D33/><U59/><E34/><V68/><F68/><W60/><G15/><T3/><D74/><U120/><E65/><V102/><F9/><W114/><G114/><T31/><D109/><U96/><E120/><V0/><F0/><W84/><G23/><T62/><D3/><U128/><E128/><V40/><F40/><W58/><G30/><N who="0" m="11307" /><D5/><AGARI ba="0,0" hai="5,8,13,58,60,64,76,78,80,81,84,86,88,89" machi="5" ten="30,11600,0" yaku="7,1,9,1,8,1,54,1" doraHai="107" who="3" fromWho="0" sc="347,-116,158,0,250,0,245,116" /><INIT seed="3,1,0,1,5,114" ten="231,158,250,361" oya="3" hai0="121,25,88,12,128,120,51,59,19,130,18,79,64" hai1="55,58,98,30,91,60,127,75,23,5,131,7,15" hai2="109,67,16,20,1,85,48,17,63,39,94,116,35" hai3="78,133,65,9,4,122,99,125,111,47,81,28,68"/><W38/><G122/><N who="0" m="47211" /><D79/><U49/><E75/><V117/><F109/><W89/><G111/><T3/><D3/><U21/><E127/><V2/><F39/><W129/><G129/><N who="0" m="49771" /><D64/><U135/><E131/><V36/><F36/><W107/><G28/><T0/><D0/><U72/><E135/><V112/><F112/><W83/><G133/><T119/><D59/><U97/><E72/><V44/><F35/><W56/><G56/><T71/><D51/><U43/><E98/><V96/><F2/><W86/><G99/><T95/><D71/><U32/><E32/><V66/><F1/><N who="3" m="143" /><G65/><T76/><D76/><U80/><E23/><V33/><F33/><W10/><G10/><T134/><D134/><U77/><E77/><V11/><F67/><W73/><G68/><T29/><D12/><U92/><E80/><V6/><F85/><W124/><G107/><T14/><D14/><U108/><E108/><V37/><F37/><W82/><G81/><T126/><D126/><U42/><E7/><V53/><F6/><W62/><G62/><T132/><D132/><U41/><E60/><V31/><F11/><W45/><G47/><T110/><D110/><U50/><E50/><V87/><F87/><W54/><G54/><T100/><D100/><U101/><E101/><N who="2" m="60567" /><F17/><W8/><G8/><T24/><D119/><U113/><E113/><V84/><F84/><W115/><G115/><T13/><D13/><U69/><E69/><N who="2" m="42207" /><F31/><W102/><G102/><T22/><D22/><U103/><E103/><V46/><F46/><W105/><G105/><T90/><D29/><U27/><E15/><AGARI ba="1,0" hai="15,16,20,44,48,53,116,117" m="42207,60567" machi="15" ten="30,7700,0" yaku="6,1,52,2,54,1" doraHai="114" who="2" fromWho="1" sc="231,0,158,-80,250,80,361,0" /><INIT seed="4,0,0,3,5,5" ten="231,78,330,361" oya="0" hai0="116,91,101,7,120,27,18,134,86,110,13,74,39" hai1="114,127,71,85,119,45,40,72,130,64,68,75,109" hai2="19,82,88,56,99,100,1,84,89,107,97,61,67" hai3="57,50,112,25,131,14,94,42,10,54,96,77,6"/><T12/><D74/><U16/><E119/><V118/><F1/><W35/><G112/><T29/><D39/><U24/><E109/><V132/><F132/><W37/><G37/><T78/><D116/><U36/><E127/><V90/><F118/><W49/><G131/><T95/><D120/><U21/><E130/><V51/><F19/><W26/><G77/><T69/><D69/><U80/><E114/><V63/><F51/><W122/><G122/><T113/><D110/><U117/><E117/><V58/><REACH who="2" step="1"/><F99/><REACH who="2" ten="231,78,320,361" step="2"/><W106/><G49/><T98/><D134/><U47/><E71/><V17/><F17/><W62/><G50/><T23/><D113/><U111/><E111/><V81/><F81/><W20/><G42/><T0/><D0/><U59/><E68/><V28/><F28/><W83/><G83/><N who="0" m="47479" /><D12/><U87/><E47/><V133/><F133/><W34/><G14/><T8/><D7/><U53/><E64/><AGARI ba="0,1" hai="56,58,61,63,64,67,82,84,88,89,90,97,100,107" machi="64" ten="30,7700,0" yaku="1,1,7,1,9,1,54,1,53,0" doraHai="5" doraHaiUra="65" who="2" fromWho="1" sc="231,0,78,-77,320,87,361,0" /><INIT seed="5,0,0,5,1,88" ten="231,1,407,361" oya="1" hai0="72,4,95,7,30,112,75,132,124,66,47,68,32" hai1="33,104,35,11,90,40,0,97,13,123,127,73,94" hai2="10,27,39,119,110,84,131,46,17,122,6,82,71" hai3="130,113,19,80,8,53,103,60,38,98,34,15,43"/><U23/><E123/><V135/><F119/><W116/><G116/><T67/><D112/><U36/><E73/><V45/><F122/><W69/><G113/><T87/><D124/><U117/><E104/><V134/><F110/><W3/><G34/><T31/><D132/><N who="2" m="50730" /><F71/><W126/><G126/><T51/><D72/><U59/><E127/><V64/><F64/><N who="0" m="24618" /><D68/><U18/><E117/><V1/><F39/><W25/><G69/><T52/><D75/><U100/><E36/><V22/><F131/><W114/><G130/><T63/><D63/><U58/><E40/><V92/><F92/><W107/><G80/><T125/><D32/><U20/><E35/><V85/><F85/><W29/><G3/><T101/><D125/><U24/><E100/><V61/><F61/><W78/><G114/><T54/><D54/><U109/><E109/><V91/><AGARI ba="0,0" hai="1,6,10,17,22,27,45,46,82,84,91" m="50730" machi="91" ten="30,1100,0" yaku="20,1" doraHai="88" who="2" fromWho="2" sc="231,-3,1,-5,407,11,361,-3" owari="228,-17.0,-4,-50.0,418,51.0,358,16.0" /></mjloggm>