<mjloggm ver="2.3"><GO type="97" lobby="0"/><UN n0="%E9%87%8C%E4%B8%AD%E4%BA%9C%E7%9F%A2%E5%AD%90" n1="%E3%83%88%E3%83%88%E3%83%AA%E5%85%88%E7%94%9F%31%39%E6%AD%B3" n2="%52%2E%4E%2E%E3%81%9B%E3%82%93%E3%81%9A%E3%82%8A" n3="%75%6F%6B%6B%61%34%39%34" dan="14,14,15,15" rate="1935.48,2020.78,1952.31,2023.92" sx="F,F,M,M"/><TAIKYOKU oya="0"/><INIT seed="0,0,0,2,5,135" ten="250,250,250,250" oya="0" hai0="93,1,98,10,49,101,103,105,44,108,78,27,46" hai1="125,17,36,35,96,9,53,65,33,131,14,71,132" hai2="37,43,22,16,130,4,61,100,111,129,124,48,76" hai3="113,63,13,3,81,109,60,73,45,99,121,31,62"/><T67/><D78/><U82/><E36/><V55/><F111/><W40/><G113/><T51/><D67/><U23/><E132/><V115/><F115/><W25/><G3/><T123/><D123/><U28/><E131/><V26/><F76/><W52/><G121/><T18/><D108/><U97/><E71/><V56/><F4/><W88/><G109/><T107/><D1/><U120/><E65/><N who="2" m="39079" /><F100/><W5/><G73/><T117/><D117/><U66/><E66/><V90/><F90/><W58/><G13/><T24/><D93/><U89/><E120/><V122/><F43/><W104/><G5/><T91/><D91/><U68/><E68/><V38/><F122/><W84/><G99/><T41/><D10/><U0/><E35/><V102/><F102/><W15/><G15/><T64/><D64/><U134/><E134/><V12/><F12/><W118/><G104/><T106/><D18/><U128/><E128/><N who="2" m="49259" /><F124/><W95/><G81/><T30/><D24/><N who="1" m="18567" /><E125/><V77/><F77/><W57/><G57/><AGARI ba="0,0" hai="16,22,26,37,38,48,55,57" m="49259,39079" machi="57" ten="30,2000,0" yaku="19,1,54,1" doraHai="135" who="2" fromWho="3" sc="250,0,250,0,250,20,250,-20" /><INIT seed="1,0,0,3,2,47" ten="250,250,270,230" oya="1" hai0="64,120,19,21,0,85,129,60,27,131,44,134,2" hai1="79,70,13,96,127,12,114,95,91,9,7,4,93" hai2="117,112,28,51,126,15,30,71,100,87,55,49,65" hai3="14,5,63,73,46,111,69,81,1,10,48,82,115"/><U94/><E114/><V124/><F117/><W40/><G115/><T78/><D134/><U50/><E70/><V99/><F112/><W107/><G107/><T11/><D120/><U42/><E127/><N who="2" m="48683" /><F87/><W89/><G111/><T118/><D118/><U113/><E79/><V53/><F15/><W97/><G73/><T72/><D72/><U101/><E113/><V61/><F55/><W54/><G97/><T38/><D38/><U25/><E25/><V6/><F6/><W121/><G121/><T98/><D98/><U24/><E24/><V23/><F23/><W123/><G123/><T33/><D33/><U31/><E31/><N who="2" m="11819" /><F53/><W122/><G122/><T26/><D26/><U17/><E91/><V75/><F75/><W76/><G76/><T37/><D2/><U32/><E32/><V80/><F80/><W133/><G133/><T84/><D0/><U135/><E135/><V29/><N who="2" m="11827" /><V68/><DORA hai="41" /><F68/><W110/><G110/><T58/><D78/><U45/><E4/><V56/><F71/><W109/><G109/><T125/><D11/><AGARI ba="0,0" hai="7,9,11,12,13,17,42,45,50,93,94,95,96,101" machi="11" ten="30,11600,0" yaku="7,1,8,1,52,2" doraHai="47,41" who="1" fromWho="0" sc="250,-116,250,116,270,0,230,0" /><INIT seed="1,1,0,0,5,13" ten="134,366,270,230" oya="1" hai0="81,93,131,16,60,44,77,87,103,113,4,1,68" hai1="84,35,54,53,101,12,59,126,90,128,14,24,19" hai2="7,82,48,121,28,85,15,111,64,66,124,133,79" hai3="91,71,61,31,72,40,106,83,9,104,33,135,30"/><U65/><E128/><V63/><F121/><W37/><G135/><T8/><D131/><U17/><E126/><V119/><F119/><W129/><G129/><T5/><D113/><U69/><E69/><V49/><F124/><W58/><G71/><T118/><D118/><U120/><E120/><V39/><F39/><W74/><G74/><T86/><D44/><U23/><E101/><V80/><F133/><W95/><G30/><T130/><D130/><U25/><E65/><V41/><F111/><W112/><G112/><T27/><D4/><U108/><E108/><V99/><F28/><W42/><G42/><T96/><D68/><U6/><E6/><V76/><F99/><W50/><G9/><T0/><D60/><N who="1" m="35951" /><E54/><V117/><F117/><W94/><G37/><T97/><D97/><U75/><E75/><V115/><F115/><W20/><G33/><T110/><D110/><U36/><E35/><V105/><F105/><W55/><G106/><T3/><REACH who="0" step="1"/><D87/><REACH who="0" ten="124,366,270,230" step="2"/><U127/><E127/><V29/><F63/><W2/><G104/><T70/><D70/><U51/><E36/><V89/><F7/><W73/><G61/><T132/><D132/><U114/><E51/><V38/><F49/><W134/><G50/><T46/><D46/><U57/><E57/><V45/><F38/><W32/><G58/><T21/><AGARI ba="1,1" hai="0,1,3,5,8,16,21,27,77,81,86,93,96,103" machi="21" ten="30,12000,2" yaku="1,1,0,1,52,1,54,1,53,3" doraHai="13" doraHaiUra="34" who="0" fromWho="0" sc="124,133,366,-61,270,-31,230,-31" /><INIT seed="2,0,0,0,1,49" ten="257,305,239,199" oya="2" hai0="62,91,3,128,81,50,123,63,67,43,121,61,103" hai1="21,102,120,46,54,72,90,6,89,110,39,47,108" hai2="96,32,1,45,73,8,117,97,37,83,36,130,122" hai3="113,53,56,76,14,58,133,109,75,114,55,79,131"/><V17/><F117/><W22/><G75/><T64/><D3/><U85/><E120/><V20/><F122/><W0/><G0/><T12/><D103/><U44/><E72/><V104/><F32/><W127/><G127/><T16/><D128/><U30/><E39/><V70/><F70/><W84/><G131/><T99/><D123/><U28/><E6/><V93/><F130/><W111/><G84/><N who="0" m="50575" /><D99/><U129/><E129/><V33/><F33/><W65/><G133/><T92/><D92/><U105/><E90/><V116/><F104/><W40/><G40/><T7/><D7/><U66/><E66/><V118/><F97/><W87/><G87/><T52/><D43/><U98/><E54/><N who="3" m="20490" /><G22/><N who="0" m="11527" /><D121/><U68/><E68/><V38/><F116/><W15/><G65/><T69/><D69/><U112/><E21/><V48/><F118/><W95/><G95/><T57/><AGARI ba="0,0" hai="50,52,57,61,62,63,64,67" m="11527,50575" machi="57" ten="30,7900,0" yaku="8,1,52,1,54,2" doraHai="49" who="0" fromWho="0" sc="257,79,305,-20,239,-39,199,-20" /><INIT seed="3,0,0,3,1,125" ten="336,285,200,179" oya="3" hai0="40,10,100,120,6,123,63,108,12,121,42,112,85" hai1="89,74,48,117,13,133,97,26,35,1,11,104,51" hai2="119,0,60,72,3,127,43,115,116,68,124,73,110" hai3="82,79,70,76,17,47,46,39,80,84,41,94,101"/><W105/><G70/><T93/><D108/><U20/><E74/><N who="2" m="28779" /><F110/><W9/><G105/><T49/><D112/><U83/><E133/><V95/><F115/><W19/><G39/><T2/><D63/><U54/><E117/><N who="2" m="45131" /><F95/><W102/><G94/><T86/><D2/><N who="2" m="554" /><F43/><W44/><G44/><T106/><D93/><N who="1" m="56495" /><E35/><V87/><F87/><W15/><G84/><T34/><D40/><U31/><E104/><V132/><F132/><W107/><G41/><T109/><D34/><U130/><E1/><V27/><F27/><W128/><G107/><T5/><D109/><U113/><E54/><V78/><F78/><W69/><G69/><T29/><D86/><U23/><E23/><V114/><F114/><W38/><G38/><T99/><D85/><U24/><E24/><V103/><F103/><W91/><G15/><T126/><D12/><U36/><E36/><V7/><F7/><W59/><G9/><T57/><D5/><U22/><E22/><V64/><AGARI ba="0,0" hai="60,64,68,124,127" m="554,45131,28779" machi="64" ten="40,1500,0" yaku="23,1" doraHai="125" who="2" fromWho="2" sc="336,-4,285,-4,200,15,179,-7" owari="332,43.0,281,8.0,215,-18.0,172,-33.0" /></mjloggm>