<mjloggm ver="2.3"><GO type="97" lobby="0"/><UN n0="%62%61%6B%75%30%30%33%38" n1="%72%65%64%73%72%65%64%73" n2="%E5%B0%B1%E6%B4%BB%E7%94%9F%40%E5%B7%9D%E6%9D%91%E8%BB%8D%E5%9B%A3" n3="%32%6A%69%67%65%6E%6E" dan="13,14,14,14" rate="1863.49,2000.33,2003.06,1888.28" sx="M,M,M,M"/><TAIKYOKU oya="0"/><INIT seed="0,0,0,0,5,119" ten="250,250,250,250" oya="0" hai0="106,66,120,24,60,31,8,49,126,98,108,30,3" hai1="61,112,57,74,58,79,41,117,25,47,26,100,65" hai2="72,0,133,93,29,40,23,103,86,82,109,110,104" hai3="99,127,134,75,105,135,48,35,53,62,92,19,84"/><T89/><D120/><U12/><E117/><V129/><F0/><W6/><G75/><T18/><D126/><U80/><E112/><V73/><F40/><W132/><G6/><T2/><D31/><U81/><E100/><V9/><F9/><W91/><G35/><T51/><D2/><U37/><E12/><V21/><F29/><W43/><G127/><T20/><D108/><N who="2" m="41578" /><F23/><W44/><G19/><T121/><D121/><U39/><E39/><V10/><F21/><W131/><G131/><T85/><D106/><U87/><REACH who="1" step="1"/><E57/><REACH who="1" ten="250,240,250,250" step="2"/><V17/><F104/><W88/><G105/><T128/><D128/><U14/><E14/><N who="2" m="7383" /><F129/><W45/><G45/><T54/><D3/><U116/><E116/><V115/><F115/><W59/><REACH who="3" step="1"/><G84/><REACH who="3" ten="250,240,250,240" step="2"/><T46/><D85/><U11/><E11/><V77/><F133/><W52/><G52/><T56/><D8/><U124/><E124/><V4/><F4/><W15/><G15/><T67/><D67/><U102/><E102/><AGARI ba="0,2" hai="43,44,48,53,59,62,88,91,92,99,102,132,134,135" machi="102" ten="40,5200,0" yaku="1,1,20,1,54,1,53,0" doraHai="119" doraHaiUra="122" who="3" fromWho="1" sc="250,0,240,-52,250,0,240,72" /><INIT seed="1,0,0,2,5,128" ten="250,188,250,312" oya="1" hai0="59,92,43,91,11,63,47,61,23,116,54,6,45" hai1="103,58,44,125,78,94,100,105,24,131,20,87,117" hai2="46,60,120,65,30,134,93,110,15,73,114,22,86" hai3="41,88,96,129,77,0,2,26,121,130,9,13,14"/><U25/><E117/><V82/><F120/><W99/><G77/><T42/><D116/><U36/><E125/><V71/><F114/><W118/><G121/><T18/><D63/><U126/><E126/><V113/><F113/><W68/><G68/><T40/><D11/><U17/><E105/><V38/><F134/><W3/><G118/><T53/><D53/><U90/><E131/><N who="3" m="50186" /><G26/><N who="0" m="14711" /><D6/><U29/><E58/><V107/><F107/><W34/><G34/><T111/><D111/><U75/><E78/><V84/><F110/><W133/><G133/><T31/><D31/><U1/><E1/><V50/><F38/><W66/><G66/><T5/><D5/><U127/><E75/><V83/><F73/><W52/><G41/><N who="0" m="10499" /><T57/><DORA hai="10" /><D59/><U56/><E56/><V101/><F30/><W74/><G74/><T48/><D48/><U104/><E104/><V8/><F50/><W79/><G79/><T4/><D4/><U39/><E127/><V119/><F119/><W102/><G102/><T49/><D49/><U55/><E39/><V132/><F101/><W122/><G122/><T124/><D124/><U64/><E64/><V62/><F132/><W76/><G76/><T21/><D21/><N who="1" m="15503" /><E36/><V33/><F22/><W89/><G52/><T19/><D19/><U108/><E108/><V70/><F33/><W106/><G106/><T81/><D81/><N who="2" m="30730" /><F46/><W12/><G9/><T67/><D67/><U28/><E28/><V97/><F62/><W72/><G72/><T115/><D115/><U51/><AGARI ba="0,0" hai="17,20,25,44,51,55,87,90,94,100,103" m="15503" machi="51" ten="30,1500,0" yaku="8,1" doraHai="128,10" who="1" fromWho="1" sc="250,-5,188,15,250,-5,312,-5" /><INIT seed="1,1,0,3,3,104" ten="245,203,245,307" oya="1" hai0="69,17,89,64,12,135,75,123,40,107,6,30,10" hai1="118,46,62,48,44,57,67,119,132,112,18,84,63" hai2="2,7,38,37,73,83,25,102,124,29,126,100,49" hai3="42,113,71,23,85,14,61,22,127,35,125,53,51"/><U88/><E112/><V21/><F2/><W5/><G35/><T59/><D107/><U3/><E3/><V134/><F134/><W13/><G113/><T72/><D69/><U116/><E132/><V8/><F8/><W115/><G115/><T16/><D135/><U121/><E121/><V47/><F7/><W82/><G42/><T43/><D30/><U31/><E31/><V90/><F100/><W52/><G71/><T28/><D28/><U78/><E78/><V11/><F102/><W81/><G61/><T77/><D77/><U80/><E48/><V54/><F11/><W93/><G93/><T106/><D106/><U55/><REACH who="1" step="1"/><E18/><REACH who="1" ten="245,193,245,307" step="2"/><V68/><F38/><W74/><G51/><T92/><D123/><U99/><E99/><V70/><F37/><W96/><G96/><T56/><D17/><U91/><E91/><V108/><F108/><W66/><G5/><T34/><D6/><U120/><E120/><V65/><F90/><W19/><G19/><T114/><D114/><U105/><E105/><V20/><F29/><W58/><G127/><T24/><D34/><U130/><E130/><V32/><F124/><W27/><G125/><T129/><D129/><U36/><E36/><V98/><F126/><W117/><G117/><T87/><D24/><U128/><E128/><V131/><F98/><W133/><G27/><T41/><REACH who="0" step="1"/><D64/><REACH who="0" ten="235,193,245,307" step="2"/><U45/><E45/><V50/><F65/><W86/><G66/><T110/><D110/><U1/><E1/><V9/><F25/><W4/><G133/><T97/><D97/><U79/><E79/><V15/><F32/><RYUUKYOKU ba="1,2" sc="235,15,193,15,245,-15,307,-15" hai0="10,12,16,40,41,43,56,59,72,75,87,89,92" hai1="44,46,55,57,62,63,67,80,84,88,116,118,119" /><INIT seed="1,2,2,3,4,96" ten="250,208,230,292" oya="1" hai0="27,90,63,57,135,122,112,56,62,22,23,54,49" hai1="95,72,77,114,74,82,89,97,113,16,91,58,123" hai2="37,69,124,1,46,70,100,94,28,126,101,115,64" hai3="42,61,116,118,25,106,111,14,127,33,104,80,55"/><U13/><E123/><V133/><F1/><W53/><G42/><T131/><D112/><U21/><E74/><V19/><F115/><W99/><G111/><T41/><D135/><U120/><E120/><V38/><F133/><W134/><G134/><T110/><D110/><U5/><E5/><V12/><F28/><W30/><G80/><T26/><D131/><U81/><E81/><V60/><F70/><W7/><G127/><N who="2" m="48681" /><F94/><W45/><G55/><N who="0" m="34079" /><D122/><U65/><REACH who="1" step="1"/><E91/><REACH who="1" ten="250,198,230,292" step="2"/><V50/><F38/><W39/><G39/><T6/><D90/><U92/><E92/><V102/><F37/><W10/><G116/><T129/><D6/><U48/><E48/><V85/><F85/><W52/><G118/><T59/><D129/><U11/><E11/><N who="2" m="6559" /><F50/><W130/><G130/><T29/><D63/><AGARI ba="2,3" hai="13,16,21,58,63,65,72,77,82,89,95,97,113,114" machi="63" ten="40,3900,0" yaku="1,1,54,1,53,0" doraHai="96" doraHaiUra="128" who="1" fromWho="0" sc="250,-45,198,75,230,0,292,0" /><INIT seed="1,3,0,4,5,21" ten="205,273,230,292" oya="1" hai0="107,14,35,49,38,82,71,50,44,86,10,97,84" hai1="13,75,42,45,91,3,6,15,23,19,34,26,65" hai2="22,39,70,80,62,40,36,5,73,95,4,110,130" hai3="30,16,104,69,53,20,67,77,47,32,63,24,18"/><U108/><E65/><V126/><F126/><W33/><G104/><T85/><D71/><U134/><E134/><V93/><F110/><W68/><G77/><T27/><D38/><U128/><E128/><V129/><F73/><W121/><G121/><T120/><D120/><U115/><E115/><V94/><F80/><W101/><G69/><T111/><D111/><U83/><E34/><V28/><F28/><W123/><G123/><T78/><D49/><U122/><E122/><V51/><F51/><W0/><G0/><T11/><D11/><U100/><E100/><V8/><F22/><W1/><G1/><T88/><D107/><U133/><E133/><V43/><F62/><W61/><G101/><T103/><D103/><U55/><E55/><V72/><F70/><W131/><G131/><N who="2" m="50185" /><F72/><W132/><G132/><T56/><D56/><U98/><E108/><V76/><F76/><W46/><G33/><T59/><D59/><U79/><E91/><V58/><F58/><W125/><G125/><T109/><D109/><U127/><E98/><V7/><F8/><W119/><G119/><T81/><D84/><U112/><E112/><V114/><F114/><W66/><G18/><N who="0" m="8535" /><D35/><U99/><E99/><V117/><F117/><W116/><G116/><T12/><D97/><U52/><E52/><V17/><F17/><W124/><G53/><N who="0" m="29895" /><D12/><U29/><E127/><V135/><F135/><W64/><G124/><T25/><AGARI ba="3,0" hai="25,27,78,81,82,85,86,88" m="29895,8535" machi="25" ten="30,8000,1" yaku="25,1,8,1,52,2,54,1" doraHai="21" who="0" fromWho="0" sc="205,89,273,-43,230,-23,292,-23" /><INIT seed="2,0,0,3,2,128" ten="294,230,207,269" oya="2" hai0="105,115,132,34,26,13,81,122,95,22,57,38,10" hai1="131,60,67,116,101,85,9,4,127,68,5,97,70" hai2="46,6,106,16,119,104,93,77,87,40,43,89,45" hai3="109,0,71,123,53,110,44,21,103,120,63,50,80"/><V124/><F119/><W41/><G0/><T125/><D122/><U29/><E116/><V94/><F6/><W55/><G103/><T72/><D115/><U129/><E127/><V23/><F124/><W121/><G80/><T92/><D105/><N who="1" m="63663" /><E70/><V83/><F104/><W79/><G79/><T112/><D112/><U118/><E118/><V75/><F106/><W61/><G21/><T8/><D38/><U17/><E85/><V78/><F78/><W74/><G74/><T117/><D117/><U42/><E42/><N who="2" m="15915" /><F75/><W130/><G130/><N who="1" m="49674" /><E29/><V111/><F111/><N who="3" m="42507" /><G71/><T25/><D125/><U135/><E135/><V69/><F69/><W7/><G7/><T84/><D72/><U65/><E65/><V3/><F3/><W15/><G15/><AGARI ba="0,0" hai="4,5,9,15,17,60,67,68" m="49674,63663" machi="15" ten="30,1000,0" yaku="19,1" doraHai="128" who="1" fromWho="3" sc="294,0,230,10,207,0,269,-10" /><INIT seed="3,0,0,0,3,38" ten="294,240,207,259" oya="3" hai0="20,97,68,11,128,58,51,122,62,66,130,78,28" hai1="3,48,109,103,79,65,32,43,87,15,24,86,55" hai2="22,85,73,46,119,71,37,30,100,105,88,23,57" hai3="75,89,77,70,91,8,132,135,19,93,74,49,110"/><W67/><G49/><T116/><D122/><U126/><E3/><V9/><F71/><W129/><G129/><N who="0" m="49771" /><D116/><U52/><E109/><V34/><F73/><W120/><G120/><T1/><D78/><U29/><E65/><V18/><F119/><W39/><G39/><T50/><D68/><U92/><E126/><V121/><F121/><W69/><G77/><T33/><D33/><U6/><E103/><V5/><F105/><W54/><G54/><T61/><D61/><U95/><E87/><V31/><F100/><W112/><G112/><T84/><D97/><U13/><E13/><N who="2" m="5295" /><F37/><W12/><G110/><T26/><D84/><U94/><E15/><N who="2" m="9567" /><F34/><W104/><G91/><T0/><D0/><U40/><E6/><AGARI ba="0,0" hai="1,6,11,20,26,28,50,51,58,62,66" m="49771" machi="6" ten="30,1000,0" yaku="19,1" doraHai="38" who="0" fromWho="1" sc="294,10,240,-10,207,0,259,0" owari="304,40.0,230,-17.0,207,-29.0,259,6.0" /></mjloggm>