<mjloggm ver="2.3"><GO type="233" lobby="0"/><UN n0="%E3%83%8A%E3%82%BA%E6%98%9F%40%E6%9D%8F%E6%9D%8F%E8%BB%8D%E5%9C%98" n1="%E3%82%A6%E3%83%AB%E3%83%88%E3%83%A9%E7%AB%8B%E7%9B%B4" n2="%54%61%6E%70%61%61%63%68" n3="%79%6F%6A%6F" dan="16,17,16,16" rate="2070.63,2195.88,2000.27,2179.55" sx="F,M,M,F"/><TAIKYOKU oya="0"/><INIT seed="0,0,0,1,3,50" ten="250,250,250,250" oya="0" hai0="96,80,17,54,93,58,68,77,111,98,64,49,57" hai1="94,86,7,16,3,124,85,69,106,113,52,108,121" hai2="41,71,122,34,89,79,99,60,115,4,14,12,39" hai3="62,135,129,37,31,103,125,18,25,28,51,23,83"/><T101/><D68/><U127/><E106/><V38/><F115/><W132/><G37/><T9/><D111/><U42/><E42/><V59/><F34/><W24/><G103/><T47/><D64/><U65/><E65/><V45/><F71/><W109/><G62/><T120/><D120/><U35/><E35/><V72/><F122/><W74/><G109/><T55/><D98/><U44/><E69/><V1/><F38/><W36/><G36/><T53/><D9/><N who="1" m="2303" /><E94/><V110/><F110/><W73/><G83/><T97/><D17/><U117/><E117/><V78/><F78/><W8/><G8/><T27/><D27/><U92/><E92/><V130/><F130/><W56/><G129/><T40/><REACH who="0" step="1"/><D97/><REACH who="0" ten="240,250,250,250" step="2"/><U84/><E108/><V43/><F99/><W102/><G24/><T0/><D0/><U104/><E16/><V100/><F1/><W2/><G18/><T119/><D119/><U10/><E121/><V32/><F4/><W88/><G25/><T81/><D81/><U30/><E10/><V133/><F12/><W116/><G2/><T29/><D29/><U126/><E30/><V11/><F14/><W95/><G31/><T48/><D48/><N who="1" m="28679" /><E113/><V123/><F123/><W61/><G28/><T107/><D107/><U118/><E104/><V70/><F11/><W13/><G116/><T67/><D67/><U6/><E118/><V105/><F70/><W15/><G13/><T128/><D128/><U75/><E6/><V63/><F105/><W66/><G66/><T82/><D82/><U131/><E131/><V22/><F32/><W21/><G15/><RYUUKYOKU ba="0,1" sc="240,15,250,15,250,-15,250,-15" hai0="40,47,49,53,54,55,57,58,77,80,93,96,101" hai1="75,84,85,86,124,126,127" /><INIT seed="0,1,1,0,4,107" ten="255,265,235,235" oya="0" hai0="109,64,42,103,7,41,115,90,6,45,47,131,121" hai1="110,116,39,66,79,10,44,17,55,70,76,96,36" hai2="54,117,119,13,51,135,52,113,92,61,128,34,125" hai3="46,67,130,133,75,88,60,23,56,1,102,20,25"/><T58/><D115/><U49/><E116/><N who="2" m="44619" /><F113/><W85/><G1/><T111/><D121/><U62/><E110/><N who="0" m="41993" /><D103/><U134/><E134/><V108/><F108/><W71/><G130/><T12/><D131/><U65/><E79/><V63/><F135/><W114/><G114/><T98/><D98/><U3/><E76/><V27/><F125/><W101/><G133/><T91/><D58/><U69/><E96/><V84/><F13/><W127/><G127/><T24/><D64/><U15/><E3/><V11/><F11/><W118/><G118/><T30/><D12/><U31/><E31/><N who="2" m="19839" /><F128/><W99/><G101/><T22/><D6/><U16/><E17/><V123/><F123/><W129/><G129/><T104/><D7/><U29/><E29/><V5/><F5/><W8/><G99/><T21/><D21/><U40/><E16/><V59/><F54/><W2/><G20/><T72/><D104/><U126/><E15/><V19/><F19/><W78/><G102/><T82/><D91/><AGARI ba="1,1" hai="51,52,59,61,63,84,91,92" m="19839,44619" machi="91" ten="30,2000,0" yaku="12,1,54,1" doraHai="107" who="2" fromWho="0" sc="255,-23,265,0,235,33,235,0" /><INIT seed="1,0,0,1,3,75" ten="232,265,268,235" oya="1" hai0="130,16,94,91,11,113,95,108,23,119,31,29,32" hai1="122,45,126,127,56,8,57,36,93,35,116,80,9" hai2="15,97,3,61,59,28,65,34,22,89,63,19,96" hai3="64,44,68,109,105,58,62,92,50,133,53,99,12"/><U129/><E122/><V49/><F3/><W78/><G109/><T128/><D113/><U18/><E35/><V38/><F38/><W132/><G105/><T0/><D119/><U20/><E116/><V10/><F49/><W1/><G1/><T90/><D0/><U104/><E104/><V135/><F135/><W74/><G12/><T27/><D11/><U46/><E93/><V71/><F34/><W5/><G5/><T77/><D108/><U14/><E129/><N who="0" m="49769" /><D77/><U81/><E20/><V121/><F121/><W41/><G74/><T125/><D125/><U39/><E14/><V7/><F89/><N who="0" m="33802" /><D31/><U114/><REACH who="1" step="1"/><E18/><REACH who="1" ten="232,255,268,235" step="2"/><V2/><F28/><W66/><G133/><T40/><D16/><U42/><E42/><V25/><F15/><W76/><G132/><T115/><D40/><U86/><E86/><V72/><F72/><W111/><G111/><T54/><D32/><U13/><E13/><V134/><F134/><W85/><G85/><T37/><D23/><U98/><E98/><V52/><AGARI ba="0,1" hai="2,7,10,19,22,25,52,59,61,63,65,71,96,97" machi="52" ten="20,2700,0" yaku="0,1,7,1,54,1" doraHai="75" who="2" fromWho="2" sc="232,-7,255,-13,268,37,235,-7" /><INIT seed="2,0,0,2,3,102" ten="225,242,305,228" oya="2" hai0="67,49,65,122,115,107,116,77,98,78,61,47,60" hai1="76,6,130,79,124,30,118,80,133,50,135,82,10" hai2="26,2,87,45,84,119,17,4,19,117,83,0,41" hai3="54,70,99,132,39,43,66,103,85,96,11,16,52"/><V114/><F114/><W126/><G126/><T37/><D115/><U111/><E118/><V59/><F59/><W134/><G43/><T94/><D122/><U13/><E124/><V44/><F4/><W18/><G39/><T105/><D37/><U63/><E111/><V28/><F28/><W68/><G85/><T109/><D109/><U108/><E108/><V56/><F56/><W125/><G125/><T9/><D116/><U73/><E130/><V106/><F106/><W27/><G27/><T74/><D9/><U23/><E50/><V58/><F58/><W101/><G11/><T71/><D77/><U62/><E30/><V88/><F26/><W90/><G90/><T1/><D1/><U38/><E23/><V64/><F64/><AGARI ba="0,0" hai="16,18,52,54,64,66,68,70,96,99,101,103,132,134" machi="64" ten="25,6400,0" yaku="22,2,54,2" doraHai="102" who="3" fromWho="2" sc="225,0,242,0,305,-64,228,64" /><INIT seed="3,0,0,3,2,132" ten="225,242,241,292" oya="3" hai0="87,45,100,51,93,63,55,18,15,124,99,70,50" hai1="34,104,111,33,17,76,52,9,78,39,47,42,106" hai2="123,19,61,58,3,49,38,26,126,82,66,109,30" hai3="43,37,103,120,133,77,101,80,127,62,128,89,122"/><W118/><G118/><T60/><D70/><U97/><E111/><V20/><F3/><W94/><G43/><T29/><D29/><U74/><E17/><V35/><F38/><W14/><G14/><T105/><D124/><U25/><E78/><V44/><F126/><W102/><G37/><T117/><D117/><U48/><E9/><V86/><F109/><W57/><G127/><T88/><REACH who="0" step="1"/><D50/><REACH who="0" ten="215,242,241,292" step="2"/><U23/><E48/><V108/><F123/><W24/><G133/><T134/><D134/><U112/><E39/><V21/><F108/><W68/><G68/><T92/><D92/><U12/><E106/><V22/><F35/><W10/><G122/><T116/><D116/><U1/><E104/><V83/><F30/><W31/><G120/><T40/><D40/><U73/><E42/><N who="2" m="24727" /><F82/><W85/><G128/><T84/><D84/><U16/><E33/><V90/><AGARI ba="0,1" hai="19,20,21,22,26,58,61,66,83,86,90" m="24727" machi="90" ten="30,1100,0" yaku="8,1" doraHai="132" who="2" fromWho="2" sc="215,-3,242,-3,241,21,292,-5" /><INIT seed="4,0,0,1,5,26" ten="212,239,262,287" oya="0" hai0="83,15,45,10,130,63,104,36,112,132,37,108,122" hai1="20,119,50,107,125,71,34,89,98,47,73,100,13" hai2="70,79,115,42,86,134,41,121,8,106,123,77,91" hai3="57,85,21,1,96,5,33,67,51,16,90,99,118"/><T19/><D122/><U7/><E119/><V55/><F115/><W0/><G33/><T78/><D104/><U24/><E71/><V2/><F106/><W74/><G74/><T113/><D132/><U102/><E73/><V53/><F134/><W81/><G118/><T28/><D130/><U31/><E125/><V30/><F70/><W128/><G128/><T6/><D108/><U133/><E133/><V76/><F2/><W23/><G23/><T62/><D62/><U117/><E117/><V25/><F8/><W111/><G111/><T52/><D28/><U38/><E38/><V97/><F97/><W80/><G80/><T120/><D120/><U39/><E39/><V3/><F3/><W17/><G17/><T48/><D63/><U105/><E105/><V66/><F66/><W103/><G5/><T124/><D124/><U129/><E129/><V40/><F121/><W72/><G72/><T93/><D93/><N who="1" m="56623" /><E34/><V27/><F123/><W110/><G96/><T32/><D32/><U35/><E35/><V87/><F25/><N who="3" m="14503" /><G110/><T75/><REACH who="0" step="1"/><D6/><REACH who="0" ten="202,239,262,287" step="2"/><U4/><E107/><V135/><F135/><W88/><G103/><T68/><D68/><U54/><E4/><V92/><F30/><W46/><G81/><T56/><D56/><U14/><E7/><V22/><F27/><W44/><G0/><T64/><D64/><U127/><E127/><V82/><F22/><W29/><G1/><T114/><AGARI ba="0,1" hai="10,15,19,36,37,45,48,52,75,78,83,112,113,114" machi="114" ten="30,11700,0" yaku="1,1,0,1,15,1,54,1,53,0" doraHai="26" doraHaiUra="59" who="0" fromWho="0" sc="202,127,239,-39,262,-39,287,-39" /><INIT seed="4,1,0,0,4,16" ten="329,200,223,248" oya="0" hai0="72,19,53,93,119,103,90,99,4,9,35,127,77" hai1="33,60,51,102,56,130,123,71,74,2,133,91,25" hai2="98,97,42,46,59,44,57,114,131,63,48,7,122" hai3="11,79,73,117,96,84,41,38,101,23,58,8,67"/><T120/><D119/><U54/><E123/><V112/><F122/><W17/><G73/><T12/><D120/><U27/><E2/><V118/><F118/><W81/><G117/><T75/><D35/><U82/><E130/><V100/><F131/><W70/><G70/><T78/><D127/><U89/><E133/><V132/><F132/><W129/><G129/><T64/><D64/><U52/><E71/><V24/><F7/><W80/><G80/><T31/><D31/><U107/><E107/><V65/><F24/><W108/><G108/><T113/><D113/><N who="2" m="43626" /><F57/><W6/><G41/><T104/><D72/><U85/><E74/><V94/><F97/><W20/><G38/><T5/><D5/><U68/><E102/><V34/><F46/><W92/><G17/><T26/><D26/><U55/><E68/><V28/><F28/><W50/><G50/><T110/><D19/><U61/><E33/><AGARI ba="1,0" hai="33,34,42,44,48,59,63,65,94,98,100" m="43626" machi="33" ten="30,1000,0" yaku="15,1" doraHai="16" who="2" fromWho="1" sc="329,0,200,-13,223,13,248,0" /><INIT seed="5,0,0,4,1,13" ten="329,187,236,248" oya="1" hai0="8,7,134,63,112,45,28,33,32,39,56,121,84" hai1="91,108,47,66,70,123,67,132,30,38,80,115,101" hai2="17,3,23,16,125,78,25,119,55,75,48,44,22" hai3="117,79,87,68,64,14,27,12,0,71,95,1,2"/><U86/><E123/><V42/><F119/><W76/><G27/><T46/><D121/><U69/><E30/><V135/><F135/><W24/><G24/><T9/><D28/><U37/><E101/><V103/><F125/><W99/><G117/><T116/><D39/><N who="1" m="14859" /><E47/><V114/><F114/><W96/><G87/><T93/><D45/><U18/><E115/><V120/><F120/><W11/><G1/><T77/><D46/><U129/><E18/><V36/><F3/><W15/><G15/><T61/><D116/><U57/><E57/><V29/><F103/><W62/><G95/><T43/><D56/><U107/><E107/><V90/><F90/><W31/><G31/><T105/><D105/><U49/><E49/><V126/><F126/><W89/><G89/><T118/><D118/><U52/><E52/><V109/><F109/><W54/><G54/><T106/><D106/><U58/><E108/><V128/><F128/><W10/><G62/><T74/><D63/><N who="1" m="38263" /><E129/><V88/><F29/><W60/><G60/><T131/><D61/><N who="1" m="40175" /><E70/><V59/><F88/><W113/><G113/><T4/><D112/><U72/><E72/><V85/><F75/><W73/><G64/><T97/><D74/><AGARI ba="0,0" hai="0,2,10,11,12,14,68,71,73,74,76,79,96,99" machi="74" ten="25,1600,0" yaku="22,2" doraHai="13" who="3" fromWho="0" sc="329,-16,187,0,236,0,248,16" /><INIT seed="6,0,0,0,0,26" ten="313,187,236,264" oya="2" hai0="17,62,14,65,117,124,78,122,85,63,116,108,33" hai1="119,51,115,89,90,27,107,123,72,110,105,54,48" hai2="81,86,34,135,64,2,30,102,98,68,134,83,52" hai3="38,101,75,37,80,111,87,106,95,7,129,104,60"/><V118/><F118/><N who="0" m="45674" /><D124/><U103/><E119/><V0/><F64/><W31/><G111/><T73/><D122/><U96/><E110/><V59/><F68/><W45/><G7/><T120/><D120/><U40/><E123/><V43/><F43/><W3/><G3/><T121/><D121/><U88/><E115/><V23/><F34/><W39/><G129/><T97/><D33/><U128/><E128/><V36/><F36/><W28/><G45/><T84/><D62/><U133/><E133/><N who="2" m="50699" /><F30/><W55/><G55/><T100/><D73/><U93/><E72/><V126/><F23/><W12/><G12/><T9/><D78/><U6/><E6/><V8/><F8/><W41/><G60/><T50/><D50/><U66/><E66/><V57/><F57/><W44/><G44/><T82/><D82/><N who="2" m="31242" /><F86/><W49/><G41/><T91/><D108/><U19/><E40/><V58/><F58/><W46/><G46/><T53/><D53/><U42/><E42/><V109/><F109/><W71/><G71/><T16/><D84/><U32/><E51/><N who="2" m="31135" /><F126/><W125/><G125/><T10/><D85/><U99/><E48/><V92/><AGARI ba="0,0" hai="0,2,92,98,102" m="31135,31242,50699" machi="92" ten="30,3000,0" yaku="20,1,54,1" doraHai="26" who="2" fromWho="2" sc="313,-10,187,-10,236,30,264,-10" /><INIT seed="6,1,0,0,0,25" ten="303,177,266,254" oya="2" hai0="15,84,73,8,135,33,5,51,125,71,69,11,63" hai1="7,22,60,127,66,115,47,16,119,55,20,10,31" hai2="132,12,116,75,81,96,59,52,74,131,130,72,38" hai3="39,82,83,112,100,86,88,41,40,13,126,85,95"/><V110/><F110/><W48/><G126/><T37/><D73/><U133/><E119/><V1/><F1/><W129/><G129/><N who="2" m="49161" /><F132/><W67/><G39/><T27/><D37/><U30/><E133/><V78/><F38/><W29/><G112/><T50/><D125/><U32/><E32/><V23/><F116/><W122/><G122/><T36/><D36/><U24/><E127/><V14/><F96/><N who="3" m="59423" /><G67/><T6/><D84/><U44/><E115/><V94/><F94/><W2/><G2/><T93/><D93/><U89/><E89/><V105/><F105/><W124/><G124/><T42/><D42/><U91/><E91/><V4/><F4/><W101/><G101/><T123/><D123/><U45/><E55/><V103/><F103/><W18/><G48/><T61/><D135/><U57/><REACH who="1" step="1"/><E22/><REACH who="1" ten="303,167,266,254" step="2"/><V46/><F23/><N who="3" m="11727" /><G41/><T106/><D33/><U53/><E53/><V80/><F78/><W35/><G35/><T49/><D71/><U121/><E121/><V87/><F46/><W43/><G40/><T68/><D69/><U64/><E64/><V99/><F52/><W54/><G54/><T114/><D68/><U26/><E26/><V97/><F59/><W90/><G43/><T19/><D114/><U104/><E104/><V21/><F21/><W111/><G111/><T117/><D106/><U113/><E113/><V65/><F65/><W128/><G128/><T109/><D117/><U118/><E118/><V107/><F107/><W17/><G90/><T62/><D109/><U28/><E28/><V77/><F81/><W3/><G29/><T102/><D62/><RYUUKYOKU ba="1,1" sc="303,-15,167,15,266,15,254,-15" hai1="7,10,16,20,24,30,31,44,45,47,57,60,66" hai2="12,14,72,74,75,77,80,87,97,99" /><INIT seed="6,2,1,2,3,132" ten="288,182,281,239" oya="2" hai0="91,15,31,73,130,6,60,79,4,135,70,71,100" hai1="123,129,85,74,38,101,81,76,114,47,24,83,45" hai2="68,43,49,18,104,99,88,111,90,89,17,54,50" hai3="110,20,95,48,32,105,115,119,109,34,121,8,58"/><V40/><F68/><W64/><G105/><T63/><D100/><U96/><E114/><V80/><F111/><W67/><G121/><T14/><D79/><U27/><E129/><V42/><F104/><W97/><G119/><T86/><D31/><U118/><E118/><V116/><F116/><W21/><G115/><T11/><D135/><U13/><E123/><V65/><F65/><W84/><G84/><T125/><D73/><U78/><E13/><V51/><F54/><W7/><G48/><T0/><D0/><U56/><E56/><V36/><F36/><W16/><G7/><T59/><D130/><U37/><E37/><V30/><F30/><W92/><G97/><T107/><D107/><U94/><REACH who="1" step="1"/><E38/><REACH who="1" ten="288,172,281,239" step="2"/><V108/><F108/><W2/><G58/><T131/><D59/><U102/><E102/><V10/><F99/><W25/><G2/><T52/><D131/><U5/><E5/><V117/><F117/><W113/><G113/><T23/><D4/><U133/><E133/><V53/><F80/><W46/><G109/><T35/><D71/><U66/><E66/><V69/><F69/><W124/><G67/><T19/><D70/><U87/><E87/><V77/><F53/><W134/><G64/><T29/><D52/><U126/><E126/><V128/><F128/><W12/><G124/><T61/><D125/><U28/><E28/><V127/><F127/><W75/><G110/><T106/><D29/><U9/><E9/><V26/><F10/><W93/><G134/><T120/><D120/><U72/><E72/><V122/><F122/><W57/><G75/><RYUUKYOKU ba="2,2" sc="288,-10,172,30,281,-10,239,-10" hai1="24,27,45,47,74,76,78,81,83,85,94,96,101" /><INIT seed="7,3,2,4,3,15" ten="278,202,271,229" oya="3" hai0="13,69,32,117,7,46,26,101,104,112,33,89,44" hai1="25,82,12,37,79,94,3,29,134,51,95,77,96" hai2="135,36,14,63,58,123,41,128,78,126,97,50,71" hai3="76,113,10,120,60,85,102,125,48,23,131,130,19"/><W54/><G120/><T87/><D117/><U119/><E37/><V24/><F123/><W34/><G34/><T70/><D33/><U92/><E3/><V81/><F36/><W59/><G113/><T45/><D112/><U38/><E38/><V0/><F71/><W6/><G102/><T118/><D104/><U57/><E119/><V28/><F0/><W83/><G125/><T100/><D70/><U67/><E134/><V106/><F135/><W109/><G109/><T115/><D69/><U110/><E110/><V80/><F128/><N who="3" m="49195" /><G10/><N who="0" m="4319" /><D32/><U74/><E12/><V27/><F126/><W20/><G6/><T105/><D105/><U55/><E67/><V108/><F108/><W103/><G103/><T22/><D115/><U56/><E79/><V73/><F81/><W43/><G19/><N who="0" m="12639" /><D118/><U107/><E107/><V124/><F124/><W91/><G76/><T42/><D42/><U65/><E96/><V5/><F106/><W98/><G98/><T61/><D61/><U99/><E99/><V30/><F97/><W84/><G84/><T90/><D90/><U17/><E17/><V66/><F5/><W68/><G68/><T62/><D62/><N who="1" m="38095" /><E29/><V1/><F1/><W16/><G16/><T133/><D133/><U31/><E31/><V93/><F14/><W86/><G86/><T127/><D127/><U72/><E72/><V2/><F2/><W122/><G122/><T52/><D101/><U4/><E4/><V53/><F41/><W9/><G9/><T40/><D100/><U47/><E25/><V116/><F24/><W114/><G114/><T132/><D132/><RYUUKYOKU ba="3,2" sc="278,-15,202,15,271,-15,229,15" hai1="47,51,55,56,74,77,82,92,94,95" hai3="20,23,43,48,54,59,60,83,85,91" /><INIT seed="7,4,2,2,3,91" ten="263,217,256,244" oya="3" hai0="96,76,4,128,27,77,9,123,64,59,119,32,106" hai1="13,104,130,120,41,113,44,107,98,24,39,132,108" hai2="58,45,28,75,84,33,20,89,29,70,26,48,2" hai3="61,38,6,49,122,5,60,34,74,90,85,99,134"/><W18/><G122/><T83/><D119/><U40/><E108/><V68/><F75/><W79/><G38/><T102/><D123/><U54/><E120/><V16/><F2/><W11/><G34/><T15/><D128/><U42/><E130/><V125/><F125/><W69/><G134/><T100/><D100/><U124/><E124/><V8/><F58/><W92/><G74/><T50/><D76/><U17/><E132/><V37/><F37/><W80/><G49/><T52/><D64/><U51/><E113/><V55/><F8/><W36/><G36/><T118/><D118/><U95/><E24/><V72/><F72/><W3/><G69/><T94/><D32/><U101/><REACH who="1" step="1"/><E39/><REACH who="1" ten="263,207,256,244" step="2"/><V21/><F33/><W57/><G5/><T117/><D27/><U19/><E19/><V103/><F29/><W67/><G18/><T46/><D117/><U131/><E131/><V81/><F103/><W111/><REACH who="3" step="1"/><G61/><REACH who="3" ten="263,207,256,234" step="2"/><T56/><D4/><U88/><E88/><V135/><F135/><W23/><G23/><AGARI ba="4,4" hai="13,17,23,40,41,42,44,51,54,95,98,101,104,107" machi="23" ten="40,2600,0" yaku="1,1,52,1,53,0" doraHai="91" doraHaiUra="0" who="1" fromWho="3" sc="263,0,207,78,256,0,234,-38" /><INIT seed="8,0,0,4,4,81" ten="263,285,256,196" oya="0" hai0="130,65,121,4,111,13,119,127,88,73,5,34,98" hai1="23,134,8,39,128,25,132,125,108,31,110,124,114" hai2="100,7,17,101,42,103,86,76,85,15,38,84,26" hai3="62,135,96,45,78,58,11,97,2,16,105,92,36"/><T118/><D121/><U19/><E39/><V112/><F112/><W123/><G123/><T117/><D34/><N who="1" m="20847" /><E8/><N who="2" m="4511" /><F38/><W72/><G135/><N who="1" m="51754" /><E128/><V20/><F42/><W10/><G105/><T41/><D73/><U3/><E3/><V6/><F6/><W106/><G106/><T133/><D133/><U104/><E104/><V49/><F49/><W122/><G122/><T57/><D130/><U1/><E1/><V12/><F12/><W83/><G97/><T29/><D29/><U14/><E114/><V77/><AGARI ba="0,0" hai="17,20,26,76,77,84,85,86,100,101,103" m="4511" machi="77" ten="40,8000,1" yaku="8,1,52,3" doraHai="81" who="2" fromWho="2" sc="263,-40,285,-20,256,80,196,-20" owari="223,-18.0,265,7.0,336,43.0,176,-32.0" /></mjloggm>