<mjloggm ver="2.3"><GO type="97" lobby="0"/><UN n0="%EF%BC%AD%EF%BC%A6%E3%83%99%E3%83%83%E3%82%AB%E3%83%A0" n1="%E4%B8%8A%E6%9D%89%E8%AC%99%E7%8F%8D" n2="%E3%83%88%E3%83%88%E3%83%AA%E5%85%88%E7%94%9F%31%39%E6%AD%B3" n3="%43%61%70%44%75%63%61%6C" dan="14,14,14,15" rate="1919.97,1933.06,2005.66,2001.96" sx="M,M,F,M"/><TAIKYOKU oya="0"/><INIT seed="0,0,0,5,1,8" ten="250,250,250,250" oya="0" hai0="84,88,76,17,93,25,78,23,53,108,39,18,102" hai1="47,42,50,89,73,22,105,61,79,52,97,128,27" hai2="127,67,63,75,83,109,3,31,34,45,46,134,30" hai3="133,68,48,71,110,99,117,32,120,28,43,65,40"/><T41/><D108/><U98/><E128/><V4/><F109/><W7/><G110/><T62/><D39/><U29/><E105/><V101/><F134/><W54/><G32/><T5/><D41/><U90/><E79/><V19/><F127/><W121/><G28/><T87/><D5/><U106/><E73/><V123/><F123/><N who="3" m="47179" /><G7/><T82/><D102/><U15/><E106/><V38/><F101/><W91/><G117/><T24/><D78/><U103/><E103/><V118/><F118/><W104/><G104/><T12/><D18/><U100/><E100/><V135/><F135/><W21/><G21/><T119/><D119/><U2/><E2/><V35/><F4/><W59/><G133/><T6/><D6/><U80/><E15/><V51/><F3/><W60/><G99/><N who="1" m="37898" /><E80/><V10/><F83/><W130/><G91/><N who="1" m="34826" /><E61/><V72/><F75/><W37/><G130/><T74/><D74/><U85/><E85/><V131/><F72/><W107/><G107/><T81/><D81/><U122/><E122/><V36/><F131/><W1/><G1/><T115/><D115/><U64/><E64/><V66/><F63/><N who="3" m="39999" /><G37/><T113/><D113/><U94/><E94/><V77/><F77/><W95/><G95/><T14/><D25/><U16/><E29/><V70/><F35/><W57/><G71/><T114/><D114/><U129/><E129/><V49/><F70/><W9/><G9/><T56/><AGARI ba="0,0" hai="12,14,17,23,24,53,56,62,76,82,84,87,88,93" machi="56" ten="30,12000,1" yaku="0,1,8,1,52,2,54,1" doraHai="8" who="0" fromWho="0" sc="250,120,250,-40,250,-40,250,-40" /><INIT seed="0,1,0,0,4,25" ten="370,210,210,210" oya="0" hai0="88,46,123,2,121,43,40,32,55,38,60,65,5" hai1="74,102,71,132,39,81,124,62,98,22,36,14,105" hai2="50,7,83,131,18,33,68,31,70,107,103,19,104" hai3="53,51,37,93,84,96,15,115,95,89,120,27,6"/><T21/><D32/><U122/><E122/><V72/><F131/><W113/><G37/><T114/><D21/><U52/><E124/><V76/><F7/><W112/><G120/><T9/><D114/><U61/><E132/><V128/><F128/><W117/><G117/><T77/><D77/><U109/><E109/><V94/><F94/><W24/><G6/><T54/><D43/><U41/><E41/><V28/><F50/><W20/><G15/><T1/><D1/><U90/><E62/><V66/><F33/><W130/><G130/><T118/><D118/><U3/><E3/><V59/><F59/><W119/><G119/><T73/><D73/><U133/><E133/><V26/><F26/><W100/><REACH who="3" step="1"/><G20/><REACH who="3" ten="370,210,210,200" step="2"/><T67/><D123/><U44/><E22/><V4/><F4/><W12/><G12/><T101/><D121/><U91/><E14/><V17/><F66/><W87/><G87/><T99/><D67/><U97/><E36/><V106/><REACH who="2" step="1"/><F103/><REACH who="2" ten="370,210,200,200" step="2"/><W110/><G110/><T63/><D101/><U45/><E39/><V134/><F134/><W126/><G126/><T82/><D65/><U13/><E13/><V116/><F116/><W64/><G64/><T86/><D99/><U11/><E97/><V42/><F42/><W34/><G34/><T75/><D75/><U111/><E74/><V125/><F125/><W10/><G10/><T48/><D54/><U85/><E11/><V79/><F79/><W0/><G0/><T58/><AGARI ba="1,2" hai="2,5,9,38,40,46,48,55,58,60,63,82,86,88" machi="58" ten="20,3900,0" yaku="0,1,7,1,54,1" doraHai="25" who="0" fromWho="0" sc="370,62,210,-14,200,-14,200,-14" /><INIT seed="0,2,0,1,2,59" ten="432,196,186,186" oya="0" hai0="45,104,19,101,80,64,6,29,11,115,97,53,22" hai1="55,110,63,1,31,14,86,50,57,120,5,46,44" hai2="91,94,27,123,13,128,40,103,68,118,125,20,34" hai3="107,113,129,0,61,47,35,51,87,38,126,77,41"/><T134/><D115/><U90/><E1/><V9/><F123/><W65/><G0/><T42/><D134/><U133/><E120/><V36/><F34/><W30/><G113/><T32/><D32/><U33/><E133/><V18/><F128/><W116/><G129/><T79/><D29/><U52/><E110/><V119/><F103/><W21/><G35/><T39/><D53/><U43/><E31/><V12/><F125/><W124/><G107/><T17/><D64/><U89/><E33/><V121/><F121/><W24/><G116/><N who="2" m="44585" /><F68/><W81/><REACH who="3" step="1"/><G38/><REACH who="3" ten="432,196,186,176" step="2"/><T135/><D135/><U114/><E114/><V72/><F72/><W28/><G28/><T131/><D131/><U71/><E71/><AGARI ba="2,1" hai="21,24,30,41,47,51,61,65,71,77,81,87,124,126" machi="71" ten="40,2600,0" yaku="1,1,52,1,53,0" doraHai="59" doraHaiUra="92" who="3" fromWho="1" sc="432,0,196,-32,186,0,176,42" /><INIT seed="1,0,0,4,3,116" ten="432,164,186,218" oya="1" hai0="63,28,86,25,36,39,40,91,66,34,44,49,58" hai1="65,83,60,79,61,0,77,13,128,26,48,70,104" hai2="57,96,21,85,110,3,125,124,64,107,111,81,30" hai3="87,95,51,112,97,120,82,14,47,29,103,99,131"/><U46/><E128/><V10/><F64/><W2/><G2/><T6/><REACH who="0" step="1"/><D6/><REACH who="0" ten="422,164,186,218" step="2"/><U5/><E5/><V45/><F110/><W105/><G131/><T118/><D118/><U98/><E0/><V93/><F111/><W50/><G112/><T38/><D38/><U94/><E104/><V109/><F107/><W115/><G115/><T16/><D16/><U127/><E127/><V90/><F109/><W73/><G105/><T20/><D20/><U132/><E132/><V78/><F3/><W74/><G29/><T32/><D32/><U22/><E13/><V101/><F10/><W42/><G14/><T41/><D41/><U113/><E113/><V75/><F30/><W129/><G129/><T55/><D55/><U53/><E61/><V117/><F21/><W35/><G35/><T31/><D31/><U121/><E121/><V43/><F117/><W84/><G120/><T135/><D135/><U19/><REACH who="1" step="1"/><E83/><AGARI ba="0,1" hai="25,28,34,36,39,40,44,49,58,63,66,83,86,91" machi="83" ten="30,7700,0" yaku="21,2,7,1,53,1" doraHai="116" doraHaiUra="27" who="0" fromWho="1" sc="422,87,164,-77,186,0,218,0" /><INIT seed="2,0,0,2,4,82" ten="509,87,186,218" oya="2" hai0="111,90,38,60,31,94,120,33,95,20,84,2,46" hai1="91,14,73,23,17,135,59,133,32,1,49,34,106" hai2="108,24,27,43,67,5,122,71,109,44,7,129,50" hai3="98,26,119,19,37,52,72,39,16,36,128,25,116"/><V80/><F122/><W87/><G72/><T100/><D33/><U96/><E73/><V35/><F129/><W76/><G98/><T123/><D2/><U117/><E117/><V132/><F132/><N who="1" m="50761" /><E106/><V62/><F80/><W124/><G128/><T12/><D111/><N who="2" m="42570" /><F27/><W69/><G69/><T29/><D60/><U105/><E105/><V15/><F15/><W57/><G26/><T40/><D31/><AGARI ba="0,0" hai="5,7,24,31,35,43,44,50,62,67,71" m="42570" machi="31" ten="30,2900,0" yaku="14,1,10,1" doraHai="82" who="2" fromWho="0" sc="509,-29,87,0,186,29,218,0" /><INIT seed="2,1,0,3,2,112" ten="480,87,215,218" oya="2" hai0="54,124,72,34,104,103,128,29,28,107,45,58,64" hai1="42,84,32,35,59,70,2,85,79,99,92,82,27" hai2="56,47,11,14,83,36,20,91,55,43,57,52,48" hai3="89,126,15,125,49,119,23,110,12,16,21,24,101"/><V97/><F20/><W100/><G89/><T122/><D54/><U53/><E70/><V78/><F97/><W9/><G49/><T10/><D58/><U116/><E2/><V5/><F91/><W7/><G110/><T135/><D10/><U51/><E35/><V130/><F130/><W61/><G61/><T74/><D45/><U17/><E42/><V127/><F127/><N who="3" m="48651" /><G119/><T118/><D64/><U19/><E32/><V77/><REACH who="2" step="1"/><F83/><REACH who="2" ten="480,87,205,218" step="2"/><W131/><G131/><T95/><D124/><U86/><E116/><V60/><AGARI ba="1,1" hai="5,11,14,36,43,47,48,52,55,56,57,60,77,78" machi="60" ten="20,18000,2" yaku="1,1,2,1,0,1,7,1,54,1,53,1" doraHai="112" doraHaiUra="0" who="2" fromWho="2" sc="480,-61,87,-61,205,193,218,-61" /><INIT seed="2,2,0,4,3,0" ten="419,26,398,157" oya="2" hai0="16,88,15,112,29,111,110,100,115,130,76,48,96" hai1="49,126,78,24,120,65,12,89,43,27,10,23,105" hai2="32,69,119,117,25,87,67,103,109,37,54,83,60" hai3="95,62,114,55,72,39,121,66,80,56,68,70,26"/><V22/><F32/><W47/><G95/><N who="0" m="56423" /><D130/><U122/><E105/><V104/><F109/><N who="0" m="41482" /><D100/><U71/><E78/><V52/><F37/><W51/><G26/><T75/><D29/><U73/><E73/><V128/><F128/><W57/><G80/><N who="0" m="45087" /><D48/><U35/><E89/><V133/><F133/><W118/><G72/><T6/><D6/><N who="1" m="3159" /><E49/><V132/><F132/><W11/><G11/><AGARI ba="2,0" hai="11,15,16,112,115" m="45087,41482,56423" machi="11" ten="30,3900,0" yaku="14,1,54,2" doraHai="0" who="0" fromWho="3" sc="419,45,26,0,398,0,157,-45" /><INIT seed="3,0,0,1,3,59" ten="464,26,398,112" oya="3" hai0="19,38,86,96,111,74,90,9,128,25,118,64,43" hai1="63,119,1,46,91,81,39,124,62,28,109,127,126" hai2="133,65,32,60,99,82,67,56,14,51,24,70,49" hai3="17,84,15,5,13,79,47,106,71,101,115,2,76"/><W114/><G71/><T123/><D74/><U113/><E1/><V129/><F129/><W31/><G47/><T100/><D90/><U102/><E102/><V3/><F3/><W121/><G31/><T68/><D86/><U4/><E4/><V92/><F133/><W93/><G17/><T117/><D25/><U104/><E104/><V48/><F82/><W30/><G30/><T42/><D9/><U52/><E28/><V110/><F110/><W44/><G44/><T11/><D19/><U10/><E10/><V122/><F122/><W83/><G15/><T33/><D11/><U21/><E21/><V27/><F32/><W131/><G13/><T78/><D96/><U135/><E135/><V20/><F70/><W95/><G5/><T89/><D100/><U97/><E113/><V55/><F14/><W18/><G18/><T16/><D68/><U8/><E8/><V77/><F77/><W23/><G23/><T120/><D16/><U40/><E119/><V22/><F22/><W132/><G2/><T58/><D42/><U37/><E109/><V57/><F20/><W105/><G132/><T108/><D43/><U35/><E35/><V80/><F80/><W66/><G101/><T6/><D33/><U45/><E81/><V87/><F87/><W112/><G84/><T75/><D38/><N who="1" m="14347" /><E40/><V41/><F41/><W50/><G83/><T103/><D123/><U134/><E134/><V130/><F130/><W36/><G131/><T107/><D120/><U73/><E73/><V7/><F7/><W34/><G121/><T94/><D128/><U125/><E124/><RYUUKYOKU ba="0,0" sc="464,0,26,0,398,0,112,0" owari="464,56.0,26,-47.0,398,20.0,112,-29.0" /></mjloggm>