<mjloggm ver="2.3"><GO type="193" lobby="0"/><UN n0="%E8%9B%99%E2%8C%92%E3%81%A3%C2%B4%CF%89%EF%BD%80%29%E3%81%A3" n1="%E3%82%B1%E3%82%A4%E3%83%88" n2="%E3%83%88%E3%83%88%E3%83%AA%E5%85%88%E7%94%9F%31%39%E6%AD%B3" n3="%E3%81%8F%E3%81%95%E3%82%8C%E3%81%8A%E3%81%A7%E3%82%93" dan="12,12,12,10" rate="1838.81,1777.84,1933.14,1450.38" sx="M,M,F,M"/><TAIKYOKU oya="0"/><INIT seed="0,0,0,0,3,50" ten="250,250,250,250" oya="0" hai0="26,132,55,81,72,89,102,71,61,101,5,85,60" hai1="7,53,111,93,49,22,133,36,134,35,106,18,115" hai2="125,122,119,2,127,47,58,39,21,62,29,90,32" hai3="75,38,88,63,9,116,78,112,34,25,24,76,57"/><T109/><D132/><N who="1" m="50795" /><E106/><V67/><F122/><W92/><G116/><T124/><D124/><N who="2" m="47690" /><F2/><W100/><G112/><T6/><D72/><U33/><E36/><V128/><F119/><W8/><G38/><T23/><D109/><U121/><E115/><V105/><F105/><W110/><G110/><T28/><D71/><U40/><E111/><V117/><F117/><W43/><G100/><N who="0" m="38507" /><D61/><U37/><E121/><V51/><F39/><W87/><G43/><T131/><D131/><U0/><E93/><V4/><F4/><W10/><G75/><T114/><D114/><U108/><E108/><V99/><F32/><W56/><G34/><T13/><D13/><N who="1" m="9551" /><E40/><N who="2" m="25063" /><F128/><W70/><G70/><T126/><D126/><U95/><E95/><N who="2" m="56823" /><F21/><W20/><G20/><T74/><D74/><U15/><E37/><V66/><F29/><W64/><REACH who="3" step="1"/><G57/><AGARI ba="0,0" hai="5,6,23,26,28,55,57,60,81,85,89" m="38507" machi="57" ten="30,2900,0" yaku="8,1,52,1" doraHai="50" who="0" fromWho="3" sc="250,29,250,0,250,0,250,-29" /><INIT seed="0,1,0,0,5,15" ten="279,250,250,221" oya="0" hai0="44,57,134,42,29,108,79,59,121,33,53,19,70" hai1="1,20,63,130,39,109,102,52,86,128,91,48,4" hai2="28,122,36,61,117,14,132,37,98,40,16,118,51" hai3="21,85,38,56,32,78,87,110,115,82,112,10,111"/><T35/><D121/><U101/><E39/><V43/><F122/><W47/><G32/><T120/><D120/><U45/><E109/><N who="3" m="41482" /><G38/><N who="2" m="14953" /><F28/><W95/><G47/><T84/><D70/><U89/><E63/><V50/><F61/><W9/><G56/><T30/><D134/><U93/><E20/><N who="2" m="11287" /><F98/><W77/><G21/><T80/><D108/><U3/><E91/><V8/><F8/><W66/><G10/><T83/><D33/><U123/><E123/><V68/><F68/><W106/><G9/><T96/><D35/><U13/><E13/><V67/><F67/><W113/><G66/><T69/><D69/><U7/><E7/><V88/><F132/><W135/><G106/><T126/><D96/><U11/><REACH who="1" step="1"/><E3/><REACH who="1" ten="279,240,250,221" step="2"/><V75/><F51/><W62/><G135/><T55/><D79/><N who="3" m="30217" /><G62/><T116/><D55/><U60/><E60/><V31/><F50/><W6/><G6/><T12/><D53/><U25/><E25/><V127/><F43/><W72/><G72/><T5/><D42/><U107/><E107/><V49/><F75/><W129/><G129/><AGARI ba="1,1" hai="1,4,11,45,48,52,86,89,93,101,102,128,129,130" machi="129" ten="40,8000,1" yaku="1,1,19,1,54,1,53,1" doraHai="15" doraHaiUra="41" who="1" fromWho="3" sc="279,0,240,93,250,0,221,-83" /><INIT seed="1,0,0,4,5,122" ten="279,333,250,138" oya="1" hai0="101,95,124,2,13,107,71,11,16,77,14,8,98" hai1="29,117,12,94,18,72,36,10,0,47,44,28,131" hai2="81,39,65,130,92,25,30,70,103,102,26,59,56" hai3="55,80,123,118,45,50,115,112,83,37,87,6,17"/><U90/><E117/><V62/><F39/><W53/><G123/><T111/><D2/><U69/><E72/><V110/><F110/><W43/><G118/><T49/><D111/><U134/><E69/><V35/><F130/><W128/><G128/><T125/><D71/><U57/><E131/><V33/><F81/><W20/><G115/><T129/><D129/><U67/><E134/><V119/><F119/><W120/><G112/><T9/><D77/><U60/><E0/><V85/><F85/><W48/><G120/><T24/><D49/><U114/><E114/><V78/><F78/><W79/><G6/><T109/><D109/><U106/><E106/><V75/><F75/><W96/><G83/><T63/><D63/><U121/><E121/><V105/><F92/><W61/><G96/><T38/><D38/><U68/><E68/><V58/><REACH who="2" step="1"/><F105/><REACH who="2" ten="279,333,240,138" step="2"/><W99/><G99/><T104/><D104/><U74/><E74/><V126/><F126/><N who="0" m="48746" /><D107/><U73/><E73/><V97/><F97/><W88/><G61/><T66/><D66/><U91/><E36/><V4/><F4/><W41/><G79/><T84/><D84/><U86/><E91/><V133/><F133/><W52/><G37/><T64/><D64/><U116/><E116/><V132/><F132/><W51/><G45/><AGARI ba="0,1" hai="10,12,18,28,29,44,45,47,57,60,67,86,90,94" machi="45" ten="40,2000,0" yaku="8,1" doraHai="122" who="1" fromWho="3" sc="279,0,333,30,240,0,138,-20" /><INIT seed="1,1,0,4,0,40" ten="279,363,240,118" oya="1" hai0="84,86,39,30,22,68,85,6,61,37,104,0,112" hai1="63,28,83,58,56,93,108,110,99,111,131,133,47" hai2="134,52,27,69,128,127,115,129,80,67,55,95,123" hai3="76,17,101,100,120,113,1,107,45,75,116,4,125"/><U73/><E133/><V53/><F27/><W105/><G120/><T2/><D104/><U124/><E131/><N who="2" m="50251" /><F95/><W62/><G116/><T78/><D78/><N who="1" m="44495" /><E124/><V121/><F80/><W71/><G125/><T122/><D112/><U20/><E63/><N who="2" m="40191" /><F127/><W96/><G113/><T65/><D122/><N who="2" m="46602" /><F115/><W60/><G17/><T91/><D91/><N who="1" m="55743" /><E28/><V32/><F32/><W117/><G117/><T29/><D29/><U38/><E20/><V3/><F3/><W12/><G1/><T102/><D102/><U48/><E38/><V66/><F66/><W114/><G4/><T16/><D30/><U94/><E94/><V88/><F88/><W46/><G114/><T31/><D31/><U79/><E79/><V74/><F74/><W9/><G71/><T5/><D0/><U34/><E34/><V135/><AGARI ba="1,0" hai="52,53,55,134,135" m="46602,40191,50251" machi="135" ten="40,8000,1" yaku="19,1,34,2,54,1" doraHai="40" who="2" fromWho="2" sc="279,-21,363,-41,240,83,118,-21" /><INIT seed="2,0,0,3,1,65" ten="258,322,323,97" oya="2" hai0="107,126,103,118,111,55,12,128,24,22,102,36,120" hai1="47,115,116,127,38,61,97,26,31,1,63,46,27" hai2="29,0,39,49,43,5,17,95,79,85,42,57,33" hai3="40,109,64,23,28,62,71,68,92,59,3,11,135"/><V4/><F39/><W83/><G92/><T54/><D36/><U81/><E116/><V51/><F33/><W8/><G83/><T114/><D118/><U19/><E115/><V98/><F29/><W108/><G23/><T123/><D114/><U84/><E1/><V35/><F35/><W112/><G40/><N who="2" m="15401" /><F0/><W101/><G101/><T87/><D126/><U130/><E38/><V2/><F2/><W73/><G28/><T93/><D111/><N who="3" m="42569" /><G73/><T20/><D128/><U80/><E127/><V74/><F74/><W15/><G3/><T52/><D107/><U134/><E130/><V41/><F17/><W88/><G112/><T45/><D45/><U121/><E121/><V110/><F110/><W89/><G135/><T58/><D58/><U72/><E134/><V100/><F57/><W133/><G133/><T119/><D119/><U122/><E122/><V75/><F75/><W60/><G15/><T10/><D123/><U6/><E6/><N who="2" m="2667" /><F41/><W9/><G59/><T86/><D120/><U117/><E117/><V48/><F85/><N who="0" m="32266" /><D93/><U7/><E7/><V50/><N who="2" m="12288" /><DORA hai="96" /><V91/><F79/><W67/><AGARI ba="0,0" hai="8,9,11,60,62,64,67,68,71,88,89" m="42569" machi="67" ten="40,8000,1" yaku="14,1,52,2,54,1" doraHai="65,96" who="3" fromWho="3" sc="258,-20,322,-20,323,-40,97,80" /><INIT seed="3,0,0,5,3,11" ten="238,302,283,177" oya="3" hai0="35,123,38,22,81,126,91,25,10,83,61,65,14" hai1="20,115,59,58,80,16,98,8,49,0,43,84,6" hai2="100,3,110,89,17,114,34,127,39,24,107,87,90" hai3="76,45,86,1,85,106,125,37,28,33,32,47,75"/><W116/><G125/><T133/><D123/><U62/><E115/><V132/><F110/><W120/><G116/><T109/><D126/><U112/><E112/><V78/><F39/><W113/><G120/><T95/><D109/><U71/><E98/><N who="2" m="61847" /><F3/><W31/><G113/><T57/><D35/><U4/><E4/><V117/><F114/><W128/><G128/><T94/><D38/><U2/><E2/><V29/><F127/><W105/><G1/><T70/><D70/><U54/><E43/><V82/><F17/><W60/><G37/><T134/><D134/><U44/><E71/><V63/><F117/><W92/><G60/><T56/><D56/><U7/><E7/><V103/><F103/><W73/><G92/><T50/><D50/><U67/><E67/><V96/><F96/><W68/><G76/><T104/><D104/><U30/><E62/><V69/><F132/><W23/><G23/><T21/><D133/><U79/><E30/><V13/><F13/><AGARI ba="0,0" hai="0,6,8,13,16,20,44,49,54,58,59,79,80,84" machi="13" ten="30,3900,0" yaku="7,1,52,1,54,1" doraHai="11" who="1" fromWho="2" sc="238,0,302,39,283,-39,177,0" owari="238,-16.0,341,44.0,244,4.0,177,-32.0" /></mjloggm>