<mjloggm ver="2.3"><GO type="225" lobby="0"/><UN n0="%E3%81%94%E3%82%93%E3%81%96%E3%81%B6%E3%82%8D%E3%83%BC" n1="%4C%65%69%72%69%6F%6E" n2="%E7%B6%BE%E7%80%AC%E5%A5%88%E9%83%BD%E5%B8%8C" n3="%E5%B0%B1%E6%B4%BB%E7%94%9F%40%E5%B7%9D%E6%9D%91%E8%BB%8D%E5%9B%A3" dan="16,17,16,16" rate="2132.02,2162.00,2127.92,2046.57" sx="M,M,F,M"/><TAIKYOKU oya="0"/><INIT seed="0,0,0,0,0,79" ten="250,250,250,250" oya="0" hai0="1,60,14,134,3,80,20,43,77,72,122,26,126" hai1="108,127,25,45,52,93,131,33,56,81,110,37,28" hai2="51,120,68,123,84,50,9,88,76,62,106,112,10" hai3="95,12,67,85,24,2,7,41,47,58,135,104,4"/><T121/><D134/><U16/><E127/><V5/><F112/><W116/><G104/><T124/><D14/><U42/><E131/><V29/><F106/><W75/><G116/><T103/><D103/><U74/><E93/><V132/><F132/><W119/><G75/><T34/><D43/><U109/><E16/><V38/><F38/><W82/><G2/><N who="0" m="523" /><D60/><N who="1" m="35847" /><E74/><V54/><F29/><W117/><G135/><T83/><D83/><AGARI ba="0,0" hai="25,28,33,37,42,45,81,83,108,109,110" m="35847" machi="83" ten="30,7700,0" yaku="14,1,52,2,54,1" doraHai="79" who="1" fromWho="0" sc="250,-77,250,77,250,0,250,0" /><INIT seed="1,0,0,1,0,6" ten="173,327,250,250" oya="1" hai0="132,111,1,37,127,133,70,81,98,135,26,116,77" hai1="18,53,32,61,5,106,10,87,95,112,120,48,0" hai2="49,3,123,86,19,108,96,33,76,36,73,24,13" hai3="74,71,41,25,57,100,60,114,88,134,78,23,115"/><U110/><E112/><V84/><F36/><W90/><G71/><T102/><D1/><U12/><E120/><V64/><F123/><W15/><G134/><T99/><D70/><U121/><E121/><V80/><F3/><W119/><G119/><T122/><D37/><U93/><E106/><V83/><F108/><W113/><G100/><T117/><D122/><U30/><E61/><V9/><F64/><W97/><G41/><T107/><D26/><N who="1" m="18519" /><E87/><V29/><F96/><W14/><G74/><N who="0" m="43191" /><D111/><U118/><E118/><N who="0" m="45673" /><D99/><U20/><E110/><V130/><F130/><W103/><G78/><T129/><D127/><U79/><E79/><V126/><F126/><W128/><G128/><AGARI ba="0,0" hai="98,102,107,128,129,132,133,135" m="45673,43191" machi="128" ten="40,8000,1" yaku="20,1,23,1,34,2" doraHai="6" who="0" fromWho="3" sc="173,80,327,0,250,0,250,-80" /><INIT seed="2,0,0,1,4,121" ten="253,327,250,170" oya="2" hai0="9,43,91,14,112,61,33,126,11,103,120,114,23" hai1="99,113,76,84,22,5,108,118,131,100,54,39,81" hai2="49,21,127,25,16,80,8,98,119,42,94,125,122" hai3="93,86,128,107,38,79,3,56,123,27,116,117,109"/><V4/><F119/><W74/><G107/><T26/><D103/><U18/><E113/><V124/><F122/><W111/><G38/><T67/><D120/><U24/><E39/><V59/><F80/><N who="3" m="45175" /><G3/><T129/><D129/><U97/><E131/><V19/><F19/><W82/><G123/><T95/><D43/><U135/><E118/><N who="3" m="45674" /><G56/><T30/><D126/><U63/><E135/><V92/><F98/><W50/><G50/><T2/><D2/><U73/><E5/><V55/><REACH who="2" step="1"/><F42/><REACH who="2" ten="253,327,240,170" step="2"/><W44/><G27/><T58/><D114/><U88/><E99/><V104/><F104/><W57/><G57/><T83/><D112/><U77/><E97/><V40/><F40/><W53/><G44/><T132/><D83/><U89/><E81/><V115/><F115/><W6/><G6/><T75/><D132/><U85/><E18/><V65/><F65/><W32/><G32/><T133/><D133/><U35/><E35/><V34/><F34/><W62/><G128/><T87/><D75/><U68/><E73/><V78/><F78/><N who="3" m="46423" /><G53/><T105/><D105/><U69/><E54/><V37/><F37/><W12/><G12/><AGARI ba="0,1" hai="4,8,12,16,21,25,49,55,59,92,94,124,125,127" machi="12" ten="40,7700,0" yaku="1,1,18,1,54,1,53,0" doraHai="121" doraHaiUra="110" who="2" fromWho="3" sc="253,0,327,0,240,87,170,-77" /><INIT seed="2,1,0,1,2,36" ten="253,327,327,93" oya="2" hai0="35,24,91,21,86,64,19,51,2,37,94,34,0" hai1="16,38,60,79,81,109,122,28,46,80,20,58,99" hai2="131,50,65,130,40,97,82,59,92,42,9,103,48" hai3="110,72,132,66,105,77,119,22,1,11,27,88,17"/><V56/><F82/><W90/><G119/><T53/><D37/><U89/><E109/><V93/><F93/><W133/><G105/><T74/><D74/><U57/><E122/><V3/><F3/><W41/><G110/><T127/><D127/><U125/><E125/><V108/><F108/><W115/><G115/><T95/><D64/><U33/><E33/><V114/><F114/><W124/><G66/><T54/><D54/><U135/><E28/><V116/><F116/><W70/><G70/><T62/><D62/><U75/><E135/><V78/><F78/><W106/><G106/><T29/><D95/><U111/><E111/><V102/><F102/><W43/><G124/><T31/><D31/><U126/><E126/><V23/><F23/><W69/><G69/><T107/><D107/><U83/><E57/><N who="2" m="22091" /><F9/><W18/><G77/><T85/><D85/><U15/><E99/><V96/><F96/><W14/><G72/><T100/><D34/><U118/><E89/><N who="3" m="34410" /><G1/><T113/><D100/><U121/><E118/><V13/><F13/><W128/><G128/><N who="2" m="49193" /><F65/><W5/><G5/><T71/><D113/><U55/><E121/><V47/><F50/><W84/><G84/><T120/><D120/><U8/><E8/><V134/><F134/><AGARI ba="1,0" hai="11,14,17,18,22,27,41,43,132,133,134" m="34410" machi="134" ten="30,7700,0" yaku="20,1,52,2,54,1" doraHai="36" who="3" fromWho="2" sc="253,0,327,0,327,-80,93,80" /><INIT seed="3,0,0,0,5,42" ten="253,327,247,173" oya="3" hai0="66,50,96,52,58,51,129,116,127,22,135,132,27" hai1="48,110,91,57,69,39,122,1,41,62,134,111,70" hai2="4,87,88,36,28,49,105,108,83,8,2,117,133" hai3="20,21,53,124,17,35,26,82,118,30,7,112,86"/><W3/><G118/><T10/><D116/><U72/><E1/><V90/><F36/><W120/><G112/><T12/><D129/><U46/><E72/><V34/><F117/><W80/><G120/><T79/><D127/><U128/><E122/><V104/><F108/><N who="1" m="41513" /><E134/><V59/><F133/><W65/><G124/><T130/><D130/><U81/><E128/><V114/><F114/><W38/><G38/><T19/><D79/><U56/><E81/><V119/><F119/><W97/><G65/><T25/><D25/><U47/><E91/><V115/><F115/><W44/><G97/><T64/><D96/><U13/><E13/><V123/><F123/><W71/><G71/><N who="1" m="27146" /><E62/><V100/><F100/><W14/><G80/><T125/><D125/><U33/><E33/><V106/><F90/><W18/><G3/><T76/><D76/><U131/><E131/><V92/><F83/><W101/><G7/><T11/><D132/><U31/><E31/><V54/><F28/><W73/><G101/><T29/><D135/><U85/><E85/><V37/><F34/><W23/><G73/><T78/><D78/><U107/><E107/><V77/><F77/><W9/><G18/><T102/><D102/><U55/><AGARI ba="0,0" hai="39,41,46,47,48,55,56,57" m="27146,41513" machi="55" ten="30,8000,1" yaku="14,1,34,2,52,2" doraHai="42" who="1" fromWho="1" sc="253,-20,327,80,247,-20,173,-40" owari="233,3.0,407,51.0,227,-17.0,133,-37.0" /></mjloggm>