<mjloggm ver="2.3"><GO type="41" lobby="0"/><UN n0="%E5%B0%B1%E6%B4%BB%E7%94%9F%40%E5%B7%9D%E6%9D%91%E8%BB%8D%E5%9B%A3" n1="%55%52%41%4A%49" n2="%42%65%65%74%6C%65" n3="%67%6F%72%61%6E" dan="15,14,14,13" rate="2004.64,1923.35,1882.57,1948.96" sx="M,M,M,M"/><TAIKYOKU oya="0"/><INIT seed="0,0,0,4,3,30" ten="250,250,250,250" oya="0" hai0="74,105,116,23,52,64,16,39,34,1,135,8,121" hai1="7,72,65,63,85,38,42,70,96,56,118,124,11" hai2="20,129,12,133,36,55,57,125,92,128,44,13,68" hai3="71,84,113,134,2,49,123,54,122,97,130,24,47"/><T4/><D39/><U132/><E118/><V108/><F68/><W87/><G2/><T77/><D121/><U48/><E124/><V26/><F36/><W15/><G134/><T14/><D116/><U119/><E119/><V78/><F78/><W110/><G110/><T81/><D105/><U25/><E132/><V37/><F37/><W18/><G130/><N who="2" m="50281" /><F44/><W46/><G113/><T21/><D135/><U82/><E96/><V107/><F107/><W43/><G71/><T22/><D64/><U76/><E25/><V115/><F115/><W50/><G24/><T35/><REACH who="0" step="1"/><D52/><REACH who="0" ten="240,250,250,250" step="2"/><U86/><E48/><N who="2" m="30951" /><F133/><W102/><G123/><T131/><D131/><U32/><E70/><V114/><F114/><W59/><G122/><T33/><AGARI ba="0,1" hai="1,4,8,14,16,21,22,23,33,34,35,74,77,81" machi="33" ten="30,18000,2" yaku="1,1,0,1,52,3,54,1,53,0" doraHai="30" doraHaiUra="45" who="0" fromWho="0" sc="240,190,250,-60,250,-60,250,-60" /><INIT seed="0,1,0,4,1,78" ten="430,190,190,190" oya="0" hai0="32,121,4,27,85,131,132,88,5,116,18,44,0" hai1="81,24,31,50,37,34,107,28,21,74,123,60,98" hai2="52,89,29,14,56,72,117,23,83,79,3,26,48" hai3="76,47,92,30,62,96,66,45,124,22,67,6,68"/><T130/><D116/><U61/><E123/><V58/><F117/><W2/><G124/><T65/><D121/><U99/><E37/><V11/><F3/><W112/><G112/><T46/><D132/><U119/><E119/><V25/><F25/><W120/><G120/><T69/><D0/><U82/><E107/><V91/><REACH who="2" step="1"/><F58/><REACH who="2" ten="430,190,180,190" step="2"/><W53/><G2/><T35/><D27/><U51/><E24/><V102/><F102/><W13/><G68/><T125/><D125/><U39/><E39/><V38/><F38/><W80/><G47/><T77/><D46/><U118/><E118/><V75/><F75/><W104/><G104/><T122/><D44/><U64/><E74/><V128/><F128/><W43/><G45/><T9/><D122/><U16/><E34/><V106/><F106/><W70/><G70/><T101/><D32/><U20/><E64/><V86/><F86/><W111/><G67/><T17/><D35/><U127/><E127/><V93/><F93/><W133/><G92/><T109/><D65/><U134/><REACH who="1" step="1"/><E16/><AGARI ba="1,1" hai="11,14,16,23,26,29,48,52,56,72,79,83,89,91" machi="16" ten="30,12000,2" yaku="1,1,7,1,52,1,54,2,53,1" doraHai="78" doraHaiUra="19" who="2" fromWho="1" sc="430,0,190,-123,180,133,190,0" /><INIT seed="1,0,0,1,3,0" ten="430,67,313,190" oya="1" hai0="122,110,76,16,99,103,78,90,73,117,65,13,127" hai1="29,74,4,114,7,80,81,25,94,119,28,55,109" hai2="118,10,19,121,40,120,23,44,50,131,42,86,49" hai3="9,46,31,130,12,70,89,123,133,91,101,11,68"/><U98/><E114/><V135/><F118/><W96/><G123/><T56/><D117/><U102/><E119/><V115/><F135/><W17/><G133/><T58/><D122/><U43/><E43/><V3/><F115/><W47/><G130/><T66/><D127/><U24/><E109/><V113/><F113/><W132/><G132/><T83/><D110/><U88/><E74/><V27/><F131/><W22/><G31/><N who="1" m="11850" /><E55/><V26/><F86/><W37/><G70/><T72/><D72/><U104/><E104/><V32/><F32/><W134/><G134/><T30/><D30/><U69/><E69/><V54/><F27/><N who="1" m="10313" /><E81/><V59/><F40/><W125/><G68/><T35/><D35/><U39/><E39/><V20/><F20/><W77/><G125/><T48/><D90/><U53/><E53/><V63/><F50/><W75/><G37/><T71/><D78/><U108/><E108/><V85/><F85/><AGARI ba="0,0" hai="4,7,80,85,88,94,98,102" m="10313,11850" machi="85" ten="30,11600,0" yaku="8,1,52,2,54,1" doraHai="0" who="1" fromWho="2" sc="430,0,67,116,313,-116,190,0" /><INIT seed="1,1,0,0,0,69" ten="430,183,197,190" oya="1" hai0="110,49,79,60,46,57,45,92,97,50,78,113,100" hai1="94,56,130,27,53,108,55,28,83,21,134,29,24" hai2="9,35,26,125,102,98,75,133,74,85,80,120,109" hai3="93,40,72,131,111,107,58,67,119,19,121,38,117"/><U87/><E130/><V41/><F120/><W54/><G107/><T12/><D110/><U81/><E108/><V10/><F109/><W48/><G72/><T88/><D113/><U16/><E134/><V77/><F133/><W5/><G111/><T64/><D100/><U8/><E8/><V84/><F125/><W70/><G121/><T118/><D118/><U103/><E55/><V104/><F41/><W116/><G93/><T33/><D33/><U132/><E132/><V42/><F42/><W126/><G5/><T47/><D12/><U25/><E103/><V63/><F63/><N who="3" m="40319" /><G19/><T0/><D0/><U18/><E25/><V99/><F75/><W135/><G135/><T15/><D15/><U106/><E106/><V61/><F61/><W31/><G31/><T59/><D57/><U43/><E43/><V95/><F35/><W7/><G7/><T124/><D124/><U23/><E94/><V13/><F26/><W65/><G65/><T37/><D37/><U2/><E2/><V115/><F10/><W34/><G34/><T52/><D64/><U101/><E101/><N who="2" m="60639" /><F13/><W22/><G22/><T66/><D66/><U114/><E114/><V127/><F9/><W1/><G1/><T62/><D62/><N who="1" m="36111" /><E81/><V36/><F36/><W128/><G126/><T123/><D123/><U71/><E71/><V30/><F30/><W76/><G76/><AGARI ba="1,0" hai="45,46,47,49,50,52,59,60,76,78,79,88,92,97" machi="76" ten="40,5200,0" yaku="8,1,54,2" doraHai="69" who="0" fromWho="3" sc="430,55,183,0,197,0,190,-55" /><AGARI ba="1,0" hai="16,18,21,23,24,27,28,29,76,83,87" m="36111" machi="76" ten="30,2900,0" yaku="8,1,54,1" doraHai="69" who="1" fromWho="3" sc="485,0,183,29,197,0,135,-29" /><INIT seed="1,2,0,1,0,91" ten="485,212,197,106" oya="1" hai0="0,59,33,39,52,129,134,92,85,127,40,72,114" hai1="34,86,63,66,102,42,3,37,82,38,135,93,50" hai2="106,10,32,48,35,8,89,113,41,24,133,77,55" hai3="53,99,96,27,26,9,87,76,5,28,79,49,81"/><U98/><E3/><V107/><F106/><W31/><G79/><T2/><D72/><U67/><E135/><V97/><F113/><W75/><G75/><T21/><D33/><U119/><E119/><V70/><F77/><W7/><G9/><T44/><D114/><U103/><E34/><V22/><F70/><W111/><G111/><T128/><D134/><U84/><E37/><V83/><F133/><W130/><G130/><N who="0" m="50283" /><D127/><U123/><E38/><V17/><F41/><W90/><G76/><T61/><D21/><U112/><E112/><V118/><F118/><W43/><G43/><T20/><D20/><U54/><E42/><V62/><F62/><W109/><G109/><T95/><D85/><N who="1" m="32875" /><E123/><V65/><F65/><N who="1" m="24585" /><E63/><V60/><F60/><W15/><G15/><T121/><D121/><U11/><E11/><V74/><F74/><W64/><G64/><T23/><D23/><U124/><E124/><V132/><F132/><W115/><G115/><T78/><D78/><U47/><E82/><V12/><F8/><W73/><G73/><T29/><D29/><U45/><E103/><V19/><F83/><W126/><G126/><T101/><D101/><U116/><E116/><V131/><F107/><W4/><G31/><T71/><D71/><U56/><AGARI ba="2,0" hai="45,47,50,54,56,93,98,102" m="24585,32875" machi="56" ten="30,3000,0" yaku="8,1,52,1" doraHai="91" who="1" fromWho="1" sc="485,-12,212,36,197,-12,106,-12" /><INIT seed="1,3,0,2,1,34" ten="473,248,185,94" oya="1" hai0="98,42,127,108,120,5,114,18,43,113,103,20,116" hai1="59,84,58,75,65,35,106,94,54,3,105,51,89" hai2="70,22,36,6,56,79,39,9,104,63,11,50,7" hai3="125,131,107,74,53,111,45,46,85,73,55,32,52"/><U33/><E75/><V97/><F79/><W78/><G107/><T37/><D116/><U92/><E65/><V13/><F22/><W67/><G32/><T19/><D120/><U96/><E3/><V130/><F130/><W133/><G67/><T124/><D5/><U83/><E33/><V48/><F70/><W112/><G112/><T100/><D108/><U16/><E35/><V88/><F104/><W38/><G38/><T61/><D61/><U121/><E121/><V95/><F39/><W23/><G23/><T31/><D31/><U66/><E105/><V129/><F36/><W93/><G78/><T110/><D110/><U64/><E106/><V44/><F129/><W27/><G111/><T71/><D71/><U118/><E118/><V76/><F76/><W26/><G131/><T30/><D30/><U60/><E64/><V119/><F119/><W29/><G29/><T81/><D20/><U91/><E16/><N who="0" m="6185" /><D81/><AGARI ba="3,0" hai="51,54,58,59,60,66,81,83,84,89,91,92,94,96" machi="81" ten="40,2000,0" yaku="8,1" doraHai="34" who="1" fromWho="0" sc="473,-29,248,29,185,0,94,0" /><INIT seed="1,4,0,1,4,108" ten="444,277,185,94" oya="1" hai0="104,29,38,95,129,134,125,61,124,64,128,130,119" hai1="53,116,88,72,3,52,93,23,32,35,57,20,6" hai2="49,10,1,47,75,55,69,86,115,118,2,40,80" hai3="28,0,26,127,5,46,56,44,48,30,94,85,22"/><U27/><E72/><V76/><F118/><W111/><G111/><T117/><D104/><U39/><E39/><V98/><F69/><W60/><G127/><N who="0" m="48715" /><D29/><U4/><E116/><N who="0" m="44617" /><D95/><U15/><E3/><V36/><F98/><W73/><G73/><T132/><D38/><U59/><E15/><V43/><F86/><W68/><G68/><AGARI ba="4,0" hai="61,64,68,128,129,130,132,134" m="44617,48715" machi="68" ten="40,12000,2" yaku="30,2,19,1,18,1,23,1,34,2" doraHai="108" who="0" fromWho="3" sc="444,132,277,0,185,0,94,-132" owari="576,67.0,277,8.0,185,-21.0,-38,-54.0" /></mjloggm>