<mjloggm ver="2.3"><GO type="97" lobby="0"/><UN n0="%E5%B0%B1%E6%B4%BB%E7%94%9F%40%E5%B7%9D%E6%9D%91%E8%BB%8D%E5%9B%A3" n1="%69%64%70%61%70%61%70%61" n2="%73%6F%6E%69%63%32%31" n3="%70%61%78%65%6C%6C" dan="14,14,13,15" rate="2004.58,1923.18,1838.16,1998.98" sx="M,M,M,M"/><TAIKYOKU oya="0"/><INIT seed="0,0,0,4,2,101" ten="250,250,250,250" oya="0" hai0="74,9,40,135,106,27,24,35,3,41,127,60,8" hai1="38,48,66,7,87,133,42,121,43,4,126,2,91" hai2="62,83,37,128,72,61,28,131,89,68,73,44,134" hai3="114,11,132,105,88,70,56,39,125,57,1,33,90"/><T63/><D106/><U82/><E121/><V18/><F28/><W120/><RYUUKYOKU type="yao9" ba="0,0" sc="250,0,250,0,250,0,250,0" hai3="1,11,33,39,56,57,70,88,90,105,114,120,125,132" /><INIT seed="0,1,0,3,1,13" ten="250,250,250,250" oya="0" hai0="98,23,112,130,51,125,101,15,27,67,90,100,77" hai1="129,103,89,38,97,29,113,63,47,9,124,64,46" hai2="120,53,108,36,40,70,81,26,87,66,34,52,0" hai3="94,86,102,91,45,92,95,59,65,75,133,122,132"/><T56/><D112/><U115/><E124/><V18/><F108/><W32/><G32/><T68/><D68/><U109/><E129/><V22/><F120/><W19/><G122/><T105/><D130/><U135/><E109/><V58/><F53/><W73/><G65/><T72/><D125/><U96/><E135/><N who="3" m="51786" /><G59/><T93/><D15/><U121/><E121/><V106/><F106/><W1/><G1/><T131/><D131/><U71/><E29/><V80/><F0/><W74/><G45/><T116/><D116/><U28/><E28/><V88/><F34/><W35/><G35/><T42/><D42/><U57/><E38/><V123/><F123/><W104/><G19/><N who="0" m="12799" /><D105/><U114/><E9/><V49/><F66/><W50/><G50/><T111/><D111/><U25/><E25/><V54/><F70/><W16/><G16/><T61/><D77/><U117/><E117/><V43/><F36/><W118/><G118/><T76/><D76/><U85/><E71/><V6/><F6/><W126/><G126/><T41/><D72/><N who="3" m="18433" /><W79/><DORA hai="24" /><G79/><T107/><D107/><N who="1" m="63975" /><E97/><AGARI ba="1,0" hai="86,91,92,94,95,97,102,104" m="18433,51786" machi="97" ten="50,6400,0" yaku="20,1,34,2" doraHai="13,24" who="3" fromWho="1" sc="250,0,250,-67,250,0,250,67" /><INIT seed="1,0,0,2,0,86" ten="250,183,250,317" oya="1" hai0="36,84,54,105,38,113,103,2,29,120,20,21,117" hai1="57,11,68,133,27,97,50,87,130,31,48,41,35" hai2="14,121,93,78,47,81,0,62,13,106,95,96,77" hai3="12,72,39,15,26,88,102,34,65,70,104,122,25"/><U1/><E68/><V111/><F0/><W98/><G39/><T45/><D2/><U60/><E130/><V66/><F47/><W9/><G122/><T134/><D113/><U91/><E133/><V49/><F121/><W132/><G72/><T7/><D7/><U126/><E126/><V5/><F49/><W112/><G112/><T3/><D3/><U44/><E97/><V108/><F5/><W63/><G132/><T23/><D120/><U8/><E1/><V92/><F14/><W85/><G9/><T37/><D134/><U125/><E50/><V52/><F66/><W80/><G26/><T124/><D124/><U33/><E33/><V71/><F71/><W100/><G100/><T99/><D117/><U10/><E125/><V59/><F13/><W73/><G73/><T118/><D118/><U64/><REACH who="1" step="1"/><E8/><REACH who="1" ten="250,173,250,317" step="2"/><V58/><F96/><W135/><G135/><T94/><D29/><AGARI ba="0,1" hai="12,15,25,29,34,63,65,70,80,85,88,98,102,104" machi="29" ten="40,8000,1" yaku="25,2,52,1,54,1" doraHai="86" who="3" fromWho="0" sc="250,-80,173,0,250,0,317,90" /><INIT seed="2,0,0,3,5,1" ten="170,173,250,407" oya="2" hai0="108,96,117,49,124,8,29,0,128,26,11,2,66" hai1="116,118,47,52,106,21,103,80,65,25,3,110,81" hai2="36,105,17,120,51,53,63,125,99,44,114,74,111" hai3="94,35,127,76,37,18,60,107,112,115,39,121,98"/><V85/><F114/><N who="3" m="43563" /><G107/><T72/><D72/><U126/><E3/><V70/><F120/><W46/><G35/><T64/><D117/><U122/><E122/><V24/><F125/><W55/><G76/><T48/><D108/><U102/><E126/><V86/><F111/><W101/><G121/><T30/><D124/><U38/><E65/><V22/><F74/><W45/><G127/><T15/><D96/><U90/><E110/><V50/><F50/><W123/><G123/><T57/><D15/><U82/><E38/><N who="3" m="14346" /><G18/><T54/><D128/><U23/><E106/><V5/><F36/><W16/><G16/><T34/><D34/><U12/><E90/><V32/><F32/><W59/><AGARI ba="0,0" hai="45,46,55,59,60,94,98,101" m="14346,43563" machi="59" ten="40,1500,0" yaku="11,1" doraHai="1" who="3" fromWho="3" sc="170,-4,173,-4,250,-7,407,15" /><INIT seed="3,0,0,3,2,83" ten="166,169,243,422" oya="3" hai0="71,21,87,50,31,65,10,62,51,103,125,95,56" hai1="55,57,34,72,112,129,105,84,73,98,38,116,104" hai2="80,85,64,18,94,123,128,35,14,115,30,124,2" hai3="41,96,81,89,7,12,106,1,119,3,60,86,110"/><W117/><G110/><T70/><D125/><U82/><E34/><V28/><F35/><W32/><G32/><T91/><D71/><U33/><E38/><V53/><F2/><W77/><G41/><T120/><D120/><U134/><E33/><V79/><F128/><W16/><G7/><T19/><D70/><U25/><E25/><V24/><F24/><W29/><G29/><T102/><D31/><U27/><E27/><V48/><F64/><W114/><G60/><T121/><D10/><U90/><E112/><V13/><F13/><W111/><G114/><T61/><D61/><U92/><E116/><V66/><F66/><W118/><G111/><T107/><D121/><U74/><E129/><V126/><F123/><W97/><G106/><T88/><D91/><U75/><E134/><V4/><F4/><W78/><G97/><T133/><D133/><U6/><E6/><V101/><F115/><W8/><G96/><T108/><D108/><U42/><E42/><V26/><F26/><W22/><G22/><T99/><D103/><U9/><E9/><V49/><F101/><W47/><G47/><T122/><D122/><U5/><E5/><V44/><F126/><W54/><G54/><T0/><D0/><U130/><E130/><V43/><F124/><W76/><AGARI ba="0,0" hai="1,3,8,12,16,76,77,78,81,86,89,117,118,119" machi="76" ten="40,7800,0" yaku="0,1,52,1,54,1" doraHai="83" who="3" fromWho="3" sc="166,-26,169,-26,243,-26,422,78" owari="140,-36.0,143,-26.0,217,2.0,500,60.0" /></mjloggm>