<mjloggm ver="2.3"><GO type="41" lobby="0"/><UN n0="%7A%61%6B%69%63" n1="%4E%4D%6D%63%6F%33" n2="%E5%B0%B1%E6%B4%BB%E7%94%9F%40%E5%B7%9D%E6%9D%91%E8%BB%8D%E5%9B%A3" n3="%E3%83%8A%E3%82%AA%E5%8A%A9" dan="13,14,15,15" rate="1901.57,1888.90,2006.86,1955.67" sx="M,M,M,M"/><TAIKYOKU oya="0"/><INIT seed="0,0,0,1,2,127" ten="250,250,250,250" oya="0" hai0="66,51,89,92,128,94,61,108,20,96,23,111,7" hai1="41,32,67,46,62,49,1,130,52,45,17,9,54" hai2="14,114,87,6,40,28,74,124,25,24,60,18,70" hai3="98,79,69,107,121,80,56,73,71,119,10,134,35"/><T36/><D36/><U84/><E32/><V4/><F74/><W105/><G119/><T38/><D38/><U110/><E110/><N who="0" m="42025" /><D7/><U81/><E130/><V120/><F124/><W3/><G56/><N who="0" m="37159" /><D51/><U117/><E117/><V93/><F40/><W106/><G134/><T77/><D77/><U116/><E116/><V55/><F114/><W19/><G19/><T47/><D47/><U16/><E46/><V68/><F120/><W135/><G135/><T50/><D50/><U125/><E125/><V43/><F43/><W115/><G115/><T57/><D57/><N who="1" m="37327" /><E1/><V95/><F70/><N who="3" m="26635" /><G121/><T72/><D72/><U113/><E113/><V82/><F6/><N who="3" m="1375" /><G35/><T123/><D123/><U5/><E5/><V102/><F4/><W44/><G44/><T2/><D2/><U0/><E0/><V118/><F118/><W109/><G109/><T29/><D29/><U59/><E59/><N who="2" m="34943" /><F68/><W131/><G131/><T112/><D112/><U88/><E9/><N who="2" m="6479" /><F28/><W64/><G64/><T103/><D128/><U8/><E8/><V122/><F122/><W53/><G53/><AGARI ba="0,0" hai="16,17,41,45,49,52,53,54,81,84,88" m="37327" machi="53" ten="30,7700,0" yaku="8,1,54,3" doraHai="127" who="1" fromWho="3" sc="250,0,250,77,250,0,250,-77" /><INIT seed="1,0,0,3,1,65" ten="250,327,250,173" oya="1" hai0="122,40,89,97,109,94,7,53,100,16,99,110,17" hai1="59,116,124,47,15,41,19,38,74,10,119,92,33" hai2="117,69,50,62,95,46,98,126,103,57,39,90,125" hai3="28,80,78,128,60,77,12,111,1,76,106,79,8"/><U70/><E74/><V24/><F117/><W96/><G1/><T36/><D7/><U101/><E33/><V30/><F39/><W25/><G111/><T102/><D122/><U2/><E124/><V0/><F0/><W52/><G128/><T58/><D36/><U108/><E108/><N who="0" m="41577" /><D40/><U43/><E43/><V132/><F132/><W66/><G106/><N who="0" m="63759" /><D102/><U118/><E59/><V130/><F130/><W11/><G96/><T113/><D113/><U48/><E2/><V61/><F90/><W115/><G115/><T44/><D44/><U64/><E101/><V91/><F91/><W82/><G52/><T107/><D107/><U23/><E92/><V45/><F45/><W135/><G135/><T86/><D99/><U32/><E32/><V27/><F69/><W127/><G127/><N who="2" m="48649" /><F57/><W63/><N who="3" m="19456" /><DORA hai="131" /><W73/><G73/><T55/><D55/><U54/><E10/><V22/><F27/><W72/><G72/><T21/><D21/><U75/><E75/><V88/><F103/><W6/><G11/><T5/><D5/><U83/><E83/><V114/><F114/><W68/><REACH who="3" step="1"/><G63/><AGARI ba="0,0" hai="16,17,53,58,63,86,89,94" m="63759,41577" machi="63" ten="30,2000,0" yaku="14,1,54,1" doraHai="65,131" who="0" fromWho="3" sc="250,20,327,0,250,0,173,-20" /><INIT seed="2,0,0,2,3,128" ten="270,327,250,153" oya="2" hai0="76,20,25,31,107,117,7,116,61,67,126,14,63" hai1="65,105,57,72,38,97,4,102,18,66,118,99,92" hai2="134,90,35,106,44,129,54,49,36,39,113,96,127" hai3="75,43,52,81,41,51,74,34,68,22,73,11,103"/><V112/><F35/><W29/><G68/><T110/><D107/><U5/><E72/><V13/><F129/><W59/><G34/><T131/><D131/><U101/><E38/><V10/><F127/><W82/><G103/><T26/><D126/><U60/><E118/><N who="0" m="45673" /><D110/><U78/><E78/><V114/><F134/><W0/><G0/><T115/><D76/><U86/><E86/><V133/><F133/><W42/><REACH who="3" step="1"/><G11/><REACH who="3" ten="270,327,250,143" step="2"/><T104/><D104/><U48/><E101/><V55/><F106/><W94/><G94/><T111/><D111/><U123/><E92/><V84/><F112/><W37/><G37/><T40/><D115/><U23/><E102/><V80/><F114/><W62/><G62/><T95/><D95/><U15/><E60/><V45/><F113/><W91/><G91/><T21/><D63/><U50/><E105/><V132/><F132/><W24/><AGARI ba="0,1" hai="22,24,29,41,42,43,51,52,59,73,74,75,81,82" machi="24" ten="40,5200,0" yaku="1,1,0,1,54,1,53,0" doraHai="128" doraHaiUra="6" who="3" fromWho="3" sc="270,-13,327,-13,250,-26,143,62" /><INIT seed="3,0,0,2,3,6" ten="257,314,224,205" oya="3" hai0="90,34,31,2,101,3,65,64,15,14,23,54,78" hai1="126,37,98,95,48,62,132,51,76,104,131,77,0" hai2="130,49,29,115,99,121,47,118,125,10,134,89,7" hai3="35,106,103,108,9,36,22,8,129,67,74,30,25"/><W24/><G74/><T5/><D101/><U113/><E113/><V27/><F118/><W72/><G72/><T114/><D114/><U87/><E37/><V86/><F115/><W133/><G36/><T53/><D34/><U58/><E0/><V135/><F121/><W33/><G67/><T68/><D68/><U55/><E126/><V56/><F125/><W20/><G103/><T117/><D117/><U18/><E132/><V109/><F109/><W4/><G106/><T75/><D75/><U102/><E131/><V12/><F130/><W59/><G59/><T112/><D112/><U83/><E18/><V41/><F99/><W105/><G105/><T88/><D5/><U28/><E28/><V52/><F86/><W45/><G45/><T70/><D70/><U21/><E21/><N who="3" m="8298" /><G129/><T93/><D23/><U11/><E11/><N who="3" m="4170" /><G133/><N who="2" m="50697" /><F89/><W13/><G108/><T43/><D31/><U124/><E76/><V123/><F123/><W1/><G30/><T85/><D78/><U91/><E124/><V44/><F41/><W120/><G120/><T19/><D43/><U127/><E127/><V110/><F110/><W79/><G79/><T39/><D39/><U69/><E69/><V73/><F73/><AGARI ba="0,0" hai="48,51,55,58,62,73,77,83,87,91,95,98,102,104" machi="73" ten="30,3900,0" yaku="7,1,24,2" doraHai="6" who="1" fromWho="2" sc="257,0,314,39,224,-39,205,0" /><INIT seed="4,0,0,2,0,64" ten="257,353,185,205" oya="0" hai0="56,86,89,62,112,84,52,11,6,134,123,104,107" hai1="44,77,127,117,21,74,25,98,10,36,51,2,83" hai2="88,99,46,116,90,97,68,93,8,35,30,133,69" hai3="20,26,45,12,50,94,109,111,135,122,3,102,54"/><T105/><D112/><U96/><E117/><V106/><F116/><W119/><G3/><T53/><D123/><U42/><E127/><V9/><F133/><W85/><G119/><T38/><D38/><U76/><E76/><V15/><F35/><W40/><G122/><T95/><D134/><U31/><REACH who="1" step="1"/><E51/><REACH who="1" ten="257,343,185,205" step="2"/><V125/><F125/><W4/><G135/><T82/><D107/><U57/><E57/><V113/><F113/><W115/><G115/><T60/><D105/><U71/><E71/><V23/><F106/><W124/><G124/><T47/><D104/><U100/><E100/><V91/><F46/><W80/><G102/><T19/><D62/><U55/><E55/><V17/><F30/><W39/><G54/><T5/><D53/><U29/><E29/><V87/><F97/><W73/><G50/><T128/><D128/><U27/><E27/><V37/><F37/><W13/><G39/><T63/><D63/><U126/><E126/><V61/><F61/><W72/><G45/><T59/><D47/><U24/><E24/><V78/><F78/><W58/><G58/><T75/><D59/><U0/><E0/><V131/><F131/><W22/><G26/><T70/><D70/><U33/><E33/><V132/><F132/><W108/><G108/><T101/><D101/><U14/><E14/><V103/><F87/><W1/><G85/><T41/><D75/><U66/><E66/><V120/><F120/><W32/><G73/><T34/><D34/><U79/><E79/><V81/><F81/><W28/><G80/><T114/><D60/><U130/><E130/><RYUUKYOKU ba="0,1" sc="257,-15,343,15,185,15,205,-15" hai1="2,10,21,25,31,36,42,44,74,77,83,96,98" hai2="8,9,15,17,23,68,69,88,90,91,93,99,103" /><INIT seed="5,1,1,4,5,87" ten="242,358,200,190" oya="1" hai0="127,95,93,19,122,63,58,4,88,115,61,52,0" hai1="27,37,16,57,51,103,102,46,28,70,105,111,83" hai2="121,112,36,135,73,94,6,26,35,40,59,21,60" hai3="120,117,116,123,18,97,76,106,44,78,23,11,14"/><U68/><E37/><V45/><F121/><N who="3" m="46667" /><G44/><T12/><D122/><U69/><E105/><V65/><F112/><W113/><G113/><T39/><D39/><U125/><E57/><V32/><F135/><W109/><G109/><T2/><D115/><U133/><E16/><V84/><F73/><W80/><G80/><T62/><D127/><U92/><E125/><V64/><F6/><W15/><G97/><T34/><D34/><U66/><E133/><V20/><F64/><W100/><G100/><T119/><D119/><N who="3" m="45641" /><G106/><T82/><D0/><U129/><E83/><V31/><F20/><W89/><G89/><T9/><D82/><U22/><E92/><V50/><REACH who="2" step="1"/><F36/><REACH who="2" ten="242,358,190,190" step="2"/><W96/><G96/><T55/><D4/><AGARI ba="1,2" hai="4,11,14,15,18,23,76,78" m="45641,46667" machi="4" ten="30,1000,0" yaku="12,1" doraHai="87" who="3" fromWho="0" sc="242,-13,358,0,190,0,190,33" /><INIT seed="6,0,0,5,5,59" ten="229,358,190,223" oya="2" hai0="62,13,29,52,20,48,122,75,17,63,119,85,39" hai1="26,115,31,1,65,27,49,79,74,90,81,67,111" hai2="128,95,70,33,47,72,25,45,44,10,76,131,53" hai3="120,77,68,60,71,50,14,3,93,64,96,22,35"/><V37/><F70/><W116/><G116/><T18/><D122/><U28/><E115/><V102/><F37/><W124/><G35/><T100/><D75/><U121/><E111/><V7/><F33/><W98/><G3/><T9/><D39/><U21/><E1/><V12/><F25/><W117/><G120/><T4/><D119/><U57/><E121/><V38/><F38/><W16/><G117/><T101/><D85/><U132/><E132/><V83/><REACH who="2" step="1"/><F53/><REACH who="2" ten="229,358,180,223" step="2"/><W133/><G71/><T91/><D29/><U127/><E27/><V5/><F5/><W15/><G133/><T51/><D52/><U41/><E31/><V92/><F92/><W106/><G106/><T46/><D4/><U42/><E26/><V6/><F6/><W86/><G93/><T112/><D112/><U125/><E28/><V97/><AGARI ba="0,1" hai="7,10,12,44,45,47,72,76,83,95,97,102,128,131" machi="97" ten="30,3000,0" yaku="1,1,0,1,53,0" doraHai="59" doraHaiUra="123" who="2" fromWho="2" sc="229,-10,358,-10,180,40,223,-10" /><INIT seed="6,1,0,1,0,104" ten="219,348,220,213" oya="2" hai0="44,58,29,46,63,92,101,23,125,115,52,38,134" hai1="67,75,28,108,54,17,93,122,7,78,12,126,112" hai2="127,30,80,88,97,94,53,118,135,64,13,19,33" hai3="107,20,109,40,51,49,5,114,25,81,123,6,60"/><V73/><F118/><W95/><G109/><T41/><D115/><U100/><E126/><V34/><F127/><W68/><G107/><T124/><D134/><U102/><E112/><V2/><F2/><W50/><G114/><T82/><D46/><U98/><E28/><V22/><F135/><W129/><G123/><T91/><D101/><U133/><E102/><V11/><F64/><W4/><G129/><T70/><D70/><U77/><E7/><V62/><F30/><W106/><G106/><T57/><D82/><U36/><E36/><V26/><F13/><W105/><G105/><T117/><D117/><U90/><E75/><V116/><F11/><W72/><G95/><T8/><D58/><U37/><E37/><V76/><F116/><W71/><G40/><T120/><D120/><U24/><E24/><V1/><F1/><W89/><G60/><T32/><D8/><U15/><E15/><V119/><F119/><W59/><G59/><AGARI ba="1,0" hai="19,22,26,33,34,53,59,62,73,76,80,88,94,97" machi="59" ten="40,12000,1" yaku="25,2,52,1,54,1" doraHai="104" who="2" fromWho="3" sc="219,0,348,0,220,123,213,-123" /><INIT seed="6,2,0,2,3,47" ten="219,348,343,90" oya="2" hai0="72,26,133,19,3,74,65,76,79,61,99,48,135" hai1="117,134,16,53,34,64,24,11,98,121,94,56,40" hai2="59,6,12,89,102,68,62,41,109,107,18,39,108" hai3="91,7,22,42,120,66,23,77,95,123,116,114,1"/><V35/><F35/><W20/><G116/><T119/><D3/><U33/><E117/><V0/><F68/><W101/><G66/><T103/><D119/><U25/><E40/><V57/><F0/><W92/><G42/><T83/><D26/><U124/><E134/><V125/><F6/><W51/><G77/><T8/><D8/><U21/><E124/><V85/><F125/><W78/><G78/><T28/><D28/><U129/><E129/><V97/><F39/><W2/><G101/><T27/><D27/><U17/><E64/><V4/><F4/><W110/><G110/><T32/><D32/><U14/><E25/><V118/><F41/><W60/><G60/><T132/><D19/><U5/><E5/><V9/><F118/><W55/><G7/><T88/><D61/><U13/><E13/><V131/><F131/><W130/><G130/><T111/><D65/><U82/><E82/><V15/><F15/><W63/><G63/><T31/><D31/><U128/><E121/><V84/><F84/><W49/><G23/><T87/><D48/><U58/><E128/><V36/><F36/><W29/><G29/><T70/><D70/><U126/><E126/><V115/><F115/><W45/><G45/><T43/><D43/><U113/><E58/><V86/><F86/><W37/><G37/><T106/><D111/><N who="2" m="42570" /><F62/><W93/><G114/><T80/><D79/><U38/><E38/><V75/><F75/><AGARI ba="2,0" hai="72,74,75,76,80,83,87,88,99,103,106,132,133,135" machi="75" ten="40,8000,1" yaku="20,1,34,3,54,1" doraHai="47" who="0" fromWho="2" sc="219,86,348,0,343,-86,90,0" /><INIT seed="7,0,0,4,1,59" ten="305,348,257,90" oya="3" hai0="88,97,29,128,75,68,15,57,64,118,85,27,74" hai1="94,10,32,56,55,116,60,89,62,102,4,23,17" hai2="30,91,99,70,111,81,117,11,105,45,112,92,129" hai3="72,33,0,18,119,53,12,14,19,3,78,95,101"/><W46/><G119/><T135/><D118/><U21/><E32/><V96/><F117/><W41/><G33/><T22/><D135/><U132/><E132/><V9/><F111/><W8/><G53/><T42/><D42/><U50/><E102/><V16/><F70/><W38/><G78/><T103/><D128/><U48/><E48/><V127/><F127/><W67/><BYE who="2" /><G67/><T90/><D15/><N who="1" m="5575" /><E116/><V124/><F124/><W130/><G72/><T5/><D5/><U40/><E40/><V84/><F84/><W104/><G104/><UN n2="%E5%B0%B1%E6%B4%BB%E7%94%9F%40%E5%B7%9D%E6%9D%91%E8%BB%8D%E5%9B%A3" /><T121/><D121/><U77/><E77/><V28/><F112/><W13/><G130/><T100/><D68/><U66/><E66/><V51/><F129/><W110/><G110/><T25/><D103/><U49/><E49/><V87/><F105/><W2/><REACH who="3" step="1"/><G8/><REACH who="3" ten="305,348,257,80" step="2"/><T37/><D74/><U20/><E20/><V36/><F11/><W93/><G93/><N who="0" m="58415" /><D75/><U98/><E23/><V35/><F35/><W86/><G86/><T125/><D125/><U73/><E73/><V115/><F115/><W43/><G43/><T6/><D37/><U69/><E69/><V24/><F36/><W131/><G131/><T34/><D85/><U122/><E122/><V58/><F9/><W44/><G44/><T71/><D71/><U1/><E1/><V134/><F45/><W47/><G47/><T65/><D65/><U31/><E21/><N who="2" m="13351" /><F134/><W61/><G61/><N who="0" m="37935" /><D6/><U120/><E120/><V114/><F114/><W108/><G108/><T83/><D83/><U54/><E54/><N who="2" m="32095" /><F81/><W107/><G107/><T79/><D79/><U133/><E133/><RYUUKYOKU ba="0,1" sc="305,10,348,-30,257,10,80,10" hai0="22,25,27,29,34,88,90" hai2="28,30,87,91,92,96,99" hai3="0,2,3,12,13,14,18,19,38,41,46,95,101" /><INIT seed="7,1,1,0,5,61" ten="315,318,267,90" oya="3" hai0="82,1,71,66,21,116,7,103,42,36,125,56,81" hai1="17,5,90,64,25,6,129,94,126,50,77,130,115" hai2="75,48,88,11,26,31,12,112,101,65,83,35,133" hai3="37,16,114,28,100,34,67,73,123,69,29,14,74"/><W78/><G123/><T70/><D116/><U84/><E115/><V86/><F112/><W32/><G114/><T91/><D103/><U99/><E126/><V63/><F133/><W18/><G37/><T97/><D125/><U68/><E68/><V4/><F101/><W135/><G135/><T98/><D70/><U15/><E64/><V23/><F48/><W127/><G127/><T3/><D71/><U33/><E50/><V46/><F46/><W120/><G120/><T51/><D36/><U53/><E53/><V55/><F55/><W122/><G122/><T121/><D121/><U10/><E33/><V102/><F102/><W8/><G100/><T119/><D119/><U124/><E124/><V134/><F134/><W105/><G105/><T19/><D1/><U43/><E43/><V9/><F75/><W49/><G49/><T0/><D0/><U85/><E25/><V118/><F118/><W2/><G2/><T93/><D7/><N who="1" m="2571" /><E77/><V40/><F40/><W113/><G113/><T20/><D3/><U96/><E85/><V38/><F38/><W79/><G69/><T80/><D19/><U41/><E41/><V128/><F128/><AGARI ba="1,1" hai="10,15,17,84,90,94,96,99,128,129,130" m="2571" machi="128" ten="30,1000,0" yaku="19,1" doraHai="61" who="1" fromWho="2" sc="315,0,318,23,267,-13,90,0" owari="315,12.0,341,44.0,254,-15.0,90,-41.0" /></mjloggm>