<mjloggm ver="2.3"><GO type="97" lobby="0"/><UN n0="%65%73%6F%72%61" n1="%E3%82%AF%E3%83%AC" n2="%43%72%61%7A%79%54" n3="%E3%83%88%E3%83%88%E3%83%AA%E5%85%88%E7%94%9F%31%39%E6%AD%B3" dan="13,15,14,13" rate="1819.95,2086.38,1876.17,2008.63" sx="M,M,M,F"/><TAIKYOKU oya="0"/><INIT seed="0,0,0,0,2,40" ten="250,250,250,250" oya="0" hai0="60,124,126,79,17,49,100,21,28,58,99,30,106" hai1="130,117,31,19,81,72,129,44,101,4,98,52,6" hai2="92,115,131,119,5,62,47,109,135,66,15,96,110" hai3="118,107,127,61,82,59,42,13,108,0,104,113,105"/><T22/><D79/><N who="1" m="44263" /><E31/><V37/><F115/><W35/><G113/><T125/><D49/><N who="1" m="28711" /><E19/><V94/><F119/><W50/><G118/><T65/><REACH who="0" step="1"/><D22/><REACH who="0" ten="240,250,250,250" step="2"/><U9/><E117/><V114/><F114/><W36/><G50/><T70/><D70/><U46/><E130/><V89/><F131/><W14/><G35/><T121/><D121/><U78/><E129/><V20/><F20/><W90/><G36/><T41/><D41/><U128/><E78/><V11/><F135/><W80/><G42/><T91/><D91/><U2/><E128/><V67/><F37/><W54/><G90/><T25/><AGARI ba="0,1" hai="17,21,25,28,30,58,60,65,99,100,106,124,125,126" machi="25" ten="30,11700,0" yaku="1,1,0,1,18,1,53,1" doraHai="40" doraHaiUra="12" who="0" fromWho="0" sc="240,127,250,-39,250,-39,250,-39" /><INIT seed="0,1,0,5,0,1" ten="367,211,211,211" oya="0" hai0="83,126,51,31,104,85,44,25,49,30,74,24,101" hai1="28,97,92,42,76,16,18,33,21,34,95,58,46" hai2="6,57,17,72,54,64,84,123,106,7,29,14,40" hai3="8,130,96,128,73,118,121,91,122,38,55,108,41"/><T94/><D126/><U9/><E28/><N who="0" m="10793" /><D74/><U19/><E76/><V26/><F106/><W39/><G118/><T114/><D104/><U90/><E21/><N who="2" m="15567" /><F72/><W115/><G115/><T3/><D3/><U13/><E58/><V125/><F123/><N who="3" m="47115" /><G108/><T12/><D114/><U23/><E95/><V65/><F125/><W107/><G73/><T134/><D134/><U98/><E98/><V100/><F40/><W135/><G135/><T56/><D56/><U63/><E63/><N who="2" m="36279" /><F84/><W66/><G66/><N who="2" m="25705" /><F100/><N who="3" m="62855" /><G41/><T119/><D85/><U111/><E111/><V36/><F36/><W105/><G105/><T78/><D101/><U68/><E68/><V81/><F81/><W86/><G55/><T50/><D83/><U133/><E133/><V116/><F116/><W77/><G39/><T127/><D119/><U109/><E109/><V89/><F89/><W132/><G38/><T99/><D127/><U45/><E23/><AGARI ba="1,0" hai="6,7,14,17,23" m="25705,36279,15567" machi="23" ten="30,3900,0" yaku="8,1,52,2" doraHai="1" who="2" fromWho="1" sc="367,0,211,-42,211,42,211,0" /><INIT seed="1,0,0,2,4,93" ten="367,169,253,211" oya="1" hai0="109,113,83,131,2,25,28,122,31,88,70,33,60" hai1="102,34,66,89,37,103,16,67,86,55,94,56,1" hai2="24,43,30,35,42,7,105,17,76,84,77,20,92" hai3="97,119,87,98,125,118,44,91,38,127,59,12,101"/><U107/><E1/><V134/><F105/><W9/><G59/><T61/><D113/><U106/><E34/><V8/><F134/><W4/><G44/><T96/><D109/><U32/><E32/><V63/><F63/><W111/><G38/><T112/><D112/><U95/><E37/><V78/><F84/><W120/><G111/><T0/><D31/><U39/><E39/><V19/><F17/><W117/><G120/><T133/><D133/><U114/><E106/><V90/><F30/><W22/><G22/><T13/><D122/><U85/><E107/><V71/><F71/><W57/><G57/><T129/><D13/><U53/><E114/><V36/><F36/><W75/><G101/><N who="1" m="38410" /><E55/><V124/><F124/><N who="3" m="47691" /><G75/><T115/><D115/><U110/><E110/><V10/><F35/><W135/><G135/><T14/><D14/><U126/><E126/><V40/><F7/><W23/><G23/><T64/><D61/><N who="1" m="35983" /><E16/><V18/><F18/><W26/><G26/><T52/><D25/><U68/><E68/><V99/><AGARI ba="0,0" hai="8,10,19,20,24,40,42,43,76,77,78,90,92,99" machi="99" ten="30,4000,0" yaku="0,1,8,1,52,1" doraHai="93" who="2" fromWho="2" sc="367,-10,169,-20,253,40,211,-10" /><INIT seed="2,0,0,4,5,34" ten="357,149,293,201" oya="2" hai0="80,79,57,39,12,130,46,2,66,125,20,4,97" hai1="0,65,93,110,42,24,36,25,119,28,45,100,82" hai2="111,128,5,116,103,30,122,105,85,77,94,71,47" hai3="131,37,33,89,118,127,86,16,123,60,102,51,61"/><V108/><F71/><W50/><G118/><T48/><D39/><U87/><E119/><V3/><F30/><W35/><G123/><T74/><D130/><U104/><E104/><V44/><F116/><W84/><G37/><T19/><D125/><U23/><E110/><N who="2" m="42027" /><F122/><W11/><G131/><T6/><D2/><U76/><E65/><V99/><F128/><W59/><G127/><T58/><D97/><U63/><E63/><V88/><F77/><W115/><G115/><T14/><D66/><U68/><E68/><V107/><F105/><W120/><G120/><T49/><D49/><U70/><E70/><V134/><F134/><W78/><G102/><T75/><D75/><U73/><E73/><V10/><AGARI ba="0,0" hai="3,5,10,44,47,85,88,94,99,103,107" m="42027" machi="10" ten="30,11700,0" yaku="14,1,10,1,52,1,54,1" doraHai="34" who="2" fromWho="2" sc="357,-39,149,-39,293,117,201,-39" /><INIT seed="2,1,0,4,0,21" ten="318,110,410,162" oya="2" hai0="83,75,86,121,80,102,96,107,122,93,98,73,127" hai1="126,81,51,42,2,123,54,55,16,71,69,37,22" hai2="92,12,100,118,79,66,113,77,14,129,45,125,35" hai3="101,134,115,49,10,119,24,90,6,33,8,7,130"/><V85/><F35/><W72/><G119/><T91/><D127/><U30/><E2/><V32/><F118/><W87/><G72/><N who="0" m="27723" /><D122/><U4/><E4/><V53/><F113/><W3/><G115/><T47/><D47/><U36/><E126/><V88/><F129/><W97/><G130/><T124/><D124/><U41/><E123/><V50/><F32/><W84/><G134/><T94/><D121/><U5/><E5/><V46/><F66/><W44/><G90/><AGARI ba="1,0" hai="80,83,86,90,91,93,94,96,98,102,107" m="27723" machi="90" ten="30,8000,1" yaku="35,5" doraHai="21" who="0" fromWho="3" sc="318,83,110,0,410,0,162,-83" /><INIT seed="3,0,0,3,0,100" ten="401,110,410,79" oya="3" hai0="71,60,126,27,91,118,55,110,95,0,53,128,97" hai1="67,65,108,102,74,133,124,2,54,46,135,38,63" hai2="117,101,59,44,52,132,61,93,18,43,48,36,17" hai3="115,131,11,112,51,125,87,34,116,64,111,62,49"/><W82/><G116/><T104/><D118/><U122/><E2/><V105/><F117/><W1/><G34/><T130/><D0/><U23/><E74/><V57/><F132/><N who="1" m="50761" /><E108/><V50/><F36/><W78/><G111/><T92/><D110/><U10/><E124/><V76/><F105/><W129/><G125/><T40/><D126/><U96/><E122/><V121/><F76/><W80/><G80/><T35/><D40/><N who="1" m="22807" /><E10/><V85/><F121/><W6/><G51/><T69/><D104/><N who="1" m="63559" /><E23/><V8/><F8/><W73/><G49/><T68/><D95/><U86/><E86/><V5/><F5/><W77/><G87/><T66/><D35/><U39/><E39/><V15/><F15/><W75/><G78/><T88/><D27/><U84/><E84/><V24/><F24/><W99/><G99/><T114/><D114/><U13/><E13/><V106/><F106/><W47/><G47/><T33/><D33/><U109/><E109/><V123/><F123/><W25/><G25/><T19/><D19/><U113/><E113/><N who="3" m="43594" /><G75/><T79/><D79/><U14/><E14/><V58/><F85/><W103/><G103/><T12/><D91/><U29/><E29/><V56/><F48/><W3/><G3/><T70/><REACH who="0" step="1"/><D12/><REACH who="0" ten="391,110,410,79" step="2"/><U7/><E7/><V26/><F26/><W31/><G31/><T120/><D120/><U22/><E22/><V30/><F30/><W90/><G90/><T119/><D119/><U81/><E81/><V83/><F83/><W89/><G89/><T42/><D42/><U20/><E20/><V127/><F127/><W9/><G9/><RYUUKYOKU ba="0,1" sc="391,0,110,0,410,0,79,0" hai0="53,55,60,66,68,69,70,71,88,92,97,128,130" hai1="54,63,65,67" hai2="17,18,43,44,50,52,56,57,58,59,61,93,101" hai3="1,6,11,62,64,73,77,82,129,131" /><INIT seed="3,1,1,2,2,45" ten="391,110,410,79" oya="3" hai0="92,131,37,118,87,33,29,121,78,113,53,95,36" hai1="86,48,58,122,12,103,35,73,26,112,6,5,132" hai2="130,19,101,20,85,135,123,98,47,90,59,52,93" hai3="23,81,32,27,28,102,128,134,125,105,51,117,25"/><W8/><G117/><T91/><D118/><U0/><E73/><V1/><F123/><W119/><G119/><T34/><D121/><U16/><E0/><V38/><F1/><W126/><G128/><T40/><D131/><U65/><E112/><V22/><F130/><W114/><G114/><T111/><D113/><U30/><E132/><V18/><F135/><W127/><G134/><T76/><D111/><U77/><E103/><V14/><F47/><W108/><G108/><T49/><D40/><U64/><E64/><V3/><F3/><W9/><G81/><T110/><D110/><U21/><E122/><V79/><F79/><W67/><G67/><T83/><D78/><U54/><REACH who="1" step="1"/><E65/><REACH who="1" ten="391,100,410,79" step="2"/><V57/><F38/><W17/><REACH who="3" step="1"/><G51/><REACH who="3" ten="391,100,410,69" step="2"/><T97/><D37/><U104/><E104/><V43/><F101/><W24/><G24/><T46/><D36/><U124/><E124/><V15/><F15/><W116/><G116/><T11/><D49/><U106/><E106/><V96/><F14/><W94/><G94/><T41/><D95/><U71/><E71/><V2/><F93/><W88/><G88/><T10/><D91/><U129/><E129/><V66/><F90/><W7/><G7/><T62/><D92/><U80/><AGARI ba="1,3" hai="5,6,12,16,21,26,30,35,48,54,58,77,80,86" machi="80" ten="30,7900,0" yaku="1,1,0,1,52,1,54,1,53,0" doraHai="45" doraHaiUra="100" who="1" fromWho="1" sc="391,-21,100,112,410,-21,69,-40" owari="370,17.0,212,-19.0,389,49.0,29,-47.0" /></mjloggm>