<mjloggm ver="2.3"><GO type="41" lobby="0"/><UN n0="%E5%AF%A1%E4%BA%BA" n1="%E9%BB%92%E3%81%AE%E6%97%8B%E9%A2%A8" n2="%4F%73%61%69%66%75" n3="%E5%B0%B1%E6%B4%BB%E7%94%9F%40%E5%B7%9D%E6%9D%91%E8%BB%8D%E5%9B%A3" dan="14,15,13,15" rate="1930.48,2033.73,1827.64,1992.34" sx="M,M,M,M"/><TAIKYOKU oya="0"/><INIT seed="0,0,0,0,3,114" ten="250,250,250,250" oya="0" hai0="20,35,59,68,90,46,55,37,0,117,56,10,126" hai1="69,57,103,23,71,6,97,61,116,63,98,52,43" hai2="101,86,124,128,106,40,7,53,112,111,36,110,50" hai3="87,11,13,32,17,66,121,30,15,64,113,79,118"/><T39/><D68/><U21/><E6/><V132/><F112/><W92/><G113/><T77/><D35/><U4/><E4/><V8/><F128/><W33/><G121/><T129/><D126/><U84/><E43/><V47/><F124/><W95/><G79/><T3/><D129/><U60/><E116/><V9/><F132/><W54/><G54/><T83/><D117/><U135/><E135/><V94/><F106/><W122/><G122/><T67/><D67/><U70/><E84/><V81/><F9/><W14/><G118/><T5/><D3/><U1/><E1/><V125/><F125/><W75/><G75/><N who="0" m="43455" /><D39/><U93/><REACH who="1" step="1"/><E98/><REACH who="1" ten="250,240,250,250" step="2"/><V31/><F110/><W115/><G87/><T28/><D5/><U48/><AGARI ba="0,1" hai="21,23,48,52,57,60,61,63,69,70,71,93,97,103" machi="48" ten="40,8000,1" yaku="1,1,2,1,0,1,54,1,53,0" doraHai="114" doraHaiUra="131" who="1" fromWho="1" sc="250,-40,240,90,250,-20,250,-20" /><INIT seed="1,0,0,4,4,37" ten="210,330,230,230" oya="1" hai0="52,81,60,106,55,110,82,94,69,84,31,51,105" hai1="12,23,47,33,57,15,133,99,93,127,11,19,135" hai2="6,119,118,49,102,83,96,101,111,38,76,66,16" hai3="103,50,25,88,64,53,87,62,92,74,40,130,14"/><U72/><E33/><V41/><F111/><W125/><G130/><T61/><D110/><U5/><E72/><V48/><F66/><W13/><G125/><T56/><D31/><U20/><E127/><V39/><F6/><W108/><G108/><T44/><D105/><U0/><E57/><V36/><F16/><W17/><G74/><T91/><REACH who="0" step="1"/><D106/><REACH who="0" ten="200,330,230,230" step="2"/><U116/><E116/><V89/><F118/><W80/><G25/><T8/><D8/><U123/><E123/><V77/><F119/><W124/><G124/><T68/><D68/><U131/><E131/><V2/><F2/><W132/><G132/><T90/><D90/><U67/><E135/><V28/><F28/><W46/><G53/><T115/><D115/><U18/><E133/><V71/><F71/><W32/><G32/><T86/><D86/><U7/><E67/><AGARI ba="0,1" hai="44,51,52,55,56,60,61,67,69,81,82,84,91,94" machi="67" ten="40,2600,0" yaku="1,1,54,1,53,0" doraHai="37" doraHaiUra="120" who="0" fromWho="1" sc="200,36,330,-26,230,0,230,0" /><INIT seed="2,0,0,0,3,14" ten="236,304,230,230" oya="2" hai0="69,49,75,103,35,115,46,68,65,121,11,72,18" hai1="73,92,101,2,131,83,96,78,1,102,17,38,116" hai2="50,79,80,99,95,85,107,51,134,12,94,24,67" hai3="76,15,84,124,56,22,64,33,8,113,89,58,91"/><V39/><F134/><W9/><G33/><T70/><D35/><U47/><E116/><V106/><F39/><W129/><G129/><T97/><D115/><U98/><E131/><V62/><F12/><W117/><G117/><T52/><D121/><U34/><E34/><V61/><F24/><W126/><G113/><T63/><D75/><U82/><E82/><V122/><F122/><W87/><G76/><T43/><D72/><U30/><E30/><V40/><F40/><W110/><G22/><T108/><D108/><U132/><E132/><V54/><F94/><W32/><G32/><T29/><D29/><U45/><E38/><V74/><F50/><W28/><G28/><T16/><D11/><U37/><E37/><V105/><F67/><W42/><G15/><T13/><D13/><U127/><E127/><V4/><F4/><W6/><G64/><T7/><D7/><U0/><REACH who="1" step="1"/><E17/><REACH who="1" ten="236,294,230,230" step="2"/><V111/><F111/><W112/><G110/><T130/><D130/><U133/><E133/><V88/><REACH who="2" step="1"/><F74/><REACH who="2" ten="236,294,220,230" step="2"/><W19/><G112/><T31/><D31/><U57/><E57/><AGARI ba="0,2" hai="51,54,57,61,62,79,80,85,88,95,99,105,106,107" machi="57" ten="40,7700,0" yaku="1,1,2,1,54,1,53,0" doraHai="14" doraHaiUra="23" who="2" fromWho="1" sc="236,0,294,-77,220,97,230,0" /><INIT seed="2,1,0,0,5,134" ten="236,217,317,230" oya="2" hai0="123,60,106,8,65,15,0,105,50,115,10,130,101" hai1="39,103,116,26,59,25,14,13,53,102,35,74,84" hai2="113,27,44,41,66,73,20,112,68,4,108,32,36" hai3="62,51,97,64,70,33,129,121,124,58,132,111,54"/><V40/><F108/><W18/><G33/><T117/><D123/><U16/><E74/><V85/><F41/><W23/><G121/><T46/><D130/><U88/><E39/><V133/><F133/><W104/><G132/><T114/><D117/><U21/><E116/><V31/><F85/><W45/><G129/><T135/><D135/><U89/><E35/><V3/><F73/><W118/><G118/><T82/><D0/><U92/><E89/><V37/><F37/><W28/><G28/><T47/><D8/><U100/><REACH who="1" step="1"/><E13/><REACH who="1" ten="236,207,317,230" step="2"/><V93/><F112/><W91/><G111/><T67/><D15/><U30/><E30/><V99/><F113/><W24/><G124/><T19/><D115/><U29/><E29/><V72/><F72/><W86/><G97/><T17/><D114/><U1/><E1/><V94/><F3/><W76/><G76/><T9/><D101/><U43/><E43/><V11/><F32/><W77/><G77/><T55/><D106/><U57/><E57/><V87/><F68/><W110/><G110/><T56/><D105/><U81/><E81/><V61/><F31/><W12/><G104/><T83/><D56/><U80/><E80/><V2/><F44/><W42/><G24/><T120/><D47/><U90/><E90/><N who="2" m="53471" /><F40/><W48/><G91/><T79/><D79/><U126/><E126/><V52/><F36/><W122/><G122/><T75/><D120/><U125/><E125/><V119/><F2/><W5/><G86/><T127/><D75/><U71/><E71/><V63/><F119/><W107/><G107/><T128/><D127/><RYUUKYOKU ba="1,1" sc="236,-15,207,15,317,-15,230,15" hai1="14,16,21,25,26,53,59,84,88,92,100,102,103" hai3="5,12,18,23,42,45,48,51,54,58,62,64,70" /><INIT seed="3,2,1,3,3,44" ten="221,222,302,245" oya="3" hai0="64,34,93,40,2,117,13,92,57,83,97,89,106" hai1="31,48,67,20,50,75,90,135,101,63,39,107,53" hai2="110,116,73,66,5,0,51,43,60,14,69,134,100" hai3="10,62,132,118,123,12,37,122,121,76,114,71,127"/><W113/><G37/><T41/><D2/><U115/><E115/><N who="3" m="44042" /><G76/><T11/><D34/><U6/><E75/><V54/><F116/><W68/><G62/><N who="0" m="37967" /><D106/><U42/><E135/><V131/><F110/><W126/><G118/><T72/><D72/><U98/><E39/><V109/><F131/><W33/><G33/><T24/><D83/><U19/><E31/><V79/><F134/><W59/><G132/><T102/><D24/><U111/><E111/><V36/><F109/><W70/><G59/><T119/><D119/><U78/><E78/><V47/><F100/><W55/><G55/><T15/><D15/><U80/><E6/><V95/><F14/><W9/><G12/><T120/><D120/><U45/><E80/><V88/><F0/><W112/><N who="3" m="44050" /><W4/><DORA hai="32" /><G4/><N who="0" m="3303" /><D117/><U133/><E133/><V26/><F5/><W85/><G85/><AGARI ba="2,1" hai="40,41,85,89,92,93,97,102" m="3303,37967" machi="85" ten="30,1000,0" yaku="8,1" doraHai="44,32" who="0" fromWho="3" sc="221,26,222,0,302,0,245,-16" /><INIT seed="4,0,0,0,3,96" ten="247,222,302,229" oya="0" hai0="88,113,62,2,30,119,73,106,41,82,109,18,130" hai1="55,103,39,105,32,115,84,77,22,36,126,4,89" hai2="116,51,72,9,133,1,117,118,35,111,61,67,70" hai3="107,90,10,25,112,91,85,24,42,86,53,19,114"/><T121/><D2/><U74/><E32/><V122/><F111/><W28/><G107/><T37/><D119/><U94/><E4/><N who="2" m="1167" /><F122/><W102/><G42/><T124/><D30/><U46/><E126/><V20/><F20/><N who="3" m="15367" /><G102/><T63/><D113/><N who="3" m="43625" /><G53/><T26/><D130/><U101/><E115/><V31/><F51/><W44/><G44/><T16/><D37/><U98/><E103/><V21/><F21/><N who="3" m="13503" /><G10/><T59/><D41/><U95/><E95/><V14/><F14/><W13/><G13/><T66/><D106/><U6/><E6/><V71/><F72/><W7/><G7/><T129/><D73/><U81/><E22/><V104/><F71/><W65/><G65/><T78/><D66/><U120/><E120/><V5/><F5/><W33/><G33/><T40/><D121/><U76/><E76/><V93/><F93/><W45/><G45/><T87/><D78/><U57/><E46/><V64/><F64/><W56/><G56/><T80/><D59/><U135/><E135/><V99/><F133/><W23/><G23/><T17/><D62/><AGARI ba="0,0" hai="36,39,55,57,62,74,77,81,84,89,94,98,101,105" machi="62" ten="30,7700,0" yaku="7,1,24,2,52,1" doraHai="96" who="1" fromWho="0" sc="247,-77,222,77,302,0,229,0" /><INIT seed="5,0,0,5,4,98" ten="170,299,302,229" oya="1" hai0="135,122,119,11,5,14,128,28,86,6,113,107,72" hai1="112,23,127,60,104,58,7,12,44,20,70,33,130" hai2="49,75,18,83,115,88,29,51,48,125,25,4,90" hai3="76,66,24,101,117,80,126,124,133,53,54,114,78"/><U39/><E70/><V132/><F132/><W123/><G123/><T61/><D72/><U103/><E33/><V40/><F115/><W36/><G36/><T15/><D107/><U77/><E112/><V85/><F125/><N who="3" m="48235" /><G133/><T3/><D86/><U91/><E127/><V37/><F75/><W17/><G114/><T109/><D61/><U120/><E120/><V105/><F105/><W68/><G117/><T38/><D38/><U79/><E130/><V13/><F4/><W62/><G101/><T43/><D43/><U41/><E23/><N who="2" m="15551" /><F37/><W94/><G94/><T121/><D113/><U87/><E20/><N who="2" m="11343" /><F40/><W118/><G118/><T74/><D74/><U31/><E31/><V97/><F97/><W27/><G78/><AGARI ba="0,0" hai="48,49,51,78,83,85,88,90" m="11343,15551" machi="78" ten="30,2000,0" yaku="8,1,54,1" doraHai="98" who="2" fromWho="3" sc="170,0,299,0,302,20,229,-20" /><INIT seed="6,0,0,2,1,15" ten="170,299,322,209" oya="2" hai0="114,16,42,79,99,31,40,104,75,86,112,1,34" hai1="74,108,133,33,48,3,65,30,76,29,0,124,59" hai2="37,78,23,120,101,63,69,102,130,113,98,64,26" hai3="111,84,88,85,18,89,70,81,17,122,6,8,117"/><V35/><F120/><W53/><G111/><T103/><D1/><U100/><E108/><V125/><F113/><N who="0" m="43626" /><D75/><U2/><E133/><V72/><F102/><W132/><G122/><T94/><D31/><U118/><E118/><V115/><F130/><W90/><G117/><T92/><D34/><U97/><E124/><V66/><F115/><W12/><G132/><T128/><D128/><U5/><E5/><V24/><F125/><W67/><G53/><T52/><D79/><U4/><E4/><V82/><F66/><W121/><G121/><T11/><D86/><N who="3" m="33385" /><G70/><T32/><D32/><U119/><E119/><V134/><F26/><W87/><G67/><T51/><D94/><U129/><E33/><V9/><F9/><W71/><G71/><T41/><D92/><U110/><E110/><V96/><F134/><W25/><G25/><T109/><D109/><U55/><E129/><V62/><F62/><W105/><G105/><T80/><D80/><U20/><E65/><V127/><F127/><W77/><AGARI ba="0,0" hai="6,8,12,17,18,77,81,87,88,89,90" m="33385" machi="77" ten="30,7900,0" yaku="8,1,52,2,54,1" doraHai="15" who="3" fromWho="3" sc="170,-20,299,-20,322,-39,209,79" /><INIT seed="7,0,0,4,1,124" ten="150,279,283,288" oya="3" hai0="56,120,26,35,47,54,62,42,130,123,73,84,21" hai1="52,10,83,36,40,109,127,38,82,12,31,79,132" hai2="17,2,126,13,11,60,121,103,86,129,65,108,57" hai3="59,5,34,116,100,98,44,37,107,131,27,3,50"/><W119/><G131/><T92/><D73/><U91/><E127/><V19/><F126/><W90/><G90/><T23/><D35/><U39/><E109/><V18/><F108/><W122/><G59/><T61/><D130/><U22/><E40/><V87/><F129/><W8/><G122/><T46/><D46/><U81/><E79/><V15/><F121/><W112/><G112/><T4/><D4/><U69/><E69/><V29/><F103/><W117/><G37/><T14/><D62/><U55/><E91/><V32/><F15/><W30/><G119/><T94/><D94/><U7/><REACH who="1" step="1"/><E132/><REACH who="1" ten="150,269,283,288" step="2"/><V45/><F2/><W78/><G78/><T88/><D14/><U63/><E63/><V20/><F11/><W115/><G115/><T95/><D95/><U71/><E71/><V111/><F111/><W99/><G99/><T48/><REACH who="0" step="1"/><D21/><REACH who="0" ten="140,269,283,288" step="2"/><U1/><E1/><V53/><F32/><W70/><G70/><T128/><D128/><U49/><E49/><N who="2" m="28847" /><F13/><W125/><G125/><T51/><D51/><U28/><E28/><AGARI ba="0,2" hai="23,26,28,42,47,48,54,56,61,84,88,92,120,123" machi="28" ten="30,7700,0" yaku="1,1,7,1,54,1,53,1" doraHai="124" doraHaiUra="43" who="0" fromWho="1" sc="140,97,269,-77,283,0,288,0" /><INIT seed="8,0,0,0,0,109" ten="237,192,283,288" oya="0" hai0="23,16,132,78,86,84,108,54,50,18,92,51,45" hai1="60,103,65,76,113,97,135,73,27,46,19,125,30" hai2="81,71,6,12,0,37,82,11,1,7,53,74,120" hai3="20,47,105,130,111,68,33,94,25,66,58,87,91"/><T2/><D132/><U98/><E73/><V52/><F120/><W40/><G111/><T56/><D2/><U127/><E76/><V119/><F74/><W116/><G116/><T122/><D122/><U55/><E135/><V133/><F133/><W79/><G105/><T99/><D108/><U49/><E19/><V35/><F37/><W96/><G68/><T3/><D3/><U85/><E85/><V89/><F71/><W57/><G33/><T31/><D31/><U64/><E64/><V42/><F35/><W44/><G130/><T83/><D86/><U28/><E28/><V32/><F32/><W9/><G9/><T5/><D5/><U95/><E98/><V124/><F119/><W61/><G57/><T80/><D80/><U90/><E90/><V100/><F89/><W34/><G34/><T10/><D10/><U88/><E88/><V102/><F11/><W106/><G40/><N who="0" m="24871" /><D23/><U67/><E67/><V63/><F42/><W24/><G24/><T41/><D41/><U114/><E27/><V93/><F63/><W15/><G15/><T101/><AGARI ba="0,0" hai="16,18,51,54,56,78,83,84,92,99,101" m="24871" machi="101" ten="30,3000,0" yaku="8,1,54,1" doraHai="109" who="0" fromWho="0" sc="237,30,192,-10,283,-10,288,-10" /><INIT seed="8,1,0,2,5,70" ten="267,182,273,278" oya="0" hai0="83,13,118,130,104,117,122,49,123,128,3,40,12" hai1="112,84,93,74,79,36,76,113,105,35,44,22,60" hai2="81,48,8,120,106,32,43,82,109,14,115,57,131" hai3="124,69,46,39,114,86,61,42,52,20,134,25,116"/><T94/><D104/><U11/><E35/><V37/><F32/><W96/><G116/><N who="0" m="44651" /><D3/><U56/><E105/><V75/><F120/><N who="0" m="46122" /><D83/><U92/><E11/><V110/><F106/><W80/><G114/><N who="1" m="44138" /><E22/><V26/><F115/><W98/><G124/><T51/><D94/><N who="1" m="36459" /><E84/><V47/><F131/><N who="0" m="50218" /><D40/><N who="1" m="22535" /><E74/><V125/><F125/><W41/><G41/><T6/><D6/><U108/><E108/><V103/><F26/><W50/><G98/><T89/><D89/><U129/><E129/><V9/><F103/><W77/><G96/><T30/><D30/><U29/><E29/><V53/><F75/><W71/><G86/><T16/><D13/><U10/><E10/><AGARI ba="1,0" hai="10,12,16,49,51" m="50218,46122,44651" machi="10" ten="40,7700,0" yaku="16,1,19,1,54,1" doraHai="70" who="0" fromWho="1" sc="267,80,182,-80,273,0,278,0" owari="347,45.0,102,-40.0,273,-13.0,278,8.0" /></mjloggm>