<mjloggm ver="2.3"><GO type="41" lobby="0"/><UN n0="%E5%B0%B1%E6%B4%BB%E7%94%9F%40%E5%B7%9D%E6%9D%91%E8%BB%8D%E5%9B%A3" n1="%4C%65%4E%6F%69%72" n2="%E3%81%AF%E3%81%A8%E3%81%95%E3%81%B6%E3%82%8C" n3="%E3%82%A6%E3%82%BF%E3%82%A6%E3%82%AE%E3%82%BF%E3%83%AA%E3%82%B9%E3%83%88" dan="14,14,15,13" rate="1959.55,1958.06,1995.44,1851.05" sx="M,M,M,M"/><TAIKYOKU oya="0"/><INIT seed="0,0,0,0,5,15" ten="250,250,250,250" oya="0" hai0="13,0,94,41,87,73,27,113,120,3,80,16,76" hai1="37,51,52,9,128,34,33,130,102,46,28,126,25" hai2="106,112,118,32,125,47,60,121,103,61,43,50,132" hai3="45,68,75,24,83,11,21,86,100,59,5,101,67"/><T56/><D113/><U20/><E126/><V116/><F112/><W85/><G68/><T69/><D69/><U109/><E37/><V123/><F32/><W71/><G71/><T117/><D117/><U134/><E134/><V88/><F132/><W48/><G75/><T57/><D120/><U53/><E109/><V77/><F77/><W131/><G59/><T72/><D41/><U49/><E102/><V10/><F125/><W35/><G67/><T98/><D72/><U133/><E9/><V42/><F42/><W79/><G86/><T65/><D27/><U26/><E133/><V29/><F29/><W31/><G35/><T129/><D73/><U64/><E64/><V2/><F123/><W55/><REACH who="3" step="1"/><G131/><REACH who="3" ten="250,250,250,240" step="2"/><N who="1" m="50218" /><E26/><V90/><F121/><W110/><G110/><T124/><D124/><U17/><E28/><V96/><F118/><W8/><G8/><T99/><D129/><U36/><E36/><V44/><F116/><W92/><G92/><T115/><D115/><U119/><E119/><V12/><F47/><AGARI ba="0,1" hai="17,20,25,33,34,46,47,49,51,52,53" m="50218" machi="47" ten="30,3900,0" yaku="19,1,52,1,54,1" doraHai="15" who="1" fromWho="2" sc="250,0,250,49,250,-39,240,0" /><INIT seed="1,0,0,3,1,116" ten="250,299,211,240" oya="1" hai0="80,99,30,121,39,13,57,35,60,130,34,114,93" hai1="126,108,10,52,119,77,113,32,20,96,66,90,59" hai2="45,92,41,37,68,127,64,8,49,46,9,1,101" hai3="24,85,2,89,25,124,6,42,104,123,81,131,72"/><U38/><E119/><V19/><F127/><W28/><G104/><T7/><D39/><U26/><E32/><V132/><F132/><W69/><G69/><T112/><D130/><U111/><E38/><V14/><F1/><W120/><G72/><T107/><D107/><U135/><E135/><V82/><F82/><W44/><G124/><T100/><D80/><U23/><E113/><V5/><F64/><W29/><G131/><T40/><D40/><U88/><E126/><V11/><F5/><W91/><G6/><T0/><D0/><U109/><E66/><V129/><F68/><W4/><G4/><T79/><D79/><U76/><E10/><V53/><REACH who="2" step="1"/><F129/><REACH who="2" ten="250,299,201,240" step="2"/><W22/><G2/><T12/><D7/><U87/><E96/><AGARI ba="0,1" hai="8,9,11,14,19,37,41,45,46,49,53,92,96,101" machi="96" ten="40,2600,0" yaku="1,1,2,1,53,0" doraHai="116" doraHaiUra="56" who="2" fromWho="1" sc="250,0,299,-26,201,36,240,0" /><INIT seed="2,0,0,0,5,81" ten="250,273,237,240" oya="2" hai0="73,99,93,89,76,102,43,71,78,11,2,58,53" hai1="118,113,128,44,29,114,1,19,87,14,116,30,69" hai2="13,97,57,109,56,67,130,123,22,126,40,85,62" hai3="4,32,94,52,82,65,92,84,64,45,48,135,31"/><V127/><F123/><W39/><G135/><T34/><D71/><U111/><E69/><V129/><F97/><W25/><G4/><T80/><D34/><U7/><E87/><V47/><F57/><W54/><G54/><T86/><D43/><U120/><E44/><V124/><F22/><W37/><G39/><T63/><D2/><U55/><E55/><V105/><F105/><W117/><G37/><T75/><D75/><U46/><E46/><V38/><F13/><W20/><G32/><T107/><D11/><N who="1" m="2543" /><E128/><N who="2" m="49259" /><F85/><W23/><G23/><T122/><REACH who="0" step="1"/><D76/><REACH who="0" ten="240,273,237,240" step="2"/><U61/><E120/><AGARI ba="0,1" hai="53,58,63,73,78,80,86,89,93,99,102,107,120,122" machi="120" ten="40,8000,1" yaku="1,1,2,1,24,2,52,1,53,0" doraHai="81" doraHaiUra="3" who="0" fromWho="1" sc="240,90,273,-80,237,0,240,0" /><INIT seed="3,0,0,3,2,30" ten="330,193,237,240" oya="3" hai0="77,26,56,89,97,68,91,10,49,40,41,4,38" hai1="109,71,118,121,102,7,25,5,33,100,8,13,134" hai2="129,65,6,29,90,122,11,18,3,94,62,17,37" hai3="108,111,132,127,44,57,2,52,98,50,48,69,59"/><W66/><G2/><T73/><D68/><U24/><E121/><V85/><F129/><W99/><G69/><T36/><D36/><U115/><E115/><V0/><F0/><W88/><G132/><T22/><D38/><U80/><E134/><V79/><F37/><W45/><G99/><T34/><D34/><U101/><E71/><V128/><F128/><W124/><G66/><T61/><D73/><U131/><E131/><V125/><F125/><N who="3" m="48203" /><G88/><N who="0" m="33867" /><D77/><U126/><E126/><V42/><F79/><W78/><G98/><T114/><D114/><U107/><E107/><V117/><F42/><N who="0" m="16490" /><D49/><U112/><E112/><V58/><F122/><W119/><G119/><T14/><D97/><U53/><E118/><V67/><F117/><W110/><G78/><T21/><D26/><U116/><E116/><V105/><F105/><W106/><G106/><T120/><D120/><U72/><E33/><V27/><REACH who="2" step="1"/><F67/><AGARI ba="0,0" hai="4,10,14,21,22,56,61,67" m="16490,33867" machi="67" ten="30,2000,0" yaku="8,1,54,1" doraHai="30" who="0" fromWho="2" sc="330,20,193,0,237,-20,240,0" /><INIT seed="4,0,0,2,3,70" ten="350,193,217,240" oya="0" hai0="71,115,120,30,19,63,8,52,41,123,76,6,126" hai1="3,15,10,56,124,17,69,78,23,89,47,34,130" hai2="104,122,60,96,68,100,39,93,1,51,36,134,127" hai3="66,132,14,113,85,5,38,21,125,116,83,2,57"/><T79/><D30/><U105/><E69/><V135/><F51/><W25/><G116/><T72/><D41/><U65/><E34/><V31/><F122/><W102/><G2/><T49/><D115/><U80/><E105/><V9/><F93/><W61/><G113/><T128/><D126/><U84/><E124/><V82/><F82/><W67/><G125/><T73/><D128/><U18/><E130/><V20/><F20/><W133/><G102/><T121/><D19/><U35/><E35/><V106/><F106/><W86/><G67/><T40/><D40/><U75/><E3/><V11/><F31/><W37/><G14/><T62/><D71/><U27/><E47/><V92/><F92/><W91/><G85/><T107/><D107/><U129/><E129/><V58/><F58/><W33/><G5/><T95/><D95/><U99/><E99/><V50/><F50/><W109/><G109/><T53/><D49/><U103/><E103/><V59/><F59/><W12/><G12/><T118/><D118/><U108/><E108/><V32/><F32/><W87/><G87/><T55/><D8/><U94/><E65/><N who="2" m="40999" /><F127/><W24/><G24/><T4/><D4/><U46/><REACH who="1" step="1"/><E56/><REACH who="1" ten="350,183,217,240" step="2"/><V0/><F0/><W44/><G33/><T88/><D121/><U77/><E77/><V81/><F1/><W97/><G44/><T13/><D120/><U43/><E43/><V26/><F104/><W131/><G97/><T45/><D123/><U110/><E110/><V42/><F96/><W28/><G131/><T114/><D45/><U101/><E101/><V16/><F100/><RYUUKYOKU ba="0,1" sc="350,-15,183,15,217,-15,240,15" hai1="10,15,17,18,23,27,46,75,78,80,84,89,94" hai3="21,25,28,37,38,57,61,66,83,86,91,132,133" /><INIT seed="5,1,1,1,5,25" ten="335,198,202,255" oya="1" hai0="73,103,28,99,127,83,24,61,93,114,105,126,110" hai1="106,120,76,72,109,49,57,4,0,41,89,118,45" hai2="12,62,117,102,26,5,60,108,51,101,112,115,74" hai3="6,107,43,18,134,33,130,116,30,100,65,71,16"/><U78/><E120/><V35/><F108/><W129/><G116/><T79/><D110/><U85/><E106/><V14/><F117/><W59/><G43/><T75/><D114/><N who="2" m="43562" /><F74/><W17/><G6/><T40/><D40/><U131/><E118/><V124/><F51/><W11/><G11/><T69/><D75/><U96/><E109/><V128/><F128/><N who="3" m="49259" /><G134/><T123/><D93/><U133/><E131/><V36/><F36/><W10/><G10/><T70/><D123/><U48/><E133/><V21/><F35/><W68/><G100/><N who="2" m="38505" /><F124/><N who="0" m="47658" /><D61/><N who="2" m="23658" /><F5/><W7/><G7/><T84/><D84/><U38/><E96/><V95/><F95/><W3/><G3/><T34/><AGARI ba="1,1" hai="24,28,34,69,70,73,79,83,99,103,105" m="47658" machi="34" ten="30,4000,0" yaku="18,1,23,1,52,1" doraHai="25" who="0" fromWho="0" sc="335,53,198,-21,202,-11,255,-11" /><INIT seed="6,0,0,1,5,41" ten="388,177,191,244" oya="2" hai0="4,62,37,54,45,119,115,92,128,32,58,67,99" hai1="135,65,69,14,61,122,111,80,110,9,126,63,129" hai2="13,130,40,71,94,133,72,79,104,90,106,57,81" hai3="93,35,10,42,102,27,85,100,8,26,22,1,3"/><V83/><F71/><W33/><G42/><T109/><D32/><U49/><E122/><V124/><F133/><W91/><G85/><T105/><D105/><U7/><E135/><V98/><F130/><W103/><G91/><T31/><D31/><U12/><E129/><V132/><F132/><W131/><G131/><T125/><D109/><U56/><E126/><V120/><F120/><W127/><G127/><T25/><D25/><N who="3" m="9225" /><G22/><T46/><D37/><U84/><E49/><V82/><F124/><W2/><G93/><T39/><D39/><U64/><REACH who="1" step="1"/><E14/><REACH who="1" ten="388,167,191,244" step="2"/><V97/><F13/><W76/><G1/><T17/><D125/><U5/><E5/><V87/><F40/><W73/><G2/><T66/><D4/><U53/><E53/><V74/><F57/><W55/><G3/><T50/><D54/><U95/><E95/><V36/><F36/><W52/><G35/><T101/><D92/><U0/><E0/><V16/><F16/><W38/><G33/><T48/><D17/><U21/><E21/><V23/><F23/><W77/><G38/><T117/><D58/><U6/><E6/><V18/><F18/><W86/><G10/><T19/><D19/><U15/><E15/><V88/><REACH who="2" step="1"/><F98/><REACH who="2" ten="388,167,181,244" step="2"/><W44/><G8/><T29/><D99/><U116/><E116/><V113/><F113/><W107/><G107/><T134/><D115/><U118/><E118/><N who="0" m="45065" /><D134/><U75/><E75/><V89/><F89/><AGARI ba="0,2" hai="7,9,12,56,61,63,64,65,69,80,84,89,110,111" machi="89" ten="30,2000,0" yaku="1,1,7,1,53,0" doraHai="41" doraHaiUra="108" who="1" fromWho="2" sc="388,0,167,40,181,-20,244,0" /><INIT seed="7,0,0,5,1,89" ten="388,207,161,244" oya="3" hai0="59,41,129,31,55,64,42,6,18,84,94,68,106" hai1="87,72,10,88,123,125,56,19,75,118,73,12,45" hai2="11,76,100,86,34,69,96,28,93,52,92,132,5" hai3="121,23,22,37,57,0,85,113,1,131,38,16,103"/><W108/><G121/><T115/><D106/><U74/><E123/><V107/><F69/><W109/><G131/><T53/><D115/><U82/><N who="1" m="18432" /><DORA hai="29" /><U127/><E118/><V110/><F110/><N who="3" m="42603" /><G113/><T98/><D68/><U32/><E32/><V133/><F52/><N who="0" m="20042" /><D31/><U124/><E45/><V83/><F11/><W130/><G130/><T114/><D114/><U24/><E24/><V25/><REACH who="2" step="1"/><F5/><REACH who="2" ten="388,207,151,244" step="2"/><W30/><G57/><AGARI ba="0,1" hai="10,12,19,56,57,82,87,88,124,125,127" m="18432" machi="57" ten="80,5200,0" yaku="18,1,54,1" doraHai="89,29" who="1" fromWho="3" sc="388,0,207,62,151,0,244,-52" owari="388,49.0,269,7.0,151,-35.0,192,-21.0" /></mjloggm>