<mjloggm ver="2.3"><GO type="169" lobby="0"/><UN n0="%E3%82%A6%E3%83%AB%E3%83%88%E3%83%A9%E7%AB%8B%E7%9B%B4" n1="%73%68%61%70%65%6C%65%72" n2="%E2%98%86%E2%98%85%E5%A4%A9%E6%B1%9F%E8%A1%A3%E2%98%85%E2%98%86" n3="%E2%98%86%EF%BC%B2%EF%BC%8E%EF%BC%A4%EF%BC%8E%E2%98%85" dan="17,16,16,16" rate="2119.90,2142.65,2174.98,2077.77" sx="M,M,M,M"/><TAIKYOKU oya="0"/><INIT seed="0,0,0,2,5,79" ten="250,250,250,250" oya="0" hai0="126,31,26,19,103,52,106,135,2,66,60,132,27" hai1="101,58,49,124,127,128,37,83,48,7,40,0,30" hai2="105,77,100,62,51,21,122,43,76,5,72,45,13" hai3="119,24,4,82,20,94,18,67,129,114,81,116,96"/><T95/><D2/><U16/><E30/><V50/><F122/><W111/><G114/><T1/><D1/><U123/><E123/><V9/><F72/><W73/><G67/><T90/><D126/><N who="1" m="48171" /><E101/><V115/><F115/><W54/><G111/><T69/><D19/><U99/><E99/><V86/><F62/><W89/><G129/><T55/><D27/><U39/><E7/><V121/><F121/><W22/><G4/><T93/><D93/><U110/><E0/><V15/><F50/><W59/><G20/><T32/><D55/><N who="1" m="32103" /><E16/><N who="2" m="10399" /><F105/><W53/><G53/><T14/><D14/><U118/><E110/><V64/><F64/><W125/><G125/><T107/><D52/><U35/><E35/><V23/><F100/><W112/><G112/><T29/><D29/><U38/><E128/><V102/><F102/><W36/><G36/><T74/><D74/><U75/><E49/><V85/><F23/><W3/><G3/><T88/><D107/><U57/><E57/><V34/><F34/><W104/><G104/><T68/><D68/><U61/><E61/><V120/><F120/><W98/><G98/><N who="0" m="61815" /><D90/><U130/><E130/><V71/><F71/><W78/><REACH who="3" step="1"/><G82/><REACH who="3" ten="250,250,250,240" step="2"/><T131/><D131/><U92/><E92/><V8/><F8/><W47/><G47/><T28/><D28/><U63/><E83/><V109/><F109/><W44/><G44/><T108/><D108/><U91/><E39/><V117/><F9/><W41/><G41/><T65/><D65/><U33/><E38/><V6/><F5/><W11/><G11/><T134/><D134/><U80/><E37/><RYUUKYOKU ba="0,1" sc="250,15,250,-15,250,-15,240,15" hai0="26,31,32,60,66,69,88,95,132,135" hai3="18,22,24,54,59,73,78,81,89,94,96,116,119" /><INIT seed="0,1,1,1,2,17" ten="265,235,235,255" oya="0" hai0="32,100,95,84,120,108,15,112,10,8,92,122,113" hai1="24,41,76,13,73,66,128,33,75,19,79,49,36" hai2="132,86,52,34,96,126,54,44,5,37,16,121,129" hai3="87,130,42,123,97,0,18,78,51,111,109,71,14"/><T26/><D100/><U77/><E36/><V11/><F121/><N who="0" m="46698" /><D84/><U103/><E103/><V64/><F126/><W131/><G0/><T45/><D95/><U20/><E66/><V31/><F64/><W60/><G123/><T94/><D92/><U38/><E38/><V104/><F104/><W50/><G97/><T101/><D94/><U89/><E89/><V68/><F96/><W118/><G118/><T2/><D101/><U83/><E75/><V119/><F119/><W70/><G60/><T28/><D45/><U3/><E3/><V65/><F37/><W106/><G106/><T69/><D69/><N who="3" m="26121" /><G78/><T93/><D93/><U62/><E62/><V99/><F99/><W40/><G87/><T82/><D82/><U29/><E128/><N who="3" m="49194" /><G18/><N who="0" m="8567" /><D108/><N who="3" m="41545" /><G14/><T88/><D88/><U6/><E6/><AGARI ba="1,1" hai="2,6,8,26,28,32,112,113" m="8567,46698" machi="6" ten="30,2900,0" yaku="34,2" doraHai="17" who="0" fromWho="1" sc="265,42,235,-32,235,0,255,0" /><INIT seed="0,2,0,5,4,56" ten="307,203,235,255" oya="0" hai0="73,39,10,135,5,42,67,60,19,87,104,36,124" hai1="71,0,123,109,17,77,43,126,14,58,134,46,96" hai2="48,65,127,92,89,72,125,13,52,120,25,8,79" hai3="53,117,61,69,84,20,100,80,40,50,131,110,121"/><T85/><D19/><U41/><E71/><V111/><F111/><W34/><G34/><T75/><D87/><U2/><E109/><V31/><F120/><W119/><G110/><T103/><D85/><U64/><E123/><V24/><F79/><W12/><G121/><T128/><D128/><U93/><E77/><V108/><F72/><N who="0" m="27722" /><D42/><U23/><E43/><V78/><F78/><W45/><G100/><T101/><D101/><U11/><E11/><V35/><F25/><W27/><G12/><T106/><D124/><N who="2" m="47690" /><F65/><W99/><G99/><N who="0" m="61567" /><D106/><U118/><E126/><V22/><F108/><W7/><G7/><T76/><D76/><U15/><E15/><V18/><F89/><W105/><G105/><T1/><D135/><U107/><E107/><V91/><F91/><W116/><G131/><T114/><D114/><U54/><E134/><V37/><F92/><W29/><G40/><T102/><D102/><U3/><E93/><V133/><F133/><W62/><G69/><AGARI ba="2,0" hai="1,5,10,36,39,60,67,69" m="61567,27722" machi="69" ten="30,5800,0" yaku="33,2,52,1" doraHai="56" who="0" fromWho="3" sc="307,64,203,0,235,0,255,-64" /><INIT seed="0,3,0,5,5,83" ten="371,203,235,191" oya="0" hai0="25,46,81,119,97,55,9,48,78,101,134,80,39" hai1="88,6,113,109,124,53,36,66,13,26,92,37,70" hai2="54,11,14,52,90,32,56,120,59,10,63,128,21" hai3="73,20,135,65,1,72,129,60,104,96,102,50,16"/><T86/><D119/><U19/><E113/><V17/><F120/><W67/><G135/><T18/><D134/><U30/><E6/><V28/><F128/><W29/><G129/><T76/><D39/><U40/><E40/><V23/><F32/><W103/><G103/><T93/><D25/><U131/><E131/><V110/><F110/><W118/><G118/><T69/><D69/><U84/><E109/><V126/><F126/><W115/><G115/><T122/><D122/><U45/><E124/><V27/><REACH who="2" step="1"/><F90/><REACH who="2" ten="371,203,225,191" step="2"/><W98/><G102/><T3/><D3/><U111/><E111/><V127/><F127/><W51/><G1/><T5/><D5/><U95/><E70/><V68/><F68/><W130/><G130/><T133/><D133/><U85/><E66/><V41/><F41/><W105/><G65/><T61/><D61/><AGARI ba="3,1" hai="10,11,14,17,21,23,27,28,52,54,56,59,61,63" machi="61" ten="30,8000,1" yaku="1,1,7,1,9,1,8,1,54,1,53,0" doraHai="83" doraHaiUra="87" who="2" fromWho="0" sc="371,-89,203,0,225,99,191,0" /><INIT seed="1,0,0,0,2,74" ten="282,203,324,191" oya="1" hai0="121,76,133,15,125,92,39,28,27,57,128,13,32" hai1="60,25,63,46,88,106,55,113,115,101,80,103,129" hai2="59,53,109,98,5,134,78,83,90,52,3,97,58" hai3="131,105,9,49,43,41,82,122,135,108,45,85,11"/><U87/><E129/><V10/><F109/><W18/><G108/><T1/><D39/><U84/><E25/><V72/><F134/><W75/><G122/><T102/><D1/><U95/><E106/><V120/><F120/><W73/><G135/><T66/><D133/><U62/><E113/><V36/><F36/><W77/><G131/><T42/><D42/><U99/><E115/><V127/><F127/><W126/><G126/><T44/><D44/><U110/><E110/><V29/><F29/><W70/><G41/><T4/><D4/><U23/><E23/><V16/><F16/><W124/><G124/><T50/><D121/><U64/><E64/><V116/><F116/><W118/><G118/><T26/><D26/><U71/><E71/><V119/><F119/><W100/><G70/><T81/><D125/><U14/><E14/><V2/><F2/><W130/><G130/><T19/><D19/><U47/><E103/><V89/><F97/><W33/><G33/><T86/><D128/><U104/><REACH who="1" step="1"/><E55/><REACH who="1" ten="282,193,324,191" step="2"/><V114/><F114/><W40/><G100/><T8/><D66/><U69/><E69/><V68/><F68/><W17/><G105/><T123/><D32/><U34/><E34/><V48/><REACH who="2" step="1"/><F98/><REACH who="2" ten="282,193,314,191" step="2"/><W22/><G22/><N who="0" m="15479" /><D123/><U111/><E111/><V12/><F12/><W67/><G9/><T91/><D8/><U31/><E31/><V51/><AGARI ba="0,2" hai="3,5,10,48,51,52,53,58,59,72,78,83,89,90" machi="51" ten="20,12000,2" yaku="1,1,0,1,7,1,9,1,52,1,54,1,53,1" doraHai="74" doraHaiUra="7" who="2" fromWho="2" sc="282,-30,193,-60,314,140,191,-30" /><INIT seed="2,0,0,4,5,134" ten="252,133,454,161" oya="2" hai0="104,11,66,125,113,35,1,102,58,55,20,49,135" hai1="128,127,108,93,64,59,106,72,67,121,31,71,95" hai2="83,92,88,9,94,126,124,130,41,28,123,77,57" hai3="19,23,7,18,131,109,101,26,112,114,29,34,82"/><V99/><F123/><W32/><G101/><T117/><D35/><N who="3" m="13353" /><G82/><T132/><D113/><N who="3" m="43625" /><G109/><T76/><D76/><U119/><E106/><V43/><F130/><W17/><G7/><N who="0" m="1519" /><D20/><U116/><E108/><V30/><F57/><W60/><G60/><T54/><D54/><U44/><E121/><V120/><F120/><W65/><G65/><T0/><D0/><U12/><E67/><V21/><F9/><W39/><G39/><T97/><D66/><U36/><E59/><V84/><F94/><W15/><G131/><T14/><D14/><AGARI ba="0,0" hai="14,15,17,18,19,23,26,29" m="43625,13353" machi="14" ten="40,5200,0" yaku="11,1,34,2" doraHai="134" who="3" fromWho="0" sc="252,-52,133,0,454,0,161,52" /><INIT seed="3,0,0,1,0,12" ten="200,133,454,213" oya="3" hai0="124,17,104,11,3,133,130,131,63,56,62,118,115" hai1="132,43,5,15,96,14,78,4,109,23,95,54,87" hai2="7,75,117,37,50,112,42,35,90,98,22,110,126" hai3="48,31,103,0,26,27,18,76,68,91,55,28,122"/><W6/><G122/><T65/><D104/><U58/><E43/><V13/><F35/><W73/><G68/><T83/><D118/><U79/><E132/><V89/><F110/><W25/><G103/><T101/><D133/><U67/><E67/><V108/><F108/><W51/><G51/><T97/><D124/><U100/><E109/><V29/><F37/><W34/><G0/><T44/><D115/><U99/><E99/><V2/><F75/><W127/><G127/><T57/><D44/><U135/><E135/><V111/><F111/><W88/><G6/><T84/><D97/><U121/><E121/><V116/><F2/><W123/><G123/><T113/><D101/><U1/><E1/><V66/><F112/><W45/><G18/><T77/><D113/><U24/><E5/><V40/><F126/><W74/><G26/><T9/><D3/><U10/><E87/><V72/><F72/><W59/><G73/><T82/><D82/><U64/><E64/><V114/><F50/><W69/><G69/><T128/><D17/><N who="1" m="10679" /><E24/><V102/><F7/><W47/><G47/><T129/><N who="0" m="32768" /><DORA hai="21" /><T33/><D33/><U41/><E41/><V119/><F114/><W61/><G74/><T39/><D39/><U81/><E81/><V20/><F42/><W53/><G76/><T105/><D105/><U8/><E8/><V85/><F40/><W38/><G38/><T93/><D93/><U134/><E134/><V71/><F117/><W106/><G106/><T49/><D9/><U32/><E32/><AGARI ba="0,0" hai="25,27,28,31,32,34,45,48,53,55,59,61,88,91" machi="32" ten="30,12000,1" yaku="7,1,9,1,52,2,54,1" doraHai="12,21" who="3" fromWho="1" sc="200,0,133,-120,454,0,213,120" /><INIT seed="3,1,0,3,5,101" ten="200,13,454,333" oya="3" hai0="96,97,115,25,40,24,53,92,66,56,72,22,3" hai1="124,47,127,85,130,110,21,45,99,55,106,6,61" hai2="108,98,119,109,81,58,39,63,105,7,84,77,1" hai3="64,49,65,107,78,134,54,89,41,27,68,135,123"/><W70/><G78/><T118/><D3/><U95/><E6/><V14/><F119/><W17/><G89/><T71/><D72/><U67/><E85/><V12/><F39/><W37/><G27/><T4/><D4/><U114/><E114/><V31/><F1/><W103/><G17/><T86/><D71/><N who="3" m="27177" /><G107/><T23/><D66/><N who="3" m="25705" /><G103/><T0/><D0/><U116/><E116/><V8/><F31/><W28/><G28/><T126/><D86/><U2/><E2/><V88/><F14/><W16/><G16/><T94/><D23/><U32/><E67/><N who="2" m="39415" /><F105/><W79/><G79/><T122/><D22/><U52/><E32/><V76/><F98/><W117/><G123/><T38/><D97/><U34/><E34/><V9/><F9/><W13/><G13/><T69/><D96/><U60/><E21/><V33/><F33/><W43/><G117/><T131/><D24/><U129/><E95/><V75/><F75/><W125/><G125/><T46/><D25/><U128/><E99/><V133/><F77/><W120/><G120/><T18/><D94/><U15/><E15/><V90/><F90/><W36/><G36/><T91/><D126/><N who="1" m="48171" /><E106/><V73/><F73/><W20/><G20/><T10/><D122/><U29/><E29/><V57/><F76/><W111/><G111/><T82/><D92/><U102/><E110/><V113/><F109/><W93/><G93/><T19/><D69/><U11/><E102/><V26/><F108/><W48/><G37/><T112/><D38/><U42/><E11/><V50/><F8/><W44/><G41/><T74/><D40/><RYUUKYOKU ba="1,0" sc="200,-10,13,-10,454,-10,333,30" hai3="43,44,48,49,54,134,135" /><INIT seed="3,2,0,2,4,68" ten="190,3,444,363" oya="3" hai0="129,106,36,31,70,20,109,10,119,64,114,82,135" hai1="71,134,34,4,78,42,84,96,63,130,6,40,24" hai2="113,121,65,120,41,62,87,90,85,23,61,103,2" hai3="16,66,107,99,32,124,26,51,45,77,127,44,18"/><W102/><G77/><T33/><D20/><U133/><E130/><V105/><F113/><W100/><G100/><T108/><D10/><U3/><E96/><N who="2" m="61671" /><F2/><W50/><G66/><T49/><D49/><N who="3" m="18441" /><G32/><T101/><D82/><N who="1" m="47191" /><E3/><V112/><F112/><W72/><G72/><T104/><D101/><U56/><E71/><N who="2" m="42415" /><F41/><N who="1" m="15977" /><E24/><V97/><F62/><W8/><G8/><T115/><D31/><U69/><E69/><V17/><F90/><W126/><G26/><T95/><D106/><U12/><E34/><V9/><F9/><W73/><G73/><T125/><D64/><N who="1" m="39015" /><E12/><N who="2" m="9639" /><F97/><W21/><G21/><T131/><D115/><U58/><E58/><V92/><F92/><W93/><G93/><T47/><D95/><U111/><E111/><V5/><F5/><W116/><G116/><T53/><D129/><U7/><E7/><V94/><F94/><W79/><G79/><T118/><D109/><U110/><E110/><V29/><F29/><W67/><G67/><T57/><D57/><U123/><E123/><AGARI ba="2,0" hai="85,87,120,121,123" m="9639,42415,61671" machi="123" ten="30,1000,0" yaku="13,1" doraHai="68" who="2" fromWho="1" sc="190,0,3,-16,444,16,363,0" owari="190,-21.0,-13,-51.0,460,56.0,363,16.0" /></mjloggm>