<mjloggm ver="2.3"><GO type="97" lobby="0"/><UN n0="%E3%82%89%E3%82%8A%E3%81%8F%E3%81%BE" n1="%E5%B0%B1%E6%B4%BB%E7%94%9F%40%E5%B7%9D%E6%9D%91%E8%BB%8D%E5%9B%A3" n2="%E3%83%80%E3%83%80%E3%83%80%E3%83%80%E3%83%83%E3%83%81" n3="%2D%E3%82%84%E3%81%AF%E3%81%8E%2D" dan="15,15,13,14" rate="1958.92,1994.00,1842.15,1936.40" sx="M,M,M,M"/><TAIKYOKU oya="0"/><INIT seed="0,0,0,2,4,0" ten="250,250,250,250" oya="0" hai0="58,78,95,73,132,52,2,133,63,24,28,39,46" hai1="47,76,105,83,70,38,114,81,51,75,49,18,84" hai2="121,44,25,123,13,67,103,22,3,59,60,107,125" hai3="118,20,111,43,26,6,90,87,36,1,128,66,71"/><T41/><D2/><U40/><E70/><V109/><F3/><W85/><G111/><T110/><D110/><U61/><E105/><V27/><F109/><W33/><G118/><T45/><D45/><U126/><E114/><V98/><F125/><W21/><G71/><T134/><D95/><U30/><E126/><V100/><F100/><W79/><G66/><T82/><REACH who="0" step="1"/><D134/><REACH who="0" ten="240,250,250,250" step="2"/><U34/><E47/><V54/><F44/><W11/><G1/><T101/><D101/><U91/><E38/><V88/><F123/><W106/><G36/><T104/><D104/><U80/><E40/><V97/><F121/><W129/><G106/><T14/><D14/><U119/><E119/><V65/><F13/><W127/><G127/><T69/><D69/><U53/><E80/><V17/><F25/><W62/><G129/><T120/><D120/><U55/><E83/><V8/><F8/><W74/><G11/><T113/><D113/><U4/><E81/><V57/><F57/><W131/><G131/><T7/><D7/><U15/><E15/><V37/><F37/><W72/><G6/><T115/><D115/><U5/><E4/><V64/><F107/><W50/><G26/><T99/><D99/><U124/><E5/><V135/><F98/><W19/><G128/><T116/><D116/><U86/><E124/><V68/><F135/><W31/><G43/><T108/><D108/><U42/><E42/><V112/><F103/><W117/><G117/><T12/><D12/><U77/><E84/><V89/><F112/><W56/><G87/><T32/><AGARI ba="0,1" hai="24,28,32,39,41,46,52,58,63,73,78,82,132,133" machi="32" ten="30,11700,0" yaku="1,1,0,1,54,1,53,1" doraHai="0" doraHaiUra="23" who="0" fromWho="0" sc="240,127,250,-39,250,-39,250,-39" /><INIT seed="0,1,0,5,4,9" ten="367,211,211,211" oya="0" hai0="36,101,99,43,66,2,13,113,69,122,115,127,79" hai1="129,131,35,1,77,126,60,125,82,57,80,86,116" hai2="61,117,70,134,52,112,53,75,16,94,111,67,74" hai3="22,29,12,0,85,26,93,31,81,56,6,24,89"/><T107/><D2/><U42/><E35/><V124/><F112/><W8/><G56/><T21/><D127/><N who="1" m="48651" /><E1/><V23/><F124/><W84/><G0/><T63/><D79/><N who="1" m="46367" /><E42/><V50/><F111/><W83/><REACH who="3" step="1"/><G84/><REACH who="3" ten="367,211,211,201" step="2"/><T97/><D115/><U102/><E116/><V32/><F117/><W91/><G91/><T27/><D113/><U95/><E102/><V44/><F32/><AGARI ba="1,1" hai="6,8,12,22,24,26,29,31,32,81,83,85,89,93" machi="32" ten="30,3900,0" yaku="1,1,7,1,52,1,53,0" doraHai="9" doraHaiUra="128" who="3" fromWho="2" sc="367,0,211,0,211,-42,201,52" /><INIT seed="1,0,0,3,2,111" ten="367,211,169,253" oya="1" hai0="42,5,0,13,120,102,55,74,75,132,8,9,129" hai1="81,133,48,24,52,39,95,121,106,86,109,45,110" hai2="61,100,10,60,114,57,49,36,33,46,73,17,64" hai3="98,72,41,115,19,104,76,59,69,91,130,118,47"/><U83/><E106/><V54/><F33/><W11/><G69/><T34/><D34/><U6/><E121/><V66/><F73/><W88/><G115/><T113/><D129/><U124/><E39/><V125/><F10/><W62/><G130/><T85/><D132/><U26/><E124/><V15/><F125/><W119/><G72/><T20/><D113/><U23/><E133/><V2/><F2/><W71/><G71/><T107/><D42/><U50/><E6/><V63/><F15/><N who="3" m="7679" /><G76/><T77/><D20/><U101/><E48/><V78/><F17/><W40/><G104/><T67/><D67/><N who="2" m="25642" /><F78/><W7/><G7/><T122/><D85/><U53/><E53/><N who="2" m="29879" /><F100/><W38/><G41/><T18/><D75/><U117/><E117/><N who="3" m="44554" /><G98/><T108/><D77/><U70/><E70/><V94/><F94/><W28/><G28/><T22/><D74/><U123/><E123/><V35/><F35/><W1/><G1/><T58/><D102/><U105/><E105/><V131/><F114/><W87/><G87/><T51/><D107/><U25/><E23/><V126/><F131/><W12/><G12/><T68/><D68/><U96/><REACH who="1" step="1"/><E86/><REACH who="1" ten="367,201,169,253" step="2"/><V21/><F126/><W65/><AGARI ba="0,1" hai="38,40,47,59,62,65,88,91" m="44554,7679" machi="65" ten="30,2000,0" yaku="12,1,54,1" doraHai="111" who="3" fromWho="3" sc="367,-5,201,-10,169,-5,253,30" /><INIT seed="2,0,0,3,5,134" ten="362,191,164,283" oya="2" hai0="49,68,106,35,103,130,12,6,76,43,112,25,133" hai1="80,135,34,117,30,126,86,29,5,93,121,88,85" hai2="38,131,22,45,21,77,2,42,31,61,96,116,95" hai3="73,113,127,71,9,1,70,132,65,75,82,119,87"/><V37/><F116/><W8/><G119/><T59/><D130/><U129/><E117/><V24/><F2/><W123/><G123/><T27/><D68/><U128/><E135/><V90/><F77/><W39/><G132/><T11/><D76/><U3/><E121/><V15/><F131/><N who="1" m="50249" /><E126/><V125/><F125/><W114/><G127/><T97/><D112/><N who="3" m="43113" /><G39/><T69/><D69/><N who="3" m="26121" /><G65/><T110/><D27/><N who="1" m="18751" /><E30/><V10/><F61/><W18/><G18/><T122/><D25/><U17/><E17/><V20/><REACH who="2" step="1"/><F38/><REACH who="2" ten="362,191,154,283" step="2"/><W107/><G1/><T46/><D122/><U81/><E86/><V64/><F64/><W47/><G87/><T89/><D133/><U101/><E101/><V14/><F14/><W62/><G75/><T40/><D12/><U102/><E102/><V23/><F23/><W0/><G62/><T54/><D103/><U44/><E3/><V53/><F53/><W78/><G0/><T72/><D54/><U13/><E13/><V51/><F51/><W7/><G73/><T109/><D49/><U92/><E5/><AGARI ba="0,1" hai="5,10,15,20,21,22,24,31,37,42,45,90,95,96" machi="5" ten="30,2900,0" yaku="1,1,7,1,53,0" doraHai="134" doraHaiUra="32" who="2" fromWho="1" sc="362,0,191,-29,154,39,283,0" /><INIT seed="2,1,0,4,4,118" ten="362,162,193,283" oya="2" hai0="27,24,75,97,39,3,31,34,87,55,26,120,79" hai1="94,103,13,78,45,42,130,91,48,116,107,135,114" hai2="124,86,115,7,56,6,38,62,23,44,85,35,58" hai3="51,47,74,131,81,123,89,121,73,17,105,80,33"/><V0/><F115/><W70/><G33/><T122/><D39/><U61/><E114/><V108/><F35/><W88/><G70/><T49/><D75/><N who="3" m="28681" /><G17/><T54/><D3/><U106/><E116/><V32/><F32/><W36/><G36/><T76/><D34/><U30/><E130/><V100/><F0/><W10/><G10/><T98/><D31/><U59/><E135/><V83/><F23/><W128/><G105/><T132/><D87/><U71/><E71/><V101/><F38/><W72/><G47/><T127/><D127/><U46/><E30/><V2/><F44/><W102/><G51/><T99/><D132/><U29/><E29/><V67/><F2/><W82/><G102/><T37/><D37/><U28/><E28/><V18/><F18/><W66/><N who="3" m="28689" /><W112/><DORA hai="8" /><G66/><T84/><D84/><U50/><E103/><V52/><F86/><W5/><G5/><N who="2" m="1545" /><F124/><W92/><G112/><T77/><D49/><U109/><E109/><V113/><F113/><W125/><G125/><T63/><D63/><U53/><E78/><N who="2" m="46327" /><F108/><W4/><G4/><T19/><D19/><U110/><E110/><V15/><F15/><W11/><G11/><T111/><D111/><U117/><E13/><V16/><F16/><W60/><G60/><AGARI ba="1,0" hai="52,56,58,60,62,67,100,101" m="46327,1545" machi="60" ten="30,2900,0" yaku="8,1,54,1" doraHai="118,8" who="2" fromWho="3" sc="362,0,162,0,193,32,283,-32" /><INIT seed="2,2,0,0,5,82" ten="362,162,225,251" oya="2" hai0="56,129,95,24,135,19,115,37,131,29,128,132,28" hai1="33,32,102,55,11,38,86,127,16,83,51,18,42" hai2="119,117,103,27,26,15,58,111,62,100,61,85,65" hai3="68,134,21,25,8,59,41,105,113,79,122,64,31"/><V17/><F111/><W36/><G122/><T124/><D37/><U7/><E127/><V92/><F119/><W52/><G105/><T43/><D43/><U116/><E116/><V81/><F62/><W89/><G134/><N who="0" m="51243" /><D115/><U14/><E102/><N who="2" m="38955" /><F92/><W67/><G113/><T120/><D120/><U133/><E133/><V50/><F50/><W78/><G8/><T0/><D0/><U23/><E38/><V4/><F4/><W123/><G123/><T118/><D118/><U60/><E60/><V109/><F109/><W46/><G46/><T126/><D56/><U63/><E63/><V77/><F117/><W101/><G101/><T9/><D95/><U47/><E42/><V93/><F93/><W107/><G107/><T53/><D53/><U12/><REACH who="1" step="1"/><E7/><REACH who="1" ten="362,152,225,251" step="2"/><V13/><F17/><W2/><G36/><T98/><D19/><U45/><E45/><V97/><F97/><W125/><G41/><T94/><D9/><U6/><E6/><V54/><F65/><W40/><G67/><T76/><D24/><AGARI ba="2,1" hai="13,15,24,26,27,54,58,61,77,81,85" m="38955" machi="24" ten="30,2900,0" yaku="8,1,52,1" doraHai="82" who="2" fromWho="0" sc="362,-35,152,0,225,45,251,0" /><INIT seed="2,3,0,0,4,15" ten="327,152,270,251" oya="2" hai0="10,40,55,52,53,51,25,94,128,1,22,81,58" hai1="39,104,109,134,108,64,56,82,16,98,38,4,11" hai2="77,17,13,106,97,35,131,130,72,28,9,84,117" hai3="68,21,47,12,32,46,89,31,19,62,79,115,85"/><V73/><F117/><W102/><G79/><T80/><D128/><U50/><E134/><V78/><F84/><W133/><G102/><T54/><D40/><U127/><E127/><V20/><F20/><W101/><G101/><T48/><D48/><U86/><E98/><V57/><F57/><W18/><G133/><T88/><D10/><U76/><E104/><V23/><F97/><W2/><G2/><T118/><D1/><U93/><E93/><V67/><F67/><W112/><G32/><T66/><D66/><U30/><E30/><V65/><F65/><N who="3" m="41015" /><G31/><N who="0" m="17847" /><D118/><U34/><E34/><V45/><F45/><N who="3" m="16907" /><G21/><T7/><D7/><U105/><E105/><V41/><F23/><W74/><G12/><T125/><D125/><U119/><E119/><V92/><F106/><W87/><G74/><T83/><D83/><U124/><E124/><V26/><F73/><W33/><G33/><T42/><D42/><U43/><E43/><V14/><F41/><W49/><G49/><T122/><D122/><U71/><E71/><V116/><F116/><W69/><G69/><T3/><D3/><U123/><E123/><V36/><F13/><W121/><G121/><T60/><D51/><U61/><E50/><V59/><F72/><W8/><G8/><T0/><D0/><U111/><REACH who="1" step="1"/><E4/><REACH who="1" ten="327,142,270,251" step="2"/><V75/><F131/><W70/><G70/><T27/><D81/><U37/><E37/><V24/><F36/><W135/><G135/><T44/><D80/><U129/><E129/><V126/><F130/><W107/><G107/><T90/><D94/><U132/><E132/><V103/><F92/><RYUUKYOKU ba="3,1" sc="327,-10,142,30,270,-10,251,-10" hai1="11,16,38,39,56,61,64,76,82,86,108,109,111" /><INIT seed="3,4,1,5,2,64" ten="317,172,260,241" oya="3" hai0="57,36,6,121,40,85,87,48,15,54,79,46,114" hai1="19,119,106,74,80,102,3,62,35,61,111,60,22" hai2="101,14,1,75,50,112,122,10,97,5,67,47,65" hai3="31,4,88,17,95,130,109,103,26,107,100,94,45"/><W134/><G134/><T108/><D108/><U78/><E35/><V66/><F112/><W53/><G107/><T76/><D121/><U25/><E3/><V9/><F122/><W135/><G135/><T23/><D114/><U127/><E119/><V38/><F38/><W33/><G130/><T16/><D6/><U99/><E111/><V128/><F75/><W131/><G109/><T110/><D110/><U93/><E127/><V71/><F1/><W39/><G131/><T81/><D87/><U70/><REACH who="1" step="1"/><E106/><REACH who="1" ten="317,162,260,241" step="2"/><V115/><F115/><W73/><G73/><T98/><D98/><U96/><E96/><V117/><F117/><W29/><G33/><T120/><D120/><U7/><E7/><V89/><F128/><W18/><G4/><T72/><D72/><U24/><E24/><V132/><F132/><W84/><G95/><T43/><D43/><U2/><E2/><V124/><F124/><W59/><G26/><T105/><D105/><U92/><E92/><V118/><F118/><W82/><G94/><T51/><D36/><U42/><E42/><V58/><F5/><W34/><G39/><T56/><D56/><U63/><E63/><V8/><F58/><W12/><G59/><T86/><D86/><U32/><E32/><V83/><F101/><W123/><G34/><T41/><D41/><U28/><E28/><V126/><F97/><W113/><G31/><T13/><D15/><U30/><E30/><V21/><F14/><W68/><G29/><T37/><D37/><U52/><E52/><V0/><F126/><W104/><G123/><T44/><D57/><RYUUKYOKU ba="4,2" sc="317,15,162,15,260,-15,241,-15" hai0="13,16,23,40,44,46,48,51,54,76,79,81,85" hai1="19,22,25,60,61,62,70,74,78,80,93,99,102" owari="352,44.0,177,-32.0,245,5.0,226,-17.0" /></mjloggm>