<mjloggm ver="2.3"><GO type="169" lobby="0"/><UN n0="%2A%E3%81%B6%E3%81%A3%E3%81%A1%2A" n1="%E3%82%A6%E3%83%AB%E3%83%88%E3%83%A9%E7%AB%8B%E7%9B%B4" n2="%74%65%6E%6B%65%79%33" n3="%6B%61%69%2D%6B%75%6E" dan="16,18,16,16" rate="2128.62,2211.93,2033.87,2144.09" sx="M,M,M,M"/><TAIKYOKU oya="0"/><INIT seed="0,0,0,3,5,134" ten="250,250,250,250" oya="0" hai0="84,114,128,127,30,19,39,76,26,44,75,109,61" hai1="1,57,87,13,130,24,55,99,54,41,8,2,116" hai2="74,105,83,22,60,15,43,132,7,131,92,38,37" hai3="126,80,3,111,129,64,25,46,14,97,69,65,121"/><T124/><D75/><U101/><E116/><V28/><F105/><W33/><G3/><T63/><D114/><U77/><E130/><V118/><F131/><W62/><G129/><T11/><D128/><U50/><E41/><V10/><F132/><W59/><G121/><T40/><D109/><U117/><E117/><V53/><F118/><W52/><G126/><N who="0" m="48171" /><D11/><U120/><E24/><V91/><F43/><W106/><G111/><T56/><D19/><U20/><E20/><V32/><F32/><W113/><G113/><T42/><D42/><U17/><E120/><V82/><F22/><W102/><G14/><T12/><D12/><U103/><E17/><V4/><F28/><W71/><G80/><N who="0" m="47111" /><D56/><U112/><E57/><V73/><F4/><W27/><G46/><T88/><D88/><U123/><E13/><V67/><F73/><W18/><G59/><T72/><D72/><U95/><E8/><V9/><F9/><W21/><G69/><T78/><D78/><U58/><E77/><V110/><F74/><W96/><G71/><T115/><D115/><U48/><E112/><V35/><F10/><W6/><G18/><T108/><D108/><U31/><E58/><V93/><F110/><W16/><G16/><T125/><N who="0" m="48179" /><T86/><DORA hai="45" /><D86/><U51/><E87/><V66/><F7/><W104/><G6/><T85/><D85/><U107/><E1/><V70/><F70/><W47/><G47/><T90/><D90/><U98/><E2/><V100/><F91/><W89/><G89/><T68/><D68/><U94/><E123/><V36/><F100/><RYUUKYOKU ba="0,0" sc="250,30,250,-10,250,-10,250,-10" hai0="26,30,39,40,44,61,63" /><INIT seed="0,1,0,2,1,64" ten="280,240,240,240" oya="0" hai0="6,102,120,96,35,83,88,44,55,29,18,85,100" hai1="41,53,124,130,8,23,86,36,1,26,30,51,40" hai2="89,28,59,52,45,46,32,7,118,104,93,84,11" hai3="97,113,91,49,39,66,4,129,70,135,38,10,79"/><T43/><D120/><U50/><E36/><V80/><F104/><W106/><G113/><T31/><D102/><U71/><E124/><V99/><F118/><W98/><G129/><T68/><D35/><U133/><E130/><V90/><F28/><W21/><G135/><T3/><D55/><U117/><E133/><V5/><F32/><W77/><G21/><T13/><D6/><U76/><E117/><V58/><F58/><W78/><G49/><T9/><D3/><U16/><E71/><V82/><F82/><W12/><G91/><T95/><REACH who="0" step="1"/><D68/><REACH who="0" ten="270,240,240,240" step="2"/><U75/><E1/><V54/><F54/><W101/><G70/><T57/><D57/><U48/><E53/><V81/><F5/><W126/><G66/><T87/><D87/><U61/><E75/><V42/><F42/><W63/><G63/><T73/><D73/><U14/><E61/><V27/><F59/><W15/><G98/><T47/><D47/><U24/><E40/><V127/><F46/><W67/><G67/><T119/><D119/><U22/><E41/><V92/><F45/><W115/><G4/><T121/><D121/><U123/><E123/><V103/><F52/><W131/><G97/><T108/><D108/><U105/><E86/><V94/><F84/><W116/><G101/><T114/><D114/><U109/><E109/><V132/><F103/><W37/><G116/><T74/><D74/><U25/><E105/><V34/><F132/><W65/><G115/><T60/><D60/><U0/><E0/><V111/><F111/><W125/><G65/><T122/><D122/><U107/><E107/><RYUUKYOKU ba="1,1" sc="270,30,240,-10,240,-10,240,-10" hai0="9,13,18,29,31,43,44,83,85,88,95,96,100" /><INIT seed="0,2,1,1,3,38" ten="300,230,230,230" oya="0" hai0="54,74,119,52,76,36,124,55,107,118,110,53,98" hai1="33,1,103,109,8,108,3,48,34,101,99,4,30" hai2="35,71,25,10,23,46,115,43,100,125,93,87,121" hai3="79,88,41,70,57,131,67,102,26,64,62,21,61"/><T130/><D130/><U68/><E68/><V16/><F121/><W42/><G131/><T50/><D124/><U117/><E117/><V122/><F122/><W2/><G2/><T75/><D36/><U49/><E30/><V12/><F115/><W86/><G102/><T69/><D69/><U17/><E17/><V112/><F112/><W133/><G79/><T32/><D32/><U96/><E8/><V9/><F71/><W91/><G133/><T116/><D110/><U60/><E60/><V11/><F125/><W37/><G37/><T126/><D126/><U24/><E24/><V73/><F73/><W20/><G20/><T128/><D128/><U14/><E14/><V72/><F72/><W29/><REACH who="3" step="1"/><G88/><REACH who="3" ten="300,230,230,220" step="2"/><T80/><D118/><U113/><E113/><V77/><F77/><W95/><AGARI ba="2,2" hai="21,26,29,41,42,57,61,62,64,67,70,86,91,95" machi="95" ten="20,12000,2" yaku="1,1,2,1,0,1,7,1,52,2,53,0" doraHai="38" doraHaiUra="44" who="3" fromWho="3" sc="300,-62,230,-32,230,-32,220,146" /><INIT seed="1,0,0,3,4,74" ten="238,198,198,366" oya="1" hai0="8,25,30,36,97,84,65,86,78,102,10,111,22" hai1="59,127,118,12,41,128,88,46,3,129,6,28,56" hai2="9,39,66,126,106,60,18,50,131,113,119,23,104" hai3="87,14,4,117,79,64,31,57,62,116,75,67,99"/><U92/><E3/><V101/><F39/><W17/><G31/><T134/><D111/><U89/><E118/><N who="3" m="45674" /><G4/><T122/><D134/><U53/><E28/><V125/><F119/><W1/><G1/><T38/><D122/><U109/><E127/><V33/><F33/><W15/><G75/><T71/><D38/><U55/><E109/><V98/><F131/><N who="1" m="50249" /><E12/><N who="3" m="4650" /><G17/><T19/><D36/><N who="1" m="21799" /><E6/><V7/><F106/><W93/><G67/><T76/><D30/><U70/><E70/><V69/><F50/><W120/><G120/><T110/><D65/><U13/><E13/><V132/><F132/><W124/><G124/><N who="2" m="47721" /><F113/><W35/><G35/><T91/><D71/><U49/><E92/><V47/><F47/><W58/><G58/><T48/><D110/><U112/><E112/><V16/><F23/><W27/><G27/><T32/><D32/><U44/><E59/><V21/><F21/><W54/><G93/><T43/><D22/><U94/><E94/><V83/><F83/><N who="3" m="47615" /><G99/><T29/><D97/><U24/><E24/><V5/><F5/><W82/><G82/><T40/><D25/><U26/><E26/><V52/><F52/><N who="1" m="20041" /><E56/><V85/><F85/><W20/><G54/><AGARI ba="0,0" hai="44,49,54,88,89" m="20041,21799,50249" machi="54" ten="30,5800,0" yaku="19,1,54,2" doraHai="74" who="1" fromWho="3" sc="238,0,198,58,198,0,366,-58" /><INIT seed="1,1,0,1,0,101" ten="238,256,198,308" oya="1" hai0="14,11,114,126,47,109,27,125,100,127,86,108,8" hai1="22,84,13,107,55,46,30,73,85,45,122,74,33" hai2="10,99,110,128,52,78,106,41,58,119,3,2,90" hai3="116,91,49,65,120,66,16,75,132,28,37,25,60"/><U79/><E122/><V57/><F119/><W95/><G120/><T89/><D114/><U67/><E33/><V77/><F41/><W31/><G116/><T115/><D115/><U135/><E67/><V48/><F110/><N who="0" m="42602" /><D27/><U1/><E1/><V92/><F128/><W133/><G75/><T118/><D118/><U20/><E13/><V23/><F58/><W121/><G37/><T103/><D47/><U56/><E79/><V53/><F53/><W111/><G111/><T62/><D62/><U7/><E7/><V93/><F23/><N who="3" m="13543" /><G49/><T63/><D63/><U35/><E55/><V59/><F59/><N who="3" m="37023" /><G66/><T82/><D8/><U6/><E56/><V130/><F130/><W0/><G0/><T129/><D129/><U117/><E117/><V12/><F3/><W29/><G121/><T54/><D54/><U71/><E35/><V68/><F2/><W81/><G81/><T123/><D123/><U76/><E46/><V38/><F68/><W80/><G80/><T131/><D131/><U17/><E45/><V51/><F38/><W69/><G69/><T96/><D96/><U72/><E71/><V39/><F39/><W4/><G4/><AGARI ba="1,0" hai="4,11,14,82,86,89,100,103,125,126,127" m="42602" machi="4" ten="40,2600,0" yaku="18,1,14,1" doraHai="101" who="0" fromWho="3" sc="238,29,256,0,198,0,308,-29" /><INIT seed="2,0,0,5,2,63" ten="267,256,198,279" oya="2" hai0="135,33,89,128,106,74,41,112,32,110,35,56,123" hai1="7,94,50,79,115,60,19,92,73,34,58,31,25" hai2="27,67,107,114,83,51,133,52,77,22,46,20,119" hai3="30,43,87,70,111,86,69,18,16,96,125,59,11"/><V42/><F119/><W57/><G125/><T14/><D123/><U66/><E115/><V117/><F117/><W68/><G111/><T118/><D112/><U37/><E37/><V100/><F114/><W17/><G96/><T82/><D118/><U49/><E7/><V71/><F133/><W3/><G30/><T48/><D110/><U97/><E94/><V26/><F42/><W102/><G102/><T99/><D128/><U85/><E85/><V103/><F107/><W40/><G3/><T95/><D106/><U10/><E10/><V38/><F38/><W113/><G11/><T132/><D14/><U12/><E12/><V80/><F80/><W45/><G113/><T75/><D82/><U23/><E34/><V2/><F2/><W91/><G91/><T62/><D48/><U105/><E105/><V53/><F53/><W55/><G45/><T116/><D41/><N who="3" m="15945" /><G55/><T120/><D120/><U6/><E6/><V54/><F54/><W21/><G21/><N who="2" m="8297" /><F71/><W127/><G127/><T81/><D116/><U121/><E121/><V65/><F103/><W108/><G108/><T0/><D0/><U13/><E13/><V61/><F100/><W76/><G76/><T88/><D89/><N who="1" m="55439" /><E19/><V64/><F61/><W24/><G24/><T101/><D101/><U104/><E104/><V109/><F109/><W126/><G126/><T29/><D29/><U39/><E39/><V28/><F28/><W44/><G44/><T93/><D93/><U8/><E8/><V129/><F129/><W84/><AGARI ba="0,0" hai="16,17,18,57,59,68,69,70,84,86,87" m="15945" machi="84" ten="40,8000,1" yaku="29,2,28,2,54,1" doraHai="63" who="3" fromWho="3" sc="267,-20,256,-20,198,-40,279,80" /><INIT seed="3,0,0,2,1,132" ten="247,236,158,359" oya="3" hai0="81,10,97,35,79,53,76,49,98,103,82,41,24" hai1="126,15,51,80,45,2,27,95,40,99,68,67,25" hai2="125,9,100,110,64,130,92,89,91,120,7,5,84" hai3="33,90,77,108,8,109,28,66,69,88,34,116,133"/><W46/><G116/><T4/><D41/><U74/><E2/><V57/><F120/><W128/><G133/><T117/><D117/><U61/><E15/><V106/><F106/><W62/><G128/><T56/><D35/><U42/><E42/><V22/><F130/><W73/><G8/><T71/><D24/><U39/><E51/><V85/><F100/><W59/><G46/><T105/><D71/><U83/><E126/><V72/><F72/><W121/><G121/><T112/><D97/><U96/><E96/><V16/><F125/><W38/><G38/><T134/><D112/><U107/><E107/><V58/><F110/><N who="3" m="42603" /><G69/><T122/><D122/><U52/><E52/><V13/><F64/><W17/><G17/><T75/><D134/><U23/><E74/><V118/><F118/><W123/><G123/><T115/><D115/><U101/><E27/><V78/><F78/><W129/><G129/><T131/><D131/><U26/><E25/><V55/><F9/><W36/><G36/><T37/><D37/><U14/><E14/><V44/><F44/><W12/><G12/><T3/><D76/><U1/><E1/><V113/><F113/><W104/><G104/><T31/><REACH who="0" step="1"/><D82/><REACH who="0" ten="237,236,158,359" step="2"/><U135/><E135/><V65/><F65/><W93/><G34/><T32/><D32/><U30/><AGARI ba="0,1" hai="23,26,30,39,40,45,61,67,68,80,83,95,99,101" machi="30" ten="20,1500,0" yaku="0,1,7,1" doraHai="132" who="1" fromWho="1" sc="237,-4,236,25,158,-4,359,-7" /><INIT seed="4,0,0,3,2,14" ten="233,261,154,352" oya="0" hai0="44,8,1,126,85,83,65,25,43,93,127,74,11" hai1="16,87,108,12,95,62,111,40,60,122,72,66,67" hai2="29,123,90,17,73,51,110,42,99,18,70,112,59" hai3="48,26,116,114,98,19,76,68,36,118,113,130,89"/><T133/><D133/><U121/><E72/><V3/><F123/><W117/><G36/><T101/><D74/><U4/><E4/><V10/><F70/><W61/><G76/><T109/><D65/><U84/><E40/><V96/><F110/><W106/><G48/><T56/><D56/><U57/><E95/><V33/><F73/><W45/><G45/><T115/><D109/><U20/><E111/><V132/><F132/><W31/><G19/><T119/><D119/><U125/><E108/><V23/><F33/><N who="3" m="20727" /><G89/><N who="0" m="51391" /><D1/><U47/><E47/><N who="2" m="26103" /><F3/><W79/><G79/><T102/><D25/><U131/><E131/><V46/><F46/><W35/><G35/><T2/><D2/><U0/><E0/><V7/><F112/><N who="3" m="43115" /><G130/><T128/><D115/><U21/><E125/><N who="0" m="47625" /><D128/><U81/><E122/><V86/><F59/><W77/><G77/><T34/><D34/><U82/><E121/><V88/><F7/><W32/><G32/><T54/><D54/><U91/><E66/><V71/><F71/><W22/><G118/><T28/><D28/><U49/><E67/><V103/><F103/><N who="0" m="39434" /><D93/><U24/><E57/><V52/><F52/><W5/><G68/><T135/><D135/><U37/><E37/><AGARI ba="0,0" hai="8,11,37,43,44" m="39434,47625,51391" machi="37" ten="30,1500,0" yaku="18,1" doraHai="14" who="0" fromWho="1" sc="233,15,261,-15,154,0,352,0" /><INIT seed="4,1,0,4,2,5" ten="248,246,154,352" oya="0" hai0="125,26,0,24,10,82,53,49,43,23,113,48,71" hai1="51,14,108,80,31,61,101,114,52,109,30,7,12" hai2="93,85,41,107,60,21,77,79,70,111,78,40,17" hai3="89,90,37,130,118,98,34,32,103,76,92,133,57"/><T39/><D71/><U66/><E114/><V13/><F107/><W69/><G69/><T25/><D113/><U134/><E134/><V106/><F106/><W50/><G37/><T47/><D125/><U29/><E101/><V59/><F70/><W81/><G118/><T102/><D102/><U11/><E80/><V72/><F72/><W8/><G133/><T132/><D132/><U122/><E122/><V46/><F111/><W22/><G130/><T120/><D120/><U65/><E14/><V6/><F6/><W35/><G22/><T97/><D97/><U91/><E91/><V99/><F85/><W95/><G50/><T87/><D23/><U1/><E1/><V45/><F41/><W54/><G8/><T131/><D131/><U42/><E42/><V15/><F15/><W68/><G68/><T62/><D62/><U44/><REACH who="1" step="1"/><E61/><REACH who="1" ten="248,236,154,352" step="2"/><V28/><F40/><W73/><G90/><T64/><D0/><U56/><E56/><V94/><F46/><W27/><G57/><N who="0" m="32943" /><D39/><U58/><E58/><V38/><F38/><W67/><G89/><N who="0" m="51447" /><D64/><AGARI ba="1,1" hai="7,11,12,29,30,31,44,51,52,64,65,66,108,109" machi="64" ten="40,5200,0" yaku="1,1,52,1,54,1,53,0" doraHai="5" doraHaiUra="18" who="1" fromWho="0" sc="248,-55,236,65,154,0,352,0" /><INIT seed="5,0,0,5,3,88" ten="193,301,154,352" oya="1" hai0="65,111,56,15,105,129,108,27,86,95,0,24,75" hai1="84,46,99,12,130,31,102,74,44,28,109,114,121" hai2="94,132,53,91,133,135,93,85,9,92,33,66,73" hai3="13,118,43,79,110,59,72,37,125,81,101,126,60"/><U62/><E121/><V21/><F33/><W45/><G118/><T103/><D0/><U6/><E74/><V69/><F73/><W3/><G110/><T52/><D75/><U128/><E109/><V47/><F9/><W124/><G101/><T26/><D105/><U116/><E116/><V122/><F122/><W58/><G3/><T100/><D65/><U30/><E114/><V77/><F77/><W35/><G35/><T112/><D112/><U51/><E62/><N who="2" m="40151" /><F21/><W70/><G13/><T134/><D129/><N who="1" m="49771" /><E84/><V48/><AGARI ba="0,0" hai="47,48,53,85,91,92,93,94,132,133,135" m="40151" machi="48" ten="40,8000,1" yaku="20,1,52,3" doraHai="88" who="2" fromWho="2" sc="193,-20,301,-40,154,80,352,-20" /><INIT seed="6,0,0,5,0,73" ten="173,261,234,332" oya="2" hai0="1,130,85,58,123,61,48,125,132,67,44,128,37" hai1="65,71,75,110,81,60,30,34,104,5,121,53,100" hai2="26,10,45,49,52,118,0,4,17,36,79,46,22" hai3="109,31,86,87,108,133,21,9,101,69,24,122,107"/><V131/><F118/><W47/><G122/><T120/><D1/><U39/><E53/><V89/><F131/><N who="0" m="50218" /><D85/><U64/><E65/><V117/><F117/><W56/><G133/><T129/><N who="0" m="50226" /><T51/><DORA hai="50" /><D132/><U72/><E5/><V13/><F89/><W106/><G69/><T2/><D2/><U15/><E15/><V91/><F91/><W28/><G28/><T68/><D125/><U78/><E110/><V12/><REACH who="2" step="1"/><F79/><REACH who="2" ten="173,261,224,332" step="2"/><W83/><G108/><T18/><D18/><U82/><E121/><N who="0" m="46665" /><D68/><U42/><E81/><V95/><F95/><W103/><G83/><T112/><D112/><U102/><E82/><V99/><F99/><W7/><G109/><T20/><D20/><U38/><E78/><V77/><F77/><W23/><G23/><T8/><D8/><U6/><E71/><V43/><AGARI ba="0,1" hai="0,4,10,12,13,17,22,26,36,43,45,46,49,52" machi="43" ten="30,11700,0" yaku="1,1,0,1,52,1,54,1,53,0" doraHai="73,50" doraHaiUra="62,66" who="2" fromWho="2" sc="173,-39,261,-39,224,127,332,-39" /><INIT seed="6,1,0,5,2,127" ten="134,222,351,293" oya="2" hai0="101,100,76,33,58,43,107,106,96,111,120,62,9" hai1="117,94,99,133,114,51,110,132,16,86,74,45,14" hai2="83,3,38,52,125,81,5,124,60,85,104,89,17" hai3="36,23,109,115,79,30,15,118,61,88,44,121,92"/><V70/><F104/><W25/><G118/><T63/><D111/><U122/><E74/><V28/><F38/><W19/><G109/><T42/><D120/><U39/><E39/><V29/><F17/><W48/><G121/><T8/><D33/><U50/><E110/><V49/><F81/><W20/><G115/><T13/><D76/><U53/><E122/><V135/><F135/><W128/><G128/><T116/><D116/><U75/><E75/><V2/><F70/><W6/><G36/><T0/><D0/><U32/><E32/><V22/><F60/><W112/><G112/><T10/><D13/><U31/><E31/><V55/><F55/><W134/><G134/><T90/><D90/><U24/><E24/><V11/><F2/><W12/><G61/><T98/><REACH who="0" step="1"/><D63/><REACH who="0" ten="124,222,351,293" step="2"/><U80/><E117/><V119/><F119/><W82/><G12/><T84/><D84/><U129/><E114/><V7/><F85/><W67/><G79/><T40/><D40/><U131/><E86/><V78/><F78/><W91/><G91/><T71/><D71/><U102/><E133/><V4/><F3/><W27/><G15/><T77/><D77/><U18/><E132/><V64/><F89/><W34/><G34/><T66/><AGARI ba="1,1" hai="8,9,10,42,43,58,62,66,96,98,100,101,106,107" machi="66" ten="30,4000,0" yaku="1,1,0,1,9,1,53,0" doraHai="127" doraHaiUra="72" who="0" fromWho="0" sc="124,53,222,-11,351,-21,293,-11" /><INIT seed="7,0,0,4,2,22" ten="177,211,330,282" oya="3" hai0="12,53,62,48,26,51,116,18,36,101,82,83,102" hai1="110,129,87,17,21,19,113,66,134,2,46,72,68" hai2="96,93,34,5,97,29,39,108,7,47,44,59,28" hai3="3,84,111,99,130,9,61,133,13,104,54,89,75"/><W1/><G75/><T16/><D36/><U41/><E2/><V132/><F108/><W42/><G42/><T73/><D73/><U81/><E110/><V107/><F107/><W6/><G111/><T86/><D116/><U37/><E72/><V78/><F78/><W115/><G133/><T131/><D131/><U10/><E129/><V64/><F132/><W0/><G130/><T74/><D74/><U92/><E92/><V40/><F44/><W15/><G115/><T20/><D62/><U8/><E134/><V127/><F127/><W60/><G15/><T95/><D48/><U90/><E113/><V119/><F119/><W126/><G126/><T45/><D95/><U80/><E80/><N who="0" m="30761" /><D86/><U122/><E122/><V11/><F5/><W31/><G31/><T124/><D124/><U114/><E114/><V27/><F29/><W121/><G121/><T69/><D69/><U103/><E103/><V85/><F85/><W106/><G54/><T33/><D33/><U100/><E100/><V30/><F30/><W24/><G24/><T65/><D65/><U38/><E38/><V118/><F118/><W105/><REACH who="3" step="1"/><G99/><REACH who="3" ten="177,211,330,272" step="2"/><T35/><D35/><U79/><E79/><V52/><F64/><W25/><G25/><T4/><D4/><U55/><E55/><V70/><F97/><W58/><G58/><T76/><D76/><U67/><E66/><V49/><F70/><W50/><G50/><T125/><D125/><U98/><E98/><V71/><F71/><W88/><G88/><T91/><D91/><U14/><E67/><V123/><F123/><W63/><G63/><RYUUKYOKU ba="0,1" sc="177,15,211,-15,330,-15,272,15" hai0="12,16,18,20,26,45,51,53,101,102" hai3="0,1,3,6,9,13,60,61,84,89,104,105,106" /><INIT seed="7,1,1,1,5,116" ten="192,196,315,287" oya="3" hai0="117,42,104,124,120,73,89,77,56,109,7,135,23" hai1="51,58,131,1,108,52,55,59,111,12,20,128,110" hai2="36,9,80,112,5,0,93,90,113,86,44,87,39" hai3="74,121,31,103,26,94,72,57,48,28,30,125,13"/><W130/><G121/><T50/><D109/><U97/><E1/><V88/><REACH who="2" step="1"/><F44/><REACH who="2" ten="192,196,305,287" step="2"/><W60/><G125/><T8/><D124/><U16/><REACH who="1" step="1"/><E97/><REACH who="1" ten="192,186,305,287" step="2"/><V37/><AGARI ba="1,3" hai="0,5,9,36,37,39,80,86,87,88,90,93,112,113" machi="37" ten="40,12000,2" yaku="21,2,2,1,0,1,54,1,53,1" doraHai="116" doraHaiUra="4" who="2" fromWho="2" sc="192,-31,186,-31,305,153,287,-61" owari="161,-24.0,155,-34.0,458,55.0,226,3.0" /></mjloggm>