<mjloggm ver="2.3"><GO type="41" lobby="0"/><UN n0="%E5%B0%B1%E6%B4%BB%E7%94%9F%40%E5%B7%9D%E6%9D%91%E8%BB%8D%E5%9B%A3" n1="%E5%A6%B9%E5%B0%BE%E4%BD%B3%E7%B9%94" n2="%E5%93%80%E3%83%BB%E6%88%A6%E5%A3%AB" n3="%68%69%72%6F%74%61%72%6F" dan="15,13,13,14" rate="1978.22,1993.82,1924.09,1960.12" sx="M,F,M,M"/><TAIKYOKU oya="0"/><INIT seed="0,0,0,0,5,9" ten="250,250,250,250" oya="0" hai0="0,58,99,82,133,132,55,112,3,10,81,47,135" hai1="11,40,93,15,83,28,70,49,134,103,65,54,77" hai2="26,67,128,115,36,95,20,16,21,35,8,44,105" hai3="89,107,56,61,43,66,101,18,45,117,48,53,114"/><T78/><D112/><U64/><E70/><V85/><F115/><W124/><G117/><T2/><D47/><U46/><E28/><V73/><F105/><W34/><G34/><T113/><D113/><U76/><E134/><V123/><F73/><W94/><G114/><T106/><D10/><U63/><E63/><V33/><F123/><W17/><G124/><T25/><D25/><U32/><E32/><V4/><F128/><W80/><G107/><T121/><D121/><U118/><E118/><V1/><F67/><W52/><G101/><N who="0" m="62783" /><D78/><U71/><E71/><V59/><F59/><W110/><G80/><T57/><D57/><U42/><E77/><V79/><F36/><W92/><G110/><T131/><D131/><U116/><E116/><V37/><F37/><W62/><G94/><T74/><D74/><U23/><E23/><V119/><F44/><W27/><G18/><T120/><D120/><U24/><E24/><V51/><F119/><W86/><G62/><AGARI ba="0,0" hai="0,2,3,55,58,62,81,82,132,133,135" m="62783" machi="62" ten="40,2000,0" yaku="20,1" doraHai="9" who="0" fromWho="3" sc="250,20,250,0,250,0,250,-20" /><INIT seed="0,1,0,3,5,129" ten="270,250,250,230" oya="0" hai0="14,55,2,63,89,99,105,38,19,78,81,16,48" hai1="108,53,36,69,128,107,96,67,30,56,82,123,47" hai2="13,120,73,54,94,117,26,126,101,5,88,124,125" hai3="135,102,62,1,130,116,131,10,52,71,44,28,46"/><T12/><D2/><U119/><E30/><V20/><F120/><W6/><G116/><T95/><D38/><U37/><E82/><V25/><F117/><W76/><G76/><T85/><D105/><U97/><E107/><V127/><F73/><W21/><G102/><T45/><D14/><U77/><E77/><V32/><F101/><W59/><G71/><T18/><REACH who="0" step="1"/><D63/><REACH who="0" ten="260,250,250,230" step="2"/><U4/><E119/><V121/><F121/><W134/><G130/><T61/><D61/><U100/><E123/><V15/><F13/><W114/><G131/><T41/><D41/><U109/><E128/><V79/><F15/><W33/><G114/><T87/><D87/><U35/><E36/><V84/><F124/><W104/><G104/><T86/><D86/><U91/><E37/><V40/><F40/><W64/><G33/><T24/><D24/><U118/><E118/><V42/><F42/><W43/><G43/><T132/><D132/><N who="3" m="50729" /><G64/><T113/><D113/><U22/><E67/><V83/><F32/><W90/><G90/><T65/><D65/><U111/><E69/><V50/><F26/><AGARI ba="1,1" hai="1,6,10,21,26,28,44,46,52,59,62" m="50729" machi="26" ten="30,8000,1" yaku="20,1,52,3,54,1" doraHai="129" who="3" fromWho="2" sc="260,0,250,0,250,-83,230,93" /><INIT seed="1,0,0,3,0,1" ten="260,250,167,323" oya="1" hai0="65,22,129,55,34,28,8,70,47,4,100,51,122" hai1="93,121,35,63,123,64,131,107,56,62,116,37,44" hai2="87,95,66,125,29,72,26,94,9,20,124,68,27" hai3="109,2,17,40,0,91,14,89,38,49,31,25,11"/><U41/><E107/><V81/><F72/><W54/><G109/><T117/><D34/><U130/><E116/><V53/><F68/><W13/><G40/><T21/><D122/><U103/><E93/><V6/><F66/><W60/><G38/><T33/><D33/><U112/><E103/><V114/><F114/><W36/><G36/><T92/><D117/><U18/><E18/><V71/><F71/><W96/><G60/><T15/><D129/><N who="1" m="49163" /><E35/><V10/><F53/><W113/><G113/><T57/><D70/><N who="1" m="42271" /><E112/><V19/><F10/><W110/><G110/><T83/><D83/><U24/><E24/><V78/><F125/><W69/><G69/><T46/><D28/><U88/><E88/><V5/><F124/><W84/><G91/><T59/><D92/><N who="2" m="35370" /><F9/><W104/><G96/><T39/><D100/><U3/><E3/><V102/><F102/><W134/><G104/><T61/><D39/><U32/><E32/><V23/><AGARI ba="0,0" hai="5,6,19,20,23,26,27,29,78,81,87" m="35370" machi="23" ten="30,4000,0" yaku="8,1,52,2" doraHai="1" who="2" fromWho="2" sc="260,-10,250,-20,167,40,323,-10" /><INIT seed="2,0,0,0,3,10" ten="250,230,207,313" oya="2" hai0="78,57,123,79,96,68,74,66,60,77,130,84,103" hai1="9,48,109,81,93,97,55,101,11,133,36,88,45" hai2="12,35,0,30,89,72,134,5,117,3,13,6,8" hai3="83,52,70,14,124,50,98,76,17,21,85,63,23"/><V112/><F72/><W59/><G124/><T34/><D123/><U49/><E133/><V31/><F89/><W61/><G70/><T86/><D130/><U43/><E109/><V4/><F117/><W113/><G113/><T132/><D74/><U65/><E65/><V56/><F56/><W16/><G98/><T135/><D34/><U18/><E36/><V90/><F90/><W26/><AGARI ba="0,0" hai="14,16,17,21,23,26,50,52,59,61,63,76,83,85" machi="26" ten="20,12000,2" yaku="0,1,7,1,8,1,52,1,54,2" doraHai="10" who="3" fromWho="3" sc="250,-30,230,-30,207,-60,313,120" /><INIT seed="3,0,0,1,2,94" ten="220,200,147,433" oya="3" hai0="37,73,88,6,102,85,48,51,77,108,53,99,79" hai1="11,119,63,128,81,43,47,111,18,5,92,16,0" hai2="69,100,121,17,117,126,30,76,2,40,68,90,112" hai3="9,34,114,39,74,32,42,25,41,118,20,87,23"/><W64/><G118/><T72/><D37/><U46/><E119/><V57/><F117/><W135/><G114/><T131/><D6/><U50/><E128/><V29/><F112/><W84/><G74/><T67/><D67/><U31/><E111/><V120/><F2/><W106/><G106/><T116/><D116/><U78/><E92/><V44/><F100/><W49/><G39/><T82/><D131/><U103/><E103/><V89/><F76/><W125/><G9/><T24/><D108/><U110/><E110/><V45/><F57/><W70/><G64/><T21/><D73/><U127/><E127/><V71/><F40/><W65/><G70/><T129/><D129/><U4/><E4/><V58/><F58/><W3/><G65/><T7/><D7/><U101/><E101/><V123/><F17/><W96/><G125/><T55/><D72/><U62/><E31/><V80/><F80/><W83/><G42/><T1/><D1/><U113/><E47/><V60/><F60/><W14/><G3/><T35/><D35/><U66/><E63/><V133/><F133/><W97/><G34/><T26/><D26/><U13/><E0/><V104/><F126/><W61/><G32/><T109/><D109/><U134/><E134/><V27/><F104/><W54/><G135/><T115/><D115/><U59/><REACH who="1" step="1"/><E113/><REACH who="1" ten="220,190,147,433" step="2"/><V124/><F124/><W132/><G132/><T38/><D38/><U122/><E122/><V130/><F130/><W107/><G61/><T28/><D53/><U98/><E98/><V8/><F30/><W56/><G107/><N who="0" m="63967" /><D55/><U93/><E93/><RYUUKYOKU ba="0,1" sc="220,15,190,15,147,-15,433,-15" hai0="21,24,28,48,51,77,79,82,85,88" hai1="5,11,13,16,18,43,46,50,59,62,66,78,81" /><INIT seed="4,1,1,5,3,4" ten="235,205,132,418" oya="0" hai0="62,92,52,95,10,56,106,131,70,9,91,122,119" hai1="114,109,39,74,108,15,38,113,16,25,124,64,12" hai2="37,21,100,49,46,23,94,30,27,118,58,45,112" hai3="36,80,69,40,51,47,65,75,134,127,84,73,24"/><T85/><D106/><U14/><E74/><V89/><F118/><W77/><G127/><T41/><D122/><U28/><E64/><V54/><F112/><N who="1" m="43113" /><E38/><V2/><F2/><W71/><G134/><T72/><D119/><U1/><E1/><V102/><F37/><W99/><G99/><T53/><D72/><U22/><E39/><V19/><F100/><W6/><G24/><T121/><D121/><U128/><E124/><V7/><F102/><W32/><G32/><T81/><D131/><U48/><E48/><V132/><F7/><W97/><G97/><T67/><D41/><U42/><E42/><V59/><F132/><W82/><G36/><T57/><D70/><U123/><E123/><V18/><F59/><W133/><G65/><T61/><D67/><U96/><E96/><V17/><REACH who="2" step="1"/><F21/><REACH who="2" ten="235,205,122,418" step="2"/><W101/><G101/><T90/><D81/><U115/><N who="1" m="43121" /><U111/><DORA hai="26" /><E128/><V130/><F130/><W5/><G69/><T3/><D3/><U35/><AGARI ba="1,2" hai="12,14,15,16,22,25,28,35,108,109,111" m="43121" machi="35" ten="50,12000,2" yaku="15,1,11,1,34,2,52,1,54,1" doraHai="4,26" who="1" fromWho="1" sc="235,-61,205,143,122,-31,418,-31" /><INIT seed="5,0,0,1,1,54" ten="174,348,91,387" oya="1" hai0="90,21,129,12,44,19,53,62,70,55,66,99,52" hai1="60,22,9,74,61,35,57,41,68,85,75,112,92" hai2="49,32,88,117,94,64,100,38,130,47,113,8,114" hai3="80,71,123,109,65,121,14,51,48,111,82,72,133"/><U98/><E112/><N who="2" m="43115" /><F117/><W103/><G103/><T118/><D118/><U116/><E41/><V20/><F32/><W29/><G29/><T91/><D129/><U77/><E35/><V40/><F130/><W33/><G33/><T93/><D44/><U13/><E22/><V58/><F100/><W50/><G72/><T37/><D37/><U2/><E2/><V67/><F8/><W5/><G5/><T95/><REACH who="0" step="1"/><D55/><REACH who="0" ten="164,348,91,387" step="2"/><U56/><E116/><V120/><F120/><W73/><G121/><T108/><D108/><U27/><E68/><V26/><F26/><W126/><G123/><T128/><D128/><U135/><E27/><V83/><F83/><W45/><G82/><T30/><D30/><U97/><E135/><V17/><F17/><W59/><G133/><T63/><D63/><U132/><E132/><V39/><F20/><W125/><G109/><T43/><D43/><U122/><E122/><V11/><F39/><W101/><G80/><T28/><D28/><U23/><E61/><V10/><F67/><W31/><G111/><T3/><D3/><U46/><E60/><N who="2" m="37911" /><F38/><W42/><G65/><T96/><AGARI ba="0,1" hai="12,19,21,52,53,62,66,70,90,91,93,95,96,99" machi="96" ten="20,12000,2" yaku="1,1,0,1,7,1,9,1,54,1,53,2" doraHai="54" doraHaiUra="86" who="0" fromWho="0" sc="164,130,348,-60,91,-30,387,-30" /><INIT seed="6,0,0,3,0,29" ten="294,288,61,357" oya="2" hai0="19,95,63,127,11,9,108,31,115,60,40,32,94" hai1="42,1,77,61,66,20,110,130,113,106,125,8,93" hai2="68,36,82,92,86,6,41,76,122,129,12,39,27" hai3="73,14,70,121,22,62,132,90,21,85,87,37,100"/><V123/><F68/><W13/><G37/><T2/><D108/><U107/><E113/><V109/><F109/><W64/><G73/><T26/><D115/><U131/><E42/><V57/><F129/><N who="1" m="49161" /><E20/><V0/><F0/><W4/><G121/><T88/><D40/><U75/><E8/><V5/><F57/><W105/><G132/><T114/><D114/><U91/><E1/><V117/><F117/><W101/><G105/><N who="1" m="39946" /><E61/><V3/><F3/><W23/><G4/><T83/><D127/><U102/><E66/><V103/><F27/><W45/><G45/><T126/><D126/><U35/><E35/><V15/><F41/><W56/><G70/><T47/><D47/><U44/><E44/><V89/><F39/><W80/><G87/><T79/><D11/><U38/><E38/><V17/><F36/><W59/><G59/><T53/><D53/><U30/><E30/><V43/><F43/><W104/><G104/><T124/><D124/><U7/><E125/><V128/><F128/><W96/><G96/><T55/><D55/><U97/><E7/><V46/><F46/><W81/><G81/><T25/><D25/><U67/><E67/><V119/><F119/><W18/><G14/><N who="2" m="5161" /><F17/><W74/><G74/><T58/><D58/><U116/><E110/><V24/><F24/><W84/><G84/><N who="0" m="48255" /><D19/><U16/><E116/><V51/><F51/><W33/><G33/><T34/><D34/><U99/><E16/><V120/><F103/><AGARI ba="0,0" hai="13,18,21,22,23,56,62,64,80,85,90,100,101,103" machi="103" ten="40,1300,0" yaku="8,1" doraHai="29" who="3" fromWho="2" sc="294,0,288,0,61,-13,357,13" /><INIT seed="7,0,0,5,1,13" ten="294,288,48,370" oya="3" hai0="120,45,41,18,70,110,102,21,86,122,109,115,3" hai1="73,84,25,80,105,51,131,87,11,34,64,35,0" hai2="27,116,101,124,50,36,26,103,9,76,75,65,33" hai3="89,82,113,56,79,97,40,14,42,7,85,19,132"/><W114/><G132/><T112/><D70/><U15/><E0/><V78/><F116/><W121/><G7/><T62/><D102/><U37/><E131/><V127/><F75/><W6/><G6/><T88/><D3/><U119/><E105/><V10/><F36/><W54/><G97/><T135/><D62/><U22/><E37/><V96/><F33/><W68/><G68/><T31/><D31/><U32/><E73/><V38/><F38/><W92/><G92/><N who="0" m="54295" /><D135/><U46/><E64/><V49/><F65/><W16/><G14/><N who="0" m="9431" /><D110/><U107/><E119/><V57/><F57/><W59/><G59/><T30/><D30/><U20/><E107/><V95/><F96/><W128/><G128/><T104/><D104/><U106/><E106/><V77/><F95/><W118/><G118/><T134/><D109/><U61/><E61/><V94/><F94/><W1/><G1/><T126/><D126/><U111/><E111/><V125/><F103/><W93/><G121/><T83/><D83/><U69/><E69/><V81/><F101/><W4/><G93/><T60/><D60/><U98/><E98/><V55/><F81/><W133/><G133/><T39/><D134/><U17/><E22/><V91/><F91/><W53/><G89/><T129/><D129/><U63/><E63/><V123/><F123/><W8/><G113/><N who="0" m="43595" /><D122/><U71/><E71/><V47/><REACH who="2" step="1"/><F50/><REACH who="2" ten="294,288,38,370" step="2"/><W29/><G114/><T58/><D120/><U52/><REACH who="1" step="1"/><E80/><REACH who="1" ten="294,278,38,370" step="2"/><V43/><F43/><W67/><G42/><T117/><D117/><U24/><E24/><AGARI ba="0,2" hai="9,10,24,26,27,47,49,55,76,77,78,124,125,127" machi="24" ten="50,6400,0" yaku="1,1,18,1,53,1" doraHai="13" doraHaiUra="44" who="2" fromWho="1" sc="294,0,278,-64,38,84,370,0" owari="294,9.0,214,-19.0,122,-38.0,370,48.0" /></mjloggm>