<mjloggm ver="2.3"><GO type="169" lobby="0"/><UN n0="%E3%81%BB%E3%81%97%E3%81%AE%E3%81%99%E3%81%9A%E3%81%BF" n1="%E3%82%A6%E3%83%AB%E3%83%88%E3%83%A9%E7%AB%8B%E7%9B%B4" n2="%E8%B6%85%E3%81%8A%E9%9B%BB%E7%A3%81%E3%82%B9%E3%83%94%E3%83%B3" n3="%6D%61%67%69%63%6F" dan="16,17,16,16" rate="2087.16,2148.81,2049.02,2094.43" sx="F,M,M,M"/><TAIKYOKU oya="0"/><INIT seed="0,0,0,0,1,22" ten="250,250,250,250" oya="0" hai0="57,53,89,17,100,18,132,19,101,21,114,60,102" hai1="43,111,61,5,76,83,118,107,47,70,7,16,129" hai2="135,80,58,115,12,26,86,68,120,130,82,27,131" hai3="44,74,95,84,97,9,106,38,134,112,69,78,28"/><T96/><D114/><U11/><E118/><V3/><F3/><W122/><G69/><T63/><D132/><U65/><E111/><V123/><F68/><W125/><G112/><T42/><D42/><U62/><E107/><V127/><F115/><W94/><G134/><T110/><D110/><U91/><E129/><N who="2" m="49163" /><F135/><W13/><G125/><T73/><D73/><U4/><E62/><V90/><F127/><W51/><G38/><T108/><D63/><U37/><E91/><V25/><F58/><W31/><G74/><T72/><D72/><U50/><E50/><V121/><F12/><W32/><G106/><T6/><D6/><U29/><E29/><V103/><F103/><W67/><G67/><T23/><D108/><U71/><E71/><V113/><F113/><W64/><G64/><T1/><D1/><U124/><E124/><V98/><F98/><W14/><G32/><T99/><D99/><U128/><E128/><V109/><F109/><W54/><G13/><T15/><D15/><U56/><E70/><V88/><F90/><N who="3" m="53575" /><G78/><T10/><D10/><U79/><E83/><AGARI ba="0,0" hai="25,26,27,80,82,83,86,88,120,121,123" m="49163" machi="83" ten="40,8000,1" yaku="19,1,52,3,54,1" doraHai="22" who="2" fromWho="1" sc="250,0,250,-80,250,80,250,0" /><INIT seed="1,0,0,3,5,16" ten="250,170,330,250" oya="1" hai0="119,83,46,92,17,44,99,91,29,7,87,129,24" hai1="57,70,112,30,118,71,106,128,85,6,97,103,68" hai2="26,125,37,1,66,14,95,15,0,117,132,19,72" hai3="43,48,55,67,69,60,104,31,13,131,109,9,5"/><U73/><E73/><V59/><F37/><W52/><G104/><T3/><D119/><U123/><E118/><V78/><F117/><W40/><G109/><T51/><D129/><U34/><E123/><V33/><F78/><W114/><G114/><T75/><D75/><U96/><E112/><V102/><F72/><W105/><G105/><T111/><D111/><U100/><E128/><V101/><F132/><W42/><G131/><T130/><D130/><U58/><E6/><V56/><F125/><W79/><G79/><T84/><D17/><U61/><E85/><V23/><F15/><W47/><G31/><T41/><D46/><U81/><E81/><V133/><F133/><W121/><G121/><T27/><D84/><U11/><E11/><V38/><F38/><W54/><AGARI ba="0,0" hai="5,9,13,40,42,43,47,48,52,54,55,60,67,69" machi="54" ten="30,2000,0" yaku="0,1,54,1" doraHai="16" who="3" fromWho="3" sc="250,-5,170,-10,330,-5,250,20" /><INIT seed="2,0,0,0,0,79" ten="245,160,325,270" oya="2" hai0="60,112,35,0,84,7,133,135,66,67,132,30,117" hai1="2,120,51,113,75,53,72,17,114,3,105,48,100" hai2="11,80,96,123,19,62,109,76,47,129,16,92,125" hai3="28,101,82,63,49,31,103,8,115,71,46,83,121"/><V58/><F123/><W6/><G121/><T21/><D112/><U24/><E120/><V22/><F125/><W73/><G115/><T108/><D108/><U95/><E24/><V74/><F109/><W118/><G73/><T1/><D117/><U23/><E23/><V54/><F129/><W102/><G118/><T106/><D106/><U127/><E95/><V64/><F11/><W110/><G110/><T89/><D35/><U87/><E87/><V70/><F47/><W124/><G124/><T4/><D30/><U32/><E127/><V97/><F22/><W13/><G71/><T116/><D116/><U37/><E17/><V130/><F130/><W98/><G98/><T126/><D126/><U94/><E94/><V77/><F77/><W69/><G69/><T26/><D26/><U27/><E27/><V9/><F9/><W50/><G63/><T93/><D21/><U78/><E78/><V45/><F45/><W56/><G56/><T20/><D20/><U33/><E100/><V65/><F65/><W111/><G111/><T107/><D107/><U38/><REACH who="1" step="1"/><E53/><REACH who="1" ten="245,150,325,270" step="2"/><V68/><F54/><N who="3" m="30007" /><G50/><T86/><D86/><U55/><E55/><V57/><F92/><W15/><G31/><T85/><D85/><U40/><E40/><V104/><F76/><W134/><G28/><T81/><D93/><U119/><E119/><V128/><F19/><W61/><G134/><T42/><D42/><U14/><E14/><V59/><F16/><W39/><G13/><T91/><D91/><U5/><E5/><N who="0" m="2121" /><D67/><U18/><E18/><V44/><F64/><W99/><G15/><RYUUKYOKU ba="0,1" sc="245,15,150,15,325,-15,270,-15" hai0="0,1,60,66,81,84,89,132,133,135" hai1="2,3,32,33,37,38,48,51,72,75,105,113,114" /><INIT seed="3,1,1,0,5,95" ten="260,165,310,255" oya="3" hai0="55,79,58,91,53,2,38,102,111,121,33,90,56" hai1="108,63,37,103,16,114,5,135,10,35,7,84,13" hai2="76,88,86,123,29,99,100,26,66,97,83,3,72" hai3="81,109,67,98,77,132,96,50,105,73,78,106,115"/><W43/><G67/><T69/><D69/><U92/><E114/><V15/><F3/><W89/><G43/><T22/><D33/><U80/><E37/><V20/><F123/><W127/><G50/><T8/><D38/><U40/><E108/><V27/><F66/><W119/><G115/><T4/><D79/><N who="1" m="46111" /><E35/><V30/><F15/><W6/><G6/><T104/><D111/><U17/><E135/><V134/><F134/><W116/><G109/><T54/><D22/><U0/><E0/><V28/><F100/><W65/><G65/><T1/><D1/><U133/><E133/><V19/><REACH who="2" step="1"/><F26/><REACH who="2" ten="260,165,300,255" step="2"/><W129/><G132/><T128/><D121/><U93/><E103/><V47/><F47/><W87/><G127/><T23/><D102/><U14/><E7/><V49/><F49/><W124/><G124/><T62/><D4/><U9/><E5/><V82/><AGARI ba="1,2" hai="19,20,27,28,29,30,72,76,82,83,86,88,97,99" machi="82" ten="30,12000,2" yaku="1,1,0,1,52,2,54,1,53,2" doraHai="95" doraHaiUra="94" who="2" fromWho="2" sc="260,-31,165,-31,300,143,255,-61" /><INIT seed="4,0,0,1,0,113" ten="229,134,443,194" oya="0" hai0="30,56,77,49,41,78,129,76,108,133,48,1,3" hai1="107,5,114,43,24,55,59,19,64,117,12,96,23" hai2="14,94,28,103,121,88,97,61,90,39,102,134,9" hai3="60,53,51,26,132,21,128,33,29,7,98,50,106"/><T110/><D30/><U81/><E114/><V74/><F39/><W73/><G73/><T42/><D133/><U80/><E64/><V82/><F121/><W52/><G132/><T25/><D25/><U69/><E69/><V11/><F134/><W84/><G128/><T62/><D129/><U135/><E135/><V79/><F28/><W120/><G120/><T13/><D13/><U35/><E43/><N who="0" m="16393" /><D62/><U40/><E40/><V63/><F9/><W109/><G109/><N who="0" m="42091" /><D56/><U20/><E35/><V125/><F125/><W116/><G33/><T38/><D38/><U104/><E5/><V131/><F131/><W95/><G7/><T16/><D16/><U6/><E6/><V46/><F46/><W44/><G60/><T57/><D57/><U86/><E23/><V17/><F63/><W92/><G21/><T54/><D54/><U4/><E55/><V91/><F61/><W27/><G44/><T66/><D66/><U15/><E59/><V8/><F8/><W71/><G29/><T124/><D124/><U72/><E24/><V65/><F65/><W32/><G32/><T87/><D87/><U126/><E86/><V0/><F17/><W68/><G84/><T93/><D93/><U37/><E19/><V36/><F36/><W112/><G68/><T105/><D105/><U122/><E107/><V70/><F70/><W111/><G71/><T130/><D130/><U10/><E104/><V101/><F14/><W85/><G106/><T47/><D47/><U2/><E126/><V67/><F67/><W89/><G85/><T58/><D58/><U123/><E12/><RYUUKYOKU ba="0,0" sc="229,15,134,-15,443,15,194,-15" hai0="1,3,48,49,76,77,78" hai2="0,11,74,79,82,88,90,91,94,97,101,102,103" /><INIT seed="4,1,0,0,3,47" ten="244,119,458,179" oya="0" hai0="51,98,49,95,16,9,94,100,63,5,107,34,28" hai1="106,14,18,41,68,101,99,79,87,77,132,126,112" hai2="42,23,19,21,48,69,91,1,125,96,30,58,127" hai3="61,122,133,97,113,10,62,3,31,53,115,60,39"/><T35/><D35/><U74/><E68/><V75/><F69/><W20/><G39/><T65/><D5/><U55/><E126/><V93/><F1/><W57/><G133/><T130/><D130/><U105/><E132/><V81/><F30/><W83/><G122/><T110/><D110/><U13/><E112/><N who="3" m="43082" /><G83/><T33/><D33/><U6/><E41/><V134/><F19/><W84/><G84/><T45/><D45/><U123/><E123/><V25/><F93/><N who="0" m="35338" /><D16/><U29/><E29/><V88/><F21/><W2/><G97/><T103/><D103/><U70/><E105/><V118/><F25/><N who="3" m="16807" /><G10/><T120/><D9/><U59/><E74/><V46/><F46/><W80/><G80/><T135/><D120/><U119/><E119/><V117/><F118/><W76/><G76/><T114/><D114/><U32/><E79/><V44/><F117/><W108/><G108/><T56/><D56/><U66/><E77/><V90/><F75/><W50/><AGARI ba="1,0" hai="2,3,50,53,57,60,61,62" m="16807,43082" machi="50" ten="30,2000,0" yaku="15,1,52,1" doraHai="47" who="3" fromWho="3" sc="244,-11,119,-6,458,-6,179,23" /><INIT seed="5,0,0,3,0,91" ten="233,113,452,202" oya="1" hai0="16,130,111,124,31,2,56,122,104,4,37,67,29" hai1="46,129,87,49,116,43,71,59,132,70,102,24,99" hai2="40,75,53,28,97,112,1,90,63,9,21,55,94" hai3="33,50,20,54,32,62,88,47,30,44,52,39,107"/><U93/><E116/><V14/><F75/><W15/><G107/><T68/><D56/><U109/><E129/><V135/><F135/><W73/><G73/><T79/><D79/><U22/><E132/><V118/><F118/><W5/><G39/><T131/><D16/><U58/><E109/><V7/><F112/><W84/><G5/><T134/><D29/><U92/><E70/><V8/><F40/><W38/><G38/><T42/><D31/><U86/><E71/><V126/><F126/><W51/><G62/><T81/><D81/><U74/><E74/><V82/><F82/><W121/><G121/><T100/><D122/><U45/><E45/><V117/><F117/><W36/><G36/><T101/><D101/><U61/><E93/><V95/><F94/><W113/><G113/><T76/><D76/><U108/><E108/><V13/><F63/><W41/><G41/><T125/><D111/><U11/><E11/><V119/><F1/><W80/><G15/><T77/><D77/><U128/><E128/><N who="0" m="49193" /><D134/><U69/><E69/><V17/><F119/><W72/><G72/><T123/><D123/><U98/><E98/><V133/><F133/><W25/><AGARI ba="0,0" hai="20,25,30,32,33,44,47,50,51,52,54,80,84,88" machi="25" ten="30,7900,0" yaku="0,1,9,1,54,2" doraHai="91" who="3" fromWho="3" sc="233,-20,113,-39,452,-20,202,79" /><INIT seed="6,0,0,5,1,77" ten="213,74,432,281" oya="2" hai0="9,87,133,53,26,86,25,82,62,113,30,3,108" hai1="19,57,105,95,120,54,15,98,89,126,69,68,103" hai2="1,130,116,64,52,27,17,114,107,80,135,102,47" hai3="24,56,78,8,132,81,115,125,76,109,58,93,101"/><V6/><F116/><W96/><G109/><T119/><D108/><U34/><E34/><V38/><F64/><W91/><G132/><T49/><D113/><U79/><E126/><V111/><F102/><W118/><G118/><T18/><D133/><U71/><E120/><V122/><F107/><W73/><G125/><T83/><D3/><U117/><E117/><V29/><F6/><W4/><G115/><T131/><D131/><U84/><E79/><V75/><F17/><W44/><G76/><T90/><D62/><U20/><REACH who="1" step="1"/><E71/><REACH who="1" ten="213,64,432,281" step="2"/><V36/><F122/><W104/><G24/><T60/><D119/><U59/><E59/><V33/><F27/><W2/><G44/><N who="0" m="27815" /><D26/><U106/><E106/><V50/><F111/><W11/><G11/><T128/><D128/><U51/><AGARI ba="0,1" hai="15,19,20,51,54,57,68,69,84,89,95,98,103,105" machi="51" ten="20,8000,1" yaku="1,1,0,1,7,1,25,2,53,0" doraHai="77" doraHaiUra="134" who="1" fromWho="1" sc="213,-20,64,90,432,-40,281,-20" /><INIT seed="7,0,0,5,0,43" ten="193,154,392,261" oya="3" hai0="65,102,39,128,124,4,22,51,14,114,126,134,10" hai1="74,16,63,94,58,109,69,42,18,15,129,38,121" hai2="116,131,56,89,26,3,117,120,130,77,93,1,68" hai3="30,90,82,50,9,79,75,110,31,119,98,108,80"/><W37/><G37/><T28/><D134/><U86/><E121/><V99/><F68/><W72/><G119/><N who="2" m="45641" /><F120/><W104/><G9/><T81/><D128/><N who="2" m="49194" /><F77/><N who="3" m="44071" /><G50/><T23/><D39/><U19/><E129/><V96/><F26/><W35/><G35/><T21/><D65/><U33/><E109/><N who="3" m="42090" /><G30/><T40/><D102/><U61/><E33/><V83/><F83/><W12/><G31/><T8/><D81/><U76/><E69/><V91/><F56/><W5/><G12/><T113/><D28/><U135/><E135/><V101/><F91/><W34/><G5/><T132/><D132/><U59/><E15/><V66/><F66/><W112/><G34/><T20/><N who="0" m="5120" /><DORA hai="71" /><T32/><D32/><U54/><E74/><V27/><F27/><W7/><G7/><T70/><D70/><U133/><E133/><V85/><F85/><W6/><G6/><T103/><D8/><U127/><E127/><N who="0" m="48681" /><D103/><U57/><E63/><V107/><AGARI ba="0,0" hai="1,3,89,93,96,99,101,107" m="49194,45641" machi="107" ten="30,1100,0" yaku="19,1" doraHai="43,71" who="2" fromWho="2" sc="193,-3,154,-3,392,11,261,-5" owari="190,-21.0,151,-35.0,403,50.0,256,6.0" /></mjloggm>