<mjloggm ver="2.3"><GO type="97" lobby="0"/><UN n0="%E3%81%8F%E3%81%A0%E3%81%8A" n1="%E3%83%88%E3%83%88%E3%83%AA%E5%85%88%E7%94%9F%31%39%E6%AD%B3" n2="%2D%6B%6F%6B%6F%2D" n3="%E3%82%B7%E3%83%BC%E3%82%B7%E3%83%A3" dan="14,14,15,15" rate="1958.08,2024.34,1918.68,2034.65" sx="M,F,M,M"/><TAIKYOKU oya="0"/><INIT seed="0,0,0,0,0,27" ten="250,250,250,250" oya="0" hai0="125,132,9,109,94,54,122,56,46,8,32,111,28" hai1="13,84,34,48,126,119,87,20,118,24,10,86,1" hai2="57,77,29,99,110,21,7,85,4,37,49,128,12" hai3="30,134,69,67,80,96,100,92,44,72,50,17,104"/><T79/><D122/><U19/><E126/><V47/><F37/><W41/><G134/><T58/><D125/><U2/><E48/><V65/><F110/><N who="0" m="41994" /><D132/><U35/><E86/><V133/><F128/><W78/><G17/><T15/><D79/><U25/><E84/><V114/><F114/><W0/><G0/><N who="1" m="106" /><E87/><V73/><F73/><W127/><G127/><T82/><D82/><U40/><E40/><V64/><F99/><W11/><G11/><N who="0" m="4171" /><D15/><U59/><E59/><V121/><F57/><W39/><G39/><T135/><D135/><U16/><E25/><N who="2" m="16559" /><F12/><W130/><G130/><T98/><D46/><U71/><E71/><V60/><F121/><W74/><G74/><T116/><D116/><AGARI ba="0,0" hai="10,13,16,19,20,24,34,35,116,118,119" m="106" machi="116" ten="30,3900,0" yaku="34,2,54,1" doraHai="27" who="1" fromWho="0" sc="250,-39,250,39,250,0,250,0" /><INIT seed="1,0,0,1,5,91" ten="211,289,250,250" oya="1" hai0="103,46,11,56,32,45,87,54,109,127,135,121,27" hai1="106,80,120,55,26,60,59,18,125,10,90,50,98" hai2="101,100,48,22,97,35,43,70,68,123,99,21,82" hai3="53,15,110,78,107,114,19,75,105,71,67,34,79"/><U62/><E120/><V88/><F88/><W5/><G5/><T84/><D121/><U64/><E125/><V9/><F123/><W95/><G34/><T96/><D109/><U126/><E126/><V63/><F35/><W47/><G67/><T13/><D135/><U81/><E62/><V112/><F48/><W129/><G71/><T20/><D32/><U133/><E133/><V28/><F9/><W12/><G47/><T6/><D127/><U65/><E65/><V29/><F63/><W124/><G124/><T25/><D46/><U134/><E134/><V69/><F69/><W16/><G16/><N who="0" m="12423" /><D27/><U77/><E77/><V74/><F43/><W116/><G75/><T23/><D23/><N who="1" m="13687" /><E106/><V7/><F82/><W111/><G116/><T17/><D45/><N who="1" m="28111" /><E10/><V0/><F7/><W57/><G107/><T132/><D6/><U30/><E30/><V108/><F74/><W72/><G105/><T93/><D132/><U122/><E122/><V73/><F73/><W58/><G72/><T128/><D128/><U51/><E51/><AGARI ba="0,0" hai="11,13,17,51,54,56,84,87,93,96,103" m="12423" machi="51" ten="30,3900,0" yaku="8,1,52,1,54,1" doraHai="91" who="0" fromWho="1" sc="211,39,289,-39,250,0,250,0" /><INIT seed="2,0,0,2,2,39" ten="250,250,250,250" oya="2" hai0="102,125,72,58,116,88,15,52,26,83,87,66,62" hai1="119,11,12,128,81,17,127,44,89,106,93,51,98" hai2="103,46,55,82,27,23,134,76,112,21,22,126,105" hai3="28,33,8,34,110,2,135,3,4,31,37,97,42"/><V120/><F120/><W115/><G97/><T109/><D109/><U57/><E119/><V79/><F112/><W113/><G37/><T122/><D122/><U48/><E128/><V64/><F126/><W70/><G70/><T117/><D125/><U90/><E127/><V25/><F134/><W74/><G74/><T73/><D102/><U84/><E106/><V20/><F64/><W30/><G42/><T99/><D99/><U67/><REACH who="1" step="1"/><E44/><REACH who="1" ten="250,240,250,250" step="2"/><V129/><F46/><W36/><G135/><T16/><D117/><U29/><E29/><N who="2" m="17575" /><F105/><W60/><G110/><T56/><D116/><U78/><E78/><V41/><F129/><W114/><G36/><T131/><D131/><U9/><E9/><V35/><F76/><W86/><G86/><T96/><D96/><U10/><E10/><V71/><F79/><W91/><G91/><T5/><D88/><U101/><E101/><V108/><F103/><W0/><G60/><AGARI ba="0,1" hai="11,12,17,48,51,57,60,67,81,84,89,90,93,98" machi="60" ten="40,5200,0" yaku="1,1,8,1,53,1" doraHai="39" doraHaiUra="94" who="1" fromWho="3" sc="250,0,240,62,250,0,250,-52" /><INIT seed="3,0,0,2,1,1" ten="250,302,250,198" oya="3" hai0="65,25,5,93,131,76,90,52,73,71,38,13,8" hai1="3,127,121,42,20,29,48,129,57,43,4,58,95" hai2="54,70,21,94,40,122,99,69,117,49,32,86,33" hai3="46,81,100,105,79,91,67,18,88,36,106,98,113"/><W97/><G67/><T83/><D38/><U128/><E121/><V16/><F117/><W30/><G30/><T72/><D131/><N who="1" m="50251" /><E127/><V62/><F40/><N who="1" m="15401" /><E48/><V14/><F86/><W56/><G36/><T125/><D125/><U11/><E95/><V68/><F62/><W63/><G46/><T0/><D71/><U27/><AGARI ba="0,0" hai="3,4,11,20,27,29,57,58" m="15401,50251" machi="27" ten="30,2000,0" yaku="19,1,52,1" doraHai="1" who="1" fromWho="1" sc="250,-5,302,20,250,-5,198,-10" owari="245,5.0,322,41.0,245,-15.0,188,-31.0" /></mjloggm>