<mjloggm ver="2.3"><GO type="97" lobby="0"/><UN n0="%E5%B0%B1%E6%B4%BB%E7%94%9F%40%E5%B7%9D%E6%9D%91%E8%BB%8D%E5%9B%A3" n1="%E5%87%B1%E7%AB%A0" n2="%E3%81%8B%E3%82%93%E3%81%BF%E3%81%AD" n3="%E3%83%A1%E3%82%BF%E3%83%95%E3%82%A1%E3%83%BC" dan="15,15,15,14" rate="1945.44,2023.77,2007.33,1915.43" sx="M,M,M,M"/><TAIKYOKU oya="0"/><INIT seed="0,0,0,4,4,120" ten="250,250,250,250" oya="0" hai0="110,131,87,60,56,48,97,1,27,122,113,25,10" hai1="68,51,94,100,11,57,40,72,127,78,7,55,91" hai2="64,30,38,65,107,50,67,21,41,69,53,52,70" hai3="9,46,102,3,99,19,123,92,43,90,59,2,135"/><T112/><D122/><U101/><E127/><V58/><F107/><W85/><G123/><T133/><D97/><U118/><E118/><V0/><F0/><W121/><G135/><T6/><D131/><U33/><E33/><V105/><F105/><W117/><G117/><T45/><D133/><U5/><E5/><V125/><F21/><W62/><G121/><T82/><D112/><U39/><E68/><N who="2" m="26219" /><F30/><W115/><G115/><T116/><D113/><U17/><E17/><V109/><F125/><W93/><G9/><T111/><D116/><U24/><E24/><V18/><F18/><W31/><G31/><T15/><D1/><U80/><E91/><V4/><F4/><W88/><G19/><T66/><D27/><U61/><E94/><V71/><F109/><N who="0" m="41482" /><D25/><U103/><E11/><V108/><F108/><W28/><G28/><T77/><D48/><U35/><E35/><V74/><F74/><W106/><G106/><T79/><D45/><U26/><E26/><V37/><N who="2" m="26227" /><V20/><DORA hai="49" /><F20/><W8/><G8/><T132/><D132/><U63/><E7/><V130/><F41/><W114/><G102/><T76/><AGARI ba="0,0" hai="6,10,15,56,60,66,76,77,79,82,87" m="41482" machi="76" ten="30,12000,1" yaku="14,1,10,1,52,3" doraHai="120,49" who="0" fromWho="0" sc="250,120,250,-40,250,-40,250,-40" /><INIT seed="0,1,0,5,2,38" ten="370,210,210,210" oya="0" hai0="70,7,64,119,118,124,48,83,27,56,78,5,19" hai1="59,103,75,79,113,109,15,71,125,34,85,91,37" hai2="106,93,96,50,115,36,133,49,102,131,121,53,129" hai3="61,86,92,98,10,9,77,3,63,52,0,80,21"/><T81/><D70/><U88/><E71/><V108/><F36/><W23/><G0/><T68/><D68/><U16/><E34/><V4/><F115/><W39/><G39/><T120/><D120/><U105/><E113/><V69/><F121/><W73/><G73/><T101/><D124/><U44/><E125/><V111/><F69/><W11/><G3/><T72/><D101/><U55/><E109/><N who="2" m="42059" /><F4/><W25/><G23/><T123/><D123/><U43/><E75/><V60/><F133/><W110/><G110/><T45/><D83/><U14/><E14/><V28/><F28/><W97/><G97/><T100/><D100/><U134/><E134/><V89/><F60/><W13/><G13/><T107/><D107/><U1/><E1/><V87/><F53/><W51/><G92/><T116/><D56/><U128/><E128/><AGARI ba="1,0" hai="49,50,87,89,93,96,102,106,128,129,131" m="42059" machi="128" ten="30,2000,0" yaku="19,1,14,1" doraHai="38" who="2" fromWho="1" sc="370,0,210,-23,210,23,210,0" /><INIT seed="1,0,0,5,0,117" ten="370,187,233,210" oya="1" hai0="118,115,70,1,133,84,10,80,32,24,65,123,135" hai1="102,88,95,48,27,63,94,3,17,45,121,31,61" hai2="49,67,37,85,131,82,113,98,130,86,28,93,112" hai3="83,2,128,20,11,103,132,34,9,74,72,108,77"/><U36/><E121/><V0/><F37/><W78/><G34/><T60/><D123/><U19/><E36/><V127/><F0/><W101/><G128/><N who="2" m="49193" /><F67/><W4/><G132/><N who="0" m="50763" /><D118/><U73/><E73/><V40/><F28/><W89/><G108/><T56/><D115/><N who="2" m="44106" /><F40/><W69/><G69/><T64/><D32/><U6/><E6/><V126/><F49/><W110/><G110/><T12/><D1/><U100/><E3/><V59/><F59/><W109/><G109/><T58/><D24/><U35/><E61/><V22/><F22/><W122/><G122/><T104/><D104/><U33/><E63/><V23/><F23/><W13/><G20/><T111/><D111/><U68/><E68/><V81/><F93/><W47/><G47/><T38/><D38/><U119/><E35/><V79/><F98/><W15/><G2/><T8/><D65/><U75/><E119/><V55/><F55/><W25/><G25/><T57/><D12/><U106/><E94/><V41/><F41/><W54/><G54/><T76/><AGARI ba="0,0" hai="8,10,56,57,58,60,64,70,76,80,84" m="50763" machi="76" ten="30,1100,0" yaku="20,1" doraHai="117" who="0" fromWho="0" sc="370,11,187,-5,233,-3,210,-3" /><INIT seed="2,0,0,4,0,108" ten="381,182,230,207" oya="2" hai0="62,61,34,37,67,111,5,4,132,57,35,71,0" hai1="41,6,59,92,31,86,130,134,24,55,32,99,87" hai2="49,120,38,82,36,93,13,100,135,110,95,103,121" hai3="51,39,68,80,112,119,77,74,126,60,81,131,26"/><V53/><F110/><W7/><G39/><T75/><D37/><U19/><E134/><V133/><F13/><W96/><G119/><T46/><D111/><U76/><E130/><V129/><F129/><W109/><G109/><T94/><D75/><U58/><E41/><V107/><F82/><W113/><G131/><T52/><D132/><U127/><E6/><V70/><F49/><W29/><G126/><T12/><D0/><U3/><E3/><V45/><F70/><W33/><G7/><T44/><D5/><U17/><E127/><V116/><F107/><W8/><G8/><T78/><D78/><U16/><E76/><V84/><F84/><W10/><G10/><T30/><D94/><U64/><E64/><V125/><F125/><W114/><G81/><T50/><D30/><U91/><REACH who="1" step="1"/><E59/><REACH who="1" ten="381,172,230,207" step="2"/><V83/><F116/><W47/><G96/><T122/><D57/><U15/><E15/><V128/><F128/><W23/><G68/><T9/><D67/><U11/><E11/><V66/><F66/><W28/><G60/><AGARI ba="0,1" hai="16,17,19,24,31,32,55,58,60,86,87,91,92,99" machi="60" ten="40,2600,0" yaku="1,1,54,1,53,0" doraHai="108" doraHaiUra="101" who="1" fromWho="3" sc="381,0,172,36,230,0,207,-26" /><INIT seed="3,0,0,1,0,40" ten="381,208,230,181" oya="3" hai0="18,76,20,65,77,25,7,52,27,132,135,56,23" hai1="14,118,1,22,82,92,59,54,13,128,51,61,48" hai2="75,108,49,127,34,97,24,5,101,6,45,62,55" hai3="21,41,114,85,70,88,90,122,115,12,87,104,134"/><W17/><G122/><T86/><D65/><U69/><E118/><V125/><F75/><W91/><G104/><T2/><D2/><U3/><E128/><V60/><F108/><W68/><G41/><T10/><D23/><U37/><E37/><V66/><F34/><W38/><G38/><T74/><D74/><U19/><E48/><V8/><F24/><W44/><G134/><N who="0" m="51243" /><D25/><U130/><E130/><V112/><F112/><W53/><G53/><T133/><D86/><U57/><E69/><V83/><F83/><W16/><G44/><T103/><D103/><U78/><E92/><N who="2" m="58535" /><F62/><W79/><G79/><T120/><D120/><U126/><E126/><N who="2" m="48139" /><F8/><W47/><G47/><T110/><D110/><U50/><E50/><V96/><F96/><W46/><G46/><T80/><D80/><U31/><E31/><V30/><F30/><W116/><G116/><T89/><D89/><U26/><E3/><V124/><F124/><W63/><G63/><T105/><D105/><U119/><E1/><V0/><F0/><W129/><G129/><T93/><D93/><U99/><E99/><V81/><F81/><W131/><G131/><T11/><D133/><U28/><E28/><V35/><F35/><W9/><G70/><AGARI ba="0,0" hai="5,6,45,49,55,60,66,70" m="48139,58535" machi="70" ten="30,2000,0" yaku="18,1,52,1" doraHai="40" who="2" fromWho="3" sc="381,0,208,0,230,20,181,-20" owari="381,48.0,208,-19.0,250,5.0,161,-34.0" /></mjloggm>