<mjloggm ver="2.3"><GO type="97" lobby="0"/><UN n0="%34%38%34%38" n1="%48%65%61%72%E2%80%A0%73%31%38" n2="%73%61%74%65" n3="%E5%B0%B1%E6%B4%BB%E7%94%9F%40%E5%B7%9D%E6%9D%91%E8%BB%8D%E5%9B%A3" dan="14,14,15,14" rate="2010.46,1941.02,2009.03,1974.75" sx="M,F,M,M"/><TAIKYOKU oya="0"/><INIT seed="0,0,0,1,0,34" ten="250,250,250,250" oya="0" hai0="72,89,84,102,69,18,61,107,39,76,100,46,51" hai1="91,23,60,130,131,65,58,82,59,95,104,129,77" hai2="53,42,62,13,40,88,80,127,36,22,103,75,112" hai3="74,6,81,106,86,7,17,26,113,35,27,9,33"/><T111/><D39/><U94/><E104/><V4/><F112/><W15/><G74/><T66/><D111/><U123/><E123/><V16/><F103/><W121/><G106/><T12/><D107/><U128/><N who="1" m="33280" /><DORA hai="122" /><U45/><E45/><V8/><F127/><W87/><G121/><T14/><D76/><U43/><E43/><V50/><F62/><W48/><G113/><T71/><D72/><U79/><E23/><V126/><F36/><W97/><G97/><T92/><D71/><U68/><E77/><V115/><F126/><W117/><G117/><T1/><D12/><U32/><E32/><V93/><F80/><W125/><G125/><T109/><D1/><U135/><E135/><V31/><F31/><W64/><G64/><T37/><D109/><U47/><E47/><N who="2" m="27871" /><F75/><W25/><G48/><T2/><D2/><U29/><E29/><V57/><F57/><N who="1" m="21513" /><E91/><V11/><F115/><W101/><G101/><T98/><D37/><U54/><E54/><V134/><F134/><W44/><G44/><T3/><D102/><U20/><E20/><V41/><F4/><N who="3" m="1579" /><G35/><T63/><D46/><U132/><E132/><V49/><F49/><W83/><G33/><T119/><D100/><U124/><E124/><V52/><F52/><W5/><N who="3" m="1587" /><W28/><DORA hai="70" /><G28/><T19/><D69/><U67/><E67/><V133/><F133/><W105/><G105/><T120/><D66/><U90/><E90/><V116/><F116/><W108/><G108/><T78/><D119/><U85/><AGARI ba="0,0" hai="60,65,68,79,82,85,94,95" m="21513,33280" machi="85" ten="60,2000,0" yaku="19,1" doraHai="34,122,70" who="1" fromWho="1" sc="250,-10,250,20,250,-5,250,-5" /><INIT seed="1,0,0,4,0,100" ten="240,270,245,245" oya="1" hai0="8,66,15,45,0,86,28,125,48,25,126,54,64" hai1="124,32,78,71,16,21,14,18,17,2,104,74,76" hai2="6,81,62,4,110,92,56,43,40,11,135,30,129" hai3="1,121,19,36,34,22,99,89,94,69,123,12,119"/><U33/><E71/><V46/><F110/><W24/><G69/><T79/><D0/><U67/><E67/><V37/><F43/><W70/><G70/><T105/><D105/><U87/><E74/><V10/><F129/><W41/><G119/><T128/><D128/><U107/><E2/><V91/><F30/><W50/><G36/><T20/><D86/><U106/><E124/><N who="0" m="47721" /><D79/><U31/><E87/><V103/><F103/><W23/><G1/><T98/><D98/><U108/><E108/><V59/><F81/><W58/><G34/><T35/><D35/><U132/><E132/><V75/><F75/><W82/><G82/><T114/><D114/><U122/><E122/><V57/><F135/><W47/><REACH who="3" step="1"/><G58/><REACH who="3" ten="240,270,245,235" step="2"/><T52/><D54/><U3/><E3/><V111/><F111/><W44/><G44/><T120/><D120/><U5/><E32/><V133/><F133/><W93/><G93/><T26/><D26/><U134/><E33/><V9/><REACH who="2" step="1"/><F62/><REACH who="2" ten="240,270,235,235" step="2"/><W39/><G39/><T85/><D45/><U102/><E134/><V115/><F115/><W84/><G84/><AGARI ba="0,2" hai="4,6,9,10,11,37,40,46,56,57,59,84,91,92" machi="84" ten="40,1300,0" yaku="1,1,53,0" doraHai="100" doraHaiUra="101" who="2" fromWho="3" sc="240,0,270,0,235,33,235,-13" /><INIT seed="2,0,0,0,3,62" ten="240,270,268,222" oya="2" hai0="46,7,131,53,102,68,58,73,88,19,38,10,41" hai1="17,52,59,99,27,98,79,112,133,26,28,78,67" hai2="57,0,56,129,101,66,128,20,35,104,55,47,51" hai3="97,96,85,105,87,113,6,115,34,3,90,29,127"/><V65/><F35/><W86/><G3/><T116/><D73/><U111/><E111/><V8/><F20/><W120/><G6/><T43/><D116/><U64/><E112/><N who="3" m="43082" /><G29/><T9/><D68/><U71/><E71/><V14/><F0/><W81/><G34/><T84/><D102/><U92/><E133/><V49/><F101/><N who="3" m="62631" /><G120/><T135/><D135/><U125/><E125/><V83/><F83/><W40/><G40/><T36/><D131/><N who="2" m="50250" /><F104/><W54/><G54/><T124/><D124/><U61/><E28/><V60/><F14/><W16/><G16/><T108/><D108/><U109/><E109/><V4/><F4/><W80/><G127/><T15/><D43/><U2/><E2/><V44/><F8/><W106/><G106/><T126/><D126/><U21/><E26/><V18/><F18/><W72/><G72/><T134/><D134/><U82/><E82/><N who="3" m="31850" /><G97/><N who="1" m="36874" /><E92/><AGARI ba="0,0" hai="85,86,87,90,92" m="31850,62631,43082" machi="92" ten="30,3900,0" yaku="11,1,34,2" doraHai="62" who="3" fromWho="1" sc="240,0,270,-39,268,0,222,39" /><INIT seed="3,0,0,1,0,58" ten="240,231,268,261" oya="3" hai0="7,0,13,70,95,12,130,115,35,113,62,19,128" hai1="135,94,85,87,103,111,56,124,34,14,67,98,22" hai2="121,64,42,114,9,106,63,2,48,26,59,44,108" hai3="30,110,28,91,1,127,120,74,66,25,100,73,101"/><W37/><G120/><T54/><D35/><U20/><E111/><V32/><F108/><W84/><G37/><T52/><D95/><U126/><E135/><V31/><F106/><W132/><G1/><T43/><D43/><U72/><E72/><V80/><F80/><W17/><G127/><N who="1" m="48682" /><E34/><V39/><F114/><N who="0" m="43530" /><D0/><U49/><E49/><V118/><F118/><W36/><G36/><T40/><D40/><U46/><E46/><V41/><F121/><W10/><G110/><T16/><D7/><U116/><E116/><V50/><F42/><W82/><G132/><T122/><D122/><U8/><E87/><V81/><F81/><W134/><G134/><T93/><D93/><U89/><E67/><V53/><F64/><W57/><G73/><T33/><D33/><U61/><E56/><V3/><F3/><W60/><G74/><T96/><D96/><U119/><E119/><V15/><F2/><W104/><G104/><T23/><D70/><U133/><E133/><V77/><F77/><W117/><G117/><T29/><D29/><N who="3" m="11369" /><G25/><T79/><D79/><U51/><E51/><V102/><REACH who="2" step="1"/><F102/><REACH who="2" ten="240,231,258,261" step="2"/><W21/><G100/><T123/><D123/><U47/><E103/><V83/><F83/><W86/><G101/><T55/><D62/><U27/><E61/><V131/><F131/><W45/><G82/><T69/><D69/><U107/><E89/><V4/><AGARI ba="0,1" hai="4,9,15,26,31,32,39,41,44,48,50,53,59,63" machi="4" ten="20,5200,0" yaku="1,1,0,1,7,1,52,1,53,0" doraHai="58" doraHaiUra="90" who="2" fromWho="2" sc="240,-13,231,-13,258,62,261,-26" owari="227,-17.0,218,-28.0,320,41.0,235,4.0" /></mjloggm>