<mjloggm ver="2.3"><GO type="169" lobby="0"/><UN n0="%4C%69%6C%69%6D" n1="%E3%81%A6%E3%82%8B" n2="%E7%AB%8B%E8%8F%AF%E5%A5%8F" n3="%E5%B0%B1%E6%B4%BB%E7%94%9F%40%E5%B7%9D%E6%9D%91%E8%BB%8D%E5%9B%A3" dan="17,16,16,16" rate="2179.66,2109.50,2078.15,2110.19" sx="F,M,F,M"/><TAIKYOKU oya="0"/><INIT seed="0,0,0,1,1,19" ten="250,250,250,250" oya="0" hai0="23,93,62,38,121,37,44,50,28,25,115,67,108" hai1="124,81,87,65,69,133,103,40,99,97,8,59,48" hai2="102,57,82,11,10,88,52,75,91,83,95,30,104" hai3="20,16,72,61,132,125,58,123,86,107,76,26,5"/><T116/><D116/><U129/><E69/><V92/><F104/><W84/><G107/><T35/><D121/><U109/><E109/><V0/><F30/><W126/><G123/><T39/><D115/><U6/><E133/><V68/><F68/><W89/><G132/><T29/><D93/><U56/><E124/><N who="3" m="47722" /><G5/><T71/><D108/><U41/><E129/><V64/><F64/><N who="3" m="38967" /><G89/><T74/><D74/><U120/><E120/><V55/><F75/><W135/><G135/><T22/><REACH who="0" step="1"/><D29/><REACH who="0" ten="240,250,250,250" step="2"/><U128/><E128/><V63/><F95/><W32/><G32/><T27/><D27/><U73/><E73/><V53/><F92/><W47/><G72/><T46/><D46/><U105/><E105/><V15/><F102/><W14/><G47/><T42/><AGARI ba="0,1" hai="22,23,25,28,35,37,38,39,42,44,50,62,67,71" machi="42" ten="30,12000,1" yaku="1,1,0,1,52,2,53,1" doraHai="19" doraHaiUra="45" who="0" fromWho="0" sc="240,130,250,-40,250,-40,250,-40" /><INIT seed="0,1,0,0,4,67" ten="370,210,210,210" oya="0" hai0="84,58,88,87,72,13,56,50,9,28,79,6,37" hai1="65,83,125,74,114,62,103,38,116,78,108,99,66" hai2="52,19,106,98,1,76,64,43,59,118,102,96,51" hai3="29,86,95,44,32,53,30,105,128,68,97,22,124"/><T120/><D120/><U80/><E116/><V21/><F118/><W12/><G32/><T107/><D107/><U126/><E38/><V27/><F1/><W34/><G34/><T133/><D37/><U77/><E108/><V63/><F43/><W115/><G105/><T47/><D133/><U42/><E42/><V5/><F5/><W2/><G2/><T82/><D28/><U113/><E66/><V61/><F76/><W73/><G73/><T60/><D60/><U89/><E89/><V16/><F96/><W117/><G97/><T69/><D69/><U15/><E15/><V23/><F64/><W135/><G68/><T94/><D72/><N who="1" m="43047" /><E62/><V130/><F130/><W33/><G12/><AGARI ba="1,0" hai="12,16,19,21,23,27,51,52,59,61,63,98,102,106" machi="12" ten="30,3900,0" yaku="7,1,54,2" doraHai="67" who="2" fromWho="3" sc="370,0,210,0,210,42,210,-42" /><INIT seed="1,0,0,0,2,6" ten="370,210,252,168" oya="1" hai0="29,94,96,70,52,77,76,107,102,24,134,93,111" hai1="104,105,45,127,30,65,98,50,44,85,31,37,83" hai2="122,59,62,25,78,41,119,106,100,90,4,64,8" hai3="63,121,51,87,5,66,15,61,38,69,1,27,19"/><U126/><E37/><V58/><F119/><W28/><G38/><T112/><D112/><U124/><E65/><V20/><F122/><W23/><G121/><T114/><D114/><U22/><E98/><V81/><F41/><W32/><G63/><T17/><D70/><U18/><E31/><V117/><F117/><W72/><G51/><T7/><D134/><U123/><E30/><V40/><F40/><W135/><G135/><T132/><D111/><U133/><E133/><V49/><F90/><W34/><G72/><T91/><D132/><U39/><E39/><V128/><F128/><W82/><G34/><T71/><D71/><U110/><E123/><V57/><F49/><W14/><G1/><T56/><D17/><U26/><E110/><V11/><F100/><W47/><G47/><N who="1" m="17994" /><E50/><V80/><F106/><W48/><G48/><T35/><D7/><U125/><N who="1" m="32256" /><DORA hai="75" /><U129/><E129/><V84/><F81/><W43/><G43/><T79/><D91/><AGARI ba="0,0" hai="18,22,26,83,85,91,104,105" m="32256,17994" machi="91" ten="60,2900,0" yaku="18,1" doraHai="6,75" who="1" fromWho="0" sc="370,-29,210,29,252,0,168,0" /><INIT seed="1,1,0,0,1,43" ten="341,239,252,168" oya="1" hai0="119,122,97,88,80,92,70,83,126,112,135,42,30" hai1="45,20,10,133,69,11,54,12,3,82,22,114,14" hai2="62,78,5,16,130,116,2,99,24,117,64,89,39" hai3="101,128,95,59,113,29,17,61,129,57,134,18,63"/><U94/><E114/><V44/><F130/><W46/><G95/><T34/><D112/><U105/><E105/><V132/><F132/><W79/><G113/><T77/><D135/><U109/><E69/><V93/><F78/><W35/><G134/><T0/><D119/><U31/><E133/><V33/><F2/><W49/><G101/><T48/><D122/><U98/><E3/><V120/><F5/><W108/><G29/><T124/><D70/><U7/><E109/><V86/><F120/><W1/><G1/><T110/><D0/><U90/><E82/><V19/><F99/><W26/><G79/><T102/><D110/><U111/><E111/><V125/><F125/><W23/><G35/><T51/><D30/><U76/><E76/><V104/><F104/><W127/><G108/><T107/><D34/><U118/><E118/><V84/><F84/><W55/><G18/><T68/><D68/><U123/><E123/><V13/><F33/><W100/><G100/><T85/><D83/><U50/><E31/><V53/><F24/><W81/><G81/><T21/><D21/><U91/><E90/><V32/><F32/><W66/><REACH who="3" step="1"/><G127/><REACH who="3" ten="341,239,252,158" step="2"/><T40/><D126/><U41/><E41/><AGARI ba="1,1" hai="17,23,26,41,46,49,55,57,59,61,63,66,128,129" machi="41" ten="40,5200,0" yaku="1,1,2,1,52,1,53,0" doraHai="43" doraHaiUra="9" who="3" fromWho="1" sc="341,0,239,-55,252,0,158,65" /><INIT seed="2,0,0,2,3,59" ten="341,184,252,223" oya="2" hai0="83,69,23,129,102,111,93,57,91,47,68,19,128" hai1="86,109,110,37,130,61,3,80,27,127,15,122,76" hai2="32,116,0,54,49,17,88,55,73,13,12,51,30" hai3="95,108,28,20,115,52,41,92,29,34,35,58,65"/><V119/><F0/><W5/><G115/><T124/><D124/><U50/><E3/><V94/><F73/><W97/><G108/><T40/><D111/><U133/><E37/><V75/><F75/><W98/><G65/><T90/><D102/><U24/><E127/><V48/><F30/><W8/><G41/><T120/><D120/><U10/><E122/><V84/><F32/><W85/><G85/><T21/><D57/><U46/><E110/><V31/><F31/><W101/><G20/><T16/><D83/><U64/><E109/><V67/><F67/><W89/><G34/><T107/><D93/><U56/><E133/><V43/><F43/><W134/><G35/><T62/><D40/><U38/><E38/><V82/><F12/><N who="3" m="5135" /><G134/><T96/><D96/><U6/><REACH who="1" step="1"/><E130/><REACH who="1" ten="341,174,252,223" step="2"/><V121/><F121/><W112/><G112/><T33/><D129/><U60/><E60/><AGARI ba="0,1" hai="28,29,52,58,60,89,92,95,97,98,101" m="5135" machi="60" ten="30,3900,0" yaku="8,1,52,1,54,1" doraHai="59" who="3" fromWho="1" sc="341,0,174,-39,252,0,223,49" /><INIT seed="3,0,0,4,2,4" ten="341,135,252,272" oya="3" hai0="57,52,85,33,62,133,48,20,88,79,3,98,36" hai1="71,26,87,129,0,46,101,41,77,107,114,76,95" hai2="39,32,111,73,97,110,27,109,31,54,90,99,43" hai3="89,25,102,96,9,5,15,56,118,12,122,53,59"/><W86/><G118/><T21/><D33/><U51/><E71/><V7/><F73/><W2/><G122/><T116/><D36/><U104/><E114/><V108/><N who="2" m="27648" /><DORA hai="120" /><V40/><F7/><W128/><G128/><T30/><D116/><U60/><E0/><V125/><F125/><W82/><G25/><T16/><D3/><U100/><E129/><V8/><F8/><W74/><G74/><T92/><D133/><U17/><E107/><V94/><F39/><W65/><G65/><T127/><D127/><U44/><E104/><V47/><F99/><W14/><REACH who="3" step="1"/><G53/><REACH who="3" ten="341,135,252,262" step="2"/><T45/><D52/><U13/><E26/><V23/><F32/><W126/><G126/><T34/><D34/><U66/><E66/><V112/><F112/><W49/><G49/><AGARI ba="0,1" hai="23,27,31,40,43,47,49,54,90,94,97" m="27648" machi="49" ten="70,8000,1" yaku="14,1,52,4" doraHai="4,120" who="2" fromWho="3" sc="341,0,135,0,252,90,262,-80" /><INIT seed="4,0,0,5,0,8" ten="341,135,342,182" oya="0" hai0="118,57,109,106,14,125,60,74,6,10,126,42,89" hai1="122,44,15,112,87,63,115,45,1,50,32,47,113" hai2="4,62,48,41,119,88,107,83,72,17,81,59,73" hai3="69,36,79,31,7,40,54,5,33,49,3,128,46"/><T127/><D118/><U13/><E1/><V20/><F107/><W129/><G69/><T16/><D109/><U116/><E116/><V67/><F119/><W105/><G105/><T117/><D117/><U98/><E122/><V103/><F103/><W9/><G79/><T135/><D106/><U27/><E98/><V94/><F4/><W56/><G7/><T51/><D135/><U35/><E63/><V133/><F133/><W131/><G31/><T134/><D134/><U30/><E35/><AGARI ba="0,0" hai="3,5,9,33,35,36,40,46,49,54,56,128,129,131" machi="35" ten="40,1300,0" yaku="19,1" doraHai="8" who="3" fromWho="1" sc="341,0,135,-13,342,0,182,13" /><INIT seed="5,0,0,2,4,41" ten="341,122,342,195" oya="1" hai0="112,115,60,8,97,12,13,29,83,67,65,75,9" hai1="131,116,46,30,20,45,91,51,39,89,2,123,72" hai2="44,124,26,85,17,120,34,15,76,129,98,126,114" hai3="5,125,68,99,66,57,58,28,59,33,80,108,134"/><U16/><E123/><V35/><F120/><W0/><G108/><T94/><D29/><U113/><E2/><V104/><F129/><W77/><G134/><T96/><D75/><U42/><E116/><V54/><F114/><N who="0" m="43562" /><D83/><U92/><E131/><V38/><F26/><W63/><G125/><N who="2" m="48233" /><F76/><W103/><G5/><N who="0" m="3087" /><D94/><U3/><E3/><V109/><F85/><W110/><G0/><T117/><D117/><U49/><E113/><V50/><F38/><W111/><G80/><T64/><D60/><U102/><E72/><V24/><F24/><N who="3" m="18567" /><G77/><T119/><D119/><U31/><E39/><V84/><F84/><W4/><G4/><AGARI ba="0,0" hai="4,9,13,64,65,67,96,97" m="3087,43562" machi="4" ten="30,1000,0" yaku="15,1" doraHai="41" who="0" fromWho="3" sc="341,10,122,0,342,0,195,-10" /><INIT seed="6,0,0,5,3,0" ten="351,122,342,185" oya="2" hai0="114,75,35,64,77,2,78,132,60,56,21,5,93" hai1="4,1,117,18,107,53,96,13,11,83,10,135,59" hai2="121,84,91,22,129,46,29,24,103,82,30,123,48" hai3="115,12,128,111,127,63,98,97,6,109,118,72,58"/><V31/><F129/><W131/><G72/><T71/><D35/><U43/><E117/><V101/><F123/><W92/><G118/><T33/><D33/><U122/><E122/><V79/><F121/><W19/><G127/><T37/><D37/><U86/><E135/><V44/><F91/><W8/><G115/><T47/><D114/><U40/><E96/><V95/><F95/><W104/><G104/><T28/><D132/><U42/><E107/><V108/><F108/><W74/><G74/><T50/><D71/><U119/><E119/><V68/><F68/><W49/><G49/><T105/><D105/><U36/><E36/><V17/><REACH who="2" step="1"/><F44/><REACH who="2" ten="351,122,332,185" step="2"/><W100/><G109/><T85/><D93/><U116/><E116/><V70/><F70/><W38/><G111/><T69/><D69/><U16/><E18/><V41/><AGARI ba="0,1" hai="17,22,24,29,30,31,41,46,48,79,82,84,101,103" machi="41" ten="30,11700,0" yaku="1,1,0,1,8,1,53,1" doraHai="0" doraHaiUra="15" who="2" fromWho="2" sc="351,-39,122,-39,332,127,185,-39" /><INIT seed="6,1,0,0,1,34" ten="312,83,459,146" oya="2" hai0="33,112,93,81,102,35,133,95,58,64,7,67,123" hai1="87,127,21,42,98,48,108,30,31,19,75,55,6" hai2="101,120,9,44,0,82,56,76,25,132,99,51,135" hai3="103,89,80,122,22,118,125,3,71,129,45,83,39"/><V61/><F120/><W1/><G71/><T91/><D123/><U66/><E75/><V113/><F113/><W131/><G122/><T100/><D112/><U18/><E108/><V90/><F90/><W117/><G103/><T130/><D130/><N who="3" m="49673" /><G22/><T86/><D7/><U106/><E127/><V69/><F69/><W128/><G128/><T97/><D133/><N who="2" m="51274" /><F25/><W134/><G134/><T38/><D38/><U12/><E66/><N who="2" m="39207" /><F82/><N who="3" m="31275" /><G89/><T17/><D17/><U74/><E74/><V14/><F76/><W26/><G26/><T16/><D16/><U15/><E6/><N who="2" m="1223" /><F14/><W60/><G60/><T23/><D23/><U121/><E121/><V84/><F84/><W11/><G11/><T37/><D91/><U92/><E87/><V65/><F65/><W110/><G110/><T78/><D86/><U13/><E13/><V59/><F59/><W2/><G125/><T5/><D81/><U41/><E15/><V54/><F99/><W29/><G29/><T116/><D97/><U68/><E18/><V27/><F27/><W32/><G32/><T96/><D96/><U85/><E85/><V53/><F101/><W111/><G111/><T10/><D100/><N who="1" m="62743" /><E68/><V52/><AGARI ba="1,0" hai="44,51,52,53,54" m="1223,39207,51274" machi="52" ten="30,6000,0" yaku="20,1,52,1,54,1" doraHai="34" who="2" fromWho="2" sc="312,-21,83,-21,459,63,146,-21" /><INIT seed="6,2,0,5,5,126" ten="291,62,522,125" oya="2" hai0="56,3,63,67,42,33,29,52,125,71,85,2,53" hai1="61,10,120,15,134,77,31,130,127,99,87,38,80" hai2="11,76,46,92,1,18,22,30,114,135,7,103,111" hai3="41,96,26,32,43,132,79,121,82,104,25,36,88"/><V60/><F114/><W68/><G121/><T98/><D125/><U119/><E38/><V95/><F135/><W57/><G132/><T108/><D108/><U55/><E127/><V106/><F111/><W112/><G68/><T20/><D33/><U118/><E120/><V24/><F76/><W74/><G112/><T97/><D3/><U109/><E109/><V123/><F123/><W69/><G69/><T19/><D29/><U113/><E113/><V81/><F81/><W128/><G128/><T64/><D2/><U83/><E134/><V0/><F0/><W21/><G32/><T122/><D122/><U14/><E31/><V115/><F115/><W75/><G75/><T91/><D42/><U39/><E39/><V86/><F86/><W105/><G26/><T6/><D6/><U133/><E133/><V51/><F60/><W58/><G104/><T37/><D37/><U89/><E130/><V54/><REACH who="2" step="1"/><F30/><REACH who="2" ten="291,62,512,125" step="2"/><W50/><G82/><T93/><D63/><U34/><E80/><V9/><F9/><W17/><G79/><T49/><D85/><U27/><E10/><V5/><F5/><W102/><G74/><T45/><D98/><AGARI ba="2,1" hai="1,7,11,18,22,24,46,51,54,92,95,98,103,106" machi="98" ten="40,3900,0" yaku="1,1,53,1" doraHai="126" doraHaiUra="40" who="2" fromWho="0" sc="291,-45,62,0,512,55,125,0" /><INIT seed="6,3,0,0,4,58" ten="246,62,567,125" oya="2" hai0="64,7,19,42,98,127,103,89,124,110,62,118,22" hai1="26,96,75,112,44,21,72,117,23,4,95,121,10" hai2="125,50,104,119,8,52,77,54,130,74,135,45,109" hai3="113,129,0,48,105,108,78,61,80,94,41,37,13"/><V18/><F119/><W12/><G105/><T1/><D118/><U114/><E117/><V102/><F125/><W65/><G108/><T76/><D110/><U60/><E44/><V101/><F109/><W71/><G0/><T31/><D31/><U49/><E49/><V100/><F130/><W81/><G129/><T39/><D76/><U126/><E126/><V51/><F135/><W92/><G37/><T24/><D89/><U46/><E46/><V16/><F104/><W88/><G113/><T116/><D116/><U25/><E121/><V5/><F74/><W34/><G34/><T3/><D42/><U20/><E75/><V73/><F73/><W85/><G41/><T57/><D39/><U47/><E47/><N who="2" m="27743" /><F77/><W59/><G48/><T131/><D131/><U133/><E72/><V82/><F82/><N who="3" m="31851" /><G78/><T35/><D35/><U99/><E133/><V40/><F40/><W55/><G55/><T87/><D124/><U111/><E111/><V84/><F84/><N who="3" m="52231" /><G71/><T27/><D127/><U63/><E99/><V30/><F30/><W17/><G17/><T93/><D87/><U15/><E114/><V56/><F45/><W134/><G134/><T28/><D7/><U97/><E112/><V32/><F32/><W33/><G33/><T38/><D38/><U69/><E69/><V122/><F122/><W83/><N who="3" m="31859" /><W91/><AGARI ba="3,0" hai="12,13,59,61,65,85,91,94" m="52231,31859" machi="91" ten="40,8000,1" yaku="4,1,8,1,52,1,54,1" doraHai="58" who="3" fromWho="3" sc="246,-23,62,-23,567,-43,125,89" /><INIT seed="7,0,0,0,1,102" ten="223,39,524,214" oya="3" hai0="54,34,69,37,36,88,25,132,127,63,79,40,118" hai1="110,75,80,104,66,109,126,125,74,76,65,95,31" hai2="21,116,26,89,72,27,22,17,33,91,81,4,12" hai3="56,50,112,48,16,29,57,30,111,107,84,2,60"/><W43/><G2/><T28/><D118/><U51/><E31/><V19/><F116/><W20/><G111/><T59/><D127/><U45/><E51/><V15/><F33/><W87/><G112/><T70/><D132/><U103/><E45/><V3/><F3/><W93/><G107/><T120/><D120/><U71/><E71/><V135/><F135/><W47/><G56/><T124/><D124/><U52/><E66/><V10/><F12/><W18/><G18/><T53/><D79/><AGARI ba="0,0" hai="4,10,15,17,19,21,22,26,27,72,79,81,89,91" machi="79" ten="40,1300,0" yaku="9,1" doraHai="102" who="2" fromWho="0" sc="223,-13,39,0,524,13,214,0" owari="210,-19.0,39,-46.0,537,64.0,214,1.0" /></mjloggm>