<mjloggm ver="2.3"><GO type="169" lobby="0"/><UN n0="%E8%B1%86%E7%89%B9%EF%BC%A0%E6%B2%B3%E6%9D%91%E8%BB%8D%E5%9B%A3" n1="%28%EF%BC%BE%CF%89%EF%BC%BE%29%E3%81%8A%E3%81%89%E3%82%93" n2="%E3%82%A6%E3%83%AB%E3%83%88%E3%83%A9%E7%AB%8B%E7%9B%B4" n3="%EF%BC%88%EF%BC%BE%D0%94%EF%BC%BE%EF%BC%89" dan="16,17,17,17" rate="2106.29,2186.88,2116.59,2203.86" sx="M,F,M,M"/><TAIKYOKU oya="0"/><INIT seed="0,0,0,4,4,117" ten="250,250,250,250" oya="0" hai0="71,3,120,90,28,27,105,70,21,1,6,49,38" hai1="48,32,95,66,80,22,106,102,65,131,128,8,75" hai2="58,110,36,16,122,35,88,59,4,76,79,61,107" hai3="101,116,41,33,109,108,78,125,63,114,13,100,81"/><T18/><D38/><U47/><E32/><V97/><F4/><W45/><G114/><T19/><D105/><U73/><E106/><V129/><F35/><W126/><G116/><T5/><D49/><U42/><E8/><V9/><F122/><W40/><G13/><T52/><D52/><U2/><E2/><N who="0" m="521" /><D90/><U127/><E22/><V25/><F36/><W46/><G33/><N who="0" m="20639" /><D70/><U111/><E111/><N who="3" m="42570" /><G63/><T39/><D71/><U121/><E121/><V26/><F59/><W130/><G130/><N who="1" m="49706" /><E127/><N who="3" m="48650" /><G46/><T119/><D39/><U37/><E37/><V24/><F79/><W0/><G0/><T68/><D68/><U118/><E118/><V64/><F58/><W57/><G57/><T10/><D119/><U50/><E50/><V124/><F61/><W51/><G41/><T112/><D120/><U43/><E43/><V72/><F64/><N who="1" m="24681" /><E80/><V17/><F124/><W56/><G56/><T23/><D112/><U132/><E132/><V113/><F110/><W89/><G89/><T30/><D10/><U55/><E42/><V91/><F88/><W135/><G135/><T34/><D34/><U83/><E83/><V31/><F91/><W20/><G20/><N who="0" m="7755" /><D30/><U98/><AGARI ba="0,0" hai="47,48,55,73,75,95,98,102" m="24681,49706" machi="98" ten="30,1100,0" yaku="19,1" doraHai="117" who="1" fromWho="1" sc="250,-5,250,11,250,-3,250,-3" /><INIT seed="1,0,0,4,3,51" ten="245,261,247,247" oya="1" hai0="30,59,76,33,50,41,88,65,70,120,18,64,34" hai1="9,132,57,91,38,56,94,28,36,75,29,8,126" hai2="67,100,35,58,60,95,105,85,86,14,124,15,45" hai3="79,7,128,122,27,53,84,32,109,46,110,43,63"/><U42/><E75/><V66/><F105/><W24/><G122/><T55/><D120/><U112/><E112/><V102/><F35/><W92/><G128/><T68/><D76/><U89/><E126/><V134/><F124/><W80/><G7/><T49/><D18/><U125/><E125/><V54/><F134/><W13/><G13/><N who="2" m="4617" /><F45/><W107/><G107/><T1/><D1/><U26/><E26/><V31/><F31/><W72/><G32/><T98/><D34/><U12/><E12/><V117/><F117/><W2/><G2/><T22/><D33/><U97/><E42/><V39/><F39/><W114/><G114/><T0/><D0/><U5/><E5/><V127/><F127/><W133/><G133/><T61/><D22/><U90/><E90/><N who="2" m="53711" /><F86/><W74/><G74/><T113/><D30/><U4/><E4/><V104/><F104/><W83/><G46/><N who="0" m="25935" /><D88/><U101/><E132/><V118/><F118/><W37/><G37/><T81/><D81/><U82/><E82/><V71/><F71/><N who="0" m="27178" /><D98/><U121/><E97/><V19/><F19/><W11/><G83/><T115/><D115/><U20/><E121/><V111/><F111/><W25/><G110/><T106/><D106/><U123/><E123/><V3/><F3/><W119/><G109/><T96/><D96/><U10/><E101/><AGARI ba="0,0" hai="54,58,60,66,67,100,101,102" m="53711,4617" machi="101" ten="30,2000,0" yaku="8,1,52,1" doraHai="51" who="2" fromWho="1" sc="245,0,261,-20,247,20,247,0" /><INIT seed="2,0,0,1,0,48" ten="245,241,267,247" oya="2" hai0="35,15,6,87,120,95,103,114,105,24,54,72,83" hai1="81,7,106,122,5,71,43,110,118,2,4,107,128" hai2="52,109,50,47,111,98,37,91,108,126,76,135,73" hai3="102,89,10,117,80,67,77,84,46,59,62,49,113"/><V39/><F126/><W61/><G117/><T34/><D120/><U44/><E118/><V23/><F135/><W68/><G113/><T21/><D114/><U69/><E122/><V29/><F76/><W18/><G102/><T30/><D105/><U65/><E128/><V19/><F29/><W27/><G77/><T134/><D134/><U16/><E110/><V31/><F31/><W25/><G62/><T8/><D72/><U42/><E42/><V123/><F73/><W9/><G68/><T93/><D103/><U70/><E65/><V79/><F79/><W0/><G0/><T64/><D64/><U11/><E81/><V58/><F123/><W131/><G131/><T45/><D34/><U115/><E115/><V63/><F98/><W60/><G60/><T99/><D99/><U56/><E56/><V132/><F91/><W92/><G92/><T17/><D87/><U125/><E125/><V100/><F100/><W96/><G96/><T51/><D83/><U101/><E101/><V94/><F94/><W12/><REACH who="3" step="1"/><G10/><REACH who="3" ten="245,241,267,237" step="2"/><T133/><D133/><U112/><E112/><V78/><F78/><W40/><AGARI ba="0,1" hai="9,12,18,25,27,40,46,49,59,61,67,80,84,89" machi="40" ten="20,8000,1" yaku="1,1,2,1,0,1,7,1,8,1,53,0" doraHai="48" doraHaiUra="66" who="3" fromWho="3" sc="245,-20,241,-20,267,-40,237,90" /><INIT seed="3,0,0,4,3,1" ten="225,221,227,327" oya="3" hai0="63,60,73,52,58,77,98,9,56,7,76,121,123" hai1="45,118,8,5,37,72,32,86,49,83,99,51,50" hai2="109,90,116,66,75,43,46,120,128,15,0,6,3" hai3="23,26,129,79,39,93,133,94,106,91,126,30,105"/><W112/><G112/><T114/><D114/><U108/><E32/><V34/><F34/><W100/><G39/><T101/><D121/><U47/><E108/><V17/><F116/><W131/><G133/><T71/><D71/><U64/><E118/><V28/><F120/><W107/><G126/><T134/><D134/><U81/><E64/><V85/><F75/><W89/><G79/><T36/><D36/><U14/><E37/><V27/><F66/><W61/><G61/><T25/><D25/><U57/><E57/><V24/><F109/><W10/><G10/><T130/><D130/><U80/><E72/><V21/><F128/><N who="3" m="49227" /><G100/><T117/><D73/><U33/><E33/><V54/><F54/><W104/><G104/><T41/><D41/><U62/><E62/><V84/><F43/><W22/><G23/><T135/><D135/><U110/><E110/><V65/><F65/><W124/><G124/><T11/><D11/><U12/><E12/><V35/><F46/><N who="1" m="17417" /><E99/><V132/><F132/><W53/><G53/><N who="0" m="33807" /><D117/><U82/><E82/><V88/><F85/><AGARI ba="0,0" hai="5,8,14,49,50,51,80,81,83,85,86" m="17417" machi="85" ten="40,2600,0" yaku="8,1,52,1" doraHai="1" who="1" fromWho="2" sc="225,0,221,26,227,-26,327,0" /><INIT seed="4,0,0,1,0,63" ten="225,247,201,327" oya="0" hai0="48,39,47,12,50,115,92,111,91,41,51,83,52" hai1="62,18,38,100,90,27,70,81,130,30,53,3,124" hai2="75,116,36,74,40,37,54,8,85,68,109,99,6" hai3="13,120,128,71,61,104,4,97,69,102,65,46,122"/><T19/><D115/><U80/><E38/><V101/><F109/><W119/><G119/><T58/><D111/><U106/><E3/><V33/><F33/><W114/><G114/><T45/><D83/><U9/><E124/><V55/><F116/><W34/><G128/><T1/><D1/><U84/><E130/><V22/><F68/><W76/><G34/><T57/><D57/><U121/><E121/><N who="3" m="46698" /><G76/><T93/><D93/><U107/><E80/><V29/><F85/><W123/><G46/><T28/><D28/><U95/><E9/><V49/><F37/><W126/><G126/><T110/><D45/><U31/><E18/><V11/><F36/><W72/><G72/><T5/><D5/><U113/><E31/><V129/><F129/><W87/><G87/><T35/><D35/><U77/><E100/><V14/><F40/><W59/><G123/><T56/><D56/><U16/><E16/><V108/><F108/><W133/><G133/><T127/><D127/><U32/><E113/><V86/><F86/><W67/><G67/><T26/><D110/><U23/><E32/><V66/><F66/><W17/><G4/><T135/><D135/><U118/><E118/><V88/><F75/><W15/><G13/><T44/><D12/><U79/><E79/><V0/><F74/><W60/><G61/><N who="0" m="36039" /><D39/><U73/><E70/><V96/><F14/><W94/><G104/><T43/><D43/><U103/><E103/><V82/><F101/><W21/><AGARI ba="0,0" hai="15,17,21,59,60,65,69,71,94,97,102" m="46698" machi="21" ten="30,2000,0" yaku="13,1,52,1" doraHai="63" who="3" fromWho="3" sc="225,-10,247,-5,201,-5,327,20" /><INIT seed="5,0,0,2,1,27" ten="215,242,196,347" oya="1" hai0="43,51,89,32,102,134,0,59,63,101,68,71,5" hai1="7,53,39,112,85,12,22,77,104,114,95,78,124" hai2="19,70,2,16,54,119,24,49,88,92,72,97,38" hai3="47,35,11,79,75,106,46,126,17,73,127,110,23"/><U55/><E104/><V69/><F119/><W118/><G110/><T128/><D32/><U131/><E39/><V100/><F38/><W20/><G35/><T121/><D121/><U6/><E124/><V41/><F41/><W57/><G106/><T123/><D123/><U99/><E131/><V76/><F2/><W113/><G113/><N who="1" m="43626" /><E22/><V81/><F24/><W8/><G57/><T30/><D30/><U33/><E33/><V10/><F100/><W50/><G50/><T120/><D101/><N who="1" m="60671" /><E85/><V66/><F66/><W37/><G37/><T83/><D128/><U103/><E103/><V29/><F29/><W86/><G86/><N who="0" m="50399" /><D102/><U9/><E6/><V34/><F34/><W4/><G4/><T80/><D120/><U87/><E87/><V44/><REACH who="2" step="1"/><F10/><REACH who="2" ten="215,242,186,347" step="2"/><W82/><G118/><T14/><D0/><U105/><E105/><V90/><F90/><W115/><G115/><T15/><D80/><U65/><E65/><V122/><F122/><W21/><G82/><T111/><D43/><U61/><E55/><V93/><F93/><W98/><G126/><T67/><D67/><U108/><E108/><V129/><F129/><W42/><G127/><T94/><D111/><U125/><E125/><V48/><F48/><W18/><G42/><T117/><D51/><U26/><E26/><V116/><F116/><W25/><G25/><T132/><D117/><U60/><E53/><V28/><F28/><W91/><G91/><T56/><D94/><U58/><E61/><V74/><F74/><W109/><G109/><T130/><D130/><U107/><E107/><V84/><F84/><RYUUKYOKU ba="0,1" sc="215,-15,242,15,186,15,347,-15" hai1="7,9,12,58,60,77,78" hai2="16,19,44,49,54,69,70,72,76,81,88,92,97" /><INIT seed="5,1,1,0,0,13" ten="200,257,201,332" oya="1" hai0="57,58,45,98,53,41,25,128,47,134,66,110,69" hai1="26,5,106,100,39,72,54,101,78,17,18,48,130" hai2="6,91,33,123,127,7,22,64,73,59,111,62,83" hai3="109,124,74,116,28,1,50,107,65,133,129,97,77"/><U131/><E39/><V92/><F33/><W75/><G28/><T27/><D110/><U0/><E26/><V114/><F111/><W115/><G50/><T10/><D134/><U42/><E42/><V11/><F123/><W56/><G97/><T90/><D128/><N who="1" m="49195" /><E106/><V16/><F127/><W95/><G56/><T113/><D113/><U94/><E78/><V82/><F114/><W8/><G77/><T70/><D58/><N who="1" m="33095" /><E72/><V36/><F36/><W120/><G107/><T88/><D25/><U126/><E126/><V31/><F31/><W23/><G75/><T51/><D27/><U2/><E5/><N who="2" m="1547" /><F11/><W15/><G8/><T14/><D10/><U102/><E94/><V67/><F67/><W35/><G95/><N who="0" m="56679" /><D66/><U55/><E55/><V84/><F73/><W103/><G65/><T20/><D70/><U86/><E86/><V49/><F49/><W12/><G74/><T52/><D69/><U43/><E43/><V105/><F105/><W61/><G129/><T19/><D53/><U30/><E30/><V38/><F38/><W135/><G124/><T71/><D71/><U89/><E89/><V108/><F108/><W79/><G109/><T117/><D90/><U87/><E87/><V29/><F29/><W119/><G135/><T3/><D41/><U60/><E60/><V21/><F21/><W118/><G23/><T32/><D32/><U4/><E4/><V76/><F76/><W63/><G35/><T9/><D20/><U99/><E99/><V132/><F132/><W34/><G133/><T46/><D117/><N who="3" m="29953" /><W37/><DORA hai="85" /><G34/><T44/><D44/><RYUUKYOKU ba="1,1" sc="200,10,257,10,201,10,332,-30" hai0="3,9,14,19,45,46,47,51,52,57" hai1="0,2,17,18,100,101,102" hai2="16,22,59,62,64,82,83,84,91,92" /><INIT seed="5,2,1,0,2,122" ten="210,267,211,302" oya="1" hai0="132,73,31,32,56,119,59,26,106,124,128,46,42" hai1="104,23,22,64,90,58,71,113,92,93,85,89,44" hai2="12,83,6,55,8,95,79,52,68,135,117,80,116" hai3="109,49,70,77,125,43,96,5,86,99,123,131,69"/><U7/><E71/><V0/><F135/><W18/><G5/><T129/><D119/><U19/><E104/><V4/><F68/><W9/><G123/><T72/><D106/><U15/><E113/><V13/><F95/><W94/><G99/><T25/><D132/><U130/><E130/><N who="0" m="50281" /><D25/><U88/><E7/><V28/><F28/><W67/><G86/><T45/><D124/><U51/><E23/><V112/><F79/><W75/><G49/><N who="0" m="26807" /><D46/><U39/><E39/><V47/><F47/><W57/><G43/><T63/><D59/><U107/><E107/><V121/><F121/><W100/><G67/><AGARI ba="2,1" hai="26,31,32,56,63,67,72,73" m="26807,50281" machi="67" ten="30,1000,0" yaku="19,1" doraHai="122" who="0" fromWho="3" sc="210,26,267,0,211,0,302,-16" /><INIT seed="6,0,0,1,1,76" ten="236,267,211,286" oya="2" hai0="102,34,113,125,69,37,75,13,12,97,81,24,35" hai1="73,0,117,72,78,91,62,4,53,120,129,132,66" hai2="68,25,83,104,70,119,105,92,48,110,121,86,133" hai3="57,2,51,106,33,7,63,87,74,100,135,109,108"/><V67/><F121/><W127/><G74/><T10/><D37/><U3/><E117/><V93/><F119/><W47/><G33/><T44/><D125/><U59/><E129/><V38/><F38/><W30/><G30/><T21/><D69/><N who="2" m="26730" /><F67/><W52/><G135/><T16/><D113/><U6/><E132/><V88/><F133/><W71/><G127/><T118/><D118/><U130/><E130/><V17/><F48/><W46/><G71/><T45/><D13/><U22/><E120/><V29/><F17/><W14/><G2/><T114/><D114/><U49/><E0/><V79/><F110/><W39/><G39/><T26/><D26/><U18/><E3/><V20/><F93/><W64/><G47/><T40/><D40/><U103/><E103/><V56/><F56/><W80/><G106/><T11/><D45/><N who="1" m="27823" /><E73/><V96/><F105/><W36/><G100/><T60/><D44/><U54/><E72/><V61/><F61/><W8/><G36/><T112/><D60/><U131/><E78/><AGARI ba="0,0" hai="7,8,14,46,51,52,57,63,64,78,80,87,108,109" machi="78" ten="30,3900,0" yaku="7,1,52,1,54,1" doraHai="76" who="3" fromWho="1" sc="236,0,267,-39,211,0,286,39" /><INIT seed="7,0,0,5,4,10" ten="236,228,211,325" oya="3" hai0="4,99,37,86,79,60,47,68,84,87,113,11,24" hai1="66,51,104,41,94,26,33,106,67,39,8,1,127" hai2="92,116,81,61,91,12,38,100,125,46,117,114,123" hai3="16,105,5,132,65,130,93,14,107,134,133,122,111"/><W48/><G130/><T108/><D108/><U69/><E127/><V22/><F125/><W44/><G111/><T75/><D24/><U124/><E124/><V70/><F114/><W109/><G109/><T25/><D25/><U128/><E128/><V64/><F123/><W126/><G126/><T31/><D31/><N who="1" m="19703" /><E94/><V135/><F135/><W95/><G122/><T0/><D99/><U74/><E51/><V118/><F100/><W40/><G5/><T77/><D113/><U23/><E23/><V97/><F81/><W62/><G93/><T102/><D102/><U89/><E89/><V82/><F82/><W73/><G95/><T63/><D75/><U131/><E67/><V19/><REACH who="2" step="1"/><F46/><REACH who="2" ten="236,228,201,325" step="2"/><W7/><G73/><T76/><D47/><N who="1" m="23999" /><E74/><V129/><F129/><W110/><G110/><T57/><D76/><U120/><E131/><V36/><AGARI ba="0,1" hai="12,19,22,36,38,61,64,70,91,92,97,116,117,118" machi="36" ten="40,5200,0" yaku="1,1,0,1,52,1,53,0" doraHai="10" doraHaiUra="35" who="2" fromWho="2" sc="236,-13,228,-13,201,62,325,-26" /><INIT seed="8,0,0,3,1,96" ten="223,215,263,299" oya="0" hai0="76,107,62,65,99,95,41,68,30,94,67,17,4" hai1="29,26,34,111,47,128,120,77,24,45,102,82,106" hai2="64,10,32,56,57,69,100,63,89,55,13,81,121" hai3="74,131,83,115,88,9,7,92,6,35,84,44,15"/><T79/><D107/><U119/><E111/><V40/><F32/><W97/><G115/><T91/><D4/><U5/><E120/><V16/><F121/><W39/><G131/><T87/><D41/><U130/><E119/><V8/><F69/><W36/><G35/><T58/><D30/><U116/><E5/><V104/><F40/><W71/><G71/><T51/><D17/><U3/><E3/><V23/><F104/><W19/><G74/><T134/><D134/><U73/><E24/><V110/><F110/><W85/><G85/><T31/><D31/><U14/><E14/><V12/><F100/><W61/><G61/><T22/><D22/><U27/><E27/><V20/><F89/><W38/><REACH who="3" step="1"/><G44/><REACH who="3" ten="223,215,263,289" step="2"/><T54/><REACH who="0" step="1"/><D67/><REACH who="0" ten="213,215,263,289" step="2"/><U90/><E128/><V0/><F64/><W48/><G48/><T113/><D113/><U46/><E130/><V53/><F53/><W127/><G127/><T1/><D1/><U66/><E66/><V118/><F55/><W124/><G124/><T43/><D43/><U129/><E129/><V126/><F126/><W28/><G28/><T72/><D72/><U2/><E73/><V123/><F0/><W52/><G52/><T86/><D86/><U21/><E2/><V103/><F123/><W25/><G25/><T18/><D18/><U101/><E34/><V42/><F16/><W75/><G75/><T50/><D50/><U70/><E26/><V78/><F42/><W37/><G37/><T11/><D11/><U49/><E49/><V112/><F8/><W105/><G105/><T59/><D59/><N who="2" m="22602" /><F10/><W80/><G80/><RYUUKYOKU ba="0,2" sc="213,15,215,-15,263,-15,289,15" hai0="51,54,58,62,65,68,76,79,87,91,94,95,99" hai3="6,7,9,15,19,36,38,39,83,84,88,92,97" /><INIT seed="8,1,2,3,3,106" ten="228,200,248,304" oya="0" hai0="123,89,3,63,6,57,88,83,127,101,107,76,80" hai1="10,44,13,51,22,36,115,105,70,2,49,8,21" hai2="9,124,130,114,90,52,125,47,0,64,62,43,55" hai3="41,77,32,122,1,131,67,128,112,104,18,85,108"/><T15/><D123/><U92/><E105/><V46/><F90/><W30/><G108/><T7/><D3/><U48/><E70/><N who="2" m="42263" /><F114/><W135/><G112/><T23/><D127/><N who="2" m="48714" /><F130/><W118/><G118/><T72/><D101/><U50/><E115/><V81/><F81/><N who="3" m="47279" /><G135/><T24/><D107/><U14/><E2/><V134/><F134/><W31/><G104/><T102/><D102/><U16/><E36/><N who="2" m="21863" /><F47/><W28/><G1/><T75/><D80/><U120/><E120/><V69/><F69/><W93/><G32/><T86/><D89/><U78/><E78/><V113/><F113/><W20/><G122/><T119/><D119/><U129/><E129/><N who="3" m="49738" /><G93/><T42/><D83/><U38/><E38/><V59/><F59/><W34/><G34/><T54/><D76/><U33/><E92/><V116/><F116/><W74/><G41/><T126/><D42/><N who="1" m="24599" /><E33/><V110/><F110/><W133/><G133/><T35/><D35/><U19/><AGARI ba="1,2" hai="8,10,13,14,16,19,21,22,49,50,51" m="24599" machi="19" ten="30,2000,0" yaku="8,1,54,1" doraHai="106" who="1" fromWho="1" sc="228,-11,200,43,248,-6,304,-6" /><INIT seed="9,0,0,5,1,107" ten="217,243,242,298" oya="1" hai0="91,7,19,15,18,9,132,61,101,100,117,32,23" hai1="52,47,77,84,58,60,121,97,90,39,99,54,76" hai2="30,38,119,73,131,21,10,24,104,29,82,92,98" hai3="48,2,103,67,127,1,116,112,12,68,120,13,110"/><U115/><E121/><V20/><F104/><W124/><G110/><T72/><D32/><U6/><E115/><V63/><F38/><W93/><G112/><T108/><D108/><U45/><E6/><V71/><F131/><W40/><G120/><T55/><D72/><U22/><E39/><V122/><F122/><W74/><G74/><T43/><D43/><U59/><E22/><V118/><F10/><W8/><G116/><N who="2" m="44585" /><F63/><N who="3" m="40063" /><G13/><T96/><D132/><U17/><E17/><V42/><F42/><W28/><G28/><T105/><D117/><U126/><E126/><N who="3" m="48170" /><G48/><T31/><D31/><U66/><E76/><N who="2" m="44303" /><F71/><W65/><G65/><T106/><D19/><U114/><E77/><V5/><F5/><N who="3" m="3087" /><G40/><T89/><D61/><N who="1" m="36055" /><E114/><V95/><F98/><AGARI ba="0,0" hai="1,2,93,98,103" m="3087,48170,40063" machi="98" ten="30,1000,0" yaku="18,1" doraHai="107" who="3" fromWho="2" sc="217,0,243,0,242,-10,298,10" owari="217,-28.0,243,4.0,232,-17.0,308,41.0" /></mjloggm>