<mjloggm ver="2.3"><GO type="225" lobby="0"/><UN n0="%E3%83%88%E3%83%88%E3%83%AA%E5%85%88%E7%94%9F%31%39%E6%AD%B3" n1="%E5%A4%A7%E6%AD%A3%E7%BE%A9%E9%87%8E%E7%90%83%E5%A8%98" n2="%E9%95%B7%E5%B7%9E%E3%81%AE%E5%85%8B" n3="%6B%79%6F%6E%6B%6F%31%31" dan="17,16,17,17" rate="2239.07,2096.14,2176.31,2207.61" sx="F,F,M,M"/><TAIKYOKU oya="0"/><INIT seed="0,0,0,1,1,73" ten="250,250,250,250" oya="0" hai0="29,25,111,105,132,19,30,77,134,57,62,121,16" hai1="9,67,90,28,116,20,131,89,46,80,32,48,52" hai2="36,88,82,33,2,12,127,104,6,64,71,5,50" hai3="115,106,126,86,41,17,91,112,101,0,117,58,38"/><T53/><D121/><U35/><E116/><V7/><F33/><W18/><G0/><T123/><D123/><U122/><E122/><V60/><F36/><W44/><G117/><T108/><D105/><U40/><E131/><V63/><F104/><W13/><G126/><T70/><D70/><U56/><E67/><V96/><F2/><W27/><G18/><N who="0" m="6699" /><D77/><U93/><E9/><V113/><F113/><W99/><G58/><T39/><D39/><U24/><E80/><V11/><F127/><W95/><REACH who="3" step="1"/><G27/><REACH who="3" ten="250,250,250,240" step="2"/><T118/><D118/><U74/><E74/><V61/><F71/><W43/><G43/><T42/><D42/><U110/><E110/><N who="0" m="42025" /><D30/><U81/><E81/><V87/><F64/><W124/><G124/><T78/><D78/><U109/><E109/><V133/><F133/><W129/><G129/><T14/><D14/><U55/><E55/><V4/><F96/><W75/><G75/><T79/><D79/><U94/><E90/><V23/><F23/><AGARI ba="0,1" hai="13,17,23,38,41,44,86,91,95,99,101,106,112,115" machi="23" ten="30,2000,0" yaku="1,1,7,1,53,0" doraHai="73" doraHaiUra="51" who="3" fromWho="2" sc="250,0,250,0,250,-20,240,30" /><AGARI ba="0,0" hai="23,25,29,53,57,62,132,134" m="42025,6699" machi="23" ten="30,5800,0" yaku="14,1,10,1,54,1" doraHai="73" who="0" fromWho="2" sc="250,58,250,0,230,-58,270,0" /><INIT seed="0,1,0,0,5,118" ten="308,250,172,270" oya="0" hai0="124,63,43,12,83,44,80,122,35,59,57,2,19" hai1="106,73,109,101,0,61,25,128,69,40,39,49,94" hai2="133,77,120,112,119,126,16,6,32,91,11,92,66" hai3="123,10,37,1,36,24,52,42,31,93,3,4,89"/><T15/><D122/><U58/><E73/><V86/><F32/><W114/><G114/><T90/><D35/><U20/><E0/><V51/><F112/><W34/><G1/><T134/><D2/><U125/><E109/><V103/><F119/><W8/><G8/><T104/><D104/><U82/><E128/><V107/><F66/><W76/><G76/><T85/><D134/><U17/><E39/><V113/><F126/><W88/><G123/><T26/><D124/><U108/><E108/><V84/><F133/><W47/><G37/><T30/><D83/><U98/><E125/><V127/><F120/><W102/><REACH who="3" step="1"/><G52/><REACH who="3" ten="308,250,172,260" step="2"/><N who="0" m="34215" /><D43/><U132/><E132/><V55/><F127/><W7/><G7/><T129/><D129/><U87/><E40/><V95/><F113/><W45/><G45/><T41/><D41/><U70/><E49/><V21/><F6/><W48/><G48/><T56/><D44/><U81/><E106/><V33/><F11/><W5/><G5/><T14/><D30/><U116/><E116/><V130/><F107/><W9/><G9/><T74/><D74/><U64/><E82/><V115/><F130/><W100/><G100/><T65/><D65/><U13/><E13/><N who="0" m="5225" /><D26/><U79/><AGARI ba="1,1" hai="17,20,25,58,61,64,69,70,79,81,87,94,98,101" machi="79" ten="20,1500,0" yaku="0,1,7,1" doraHai="118" who="1" fromWho="1" sc="308,-8,250,28,172,-5,260,-5" /><INIT seed="1,0,0,5,4,135" ten="300,278,167,255" oya="1" hai0="107,133,121,125,59,91,37,11,124,134,118,28,0" hai1="94,126,52,88,106,47,33,29,84,92,2,55,101" hai2="18,10,48,108,41,44,113,69,61,70,9,122,98" hai3="77,120,111,90,66,57,24,83,74,58,45,89,36"/><U34/><E2/><V71/><F122/><W132/><G120/><T35/><D121/><U78/><E106/><V3/><F108/><W21/><G111/><T127/><D107/><U31/><E78/><V105/><F113/><W119/><G132/><N who="0" m="50795" /><D118/><U46/><E126/><V97/><F105/><W62/><G119/><T25/><D37/><U73/><E73/><V82/><F3/><W86/><G74/><T40/><D40/><U32/><E101/><V1/><F82/><W53/><G45/><T42/><D42/><U12/><E12/><V14/><REACH who="2" step="1"/><F61/><REACH who="2" ten="300,278,157,255" step="2"/><W5/><G36/><T129/><D0/><U56/><E94/><V114/><F114/><W20/><G5/><AGARI ba="0,1" hai="1,5,9,10,14,18,41,44,48,69,70,71,97,98" machi="5" ten="40,1300,0" yaku="1,1,53,0" doraHai="135" doraHaiUra="76" who="2" fromWho="3" sc="300,0,278,0,157,23,255,-13" /><INIT seed="2,0,0,5,5,59" ten="300,278,180,242" oya="2" hai0="115,68,48,58,76,114,20,111,18,79,66,45,125" hai1="7,96,110,98,44,101,108,122,11,74,117,41,36" hai2="51,27,99,113,86,87,65,25,61,23,63,133,10" hai3="116,8,32,62,12,92,100,16,57,28,2,6,93"/><V129/><F113/><W118/><G32/><T84/><D68/><U119/><E74/><V22/><F129/><W126/><G28/><T132/><D132/><U35/><E35/><V112/><F112/><W64/><G126/><T70/><D70/><U120/><E98/><V124/><F99/><W49/><G100/><T104/><D104/><N who="1" m="63527" /><E117/><V109/><F10/><W95/><REACH who="3" step="1"/><G49/><REACH who="3" ten="300,278,180,232" step="2"/><T14/><D125/><U54/><E119/><V4/><F124/><W102/><G102/><T107/><D115/><U134/><E134/><V17/><F133/><W52/><G52/><T31/><D31/><U77/><E54/><V39/><F51/><W13/><G13/><T0/><D114/><U130/><E130/><V89/><F65/><W105/><G105/><T47/><D107/><U82/><E120/><V55/><F55/><W131/><G131/><T127/><D127/><U67/><E122/><V30/><F39/><W94/><N who="3" m="23552" /><DORA hai="121" /><W80/><G80/><T73/><D48/><U9/><E67/><V33/><F33/><W71/><G71/><T24/><D14/><U103/><E103/><V78/><F4/><W46/><G46/><T50/><D47/><U53/><E53/><V19/><F30/><W123/><G123/><T90/><D45/><U106/><E106/><V75/><F89/><W3/><G3/><T37/><D0/><U42/><E42/><V56/><F78/><N who="0" m="29738" /><D50/><U34/><E34/><V21/><F21/><AGARI ba="0,1" hai="2,6,8,12,16,21,57,62,64,116,118" m="23552" machi="21" ten="50,12000,2" yaku="1,1,52,1,54,1,53,4" doraHai="59,121" doraHaiUra="128,91" who="3" fromWho="2" sc="300,0,278,0,180,-120,232,130" /><INIT seed="3,0,0,3,5,119" ten="300,278,60,362" oya="3" hai0="76,108,7,105,112,100,11,92,22,67,120,72,130" hai1="26,103,56,3,6,96,58,38,0,121,135,134,19" hai2="57,37,41,62,40,98,128,5,45,84,14,82,125" hai3="113,107,124,86,33,73,99,25,53,70,1,59,101"/><W12/><G70/><T88/><D108/><U117/><E38/><V104/><F14/><W116/><G73/><T18/><D130/><U24/><E117/><V28/><F5/><W60/><G1/><N who="1" m="586" /><E6/><V23/><F28/><W77/><G116/><T118/><D118/><U132/><E19/><V42/><F23/><W115/><G124/><T44/><D112/><U122/><E56/><V127/><F84/><W80/><REACH who="3" step="1"/><G12/><REACH who="3" ten="300,278,60,352" step="2"/><N who="0" m="5247" /><D72/><U55/><E24/><V89/><F98/><W133/><G133/><T68/><D68/><U79/><E26/><V69/><F89/><W106/><G106/><T94/><D105/><N who="1" m="63719" /><E79/><V51/><F104/><W114/><G114/><T49/><D76/><U123/><E123/><V50/><F128/><W54/><G54/><N who="0" m="29991" /><D120/><U91/><E91/><V47/><F125/><W52/><G52/><T2/><D2/><U65/><E65/><N who="2" m="41143" /><F127/><W48/><G48/><AGARI ba="0,1" hai="48,55,58,121,122,132,134,135" m="63719,586" machi="48" ten="40,5200,0" yaku="20,1,52,2" doraHai="119" who="1" fromWho="3" sc="300,0,278,62,60,0,352,-52" owari="300,10.0,340,44.0,60,-44.0,300,-10.0" /></mjloggm>