<mjloggm ver="2.3"><GO type="97" lobby="0"/><UN n0="%E5%B0%B1%E6%B4%BB%E7%94%9F%40%E5%B7%9D%E6%9D%91%E8%BB%8D%E5%9B%A3" n1="%4D%49%73%61%73%61%6B%61" n2="%E8%B6%85%E8%83%BD%E5%8A%9B%E8%80%85" n3="%64%61%69%64%61%6F%72%65" dan="14,14,13,14" rate="1935.59,2008.43,1905.09,1873.83" sx="M,M,M,M"/><TAIKYOKU oya="0"/><INIT seed="0,0,0,4,4,38" ten="250,250,250,250" oya="0" hai0="135,27,96,9,32,72,25,85,15,123,71,13,65" hai1="132,16,129,121,17,112,59,37,12,115,57,63,133" hai2="101,26,2,58,29,87,44,78,55,46,127,11,45" hai3="107,42,61,83,53,99,134,116,103,104,41,109,21"/><T51/><D72/><U4/><E121/><V106/><F106/><W30/><G116/><T119/><D123/><U23/><E37/><V70/><F70/><W64/><G53/><T0/><D119/><U117/><E117/><V22/><F127/><W94/><G109/><T56/><D135/><N who="1" m="51787" /><E129/><V69/><F69/><W89/><G83/><T54/><D32/><U110/><E110/><V97/><F2/><W95/><G134/><T67/><D0/><U24/><E63/><V75/><F75/><W66/><G107/><T126/><D126/><U100/><E100/><V105/><F11/><W102/><G102/><T111/><D111/><U7/><E57/><V125/><F125/><W6/><G6/><N who="1" m="2090" /><E59/><V86/><REACH who="2" step="1"/><F78/><REACH who="2" ten="250,250,240,250" step="2"/><W48/><G104/><T79/><D71/><U82/><E82/><V8/><F8/><AGARI ba="0,1" hai="8,12,16,17,23,24,112,115" m="2090,51787" machi="8" ten="30,7700,0" yaku="20,1,34,2,54,1" doraHai="38" who="1" fromWho="2" sc="250,0,250,87,240,-77,250,0" /><INIT seed="1,0,0,0,5,46" ten="250,337,163,250" oya="1" hai0="7,96,9,67,13,71,61,126,37,76,19,80,58" hai1="72,94,88,116,8,112,82,118,117,69,135,59,79" hai2="111,35,30,90,1,2,4,21,56,100,134,6,129" hai3="99,91,84,0,83,45,125,11,47,133,20,50,60"/><U44/><E112/><V95/><F100/><W122/><G122/><T43/><D126/><U18/><E69/><V54/><F111/><W75/><G125/><T31/><D31/><U127/><E127/><V108/><F108/><W64/><G133/><T98/><D71/><U27/><E135/><V17/><F35/><W110/><G110/><T25/><D37/><U93/><E59/><V57/><F134/><W131/><G131/><T23/><REACH who="0" step="1"/><D43/><REACH who="0" ten="240,337,163,250" step="2"/><U48/><E117/><V128/><F30/><W70/><G75/><AGARI ba="0,1" hai="7,9,13,19,23,25,58,61,67,75,76,80,96,98" machi="75" ten="30,3900,0" yaku="1,1,2,1,7,1,53,0" doraHai="46" doraHaiUra="119" who="0" fromWho="3" sc="240,49,337,0,163,0,250,-39" /><INIT seed="2,0,0,0,3,61" ten="289,337,163,211" oya="2" hai0="3,62,29,102,100,119,81,130,93,22,96,41,26" hai1="110,36,4,17,135,38,64,115,55,83,58,89,65" hai2="132,53,80,73,74,109,18,46,116,72,19,30,134" hai3="7,101,13,0,33,92,47,59,128,97,104,95,67"/><V77/><F116/><W16/><G33/><T66/><D3/><U91/><E115/><V1/><F1/><W70/><G70/><T15/><D119/><U43/><E135/><N who="2" m="51755" /><F30/><W48/><G128/><T21/><D130/><U82/><E4/><V105/><F105/><W124/><G124/><T8/><D41/><U37/><E43/><V54/><F109/><W118/><G118/><T76/><D22/><U35/><E35/><V27/><F27/><W106/><G106/><T112/><D112/><U111/><E17/><N who="2" m="6155" /><F46/><W75/><G75/><AGARI ba="0,0" hai="53,54,72,73,74,75,77,80" m="6155,51755" machi="75" ten="40,2000,0" yaku="20,1" doraHai="61" who="2" fromWho="3" sc="289,0,337,0,163,20,211,-20" /><INIT seed="2,1,0,5,2,61" ten="289,337,183,191" oya="2" hai0="113,11,111,107,66,68,103,17,71,81,116,0,31" hai1="5,50,93,15,123,8,56,35,115,52,36,12,100" hai2="126,32,131,2,105,38,73,102,83,72,14,114,129" hai3="45,88,79,22,117,57,49,29,65,104,3,33,98"/><V130/><F114/><W62/><G117/><T54/><D54/><U55/><E36/><V135/><F2/><W39/><G39/><T28/><D17/><U19/><E115/><V63/><F38/><W60/><G33/><T7/><D113/><U92/><E35/><V120/><F120/><W34/><G34/><T58/><D111/><U128/><E128/><V82/><F32/><W118/><G118/><T40/><D116/><U85/><E100/><V25/><F25/><N who="3" m="16567" /><G104/><T70/><D40/><U89/><E55/><V74/><F14/><W124/><G124/><T76/><D103/><U132/><E123/><V110/><F126/><W1/><G79/><T112/><D107/><U67/><E132/><V119/><F119/><W134/><G134/><T46/><D46/><U77/><E77/><V16/><F135/><W9/><G9/><T91/><D91/><U30/><E30/><V43/><F43/><N who="3" m="24767" /><G3/><T86/><REACH who="0" step="1"/><D112/><REACH who="0" ten="279,337,183,191" step="2"/><U95/><REACH who="1" step="1"/><E67/><REACH who="1" ten="279,327,183,191" step="2"/><V59/><F110/><W121/><G121/><T133/><D133/><U127/><E127/><V78/><F78/><W99/><G88/><T10/><D10/><AGARI ba="1,2" hai="5,8,10,12,15,19,50,52,56,85,89,92,93,95" machi="10" ten="30,7700,0" yaku="1,1,7,1,8,1,54,1,53,0" doraHai="61" doraHaiUra="41" who="1" fromWho="0" sc="279,-80,327,100,183,0,191,0" /><INIT seed="3,0,0,0,5,103" ten="199,427,183,191" oya="3" hai0="20,69,93,79,94,115,85,116,91,41,2,89,22" hai1="70,47,114,54,122,67,74,55,88,48,125,81,36" hai2="13,34,87,71,134,7,112,83,73,98,64,128,1" hai3="45,65,16,130,86,126,132,105,84,5,66,109,17"/><W107/><G132/><T129/><D2/><U44/><E114/><V59/><F112/><W29/><G29/><T99/><D69/><U9/><E125/><V38/><F38/><W62/><G126/><T25/><D115/><U124/><E124/><V6/><F134/><W106/><G130/><T10/><D116/><U28/><E9/><V72/><F128/><W80/><G109/><T104/><D104/><U15/><E15/><V49/><F34/><W92/><G92/><T90/><D129/><U40/><E54/><V102/><F1/><W120/><G120/><T133/><D133/><U95/><E28/><V42/><F71/><W23/><G5/><T119/><D119/><U51/><E81/><V18/><F73/><W0/><G0/><T131/><D131/><U60/><E74/><V57/><F72/><W135/><G135/><T100/><D41/><U50/><E122/><V78/><F102/><W101/><G101/><T53/><D10/><U76/><E76/><V11/><F98/><AGARI ba="0,0" hai="36,40,44,47,48,50,51,55,60,67,70,88,95,98" machi="98" ten="30,2000,0" yaku="7,1,54,1" doraHai="103" who="1" fromWho="2" sc="199,0,427,20,183,-20,191,0" owari="199,0.0,447,55.0,163,-34.0,191,-21.0" /></mjloggm>