<mjloggm ver="2.3"><GO type="41" lobby="0"/><UN n0="%E8%84%82%E8%82%AA" n1="%6D%61%79%35%39" n2="%EF%BC%91%EF%BC%90%E5%86%86%E3%83%8F%E3%82%B2" n3="%E5%B0%B1%E6%B4%BB%E7%94%9F%40%E5%B7%9D%E6%9D%91%E8%BB%8D%E5%9B%A3" dan="14,13,13,15" rate="1932.86,1808.60,1851.02,2025.78" sx="M,F,M,M"/><TAIKYOKU oya="0"/><INIT seed="0,0,0,4,2,46" ten="250,250,250,250" oya="0" hai0="53,29,43,128,21,84,18,116,107,10,69,76,94" hai1="12,68,17,30,74,52,54,5,19,45,57,110,63" hai2="50,112,101,61,58,75,135,129,125,120,65,42,88" hai3="93,26,117,82,59,86,80,91,20,66,99,118,109"/><T11/><D116/><U60/><E74/><V133/><F75/><W55/><G66/><T27/><D107/><U15/><E30/><V81/><F101/><W41/><G82/><T127/><D127/><U25/><E110/><V114/><F81/><W33/><G41/><T77/><D128/><U90/><E5/><V3/><F3/><W71/><G33/><T34/><D69/><U78/><E78/><V67/><F88/><W92/><G71/><T95/><D43/><U56/><E25/><V0/><F0/><W87/><G93/><T32/><D32/><U131/><E68/><N who="2" m="42031" /><F129/><W115/><G87/><T119/><D119/><U105/><E105/><V64/><F125/><W36/><G36/><T44/><D77/><U40/><E131/><V89/><F89/><W108/><G115/><N who="2" m="44073" /><F120/><W13/><G13/><T28/><D34/><U35/><E35/><V24/><F24/><W70/><G70/><T2/><D2/><U100/><E100/><V62/><F42/><W51/><G108/><T123/><D123/><U39/><REACH who="1" step="1"/><E90/><REACH who="1" ten="250,240,250,250" step="2"/><V122/><F122/><W31/><G109/><T73/><D76/><AGARI ba="0,1" hai="20,26,31,51,55,59,76,80,86,91,92,99,117,118" machi="76" ten="30,2000,0" yaku="7,1,52,1" doraHai="46" who="3" fromWho="0" sc="250,-20,240,0,250,0,250,30" /><INIT seed="1,0,0,0,0,106" ten="230,240,250,280" oya="1" hai0="51,37,50,65,127,60,15,49,29,92,105,111,113" hai1="124,21,25,23,70,35,82,112,91,9,89,1,85" hai2="28,94,26,101,133,90,22,84,81,32,116,31,38" hai3="53,117,66,44,135,39,33,48,68,57,102,88,95"/><U56/><E70/><V40/><F116/><W72/><G117/><T54/><D113/><U45/><E112/><V83/><F133/><W11/><G33/><T79/><D111/><U71/><E71/><V58/><F101/><W129/><G129/><T96/><D127/><U0/><E124/><V2/><F2/><W80/><G135/><T76/><D105/><U108/><E108/><V4/><F4/><W126/><G126/><T73/><D37/><U13/><E35/><V47/><F58/><W14/><G102/><T46/><D73/><U63/><E45/><V87/><F87/><W130/><G130/><T41/><D29/><U8/><E1/><V99/><F32/><W75/><G80/><T64/><D64/><U16/><E0/><V100/><REACH who="2" step="1"/><F83/><REACH who="2" ten="230,240,240,280" step="2"/><W128/><G68/><T114/><D114/><U7/><E7/><V119/><F119/><W62/><G128/><T132/><D132/><U18/><REACH who="1" step="1"/><E91/><REACH who="1" ten="230,230,240,280" step="2"/><V59/><F59/><W67/><G88/><T12/><D79/><U118/><E118/><V86/><F86/><W69/><G57/><T131/><D76/><U104/><E104/><V24/><F24/><W110/><G69/><T134/><D134/><U98/><E98/><V74/><F74/><W93/><G75/><T78/><D78/><U30/><E30/><AGARI ba="0,2" hai="22,26,28,30,31,38,40,47,81,84,90,94,99,100" machi="30" ten="30,2000,0" yaku="1,1,7,1,53,0" doraHai="106" doraHaiUra="5" who="2" fromWho="1" sc="230,0,230,-20,240,40,280,0" /><INIT seed="2,0,0,2,0,27" ten="230,210,280,280" oya="2" hai0="83,0,86,45,6,50,89,61,52,33,51,114,106" hai1="35,7,1,22,96,124,49,98,64,75,67,2,108" hai2="47,29,95,123,56,58,15,134,24,34,82,70,78" hai3="38,84,42,43,44,92,113,122,93,119,87,126,109"/><V53/><F123/><W37/><G119/><T80/><D114/><U128/><E49/><V5/><F70/><W73/><G122/><T16/><D106/><U13/><E7/><V65/><F134/><W76/><G113/><T130/><D130/><U90/><E22/><V4/><F65/><W19/><G109/><T71/><D33/><U104/><E90/><V103/><F58/><W40/><G126/><T97/><D97/><U26/><E13/><V57/><F56/><W111/><G111/><T127/><D127/><U102/><E108/><V132/><F47/><W135/><G135/><T10/><D71/><U62/><E67/><V110/><F110/><W100/><G73/><T54/><D61/><U101/><E124/><V14/><F132/><W11/><G76/><T115/><D115/><U125/><E125/><V28/><F5/><W9/><G43/><T25/><D80/><U39/><E39/><V72/><F4/><W60/><G100/><T107/><D107/><N who="1" m="63911" /><E75/><V48/><REACH who="2" step="1"/><F29/><REACH who="2" ten="230,210,270,280" step="2"/><W81/><G44/><T105/><D6/><U23/><E128/><V31/><F31/><W116/><G116/><T17/><D0/><U120/><E120/><V68/><F68/><W131/><G131/><T85/><D54/><U41/><E41/><V12/><F12/><W88/><G19/><T8/><D50/><U3/><E3/><V59/><F59/><W77/><G42/><T91/><D17/><U21/><E2/><V121/><F121/><W18/><G40/><T63/><D63/><U69/><E1/><V30/><F30/><AGARI ba="0,1" hai="21,23,26,30,35,62,64,69,98,102,104" m="63911" machi="30" ten="30,2000,0" yaku="25,1,52,1" doraHai="27" who="1" fromWho="2" sc="230,0,210,30,270,-20,280,0" /><INIT seed="3,0,0,1,1,126" ten="230,240,250,280" oya="3" hai0="35,12,92,98,31,73,85,41,81,116,113,86,130" hai1="2,135,95,44,108,112,114,21,118,42,14,6,104" hai2="105,30,47,11,59,131,88,37,119,18,19,89,77" hai3="132,83,120,24,16,49,43,96,134,20,71,69,94"/><W76/><G120/><T4/><D116/><U22/><E95/><V115/><F119/><W93/><G43/><T50/><D113/><U9/><E42/><V101/><F115/><N who="1" m="44073" /><E44/><V67/><F77/><W54/><G93/><T45/><D130/><U3/><E104/><V29/><F19/><W48/><G48/><T64/><D35/><U100/><E100/><V102/><F37/><W33/><G33/><T65/><D73/><U23/><E118/><V107/><F47/><W123/><G123/><T62/><D62/><U91/><E91/><V129/><F18/><W79/><G79/><N who="0" m="46271" /><D31/><U80/><E80/><V26/><F26/><W28/><G28/><T61/><D61/><U110/><E135/><N who="3" m="51754" /><G83/><T127/><D127/><U34/><E34/><V78/><F78/><W66/><G76/><T15/><D15/><U36/><E36/><V5/><F11/><W128/><G66/><T58/><D58/><U82/><E82/><V25/><F25/><W60/><G60/><T7/><D86/><U74/><E74/><V52/><F59/><N who="3" m="33231" /><G128/><T125/><D125/><U56/><E56/><V68/><F68/><W90/><AGARI ba="0,0" hai="16,20,24,69,71,90,94,96" m="33231,51754" machi="90" ten="30,3000,0" yaku="20,1,54,1" doraHai="126" who="3" fromWho="3" sc="230,-10,240,-10,250,-10,280,30" /><INIT seed="3,1,0,4,5,54" ten="220,230,240,310" oya="3" hai0="23,74,75,86,0,65,56,94,53,77,19,31,92" hai1="124,108,29,71,16,80,51,39,24,87,95,10,57" hai2="6,26,58,126,7,129,27,114,102,18,36,110,28" hai3="42,38,79,116,32,100,107,121,5,9,117,14,61"/><W55/><G121/><T45/><D0/><U12/><E71/><V25/><F36/><W89/><G32/><T112/><D112/><U68/><E68/><V115/><F102/><W50/><G79/><T97/><D94/><U96/><E39/><V88/><F58/><W72/><G72/><T22/><D45/><U128/><E124/><V40/><F40/><W84/><G38/><T104/><D104/><U47/><E128/><V91/><F126/><W98/><G42/><T37/><D37/><U15/><E15/><V1/><F91/><W85/><G61/><T62/><D74/><U44/><E108/><V93/><F129/><W90/><G90/><T106/><D106/><U103/><E29/><V17/><F88/><W123/><G85/><T131/><D131/><U83/><E24/><N who="2" m="9323" /><F93/><W130/><G130/><T35/><D35/><U81/><E87/><V59/><F59/><W119/><G123/><T41/><D75/><U30/><E30/><V120/><F120/><W2/><G2/><T43/><D31/><U4/><E4/><N who="2" m="1579" /><F1/><W70/><G70/><T73/><D73/><U101/><REACH who="1" step="1"/><E101/><REACH who="1" ten="220,220,240,310" step="2"/><V60/><F110/><W63/><G119/><T122/><D86/><U132/><E132/><V111/><F111/><W8/><G117/><T125/><D125/><U49/><E49/><V20/><F60/><W118/><G118/><T134/><D122/><U99/><E99/><V135/><F135/><W82/><G116/><T52/><D134/><U64/><E64/><V13/><F13/><W34/><G63/><T127/><D127/><U133/><E133/><V105/><F105/><RYUUKYOKU ba="1,1" sc="220,-15,220,15,240,15,310,-15" hai1="10,12,16,44,47,51,57,80,81,83,95,96,103" hai2="17,18,20,27,28,114,115" /><INIT seed="4,2,1,1,1,95" ten="205,235,255,295" oya="0" hai0="54,90,91,72,115,86,1,27,15,113,4,65,129" hai1="117,38,97,93,80,28,132,36,11,58,48,100,43" hai2="35,16,94,123,51,101,30,126,33,135,92,25,70" hai3="108,88,96,66,22,7,134,121,2,56,60,105,50"/><T53/><D72/><U104/><E132/><V103/><F123/><W68/><G108/><T111/><D111/><U46/><E117/><V118/><F135/><W29/><G134/><T69/><D69/><U49/><E28/><V21/><F70/><W131/><G131/><T87/><D1/><U45/><E58/><V107/><F107/><W120/><G2/><T75/><D75/><U26/><E26/><V10/><F10/><W31/><G7/><T42/><D42/><U99/><E80/><V44/><F118/><W61/><G50/><T109/><D109/><U23/><E23/><V40/><F126/><W102/><G88/><N who="0" m="33835" /><D27/><U130/><E130/><V114/><F114/><N who="0" m="43530" /><D129/><U71/><E11/><V6/><F6/><W47/><G47/><T74/><D74/><U82/><E82/><V85/><F35/><W37/><G37/><T0/><D0/><U127/><E127/><V64/><F64/><N who="3" m="38919" /><G22/><T76/><D76/><U119/><E119/><V57/><F57/><W106/><G106/><T116/><D116/><U18/><E18/><V24/><REACH who="2" step="1"/><F85/><REACH who="2" ten="205,235,245,295" step="2"/><N who="0" m="32266" /><D65/><U67/><E67/><V112/><F112/><W39/><G66/><T32/><D32/><U79/><E71/><V77/><F77/><W125/><G68/><T59/><D59/><U62/><E79/><V98/><F98/><W122/><G125/><T110/><D110/><U83/><E62/><V52/><F52/><N who="0" m="20074" /><D4/><U8/><E8/><V133/><F133/><W78/><G78/><T3/><D3/><U41/><REACH who="1" step="1"/><E83/><REACH who="1" ten="205,225,245,295" step="2"/><V9/><F9/><W34/><G122/><T84/><D15/><U13/><E13/><RYUUKYOKU ba="2,3" sc="205,10,225,10,245,10,295,-30" hai0="84" hai1="36,38,41,43,45,46,48,49,93,97,99,100,104" hai2="16,21,24,25,30,33,40,44,51,92,94,101,103" /><INIT seed="4,3,3,3,0,99" ten="215,235,255,265" oya="0" hai0="40,133,95,75,18,60,23,105,125,3,112,109,106" hai1="29,132,1,46,129,24,131,119,19,41,104,80,12" hai2="56,54,47,72,0,20,89,134,101,17,115,33,97" hai3="59,76,36,5,113,135,90,64,117,9,16,82,107"/><T124/><D75/><U84/><E104/><V70/><F33/><W62/><G117/><T57/><D3/><U10/><E119/><V68/><F0/><W30/><G36/><T39/><D39/><U55/><E55/><V63/><F72/><W121/><G121/><T52/><D109/><U14/><E12/><V49/><F115/><W7/><G107/><T110/><D110/><U118/><E1/><V31/><F31/><W114/><G30/><T128/><D112/><N who="3" m="43113" /><G135/><T98/><D133/><U69/><E69/><V77/><F77/><W8/><G90/><T79/><D79/><U103/><E118/><V96/><F97/><W38/><G38/><T100/><D128/><N who="1" m="49227" /><E132/><V123/><F89/><W4/><G16/><T45/><D106/><U13/><E13/><V126/><F123/><W93/><G93/><T58/><D105/><U66/><E66/><V43/><F134/><W53/><G53/><T25/><REACH who="0" step="1"/><D58/><REACH who="0" ten="205,235,255,265" step="2"/><U94/><E41/><V37/><F70/><W81/><G76/><T44/><D44/><U73/><E46/><V65/><F126/><W2/><G2/><T74/><D74/><U6/><E73/><V111/><F111/><W120/><G120/><T87/><D87/><U116/><E84/><V127/><F127/><W34/><G34/><T48/><AGARI ba="3,4" hai="18,23,25,40,45,48,52,57,60,95,98,100,124,125" machi="48" ten="30,11700,0" yaku="1,1,0,1,52,1,54,1,53,0" doraHai="99" doraHaiUra="61" who="0" fromWho="0" sc="205,166,235,-42,255,-42,265,-42" /><INIT seed="4,4,0,0,3,7" ten="371,193,213,223" oya="0" hai0="46,85,124,20,27,49,121,70,113,31,44,89,29" hai1="69,54,129,8,123,18,80,101,24,82,114,0,127" hai2="33,75,45,14,16,15,65,52,35,118,107,98,79" hai3="104,86,1,63,6,95,130,12,135,78,131,55,90"/><T42/><D121/><U72/><E123/><V26/><F118/><W105/><G1/><T11/><D113/><U109/><E109/><V126/><F126/><W50/><G135/><T40/><D124/><U110/><E110/><V5/><F65/><W103/><G78/><T41/><D70/><U9/><E69/><V60/><F107/><W108/><G63/><T76/><D31/><U38/><E38/><V74/><F98/><W23/><G108/><T120/><D120/><U19/><E127/><V32/><F79/><W134/><G134/><T102/><D102/><U125/><E125/><V88/><F88/><W117/><G117/><T30/><D30/><U106/><E0/><V17/><F5/><W81/><G103/><T62/><D62/><U4/><E4/><V53/><F26/><W39/><G39/><T28/><D28/><U48/><E72/><N who="2" m="27691" /><F45/><W3/><G3/><T122/><D122/><U92/><E106/><V58/><F58/><W47/><G95/><T21/><D76/><U56/><E129/><N who="3" m="49162" /><G6/><T37/><D40/><U132/><E132/><V43/><F43/><W100/><G100/><T128/><D128/><U13/><E24/><V116/><F116/><W67/><G67/><T91/><D11/><U25/><E25/><V133/><F60/><W73/><G73/><T84/><D20/><U93/><E114/><V64/><F64/><W36/><G36/><T66/><D66/><U97/><E93/><V87/><F87/><W59/><G59/><T119/><D119/><U2/><E2/><V111/><F111/><W68/><G68/><T99/><D91/><RYUUKYOKU ba="4,0" sc="371,10,193,10,213,-30,223,10" hai0="21,27,29,37,41,42,44,46,49,84,85,89,99" hai1="8,9,13,18,19,48,54,56,80,82,92,97,101" hai3="12,23,47,50,55,81,86,90,104,105" /><INIT seed="4,5,0,5,3,43" ten="381,203,183,233" oya="0" hai0="106,59,30,38,13,91,94,47,116,35,21,10,132" hai1="70,26,118,78,12,121,87,119,84,58,54,127,120" hai2="7,9,29,45,89,71,3,90,131,52,114,60,20" hai3="69,123,117,130,25,95,102,101,49,46,128,61,50"/><T55/><D116/><N who="1" m="44587" /><E26/><V39/><F114/><W80/><G123/><N who="1" m="47178" /><E12/><V113/><F113/><W86/><G117/><T97/><D132/><U64/><E64/><V100/><F131/><N who="3" m="50219" /><G95/><T22/><D35/><U24/><E70/><V88/><F100/><N who="3" m="38507" /><G25/><T48/><D106/><U62/><E24/><V81/><F81/><W65/><G46/><T133/><D133/><U37/><E78/><AGARI ba="5,0" hai="49,50,61,65,69,78,80,86" m="38507,50219" machi="78" ten="30,1000,0" yaku="19,1" doraHai="43" who="3" fromWho="1" sc="381,0,203,-25,183,0,233,25" /><INIT seed="5,0,0,5,2,106" ten="381,178,183,258" oya="1" hai0="29,130,110,127,13,132,85,28,84,3,90,80,115" hai1="81,5,51,71,79,74,20,11,97,94,36,26,114" hai2="82,4,129,40,123,0,134,78,22,87,126,70,131" hai3="30,31,60,15,44,77,107,102,89,105,73,16,61"/><U66/><E114/><V109/><F123/><W10/><G89/><T53/><D110/><U91/><E51/><V75/><F70/><W72/><G44/><T108/><D108/><U69/><E66/><V35/><F35/><W7/><G7/><T23/><D115/><U21/><E36/><V43/><F109/><W56/><G61/><T128/><D127/><U111/><E111/><V101/><F126/><W98/><G107/><T27/><D132/><U116/><E116/><V6/><F134/><W57/><G57/><T83/><D3/><U39/><E39/><V46/><F101/><W100/><G100/><T55/><D13/><U104/><E104/><V120/><F120/><W64/><REACH who="3" step="1"/><G77/><REACH who="3" ten="381,178,183,248" step="2"/><T95/><D95/><U50/><E50/><V96/><F6/><W92/><G92/><T125/><D125/><U45/><E45/><V133/><F46/><W65/><G65/><T135/><D135/><U86/><E69/><V117/><F133/><W2/><G2/><T52/><REACH who="0" step="1"/><D29/><AGARI ba="0,1" hai="10,15,16,29,30,31,56,60,64,72,73,98,102,105" machi="29" ten="40,8000,1" yaku="1,1,52,2,54,1,53,0" doraHai="106" doraHaiUra="1" who="3" fromWho="0" sc="381,-80,178,0,183,0,248,90" /><INIT seed="6,0,0,4,1,55" ten="301,178,183,338" oya="2" hai0="34,100,26,111,112,10,118,21,65,99,29,67,51" hai1="130,98,28,40,37,119,6,5,47,0,72,125,109" hai2="35,43,105,122,75,128,61,133,104,14,74,18,87" hai3="53,49,127,66,12,106,22,120,96,8,81,108,41"/><V70/><F122/><W90/><G120/><T94/><D118/><U24/><E119/><V80/><F35/><W131/><G108/><T126/><D126/><U63/><E109/><V79/><F128/><W59/><G127/><T135/><D135/><U69/><E125/><V54/><F133/><W11/><G131/><T20/><D111/><U31/><E130/><V76/><F43/><W73/><G41/><T44/><D112/><U7/><E72/><V36/><F36/><W46/><G73/><T83/><D34/><U89/><E24/><V45/><F105/><W84/><G106/><T91/><D10/><U93/><REACH who="1" step="1"/><E0/><REACH who="1" ten="301,168,183,338" step="2"/><V123/><F123/><W77/><G12/><T101/><D20/><U62/><E62/><V42/><F104/><W3/><G22/><T97/><D21/><U16/><E16/><V38/><F75/><W78/><G3/><T129/><D26/><U57/><E57/><V19/><F74/><W4/><G4/><T102/><D29/><U56/><E56/><V1/><F1/><W116/><G116/><T23/><D23/><U92/><E92/><V33/><F70/><W107/><G107/><T85/><D129/><U64/><AGARI ba="0,1" hai="5,6,7,28,31,37,40,47,63,64,69,89,93,98" machi="64" ten="30,2000,0" yaku="1,1,0,1,53,0" doraHai="55" doraHaiUra="15" who="1" fromWho="1" sc="301,-5,168,30,183,-10,338,-5" /><INIT seed="7,0,0,0,4,2" ten="296,198,173,333" oya="3" hai0="109,67,43,36,80,55,26,101,119,24,108,42,7" hai1="132,29,127,87,71,91,124,106,78,81,47,57,118" hai2="0,32,105,15,115,123,20,130,59,56,35,114,53" hai3="97,133,22,23,28,14,107,30,112,49,135,45,96"/><W60/><G112/><N who="2" m="43049" /><F105/><W69/><G69/><T83/><D119/><U52/><E71/><V88/><F123/><W66/><G60/><T16/><D109/><U79/><E106/><V92/><F0/><W37/><G37/><T34/><D108/><U121/><E121/><V93/><F130/><W46/><G66/><T110/><D110/><U18/><E29/><N who="3" m="11370" /><G45/><T129/><D129/><U9/><E132/><N who="3" m="50762" /><G14/><T70/><D36/><U116/><E47/><V90/><F15/><W77/><G77/><N who="1" m="29194" /><E9/><V99/><F20/><N who="3" m="7723" /><G107/><T89/><D70/><U64/><E18/><V117/><F117/><N who="1" m="45161" /><E64/><V126/><F126/><W98/><G98/><T19/><D67/><U12/><E12/><V125/><F125/><W68/><G68/><T113/><D113/><U73/><E73/><V111/><F111/><W4/><G4/><T11/><D7/><U86/><E86/><N who="2" m="52247" /><F59/><W40/><AGARI ba="0,0" hai="40,46,49,96,97" m="7723,50762,11370" machi="40" ten="30,1500,0" yaku="20,1" doraHai="2" who="3" fromWho="3" sc="296,-5,198,-5,173,-5,333,15" owari="291,9.0,193,-21.0,168,-33.0,348,45.0" /></mjloggm>