<mjloggm ver="2.3"><GO type="169" lobby="0"/><UN n0="%E3%81%B2%E3%81%A3%E3%81%B4%E3%83%BC" n1="%E5%BE%80%E5%BE%A9%E3%83%93%E3%83%B3%E3%82%BF" n2="%E9%96%A2%E4%B8%83%E6%B5%B7" n3="%E3%83%88%E3%83%88%E3%83%AA%E5%85%88%E7%94%9F%31%39%E6%AD%B3" dan="16,16,16,17" rate="2056.07,2179.54,2167.30,2235.26" sx="M,M,M,F"/><TAIKYOKU oya="0"/><INIT seed="0,0,0,1,1,79" ten="250,250,250,250" oya="0" hai0="119,22,57,135,0,99,132,92,78,97,32,88,8" hai1="73,118,131,48,38,81,91,13,121,112,46,110,21" hai2="47,71,19,61,45,133,96,66,116,69,114,127,80" hai3="128,53,126,104,14,41,51,24,50,28,83,12,62"/><T107/><D119/><U87/><E118/><V27/><F114/><W134/><G104/><T36/><D32/><U113/><E121/><V39/><F133/><N who="0" m="51274" /><D36/><U122/><E122/><V29/><F127/><W109/><G134/><T23/><D57/><U1/><E1/><V106/><F71/><W67/><G126/><T105/><D78/><U111/><E38/><V15/><F116/><W34/><G109/><N who="1" m="41482" /><E73/><V30/><F30/><W72/><G128/><T103/><D107/><U100/><E100/><V26/><F26/><W4/><G41/><T89/><D89/><U20/><E131/><V58/><F39/><W68/><G4/><AGARI ba="0,0" hai="0,4,8,22,23,88,92,97,99,103,105" m="51274" machi="4" ten="30,2900,0" yaku="20,1,54,1" doraHai="79" who="0" fromWho="3" sc="250,29,250,0,250,0,250,-29" /><INIT seed="0,1,0,4,1,134" ten="279,250,250,221" oya="0" hai0="56,12,11,50,93,128,119,24,40,32,4,122,107" hai1="72,132,16,34,133,6,104,97,44,54,19,13,31" hai2="91,106,63,23,5,87,57,90,115,35,7,61,38" hai3="29,68,77,79,105,82,103,118,110,46,18,131,42"/><T49/><D119/><U43/><E72/><V127/><F106/><W75/><G118/><T64/><D107/><U9/><E54/><V78/><F35/><W100/><G68/><T60/><D122/><U66/><E66/><V0/><F38/><W125/><G110/><T53/><D128/><U81/><E81/><V121/><F115/><W111/><G111/><T89/><D40/><U55/><E55/><V28/><F78/><W36/><G131/><T116/><D116/><U113/><E113/><V126/><F121/><W71/><G71/><T65/><D50/><U135/><E31/><V26/><F61/><W112/><G112/><T3/><D3/><U21/><E34/><V39/><F39/><W88/><G105/><T70/><D64/><U10/><E10/><V92/><F90/><W8/><G29/><T37/><D37/><N who="1" m="21615" /><E21/><V84/><F84/><W98/><G79/><T86/><D24/><U67/><E67/><N who="2" m="39407" /><F0/><W101/><G8/><T15/><D32/><U14/><E13/><V69/><F69/><W85/><G18/><T51/><D15/><U74/><E74/><V17/><F28/><W96/><G75/><T73/><D73/><U48/><E48/><V99/><F99/><N who="3" m="37931" /><G77/><T130/><D51/><U76/><E76/><V120/><F120/><W62/><G62/><T58/><REACH who="0" step="1"/><D130/><REACH who="0" ten="269,250,250,221" step="2"/><U124/><E104/><V41/><F41/><W114/><G114/><T108/><D108/><U80/><E135/><V27/><F26/><W47/><G47/><AGARI ba="1,1" hai="4,11,12,47,49,53,56,58,60,65,70,86,89,93" machi="47" ten="30,2900,0" yaku="1,1,7,1,53,0" doraHai="134" doraHaiUra="22" who="0" fromWho="3" sc="269,42,250,0,250,0,221,-32" /><INIT seed="0,2,0,4,2,94" ten="311,250,250,189" oya="0" hai0="64,91,3,15,20,109,29,97,78,7,12,76,129" hai1="88,22,54,2,4,133,123,107,40,67,21,31,117" hai2="80,96,126,98,36,100,43,34,114,112,95,105,125" hai3="120,118,128,68,101,16,79,13,102,135,8,37,121"/><T28/><D129/><U90/><E123/><N who="3" m="47178" /><G118/><T60/><D3/><U93/><E117/><V35/><F36/><W86/><G37/><T61/><D109/><U26/><E107/><V45/><F45/><W19/><G68/><T72/><D72/><U11/><E133/><V27/><F43/><W30/><G135/><T111/><D111/><U81/><E40/><V75/><F27/><W66/><G128/><T32/><D32/><U25/><E67/><V33/><F80/><N who="3" m="47391" /><G66/><T99/><D91/><U87/><E54/><V5/><F5/><N who="3" m="3215" /><G30/><T89/><D89/><U106/><E106/><V83/><F83/><W59/><G59/><T82/><D64/><U104/><E104/><V51/><F75/><W115/><G115/><T18/><D82/><U48/><E48/><V9/><F9/><W108/><G108/><T122/><D122/><U53/><E53/><V119/><F51/><W124/><G124/><N who="2" m="47721" /><F119/><W70/><G70/><T113/><D113/><U131/><E131/><V73/><F73/><W49/><G49/><T47/><D7/><U6/><E6/><V65/><F65/><W57/><G57/><T127/><D127/><U1/><E1/><V58/><F58/><W69/><G69/><T132/><D132/><U63/><E2/><V14/><F14/><W110/><G110/><T24/><D12/><U23/><E4/><V38/><F38/><W42/><G42/><T55/><D15/><U39/><E39/><V74/><F74/><W10/><G10/><T134/><D134/><U44/><E11/><V71/><F71/><W62/><G62/><T103/><D61/><RYUUKYOKU ba="2,0" sc="311,-15,250,-15,250,15,189,15" hai2="33,34,35,95,96,98,100,105,112,114" hai3="16,19,101,102" /><INIT seed="1,3,0,1,1,95" ten="296,235,265,204" oya="1" hai0="11,8,109,66,102,5,28,50,111,108,88,92,125" hai1="20,83,15,99,110,22,134,6,96,128,42,105,45" hai2="135,51,72,52,13,104,4,14,103,129,89,121,12" hai3="37,79,32,122,71,97,57,34,10,33,56,77,17"/><U100/><E134/><V70/><F70/><W31/><G122/><T40/><D125/><U30/><E128/><V76/><F129/><W101/><G71/><T98/><D66/><U69/><E69/><V38/><F38/><W112/><G112/><T118/><D118/><U116/><E116/><V48/><F121/><W75/><G37/><T115/><D115/><U78/><E110/><V24/><F24/><W36/><G36/><T85/><D28/><U91/><E30/><V2/><F51/><W35/><G31/><T27/><D27/><U47/><E42/><V119/><F119/><W43/><G43/><T117/><D117/><U3/><E3/><V49/><F49/><W106/><G75/><T44/><REACH who="0" step="1"/><D5/><REACH who="0" ten="286,235,265,204" step="2"/><U87/><E6/><V0/><F4/><W64/><G64/><T59/><D59/><U90/><E90/><V65/><F65/><W61/><G56/><T1/><D1/><U7/><E45/><V80/><F135/><W26/><G34/><T114/><D114/><U86/><E47/><V82/><F2/><W130/><G130/><T126/><D126/><U25/><E25/><V62/><F0/><W124/><G124/><T21/><D21/><U53/><E53/><V54/><F54/><N who="3" m="33975" /><G26/><T68/><D68/><U123/><E123/><V120/><F120/><W29/><G29/><T19/><D19/><U39/><E7/><V41/><F13/><N who="3" m="7351" /><G35/><T9/><D9/><U113/><E113/><V60/><F14/><W46/><G46/><T55/><D55/><U58/><E15/><V18/><F12/><W107/><G33/><T93/><AGARI ba="3,1" hai="8,11,40,44,50,85,88,92,93,98,102,108,109,111" machi="93" ten="30,12000,2" yaku="1,1,5,1,0,1,14,1,52,1,54,1,53,0" doraHai="95" doraHaiUra="132" who="0" fromWho="0" sc="286,139,235,-63,265,-33,204,-33" /><INIT seed="2,0,0,3,5,128" ten="425,172,232,171" oya="2" hai0="104,29,94,102,28,111,45,36,100,116,79,44,56" hai1="97,112,81,21,57,30,65,132,71,6,103,40,117" hai2="69,122,107,7,12,34,39,48,124,42,72,113,105" hai3="14,35,121,67,84,68,16,46,54,88,10,101,25"/><V118/><RYUUKYOKU type="yao9" ba="0,0" sc="425,0,172,0,232,0,171,0" hai2="7,12,34,39,42,48,69,72,105,107,113,118,122,124" /><INIT seed="2,1,0,2,0,107" ten="425,172,232,171" oya="2" hai0="111,128,29,73,26,108,10,83,87,114,92,20,25" hai1="61,63,31,70,121,15,52,58,85,118,59,4,102" hai2="44,96,21,94,2,36,50,78,119,37,17,110,104" hai3="38,88,18,86,53,23,95,84,123,46,105,77,72"/><V34/><F34/><W109/><G123/><T45/><D114/><U116/><E121/><V60/><F104/><W106/><G109/><T56/><D128/><U97/><E70/><V39/><F119/><W3/><G3/><T126/><D126/><U28/><E118/><V68/><F78/><W48/><G38/><T129/><D129/><U35/><E116/><V113/><F2/><W27/><REACH who="3" step="1"/><G86/><REACH who="3" ten="425,172,232,161" step="2"/><T49/><D87/><U132/><E132/><V101/><F110/><W82/><AGARI ba="1,1" hai="18,23,27,46,48,53,72,77,82,84,88,95,105,106" machi="82" ten="30,8000,1" yaku="1,1,2,1,0,1,52,1,54,1,53,0" doraHai="107" doraHaiUra="124" who="3" fromWho="3" sc="425,-21,172,-21,232,-41,161,93" /><INIT seed="3,0,0,3,2,111" ten="404,151,191,254" oya="3" hai0="105,48,20,55,124,70,107,26,109,63,67,102,19" hai1="112,74,90,81,106,21,31,27,37,86,7,23,28" hai2="127,22,117,88,24,3,114,96,95,135,43,123,66" hai3="79,110,16,118,12,80,73,17,56,87,15,18,42"/><W5/><G118/><T93/><D109/><U113/><E106/><V64/><F117/><W32/><G32/><T131/><D131/><U58/><E37/><V25/><F123/><W119/><G119/><T10/><D124/><U53/><E7/><V91/><F127/><W75/><G110/><T72/><D72/><U40/><E40/><V104/><F3/><W92/><G42/><T13/><D102/><U51/><E74/><V120/><F104/><W59/><G75/><T14/><D93/><U65/><E65/><V122/><F135/><W54/><G5/><T61/><D61/><U62/><E62/><V57/><F43/><W133/><G133/><T60/><D60/><U30/><REACH who="1" step="1"/><E21/><REACH who="1" ten="404,141,191,254" step="2"/><V101/><F64/><W2/><G73/><T36/><D36/><U47/><E47/><V0/><F122/><W89/><G2/><T82/><D63/><U50/><E50/><V68/><F0/><W4/><G4/><T77/><D67/><U76/><E76/><V71/><F66/><W8/><G8/><T98/><D77/><U115/><AGARI ba="0,1" hai="23,27,28,30,31,51,53,58,81,86,90,112,113,115" machi="115" ten="30,12000,2" yaku="1,1,0,1,52,3,53,1" doraHai="111" doraHaiUra="85" who="1" fromWho="1" sc="404,-30,141,130,191,-30,254,-60" /><INIT seed="4,0,0,5,3,119" ten="374,271,161,194" oya="0" hai0="133,42,32,115,63,118,69,29,18,66,35,132,129" hai1="78,128,25,83,44,34,6,122,5,95,130,99,8" hai2="112,41,124,103,10,110,131,20,54,55,22,104,123" hai3="26,40,111,127,87,58,11,76,67,88,113,43,39"/><T57/><D118/><U12/><E6/><V9/><F110/><W80/><G111/><T50/><D115/><U4/><E4/><V135/><F112/><W65/><G113/><T16/><D129/><U14/><E14/><V60/><F131/><N who="1" m="50217" /><E34/><N who="0" m="12841" /><D29/><U21/><E44/><V59/><F124/><W28/><G127/><T125/><D125/><U47/><E47/><V86/><F135/><N who="0" m="51786" /><D69/><U121/><E21/><V134/><F41/><W72/><G11/><T13/><D13/><U92/><E25/><V33/><F33/><W89/><G89/><T51/><D42/><U77/><E77/><V3/><F134/><W97/><G39/><T19/><AGARI ba="0,0" hai="16,18,19,50,51,57,63,66" m="51786,12841" machi="19" ten="40,3900,0" yaku="20,1,54,1" doraHai="119" who="0" fromWho="0" sc="374,39,271,-13,161,-13,194,-13" /><INIT seed="4,1,0,3,4,133" ten="413,258,148,181" oya="0" hai0="97,56,63,116,58,115,102,126,77,22,33,9,84" hai1="86,111,57,26,32,129,96,59,20,42,6,0,85" hai2="88,107,81,53,101,27,134,109,78,71,104,16,24" hai3="122,31,131,110,98,83,19,128,135,1,91,3,90"/><T36/><D116/><U73/><E73/><V99/><F109/><W89/><G110/><T93/><D33/><U50/><E111/><V46/><F134/><W70/><G135/><T72/><D72/><U75/><E75/><V14/><F71/><W45/><G70/><T118/><D118/><U61/><E32/><V48/><F107/><W64/><G64/><T108/><D36/><U121/><E121/><V4/><F4/><W132/><G132/><T17/><D9/><U119/><E119/><V92/><F78/><W25/><G122/><T123/><D123/><U105/><E6/><V120/><F120/><W28/><G83/><T60/><D108/><U54/><E0/><N who="3" m="74" /><G45/><T23/><D77/><U40/><E129/><N who="3" m="49738" /><G98/><T94/><D115/><U49/><E96/><V34/><F34/><W5/><G5/><T41/><D97/><U52/><E105/><V103/><F103/><W13/><G25/><T12/><D102/><U39/><E39/><V125/><F125/><W62/><G62/><T43/><D63/><U8/><E8/><AGARI ba="1,0" hai="8,13,19,28,31,89,90,91" m="49738,74" machi="8" ten="40,1300,0" yaku="19,1" doraHai="133" who="3" fromWho="1" sc="413,0,258,-16,148,0,181,16" /><INIT seed="5,0,0,3,3,128" ten="413,242,148,197" oya="1" hai0="61,101,12,34,91,48,105,5,56,8,118,28,97" hai1="129,47,36,133,111,109,58,20,3,29,102,132,123" hai2="76,51,6,55,71,83,87,13,63,22,81,85,65" hai3="117,88,113,18,62,45,31,35,32,86,108,37,16"/><U44/><E3/><V135/><F135/><N who="1" m="51785" /><E129/><V131/><F131/><W24/><G108/><N who="1" m="41546" /><E123/><V42/><F42/><W68/><G35/><T14/><D118/><U1/><E1/><V130/><F130/><W27/><G113/><T84/><D48/><U57/><E102/><V70/><F70/><W0/><G0/><T59/><D28/><U38/><E20/><V120/><F22/><W100/><G117/><T25/><D34/><U127/><E29/><V80/><F120/><W73/><G100/><T30/><D30/><U107/><E107/><V49/><F49/><W93/><G31/><T114/><D114/><U50/><E127/><V33/><F33/><W115/><G32/><T43/><D101/><U52/><E58/><V95/><F71/><W11/><G115/><T64/><D59/><U66/><E66/><V82/><F65/><W4/><G68/><T19/><D56/><U124/><E124/><V77/><F76/><W60/><G24/><T23/><D64/><U40/><E47/><V126/><F77/><W39/><G45/><T9/><D105/><U54/><E54/><V41/><F55/><W96/><G27/><T98/><D25/><U89/><E89/><V106/><F106/><W104/><G104/><T69/><D91/><U21/><E21/><V112/><F112/><W90/><G90/><T92/><D23/><U7/><E7/><V119/><F6/><W26/><G4/><T75/><D5/><U2/><E2/><V72/><F126/><W46/><G46/><T94/><D69/><U17/><E17/><V74/><F119/><W53/><G18/><RYUUKYOKU ba="0,0" sc="413,-10,242,30,148,-10,197,-10" hai1="36,38,40,44,50,52,57" /><INIT seed="5,1,0,3,5,40" ten="403,272,138,187" oya="1" hai0="62,4,126,123,9,69,96,86,93,34,30,55,48" hai1="121,113,29,20,36,91,107,11,98,10,115,84,26" hai2="118,64,80,5,125,75,104,131,47,35,105,42,77" hai3="88,67,6,85,89,51,87,31,129,112,100,119,17"/><U92/><E36/><N who="2" m="21959" /><F118/><W1/><G112/><N who="1" m="43082" /><E121/><V90/><F90/><N who="3" m="34923" /><G1/><T39/><D126/><U13/><E13/><V0/><F125/><W120/><G129/><T95/><D86/><N who="3" m="32777" /><G120/><T109/><D39/><U133/><E133/><V46/><F46/><W61/><G119/><T94/><D96/><U60/><E60/><V37/><F64/><W27/><G6/><T52/><D30/><U12/><E12/><V18/><F18/><W114/><G114/><T14/><D34/><U103/><AGARI ba="1,0" hai="10,11,20,26,29,84,91,92,98,103,107" m="43082" machi="103" ten="30,1500,0" yaku="15,1" doraHai="40" who="1" fromWho="1" sc="403,-6,272,18,138,-6,187,-6" /><INIT seed="5,2,0,3,2,79" ten="397,290,132,181" oya="1" hai0="7,11,86,119,129,98,46,108,95,123,42,50,69" hai1="37,39,29,134,18,63,10,135,59,62,52,105,133" hai2="104,55,51,118,122,22,20,60,3,113,32,6,99" hai3="56,127,21,117,85,2,23,93,76,40,44,128,47"/><U61/><E105/><V97/><F118/><W48/><G2/><T94/><D119/><U65/><E29/><V71/><F32/><W115/><G117/><T131/><D108/><U8/><E18/><V28/><F122/><W25/><G115/><T68/><D123/><U80/><E80/><V90/><F3/><W120/><G120/><T112/><D86/><U74/><E74/><V43/><F6/><W72/><G72/><T34/><D34/><U49/><E8/><V102/><F43/><W114/><G114/><T96/><D112/><U26/><E10/><V75/><F75/><W111/><G111/><T103/><D96/><U45/><E26/><V77/><F77/><W107/><G107/><T35/><D35/><U4/><E4/><V83/><F28/><W70/><G70/><T125/><D95/><U132/><N who="1" m="33792" /><DORA hai="109" /><U1/><E1/><V27/><F27/><W5/><G5/><T87/><D87/><U84/><E84/><V92/><F113/><W66/><G85/><T16/><D125/><U54/><E63/><V73/><F73/><W24/><G127/><T14/><D7/><U33/><E33/><V100/><F90/><W121/><G76/><T36/><D36/><U15/><E15/><V101/><F101/><W38/><G121/><T88/><D103/><U110/><E110/><V81/><F20/><W31/><G23/><T124/><D124/><U41/><E41/><V91/><F22/><W106/><G24/><T30/><D30/><U57/><AGARI ba="2,0" hai="37,39,45,49,52,54,57,59,61,62,65" m="33792" machi="57" ten="60,18000,2" yaku="0,1,20,1,34,3,54,1" doraHai="79,109" who="1" fromWho="1" sc="397,-62,290,186,132,-62,181,-62" /><INIT seed="5,3,0,5,2,133" ten="335,476,70,119" oya="1" hai0="6,93,18,71,130,5,50,4,3,96,28,56,51" hai1="2,102,32,25,62,38,123,15,97,22,17,85,72" hai2="13,44,59,21,24,107,98,103,30,104,124,35,45" hai3="9,66,125,132,131,116,84,78,117,89,8,12,105"/><U41/><E72/><V101/><F59/><W20/><G105/><T64/><D71/><U115/><E2/><V14/><F124/><W114/><G132/><T126/><D3/><U111/><E123/><V0/><F0/><W95/><G114/><T67/><D126/><U10/><E115/><V86/><F86/><W43/><G125/><T11/><D28/><U79/><E111/><V49/><F35/><W120/><G120/><T42/><D130/><U53/><E32/><V119/><F119/><N who="3" m="45643" /><G131/><T73/><D73/><U58/><E38/><V75/><F75/><W23/><G9/><T70/><D70/><U47/><E47/><V52/><REACH who="2" step="1"/><F45/><REACH who="2" ten="335,476,60,119" step="2"/><W57/><G57/><T81/><D56/><U134/><E134/><V128/><F128/><W106/><G66/><T122/><D64/><U118/><E118/><V100/><F100/><W76/><G76/><T121/><D67/><U77/><E85/><V40/><F40/><W135/><G135/><T60/><D42/><U74/><E41/><V46/><F46/><W127/><G127/><T54/><D122/><U39/><E74/><V82/><F82/><N who="3" m="47191" /><G43/><T29/><D121/><U61/><E61/><V87/><F87/><N who="3" m="52671" /><G106/><T37/><D60/><U88/><E39/><V112/><F112/><W1/><G1/><T7/><D37/><U69/><E69/><V48/><F48/><W55/><G55/><T99/><D54/><U90/><E79/><V129/><F129/><W109/><G109/><T16/><D51/><U65/><E77/><V83/><F83/><W33/><G33/><T80/><D50/><U94/><E53/><RYUUKYOKU ba="3,1" sc="335,-30,476,10,60,10,119,10" hai1="10,15,17,22,25,58,62,65,88,90,94,97,102" hai2="13,14,21,24,30,44,49,52,98,101,103,104,107" hai3="8,12,20,23" /><INIT seed="5,4,1,5,4,115" ten="305,486,70,129" oya="1" hai0="68,132,47,27,107,61,5,96,103,63,12,31,119" hai1="123,41,13,6,108,91,135,28,62,59,77,53,84" hai2="44,105,60,93,88,94,4,100,16,32,79,45,78" hai3="106,25,14,48,29,133,30,18,22,90,67,52,121"/><U72/><E123/><V116/><F32/><W46/><G121/><T71/><D132/><U98/><E135/><V83/><F4/><W65/><G133/><T58/><D47/><N who="2" m="17994" /><F116/><W54/><G106/><T35/><D119/><U114/><E108/><V20/><F105/><W38/><G38/><T50/><D50/><U8/><E114/><V49/><F60/><W0/><G0/><T42/><D42/><U99/><E28/><N who="3" m="10858" /><G54/><T36/><D36/><U55/><E41/><V109/><F109/><W26/><G90/><T10/><REACH who="0" step="1"/><D63/><REACH who="0" ten="295,486,70,129" step="2"/><U56/><E72/><V39/><F49/><W80/><G46/><T125/><D125/><U33/><E33/><V126/><F126/><W111/><G111/><T1/><D1/><U112/><E112/><V87/><F39/><W131/><G48/><T40/><D40/><U86/><E59/><V21/><F21/><W17/><G22/><T75/><D75/><U130/><E55/><AGARI ba="4,2" hai="5,10,12,27,31,35,55,58,61,68,71,96,103,107" machi="55" ten="30,2000,0" yaku="1,1,7,1,53,0" doraHai="115" doraHaiUra="15" who="0" fromWho="1" sc="295,52,486,-32,70,0,129,0" /><INIT seed="6,0,0,4,3,54" ten="347,454,70,129" oya="2" hai0="66,80,122,109,35,67,76,69,114,12,15,39,36" hai1="89,100,51,37,117,48,62,115,56,45,58,125,4" hai2="53,116,30,31,86,68,93,98,135,34,124,6,95" hai3="55,13,41,43,27,85,25,3,64,22,79,70,77"/><V61/><F116/><W72/><G3/><T57/><D122/><U46/><E100/><V91/><F124/><W7/><G72/><T82/><D114/><U65/><E4/><V107/><F107/><W96/><G64/><T10/><D69/><N who="1" m="42167" /><E89/><V119/><F119/><W132/><G132/><T42/><D35/><U19/><E19/><V88/><F135/><W111/><G70/><T134/><D134/><U121/><E117/><V24/><F6/><W26/><G111/><T113/><D113/><U17/><E17/><V83/><F31/><W97/><G55/><T131/><D131/><U38/><E115/><V44/><F68/><W129/><G129/><T126/><D126/><U28/><E28/><V49/><REACH who="2" step="1"/><F61/><REACH who="2" ten="347,454,60,129" step="2"/><W33/><G33/><T128/><D128/><U11/><E125/><V23/><F23/><W71/><G71/><T103/><D109/><U104/><E104/><V0/><F0/><W108/><G108/><T9/><D9/><U40/><E11/><V92/><AGARI ba="0,1" hai="24,30,34,44,49,53,83,86,88,91,92,93,95,98" machi="92" ten="30,6000,0" yaku="1,1,0,1,54,1,53,0" doraHai="54" doraHaiUra="18" who="2" fromWho="2" sc="347,-20,454,-20,60,70,129,-20" /><INIT seed="6,1,0,5,4,30" ten="327,434,130,109" oya="2" hai0="121,45,106,57,13,117,74,90,83,20,46,110,129" hai1="76,1,28,125,0,72,62,101,135,98,71,6,128" hai2="75,21,61,32,50,120,55,131,92,88,2,37,95" hai3="14,23,89,100,69,40,64,79,119,132,34,39,47"/><V43/><F75/><W118/><G132/><T86/><D121/><U26/><E135/><V114/><F120/><W35/><G79/><T133/><D110/><U5/><E5/><V93/><F2/><W9/><G23/><T17/><D133/><U8/><E128/><V73/><F73/><W68/><G89/><T24/><D117/><N who="3" m="44553" /><G14/><T63/><D106/><N who="1" m="63799" /><E76/><V3/><F3/><W84/><G84/><T66/><D74/><U41/><E41/><V58/><F131/><W31/><G31/><T48/><D129/><U85/><E85/><V99/><F114/><W7/><G100/><T82/><D82/><U4/><E4/><V97/><F21/><W108/><G108/><T91/><D91/><U27/><E27/><V53/><F32/><N who="3" m="12331" /><G64/><T38/><D38/><U109/><E72/><V22/><F22/><W116/><N who="3" m="44561" /><W42/><DORA hai="126" /><G42/><T52/><REACH who="0" step="1"/><D24/><REACH who="0" ten="317,434,130,109" step="2"/><U12/><E26/><V18/><F88/><W60/><G60/><T81/><D81/><U33/><E62/><V102/><F61/><W65/><G65/><T104/><D104/><U123/><E123/><V29/><F93/><W11/><G11/><T59/><AGARI ba="1,1" hai="13,17,20,45,46,48,52,57,59,63,66,83,86,90" machi="59" ten="20,12000,2" yaku="1,1,0,1,7,1,8,1,54,1,53,2" doraHai="30,126" doraHaiUra="49,10" who="0" fromWho="0" sc="317,133,434,-31,130,-61,109,-31" /><INIT seed="7,0,0,1,2,88" ten="450,403,69,78" oya="3" hai0="127,8,111,54,69,76,102,10,105,65,4,20,37" hai1="114,132,32,62,33,115,71,122,26,79,90,48,126" hai2="15,95,86,87,70,123,51,109,99,39,2,74,106" hai3="94,103,81,83,77,89,120,16,98,13,1,11,97"/><W67/><G120/><T58/><D37/><U61/><E122/><V17/><F39/><W55/><G1/><T92/><D105/><U93/><E79/><V6/><F74/><W119/><G119/><T125/><D76/><U36/><E36/><V7/><F70/><W78/><G67/><T41/><D41/><U73/><E73/><V107/><F109/><W80/><REACH who="3" step="1"/><G55/><REACH who="3" ten="450,403,69,68" step="2"/><T24/><D65/><N who="1" m="41391" /><E114/><V47/><F123/><W66/><G66/><T14/><D54/><U112/><E115/><V108/><F108/><W60/><G60/><T110/><D111/><U129/><E62/><V85/><F2/><W31/><G31/><T113/><D110/><U38/><E112/><V118/><F118/><W49/><G49/><T30/><D113/><U84/><E48/><V34/><F34/><W57/><G57/><T23/><D58/><U128/><E38/><V135/><F135/><W82/><N who="3" m="20480" /><DORA hai="59" /><W72/><G72/><T9/><D30/><N who="1" m="19543" /><E33/><V64/><F64/><W117/><G117/><T19/><D69/><U124/><E132/><V45/><F51/><W75/><G75/><T134/><D134/><U101/><E101/><N who="2" m="60671" /><F47/><W104/><AGARI ba="0,1" hai="11,13,16,77,78,89,94,97,98,103,104" m="20480" machi="104" ten="40,12000,1" yaku="1,1,0,1,52,1,54,1,53,0" doraHai="88,59" doraHaiUra="131,25" who="3" fromWho="3" sc="450,-40,403,-40,69,-40,68,130" /><INIT seed="7,1,0,5,5,75" ten="410,363,29,198" oya="3" hai0="13,3,78,18,41,28,24,101,42,69,95,22,121" hai1="48,35,107,58,96,20,19,54,129,72,125,10,49" hai2="7,31,45,119,124,90,127,81,104,65,68,34,83" hai3="117,47,64,14,110,1,103,16,21,40,23,36,52"/><W27/><G117/><T61/><D3/><U50/><E35/><V5/><F104/><W89/><G1/><T112/><D121/><U57/><E129/><V116/><F45/><W11/><G110/><T120/><D120/><U53/><E125/><V44/><F44/><W56/><G64/><T76/><D69/><U66/><E72/><V32/><F65/><W100/><G89/><T55/><D101/><U67/><E10/><V38/><F68/><W130/><G23/><N who="0" m="15391" /><D95/><U29/><E29/><V115/><F31/><W109/><G109/><T80/><D112/><U79/><E50/><V93/><F93/><W62/><G130/><T114/><D114/><U87/><E96/><V15/><F15/><W133/><G133/><T0/><D0/><U77/><E107/><V51/><F51/><W88/><G88/><T122/><D122/><U135/><E135/><V9/><F90/><W118/><G118/><T82/><D61/><U26/><E79/><N who="0" m="30249" /><D55/><U98/><E98/><V105/><F105/><W4/><AGARI ba="1,0" hai="4,11,14,16,21,27,36,40,47,52,56,62,100,103" machi="4" ten="20,7800,0" yaku="0,1,7,1,54,2" doraHai="75" who="3" fromWho="3" sc="410,-27,363,-27,29,-27,198,81" /><INIT seed="7,2,0,2,0,0" ten="383,336,2,279" oya="3" hai0="92,22,131,85,132,82,88,73,20,45,75,103,34" hai1="80,105,6,106,71,114,90,135,93,10,62,127,57" hai2="13,110,133,44,25,8,128,124,94,27,115,116,38" hai3="126,74,1,9,59,69,55,26,47,83,67,61,60"/><W41/><G26/><T84/><D34/><U43/><E135/><V29/><F25/><W37/><G126/><T32/><D32/><U104/><E127/><V72/><F13/><W130/><G130/><T119/><D119/><U53/><E114/><V40/><F8/><W46/><G83/><T48/><D131/><U28/><E28/><V7/><F7/><W107/><G107/><T30/><D30/><U11/><E11/><V117/><F29/><W111/><G74/><T101/><D73/><U49/><E80/><V79/><F27/><W121/><G121/><T129/><D129/><U51/><E71/><V108/><F94/><W36/><G9/><T112/><D75/><U56/><E43/><V17/><F17/><W96/><G96/><T19/><D132/><U76/><E76/><V12/><F12/><W5/><G5/><T77/><D112/><U113/><E113/><V2/><F79/><W122/><G1/><T23/><D19/><U109/><E109/><V3/><F44/><N who="3" m="23591" /><G122/><T42/><AGARI ba="2,0" hai="20,22,23,42,45,48,77,82,84,85,88,92,101,103" machi="42" ten="30,4000,0" yaku="0,1,8,1,54,1" doraHai="0" who="0" fromWho="0" sc="383,46,336,-12,2,-12,279,-22" owari="429,53.0,324,12.0,-10,-51.0,257,-14.0" /></mjloggm>