<mjloggm ver="2.3"><GO type="97" lobby="0"/><UN n0="%E7%9F%B3%E6%9D%91%E5%8D%83%E8%A3%95" n1="%6F%73%72%67" n2="%E3%81%AF%E3%81%9A%E3%81%8D" n3="%E3%83%88%E3%83%88%E3%83%AA%E5%85%88%E7%94%9F%31%39%E6%AD%B3" dan="13,14,14,13" rate="1826.90,1976.74,1979.04,1982.44" sx="M,M,M,F"/><TAIKYOKU oya="0"/><INIT seed="0,0,0,0,3,96" ten="250,250,250,250" oya="0" hai0="125,87,54,11,26,106,43,63,120,99,20,50,117" hai1="1,48,95,118,6,123,82,132,104,37,112,32,130" hai2="86,61,46,7,9,42,107,124,133,55,75,122,92" hai3="67,60,19,73,29,52,51,70,103,80,77,110,23"/><T76/><D117/><U57/><RYUUKYOKU type="yao9" ba="0,0" sc="250,0,250,0,250,0,250,0" hai1="1,6,32,37,48,57,82,95,104,112,118,123,130,132" /><INIT seed="0,1,0,2,5,0" ten="250,250,250,250" oya="0" hai0="64,65,88,105,8,40,108,104,129,68,102,27,59" hai1="56,16,60,116,101,82,62,18,24,125,114,119,61" hai2="97,115,134,131,107,74,5,58,106,55,110,113,95" hai3="69,96,112,120,90,25,85,109,103,73,44,80,7"/><T10/><D68/><U11/><E114/><N who="2" m="43531" /><F74/><W122/><G112/><T33/><D40/><U124/><E101/><V21/><F110/><W132/><G69/><T126/><D102/><U94/><E94/><V70/><F70/><W26/><G109/><T81/><D108/><U93/><E93/><V12/><F131/><W135/><G44/><T75/><D75/><U37/><E37/><V9/><F134/><N who="3" m="51243" /><G7/><T63/><D129/><U34/><E56/><V51/><F21/><W23/><G73/><T117/><D117/><U84/><E34/><V86/><F86/><W78/><G78/><T4/><D8/><U47/><E47/><V35/><F35/><W3/><G3/><T32/><D126/><U50/><E50/><V128/><F128/><W92/><G26/><T49/><D49/><U45/><E45/><V38/><F38/><W41/><G41/><T39/><D39/><U20/><E11/><V100/><F106/><W123/><G25/><T48/><D48/><U83/><E18/><V79/><F79/><N who="3" m="46239" /><G23/><T15/><D33/><U77/><REACH who="1" step="1"/><E82/><REACH who="1" ten="250,240,250,250" step="2"/><V2/><F107/><W46/><G46/><T43/><D43/><U42/><E42/><V29/><F95/><W54/><G54/><N who="0" m="34295" /><D105/><U53/><E53/><V98/><F100/><AGARI ba="1,1" hai="90,92,96,100,103,120,122,123" m="46239,51243" machi="100" ten="40,8000,1" yaku="13,1,20,1,34,2" doraHai="0" who="3" fromWho="2" sc="250,0,240,0,250,-83,250,93" /><INIT seed="1,0,0,0,1,108" ten="250,240,167,343" oya="1" hai0="35,65,45,131,27,42,93,94,116,91,90,33,3" hai1="83,114,126,50,8,46,76,134,85,49,5,104,47" hai2="40,28,64,58,92,12,102,53,130,115,78,70,103" hai3="125,55,113,6,128,2,63,0,48,11,105,18,34"/><U7/><E104/><V135/><F130/><W86/><G105/><T57/><D131/><U59/><E134/><V43/><F135/><W112/><G128/><T132/><D132/><U61/><E126/><V67/><F70/><W107/><G34/><T30/><D116/><U23/><E23/><V24/><F78/><W82/><G125/><T9/><D35/><U51/><E114/><V99/><F12/><W62/><G107/><T100/><D3/><U38/><E38/><V75/><F75/><W44/><G0/><T98/><D9/><U15/><E5/><V14/><F103/><W10/><G62/><T79/><D79/><U127/><E127/><V69/><F115/><W89/><G63/><T41/><D41/><U32/><REACH who="1" step="1"/><E32/><REACH who="1" ten="250,230,167,343" step="2"/><V87/><F69/><W74/><G74/><T66/><D33/><U117/><E117/><V60/><F40/><W1/><G18/><T101/><D42/><U20/><E20/><N who="2" m="15367" /><F43/><W21/><G21/><T54/><D27/><U124/><E124/><V97/><F14/><W109/><G109/><T39/><D39/><U122/><E122/><V88/><F97/><W110/><G110/><T81/><D98/><U29/><E29/><V17/><F17/><W72/><G72/><T22/><D30/><U121/><E121/><V111/><F111/><W13/><G13/><T106/><D22/><U26/><E26/><V37/><F37/><W77/><G77/><T118/><D106/><U73/><E73/><V56/><F99/><W129/><G129/><T71/><D118/><U80/><E80/><V84/><F84/><W36/><G36/><RYUUKYOKU ba="0,1" sc="250,-15,230,15,167,-15,343,15" hai1="7,8,15,46,47,49,50,51,59,61,76,83,85" hai3="1,2,6,10,11,44,48,55,82,86,89,112,113" /><INIT seed="1,1,1,2,4,113" ten="235,245,152,358" oya="1" hai0="45,100,98,115,61,73,29,121,41,76,91,35,81" hai1="68,95,84,103,72,46,123,127,57,85,83,118,9" hai2="12,47,18,34,10,116,15,20,109,1,48,79,36" hai3="86,126,117,124,89,71,5,110,128,107,25,64,80"/><U78/><E68/><V53/><F34/><W67/><G110/><T122/><D115/><U99/><E46/><V131/><F109/><W129/><G117/><T39/><D61/><U132/><E57/><V51/><F131/><N who="3" m="50251" /><G107/><T58/><D58/><U102/><E9/><V93/><F1/><W96/><G71/><T7/><D91/><N who="1" m="53735" /><E118/><V13/><F116/><W33/><G5/><T17/><D17/><U44/><E44/><V16/><F79/><W40/><G96/><T135/><D135/><U87/><E123/><V94/><F36/><W4/><G40/><T21/><D21/><U43/><E43/><V52/><REACH who="2" step="1"/><F13/><REACH who="2" ten="235,245,142,358" step="2"/><W54/><G33/><T119/><D119/><U26/><E132/><V22/><F22/><W60/><G124/><T38/><D39/><U70/><E26/><V27/><F27/><W112/><G25/><N who="0" m="18863" /><D7/><U23/><E23/><V69/><F69/><W101/><G126/><T30/><D30/><U130/><E70/><V6/><F6/><W105/><G4/><T74/><D74/><U133/><E130/><V19/><F19/><W106/><G112/><T49/><D38/><U8/><E133/><V120/><F120/><W125/><G125/><T97/><D122/><U50/><E127/><V28/><F28/><W114/><G114/><T82/><D121/><U62/><E8/><V92/><F92/><W11/><G106/><T31/><D31/><U2/><E2/><V66/><F66/><W59/><G11/><T111/><D111/><U24/><E24/><V37/><F37/><W134/><G134/><T108/><D108/><U42/><E72/><RYUUKYOKU ba="1,2" sc="235,-15,245,-15,142,15,358,15" hai2="10,12,15,16,18,20,47,48,51,52,53,93,94" hai3="54,59,60,64,67,80,86,89,101,105" /><INIT seed="2,2,2,1,1,71" ten="220,230,157,373" oya="2" hai0="39,68,14,30,84,131,42,104,57,82,35,43,7" hai1="100,34,41,77,59,67,58,90,97,52,70,117,31" hai2="29,75,135,56,33,92,119,62,11,105,85,63,1" hai3="103,69,108,37,21,40,110,114,113,120,17,134,49"/><V45/><F119/><W32/><G120/><T93/><D68/><U115/><E117/><V5/><F105/><W46/><G134/><T18/><D104/><U87/><E115/><N who="3" m="44042" /><G32/><T10/><D131/><U99/><E77/><V79/><F135/><W16/><G69/><T64/><D93/><U51/><E41/><V26/><F75/><W53/><G103/><T72/><D64/><U129/><E129/><V6/><F6/><W60/><G60/><T47/><D57/><U9/><E70/><V83/><F56/><N who="3" m="32815" /><G16/><T22/><D43/><U118/><E118/><V123/><F123/><W125/><G125/><T130/><D130/><U96/><E34/><V81/><F81/><W101/><G101/><T19/><D72/><U65/><E31/><V38/><REACH who="2" step="1"/><F92/><REACH who="2" ten="220,230,147,373" step="2"/><W126/><G126/><T76/><D35/><U95/><E100/><V107/><F107/><W132/><G132/><T23/><D7/><U91/><E59/><V78/><F78/><W8/><G8/><T24/><D10/><U15/><REACH who="1" step="1"/><E90/><REACH who="1" ten="220,220,147,373" step="2"/><V28/><F28/><W121/><G121/><T106/><D106/><U124/><E124/><V0/><F0/><W54/><G110/><T50/><REACH who="0" step="1"/><D30/><REACH who="0" ten="210,220,147,373" step="2"/><U80/><E80/><V86/><F86/><W102/><G108/><T2/><D2/><U128/><E128/><V48/><F48/><AGARI ba="2,5" hai="14,18,19,22,23,24,39,42,47,48,50,76,82,84" machi="48" ten="40,2600,0" yaku="1,1,52,1,53,0" doraHai="71" doraHaiUra="111" who="0" fromWho="2" sc="210,82,220,0,147,-32,373,0" /><INIT seed="3,0,0,3,0,84" ten="292,220,115,373" oya="3" hai0="124,23,5,82,45,51,123,76,21,32,97,60,96" hai1="22,57,135,65,41,71,9,62,120,126,7,95,61" hai2="3,26,90,0,73,108,72,116,70,38,112,103,42" hai3="111,80,63,93,54,100,114,99,39,128,8,104,106"/><W19/><G114/><T40/><D124/><U59/><E120/><V25/><F103/><W56/><G39/><T58/><D123/><U6/><E126/><V10/><F42/><W69/><G128/><T29/><D32/><U131/><E131/><V64/><F64/><W83/><G111/><T46/><D45/><U98/><E135/><V121/><F10/><W4/><G19/><T107/><D107/><U36/><E36/><V133/><F26/><W52/><G69/><T49/><D49/><U78/><E41/><V55/><F25/><W17/><G17/><T66/><D29/><U50/><E50/><V101/><F55/><W77/><G54/><T110/><D110/><U68/><E78/><V33/><F90/><W134/><G80/><T48/><D48/><U37/><E37/><V20/><F20/><W89/><G100/><T67/><D67/><U94/><E22/><V11/><F101/><W44/><G134/><T43/><D43/><U125/><E125/><V88/><F88/><W118/><G118/><T117/><D117/><U86/><E86/><V102/><F102/><W53/><G53/><T47/><D47/><U81/><E81/><V87/><F87/><W24/><G24/><T132/><D132/><U129/><E129/><V122/><F11/><W14/><G44/><T74/><D5/><U119/><E119/><V15/><F122/><W92/><G4/><T115/><D115/><U13/><E98/><V27/><F27/><W35/><G99/><T130/><D130/><U34/><E65/><V16/><F121/><W30/><G30/><T85/><D74/><RYUUKYOKU ba="0,0" sc="292,30,220,-10,115,-10,373,-10" hai0="21,23,40,46,51,58,60,66,76,82,85,96,97" owari="322,12.0,210,-19.0,105,-39.0,363,46.0" /></mjloggm>