<mjloggm ver="2.3"><GO type="97" lobby="0"/><UN n0="%E9%81%93%E6%88%90" n1="%E5%B0%B1%E6%B4%BB%E7%94%9F%40%E5%B7%9D%E6%9D%91%E8%BB%8D%E5%9B%A3" n2="%72%65%64%73%72%65%64%73" n3="%EF%BD%9C%E7%A8%B2%E5%8F%A2%E8%8E%89%E9%9F%B3%EF%BD%9C" dan="14,15,14,14" rate="1978.38,2049.65,1987.18,1988.18" sx="M,M,M,M"/><TAIKYOKU oya="0"/><INIT seed="0,0,0,4,1,49" ten="250,250,250,250" oya="0" hai0="93,81,86,133,4,12,74,89,124,121,115,18,84" hai1="42,30,63,123,125,45,112,91,46,126,36,94,44" hai2="55,66,65,102,118,41,100,134,38,31,128,69,132" hai3="97,17,105,22,47,35,26,25,111,122,33,29,57"/><T21/><D115/><U5/><E123/><V95/><F31/><W56/><G122/><T88/><D121/><U103/><E103/><N who="2" m="39467" /><F95/><W28/><G111/><T7/><D124/><N who="1" m="47723" /><E112/><V120/><F69/><W70/><G70/><T61/><D133/><N who="2" m="51306" /><F120/><W43/><G105/><T16/><D74/><U32/><E5/><V101/><F101/><W40/><G97/><T135/><D135/><U53/><E30/><V1/><F1/><W62/><G57/><T71/><D71/><U85/><E32/><V37/><F118/><W72/><G72/><T108/><D108/><U3/><E3/><V109/><F109/><W24/><REACH who="3" step="1"/><G47/><REACH who="3" ten="250,250,250,240" step="2"/><T90/><D61/><U19/><E45/><V114/><F114/><W60/><G60/><T99/><REACH who="0" step="1"/><D18/><REACH who="0" ten="240,250,250,240" step="2"/><U23/><E63/><V0/><F66/><AGARI ba="0,2" hai="17,22,24,25,26,28,29,33,35,40,43,56,62,66" machi="66" ten="30,3900,0" yaku="1,1,7,1,9,1,53,0" doraHai="49" doraHaiUra="130" who="3" fromWho="2" sc="240,0,250,0,250,-39,240,59" /><INIT seed="1,0,0,4,5,135" ten="240,250,211,299" oya="1" hai0="94,56,22,113,124,33,53,1,39,72,57,45,134" hai1="119,76,89,121,99,92,31,105,85,63,86,79,114" hai2="24,48,102,11,73,84,18,75,38,61,107,59,14" hai3="132,118,15,106,16,23,125,36,46,133,112,40,6"/><U37/><E37/><V80/><F38/><W109/><G112/><T74/><D113/><U128/><E114/><V95/><F107/><W44/><G106/><T42/><D33/><U7/><E121/><V58/><F24/><W55/><G109/><T17/><D134/><N who="3" m="51817" /><G118/><T81/><D1/><U12/><E119/><V68/><F68/><W13/><G125/><T82/><D124/><U103/><E128/><V0/><F0/><W108/><G108/><T60/><D94/><U100/><E31/><V127/><F127/><W19/><G6/><T123/><D123/><U43/><E43/><V87/><F73/><W78/><G78/><N who="1" m="29738" /><E63/><V9/><F75/><W116/><G116/><T47/><D74/><U64/><E64/><V117/><F117/><W2/><G2/><T129/><D72/><U110/><E110/><V71/><F71/><W26/><G19/><T83/><D45/><U101/><E12/><V77/><F48/><AGARI ba="0,0" hai="13,15,16,23,26,36,40,44,46,48,55" m="51817" machi="48" ten="30,2000,0" yaku="20,1,54,1" doraHai="135" who="3" fromWho="2" sc="240,0,250,0,211,-20,299,20" /><INIT seed="2,0,0,0,1,108" ten="240,250,191,319" oya="2" hai0="114,3,34,102,29,78,99,49,16,97,111,53,128" hai1="87,67,56,80,10,21,121,60,28,82,118,76,4" hai2="109,123,61,51,116,20,135,5,100,70,45,55,8" hai3="27,117,125,23,37,48,32,113,2,15,31,38,110"/><V63/><F123/><W83/><G117/><T134/><D111/><U25/><E121/><V6/><F116/><W64/><G2/><T22/><D3/><U92/><E118/><V69/><F109/><W35/><G110/><T126/><D126/><U133/><E133/><V7/><F135/><W43/><G125/><T104/><D134/><U122/><E122/><V120/><F120/><W18/><G113/><T9/><D114/><U39/><E39/><V106/><F8/><W73/><G64/><T0/><D128/><U88/><REACH who="1" step="1"/><E76/><REACH who="1" ten="240,240,191,319" step="2"/><V62/><REACH who="2" step="1"/><F20/><REACH who="2" ten="240,240,181,319" step="2"/><W77/><G23/><T75/><D22/><U103/><E103/><V17/><F17/><W57/><G18/><T96/><D16/><U58/><E58/><V81/><F81/><W130/><G57/><T12/><D102/><U13/><AGARI ba="0,2" hai="4,10,13,21,25,28,56,60,67,80,82,87,88,92" machi="13" ten="20,8000,1" yaku="1,1,0,1,7,1,8,1,54,1,53,0" doraHai="108" doraHaiUra="42" who="1" fromWho="1" sc="240,-20,240,100,181,-40,319,-20" /><INIT seed="3,0,0,0,5,79" ten="220,340,141,299" oya="3" hai0="35,61,97,81,51,70,31,29,91,126,108,125,57" hai1="37,82,16,43,106,131,80,111,23,65,85,128,71" hai2="34,11,25,127,86,77,99,88,40,59,87,55,122" hai3="20,68,28,129,62,64,133,58,90,117,12,69,54"/><W74/><G117/><T66/><D108/><U95/><E106/><V47/><F127/><N who="0" m="48650" /><D35/><U124/><E111/><V107/><F122/><W120/><G120/><T22/><D22/><U6/><E6/><V2/><F77/><W98/><G133/><T118/><D118/><U24/><E124/><V104/><F86/><W15/><G74/><T8/><D8/><U9/><E9/><V101/><F25/><W36/><G36/><T121/><D121/><U92/><E71/><V119/><F34/><W72/><G72/><T0/><D0/><U1/><E1/><V130/><F130/><N who="1" m="49705" /><E65/><V56/><F119/><W46/><G69/><T96/><D81/><N who="1" m="31339" /><E85/><V123/><F123/><W50/><G68/><T84/><D70/><U27/><E27/><V76/><F76/><W39/><G129/><T115/><D115/><U93/><E43/><V30/><F30/><W103/><G64/><T132/><D132/><U42/><E42/><V53/><F104/><W75/><G75/><T19/><D31/><U94/><E94/><V26/><F26/><W49/><G28/><T113/><D29/><U7/><E7/><V105/><F105/><W89/><G98/><T116/><D96/><U60/><E60/><V33/><F33/><W21/><G62/><T13/><D97/><U41/><E41/><V135/><F135/><W102/><G20/><T114/><D116/><U38/><AGARI ba="0,0" hai="16,23,24,37,38,92,93,95" m="31339,49705" machi="38" ten="40,8000,1" yaku="19,1,52,3,54,1" doraHai="79" who="1" fromWho="1" sc="220,-20,340,80,141,-20,299,-40" owari="200,-20.0,420,52.0,121,-38.0,259,6.0" /></mjloggm>