<mjloggm ver="2.3"><GO type="41" lobby="0"/><UN n0="%E3%81%B7%E3%82%93%E3%81%B7%E3%82%93%EF%BC%81" n1="%E3%81%82%E3%82%8A%E3%81%8A%E3%81%A8" n2="%E5%B0%B1%E6%B4%BB%E7%94%9F%40%E5%B7%9D%E6%9D%91%E8%BB%8D%E5%9B%A3" n3="%72%65%3A%E3%81%BF%E3%81%AA%E3%81%84%E3%81%A0%E3%82%93" dan="15,17,15,16" rate="1991.09,2117.08,1953.12,2024.55" sx="M,M,M,M"/><TAIKYOKU oya="0"/><INIT seed="0,0,0,3,5,5" ten="250,250,250,250" oya="0" hai0="1,33,45,125,62,118,37,21,69,126,67,116,89" hai1="111,122,110,54,9,52,134,42,98,18,79,132,76" hai2="103,127,7,34,68,85,104,16,32,83,74,135,131" hai3="92,23,80,63,113,53,51,15,121,78,26,43,123"/><T60/><D33/><U8/><E42/><V39/><F74/><W108/><G108/><N who="1" m="41514" /><E98/><V10/><F68/><W71/><G113/><T46/><D1/><U109/><E122/><V61/><F39/><W50/><G43/><N who="0" m="22767" /><D89/><U64/><E64/><V38/><F38/><W59/><G92/><T90/><D90/><U65/><E65/><V84/><F84/><W27/><G15/><T3/><D21/><U115/><E115/><V35/><F127/><N who="0" m="48650" /><D3/><U19/><N who="1" m="41522" /><U105/><DORA hai="13" /><E105/><V117/><F117/><N who="0" m="45162" /><D60/><U86/><E86/><V66/><F103/><W22/><G121/><T93/><D93/><U25/><E79/><V4/><F104/><W0/><G0/><T129/><D129/><U77/><E76/><V70/><F131/><W55/><G123/><T30/><D30/><U130/><E77/><V106/><F106/><W87/><G63/><T44/><AGARI ba="0,0" hai="44,46,62,67,69" m="45162,48650,22767" machi="44" ten="40,7800,0" yaku="18,1,34,2" doraHai="5,13" who="0" fromWho="0" sc="250,78,250,-26,250,-26,250,-26" /><INIT seed="0,1,0,5,5,25" ten="328,224,224,224" oya="0" hai0="114,26,9,81,83,48,85,100,4,3,66,71,70" hai1="117,40,93,52,58,13,15,91,69,98,107,19,101" hai2="54,115,10,128,72,51,130,55,28,18,16,64,118" hai3="104,82,97,5,106,44,12,0,30,132,131,87,121"/><T99/><D114/><U105/><E69/><V68/><F72/><W112/><G0/><T47/><D26/><U77/><E117/><V50/><F115/><W34/><G112/><T17/><D17/><U21/><E40/><V45/><F118/><W27/><G132/><T126/><D126/><U124/><E124/><V135/><F135/><W94/><G131/><N who="2" m="50217" /><F10/><W35/><G35/><T123/><D123/><U80/><E13/><V63/><F28/><W53/><G121/><T92/><D66/><U22/><E22/><V36/><F36/><W111/><G111/><T129/><D129/><U60/><REACH who="1" step="1"/><E101/><REACH who="1" ten="328,214,224,224" step="2"/><V57/><AGARI ba="1,1" hai="16,18,45,50,51,54,55,57,63,64,68" m="50217" machi="57" ten="30,2000,0" yaku="19,1,54,1" doraHai="25" who="2" fromWho="2" sc="328,-11,214,-6,224,33,224,-6" /><INIT seed="1,0,0,2,5,97" ten="317,208,257,218" oya="1" hai0="21,122,135,60,64,66,4,2,112,61,105,124,115" hai1="126,39,48,5,20,31,125,73,81,130,121,119,110" hai2="18,8,23,87,27,19,129,89,22,72,38,127,113" hai3="90,44,28,55,82,118,62,50,1,133,78,94,93"/><U29/><E39/><V85/><F72/><W83/><G133/><T107/><D21/><U58/><E119/><V106/><F38/><W120/><G120/><T32/><D32/><U45/><E121/><V6/><F113/><W11/><G28/><T63/><D122/><U74/><E58/><V79/><F106/><W16/><G118/><T86/><D86/><U25/><E31/><V128/><F127/><N who="1" m="48649" /><E5/><V117/><F79/><W10/><G93/><T26/><D124/><U104/><E104/><V65/><F65/><W92/><G92/><T3/><D26/><U33/><E33/><V37/><F37/><W70/><G1/><N who="0" m="11" /><D4/><U14/><E14/><N who="2" m="5399" /><F89/><W36/><G36/><T46/><D46/><U134/><E134/><V52/><F117/><W12/><G10/><T103/><D135/><U109/><E130/><N who="2" m="50283" /><F52/><W98/><G78/><T9/><D64/><U67/><E67/><V96/><F96/><W47/><G70/><T108/><D66/><U100/><E81/><N who="3" m="30730" /><G62/><T111/><D105/><U102/><E74/><V76/><F76/><W88/><G47/><T41/><D61/><U75/><E73/><V99/><F99/><W35/><G35/><T84/><D60/><U59/><E75/><V51/><F51/><W57/><G44/><T30/><D63/><U95/><E59/><V132/><F132/><W13/><G13/><AGARI ba="0,0" hai="13,18,19,22,23,27,85,87" m="50283,5399" machi="13" ten="30,1000,0" yaku="19,1" doraHai="97" who="2" fromWho="3" sc="317,0,208,0,257,10,218,-10" /><INIT seed="2,0,0,5,2,8" ten="317,208,267,208" oya="2" hai0="120,31,88,89,116,43,64,101,12,28,27,22,6" hai1="90,30,35,23,52,96,127,108,71,45,79,51,40" hai2="81,68,0,50,41,17,39,80,100,32,14,4,7" hai3="42,66,49,135,132,34,78,9,111,59,129,54,123"/><V83/><F68/><W21/><G34/><T61/><D120/><U109/><E71/><V125/><F32/><W84/><G123/><T104/><D116/><U15/><E35/><V67/><F0/><W3/><G66/><T86/><D43/><U29/><E79/><V99/><F39/><W97/><G129/><T106/><D31/><U18/><E127/><V47/><F67/><W58/><G58/><T130/><D130/><U1/><E1/><V95/><REACH who="2" step="1"/><F125/><REACH who="2" ten="317,208,257,208" step="2"/><W115/><G3/><T134/><D64/><U63/><E109/><V38/><F38/><W53/><G111/><T91/><D134/><U93/><E108/><V121/><F121/><W11/><G132/><T76/><D106/><U57/><AGARI ba="0,1" hai="15,18,23,29,30,40,45,51,52,57,63,90,93,96" machi="57" ten="30,7900,0" yaku="0,1,8,1,52,1,54,1" doraHai="8" who="1" fromWho="1" sc="317,-20,208,89,257,-39,208,-20" /><INIT seed="3,0,0,4,3,33" ten="297,297,218,188" oya="3" hai0="80,14,92,0,119,107,133,48,77,120,71,91,126" hai1="103,21,87,84,74,131,88,17,129,5,55,45,22" hai2="34,13,117,130,23,134,16,100,59,93,37,102,41" hai3="109,27,89,38,96,61,30,29,25,63,54,76,99"/><W64/><G38/><T49/><D0/><U135/><E74/><V19/><F117/><W36/><G36/><T44/><D107/><U95/><E103/><V101/><F34/><W122/><G122/><T105/><D71/><U78/><E135/><V56/><F134/><W70/><G76/><T113/><D105/><U85/><E5/><V40/><F130/><N who="1" m="49673" /><E78/><V72/><F72/><W73/><G73/><T111/><D111/><U110/><E110/><V66/><F37/><W125/><G109/><T31/><D126/><U67/><E67/><V12/><F93/><W104/><G125/><T4/><D119/><U121/><E22/><V81/><F81/><W28/><G89/><T6/><D91/><U15/><E121/><V112/><F112/><W108/><G108/><T124/><D113/><U106/><E106/><V26/><F26/><W42/><G42/><N who="2" m="16489" /><F66/><W116/><G116/><T39/><D80/><U82/><E82/><V60/><F60/><W127/><G127/><T8/><D39/><U53/><E45/><V10/><AGARI ba="0,0" hai="10,12,13,16,19,23,56,59,100,101,102" m="16489" machi="10" ten="30,2000,0" yaku="8,1,54,1" doraHai="33" who="2" fromWho="2" sc="297,-5,297,-5,218,20,188,-10" /><INIT seed="4,0,0,4,0,36" ten="292,292,238,178" oya="0" hai0="88,64,69,128,126,40,94,2,119,12,8,45,1" hai1="55,25,101,122,80,82,42,14,7,48,110,87,104" hai2="135,77,30,17,23,16,127,107,129,89,121,56,116" hai3="10,54,24,19,97,6,84,71,4,103,27,123,20"/><T35/><D119/><U52/><E110/><V112/><F107/><W98/><G71/><T38/><D35/><U15/><E104/><V5/><F121/><W113/><G113/><T81/><D128/><U33/><E33/><V26/><F77/><W100/><G84/><T73/><D126/><U85/><E101/><V59/><F116/><W99/><G123/><T31/><D31/><U49/><E25/><V134/><F112/><W125/><G125/><T74/><D64/><U60/><E60/><V39/><F39/><W66/><G66/><T130/><D69/><U62/><E62/><V47/><F5/><W133/><G133/><N who="2" m="50697" /><F129/><W120/><G120/><T34/><D34/><U37/><E37/><V3/><F3/><W131/><G131/><T118/><D118/><U53/><E122/><V18/><F127/><W105/><G27/><T124/><D130/><U93/><E93/><V65/><F65/><W11/><G54/><T95/><D95/><U22/><E7/><V61/><F61/><W0/><REACH who="3" step="1"/><G103/><REACH who="3" ten="292,292,238,168" step="2"/><T13/><D124/><U50/><E85/><V132/><F132/><W63/><G63/><T76/><D73/><U28/><E87/><V117/><F117/><W111/><G111/><T57/><D74/><U114/><E114/><V51/><F89/><W44/><G44/><T78/><D88/><U67/><E67/><V96/><F96/><W58/><G58/><T83/><D57/><U106/><E55/><AGARI ba="0,1" hai="16,17,18,23,26,30,47,51,55,56,59" m="50697" machi="55" ten="30,2000,0" yaku="20,1,54,1" doraHai="36" who="2" fromWho="1" sc="292,0,292,-20,238,30,168,0" /><INIT seed="5,0,0,0,1,116" ten="292,272,268,168" oya="1" hai0="70,28,81,134,98,53,29,8,129,101,77,51,42" hai1="87,48,117,17,22,78,27,111,92,38,130,95,14" hai2="90,133,124,35,16,11,100,89,58,43,102,79,118" hai3="121,120,60,122,91,112,119,39,26,7,132,73,4"/><U23/><E38/><V1/><F35/><W80/><G39/><T123/><D70/><U19/><E117/><V34/><F34/><W3/><G119/><T135/><D129/><U86/><E130/><V84/><F118/><W12/><G112/><T55/><D8/><U9/><E111/><V67/><F43/><W57/><G3/><T2/><D2/><U126/><E126/><V21/><F1/><W128/><G128/><T104/><D42/><U56/><E9/><V71/><F71/><W6/><G26/><T131/><D131/><U82/><E87/><V76/><F11/><W54/><G132/><N who="0" m="50731" /><D123/><U127/><E127/><V108/><F108/><W46/><G46/><N who="0" m="27895" /><D55/><AGARI ba="0,0" hai="14,17,19,22,23,27,48,55,56,78,82,86,92,95" machi="55" ten="40,2000,0" yaku="8,1" doraHai="116" who="1" fromWho="0" sc="292,-20,272,20,268,0,168,0" /><INIT seed="5,1,0,4,0,10" ten="272,292,268,168" oya="1" hai0="67,43,26,41,81,75,106,107,85,62,8,68,48" hai1="45,79,42,38,16,135,47,22,128,130,58,65,74" hai2="121,55,36,53,63,59,4,101,112,40,117,71,61" hai3="99,84,118,18,33,114,30,76,119,24,110,93,116"/><U57/><E135/><V95/><F117/><W35/><G110/><T108/><D75/><U12/><E47/><V11/><F121/><W122/><G122/><T46/><D108/><U102/><E102/><V126/><F126/><W80/><G114/><T29/><D41/><U31/><E31/><V0/><F112/><W37/><G37/><T7/><D26/><U96/><E96/><V25/><F25/><W28/><G18/><T109/><D29/><U124/><E124/><V69/><F36/><W51/><G51/><T9/><D109/><U56/><REACH who="1" step="1"/><E65/><REACH who="1" ten="272,282,268,168" step="2"/><V60/><F101/><N who="3" m="60655" /><G30/><T21/><D46/><U134/><E134/><V66/><F40/><W87/><G35/><T50/><D43/><U82/><AGARI ba="1,1" hai="12,16,22,38,42,45,56,57,58,74,79,82,128,130" machi="82" ten="30,12000,1" yaku="1,1,0,1,52,1,54,1,53,1" doraHai="10" doraHaiUra="39" who="1" fromWho="1" sc="272,-41,282,133,268,-41,168,-41" /><INIT seed="5,2,0,4,0,60" ten="231,415,227,127" oya="1" hai0="56,48,49,88,6,98,11,134,130,21,8,81,122" hai1="133,14,109,4,15,38,24,66,67,83,90,58,16" hai2="45,112,118,40,50,70,59,115,107,101,85,19,31" hai3="117,131,17,64,52,105,110,114,96,53,93,68,111"/><U37/><E133/><V0/><F70/><W77/><G77/><T76/><D134/><U22/><E38/><V80/><F0/><W120/><G120/><T13/><D130/><U116/><E37/><V65/><F118/><W92/><G17/><N who="0" m="10415" /><D122/><U99/><E116/><V125/><F31/><W43/><G117/><T119/><D119/><U47/><E47/><V84/><F125/><W9/><G9/><N who="0" m="3659" /><D6/><U42/><E42/><V100/><F19/><W46/><G131/><T79/><D56/><U20/><E4/><V54/><F85/><W30/><G105/><T104/><D104/><U82/><E14/><V91/><F107/><W23/><G110/><T87/><D98/><U27/><E27/><V103/><REACH who="2" step="1"/><F65/><REACH who="2" ten="231,415,217,127" step="2"/><N who="1" m="24585" /><E109/><V72/><F72/><W124/><G68/><T127/><D127/><U102/><E58/><V2/><F2/><W18/><G124/><T75/><D75/><U26/><E26/><V63/><AGARI ba="2,1" hai="40,45,50,54,59,63,80,84,91,100,101,103,112,115" machi="63" ten="30,2000,0" yaku="1,1,0,1,53,0" doraHai="60" doraHaiUra="94" who="2" fromWho="2" sc="231,-7,415,-12,217,36,127,-7" /><INIT seed="6,0,0,2,3,5" ten="224,403,253,120" oya="2" hai0="125,119,22,4,19,49,92,56,122,95,74,127,96" hai1="54,32,112,16,39,71,123,115,124,108,61,99,113" hai2="58,84,23,0,1,55,93,40,65,30,132,114,82" hai3="73,130,109,46,41,107,18,88,8,85,14,31,75"/><V78/><F114/><W59/><G109/><T131/><D74/><U42/><E108/><V121/><F132/><W94/><G107/><T2/><D122/><U118/><E118/><V87/><F121/><W102/><G130/><T51/><D131/><U12/><E32/><V38/><F65/><W100/><G31/><T105/><D105/><U53/><E124/><N who="0" m="47689" /><D119/><U10/><E123/><V17/><F40/><W50/><REACH who="3" step="1"/><G59/><REACH who="3" ten="224,403,253,110" step="2"/><T111/><D111/><U83/><E71/><V133/><F30/><W37/><G37/><T24/><D56/><U126/><E126/><V135/><F38/><W11/><G11/><N who="0" m="2455" /><D95/><U110/><E110/><V60/><F135/><W101/><AGARI ba="0,1" hai="8,14,18,41,46,50,73,75,85,88,94,100,101,102" machi="101" ten="30,7900,0" yaku="1,1,0,1,52,1,54,1,53,0" doraHai="5" doraHaiUra="103" who="3" fromWho="3" sc="224,-20,403,-20,253,-39,110,89" /><INIT seed="7,0,0,2,3,106" ten="204,383,214,199" oya="3" hai0="11,128,93,49,71,20,75,15,82,32,13,117,41" hai1="103,125,46,66,89,98,58,4,35,10,50,59,51" hai2="8,52,121,38,55,94,135,91,29,63,113,95,116" hai3="101,19,60,80,124,81,18,39,6,14,74,21,28"/><W68/><G39/><T36/><D32/><U31/><E125/><V78/><F116/><W96/><G124/><T24/><D117/><U62/><E35/><V99/><F38/><W53/><G6/><T127/><D127/><U7/><E31/><V100/><F121/><W134/><G28/><T47/><D71/><U107/><E89/><V120/><F120/><W54/><G134/><T86/><D75/><U79/><E79/><V111/><F111/><W42/><G42/><T64/><D128/><U12/><E4/><V87/><F113/><W119/><G119/><T67/><D93/><U5/><E5/><V84/><F29/><W122/><G122/><T131/><D36/><U90/><E90/><V27/><F27/><W126/><G126/><T70/><D131/><U43/><E51/><V61/><F8/><W114/><G114/><T105/><D105/><U1/><E1/><V0/><F0/><W115/><G115/><T88/><D70/><AGARI ba="0,0" hai="7,10,12,43,46,50,58,59,62,66,70,98,103,107" machi="70" ten="30,1000,0" yaku="7,1" doraHai="106" who="1" fromWho="0" sc="204,-10,383,10,214,0,199,0" owari="194,-31.0,393,50.0,214,1.0,199,-20.0" /></mjloggm>