<mjloggm ver="2.3"><GO type="169" lobby="0"/><UN n0="%E3%82%A6%E3%83%AB%E3%83%88%E3%83%A9%E7%AB%8B%E7%9B%B4" n1="%55%73%6F%70%70%79" n2="%E3%81%BE%E3%81%93%E3%81%95%E3%81%A8%76%65%72%32" n3="%CE%BC%E3%81%97%E3%82%82%E3%81%A7" dan="17,16,16,16" rate="2143.14,2053.56,2105.02,2160.82" sx="M,M,M,M"/><TAIKYOKU oya="0"/><INIT seed="0,0,0,1,1,50" ten="250,250,250,250" oya="0" hai0="13,39,47,65,134,61,75,120,123,58,45,41,88" hai1="100,16,5,22,74,2,14,132,86,36,131,78,105" hai2="124,57,52,28,38,85,92,72,27,114,84,94,19" hai3="35,73,90,122,7,96,15,104,115,127,42,119,109"/><T33/><D33/><U29/><E74/><V80/><F38/><W76/><G15/><T116/><D75/><U59/><E36/><V56/><F114/><W67/><G7/><T26/><D26/><U8/><E131/><V4/><F72/><W103/><G42/><N who="0" m="22751" /><D88/><U79/><E132/><V30/><F4/><W97/><G67/><T87/><D87/><U102/><E29/><N who="2" m="11371" /><F57/><W60/><G60/><T112/><D13/><U24/><E2/><V51/><F124/><W49/><G35/><T40/><D112/><U18/><E105/><V31/><N who="2" m="11379" /><V1/><DORA hai="135" /><F1/><W82/><G115/><T46/><D134/><U111/><E18/><V98/><F98/><W21/><G21/><T95/><D95/><N who="2" m="36394" /><F80/><W99/><G82/><T128/><D116/><U3/><E3/><V62/><F62/><W83/><G119/><T37/><D128/><U32/><E59/><V44/><F56/><W129/><G129/><T106/><D106/><U71/><E32/><V130/><F130/><W133/><G133/><T126/><D126/><U81/><E71/><V10/><F10/><W91/><G127/><T34/><D34/><U77/><E111/><V68/><F68/><W43/><G96/><T70/><D70/><U53/><REACH who="1" step="1"/><E53/><REACH who="1" ten="250,240,250,250" step="2"/><V9/><F9/><W25/><G73/><T17/><D17/><U0/><E0/><V118/><F118/><W11/><G104/><T55/><D65/><U125/><E125/><V117/><F117/><W121/><G109/><T101/><D101/><AGARI ba="0,1" hai="5,8,14,16,22,24,77,78,79,81,86,100,101,102" machi="101" ten="40,8000,1" yaku="1,1,8,1,54,1,53,1" doraHai="50,135" doraHaiUra="107,20" who="1" fromWho="0" sc="250,-80,240,90,250,0,250,0" /><INIT seed="1,0,0,2,2,119" ten="170,330,250,250" oya="1" hai0="19,130,115,21,124,110,3,80,48,30,128,66,25" hai1="8,127,69,84,70,7,71,67,88,111,91,135,116" hai2="59,17,106,78,46,37,57,83,54,50,117,38,68" hai3="108,55,58,18,49,118,98,64,41,134,23,22,107"/><U33/><E116/><V77/><F106/><W90/><G118/><T95/><D115/><U92/><E33/><V89/><F117/><W75/><G75/><T16/><D66/><U42/><E127/><V60/><F38/><W40/><G134/><T65/><D65/><U24/><E135/><V100/><F100/><W34/><G34/><T86/><D124/><U35/><E42/><V11/><F37/><W10/><G108/><T126/><D126/><U6/><E6/><V2/><F68/><W101/><G64/><T109/><D95/><U123/><E123/><V13/><F2/><W29/><G10/><T112/><D48/><U79/><E79/><V73/><F59/><W12/><G23/><T51/><D51/><U27/><E67/><V97/><F73/><W31/><G41/><T121/><D3/><U85/><E35/><V93/><REACH who="2" step="1"/><F83/><REACH who="2" ten="170,330,240,250" step="2"/><W56/><G56/><T81/><D112/><U99/><E111/><N who="0" m="42505" /><D81/><U32/><E69/><V4/><F4/><W120/><G120/><T104/><D104/><U28/><E70/><V133/><F133/><W39/><G39/><T47/><D121/><U20/><E71/><V129/><F129/><N who="0" m="49770" /><D47/><U132/><E132/><V1/><F1/><W74/><G74/><T0/><D0/><U45/><E7/><V26/><F26/><W114/><G114/><T62/><D62/><U82/><E27/><V103/><F103/><W44/><G44/><T96/><D96/><U61/><E99/><V94/><F94/><N who="3" m="56663" /><G40/><AGARI ba="0,1" hai="11,13,17,40,46,50,54,57,60,77,78,89,93,97" machi="40" ten="30,3900,0" yaku="1,1,7,1,8,1,53,0" doraHai="119" doraHaiUra="113" who="2" fromWho="3" sc="170,0,330,0,240,49,250,-39" /><INIT seed="2,0,0,3,1,107" ten="170,330,289,211" oya="2" hai0="119,98,135,34,114,80,33,5,57,70,126,117,79" hai1="128,4,19,118,101,64,2,41,7,86,77,87,28" hai2="14,20,129,52,103,22,44,18,39,26,68,83,10" hai3="32,116,46,40,29,112,102,108,94,6,106,30,88"/><V12/><F68/><W3/><G116/><N who="0" m="44619" /><D70/><U11/><E118/><V104/><F129/><W127/><G112/><T56/><D114/><U0/><E101/><V66/><F66/><W92/><G127/><T35/><D126/><U60/><E28/><V50/><F39/><W72/><G108/><T133/><D98/><U91/><E41/><V85/><F104/><W23/><G32/><N who="0" m="8195" /><T8/><DORA hai="63" /><D57/><U27/><E77/><V90/><F103/><W51/><G106/><T81/><D56/><U54/><E54/><V132/><F132/><N who="0" m="50762" /><D79/><U84/><E91/><V110/><F110/><W124/><G124/><T76/><D76/><U53/><E53/><V21/><REACH who="2" step="1"/><F14/><AGARI ba="0,0" hai="5,8,14,80,81" m="50762,8195,44619" machi="14" ten="50,3200,0" yaku="12,1,20,1" doraHai="107,63" who="0" fromWho="2" sc="170,32,330,0,289,-32,211,0" /><INIT seed="3,0,0,4,2,128" ten="202,330,257,211" oya="3" hai0="88,15,56,112,71,67,109,0,8,130,24,135,33" hai1="44,23,53,59,106,131,63,32,50,55,14,126,83" hai2="107,37,72,129,57,3,82,124,64,75,125,9,48" hai3="69,114,102,20,66,61,121,96,30,90,94,84,99"/><W1/><G121/><T73/><D73/><U62/><E32/><V28/><F107/><W76/><G114/><T101/><D130/><U39/><E106/><V111/><F37/><W95/><G1/><T19/><D112/><U87/><E126/><N who="2" m="48747" /><F129/><W132/><G30/><T68/><D101/><U43/><E131/><V110/><F28/><W46/><G20/><T93/><D109/><N who="2" m="41482" /><F82/><W60/><G46/><T98/><D135/><U115/><E115/><V25/><F25/><W54/><G132/><T34/><D0/><U70/><E39/><V16/><F3/><W29/><G29/><T122/><D122/><U80/><E70/><V105/><F105/><W104/><G76/><T35/><REACH who="0" step="1"/><D24/><REACH who="0" ten="192,330,257,211" step="2"/><U5/><E87/><V17/><F75/><W100/><G104/><T113/><D113/><U78/><E78/><V31/><F72/><W13/><G84/><T77/><D77/><U134/><E134/><V120/><F120/><W40/><G90/><T86/><D86/><U27/><E27/><V21/><F9/><W38/><G102/><T89/><D89/><U119/><E83/><V65/><F31/><W26/><G26/><T18/><D18/><N who="2" m="7274" /><F21/><W49/><G100/><T47/><D47/><U36/><E80/><V42/><F42/><W118/><G40/><T91/><D91/><U2/><E23/><V92/><F92/><W11/><G94/><T41/><D41/><U116/><E36/><V7/><F7/><W81/><G95/><T117/><D117/><U79/><E2/><V51/><F57/><W6/><G6/><T108/><D108/><U133/><E79/><RYUUKYOKU ba="0,1" sc="192,15,330,-15,257,15,211,-15" hai0="8,15,19,33,34,35,56,67,68,71,88,93,98" hai2="48,51,64,65" /><INIT seed="4,1,1,5,0,133" ten="207,315,272,196" oya="0" hai0="123,87,112,111,5,81,105,71,75,77,68,129,35" hai1="82,126,101,95,44,57,97,31,114,25,78,15,27" hai2="16,132,76,83,3,28,74,94,72,106,130,91,88" hai3="89,99,120,98,100,103,11,20,12,43,61,19,52"/><T6/><D123/><U84/><E114/><V110/><F3/><W79/><G120/><T21/><D35/><U102/><E44/><V58/><F28/><W10/><G43/><T63/><D112/><U4/><E102/><V9/><F106/><W85/><G79/><T22/><D105/><U26/><E57/><V7/><F7/><N who="0" m="2570" /><D75/><U36/><E36/><V0/><F0/><W96/><G103/><T8/><D8/><N who="1" m="4487" /><E126/><V135/><F110/><W34/><G34/><T104/><D104/><U73/><E73/><N who="2" m="43407" /><F58/><N who="3" m="35015" /><G100/><T46/><D111/><U60/><E60/><V13/><F130/><W64/><G64/><T39/><D129/><U108/><E108/><V47/><F47/><W18/><G18/><T53/><D39/><U117/><E117/><V124/><F124/><W119/><G119/><T17/><D68/><U42/><E42/><V24/><F24/><W2/><G2/><T65/><D46/><U32/><E32/><V80/><F80/><AGARI ba="1,1" hai="10,11,12,19,20,80,85,89,96,98,99" m="35015" machi="80" ten="30,2000,0" yaku="8,1,54,1" doraHai="133" who="3" fromWho="2" sc="207,0,315,0,272,-23,196,33" /><INIT seed="5,0,0,1,0,124" ten="207,315,249,229" oya="1" hai0="92,49,8,11,114,122,56,10,58,23,35,121,97" hai1="130,117,127,22,45,54,93,66,42,16,120,63,51" hai2="115,71,101,128,52,33,78,113,126,86,25,135,96" hai3="37,89,14,76,70,18,38,13,79,116,30,132,82"/><U110/><E117/><V24/><F71/><W102/><G70/><T17/><D35/><U73/><E120/><V61/><F126/><W34/><G116/><T60/><D114/><N who="2" m="43530" /><F33/><W109/><G109/><T44/><D122/><U100/><E73/><V134/><F128/><W74/><G132/><N who="2" m="50729" /><F78/><W46/><G102/><T104/><D104/><U91/><E100/><V28/><F86/><W64/><G64/><T20/><D121/><U53/><E130/><V118/><F28/><W3/><G3/><T2/><D2/><U41/><E41/><V6/><F6/><W112/><G112/><T7/><D7/><U119/><E110/><V27/><F118/><W88/><G30/><T36/><D17/><U77/><E77/><V1/><F1/><W69/><G69/><T123/><D123/><U12/><E127/><V26/><F26/><W57/><G34/><T43/><D36/><U62/><E119/><V98/><F101/><W108/><G108/><T129/><D129/><U81/><E81/><V107/><F107/><W15/><G79/><T47/><D92/><U131/><E131/><V9/><F9/><W125/><G125/><T90/><D90/><U39/><E39/><V75/><F75/><W105/><G105/><T67/><D97/><N who="1" m="57535" /><E63/><V111/><F111/><W83/><G37/><N who="0" m="21615" /><D23/><U50/><E62/><V48/><F61/><W31/><G38/><T106/><D20/><U55/><E66/><V84/><F84/><W80/><G74/><T21/><D21/><U94/><E94/><V72/><F72/><W0/><G0/><T68/><D106/><U40/><E40/><AGARI ba="0,0" hai="8,10,11,40,47,49,56,58,60,67,68" m="21615" machi="40" ten="30,1000,0" yaku="6,1" doraHai="124" who="0" fromWho="1" sc="207,10,315,-10,249,0,229,0" /><INIT seed="6,0,0,1,5,34" ten="217,305,249,229" oya="2" hai0="118,10,50,19,108,135,80,11,35,119,93,13,29" hai1="2,49,127,67,111,22,122,81,66,96,130,125,58" hai2="16,6,134,26,18,98,57,59,32,39,21,71,89" hai3="47,70,112,104,33,121,0,123,31,100,42,79,101"/><V52/><F71/><W76/><G70/><T17/><D108/><U1/><E111/><V54/><F39/><W37/><G112/><T64/><D64/><U74/><E130/><V133/><F32/><W48/><G37/><T5/><D80/><U116/><E116/><N who="0" m="44585" /><D93/><U61/><E67/><V131/><F131/><W105/><G33/><T45/><D50/><U41/><E122/><V69/><F69/><W83/><G31/><T27/><D45/><N who="1" m="25775" /><E22/><V55/><F6/><W30/><G30/><T102/><D102/><U88/><E74/><V129/><F129/><W75/><G76/><T63/><D63/><U43/><E43/><V115/><F115/><W40/><G40/><T84/><D84/><N who="1" m="50191" /><E96/><V53/><F18/><N who="0" m="6666" /><D11/><U20/><E20/><V94/><REACH who="2" step="1"/><F59/><REACH who="2" ten="217,305,239,229" step="2"/><W24/><G123/><T106/><D106/><U73/><E58/><V3/><F3/><W86/><G0/><T87/><D87/><U109/><E1/><V92/><F92/><W28/><G121/><T25/><D25/><U46/><E2/><V90/><F90/><W72/><G105/><T56/><D56/><U38/><E109/><V60/><AGARI ba="0,1" hai="16,21,26,52,53,54,55,57,60,89,94,98,133,134" machi="60" ten="30,18000,2" yaku="1,1,0,1,25,2,54,2,53,0" doraHai="34" doraHaiUra="114" who="2" fromWho="2" sc="217,-60,305,-60,239,190,229,-60" /><INIT seed="6,1,0,3,3,12" ten="157,245,429,169" oya="2" hai0="30,14,28,45,50,133,84,40,43,74,112,42,91" hai1="128,2,92,27,79,114,26,62,134,116,71,49,39" hai2="15,104,34,16,88,46,24,38,99,19,1,122,64" hai3="106,94,98,10,90,96,101,108,80,5,29,8,111"/><V17/><F1/><W52/><G29/><N who="0" m="11371" /><D74/><U120/><E39/><V37/><F34/><W41/><G41/><T67/><D133/><U9/><E79/><V86/><F24/><W22/><G22/><T35/><D35/><U109/><E109/><V36/><F122/><W93/><G80/><N who="0" m="49543" /><D112/><U126/><E49/><V125/><F125/><W105/><G8/><T53/><D67/><N who="1" m="41463" /><E114/><V85/><F64/><W89/><G10/><T68/><D68/><U6/><E128/><V69/><F69/><W119/><G5/><T3/><D3/><U48/><E6/><V32/><F32/><W18/><G119/><T54/><D54/><U81/><E2/><V121/><F121/><W55/><REACH who="3" step="1"/><G101/><REACH who="3" ten="157,245,429,159" step="2"/><T21/><D43/><U59/><E116/><V107/><F38/><W83/><G83/><T56/><D45/><U25/><E120/><V4/><F46/><W78/><G78/><T20/><D20/><U44/><E81/><V75/><F36/><W110/><G110/><T123/><D123/><U117/><E117/><V33/><F37/><W58/><G58/><T23/><D23/><U77/><E59/><V72/><F33/><W113/><G113/><T95/><D21/><U73/><E77/><V63/><F4/><W100/><G100/><T87/><D14/><U118/><E118/><V11/><F15/><W51/><G51/><T66/><D66/><U82/><E26/><V115/><F115/><W7/><G7/><T132/><D132/><U135/><E27/><V65/><F65/><W47/><G47/><T124/><D124/><U130/><E25/><V0/><F0/><RYUUKYOKU ba="1,1" sc="157,15,245,-15,429,-15,159,15" hai0="40,42,50,53,56,87,95" hai3="18,52,55,89,90,93,94,96,98,105,106,108,111" /><INIT seed="7,2,1,3,2,47" ten="172,230,414,174" oya="3" hai0="15,26,134,30,17,98,42,102,6,50,38,40,103" hai1="113,133,21,97,120,112,48,64,104,33,2,69,70" hai2="128,81,121,124,62,51,66,56,123,34,117,83,126" hai3="108,77,53,75,68,28,10,118,19,67,84,80,94"/><W72/><G118/><T110/><D38/><U106/><E33/><V14/><F34/><W0/><G108/><T11/><D110/><U46/><E2/><V52/><F117/><W8/><G28/><T101/><D134/><U5/><E5/><V49/><F128/><W18/><G68/><T45/><D40/><U86/><E133/><V60/><F14/><W13/><G67/><T109/><D109/><U55/><E64/><V87/><F49/><W9/><G0/><T3/><D3/><U127/><E97/><V99/><F99/><W119/><G119/><T27/><D27/><U95/><E127/><N who="2" m="48683" /><F62/><W115/><G115/><N who="1" m="44106" /><E21/><V122/><F87/><W37/><G37/><T92/><D6/><U89/><E120/><V129/><F129/><W36/><G36/><T79/><D79/><U57/><E46/><AGARI ba="2,1" hai="46,51,52,56,60,66,81,83,121,122,123" m="48683" machi="46" ten="40,8000,1" yaku="13,1,18,1,52,1,54,1" doraHai="47" who="2" fromWho="1" sc="172,0,230,-86,414,96,174,0" owari="172,-23.0,144,-36.0,510,62.0,174,-3.0" /></mjloggm>