<mjloggm ver="2.3"><GO type="225" lobby="0"/><UN n0="%E3%81%86%E3%81%A9%E3%82%93%E5%B1%8B" n1="%E7%BE%A4%E9%9D%92%E6%97%A5%E5%92%8C%EF%BC%A0" n2="%E3%83%88%E3%83%88%E3%83%AA%E5%85%88%E7%94%9F%31%39%E6%AD%B3" n3="%E9%AC%BC%E7%95%9C%E6%88%A6%E5%A3%AB" dan="17,16,18,16" rate="2154.15,2133.20,2266.61,2020.57" sx="M,F,F,M"/><TAIKYOKU oya="0"/><INIT seed="0,0,0,4,3,13" ten="250,250,250,250" oya="0" hai0="76,16,95,71,131,6,28,134,33,18,15,41,46" hai1="114,121,88,94,119,105,57,93,55,109,104,116,38" hai2="12,112,117,32,133,100,1,56,123,24,84,96,0" hai3="130,47,31,77,68,75,52,37,74,99,72,127,103"/><T67/><D131/><U87/><E38/><V60/><F123/><W126/><G130/><T78/><D134/><U53/><E121/><V85/><F112/><W4/><G68/><T82/><D28/><U14/><E114/><V27/><F133/><W65/><G65/><T29/><D29/><U97/><E109/><V132/><F132/><W89/><G31/><T129/><D33/><U34/><E34/><V122/><F122/><W48/><G37/><T69/><D129/><U86/><E14/><V19/><F117/><W40/><G4/><T135/><D135/><U90/><E57/><V80/><F32/><W118/><G89/><T63/><D69/><U111/><E111/><V10/><F1/><W43/><G77/><T107/><D107/><U2/><E97/><V61/><F0/><AGARI ba="0,0" hai="0,2,53,55,86,87,88,90,93,94,104,105,116,119" machi="0" ten="25,3200,0" yaku="22,2,54,1" doraHai="13" who="1" fromWho="2" sc="250,0,250,32,250,-32,250,0" /><INIT seed="1,0,0,1,3,74" ten="250,282,218,250" oya="1" hai0="11,48,128,25,64,12,81,122,104,113,38,90,55" hai1="28,101,119,13,2,26,31,34,61,5,107,63,82" hai2="130,67,131,45,23,114,16,86,135,17,9,29,6" hai3="36,94,98,42,52,59,39,96,21,115,76,129,43"/><U100/><E119/><V118/><F118/><W65/><G115/><T37/><D113/><U134/><E134/><V4/><F114/><W22/><G129/><N who="2" m="49161" /><F135/><W84/><G65/><T60/><D104/><U126/><E126/><V111/><F67/><W44/><G36/><T68/><D122/><U110/><E110/><V103/><F103/><W1/><G1/><T3/><D3/><U92/><E31/><V127/><F127/><W99/><G42/><T30/><D128/><U47/><E2/><N who="2" m="151" /><F111/><W14/><G14/><T32/><D90/><U112/><E107/><V56/><F56/><W109/><G109/><T120/><D120/><U49/><E100/><V46/><F6/><W40/><G40/><T7/><REACH who="0" step="1"/><D81/><REACH who="0" ten="240,282,218,250" step="2"/><U58/><E82/><V106/><F106/><W41/><G39/><T116/><D116/><U77/><E112/><V33/><F33/><W19/><G94/><T35/><D35/><U132/><E92/><V50/><F86/><W62/><G84/><T97/><D97/><U78/><E101/><V8/><F8/><W51/><G98/><T10/><D10/><N who="1" m="4303" /><E132/><V83/><F83/><W57/><G99/><T85/><D85/><U133/><E133/><V108/><F108/><W20/><G96/><T89/><D89/><U121/><E121/><V102/><F102/><W0/><G0/><T71/><D71/><U69/><E69/><V95/><F95/><W53/><G20/><T125/><D125/><U70/><E70/><V75/><F75/><W18/><G21/><T123/><D123/><U87/><E87/><V91/><F23/><W66/><G22/><RYUUKYOKU ba="0,1" sc="240,30,282,-10,218,-10,250,-10" hai0="7,11,12,25,30,32,37,38,48,55,60,64,68" /><INIT seed="2,1,1,2,0,106" ten="270,272,208,240" oya="2" hai0="79,54,80,77,110,9,85,16,36,121,18,45,17" hai1="28,51,1,67,20,70,92,39,101,107,41,49,66" hai2="133,52,50,91,103,35,134,118,74,53,29,23,27" hai3="105,130,24,73,38,71,12,127,3,4,14,42,19"/><V10/><F118/><W116/><G116/><T125/><D121/><U123/><E1/><V115/><F115/><W102/><G71/><T108/><D125/><U48/><E107/><V8/><F103/><W44/><G127/><T61/><D77/><U6/><E123/><V11/><F74/><W98/><G130/><T22/><D9/><U111/><E6/><V87/><F35/><W40/><G40/><N who="0" m="22663" /><D61/><U95/><E70/><V129/><F129/><W97/><G97/><T81/><D54/><U99/><E111/><N who="0" m="42537" /><D81/><U62/><E62/><V69/><F69/><W58/><G3/><T100/><D100/><U120/><E95/><V117/><F117/><W84/><G102/><T5/><D5/><U128/><E120/><V2/><F2/><W112/><G4/><T63/><D63/><U124/><E124/><V86/><F53/><W55/><G55/><T43/><D43/><U75/><E128/><V104/><F104/><W93/><G105/><T72/><D85/><U60/><E60/><V33/><F33/><W30/><G84/><T34/><D34/><U89/><E101/><V113/><F113/><W132/><G112/><T46/><D46/><N who="1" m="23871" /><E75/><V0/><F0/><W31/><G73/><T114/><D114/><U126/><E126/><V82/><REACH who="2" step="1"/><F87/><REACH who="2" ten="270,272,198,240" step="2"/><W96/><G42/><T59/><D59/><AGARI ba="1,2" hai="8,10,11,23,27,29,50,52,59,82,86,91,133,134" machi="59" ten="40,7700,0" yaku="1,1,2,1,54,1,53,0" doraHai="106" doraHaiUra="56" who="2" fromWho="0" sc="270,-80,272,0,198,100,240,0" /><INIT seed="2,2,0,5,2,112" ten="190,272,298,240" oya="2" hai0="29,9,33,56,65,102,110,85,16,52,93,40,48" hai1="115,55,119,128,37,127,30,92,14,26,87,113,15" hai2="130,75,19,83,114,95,61,104,124,23,50,111,117" hai3="108,89,45,84,72,66,64,49,107,25,11,22,8"/><V96/><F114/><W17/><G72/><T51/><D110/><U116/><E37/><V71/><F104/><W68/><G107/><T53/><D40/><U73/><E73/><V54/><F111/><W31/><G108/><T98/><D65/><N who="3" m="25193" /><G31/><T3/><D3/><U18/><E55/><V21/><F61/><W58/><G58/><T34/><D29/><U109/><E109/><V27/><F71/><W2/><G2/><T103/><D103/><U74/><E74/><V4/><F117/><W126/><G126/><T99/><D99/><U13/><E18/><V122/><F122/><W42/><G68/><T135/><D135/><U91/><E127/><V5/><F130/><W39/><G39/><T41/><D41/><U120/><E120/><V59/><F124/><W36/><G36/><T121/><D121/><U131/><E113/><V67/><F67/><W10/><G8/><T82/><D9/><U43/><E43/><V60/><F50/><W81/><AGARI ba="2,0" hai="10,11,17,22,25,42,45,49,81,84,89" m="25193" machi="81" ten="30,1100,0" yaku="8,1" doraHai="112" who="3" fromWho="3" sc="190,-5,272,-5,298,-7,240,17" /><INIT seed="3,0,0,3,3,65" ten="185,267,291,257" oya="3" hai0="62,99,37,6,32,100,64,44,33,126,43,57,60" hai1="129,111,98,97,133,46,25,19,103,21,10,9,71" hai2="116,20,36,7,4,48,134,86,125,120,85,118,87" hai3="119,53,39,28,80,16,101,18,42,31,72,55,35"/><W52/><G119/><T12/><D126/><U131/><E111/><V121/><F36/><W51/><G39/><T69/><D6/><N who="2" m="2090" /><F125/><W56/><G101/><T84/><D84/><N who="2" m="32362" /><F134/><W15/><G18/><T95/><REACH who="0" step="1"/><D12/><REACH who="0" ten="175,267,291,257" step="2"/><U77/><E131/><V81/><F87/><W1/><G1/><T75/><D75/><U5/><E129/><V58/><F118/><W88/><G72/><T63/><D63/><U93/><E5/><V11/><F116/><W47/><G80/><T123/><D123/><U49/><E133/><V92/><F81/><W74/><G74/><T67/><AGARI ba="0,1" hai="32,33,37,43,44,57,60,62,64,67,69,95,99,100" machi="67" ten="20,5200,0" yaku="1,1,0,1,7,1,52,1,53,0" doraHai="65" doraHaiUra="108" who="0" fromWho="0" sc="175,62,267,-13,291,-13,257,-26" /><INIT seed="4,0,0,5,5,19" ten="237,254,278,231" oya="0" hai0="105,110,119,80,90,86,102,9,112,116,5,121,81" hai1="49,0,108,22,82,62,127,74,120,133,17,83,37" hai2="98,7,88,51,47,77,32,28,75,31,123,128,65" hai3="30,10,99,101,109,8,126,4,44,12,100,16,14"/><T87/><D121/><U95/><E108/><V61/><F123/><W2/><G109/><T42/><D110/><U124/><E133/><V89/><F128/><W1/><G126/><N who="1" m="48170" /><E0/><V129/><F129/><W113/><G113/><T115/><D42/><U122/><E37/><V3/><F3/><W39/><G30/><T134/><D134/><U23/><E49/><V56/><F7/><W132/><G132/><T34/><D34/><U25/><E95/><N who="2" m="56679" /><F75/><W118/><G118/><N who="0" m="45099" /><D9/><U57/><E23/><V33/><F77/><W21/><G100/><T15/><D15/><U69/><E69/><V45/><F32/><W117/><G117/><T72/><D5/><U59/><E59/><V13/><F33/><W54/><G8/><T111/><D72/><U131/><E131/><V135/><F135/><W79/><G79/><N who="0" m="46367" /><D111/><U38/><E38/><V29/><F51/><W97/><G54/><T48/><D48/><U103/><E103/><V114/><F89/><W66/><G66/><T26/><D26/><U40/><E40/><V58/><F58/><W78/><G78/><T50/><D50/><U94/><E74/><V64/><F64/><W18/><G4/><T60/><D60/><U67/><E120/><V46/><F13/><W85/><G2/><T76/><D76/><U130/><E130/><V70/><F70/><W106/><G1/><T20/><D20/><U6/><E6/><V125/><F125/><W43/><G101/><T73/><D73/><U27/><E27/><V91/><F91/><W11/><G21/><T71/><D71/><U104/><E122/><V84/><F84/><RYUUKYOKU ba="0,0" sc="237,15,254,-15,278,15,231,-15" hai0="81,87,90,102,105,112,115" hai2="28,29,31,45,46,47,56,61,65,114" /><INIT seed="4,1,0,4,5,118" ten="252,239,293,216" oya="0" hai0="8,85,41,10,100,135,2,16,111,76,130,46,7" hai1="13,4,132,28,20,47,79,83,29,23,87,45,35" hai2="12,102,33,58,84,82,56,72,6,73,90,86,64" hai3="31,119,22,69,105,18,37,42,113,59,32,127,14"/><T39/><D130/><U93/><E132/><V133/><F33/><W134/><G119/><T107/><D135/><U27/><E29/><V57/><F133/><W124/><G134/><T78/><D111/><U125/><E125/><N who="3" m="48202" /><G113/><T117/><D117/><U0/><E0/><V66/><F102/><W17/><G69/><T126/><D126/><U108/><E108/><V1/><F1/><W51/><G105/><T5/><D5/><U128/><E128/><V112/><F112/><W68/><G68/><T38/><D38/><U98/><E35/><V114/><F114/><W120/><G37/><T115/><D115/><U54/><E54/><V104/><F104/><W24/><G24/><T122/><D100/><N who="1" m="60495" /><E23/><V88/><F72/><W70/><G70/><T25/><D107/><U53/><E53/><V96/><F73/><W49/><G42/><T75/><D85/><U3/><E3/><V80/><F96/><W95/><G95/><T19/><D78/><U44/><E13/><V91/><F91/><W99/><G99/><T34/><D25/><U67/><E67/><V92/><F92/><W60/><G120/><T109/><D122/><U50/><E4/><V63/><F66/><N who="3" m="39199" /><G17/><T77/><D109/><U123/><E123/><V71/><F71/><W65/><G65/><T101/><D101/><U21/><E21/><V129/><F129/><W81/><G81/><N who="0" m="45215" /><D77/><U52/><AGARI ba="1,0" hai="20,27,28,44,45,47,50,52,79,83,87" m="60495" machi="52" ten="30,2000,0" yaku="8,1,54,1" doraHai="118" who="1" fromWho="1" sc="252,-11,239,23,293,-6,216,-6" /><INIT seed="5,0,0,1,1,60" ten="241,262,287,210" oya="1" hai0="31,102,119,133,100,32,94,85,5,45,72,88,91" hai1="121,99,123,25,105,40,2,128,18,101,39,58,21" hai2="127,56,74,134,114,77,51,79,46,16,9,129,54" hai3="98,43,89,90,15,0,116,7,35,27,131,103,48"/><U112/><E2/><V12/><F74/><W52/><G131/><T126/><D119/><U14/><E112/><V73/><F73/><W8/><G116/><T130/><D72/><U104/><E128/><V42/><F129/><W125/><G125/><T1/><D130/><U84/><E104/><V68/><F68/><W71/><G71/><T19/><D126/><U17/><E84/><V49/><F127/><W80/><G43/><T59/><D133/><U108/><E108/><V6/><F114/><W82/><G0/><T36/><D19/><U81/><E81/><V115/><F115/><W109/><G109/><T93/><D59/><U132/><E132/><V61/><F134/><W113/><G113/><T22/><D32/><U24/><E58/><N who="2" m="33119" /><F6/><W97/><G27/><N who="0" m="16887" /><D36/><U111/><E24/><V47/><F47/><N who="3" m="27679" /><G35/><T83/><D1/><U96/><E111/><V50/><F50/><W37/><G37/><T106/><D106/><U57/><E57/><V78/><F78/><W69/><G69/><T11/><D45/><U107/><E107/><V62/><F62/><W28/><G28/><T118/><D118/><U20/><E39/><V53/><AGARI ba="0,0" hai="9,12,16,42,46,49,53,56,61,77,79" m="33119" machi="53" ten="30,2000,0" yaku="8,1,54,1" doraHai="60" who="2" fromWho="2" sc="241,-5,262,-10,287,20,210,-5" owari="236,-16.0,252,5.0,307,40.0,205,-29.0" /></mjloggm>