<mjloggm ver="2.3"><GO type="193" lobby="0"/><UN n0="%E3%82%A2%E3%83%AB%E3%83%94%E3%82%BD" n1="%E3%83%88%E3%83%88%E3%83%AA%E5%85%88%E7%94%9F%31%39%E6%AD%B3" n2="%4D%72%2E%E5%AD%AB%E6%82%9F%E7%A9%BA" n3="%72%6F%6E%61%6C%69%61" dan="12,12,11,14" rate="1655.67,1890.42,1665.81,1920.13" sx="M,F,M,M"/><TAIKYOKU oya="0"/><INIT seed="0,0,0,3,5,1" ten="250,250,250,250" oya="0" hai0="135,77,19,125,96,17,31,40,93,79,124,8,67" hai1="95,104,129,119,102,16,116,80,57,107,76,4,69" hai2="61,127,115,99,111,24,120,30,94,7,48,64,101" hai3="53,72,13,21,22,56,6,34,28,108,35,123,66"/><T23/><D67/><U83/><E69/><V55/><F120/><W44/><G72/><T71/><D71/><U0/><E129/><V118/><F115/><W20/><G66/><T25/><D135/><U75/><E83/><V82/><F118/><W85/><G44/><T65/><D65/><U63/><E95/><V106/><F111/><W49/><G123/><T110/><D110/><U46/><E46/><V14/><F127/><N who="0" m="48714" /><D40/><U130/><E130/><V68/><F82/><W5/><G108/><T105/><D105/><U74/><E74/><V26/><F26/><N who="3" m="16471" /><G35/><T58/><D58/><U133/><E133/><V78/><F78/><N who="0" m="29706" /><D8/><U122/><E122/><V51/><F51/><W126/><G34/><T9/><D9/><U113/><E107/><V38/><F38/><W36/><G36/><T47/><D47/><U91/><E57/><N who="2" m="36911" /><F106/><W131/><G131/><T100/><AGARI ba="0,0" hai="17,19,23,25,31,93,96,100" m="29706,48714" machi="100" ten="30,1500,0" yaku="18,1" doraHai="1" who="0" fromWho="0" sc="250,15,250,-5,250,-5,250,-5" /><INIT seed="0,1,0,5,0,36" ten="265,245,245,245" oya="0" hai0="99,39,13,109,135,132,51,68,106,16,53,62,77" hai1="130,121,57,100,110,90,56,128,73,71,112,105,27" hai2="133,32,58,37,65,17,49,60,86,126,64,66,98" hai3="50,15,72,89,118,81,84,55,21,129,78,79,111"/><T97/><D39/><U45/><E121/><V28/><F28/><W10/><G118/><T95/><D109/><U122/><E122/><V114/><F32/><W116/><G111/><T119/><D106/><U61/><E73/><V124/><F114/><W24/><G116/><T19/><D119/><U131/><E112/><V80/><F98/><W30/><G72/><T40/><D77/><U74/><E110/><V22/><F37/><W23/><G23/><T0/><D0/><U82/><E27/><V67/><F133/><N who="0" m="51274" /><D68/><U113/><E113/><V120/><F120/><W101/><G101/><N who="0" m="60607" /><D62/><U31/><E100/><V85/><F49/><W108/><G108/><T63/><D99/><U42/><E105/><V1/><F1/><W125/><G125/><N who="2" m="48233" /><F80/><W43/><G43/><T47/><D13/><AGARI ba="1,0" hai="13,17,22,58,60,64,65,66,67,85,86" m="48233" machi="13" ten="30,1000,0" yaku="18,1" doraHai="36" who="2" fromWho="0" sc="265,-13,245,0,245,13,245,0" /><INIT seed="1,0,0,4,0,3" ten="252,245,258,245" oya="1" hai0="98,119,90,44,18,24,17,117,42,80,59,4,65" hai1="134,124,72,115,49,67,74,93,31,10,55,20,54" hai2="41,135,57,48,82,100,58,0,116,35,133,25,75" hai3="53,126,102,129,64,9,123,26,7,76,107,111,32"/><U33/><E115/><V30/><F116/><W15/><G123/><T94/><D119/><U23/><E134/><N who="2" m="51211" /><F100/><W70/><G129/><T112/><D117/><U13/><E124/><V34/><F0/><W103/><G111/><T39/><D112/><U130/><E130/><V108/><F108/><W109/><G126/><T68/><D68/><U12/><E67/><V61/><F61/><W66/><G109/><T45/><D45/><U131/><E131/><V28/><F75/><W36/><G36/><T97/><D65/><N who="3" m="25193" /><G32/><N who="2" m="12329" /><F82/><W89/><G70/><T43/><D43/><U50/><E33/><N who="2" m="20623" /><F30/><W46/><G107/><T122/><D80/><U118/><E118/><V78/><F78/><W96/><G76/><T73/><D73/><U110/><E110/><V19/><F19/><W1/><G1/><T37/><D122/><U16/><E93/><V52/><F41/><W51/><G26/><T62/><D37/><U120/><E120/><V121/><F121/><W6/><G89/><T77/><D77/><U91/><E91/><V132/><N who="2" m="51219" /><V79/><DORA hai="11" /><F79/><W87/><G87/><T95/><D24/><N who="1" m="16799" /><E72/><V69/><F69/><W114/><G114/><T125/><D125/><U86/><E86/><V40/><F40/><W127/><G127/><T104/><D18/><N who="1" m="10319" /><E74/><V92/><F92/><N who="3" m="58631" /><G103/><T2/><D17/><AGARI ba="0,0" hai="6,7,9,15,17,46,51,53" m="58631,25193" machi="17" ten="30,7700,0" yaku="8,1,52,3" doraHai="3,11" who="3" fromWho="0" sc="252,-77,245,0,258,0,245,77" /><INIT seed="2,0,0,1,5,88" ten="175,245,258,322" oya="2" hai0="121,48,51,107,33,24,99,106,116,132,53,5,111" hai1="89,77,97,64,21,105,32,83,75,25,109,23,29" hai2="57,13,68,52,73,131,133,41,71,26,119,78,76" hai3="18,134,128,45,38,10,87,50,65,69,114,127,39"/><V40/><F119/><W17/><G114/><T112/><D116/><U59/><E109/><V56/><F73/><W58/><G10/><T8/><D121/><U63/><REACH who="1" step="1"/><E89/><REACH who="1" ten="175,235,258,322" step="2"/><V37/><F133/><W2/><G134/><T14/><D132/><U122/><E122/><V100/><F131/><W54/><G128/><T28/><D112/><U27/><E27/><V11/><F100/><AGARI ba="0,1" hai="21,23,25,29,32,59,63,64,75,77,83,97,100,105" machi="100" ten="40,2600,0" yaku="1,1,53,1" doraHai="88" doraHaiUra="60" who="1" fromWho="2" sc="175,0,235,36,258,-26,322,0" /><INIT seed="3,0,0,1,1,57" ten="175,271,232,322" oya="3" hai0="97,65,11,21,79,96,84,111,35,82,66,107,102" hai1="44,38,119,32,10,123,51,125,33,121,86,20,132" hai2="26,103,59,13,92,62,110,83,76,124,108,72,63" hai3="37,47,68,88,94,70,89,90,58,77,8,91,81"/><W18/><G68/><T80/><D35/><U42/><E132/><V19/><F124/><W3/><G70/><T41/><D111/><N who="2" m="42538" /><F26/><W131/><G3/><T67/><D41/><U99/><E125/><V16/><F59/><W7/><G37/><T17/><D11/><U122/><E119/><V129/><F129/><W127/><G131/><T31/><D31/><U118/><E118/><V71/><F71/><W87/><G127/><T135/><D135/><U98/><E20/><N who="2" m="11279" /><F19/><W106/><G106/><T112/><D112/><U50/><E10/><V104/><F104/><W75/><G75/><T2/><D2/><U74/><E74/><V39/><F39/><W34/><G34/><T30/><D30/><U126/><E126/><V6/><F6/><W1/><G58/><T60/><D97/><AGARI ba="0,0" hai="62,63,72,76,83,92,97,103" m="11279,42538" machi="97" ten="30,7700,0" yaku="14,1,52,2,54,1" doraHai="57" who="2" fromWho="0" sc="175,-77,271,0,232,77,322,0" owari="98,-40.0,271,-13.0,309,11.0,322,42.0" /></mjloggm>