<mjloggm ver="2.3"><GO type="225" lobby="0"/><UN n0="%E3%82%B7%E3%83%AB%E3%83%90%E3%83%BC%2F%E9%8A%80" n1="%E3%83%9A%E3%83%81%E3%83%A7%E3%83%BC%E3%83%AA%E3%83%B3" n2="%E3%83%88%E3%83%88%E3%83%AA%E5%85%88%E7%94%9F%31%39%E6%AD%B3" n3="%73%61%72%61%6B" dan="16,16,16,16" rate="2109.66,2097.87,2139.20,2092.29" sx="M,M,F,M"/><TAIKYOKU oya="0"/><INIT seed="0,0,0,3,2,66" ten="250,250,250,250" oya="0" hai0="19,108,13,28,17,126,96,67,104,93,59,10,121" hai1="36,92,20,131,135,130,45,95,5,99,48,18,46" hai2="4,44,30,106,34,91,98,62,77,118,69,110,35" hai3="89,3,128,116,8,124,55,119,80,102,51,29,32"/><T53/><D121/><U134/><E5/><V54/><F110/><W15/><G3/><T100/><D108/><U43/><E46/><V52/><F118/><W90/><G102/><T57/><D126/><U85/><E85/><V122/><F122/><W73/><G124/><T12/><D28/><U94/><E36/><V88/><F77/><W78/><G128/><N who="1" m="49194" /><E99/><V40/><F4/><W82/><G29/><T125/><D125/><U38/><E38/><V0/><F0/><W123/><G32/><T79/><D79/><U75/><E75/><V72/><F72/><W64/><G64/><T21/><D104/><U65/><E65/><N who="2" m="41143" /><F35/><W37/><G37/><T56/><REACH who="0" step="1"/><D67/><REACH who="0" ten="240,250,250,250" step="2"/><U9/><E135/><V60/><F30/><W74/><G123/><T97/><D97/><U14/><E134/><V115/><F98/><W103/><G103/><T70/><D70/><U47/><E47/><V2/><F106/><W111/><G111/><T50/><AGARI ba="0,1" hai="10,12,13,17,19,21,50,53,56,57,59,93,96,100" machi="50" ten="20,7800,0" yaku="1,1,0,1,7,1,8,1,53,0" doraHai="66" doraHaiUra="63" who="0" fromWho="0" sc="240,88,250,-26,250,-26,250,-26" /><INIT seed="0,1,0,0,2,59" ten="328,224,224,224" oya="0" hai0="67,16,71,127,117,123,73,94,104,105,62,129,1" hai1="91,82,50,100,134,18,114,99,70,97,72,107,95" hai2="85,81,36,51,8,41,84,57,53,44,89,90,26" hai3="46,77,113,76,21,52,112,42,60,7,66,35,109"/><T56/><D117/><U120/><E120/><V3/><F3/><W34/><G7/><T111/><D123/><U92/><E134/><V19/><F26/><W5/><G5/><T17/><D73/><U64/><E114/><V68/><F68/><W108/><G21/><T6/><D129/><U80/><E50/><V11/><REACH who="2" step="1"/><F19/><REACH who="2" ten="328,224,214,224" step="2"/><W96/><G112/><T10/><D71/><U128/><E128/><V125/><F125/><W0/><G113/><T79/><D127/><U88/><E18/><V116/><F116/><W15/><G0/><T130/><D130/><U135/><E135/><V87/><F87/><W133/><G133/><T121/><D121/><U74/><E70/><V29/><F29/><W122/><G122/><T118/><D118/><U131/><E131/><V2/><F2/><W115/><G115/><T47/><D1/><U23/><E23/><V13/><F13/><W86/><G86/><T32/><D32/><U126/><E126/><V61/><F61/><W38/><G15/><T20/><D20/><U37/><E37/><V39/><F39/><W43/><G34/><T110/><D17/><U12/><E12/><V40/><F40/><W4/><G35/><T45/><D16/><U65/><E107/><V63/><F63/><W22/><G43/><T33/><D33/><U124/><E124/><V9/><F9/><W55/><G22/><T58/><D10/><U83/><E83/><AGARI ba="1,1" hai="8,11,36,41,44,51,53,57,81,83,84,85,89,90" machi="83" ten="30,8000,1" yaku="1,1,7,1,9,1,53,2" doraHai="59" doraHaiUra="78" who="2" fromWho="1" sc="328,0,224,-83,214,93,224,0" /><INIT seed="1,0,0,1,1,14" ten="328,141,307,224" oya="1" hai0="124,26,134,57,7,86,13,115,40,88,113,129,119" hai1="43,50,123,59,56,96,33,8,58,74,94,81,79" hai2="100,91,76,5,28,10,18,0,70,83,117,27,89" hai3="131,12,69,126,106,25,72,19,107,49,135,66,23"/><U64/><E123/><V45/><F117/><W122/><G122/><T102/><D40/><U101/><E33/><V4/><F70/><W109/><G72/><T84/><D102/><U92/><E8/><V85/><F4/><W31/><G109/><T103/><D103/><U54/><E43/><V105/><F45/><W21/><G131/><T51/><D129/><U41/><E41/><V114/><F114/><W48/><G135/><T116/><D134/><U16/><E64/><V110/><F110/><W62/><REACH who="3" step="1"/><G126/><REACH who="3" ten="328,141,307,214" step="2"/><T1/><D124/><U38/><E38/><V128/><F128/><W39/><G39/><T67/><D115/><U87/><E74/><V44/><F105/><AGARI ba="0,1" hai="12,19,21,23,25,31,48,49,62,66,69,105,106,107" machi="105" ten="40,2600,0" yaku="1,1,52,1,53,0" doraHai="14" doraHaiUra="132" who="3" fromWho="2" sc="328,0,141,0,307,-26,214,36" /><INIT seed="2,0,0,0,3,65" ten="328,141,281,250" oya="2" hai0="63,30,47,58,130,4,126,15,52,84,5,79,37" hai1="16,98,31,129,76,119,135,44,22,122,21,113,24" hai2="38,110,89,78,1,95,86,41,116,67,42,40,111" hai3="96,64,85,104,10,71,69,60,83,109,25,88,51"/><V0/><F116/><W11/><G109/><N who="2" m="41481" /><F38/><W2/><G69/><T48/><D30/><U132/><E119/><V131/><F131/><W81/><G81/><T91/><D130/><U127/><E76/><V27/><F78/><W29/><G51/><T134/><D37/><U66/><E66/><V8/><F8/><W39/><G2/><T97/><D126/><U14/><E44/><V100/><F100/><N who="3" m="62471" /><G39/><T18/><D134/><N who="1" m="51243" /><E98/><V93/><F93/><W102/><G102/><T87/><D97/><U75/><E75/><V61/><F27/><W7/><G7/><T59/><D84/><U99/><E99/><V26/><F26/><W94/><G94/><T107/><D107/><U23/><E129/><V35/><F35/><AGARI ba="0,0" hai="10,11,25,29,35,60,64,71,83,85,88" m="62471" machi="35" ten="30,3900,0" yaku="25,1,52,1,54,1" doraHai="65" who="3" fromWho="2" sc="328,0,141,0,281,-39,250,39" /><INIT seed="3,0,0,1,5,17" ten="328,141,242,289" oya="3" hai0="24,18,83,59,106,11,77,29,41,5,1,99,46" hai1="64,67,68,74,81,69,20,47,105,26,89,37,21" hai2="7,63,109,44,23,127,16,6,55,122,39,86,107" hai3="62,102,50,73,35,111,33,0,31,90,130,76,126"/><W123/><G102/><T54/><D18/><U114/><E105/><V65/><F107/><W8/><G123/><T128/><D128/><U125/><E114/><V15/><F122/><W85/><G130/><T108/><D108/><U22/><E125/><V93/><F127/><W9/><G126/><T72/><D106/><U92/><E26/><V84/><F109/><W36/><G36/><N who="0" m="21799" /><D99/><U43/><E69/><V82/><F93/><W61/><G111/><T135/><D135/><U34/><E34/><V104/><F104/><W53/><G76/><T129/><D129/><U110/><E110/><V4/><F82/><W71/><G73/><T52/><D59/><U91/><E68/><V101/><F101/><W58/><G31/><T133/><D133/><U116/><E116/><V87/><F39/><W57/><G71/><T118/><D118/><U25/><E25/><V95/><F95/><W27/><G27/><T80/><D80/><U103/><E103/><V19/><F19/><W3/><G50/><T38/><D38/><U120/><E120/><V28/><F28/><W94/><G8/><T2/><D2/><U14/><E14/><V75/><F75/><W13/><G3/><T119/><D119/><U51/><E37/><V32/><F32/><AGARI ba="0,0" hai="1,5,11,24,29,32,52,54,72,77,83" m="21799" machi="32" ten="30,2000,0" yaku="25,1,54,1" doraHai="17" who="0" fromWho="2" sc="328,20,141,0,242,-20,289,0" owari="348,45.0,141,-36.0,222,-18.0,289,9.0" /></mjloggm>