<mjloggm ver="2.3"><GO type="169" lobby="0"/><UN n0="%55%52%41%4E" n1="%E3%83%89%E3%82%A4%E3%83%AB" n2="%E3%83%88%E3%83%88%E3%83%AA%E5%85%88%E7%94%9F%31%39%E6%AD%B3" n3="%E3%83%89%E3%83%A9%E3%83%AD%E3%83%B3%E3%83%80%E3%82%A4%E3%83%B4" dan="16,16,17,16" rate="2040.36,2082.38,2231.72,2087.86" sx="M,M,F,M"/><TAIKYOKU oya="0"/><INIT seed="0,0,0,0,4,95" ten="250,250,250,250" oya="0" hai0="3,51,49,15,92,84,127,36,78,86,117,87,46" hai1="53,40,75,79,7,52,113,101,70,100,44,97,106" hai2="104,38,19,33,9,94,54,64,35,2,135,13,10" hai3="39,124,119,109,57,81,82,1,74,83,50,96,43"/><T59/><D117/><U6/><E70/><V129/><F104/><W61/><G119/><T12/><D3/><U31/><E31/><V48/><F38/><W93/><G39/><T120/><D120/><U112/><E79/><V121/><F121/><W30/><G1/><T76/><D127/><U45/><E75/><V71/><F129/><W8/><G124/><T26/><D36/><U107/><E40/><V21/><F135/><W128/><G128/><T131/><D131/><U63/><E63/><V110/><F110/><W4/><G109/><T90/><D26/><U55/><E53/><V14/><F2/><W133/><G133/><T118/><D118/><U56/><E56/><V11/><F13/><N who="0" m="5194" /><D59/><U23/><E23/><V62/><REACH who="2" step="1"/><F94/><REACH who="2" ten="250,250,240,250" step="2"/><W34/><G93/><T5/><D92/><U0/><E0/><V17/><F17/><W99/><G82/><T41/><D5/><U115/><E113/><V80/><F80/><W89/><G83/><T29/><D29/><U47/><REACH who="1" step="1"/><E44/><AGARI ba="0,1" hai="9,10,11,14,19,21,33,35,44,48,54,62,64,71" machi="44" ten="40,5200,0" yaku="1,1,53,2" doraHai="95" doraHaiUra="28" who="2" fromWho="1" sc="250,0,250,-52,240,62,250,0" /><INIT seed="1,0,0,4,5,50" ten="250,198,302,250" oya="1" hai0="33,0,45,131,103,104,34,32,122,126,44,48,105" hai1="87,9,5,12,102,38,17,100,35,56,8,83,133" hai2="90,110,26,76,80,67,13,120,37,27,6,95,65" hai3="117,29,42,49,112,62,28,22,53,21,40,130,109"/><U73/><E38/><V25/><F120/><W125/><G112/><T134/><D122/><U51/><E73/><V85/><F37/><W2/><G2/><T121/><D121/><U108/><E133/><V129/><F110/><W132/><G109/><T39/><D134/><U118/><E118/><V119/><F129/><W3/><G132/><T124/><D0/><U107/><E35/><V82/><F119/><W94/><G3/><T91/><D131/><U30/><E30/><N who="3" m="11882" /><G117/><T24/><D24/><U64/><E107/><N who="0" m="41033" /><D103/><U16/><E108/><V10/><REACH who="2" step="1"/><F82/><REACH who="2" ten="250,198,292,250" step="2"/><W61/><G130/><T79/><D39/><U14/><E5/><V113/><F113/><W92/><G125/><T43/><D124/><U60/><REACH who="1" step="1"/><E51/><REACH who="1" ten="250,188,292,250" step="2"/><V70/><F70/><W98/><G49/><T101/><D48/><U93/><E93/><V99/><AGARI ba="0,2" hai="6,10,13,25,26,27,65,67,76,80,85,90,95,99" machi="99" ten="30,4000,0" yaku="1,1,0,1,8,1,53,0" doraHai="50" doraHaiUra="55" who="2" fromWho="2" sc="250,-10,188,-20,292,60,250,-10" /><INIT seed="2,0,0,1,0,18" ten="240,168,352,240" oya="2" hai0="80,114,42,82,9,99,67,13,83,116,23,58,84" hai1="102,69,88,19,104,41,111,87,77,103,71,39,123" hai2="14,97,79,3,75,127,46,135,47,94,51,2,101" hai3="66,59,124,81,95,12,50,60,115,86,131,37,122"/><V110/><F135/><W100/><G37/><T16/><D114/><U21/><E111/><V36/><F110/><W49/><G122/><T112/><D112/><U22/><E123/><V27/><F127/><W70/><G115/><T68/><D68/><U6/><E6/><V56/><F56/><W17/><G124/><T108/><D108/><U55/><E77/><V30/><F14/><W54/><G131/><T32/><D32/><U85/><E55/><V33/><F36/><W126/><G126/><T45/><D99/><U24/><E39/><V118/><F118/><W73/><G73/><T93/><D116/><U43/><E19/><V107/><F47/><W91/><G100/><T96/><D58/><U10/><E10/><V5/><F5/><W40/><G40/><T7/><D67/><U90/><REACH who="1" step="1"/><E24/><REACH who="1" ten="240,158,352,240" step="2"/><V133/><F79/><W134/><G17/><T106/><D7/><U62/><E62/><V53/><F3/><W132/><G54/><T76/><D9/><U28/><E28/><V65/><F2/><W117/><G60/><T121/><D121/><U48/><E48/><V11/><F11/><W26/><G50/><N who="0" m="26935" /><D106/><AGARI ba="0,1" hai="21,22,41,43,69,71,85,87,88,90,102,103,104,106" machi="106" ten="25,12000,2" yaku="1,1,22,2,52,2,54,1,53,0" doraHai="18" doraHaiUra="113" who="1" fromWho="0" sc="240,-120,158,130,352,0,240,0" /><INIT seed="3,0,0,2,1,99" ten="120,288,352,240" oya="3" hai0="118,73,36,14,89,50,20,98,75,5,53,97,67" hai1="29,132,76,131,96,11,6,125,60,70,129,135,21" hai2="77,110,86,79,39,7,57,2,4,52,33,100,48" hai3="47,23,17,24,32,13,124,115,117,84,104,133,18"/><W126/><G115/><T12/><D118/><U116/><E76/><V66/><F33/><W101/><G117/><T35/><D35/><U37/><E37/><V121/><F39/><W26/><G133/><N who="1" m="51274" /><E116/><V114/><F114/><W78/><G47/><T46/><D67/><U59/><E70/><V80/><F110/><W113/><G113/><T62/><D62/><U3/><E96/><V108/><F108/><W134/><G134/><T9/><D36/><U31/><E60/><N who="2" m="38159" /><F2/><W45/><G45/><T25/><D12/><U74/><E74/><V81/><F100/><W8/><G104/><T19/><REACH who="0" step="1"/><D98/><REACH who="0" ten="110,288,352,240" step="2"/><U122/><E122/><V27/><F121/><W88/><G124/><T38/><D38/><U49/><E31/><V1/><F1/><W123/><G126/><T58/><D58/><U106/><E106/><V95/><F48/><W61/><G123/><T68/><D68/><U22/><E59/><V10/><F27/><W44/><G61/><T69/><D69/><U103/><E49/><V92/><F7/><W107/><G13/><T64/><D64/><U41/><E125/><V112/><F112/><W30/><G32/><T93/><AGARI ba="0,1" hai="5,9,14,19,20,25,46,50,53,73,75,89,93,97" machi="93" ten="30,7900,0" yaku="1,1,0,1,53,2" doraHai="99" doraHaiUra="105" who="0" fromWho="0" sc="110,89,288,-20,352,-20,240,-39" /><INIT seed="4,0,0,0,2,108" ten="199,268,332,201" oya="0" hai0="82,30,106,25,18,15,22,121,71,0,122,120,29" hai1="104,63,10,100,111,60,69,58,43,85,86,16,115" hai2="6,47,89,77,128,123,96,11,1,132,81,50,117" hai3="83,14,135,45,116,5,131,41,46,54,40,2,103"/><T42/><D71/><U26/><E111/><V107/><F123/><W70/><G2/><T109/><D42/><U34/><E43/><V68/><F68/><W35/><G116/><T39/><D39/><U9/><E69/><V33/><F33/><W55/><G35/><N who="0" m="20911" /><D106/><U17/><E34/><V78/><F117/><W124/><G70/><T32/><D82/><U52/><E26/><V134/><F128/><W36/><G131/><T64/><D64/><U62/><E104/><V112/><F107/><W118/><G118/><T114/><D109/><U80/><E100/><V90/><F96/><W91/><G135/><N who="2" m="51753" /><F78/><W92/><G124/><T23/><D0/><U27/><E27/><V93/><F93/><W87/><G103/><T97/><D97/><U125/><E125/><V66/><F66/><W4/><G83/><T21/><D32/><U102/><E102/><V56/><F89/><W84/><G84/><N who="1" m="32362" /><E80/><V49/><F90/><W8/><REACH who="3" step="1"/><G5/><REACH who="3" ten="199,268,332,191" step="2"/><T130/><D130/><U73/><E73/><V113/><F81/><W72/><G72/><T88/><D88/><U75/><E75/><V133/><F133/><W19/><G19/><N who="1" m="7242" /><E115/><V74/><F74/><W12/><G12/><T101/><D101/><U65/><E65/><V95/><F112/><W44/><G44/><T61/><D114/><U48/><AGARI ba="0,1" hai="9,10,48,52,58,60,62,63" m="7242,32362" machi="48" ten="30,4000,0" yaku="8,1,54,2" doraHai="108" who="1" fromWho="1" sc="199,-20,268,50,332,-10,191,-10" /><INIT seed="5,0,0,1,4,65" ten="179,318,322,181" oya="1" hai0="78,109,55,10,8,63,26,126,67,115,66,129,107" hai1="50,118,134,33,15,11,72,9,0,24,125,94,56" hai2="61,57,110,113,4,62,68,19,85,76,32,99,5" hai3="92,38,39,23,96,112,30,59,91,116,124,40,80"/><U87/><E118/><V53/><F110/><W43/><G116/><T86/><D107/><U117/><E117/><V36/><F36/><W122/><G122/><T54/><D109/><U18/><E72/><V74/><F32/><W104/><G112/><T7/><D115/><U58/><E125/><V47/><F74/><W46/><G124/><T111/><D111/><U114/><E114/><V132/><F113/><W93/><G104/><T121/><D121/><U75/><E75/><V98/><F47/><W77/><G59/><T105/><D105/><U135/><E94/><V49/><F68/><W79/><G93/><T12/><D129/><U84/><E0/><V41/><F132/><N who="1" m="50729" /><E9/><V88/><F76/><W51/><G40/><T64/><D126/><U100/><E100/><V71/><F71/><W13/><G77/><T119/><D119/><U31/><E58/><V97/><F19/><W106/><G106/><T101/><D101/><U45/><E56/><N who="2" m="32815" /><F41/><AGARI ba="0,0" hai="11,15,18,24,31,33,41,45,50,84,87" m="50729" machi="41" ten="30,1500,0" yaku="20,1" doraHai="65" who="1" fromWho="2" sc="179,0,318,15,322,-15,181,0" /><INIT seed="5,1,0,1,2,64" ten="179,333,307,181" oya="1" hai0="16,55,84,72,118,40,1,17,77,45,101,106,21" hai1="42,109,124,134,104,71,50,35,12,116,37,74,4" hai2="115,68,91,18,100,6,33,34,102,56,44,65,63" hai3="23,90,20,73,2,58,62,51,76,36,10,93,53"/><U117/><RYUUKYOKU type="yao9" ba="1,0" sc="179,0,333,0,307,0,181,0" hai1="4,12,35,37,42,50,71,74,104,109,116,117,124,134" /><INIT seed="5,2,0,2,4,9" ten="179,333,307,181" oya="1" hai0="83,40,10,117,8,47,52,102,78,99,62,84,124" hai1="130,104,123,110,15,39,55,11,53,12,118,60,34" hai2="77,129,125,63,120,128,89,59,56,27,20,75,131" hai3="2,116,66,35,54,49,51,79,94,122,126,14,101"/><U1/><E123/><V108/><F108/><W21/><G2/><T132/><D117/><U91/><E118/><V13/><F120/><W24/><G116/><T42/><D124/><U6/><E39/><V33/><F125/><W82/><G126/><T93/><D132/><U23/><E34/><V133/><F133/><W4/><G122/><T3/><D3/><U43/><E43/><N who="0" m="16425" /><D62/><U50/><E104/><V68/><F33/><W16/><G66/><T46/><D46/><U38/><E38/><V96/><F13/><W74/><G54/><T135/><D135/><U106/><E106/><V28/><F77/><W98/><REACH who="3" step="1"/><G4/><REACH who="3" ten="179,333,307,171" step="2"/><T112/><D112/><U119/><E119/><V36/><F128/><W64/><G64/><T114/><D114/><U90/><E130/><V107/><F129/><W45/><G45/><T88/><D102/><U26/><E1/><V58/><F131/><W31/><AGARI ba="2,1" hai="14,16,21,24,31,35,49,51,74,79,82,94,98,101" machi="31" ten="30,8000,1" yaku="1,1,0,1,52,1,54,1,53,1" doraHai="9" doraHaiUra="18" who="3" fromWho="3" sc="179,-22,333,-42,307,-22,171,96" /><INIT seed="6,0,0,5,1,120" ten="157,291,285,267" oya="2" hai0="5,2,40,125,106,28,24,105,48,16,104,52,99" hai1="123,56,122,9,119,59,30,61,57,118,32,72,50" hai2="80,65,73,64,31,97,11,94,21,22,74,78,87" hai3="60,134,7,6,91,76,135,1,84,83,27,37,45"/><V112/><F112/><W29/><G60/><T79/><D125/><U113/><E72/><V117/><F117/><N who="1" m="44553" /><E32/><V53/><F73/><W49/><G37/><T58/><D79/><U111/><E30/><V47/><F74/><W107/><G107/><T129/><D129/><U43/><E9/><V10/><F10/><W39/><G39/><T35/><D40/><U54/><E113/><V68/><F11/><W13/><G13/><T98/><D2/><U103/><E103/><V86/><F86/><W85/><G1/><T108/><D5/><U110/><E43/><V75/><F75/><W132/><G49/><T15/><REACH who="0" step="1"/><D108/><REACH who="0" ten="147,291,285,267" step="2"/><N who="1" m="41515" /><E57/><V12/><F68/><W77/><G132/><T8/><AGARI ba="0,1" hai="8,15,16,24,28,35,48,52,58,98,99,104,105,106" machi="8" ten="30,8000,1" yaku="1,1,0,1,54,2,53,1" doraHai="120" doraHaiUra="51" who="0" fromWho="0" sc="147,90,291,-20,285,-40,267,-20" /><INIT seed="7,0,0,1,2,68" ten="237,271,245,247" oya="3" hai0="7,13,17,56,5,66,37,61,8,118,99,72,109" hai1="45,22,20,12,110,49,67,1,11,106,46,26,64" hai2="29,18,43,31,19,42,6,90,108,57,21,4,102" hai3="128,134,84,63,53,69,127,27,58,74,48,132,111"/><W52/><G74/><T73/><D118/><U33/><E110/><V120/><F108/><W87/><G111/><T51/><D109/><U47/><E106/><V16/><F120/><W113/><G113/><T39/><D73/><U40/><E1/><V116/><F116/><W23/><G128/><T130/><D72/><U103/><E103/><V135/><F135/><N who="3" m="51755" /><G127/><T15/><D130/><U112/><E112/><V54/><F102/><W105/><G105/><T133/><D133/><U9/><E33/><V0/><F90/><W3/><G3/><T50/><D99/><U81/><E81/><V10/><F4/><W123/><G123/><T91/><D91/><U92/><E92/><V41/><REACH who="2" step="1"/><F21/><REACH who="2" ten="237,271,235,247" step="2"/><W60/><G69/><T80/><D5/><U119/><E20/><V101/><F101/><W114/><G114/><T121/><D121/><U44/><E119/><V36/><F36/><W70/><G70/><T59/><D39/><U75/><E9/><V77/><F77/><W38/><G38/><T82/><D37/><U25/><E22/><V115/><F115/><W34/><G34/><T28/><D28/><U129/><E129/><V96/><F96/><W100/><G100/><T124/><D124/><U2/><E2/><V88/><F88/><W131/><G131/><T85/><D8/><U30/><E30/><V14/><F14/><W104/><G104/><T79/><D13/><U78/><E12/><V122/><F122/><W62/><G23/><T24/><D7/><U83/><E11/><V107/><F107/><W97/><G97/><T86/><D15/><U126/><E126/><RYUUKYOKU ba="0,1" sc="237,-15,271,15,235,15,247,-15" hai1="25,26,40,44,45,46,47,49,64,67,75,78,83" hai2="0,6,10,16,18,19,29,31,41,42,43,54,57" /><INIT seed="8,1,1,5,5,89" ten="222,286,250,232" oya="0" hai0="26,31,116,68,92,42,0,108,40,120,84,123,132" hai1="49,78,51,2,62,98,107,34,24,10,25,85,72" hai2="133,74,23,8,19,101,56,130,52,22,11,20,47" hai3="86,66,61,7,45,103,117,65,41,69,109,13,27"/><T122/><D68/><U119/><E119/><V1/><F74/><W15/><G109/><T125/><D0/><U83/><E24/><V12/><F130/><W63/><G117/><T124/><D116/><U9/><E72/><V105/><F133/><W102/><G27/><T110/><D132/><U112/><E112/><V94/><F105/><W118/><G118/><T37/><D37/><U57/><E10/><N who="2" m="6551" /><F47/><W3/><G3/><T77/><D40/><U75/><E75/><V135/><F1/><W111/><G111/><N who="0" m="42539" /><D42/><U79/><E79/><V55/><F55/><W18/><G7/><T46/><D46/><U73/><E73/><V93/><F135/><W115/><G86/><T53/><D53/><U36/><E36/><V50/><F93/><W32/><G32/><N who="0" m="20599" /><D92/><U104/><E104/><V60/><F50/><W131/><G115/><T59/><D59/><U44/><E44/><V113/><F113/><W121/><G121/><N who="0" m="30979" /><T100/><DORA hai="21" /><D100/><U80/><E80/><AGARI ba="1,1" hai="77,80,84,124,125" m="30979,20599,42539" machi="80" ten="50,4800,0" yaku="10,1,52,1" doraHai="89,21" who="0" fromWho="1" sc="222,61,286,-51,250,0,232,0" /><INIT seed="8,2,0,0,0,108" ten="283,235,250,232" oya="0" hai0="15,125,39,46,42,68,92,56,26,19,130,114,91" hai1="121,105,21,131,70,60,116,2,10,79,118,62,90" hai2="34,82,80,5,87,28,94,133,20,57,81,86,7" hai3="107,65,122,120,66,59,128,18,51,38,22,127,37"/><T3/><D3/><U31/><E121/><N who="3" m="46698" /><G128/><T41/><D68/><U102/><E79/><V74/><F34/><W48/><G127/><T100/><D100/><U45/><E131/><V29/><F74/><W67/><G107/><T110/><D125/><U77/><E77/><V8/><F133/><W14/><G59/><T135/><D135/><U47/><E90/><V132/><F132/><W93/><G93/><T101/><D101/><U117/><E102/><V124/><F124/><W35/><G35/><T103/><D103/><U83/><E83/><V54/><F94/><W16/><G18/><T6/><D6/><N who="1" m="1367" /><E105/><V85/><F20/><W0/><G0/><T78/><D78/><U4/><E4/><N who="2" m="1611" /><F8/><W63/><G63/><AGARI ba="2,0" hai="28,29,54,57,63,80,81,82,85,86,87" m="1611" machi="63" ten="30,1000,0" yaku="8,1" doraHai="108" who="2" fromWho="3" sc="283,0,235,0,250,16,232,-16" /><INIT seed="9,0,0,2,1,93" ten="283,235,266,216" oya="1" hai0="55,63,130,23,90,84,78,81,35,2,46,8,21" hai1="32,86,128,79,126,54,68,22,117,43,36,85,47" hai2="121,87,42,107,83,73,49,134,9,61,108,44,112" hai3="109,101,48,110,125,100,127,50,105,111,131,103,11"/><U53/><E117/><V59/><F108/><W18/><G131/><T69/><D35/><U135/><E32/><V74/><F121/><W17/><G105/><T118/><D118/><U58/><E128/><V3/><F107/><W45/><G11/><T0/><D130/><U33/><E33/><V13/><F3/><W89/><G89/><T88/><D69/><U28/><E126/><N who="3" m="48138" /><G45/><T129/><D129/><U34/><E34/><V52/><F134/><W31/><G31/><T94/><D0/><U91/><E68/><V113/><F113/><W26/><G26/><T82/><D2/><U77/><E135/><V122/><F122/><W102/><N who="3" m="25600" /><DORA hai="60" /><W10/><G10/><T95/><D8/><U106/><E106/><V116/><F116/><W80/><G80/><T27/><D78/><U92/><E53/><V70/><F70/><W76/><G76/><T40/><D40/><U15/><E85/><V29/><F29/><W75/><G75/><T98/><D21/><U51/><REACH who="1" step="1"/><E28/><REACH who="1" ten="283,225,266,216" step="2"/><V1/><F87/><W123/><G123/><T119/><D119/><U41/><E41/><V124/><F124/><W115/><G115/><T133/><D133/><U25/><E25/><V114/><F114/><W97/><G97/><T120/><D120/><U67/><E67/><V24/><F24/><W19/><AGARI ba="0,1" hai="17,18,19,48,50,109,110,111" m="25600,48138" machi="19" ten="60,8000,1" yaku="29,2,28,2,18,1" doraHai="93,60" who="3" fromWho="3" sc="283,-20,225,-40,266,-20,216,90" owari="263,6.0,185,-31.0,246,-15.0,306,40.0" /></mjloggm>