<mjloggm ver="2.3"><GO type="169" lobby="0"/><UN n0="%E3%82%A6%E3%83%AB%E3%83%88%E3%83%A9%E7%AB%8B%E7%9B%B4" n1="%E3%82%B7%E3%83%B3%E3%83%87%E3%83%AB%E3%83%A9" n2="%EF%BC%84%E3%83%8A%E3%83%8A%E3%82%B7%E3%83%BC%EF%BF%A5" n3="%E3%83%8D%E3%83%BC%E3%83%A0%E3%83%AC%E3%82%B9%EF%BC%97" dan="16,17,17,18" rate="2144.41,2110.61,2154.55,2201.61" sx="M,M,M,M"/><TAIKYOKU oya="0"/><INIT seed="0,0,0,2,0,44" ten="250,250,250,250" oya="0" hai0="32,37,92,62,66,123,35,117,38,78,85,51,3" hai1="4,119,111,133,121,8,91,9,103,1,30,80,76" hai2="65,5,64,74,128,16,28,25,132,113,114,11,106" hai3="46,125,12,110,95,107,41,89,134,88,126,69,52"/><T98/><D3/><U23/><E119/><V0/><F106/><W77/><G107/><T2/><D2/><U96/><E121/><V17/><F74/><W79/><G69/><T29/><D117/><U81/><E111/><V19/><F132/><W75/><G110/><T72/><D72/><U40/><E133/><V129/><F64/><W34/><G34/><T10/><D123/><U70/><E70/><V109/><F65/><W131/><G134/><T127/><D127/><N who="3" m="48649" /><G131/><N who="2" m="50249" /><F109/><W112/><G112/><T49/><D35/><AGARI ba="0,0" hai="0,5,11,16,17,19,25,28,35,113,114" m="50249" machi="35" ten="30,7700,0" yaku="19,1,34,2,54,1" doraHai="44" who="2" fromWho="0" sc="250,-77,250,0,250,77,250,0" /><INIT seed="1,0,0,0,0,41" ten="173,250,327,250" oya="1" hai0="91,134,89,63,12,51,28,59,20,92,3,118,33" hai1="86,98,65,66,105,80,121,135,46,56,39,61,67" hai2="127,73,77,124,131,122,106,96,2,58,0,70,125" hai3="119,40,31,104,71,111,34,85,128,45,13,113,95"/><U23/><E121/><V123/><F70/><W103/><G113/><T117/><D3/><N who="2" m="1066" /><F58/><W35/><G71/><T1/><D1/><U94/><E135/><V44/><F131/><W112/><G112/><T29/><D134/><U52/><E105/><V37/><F77/><W126/><G111/><T21/><D33/><U26/><E39/><V42/><F73/><W10/><G126/><T54/><D63/><U110/><E110/><V22/><F22/><W55/><G104/><T82/><D82/><U130/><E130/><V4/><F4/><W81/><G128/><T84/><D91/><N who="1" m="55647" /><E46/><V107/><F107/><W100/><G119/><T25/><REACH who="0" step="1"/><D29/><REACH who="0" ten="163,250,327,250" step="2"/><N who="1" m="17631" /><E66/><V14/><F127/><W79/><G31/><T7/><D7/><U62/><E61/><V87/><F125/><W88/><G81/><T38/><D38/><U109/><E109/><V74/><F37/><W78/><G78/><AGARI ba="0,1" hai="52,56,62,65,67,78,80,86" m="17631,55647" machi="78" ten="30,2900,0" yaku="8,1,54,1" doraHai="41" who="1" fromWho="3" sc="163,0,250,39,327,0,250,-29" /><INIT seed="1,1,0,1,1,2" ten="163,289,327,221" oya="1" hai0="106,124,32,126,118,6,57,54,123,100,110,111,86" hai1="10,30,26,67,105,74,81,0,87,96,34,78,73" hai2="12,23,85,99,94,125,103,53,104,68,48,9,107" hai3="130,5,77,132,22,129,134,121,98,37,92,19,80"/><U75/><E67/><V131/><F68/><W120/><G37/><T79/><D32/><U62/><E62/><V113/><F131/><N who="3" m="50187" /><G19/><T60/><D118/><U36/><E36/><V56/><F125/><N who="0" m="48234" /><D123/><N who="3" m="47177" /><G5/><T24/><D24/><U133/><E133/><N who="3" m="51306" /><G22/><T28/><D28/><U69/><E69/><V128/><F128/><W40/><G40/><T17/><D17/><U42/><E42/><V95/><F113/><W71/><G71/><T115/><D115/><U70/><E70/><V18/><F9/><W101/><G80/><N who="0" m="47391" /><D6/><N who="1" m="1351" /><E87/><V20/><F23/><W72/><G77/><T114/><D114/><U25/><E25/><V84/><F20/><W7/><G7/><T93/><D60/><U76/><E76/><V91/><F48/><W41/><G41/><T108/><D54/><U31/><E30/><V38/><F53/><W16/><G16/><T44/><D57/><U47/><E47/><V119/><F18/><W4/><G4/><T43/><D44/><U45/><E45/><V89/><F56/><W116/><G72/><T55/><D43/><U90/><E31/><V21/><F21/><W65/><G65/><T27/><D27/><U11/><E11/><V39/><F12/><W13/><G13/><T49/><D55/><U112/><E112/><V82/><F38/><W61/><G61/><T117/><D49/><U8/><E8/><V3/><F39/><W15/><G15/><T64/><D64/><U127/><E127/><V50/><F50/><W33/><G33/><T63/><D63/><U52/><E34/><V109/><F3/><W88/><G116/><T102/><D117/><RYUUKYOKU ba="1,0" sc="163,-10,289,-10,327,-10,221,30" hai3="88,92,98,101" /><INIT seed="2,2,0,4,1,23" ten="153,279,317,251" oya="2" hai0="60,24,26,83,127,35,104,1,133,11,57,105,13" hai1="111,75,122,85,27,96,49,109,91,90,102,10,77" hai2="78,45,97,84,34,120,47,66,92,74,121,29,15" hai3="43,100,80,114,7,55,117,95,82,32,48,22,126"/><V2/><F2/><W37/><G117/><T31/><D127/><U65/><E122/><V106/><F66/><W76/><G32/><T0/><D133/><U53/><E65/><V46/><F106/><W50/><G126/><T79/><D26/><U116/><E116/><V64/><F64/><W86/><G114/><T130/><D130/><U113/><E113/><V17/><F74/><W25/><G7/><T124/><D124/><U19/><E75/><V98/><F29/><W94/><G37/><T87/><D0/><U110/><E77/><V63/><F63/><W118/><G118/><T42/><D42/><U8/><E27/><V38/><F34/><W125/><G125/><T52/><REACH who="0" step="1"/><D1/><REACH who="0" ten="143,279,317,251" step="2"/><U93/><E110/><V89/><F121/><W6/><G43/><T135/><D135/><U30/><E111/><V18/><F120/><W103/><G25/><T12/><D12/><U16/><E109/><V3/><F3/><W62/><G103/><T132/><D132/><U72/><E102/><V112/><F112/><W5/><G100/><T101/><D101/><U128/><E128/><V99/><F38/><W40/><G40/><T61/><D61/><U71/><E49/><V44/><F15/><W131/><G62/><T20/><D20/><U59/><E8/><V54/><F78/><N who="3" m="46359" /><G131/><T58/><D58/><U28/><E59/><V41/><F41/><W70/><G22/><T67/><D67/><U108/><E108/><V107/><F107/><W51/><G70/><T39/><D39/><U33/><E71/><V69/><F69/><W9/><G55/><T134/><D134/><RYUUKYOKU ba="2,1" sc="143,15,279,-15,317,15,251,-15" hai0="11,13,24,31,35,52,57,60,79,83,87,104,105" hai2="17,18,44,45,46,47,54,84,89,92,97,98,99" /><INIT seed="2,3,1,3,1,118" ten="158,264,332,236" oya="2" hai0="105,129,132,13,99,12,109,30,77,111,78,94,112" hai1="11,48,68,73,33,66,39,72,98,63,46,53,70" hai2="128,93,101,67,92,27,74,16,115,28,125,106,51" hai3="49,133,31,56,23,22,96,34,3,57,90,116,42"/><V131/><F115/><W88/><G116/><T134/><D112/><U108/><E33/><V103/><F74/><W124/><G3/><T135/><D30/><U84/><E108/><N who="0" m="41545" /><D105/><U35/><E35/><N who="2" m="20895" /><F125/><W80/><G34/><T121/><D129/><N who="2" m="49738" /><F67/><W95/><G133/><N who="0" m="34051" /><T119/><DORA hai="60" /><D119/><U5/><E72/><V87/><F87/><N who="3" m="50279" /><G124/><T62/><D62/><U123/><E84/><V64/><F64/><W58/><G31/><T65/><D65/><U120/><E66/><V41/><F16/><W117/><G117/><T43/><D43/><U76/><E73/><V107/><F106/><W126/><G126/><T79/><D121/><U17/><E123/><V130/><F130/><W50/><G42/><T36/><D36/><U6/><E39/><V75/><F75/><W82/><G82/><T104/><D104/><U81/><E81/><V40/><F40/><W4/><G4/><T14/><D94/><N who="2" m="36458" /><F107/><W69/><G69/><T8/><D99/><U83/><E98/><V1/><F1/><W59/><N who="3" m="14336" /><DORA hai="114" /><W45/><G96/><T37/><D37/><U86/><E120/><V110/><F110/><W52/><G52/><T127/><D127/><U20/><E70/><V44/><AGARI ba="3,1" hai="41,44,51,101,103" m="36458,49738,20895" machi="44" ten="30,1500,0" yaku="19,1" doraHai="118,60,114" who="2" fromWho="2" sc="158,-8,264,-8,332,34,236,-8" /><INIT seed="2,4,0,0,1,134" ten="150,256,366,228" oya="2" hai0="92,81,112,41,110,0,103,94,123,68,125,79,52" hai1="32,131,58,130,10,101,85,61,70,8,1,84,73" hai2="71,90,53,6,78,51,3,128,120,135,60,133,19" hai3="126,64,17,21,30,88,98,15,75,40,54,132,43"/><V69/><F120/><W80/><G132/><N who="2" m="50761" /><F128/><N who="1" m="49193" /><E73/><V111/><F111/><W24/><G126/><T108/><D0/><U12/><E32/><V28/><F28/><W56/><G64/><T2/><D2/><U77/><E70/><V82/><F90/><W100/><G75/><N who="0" m="43263" /><D41/><U5/><E77/><V89/><F89/><W127/><G127/><T20/><D20/><U22/><E22/><V39/><F39/><W102/><G43/><T83/><D52/><N who="1" m="33991" /><E101/><V65/><F19/><AGARI ba="4,0" hai="1,5,8,10,12,19,84,85" m="33991,49193" machi="19" ten="30,2000,0" yaku="19,1,54,1" doraHai="134" who="1" fromWho="2" sc="150,0,256,32,366,-32,228,0" /><INIT seed="3,0,0,2,5,73" ten="150,288,334,228" oya="3" hai0="58,121,19,68,103,84,69,132,94,114,117,2,130" hai1="52,108,42,92,119,133,109,14,12,56,61,97,27" hai2="80,65,53,38,62,79,101,100,75,106,54,111,16" hai3="60,89,116,29,13,21,127,35,3,5,81,113,37"/><W91/><G113/><T50/><D114/><U36/><E133/><V45/><F111/><N who="1" m="42569" /><E119/><V17/><F38/><W126/><G116/><T76/><D121/><U24/><E42/><V57/><F101/><W99/><G37/><T124/><D117/><U30/><E36/><V78/><F75/><W31/><G3/><T125/><D2/><U18/><E18/><N who="2" m="7275" /><F106/><W63/><G35/><T110/><D110/><U43/><E43/><V44/><F100/><W48/><G48/><T107/><D107/><U10/><E10/><V64/><F80/><W96/><G81/><N who="0" m="47143" /><D19/><U105/><E105/><V33/><F33/><W55/><G55/><N who="2" m="21001" /><F65/><W39/><G39/><T102/><D102/><N who="1" m="60711" /><E27/><V90/><F90/><W122/><G122/><T41/><D132/><U120/><E120/><V128/><F128/><W26/><G5/><T49/><D41/><U134/><E134/><V1/><F1/><W4/><G4/><T118/><D130/><U93/><E93/><V32/><F32/><AGARI ba="0,0" hai="12,14,24,30,32,52,56,61" m="60711,42569" machi="32" ten="30,2000,0" yaku="14,1,54,1" doraHai="73" who="1" fromWho="2" sc="150,0,288,20,334,-20,228,0" /><INIT seed="4,0,0,4,3,19" ten="150,308,314,228" oya="0" hai0="34,60,7,20,100,81,77,88,99,63,58,124,72" hai1="35,1,57,15,22,107,133,122,5,110,101,32,2" hai2="102,4,59,10,129,40,117,66,132,84,56,26,67" hai3="79,130,89,70,49,53,43,45,30,131,36,92,126"/><T46/><D34/><U8/><E110/><V55/><F132/><W74/><G126/><T109/><D124/><U86/><E122/><V121/><F121/><W76/><G70/><T119/><D119/><U62/><E133/><V87/><F129/><N who="3" m="49163" /><G30/><T115/><D115/><U103/><E86/><V128/><F128/><W71/><G71/><T17/><D109/><U120/><E120/><V27/><F40/><W64/><G64/><N who="2" m="24617" /><F102/><W14/><G74/><T91/><D7/><U31/><E1/><V68/><F68/><W52/><G14/><T98/><D46/><U114/><E114/><V69/><F69/><W104/><G104/><T38/><D38/><U94/><E107/><V127/><F127/><W105/><G105/><T23/><D100/><U78/><E78/><N who="3" m="29738" /><G49/><T116/><D116/><U9/><E101/><V65/><F65/><W47/><G47/><T106/><D106/><U50/><E103/><V28/><F27/><W135/><G135/><T24/><D23/><U13/><E22/><V80/><F10/><W0/><G0/><T125/><D125/><U108/><E108/><V33/><F33/><W21/><G21/><T25/><D25/><U75/><E35/><V39/><F26/><W85/><AGARI ba="0,0" hai="36,43,45,52,53,85,89,92" m="29738,49163" machi="85" ten="30,2000,0" yaku="19,1,54,1" doraHai="19" who="3" fromWho="3" sc="150,-10,308,-5,314,-5,228,20" /><INIT seed="5,0,0,3,3,45" ten="140,303,309,248" oya="1" hai0="3,54,122,71,108,66,128,57,25,129,109,19,113" hai1="61,116,14,98,114,104,18,15,67,107,69,78,48" hai2="38,99,134,87,72,23,76,112,111,75,10,6,55" hai3="49,121,58,32,93,39,9,119,90,13,56,40,123"/><U47/><E116/><V20/><F111/><N who="0" m="42570" /><D19/><U44/><E114/><V36/><F134/><W0/><G32/><T118/><D25/><U50/><E78/><V117/><F117/><W77/><G119/><T124/><D3/><U24/><E24/><V97/><F112/><W21/><G0/><T37/><D118/><U125/><E125/><V41/><F55/><W17/><G39/><T102/><D102/><U1/><E1/><V88/><F75/><W4/><G77/><T70/><D113/><U81/><E81/><V73/><F73/><W133/><G133/><T127/><D37/><U85/><E85/><V84/><F72/><W63/><G123/><T27/><D27/><U51/><E98/><V46/><F38/><W16/><G121/><T79/><D79/><U131/><E14/><V103/><F76/><W82/><G82/><T74/><D74/><U120/><E120/><V52/><F87/><W2/><G17/><T26/><D26/><U29/><E29/><V135/><F99/><W65/><G90/><T62/><D122/><U92/><E92/><V80/><F135/><W105/><G93/><T31/><D31/><U34/><E34/><V101/><F101/><W86/><G86/><T68/><D66/><U96/><E107/><N who="2" m="63983" /><F6/><W12/><G105/><T91/><D91/><U59/><E104/><V115/><F115/><W83/><G83/><T28/><D28/><U100/><E100/><V7/><F7/><W130/><G2/><T89/><D89/><U8/><E96/><V43/><F36/><W132/><G4/><T42/><D42/><N who="2" m="15882" /><F10/><W11/><G9/><RYUUKYOKU ba="0,0" sc="140,15,303,-15,309,15,248,-15" hai0="54,57,62,68,70,71,124,127,128,129" hai2="20,23,46,52,80,84,88" /><INIT seed="6,1,0,3,4,97" ten="155,288,324,233" oya="2" hai0="134,5,56,49,80,86,57,58,75,100,66,115,118" hai1="21,16,33,47,3,110,31,81,9,6,107,87,63" hai2="116,78,0,125,71,109,82,35,60,114,85,43,50" hai3="59,132,1,54,14,52,24,17,135,126,122,67,8"/><V73/><F116/><W90/><G122/><T113/><D118/><U89/><E110/><V61/><F0/><W76/><G126/><T129/><D75/><U84/><E107/><V37/><F35/><W121/><G121/><T10/><D129/><U123/><E123/><V119/><F119/><W103/><G103/><T72/><D72/><U28/><E33/><V27/><F125/><W96/><G76/><T44/><D66/><U40/><E63/><V53/><F27/><W68/><G68/><T128/><D128/><U133/><E133/><N who="3" m="51274" /><G1/><T22/><D22/><U30/><E87/><V101/><F109/><W65/><G24/><T36/><D36/><U88/><E89/><V25/><F25/><W108/><G108/><T94/><D134/><U7/><E7/><V105/><F71/><W104/><G54/><T102/><D94/><U34/><E34/><V55/><F37/><W18/><G18/><T20/><D20/><U70/><E70/><V42/><F42/><W45/><G45/><T124/><D124/><U13/><E31/><V11/><F43/><W32/><G32/><T19/><D19/><U26/><E3/><V2/><F55/><W79/><G79/><N who="0" m="46367" /><D115/><U29/><E29/><V120/><F114/><W4/><G4/><T106/><D106/><U117/><E117/><V130/><F130/><W41/><G41/><N who="0" m="24719" /><D113/><U64/><E64/><N who="3" m="24650" /><G104/><T74/><D74/><U112/><E112/><V93/><F120/><W69/><G69/><T15/><AGARI ba="1,0" hai="5,10,15,56,57,58,100,102" m="24719,46367" machi="15" ten="30,7900,0" yaku="25,1,8,1,52,2" doraHai="97" who="0" fromWho="0" sc="155,82,288,-21,324,-40,233,-21" /><INIT seed="7,0,0,5,2,101" ten="237,267,284,212" oya="3" hai0="80,24,82,105,68,9,43,67,119,56,95,6,64" hai1="94,127,106,97,122,51,63,41,1,45,108,90,50" hai2="66,44,16,39,15,72,100,5,131,116,76,25,7" hai3="60,48,129,36,123,74,85,12,75,135,109,3,111"/><W120/><G3/><T28/><D105/><U73/><E108/><N who="3" m="41546" /><G36/><T31/><D68/><U89/><E122/><N who="3" m="46634" /><G135/><T86/><D119/><U19/><E127/><V92/><F116/><W32/><G32/><T35/><D43/><U77/><E1/><V88/><F66/><W21/><G129/><T79/><D31/><U30/><E30/><V71/><F71/><W91/><G60/><T117/><D117/><U33/><E33/><V58/><F39/><W125/><G48/><T114/><D114/><U132/><E132/><V47/><F47/><W27/><G12/><T61/><D95/><U18/><E63/><V81/><F44/><W22/><G125/><T115/><D115/><U113/><E113/><V103/><F58/><W49/><G49/><T78/><D56/><U112/><E51/><V110/><F131/><W10/><G10/><T69/><D61/><U99/><E112/><V26/><F110/><W13/><G13/><T46/><D46/><U104/><E50/><V130/><F130/><W40/><G40/><T17/><D69/><U134/><E45/><V37/><F37/><W62/><G62/><T42/><D42/><U87/><E41/><V57/><F57/><W0/><G0/><N who="0" m="199" /><D67/><U54/><E134/><V70/><F70/><W29/><G21/><T8/><D64/><U107/><E54/><V124/><F124/><W98/><G98/><T102/><D8/><U55/><E55/><V133/><F133/><W23/><G23/><T93/><D35/><U38/><E38/><V20/><F7/><W128/><G128/><T14/><D14/><U96/><E96/><RYUUKYOKU ba="0,0" sc="237,-10,267,-10,284,-10,212,30" hai3="22,27,29,74,75,85,91" /><INIT seed="7,1,0,3,1,4" ten="227,257,274,242" oya="3" hai0="66,43,32,7,17,13,119,116,84,82,74,122,54" hai1="75,15,49,85,73,50,27,31,78,3,22,37,55" hai2="57,135,83,109,64,98,76,29,97,108,100,58,8" hai3="101,132,65,71,127,113,52,21,53,105,93,51,107"/><W134/><G113/><T14/><D122/><U130/><E3/><V104/><F135/><N who="3" m="51755" /><G127/><T90/><D32/><U106/><E37/><V117/><F117/><W25/><G93/><T1/><D1/><U48/><E106/><N who="3" m="40458" /><G101/><T9/><D43/><U45/><E130/><V39/><F39/><W11/><G11/><T19/><D66/><U99/><E99/><V5/><F98/><W12/><G12/><T40/><D40/><U16/><E73/><V63/><F29/><N who="3" m="17583" /><G51/><T62/><D74/><U121/><E75/><V35/><F35/><W131/><G131/><T46/><D7/><U114/><E114/><V124/><F124/><W41/><G41/><T92/><D92/><U89/><E121/><V112/><F112/><W86/><G86/><T33/><D33/><U61/><E61/><AGARI ba="1,0" hai="52,53,61,65,71" m="17583,40458,51755" machi="61" ten="30,2900,0" yaku="20,1,54,1" doraHai="4" who="3" fromWho="1" sc="227,0,257,-32,274,0,242,32" /><INIT seed="7,2,0,3,4,97" ten="227,225,274,274" oya="3" hai0="125,39,59,34,42,66,12,83,62,96,76,120,73" hai1="8,45,105,101,51,10,87,14,131,22,38,2,75" hai2="128,52,126,43,77,133,48,119,27,98,95,130,13" hai3="49,109,30,94,100,3,102,86,99,93,82,134,92"/><W65/><G3/><T35/><D120/><U117/><E75/><V50/><F119/><W107/><G134/><T15/><D125/><U11/><E117/><V112/><F126/><W36/><G36/><T28/><D42/><U0/><E131/><N who="2" m="50219" /><F133/><W68/><G109/><T106/><D39/><U21/><E38/><V53/><F112/><W33/><G102/><T57/><D57/><U61/><E61/><V7/><F77/><W55/><G68/><T4/><D4/><U124/><E124/><V41/><F27/><W26/><G65/><T47/><D47/><U110/><E110/><V114/><F114/><W113/><G113/><T127/><D127/><U88/><E105/><V78/><F78/><W129/><G129/><T67/><D67/><U115/><E115/><V46/><F13/><W85/><REACH who="3" step="1"/><G82/><REACH who="3" ten="227,225,274,264" step="2"/><T23/><D66/><U32/><E0/><V25/><F95/><W64/><G64/><T135/><D83/><N who="1" m="49279" /><E2/><V122/><F122/><W111/><G111/><T63/><D135/><U74/><E101/><V24/><F43/><W5/><G5/><T70/><D106/><U18/><E74/><V123/><F7/><W29/><G29/><T60/><D28/><U69/><E69/><V103/><F123/><W6/><G6/><T72/><D70/><U84/><E84/><V108/><F108/><W16/><G16/><T19/><D19/><U80/><E80/><V81/><F81/><W20/><G20/><N who="1" m="7786" /><E32/><N who="0" m="12329" /><D73/><U31/><E31/><V132/><F132/><W121/><G121/><T17/><D72/><U58/><E58/><AGARI ba="2,1" hai="26,30,33,49,55,58,85,86,92,93,94,99,100,107" machi="58" ten="40,12000,1" yaku="1,1,52,1,53,3" doraHai="97" doraHaiUra="90" who="3" fromWho="1" sc="227,0,225,-126,274,0,264,136" owari="227,-17.0,99,-40.0,274,7.0,400,50.0" /></mjloggm>