<mjloggm ver="2.3"><GO type="169" lobby="0"/><UN n0="%E3%81%91%E3%82%93%31%39%37%30" n1="%E3%81%99%E3%81%BF%E3%82%84%E3%81%AB" n2="%3A%63%6F%63%75%61%3A" n3="%E3%83%88%E3%83%88%E3%83%AA%E5%85%88%E7%94%9F%31%39%E6%AD%B3" dan="17,17,16,17" rate="2172.42,2186.90,2095.68,2190.00" sx="M,M,M,F"/><TAIKYOKU oya="0"/><INIT seed="0,0,0,2,5,21" ten="250,250,250,250" oya="0" hai0="124,10,9,37,58,48,105,67,13,2,121,112,77" hai1="98,20,76,122,99,32,44,127,86,115,61,100,36" hai2="47,69,26,107,92,118,40,12,34,85,18,53,25" hai3="62,116,79,17,125,106,117,52,45,103,54,60,88"/><T109/><D37/><U97/><E32/><V110/><F107/><W104/><G79/><T29/><D121/><U5/><E122/><V131/><F69/><W43/><G125/><T46/><D112/><U4/><E127/><V89/><F110/><W63/><G17/><T82/><D124/><U133/><E100/><V64/><F34/><W3/><G3/><T41/><D105/><U66/><E133/><V120/><F120/><W134/><G134/><T7/><D109/><U78/><E78/><V91/><F64/><W0/><G0/><T68/><D68/><U90/><E76/><V81/><F131/><W102/><G104/><T33/><D67/><U80/><E115/><V30/><F30/><W6/><G6/><T65/><D65/><U126/><E126/><V113/><F113/><W101/><G106/><T22/><D33/><U31/><E44/><V123/><F123/><W74/><G74/><T27/><D58/><N who="1" m="37175" /><E36/><V15/><F118/><W87/><G117/><T128/><D128/><U70/><E70/><V119/><F119/><W83/><REACH who="3" step="1"/><G116/><REACH who="3" ten="250,250,250,240" step="2"/><T57/><D2/><U1/><E1/><V93/><F18/><W73/><G73/><T35/><D10/><U129/><E129/><V108/><F12/><W84/><G84/><N who="0" m="48207" /><D35/><U11/><E11/><V114/><F15/><W51/><AGARI ba="0,1" hai="43,45,51,52,54,60,62,63,83,87,88,101,102,103" machi="51" ten="30,8000,1" yaku="1,1,0,1,8,1,54,2,53,0" doraHai="21" doraHaiUra="14" who="3" fromWho="3" sc="250,-40,250,-20,250,-20,240,90" /><INIT seed="1,0,0,3,0,17" ten="210,230,230,330" oya="1" hai0="23,101,12,41,77,91,48,3,106,118,15,89,68" hai1="94,93,86,19,125,107,87,98,18,1,70,8,92" hai2="37,85,123,110,69,26,105,49,104,14,9,128,83" hai3="20,76,100,78,30,42,122,33,111,97,130,47,7"/><U6/><E70/><V52/><F110/><W38/><G122/><T64/><D3/><U131/><E125/><V74/><F37/><W73/><G111/><T35/><D35/><U51/><E131/><V84/><F123/><W55/><G33/><T96/><D118/><U24/><E51/><V0/><F69/><W54/><G130/><T43/><D77/><U46/><E46/><V117/><F117/><W27/><G7/><T5/><D15/><U127/><E127/><V134/><F134/><W40/><G40/><T25/><D68/><U4/><E4/><V57/><F128/><W21/><G21/><T61/><D48/><U16/><REACH who="1" step="1"/><E24/><REACH who="1" ten="210,220,230,330" step="2"/><V60/><F49/><W10/><G47/><T71/><D5/><U75/><E75/><V103/><F74/><W59/><G73/><T39/><D12/><U95/><N who="1" m="24064" /><DORA hai="72" /><U53/><E53/><V124/><F124/><W99/><G54/><T45/><REACH who="0" step="1"/><D43/><REACH who="0" ten="200,220,230,330" step="2"/><U31/><E31/><AGARI ba="0,2" hai="23,25,31,39,41,45,61,64,71,89,91,96,101,106" machi="31" ten="30,8000,1" yaku="1,1,2,1,7,1,52,1,53,1" doraHai="17,72" doraHaiUra="13,56" who="0" fromWho="1" sc="200,100,220,-80,230,0,330,0" /><INIT seed="2,0,0,4,1,17" ten="300,140,230,330" oya="2" hai0="19,56,13,44,125,49,132,80,2,48,22,37,81" hai1="59,68,8,94,89,124,34,107,25,57,45,128,38" hai2="92,46,53,71,1,90,16,91,110,9,88,42,5" hai3="21,11,32,35,58,47,63,3,131,105,36,31,129"/><V93/><F110/><W101/><G105/><T99/><D2/><U65/><E107/><V15/><F71/><W127/><G101/><T82/><D132/><U115/><E115/><V0/><F53/><W87/><G127/><T134/><D134/><U40/><E124/><V123/><F123/><W43/><G87/><T85/><D125/><U77/><E77/><V75/><F75/><W122/><G122/><T72/><D37/><U20/><E34/><V27/><F27/><N who="3" m="16879" /><G11/><T133/><D133/><U96/><E128/><N who="3" m="49226" /><G3/><T74/><D99/><U12/><E68/><V28/><F28/><W106/><G63/><T84/><D74/><U117/><E65/><V55/><F55/><W79/><G58/><T98/><D98/><U14/><E117/><V64/><F64/><W4/><G4/><T6/><D6/><U78/><E78/><V76/><F76/><W73/><G106/><T30/><D30/><U113/><E113/><V135/><F135/><W111/><G111/><T109/><D109/><U51/><E38/><V7/><F1/><W29/><G29/><T119/><D119/><U104/><E104/><V26/><F26/><W118/><G118/><T18/><D72/><U60/><E60/><V112/><F112/><W39/><G39/><T62/><D19/><N who="1" m="10343" /><E25/><V120/><F120/><W52/><G79/><T10/><D10/><U103/><E103/><V126/><F126/><W97/><G73/><T67/><D49/><U83/><E83/><V50/><REACH who="2" step="1"/><F5/><AGARI ba="0,0" hai="5,8,14,40,45,51,57,59,89,94,96" m="10343" machi="5" ten="30,2000,0" yaku="8,1,52,1" doraHai="17" who="1" fromWho="2" sc="300,0,140,20,230,-20,330,0" /><INIT seed="3,0,0,5,4,73" ten="300,160,210,330" oya="3" hai0="48,94,22,29,112,6,122,109,51,52,133,57,116" hai1="135,90,84,56,128,17,60,65,97,132,120,42,14" hai2="30,87,62,15,24,78,75,21,95,74,32,58,43" hai3="123,69,25,11,0,35,44,59,70,89,71,72,134"/><W105/><G123/><T96/><D122/><U101/><E120/><V13/><F43/><W111/><G105/><T130/><D116/><U98/><E42/><V2/><F2/><W129/><G72/><T47/><D109/><U7/><E7/><V85/><F85/><W54/><G111/><T49/><D130/><U4/><E4/><V91/><F32/><W38/><G129/><T93/><D133/><N who="1" m="51275" /><E101/><V110/><F110/><W34/><G134/><T66/><D6/><U33/><E33/><V19/><F30/><W9/><G0/><T80/><D94/><N who="1" m="54599" /><E128/><V20/><F20/><AGARI ba="0,0" hai="14,17,20,56,60,65,97,98" m="54599,51275" machi="20" ten="30,1000,0" yaku="20,1" doraHai="73" who="1" fromWho="2" sc="300,0,160,10,210,-10,330,0" /><INIT seed="4,0,0,0,1,58" ten="300,170,200,330" oya="0" hai0="52,36,99,133,1,83,43,116,69,71,53,73,50" hai1="68,15,123,80,135,90,77,103,115,0,55,126,35" hai2="120,128,33,102,18,75,105,131,10,92,111,94,51" hai3="23,30,2,82,79,60,84,46,119,125,48,96,49"/><T122/><D116/><U45/><E0/><V31/><F111/><W124/><G2/><T89/><D122/><U25/><E123/><V93/><F120/><W70/><G119/><T67/><D1/><U19/><E68/><V107/><F75/><W62/><G70/><T44/><D133/><U28/><E126/><N who="3" m="48746" /><G49/><T88/><D53/><U114/><E103/><V117/><F117/><W7/><G7/><T106/><D106/><U81/><E90/><V54/><F31/><W5/><G5/><T34/><D34/><U24/><E24/><V98/><F33/><W6/><G6/><T100/><D100/><U4/><E4/><V21/><F10/><W61/><G96/><T113/><D113/><N who="1" m="43019" /><E135/><V134/><F134/><W132/><G132/><T95/><D67/><U129/><E129/><N who="2" m="49739" /><F107/><W104/><G104/><T78/><REACH who="0" step="1"/><D89/><REACH who="0" ten="290,170,200,330" step="2"/><U16/><E55/><V76/><F105/><W9/><G9/><T39/><D39/><U87/><E35/><V41/><F54/><N who="3" m="29975" /><G23/><T42/><D42/><U3/><E3/><V20/><F20/><W112/><G112/><T110/><D110/><U32/><E32/><V37/><F37/><W101/><G101/><T64/><D64/><U121/><E121/><V127/><F127/><W56/><G30/><T65/><D65/><AGARI ba="0,1" hai="56,60,61,62,65,79,82,84" m="29975,48746" machi="65" ten="30,7700,0" yaku="18,1,52,3" doraHai="58" who="3" fromWho="0" sc="290,-77,170,0,200,0,330,87" /><INIT seed="5,0,0,3,0,122" ten="213,170,200,417" oya="1" hai0="25,58,16,41,74,77,76,109,24,82,99,32,49" hai1="131,65,90,97,11,17,73,88,36,29,87,113,23" hai2="33,116,62,22,3,85,55,105,93,14,129,98,42" hai3="40,114,70,132,130,83,27,34,115,28,2,101,121"/><U19/><E73/><V72/><F72/><W106/><G121/><T107/><D77/><U111/><E36/><V37/><F3/><W125/><G70/><T20/><D109/><U26/><E113/><N who="3" m="43018" /><G2/><T57/><D41/><U44/><E131/><V84/><F33/><W1/><G1/><T13/><D49/><U0/><E65/><V134/><F105/><W6/><G6/><T52/><D32/><U67/><E67/><V66/><F55/><W30/><G130/><T128/><D128/><U79/><E111/><V103/><F116/><W123/><G123/><T31/><D31/><U86/><E44/><V135/><F129/><W112/><G30/><T10/><D10/><U118/><E79/><V54/><F54/><W43/><G132/><N who="2" m="50729" /><F42/><W8/><G8/><T102/><REACH who="0" step="1"/><D58/><REACH who="0" ten="203,170,200,417" step="2"/><U7/><E118/><V5/><F37/><W89/><G43/><T78/><D78/><U53/><E29/><V92/><F22/><W56/><G40/><T35/><D35/><U46/><E46/><V61/><F61/><W63/><G112/><T91/><D91/><U69/><E90/><V21/><F21/><W120/><G120/><T18/><D18/><U133/><E19/><V51/><F51/><W95/><G89/><T110/><D110/><U117/><E133/><V59/><F5/><W119/><G34/><T50/><AGARI ba="0,1" hai="13,16,20,24,25,50,52,57,74,76,82,99,102,107" machi="50" ten="20,8000,1" yaku="1,1,0,1,7,1,54,2,53,0" doraHai="122" doraHaiUra="64" who="0" fromWho="0" sc="203,90,170,-40,200,-20,417,-20" /><INIT seed="6,0,0,5,5,121" ten="293,130,180,397" oya="2" hai0="0,35,74,105,64,114,4,22,10,71,84,14,126" hai1="66,41,110,112,54,111,28,44,32,79,101,117,113" hai2="20,90,94,96,13,103,34,127,58,91,23,53,122" hai3="62,26,19,25,109,133,59,40,29,134,82,70,99"/><V48/><F127/><W89/><G109/><T129/><D74/><U81/><E117/><V1/><F122/><W47/><G70/><T9/><D105/><U37/><E101/><V68/><F1/><W39/><G19/><T36/><D36/><U86/><E66/><V50/><F34/><W100/><G89/><N who="2" m="33801" /><F68/><W21/><G82/><T93/><D93/><U6/><E54/><N who="2" m="32071" /><F13/><W45/><G26/><T130/><D84/><U60/><E60/><V132/><F132/><N who="3" m="50795" /><G40/><T12/><D64/><U97/><E97/><V95/><F94/><N who="3" m="58487" /><G39/><T75/><D75/><U57/><E57/><AGARI ba="0,0" hai="20,23,50,53,57,95,96,103" m="32071,33801" machi="57" ten="30,1500,0" yaku="8,1" doraHai="121" who="2" fromWho="1" sc="293,0,130,-15,180,15,397,0" /><INIT seed="6,1,0,2,1,65" ten="293,115,195,397" oya="2" hai0="63,70,111,12,84,129,130,33,68,86,112,123,0" hai1="2,95,88,110,16,91,122,116,49,17,46,13,114" hai2="93,52,3,67,1,8,10,127,97,105,14,113,104" hai3="30,106,32,76,56,107,72,22,124,103,100,54,135"/><V27/><F67/><W89/><G32/><T58/><D0/><U120/><E2/><V42/><F42/><W79/><G135/><T24/><D111/><U62/><E110/><V15/><F113/><W78/><G72/><T92/><D123/><U40/><E116/><V109/><F109/><W55/><G124/><T50/><D50/><U4/><E114/><V101/><F127/><W83/><G106/><T11/><D112/><U47/><E47/><V28/><F3/><W115/><G107/><T102/><D24/><U37/><E37/><V119/><F1/><W99/><G115/><T7/><D33/><U19/><E62/><V132/><F132/><W66/><G66/><N who="0" m="39287" /><D102/><N who="3" m="38953" /><G56/><T94/><D86/><U131/><E131/><N who="0" m="50185" /><D84/><U36/><E36/><V34/><F119/><W57/><G57/><T74/><D74/><U73/><E73/><V60/><F14/><W81/><G81/><T48/><D48/><U108/><E108/><V20/><F34/><W44/><G44/><T51/><D51/><U31/><E31/><V77/><F104/><W96/><G83/><T25/><D25/><U59/><E59/><N who="2" m="34919" /><F105/><W6/><G54/><T5/><D5/><U39/><E39/><V75/><F15/><W26/><G6/><T71/><AGARI ba="1,0" hai="7,11,12,68,70,71,92,94" m="50185,39287" machi="71" ten="40,8000,1" yaku="19,1,52,3" doraHai="65" who="0" fromWho="0" sc="293,83,115,-21,195,-41,397,-21" /><INIT seed="7,0,0,4,2,64" ten="376,94,154,376" oya="3" hai0="122,2,9,110,49,92,73,103,107,115,123,4,35" hai1="53,90,39,19,10,127,68,1,47,59,74,95,105" hai2="55,120,79,128,135,38,112,56,21,89,24,88,116" hai3="78,93,51,121,109,37,91,12,28,32,5,118,29"/><W23/><G121/><T54/><D110/><U62/><E105/><V104/><F116/><W36/><G118/><T117/><D117/><U6/><E127/><V101/><F38/><W65/><G32/><T50/><D107/><U129/><E129/><V87/><F79/><W82/><G109/><T111/><D111/><U30/><E74/><V60/><F120/><W7/><G65/><T48/><D35/><U11/><E30/><N who="3" m="11882" /><G37/><T126/><D73/><U133/><E133/><V114/><F128/><W130/><G36/><T83/><D83/><U63/><E39/><V41/><F41/><W0/><G0/><T31/><D31/><U125/><E125/><V94/><F89/><W70/><G70/><T46/><D126/><U27/><E47/><V69/><F24/><W34/><G34/><T67/><D67/><U71/><E63/><V14/><F21/><W132/><G132/><T42/><D50/><U106/><E106/><V113/><F135/><W96/><G130/><T97/><D115/><U25/><E27/><V26/><F26/><W13/><G51/><T81/><D81/><U33/><E33/><V20/><F69/><W18/><G13/><T72/><D72/><U8/><E8/><V66/><F20/><W61/><G61/><T98/><D97/><N who="1" m="57591" /><E11/><V44/><F14/><W86/><AGARI ba="0,0" hai="5,7,12,18,23,78,82,86,91,93,96" m="11882" machi="86" ten="30,1500,0" yaku="8,1" doraHai="64" who="3" fromWho="3" sc="376,-5,94,-5,154,-5,376,15" owari="371,17.0,89,-41.0,149,-25.0,391,49.0" /></mjloggm>