<mjloggm ver="2.3"><GO type="97" lobby="0"/><UN n0="%E5%B0%B1%E6%B4%BB%E7%94%9F%40%E5%B7%9D%E6%9D%91%E8%BB%8D%E5%9B%A3" n1="%4D%53%2D%30%36%52" n2="%72%79%6F%2D%74%72%65%6B" n3="%E5%AE%89%E6%9C%AC%E5%BD%A9%E8%8A%B1" dan="15,14,14,16" rate="1960.19,1880.40,1911.41,2156.97" sx="M,F,M,F"/><TAIKYOKU oya="0"/><INIT seed="0,0,0,2,5,85" ten="250,250,250,250" oya="0" hai0="79,106,16,56,102,33,133,90,39,89,17,86,19" hai1="76,123,119,35,111,132,91,130,134,65,135,95,45" hai2="11,80,37,43,92,9,93,66,127,49,109,101,97" hai3="6,38,104,32,110,61,94,122,69,112,18,5,13"/><T88/><D39/><U41/><E35/><V116/><F37/><W12/><G104/><T46/><D33/><U83/><E123/><V128/><F116/><W113/><G38/><T63/><D133/><U77/><E119/><V8/><F127/><W82/><G82/><N who="0" m="47455" /><D106/><U71/><E111/><V14/><F128/><W84/><G32/><T50/><D102/><U28/><E28/><V60/><F109/><W70/><G110/><T121/><D121/><U29/><E29/><V54/><F80/><W27/><G122/><T62/><D56/><U4/><E4/><V44/><F43/><AGARI ba="0,0" hai="16,17,19,43,46,50,62,63,88,89,90" m="47455" machi="43" ten="30,18000,2" yaku="8,1,52,3,54,2" doraHai="85" who="0" fromWho="2" sc="250,180,250,0,250,-180,250,0" /><INIT seed="0,1,0,2,4,89" ten="430,250,70,250" oya="0" hai0="82,50,78,16,39,80,84,35,106,8,112,37,62" hai1="54,100,56,52,97,67,4,91,32,2,133,93,110" hai2="96,101,43,28,131,69,119,76,70,30,45,12,27" hai3="29,6,77,22,98,94,63,71,24,64,3,38,42"/><T127/><D106/><U102/><E32/><V116/><F131/><W60/><G77/><T53/><D35/><U129/><E129/><V47/><F76/><W46/><G3/><T73/><D112/><U0/><E110/><V40/><F12/><W48/><G6/><T128/><D128/><U130/><E130/><V83/><F83/><W19/><G60/><T120/><D127/><U95/><E133/><V51/><F27/><W10/><G10/><T88/><D62/><U9/><E102/><V85/><F85/><W26/><G38/><T86/><D120/><U59/><E2/><V104/><F30/><W90/><REACH who="3" step="1"/><G26/><REACH who="3" ten="430,250,70,240" step="2"/><T31/><D73/><U134/><E134/><V20/><F28/><AGARI ba="1,1" hai="19,22,24,28,29,42,46,48,63,64,71,90,94,98" machi="28" ten="40,5200,0" yaku="1,1,2,1,52,1,53,0" doraHai="89" doraHaiUra="107" who="3" fromWho="2" sc="430,0,250,0,70,-55,240,65" /><INIT seed="1,0,0,0,4,63" ten="430,250,15,305" oya="1" hai0="129,88,122,118,123,4,32,78,115,67,15,51,94" hai1="24,80,22,96,1,79,14,30,18,38,52,5,6" hai2="25,95,124,53,114,87,101,66,93,116,26,23,0" hai3="130,105,89,65,98,77,119,41,11,2,91,81,76"/><U97/><E38/><V120/><F0/><W74/><G41/><T49/><D32/><U36/><E36/><V111/><F116/><W39/><G39/><T7/><D118/><U127/><E127/><V82/><F120/><N who="0" m="46122" /><D115/><U33/><E52/><V46/><F114/><W35/><G35/><T109/><D109/><U132/><E132/><V106/><F111/><W133/><G133/><T121/><D129/><U84/><E5/><N who="0" m="2121" /><D78/><U20/><E22/><V34/><F34/><W21/><G2/><T125/><D125/><U135/><E135/><V85/><F106/><W28/><G77/><T16/><D67/><U60/><E60/><V10/><F10/><AGARI ba="0,0" hai="1,6,10,14,18,20,24,30,33,79,80,84,96,97" machi="10" ten="40,3900,0" yaku="24,2" doraHai="63" who="1" fromWho="2" sc="430,0,250,39,15,-39,305,0" owari="430,52.0,289,-11.0,-24,-52.0,305,11.0" /></mjloggm>