<mjloggm ver="2.3"><GO type="97" lobby="0"/><UN n0="%E7%94%B0%E4%B8%AD%E9%99%BD%EF%BC%B3" n1="%E3%83%88%E3%83%88%E3%83%AA%E5%85%88%E7%94%9F%31%39%E6%AD%B3" n2="%E6%BC%81%E5%A4%AB%E3%81%AE%E5%88%A9" n3="%E3%81%8B%E3%81%B9%E3%81%A1%E3%83%BC" dan="13,13,15,14" rate="1869.47,1986.15,1982.23,1893.67" sx="M,F,M,F"/><TAIKYOKU oya="0"/><INIT seed="0,0,0,5,2,84" ten="250,250,250,250" oya="0" hai0="26,131,82,66,64,3,121,44,90,8,125,69,30" hai1="130,23,49,119,112,67,98,127,109,97,21,104,80" hai2="103,117,86,6,72,34,126,135,17,28,89,4,107" hai3="123,46,81,129,62,15,31,43,0,41,20,99,120"/><T10/><D125/><U79/><E119/><V27/><F72/><W71/><G0/><T105/><D121/><N who="3" m="46665" /><G81/><T33/><D105/><U115/><E109/><V88/><F126/><W57/><G71/><T100/><D100/><N who="1" m="62479" /><E127/><V93/><F117/><W12/><G129/><T52/><D131/><U14/><E130/><V116/><F116/><W36/><G43/><T87/><D66/><U47/><E98/><V18/><F107/><W25/><G99/><T122/><D122/><U83/><E67/><AGARI ba="0,0" hai="12,15,20,25,31,36,41,46,57,62,67" m="46665" machi="67" ten="30,1000,0" yaku="13,1" doraHai="84" who="3" fromWho="1" sc="250,0,250,-10,250,0,250,10" /><INIT seed="1,0,0,0,3,91" ten="250,240,250,260" oya="1" hai0="114,134,107,55,81,95,125,106,32,59,43,37,65" hai1="69,21,117,41,54,74,97,85,28,71,45,89,44" hai2="4,57,48,116,34,68,62,30,127,13,27,83,3" hai3="17,105,20,6,113,96,1,115,131,84,42,70,79"/><U77/><E117/><V112/><F116/><W88/><G70/><T12/><D114/><U60/><E97/><V135/><F135/><W119/><G119/><T120/><D134/><U51/><E74/><V82/><F112/><W72/><G42/><T129/><D125/><U101/><E101/><V23/><F127/><W76/><G76/><T8/><D32/><U111/><E77/><V15/><F68/><W39/><G39/><T24/><D120/><U108/><E28/><V56/><F15/><N who="3" m="9279" /><G6/><T49/><D129/><U11/><E21/><V38/><F38/><W2/><G1/><T33/><D65/><U100/><E100/><V36/><F36/><W93/><G2/><T102/><D81/><U126/><E126/><V7/><F7/><W35/><G35/><T52/><D55/><U99/><E99/><V29/><F29/><W53/><G53/><T9/><D37/><N who="1" m="21551" /><E11/><V5/><F5/><W104/><G104/><T67/><D43/><U109/><E60/><V78/><F78/><W26/><G26/><T92/><D67/><U22/><E22/><V86/><F34/><W63/><G63/><T14/><D106/><U50/><E50/><V124/><F62/><W75/><G75/><T73/><D107/><U25/><E25/><V31/><F31/><W128/><G115/><T133/><D133/><U80/><AGARI ba="0,0" hai="45,51,54,69,71,80,85,89,108,109,111" m="21551" machi="80" ten="30,3000,0" yaku="14,1,10,1" doraHai="91" who="1" fromWho="1" sc="250,-10,240,30,250,-10,260,-10" /><INIT seed="1,1,0,3,3,73" ten="240,270,240,250" oya="1" hai0="69,98,120,103,4,71,108,31,87,126,96,76,58" hai1="61,8,66,57,102,114,51,134,24,55,67,0,18" hai2="47,32,48,110,56,6,59,123,82,81,64,92,99" hai3="17,30,106,84,39,28,26,54,116,119,75,42,105"/><U22/><E114/><V11/><F123/><W83/><G75/><T1/><D120/><U78/><E134/><V21/><F32/><N who="3" m="20503" /><G30/><T97/><D31/><U13/><E0/><V89/><F21/><W91/><G54/><T45/><D126/><U117/><E117/><N who="3" m="45130" /><G17/><T127/><D127/><U100/><E78/><V29/><F29/><W109/><G109/><T34/><D108/><U95/><E95/><V132/><F132/><W128/><G128/><T72/><D34/><U122/><E122/><V12/><F110/><W94/><G94/><T52/><D103/><U40/><E40/><V46/><F46/><AGARI ba="1,0" hai="39,42,46,83,84,91,105,106" m="45130,20503" machi="46" ten="30,1000,0" yaku="12,1" doraHai="73" who="3" fromWho="2" sc="240,0,270,0,240,-13,250,13" /><INIT seed="2,0,0,3,1,3" ten="240,270,227,263" oya="2" hai0="58,41,80,61,119,122,14,99,28,96,132,129,91" hai1="25,52,74,65,92,7,23,43,79,46,33,9,128" hai2="1,105,35,95,117,114,88,34,36,0,10,51,63" hai3="87,17,134,86,26,5,103,76,64,60,118,49,40"/><V62/><F105/><W29/><G118/><T42/><D122/><U123/><E33/><V6/><F36/><W67/><G103/><T73/><D119/><U121/><E128/><V22/><F117/><W54/><G40/><T112/><D112/><U12/><E65/><V111/><F114/><W47/><G5/><T102/><D132/><U4/><E92/><V133/><F0/><W55/><G29/><T97/><D129/><U30/><E4/><V98/><F133/><W71/><G71/><T104/><D28/><U31/><E31/><V57/><F111/><W39/><G39/><T20/><D102/><U77/><E52/><V16/><F51/><W106/><G106/><T94/><D73/><U126/><E126/><V116/><F63/><W124/><G124/><T69/><D69/><U120/><REACH who="1" step="1"/><E74/><REACH who="1" ten="240,260,227,263" step="2"/><V82/><F116/><W66/><G67/><N who="0" m="39351" /><D104/><U15/><E15/><V68/><F68/><W83/><G66/><T81/><D94/><U84/><E84/><V8/><F82/><W18/><G83/><T90/><D81/><U11/><E11/><V59/><F10/><W130/><G130/><T110/><D80/><U44/><E44/><V48/><F62/><W113/><G60/><T115/><D14/><U85/><E85/><V27/><F59/><W45/><G64/><T108/><D108/><U89/><E89/><N who="0" m="33801" /><D110/><U135/><E135/><V24/><F24/><W72/><G134/><T56/><D56/><U53/><E53/><V38/><F35/><W101/><G113/><T70/><D70/><U50/><AGARI ba="0,1" hai="7,9,12,23,25,30,43,46,50,77,79,120,121,123" machi="50" ten="30,8000,1" yaku="1,1,0,1,13,1,52,1,53,1" doraHai="3" doraHaiUra="37" who="1" fromWho="1" sc="240,-20,260,90,227,-40,263,-20" /><INIT seed="3,0,0,2,4,20" ten="220,350,187,243" oya="3" hai0="4,124,96,38,24,106,70,55,74,110,25,131,64" hai1="118,63,104,7,40,86,87,18,9,117,79,57,121" hai2="134,125,61,94,33,98,78,103,108,105,52,90,129" hai3="5,12,3,85,76,21,19,41,59,30,133,91,8"/><W22/><G41/><T116/><D116/><N who="1" m="44651" /><E121/><V66/><F125/><W60/><G76/><T71/><D38/><U32/><E104/><V95/><F134/><W92/><G133/><T34/><D124/><U27/><E79/><V77/><F33/><W2/><G30/><T39/><D39/><U28/><E18/><V84/><F129/><W102/><G102/><T31/><D74/><U126/><E40/><V48/><F105/><W11/><G3/><T88/><D131/><U93/><E93/><V14/><F14/><W68/><G68/><T43/><D43/><U115/><E115/><V123/><F123/><W54/><AGARI ba="0,0" hai="2,5,8,11,12,19,21,22,54,59,60,85,91,92" machi="54" ten="20,2100,0" yaku="0,1,7,1" doraHai="20" who="3" fromWho="3" sc="220,-7,350,-7,187,-7,243,21" /><INIT seed="3,1,0,2,4,72" ten="213,343,180,264" oya="3" hai0="103,20,4,83,110,15,115,132,114,35,88,34,102" hai1="53,32,90,22,66,58,104,33,36,82,48,129,117" hai2="62,60,47,52,5,92,24,46,121,124,28,30,123" hai3="45,13,75,93,101,127,98,135,126,31,16,86,0"/><W69/><G69/><T10/><D132/><U133/><E36/><V80/><F5/><W105/><G75/><T7/><D110/><U61/><E104/><V18/><F124/><N who="3" m="47659" /><G0/><T81/><D20/><U78/><E133/><V122/><F92/><W113/><G113/><N who="0" m="43019" /><D7/><U64/><E64/><V8/><F8/><N who="3" m="6183" /><G31/><N who="2" m="11817" /><F80/><N who="0" m="30794" /><D88/><U109/><E109/><V77/><F77/><W99/><G86/><T134/><D134/><U1/><E1/><V111/><F111/><W41/><G135/><T125/><D125/><U85/><E85/><V71/><F71/><W40/><G45/><N who="2" m="16905" /><F18/><W107/><G107/><T108/><D108/><U25/><E25/><V27/><F52/><W11/><G11/><T6/><D6/><U49/><E53/><V74/><F74/><W118/><G118/><T95/><D95/><U21/><E117/><V56/><F56/><W84/><G84/><T97/><D97/><U116/><E116/><V106/><F106/><W23/><G23/><T119/><D119/><U39/><E22/><V73/><F73/><W44/><G44/><T65/><D65/><U63/><E21/><V112/><F112/><W76/><G76/><T50/><D50/><U87/><E78/><V94/><F94/><W3/><G3/><T59/><D59/><U96/><E58/><V9/><F9/><W43/><G43/><T17/><D4/><U120/><E48/><V91/><F91/><AGARI ba="1,0" hai="40,41,91,93,98,99,101,105" m="6183,47659" machi="91" ten="30,2900,0" yaku="18,1,54,1" doraHai="72" who="3" fromWho="2" sc="213,0,343,0,180,-32,264,32" /><INIT seed="3,2,0,2,1,57" ten="213,343,148,296" oya="3" hai0="48,23,5,21,51,52,82,86,128,81,109,116,102" hai1="16,115,72,132,61,41,73,126,101,104,19,56,58" hai2="60,89,87,29,12,18,1,114,47,31,69,123,68" hai3="106,99,124,96,15,64,39,24,103,93,92,62,117"/><W22/><G39/><T35/><D116/><U127/><E115/><V85/><F114/><W54/><G117/><T49/><D35/><U74/><E132/><V59/><F1/><W131/><G131/><T3/><D109/><U27/><E41/><V42/><F123/><W66/><G106/><T122/><D122/><U45/><E45/><V10/><F69/><W9/><G54/><T14/><D128/><U70/><E70/><V108/><F68/><W7/><G62/><T13/><D102/><U129/><E129/><V71/><F71/><W88/><G124/><N who="1" m="47658" /><E56/><V44/><F87/><W97/><G97/><T119/><D3/><U95/><E104/><V78/><F78/><W33/><G33/><T38/><D38/><U91/><E27/><V2/><F2/><W17/><AGARI ba="2,0" hai="7,9,15,17,22,24,64,66,88,92,93,96,99,103" machi="17" ten="20,7800,0" yaku="0,1,7,1,8,1,54,1" doraHai="57" who="3" fromWho="3" sc="213,-28,343,-28,148,-28,296,84" owari="185,-21.0,315,12.0,120,-38.0,380,47.0" /></mjloggm>