<mjloggm ver="2.3"><GO type="97" lobby="0"/><UN n0="%E3%81%93%E3%81%AE%E7%AC%91%E9%A1%94%E5%AE%88%E3%82%8A%E3%81%9F%E3%81%84" n1="%E5%8F%AA%E9%87%8E%E4%BB%81" n2="%E3%83%88%E3%83%88%E3%83%AA%E5%85%88%E7%94%9F%31%39%E6%AD%B3" n3="%6E%79%6C%6F%6E%36%36%38" dan="15,14,15,13" rate="1974.08,2003.32,2076.02,1867.33" sx="M,M,F,M"/><TAIKYOKU oya="0"/><INIT seed="0,0,0,3,1,76" ten="250,250,250,250" oya="0" hai0="116,52,56,47,45,5,131,2,21,31,75,43,30" hai1="25,135,110,105,26,125,126,15,70,12,111,104,0" hai2="123,49,14,112,102,95,67,115,1,94,79,101,122" hai3="88,13,90,8,48,119,58,54,11,29,50,24,17"/><T71/><D116/><U98/><E98/><V92/><F1/><W46/><G119/><T99/><D71/><U84/><E84/><V128/><F49/><W72/><G72/><T27/><D75/><U60/><E60/><V86/><F14/><N who="1" m="5161" /><E70/><V32/><F67/><W3/><G3/><T83/><D131/><U74/><E74/><V41/><F32/><W120/><G120/><N who="2" m="46121" /><F41/><W62/><G48/><T28/><D99/><U6/><E6/><V91/><F79/><W23/><REACH who="3" step="1"/><G8/><REACH who="3" ten="250,250,250,240" step="2"/><T33/><D2/><U63/><E0/><V36/><F36/><W44/><G44/><T80/><D33/><U124/><E63/><V77/><F128/><W7/><G7/><T121/><D5/><U65/><E135/><V55/><F115/><W134/><G134/><T61/><D121/><U68/><E68/><V40/><F112/><W69/><G69/><T107/><D107/><N who="1" m="41035" /><E65/><AGARI ba="0,1" hai="11,13,17,23,24,29,46,50,54,58,62,65,88,90" machi="65" ten="30,8000,1" yaku="1,1,7,1,8,1,54,1,53,1" doraHai="76" doraHaiUra="18" who="3" fromWho="1" sc="250,0,250,-80,250,0,240,90" /><INIT seed="1,0,0,1,1,58" ten="250,170,250,330" oya="1" hai0="41,82,134,127,101,90,119,0,62,95,117,78,121" hai1="52,106,68,55,72,135,73,28,23,98,6,128,57" hai2="4,79,40,47,86,35,99,123,94,65,60,116,43" hai3="19,37,133,5,122,63,29,131,111,124,66,83,26"/><U77/><E68/><V31/><F116/><W126/><G37/><T39/><D0/><U64/><E128/><V88/><F123/><W71/><G122/><T103/><D39/><U105/><E135/><V130/><F130/><W48/><G131/><T46/><D41/><U51/><E6/><V14/><F35/><W87/><G133/><T1/><D1/><U16/><E28/><V69/><F31/><W84/><G5/><T96/><D46/><U22/><E64/><V74/><F74/><W100/><G100/><N who="0" m="38475" /><D121/><U2/><E2/><V42/><F79/><W21/><G48/><T7/><D7/><U104/><E98/><V53/><F53/><W33/><G111/><T107/><D62/><U76/><E55/><V38/><REACH who="2" step="1"/><F99/><REACH who="2" ten="250,170,240,330" step="2"/><W75/><G75/><T114/><D96/><U34/><E73/><V9/><AGARI ba="0,1" hai="4,9,14,38,40,42,43,47,60,65,69,86,88,94" machi="9" ten="30,8000,1" yaku="1,1,2,1,0,1,52,1,54,1,53,0" doraHai="58" doraHaiUra="45" who="2" fromWho="2" sc="250,-20,170,-40,240,90,330,-20" /><INIT seed="2,0,0,4,4,124" ten="230,130,330,310" oya="2" hai0="82,51,57,89,61,10,4,20,96,52,112,15,45" hai1="48,26,131,86,93,108,40,68,14,121,135,81,85" hai2="90,94,25,58,126,62,91,21,23,64,35,9,118" hai3="56,77,44,55,71,29,92,128,67,63,66,39,104"/><V7/><F118/><W73/><G104/><T6/><D112/><U123/><E68/><V75/><F75/><W98/><G29/><T24/><D6/><U127/><E26/><V113/><F113/><W31/><G31/><T28/><D82/><U33/><E33/><V111/><F126/><W12/><G77/><T30/><D30/><U133/><E14/><N who="2" m="5439" /><F35/><W32/><G73/><T3/><D3/><U97/><E127/><V43/><F43/><N who="3" m="22655" /><G12/><T47/><D51/><U100/><E48/><V119/><F111/><W38/><G32/><T105/><D105/><U87/><E40/><V16/><F119/><W106/><G106/><T74/><D74/><U34/><E34/><V59/><F94/><AGARI ba="0,0" hai="4,10,15,20,24,28,45,47,52,57,61,89,94,96" machi="94" ten="40,2600,0" yaku="8,1,54,1" doraHai="124" who="0" fromWho="2" sc="230,26,130,0,330,-26,310,0" /><INIT seed="3,0,0,3,1,57" ten="256,130,304,310" oya="3" hai0="2,23,125,81,17,7,32,44,100,103,51,14,67" hai1="123,85,56,48,65,12,64,11,72,119,30,102,120" hai2="31,113,107,101,9,22,16,26,71,46,82,28,15" hai3="76,36,6,8,61,129,63,33,47,92,104,131,29"/><W59/><G104/><T105/><D125/><U118/><E72/><V10/><F113/><W121/><G59/><T75/><D32/><U84/><E30/><N who="2" m="17751" /><F71/><W93/><G76/><T3/><D3/><U99/><E12/><N who="2" m="7183" /><F107/><W69/><G69/><T60/><D105/><N who="1" m="63711" /><E11/><V27/><F27/><N who="3" m="18623" /><G36/><T52/><D2/><U114/><E48/><V62/><F101/><W111/><G47/><T79/><D7/><U117/><E56/><AGARI ba="0,0" hai="14,17,23,44,51,52,56,60,67,75,79,81,100,103" machi="56" ten="30,3900,0" yaku="7,1,52,1,54,1" doraHai="57" who="0" fromWho="1" sc="256,39,130,-39,304,0,310,0" owari="295,-10.0,91,-41.0,304,10.0,310,41.0" /></mjloggm>