<mjloggm ver="2.3"><GO type="225" lobby="0"/><UN n0="%E3%83%88%E3%83%88%E3%83%AA%E5%85%88%E7%94%9F%31%39%E6%AD%B3" n1="%6B%61%6D%6F%73%75%6B%65" n2="%E5%B8%82%E5%B7%9D%E8%BF%B7%E7%A0%82" n3="%E6%B4%BE%E9%81%A3%E3%81%AE%E3%82%B8%E3%83%A3%E3%83%83%E3%82%AF" dan="16,16,16,17" rate="2104.82,2196.17,2181.54,2172.38" sx="F,M,F,M"/><TAIKYOKU oya="0"/><INIT seed="0,0,0,2,0,24" ten="250,250,250,250" oya="0" hai0="55,25,120,32,76,11,135,52,2,44,103,27,63" hai1="110,79,59,133,118,18,68,36,94,34,108,57,87" hai2="127,88,116,40,51,102,50,47,121,97,54,19,41" hai3="64,123,8,12,86,37,56,98,82,38,35,43,101"/><T69/><D120/><U126/><E36/><V85/><F121/><W13/><G123/><T96/><D135/><U75/><E68/><V113/><F113/><W17/><G35/><T7/><D76/><U23/><E118/><V16/><F116/><W65/><G43/><T91/><D91/><U6/><E34/><V39/><F127/><W73/><G73/><T46/><D27/><U111/><E6/><V10/><F10/><W132/><G132/><T117/><D117/><U3/><E3/><V114/><F114/><W49/><G37/><T119/><D119/><U26/><E133/><V84/><F39/><W71/><G38/><T45/><D69/><U29/><E126/><V31/><F31/><W95/><G71/><T124/><D124/><U107/><E107/><V90/><F41/><W100/><G100/><T66/><D66/><U42/><E42/><V130/><F130/><W72/><G72/><T105/><REACH who="0" step="1"/><D63/><REACH who="0" ten="240,250,250,250" step="2"/><U4/><E79/><V80/><F102/><W99/><G65/><T58/><D58/><N who="1" m="22027" /><E75/><V92/><REACH who="2" step="1"/><F97/><REACH who="2" ten="240,250,240,250" step="2"/><W109/><G98/><T122/><D122/><U81/><E111/><V70/><F70/><W104/><G109/><T74/><D74/><U125/><E125/><V48/><F48/><W21/><G49/><T60/><D60/><U93/><E110/><V89/><F89/><W30/><G99/><T62/><D62/><U61/><E61/><V106/><F106/><W53/><G104/><T77/><D77/><U78/><E78/><V1/><F1/><W22/><G64/><T134/><D134/><U115/><E108/><V20/><F20/><RYUUKYOKU ba="0,2" sc="240,15,250,-15,240,15,250,-15" hai0="2,7,11,25,32,44,45,46,52,55,96,103,105" hai2="16,19,40,47,50,51,54,80,84,85,88,90,92" /><INIT seed="0,1,2,0,2,71" ten="255,235,255,235" oya="0" hai0="84,29,4,113,102,17,109,39,107,64,2,78,57" hai1="90,122,19,68,59,46,133,117,121,35,24,130,135" hai2="53,30,98,61,5,100,104,115,131,82,80,74,58" hai3="51,86,66,23,28,47,36,75,3,72,50,1,73"/><T62/><D113/><U8/><E68/><V67/><F115/><W129/><G66/><T55/><D109/><U124/><E59/><V85/><F131/><W127/><G129/><T41/><D29/><N who="1" m="19879" /><E130/><V49/><F30/><W60/><G60/><T63/><D17/><U11/><E90/><V128/><F128/><W12/><G127/><T97/><D78/><U111/><E46/><V126/><F126/><W132/><G132/><N who="1" m="50762" /><E124/><V123/><F123/><N who="1" m="47113" /><E111/><V76/><F5/><W37/><G47/><T105/><D63/><U15/><E117/><V83/><REACH who="2" step="1"/><F74/><REACH who="2" ten="255,235,245,235" step="2"/><W91/><G72/><T125/><D125/><U54/><E54/><V56/><AGARI ba="1,3" hai="49,53,56,58,61,67,76,80,82,83,85,98,100,104" machi="56" ten="20,8000,1" yaku="1,1,2,1,0,1,7,1,53,1" doraHai="71" doraHaiUra="94" who="2" fromWho="2" sc="255,-41,235,-21,245,113,235,-21" /><INIT seed="1,0,0,3,4,126" ten="214,214,358,214" oya="1" hai0="11,14,111,102,130,89,48,118,87,99,50,47,60" hai1="30,101,58,129,109,82,106,90,65,31,55,8,115" hai2="113,86,40,12,28,122,64,100,77,24,54,36,92" hai3="124,9,19,46,52,33,44,15,32,56,16,114,98"/><U7/><E115/><V112/><F122/><W125/><G114/><N who="2" m="44137" /><F64/><W29/><G98/><T94/><D118/><U123/><E123/><V93/><F54/><W105/><G105/><T39/><D111/><U121/><E121/><V27/><F12/><W110/><G110/><T79/><D130/><U63/><E109/><V25/><F100/><W45/><G19/><T20/><D79/><U4/><E4/><V41/><F28/><W68/><G68/><T116/><D116/><U6/><E6/><V61/><F61/><W74/><G74/><T133/><D14/><U117/><E117/><V22/><F22/><W35/><REACH who="3" step="1"/><G29/><REACH who="3" ten="214,214,358,204" step="2"/><T95/><D102/><U43/><E101/><V104/><F104/><W66/><G66/><T135/><D99/><U59/><E106/><V42/><F36/><W96/><G96/><T10/><D39/><U53/><E65/><V62/><F62/><AGARI ba="0,1" hai="9,15,16,32,33,35,44,45,46,52,56,62,124,125" machi="62" ten="50,6400,0" yaku="1,1,54,2,53,0" doraHai="126" doraHaiUra="83" who="3" fromWho="2" sc="214,0,214,0,358,-64,204,74" /><INIT seed="2,0,0,3,2,122" ten="214,214,294,278" oya="2" hai0="98,95,128,52,119,11,31,50,99,51,114,55,130" hai1="22,72,117,96,131,13,89,108,127,54,112,120,105" hai2="124,82,129,10,88,33,106,62,132,94,15,32,110" hai3="0,65,60,25,91,101,35,107,77,134,36,133,63"/><V45/><F106/><W49/><G36/><T8/><D114/><U27/><E112/><V26/><F132/><W123/><G123/><T113/><D113/><U103/><E120/><V18/><F129/><N who="0" m="49770" /><D119/><U9/><E131/><V76/><F124/><W71/><G0/><T4/><D31/><U37/><E117/><V100/><F100/><W17/><G77/><T23/><D23/><U40/><E127/><V102/><F102/><W58/><G49/><N who="0" m="18443" /><D11/><U59/><E72/><V74/><F110/><W83/><G17/><T85/><D85/><U81/><E108/><V115/><F45/><W44/><G44/><T66/><D66/><U125/><E125/><V78/><F78/><W118/><G118/><T2/><D99/><U104/><E37/><V90/><F115/><W39/><G39/><T43/><D43/><U30/><E40/><V47/><F47/><W48/><G48/><T38/><D38/><U86/><E54/><V19/><F62/><W46/><G46/><T57/><D57/><U12/><E59/><V3/><F3/><W53/><G25/><T93/><D93/><U42/><E42/><V126/><F126/><W79/><G35/><T111/><D111/><U6/><E105/><V64/><F64/><W7/><G7/><T56/><D56/><U28/><E28/><V34/><REACH who="2" step="1"/><F94/><REACH who="2" ten="214,214,284,278" step="2"/><W73/><G133/><T21/><D21/><AGARI ba="0,1" hai="10,15,18,19,21,26,32,33,34,74,76,82,88,90" machi="21" ten="40,7700,0" yaku="1,1,2,1,54,1,53,0" doraHai="122" doraHaiUra="80" who="2" fromWho="0" sc="214,-77,214,0,284,87,278,0" /><INIT seed="2,1,0,1,4,48" ten="137,214,371,278" oya="2" hai0="41,116,120,70,18,85,1,49,50,38,81,2,132" hai1="60,115,133,58,80,27,121,6,40,36,32,19,22" hai2="105,104,26,15,33,122,21,59,94,71,91,10,79" hai3="76,95,83,54,134,25,93,14,56,17,34,31,72"/><V75/><F71/><W53/><G134/><T23/><D120/><U109/><E115/><V123/><F33/><W12/><G12/><T68/><D38/><U87/><E32/><V43/><F43/><W13/><G13/><T57/><D132/><U8/><E133/><V29/><F79/><W99/><G56/><T65/><D116/><U103/><E109/><V84/><F75/><W82/><G82/><T73/><D73/><U39/><E40/><V124/><F124/><W4/><G4/><T129/><D129/><U3/><E103/><V119/><F119/><W111/><G93/><T61/><D68/><U74/><E74/><V5/><REACH who="2" step="1"/><F59/><REACH who="2" ten="137,214,361,278" step="2"/><W52/><G111/><T44/><D70/><U100/><E121/><AGARI ba="1,1" hai="5,10,15,21,26,29,84,91,94,104,105,121,122,123" machi="121" ten="40,3900,0" yaku="1,1,2,1,53,0" doraHai="48" doraHaiUra="51" who="2" fromWho="1" sc="137,0,214,-42,361,52,278,0" /><INIT seed="2,2,0,1,0,2" ten="137,172,413,278" oya="2" hai0="118,27,108,117,59,110,67,69,94,126,84,26,16" hai1="11,8,122,25,86,58,74,100,116,32,5,130,66" hai2="72,134,35,119,30,105,95,31,40,50,75,9,37" hai3="121,49,111,18,93,1,20,28,99,53,7,68,120"/><V24/><F119/><N who="0" m="45578" /><D69/><U38/><E116/><V29/><F105/><W63/><G28/><T103/><D126/><U112/><E74/><V114/><F114/><W129/><G111/><N who="0" m="42539" /><D67/><U104/><E112/><V90/><F134/><W3/><G129/><T21/><D59/><U71/><E130/><V101/><F9/><W125/><G63/><T127/><D127/><U60/><E11/><V46/><F101/><W132/><G68/><T133/><D133/><U73/><E86/><V87/><F31/><W98/><G125/><T6/><D6/><U79/><E58/><V34/><F37/><W88/><G132/><T43/><D43/><U76/><E38/><V92/><F92/><W83/><G83/><T113/><D113/><U96/><E122/><V10/><F10/><W19/><G7/><T64/><D64/><U36/><E36/><V22/><F22/><W44/><G20/><T48/><D48/><U23/><E23/><V124/><F124/><W135/><G135/><T78/><D78/><U4/><E8/><V55/><F40/><W41/><G41/><T45/><D45/><U107/><E107/><V91/><F91/><W115/><G115/><T54/><D54/><U42/><E42/><V12/><F12/><W131/><G131/><T65/><D65/><U33/><E33/><V70/><F70/><W106/><G1/><T85/><D27/><AGARI ba="2,0" hai="24,27,29,30,34,35,46,50,55,72,75,87,90,95" machi="27" ten="40,2000,0" yaku="9,1" doraHai="2" who="2" fromWho="0" sc="137,-26,172,0,413,26,278,0" /><INIT seed="2,3,0,3,1,119" ten="111,172,439,278" oya="2" hai0="4,104,74,31,76,33,82,86,5,53,70,84,97" hai1="44,43,18,54,91,134,13,62,98,59,73,0,37" hai2="75,42,17,19,45,100,38,120,32,41,27,110,135" hai3="133,127,90,121,112,105,25,96,24,107,10,55,57"/><V15/><F135/><W77/><G112/><T9/><D70/><U60/><E73/><V8/><F120/><W51/><G77/><T116/><D116/><U87/><E0/><V80/><F100/><W102/><G121/><T12/><D33/><U30/><E30/><V61/><F110/><W3/><G107/><T79/><D31/><U93/><E134/><V117/><F117/><W2/><G2/><T68/><D68/><U131/><E131/><V63/><F42/><W124/><G90/><T122/><D122/><U22/><REACH who="1" step="1"/><E98/><REACH who="1" ten="111,162,439,278" step="2"/><V89/><F75/><W48/><G133/><T11/><D76/><U35/><E35/><V85/><F32/><W71/><G96/><T106/><D53/><U115/><E115/><V113/><F113/><W40/><G3/><T34/><D34/><U125/><E125/><V16/><REACH who="2" step="1"/><F27/><REACH who="2" ten="111,162,429,278" step="2"/><W114/><G25/><T14/><REACH who="0" step="1"/><D106/><REACH who="0" ten="101,162,429,278" step="2"/><U46/><E46/><V1/><F1/><W123/><G105/><T103/><AGARI ba="3,3" hai="4,5,9,11,12,14,74,79,82,84,86,97,103,104" machi="103" ten="30,8000,1" yaku="1,1,2,1,0,1,9,1,53,1" doraHai="119" doraHaiUra="101" who="0" fromWho="0" sc="101,119,162,-23,429,-43,278,-23" /><INIT seed="3,0,0,5,5,77" ten="220,139,386,255" oya="3" hai0="25,97,112,3,28,21,61,105,70,29,33,128,4" hai1="99,41,85,26,48,92,12,95,1,45,81,107,104" hai2="75,51,122,0,55,115,46,72,47,69,6,98,57" hai3="56,5,60,52,133,42,84,125,65,94,135,44,129"/><W89/><G125/><T27/><D128/><U108/><E1/><V80/><F115/><W82/><G129/><T63/><D112/><U24/><E108/><V111/><F111/><W32/><G32/><T110/><D110/><U123/><E123/><V88/><F69/><W73/><G5/><T10/><D70/><U20/><E107/><V34/><F34/><W9/><G9/><T83/><D105/><U14/><E104/><V18/><F18/><W54/><G73/><T39/><D39/><U131/><E131/><V96/><F122/><W19/><G19/><T86/><REACH who="0" step="1"/><D97/><REACH who="0" ten="210,139,386,255" step="2"/><N who="2" m="37482" /><F47/><W116/><G116/><T37/><D37/><U90/><E95/><V22/><F55/><W118/><G118/><T40/><D40/><U36/><E36/><V59/><F22/><W15/><G15/><T134/><D134/><N who="3" m="51209" /><G94/><T17/><D17/><U101/><REACH who="1" step="1"/><E26/><REACH who="1" ten="210,129,386,255" step="2"/><V117/><F117/><W79/><G79/><AGARI ba="0,2" hai="3,4,10,21,25,27,28,29,33,61,63,79,83,86" machi="79" ten="30,3900,0" yaku="1,1,7,1,52,1,53,0" doraHai="77" doraHaiUra="130" who="0" fromWho="3" sc="210,59,129,0,386,0,255,-39" owari="269,7.0,129,-37.0,386,48.0,216,-18.0" /></mjloggm>