<mjloggm ver="2.3"><GO type="225" lobby="0"/><UN n0="%E3%83%88%E3%83%88%E3%83%AA%E5%85%88%E7%94%9F%31%39%E6%AD%B3" n1="%E3%82%B8%E3%83%AB%E3%83%99%E3%83%AB%E3%83%88" n2="%40%64%6F%63%6F%6D%6F" n3="%73%65%6E%75%72%6C" dan="17,16,16,17" rate="2202.38,2158.70,2171.98,2242.53" sx="F,M,M,F"/><TAIKYOKU oya="0"/><INIT seed="0,0,0,4,3,36" ten="250,250,250,250" oya="0" hai0="119,62,127,93,82,123,14,31,6,75,89,95,133" hai1="77,85,53,132,34,87,40,35,25,118,41,116,42" hai2="21,3,80,37,76,98,7,130,30,73,129,43,96" hai3="111,0,104,27,18,11,39,84,107,74,46,51,91"/><T52/><D119/><U54/><E25/><N who="2" m="16687" /><F7/><W24/><G74/><T128/><D123/><U15/><E15/><V70/><F3/><W105/><G39/><T134/><D128/><N who="2" m="49258" /><F70/><W45/><G111/><T106/><D106/><U32/><E132/><N who="0" m="50793" /><D127/><U5/><E5/><V67/><F67/><W33/><G33/><T99/><D31/><U38/><E38/><V12/><F12/><N who="3" m="7455" /><G46/><AGARI ba="0,0" hai="37,43,46,73,76,80,96,98" m="49258,16687" machi="46" ten="30,2000,0" yaku="19,1,52,1" doraHai="36" who="2" fromWho="3" sc="250,0,250,0,250,20,250,-20" /><INIT seed="1,0,0,2,4,118" ten="250,250,270,230" oya="1" hai0="102,15,133,101,128,10,50,68,88,16,27,62,94" hai1="45,42,60,100,87,99,28,111,65,44,63,98,109" hai2="5,89,76,127,36,22,66,2,134,56,31,85,77" hai3="0,3,123,96,6,67,47,40,59,83,71,78,124"/><U64/><E87/><V122/><F122/><W90/><G59/><T73/><D73/><U84/><E84/><V43/><F134/><W35/><G90/><T18/><D133/><U33/><E28/><V97/><F97/><N who="1" m="36873" /><E100/><N who="0" m="38505" /><D68/><U120/><E33/><V29/><F127/><W51/><G96/><N who="0" m="57415" /><D128/><U110/><E120/><V24/><F31/><W86/><G123/><T32/><D32/><U30/><E30/><V61/><F2/><W12/><G35/><T23/><D50/><N who="1" m="26903" /><E45/><V46/><REACH who="2" step="1"/><F5/><REACH who="2" ten="250,250,260,230" step="2"/><W54/><G124/><T69/><D69/><U34/><E34/><V92/><AGARI ba="0,1" hai="22,24,29,36,43,46,56,61,66,76,77,85,89,92" machi="92" ten="20,5200,0" yaku="1,1,2,1,0,1,7,1,53,0" doraHai="118" doraHaiUra="135" who="2" fromWho="2" sc="250,-13,250,-26,260,62,230,-13" /><INIT seed="2,0,0,0,0,25" ten="237,224,322,217" oya="2" hai0="116,86,72,34,30,103,118,125,2,69,13,66,122" hai1="105,115,75,43,7,109,40,106,130,67,128,37,18" hai2="104,83,3,27,32,98,80,36,100,31,110,14,99" hai3="29,51,93,46,65,85,58,55,87,78,119,111,70"/><V124/><F3/><W9/><G119/><N who="0" m="45611" /><D72/><U97/><E75/><V28/><F36/><W6/><G111/><T132/><D2/><U120/><E115/><V121/><F121/><W81/><G70/><T64/><D69/><U76/><E76/><V0/><F0/><W114/><G114/><T134/><D122/><U44/><E120/><V20/><F110/><W71/><G71/><T54/><D125/><U12/><E67/><N who="0" m="25641" /><D103/><U96/><E7/><V112/><F100/><W89/><G29/><T117/><D117/><U84/><E84/><V52/><F28/><W50/><G65/><T24/><D13/><U4/><E4/><V127/><F14/><N who="3" m="5431" /><G46/><T53/><D86/><U131/><E109/><V123/><F123/><W79/><G79/><T59/><D53/><U126/><E43/><V94/><F112/><W135/><G135/><T10/><D10/><N who="1" m="6423" /><E126/><V38/><F124/><W1/><G1/><T33/><D33/><U77/><E77/><V62/><F32/><W113/><G113/><T42/><D42/><U17/><E17/><V88/><F127/><W107/><G107/><AGARI ba="0,0" hai="37,40,44,96,97,105,106,107,128,130,131" m="6423" machi="107" ten="40,1300,0" yaku="19,1" doraHai="25" who="1" fromWho="3" sc="237,0,224,13,322,0,217,-13" /><INIT seed="3,0,0,0,5,89" ten="237,237,322,204" oya="3" hai0="14,38,33,123,108,66,107,36,46,83,88,105,10" hai1="39,118,12,41,4,85,16,119,71,50,98,110,44" hai2="124,61,103,13,63,114,43,3,106,75,19,64,101" hai3="120,76,129,6,0,27,18,24,113,11,26,42,99"/><W104/><G120/><T94/><D123/><U81/><E71/><V121/><F75/><W80/><G113/><T127/><D33/><U1/><E110/><V25/><F3/><W57/><G129/><T59/><D108/><U111/><E111/><V87/><F114/><W30/><G42/><T117/><D117/><U28/><E28/><V128/><F25/><W29/><G18/><T15/><D127/><U102/><E39/><V73/><F73/><W62/><G104/><T116/><D116/><U96/><E1/><V56/><F63/><W134/><G134/><T82/><D66/><U20/><E4/><V51/><F106/><W135/><G99/><T130/><D130/><U100/><E98/><V90/><F124/><W49/><G49/><T68/><D68/><U74/><E74/><V55/><F43/><W45/><G45/><T53/><D105/><U72/><E72/><V37/><F37/><W35/><G135/><T7/><D107/><U95/><REACH who="1" step="1"/><E102/><REACH who="1" ten="237,227,322,204" step="2"/><V21/><F121/><W131/><G131/><T34/><D38/><U8/><E8/><V9/><F9/><W122/><G122/><T112/><D112/><U84/><E84/><V32/><F128/><W2/><G2/><T58/><D36/><U93/><E93/><N who="2" m="54495" /><F32/><W48/><G48/><N who="0" m="28823" /><D34/><U69/><E69/><AGARI ba="0,1" hai="13,19,21,51,55,56,61,64,69,101,103" m="54495" machi="69" ten="30,2000,0" yaku="25,1,52,1" doraHai="89" who="2" fromWho="1" sc="237,0,227,-20,322,30,204,0" owari="237,4.0,207,-19.0,352,45.0,204,-30.0" /></mjloggm>