<mjloggm ver="2.3"><GO type="97" lobby="0"/><UN n0="%E4%BD%90%E8%97%A4%E3%83%95%E3%83%AA%E3%83%BC%E3%82%B6" n1="%E5%B0%B1%E6%B4%BB%E7%94%9F%40%E5%B7%9D%E6%9D%91%E8%BB%8D%E5%9B%A3" n2="%65%67%69%73%68%6F%32" n3="%72%79%75%2D%74%61%6E" dan="14,14,15,13" rate="1938.66,1949.87,2061.30,1871.37" sx="F,M,M,M"/><TAIKYOKU oya="0"/><INIT seed="0,0,0,4,4,83" ten="250,250,250,250" oya="0" hai0="51,55,71,128,133,17,5,95,30,110,61,65,113" hai1="21,90,48,57,53,22,130,56,7,131,13,103,28" hai2="125,38,27,66,42,98,59,121,72,81,94,49,3" hai3="114,25,124,91,29,31,87,32,111,97,115,99,86"/><T117/><D117/><U122/><E122/><V12/><F3/><W119/><G119/><T41/><D113/><N who="3" m="43017" /><G25/><T1/><D133/><U23/><E103/><V100/><F38/><W24/><G24/><T50/><D128/><N who="1" m="49195" /><E28/><N who="3" m="10826" /><G91/><T132/><D132/><U88/><E57/><V68/><F68/><W45/><G45/><T33/><D110/><U58/><E58/><V46/><F121/><W35/><G111/><T26/><D17/><U11/><AGARI ba="0,0" hai="7,11,13,21,22,23,48,53,56,88,90" m="49195" machi="11" ten="40,2700,0" yaku="19,1,54,1" doraHai="83" who="1" fromWho="1" sc="250,-13,250,27,250,-7,250,-7" /><INIT seed="1,0,0,2,4,13" ten="237,277,243,243" oya="1" hai0="17,12,124,43,85,108,40,68,64,72,24,109,41" hai1="56,20,36,103,55,27,115,106,4,79,31,0,121" hai2="120,3,131,50,93,33,8,7,105,37,84,87,113" hai3="78,18,25,51,73,123,107,61,58,9,122,30,34"/><U96/><E121/><V97/><F37/><W71/><G107/><T62/><D124/><U133/><E115/><V76/><F105/><W54/><G78/><T23/><D72/><U128/><E36/><V83/><F33/><W2/><G73/><T118/><D118/><U66/><E133/><V100/><F120/><W38/><G38/><T81/><REACH who="0" step="1"/><D24/><REACH who="0" ten="227,277,243,243" step="2"/><U60/><E128/><V125/><F131/><W67/><REACH who="3" step="1"/><G2/><REACH who="3" ten="227,277,243,233" step="2"/><T47/><D47/><U86/><E0/><V53/><F113/><W22/><G22/><T98/><D98/><U74/><E20/><V19/><F125/><W104/><G104/><T129/><D129/><U59/><E96/><V10/><F3/><W65/><G65/><T69/><D69/><U46/><E66/><V48/><F8/><W132/><G132/><T44/><D44/><U111/><E106/><V16/><F10/><W15/><AGARI ba="0,2" hai="9,15,18,25,30,34,51,54,58,61,67,71,122,123" machi="15" ten="30,8000,1" yaku="1,1,0,1,52,1,53,2" doraHai="13" doraHaiUra="117" who="3" fromWho="3" sc="227,-20,277,-40,243,-20,233,100" /><INIT seed="2,0,0,4,5,81" ten="207,237,223,333" oya="2" hai0="23,107,97,82,54,59,47,29,98,133,15,128,22" hai1="0,131,125,2,120,16,19,68,37,106,111,44,116" hai2="87,130,35,64,26,52,30,61,104,118,20,12,126" hai3="7,115,92,51,83,55,119,27,109,105,41,21,65"/><V94/><F104/><W43/><G119/><T31/><D133/><U93/><RYUUKYOKU type="yao9" ba="0,0" sc="207,0,237,0,223,0,333,0" hai1="0,2,16,19,37,44,68,93,106,111,116,120,125,131" /><INIT seed="2,1,0,1,3,7" ten="207,237,223,333" oya="2" hai0="26,57,128,75,37,129,17,116,39,94,125,8,83" hai1="67,98,90,54,44,41,48,0,133,4,51,88,92" hai2="119,105,78,121,24,123,18,30,46,33,47,62,114" hai3="55,120,101,107,100,106,76,16,131,38,58,21,25"/><V23/><F105/><W103/><G120/><T61/><D116/><U91/><E133/><V40/><F119/><W50/><G38/><T73/><D125/><U14/><E0/><V12/><F114/><W66/><G131/><N who="0" m="50251" /><D94/><U6/><E67/><V9/><F78/><W27/><G76/><N who="0" m="44431" /><D75/><U86/><E14/><V96/><F96/><W65/><G65/><N who="0" m="39087" /><D26/><U87/><E98/><V127/><F127/><W102/><N who="3" m="26112" /><DORA hai="69" /><W60/><REACH who="3" step="1"/><G27/><REACH who="3" ten="207,237,223,323" step="2"/><T63/><D63/><U36/><E36/><V112/><F62/><W45/><AGARI ba="1,1" hai="16,21,25,45,50,55,58,60,66,106,107" m="26112" machi="45" ten="40,16000,3" yaku="1,1,2,1,0,1,54,1,53,4" doraHai="7,69" doraHaiUra="132,97" who="3" fromWho="3" sc="207,-41,237,-41,223,-81,323,173" /><INIT seed="3,0,0,3,3,80" ten="166,196,142,496" oya="3" hai0="39,121,82,87,114,67,92,16,38,93,24,48,30" hai1="115,33,123,133,134,7,46,36,55,22,40,37,28" hai2="49,0,1,8,113,56,117,58,26,94,104,91,12" hai3="54,51,72,41,11,75,95,109,89,79,10,69,78"/><W71/><G41/><T118/><D118/><U131/><E131/><V21/><F104/><W83/><G109/><T132/><D121/><U57/><E33/><V5/><F117/><W90/><G90/><T96/><D132/><N who="1" m="50795" /><E115/><V101/><F101/><W29/><G29/><T53/><D39/><N who="1" m="21791" /><E7/><V20/><F20/><W128/><G128/><T120/><D38/><U84/><E123/><V130/><F130/><W63/><G79/><T35/><D120/><U61/><E84/><V42/><F113/><W102/><G102/><T59/><D114/><U15/><E15/><V19/><F42/><W70/><G63/><T76/><D96/><U107/><E107/><V97/><F58/><W50/><G75/><T116/><D116/><U88/><E88/><V85/><F97/><W2/><G2/><T77/><D77/><U68/><E68/><V60/><REACH who="2" step="1"/><F49/><REACH who="2" ten="166,196,132,496" step="2"/><W6/><G51/><T124/><D124/><U3/><E37/><V105/><F105/><W64/><G50/><T108/><D108/><U47/><E22/><V127/><F127/><W13/><G70/><T111/><D111/><U110/><E110/><V14/><F14/><W65/><G13/><T103/><D103/><U86/><E3/><V34/><F34/><W44/><G69/><T25/><D67/><AGARI ba="0,1" hai="0,1,5,8,12,19,21,26,56,60,67,85,91,94" machi="67" ten="30,3900,0" yaku="1,1,7,1,52,1,53,0" doraHai="80" doraHaiUra="135" who="2" fromWho="0" sc="166,-39,196,0,132,49,496,0" owari="127,-37.0,196,0.0,181,-22.0,496,59.0" /></mjloggm>