<mjloggm ver="2.3"><GO type="169" lobby="0"/><UN n0="%E3%83%A1%E3%82%AB%E3%82%BC%E3%83%83%E3%83%88%E3%83%B3" n1="%72%75%6C%79%30%32%30%38" n2="%E3%82%A6%E3%83%AB%E3%83%88%E3%83%A9%E7%AB%8B%E7%9B%B4" n3="%67%75%73%68" dan="17,17,17,16" rate="2157.15,2089.34,2201.38,2052.18" sx="M,M,M,M"/><TAIKYOKU oya="0"/><INIT seed="0,0,0,4,3,22" ten="250,250,250,250" oya="0" hai0="33,8,110,128,0,135,75,5,29,83,49,116,32" hai1="59,92,39,80,126,88,6,44,95,124,112,27,78" hai2="113,52,111,50,97,68,63,7,72,53,25,96,1" hai3="115,42,35,81,16,62,125,13,26,108,105,66,31"/><T23/><D116/><U17/><E112/><V109/><F72/><W123/><G115/><T36/><D36/><U65/><E6/><V67/><F113/><W9/><G108/><N who="2" m="41545" /><F7/><W134/><G123/><T40/><D110/><U122/><E122/><V85/><F1/><W15/><G105/><T87/><D75/><U51/><E39/><V4/><F4/><W121/><G121/><T55/><D40/><U18/><E59/><N who="2" m="33175" /><F53/><W2/><G2/><T57/><D128/><U19/><E65/><V90/><F25/><W10/><G134/><T12/><D135/><U117/><E117/><V102/><F102/><W94/><G42/><T114/><D114/><U99/><E95/><AGARI ba="0,0" hai="63,67,68,85,90,95,96,97" m="33175,41545" machi="95" ten="30,2000,0" yaku="14,1,54,1" doraHai="22" who="2" fromWho="1" sc="250,0,250,-20,250,20,250,0" /><INIT seed="1,0,0,3,4,100" ten="250,230,270,250" oya="1" hai0="132,2,73,53,118,52,36,56,51,120,92,3,9" hai1="125,69,127,55,98,68,85,49,79,25,101,0,4" hai2="40,30,91,44,93,130,16,11,7,87,99,110,80" hai3="95,128,19,45,58,33,119,135,63,70,23,114,59"/><U113/><E113/><V17/><F130/><W76/><G33/><T1/><D36/><U90/><E79/><V28/><F110/><W41/><G114/><T18/><D73/><U115/><E115/><V103/><F28/><W126/><G128/><T82/><D118/><U112/><E112/><V131/><F30/><W13/><G126/><N who="1" m="48138" /><E25/><V122/><F122/><W22/><G76/><T105/><D105/><N who="1" m="63671" /><E4/><V124/><F124/><W57/><G119/><T75/><D120/><U74/><E0/><V29/><F29/><W106/><G106/><T109/><D109/><U97/><E97/><V86/><F86/><W78/><G78/><T34/><D75/><U24/><E24/><V96/><F96/><W47/><G13/><T50/><D2/><U42/><E42/><V65/><F65/><W129/><G41/><T37/><D1/><U77/><E77/><V21/><F131/><W10/><G129/><T117/><D3/><U134/><E134/><V116/><F116/><W107/><G135/><T102/><D117/><U104/><E104/><V94/><F7/><W14/><G107/><T88/><D132/><U38/><E38/><V111/><F111/><W8/><G14/><N who="0" m="7503" /><D37/><U35/><E35/><V48/><F11/><W71/><G8/><T84/><D34/><U39/><E39/><V5/><F5/><W27/><G10/><T54/><D50/><U121/><E74/><V15/><F17/><W31/><G19/><T108/><D108/><U81/><E121/><V6/><F6/><W61/><G22/><T12/><D12/><U123/><E123/><V89/><F89/><RYUUKYOKU ba="0,0" sc="250,10,230,10,270,10,250,-30" hai0="51,52,53,54,56,82,84,88,92,102" hai1="49,55,68,69,81,85,90" hai2="15,16,21,40,44,48,80,87,91,93,94,99,103" /><INIT seed="1,1,0,1,2,57" ten="260,240,280,220" oya="1" hai0="37,91,60,33,124,27,16,3,11,10,41,73,97" hai1="4,125,115,72,61,43,1,48,79,26,135,39,50" hai2="118,52,85,64,14,82,81,120,35,107,126,92,23" hai3="68,51,133,101,128,56,13,65,31,117,121,100,8"/><U102/><E115/><V34/><F107/><W30/><G121/><T22/><D73/><U42/><E102/><N who="3" m="39530" /><G68/><T78/><D78/><U17/><E135/><V74/><F120/><W62/><G133/><T29/><D124/><U132/><E125/><V88/><F118/><W130/><G51/><T114/><D114/><U90/><E132/><V109/><F126/><W40/><G40/><T46/><D3/><U54/><E43/><V83/><F109/><W19/><G117/><T94/><REACH who="0" step="1"/><D60/><REACH who="0" ten="250,240,280,220" step="2"/><U89/><E61/><V9/><F74/><W129/><AGARI ba="1,1" hai="8,13,19,30,31,56,62,65,128,129,130" m="39530" machi="129" ten="40,2700,0" yaku="19,1,52,1" doraHai="57" who="3" fromWho="3" sc="250,-8,240,-14,280,-8,220,40" /><INIT seed="2,0,0,0,2,16" ten="242,226,272,260" oya="2" hai0="93,114,55,108,81,105,98,69,83,122,134,47,4" hai1="62,58,95,24,73,104,0,102,112,116,84,6,31" hai2="45,99,38,92,68,66,7,76,19,130,135,9,57" hai3="43,90,61,111,20,33,74,27,75,12,41,40,34"/><V67/><F130/><W85/><G111/><T110/><D69/><U65/><E116/><V125/><F125/><W87/><G61/><T96/><D122/><U11/><E112/><V86/><F135/><W30/><G85/><T94/><D114/><U123/><E73/><V124/><F124/><W78/><G78/><T77/><D4/><U129/><E129/><V70/><F68/><W101/><G101/><N who="0" m="62631" /><D55/><U1/><E123/><V115/><F70/><W13/><G75/><N who="0" m="43199" /><D47/><U52/><E104/><V131/><F131/><W120/><G120/><T91/><D134/><U103/><E0/><V128/><F128/><W23/><G74/><T53/><D53/><U79/><E65/><V113/><F115/><W8/><G34/><T36/><D36/><U25/><E25/><V3/><F113/><W39/><G39/><T109/><D83/><U118/><E118/><V54/><F38/><W89/><G13/><T35/><D35/><U107/><E107/><V5/><F45/><W46/><G46/><T50/><D50/><U29/><E29/><V60/><F5/><W82/><REACH who="3" step="1"/><G90/><REACH who="3" ten="242,226,272,250" step="2"/><N who="0" m="55607" /><D109/><U106/><E106/><V21/><F60/><W28/><G28/><T119/><D119/><U126/><E126/><V121/><F121/><W117/><G117/><T88/><D91/><U49/><E62/><V2/><F2/><W18/><AGARI ba="0,1" hai="8,12,18,20,23,27,30,33,40,41,43,82,87,89" machi="18" ten="30,7900,0" yaku="1,1,0,1,52,2,53,0" doraHai="16" doraHaiUra="51" who="3" fromWho="3" sc="242,-20,226,-20,272,-39,250,89" /><INIT seed="3,0,0,1,3,30" ten="222,206,233,339" oya="3" hai0="77,5,7,88,52,112,17,55,118,113,8,73,58" hai1="82,65,79,29,23,108,35,48,124,92,90,71,93" hai2="66,102,78,41,16,111,36,44,122,25,33,47,119" hai3="43,115,87,105,114,83,95,135,75,42,107,40,26"/><W37/><G37/><T11/><D118/><U18/><E108/><V28/><F119/><W132/><G75/><T74/><D17/><U130/><E124/><V80/><F111/><W120/><G95/><T81/><D88/><U12/><E130/><V97/><F122/><W21/><G120/><T121/><D121/><U3/><E65/><V2/><F47/><W86/><G26/><T84/><D84/><N who="3" m="32297" /><G21/><T134/><D134/><N who="3" m="51241" /><G83/><T57/><REACH who="0" step="1"/><D81/><REACH who="0" ten="212,206,233,339" step="2"/><U50/><E82/><V76/><F80/><W19/><G19/><T126/><D126/><U24/><E18/><V10/><F16/><W89/><G89/><T49/><D49/><U70/><E50/><V27/><F76/><AGARI ba="0,1" hai="5,7,8,11,52,55,57,58,73,74,76,77,112,113" machi="76" ten="25,6400,0" yaku="1,1,22,2,54,1,53,0" doraHai="30" doraHaiUra="85" who="0" fromWho="2" sc="212,74,206,0,233,-64,339,0" /><INIT seed="4,0,0,1,5,89" ten="286,206,169,339" oya="0" hai0="90,19,61,134,95,81,37,69,102,5,6,120,28" hai1="51,126,133,63,124,67,16,110,1,84,13,91,44" hai2="47,78,14,114,18,71,12,100,4,36,119,77,41" hai3="129,87,46,52,82,131,25,62,10,104,109,3,35"/><T0/><D37/><U31/><E1/><V58/><F71/><W59/><G104/><T45/><D120/><U27/><E110/><V24/><F114/><W96/><G109/><T93/><D28/><U135/><E27/><V54/><F119/><W64/><G96/><N who="0" m="59663" /><D81/><N who="1" m="49551" /><E31/><V42/><F42/><W34/><G25/><T106/><D106/><U33/><E33/><V55/><F24/><W130/><G3/><T101/><D101/><U68/><E51/><V83/><F100/><W57/><G10/><T75/><D75/><U92/><E92/><V103/><F103/><W115/><G115/><T40/><D0/><U132/><E44/><V30/><F30/><W17/><G46/><T48/><D69/><U123/><E123/><V50/><F83/><W21/><G21/><AGARI ba="0,0" hai="13,16,21,63,67,68,124,126,132,133,135" m="49551" machi="21" ten="30,2000,0" yaku="20,1,54,1" doraHai="89" who="1" fromWho="3" sc="286,0,206,20,169,0,339,-20" /><INIT seed="5,0,0,0,5,0" ten="286,226,169,319" oya="1" hai0="67,135,1,127,81,116,58,57,87,128,56,17,15" hai1="55,27,130,78,35,18,132,46,99,23,98,133,36" hai2="108,125,11,59,97,100,92,5,113,39,22,114,118" hai3="126,31,82,20,37,131,54,121,30,94,64,13,50"/><U52/><E130/><V66/><F39/><W63/><G37/><T123/><D1/><U21/><E35/><V2/><F118/><W51/><G121/><T112/><D116/><U4/><E78/><V107/><F108/><W83/><G50/><T8/><D112/><N who="2" m="43114" /><F125/><W16/><G126/><T9/><D135/><N who="1" m="51787" /><E4/><V34/><F34/><W104/><G94/><T75/><D128/><U32/><E32/><V71/><F22/><W110/><G104/><T80/><D127/><U117/><E117/><V73/><F73/><W68/><G110/><T7/><D75/><U41/><E23/><V134/><F134/><W109/><G109/><T6/><D123/><U84/><E84/><V105/><F71/><W96/><G96/><AGARI ba="0,0" hai="18,21,27,36,41,46,52,55,96,98,99" m="51787" machi="96" ten="30,2900,0" yaku="20,1,54,1" doraHai="0" who="1" fromWho="3" sc="286,0,226,29,169,0,319,-29" /><INIT seed="5,1,0,2,2,45" ten="286,255,169,290" oya="1" hai0="3,94,120,100,57,83,111,36,27,68,40,135,81" hai1="33,97,114,19,77,95,42,90,93,4,15,50,53" hai2="74,124,54,41,13,7,10,89,22,44,128,21,12" hai3="79,55,82,129,105,37,123,110,2,6,104,56,16"/><U72/><E33/><V25/><F124/><W62/><G110/><T17/><D3/><U78/><E114/><V5/><F128/><W61/><G37/><T131/><D68/><U121/><E121/><V67/><F74/><W85/><G123/><T31/><D111/><U38/><E4/><V35/><F67/><W130/><G62/><T49/><D17/><U29/><E29/><N who="2" m="19887" /><F54/><W117/><G117/><T64/><D36/><U119/><E119/><V20/><F89/><W99/><G99/><T127/><D31/><U125/><E125/><V76/><F76/><W75/><G75/><T133/><D64/><U112/><E112/><V108/><F44/><W46/><G46/><T103/><D131/><N who="3" m="50185" /><G16/><T14/><D127/><U28/><E28/><V113/><F41/><W102/><G102/><T134/><D40/><U106/><E106/><V80/><F80/><W122/><G122/><T126/><D83/><U59/><E72/><V96/><F96/><W60/><G60/><T66/><D120/><U88/><E42/><V91/><F91/><W69/><G69/><T92/><D126/><U8/><E38/><V52/><F108/><W84/><G85/><AGARI ba="1,0" hai="8,15,19,50,53,59,77,78,85,88,90,93,95,97" machi="85" ten="30,11600,0" yaku="7,1,8,1,52,1,54,1" doraHai="45" who="1" fromWho="3" sc="286,0,255,119,169,0,290,-119" /><INIT seed="5,2,0,2,0,57" ten="286,374,169,171" oya="1" hai0="49,68,93,6,124,88,91,83,132,133,96,69,4" hai1="1,42,117,55,12,30,41,97,78,87,16,62,7" hai2="2,58,43,48,79,111,98,101,63,104,112,17,82" hai3="40,120,47,89,39,5,51,38,65,100,22,9,130"/><U119/><E30/><V80/><F111/><W10/><G120/><T125/><D49/><U59/><E1/><V36/><F112/><W25/><G100/><T33/><D33/><U85/><E7/><N who="0" m="2601" /><D83/><N who="1" m="47351" /><E119/><V122/><F122/><W34/><G34/><T54/><D54/><U45/><E117/><V64/><F2/><W84/><G65/><T99/><D99/><U46/><E97/><V86/><F17/><W73/><G73/><T26/><D26/><U103/><E87/><V121/><F121/><W29/><G10/><T50/><D50/><U105/><E103/><V44/><REACH who="2" step="1"/><F82/><REACH who="2" ten="286,374,159,171" step="2"/><W74/><G130/><T0/><D0/><U23/><E105/><V134/><F134/><W35/><G35/><T24/><D133/><U11/><E11/><V115/><F115/><W52/><G9/><T60/><D132/><U21/><E21/><V94/><F94/><W110/><G110/><T114/><D93/><U126/><E126/><V128/><F128/><W118/><G118/><T72/><D125/><U70/><E23/><V20/><F20/><W71/><G22/><T53/><D124/><U56/><E16/><V109/><F109/><W61/><G5/><T37/><D114/><U95/><E95/><V31/><F31/><W28/><G28/><T3/><D3/><U106/><E106/><V92/><F92/><W127/><G127/><T81/><D81/><U18/><E18/><V116/><F116/><W102/><G29/><T19/><D19/><U76/><E12/><V32/><F32/><W15/><G15/><T90/><D24/><U14/><E14/><V113/><F113/><RYUUKYOKU ba="2,1" sc="286,-10,374,-10,159,30,171,-10" hai2="36,43,44,48,58,63,64,79,80,86,98,101,104" /><INIT seed="6,3,1,3,1,22" ten="276,364,189,161" oya="2" hai0="116,65,114,72,95,11,126,34,3,14,86,135,42" hai1="71,24,131,67,35,19,56,54,45,97,37,63,18" hai2="33,101,57,5,128,68,106,118,115,58,70,7,87" hai3="107,93,77,27,9,94,55,26,125,113,13,31,112"/><V92/><F118/><W50/><G107/><T69/><D34/><U36/><E131/><V30/><F106/><W49/><G77/><T59/><D3/><U124/><E124/><V83/><F33/><W40/><G40/><T129/><D72/><U119/><E97/><N who="2" m="59559" /><F70/><W122/><G125/><T123/><D69/><U127/><E127/><V2/><F68/><W8/><G31/><T117/><D129/><U47/><E47/><V16/><F2/><W130/><G130/><T20/><D135/><U108/><E45/><V39/><F30/><W84/><G84/><T103/><D86/><U73/><E35/><V41/><F41/><W89/><G13/><T66/><D14/><U132/><E37/><V82/><F39/><W90/><REACH who="3" step="1"/><G55/><REACH who="3" ten="276,364,189,151" step="2"/><T75/><D42/><U28/><E54/><V1/><F128/><W102/><G102/><T38/><D103/><U52/><E52/><V81/><F115/><W98/><G98/><T46/><D114/><U60/><E28/><V133/><F133/><W91/><G91/><T134/><D134/><U111/><E132/><V99/><F99/><W76/><G76/><T110/><D126/><U61/><E73/><V0/><F87/><W104/><G104/><T62/><D75/><U96/><E96/><V12/><F1/><W53/><G53/><T88/><D116/><U80/><E119/><V10/><F0/><W109/><G109/><T85/><D110/><U48/><E111/><V121/><F121/><AGARI ba="3,2" hai="8,9,26,27,49,50,89,90,93,94,112,113,121,122" machi="121" ten="25,8000,1" yaku="1,1,22,2,52,2,53,0" doraHai="22" doraHaiUra="100" who="3" fromWho="2" sc="276,0,364,0,189,-89,151,109" /><INIT seed="7,0,0,1,1,27" ten="276,364,100,260" oya="3" hai0="113,92,125,41,126,61,103,131,84,99,89,123,114" hai1="118,100,52,96,1,98,31,75,69,122,19,62,79" hai2="71,95,115,51,112,120,93,119,106,13,108,110,43" hai3="121,130,23,3,18,101,91,24,5,40,65,44,97"/><W42/><G121/><T59/><D41/><U58/><E1/><V76/><F51/><W39/><G40/><T68/><D68/><U14/><E122/><V49/><F49/><W7/><G130/><T17/><D17/><U53/><E118/><V21/><F43/><W50/><G39/><T81/><D59/><U127/><E127/><N who="0" m="48649" /><D61/><U34/><E75/><V107/><F13/><W35/><G3/><T67/><D67/><U45/><E79/><V73/><F21/><W77/><G65/><T64/><D64/><U33/><E96/><V87/><F71/><W102/><G35/><T48/><D48/><U25/><E69/><V15/><F15/><W117/><G117/><T2/><D2/><U72/><E72/><V135/><F73/><W129/><G129/><T80/><D131/><U54/><E45/><V10/><F10/><W26/><G26/><T29/><D29/><U6/><E6/><N who="3" m="2058" /><G77/><T28/><D28/><U36/><E36/><V109/><F120/><W88/><G97/><T134/><D123/><U12/><E12/><V63/><F63/><W132/><G132/><T55/><D55/><U37/><E37/><V85/><F119/><W111/><G111/><T16/><D16/><U4/><E4/><V78/><F109/><W74/><G74/><T82/><D134/><U70/><E34/><V0/><F0/><W94/><G94/><AGARI ba="0,0" hai="80,81,82,84,89,92,94,99,103,113,114" m="48649" machi="94" ten="40,5200,0" yaku="18,1,34,2" doraHai="27" who="0" fromWho="3" sc="276,52,364,0,100,0,260,-52" owari="328,13.0,364,46.0,100,-40.0,208,-19.0" /></mjloggm>