<mjloggm ver="2.3"><GO type="97" lobby="0"/><UN n0="%28%C2%B4%E3%83%BB%CF%89%E3%83%BB%29%EF%BC%8F" n1="%6D%6F%6D%69%61%67%65%30" n2="%E3%81%9F%E3%81%8B%E3%81%BF%E3%82%84" n3="%E3%83%88%E3%83%88%E3%83%AA%E5%85%88%E7%94%9F%31%39%E6%AD%B3" dan="13,14,13,13" rate="1903.98,1914.61,1847.47,2018.84" sx="M,M,M,F"/><TAIKYOKU oya="0"/><INIT seed="0,0,0,2,1,82" ten="250,250,250,250" oya="0" hai0="41,88,17,96,74,32,86,122,72,135,85,78,116" hai1="132,47,6,89,104,133,84,76,118,58,63,10,22" hai2="70,95,30,27,134,126,97,111,79,18,87,36,14" hai3="33,28,67,11,4,53,37,35,121,83,114,91,12"/><T59/><D32/><U8/><E104/><V24/><F70/><W115/><G121/><T60/><D41/><U98/><E76/><V103/><F36/><W81/><G37/><T34/><D34/><U120/><E98/><V71/><F71/><W2/><G67/><T25/><D122/><U119/><E22/><V1/><F1/><W52/><G35/><T123/><D123/><U40/><E120/><V66/><F66/><W106/><G106/><T50/><D50/><N who="1" m="26983" /><E58/><V108/><F134/><N who="1" m="51817" /><E63/><V94/><F126/><W61/><G61/><T107/><D107/><U7/><E10/><V15/><F15/><W100/><G100/><T113/><D113/><U9/><E9/><V49/><F49/><W29/><G12/><T39/><D39/><U5/><E8/><N who="2" m="6471" /><F30/><W73/><G33/><T13/><D13/><U46/><E46/><V16/><F16/><W54/><G29/><T131/><D131/><U26/><E26/><V57/><F57/><W3/><G28/><T130/><D130/><U64/><E64/><V92/><F27/><W75/><G3/><T125/><D125/><U51/><E51/><V62/><F62/><W129/><G129/><T80/><D116/><U56/><E56/><V19/><F19/><W124/><G124/><T45/><D45/><U93/><AGARI ba="0,0" hai="5,6,7,84,89,93,118,119" m="51817,26983" machi="93" ten="30,2000,0" yaku="20,1,52,1" doraHai="82" who="1" fromWho="1" sc="250,-10,250,20,250,-5,250,-5" /><INIT seed="1,0,0,1,2,33" ten="240,270,245,245" oya="1" hai0="20,135,7,68,40,44,37,131,75,57,15,133,46" hai1="50,28,118,87,97,45,72,62,129,114,88,130,112" hai2="8,43,64,13,24,105,85,99,58,17,79,23,81" hai3="89,19,11,65,38,9,128,32,107,92,125,73,124"/><U48/><E72/><V80/><F43/><W41/><G107/><T56/><D75/><U14/><E28/><V61/><F105/><W106/><G106/><T84/><D15/><U103/><E62/><V26/><F99/><W59/><G73/><T109/><D84/><U70/><E70/><V101/><F101/><W69/><G69/><T127/><D20/><U21/><E118/><V104/><F104/><W83/><G83/><T51/><D7/><U98/><E14/><V6/><F81/><W5/><G32/><T82/><D82/><N who="1" m="49271" /><E21/><V100/><REACH who="2" step="1"/><F100/><REACH who="2" ten="240,270,235,245" step="2"/><W49/><G41/><N who="0" m="22575" /><D109/><U119/><E103/><V54/><F54/><W29/><G65/><T126/><D68/><U52/><E98/><V34/><F34/><W113/><G92/><T117/><D117/><U121/><E97/><V111/><F111/><W42/><G42/><T47/><D131/><U115/><E119/><V60/><F60/><W96/><G128/><N who="1" m="49258" /><E121/><V134/><F134/><N who="0" m="51210" /><D46/><N who="1" m="27671" /><E115/><V71/><F71/><W4/><G113/><T53/><D40/><AGARI ba="0,1" hai="40,45,50,112,114" m="27671,49258,49271" machi="40" ten="30,5800,0" yaku="19,1,54,2" doraHai="33" who="1" fromWho="0" sc="240,-58,270,68,235,0,245,0" /><INIT seed="1,1,0,3,2,62" ten="182,338,235,245" oya="1" hai0="95,72,41,23,18,92,64,115,86,59,70,31,104" hai1="21,133,40,13,124,63,80,43,118,46,97,117,85" hai2="51,19,37,4,53,78,73,54,84,22,39,24,28" hai3="94,20,130,45,49,93,38,107,79,100,5,6,7"/><U10/><E124/><V77/><F73/><W90/><G38/><T34/><D104/><U88/><E133/><V16/><F4/><W71/><G130/><T116/><D72/><U111/><E111/><V55/><F51/><W89/><G71/><T120/><D116/><U106/><E21/><V61/><F61/><W17/><G79/><N who="2" m="30217" /><F39/><W30/><G30/><T122/><D115/><U82/><E82/><V121/><F37/><W112/><G107/><T114/><D114/><U32/><E32/><V68/><F68/><W74/><G74/><T15/><D70/><U29/><E29/><V110/><F110/><W12/><G112/><T113/><D41/><U65/><E106/><V81/><F121/><N who="0" m="46698" /><D113/><U33/><E33/><V119/><F119/><W123/><G123/><T75/><D75/><U134/><E97/><V60/><F60/><W132/><G132/><T1/><D1/><U69/><E134/><V103/><F103/><W26/><G100/><T131/><D131/><U76/><E76/><AGARI ba="1,0" hai="16,19,22,24,28,53,54,55,76,81,84" m="30217" machi="76" ten="30,2000,0" yaku="8,1,54,1" doraHai="62" who="2" fromWho="1" sc="182,0,338,-23,235,23,245,0" /><INIT seed="2,0,0,4,1,30" ten="182,315,258,245" oya="2" hai0="17,75,117,88,74,126,115,9,106,33,133,35,47" hai1="128,13,62,63,6,51,79,18,118,67,102,122,64" hai2="120,20,8,124,45,28,108,61,103,66,31,100,22" hai3="97,99,89,11,53,1,15,78,116,21,65,135,125"/><V104/><F120/><W113/><G116/><T34/><D115/><U52/><E128/><V110/><F124/><W37/><G1/><T38/><D106/><U85/><E102/><N who="2" m="38955" /><F45/><W57/><G37/><T26/><D126/><U16/><E6/><V50/><F104/><W23/><G125/><T134/><D117/><U12/><E118/><V3/><F3/><W68/><G135/><N who="0" m="51723" /><D38/><U43/><E43/><V29/><F50/><W10/><G78/><T93/><D47/><N who="1" m="27775" /><E122/><V129/><F8/><W44/><G44/><T114/><D114/><U56/><E85/><V107/><F107/><W83/><G11/><T27/><D9/><N who="1" m="6159" /><E79/><V54/><F54/><W36/><G36/><T25/><D17/><U90/><E90/><V131/><F61/><N who="1" m="23049" /><E56/><V32/><F32/><N who="0" m="8194" /><T14/><DORA hai="41" /><D14/><U92/><E92/><V98/><F66/><W39/><G65/><T127/><D127/><U71/><E71/><V49/><F49/><N who="3" m="30895" /><G39/><T91/><D91/><U60/><N who="1" m="23057" /><U112/><DORA hai="72" /><E112/><V111/><F98/><AGARI ba="0,0" hai="25,26,27,74,75,88,93,98" m="8194,51723" machi="98" ten="50,12000,2" yaku="20,1,52,4,54,1" doraHai="30,41,72" who="0" fromWho="2" sc="182,120,315,0,258,-120,245,0" /><INIT seed="3,0,0,1,1,28" ten="302,315,138,245" oya="3" hai0="83,126,73,108,105,135,23,5,15,40,32,46,44" hai1="115,79,29,27,51,100,125,2,67,52,133,106,21" hai2="47,24,56,65,90,98,94,130,39,0,131,127,81" hai3="13,104,34,19,59,62,129,30,53,12,123,78,75"/><W55/><G123/><T99/><D105/><U121/><E125/><V11/><F127/><W57/><G129/><N who="2" m="49161" /><F24/><W33/><G104/><T4/><D135/><U87/><E133/><V71/><F71/><W45/><G30/><T6/><D32/><U16/><E121/><V31/><F31/><W112/><G112/><T76/><D108/><U107/><E2/><V22/><F22/><W110/><G110/><T17/><D126/><U18/><E67/><V41/><F11/><W95/><G45/><T96/><REACH who="0" step="1"/><D44/><REACH who="0" ten="292,315,138,245" step="2"/><N who="1" m="27751" /><E107/><V122/><F122/><W85/><G75/><T88/><D88/><U35/><E106/><V84/><F0/><W1/><G1/><T58/><D58/><U97/><E35/><V93/><F98/><W26/><G26/><T68/><D68/><U86/><E115/><V116/><F116/><W69/><G69/><T10/><D10/><U82/><E87/><V113/><F113/><W124/><G124/><T49/><AGARI ba="0,1" hai="4,5,6,15,17,23,40,46,49,73,76,83,96,99" machi="49" ten="30,2000,0" yaku="1,1,0,1,53,0" doraHai="28" doraHaiUra="66" who="0" fromWho="0" sc="292,30,315,-5,138,-5,245,-10" owari="322,42.0,310,11.0,133,-37.0,235,-16.0" /></mjloggm>