<mjloggm ver="2.3"><GO type="193" lobby="0"/><UN n0="%E5%A4%A9%E9%87%8E%E9%9B%80" n1="%E3%81%86%E3%83%BC%E3%82%93" n2="%E9%81%8B%E3%82%B2%E3%83%BC%E3%81%A0%E3%82%88%EF%BC%9F" n3="%E3%83%88%E3%83%88%E3%83%AA%E5%85%88%E7%94%9F%31%39%E6%AD%B3" dan="13,10,11,12" rate="1728.89,1569.27,1604.56,1852.35" sx="M,M,F,F"/><TAIKYOKU oya="0"/><INIT seed="0,0,0,0,1,92" ten="250,250,250,250" oya="0" hai0="123,109,45,10,103,134,29,75,99,79,55,89,88" hai1="95,63,64,3,110,90,43,127,53,50,14,21,62" hai2="36,67,74,84,104,126,23,47,68,105,91,7,46" hai3="11,51,87,22,16,120,86,1,65,38,48,9,24"/><T4/><D123/><U111/><E3/><V33/><F74/><W85/><G38/><T135/><D109/><U32/><E32/><V49/><F33/><W19/><G120/><T35/><D75/><U8/><E43/><V41/><F126/><W58/><G1/><T125/><D79/><U34/><E34/><V118/><F118/><W130/><G130/><T100/><D100/><U114/><E114/><V124/><F124/><W17/><G65/><T52/><D125/><U69/><E127/><V83/><F7/><W129/><G129/><T18/><D18/><N who="3" m="7273" /><G58/><T57/><D45/><U78/><E78/><V30/><F68/><W119/><G119/><T113/><D113/><U117/><E117/><V94/><F67/><W2/><G2/><T25/><D55/><U96/><E21/><V44/><F104/><W121/><G121/><T116/><D116/><U77/><E77/><V0/><F105/><W28/><N who="3" m="7281" /><W131/><DORA hai="12" /><G131/><T73/><D73/><U80/><E80/><V42/><F0/><W54/><G54/><T5/><D5/><U70/><E70/><V72/><F47/><W101/><G101/><T133/><D10/><AGARI ba="0,0" hai="9,10,11,22,24,28,48,51,85,86,87" m="7281" machi="10" ten="40,12000,2" yaku="8,1,52,4,54,1" doraHai="92,12" who="3" fromWho="0" sc="250,-120,250,0,250,0,250,120" /><INIT seed="1,0,0,1,2,17" ten="130,250,250,370" oya="1" hai0="28,15,63,54,119,97,36,33,57,6,111,25,34" hai1="27,81,78,10,124,32,79,51,105,132,72,108,103" hai2="125,99,40,117,1,93,50,3,74,100,55,73,23" hai3="45,101,98,67,42,60,22,115,30,118,95,87,41"/><U62/><E108/><V131/><F117/><W82/><G118/><T44/><D119/><U116/><E116/><V130/><F40/><W77/><G115/><T112/><D112/><U53/><E79/><V113/><F113/><W64/><G64/><T129/><D111/><U0/><E132/><V24/><F125/><W91/><G45/><T47/><D97/><U18/><E124/><V7/><F7/><W102/><G102/><T38/><D34/><U134/><E134/><V76/><F76/><W20/><G30/><T86/><D86/><U123/><E123/><V75/><F3/><W120/><G120/><T83/><D83/><U92/><E105/><V126/><F126/><W127/><G127/><T135/><D38/><U14/><E62/><V90/><F1/><W12/><G12/><T121/><D36/><U21/><E103/><V9/><F9/><W46/><G77/><T68/><D121/><U84/><E0/><V110/><F110/><W16/><G16/><T109/><D135/><U59/><E32/><V48/><F48/><N who="3" m="26703" /><G42/><T69/><D69/><U70/><E70/><V65/><F65/><W29/><G29/><T88/><D68/><U107/><E107/><V39/><F39/><W96/><G96/><T8/><D109/><U71/><E71/><V56/><REACH who="2" step="1"/><F100/><REACH who="2" ten="130,250,240,370" step="2"/><W19/><G67/><T106/><D129/><U133/><E133/><V37/><F37/><W85/><G101/><T104/><REACH who="0" step="1"/><D88/><REACH who="0" ten="120,250,240,370" step="2"/><U4/><E72/><V31/><AGARI ba="0,2" hai="23,24,31,50,55,56,73,74,75,90,93,99,130,131" machi="31" ten="40,5200,0" yaku="1,1,0,1,52,1,53,0" doraHai="17" doraHaiUra="61" who="2" fromWho="2" sc="120,-13,250,-26,240,72,370,-13" /><INIT seed="2,0,0,4,1,29" ten="107,224,312,357" oya="2" hai0="81,70,46,98,15,17,43,18,0,68,73,12,40" hai1="69,62,8,118,90,134,11,13,56,39,114,120,71" hai2="127,129,49,34,53,38,113,130,117,36,9,103,125" hai3="58,30,86,25,66,41,124,63,79,3,121,4,78"/><V52/><F9/><W109/><G121/><T77/><D73/><U92/><E118/><V21/><F21/><N who="3" m="15663" /><G3/><T97/><D77/><N who="3" m="29193" /><G109/><T122/><D81/><U87/><E114/><V101/><F49/><W99/><G124/><N who="2" m="47689" /><F113/><W1/><G1/><T112/><D0/><U102/><E39/><N who="2" m="14891" /><F117/><W95/><G86/><T119/><D46/><U54/><E120/><V83/><F83/><W105/><G105/><T47/><D47/><U115/><E115/><V74/><F74/><W44/><G44/><T5/><D112/><U123/><E123/><V59/><F59/><W14/><G14/><T84/><D122/><U64/><E134/><V128/><F34/><W55/><G4/><T10/><D119/><U104/><E104/><V131/><N who="2" m="33280" /><DORA hai="85" /><V135/><F135/><W133/><G133/><T60/><D60/><U116/><E116/><V26/><F26/><W108/><G41/><T88/><D10/><U111/><E111/><V126/><N who="2" m="47697" /><V94/><DORA hai="67" /><F94/><W19/><G108/><T6/><REACH who="0" step="1"/><D88/><REACH who="0" ten="97,224,312,357" step="2"/><U35/><E11/><V28/><F28/><W50/><G63/><T20/><D20/><U33/><E102/><AGARI ba="0,1" hai="52,53,101,102,103" m="33280,14891,47697" machi="102" ten="80,12000,1" yaku="28,2,18,1,19,1,54,1" doraHai="29,85,67" who="2" fromWho="1" sc="97,0,224,-120,312,130,357,0" /><INIT seed="2,1,0,4,5,89" ten="97,104,442,357" oya="2" hai0="13,94,59,69,22,32,96,61,74,79,56,48,106" hai1="71,20,55,51,53,43,35,58,68,64,118,36,117" hai2="91,41,47,93,8,50,60,11,3,121,73,110,39" hai3="5,80,42,2,86,0,83,84,133,102,87,44,107"/><V100/><F121/><W16/><G133/><T77/><D32/><U85/><E35/><V52/><F73/><W63/><G107/><T27/><D69/><U29/><E29/><V46/><F110/><W34/><G34/><T26/><D74/><U104/><E104/><V103/><F60/><W129/><G129/><T38/><D38/><U105/><E105/><V19/><F3/><W134/><G134/><T122/><D122/><U21/><E85/><V99/><F19/><W72/><G102/><T28/><D13/><U24/><E24/><V88/><F100/><W95/><G72/><T7/><D7/><U45/><E21/><V65/><F65/><W25/><G63/><T9/><D9/><U109/><E20/><V130/><F130/><W115/><G115/><T131/><D131/><U132/><E132/><V120/><F120/><W12/><G25/><T113/><D113/><U135/><E135/><V54/><F54/><W119/><G119/><T125/><D125/><U90/><E90/><V37/><F39/><W78/><G5/><T1/><D1/><U10/><E10/><V75/><F75/><W62/><G62/><T70/><D70/><U123/><E123/><V18/><F11/><N who="3" m="6175" /><G2/><T23/><D106/><U97/><E97/><V30/><F30/><W126/><G126/><T114/><D114/><U6/><E6/><V112/><F112/><W82/><G0/><T40/><D40/><U101/><E101/><V31/><F31/><W67/><G42/><T14/><D28/><U49/><E109/><V128/><F128/><W15/><G83/><T111/><D111/><RYUUKYOKU ba="1,0" sc="97,-10,104,-10,442,30,357,-10" hai2="8,18,37,41,46,47,50,52,88,91,93,99,103" /><INIT seed="2,2,0,1,1,17" ten="87,94,472,347" oya="2" hai0="23,69,61,16,93,95,28,92,85,8,45,80,49" hai1="41,125,25,37,44,72,6,42,124,0,60,74,84" hai2="73,118,100,102,103,59,108,66,31,135,131,35,3" hai3="115,79,50,62,68,56,123,112,75,1,43,104,87"/><V106/><F3/><W122/><G104/><T40/><D69/><U126/><E84/><V90/><F118/><W121/><G1/><T114/><D114/><N who="3" m="43561" /><G75/><T30/><D61/><U127/><N who="1" m="31744" /><DORA hai="82" /><U46/><E25/><V52/><F66/><N who="3" m="41047" /><G87/><T12/><REACH who="0" step="1"/><D8/><REACH who="0" ten="77,94,472,347" step="2"/><N who="1" m="2119" /><E60/><V91/><F135/><W117/><G117/><T29/><D29/><U70/><E70/><V130/><F31/><W51/><G121/><T53/><D53/><U10/><E10/><V21/><F108/><W19/><G122/><T63/><D63/><U11/><E11/><V105/><F73/><W83/><G123/><T99/><D99/><U27/><E27/><V64/><F64/><W88/><G43/><T48/><D48/><U65/><E65/><V81/><F105/><W111/><G51/><T36/><D36/><U71/><E71/><V119/><F106/><W86/><G111/><T39/><D39/><AGARI ba="2,1" hai="37,39,41,42,44,46,72,74" m="2119,31744" machi="39" ten="60,3900,0" yaku="18,1,23,1" doraHai="17,82" who="1" fromWho="0" sc="77,-45,94,55,472,0,347,0" /><INIT seed="3,0,0,1,0,16" ten="32,149,472,347" oya="3" hai0="128,17,49,23,73,43,24,10,70,55,69,83,47" hai1="85,12,25,92,90,4,59,44,68,134,50,101,61" hai2="36,52,113,19,104,30,71,31,107,77,96,35,26" hai3="110,57,88,2,132,62,79,40,42,121,14,34,1"/><W33/><G121/><T97/><D128/><U120/><E134/><V98/><F113/><W100/><G132/><T116/><D116/><U27/><E120/><V11/><F36/><W18/><G100/><T131/><D131/><U7/><E68/><V9/><F71/><W74/><G110/><T64/><D64/><U15/><E101/><V124/><F124/><W54/><G33/><T39/><D73/><U46/><E27/><V86/><F31/><W37/><G34/><T41/><D41/><U106/><E106/><V112/><F112/><W81/><G37/><T109/><D109/><U45/><E25/><V53/><F107/><W115/><G115/><T20/><D10/><U93/><E50/><V8/><F104/><W130/><G130/><T60/><D60/><U133/><E133/><V51/><F53/><W119/><G119/><T3/><D97/><U117/><E117/><V111/><F111/><W89/><G40/><T0/><D83/><U13/><E85/><V125/><F125/><W65/><G42/><T38/><D38/><U56/><E61/><V135/><F135/><W114/><G114/><T6/><D0/><U48/><E90/><V22/><F86/><W80/><G65/><T21/><D70/><U118/><E48/><V78/><F77/><W127/><G127/><T105/><D69/><U28/><E28/><V84/><F84/><N who="3" m="50183" /><G89/><T103/><D3/><U129/><E129/><V67/><F67/><W72/><G72/><T58/><REACH who="0" step="1"/><D6/><REACH who="0" ten="22,149,472,347" step="2"/><U108/><E108/><V5/><F5/><W126/><G126/><T66/><D66/><U75/><E75/><RYUUKYOKU ba="0,1" sc="22,15,149,-15,472,-15,347,15" hai0="17,20,21,23,24,39,43,47,49,55,58,103,105" hai3="1,2,14,18,54,57,62,74,79,81" /><INIT seed="3,1,1,2,1,129" ten="37,134,457,362" oya="3" hai0="43,22,5,92,124,61,106,50,109,31,20,70,131" hai1="28,26,80,34,49,119,103,3,127,66,96,133,117" hai2="56,29,62,114,32,76,25,39,24,38,83,45,0" hai3="91,1,88,79,102,10,48,85,126,97,67,15,53"/><W115/><G115/><T69/><D106/><U100/><E49/><V87/><F114/><W8/><G126/><T40/><D131/><U65/><E3/><V135/><F0/><W122/><G122/><T36/><D124/><U33/><E127/><V86/><F25/><W60/><G1/><T72/><D72/><U4/><E4/><V17/><F17/><W132/><G132/><T58/><D109/><U134/><E80/><V84/><F135/><N who="1" m="51721" /><E96/><V2/><F2/><W27/><G27/><T107/><D107/><U37/><E37/><V73/><REACH who="2" step="1"/><F45/><REACH who="2" ten="37,134,447,362" step="2"/><N who="3" m="27791" /><G10/><T108/><D108/><U89/><E26/><V9/><F9/><W47/><G47/><T23/><D31/><U90/><E28/><V6/><F6/><N who="3" m="3479" /><G102/><N who="1" m="38954" /><E33/><V14/><F14/><W82/><G97/><T63/><D5/><U74/><E34/><V57/><F57/><AGARI ba="1,2" hai="57,60,67,79,82,85,88,91" m="3479,27791" machi="57" ten="30,2900,0" yaku="8,1,54,1" doraHai="129" who="3" fromWho="2" sc="37,0,134,0,447,-32,362,52" /><INIT seed="3,2,0,5,2,49" ten="37,134,415,414" oya="3" hai0="93,118,112,11,47,3,117,51,99,40,124,67,29" hai1="36,31,10,94,103,48,50,7,41,134,109,61,20" hai2="74,80,8,58,87,69,73,17,72,129,18,135,75" hai3="90,111,84,91,79,33,130,78,15,55,122,96,63"/><W52/><G122/><T25/><D112/><U68/><E109/><V97/><F69/><W88/><G33/><T126/><D67/><U60/><E134/><V46/><F75/><W128/><G111/><T54/><D3/><U120/><E120/><V115/><F115/><W43/><G43/><T71/><D71/><U9/><E36/><V121/><F121/><W131/><G15/><T5/><D118/><U106/><E106/><V26/><F135/><W107/><G63/><T19/><D19/><U64/><E41/><V44/><F129/><W34/><G34/><T108/><D117/><U42/><E42/><V0/><F0/><W89/><G107/><T32/><D108/><U65/><E10/><V82/><F97/><W123/><G96/><T81/><D81/><U125/><E125/><V28/><F80/><N who="3" m="49159" /><G123/><T77/><D77/><AGARI ba="2,0" hai="52,55,77,78,79,89,90,91,128,130,131" m="49159" machi="77" ten="40,12000,1" yaku="19,1,52,2,54,2" doraHai="49" who="3" fromWho="0" sc="37,-126,134,0,415,0,414,126" owari="-89,-59.0,134,-27.0,415,22.0,540,64.0" /></mjloggm>