<mjloggm ver="2.3"><GO type="97" lobby="0"/><UN n0="%E5%B0%B1%E6%B4%BB%E7%94%9F%40%E5%B7%9D%E6%9D%91%E8%BB%8D%E5%9B%A3" n1="%E8%91%9B%E5%9F%8E%E6%81%8B%E9%B3%A5" n2="%63%68%69%62%61%61%6B%69" n3="%EF%BC%A0%E3%81%99%E3%81%9A" dan="15,15,13,15" rate="2068.59,1984.54,1836.83,2055.56" sx="M,F,M,M"/><TAIKYOKU oya="0"/><INIT seed="0,0,0,3,5,120" ten="250,250,250,250" oya="0" hai0="29,66,67,65,105,109,59,21,30,47,104,57,78" hai1="112,83,127,72,80,19,44,33,110,52,102,6,13" hai2="49,108,84,60,77,94,31,46,37,133,111,41,76" hai3="45,74,38,70,124,73,99,107,36,134,35,20,82"/><T40/><D78/><U100/><E33/><V68/><F133/><W27/><G35/><T18/><D105/><U122/><E122/><V103/><F37/><W130/><G70/><T132/><D104/><U63/><E72/><V86/><F86/><W129/><G124/><T17/><D132/><U121/><E6/><V71/><F71/><W96/><G134/><T81/><D81/><N who="1" m="31307" /><E110/><N who="2" m="42027" /><F31/><N who="0" m="11786" /><D109/><U56/><E121/><V50/><F50/><W88/><G82/><T128/><D128/><U114/><E127/><V5/><F5/><W2/><G2/><T55/><D40/><U32/><E32/><V118/><F118/><W126/><G45/><T85/><D85/><U69/><E69/><V117/><F117/><W92/><G20/><T43/><D43/><U26/><E44/><V87/><F87/><W1/><G27/><N who="0" m="14767" /><D18/><U9/><E26/><V22/><F22/><W11/><G126/><T125/><D125/><U15/><E15/><V75/><F75/><W48/><G129/><T12/><D12/><U116/><E116/><V54/><F41/><W131/><G73/><T135/><D135/><U64/><E13/><V24/><F24/><W62/><G74/><T79/><D79/><U98/><E19/><V34/><F34/><W95/><G130/><T113/><D113/><U3/><E114/><V93/><F84/><W58/><G131/><T39/><D39/><U53/><E112/><V97/><F94/><N who="3" m="56391" /><G36/><T10/><D10/><U8/><E8/><V89/><F103/><N who="1" m="39465" /><E98/><V7/><F7/><N who="3" m="1519" /><G38/><T16/><D16/><U28/><E28/><V42/><F42/><W119/><G119/><RYUUKYOKU ba="0,0" sc="250,10,250,10,250,10,250,-30" hai0="47,55,57,59,65,66,67" hai1="3,9,52,53,56,63,64" hai2="46,49,54,60,68,76,77,89,93,97" /><INIT seed="0,1,0,0,5,9" ten="260,260,260,220" oya="0" hai0="83,82,40,53,41,112,87,46,92,104,19,100,111" hai1="23,105,36,72,62,57,31,88,130,120,33,35,115" hai2="13,54,94,129,121,73,114,25,21,39,96,118,50" hai3="0,79,86,11,48,52,34,29,128,109,76,61,45"/><T102/><D104/><U10/><E120/><V64/><F39/><W20/><G109/><T106/><D106/><U135/><E72/><V12/><F73/><W117/><G117/><T116/><D116/><U131/><E36/><V7/><F121/><W38/><G34/><T132/><D112/><U42/><E42/><N who="0" m="16489" /><D132/><U1/><E135/><V126/><F114/><W17/><G128/><N who="1" m="49194" /><E105/><V75/><F75/><W8/><G0/><T14/><D92/><U78/><E78/><N who="3" m="29738" /><G38/><T69/><D69/><U110/><E110/><V107/><F126/><W91/><G61/><T66/><D66/><N who="1" m="39247" /><E88/><N who="2" m="55367" /><F107/><W22/><G29/><T59/><D46/><U93/><E93/><V81/><F118/><W44/><G44/><T37/><D37/><U108/><E108/><V24/><F54/><W5/><G5/><T113/><D113/><U60/><E60/><V103/><F103/><N who="0" m="39466" /><D87/><U4/><E115/><V119/><F119/><W27/><G22/><N who="0" m="11639" /><D111/><U95/><E95/><AGARI ba="1,0" hai="8,11,17,20,27,45,48,52,86,91,95" m="29738" machi="95" ten="30,2000,0" yaku="8,1,54,1" doraHai="9" who="3" fromWho="1" sc="260,0,260,-23,260,0,220,23" /><INIT seed="1,0,0,2,2,53" ten="260,237,260,243" oya="1" hai0="47,30,93,107,113,35,27,124,75,33,121,127,84" hai1="59,105,102,97,45,72,96,135,85,106,81,90,38" hai2="92,99,79,36,108,18,46,104,89,54,13,52,12" hai3="62,115,51,64,71,112,50,37,82,56,69,41,8"/><U48/><E135/><V70/><F70/><N who="3" m="26635" /><G82/><T98/><D75/><U95/><E38/><V128/><F128/><W133/><G8/><T7/><D113/><N who="3" m="43593" /><G133/><T25/><D107/><U80/><E59/><V40/><F108/><W129/><G129/><T29/><D84/><N who="1" m="50439" /><E48/><N who="3" m="18474" /><G41/><T77/><D47/><U111/><E45/><V116/><F116/><W43/><G43/><T21/><D77/><N who="1" m="44199" /><E111/><V73/><F104/><N who="1" m="40041" /><E85/><V4/><F79/><W42/><G42/><T10/><D121/><U78/><E97/><V122/><F122/><W44/><G44/><T26/><D26/><U65/><E65/><V14/><F73/><W0/><G0/><T87/><D87/><U57/><E57/><V83/><F83/><W109/><G109/><T130/><D130/><U2/><E2/><V20/><REACH who="2" step="1"/><F4/><REACH who="2" ten="260,237,250,243" step="2"/><W100/><G37/><T32/><D7/><U94/><E78/><V61/><F61/><W60/><G62/><T76/><D76/><U34/><E34/><V63/><F63/><W31/><G60/><T15/><D33/><U58/><E58/><V110/><F110/><W126/><G56/><T39/><D35/><U134/><E134/><V114/><F114/><W19/><G64/><T11/><D32/><U86/><E86/><V91/><F91/><W22/><G19/><T49/><D98/><U1/><E1/><V88/><F88/><W131/><G131/><T17/><D17/><U103/><E95/><V5/><F5/><W118/><G31/><T119/><D93/><U132/><E132/><V66/><F66/><W3/><G3/><T16/><D29/><U23/><E103/><RYUUKYOKU ba="0,1" sc="260,-15,237,15,250,15,243,-15" hai1="23,94,96,102" hai2="12,13,14,18,20,36,40,46,52,54,89,92,99" /><INIT seed="1,1,1,1,0,72" ten="245,252,265,228" oya="1" hai0="60,71,25,125,23,42,64,35,48,8,0,47,99" hai1="46,69,122,133,104,33,54,92,5,34,129,91,130" hai2="113,75,18,24,79,12,32,9,30,61,73,19,94" hai3="74,82,1,95,44,58,16,15,31,29,52,27,67"/><U128/><E122/><V62/><F73/><W83/><G1/><T111/><D111/><U13/><E133/><V45/><F113/><W7/><G7/><T21/><D125/><U65/><E104/><V117/><F117/><W4/><G4/><T109/><D109/><U84/><E65/><V88/><F19/><W107/><G107/><T68/><D68/><U55/><E69/><V97/><REACH who="2" step="1"/><F45/><REACH who="2" ten="245,252,255,228" step="2"/><W59/><G44/><T22/><D8/><N who="1" m="4239" /><E46/><V124/><F124/><W114/><G114/><T10/><D10/><U80/><E34/><V108/><F108/><W37/><G74/><T50/><D35/><U134/><E33/><V57/><F57/><W39/><G59/><T78/><D71/><U135/><E135/><V43/><F43/><W131/><G58/><T110/><D47/><U106/><E134/><V3/><F3/><W36/><G37/><T115/><D0/><U49/><E129/><V53/><F53/><W17/><G52/><T77/><D42/><U90/><E55/><V85/><F85/><W123/><G131/><T20/><D110/><U41/><E41/><V56/><F56/><W103/><G36/><T102/><D115/><U93/><E130/><V101/><F101/><W121/><G39/><T96/><D102/><U40/><E128/><V119/><F119/><W63/><G103/><T127/><D127/><U2/><E2/><V76/><F76/><N who="0" m="29290" /><D64/><U26/><E40/><V87/><F87/><W105/><G67/><T100/><D100/><U118/><E118/><V11/><F11/><W116/><G116/><T14/><N who="0" m="5120" /><DORA hai="28" /><T126/><D126/><RYUUKYOKU ba="1,2" sc="245,-10,252,-10,255,30,228,-10" hai2="9,12,18,24,30,32,61,62,75,79,88,94,97" /><INIT seed="2,2,2,2,4,134" ten="235,242,285,218" oya="2" hai0="28,0,83,40,66,36,131,100,18,61,4,3,98" hai1="74,90,108,6,11,133,27,8,31,121,82,135,119" hai2="9,22,130,84,96,78,128,25,116,32,17,57,62" hai3="51,2,106,29,48,118,20,120,59,122,91,44,103"/><V33/><F116/><W52/><G118/><T129/><D18/><U127/><E119/><V132/><F132/><N who="1" m="50761" /><E127/><V77/><F96/><W89/><G2/><T113/><D113/><U10/><E108/><V123/><F123/><W5/><G5/><T94/><D28/><U111/><E111/><V70/><F70/><W19/><G29/><T126/><D126/><U46/><E46/><V14/><F78/><W1/><G1/><T76/><D40/><U71/><E71/><V49/><F49/><W54/><G103/><T114/><D36/><U21/><E121/><V68/><F68/><W58/><G106/><T115/><D115/><U56/><E56/><V97/><F97/><W105/><G105/><T16/><D16/><U47/><E47/><V93/><F77/><W23/><G44/><T65/><D114/><U86/><E74/><V50/><F50/><W85/><G85/><N who="0" m="48359" /><D4/><AGARI ba="2,2" hai="4,6,8,10,11,21,27,31,82,86,90" m="50761" machi="4" ten="30,1000,0" yaku="20,1" doraHai="134" who="1" fromWho="0" sc="235,-16,242,36,285,0,218,0" /><INIT seed="3,0,0,5,3,120" ten="219,278,285,218" oya="3" hai0="127,27,21,7,37,57,119,131,40,51,1,103,101" hai1="91,105,69,114,79,80,124,34,28,41,52,19,64" hai2="61,3,96,95,125,43,65,31,118,48,115,2,100" hai3="108,50,32,121,135,35,112,66,44,87,89,38,53"/><W82/><G121/><T81/><D37/><U122/><E91/><V130/><F118/><W104/><G112/><T97/><D127/><U0/><E19/><V63/><F115/><W22/><G104/><T29/><D131/><U20/><E52/><V72/><F72/><W55/><G135/><T17/><D1/><U107/><E20/><V62/><F125/><W9/><G66/><T73/><D7/><U74/><E41/><V86/><F31/><W123/><G123/><T14/><D119/><U8/><E114/><V42/><F65/><W116/><G116/><T56/><D73/><U133/><E133/><V102/><F102/><N who="0" m="38922" /><D81/><U23/><E23/><V94/><F130/><W106/><G106/><T90/><D40/><U76/><E76/><V92/><F86/><W126/><G126/><T13/><D51/><U128/><E122/><V132/><F132/><W24/><G38/><T84/><D97/><U68/><E128/><V10/><F10/><W26/><G9/><N who="0" m="6319" /><D14/><U16/><E124/><V49/><F100/><W12/><G108/><T11/><D11/><U39/><E39/><V6/><F96/><W75/><G75/><T77/><D77/><U98/><E98/><V85/><F85/><W59/><G35/><T83/><AGARI ba="0,0" hai="21,27,29,56,57,83,84,90" m="6319,38922" machi="83" ten="30,1100,0" yaku="8,1" doraHai="120" who="0" fromWho="0" sc="219,11,278,-3,285,-3,218,-5" /><INIT seed="4,0,0,3,3,101" ten="230,275,282,213" oya="0" hai0="129,122,40,58,44,65,107,41,120,85,108,6,27" hai1="38,57,12,89,66,75,39,106,79,105,9,47,99" hai2="59,53,95,86,135,7,109,24,71,103,134,19,8" hai3="37,73,83,88,132,30,130,32,92,17,25,121,61"/><T76/><D107/><N who="1" m="40971" /><E57/><V42/><F71/><W80/><G130/><T100/><D129/><U15/><E89/><V126/><F42/><W33/><G132/><N who="2" m="50729" /><F126/><W78/><G37/><N who="1" m="13834" /><E99/><N who="2" m="59903" /><F109/><W10/><G121/><T28/><D100/><U50/><E50/><N who="2" m="31159" /><F86/><W119/><G119/><T117/><D108/><U2/><E66/><V111/><F111/><W90/><G61/><T133/><D65/><U98/><E98/><V35/><F35/><W118/><G118/><T60/><D85/><U68/><E47/><V115/><F115/><W56/><G56/><T49/><D41/><U4/><E15/><V102/><F102/><W125/><G125/><T20/><D133/><U93/><E12/><N who="2" m="5151" /><F24/><W23/><G10/><T36/><D117/><U70/><E93/><V5/><F5/><W114/><G114/><T21/><D36/><U84/><E84/><V16/><AGARI ba="0,0" hai="16,19" m="5151,31159,59903,50729" machi="16" ten="30,2000,0" yaku="20,1,54,1" doraHai="101" who="2" fromWho="2" sc="230,-10,275,-5,282,20,213,-5" owari="220,-18.0,270,7.0,302,40.0,208,-29.0" /></mjloggm>