<mjloggm ver="2.3"><GO type="169" lobby="0"/><UN n0="%E3%81%99%E3%81%BF%E3%82%84%E3%81%AB" n1="%E8%B1%86%E7%89%B9%EF%BC%A0%E6%B2%B3%E6%9D%91%E8%BB%8D%E5%9B%A3" n2="%73%68%6F%6F%74%33%39" n3="%E3%82%A6%E3%83%AB%E3%83%88%E3%83%A9%E7%AB%8B%E7%9B%B4" dan="16,16,18,17" rate="2146.01,2084.34,2177.66,2195.58" sx="M,M,M,M"/><TAIKYOKU oya="0"/><INIT seed="0,0,0,3,1,135" ten="250,250,250,250" oya="0" hai0="41,76,118,45,83,12,47,99,132,53,8,19,110" hai1="34,24,46,75,4,125,38,80,49,77,10,57,61" hai2="86,119,122,104,29,100,5,84,105,133,127,129,43" hai3="78,81,88,11,67,124,71,44,62,101,107,79,108"/><T93/><D118/><U9/><E9/><V114/><F43/><W91/><G108/><T33/><D33/><U3/><E49/><V87/><F29/><W1/><G79/><T25/><D132/><U98/><E98/><V68/><F5/><W72/><G101/><T35/><D110/><U111/><E111/><V121/><F68/><W21/><G107/><N who="2" m="41033" /><F133/><W85/><G21/><T131/><D131/><U59/><E61/><V37/><F37/><W28/><G28/><T116/><D116/><U103/><E103/><V18/><F18/><W13/><G1/><T23/><D35/><U55/><E55/><V134/><F134/><W60/><G60/><T31/><D53/><U64/><E64/><V26/><F26/><W97/><G97/><T32/><D32/><U36/><E36/><V66/><F66/><W82/><G44/><T128/><D128/><U17/><E17/><V51/><F100/><W39/><G39/><T50/><D47/><U42/><REACH who="1" step="1"/><E125/><REACH who="1" ten="250,240,250,250" step="2"/><V94/><F127/><W56/><G124/><T120/><D99/><U30/><AGARI ba="0,1" hai="3,4,10,24,30,34,38,42,46,57,59,75,77,80" machi="30" ten="30,8000,1" yaku="1,1,2,1,0,1,25,2,53,0" doraHai="135" doraHaiUra="16" who="1" fromWho="1" sc="250,-40,240,90,250,-20,250,-20" /><INIT seed="1,0,0,1,1,71" ten="210,330,230,230" oya="1" hai0="40,79,28,50,125,95,68,22,128,34,62,112,91" hai1="57,32,54,102,120,92,13,129,55,121,98,47,108" hai2="105,24,75,73,11,67,33,99,12,1,16,110,30" hai3="104,131,107,15,59,4,36,83,115,8,46,124,109"/><U18/><E32/><V72/><F110/><W135/><G115/><T64/><D34/><U70/><E70/><V81/><F67/><W52/><G109/><T17/><D112/><U134/><E108/><V101/><REACH who="2" step="1"/><F1/><REACH who="2" ten="210,330,220,230" step="2"/><W123/><G123/><T9/><D64/><U3/><E3/><V5/><F5/><W14/><G124/><T90/><D125/><U51/><E121/><V96/><F96/><W88/><G131/><T76/><D128/><U60/><E129/><V111/><F111/><W87/><G135/><T37/><D76/><AGARI ba="0,1" hai="11,12,16,24,30,33,72,73,75,76,81,99,101,105" machi="76" ten="40,2600,0" yaku="1,1,54,1,53,0" doraHai="71" doraHaiUra="0" who="2" fromWho="0" sc="210,-26,330,0,220,36,230,0" /><INIT seed="2,0,0,4,3,114" ten="184,330,256,230" oya="2" hai0="70,4,112,97,92,41,34,35,74,84,59,129,56" hai1="62,10,111,40,66,113,60,36,88,81,49,116,38" hai2="5,134,58,122,69,87,26,123,42,96,125,110,76" hai3="25,103,1,19,90,28,2,94,132,13,130,124,17"/><V20/><F69/><W127/><G103/><T135/><D74/><U16/><E113/><V57/><F5/><W12/><G94/><T53/><D70/><N who="1" m="42311" /><E49/><V11/><F42/><W6/><G90/><T68/><D68/><U109/><E62/><V61/><F11/><N who="3" m="6335" /><G6/><T75/><D75/><U52/><E52/><V133/><F96/><W72/><G72/><T105/><D112/><U77/><E88/><V45/><F45/><W117/><G132/><N who="2" m="50793" /><F125/><N who="3" m="48203" /><G130/><T37/><D129/><U54/><E40/><V32/><F76/><W65/><G65/><T95/><D41/><U119/><E54/><N who="2" m="33975" /><F87/><W24/><G117/><N who="1" m="45130" /><E81/><V15/><F58/><W31/><G2/><T43/><D59/><U82/><E82/><V98/><F15/><W108/><G1/><T89/><D56/><U46/><E46/><V44/><F44/><W51/><G51/><T102/><D135/><U0/><E77/><V100/><F110/><N who="1" m="41993" /><E0/><V80/><F80/><W9/><G108/><T63/><D43/><U64/><E64/><V14/><F14/><AGARI ba="0,0" hai="10,14,16,36,38" m="41993,45130,42311" machi="14" ten="30,8000,1" yaku="14,1,52,3,54,1" doraHai="114" who="1" fromWho="2" sc="184,0,330,80,256,-80,230,0" /><INIT seed="3,0,0,2,2,94" ten="184,410,176,230" oya="3" hai0="55,2,62,56,17,71,0,64,95,48,40,7,131" hai1="76,6,119,23,81,41,89,22,107,58,35,31,120" hai2="20,130,100,113,57,19,117,80,111,104,96,132,11" hai3="73,83,87,10,1,15,59,129,125,123,90,84,77"/><W21/><G123/><T86/><D131/><U109/><E120/><V25/><F117/><W3/><G125/><T61/><D7/><U74/><E107/><V106/><F113/><W122/><G122/><T50/><D17/><U66/><E119/><V46/><F130/><W128/><G129/><T114/><D114/><U36/><E109/><V85/><F111/><W126/><G128/><T93/><D93/><U28/><E6/><V121/><F121/><W18/><G126/><T63/><D61/><N who="1" m="38199" /><E36/><V53/><F132/><W72/><G59/><T47/><D63/><U45/><E74/><V12/><F46/><W33/><G33/><T26/><D26/><U44/><E76/><V79/><F106/><W9/><G73/><T69/><D69/><U97/><E81/><V101/><F101/><W112/><G112/><T29/><D29/><N who="1" m="11339" /><E35/><V108/><F108/><W27/><G72/><T105/><D105/><U37/><E37/><V99/><F104/><W43/><G43/><T8/><D8/><U133/><E133/><V116/><F100/><W14/><G9/><T42/><D42/><U110/><E110/><V135/><F116/><W68/><G68/><T49/><D49/><N who="1" m="26767" /><E45/><V115/><F135/><W91/><G77/><T5/><D5/><U127/><E127/><V70/><F70/><W78/><G78/><T4/><D4/><U16/><E16/><N who="2" m="8223" /><F115/><W65/><G3/><T102/><D2/><U92/><AGARI ba="0,0" hai="22,23,89,92,97" m="26767,11339,38199" machi="92" ten="30,2000,0" yaku="8,1,52,1" doraHai="94" who="1" fromWho="1" sc="184,-5,410,20,176,-5,230,-10" /><INIT seed="4,0,0,5,0,5" ten="179,430,171,220" oya="0" hai0="113,21,118,106,97,91,2,3,7,22,84,56,49" hai1="112,46,18,61,1,34,0,72,121,41,83,86,60" hai2="105,90,79,54,36,107,96,81,109,50,32,75,95" hai3="40,17,128,25,122,111,37,52,92,67,70,126,89"/><T82/><D113/><U124/><E121/><V104/><F36/><W31/><G111/><T44/><D118/><U26/><E72/><V48/><F32/><W115/><G126/><T6/><D56/><U53/><E124/><V134/><F109/><W45/><G128/><T98/><D2/><U129/><E129/><V42/><F134/><W43/><G43/><T78/><D106/><U59/><E60/><V114/><F114/><W133/><G133/><T16/><D22/><U8/><E34/><V125/><F125/><W116/><G17/><T76/><D78/><U14/><E26/><V51/><REACH who="2" step="1"/><F42/><REACH who="2" ten="179,430,161,220" step="2"/><W68/><G115/><T62/><D3/><U101/><E112/><V85/><F85/><W65/><G37/><T11/><D98/><U63/><E1/><V119/><F119/><W103/><G40/><T66/><D97/><U57/><E0/><V80/><F80/><W99/><G116/><T88/><D82/><U13/><E86/><V108/><F108/><W28/><G122/><T4/><D84/><U15/><E83/><V10/><F10/><W94/><G99/><T73/><D11/><U19/><E8/><V12/><F12/><W71/><G89/><T58/><D73/><U39/><E101/><V132/><F132/><W135/><G103/><T27/><D76/><U9/><E9/><V20/><F20/><W102/><G102/><T77/><D77/><U24/><E24/><V69/><F69/><W120/><G135/><T93/><D93/><N who="3" m="35945" /><G120/><T100/><D100/><U64/><AGARI ba="0,1" hai="13,14,15,18,19,39,41,46,53,57,59,61,63,64" machi="64" ten="30,1100,0" yaku="0,1" doraHai="5" who="1" fromWho="1" sc="179,-5,430,21,161,-3,220,-3" /><INIT seed="5,0,0,5,5,44" ten="174,451,158,217" oya="1" hai0="64,30,42,105,71,45,84,89,69,120,32,54,118" hai1="19,70,80,24,41,61,101,4,68,126,117,108,40" hai2="87,27,96,91,116,5,104,48,9,72,113,12,124" hai3="114,106,75,59,47,88,53,38,50,22,33,55,98"/><U31/><E117/><V3/><F72/><W135/><G33/><T133/><D105/><U107/><E19/><V122/><F116/><W119/><G75/><T37/><D118/><U7/><E80/><V39/><F122/><W26/><G119/><T23/><D32/><N who="1" m="20583" /><E70/><V121/><F39/><W15/><G135/><T1/><D1/><U51/><E51/><V62/><F124/><W102/><G114/><T132/><D64/><N who="1" m="40975" /><E126/><V63/><F121/><W28/><G15/><T79/><D54/><U52/><E52/><V2/><F113/><W112/><G112/><T111/><D120/><U82/><E82/><V93/><F27/><W20/><G20/><T8/><D71/><U17/><E17/><V95/><F104/><W11/><G11/><T57/><D8/><U125/><E125/><V92/><F2/><W58/><G38/><T14/><D37/><U94/><E94/><N who="2" m="36459" /><F3/><W56/><REACH who="3" step="1"/><G88/><REACH who="3" ten="174,451,158,207" step="2"/><T76/><D89/><U83/><E108/><V130/><F87/><W35/><G35/><T127/><D111/><U77/><E77/><V18/><F5/><W81/><G81/><T67/><D79/><U85/><E7/><V103/><F91/><W97/><G97/><T134/><D84/><U115/><E4/><V46/><F130/><W99/><G99/><T21/><D76/><N who="1" m="46311" /><E115/><V90/><F90/><W16/><G16/><N who="0" m="10391" /><D127/><U78/><E78/><V66/><F66/><W0/><G0/><T131/><D134/><U74/><E74/><V129/><F129/><W10/><G10/><T36/><D131/><U128/><E128/><V65/><F65/><W43/><AGARI ba="0,1" hai="22,26,28,43,47,50,53,55,56,58,59,98,102,106" machi="43" ten="30,8000,1" yaku="1,1,5,1,0,1,52,1,53,1" doraHai="44" doraHaiUra="100" who="3" fromWho="3" sc="174,-20,451,-40,158,-20,207,90" /><INIT seed="6,0,0,3,1,5" ten="154,411,138,297" oya="2" hai0="69,56,1,59,131,107,45,93,92,32,106,98,65" hai1="77,9,105,53,129,122,115,84,4,108,130,47,12" hai2="135,66,6,41,104,46,88,38,112,22,111,91,40" hai3="87,63,80,31,44,35,17,118,110,75,89,120,15"/><V28/><F104/><W57/><G110/><T2/><D32/><U76/><E108/><V109/><F109/><W25/><G120/><T127/><D69/><U86/><E105/><V72/><F111/><W11/><G75/><T133/><D45/><U116/><E116/><V8/><F112/><W51/><G118/><T7/><D7/><U100/><E100/><V36/><F135/><W39/><G39/><T20/><D20/><U52/><E115/><V73/><F66/><W68/><G68/><T26/><D26/><U132/><E132/><V30/><F22/><W13/><G13/><T14/><D14/><U50/><E53/><V90/><F41/><W94/><G94/><T97/><D133/><U81/><E122/><V117/><F38/><W85/><G85/><T125/><REACH who="0" step="1"/><D65/><REACH who="0" ten="144,411,138,297" step="2"/><U74/><E12/><V37/><F117/><W113/><G113/><T48/><D48/><U71/><E50/><V18/><F37/><W102/><G63/><T10/><D10/><U124/><E9/><V64/><F64/><W0/><G57/><T119/><D119/><U19/><E4/><V33/><F18/><W123/><G123/><T42/><D42/><U21/><E71/><V58/><F58/><W62/><G62/><T79/><D79/><U99/><E77/><V103/><F103/><W128/><G102/><T70/><D70/><U95/><E76/><V55/><F55/><N who="3" m="30183" /><G0/><T83/><D83/><U49/><E81/><V29/><REACH who="2" step="1"/><F33/><REACH who="2" ten="144,411,128,297" step="2"/><W3/><G35/><T78/><D78/><U101/><E101/><V34/><F34/><W27/><G17/><T67/><D67/><RYUUKYOKU ba="0,2" sc="144,15,411,-15,128,15,297,-15" hai0="1,2,56,59,92,93,97,98,106,107,125,127,131" hai2="6,8,28,29,30,36,40,46,72,73,88,90,91" /><INIT seed="6,1,2,5,2,13" ten="159,396,143,282" oya="2" hai0="16,49,69,34,12,128,115,32,25,82,95,24,90" hai1="54,117,116,84,79,118,7,23,133,60,53,45,89" hai2="119,123,15,51,100,107,112,106,57,22,42,108,33" hai3="46,134,0,70,94,14,88,44,43,93,92,18,126"/><V109/><F119/><W65/><G0/><T52/><D69/><U87/><E133/><V101/><F33/><W132/><G65/><T122/><D122/><U124/><E124/><V121/><F112/><W59/><G70/><T40/><D115/><U74/><E74/><V48/><F42/><W6/><G6/><T113/><D113/><U39/><E7/><V76/><F76/><W71/><G71/><T135/><D135/><N who="3" m="51753" /><G59/><N who="0" m="33167" /><D34/><U75/><E75/><V8/><F22/><N who="3" m="11607" /><G126/><T29/><D32/><U3/><E3/><V1/><F1/><W64/><G64/><T97/><D128/><U78/><E117/><V105/><F123/><W110/><G110/><N who="2" m="42601" /><F121/><W130/><G130/><T86/><D29/><U73/><E118/><V61/><F51/><N who="3" m="27039" /><G46/><T114/><D40/><U66/><E45/><V91/><F48/><W41/><G41/><T111/><D114/><U72/><E116/><V98/><F57/><W63/><G63/><T47/><D47/><U55/><E60/><V129/><F61/><W35/><G35/><T56/><D56/><U4/><E66/><V83/><F129/><W30/><G30/><T81/><D111/><U67/><E67/><V104/><N who="2" m="26624" /><DORA hai="62" /><V99/><F8/><W11/><G11/><N who="0" m="6175" /><D81/><U2/><E2/><V120/><F120/><W50/><G50/><T17/><D17/><U36/><E55/><V131/><F131/><W27/><G27/><T37/><D37/><U5/><E23/><V103/><F15/><W125/><G125/><T28/><D28/><U96/><E36/><V31/><F31/><W58/><G58/><T80/><D80/><RYUUKYOKU ba="1,2" sc="159,10,396,-30,143,10,282,10" hai0="24,25,82,86,90,95,97" hai2="83,91,98,99,100,101,103" hai3="88,92,93,94" /><INIT seed="6,2,2,0,0,52" ten="169,366,153,292" oya="2" hai0="132,127,71,90,40,105,107,129,73,72,103,20,28" hai1="24,5,9,60,86,84,37,12,30,100,68,122,27" hai2="88,14,98,42,33,134,115,31,15,4,78,99,48" hai3="118,65,112,106,108,36,131,38,101,23,79,19,119"/><V18/><F115/><W46/><G108/><T57/><D71/><U114/><E37/><V10/><F134/><W117/><G79/><T43/><D132/><U22/><E114/><V120/><F120/><W3/><G3/><T47/><D127/><U85/><E122/><V124/><F124/><W97/><G112/><T1/><D1/><U126/><E126/><V62/><F78/><W135/><G135/><T41/><D47/><U0/><E100/><V123/><F123/><W91/><G65/><T26/><D129/><U75/><E75/><V109/><F109/><W96/><G46/><T81/><D103/><U49/><E49/><V89/><F62/><W8/><G8/><T59/><D107/><U111/><E111/><V70/><F70/><W95/><REACH who="3" step="1"/><G131/><REACH who="3" ten="169,366,153,282" step="2"/><T82/><D72/><U53/><E0/><V50/><F42/><W63/><G63/><T77/><REACH who="0" step="1"/><D105/><REACH who="0" ten="159,366,153,282" step="2"/><U55/><E68/><V80/><F50/><W56/><G56/><T74/><D74/><U121/><E121/><V76/><F48/><W44/><G44/><T83/><D83/><U104/><E104/><V25/><F99/><W34/><G34/><T69/><D69/><U32/><E60/><V61/><F61/><W16/><G16/><T94/><D94/><U130/><E130/><V102/><F98/><W128/><G128/><T51/><D51/><U7/><E7/><V45/><F45/><W110/><G110/><T35/><D35/><U2/><E2/><V92/><F92/><W87/><G87/><AGARI ba="2,4" hai="20,26,28,40,41,43,57,59,73,77,81,82,87,90" machi="87" ten="40,5200,0" yaku="1,1,52,2,53,0" doraHai="52" doraHaiUra="29" who="0" fromWho="3" sc="159,98,366,0,153,0,282,-58" /><INIT seed="7,0,0,0,0,41" ten="257,366,153,224" oya="3" hai0="93,72,122,4,59,115,127,120,71,103,61,11,19" hai1="23,86,98,82,35,123,8,75,18,94,129,3,28" hai2="104,84,2,10,63,32,65,111,113,46,48,47,74" hai3="118,38,119,1,16,134,13,62,58,43,89,40,66"/><W39/><G1/><T70/><D72/><U96/><E75/><V117/><F74/><W33/><G33/><T69/><D19/><U124/><E123/><V53/><F32/><W5/><G5/><T83/><D83/><U64/><E64/><V34/><F34/><W56/><G89/><T21/><D21/><U17/><E17/><V54/><F117/><W135/><G16/><T9/><D127/><U91/><E124/><V12/><F111/><W49/><G13/><T109/><D109/><U27/><E82/><V29/><F104/><W87/><G87/><T79/><D79/><U30/><E30/><V67/><F2/><W105/><G105/><T90/><D103/><U126/><E126/><V52/><F113/><W78/><G78/><T132/><D115/><U99/><E8/><V102/><F102/><W26/><G26/><T55/><D11/><U81/><E3/><V128/><F128/><W76/><G76/><T85/><D132/><N who="3" m="50729" /><G56/><T25/><D25/><U130/><E81/><V42/><F29/><W37/><G43/><T14/><AGARI ba="0,0" hai="4,9,14,55,59,61,69,70,71,85,90,93,120,122" machi="14" ten="30,1100,0" yaku="0,1" doraHai="41" who="0" fromWho="0" sc="257,11,366,-3,153,-3,224,-5" owari="268,7.0,363,46.0,150,-35.0,219,-18.0" /></mjloggm>