<mjloggm ver="2.3"><GO type="169" lobby="0"/><UN n0="%E3%83%88%E3%83%88%E3%83%AA%E5%85%88%E7%94%9F%31%39%E6%AD%B3" n1="%E3%83%8D%E3%83%BC%E3%83%A0%E3%83%AC%E3%82%B9%EF%BC%97" n2="%4A%61%6E%2D%4D%61%63%68" n3="%CE%BC%E3%81%97%E3%82%82%E3%81%A7" dan="18,17,16,16" rate="2157.18,2145.33,2100.66,2165.10" sx="F,M,M,M"/><TAIKYOKU oya="0"/><INIT seed="0,0,0,3,0,120" ten="250,250,250,250" oya="0" hai0="15,55,68,101,70,75,48,33,78,1,20,14,125" hai1="81,63,58,112,9,39,96,41,108,69,94,21,35" hai2="46,95,43,16,71,86,76,87,83,119,127,28,110" hai3="72,128,93,23,80,107,135,115,79,8,12,29,100"/><T54/><D33/><U40/><E35/><V118/><F71/><W73/><G115/><T37/><D1/><U117/><E117/><N who="2" m="44555" /><F28/><W132/><G72/><T99/><D37/><U90/><E112/><V89/><F46/><W61/><G128/><T113/><D113/><U121/><E121/><V105/><F43/><W74/><G74/><T44/><D125/><U4/><E69/><V129/><F105/><W56/><G107/><T98/><D75/><U18/><E108/><V133/><F129/><W36/><G36/><T103/><D44/><U31/><E31/><V45/><F45/><W47/><G47/><T25/><D20/><U106/><E106/><V17/><F127/><W91/><G100/><T92/><D92/><U50/><E39/><V3/><F3/><W64/><G23/><T109/><D78/><U22/><E81/><V32/><F32/><W38/><G38/><T126/><D126/><U60/><E60/><V30/><F30/><W24/><G24/><T62/><D62/><U2/><E50/><V111/><F133/><W6/><REACH who="3" step="1"/><G29/><REACH who="3" ten="250,250,250,240" step="2"/><T131/><D25/><N who="1" m="14519" /><E22/><V13/><F17/><W49/><G49/><T88/><D48/><U27/><E27/><V5/><F5/><W59/><G59/><T122/><D131/><U42/><E42/><V82/><F82/><W66/><G66/><T0/><D122/><U57/><E57/><V130/><F130/><W114/><G114/><T67/><D67/><U84/><E41/><V116/><F116/><W51/><G51/><T85/><D68/><U34/><E40/><V102/><F102/><N who="0" m="38922" /><D70/><U11/><E34/><RYUUKYOKU ba="0,1" sc="250,-15,250,-15,250,15,240,15" hai2="13,16,76,83,86,87,89,95,110,111" hai3="6,8,12,56,61,64,73,79,80,91,93,132,135" /><INIT seed="1,1,1,3,4,37" ten="235,235,265,255" oya="1" hai0="103,34,116,67,44,12,30,87,62,41,113,106,86" hai1="73,129,40,126,35,55,15,125,59,45,53,61,120" hai2="80,135,42,121,123,102,128,57,97,11,46,75,115" hai3="133,118,7,107,68,14,78,51,110,104,47,81,114"/><U94/><E120/><V72/><F57/><W36/><G114/><T69/><D113/><U6/><E129/><V52/><F115/><W16/><G68/><T79/><D116/><U1/><E35/><V77/><F128/><W70/><G70/><T76/><D12/><U131/><E131/><V74/><F135/><W54/><G118/><T32/><D86/><U119/><E119/><V109/><F109/><W18/><G110/><T17/><D17/><U63/><E73/><V100/><F100/><W25/><G133/><T3/><D87/><U90/><E1/><V60/><F121/><W96/><G36/><N who="0" m="21543" /><D34/><U24/><E24/><V91/><F91/><W99/><G107/><T2/><D76/><U85/><E6/><V82/><F82/><W9/><G104/><T101/><D101/><U98/><E15/><V0/><F60/><W39/><G39/><T13/><D13/><U89/><E61/><V83/><F52/><W65/><G65/><T48/><D48/><U29/><E29/><V108/><F83/><W50/><G50/><T127/><D79/><U88/><E55/><V56/><F108/><W66/><G66/><T10/><D10/><U132/><E132/><V23/><F123/><W92/><G25/><N who="0" m="18511" /><D127/><N who="1" m="48651" /><E85/><V8/><F8/><W43/><G54/><T19/><D19/><N who="3" m="7209" /><G92/><T58/><D58/><U33/><E33/><V130/><F56/><W49/><G49/><AGARI ba="1,1" hai="40,45,49,53,59,63,88,89,90,94,98" m="48651" machi="49" ten="30,5800,0" yaku="18,1,52,1,54,1" doraHai="37" who="1" fromWho="3" sc="235,0,235,71,265,0,255,-61" /><INIT seed="1,2,0,0,2,125" ten="235,306,265,194" oya="1" hai0="115,48,129,134,27,87,25,68,2,65,61,96,54" hai1="111,15,85,135,114,132,8,70,44,3,38,56,109" hai2="6,12,105,60,121,126,14,107,94,20,100,30,82" hai3="74,62,45,84,71,51,78,113,46,11,83,131,133"/><U104/><E114/><V106/><F121/><W73/><G113/><T127/><D115/><U120/><E120/><V76/><F126/><W88/><G133/><N who="1" m="51274" /><E70/><V72/><F6/><W98/><G45/><T66/><D127/><U130/><E104/><V81/><F81/><W32/><G32/><T5/><D134/><U79/><E3/><V108/><F108/><N who="1" m="41545" /><E56/><V50/><F50/><W90/><G62/><T53/><D61/><U91/><E79/><V110/><F60/><W101/><G71/><T39/><D68/><U58/><E58/><V18/><F30/><W26/><G26/><T24/><D2/><U103/><E103/><V16/><F110/><W41/><G73/><T35/><D65/><U49/><E38/><V7/><F7/><W92/><G11/><T4/><D39/><U117/><E117/><V42/><F42/><W21/><G21/><T47/><D66/><U37/><E37/><V112/><F112/><W93/><G90/><T80/><D5/><N who="1" m="3471" /><E130/><V33/><F107/><W10/><G10/><T97/><D129/><U36/><E36/><V63/><F106/><W23/><G23/><T124/><D4/><U116/><E116/><V122/><F105/><W0/><G0/><T17/><D124/><U118/><E118/><V77/><F77/><W102/><G102/><T69/><D69/><U64/><E64/><V13/><F122/><W123/><G123/><T128/><D128/><U67/><E67/><V22/><F63/><W40/><G131/><T95/><D35/><U28/><E28/><V52/><F33/><W75/><G75/><T119/><D119/><RYUUKYOKU ba="2,0" sc="235,-10,306,-10,265,-10,194,30" hai3="40,41,46,51,74,78,83,84,88,92,93,98,101" /><INIT seed="2,3,0,3,4,135" ten="225,296,255,224" oya="2" hai0="49,133,83,15,101,82,111,31,92,13,129,122,0" hai1="107,27,64,70,29,54,96,63,77,134,17,98,124" hai2="8,113,45,121,59,48,61,117,40,81,22,109,37" hai3="21,30,56,94,26,52,127,87,123,9,114,102,93"/><V4/><F121/><W32/><G123/><T120/><D0/><U34/><E134/><V105/><F105/><W42/><G114/><T95/><D133/><U1/><E124/><V84/><F113/><W20/><G42/><T35/><D49/><U130/><E130/><V128/><F117/><W74/><G74/><T2/><D2/><U72/><E1/><V12/><F128/><W39/><G39/><T103/><D129/><U119/><E119/><V68/><F22/><W88/><G9/><T46/><D31/><U125/><E125/><V7/><F68/><W89/><G102/><T16/><D46/><U118/><E118/><V131/><F131/><W5/><G5/><T71/><D71/><U38/><E38/><V6/><F109/><W50/><REACH who="3" step="1"/><G127/><REACH who="3" ten="225,296,255,214" step="2"/><T36/><D36/><U57/><E72/><V69/><F37/><W110/><G110/><T86/><D111/><U33/><E107/><V43/><F43/><W99/><AGARI ba="3,1" hai="20,21,26,30,32,50,52,56,87,88,89,93,94,99" machi="99" ten="20,8000,1" yaku="1,1,0,1,7,1,54,2,53,0" doraHai="135" doraHaiUra="75" who="3" fromWho="3" sc="225,-23,296,-23,255,-43,214,99" /><INIT seed="3,0,0,5,4,22" ten="202,273,212,313" oya="3" hai0="53,91,16,33,129,113,85,125,41,5,127,90,88" hai1="120,124,115,96,18,34,109,59,95,104,121,30,76" hai2="118,100,42,14,38,36,28,131,81,103,68,11,72" hai3="0,21,56,123,37,45,54,111,114,60,83,2,84"/><W130/><G123/><T132/><D33/><U93/><E115/><V106/><F68/><W70/><G114/><T108/><D113/><U97/><E109/><V32/><F118/><W62/><G111/><T15/><D108/><U77/><E124/><N who="0" m="47689" /><D129/><U29/><E59/><V110/><F110/><W44/><G130/><T55/><D132/><U51/><E51/><V117/><F117/><W86/><G37/><T119/><D119/><U1/><E18/><V39/><F42/><W7/><G7/><T92/><D5/><U133/><E1/><V73/><F131/><W98/><G98/><N who="0" m="57607" /><D41/><U78/><E104/><V80/><F106/><W126/><G126/><T40/><D40/><U12/><E12/><V4/><F81/><W67/><G86/><T122/><D122/><U128/><E78/><V52/><F80/><W87/><G84/><T63/><D63/><U43/><E43/><V116/><F116/><W102/><G102/><T49/><D85/><U50/><E34/><V9/><F9/><W20/><G0/><T58/><D55/><U61/><E128/><V24/><REACH who="2" step="1"/><F52/><REACH who="2" ten="202,273,202,313" step="2"/><W64/><G54/><T112/><D112/><U6/><E121/><V101/><AGARI ba="0,1" hai="4,11,14,24,28,32,36,38,39,72,73,100,101,103" machi="101" ten="40,8000,1" yaku="1,1,2,1,0,1,52,1,53,0" doraHai="22" doraHaiUra="135" who="2" fromWho="2" sc="202,-20,273,-20,202,90,313,-40" /><INIT seed="4,0,0,4,5,57" ten="182,253,292,273" oya="0" hai0="7,93,134,69,60,28,86,51,40,117,3,21,70" hai1="18,67,17,56,49,53,130,90,2,63,71,106,16" hai2="36,25,91,105,42,85,124,125,80,61,47,8,83" hai3="58,98,75,37,81,77,103,41,131,13,135,122,97"/><T38/><D117/><U133/><E133/><V12/><F105/><W114/><G37/><T112/><D38/><U59/><E130/><V89/><F25/><W48/><G131/><T19/><D134/><U119/><E119/><V44/><F44/><W95/><G135/><T33/><D112/><U26/><E2/><V0/><F0/><W45/><G122/><T79/><D28/><U118/><E118/><V5/><F61/><W32/><G32/><T1/><D33/><U92/><E106/><V126/><F80/><W30/><G30/><T34/><D34/><U128/><E128/><V54/><REACH who="2" step="1"/><F54/><REACH who="2" ten="182,253,282,273" step="2"/><W39/><G81/><T104/><D104/><U96/><REACH who="1" step="1"/><E26/><REACH who="1" ten="182,243,282,273" step="2"/><V11/><F11/><W65/><G114/><T62/><D3/><U73/><E73/><V82/><F82/><W129/><G75/><T101/><D1/><U55/><E55/><V78/><AGARI ba="0,2" hai="5,8,12,36,42,47,78,83,85,89,91,124,125,126" machi="78" ten="30,4000,0" yaku="1,1,0,1,18,1,53,0" doraHai="57" doraHaiUra="66" who="2" fromWho="2" sc="182,-20,243,-10,282,60,273,-10" /><INIT seed="5,0,0,3,5,18" ten="162,233,342,263" oya="1" hai0="113,80,109,64,58,123,99,79,0,125,84,21,115" hai1="43,128,127,124,78,27,26,8,104,100,89,67,70" hai2="90,28,108,7,42,24,34,91,3,97,4,60,30" hai3="76,107,81,63,71,61,40,38,88,52,56,117,133"/><U135/><E135/><V132/><F108/><W98/><G107/><T102/><D0/><U116/><E116/><V36/><F132/><W44/><G133/><T126/><D64/><U122/><E122/><V25/><F36/><W83/><G117/><T33/><D58/><U45/><E128/><V19/><F42/><W10/><G10/><T16/><D33/><U46/><E78/><V51/><F51/><W37/><G37/><T68/><D68/><U48/><E89/><V29/><F60/><W54/><G76/><T14/><D109/><U94/><E104/><V23/><F91/><W92/><REACH who="3" step="1"/><G54/><REACH who="3" ten="162,233,342,253" step="2"/><T69/><D123/><U85/><E8/><N who="2" m="2079" /><F90/><W119/><G119/><T111/><D111/><U121/><E121/><V13/><F97/><W114/><G114/><N who="0" m="43531" /><D69/><U96/><E70/><V106/><F106/><AGARI ba="0,1" hai="14,16,21,79,80,84,99,102,106,125,126" m="43531" machi="106" ten="30,3900,0" yaku="15,1,52,1,54,1" doraHai="18" who="0" fromWho="2" sc="162,49,233,0,342,-39,253,0" /><INIT seed="6,0,0,2,1,26" ten="211,233,303,253" oya="2" hai0="115,17,125,114,124,1,59,10,31,14,41,13,110" hai1="21,107,28,11,63,25,97,109,55,122,90,39,66" hai2="6,56,19,40,48,44,23,103,82,71,69,58,2" hai3="102,120,93,126,83,53,24,52,18,112,9,27,75"/><V100/><F69/><W47/><G120/><T74/><D74/><U60/><E109/><V132/><F71/><W118/><G118/><T22/><D41/><U32/><E122/><V121/><F121/><W85/><G75/><T88/><D59/><N who="2" m="22570" /><F2/><W46/><G126/><N who="0" m="48747" /><D110/><U130/><E130/><V54/><F6/><W80/><G112/><N who="0" m="43051" /><D88/><U131/><E39/><V33/><F33/><W119/><G119/><T91/><D91/><U15/><E131/><V77/><F132/><W34/><G34/><T95/><D95/><N who="1" m="56567" /><E107/><V0/><F0/><W127/><G127/><T57/><D57/><N who="1" m="37231" /><E32/><V64/><F64/><W45/><G102/><T30/><D1/><U89/><E89/><V73/><F73/><W29/><G93/><T4/><AGARI ba="0,0" hai="4,10,13,14,17,22,30,31" m="43051,48747" machi="4" ten="30,12000,2" yaku="18,1,15,1,34,2,52,2" doraHai="26" who="0" fromWho="0" sc="211,120,233,-30,303,-60,253,-30" /><INIT seed="7,0,0,2,4,120" ten="331,203,243,223" oya="3" hai0="3,72,24,133,88,30,121,37,31,26,62,23,63" hai1="95,51,16,115,59,33,108,118,40,13,12,113,35" hai2="18,91,125,132,47,119,10,9,44,103,15,25,107" hai3="71,130,20,11,87,76,101,84,85,68,117,41,42"/><W66/><G117/><T60/><D121/><U19/><E118/><V89/><F119/><W104/><G130/><T1/><D37/><U7/><E108/><V22/><F132/><W43/><G76/><T2/><D133/><U114/><E95/><V28/><F125/><W82/><G82/><T134/><D134/><U48/><E7/><V54/><F107/><W94/><G104/><T74/><REACH who="0" step="1"/><D88/><REACH who="0" ten="321,203,243,223" step="2"/><U58/><REACH who="1" step="1"/><E115/><REACH who="1" ten="321,193,243,223" step="2"/><V131/><F131/><W67/><G101/><T29/><D29/><U6/><E6/><V79/><F103/><W80/><G80/><T52/><D52/><U77/><E77/><V110/><F79/><W127/><G127/><T129/><D129/><U128/><E128/><V21/><F54/><W106/><G106/><T56/><D56/><U69/><E69/><V38/><F28/><W102/><G68/><T46/><D46/><U49/><E49/><V32/><F44/><W39/><G71/><T86/><D86/><U98/><E98/><V112/><F47/><W17/><G39/><T81/><D81/><U100/><E100/><V73/><F38/><W135/><G135/><T4/><D4/><U61/><E61/><V96/><F96/><N who="3" m="59671" /><G67/><T0/><D0/><U57/><E57/><V34/><F89/><W92/><G66/><T5/><D5/><U90/><E90/><V126/><F91/><W83/><G92/><T53/><D53/><U93/><E93/><V70/><F70/><W99/><G99/><T122/><D122/><U65/><E65/><V14/><F126/><W64/><G64/><T36/><D36/><U97/><E97/><RYUUKYOKU ba="0,2" sc="321,15,193,15,243,-15,223,-15" hai0="1,2,3,23,24,26,30,31,60,62,63,72,74" hai1="12,13,16,19,33,35,40,48,51,58,59,113,114" owari="356,45.0,208,-19.0,228,3.0,208,-29.0" /></mjloggm>