<mjloggm ver="2.3"><GO type="169" lobby="0"/><UN n0="%72%76%70" n1="%E3%82%A6%E3%83%AB%E3%83%88%E3%83%A9%E7%AB%8B%E7%9B%B4" n2="%73%5F%6F%6B" n3="%6D%69%6E%32%30%30%32" dan="16,17,16,16" rate="2143.67,2155.13,2091.66,2067.13" sx="M,M,M,F"/><TAIKYOKU oya="0"/><INIT seed="0,0,0,2,4,10" ten="250,250,250,250" oya="0" hai0="134,112,55,79,5,84,124,94,89,107,40,82,106" hai1="130,86,25,129,53,103,131,128,50,93,114,87,122" hai2="31,97,45,23,42,43,109,9,59,92,39,119,85" hai3="28,52,11,70,54,0,56,24,73,96,26,16,132"/><T34/><D34/><U6/><E122/><V27/><F109/><W20/><G70/><T127/><D40/><U77/><E114/><V78/><F119/><W123/><G73/><T29/><D29/><U30/><E77/><V63/><F43/><W135/><G123/><T99/><D5/><U75/><E75/><V68/><F68/><W117/><G117/><T48/><D112/><U57/><N who="1" m="32768" /><DORA hai="118" /><U65/><E65/><V32/><F9/><W90/><G0/><T76/><D134/><N who="3" m="51241" /><G56/><T121/><D121/><U3/><E3/><V104/><F104/><N who="0" m="39978" /><D55/><U33/><E6/><V49/><F32/><N who="3" m="20487" /><G11/><T115/><D48/><U36/><E36/><V102/><F39/><W58/><G58/><T66/><D66/><U15/><E15/><V80/><F59/><W116/><G116/><T41/><D41/><U4/><E4/><V83/><F83/><W67/><G67/><T126/><D115/><U21/><E33/><V14/><F14/><W1/><G1/><T47/><D47/><U37/><E37/><V12/><F12/><W17/><G17/><T110/><D110/><U101/><E50/><V22/><F22/><W100/><G100/><AGARI ba="0,0" hai="76,79,82,84,89,94,99,100,124,126,127" m="39978" machi="100" ten="40,7700,0" yaku="18,1,34,2" doraHai="10,118" who="0" fromWho="3" sc="250,77,250,0,250,0,250,-77" /><INIT seed="0,1,0,2,2,46" ten="327,250,250,173" oya="0" hai0="80,4,98,44,87,92,23,43,25,118,40,91,119" hai1="103,63,132,51,62,38,85,66,97,77,58,130,100" hai2="101,35,115,73,32,74,78,3,120,39,105,106,61" hai3="64,107,8,18,28,21,57,125,84,19,47,133,11"/><T1/><D1/><U48/><E38/><V31/><F31/><W99/><G125/><T93/><D4/><U108/><E130/><V83/><F120/><W70/><G70/><T123/><D93/><N who="1" m="58415" /><E108/><V54/><F54/><W26/><G133/><T127/><D127/><U111/><E111/><V68/><F115/><W14/><G84/><T52/><D123/><U113/><E132/><V122/><F122/><W29/><G47/><T6/><D6/><U114/><E103/><V22/><F22/><W79/><G79/><T121/><D121/><U60/><E114/><V37/><F101/><W71/><G71/><T112/><D112/><U65/><E113/><V9/><F74/><W75/><G75/><T5/><D5/><U88/><E77/><V94/><F94/><W20/><G107/><N who="2" m="40969" /><F9/><W117/><G99/><T27/><D27/><U95/><E58/><V41/><F3/><W104/><G104/><T13/><D13/><U76/><E76/><V30/><F30/><W134/><G134/><T50/><D118/><U2/><E2/><V10/><F10/><W110/><G117/><T0/><D0/><U12/><E12/><V81/><F81/><W17/><G110/><T96/><D96/><U24/><E24/><V45/><F39/><W90/><G90/><N who="0" m="55575" /><D119/><U15/><E15/><V102/><F102/><W36/><G36/><T7/><D7/><U69/><E69/><V67/><AGARI ba="1,0" hai="32,35,37,41,45,61,67,68,73,78,83" m="40969" machi="67" ten="30,2000,0" yaku="33,2" doraHai="46" who="2" fromWho="2" sc="327,-11,250,-6,250,23,173,-6" /><INIT seed="1,0,0,5,2,47" ten="316,244,273,167" oya="1" hai0="121,112,57,131,127,106,69,29,123,92,42,50,72" hai1="24,107,62,73,33,61,22,5,74,125,21,28,103" hai2="110,4,75,83,59,79,51,94,2,9,78,108,52" hai3="135,27,76,6,113,45,87,122,25,82,58,81,1"/><U8/><E125/><V98/><REACH who="2" step="1"/><F78/><REACH who="2" ten="316,244,263,167" step="2"/><W14/><G76/><T70/><D127/><U46/><E74/><V116/><F116/><W118/><G118/><T120/><D72/><U124/><E73/><V89/><AGARI ba="0,1" hai="2,4,9,51,52,59,75,79,83,89,94,98,108,110" machi="89" ten="30,8000,1" yaku="21,2,0,1,52,1,54,1,53,0" doraHai="47" doraHaiUra="132" who="2" fromWho="2" sc="316,-20,244,-40,263,90,167,-20" /><INIT seed="2,0,0,2,3,37" ten="296,204,353,147" oya="2" hai0="40,17,7,79,21,43,69,72,78,2,117,76,14" hai1="67,66,90,64,9,59,85,1,119,91,112,108,81" hai2="135,121,48,10,38,15,51,61,3,114,99,57,132" hai3="98,68,110,25,46,18,128,83,60,73,111,8,63"/><V100/><F3/><W87/><G73/><T113/><D113/><U23/><E112/><V54/><F38/><W88/><G128/><T124/><D124/><U11/><E119/><V16/><F121/><W84/><G98/><T131/><D131/><U125/><E108/><N who="3" m="41514" /><G68/><T6/><D117/><U28/><E125/><V32/><F32/><W95/><G46/><T30/><D69/><U129/><E129/><V13/><F13/><N who="3" m="7463" /><G25/><N who="0" m="16687" /><D72/><U80/><E1/><V71/><F114/><W4/><G4/><N who="0" m="1579" /><D2/><U45/><E59/><V31/><F31/><W55/><G55/><T53/><D53/><U92/><E45/><V96/><F96/><W82/><G82/><T50/><D50/><U42/><E80/><V105/><REACH who="2" step="1"/><F71/><REACH who="2" ten="296,204,343,147" step="2"/><W118/><G118/><T97/><D97/><U123/><E123/><V24/><F24/><W58/><G58/><T107/><D107/><U93/><E9/><AGARI ba="0,1" hai="9,14,17,40,43,76,78,79" m="1579,16687" machi="9" ten="30,3900,0" yaku="8,1,52,2" doraHai="37" who="0" fromWho="1" sc="296,49,204,-39,343,0,147,0" /><INIT seed="3,0,0,0,1,29" ten="345,165,343,147" oya="3" hai0="97,38,50,23,113,2,80,132,48,25,124,88,87" hai1="135,72,128,78,84,73,130,99,89,82,94,111,24" hai2="102,63,8,129,81,28,105,61,65,112,115,62,55" hai3="58,21,114,47,56,75,103,104,106,45,16,117,42"/><W108/><G114/><T30/><D113/><U74/><E24/><V1/><F129/><N who="1" m="49769" /><E111/><V121/><F115/><W79/><G117/><T125/><D132/><AGARI ba="0,0" hai="72,73,74,78,82,84,89,94,99,132,135" m="49769" machi="132" ten="40,5200,0" yaku="19,1,34,2" doraHai="29" who="1" fromWho="0" sc="345,-52,165,52,343,0,147,0" /><INIT seed="4,0,0,2,0,85" ten="293,217,343,147" oya="0" hai0="69,63,56,105,98,55,36,82,67,48,1,73,131" hai1="11,35,77,49,97,16,42,10,62,12,27,41,61" hai2="34,39,114,24,72,117,40,132,129,29,13,88,50" hai3="9,26,126,14,133,127,4,81,44,59,47,38,2"/><T20/><D131/><U31/><E77/><V128/><F72/><W15/><G133/><T84/><D1/><U124/><E124/><N who="3" m="47658" /><G59/><T92/><D73/><U68/><E10/><V65/><F132/><W91/><G26/><T28/><D105/><U119/><E119/><V120/><F120/><W89/><G81/><T99/><D36/><U101/><E49/><V18/><F39/><W112/><G112/><T7/><D7/><U64/><REACH who="1" step="1"/><E62/><REACH who="1" ten="293,207,343,147" step="2"/><V93/><F117/><W76/><G76/><T51/><D51/><U107/><AGARI ba="0,1" hai="11,12,16,27,31,35,41,42,61,64,68,97,101,107" machi="107" ten="20,12000,2" yaku="1,1,2,1,0,1,7,1,25,2,54,1,53,0" doraHai="85" doraHaiUra="86" who="1" fromWho="1" sc="293,-60,207,130,343,-30,147,-30" /><INIT seed="5,0,0,2,1,37" ten="233,337,313,117" oya="1" hai0="24,108,22,57,58,71,28,39,51,20,61,55,78" hai1="38,126,47,96,59,134,118,102,130,23,17,120,74" hai2="85,94,44,111,92,6,113,18,129,50,131,119,72" hai3="125,10,128,68,53,115,27,26,87,3,93,30,33"/><U25/><E120/><V75/><F6/><W65/><G115/><T11/><D108/><U2/><E118/><V103/><F111/><W67/><G128/><N who="2" m="49225" /><F18/><W123/><G123/><T16/><D39/><U133/><E130/><V69/><F69/><W19/><G125/><T56/><D11/><U32/><E74/><N who="2" m="28203" /><F119/><W76/><G68/><T132/><D132/><N who="1" m="50795" /><E2/><V77/><F103/><W116/><G3/><T46/><D78/><U64/><E32/><V97/><F97/><W124/><G76/><T114/><D114/><U99/><E102/><V40/><F113/><W104/><G124/><T127/><D127/><U7/><E7/><V31/><F31/><W89/><G104/><T5/><D5/><U95/><E99/><V4/><F4/><W98/><G116/><T91/><D71/><U112/><E112/><V63/><F63/><W88/><G53/><T105/><D105/><U48/><E96/><V106/><F106/><W34/><G34/><T43/><REACH who="0" step="1"/><D91/><REACH who="0" ten="223,337,313,117" step="2"/><U29/><E126/><V81/><AGARI ba="0,1" hai="40,44,50,77,81,85,92,94" m="28203,49225" machi="81" ten="40,2700,0" yaku="19,1,52,1" doraHai="37" who="2" fromWho="2" sc="223,-7,337,-13,313,37,117,-7" /><INIT seed="6,0,0,4,2,31" ten="216,324,350,110" oya="2" hai0="122,121,104,83,43,133,93,56,25,79,50,28,127" hai1="114,51,45,21,69,2,26,126,90,94,73,3,40" hai2="89,4,17,54,81,61,15,128,55,63,116,27,37" hai3="59,18,120,131,105,112,39,125,68,36,106,80,57"/><V46/><F116/><W96/><G120/><T84/><D104/><U35/><E73/><V20/><F128/><W13/><G68/><T124/><D133/><U75/><E75/><V76/><F89/><W109/><G109/><T129/><D129/><U87/><E69/><V30/><F4/><W42/><G131/><T23/><D93/><U47/><E114/><V38/><F61/><W86/><G112/><T24/><D24/><U8/><E126/><N who="0" m="48169" /><D56/><U135/><E135/><V49/><F55/><W115/><G115/><T41/><D50/><U10/><E35/><V19/><F63/><W99/><G125/><T32/><D23/><U95/><E2/><V29/><F29/><W5/><G5/><T67/><D67/><U11/><E3/><V119/><F17/><W102/><G39/><T6/><D6/><U53/><E94/><V16/><F19/><W130/><G130/><T82/><D82/><U65/><E65/><V110/><F110/><W74/><G42/><AGARI ba="0,0" hai="25,28,32,41,42,43,79,83,84,121,122" m="48169" machi="42" ten="30,2000,0" yaku="18,1,52,1" doraHai="31" who="0" fromWho="3" sc="216,20,324,0,350,0,110,-20" /><INIT seed="7,0,0,0,3,39" ten="236,324,350,90" oya="3" hai0="7,109,96,46,60,119,68,12,87,2,91,14,78" hai1="19,120,30,58,88,92,95,4,103,22,99,98,70" hai2="43,101,89,41,64,84,40,112,74,86,18,118,76" hai3="28,134,5,50,23,11,82,61,123,133,0,111,34"/><W108/><G82/><T126/><D2/><U37/><E70/><V38/><F118/><W102/><G102/><T42/><D119/><U53/><E37/><V73/><F112/><W80/><G80/><T15/><D109/><N who="3" m="42057" /><G61/><T79/><D126/><U69/><E69/><V63/><F73/><W52/><G123/><T130/><D130/><U83/><E4/><V51/><F74/><W59/><G23/><T75/><D7/><U125/><E125/><V100/><F76/><W32/><G28/><T81/><D96/><U62/><E120/><V106/><F101/><W25/><G25/><T121/><D121/><U93/><E30/><V29/><F100/><W71/><G71/><T85/><D75/><U36/><E36/><V117/><F106/><W67/><G67/><T27/><D27/><N who="1" m="14815" /><E83/><N who="2" m="49311" /><F29/><W1/><G1/><T55/><D68/><U45/><E45/><N who="2" m="26047" /><F38/><W105/><G105/><T129/><D60/><U10/><E10/><V131/><F131/><W94/><G94/><AGARI ba="0,0" hai="53,58,62,88,92,93,94,95,98,99,103" m="14815" machi="94" ten="30,3900,0" yaku="25,1,8,1,54,1" doraHai="39" who="1" fromWho="3" sc="236,0,324,39,350,0,90,-39" owari="236,-16.0,363,46.0,350,15.0,51,-45.0" /></mjloggm>