<mjloggm ver="2.3"><GO type="97" lobby="0"/><UN n0="%E5%B0%B1%E6%B4%BB%E7%94%9F%40%E5%B7%9D%E6%9D%91%E8%BB%8D%E5%9B%A3" n1="%54%70%70" n2="%61%7A%61%6E%61" n3="%E3%81%AB%E3%81%8F%E3%82%80%E3%81%AD" dan="15,13,13,15" rate="2017.13,1815.98,1832.70,1976.73" sx="M,M,F,M"/><TAIKYOKU oya="0"/><INIT seed="0,0,0,4,3,120" ten="250,250,250,250" oya="0" hai0="99,60,117,127,111,47,116,88,21,124,33,15,133" hai1="121,130,132,80,13,37,20,110,73,61,57,126,19" hai2="95,45,108,35,82,38,98,66,103,93,22,129,65" hai3="125,29,46,39,5,17,104,7,10,1,3,119,72"/><T34/><D47/><U84/><E121/><V105/><F35/><N who="0" m="13322" /><D60/><U6/><E37/><V8/><F129/><W52/><G119/><N who="0" m="45643" /><D133/><U76/><E130/><V115/><F115/><W75/><G104/><T59/><D59/><U94/><E132/><V71/><F71/><W109/><G29/><T44/><D44/><U23/><E126/><N who="0" m="48169" /><D21/><U55/><E6/><V14/><F22/><W0/><G125/><T90/><D15/><U128/><E128/><V114/><F114/><W122/><G52/><T18/><D18/><U51/><E73/><N who="3" m="28234" /><G17/><T85/><D99/><U101/><E23/><V26/><F45/><W40/><G122/><T97/><D97/><U49/><E110/><V48/><F108/><W2/><G7/><T70/><D70/><U112/><E112/><V81/><F14/><W64/><G64/><T56/><D56/><U134/><E134/><V53/><F66/><W135/><G135/><T30/><D30/><U100/><E100/><V118/><F65/><W27/><G27/><T113/><D113/><U102/><E102/><V50/><F26/><W43/><G43/><T78/><D111/><AGARI ba="0,0" hai="0,1,2,3,5,10,39,40,46,109,111" m="28234" machi="111" ten="40,5200,0" yaku="23,1,52,2" doraHai="120" who="3" fromWho="0" sc="250,-52,250,0,250,0,250,52" /><INIT seed="1,0,0,2,0,85" ten="198,250,250,302" oya="1" hai0="57,81,29,79,15,39,3,12,21,75,26,114,116" hai1="44,43,37,27,115,72,46,87,68,113,124,122,1" hai2="62,102,58,64,53,82,83,132,86,61,90,88,22" hai3="129,32,59,23,126,98,77,76,49,56,92,125,109"/><U14/><E1/><V104/><F132/><W6/><G32/><T8/><D116/><U50/><E122/><V135/><F135/><W74/><G74/><T66/><D114/><U117/><E72/><V97/><F22/><W108/><G6/><T94/><D39/><U99/><E117/><V19/><F19/><W123/><G123/><T47/><D3/><U65/><E124/><N who="3" m="47722" /><G23/><T127/><D127/><U100/><E87/><V107/><F107/><W13/><G13/><T119/><D119/><U118/><E118/><V40/><F40/><W36/><G36/><T4/><D47/><U28/><E14/><V131/><F131/><W93/><G49/><T106/><D106/><U78/><E78/><N who="3" m="30314" /><G129/><T48/><D94/><N who="3" m="36457" /><G98/><T112/><D112/><U24/><E115/><V121/><F121/><W7/><G7/><T35/><D15/><U80/><E80/><V55/><REACH who="2" step="1"/><F62/><REACH who="2" ten="198,250,240,302" step="2"/><W42/><G42/><T84/><D35/><U95/><E113/><V130/><F130/><W89/><G89/><T16/><D75/><U111/><E111/><AGARI ba="0,1" hai="56,59,108,109,111" m="36457,30314,47722" machi="111" ten="40,8000,1" yaku="28,2,14,1,18,1" doraHai="85" who="3" fromWho="1" sc="198,0,250,-80,240,0,302,90" /><INIT seed="2,0,0,0,1,44" ten="198,170,240,392" oya="2" hai0="122,85,77,115,13,132,60,32,45,99,58,50,70" hai1="23,25,83,9,59,101,67,84,47,75,106,125,100" hai2="87,118,130,22,89,133,40,98,16,56,103,109,128" hai3="30,93,63,134,116,11,79,88,31,123,120,20,42"/><V0/><F118/><W90/><G116/><T81/><D122/><U72/><E125/><V10/><F40/><W110/><G42/><T2/><D2/><U41/><E9/><V8/><F0/><W129/><G79/><T112/><D32/><U24/><E72/><V135/><F109/><W104/><G104/><T107/><D70/><U6/><E75/><V38/><F38/><W80/><G129/><N who="2" m="49769" /><F56/><W28/><G11/><T124/><D124/><U46/><E6/><V19/><F19/><W61/><G110/><T43/><D132/><N who="2" m="50762" /><F87/><N who="3" m="50279" /><G134/><T15/><D112/><U18/><E106/><N who="2" m="63863" /><F89/><W119/><G119/><T113/><D115/><U4/><E4/><V117/><F117/><W26/><G123/><T14/><D113/><U74/><E74/><V82/><F82/><W21/><G120/><T114/><D114/><U105/><E105/><V39/><F39/><W66/><G66/><N who="0" m="39191" /><D107/><U64/><E25/><AGARI ba="0,0" hai="8,10,16,22,25" m="63863,50762,49769" machi="25" ten="30,5800,0" yaku="19,1,20,1,54,1" doraHai="44" who="2" fromWho="1" sc="198,0,170,-58,240,58,392,0" /><INIT seed="2,1,0,0,3,133" ten="198,112,298,392" oya="2" hai0="127,123,68,0,35,122,13,21,84,56,77,71,3" hai1="124,96,16,102,46,6,48,49,135,128,1,28,27" hai2="131,89,15,125,97,81,26,126,115,5,41,61,118" hai3="92,36,72,39,25,79,85,80,105,117,4,121,82"/><V60/><F115/><W51/><G4/><T30/><D35/><U24/><E135/><V110/><F118/><W32/><G121/><T114/><D114/><U129/><E1/><V14/><F41/><W58/><G117/><T19/><D30/><U103/><E6/><V9/><F26/><W91/><G36/><T11/><D127/><N who="2" m="48650" /><F131/><N who="1" m="50249" /><E124/><V40/><F40/><W120/><G39/><T64/><D71/><U38/><E38/><V73/><F110/><W43/><G120/><T119/><D68/><U90/><E90/><V94/><F15/><W78/><G25/><T50/><D119/><U18/><E27/><V109/><F109/><W22/><G32/><T108/><D108/><U44/><E28/><V2/><F2/><W29/><G29/><T10/><D3/><U23/><E18/><V75/><F75/><W134/><G134/><T20/><D0/><U12/><E24/><V31/><F31/><W45/><G22/><T17/><D122/><U76/><E76/><AGARI ba="1,0" hai="5,9,14,60,61,73,76,81,89,94,97" m="48650" machi="76" ten="30,11600,0" yaku="18,1,52,3" doraHai="133" who="2" fromWho="1" sc="198,0,112,-119,298,119,392,0" owari="198,-20.0,-7,-51.0,417,52.0,392,19.0" /></mjloggm>