<mjloggm ver="2.3"><GO type="169" lobby="0"/><UN n0="%E3%82%A6%E3%83%AB%E3%83%88%E3%83%A9%E7%AB%8B%E7%9B%B4" n1="%E7%9B%AE%E6%A8%99%EF%BC%B2%EF%BC%92%EF%BC%91%EF%BC%90%EF%BC%90%E2%99%AA" n2="%E3%81%91%E3%82%93%31%39%37%30" n3="%E3%83%96%E3%83%A9%E3%83%95%E3%83%BB%4E%61%76%69" dan="17,17,16,16" rate="2169.79,2144.92,2154.79,2157.59" sx="M,F,M,M"/><TAIKYOKU oya="0"/><INIT seed="0,0,0,1,3,87" ten="250,250,250,250" oya="0" hai0="11,106,51,1,114,53,30,119,36,112,68,93,26" hai1="10,125,118,27,63,82,116,92,6,86,46,94,3" hai2="133,90,98,33,77,78,66,110,61,122,121,50,132" hai3="95,96,104,67,72,99,24,9,111,48,42,83,103"/><T5/><D106/><U19/><E125/><V17/><F33/><W129/><G111/><T23/><D119/><U4/><E4/><V91/><F110/><W80/><G129/><T117/><D117/><U75/><E75/><V79/><F50/><W73/><G67/><T128/><D68/><U2/><E2/><V37/><F37/><W127/><G127/><T32/><D36/><U76/><E116/><V15/><F98/><W105/><G9/><T123/><D123/><U22/><E118/><V55/><F55/><W70/><G70/><T12/><D93/><U62/><E46/><V124/><F124/><W43/><G24/><T38/><D38/><U31/><E92/><V71/><F121/><W60/><G95/><T126/><D126/><U0/><E0/><V29/><F29/><W44/><G48/><T69/><D69/><U88/><REACH who="1" step="1"/><E31/><REACH who="1" ten="250,240,250,250" step="2"/><V49/><F122/><W81/><G44/><T85/><D128/><U89/><E89/><N who="2" m="33803" /><F79/><W39/><G39/><T45/><D85/><U28/><E28/><V20/><F49/><W16/><G60/><T40/><D40/><U113/><E113/><V107/><F107/><W120/><G120/><T14/><D1/><U8/><E8/><V47/><F47/><W25/><G72/><T130/><D130/><U131/><E131/><V135/><AGARI ba="0,1" hai="15,17,20,61,66,71,77,78,132,133,135" m="33803" machi="135" ten="40,8000,1" yaku="20,1,52,3" doraHai="87" who="2" fromWho="2" sc="250,-40,240,-20,250,90,250,-20" /><INIT seed="1,0,0,3,2,1" ten="210,220,340,230" oya="1" hai0="135,54,129,53,134,124,76,126,97,86,100,13,57" hai1="88,65,92,50,119,122,121,80,15,28,120,91,78" hai2="47,26,66,14,7,106,43,73,130,21,10,5,8" hai3="84,132,96,105,109,70,52,42,101,118,36,18,113"/><U4/><E119/><V23/><F73/><W46/><G118/><T38/><D38/><U9/><E28/><V0/><F106/><W6/><G109/><T48/><D86/><U116/><E65/><V51/><F130/><W27/><G70/><T17/><D76/><U61/><E116/><V64/><REACH who="2" step="1"/><F23/><REACH who="2" ten="210,220,330,230" step="2"/><W74/><G74/><T34/><D34/><U117/><E117/><V12/><F12/><W103/><G105/><T115/><D115/><U32/><E32/><V87/><F87/><W71/><G84/><T133/><D13/><U40/><E92/><V60/><F60/><W75/><G75/><T25/><D25/><U49/><E61/><V90/><F90/><W11/><G27/><T41/><D100/><U77/><E77/><V83/><F83/><W37/><G101/><T16/><D97/><U72/><REACH who="1" step="1"/><E49/><REACH who="1" ten="210,210,330,230" step="2"/><V108/><F108/><W112/><G112/><T93/><D48/><U22/><E22/><V35/><F35/><W81/><G113/><T19/><D134/><U79/><E79/><V68/><F68/><W94/><G71/><T29/><D135/><U85/><E85/><V104/><F104/><W3/><G132/><T110/><D133/><U2/><E2/><V30/><AGARI ba="0,2" hai="0,5,7,8,10,14,21,26,30,43,47,51,64,66" machi="30" ten="20,8000,1" yaku="1,1,0,1,7,1,52,2,53,0" doraHai="1" doraHaiUra="56" who="2" fromWho="2" sc="210,-20,210,-40,330,100,230,-20" /><INIT seed="2,0,0,3,5,28" ten="190,170,430,210" oya="2" hai0="117,54,55,43,105,41,106,100,58,25,120,24,116" hai1="30,42,119,102,31,36,81,132,16,61,52,75,86" hai2="121,89,78,59,130,98,134,62,124,38,107,17,80" hai3="27,37,68,56,111,128,9,76,47,108,60,22,112"/><V57/><F38/><W49/><G37/><T109/><D58/><N who="1" m="35015" /><E75/><V3/><F121/><W64/><G128/><T113/><D100/><U77/><E36/><V48/><F3/><W50/><G112/><T65/><D65/><U8/><E119/><V70/><F130/><W15/><G76/><T103/><D103/><U99/><E132/><V125/><F134/><W21/><G68/><T123/><REACH who="0" step="1"/><D113/><REACH who="0" ten="180,170,430,210" step="2"/><U10/><E42/><V85/><F124/><W91/><G64/><T73/><D73/><U29/><E102/><V12/><F125/><W23/><G56/><T97/><D97/><U35/><E99/><V83/><F70/><W95/><G27/><T53/><D53/><U39/><E39/><V45/><F107/><W19/><G50/><T66/><D66/><U2/><E86/><N who="2" m="50399" /><F98/><W32/><G60/><T5/><D5/><U84/><E84/><V40/><F62/><W94/><G49/><T101/><D101/><U69/><E69/><V26/><F26/><W51/><G51/><T20/><D20/><AGARI ba="0,1" hai="12,17,20,40,45,48,57,59,78,80,85" m="50399" machi="20" ten="30,1500,0" yaku="8,1" doraHai="28" who="2" fromWho="0" sc="180,-15,170,0,430,25,210,0" /><INIT seed="2,1,0,2,4,132" ten="165,170,455,210" oya="2" hai0="125,2,120,23,67,109,126,39,28,52,71,58,97" hai1="55,80,85,35,70,122,56,53,48,87,101,4,47" hai2="64,135,57,78,94,26,31,8,118,61,45,60,77" hai3="14,25,123,127,73,66,133,54,113,98,5,124,10"/><V29/><F118/><W15/><G133/><T22/><D2/><U84/><E35/><V93/><F135/><W83/><G123/><T102/><D39/><U79/><E122/><V86/><F45/><W112/><G66/><T11/><D11/><U105/><E70/><V65/><F8/><N who="3" m="4367" /><G98/><T92/><D120/><U121/><E121/><V38/><F38/><W30/><G54/><T63/><D109/><U46/><E105/><V134/><F134/><W12/><G83/><T19/><D28/><U68/><E68/><V24/><F86/><N who="1" m="33385" /><E101/><V44/><F44/><N who="1" m="16937" /><E55/><V50/><F57/><W21/><G73/><T69/><D23/><U72/><E72/><V116/><F116/><W111/><G12/><T3/><D3/><U7/><AGARI ba="1,0" hai="4,7,48,53,56,79,80,87" m="16937,33385" machi="7" ten="30,1100,0" yaku="8,1" doraHai="132" who="1" fromWho="1" sc="165,-4,170,14,455,-6,210,-4" /><INIT seed="3,0,0,3,2,82" ten="161,184,449,206" oya="3" hai0="59,73,128,60,5,77,79,50,124,16,103,127,92" hai1="117,110,11,116,9,70,44,89,57,22,45,84,18" hai2="86,90,85,63,34,100,68,31,105,49,35,109,37" hai3="66,81,99,115,2,91,94,17,96,53,30,21,46"/><W14/><G115/><T19/><D5/><U39/><E70/><V122/><F37/><W51/><G2/><T8/><D50/><U118/><E110/><V119/><F119/><W135/><G135/><T108/><D108/><U62/><E11/><V111/><F49/><W29/><G66/><T67/><D128/><U88/><E9/><V20/><F20/><W71/><G71/><T133/><D133/><U55/><E89/><V80/><F122/><W42/><G81/><T40/><D40/><U107/><E107/><V54/><F35/><W64/><G64/><T134/><D134/><U47/><E39/><V10/><F10/><W132/><G132/><T69/><D69/><U83/><E45/><V113/><F113/><W78/><G78/><T36/><D36/><U12/><AGARI ba="0,0" hai="12,18,22,44,47,55,57,62,83,84,88,116,117,118" machi="12" ten="30,7900,0" yaku="0,1,12,1,52,1,54,1" doraHai="82" who="1" fromWho="1" sc="161,-20,184,79,449,-20,206,-39" /><INIT seed="4,0,0,4,1,14" ten="141,263,429,167" oya="0" hai0="124,9,37,20,97,126,48,19,26,72,116,121,30" hai1="53,28,32,65,88,103,41,57,134,5,4,86,16" hai2="77,133,64,40,34,15,112,135,39,54,117,131,1" hai3="0,51,78,3,125,75,100,90,105,111,44,69,83"/><T123/><D37/><U85/><E32/><V87/><F1/><W68/><G111/><T13/><D72/><U110/><E110/><V27/><F64/><W82/><G125/><N who="0" m="48235" /><D97/><U127/><E127/><V8/><F131/><W104/><G0/><T76/><D76/><U42/><E28/><V119/><F112/><W35/><G3/><T92/><D92/><N who="1" m="54287" /><E103/><V24/><F54/><W130/><G130/><T23/><D48/><N who="1" m="30887" /><E134/><N who="2" m="51211" /><F40/><N who="1" m="15465" /><E65/><V7/><F39/><W101/><G101/><T11/><D116/><N who="2" m="44618" /><F34/><W59/><G35/><T10/><AGARI ba="0,0" hai="9,10,11,13,19,20,23,26,30,121,123" m="48235" machi="10" ten="30,11700,0" yaku="18,1,34,2,52,1" doraHai="14" who="0" fromWho="0" sc="141,117,263,-39,429,-39,167,-39" /><INIT seed="4,1,0,4,3,45" ten="258,224,390,128" oya="0" hai0="135,76,4,83,95,11,73,23,61,56,90,89,86" hai1="40,79,125,63,75,108,21,78,14,105,128,112,94" hai2="39,122,53,77,28,92,103,109,91,130,47,88,87" hai3="13,58,7,35,127,132,74,27,19,57,106,114,96"/><T99/><D135/><U129/><E105/><V84/><F122/><W66/><G132/><T133/><D133/><U26/><E108/><V6/><F109/><W72/><G114/><T17/><D4/><U102/><E112/><V107/><F130/><N who="1" m="50281" /><E125/><V97/><F28/><W62/><G127/><T25/><D11/><U34/><E34/><V100/><F6/><W113/><G113/><T18/><D18/><U117/><E117/><V20/><F20/><W9/><G58/><T50/><D50/><U131/><E40/><V37/><F100/><W12/><G96/><T51/><D51/><U120/><E120/><V68/><F77/><W119/><G106/><T121/><D121/><U110/><E110/><V41/><F53/><W38/><G38/><T115/><D115/><U70/><E75/><V98/><F68/><W48/><G119/><T42/><D42/><U15/><E131/><V44/><F91/><W43/><G27/><T1/><D1/><U2/><E2/><V8/><F8/><W126/><G35/><T93/><REACH who="0" step="1"/><D56/><REACH who="0" ten="248,224,390,128" step="2"/><U32/><E14/><V82/><F39/><W55/><G126/><T118/><D118/><U116/><E15/><V46/><F37/><W81/><G43/><T10/><D10/><U101/><E116/><V59/><F59/><W16/><G7/><T67/><D67/><U71/><E71/><V24/><F41/><W52/><G55/><T33/><D33/><U111/><E32/><V54/><F54/><W69/><REACH who="3" step="1"/><G81/><REACH who="3" ten="248,224,390,118" step="2"/><T124/><D124/><U30/><E70/><V36/><F36/><W31/><G31/><T134/><D134/><RYUUKYOKU ba="1,2" sc="248,15,224,-15,390,-15,118,15" hai0="17,23,25,61,73,76,83,86,89,90,93,95,99" hai3="9,12,13,16,19,48,52,57,62,66,69,72,74" /><INIT seed="4,2,2,4,2,89" ten="263,209,375,133" oya="0" hai0="100,61,81,134,96,74,102,50,41,131,36,67,31" hai1="88,60,44,37,114,123,104,3,92,125,13,58,80" hai2="101,111,51,24,34,10,65,85,40,113,75,49,135" hai3="93,130,112,72,115,108,52,19,121,86,105,68,78"/><T99/><D36/><U46/><E104/><V98/><F75/><W25/><G68/><T7/><D131/><U70/><E3/><V64/><F111/><W69/><G69/><T14/><D134/><U84/><E70/><V132/><F113/><N who="3" m="43595" /><G105/><T54/><D41/><U5/><E114/><V122/><F122/><W87/><G121/><T118/><D118/><U71/><E123/><V120/><F85/><N who="3" m="32267" /><G108/><T59/><D31/><U22/><E71/><V6/><F120/><W119/><G119/><T27/><D27/><U23/><E125/><V103/><F24/><W0/><G0/><T42/><D42/><U91/><E37/><V109/><F34/><W45/><G130/><T9/><D81/><U18/><E5/><V8/><F6/><W116/><G116/><T32/><D32/><U53/><E23/><V1/><F1/><W127/><G127/><T4/><D74/><U126/><E126/><V55/><F40/><W28/><G19/><T133/><D4/><U117/><E117/><V15/><F109/><W47/><G93/><T77/><D133/><U79/><REACH who="1" step="1"/><E91/><REACH who="1" ten="263,199,375,133" step="2"/><V62/><F132/><W21/><G78/><T33/><D77/><U82/><E82/><V35/><F35/><W83/><G83/><T110/><D33/><U128/><E128/><V76/><F76/><W129/><G129/><T12/><D110/><U73/><AGARI ba="2,3" hai="13,18,22,44,46,53,58,60,73,79,80,84,88,92" machi="73" ten="20,12000,2" yaku="1,1,0,1,7,1,52,1,54,1,53,2" doraHai="89" doraHaiUra="43" who="1" fromWho="1" sc="263,-62,199,156,375,-32,133,-32" /><INIT seed="5,0,0,0,5,0" ten="201,355,343,101" oya="1" hai0="23,112,113,103,99,33,80,89,26,56,131,57,5" hai1="125,132,71,102,78,115,77,108,51,14,116,30,50" hai2="81,88,11,19,46,66,74,49,35,95,31,92,107" hai3="117,12,54,114,84,17,68,3,129,39,130,100,67"/><U135/><E71/><V76/><F107/><W28/><G3/><T7/><D33/><U61/><E116/><V87/><F66/><W60/><G117/><T119/><D89/><U55/><E30/><V98/><F35/><W94/><G114/><N who="0" m="44139" /><D80/><U43/><E102/><V73/><F31/><W37/><G28/><N who="0" m="17503" /><D119/><U91/><E115/><V44/><F44/><W127/><G127/><T96/><D96/><U9/><E125/><V126/><F126/><W65/><G65/><T25/><D25/><U16/><E108/><V34/><F34/><W104/><G104/><N who="0" m="63615" /><D131/><U123/><E123/><V62/><F62/><W15/><G130/><T36/><D36/><U53/><E61/><V128/><F128/><W93/><G129/><T24/><D24/><U82/><E91/><V120/><F120/><W106/><G106/><T105/><D105/><U13/><E13/><V58/><F95/><W83/><G12/><T18/><D18/><U52/><E77/><V21/><F11/><W48/><G37/><T134/><D134/><N who="1" m="51243" /><E43/><V41/><F58/><AGARI ba="0,0" hai="5,7,56,57,58" m="63615,17503,44139" machi="58" ten="30,3900,0" yaku="15,1,52,2" doraHai="0" who="0" fromWho="2" sc="201,39,355,0,343,-39,101,0" /><INIT seed="6,0,0,5,3,49" ten="240,355,304,101" oya="2" hai0="66,79,102,1,14,125,112,96,41,91,61,23,65" hai1="99,52,107,54,15,110,44,85,86,115,13,6,58" hai2="129,29,111,126,43,81,46,122,69,68,119,130,59" hai3="94,11,135,4,134,35,108,34,8,26,101,2,75"/><V89/><F29/><N who="3" m="19767" /><G75/><T103/><D1/><U45/><E110/><V109/><F89/><W72/><G72/><T20/><D79/><U98/><E115/><V60/><F81/><W131/><G94/><N who="0" m="56415" /><D112/><U133/><E133/><N who="3" m="50698" /><G101/><T42/><D125/><U51/><E107/><V55/><F126/><W48/><G48/><T82/><D82/><U95/><E6/><V24/><F24/><W105/><G105/><T106/><D106/><U76/><E99/><V21/><F21/><W37/><G37/><T3/><D20/><U90/><E45/><V18/><F18/><W100/><G100/><T0/><D0/><U47/><E47/><V36/><F119/><W73/><G73/><T50/><D3/><U84/><E76/><V67/><F122/><W56/><G56/><T116/><D116/><U40/><REACH who="1" step="1"/><E54/><REACH who="1" ten="240,345,304,101" step="2"/><V19/><F19/><W25/><G108/><N who="2" m="41545" /><F55/><W30/><G131/><AGARI ba="0,1" hai="36,43,46,59,60,67,68,69,129,130,131" m="41545" machi="131" ten="30,11600,0" yaku="19,1,10,1,34,2" doraHai="49" who="2" fromWho="3" sc="240,0,345,0,304,126,101,-116" owari="240,-16.0,345,15.0,430,53.0,-15,-52.0" /></mjloggm>