<mjloggm ver="2.3"><GO type="41" lobby="0"/><UN n0="%E3%81%98%E3%82%83%E3%82%93%E3%81%9B%EF%BD%9E" n1="%E3%81%BF%E3%81%A9%E3%82%8A%E8%8C%B6" n2="%E5%B0%B1%E6%B4%BB%E7%94%9F%40%E5%B7%9D%E6%9D%91%E8%BB%8D%E5%9B%A3" n3="%E3%81%A9%E3%81%8F%E3%82%8A%E3%82%93%E3%81%94%E3%82%B5%E3%83%AF%E3%83%BC" dan="13,15,16,17" rate="1911.60,1979.13,2071.98,2100.45" sx="M,M,M,F"/><TAIKYOKU oya="0"/><INIT seed="0,0,0,4,3,101" ten="250,250,250,250" oya="0" hai0="50,87,103,4,68,114,37,44,129,26,97,100,60" hai1="65,51,24,124,28,14,104,95,133,56,83,106,43" hai2="30,78,23,81,73,53,135,125,49,113,41,85,71" hai3="0,79,1,19,18,9,122,98,126,21,117,5,80"/><T108/><D114/><U7/><E133/><V119/><F71/><W12/><G117/><T8/><D37/><U121/><E121/><V110/><F119/><W91/><G122/><T25/><D129/><U16/><E124/><V69/><F69/><W64/><G126/><T48/><D108/><U45/><E7/><V105/><F113/><W63/><G19/><T89/><D50/><U82/><E82/><V111/><F135/><W67/><G0/><T128/><D128/><U6/><E6/><V90/><F41/><W58/><G98/><T62/><D100/><U72/><E95/><V38/><F105/><W3/><G91/><T39/><D39/><U54/><E65/><V47/><F38/><W120/><G120/><T11/><D68/><U96/><E96/><V109/><F125/><W134/><G134/><T32/><D32/><U42/><E83/><V22/><F30/><W29/><G29/><T107/><D60/><U66/><E66/><V46/><F47/><W77/><G67/><T20/><D62/><U118/><E118/><V88/><F90/><W52/><G64/><T112/><D112/><U99/><E99/><V115/><F115/><W116/><G116/><T132/><D132/><U15/><E72/><V130/><F130/><W93/><G93/><AGARI ba="0,0" hai="22,23,46,49,53,73,78,81,85,88,93,109,110,111" machi="93" ten="40,2600,0" yaku="14,1,54,1" doraHai="101" who="2" fromWho="3" sc="250,0,250,0,250,26,250,-26" /><INIT seed="1,0,0,3,1,19" ten="250,250,276,224" oya="1" hai0="93,71,64,55,45,115,88,102,7,30,68,26,98" hai1="110,35,118,91,92,43,120,111,83,41,48,101,135" hai2="33,58,12,38,3,78,80,51,50,116,128,107,5" hai3="90,112,109,24,87,2,134,67,79,18,31,21,56"/><U6/><E120/><V70/><F70/><W40/><G2/><T113/><D7/><U66/><E118/><V69/><F69/><W23/><G112/><T27/><D71/><U85/><E135/><V4/><F33/><W126/><G134/><T114/><D30/><U13/><E35/><V59/><F38/><W123/><G123/><T1/><D1/><U84/><E101/><V127/><F107/><W121/><G121/><T14/><D14/><U73/><E73/><V124/><F3/><W16/><G109/><N who="1" m="41482" /><E66/><V129/><F12/><N who="3" m="9351" /><G126/><N who="2" m="48169" /><F116/><W47/><G79/><T57/><D45/><U105/><E105/><V52/><F80/><N who="3" m="49511" /><G40/><T108/><D108/><U75/><E48/><N who="2" m="18475" /><F78/><W100/><G47/><T11/><D114/><U34/><E34/><V10/><F10/><W133/><G133/><T20/><D11/><N who="1" m="4343" /><E75/><V130/><F52/><W22/><G100/><T44/><D102/><U81/><E81/><V99/><F5/><W77/><G77/><AGARI ba="0,0" hai="41,43,77,83,84,85,91,92" m="4343,41482" machi="77" ten="30,2900,0" yaku="14,1,10,1" doraHai="19" who="1" fromWho="3" sc="250,0,250,29,276,0,224,-29" /><INIT seed="1,1,0,0,3,131" ten="250,279,276,195" oya="1" hai0="4,43,118,85,16,103,61,66,129,6,109,69,116" hai1="135,20,2,93,55,29,12,23,38,80,133,106,35" hai2="18,60,73,25,121,68,117,126,3,62,134,107,128" hai3="0,63,94,81,31,130,87,28,64,88,77,112,79"/><U14/><E106/><V52/><RYUUKYOKU type="yao9" ba="1,0" sc="250,0,279,0,276,0,195,0" hai2="3,18,25,52,60,62,68,73,107,117,121,126,128,134" /><INIT seed="1,2,0,1,0,28" ten="250,279,276,195" oya="1" hai0="129,90,104,134,22,91,124,75,3,8,74,71,38" hai1="26,78,33,128,99,4,76,105,96,49,47,65,120" hai2="121,44,72,1,117,85,51,7,58,53,12,98,69" hai3="25,0,108,55,37,13,34,77,24,109,133,16,110"/><U17/><E120/><V67/><F72/><W100/><G37/><T80/><D22/><U50/><E128/><V48/><F117/><W64/><G64/><T36/><D80/><U27/><E65/><V31/><F1/><W92/><G77/><T118/><D8/><U29/><E4/><V57/><F121/><W114/><G0/><T126/><D3/><U82/><E78/><V87/><F69/><W79/><G79/><T70/><D134/><U103/><E99/><V2/><F2/><W6/><G133/><T66/><D66/><U52/><E17/><V101/><F31/><N who="3" m="19815" /><G55/><T125/><D104/><U10/><E10/><N who="2" m="4191" /><F67/><W94/><G100/><T111/><D111/><N who="3" m="28417" /><W130/><DORA hai="14" /><G114/><T35/><D124/><U102/><E102/><V23/><F23/><N who="3" m="13543" /><G130/><T132/><D132/><U39/><E39/><V21/><F101/><W116/><G116/><T63/><D129/><U19/><E103/><V113/><F113/><W122/><G122/><T43/><D118/><U18/><E52/><V60/><F53/><W15/><G6/><T62/><REACH who="0" step="1"/><D43/><REACH who="0" ten="240,279,276,195" step="2"/><U68/><E76/><V107/><F107/><W5/><G5/><T95/><D95/><AGARI ba="2,1" hai="13,15,92,94,95" m="13543,28417,19815" machi="95" ten="40,8000,1" yaku="14,1,52,2,54,1" doraHai="28,14" who="3" fromWho="0" sc="240,-86,279,0,276,0,195,96" /><INIT seed="2,0,0,1,3,114" ten="154,279,276,291" oya="2" hai0="92,75,63,51,122,31,128,40,80,22,85,21,38" hai1="53,33,77,117,36,126,17,115,6,103,110,133,134" hai2="25,26,81,98,41,95,121,55,86,72,120,78,66" hai3="5,52,32,27,71,82,4,14,58,123,10,45,8"/><V59/><F66/><W20/><G71/><T84/><D38/><U60/><E60/><V61/><F72/><W50/><G32/><T3/><D3/><U47/><E53/><V102/><REACH who="2" step="1"/><F41/><REACH who="2" ten="154,279,266,291" step="2"/><W119/><G123/><AGARI ba="0,1" hai="25,26,55,59,61,78,81,86,95,98,102,120,121,123" machi="123" ten="40,3900,0" yaku="1,1,2,1,53,0" doraHai="114" doraHaiUra="13" who="2" fromWho="3" sc="154,0,279,0,266,49,291,-39" /><INIT seed="2,1,0,4,0,128" ten="154,279,315,252" oya="2" hai0="22,53,32,125,81,116,132,44,122,28,34,119,95" hai1="77,19,58,72,56,36,110,80,92,108,41,64,109" hai2="10,35,47,69,12,76,91,17,104,50,123,87,33" hai3="121,57,63,117,46,124,42,1,9,71,73,65,23"/><V118/><F123/><W126/><G73/><T59/><D122/><U130/><E130/><V4/><F118/><N who="0" m="45098" /><D125/><N who="3" m="48233" /><G117/><T114/><D114/><U52/><E64/><V66/><F104/><W113/><G1/><T39/><D95/><U30/><E30/><V133/><F76/><W134/><G113/><T75/><D132/><U61/><E92/><V83/><F133/><W82/><G82/><T111/><D111/><U68/><E68/><V5/><F35/><W101/><G101/><T135/><D135/><U100/><E58/><V78/><F33/><W96/><G9/><T85/><D75/><U13/><E100/><V129/><F129/><W7/><G96/><T102/><D102/><U8/><E41/><V90/><F90/><W20/><G7/><T45/><D45/><U14/><E14/><V25/><F25/><W40/><G134/><T51/><D39/><AGARI ba="1,0" hai="8,13,19,36,39,52,56,61,72,77,80,108,109,110" machi="39" ten="40,2600,0" yaku="14,1,54,1" doraHai="128" who="1" fromWho="0" sc="154,-29,279,29,315,0,252,0" /><INIT seed="3,0,0,4,0,122" ten="125,308,315,252" oya="3" hai0="6,73,113,135,49,80,52,134,123,39,78,126,16" hai1="121,2,14,61,11,68,7,101,89,130,40,18,69" hai2="116,74,13,82,72,35,84,71,55,117,33,96,111" hai3="131,27,99,102,54,24,81,37,70,63,119,103,4"/><W1/><G37/><T12/><D123/><U50/><E130/><V29/><F71/><W88/><G131/><T5/><D39/><U60/><E121/><V75/><F96/><W85/><G103/><T128/><D128/><U97/><E68/><V86/><F55/><W28/><G119/><T15/><D113/><U90/><E69/><V26/><F35/><W66/><G54/><T44/><D126/><U67/><E67/><V92/><F111/><W109/><G109/><T125/><D125/><U38/><E38/><V91/><REACH who="2" step="1"/><F13/><REACH who="2" ten="125,308,305,252" step="2"/><W132/><G132/><N who="0" m="50731" /><D15/><U57/><E14/><V56/><F56/><W47/><G47/><T30/><D30/><U115/><E57/><V10/><F10/><AGARI ba="0,1" hai="5,6,10,12,16,44,49,52,73,78,80" m="50731" machi="10" ten="30,3900,0" yaku="20,1,54,2" doraHai="122" who="0" fromWho="2" sc="125,49,308,0,305,-39,252,0" /><INIT seed="4,0,0,1,1,89" ten="174,308,266,252" oya="0" hai0="122,101,59,55,18,83,86,28,43,3,25,47,30" hai1="73,65,115,44,34,132,16,17,79,71,49,81,32" hai2="68,107,104,24,121,131,99,41,129,51,103,40,37" hai3="62,14,29,88,75,13,10,2,60,116,54,76,39"/><T82/><D122/><U126/><E126/><V93/><F68/><W130/><G39/><T64/><D3/><U45/><E132/><V78/><F37/><W72/><G116/><T100/><D64/><U94/><E45/><V134/><F121/><W98/><G130/><N who="2" m="49673" /><F134/><W67/><G2/><T111/><D111/><U58/><E71/><V4/><F4/><N who="3" m="3271" /><G75/><T27/><D47/><U118/><E118/><V42/><F78/><W22/><G72/><T96/><D43/><N who="2" m="16458" /><F24/><N who="0" m="9290" /><D18/><U19/><E115/><V50/><N who="2" m="16466" /><V105/><AGARI ba="0,0" hai="50,51,93,99,103,104,105,107" m="16466,49673" machi="105" ten="50,6400,0" yaku="4,1,19,1,52,1" doraHai="89" who="2" fromWho="2" sc="174,-32,308,-16,266,64,252,-16" /><INIT seed="5,0,0,5,4,93" ten="142,292,330,236" oya="1" hai0="73,17,100,51,9,1,70,99,35,134,46,0,122" hai1="94,3,79,28,60,32,131,59,14,19,20,116,56" hai2="81,49,63,106,85,8,95,129,91,108,30,109,55" hai3="29,102,36,47,101,16,88,132,123,62,18,76,84"/><U7/><E116/><V86/><F106/><W2/><G123/><T66/><D73/><U83/><E131/><V22/><F129/><W64/><G2/><T43/><D134/><U53/><E32/><V44/><F8/><W37/><G132/><T82/><D122/><U10/><E28/><V135/><F135/><W128/><G128/><T57/><D70/><U119/><E119/><V65/><F30/><W121/><G121/><T40/><D35/><U61/><E94/><V111/><F22/><W13/><G76/><T115/><D115/><U67/><E3/><V68/><REACH who="2" step="1"/><F81/><REACH who="2" ten="142,292,320,236" step="2"/><W69/><G29/><T113/><D113/><U11/><REACH who="1" step="1"/><E7/><REACH who="1" ten="142,282,320,236" step="2"/><V118/><F118/><W6/><G6/><T33/><D33/><U38/><E38/><V15/><F15/><W130/><G37/><T78/><D0/><U77/><E77/><V103/><F103/><W41/><G130/><T125/><D1/><U58/><E58/><V5/><F5/><W75/><G13/><T80/><D78/><U114/><E114/><V117/><F117/><W72/><G102/><T112/><D100/><U23/><E23/><V97/><AGARI ba="0,2" hai="44,49,55,63,65,68,85,86,91,95,97,108,109,111" machi="97" ten="30,4000,0" yaku="1,1,0,1,52,1,53,0" doraHai="93" doraHaiUra="27" who="2" fromWho="2" sc="142,-10,282,-20,320,60,236,-10" /><INIT seed="6,0,0,3,1,0" ten="132,262,380,226" oya="2" hai0="105,2,30,111,37,79,86,44,118,130,128,81,103" hai1="12,5,1,85,133,78,6,24,4,17,66,65,52" hai2="31,22,68,72,40,38,50,45,117,114,119,80,58" hai3="112,123,93,3,46,76,87,32,106,14,20,69,8"/><V94/><F68/><W33/><G106/><T107/><D2/><U39/><E39/><V109/><F109/><W47/><G69/><T35/><D35/><U74/><E74/><V100/><F114/><W27/><G123/><T129/><D30/><U131/><E131/><V98/><F72/><W96/><G112/><T127/><D37/><U82/><E133/><V60/><F38/><W132/><G132/><T83/><D44/><U42/><E1/><V43/><F80/><W41/><G3/><T116/><D111/><U28/><E42/><V77/><F77/><W70/><G70/><T99/><D127/><U92/><E92/><V25/><REACH who="2" step="1"/><F40/><REACH who="2" ten="132,262,370,226" step="2"/><W101/><G41/><T49/><D49/><U51/><E51/><V135/><F135/><W57/><G76/><N who="0" m="46439" /><D107/><U53/><E78/><V23/><F23/><W26/><G20/><T84/><AGARI ba="0,1" hai="79,81,84,99,103,105,116,118,128,129,130" m="46439" machi="84" ten="40,5200,0" yaku="19,1,34,2" doraHai="0" who="0" fromWho="0" sc="132,62,262,-13,370,-26,226,-13" /><INIT seed="7,0,0,4,0,110" ten="194,249,344,213" oya="3" hai0="131,56,10,90,39,54,120,127,58,36,23,123,47" hai1="68,75,76,108,29,31,73,64,7,66,44,8,88" hai2="52,130,89,121,69,40,116,84,91,14,118,101,132" hai3="117,4,9,57,102,81,82,87,122,28,103,134,105"/><W129/><G122/><T62/><D127/><U18/><E108/><V2/><F69/><W5/><G117/><T124/><D124/><U98/><E68/><V50/><F2/><W11/><G105/><T112/><D131/><U63/><E66/><V79/><F40/><W15/><G129/><T60/><D23/><U67/><E67/><V17/><F130/><W53/><G28/><T22/><D22/><U96/><E96/><V104/><F132/><W41/><G41/><T55/><D112/><U93/><E76/><V100/><F104/><W49/><G134/><T70/><D70/><U106/><E106/><V109/><F109/><W1/><REACH who="3" step="1"/><G82/><REACH who="3" ten="194,249,344,203" step="2"/><T43/><D39/><U65/><E31/><V59/><F121/><W24/><G24/><T95/><D10/><U74/><E29/><V133/><F133/><W80/><G80/><T25/><D25/><U92/><E8/><V33/><F118/><W61/><G61/><T119/><D119/><U35/><E63/><V72/><F116/><W27/><G27/><T126/><D126/><U13/><E92/><V125/><F33/><W77/><AGARI ba="0,1" hai="1,4,5,9,11,15,49,53,57,77,81,87,102,103" machi="77" ten="20,3900,0" yaku="1,1,0,1,7,1,53,0" doraHai="110" doraHaiUra="85" who="3" fromWho="3" sc="194,-13,249,-13,344,-13,203,49" /><INIT seed="7,1,0,4,3,103" ten="181,236,331,252" oya="3" hai0="41,44,14,126,48,88,56,52,71,39,17,83,5" hai1="8,107,50,79,47,125,86,34,61,124,27,60,108" hai2="53,76,16,69,49,62,98,28,72,93,89,90,55" hai3="105,119,94,78,46,121,12,19,84,110,13,114,117"/><W2/><G121/><T129/><D126/><N who="1" m="48747" /><E108/><V9/><F28/><W111/><G2/><T82/><D129/><U7/><E107/><V102/><F72/><W116/><G105/><T127/><D127/><U58/><E34/><V77/><F69/><W81/><G114/><T45/><D5/><U109/><E109/><N who="3" m="41482" /><G46/><T73/><D73/><U64/><E27/><V43/><F43/><W74/><G19/><T120/><D120/><U112/><E112/><V37/><F37/><W18/><G18/><T36/><D71/><U31/><E31/><V101/><F16/><W67/><G67/><T40/><REACH who="0" step="1"/><D88/><AGARI ba="1,0" hai="12,13,74,78,81,84,88,94,116,117,119" m="41482" machi="88" ten="40,3900,0" yaku="10,1,54,1" doraHai="103" who="3" fromWho="0" sc="181,-42,236,0,331,0,252,42" /><INIT seed="7,2,0,0,3,67" ten="139,236,331,294" oya="3" hai0="129,38,19,9,97,88,71,110,79,33,109,0,11" hai1="31,94,77,50,80,42,22,51,1,111,40,102,123" hai2="89,131,134,76,6,12,118,120,114,121,84,34,112" hai3="24,49,125,61,81,91,119,14,127,21,43,66,25"/><W55/><G119/><T72/><D19/><U106/><E106/><V46/><F34/><W116/><G116/><T44/><D44/><U58/><E1/><V113/><F118/><W115/><G43/><T104/><D97/><U54/><E123/><N who="2" m="47179" /><F131/><W107/><G107/><T85/><D85/><U124/><E124/><N who="3" m="47690" /><G115/><T133/><D79/><U99/><E111/><V60/><F134/><W3/><G3/><T26/><D26/><N who="3" m="10345" /><G14/><T64/><D104/><U132/><E132/><V83/><F60/><W10/><G21/><T117/><D133/><U7/><E7/><V93/><F46/><N who="3" m="28087" /><G10/><T98/><D0/><U96/><E22/><V128/><F128/><W41/><G41/><T74/><D129/><U8/><E8/><N who="2" m="4119" /><F114/><W47/><G47/><T23/><D117/><U65/><E31/><V4/><F4/><W75/><G91/><T30/><D23/><U62/><E50/><V53/><F53/><W28/><G28/><T130/><D130/><U101/><E65/><V17/><F17/><W32/><G32/><T37/><D30/><U13/><E13/><V68/><F68/><N who="3" m="42063" /><G81/><T39/><D33/><U45/><E45/><V63/><F63/><W57/><G57/><T82/><D82/><U29/><E29/><V100/><F100/><W103/><G103/><T86/><D71/><U135/><E135/><V87/><AGARI ba="2,0" hai="76,83,84,87,89,93,112,113" m="4119,47179" machi="87" ten="30,1100,0" yaku="13,1" doraHai="67" who="2" fromWho="2" sc="139,-5,236,-5,331,17,294,-7" owari="134,-37.0,231,-17.0,348,45.0,287,9.0" /></mjloggm>