<mjloggm ver="2.3"><GO type="97" lobby="0"/><UN n0="%6B%6F%74%73%75%6B%69" n1="%E5%B0%B1%E6%B4%BB%E7%94%9F%40%E5%B7%9D%E6%9D%91%E8%BB%8D%E5%9B%A3" n2="%79%6D%68%73%72%77" n3="%55%64%6F%6E%73%6F%62%61" dan="14,16,15,13" rate="1903.32,2074.13,2006.27,1841.16" sx="F,M,M,M"/><TAIKYOKU oya="0"/><INIT seed="0,0,0,1,4,132" ten="250,250,250,250" oya="0" hai0="44,26,93,101,109,61,32,50,108,20,51,58,60" hai1="5,46,49,91,104,12,124,68,19,33,0,82,52" hai2="100,126,63,66,71,79,27,99,135,88,103,47,36" hai3="54,127,16,45,96,113,125,123,53,77,84,74,130"/><T112/><D32/><U129/><E104/><V22/><F135/><W24/><G113/><T21/><D112/><U131/><E68/><V65/><F79/><W72/><G130/><N who="1" m="49674" /><E33/><V17/><F66/><W34/><G123/><T94/><D101/><U85/><E0/><V83/><F126/><N who="3" m="48139" /><G96/><T62/><D58/><U116/><E124/><V97/><F97/><W90/><G77/><T57/><D57/><U106/><E106/><V8/><F8/><W59/><G53/><T115/><D115/><U23/><E5/><V76/><F36/><W67/><G67/><T89/><D50/><U13/><E116/><V64/><F64/><W48/><G45/><T120/><D120/><U40/><E12/><V70/><F70/><W134/><G134/><T4/><D4/><U121/><E121/><V38/><F38/><W122/><G122/><T98/><D93/><U28/><E28/><V37/><F37/><W119/><G119/><T15/><D44/><U6/><E6/><V3/><F3/><W2/><G2/><T118/><D51/><U43/><AGARI ba="0,0" hai="13,19,23,40,43,46,49,52,82,85,91" m="49674" machi="43" ten="30,2000,0" yaku="19,1,54,1" doraHai="132" who="1" fromWho="1" sc="250,-10,250,20,250,-5,250,-5" /><INIT seed="1,0,0,4,3,43" ten="240,270,245,245" oya="1" hai0="124,3,112,49,41,107,99,71,93,73,53,114,2" hai1="101,1,35,12,90,58,30,127,116,38,98,51,75" hai2="13,81,134,119,54,135,36,67,80,82,108,32,120" hai3="113,105,40,79,31,121,109,33,117,123,94,77,42"/><U5/><E116/><V57/><F119/><W50/><G33/><T60/><D73/><U64/><E75/><V59/><F120/><W122/><G31/><T48/><D124/><U69/><E38/><V9/><F32/><W66/><G105/><T100/><D107/><U128/><E1/><V4/><F108/><W131/><G66/><T115/><D71/><U68/><E127/><V78/><F36/><W110/><G94/><T34/><D34/><U111/><E111/><N who="3" m="42506" /><G131/><T10/><D60/><U6/><E128/><V8/><F67/><W56/><G56/><T63/><D63/><U88/><E68/><V28/><F28/><W104/><G104/><T55/><D41/><N who="3" m="15977" /><G50/><T84/><D84/><U125/><E69/><V19/><F78/><N who="3" m="29707" /><G113/><T133/><D133/><N who="2" m="50698" /><F54/><W129/><G129/><T25/><D49/><U126/><E64/><V86/><F86/><W14/><G14/><AGARI ba="0,0" hai="4,8,9,13,14,19,57,59,80,81,82" m="50698" machi="14" ten="30,1000,0" yaku="20,1" doraHai="43" who="2" fromWho="3" sc="240,0,270,0,245,10,245,-10" /><INIT seed="2,0,0,4,1,10" ten="240,270,255,235" oya="2" hai0="102,98,18,49,34,72,86,2,47,27,60,70,94" hai1="56,66,45,23,105,79,104,50,84,114,93,113,71" hai2="15,69,118,78,52,36,135,29,108,22,67,59,74" hai3="5,133,100,57,134,85,129,3,119,17,68,111,7"/><V131/><F118/><W32/><G68/><T9/><D72/><U122/><E71/><V1/><F1/><W46/><G119/><T97/><D98/><U76/><E122/><V13/><F36/><W109/><G32/><T83/><D70/><U123/><E123/><V48/><F69/><W73/><G73/><T4/><D60/><U31/><E105/><V19/><F67/><W106/><G129/><T54/><D27/><U55/><E104/><V37/><F37/><W11/><G7/><T65/><D65/><U80/><E79/><V30/><F131/><W101/><G57/><T61/><D61/><U16/><E31/><V77/><F135/><N who="3" m="51723" /><G46/><T62/><D62/><U103/><E66/><V107/><F107/><W121/><G121/><T21/><D34/><U125/><E125/><V91/><F108/><N who="3" m="41547" /><G106/><T51/><D49/><U25/><E56/><V82/><F74/><W58/><G58/><T41/><D18/><U117/><E117/><V42/><F30/><W89/><G17/><T126/><D21/><U127/><E127/><V95/><F29/><W63/><G63/><T116/><D126/><U81/><E81/><AGARI ba="0,0" hai="3,5,11,81,85,89,100,101" m="41547,51723" machi="81" ten="30,2000,0" yaku="20,1,14,1" doraHai="10" who="3" fromWho="1" sc="240,0,270,-20,255,0,235,20" /><INIT seed="3,0,0,2,5,68" ten="240,250,255,255" oya="3" hai0="47,9,135,26,14,86,89,24,44,43,117,104,20" hai1="87,91,98,57,30,69,128,21,90,111,0,60,3" hai2="92,84,28,15,130,35,129,127,108,121,27,31,95" hai3="78,38,33,40,94,81,53,80,83,16,19,118,99"/><W7/><G118/><T103/><D117/><U5/><E111/><V39/><F108/><W1/><G33/><T93/><D135/><U114/><E114/><V71/><F71/><W79/><G53/><T82/><D104/><U85/><E128/><V76/><F31/><W36/><G1/><T96/><D43/><U12/><E69/><V73/><F73/><W10/><G40/><T77/><D77/><N who="3" m="29193" /><G10/><T102/><D102/><U113/><E98/><V17/><F121/><W123/><G7/><T52/><D52/><U134/><E113/><V48/><F48/><W22/><G22/><T23/><D20/><U64/><E134/><V34/><F34/><W6/><G6/><T115/><D115/><U101/><E101/><V37/><F92/><W41/><G41/><T122/><D122/><U124/><E124/><V112/><F127/><W51/><G51/><T45/><REACH who="0" step="1"/><D23/><REACH who="0" ten="230,250,255,255" step="2"/><U66/><E21/><N who="2" m="11455" /><F112/><W107/><G107/><T55/><D55/><U56/><E30/><V54/><F54/><W100/><G123/><T59/><D59/><U58/><E58/><V132/><F132/><W133/><G133/><T109/><D109/><U42/><E42/><V65/><F65/><W8/><G8/><T29/><D29/><U18/><E60/><V116/><F116/><W126/><G126/><T50/><D50/><U97/><E64/><V74/><F74/><W75/><G75/><T131/><D131/><N who="2" m="50186" /><F76/><W70/><G70/><T67/><D67/><U72/><E66/><V110/><F110/><W125/><G125/><T11/><D11/><N who="1" m="6431" /><E72/><V105/><F105/><W32/><G32/><RYUUKYOKU ba="0,1" sc="230,10,250,-30,255,10,255,10" hai0="9,14,24,26,44,45,47,82,86,89,93,96,103" hai2="27,28,35,37,39,84,95" hai3="16,19,36,38,80,81,83,94,99,100" /><INIT seed="3,1,1,3,0,77" ten="240,220,265,265" oya="3" hai0="22,62,91,12,8,93,3,101,52,96,72,18,28" hai1="110,79,39,51,130,111,123,61,68,84,23,78,71" hai2="7,2,107,109,92,69,19,14,89,50,34,134,29" hai3="88,99,81,119,63,74,76,56,37,65,44,24,0"/><W45/><G0/><T121/><D121/><U38/><E123/><V120/><F120/><W64/><G119/><T31/><D72/><U127/><E127/><V15/><F107/><W43/><G24/><N who="0" m="14423" /><D3/><U129/><E23/><V102/><F69/><N who="1" m="26697" /><E61/><V124/><F102/><W20/><G45/><T122/><D101/><U26/><E26/><N who="2" m="18743" /><F50/><W16/><G88/><T94/><D94/><U103/><E103/><V1/><F89/><W32/><G32/><T106/><D106/><U116/><E51/><V113/><F92/><W49/><G99/><T53/><D122/><U90/><E116/><V95/><F95/><W75/><G37/><N who="1" m="13834" /><E90/><V47/><F47/><W125/><G125/><T46/><D46/><U114/><E114/><V83/><F124/><W17/><G65/><T33/><D33/><U25/><E25/><V85/><F113/><W48/><G48/><T35/><D35/><U5/><E5/><V131/><F7/><W11/><G11/><T126/><D126/><U108/><E84/><V97/><F97/><W42/><G42/><T80/><D80/><U58/><E58/><V100/><F100/><W66/><G66/><T55/><D62/><U132/><E132/><V9/><F134/><W98/><G98/><T60/><D60/><U87/><E87/><V135/><F135/><W30/><G74/><T57/><D57/><U128/><AGARI ba="1,1" hai="78,79,108,110,111,128,129,130" m="13834,26697" machi="128" ten="50,8000,1" yaku="28,2,14,1,19,1" doraHai="77" who="1" fromWho="1" sc="240,-21,220,93,265,-21,265,-41" owari="219,-28.0,313,42.0,244,4.0,224,-18.0" /></mjloggm>