<mjloggm ver="2.3"><GO type="41" lobby="0"/><UN n0="%E3%83%88%E3%83%88%E3%83%AA%E5%85%88%E7%94%9F%31%39%E6%AD%B3" n1="%E3%83%A2%E3%82%B1%E3%83%BC%E3%83%AC%E3%83%A0%E3%83%99%E3%83%B3%E3%83%99" n2="%E8%90%BD%E3%81%A1%E3%81%A6%E3%81%93%E3%81%BC%E3%82%8C%E3%81%A6" n3="%E3%81%88%E3%82%8B%E3%81%9F%E3%81%9D" dan="14,15,13,15" rate="2015.65,1939.87,1812.01,1981.34" sx="F,M,M,F"/><TAIKYOKU oya="0"/><INIT seed="0,0,0,3,0,4" ten="250,250,250,250" oya="0" hai0="81,7,92,121,113,99,133,29,125,94,31,32,36" hai1="26,73,30,116,52,98,28,79,12,1,115,124,9" hai2="84,54,114,127,69,89,117,21,61,2,37,55,96" hai3="100,16,24,97,23,88,13,86,40,112,126,18,87"/><T6/><D113/><U119/><E1/><V27/><F114/><W57/><G112/><T51/><D36/><U135/><E30/><N who="0" m="11273" /><D32/><U10/><E115/><V49/><F37/><W15/><G126/><T80/><D121/><U118/><E124/><V39/><F127/><W132/><G132/><T64/><D133/><U70/><E70/><V120/><F39/><W66/><G40/><T78/><D64/><U105/><E135/><V60/><F120/><W46/><G46/><T102/><D125/><U107/><E52/><V34/><F34/><W103/><G24/><T109/><D109/><U48/><E48/><V108/><F2/><W72/><G72/><T35/><D35/><U14/><E79/><V56/><F108/><W59/><G86/><N who="0" m="48407" /><D81/><U47/><E73/><V75/><F75/><W74/><G74/><T77/><D77/><U38/><E38/><V58/><F96/><W0/><G0/><T95/><D51/><U8/><E47/><V25/><F117/><W5/><G5/><AGARI ba="0,0" hai="5,6,7,92,94,95,99,102" m="48407,11273" machi="5" ten="30,1500,0" yaku="8,1" doraHai="4" who="0" fromWho="3" sc="250,15,250,0,250,0,250,-15" /><INIT seed="0,1,0,1,3,54" ten="265,250,250,235" oya="0" hai0="92,19,88,68,44,51,99,16,97,28,87,106,14" hai1="2,11,26,114,108,66,57,121,13,90,36,79,117" hai2="5,126,86,107,94,43,41,85,102,64,67,104,115" hai3="6,73,32,22,60,89,91,46,27,82,103,70,135"/><T48/><D68/><U20/><E117/><V128/><F115/><W35/><G135/><T12/><D28/><U30/><E121/><V61/><F128/><W63/><G6/><T118/><D118/><U0/><E36/><V75/><F75/><W105/><G46/><T112/><D112/><U78/><E114/><V69/><F126/><W21/><G91/><T77/><D106/><U31/><E31/><V134/><F134/><W49/><G49/><T65/><D65/><U124/><E108/><V17/><F67/><N who="3" m="41319" /><G63/><T120/><D120/><U113/><E113/><V18/><F5/><W34/><G35/><T80/><D99/><U111/><E111/><V122/><F122/><W47/><G47/><T100/><D77/><U45/><E45/><V125/><F125/><W62/><G62/><T93/><D93/><U76/><E124/><V4/><F4/><W58/><G58/><T56/><D56/><U123/><E123/><V55/><F107/><W127/><G127/><T39/><D39/><U132/><E132/><V95/><F104/><W15/><G15/><N who="0" m="5675" /><D51/><U33/><E33/><V24/><F55/><AGARI ba="1,0" hai="16,19,44,48,55,80,87,88,92,97,100" m="5675" machi="55" ten="30,5800,0" yaku="8,1,54,2" doraHai="54" who="0" fromWho="2" sc="265,61,250,0,250,-61,235,0" /><INIT seed="0,2,0,0,5,70" ten="326,250,189,235" oya="0" hai0="87,43,120,130,54,74,81,28,101,22,110,63,129" hai1="113,76,106,78,40,3,103,73,64,105,132,88,91" hai2="68,89,122,39,126,79,123,7,95,51,49,41,111" hai3="121,104,52,93,11,34,38,102,114,23,33,36,31"/><T69/><D120/><U30/><E3/><V20/><F79/><N who="1" m="30249" /><E30/><V44/><F122/><W59/><G121/><T6/><D74/><U10/><E10/><V8/><F123/><W134/><G114/><T18/><D28/><U53/><E64/><V115/><F115/><W25/><G104/><N who="1" m="40042" /><E53/><V131/><F111/><W62/><G134/><T55/><D6/><U37/><E40/><V27/><F131/><N who="0" m="50186" /><D43/><U90/><E37/><V61/><F126/><W1/><G102/><T19/><D101/><U80/><E113/><V65/><F20/><W77/><G77/><N who="0" m="46511" /><D18/><U94/><E132/><V67/><F27/><W58/><G93/><T2/><D2/><U14/><E14/><V84/><REACH who="2" step="1"/><F65/><REACH who="2" ten="326,250,179,235" step="2"/><W92/><G34/><T60/><D110/><U5/><E73/><V85/><F85/><W75/><G75/><T0/><D0/><AGARI ba="2,1" hai="0,7,8,39,41,44,49,51,61,67,68,84,89,95" machi="0" ten="30,3900,0" yaku="1,1,7,1,52,1,53,0" doraHai="70" doraHaiUra="29" who="2" fromWho="0" sc="326,-45,250,0,179,55,235,0" /><INIT seed="1,0,0,2,5,108" ten="281,250,234,235" oya="1" hai0="6,90,99,44,121,111,43,68,40,133,126,52,54" hai1="69,98,119,53,110,127,25,15,93,103,105,28,86" hai2="7,94,130,21,71,42,57,61,85,9,23,73,47" hai3="17,96,135,132,3,117,131,1,36,125,55,77,100"/><U26/><E119/><V84/><F73/><W87/><G117/><T46/><D68/><U81/><E110/><V72/><F72/><W29/><G29/><T38/><D111/><U19/><E127/><V89/><F71/><W60/><G36/><T80/><D126/><U116/><E116/><V2/><F130/><W104/><G125/><T41/><D133/><U109/><E109/><V50/><REACH who="2" step="1"/><F85/><REACH who="2" ten="281,250,224,235" step="2"/><W24/><G131/><T4/><D121/><U62/><E69/><V120/><F120/><W83/><G132/><T82/><D38/><U10/><E105/><V49/><F49/><W59/><G135/><T45/><D99/><U8/><E86/><V75/><F75/><W0/><G87/><N who="0" m="50535" /><D82/><U65/><E81/><V34/><F34/><W12/><G83/><T102/><D102/><U37/><E37/><V58/><F58/><W39/><G39/><T101/><D101/><U31/><E103/><V35/><F35/><W97/><G97/><T95/><D95/><U114/><E98/><V74/><F74/><W20/><REACH who="3" step="1"/><G77/><REACH who="3" ten="281,250,224,225" step="2"/><T11/><D46/><U22/><E93/><V124/><F124/><W33/><G33/><T13/><D45/><U51/><E28/><V115/><F115/><W78/><G78/><T5/><D44/><N who="1" m="27879" /><E114/><V70/><F70/><W106/><G106/><T88/><D88/><U113/><E113/><V64/><AGARI ba="0,2" hai="2,7,9,21,23,42,47,50,57,61,64,84,89,94" machi="64" ten="20,2700,0" yaku="1,1,0,1,7,1,53,0" doraHai="108" doraHaiUra="92" who="2" fromWho="2" sc="281,-7,250,-13,224,47,225,-7" /><INIT seed="2,0,0,0,5,56" ten="274,237,271,218" oya="2" hai0="5,127,25,0,112,116,39,38,59,31,47,2,27" hai1="81,110,46,129,107,8,51,85,14,23,76,67,61" hai2="134,1,122,90,98,43,78,118,48,15,45,34,63" hai3="62,10,125,18,132,111,7,79,40,89,103,83,22"/><V105/><F1/><W86/><G111/><T87/><D116/><U30/><E107/><V44/><F118/><W80/><G125/><T28/><D127/><U113/><E113/><V133/><F122/><W123/><G123/><T17/><D112/><U94/><E110/><V114/><F114/><W97/><G132/><N who="2" m="50793" /><F34/><W65/><G40/><T36/><D47/><U52/><E129/><V54/><F78/><W69/><G83/><T60/><D17/><U101/><E101/><N who="2" m="62647" /><F90/><W37/><G37/><T6/><D87/><U131/><E94/><V42/><F15/><W16/><G22/><T53/><D2/><U41/><E131/><V13/><F13/><W128/><G79/><T104/><D104/><U124/><E124/><V73/><F73/><W117/><G117/><T88/><D88/><N who="1" m="51247" /><E30/><V68/><F68/><W96/><G128/><T20/><REACH who="0" step="1"/><D0/><REACH who="0" ten="264,237,271,218" step="2"/><U58/><E76/><V106/><F106/><W12/><G96/><T82/><D82/><U74/><E74/><V99/><F99/><W3/><G3/><T21/><AGARI ba="0,1" hai="5,6,20,21,25,27,28,31,36,38,39,53,59,60" machi="21" ten="30,7900,0" yaku="1,1,0,1,9,1,52,1,53,0" doraHai="56" doraHaiUra="72" who="0" fromWho="0" sc="264,89,237,-20,271,-39,218,-20" /><INIT seed="3,0,0,4,4,13" ten="353,217,232,198" oya="3" hai0="37,96,43,70,123,132,29,45,8,88,84,11,60" hai1="106,17,86,116,122,119,48,65,2,31,75,61,24" hai2="33,35,34,55,109,130,71,101,54,128,80,25,38" hai3="73,0,56,32,69,77,36,15,10,7,9,50,95"/><W113/><G36/><T118/><D118/><U16/><E75/><V27/><F101/><W12/><G69/><T67/><D123/><U64/><E122/><V104/><F38/><W30/><G113/><T134/><D96/><U110/><E110/><V63/><F104/><W102/><G73/><T6/><D29/><U114/><E114/><V121/><F121/><W49/><G77/><T108/><D108/><U68/><E2/><V126/><F109/><W3/><G32/><T92/><REACH who="0" step="1"/><D11/><REACH who="0" ten="343,217,232,198" step="2"/><U62/><E106/><V115/><F115/><W53/><G30/><T4/><D4/><U39/><E119/><V28/><F71/><W85/><G102/><T120/><D120/><U58/><E116/><V94/><F28/><W124/><G124/><T82/><D82/><U100/><E100/><V20/><F80/><W1/><G1/><AGARI ba="0,1" hai="1,6,8,37,43,45,60,67,70,84,88,92,132,134" machi="1" ten="40,5200,0" yaku="1,1,54,1,53,1" doraHai="13" doraHaiUra="83" who="0" fromWho="3" sc="343,62,217,0,232,0,198,-52" /><INIT seed="4,0,0,2,1,22" ten="405,217,232,146" oya="0" hai0="105,61,11,93,47,31,39,64,9,33,40,16,110" hai1="72,129,118,4,130,0,115,14,98,127,36,94,112" hai2="37,52,1,100,95,43,5,124,59,12,24,48,56" hai3="20,10,91,86,2,67,116,63,74,119,117,41,51"/><T27/><D105/><U29/><E36/><V66/><F1/><W23/><G74/><T76/><D110/><U70/><E70/><V7/><F124/><W88/><G41/><T69/><D76/><U34/><E72/><V54/><F66/><W32/><G32/><T131/><D131/><N who="1" m="50187" /><E98/><N who="2" m="59487" /><F37/><W101/><G101/><T19/><D93/><U102/><E102/><V114/><F43/><W107/><G107/><T71/><REACH who="0" step="1"/><D69/><REACH who="0" ten="395,217,232,146" step="2"/><U120/><E94/><V134/><F114/><W79/><G116/><T38/><D38/><U21/><E118/><V96/><F134/><W99/><G117/><T28/><D28/><U6/><E127/><V60/><F96/><W15/><G119/><T13/><D13/><U125/><E125/><V87/><F12/><W103/><G2/><T49/><D49/><U75/><E0/><V84/><F24/><W44/><G79/><T18/><AGARI ba="0,1" hai="9,11,16,18,19,27,31,33,39,40,47,61,64,71" machi="18" ten="30,12000,1" yaku="1,1,0,1,52,1,54,1,53,1" doraHai="22" doraHaiUra="58" who="0" fromWho="0" sc="395,130,217,-40,232,-40,146,-40" /><INIT seed="4,1,0,1,3,115" ten="525,177,192,106" oya="0" hai0="35,37,104,61,85,127,52,32,23,128,0,53,49" hai1="133,83,82,65,51,90,33,112,94,4,59,68,21" hai2="126,42,118,69,27,7,76,91,17,31,24,26,56" hai3="40,14,19,135,30,15,11,62,67,63,1,108,60"/><T111/><D37/><U36/><E33/><V50/><F69/><W12/><G108/><T44/><D0/><U55/><E36/><V110/><F110/><W87/><G135/><T28/><D104/><U73/><E133/><V5/><F76/><W123/><G123/><T25/><D128/><U22/><E112/><V72/><F72/><W121/><G121/><T3/><D3/><U9/><E68/><V20/><F91/><W134/><G134/><T131/><D131/><U102/><E102/><V98/><F98/><W92/><G30/><T41/><D127/><U117/><E117/><V95/><F95/><W89/><G40/><T39/><D85/><U96/><E65/><V70/><F70/><W13/><REACH who="3" step="1"/><G1/><REACH who="3" ten="525,177,192,96" step="2"/><T116/><D28/><U77/><E82/><V100/><F100/><W10/><G10/><T45/><D41/><U132/><E132/><V78/><F42/><W107/><G107/><T48/><D111/><U114/><E114/><V130/><F130/><W74/><G74/><T16/><D39/><U93/><E93/><V124/><F31/><W34/><G34/><T29/><D35/><U54/><E54/><V120/><F120/><W66/><AGARI ba="1,1" hai="11,12,13,14,15,19,60,62,63,66,67,87,89,92" machi="66" ten="40,5200,0" yaku="1,1,0,1,8,1,53,0" doraHai="115" doraHaiUra="105" who="3" fromWho="3" sc="525,-27,177,-14,192,-14,96,65" /><INIT seed="5,0,0,5,2,128" ten="498,163,178,161" oya="1" hai0="29,96,114,132,91,52,78,57,135,119,93,65,6" hai1="11,84,31,127,41,20,90,133,16,60,30,102,28" hai2="95,76,1,105,55,34,36,83,98,27,7,10,15" hai3="131,130,39,69,73,86,13,125,115,129,58,63,48"/><U46/><E127/><V75/><F105/><W44/><G73/><T32/><D114/><U66/><E102/><V3/><F36/><W51/><G86/><T23/><D32/><U126/><E126/><V67/><F67/><N who="3" m="41215" /><G13/><T35/><D35/><U81/><E11/><V110/><F110/><W37/><G125/><T5/><D119/><U49/><E133/><N who="0" m="51273" /><D65/><U112/><E112/><V87/><F75/><W53/><G115/><T92/><D78/><U118/><E118/><V64/><F64/><W62/><G51/><N who="0" m="30879" /><D92/><U111/><E111/><V74/><F74/><W79/><G79/><T120/><D120/><U19/><REACH who="1" step="1"/><E20/><REACH who="1" ten="498,153,178,161" step="2"/><V47/><F34/><W40/><AGARI ba="0,1" hai="37,39,40,44,48,53,58,62,129,130,131" m="41215" machi="40" ten="30,4000,0" yaku="19,1,34,2" doraHai="128" who="3" fromWho="3" sc="498,-10,153,-20,178,-10,161,50" /><INIT seed="6,0,0,3,5,1" ten="488,133,168,211" oya="2" hai0="32,102,37,96,89,72,45,54,7,58,127,62,67" hai1="121,8,11,131,135,122,86,81,94,28,40,107,117" hai2="77,98,52,99,35,59,16,79,2,70,24,13,78" hai3="129,97,104,71,115,12,46,133,110,66,42,6,116"/><V113/><F70/><W0/><G110/><T50/><D32/><U17/><E107/><V39/><F39/><W63/><G116/><T91/><D72/><U130/><E117/><V118/><F118/><W68/><G12/><T106/><D127/><U132/><E28/><V128/><F2/><W83/><G71/><N who="0" m="42487" /><D7/><U55/><E40/><AGARI ba="0,0" hai="37,40,45,50,54,58,89,91,96,102,106" m="42487" machi="40" ten="30,1000,0" yaku="24,1" doraHai="1" who="0" fromWho="1" sc="488,10,133,-10,168,0,211,0" /><INIT seed="7,0,0,0,3,86" ten="498,123,168,211" oya="3" hai0="133,69,118,34,36,6,70,1,106,132,127,103,38" hai1="109,22,39,24,113,9,124,53,32,35,25,110,37" hai2="111,91,10,12,49,26,92,58,5,44,60,14,131" hai3="51,88,123,72,65,94,57,11,116,98,112,85,102"/><W96/><G123/><T19/><D118/><U50/><E113/><V61/><F111/><W2/><G116/><T16/><D34/><U15/><E124/><V93/><F131/><W104/><G112/><T42/><D127/><U83/><E83/><V75/><F75/><W4/><G72/><T78/><D78/><U64/><E64/><V41/><F92/><W29/><G29/><T67/><D67/><U3/><E3/><V80/><F80/><W13/><G2/><T97/><D6/><U120/><E120/><V76/><F76/><W101/><G51/><T52/><D52/><U87/><E87/><V73/><F73/><W130/><G65/><T30/><D1/><U81/><E81/><V8/><F26/><W68/><G57/><T77/><D77/><U20/><E15/><V27/><F27/><W135/><G130/><T99/><D30/><U128/><E128/><V90/><F93/><W107/><REACH who="3" step="1"/><G135/><REACH who="3" ten="498,123,168,201" step="2"/><T71/><D71/><AGARI ba="0,1" hai="4,11,13,68,71,85,88,94,96,98,101,102,104,107" machi="71" ten="40,12000,1" yaku="1,1,2,1,9,1,52,1,54,1,53,0" doraHai="86" doraHaiUra="117" who="3" fromWho="0" sc="498,-120,123,0,168,0,201,130" /><INIT seed="7,1,0,5,3,132" ten="378,123,168,331" oya="3" hai0="122,16,88,99,87,59,17,6,135,125,23,76,48" hai1="75,69,102,56,66,115,126,14,81,70,7,65,11" hai2="105,128,0,97,79,36,47,26,68,15,54,25,131" hai3="10,61,5,63,41,58,28,29,20,21,64,90,86"/><W111/><G111/><T51/><D122/><U8/><E102/><V134/><F0/><W4/><G41/><T127/><D135/><U22/><E22/><N who="3" m="8810" /><G63/><T118/><D118/><U42/><E42/><V85/><F134/><W112/><G112/><T114/><D114/><U108/><E115/><V46/><F68/><W109/><G109/><T62/><D6/><N who="3" m="2665" /><G10/><T124/><D99/><U24/><E24/><V39/><F97/><W116/><G116/><T93/><D76/><U100/><E108/><V77/><F85/><W104/><G104/><T130/><D130/><U84/><E75/><V80/><F80/><AGARI ba="1,0" hai="28,29,58,61,64,80,86,90" m="2665,8810" machi="80" ten="30,1500,0" yaku="8,1" doraHai="132" who="3" fromWho="2" sc="378,0,123,0,168,-18,331,18" /><INIT seed="7,2,0,2,0,52" ten="378,123,150,349" oya="3" hai0="2,97,17,60,56,122,16,36,41,45,75,111,46" hai1="7,103,95,90,134,55,33,117,32,3,128,18,98" hai2="129,63,127,67,126,10,38,4,115,59,104,109,19" hai3="125,68,40,29,91,44,39,5,123,25,31,65,119"/><W9/><G123/><T77/><D111/><U86/><E128/><V110/><F129/><W43/><G119/><T82/><D122/><U35/><E134/><V27/><F104/><W61/><G43/><T92/><D45/><U47/><E117/><V12/><F38/><W81/><G125/><N who="2" m="47625" /><F115/><W53/><G53/><T0/><D0/><U132/><E132/><V30/><F19/><W37/><G37/><T80/><D80/><U88/><E18/><V70/><F70/><W14/><G81/><T114/><D2/><U74/><E74/><V107/><F107/><W102/><G102/><T101/><D114/><U11/><REACH who="1" step="1"/><E86/><REACH who="1" ten="378,113,150,349" step="2"/><V85/><F85/><W64/><G31/><T20/><D17/><U130/><E130/><V105/><F105/><W100/><G100/><T73/><D73/><U58/><E58/><V87/><F87/><W112/><G112/><T113/><D113/><U96/><E96/><V76/><F76/><W78/><G78/><T99/><D99/><U106/><E106/><V72/><F72/><W84/><G84/><T116/><D116/><U121/><E121/><V94/><F94/><W66/><REACH who="3" step="1"/><G91/><REACH who="3" ten="378,113,150,339" step="2"/><T131/><D131/><U135/><E135/><V83/><F83/><W120/><G120/><T124/><D124/><U28/><E28/><V89/><F89/><W51/><G51/><AGARI ba="2,2" hai="3,7,11,32,33,35,47,51,55,88,90,95,98,103" machi="51" ten="40,2600,0" yaku="1,1,54,1,53,0" doraHai="52" doraHaiUra="23" who="1" fromWho="3" sc="378,0,113,52,150,0,339,-32" owari="378,47.0,165,-23.0,150,-35.0,307,11.0" /></mjloggm>