<mjloggm ver="2.3"><GO type="41" lobby="0"/><UN n0="%E6%84%9A%E5%BD%A2%28%E7%AC%91%29" n1="%E3%83%AD%E3%83%BC%E3%82%B9%E3%83%88%E3%83%81%E3%82%AD%E3%83%B3" n2="%E3%81%8A%E3%81%84%E6%81%B5%E5%A4%AA%E9%83%8E" n3="%E5%B0%B1%E6%B4%BB%E7%94%9F%40%E5%B7%9D%E6%9D%91%E8%BB%8D%E5%9B%A3" dan="13,14,14,15" rate="2042.94,1891.02,2060.80,2000.74" sx="M,M,M,M"/><TAIKYOKU oya="0"/><INIT seed="0,0,0,1,3,127" ten="250,250,250,250" oya="0" hai0="67,124,33,69,75,99,107,6,131,128,5,7,122" hai1="42,73,130,34,49,120,135,0,21,57,1,45,88" hai2="29,12,108,103,11,17,44,63,77,10,14,35,50" hai3="119,39,68,84,43,102,38,82,53,116,60,80,8"/><T132/><D122/><U133/><E120/><V20/><F103/><W22/><G102/><N who="0" m="62943" /><D124/><U126/><E126/><V106/><F106/><W90/><G116/><T55/><D132/><N who="1" m="50763" /><E34/><V78/><F35/><W52/><G119/><T76/><D33/><U83/><E21/><V101/><F101/><W104/><G104/><T24/><D24/><U86/><E73/><V40/><F108/><W81/><G22/><T30/><D30/><U134/><N who="1" m="50771" /><U18/><DORA hai="117" /><E18/><V113/><F113/><W121/><G121/><T25/><D25/><U54/><E130/><N who="0" m="49705" /><D55/><U2/><E2/><V66/><F29/><W94/><G8/><T47/><D47/><U112/><E112/><V74/><F74/><W26/><G26/><T98/><D98/><U37/><AGARI ba="0,0" hai="0,1,37,42,45,49,54,57,83,86,88" m="50771" machi="37" ten="40,2700,0" yaku="20,1,54,1" doraHai="127,117" who="1" fromWho="1" sc="250,-13,250,27,250,-7,250,-7" /><INIT seed="1,0,0,0,1,44" ten="237,277,243,243" oya="1" hai0="47,66,6,124,59,128,125,49,26,78,133,13,46" hai1="72,123,31,27,21,11,45,118,131,122,63,93,83" hai2="24,61,12,65,62,39,119,94,22,88,69,98,17" hai3="57,106,35,3,107,50,134,135,42,91,34,105,129"/><U103/><E118/><V29/><F119/><W38/><G3/><T116/><D116/><U73/><E131/><V60/><REACH who="2" step="1"/><F39/><REACH who="2" ten="237,277,233,243" step="2"/><W86/><G129/><T74/><D128/><U54/><E123/><V20/><AGARI ba="0,1" hai="12,17,20,22,24,29,60,61,62,65,69,88,94,98" machi="20" ten="20,8000,1" yaku="1,1,2,1,0,1,7,1,54,1,53,0" doraHai="44" doraHaiUra="1" who="2" fromWho="2" sc="237,-20,277,-40,233,90,243,-20" /><INIT seed="2,0,0,2,0,54" ten="217,237,323,223" oya="2" hai0="28,71,25,24,62,50,32,111,90,65,60,38,129" hai1="5,4,133,107,116,117,49,94,44,109,120,45,73" hai2="6,43,19,0,92,103,3,66,70,88,30,12,132" hai3="68,98,42,59,16,75,15,126,2,119,33,135,7"/><V20/><F103/><W113/><G68/><T56/><D111/><U99/><E109/><V101/><F101/><W80/><G119/><T61/><D129/><U10/><E73/><V108/><F108/><W1/><G33/><T47/><D38/><U95/><E120/><V100/><F100/><W51/><G113/><T72/><D72/><U87/><E133/><V74/><F74/><W36/><G126/><T14/><D14/><U122/><E122/><V41/><F30/><W58/><G135/><T89/><D25/><U79/><E107/><V37/><F132/><W11/><G98/><T52/><REACH who="0" step="1"/><D61/><REACH who="0" ten="207,237,323,223" step="2"/><U34/><E117/><V112/><F37/><W124/><G124/><T64/><AGARI ba="0,1" hai="24,28,32,47,50,52,56,60,62,64,65,71,89,90" machi="64" ten="20,12000,2" yaku="1,1,2,1,0,1,7,1,52,1,54,1,53,1" doraHai="54" doraHaiUra="40" who="0" fromWho="0" sc="207,130,237,-30,323,-60,223,-30" /><INIT seed="3,0,0,5,2,128" ten="337,207,263,193" oya="3" hai0="100,58,21,30,80,29,66,19,99,22,74,123,86" hai1="51,23,47,90,82,85,115,24,28,122,124,18,95" hai2="105,70,133,89,48,44,111,49,64,81,72,106,119" hai3="71,112,84,134,26,79,12,76,109,96,69,39,11"/><W57/><G39/><T36/><D123/><U73/><E122/><V33/><F119/><W17/><G112/><T118/><D118/><U56/><E115/><V2/><F2/><W46/><G109/><T59/><D36/><U40/><E124/><V97/><F111/><W10/><G71/><T101/><D74/><U25/><E73/><V83/><F64/><W0/><G69/><T108/><D108/><U13/><E56/><V38/><F70/><W43/><G96/><T65/><D99/><U50/><E50/><V37/><F97/><W1/><G26/><T126/><D126/><U34/><E34/><V131/><F72/><W103/><G103/><T8/><D80/><U16/><E18/><V5/><F5/><W35/><G35/><T55/><D19/><U14/><E82/><V88/><F33/><W92/><G57/><T120/><D120/><U62/><E62/><V63/><F63/><W98/><G134/><T78/><D78/><U107/><E107/><V116/><F116/><W117/><G84/><T41/><D86/><U4/><E28/><V3/><F3/><W68/><G68/><T9/><REACH who="0" step="1"/><D55/><REACH who="0" ten="327,207,263,193" step="2"/><U77/><E77/><N who="3" m="29770" /><G0/><T52/><D52/><U42/><E42/><AGARI ba="0,1" hai="8,9,21,22,29,30,41,42,58,59,65,66,100,101" machi="42" ten="25,6400,0" yaku="1,1,22,2,8,1,53,0" doraHai="128" doraHaiUra="130" who="0" fromWho="1" sc="327,74,207,-64,263,0,193,0" /><INIT seed="4,0,0,5,0,30" ten="401,143,263,193" oya="0" hai0="81,82,8,24,125,22,94,58,105,42,31,0,50" hai1="4,2,43,36,60,14,91,74,15,66,54,83,12" hai2="96,33,9,76,79,59,104,20,68,134,71,90,122" hai3="93,75,6,21,130,115,124,49,11,29,99,63,131"/><T65/><D105/><U117/><E117/><V37/><F37/><W73/><G115/><T52/><D125/><U107/><E107/><V17/><F122/><W5/><G124/><T111/><D111/><U38/><E54/><V77/><F9/><W18/><G29/><T3/><D65/><U84/><E74/><V87/><F33/><W98/><G63/><T28/><D42/><U19/><E43/><V112/><F112/><W123/><G123/><T10/><D31/><U48/><E48/><V67/><F59/><W103/><G49/><T108/><D108/><U45/><E45/><V32/><F32/><W113/><G113/><T25/><D24/><U44/><E44/><V135/><F67/><W97/><G93/><T92/><D92/><U102/><E102/><V109/><F96/><W128/><G103/><T119/><D94/><U100/><E100/><V116/><F104/><W1/><REACH who="3" step="1"/><G6/><REACH who="3" ten="401,143,263,183" step="2"/><T7/><D119/><U129/><E4/><AGARI ba="0,1" hai="0,3,4,7,8,10,22,25,28,50,52,58,81,82" machi="4" ten="40,3900,0" yaku="9,1,54,1" doraHai="30" who="0" fromWho="1" sc="401,49,143,-39,263,0,183,0" /><INIT seed="4,1,0,3,0,0" ten="450,104,263,183" oya="0" hai0="110,76,99,37,33,68,46,77,21,85,131,64,6" hai1="18,19,5,22,29,109,130,48,117,84,95,65,100" hai2="43,59,72,90,79,111,3,24,27,107,41,7,55" hai3="9,122,96,97,53,39,98,78,92,13,75,133,82"/><T93/><D131/><U30/><E130/><V80/><F107/><W38/><G122/><T121/><D121/><U134/><E117/><V83/><F111/><W114/><G114/><T31/><D110/><U67/><E109/><V56/><F90/><W50/><G133/><T49/><D37/><U60/><E134/><V101/><F101/><W57/><REACH who="3" step="1"/><G92/><REACH who="3" ten="450,104,263,173" step="2"/><T16/><D93/><U8/><E95/><V89/><F83/><W69/><G69/><T125/><D68/><U11/><E100/><V128/><F128/><W124/><G124/><T112/><D125/><U45/><E84/><V123/><F123/><W62/><G62/><T129/><D85/><U135/><E135/><V105/><F105/><W47/><G47/><T106/><D46/><U66/><E60/><V35/><F59/><W12/><G12/><T10/><D106/><U2/><E45/><V58/><F58/><W26/><G26/><T115/><D115/><U14/><REACH who="1" step="1"/><E48/><REACH who="1" ten="450,94,263,173" step="2"/><V63/><F63/><W108/><G108/><T74/><D49/><U113/><E113/><V42/><F80/><W126/><G126/><T91/><D112/><U32/><E32/><V17/><F35/><W127/><G127/><T1/><D33/><U81/><E81/><V94/><F94/><W61/><G61/><T118/><D118/><U44/><E44/><V25/><F43/><W73/><G73/><T132/><D74/><U88/><E88/><V28/><F89/><W40/><G40/><T54/><D91/><U86/><E86/><V23/><F42/><W15/><G15/><AGARI ba="1,2" hai="2,5,8,11,14,15,18,19,22,29,30,65,66,67" machi="15" ten="40,2600,0" yaku="1,1,52,1,53,0" doraHai="0" doraHaiUra="87" who="1" fromWho="3" sc="450,0,94,49,263,0,173,-29" /><INIT seed="5,0,0,3,4,76" ten="450,143,263,144" oya="1" hai0="86,112,25,45,125,97,109,39,67,43,61,58,127" hai1="44,6,4,17,106,122,78,37,49,60,93,79,1" hai2="72,66,91,52,134,34,21,57,5,88,96,111,129" hai3="48,13,9,100,19,113,42,32,90,83,16,8,53"/><U55/><E106/><V107/><F34/><W23/><G113/><T62/><D112/><U101/><E122/><V118/><F72/><W99/><G32/><T102/><D109/><U117/><E117/><V133/><F118/><W69/><G69/><T82/><D62/><U132/><E37/><V47/><F111/><W77/><G42/><T87/><D25/><U104/><E104/><V110/><F110/><W10/><G90/><T131/><D131/><U115/><E1/><V38/><F5/><N who="1" m="2153" /><E115/><V71/><F21/><W94/><G19/><T119/><D119/><U108/><E132/><N who="2" m="50795" /><F129/><W29/><G29/><T51/><D39/><U85/><E60/><N who="2" m="40391" /><F107/><W18/><G18/><T12/><D12/><U59/><E108/><V15/><F15/><W89/><G100/><T50/><D51/><N who="1" m="31231" /><E17/><V114/><F96/><W7/><G7/><T64/><D97/><N who="1" m="59567" /><E85/><V11/><F11/><W28/><G28/><T26/><D87/><U120/><E120/><V121/><F121/><W27/><G27/><T22/><D26/><U40/><AGARI ba="0,0" hai="40,44,49,78,79" m="59567,31231,2153" machi="40" ten="30,1500,0" yaku="8,1" doraHai="76" who="1" fromWho="1" sc="450,-5,143,15,263,-5,144,-5" /><INIT seed="5,1,0,5,1,19" ten="445,158,258,139" oya="1" hai0="9,114,66,131,94,122,59,52,48,133,85,17,54" hai1="40,32,111,10,1,61,3,69,106,63,14,57,93" hai2="103,100,49,126,84,47,5,101,30,113,109,83,33" hai3="53,73,28,35,117,38,43,58,81,118,105,78,44"/><U26/><E106/><V16/><F109/><W42/><G105/><T95/><D114/><U132/><E111/><V41/><F113/><W2/><G2/><T87/><D122/><U31/><E40/><V24/><F5/><W23/><G35/><T82/><D131/><U15/><E15/><V127/><REACH who="2" step="1"/><F16/><REACH who="2" ten="445,158,248,139" step="2"/><W71/><G71/><T125/><D17/><U121/><E121/><V46/><F46/><W75/><G75/><T112/><D112/><U135/><E3/><V50/><F50/><W120/><G120/><T119/><D48/><U88/><E1/><V107/><F107/><W62/><G43/><T115/><D115/><U45/><E45/><V77/><AGARI ba="1,1" hai="24,30,33,41,47,49,77,83,84,100,101,103,126,127" machi="77" ten="30,4000,0" yaku="1,1,0,1,53,1" doraHai="19" doraHaiUra="29" who="2" fromWho="2" sc="445,-11,158,-21,248,53,139,-11" /><INIT seed="6,0,0,5,0,94" ten="434,137,301,128" oya="2" hai0="27,38,20,52,125,22,55,56,76,58,104,93,131" hai1="123,119,7,1,112,105,101,36,14,39,59,132,54" hai2="130,128,66,98,107,60,85,4,78,133,17,116,23" hai3="73,124,19,126,97,89,21,129,12,53,28,31,42"/><V90/><F116/><W41/><G73/><T77/><D93/><U0/><E119/><V118/><F118/><W102/><G89/><T127/><D27/><U35/><E35/><V88/><F4/><W117/><G53/><T40/><D40/><N who="3" m="15465" /><G117/><T106/><REACH who="0" step="1"/><D38/><REACH who="0" ten="424,137,301,128" step="2"/><U110/><E36/><V26/><F133/><W86/><G129/><AGARI ba="0,1" hai="20,22,52,55,56,58,76,77,104,106,125,127,129,131" machi="129" ten="25,8000,1" yaku="1,1,2,1,22,2,54,1,53,0" doraHai="94" doraHaiUra="96" who="0" fromWho="3" sc="424,90,137,0,301,0,128,-80" /><INIT seed="7,0,0,2,4,57" ten="514,137,301,48" oya="3" hai0="24,97,109,131,31,80,110,87,85,46,10,26,47" hai1="79,77,56,111,82,125,78,64,3,19,76,116,100" hai2="36,129,93,88,67,73,27,68,70,52,12,45,21" hai3="5,74,0,84,132,22,126,128,37,49,60,99,59"/><W32/><G37/><T29/><D97/><U44/><E3/><V41/><F73/><W95/><G32/><T66/><D66/><U120/><E120/><V14/><F129/><W98/><G74/><T35/><D131/><U72/><E111/><V115/><F70/><W34/><G34/><T58/><D35/><U114/><E116/><V62/><F115/><W51/><G128/><T91/><D58/><U92/><E114/><V33/><F33/><W55/><G126/><T15/><D91/><U13/><E125/><V8/><F8/><W28/><G132/><T104/><D10/><U122/><E44/><V9/><F9/><W11/><G84/><T53/><D53/><U23/><E122/><V25/><F25/><W103/><REACH who="3" step="1"/><G99/><REACH who="3" ten="514,137,301,38" step="2"/><T127/><D127/><U118/><E72/><V133/><F133/><W102/><G102/><T101/><D101/><U119/><E119/><V16/><F52/><W96/><G96/><AGARI ba="0,1" hai="12,14,16,21,27,36,41,45,62,67,68,88,93,96" machi="96" ten="30,7700,0" yaku="7,1,52,1,54,2" doraHai="57" who="2" fromWho="3" sc="514,0,137,0,301,87,38,-77" owari="514,61.0,137,-26.0,388,19.0,-39,-54.0" /></mjloggm>