<mjloggm ver="2.3"><GO type="193" lobby="0"/><UN n0="%E2%98%86%E3%81%84%E3%81%8A%E3%82%8A%E2%98%86" n1="%63%68%61%74%6F%72%75" n2="%67%65%74%61%6B%75%73%65" n3="%E3%83%88%E3%83%88%E3%83%AA%E5%85%88%E7%94%9F%31%39%E6%AD%B3" dan="12,10,13,11" rate="1779.80,1581.49,1743.96,1810.18" sx="M,M,M,F"/><TAIKYOKU oya="0"/><INIT seed="0,0,0,1,1,106" ten="250,250,250,250" oya="0" hai0="79,112,101,20,96,134,104,83,87,23,95,76,13" hai1="69,100,21,74,52,67,34,90,78,6,9,73,26" hai2="131,125,102,36,81,124,31,122,46,68,135,123,45" hai3="50,113,117,18,63,7,3,99,15,14,54,127,107"/><T42/><D42/><U98/><E90/><V118/><F31/><W57/><G113/><T29/><D112/><U109/><E109/><V75/><F102/><W22/><G117/><T64/><D64/><U129/><E129/><V24/><F24/><W84/><G127/><N who="2" m="48713" /><F118/><W72/><G3/><T89/><D134/><U59/><E78/><N who="2" m="44255" /><F135/><W62/><G72/><N who="0" m="43495" /><D76/><U32/><E32/><V128/><F68/><W27/><G107/><T126/><D126/><U33/><E33/><V66/><F66/><W108/><G108/><T51/><D51/><U41/><E41/><N who="2" m="22695" /><F46/><W16/><G99/><T25/><D13/><U132/><E132/><V88/><F88/><W53/><G84/><T37/><D37/><U110/><E110/><V93/><F93/><W103/><G103/><T65/><D65/><U120/><E120/><AGARI ba="0,0" hai="120,122,123,128,131" m="22695,44255,48713" machi="120" ten="30,3900,0" yaku="18,1,23,1,52,1" doraHai="106" who="2" fromWho="1" sc="250,0,250,-39,250,39,250,0" /><INIT seed="1,0,0,4,1,72" ten="250,211,289,250" oya="1" hai0="21,132,126,83,77,42,24,115,108,57,39,19,106" hai1="78,135,97,73,61,18,82,58,11,64,52,119,68" hai2="0,130,101,100,23,67,98,104,70,29,118,75,122" hai3="105,15,112,47,20,55,102,12,50,26,111,125,49"/><U69/><E119/><V45/><F122/><W63/><G112/><T103/><D115/><U121/><E121/><V110/><F118/><W66/><G111/><T14/><D108/><U51/><E135/><V22/><F130/><W27/><G125/><T91/><D132/><U36/><E36/><V3/><F110/><W9/><G105/><T48/><D126/><U41/><E41/><V89/><F75/><W134/><G134/><T43/><D91/><U38/><E38/><V60/><F45/><W128/><G128/><T30/><D39/><U114/><E114/><V31/><F89/><W80/><G102/><T99/><D57/><U33/><E33/><V62/><F100/><W90/><G50/><T65/><D65/><U7/><E97/><V117/><F62/><W113/><G113/><T25/><D24/><U8/><E18/><V54/><F54/><W44/><G44/><T71/><D48/><U107/><E107/><V35/><F117/><W10/><G20/><T124/><D71/><U17/><E17/><V6/><F6/><N who="3" m="3127" /><G63/><T88/><D124/><U85/><E73/><V4/><F4/><N who="3" m="3527" /><G66/><T32/><D88/><U116/><E116/><V16/><F23/><W59/><G47/><T84/><AGARI ba="0,0" hai="14,19,21,25,30,32,42,43,77,83,84,99,103,106" machi="84" ten="20,2700,0" yaku="0,1,7,1,52,1" doraHai="72" who="0" fromWho="0" sc="250,27,211,-13,289,-7,250,-7" /><INIT seed="2,0,0,2,4,110" ten="277,198,282,243" oya="2" hai0="37,101,22,73,28,24,106,51,104,27,100,111,6" hai1="4,2,67,45,38,91,23,31,1,77,99,57,115" hai2="16,131,20,48,68,32,21,8,81,134,46,84,116" hai3="90,43,92,96,15,47,61,103,49,19,125,50,66"/><V13/><F116/><W98/><G125/><T25/><D73/><U53/><E77/><V62/><F131/><W5/><G5/><T10/><D111/><U86/><E99/><V14/><F134/><W40/><G40/><T33/><D37/><U69/><E4/><V80/><F32/><W55/><G66/><T11/><D51/><U79/><E79/><V17/><F80/><W65/><G65/><T123/><D123/><U9/><E9/><V78/><F8/><W97/><G61/><T122/><D122/><U12/><E69/><V35/><F35/><W127/><G127/><T54/><D11/><U133/><E67/><V7/><F7/><W87/><G15/><T44/><D25/><U83/><E133/><V114/><F62/><W34/><G19/><T30/><D44/><U118/><E118/><V128/><F68/><W3/><G3/><T85/><D54/><U70/><E70/><V41/><REACH who="2" step="1"/><F128/><REACH who="2" ten="277,198,272,243" step="2"/><W129/><G34/><T102/><REACH who="0" step="1"/><D85/><REACH who="0" ten="267,198,272,243" step="2"/><U29/><E1/><AGARI ba="0,2" hai="1,6,10,22,24,27,28,30,33,100,101,102,104,106" machi="1" ten="40,2600,0" yaku="1,1,2,1,53,0" doraHai="110" doraHaiUra="71" who="0" fromWho="1" sc="267,46,198,-26,272,0,243,0" /><INIT seed="3,0,0,1,5,35" ten="313,172,272,243" oya="3" hai0="101,24,79,12,40,64,16,89,31,124,26,14,7" hai1="60,132,63,65,30,131,2,99,104,61,53,59,112" hai2="98,103,83,133,57,125,66,45,96,39,110,126,80" hai3="72,135,20,52,36,122,54,0,78,100,47,32,115"/><W75/><G115/><T43/><D79/><U21/><E112/><V120/><F120/><W91/><G122/><T48/><D64/><U38/><E131/><V119/><F119/><W9/><G32/><T1/><D124/><U84/><E132/><V19/><F133/><W11/><G135/><T10/><D101/><U123/><E123/><V69/><F110/><W85/><G100/><T81/><D26/><U118/><E118/><V58/><F103/><W34/><G20/><N who="0" m="11287" /><D48/><U114/><E114/><V92/><F66/><W15/><G34/><N who="0" m="20839" /><D12/><U93/><E104/><V127/><F69/><W121/><G121/><T49/><D49/><U55/><E38/><V90/><F96/><W44/><G15/><T33/><D33/><U22/><E84/><AGARI ba="0,0" hai="1,7,10,40,43,81,84,89" m="20839,11287" machi="84" ten="30,3900,0" yaku="24,1,52,1,54,1" doraHai="35" who="0" fromWho="1" sc="313,39,172,-39,272,0,243,0" owari="352,46.0,133,-37.0,272,7.0,243,-16.0" /></mjloggm>