<mjloggm ver="2.3"><GO type="169" lobby="0"/><UN n0="%E3%83%8A%E3%82%AC%E3%83%A4%E3%83%9E" n1="%E5%AD%90%E7%AB%9C%EF%BC%90%EF%BC%93%EF%BC%90%EF%BC%98" n2="%E3%82%A6%E3%83%AB%E3%83%88%E3%83%A9%E7%AB%8B%E7%9B%B4" n3="%E2%80%A0%E6%A2%A8%E7%A9%8D%E6%B8%AF%E2%80%A0" dan="16,16,16,16" rate="2180.56,2187.94,2107.68,2082.42" sx="M,M,M,M"/><TAIKYOKU oya="0"/><INIT seed="0,0,0,0,4,108" ten="250,250,250,250" oya="0" hai0="109,119,8,124,127,92,118,16,42,24,57,78,21" hai1="2,65,37,47,88,115,23,100,105,20,18,48,19" hai2="38,71,41,101,134,129,35,120,125,0,63,97,104" hai3="25,27,53,102,34,58,26,12,112,93,44,33,87"/><T70/><D70/><U68/><E2/><V107/><F97/><W74/><G74/><T126/><D109/><U28/><E37/><V67/><F101/><W10/><G44/><T98/><D78/><U130/><E105/><V31/><F63/><W113/><G34/><T4/><D42/><U46/><E100/><V114/><F67/><W91/><G102/><N who="0" m="60743" /><D57/><U55/><E28/><V50/><F31/><W96/><G96/><T86/><D86/><U13/><E130/><V121/><F50/><W45/><G45/><T60/><D60/><U40/><E65/><V59/><F59/><W49/><REACH who="3" step="1"/><G33/><REACH who="3" ten="250,250,250,240" step="2"/><T9/><D9/><U89/><E47/><V90/><F41/><W54/><G54/><T111/><D111/><U133/><E55/><V82/><F107/><W117/><G117/><T62/><D62/><U51/><E51/><V81/><F104/><W75/><G75/><T73/><D73/><U116/><E116/><V79/><F35/><W30/><G30/><T39/><D39/><U56/><E48/><V66/><F38/><W77/><G77/><T132/><D132/><U123/><E133/><V3/><F134/><W99/><G99/><T43/><D43/><U83/><E46/><V69/><F79/><W135/><G135/><T128/><D128/><U36/><E36/><V76/><F129/><W29/><G29/><T80/><D80/><U64/><E40/><V32/><F82/><W61/><G61/><T5/><D5/><AGARI ba="0,1" hai="5,10,12,25,26,27,49,53,58,87,91,93,112,113" machi="5" ten="40,8000,1" yaku="1,1,52,2,53,1" doraHai="108" doraHaiUra="52" who="3" fromWho="0" sc="250,-80,250,0,250,0,240,90" /><INIT seed="1,0,0,1,0,31" ten="170,250,250,330" oya="1" hai0="37,53,59,42,56,12,94,46,117,29,21,6,48" hai1="5,10,64,132,60,35,33,44,109,124,36,121,105" hai2="18,116,111,69,40,122,89,34,82,17,41,26,85" hai3="108,98,77,54,7,66,74,96,97,9,80,43,67"/><U58/><E121/><V125/><F69/><W95/><G54/><T65/><D117/><U2/><E105/><V19/><F122/><W128/><G108/><T119/><D119/><U57/><E109/><V123/><F116/><W0/><G128/><T11/><D94/><U120/><E120/><V55/><F123/><W86/><G95/><T13/><D29/><U30/><E132/><V102/><F111/><W87/><G87/><T115/><D115/><U15/><E124/><V131/><F131/><W39/><REACH who="3" step="1"/><G86/><REACH who="3" ten="170,250,250,320" step="2"/><T16/><REACH who="0" step="1"/><D65/><REACH who="0" ten="160,250,250,320" step="2"/><U99/><E99/><V107/><F107/><W133/><G133/><T104/><D104/><U20/><E58/><AGARI ba="0,2" hai="6,11,12,13,16,21,37,42,46,48,53,56,58,59" machi="58" ten="30,7700,0" yaku="1,1,7,1,54,1,53,1" doraHai="31" doraHaiUra="1" who="0" fromWho="1" sc="160,97,250,-77,250,0,320,0" /><INIT seed="2,0,0,1,3,66" ten="257,173,250,320" oya="2" hai0="43,8,0,36,87,13,106,3,107,59,51,11,17" hai1="71,52,123,84,85,95,49,130,116,90,114,92,6" hai2="81,29,112,122,37,109,27,105,75,54,83,39,88" hai3="79,21,45,55,82,26,25,129,80,40,119,48,128"/><V124/><F122/><W67/><G119/><T111/><D111/><U61/><E116/><V133/><F112/><W41/><G25/><T22/><D36/><U78/><E114/><V125/><F105/><W28/><G80/><T104/><D87/><U31/><E123/><V134/><F54/><W93/><G93/><T64/><D64/><U135/><E130/><N who="3" m="50282" /><G67/><T19/><D59/><U121/><E121/><V126/><F109/><W76/><G76/><T53/><D53/><U65/><E135/><N who="2" m="51723" /><F75/><AGARI ba="0,0" hai="21,26,28,40,41,45,48,55,75,79,82" m="50282" machi="75" ten="30,1000,0" yaku="19,1" doraHai="66" who="3" fromWho="2" sc="257,0,173,0,250,-10,320,10" /><INIT seed="3,0,0,1,1,31" ten="257,173,240,330" oya="3" hai0="45,75,33,106,36,101,123,4,118,49,67,50,77" hai1="16,53,125,130,98,91,134,20,96,7,30,95,72" hai2="63,124,135,17,5,68,29,94,15,41,8,60,47" hai3="81,0,59,62,89,44,128,92,25,11,54,9,21"/><W100/><G128/><T27/><D118/><U51/><E72/><V122/><F124/><W48/><G0/><T90/><D123/><U110/><E125/><V87/><F135/><W119/><G119/><T14/><D67/><U104/><E134/><V39/><F122/><W103/><G81/><T42/><D77/><U86/><E130/><V24/><F68/><W99/><G103/><T73/><D101/><U28/><E110/><V111/><F111/><W69/><G69/><T97/><D106/><U34/><E7/><V133/><F133/><W52/><REACH who="3" step="1"/><G100/><REACH who="3" ten="257,173,240,320" step="2"/><T102/><D102/><U35/><E104/><V114/><F114/><W88/><G88/><T84/><D90/><U105/><E105/><V2/><F94/><W40/><G40/><T80/><D42/><U18/><E98/><V56/><F2/><W66/><G66/><T117/><D97/><U129/><E96/><V120/><F120/><W82/><G82/><T32/><D80/><U127/><E129/><V132/><F132/><W113/><G113/><T12/><D117/><U6/><E127/><V58/><F87/><W26/><G26/><T61/><D84/><U57/><E6/><V126/><F5/><W83/><G83/><T74/><D4/><U112/><E112/><V65/><F126/><W78/><G78/><T71/><D73/><U93/><E93/><V38/><F24/><W46/><G46/><T108/><D74/><U76/><E76/><V22/><F47/><W19/><AGARI ba="0,1" hai="9,11,19,21,25,44,48,52,54,59,62,89,92,99" machi="19" ten="20,18000,2" yaku="1,1,0,1,7,1,25,2,8,1,54,1,53,0" doraHai="31" doraHaiUra="37" who="3" fromWho="3" sc="257,-60,173,-60,240,-60,320,190" /><INIT seed="3,1,0,0,4,69" ten="197,113,180,510" oya="3" hai0="82,23,6,95,13,76,12,0,94,66,71,46,10" hai1="106,98,22,48,39,113,60,11,84,81,131,54,20" hai2="51,26,50,42,107,89,47,14,28,40,109,93,38" hai3="99,8,96,135,70,19,133,34,52,80,32,85,116"/><W78/><G116/><T65/><D46/><U92/><E39/><V108/><F107/><W9/><G70/><T1/><D1/><U64/><E113/><V29/><F14/><W97/><G19/><N who="0" m="10735" /><D71/><U122/><E106/><V126/><F126/><W130/><G130/><T120/><D0/><U68/><E11/><V16/><F42/><W15/><G15/><T105/><D105/><U75/><E75/><V45/><F45/><W91/><G78/><T129/><D120/><U27/><E131/><V24/><F24/><W74/><G74/><T55/><D55/><U72/><E72/><V123/><F123/><W2/><G52/><T114/><D114/><U67/><E67/><N who="0" m="25609" /><D129/><U58/><E122/><V33/><F29/><W25/><G25/><T63/><D63/><U17/><E22/><V102/><F16/><W57/><G57/><T111/><D111/><N who="2" m="42570" /><F102/><W90/><G90/><T73/><D12/><U110/><E110/><V21/><F33/><W77/><G77/><T59/><D6/><U35/><E35/><V117/><F117/><W53/><G53/><T119/><D10/><U103/><E68/><V49/><F49/><W37/><G37/><T3/><D3/><U88/><E64/><V83/><F83/><W4/><REACH who="3" step="1"/><G9/><REACH who="3" ten="197,113,180,500" step="2"/><T132/><D119/><U86/><E48/><V118/><F118/><W128/><G128/><T121/><D121/><U30/><E17/><V134/><F134/><AGARI ba="1,1" hai="2,4,8,32,34,80,85,91,96,97,99,133,134,135" machi="134" ten="40,7700,0" yaku="1,1,20,1,53,1" doraHai="69" doraHaiUra="5" who="3" fromWho="2" sc="197,0,113,0,180,-80,500,90" /><INIT seed="3,2,0,1,4,108" ten="197,113,100,590" oya="3" hai0="132,73,80,4,33,50,111,68,97,1,6,43,115" hai1="124,7,69,83,41,116,59,13,89,114,101,123,5" hai2="106,21,10,76,66,14,22,79,87,117,81,20,26" hai3="34,130,28,54,58,135,78,95,72,62,60,100,37"/><W40/><G34/><T49/><D68/><U71/><E101/><V15/><F106/><W2/><G28/><T65/><D33/><U118/><E41/><V30/><F117/><W102/><G95/><T19/><D65/><U56/><E13/><V127/><F127/><W46/><G130/><T128/><D19/><U0/><E83/><V104/><F104/><W84/><G62/><T23/><D23/><U121/><E89/><V8/><F66/><W90/><G84/><T94/><D111/><U85/><E85/><V98/><F98/><W92/><G90/><T42/><D132/><U3/><E124/><V27/><F76/><W70/><G92/><T25/><D94/><U44/><E44/><V51/><F51/><W61/><G61/><T126/><D97/><U109/><E109/><V99/><F99/><W122/><G122/><T29/><D126/><U75/><E75/><V119/><F119/><W9/><G70/><T52/><D73/><U31/><E31/><V17/><REACH who="2" step="1"/><F27/><REACH who="2" ten="197,113,90,590" step="2"/><W47/><G135/><T32/><D49/><U112/><AGARI ba="2,1" hai="0,3,5,7,56,59,69,71,112,114,116,118,121,123" machi="112" ten="25,8000,1" yaku="0,1,22,2,52,2" doraHai="108" who="1" fromWho="1" sc="197,-22,113,96,90,-22,590,-42" /><INIT seed="4,0,0,0,2,65" ten="175,209,68,548" oya="0" hai0="90,98,38,69,67,24,111,96,18,52,128,61,87" hai1="19,26,103,51,127,123,48,59,126,25,104,12,93" hai2="10,50,2,44,15,40,23,41,37,0,29,101,79" hai3="66,120,32,134,91,116,112,119,58,71,85,92,34"/><T75/><D75/><U106/><E123/><V17/><F101/><W81/><G112/><T80/><D38/><U82/><E82/><V129/><F129/><W8/><G120/><T28/><D128/><U30/><E93/><V95/><F95/><W42/><G58/><T70/><D111/><U57/><E103/><V20/><F79/><W13/><G42/><T21/><D69/><U73/><E12/><V27/><F40/><W46/><G46/><T78/><D78/><U89/><E19/><V109/><F109/><W47/><G47/><T16/><REACH who="0" step="1"/><D52/><REACH who="0" ten="165,209,68,548" step="2"/><U97/><E127/><V94/><F37/><W121/><G71/><T117/><D117/><U105/><E126/><V84/><F84/><W53/><G85/><T11/><D11/><U114/><E73/><V3/><REACH who="2" step="1"/><F94/><REACH who="2" ten="165,209,58,548" step="2"/><W5/><G92/><T113/><D113/><U100/><E114/><V62/><F62/><W118/><G118/><T4/><D4/><AGARI ba="0,2" hai="0,2,3,4,10,15,17,20,23,27,29,41,44,50" machi="4" ten="40,8000,1" yaku="1,1,53,3" doraHai="65" doraHaiUra="35" who="2" fromWho="0" sc="165,-80,209,0,58,100,548,0" /><INIT seed="5,0,0,2,3,18" ten="85,209,158,548" oya="1" hai0="72,49,129,39,97,81,22,33,123,45,12,115,98" hai1="54,21,42,109,61,10,32,130,62,108,38,134,60" hai2="6,8,117,25,56,131,74,104,14,31,67,59,43" hai3="48,77,68,95,105,87,122,114,76,57,51,80,85"/><U102/><E32/><V7/><F74/><W41/><G68/><T65/><D33/><U103/><E10/><V125/><F104/><W34/><G34/><T88/><D39/><U55/><E38/><V52/><F117/><W91/><G105/><T111/><D111/><U82/><E42/><V120/><F120/><W26/><G114/><T27/><D115/><U35/><E35/><V36/><F36/><W118/><G118/><T112/><D112/><U0/><E0/><V15/><F43/><W2/><G2/><T29/><D123/><U40/><E40/><V135/><F125/><W93/><G122/><T113/><D113/><U94/><E82/><V73/><F73/><W86/><G41/><N who="0" m="24751" /><D72/><U9/><E9/><V24/><F131/><W75/><G75/><T37/><D37/><U126/><E126/><V79/><F135/><W128/><G128/><T121/><D121/><U71/><E71/><V4/><F4/><W132/><G132/><T17/><D65/><U1/><E1/><V83/><F67/><W5/><G5/><T101/><D101/><N who="1" m="38411" /><E134/><V30/><F8/><W28/><G57/><T3/><D3/><U63/><E130/><V99/><F56/><W119/><G95/><T46/><D46/><U70/><E94/><V127/><F59/><W23/><G119/><T106/><D106/><U90/><E90/><V13/><F127/><W58/><G58/><T11/><D129/><U47/><E47/><V92/><F52/><N who="1" m="20009" /><E21/><N who="2" m="15631" /><F83/><AGARI ba="0,0" hai="23,26,28,48,51,76,77,80,83,85,86,87,91,93" machi="83" ten="40,5200,0" yaku="9,1,8,1,52,1" doraHai="18" who="3" fromWho="2" sc="85,0,209,0,158,-52,548,52" /><INIT seed="6,0,0,4,5,71" ten="85,209,106,600" oya="2" hai0="121,51,105,112,80,45,19,42,63,132,37,116,91" hai1="38,77,104,73,57,20,36,1,89,86,5,30,48" hai2="101,135,85,22,43,87,92,52,126,110,69,75,78" hai3="98,93,124,3,44,49,61,0,84,102,109,67,70"/><V100/><F69/><W13/><G124/><T27/><D121/><U123/><E104/><V82/><F43/><W81/><G109/><T62/><D105/><U128/><E77/><V32/><F32/><W97/><G97/><T72/><D112/><U90/><E90/><N who="2" m="53343" /><F126/><W131/><G131/><T2/><D2/><U50/><E73/><V58/><F75/><W64/><G64/><T108/><D108/><U129/><E123/><V31/><F135/><W103/><G103/><T14/><D132/><U107/><E107/><V66/><F66/><W47/><G13/><T10/><D116/><U106/><E106/><V18/><F31/><W114/><G114/><T39/><D27/><N who="1" m="16743" /><E5/><V118/><F118/><W35/><G35/><T119/><D119/><U8/><E8/><V79/><F79/><W125/><G125/><T99/><D72/><U53/><E50/><N who="2" m="30999" /><F110/><W40/><G47/><T16/><D19/><U28/><E28/><V59/><F59/><W130/><G130/><N who="1" m="50282" /><E1/><V113/><F113/><W95/><G95/><AGARI ba="0,0" hai="36,38,48,53,57,86,89,95" m="50282,16743" machi="95" ten="30,3900,0" yaku="19,1,52,2" doraHai="71" who="1" fromWho="3" sc="85,0,209,39,106,0,600,-39" /><INIT seed="7,0,0,3,4,28" ten="85,248,106,561" oya="3" hai0="39,19,56,24,2,20,64,48,59,23,131,29,125" hai1="9,73,82,26,47,49,81,67,63,104,74,52,11" hai2="126,4,93,41,79,88,122,106,13,68,77,87,86" hai3="3,83,91,38,17,22,115,12,117,51,111,16,57"/><W78/><G117/><T113/><D39/><U60/><E104/><V66/><F106/><W129/><G38/><T62/><D2/><U5/><E26/><V75/><F75/><W46/><G3/><T69/><D125/><U119/><E119/><V21/><F68/><W42/><G111/><T124/><D124/><U120/><E120/><V97/><F126/><W1/><G1/><T31/><D131/><U109/><E5/><V123/><F66/><W116/><G116/><T18/><D113/><U100/><E100/><V107/><F107/><W65/><G115/><T132/><D132/><U110/><E47/><V44/><F79/><W118/><G118/><T71/><D71/><U43/><E49/><N who="2" m="26767" /><F77/><W95/><G129/><T45/><D59/><U72/><E52/><V70/><F70/><W133/><G133/><T0/><D69/><U8/><E43/><V134/><F134/><W99/><G17/><T37/><D0/><U80/><E67/><V27/><F122/><W32/><G32/><T14/><REACH who="0" step="1"/><D37/><REACH who="0" ten="75,248,106,561" step="2"/><U36/><E36/><V61/><F123/><W85/><G65/><T55/><AGARI ba="0,1" hai="14,18,19,20,23,24,29,31,45,48,55,56,62,64" machi="55" ten="20,8000,1" yaku="1,1,2,1,0,1,7,1,8,1,53,0" doraHai="28" doraHaiUra="35" who="0" fromWho="0" sc="75,90,248,-20,106,-20,561,-40" owari="165,-23.0,228,3.0,86,-41.0,521,61.0" /></mjloggm>