<mjloggm ver="2.3"><GO type="169" lobby="0"/><UN n0="%E3%82%B7%E3%83%AB%E3%83%93%E3%82%A3" n1="%7A%68%6B%64%73%68%67%79" n2="%6F%6E%65%73%74%61%72" n3="%E5%B0%B1%E6%B4%BB%E7%94%9F%40%E5%B7%9D%E6%9D%91%E8%BB%8D%E5%9B%A3" dan="16,16,16,16" rate="2090.00,2099.06,2119.80,2013.50" sx="F,M,M,M"/><TAIKYOKU oya="0"/><INIT seed="0,0,0,4,2,4" ten="250,250,250,250" oya="0" hai0="29,70,65,67,12,17,76,98,35,15,88,40,135" hai1="45,81,34,100,51,27,21,54,129,56,132,103,75" hai2="117,128,52,53,77,78,39,46,87,96,72,85,41" hai3="1,60,59,121,69,122,16,57,118,26,130,42,8"/><T9/><D135/><U120/><E132/><V114/><F114/><W105/><G118/><T47/><D76/><U66/><E120/><N who="3" m="46186" /><G105/><T102/><D70/><U2/><E34/><V89/><F117/><W25/><G130/><T71/><D71/><U91/><E2/><V0/><F128/><W92/><G42/><T110/><D110/><U62/><E129/><V74/><F0/><W125/><G125/><T95/><D35/><U108/><E108/><V126/><F126/><W83/><G83/><T84/><D29/><N who="1" m="17647" /><E75/><V50/><F74/><W22/><G92/><T14/><D65/><U97/><E97/><V111/><F72/><W28/><G69/><T20/><D67/><U30/><E30/><V106/><F111/><W3/><G59/><T6/><D15/><U82/><E82/><V104/><F39/><W32/><G8/><T99/><REACH who="0" step="1"/><D102/><REACH who="0" ten="240,250,250,250" step="2"/><U79/><E79/><V116/><F78/><W63/><G63/><T61/><D61/><U55/><E66/><AGARI ba="0,1" hai="1,3,16,22,25,26,28,32,57,60,66" m="46186" machi="66" ten="30,2000,0" yaku="13,1,54,1" doraHai="4" who="3" fromWho="1" sc="240,0,250,-20,250,0,250,30" /><INIT seed="1,0,0,4,4,44" ten="240,230,250,280" oya="1" hai0="102,117,70,78,90,24,75,95,21,85,31,39,132" hai1="25,91,97,129,113,56,77,103,92,122,105,26,116" hai2="96,134,112,33,121,61,47,51,99,4,109,68,86" hai3="52,0,81,10,28,32,50,62,53,88,107,13,30"/><U22/><E116/><V66/><F109/><W14/><G107/><T69/><D117/><U38/><E122/><V128/><F121/><W124/><G0/><T45/><D132/><U114/><E38/><V119/><F134/><W115/><G115/><T74/><D102/><U120/><E120/><V23/><F33/><W43/><G124/><T59/><D59/><U131/><E77/><V130/><F112/><W36/><G36/><T58/><D58/><U9/><E9/><V118/><F4/><W72/><G72/><T57/><D57/><U3/><E3/><V64/><F86/><N who="3" m="50255" /><G32/><T63/><D63/><U83/><E83/><V76/><F76/><W17/><G13/><T5/><D5/><U20/><E56/><V87/><F87/><W55/><G62/><T60/><D78/><U133/><E133/><V104/><F23/><N who="1" m="8745" /><E113/><V100/><F99/><W67/><G67/><T8/><D8/><U15/><E15/><V49/><F66/><W123/><G123/><T11/><D11/><U82/><E114/><V27/><F27/><W18/><G18/><T79/><D79/><U126/><E82/><V2/><F2/><W94/><G94/><T73/><D60/><U37/><E37/><V106/><F104/><W111/><G111/><T110/><D110/><U54/><E126/><V89/><F119/><W41/><G41/><T19/><D19/><U93/><E105/><V1/><F118/><W65/><G65/><T29/><D29/><N who="3" m="11369" /><G43/><N who="0" m="22783" /><D70/><U35/><E35/><V135/><F135/><W80/><G80/><T40/><D69/><U16/><E93/><V108/><F68/><RYUUKYOKU ba="0,0" sc="240,15,230,-15,250,-15,280,15" hai0="21,24,31,40,73,74,75,85,90,95" hai3="10,14,17,50,52,53,55" /><INIT seed="2,1,0,1,4,135" ten="255,215,235,295" oya="2" hai0="47,98,2,112,3,97,42,9,40,115,64,87,125" hai1="23,11,39,26,118,12,83,10,99,96,51,7,19" hai2="45,49,86,22,113,4,103,66,123,33,92,69,73" hai3="91,95,85,14,114,77,43,110,36,106,100,34,31"/><V75/><F113/><W25/><G110/><T68/><D87/><U80/><E118/><V38/><F33/><W55/><G114/><T13/><D64/><U60/><E39/><V104/><F123/><W71/><G71/><T126/><D13/><N who="1" m="5343" /><E60/><V94/><F38/><W15/><G77/><T0/><D9/><U61/><E61/><V133/><F133/><W27/><G27/><T46/><D3/><U30/><E51/><V121/><F4/><W72/><G72/><T76/><D76/><U129/><E129/><V122/><F104/><W131/><G131/><T57/><D57/><U74/><E74/><V116/><F116/><W127/><G127/><T37/><D37/><U16/><E19/><V24/><F121/><W119/><G119/><T111/><D111/><U81/><AGARI ba="1,0" hai="11,12,16,23,26,30,80,81,83,96,99" m="5343" machi="81" ten="30,2000,0" yaku="8,1,54,1" doraHai="135" who="1" fromWho="1" sc="255,-6,215,23,235,-11,295,-6" /><INIT seed="3,0,0,2,1,123" ten="249,238,224,289" oya="3" hai0="130,37,79,84,9,121,34,3,127,117,129,54,6" hai1="99,35,107,112,51,109,70,120,11,60,101,10,46" hai2="40,78,73,8,17,16,111,97,22,66,94,20,47" hai3="114,80,56,61,42,96,68,2,38,13,1,105,82"/><W88/><G114/><T21/><D121/><U44/><E112/><V125/><F125/><W76/><G68/><T87/><D34/><U30/><E120/><V83/><F66/><W71/><G71/><T100/><D127/><U89/><E109/><V110/><F8/><W113/><G113/><T106/><D117/><U29/><E46/><V50/><F22/><W33/><G33/><T77/><D37/><U63/><E30/><V15/><REACH who="2" step="1"/><F17/><REACH who="2" ten="249,238,214,289" step="2"/><W119/><G119/><T12/><D21/><U69/><E70/><V133/><F133/><W39/><G1/><T31/><D3/><U74/><E69/><V90/><AGARI ba="0,1" hai="15,16,20,40,47,50,73,78,83,90,94,97,110,111" machi="90" ten="30,8000,1" yaku="1,1,0,1,52,2,54,1,53,0" doraHai="123" doraHaiUra="58" who="2" fromWho="2" sc="249,-20,238,-20,214,90,289,-40" /><INIT seed="4,0,0,0,4,17" ten="229,218,304,249" oya="0" hai0="2,53,98,60,44,26,9,134,88,32,130,76,66" hai1="117,110,16,127,63,90,54,65,113,124,107,135,52" hai2="3,69,49,120,5,64,15,27,31,92,8,55,7" hai3="20,58,85,12,6,97,99,123,39,30,35,128,84"/><T10/><D130/><U75/><E110/><V91/><F120/><W118/><G39/><T61/><D134/><U59/><E117/><V104/><F104/><W116/><G35/><T126/><D126/><N who="1" m="48171" /><E135/><V25/><F64/><W79/><G128/><T102/><D76/><U73/><E107/><V67/><F67/><W133/><G133/><T45/><D102/><U19/><E90/><V131/><F69/><W57/><G123/><T1/><D66/><U0/><E0/><V42/><F42/><W105/><G105/><T95/><D32/><U129/><E129/><V78/><F78/><W106/><G106/><T96/><D26/><U82/><E82/><V108/><F108/><W103/><G79/><T74/><D95/><U100/><E100/><V43/><F43/><W132/><G103/><T22/><D53/><N who="1" m="20587" /><E113/><V77/><F77/><W4/><G132/><T70/><D70/><U125/><N who="1" m="48179" /><U109/><DORA hai="13" /><E109/><V119/><F3/><W40/><G40/><T94/><D94/><U51/><E51/><V21/><F119/><W36/><G36/><T93/><D93/><U71/><E71/><V29/><F131/><W115/><G115/><T47/><D88/><U46/><E46/><N who="2" m="28087" /><F91/><W56/><G116/><T18/><D47/><U122/><E122/><V86/><F92/><W72/><G118/><T87/><D87/><N who="3" m="33353" /><G72/><AGARI ba="0,0" hai="16,19,59,63,65,72,73,75" m="20587,48179" machi="72" ten="50,8000,1" yaku="18,1,52,2,54,2" doraHai="17,13" who="1" fromWho="3" sc="229,0,218,80,304,0,249,-80" /><INIT seed="5,0,0,3,1,99" ten="229,298,304,169" oya="1" hai0="37,102,69,25,13,117,34,122,109,90,58,65,8" hai1="78,93,113,95,63,24,32,64,52,51,76,68,59" hai2="83,115,97,29,22,125,36,106,21,62,86,2,15" hai3="27,23,88,112,14,1,94,53,67,77,74,92,130"/><U39/><E113/><V118/><F2/><W18/><G1/><T107/><D109/><U121/><E121/><V108/><F108/><W17/><G112/><T60/><D122/><U80/><E76/><V119/><F125/><W35/><G130/><T0/><D0/><U55/><E39/><V72/><F72/><W114/><G114/><T96/><D117/><U79/><E78/><V7/><F36/><W50/><G67/><T84/><D37/><U41/><E41/><V44/><F44/><W103/><G77/><T105/><D105/><U11/><E11/><V126/><F126/><W9/><G74/><T46/><D46/><U5/><E5/><V116/><F62/><W47/><G35/><T57/><D25/><U87/><E55/><V30/><F115/><W134/><G134/><T132/><D34/><U40/><E40/><V110/><F110/><W124/><G124/><T38/><D38/><U42/><REACH who="1" step="1"/><E42/><REACH who="1" ten="229,288,304,169" step="2"/><V71/><F7/><W131/><G131/><T89/><D132/><U70/><E70/><V129/><F71/><W43/><G43/><T12/><D8/><U135/><E135/><V82/><F129/><W26/><G26/><T56/><REACH who="0" step="1"/><D89/><REACH who="0" ten="219,288,304,169" step="2"/><U85/><E85/><V127/><F127/><W20/><G27/><T111/><D111/><U45/><E45/><V120/><F120/><W91/><G91/><T100/><D100/><U6/><E6/><V54/><F118/><W19/><G103/><T48/><D48/><U128/><E128/><V4/><F119/><W98/><G88/><T133/><D133/><U81/><E81/><AGARI ba="0,2" hai="12,13,56,57,58,60,65,69,81,84,90,96,102,107" machi="81" ten="40,8000,1" yaku="1,1,52,1,53,2" doraHai="99" doraHaiUra="10" who="0" fromWho="1" sc="219,100,288,-80,304,0,169,0" /><INIT seed="6,0,0,5,5,83" ten="319,208,304,169" oya="2" hai0="128,69,93,9,96,2,98,22,86,65,27,90,132" hai1="24,105,101,4,60,100,112,37,67,76,10,20,85" hai2="38,80,43,116,17,97,95,125,87,77,49,13,28" hai3="63,88,73,107,3,78,114,81,55,40,82,36,15"/><V118/><F38/><W111/><G3/><T35/><D35/><U108/><E108/><V70/><F70/><W5/><G111/><T133/><D128/><U54/><E37/><V113/><F113/><W103/><G36/><T126/><D126/><U57/><E112/><V75/><F125/><W119/><G119/><T91/><D65/><U109/><E109/><V47/><F28/><W32/><G114/><T26/><D69/><U25/><E105/><V117/><F75/><W46/><G32/><T50/><D50/><U123/><E25/><N who="0" m="9225" /><D22/><U130/><E67/><V131/><F131/><W45/><G107/><T58/><D58/><U48/><E60/><V122/><F122/><W21/><G103/><T124/><D124/><U30/><E123/><V6/><F6/><W42/><G42/><T12/><D2/><U68/><E68/><V59/><F59/><W18/><G5/><N who="0" m="3119" /><D91/><U102/><E130/><V110/><F110/><W0/><G0/><T72/><D72/><U92/><E76/><V129/><F129/><W94/><G40/><T53/><D53/><U8/><E4/><V66/><F66/><W11/><G21/><T23/><D23/><U62/><E62/><V99/><REACH who="2" step="1"/><F95/><REACH who="2" ten="319,208,294,169" step="2"/><W79/><G63/><T1/><D1/><U127/><E127/><V106/><F106/><W51/><G46/><T29/><D29/><U121/><E121/><V61/><F61/><W19/><G19/><T74/><D74/><U31/><E31/><V134/><F134/><AGARI ba="0,1" hai="86,90,93,96,98,132,133,134" m="3119,9225" machi="134" ten="30,2000,0" yaku="20,1,52,1" doraHai="83" who="0" fromWho="2" sc="319,30,208,0,294,-20,169,0" /><INIT seed="7,0,0,0,1,27" ten="349,208,274,169" oya="3" hai0="44,122,39,53,75,45,66,103,38,67,80,118,72" hai1="86,87,22,61,99,115,52,55,36,90,123,25,74" hai2="56,1,113,23,4,9,3,105,24,65,7,35,106" hai3="31,125,79,88,130,77,71,117,121,134,33,104,124"/><W114/><RYUUKYOKU type="yao9" ba="0,0" sc="349,0,208,0,274,0,169,0" hai3="31,33,71,77,79,88,104,114,117,121,124,125,130,134" /><INIT seed="7,1,0,0,2,101" ten="349,208,274,169" oya="3" hai0="69,53,123,80,82,65,84,91,47,108,40,48,119" hai1="46,12,85,134,3,109,14,126,129,86,22,132,133" hai2="59,107,66,8,90,32,62,58,55,30,98,9,71" hai3="105,63,20,83,115,135,27,89,25,127,122,44,17"/><W94/><G122/><T51/><D123/><U21/><E109/><V130/><F130/><W103/><G127/><T112/><D108/><U125/><E3/><V61/><F59/><W45/><G115/><T67/><D119/><U1/><E1/><V34/><F90/><W49/><G135/><T5/><D112/><U54/><E46/><V39/><F39/><W35/><G35/><T68/><D5/><U42/><E54/><V15/><F15/><N who="1" m="5673" /><E42/><V70/><F70/><W52/><G27/><T4/><D4/><U79/><E79/><V96/><F96/><N who="3" m="59799" /><G105/><T2/><D2/><U28/><E28/><V38/><F38/><W118/><G118/><T50/><D82/><U24/><E24/><N who="2" m="18503" /><F34/><W7/><G7/><T95/><D69/><U87/><E129/><V116/><F116/><W88/><G63/><T97/><D68/><U124/><AGARI ba="1,0" hai="21,22,85,86,87,124,125,126,132,133,134" m="5673" machi="124" ten="50,12000,2" yaku="29,2,28,2,18,1,20,1" doraHai="101" who="1" fromWho="1" sc="349,-31,208,123,274,-31,169,-61" owari="318,12.0,331,43.0,243,-16.0,108,-39.0" /></mjloggm>