<mjloggm ver="2.3"><GO type="97" lobby="0"/><UN n0="%E9%81%94%E6%B5%B7%E7%8C%9B" n1="%E7%90%B5%E7%90%B6%E5%AD%90%EF%BC%A0%E5%B7%9D%E6%9D%91%E8%BB%8D%E5%9B%A3" n2="%E5%B0%B1%E6%B4%BB%E7%94%9F%40%E5%B7%9D%E6%9D%91%E8%BB%8D%E5%9B%A3" n3="%E3%82%82%E3%81%90%EF%BD%92%EF%BD%92%EF%BD%92%EF%BD%92%EF%BD%92" dan="14,15,14,15" rate="1937.41,1999.74,2021.61,2055.20" sx="M,M,M,M"/><TAIKYOKU oya="0"/><INIT seed="0,0,0,3,0,113" ten="250,250,250,250" oya="0" hai0="99,105,79,42,4,86,69,131,71,51,29,9,10" hai1="97,2,56,25,121,0,117,120,101,125,5,50,48" hai2="135,13,116,128,124,91,35,88,32,90,27,49,73" hai3="45,115,41,70,38,67,104,130,75,134,8,7,39"/><T132/><D131/><U34/><E125/><V94/><F73/><W109/><G115/><T57/><D132/><U103/><E5/><V108/><F124/><W15/><G130/><T63/><D29/><U74/><E74/><V30/><F128/><W81/><G104/><T66/><D105/><U1/><E56/><V6/><F135/><W21/><G134/><T18/><D99/><U37/><E37/><V54/><F108/><W78/><G109/><T76/><D18/><U133/><E133/><V129/><F129/><W92/><G67/><T28/><D28/><U19/><E34/><V14/><F35/><W110/><G70/><T107/><D107/><U102/><E97/><V40/><F40/><W114/><G114/><T126/><D126/><U98/><E98/><V3/><F116/><W20/><G110/><T112/><D112/><U47/><E117/><V82/><F82/><W17/><G39/><T85/><D69/><U16/><E25/><V119/><F119/><W123/><G123/><N who="1" m="47178" /><E47/><V111/><F111/><W68/><G68/><T100/><D71/><U87/><E87/><V64/><F64/><W24/><G92/><T127/><D4/><U60/><E60/><V52/><F54/><W22/><AGARI ba="0,0" hai="7,8,15,17,20,21,22,24,38,41,45,75,78,81" machi="22" ten="30,1100,0" yaku="0,1" doraHai="113" who="3" fromWho="3" sc="250,-5,250,-3,250,-3,250,11" /><INIT seed="1,0,0,0,1,70" ten="245,247,247,261" oya="1" hai0="2,35,42,46,113,80,48,127,16,43,135,123,77" hai1="99,37,109,7,59,90,12,23,131,96,11,36,81" hai2="74,76,9,54,39,125,17,38,84,111,71,18,104" hai3="60,31,8,103,129,98,25,110,126,66,128,118,20"/><U119/><E119/><V14/><F104/><W13/><G118/><T29/><D113/><U122/><E122/><V67/><F74/><W58/><G110/><T49/><D123/><U121/><E121/><V75/><F75/><W47/><G126/><T105/><D127/><U120/><E120/><V106/><F106/><W89/><G89/><T83/><D105/><U61/><E109/><V79/><F125/><W44/><G129/><T65/><D135/><U32/><E32/><V6/><F111/><W88/><G128/><T73/><D2/><U0/><E131/><V51/><F67/><W117/><G88/><T1/><D1/><U24/><E0/><V56/><F71/><W107/><G117/><T82/><D16/><AGARI ba="0,0" hai="8,13,16,20,25,31,44,47,58,60,66,98,103,107" machi="16" ten="30,2000,0" yaku="7,1,54,1" doraHai="70" who="3" fromWho="0" sc="245,-20,247,0,247,0,261,20" /><INIT seed="2,0,0,2,3,80" ten="225,247,247,281" oya="2" hai0="98,135,106,87,47,120,46,134,65,124,43,99,49" hai1="133,20,15,34,129,52,95,96,3,82,69,2,104" hai2="36,53,63,86,68,12,21,132,29,119,23,88,85" hai3="45,130,42,25,107,62,74,84,122,101,61,117,75"/><V7/><F119/><W33/><G117/><T26/><D120/><U51/><E34/><V128/><F36/><W102/><G122/><T77/><D124/><U123/><E123/><V108/><F128/><W37/><G130/><T64/><D106/><U76/><E104/><V103/><F103/><W44/><G44/><T5/><D5/><U22/><E69/><V105/><F105/><W78/><G62/><T114/><D114/><U40/><E40/><V90/><F132/><N who="0" m="50730" /><D26/><U18/><E22/><N who="2" m="8203" /><F68/><W56/><G56/><T79/><D47/><U72/><E133/><V83/><F29/><W41/><G61/><T131/><D131/><U0/><E129/><V66/><F66/><N who="0" m="25706" /><D79/><U109/><E109/><V92/><F108/><W9/><G107/><T115/><D115/><U125/><E125/><V70/><F70/><W97/><G45/><T11/><D11/><U91/><REACH who="1" step="1"/><E2/><REACH who="1" ten="225,237,247,281" step="2"/><V113/><F113/><W71/><G71/><T57/><D57/><AGARI ba="0,1" hai="0,3,15,18,20,51,52,57,72,76,82,91,95,96" machi="57" ten="30,8000,1" yaku="1,1,2,1,7,1,54,1,53,1" doraHai="80" doraHaiUra="73" who="1" fromWho="0" sc="225,-80,237,90,247,0,281,0" /><INIT seed="3,0,0,0,3,113" ten="145,327,247,281" oya="3" hai0="126,115,133,79,63,96,135,7,75,12,50,43,125" hai1="100,51,131,70,116,9,1,49,64,129,21,5,80" hai2="60,106,98,46,8,42,105,97,111,35,127,14,11" hai3="73,93,78,0,71,10,34,56,120,123,22,99,74"/><W67/><G34/><T107/><D50/><U18/><E116/><V81/><F35/><W62/><G71/><T4/><D63/><N who="1" m="40223" /><E80/><V68/><F127/><N who="0" m="48650" /><D43/><U65/><E100/><V53/><F111/><W122/><G78/><T132/><D12/><N who="1" m="9415" /><E65/><V54/><F81/><W39/><G39/><T48/><D48/><U30/><E30/><V36/><F106/><W88/><REACH who="3" step="1"/><G22/><REACH who="3" ten="145,327,247,271" step="2"/><T102/><D115/><U28/><E28/><V109/><F68/><W85/><G85/><T119/><D7/><AGARI ba="0,1" hai="0,7,10,56,62,67,73,74,88,93,99,120,122,123" machi="7" ten="40,3900,0" yaku="1,1,54,1,53,0" doraHai="113" doraHaiUra="47" who="3" fromWho="0" sc="145,-39,327,0,247,0,271,49" /><INIT seed="3,1,0,0,3,12" ten="106,327,247,320" oya="3" hai0="11,22,13,109,132,56,50,71,40,123,103,80,98" hai1="30,64,5,88,37,93,65,35,94,62,75,113,104" hai2="6,19,17,33,26,39,63,85,99,48,133,47,24" hai3="41,20,82,51,68,108,114,117,135,61,97,89,53"/><W130/><G114/><T58/><D109/><U18/><E113/><V105/><F39/><W121/><G117/><T49/><D123/><U42/><E75/><V124/><F124/><W127/><G121/><T31/><D71/><U78/><E78/><V16/><F133/><W1/><G1/><T92/><D132/><U59/><E5/><V15/><F33/><W122/><G122/><T112/><D112/><U91/><E104/><V74/><F74/><W21/><G135/><T27/><D80/><U28/><E65/><V2/><F2/><W55/><G68/><T43/><D56/><U134/><E134/><V9/><F63/><W126/><G108/><T69/><D69/><U129/><E42/><N who="2" m="24695" /><F105/><W7/><G7/><T119/><D119/><U38/><E93/><V52/><F99/><W10/><G10/><T125/><D49/><U8/><E91/><V76/><F52/><N who="3" m="20043" /><G130/><T44/><D125/><N who="3" m="47625" /><G61/><T66/><D50/><U23/><E129/><V4/><F4/><W45/><G97/><T29/><D44/><U54/><E8/><V118/><F118/><W0/><G0/><T90/><D31/><N who="1" m="11819" /><E35/><V128/><F128/><W72/><G89/><T84/><D90/><U14/><E37/><V95/><F95/><W46/><G46/><T34/><D34/><U131/><E38/><V107/><F107/><W73/><G73/><T115/><D115/><U106/><E106/><V96/><F96/><W70/><G70/><T110/><D110/><U101/><E131/><V120/><F120/><W116/><G116/><T81/><D98/><N who="1" m="59607" /><E88/><V87/><F87/><W83/><G83/><AGARI ba="1,0" hai="6,9,15,16,17,19,24,26,76,83,85" m="24695" machi="83" ten="30,12000,2" yaku="6,1,25,1,8,1,52,3,54,1" doraHai="12" who="2" fromWho="3" sc="106,0,327,0,247,123,320,-123" owari="106,-39.0,327,13.0,370,46.0,197,-20.0" /></mjloggm>