<mjloggm ver="2.3"><GO type="97" lobby="0"/><UN n0="%E3%83%88%E3%83%88%E3%83%AA%E5%85%88%E7%94%9F%31%39%E6%AD%B3" n1="%E6%BA%9C%E3%83%AD%E3%83%B3%EF%BC%A0%E5%B7%9D%E6%9D%91%E8%BB%8D%E5%9B%A3" n2="%E6%83%85%E7%86%B1%E3%81%8A%E3%81%AA%E3%81%8B" n3="%E3%81%A9%E3%81%A7%E3%81%99%E3%82%93" dan="13,13,14,13" rate="1977.70,1860.86,1956.10,1884.60" sx="F,M,F,M"/><TAIKYOKU oya="0"/><INIT seed="0,0,0,2,4,58" ten="250,250,250,250" oya="0" hai0="43,7,70,69,27,119,112,56,46,16,77,103,21" hai1="100,135,72,96,66,30,35,82,26,55,65,124,78" hai2="97,59,32,71,121,79,110,105,64,120,1,33,19" hai3="117,52,62,36,15,2,24,75,86,99,83,73,125"/><T5/><D112/><U132/><E124/><V48/><F1/><W39/><G2/><T0/><D119/><U60/><E55/><V38/><F38/><W57/><G117/><T94/><D0/><U49/><E49/><V29/><F71/><W127/><G99/><N who="0" m="59895" /><D70/><N who="1" m="42279" /><E66/><V95/><F110/><W61/><G24/><T45/><D69/><U101/><E101/><V14/><F105/><AGARI ba="0,0" hai="26,30,35,72,78,82,96,100,105,132,135" m="42279" machi="105" ten="30,3900,0" yaku="25,1,23,1,52,1" doraHai="58" who="1" fromWho="2" sc="250,0,250,39,250,-39,250,0" /><INIT seed="1,0,0,1,5,45" ten="250,289,211,250" oya="1" hai0="42,11,106,118,117,111,110,3,103,0,124,52,84" hai1="27,30,5,56,64,21,70,46,95,66,6,120,19" hai2="10,29,122,17,49,2,98,131,37,68,48,133,88" hai3="41,74,102,20,62,51,38,129,33,44,89,60,126"/><U125/><E120/><V132/><F37/><W65/><G33/><T116/><D124/><U9/><E125/><V97/><F68/><W14/><G74/><T92/><D42/><U34/><E70/><V91/><F29/><W58/><G102/><T109/><D106/><U119/><E119/><V123/><F17/><W113/><G126/><T23/><D23/><U28/><E95/><V96/><F131/><W134/><G134/><N who="2" m="51817" /><F10/><W130/><G113/><T75/><D75/><U39/><E30/><V71/><F71/><W40/><G89/><N who="2" m="34377" /><F2/><W93/><G93/><T15/><D84/><U72/><E72/><V112/><F112/><W87/><G87/><T61/><D92/><U78/><E78/><V86/><F86/><W80/><G80/><T1/><D103/><U53/><E5/><V63/><F63/><W43/><G14/><T57/><REACH who="0" step="1"/><D15/><REACH who="0" ten="240,289,211,250" step="2"/><U35/><E35/><V107/><F107/><W26/><G20/><T47/><D47/><U77/><E46/><V24/><F24/><W114/><G114/><T104/><D104/><U127/><E34/><V4/><F4/><AGARI ba="0,1" hai="0,1,3,4,11,52,57,61,109,110,111,116,117,118" machi="4" ten="50,6400,0" yaku="1,1,14,1,54,1,53,0" doraHai="45" doraHaiUra="22" who="0" fromWho="2" sc="240,74,289,0,211,-64,250,0" /><INIT seed="2,0,0,0,3,83" ten="314,289,147,250" oya="2" hai0="114,95,82,92,104,129,101,113,100,61,102,64,81" hai1="51,78,41,15,60,84,31,121,20,120,13,90,71" hai2="53,44,5,118,35,55,119,116,70,32,127,65,34" hai3="110,66,56,91,1,105,8,46,106,18,12,27,2"/><V99/><F5/><W69/><G69/><T124/><D61/><U72/><E78/><V16/><F127/><W45/><G110/><T109/><D64/><N who="1" m="41351" /><E72/><V103/><F65/><W9/><G2/><T85/><D109/><U80/><E51/><V68/><F16/><W98/><G105/><T77/><D124/><U108/><E41/><V6/><F6/><W11/><G11/><T54/><D54/><U74/><E108/><V86/><F70/><W48/><G1/><T107/><D129/><U47/><E47/><V76/><F68/><W63/><G27/><T111/><D111/><U19/><E31/><V135/><F44/><W3/><G9/><T38/><D38/><U30/><E30/><V52/><F135/><W133/><G3/><T123/><D123/><N who="1" m="47179" /><E74/><V125/><F125/><W36/><G36/><T112/><D82/><U50/><E50/><V117/><N who="2" m="29696" /><DORA hai="21" /><V122/><F122/><W57/><G133/><T126/><D126/><U10/><E10/><V131/><F131/><W22/><G8/><T59/><D59/><U58/><E58/><V26/><F26/><AGARI ba="0,0" hai="13,15,19,20,26,80,84,90" m="47179,41351" machi="26" ten="30,3900,0" yaku="13,1,52,2" doraHai="83,21" who="1" fromWho="2" sc="314,0,289,39,147,-39,250,0" /><INIT seed="3,0,0,3,0,60" ten="314,328,108,250" oya="3" hai0="44,15,83,88,38,31,92,71,129,12,0,101,84" hai1="134,95,41,131,28,23,16,35,124,132,62,34,99" hai2="8,126,91,107,1,96,100,6,77,48,4,53,2" hai3="29,130,68,70,69,61,117,128,11,103,120,89,102"/><W74/><G120/><T82/><D0/><U125/><E131/><N who="3" m="50218" /><G74/><T33/><D71/><U42/><E62/><V55/><F126/><N who="1" m="48745" /><E28/><V110/><F110/><W47/><G117/><T73/><D129/><U86/><E86/><V18/><F77/><W40/><G29/><T19/><D73/><U56/><E56/><V112/><F112/><W105/><G105/><T9/><D33/><N who="1" m="12299" /><E95/><V66/><F66/><N who="3" m="41039" /><G11/><T24/><D31/><U85/><E85/><V10/><F18/><W22/><G22/><T90/><D9/><U123/><E99/><V37/><F37/><N who="3" m="21903" /><G89/><T17/><D90/><U64/><E64/><V14/><F14/><W3/><G3/><T81/><D24/><N who="1" m="14439" /><E123/><V121/><F121/><W76/><G76/><T50/><D12/><U27/><E27/><V119/><F119/><W114/><G114/><T109/><D15/><U108/><E108/><V51/><F51/><W80/><G80/><N who="0" m="30827" /><D109/><U65/><E65/><V116/><F116/><W25/><G25/><T93/><D38/><U94/><E94/><N who="0" m="36457" /><D101/><AGARI ba="0,0" hai="69,70,101,102,103" m="21903,41039,50218" machi="101" ten="30,2900,0" yaku="19,1,52,1" doraHai="60" who="3" fromWho="0" sc="314,-29,328,0,108,0,250,29" /><INIT seed="3,1,0,1,5,43" ten="285,328,108,279" oya="3" hai0="134,95,7,135,98,87,101,127,39,1,75,91,26" hai1="17,102,92,130,86,83,62,90,24,93,61,31,21" hai2="63,58,133,97,52,64,94,109,81,120,105,49,77" hai3="8,18,114,132,5,13,34,35,96,122,117,19,29"/><W37/><G37/><T36/><D75/><U16/><E130/><V112/><F109/><W82/><G122/><T60/><D127/><U121/><E121/><V74/><F112/><W124/><G117/><T53/><D26/><U12/><E102/><V100/><F120/><W80/><G114/><T30/><D30/><U45/><E45/><V59/><F133/><N who="0" m="50698" /><D7/><U110/><E110/><V67/><F105/><W6/><G132/><T108/><D1/><U89/><E31/><V32/><F32/><W73/><G124/><T47/><D108/><U103/><E103/><V42/><F42/><W99/><G73/><T126/><D126/><U115/><E115/><V84/><F74/><W123/><G123/><T131/><D131/><U40/><E40/><V33/><REACH who="2" step="1"/><F33/><REACH who="2" ten="285,328,98,279" step="2"/><W129/><G129/><T3/><D3/><U51/><E51/><V70/><F70/><W27/><G35/><T125/><D125/><U68/><E68/><V71/><F71/><W20/><G96/><T111/><D111/><U106/><E106/><V9/><F9/><W14/><G99/><T15/><D39/><U50/><E50/><V23/><F23/><W69/><REACH who="3" step="1"/><G69/><REACH who="3" ten="285,328,98,269" step="2"/><T54/><D36/><U41/><E86/><V128/><F128/><W85/><G85/><T46/><D87/><U55/><E41/><V66/><AGARI ba="1,2" hai="49,52,58,59,63,64,66,67,77,81,84,94,97,100" machi="66" ten="20,8000,1" yaku="1,1,0,1,7,1,8,1,54,1,53,0" doraHai="43" doraHaiUra="28" who="2" fromWho="2" sc="285,-21,328,-21,98,103,269,-41" owari="264,6.0,307,41.0,201,-30.0,228,-17.0" /></mjloggm>