<mjloggm ver="2.3"><GO type="169" lobby="0"/><UN n0="%E3%83%86%E3%83%AC%E3%83%93%E3%81%A3%E5%AD%90" n1="%72%69%6F%75%63%68%61%6E" n2="%E3%82%A6%E3%83%AB%E3%83%88%E3%83%A9%E7%AB%8B%E7%9B%B4" n3="%E6%89%8B%E4%B9%97%E3%82%8A%E3%81%9F%E3%81%84%E3%81%8C%E3%81%81%E3%83%BC" dan="17,16,17,16" rate="2152.74,2084.30,2123.50,2049.63" sx="M,M,M,M"/><TAIKYOKU oya="0"/><INIT seed="0,0,0,1,4,114" ten="250,250,250,250" oya="0" hai0="84,77,94,30,8,78,23,38,67,89,134,62,110" hai1="87,97,29,123,108,103,26,11,76,65,49,64,19" hai2="21,60,34,46,51,92,43,22,120,13,68,53,3" hai3="25,101,58,75,63,73,90,132,104,54,5,45,27"/><T113/><D38/><U117/><E117/><V135/><F3/><W131/><G5/><T106/><D106/><U16/><E123/><V56/><F120/><W127/><G127/><T86/><D113/><U14/><E108/><V44/><F34/><W102/><G131/><T40/><D40/><U88/><E76/><V59/><F135/><W9/><G132/><T48/><D110/><U33/><E19/><V105/><F105/><W41/><G9/><T74/><D74/><U71/><E71/><V24/><F68/><W118/><G118/><T109/><D109/><U18/><E18/><N who="2" m="10447" /><F92/><W1/><G1/><T124/><D48/><U115/><E115/><V122/><F122/><W42/><G42/><T95/><D8/><U96/><E49/><N who="2" m="26783" /><F60/><W85/><G75/><T50/><D50/><U93/><REACH who="1" step="1"/><E97/><REACH who="1" ten="250,240,250,250" step="2"/><V70/><F70/><W126/><G126/><T107/><D134/><U15/><E15/><V121/><F121/><W55/><G27/><N who="0" m="16767" /><D78/><U17/><E17/><AGARI ba="0,1" hai="17,22,24,46,51,53,56,59" m="26783,10447" machi="17" ten="30,1000,0" yaku="8,1" doraHai="114" who="2" fromWho="1" sc="250,0,240,-10,250,20,250,0" /><INIT seed="1,0,0,2,5,25" ten="250,230,270,250" oya="1" hai0="47,133,12,79,13,83,82,95,132,118,17,2,4" hai1="125,115,109,102,59,1,45,68,120,116,67,22,123" hai2="32,36,97,119,24,74,5,93,63,92,122,78,56" hai3="73,113,57,104,127,58,10,20,38,53,80,88,29"/><U72/><E116/><V76/><F36/><W37/><G113/><T42/><D118/><U71/><E115/><V131/><F119/><W15/><G104/><T27/><D95/><U43/><E72/><V39/><F39/><W91/><G127/><T114/><D114/><U90/><E125/><V99/><F122/><N who="1" m="46633" /><E102/><V64/><F5/><W98/><G58/><T9/><D27/><U8/><E22/><V35/><F131/><W0/><G0/><T86/><D83/><U126/><E90/><V6/><F6/><W77/><G98/><T34/><D34/><U54/><E8/><V41/><F74/><W55/><G55/><T30/><D30/><U103/><E103/><V23/><F41/><W21/><G38/><T106/><D106/><U26/><E26/><V129/><F129/><W112/><G37/><T81/><D81/><U3/><E126/><V46/><F35/><W50/><G112/><T33/><D33/><U85/><E85/><V130/><F32/><W94/><G91/><T128/><D128/><U49/><E109/><V16/><F46/><W84/><REACH who="3" step="1"/><G29/><REACH who="3" ten="250,230,270,240" step="2"/><T135/><D2/><N who="1" m="523" /><E68/><V62/><F130/><W44/><G44/><T52/><D47/><U117/><E71/><V105/><F105/><W108/><G108/><T60/><D42/><U107/><E107/><V48/><F99/><W101/><G101/><T111/><D111/><U134/><E117/><V61/><F97/><W110/><G110/><T28/><D28/><U18/><E43/><V124/><F124/><W121/><G121/><T40/><D40/><U51/><E45/><V14/><F56/><RYUUKYOKU ba="0,1" sc="250,-10,230,-10,270,-10,240,30" hai3="10,15,20,21,50,53,57,73,77,80,84,88,94" /><INIT seed="2,1,1,5,3,69" ten="240,220,260,270" oya="2" hai0="88,130,12,42,128,124,3,135,18,44,111,0,15" hai1="117,103,8,122,39,118,101,76,113,74,34,71,119" hai2="47,110,6,24,60,70,121,80,129,93,95,58,84" hai3="123,73,21,2,96,106,78,43,4,37,97,67,10"/><V5/><F70/><W63/><G21/><T86/><D111/><U54/><E113/><V41/><F121/><W48/><G48/><T65/><D65/><U26/><E122/><V109/><F24/><W115/><G106/><T23/><D124/><U7/><E71/><V79/><F129/><N who="0" m="49770" /><D15/><U59/><E39/><N who="2" m="21951" /><F93/><W127/><G127/><T68/><D68/><U92/><E92/><V45/><F95/><W40/><G40/><T55/><D55/><U108/><E108/><N who="2" m="41579" /><F45/><N who="3" m="23791" /><G115/><T19/><D44/><U87/><E117/><V1/><F1/><W22/><G123/><T16/><D0/><U90/><E118/><V114/><F114/><W72/><G22/><T107/><D3/><U38/><E38/><V17/><F17/><W134/><G134/><T33/><D135/><U112/><E112/><V133/><F133/><W94/><G94/><N who="0" m="54551" /><D107/><U61/><E119/><V66/><AGARI ba="1,1" hai="5,6,58,60,66,79,80,84" m="41579,21951" machi="66" ten="30,6000,0" yaku="14,1,10,1,52,1" doraHai="69" who="2" fromWho="2" sc="240,-21,220,-21,260,73,270,-21" /><INIT seed="2,2,0,5,0,132" ten="219,199,333,249" oya="2" hai0="54,61,78,104,105,123,87,117,64,124,74,40,27" hai1="12,56,119,33,47,70,135,130,14,121,46,44,5" hai2="34,72,109,30,45,7,83,92,39,19,99,112,118" hai3="128,55,57,60,126,84,31,81,66,75,77,20,29"/><V53/><F118/><W17/><G128/><T50/><D123/><U100/><E119/><V15/><F112/><W82/><G126/><T59/><D117/><U52/><E70/><V24/><F7/><W86/><G75/><T134/><D134/><U35/><E135/><V11/><F109/><W110/><G66/><T63/><D74/><U133/><E133/><V97/><F97/><W76/><REACH who="3" step="1"/><G110/><REACH who="3" ten="219,199,333,239" step="2"/><T91/><D124/><U80/><E130/><V3/><F72/><W58/><G58/><T16/><D64/><U13/><E121/><V6/><F45/><W48/><G48/><T96/><D40/><U22/><E47/><V41/><F41/><W107/><G107/><T127/><D127/><U68/><E44/><V65/><F65/><W89/><G89/><T8/><D105/><U2/><E46/><V21/><F39/><W73/><G73/><T115/><D115/><U36/><E36/><V125/><F125/><W1/><G1/><T106/><D104/><U95/><E2/><V18/><F53/><W67/><G67/><T120/><D120/><U131/><E52/><V9/><F83/><W49/><G49/><T69/><D69/><U25/><E25/><AGARI ba="2,1" hai="17,20,25,29,31,55,57,60,76,77,81,82,84,86" machi="25" ten="30,7700,0" yaku="1,1,7,1,9,1,8,1,53,0" doraHai="132" doraHaiUra="71" who="3" fromWho="1" sc="219,0,199,-83,333,0,239,93" /><INIT seed="3,0,0,4,3,108" ten="219,116,333,332" oya="3" hai0="15,112,91,25,77,106,81,70,104,2,69,40,11" hai1="87,57,55,88,99,53,100,7,101,38,92,93,29" hai2="1,79,118,72,97,50,114,13,129,64,5,119,125" hai3="37,78,65,47,27,0,67,84,122,73,6,130,42"/><W61/><G122/><T58/><D2/><U10/><E38/><V98/><F1/><W4/><G130/><T113/><D40/><U76/><E29/><V8/><F79/><W56/><G27/><T71/><D91/><U26/><E26/><V80/><F72/><W18/><G18/><T30/><D58/><U9/><E76/><V110/><F64/><W120/><G120/><T12/><D104/><U85/><E100/><V66/><F66/><W3/><G3/><T68/><D106/><U95/><E7/><V75/><F80/><W20/><G20/><T32/><N who="0" m="17408" /><DORA hai="52" /><T105/><D105/><U36/><E36/><V35/><F50/><W116/><G116/><T115/><D11/><U111/><E111/><V49/><F49/><W24/><G24/><T21/><D32/><U54/><E57/><V124/><F75/><AGARI ba="0,0" hai="12,15,21,25,30,75,77,81,112,113,115" m="17408" machi="75" ten="70,8000,1" yaku="11,1,52,3" doraHai="108,52" who="0" fromWho="2" sc="219,80,116,0,333,-80,332,0" /><INIT seed="4,0,0,5,4,8" ten="299,116,253,332" oya="0" hai0="66,113,22,102,3,16,60,44,133,56,50,97,110" hai1="59,118,126,45,79,21,18,71,98,107,100,94,34" hai2="72,27,33,62,4,43,91,37,35,90,6,88,55" hai3="108,120,104,63,36,124,130,92,84,129,119,115,116"/><T74/><D3/><U105/><E118/><V5/><F72/><W23/><G36/><T20/><D74/><U51/><E71/><V122/><F122/><W121/><G104/><T32/><D32/><U135/><E34/><V82/><F82/><W47/><G47/><T96/><D133/><U0/><E0/><V40/><F37/><W83/><G63/><T67/><D113/><U65/><E135/><V38/><F38/><W101/><G23/><T99/><D110/><U69/><E126/><V73/><F73/><W26/><G26/><T12/><D67/><U86/><E69/><V75/><F75/><W49/><G49/><T52/><D22/><U39/><E39/><V68/><F35/><W103/><G108/><T46/><REACH who="0" step="1"/><D44/><REACH who="0" ten="289,116,253,332" step="2"/><U132/><E132/><V85/><F33/><W29/><G115/><T106/><AGARI ba="0,1" hai="12,16,20,46,50,52,56,60,66,96,97,99,102,106" machi="106" ten="20,18000,2" yaku="1,1,2,1,0,1,7,1,52,1,54,2,53,0" doraHai="8" doraHaiUra="64" who="0" fromWho="0" sc="289,190,116,-60,253,-60,332,-60" /><INIT seed="4,1,0,0,3,123" ten="479,56,193,272" oya="0" hai0="45,91,95,39,38,40,129,117,65,68,67,84,76" hai1="110,118,106,64,78,119,15,134,9,19,31,44,89" hai2="42,126,11,124,103,70,86,46,114,28,1,85,48" hai3="130,73,71,54,51,66,105,113,61,12,121,36,3"/><T63/><D129/><U75/><E110/><V108/><F70/><W22/><G3/><T96/><D67/><U93/><E106/><V88/><F103/><W131/><G73/><T132/><D132/><U90/><E134/><V122/><F28/><W81/><G105/><T4/><D117/><U35/><E64/><V135/><F85/><W92/><G121/><T83/><D4/><U34/><E90/><V41/><F41/><W55/><G113/><T50/><AGARI ba="1,0" hai="38,39,40,45,50,63,65,68,76,83,84,91,95,96" machi="50" ten="20,2100,0" yaku="0,1,7,1" doraHai="123" who="0" fromWho="0" sc="479,24,56,-8,193,-8,272,-8" /><INIT seed="4,2,0,5,4,16" ten="503,48,185,264" oya="0" hai0="115,17,129,48,19,33,52,112,18,91,36,114,64" hai1="37,22,61,70,120,103,85,38,9,54,27,125,117" hai2="93,121,39,84,119,94,35,92,73,60,42,100,26" hai3="25,4,58,80,124,135,47,86,109,63,87,71,79"/><T95/><D36/><U108/><E120/><V75/><F42/><W2/><G109/><T23/><D33/><U110/><E117/><V65/><F39/><W72/><G71/><T68/><D129/><U51/><E38/><V107/><F84/><W0/><G124/><T53/><D64/><U57/><E37/><V59/><F121/><W128/><G47/><T105/><D105/><U56/><E70/><N who="2" m="42279" /><F119/><W28/><G0/><T81/><D68/><U104/><E125/><V77/><F59/><W69/><G69/><T31/><D81/><U130/><E130/><V10/><F10/><W98/><G98/><N who="0" m="57727" /><D48/><U131/><E131/><V89/><F89/><W66/><G128/><T101/><D101/><U74/><E74/><V90/><F90/><W118/><G118/><T116/><D116/><U78/><E78/><V67/><F77/><W127/><G127/><T62/><D62/><U106/><E106/><V97/><F67/><W99/><G2/><T82/><D82/><U32/><E32/><V49/><F49/><W14/><G72/><T96/><D96/><N who="1" m="61543" /><E85/><V21/><F75/><W76/><G76/><T50/><D50/><U8/><E110/><V43/><F73/><W5/><G79/><T30/><D23/><U40/><E108/><V122/><F122/><W133/><G80/><T44/><D44/><N who="1" m="25991" /><E57/><V113/><F35/><W111/><G58/><T29/><AGARI ba="2,0" hai="17,18,19,29,30,31,52,53,112,114,115" m="57727" machi="29" ten="40,12000,1" yaku="29,2,15,1,54,1" doraHai="16" who="0" fromWho="0" sc="503,126,48,-42,185,-42,264,-42" /><INIT seed="4,3,0,4,3,20" ten="629,6,143,222" oya="0" hai0="14,96,121,65,107,132,33,39,62,10,31,60,88" hai1="21,112,19,38,50,101,36,42,114,54,106,34,84" hai2="78,129,72,90,104,103,124,17,123,1,4,135,73" hai3="133,100,63,120,24,117,28,83,56,25,32,113,11"/><T111/><D39/><U40/><E34/><V95/><F123/><W29/><G117/><T97/><D62/><U108/><E108/><V115/><F124/><W93/><G120/><T109/><D132/><U75/><E75/><V69/><F69/><W2/><G133/><T89/><D121/><U16/><E84/><V77/><F4/><W48/><G113/><N who="1" m="43626" /><E38/><V130/><F1/><W8/><G2/><T92/><D31/><N who="3" m="11849" /><G32/><T30/><D30/><U105/><E36/><V47/><F135/><W71/><G71/><T7/><D33/><U9/><E9/><N who="3" m="3658" /><G48/><T41/><D41/><N who="1" m="15979" /><E101/><V15/><F115/><W64/><G83/><T86/><D111/><U55/><E55/><V26/><F103/><W85/><G85/><T51/><D109/><U128/><E128/><V49/><F73/><W67/><G64/><T5/><D51/><U102/><E102/><V59/><F72/><W122/><G122/><T70/><D89/><U12/><E19/><V46/><F17/><W91/><G91/><T116/><D116/><U37/><E37/><V126/><F90/><W118/><G118/><T131/><D131/><U0/><E0/><V68/><F130/><W81/><G81/><T87/><D7/><U125/><E125/><V74/><F126/><W94/><G100/><T43/><D43/><U23/><E23/><V61/><F129/><W3/><G3/><T52/><D52/><U57/><AGARI ba="3,0" hai="12,16,21,50,54,57,105,106" m="15979,43626" machi="57" ten="30,4000,0" yaku="15,1,11,1,54,1" doraHai="20" who="1" fromWho="1" sc="629,-23,6,49,143,-13,222,-13" /><INIT seed="5,0,0,0,4,60" ten="606,55,130,209" oya="1" hai0="64,70,85,86,74,78,123,110,34,120,100,72,40" hai1="82,131,30,94,31,66,49,126,56,50,90,20,135" hai2="104,92,91,83,107,53,69,93,11,28,79,65,59" hai3="95,63,96,52,73,77,26,121,5,7,130,124,113"/><U23/><E126/><V129/><F129/><W33/><G121/><T109/><D40/><U97/><E131/><V132/><F132/><W125/><G130/><T134/><D34/><U76/><E135/><V4/><F28/><N who="1" m="10793" /><E76/><V84/><F92/><W58/><G26/><T17/><D70/><U128/><E128/><V133/><F133/><W114/><G33/><T46/><D134/><U106/><E106/><V12/><F69/><W116/><G116/><T32/><D32/><U80/><E50/><V6/><F6/><N who="3" m="2059" /><G77/><T24/><D78/><U3/><E3/><V39/><F39/><W41/><G41/><T36/><D36/><U88/><E49/><V68/><F68/><W47/><G47/><T57/><D46/><U35/><E35/><V42/><F42/><W102/><G73/><T54/><D57/><U25/><E90/><V22/><F107/><W2/><G2/><T38/><D38/><U71/><E71/><V61/><F104/><W16/><G16/><T13/><D17/><N who="1" m="12431" /><E23/><V81/><F22/><W108/><G108/><T119/><D119/><U21/><E21/><V112/><F112/><AGARI ba="0,0" hai="52,58,63,95,96,102,112,113,114,124,125" m="2059" machi="112" ten="30,2000,0" yaku="15,1,54,1" doraHai="60" who="3" fromWho="2" sc="606,0,55,0,130,-20,209,20" /><INIT seed="6,0,0,3,2,68" ten="606,55,110,229" oya="2" hai0="124,86,49,83,51,107,23,102,95,61,43,73,74" hai1="116,65,9,78,35,90,98,93,126,75,26,62,76" hai2="63,91,34,14,10,2,118,57,32,55,87,105,117" hai3="130,125,109,28,36,85,7,99,64,112,54,79,101"/><V108/><F2/><W82/><G36/><T59/><D124/><U104/><E116/><V0/><F0/><W56/><G125/><T72/><D107/><U88/><E126/><V48/><F105/><W66/><G109/><T8/><D8/><U16/><E104/><V122/><F108/><W38/><G38/><T128/><D128/><U42/><E42/><V24/><F117/><W67/><G130/><T5/><D5/><U19/><E90/><V41/><F34/><W47/><G7/><T15/><D43/><U106/><E106/><V111/><F111/><W17/><G28/><T100/><D23/><N who="1" m="13671" /><E35/><V45/><F122/><W37/><G37/><T129/><D15/><N who="1" m="7663" /><E75/><V22/><F32/><W120/><G120/><T71/><D71/><U53/><E65/><V50/><F118/><W133/><G133/><T58/><D74/><U119/><E119/><V121/><F121/><W89/><G89/><T30/><D30/><U44/><E44/><V81/><F14/><W97/><G112/><T46/><D46/><U27/><E27/><V33/><F33/><W135/><G54/><T60/><D86/><U12/><E12/><V134/><F134/><W21/><G47/><T70/><D70/><U20/><E20/><V92/><F10/><W4/><G4/><T131/><D95/><U52/><E52/><V69/><F69/><W103/><G135/><T84/><D84/><U80/><E80/><AGARI ba="0,0" hai="49,51,58,59,60,61,72,73,80,83,100,102,129,131" machi="80" ten="25,1600,0" yaku="22,2" doraHai="68" who="0" fromWho="1" sc="606,16,55,-16,110,0,229,0" /><INIT seed="7,0,0,3,1,114" ten="622,39,110,229" oya="3" hai0="82,3,24,104,28,31,60,120,115,122,108,23,93" hai1="131,68,15,73,71,118,51,69,84,76,106,33,65" hai2="48,13,63,6,96,132,113,123,32,47,67,128,2" hai3="80,83,77,103,119,59,42,125,97,89,0,64,92"/><W20/><G0/><T85/><D104/><U124/><E106/><V61/><F2/><W54/><G42/><T4/><D108/><U78/><E33/><V40/><F32/><W126/><G64/><T17/><D115/><U19/><E73/><V91/><F113/><W81/><G20/><T111/><D111/><U36/><E36/><V101/><F128/><W116/><G54/><T130/><D130/><U9/><E131/><V12/><F132/><W46/><G46/><T105/><D105/><U10/><E65/><V66/><F91/><W22/><G22/><T56/><D93/><U117/><E51/><V112/><F112/><W26/><G59/><T87/><D87/><U55/><E55/><V45/><F6/><W1/><G26/><T21/><D4/><U43/><E43/><V100/><F123/><W86/><G1/><T50/><D3/><U102/><E102/><V135/><F135/><W127/><G77/><N who="1" m="29802" /><E84/><V52/><F48/><W134/><G134/><T27/><D50/><U30/><E30/><V109/><F109/><W90/><G90/><T99/><D28/><U5/><E124/><V7/><F40/><W72/><G72/><T57/><D57/><U62/><E62/><V129/><F129/><W74/><G74/><T110/><D110/><U11/><E19/><V70/><F70/><N who="1" m="17921" /><U44/><DORA hai="95" /><E44/><V53/><F7/><W39/><G39/><T75/><D56/><U37/><E37/><V25/><F25/><W107/><AGARI ba="0,0" hai="80,81,83,86,89,92,97,103,107,116,119,125,126,127" machi="107" ten="40,24000,3" yaku="0,1,18,1,34,3,52,3" doraHai="114,95" who="3" fromWho="3" sc="622,-80,39,-80,110,-80,229,240" owari="542,64.0,-41,-54.0,30,-37.0,469,27.0" /></mjloggm>