<mjloggm ver="2.3"><GO type="97" lobby="0"/><UN n0="%E7%B4%85%E3%81%AE%E3%81%AC%E3%81%93" n1="%55%4F" n2="%6B%61%6C%75" n3="%E5%B0%B1%E6%B4%BB%E7%94%9F%40%E5%B7%9D%E6%9D%91%E8%BB%8D%E5%9B%A3" dan="13,13,14,15" rate="1871.48,1931.63,1949.23,1964.90" sx="F,M,M,M"/><TAIKYOKU oya="0"/><INIT seed="0,0,0,5,2,84" ten="250,250,250,250" oya="0" hai0="117,68,26,37,16,104,91,135,2,63,44,31,42" hai1="40,5,27,134,107,74,52,73,100,12,98,54,50" hai2="43,22,10,41,115,80,65,18,94,111,87,103,51" hai3="70,11,47,33,21,122,83,108,13,106,131,28,89"/><T58/><D117/><U123/><E123/><V118/><F115/><W32/><G70/><T61/><D104/><U30/><E134/><V60/><F111/><W66/><G106/><T76/><D2/><U130/><E130/><V67/><F118/><W23/><G122/><T24/><D135/><U82/><E40/><V48/><F10/><W56/><G108/><T36/><D76/><U81/><E5/><V25/><F43/><W133/><G131/><T57/><D68/><U59/><E12/><V29/><F18/><W78/><G133/><T132/><D132/><U101/><E101/><V62/><F67/><W8/><G47/><T124/><D124/><U116/><E116/><V46/><F51/><W53/><G66/><T55/><D37/><U88/><E54/><V125/><F125/><W1/><G1/><T112/><D112/><U17/><E17/><V96/><REACH who="2" step="1"/><F65/><REACH who="2" ten="250,250,240,250" step="2"/><W49/><G28/><T79/><D61/><U121/><E121/><V113/><F113/><W93/><G8/><T45/><D58/><U72/><REACH who="1" step="1"/><E88/><AGARI ba="0,1" hai="22,25,29,41,46,48,60,62,80,87,88,94,96,103" machi="88" ten="30,8000,1" yaku="1,1,7,1,8,1,52,1,54,1,53,0" doraHai="84" doraHaiUra="119" who="2" fromWho="1" sc="250,0,250,-80,240,90,250,0" /><INIT seed="1,0,0,3,5,97" ten="250,170,330,250" oya="1" hai0="104,31,46,39,14,75,19,113,16,135,36,47,94" hai1="35,80,77,124,106,119,127,68,99,133,86,43,70" hai2="50,9,128,3,116,18,89,87,122,34,37,63,83" hai3="65,5,130,24,132,58,38,42,117,2,25,81,64"/><U1/><E119/><V88/><F116/><W101/><G117/><T121/><D121/><U115/><E115/><V72/><F37/><W21/><G130/><T69/><D113/><U44/><E133/><V111/><F122/><W23/><G132/><T82/><D135/><U66/><E35/><V55/><F34/><W53/><G2/><T100/><D69/><U73/><E86/><V95/><F111/><W109/><G5/><T134/><D134/><U112/><E112/><V74/><F63/><W48/><G109/><T123/><D123/><U96/><E1/><V120/><F128/><W52/><G81/><T114/><D114/><U90/><E66/><N who="3" m="25706" /><G38/><T98/><D31/><U51/><E96/><V62/><F62/><N who="3" m="36167" /><G101/><T15/><D39/><U13/><E13/><N who="0" m="4617" /><D75/><U110/><E110/><V131/><F131/><W71/><G71/><T49/><D36/><U61/><E61/><V60/><F60/><W20/><G42/><T67/><D104/><U29/><E29/><V108/><F108/><W0/><G0/><T59/><D82/><U85/><E127/><V10/><F120/><W125/><G125/><T84/><D67/><U32/><E124/><V105/><F105/><W40/><G40/><T33/><D33/><U126/><E32/><V4/><F74/><W56/><AGARI ba="0,0" hai="20,21,23,24,25,48,53,56" m="36167,25706" machi="56" ten="30,2000,0" yaku="8,1,54,1" doraHai="97" who="3" fromWho="3" sc="250,-5,170,-10,330,-5,250,20" /><INIT seed="2,0,0,1,3,56" ten="245,160,325,270" oya="2" hai0="57,110,101,130,13,90,89,27,9,33,70,42,75" hai1="20,18,82,84,38,74,67,16,72,59,62,2,52" hai2="115,131,91,10,40,103,113,97,24,107,120,104,66" hai3="49,32,47,17,93,28,124,94,111,119,58,30,129"/><V122/><F40/><W48/><G119/><T77/><D130/><U128/><E128/><V108/><F131/><W61/><G32/><T73/><D70/><U15/><E2/><V88/><F10/><W87/><G129/><T11/><D42/><U117/><E38/><V95/><F66/><N who="3" m="39223" /><G111/><T23/><D110/><U3/><E3/><V133/><F24/><W35/><G35/><T12/><D33/><U29/><E29/><N who="3" m="11370" /><G124/><T54/><D101/><U125/><E125/><V26/><F26/><W105/><G105/><N who="2" m="40521" /><F108/><W41/><G49/><T4/><D77/><U45/><E117/><V22/><F22/><W98/><G98/><T64/><D64/><U132/><E132/><V96/><F133/><W5/><G5/><N who="0" m="3119" /><D73/><U114/><E114/><N who="2" m="43531" /><F103/><W123/><G123/><N who="2" m="47145" /><F95/><N who="3" m="36363" /><G17/><T46/><D23/><U65/><E18/><V86/><F86/><AGARI ba="0,0" hai="41,47,48,86,87" m="36363,11370,39223" machi="86" ten="30,2000,0" yaku="8,1,52,1" doraHai="56" who="3" fromWho="2" sc="245,0,160,0,325,-20,270,20" /><INIT seed="3,0,0,1,1,116" ten="245,160,305,290" oya="3" hai0="117,12,134,125,80,113,73,85,89,61,120,94,82" hai1="6,107,93,97,19,115,83,133,33,54,17,106,50" hai2="41,10,126,53,37,29,52,109,99,23,27,76,8" hai3="92,63,124,95,18,1,31,47,78,28,57,60,75"/><W4/><G124/><T5/><D117/><U74/><E115/><V3/><F126/><W91/><G1/><T90/><D125/><U32/><E6/><V88/><F109/><W130/><G130/><T36/><D36/><U59/><E133/><V56/><F3/><W103/><G4/><T64/><D113/><U2/><E2/><V128/><F128/><W81/><G47/><T86/><D134/><U98/><E74/><V79/><F37/><W39/><G39/><T100/><D5/><U122/><E83/><V119/><F41/><W25/><G103/><T9/><D9/><N who="2" m="3690" /><F119/><W102/><G102/><T123/><D12/><U40/><E40/><V135/><F135/><W30/><G95/><T114/><D114/><U0/><E0/><V38/><F38/><W66/><G63/><T87/><D61/><U45/><E45/><V51/><F53/><W105/><G105/><T118/><D118/><U46/><E46/><V49/><F51/><W62/><G62/><T11/><D11/><U35/><E122/><N who="0" m="46633" /><D64/><U71/><E71/><V67/><F67/><W69/><G69/><T84/><D73/><U21/><E97/><AGARI ba="0,0" hai="80,82,84,85,86,87,89,90,94,97,100" m="46633" machi="97" ten="30,8000,1" yaku="34,2,52,3" doraHai="116" who="0" fromWho="1" sc="245,80,160,-80,305,0,290,0" owari="325,42.0,80,-42.0,305,11.0,290,-11.0" /></mjloggm>