<mjloggm ver="2.3"><GO type="169" lobby="0"/><UN n0="%75%73%6B%31%31%31%35" n1="%E9%A7%84%E5%A6%B9" n2="%47%D0%81%D0%99%49%55%53" n3="%E5%B0%B1%E6%B4%BB%E7%94%9F%40%E5%B7%9D%E6%9D%91%E8%BB%8D%E5%9B%A3" dan="17,16,17,16" rate="2217.14,2080.32,2190.34,2028.60" sx="M,F,M,M"/><TAIKYOKU oya="0"/><INIT seed="0,0,0,5,2,78" ten="250,250,250,250" oya="0" hai0="0,127,54,80,62,37,89,41,35,25,110,70,85" hai1="38,94,115,98,10,132,130,99,121,8,1,81,91" hai2="76,23,104,79,102,4,117,59,131,120,125,32,34" hai3="109,87,107,123,47,83,16,100,72,29,114,105,63"/><T52/><D0/><U119/><E121/><V111/><F120/><W134/><G72/><T31/><D127/><U116/><E38/><V17/><F4/><W61/><G29/><T108/><D41/><U28/><E130/><V75/><F59/><W19/><G114/><T126/><D37/><U45/><E115/><V56/><F56/><W9/><G134/><T95/><D126/><U24/><E132/><V39/><F39/><W118/><G118/><T48/><D95/><U30/><E30/><V60/><F60/><W49/><G109/><N who="0" m="42091" /><D48/><U3/><E45/><V51/><F51/><W101/><G123/><T68/><D68/><U133/><E133/><V11/><F11/><W46/><G107/><T12/><D12/><U92/><E24/><V74/><F125/><W64/><G47/><T36/><D36/><U73/><E28/><V77/><F111/><W90/><G105/><T33/><D35/><U97/><E97/><N who="2" m="61519" /><F32/><W27/><G27/><T7/><D7/><U113/><E113/><V82/><F34/><W122/><G122/><T5/><D5/><U2/><E116/><V88/><F74/><W42/><G63/><T22/><D33/><U66/><E119/><V53/><F117/><W65/><G61/><T106/><D106/><U69/><E69/><V71/><F71/><W84/><G19/><T58/><D70/><U18/><E18/><V43/><F75/><W93/><G16/><T26/><D26/><U112/><E112/><V40/><F17/><W124/><G124/><T128/><D128/><U14/><E1/><V20/><F131/><W103/><G9/><RYUUKYOKU ba="0,0" sc="250,15,250,-15,250,-15,250,15" hai0="22,25,31,52,54,58,62,80,85,89" hai3="42,46,49,64,65,83,84,87,90,93,100,101,103" /><INIT seed="0,1,0,0,2,4" ten="265,235,235,265" oya="0" hai0="20,5,125,127,46,101,135,129,82,102,38,53,14" hai1="25,30,66,60,104,72,62,29,27,80,100,9,86" hai2="98,134,42,36,128,133,56,119,132,2,78,34,17" hai3="88,124,32,55,61,115,13,44,84,19,107,37,33"/><T74/><D129/><U77/><E72/><V8/><F128/><W123/><G115/><T87/><D74/><U108/><E108/><V47/><F119/><W64/><G107/><T3/><D3/><U0/><E100/><V120/><F120/><W85/><G123/><T59/><D135/><U97/><E97/><V35/><F78/><W58/><G124/><N who="0" m="47691" /><D46/><U7/><E104/><V15/><F2/><W130/><G130/><T109/><D38/><U106/><E106/><V114/><F114/><W105/><G105/><T39/><D39/><U69/><E60/><V99/><REACH who="2" step="1"/><F56/><REACH who="2" ten="265,235,225,265" step="2"/><W81/><G85/><T83/><D109/><U75/><E75/><V10/><F10/><W94/><G94/><T68/><D68/><U89/><E77/><V117/><F117/><W49/><G37/><T116/><D116/><U45/><E45/><V6/><F6/><W21/><AGARI ba="1,1" hai="13,19,21,32,33,44,49,55,58,61,64,81,84,88" machi="21" ten="20,2700,0" yaku="0,1,7,1,54,1" doraHai="4" who="3" fromWho="3" sc="265,-14,235,-8,225,-8,265,40" /><INIT seed="1,0,0,1,2,48" ten="251,227,217,305" oya="1" hai0="60,124,135,14,84,34,88,76,133,100,12,81,24" hai1="94,22,89,67,103,102,71,0,87,15,112,107,3" hai2="45,16,122,4,33,36,11,6,96,113,8,69,27" hai3="46,40,114,70,13,79,130,116,65,51,55,18,35"/><U77/><E112/><V104/><F122/><W110/><G35/><T99/><D124/><U62/><E77/><V30/><F113/><W105/><G114/><T7/><D76/><U117/><E117/><V72/><F72/><W125/><G105/><N who="0" m="63647" /><D7/><U52/><E102/><V85/><F85/><W31/><G31/><N who="0" m="19815" /><D60/><U115/><E115/><V121/><F121/><W32/><G32/><T50/><D50/><U66/><E66/><V54/><F69/><W73/><G116/><T109/><D109/><U74/><E74/><V10/><F36/><W68/><G110/><T128/><D128/><U132/><E132/><AGARI ba="0,0" hai="12,14,81,84,88,132,133,135" m="19815,63647" machi="132" ten="30,2000,0" yaku="20,1,54,1" doraHai="48" who="0" fromWho="1" sc="251,20,227,-20,217,0,305,0" /><INIT seed="2,0,0,4,3,103" ten="271,207,217,305" oya="2" hai0="56,7,114,37,90,79,58,108,45,21,124,93,14" hai1="40,26,97,99,43,5,2,95,119,133,68,50,82" hai2="38,64,71,70,86,31,6,35,113,25,54,28,112" hai3="76,74,18,85,66,17,12,94,102,69,57,73,24"/><V96/><F38/><W11/><G69/><T36/><D114/><U0/><E68/><V3/><F86/><W125/><G125/><T62/><D124/><U121/><E119/><V120/><F54/><W128/><G128/><T91/><D79/><U118/><E118/><V60/><F71/><W42/><G42/><T19/><D7/><U20/><E133/><V117/><F117/><W52/><G66/><T44/><D108/><U4/><E99/><V132/><F28/><W110/><G110/><T29/><D29/><U104/><E104/><V123/><F132/><W47/><G47/><N who="0" m="17995" /><D37/><U61/><E61/><V101/><F6/><N who="1" m="2665" /><E2/><V80/><F80/><N who="3" m="47239" /><G74/><T92/><D36/><U122/><E122/><N who="2" m="46635" /><F3/><W134/><G134/><T67/><D58/><U129/><E0/><V84/><F84/><W98/><G73/><T32/><D32/><U65/><E65/><V22/><F22/><N who="3" m="13391" /><G57/><T59/><D56/><U72/><E129/><V105/><AGARI ba="0,0" hai="25,31,35,60,64,70,96,101,105,112,113" m="46635" machi="105" ten="30,6000,0" yaku="25,1,23,1,52,1" doraHai="103" who="2" fromWho="2" sc="271,-20,207,-20,217,60,305,-20" /><INIT seed="2,1,0,3,5,21" ten="251,187,277,285" oya="2" hai0="116,2,29,18,27,120,77,62,37,8,55,36,60" hai1="57,51,90,121,114,99,9,80,88,19,129,20,108" hai2="133,72,98,79,128,130,61,74,84,4,43,75,101" hai3="64,67,93,85,69,13,48,92,12,3,78,30,95"/><V16/><F4/><W81/><G3/><T25/><D120/><U104/><E114/><V65/><F43/><W117/><G117/><T96/><D116/><U135/><E108/><V131/><F133/><W122/><G122/><T11/><D77/><U52/><E135/><V46/><F46/><W102/><G102/><T70/><D96/><U97/><E121/><V82/><F16/><W0/><G0/><T1/><D18/><U41/><E129/><V45/><F45/><W113/><G113/><T119/><D119/><U58/><E41/><V32/><F32/><W89/><G78/><T71/><D55/><N who="1" m="31999" /><E9/><V73/><N who="2" m="18944" /><DORA hai="35" /><V118/><F118/><W5/><G30/><AGARI ba="1,0" hai="1,2,8,11,25,27,29,30,36,37,60,62,70,71" machi="30" ten="25,12000,2" yaku="22,2,52,4" doraHai="21,35" who="0" fromWho="3" sc="251,123,187,0,277,0,285,-123" /><INIT seed="3,0,0,5,0,134" ten="374,187,277,162" oya="3" hai0="34,127,70,10,100,93,27,90,109,68,51,87,63" hai1="84,72,2,31,115,3,69,89,74,131,36,8,64" hai2="125,79,128,66,9,83,24,54,62,39,135,103,101" hai3="92,77,48,99,14,102,11,28,122,29,47,56,132"/><W45/><G122/><T106/><D109/><U53/><E36/><V55/><F39/><W5/><G132/><T133/><D51/><U12/><E115/><V22/><F135/><W80/><G47/><T129/><D133/><U116/><E31/><V19/><F128/><W17/><G56/><T32/><D129/><U21/><E131/><V113/><F113/><W30/><G17/><T37/><D37/><U60/><E21/><V110/><F110/><W20/><G20/><T13/><D70/><U98/><E98/><V6/><F125/><W15/><G15/><T114/><D114/><U35/><E35/><V111/><F111/><W96/><G96/><N who="0" m="61703" /><D32/><U75/><E53/><V112/><F112/><W33/><G33/><T76/><D76/><U49/><E49/><V91/><F91/><W59/><G59/><T126/><D13/><U42/><E42/><V38/><F38/><W120/><G120/><T7/><D7/><U108/><E116/><V124/><F54/><W67/><G67/><N who="0" m="41087" /><D10/><U78/><E78/><V65/><F55/><W130/><G130/><T85/><D85/><U118/><E118/><V44/><F44/><W104/><G104/><T82/><D82/><U123/><E123/><V26/><F65/><W71/><G71/><T94/><D94/><N who="1" m="54567" /><E108/><V18/><F79/><W0/><G0/><T81/><D81/><U57/><E69/><N who="2" m="42199" /><F83/><W86/><G30/><AGARI ba="0,0" hai="27,30,34,87,90,93,126,127" m="41087,61703" machi="30" ten="30,3900,0" yaku="25,1,52,2" doraHai="134" who="0" fromWho="3" sc="374,39,187,0,277,0,162,-39" /><INIT seed="4,0,0,5,2,128" ten="413,187,277,123" oya="0" hai0="91,132,117,8,95,85,103,27,34,63,21,4,72" hai1="24,23,101,94,44,14,108,47,2,134,110,38,68" hai2="125,96,5,29,13,61,116,55,109,75,120,78,81" hai3="121,73,58,129,33,35,31,119,77,126,104,86,64"/><T118/><D72/><U60/><E2/><V88/><F109/><W30/><G129/><T79/><D34/><U115/><E14/><V71/><F120/><W3/><G121/><T59/><D79/><U133/><E115/><V57/><F125/><W19/><G3/><T130/><D103/><U25/><E101/><V18/><F116/><W41/><G73/><T46/><D46/><N who="1" m="17451" /><E94/><V100/><F29/><W93/><G104/><T52/><D130/><U42/><E42/><V28/><F28/><W97/><G119/><T22/><D22/><U74/><E38/><V10/><F71/><W37/><G126/><T67/><D67/><U102/><E102/><V17/><REACH who="2" step="1"/><F88/><REACH who="2" ten="413,187,267,123" step="2"/><W32/><G32/><T111/><D111/><U0/><E68/><V15/><F15/><W99/><G35/><T11/><D118/><U76/><E0/><V112/><F112/><W70/><G33/><T43/><D117/><U20/><E108/><V9/><F9/><W65/><G70/><T16/><D11/><U127/><E110/><V56/><F56/><W26/><G37/><T80/><D80/><N who="1" m="45079" /><E127/><V82/><F82/><W131/><G131/><T51/><D43/><U53/><E23/><V50/><F50/><W114/><G114/><T124/><D124/><U90/><E20/><V123/><F123/><W87/><G58/><T1/><REACH who="0" step="1"/><D51/><REACH who="0" ten="403,187,267,123" step="2"/><U98/><E90/><V48/><F48/><W106/><G41/><T113/><D113/><U12/><E25/><V39/><F39/><W6/><G26/><T66/><D66/><U107/><E24/><V54/><F54/><W135/><G65/><RYUUKYOKU ba="0,2" sc="403,15,187,-15,267,15,123,-15" hai0="1,4,8,16,21,27,52,59,63,85,91,95,132" hai2="5,10,13,17,18,55,57,61,75,78,81,96,100" /><INIT seed="4,1,2,3,3,112" ten="418,172,282,108" oya="0" hai0="95,17,93,134,31,122,30,69,50,23,41,117,101" hai1="99,51,114,105,67,59,28,102,32,6,66,38,22" hai2="132,86,35,7,4,123,13,36,84,54,5,97,125" hai3="29,58,127,60,78,90,119,81,94,75,129,135,68"/><T79/><D122/><U104/><E38/><V80/><F123/><W120/><G120/><T118/><D69/><U3/><E32/><V116/><F35/><W52/><G129/><T49/><D79/><U63/><E114/><V44/><F132/><W89/><G135/><T62/><D62/><U98/><E51/><V65/><F125/><W15/><G127/><T113/><D113/><U85/><E6/><V0/><F0/><W19/><G68/><T73/><D73/><U126/><E3/><V37/><F65/><W88/><G29/><T24/><D134/><U57/><E85/><V47/><F97/><W1/><G1/><T48/><D41/><U103/><E126/><V108/><F108/><W21/><REACH who="3" step="1"/><G119/><REACH who="3" ten="418,172,282,98" step="2"/><T9/><D31/><U100/><E28/><V106/><F116/><W40/><G40/><T124/><D124/><U27/><E104/><V39/><F106/><W115/><G115/><T53/><D30/><N who="1" m="17783" /><E105/><V70/><F70/><W18/><G18/><T64/><D117/><U42/><E42/><V96/><F4/><W8/><G8/><T109/><D9/><U92/><E92/><AGARI ba="1,3" hai="15,19,21,52,58,60,75,78,81,88,89,90,92,94" machi="92" ten="40,5200,0" yaku="1,1,54,2,53,0" doraHai="112" doraHaiUra="61" who="3" fromWho="1" sc="418,0,172,-55,282,0,98,85" /><INIT seed="5,0,0,4,0,25" ten="418,117,282,183" oya="1" hai0="103,7,56,99,51,114,102,1,13,44,120,121,115" hai1="47,79,84,91,6,42,20,21,129,30,106,11,118" hai2="69,54,92,16,126,72,83,32,52,15,130,87,48" hai3="60,96,100,24,26,12,63,50,71,55,33,3,97"/><U101/><E118/><V81/><F32/><W124/><G3/><T18/><D1/><U28/><E129/><V110/><F110/><W111/><G111/><T49/><D7/><U109/><E109/><V68/><F130/><W117/><G124/><T39/><D39/><U98/><E79/><V61/><F126/><W58/><G117/><T9/><D56/><U127/><E127/><V27/><F27/><N who="3" m="10283" /><G33/><T35/><D35/><U65/><E65/><N who="2" m="41007" /><F54/><W29/><G71/><T40/><D51/><U77/><E77/><V78/><F69/><W107/><G107/><N who="0" m="63967" /><D103/><U112/><E112/><AGARI ba="0,0" hai="9,13,18,40,44,49,112,114,115,120,121" m="63967" machi="112" ten="30,1000,0" yaku="15,1" doraHai="25" who="0" fromWho="1" sc="418,10,117,-10,282,0,183,0" /><INIT seed="6,0,0,4,2,18" ten="428,107,282,183" oya="2" hai0="29,26,4,49,112,102,28,124,0,108,97,39,123" hai1="23,47,3,132,86,1,76,34,9,19,20,14,85" hai2="104,46,88,125,31,103,52,62,69,7,121,38,51" hai3="5,58,109,33,61,118,72,116,101,15,42,133,24"/><V60/><F121/><W36/><G109/><T119/><D39/><U107/><E107/><V120/><F120/><W91/><G72/><T10/><D108/><U41/><E34/><V64/><F125/><W59/><G133/><T94/><D123/><U35/><E35/><V45/><F7/><W30/><G101/><T16/><D124/><U43/><E132/><V57/><F31/><W131/><G131/><T67/><D67/><U25/><E43/><N who="2" m="22775" /><F88/><W87/><G59/><T66/><D66/><U81/><E86/><V50/><F103/><W117/><G42/><T99/><D119/><U98/><E98/><V115/><F104/><W111/><G36/><T106/><D112/><U13/><E13/><V96/><F96/><W74/><G74/><T54/><D16/><U2/><REACH who="1" step="1"/><E25/><REACH who="1" ten="428,97,282,183" step="2"/><V56/><F115/><W105/><G105/><T27/><D26/><U90/><E90/><V70/><F62/><W130/><G91/><T55/><D27/><U84/><E84/><V48/><F48/><AGARI ba="0,1" hai="1,2,3,9,14,19,20,23,41,47,48,76,81,85" machi="48" ten="40,5200,0" yaku="1,1,52,2,53,0" doraHai="18" doraHaiUra="63" who="1" fromWho="2" sc="428,0,97,62,282,-52,183,0" /><INIT seed="7,0,0,5,2,60" ten="428,159,230,183" oya="3" hai0="118,51,50,62,91,112,13,30,85,24,128,88,45" hai1="21,68,125,2,65,75,82,10,133,31,38,103,78" hai2="32,135,131,54,69,26,95,4,84,101,17,79,130" hai3="116,3,49,16,106,110,113,20,97,46,86,23,93"/><W15/><G116/><T111/><D118/><U9/><E125/><V127/><F127/><W117/><G3/><T7/><D111/><U28/><E133/><V122/><F135/><W99/><G110/><T80/><D128/><N who="2" m="49194" /><F69/><W124/><G117/><T92/><D62/><U96/><E38/><V1/><F122/><W108/><G108/><T6/><D112/><U72/><E72/><V19/><F54/><W35/><G35/><T76/><D13/><U104/><E2/><V37/><F37/><W39/><G39/><T52/><D50/><U98/><E98/><N who="3" m="37386" /><G106/><T14/><D14/><U119/><E119/><V66/><F101/><W109/><G113/><T40/><D40/><U11/><REACH who="1" step="1"/><E21/><REACH who="1" ten="428,149,230,183" step="2"/><V120/><F1/><W126/><G109/><T56/><D45/><U57/><E57/><V74/><F32/><W5/><G126/><T132/><D132/><U43/><E43/><V27/><F74/><W71/><G124/><T12/><D12/><U70/><E70/><V114/><F114/><W18/><G71/><T100/><D100/><U87/><E87/><V36/><F84/><W33/><G33/><T90/><D92/><U67/><E67/><V59/><F36/><W47/><G86/><T123/><D123/><U25/><E25/><V134/><F120/><W55/><G93/><T77/><D77/><U48/><E48/><V22/><F79/><W41/><G47/><T102/><D102/><U107/><E107/><V63/><F95/><W73/><G73/><T89/><N who="0" m="22528" /><DORA hai="115" /><T29/><D24/><U34/><E34/><V42/><F134/><W58/><G41/><RYUUKYOKU ba="0,1" sc="428,15,149,15,230,-15,183,-15" hai0="6,7,29,30,51,52,56,76,80,85" hai1="9,10,11,28,31,65,68,75,78,82,96,103,104" owari="453,55.0,164,-34.0,215,2.0,168,-23.0" /></mjloggm>