<mjloggm ver="2.3"><GO type="97" lobby="0"/><UN n0="%E3%81%B2%E3%81%A3%E3%81%B4%E3%83%BC" n1="%E3%81%B6%E3%81%A1%E3%82%80%E3%81%93%E3%81%86" n2="%E5%B0%B1%E6%B4%BB%E7%94%9F%40%E5%B7%9D%E6%9D%91%E8%BB%8D%E5%9B%A3" n3="%6E%61%64%65%6B%6F%73" dan="14,14,15,14" rate="1949.51,1981.56,2010.95,1990.11" sx="M,M,M,M"/><TAIKYOKU oya="0"/><INIT seed="0,0,0,1,5,41" ten="250,250,250,250" oya="0" hai0="3,45,106,91,105,72,38,17,86,125,135,21,79" hai1="4,11,130,71,75,94,29,1,14,99,35,84,22" hai2="113,117,16,116,58,5,107,64,51,121,68,80,54" hai3="18,78,32,56,73,60,43,133,112,114,24,93,15"/><T49/><D135/><U52/><E71/><V92/><F107/><W129/><G133/><T128/><D128/><U100/><E75/><V111/><F111/><W101/><G129/><T63/><D38/><U97/><E97/><V50/><F113/><W30/><G78/><T119/><D3/><U7/><E7/><V13/><F121/><W123/><G73/><T127/><D119/><N who="2" m="45642" /><F5/><W40/><G123/><T42/><D63/><U62/><E130/><V124/><F124/><W81/><G81/><T90/><D79/><U27/><E84/><V2/><F2/><W95/><G95/><T48/><D48/><U104/><E62/><N who="2" m="39959" /><F92/><W87/><G112/><T70/><D72/><U115/><E52/><N who="2" m="32023" /><F80/><W25/><G114/><T69/><D105/><U44/><E104/><V39/><F39/><W120/><G120/><T132/><D106/><U108/><E115/><V8/><F54/><W96/><G87/><T19/><D132/><U126/><E108/><V85/><F51/><W134/><G134/><T20/><D127/><U131/><E126/><V61/><F85/><W82/><G82/><T36/><D125/><U110/><E110/><V10/><F61/><W76/><G76/><T67/><D36/><U83/><E83/><V103/><F103/><W88/><G101/><T9/><D86/><U118/><E131/><V77/><F77/><W57/><G57/><T66/><D9/><AGARI ba="0,0" hai="8,9,10,13,16" m="32023,39959,45642" machi="9" ten="30,3900,0" yaku="12,1,54,2" doraHai="41" who="2" fromWho="0" sc="250,-39,250,0,250,39,250,0" /><INIT seed="1,0,0,2,4,97" ten="211,250,289,250" oya="1" hai0="19,95,74,10,52,42,91,69,82,81,78,112,105" hai1="53,21,56,58,62,2,14,127,5,60,6,129,133" hai2="79,84,87,99,75,100,35,108,120,92,0,96,94" hai3="9,85,13,126,7,51,38,25,44,30,4,34,32"/><U115/><E2/><V80/><F35/><W3/><G38/><T98/><D69/><U123/><E129/><V43/><F0/><W72/><G72/><T106/><D112/><U24/><E133/><V135/><F43/><W36/><G36/><T33/><D33/><U89/><E127/><V88/><F135/><W65/><G65/><T26/><D42/><U48/><E115/><V103/><F120/><W122/><G122/><T134/><D81/><U64/><E123/><V12/><F108/><W23/><G85/><N who="2" m="32841" /><F12/><W45/><G45/><T27/><D106/><U20/><E89/><AGARI ba="0,0" hai="75,79,80,88,89,92,94,96,99,100,103" m="32841" machi="89" ten="30,16000,3" yaku="35,5,52,2,54,1" doraHai="97" who="2" fromWho="1" sc="211,0,250,-160,289,160,250,0" /><INIT seed="2,0,0,4,3,52" ten="211,90,449,250" oya="2" hai0="103,134,96,122,21,67,65,10,17,124,19,43,31" hai1="36,44,50,104,76,41,88,26,132,87,58,112,57" hai2="1,117,49,3,48,125,90,72,14,63,60,92,106" hai3="109,2,30,11,59,101,73,102,89,98,64,40,61"/><V68/><F106/><W28/><G73/><T120/><D134/><U25/><E104/><V84/><F72/><W18/><G109/><T29/><D124/><U22/><E112/><V38/><F117/><W62/><G40/><T79/><D79/><U55/><E76/><V7/><F38/><W15/><G2/><T133/><D133/><U94/><E132/><V0/><F125/><W83/><G83/><T54/><D43/><U135/><E135/><V85/><F85/><W5/><G5/><T33/><D33/><U47/><REACH who="1" step="1"/><E26/><REACH who="1" ten="211,80,449,250" step="2"/><V93/><F0/><W77/><G77/><T20/><D122/><U118/><E118/><V4/><F3/><W16/><G89/><T39/><D120/><U86/><E86/><V121/><F1/><W123/><G123/><T24/><D24/><U8/><E8/><V99/><F121/><W70/><G101/><T113/><D10/><U100/><E100/><V82/><F84/><W116/><G116/><T115/><D103/><U27/><E27/><V119/><F119/><W130/><G130/><T75/><D115/><U74/><E74/><V9/><F9/><W69/><G102/><T51/><D113/><U78/><E78/><V13/><F4/><W127/><G127/><T108/><D75/><U80/><E80/><V71/><F7/><W81/><G81/><T97/><D97/><U110/><E110/><V129/><F82/><W131/><G98/><T56/><D96/><U34/><E34/><V6/><F6/><W12/><G131/><T66/><D108/><U105/><E105/><V42/><F129/><W107/><G107/><RYUUKYOKU ba="0,1" sc="211,-10,80,30,449,-10,250,-10" hai1="22,25,36,41,44,47,50,55,57,58,87,88,94" /><INIT seed="3,1,1,0,0,108" ten="201,110,439,240" oya="3" hai0="92,105,134,49,85,14,71,82,96,106,87,44,70" hai1="95,31,30,33,93,1,67,53,9,35,61,19,11" hai2="113,36,59,97,8,115,62,64,74,58,65,99,20" hai3="111,55,42,63,78,123,86,54,16,7,114,18,89"/><W103/><G123/><T48/><D134/><U68/><E1/><V73/><F20/><W122/><G122/><T52/><D106/><U37/><E37/><V38/><REACH who="2" step="1"/><F62/><REACH who="2" ten="201,110,429,240" step="2"/><W6/><G111/><T12/><D105/><U116/><E116/><V29/><F29/><W34/><G34/><T131/><D131/><U124/><E124/><V2/><F2/><W125/><G125/><T104/><D104/><U5/><E61/><V121/><F121/><W101/><G114/><T135/><D135/><U72/><E72/><V15/><F15/><W127/><G127/><T43/><D12/><U26/><E67/><V28/><F28/><W128/><G128/><T117/><D14/><U94/><E68/><V60/><F60/><W133/><G133/><T118/><D70/><U110/><E110/><V25/><F25/><W27/><G27/><T107/><D71/><U57/><E30/><V21/><F21/><W80/><G63/><T50/><D107/><U130/><E130/><V69/><F69/><W3/><G3/><T56/><D118/><U120/><E120/><V22/><F22/><W119/><G119/><T10/><D117/><U39/><E35/><V90/><F90/><W77/><G6/><T112/><D112/><U91/><E5/><V126/><F126/><W0/><G0/><T132/><D132/><U79/><E79/><N who="3" m="30218" /><G7/><T129/><D129/><U98/><E9/><AGARI ba="1,2" hai="8,9,36,38,58,59,64,65,73,74,97,99,113,115" machi="9" ten="25,8000,1" yaku="1,1,22,2,52,2,53,0" doraHai="108" doraHaiUra="41" who="2" fromWho="1" sc="201,0,110,-83,429,103,240,0" owari="201,-20.0,27,-47.0,532,63.0,240,4.0" /></mjloggm>