<mjloggm ver="2.3"><GO type="97" lobby="0"/><UN n0="%E3%81%BE%E3%82%8B%E3%82%82%E3%81%A3%E3%81%A6%E3%81%83" n1="%E3%83%AA%E3%83%AA%EF%BC%8D%E3%83%8A" n2="%E5%B0%B1%E6%B4%BB%E7%94%9F%40%E5%B7%9D%E6%9D%91%E8%BB%8D%E5%9B%A3" n3="%E5%8D%81%E5%BC%90%E7%BE%8E%E7%80%AC%E3%81%AA%E3%81%AA" dan="14,13,14,15" rate="1953.62,1886.11,1979.53,2034.04" sx="M,F,M,F"/><TAIKYOKU oya="0"/><BYE who="1" /><INIT seed="0,0,0,0,0,134" ten="250,250,250,250" oya="0" hai0="97,3,96,4,84,129,128,109,69,103,20,13,82" hai1="115,25,65,83,107,19,64,99,110,22,38,26,94" hai2="42,114,52,46,58,30,74,43,49,40,23,116,15" hai3="76,50,37,81,45,44,78,16,8,124,70,14,47"/><T111/><D3/><UN n1="%E3%83%AA%E3%83%AA%EF%BC%8D%E3%83%8A" /><U90/><E90/><V73/><BYE who="1" /><F114/><UN n1="%E3%83%AA%E3%83%AA%EF%BC%8D%E3%83%8A" /><W29/><G37/><T53/><D69/><U63/><E115/><V117/><F116/><W1/><G70/><T91/><D53/><U102/><E110/><N who="0" m="41993" /><D103/><U56/><E107/><V61/><F117/><W120/><G120/><T126/><D126/><U127/><E127/><V87/><F87/><N who="3" m="48551" /><G1/><T5/><D20/><U104/><E104/><V17/><REACH who="2" step="1"/><F30/><REACH who="2" ten="250,250,240,250" step="2"/><W18/><G124/><T59/><D129/><U33/><E33/><V72/><BYE who="1" /><AGARI ba="0,1" hai="15,17,23,40,42,43,46,49,52,58,61,72,73,74" machi="72" ten="30,8000,1" yaku="1,1,2,1,0,1,54,1,53,1" doraHai="134" doraHaiUra="10" who="2" fromWho="2" sc="250,-40,250,-20,240,90,250,-20" /><UN n1="%E3%83%AA%E3%83%AA%EF%BC%8D%E3%83%8A" /><INIT seed="1,0,0,3,2,94" ten="210,230,330,230" oya="1" hai0="95,2,7,4,47,106,37,97,28,60,38,135,23" hai1="113,20,27,67,39,89,126,9,35,72,15,66,53" hai2="85,83,102,84,132,70,10,63,30,80,82,57,59" hai3="64,123,109,21,55,22,79,88,122,125,110,46,6"/><U0/><E72/><V107/><F132/><W44/><G125/><T12/><D135/><U81/><E113/><V77/><F70/><W33/><G33/><T25/><D106/><U11/><E126/><V124/><F124/><W114/><G114/><T17/><D60/><U54/><E39/><V24/><F10/><W91/><G79/><T78/><D78/><U29/><E67/><V48/><F48/><W108/><G64/><T50/><D38/><U36/><E66/><V119/><F119/><W128/><G6/><T118/><D37/><U75/><E36/><V19/><F19/><W13/><G13/><T61/><D61/><U117/><E117/><V32/><F59/><W56/><G128/><T100/><D118/><U130/><E130/><V42/><F42/><W87/><G22/><T96/><D2/><U112/><E112/><V18/><F18/><W65/><G21/><T73/><D73/><U90/><E90/><N who="3" m="34346" /><G87/><T45/><D96/><U62/><E62/><V26/><F26/><W116/><G65/><T1/><D50/><U129/><E129/><V8/><F8/><W31/><G31/><T76/><D76/><N who="1" m="44191" /><E89/><V40/><F84/><W71/><G71/><T74/><D74/><U41/><E41/><V99/><F40/><W134/><G134/><T105/><D105/><U34/><E34/><V121/><F121/><N who="3" m="46091" /><G116/><T86/><D86/><U5/><E9/><V104/><F104/><W16/><G16/><AGARI ba="0,0" hai="0,5,11,15,16,20,27,29,35,53,54" m="44191" machi="16" ten="30,2900,0" yaku="24,1,54,1" doraHai="94" who="1" fromWho="3" sc="210,0,230,29,330,0,230,-29" /><INIT seed="1,1,0,4,5,11" ten="210,259,330,201" oya="1" hai0="38,92,70,62,52,24,65,106,133,6,5,121,60" hai1="46,73,47,119,55,31,43,32,100,63,103,30,1" hai2="80,23,69,115,28,123,10,9,109,72,116,44,76" hai3="84,19,50,64,85,131,99,59,58,94,33,82,49"/><U22/><E73/><V39/><F116/><W89/><G131/><T134/><D106/><U108/><E1/><V40/><F69/><W112/><G112/><T67/><D38/><U77/><E119/><V127/><F123/><W34/><G34/><T91/><D121/><U7/><E7/><V75/><F75/><W8/><G33/><T122/><D122/><U26/><E26/><V4/><F115/><W79/><G85/><T93/><D24/><U14/><E108/><V27/><F127/><W126/><G126/><T128/><D128/><U101/><E77/><V114/><F114/><W124/><G124/><T37/><D37/><U15/><E32/><V97/><F109/><W130/><G130/><T118/><D118/><U125/><E125/><V98/><REACH who="2" step="1"/><F10/><REACH who="2" ten="210,259,320,201" step="2"/><W54/><G64/><T41/><D70/><U120/><E120/><V0/><AGARI ba="1,1" hai="0,4,9,23,27,28,39,40,44,72,76,80,97,98" machi="0" ten="20,12000,2" yaku="1,1,2,1,0,1,7,1,25,2,53,0" doraHai="11" doraHaiUra="57" who="2" fromWho="2" sc="210,-31,259,-61,320,133,201,-31" /><INIT seed="2,0,0,0,2,106" ten="179,198,453,170" oya="2" hai0="8,133,3,28,70,14,4,67,61,66,45,54,75" hai1="19,39,31,27,30,12,65,49,1,7,51,53,100" hai2="15,60,62,10,71,20,23,132,76,91,130,90,33" hai3="79,114,104,124,13,111,128,81,74,127,103,59,40"/><V32/><F76/><W0/><G0/><T120/><D120/><U63/><E39/><V35/><F130/><W9/><G111/><T97/><D133/><U16/><E100/><V29/><F132/><W37/><G128/><T84/><D28/><N who="1" m="10795" /><E1/><V73/><F73/><W6/><G114/><T87/><D97/><U113/><E65/><V105/><F105/><W46/><G59/><T57/><D3/><U135/><E113/><V83/><F83/><W52/><G52/><T115/><D115/><U68/><E68/><V44/><F44/><W117/><G117/><T64/><D75/><U41/><E41/><V116/><F116/><W112/><G112/><T11/><D11/><N who="1" m="4223" /><E135/><V24/><F71/><W47/><G47/><T18/><D4/><U95/><E95/><V99/><F99/><W94/><G94/><T17/><D17/><N who="1" m="6731" /><E27/><V125/><F62/><W88/><G103/><T118/><D118/><U119/><E119/><V109/><F60/><W26/><G104/><T134/><D134/><U43/><E43/><V36/><F36/><W129/><G129/><T58/><D70/><U2/><E2/><V82/><F109/><W107/><G107/><T131/><D131/><U123/><E123/><V77/><F82/><N who="3" m="45431" /><G26/><T80/><D45/><U121/><E121/><V56/><F35/><W78/><G78/><N who="0" m="46103" /><D87/><U98/><E98/><V110/><F77/><W96/><G96/><T85/><D85/><U122/><E122/><V86/><F32/><W126/><G81/><T25/><D25/><U48/><E48/><AGARI ba="0,0" hai="8,14,18,48,54,57,58,61,64,66,67" m="46103" machi="48" ten="30,1000,0" yaku="8,1" doraHai="106" who="0" fromWho="1" sc="179,10,198,-10,453,0,170,0" /><INIT seed="3,0,0,5,4,116" ten="189,188,453,170" oya="3" hai0="124,77,57,35,27,29,58,34,128,110,93,99,19" hai1="104,63,88,127,32,59,5,108,6,105,62,75,89" hai2="8,121,102,11,7,69,50,92,12,13,10,16,70" hai3="78,118,85,72,40,97,36,114,125,49,134,120,47"/><W26/><G118/><T135/><D135/><U90/><E108/><V55/><F121/><W86/><G114/><T45/><D110/><U117/><E127/><V3/><F102/><W74/><G134/><T132/><D132/><U96/><E96/><V126/><F126/><W94/><G125/><T61/><D124/><U91/><E91/><V18/><REACH who="2" step="1"/><F92/><REACH who="2" ten="189,188,443,170" step="2"/><W22/><G120/><T80/><D93/><U106/><E117/><V111/><F111/><W17/><G36/><T2/><D80/><U33/><E75/><V1/><F1/><W107/><G107/><T21/><D2/><U20/><E106/><V83/><F83/><N who="3" m="47351" /><G74/><T129/><D129/><U56/><E105/><V43/><F43/><W87/><G72/><T60/><D128/><U15/><E104/><V38/><F38/><W100/><AGARI ba="0,1" hai="17,22,26,40,47,49,86,87,94,97,100" m="47351" machi="100" ten="30,1500,0" yaku="8,1" doraHai="116" who="3" fromWho="3" sc="189,-5,188,-5,443,-5,170,25" /><INIT seed="3,1,0,0,0,121" ten="184,183,438,195" oya="3" hai0="102,120,47,36,111,37,26,23,16,72,60,133,116" hai1="134,70,110,50,12,61,66,95,87,32,122,40,53" hai2="117,56,19,28,2,49,101,98,94,80,65,126,123" hai3="131,1,44,73,48,74,46,4,89,35,64,76,82"/><W6/><G131/><T15/><D120/><U103/><E122/><V51/><F117/><W96/><G35/><T17/><D116/><U69/><E32/><V128/><F2/><W83/><G64/><T21/><D72/><U59/><E134/><V62/><F123/><W124/><G124/><T55/><D133/><U106/><E106/><V0/><F126/><W13/><G1/><T29/><D111/><U90/><E103/><V41/><F0/><W113/><G113/><T109/><D109/><U52/><E110/><V132/><F132/><W18/><G46/><T71/><D102/><U10/><E40/><V78/><F28/><W114/><G114/><T91/><D29/><U129/><E129/><V63/><F41/><W127/><G127/><T34/><D34/><U130/><E130/><V104/><F104/><W84/><G96/><T30/><D30/><U7/><E53/><V58/><F19/><W75/><G75/><T105/><D105/><U68/><AGARI ba="1,0" hai="7,10,12,50,52,59,61,66,68,69,70,87,90,95" machi="68" ten="20,2700,0" yaku="0,1,7,1,54,1" doraHai="121" who="1" fromWho="1" sc="184,-8,183,30,438,-8,195,-14" owari="176,-32.0,213,1.0,430,53.0,181,-22.0" /></mjloggm>