<mjloggm ver="2.3"><GO type="97" lobby="0"/><UN n0="%E3%81%A9%E3%82%8D%E3%81%93" n1="%6D%61%73%61%63" n2="%E3%83%A4%E3%83%84%E3%83%8F%E3%82%B7" n3="%E5%B0%B1%E6%B4%BB%E7%94%9F%40%E5%B7%9D%E6%9D%91%E8%BB%8D%E5%9B%A3" dan="13,15,14,14" rate="1859.07,2009.15,1896.89,1936.43" sx="M,M,M,M"/><TAIKYOKU oya="0"/><INIT seed="0,0,0,1,2,32" ten="250,250,250,250" oya="0" hai0="35,56,96,5,95,109,87,88,81,31,46,80,3" hai1="68,132,108,28,135,94,61,21,22,126,85,114,91" hai2="120,51,43,49,60,129,8,98,112,6,40,119,62" hai3="25,93,42,54,133,55,57,66,59,111,128,18,106"/><T34/><D109/><U67/><E108/><V118/><F98/><W13/><G106/><T33/><D80/><U117/><E117/><N who="2" m="44555" /><F112/><W4/><G111/><T122/><D122/><U79/><E114/><V63/><F120/><W115/><G115/><T127/><D127/><U1/><E126/><V103/><F103/><W26/><G128/><T12/><D3/><U14/><E79/><V53/><F8/><W134/><G42/><N who="2" m="15913" /><F6/><W70/><G70/><T11/><D46/><U123/><E123/><V90/><F90/><W30/><G66/><T45/><D45/><U44/><E44/><V27/><F27/><W38/><G38/><T0/><D56/><U102/><E102/><V104/><F104/><W130/><G4/><T100/><REACH who="0" step="1"/><D0/><REACH who="0" ten="240,250,250,250" step="2"/><U99/><E1/><V83/><F83/><W77/><G57/><T101/><D101/><U92/><E91/><V78/><F78/><W74/><G77/><T47/><D47/><U23/><E99/><V82/><F82/><W121/><G59/><T19/><D19/><U58/><E58/><N who="2" m="34895" /><F129/><W64/><G130/><T7/><D7/><U71/><E28/><AGARI ba="0,1" hai="5,11,12,28,31,33,34,35,81,87,88,95,96,100" machi="28" ten="40,3900,0" yaku="1,1,54,1,53,0" doraHai="32" doraHaiUra="72" who="0" fromWho="1" sc="240,49,250,-39,250,0,250,0" /><INIT seed="0,1,0,2,2,133" ten="289,211,250,250" oya="0" hai0="0,43,88,2,18,26,70,84,130,61,7,74,93" hai1="64,32,83,49,86,115,124,85,119,31,135,14,47" hai2="25,131,1,132,6,116,118,24,90,107,63,30,129" hai3="96,5,126,72,127,20,39,81,113,73,50,9,108"/><T109/><D74/><U33/><E119/><N who="2" m="45611" /><F63/><W91/><G39/><T125/><D43/><U19/><E135/><V117/><N who="2" m="45619" /><V12/><DORA hai="67" /><F107/><W55/><G113/><T36/><D36/><U41/><E115/><V102/><F102/><W48/><G108/><T54/><D109/><U38/><E31/><V98/><F98/><W45/><G20/><T44/><D130/><N who="2" m="49674" /><F90/><W46/><G96/><T65/><D44/><U101/><E101/><V53/><F53/><W121/><G121/><T95/><D54/><U56/><E86/><V110/><F132/><W11/><G91/><T68/><D93/><U82/><E82/><V42/><F42/><W21/><G55/><T23/><D68/><U114/><E114/><V15/><F110/><W103/><G103/><T8/><REACH who="0" step="1"/><D125/><REACH who="0" ten="279,211,250,250" step="2"/><U122/><E124/><V76/><F76/><W27/><G81/><T89/><D89/><N who="1" m="51391" /><E122/><V62/><F62/><W52/><G73/><T79/><D79/><U105/><E105/><V37/><F37/><W13/><G72/><T69/><D69/><U123/><E123/><V60/><F60/><W17/><G46/><T34/><D34/><U92/><E92/><V87/><F87/><W80/><G45/><T100/><D100/><U104/><E104/><V28/><F1/><AGARI ba="1,1" hai="0,1,2,7,8,18,23,26,61,65,70,84,88,95" machi="1" ten="30,18000,2" yaku="1,1,7,1,52,1,54,1,53,2" doraHai="133,67" doraHaiUra="66,16" who="0" fromWho="2" sc="279,193,211,0,250,-183,250,0" /><INIT seed="0,2,0,3,3,120" ten="472,211,67,250" oya="0" hai0="12,11,92,111,95,63,128,38,23,134,32,86,74" hai1="34,83,91,54,67,117,68,19,109,5,85,14,2" hai2="10,122,107,129,59,45,35,31,52,9,27,61,28" hai3="64,101,13,0,15,1,78,127,25,90,55,17,115"/><T30/><D111/><U124/><E117/><V126/><F107/><W44/><G115/><T102/><D74/><U24/><E109/><V60/><F122/><W48/><G127/><T33/><D38/><U110/><E124/><V4/><F126/><W57/><G101/><T116/><D116/><U22/><E54/><V125/><F125/><W40/><G64/><T66/><D128/><U39/><E39/><V49/><F129/><W121/><G121/><T76/><D134/><U73/><E73/><V77/><F77/><W36/><G78/><T79/><D23/><U135/><E135/><V106/><F106/><W8/><G25/><T118/><D30/><U42/><E42/><V6/><F31/><W131/><G131/><T21/><D21/><U94/><E110/><V80/><F80/><W105/><G105/><T133/><D133/><U65/><E68/><V103/><F103/><W88/><REACH who="3" step="1"/><G13/><REACH who="3" ten="472,211,67,240" step="2"/><T3/><D118/><U43/><E67/><V82/><F82/><W29/><G29/><T71/><D12/><U50/><E65/><V132/><F132/><W114/><G114/><T7/><D79/><U18/><E83/><V96/><F96/><W81/><G81/><T70/><D102/><U46/><E14/><V69/><F69/><W119/><G119/><T72/><D70/><U87/><E24/><V16/><F28/><W123/><G123/><T112/><D112/><U56/><E91/><AGARI ba="2,1" hai="0,1,8,15,17,36,40,44,48,55,57,88,90,91" machi="91" ten="40,2600,0" yaku="1,1,54,1,53,0" doraHai="120" doraHaiUra="58" who="3" fromWho="1" sc="472,0,211,-32,67,0,240,42" /><INIT seed="1,0,0,4,1,64" ten="472,179,67,282" oya="1" hai0="49,107,113,131,114,44,16,34,91,110,115,134,20" hai1="89,36,105,38,53,67,87,96,43,45,54,17,92" hai2="129,77,106,39,47,100,41,102,76,14,135,0,46" hai3="9,78,86,6,103,30,63,72,83,18,58,60,116"/><U21/><E38/><V55/><F0/><W93/><G116/><T11/><D110/><U124/><E124/><V95/><F135/><W48/><G30/><T122/><D134/><U70/><E105/><V2/><F2/><W19/><G48/><T120/><D131/><U7/><E7/><V27/><F129/><W128/><G128/><T123/><D34/><U127/><E127/><V85/><F106/><W104/><G104/><T111/><D111/><U5/><E5/><V31/><F14/><W15/><G63/><T108/><D108/><U12/><E67/><V32/><F77/><W133/><G133/><T73/><D107/><U74/><E74/><V71/><F76/><W97/><REACH who="3" step="1"/><G72/><REACH who="3" ten="472,179,67,272" step="2"/><T101/><D73/><U1/><E1/><V69/><F102/><W35/><G35/><T50/><D101/><U79/><E79/><V75/><F75/><W82/><G82/><T26/><D50/><U65/><REACH who="1" step="1"/><E96/><REACH who="1" ten="472,169,67,272" step="2"/><V52/><F85/><W84/><G84/><T68/><D114/><U29/><E29/><V81/><F81/><W24/><G24/><T25/><D25/><U98/><E98/><V61/><F27/><W132/><G132/><T51/><D113/><U10/><E10/><V59/><F31/><W8/><G8/><T4/><D115/><U62/><AGARI ba="0,2" hai="12,17,21,36,43,45,53,54,62,65,70,87,89,92" machi="62" ten="30,11700,0" yaku="1,1,0,1,52,1,53,1" doraHai="64" doraHaiUra="40" who="1" fromWho="1" sc="472,-39,169,137,67,-39,272,-39" /><INIT seed="1,1,0,4,1,29" ten="433,306,28,233" oya="1" hai0="105,125,37,119,27,8,65,13,46,34,42,85,11" hai1="83,10,21,60,23,22,108,50,101,110,68,88,100" hai2="5,109,35,96,30,24,67,81,25,75,52,43,33" hai3="133,86,69,82,53,73,91,31,116,47,44,124,12"/><U59/><E68/><V103/><F43/><W76/><G69/><T3/><D105/><U4/><E50/><V118/><F118/><W17/><G116/><T92/><D125/><U104/><E104/><V32/><F5/><W132/><G124/><T55/><D65/><U6/><E83/><V98/><F109/><N who="1" m="42089" /><E88/><V80/><F67/><W113/><G31/><T61/><D119/><U28/><E28/><V123/><F123/><W90/><G113/><T122/><D61/><U63/><E60/><V102/><F30/><W7/><G7/><N who="1" m="2602" /><E10/><V72/><REACH who="2" step="1"/><F35/><REACH who="2" ten="433,306,18,233" step="2"/><W41/><G41/><T14/><D42/><U106/><E106/><V9/><F9/><W89/><G53/><AGARI ba="1,1" hai="21,22,23,53,59,63,100,101" m="2602,42089" machi="53" ten="30,2900,0" yaku="14,1,10,1" doraHai="29" who="1" fromWho="3" sc="433,0,306,42,18,0,233,-32" /><AGARI ba="1,0" hai="24,25,32,33,52,53,72,75,80,81,96,98,102,103" machi="53" ten="25,12000,2" yaku="1,1,22,2,52,2,54,1,53,0" doraHai="29" doraHaiUra="121" who="2" fromWho="3" sc="433,0,348,0,18,120,201,-120" /><INIT seed="1,2,0,0,3,3" ten="433,348,138,81" oya="1" hai0="99,31,62,21,46,15,119,56,40,75,101,0,91" hai1="65,117,32,34,50,33,12,73,55,134,112,51,22" hai2="1,25,44,107,96,124,103,16,88,66,63,39,113" hai3="26,72,129,59,78,81,57,30,52,61,7,114,115"/><U49/><E112/><V58/><F1/><W86/><G129/><T98/><D119/><U127/><E117/><V77/><F113/><W85/><G7/><T14/><D75/><U133/><E73/><V90/><F77/><W19/><G19/><T89/><D0/><U60/><E127/><V125/><F39/><W76/><G59/><T47/><D31/><U64/><E22/><V106/><F44/><W24/><G24/><T102/><D56/><N who="1" m="34847" /><E12/><V17/><F107/><W94/><G72/><T128/><D62/><U2/><E2/><V41/><F41/><W5/><G5/><T131/><D40/><U4/><E4/><V48/><F48/><W68/><G68/><T120/><D21/><U97/><E97/><V74/><F74/><W54/><G54/><T111/><D111/><U35/><N who="1" m="8704" /><DORA hai="28" /><U6/><E6/><V29/><F29/><W100/><G100/><T93/><D93/><U18/><E18/><N who="2" m="7275" /><F25/><W130/><G130/><T84/><REACH who="0" step="1"/><D84/><REACH who="0" ten="423,348,138,81" step="2"/><U104/><E104/><V92/><F106/><W122/><G122/><AGARI ba="2,1" hai="14,15,46,47,89,91,98,99,101,102,120,122,128,131" machi="122" ten="25,12000,2" yaku="1,1,2,1,22,2,53,2" doraHai="3,28" doraHaiUra="126,108" who="0" fromWho="3" sc="423,136,348,0,138,0,81,-126" owari="559,66.0,348,15.0,138,-26.0,-45,-55.0" /></mjloggm>