<mjloggm ver="2.3"><GO type="97" lobby="0"/><UN n0="%E3%83%88%E3%83%88%E3%83%AA%E5%85%88%E7%94%9F%31%39%E6%AD%B3" n1="%E3%83%95%E3%82%A7%E3%83%AA%E3%83%83%E3%82%AF%E3%82%B9" n2="%74%6F%73%69" n3="%E5%8D%B5%E3%81%A8%E3%81%98" dan="14,14,14,15" rate="2006.43,1923.63,2005.34,1963.39" sx="F,M,M,M"/><TAIKYOKU oya="0"/><INIT seed="0,0,0,3,4,11" ten="250,250,250,250" oya="0" hai0="2,23,65,17,101,112,106,108,70,16,52,127,4" hai1="94,51,37,61,59,75,132,38,14,35,134,81,117" hai2="21,124,0,28,66,68,89,32,129,135,99,133,62" hai3="71,44,8,33,3,93,92,128,27,123,98,69,41"/><T84/><D112/><U58/><E117/><V113/><F0/><W118/><G118/><T76/><D108/><U120/><E120/><V131/><F113/><W15/><G123/><T86/><D127/><U74/><E35/><V19/><F32/><W9/><G3/><T42/><D42/><U24/><E24/><N who="2" m="14399" /><F28/><W130/><G33/><T114/><D114/><U26/><E26/><V20/><F20/><W79/><G79/><T43/><D43/><U54/><E94/><N who="2" m="56783" /><F124/><W83/><G27/><N who="0" m="14823" /><D70/><U103/><E103/><V48/><F48/><W57/><G57/><T67/><D106/><U13/><E81/><V7/><F7/><W47/><G83/><N who="0" m="47207" /><D4/><U22/><E22/><V56/><F68/><W88/><G41/><T91/><D2/><U53/><REACH who="1" step="1"/><E51/><REACH who="1" ten="250,240,250,250" step="2"/><V55/><F66/><W29/><G69/><T122/><D101/><U96/><E96/><V73/><F73/><W36/><G98/><T12/><D122/><U78/><E78/><V90/><F90/><W121/><G88/><T10/><D52/><U64/><E64/><V85/><F85/><W63/><G121/><T126/><D126/><U125/><E125/><V111/><F111/><W95/><G71/><T116/><D116/><U49/><E49/><V40/><F40/><W5/><G5/><T100/><D100/><U39/><E39/><V6/><F6/><W46/><G93/><AGARI ba="0,1" hai="10,12,17,65,67,86,91,93" m="47207,14823" machi="93" ten="30,5800,0" yaku="8,1,52,1,54,1" doraHai="11" who="0" fromWho="3" sc="250,68,240,0,250,0,250,-58" /><INIT seed="0,1,0,0,3,56" ten="318,240,250,192" oya="0" hai0="135,18,34,124,12,64,120,32,122,127,39,33,95" hai1="100,36,86,131,109,6,125,59,132,74,114,98,55" hai2="110,52,83,51,41,89,16,88,30,27,14,38,92" hai3="35,94,72,69,8,4,53,126,97,40,130,26,133"/><T13/><D39/><U45/><E74/><V66/><F110/><W11/><G72/><T37/><D37/><U5/><E109/><V104/><F38/><W19/><G130/><T48/><D48/><U22/><E131/><V118/><F41/><W134/><G69/><T106/><D106/><U9/><E114/><V62/><F104/><W101/><G126/><N who="0" m="48171" /><D95/><U107/><E125/><V68/><F118/><W44/><G53/><T3/><D64/><U111/><E111/><V65/><F83/><W77/><G77/><T78/><D78/><U99/><E132/><N who="3" m="50794" /><G4/><T128/><D128/><U121/><E121/><N who="0" m="46697" /><D135/><U0/><E6/><V117/><F66/><W7/><G7/><T75/><D75/><U21/><E36/><V113/><F113/><W50/><G19/><T91/><D91/><U79/><E79/><V102/><F102/><W115/><G115/><T54/><D54/><U23/><E99/><V73/><F73/><W57/><G57/><T108/><D108/><U60/><E45/><V71/><F71/><W67/><G67/><T10/><D13/><U42/><E42/><V119/><F119/><W103/><G103/><T43/><D43/><U93/><REACH who="1" step="1"/><E86/><REACH who="1" ten="318,230,250,192" step="2"/><V25/><F117/><W61/><G97/><T105/><D105/><AGARI ba="1,1" hai="0,5,9,21,22,23,55,59,60,93,98,100,105,107" machi="105" ten="40,8000,1" yaku="1,1,2,1,52,1,53,1" doraHai="56" doraHaiUra="49" who="1" fromWho="0" sc="318,-83,230,93,250,0,192,0" /><INIT seed="1,0,0,2,5,49" ten="235,323,250,192" oya="1" hai0="119,105,101,27,74,20,73,110,78,108,35,120,132" hai1="91,125,129,3,95,56,6,31,8,64,47,85,97" hai2="127,106,102,34,83,96,124,135,18,58,14,71,5" hai3="12,13,2,32,81,90,104,94,40,75,45,41,23"/><U88/><E129/><V50/><F71/><W76/><G32/><T115/><D119/><U93/><E125/><N who="2" m="48203" /><F34/><W11/><G104/><T60/><D115/><U25/><E47/><V84/><F135/><W77/><G77/><T36/><D36/><U89/><E64/><V57/><F5/><W39/><G41/><T10/><D35/><U16/><E56/><V33/><F50/><W114/><G114/><T38/><D38/><U19/><E91/><N who="2" m="51615" /><F33/><AGARI ba="0,0" hai="3,6,8,16,19,25,31,33,85,88,89,93,95,97" machi="33" ten="30,5800,0" yaku="7,1,54,2" doraHai="49" who="1" fromWho="2" sc="235,0,323,58,250,-58,192,0" /><INIT seed="1,1,0,3,5,74" ten="235,381,192,192" oya="1" hai0="46,96,59,10,21,68,117,118,100,113,48,16,88" hai1="119,104,18,51,6,94,12,4,38,47,75,98,37" hai2="1,112,97,129,76,25,9,84,13,32,127,134,105" hai3="73,30,115,20,125,64,63,26,122,11,80,7,87"/><U19/><E75/><V69/><F1/><W90/><G115/><T92/><D68/><U130/><E119/><V111/><F69/><W31/><G125/><T3/><D113/><U17/><E104/><V123/><F129/><W120/><G73/><T5/><D59/><U22/><E130/><V65/><F105/><W81/><G30/><T8/><D8/><U54/><E38/><V128/><F32/><W121/><G80/><T36/><D100/><U83/><E83/><V106/><F106/><W39/><G39/><T43/><REACH who="0" step="1"/><D36/><REACH who="0" ten="225,381,192,192" step="2"/><U49/><E37/><V103/><F127/><W27/><G122/><T41/><D41/><U67/><E67/><V107/><F123/><W44/><G44/><T102/><D102/><U116/><E116/><V33/><F128/><W23/><G121/><T131/><D131/><U82/><E47/><V101/><F112/><W79/><G120/><T53/><D53/><U0/><E54/><V70/><F107/><W28/><G11/><T95/><D95/><U77/><E94/><V89/><F70/><W45/><G45/><T135/><D135/><U34/><E0/><V40/><F33/><W133/><G133/><T35/><D35/><U132/><E34/><V85/><F134/><W78/><G7/><T29/><D29/><U55/><E132/><V86/><F103/><W2/><G2/><T66/><D66/><U110/><E55/><V126/><F65/><W62/><G64/><T50/><D50/><U24/><E51/><V109/><F126/><W93/><G93/><T15/><AGARI ba="1,1" hai="3,5,10,15,16,21,43,46,48,88,92,96,117,118" machi="15" ten="20,8000,1" yaku="1,1,0,1,7,1,54,2,53,0" doraHai="74" doraHaiUra="72" who="0" fromWho="0" sc="225,93,381,-41,192,-21,192,-21" /><INIT seed="2,0,0,4,2,79" ten="318,340,171,171" oya="2" hai0="22,102,1,20,15,70,66,133,13,64,28,83,8" hai1="73,48,74,58,16,50,129,60,75,56,61,59,65" hai2="96,36,27,12,11,69,115,80,63,121,89,124,40" hai3="84,105,125,53,33,93,106,23,54,62,108,90,132"/><V0/><F121/><W71/><G108/><T97/><D133/><U72/><E129/><V123/><F115/><W39/><G132/><T78/><D1/><U38/><E38/><V122/><F0/><W45/><G33/><T26/><D22/><U76/><E16/><V134/><F134/><W99/><G125/><T46/><D46/><U47/><E47/><V25/><F124/><W30/><G39/><T110/><D110/><U3/><E3/><V88/><F96/><W67/><G45/><T4/><D13/><U51/><E76/><V111/><F111/><W57/><G71/><T119/><D70/><U103/><E103/><V82/><F69/><W24/><G106/><T32/><D32/><U5/><E5/><V2/><F36/><W41/><G41/><T29/><D29/><U87/><E87/><V14/><F2/><W55/><G105/><T68/><D68/><U9/><E9/><V128/><F40/><W19/><G19/><T37/><D119/><U81/><E81/><V104/><F104/><W98/><AGARI ba="0,0" hai="23,24,30,53,54,55,57,62,67,84,90,93,98,99" machi="98" ten="30,2000,0" yaku="0,1,8,1" doraHai="79" who="3" fromWho="3" sc="318,-5,340,-5,171,-10,171,20" /><INIT seed="3,0,0,0,3,19" ten="313,335,161,191" oya="3" hai0="62,78,77,65,2,17,47,91,16,18,126,128,95" hai1="22,102,82,26,117,130,86,134,24,69,31,66,57" hai2="110,123,113,60,83,10,119,12,105,56,90,129,40" hai3="121,15,68,38,45,21,100,9,61,1,5,111,27"/><W75/><G121/><T131/><D2/><U34/><E117/><V112/><F119/><W14/><G75/><T88/><D47/><U51/><E134/><V114/><F105/><W120/><G120/><T97/><D91/><U127/><E130/><N who="0" m="49705" /><D126/><U70/><E127/><V43/><F129/><W50/><G38/><T84/><D97/><U80/><E102/><V52/><F123/><W103/><G111/><T81/><D81/><U8/><E8/><V58/><F110/><W99/><G68/><AGARI ba="0,0" hai="16,17,18,62,65,68,77,78,84,88,95" m="49705" machi="68" ten="30,3900,0" yaku="19,1,54,2" doraHai="19" who="0" fromWho="3" sc="313,39,335,0,161,0,191,-39" owari="352,45.0,335,14.0,161,-24.0,152,-35.0" /></mjloggm>