<mjloggm ver="2.3"><GO type="41" lobby="0"/><UN n0="%E5%B0%B1%E6%B4%BB%E7%94%9F%40%E5%B7%9D%E6%9D%91%E8%BB%8D%E5%9B%A3" n1="%E3%83%97%E3%83%A9%E3%83%83%E3%82%B7%E3%83%BC" n2="%6E%65%6D%74%61%6E%32" n3="%E6%98%8E%E6%99%BA%E5%B0%8F%E8%A1%A3" dan="14,13,13,13" rate="2003.82,1994.90,1845.45,1898.01" sx="M,M,M,F"/><TAIKYOKU oya="0"/><INIT seed="0,0,0,5,4,107" ten="250,250,250,250" oya="0" hai0="28,100,93,94,102,68,132,10,97,38,116,55,44" hai1="43,19,17,127,57,88,74,35,109,40,123,108,103" hai2="52,63,78,90,106,79,23,98,122,49,110,128,6" hai3="134,2,21,125,42,45,54,48,89,111,119,24,53"/><T105/><D68/><U64/><E35/><V26/><F122/><W39/><G119/><T92/><D116/><U83/><E123/><V61/><F110/><N who="1" m="42601" /><E103/><V5/><F106/><W113/><G113/><T4/><D132/><U81/><E127/><V95/><F128/><W62/><G111/><T3/><D28/><U12/><E19/><N who="2" m="12671" /><F79/><W66/><G125/><T59/><D102/><U60/><E81/><V36/><F36/><W31/><G134/><T135/><D135/><U33/><E33/><V73/><F73/><W16/><G2/><T20/><D20/><U41/><E41/><V84/><F78/><W133/><G133/><T80/><D80/><U104/><E104/><V27/><F98/><W32/><G89/><T120/><D120/><U11/><E74/><V29/><F61/><W124/><G124/><T91/><D44/><U8/><E8/><V72/><F72/><W47/><G54/><T85/><REACH who="0" step="1"/><D38/><REACH who="0" ten="240,250,250,250" step="2"/><U70/><E70/><V15/><F29/><W115/><G115/><T14/><D14/><U37/><E37/><V18/><F27/><W76/><G31/><T30/><D30/><U7/><E43/><V56/><F63/><AGARI ba="0,1" hai="3,4,10,55,59,63,85,91,92,93,94,97,100,105" machi="63" ten="30,5800,0" yaku="1,1,7,1,53,1" doraHai="107" doraHaiUra="50" who="0" fromWho="2" sc="240,68,250,0,250,-58,250,0" /><INIT seed="0,1,0,0,4,54" ten="308,250,192,250" oya="0" hai0="83,4,97,116,39,46,99,69,127,74,5,75,119" hai1="132,93,60,106,1,108,0,24,18,128,129,67,90" hai2="9,44,87,14,110,115,47,92,32,73,68,82,101" hai3="100,77,123,63,103,94,130,78,16,13,28,26,7"/><T27/><D69/><U104/><E108/><V11/><F68/><W48/><G123/><T17/><D127/><U89/><E132/><V33/><F115/><W30/><G7/><T34/><D39/><U55/><E90/><V114/><F114/><W41/><G130/><N who="1" m="50282" /><E55/><V120/><F73/><W117/><G117/><T12/><D46/><U19/><E19/><V109/><F14/><W53/><G63/><T36/><D36/><U37/><E37/><V31/><F31/><N who="3" m="11819" /><G26/><T134/><D27/><U96/><E1/><V50/><F120/><W40/><G40/><T61/><D61/><U56/><E0/><V112/><F112/><W98/><G41/><T45/><D45/><U133/><E133/><V43/><F47/><N who="3" m="27807" /><G103/><T113/><D113/><U3/><E3/><V23/><F101/><W121/><G121/><T2/><D34/><U65/><E65/><V88/><F33/><W81/><G81/><T125/><D134/><U107/><E107/><V42/><F32/><W51/><G51/><T49/><D83/><U29/><E18/><V72/><F82/><W21/><AGARI ba="1,0" hai="13,16,21,77,78,94,98,100" m="27807,11819" machi="21" ten="30,2000,0" yaku="8,1,54,1" doraHai="54" who="3" fromWho="3" sc="308,-11,250,-6,192,-6,250,23" /><INIT seed="1,0,0,2,4,39" ten="297,244,186,273" oya="1" hai0="37,89,49,65,28,13,1,98,29,101,53,10,95" hai1="131,84,110,43,12,38,69,55,105,90,104,40,82" hai2="77,103,70,68,109,83,56,66,62,111,108,8,99" hai3="100,22,25,6,30,2,36,31,16,5,97,27,112"/><U34/><E34/><V86/><REACH who="2" step="1"/><F8/><REACH who="2" ten="297,244,176,273" step="2"/><N who="3" m="2103" /><G36/><T73/><D37/><U51/><E38/><V4/><F4/><W125/><G125/><T128/><D128/><U44/><E131/><V20/><F20/><N who="3" m="13447" /><G112/><T117/><D117/><U47/><E69/><V7/><F7/><W46/><G46/><T48/><D1/><U87/><E47/><V23/><F23/><N who="3" m="15743" /><G97/><T71/><D73/><U58/><E110/><V130/><F130/><W3/><G100/><T18/><D71/><U118/><E118/><V107/><AGARI ba="0,1" hai="56,62,66,68,70,77,83,86,99,103,107,108,109,111" machi="107" ten="30,12000,2" yaku="21,2,0,1,14,1,53,3" doraHai="39" doraHaiUra="122" who="2" fromWho="2" sc="297,-30,244,-60,176,130,273,-30" /><INIT seed="2,0,0,4,4,9" ten="267,184,306,243" oya="2" hai0="14,132,57,77,33,129,112,122,94,64,81,134,114" hai1="102,60,85,31,91,19,8,101,37,34,61,30,59" hai2="73,52,38,103,83,135,96,42,113,131,3,67,117" hai3="27,119,15,107,45,63,4,127,72,49,25,36,21"/><V51/><F117/><W97/><G119/><T10/><D33/><U84/><E37/><V32/><F67/><W11/><G72/><T20/><D122/><U78/><E34/><V48/><F51/><W133/><G133/><N who="0" m="51307" /><D129/><U126/><E126/><V0/><F52/><N who="3" m="29743" /><G107/><T7/><D94/><U95/><E60/><V18/><F48/><W88/><G36/><T118/><D118/><U68/><E68/><V90/><F38/><W115/><G127/><T109/><D109/><U26/><E78/><V22/><F73/><W108/><G108/><T92/><D92/><U100/><E85/><V86/><F135/><W99/><G115/><T70/><D70/><U41/><E41/><V17/><F113/><W79/><G79/><T106/><D106/><U53/><E26/><N who="3" m="9738" /><G63/><N who="0" m="37999" /><D20/><U55/><E55/><V80/><F22/><W62/><G62/><T58/><D58/><U47/><E47/><V69/><F69/><W82/><G21/><T89/><D89/><U16/><REACH who="1" step="1"/><E8/><REACH who="1" ten="267,174,306,243" step="2"/><V13/><F131/><W75/><G75/><AGARI ba="0,1" hai="7,10,14,75,77,81,112,114" m="37999,51307" machi="75" ten="30,2000,0" yaku="20,1,52,1" doraHai="9" who="0" fromWho="3" sc="267,30,174,0,306,0,243,-20" /><INIT seed="3,0,0,2,2,34" ten="297,174,306,223" oya="3" hai0="77,104,115,107,68,110,98,59,93,100,5,29,81" hai1="88,127,66,71,42,62,106,30,117,74,118,45,46" hai2="22,87,36,122,10,75,6,135,89,37,72,20,132" hai3="35,85,83,38,119,91,7,73,103,58,1,61,108"/><W92/><G119/><N who="1" m="45578" /><E74/><N who="2" m="28203" /><F122/><W111/><G38/><N who="2" m="14953" /><F89/><W84/><G35/><T18/><D68/><U67/><E106/><V123/><F87/><W41/><G41/><T24/><D110/><N who="3" m="42025" /><G103/><T99/><D115/><U70/><E30/><V78/><F78/><N who="3" m="44495" /><G85/><T23/><D5/><U60/><E88/><V133/><F123/><W56/><G61/><T17/><D59/><U26/><E26/><V128/><F128/><W25/><G25/><T112/><D112/><U129/><E129/><V16/><F16/><W51/><G51/><T28/><D18/><U19/><E19/><V95/><F95/><W82/><G92/><T4/><D104/><U9/><E9/><AGARI ba="0,0" hai="1,7,9,56,58,82,84,91" m="44495,42025" machi="9" ten="30,5800,0" yaku="14,1,10,1,52,1" doraHai="34" who="3" fromWho="1" sc="297,0,174,-58,306,0,223,58" /><INIT seed="3,1,0,5,4,62" ten="297,116,306,281" oya="3" hai0="76,81,19,123,104,92,130,108,91,95,72,89,36" hai1="70,79,32,111,68,33,66,67,57,124,112,29,46" hai2="134,52,7,47,40,60,87,10,98,39,78,50,135" hai3="86,69,9,85,109,12,35,42,133,14,59,122,25"/><W11/><G122/><T100/><D36/><U102/><E112/><V6/><F98/><W117/><G117/><T73/><D19/><U63/><E79/><V23/><F60/><W18/><G69/><T34/><D34/><U26/><E111/><V129/><F129/><W41/><G133/><T27/><D27/><U54/><E102/><V13/><F78/><W126/><G126/><T24/><D24/><U121/><E121/><V17/><F87/><W115/><G115/><T48/><D48/><U45/><E124/><V3/><REACH who="2" step="1"/><F7/><REACH who="2" ten="297,116,296,281" step="2"/><W49/><G109/><T77/><D108/><U38/><E33/><V107/><F107/><W51/><G85/><N who="0" m="52271" /><D130/><U103/><E103/><V131/><F131/><W118/><G86/><N who="0" m="52727" /><D123/><U71/><REACH who="1" step="1"/><E38/><REACH who="1" ten="297,106,296,281" step="2"/><V127/><F127/><W64/><G35/><T20/><D77/><U88/><E88/><V97/><F97/><W28/><G118/><T16/><D76/><U83/><E83/><V116/><F116/><W114/><G114/><T132/><D100/><U55/><E55/><V21/><F21/><W37/><G37/><T74/><D132/><U0/><E0/><V56/><AGARI ba="1,2" hai="3,6,10,13,17,23,39,40,47,50,52,56,134,135" machi="56" ten="30,4000,0" yaku="1,1,0,1,54,1,53,0" doraHai="62" doraHaiUra="110" who="2" fromWho="2" sc="297,-11,106,-11,296,63,281,-21" /><INIT seed="4,0,0,1,2,98" ten="286,95,359,260" oya="0" hai0="4,120,122,52,17,85,118,21,75,61,25,13,5" hai1="68,83,95,123,82,24,124,72,1,130,126,20,77" hai2="12,26,70,104,54,16,89,92,100,34,109,50,67" hai3="116,76,44,94,47,115,10,132,29,8,15,33,134"/><T31/><D75/><U133/><E68/><V46/><F109/><W51/><G116/><T96/><D118/><U65/><E65/><V90/><F70/><W42/><G76/><T105/><D85/><U114/><E1/><V40/><F40/><BYE who="2" /><W36/><G115/><T45/><D122/><U81/><E123/><V112/><F112/><W23/><G33/><T127/><D127/><N who="1" m="48683" /><E114/><V71/><F71/><W131/><G131/><T30/><D120/><U99/><E130/><V39/><F39/><W37/><G94/><T119/><D119/><U9/><E9/><V35/><F35/><W135/><G47/><T121/><D121/><U128/><E128/><V7/><F7/><W87/><G87/><T97/><D31/><N who="1" m="17799" /><E133/><V28/><F28/><W91/><G91/><AGARI ba="0,0" hai="72,77,81,82,83,91,95,99" m="17799,48683" machi="91" ten="30,1000,0" yaku="18,1" doraHai="98" who="1" fromWho="3" sc="286,0,95,10,359,0,260,-10" /><INIT seed="5,0,0,4,3,26" ten="286,105,359,250" oya="1" hai0="80,19,31,39,101,90,130,27,92,13,112,8,46" hai1="71,65,104,40,99,47,1,109,81,79,86,74,35" hai2="59,11,85,128,103,63,34,44,2,49,111,6,131" hai3="133,60,100,20,56,32,96,58,36,57,113,61,25"/><U23/><E109/><V29/><F29/><UN n2="%6E%65%6D%74%61%6E%32" /><W43/><G113/><T77/><D130/><N who="2" m="49706" /><F34/><W37/><G32/><T22/><D112/><U110/><E110/><V127/><F111/><W82/><G133/><T121/><D121/><U134/><E134/><V117/><F127/><W50/><G82/><T123/><D123/><U122/><E122/><V30/><F30/><W108/><G108/><T5/><D101/><U41/><E35/><V95/><F117/><W119/><G119/><T18/><D46/><U12/><E1/><V38/><F38/><W24/><G50/><T83/><D39/><U89/><E47/><V0/><F0/><W132/><G132/><T78/><D83/><U114/><E114/><V45/><F49/><W53/><G43/><T87/><REACH who="0" step="1"/><D78/><REACH who="0" ten="276,105,359,250" step="2"/><U91/><E74/><AGARI ba="0,1" hai="5,8,13,18,19,22,27,31,74,77,80,87,90,92" machi="74" ten="30,7700,0" yaku="1,1,2,1,7,1,52,1,53,0" doraHai="26" doraHaiUra="42" who="0" fromWho="1" sc="276,87,105,-77,359,0,250,0" /><INIT seed="6,0,0,3,0,127" ten="363,28,359,250" oya="2" hai0="62,71,80,134,68,133,109,128,79,41,59,93,6" hai1="125,121,24,27,20,10,1,73,75,90,124,87,42" hai2="29,116,86,37,84,123,35,30,82,70,34,13,57" hai3="130,98,9,106,66,119,67,96,46,12,11,103,19"/><V132/><F70/><W89/><G119/><T94/><D128/><U81/><E42/><V117/><F123/><W92/><G130/><T47/><D6/><U4/><E24/><V28/><F37/><W16/><REACH who="3" step="1"/><G46/><REACH who="3" ten="363,28,359,240" step="2"/><T54/><D109/><U112/><E121/><V45/><F45/><W91/><G91/><T114/><D114/><U111/><E111/><V3/><F117/><W107/><G107/><T32/><D133/><U25/><E112/><V48/><F132/><W108/><G108/><T18/><D134/><U72/><E124/><V115/><F116/><W51/><G51/><T39/><D68/><U38/><E125/><V52/><F115/><W2/><G2/><T118/><D71/><U101/><E101/><V8/><F3/><W99/><G99/><T64/><D47/><U31/><E27/><V58/><F58/><W5/><G5/><T50/><D59/><U43/><E43/><V55/><F55/><W40/><G40/><T95/><D54/><U100/><E100/><V129/><F129/><W26/><G26/><T74/><D50/><U88/><REACH who="1" step="1"/><E90/><REACH who="1" ten="363,18,359,240" step="2"/><V97/><F34/><W23/><G23/><T36/><D32/><U135/><E135/><V104/><F35/><W0/><G0/><T53/><D41/><U61/><E61/><V77/><F104/><W126/><G126/><T122/><D62/><U15/><E15/><AGARI ba="0,2" hai="9,11,12,15,16,19,66,67,89,92,96,98,103,106" machi="15" ten="40,8000,1" yaku="1,1,9,1,54,1,53,2" doraHai="127" doraHaiUra="7" who="3" fromWho="1" sc="363,0,18,-80,359,0,240,100" owari="363,46.0,-62,-56.0,359,16.0,340,-6.0" /></mjloggm>