<mjloggm ver="2.3"><GO type="41" lobby="0"/><UN n0="%E5%B0%B1%E6%B4%BB%E7%94%9F%40%E5%B7%9D%E6%9D%91%E8%BB%8D%E5%9B%A3" n1="%E5%A6%96%E7%B2%BE%E3%81%AE%E5%B0%BE%E5%B7%B4" n2="%E7%99%BD%E7%97%B4%E6%89%93%E3%81%A1" n3="%70%69%6E%66%75%74%75%6D" dan="15,13,13,14" rate="1956.98,1923.18,1844.14,1934.29" sx="M,F,M,M"/><TAIKYOKU oya="0"/><INIT seed="0,0,0,2,4,72" ten="250,250,250,250" oya="0" hai0="25,134,46,64,107,102,131,32,11,115,118,71,52" hai1="121,104,81,10,30,47,40,124,127,99,83,84,29" hai2="128,129,5,77,22,37,24,122,74,63,3,0,15" hai3="35,42,44,91,110,132,4,57,85,125,43,6,20"/><T87/><D118/><U119/><E121/><V23/><F122/><W68/><G68/><T112/><D131/><N who="2" m="50250" /><F37/><W8/><G35/><T41/><D134/><U2/><E119/><V65/><F74/><W19/><G132/><T70/><D11/><U103/><E81/><V61/><F15/><W88/><G125/><N who="1" m="48202" /><E10/><V26/><F5/><W18/><G57/><T69/><D64/><U101/><E101/><V34/><F34/><W96/><G110/><T114/><D107/><U33/><E33/><V93/><F93/><W75/><G75/><T12/><D102/><U53/><E53/><V17/><F77/><W78/><G8/><T79/><D12/><U135/><E2/><N who="2" m="555" /><F65/><W59/><G20/><T113/><D113/><U45/><E135/><V117/><F117/><W100/><G100/><T105/><D105/><U54/><E54/><V98/><F98/><W76/><G96/><T58/><D25/><U39/><E45/><V80/><F80/><W90/><G59/><T49/><D32/><U14/><E14/><V62/><F17/><N who="3" m="6155" /><G85/><T28/><D28/><U21/><E21/><AGARI ba="0,0" hai="21,22,23,24,26,61,62,63" m="555,50250" machi="21" ten="40,5200,0" yaku="28,2,19,1" doraHai="72" who="2" fromWho="1" sc="250,0,250,-52,250,52,250,0" /><INIT seed="1,0,0,0,1,59" ten="250,198,302,250" oya="1" hai0="36,47,93,34,109,132,103,102,22,85,111,121,130" hai1="52,42,50,83,99,71,64,67,127,89,75,15,1" hai2="11,8,70,14,17,126,120,23,74,13,4,12,31" hai3="73,28,57,65,43,91,6,16,9,128,2,115,112"/><U113/><E113/><V55/><F74/><W61/><G73/><T66/><D34/><U46/><E1/><V76/><F76/><W118/><G128/><T19/><D121/><U7/><E127/><V21/><F70/><W77/><G77/><T123/><D123/><U37/><E75/><V96/><F120/><W10/><G118/><T134/><D66/><U108/><E108/><N who="0" m="41545" /><D130/><U49/><E49/><V44/><F126/><W45/><G28/><T5/><D5/><U40/><E40/><V25/><F96/><W72/><G72/><T58/><D58/><U100/><E89/><V41/><F55/><W53/><G91/><N who="0" m="53487" /><D47/><U39/><E83/><V80/><F80/><W24/><G65/><T124/><D36/><U32/><E32/><N who="2" m="20591" /><F41/><W97/><G97/><T104/><D124/><U56/><E71/><V84/><F84/><W110/><G110/><T92/><D92/><U38/><E38/><V68/><F68/><W133/><G115/><T87/><D87/><U60/><E37/><V86/><F86/><W29/><G112/><T79/><D79/><U107/><REACH who="1" step="1"/><E39/><REACH who="1" ten="250,188,302,250" step="2"/><V63/><F44/><W18/><G45/><T3/><D3/><U117/><E117/><V95/><F63/><W125/><G43/><T51/><D51/><U105/><E105/><V98/><F4/><W114/><G125/><T62/><D62/><U88/><E88/><N who="2" m="55655" /><F8/><AGARI ba="0,1" hai="7,8,15,42,46,50,52,56,60,64,67,99,100,107" machi="8" ten="40,7700,0" yaku="1,1,52,1,54,1,53,0" doraHai="59" doraHaiUra="82" who="1" fromWho="2" sc="250,0,188,87,302,-77,250,0" /><INIT seed="1,1,0,0,3,51" ten="250,275,225,250" oya="1" hai0="103,35,46,121,4,88,28,27,45,67,108,14,32" hai1="11,74,13,95,130,42,39,31,23,15,68,48,118" hai2="64,106,59,7,91,111,20,9,132,58,102,99,129" hai3="104,61,120,87,93,12,83,127,55,117,135,112,3"/><U119/><E68/><V72/><F72/><W54/><G120/><T38/><D121/><U69/><E74/><V10/><F111/><W16/><G112/><T65/><D108/><U80/><E69/><V97/><F129/><W34/><G104/><T90/><D103/><U33/><E130/><V128/><F128/><W8/><G34/><T98/><D38/><U89/><E80/><V18/><F132/><W107/><G107/><T29/><D98/><U49/><E33/><V50/><F97/><W22/><G135/><T126/><D14/><U116/><E39/><V101/><F101/><W81/><G127/><T96/><D96/><U122/><E122/><V21/><F64/><W92/><G117/><T43/><D4/><U105/><E105/><V82/><F59/><W133/><G133/><T115/><D43/><U79/><E79/><V41/><F7/><N who="3" m="3103" /><G3/><T94/><D27/><U71/><E71/><V47/><F58/><W36/><G61/><T75/><D75/><U40/><E116/><V109/><F109/><W44/><G44/><T77/><D77/><U1/><E1/><V60/><F60/><W63/><G63/><T5/><D5/><U17/><E119/><V86/><REACH who="2" step="1"/><F21/><REACH who="2" ten="250,275,215,250" step="2"/><W76/><G36/><T66/><D115/><U56/><E118/><V70/><F70/><W131/><G131/><T78/><D126/><U85/><E56/><V125/><F125/><W24/><G83/><T26/><D35/><U134/><E134/><V2/><F2/><W57/><G57/><T25/><D32/><U123/><E123/><V124/><F124/><W6/><G6/><RYUUKYOKU ba="1,1" sc="250,-15,275,-15,215,15,250,15" hai2="9,10,18,20,41,47,50,82,86,91,99,102,106" hai3="16,22,24,54,55,76,81,87,92,93" /><INIT seed="2,2,1,1,2,49" ten="235,260,230,265" oya="2" hai0="54,27,106,12,107,0,22,75,123,118,20,30,42" hai1="1,47,38,21,126,23,66,113,74,62,58,8,15" hai2="70,61,35,9,125,64,99,36,130,5,51,105,65" hai3="68,2,72,13,39,119,87,3,24,45,122,4,14"/><V50/><F36/><W98/><G68/><T132/><D0/><U80/><E113/><V79/><F130/><W91/><G72/><T41/><D123/><U86/><E126/><V116/><F116/><W31/><G119/><T81/><D118/><U88/><E74/><V94/><F125/><W112/><G98/><T124/><D124/><U25/><E1/><V28/><F79/><W46/><G122/><T63/><D132/><U60/><E25/><N who="2" m="18831" /><F65/><W78/><G78/><T104/><D75/><U120/><E120/><V89/><F5/><W18/><G4/><T117/><D117/><U131/><E131/><V76/><F76/><W121/><G13/><T133/><D133/><U127/><E127/><V37/><F37/><W32/><G46/><T57/><REACH who="0" step="1"/><D81/><REACH who="0" ten="225,260,230,265" step="2"/><U134/><E134/><V83/><F83/><W71/><G121/><T59/><D59/><U67/><E47/><V115/><F115/><W55/><G112/><T7/><D7/><U109/><E80/><V40/><F40/><W52/><G45/><T85/><D85/><U93/><E38/><V103/><F9/><W82/><G39/><T101/><D101/><U90/><E58/><V26/><F26/><W34/><G82/><T43/><D43/><U102/><E86/><AGARI ba="2,2" hai="50,51,61,64,70,86,89,94,99,103,105" m="18831" machi="86" ten="30,1500,0" yaku="25,1" doraHai="49" who="2" fromWho="1" sc="225,0,260,-21,230,41,265,0" /><INIT seed="2,3,0,4,1,9" ten="225,239,271,265" oya="2" hai0="57,133,30,102,122,78,86,61,109,77,48,6,88" hai1="117,8,10,82,72,97,65,84,113,89,21,104,53" hai2="3,124,31,120,40,26,43,42,111,112,66,94,13" hai3="75,100,105,123,4,47,20,2,14,27,46,34,81"/><V87/><F112/><W108/><G123/><T1/><D122/><U56/><E113/><V58/><F120/><W59/><G108/><T0/><D109/><U50/><E117/><V127/><F111/><W129/><G59/><T67/><D133/><U22/><E65/><V52/><F3/><W7/><G100/><T5/><D102/><U131/><E131/><V17/><F66/><W64/><G105/><T25/><D1/><U11/><E72/><V110/><F110/><W85/><G75/><T54/><D0/><U45/><E104/><V128/><F128/><W55/><G55/><T93/><D6/><U24/><E97/><V125/><F31/><W134/><G64/><T126/><D5/><U41/><REACH who="1" step="1"/><E24/><REACH who="1" ten="225,229,271,265" step="2"/><V103/><F26/><W44/><G129/><T68/><REACH who="0" step="1"/><D126/><REACH who="0" ten="215,229,271,265" step="2"/><U98/><E98/><V116/><F116/><W130/><G130/><T90/><D90/><U12/><E12/><V36/><F125/><W119/><G119/><T91/><D91/><U51/><AGARI ba="3,2" hai="8,10,11,21,22,41,45,50,51,53,56,82,84,89" machi="51" ten="30,4000,0" yaku="1,1,0,1,8,1,53,0" doraHai="9" doraHaiUra="115" who="1" fromWho="1" sc="215,-13,229,69,271,-23,265,-13" /><INIT seed="3,0,0,4,5,102" ten="202,298,248,252" oya="3" hai0="95,92,65,52,115,101,73,62,24,83,3,28,18" hai1="90,41,33,105,91,107,77,82,120,35,89,22,76" hai2="44,8,86,9,56,80,79,127,66,133,55,87,124" hai3="106,19,15,36,38,37,98,93,42,64,75,10,49"/><W6/><G75/><T94/><D115/><U116/><E41/><V20/><F133/><W112/><G112/><T2/><D18/><U40/><E40/><V134/><F134/><W63/><G6/><T25/><D101/><U13/><E120/><V32/><F32/><W103/><G93/><T46/><D73/><U84/><E116/><V31/><F66/><W113/><G113/><T45/><D83/><U16/><REACH who="1" step="1"/><E76/><REACH who="1" ten="202,288,248,252" step="2"/><V70/><F127/><W68/><REACH who="3" step="1"/><G49/><REACH who="3" ten="202,288,248,242" step="2"/><T4/><D4/><U34/><AGARI ba="0,2" hai="13,16,22,33,34,35,77,82,84,89,90,91,105,107" machi="34" ten="40,12000,2" yaku="1,1,2,1,0,1,52,2,54,1,53,0" doraHai="102" doraHaiUra="88" who="1" fromWho="1" sc="202,-30,288,140,248,-30,242,-60" /><INIT seed="4,0,0,0,2,97" ten="172,428,218,182" oya="0" hai0="71,22,31,131,76,11,120,96,35,118,28,121,51" hai1="78,34,74,112,119,123,3,135,75,13,90,68,109" hai2="72,92,30,133,17,4,60,21,77,59,56,108,101" hai3="26,50,39,94,107,33,129,2,106,79,130,111,122"/><T66/><D118/><U43/><RYUUKYOKU type="yao9" ba="0,0" sc="172,0,428,0,218,0,182,0" hai1="3,13,34,43,68,74,75,78,90,109,112,119,123,135" /><INIT seed="4,1,0,3,1,81" ten="172,428,218,182" oya="0" hai0="108,79,126,16,22,28,93,78,15,59,3,61,101" hai1="130,103,64,19,85,58,2,31,114,4,74,117,95" hai2="120,55,105,57,62,5,123,97,90,66,110,21,135" hai3="36,45,41,34,112,37,8,42,125,82,129,27,124"/><T26/><D3/><U51/><E117/><V111/><F135/><W20/><G112/><T115/><D115/><U73/><E114/><V71/><F5/><W99/><G129/><T107/><D107/><U60/><E31/><V13/><F13/><W96/><G8/><T88/><D101/><U69/><E130/><V1/><F1/><W46/><G34/><T6/><D6/><U65/><E19/><V0/><F0/><W84/><G99/><N who="0" m="57767" /><D126/><U23/><E23/><V35/><F35/><W75/><G96/><T38/><D38/><U80/><E4/><V49/><F21/><W91/><REACH who="3" step="1"/><G75/><REACH who="3" ten="172,428,218,172" step="2"/><T72/><D72/><U127/><E74/><V24/><F97/><W100/><G100/><T56/><D108/><U40/><E103/><V109/><F105/><W10/><G10/><N who="0" m="6263" /><D59/><U116/><E73/><V119/><F119/><W12/><G12/><T17/><D28/><AGARI ba="1,1" hai="20,27,28,36,37,41,42,45,46,82,84,91,124,125" machi="28" ten="40,8000,1" yaku="1,1,9,1,52,1,53,1" doraHai="81" doraHaiUra="77" who="3" fromWho="0" sc="172,-83,428,0,218,0,172,93" /><INIT seed="5,0,0,0,3,117" ten="89,428,218,265" oya="1" hai0="33,102,4,56,20,96,122,18,87,61,23,104,6" hai1="57,28,66,38,72,70,108,103,85,135,123,32,55" hai2="63,16,93,8,44,74,52,49,133,13,7,47,1" hai3="64,131,120,17,31,98,62,88,111,92,130,109,106"/><U24/><E123/><V53/><F74/><W26/><G17/><T41/><D33/><U65/><E135/><V114/><F133/><W78/><G78/><T30/><D41/><U118/><E118/><V90/><F114/><W67/><G67/><T10/><D30/><U82/><E72/><V128/><F128/><N who="3" m="49195" /><G106/><T81/><D122/><U110/><E38/><V34/><F34/><N who="3" m="20855" /><G120/><T119/><D119/><U51/><E103/><V0/><F7/><W116/><G116/><T115/><D115/><U100/><E100/><V2/><F47/><W84/><G98/><T19/><D19/><U86/><E70/><AGARI ba="0,0" hai="62,64,70,84,88,92,109,111" m="20855,49195" machi="70" ten="30,2000,0" yaku="19,1,54,1" doraHai="117" who="3" fromWho="1" sc="89,0,428,-20,218,0,265,20" /><INIT seed="6,0,0,0,1,130" ten="89,408,218,285" oya="2" hai0="2,71,49,102,126,67,31,114,43,87,47,55,115" hai1="76,32,120,33,72,125,124,93,44,53,23,63,17" hai2="74,61,100,4,16,12,80,48,58,54,112,70,57" hai3="73,64,40,10,134,121,131,28,34,59,91,56,24"/><V65/><F4/><W106/><G106/><T101/><D2/><U62/><E120/><V109/><F112/><W79/><G121/><T22/><D126/><N who="1" m="48747" /><E93/><V35/><F100/><W132/><G131/><T82/><D101/><U19/><E76/><V42/><F109/><W117/><G117/><T128/><D102/><U123/><E72/><V103/><F103/><W60/><G40/><T0/><D0/><U113/><E113/><V119/><F119/><W122/><G122/><T104/><D128/><U69/><E69/><V3/><F3/><W111/><G111/><T86/><D104/><U110/><E110/><V108/><F108/><W6/><G91/><T94/><D94/><U135/><E135/><N who="3" m="51754" /><G79/><T30/><D87/><U29/><E123/><V66/><F35/><W14/><G73/><T52/><D114/><U15/><E33/><V116/><F116/><W97/><G97/><T45/><D115/><U27/><E32/><V75/><F42/><W26/><G24/><T68/><D68/><AGARI ba="0,0" hai="6,10,14,26,28,34,56,59,60,64,68" m="51754" machi="68" ten="30,7700,0" yaku="20,1,52,3" doraHai="130" who="3" fromWho="0" sc="89,-77,408,0,218,0,285,77" /><INIT seed="7,0,0,5,4,9" ten="12,408,218,362" oya="3" hai0="64,111,107,51,90,60,48,134,68,26,6,32,44" hai1="100,10,20,42,119,47,36,93,75,4,108,58,31" hai2="29,50,97,135,78,70,57,59,67,118,33,18,62" hai3="114,112,21,11,82,74,56,124,86,38,131,83,69"/><W61/><G69/><T49/><D107/><U132/><E108/><V115/><F118/><W30/><G38/><T87/><D6/><U133/><E119/><V22/><F50/><W127/><G131/><T54/><D32/><U27/><E75/><V103/><F33/><W109/><G109/><T126/><D26/><U2/><E58/><V19/><F78/><N who="3" m="44375" /><G21/><T45/><D90/><U96/><AGARI ba="0,0" hai="2,4,10,20,27,31,36,42,47,93,96,100,132,133" machi="96" ten="30,1100,0" yaku="0,1" doraHai="9" who="1" fromWho="1" sc="12,-3,408,11,218,-3,362,-5" owari="9,-49.0,419,51.0,215,-18.0,357,16.0" /></mjloggm>