<mjloggm ver="2.3"><GO type="97" lobby="0"/><UN n0="%53%74%65%70%68%65%6E" n1="%E5%B0%B1%E6%B4%BB%E7%94%9F%40%E5%B7%9D%E6%9D%91%E8%BB%8D%E5%9B%A3" n2="%E6%87%90%E3%81%8F%E5%AE%B6%E7%95%9C" n3="%E3%81%9E%E3%81%86%E3%81%95%E3%82%93" dan="13,15,14,14" rate="1812.95,2009.68,1954.13,1963.94" sx="M,M,M,M"/><TAIKYOKU oya="0"/><INIT seed="0,0,0,1,3,32" ten="250,250,250,250" oya="0" hai0="52,116,88,49,0,122,37,112,125,60,25,102,40" hai1="109,82,48,59,61,108,19,94,87,96,39,22,120" hai2="126,129,23,12,16,110,74,65,101,4,30,56,77" hai3="20,93,58,62,91,80,36,99,85,8,78,11,14"/><T117/><D122/><U13/><E39/><V97/><F129/><W18/><REACH who="3" step="1"/><G36/><REACH who="3" ten="250,250,250,240" step="2"/><T111/><D112/><U133/><E120/><V1/><F126/><W115/><G115/><T100/><D125/><U44/><E133/><V118/><F118/><W73/><G73/><T124/><D117/><U95/><E109/><V31/><F110/><W89/><G89/><T76/><D124/><U106/><E108/><V98/><F74/><W34/><G34/><T26/><D111/><U135/><E135/><V134/><F134/><W29/><G29/><T21/><D116/><U55/><E106/><V119/><F31/><W42/><G42/><T128/><D128/><U79/><REACH who="1" step="1"/><E96/><REACH who="1" ten="250,240,250,240" step="2"/><V83/><F98/><W132/><G132/><T10/><D37/><U67/><AGARI ba="0,2" hai="13,19,22,44,48,55,59,61,67,79,82,87,94,95" machi="67" ten="20,8000,1" yaku="1,1,2,1,0,1,7,1,8,1,53,0" doraHai="32" doraHaiUra="66" who="1" fromWho="1" sc="250,-40,240,100,250,-20,240,-20" /><INIT seed="1,0,0,2,2,123" ten="210,340,230,220" oya="1" hai0="130,84,75,102,19,51,129,61,109,92,128,16,65" hai1="45,121,27,58,55,81,49,41,4,24,20,28,52" hai2="5,108,30,135,22,89,76,72,115,96,91,117,105" hai3="69,93,11,90,26,17,0,62,36,80,131,83,2"/><U6/><E121/><V78/><F5/><W88/><G36/><T12/><D75/><U125/><E125/><V79/><F22/><W110/><G131/><T132/><D132/><U33/><E81/><V127/><F30/><W56/><G69/><T103/><D51/><U10/><E10/><V15/><F15/><W98/><G110/><T116/><D116/><U94/><E94/><V133/><F117/><W39/><G39/><T34/><D34/><U18/><REACH who="1" step="1"/><E55/><REACH who="1" ten="210,330,230,220" step="2"/><V64/><F127/><W38/><G93/><T7/><D92/><U87/><E87/><V86/><F72/><W120/><G11/><N who="0" m="4223" /><D84/><U118/><E118/><V134/><F115/><W82/><G120/><T13/><D109/><U100/><E100/><N who="0" m="38441" /><D13/><U42/><E42/><V40/><F108/><W122/><G122/><T124/><D124/><U107/><E107/><V119/><F40/><W106/><G106/><T29/><D29/><U101/><E101/><N who="2" m="62631" /><F119/><W57/><G98/><T43/><D43/><U3/><E3/><V47/><F86/><W99/><G0/><T37/><D37/><AGARI ba="0,1" hai="4,6,18,20,24,27,28,33,37,41,45,49,52,58" machi="37" ten="30,5800,0" yaku="1,1,7,1,54,1,53,0" doraHai="123" doraHaiUra="74" who="1" fromWho="0" sc="210,-58,330,68,230,0,220,0" /><INIT seed="1,1,0,3,1,97" ten="152,398,230,220" oya="1" hai0="81,5,76,104,20,82,4,60,65,7,83,96,129" hai1="135,49,123,8,106,14,66,46,15,108,87,17,125" hai2="91,67,61,69,44,94,2,1,22,127,130,115,35" hai3="18,51,93,134,26,28,120,128,68,0,32,105,40"/><U30/><E106/><V116/><F116/><W52/><G120/><T6/><D129/><U90/><E123/><V79/><F35/><W84/><G105/><T55/><D5/><U25/><E108/><V45/><F130/><W62/><G128/><T80/><D55/><U70/><E135/><V57/><F115/><W89/><G134/><T77/><N who="0" m="20992" /><DORA hai="102" /><T59/><REACH who="0" step="1"/><D20/><REACH who="0" ten="142,398,230,220" step="2"/><U64/><E64/><V58/><F22/><W111/><G52/><T121/><D121/><U12/><E66/><V107/><F67/><W23/><G32/><T118/><D118/><U47/><E47/><V71/><F45/><W50/><G23/><T132/><D132/><U98/><E46/><V122/><F44/><W34/><G111/><T31/><D31/><U119/><E30/><V41/><F122/><W73/><G34/><T117/><D117/><U11/><E119/><V88/><F41/><W103/><G28/><T114/><D114/><U39/><E11/><V110/><F110/><W74/><G40/><T72/><D72/><U10/><E8/><V78/><F79/><W19/><G74/><T92/><D92/><U33/><E10/><V109/><F78/><W112/><G73/><T13/><D13/><U95/><E14/><V133/><F109/><W43/><G112/><T113/><D113/><U9/><E15/><V101/><F133/><W37/><G43/><T63/><D63/><U124/><E12/><V29/><F61/><W131/><G62/><T27/><D27/><U56/><E9/><V86/><F29/><W36/><G131/><T42/><D42/><U75/><E25/><RYUUKYOKU ba="1,1" sc="142,30,398,-10,230,-10,220,-10" hai0="4,6,7,59,60,65,76,77,96,104" /><INIT seed="2,2,1,1,1,0" ten="172,388,220,210" oya="2" hai0="58,67,100,16,47,133,107,71,55,76,13,112,119" hai1="19,56,4,59,24,98,128,88,72,30,17,9,33" hai2="87,81,135,50,52,82,7,22,74,65,1,115,15" hai3="123,49,42,3,14,102,91,66,62,10,97,125,64"/><V92/><F115/><W108/><G123/><T122/><D112/><U34/><E72/><V57/><F1/><W110/><G3/><T63/><D122/><U113/><E113/><V61/><F135/><W130/><G130/><T94/><D133/><U53/><E128/><V78/><F92/><W70/><G64/><T43/><D107/><U109/><E109/><N who="3" m="42090" /><G91/><T27/><D27/><U101/><E34/><V93/><F93/><N who="3" m="58671" /><G125/><T99/><D119/><U44/><E44/><V127/><F127/><W106/><G106/><T37/><D76/><U11/><E11/><N who="2" m="4607" /><F74/><W41/><G49/><T73/><D73/><U79/><E79/><V80/><F22/><W48/><G48/><T68/><REACH who="0" step="1"/><D67/><REACH who="0" ten="162,388,220,210" step="2"/><U89/><E24/><V86/><F78/><W117/><G117/><T95/><D95/><U105/><E33/><V25/><F25/><W54/><G54/><T18/><D18/><AGARI ba="2,2" hai="10,14,18,41,42,62,66,70" m="58671,42090" machi="18" ten="30,1000,0" yaku="14,1" doraHai="0" who="3" fromWho="0" sc="162,-16,388,0,220,0,210,36" /><INIT seed="3,0,0,3,2,94" ten="146,388,220,246" oya="3" hai0="5,59,44,83,132,29,64,130,104,13,22,76,131" hai1="126,71,63,91,73,45,119,74,33,58,48,53,30" hai2="120,57,66,69,111,112,134,47,27,113,0,116,11" hai3="127,14,110,35,7,108,41,114,2,25,107,62,19"/><W89/><G114/><T26/><D132/><U20/><E119/><V12/><F116/><W77/><G107/><T109/><D109/><N who="3" m="42089" /><G77/><T23/><D104/><U101/><E101/><V24/><F111/><W10/><G41/><T1/><D44/><U128/><E128/><V90/><F134/><W60/><G127/><T31/><D59/><U92/><E126/><V16/><F120/><W88/><G62/><T49/><D64/><U79/><E33/><V86/><F69/><W68/><G68/><T100/><D100/><U17/><E30/><V125/><F125/><W99/><G60/><T93/><D93/><U84/><E79/><V51/><F113/><W72/><G72/><T18/><D49/><U54/><E71/><V6/><F112/><W105/><G35/><T115/><D83/><U32/><E32/><V78/><F78/><W65/><G65/><T55/><D55/><U95/><E95/><N who="2" m="54743" /><F66/><W67/><G67/><T8/><D76/><U121/><E121/><V40/><F57/><W9/><G25/><AGARI ba="0,0" hai="17,20,25,45,48,53,54,58,63,73,74,84,91,92" machi="25" ten="30,1000,0" yaku="7,1" doraHai="94" who="1" fromWho="3" sc="146,0,388,10,220,0,246,-10" owari="146,-35.0,398,49.0,220,-18.0,236,4.0" /></mjloggm>