<mjloggm ver="2.3"><GO type="169" lobby="0"/><UN n0="%4A%57%35%35" n1="%E5%B0%B1%E6%B4%BB%E7%94%9F%40%E5%B7%9D%E6%9D%91%E8%BB%8D%E5%9B%A3" n2="%E3%81%BE%E3%82%8B%E3%81%9F%E3%82%8D%E3%81%86" n3="%E5%BF%8D%E8%80%85%E3%81%AC%E3%81%93" dan="17,16,16,16" rate="2136.79,2077.04,2142.26,2105.42" sx="M,M,M,M"/><TAIKYOKU oya="0"/><INIT seed="0,0,0,1,1,57" ten="250,250,250,250" oya="0" hai0="82,48,15,86,126,50,54,80,112,18,42,122,66" hai1="1,33,95,74,94,45,20,16,64,119,21,96,62" hai2="43,127,84,51,46,91,34,53,17,124,55,113,2" hai3="26,36,105,104,115,132,5,12,28,32,23,101,4"/><T102/><D122/><U37/><E33/><V22/><F34/><W58/><G36/><T121/><D121/><U19/><E119/><V85/><F2/><W35/><G115/><T98/><D112/><U93/><E74/><V106/><F106/><W40/><G40/><T110/><D126/><N who="2" m="48170" /><F113/><W99/><G105/><T87/><D66/><U109/><E1/><V63/><F63/><W108/><G108/><T107/><D110/><U125/><E109/><V78/><F78/><W69/><G69/><T30/><D30/><U9/><E9/><V8/><F8/><W130/><G130/><T72/><D72/><U47/><E37/><V10/><F10/><W52/><G132/><T73/><D73/><U56/><E96/><V135/><F135/><W25/><G12/><T67/><D67/><U103/><E103/><V44/><F44/><N who="1" m="16969" /><E125/><V39/><F39/><W14/><G14/><T71/><D71/><U6/><E6/><V77/><F77/><W123/><G123/><T76/><D42/><U118/><E118/><V79/><F79/><W31/><REACH who="3" step="1"/><G23/><AGARI ba="0,0" hai="16,19,20,21,23,56,62,64,93,94,95" m="16969" machi="23" ten="30,3900,0" yaku="8,1,52,1,54,1" doraHai="57" who="1" fromWho="3" sc="250,0,250,39,250,0,250,-39" /><INIT seed="1,0,0,2,2,72" ten="250,289,250,211" oya="1" hai0="89,70,50,14,85,117,30,131,31,123,56,33,0" hai1="113,104,103,126,82,125,48,98,34,96,129,29,124" hai2="26,59,62,61,43,4,80,25,46,15,88,21,121" hai3="7,120,1,102,5,90,12,115,38,135,132,42,116"/><U100/><E113/><V71/><F121/><W35/><G115/><T108/><D117/><U6/><E129/><V20/><F71/><W109/><G120/><T3/><D70/><U16/><E6/><V63/><F59/><W65/><G109/><T9/><D108/><U19/><E48/><N who="2" m="26719" /><F4/><W49/><G116/><T130/><D56/><U69/><E69/><V73/><F73/><W105/><G35/><T64/><D50/><U51/><E51/><V111/><F111/><W47/><G65/><T55/><D64/><U134/><E134/><V58/><F58/><W77/><G90/><T8/><D55/><U39/><E39/><V83/><F15/><W78/><G49/><T92/><D123/><U114/><E114/><V107/><F107/><W68/><G12/><T41/><D41/><U93/><E82/><N who="2" m="31275" /><F88/><W99/><G68/><T133/><D133/><N who="3" m="51273" /><G1/><T10/><D14/><U119/><REACH who="1" step="1"/><E119/><REACH who="1" ten="250,279,250,211" step="2"/><V53/><F53/><W23/><G7/><T67/><D131/><U95/><E95/><V79/><F63/><W122/><G5/><T86/><D130/><U17/><E17/><N who="2" m="12431" /><F79/><N who="3" m="30219" /><G122/><T52/><D3/><U36/><E36/><V57/><F57/><W2/><G2/><T54/><D0/><U106/><E106/><V37/><F37/><W101/><G102/><T66/><D54/><U127/><N who="1" m="32256" /><DORA hai="81" /><U97/><E97/><V44/><F44/><W24/><G24/><AGARI ba="0,1" hai="16,19,24,29,34,93,96,98,100,103,104" m="32256" machi="24" ten="70,18000,2" yaku="1,1,18,1,54,1,53,3" doraHai="72,81" doraHaiUra="13,28" who="1" fromWho="3" sc="250,0,279,190,250,0,211,-180" /><INIT seed="1,1,0,5,0,107" ten="250,469,250,31" oya="1" hai0="56,47,69,89,112,27,67,84,31,65,93,15,25" hai1="17,54,72,49,63,32,128,92,39,43,30,113,24" hai2="66,133,70,131,5,59,35,26,38,14,19,29,33" hai3="104,99,103,41,90,57,134,21,74,123,3,2,135"/><U117/><E113/><V60/><F38/><W58/><G123/><T101/><D112/><U95/><E117/><V77/><F133/><N who="3" m="50699" /><G41/><T22/><D69/><U68/><E128/><V52/><F131/><W119/><G119/><T45/><D101/><U118/><E118/><V9/><F77/><W105/><G21/><N who="0" m="15791" /><D15/><U110/><E110/><V83/><F83/><W121/><G121/><T130/><D130/><U10/><E72/><V6/><REACH who="2" step="1"/><F35/><REACH who="2" ten="250,469,240,31" step="2"/><W88/><G105/><T115/><D115/><U100/><E32/><V82/><F82/><W106/><G106/><T42/><D42/><U7/><E43/><V12/><F12/><W125/><G125/><T102/><D102/><U75/><E39/><V55/><F55/><W61/><G74/><T62/><D65/><U108/><E54/><V1/><F1/><N who="3" m="11" /><G61/><AGARI ba="1,1" hai="5,6,9,14,19,26,29,33,52,59,60,61,66,70" machi="61" ten="30,8000,1" yaku="1,1,7,1,54,1,53,2" doraHai="107" doraHaiUra="0" who="2" fromWho="3" sc="250,0,469,0,240,93,31,-83" owari="250,-15.0,469,57.0,333,13.0,-52,-55.0" /></mjloggm>