<mjloggm ver="2.3"><GO type="41" lobby="0"/><UN n0="%48%41%4E%41%42%49%36%36" n1="%61%6E%6D%72" n2="%58%49%41%2D%54%43" n3="%E3%82%A6%E3%83%AB%E3%83%88%E3%83%A9%E7%AB%8B%E7%9B%B4" dan="14,14,13,17" rate="1965.34,1901.45,1843.74,2223.37" sx="M,M,M,M"/><TAIKYOKU oya="0"/><BYE who="2" /><UN n2="%58%49%41%2D%54%43" /><INIT seed="0,0,0,4,4,125" ten="250,250,250,250" oya="0" hai0="80,66,65,101,16,133,74,31,117,15,60,18,68" hai1="98,78,132,110,119,42,10,107,0,120,76,57,92" hai2="9,73,48,89,72,53,71,127,2,105,123,36,114" hai3="84,23,124,100,28,134,77,40,130,62,35,82,106"/><T118/><D101/><U20/><BYE who="2" /><E120/><UN n2="%58%49%41%2D%54%43" /><V111/><RYUUKYOKU type="yao9" ba="0,0" sc="250,0,250,0,250,0,250,0" hai2="2,9,36,48,53,71,72,73,89,105,111,114,123,127" /><INIT seed="0,1,0,0,3,27" ten="250,250,250,250" oya="0" hai0="106,78,29,18,75,11,65,10,86,113,110,81,30" hai1="52,40,51,25,39,20,59,85,32,23,35,116,62" hai2="120,98,4,121,43,129,28,21,53,84,41,16,0" hai3="72,123,114,79,127,8,37,100,67,87,17,105,122"/><T66/><D106/><U119/><E39/><V83/><F129/><W92/><G37/><T47/><D113/><U89/><BYE who="2" /><E20/><UN n2="%58%49%41%2D%54%43" /><V2/><F2/><W54/><BYE who="2" /><G67/><N who="0" m="25611" /><D75/><UN n2="%58%49%41%2D%54%43" /><U24/><E24/><V55/><F120/><W135/><G114/><T5/><D110/><U112/><E112/><V69/><F69/><W133/><G54/><N who="2" m="20489" /><F121/><N who="3" m="46091" /><G8/><N who="0" m="3115" /><D5/><U130/><E130/><V26/><F0/><W13/><G13/><T111/><D111/><U80/><E35/><V115/><F115/><W19/><G17/><T96/><D96/><U1/><E32/><V64/><F64/><W38/><G19/><T134/><D134/><N who="3" m="51209" /><G38/><T101/><D101/><U63/><E1/><V36/><F36/><W50/><G50/><T76/><D47/><U7/><E7/><V126/><F4/><W57/><G57/><T102/><D102/><U68/><E68/><V44/><F44/><W61/><G61/><T58/><D58/><U91/><E63/><V71/><F71/><W94/><G72/><T104/><D104/><U9/><E62/><V95/><F41/><W118/><G118/><T74/><D18/><N who="1" m="12535" /><E40/><V131/><F43/><W60/><G60/><T33/><D33/><U73/><E73/><V46/><F46/><W99/><G127/><T48/><D48/><U77/><E9/><V15/><F126/><W31/><G105/><T82/><D74/><U108/><E108/><V90/><F16/><W70/><G70/><T109/><D109/><U125/><E125/><V97/><F15/><W34/><G34/><T117/><D117/><U14/><E14/><V45/><F45/><W107/><G107/><RYUUKYOKU ba="1,0" sc="250,15,250,15,250,-15,250,-15" hai0="29,30,76,78,81,82,86" hai1="51,52,59,77,80,85,89,91,116,119" /><INIT seed="0,2,0,3,5,43" ten="265,265,235,235" oya="0" hai0="13,84,73,47,63,94,11,19,72,108,58,24,18" hai1="107,45,85,113,110,129,20,46,115,40,91,60,80" hai2="68,111,41,35,116,96,131,33,7,130,31,4,34" hai3="12,51,82,55,87,49,36,88,22,102,57,95,69"/><T75/><D108/><U90/><E107/><V5/><F68/><W67/><G36/><T92/><D84/><U117/><E117/><V79/><F79/><W3/><G3/><T99/><D99/><U81/><E110/><V59/><F111/><W135/><G135/><T133/><D133/><U65/><E40/><V50/><F116/><W105/><G105/><T61/><D63/><U134/><E134/><V66/><F96/><N who="3" m="59679" /><G67/><T97/><D24/><U1/><E1/><V0/><F66/><W14/><G69/><T21/><D97/><U26/><E81/><V25/><F59/><W98/><G98/><T10/><D21/><U76/><E129/><N who="2" m="49163" /><F50/><N who="3" m="30967" /><G22/><T120/><D120/><U124/><E124/><V42/><F42/><W86/><G86/><T38/><D38/><U128/><E128/><V103/><F41/><W8/><G14/><T23/><D23/><U29/><E60/><V119/><F103/><W17/><AGARI ba="2,0" hai="8,12,17,49,51,82,87,88" m="30967,59679" machi="17" ten="30,2000,0" yaku="8,1,54,1" doraHai="43" who="3" fromWho="3" sc="265,-12,265,-7,235,-7,235,26" /><INIT seed="1,0,0,0,2,119" ten="253,258,228,261" oya="1" hai0="96,13,0,42,63,62,73,80,41,37,113,31,39" hai1="135,109,52,99,75,114,29,9,132,49,24,82,104" hai2="89,47,117,111,4,22,35,53,20,66,59,112,78" hai3="32,26,81,70,133,77,102,38,115,134,65,127,107"/><U88/><E114/><V34/><F117/><W130/><G38/><T19/><D0/><U122/><E122/><V95/><F112/><W57/><G57/><T51/><D113/><U17/><E104/><V93/><F111/><W131/><G115/><T120/><D31/><U91/><E109/><V129/><F66/><W10/><G10/><T56/><D96/><U45/><E99/><V48/><F129/><N who="3" m="49163" /><G102/><T43/><D80/><U69/><E69/><V121/><F121/><W1/><G1/><T71/><D73/><U125/><E125/><V40/><F4/><W123/><G107/><T16/><D120/><U44/><E44/><V103/><F78/><W87/><G123/><T67/><D13/><N who="1" m="7343" /><E75/><V11/><F11/><W86/><G86/><T84/><D84/><N who="1" m="50199" /><E91/><V72/><F72/><W23/><G32/><AGARI ba="0,0" hai="24,29,32,45,49,52,132,135" m="50199,7343" machi="32" ten="30,5800,0" yaku="25,1,54,2" doraHai="119" who="1" fromWho="3" sc="253,0,258,58,228,0,261,-58" /><INIT seed="1,1,0,2,5,20" ten="253,316,228,203" oya="1" hai0="88,33,65,14,71,110,132,9,27,24,44,8,81" hai1="68,84,16,113,67,64,121,112,87,108,54,26,74" hai2="97,118,15,76,59,66,102,83,32,115,127,85,126" hai3="101,104,92,22,78,117,103,109,1,95,56,120,105"/><U114/><E74/><V70/><F70/><W21/><G1/><T75/><D33/><U28/><E121/><V57/><F118/><W86/><G56/><T48/><D110/><U4/><E4/><V116/><F116/><W129/><G117/><T133/><D9/><U130/><E130/><V93/><F32/><W79/><G109/><T51/><D71/><U91/><E108/><V55/><F66/><W100/><G22/><T96/><D75/><U99/><E54/><V122/><F122/><W49/><G21/><T90/><D65/><U73/><E73/><V30/><F30/><W3/><G49/><T11/><D14/><U6/><E6/><V34/><F34/><W50/><G50/><T31/><D31/><U98/><E28/><V2/><F2/><W63/><G63/><T19/><D96/><U0/><E0/><V53/><F15/><W10/><G10/><T18/><REACH who="0" step="1"/><D81/><REACH who="0" ten="243,316,228,203" step="2"/><N who="1" m="49551" /><E67/><V94/><F83/><W119/><G3/><T47/><AGARI ba="1,1" hai="8,11,18,19,24,27,44,47,48,51,88,90,132,133" machi="47" ten="25,16000,3" yaku="1,1,0,1,22,2,52,2,54,1,53,2" doraHai="20" doraHaiUra="131" who="0" fromWho="0" sc="243,173,316,-81,228,-41,203,-41" /><INIT seed="2,0,0,3,3,49" ten="416,235,187,162" oya="2" hai0="124,6,50,105,133,130,98,10,15,0,97,126,101" hai1="116,109,85,25,4,111,69,70,13,76,38,36,120" hai2="82,64,81,67,75,94,103,99,131,47,41,59,11" hai3="17,63,119,127,35,56,30,19,93,86,16,88,58"/><V46/><F131/><W100/><G119/><T54/><D130/><U96/><E116/><V65/><F75/><W26/><G127/><N who="0" m="48683" /><D133/><U84/><E96/><V83/><F59/><W3/><G3/><T40/><D40/><U12/><E76/><V134/><F134/><W21/><G100/><T71/><D71/><U60/><E60/><V110/><F110/><W123/><G123/><T20/><D98/><U128/><E128/><V73/><F73/><W44/><G44/><N who="2" m="16937" /><F11/><W80/><G80/><N who="2" m="20481" /><V104/><DORA hai="1" /><F104/><W118/><G118/><T14/><D20/><U2/><E120/><V33/><F33/><W23/><REACH who="3" step="1"/><G58/><AGARI ba="0,0" hai="0,6,10,14,15,50,54,58,97,101,105" m="48683" machi="58" ten="30,3900,0" yaku="18,1,52,2" doraHai="49,1" who="0" fromWho="3" sc="416,39,235,0,187,0,162,-39" /><INIT seed="3,0,0,3,2,41" ten="455,235,187,123" oya="3" hai0="116,125,16,82,42,53,73,35,10,74,84,58,78" hai1="55,104,11,62,76,70,98,121,12,23,15,19,24" hai2="111,13,93,34,67,99,18,102,87,127,57,51,60" hai3="64,61,95,52,14,79,36,59,126,33,44,129,71"/><W119/><G33/><T124/><D116/><U22/><E121/><V89/><F34/><W29/><G119/><T7/><D35/><U0/><E0/><V56/><F111/><W17/><G29/><T46/><D125/><U90/><E76/><V81/><F127/><W131/><G126/><T31/><D31/><U77/><E77/><V91/><F102/><W21/><G79/><T43/><D43/><U32/><E23/><V48/><REACH who="2" step="1"/><F57/><REACH who="2" ten="455,235,177,123" step="2"/><W20/><G131/><T25/><D124/><U122/><E32/><V37/><F37/><W28/><G129/><T5/><D73/><U68/><E68/><V114/><F114/><W75/><G75/><T86/><D74/><U47/><E70/><V97/><F97/><W54/><G71/><T115/><D115/><U85/><E122/><V112/><F112/><W45/><G36/><T117/><D117/><U69/><E69/><V133/><F133/><W132/><G132/><T66/><D86/><U103/><E85/><V65/><F65/><W1/><G1/><T63/><D66/><U123/><E123/><V50/><F50/><W101/><G101/><T38/><REACH who="0" step="1"/><D25/><REACH who="0" ten="445,235,177,123" step="2"/><U113/><E24/><V109/><F109/><W6/><G64/><T118/><D118/><U130/><E113/><V134/><F134/><W3/><G28/><T30/><D30/><U27/><E27/><V2/><F2/><W107/><G3/><T40/><D40/><U4/><E130/><V135/><F135/><W110/><G110/><T72/><D72/><U88/><E98/><V96/><F96/><W26/><G26/><T106/><D106/><RYUUKYOKU ba="0,2" sc="445,15,235,-15,177,15,123,-15" hai0="5,7,10,16,38,42,46,53,58,63,78,82,84" hai2="13,18,48,51,56,60,67,81,87,89,91,93,99" /><INIT seed="4,1,2,2,4,79" ten="460,220,192,108" oya="0" hai0="76,12,127,44,123,52,106,28,14,96,122,80,35" hai1="53,97,60,5,8,107,61,74,102,118,58,126,93" hai2="63,47,114,104,21,43,112,22,10,109,84,24,70" hai3="90,131,9,40,46,55,25,100,32,120,17,45,50"/><T81/><D35/><U57/><E118/><V128/><F104/><W34/><G131/><T119/><D28/><U56/><E107/><V91/><F109/><W130/><G130/><T62/><D119/><U103/><E126/><V13/><F128/><W113/><G100/><T134/><D127/><U108/><E108/><V77/><F77/><W132/><G132/><T124/><D124/><U111/><E74/><V38/><F63/><W116/><G116/><T98/><D76/><U133/><E111/><V71/><F70/><W129/><G129/><T15/><D106/><U65/><E58/><V64/><F64/><W85/><G113/><N who="2" m="43625" /><F24/><W87/><G87/><T73/><D73/><U82/><E133/><V41/><F41/><W49/><G120/><T125/><D125/><U121/><E103/><V99/><F99/><W75/><G75/><T26/><D26/><U16/><E121/><V42/><F42/><W20/><REACH who="3" step="1"/><G9/><REACH who="3" ten="460,220,192,98" step="2"/><T117/><D123/><U72/><E72/><V2/><F10/><W23/><G23/><T88/><D122/><U18/><REACH who="1" step="1"/><E82/><AGARI ba="1,3" hai="17,20,25,32,34,40,45,46,49,50,55,82,85,90" machi="82" ten="30,3900,0" yaku="1,1,7,1,52,1,53,0" doraHai="79" doraHaiUra="59" who="3" fromWho="1" sc="460,0,220,-42,192,0,98,72" /><INIT seed="5,0,0,3,2,131" ten="460,178,192,170" oya="1" hai0="39,104,96,6,43,98,32,90,93,59,45,18,94" hai1="61,110,10,55,134,46,87,12,1,66,115,92,111" hai2="80,91,41,51,0,106,132,25,103,24,54,48,30" hai3="129,116,88,85,75,21,19,20,114,121,68,123,128"/><U64/><E1/><V7/><F41/><W119/><G68/><T81/><D32/><U86/><E115/><V67/><F67/><W50/><G75/><T74/><D18/><U2/><E2/><V79/><F91/><W109/><G50/><T95/><D59/><U53/><E66/><V9/><F132/><W133/><G133/><T89/><D6/><N who="1" m="3159" /><E134/><V36/><F36/><W23/><G19/><T26/><D26/><U33/><E33/><V27/><F51/><W102/><G102/><T113/><D113/><U8/><E8/><V37/><F37/><W112/><G109/><N who="1" m="41482" /><E92/><V49/><F106/><W15/><G15/><T60/><D94/><U70/><E55/><V99/><F54/><W58/><G114/><T71/><D104/><U22/><E22/><V118/><F118/><N who="3" m="45099" /><G112/><T78/><D60/><U76/><E76/><V127/><F79/><W31/><G31/><T135/><REACH who="0" step="1"/><D135/><REACH who="0" ten="450,178,192,170" step="2"/><U38/><E70/><AGARI ba="0,1" hai="39,43,45,70,71,74,78,81,89,90,93,95,96,98" machi="70" ten="40,5200,0" yaku="1,1,2,1,9,1,53,0" doraHai="131" doraHaiUra="97" who="0" fromWho="1" sc="450,62,178,-52,192,0,170,0" /><INIT seed="6,0,0,0,1,17" ten="512,126,192,170" oya="2" hai0="127,82,37,85,43,88,130,34,90,54,107,74,61" hai1="92,122,44,79,69,53,23,99,62,27,4,59,18" hai2="56,113,80,104,10,58,13,123,114,95,9,67,116" hai3="19,87,3,29,108,42,71,91,15,119,118,26,126"/><V117/><F104/><W39/><G71/><T48/><D34/><U125/><E122/><V83/><F67/><W66/><G66/><T12/><D74/><U25/><E125/><V33/><F33/><W93/><G3/><T55/><D107/><U38/><E69/><V21/><F95/><W110/><G126/><T100/><D100/><U106/><E106/><V51/><F51/><W40/><G42/><T94/><D37/><U47/><E79/><V81/><F123/><W20/><G40/><T102/><D102/><U124/><E124/><V60/><F60/><W2/><G2/><T75/><D75/><U135/><E38/><V73/><F73/><W36/><G36/><T65/><D130/><U103/><E4/><V128/><F128/><W120/><G39/><T30/><D30/><U50/><E50/><V105/><F105/><W129/><G129/><T131/><D131/><U5/><E5/><V6/><F21/><W52/><G52/><T78/><D78/><U98/><E98/><V115/><REACH who="2" step="1"/><F10/><REACH who="2" ten="512,126,182,170" step="2"/><W31/><G120/><T49/><D127/><U7/><E47/><V32/><F32/><W0/><G93/><T121/><D65/><U70/><E44/><V68/><F68/><W97/><G20/><T101/><D61/><U11/><E70/><V64/><F64/><W133/><G118/><AGARI ba="0,1" hai="6,9,13,56,58,80,81,83,113,114,115,116,117,118" machi="118" ten="50,4800,0" yaku="1,1,15,1,53,0" doraHai="17" doraHaiUra="63" who="2" fromWho="3" sc="512,0,126,0,182,58,170,-48" /><INIT seed="6,1,0,5,5,135" ten="512,126,240,122" oya="2" hai0="62,97,98,37,87,117,107,40,125,36,127,95,54" hai1="75,92,60,103,73,25,56,52,88,27,8,24,43" hai2="128,110,28,120,131,46,84,80,122,100,112,78,5" hai3="1,90,0,74,82,124,53,39,94,7,26,49,63"/><V72/><F5/><W116/><G39/><T105/><D40/><U79/><E103/><V89/><F28/><W34/><G116/><T99/><D62/><U30/><E43/><V126/><F46/><W134/><G134/><T83/><D54/><U22/><E8/><V102/><F112/><W104/><G104/><N who="0" m="40011" /><D117/><U47/><E47/><V130/><F126/><N who="0" m="48138" /><D95/><U118/><E118/><V67/><F67/><W33/><G94/><T66/><D66/><U57/><E79/><AGARI ba="1,0" hai="36,37,79,83,87,97,98,99" m="48138,40011" machi="79" ten="40,8000,1" yaku="18,1,52,3" doraHai="135" who="0" fromWho="1" sc="512,83,126,-83,240,0,122,0" /><INIT seed="7,0,0,5,3,30" ten="595,43,240,122" oya="3" hai0="126,118,61,105,116,74,9,29,14,83,70,5,40" hai1="1,21,72,125,100,22,80,119,121,19,0,7,66" hai2="3,32,4,69,114,109,11,16,41,24,71,67,124" hai3="48,52,12,112,26,8,39,47,93,84,95,86,106"/><W31/><G106/><T33/><D40/><U43/><E121/><V94/><F109/><W57/><G112/><T60/><D105/><U110/><E110/><V34/><F41/><W2/><G2/><T75/><D126/><U27/><E125/><V122/><F124/><W42/><G93/><T76/><D75/><U51/><E119/><V117/><F117/><W46/><G95/><T58/><D61/><U129/><E100/><V103/><F114/><W45/><G46/><T35/><D58/><U81/><E66/><V135/><F135/><W68/><G47/><T127/><D127/><U28/><E72/><V79/><F79/><W53/><G53/><T130/><D130/><U37/><E37/><V128/><F128/><W90/><G90/><T132/><D132/><U6/><E129/><V82/><F82/><W54/><G54/><T55/><D55/><U25/><E43/><V111/><F67/><W77/><G77/><T36/><D36/><U131/><E131/><V87/><F103/><W78/><G78/><T98/><D98/><U64/><E64/><V23/><F122/><W56/><G56/><T20/><D60/><U44/><E44/><V10/><F111/><W104/><G104/><T13/><D70/><U101/><E101/><V85/><F94/><W89/><G89/><T120/><D120/><U63/><E63/><V91/><F91/><W59/><G59/><T50/><D50/><U96/><E51/><V102/><F102/><W123/><G68/><T97/><D118/><U92/><E92/><V115/><F69/><W38/><G123/><T88/><D116/><RYUUKYOKU ba="0,0" sc="595,0,43,0,240,0,122,0" owari="595,70.0,43,-46.0,240,4.0,122,-28.0" /></mjloggm>