<mjloggm ver="2.3"><GO type="41" lobby="0"/><UN n0="%E5%B0%B1%E6%B4%BB%E7%94%9F%40%E5%B7%9D%E6%9D%91%E8%BB%8D%E5%9B%A3" n1="%E7%A9%BA%E6%B0%97%E3%82%92%E5%A4%89%E3%81%88%E3%82%88%E3%81%86%E2%99%AA" n2="%64%6F%74%65%74%69%6E%6E" n3="%6B%65%69%2D%6B%65%69" dan="15,18,15,15" rate="2006.86,2146.75,2029.79,1961.33" sx="M,M,M,M"/><TAIKYOKU oya="0"/><INIT seed="0,0,0,3,0,126" ten="250,250,250,250" oya="0" hai0="97,99,7,96,94,64,45,55,63,8,100,14,31" hai1="110,134,89,107,58,67,72,53,61,30,77,4,60" hai2="34,24,38,66,73,125,82,28,22,10,85,71,95" hai3="44,119,11,103,59,75,84,16,113,102,90,26,93"/><T33/><D45/><U43/><E110/><V131/><F125/><W65/><G75/><T49/><D49/><U12/><E134/><V109/><F109/><W57/><G113/><T91/><D55/><U46/><E107/><V81/><F38/><W108/><G119/><T120/><D120/><U116/><E116/><V15/><F34/><W54/><G108/><T48/><D48/><U129/><E30/><V50/><F73/><W13/><G26/><T9/><D9/><U122/><E122/><V117/><F117/><W32/><G32/><T115/><D115/><U6/><E77/><V123/><F123/><W56/><G44/><T132/><D132/><U112/><E72/><V87/><F50/><W35/><G35/><T118/><D118/><U80/><E80/><V17/><F71/><W74/><G74/><T111/><D111/><U52/><E89/><V68/><F68/><W128/><G128/><T36/><D36/><U101/><E101/><N who="3" m="38410" /><G65/><T19/><D100/><U3/><E3/><V124/><F131/><W114/><G114/><T127/><D127/><U83/><E129/><V105/><F105/><W98/><G98/><T69/><REACH who="0" step="1"/><D7/><REACH who="0" ten="240,250,250,250" step="2"/><U18/><E112/><V135/><F124/><W86/><G54/><T79/><D79/><U1/><E53/><V39/><F135/><W51/><G51/><T78/><D78/><U133/><E133/><V121/><F121/><W92/><G90/><T21/><D21/><U27/><E46/><V104/><F39/><W41/><G41/><T5/><D5/><U47/><E43/><V20/><F20/><W62/><G62/><RYUUKYOKU ba="0,1" sc="240,15,250,-15,250,-15,250,15" hai0="8,14,19,31,33,63,64,69,91,94,96,97,99" hai3="11,13,16,56,57,59,84,86,92,93" /><INIT seed="0,1,1,5,1,52" ten="255,235,235,265" oya="0" hai0="84,81,53,30,128,99,91,59,1,89,101,69,115" hai1="46,64,100,12,76,14,47,23,13,8,0,132,95" hai2="34,28,55,45,104,25,126,109,32,11,108,37,29" hai3="97,117,10,103,50,38,85,127,86,98,26,51,70"/><T121/><D69/><U133/><E76/><V77/><F104/><W44/><G70/><T78/><D121/><U106/><E106/><V41/><F126/><W110/><G127/><T125/><D1/><U130/><E130/><V31/><F77/><W2/><G117/><T74/><D125/><U60/><E23/><V116/><F116/><W113/><G113/><T73/><D115/><U114/><E114/><V71/><F71/><W43/><G110/><N who="2" m="42601" /><F32/><W58/><G97/><T123/><D123/><U33/><E33/><V135/><F135/><N who="1" m="51785" /><E95/><V7/><F55/><W54/><G38/><T22/><D128/><U102/><E8/><V129/><F129/><W17/><G2/><AGARI ba="1,1" hai="2,7,11,25,28,29,31,34,37,41,45" m="42601" machi="2" ten="30,1000,0" yaku="14,1" doraHai="52" who="2" fromWho="3" sc="255,0,235,0,235,23,265,-13" /><INIT seed="1,0,0,5,2,6" ten="255,235,258,252" oya="1" hai0="7,89,96,67,23,68,36,30,19,29,64,0,74" hai1="15,12,114,52,106,9,44,61,83,25,103,60,102" hai2="59,131,118,24,4,132,112,100,128,47,38,135,77" hai3="75,91,104,115,41,133,35,113,40,105,129,88,27"/><U14/><E114/><N who="3" m="43530" /><G35/><T121/><D74/><U66/><E106/><N who="3" m="41066" /><G27/><T17/><D36/><U48/><E83/><V97/><F112/><W72/><G133/><N who="2" m="51273" /><F77/><W39/><G39/><T122/><D68/><U95/><E25/><V101/><F97/><W82/><G82/><T43/><D43/><N who="3" m="16457" /><G129/><T21/><D96/><N who="1" m="59679" /><E103/><V58/><F118/><W98/><G98/><T3/><D7/><N who="1" m="3135" /><E66/><V90/><F38/><W55/><G55/><T51/><D51/><U16/><E14/><V20/><F4/><W92/><G92/><T93/><D93/><U62/><E61/><V126/><F101/><W31/><G31/><T37/><D37/><U86/><E86/><V111/><F100/><W94/><G94/><T71/><D71/><U116/><E116/><V69/><F69/><W22/><G22/><AGARI ba="0,0" hai="15,16,22,44,48,52,60,62" m="3135,59679" machi="22" ten="30,11600,0" yaku="8,1,52,1,54,2" doraHai="6" who="1" fromWho="3" sc="255,0,235,116,258,0,252,-116" /><INIT seed="1,1,0,1,4,76" ten="255,351,258,136" oya="1" hai0="128,35,112,17,28,70,40,90,113,5,54,42,77" hai1="12,11,55,118,79,132,34,131,8,21,71,84,82" hai2="56,123,10,62,121,73,18,115,91,14,92,102,49" hai3="127,107,106,24,48,3,60,50,101,41,66,105,98"/><U129/><E34/><V25/><F73/><W117/><G3/><T68/><D5/><U85/><E118/><V65/><F115/><W110/><G117/><T74/><D35/><U99/><E132/><V52/><F102/><W45/><G110/><T44/><D28/><U22/><E71/><V27/><F123/><W88/><G127/><T38/><D90/><U94/><E55/><V46/><REACH who="2" step="1"/><F121/><REACH who="2" ten="255,351,248,136" step="2"/><W100/><G101/><T69/><D113/><U116/><E116/><V114/><F114/><W122/><G100/><T20/><D112/><U7/><E129/><V59/><F59/><W23/><G122/><T81/><D128/><U36/><E131/><V104/><F104/><W32/><G106/><T87/><D74/><U47/><E47/><V16/><F16/><N who="3" m="12391" /><G105/><T29/><D29/><U53/><E7/><V120/><F120/><W67/><G107/><T111/><D111/><U31/><E31/><V15/><F15/><W80/><G32/><T125/><D125/><U96/><E12/><V119/><F119/><W1/><G1/><T135/><D135/><U72/><E72/><V13/><F13/><W0/><G0/><T124/><D124/><U64/><E8/><V89/><F89/><W61/><G98/><AGARI ba="1,1" hai="10,14,18,25,27,46,49,52,56,62,65,91,92,98" machi="98" ten="30,8000,1" yaku="1,1,7,1,8,1,54,1,53,1" doraHai="76" doraHaiUra="63" who="2" fromWho="3" sc="255,0,351,0,248,93,136,-83" /><INIT seed="2,0,0,4,4,17" ten="255,351,341,53" oya="2" hai0="70,18,108,128,62,48,50,43,124,79,119,33,30" hai1="115,134,32,53,80,95,77,88,116,55,73,93,69" hai2="35,103,12,94,60,89,68,98,111,25,52,97,96" hai3="3,67,22,99,27,104,105,5,85,126,0,14,84"/><V114/><F114/><W34/><G67/><T47/><D33/><U131/><E115/><V117/><F117/><W101/><G34/><T19/><D30/><U76/><E116/><V36/><F36/><W41/><G104/><T1/><D1/><U56/><E69/><V133/><F133/><W57/><G41/><T87/><D119/><U54/><E134/><V21/><F35/><W13/><G126/><T28/><D28/><U74/><E131/><V23/><F111/><W106/><G105/><T113/><D113/><U66/><E32/><V123/><F123/><W78/><G57/><T72/><D72/><U82/><E88/><N who="2" m="55367" /><F68/><W49/><G0/><T125/><D108/><U86/><E86/><V39/><F39/><W2/><G85/><T9/><D128/><U61/><AGARI ba="0,0" hai="53,54,55,56,61,66,73,74,76,77,80,82,93,95" machi="61" ten="30,2000,0" yaku="0,1,9,1" doraHai="17" who="1" fromWho="1" sc="255,-5,351,20,341,-10,53,-5" /><INIT seed="3,0,0,4,3,135" ten="250,371,331,48" oya="3" hai0="39,47,11,79,51,104,82,120,50,112,44,2,26" hai1="35,81,16,25,107,119,109,42,134,0,15,48,72" hai2="23,92,95,38,97,66,114,93,3,89,103,7,115" hai3="24,105,91,60,63,46,43,37,55,18,74,65,56"/><W128/><G105/><T6/><D104/><U108/><E134/><V133/><F133/><W131/><G74/><T34/><D120/><U29/><E107/><V76/><F38/><W129/><G24/><T101/><D112/><U14/><E0/><V113/><F76/><W118/><G18/><T83/><D101/><U70/><E70/><V84/><F66/><W32/><G32/><T125/><D125/><U68/><E68/><V94/><F3/><W87/><G91/><T10/><D10/><U121/><E119/><V75/><F75/><W62/><G87/><T5/><D5/><U122/><E48/><V40/><F7/><W59/><G63/><T20/><D34/><U99/><E42/><V41/><F41/><W69/><G59/><T85/><D82/><U73/><E99/><V49/><F23/><W111/><G111/><N who="1" m="42570" /><E14/><V19/><F19/><W1/><G1/><T9/><D39/><U117/><E117/><AGARI ba="0,0" hai="37,43,46,55,56,60,62,65,69,117,118,128,129,131" machi="117" ten="40,12000,1" yaku="19,1,34,3" doraHai="135" who="3" fromWho="1" sc="250,0,371,-120,331,0,48,120" /><INIT seed="3,1,0,4,0,123" ten="250,251,331,168" oya="3" hai0="100,67,95,47,89,117,69,128,12,104,126,97,39" hai1="2,32,90,5,130,10,16,6,31,94,14,122,68" hai2="59,71,88,74,125,102,133,15,18,26,53,77,114" hai3="65,82,111,107,98,72,41,40,4,92,54,25,103"/><W115/><G115/><T19/><D117/><U23/><E122/><V42/><F114/><W35/><G35/><T43/><D128/><U58/><E130/><V135/><F125/><W80/><G65/><T131/><D131/><U28/><E68/><V101/><F71/><W62/><G72/><T3/><D3/><U24/><E58/><V84/><F42/><W66/><G107/><T38/><D126/><U50/><E50/><N who="2" m="31159" /><F26/><W121/><G121/><T37/><D67/><U56/><E56/><V20/><F77/><W55/><G4/><T118/><D69/><U45/><E45/><V0/><F74/><W34/><G41/><T64/><D64/><U11/><REACH who="1" step="1"/><E32/><REACH who="1" ten="250,241,331,168" step="2"/><V116/><F116/><W87/><G66/><T51/><D51/><U110/><E110/><V60/><F60/><W75/><G62/><T86/><REACH who="0" step="1"/><D118/><REACH who="0" ten="240,241,331,168" step="2"/><U108/><E108/><V36/><F36/><W79/><G111/><T99/><D99/><AGARI ba="1,2" hai="2,5,6,10,11,14,16,23,24,28,31,90,94,99" machi="99" ten="30,3900,0" yaku="1,1,7,1,54,1,53,0" doraHai="123" doraHaiUra="76" who="1" fromWho="0" sc="240,-42,241,62,331,0,168,0" /><INIT seed="4,0,0,4,2,53" ten="198,303,331,168" oya="0" hai0="33,96,46,25,84,49,48,114,16,72,91,31,51" hai1="20,3,83,124,18,39,73,43,71,12,86,15,22" hai2="42,117,38,66,113,78,24,123,36,58,44,118,88" hai3="2,109,79,74,94,125,69,97,35,62,45,5,103"/><T107/><D72/><U7/><E71/><V95/><F113/><W122/><G125/><T76/><D114/><U57/><E124/><V13/><F123/><W56/><G109/><T108/><D108/><U52/><E73/><V4/><F78/><W60/><G35/><T119/><D119/><N who="2" m="45578" /><F24/><W120/><G2/><T11/><D76/><N who="1" m="46439" /><E3/><V61/><F4/><W21/><G5/><T10/><D46/><U87/><E39/><N who="2" m="21599" /><F13/><W64/><G45/><T89/><D16/><N who="1" m="10247" /><E87/><AGARI ba="0,0" hai="36,38,58,61,66,87,88,95" m="21599,45578" machi="87" ten="30,3900,0" yaku="12,1,52,1,54,1" doraHai="53" who="2" fromWho="1" sc="198,0,303,-39,331,39,168,0" /><INIT seed="5,0,0,0,3,58" ten="198,264,370,168" oya="1" hai0="26,52,65,33,42,115,22,61,83,112,34,85,129" hai1="91,114,75,0,71,131,6,20,123,132,76,88,15" hai2="10,12,82,43,63,110,1,118,8,29,93,21,104" hai3="51,99,79,100,64,28,77,59,134,73,19,106,57"/><U39/><E123/><V67/><F118/><W53/><G73/><T41/><D129/><U95/><E131/><V128/><F110/><W45/><G134/><T126/><D126/><U7/><E0/><V27/><F104/><W55/><G64/><T9/><D9/><U119/><E119/><V87/><F128/><W116/><G116/><T37/><D34/><U127/><E127/><V25/><F1/><W103/><G100/><T56/><D33/><U5/><E114/><N who="0" m="43561" /><D37/><U30/><E132/><V69/><F43/><W17/><G28/><N who="0" m="17495" /><D65/><U36/><E71/><V120/><F120/><W125/><G125/><T72/><D72/><U13/><E36/><V133/><F133/><W2/><G2/><T80/><D80/><U74/><E39/><V23/><F93/><W47/><G77/><AGARI ba="0,0" hai="41,42,52,56,61,77,83,85" m="17495,43561" machi="77" ten="30,3900,0" yaku="15,1,52,1,54,1" doraHai="58" who="0" fromWho="3" sc="198,39,264,0,370,0,168,-39" /><INIT seed="6,0,0,5,0,11" ten="237,264,370,129" oya="2" hai0="117,101,56,75,105,99,16,134,90,135,43,91,93" hai1="1,88,54,72,104,23,52,27,64,96,110,35,66" hai2="42,80,55,124,103,41,86,21,81,76,32,61,79" hai3="63,51,5,116,131,73,25,108,19,126,4,3,87"/><V7/><F32/><W85/><G73/><T26/><D75/><U114/><E110/><V128/><F128/><W38/><G38/><T37/><D117/><U95/><E72/><V0/><F124/><W58/><G126/><T36/><D56/><U112/><E1/><V83/><F103/><W44/><G108/><T121/><D121/><U120/><E104/><V10/><F21/><W8/><G131/><T60/><D60/><U71/><E35/><V13/><F0/><W59/><G116/><T46/><D36/><U22/><E22/><V133/><F133/><N who="0" m="50698" /><D105/><U50/><E120/><V6/><F6/><W47/><G58/><T127/><D127/><U94/><E94/><V118/><F118/><W14/><G44/><T102/><D102/><U132/><E132/><V123/><F123/><W115/><G115/><N who="1" m="44074" /><E71/><V20/><F20/><AGARI ba="0,0" hai="16,20,26,37,43,46,90,91,93,99,101" m="50698" machi="20" ten="30,2000,0" yaku="20,1,54,1" doraHai="11" who="0" fromWho="2" sc="237,20,264,0,370,-20,129,0" /><INIT seed="7,0,0,5,2,71" ten="257,264,350,129" oya="3" hai0="64,109,57,100,116,41,77,45,44,135,9,83,52" hai1="38,3,66,94,13,1,87,18,35,67,40,123,93" hai2="99,91,98,17,89,50,69,70,61,14,2,102,15" hai3="85,118,51,76,84,10,23,68,48,63,8,101,31"/><W122/><G68/><T4/><D109/><U78/><E35/><V79/><F50/><N who="3" m="18987" /><G122/><T95/><D135/><U65/><E123/><V60/><F17/><W29/><G118/><T105/><D105/><U47/><E78/><V108/><F79/><W126/><G126/><T96/><D116/><U134/><E134/><V6/><F6/><W86/><G76/><T26/><D64/><U73/><E73/><V110/><F102/><W58/><G101/><T104/><D104/><U81/><E81/><V133/><F133/><W131/><G131/><T132/><D26/><U124/><E124/><V115/><F115/><W75/><G75/><T54/><D54/><U129/><E129/><V88/><F91/><W28/><G23/><T39/><D132/><U56/><E56/><V121/><F121/><W32/><G32/><T12/><D39/><U16/><E18/><V92/><F92/><W37/><G37/><T127/><D41/><U22/><REACH who="1" step="1"/><E87/><REACH who="1" ten="257,254,350,129" step="2"/><N who="3" m="22274" /><W111/><DORA hai="0" /><G111/><T62/><D127/><U53/><E53/><AGARI ba="0,1" hai="8,10,28,29,31,53,58,63" m="22274,18987" machi="53" ten="40,2000,0" yaku="8,1" doraHai="71,0" who="3" fromWho="1" sc="257,0,254,-20,350,0,129,30" /><INIT seed="7,1,0,4,5,75" ten="257,234,350,159" oya="3" hai0="33,99,93,100,17,122,68,108,64,25,20,127,39" hai1="31,106,53,73,97,57,62,4,65,46,88,95,123" hai2="3,80,81,70,132,126,112,7,114,98,5,59,128" hai3="89,109,30,45,23,36,37,129,32,13,135,119,101"/><W86/><G119/><T96/><D108/><U131/><E123/><V82/><F70/><W116/><G116/><T54/><D39/><U69/><E73/><V27/><F132/><W38/><G32/><T94/><D122/><U105/><E131/><V117/><F128/><W43/><G101/><T107/><D127/><U16/><E31/><V74/><F117/><W60/><G135/><T91/><D33/><U26/><E4/><V24/><F74/><W2/><G2/><T19/><D68/><U48/><E69/><V66/><F126/><W84/><G129/><T124/><D64/><U52/><E65/><V44/><F44/><W42/><G109/><T49/><D124/><U134/><E134/><V34/><F98/><W40/><G60/><T9/><D9/><U8/><E8/><N who="2" m="2111" /><F7/><W78/><G78/><T21/><D107/><U61/><E61/><N who="2" m="38207" /><F34/><W22/><G84/><T85/><D85/><U29/><E29/><V56/><F56/><W130/><G130/><T50/><D54/><U125/><E125/><V18/><F18/><N who="3" m="10575" /><G45/><T79/><D79/><U71/><E71/><V120/><F120/><W15/><G15/><AGARI ba="1,0" hai="15,17,19,20,21,25,49,50,91,93,94,96,99,100" machi="15" ten="30,2000,0" yaku="7,1,8,1" doraHai="75" who="0" fromWho="3" sc="257,23,234,0,350,0,159,-23" owari="280,8.0,234,-17.0,350,45.0,136,-36.0" /></mjloggm>