<mjloggm ver="2.3"><GO type="225" lobby="0"/><UN n0="%6B%6F%75%33%32%38%34" n1="%E3%83%88%E3%83%88%E3%83%AA%E5%85%88%E7%94%9F%31%39%E6%AD%B3" n2="%E7%84%A1%E6%AF%9B%E7%8C%AB%EF%BC%A0%E5%B7%9D%E6%9D%91%E8%BB%8D%E5%9B%A3" n3="%43%52%41%5A%59%52%41%54" dan="16,17,16,16" rate="2162.17,2227.77,2072.90,2081.54" sx="F,F,F,M"/><TAIKYOKU oya="0"/><INIT seed="0,0,0,5,5,28" ten="250,250,250,250" oya="0" hai0="65,75,110,34,111,45,135,12,6,57,112,16,51" hai1="4,99,67,15,128,73,129,13,36,24,8,116,83" hai2="58,117,3,133,25,32,98,0,54,33,21,80,2" hai3="101,96,62,127,40,44,71,38,91,109,35,42,94"/><T115/><D75/><U41/><E116/><V10/><F133/><W39/><G109/><N who="0" m="41483" /><D6/><U29/><E67/><V120/><F120/><W103/><G127/><T18/><D135/><U60/><E60/><V87/><F117/><W7/><G35/><T70/><D70/><U124/><E124/><V93/><F10/><W113/><G113/><N who="0" m="43595" /><D34/><U27/><E73/><V59/><F59/><W107/><G7/><T64/><D57/><U77/><E4/><V81/><F81/><W97/><G71/><T95/><D95/><U108/><E83/><V122/><F122/><W100/><G62/><T52/><D18/><U37/><E29/><V130/><F130/><W66/><G66/><T55/><D55/><U68/><E108/><V47/><F47/><AGARI ba="0,0" hai="38,39,40,42,44,47,91,94,96,97,100,101,103,107" machi="47" ten="40,1300,0" yaku="9,1" doraHai="28" who="3" fromWho="2" sc="250,0,250,0,250,-13,250,13" /><INIT seed="1,0,0,1,4,64" ten="250,250,237,263" oya="1" hai0="123,83,42,129,67,5,30,75,11,99,38,14,82" hai1="70,35,55,23,130,58,117,112,94,16,109,105,104" hai2="31,34,66,114,17,107,80,133,46,40,96,53,21" hai3="37,62,101,63,97,18,71,39,87,73,61,2,89"/><U119/><E112/><V8/><F66/><W52/><G73/><T121/><D129/><U12/><E35/><V81/><F114/><W118/><G118/><T111/><D111/><U95/><E130/><V43/><F133/><W56/><G2/><T47/><D30/><U65/><E109/><V100/><F8/><W22/><G87/><T7/><D7/><U4/><E4/><V29/><F53/><W59/><G71/><T106/><D67/><U0/><E0/><V116/><F43/><W50/><G59/><T132/><D132/><U126/><E126/><V54/><F54/><W135/><G89/><T13/><D13/><U131/><E131/><V24/><F31/><W60/><G135/><T90/><D90/><U122/><E122/><N who="0" m="46601" /><D75/><U26/><E26/><V41/><F41/><W19/><N who="3" m="15360" /><DORA hai="27" /><W124/><G124/><T84/><D84/><U10/><E65/><V44/><F116/><N who="1" m="44617" /><E10/><V72/><F72/><W79/><G79/><T3/><D3/><U45/><E58/><V36/><REACH who="2" step="1"/><F44/><REACH who="2" ten="250,250,227,263" step="2"/><W92/><REACH who="3" step="1"/><G19/><REACH who="3" ten="250,250,227,253" step="2"/><T113/><D113/><U127/><E127/><V20/><F20/><W32/><G32/><T134/><D134/><U15/><E23/><V33/><F33/><W103/><G103/><AGARI ba="0,2" hai="5,11,14,38,42,47,82,83,99,103,106" m="46601" machi="103" ten="30,1000,0" yaku="13,1" doraHai="64,27" who="0" fromWho="3" sc="250,30,250,0,227,0,253,-10" /><INIT seed="2,0,0,5,3,76" ten="280,250,227,243" oya="2" hai0="98,74,68,57,31,135,43,73,72,103,79,49,58" hai1="65,0,133,82,123,6,110,42,53,45,106,46,125" hai2="41,63,91,21,81,78,94,37,36,120,14,26,28" hai3="30,107,12,35,87,129,5,127,51,40,126,105,115"/><V54/><F120/><W44/><G129/><T104/><D68/><U114/><E114/><V52/><F14/><W23/><G115/><T75/><D31/><U77/><E106/><V22/><F22/><W29/><G35/><T4/><D4/><U10/><E123/><V8/><F8/><N who="3" m="4111" /><G87/><T33/><D33/><U93/><E110/><V60/><F41/><W32/><G32/><T80/><D135/><U7/><E133/><V131/><F131/><W56/><G56/><T61/><D61/><U85/><E125/><N who="3" m="47626" /><G30/><T116/><D116/><U3/><E65/><V47/><F47/><W102/><G102/><T108/><D108/><U48/><E7/><V86/><F36/><W2/><G2/><T92/><D104/><U55/><E3/><V122/><F37/><W66/><G66/><T69/><D69/><U84/><E46/><V1/><F1/><W67/><G67/><T24/><D43/><U15/><E0/><V50/><F122/><W13/><G13/><T132/><D132/><U71/><E71/><V17/><F28/><W99/><G99/><T111/><D111/><U109/><E109/><V112/><F112/><W90/><G90/><AGARI ba="0,0" hai="6,10,15,42,45,48,53,55,77,82,84,85,90,93" machi="90" ten="40,8000,1" yaku="25,2,8,1,52,1" doraHai="76" who="1" fromWho="3" sc="280,0,250,80,227,0,243,-80" /><INIT seed="3,0,0,3,2,70" ten="280,330,227,163" oya="3" hai0="33,40,118,86,120,63,76,83,55,108,128,131,116" hai1="101,13,12,45,48,89,43,121,123,93,81,59,22" hai2="5,38,58,1,52,133,54,103,79,53,9,21,19" hai3="24,60,68,92,119,85,94,80,124,27,69,82,10"/><W122/><G119/><T125/><D33/><U28/><E121/><V65/><F133/><W84/><G122/><T107/><D107/><U90/><E123/><V44/><F103/><W95/><G10/><T17/><D120/><U31/><E101/><V2/><F2/><W37/><G37/><T4/><D4/><U18/><E12/><V30/><F30/><N who="1" m="11305" /><E81/><N who="3" m="31338" /><G124/><T97/><D97/><N who="1" m="57519" /><E59/><V16/><F79/><W64/><G60/><T88/><D40/><U113/><E113/><V46/><F19/><W99/><G64/><T50/><D63/><U0/><E0/><V41/><F44/><W8/><G8/><T36/><D17/><U130/><E130/><N who="0" m="49705" /><D108/><U51/><E51/><V49/><F65/><W67/><G67/><T87/><D125/><U72/><E72/><V117/><F117/><W73/><G73/><T42/><D42/><U62/><E62/><V78/><F78/><W77/><G77/><T126/><D36/><U23/><E23/><V71/><F71/><N who="3" m="27211" /><G99/><T91/><D126/><U35/><E35/><V15/><AGARI ba="0,0" hai="1,5,9,15,16,21,38,41,46,49,52,53,54,58" machi="15" ten="20,8000,1" yaku="0,1,7,1,52,1,54,2" doraHai="70" who="2" fromWho="2" sc="280,-20,330,-20,227,80,163,-40" owari="260,-14.0,310,41.0,307,11.0,123,-38.0" /></mjloggm>