<mjloggm ver="2.3"><GO type="97" lobby="0"/><UN n0="%52%41%4B%4B%59%4F%32%38" n1="%E3%81%A6%E3%81%B3" n2="%E9%9B%80%E9%AC%BC%E3%81%B2%E3%82%8D%E3%81%AB%E3%82%83%E3%82%93" n3="%E5%B0%B1%E6%B4%BB%E7%94%9F%40%E5%B7%9D%E6%9D%91%E8%BB%8D%E5%9B%A3" dan="14,14,13,15" rate="1909.63,1874.63,1872.87,1961.46" sx="M,M,F,M"/><TAIKYOKU oya="0"/><INIT seed="0,0,0,4,0,49" ten="250,250,250,250" oya="0" hai0="3,53,30,57,43,45,119,10,75,56,40,60,102" hai1="100,46,129,48,76,78,84,110,15,117,70,35,28" hai2="96,134,25,1,64,18,120,21,86,4,55,66,107" hai3="128,94,118,37,81,27,52,73,22,72,125,127,20"/><T26/><D75/><U88/><E70/><V36/><F120/><W24/><G37/><T13/><D119/><U5/><E117/><V82/><F36/><W12/><G118/><T116/><D116/><U103/><E110/><V65/><F134/><W135/><G135/><T101/><D3/><U91/><E129/><V8/><F107/><W51/><G128/><T68/><D68/><U62/><E62/><V98/><REACH who="2" step="1"/><F55/><REACH who="2" ten="250,250,240,250" step="2"/><W104/><G104/><T106/><D106/><U29/><E100/><V34/><F34/><W83/><G73/><T50/><D40/><U80/><E103/><V16/><F16/><N who="3" m="10247" /><G72/><T54/><D102/><U89/><E35/><V85/><F85/><W130/><G130/><T0/><D101/><U112/><E84/><V23/><F23/><W87/><G127/><T11/><D0/><U6/><E112/><V44/><F44/><N who="3" m="27751" /><G125/><T31/><D26/><N who="3" m="9769" /><G22/><T63/><D11/><U121/><E121/><V33/><F33/><W69/><G69/><T67/><D67/><U74/><E74/><V41/><F41/><W90/><AGARI ba="0,1" hai="81,83,87,90,94" m="9769,27751,10247" machi="90" ten="30,7900,0" yaku="8,1,52,1,54,2" doraHai="49" who="3" fromWho="3" sc="250,-39,250,-20,240,-20,250,89" /><INIT seed="1,0,0,4,3,103" ten="211,230,220,339" oya="1" hai0="81,117,51,113,14,119,62,59,110,80,26,90,77" hai1="44,58,84,66,8,97,123,19,72,25,68,2,95" hai2="21,92,50,24,4,9,61,64,53,75,127,135,83" hai3="11,100,30,41,124,133,38,12,10,114,91,99,29"/><U18/><E72/><V33/><F33/><W120/><G120/><T134/><D113/><U22/><E68/><V3/><F135/><W78/><G124/><T43/><D134/><U15/><E123/><V1/><F127/><W27/><G133/><T56/><D110/><U57/><E2/><V73/><F1/><W118/><G118/><T47/><D26/><U94/><E66/><V70/><F92/><N who="3" m="58471" /><G38/><T126/><D126/><U108/><E108/><V112/><F83/><W32/><G32/><T89/><D56/><U42/><E84/><V71/><F71/><W125/><G78/><T79/><D14/><U105/><E105/><V121/><F112/><W45/><G27/><T28/><D28/><N who="3" m="10857" /><G114/><T17/><D17/><U34/><E34/><V37/><F37/><W31/><G31/><T74/><D119/><U6/><E19/><V36/><F36/><W54/><G41/><T87/><REACH who="0" step="1"/><D117/><REACH who="0" ten="201,230,220,339" step="2"/><U85/><E18/><V115/><F115/><W55/><G12/><T106/><D106/><U104/><E104/><V13/><F121/><W49/><G125/><T130/><D130/><U88/><E25/><V0/><F0/><W52/><G11/><T60/><D60/><U65/><E8/><V5/><F3/><W67/><G10/><T69/><D69/><U7/><E15/><V101/><F5/><W128/><G128/><T116/><D116/><U102/><E7/><V98/><F24/><W132/><G132/><T48/><D48/><N who="1" m="26647" /><E6/><V76/><F4/><W107/><G107/><T63/><D63/><N who="1" m="38127" /><E22/><V122/><F21/><W129/><G129/><T96/><D96/><RYUUKYOKU ba="0,1" sc="201,15,230,15,220,-15,339,-15" hai0="43,47,51,59,62,74,77,79,80,81,87,89,90" hai1="58,85,88,94,95,97,102" /><INIT seed="1,1,1,0,0,43" ten="216,245,205,324" oya="1" hai0="102,58,65,10,0,82,22,36,80,127,27,61,14" hai1="66,95,34,85,5,2,13,132,81,100,21,97,42" hai2="37,129,25,29,26,16,50,84,108,31,105,48,55" hai3="133,130,116,57,123,54,47,62,79,135,69,60,33"/><U94/><E34/><V120/><F37/><W128/><G33/><T74/><D127/><U121/><E121/><V39/><F39/><W126/><G79/><T103/><D0/><U110/><E2/><V28/><F120/><W30/><G30/><N who="0" m="17783" /><D36/><U23/><E132/><N who="3" m="50762" /><G123/><T52/><D74/><U117/><E117/><V20/><F105/><W19/><G19/><N who="0" m="8663" /><D65/><U53/><E66/><V115/><F108/><W40/><G116/><T72/><D72/><U111/><E42/><V83/><F115/><W76/><G76/><T56/><D56/><U77/><E53/><V91/><F129/><N who="3" m="49771" /><G126/><T125/><D125/><U1/><E1/><V119/><F119/><W134/><G134/><T12/><D12/><U46/><E46/><V70/><F70/><W24/><G24/><T18/><D18/><U7/><E95/><V113/><F113/><W109/><G109/><N who="1" m="41482" /><E13/><N who="2" m="9231" /><F50/><N who="3" m="26983" /><G69/><T38/><D38/><U93/><E93/><V89/><F89/><W6/><G6/><AGARI ba="1,1" hai="5,6,7,21,23,77,81,85,94,97,100" m="41482" machi="6" ten="30,2900,0" yaku="14,1,10,1" doraHai="43" who="1" fromWho="3" sc="216,0,245,42,205,0,324,-32" /><INIT seed="1,2,0,4,3,26" ten="216,287,205,292" oya="1" hai0="51,119,15,38,14,8,47,62,100,94,37,88,126" hai1="60,11,58,66,44,45,34,20,42,67,134,107,102" hai2="2,56,91,61,96,41,22,121,29,123,130,19,49" hai3="57,89,125,0,110,40,31,13,72,3,1,98,30"/><U9/><E34/><V83/><F2/><W35/><G72/><T16/><D126/><U46/><E134/><V81/><F130/><W95/><G125/><T4/><D119/><U63/><E42/><V50/><F123/><W74/><G74/><T64/><D100/><U85/><E107/><V111/><F121/><W122/><G35/><T113/><D113/><U52/><E102/><V73/><F111/><W77/><G77/><T87/><D64/><U53/><E85/><V124/><F124/><W93/><G122/><T135/><D62/><U132/><E20/><V43/><F73/><W27/><G110/><T103/><D103/><U84/><E84/><N who="2" m="50575" /><F83/><W114/><G114/><T28/><D28/><U10/><REACH who="1" step="1"/><E132/><REACH who="1" ten="216,277,205,292" step="2"/><V69/><F96/><W86/><G40/><T65/><D135/><U108/><E108/><V99/><F99/><W32/><G32/><T55/><D65/><U78/><E78/><V120/><F22/><AGARI ba="2,1" hai="4,8,14,15,16,22,37,38,47,51,55,87,88,94" machi="22" ten="30,3900,0" yaku="7,1,54,2" doraHai="26" who="0" fromWho="2" sc="216,55,277,0,205,-45,292,0" /><INIT seed="2,0,0,0,4,51" ten="271,277,160,292" oya="2" hai0="99,107,98,20,12,85,16,44,84,13,24,49,65" hai1="87,38,3,133,130,10,82,111,78,121,72,128,122" hai2="7,57,43,131,63,100,21,92,129,26,2,115,123" hai3="28,105,108,70,114,86,97,66,46,93,71,109,40"/><V91/><F115/><W41/><G105/><T69/><D69/><U126/><E38/><V112/><F112/><W6/><G114/><T73/><D73/><U96/><E111/><N who="3" m="42570" /><G28/><T120/><D65/><U52/><E126/><V19/><F123/><N who="1" m="47113" /><E133/><V102/><F43/><N who="3" m="16459" /><G46/><T101/><D120/><U4/><E96/><N who="0" m="36905" /><D107/><U11/><E11/><V64/><F7/><W15/><G66/><T50/><D101/><U14/><E3/><V36/><F36/><W5/><G86/><N who="0" m="33387" /><D50/><U90/><E72/><V106/><F106/><W27/><G27/><T124/><D124/><U17/><E4/><N who="3" m="1642" /><G15/><T81/><D81/><U29/><E78/><V34/><F34/><W103/><AGARI ba="0,0" hai="70,71,93,97,103" m="1642,16459,42570" machi="103" ten="30,1100,0" yaku="14,1" doraHai="51" who="3" fromWho="3" sc="271,-3,277,-3,160,-5,292,11" /><INIT seed="3,0,0,0,5,47" ten="268,274,155,303" oya="3" hai0="11,48,57,9,40,128,110,111,103,89,72,77,93" hai1="53,61,120,52,121,79,32,6,122,49,13,68,85" hai2="73,124,63,8,65,82,66,33,94,125,12,96,114" hai3="14,127,92,91,81,41,97,95,117,98,1,34,35"/><W5/><G117/><T109/><D103/><U104/><E104/><V90/><F33/><W44/><G1/><T24/><D24/><U38/><E38/><V119/><F119/><W20/><G127/><T70/><D70/><U71/><E32/><V62/><F114/><W3/><G3/><T21/><D21/><U118/><E118/><V78/><F63/><W108/><G108/><T18/><D18/><U88/><E79/><V17/><REACH who="2" step="1"/><F66/><REACH who="2" ten="268,274,145,303" step="2"/><W46/><G34/><T0/><D111/><U29/><E61/><V99/><F99/><W123/><G35/><T86/><D110/><U76/><E120/><V130/><F130/><W25/><G123/><T87/><D128/><U135/><E121/><V112/><F112/><W15/><G98/><T115/><D115/><U102/><E122/><V7/><F7/><W36/><G5/><T39/><D109/><U59/><E6/><V26/><F26/><W126/><G126/><T107/><D0/><U55/><E71/><V23/><F23/><W131/><G131/><T83/><D11/><U134/><E68/><V101/><F101/><W80/><G14/><T67/><D9/><U2/><E13/><V45/><F45/><W30/><G15/><T54/><D67/><U132/><E2/><V22/><F22/><W51/><G44/><N who="0" m="23583" /><D107/><U27/><E102/><V50/><F50/><W16/><G36/><T116/><D116/><U64/><E64/><V113/><F113/><W4/><G4/><T56/><D56/><U133/><E59/><V28/><F28/><W84/><G30/><T106/><D106/><U19/><E132/><RYUUKYOKU ba="0,1" sc="268,10,274,-30,145,10,303,10" hai0="48,54,57,72,77,83,86,87,89,93" hai2="8,12,17,62,65,73,78,82,90,94,96,124,125" hai3="16,20,25,41,46,51,80,81,84,91,92,95,97" owari="278,8.0,244,-16.0,155,-34.0,323,42.0" /></mjloggm>