<mjloggm ver="2.3"><GO type="41" lobby="0"/><UN n0="%E3%83%9E%E3%82%B9%E3%83%AF%E3%83%AA" n1="%6D%69%73%75%74%6F" n2="%E3%81%A6%E3%81%83%E3%81%A3%E3%81%97%E3%82%85%E2%98%86" n3="%E5%B0%B1%E6%B4%BB%E7%94%9F%40%E5%B7%9D%E6%9D%91%E8%BB%8D%E5%9B%A3" dan="13,14,14,14" rate="1861.31,1845.48,2025.31,1996.34" sx="M,M,F,M"/><TAIKYOKU oya="0"/><INIT seed="0,0,0,2,3,79" ten="250,250,250,250" oya="0" hai0="20,27,108,107,0,21,106,93,58,29,31,60,42" hai1="130,3,83,113,84,135,127,94,81,76,37,38,69" hai2="19,45,54,133,74,101,98,90,46,35,110,32,88" hai3="41,70,14,103,134,23,53,63,109,92,11,115,61"/><T65/><D0/><U25/><E69/><V85/><F74/><W114/><G134/><T73/><D73/><U59/><E3/><V75/><F75/><W123/><G123/><T22/><D108/><U86/><E135/><V64/><F133/><W68/><G109/><T57/><D107/><U30/><E130/><V87/><F110/><W1/><G1/><T99/><D106/><U9/><E9/><V7/><F7/><W119/><G41/><T26/><D42/><U97/><E59/><V125/><F64/><W44/><G119/><T17/><D58/><U52/><E52/><V51/><F125/><W56/><G44/><T67/><D17/><U33/><E113/><V47/><F19/><W28/><G63/><T48/><D48/><U39/><E127/><V100/><F98/><W122/><G122/><T128/><D128/><U111/><E111/><V6/><F6/><W104/><G104/><T118/><D118/><U66/><E66/><V55/><F46/><W129/><G129/><T16/><D20/><U131/><E131/><V5/><REACH who="2" step="1"/><F5/><REACH who="2" ten="250,250,240,250" step="2"/><W2/><G70/><T18/><D67/><U77/><REACH who="1" step="1"/><E38/><REACH who="1" ten="250,240,240,250" step="2"/><V49/><AGARI ba="0,2" hai="32,35,45,47,49,51,54,55,85,87,88,90,100,101" machi="49" ten="25,12000,2" yaku="1,1,2,1,0,1,22,2,54,1,53,0" doraHai="79" doraHaiUra="10" who="2" fromWho="2" sc="250,-60,240,-30,240,140,250,-30" /><INIT seed="1,0,0,5,3,122" ten="190,210,380,220" oya="1" hai0="82,63,29,81,5,93,80,110,3,123,77,118,11" hai1="0,7,129,27,130,54,70,96,59,121,23,52,127" hai2="32,60,100,48,111,43,74,57,106,36,120,20,12" hai3="91,30,21,102,65,126,132,50,44,72,94,1,4"/><U135/><E121/><V119/><F120/><W41/><G132/><T28/><D123/><U134/><E70/><V124/><F74/><W34/><G126/><T53/><D118/><U83/><E7/><V88/><F124/><W78/><G34/><T68/><D110/><U47/><E0/><V85/><F119/><W31/><G102/><T67/><D77/><U13/><E127/><V125/><F125/><W114/><G114/><T24/><D24/><U86/><E13/><V128/><F32/><W108/><G65/><T49/><REACH who="0" step="1"/><D93/><REACH who="0" ten="180,210,380,220" step="2"/><U61/><E47/><AGARI ba="0,1" hai="3,5,11,28,29,47,49,53,63,67,68,80,81,82" machi="47" ten="40,2600,0" yaku="1,1,2,1,53,0" doraHai="122" doraHaiUra="117" who="0" fromWho="1" sc="180,36,210,-26,380,0,220,0" /><INIT seed="2,0,0,1,1,32" ten="216,184,380,220" oya="2" hai0="62,37,39,1,69,73,108,114,98,72,45,110,125" hai1="5,107,28,40,63,93,130,23,119,96,121,35,133" hai2="117,24,112,80,87,123,95,81,14,48,54,30,82" hai3="3,60,61,11,77,22,34,25,59,68,26,21,83"/><V20/><F112/><W88/><G68/><T7/><D114/><U17/><E121/><V100/><F117/><W129/><G129/><T47/><D98/><U65/><E119/><V46/><F123/><W9/><G34/><T27/><D27/><U36/><E130/><V6/><F6/><W102/><G102/><T70/><D7/><U115/><E133/><V12/><F100/><W105/><G105/><T18/><D18/><U132/><E115/><V58/><F46/><N who="0" m="17418" /><D62/><U75/><E40/><V19/><F30/><W51/><G51/><T50/><D50/><U128/><E36/><N who="0" m="13897" /><D125/><U109/><E128/><V127/><F127/><W118/><G118/><T90/><D90/><AGARI ba="0,0" hai="12,14,19,20,24,48,54,58,80,81,82,87,90,95" machi="90" ten="40,2000,0" yaku="8,1" doraHai="32" who="2" fromWho="0" sc="216,-20,184,0,380,20,220,0" /><INIT seed="2,1,0,2,4,16" ten="196,184,400,220" oya="2" hai0="102,44,62,6,108,19,22,53,45,10,127,93,29" hai1="48,77,118,14,117,46,75,11,3,7,114,105,42" hai2="40,37,4,52,98,87,59,96,9,134,54,70,112" hai3="120,72,107,128,1,0,76,133,25,57,124,97,92"/><V36/><F112/><W110/><G107/><T131/><D127/><U106/><E105/><V115/><F115/><W109/><G120/><T51/><D131/><U90/><E114/><V41/><F70/><W61/><G128/><T101/><D108/><N who="3" m="41577" /><G133/><T39/><D29/><U89/><E106/><V104/><F134/><W83/><G25/><T5/><D62/><U80/><E14/><V28/><F87/><W69/><G69/><T31/><D31/><U94/><REACH who="1" step="1"/><E90/><REACH who="1" ten="196,174,400,220" step="2"/><V18/><F104/><W58/><G124/><T125/><D125/><U116/><E116/><V135/><F135/><W65/><G58/><T21/><D102/><AGARI ba="1,1" hai="0,1,57,61,65,72,76,83,92,97,102" m="41577" machi="102" ten="30,1000,0" yaku="14,1" doraHai="16" who="3" fromWho="0" sc="196,-13,174,0,400,0,220,23" /><INIT seed="3,0,0,2,4,45" ten="183,174,400,243" oya="3" hai0="121,43,109,46,21,29,103,91,18,17,86,112,92" hai1="131,80,100,90,79,88,60,99,44,2,50,94,129" hai2="16,6,135,36,72,26,98,133,14,64,122,128,75" hai3="101,130,20,114,19,83,55,62,57,127,48,9,66"/><W105/><G114/><T42/><D121/><U119/><E2/><V40/><F122/><W59/><G127/><T118/><D109/><U106/><E119/><V125/><F125/><W56/><G130/><N who="1" m="49674" /><E60/><V51/><F128/><W12/><G83/><T82/><D118/><U132/><E132/><N who="2" m="50763" /><F64/><W49/><G105/><T78/><D112/><U87/><E106/><V85/><F98/><W134/><G134/><T7/><D7/><U63/><E63/><V8/><F85/><W5/><G101/><T13/><D103/><U104/><E104/><V84/><F84/><W120/><G120/><T30/><D18/><U93/><E94/><V47/><F36/><W10/><G5/><T77/><D43/><AGARI ba="0,0" hai="43,44,50,79,80,87,88,90,93,99,100" m="49674" machi="43" ten="30,3900,0" yaku="19,1,52,1,54,1" doraHai="45" who="1" fromWho="0" sc="183,-39,174,39,400,0,243,0" /><INIT seed="4,0,0,2,3,61" ten="144,213,400,243" oya="0" hai0="25,13,95,77,85,128,37,19,32,14,132,2,50" hai1="41,26,30,24,129,123,12,82,75,117,8,63,46" hai2="44,112,80,133,54,116,81,55,40,20,52,107,57" hai3="126,48,60,64,9,28,108,73,65,74,106,135,76"/><T89/><D37/><U56/><E123/><V124/><F107/><W72/><G108/><T102/><D2/><U93/><E117/><V87/><F116/><W101/><G126/><T1/><D1/><U96/><E129/><V47/><F124/><W43/><G135/><T110/><D132/><U59/><E56/><V35/><F35/><W17/><G28/><T53/><D110/><U84/><E75/><V68/><F68/><W69/><G76/><T90/><D128/><U4/><E30/><V99/><F133/><W58/><G106/><T49/><D102/><N who="1" m="60687" /><E46/><V111/><F111/><W103/><G43/><T121/><D77/><N who="1" m="46159" /><E41/><V100/><F57/><W27/><G48/><N who="0" m="18539" /><D32/><U122/><E122/><V92/><F40/><W5/><G69/><T104/><D104/><U70/><E70/><V11/><F20/><W39/><G39/><T34/><D34/><U71/><E71/><V51/><F44/><W119/><G119/><T114/><D114/><U105/><E105/><V86/><F112/><W109/><G109/><T62/><D121/><U18/><E4/><V127/><F127/><W7/><G7/><T23/><D90/><U83/><E83/><N who="2" m="31819" /><F11/><W91/><G5/><T38/><D38/><U98/><E98/><V22/><F22/><N who="3" m="13775" /><G9/><T21/><D21/><U33/><E33/><V131/><F131/><W130/><G130/><T45/><D45/><U6/><E6/><V29/><F29/><W16/><G91/><T134/><D134/><U15/><E15/><V94/><F47/><W125/><G125/><T79/><D79/><U113/><E113/><V78/><F78/><RYUUKYOKU ba="0,0" sc="144,15,213,15,400,-15,243,-15" hai0="13,14,19,23,25,53,62,85,89,95" hai1="8,12,18,24,26,59,63" /><INIT seed="4,1,0,5,3,15" ten="159,228,385,228" oya="0" hai0="78,42,4,43,106,91,131,53,99,8,70,64,74" hai1="9,51,24,59,38,97,127,45,68,105,71,94,122" hai2="30,124,100,22,116,52,60,37,69,7,44,47,82" hai3="16,56,134,31,84,115,89,79,133,3,117,125,107"/><T93/><D131/><U80/><E122/><V95/><F124/><W46/><G3/><T18/><D53/><U77/><E127/><V65/><F116/><W62/><G125/><T114/><D114/><U11/><E105/><V6/><F82/><W119/><G107/><T5/><D70/><U63/><E38/><V108/><F108/><W87/><G31/><T28/><D28/><U27/><E68/><V132/><F132/><N who="3" m="50795" /><G115/><T102/><D64/><U85/><E71/><V48/><F100/><W41/><G79/><T12/><D43/><N who="1" m="25023" /><E27/><V75/><F75/><W113/><G113/><T73/><D42/><U72/><E72/><V19/><F95/><N who="3" m="54695" /><G87/><N who="0" m="52479" /><D74/><U20/><E94/><V126/><F126/><W23/><G46/><T111/><D111/><U54/><E97/><V67/><F30/><AGARI ba="1,0" hai="9,11,20,24,30,54,59,63,77,80,85" m="25023" machi="30" ten="30,1000,0" yaku="8,1" doraHai="15" who="1" fromWho="2" sc="159,0,228,13,385,-13,228,0" /><INIT seed="5,0,0,3,4,123" ten="159,241,372,228" oya="1" hai0="54,82,97,40,35,4,100,2,127,124,81,129,7" hai1="115,72,10,1,113,60,23,6,66,31,0,90,105" hai2="114,122,93,125,42,135,52,75,20,16,9,128,3" hai3="57,77,59,85,34,8,53,65,12,29,19,45,108"/><U18/><E72/><V131/><F122/><W133/><G133/><T37/><D35/><U51/><E105/><V101/><F75/><W56/><G108/><T134/><D37/><U38/><E38/><V80/><F135/><W63/><G34/><T73/><D40/><U41/><E31/><V62/><F125/><N who="0" m="48202" /><D134/><U33/><E33/><V88/><F42/><W43/><G29/><T5/><D54/><U106/><E106/><V44/><F114/><N who="1" m="43529" /><E90/><V30/><F80/><N who="0" m="30826" /><D73/><U64/><E1/><V112/><F112/><W28/><G28/><T61/><D61/><U110/><E110/><V21/><F101/><W104/><G104/><N who="0" m="63503" /><D129/><N who="2" m="49738" /><F30/><W118/><G118/><T79/><D79/><U111/><E111/><V116/><F116/><W11/><G77/><T120/><D120/><U49/><E41/><V102/><F102/><W87/><G8/><AGARI ba="0,0" hai="2,4,5,7,8" m="63503,30826,48202" machi="8" ten="30,1000,0" yaku="18,1" doraHai="123" who="0" fromWho="3" sc="159,10,241,0,372,0,228,-10" /><INIT seed="6,0,0,5,5,40" ten="169,241,372,218" oya="2" hai0="58,88,5,13,19,123,64,24,45,91,119,18,129" hai1="132,111,134,47,3,92,68,10,118,69,20,31,71" hai2="8,21,105,23,30,93,44,52,121,14,27,135,96" hai3="59,56,42,80,133,85,77,72,106,46,116,90,114"/><V87/><F121/><W28/><G116/><T60/><D119/><U70/><E118/><V38/><F135/><W99/><G133/><N who="1" m="51306" /><E111/><V39/><F105/><W78/><G114/><T67/><D123/><U131/><E131/><V50/><F87/><W48/><G28/><T75/><D75/><U110/><E110/><V16/><F8/><W84/><G77/><T120/><D120/><U41/><E92/><V66/><F66/><N who="0" m="25130" /><D129/><U65/><E65/><V2/><F2/><W83/><REACH who="3" step="1"/><G72/><REACH who="3" ten="169,241,372,208" step="2"/><T100/><D100/><AGARI ba="0,1" hai="14,16,21,23,27,30,38,39,44,50,52,93,96,100" machi="100" ten="30,11600,0" yaku="7,1,52,1,54,2" doraHai="40" who="2" fromWho="0" sc="169,-116,241,0,372,126,208,0" /><AGARI ba="0,0" hai="42,46,48,56,59,78,80,83,84,85,90,99,100,106" machi="100" ten="40,8000,1" yaku="1,1,2,1,52,1,53,1" doraHai="40" doraHaiUra="73" who="3" fromWho="0" sc="53,-80,241,0,498,0,208,80" owari="-27,-53.0,241,-16.0,498,60.0,288,9.0" /></mjloggm>