<mjloggm ver="2.3"><GO type="41" lobby="0"/><UN n0="%E3%81%84%E3%81%97%E3%81%97%E3%82%93%49%44%E7%B4%9B%E5%A4%B1" n1="%E3%83%88%E3%83%88%E3%83%AA%E5%85%88%E7%94%9F%31%39%E6%AD%B3" n2="%E3%83%87%E3%83%96%E5%B0%82" n3="%E7%8C%AB%E3%81%AE%E3%83%81%E3%83%BC" dan="15,14,15,15" rate="2024.37,2020.41,1999.58,2013.89" sx="M,F,M,M"/><TAIKYOKU oya="0"/><INIT seed="0,0,0,4,1,0" ten="250,250,250,250" oya="0" hai0="82,120,104,77,61,107,91,36,40,4,56,48,27" hai1="73,130,117,121,14,62,18,126,64,13,63,2,105" hai2="47,102,116,71,79,58,30,59,123,74,54,83,135" hai3="38,113,50,16,95,108,57,12,41,114,88,26,6"/><T37/><D120/><U106/><E121/><V103/><F71/><W9/><G108/><T72/><D91/><U55/><E117/><V97/><F123/><W17/><G38/><T11/><D27/><U124/><E73/><V8/><F116/><W22/><G114/><T52/><D48/><U100/><E2/><V132/><F30/><W119/><G119/><T31/><D31/><U125/><E130/><V19/><F47/><N who="3" m="25967" /><G113/><T60/><D60/><N who="1" m="23083" /><E100/><V32/><F32/><W85/><G57/><N who="2" m="21513" /><F54/><W65/><G65/><T25/><D25/><U76/><E76/><V66/><F66/><W133/><G133/><N who="2" m="51273" /><F97/><W3/><G3/><T118/><D118/><U53/><E64/><V134/><F134/><W96/><G96/><T21/><D21/><N who="1" m="11471" /><E55/><V51/><F103/><W67/><G67/><T109/><D109/><U81/><E53/><V1/><F102/><W89/><G89/><T127/><D37/><U93/><E106/><V28/><F28/><AGARI ba="0,0" hai="6,9,12,16,17,22,26,28,85,88,95" m="25967" machi="28" ten="30,7700,0" yaku="8,1,52,1,54,2" doraHai="0" who="3" fromWho="2" sc="250,0,250,0,250,-77,250,77" /><INIT seed="1,0,0,3,2,103" ten="250,250,173,327" oya="1" hai0="47,24,54,17,34,15,92,124,127,43,107,118,111" hai1="134,129,65,99,28,102,106,115,33,59,3,110,96" hai2="51,85,31,72,89,93,42,5,78,120,125,19,20" hai3="101,119,2,16,80,13,22,32,25,14,87,117,123"/><U21/><E115/><V62/><F120/><W114/><G123/><T71/><D118/><N who="3" m="45065" /><G101/><T94/><D71/><U0/><E129/><V97/><F125/><W4/><G80/><T108/><D54/><U105/><E134/><V83/><F31/><N who="3" m="19567" /><G87/><T1/><D1/><U133/><E133/><V68/><F5/><W90/><G90/><T57/><D57/><U95/><E110/><N who="0" m="42025" /><D24/><U63/><E33/><V104/><F68/><W116/><N who="3" m="45073" /><W11/><DORA hai="130" /><G114/><T18/><D17/><U52/><E99/><V132/><F132/><W77/><G77/><T88/><D34/><U9/><E52/><V86/><F62/><W26/><AGARI ba="0,0" hai="2,4,11,13,14,16,22,26" m="19567,45073" machi="26" ten="40,8000,1" yaku="12,1,34,2,54,1" doraHai="103,130" who="3" fromWho="3" sc="250,-20,250,-40,173,-20,327,80" /><INIT seed="2,0,0,3,5,53" ten="230,210,153,407" oya="2" hai0="15,109,112,90,5,10,41,117,50,92,20,47,35" hai1="8,96,71,100,13,54,45,21,59,94,39,57,66" hai2="104,131,121,68,2,61,114,119,105,65,12,123,93" hai3="108,6,55,51,79,0,135,85,62,106,4,76,42"/><V80/><F114/><W110/><G106/><T56/><D112/><U89/><E71/><V18/><F119/><W74/><G74/><T17/><D35/><U120/><E120/><V48/><F2/><W31/><G135/><T70/><D70/><U69/><E69/><V122/><F131/><W98/><G98/><T26/><D117/><U103/><E39/><V46/><F80/><W95/><G31/><T78/><D78/><U37/><E37/><V124/><F93/><W107/><G107/><T24/><D109/><N who="3" m="42089" /><G62/><T7/><D26/><U111/><E111/><V43/><REACH who="2" step="1"/><F124/><REACH who="2" ten="230,210,143,407" step="2"/><W113/><G0/><T23/><D23/><AGARI ba="0,1" hai="12,18,23,43,46,48,61,65,68,104,105,121,122,123" machi="23" ten="40,3900,0" yaku="1,1,2,1,53,0" doraHai="53" doraHaiUra="83" who="2" fromWho="0" sc="230,-39,210,0,143,49,407,0" /><INIT seed="2,1,0,5,5,2" ten="191,210,192,407" oya="2" hai0="30,39,103,47,17,87,81,0,23,40,43,15,22" hai1="8,37,125,77,10,134,63,21,68,72,83,3,135" hai2="20,132,14,35,42,121,52,5,129,48,46,59,78" hai3="70,96,79,75,31,91,128,67,117,26,58,92,86"/><V55/><F121/><W105/><G117/><T94/><D0/><U65/><E125/><V108/><F35/><W24/><G128/><T56/><D40/><U120/><E10/><N who="2" m="4431" /><F129/><W82/><G70/><T95/><D56/><U80/><E21/><V51/><F132/><W114/><G114/><T93/><D103/><U97/><E120/><V34/><F34/><W85/><G26/><T28/><REACH who="0" step="1"/><D23/><REACH who="0" ten="181,210,192,407" step="2"/><U110/><E135/><V123/><F123/><W100/><G100/><T50/><D50/><U88/><E134/><V98/><F108/><W62/><G105/><T99/><D99/><U74/><E110/><V25/><F98/><W41/><G41/><T71/><D71/><U49/><E49/><V66/><F55/><W130/><G130/><T104/><D104/><U38/><E97/><V119/><F119/><W131/><G131/><T106/><D106/><U101/><E101/><V64/><F78/><AGARI ba="1,1" hai="15,17,22,28,30,39,43,47,78,81,87,93,94,95" machi="78" ten="40,1300,0" yaku="1,1,53,0" doraHai="2" doraHaiUra="44" who="0" fromWho="2" sc="181,26,210,0,192,-16,407,0" /><INIT seed="3,0,0,3,3,3" ten="207,210,176,407" oya="3" hai0="25,107,61,27,77,87,75,102,79,123,7,13,14" hai1="51,109,20,21,59,103,78,60,26,38,18,113,0" hai2="116,125,114,128,74,42,96,57,28,29,100,70,4" hai3="129,35,2,67,22,131,71,65,41,88,115,104,15"/><W24/><G104/><T106/><D75/><U37/><E113/><V117/><F70/><W19/><G115/><T94/><D123/><U49/><E109/><V46/><F114/><W90/><G41/><T124/><D124/><U16/><E0/><V120/><F120/><W34/><G71/><T10/><D107/><U68/><E68/><V93/><F74/><W132/><G67/><T62/><D106/><U82/><E103/><V127/><F128/><N who="3" m="49227" /><G65/><T33/><D33/><N who="3" m="12297" /><G132/><T111/><D111/><U43/><E43/><V91/><F116/><W54/><G2/><T39/><D39/><U52/><E38/><V118/><F117/><W98/><G98/><T112/><D112/><U47/><E47/><V44/><F118/><W135/><G135/><T122/><D122/><U63/><E63/><V76/><F76/><W81/><G81/><T95/><D87/><N who="1" m="48599" /><E37/><V17/><F127/><W5/><G54/><T11/><D102/><U83/><E83/><V80/><F125/><W40/><G40/><T12/><D79/><U55/><E55/><V119/><F119/><W108/><G108/><T1/><D77/><U92/><E92/><V110/><F110/><W8/><AGARI ba="0,0" hai="5,8,15,19,22,24,88,90" m="12297,49227" machi="8" ten="40,7800,0" yaku="19,1,52,1,54,1" doraHai="3" who="3" fromWho="3" sc="207,-26,210,-26,176,-26,407,78" /><INIT seed="3,1,0,4,5,55" ten="181,184,150,485" oya="3" hai0="85,12,80,42,20,117,119,52,76,17,9,68,130" hai1="49,88,46,75,65,120,28,60,24,64,93,19,51" hai2="3,50,131,31,44,6,125,62,4,8,100,41,116" hai3="123,57,92,108,61,34,67,47,132,39,113,16,73"/><W134/><G73/><T114/><D68/><U105/><E120/><V18/><F116/><W26/><G123/><T35/><D35/><U91/><E105/><V82/><F125/><W63/><G63/><T72/><D130/><U106/><E106/><V107/><F131/><W54/><G113/><T25/><D114/><U112/><E75/><V48/><F31/><W97/><G34/><T103/><D103/><U94/><E112/><V98/><F82/><W43/><G108/><T87/><D42/><U13/><E24/><V96/><F96/><W30/><G30/><T127/><D127/><U14/><E28/><V89/><F89/><N who="3" m="55439" /><G67/><T45/><D119/><U86/><E46/><V118/><F118/><W21/><AGARI ba="1,0" hai="16,21,26,39,43,47,54,57,61,132,134" m="55439" machi="21" ten="30,6000,0" yaku="25,1,52,1,54,1" doraHai="55" who="3" fromWho="3" sc="181,-21,184,-21,150,-21,485,63" /><INIT seed="3,2,0,0,3,57" ten="160,163,129,548" oya="3" hai0="95,20,81,64,135,131,45,128,39,15,56,67,50" hai1="48,133,86,18,63,84,13,83,3,55,112,110,24" hai2="53,17,32,93,116,100,22,35,106,87,12,98,71" hai3="62,51,19,105,126,31,130,23,108,124,66,16,8"/><W70/><G105/><T25/><D39/><U40/><E112/><V14/><F116/><W74/><G74/><T37/><D37/><U1/><E110/><V34/><F71/><W58/><G130/><N who="0" m="49707" /><D135/><U44/><E133/><V65/><F65/><W96/><G96/><T36/><D36/><U73/><E73/><V89/><REACH who="2" step="1"/><F53/><REACH who="2" ten="160,163,119,548" step="2"/><N who="3" m="32063" /><G108/><T99/><D67/><U77/><E55/><V29/><F29/><W5/><G31/><T125/><D64/><U82/><E40/><V0/><F0/><W21/><G70/><T7/><D125/><U47/><E1/><V91/><F91/><W132/><G132/><T127/><D127/><U88/><E3/><V61/><F61/><W90/><G62/><T54/><D56/><U75/><E63/><V52/><F52/><W114/><G66/><T46/><D46/><U30/><E48/><V4/><F4/><W9/><G114/><T129/><D129/><U122/><E122/><V69/><F69/><W103/><G90/><N who="0" m="55799" /><D7/><U79/><E88/><V26/><AGARI ba="2,1" hai="12,14,17,22,26,32,34,35,87,89,93,98,100,106" machi="26" ten="30,2000,0" yaku="1,1,0,1,53,0" doraHai="57" doraHaiUra="117" who="2" fromWho="2" sc="160,-7,163,-7,119,36,548,-12" /><INIT seed="4,0,0,2,3,70" ten="153,156,155,536" oya="0" hai0="73,42,40,132,15,57,115,130,55,126,80,43,99" hai1="5,78,102,131,64,37,112,4,87,62,35,26,106" hai2="120,77,81,98,68,53,9,97,41,84,117,58,16" hai3="69,61,72,52,101,21,121,39,1,129,103,29,32"/><T24/><D115/><U127/><E131/><V13/><F68/><W8/><G72/><T18/><D130/><U133/><E133/><V89/><F120/><W38/><G129/><T67/><D132/><U63/><E127/><V76/><F117/><W113/><G113/><T59/><D126/><U45/><E112/><V124/><F124/><W86/><G32/><T14/><D73/><U79/><E63/><V49/><REACH who="2" step="1"/><F41/><REACH who="2" ten="153,156,145,536" step="2"/><W108/><G121/><T88/><D43/><U104/><E104/><V47/><F47/><W71/><G71/><T17/><D42/><U3/><E45/><V95/><F95/><W22/><G69/><T10/><D40/><U135/><E106/><V19/><F19/><W75/><G29/><T30/><D59/><U23/><E135/><V25/><F25/><W128/><G128/><T74/><D24/><U90/><E26/><V109/><F109/><W12/><G108/><T31/><D30/><U96/><E5/><V60/><F60/><W11/><G1/><T66/><D31/><U44/><E4/><V118/><F118/><W33/><G12/><T0/><D0/><U36/><E44/><V46/><F46/><W116/><G116/><T20/><D15/><U6/><E6/><V111/><F111/><W28/><G28/><T105/><D14/><U34/><E3/><V93/><F93/><W114/><G114/><T56/><D105/><U134/><E134/><V107/><F107/><W27/><G27/><T94/><D18/><U51/><E62/><V119/><F119/><W92/><G61/><T2/><D17/><U48/><E64/><RYUUKYOKU ba="0,1" sc="153,-10,156,-10,145,30,536,-10" hai2="9,13,16,49,53,58,76,77,81,84,89,97,98" /><INIT seed="5,1,1,2,5,113" ten="143,146,175,526" oya="1" hai0="27,108,24,75,13,122,92,87,86,54,72,26,133" hai1="38,127,98,34,68,99,81,1,70,106,37,31,128" hai2="130,124,4,8,123,78,110,62,129,74,58,126,29" hai3="23,59,103,42,15,39,97,63,17,12,47,83,5"/><U79/><E128/><N who="2" m="49259" /><F74/><W94/><G83/><T132/><D108/><U90/><E127/><N who="2" m="48683" /><F78/><W60/><G5/><T46/><D122/><U109/><E109/><V80/><F80/><W112/><G112/><T0/><D0/><U3/><E90/><V111/><F123/><W134/><G63/><T76/><D13/><U36/><E81/><V16/><F29/><W2/><G15/><T67/><D76/><U28/><E79/><V9/><F9/><W96/><G96/><N who="1" m="36906" /><E106/><V88/><F88/><W20/><G2/><N who="1" m="522" /><E34/><V95/><F95/><W93/><G93/><T121/><D121/><U57/><E57/><V89/><F89/><W53/><G23/><T56/><D92/><U116/><E116/><V18/><F4/><W71/><G71/><AGARI ba="1,1" hai="28,31,36,37,38,68,70,71" m="522,36906" machi="71" ten="40,3900,0" yaku="28,2" doraHai="113" who="1" fromWho="3" sc="143,0,146,52,175,0,526,-42" /><INIT seed="5,2,0,2,2,54" ten="143,198,175,484" oya="1" hai0="108,3,28,9,119,77,22,39,8,63,116,62,78" hai1="0,40,60,38,25,123,48,4,27,12,99,96,76" hai2="16,129,74,15,85,81,104,122,109,117,126,49,37" hai3="127,71,79,36,29,35,61,45,118,14,121,132,94"/><U7/><E123/><V75/><F37/><W92/><G121/><T83/><D39/><U135/><E38/><V66/><F122/><W55/><G127/><T88/><D108/><U18/><E135/><V80/><F109/><W13/><G132/><T32/><D32/><U64/><E0/><V95/><F104/><W133/><G133/><T53/><D119/><U2/><E2/><V51/><F117/><W20/><G35/><T57/><D116/><U52/><E40/><V24/><F126/><W1/><G71/><T106/><D106/><U112/><E76/><N who="0" m="29289" /><D3/><U120/><E120/><V46/><F129/><W100/><G1/><T50/><D28/><U113/><E99/><V131/><F131/><W6/><G79/><T44/><D22/><U19/><E96/><V21/><F75/><W98/><G36/><T124/><D124/><U114/><E7/><V87/><F74/><W101/><G6/><T86/><D63/><U115/><E4/><V90/><F66/><AGARI ba="2,0" hai="8,9,44,50,53,57,62,66,83,86,88" m="29289" machi="66" ten="30,3900,0" yaku="8,1,52,1,54,1" doraHai="54" who="0" fromWho="2" sc="143,45,198,0,175,-45,484,0" /><INIT seed="6,0,0,4,0,62" ten="188,198,130,484" oya="2" hai0="94,46,10,18,6,81,72,14,69,51,121,60,65" hai1="122,80,59,75,74,68,110,123,115,120,117,42,9" hai2="109,31,131,19,128,29,22,98,48,61,91,97,36" hai3="28,86,33,126,79,70,56,90,101,23,44,63,34"/><V85/><F36/><W108/><G70/><T67/><D121/><U102/><E68/><V107/><F109/><W53/><G108/><T49/><D67/><U30/><E110/><V8/><F8/><W37/><G101/><T15/><D94/><U83/><E117/><V130/><F48/><W1/><G1/><T55/><D72/><N who="1" m="27691" /><E115/><V26/><F61/><W77/><G33/><T38/><D81/><N who="1" m="31307" /><E30/><V111/><F111/><W87/><G34/><T78/><D78/><N who="3" m="29705" /><G37/><T13/><D38/><U119/><E119/><V84/><F98/><W73/><G73/><T25/><D51/><U114/><E114/><V76/><F76/><W96/><G28/><N who="2" m="10825" /><F91/><W82/><G44/><T125/><D46/><U32/><E32/><V106/><F97/><W66/><G23/><T54/><D69/><U12/><E102/><V100/><F100/><W2/><G2/><T134/><D10/><U89/><E89/><V57/><F57/><N who="3" m="37231" /><G82/><T43/><D49/><U92/><E59/><V71/><F71/><W35/><G35/><T58/><D58/><U118/><E118/><V95/><F95/><N who="3" m="56439" /><G126/><T11/><D125/><U40/><E92/><V27/><F27/><W16/><G56/><T116/><D116/><U17/><AGARI ba="0,0" hai="9,12,17,40,42,120,122,123" m="31307,27691" machi="17" ten="40,1500,0" yaku="13,1" doraHai="62" who="1" fromWho="1" sc="188,-4,198,15,130,-7,484,-4" /><INIT seed="7,0,0,4,5,34" ten="184,213,123,480" oya="3" hai0="2,58,64,60,40,9,35,85,32,90,131,113,53" hai1="111,77,63,79,82,110,125,19,117,56,96,54,48" hai2="47,81,101,123,89,84,122,118,66,37,8,76,26" hai3="99,50,88,29,52,135,12,73,10,21,15,80,30"/><W94/><G135/><T91/><D40/><U127/><E117/><V107/><F118/><W93/><G73/><T39/><D39/><U18/><E96/><V134/><F134/><W0/><G0/><T126/><D126/><N who="1" m="48139" /><E77/><V1/><F66/><W71/><G71/><T102/><D102/><U27/><E63/><V6/><F26/><W42/><G42/><T116/><D116/><U44/><E56/><V46/><F37/><W74/><G74/><T69/><D32/><U128/><E128/><V57/><F57/><N who="3" m="32919" /><G80/><T78/><D9/><U17/><E27/><V87/><F101/><N who="3" m="60655" /><G21/><T75/><D35/><U36/><E36/><V33/><F107/><W106/><G106/><T16/><D131/><U97/><E97/><V62/><F62/><W114/><G114/><T22/><D60/><U59/><E59/><V7/><F7/><N who="3" m="3167" /><G15/><T108/><D69/><U28/><E82/><V68/><F68/><W38/><G38/><T65/><D85/><AGARI ba="0,0" hai="29,30,85,88,94" m="3167,60655,32919" machi="85" ten="30,5800,0" yaku="8,1,54,2" doraHai="34" who="3" fromWho="0" sc="184,-58,213,0,123,0,480,58" owari="126,-27.0,213,1.0,123,-38.0,538,64.0" /></mjloggm>