<mjloggm ver="2.3"><GO type="97" lobby="0"/><UN n0="%E4%BA%94%E9%A6%99%E3%81%8A%E3%82%8D%E3%81%97" n1="%EF%BC%98%EF%BC%99%EF%BC%91%EF%BC%90" n2="%6F%6E%69%72%6F%6B%75" n3="%E5%B0%B1%E6%B4%BB%E7%94%9F%40%E5%B7%9D%E6%9D%91%E8%BB%8D%E5%9B%A3" dan="13,15,13,14" rate="1807.56,2032.23,1878.17,2014.08" sx="M,M,M,M"/><TAIKYOKU oya="0"/><INIT seed="0,0,0,5,3,34" ten="250,250,250,250" oya="0" hai0="21,3,112,17,107,109,101,78,116,19,68,12,74" hai1="60,14,35,4,122,59,79,64,25,110,27,84,126" hai2="75,66,86,132,125,129,100,1,105,130,26,56,63" hai3="111,38,91,106,28,69,127,67,6,53,22,57,102"/><T76/><D116/><U95/><E122/><V114/><F75/><W40/><G127/><T99/><D68/><U108/><E126/><V82/><F125/><W15/><G111/><N who="1" m="42538" /><E35/><V61/><F114/><W45/><G106/><T83/><D109/><U92/><E79/><V46/><F46/><W85/><G102/><T54/><D112/><U89/><E95/><V103/><F105/><W119/><G119/><T37/><D76/><U94/><E94/><V93/><F93/><W120/><G120/><T41/><D41/><U118/><E118/><V80/><F26/><N who="1" m="9737" /><E14/><V62/><F132/><W123/><G28/><T44/><D17/><U73/><E4/><V121/><F56/><W104/><G104/><T8/><D37/><U47/><E47/><V52/><F86/><W48/><G123/><T5/><D44/><U18/><E18/><V32/><F66/><W43/><G6/><T81/><D81/><N who="2" m="31338" /><F32/><W87/><G15/><T128/><REACH who="0" step="1"/><D54/><REACH who="0" ten="240,250,250,250" step="2"/><U133/><E73/><V70/><F52/><W90/><G53/><T23/><D23/><U96/><E133/><V29/><F121/><W36/><G38/><T24/><D24/><U58/><E59/><V77/><F77/><W20/><G69/><T98/><D98/><AGARI ba="0,1" hai="58,60,64,84,89,92,96,98" m="9737,42538" machi="98" ten="30,1000,0" yaku="14,1" doraHai="34" who="1" fromWho="0" sc="240,-10,250,20,250,0,250,0" /><INIT seed="1,0,0,4,4,58" ten="230,270,250,250" oya="1" hai0="91,129,16,31,59,55,0,51,124,46,131,25,32" hai1="48,53,112,81,105,79,113,76,118,34,44,36,52" hai2="41,5,6,78,35,37,104,4,13,98,125,96,101" hai3="10,114,30,80,68,127,82,12,128,95,90,86,77"/><U57/><E118/><V56/><F35/><W120/><G68/><T22/><D0/><U126/><E126/><V17/><F125/><W103/><G120/><T15/><D124/><U130/><E130/><N who="0" m="49673" /><D91/><U20/><E34/><V74/><F37/><W11/><G114/><T1/><D1/><U65/><E105/><V43/><F78/><W38/><G38/><T116/><D116/><U39/><E79/><V119/><F74/><W107/><G127/><T24/><D24/><U71/><E20/><V28/><F28/><W7/><G128/><T88/><D88/><U85/><E36/><V75/><F75/><W26/><G11/><T18/><D18/><U110/><E110/><V40/><F119/><W8/><G8/><T108/><D108/><U99/><E99/><N who="2" m="37931" /><F101/><W70/><G70/><T42/><D42/><N who="2" m="10754" /><V33/><DORA hai="132" /><F33/><W14/><G107/><T117/><D117/><U123/><E112/><V69/><F69/><W84/><G103/><T23/><D32/><U83/><E39/><V54/><F104/><W109/><G109/><T106/><D106/><U61/><E113/><V9/><F4/><W2/><G82/><T29/><D29/><U60/><E83/><V133/><F133/><W47/><G47/><AGARI ba="0,0" hai="15,16,22,23,25,31,46,47,51,55,59" m="49673" machi="47" ten="30,2000,0" yaku="19,1,54,1" doraHai="58,132" who="0" fromWho="3" sc="230,20,270,0,250,0,250,-20" /><INIT seed="2,0,0,4,2,101" ten="250,270,250,230" oya="2" hai0="45,128,95,23,21,112,114,88,82,16,4,81,75" hai1="15,18,43,8,32,49,36,97,109,11,131,99,77" hai2="126,91,66,67,13,19,6,80,108,111,68,125,64" hai3="1,51,127,7,59,48,2,117,98,106,90,116,55"/><V3/><F3/><W113/><G127/><N who="2" m="48649" /><F6/><W115/><G48/><T65/><D128/><U94/><E36/><V79/><F91/><W57/><G57/><T31/><D4/><U38/><E38/><V83/><F68/><W42/><G42/><T54/><D65/><N who="2" m="16642" /><V72/><DORA hai="39" /><F83/><W71/><G71/><T44/><D31/><U103/><E8/><AGARI ba="0,0" hai="8,13,19,72,79,80,108,111" m="16642,48649" machi="8" ten="40,2000,0" yaku="18,1" doraHai="101,39" who="2" fromWho="1" sc="250,0,270,-20,250,20,230,0" /><INIT seed="2,1,0,1,5,17" ten="250,250,270,230" oya="2" hai0="128,20,90,13,27,39,62,103,105,57,113,114,24" hai1="6,16,9,56,3,61,135,104,10,35,93,98,33" hai2="94,124,130,111,109,45,106,116,122,36,65,118,119" hai3="117,50,100,14,66,134,85,11,23,108,37,54,58"/><V21/><F106/><W1/><G37/><T26/><D39/><U127/><E135/><V132/><F94/><W25/><G117/><T96/><D128/><U110/><E127/><V2/><F2/><W43/><G134/><T77/><D77/><U53/><E110/><N who="2" m="41995" /><F21/><W76/><G108/><T44/><D44/><U47/><E104/><V80/><F80/><N who="3" m="47239" /><G1/><T87/><D13/><U68/><E68/><V46/><F132/><W126/><G126/><T60/><D20/><U88/><REACH who="1" step="1"/><E47/><REACH who="1" ten="250,240,270,230" step="2"/><N who="2" m="17931" /><F124/><W99/><G43/><T41/><D41/><U131/><E131/><V79/><F130/><W107/><G107/><T101/><D114/><U5/><E5/><V70/><F36/><W78/><G78/><T74/><D113/><U84/><E84/><V133/><F79/><W63/><G99/><T71/><D71/><U95/><E95/><V31/><F133/><W7/><G100/><T34/><D34/><U38/><E38/><V82/><F82/><W19/><G66/><T73/><D103/><U67/><E67/><V15/><F65/><W102/><G102/><T18/><D18/><U75/><E75/><V28/><F70/><W0/><G0/><T12/><D74/><U32/><E32/><V112/><F112/><W121/><G121/><T59/><D73/><U29/><E29/><N who="2" m="11339" /><F122/><W81/><G81/><T72/><D72/><U120/><E120/><V92/><F92/><W51/><AGARI ba="1,1" hai="7,11,14,19,23,25,50,51,54,58,63" m="47239" machi="51" ten="30,2000,0" yaku="8,1,52,1" doraHai="17" who="3" fromWho="3" sc="250,-6,240,-6,270,-11,230,33" /><INIT seed="3,0,0,0,1,0" ten="244,234,259,263" oya="3" hai0="106,7,65,112,124,55,107,19,82,91,37,11,96" hai1="114,22,46,120,17,31,29,104,53,60,66,16,119" hai2="56,130,62,81,103,33,20,45,42,134,113,3,52" hai3="71,38,36,61,49,25,95,40,121,32,109,127,116"/><W8/><G121/><T100/><D37/><U75/><E120/><V88/><F3/><W58/><G116/><T1/><D107/><U76/><E119/><V105/><F33/><W50/><G127/><T41/><D41/><U122/><E122/><V92/><F113/><W68/><G109/><T118/><D118/><U5/><E114/><V78/><F134/><W64/><G8/><T123/><D123/><U87/><E75/><V26/><F130/><W23/><G32/><T18/><D112/><U79/><E104/><V63/><F105/><W47/><G95/><T98/><D124/><U24/><E5/><V72/><F103/><W48/><REACH who="3" step="1"/><G36/><REACH who="3" ten="244,234,259,253" step="2"/><T135/><D11/><U14/><E31/><AGARI ba="0,1" hai="23,25,31,38,40,47,48,49,50,58,61,64,68,71" machi="31" ten="40,3900,0" yaku="1,1,2,1,53,0" doraHai="0" doraHaiUra="108" who="3" fromWho="1" sc="244,0,234,-39,259,0,253,49" owari="244,-16.0,195,-30.0,259,6.0,302,40.0" /></mjloggm>