<mjloggm ver="2.3"><GO type="169" lobby="0"/><UN n0="%E3%81%A0%E3%81%A3%E3%81%A6%E3%81%84%E3%81%86" n1="%E9%9D%92%E3%83%99%E3%82%AC" n2="%E8%A3%95%E7%BE%8E%E5%AD%90" n3="%E3%82%A6%E3%83%AB%E3%83%88%E3%83%A9%E7%AB%8B%E7%9B%B4" dan="17,16,16,17" rate="2120.31,2056.31,2170.23,2154.15" sx="M,F,F,M"/><TAIKYOKU oya="0"/><INIT seed="0,0,0,0,4,70" ten="250,250,250,250" oya="0" hai0="117,133,91,31,73,59,15,78,16,32,93,52,129" hai1="74,101,65,95,0,119,71,109,123,72,47,9,126" hai2="53,87,36,120,8,22,99,77,114,110,30,23,88" hai3="51,63,107,17,20,56,50,49,85,122,41,112,66"/><T90/><D117/><U134/><E119/><V54/><F120/><W69/><G107/><T37/><D133/><U125/><E109/><V124/><F110/><W44/><G112/><T3/><D129/><U14/><E0/><V62/><F36/><W18/><G122/><T35/><D37/><U40/><E134/><V64/><F114/><W48/><G85/><T94/><D3/><U39/><E123/><V113/><F124/><N who="1" m="47721" /><E65/><V5/><F77/><W135/><G135/><T86/><D31/><U19/><E71/><V108/><F99/><AGARI ba="0,0" hai="9,14,19,39,40,47,72,74,95,99,101" m="47721" machi="99" ten="30,2000,0" yaku="18,1,52,1" doraHai="70" who="1" fromWho="2" sc="250,0,250,20,250,-20,250,0" /><INIT seed="1,0,0,2,1,94" ten="250,270,230,250" oya="1" hai0="1,6,56,95,88,74,20,39,119,50,44,97,60" hai1="85,133,30,76,18,93,103,84,114,71,134,117,31" hai2="32,109,121,72,36,135,77,63,51,91,15,19,62" hai3="107,73,67,25,92,7,61,123,127,45,126,66,113"/><U116/><E71/><V0/><F36/><W24/><G107/><T55/><D74/><U129/><E18/><V83/><F0/><W106/><G106/><T38/><D119/><N who="1" m="45643" /><E114/><V17/><F109/><W64/><G113/><T43/><REACH who="0" step="1"/><D20/><REACH who="0" ten="240,270,230,250" step="2"/><U110/><E110/><V108/><F108/><W33/><G73/><T131/><D131/><U80/><E129/><V22/><F121/><W79/><G123/><T10/><AGARI ba="0,1" hai="1,6,10,38,39,43,44,50,55,56,60,88,95,97" machi="10" ten="30,7900,0" yaku="1,1,0,1,52,1,54,1,53,0" doraHai="94" doraHaiUra="23" who="0" fromWho="0" sc="240,89,270,-39,230,-20,250,-20" /><INIT seed="2,0,0,5,2,18" ten="329,231,210,230" oya="2" hai0="86,38,11,47,74,61,65,129,24,19,15,79,87" hai1="119,13,33,124,69,44,103,1,99,80,57,92,131" hai2="85,14,37,55,93,116,67,82,127,101,26,58,28" hai3="72,76,36,10,27,25,88,0,17,115,22,66,102"/><V62/><F127/><W39/><G115/><T75/><D129/><U68/><E1/><V84/><F116/><W40/><G102/><T98/><D98/><U105/><E119/><V63/><F37/><W128/><G128/><T134/><D134/><U48/><E131/><V20/><F14/><W95/><G66/><T133/><D133/><U78/><E124/><V73/><F73/><W31/><G40/><T104/><D104/><U46/><E33/><V125/><F125/><W77/><G39/><T91/><D24/><U21/><E105/><V135/><F135/><W118/><G36/><T8/><D8/><U64/><E68/><V94/><F101/><W32/><G118/><T107/><D107/><U16/><E69/><V51/><F63/><W126/><G72/><T122/><D122/><U35/><E35/><V110/><F110/><W49/><G49/><T53/><D79/><U97/><E99/><V2/><F2/><W132/><G132/><T30/><D30/><U96/><E97/><V5/><F5/><W81/><G81/><T117/><D87/><N who="1" m="48535" /><E48/><V6/><F6/><W43/><G126/><T56/><D117/><U3/><E3/><V121/><F121/><W112/><G112/><T113/><D113/><U130/><E130/><V123/><F123/><W120/><G120/><T108/><D108/><U23/><E23/><V106/><F106/><W71/><G71/><T100/><D100/><U59/><E59/><N who="2" m="37343" /><F84/><N who="3" m="52615" /><G43/><N who="0" m="23031" /><D65/><U41/><E41/><V89/><AGARI ba="0,0" hai="20,26,28,51,55,58,82,85,89,93,94" m="37343" machi="89" ten="30,3000,0" yaku="8,1,52,1" doraHai="18" who="2" fromWho="2" sc="329,-10,231,-10,210,30,230,-10" /><INIT seed="2,1,0,1,4,70" ten="319,221,240,220" oya="2" hai0="39,37,27,111,93,0,31,28,110,19,42,40,2" hai1="98,82,63,78,54,108,89,118,103,8,3,24,64" hai2="76,94,125,60,102,134,1,80,25,77,75,15,32" hai3="74,119,34,67,124,116,71,131,46,13,101,68,52"/><V107/><F1/><N who="0" m="618" /><D93/><U106/><E118/><N who="3" m="45098" /><G13/><T5/><D5/><U91/><E108/><N who="0" m="41513" /><D19/><U43/><E43/><N who="0" m="16425" /><D31/><U41/><E41/><V62/><F15/><W38/><G101/><T61/><D61/><U7/><E24/><V90/><F32/><AGARI ba="1,0" hai="27,28,32,37,39" m="16425,41513,618" machi="32" ten="30,3900,0" yaku="14,1,52,2" doraHai="70" who="0" fromWho="2" sc="319,42,221,0,240,-42,220,0" /><INIT seed="3,0,0,1,3,44" ten="361,221,198,220" oya="3" hai0="15,50,25,18,40,7,13,81,26,35,134,122,11" hai1="2,64,108,65,43,63,77,90,38,73,126,110,132" hai2="78,83,107,47,39,80,55,19,111,5,4,117,105" hai3="100,66,97,53,45,125,57,128,96,34,118,86,114"/><W109/><G118/><T3/><D122/><U95/><E132/><V22/><F111/><N who="1" m="42537" /><E2/><V12/><F117/><W120/><G114/><T121/><D121/><U112/><E112/><V89/><F39/><W52/><G120/><T133/><D81/><N who="1" m="45231" /><E126/><V116/><F116/><W8/><G34/><T20/><D50/><U48/><E38/><V10/><F89/><W72/><G72/><T70/><D40/><U16/><E16/><V33/><F33/><W42/><G125/><T54/><D54/><N who="3" m="21097" /><G128/><T24/><D70/><U84/><E63/><V75/><F80/><W67/><G109/><T41/><D41/><U85/><E85/><V46/><F5/><W58/><G86/><T59/><D59/><N who="3" m="22537" /><G8/><T92/><D92/><U98/><E84/><V101/><F101/><W51/><G97/><T127/><D127/><U29/><E29/><V131/><F131/><W87/><G87/><T17/><D35/><U135/><E135/><N who="0" m="51721" /><D26/><U32/><E32/><V27/><REACH who="2" step="1"/><F47/><AGARI ba="0,0" hai="43,47,48,64,65,90,95,98" m="45231,42537" machi="47" ten="30,2000,0" yaku="14,1,52,1" doraHai="44" who="1" fromWho="2" sc="361,0,221,20,198,-20,220,0" /><INIT seed="4,0,0,0,1,21" ten="361,241,178,220" oya="0" hai0="86,44,118,51,126,53,91,79,16,74,15,36,56" hai1="27,9,131,82,55,40,108,52,54,97,80,121,123" hai2="109,31,125,29,87,117,77,43,100,59,69,103,46" hai3="116,120,17,47,62,42,135,4,41,115,89,11,99"/><T114/><D118/><U107/><E108/><V60/><F109/><W7/><G116/><T66/><D126/><U14/><E131/><V88/><F69/><W0/><G120/><T122/><D122/><U35/><E40/><V23/><F77/><W71/><G115/><T96/><D114/><U101/><E121/><V127/><F117/><W124/><G124/><N who="2" m="47689" /><F31/><W5/><G135/><T92/><D74/><U72/><E123/><V93/><F43/><W58/><G71/><T13/><D13/><U132/><E132/><V94/><F93/><N who="3" m="56751" /><G0/><T119/><D119/><U57/><E57/><V49/><F49/><W19/><G11/><T83/><D36/><U67/><E67/><N who="2" m="39327" /><F46/><W38/><G38/><T78/><D56/><U24/><E35/><V8/><F8/><W68/><G68/><T113/><D66/><U105/><E105/><V85/><F85/><W129/><G129/><T3/><D3/><U10/><E10/><V28/><F28/><W37/><G37/><T6/><D113/><U73/><E73/><V2/><F2/><W32/><G32/><T70/><D70/><U104/><E104/><V64/><F64/><N who="3" m="38999" /><G47/><T18/><D78/><U12/><E72/><V133/><F133/><W30/><G30/><T95/><D95/><N who="1" m="58559" /><E12/><V106/><F106/><W75/><G75/><T111/><D111/><U81/><E107/><V65/><F65/><W22/><G22/><T84/><D84/><U110/><E110/><V48/><F48/><W76/><G76/><T130/><D130/><U98/><E98/><V134/><F134/><W34/><G34/><T33/><D33/><RYUUKYOKU ba="0,0" sc="361,0,241,0,178,0,220,0" hai0="6,15,16,18,44,51,53,79,83,86,91,92,96" hai1="9,14,24,27,52,54,55,80,81,82" hai2="23,29,87,88,94,100,103" hai3="4,5,7,17,19,41,42" /><INIT seed="4,1,0,2,4,75" ten="361,241,178,220" oya="0" hai0="37,120,88,121,93,110,33,126,68,50,6,7,77" hai1="49,84,115,132,103,45,123,125,76,100,104,73,70" hai2="64,25,128,38,32,9,17,118,44,101,51,89,67" hai3="59,134,41,23,130,61,26,62,21,46,29,82,18"/><T116/><D37/><U72/><E70/><V122/><F122/><W54/><G130/><T15/><D116/><U127/><E123/><V106/><F128/><W14/><G134/><T69/><D33/><U114/><E132/><V34/><F38/><W97/><G97/><T74/><D126/><N who="1" m="48139" /><E45/><V43/><F118/><W27/><G82/><T80/><D110/><U3/><E49/><V81/><F34/><W105/><G105/><T92/><D92/><U8/><E8/><V112/><F112/><N who="1" m="43049" /><E3/><V12/><F101/><N who="1" m="38985" /><E104/><V55/><F43/><W78/><G62/><T53/><D68/><U16/><E16/><V91/><F106/><W98/><G46/><T4/><D69/><U66/><E66/><V48/><F48/><W109/><G41/><T58/><REACH who="0" step="1"/><D15/><REACH who="0" ten="351,241,178,220" step="2"/><U0/><E0/><V129/><F129/><W5/><G14/><T94/><D94/><U87/><E73/><V63/><F32/><W20/><G109/><T28/><D28/><U99/><E99/><AGARI ba="1,1" hai="4,6,7,50,53,58,74,77,80,88,93,99,120,121" machi="99" ten="40,12000,1" yaku="1,1,52,1,54,1,53,1" doraHai="75" doraHaiUra="90" who="0" fromWho="1" sc="351,133,241,-123,178,0,220,0" /><INIT seed="4,2,0,2,1,66" ten="484,118,178,220" oya="0" hai0="82,34,47,88,35,93,75,0,119,51,41,101,2" hai1="115,118,92,130,8,131,69,56,19,48,91,128,71" hai2="134,18,89,114,12,57,76,94,1,29,83,52,17" hai3="37,42,73,54,135,72,25,124,84,4,7,67,113"/><T104/><D119/><U68/><E118/><V97/><F1/><W87/><G37/><T15/><D15/><N who="1" m="7655" /><E115/><V112/><F134/><W64/><G42/><T50/><D50/><U85/><E48/><V90/><F29/><W103/><G103/><T38/><D38/><U53/><E56/><V117/><F117/><W123/><G25/><T44/><D44/><U80/><E53/><V59/><F59/><W14/><G14/><T78/><D2/><U77/><E92/><V55/><F90/><AGARI ba="2,0" hai="68,69,71,77,80,85,90,91,128,130,131" m="7655" machi="90" ten="40,8000,1" yaku="19,1,52,3" doraHai="66" who="1" fromWho="2" sc="484,0,118,86,178,-86,220,0" /><INIT seed="5,0,0,3,1,119" ten="484,204,92,220" oya="1" hai0="123,6,125,117,55,127,20,72,40,43,111,21,54" hai1="104,74,97,22,65,16,87,64,35,12,36,84,51" hai2="31,14,1,131,114,57,78,69,24,89,19,113,81" hai3="107,86,33,118,95,41,32,38,73,112,109,124,108"/><U63/><E35/><V11/><F69/><W37/><G86/><T26/><D117/><U94/><E104/><V50/><F131/><W56/><G95/><T88/><D111/><U45/><E74/><V75/><F89/><W0/><G56/><T52/><D72/><U60/><E36/><V91/><F91/><W76/><G41/><T70/><D6/><U15/><E15/><V13/><F1/><W66/><G66/><N who="1" m="25706" /><E84/><V59/><F14/><W61/><G61/><T68/><D123/><U25/><E87/><V7/><F7/><W34/><G76/><T71/><D88/><N who="1" m="55495" /><E12/><V67/><F67/><W3/><G34/><T115/><D115/><U10/><E10/><V120/><F120/><W122/><G33/><T135/><D135/><U29/><E29/><V17/><F19/><W110/><G3/><T102/><D102/><U28/><E28/><V23/><REACH who="2" step="1"/><F50/><REACH who="2" ten="484,204,82,220" step="2"/><W62/><G109/><T98/><D26/><U58/><E58/><AGARI ba="0,1" hai="11,13,17,23,24,31,57,58,59,75,78,81,113,114" machi="58" ten="40,2600,0" yaku="1,1,2,1,53,0" doraHai="119" doraHaiUra="30" who="2" fromWho="1" sc="484,0,204,-26,82,36,220,0" /><INIT seed="6,0,0,2,4,120" ten="484,178,118,220" oya="2" hai0="67,69,10,107,81,53,135,1,37,58,87,84,15" hai1="89,132,114,60,100,109,113,82,88,62,5,30,72" hai2="70,38,33,8,52,34,12,24,76,19,21,129,117" hai3="7,22,101,95,134,50,45,118,17,80,46,78,59"/><V39/><F70/><W44/><G134/><T99/><D37/><U124/><E124/><V56/><F129/><W115/><G118/><T116/><D116/><U27/><E132/><V16/><F76/><W28/><G28/><T96/><D1/><U71/><E5/><V105/><F105/><W128/><G115/><N who="1" m="44042" /><E100/><V55/><F55/><N who="3" m="32247" /><G7/><T23/><D87/><U131/><E131/><V112/><F117/><W57/><G57/><T86/><D58/><U51/><E109/><V32/><REACH who="2" step="1"/><F112/><REACH who="2" ten="484,178,108,220" step="2"/><W49/><G128/><T79/><D69/><U75/><E71/><V103/><F103/><W63/><G101/><T108/><D79/><U26/><E75/><V35/><N who="2" m="8192" /><DORA hai="43" /><V93/><F93/><W98/><G78/><T126/><D107/><U125/><E72/><V74/><F74/><W133/><G133/><T83/><D135/><U104/><E104/><V31/><F31/><W122/><G95/><T66/><D83/><U77/><E30/><V73/><F73/><W127/><G80/><T119/><D81/><U64/><E82/><V14/><F14/><W40/><G122/><T36/><D15/><U9/><E77/><V25/><F25/><N who="3" m="14543" /><G127/><T6/><D126/><U18/><E27/><V48/><AGARI ba="0,1" hai="8,12,16,19,21,24,38,39,48,52,56" m="8192" machi="48" ten="60,12000,1" yaku="1,1,0,1,54,2,53,1" doraHai="120,43" doraHaiUra="94,11" who="2" fromWho="2" sc="484,-40,178,-40,108,130,220,-40" /><INIT seed="6,1,0,4,2,99" ten="444,138,238,180" oya="2" hai0="90,12,86,59,67,28,98,48,94,78,80,36,122" hai1="31,96,2,116,29,121,44,75,45,37,21,3,72" hai2="115,83,32,26,88,133,58,87,130,8,131,123,85" hai3="63,16,79,111,57,50,95,13,15,61,103,11,125"/><V128/><F123/><W77/><G111/><T38/><D122/><U132/><E121/><V81/><F133/><W23/><G125/><T69/><D69/><U76/><E116/><V127/><F127/><W0/><G0/><T66/><D66/><U46/><E37/><V6/><F115/><W102/><G50/><T40/><D28/><N who="1" m="10827" /><E96/><V30/><F58/><W14/><G95/><T126/><D12/><N who="3" m="4713" /><G11/><T4/><D4/><U73/><E21/><V93/><REACH who="2" step="1"/><F85/><REACH who="2" ten="444,138,228,180" step="2"/><W105/><G105/><T71/><D59/><U84/><E132/><V65/><F65/><N who="3" m="39087" /><G63/><T33/><D86/><U56/><E56/><V114/><F114/><W64/><G64/><T118/><D67/><U100/><E84/><V113/><F113/><W134/><G134/><T124/><D124/><U7/><E75/><V109/><F109/><W108/><G108/><T19/><D126/><U27/><E73/><V106/><F106/><W82/><G82/><T101/><D80/><U54/><E72/><V135/><F135/><W43/><G43/><T91/><D40/><U5/><E45/><V51/><F51/><W1/><G1/><AGARI ba="1,1" hai="1,6,8,26,30,32,81,83,87,88,93,128,130,131" machi="1" ten="40,7700,0" yaku="1,1,19,1,54,1,53,0" doraHai="99" doraHaiUra="42" who="2" fromWho="3" sc="444,0,138,0,228,90,180,-80" /><INIT seed="6,2,0,3,4,37" ten="444,138,318,100" oya="2" hai0="55,111,94,102,95,52,92,22,31,134,8,65,39" hai1="53,112,59,135,91,90,71,28,123,48,125,57,108" hai2="87,11,16,50,63,7,127,67,103,60,61,41,47" hai3="43,17,3,33,70,6,129,104,1,77,9,58,120"/><V68/><F127/><W122/><G70/><T79/><D111/><U44/><E108/><V82/><F103/><W56/><G104/><T110/><D110/><U126/><E71/><V99/><F99/><W98/><G129/><T51/><D39/><U46/><E112/><V130/><F130/><W54/><G33/><T76/><D65/><U113/><E113/><V101/><F101/><W49/><G3/><T128/><D134/><U131/><E131/><V72/><F72/><W80/><G98/><T105/><D105/><U81/><E135/><V86/><F16/><W10/><G56/><N who="1" m="21578" /><E123/><V45/><F87/><W116/><G116/><T15/><D92/><U23/><E46/><V35/><F35/><W40/><G10/><T2/><D79/><U74/><E74/><V26/><F26/><W38/><G17/><T14/><D22/><U29/><E81/><V121/><F47/><W19/><G19/><T62/><D15/><U100/><E100/><V109/><F121/><W119/><G119/><T96/><D102/><U13/><E13/><V36/><F36/><W118/><G118/><T64/><D14/><U78/><E78/><N who="2" m="46423" /><F109/><W115/><G115/><T107/><D76/><U84/><E84/><V132/><F132/><W34/><G34/><T88/><D107/><U66/><E66/><V133/><F133/><W5/><G38/><T25/><D64/><U89/><E23/><V30/><F30/><W18/><G122/><T27/><D31/><N who="1" m="11851" /><E126/><V124/><F124/><W21/><G120/><T73/><D73/><U20/><E125/><V83/><F83/><W24/><G6/><RYUUKYOKU ba="2,0" sc="444,-30,138,10,318,10,100,10" hai1="20,44,48,53,89,90,91" hai2="7,11,41,45,50,60,61,63,67,68" hai3="1,5,9,18,21,24,40,43,49,54,58,77,80" /><INIT seed="6,3,0,0,4,16" ten="414,148,328,110" oya="2" hai0="28,65,109,63,13,14,73,121,118,80,57,114,107" hai1="37,36,52,33,87,77,21,123,78,117,50,79,0" hai2="122,62,115,11,94,96,5,132,55,56,64,111,76" hai3="69,9,82,22,61,1,88,124,81,39,32,91,71"/><V97/><F115/><W116/><G32/><T125/><D114/><U133/><E33/><V4/><F132/><W58/><G116/><T89/><D109/><U104/><E133/><V23/><F122/><W15/><G39/><T90/><D118/><U68/><E117/><V100/><F76/><W92/><G124/><T53/><D125/><U95/><E104/><V134/><F111/><W102/><G71/><T84/><D107/><U3/><E68/><V20/><F134/><W45/><G45/><T72/><D121/><U35/><E35/><V131/><F131/><W42/><G42/><T34/><D65/><U49/><E49/><V6/><F11/><W12/><G69/><T85/><D28/><U7/><E123/><V17/><F17/><N who="3" m="10559" /><G1/><T19/><D34/><U74/><E74/><V44/><F97/><N who="3" m="57479" /><G91/><T110/><D13/><U51/><E3/><V25/><F25/><W129/><G102/><T120/><D110/><U8/><E37/><V128/><F128/><W66/><G129/><T24/><D24/><U135/><E36/><V93/><F94/><W43/><G43/><T47/><D47/><N who="1" m="27743" /><E135/><V31/><REACH who="2" step="1"/><F31/><REACH who="2" ten="414,148,318,110" step="2"/><W126/><G126/><T18/><D120/><U113/><E113/><V105/><F105/><W48/><G9/><T59/><D18/><U26/><E95/><V75/><F75/><W29/><G29/><T99/><D72/><U70/><E8/><V40/><F40/><W30/><G30/><T108/><D73/><U112/><E112/><V38/><F38/><W98/><G98/><T2/><D99/><U83/><E26/><V60/><F60/><RYUUKYOKU ba="3,1" sc="414,-10,148,-10,318,30,110,-10" hai2="4,5,6,20,23,44,55,56,62,64,93,96,100" /><INIT seed="6,4,1,5,4,100" ten="404,138,348,100" oya="2" hai0="122,74,123,117,79,16,47,8,84,69,32,53,91" hai1="75,18,103,64,135,118,44,119,55,114,4,108,131" hai2="61,111,96,43,62,29,77,10,21,120,81,48,57" hai3="85,39,68,66,125,34,80,23,78,3,24,132,56"/><V46/><F120/><W40/><G3/><T45/><D117/><U14/><E75/><V92/><F111/><W13/><G68/><T7/><D69/><U88/><E103/><V60/><F10/><W97/><G125/><T129/><D129/><U51/><E108/><V94/><F57/><W128/><G128/><T54/><D32/><U35/><E131/><V90/><F94/><W27/><G132/><T63/><D16/><U49/><E35/><V127/><F127/><W17/><G34/><T36/><D79/><U116/><E4/><V107/><F107/><W2/><G2/><T98/><D98/><U71/><E114/><V22/><REACH who="2" step="1"/><F29/><REACH who="2" ten="404,138,338,100" step="2"/><W89/><G56/><T41/><D123/><U126/><E126/><V50/><F50/><W104/><G104/><T67/><D122/><U112/><E118/><V113/><F113/><W73/><G39/><T5/><D8/><U6/><E49/><V95/><F95/><W1/><G1/><T83/><D36/><U52/><E112/><V19/><F19/><W65/><G17/><T87/><D5/><U93/><E18/><V86/><AGARI ba="4,2" hai="21,22,43,46,48,60,61,62,77,81,86,90,92,96" machi="86" ten="30,6000,0" yaku="1,1,0,1,8,1,53,0" doraHai="100" doraHaiUra="110" who="2" fromWho="2" sc="404,-24,138,-24,338,92,100,-24" /><INIT seed="6,5,0,4,1,6" ten="380,114,430,76" oya="2" hai0="80,3,7,113,2,34,65,89,24,101,11,112,97" hai1="102,106,69,132,23,0,67,31,28,54,21,88,115" hai2="90,83,125,114,64,128,73,105,9,44,26,17,121" hai3="51,123,72,79,75,48,59,76,124,74,95,27,50"/><V82/><F105/><W8/><G123/><T107/><D3/><U66/><E0/><V45/><F121/><W42/><G124/><T12/><D65/><U103/><E106/><V122/><F128/><W81/><G81/><T111/><D111/><U32/><E54/><V87/><F114/><W104/><G104/><T91/><D2/><U40/><E115/><N who="0" m="44105" /><D80/><U20/><E69/><V100/><F100/><N who="1" m="38441" /><E32/><V15/><F125/><W16/><G95/><T131/><D131/><U110/><E110/><V119/><F119/><W29/><G59/><T127/><D127/><U93/><E40/><V35/><F64/><N who="1" m="24617" /><E132/><V117/><F117/><W92/><G92/><T85/><D85/><AGARI ba="5,0" hai="20,21,23,28,31,85,88,93" m="24617,38441" machi="85" ten="30,2000,0" yaku="8,1,54,1" doraHai="6" who="1" fromWho="0" sc="380,-35,114,35,430,0,76,0" /><INIT seed="7,0,0,1,3,48" ten="345,149,430,76" oya="3" hai0="10,11,99,130,76,3,23,25,125,116,14,73,31" hai1="87,91,42,51,101,1,131,47,103,102,26,0,4" hai2="120,61,9,22,115,89,56,128,21,88,127,41,97" hai3="112,67,29,117,71,16,2,122,5,83,92,124,113"/><W62/><G122/><T74/><D116/><U123/><E131/><V65/><F127/><W12/><G117/><T13/><D125/><U129/><E129/><V109/><F115/><N who="3" m="44107" /><G124/><T19/><D3/><U86/><E123/><V81/><F109/><W135/><G135/><T110/><D130/><U72/><E72/><V34/><F34/><W59/><G29/><T58/><D110/><U17/><E4/><V108/><F108/><W38/><G38/><T96/><D74/><U114/><E114/><V43/><F120/><W82/><G92/><T64/><D76/><U134/><E134/><V98/><F9/><N who="3" m="2231" /><G71/><T66/><D73/><U111/><E111/><V33/><F33/><W28/><G28/><T70/><D70/><U121/><E121/><V55/><F22/><AGARI ba="0,0" hai="12,16,22,59,62,67,82,83" m="2231,44107" machi="22" ten="30,2900,0" yaku="15,1,54,1" doraHai="48" who="3" fromWho="2" sc="345,0,149,0,430,-29,76,29" /><INIT seed="7,1,0,1,2,71" ten="345,149,401,105" oya="3" hai0="84,113,50,61,128,80,130,62,49,3,116,117,96" hai1="81,55,122,107,126,125,94,109,74,76,112,85,59" hai2="90,47,25,31,133,123,103,14,95,111,66,10,18" hai3="101,45,86,67,51,83,22,65,77,0,36,114,42"/><W11/><G114/><T27/><D3/><U29/><E107/><V99/><F111/><W41/><G101/><T89/><D113/><U88/><E109/><V33/><F133/><W82/><G22/><T119/><D27/><U53/><E112/><V1/><F123/><W115/><G115/><T135/><D135/><U108/><E108/><V100/><F66/><W44/><REACH who="3" step="1"/><G83/><REACH who="3" ten="345,149,401,95" step="2"/><T5/><D119/><U54/><E122/><V87/><F100/><W9/><G9/><T23/><D80/><U70/><E70/><V21/><F33/><W32/><G32/><T63/><D23/><U92/><E29/><V127/><F103/><W2/><G2/><T37/><D117/><U132/><E132/><V98/><F1/><W60/><G60/><T91/><D63/><N who="1" m="36335" /><E92/><V17/><F31/><W28/><G28/><T68/><D116/><U34/><E34/><V105/><F105/><W110/><G110/><T52/><D62/><U120/><E120/><V7/><F10/><W104/><G104/><T35/><D61/><U79/><E79/><V12/><F21/><W16/><G16/><T129/><D35/><U64/><E64/><V24/><F18/><W6/><AGARI ba="1,1" hai="0,6,11,36,41,42,44,45,51,65,67,77,82,86" machi="6" ten="30,11700,0" yaku="1,1,0,1,52,1,53,1" doraHai="71" doraHaiUra="69" who="3" fromWho="3" sc="345,-40,149,-40,401,-40,95,130" /><INIT seed="7,2,0,1,2,17" ten="305,109,361,225" oya="3" hai0="40,109,51,68,31,108,122,106,129,92,73,132,61" hai1="89,105,46,76,119,3,56,110,116,53,19,44,30" hai2="4,112,130,57,93,118,52,97,88,14,45,120,70" hai3="32,15,126,127,59,121,96,12,41,117,49,0,74"/><W113/><G74/><T102/><D122/><U100/><E3/><V26/><F120/><W5/><G121/><T65/><D73/><U21/><E110/><V23/><F70/><W95/><G32/><T43/><D132/><U16/><E76/><V11/><F130/><W134/><G117/><T111/><D129/><U83/><E30/><N who="2" m="17759" /><F112/><W58/><G113/><T87/><D51/><U125/><E125/><N who="3" m="47626" /><G134/><T99/><D92/><U79/><E89/><V81/><F118/><W104/><G104/><T36/><D87/><U62/><E116/><V54/><F81/><W1/><G15/><T28/><D36/><U48/><E119/><V37/><F37/><W25/><G25/><T123/><D123/><U86/><E19/><V20/><F45/><N who="3" m="25775" /><G59/><T63/><D63/><U50/><E105/><V8/><F8/><N who="3" m="4111" /><G58/><T107/><D107/><U98/><E50/><N who="2" m="30871" /><F54/><W115/><G115/><T71/><D71/><U114/><E114/><V82/><F82/><W90/><AGARI ba="2,0" hai="0,1,90,95,96" m="4111,25775,47626" machi="90" ten="30,1500,0" yaku="18,1" doraHai="17" who="3" fromWho="3" sc="305,-7,109,-7,361,-7,225,21" /><INIT seed="7,3,0,5,0,85" ten="298,102,354,246" oya="3" hai0="110,1,64,36,78,56,95,118,7,115,33,86,128" hai1="96,94,72,133,82,46,89,6,65,99,111,102,104" hai2="61,23,119,41,122,40,84,32,19,42,120,71,52" hai3="75,131,34,12,55,5,76,3,29,8,70,90,97"/><W37/><G70/><T134/><D118/><U83/><E65/><N who="2" m="41391" /><F32/><W105/><G131/><T107/><D107/><U57/><E57/><V100/><F119/><W26/><G37/><T113/><D110/><U93/><E46/><V127/><F100/><W13/><G76/><T58/><D36/><U121/><E6/><V0/><F0/><W129/><G75/><T135/><D33/><U117/><E117/><V49/><F84/><W28/><G28/><T4/><D128/><U103/><E121/><N who="2" m="46699" /><F127/><W18/><G129/><T27/><D27/><U74/><E133/><N who="0" m="50697" /><D1/><U81/><E111/><V79/><F79/><W50/><G105/><T125/><D125/><U51/><E51/><V25/><F42/><W44/><G18/><T92/><D58/><AGARI ba="3,0" hai="19,23,25,40,41,49,52,58" m="46699,41391" machi="58" ten="30,2000,0" yaku="13,1,54,1" doraHai="85" who="2" fromWho="0" sc="298,-29,102,0,354,29,246,0" owari="269,7.0,102,-40.0,383,48.0,246,-15.0" /></mjloggm>