<mjloggm ver="2.3"><GO type="97" lobby="0"/><UN n0="%E3%83%91%E3%83%8E%E3%83%97%E3%83%86%E3%82%A3%E3%82%B3%E3%83%B3" n1="%E3%81%82%E3%82%93%E3%81%A7%E3%81%83" n2="%E5%B0%B1%E6%B4%BB%E7%94%9F%40%E5%B7%9D%E6%9D%91%E8%BB%8D%E5%9B%A3" n3="%73%74%63%63" dan="15,15,14,13" rate="2038.84,2036.98,1933.15,1876.69" sx="M,F,M,M"/><TAIKYOKU oya="0"/><INIT seed="0,0,0,0,5,26" ten="250,250,250,250" oya="0" hai0="134,39,2,77,8,60,1,90,86,11,116,35,48" hai1="14,44,6,22,45,84,95,107,31,83,28,63,128" hai2="88,72,124,16,51,59,20,129,42,52,70,38,120" hai3="81,133,131,30,36,73,57,41,56,96,66,19,110"/><T115/><D115/><U5/><E107/><V27/><F72/><W18/><G131/><T3/><D39/><U7/><E128/><V104/><F104/><W61/><G133/><T99/><D116/><U68/><E95/><V58/><F70/><W55/><G110/><T125/><D35/><U78/><E68/><V0/><F0/><W71/><G57/><T15/><D77/><U50/><E63/><V62/><F120/><W75/><G75/><T85/><D134/><U118/><E118/><V12/><F124/><W100/><G81/><T122/><D122/><U4/><E45/><N who="2" m="26039" /><F38/><W103/><G73/><T46/><D125/><U119/><E119/><V135/><F135/><W23/><G41/><T98/><D60/><U65/><E65/><V97/><F129/><W114/><G36/><T17/><D11/><N who="1" m="4455" /><E22/><V109/><F109/><W24/><G114/><T9/><D9/><U123/><E123/><V132/><F132/><W37/><G37/><T13/><D13/><U87/><E84/><V94/><F58/><W40/><G40/><AGARI ba="0,0" hai="5,6,7,28,31,40,44,50,78,83,87" m="4455" machi="40" ten="30,7700,0" yaku="25,1,8,1,52,2" doraHai="26" who="1" fromWho="3" sc="250,0,250,77,250,0,250,-77" /><INIT seed="1,0,0,0,2,41" ten="250,327,250,173" oya="1" hai0="30,95,128,15,37,24,63,6,129,79,107,131,42" hai1="7,87,116,0,4,13,14,110,32,68,53,120,25" hai2="47,38,135,125,31,88,17,56,72,65,33,20,92" hai3="48,111,126,103,61,59,54,45,117,123,67,62,133"/><U89/><E68/><V16/><F72/><W124/><G103/><T55/><D107/><U69/><E69/><V19/><F125/><W1/><G1/><T109/><D79/><U75/><E75/><V10/><F135/><W58/><G123/><T71/><D109/><U43/><E120/><V57/><F33/><W115/><G115/><T74/><D74/><U21/><E110/><V23/><F10/><W22/><G22/><N who="2" m="8233" /><F38/><W36/><G111/><T84/><D37/><U40/><E116/><V98/><F31/><W90/><G90/><N who="0" m="53703" /><D42/><N who="1" m="15915" /><E0/><V66/><F47/><W5/><G5/><N who="1" m="2122" /><E53/><V34/><F34/><W49/><G36/><T81/><D81/><N who="1" m="49391" /><E32/><V51/><F51/><W127/><G117/><T52/><D71/><U9/><E9/><V118/><F118/><W26/><G26/><T113/><D113/><U82/><E82/><V60/><F60/><W132/><G49/><T134/><D63/><U76/><E76/><V121/><F121/><W85/><G85/><T64/><D64/><AGARI ba="0,0" hai="16,17,19,56,57,64,65,66,88,92,98" m="8233" machi="64" ten="30,3900,0" yaku="8,1,54,2" doraHai="41" who="2" fromWho="0" sc="250,-39,327,0,250,39,173,0" /><AGARI ba="0,0" hai="45,48,54,58,59,61,62,64,67,124,126,127,132,133" machi="64" ten="40,12000,2" yaku="9,1,18,1,34,3,52,1" doraHai="41" who="3" fromWho="0" sc="211,-120,327,0,289,0,173,120" /><INIT seed="2,0,0,1,4,132" ten="91,327,289,293" oya="2" hai0="79,26,48,116,106,102,25,94,51,5,19,60,128" hai1="14,20,32,113,81,108,76,100,114,72,126,46,88" hai2="93,75,64,125,11,112,62,43,83,133,61,110,129" hai3="117,74,47,109,127,34,49,107,104,58,16,50,122"/><V111/><F112/><W103/><G122/><T4/><D106/><U55/><E32/><V44/><F133/><W21/><G34/><T68/><D68/><U123/><E123/><V31/><F129/><W7/><G74/><T59/><D79/><U78/><E100/><V115/><F115/><W91/><G7/><T98/><D128/><U33/><E33/><V29/><F11/><W66/><G103/><T77/><D116/><U3/><E3/><V41/><F125/><W118/><G118/><T22/><D77/><U1/><E1/><V120/><F120/><W45/><G117/><T28/><D19/><N who="1" m="10359" /><E72/><V84/><F93/><W37/><G37/><T0/><D26/><U36/><E114/><V90/><F75/><W39/><G39/><T53/><D0/><U70/><E70/><V135/><F135/><W124/><G91/><T18/><D28/><U10/><E36/><V85/><F44/><W101/><G58/><T87/><REACH who="0" step="1"/><D87/><REACH who="0" ten="81,327,289,293" step="2"/><N who="1" m="50287" /><E113/><V40/><F85/><W17/><G17/><T23/><D23/><U52/><E78/><V95/><F31/><W134/><G134/><T27/><D27/><U56/><E76/><V71/><F29/><W86/><G86/><T2/><D2/><U30/><E30/><V13/><F13/><W73/><G73/><T82/><D82/><U96/><E10/><V97/><F83/><W38/><G107/><T92/><D92/><U63/><E96/><V9/><F9/><W15/><G104/><T89/><D89/><U99/><E99/><V67/><F97/><W12/><G12/><T130/><D130/><U57/><E108/><RYUUKYOKU ba="0,1" sc="81,15,327,-15,289,15,293,-15" hai0="4,5,18,22,25,48,51,53,59,60,94,98,102" hai2="40,41,43,61,62,64,67,71,84,90,95,110,111" /><INIT seed="2,1,1,4,0,95" ten="96,312,304,278" oya="2" hai0="24,72,29,68,123,52,19,114,67,25,135,73,97" hai1="88,75,100,64,47,28,7,21,18,105,48,71,101" hai2="98,90,104,126,74,124,115,109,45,66,59,4,117" hai3="76,130,69,113,33,32,11,83,38,134,41,129,14"/><V43/><F117/><W8/><G69/><T5/><D19/><U107/><E75/><V119/><F119/><W65/><G65/><T30/><D123/><U78/><E78/><V103/><F115/><W0/><G113/><T84/><D114/><U80/><E28/><V70/><F74/><W92/><G134/><T3/><D84/><U57/><E71/><V96/><F109/><W111/><G111/><T106/><D68/><U61/><E7/><V110/><F110/><W85/><G11/><T9/><D67/><U22/><E107/><V10/><F70/><W16/><G0/><T131/><D131/><U102/><E105/><V54/><F66/><W53/><G41/><T89/><D135/><U51/><E22/><V56/><F90/><W42/><G42/><T112/><D112/><U86/><E47/><V17/><F17/><W35/><G38/><T37/><D37/><U82/><E82/><V118/><F118/><W27/><G53/><T26/><D52/><U122/><E122/><V12/><F98/><W127/><G127/><N who="2" m="48681" /><F54/><W46/><G46/><T6/><D89/><U1/><E1/><V36/><AGARI ba="1,1" hai="4,10,12,36,43,45,56,59,96,103,104" m="48681" machi="36" ten="30,3000,0" yaku="18,1,52,1" doraHai="95" who="2" fromWho="2" sc="96,-11,312,-11,304,43,278,-11" /><INIT seed="2,2,0,3,1,22" ten="85,301,347,267" oya="2" hai0="98,12,20,124,117,91,44,51,59,42,71,76,21" hai1="88,108,81,78,45,11,86,13,110,79,132,14,73" hai2="28,94,18,29,70,109,92,26,52,38,100,104,118" hai3="16,97,95,48,17,129,62,113,102,30,128,133,101"/><V46/><F70/><W82/><G113/><T15/><D71/><U24/><E132/><V111/><F118/><W23/><G133/><T93/><D124/><U50/><E14/><V35/><F104/><W106/><G106/><T5/><D117/><U116/><E116/><V47/><F29/><W89/><G102/><T39/><D39/><U119/><E119/><V77/><F77/><W37/><G37/><T3/><D3/><U99/><E99/><V126/><F126/><W32/><G32/><T68/><D68/><U127/><E127/><V54/><F18/><W125/><G125/><T41/><D76/><U56/><E56/><V122/><F122/><W120/><G120/><T34/><D34/><U85/><E85/><V31/><F31/><W114/><G114/><T107/><D107/><U135/><E135/><V131/><F131/><W72/><G72/><T58/><D41/><N who="1" m="24879" /><E73/><V8/><F8/><W84/><G48/><T53/><D5/><N who="1" m="3311" /><E24/><V80/><F80/><W121/><G121/><T83/><D83/><U123/><E123/><V65/><F65/><W4/><G4/><T1/><D1/><U105/><E105/><V33/><F33/><W60/><G129/><T87/><D98/><U75/><E75/><V19/><F100/><W103/><G103/><T74/><D74/><U40/><E40/><V66/><F66/><W61/><G128/><T43/><D43/><U134/><E134/><V55/><F38/><W0/><G0/><T25/><D42/><U112/><E112/><V2/><F2/><W6/><G6/><T90/><D87/><N who="1" m="48575" /><E78/><V7/><F7/><RYUUKYOKU ba="2,0" sc="85,-15,301,15,347,-15,267,15" hai1="86,88,108,110" hai3="16,17,23,30,60,61,62,82,84,89,95,97,101" /><INIT seed="3,3,0,1,2,35" ten="70,316,332,282" oya="3" hai0="44,79,130,110,24,36,59,26,120,107,8,56,58" hai1="95,47,99,28,118,72,133,90,104,105,101,96,86" hai2="40,20,119,45,5,73,125,69,74,29,71,106,51" hai3="116,39,10,129,34,126,50,94,14,81,128,13,54"/><W37/><G34/><T60/><D79/><U108/><E28/><V68/><F119/><W82/><G116/><T49/><D107/><U61/><E118/><V25/><F106/><W57/><G94/><T7/><D120/><U33/><E33/><V15/><REACH who="2" step="1"/><F125/><REACH who="2" ten="70,316,322,282" step="2"/><W23/><G126/><T93/><D93/><U115/><E104/><V66/><F66/><W89/><G82/><T134/><D36/><U21/><E105/><V111/><F111/><W123/><G123/><T102/><D102/><U0/><E108/><V63/><F63/><W87/><G129/><T88/><D110/><U76/><E61/><V97/><F97/><W27/><G128/><T55/><D130/><U80/><E96/><V85/><F85/><W103/><G103/><T16/><D134/><U65/><E65/><V53/><F53/><W41/><G41/><T43/><D7/><U1/><E133/><V132/><F132/><W117/><G117/><T83/><D43/><U32/><E99/><V124/><F124/><W70/><G70/><T64/><D60/><U62/><E62/><V67/><F67/><W11/><G39/><T84/><REACH who="0" step="1"/><D64/><REACH who="0" ten="60,316,322,282" step="2"/><U127/><E101/><V113/><F113/><W42/><G42/><T109/><D109/><U6/><E115/><V4/><F4/><W78/><G78/><T46/><D46/><U12/><E127/><V30/><F30/><N who="3" m="17791" /><G37/><T48/><D48/><U22/><E47/><V122/><F122/><W3/><G50/><T38/><D38/><U100/><E100/><V19/><F19/><W52/><G54/><T31/><D31/><U114/><E114/><RYUUKYOKU ba="3,2" sc="60,15,316,-15,322,15,282,-15" hai0="8,16,24,26,44,49,55,56,58,59,83,84,88" hai2="5,15,20,25,29,40,45,51,68,69,71,73,74" owari="75,-42.0,301,10.0,357,45.0,267,-13.0" /></mjloggm>