<mjloggm ver="2.3"><GO type="169" lobby="0"/><UN n0="%E7%A5%AD%E4%BA%BA" n1="%E7%B4%A0%E6%9C%B4%E3%81%AA%E5%91%B3%E3%82%8F%E3%81%84" n2="%E3%82%A6%E3%83%AB%E3%83%88%E3%83%A9%E7%AB%8B%E7%9B%B4" n3="%E3%82%A4%E3%82%B5%E3%82%AD" dan="17,16,17,17" rate="2173.96,2078.51,2171.88,2196.59" sx="M,M,M,M"/><TAIKYOKU oya="0"/><INIT seed="0,0,0,2,0,109" ten="250,250,250,250" oya="0" hai0="79,82,105,50,77,36,29,123,70,58,132,118,28" hai1="86,96,48,135,80,104,89,131,129,0,21,67,102" hai2="7,78,55,62,115,56,121,34,37,39,106,32,57" hai3="1,35,5,64,25,19,103,72,95,46,8,13,47"/><T12/><D36/><U42/><E0/><V116/><F106/><W71/><G72/><T26/><D70/><U90/><E67/><V17/><F7/><W68/><G103/><T125/><D105/><U15/><E135/><V98/><F78/><W81/><G81/><T111/><D79/><U44/><E21/><V97/><F17/><W9/><G95/><T14/><D118/><U134/><E134/><V2/><F62/><W49/><G64/><T41/><D132/><U94/><REACH who="1" step="1"/><E15/><REACH who="1" ten="250,240,250,250" step="2"/><V74/><F2/><W24/><G35/><T22/><D12/><U130/><E130/><V4/><F32/><W65/><G65/><T91/><D14/><U108/><E108/><V3/><F34/><W117/><G117/><T20/><D111/><U119/><E119/><V76/><F3/><W83/><G71/><T51/><D22/><U128/><E128/><V63/><F116/><W33/><G68/><T85/><D20/><U10/><E10/><V27/><F121/><W40/><G33/><T75/><D123/><U16/><E16/><V87/><F4/><W69/><G69/><T88/><D29/><U18/><E18/><V112/><F27/><W127/><G24/><T110/><D110/><U114/><E114/><V38/><F115/><W101/><G25/><T92/><D26/><U66/><E66/><V23/><F112/><W11/><G1/><T61/><D28/><U73/><E73/><V120/><F74/><W133/><G133/><T99/><D75/><U43/><E43/><V30/><F120/><W60/><G40/><T93/><D41/><U31/><E31/><RYUUKYOKU ba="0,1" sc="250,-10,240,30,250,-10,250,-10" hai1="42,44,48,80,86,89,90,94,96,102,104,129,131" /><INIT seed="1,1,1,4,3,56" ten="240,270,240,240" oya="1" hai0="68,81,30,17,100,55,50,62,5,37,15,32,119" hai1="102,51,103,38,114,34,91,98,4,18,85,128,77" hai2="39,115,95,127,33,106,74,49,7,28,110,80,59" hai3="76,117,44,31,78,23,64,96,113,3,9,86,120"/><U42/><E114/><V67/><F106/><W57/><G120/><T130/><D37/><U19/><E38/><V60/><F115/><W12/><G3/><T83/><D119/><U52/><E34/><V97/><F110/><W21/><G117/><T79/><D130/><U63/><E128/><V2/><F39/><W48/><G96/><T36/><D36/><U46/><E4/><V75/><F127/><W121/><G121/><T26/><D5/><U16/><E77/><V125/><F125/><W40/><G113/><T73/><D100/><U65/><E42/><V1/><F80/><W0/><G0/><T105/><D105/><U111/><E111/><V61/><F49/><W70/><G70/><T22/><D83/><U82/><REACH who="1" step="1"/><E98/><REACH who="1" ten="240,260,240,240" step="2"/><V129/><F129/><W112/><G76/><T93/><D32/><U8/><E8/><V27/><F7/><W122/><G122/><T116/><D116/><U66/><E66/><N who="2" m="39199" /><F2/><W58/><G64/><T54/><D79/><U29/><E29/><V10/><F10/><W133/><G112/><T11/><D11/><U87/><E87/><V41/><F41/><W104/><G31/><T72/><D30/><U14/><E14/><V84/><F84/><W25/><G12/><T101/><D15/><U123/><E123/><V126/><F1/><W94/><G9/><T118/><D118/><U134/><E134/><V24/><F126/><W43/><G133/><T45/><D73/><U71/><AGARI ba="1,2" hai="16,18,19,46,51,52,63,65,71,82,85,91,102,103" machi="71" ten="30,24000,3" yaku="1,1,0,1,52,1,54,2,53,3" doraHai="56" doraHaiUra="13" who="1" fromWho="1" sc="240,-81,260,263,240,-81,240,-81" /><INIT seed="1,2,0,0,3,16" ten="159,523,159,159" oya="1" hai0="79,13,90,11,17,112,100,29,40,99,18,38,97" hai1="42,121,52,80,133,36,115,56,31,103,132,120,7" hai2="58,88,67,19,27,107,110,2,51,78,72,130,63" hai3="111,54,73,114,116,26,4,93,46,109,124,106,77"/><U57/><E115/><V92/><F130/><W12/><G106/><T83/><D112/><U25/><E103/><V85/><F110/><W102/><G114/><T34/><D90/><U66/><E7/><V96/><F2/><W43/><G124/><T108/><D108/><U21/><E80/><V71/><F72/><W94/><G116/><T61/><D61/><N who="1" m="38191" /><E42/><V75/><F75/><W113/><G54/><T98/><D29/><U104/><E104/><V15/><F27/><W62/><G113/><T122/><D34/><U59/><E36/><V55/><F107/><W45/><G102/><T101/><D122/><U39/><E39/><V82/><F78/><W127/><G43/><T123/><D123/><N who="1" m="47179" /><E52/><V87/><REACH who="2" step="1"/><F82/><REACH who="2" ten="159,523,149,159" step="2"/><W24/><G73/><T131/><D83/><U53/><E25/><V119/><F119/><W10/><G77/><T37/><D79/><U9/><E133/><V23/><AGARI ba="2,1" hai="15,19,23,51,55,58,63,67,71,85,87,88,92,96" machi="23" ten="20,12000,2" yaku="1,1,0,1,7,1,52,1,54,1,53,1" doraHai="16" doraHaiUra="14" who="2" fromWho="2" sc="159,-32,523,-62,149,136,159,-32" /><INIT seed="2,0,0,2,2,38" ten="127,461,285,127" oya="2" hai0="17,74,106,8,49,67,48,118,133,59,34,116,50" hai1="124,92,120,117,80,87,82,76,7,30,100,110,44" hai2="111,129,127,108,102,68,64,51,58,107,2,125,12" hai3="115,90,41,132,23,27,40,20,99,73,121,63,94"/><V78/><F2/><W84/><G121/><T26/><D74/><U65/><E117/><N who="0" m="45161" /><D106/><U46/><E110/><N who="2" m="42027" /><F78/><W18/><G73/><T22/><D133/><U1/><E124/><N who="2" m="47691" /><F102/><N who="3" m="60791" /><G132/><T105/><D105/><U36/><E36/><V89/><F107/><W55/><G115/><T72/><D72/><U33/><E100/><V47/><F89/><W96/><G96/><T25/><D8/><U130/><E130/><V13/><F129/><W134/><G134/><T62/><D34/><U104/><E104/><V56/><F12/><AGARI ba="0,0" hai="12,17,22,25,26,48,49,50,59,62,67" m="45161" machi="12" ten="30,1000,0" yaku="12,1" doraHai="38" who="0" fromWho="2" sc="127,10,461,0,285,-10,127,0" /><INIT seed="3,0,0,2,0,119" ten="137,461,275,127" oya="3" hai0="60,34,49,102,111,25,69,47,72,39,89,124,105" hai1="13,98,92,87,22,40,103,64,17,79,109,75,21" hai2="134,74,46,24,54,38,96,12,129,11,0,97,35" hai3="33,126,65,18,123,90,16,77,125,19,26,57,8"/><W118/><G118/><T53/><D72/><U93/><E75/><V31/><F74/><W29/><G77/><T108/><D124/><N who="3" m="47721" /><G90/><T55/><D39/><U84/><E109/><N who="0" m="42057" /><D89/><U28/><E40/><V32/><F32/><W115/><G115/><T63/><D69/><U120/><E120/><V45/><F0/><W50/><G123/><T91/><D91/><N who="1" m="53375" /><E64/><V41/><F129/><W52/><G65/><T37/><D37/><U132/><E132/><V100/><F134/><W20/><G8/><T130/><D130/><U5/><E5/><V133/><F133/><W70/><G70/><T30/><D53/><U9/><E28/><V117/><F117/><W59/><G59/><T4/><D4/><U56/><E56/><V94/><F54/><W6/><G6/><T14/><D14/><AGARI ba="0,0" hai="14,16,18,19,20,26,29,33,50,52,57" m="47721" machi="14" ten="30,5800,0" yaku="18,1,54,2" doraHai="119" who="3" fromWho="0" sc="137,-58,461,0,275,0,127,58" /><INIT seed="3,1,0,3,0,85" ten="79,461,275,185" oya="3" hai0="103,23,104,53,44,80,128,82,6,134,48,10,101" hai1="56,107,35,87,100,14,97,133,57,62,130,28,129" hai2="98,106,116,0,34,86,11,121,41,46,5,24,71" hai3="108,51,8,68,105,52,131,72,92,77,96,1,38"/><W84/><G38/><T17/><D128/><U18/><E133/><V2/><F116/><W31/><G68/><T25/><D134/><U74/><E74/><V55/><F55/><W29/><G131/><N who="1" m="50186" /><E62/><V110/><F110/><W20/><G105/><T94/><D104/><U27/><E87/><V119/><F119/><W32/><G32/><T90/><D101/><U3/><E3/><V60/><F86/><W40/><G40/><T122/><D103/><U79/><E79/><V91/><F91/><N who="3" m="55327" /><G1/><T109/><D109/><U125/><E125/><V88/><F88/><W99/><G99/><T13/><REACH who="0" step="1"/><D122/><REACH who="0" ten="69,461,275,185" step="2"/><U37/><E107/><V102/><F121/><W117/><G108/><T135/><D135/><U75/><E100/><V50/><F102/><W61/><G117/><T54/><D54/><U95/><E95/><V45/><F106/><W66/><G52/><T15/><D15/><U26/><E14/><V33/><F0/><W9/><G66/><T93/><D93/><U7/><E27/><V42/><F24/><W81/><G81/><T113/><D113/><U4/><E26/><V112/><F112/><W19/><G31/><T123/><D123/><U16/><E28/><V43/><F2/><W120/><G29/><T69/><D69/><U63/><E97/><AGARI ba="1,1" hai="6,10,13,17,23,25,44,48,53,80,82,90,94,97" machi="97" ten="30,7700,0" yaku="1,1,7,1,8,1,52,1,53,0" doraHai="85" doraHaiUra="132" who="0" fromWho="1" sc="69,90,461,-80,275,0,185,0" /><INIT seed="4,0,0,5,0,16" ten="159,381,275,185" oya="0" hai0="2,39,82,51,104,18,34,120,100,97,134,9,57" hai1="124,94,38,28,52,108,17,126,63,30,125,32,75" hai2="87,69,77,103,13,12,96,67,119,15,131,78,93" hai3="123,27,7,61,11,122,64,110,130,55,74,46,21"/><T76/><D120/><N who="3" m="46121" /><G110/><T133/><D39/><U41/><E75/><V14/><F131/><W113/><G74/><T6/><D34/><U60/><E108/><V59/><F119/><W90/><G130/><T128/><D128/><U99/><E17/><V35/><F35/><W91/><G55/><T19/><D57/><N who="1" m="34855" /><E63/><N who="2" m="38399" /><F69/><N who="3" m="42127" /><G46/><T5/><D5/><U22/><E32/><V79/><F15/><N who="3" m="5631" /><G113/><T43/><D43/><U72/><E72/><V54/><F54/><W10/><G10/><T105/><D51/><U117/><E117/><V24/><F24/><W25/><G25/><T71/><D71/><U50/><E38/><V20/><F87/><W85/><G85/><N who="0" m="48327" /><D105/><U115/><E115/><V65/><F65/><W73/><G73/><T56/><D56/><U66/><E66/><V58/><F58/><W109/><G109/><T62/><D62/><U98/><E41/><V0/><F0/><W40/><G40/><T81/><D81/><U135/><E98/><V132/><F132/><AGARI ba="0,0" hai="2,6,9,18,19,97,100,104,132,133,134" m="48327" machi="132" ten="30,1500,0" yaku="20,1" doraHai="16" who="0" fromWho="2" sc="159,15,381,0,275,-15,185,0" /><INIT seed="4,1,0,4,0,86" ten="174,381,260,185" oya="0" hai0="17,77,8,113,110,5,43,40,123,3,84,32,38" hai1="48,75,31,67,71,122,120,102,93,88,109,114,97" hai2="58,34,79,115,46,89,63,121,4,64,105,6,128" hai3="24,124,119,9,100,66,131,132,135,26,36,72,35"/><T50/><D123/><U33/><E75/><V65/><F121/><W103/><G72/><T59/><D32/><U52/><E109/><V78/><F105/><W101/><G36/><T108/><D113/><U37/><E37/><V30/><F128/><W129/><G119/><T19/><D38/><U20/><E114/><V130/><F130/><N who="3" m="49675" /><G66/><T0/><D0/><U25/><E33/><V60/><F115/><W99/><G9/><T95/><D59/><U47/><REACH who="1" step="1"/><E102/><REACH who="1" ten="174,371,260,185" step="2"/><V126/><F34/><W22/><G35/><T104/><D108/><U118/><E118/><V76/><F126/><W90/><G124/><T28/><D110/><U96/><E96/><V61/><F65/><W134/><G103/><T81/><D104/><U23/><E23/><V92/><F30/><W82/><G22/><T116/><D116/><U54/><E54/><V12/><F64/><W70/><G101/><T107/><D107/><U111/><E111/><V29/><F29/><W94/><G100/><T125/><D125/><U68/><E68/><V15/><F58/><W41/><G70/><T55/><D28/><U27/><E27/><V106/><F46/><W53/><G53/><T2/><D43/><U14/><E14/><N who="2" m="5163" /><F106/><W51/><G24/><T112/><D112/><U83/><E83/><V13/><F13/><W11/><G26/><T21/><D40/><U98/><E98/><AGARI ba="1,1" hai="4,6,60,61,63,76,78,79,89,92,98" m="5163" machi="98" ten="30,2000,0" yaku="8,1,52,1" doraHai="86" who="2" fromWho="1" sc="174,0,371,-23,260,33,185,0" /><INIT seed="5,0,0,5,1,48" ten="174,348,293,185" oya="1" hai0="29,116,84,105,60,101,28,20,64,96,47,88,2" hai1="12,125,41,26,3,75,52,16,45,27,72,87,43" hai2="100,94,118,34,132,22,99,109,50,37,17,110,11" hai3="4,31,59,106,40,49,35,102,93,10,9,1,80"/><U58/><E3/><V18/><F34/><W73/><G106/><T92/><D116/><U66/><E125/><V23/><F37/><W65/><G31/><T129/><D129/><U61/><E87/><V113/><F118/><W85/><G35/><T86/><D2/><U13/><E66/><V124/><F124/><W32/><G32/><T131/><D131/><U42/><E45/><V36/><F36/><W79/><G9/><T134/><D134/><U115/><E115/><V122/><F122/><W76/><G76/><T111/><D111/><U19/><E75/><V126/><F126/><W77/><G77/><T56/><D86/><U30/><E72/><V89/><F11/><W114/><G114/><T81/><D105/><U8/><E30/><V107/><F113/><W57/><G65/><T24/><D47/><U78/><E78/><V54/><F132/><W33/><G33/><T53/><D64/><U14/><E14/><V127/><F127/><W44/><G73/><T51/><D29/><U62/><E62/><AGARI ba="0,0" hai="20,24,28,51,53,56,60,62,81,84,88,92,96,101" machi="62" ten="40,5200,0" yaku="8,1,52,1,54,1" doraHai="48" who="0" fromWho="1" sc="174,52,348,-52,293,0,185,0" /><INIT seed="6,0,0,1,5,119" ten="226,296,293,185" oya="2" hai0="58,83,66,77,75,102,26,103,117,79,16,114,50" hai1="32,92,60,108,17,82,125,19,89,24,55,127,105" hai2="15,107,80,106,2,101,99,45,61,43,97,27,29" hai3="33,98,131,69,62,93,67,81,100,86,68,21,135"/><V120/><F2/><W85/><G135/><T40/><D117/><U10/><E105/><V87/><F15/><W8/><G131/><T12/><D114/><U115/><E108/><V130/><F130/><W74/><G33/><T49/><D26/><U133/><E133/><V28/><F120/><W113/><G113/><T51/><D40/><U122/><E122/><V104/><F61/><W4/><G21/><N who="0" m="11399" /><D75/><U53/><E115/><V54/><F54/><W94/><G69/><T134/><D134/><U128/><E82/><V78/><F99/><W48/><G48/><T23/><D23/><N who="1" m="13423" /><E32/><V0/><F0/><W22/><G22/><T35/><D35/><U5/><E19/><V34/><F29/><W90/><G74/><T31/><D31/><U11/><E60/><V84/><REACH who="2" step="1"/><F87/><REACH who="2" ten="226,296,283,185" step="2"/><W91/><G85/><T116/><D66/><U96/><E128/><V124/><F124/><N who="1" m="47689" /><E10/><V13/><F13/><AGARI ba="0,1" hai="5,11,13,53,55,89,92,96" m="47689,13423" machi="13" ten="30,1000,0" yaku="18,1" doraHai="119" who="1" fromWho="2" sc="226,0,296,20,283,-10,185,0" /><INIT seed="7,0,0,5,2,123" ten="226,316,273,185" oya="3" hai0="79,68,117,54,33,76,19,30,28,135,41,13,107" hai1="20,61,92,110,4,74,104,55,27,127,130,101,102" hai2="124,106,126,23,5,131,77,97,108,99,60,63,59" hai3="115,57,100,18,119,111,65,113,44,36,84,53,87"/><W37/><G100/><T6/><D68/><U129/><E74/><V10/><F131/><W49/><G119/><T78/><D6/><U17/><E110/><V85/><F60/><N who="3" m="38031" /><G84/><T128/><D41/><U67/><E104/><V14/><F108/><W7/><G7/><T75/><D75/><U8/><E127/><N who="2" m="48683" /><F106/><W50/><G18/><T89/><D30/><U45/><E92/><V122/><F122/><W11/><G11/><T82/><D28/><U42/><E55/><N who="2" m="34303" /><F23/><W52/><G87/><T56/><D78/><U38/><E61/><V46/><F46/><N who="3" m="27863" /><G111/><T40/><D89/><U121/><E121/><V81/><AGARI ba="0,0" hai="5,10,14,77,81,85,97,99" m="34303,48683" machi="81" ten="30,1100,0" yaku="18,1" doraHai="123" who="2" fromWho="2" sc="226,-3,316,-3,273,11,185,-5" owari="223,-18.0,313,42.0,284,8.0,180,-32.0" /></mjloggm>