<mjloggm ver="2.3"><GO type="169" lobby="0"/><UN n0="%E3%82%A6%E3%83%AB%E3%83%88%E3%83%A9%E7%AB%8B%E7%9B%B4" n1="%E5%BE%80%E5%BE%A9%E3%83%93%E3%83%B3%E3%82%BF" n2="%E6%96%B0%E4%B8%96%E7%95%8C%E3%81%AE%E7%B4%99" n3="%64%75%72%72%72%72%72" dan="16,16,18,16" rate="2099.30,2161.79,2225.96,2112.60" sx="M,M,M,M"/><TAIKYOKU oya="0"/><INIT seed="0,0,0,2,2,85" ten="250,250,250,250" oya="0" hai0="111,35,38,25,115,70,98,51,22,7,61,40,126" hai1="88,76,116,19,55,37,30,60,95,8,21,132,75" hai2="82,94,17,124,33,71,29,49,90,72,39,100,43" hai3="91,93,32,45,9,99,48,83,46,69,64,62,14"/><T114/><D126/><U42/><E116/><V2/><F124/><W113/><G113/><T24/><D111/><U104/><E104/><V58/><F71/><W27/><G83/><T112/><D7/><U123/><E123/><V133/><F2/><W118/><G118/><T84/><D38/><U52/><E132/><V34/><F39/><W68/><G68/><T131/><D131/><U41/><E76/><V106/><F29/><W11/><G46/><T16/><D98/><N who="1" m="57703" /><E75/><V103/><F133/><W67/><G67/><T125/><D125/><U4/><E37/><V23/><F106/><W108/><G108/><T110/><D110/><U5/><E30/><V107/><F107/><W31/><REACH who="3" step="1"/><G14/><REACH who="3" ten="250,250,250,240" step="2"/><T130/><D114/><U74/><E74/><V96/><F72/><W50/><G50/><T53/><D112/><U36/><E36/><V15/><F82/><W81/><G81/><T63/><D70/><U26/><E60/><V134/><F134/><W109/><G109/><T0/><D63/><U65/><E65/><V105/><F58/><W80/><G80/><T57/><D115/><U3/><E3/><V129/><F129/><W66/><G66/><T28/><D0/><U56/><E56/><V120/><F120/><W97/><G97/><T12/><D130/><U44/><E44/><V18/><F49/><W10/><G10/><T89/><D51/><U59/><E8/><N who="2" m="6375" /><F43/><AGARI ba="0,1" hai="9,11,27,31,32,43,45,48,62,64,69,91,93,99" machi="43" ten="30,3900,0" yaku="1,1,7,1,52,1,53,0" doraHai="85" doraHaiUra="101" who="3" fromWho="2" sc="250,0,250,0,250,-39,240,49" /><INIT seed="1,0,0,1,1,19" ten="250,250,211,289" oya="1" hai0="36,45,109,60,101,104,33,28,125,83,20,115,70" hai1="4,35,108,41,40,44,119,16,2,127,111,54,100" hai2="49,97,106,107,26,117,128,62,25,68,27,80,110" hai3="66,42,90,1,18,53,7,51,56,12,132,47,130"/><U81/><E35/><V112/><F117/><W61/><G132/><T84/><D115/><U74/><E119/><V64/><F112/><W24/><G130/><T13/><D125/><U57/><E100/><V39/><F39/><W23/><G1/><T15/><D109/><N who="1" m="42059" /><E127/><V69/><F110/><W63/><G90/><T9/><D45/><U99/><E99/><V34/><F128/><W72/><G72/><T3/><D36/><U46/><E4/><V59/><F80/><W91/><G91/><T58/><D101/><U116/><E2/><V17/><F69/><W98/><G98/><T55/><D104/><U0/><E0/><V134/><F134/><W120/><G120/><T22/><D33/><U123/><E116/><V52/><F17/><W103/><G103/><T65/><D3/><U85/><E74/><V78/><F78/><W50/><G66/><T92/><D28/><U86/><E123/><V48/><F97/><W126/><G126/><T82/><D65/><U77/><E86/><V73/><F73/><W38/><G38/><T76/><D70/><U89/><E77/><V10/><F34/><W71/><G71/><T129/><D129/><U94/><E81/><V11/><REACH who="2" step="1"/><F49/><REACH who="2" ten="250,250,201,289" step="2"/><W95/><G95/><T102/><D83/><U21/><E41/><V67/><F67/><W122/><G122/><T37/><D82/><U29/><E40/><V133/><F133/><W32/><G32/><T87/><D76/><U121/><E121/><V79/><F79/><W6/><G6/><T14/><D37/><U135/><E135/><V93/><F93/><W43/><G43/><RYUUKYOKU ba="0,1" sc="250,-15,250,-15,201,15,289,15" hai2="10,11,25,26,27,48,52,59,62,64,68,106,107" hai3="7,12,18,23,24,42,47,50,51,53,56,61,63" /><INIT seed="2,1,1,0,1,91" ten="235,235,216,304" oya="2" hai0="108,123,29,103,132,75,125,81,98,58,124,94,85" hai1="20,0,62,72,27,92,30,16,6,113,50,76,25" hai2="32,128,34,2,134,110,10,39,73,5,79,112,90" hai3="120,61,107,8,45,74,70,121,35,36,127,114,9"/><V77/><F112/><W63/><G45/><T93/><D29/><U41/><E113/><V89/><F134/><W47/><G47/><T23/><D23/><U13/><E41/><V21/><F39/><W28/><G28/><T101/><D58/><U86/><E50/><V97/><F128/><W1/><G9/><T88/><D123/><U42/><E42/><V60/><F110/><W48/><G8/><T96/><D108/><U68/><E72/><V105/><F21/><W31/><G48/><T3/><D3/><U126/><E126/><N who="0" m="48745" /><D75/><U44/><E44/><V99/><F60/><W59/><G59/><T133/><AGARI ba="1,1" hai="81,85,88,93,94,96,98,101,103,132,133" m="48745" machi="133" ten="30,12000,2" yaku="18,1,34,2,52,2,54,1" doraHai="91" who="0" fromWho="0" sc="235,133,235,-31,216,-61,304,-31" /><INIT seed="3,0,0,5,3,113" ten="368,204,155,273" oya="3" hai0="75,109,122,17,3,85,23,86,92,16,56,81,52" hai1="48,24,2,41,87,125,79,121,129,55,7,51,10" hai2="97,135,89,133,61,108,70,22,98,45,115,130,1" hai3="8,83,103,30,71,20,65,104,112,100,14,42,9"/><W96/><G112/><T69/><D69/><U6/><E121/><V73/><F115/><W13/><G103/><T46/><D3/><U26/><E129/><V78/><F1/><W59/><G42/><T58/><D75/><U88/><E125/><V64/><F108/><W28/><G71/><T49/><D109/><U44/><E79/><V72/><F130/><W117/><G117/><T12/><D122/><U53/><E7/><V107/><F45/><W77/><G20/><T134/><D134/><N who="2" m="51210" /><F78/><W106/><G106/><T91/><D17/><U76/><E76/><AGARI ba="0,0" hai="12,16,23,46,49,52,56,58,76,81,85,86,91,92" machi="76" ten="30,7700,0" yaku="7,1,8,1,54,2" doraHai="113" who="0" fromWho="1" sc="368,77,204,-77,155,0,273,0" /><INIT seed="4,0,0,5,2,15" ten="445,127,155,273" oya="0" hai0="113,49,118,23,17,28,85,37,31,97,34,59,1" hai1="81,58,4,24,47,78,80,123,26,7,29,39,72" hai2="92,6,69,56,52,82,53,30,40,122,74,35,98" hai3="115,99,0,5,104,131,106,87,76,3,70,120,121"/><T13/><D37/><U21/><E123/><N who="3" m="47178" /><G131/><T109/><D118/><U10/><E80/><V93/><F122/><W128/><G128/><T65/><D109/><U42/><E58/><V129/><F129/><W101/><G115/><T66/><D1/><N who="3" m="585" /><G5/><T112/><D34/><U135/><E135/><V33/><F69/><W12/><G12/><T116/><D116/><U43/><E10/><V19/><F40/><W110/><G70/><T25/><D13/><U130/><E130/><V55/><F6/><W27/><G27/><T96/><D85/><U32/><REACH who="1" step="1"/><E43/><REACH who="1" ten="445,117,155,273" step="2"/><V119/><F56/><W67/><G110/><T86/><D59/><U107/><E107/><V71/><F71/><W48/><G67/><T95/><D66/><U36/><E36/><V20/><F119/><W108/><G108/><T134/><D65/><U100/><E100/><V94/><F98/><W44/><G99/><T126/><D97/><U132/><E132/><V105/><F105/><W117/><G101/><T91/><D96/><U8/><E8/><V9/><F82/><N who="3" m="47559" /><G117/><T11/><D134/><U60/><E60/><V38/><F38/><W46/><G46/><T88/><D113/><U73/><E73/><V50/><F74/><W16/><G104/><T64/><D112/><U79/><E79/><V83/><F83/><W89/><G106/><T18/><D64/><U41/><E41/><V133/><F133/><W124/><G89/><T77/><D91/><U102/><E102/><V84/><F84/><W125/><G44/><T62/><D77/><U127/><E127/><N who="3" m="48714" /><G48/><T111/><D62/><U75/><E75/><RYUUKYOKU ba="0,1" sc="445,-15,117,15,155,-15,273,15" hai1="4,7,21,24,26,29,32,39,42,47,72,78,81" hai3="16" /><INIT seed="5,1,1,4,1,75" ten="430,132,140,288" oya="1" hai0="111,83,1,65,89,37,66,93,88,40,51,86,29" hai1="9,97,68,120,22,23,67,21,124,109,33,125,6" hai2="98,112,49,58,3,60,26,39,52,108,115,13,100" hai3="79,34,128,73,80,114,102,74,42,92,127,106,7"/><U103/><E120/><V43/><F108/><W62/><G34/><T99/><D1/><U72/><E72/><V46/><F3/><W38/><G74/><T2/><D2/><U24/><E109/><V135/><F135/><W77/><G77/><N who="0" m="46447" /><D37/><U45/><E45/><V90/><F90/><N who="0" m="34922" /><D29/><N who="1" m="19623" /><E9/><V36/><F26/><W129/><G106/><T70/><D70/><U64/><E6/><V0/><F0/><W104/><G7/><T4/><D4/><U35/><E35/><V105/><REACH who="2" step="1"/><F13/><REACH who="2" ten="430,132,130,288" step="2"/><W113/><G128/><T119/><D111/><U16/><E16/><V31/><F31/><W121/><G129/><T131/><D131/><U53/><E53/><V110/><F110/><W94/><G121/><T18/><D18/><U57/><E57/><V63/><F63/><W117/><G62/><T47/><D119/><U76/><E76/><V130/><F130/><W95/><G117/><T48/><D48/><U71/><E71/><V101/><F101/><AGARI ba="1,2" hai="40,47,51,65,66,93,99,101" m="34922,46447" machi="101" ten="30,3900,0" yaku="8,1,52,1,54,1" doraHai="75" who="0" fromWho="2" sc="430,62,132,0,130,-42,288,0" /><INIT seed="6,0,0,3,0,89" ten="492,132,88,288" oya="2" hai0="125,117,134,51,104,40,86,21,50,95,19,24,99" hai1="82,45,17,103,115,131,7,56,36,118,47,70,107" hai2="68,2,119,34,32,33,10,75,63,5,111,77,85" hai3="122,14,129,59,98,62,46,26,25,53,15,123,130"/><V43/><F119/><W81/><G81/><T87/><D117/><U11/><E118/><V97/><F85/><W4/><G46/><N who="0" m="25927" /><D104/><U38/><E70/><V112/><F112/><W79/><G79/><T6/><D125/><U37/><E115/><V128/><F128/><N who="3" m="49259" /><G98/><T110/><D110/><U60/><E131/><V8/><F111/><W102/><G102/><N who="0" m="60799" /><D134/><U73/><E17/><V126/><F126/><W18/><G15/><T28/><D6/><U109/><E109/><V48/><F10/><N who="3" m="4423" /><G18/><T13/><D51/><U61/><E103/><V116/><F116/><W42/><G42/><T132/><D132/><U135/><E107/><V80/><F97/><W92/><G92/><T106/><D106/><U105/><E105/><V67/><REACH who="2" step="1"/><F34/><REACH who="2" ten="492,132,78,288" step="2"/><W69/><G122/><T108/><D108/><U64/><E135/><V49/><F49/><N who="3" m="31151" /><G123/><T94/><D87/><U113/><E113/><V65/><F65/><AGARI ba="0,1" hai="25,26,62,65,69" m="31151,4423,49259" machi="65" ten="30,1000,0" yaku="19,1" doraHai="89" who="3" fromWho="2" sc="492,0,132,0,78,-10,288,20" /><INIT seed="7,0,0,5,5,117" ten="492,132,68,308" oya="3" hai0="54,3,128,6,80,2,129,95,71,0,65,102,32" hai1="9,58,114,68,4,112,48,113,51,27,17,118,89" hai2="28,67,36,70,29,57,74,123,97,30,52,130,46" hai3="107,14,109,73,108,66,103,116,53,40,82,93,124"/><W115/><G116/><T20/><D32/><U81/><E68/><V104/><F74/><W126/><G66/><T23/><D6/><U34/><E118/><V134/><F134/><W72/><G40/><T100/><D80/><U45/><E58/><V11/><F130/><N who="0" m="50282" /><D54/><U119/><E119/><V64/><F11/><W43/><G43/><T31/><D31/><N who="1" m="19839" /><E17/><V47/><F67/><W99/><G53/><T39/><D39/><U38/><E38/><V10/><F10/><W83/><G14/><T87/><D87/><N who="1" m="50415" /><E45/><V111/><F111/><N who="3" m="42571" /><G107/><T41/><D41/><U131/><E131/><V75/><F75/><N who="3" m="28747" /><G115/><T125/><D65/><U132/><E132/><V133/><F133/><W18/><G18/><T5/><D3/><AGARI ba="0,0" hai="3,4,9,48,51,112,113,114" m="50415,19839" machi="3" ten="30,1000,0" yaku="15,1" doraHai="117" who="1" fromWho="0" sc="492,-10,132,10,68,0,308,0" owari="482,58.0,142,-26.0,68,-43.0,308,11.0" /></mjloggm>