<mjloggm ver="2.3"><GO type="169" lobby="0"/><UN n0="%E4%B8%89%E8%89%B2%E5%90%8C%E5%88%BB%E2%98%86" n1="%E5%B0%B1%E6%B4%BB%E7%94%9F%40%E5%B7%9D%E6%9D%91%E8%BB%8D%E5%9B%A3" n2="%74%61%6E%61%4B%61" n3="%74%6F%72%69%30%36%31%32" dan="17,16,16,17" rate="2146.42,2106.14,2094.66,2103.60" sx="M,M,M,M"/><TAIKYOKU oya="0"/><INIT seed="0,0,0,4,2,48" ten="250,250,250,250" oya="0" hai0="61,70,102,124,39,25,77,67,87,97,17,16,54" hai1="109,83,72,128,12,114,76,78,59,113,29,66,6" hai2="24,93,18,123,94,31,126,64,86,11,75,106,14" hai3="112,98,130,103,46,133,26,8,131,81,129,79,13"/><T28/><D39/><U41/><E109/><V40/><F75/><W37/><G112/><T121/><D121/><U89/><E128/><V63/><F106/><W27/><G133/><T99/><D124/><U127/><E127/><V95/><F126/><W108/><G108/><T60/><D77/><U117/><E41/><V110/><F110/><W34/><G46/><T125/><D87/><U104/><E29/><V69/><F40/><W135/><G37/><T22/><D125/><U3/><E3/><V32/><REACH who="2" step="1"/><F123/><REACH who="2" ten="250,250,240,250" step="2"/><W30/><G135/><T2/><D2/><U57/><E104/><V65/><F65/><W1/><G1/><T49/><D61/><U15/><E66/><V58/><F58/><W68/><G68/><T107/><D99/><U101/><E59/><AGARI ba="0,1" hai="16,17,22,25,28,49,54,59,60,67,70,97,102,107" machi="59" ten="30,5800,0" yaku="7,1,52,1,54,1" doraHai="48" who="0" fromWho="1" sc="250,68,250,-58,240,0,250,0" /><INIT seed="0,1,0,3,5,11" ten="318,192,240,250" oya="0" hai0="130,77,42,1,3,69,62,102,103,32,52,36,38" hai1="81,10,33,114,89,73,39,99,126,108,107,35,12" hai2="0,27,106,45,104,123,74,98,113,92,85,119,124" hai3="49,131,40,30,7,28,78,86,121,51,100,19,127"/><T82/><D32/><U13/><E39/><V88/><F0/><W57/><G100/><T83/><D130/><U43/><E43/><V59/><F123/><W68/><G68/><T133/><D133/><U29/><E114/><V37/><F113/><W46/><G7/><T109/><D69/><U67/><E67/><V115/><F115/><W5/><G5/><T135/><D135/><U95/><E126/><V15/><F124/><W72/><G72/><T54/><D42/><U22/><E107/><V24/><F74/><W34/><G34/><T76/><D62/><U71/><E71/><V64/><F119/><W56/><G131/><T53/><D53/><U2/><E108/><AGARI ba="1,0" hai="1,3,36,38,52,54,76,77,82,83,102,103,108,109" machi="108" ten="25,4800,0" yaku="22,2,54,1" doraHai="11" who="0" fromWho="1" sc="318,51,192,-51,240,0,250,0" /><INIT seed="0,2,0,4,2,17" ten="369,141,240,250" oya="0" hai0="20,5,112,41,92,134,10,94,107,101,18,74,37" hai1="49,99,109,128,135,89,114,15,52,73,8,29,86" hai2="6,22,25,26,124,68,65,24,117,0,4,9,39" hai3="28,58,23,87,119,64,31,121,48,76,111,38,60"/><T59/><D112/><U116/><E73/><V57/><F68/><W67/><G38/><T54/><D74/><U100/><E116/><V2/><F39/><W56/><G119/><T115/><D115/><U46/><E114/><V70/><F70/><W3/><G3/><T16/><D134/><U42/><E135/><V19/><F117/><W62/><G111/><T96/><D18/><U40/><E109/><V45/><F45/><W12/><G48/><T120/><D120/><U71/><E71/><V123/><F123/><W63/><G63/><T82/><D82/><U69/><E69/><V61/><REACH who="2" step="1"/><F124/><REACH who="2" ten="369,141,230,250" step="2"/><W95/><G121/><T122/><D122/><U125/><E125/><V30/><F30/><W81/><G31/><T32/><D37/><U129/><E29/><V47/><F47/><W7/><G28/><T97/><D32/><U50/><E129/><V55/><F55/><W53/><G53/><T105/><D41/><U13/><E128/><V127/><F127/><W85/><G67/><T130/><D130/><U126/><E126/><V34/><F34/><W14/><G64/><T110/><D110/><U51/><E42/><V44/><F44/><W102/><G58/><T33/><D33/><U80/><E40/><V106/><F106/><W103/><G56/><T98/><D59/><U72/><E72/><V84/><F84/><W131/><G85/><T88/><D54/><U43/><E43/><V27/><F27/><W77/><G87/><N who="0" m="52255" /><D107/><N who="1" m="63903" /><E15/><V79/><F79/><W108/><G77/><T1/><D105/><U36/><E36/><V118/><F118/><W113/><G131/><RYUUKYOKU ba="2,1" sc="369,10,141,10,230,10,250,-30" hai0="1,5,10,16,20,94,96,97,98,101" hai1="8,13,46,49,50,51,52,80,86,89" hai2="0,2,4,6,9,19,22,24,25,26,57,61,65" /><INIT seed="0,3,1,2,1,42" ten="379,151,240,220" oya="0" hai0="131,54,50,75,26,70,32,66,45,112,67,30,125" hai1="73,101,24,93,9,34,55,18,106,105,110,134,86" hai2="82,10,108,47,15,20,16,11,41,31,79,103,116" hai3="39,107,19,94,88,95,25,123,129,130,38,89,27"/><T124/><D112/><U71/><E73/><V91/><F108/><W109/><G19/><T68/><D75/><U57/><E71/><N who="0" m="27177" /><D131/><N who="3" m="50185" /><G107/><T117/><D117/><U96/><E110/><V23/><F103/><W53/><G53/><T78/><D78/><U51/><E134/><V97/><F116/><W80/><G80/><T69/><D69/><U64/><E64/><V98/><F91/><N who="3" m="34891" /><G109/><T100/><D100/><U104/><E86/><N who="2" m="48479" /><F10/><W49/><G49/><T17/><D17/><U52/><E55/><V7/><F31/><W46/><G46/><T59/><D59/><U21/><E9/><V128/><F128/><W115/><G115/><T36/><D36/><N who="3" m="13865" /><G123/><T22/><D32/><U29/><REACH who="1" step="1"/><E106/><REACH who="1" ten="379,141,240,220" step="2"/><V113/><F113/><W132/><G132/><T85/><D85/><U135/><E135/><V35/><F35/><W114/><G114/><T48/><D67/><U61/><E61/><V126/><F20/><W81/><G81/><T102/><D66/><U87/><E87/><V1/><F23/><W133/><G133/><T5/><D54/><U72/><E72/><V63/><F63/><W111/><G111/><T12/><D22/><U40/><E40/><V92/><F41/><W8/><G8/><T56/><D56/><U83/><E83/><V62/><F62/><W60/><G60/><T84/><D84/><U37/><E37/><V44/><F11/><W33/><G33/><T28/><D50/><U43/><E43/><V0/><F97/><W74/><G74/><T119/><D48/><U77/><E77/><V14/><F98/><W58/><G58/><T3/><D119/><RYUUKYOKU ba="3,2" sc="379,-15,141,15,240,-15,220,15" hai1="18,21,24,29,34,51,52,57,93,96,101,104,105" hai3="25,27,94,95" /><INIT seed="1,4,2,0,3,28" ten="364,156,225,235" oya="1" hai0="94,59,25,26,19,103,113,81,30,72,35,97,11" hai1="9,2,27,121,105,135,39,55,68,24,49,74,66" hai2="70,20,106,119,32,98,79,129,130,64,125,6,82" hai3="100,38,109,77,65,118,42,111,116,53,63,99,18"/><U54/><E121/><V7/><F119/><N who="3" m="45611" /><G77/><T124/><D113/><U126/><E39/><V84/><F125/><W120/><G18/><T37/><D37/><U8/><E105/><V5/><F32/><W0/><G0/><T122/><D124/><U86/><E74/><V73/><F20/><W21/><G21/><T4/><D122/><U29/><E126/><V61/><REACH who="2" step="1"/><F73/><REACH who="2" ten="364,156,215,235" step="2"/><W45/><G120/><T51/><D72/><U91/><E135/><V110/><F110/><W14/><G111/><T56/><D35/><U1/><E8/><V58/><F58/><N who="3" m="35279" /><G109/><T96/><D56/><U12/><E27/><V34/><F34/><W107/><G14/><T128/><D59/><U10/><E2/><V57/><F57/><W101/><G101/><AGARI ba="4,3" hai="5,6,7,61,64,70,79,82,84,98,101,106,129,130" machi="101" ten="40,1300,0" yaku="1,1,53,0" doraHai="28" doraHaiUra="46" who="2" fromWho="3" sc="364,0,156,0,215,55,235,-25" /><INIT seed="2,0,0,0,2,108" ten="364,156,270,210" oya="2" hai0="117,15,83,11,89,119,90,98,21,33,135,30,57" hai1="82,22,97,128,28,70,67,51,41,59,71,9,65" hai2="20,1,76,60,19,111,78,125,130,95,29,107,104" hai3="99,7,4,120,102,75,121,110,81,25,61,45,49"/><V132/><F1/><W85/><G110/><T129/><D33/><U86/><E128/><V115/><F111/><W5/><G75/><T18/><D135/><U74/><E74/><V62/><F132/><W91/><G25/><N who="0" m="16687" /><D129/><U109/><E109/><V124/><F130/><W72/><G72/><T34/><D34/><U27/><E71/><V73/><F29/><W36/><G61/><N who="2" m="23657" /><F95/><W46/><G36/><T63/><D83/><U131/><E131/><V38/><F38/><W14/><G14/><T133/><D98/><U16/><E70/><V114/><F104/><W112/><G112/><N who="2" m="43049" /><F107/><W127/><G46/><T100/><D100/><U66/><E97/><V113/><F73/><W8/><G8/><T44/><D44/><U106/><E106/><V35/><F35/><W122/><G99/><T68/><D68/><U55/><E41/><V52/><F52/><W93/><G81/><T50/><D133/><U116/><E116/><N who="0" m="44617" /><D50/><U96/><E96/><V43/><F43/><W2/><G102/><T3/><D3/><U24/><E9/><V77/><N who="2" m="43057" /><V39/><DORA hai="105" /><F39/><W53/><REACH who="3" step="1"/><G2/><REACH who="3" ten="364,156,270,200" step="2"/><T26/><D26/><N who="1" m="14663" /><E28/><V92/><F92/><W23/><G23/><T84/><D11/><U103/><E103/><V40/><F40/><W54/><G54/><T13/><D15/><U64/><N who="1" m="16384" /><DORA hai="47" /><U10/><E10/><V17/><F20/><W123/><N who="3" m="31232" /><DORA hai="6" /><W80/><G80/><T58/><D13/><U126/><E82/><V79/><F79/><W69/><G69/><T101/><D101/><U0/><E0/><V134/><F134/><W37/><G37/><RYUUKYOKU ba="0,1" sc="364,-15,156,-15,270,15,200,15" hai2="17,19,76,77,78,124,125" hai3="4,5,7,45,49,53,85,91,93,127" /><INIT seed="2,1,1,4,2,44" ten="349,141,285,215" oya="2" hai0="8,6,101,57,50,113,72,37,10,1,13,117,64" hai1="89,43,54,86,125,22,96,102,46,28,33,18,111" hai2="116,38,107,19,112,12,11,41,36,30,129,79,68" hai3="97,53,4,17,81,122,16,67,29,135,84,93,9"/><V60/><F116/><W58/><G122/><T25/><D37/><U110/><E33/><V126/><F112/><W42/><G67/><T39/><D39/><U23/><E28/><V52/><F107/><W14/><G42/><T95/><D113/><U121/><E121/><V106/><F106/><W59/><G29/><T47/><D72/><U85/><E125/><V118/><F126/><W69/><G69/><T128/><D25/><U20/><E54/><V78/><F118/><W98/><G59/><T108/><D108/><U5/><E5/><V27/><F129/><W119/><G135/><T55/><D128/><U61/><E61/><V48/><F36/><W94/><G94/><T87/><D117/><U32/><E32/><V82/><F38/><W49/><G119/><T104/><D104/><U127/><E127/><V26/><F41/><W70/><G70/><T62/><D87/><U56/><E56/><V73/><F79/><N who="3" m="46143" /><G98/><T76/><D76/><U103/><E18/><V83/><F83/><W2/><G2/><T24/><D24/><U99/><E46/><V90/><F90/><AGARI ba="1,1" hai="4,9,14,16,17,49,53,58,90,93,97" m="46143" machi="90" ten="30,3900,0" yaku="8,1,52,1,54,1" doraHai="44" who="3" fromWho="2" sc="349,0,141,0,285,-42,215,52" /><INIT seed="3,0,0,3,5,24" ten="349,141,243,267" oya="3" hai0="32,85,124,109,83,34,14,56,82,48,43,94,38" hai1="55,37,95,15,19,12,47,51,35,131,21,66,41" hai2="49,63,31,132,10,65,97,107,57,11,42,39,28" hai3="8,64,27,45,133,71,22,89,92,118,106,119,40"/><W46/><G106/><T100/><D109/><U90/><E131/><V117/><F39/><W126/><G46/><T74/><D124/><U59/><E35/><V33/><F33/><W91/><G126/><T103/><D38/><U75/><E75/><V88/><F132/><W60/><G8/><N who="2" m="3113" /><F107/><W108/><G133/><T123/><D74/><U110/><E110/><V114/><F114/><W16/><G108/><T86/><D56/><U1/><E1/><V122/><F122/><W58/><G71/><T29/><D94/><U53/><E15/><V112/><F112/><W129/><G91/><T7/><D14/><U68/><E55/><V13/><F13/><W44/><G44/><T121/><D48/><U69/><REACH who="1" step="1"/><E66/><REACH who="1" ten="349,131,243,267" step="2"/><V54/><F117/><W125/><G129/><T127/><D127/><U20/><E20/><V4/><F42/><W130/><G130/><T134/><D134/><U99/><AGARI ba="0,1" hai="12,19,21,37,41,47,51,53,59,68,69,90,95,99" machi="99" ten="20,2700,0" yaku="1,1,0,1,7,1,53,0" doraHai="24" doraHaiUra="105" who="1" fromWho="1" sc="349,-7,131,37,243,-7,267,-13" /><INIT seed="4,0,0,2,5,114" ten="342,168,236,254" oya="0" hai0="14,82,67,80,2,60,24,117,71,72,98,134,18" hai1="84,86,99,127,1,36,91,108,4,45,111,74,102" hai2="66,12,10,120,58,110,103,26,122,70,90,29,48" hai3="9,16,83,116,32,85,11,79,63,43,47,25,51"/><T59/><D2/><U88/><E1/><V3/><F110/><N who="1" m="42025" /><E36/><V44/><F3/><W19/><G116/><T57/><D117/><U129/><E4/><V96/><F70/><W40/><G32/><T87/><D134/><U61/><E61/><V81/><F81/><W75/><G75/><T17/><D72/><U133/><E45/><V54/><F90/><N who="1" m="34345" /><E133/><V128/><F128/><W78/><G78/><T123/><D24/><U106/><E129/><V56/><F66/><W50/><G63/><T94/><D60/><U68/><E68/><V132/><F132/><W41/><G51/><T33/><D71/><U89/><E74/><V39/><F39/><W130/><G130/><T97/><D14/><U113/><E113/><V35/><F58/><W34/><G34/><T118/><D67/><U42/><E42/><N who="3" m="16490" /><G19/><T119/><D33/><U109/><N who="1" m="42033" /><U52/><DORA hai="101" /><E52/><V125/><F44/><W126/><G25/><T124/><D17/><U65/><E65/><V37/><F37/><W15/><G9/><T100/><D18/><U115/><E115/><V62/><F62/><W53/><G53/><T76/><D57/><U28/><E28/><V8/><F8/><W92/><G16/><T112/><D59/><U13/><E13/><V6/><F56/><W20/><G15/><T21/><D112/><U93/><E127/><V95/><F125/><W64/><G126/><T55/><D124/><U31/><E31/><V104/><F54/><W46/><G11/><T38/><D119/><U7/><E7/><V0/><F48/><W77/><G50/><T23/><D118/><RYUUKYOKU ba="0,0" sc="342,-10,168,30,236,-10,254,-10" hai1="84,86,89,93,99,102,106" /><INIT seed="5,1,0,5,2,4" ten="332,198,226,244" oya="1" hai0="51,122,34,63,69,50,68,130,38,42,106,37,116" hai1="77,15,76,39,115,40,10,2,36,58,19,44,91" hai2="66,125,28,59,124,102,1,87,64,132,131,117,53" hai3="86,30,98,12,84,114,111,134,25,73,47,100,129"/><U54/><E115/><V55/><F1/><W92/><G73/><T126/><D34/><U32/><E39/><N who="0" m="14857" /><D106/><U52/><E32/><V62/><F102/><W48/><G114/><T43/><D116/><U101/><E101/><V16/><F28/><W104/><G111/><T70/><D130/><U8/><E91/><V41/><F87/><W18/><G129/><T93/><D93/><U79/><REACH who="1" step="1"/><E58/><REACH who="1" ten="332,188,226,244" step="2"/><N who="2" m="35167" /><F131/><W127/><G104/><T90/><D90/><U120/><E120/><V29/><F117/><W80/><G134/><T35/><D35/><U81/><E81/><V27/><F132/><W72/><G127/><T99/><D122/><U133/><E133/><V83/><F83/><W105/><G105/><T65/><D126/><U13/><E13/><V75/><F125/><W5/><G80/><T31/><D99/><U118/><E118/><V49/><F124/><W11/><G72/><T21/><D69/><U0/><E0/><V56/><F59/><W109/><G109/><T71/><D70/><U123/><E123/><V97/><F75/><W96/><G96/><T33/><D33/><U108/><E108/><V6/><F97/><W112/><G112/><T23/><D71/><U60/><E60/><V107/><F56/><W135/><G135/><T9/><D63/><U26/><E26/><V45/><F107/><W88/><G100/><T61/><D61/><U110/><E110/><V113/><F113/><W3/><G98/><T17/><D68/><U7/><AGARI ba="1,1" hai="2,7,8,10,15,19,36,40,44,52,54,76,77,79" machi="7" ten="30,12000,1" yaku="1,1,0,1,52,2,54,1,53,0" doraHai="4" doraHaiUra="128" who="1" fromWho="1" sc="332,-41,188,133,226,-41,244,-41" /><INIT seed="5,2,0,3,0,93" ten="291,321,185,203" oya="1" hai0="79,46,64,78,133,73,131,134,56,68,110,52,59" hai1="12,99,101,39,116,120,77,60,3,96,128,57,87" hai2="5,105,40,109,32,38,75,54,111,70,97,90,51" hai3="113,117,36,24,82,8,22,100,125,33,14,71,103"/><U124/><E3/><V42/><F32/><W18/><G36/><T9/><D110/><U6/><E39/><V23/><F70/><W76/><G71/><T74/><BYE who="3" /><D74/><U44/><BYE who="0" /><E116/><UN n3="%74%6F%72%69%30%36%31%32" /><V45/><F75/><W108/><G108/><T132/><D132/><U29/><E120/><V47/><F5/><W130/><G125/><UN n0="%E4%B8%89%E8%89%B2%E5%90%8C%E5%88%BB%E2%98%86" /><T19/><D68/><U43/><E29/><V11/><F11/><W98/><G130/><T35/><D35/><U66/><E101/><V30/><F54/><W49/><G33/><T119/><D119/><U118/><E128/><V92/><REACH who="2" step="1"/><F105/><REACH who="2" ten="291,321,175,203" step="2"/><W86/><G117/><T55/><D73/><U15/><E118/><V126/><F126/><W102/><G113/><T25/><D131/><U95/><E124/><V58/><F58/><W28/><REACH who="3" step="1"/><G49/><REACH who="3" ten="291,321,175,193" step="2"/><N who="0" m="28727" /><D134/><U41/><E41/><V37/><F37/><W112/><G112/><T26/><D26/><BYE who="0" /><AGARI ba="2,2" hai="23,26,30,38,40,42,45,47,51,90,92,97,109,111" machi="26" ten="40,2600,0" yaku="1,1,52,1,53,0" doraHai="93" doraHaiUra="1" who="2" fromWho="0" sc="291,-32,321,0,175,52,193,0" /><UN n0="%E4%B8%89%E8%89%B2%E5%90%8C%E5%88%BB%E2%98%86" /><INIT seed="6,0,0,4,0,53" ten="259,321,227,193" oya="2" hai0="50,54,10,116,16,47,1,41,72,87,129,90,107" hai1="76,46,27,67,106,99,60,120,88,64,26,112,56" hai2="85,115,123,30,81,80,105,100,110,94,70,125,78" hai3="121,58,69,117,92,2,98,44,57,93,79,40,12"/><V55/><F70/><W22/><G2/><T75/><D107/><U135/><E76/><N who="2" m="46215" /><F30/><W108/><G69/><T109/><D109/><U8/><E120/><V74/><F55/><W124/><G108/><T42/><D129/><U127/><E127/><V73/><F110/><W86/><G124/><T5/><D116/><U111/><E111/><V59/><F59/><N who="3" m="22539" /><G117/><T131/><D131/><U66/><E112/><V65/><F65/><N who="1" m="25193" /><E106/><V71/><F71/><W91/><G121/><T104/><D104/><U95/><E135/><V101/><F125/><W128/><G128/><T24/><D72/><N who="2" m="27754" /><F115/><W38/><G38/><T102/><D102/><N who="2" m="39530" /><F123/><W133/><G133/><T13/><D75/><U97/><E46/><V119/><F105/><W35/><G35/><T83/><D24/><N who="1" m="9259" /><E8/><AGARI ba="0,0" hai="1,5,8,10,13,16,41,42,47,50,54,83,87,90" machi="8" ten="30,7700,0" yaku="7,1,25,2,54,1" doraHai="53" who="0" fromWho="1" sc="259,77,321,-77,227,0,193,0" /><INIT seed="7,0,0,0,1,46" ten="336,244,227,193" oya="3" hai0="55,16,114,68,59,124,92,35,30,99,53,109,9" hai1="118,20,80,120,66,79,17,12,111,130,57,51,64" hai2="7,13,15,33,43,78,19,27,63,93,42,75,5" hai3="40,104,52,135,105,65,48,70,128,84,112,60,108"/><W45/><G108/><T125/><D109/><U36/><E111/><V72/><F93/><W14/><G128/><T54/><D68/><U123/><E130/><V115/><F115/><W4/><G112/><T119/><D119/><U134/><E36/><V41/><F78/><W97/><G135/><T23/><D9/><U89/><E134/><V74/><F63/><W8/><G97/><T21/><D114/><U38/><E38/><V81/><F81/><W127/><G127/><N who="0" m="48715" /><D16/><U47/><E118/><V100/><F100/><W62/><REACH who="3" step="1"/><G84/><REACH who="3" ten="336,244,227,183" step="2"/><T67/><D99/><U107/><E120/><V28/><REACH who="2" step="1"/><F13/><REACH who="2" ten="336,244,217,183" step="2"/><W24/><G24/><T37/><D92/><U77/><E123/><V25/><F25/><W96/><G96/><T103/><D103/><U106/><E12/><V98/><F98/><W117/><G117/><T10/><D35/><U122/><E122/><V95/><F95/><W132/><G132/><T85/><D85/><U29/><E106/><V73/><N who="2" m="18432" /><DORA hai="87" /><V26/><F26/><W116/><G116/><T86/><D86/><U34/><E107/><V18/><F18/><W102/><G102/><T61/><D30/><U49/><E17/><V129/><F129/><W0/><G0/><T56/><D61/><U121/><E29/><V82/><F82/><W1/><G1/><T113/><D113/><U133/><E34/><V91/><F91/><W31/><G31/><T6/><D6/><U76/><E133/><V126/><F126/><W50/><G50/><T71/><D37/><U94/><E121/><V110/><F110/><W32/><G32/><T101/><D101/><RYUUKYOKU ba="0,2" sc="336,-15,244,-15,217,15,183,15" hai2="5,7,15,19,27,28,33,41,42,43" hai3="4,8,14,40,45,48,52,60,62,65,70,104,105" /><INIT seed="7,1,2,0,5,108" ten="321,229,232,198" oya="3" hai0="24,25,16,95,97,98,63,92,8,86,64,39,36" hai1="60,114,116,81,105,52,69,0,122,11,17,125,83" hai2="10,79,5,7,1,85,132,90,84,3,120,62,103" hai3="34,22,76,51,87,66,45,117,67,46,75,58,121"/><W88/><G34/><T94/><D39/><U77/><E105/><V27/><F103/><W31/><G121/><T72/><D72/><U111/><E111/><V135/><F120/><W123/><G123/><T127/><D36/><U129/><E122/><V23/><F62/><W4/><G4/><T104/><D104/><U50/><E125/><V133/><F79/><W68/><G68/><T65/><D86/><U18/><E129/><V49/><F49/><W29/><G76/><T37/><D37/><U80/><E114/><V109/><F109/><W131/><G75/><T73/><D73/><U112/><E112/><V19/><F90/><W96/><G96/><N who="0" m="36971" /><D127/><U102/><E102/><V55/><F55/><N who="3" m="32127" /><G117/><T38/><D38/><U30/><E30/><N who="3" m="11274" /><G22/><T61/><D61/><U15/><E116/><V40/><F40/><W2/><G2/><T42/><D42/><U28/><E28/><V119/><F119/><W130/><G130/><T6/><D6/><U118/><E0/><V99/><F5/><W33/><G33/><T32/><D32/><U101/><E101/><V82/><F1/><W53/><G131/><T106/><D106/><U44/><E118/><V54/><F99/><W57/><G57/><N who="0" m="36975" /><D65/><N who="3" m="24585" /><G53/><T128/><D128/><U20/><E69/><V48/><F54/><W110/><G110/><T91/><D91/><U43/><E77/><N who="2" m="46159" /><F85/><W12/><G12/><AGARI ba="1,2" hai="8,12,16,24,25,92,94,95" m="36975,36971" machi="12" ten="30,2000,0" yaku="8,1,54,1" doraHai="108" who="0" fromWho="3" sc="321,43,229,0,232,0,198,-23" owari="364,46.0,229,-17.0,232,3.0,175,-32.0" /></mjloggm>