<mjloggm ver="2.3"><GO type="97" lobby="0"/><UN n0="%E5%85%AC%E5%8B%99%E5%93%A1%E3%81%8F%E3%82%93" n1="%E3%81%91%E3%82%93%E3%81%A1%E3%82%83%E3%82%80" n2="%E3%83%88%E3%83%88%E3%83%AA%E5%85%88%E7%94%9F%31%39%E6%AD%B3" n3="%E9%9B%A8%E8%9B%99" dan="15,15,15,14" rate="1960.85,1994.91,2040.52,1912.42" sx="M,M,F,M"/><TAIKYOKU oya="0"/><INIT seed="0,0,0,5,1,124" ten="250,250,250,250" oya="0" hai0="21,101,98,14,73,26,11,69,133,62,39,132,46" hai1="81,52,66,92,50,130,55,38,35,16,43,108,118" hai2="0,83,24,67,90,19,122,10,20,91,31,100,12" hai3="102,57,129,103,75,121,115,109,107,113,45,74,128"/><T41/><D73/><N who="3" m="27657" /><G45/><T13/><D62/><U5/><E35/><V93/><F122/><W17/><G57/><T135/><D69/><U28/><E5/><V112/><F112/><N who="3" m="43083" /><G17/><N who="0" m="12591" /><D11/><U105/><E105/><AGARI ba="0,0" hai="13,14,39,41,46,98,101,105,132,133,135" m="12591" machi="105" ten="30,1500,0" yaku="20,1" doraHai="124" who="0" fromWho="1" sc="250,15,250,-15,250,0,250,0" /><INIT seed="0,1,0,0,0,33" ten="265,235,250,250" oya="0" hai0="79,14,69,12,126,29,51,102,107,58,50,88,114" hai1="7,76,127,93,35,131,8,60,63,110,5,31,87" hai2="125,45,56,104,38,124,128,86,108,52,83,119,120" hai3="30,26,22,73,32,80,101,111,47,109,64,134,130"/><T0/><D69/><U135/><E131/><V121/><F104/><W105/><G130/><T117/><D117/><U115/><E115/><V20/><F128/><W43/><G134/><T25/><D114/><U78/><E135/><V91/><F119/><W65/><G32/><T68/><D68/><U96/><E127/><N who="2" m="48715" /><F108/><N who="3" m="41547" /><G101/><T16/><D79/><U34/><E110/><V18/><F45/><W54/><G54/><T1/><D107/><U48/><E35/><V3/><F38/><N who="3" m="22007" /><G105/><T37/><D37/><U21/><E34/><V46/><F3/><W61/><G61/><T129/><D102/><U94/><E63/><N who="2" m="36231" /><F46/><W92/><G92/><T71/><D71/><U19/><E94/><V44/><F44/><W15/><G15/><AGARI ba="1,0" hai="15,18,20,83,86,91,120,121" m="36231,48715" machi="15" ten="30,2000,0" yaku="18,1,54,1" doraHai="33" who="2" fromWho="3" sc="265,0,235,0,250,23,250,-23" /><INIT seed="1,0,0,1,0,99" ten="265,235,273,227" oya="1" hai0="123,69,28,2,5,15,83,33,27,104,43,61,17" hai1="6,85,75,38,11,50,66,32,81,84,54,47,36" hai2="40,67,18,98,79,60,51,3,100,59,90,132,0" hai3="55,9,106,13,64,86,78,103,63,93,31,127,29"/><U107/><E32/><V96/><F132/><W10/><G127/><T118/><D118/><U21/><E107/><V101/><F79/><W120/><G120/><T74/><D123/><U20/><E66/><V114/><F114/><W130/><G130/><T16/><D104/><U71/><E71/><V26/><F3/><W89/><G10/><T65/><D43/><U41/><E36/><V14/><F0/><W102/><G55/><T52/><D52/><U109/><E109/><V124/><F26/><W108/><G108/><T34/><D34/><U82/><E82/><V49/><F124/><W111/><G111/><T95/><D95/><U97/><E97/><N who="2" m="37483" /><F90/><W122/><G106/><T46/><D46/><U42/><E42/><V35/><F35/><W128/><G128/><T25/><D25/><U76/><E21/><N who="2" m="11479" /><F40/><W112/><G112/><T62/><D2/><N who="1" m="471" /><E20/><V48/><AGARI ba="0,0" hai="48,49,51,59,60,67,100,101" m="11479,37483" machi="48" ten="30,4000,0" yaku="8,1,52,2" doraHai="99" who="2" fromWho="2" sc="265,-10,235,-20,273,40,227,-10" /><INIT seed="2,0,0,5,2,52" ten="255,215,313,217" oya="2" hai0="103,32,35,129,28,90,30,56,26,12,92,29,133" hai1="55,5,4,57,95,96,124,50,105,34,108,127,116" hai2="69,7,77,46,65,88,60,41,3,19,107,73,40" hai3="22,6,70,11,23,25,91,109,98,135,18,1,2"/><V53/><F107/><W15/><G70/><T17/><D129/><U117/><E105/><V102/><F102/><W75/><G75/><T82/><D133/><U119/><E34/><V94/><F3/><N who="3" m="479" /><G91/><T80/><D103/><U61/><E108/><V39/><F7/><W104/><G98/><T106/><D106/><U72/><E72/><V86/><F73/><W71/><G71/><T63/><D35/><U20/><E20/><V97/><F77/><W122/><G109/><T64/><D26/><U16/><E61/><V62/><F41/><W115/><G104/><T43/><D32/><U113/><E113/><V67/><F53/><W68/><G68/><T125/><D125/><N who="1" m="48203" /><E16/><V45/><F45/><W83/><G83/><T74/><D43/><U59/><E59/><V44/><F44/><W100/><G100/><AGARI ba="0,0" hai="4,5,50,55,57,95,96,100,116,117,119" m="48203" machi="100" ten="40,2600,0" yaku="18,1,52,1" doraHai="52" who="1" fromWho="3" sc="255,0,215,26,313,0,217,-26" /><INIT seed="3,0,0,3,5,51" ten="255,241,313,191" oya="3" hai0="58,65,12,91,88,57,53,133,8,76,105,36,4" hai1="35,48,70,128,60,78,44,73,89,45,17,52,41" hai2="134,94,113,59,0,69,6,29,37,30,119,25,102" hai3="106,31,38,14,18,99,39,122,116,84,124,11,10"/><W96/><G116/><T23/><D133/><U43/><E35/><V32/><F119/><W90/><G122/><T103/><D36/><U92/><E128/><V74/><F69/><W64/><G31/><T68/><D68/><U87/><E17/><V67/><F113/><W21/><G64/><T24/><D76/><U20/><E20/><V42/><F74/><W83/><G124/><T79/><D79/><U120/><E120/><V16/><F134/><W49/><G49/><N who="0" m="30895" /><D103/><U26/><E26/><V86/><F42/><W81/><G106/><T131/><D131/><U2/><E2/><V104/><F104/><W117/><G117/><T47/><D47/><U19/><E19/><V13/><F30/><W72/><G72/><T132/><D105/><U75/><E78/><V109/><F37/><W7/><G39/><T125/><D125/><U40/><REACH who="1" step="1"/><E44/><REACH who="1" ten="255,231,313,191" step="2"/><V112/><F0/><W5/><G38/><T107/><D132/><U3/><E3/><V126/><F32/><W22/><G22/><T50/><D23/><U114/><E114/><V115/><F29/><W82/><G21/><T127/><D127/><U61/><E61/><V108/><F126/><W62/><G62/><N who="0" m="38103" /><D24/><U98/><E98/><N who="3" m="37418" /><G10/><T46/><D107/><U130/><E130/><V71/><F25/><W77/><G77/><T121/><D121/><U56/><E56/><V54/><F115/><W101/><G101/><T111/><D111/><U66/><AGARI ba="0,1" hai="40,41,43,45,48,52,60,66,70,73,75,87,89,92" machi="66" ten="30,7900,0" yaku="1,1,0,1,52,1,54,1,53,0" doraHai="51" doraHaiUra="15" who="1" fromWho="1" sc="255,-20,231,89,313,-20,191,-39" owari="235,-16.0,320,42.0,293,9.0,152,-35.0" /></mjloggm>