<mjloggm ver="2.3"><GO type="193" lobby="0"/><UN n0="%E3%83%88%E3%83%88%E3%83%AA%E5%85%88%E7%94%9F%31%39%E6%AD%B3" n1="%65%78%74%72%65%61%6D%65" n2="%6E%65%6B%6F%6E%6F%61%6B" n3="%73%75%74%6F%72%69%2D%6D" dan="9,13,11,12" rate="1844.88,1731.09,1594.33,1647.78" sx="F,M,M,M"/><TAIKYOKU oya="0"/><INIT seed="0,0,0,4,4,33" ten="250,250,250,250" oya="0" hai0="57,73,68,106,112,40,37,3,84,119,28,0,90" hai1="46,71,75,79,12,93,122,77,110,124,82,91,105" hai2="67,96,129,7,83,11,47,114,62,130,44,36,88" hai3="60,72,1,35,6,118,100,87,43,54,101,123,111"/><T116/><D112/><U27/><E110/><V89/><F114/><W53/><G118/><N who="0" m="45099" /><D57/><U34/><E124/><V24/><F24/><W103/><G72/><T128/><D84/><U32/><E122/><V115/><F115/><W17/><G123/><T108/><D90/><N who="2" m="34922" /><F83/><W69/><G35/><T126/><D28/><U19/><E105/><V70/><F96/><W97/><G111/><T107/><D108/><U31/><E71/><V135/><F135/><W39/><G87/><T76/><D126/><U94/><E79/><V25/><F25/><W104/><G17/><T80/><D68/><U59/><E46/><V95/><F95/><W23/><G69/><T45/><D128/><N who="2" m="49258" /><F36/><W66/><G66/><T121/><D121/><U8/><E59/><V30/><F30/><W29/><G104/><AGARI ba="0,0" hai="0,3,37,40,45,73,76,80,104,106,107" m="45099" machi="104" ten="30,5800,0" yaku="23,1,52,2" doraHai="33" who="0" fromWho="3" sc="250,58,250,0,250,0,250,-58" /><INIT seed="0,1,0,4,0,64" ten="308,250,250,192" oya="0" hai0="134,43,76,74,18,97,94,91,16,5,85,73,83" hai1="63,32,84,21,78,28,37,93,102,13,8,125,115" hai2="52,65,55,58,116,92,127,12,101,17,71,109,40" hai3="47,30,10,22,107,69,45,119,81,129,62,114,9"/><T110/><D134/><U77/><E125/><V132/><F132/><W6/><G129/><T3/><D110/><U96/><E115/><V35/><F127/><W19/><G119/><T104/><D43/><U106/><E37/><V57/><F116/><W111/><G107/><T23/><D18/><U66/><E32/><V0/><F109/><W41/><G114/><T36/><D36/><U124/><E124/><V80/><F35/><W122/><G30/><T14/><REACH who="0" step="1"/><D104/><REACH who="0" ten="298,250,250,192" step="2"/><U89/><E28/><V87/><F0/><W54/><G111/><T15/><D15/><U46/><E21/><V113/><F113/><W7/><G122/><T44/><D44/><U118/><E46/><V90/><F40/><W99/><G47/><T49/><D49/><U131/><E131/><V121/><F121/><W56/><G45/><T88/><D88/><U1/><E1/><V61/><F71/><W59/><G41/><T135/><D135/><U120/><E120/><V98/><REACH who="2" step="1"/><F58/><REACH who="2" ten="298,250,240,192" step="2"/><W33/><G69/><T108/><D108/><U24/><E118/><V25/><F25/><W42/><G42/><T70/><D70/><U53/><E24/><V29/><F29/><W79/><G59/><T133/><D133/><U50/><E63/><V51/><F51/><W2/><G33/><T38/><D38/><U60/><E60/><V128/><F128/><W100/><G19/><T26/><D26/><U126/><E126/><V11/><AGARI ba="1,2" hai="11,12,17,52,55,57,61,65,80,87,90,92,98,101" machi="11" ten="20,12000,2" yaku="1,1,0,1,7,1,8,1,54,1,53,2" doraHai="64" doraHaiUra="48" who="2" fromWho="2" sc="298,-61,250,-31,240,143,192,-31" /><INIT seed="1,0,0,1,5,79" ten="237,219,383,161" oya="1" hai0="21,61,119,24,104,51,105,129,127,9,19,73,1" hai1="16,62,27,85,60,102,55,132,86,2,56,50,114" hai2="14,70,123,117,15,88,103,33,90,107,106,94,91" hai3="108,10,74,99,69,0,67,109,30,11,113,115,31"/><U116/><E114/><V135/><F123/><W36/><G74/><T82/><D119/><U59/><E116/><V128/><F117/><W6/><G67/><T121/><D121/><U77/><E132/><V57/><F135/><W133/><G99/><T29/><D129/><U5/><E102/><V43/><F128/><W96/><G69/><T47/><D127/><U93/><E2/><V46/><F70/><W63/><G96/><T22/><D61/><U18/><E5/><V130/><F130/><W111/><G63/><T12/><D1/><U66/><E50/><V75/><F57/><W71/><G36/><T3/><D3/><U81/><E27/><V52/><F33/><W25/><G71/><T45/><D21/><U131/><E131/><V13/><F75/><W118/><G133/><T101/><D101/><U100/><E100/><V110/><F110/><W48/><G48/><T125/><D125/><U28/><E28/><N who="3" m="10794" /><G118/><T40/><REACH who="0" step="1"/><D47/><REACH who="0" ten="227,219,383,161" step="2"/><U89/><AGARI ba="0,1" hai="16,18,55,56,59,60,62,66,77,81,85,86,89,93" machi="89" ten="30,11700,0" yaku="0,1,8,1,52,1,54,1" doraHai="79" who="1" fromWho="1" sc="227,-39,219,127,383,-39,161,-39" /><INIT seed="1,1,0,5,2,133" ten="188,346,344,122" oya="1" hai0="2,3,38,40,101,87,84,130,19,113,42,45,68" hai1="31,93,57,34,10,97,5,109,104,6,64,98,32" hai2="118,15,65,115,70,94,75,120,30,77,53,72,105" hai3="60,0,28,54,116,119,50,129,36,18,39,56,123"/><U44/><E109/><V79/><F120/><W90/><G0/><T12/><D113/><U21/><E104/><V108/><F118/><W73/><G73/><T48/><D68/><U14/><E6/><V25/><F115/><W22/><G123/><T63/><D130/><U122/><E122/><V83/><F108/><W124/><G129/><T74/><D74/><U132/><E132/><V46/><F94/><W128/><G28/><T103/><D63/><U88/><E98/><V4/><F53/><W82/><G128/><T80/><D84/><U100/><E100/><V1/><F15/><W112/><G112/><T13/><D13/><U81/><E81/><N who="2" m="45223" /><F46/><W121/><G121/><T52/><D3/><U86/><E97/><V8/><F25/><W99/><G82/><T20/><D2/><U91/><E91/><V76/><F76/><W41/><G41/><N who="0" m="15979" /><D38/><U78/><E78/><AGARI ba="1,0" hai="12,19,20,45,48,52,78,80,87,101,103" m="15979" machi="78" ten="30,2000,0" yaku="8,1,54,1" doraHai="133" who="0" fromWho="1" sc="188,23,346,-23,344,0,122,0" /><INIT seed="2,0,0,5,5,8" ten="211,323,344,122" oya="2" hai0="62,105,74,92,123,36,120,124,26,118,13,9,132" hai1="82,77,70,117,134,85,11,48,79,27,17,72,14" hai2="44,38,6,130,98,101,3,30,50,16,37,53,135" hai3="91,45,109,28,83,81,54,100,65,55,110,119,76"/><V75/><F135/><W103/><G65/><T107/><D36/><U56/><E134/><V93/><F130/><W23/><G45/><T126/><D132/><U102/><E117/><V22/><F75/><W39/><G39/><T21/><D74/><U128/><E128/><V43/><F3/><W1/><G1/><T104/><D92/><U95/><E70/><V47/><F6/><W4/><G4/><N who="0" m="3239" /><D62/><U34/><E34/><V0/><F0/><W42/><G42/><T15/><D118/><U131/><E131/><V86/><F30/><W115/><G91/><T52/><D52/><N who="3" m="20009" /><G76/><T71/><D71/><U18/><E56/><V114/><F114/><W19/><G119/><T106/><D15/><U32/><E48/><V121/><F121/><W58/><G58/><T61/><D61/><U94/><E32/><V66/><F86/><W20/><G115/><T69/><D69/><U87/><E72/><V112/><F112/><W80/><G28/><N who="0" m="17487" /><D106/><U46/><E46/><V99/><F66/><W111/><G19/><T73/><D73/><U33/><E33/><V24/><F98/><W25/><G25/><T51/><D51/><AGARI ba="0,0" hai="16,22,24,37,38,43,44,47,50,51,53,93,99,101" machi="51" ten="30,2900,0" yaku="7,1,54,1" doraHai="8" who="2" fromWho="0" sc="211,-29,323,0,344,29,122,0" /><INIT seed="2,1,0,2,3,36" ten="182,323,373,122" oya="2" hai0="108,35,63,45,13,127,27,60,117,65,55,52,80" hai1="10,48,134,69,79,73,129,21,51,131,25,123,30" hai2="2,43,92,46,94,100,7,64,77,14,38,89,12" hai3="24,125,91,84,132,31,67,83,86,124,90,49,19"/><V87/><F2/><W47/><G67/><T107/><D107/><U68/><E134/><V53/><F64/><W76/><G19/><T71/><D108/><U113/><E113/><V105/><F53/><W121/><G121/><T85/><D127/><U119/><E119/><V9/><F12/><W37/><G37/><T95/><D117/><U133/><E133/><V101/><F105/><W17/><G17/><T78/><D63/><U116/><E123/><V112/><F112/><W118/><G132/><T57/><D13/><U50/><E116/><V99/><REACH who="2" step="1"/><F77/><REACH who="2" ten="182,323,363,122" step="2"/><W16/><G118/><T103/><D71/><U32/><E69/><V82/><F82/><W40/><G76/><T96/><D27/><U23/><E68/><V93/><F93/><W3/><G3/><T39/><REACH who="0" step="1"/><D35/><REACH who="0" ten="172,323,363,122" step="2"/><U26/><E32/><V81/><F81/><W106/><G106/><T4/><D4/><U135/><E135/><V59/><F59/><W42/><G125/><T58/><D58/><U41/><E25/><V56/><F56/><W20/><G124/><T66/><D66/><U5/><E5/><V102/><AGARI ba="1,2" hai="7,9,14,38,43,46,87,89,92,94,99,100,101,102" machi="102" ten="20,12000,1" yaku="1,1,0,1,7,1,52,1,53,1" doraHai="36" doraHaiUra="8" who="2" fromWho="2" sc="172,-41,323,-41,363,143,122,-41" /><INIT seed="2,2,0,4,4,116" ten="131,282,506,81" oya="2" hai0="21,85,34,5,111,22,27,16,38,124,18,42,19" hai1="26,122,79,13,77,101,23,43,32,15,130,92,47" hai2="86,125,88,94,28,67,132,0,74,81,55,64,98" hai3="45,84,83,33,2,60,49,69,7,123,104,108,115"/><V52/><F125/><W78/><G104/><T97/><D124/><U59/><E130/><V113/><F113/><W65/><G115/><T56/><D111/><U87/><E32/><V131/><F131/><W134/><G134/><T31/><D5/><U29/><E59/><V20/><F0/><W135/><G33/><T14/><D38/><U80/><E122/><V3/><F3/><W9/><G108/><T107/><D42/><U41/><E41/><V121/><F121/><W4/><G4/><T75/><D75/><U51/><E79/><V46/><F132/><W40/><REACH who="3" step="1"/><G135/><REACH who="3" ten="131,282,506,71" step="2"/><T82/><D34/><U1/><E1/><V54/><F46/><W66/><G66/><N who="2" m="25129" /><F74/><W128/><G128/><T126/><D126/><U17/><E29/><V129/><F129/><W68/><G68/><T76/><REACH who="0" step="1"/><D56/><REACH who="0" ten="121,282,506,71" step="2"/><U12/><E12/><V93/><F98/><AGARI ba="2,2" hai="13,15,17,23,26,43,47,51,77,80,87,92,98,101" machi="98" ten="40,1300,0" yaku="8,1" doraHai="116" who="1" fromWho="2" sc="121,0,282,39,506,-19,71,0" /><INIT seed="3,0,0,3,3,112" ten="121,321,487,71" oya="3" hai0="96,123,35,108,5,93,69,68,80,109,26,21,92" hai1="120,111,133,10,13,29,33,59,118,38,44,78,121" hai2="117,3,106,45,63,98,15,61,116,135,76,107,12" hai3="114,81,77,52,23,0,58,56,25,115,36,39,20"/><W73/><G0/><T97/><D123/><U17/><E133/><V30/><F3/><W64/><G64/><T71/><D35/><U8/><E111/><N who="0" m="42569" /><D5/><U74/><E118/><N who="2" m="45675" /><F76/><W2/><G2/><T72/><D80/><U55/><E78/><V6/><F30/><W84/><G20/><T83/><D83/><U129/><E74/><V79/><F79/><W42/><G73/><T88/><D72/><U11/><E29/><V34/><F34/><W53/><G115/><T70/><D70/><U7/><E33/><V113/><F113/><W67/><G67/><T62/><D62/><N who="2" m="23562" /><F45/><W37/><G114/><T85/><D93/><U131/><E44/><V54/><F54/><W82/><G82/><T46/><D46/><U110/><E55/><V125/><F125/><W48/><G42/><T57/><D57/><U4/><E59/><V103/><F135/><W49/><REACH who="3" step="1"/><G39/><REACH who="3" ten="121,321,487,61" step="2"/><T127/><D127/><U19/><E110/><V51/><F51/><W60/><G60/><T65/><D65/><U134/><E38/><V43/><F43/><W119/><G119/><T124/><D124/><U50/><E50/><V40/><F40/><W94/><G94/><T31/><AGARI ba="0,1" hai="21,26,31,68,69,71,85,88,92,96,97" m="42569" machi="31" ten="40,2700,0" yaku="14,1,54,1" doraHai="112" who="0" fromWho="0" sc="121,37,321,-7,487,-7,61,-13" owari="158,-24.0,314,11.0,480,58.0,48,-45.0" /></mjloggm>