<mjloggm ver="2.3"><GO type="41" lobby="0"/><UN n0="%66%75%75%72%69%74%65%6E" n1="%E5%B0%B1%E6%B4%BB%E7%94%9F%40%E5%B7%9D%E6%9D%91%E8%BB%8D%E5%9B%A3" n2="%52%55%4D%42%4C%45" n3="%2A%E9%8C%AF%E4%B9%B1%E5%9D%8A%2A" dan="13,15,14,13" rate="1864.50,2029.77,1893.69,1856.74" sx="M,M,M,M"/><TAIKYOKU oya="0"/><INIT seed="0,0,0,3,0,12" ten="250,250,250,250" oya="0" hai0="131,53,7,34,125,26,90,48,77,49,67,92,122" hai1="80,62,110,91,86,102,17,123,103,47,78,38,6" hai2="55,96,105,11,27,42,4,132,99,130,120,87,40" hai3="10,28,24,30,3,45,106,109,64,107,81,18,135"/><T113/><D122/><U46/><E123/><V88/><F120/><W69/><G109/><T63/><D113/><U115/><E110/><V58/><F130/><W73/><G135/><T71/><D125/><U112/><E6/><V126/><F132/><W19/><G30/><T61/><D131/><U100/><E38/><V117/><F126/><W68/><G45/><T51/><D77/><U97/><E62/><V118/><F40/><W111/><G111/><T1/><D1/><U33/><E33/><V29/><F42/><W44/><G44/><T124/><D124/><U39/><E39/><V129/><F129/><W116/><G116/><N who="2" m="44649" /><F105/><W54/><G54/><T37/><D37/><U83/><E17/><V72/><F72/><W21/><G69/><T119/><D119/><U22/><E22/><N who="2" m="15607" /><F58/><W65/><G107/><T133/><D133/><U9/><E9/><V8/><F55/><W2/><G106/><T76/><D76/><U134/><E134/><V95/><F8/><W82/><G68/><T16/><D7/><U74/><E47/><V0/><AGARI ba="0,0" hai="0,4,11,87,88,95,96,99" m="15607,44649" machi="0" ten="30,2000,0" yaku="12,1,54,1" doraHai="12" who="2" fromWho="2" sc="250,-10,250,-5,250,20,250,-5" /><INIT seed="1,0,0,5,0,43" ten="240,245,270,245" oya="1" hai0="65,6,68,93,83,69,107,90,88,96,94,3,130" hai1="28,31,127,98,33,87,61,125,80,111,59,8,55" hai2="15,116,25,12,105,114,72,84,14,124,128,36,54" hai3="50,75,74,26,108,77,131,106,97,56,126,34,57"/><U89/><E33/><V78/><F72/><W132/><G108/><T86/><D130/><U134/><E134/><V48/><F36/><W95/><G126/><N who="1" m="48138" /><E111/><V104/><F124/><W113/><G131/><T4/><D107/><U42/><E42/><V101/><F128/><W133/><G113/><T47/><D47/><U91/><E8/><V40/><F116/><W21/><G34/><T63/><D69/><U13/><E13/><V20/><F40/><W122/><G106/><T82/><D3/><U17/><E17/><V60/><F114/><W120/><G77/><T53/><D53/><U70/><E70/><V85/><F60/><W100/><G50/><T115/><REACH who="0" step="1"/><D115/><REACH who="0" ten="230,245,270,245" step="2"/><U71/><E71/><V67/><F104/><W76/><G57/><T7/><AGARI ba="0,1" hai="4,6,7,63,65,68,82,83,86,88,90,93,94,96" machi="7" ten="30,7900,0" yaku="1,1,2,1,0,1,54,1,53,0" doraHai="43" doraHaiUra="37" who="0" fromWho="0" sc="230,89,245,-39,270,-20,245,-20" /><INIT seed="2,0,0,0,2,79" ten="319,206,250,225" oya="2" hai0="11,9,6,73,75,22,43,17,77,14,76,35,135" hai1="108,1,106,59,105,42,132,98,97,52,129,133,68" hai2="82,101,34,69,18,89,7,61,21,103,91,128,90" hai3="66,65,50,16,81,48,44,39,32,64,2,110,4"/><V94/><F34/><W84/><G32/><T109/><D43/><U40/><E1/><V134/><F128/><W13/><G2/><T46/><D135/><N who="1" m="51787" /><E68/><V111/><F134/><W122/><G110/><T27/><D109/><U29/><E29/><V120/><F7/><W51/><G39/><T72/><D35/><U54/><E108/><V92/><F111/><W85/><G4/><T83/><D46/><U49/><E129/><V78/><F120/><W123/><G122/><T131/><D131/><U12/><E12/><V60/><F69/><W33/><G85/><T10/><REACH who="0" step="1"/><D76/><REACH who="0" ten="309,206,250,225" step="2"/><U99/><E54/><V121/><F121/><W116/><G33/><T113/><D113/><U104/><AGARI ba="0,1" hai="40,42,49,52,59,97,98,99,104,105,106" m="51787" machi="104" ten="40,2700,0" yaku="20,1,54,1" doraHai="79" who="1" fromWho="1" sc="309,-7,206,37,250,-13,225,-7" /><INIT seed="3,0,0,4,4,73" ten="302,243,237,218" oya="3" hai0="6,71,35,55,42,30,70,127,31,112,37,16,69" hai1="65,10,86,56,12,20,39,118,29,123,47,89,81" hai2="117,62,60,97,94,24,103,54,50,64,4,124,14" hai3="45,52,9,113,21,122,91,105,128,108,40,101,106"/><W44/><G113/><T110/><D6/><U41/><E123/><V88/><F117/><W58/><G122/><T33/><D112/><U96/><E118/><V68/><F124/><W49/><G128/><T17/><D127/><U75/><E75/><V8/><F62/><W5/><G108/><T98/><D98/><U19/><E96/><V7/><F24/><W99/><G45/><T121/><D121/><U102/><E102/><V22/><F22/><W84/><G21/><T74/><D74/><U111/><E111/><V100/><REACH who="2" step="1"/><F4/><REACH who="2" ten="302,243,227,218" step="2"/><W0/><G99/><T36/><D110/><U78/><E20/><V79/><F79/><W32/><G101/><T135/><D135/><U51/><E29/><N who="0" m="10761" /><D69/><U92/><E65/><V85/><F85/><W23/><G23/><T82/><D71/><U119/><E119/><V34/><F34/><W48/><REACH who="3" step="1"/><G32/><REACH who="3" ten="302,243,227,208" step="2"/><T134/><D33/><U76/><E10/><V87/><F87/><W132/><G132/><T11/><D35/><U28/><E86/><V95/><F95/><AGARI ba="0,2" hai="0,5,9,40,44,48,49,52,58,84,91,95,105,106" machi="95" ten="30,5800,0" yaku="1,1,7,1,54,1,53,0" doraHai="73" doraHaiUra="15" who="3" fromWho="2" sc="302,0,243,0,227,-58,208,78" /><INIT seed="3,1,0,0,3,41" ten="302,243,169,286" oya="3" hai0="81,95,58,105,101,12,84,134,52,30,92,102,124" hai1="43,65,34,88,122,4,57,96,40,33,56,113,29" hai2="126,75,9,70,18,111,11,0,104,110,38,123,135" hai3="94,114,115,130,112,89,76,53,99,108,37,22,3"/><W129/><G37/><T93/><D124/><U36/><E122/><V100/><F100/><W98/><G3/><T60/><D134/><U125/><E125/><V90/><F9/><W2/><G2/><T54/><D105/><U66/><E113/><V69/><F11/><W1/><G1/><T103/><D12/><U13/><E29/><V44/><F18/><W49/><G76/><T46/><D30/><U42/><E36/><V21/><F21/><W106/><G108/><T45/><D54/><U8/><E34/><V17/><F17/><W62/><G62/><T78/><AGARI ba="1,0" hai="45,46,52,58,60,78,81,84,92,93,95,101,102,103" machi="78" ten="30,8000,1" yaku="0,1,8,1,52,2,54,1" doraHai="41" who="0" fromWho="0" sc="302,83,243,-21,169,-21,286,-41" /><INIT seed="4,0,0,3,2,66" ten="385,222,148,245" oya="0" hai0="90,47,25,31,39,12,128,127,27,69,70,61,120" hai1="83,63,101,1,35,135,42,94,43,24,86,38,44" hai2="23,121,130,116,29,46,111,123,26,118,52,33,32" hai3="6,0,96,114,37,40,103,36,112,50,80,95,82"/><T74/><D120/><U117/><E117/><N who="2" m="45163" /><F46/><N who="3" m="25927" /><G0/><T104/><D90/><U77/><E135/><V49/><F111/><W89/><G6/><T115/><D12/><U54/><E1/><V56/><F130/><W3/><G3/><T8/><D8/><U55/><E42/><V4/><F4/><W107/><G80/><T81/><D27/><U65/><E35/><AGARI ba="0,0" hai="23,26,29,32,33,35,49,52,56,121,123" m="45163" machi="35" ten="30,2000,0" yaku="12,1,54,1" doraHai="66" who="2" fromWho="1" sc="385,0,222,-20,148,20,245,0" /><INIT seed="5,0,0,3,3,111" ten="385,202,168,245" oya="1" hai0="24,72,96,28,104,105,63,94,11,134,123,82,34" hai1="22,68,92,60,121,77,19,107,65,126,36,89,40" hai2="20,44,39,29,7,25,88,71,76,131,97,128,132" hai3="117,35,95,135,33,75,50,16,38,112,115,84,80"/><U102/><E121/><V133/><F71/><W78/><G38/><T118/><D123/><U67/><E126/><V79/><F7/><W129/><G135/><N who="2" m="51785" /><F39/><W48/><G129/><N who="2" m="49737" /><F44/><W108/><G108/><T57/><D134/><U101/><E67/><V58/><F58/><W70/><G70/><T124/><D118/><U73/><E107/><V69/><F69/><W109/><G109/><T93/><D124/><U47/><E73/><V51/><F51/><W41/><G41/><T13/><D72/><U113/><E77/><N who="2" m="29771" /><F97/><W3/><G50/><T66/><D82/><U49/><E36/><V56/><F56/><W103/><G48/><T74/><D74/><U30/><E30/><V45/><F45/><W21/><G75/><T120/><D120/><U10/><E10/><V15/><F15/><N who="3" m="9375" /><G3/><T54/><D54/><U87/><REACH who="1" step="1"/><E113/><REACH who="1" ten="385,192,168,245" step="2"/><N who="3" m="43594" /><G117/><T4/><REACH who="0" step="1"/><D96/><AGARI ba="0,1" hai="33,35,78,80,84,95,96,103" m="43594,9375" machi="96" ten="30,8000,1" yaku="15,1,52,3,54,1" doraHai="111" who="3" fromWho="0" sc="385,-80,192,0,168,0,245,90" /><INIT seed="6,0,0,3,1,98" ten="305,192,168,335" oya="2" hai0="130,53,83,60,29,0,2,66,80,24,81,58,23" hai1="119,107,37,129,3,15,51,112,7,120,55,41,133" hai2="68,33,103,86,35,135,62,50,76,19,6,109,52" hai3="9,71,99,134,84,92,65,1,88,72,118,85,127"/><V28/><F109/><W74/><G127/><T128/><REACH who="0" step="1"/><D66/><REACH who="0" ten="295,192,168,335" step="2"/><U111/><RYUUKYOKU type="yao9" ba="0,1" sc="295,0,192,0,168,0,335,0" hai1="3,7,15,37,41,51,55,107,111,112,119,120,129,133" /><INIT seed="6,1,1,4,0,135" ten="295,192,168,335" oya="2" hai0="60,25,46,82,40,100,62,130,7,72,6,22,107" hai1="57,118,36,86,67,15,70,125,98,13,29,4,93" hai2="12,128,80,34,88,90,32,33,114,27,91,117,37" hai3="5,69,58,99,83,21,45,50,35,124,24,55,23"/><V95/><F117/><W44/><G124/><T123/><D123/><U115/><E70/><V75/><F37/><W38/><G69/><T39/><D130/><U63/><E125/><V131/><F114/><W77/><G35/><T122/><D122/><U65/><E118/><V26/><F95/><W111/><G111/><T112/><D112/><U73/><E73/><V68/><F68/><W20/><G99/><T89/><D7/><U8/><E36/><V16/><F80/><W133/><G133/><T110/><D110/><U121/><E121/><V19/><F75/><W126/><G126/><T92/><D6/><U76/><E29/><V108/><F108/><W109/><G109/><T54/><D107/><U132/><E132/><V94/><F94/><W105/><G105/><T71/><D71/><U43/><E43/><V51/><F51/><W0/><G24/><N who="2" m="9257" /><F12/><W106/><G106/><T52/><D62/><U97/><E115/><V17/><AGARI ba="1,1" hai="16,17,19,32,33,34,88,90,91,128,131" m="9257" machi="17" ten="50,18000,2" yaku="29,2,28,2,54,2" doraHai="135" who="2" fromWho="2" sc="295,-61,192,-61,168,193,335,-61" /><INIT seed="6,2,0,5,1,53" ten="234,131,361,274" oya="2" hai0="81,39,86,0,133,82,111,95,92,57,120,20,61" hai1="55,6,77,116,78,16,66,54,37,70,73,60,51" hai2="43,46,103,10,7,59,50,88,123,128,87,105,32" hai3="113,47,25,58,99,132,1,13,69,3,118,129,102"/><V101/><F123/><W94/><G118/><T80/><D120/><U106/><E116/><V15/><F32/><W108/><G108/><T34/><D111/><U11/><E37/><V41/><F128/><W18/><G69/><T83/><N who="0" m="20992" /><DORA hai="45" /><T90/><D133/><U29/><E106/><V67/><F105/><W124/><G132/><T8/><D34/><U85/><E73/><V135/><F135/><W14/><G129/><T91/><D39/><U76/><E29/><V52/><F67/><W89/><G124/><T49/><D0/><U115/><E115/><V9/><F10/><W65/><G47/><T38/><D38/><U17/><E85/><V74/><F74/><W5/><G113/><T40/><D8/><U4/><E55/><V31/><F31/><W117/><G5/><T71/><D71/><U24/><E24/><V93/><F41/><W2/><G117/><T130/><D130/><U107/><E107/><V122/><F122/><W28/><G1/><T27/><D40/><U126/><E126/><V134/><F134/><W23/><G89/><T33/><D33/><U112/><E112/><V56/><F59/><W127/><G127/><T104/><D104/><U36/><E36/><AGARI ba="2,0" hai="7,9,15,36,43,46,50,52,56,87,88,93,101,103" machi="36" ten="30,12000,1" yaku="7,1,52,2,54,2" doraHai="53,45" who="2" fromWho="1" sc="234,0,131,-126,361,126,274,0" /><INIT seed="6,3,0,1,5,38" ten="234,5,487,274" oya="2" hai0="64,129,67,26,102,22,107,8,116,50,59,75,54" hai1="79,104,71,74,72,7,91,17,90,131,51,128,56" hai2="123,14,48,88,37,100,119,33,49,10,5,21,118" hai3="55,19,23,85,120,127,29,96,2,99,27,63,68"/><V124/><F33/><W43/><G127/><T62/><D116/><U83/><E71/><V98/><F123/><W73/><G73/><T78/><D129/><U0/><E0/><V3/><F37/><W58/><G68/><T105/><D102/><U31/><E7/><V110/><F124/><W24/><G2/><T113/><D113/><U70/><E31/><V108/><F119/><W93/><G85/><T84/><D75/><U18/><E70/><V122/><F122/><W66/><G99/><T135/><D135/><U82/><E56/><V117/><F117/><W44/><G66/><T121/><D121/><U76/><E51/><V87/><F118/><W25/><G29/><T69/><D67/><U1/><E1/><V109/><F21/><W126/><G126/><T95/><D8/><U94/><E18/><V40/><F3/><W61/><G61/><T133/><D133/><U13/><E17/><V114/><F114/><W97/><G97/><T132/><D132/><U81/><E13/><V9/><F9/><W103/><G120/><T57/><D69/><U35/><E35/><V125/><F125/><W41/><G44/><T86/><D86/><U20/><E20/><V134/><F134/><W15/><AGARI ba="3,0" hai="15,19,23,24,25,27,41,43,55,58,63,93,96,103" machi="15" ten="30,7900,0" yaku="0,1,8,1,52,2" doraHai="38" who="3" fromWho="3" sc="234,-23,5,-23,487,-42,274,88" owari="211,-19.0,-18,-52.0,445,55.0,362,16.0" /></mjloggm>