<mjloggm ver="2.3"><GO type="169" lobby="0"/><UN n0="%E3%80%90%E3%81%A1%E3%82%85%E3%81%AE%E3%81%A0%E3%80%91" n1="%E5%B0%B1%E6%B4%BB%E7%94%9F%40%E5%B7%9D%E6%9D%91%E8%BB%8D%E5%9B%A3" n2="%E9%9B%AA%E4%B9%83%E7%80%AC%E9%BA%97" n3="%EF%BC%A0%E3%81%BF%E3%82%84" dan="16,16,16,16" rate="2093.88,2050.49,2098.60,2074.86" sx="M,M,M,M"/><TAIKYOKU oya="0"/><INIT seed="0,0,0,0,2,79" ten="250,250,250,250" oya="0" hai0="34,93,38,69,54,96,57,71,113,102,91,105,47" hai1="70,95,6,52,35,97,9,58,28,75,84,18,62" hai2="63,24,31,23,134,80,61,39,1,78,4,119,85" hai3="37,33,120,12,3,110,26,49,0,72,114,67,89"/><T46/><D113/><U14/><E75/><V41/><F134/><W100/><G37/><T125/><D34/><U56/><E70/><V133/><F133/><W19/><G114/><T109/><D125/><U64/><E84/><V111/><F111/><W122/><G110/><T121/><D121/><N who="3" m="46697" /><G72/><T51/><D109/><U40/><E40/><V94/><F119/><W132/><G100/><T36/><D36/><U104/><E104/><V25/><F4/><W124/><G124/><T7/><D7/><U87/><E87/><V42/><F1/><W8/><G132/><T65/><D38/><U20/><E35/><V126/><F126/><W73/><G73/><T82/><D82/><U115/><E28/><V112/><F112/><W83/><G67/><T101/><D101/><U92/><E115/><V17/><F94/><W21/><G49/><T30/><D30/><U90/><E95/><V99/><F99/><W98/><G33/><T116/><D116/><U127/><E127/><V22/><REACH who="2" step="1"/><F42/><REACH who="2" ten="250,250,240,250" step="2"/><W103/><G98/><T29/><D105/><U45/><E45/><AGARI ba="0,1" hai="17,22,23,24,25,31,39,41,45,61,63,78,80,85" machi="45" ten="40,8000,1" yaku="1,1,2,1,52,1,53,1" doraHai="79" doraHaiUra="81" who="2" fromWho="1" sc="250,0,250,-80,240,90,250,0" /><INIT seed="1,0,0,1,2,97" ten="250,170,330,250" oya="1" hai0="102,46,135,78,63,43,95,124,111,22,36,17,39" hai1="117,50,20,61,14,49,96,83,16,114,75,58,25" hai2="127,88,1,7,131,11,77,71,82,80,110,10,51" hai3="8,81,2,59,105,54,92,3,74,108,90,13,86"/><U115/><E117/><V72/><F110/><W76/><G108/><T128/><D111/><U30/><E115/><V118/><F71/><W12/><G105/><T55/><D124/><U28/><E114/><V113/><F118/><W37/><G37/><T85/><D39/><U103/><E75/><V66/><F66/><W89/><G89/><T24/><D128/><U132/><E132/><V121/><F121/><W44/><G44/><T60/><D135/><U68/><E68/><V31/><F131/><W64/><G64/><T133/><D133/><U6/><E83/><V38/><F127/><W134/><G134/><T65/><D55/><U69/><E6/><V62/><F62/><W100/><G100/><T35/><D35/><U42/><E42/><V57/><F31/><W119/><G13/><T123/><D123/><U29/><E25/><V53/><F38/><W101/><G101/><T79/><D63/><U122/><E69/><V56/><F11/><W129/><G119/><T106/><D106/><U33/><E33/><V52/><F113/><W40/><G40/><T26/><D24/><U0/><E0/><V126/><F126/><W18/><REACH who="3" step="1"/><G129/><REACH who="3" ten="250,170,330,240" step="2"/><T23/><D43/><U15/><E15/><V27/><F53/><W125/><G125/><T116/><D36/><U112/><E112/><V34/><F52/><W67/><G67/><T94/><D116/><U9/><E122/><V32/><F27/><W45/><G45/><T120/><D26/><U91/><E91/><V104/><F1/><W70/><G70/><T109/><D120/><U48/><E14/><V19/><F88/><RYUUKYOKU ba="0,1" sc="250,-10,170,-10,330,-10,240,30" hai3="2,3,8,12,18,54,59,74,76,81,86,90,92" /><INIT seed="2,1,1,5,3,42" ten="240,160,320,270" oya="2" hai0="129,79,101,115,58,116,73,103,80,7,124,19,52" hai1="50,35,54,105,67,27,100,117,68,121,22,0,132" hai2="2,15,87,63,96,16,110,6,36,125,9,74,55" hai3="44,32,114,95,126,24,61,91,98,84,1,72,122"/><V29/><F74/><W81/><G122/><T119/><D115/><U134/><E121/><V18/><F36/><W111/><G1/><T5/><D124/><U92/><E0/><V37/><F37/><W51/><G126/><T64/><D64/><U106/><E117/><N who="0" m="45129" /><D19/><N who="1" m="12767" /><E35/><V43/><F43/><W109/><G72/><T49/><D129/><U135/><E67/><V102/><F125/><W133/><G61/><T10/><D5/><U11/><E11/><V20/><F110/><N who="3" m="41995" /><G133/><N who="1" m="34050" /><U17/><DORA hai="13" /><E17/><V57/><F87/><W90/><G114/><T62/><D62/><U107/><E68/><V88/><F88/><N who="3" m="51215" /><G24/><T104/><D104/><N who="1" m="26627" /><U85/><DORA hai="76" /><E100/><V14/><F2/><AGARI ba="1,1" hai="2,7,10,49,52,58,73,79,80,101,103" m="45129" machi="2" ten="30,3900,0" yaku="12,1,52,1,54,1" doraHai="42,13,76" who="0" fromWho="2" sc="240,52,160,0,320,-42,270,0" /><INIT seed="3,0,0,1,5,127" ten="292,160,278,270" oya="3" hai0="122,87,108,26,61,57,88,43,58,82,125,32,130" hai1="31,52,135,27,79,120,104,101,55,95,45,119,131" hai2="107,116,84,25,0,72,65,90,34,63,124,99,106" hai3="51,110,47,128,64,86,66,92,77,18,103,3,23"/><W94/><G3/><T111/><D125/><U98/><E120/><V100/><F116/><W4/><G4/><T35/><D122/><U83/><E119/><V118/><F124/><W12/><G128/><T89/><D130/><U24/><E131/><V56/><F118/><W28/><G28/><T70/><D43/><U22/><E135/><V105/><F72/><W17/><G110/><N who="0" m="42027" /><D89/><U41/><E104/><V42/><F0/><W133/><G133/><T20/><D70/><U123/><E24/><V50/><F34/><N who="0" m="12842" /><D61/><U69/><E69/><V132/><F25/><N who="3" m="14575" /><G77/><T109/><D109/><U85/><REACH who="1" step="1"/><E123/><REACH who="1" ten="292,150,278,270" step="2"/><V38/><F132/><W113/><G113/><T114/><D114/><U97/><E97/><V112/><F112/><W96/><G96/><T30/><AGARI ba="0,1" hai="20,26,30,57,58,82,87,88" m="12842,42027" machi="30" ten="30,2000,0" yaku="14,1,54,1" doraHai="127" who="0" fromWho="0" sc="292,30,150,-5,278,-5,270,-10" /><INIT seed="4,0,0,0,5,59" ten="322,145,273,260" oya="0" hai0="8,129,7,49,124,73,97,63,90,117,3,25,116" hai1="96,66,4,68,41,20,118,18,5,40,122,1,75" hai2="106,77,110,95,10,27,89,121,76,53,19,47,105" hai3="16,65,50,91,86,35,11,45,21,44,37,114,125"/><T67/><D73/><U127/><E118/><V134/><F110/><W28/><G114/><T32/><D124/><U43/><E127/><V78/><F121/><W103/><G125/><T108/><D108/><U54/><E122/><V115/><F115/><W74/><G74/><T57/><D129/><U112/><E75/><V9/><F134/><W34/><G37/><T87/><D97/><U132/><E132/><V111/><F111/><W130/><G103/><T39/><D39/><U72/><E72/><V100/><F100/><W98/><G98/><T131/><D131/><U113/><E54/><V42/><F106/><W128/><G128/><T55/><D25/><U88/><E112/><V26/><F53/><W120/><G120/><T6/><D6/><U60/><E1/><V82/><F82/><W17/><G65/><T85/><D32/><U0/><E0/><V56/><F56/><W123/><G123/><T104/><D104/><U64/><E64/><V93/><F93/><W109/><G109/><T23/><D23/><U52/><E113/><V70/><F70/><W31/><G35/><T135/><D135/><U83/><E52/><V92/><F92/><N who="3" m="54391" /><G34/><T2/><D2/><U71/><E71/><V58/><F105/><W69/><G69/><N who="0" m="42239" /><D87/><U126/><E126/><V30/><F58/><W33/><G33/><T46/><D57/><U107/><E107/><V102/><F102/><W29/><G50/><T12/><D3/><U22/><E96/><N who="2" m="57455" /><F30/><W51/><G130/><T79/><D79/><U133/><E133/><V48/><F10/><W101/><G11/><T15/><D8/><RYUUKYOKU ba="0,0" sc="322,-10,145,-10,273,30,260,-10" hai2="9,19,26,27,42,47,48,76,77,78" /><INIT seed="5,1,0,2,5,69" ten="312,135,303,250" oya="1" hai0="54,115,128,98,9,20,0,22,67,12,103,38,129" hai1="57,126,43,81,90,97,7,55,63,106,64,110,73" hai2="93,88,2,51,72,74,24,82,94,112,5,21,83" hai3="85,122,36,56,100,17,84,19,1,77,30,14,89"/><U50/><E110/><V114/><F51/><W120/><G1/><T107/><D0/><U133/><E126/><V66/><F66/><W49/><G100/><T105/><D105/><U108/><E108/><V135/><F135/><W45/><G30/><T44/><D67/><U41/><E133/><V101/><F5/><W33/><G33/><T13/><D115/><N who="2" m="44074" /><F2/><W39/><G77/><T118/><D118/><U91/><E7/><V42/><F42/><N who="1" m="15881" /><E73/><N who="2" m="28267" /><F101/><W130/><G130/><N who="0" m="50283" /><D38/><U46/><E106/><V116/><F94/><W58/><G49/><N who="0" m="28967" /><D12/><U31/><E31/><N who="2" m="17807" /><F116/><W71/><G71/><T125/><D125/><U78/><E97/><AGARI ba="1,0" hai="82,83,88,93,97" m="17807,28267,44074" machi="97" ten="30,3900,0" yaku="15,1,11,1,54,1" doraHai="69" who="2" fromWho="1" sc="312,0,135,-42,303,42,250,0" /><INIT seed="6,0,0,5,0,79" ten="312,93,345,250" oya="2" hai0="17,117,57,90,24,40,68,50,35,112,118,8,9" hai1="115,83,29,111,130,101,106,4,131,89,51,74,27" hai2="73,21,84,128,96,87,102,107,70,14,72,114,129" hai3="91,132,95,46,108,0,55,18,122,59,32,65,43"/><V15/><F70/><W34/><G122/><T42/><D68/><U120/><E4/><V104/><F21/><W133/><G65/><T81/><D112/><U78/><E51/><V135/><F135/><N who="3" m="51787" /><G0/><T94/><D81/><U109/><E27/><V76/><F15/><W98/><G108/><N who="1" m="41546" /><E29/><V97/><F14/><W54/><G18/><T63/><D35/><N who="3" m="13353" /><G59/><T45/><D40/><U66/><E66/><V103/><REACH who="2" step="1"/><F76/><REACH who="2" ten="312,93,335,250" step="2"/><W82/><G82/><T49/><D118/><U13/><E13/><V58/><F58/><W100/><G100/><T126/><D57/><U53/><E120/><V1/><F1/><W113/><G113/><AGARI ba="0,1" hai="72,73,84,87,96,97,102,103,104,107,113,114,128,129" machi="113" ten="25,18000,2" yaku="1,1,22,2,34,3,53,0" doraHai="79" doraHaiUra="52" who="2" fromWho="3" sc="312,0,93,0,335,190,250,-180" /><INIT seed="6,1,0,2,1,14" ten="312,93,525,70" oya="2" hai0="53,56,78,24,107,52,89,48,125,82,79,85,32" hai1="22,115,36,16,95,83,132,8,87,104,60,108,3" hai2="84,110,72,64,42,38,81,9,30,37,102,51,61" hai3="91,17,39,33,93,18,67,19,62,65,13,114,15"/><V94/><F72/><W46/><G33/><T118/><D107/><U66/><E104/><V50/><F110/><W49/><G39/><T4/><D4/><U7/><E108/><V106/><F106/><W123/><G123/><T121/><D121/><U101/><E115/><V6/><F30/><W54/><G114/><T88/><D125/><U59/><E36/><V23/><F23/><W131/><G131/><T0/><D0/><U135/><E101/><V27/><F27/><W31/><G31/><T99/><D32/><U77/><REACH who="1" step="1"/><E95/><REACH who="1" ten="312,83,525,70" step="2"/><V129/><F94/><W127/><G127/><T2/><D118/><U126/><E126/><V10/><F102/><W57/><REACH who="3" step="1"/><G67/><REACH who="3" ten="312,83,525,60" step="2"/><T70/><D70/><U5/><E5/><V68/><F6/><W105/><G105/><T130/><D130/><U92/><E92/><V113/><F64/><W41/><G41/><T28/><D53/><U133/><E133/><V20/><F68/><W63/><G63/><T120/><D52/><U73/><E73/><V119/><F61/><W58/><G58/><T43/><D56/><U69/><E69/><V122/><F42/><W117/><G117/><T111/><D43/><U45/><E45/><V1/><F122/><W55/><G55/><T44/><D44/><U103/><E103/><V29/><F119/><W47/><G47/><T109/><D120/><U90/><E90/><V134/><F129/><W86/><AGARI ba="1,2" hai="13,15,17,18,19,46,49,54,57,62,65,86,91,93" machi="86" ten="30,12000,2" yaku="1,1,0,1,8,1,52,3,53,0" doraHai="14" doraHaiUra="124" who="3" fromWho="3" sc="312,-31,83,-31,525,-61,60,143" /><INIT seed="7,0,0,4,4,6" ten="281,52,464,203" oya="3" hai0="129,45,48,26,114,75,57,54,125,84,27,17,117" hai1="109,96,99,72,33,82,80,103,132,74,23,113,67" hai2="22,28,18,108,90,120,41,3,42,92,25,101,81" hai3="52,46,10,135,62,70,128,79,14,24,89,49,106"/><W36/><G128/><T119/><D75/><N who="1" m="28715" /><E33/><V86/><F108/><W68/><G135/><T93/><D84/><U30/><E67/><V69/><F69/><W12/><G106/><T63/><D93/><N who="1" m="58767" /><E23/><N who="2" m="15423" /><F3/><W73/><G89/><T47/><D114/><U78/><E30/><V127/><F127/><W32/><G79/><T124/><D129/><U118/><E118/><N who="0" m="45065" /><D47/><U91/><E109/><V98/><F120/><W9/><G73/><T16/><D27/><AGARI ba="0,0" hai="18,22,27,41,42,81,86,90,92,98,101" m="15423" machi="27" ten="30,1000,0" yaku="8,1" doraHai="6" who="2" fromWho="0" sc="281,-10,52,0,464,10,203,0" owari="271,7.0,52,-45.0,474,58.0,203,-20.0" /></mjloggm>