<mjloggm ver="2.3"><GO type="169" lobby="0"/><UN n0="%E3%83%81%E3%83%AA%E3%83%9A%E3%83%83%E3%83%91%E3%83%BC" n1="%E2%98%86%6E%61%6F%E2%98%86" n2="%E5%B0%B1%E6%B4%BB%E7%94%9F%40%E5%B7%9D%E6%9D%91%E8%BB%8D%E5%9B%A3" n3="%E3%81%AE%E3%81%B3%E3%81%97%E3%82%8D%E2%99%82" dan="16,17,16,16" rate="2049.27,2093.91,2087.26,2044.63" sx="M,F,M,M"/><TAIKYOKU oya="0"/><INIT seed="0,0,0,0,1,104" ten="250,250,250,250" oya="0" hai0="0,84,117,14,103,123,106,102,91,64,43,132,27" hai1="10,108,22,135,110,41,107,17,76,40,62,82,54" hai2="38,6,19,111,24,2,65,100,133,131,89,83,92" hai3="47,50,26,1,39,9,11,96,74,44,67,12,98"/><T119/><D0/><U60/><E107/><V30/><F38/><W128/><G128/><T4/><D64/><U121/><E10/><V116/><F116/><W36/><G67/><T48/><D132/><U105/><E135/><V35/><F111/><N who="1" m="42537" /><E105/><V55/><F131/><W45/><G1/><T69/><D69/><U134/><E54/><V88/><F65/><W97/><G50/><T33/><D123/><U7/><E7/><V115/><F115/><W59/><G59/><T86/><D106/><U99/><E99/><V28/><F133/><W124/><G124/><T3/><D3/><U75/><E121/><V63/><F30/><W93/><G93/><T109/><D109/><U72/><E134/><V81/><F19/><W122/><G122/><T87/><D4/><U23/><E75/><V8/><F100/><W37/><G26/><T101/><D43/><N who="1" m="16459" /><E22/><V94/><F55/><W13/><REACH who="3" step="1"/><G74/><REACH who="3" ten="250,250,250,240" step="2"/><T126/><D126/><U32/><E32/><V56/><F56/><W15/><AGARI ba="0,1" hai="9,11,12,13,15,36,37,39,44,45,47,96,97,98" machi="15" ten="50,32000,5" yakuman="40" doraHai="104" doraHaiUra="16" who="3" fromWho="3" sc="250,-160,250,-80,250,-80,240,330" /><INIT seed="1,0,0,0,2,110" ten="90,170,170,570" oya="1" hai0="16,108,119,135,97,74,84,87,127,115,86,20,91" hai1="123,85,81,23,54,1,11,106,3,72,59,92,101" hai2="118,21,12,96,38,133,98,117,30,43,25,51,35" hai3="57,32,124,44,19,88,10,6,66,53,52,64,82"/><U5/><E123/><V116/><F38/><W7/><G124/><T46/><D127/><U26/><E72/><V58/><F133/><W37/><G32/><T100/><D108/><U105/><E106/><V2/><F2/><W60/><G19/><T132/><D119/><U125/><E105/><V71/><F71/><W47/><G7/><T93/><D46/><U77/><E125/><V0/><F0/><W29/><G29/><T55/><D55/><U94/><E1/><V103/><F12/><W78/><G88/><T120/><D120/><U111/><E101/><V9/><F9/><W4/><G4/><T18/><D74/><U40/><E40/><V48/><F35/><W8/><G8/><T83/><D18/><U122/><E111/><V42/><F98/><W76/><G76/><T14/><D115/><U109/><E109/><V80/><F80/><W63/><G37/><T67/><D67/><U95/><E122/><V45/><F58/><W56/><G44/><T113/><D113/><U114/><E114/><V34/><F34/><W99/><G99/><T31/><D31/><U17/><REACH who="1" step="1"/><E94/><REACH who="1" ten="90,160,170,570" step="2"/><V13/><F43/><W79/><G82/><T134/><AGARI ba="0,1" hai="14,16,20,83,84,86,87,91,93,97,100,132,134,135" machi="134" ten="30,4000,0" yaku="0,1,20,1,54,1" doraHai="110" who="0" fromWho="0" sc="90,50,160,-20,170,-10,570,-10" /><INIT seed="2,0,0,2,3,57" ten="140,140,160,560" oya="2" hai0="22,0,87,67,125,83,50,61,127,28,80,36,128" hai1="65,16,10,43,132,109,101,102,5,108,14,111,73" hai2="49,19,40,78,1,26,25,118,106,112,82,45,70" hai3="2,3,48,122,52,89,9,66,104,94,126,93,41"/><V60/><F118/><W131/><G131/><T81/><D0/><U46/><E132/><V13/><F106/><W120/><G126/><N who="0" m="48139" /><D36/><U95/><E73/><V42/><F1/><W63/><G104/><T97/><D128/><U58/><E95/><V53/><F112/><W116/><G41/><T21/><D97/><U121/><E121/><V76/><F76/><W74/><G74/><T18/><D28/><U32/><E32/><V107/><F107/><W6/><G94/><T64/><D50/><N who="1" m="26975" /><E5/><V113/><F113/><W8/><G116/><T91/><D67/><U114/><E114/><V27/><F70/><W31/><G31/><T103/><D103/><U34/><E34/><V55/><F60/><AGARI ba="0,0" hai="10,14,16,58,60,65,101,102,108,109,111" m="26975" machi="60" ten="30,3900,0" yaku="14,1,52,1,54,1" doraHai="57" who="1" fromWho="2" sc="140,0,140,39,160,-39,560,0" /><INIT seed="3,0,0,1,3,53" ten="140,179,121,560" oya="3" hai0="100,24,76,110,10,85,92,40,91,4,38,107,79" hai1="83,77,96,88,46,123,32,5,118,26,65,43,73" hai2="111,117,28,23,121,81,75,109,30,104,20,17,67" hai3="18,105,6,14,22,71,61,120,64,70,66,36,131"/><W86/><G131/><T93/><D110/><N who="2" m="41994" /><F104/><W42/><G120/><T48/><D38/><U13/><E123/><V124/><F67/><W19/><G105/><T2/><D107/><U97/><E118/><V15/><F75/><W31/><G31/><N who="2" m="11817" /><F81/><W52/><G6/><T82/><D24/><U119/><E119/><V99/><F99/><W29/><G29/><T95/><D100/><U45/><E46/><V60/><F60/><W11/><G86/><T63/><D40/><U112/><E112/><V87/><F87/><W55/><G42/><T62/><REACH who="0" step="1"/><D48/><REACH who="0" ten="130,179,121,560" step="2"/><U125/><E26/><V54/><F117/><W8/><G36/><T37/><D37/><U44/><E43/><V9/><F121/><W130/><G71/><T134/><D134/><U41/><E41/><V1/><F124/><W47/><G70/><T72/><D72/><U16/><E73/><V128/><F128/><W39/><G130/><T74/><D74/><U59/><E125/><V127/><F127/><W35/><G39/><T113/><D113/><U114/><E114/><V94/><F54/><W89/><G52/><T69/><D69/><U34/><E34/><V80/><F80/><W78/><G35/><T68/><D68/><U51/><E83/><V12/><F94/><W106/><G55/><T50/><D50/><U21/><E32/><V129/><F129/><W122/><G106/><T108/><D108/><U126/><E51/><V133/><F133/><W33/><G122/><T115/><D115/><U132/><E132/><V56/><F1/><W49/><G49/><T0/><D0/><U58/><E126/><RYUUKYOKU ba="0,1" sc="130,30,179,-10,121,-10,560,-10" hai0="2,4,10,62,63,76,79,82,85,91,92,93,95" /><INIT seed="4,1,1,0,1,93" ten="160,169,111,550" oya="0" hai0="122,100,81,74,131,105,42,87,130,58,103,76,88" hai1="29,53,20,46,127,123,11,49,70,83,57,96,25" hai2="13,39,91,126,41,113,35,17,10,7,90,73,92" hai3="118,63,95,75,40,16,119,64,52,30,21,48,82"/><T18/><D42/><U2/><E123/><V97/><F35/><W50/><G30/><T45/><D45/><U44/><E70/><V106/><F126/><W22/><G22/><T34/><D34/><U72/><E127/><V51/><F113/><W54/><G40/><T69/><D69/><U98/><E2/><V120/><F120/><W61/><G95/><T68/><D68/><U5/><E72/><V99/><F73/><W14/><G50/><T37/><D58/><U78/><E78/><V8/><F39/><W60/><G64/><T4/><D4/><U104/><E83/><V23/><F7/><W9/><G54/><T128/><D18/><U65/><E104/><V124/><F124/><W85/><G75/><T55/><D37/><U67/><E11/><V129/><F129/><W84/><G84/><T33/><D33/><U31/><E5/><V77/><F77/><W94/><G94/><N who="0" m="54559" /><D55/><N who="1" m="30135" /><E31/><V109/><F109/><W28/><G28/><T19/><D19/><U114/><E44/><N who="2" m="25999" /><F106/><W116/><G9/><N who="2" m="3689" /><F91/><W47/><REACH who="3" step="1"/><G119/><REACH who="3" ten="160,169,111,540" step="2"/><T132/><D122/><U86/><E86/><AGARI ba="1,2" hai="13,17,23,86,90,92,97,99" m="3689,25999" machi="86" ten="30,3900,0" yaku="8,1,52,2" doraHai="93" who="2" fromWho="1" sc="160,0,169,-42,111,62,540,0" /><INIT seed="5,0,0,4,2,73" ten="160,127,173,540" oya="1" hai0="132,57,68,12,114,30,96,15,48,103,40,33,18" hai1="35,42,79,121,92,87,71,60,123,16,54,110,8" hai2="2,26,51,135,84,64,37,109,77,122,130,83,44" hai3="108,97,1,88,0,128,129,125,67,10,31,36,4"/><U101/><E35/><V43/><F109/><W45/><G108/><T25/><D68/><U11/><E110/><V23/><F122/><W9/><G125/><T29/><D132/><U93/><E71/><V90/><F2/><W41/><G67/><T63/><D114/><U21/><E123/><V74/><F135/><W32/><G31/><T85/><D30/><U134/><E42/><V78/><F130/><W98/><G32/><T119/><D119/><U70/><E121/><V6/><F74/><W111/><G111/><T17/><D40/><U62/><E134/><V20/><F37/><W118/><G118/><T28/><D28/><U27/><E70/><V7/><F64/><W58/><G58/><T5/><D48/><U100/><E54/><V120/><F23/><W55/><G55/><T13/><D85/><U127/><E92/><V117/><F117/><W61/><G61/><N who="1" m="23658" /><E127/><V22/><F22/><W106/><G106/><T39/><D39/><U56/><E56/><V72/><F120/><W59/><G59/><T80/><D80/><N who="1" m="47519" /><E93/><V38/><F38/><W52/><G52/><T89/><D89/><U94/><E94/><V105/><F105/><W102/><G88/><T113/><D5/><N who="2" m="1546" /><F72/><W95/><G98/><T50/><D50/><U69/><E69/><V104/><F104/><W24/><G129/><T86/><D86/><U99/><E99/><V14/><F14/><N who="3" m="5415" /><G128/><T34/><D34/><U3/><E3/><V112/><F112/><W133/><G133/><T116/><D113/><U81/><E81/><V126/><F126/><W76/><G0/><T53/><D116/><RYUUKYOKU ba="0,0" sc="160,10,127,10,173,10,540,-30" hai0="12,13,15,17,18,25,29,33,53,57,63,96,103" hai1="8,11,16,21,27,100,101" hai2="20,26,43,44,51,77,78,83,84,90" /><INIT seed="5,1,0,1,3,106" ten="170,137,183,510" oya="1" hai0="0,103,16,56,36,72,91,126,107,2,30,96,33" hai1="45,97,83,118,25,14,100,23,31,55,117,40,86" hai2="123,110,3,37,109,49,4,24,10,58,38,78,66" hai3="57,60,15,101,95,22,39,20,87,51,71,63,105"/><U76/><E55/><V81/><F123/><W88/><G39/><T67/><D126/><U9/><E97/><V90/><F38/><W61/><G71/><T102/><D36/><U112/><E100/><V114/><F37/><W108/><G108/><T62/><D103/><U121/><E121/><V52/><F114/><W125/><G125/><T32/><D72/><U99/><E99/><V92/><F66/><W128/><G128/><T89/><D89/><U59/><E59/><V79/><F24/><W17/><G105/><T98/><D98/><U113/><E117/><V35/><F35/><W41/><G101/><T69/><D33/><U26/><E118/><V129/><F129/><W13/><G41/><T70/><D70/><U94/><E94/><V54/><F54/><N who="3" m="31967" /><G22/><T42/><D91/><U80/><E25/><AGARI ba="1,0" hai="13,15,17,20,25,60,61,63,87,88,95" m="31967" machi="25" ten="30,2000,0" yaku="8,1,54,1" doraHai="106" who="3" fromWho="1" sc="170,0,137,-23,183,0,510,23" /><INIT seed="6,0,0,5,2,25" ten="170,114,183,533" oya="2" hai0="5,134,74,32,94,23,59,82,83,128,118,93,111" hai1="92,77,13,56,101,2,109,30,103,78,133,4,105" hai2="66,110,26,40,107,7,71,76,14,63,132,97,127" hai3="51,58,100,112,33,80,122,22,115,86,88,123,62"/><V12/><F110/><W67/><G33/><T61/><D32/><U47/><E105/><V0/><F132/><W21/><G100/><T28/><D111/><U102/><E109/><V81/><F127/><W116/><G116/><T120/><D120/><N who="3" m="46121" /><G51/><T35/><D35/><U53/><E133/><V75/><F40/><W11/><G11/><T85/><D74/><U125/><E2/><V18/><F0/><W36/><G36/><T106/><D106/><U39/><E47/><V42/><F42/><W104/><G104/><T60/><D128/><U48/><E39/><V41/><F41/><W95/><G95/><N who="0" m="36363" /><D5/><U27/><E92/><V70/><F70/><W43/><G43/><T90/><D134/><U38/><E38/><V54/><F54/><W16/><G16/><T84/><D59/><U131/><E131/><V72/><F72/><W44/><G44/><T6/><D6/><U89/><E125/><V113/><F113/><AGARI ba="0,0" hai="21,22,58,62,67,80,86,88,112,113,115" m="46121" machi="113" ten="30,3900,0" yaku="15,1,11,1,54,1" doraHai="25" who="3" fromWho="2" sc="170,0,114,0,183,-39,533,39" /><INIT seed="7,0,0,1,0,0" ten="170,114,144,572" oya="3" hai0="58,30,3,130,10,6,25,27,50,9,23,8,34" hai1="36,92,12,83,56,64,86,104,17,2,29,54,112" hai2="76,110,33,102,111,126,123,32,90,105,93,48,127" hai3="15,37,103,109,35,45,118,80,115,133,57,88,41"/><W63/><G118/><T74/><D74/><U18/><E112/><V75/><F123/><W59/><G115/><T72/><D72/><U120/><E104/><V84/><F33/><W7/><G133/><T135/><D130/><U101/><E36/><V89/><F32/><W132/><G132/><T46/><D58/><U47/><E2/><V42/><F42/><W19/><G109/><N who="2" m="41481" /><F48/><W97/><G35/><T53/><D135/><U20/><E120/><V11/><F11/><W52/><G59/><T129/><D129/><U119/><E119/><V60/><F60/><W78/><G7/><T5/><D6/><U114/><E114/><V16/><F16/><AGARI ba="0,0" hai="3,5,8,9,10,16,23,25,27,30,34,46,50,53" machi="16" ten="30,3900,0" yaku="7,1,52,1,54,1" doraHai="0" who="0" fromWho="2" sc="170,39,114,0,144,-39,572,0" owari="209,1.0,114,-29.0,105,-39.0,572,67.0" /></mjloggm>