<mjloggm ver="2.3"><GO type="169" lobby="0"/><UN n0="%E4%B8%8D%E8%81%B4%E7%89%8C%E3%83%AA%E3%83%BC%E3%83%81" n1="%62%75%74%69%74%61%6D%61" n2="%E3%82%A6%E3%83%AB%E3%83%88%E3%83%A9%E7%AB%8B%E7%9B%B4" n3="%E3%83%88%E3%82%A5%E3%83%AB%E3%83%BC%E3%83%87" dan="17,16,17,16" rate="2196.12,2095.77,2153.94,2109.51" sx="M,M,M,F"/><TAIKYOKU oya="0"/><INIT seed="0,0,0,3,3,64" ten="250,250,250,250" oya="0" hai0="33,94,116,56,13,86,44,19,39,12,23,27,55" hai1="123,53,88,41,82,60,112,124,29,91,1,98,25" hai2="96,114,95,73,10,97,57,3,80,59,16,81,130" hai3="9,65,28,7,107,102,74,108,71,104,47,45,133"/><T67/><D116/><U61/><E123/><V99/><F114/><W26/><G74/><T93/><D33/><U121/><E121/><V78/><F130/><W72/><G72/><T18/><D39/><U128/><E1/><V49/><F81/><W105/><G108/><T118/><D118/><U35/><E128/><V109/><F109/><W77/><G102/><T87/><D44/><U62/><E124/><V122/><F122/><W11/><G133/><T0/><D0/><U15/><E112/><V2/><F95/><W5/><G77/><T52/><D67/><U101/><E41/><V21/><F49/><W38/><G11/><T76/><D27/><U90/><E15/><V125/><F125/><W4/><G38/><T110/><D110/><U106/><REACH who="1" step="1"/><E82/><REACH who="1" ten="250,240,250,250" step="2"/><V129/><F129/><W30/><G26/><T70/><D12/><U79/><E79/><V127/><F127/><W85/><G107/><T63/><D76/><U115/><E115/><V32/><F2/><W117/><G105/><T17/><D13/><U89/><N who="1" m="22528" /><DORA hai="66" /><U132/><E132/><V92/><F92/><W20/><G104/><T120/><D94/><U40/><E40/><V131/><F131/><W34/><G117/><T37/><D93/><U22/><E22/><V50/><F21/><W135/><G135/><T111/><D23/><U68/><E68/><V134/><F134/><W54/><G71/><T46/><D70/><U36/><E36/><V84/><F3/><W119/><G119/><T6/><D120/><U42/><E42/><V69/><F78/><W126/><G126/><T24/><D37/><RYUUKYOKU ba="0,1" sc="250,-10,240,30,250,-10,250,-10" hai1="25,29,35,53,60,61,62,98,101,106" /><INIT seed="1,1,1,3,3,126" ten="240,270,240,240" oya="1" hai0="14,91,13,90,9,0,67,86,10,54,42,27,59" hai1="106,93,6,102,55,58,48,128,114,45,88,46,100" hai2="70,21,120,3,79,97,123,132,18,34,98,113,16" hai3="105,72,110,65,69,22,118,39,109,78,127,73,7"/><U81/><E114/><V107/><F34/><W66/><G105/><T61/><D42/><U8/><E106/><V101/><F113/><W1/><G39/><T63/><D27/><U84/><E128/><V60/><F132/><W111/><G127/><T4/><D0/><U28/><E28/><V26/><F3/><W74/><G118/><T129/><D129/><U77/><E102/><V2/><F2/><W64/><G78/><T24/><D24/><U44/><E100/><V96/><F97/><W116/><G116/><T49/><D86/><U47/><E47/><V37/><F37/><W11/><REACH who="3" step="1"/><G22/><REACH who="3" ten="240,270,240,230" step="2"/><T119/><D119/><U103/><E103/><V89/><F79/><W115/><G115/><T83/><D83/><U121/><E121/><V29/><F123/><W36/><G36/><T125/><D125/><U20/><E20/><V32/><F120/><W50/><G50/><T51/><D51/><U43/><E43/><V87/><F21/><W71/><AGARI ba="1,2" hai="1,7,11,64,65,66,69,71,72,73,74,109,110,111" machi="71" ten="50,8000,1" yaku="1,1,0,1,29,2,14,1,53,0" doraHai="126" doraHaiUra="25" who="3" fromWho="3" sc="240,-21,270,-41,240,-21,230,103" /><INIT seed="2,0,0,0,3,95" ten="219,229,219,333" oya="2" hai0="49,66,29,60,28,127,79,64,98,87,33,11,116" hai1="19,83,86,71,122,75,31,129,103,134,99,114,73" hai2="36,63,42,80,61,65,70,100,110,1,115,5,88" hai3="4,106,108,17,102,22,43,126,113,6,109,0,53"/><V20/><F115/><W14/><G126/><T38/><D38/><U54/><E71/><V45/><F110/><N who="3" m="42603" /><G43/><T59/><D116/><U96/><E31/><V112/><F112/><W77/><G113/><T30/><D127/><U82/><E114/><V21/><F100/><W94/><G106/><T74/><D74/><N who="1" m="28171" /><E19/><V128/><F128/><W40/><G40/><T25/><D66/><U32/><E54/><V69/><F69/><W133/><G133/><T9/><D33/><U119/><E32/><V10/><REACH who="2" step="1"/><F63/><REACH who="2" ten="219,229,209,333" step="2"/><W121/><G102/><T2/><D60/><U132/><E129/><V120/><F120/><W72/><G121/><T23/><D2/><U135/><E122/><V27/><F27/><W105/><G0/><T91/><D25/><U90/><E119/><V107/><F107/><W15/><G105/><T111/><D111/><U124/><E124/><V39/><F39/><W125/><G125/><T67/><D49/><U12/><E12/><V26/><F26/><W47/><G14/><T46/><D30/><U92/><E103/><V18/><F18/><W131/><G131/><T41/><D29/><U78/><E134/><V89/><F89/><W123/><G123/><T55/><D28/><U130/><E130/><V104/><F104/><W37/><G37/><T44/><D91/><N who="1" m="51679" /><E135/><V58/><F58/><W3/><G3/><T48/><D59/><U76/><E132/><V93/><F93/><W7/><G94/><T35/><D48/><U97/><E82/><V57/><F57/><W118/><G15/><T68/><D68/><U85/><AGARI ba="0,1" hai="76,78,85,90,92,96,97,99" m="51679,28171" machi="85" ten="30,16000,3" yaku="35,5,52,3" doraHai="95" who="1" fromWho="1" sc="219,-40,229,170,209,-80,333,-40" /><INIT seed="3,0,0,3,2,27" ten="179,399,129,293" oya="3" hai0="67,59,105,83,133,15,86,6,61,28,108,51,95" hai1="68,89,100,135,114,66,88,77,33,0,92,70,31" hai2="29,129,74,42,14,134,107,58,106,56,30,113,39" hai3="26,40,101,98,37,81,16,55,62,36,84,47,13"/><W71/><G26/><T10/><D108/><U122/><E0/><V24/><F74/><W5/><G5/><T127/><D127/><U131/><E122/><V120/><F113/><W69/><G36/><T65/><D133/><U126/><E114/><V99/><F120/><W50/><G62/><T116/><D105/><N who="2" m="39946" /><F24/><W94/><G37/><T64/><D116/><U109/><E109/><V2/><F39/><W91/><REACH who="3" step="1"/><G40/><REACH who="3" ten="179,399,129,283" step="2"/><T102/><D61/><U75/><E135/><V128/><F42/><W8/><AGARI ba="0,1" hai="8,13,16,47,50,55,69,71,81,84,91,94,98,101" machi="8" ten="20,24000,3" yaku="1,1,2,1,0,1,7,1,25,2,54,1,53,1" doraHai="27" doraHaiUra="49" who="3" fromWho="3" sc="179,-80,399,-80,129,-80,283,250" /><INIT seed="3,1,0,2,3,126" ten="99,319,49,533" oya="3" hai0="91,115,35,24,98,120,130,99,75,86,89,129,64" hai1="58,117,39,131,80,11,88,53,19,70,90,76,48" hai2="113,96,32,92,54,16,74,18,9,15,42,124,108" hai3="69,52,14,94,44,57,27,33,134,114,8,68,73"/><W84/><G114/><T60/><D75/><U29/><E117/><V37/><F113/><W10/><G73/><T31/><D115/><U49/><E39/><V78/><F108/><W104/><G104/><T46/><D46/><U101/><E70/><V65/><F124/><W103/><G134/><T135/><D120/><U109/><E109/><V4/><F32/><W87/><G69/><T79/><D79/><U45/><E29/><V34/><F34/><W66/><G68/><N who="0" m="41991" /><D135/><U93/><E101/><V17/><F65/><W72/><G72/><T28/><D31/><U5/><E19/><V56/><F42/><W12/><G33/><T3/><D3/><U81/><E76/><V77/><F37/><W7/><G66/><T105/><D98/><U25/><E25/><V23/><F23/><W22/><G44/><T111/><D111/><U83/><E93/><V119/><F119/><W13/><G103/><N who="0" m="62719" /><D91/><U38/><E38/><V1/><F1/><W21/><G21/><T100/><D100/><U85/><E90/><N who="2" m="55319" /><F74/><W6/><G14/><T95/><AGARI ba="1,0" hai="24,28,35,86,89,95,129,130" m="62719,41991" machi="95" ten="30,4000,0" yaku="25,1,52,2" doraHai="126" who="0" fromWho="0" sc="99,43,319,-11,49,-11,533,-21" /><INIT seed="4,0,0,2,0,93" ten="142,308,38,512" oya="0" hai0="128,110,82,62,66,28,21,113,42,80,129,71,38" hai1="117,119,125,52,43,49,70,102,57,22,45,50,122" hai2="46,114,68,97,63,67,54,14,126,90,105,78,53" hai3="120,116,59,11,30,108,29,130,8,58,91,118,34"/><T85/><D113/><U24/><E122/><V65/><F114/><W133/><G108/><T88/><D110/><U98/><E70/><V84/><F126/><W44/><G120/><T135/><D135/><U69/><E69/><V92/><F67/><W76/><G76/><T83/><D42/><U41/><E41/><V48/><F14/><W112/><G133/><T95/><D38/><U20/><E125/><V31/><F31/><W40/><G130/><N who="0" m="50283" /><D28/><U35/><E35/><V0/><F0/><W2/><G29/><T4/><D4/><U6/><E6/><V132/><F132/><W106/><G30/><T86/><D21/><U89/><E89/><AGARI ba="0,0" hai="62,66,71,80,82,83,85,86,88,89,95" m="50283" machi="89" ten="30,2900,0" yaku="19,1,54,1" doraHai="93" who="0" fromWho="1" sc="142,29,308,-29,38,0,512,0" /><INIT seed="4,1,0,2,0,19" ten="171,279,38,512" oya="0" hai0="35,83,22,28,93,102,36,76,74,14,114,5,81" hai1="24,2,129,48,119,55,7,91,61,31,3,101,41" hai2="54,73,58,13,115,94,68,130,57,6,113,128,112" hai3="37,52,45,40,118,15,72,66,84,90,42,63,1"/><T126/><D35/><U133/><E119/><V30/><F73/><W47/><G118/><T95/><D36/><U56/><E129/><V44/><F6/><W38/><G1/><T88/><D5/><U108/><E108/><V134/><F94/><W32/><G72/><T77/><D102/><U99/><E133/><V109/><F13/><W104/><G104/><T9/><D114/><U69/><E91/><V125/><F30/><W20/><G32/><T34/><D34/><N who="1" m="20839" /><E41/><V127/><F109/><W11/><G52/><T120/><D120/><U116/><E7/><V131/><F68/><W29/><G29/><T8/><D126/><N who="2" m="48138" /><F134/><W49/><G49/><AGARI ba="1,0" hai="44,49,54,57,58,112,113,115,128,130,131" m="48138" machi="49" ten="50,8000,1" yaku="15,1,19,1,18,1,34,2" doraHai="19" who="2" fromWho="3" sc="171,0,279,0,38,83,512,-83" /><INIT seed="5,0,0,5,0,110" ten="171,279,121,429" oya="1" hai0="100,14,35,12,105,91,96,89,28,123,135,88,67" hai1="21,7,84,108,1,41,64,69,68,9,45,18,101" hai2="3,15,70,37,24,44,74,129,134,58,33,42,83" hai3="86,94,95,55,16,71,130,82,127,76,40,61,31"/><U8/><E108/><V133/><F15/><W99/><G40/><T30/><D135/><N who="2" m="51722" /><F58/><W109/><G109/><T66/><D123/><U13/><E101/><V59/><F59/><W103/><G130/><T29/><REACH who="0" step="1"/><D35/><REACH who="0" ten="161,279,121,429" step="2"/><U47/><E69/><V107/><F70/><W73/><G127/><T57/><D57/><U131/><E68/><V63/><F129/><W26/><G71/><T113/><D113/><U34/><E131/><V80/><F107/><W54/><G61/><T118/><D118/><U36/><E34/><V65/><F3/><W2/><G2/><T122/><D122/><U11/><E64/><AGARI ba="0,1" hai="12,14,28,29,30,64,66,67,88,89,91,96,100,105" machi="64" ten="40,2600,0" yaku="1,1,54,1,53,0" doraHai="110" doraHaiUra="0" who="0" fromWho="1" sc="161,36,279,-26,121,0,429,0" /><INIT seed="6,0,0,2,2,35" ten="197,253,121,429" oya="2" hai0="90,96,121,87,28,57,104,119,13,26,86,29,105" hai1="45,74,117,123,101,70,85,67,22,122,69,120,62" hai2="40,133,82,80,116,33,112,108,18,20,44,64,50" hai3="134,52,103,115,129,81,111,59,60,130,63,46,68"/><V56/><F116/><W132/><G111/><T21/><D121/><U118/><E74/><V88/><F112/><W27/><G115/><T1/><D1/><U125/><E101/><V71/><F133/><N who="3" m="51307" /><G103/><T61/><D119/><N who="1" m="45579" /><E125/><V97/><F33/><W11/><G27/><T16/><D96/><U53/><E22/><V128/><F71/><N who="1" m="27145" /><E85/><V91/><F128/><N who="3" m="49259" /><G11/><T135/><D135/><U39/><E67/><V79/><F108/><W34/><G34/><T102/><D102/><U72/><E72/><V113/><F113/><W30/><G30/><T2/><D29/><U73/><E73/><V126/><F126/><W54/><G81/><N who="2" m="31337" /><F79/><W110/><G110/><T19/><D105/><U25/><E25/><N who="2" m="14487" /><F97/><W24/><G24/><T15/><D104/><U0/><E39/><V37/><F37/><W78/><G78/><T36/><D36/><U107/><E107/><V10/><F10/><W93/><G93/><T94/><D28/><U8/><E8/><V84/><F84/><W31/><G31/><T3/><D86/><U6/><E123/><V58/><F64/><W109/><G109/><T41/><D26/><U92/><E122/><V51/><F51/><N who="3" m="28791" /><G68/><T89/><D21/><U114/><E92/><V9/><F9/><W23/><G23/><T32/><D32/><U7/><E114/><V14/><F14/><W95/><G95/><T49/><D94/><U100/><E120/><V43/><F43/><W75/><G75/><T124/><D87/><U98/><E100/><V106/><F106/><W17/><G17/><T42/><D42/><U76/><E76/><V131/><F131/><RYUUKYOKU ba="0,0" sc="197,-15,253,-15,121,15,429,15" hai2="40,44,50,56,58,88,91" hai3="54,59,60,63" /><INIT seed="6,1,0,5,3,85" ten="182,238,136,444" oya="2" hai0="101,51,123,12,134,10,117,55,41,76,34,110,14" hai1="112,37,54,114,60,43,33,23,45,28,129,90,125" hai2="99,116,9,22,103,109,72,68,92,105,130,91,21" hai3="94,35,15,27,39,42,126,57,86,67,113,32,127"/><V17/><F116/><W36/><G113/><N who="1" m="43626" /><E33/><N who="3" m="12874" /><G42/><T70/><D70/><U84/><E125/><N who="3" m="47626" /><G15/><T31/><D41/><U26/><E129/><V46/><F130/><W25/><G67/><T81/><D14/><U122/><E122/><V120/><F120/><W74/><G74/><T44/><D123/><U11/><E11/><V16/><F72/><W24/><G57/><T47/><D12/><U53/><E60/><V77/><F68/><W0/><G0/><T1/><D1/><U48/><E37/><N who="3" m="14410" /><G86/><T2/><D2/><U78/><E78/><V73/><F46/><W89/><G94/><AGARI ba="1,0" hai="23,26,28,43,45,48,53,54,84,90,94" m="43626" machi="94" ten="30,2000,0" yaku="15,1,52,1" doraHai="85" who="1" fromWho="3" sc="182,0,238,23,136,0,444,-23" /><INIT seed="7,0,0,0,0,13" ten="182,261,136,421" oya="3" hai0="91,2,15,130,51,11,26,127,134,76,103,53,35" hai1="67,80,5,75,99,3,6,116,24,39,120,123,98" hai2="131,82,64,30,101,44,25,107,19,81,10,133,112" hai3="100,72,128,38,20,23,105,77,89,29,132,58,37"/><W8/><G89/><T115/><D2/><U54/><E39/><V9/><F112/><W135/><G128/><T124/><D115/><U84/><E75/><V43/><F131/><W118/><G118/><T78/><D130/><U12/><E3/><V62/><F133/><W68/><G68/><T42/><D42/><U109/><E109/><V94/><F82/><N who="3" m="45351" /><G8/><T126/><D134/><U71/><E116/><V21/><F81/><W113/><G113/><T88/><D103/><U69/><E67/><V0/><F107/><W45/><G58/><N who="0" m="33087" /><D78/><U93/><E71/><V49/><F0/><W27/><G20/><T41/><D41/><U34/><E69/><V48/><F48/><W59/><G59/><T55/><D55/><U32/><E32/><V52/><F43/><N who="3" m="22775" /><G37/><T31/><D76/><U86/><E34/><V90/><F101/><W61/><G61/><T114/><D114/><U57/><E57/><N who="2" m="36943" /><F30/><W56/><G56/><T60/><D60/><U108/><E54/><V92/><F92/><W97/><G23/><T87/><D87/><AGARI ba="0,0" hai="9,10,19,21,25,44,49,52,87,90,94" m="36943" machi="87" ten="30,3900,0" yaku="8,1,52,1,54,1" doraHai="13" who="2" fromWho="0" sc="182,-39,261,0,136,39,421,0" owari="143,-36.0,261,6.0,175,-22.0,421,52.0" /></mjloggm>