<mjloggm ver="2.3"><GO type="169" lobby="0"/><UN n0="%E3%82%A6%E3%83%AB%E3%83%88%E3%83%A9%E7%AB%8B%E7%9B%B4" n1="%E8%B6%85%E4%BA%BA%EF%BC%AD" n2="%E3%81%8D%E3%81%BE%E3%81%99" n3="%E3%81%97%E3%81%8A%E3%81%BE%E3%81%AD%E3%81%8D" dan="17,16,17,17" rate="2125.46,2145.15,2154.29,2154.54" sx="M,M,M,M"/><TAIKYOKU oya="0"/><INIT seed="0,0,0,2,4,19" ten="250,250,250,250" oya="0" hai0="131,54,69,99,34,8,89,82,25,119,14,114,10" hai1="128,2,126,112,81,4,46,111,60,122,40,13,77" hai2="76,35,3,100,68,103,41,29,12,0,45,84,31" hai3="98,27,105,101,94,125,58,95,6,51,18,135,22"/><T97/><D119/><U55/><E122/><V78/><F68/><W57/><G135/><T39/><D39/><U115/><E128/><V87/><F12/><W124/><G6/><T24/><D114/><N who="1" m="43563" /><E2/><V120/><F45/><W21/><G105/><T108/><D69/><U132/><E132/><V116/><F35/><W121/><G121/><T130/><D108/><U9/><E126/><V104/><F120/><W26/><G95/><T50/><D34/><U133/><E133/><V43/><REACH who="2" step="1"/><F104/><REACH who="2" ten="250,250,240,250" step="2"/><W5/><G5/><T117/><D131/><U91/><E111/><V53/><F53/><W106/><G106/><T30/><D54/><U75/><E55/><V63/><F63/><W61/><G125/><T64/><D14/><U17/><E60/><V129/><F129/><W65/><G124/><T86/><D130/><U38/><E4/><V102/><F102/><W96/><G96/><T110/><D97/><U36/><E91/><V72/><F72/><W37/><G37/><AGARI ba="0,1" hai="9,13,17,36,37,38,40,46,75,77,81" m="43563" machi="37" ten="30,1000,0" yaku="11,1" doraHai="19" who="1" fromWho="3" sc="250,0,250,20,240,0,250,-10" /><INIT seed="1,0,0,2,5,12" ten="250,270,240,240" oya="1" hai0="103,115,126,75,57,86,122,61,65,35,107,4,93" hai1="109,94,50,125,17,68,64,87,54,55,0,78,3" hai2="9,70,128,41,77,76,100,102,71,42,80,123,91" hai3="104,58,18,47,72,22,10,24,63,16,116,44,127"/><U26/><E125/><V124/><F123/><W96/><G72/><T40/><D35/><U112/><E112/><V52/><F128/><W111/><G111/><T8/><D115/><U133/><E109/><V108/><F108/><W79/><G79/><T46/><D75/><U69/><E133/><V82/><F91/><W29/><G116/><T131/><D126/><U53/><E50/><V129/><F129/><W121/><G121/><T43/><D131/><U13/><E26/><V15/><F15/><W25/><G127/><T2/><D122/><U32/><E32/><V120/><F124/><W14/><G96/><T34/><D34/><U81/><E94/><V119/><F120/><W85/><G85/><T66/><D107/><U117/><E117/><V113/><F9/><W89/><G89/><T84/><D65/><U45/><E45/><V51/><F113/><W21/><G104/><T114/><D43/><U31/><E31/><V37/><F37/><W5/><G29/><T38/><D114/><U19/><E64/><AGARI ba="0,0" hai="5,10,14,16,18,21,22,24,25,44,47,58,63,64" machi="64" ten="30,12000,2" yaku="7,1,9,1,8,1,52,2,54,1" doraHai="12" who="3" fromWho="1" sc="250,0,270,-120,240,0,240,120" /><INIT seed="2,0,0,2,5,40" ten="250,150,240,360" oya="2" hai0="69,108,123,81,50,110,71,28,82,7,63,16,46" hai1="75,101,90,1,61,80,103,65,5,9,118,32,23" hai2="36,112,87,41,22,129,89,53,11,45,33,88,52" hai3="122,86,18,35,62,4,29,127,111,93,19,105,131"/><V2/><F112/><W102/><G122/><T91/><D28/><U38/><E32/><V48/><F33/><W115/><G105/><T79/><D7/><U51/><E118/><V57/><F129/><W31/><G115/><T98/><D123/><U27/><E38/><V42/><F36/><W39/><G39/><T26/><D98/><U59/><E51/><N who="2" m="30911" /><F11/><W72/><G72/><T14/><D26/><U0/><E0/><V106/><F2/><W13/><G62/><T97/><D97/><U34/><E34/><V17/><F106/><W83/><G93/><T95/><D95/><U73/><E73/><V109/><F89/><W25/><G102/><T114/><D114/><U30/><REACH who="1" step="1"/><E90/><REACH who="1" ten="250,140,240,360" step="2"/><V92/><F109/><W96/><G111/><T94/><D91/><U84/><E84/><V85/><F85/><W124/><G86/><T74/><D108/><U6/><E6/><V132/><F132/><W133/><G4/><T77/><D110/><U120/><E120/><V126/><F126/><W78/><G127/><T21/><D74/><U54/><E54/><V107/><F107/><W116/><G124/><T99/><D77/><AGARI ba="0,1" hai="1,5,9,23,27,30,59,61,65,75,77,80,101,103" machi="77" ten="40,1300,0" yaku="1,1,53,0" doraHai="40" doraHaiUra="117" who="1" fromWho="0" sc="250,-13,140,23,240,0,360,0" /><INIT seed="3,0,0,2,4,67" ten="237,163,240,360" oya="3" hai0="52,33,23,111,27,9,97,41,62,20,91,57,89" hai1="2,68,38,8,116,45,99,12,93,124,13,40,128" hai2="90,65,50,133,58,24,34,69,32,6,114,1,106" hai3="61,3,88,59,118,134,83,35,125,18,44,4,11"/><W36/><G118/><T28/><D111/><U92/><E116/><V120/><F106/><W47/><G134/><T22/><D41/><U100/><E124/><V19/><F114/><W39/><G125/><T135/><D135/><U7/><E128/><V66/><F120/><W127/><G127/><T37/><D37/><U110/><E110/><V74/><F74/><W16/><G35/><T30/><D30/><U54/><E54/><V101/><F34/><W109/><G109/><T98/><REACH who="0" step="1"/><D9/><REACH who="0" ten="227,163,240,360" step="2"/><U75/><E75/><V104/><F133/><W49/><G39/><T82/><D82/><U46/><E46/><V29/><F29/><W107/><G36/><T77/><D77/><U112/><E112/><V25/><F32/><W73/><G73/><T0/><D0/><U14/><REACH who="1" step="1"/><E93/><REACH who="1" ten="227,153,240,360" step="2"/><V51/><F104/><W103/><G107/><T123/><D123/><U122/><E122/><V63/><F66/><W86/><G83/><T105/><D105/><U119/><E119/><V130/><F65/><W31/><G3/><T117/><D117/><U15/><N who="1" m="3072" /><DORA hai="21" /><U26/><E26/><V113/><F1/><W55/><G55/><T17/><D17/><U131/><E131/><V72/><F24/><W42/><G18/><T95/><D95/><U48/><E48/><V79/><F25/><W102/><G16/><T10/><D10/><U94/><E94/><V121/><F51/><W80/><G11/><T70/><D70/><AGARI ba="0,2" hai="2,7,8,38,40,45,68,70,92,99,100" m="3072" machi="70" ten="50,6400,0" yaku="1,1,52,2,53,0" doraHai="67,21" doraHaiUra="132,115" who="1" fromWho="0" sc="227,-64,153,84,240,0,360,0" /><INIT seed="4,0,0,5,4,5" ten="163,237,240,360" oya="0" hai0="76,24,132,128,65,54,45,81,129,82,1,46,55" hai1="51,84,12,102,127,87,53,39,92,35,57,114,40" hai2="88,42,96,111,117,107,109,20,86,70,17,64,52" hai3="121,93,99,100,15,101,120,28,134,0,7,95,60"/><T110/><D1/><U108/><E35/><V66/><F42/><W23/><G134/><T94/><D132/><U80/><E108/><V124/><F117/><W90/><G0/><T68/><D110/><U91/><E127/><V10/><F124/><W89/><G60/><T133/><D133/><U118/><E118/><V131/><F70/><W44/><G44/><N who="0" m="17003" /><D94/><U115/><E39/><V83/><F131/><N who="0" m="50250" /><D24/><U33/><E33/><V31/><F109/><W26/><G121/><T71/><D65/><U123/><E40/><V98/><F107/><W113/><G113/><T69/><D76/><U126/><E126/><V125/><F66/><W8/><REACH who="3" step="1"/><G120/><REACH who="3" ten="163,237,240,350" step="2"/><T73/><D73/><U21/><E123/><V97/><F125/><W27/><G27/><T22/><D22/><U34/><E34/><V50/><F20/><W19/><G19/><T74/><D74/><U48/><E115/><V78/><F17/><W105/><G105/><T41/><D41/><U104/><E114/><V103/><F111/><W29/><G29/><T3/><D3/><U79/><E21/><V122/><F31/><W63/><G63/><T9/><D9/><U58/><E12/><V32/><F10/><W59/><G59/><T37/><D37/><U135/><E135/><V25/><F122/><W4/><G4/><T77/><D77/><U62/><E58/><N who="2" m="33047" /><F25/><W30/><G30/><T43/><D43/><U116/><E116/><V72/><F32/><W38/><G38/><T13/><D13/><U6/><E6/><V14/><F14/><W106/><G106/><T119/><D119/><U49/><E104/><RYUUKYOKU ba="0,1" sc="163,10,237,10,240,-30,350,10" hai0="54,55,68,69,71,81,82" hai1="48,49,51,53,57,62,79,80,84,87,91,92,102" hai3="7,8,15,23,26,28,89,90,93,95,99,100,101" /><INIT seed="4,1,1,5,0,21" ten="173,247,210,360" oya="0" hai0="20,63,24,108,79,65,67,82,131,36,97,31,19" hai1="38,13,25,11,15,22,111,44,60,77,8,133,53" hai2="107,130,18,32,75,56,69,100,55,30,123,2,119" hai3="125,99,39,7,23,85,49,28,95,73,1,10,109"/><T6/><D131/><U129/><E111/><V72/><F69/><W68/><G73/><T105/><D108/><U114/><E129/><V83/><F123/><W118/><G39/><T37/><D6/><U12/><E77/><V134/><F130/><W59/><G68/><T54/><D54/><U34/><E34/><V93/><F107/><W48/><G109/><T45/><D45/><U92/><E133/><V88/><F2/><W40/><G125/><T124/><D124/><U3/><E3/><V103/><F119/><W33/><G118/><T120/><D120/><U91/><E38/><V110/><F110/><W101/><G33/><T126/><D67/><U29/><E114/><V41/><F41/><W66/><G85/><T98/><D126/><U5/><E11/><V27/><F18/><W87/><G87/><N who="0" m="48607" /><D105/><U35/><E35/><V9/><F9/><W94/><G94/><T50/><D50/><N who="1" m="28871" /><E60/><V116/><F116/><W112/><G112/><T81/><D81/><U89/><E89/><V96/><F134/><W84/><G84/><AGARI ba="1,1" hai="5,8,12,13,15,22,25,29,84,91,92" m="28871" machi="84" ten="30,2000,0" yaku="8,1,52,1" doraHai="21" who="1" fromWho="3" sc="173,0,247,33,210,0,360,-23" /><INIT seed="5,0,0,0,5,3" ten="173,280,210,337" oya="1" hai0="5,76,113,81,48,0,95,129,56,29,111,120,62" hai1="8,78,26,84,134,42,103,15,4,2,47,88,118" hai2="21,90,75,41,98,117,87,119,105,99,1,28,44" hai3="130,125,60,82,33,32,40,20,93,83,132,112,34"/><U131/><E118/><V6/><F75/><W107/><G107/><T10/><D111/><U36/><E134/><V89/><F90/><W70/><G112/><T51/><D113/><U66/><E78/><V59/><F99/><W80/><G132/><T106/><D106/><U71/><E103/><V72/><F72/><W7/><G130/><T27/><D95/><U16/><E131/><V43/><F43/><W23/><G125/><T11/><D120/><U114/><E114/><V12/><F1/><W63/><G40/><T9/><D9/><U14/><E66/><V49/><F59/><W57/><G93/><T53/><D11/><U13/><E71/><V18/><F28/><W35/><G70/><T50/><D129/><U86/><REACH who="1" step="1"/><E88/><REACH who="1" ten="173,270,210,337" step="2"/><V100/><F117/><W79/><G79/><T45/><D76/><U54/><E54/><V115/><F119/><W19/><G83/><T122/><D81/><U30/><E30/><V123/><F115/><W22/><G82/><T102/><D102/><U64/><E64/><V52/><F123/><W17/><G80/><T68/><D68/><U124/><E124/><V108/><F108/><W25/><G63/><T38/><D122/><U77/><E77/><V133/><F133/><W94/><G60/><T116/><D116/><U109/><E109/><V39/><F89/><W31/><G94/><T127/><D127/><U101/><E101/><V97/><F87/><W85/><G85/><T61/><D61/><U65/><E65/><V110/><F110/><W55/><G55/><T135/><D53/><U126/><E126/><V96/><F52/><RYUUKYOKU ba="0,1" sc="173,-10,270,30,210,-10,337,-10" hai1="2,4,8,13,14,15,16,26,36,42,47,84,86" /><INIT seed="5,1,1,2,0,73" ten="163,300,200,327" oya="1" hai0="37,123,98,26,8,97,79,39,72,27,124,29,109" hai1="102,66,122,47,87,45,106,28,36,43,111,54,67" hai2="115,131,50,4,77,78,127,42,120,38,55,14,114" hai3="132,5,71,7,64,52,61,107,51,100,31,18,76"/><U70/><E122/><V89/><F127/><W41/><G132/><T23/><D109/><U13/><E111/><V60/><F131/><W53/><G31/><T57/><D124/><U92/><E28/><V16/><F4/><W81/><G18/><T56/><D123/><U0/><E0/><V2/><F2/><W65/><G100/><T135/><D8/><U6/><E106/><V58/><F89/><W95/><G107/><T130/><D130/><U9/><E70/><V24/><F24/><N who="0" m="9258" /><D23/><U88/><REACH who="1" step="1"/><E102/><REACH who="1" ten="163,290,200,327" step="2"/><V133/><F120/><W30/><G30/><T15/><D29/><U63/><E63/><V96/><F60/><W21/><G71/><T75/><D135/><U129/><E129/><V68/><F133/><W90/><G61/><T83/><D37/><U44/><E44/><N who="2" m="23639" /><F68/><W118/><G118/><T85/><D39/><U74/><E74/><V117/><F117/><W80/><G65/><T82/><D75/><U86/><E86/><V33/><F33/><W84/><G64/><T48/><D72/><U110/><E110/><V116/><F116/><W101/><G101/><T22/><D85/><U134/><E134/><V91/><F115/><W1/><G1/><T108/><D108/><U104/><E104/><V40/><F114/><W10/><G84/><T94/><D57/><U20/><E20/><V17/><F58/><W34/><G21/><T126/><D22/><U35/><E35/><V59/><F59/><W113/><G34/><T11/><D56/><U19/><E19/><V105/><F17/><W112/><G113/><T32/><D126/><U49/><AGARI ba="1,2" hai="6,9,13,36,43,45,47,49,54,66,67,87,88,92" machi="49" ten="30,11700,0" yaku="1,1,5,1,0,1,54,1,53,0" doraHai="73" doraHaiUra="119" who="1" fromWho="1" sc="163,-40,290,140,200,-40,327,-40" /><INIT seed="5,2,0,3,2,48" ten="123,430,160,287" oya="1" hai0="4,76,90,85,44,52,28,19,114,25,108,60,115" hai1="124,64,74,97,135,134,122,120,10,16,69,83,107" hai2="0,71,49,40,103,35,17,84,34,5,65,131,47" hai3="112,88,13,1,66,75,42,21,57,9,86,37,98"/><U59/><E69/><V127/><F131/><W38/><G112/><N who="0" m="43051" /><D108/><U117/><E117/><V53/><F103/><W68/><G68/><T56/><D4/><U111/><E111/><V51/><F127/><W82/><G1/><T129/><D129/><U50/><E124/><V128/><F128/><W7/><G75/><T73/><D44/><U11/><E107/><V23/><F84/><W113/><G113/><T63/><D19/><U20/><E97/><V109/><F109/><W6/><G42/><T67/><D73/><U95/><E95/><V87/><F87/><W72/><G7/><T46/><D76/><N who="1" m="44439" /><E122/><V116/><F116/><W106/><G72/><T61/><D46/><U15/><E120/><V91/><F5/><W121/><G121/><T119/><D67/><U41/><E41/><V130/><F0/><W2/><G2/><T3/><D3/><U93/><E93/><V18/><F65/><W100/><REACH who="3" step="1"/><G21/><REACH who="3" ten="123,430,160,277" step="2"/><N who="0" m="15407" /><D119/><U78/><E78/><V125/><F130/><W54/><G54/><T123/><D123/><U133/><E64/><V99/><F53/><AGARI ba="2,1" hai="10,11,15,16,20,50,53,59,133,134,135" m="44439" machi="53" ten="30,5800,0" yaku="20,1,52,1,54,1" doraHai="48" who="1" fromWho="2" sc="123,0,430,74,160,-64,277,0" /><INIT seed="5,3,0,1,4,73" ten="123,504,96,277" oya="1" hai0="69,52,82,99,72,48,120,55,102,94,66,41,18" hai1="81,39,128,122,77,71,65,113,35,78,56,109,25" hai2="29,26,106,28,23,114,64,19,57,68,59,104,46" hai3="9,7,115,8,24,119,43,60,95,1,87,45,2"/><U44/><E122/><V31/><F114/><W13/><G119/><T116/><D116/><U117/><E117/><V74/><F74/><W3/><G115/><T62/><D120/><U125/><E113/><V67/><F46/><W34/><G60/><T91/><D18/><U33/><E71/><V121/><F121/><W15/><G95/><T53/><D41/><U4/><E128/><V126/><F126/><W10/><G87/><T80/><D80/><U90/><E125/><V54/><F68/><W111/><G45/><T30/><D30/><U83/><E4/><V124/><F124/><W0/><G43/><T16/><D16/><U70/><E90/><V40/><F40/><W107/><G107/><T42/><D42/><N who="1" m="22623" /><E56/><V47/><F47/><W38/><G111/><T49/><REACH who="0" step="1"/><D91/><REACH who="0" ten="113,504,96,277" step="2"/><U135/><E109/><V61/><REACH who="2" step="1"/><F67/><REACH who="2" ten="113,504,86,277" step="2"/><W134/><G38/><T103/><D103/><U98/><E65/><V36/><F36/><W132/><G132/><T130/><D130/><U12/><E135/><V50/><AGARI ba="3,2" hai="19,23,26,28,29,31,50,54,57,59,61,64,104,106" machi="50" ten="30,2000,0" yaku="1,1,0,1,53,0" doraHai="73" doraHaiUra="133" who="2" fromWho="2" sc="113,-8,504,-13,86,49,277,-8" /><INIT seed="6,0,0,5,5,24" ten="105,491,135,269" oya="2" hai0="110,125,82,5,10,130,73,121,105,41,55,12,103" hai1="42,52,127,120,108,32,60,49,38,33,4,46,44" hai2="117,111,65,81,101,27,9,69,124,21,36,23,126" hai3="26,97,96,78,92,64,13,134,133,77,22,18,100"/><V56/><F117/><W54/><G54/><T40/><D110/><U128/><E108/><V67/><F69/><W57/><G57/><T86/><D121/><U85/><E120/><V17/><F101/><N who="3" m="60551" /><G64/><T123/><D123/><U63/><E128/><V16/><F9/><W19/><G19/><T59/><D130/><U47/><E4/><V61/><F111/><W45/><G45/><T6/><D125/><N who="2" m="48234" /><F36/><W43/><G43/><T89/><D73/><U94/><E127/><V39/><F39/><W1/><G13/><T37/><D37/><U99/><E85/><V7/><F81/><W11/><G11/><T98/><REACH who="0" step="1"/><D6/><REACH who="0" ten="95,491,135,269" step="2"/><U135/><E135/><N who="3" m="51722" /><G1/><T122/><D122/><U50/><E33/><V53/><F7/><W76/><G76/><T8/><D8/><U30/><E38/><V31/><F17/><W112/><G112/><T115/><D115/><U66/><E32/><V20/><F20/><W74/><G74/><T131/><D131/><U62/><E42/><V93/><F21/><W75/><G75/><T83/><D83/><U15/><E15/><V28/><F16/><W48/><G18/><T70/><D70/><U34/><E66/><V0/><F23/><W79/><G22/><T68/><D68/><U107/><E34/><V91/><F27/><W29/><G26/><T3/><D3/><U58/><E52/><V116/><F0/><W80/><G80/><T119/><D119/><U106/><E49/><AGARI ba="0,1" hai="5,10,12,40,41,49,55,59,82,86,89,98,103,105" machi="49" ten="30,2000,0" yaku="1,1,7,1,53,0" doraHai="24" doraHaiUra="14" who="0" fromWho="1" sc="95,30,491,-20,135,0,269,0" /><INIT seed="7,0,0,1,3,82" ten="125,471,135,269" oya="3" hai0="24,75,15,30,71,4,90,115,55,66,16,102,34" hai1="12,109,123,47,124,2,81,31,21,133,6,20,52" hai2="43,26,110,18,62,100,117,113,9,63,69,88,38" hai3="1,0,119,79,64,53,5,125,36,116,78,74,50"/><W10/><G64/><T86/><D75/><U27/><E109/><V49/><F113/><W130/><G130/><T8/><D115/><U77/><E123/><V56/><F69/><W87/><G125/><T39/><D39/><U112/><E112/><V101/><F110/><W19/><G36/><T128/><D128/><U73/><E133/><V80/><F38/><W104/><G104/><T37/><D102/><N who="2" m="39530" /><F117/><W72/><G19/><T103/><D103/><U28/><E2/><V131/><F131/><W132/><G132/><T44/><D66/><U97/><E97/><V3/><F3/><W40/><G40/><T67/><D67/><U11/><E124/><V126/><F126/><W17/><G17/><T42/><D55/><U92/><E92/><V54/><F43/><W65/><G65/><T33/><D16/><U46/><E52/><V61/><F26/><AGARI ba="0,0" hai="6,11,12,20,21,26,27,28,31,46,47,73,77,81" machi="26" ten="40,1300,0" yaku="9,1" doraHai="82" who="1" fromWho="2" sc="125,0,471,13,135,-13,269,0" owari="125,-27.0,484,58.0,122,-38.0,269,7.0" /></mjloggm>