<mjloggm ver="2.3"><GO type="225" lobby="0"/><UN n0="%E5%B0%B1%E6%B4%BB%E7%94%9F%40%E5%B7%9D%E6%9D%91%E8%BB%8D%E5%9B%A3" n1="%E3%81%BD%E3%83%BC%E3%82%93%64%65%E3%83%AA%E3%83%B3%E3%82%B0" n2="%E3%81%B3%E3%82%8A%E3%81%B3%E3%82%8A%E2%98%86%E3%83%93%E3%83%AA%E3%83%BC" n3="%E3%82%AB%E3%83%9C%E3%83%81%E3%83%A3%E3%82%BF%E3%83%8D" dan="17,16,18,16" rate="2165.75,2151.33,2190.71,2148.28" sx="M,M,M,M"/><TAIKYOKU oya="0"/><INIT seed="0,0,0,4,1,95" ten="250,250,250,250" oya="0" hai0="62,48,91,57,116,86,59,67,21,51,2,94,41" hai1="45,1,29,71,130,10,110,26,36,31,56,88,93" hai2="127,84,64,40,87,54,42,102,125,133,73,39,101" hai3="12,75,7,8,79,47,118,70,121,16,111,104,68"/><T60/><D116/><U46/><E71/><V117/><F73/><W28/><G118/><T132/><D2/><U35/><E130/><V77/><F117/><W105/><G111/><T18/><D132/><U69/><E69/><V27/><F133/><W63/><G121/><T108/><D41/><N who="2" m="15978" /><F39/><W66/><G70/><T129/><D129/><U37/><E110/><V3/><F3/><W82/><G28/><T50/><D108/><U114/><E31/><V123/><F123/><W24/><REACH who="3" step="1"/><G47/><REACH who="3" ten="250,250,250,240" step="2"/><T58/><REACH who="0" step="1"/><D67/><REACH who="0" ten="240,250,250,240" step="2"/><U15/><E37/><V74/><F64/><W4/><G4/><T61/><D61/><U89/><E36/><V83/><F127/><W11/><G11/><T53/><D53/><U43/><E10/><V124/><F54/><W52/><G52/><T9/><D9/><U25/><E43/><V49/><F125/><W19/><G19/><T0/><D0/><U33/><E1/><V20/><F124/><W30/><G30/><T23/><D23/><AGARI ba="0,2" hai="7,8,12,16,23,24,63,66,68,75,79,82,104,105" machi="23" ten="40,8000,1" yaku="1,1,54,1,53,2" doraHai="95" doraHaiUra="103" who="3" fromWho="0" sc="240,-80,250,0,250,0,240,100" /><INIT seed="1,0,0,2,0,130" ten="160,250,250,340" oya="1" hai0="12,55,116,98,58,65,135,30,127,104,123,83,35" hai1="121,74,49,59,16,90,37,2,85,128,86,80,88" hai2="4,47,108,7,102,14,5,97,133,126,129,43,68" hai3="25,67,27,42,48,53,60,78,76,71,109,89,31"/><U19/><E121/><V77/><F68/><W40/><G109/><T95/><D123/><U21/><E37/><V28/><F108/><W75/><G27/><T72/><D104/><U1/><E74/><V96/><F129/><W131/><G131/><T66/><D116/><U92/><E128/><V22/><F126/><W120/><G120/><T62/><D127/><U122/><E122/><V119/><F119/><W111/><G111/><T70/><D12/><N who="1" m="9351" /><E19/><V99/><F77/><W113/><G89/><T93/><D93/><U36/><E36/><V18/><F133/><W17/><G17/><T38/><D38/><U50/><E50/><V134/><F134/><W79/><G75/><T51/><D66/><U34/><E34/><V20/><F28/><W115/><G42/><T0/><D0/><U10/><E10/><V44/><F102/><W9/><G40/><T8/><D8/><U69/><E69/><V101/><F101/><W82/><G9/><T84/><D72/><U52/><AGARI ba="0,0" hai="1,2,49,52,59,80,85,86,88,90,92" m="9351" machi="52" ten="30,11700,0" yaku="25,1,54,3" doraHai="130" who="1" fromWho="1" sc="160,-39,250,117,250,-39,340,-39" /><INIT seed="1,1,0,5,0,80" ten="121,367,211,301" oya="1" hai0="69,108,112,16,114,61,50,100,44,30,13,93,14" hai1="81,77,88,125,130,58,73,24,49,94,29,120,45" hai2="40,41,133,76,66,27,128,75,71,105,127,82,51" hai3="98,121,63,31,119,67,7,22,33,135,116,124,72"/><U111/><E120/><V87/><F105/><W0/><G121/><T91/><D30/><U35/><E130/><V65/><F128/><W47/><G72/><T131/><D131/><U54/><E125/><V70/><F127/><W85/><G124/><T43/><D108/><U83/><E83/><V32/><F133/><W99/><G135/><T62/><D100/><U132/><E132/><V53/><F75/><W34/><G47/><T79/><D79/><U107/><E107/><V23/><F32/><W60/><G7/><T97/><D14/><U123/><E123/><V115/><F115/><W42/><G42/><N who="2" m="16489" /><F70/><W19/><G0/><T36/><D36/><U10/><E10/><V57/><F71/><W95/><G60/><T64/><REACH who="0" step="1"/><D61/><REACH who="0" ten="111,367,211,301" step="2"/><U68/><E111/><V55/><F55/><W106/><G63/><T110/><D110/><U39/><E39/><V101/><F101/><W96/><G31/><AGARI ba="1,1" hai="23,27,31,51,53,57,65,66,76,82,87" m="16489" machi="31" ten="30,2000,0" yaku="8,1,52,1" doraHai="80" who="2" fromWho="3" sc="111,0,367,0,211,33,301,-23" /><INIT seed="2,0,0,0,3,107" ten="111,367,244,278" oya="2" hai0="93,129,63,40,36,56,13,99,125,109,127,114,7" hai1="59,90,134,96,73,122,130,10,119,45,9,75,30" hai2="37,77,120,52,106,80,42,57,5,47,19,81,98" hai3="49,39,28,51,58,105,124,31,87,29,108,116,11"/><V33/><F120/><W71/><G116/><T1/><D1/><U62/><E119/><V76/><F33/><W21/><G71/><T15/><D114/><U46/><E122/><V18/><F5/><W128/><G39/><T126/><D129/><U16/><E30/><V104/><F104/><W48/><G105/><T0/><D109/><U43/><E130/><V22/><F98/><W69/><G69/><T74/><D74/><U72/><E134/><V84/><F106/><W85/><G128/><T68/><D68/><U78/><E78/><V131/><F131/><W14/><G108/><T67/><D0/><U102/><E90/><V79/><F22/><W91/><G124/><T17/><D7/><U113/><E113/><V61/><REACH who="2" step="1"/><F79/><REACH who="2" ten="111,367,234,278" step="2"/><W50/><G21/><T54/><D17/><U8/><E16/><V35/><F35/><W55/><G91/><T20/><D20/><U88/><E88/><V12/><F12/><W65/><G65/><T94/><D94/><U41/><E96/><V121/><F121/><W111/><G111/><T38/><D93/><U4/><E4/><AGARI ba="0,1" hai="4,11,14,28,29,31,48,49,50,51,55,58,85,87" machi="4" ten="40,1300,0" yaku="8,1" doraHai="107" who="3" fromWho="1" sc="111,0,367,-13,234,0,278,23" /><INIT seed="3,0,0,2,3,26" ten="111,354,234,301" oya="3" hai0="78,23,81,47,16,133,90,73,29,112,31,74,122" hai1="113,55,94,68,98,63,103,117,10,46,6,0,135" hai2="24,62,127,58,70,17,3,125,77,106,118,114,104" hai3="32,59,99,57,89,14,44,119,37,131,91,100,86"/><W53/><G119/><T116/><D122/><U36/><E113/><V30/><F114/><W123/><G123/><T51/><D112/><U126/><E117/><V82/><F3/><W93/><G32/><T12/><D116/><U95/><E135/><V35/><F17/><W13/><G131/><T39/><D133/><U2/><E126/><V120/><F120/><W9/><G91/><T56/><D74/><U85/><E68/><V41/><F41/><W7/><G14/><T72/><D72/><U102/><E36/><V20/><F20/><W96/><G96/><T48/><D39/><U108/><E108/><V38/><F38/><W4/><G4/><T132/><D132/><U28/><E2/><V15/><F15/><W1/><G1/><T49/><D56/><U79/><E79/><V128/><F128/><W69/><G69/><T75/><D75/><U67/><E67/><N who="2" m="41335" /><F58/><W54/><G37/><T109/><D109/><U34/><E46/><V5/><F5/><W60/><G44/><T61/><D61/><U76/><E63/><V134/><F134/><W19/><G7/><T27/><D90/><U105/><E6/><V52/><F52/><N who="3" m="33831" /><G59/><T40/><REACH who="0" step="1"/><D12/><REACH who="0" ten="101,354,234,301" step="2"/><U111/><E111/><V71/><F118/><W50/><G50/><T45/><D45/><U25/><E0/><V110/><F110/><W115/><G115/><T101/><D101/><U22/><E103/><V92/><F71/><W124/><G124/><T87/><D87/><U11/><E85/><V107/><F127/><W33/><G33/><T43/><D43/><U130/><E34/><V65/><F125/><RYUUKYOKU ba="0,1" sc="101,15,354,-15,234,-15,301,15" hai0="16,23,27,29,31,40,47,48,49,51,73,78,81" hai3="9,13,19,53,54,86,89,93,99,100" /><INIT seed="3,1,1,0,3,48" ten="116,339,219,316" oya="3" hai0="45,86,38,79,85,40,77,87,7,96,39,37,84" hai1="129,15,115,5,19,117,73,68,53,60,132,81,99" hai2="111,128,34,28,89,103,23,66,16,100,125,62,41" hai3="47,107,50,4,26,21,58,31,70,0,11,10,76"/><W98/><G70/><T95/><N who="0" m="22016" /><DORA hai="116" /><T63/><D7/><U35/><E115/><V102/><F111/><W42/><G76/><T51/><REACH who="0" step="1"/><D63/><REACH who="0" ten="106,339,219,316" step="2"/><U71/><E60/><V88/><F128/><W29/><G11/><T93/><D93/><U74/><E5/><V72/><F72/><W12/><G0/><T83/><D83/><U69/><E74/><V1/><F125/><W52/><G107/><T57/><D57/><U13/><E81/><V55/><F1/><W27/><G98/><T33/><D33/><U56/><E73/><V20/><F34/><W8/><G8/><T3/><D3/><U46/><E35/><V43/><F66/><W61/><G27/><T32/><D32/><U14/><E71/><V2/><F2/><W22/><G22/><T49/><D49/><U24/><E99/><V75/><F75/><W114/><G114/><T119/><D119/><U124/><E117/><V105/><F105/><W121/><G121/><T110/><D110/><U135/><E124/><V80/><F80/><W134/><G134/><T127/><D127/><U113/><E113/><V133/><F133/><W90/><G90/><N who="2" m="34921" /><F23/><W25/><G25/><T123/><D123/><U18/><E132/><V54/><F62/><W64/><G64/><T130/><D130/><U30/><E129/><V59/><F59/><W112/><G112/><T120/><D120/><U109/><E135/><V118/><F118/><W92/><G92/><T101/><AGARI ba="1,2" hai="37,38,39,40,45,51,77,79,95,96,101" m="22016" machi="101" ten="50,3200,0" yaku="1,1,0,1,53,0" doraHai="48,116" doraHaiUra="65,78" who="0" fromWho="0" sc="106,55,339,-9,219,-9,316,-17" owari="161,-34.0,330,43.0,210,-19.0,299,10.0" /></mjloggm>