<mjloggm ver="2.3"><GO type="225" lobby="0"/><UN n0="%E5%90%91%E4%BA%95%E7%90%86" n1="%55%4E%4B%4F%63%68%61%6E" n2="%E3%83%88%E3%83%88%E3%83%AA%E5%85%88%E7%94%9F%31%39%E6%AD%B3" n3="%E3%82%B4%E3%83%BC%E3%83%AB%E3%83%87%E3%83%B3%E3%81%B2%E3%82%88%E3%81%93" dan="16,16,17,17" rate="2075.68,2074.66,2179.13,2219.79" sx="M,M,F,M"/><TAIKYOKU oya="0"/><INIT seed="0,0,0,4,1,70" ten="250,250,250,250" oya="0" hai0="93,41,101,31,21,1,36,135,3,103,127,120,92" hai1="30,44,122,23,27,113,64,73,18,105,132,114,128" hai2="118,52,94,9,95,90,85,54,63,40,104,34,130" hai3="84,81,68,72,62,29,123,59,66,115,89,13,117"/><T58/><D120/><U107/><E122/><V19/><F104/><W22/><G123/><T39/><D58/><U78/><E128/><V28/><F130/><W112/><G117/><T49/><D49/><U126/><E126/><V5/><F118/><W51/><G72/><T76/><D76/><U37/><E132/><V20/><F40/><W33/><G33/><T99/><D135/><U26/><E64/><V124/><F124/><W75/><G75/><T8/><D127/><U7/><E7/><V106/><F106/><W2/><G2/><T87/><D41/><N who="1" m="22575" /><E78/><V25/><F94/><W48/><G68/><T45/><D45/><U67/><E67/><V56/><F54/><W108/><G108/><T102/><D87/><U55/><E55/><V6/><REACH who="2" step="1"/><F9/><REACH who="2" ten="250,250,240,250" step="2"/><W129/><G129/><T121/><D121/><U96/><E105/><V97/><F97/><W74/><G115/><T134/><D134/><U88/><E107/><V32/><F32/><W60/><G112/><T11/><D102/><U110/><E113/><V116/><F116/><W15/><G66/><T53/><D53/><U10/><E114/><V125/><F125/><W65/><G65/><T100/><D100/><U50/><E10/><N who="0" m="3625" /><D1/><U91/><E96/><V69/><F69/><W47/><G22/><T14/><D3/><U12/><E23/><V83/><F83/><W16/><G81/><T43/><D43/><U61/><E73/><V77/><F77/><W111/><G74/><T35/><D101/><U17/><E91/><V57/><F57/><W119/><G59/><T98/><D103/><U82/><E88/><RYUUKYOKU ba="0,1" sc="250,-10,250,-10,240,30,250,-10" hai2="5,6,19,20,25,28,34,52,56,63,85,90,95" /><INIT seed="1,1,1,5,1,131" ten="240,240,270,240" oya="1" hai0="115,15,34,101,116,85,42,97,13,118,30,87,98" hai1="37,41,126,76,93,50,23,82,53,121,5,12,112" hai2="32,64,127,65,24,109,125,89,45,21,108,86,3" hai3="60,63,49,130,8,120,78,83,27,67,129,25,71"/><U10/><E121/><V28/><F3/><W44/><G120/><T72/><D72/><U104/><E104/><V6/><F6/><W29/><G63/><T103/><D42/><U9/><E112/><V55/><F32/><W99/><G8/><T124/><D30/><U7/><E126/><N who="2" m="48139" /><F55/><W122/><G122/><T107/><D124/><U22/><E37/><V94/><F45/><W113/><G113/><T69/><D69/><U19/><E41/><V123/><F123/><W18/><G18/><T26/><D115/><U17/><E93/><V80/><F94/><W66/><G99/><T81/><D34/><U111/><E111/><AGARI ba="1,1" hai="21,24,28,64,65,80,86,89,108,109,111" m="48139" machi="111" ten="30,2000,0" yaku="14,1,18,1" doraHai="131" who="2" fromWho="1" sc="240,0,240,-23,270,33,240,0" /><INIT seed="2,0,0,1,2,109" ten="240,217,303,240" oya="2" hai0="99,2,63,36,78,76,88,34,21,67,79,16,53" hai1="129,105,37,11,18,12,60,115,89,72,77,117,124" hai2="9,47,13,35,23,92,5,114,38,104,128,101,120" hai3="110,133,7,46,111,71,94,45,33,28,17,62,125"/><V54/><F120/><W49/><G125/><T27/><D36/><U121/><E117/><V82/><F35/><W95/><G133/><T14/><D2/><U96/><E124/><V22/><F104/><W61/><G7/><T65/><D34/><U108/><E108/><N who="3" m="41514" /><G17/><T64/><D14/><U130/><E37/><V6/><F128/><N who="1" m="49257" /><E121/><V102/><F114/><W59/><G71/><T112/><D112/><U51/><E60/><N who="3" m="23146" /><G28/><T74/><D74/><U39/><E39/><V3/><F38/><W90/><G33/><T1/><D1/><U42/><E42/><V131/><F131/><W44/><G90/><T26/><D26/><U84/><E51/><N who="2" m="29055" /><F5/><W86/><G86/><T91/><D99/><U135/><E135/><V107/><F3/><W93/><G59/><AGARI ba="0,0" hai="16,21,27,53,59,63,64,65,67,76,78,79,88,91" machi="59" ten="40,5200,0" yaku="8,1,54,2" doraHai="109" who="0" fromWho="3" sc="240,52,217,0,303,0,240,-52" /><INIT seed="3,0,0,4,0,39" ten="292,217,303,188" oya="3" hai0="108,6,102,7,134,62,82,89,42,48,36,54,111" hai1="26,88,107,84,18,78,112,71,120,27,57,50,79" hai2="11,123,20,116,80,10,85,72,83,24,122,35,58" hai3="3,23,92,46,86,52,30,60,32,118,44,22,14"/><W67/><G118/><T40/><D102/><U66/><E120/><N who="2" m="46123" /><F116/><W110/><G3/><T34/><D34/><U69/><E107/><V105/><F105/><W12/><G32/><T129/><D62/><N who="1" m="38223" /><E69/><V17/><F35/><W124/><G67/><T73/><D36/><U104/><E104/><V49/><F72/><W8/><G124/><T101/><D101/><U91/><E71/><V114/><F80/><W99/><G86/><N who="0" m="50391" /><D73/><U21/><E112/><V126/><F126/><W16/><G110/><N who="0" m="42027" /><D134/><U45/><E27/><V43/><F114/><W0/><G0/><T5/><D129/><U53/><E91/><N who="2" m="51647" /><F58/><AGARI ba="0,0" hai="5,6,7,40,42,48,54,58" m="42027,50391" machi="58" ten="30,3900,0" yaku="14,1,52,2" doraHai="39" who="0" fromWho="2" sc="292,39,217,0,303,-39,188,0" owari="331,43.0,217,-18.0,264,6.0,188,-31.0" /></mjloggm>