<mjloggm ver="2.3"><GO type="41" lobby="0"/><UN n0="%E5%B0%B1%E6%B4%BB%E7%94%9F%40%E5%B7%9D%E6%9D%91%E8%BB%8D%E5%9B%A3" n1="%E6%B0%B4%E3%81%AE%EF%BC%AB" n2="%E3%81%B7%E3%81%A1%E3%81%8B%E3%82%8F%E3%81%84%E3%81%9D%E3%81%99" n3="%E3%83%88%E3%83%A9%E3%83%83%E3%82%AF%E3%83%91%E3%83%91" dan="16,14,13,14" rate="2126.24,1978.07,1954.66,1992.05" sx="M,M,M,M"/><TAIKYOKU oya="0"/><INIT seed="0,0,0,2,3,108" ten="250,250,250,250" oya="0" hai0="133,135,123,64,91,0,112,21,75,23,107,19,8" hai1="65,92,129,48,34,12,120,58,76,119,126,72,111" hai2="80,93,102,86,4,32,79,54,62,106,105,127,85" hai3="109,40,84,132,31,66,20,114,16,70,97,115,131"/><T57/><D123/><U2/><E119/><V10/><F32/><W46/><G31/><T33/><D33/><U73/><E120/><V89/><F127/><W124/><G124/><T78/><D107/><U69/><E58/><V117/><F117/><W63/><G132/><N who="0" m="50763" /><D75/><U101/><E12/><V56/><F102/><W98/><G131/><T49/><D78/><U61/><E92/><V71/><F71/><W25/><G109/><T55/><D64/><U29/><E48/><V30/><F30/><W118/><G118/><T43/><D43/><U39/><E126/><V82/><F93/><W1/><G1/><AGARI ba="0,0" hai="1,4,10,54,56,62,79,80,82,85,86,89,105,106" machi="1" ten="30,1000,0" yaku="7,1" doraHai="108" who="2" fromWho="3" sc="250,0,250,0,250,10,250,-10" /><INIT seed="1,0,0,3,5,63" ten="250,250,260,240" oya="1" hai0="91,47,20,73,132,76,72,81,21,75,25,86,106" hai1="134,130,89,49,39,30,100,93,87,6,5,82,69" hai2="116,1,53,32,18,45,54,19,34,118,126,83,27" hai3="103,43,12,13,15,88,14,129,36,3,77,46,96"/><U92/><E69/><V105/><F1/><W59/><N who="3" m="3584" /><DORA hai="16" /><W2/><G129/><T68/><D68/><U85/><E39/><V66/><F105/><W95/><G77/><T17/><D106/><U44/><E130/><V101/><F101/><W84/><REACH who="3" step="1"/><G59/><REACH who="3" ten="250,250,260,230" step="2"/><T60/><D132/><U135/><E134/><V79/><F118/><W124/><G124/><T80/><D47/><U57/><E135/><V58/><F45/><W42/><G42/><T114/><D114/><U117/><E57/><V9/><F126/><W62/><G62/><T11/><D11/><U67/><E117/><V10/><F58/><W78/><G78/><T23/><D60/><U64/><E30/><V115/><F79/><W55/><G55/><T51/><D51/><U112/><E112/><V56/><F56/><W48/><G48/><T26/><REACH who="0" step="1"/><D17/><REACH who="0" ten="240,250,260,230" step="2"/><U98/><E6/><V35/><F116/><W4/><G4/><T109/><D109/><U50/><E5/><V24/><F115/><W107/><AGARI ba="0,2" hai="2,3,36,43,46,84,88,95,96,103,107" m="3584" machi="107" ten="40,8000,1" yaku="1,1,0,1,54,1,53,1" doraHai="63,16" doraHaiUra="90,110" who="3" fromWho="3" sc="240,-20,250,-40,260,-20,230,100" /><INIT seed="2,0,0,3,4,7" ten="220,210,240,330" oya="2" hai0="15,116,100,0,2,102,25,129,82,90,124,132,81" hai1="51,4,56,113,60,48,121,41,63,96,92,43,55" hai2="44,26,123,85,108,89,78,65,21,74,105,71,42" hai3="84,94,17,12,29,109,131,73,1,52,31,77,120"/><V69/><F105/><W115/><G120/><T50/><D116/><U27/><E121/><V104/><F104/><W118/><G1/><T20/><D124/><U111/><E113/><V62/><F123/><W95/><G118/><T125/><D125/><U101/><E111/><V70/><F78/><W103/><G115/><T39/><D39/><U99/><E27/><V28/><F74/><W112/><G112/><T14/><D129/><U19/><E4/><V114/><F108/><W126/><G126/><T91/><D132/><U13/><E96/><V67/><F67/><W75/><G131/><T34/><D34/><U86/><E63/><V135/><F135/><W117/><G109/><T127/><D127/><U130/><E130/><V93/><REACH who="2" step="1"/><F114/><REACH who="2" ten="220,210,230,330" step="2"/><W47/><G117/><T53/><D2/><U22/><E86/><V128/><F128/><W6/><G73/><T79/><D0/><U87/><E87/><V45/><F45/><W32/><G75/><T59/><D79/><U30/><E30/><V64/><F64/><W16/><G77/><T24/><D59/><U83/><E83/><V46/><F46/><W66/><G84/><T10/><D82/><U11/><E22/><V98/><F98/><W72/><G72/><T8/><D20/><U106/><E106/><V134/><F134/><W107/><G66/><T35/><D81/><U9/><E9/><V76/><F76/><W49/><G107/><T54/><D35/><U5/><E5/><V58/><F58/><W119/><G119/><T40/><D40/><AGARI ba="0,1" hai="11,13,19,40,41,43,48,51,55,56,60,92,99,101" machi="40" ten="40,2600,0" yaku="8,1,52,1" doraHai="7" who="1" fromWho="0" sc="220,-26,210,36,230,0,330,0" /><INIT seed="3,0,0,5,1,90" ten="194,246,230,330" oya="3" hai0="74,119,15,106,30,133,86,62,35,121,105,40,0" hai1="96,128,123,135,104,13,7,55,102,134,79,10,70" hai2="21,66,6,46,9,124,43,68,59,129,100,31,116" hai3="12,92,72,52,56,115,49,91,26,88,97,93,37"/><W95/><G72/><T34/><D0/><U114/><E123/><V118/><F100/><W25/><G37/><T63/><D74/><U2/><E114/><V65/><F68/><W19/><G115/><T54/><D121/><U16/><E79/><V8/><F129/><W38/><G38/><T77/><D119/><U87/><E70/><V120/><F120/><W29/><G29/><T122/><D40/><U61/><E87/><V83/><F59/><W42/><G42/><T80/><D133/><N who="1" m="50699" /><E128/><V98/><F124/><W109/><G109/><T18/><D122/><U47/><E47/><V71/><F71/><W17/><G17/><T73/><D73/><U39/><E39/><V64/><F98/><N who="3" m="57607" /><G95/><T14/><D14/><U84/><E84/><V51/><F83/><W132/><G132/><T82/><D106/><U23/><E61/><V89/><F89/><W32/><G32/><T127/><D105/><U48/><E48/><V103/><F103/><W113/><G113/><T112/><D112/><U108/><E55/><V107/><F107/><W111/><G111/><AGARI ba="0,0" hai="2,7,10,13,16,23,96,102,104,108,111" m="50699" machi="111" ten="30,2000,0" yaku="20,1,54,1" doraHai="90" who="1" fromWho="3" sc="194,0,246,20,230,0,330,-20" /><INIT seed="4,0,0,2,3,25" ten="194,266,230,310" oya="0" hai0="121,108,63,107,105,89,97,74,82,125,61,68,58" hai1="59,122,113,32,40,41,120,118,90,65,130,78,93" hai2="33,116,134,126,100,18,3,115,106,127,38,72,76" hai3="62,87,49,129,17,15,10,14,98,29,28,79,94"/><T54/><D121/><U0/><E0/><V131/><F100/><N who="3" m="60503" /><G129/><T36/><D36/><U24/><E78/><V8/><F76/><W20/><G49/><T35/><D35/><U13/><E118/><V44/><F18/><N who="3" m="8535" /><G62/><T55/><D108/><U81/><E81/><AGARI ba="0,0" hai="15,17,20,28,29,79,81,87" m="8535,60503" machi="81" ten="30,3900,0" yaku="8,1,52,2" doraHai="25" who="3" fromWho="1" sc="194,0,266,-39,230,0,310,39" /><INIT seed="5,0,0,0,5,85" ten="194,227,230,349" oya="1" hai0="112,18,102,25,63,80,129,120,58,53,17,44,126" hai1="35,115,37,67,42,1,68,108,89,132,87,39,69" hai2="84,91,96,106,7,20,75,47,72,24,3,15,65" hai3="71,22,38,118,116,55,30,28,13,56,121,128,79"/><U101/><E1/><V97/><F3/><W95/><G121/><T2/><D120/><U77/><E35/><V59/><F47/><W92/><G71/><T90/><D2/><U107/><E115/><V82/><F106/><W110/><G38/><T119/><D112/><U11/><E132/><V12/><F75/><W134/><G110/><T36/><D119/><N who="3" m="45609" /><G134/><T117/><D117/><U43/><E77/><V14/><F72/><W60/><G128/><T99/><D129/><U32/><E32/><V103/><F103/><W109/><G109/><T122/><D126/><U83/><E108/><V21/><F7/><W70/><G70/><T54/><D122/><U49/><E11/><V5/><F5/><W41/><G79/><T27/><D36/><U130/><E130/><V124/><F124/><W45/><G13/><T135/><D135/><U66/><E49/><V9/><F9/><W31/><G22/><T94/><D27/><U16/><E107/><V123/><F20/><W133/><G133/><T113/><D113/><U127/><E101/><V52/><F65/><N who="3" m="39047" /><G41/><T64/><D25/><U29/><E127/><V0/><F0/><W4/><G4/><T62/><D44/><U48/><E48/><AGARI ba="0,0" hai="28,30,31,45,48,55,92,95" m="39047,45609" machi="48" ten="30,1000,0" yaku="12,1" doraHai="85" who="3" fromWho="1" sc="194,0,227,-10,230,0,349,10" /><INIT seed="6,0,0,0,4,94" ten="194,217,230,359" oya="2" hai0="6,2,92,3,33,123,12,25,100,109,112,73,76" hai1="80,60,26,11,115,84,131,42,38,95,44,102,10" hai2="118,47,135,103,50,119,32,45,114,88,111,101,1" hai3="4,49,48,5,132,37,117,129,16,13,21,46,20"/><V86/><F1/><W105/><G105/><T28/><D109/><U90/><E115/><V71/><F32/><W66/><G117/><T91/><D123/><U124/><E131/><V107/><F71/><W104/><G104/><T82/><D112/><U51/><E124/><V56/><F114/><W133/><G129/><T77/><D77/><U121/><E121/><V75/><F75/><W24/><G66/><T53/><D100/><U35/><E38/><V120/><F120/><W97/><G97/><T40/><D40/><U72/><E72/><V106/><F111/><W110/><G110/><T62/><D12/><U30/><REACH who="1" step="1"/><E60/><REACH who="1" ten="194,207,230,359" step="2"/><V23/><F118/><W134/><G37/><T8/><D62/><U85/><E85/><V14/><F119/><W34/><G34/><T55/><D2/><U61/><E61/><V69/><F107/><W27/><G13/><T113/><D113/><U87/><E87/><AGARI ba="0,1" hai="3,6,8,25,28,33,53,55,73,76,82,87,91,92" machi="87" ten="30,1000,0" yaku="7,1" doraHai="94" who="0" fromWho="1" sc="194,20,207,-10,230,0,359,0" /><INIT seed="7,0,0,1,5,1" ten="214,197,230,359" oya="3" hai0="118,129,47,117,37,24,23,36,90,27,78,11,54" hai1="15,128,30,63,70,20,82,124,57,0,114,80,38" hai2="53,102,72,5,44,10,29,6,17,116,130,112,93" hai3="95,111,61,56,25,59,123,73,119,92,19,34,98"/><W101/><G73/><T4/><D78/><U2/><E70/><V94/><F72/><W86/><G123/><T91/><D129/><U42/><E38/><V122/><F116/><W43/><G119/><T81/><D118/><U87/><E114/><V33/><F112/><W103/><G111/><T71/><D71/><U51/><E124/><V16/><F130/><W26/><G43/><T12/><D37/><U39/><E39/><V67/><F67/><N who="3" m="39335" /><G34/><T46/><D117/><U22/><E128/><V58/><F44/><N who="0" m="16938" /><D36/><U14/><E42/><V88/><F122/><W35/><G35/><T3/><D3/><U106/><E51/><V52/><F33/><W75/><G75/><T77/><D54/><N who="2" m="21098" /><F58/><W7/><G59/><T131/><D131/><U21/><E30/><V60/><F60/><W9/><G19/><N who="2" m="7241" /><F29/><W55/><G55/><T79/><D23/><U85/><E106/><V76/><F10/><W105/><G105/><T121/><D121/><U69/><E69/><V126/><F76/><N who="0" m="29258" /><D81/><U127/><E22/><V107/><F107/><W99/><G86/><T62/><D62/><U28/><E28/><V120/><F126/><W31/><G31/><T133/><D133/><U115/><E127/><V8/><F8/><W110/><G110/><T108/><D108/><U18/><E115/><V125/><F125/><W135/><G135/><T83/><D83/><N who="1" m="31787" /><E2/><V104/><F104/><W64/><G64/><T74/><D74/><U13/><E0/><V49/><F120/><W89/><G89/><AGARI ba="0,0" hai="4,11,12,24,27,89,90,91" m="29258,16938" machi="89" ten="30,2000,0" yaku="8,1,52,1" doraHai="1" who="0" fromWho="3" sc="214,20,197,0,230,0,359,-20" owari="234,3.0,197,-30.0,230,-17.0,339,44.0" /></mjloggm>