<mjloggm ver="2.3"><GO type="225" lobby="0"/><UN n0="%46%4C%41%4D%45" n1="%E3%83%88%E3%83%88%E3%83%AA%E5%85%88%E7%94%9F%31%39%E6%AD%B3" n2="%E2%98%86%E3%82%B7%E3%83%A3%E3%83%81%E3%83%8F%E3%82%B2%CE%B2%E2%98%86" n3="%61%6C%6F%74%75%73" dan="17,17,16,16" rate="2189.39,2161.95,2105.49,2110.06" sx="M,F,M,M"/><TAIKYOKU oya="0"/><INIT seed="0,0,0,1,5,95" ten="250,250,250,250" oya="0" hai0="32,50,83,112,131,35,119,89,62,47,25,69,103" hai1="118,41,94,111,109,79,121,88,16,115,104,61,38" hai2="85,125,98,42,43,54,116,14,64,45,133,100,84" hai3="10,52,110,55,114,48,26,21,66,11,134,99,46"/><T59/><D112/><U73/><E118/><V17/><F116/><W0/><G114/><T4/><D119/><U33/><E115/><V81/><F125/><W74/><G74/><T44/><D69/><U67/><E121/><V22/><F133/><W34/><G34/><T102/><D131/><U1/><E1/><V135/><F135/><W126/><G126/><T27/><D4/><U93/><E104/><V90/><F64/><W53/><G110/><N who="1" m="41994" /><E93/><V130/><F130/><W76/><G0/><T37/><D37/><U91/><E33/><V106/><REACH who="2" step="1"/><F85/><REACH who="2" ten="250,250,240,250" step="2"/><W120/><G134/><T51/><D35/><U23/><E73/><V30/><F30/><W97/><G66/><N who="0" m="39263" /><D32/><U57/><E67/><V82/><F82/><W105/><G120/><T19/><D83/><U92/><E79/><V70/><F70/><W2/><G76/><T49/><D89/><U124/><E124/><V132/><F132/><W108/><G108/><T128/><D128/><U113/><E113/><V71/><F71/><W28/><G2/><T78/><D78/><U65/><E91/><V9/><F9/><N who="3" m="3083" /><G105/><T31/><D31/><U40/><E92/><V87/><F87/><W5/><G5/><T101/><D19/><U96/><E38/><V20/><F20/><W80/><G80/><T15/><D103/><U60/><E60/><V86/><F86/><W36/><G36/><T12/><D102/><U39/><E39/><V68/><F68/><W56/><G56/><T3/><D101/><U6/><E6/><V8/><F8/><W72/><G72/><T7/><D3/><U29/><E29/><RYUUKYOKU ba="0,1" sc="250,-30,250,10,240,10,250,10" hai1="16,23,40,41,57,61,65,88,94,96" hai2="14,17,22,42,43,45,54,81,84,90,98,100,106" hai3="21,26,28,46,48,52,53,55,97,99" /><INIT seed="1,1,1,5,5,30" ten="220,260,250,260" oya="1" hai0="42,59,86,0,54,35,75,71,27,65,43,77,100" hai1="39,13,90,32,78,66,56,58,67,95,102,63,61" hai2="53,107,122,83,4,93,73,103,121,34,64,89,50" hai3="133,68,82,18,126,9,38,19,48,97,26,99,15"/><U101/><E39/><V6/><F34/><W46/><G38/><T14/><D0/><U55/><E32/><V84/><F64/><W104/><G68/><T70/><D75/><U96/><E78/><N who="2" m="44495" /><F6/><W37/><G37/><T85/><D100/><U123/><E123/><V33/><F4/><W23/><G133/><T69/><D65/><U3/><E3/><V128/><F33/><W29/><G126/><T11/><D77/><U45/><E13/><V25/><F25/><W110/><G110/><T91/><D27/><U5/><E5/><V20/><F20/><W41/><G104/><T36/><D35/><U88/><E90/><V10/><F10/><W28/><G82/><T80/><D86/><U120/><E120/><V116/><F128/><W24/><G19/><T81/><D81/><U125/><E125/><V105/><F105/><W51/><G48/><AGARI ba="1,1" hai="45,48,55,56,58,61,63,66,67,88,95,96,101,102" machi="48" ten="40,7700,0" yaku="9,1,8,1,54,1" doraHai="30" who="1" fromWho="3" sc="220,0,260,90,250,0,260,-80" /><INIT seed="1,2,0,0,1,82" ten="220,350,250,180" oya="1" hai0="96,0,134,66,98,121,132,42,48,11,102,55,130" hai1="64,60,93,79,36,122,31,101,89,74,10,123,4" hai2="110,131,37,86,14,120,53,25,99,111,105,27,127" hai3="128,58,49,81,135,19,52,67,114,63,59,32,23"/><U75/><E36/><V109/><F120/><W103/><G32/><T30/><D121/><U118/><E118/><V20/><F37/><W88/><G114/><T125/><D125/><U28/><E101/><N who="2" m="62655" /><F127/><W33/><G33/><T56/><D130/><U87/><E122/><V95/><F131/><W1/><G135/><N who="0" m="51755" /><D30/><U22/><E123/><V90/><F53/><W43/><G1/><T61/><D42/><U18/><E79/><V24/><F14/><W92/><G128/><T47/><D102/><U3/><E74/><V70/><F70/><W12/><G43/><T13/><D0/><U85/><E75/><V40/><F40/><W80/><G103/><T106/><D106/><U71/><REACH who="1" step="1"/><E87/><AGARI ba="2,0" hai="12,19,23,49,52,58,59,63,67,80,81,87,88,92" machi="87" ten="30,12000,2" yaku="7,1,25,2,8,1,52,1,54,2" doraHai="82" who="3" fromWho="1" sc="220,0,350,-126,250,0,180,126" /><INIT seed="2,0,0,0,3,84" ten="220,224,250,306" oya="2" hai0="5,72,66,113,46,30,125,22,14,124,17,129,81" hai1="92,28,110,52,119,134,68,3,27,120,51,96,65" hai2="98,122,123,106,63,135,26,10,131,32,102,121,54" hai3="1,58,8,126,69,93,45,133,116,75,70,38,56"/><V101/><F135/><W59/><G75/><T118/><D113/><U76/><E119/><V50/><F131/><W20/><G20/><T77/><D129/><U107/><E120/><V35/><F10/><W74/><G74/><T117/><D66/><U12/><E3/><V41/><F102/><W64/><G8/><T103/><D103/><U94/><E134/><V4/><F4/><W48/><G1/><T115/><D115/><U80/><E110/><V111/><F111/><W82/><G82/><T24/><D5/><U99/><E12/><V25/><F63/><W108/><G93/><N who="1" m="35946" /><E107/><V31/><F41/><W36/><G108/><T79/><D79/><U6/><E6/><V89/><F89/><W97/><G97/><N who="1" m="37450" /><E68/><V55/><REACH who="2" step="1"/><F50/><REACH who="2" ten="220,224,240,306" step="2"/><W2/><G133/><T87/><D72/><U34/><E76/><V73/><F73/><W0/><G48/><T21/><REACH who="0" step="1"/><D46/><REACH who="0" ten="210,224,240,306" step="2"/><U16/><E65/><V105/><F105/><W60/><G45/><T53/><D53/><U9/><E52/><V13/><F13/><W39/><G64/><T114/><D114/><U47/><E47/><V91/><F91/><W127/><G60/><T100/><D100/><U130/><E130/><V57/><F57/><W128/><G128/><T49/><D49/><U88/><E51/><V90/><F90/><W71/><G116/><AGARI ba="0,2" hai="14,17,21,22,24,30,77,81,87,116,117,118,124,125" machi="116" ten="40,2600,0" yaku="1,1,12,1,53,0" doraHai="84" doraHaiUra="7" who="0" fromWho="3" sc="210,46,224,0,240,0,306,-26" /><INIT seed="3,0,0,4,0,89" ten="256,224,240,280" oya="3" hai0="48,27,39,21,115,16,25,132,66,109,38,111,28" hai1="131,15,72,40,41,95,62,86,124,13,81,112,83" hai2="0,134,106,53,64,23,69,56,75,37,47,34,8" hai3="103,49,1,65,96,84,61,29,73,113,35,30,78"/><W70/><G113/><T130/><D66/><U126/><E112/><V24/><F34/><W7/><G84/><T120/><D120/><U87/><E62/><V121/><F121/><W100/><G49/><T57/><D115/><U74/><REACH who="1" step="1"/><E95/><REACH who="1" ten="256,214,240,280" step="2"/><V93/><F106/><W3/><G61/><T110/><D110/><U97/><E97/><V63/><F93/><W11/><G96/><T19/><D111/><U107/><E107/><V26/><F63/><W22/><G100/><T43/><D109/><U102/><E102/><V123/><F123/><W90/><G103/><T67/><D132/><U10/><E10/><V79/><F8/><W2/><G11/><T91/><D130/><AGARI ba="0,1" hai="13,15,40,41,72,74,81,83,86,87,124,126,130,131" machi="130" ten="25,3200,0" yaku="1,1,22,2,53,0" doraHai="89" doraHaiUra="85" who="1" fromWho="0" sc="256,-32,214,42,240,0,280,0" /><INIT seed="4,0,0,5,2,60" ten="224,256,240,280" oya="0" hai0="106,96,134,13,71,84,8,129,126,0,29,107,78" hai1="62,104,70,119,2,10,28,53,124,16,79,112,30" hai2="72,65,19,51,26,33,61,100,94,120,68,102,21" hai3="27,108,97,3,34,6,11,111,32,93,123,90,12"/><T117/><D117/><U36/><E119/><V4/><F120/><W9/><G123/><T76/><D0/><U43/><E104/><V122/><F122/><W37/><G37/><T59/><D71/><U58/><E124/><V73/><F4/><W63/><G63/><T20/><D126/><U77/><E112/><V64/><F64/><W54/><G54/><T74/><D74/><U44/><E77/><N who="0" m="29801" /><D107/><U125/><E125/><V105/><F105/><W22/><G34/><T42/><D106/><U98/><E98/><V57/><F33/><W39/><G39/><T118/><D118/><U86/><E86/><V110/><F110/><W47/><G47/><T89/><D129/><U49/><E79/><V113/><F113/><W82/><G82/><N who="0" m="49303" /><D134/><U121/><E121/><V52/><REACH who="2" step="1"/><F100/><REACH who="2" ten="224,256,230,280" step="2"/><W85/><G32/><T132/><D132/><U92/><E2/><V87/><F87/><W116/><G85/><T56/><D96/><AGARI ba="0,1" hai="19,21,26,51,52,57,61,65,68,72,73,94,96,102" machi="96" ten="40,5200,0" yaku="1,1,52,1,54,1,53,0" doraHai="60" doraHaiUra="1" who="2" fromWho="0" sc="224,-52,256,0,230,62,280,0" /><INIT seed="5,0,0,3,2,66" ten="172,256,292,280" oya="1" hai0="40,65,95,92,59,125,94,41,97,83,114,10,78" hai1="44,85,58,30,112,110,48,132,124,91,127,8,37" hai2="60,62,88,108,24,53,43,128,3,46,76,126,1" hai3="69,67,0,84,119,29,68,20,63,74,39,7,80"/><U79/><E112/><V90/><F108/><W70/><G39/><T71/><D114/><U11/><E110/><V118/><F118/><W100/><G74/><T28/><D125/><N who="1" m="48203" /><E132/><V14/><F126/><W51/><G51/><T75/><D28/><U107/><E107/><V111/><F111/><W54/><G54/><T93/><D10/><N who="1" m="3627" /><E79/><V86/><F76/><W9/><G119/><T56/><D40/><U38/><E58/><V113/><F43/><W101/><G29/><T34/><D41/><N who="1" m="24591" /><E30/><V49/><F113/><W61/><G20/><T121/><D121/><U23/><E23/><V47/><F47/><W31/><G31/><T129/><D129/><U89/><E89/><V116/><F90/><W5/><G5/><T134/><D134/><U57/><E57/><V13/><F128/><W105/><G105/><T106/><D106/><U16/><E16/><V109/><F109/><W96/><G96/><T12/><D34/><U99/><E99/><V18/><F116/><W26/><G26/><T21/><D21/><U122/><E122/><V98/><F98/><W81/><G81/><AGARI ba="0,0" hai="37,38,81,85,91" m="24591,3627,48203" machi="81" ten="30,1500,0" yaku="18,1" doraHai="66" who="1" fromWho="3" sc="172,0,256,15,292,0,280,-15" /><INIT seed="5,1,0,2,0,55" ten="172,271,292,265" oya="1" hai0="39,61,42,33,87,94,125,46,81,76,34,92,132" hai1="86,97,107,80,73,131,63,122,114,40,49,4,6" hai2="93,100,129,77,91,23,120,19,12,123,56,36,117" hai3="85,113,70,7,27,96,5,127,64,111,15,9,130"/><U103/><E122/><V30/><F117/><W57/><G111/><T99/><D125/><U38/><E38/><V28/><F36/><W29/><G70/><T108/><D108/><U90/><E114/><V13/><F129/><W50/><G130/><T26/><D132/><U72/><E131/><V65/><F77/><W102/><G113/><T32/><D61/><U124/><E124/><V43/><F43/><W101/><G85/><T10/><D10/><U20/><E20/><V115/><F115/><W134/><G134/><T8/><D8/><U79/><E73/><V16/><F100/><W118/><G118/><T18/><D18/><U68/><E49/><V62/><F123/><W135/><G135/><T1/><D1/><U83/><E40/><V35/><F35/><W133/><G127/><T78/><D78/><U95/><E83/><V82/><F82/><W53/><G101/><T74/><D74/><U89/><E89/><V31/><F120/><W47/><G47/><T37/><D37/><U3/><E3/><V24/><F19/><N who="3" m="8687" /><G64/><AGARI ba="1,0" hai="4,6,63,64,68,72,79,80,86,90,95,97,103,107" machi="64" ten="40,3900,0" yaku="24,2" doraHai="55" who="1" fromWho="3" sc="172,0,271,42,292,0,265,-42" owari="172,-33.0,313,42.0,292,9.0,223,-18.0" /></mjloggm>