<mjloggm ver="2.3"><GO type="169" lobby="0"/><UN n0="%E3%81%8D%E3%81%97%E3%82%8A%E3%81%A3%E3%81%97%E3%82%85" n1="%E3%82%A4%E3%82%B5%E3%82%AD" n2="%E5%8F%97%E3%81%91%E5%B8%AB" n3="%E5%B0%B1%E6%B4%BB%E7%94%9F%40%E5%B7%9D%E6%9D%91%E8%BB%8D%E5%9B%A3" dan="16,17,17,16" rate="2106.33,2170.44,2152.24,2036.42" sx="F,M,M,M"/><TAIKYOKU oya="0"/><INIT seed="0,0,0,2,2,112" ten="250,250,250,250" oya="0" hai0="63,45,81,14,96,24,127,49,52,15,78,38,67" hai1="54,91,83,123,51,108,118,103,97,9,59,32,111" hai2="17,82,94,73,5,46,132,70,8,92,22,116,27" hai3="104,12,133,121,124,84,69,19,33,37,40,66,65"/><T41/><D127/><U131/><E32/><V125/><F70/><W43/><G33/><T105/><D24/><U18/><E123/><V25/><F125/><W50/><G104/><T117/><D105/><U20/><E131/><V102/><F102/><W60/><G121/><T122/><D96/><U128/><E128/><V119/><F132/><W16/><G133/><T44/><D122/><U53/><E9/><V74/><F46/><W95/><G37/><T89/><D89/><U114/><E114/><V135/><F27/><W47/><G124/><T68/><REACH who="0" step="1"/><D117/><REACH who="0" ten="240,250,250,250" step="2"/><N who="2" m="45130" /><F135/><W39/><G39/><T2/><D2/><U34/><E118/><V26/><F25/><W129/><G129/><T72/><AGARI ba="0,1" hai="14,15,38,41,44,45,49,52,63,67,68,72,78,81" machi="72" ten="20,7800,0" yaku="1,1,0,1,7,1,54,1,53,0" doraHai="112" doraHaiUra="0" who="0" fromWho="0" sc="240,88,250,-26,250,-26,250,-26" /><INIT seed="0,1,0,1,3,37" ten="328,224,224,224" oya="0" hai0="2,43,129,74,94,111,124,69,102,58,79,121,61" hai1="112,126,86,98,95,26,27,70,31,67,16,25,77" hai2="131,53,72,23,118,8,130,92,54,101,82,10,89" hai3="80,21,103,44,0,128,83,90,133,49,50,22,1"/><T93/><D121/><U24/><E126/><V12/><F101/><W18/><G103/><T45/><D69/><U29/><E112/><V122/><F122/><W127/><G127/><T68/><D68/><U113/><E113/><V19/><F118/><W87/><G133/><T32/><D32/><U71/><E71/><V17/><F82/><W97/><G128/><N who="2" m="49193" /><F72/><W64/><G64/><T51/><D2/><U76/><E67/><V47/><F47/><W7/><G7/><T15/><D124/><U38/><E38/><V109/><F109/><W40/><G97/><T60/><D79/><N who="1" m="30283" /><E86/><N who="2" m="52279" /><F8/><W135/><G22/><T73/><D102/><N who="1" m="60767" /><E70/><V85/><F85/><W63/><G83/><T20/><D74/><U11/><E11/><V5/><F19/><W30/><G30/><T41/><D73/><U46/><E46/><V65/><F65/><W117/><G117/><T91/><D45/><U99/><E99/><V81/><F81/><W14/><G135/><T88/><D94/><U33/><E33/><V120/><F120/><W39/><G1/><AGARI ba="1,0" hai="1,5,10,12,17,23,53,54" m="52279,49193" machi="1" ten="30,1000,0" yaku="19,1" doraHai="37" who="2" fromWho="3" sc="328,0,224,0,224,13,224,-13" /><INIT seed="1,0,0,3,2,34" ten="328,224,237,211" oya="1" hai0="47,10,133,19,114,103,110,118,130,53,45,18,16" hai1="111,108,88,73,0,121,82,69,77,11,51,12,76" hai2="3,29,33,62,35,14,87,46,64,84,7,129,122" hai3="9,74,115,50,24,86,31,60,134,30,37,113,120"/><U81/><E121/><V90/><F129/><W135/><G74/><T97/><D114/><N who="3" m="43529" /><G37/><T98/><D118/><U96/><E69/><V56/><F14/><W43/><G43/><T25/><D130/><U22/><E22/><V78/><F78/><W5/><G50/><T70/><D70/><U92/><E51/><V1/><F7/><W2/><G60/><T109/><D133/><N who="3" m="50697" /><G86/><T59/><D25/><U132/><E132/><V123/><F46/><N who="0" m="17418" /><D10/><U4/><REACH who="1" step="1"/><E12/><REACH who="1" ten="328,214,237,211" step="2"/><V44/><F122/><W106/><G120/><T105/><D110/><U68/><E68/><V27/><F123/><W124/><G124/><T75/><D109/><U61/><E61/><V104/><F35/><N who="3" m="20935" /><G31/><T91/><D59/><U49/><E49/><V6/><F29/><W71/><G71/><T28/><D28/><U128/><E128/><V95/><F56/><W23/><G23/><T72/><D53/><U85/><AGARI ba="0,1" hai="0,4,11,73,76,77,81,82,85,88,92,96,108,111" machi="85" ten="30,11700,0" yaku="1,1,0,1,52,1,54,1,53,0" doraHai="34" doraHaiUra="52" who="1" fromWho="1" sc="328,-39,214,127,237,-39,211,-39" /><INIT seed="1,1,0,5,2,36" ten="289,341,198,172" oya="1" hai0="26,120,121,131,135,47,53,57,81,21,58,40,88" hai1="19,124,97,48,116,80,76,30,125,62,93,54,74" hai2="134,13,71,87,68,44,132,86,107,20,46,43,4" hai3="104,25,14,50,33,82,7,128,113,6,69,27,108"/><U123/><E123/><N who="0" m="47177" /><D131/><U77/><E116/><V102/><F46/><W45/><G128/><T64/><D64/><U18/><E62/><V51/><F102/><W122/><G69/><N who="2" m="26697" /><F107/><W91/><G122/><T79/><D135/><N who="2" m="51754" /><F20/><W110/><G104/><T67/><D67/><U55/><E30/><V118/><F118/><W70/><G70/><T8/><D53/><U92/><E55/><V109/><F109/><N who="3" m="42091" /><G113/><T15/><D21/><U117/><E117/><V38/><F38/><W65/><G65/><T90/><D58/><U129/><E54/><V41/><F41/><N who="3" m="24879" /><G14/><T0/><D26/><N who="3" m="9737" /><G33/><T106/><D106/><U96/><E129/><V11/><AGARI ba="1,0" hai="4,11,13,43,44,51,86,87" m="51754,26697" machi="11" ten="40,2700,0" yaku="20,1,52,1" doraHai="36" who="2" fromWho="2" sc="289,-8,341,-14,198,30,172,-8" /><INIT seed="2,0,0,1,1,106" ten="281,327,228,164" oya="2" hai0="64,57,60,67,74,80,120,4,107,49,104,73,121" hai1="91,9,72,103,20,37,132,3,76,21,123,51,24" hai2="36,113,126,11,15,79,85,96,112,17,65,130,1" hai3="10,135,34,33,125,75,22,59,55,32,117,5,18"/><V118/><F118/><W56/><G125/><T94/><D107/><U69/><E69/><V133/><F36/><W114/><G114/><T71/><D104/><U87/><E37/><V16/><F126/><W40/><G117/><T42/><D64/><U131/><E103/><V0/><F130/><W88/><G135/><T47/><D4/><U90/><E132/><V110/><F133/><W115/><G40/><T39/><D80/><U116/><E116/><V95/><F65/><W122/><G122/><N who="0" m="47211" /><D94/><U97/><E131/><V92/><F110/><W28/><G28/><T66/><D66/><U13/><E3/><V41/><F41/><W19/><G115/><T46/><D46/><U61/><E87/><V101/><F0/><W45/><G45/><T12/><D12/><U127/><E13/><V102/><F1/><W105/><G59/><T84/><D84/><U108/><E127/><V44/><F44/><W7/><G105/><T14/><D14/><U38/><E38/><V35/><F35/><W99/><G10/><T8/><D8/><U30/><E9/><V86/><F86/><W109/><G109/><T134/><D134/><U128/><E108/><V81/><REACH who="2" step="1"/><F17/><REACH who="2" ten="281,327,218,164" step="2"/><W43/><G43/><T58/><D58/><U2/><E123/><V62/><F62/><N who="3" m="36127" /><G19/><T26/><D57/><U119/><E61/><V82/><F82/><W98/><G7/><T124/><D124/><U100/><E2/><V83/><F83/><W23/><G5/><T111/><D111/><U89/><E128/><V77/><F77/><W27/><G18/><T53/><D39/><U48/><E119/><RYUUKYOKU ba="0,1" sc="281,-10,327,-10,218,30,164,-10" hai2="11,15,16,79,81,85,92,95,96,101,102,112,113" /><INIT seed="2,1,1,4,2,130" ten="271,317,248,154" oya="2" hai0="81,84,71,22,98,83,47,135,61,127,37,69,59" hai1="90,77,26,34,43,57,110,38,19,103,13,48,39" hai2="70,75,111,15,44,64,7,36,42,33,116,100,65" hai3="50,2,85,41,30,60,72,74,51,94,18,9,16"/><V109/><F116/><W35/><G72/><T91/><D127/><U46/><E110/><N who="2" m="41995" /><F70/><W112/><G74/><T102/><D135/><U40/><E77/><V12/><F75/><W17/><G112/><T23/><D71/><U31/><E103/><V21/><F33/><W55/><G41/><T76/><D47/><U93/><E40/><V78/><F78/><W86/><G60/><T8/><D37/><U118/><E57/><V121/><F121/><W67/><G67/><T25/><D8/><U53/><E43/><V106/><F7/><W128/><G128/><T62/><D22/><U32/><E32/><V1/><F1/><W133/><G51/><T124/><D124/><U107/><E118/><V82/><F82/><W113/><G133/><T95/><D59/><U99/><E107/><V89/><F89/><W87/><G113/><T129/><D69/><U14/><E14/><N who="2" m="5163" /><F21/><AGARI ba="1,1" hai="13,19,21,26,31,34,38,39,46,48,53,90,93,99" machi="21" ten="30,1000,0" yaku="7,1" doraHai="130" who="1" fromWho="2" sc="271,0,317,23,248,-13,154,0" /><INIT seed="3,0,0,3,3,84" ten="271,340,235,154" oya="3" hai0="129,13,81,104,124,40,38,131,37,128,80,60,120" hai1="1,97,106,23,6,86,112,72,126,16,49,93,73" hai2="90,59,67,7,33,58,43,31,52,28,8,53,117" hai3="70,121,35,56,17,2,92,79,68,135,96,48,62"/><W94/><G121/><T87/><D120/><U4/><E106/><V34/><F67/><W125/><G35/><T20/><D104/><U122/><E126/><V64/><F64/><W3/><G79/><T10/><D124/><U83/><E112/><V74/><F43/><W14/><G125/><T19/><D60/><U26/><E1/><V55/><F74/><W12/><G135/><T46/><D80/><U77/><E72/><V102/><F102/><W22/><G48/><N who="0" m="26695" /><D10/><U127/><E127/><V89/><F117/><W82/><G82/><T78/><AGARI ba="0,0" hai="13,19,20,37,38,78,81,87,128,129,131" m="26695" machi="78" ten="30,1100,0" yaku="19,1" doraHai="84" who="0" fromWho="0" sc="271,11,340,-3,235,-3,154,-5" /><INIT seed="4,0,0,4,3,58" ten="282,337,232,149" oya="0" hai0="45,24,27,105,15,110,133,30,49,116,131,74,63" hai1="38,5,50,69,130,20,108,18,17,33,129,127,111" hai2="119,100,102,65,87,22,85,23,114,11,106,34,84" hai3="92,81,98,68,122,123,86,78,26,70,93,36,31"/><T7/><D74/><U121/><E38/><V135/><F34/><W12/><G36/><T125/><D105/><U39/><E39/><V60/><F114/><W9/><G93/><T55/><D116/><U64/><E121/><V2/><F135/><W59/><G122/><T95/><D133/><U71/><E33/><V47/><F47/><W21/><G123/><T4/><D125/><U1/><E127/><V61/><F119/><W118/><G118/><T67/><D131/><N who="1" m="50187" /><E50/><V80/><F80/><W96/><G96/><T35/><D110/><U13/><E18/><V3/><F65/><W43/><G43/><T46/><D46/><U89/><E89/><V8/><REACH who="2" step="1"/><F84/><REACH who="2" ten="282,337,222,149" step="2"/><W83/><G81/><T32/><D35/><U88/><E64/><V104/><AGARI ba="0,1" hai="2,3,8,11,22,23,60,61,85,87,100,102,104,106" machi="104" ten="25,12000,2" yaku="1,1,2,1,0,1,22,2,52,2,53,0" doraHai="58" doraHaiUra="91" who="2" fromWho="2" sc="282,-60,337,-30,222,130,149,-30" /><INIT seed="5,0,0,0,3,71" ten="222,307,352,119" oya="1" hai0="29,119,41,100,91,59,46,75,40,2,54,38,105" hai1="89,125,134,20,36,120,97,37,21,8,74,7,50" hai2="114,101,1,128,53,52,11,108,24,113,64,34,28" hai3="66,27,90,87,48,5,83,9,10,42,124,117,19"/><U55/><E74/><V17/><F108/><W79/><G117/><T80/><D119/><U84/><E120/><V39/><F128/><W67/><G124/><T92/><D29/><U35/><E35/><V76/><F64/><W32/><G32/><T111/><D111/><U112/><E97/><V85/><F101/><W49/><G49/><T102/><D2/><U73/><E73/><V13/><F1/><W135/><G135/><T123/><D123/><U65/><E65/><V4/><F4/><W98/><G10/><T110/><D40/><U69/><E69/><V118/><F39/><W127/><G127/><T16/><D105/><U22/><E112/><N who="2" m="43115" /><F118/><W31/><G31/><T109/><D109/><U130/><E134/><V77/><F85/><W51/><G51/><T14/><D80/><U133/><E130/><V56/><F53/><W78/><G67/><T72/><D75/><U104/><E104/><V23/><F11/><W58/><G66/><T129/><D72/><U6/><E125/><V81/><F81/><W86/><G98/><N who="0" m="57631" /><D110/><U43/><E133/><V122/><F122/><W93/><G78/><T132/><D132/><U30/><E43/><V45/><F45/><W116/><G116/><T57/><D57/><N who="1" m="33015" /><E30/><V12/><F12/><W121/><G121/><T3/><D3/><N who="1" m="95" /><E7/><V103/><F103/><W68/><G68/><T61/><D129/><U60/><E37/><V62/><AGARI ba="0,0" hai="13,17,23,24,28,34,52,56,62,76,77" m="43115" machi="62" ten="30,4000,0" yaku="15,1,11,1,54,1" doraHai="71" who="2" fromWho="2" sc="222,-10,307,-20,352,40,119,-10" /><INIT seed="6,0,0,5,0,1" ten="212,287,392,109" oya="2" hai0="7,58,13,93,53,72,97,33,90,87,130,95,60" hai1="106,64,132,4,76,43,30,83,29,127,120,79,112" hai2="34,54,46,96,38,67,100,37,61,56,47,117,125" hai3="48,108,63,24,14,32,22,65,40,59,80,69,89"/><V35/><F117/><W102/><G108/><T57/><D72/><U16/><E106/><V115/><F115/><W36/><G32/><T107/><D130/><U118/><E118/><V42/><F125/><W92/><G102/><T75/><D75/><U19/><E112/><V121/><F121/><W110/><G110/><T28/><D107/><U99/><E127/><V17/><F17/><W55/><G80/><T20/><D33/><U50/><E132/><V111/><F111/><W129/><G129/><T135/><D135/><U94/><E64/><V52/><F54/><W126/><G126/><T27/><D58/><U128/><E29/><V78/><F78/><N who="1" m="29737" /><E30/><V15/><F15/><W82/><G82/><T88/><D13/><U23/><E83/><V85/><F85/><W68/><G68/><T44/><D44/><N who="1" m="25887" /><E128/><V114/><F114/><W5/><G40/><T2/><D2/><U131/><E120/><V21/><F37/><W51/><G36/><T8/><D8/><U104/><E104/><V84/><F42/><W103/><G103/><T45/><D45/><U73/><E73/><V133/><F47/><W86/><G69/><T109/><D109/><U70/><E70/><V116/><F38/><W105/><G65/><T11/><D11/><U134/><E134/><V12/><F116/><W98/><G86/><T62/><D62/><U39/><E39/><V74/><F35/><W124/><G124/><T71/><D71/><U10/><E131/><V31/><F34/><W66/><G66/><T113/><D113/><U0/><E23/><V81/><F133/><W18/><G105/><RYUUKYOKU ba="0,0" sc="212,10,287,10,392,-30,109,10" hai0="7,20,27,28,53,57,60,87,88,90,93,95,97" hai1="0,4,10,16,19,94,99" hai3="5,14,18,22,24,48,51,55,59,63,89,92,98" /><INIT seed="7,1,0,3,0,28" ten="222,297,362,119" oya="3" hai0="30,97,108,103,117,29,9,91,14,98,55,11,86" hai1="87,43,12,17,104,16,22,100,50,58,70,48,34" hai2="54,32,7,114,118,134,77,62,74,72,37,46,129" hai3="44,60,8,19,85,5,21,122,40,59,0,121,113"/><W36/><G113/><T15/><D108/><U52/><E70/><V41/><F7/><W76/><G76/><T1/><D1/><U80/><E104/><V120/><F77/><W109/><G109/><T83/><D117/><U57/><E100/><V130/><F134/><W96/><G96/><N who="0" m="36971" /><D103/><U69/><E69/><V105/><F105/><W99/><G99/><T124/><D124/><U127/><E127/><V119/><F32/><W65/><REACH who="3" step="1"/><G85/><REACH who="3" ten="222,297,362,109" step="2"/><T20/><D86/><U31/><E87/><V107/><F114/><W35/><G35/><T106/><D106/><U18/><E34/><V61/><F107/><W81/><G81/><T110/><D83/><U79/><E80/><V84/><F84/><W75/><G75/><T4/><D110/><U42/><E79/><V25/><F74/><W112/><G112/><T3/><D91/><U123/><E123/><V63/><F72/><W92/><G92/><T132/><D132/><U115/><E115/><V56/><F120/><W68/><G68/><T111/><D111/><U95/><E95/><V49/><F119/><W2/><G2/><T26/><D3/><U101/><E101/><V51/><F118/><W23/><G23/><T102/><D102/><U13/><E22/><V73/><F73/><W126/><G126/><T47/><D20/><U24/><E24/><AGARI ba="1,1" hai="0,5,8,19,21,24,36,40,44,59,60,65,121,122" machi="24" ten="30,2900,0" yaku="1,1,7,1,53,0" doraHai="28" doraHaiUra="10" who="3" fromWho="1" sc="222,0,297,-32,362,0,109,42" /><INIT seed="7,2,0,5,1,44" ten="222,265,362,151" oya="3" hai0="62,35,111,135,60,24,20,37,23,131,16,30,119" hai1="75,46,36,42,6,80,101,76,29,27,3,130,31" hai2="72,107,2,108,51,123,47,10,43,74,52,14,77" hai3="127,125,83,48,64,92,12,78,19,99,96,15,22"/><W109/><G109/><T98/><D119/><U117/><E117/><V73/><F2/><W13/><G64/><T94/><D37/><U134/><E134/><V84/><F107/><W61/><G61/><T114/><D111/><U81/><E130/><V85/><F123/><W4/><G48/><T54/><D131/><U105/><E80/><V93/><F77/><W100/><G99/><T128/><D35/><U0/><E0/><V70/><F70/><W89/><G100/><N who="0" m="60503" /><D114/><U58/><E58/><V49/><F93/><W40/><G40/><T66/><D135/><U104/><E101/><V87/><F108/><W68/><G68/><T25/><D128/><U95/><E95/><V9/><REACH who="2" step="1"/><F14/><REACH who="2" ten="222,265,352,151" step="2"/><W18/><G4/><T113/><D113/><U122/><E122/><V97/><F97/><W88/><G89/><T45/><D66/><U129/><E129/><V7/><F7/><W53/><G53/><T91/><D91/><U120/><E120/><V116/><F116/><W82/><G15/><T63/><D54/><U39/><E105/><V102/><F102/><W112/><G112/><T126/><D126/><N who="3" m="48137" /><G78/><T26/><D24/><U115/><E115/><V118/><F118/><W65/><G65/><T57/><D25/><U1/><E104/><V41/><F41/><W38/><G38/><T124/><D124/><U8/><E36/><V55/><F55/><W106/><G106/><T11/><D26/><U69/><E69/><V103/><F103/><W56/><G56/><AGARI ba="2,1" hai="9,10,43,47,49,51,52,56,72,73,74,84,85,87" machi="56" ten="50,8000,1" yaku="1,1,52,2,54,1,53,0" doraHai="44" doraHaiUra="79" who="2" fromWho="3" sc="222,0,265,0,352,96,151,-86" owari="222,-18.0,265,7.0,448,54.0,65,-43.0" /></mjloggm>