<mjloggm ver="2.3"><GO type="97" lobby="0"/><UN n0="%E7%91%A0%E5%94%96%EF%BC%A0%E8%9B%87%E5%8E%A8" n1="%E5%86%B7%E5%87%8D%E3%83%9E%E3%82%B0%E3%83%AD%E5%90%9B" n2="%E5%B0%B1%E6%B4%BB%E7%94%9F%40%E5%B7%9D%E6%9D%91%E8%BB%8D%E5%9B%A3" n3="%E3%8C%A7%E3%81%BE" dan="13,13,14,15" rate="1905.79,1860.76,1969.64,1984.22" sx="M,M,M,M"/><TAIKYOKU oya="0"/><INIT seed="0,0,0,0,4,9" ten="250,250,250,250" oya="0" hai0="134,71,61,119,65,130,45,15,102,53,56,20,114" hai1="132,12,76,31,100,90,135,35,11,94,7,99,41" hai2="33,75,43,128,6,16,21,117,133,78,22,5,2" hai3="42,23,80,30,17,101,98,124,122,79,40,29,73"/><T3/><D3/><U97/><E41/><V4/><F33/><W87/><G124/><T46/><D119/><U85/><E76/><V39/><F117/><W66/><G122/><T1/><D1/><U77/><E77/><V38/><F128/><W58/><G40/><T84/><D114/><U68/><E68/><V103/><F133/><W70/><G70/><T108/><D134/><N who="1" m="51243" /><E31/><V91/><F103/><W37/><G37/><T47/><D84/><U116/><E35/><V26/><F2/><W69/><G69/><T28/><D130/><U52/><E116/><V112/><F112/><W121/><G42/><T64/><D108/><U54/><E99/><V32/><F32/><W106/><G121/><T105/><D105/><AGARI ba="0,0" hai="7,11,12,52,54,85,90,94,97,100,105" m="51243" machi="105" ten="30,3900,0" yaku="20,1,52,1,54,1" doraHai="9" who="1" fromWho="0" sc="250,-39,250,39,250,0,250,0" /><INIT seed="1,0,0,1,4,67" ten="211,289,250,250" oya="1" hai0="7,11,51,8,111,93,114,75,133,47,39,18,16" hai1="88,21,33,15,4,48,109,107,103,135,66,37,79" hai2="116,26,12,20,0,102,125,27,54,25,105,94,23" hai3="83,57,44,52,1,72,98,77,68,121,89,10,49"/><U69/><E37/><V90/><F116/><W31/><G121/><T130/><D39/><U28/><E135/><V35/><F0/><W78/><G31/><T127/><D75/><U115/><E115/><V80/><F125/><W46/><G78/><T14/><D133/><U74/><E48/><V73/><F35/><W99/><G98/><T9/><D114/><U76/><E76/><N who="2" m="44047" /><F54/><W104/><G68/><T106/><D106/><U45/><E45/><V42/><F12/><W22/><G22/><T86/><D127/><U119/><E119/><V17/><F42/><W61/><G44/><T6/><D130/><U43/><E43/><V124/><F17/><N who="0" m="6762" /><D111/><U13/><E21/><V118/><F118/><W36/><G36/><T122/><D122/><U108/><E4/><N who="0" m="1577" /><D93/><U29/><E88/><V81/><F81/><W126/><G126/><T123/><D123/><U62/><E29/><V56/><F124/><W59/><G59/><T2/><D2/><U30/><E30/><V32/><F32/><W128/><G1/><T96/><D96/><N who="1" m="61927" /><E74/><V129/><F129/><W55/><G128/><T64/><D64/><U53/><E53/><V100/><F56/><W117/><G117/><T101/><D101/><N who="2" m="39018" /><F105/><W97/><G104/><T84/><D14/><N who="1" m="5131" /><E79/><V132/><F132/><W113/><G113/><T95/><D95/><U3/><E3/><V58/><F58/><W50/><G50/><T60/><D60/><U40/><E40/><AGARI ba="0,0" hai="8,9,11,40,47,51,84,86" m="1577,6762" machi="40" ten="30,2000,0" yaku="8,1,54,1" doraHai="67" who="0" fromWho="1" sc="211,20,289,-20,250,0,250,0" /><INIT seed="2,0,0,5,4,82" ten="231,269,250,250" oya="2" hai0="29,48,60,5,80,58,71,10,130,14,52,68,38" hai1="110,104,127,54,26,86,70,121,112,11,18,50,91" hai2="76,93,84,92,20,102,62,32,78,39,28,119,34" hai3="43,27,103,19,7,94,51,117,107,15,122,101,46"/><V9/><F119/><W13/><G117/><T124/><D130/><U0/><E70/><V106/><F39/><W57/><G107/><T88/><D124/><U83/><E104/><V61/><F106/><W120/><G120/><T41/><D29/><U2/><E121/><V95/><F102/><W115/><G115/><T98/><D38/><U74/><E74/><V81/><F76/><W16/><G7/><T77/><D71/><U99/><E112/><V12/><F34/><W63/><G27/><T49/><D68/><U35/><E127/><V31/><F32/><W21/><G94/><N who="0" m="56647" /><D41/><U30/><E110/><V129/><F129/><W96/><G96/><T8/><D8/><U64/><E99/><V114/><F114/><W56/><G122/><T128/><D128/><U53/><E64/><V17/><REACH who="2" step="1"/><F9/><REACH who="2" ten="231,269,240,250" step="2"/><N who="3" m="6191" /><G103/><T135/><D135/><U118/><E118/><V113/><F113/><W45/><G101/><T33/><D33/><U44/><REACH who="1" step="1"/><E53/><REACH who="1" ten="231,259,240,250" step="2"/><V87/><F87/><AGARI ba="0,2" hai="5,10,14,48,49,52,58,60,77,80,87" m="56647" machi="87" ten="30,7700,0" yaku="8,1,52,1,54,2" doraHai="82" who="0" fromWho="2" sc="231,97,259,0,240,-77,250,0" /><INIT seed="3,0,0,5,5,130" ten="328,259,163,250" oya="3" hai0="40,34,129,66,115,106,90,132,7,124,18,27,42" hai1="25,88,127,121,99,94,14,120,58,87,44,72,47" hai2="35,38,116,2,128,33,53,30,125,11,51,68,93" hai3="69,36,59,112,23,107,49,28,98,83,29,135,103"/><W96/><G112/><T101/><D129/><U56/><E127/><V89/><F128/><W86/><G69/><T65/><D132/><U109/><E109/><V4/><F125/><W91/><G36/><T77/><D124/><U75/><E25/><V119/><F68/><W92/><G135/><T10/><D77/><U61/><E72/><V110/><F38/><W15/><G29/><T70/><D90/><U22/><E75/><V133/><F110/><W114/><G114/><T122/><D18/><U79/><E120/><V17/><F133/><W78/><G49/><T111/><D66/><U57/><E121/><V31/><F31/><W82/><G59/><T26/><D26/><U84/><E61/><V105/><F105/><W108/><G108/><T16/><D16/><N who="1" m="10519" /><E79/><V71/><F71/><W19/><G28/><N who="0" m="19743" /><D111/><U74/><E74/><V0/><F0/><W64/><G83/><T24/><D24/><U20/><E20/><V126/><F126/><W60/><G60/><N who="0" m="40231" /><D122/><U76/><E76/><V123/><F123/><W9/><REACH who="3" step="1"/><G64/><REACH who="3" ten="328,259,163,240" step="2"/><T97/><D115/><U48/><E47/><V46/><F17/><W113/><G113/><T3/><AGARI ba="0,1" hai="3,7,10,40,42,97,101,106" m="40231,19743" machi="3" ten="30,1100,0" yaku="25,1" doraHai="130" who="0" fromWho="0" sc="328,21,259,-3,163,-3,240,-5" owari="349,44.0,256,6.0,160,-34.0,235,-16.0" /></mjloggm>