<mjloggm ver="2.3"><GO type="41" lobby="0"/><UN n0="%E6%B0%97%E6%A5%BD%E3%81%AB%E6%89%93%E3%81%A1%E3%81%BE%E3%81%99" n1="%E7%82%8E%E3%81%AE%E3%82%A6%E3%82%A4%E3%83%8A%E3%83%BC" n2="%E5%B0%B1%E6%B4%BB%E7%94%9F%40%E5%B7%9D%E6%9D%91%E8%BB%8D%E5%9B%A3" n3="%79%6F%69%74%65%6E%6B%69" dan="13,15,14,13" rate="1876.82,1922.68,1959.40,1991.36" sx="M,F,M,M"/><TAIKYOKU oya="0"/><INIT seed="0,0,0,0,5,54" ten="250,250,250,250" oya="0" hai0="81,129,69,39,5,59,118,31,14,63,121,51,4" hai1="83,16,135,105,17,65,78,123,111,88,3,19,131" hai2="32,27,6,66,7,64,37,73,130,41,97,46,119" hai3="110,48,107,25,112,44,84,132,52,86,90,20,1"/><T114/><D118/><U47/><E123/><V125/><F119/><W9/><G112/><T98/><D114/><U58/><E105/><V80/><F125/><W40/><G110/><T15/><D39/><U50/><E3/><V71/><F130/><W104/><G132/><T116/><D116/><U95/><E131/><V89/><F73/><W87/><G90/><T122/><D69/><U30/><E30/><V53/><F53/><W18/><G1/><T82/><D129/><U26/><E26/><V127/><F127/><W120/><G120/><T77/><D31/><U11/><E11/><V45/><F45/><W28/><G9/><T13/><D51/><U67/><E111/><V35/><F71/><W38/><REACH who="3" step="1"/><G28/><REACH who="3" ten="250,250,250,240" step="2"/><T2/><D2/><U109/><E109/><V103/><F89/><W128/><G128/><T92/><D122/><U49/><E135/><V70/><F80/><N who="0" m="30826" /><D77/><U126/><E126/><V36/><F6/><W133/><G133/><T99/><D121/><U33/><E83/><V0/><F7/><N who="0" m="2634" /><D92/><U22/><E78/><V61/><F0/><W117/><G117/><T79/><D79/><U85/><E33/><V106/><F35/><W29/><G29/><T74/><D74/><U91/><E91/><V134/><F134/><W42/><G42/><T101/><D101/><U115/><E115/><V75/><F75/><W62/><G62/><T72/><D72/><U76/><E76/><V56/><F32/><W124/><G124/><T93/><D93/><U23/><E95/><V10/><F103/><W21/><G21/><T57/><D63/><U43/><E23/><RYUUKYOKU ba="0,1" sc="250,15,250,-15,250,-15,240,15" hai0="13,14,15,57,59,98,99" hai3="18,20,25,38,40,44,48,52,84,86,87,104,107" /><INIT seed="0,1,1,4,4,20" ten="265,235,235,255" oya="0" hai0="133,102,76,101,79,22,75,128,9,127,41,90,135" hai1="14,36,72,100,25,122,29,124,83,95,28,129,74" hai2="19,59,115,81,27,54,119,86,94,107,16,118,70" hai3="32,18,2,134,120,33,49,126,51,88,68,123,67"/><T112/><D112/><U103/><E122/><N who="3" m="46634" /><G2/><T110/><D41/><U116/><E116/><N who="2" m="44587" /><F115/><W62/><G134/><N who="0" m="51211" /><D9/><U4/><E36/><V40/><F107/><W8/><G126/><T130/><D127/><U3/><E124/><V84/><F70/><W77/><G77/><N who="0" m="29771" /><D22/><U98/><E3/><V52/><F40/><W10/><G88/><T92/><D75/><U61/><E74/><V80/><F94/><W96/><G96/><N who="0" m="57367" /><D110/><U55/><E72/><V105/><F105/><W106/><G106/><T60/><D60/><U69/><E61/><N who="2" m="36071" /><F54/><W23/><G10/><T71/><D71/><U109/><E55/><V108/><F108/><W44/><G8/><T78/><D78/><U117/><E69/><V5/><F5/><W6/><G6/><T47/><D47/><U91/><E4/><V97/><F97/><W46/><G46/><T63/><D63/><U45/><E98/><V30/><F80/><W89/><G89/><T114/><D114/><U38/><E83/><V125/><F125/><W66/><G66/><T7/><D7/><U53/><E53/><V131/><F131/><AGARI ba="1,1" hai="101,102,128,130,131" m="57367,29771,51211" machi="131" ten="30,11600,0" yaku="19,1,20,1,34,2" doraHai="20" who="0" fromWho="2" sc="265,129,235,0,235,-119,255,0" /><INIT seed="0,2,0,5,3,95" ten="394,235,116,255" oya="0" hai0="22,0,114,113,68,132,56,13,70,58,45,40,43" hai1="9,103,117,41,12,124,7,72,16,110,109,42,108" hai2="37,116,121,79,75,99,62,83,33,126,53,31,15" hai3="24,133,61,32,5,100,66,135,118,73,65,127,115"/><T131/><D0/><U11/><E72/><V71/><F121/><W69/><G115/><T134/><D22/><U59/><E117/><V81/><F126/><W78/><G118/><T30/><D30/><U84/><E124/><V14/><F116/><W54/><G5/><T34/><D34/><U92/><E59/><N who="0" m="22569" /><D13/><U89/><REACH who="1" step="1"/><E103/><REACH who="1" ten="394,225,116,255" step="2"/><V122/><F122/><W107/><G127/><T94/><D131/><U82/><E82/><V21/><F83/><W67/><G100/><T102/><D102/><U6/><E6/><V87/><F75/><W105/><G73/><T98/><D114/><U88/><E88/><V48/><F37/><W26/><G78/><T28/><D113/><U4/><E4/><V3/><F3/><AGARI ba="2,1" hai="3,7,9,11,12,16,41,42,84,89,92,108,109,110" machi="3" ten="40,5200,0" yaku="1,1,14,1,54,1,53,0" doraHai="95" doraHaiUra="119" who="1" fromWho="2" sc="394,0,225,68,116,-58,255,0" /><INIT seed="1,0,0,4,2,55" ten="394,293,58,255" oya="1" hai0="132,29,126,12,2,61,74,87,135,90,103,37,47" hai1="7,88,21,56,72,99,96,8,43,70,45,120,60" hai2="42,122,14,107,101,77,48,34,24,23,102,129,66" hai3="35,26,58,44,1,20,16,36,67,79,41,64,13"/><U49/><E72/><V113/><F122/><W93/><G1/><T83/><D74/><U106/><E70/><V18/><F113/><W5/><G35/><T57/><D2/><U100/><E120/><V30/><F129/><W33/><G33/><T40/><D126/><U51/><E21/><V28/><F28/><W4/><G79/><T53/><D29/><U134/><E134/><V68/><F77/><W118/><G67/><T86/><D103/><U63/><E51/><V125/><F125/><W11/><G118/><T127/><D127/><U123/><E123/><V80/><F80/><W39/><G39/><T92/><REACH who="0" step="1"/><D12/><REACH who="0" ten="384,293,58,255" step="2"/><U109/><E109/><V82/><F102/><W0/><G0/><T131/><D131/><U75/><E75/><V97/><F82/><W81/><G81/><T110/><D110/><U22/><E22/><V25/><F25/><W115/><G115/><T59/><D59/><U133/><E133/><V6/><F6/><W38/><G4/><T98/><D98/><U130/><E130/><V31/><F31/><W62/><G5/><T94/><D94/><U46/><E46/><V91/><F91/><AGARI ba="0,1" hai="37,40,47,53,57,61,83,86,87,90,91,92,132,135" machi="91" ten="40,2600,0" yaku="1,1,52,1,53,0" doraHai="55" doraHaiUra="121" who="0" fromWho="2" sc="384,36,293,0,58,-26,255,0" /><INIT seed="2,0,0,1,4,38" ten="420,293,32,255" oya="2" hai0="35,45,69,118,73,84,70,47,7,68,86,95,72" hai1="127,79,51,33,123,50,100,57,48,56,77,108,65" hai2="109,21,124,132,4,67,59,131,83,64,12,28,82" hai3="16,3,2,110,17,75,5,30,113,98,36,96,126"/><V19/><F124/><W1/><G110/><T11/><D35/><U78/><E33/><V76/><F131/><W55/><G126/><T66/><D118/><U15/><E127/><V29/><F132/><W60/><G36/><T43/><D66/><U85/><E100/><V23/><F109/><W74/><G113/><T14/><D45/><U97/><E108/><V99/><F4/><W135/><G30/><T10/><D10/><U27/><E123/><V130/><F130/><W0/><G5/><T6/><D6/><U111/><E111/><V8/><F99/><N who="3" m="37931" /><G60/><T134/><D134/><U9/><E97/><V18/><F59/><W32/><N who="3" m="512" /><DORA hai="22" /><W46/><G135/><T26/><D26/><U44/><E44/><V20/><F19/><N who="3" m="7243" /><G32/><T53/><D53/><U80/><E65/><N who="2" m="25163" /><F76/><W58/><G46/><T52/><D52/><U62/><E78/><V93/><F93/><W115/><G115/><T129/><D129/><U116/><E77/><V90/><F90/><W128/><G128/><T117/><D117/><U39/><E116/><V49/><F49/><W121/><G121/><T104/><D95/><U34/><E39/><V133/><F133/><W101/><G101/><T107/><D86/><U114/><E34/><V41/><F41/><W81/><G81/><AGARI ba="0,0" hai="8,12,18,20,21,23,28,29,81,82,83" m="25163" machi="81" ten="30,1500,0" yaku="8,1" doraHai="38,22" who="2" fromWho="3" sc="420,0,293,0,32,15,255,-15" /><INIT seed="2,1,0,4,5,28" ten="420,293,47,240" oya="2" hai0="121,126,46,20,100,129,0,74,68,81,15,83,22" hai1="73,94,89,98,26,10,117,106,122,41,63,43,37" hai2="130,135,127,71,110,18,12,34,70,36,31,19,44" hai3="119,4,96,56,84,60,105,27,116,17,52,115,85"/><V45/><F127/><W128/><G4/><T21/><D68/><U108/><E73/><V40/><F130/><W101/><G128/><T77/><D129/><U35/><E122/><V69/><F135/><W134/><G134/><T2/><D121/><U118/><E108/><V87/><F110/><W132/><G132/><T62/><D126/><U109/><E109/><V72/><F72/><W7/><G7/><T112/><D112/><U120/><E120/><V92/><F45/><W107/><G115/><T123/><D123/><U131/><E131/><V42/><F42/><W24/><G107/><T51/><D100/><U111/><E111/><V93/><F87/><W95/><G85/><T49/><D81/><U32/><E10/><V80/><F80/><W59/><G59/><T8/><D51/><U53/><E43/><V104/><F104/><W64/><G64/><T103/><D62/><U75/><E75/><V14/><F14/><W82/><G105/><T33/><D33/><U54/><E41/><V91/><F91/><W39/><G39/><T47/><D103/><U90/><E37/><V1/><F1/><W78/><REACH who="3" step="1"/><G17/><REACH who="3" ten="420,293,47,230" step="2"/><T30/><D46/><U11/><E106/><V6/><F6/><W88/><G88/><T86/><D74/><U25/><E89/><V124/><F124/><W5/><G5/><T58/><D58/><U55/><E90/><V48/><F36/><W97/><G97/><T99/><D99/><U23/><E98/><V38/><F38/><W57/><G57/><T79/><D79/><U102/><E102/><V9/><F19/><W66/><G66/><RYUUKYOKU ba="1,1" sc="420,-15,293,-15,47,15,230,15" hai2="9,12,18,31,34,40,44,48,69,70,71,92,93" hai3="24,27,52,56,60,78,82,84,95,96,101,116,119" /><INIT seed="2,2,1,4,3,4" ten="405,278,62,245" oya="2" hai0="87,17,119,91,128,61,62,40,96,15,100,13,43" hai1="127,6,77,132,24,108,89,25,80,1,113,70,55" hai2="133,33,114,103,38,20,90,109,48,56,58,21,76" hai3="44,105,117,51,111,19,85,5,31,120,112,83,71"/><V92/><F38/><W35/><G120/><T95/><D119/><U124/><E70/><V3/><F33/><W116/><G111/><T36/><D128/><U118/><E108/><V47/><F114/><W2/><G105/><T110/><D110/><U22/><E118/><V57/><F109/><W129/><G71/><T94/><D15/><U88/><E113/><V69/><F69/><W12/><G129/><T107/><D107/><U67/><E67/><V130/><F130/><W66/><G66/><T42/><D36/><U81/><E132/><V106/><F3/><W126/><G126/><N who="1" m="48170" /><E81/><V28/><F133/><W82/><G82/><T121/><REACH who="0" step="1"/><D121/><REACH who="0" ten="395,278,62,245" step="2"/><U97/><E25/><N who="2" m="16423" /><F106/><W53/><G112/><T65/><D65/><U46/><E97/><N who="2" m="57495" /><F21/><AGARI ba="2,2" hai="13,17,21,40,42,43,61,62,87,91,94,95,96,100" machi="21" ten="40,2600,0" yaku="1,1,8,1,53,0" doraHai="4" doraHaiUra="29" who="0" fromWho="2" sc="395,52,278,0,62,-32,245,0" /><INIT seed="3,0,0,3,5,32" ten="447,278,30,245" oya="3" hai0="78,25,45,18,90,63,53,35,126,48,60,104,37" hai1="73,87,94,111,33,92,132,31,82,128,55,21,118" hai2="1,46,61,95,28,93,16,86,10,124,5,6,108" hai3="75,49,109,38,80,121,101,58,131,84,68,0,27"/><W66/><G121/><T56/><D104/><U34/><E73/><V9/><F124/><W4/><G38/><T39/><D126/><U81/><E111/><V52/><F108/><W44/><G131/><T30/><D78/><U42/><E128/><V99/><F28/><W74/><G101/><T114/><D114/><U13/><E42/><V15/><F86/><W12/><G27/><T19/><D63/><U107/><E107/><V83/><F83/><W102/><G102/><T110/><D110/><U36/><E36/><V67/><F99/><W120/><G0/><T71/><D71/><U26/><E118/><V88/><F88/><W105/><G68/><T103/><D103/><U7/><E132/><V76/><F76/><W133/><G133/><T17/><REACH who="0" step="1"/><D90/><REACH who="0" ten="437,278,30,245" step="2"/><U70/><E70/><V89/><F89/><W112/><G112/><T117/><D117/><U23/><E81/><V129/><F129/><W50/><G109/><T59/><D59/><U57/><E57/><V11/><F67/><AGARI ba="0,1" hai="17,18,19,25,30,35,37,39,45,48,53,56,60,67" machi="67" ten="40,1300,0" yaku="1,1,53,0" doraHai="32" doraHaiUra="123" who="0" fromWho="2" sc="437,23,278,0,30,-13,245,0" /><INIT seed="4,0,0,5,3,56" ten="460,278,17,245" oya="0" hai0="112,21,41,11,6,9,92,30,51,14,103,117,125" hai1="32,91,131,84,134,80,130,72,35,22,3,4,119" hai2="1,95,97,70,99,62,73,38,77,78,66,25,42" hai3="102,39,59,26,74,129,89,65,52,124,101,68,115"/><T98/><D117/><U58/><E119/><V69/><F1/><W57/><G115/><T106/><D112/><U67/><E134/><V111/><F111/><W87/><G124/><T40/><D125/><U47/><E72/><V49/><F38/><W63/><G74/><T36/><D36/><U120/><E120/><V135/><F135/><W28/><G39/><T93/><D93/><U126/><E47/><V23/><F73/><W2/><G68/><T60/><D9/><U43/><E43/><V53/><F70/><W0/><G129/><T81/><D81/><U45/><E45/><V50/><F42/><W132/><G0/><T17/><D30/><U83/><E83/><V116/><F116/><W114/><G2/><T108/><D108/><U10/><E22/><V107/><F107/><W19/><G19/><T133/><D133/><U37/><E37/><V54/><F50/><W79/><G79/><T71/><D51/><U127/><E126/><V15/><F15/><W123/><G123/><T113/><D113/><U128/><E127/><V31/><F53/><W85/><G85/><T104/><D104/><U16/><E16/><V76/><REACH who="2" step="1"/><F95/><REACH who="2" ten="460,278,7,245" step="2"/><W96/><G132/><T88/><D106/><U20/><E3/><V86/><F86/><W94/><G114/><T48/><D48/><U29/><E84/><V8/><F8/><W12/><G12/><T109/><D109/><U64/><E10/><V27/><F27/><W82/><G87/><T61/><D71/><U7/><E130/><V75/><F75/><W5/><G94/><T122/><D122/><U90/><E131/><RYUUKYOKU ba="0,1" sc="460,-10,278,-10,7,30,245,-10" hai2="23,25,31,49,54,62,66,69,76,77,78,97,99" /><INIT seed="5,1,1,3,4,18" ten="450,268,37,235" oya="1" hai0="50,80,130,100,132,32,85,7,20,102,60,58,41" hai1="88,65,66,23,84,76,87,109,15,21,99,16,82" hai2="11,70,52,122,3,45,116,96,19,46,92,117,63" hai3="74,36,4,134,34,75,111,91,86,64,90,57,13"/><U53/><E99/><V22/><F122/><W71/><G111/><T25/><D32/><U30/><E109/><V123/><F123/><W93/><G36/><T17/><D132/><U2/><E2/><V62/><F3/><W10/><G34/><T72/><D72/><U124/><E124/><V1/><F1/><W40/><G71/><T135/><D135/><U38/><E38/><V73/><F73/><W81/><G40/><T49/><D7/><U94/><E53/><V101/><F11/><W12/><G134/><T79/><D79/><U47/><E47/><V105/><F105/><W89/><G13/><T95/><D95/><U55/><E55/><V59/><F70/><W119/><G91/><N who="0" m="51623" /><D130/><U48/><E48/><N who="0" m="18537" /><D41/><U121/><E121/><V118/><REACH who="2" step="1"/><F62/><REACH who="2" ten="450,268,27,235" step="2"/><W39/><G119/><T61/><D61/><U26/><AGARI ba="1,2" hai="15,16,21,23,26,30,65,66,76,82,84,87,88,94" machi="26" ten="30,18000,2" yaku="0,1,8,1,52,2,54,2" doraHai="18" who="1" fromWho="1" sc="450,-61,268,203,27,-61,235,-61" owari="389,19.0,471,57.0,-34,-53.0,174,-23.0" /></mjloggm>