<mjloggm ver="2.3"><GO type="97" lobby="0"/><UN n0="%E5%85%A8%E5%B1%80%E5%8F%82%E5%8A%A0%E5%9E%8B%E9%9B%80%E5%A3%AB" n1="%E3%81%A6%E3%82%93%E3%81%93%E3%81%A6%E3%82%93%E3%81%93" n2="%E5%AE%9F%E5%A6%B9" n3="%E5%B0%B1%E6%B4%BB%E7%94%9F%40%E5%B7%9D%E6%9D%91%E8%BB%8D%E5%9B%A3" dan="15,13,15,14" rate="2009.24,1881.19,2058.65,1940.73" sx="M,M,F,M"/><TAIKYOKU oya="0"/><INIT seed="0,0,0,4,1,15" ten="250,250,250,250" oya="0" hai0="77,92,124,17,51,62,128,63,38,19,28,121,101" hai1="115,59,134,40,12,34,94,3,71,130,84,33,76" hai2="68,56,31,49,10,48,13,8,65,55,100,79,126" hai3="120,35,105,82,16,45,72,91,22,95,54,32,123"/><T109/><D38/><U131/><E3/><V2/><F126/><W24/><G105/><T96/><D121/><N who="3" m="46665" /><G72/><T21/><D124/><U57/><E71/><V98/><F79/><W23/><G82/><T7/><D7/><U129/><E115/><V111/><F111/><W37/><G23/><T0/><D0/><U61/><E40/><V70/><F31/><W36/><G36/><T64/><D128/><U39/><E39/><V27/><F27/><W114/><G114/><T43/><D109/><U4/><E134/><V5/><F65/><W74/><G74/><T133/><D133/><U85/><E76/><V132/><F132/><W73/><G73/><T90/><D77/><U135/><E135/><V83/><F83/><W6/><G6/><T81/><D43/><U47/><E47/><V103/><F103/><W1/><G1/><T9/><D9/><U117/><E117/><V125/><F125/><W69/><G69/><T110/><D110/><U60/><E129/><V11/><F68/><W106/><G106/><T52/><D28/><U29/><E29/><V20/><F70/><W75/><G75/><T118/><D118/><U88/><E4/><V104/><F2/><W93/><G93/><N who="0" m="58511" /><D21/><U80/><E80/><V50/><F20/><W108/><G108/><T53/><D81/><U67/><E94/><V46/><F46/><W87/><G37/><T18/><D64/><U99/><E67/><V30/><F30/><W44/><G44/><N who="0" m="27751" /><D53/><U42/><E42/><V14/><F5/><W127/><G127/><T89/><D92/><U66/><E66/><V112/><F112/><RYUUKYOKU ba="0,0" sc="250,10,250,-30,250,10,250,10" hai0="17,18,19,62,63,89,90" hai2="8,10,11,13,14,48,49,50,55,56,98,100,104" hai3="16,22,24,32,35,45,54,87,91,95" /><INIT seed="0,1,0,3,3,86" ten="260,220,260,260" oya="0" hai0="25,37,35,88,135,12,113,81,15,51,79,123,60" hai1="52,114,119,41,6,75,3,112,101,130,2,27,40" hai2="63,107,1,131,67,128,99,102,39,74,11,94,78" hai3="95,33,26,83,45,89,57,24,21,129,115,42,62"/><T4/><D123/><U44/><E119/><V58/><F39/><W46/><G115/><N who="1" m="44074" /><E130/><N who="2" m="49707" /><F78/><W121/><G129/><T23/><D37/><U5/><E75/><V127/><F74/><W125/><G121/><T22/><D113/><U91/><E101/><V54/><F127/><W80/><G125/><T124/><D124/><U77/><E77/><V55/><F107/><W111/><G33/><T8/><D135/><U69/><E69/><V109/><F109/><W132/><G132/><T122/><D122/><U28/><E3/><V82/><F82/><N who="3" m="31275" /><G42/><N who="1" m="16490" /><E2/><V36/><F36/><W32/><G32/><T48/><D79/><U68/><E68/><V17/><F1/><W104/><G111/><T47/><D35/><U120/><E120/><V116/><F116/><W64/><G104/><T29/><D60/><U31/><E27/><N who="3" m="10282" /><G21/><T93/><D81/><U71/><E71/><V16/><F11/><W49/><G49/><T10/><D23/><U110/><E110/><V85/><F85/><AGARI ba="1,0" hai="45,46,57,62,64,85,89,95" m="10282,31275" machi="85" ten="30,2000,0" yaku="8,1,52,1" doraHai="86" who="3" fromWho="2" sc="260,0,220,0,260,-23,260,23" /><INIT seed="1,0,0,3,1,97" ten="260,220,237,283" oya="1" hai0="67,81,116,111,92,27,39,69,79,117,36,7,110" hai1="72,115,77,106,113,66,26,130,35,95,34,52,37" hai2="87,78,126,2,131,94,24,46,49,119,14,51,16" hai3="13,12,108,1,82,118,134,53,105,62,76,23,124"/><U4/><E37/><N who="0" m="14409" /><D7/><U132/><E106/><V128/><F2/><W73/><G105/><T96/><D27/><U0/><E0/><V58/><F119/><W48/><G1/><T56/><D56/><U86/><E4/><V90/><F126/><W10/><G118/><T109/><D67/><U129/><E72/><V54/><F78/><W114/><G124/><T121/><D69/><U17/><E66/><V65/><F24/><W112/><G134/><T104/><D121/><U55/><E132/><V93/><F93/><W50/><G108/><T64/><D64/><U88/><E77/><V60/><REACH who="2" step="1"/><F51/><REACH who="2" ten="260,220,227,283" step="2"/><W9/><G112/><T25/><D25/><U18/><E26/><V125/><F125/><W57/><G114/><T120/><D120/><U98/><E95/><V20/><AGARI ba="0,1" hai="14,16,20,46,49,54,58,60,65,87,90,94,128,131" machi="20" ten="30,8000,1" yaku="1,1,0,1,54,1,53,2" doraHai="97" doraHaiUra="127" who="2" fromWho="2" sc="260,-20,220,-40,227,90,283,-20" /><INIT seed="2,0,0,4,3,39" ten="240,180,317,263" oya="2" hai0="102,107,44,84,69,56,78,99,55,57,12,124,36" hai1="131,51,92,52,93,105,125,42,29,135,100,41,45" hai2="53,64,81,117,88,128,13,34,95,30,14,129,61" hai3="103,89,40,24,94,127,132,49,27,72,85,110,35"/><V66/><F117/><W37/><G37/><T25/><D69/><U16/><E135/><V23/><F81/><W87/><G72/><T48/><D124/><U20/><E125/><V80/><F80/><W130/><G127/><T19/><D25/><N who="3" m="9801" /><G35/><T31/><D31/><U90/><E131/><V11/><F34/><W50/><G110/><T47/><D78/><U18/><E105/><V126/><F126/><W96/><G130/><T4/><D4/><U82/><E82/><V83/><F83/><N who="3" m="49343" /><G132/><T123/><D84/><N who="1" m="52295" /><E29/><V6/><F30/><W71/><G71/><T17/><D123/><U98/><E18/><N who="2" m="10703" /><F129/><W60/><G87/><T74/><D74/><U1/><E1/><V7/><F128/><W2/><G2/><T121/><D121/><U15/><AGARI ba="0,0" hai="15,16,20,41,42,45,51,52,93,98,100" m="52295" machi="15" ten="30,8000,1" yaku="8,1,52,2,54,2" doraHai="39" who="1" fromWho="1" sc="240,-20,180,80,317,-40,263,-20" /><INIT seed="3,0,0,5,0,98" ten="220,260,277,243" oya="3" hai0="99,65,54,83,43,82,1,84,37,119,41,34,70" hai1="55,19,18,129,130,58,122,92,96,42,63,94,87" hai2="66,102,33,71,106,88,115,103,105,16,111,12,89" hai3="68,24,29,23,77,125,10,7,50,8,49,53,61"/><W107/><G125/><T93/><D119/><U101/><E122/><V113/><F33/><W67/><G107/><N who="2" m="40969" /><F66/><W22/><G77/><T123/><D123/><U81/><E42/><V17/><F71/><W86/><G86/><T46/><D1/><U4/><E4/><V62/><F62/><W47/><G7/><T108/><D34/><U52/><E55/><V116/><F12/><W114/><G114/><N who="2" m="43529" /><F116/><W112/><G112/><T28/><D43/><U27/><E92/><V11/><F11/><W132/><G132/><T133/><D133/><U76/><REACH who="1" step="1"/><E27/><REACH who="1" ten="220,250,277,243" step="2"/><V127/><F127/><W134/><G134/><T117/><D117/><U110/><E110/><V38/><F111/><W121/><G121/><T64/><D108/><U39/><E39/><V120/><F38/><W95/><G95/><T51/><D70/><U85/><E85/><V36/><F36/><W128/><G128/><AGARI ba="0,1" hai="18,19,52,58,63,76,81,87,94,96,101,128,129,130" machi="128" ten="40,8000,1" yaku="1,1,19,1,52,1,54,1,53,0" doraHai="98" doraHaiUra="44" who="1" fromWho="3" sc="220,0,250,90,277,0,243,-80" owari="220,-18.0,340,44.0,277,8.0,163,-34.0" /></mjloggm>