<mjloggm ver="2.3"><GO type="169" lobby="0"/><UN n0="%E3%82%A6%E3%83%AB%E3%83%88%E3%83%A9%E7%AB%8B%E7%9B%B4" n1="%7A%65%6C%64%69%6E%61" n2="%E3%83%84%E3%83%AC%E3%82%AA" n3="%E3%81%8A%E3%81%BE%E3%81%A4%E3%82%8A" dan="17,16,16,17" rate="2104.41,2130.89,2058.15,2073.01" sx="M,M,M,M"/><TAIKYOKU oya="0"/><INIT seed="0,0,0,1,1,55" ten="250,250,250,250" oya="0" hai0="17,99,117,84,94,71,85,29,48,1,61,46,39" hai1="96,110,64,43,121,26,108,19,59,91,97,67,13" hai2="113,106,116,12,16,80,56,89,53,41,30,36,95" hai3="24,33,40,45,83,37,23,79,60,35,3,98,88"/><T92/><D117/><U123/><E26/><V15/><F116/><W8/><G3/><T86/><D1/><U22/><E43/><V135/><F106/><W18/><G8/><T21/><D39/><U119/><E119/><V34/><F135/><W122/><G122/><T120/><D29/><U10/><E67/><V87/><F113/><W78/><G78/><T2/><D2/><U27/><E121/><V14/><F41/><W74/><REACH who="3" step="1"/><G60/><REACH who="3" ten="250,250,250,240" step="2"/><T54/><D120/><U32/><E123/><V4/><F4/><W68/><G68/><T109/><D109/><U129/><E110/><V133/><F133/><W77/><G77/><T44/><D71/><U0/><E0/><V28/><F36/><W47/><G47/><T105/><D61/><U66/><E108/><V111/><F111/><W50/><G50/><T112/><D112/><U125/><E10/><V20/><F34/><W128/><G128/><T62/><D62/><U69/><E129/><V5/><F5/><W49/><G49/><T11/><D11/><U103/><E69/><V73/><F73/><W7/><G7/><T134/><D46/><U52/><E125/><V31/><REACH who="2" step="1"/><F80/><REACH who="2" ten="250,250,240,240" step="2"/><W82/><G82/><T127/><D134/><U90/><E32/><V6/><F6/><W9/><G9/><T118/><D118/><U70/><E22/><V131/><F131/><W130/><G130/><T38/><D38/><U126/><E126/><V101/><F101/><W72/><G72/><T75/><D75/><U114/><E103/><V102/><F102/><W57/><G57/><T104/><D127/><U51/><E114/><RYUUKYOKU ba="0,2" sc="250,-15,250,-15,240,15,240,15" hai2="12,14,15,16,20,28,30,31,53,56,87,89,95" hai3="18,23,24,33,35,37,40,45,74,79,83,88,98" /><INIT seed="1,1,2,5,5,122" ten="235,235,255,255" oya="1" hai0="35,36,44,88,15,69,51,103,31,40,111,6,117" hai1="56,34,55,98,123,39,110,128,133,126,86,49,17" hai2="96,75,115,78,77,38,63,30,48,23,28,22,93" hai3="124,76,60,54,59,3,95,118,89,52,74,42,82"/><U62/><E39/><V65/><F38/><W100/><G3/><T24/><D117/><U99/><E123/><V79/><F75/><W21/><G118/><T72/><D69/><U129/><E34/><V85/><F85/><W81/><G124/><T5/><D72/><U33/><E33/><V71/><F115/><W0/><G0/><T101/><D36/><U70/><E133/><V20/><REACH who="2" step="1"/><F48/><REACH who="2" ten="235,235,245,255" step="2"/><W73/><G73/><T29/><D51/><N who="1" m="30847" /><E86/><V94/><F94/><W97/><G74/><T64/><D40/><U37/><E49/><V87/><F87/><W92/><G92/><T84/><D84/><U50/><E50/><V57/><F57/><W25/><G95/><T121/><D121/><U12/><E37/><V109/><F109/><W2/><G59/><T107/><D111/><U108/><E126/><V43/><F43/><W7/><G42/><T119/><D119/><U104/><E104/><V80/><F80/><W83/><G83/><T1/><D107/><U32/><E98/><V120/><F120/><W58/><G97/><T112/><D112/><U11/><E99/><V27/><F27/><W61/><G25/><T41/><D41/><U19/><E108/><V47/><F47/><W9/><G82/><T135/><D44/><U13/><E110/><V131/><F131/><W10/><G81/><T53/><D24/><U14/><E129/><V125/><F125/><W8/><G76/><T114/><D114/><U67/><E128/><V105/><F105/><W132/><G58/><T46/><D46/><U113/><E70/><V116/><F116/><W4/><G132/><RYUUKYOKU ba="1,3" sc="235,-10,235,-10,245,30,255,-10" hai2="20,22,23,28,30,63,65,71,77,78,79,93,96" /><INIT seed="2,2,3,0,3,43" ten="225,225,275,245" oya="2" hai0="99,16,13,35,128,72,50,33,83,118,131,21,105" hai1="125,87,104,107,86,97,115,62,29,28,20,12,102" hai2="5,31,52,32,114,41,124,106,79,109,55,1,0" hai3="27,65,23,48,9,17,76,10,110,129,53,60,130"/><V123/><F114/><W61/><G110/><T117/><D50/><U100/><E115/><V81/><F123/><W92/><G76/><N who="0" m="44423" /><D99/><U8/><E125/><V112/><F112/><W84/><G92/><T75/><D75/><U42/><E42/><V36/><F106/><W22/><G84/><T45/><D45/><U90/><E62/><N who="3" m="24170" /><G65/><T3/><D3/><U70/><E70/><V93/><F124/><W119/><G119/><N who="0" m="45579" /><D105/><U19/><E20/><V59/><F93/><W98/><G98/><T67/><D67/><U132/><E132/><V135/><F135/><W40/><G40/><T95/><D95/><U69/><E69/><V101/><F101/><W113/><G113/><T82/><D82/><U6/><E102/><V25/><F109/><W18/><G129/><AGARI ba="2,3" hai="13,16,21,33,35,128,129,131" m="45579,44423" machi="129" ten="30,3900,0" yaku="19,1,12,1,54,1" doraHai="43" who="0" fromWho="3" sc="225,75,225,0,275,0,245,-45" /><INIT seed="3,0,0,0,3,5" ten="300,225,275,200" oya="3" hai0="18,32,2,132,51,79,134,120,102,40,3,54,93" hai1="80,62,13,77,25,129,88,121,46,29,9,104,57" hai2="83,105,113,35,50,116,36,23,14,85,97,39,112" hai3="131,126,24,69,33,45,43,30,56,71,19,61,60"/><W15/><G126/><T1/><D79/><U68/><E68/><V49/><F35/><W110/><G131/><T107/><D107/><U31/><E129/><V89/><F116/><W7/><G7/><T101/><D32/><U76/><E104/><V128/><F128/><W118/><G118/><T99/><D18/><N who="1" m="8495" /><E121/><V114/><F50/><W59/><G110/><T66/><D66/><N who="1" m="39247" /><E46/><V38/><F49/><W21/><G59/><N who="0" m="33247" /><D40/><U53/><E53/><V119/><F119/><W94/><G60/><T117/><D117/><U55/><E55/><V65/><F65/><W44/><G44/><T37/><D37/><U0/><E0/><V11/><F23/><W6/><G6/><T20/><D20/><N who="1" m="15527" /><E31/><V109/><F109/><W87/><G45/><T96/><D120/><U92/><E80/><V67/><F67/><W100/><G43/><T10/><D2/><U124/><E124/><V123/><F123/><W75/><G75/><T73/><D3/><U52/><E52/><V125/><F125/><W28/><G28/><T115/><D73/><U90/><E90/><V130/><F130/><W72/><G72/><T12/><D1/><U41/><E41/><V111/><F111/><W16/><G69/><T122/><D122/><U98/><AGARI ba="0,0" hai="76,77,88,92,98" m="15527,39247,8495" machi="98" ten="30,4000,0" yaku="8,1,52,1,54,1" doraHai="5" who="1" fromWho="1" sc="300,-10,225,40,275,-10,200,-20" /><INIT seed="4,0,0,3,3,52" ten="290,265,265,180" oya="0" hai0="21,89,118,18,116,101,131,14,13,97,130,107,135" hai1="83,112,79,63,78,92,43,22,66,2,56,90,44" hai2="70,58,108,88,133,40,65,128,71,80,0,95,51" hai3="75,47,3,119,100,15,37,31,67,30,53,24,17"/><T126/><D126/><U5/><E112/><V36/><F0/><W129/><G119/><T8/><D135/><U50/><E22/><V109/><F133/><W61/><G75/><T91/><D91/><U41/><E41/><V105/><F105/><W104/><G3/><T73/><D73/><U19/><E19/><V42/><F80/><W81/><G129/><N who="0" m="49163" /><D89/><U74/><E79/><V35/><F35/><W59/><G81/><T11/><D11/><U45/><E45/><V86/><F128/><W121/><G121/><T85/><D85/><U110/><E110/><V54/><F42/><W106/><G100/><T120/><D120/><U26/><E26/><V84/><F84/><W38/><G38/><T98/><D98/><U12/><E2/><V111/><REACH who="2" step="1"/><F65/><REACH who="2" ten="290,265,255,180" step="2"/><W122/><G67/><T49/><D118/><U62/><E66/><V125/><F125/><W69/><G106/><T16/><D116/><U27/><E83/><V20/><F20/><W132/><G104/><T48/><AGARI ba="0,1" hai="8,13,14,16,18,21,48,49,97,101,107" m="49163" machi="48" ten="30,3000,0" yaku="19,1,54,1" doraHai="52" who="0" fromWho="0" sc="290,40,265,-10,255,-10,180,-10" /><INIT seed="4,1,0,3,0,30" ten="330,255,245,170" oya="0" hai0="115,88,133,78,109,101,89,86,90,54,5,80,7" hai1="20,97,132,116,123,68,129,12,22,14,120,125,64" hai2="75,31,35,113,77,72,119,17,56,3,110,55,127" hai3="61,6,9,93,87,60,34,43,13,131,69,8,106"/><T58/><D115/><U57/><E68/><V105/><F110/><W112/><G106/><T108/><D133/><U65/><E116/><V103/><F3/><W24/><G112/><T51/><REACH who="0" step="1"/><D101/><REACH who="0" ten="320,255,245,170" step="2"/><U128/><E132/><V117/><F113/><W44/><G131/><T99/><D99/><U83/><E97/><V4/><F103/><W2/><G69/><T38/><D38/><U84/><E129/><V94/><F117/><W130/><G130/><T26/><D26/><U46/><E128/><V121/><F119/><W122/><G122/><T102/><D102/><U71/><E123/><V134/><F121/><W28/><G87/><T10/><D10/><U124/><E84/><V96/><F134/><W63/><G93/><T23/><D23/><U95/><E20/><V21/><F21/><W11/><REACH who="3" step="1"/><G2/><REACH who="3" ten="320,255,245,160" step="2"/><T82/><D82/><U36/><E95/><V98/><F94/><W100/><G100/><T18/><D18/><U25/><E83/><V40/><F17/><W85/><G85/><T59/><D59/><U39/><E71/><V66/><F56/><W53/><G53/><T16/><D16/><U92/><E57/><V104/><F55/><W49/><AGARI ba="1,2" hai="6,8,9,11,13,24,28,34,43,44,49,60,61,63" machi="49" ten="30,7900,0" yaku="1,1,0,1,52,1,53,1" doraHai="30" doraHaiUra="42" who="3" fromWho="3" sc="320,-40,255,-21,245,-21,160,102" /><INIT seed="5,0,0,1,5,121" ten="280,234,224,262" oya="1" hai0="88,135,118,26,32,56,59,14,43,57,132,65,45" hai1="106,53,70,69,119,12,114,120,39,66,131,86,27" hai2="101,58,104,87,46,0,5,79,105,37,63,81,30" hai3="98,130,29,19,96,95,40,71,4,102,78,28,73"/><U48/><E106/><V49/><F37/><W93/><G71/><N who="1" m="27146" /><E86/><V122/><F122/><W133/><G4/><T109/><D118/><U116/><E12/><V50/><F30/><W126/><G40/><T54/><D14/><U16/><E16/><V1/><F105/><W76/><G19/><T134/><D88/><U33/><E27/><V83/><F104/><W35/><G35/><T80/><D80/><U38/><E33/><V55/><F101/><W47/><G102/><T100/><D100/><U7/><E7/><V44/><F5/><W61/><G47/><T42/><D26/><U82/><E82/><V2/><F83/><W84/><G61/><T74/><D74/><U89/><E89/><V22/><F22/><W52/><G84/><T113/><D32/><U9/><E9/><V24/><F24/><W117/><G117/><N who="1" m="45130" /><E120/><V110/><F44/><W41/><G29/><T68/><D45/><N who="1" m="27791" /><E114/><V97/><F97/><W123/><G123/><T75/><D113/><U3/><E3/><V124/><F0/><W23/><G96/><T103/><D103/><U107/><E107/><V94/><F1/><W18/><G98/><T34/><D34/><U92/><E92/><V21/><F94/><W127/><G93/><T10/><D10/><U11/><E131/><V15/><F2/><W62/><G95/><T99/><D99/><U115/><E115/><V20/><F15/><W67/><G130/><T112/><D112/><U128/><E128/><V77/><F81/><W125/><G73/><T64/><D75/><U129/><E129/><V60/><F79/><W72/><G72/><RYUUKYOKU ba="0,0" sc="280,0,234,0,224,0,262,0" /><INIT seed="6,1,0,0,0,113" ten="280,234,224,262" oya="2" hai0="56,48,32,68,81,119,40,83,110,74,1,24,79" hai1="19,65,41,116,125,18,111,94,28,70,38,132,61" hai2="98,51,101,131,5,63,67,9,129,107,85,14,89" hai3="50,36,127,87,42,114,26,124,76,126,86,13,33"/><V69/><REACH who="2" step="1"/><F51/><REACH who="2" ten="280,234,214,262" step="2"/><W58/><G50/><T102/><D48/><U25/><E38/><V12/><F12/><W103/><G13/><T99/><D1/><U53/><E132/><V0/><F0/><W75/><G36/><T80/><D110/><U31/><E125/><V112/><F112/><W45/><G114/><T106/><D24/><U109/><E111/><V77/><F77/><W20/><G76/><T11/><D79/><U16/><E109/><V108/><F108/><W43/><G26/><T120/><D120/><U39/><E25/><V135/><F135/><W23/><G124/><T128/><D128/><U96/><E39/><V97/><F97/><W7/><G126/><T134/><D99/><U118/><E41/><V6/><F6/><W21/><G7/><T115/><D134/><U30/><REACH who="1" step="1"/><E53/><REACH who="1" ten="280,224,214,262" step="2"/><V60/><F60/><W91/><G43/><T10/><D40/><U71/><E71/><V29/><F29/><W35/><G42/><T121/><D68/><U93/><E93/><AGARI ba="1,2" hai="5,9,14,63,67,69,85,89,93,98,101,107,129,131" machi="93" ten="40,7700,0" yaku="21,2,53,1" doraHai="113" doraHaiUra="3" who="2" fromWho="1" sc="280,0,224,-80,214,100,262,0" /><INIT seed="6,2,0,5,0,77" ten="280,144,314,262" oya="2" hai0="125,74,93,120,11,73,97,119,104,84,94,34,18" hai1="4,13,111,126,23,103,26,38,91,100,95,56,61" hai2="62,58,57,96,48,7,55,108,64,51,89,82,114" hai3="90,6,69,66,113,41,85,134,123,47,107,86,17"/><V29/><F114/><W130/><G123/><T22/><D34/><U68/><E38/><V122/><F122/><W121/><G107/><T76/><D120/><U54/><E68/><V19/><F108/><W50/><G121/><T110/><D110/><U12/><E126/><V80/><F29/><W99/><G6/><T52/><D11/><U28/><E111/><V87/><F7/><W53/><G130/><T24/><D125/><U67/><E54/><V129/><F129/><W128/><G128/><T98/><D104/><U116/><E116/><V40/><F96/><W8/><G134/><T46/><D74/><U105/><E105/><V16/><F80/><W3/><G113/><T112/><D73/><U132/><E132/><V35/><F35/><W65/><G69/><T78/><D119/><U39/><E39/><V32/><F32/><W59/><G99/><T81/><D78/><U14/><REACH who="1" step="1"/><E4/><REACH who="1" ten="280,134,314,262" step="2"/><V1/><F40/><W124/><G124/><T36/><D36/><U109/><E109/><V106/><F106/><W83/><G41/><T71/><D71/><U127/><E127/><V63/><F1/><W21/><G3/><T131/><D112/><U115/><E115/><V88/><F55/><W25/><G53/><T20/><D131/><U9/><E9/><V31/><F64/><W70/><G8/><T49/><D52/><U43/><E43/><V27/><F62/><N who="3" m="38111" /><G66/><T15/><D49/><U10/><E10/><V45/><F63/><W75/><G70/><T0/><D0/><U2/><E2/><V5/><F51/><W44/><G50/><T92/><D46/><RYUUKYOKU ba="2,1" sc="280,15,134,15,314,-15,262,-15" hai0="15,18,20,22,24,76,81,84,92,93,94,97,98" hai1="12,13,14,23,26,28,56,61,67,91,95,100,103" /><INIT seed="7,3,1,4,5,89" ten="295,149,299,247" oya="3" hai0="54,122,32,12,29,58,124,130,9,100,11,57,108" hai1="1,77,38,132,43,2,35,105,48,31,18,84,33" hai2="42,120,8,116,126,79,13,59,96,104,19,128,98" hai3="123,127,39,74,107,52,113,68,40,133,80,92,62"/><W83/><G123/><T23/><D122/><U76/><E105/><V56/><F120/><W91/><G107/><T17/><D108/><U78/><E38/><V112/><F116/><W93/><G39/><T16/><D32/><N who="1" m="12363" /><E31/><V24/><F112/><W46/><G40/><T37/><D37/><U51/><E43/><V117/><F117/><W44/><G113/><T134/><D124/><U4/><E4/><N who="2" m="3207" /><F126/><W106/><G106/><T87/><D130/><U131/><E84/><V10/><F104/><W0/><G0/><N who="1" m="106" /><E18/><V71/><F71/><W67/><G127/><T121/><D121/><U73/><E73/><V129/><F79/><N who="1" m="20225" /><U119/><DORA hai="65" /><E119/><V99/><F42/><W114/><G114/><T60/><D87/><U82/><E82/><V50/><F129/><W75/><G75/><T36/><D36/><U94/><E131/><V103/><F128/><W115/><G115/><T72/><D72/><U95/><E132/><V55/><F103/><W109/><G133/><T41/><D134/><U118/><E118/><V27/><F59/><W61/><G74/><T5/><D100/><U63/><E63/><V30/><F30/><W125/><G125/><T64/><D29/><U111/><E111/><V70/><F70/><W49/><G109/><T97/><D41/><U3/><N who="1" m="114" /><U53/><DORA hai="28" /><E53/><V86/><F86/><N who="3" m="50655" /><G62/><N who="0" m="36151" /><D5/><U6/><E6/><V47/><F56/><W110/><G110/><T102/><D17/><U90/><E90/><V15/><AGARI ba="3,1" hai="10,15,19,24,27,47,50,55,96,98,99" m="3207" machi="15" ten="30,1100,0" yaku="8,1" doraHai="89,65,28" who="2" fromWho="2" sc="295,-6,149,-6,299,30,247,-8" owari="289,9.0,143,-36.0,329,43.0,239,-16.0" /></mjloggm>