<mjloggm ver="2.3"><GO type="41" lobby="0"/><UN n0="%E5%B0%B1%E6%B4%BB%E7%94%9F%40%E5%B7%9D%E6%9D%91%E8%BB%8D%E5%9B%A3" n1="%E7%A6%8F%E8%B7%AF%E7%BE%8E%E7%A9%82%E5%AD%90%E3%83%BB%CF%89%2D" n2="%73%68%69%6E%79%E2%98%86%6B%72" n3="%28%EF%BC%8A%E3%82%9C%E2%88%8B%E3%82%9C%29" dan="17,14,15,13" rate="2109.55,1944.46,1985.92,1906.87" sx="M,F,F,M"/><TAIKYOKU oya="0"/><INIT seed="0,0,0,3,3,3" ten="250,250,250,250" oya="0" hai0="82,40,97,86,60,35,133,62,126,54,111,64,57" hai1="116,89,123,27,25,105,77,19,117,12,131,103,38" hai2="102,29,127,122,124,53,58,113,108,85,11,26,18" hai3="24,1,74,45,79,32,30,31,14,110,95,8,5"/><T2/><D35/><U42/><E123/><V33/><F122/><W0/><G95/><T4/><D111/><U98/><E77/><V68/><F68/><W91/><G110/><T65/><D126/><N who="2" m="48170" /><F108/><W63/><G91/><T23/><D133/><U13/><E131/><V46/><F102/><W90/><G90/><T71/><D97/><U52/><E89/><V81/><F46/><W88/><G88/><T114/><D114/><U120/><E120/><V130/><F130/><W56/><G45/><T107/><D107/><U47/><E13/><N who="2" m="7487" /><F113/><W99/><G99/><T104/><D104/><U78/><E117/><V55/><F58/><W51/><G51/><T50/><D23/><U80/><E116/><V83/><F85/><W16/><G79/><T43/><D86/><U69/><E69/><V17/><F17/><W59/><G74/><T72/><D82/><AGARI ba="0,0" hai="26,29,33,53,55,81,82,83" m="7487,48170" machi="82" ten="30,1000,0" yaku="18,1" doraHai="3" who="2" fromWho="0" sc="250,-10,250,0,250,10,250,0" /><INIT seed="1,0,0,2,4,127" ten="240,250,260,250" oya="1" hai0="83,43,74,94,56,99,19,41,115,125,93,98,59" hai1="89,32,36,77,135,60,31,79,68,81,87,102,6" hai2="4,64,132,101,82,86,108,26,70,58,11,124,20" hai3="118,75,44,91,9,2,12,40,28,33,35,51,63"/><U84/><E36/><V8/><F124/><W133/><G118/><T131/><D125/><U104/><E135/><V134/><F70/><W38/><G75/><T117/><D117/><U106/><E6/><V109/><F101/><W5/><G133/><N who="2" m="51305" /><F64/><W18/><G63/><T120/><D120/><U85/><E60/><V48/><F48/><W14/><G91/><T90/><D115/><U78/><E68/><V24/><F58/><W54/><G28/><T130/><D19/><U95/><E31/><N who="2" m="17799" /><F26/><W113/><G113/><T47/><D83/><N who="1" m="47215" /><E32/><V67/><F67/><W7/><G7/><T114/><D114/><U112/><E112/><V22/><F22/><W92/><G92/><T121/><D121/><U50/><E50/><V88/><F8/><W105/><G105/><N who="1" m="40554" /><E102/><V100/><F100/><W3/><G3/><AGARI ba="0,0" hai="3,4,11,82,86,88,108,109" m="17799,51305" machi="3" ten="30,2000,0" yaku="20,1,54,1" doraHai="127" who="2" fromWho="3" sc="240,0,250,0,260,20,250,-20" /><INIT seed="2,0,0,5,1,12" ten="240,250,280,230" oya="2" hai0="21,135,15,81,13,97,101,134,17,2,53,62,113" hai1="84,130,4,105,83,80,69,47,71,68,77,70,118" hai2="45,37,121,90,52,74,79,65,29,54,124,129,100" hai3="126,16,36,89,30,98,78,10,86,72,33,73,122"/><V11/><F121/><W55/><G122/><T44/><D2/><U48/><E118/><V18/><F29/><W49/><G36/><T63/><D113/><U104/><E130/><V35/><F35/><W108/><G108/><T7/><D81/><U38/><E38/><V60/><F100/><W31/><G126/><T67/><D7/><U111/><E111/><V9/><F124/><W19/><G33/><T102/><D15/><U28/><N who="1" m="17920" /><DORA hai="132" /><U87/><E28/><N who="3" m="10794" /><G72/><T41/><D53/><U34/><E4/><V123/><F79/><W1/><G73/><T61/><D67/><U5/><E5/><V133/><F74/><W14/><G1/><T22/><D22/><U8/><E8/><V117/><F37/><W116/><G78/><T59/><D59/><U39/><E39/><V24/><F11/><W114/><G116/><T109/><D109/><U64/><E64/><V51/><F117/><W128/><G128/><T112/><D112/><U43/><REACH who="1" step="1"/><E34/><REACH who="1" ten="240,240,280,230" step="2"/><V115/><F129/><W85/><G114/><T6/><D6/><U88/><AGARI ba="0,1" hai="43,47,48,77,80,83,84,87,88,104,105" m="17920" machi="88" ten="60,8000,1" yaku="1,1,2,1,0,1,54,1,53,1" doraHai="12,132" doraHaiUra="94,75" who="1" fromWho="1" sc="240,-20,240,90,280,-40,230,-20" /><INIT seed="3,0,0,3,0,62" ten="220,330,240,210" oya="3" hai0="14,104,92,72,10,103,44,42,77,53,95,57,31" hai1="135,33,37,9,21,83,107,115,89,73,127,19,101" hai2="118,97,1,76,98,100,51,122,27,128,70,93,132" hai3="64,66,96,133,102,6,34,106,2,3,124,43,40"/><W29/><G124/><T26/><D72/><U126/><E33/><V20/><F1/><W61/><G133/><T67/><D77/><N who="1" m="44463" /><E37/><V80/><F118/><W36/><G36/><T99/><D44/><U91/><E115/><V48/><F132/><W120/><G120/><T7/><D42/><U30/><E9/><V94/><F70/><W23/><G23/><T119/><D119/><U109/><E30/><V85/><F128/><W49/><G49/><T50/><REACH who="0" step="1"/><D67/><REACH who="0" ten="210,330,240,210" step="2"/><U46/><E135/><V63/><F122/><W25/><G64/><T123/><D123/><U52/><E46/><V12/><F63/><W79/><G43/><T56/><D56/><U130/><E130/><V0/><F0/><W15/><G40/><T69/><D69/><U5/><E126/><V112/><F112/><W41/><G41/><T17/><D17/><U82/><E127/><V38/><F38/><W121/><G121/><T78/><D78/><U114/><E114/><V134/><F134/><W131/><G79/><T28/><D28/><U108/><E19/><V59/><F59/><W4/><G131/><T117/><D117/><U74/><E74/><V110/><F51/><W105/><G6/><T60/><D60/><U87/><E5/><V54/><F48/><W111/><G111/><T129/><D129/><U113/><E113/><V65/><F110/><W39/><G39/><T68/><D68/><U11/><E109/><V88/><F65/><W22/><G66/><T32/><AGARI ba="0,1" hai="7,10,14,26,31,32,50,53,57,92,95,99,103,104" machi="32" ten="20,2700,0" yaku="1,1,0,1,7,1,53,0" doraHai="62" doraHaiUra="18" who="0" fromWho="0" sc="210,37,330,-7,240,-7,210,-13" /><INIT seed="4,0,0,2,2,22" ten="247,323,233,197" oya="0" hai0="114,61,35,0,125,105,43,13,65,37,93,103,85" hai1="8,44,45,134,108,66,42,12,129,97,4,16,18" hai2="123,11,34,87,102,67,59,84,27,127,64,53,86" hai3="17,28,69,88,1,89,79,26,101,90,57,29,48"/><T126/><D0/><U62/><E108/><V112/><F123/><W74/><G69/><T110/><D35/><U68/><E129/><V40/><F40/><W92/><G1/><T107/><D110/><U77/><E134/><V9/><F102/><W104/><G104/><T133/><D133/><U54/><E77/><V132/><F132/><W113/><G113/><T14/><D114/><U130/><E130/><V72/><F72/><W70/><G70/><T63/><D37/><U111/><E111/><V5/><F112/><W20/><G79/><T82/><D43/><U73/><E73/><V122/><F127/><N who="0" m="48650" /><D93/><U23/><E42/><V95/><F95/><W52/><G74/><T36/><D36/><U100/><E54/><V83/><F83/><W47/><G47/><T71/><D63/><U56/><E68/><V131/><F122/><W75/><G75/><T128/><D128/><U31/><E4/><V60/><F131/><W76/><G76/><N who="0" m="46279" /><D103/><U49/><E49/><V80/><F80/><W32/><G32/><T25/><D25/><N who="1" m="16831" /><E100/><V6/><F6/><W33/><G33/><T116/><D116/><U50/><E97/><AGARI ba="0,0" hai="17,20,26,28,29,48,52,57,88,89,90,92,97,101" machi="97" ten="40,8000,1" yaku="8,1,52,1,54,2" doraHai="22" who="3" fromWho="1" sc="247,0,323,-80,233,0,197,80" /><INIT seed="5,0,0,4,5,127" ten="247,243,233,277" oya="1" hai0="58,68,52,54,57,26,39,111,115,38,12,97,44" hai1="130,19,9,96,119,80,123,23,6,114,43,110,118" hai2="37,83,84,8,74,101,79,35,67,108,22,77,90" hai3="76,109,107,53,91,24,59,45,132,103,29,116,40"/><U11/><E123/><V122/><F35/><W33/><G109/><T88/><D68/><U10/><E110/><V94/><F37/><W50/><G132/><T48/><D111/><U99/><E114/><V34/><F34/><W78/><G116/><N who="1" m="44586" /><E43/><V106/><F108/><W31/><G31/><T0/><D0/><N who="1" m="199" /><E80/><N who="2" m="45111" /><F67/><W125/><G125/><T56/><D115/><U69/><E69/><V46/><F22/><W1/><G1/><T104/><D104/><U89/><E96/><N who="2" m="61735" /><F46/><W85/><G103/><T112/><D112/><U100/><E99/><N who="2" m="57815" /><F8/><N who="1" m="3113" /><E100/><V131/><F122/><W42/><G107/><T41/><D39/><U21/><E89/><V117/><F117/><W28/><G28/><T65/><D38/><U135/><E135/><V30/><F30/><W49/><G42/><T13/><D65/><U75/><E75/><V4/><F4/><W81/><AGARI ba="0,0" hai="24,29,33,40,45,49,50,53,59,76,78,81,85,91" machi="81" ten="20,1500,0" yaku="0,1,7,1" doraHai="127" who="3" fromWho="3" sc="247,-4,243,-7,233,-4,277,15" /><INIT seed="6,0,0,5,2,86" ten="243,236,229,292" oya="2" hai0="58,54,93,47,130,65,112,21,42,79,50,19,13" hai1="60,135,124,23,30,74,108,100,57,37,134,91,15" hai2="32,71,131,43,132,127,48,62,95,41,66,10,35" hai3="40,69,129,82,24,67,2,113,22,8,109,75,56"/><V6/><F127/><W81/><G109/><T3/><D3/><U89/><E74/><V99/><F132/><N who="1" m="50729" /><E108/><V51/><F131/><W121/><G121/><T97/><D130/><U12/><E37/><V5/><F5/><W84/><G129/><T111/><D111/><U14/><E100/><V133/><F133/><W36/><G113/><T73/><D112/><U117/><E117/><V116/><F116/><W90/><G69/><T26/><D65/><N who="1" m="39055" /><E124/><V87/><F87/><W78/><G67/><T4/><D79/><U96/><E96/><V88/><F48/><W59/><G56/><T125/><D73/><U46/><E46/><V115/><F115/><W18/><G59/><T9/><D125/><U94/><E94/><V122/><F122/><W49/><G49/><T104/><D104/><U92/><E92/><V128/><F128/><W17/><G22/><T68/><D68/><U118/><E118/><V39/><F39/><W103/><G24/><AGARI ba="0,0" hai="12,14,15,23,24,30,89,91" m="39055,50729" machi="24" ten="30,3900,0" yaku="20,1,52,2" doraHai="86" who="1" fromWho="3" sc="243,0,236,39,229,0,292,-39" /><INIT seed="7,0,0,4,4,121" ten="243,275,229,253" oya="3" hai0="120,19,50,54,99,73,78,105,53,115,27,123,9" hai1="104,84,70,43,96,8,1,133,65,28,60,40,22" hai2="127,97,30,44,129,90,18,72,4,55,16,88,67" hai3="93,111,56,134,63,106,49,86,42,124,112,69,132"/><W98/><G106/><T114/><D73/><U85/><E133/><N who="3" m="51306" /><G69/><T58/><D78/><U13/><E1/><V126/><F72/><W68/><G124/><N who="2" m="47657" /><F129/><W34/><G34/><T17/><D105/><U110/><E110/><V10/><F30/><W29/><G68/><T66/><D66/><U103/><E28/><V14/><F67/><N who="3" m="39399" /><G29/><T0/><D99/><U51/><E22/><V25/><F97/><W130/><G112/><N who="0" m="43051" /><D54/><U48/><E43/><V11/><F25/><W59/><G86/><T100/><D100/><U21/><E21/><V107/><F107/><W87/><G87/><T36/><D36/><U108/><E108/><V47/><F18/><N who="0" m="6666" /><D27/><U135/><E135/><V74/><F74/><W12/><G12/><T92/><D92/><U15/><E13/><N who="2" m="5319" /><F55/><N who="3" m="32239" /><G42/><T23/><D23/><U31/><E40/><V81/><F81/><W38/><G38/><T109/><D109/><U2/><E31/><V80/><F80/><W89/><G130/><T39/><D39/><U116/><E104/><V6/><F6/><AGARI ba="0,0" hai="0,6,9,50,53,58,120,123" m="6666,43051" machi="6" ten="30,2000,0" yaku="15,1,11,1" doraHai="121" who="0" fromWho="2" sc="243,20,275,0,229,-20,253,0" /><INIT seed="8,0,0,2,1,94" ten="263,275,209,253" oya="0" hai0="50,104,64,29,10,87,109,121,41,47,36,103,115" hai1="133,78,119,91,59,44,125,2,63,11,16,122,72" hai2="112,7,116,99,132,4,24,69,62,30,68,14,45" hai3="57,3,35,61,20,98,23,111,18,129,107,102,1"/><T27/><D115/><U75/><E122/><V26/><F112/><W32/><G111/><T56/><D121/><U89/><E119/><V9/><F4/><W51/><G129/><T135/><D109/><U124/><E44/><V21/><F132/><W67/><G23/><T79/><D135/><U0/><E133/><V97/><F116/><W85/><G85/><T66/><D10/><U34/><E34/><V74/><F74/><N who="1" m="28201" /><E78/><V106/><F106/><W108/><G108/><T12/><D12/><N who="1" m="7199" /><E2/><V83/><F83/><W22/><G22/><T77/><D77/><U17/><E17/><V114/><F114/><W90/><G90/><T130/><D130/><U131/><E131/><V95/><F95/><W101/><G101/><T5/><D5/><U19/><E19/><V54/><F68/><W52/><G35/><T42/><D42/><U100/><E100/><V93/><F93/><W117/><G32/><T40/><D40/><U88/><E0/><V25/><F69/><W76/><G76/><T81/><D56/><U92/><E92/><V49/><REACH who="2" step="1"/><F62/><REACH who="2" ten="263,275,199,253" step="2"/><W48/><G117/><T38/><D104/><U46/><E63/><V123/><F123/><W65/><G51/><T134/><D134/><U96/><E96/><AGARI ba="0,1" hai="7,9,14,21,24,25,26,30,45,49,54,96,97,99" machi="96" ten="40,8000,1" yaku="1,1,8,1,52,3,53,0" doraHai="94" doraHaiUra="128" who="2" fromWho="1" sc="263,0,275,-80,199,90,253,0" /><INIT seed="9,0,0,2,1,124" ten="263,195,289,253" oya="1" hai0="41,47,123,71,50,30,104,40,39,111,59,15,120" hai1="100,126,27,36,97,42,85,23,54,106,10,67,61" hai2="20,37,19,133,93,83,49,132,99,113,70,4,0" hai3="128,118,112,14,82,64,38,3,51,114,32,72,92"/><U105/><E126/><V66/><F37/><W79/><G32/><T90/><D104/><U68/><E10/><V98/><F113/><N who="3" m="43627" /><G38/><T110/><D30/><U73/><E73/><V9/><F83/><W7/><G14/><T28/><D28/><U48/><E42/><V81/><F81/><W21/><G51/><T134/><D90/><U75/><E36/><V53/><F66/><W116/><G21/><T89/><D89/><U129/><E75/><V108/><F70/><W63/><G92/><T95/><D95/><U69/><E68/><V86/><F86/><W13/><G13/><T1/><D1/><U33/><E33/><V117/><F117/><N who="3" m="45163" /><G64/><T62/><D134/><N who="2" m="51818" /><F108/><N who="0" m="41514" /><D15/><U65/><E85/><V56/><F93/><W46/><G63/><T25/><D25/><AGARI ba="0,0" hai="0,4,9,19,20,25,49,53,56,98,99" m="51818" machi="25" ten="30,1000,0" yaku="20,1" doraHai="124" who="2" fromWho="0" sc="263,-10,195,0,289,10,253,0" /><INIT seed="10,0,0,5,4,40" ten="253,195,299,253" oya="2" hai0="88,65,94,63,7,109,57,131,58,36,23,27,78" hai1="68,73,71,81,47,0,38,101,39,118,48,75,16" hai2="30,61,91,51,96,106,43,31,79,44,115,32,85" hai3="35,127,112,26,104,135,92,123,34,21,45,133,77"/><V121/><F121/><W130/><G104/><T119/><D109/><U14/><E101/><V124/><F32/><W126/><G77/><T95/><D36/><U5/><E0/><V9/><F115/><W122/><G92/><T17/><D131/><U42/><E5/><V114/><F114/><W100/><G45/><T89/><D119/><U15/><E118/><V86/><F124/><N who="3" m="47659" /><G100/><T87/><D7/><U55/><E15/><V41/><F41/><W59/><G59/><N who="0" m="37119" /><D78/><U18/><E39/><V93/><F106/><W132/><G112/><T117/><D117/><U37/><E37/><V70/><F70/><W20/><G130/><T52/><D52/><U129/><E129/><V19/><F61/><W29/><G20/><T84/><AGARI ba="0,0" hai="17,23,27,57,58,84,87,88,89,94,95" m="37119" machi="84" ten="30,2000,0" yaku="8,1,54,1" doraHai="40" who="0" fromWho="0" sc="253,20,195,-5,299,-10,253,-5" /><INIT seed="11,0,0,0,0,27" ten="273,190,289,248" oya="3" hai0="7,91,75,77,116,11,84,96,106,39,70,53,105" hai1="90,20,38,61,16,10,115,107,118,131,49,33,111" hai2="47,12,100,21,120,95,72,76,102,69,133,110,113" hai3="24,57,62,0,14,42,63,41,31,58,134,51,18"/><W126/><G0/><T101/><D116/><U44/><E38/><V104/><F110/><W123/><G123/><T87/><D70/><U59/><E111/><V114/><F69/><W52/><G134/><T103/><D39/><U29/><E115/><V86/><F47/><W30/><G126/><T125/><D53/><U109/><E109/><V35/><F35/><W55/><G51/><T15/><D125/><U25/><E131/><V130/><F12/><W121/><G121/><T80/><REACH who="0" step="1"/><D91/><REACH who="0" ten="263,190,289,248" step="2"/><U48/><E118/><V17/><F120/><W112/><G112/><T45/><D45/><U4/><E44/><V83/><F130/><W135/><G135/><T119/><D119/><U43/><E90/><N who="2" m="53719" /><F133/><W89/><G89/><T127/><D127/><U98/><E43/><N who="3" m="16394" /><G24/><T2/><D2/><U93/><E107/><V9/><F113/><W56/><G56/><T36/><D36/><U46/><E46/><V128/><F114/><W6/><G6/><T71/><D71/><U3/><E59/><V94/><F128/><W34/><G34/><T78/><D78/><U132/><E132/><V99/><F100/><W28/><G28/><T32/><D32/><U124/><E124/><V73/><F104/><W60/><G60/><T54/><D54/><U129/><E61/><V122/><F122/><W68/><G68/><T23/><D23/><AGARI ba="0,1" hai="14,18,23,30,31,52,55,57,58,62,63" m="16394" machi="23" ten="30,11600,0" yaku="8,1,52,2,54,1" doraHai="27" who="3" fromWho="0" sc="263,-116,190,0,289,0,248,126" owari="147,-35.0,190,-21.0,289,9.0,374,47.0" /></mjloggm>