<mjloggm ver="2.3"><GO type="169" lobby="0"/><UN n0="%E3%81%91%E3%82%93%31%39%37%30" n1="%E3%82%A6%E3%83%AB%E3%83%88%E3%83%A9%E7%AB%8B%E7%9B%B4" n2="%E7%B5%B6%E5%AF%BE%E3%81%AB%E3%82%86%E3%82%8B%E3%81%95%E3%81%AA%E3%81%84" n3="%74%6F%69%74%6F%69%34" dan="16,17,16,16" rate="2105.69,2186.47,2084.76,2066.98" sx="M,M,M,M"/><TAIKYOKU oya="0"/><INIT seed="0,0,0,0,2,52" ten="250,250,250,250" oya="0" hai0="130,123,99,58,110,98,47,74,66,22,125,106,105" hai1="113,86,59,69,16,32,108,18,78,55,91,116,8" hai2="111,21,54,60,133,7,107,42,71,30,83,76,6" hai3="75,63,28,67,50,134,3,97,37,23,80,38,87"/><T12/><D123/><U46/><E69/><V9/><F107/><W129/><G3/><T82/><D74/><U4/><E32/><V132/><F111/><W62/><G75/><T101/><D47/><U29/><E116/><V128/><F128/><W25/><G129/><T10/><D130/><U31/><E78/><V61/><F42/><W79/><G134/><N who="2" m="51817" /><F71/><W122/><G122/><T124/><D82/><U34/><E46/><V17/><F30/><W36/><G50/><T5/><D22/><U126/><E126/><V85/><F54/><W112/><G112/><T43/><D43/><U103/><E103/><V109/><F109/><W70/><G63/><N who="2" m="24137" /><F9/><W15/><G97/><T65/><D110/><U115/><E108/><V93/><F93/><W72/><G72/><T92/><D106/><U119/><E119/><V120/><F120/><W102/><G102/><N who="0" m="60743" /><D58/><U19/><E115/><V56/><F56/><W40/><G40/><T44/><D44/><U2/><E113/><V77/><F77/><W94/><G94/><T20/><D20/><U39/><E39/><V51/><F51/><W135/><G135/><T24/><D24/><AGARI ba="0,0" hai="6,7,17,21,24,76,83,85" m="24137,51817" machi="24" ten="30,1000,0" yaku="20,1" doraHai="52" who="2" fromWho="0" sc="250,-10,250,0,250,10,250,0" /><INIT seed="1,0,0,1,5,50" ten="240,250,260,250" oya="1" hai0="91,30,32,57,47,134,48,41,127,53,80,58,59" hai1="118,51,72,121,116,36,106,42,23,64,77,17,61" hai2="131,63,33,83,76,126,40,60,81,5,112,52,119" hai3="100,25,111,79,4,15,65,3,122,101,133,135,93"/><U55/><E106/><V44/><F119/><W97/><G3/><T39/><D32/><U125/><E121/><V11/><F33/><W20/><G122/><T115/><D30/><U130/><E77/><V29/><F29/><W89/><G79/><T110/><D115/><U67/><E72/><V24/><F24/><W13/><G65/><T54/><D80/><U37/><E17/><V85/><F112/><W28/><G111/><T98/><D91/><U70/><E23/><V123/><F123/><W34/><G34/><T71/><D98/><U31/><E31/><V102/><F102/><W8/><REACH who="3" step="1"/><G15/><REACH who="3" ten="240,250,260,240" step="2"/><T75/><D110/><U87/><E67/><V49/><F76/><W74/><G74/><T90/><D75/><U0/><E0/><V18/><F126/><W16/><G16/><T38/><D127/><U96/><E125/><V129/><F18/><W2/><G2/><T12/><D12/><U88/><E130/><V27/><F131/><W22/><G22/><T21/><D21/><U56/><E118/><V128/><F128/><W82/><G82/><T95/><D71/><U124/><E116/><V62/><F129/><W46/><G46/><T6/><D6/><U86/><E124/><V19/><F19/><W99/><G99/><T114/><D114/><U92/><E36/><V105/><F83/><W35/><G35/><T108/><D108/><U120/><E120/><V94/><F81/><W84/><G84/><N who="0" m="52679" /><D39/><U1/><E1/><N who="2" m="431" /><F85/><W10/><G10/><T68/><D38/><U45/><AGARI ba="0,1" hai="37,42,45,51,55,56,61,64,70,86,87,88,92,96" machi="45" ten="30,12000,1" yaku="0,1,24,2,52,1,54,1" doraHai="50" who="1" fromWho="1" sc="240,-40,250,130,260,-40,240,-40" /><INIT seed="1,1,0,4,3,72" ten="200,380,220,200" oya="1" hai0="106,109,10,70,52,11,120,91,123,54,59,33,58" hai1="26,40,3,125,94,29,102,77,83,7,37,127,118" hai2="105,126,24,119,27,19,128,107,41,73,50,80,96" hai3="0,25,134,124,103,117,98,63,111,8,6,66,130"/><U21/><E118/><V75/><F119/><W45/><G117/><T67/><D33/><U1/><E94/><V13/><F126/><N who="1" m="48137" /><E102/><V81/><F128/><W113/><G124/><T95/><D106/><U89/><E89/><V49/><F41/><W42/><G130/><T4/><D70/><U2/><E7/><V22/><F96/><W64/><G113/><T34/><D34/><U88/><E88/><V31/><F107/><W99/><G103/><T101/><D101/><U69/><E69/><V100/><F100/><W15/><G0/><T38/><D91/><U86/><E40/><V112/><F105/><W35/><G66/><T36/><D95/><U48/><E48/><V121/><F112/><W97/><G35/><T60/><D67/><U39/><AGARI ba="1,0" hai="1,2,3,21,26,29,37,39,77,83,86" m="48137" machi="39" ten="40,3900,0" yaku="18,1,52,1" doraHai="72" who="1" fromWho="1" sc="200,-14,380,42,220,-14,200,-14" /><INIT seed="1,2,0,3,5,15" ten="186,422,206,186" oya="1" hai0="112,124,31,126,71,72,6,128,105,104,45,101,94" hai1="83,119,42,13,10,2,76,12,96,48,85,84,77" hai2="36,46,17,26,28,73,135,70,95,33,61,16,19" hai3="122,56,117,106,109,47,134,108,66,129,43,38,30"/><U37/><E37/><V20/><F73/><W68/><G30/><T130/><D71/><U41/><E2/><V22/><F135/><W98/><G98/><N who="0" m="59607" /><D6/><U40/><E96/><V11/><F11/><W102/><G102/><T92/><D45/><U51/><E119/><V91/><F70/><W118/><G106/><N who="0" m="41067" /><D31/><U132/><E132/><V62/><F62/><N who="3" m="40023" /><G134/><T9/><D9/><U52/><E52/><V23/><F61/><W82/><G82/><T65/><D65/><U50/><E10/><V78/><F78/><N who="1" m="30313" /><E83/><V103/><F103/><W64/><G122/><T127/><D112/><U5/><E5/><V53/><F33/><W55/><G64/><T125/><D125/><U14/><AGARI ba="2,0" hai="12,13,14,40,41,42,48,50,51,84,85" m="30313" machi="14" ten="40,12000,1" yaku="29,2,28,2,8,1" doraHai="15" who="1" fromWho="1" sc="186,-42,422,126,206,-42,186,-42" /><INIT seed="1,3,0,4,3,92" ten="144,548,164,144" oya="1" hai0="117,13,126,41,17,46,81,89,5,30,1,85,66" hai1="15,130,129,36,70,33,131,47,96,54,39,121,63" hai2="95,104,74,108,72,42,106,22,123,14,79,31,114" hai3="25,21,125,68,122,6,23,83,51,58,32,119,48"/><U7/><E33/><V12/><F123/><W3/><G68/><T26/><D117/><U65/><E121/><V132/><F108/><W69/><G69/><T43/><D126/><U18/><E7/><V55/><F42/><W11/><G122/><T27/><D66/><U61/><E18/><V71/><F71/><W20/><G125/><T87/><D1/><U91/><E15/><V128/><F31/><W34/><G83/><T8/><D17/><U37/><E91/><V78/><F22/><N who="3" m="8811" /><G51/><T98/><D30/><U9/><E96/><V57/><F106/><W0/><G48/><N who="0" m="26703" /><D43/><N who="1" m="23015" /><E9/><V82/><F104/><W52/><G52/><T112/><D112/><U115/><E115/><V90/><F74/><W109/><G58/><AGARI ba="3,0" hai="37,39,54,58,61,63,65,70,129,130,131" m="23015" machi="58" ten="30,5800,0" yaku="19,1,34,2" doraHai="92" who="1" fromWho="3" sc="144,0,548,67,164,0,144,-67" /><INIT seed="1,4,0,1,2,124" ten="144,615,164,77" oya="1" hai0="71,29,28,4,78,80,51,130,107,109,99,43,13" hai1="53,98,93,14,90,96,73,33,59,122,32,17,118" hai2="67,82,101,11,120,5,81,56,44,79,50,110,131" hai3="8,89,88,91,23,69,3,39,42,9,126,83,112"/><U61/><E73/><V24/><F110/><W60/><G112/><T117/><D109/><U128/><E122/><V66/><F120/><W45/><G126/><T125/><D71/><U77/><E77/><V41/><F101/><W35/><G35/><T31/><D117/><U16/><E118/><V38/><F24/><W127/><G127/><T76/><D125/><U6/><E6/><V40/><F82/><W65/><G3/><T63/><D63/><U85/><E17/><V64/><F131/><W123/><G123/><T12/><D130/><U132/><E132/><V10/><F10/><W0/><G0/><T21/><D107/><U62/><E128/><V87/><F38/><W108/><G108/><T15/><D99/><U102/><E62/><N who="2" m="37959" /><F41/><W104/><G104/><T46/><D78/><U20/><REACH who="1" step="1"/><E98/><REACH who="1" ten="144,605,164,77" step="2"/><V47/><F79/><W22/><G83/><AGARI ba="4,1" hai="14,16,20,32,33,53,59,61,83,85,90,93,96,102" machi="83" ten="30,11600,0" yaku="1,1,2,1,7,1,54,1,53,0" doraHai="124" doraHaiUra="72" who="1" fromWho="3" sc="144,0,605,138,164,0,77,-128" owari="144,-26.0,743,85.0,164,-4.0,-51,-55.0" /></mjloggm>