<mjloggm ver="2.3"><GO type="97" lobby="0"/><UN n0="%E5%B0%B1%E6%B4%BB%E7%94%9F%40%E5%B7%9D%E6%9D%91%E8%BB%8D%E5%9B%A3" n1="%E6%9C%AB%E6%91%98%E8%8A%B1" n2="%E3%81%82%E3%81%96%E3%82%80%E3%81%8F%E3%82%93" n3="%51%40%2E%40" dan="14,16,14,13" rate="1984.08,1993.56,1959.39,1913.35" sx="M,F,M,M"/><TAIKYOKU oya="0"/><INIT seed="0,0,0,1,0,101" ten="250,250,250,250" oya="0" hai0="115,113,66,97,12,131,96,83,79,120,0,92,9" hai1="32,40,78,27,45,38,4,37,23,14,124,102,81" hai2="107,86,57,127,105,123,19,108,111,130,22,2,125" hai3="109,106,121,59,76,58,133,55,26,25,128,114,3"/><T35/><D35/><U82/><E124/><N who="2" m="47691" /><F123/><W88/><G114/><T129/><D120/><U21/><E32/><V24/><F130/><N who="0" m="49674" /><D66/><U11/><E102/><V99/><F2/><W67/><G128/><T89/><D0/><U118/><E118/><V56/><F86/><W134/><G121/><T65/><D65/><U10/><E10/><V112/><F112/><N who="0" m="43082" /><D12/><U15/><E15/><V91/><F91/><W43/><G43/><T100/><D9/><U69/><E69/><V33/><F33/><W103/><G3/><T70/><D70/><U49/><E82/><V132/><F132/><N who="3" m="50795" /><G109/><N who="2" m="42057" /><F99/><N who="3" m="61823" /><G67/><T95/><D79/><U16/><REACH who="1" step="1"/><E23/><REACH who="1" ten="250,240,250,250" step="2"/><V30/><F30/><W63/><G76/><T87/><D96/><U50/><E50/><V17/><F17/><W119/><G119/><T7/><D7/><U39/><E39/><V110/><F110/><W75/><G75/><AGARI ba="0,1" hai="4,11,14,16,21,27,37,38,40,45,49,75,78,81" machi="75" ten="30,7700,0" yaku="1,1,7,1,54,1,53,1" doraHai="101" doraHaiUra="44" who="1" fromWho="3" sc="250,0,240,87,250,0,250,-77" /><INIT seed="1,0,0,2,4,85" ten="250,327,250,173" oya="1" hai0="52,94,46,18,6,129,51,47,99,120,135,124,4" hai1="89,53,79,55,10,81,22,28,86,35,14,50,126" hai2="127,31,64,59,109,114,98,90,20,123,118,115,77" hai3="108,19,82,56,104,96,97,54,62,68,73,61,125"/><U69/><E69/><V11/><F123/><W111/><G125/><T84/><D120/><U25/><E126/><V132/><F127/><W117/><G117/><T131/><D124/><U36/><E36/><V41/><F118/><W91/><G91/><T32/><D32/><U122/><E122/><V44/><F77/><W49/><G19/><T121/><D121/><U42/><E35/><V9/><F109/><N who="3" m="42059" /><G68/><T72/><D72/><U83/><E42/><V37/><F132/><W23/><G104/><T80/><D18/><N who="1" m="8535" /><E50/><V0/><F0/><W75/><G23/><T102/><D47/><U7/><E7/><V107/><F20/><W48/><G82/><T106/><D106/><U103/><E103/><V88/><F31/><W65/><G65/><T60/><D60/><N who="3" m="23145" /><G56/><T133/><D6/><U40/><E40/><V70/><F70/><W58/><G58/><T105/><D4/><U5/><E5/><V38/><F38/><W21/><G21/><T39/><D39/><U24/><E24/><V13/><F59/><W3/><G3/><T66/><D66/><U74/><E74/><N who="3" m="28170" /><G54/><N who="1" m="20490" /><E81/><V76/><F64/><W8/><G8/><T29/><D105/><U116/><E116/><V15/><F107/><W26/><G26/><T30/><D30/><U130/><E79/><V17/><F76/><W119/><G119/><T45/><D29/><U78/><E78/><V128/><F98/><AGARI ba="0,0" hai="48,49,96,97,98" m="28170,23145,42059" machi="98" ten="40,5200,0" yaku="28,2,14,1" doraHai="85" who="3" fromWho="2" sc="250,0,327,0,250,-52,173,52" /><INIT seed="2,0,0,1,4,104" ten="250,327,198,225" oya="2" hai0="22,135,1,42,75,70,91,98,34,130,102,20,122" hai1="38,72,56,58,4,50,5,21,19,83,76,73,118" hai2="29,92,35,110,112,133,68,129,119,120,3,44,18" hai3="14,7,82,26,52,126,2,63,93,96,115,79,78"/><V65/><RYUUKYOKU type="yao9" ba="0,0" sc="250,0,327,0,198,0,225,0" hai2="3,18,29,35,44,65,68,92,110,112,119,120,129,133" /><INIT seed="2,1,0,4,0,111" ten="250,327,198,225" oya="2" hai0="19,48,45,25,63,119,87,39,90,50,18,104,98" hai1="0,6,76,30,120,2,8,127,35,130,44,80,7" hai2="97,20,10,135,81,61,102,77,24,14,109,59,99" hai3="69,82,68,22,16,38,3,11,32,33,134,56,55"/><V88/><F109/><W79/><G38/><T132/><D119/><U110/><E110/><V131/><F131/><W52/><G134/><T62/><D132/><U122/><E44/><V71/><F71/><W121/><G121/><N who="1" m="46698" /><E130/><V84/><F135/><W60/><G55/><T5/><D5/><U115/><E115/><V36/><F36/><W128/><G128/><T117/><D117/><U58/><E58/><V54/><F77/><W49/><G69/><T83/><D39/><U65/><E65/><V51/><F51/><W70/><G70/><T29/><D48/><U91/><E91/><V105/><F102/><W85/><G68/><T12/><D98/><U17/><E127/><V9/><F105/><W21/><G21/><N who="0" m="15535" /><D104/><U95/><E95/><V108/><F108/><W57/><G57/><T78/><D78/><U107/><E17/><N who="0" m="6153" /><D12/><N who="1" m="5143" /><E7/><N who="2" m="3391" /><F10/><W66/><G3/><T93/><D83/><U118/><E107/><V31/><AGARI ba="1,0" hai="20,24,31,54,59,61,81,84,88,97,99" m="3391" machi="31" ten="30,3000,0" yaku="8,1,54,1" doraHai="111" who="2" fromWho="2" sc="250,-11,327,-11,198,33,225,-11" /><INIT seed="2,2,0,5,2,120" ten="239,316,231,214" oya="2" hai0="69,117,12,108,64,15,105,24,123,61,78,7,122" hai1="83,46,98,63,101,110,36,26,54,60,94,51,125" hai2="128,57,126,86,28,91,49,29,56,115,21,48,14" hai3="113,55,67,96,10,85,121,70,134,22,77,4,2"/><V31/><F115/><W27/><G121/><T42/><D105/><U23/><E36/><V90/><F128/><W106/><G113/><T19/><D117/><U52/><E125/><V53/><F126/><W104/><G134/><T1/><D108/><U93/><E110/><V79/><F79/><W76/><G55/><T17/><D78/><U118/><E118/><V100/><F100/><W9/><G9/><T71/><D42/><N who="1" m="25047" /><E83/><V116/><F116/><W59/><G70/><T132/><D132/><U8/><E94/><V103/><F103/><W129/><G129/><T47/><D24/><U133/><E8/><V58/><F91/><W124/><G124/><T89/><D7/><U62/><E133/><V32/><F32/><W88/><G96/><T80/><D1/><U74/><E74/><V44/><F49/><W50/><G106/><T114/><D114/><U41/><E41/><V45/><F45/><W72/><G72/><T65/><D47/><U16/><AGARI ba="2,0" hai="16,23,26,52,54,60,62,63,93,98,101" m="25047" machi="16" ten="30,4000,0" yaku="8,1,54,2" doraHai="120" who="1" fromWho="1" sc="239,-12,316,46,231,-22,214,-12" /><INIT seed="3,0,0,3,2,17" ten="227,362,209,202" oya="3" hai0="101,13,89,26,88,64,51,40,57,78,124,70,133" hai1="82,75,0,127,112,5,31,94,97,21,87,126,119" hai2="14,39,96,65,20,12,37,8,23,109,102,72,35" hai3="107,48,130,80,120,42,68,4,22,84,1,54,6"/><W118/><G107/><T71/><D101/><U36/><E112/><V123/><F35/><W76/><G118/><T10/><D78/><U108/><E119/><V122/><F72/><W44/><G120/><N who="2" m="46121" /><F109/><W135/><G68/><T60/><D124/><N who="1" m="47659" /><E108/><V61/><F12/><W116/><G1/><T33/><D33/><U111/><E111/><V50/><F50/><N who="3" m="26903" /><G116/><T90/><D26/><N who="1" m="16847" /><E36/><N who="2" m="13899" /><F65/><W128/><G135/><T29/><D29/><U73/><E5/><N who="2" m="3343" /><F61/><W129/><G22/><T55/><D133/><U85/><E0/><V67/><F67/><W134/><G134/><T3/><D3/><U16/><E75/><V100/><F100/><W86/><G86/><T125/><D125/><U92/><E97/><V43/><F43/><W103/><G103/><T34/><D34/><U66/><E87/><V113/><F113/><W59/><AGARI ba="0,0" hai="4,6,48,54,59,76,80,84,128,129,130" m="26903" machi="59" ten="30,1500,0" yaku="19,1" doraHai="17" who="3" fromWho="3" sc="227,-5,362,-5,209,-5,202,15" /><INIT seed="3,1,0,5,3,122" ten="222,357,204,217" oya="3" hai0="93,127,37,106,0,3,125,23,40,131,16,124,6" hai1="109,67,116,76,78,104,128,10,36,18,66,49,79" hai2="34,9,119,98,108,31,62,43,13,132,92,74,130" hai3="77,82,129,72,11,24,135,133,134,64,15,105,102"/><W47/><G64/><T68/><D106/><U7/><E36/><V48/><F119/><W19/><G47/><N who="0" m="23951" /><D68/><U44/><E104/><V51/><F74/><W32/><G129/><T113/><D113/><U69/><E69/><V75/><F75/><W1/><G1/><T21/><D131/><U115/><E7/><V114/><F130/><W58/><G58/><T39/><D39/><U12/><E109/><V101/><F114/><W8/><G24/><N who="0" m="14375" /><D6/><U96/><E115/><V28/><F132/><W61/><G61/><T100/><D23/><U126/><E126/><V60/><F108/><W2/><G2/><T123/><D123/><U85/><E96/><AGARI ba="1,0" hai="0,3,93,96,100,124,125,127" m="14375,23951" machi="96" ten="30,2000,0" yaku="18,1,54,1" doraHai="122" who="0" fromWho="1" sc="222,23,357,-23,204,0,217,0" owari="245,5.0,334,43.0,204,-30.0,217,-18.0" /></mjloggm>