<mjloggm ver="2.3"><GO type="169" lobby="0"/><UN n0="%E3%83%89%E3%83%A9%EF%BC%91%EF%BC%92%EF%BC%90%EF%BC%85" n1="%E3%81%9C%E3%82%8D%E3%82%81%E3%81%90" n2="%E5%B0%B1%E6%B4%BB%E7%94%9F%40%E5%B7%9D%E6%9D%91%E8%BB%8D%E5%9B%A3" n3="%E5%89%8D%E6%88%AF%33%30%E5%88%86" dan="16,16,16,16" rate="2026.11,2036.60,2065.29,2144.43" sx="M,F,M,M"/><TAIKYOKU oya="0"/><INIT seed="0,0,0,4,3,106" ten="250,250,250,250" oya="0" hai0="99,74,22,46,28,92,57,112,123,76,58,18,68" hai1="61,39,117,135,122,10,50,38,133,80,14,62,63" hai2="27,94,8,95,104,91,47,45,64,67,19,110,36" hai3="66,49,103,121,9,87,56,6,73,20,69,29,53"/><T79/><D112/><U55/><E117/><V4/><F104/><W102/><G73/><T93/><D123/><U77/><E122/><V26/><F110/><W13/><G121/><T60/><D28/><U83/><E39/><V119/><F119/><W65/><G69/><T32/><D32/><U40/><E40/><V59/><F36/><W70/><G70/><T41/><D68/><U71/><E38/><V98/><F64/><N who="3" m="24683" /><G87/><T7/><D7/><U51/><E71/><V16/><F94/><W75/><G75/><T35/><D35/><U23/><E23/><V90/><F90/><W120/><G120/><T2/><D2/><U1/><E1/><V33/><F4/><W78/><G78/><N who="0" m="29739" /><D74/><N who="1" m="43063" /><E83/><V105/><F105/><W52/><G53/><N who="0" m="33839" /><D58/><U128/><E55/><V108/><F108/><W127/><G127/><T118/><D118/><U12/><E128/><V124/><F124/><W21/><G29/><T25/><D99/><U85/><E85/><V44/><F33/><W126/><G126/><T113/><D113/><U125/><E125/><V101/><F101/><AGARI ba="0,0" hai="6,9,13,20,21,49,52,56,101,102,103" m="24683" machi="101" ten="30,2000,0" yaku="8,1,54,1" doraHai="106" who="3" fromWho="2" sc="250,0,250,0,250,-20,250,20" /><INIT seed="1,0,0,4,0,24" ten="250,250,230,270" oya="1" hai0="60,95,132,134,51,57,107,9,130,126,63,21,36" hai1="52,114,34,113,93,59,58,67,90,11,62,124,131" hai2="18,26,25,8,4,14,6,111,98,74,120,2,109" hai3="31,91,94,100,78,89,106,53,102,64,69,39,32"/><U28/><E124/><V105/><F74/><W65/><G39/><T116/><D107/><U1/><E131/><V44/><F105/><W86/><G78/><T41/><D36/><U88/><E90/><V30/><F98/><W117/><G117/><T10/><D116/><U66/><E66/><V125/><F44/><W77/><G77/><T33/><D33/><U85/><E11/><N who="0" m="4105" /><D126/><U96/><E1/><V103/><F103/><W47/><G106/><T55/><D130/><U38/><E96/><V19/><F125/><W135/><G135/><N who="0" m="51755" /><D41/><U49/><REACH who="1" step="1"/><E38/><REACH who="1" ten="250,240,230,270" step="2"/><V84/><F2/><W48/><G89/><T17/><D95/><U3/><E3/><V81/><F120/><W68/><G65/><T76/><D76/><U70/><E70/><V72/><F4/><W75/><G64/><T0/><D0/><U45/><E45/><V118/><F118/><W22/><G68/><T92/><D92/><U12/><E12/><AGARI ba="0,1" hai="12,17,21,51,55,57,60,63" m="51755,4105" machi="12" ten="30,1000,0" yaku="20,1" doraHai="24" who="0" fromWho="1" sc="250,20,240,-10,230,0,270,0" /><INIT seed="2,0,0,4,4,31" ten="270,230,230,270" oya="2" hai0="5,131,46,115,105,22,2,86,27,7,90,81,68" hai1="125,103,52,18,50,75,114,72,13,93,85,121,129" hai2="64,53,110,128,91,24,19,98,54,43,126,37,67" hai3="89,135,45,30,73,32,77,56,102,17,107,96,6"/><V133/><F126/><W62/><G135/><T71/><D115/><U25/><E114/><V14/><F128/><W106/><G106/><T11/><D131/><U97/><E129/><V33/><F133/><W70/><G6/><T80/><D105/><U35/><E125/><V79/><F79/><W57/><G45/><T61/><D7/><U120/><E85/><V117/><F117/><W36/><G17/><T101/><D101/><U112/><E112/><V48/><F37/><W76/><G36/><T108/><D108/><U21/><E25/><V59/><F43/><W118/><G89/><T38/><D81/><U66/><E66/><V116/><F116/><W82/><G77/><T113/><D113/><U134/><E35/><V0/><F0/><W58/><G118/><T47/><D61/><U83/><E134/><V119/><F54/><W94/><G94/><T20/><D20/><U28/><E28/><V3/><F3/><W124/><G124/><T60/><D60/><U130/><E130/><V111/><F119/><W8/><G8/><T55/><D47/><N who="1" m="27743" /><E83/><V42/><F42/><W65/><G58/><T39/><D39/><U44/><E44/><V74/><F74/><W40/><G40/><N who="0" m="22807" /><D55/><U127/><E127/><V84/><F98/><W132/><G132/><T15/><D2/><U100/><E100/><V88/><F110/><W4/><G4/><T78/><D78/><U123/><AGARI ba="0,0" hai="13,18,21,72,75,93,97,103,120,121,123" m="27743" machi="123" ten="30,2000,0" yaku="13,1,54,1" doraHai="31" who="1" fromWho="1" sc="270,-5,230,20,230,-10,270,-5" /><INIT seed="3,0,0,5,1,92" ten="265,250,220,265" oya="3" hai0="61,9,119,68,91,96,56,99,22,21,120,100,88" hai1="37,11,52,102,23,53,71,14,78,98,114,6,125" hai2="66,85,97,29,95,16,26,20,39,128,7,30,122" hai3="54,58,45,41,75,74,86,5,34,32,25,64,38"/><W124/><G124/><T93/><D119/><U46/><E114/><V73/><F73/><W101/><G5/><T107/><D120/><U15/><E125/><V36/><F128/><W24/><G64/><T0/><D68/><U2/><E71/><V49/><F122/><W62/><G86/><T77/><D77/><U57/><E78/><V87/><F36/><W76/><G101/><T105/><D105/><U67/><E67/><V3/><F3/><W17/><G76/><T134/><D134/><U90/><E90/><N who="2" m="55543" /><F39/><W79/><G79/><T84/><D0/><U43/><E23/><N who="2" m="15583" /><F7/><W4/><G4/><T127/><D9/><U27/><E27/><N who="2" m="14727" /><F30/><W117/><G117/><T40/><D127/><U116/><E116/><V109/><F109/><W133/><G133/><T82/><D40/><U80/><E80/><V19/><F66/><AGARI ba="0,0" hai="21,22,56,61,66,82,84,88,91,93,96,99,100,107" machi="66" ten="30,7700,0" yaku="7,1,52,2,54,1" doraHai="92" who="0" fromWho="2" sc="265,77,250,0,220,-77,265,0" /><INIT seed="4,0,0,3,3,110" ten="342,250,143,265" oya="0" hai0="83,45,107,39,23,6,8,93,120,37,95,72,80" hai1="61,89,25,69,116,92,60,53,124,74,1,51,96" hai2="117,87,14,4,65,43,125,19,77,98,79,113,105" hai3="38,112,55,18,130,108,85,42,40,28,22,57,132"/><T10/><D107/><U109/><E109/><V94/><F4/><W7/><G108/><T30/><D6/><U127/><E116/><V91/><F43/><W21/><G7/><T48/><D48/><U128/><E1/><V115/><F65/><W133/><G38/><T27/><D72/><U34/><E74/><V11/><F117/><W20/><G28/><T84/><D120/><U97/><E128/><V63/><F63/><W16/><G130/><T29/><D84/><U111/><E96/><V101/><REACH who="2" step="1"/><F125/><REACH who="2" ten="342,250,133,265" step="2"/><N who="1" m="48201" /><E111/><V59/><F59/><W76/><G40/><T54/><D54/><U66/><E61/><V35/><F35/><W67/><G42/><T36/><D45/><N who="1" m="27887" /><E34/><V0/><F0/><W86/><G67/><T56/><D56/><U104/><E60/><V129/><F129/><W68/><G57/><T49/><D49/><U13/><E66/><V75/><F75/><W33/><G55/><T123/><D36/><U118/><E118/><V134/><F134/><W26/><G33/><T62/><D37/><U31/><E69/><V70/><F70/><W2/><G68/><T88/><D39/><U90/><E13/><V64/><F64/><W41/><G41/><T82/><D62/><U24/><E24/><V44/><F44/><W58/><G58/><T78/><D27/><U50/><E50/><V81/><F81/><W71/><G26/><T52/><D82/><U46/><E46/><V12/><F12/><W126/><G71/><T122/><D83/><U102/><E25/><V99/><F99/><W47/><G2/><T9/><D80/><U73/><E73/><RYUUKYOKU ba="0,1" sc="342,-10,250,-10,133,30,265,-10" hai2="11,14,19,77,79,87,91,94,98,101,105,113,115" /><INIT seed="5,1,1,0,2,105" ten="332,240,163,255" oya="1" hai0="49,135,42,9,92,115,56,50,119,74,71,98,125" hai1="32,43,57,36,82,100,118,53,46,93,18,116,95" hai2="79,13,110,102,60,123,85,111,30,76,24,69,131" hai3="80,106,0,104,3,126,84,68,28,52,90,83,73"/><U75/><E32/><V81/><F123/><W26/><G68/><T72/><D119/><U114/><E114/><V62/><F131/><W63/><G126/><T27/><D71/><U132/><E132/><V4/><F79/><W51/><G63/><T120/><D120/><U67/><E67/><V121/><F121/><W29/><G29/><T133/><D115/><U19/><E19/><V10/><F102/><W33/><G3/><T39/><D125/><U134/><E134/><N who="0" m="51209" /><D27/><U34/><E34/><V103/><F103/><W11/><G11/><T40/><D9/><U78/><E18/><V66/><REACH who="2" step="1"/><F62/><REACH who="2" ten="332,240,153,255" step="2"/><W70/><G104/><T55/><D39/><U20/><E100/><V35/><AGARI ba="1,2" hai="4,10,13,24,30,35,60,66,69,76,81,85,110,111" machi="35" ten="20,5200,0" yaku="1,1,2,1,0,1,7,1,53,0" doraHai="105" doraHaiUra="96" who="2" fromWho="2" sc="332,-14,240,-27,153,75,255,-14" /><INIT seed="6,0,0,4,4,125" ten="318,213,228,241" oya="2" hai0="39,47,41,123,46,2,13,42,27,101,37,93,62" hai1="110,114,4,81,92,9,45,130,68,25,53,106,24" hai2="26,22,128,72,43,32,35,73,17,0,29,23,10" hai3="87,58,52,59,85,51,112,91,96,88,16,122,8"/><V135/><F43/><W18/><G122/><T86/><D2/><U21/><E106/><V57/><F135/><W50/><G112/><T79/><D123/><U120/><E110/><V61/><F32/><W133/><G96/><T28/><D13/><U124/><E120/><V65/><F22/><W129/><G133/><T71/><D79/><U15/><E68/><V119/><F119/><W104/><G104/><T100/><D71/><U134/><E134/><V3/><F128/><W118/><G118/><T5/><D5/><U31/><E114/><V44/><F44/><W105/><G105/><T48/><D62/><U108/><E108/><V66/><F66/><W107/><G107/><T36/><D48/><N who="1" m="28815" /><E130/><V98/><F98/><W80/><G8/><T109/><D37/><U63/><E124/><V76/><F10/><W75/><G75/><T55/><D55/><U60/><E25/><V70/><F70/><W38/><G38/><T102/><D109/><U67/><E67/><V121/><F121/><W1/><G1/><T19/><D19/><N who="3" m="7209" /><G129/><T14/><D14/><U33/><E33/><V89/><F73/><W94/><G51/><T20/><D86/><U7/><E7/><V40/><F3/><W84/><G85/><T12/><D12/><U117/><E117/><V34/><F0/><W64/><G64/><T11/><D11/><U116/><E116/><V99/><F34/><W30/><G30/><T78/><D78/><U131/><E131/><V97/><F40/><W49/><G49/><T83/><D83/><U77/><E92/><AGARI ba="0,0" hai="20,27,28,36,39,41,42,46,47,92,93,100,101,102" machi="92" ten="40,1300,0" yaku="9,1" doraHai="125" who="0" fromWho="1" sc="318,13,213,-13,228,0,241,0" /><INIT seed="7,0,0,2,3,14" ten="331,200,228,241" oya="3" hai0="38,121,9,29,57,82,39,128,133,94,44,16,135" hai1="97,45,34,74,107,105,62,64,15,123,13,52,84" hai2="55,89,56,3,28,130,127,36,23,98,41,125,19" hai3="71,118,70,58,100,115,61,86,104,119,54,46,101"/><W12/><G104/><T25/><D121/><U131/><E74/><V129/><F3/><W93/><G115/><T24/><D128/><N who="2" m="49258" /><F28/><W106/><G106/><T91/><D82/><U48/><E131/><V114/><F114/><W10/><G70/><T99/><D57/><N who="1" m="36943" /><E34/><V110/><F110/><W126/><G126/><N who="2" m="48137" /><F41/><W88/><G71/><T37/><D44/><U59/><E107/><V65/><F65/><W4/><REACH who="3" step="1"/><G46/><REACH who="3" ten="331,200,228,231" step="2"/><T90/><D37/><U109/><E105/><V32/><F36/><W21/><G21/><N who="0" m="13351" /><D39/><U68/><E123/><V83/><F32/><W103/><AGARI ba="0,1" hai="4,10,12,54,58,61,86,88,93,100,101,103,118,119" machi="103" ten="30,6000,0" yaku="1,1,0,1,54,1,53,0" doraHai="14" doraHaiUra="72" who="3" fromWho="3" sc="331,-20,200,-20,228,-20,231,70" /><INIT seed="7,1,0,4,5,75" ten="311,180,208,301" oya="3" hai0="94,19,87,126,33,121,46,91,104,99,32,47,79" hai1="62,117,64,10,36,127,53,69,95,65,113,129,71" hai2="13,31,41,0,42,106,8,88,115,105,112,59,2" hai3="72,114,92,50,23,118,78,40,6,30,1,68,76"/><W44/><G118/><T39/><D121/><U24/><E117/><V63/><F31/><W17/><G68/><T108/><D108/><U7/><E36/><V98/><F42/><W29/><G72/><T125/><D19/><U27/><E113/><N who="2" m="43595" /><F41/><W80/><G114/><T61/><D61/><U4/><E127/><N who="0" m="48649" /><D104/><N who="2" m="40042" /><F88/><W73/><G76/><T74/><D74/><U66/><E71/><V102/><F98/><W9/><G92/><N who="0" m="54399" /><D79/><U48/><E129/><V86/><F86/><W18/><G18/><T83/><D83/><U82/><E69/><V3/><F102/><W16/><REACH who="3" step="1"/><G16/><REACH who="3" ten="311,180,208,291" step="2"/><T123/><D123/><U20/><E95/><V90/><F90/><W35/><G35/><N who="0" m="13387" /><D39/><U133/><E82/><V132/><F132/><W97/><G97/><T54/><D54/><U14/><E133/><V131/><F131/><W43/><G43/><T28/><D28/><N who="1" m="17415" /><E7/><N who="2" m="1151" /><F13/><AGARI ba="1,1" hai="1,6,9,13,17,23,29,30,40,44,50,73,78,80" machi="13" ten="30,5800,0" yaku="1,1,7,1,52,1,53,0" doraHai="75" doraHaiUra="21" who="3" fromWho="2" sc="311,0,180,0,208,-61,291,71" owari="311,11.0,180,-22.0,147,-35.0,362,46.0" /></mjloggm>