<mjloggm ver="2.3"><GO type="97" lobby="0"/><UN n0="%75%72%69%6E%65%5F" n1="%E3%83%88%E3%83%88%E3%83%AA%E5%85%88%E7%94%9F%31%39%E6%AD%B3" n2="%E3%81%BF%E3%81%AE%E3%81%9B" n3="%E5%8D%83%E7%BE%BD%E3%82%A4%E3%82%A8%E3%82%B9" dan="14,14,14,13" rate="1929.28,2021.10,1899.11,1908.08" sx="M,F,M,M"/><TAIKYOKU oya="0"/><INIT seed="0,0,0,4,3,22" ten="250,250,250,250" oya="0" hai0="62,121,92,26,67,122,78,125,14,80,135,35,40" hai1="10,115,84,41,30,120,38,48,9,51,74,15,105" hai2="33,77,126,124,46,52,61,134,20,75,28,47,53" hai3="87,19,21,83,59,4,1,94,131,73,103,34,27"/><T42/><D135/><U8/><E74/><V97/><F134/><W118/><G118/><T108/><D14/><U72/><E72/><V23/><F33/><W24/><G131/><T32/><D92/><U11/><E120/><V99/><F77/><W3/><G73/><T113/><D78/><U17/><E105/><V79/><F79/><W132/><G132/><T60/><D67/><U127/><E127/><N who="2" m="48683" /><F75/><W71/><G71/><T45/><D125/><U69/><E69/><V70/><F70/><W6/><G3/><T98/><D98/><N who="2" m="37386" /><F61/><W111/><G111/><T112/><D45/><N who="2" m="16906" /><F28/><W5/><G1/><T0/><D0/><U37/><E30/><V50/><F50/><W129/><G129/><T89/><D89/><U104/><E48/><V36/><F36/><W117/><G117/><T91/><D91/><U106/><E37/><V107/><F107/><W86/><G103/><T101/><D101/><U7/><E38/><V102/><F102/><W58/><G34/><T130/><D130/><U12/><E106/><V88/><F88/><N who="3" m="53535" /><G27/><T133/><D133/><U56/><E104/><V2/><F2/><W100/><G100/><T63/><D63/><U123/><E123/><V95/><F95/><W13/><G13/><T109/><D80/><U31/><E15/><V55/><AGARI ba="0,0" hai="20,23,52,53,55" m="16906,37386,48683" machi="55" ten="40,8000,1" yaku="28,2,18,1,54,1" doraHai="22" who="2" fromWho="2" sc="250,-40,250,-20,250,80,250,-20" /><INIT seed="1,0,0,5,1,119" ten="210,230,330,230" oya="1" hai0="21,23,31,114,97,110,12,36,127,82,33,5,124" hai1="98,14,59,3,89,91,13,61,44,115,57,41,131" hai2="101,22,84,109,79,27,123,62,34,6,24,70,9" hai3="18,108,130,128,105,4,72,107,19,48,25,106,66"/><U10/><E115/><V129/><F109/><W86/><G72/><T83/><D36/><U121/><E121/><V118/><F118/><W60/><G4/><T58/><D58/><U37/><E131/><N who="3" m="50218" /><G48/><T17/><D97/><U75/><E75/><V32/><F62/><W20/><G108/><T0/><D110/><U28/><E59/><V87/><F6/><W35/><G35/><T45/><D45/><U71/><E71/><V116/><F32/><W92/><G92/><T63/><D63/><U81/><E3/><V85/><F34/><W134/><G86/><T11/><D83/><U96/><E28/><V51/><F84/><W117/><G134/><T80/><D80/><U38/><E38/><V46/><F87/><W111/><G111/><T65/><D82/><U26/><E81/><V29/><F85/><W99/><G117/><T53/><D53/><U47/><E26/><V54/><F24/><W8/><G8/><N who="0" m="2087" /><D65/><U76/><E76/><V93/><F79/><W94/><G94/><T78/><D78/><U1/><E1/><V122/><F93/><W52/><G99/><T102/><D102/><U67/><E44/><V56/><F101/><W95/><G95/><T133/><D133/><U43/><E43/><V120/><F46/><W50/><G66/><T49/><D49/><U68/><E68/><V113/><F70/><W100/><G60/><T73/><D73/><U77/><E77/><V42/><F129/><W7/><G7/><T30/><D114/><U55/><E67/><V74/><F116/><W126/><G100/><T135/><D135/><U40/><E37/><RYUUKYOKU ba="0,0" sc="210,0,230,0,330,0,230,0" /><INIT seed="2,1,0,5,1,76" ten="210,230,330,230" oya="2" hai0="34,5,108,10,25,16,52,113,84,23,31,109,66" hai1="115,18,61,97,47,102,116,7,106,99,46,93,68" hai2="101,120,6,3,12,19,133,74,45,41,51,63,119" hai3="88,49,79,29,69,8,4,124,121,24,132,100,57"/><V77/><F119/><W43/><G69/><T118/><D66/><U87/><E116/><V110/><F120/><W39/><G121/><T0/><D118/><U14/><E115/><V37/><F110/><N who="0" m="42602" /><D84/><U30/><E7/><V67/><F133/><W70/><G70/><T94/><D94/><U112/><E112/><V28/><F28/><W98/><G132/><T1/><D113/><U13/><E13/><V83/><F101/><W96/><G124/><T11/><D52/><U27/><E87/><V104/><F104/><W134/><G134/><T114/><D114/><U64/><E93/><V17/><F51/><W86/><G79/><T65/><D65/><U81/><E81/><V21/><F19/><W32/><G39/><T38/><D38/><U92/><E14/><V15/><F15/><W123/><G123/><T58/><D58/><U36/><E18/><V9/><F67/><W59/><G59/><T117/><D117/><U22/><E36/><V44/><F44/><W20/><G32/><T107/><D107/><U53/><E53/><V135/><F135/><W85/><G85/><T78/><D78/><U33/><REACH who="1" step="1"/><E22/><REACH who="1" ten="210,220,330,230" step="2"/><V126/><F126/><W129/><G129/><T2/><D5/><U35/><E35/><V89/><F37/><W128/><G128/><T125/><D125/><U91/><AGARI ba="1,1" hai="27,30,33,46,47,61,64,68,91,92,97,99,102,106" machi="91" ten="20,8000,1" yaku="1,1,0,1,7,1,25,2,53,0" doraHai="76" doraHaiUra="73" who="1" fromWho="1" sc="210,-21,220,93,330,-41,230,-21" /><INIT seed="3,0,0,0,3,122" ten="189,313,289,209" oya="3" hai0="69,85,29,48,130,76,1,73,88,106,105,6,97" hai1="47,5,100,49,25,54,132,117,31,79,21,109,41" hai2="67,19,78,61,60,96,7,133,43,34,129,11,115" hai3="16,99,59,93,74,77,108,57,23,0,131,113,10"/><W28/><G113/><T107/><D69/><U38/><E109/><V42/><F115/><W120/><G120/><T112/><D112/><U45/><E132/><V8/><F129/><W82/><G131/><T127/><D130/><U18/><E117/><V104/><F133/><W46/><G28/><T134/><D29/><U33/><E79/><V62/><F34/><W111/><G46/><T83/><D134/><U72/><E72/><V15/><F78/><W125/><G125/><T52/><D127/><U110/><E110/><N who="3" m="42026" /><G10/><T9/><D97/><U50/><E100/><V26/><F67/><W2/><G2/><T114/><D114/><U81/><E31/><V92/><F104/><W102/><G0/><T17/><D17/><U124/><E5/><V36/><F36/><W35/><G35/><T95/><REACH who="0" step="1"/><D107/><REACH who="0" ten="179,313,289,209" step="2"/><U116/><E124/><V68/><F68/><W118/><G118/><T86/><D86/><U58/><E116/><V65/><F65/><W13/><AGARI ba="0,1" hai="13,16,23,57,59,74,77,82,93,99,102" m="42026" machi="13" ten="30,18000,2" yaku="14,1,10,1,52,3,54,1" doraHai="122" who="3" fromWho="3" sc="179,-60,313,-60,289,-60,209,190" owari="119,-38.0,253,5.0,229,-17.0,399,50.0" /></mjloggm>