<mjloggm ver="2.3"><GO type="41" lobby="0"/><UN n0="%E9%80%9F%E3%81%84%E5%B2%A9" n1="%E5%B0%B1%E6%B4%BB%E7%94%9F%40%E5%B7%9D%E6%9D%91%E8%BB%8D%E5%9B%A3" n2="%79%61%6D%61%6D%6F%33%34" n3="%63%68%6F%6E%6A%69" dan="14,15,14,14" rate="1940.96,1979.23,1918.69,1907.46" sx="M,M,M,M"/><TAIKYOKU oya="0"/><INIT seed="0,0,0,4,0,22" ten="250,250,250,250" oya="0" hai0="89,119,83,115,129,20,71,53,81,66,27,40,134" hai1="7,113,23,87,125,5,13,41,2,51,99,133,28" hai2="60,108,90,1,121,91,109,35,59,73,120,127,57" hai3="104,98,76,118,44,124,111,79,42,131,101,50,135"/><T86/><D119/><U128/><E2/><V34/><F1/><W65/><G118/><T85/><D40/><U10/><E113/><V24/><F73/><W61/><G135/><T103/><D103/><U100/><E128/><V4/><F4/><W17/><G131/><T18/><D129/><U67/><E125/><V54/><F60/><W16/><G111/><T31/><D134/><U0/><E133/><V96/><F96/><W39/><G39/><T122/><D122/><U68/><E68/><V11/><F11/><W64/><G124/><T47/><D71/><U55/><E67/><V15/><F15/><W69/><REACH who="3" step="1"/><G65/><REACH who="3" ten="250,250,250,240" step="2"/><T107/><D66/><U105/><E41/><V62/><F127/><W43/><G43/><T70/><D115/><U88/><E0/><V112/><F112/><W116/><G116/><T19/><D70/><U21/><E28/><V110/><F110/><W82/><G82/><T80/><D80/><U97/><E5/><V72/><F54/><W36/><G36/><T52/><D107/><U123/><E123/><V30/><F30/><W94/><G94/><T37/><D37/><U77/><E105/><V12/><F121/><W93/><G93/><T84/><D53/><U75/><E7/><V29/><F29/><W49/><G49/><N who="0" m="28735" /><D83/><U45/><E55/><V74/><F120/><W48/><G48/><T3/><D3/><U58/><E51/><V130/><F130/><W6/><G6/><T117/><D117/><U56/><E45/><V46/><F46/><W33/><G33/><T95/><D81/><U78/><E75/><V132/><F132/><RYUUKYOKU ba="0,1" sc="250,15,250,-15,250,-15,240,15" hai0="18,19,20,27,31,84,85,86,89,95" hai3="16,17,42,44,50,61,64,69,76,79,98,101,104" /><INIT seed="0,1,1,2,2,112" ten="265,235,235,255" oya="0" hai0="57,121,97,19,39,120,25,27,100,128,4,31,6" hai1="10,107,117,3,125,21,89,113,77,24,119,116,63" hai2="46,68,81,88,83,41,69,105,126,0,108,115,132" hai3="15,111,33,67,104,85,129,109,82,94,87,17,66"/><T14/><D39/><U22/><E113/><V40/><F0/><W78/><G104/><T61/><D128/><U32/><E107/><V12/><F105/><W102/><G33/><T56/><D56/><U76/><E125/><V34/><F34/><W9/><G129/><T29/><D120/><U42/><E42/><V135/><F115/><W44/><G44/><T36/><D36/><U30/><E89/><V60/><F60/><W90/><REACH who="3" step="1"/><G102/><REACH who="3" ten="265,235,235,245" step="2"/><T73/><D121/><U48/><E76/><V51/><F126/><W91/><G91/><T72/><D100/><U18/><E77/><V110/><F88/><W99/><G99/><T118/><D97/><U7/><E48/><V96/><F51/><W86/><G86/><T70/><D72/><U130/><E130/><V53/><F96/><W2/><G2/><T106/><D106/><U49/><E49/><V65/><F46/><W35/><G35/><T71/><D73/><U62/><REACH who="1" step="1"/><E32/><REACH who="1" ten="265,225,235,245" step="2"/><V5/><F41/><W54/><G54/><T16/><D70/><U79/><E79/><V45/><F53/><W93/><G93/><T98/><D71/><U38/><E38/><V1/><F69/><W123/><G123/><T127/><D127/><U114/><E114/><V47/><F68/><W8/><G8/><T84/><D98/><U64/><E64/><AGARI ba="1,3" hai="9,15,17,64,66,67,78,82,85,87,90,94,109,111" machi="64" ten="40,1300,0" yaku="1,1,53,0" doraHai="112" doraHaiUra="28" who="3" fromWho="1" sc="265,0,225,-16,235,0,245,46" /><INIT seed="1,0,0,1,3,57" ten="265,209,235,291" oya="1" hai0="48,100,97,92,60,128,29,15,16,39,96,127,133" hai1="35,51,49,66,31,40,99,47,106,89,112,73,123" hai2="122,79,114,111,54,43,129,88,26,33,125,78,58" hai3="52,32,42,37,94,2,17,69,63,5,76,105,11"/><U1/><E123/><V83/><F122/><W130/><G105/><T109/><D109/><U14/><E1/><V87/><F111/><W131/><G32/><T95/><D39/><U113/><E73/><V120/><F114/><W118/><G118/><T70/><D133/><U0/><E0/><V12/><F43/><W103/><G17/><T59/><D70/><U84/><E66/><V121/><F129/><N who="3" m="49163" /><G76/><T65/><D128/><U72/><E72/><V24/><F125/><W19/><G19/><T135/><D135/><U61/><E61/><V62/><F79/><W46/><G94/><T30/><D48/><U107/><E35/><V80/><F26/><W36/><G103/><N who="0" m="60807" /><D127/><U18/><E31/><V34/><F34/><W82/><G82/><T9/><AGARI ba="0,0" hai="9,15,16,29,30,59,60,65,95,97,100" m="60807" machi="9" ten="30,4000,0" yaku="8,1,52,1,54,1" doraHai="57" who="0" fromWho="0" sc="265,40,209,-20,235,-10,291,-10" /><INIT seed="2,0,0,3,2,36" ten="305,189,225,281" oya="2" hai0="6,74,28,71,123,87,48,25,119,135,115,5,79" hai1="30,27,9,78,108,37,130,57,107,4,39,93,114" hai2="109,72,94,102,97,68,127,75,73,62,44,131,24" hai3="17,124,125,76,106,126,67,18,40,41,56,19,99"/><V129/><F24/><W100/><G76/><T7/><D71/><U3/><E107/><V105/><F68/><W65/><G65/><T86/><D74/><U59/><E114/><V0/><F0/><W84/><G84/><T110/><D123/><U10/><E108/><V70/><F70/><W90/><G90/><T104/><D110/><U52/><E130/><N who="2" m="49675" /><F62/><AGARI ba="0,0" hai="17,18,19,40,41,56,62,67,99,100,106,124,125,126" machi="62" ten="50,6400,0" yaku="18,1,52,2" doraHai="36" who="3" fromWho="2" sc="305,0,189,0,225,-64,281,64" /><INIT seed="3,0,0,2,0,5" ten="305,189,161,345" oya="3" hai0="22,65,70,19,52,39,74,55,85,21,13,90,45" hai1="77,111,130,24,89,109,51,73,7,48,83,123,59" hai2="87,134,116,56,112,125,92,60,94,37,76,128,132" hai3="110,124,133,105,114,108,78,98,62,50,135,20,3"/><W103/><G3/><T97/><D74/><U10/><E123/><V53/><F37/><W66/><G114/><T84/><D70/><U43/><E130/><V18/><F116/><W79/><G50/><N who="0" m="28751" /><D65/><U99/><E24/><V29/><F128/><W88/><G20/><N who="0" m="11375" /><D39/><U63/><E43/><V11/><F112/><W4/><G4/><T41/><D41/><U57/><E57/><V69/><F69/><W1/><G1/><T8/><D8/><U100/><E89/><V115/><F115/><W42/><G42/><T2/><D2/><U25/><E25/><V113/><F113/><W106/><G106/><T44/><D97/><U9/><E7/><V107/><F107/><W17/><G17/><T58/><D44/><U102/><E51/><V67/><F29/><W35/><G35/><T121/><D85/><U131/><E48/><V47/><F47/><W32/><G32/><T122/><D122/><U6/><E6/><V126/><F67/><W27/><G27/><T119/><D119/><U81/><E131/><V54/><F54/><W64/><G64/><T96/><D96/><U23/><E23/><V91/><F76/><N who="3" m="29227" /><G62/><N who="0" m="36191" /><D121/><U15/><E59/><V14/><REACH who="2" step="1"/><F94/><AGARI ba="0,0" hai="21,22,84,90,94" m="36191,11375,28751" machi="94" ten="30,2000,0" yaku="8,1,54,1" doraHai="5" who="0" fromWho="2" sc="305,20,189,0,161,-20,345,0" /><INIT seed="4,0,0,0,1,26" ten="325,189,141,345" oya="0" hai0="102,5,23,71,129,47,28,125,101,1,95,113,89" hai1="110,115,123,62,43,127,44,12,133,16,33,15,100" hai2="120,19,29,56,10,104,80,38,14,42,116,124,21" hai3="93,122,35,66,108,75,32,73,48,83,55,0,30"/><T17/><D71/><U3/><E123/><V72/><F104/><W118/><G108/><T91/><D113/><U67/><E110/><V20/><F120/><W60/><G118/><T68/><D68/><U52/><E3/><V112/><F116/><W24/><G0/><T63/><D63/><U36/><E33/><V49/><F38/><W77/><G93/><T114/><D114/><U4/><E115/><V98/><F112/><W76/><G122/><T13/><D125/><U109/><E109/><V94/><F124/><W41/><G41/><T6/><D1/><U59/><E127/><V82/><F72/><W130/><G130/><T103/><D129/><U70/><E133/><V69/><F69/><W50/><G35/><T58/><D58/><U37/><E37/><V45/><F56/><W51/><G66/><T54/><D28/><U57/><E100/><V85/><F85/><W40/><G60/><T27/><D91/><U53/><E4/><V46/><F46/><W97/><G97/><T117/><D27/><U11/><E12/><V86/><F86/><W111/><G40/><T135/><D135/><U88/><E88/><V9/><F9/><W25/><G25/><T92/><D92/><U64/><REACH who="1" step="1"/><E70/><REACH who="1" ten="325,179,141,345" step="2"/><V34/><F34/><W78/><G111/><T132/><D132/><U128/><E128/><V87/><F14/><W74/><REACH who="3" step="1"/><G83/><REACH who="3" ten="325,179,141,335" step="2"/><T18/><D117/><U90/><E90/><V131/><F82/><W31/><G31/><T22/><D89/><U39/><E39/><V61/><F29/><W65/><G65/><T8/><D101/><U79/><E79/><RYUUKYOKU ba="0,2" sc="325,-15,179,15,141,-15,335,15" hai1="11,15,16,36,43,44,52,53,57,59,62,64,67" hai3="24,30,32,48,50,51,55,73,74,75,76,77,78" /><INIT seed="5,1,2,1,2,0" ten="310,194,126,350" oya="1" hai0="94,24,101,10,20,85,102,52,35,5,6,119,129" hai1="86,131,9,124,34,109,115,105,127,118,48,46,116" hai2="98,36,60,7,113,55,75,128,37,76,120,96,92" hai3="27,125,16,59,3,50,111,88,82,28,133,108,100"/><U39/><E105/><V8/><F120/><W87/><G133/><T54/><D35/><U62/><E34/><V44/><F128/><W78/><G125/><N who="1" m="48202" /><E86/><V26/><F98/><W17/><G100/><N who="0" m="38507" /><D119/><N who="1" m="45611" /><E9/><V130/><F130/><W57/><G3/><T104/><D104/><U47/><E131/><V70/><F76/><W45/><G78/><T89/><D129/><U84/><E84/><V66/><F75/><W22/><G111/><T83/><D83/><U135/><E109/><V51/><F26/><W1/><G1/><T80/><D80/><U23/><E23/><V77/><F77/><W132/><G132/><T73/><D73/><U53/><E135/><V19/><F19/><N who="3" m="7243" /><G108/><T4/><D10/><U13/><E13/><V69/><F69/><W74/><G74/><T56/><D56/><N who="1" m="35087" /><E115/><V42/><F113/><W103/><G103/><T106/><D106/><U30/><E30/><AGARI ba="1,2" hai="4,5,6,20,24,30,52,54,85,89,94" m="38507" machi="30" ten="30,8000,1" yaku="8,1,52,3,54,1" doraHai="0" who="0" fromWho="1" sc="310,103,194,-83,126,0,350,0" /><INIT seed="6,0,0,0,1,108" ten="413,111,126,350" oya="2" hai0="126,50,24,134,130,35,40,3,122,119,85,79,65" hai1="113,121,22,100,90,55,88,102,80,37,109,87,135" hai2="7,6,68,18,63,75,26,124,51,66,32,2,27" hai3="97,104,45,95,72,10,120,115,129,117,4,30,36"/><V8/><F75/><W56/><G120/><T91/><D65/><U5/><E109/><V123/><F123/><W62/><G104/><T83/><D24/><U99/><E37/><V73/><F73/><W67/><G117/><T92/><D50/><U47/><E121/><V29/><F124/><W59/><G59/><T25/><D40/><U21/><E135/><V105/><F7/><W74/><G129/><T31/><D3/><U61/><E113/><V78/><F78/><W13/><G115/><T127/><D130/><U60/><E5/><V12/><F27/><W93/><G93/><T125/><D122/><U77/><E47/><V133/><F105/><W110/><G110/><T103/><D103/><N who="1" m="39467" /><E55/><V96/><F96/><W43/><G30/><T128/><D128/><U70/><E70/><V64/><F64/><W11/><G11/><T16/><D16/><U106/><E106/><V54/><F133/><W1/><G1/><T42/><D42/><U107/><E107/><V82/><F82/><W94/><G94/><T118/><D134/><U53/><E53/><V38/><F38/><W98/><G95/><T9/><D9/><U19/><E21/><N who="2" m="11463" /><F54/><W101/><G101/><T14/><REACH who="0" step="1"/><D14/><REACH who="0" ten="403,111,126,350" step="2"/><N who="1" m="9591" /><E99/><AGARI ba="0,1" hai="25,31,35,79,83,85,91,92,99,118,119,125,126,127" machi="99" ten="40,2600,0" yaku="1,1,18,1,53,0" doraHai="108" doraHaiUra="17" who="0" fromWho="1" sc="403,36,111,-26,126,0,350,0" /><INIT seed="7,0,0,1,4,57" ten="439,85,126,350" oya="3" hai0="8,116,24,114,56,118,33,108,67,133,90,131,124" hai1="12,77,50,46,65,51,43,54,19,86,75,15,9" hai2="66,105,117,2,115,119,112,128,72,120,14,107,76" hai3="85,132,87,100,61,16,5,111,1,36,78,7,64"/><W95/><G132/><T21/><D33/><U68/><E75/><V45/><F2/><W22/><G36/><T129/><D108/><U53/><E68/><V10/><F66/><W63/><G111/><T96/><D133/><U17/><E65/><V37/><F37/><W29/><G29/><T103/><D90/><U71/><E71/><V26/><F45/><W28/><G28/><T3/><D124/><U11/><REACH who="1" step="1"/><E50/><REACH who="1" ten="439,75,126,350" step="2"/><V31/><F72/><W88/><G64/><T101/><D67/><U121/><E121/><V113/><F120/><W13/><G100/><T83/><D103/><U81/><AGARI ba="0,1" hai="9,11,12,15,17,19,43,46,51,53,54,77,81,86" machi="81" ten="30,8000,1" yaku="1,1,0,1,9,1,8,1,53,1" doraHai="57" doraHaiUra="82" who="1" fromWho="1" sc="439,-20,75,90,126,-20,350,-40" owari="419,51.0,165,-23.0,106,-39.0,310,11.0" /></mjloggm>