<mjloggm ver="2.3"><GO type="169" lobby="0"/><UN n0="%E3%81%B2%E3%81%90%E3%81%A1" n1="%E3%82%A6%E3%83%AB%E3%83%88%E3%83%A9%E7%AB%8B%E7%9B%B4" n2="%23%37%34%E5%A4%A7%E6%B2%BB%E9%83%8E" n3="%74%61%6E%61%4B%61" dan="16,16,16,17" rate="2095.70,2110.07,2129.96,2178.07" sx="M,M,M,M"/><TAIKYOKU oya="0"/><INIT seed="0,0,0,2,2,125" ten="250,250,250,250" oya="0" hai0="39,53,32,16,71,124,96,85,97,51,116,131,119" hai1="94,35,20,99,106,13,132,129,42,50,31,110,25" hai2="12,103,70,5,91,55,57,69,40,81,48,122,44" hai3="33,77,107,80,29,121,11,135,9,130,28,36,83"/><T52/><D39/><U41/><E106/><V92/><F122/><W117/><G107/><T113/><D32/><U68/><E68/><V114/><F114/><W34/><G117/><T8/><D71/><U3/><E3/><V88/><F103/><W30/><G36/><T58/><D113/><U65/><E65/><V23/><F81/><W7/><G121/><T6/><D124/><U134/><E50/><V79/><F79/><W84/><G135/><N who="1" m="51754" /><E110/><V60/><F91/><W126/><G126/><T127/><D127/><U75/><E75/><V46/><F46/><W87/><G130/><T49/><D131/><U61/><E61/><V101/><F101/><W47/><G47/><N who="0" m="27711" /><D119/><U89/><E129/><V115/><F115/><W108/><G108/><T26/><D116/><U18/><AGARI ba="0,0" hai="13,18,20,25,31,35,41,42,89,94,99" m="51754" machi="18" ten="30,1100,0" yaku="20,1" doraHai="125" who="1" fromWho="1" sc="250,-5,250,11,250,-3,250,-3" /><INIT seed="1,0,0,0,0,109" ten="245,261,247,247" oya="1" hai0="45,132,28,3,79,122,42,4,99,87,76,1,66" hai1="91,69,30,60,117,12,116,55,29,80,8,98,49" hai2="11,51,125,131,63,95,31,61,56,68,32,81,110" hai3="37,130,27,5,89,52,103,105,39,123,135,86,13"/><U10/><E116/><V134/><F110/><W113/><G123/><T71/><D28/><U124/><E117/><V35/><F68/><W59/><G130/><T102/><D79/><U77/><E124/><V20/><F125/><W48/><G113/><T78/><D76/><U96/><E60/><V85/><F131/><W57/><G135/><T94/><D132/><U0/><E69/><V108/><F108/><W73/><G73/><T114/><D122/><U6/><E29/><V17/><F134/><W38/><G27/><T106/><D114/><U50/><E30/><V84/><F11/><W26/><G26/><T83/><D4/><U25/><E25/><V46/><F31/><W112/><G112/><T44/><D44/><U15/><E0/><V43/><F95/><W82/><G103/><T21/><D21/><U90/><E77/><V2/><F2/><W22/><G105/><T70/><D70/><U118/><E118/><V93/><F93/><W104/><G104/><T41/><D41/><U14/><E14/><V75/><F75/><W58/><REACH who="3" step="1"/><G22/><REACH who="3" ten="245,261,247,237" step="2"/><T133/><D133/><U7/><E80/><V9/><F81/><W65/><G65/><T115/><D115/><U111/><E111/><V67/><F67/><W127/><G127/><T88/><D66/><U101/><E101/><V18/><F20/><W64/><G64/><T53/><D71/><U24/><E24/><V16/><F32/><W107/><G107/><T19/><D106/><U47/><E55/><V36/><F35/><W128/><G128/><T74/><D53/><U34/><E34/><V40/><F43/><RYUUKYOKU ba="0,1" sc="245,-15,261,15,247,-15,237,15" hai1="6,7,8,10,12,15,47,49,50,90,91,96,98" hai3="5,13,37,38,39,48,52,57,58,59,82,86,89" /><INIT seed="1,1,1,2,5,29" ten="230,276,232,252" oya="1" hai0="101,25,30,64,54,44,86,38,41,76,11,31,39" hai1="26,45,87,7,36,50,57,23,9,78,24,2,94" hai2="129,103,91,122,95,106,17,8,82,102,43,49,84" hai3="81,117,71,63,89,74,93,130,116,48,114,62,14"/><U111/><E111/><V90/><F122/><W134/><G114/><T6/><D101/><U3/><E36/><V125/><F125/><W55/><G130/><T52/><D31/><U118/><E118/><N who="3" m="45674" /><G134/><T128/><D128/><U61/><E3/><V85/><F106/><W32/><G32/><T47/><D64/><U88/><E78/><V35/><F35/><W73/><G14/><T21/><D76/><U83/><E83/><V105/><F105/><W67/><G62/><T56/><D86/><U97/><E87/><V37/><F37/><W98/><G81/><T42/><REACH who="0" step="1"/><D56/><AGARI ba="1,1" hai="48,55,56,63,67,71,73,74,89,93,98" m="45674" machi="56" ten="30,1000,0" yaku="12,1" doraHai="29" who="3" fromWho="0" sc="230,-13,276,0,232,0,252,23" /><INIT seed="2,0,0,3,4,72" ten="217,276,232,275" oya="2" hai0="91,90,40,108,31,97,115,117,109,85,88,110,128" hai1="44,121,67,87,18,53,10,16,100,60,58,93,6" hai2="123,28,77,48,38,42,14,47,75,20,80,120,3" hai3="63,43,25,125,134,130,122,36,84,133,54,96,111"/><V83/><F3/><W15/><G122/><T1/><D1/><U103/><E121/><V2/><F2/><W79/><G111/><T124/><D31/><U82/><E6/><V21/><F48/><W78/><G130/><T102/><D40/><U70/><E70/><V69/><F69/><W49/><G125/><T34/><D34/><U27/><E93/><V105/><F105/><W62/><G96/><T7/><D7/><U61/><E27/><V35/><F35/><W59/><G25/><T12/><D12/><N who="1" m="7191" /><E18/><V57/><F57/><W81/><G15/><T39/><D39/><U22/><E22/><V0/><F0/><W65/><G62/><T114/><D128/><U64/><E61/><V23/><F28/><W119/><G119/><T99/><D124/><U104/><E104/><V106/><F106/><W71/><REACH who="3" step="1"/><G79/><REACH who="3" ten="217,276,232,265" step="2"/><T13/><D13/><U89/><E67/><V37/><F14/><W24/><G24/><T129/><D129/><U131/><E131/><V95/><F123/><W126/><G126/><T45/><D117/><U92/><E64/><V86/><F120/><W52/><G52/><T68/><D99/><U5/><E53/><V127/><F127/><W55/><G55/><T41/><D97/><U98/><E60/><V135/><F77/><W29/><G29/><T8/><D109/><U32/><E5/><V50/><F42/><W118/><G118/><T51/><D110/><U56/><E103/><V112/><F112/><W30/><G30/><T33/><D102/><U94/><E100/><V9/><F38/><W17/><G17/><T101/><D108/><RYUUKYOKU ba="0,1" sc="217,-10,276,-10,232,-10,265,30" hai3="36,43,49,54,59,63,65,71,78,81,84,133,134" /><INIT seed="3,1,1,4,2,60" ten="207,266,222,295" oya="3" hai0="134,64,38,86,131,70,103,65,96,74,24,79,29" hai1="68,90,89,76,34,105,23,4,92,48,28,10,97" hai2="55,100,44,13,42,61,94,0,19,6,50,51,36" hai3="62,106,81,18,21,104,93,41,101,53,71,127,11"/><W112/><G112/><T110/><D38/><U47/><E34/><V123/><F123/><W22/><G127/><T63/><D110/><U117/><E105/><V135/><F135/><W111/><G111/><T122/><D122/><U113/><E113/><V26/><F26/><W66/><G41/><T69/><D86/><U78/><E68/><V2/><F6/><W98/><G81/><N who="0" m="45303" /><D131/><U124/><E124/><V5/><F5/><W132/><G132/><T102/><D102/><U25/><E89/><V8/><F36/><W114/><G114/><T91/><D91/><U16/><E28/><V67/><F94/><W1/><G53/><T58/><D134/><U35/><E35/><V118/><F100/><W54/><G54/><T87/><D87/><U33/><E33/><V12/><F12/><W17/><G1/><T80/><D80/><U109/><E109/><V126/><F126/><W37/><G37/><T95/><D65/><U27/><E27/><V120/><F120/><W31/><G31/><T85/><D85/><U40/><REACH who="1" step="1"/><E117/><REACH who="1" ten="207,256,222,295" step="2"/><V39/><F118/><W88/><G106/><T129/><D129/><U75/><E75/><V115/><F115/><W3/><G104/><T82/><D69/><U130/><E130/><V7/><F7/><W15/><G71/><T57/><D24/><U99/><E99/><V83/><F19/><W52/><G17/><T14/><D29/><U121/><E121/><V59/><F13/><AGARI ba="1,2" hai="4,10,13,16,23,25,40,47,48,76,78,90,92,97" machi="13" ten="30,7700,0" yaku="1,1,7,1,8,1,54,1,53,0" doraHai="60" doraHaiUra="128" who="1" fromWho="2" sc="207,0,256,100,222,-80,295,0" /><INIT seed="4,0,0,3,1,20" ten="207,356,142,295" oya="0" hai0="23,116,91,56,75,15,13,77,114,47,122,119,93" hai1="110,60,131,67,1,117,81,92,32,120,78,96,98" hai2="7,43,3,31,48,6,53,39,104,109,28,50,129" hai3="128,108,94,121,62,135,79,34,37,22,89,44,5"/><T124/><D122/><U106/><E1/><V86/><F104/><W36/><G108/><T40/><D114/><U59/><E120/><V16/><F109/><W100/><G34/><T61/><D124/><U0/><E0/><V9/><F129/><W72/><G128/><T21/><D75/><U8/><E110/><V14/><F39/><W18/><G100/><T65/><D77/><U90/><E32/><V10/><F43/><W107/><G107/><T17/><D23/><U68/><E117/><V126/><F126/><W55/><G135/><T99/><REACH who="0" step="1"/><D13/><REACH who="0" ten="197,356,142,295" step="2"/><U73/><E131/><V133/><F133/><W80/><G121/><T125/><D125/><U64/><E78/><V127/><F127/><W51/><G79/><T58/><D58/><U74/><E59/><V41/><F6/><W26/><G5/><T66/><D66/><U84/><E67/><V70/><F70/><W24/><G72/><T33/><D33/><U45/><E64/><V19/><F19/><W111/><G111/><T42/><D42/><U54/><E73/><V25/><F41/><W63/><G18/><T71/><D71/><U105/><E74/><V118/><F118/><W97/><G22/><T134/><D134/><U132/><E68/><V103/><F3/><W27/><G37/><AGARI ba="0,1" hai="15,17,21,37,40,47,56,61,65,91,93,99,116,119" machi="37" ten="30,2900,0" yaku="1,1,7,1,53,0" doraHai="20" doraHaiUra="101" who="0" fromWho="3" sc="197,39,356,0,142,0,295,-29" /><INIT seed="4,1,0,4,2,111" ten="236,356,142,266" oya="0" hai0="75,34,73,110,82,38,117,100,104,28,21,59,79" hai1="57,112,103,122,86,15,14,126,131,8,30,37,101" hai2="6,68,56,60,129,12,113,125,19,67,31,16,133" hai3="44,40,99,20,78,130,84,81,24,43,62,69,98"/><T95/><D38/><U74/><E74/><V109/><F109/><W52/><G130/><T32/><D104/><U1/><E122/><V22/><F129/><W77/><G77/><T132/><D73/><U55/><E37/><V119/><F31/><W26/><G26/><N who="0" m="16463" /><D110/><U102/><E131/><V9/><F133/><W10/><G10/><T51/><D51/><U0/><E30/><V72/><F72/><W35/><G35/><T41/><D41/><N who="3" m="15945" /><G69/><T58/><D58/><U87/><E1/><V11/><F125/><W50/><G62/><T116/><D32/><U108/><E0/><V25/><F119/><W5/><G5/><T85/><D34/><U3/><E3/><V106/><F106/><W17/><AGARI ba="1,0" hai="17,20,24,44,50,52,78,81,84,98,99" m="15945" machi="17" ten="30,2000,0" yaku="8,1,54,1" doraHai="111" who="3" fromWho="3" sc="236,-11,356,-6,142,-6,266,23" /><INIT seed="5,0,0,4,5,71" ten="225,350,136,289" oya="1" hai0="89,29,44,20,120,21,87,117,114,53,25,35,56" hai1="80,12,17,22,99,84,113,66,14,94,48,131,41" hai2="104,40,9,105,69,118,51,85,100,110,7,0,125" hai3="58,31,73,132,78,127,30,42,129,24,6,102,98"/><U123/><E123/><V61/><F85/><W49/><G129/><T43/><D117/><U92/><E113/><V130/><F51/><W54/><G127/><T115/><D120/><U109/><E131/><V32/><F118/><W74/><G132/><T96/><D96/><U50/><E109/><V59/><F59/><W68/><G68/><T77/><D77/><U10/><E66/><N who="2" m="41167" /><F130/><W91/><G31/><T75/><D75/><U72/><E72/><V103/><F103/><W126/><G126/><T116/><D116/><U90/><E41/><V13/><F13/><W8/><G91/><T135/><D135/><U34/><E34/><V64/><F125/><W70/><G70/><T37/><D114/><U128/><E128/><V2/><F64/><W18/><G18/><T3/><D3/><U121/><E121/><V119/><F119/><W46/><G78/><T55/><D55/><U60/><E60/><V62/><F62/><W27/><G27/><T63/><REACH who="0" step="1"/><D115/><REACH who="0" ten="215,350,136,289" step="2"/><U81/><E99/><N who="2" m="61471" /><F110/><W16/><G98/><T122/><D122/><U76/><E84/><V28/><F105/><W134/><G74/><T39/><D39/><U45/><E90/><V19/><F40/><W65/><G73/><T101/><D101/><U15/><E76/><V79/><F79/><W106/><G102/><T26/><D26/><U33/><E15/><N who="2" m="7663" /><F7/><W57/><G6/><T95/><AGARI ba="0,1" hai="20,21,25,29,35,37,43,44,53,56,63,87,89,95" machi="95" ten="20,8000,1" yaku="1,1,0,1,7,1,52,1,53,1" doraHai="71" doraHaiUra="82" who="0" fromWho="0" sc="215,90,350,-40,136,-20,289,-20" /><INIT seed="6,0,0,0,3,28" ten="305,310,116,269" oya="2" hai0="13,88,58,117,74,3,35,51,65,100,15,86,84" hai1="52,31,108,41,27,79,57,67,107,104,59,45,9" hai2="90,64,135,18,10,80,131,48,124,125,50,33,116" hai3="7,126,11,69,61,102,1,122,54,121,96,20,56"/><V24/><F116/><W93/><G126/><N who="2" m="48745" /><F64/><W101/><G69/><T68/><D3/><U25/><E108/><V17/><F135/><W92/><REACH who="3" step="1"/><G20/><REACH who="3" ten="305,310,116,259" step="2"/><T99/><D68/><U83/><E9/><V81/><F131/><W110/><G110/><T113/><D117/><U94/><E107/><V29/><F10/><W40/><G40/><T49/><D74/><U30/><E104/><V130/><F130/><W95/><G95/><T133/><D133/><U118/><E94/><V36/><F36/><W103/><G103/><T42/><D100/><U82/><E41/><V123/><F123/><W6/><G6/><T34/><D42/><U120/><E120/><V132/><F132/><W53/><G53/><T73/><D73/><U75/><E52/><V114/><F114/><W38/><G38/><T66/><D113/><U111/><E75/><V134/><F134/><W2/><G2/><T115/><D115/><U98/><E111/><V70/><F70/><W32/><G32/><T89/><D99/><AGARI ba="0,1" hai="1,7,11,54,56,61,92,93,96,99,101,102,121,122" machi="99" ten="40,2600,0" yaku="1,1,9,1,53,0" doraHai="28" doraHaiUra="21" who="3" fromWho="0" sc="305,-26,310,0,116,0,259,36" /><INIT seed="7,0,0,2,3,1" ten="279,310,116,295" oya="3" hai0="46,123,36,57,56,61,72,86,28,73,127,60,50" hai1="21,111,31,5,63,107,6,33,68,4,133,99,22" hai2="120,29,8,44,11,7,124,35,38,128,16,55,41" hai3="109,102,91,34,78,129,93,112,95,117,82,106,52"/><W66/><G117/><T48/><D28/><U10/><E10/><V89/><F120/><W103/><G34/><T81/><D123/><U90/><E90/><V130/><F124/><W122/><G66/><T42/><D127/><U105/><E105/><V70/><F70/><W97/><G52/><N who="0" m="33831" /><D72/><U0/><E0/><V135/><F135/><W20/><G20/><T101/><D73/><U126/><E133/><V88/><F55/><W45/><G45/><T108/><D101/><N who="1" m="62911" /><E111/><V80/><F29/><W30/><G30/><T25/><D25/><N who="1" m="18671" /><E126/><V62/><F35/><W67/><G67/><AGARI ba="0,0" hai="4,5,6,21,22,63,67,68" m="18671,62911" machi="67" ten="30,7700,0" yaku="25,1,52,3" doraHai="1" who="1" fromWho="3" sc="279,0,310,77,116,0,295,-77" owari="279,8.0,387,48.0,116,-38.0,218,-18.0" /></mjloggm>