<mjloggm ver="2.3"><GO type="41" lobby="0"/><UN n0="%EF%BD%9E%E6%98%A5%E9%A2%A8%EF%BD%9E" n1="%62%61%6E%74%65%31" n2="%E4%BD%B3%E6%9E%97%E6%AA%8E" n3="%E5%B0%B1%E6%B4%BB%E7%94%9F%40%E5%B7%9D%E6%9D%91%E8%BB%8D%E5%9B%A3" dan="14,15,14,14" rate="1897.65,1970.82,1910.13,1945.27" sx="M,M,F,M"/><TAIKYOKU oya="0"/><INIT seed="0,0,0,3,5,39" ten="250,250,250,250" oya="0" hai0="17,109,45,70,18,112,54,127,56,111,82,87,14" hai1="88,0,79,21,11,43,31,35,133,103,51,24,90" hai2="69,2,76,62,119,113,9,134,83,107,105,22,106" hai3="33,75,5,42,57,100,135,25,20,26,97,115,117"/><T46/><D70/><U64/><E133/><V116/><F113/><W65/><G75/><T94/><D94/><U78/><E35/><V110/><F110/><N who="0" m="41994" /><D112/><U129/><E129/><V16/><F134/><W85/><G117/><T118/><D118/><N who="2" m="45098" /><F62/><W121/><G33/><T131/><D131/><U19/><E103/><V60/><F60/><W89/><G5/><T49/><D127/><U126/><E64/><V44/><F44/><N who="0" m="17002" /><D14/><N who="1" m="7647" /><E0/><V80/><F69/><W15/><G15/><T122/><D122/><U132/><E132/><V86/><F80/><W53/><G97/><T93/><D93/><U37/><E37/><V102/><F102/><W30/><G100/><T6/><D6/><U92/><E126/><V48/><F48/><W98/><G98/><T38/><D38/><U77/><E92/><V32/><F32/><W73/><G121/><T12/><D12/><U81/><E81/><V1/><F9/><W40/><G115/><T95/><D95/><U4/><E4/><V63/><F63/><W120/><G120/><T61/><D61/><U108/><E108/><V125/><F125/><W124/><G65/><T47/><D56/><U66/><E66/><V72/><F72/><W101/><G57/><T8/><D8/><U36/><E36/><V34/><F34/><W96/><G101/><T10/><D10/><U58/><E58/><V50/><F50/><W99/><G124/><T7/><D7/><U130/><E130/><V68/><F68/><W55/><G135/><T13/><D13/><AGARI ba="0,0" hai="1,2,13,16,22,76,83,86,105,106,107" m="45098" machi="13" ten="40,2600,0" yaku="12,1,54,1" doraHai="39" who="2" fromWho="0" sc="250,-26,250,0,250,26,250,0" /><INIT seed="1,0,0,3,4,56" ten="224,250,276,250" oya="1" hai0="35,45,103,66,24,73,121,126,106,130,30,81,105" hai1="131,34,93,5,22,68,76,122,23,91,101,58,13" hai2="43,8,70,16,61,123,67,112,94,110,49,83,60" hai3="1,96,39,12,63,82,98,21,77,27,28,19,89"/><U6/><E68/><V52/><F123/><W108/><G1/><T0/><D45/><U57/><E34/><V129/><F110/><W69/><G39/><T20/><D20/><N who="1" m="7723" /><E122/><V2/><F129/><W33/><G108/><T88/><D121/><U42/><E131/><V74/><F43/><W109/><G109/><T92/><D130/><U14/><E101/><V118/><F118/><W79/><G89/><T32/><D32/><U54/><E76/><V116/><F116/><W4/><G4/><N who="1" m="1642" /><E42/><V59/><F2/><W71/><G71/><T125/><D0/><U41/><E41/><V134/><F112/><W7/><G7/><T97/><D105/><U26/><E26/><V117/><F117/><W87/><REACH who="3" step="1"/><G79/><REACH who="3" ten="224,250,276,240" step="2"/><T9/><D125/><U15/><E54/><V51/><F70/><W46/><G46/><T17/><D126/><U65/><E65/><AGARI ba="0,1" hai="12,19,21,27,28,33,63,65,69,77,82,87,96,98" machi="65" ten="40,2600,0" yaku="1,1,52,1,53,0" doraHai="56" doraHaiUra="99" who="3" fromWho="1" sc="224,0,250,-26,276,0,240,36" /><INIT seed="2,0,0,2,3,71" ten="224,224,276,276" oya="2" hai0="132,77,47,96,63,2,119,125,114,31,51,10,29" hai1="4,95,134,84,20,18,73,121,97,74,14,117,100" hai2="17,131,3,24,12,102,106,90,39,38,37,64,62" hai3="0,110,89,58,36,33,55,19,34,72,127,28,61"/><V9/><F131/><W105/><G72/><T94/><D114/><U44/><E117/><V116/><F116/><W52/><G105/><T68/><D119/><U112/><E121/><V66/><F3/><W6/><G110/><T45/><D45/><U91/><E112/><V42/><F42/><W46/><G127/><T99/><D99/><U59/><E134/><V118/><F118/><W85/><G19/><T82/><D63/><U50/><E59/><V75/><F75/><W15/><G0/><T78/><D68/><U122/><E4/><V40/><F40/><W8/><G28/><T49/><D49/><U41/><REACH who="1" step="1"/><E122/><REACH who="1" ten="224,214,276,276" step="2"/><V124/><F124/><W123/><G123/><T115/><D132/><U79/><E79/><V101/><F106/><AGARI ba="0,1" hai="14,18,20,41,44,50,73,74,84,91,95,97,100,106" machi="106" ten="30,2000,0" yaku="1,1,7,1,53,0" doraHai="71" doraHaiUra="133" who="1" fromWho="2" sc="224,0,214,30,276,-20,276,0" /><INIT seed="3,0,0,1,3,53" ten="224,244,256,276" oya="3" hai0="94,18,48,130,113,47,115,107,86,111,54,88,50" hai1="23,74,84,64,14,92,11,35,7,93,58,21,68" hai2="87,29,3,124,91,80,75,28,73,16,134,66,36" hai3="127,67,108,5,57,99,15,132,128,25,135,110,117"/><W59/><G117/><T109/><D107/><U125/><E74/><V22/><F134/><N who="3" m="51243" /><G127/><T38/><D38/><U2/><E35/><V0/><F124/><W102/><G128/><T9/><D130/><U129/><E68/><V85/><F66/><W33/><G67/><T83/><D94/><U126/><E129/><V71/><F71/><W32/><G5/><T61/><D61/><N who="1" m="37943" /><E2/><V10/><F36/><W123/><G15/><N who="0" m="7535" /><D48/><U70/><E70/><V6/><F0/><W82/><G82/><T12/><D12/><U44/><E126/><V43/><F43/><W119/><G119/><T112/><AGARI ba="0,0" hai="47,50,54,83,86,88,109,111,112,113,115" m="7535" machi="112" ten="40,5200,0" yaku="25,1,11,1,54,1" doraHai="53" who="0" fromWho="0" sc="224,52,244,-13,256,-13,276,-26" /><INIT seed="4,0,0,5,0,105" ten="276,231,243,250" oya="0" hai0="23,116,52,21,36,88,133,109,78,107,75,56,90" hai1="9,68,34,83,120,59,25,53,29,118,4,3,42" hai2="87,24,100,79,61,48,76,122,37,17,32,31,71" hai3="35,106,135,96,60,44,45,108,117,66,43,8,19"/><T95/><D116/><U0/><E68/><V93/><F37/><W72/><G35/><T77/><D36/><U40/><E120/><V102/><F122/><W80/><G108/><T26/><D107/><U62/><E118/><V132/><F132/><W6/><G117/><T125/><D125/><U84/><REACH who="1" step="1"/><E0/><REACH who="1" ten="276,221,243,250" step="2"/><V129/><F129/><W50/><G135/><T101/><D133/><U33/><E33/><V91/><F71/><W47/><G106/><T124/><D124/><U115/><E115/><V41/><F32/><W98/><G98/><T74/><D109/><U55/><E55/><V30/><F41/><W73/><G96/><T127/><D127/><U7/><E7/><V121/><F121/><W16/><G43/><T10/><D52/><U89/><AGARI ba="0,1" hai="3,4,9,25,29,34,40,42,53,59,62,83,84,89" machi="89" ten="20,2700,0" yaku="1,1,0,1,7,1,53,0" doraHai="105" doraHaiUra="134" who="1" fromWho="1" sc="276,-13,221,37,243,-7,250,-7" /><INIT seed="5,0,0,0,4,1" ten="263,258,236,243" oya="1" hai0="3,56,43,12,102,9,65,104,109,39,116,90,122" hai1="8,130,61,94,29,132,113,22,123,111,59,28,64" hai2="18,47,16,20,129,93,96,24,74,135,63,103,5" hai3="23,124,128,60,41,49,40,92,112,71,51,75,133"/><U21/><E123/><V83/><F135/><W95/><G75/><T46/><D109/><U81/><E132/><V25/><F129/><W118/><G118/><T62/><D3/><U68/><E130/><V10/><F47/><W98/><G128/><T4/><D116/><U127/><E111/><V35/><F63/><W121/><G124/><T67/><D122/><U14/><E127/><V58/><F58/><W38/><G38/><T131/><D131/><U76/><E68/><V50/><F50/><W115/><G133/><T77/><D77/><U34/><E34/><V72/><F83/><W13/><G121/><T27/><D90/><U17/><E94/><V134/><F134/><W88/><G71/><T126/><D27/><U78/><E113/><N who="3" m="43594" /><G60/><T91/><D91/><U125/><E125/><V69/><F69/><W45/><G95/><T54/><REACH who="0" step="1"/><D126/><REACH who="0" ten="253,258,236,243" step="2"/><U99/><E99/><AGARI ba="0,1" hai="4,9,12,39,43,46,54,56,62,65,67,99,102,104" machi="99" ten="40,8000,1" yaku="1,1,2,1,52,1,53,1" doraHai="1" doraHaiUra="2" who="0" fromWho="1" sc="253,90,258,-80,236,0,243,0" /><INIT seed="6,0,0,0,0,2" ten="343,178,236,243" oya="2" hai0="121,68,97,120,37,21,14,77,113,123,25,49,70" hai1="39,73,35,12,130,101,66,58,18,43,34,125,44" hai2="62,36,47,95,91,83,124,90,103,135,88,82,55" hai3="48,8,23,19,56,98,110,75,116,46,30,108,133"/><V118/><F118/><W74/><G116/><T89/><D37/><U117/><E73/><V17/><F36/><W27/><G133/><T33/><D77/><U60/><E117/><V122/><F122/><W6/><G56/><T92/><D33/><U106/><E130/><V85/><F135/><W81/><G98/><T45/><D14/><U54/><E125/><V119/><F119/><W9/><G9/><T71/><D113/><U105/><E105/><V63/><F124/><W94/><G94/><T26/><REACH who="0" step="1"/><D21/><REACH who="0" ten="333,178,236,243" step="2"/><U104/><E104/><V80/><F17/><W84/><G108/><T102/><D102/><U31/><E106/><V87/><F103/><W128/><G110/><T76/><D76/><U41/><E101/><V99/><F80/><W134/><G128/><T13/><D13/><U93/><E31/><V53/><F47/><W111/><G111/><T112/><D112/><U115/><E35/><V72/><F72/><W127/><G127/><T67/><D67/><U69/><E34/><V107/><F107/><W65/><G65/><T114/><D114/><U109/><E115/><V0/><F0/><W24/><G74/><T15/><D15/><U5/><E109/><V50/><REACH who="2" step="1"/><F50/><REACH who="2" ten="333,178,226,243" step="2"/><W40/><G75/><T100/><D100/><U59/><E39/><V32/><F32/><N who="3" m="20551" /><G134/><T10/><D10/><U52/><E18/><V78/><F78/><N who="3" m="46135" /><G48/><T11/><D11/><N who="1" m="4207" /><E93/><V51/><F51/><W79/><G79/><T129/><D129/><U42/><E44/><V7/><F7/><W4/><G8/><T131/><D131/><U96/><E96/><V3/><F3/><RYUUKYOKU ba="0,2" sc="333,0,178,0,226,0,243,0" hai0="25,26,45,49,68,70,71,89,92,97,120,121,123" hai1="41,42,43,52,54,58,59,60,66,69" hai2="53,55,62,63,82,83,85,87,88,90,91,95,99" hai3="4,6,19,23,27,40,46" /><INIT seed="6,1,2,2,2,120" ten="333,178,226,243" oya="2" hai0="71,108,30,76,25,16,50,43,48,38,41,102,79" hai1="90,65,26,94,68,93,91,126,39,75,132,51,88" hai2="11,114,122,110,117,32,134,103,9,5,53,45,29" hai3="124,40,125,107,95,20,13,42,3,27,47,7,58"/><V14/><F122/><W131/><G107/><T74/><D71/><U86/><E39/><V130/><F117/><W105/><G105/><T96/><D38/><U4/><E75/><V118/><F118/><W19/><G131/><T112/><D108/><U8/><E132/><V37/><F130/><W2/><G58/><T12/><D112/><U81/><E126/><N who="3" m="48746" /><G95/><N who="1" m="36362" /><E68/><V15/><F134/><W106/><G106/><T22/><D96/><U57/><E26/><V135/><F103/><W121/><G121/><T83/><D102/><U49/><E49/><N who="0" m="19049" /><D74/><U17/><E4/><V78/><F135/><W109/><G109/><T59/><D59/><U64/><E64/><V56/><F110/><W0/><G47/><T128/><D128/><U87/><E81/><V115/><F78/><N who="0" m="29738" /><D83/><U73/><E73/><V104/><F104/><W52/><G52/><T63/><D63/><U66/><E66/><V129/><F129/><W18/><G7/><T80/><D80/><U119/><E119/><V10/><F45/><W70/><G70/><T24/><D24/><U116/><E116/><V54/><F37/><W69/><G69/><T6/><D6/><U123/><E123/><V55/><F56/><W44/><G44/><T92/><D92/><U36/><E36/><V89/><F89/><W100/><G100/><T46/><D46/><U85/><E65/><V99/><F99/><W84/><G84/><T101/><D101/><U82/><E82/><V113/><F5/><W1/><G2/><T28/><D25/><AGARI ba="1,2" hai="9,10,11,14,15,25,29,32,53,54,55,113,114,115" machi="25" ten="50,9600,0" yaku="29,2,15,1" doraHai="120" who="2" fromWho="0" sc="333,-99,178,0,226,119,243,0" /><INIT seed="6,2,0,2,3,125" ten="234,178,345,243" oya="2" hai0="18,43,22,101,34,124,84,93,71,59,14,89,37" hai1="62,64,53,103,114,102,86,49,135,121,95,29,11" hai2="120,31,26,2,80,90,113,8,28,58,106,66,17" hai3="111,77,21,1,10,74,130,47,98,63,70,133,25"/><V96/><F120/><W50/><G130/><T3/><D34/><U46/><E121/><V51/><F113/><W128/><G111/><T45/><D71/><U9/><E114/><V32/><F31/><W117/><G128/><T72/><D72/><U75/><E75/><V91/><F80/><W112/><G117/><T81/><D3/><U0/><E0/><V122/><F122/><W118/><G112/><T42/><D42/><U110/><E110/><V99/><F99/><W12/><G118/><T76/><D101/><N who="1" m="38411" /><E135/><V36/><F36/><W97/><G1/><T105/><D105/><U129/><E29/><V57/><F106/><W38/><G38/><T33/><D33/><U61/><E129/><V44/><F66/><W88/><G70/><T83/><D76/><U115/><E115/><V56/><F96/><W27/><G74/><T40/><D40/><U78/><E78/><V6/><REACH who="2" step="1"/><F17/><REACH who="2" ten="234,178,335,243" step="2"/><W94/><G97/><T108/><D108/><U41/><E64/><V100/><F100/><W54/><G133/><T126/><D126/><U92/><E86/><V60/><F60/><N who="1" m="23145" /><E41/><AGARI ba="2,1" hai="2,6,8,26,28,32,41,44,51,56,57,58,90,91" machi="41" ten="40,3900,0" yaku="1,1,53,1" doraHai="125" doraHaiUra="23" who="2" fromWho="1" sc="234,0,178,-45,335,55,243,0" /><INIT seed="6,3,0,4,1,42" ten="234,133,390,243" oya="2" hai0="49,114,73,83,19,99,67,17,108,111,56,8,2" hai1="52,48,82,18,97,80,104,45,47,133,84,95,6" hai2="123,32,107,62,105,118,69,92,1,13,26,22,72" hai3="74,96,58,27,122,37,91,10,131,79,21,24,15"/><V127/><F72/><W81/><G122/><T75/><D99/><U28/><E104/><V120/><F127/><W44/><G131/><T94/><D94/><U88/><E133/><V59/><F118/><W20/><G58/><T100/><D100/><N who="1" m="60479" /><E6/><V71/><F1/><W4/><G21/><T128/><D128/><U14/><E28/><V3/><F3/><W31/><G27/><T50/><D67/><U115/><E115/><V93/><F13/><W61/><G61/><T98/><D98/><U9/><E82/><V63/><F59/><AGARI ba="3,0" hai="9,14,18,45,47,48,52,59,80,84,88" m="60479" machi="59" ten="30,8000,1" yaku="8,1,52,2,54,2" doraHai="42" who="1" fromWho="2" sc="234,0,133,89,390,-89,243,0" /><INIT seed="7,0,0,0,0,66" ten="234,222,301,243" oya="3" hai0="23,55,41,103,36,62,19,17,74,21,37,48,63" hai1="85,2,96,51,77,70,80,53,83,20,34,56,39" hai2="68,108,13,32,92,106,0,97,84,67,5,115,18" hai3="102,114,100,121,89,22,50,107,122,12,54,26,28"/><W49/><G114/><T64/><D74/><U101/><E39/><V10/><F32/><W116/><G116/><T9/><D9/><U128/><E34/><V59/><F115/><W129/><G129/><T78/><D78/><U93/><E2/><V61/><F108/><W95/><G107/><T72/><D72/><U117/><E117/><V45/><F45/><W133/><G133/><T81/><D81/><U73/><E128/><V99/><F84/><W47/><G121/><T30/><D30/><U126/><E126/><V44/><F44/><W14/><G122/><T38/><D41/><U25/><E70/><V33/><F33/><W75/><G75/><T88/><D103/><N who="3" m="39465" /><G50/><T104/><D104/><U98/><E98/><AGARI ba="0,0" hai="12,14,22,26,28,47,49,54,89,95,98" m="39465" machi="98" ten="30,1500,0" yaku="8,1" doraHai="66" who="3" fromWho="1" sc="234,0,222,-15,301,0,243,15" /><INIT seed="7,1,0,2,2,31" ten="234,207,301,258" oya="3" hai0="55,52,120,76,122,61,118,106,45,2,100,87,38" hai1="78,98,132,57,39,133,83,36,131,51,47,126,12" hai2="46,84,90,26,101,115,127,89,19,15,7,13,9" hai3="94,40,16,17,77,111,103,105,10,4,91,64,23"/><W108/><G40/><N who="0" m="22679" /><D2/><U81/><E126/><V48/><F115/><W135/><G135/><N who="1" m="51786" /><E131/><V125/><F101/><W32/><G32/><T99/><D87/><N who="1" m="48567" /><E57/><V54/><F26/><W123/><G123/><N who="0" m="47147" /><D76/><U86/><E98/><V104/><F104/><W49/><G77/><T58/><D99/><U71/><E71/><V22/><REACH who="2" step="1"/><F90/><REACH who="2" ten="234,207,291,258" step="2"/><W33/><G91/><T29/><D100/><U79/><E12/><V93/><AGARI ba="1,1" hai="7,9,13,15,19,22,46,48,54,84,89,93,125,127" machi="93" ten="30,4000,0" yaku="1,1,2,1,0,1,53,0" doraHai="31" doraHaiUra="34" who="2" fromWho="2" sc="234,-11,207,-11,291,53,258,-21" owari="223,-18.0,196,-30.0,344,44.0,237,4.0" /></mjloggm>