<mjloggm ver="2.3"><GO type="169" lobby="0"/><UN n0="%72%6D%63%69%6B" n1="%34%6D%61%6A%69%72%6F" n2="%E5%B0%B1%E6%B4%BB%E7%94%9F%40%E5%B7%9D%E6%9D%91%E8%BB%8D%E5%9B%A3" n3="%E3%80%9D%E3%83%A9%E3%83%A0%E3%83%80%E3%83%87%E3%83%AB%E3%82%BF%E3%80%9F" dan="16,16,16,16" rate="2108.56,2146.33,2090.67,2053.24" sx="M,M,M,F"/><TAIKYOKU oya="0"/><INIT seed="0,0,0,2,2,17" ten="250,250,250,250" oya="0" hai0="101,99,76,94,102,64,120,12,83,86,87,132,63" hai1="91,54,81,34,18,131,96,27,40,134,16,105,47" hai2="109,52,9,67,107,88,73,118,103,108,66,43,62" hai3="2,36,58,10,11,130,65,106,44,133,77,93,29"/><T3/><D3/><U38/><E131/><V128/><F73/><W32/><G106/><T21/><D120/><U42/><E134/><V30/><F30/><W69/><G133/><T5/><D132/><U129/><E129/><V39/><F103/><W8/><G69/><T14/><D102/><U15/><E105/><V85/><F107/><W23/><G32/><T71/><D5/><U45/><E54/><V127/><F127/><W59/><G130/><T0/><D0/><U13/><E34/><V25/><F25/><W61/><G77/><T112/><D112/><U7/><E7/><V24/><F24/><N who="3" m="16543" /><G2/><T26/><REACH who="0" step="1"/><D87/><REACH who="0" ten="240,250,250,250" step="2"/><N who="1" m="50671" /><E27/><V124/><F128/><W121/><G121/><T114/><D114/><U49/><E96/><V113/><F113/><W95/><G59/><T6/><D6/><U51/><E38/><V19/><F118/><W117/><G117/><T33/><D33/><U115/><E115/><V90/><F39/><W110/><G36/><T53/><D53/><U20/><E13/><N who="2" m="7599" /><F43/><W125/><G125/><T28/><AGARI ba="0,1" hai="12,14,21,26,28,63,64,71,76,83,86,94,99,101" machi="28" ten="20,7800,0" yaku="1,1,0,1,7,1,52,1,53,0" doraHai="17" doraHaiUra="122" who="0" fromWho="0" sc="240,88,250,-26,250,-26,250,-26" /><INIT seed="0,1,0,5,5,14" ten="328,224,224,224" oya="0" hai0="26,2,91,46,98,120,10,15,20,119,89,96,8" hai1="111,3,109,11,36,97,44,77,55,68,124,101,48" hai2="58,86,29,62,61,79,19,52,132,12,21,35,42" hai3="4,41,83,84,112,17,82,51,118,33,88,43,116"/><T27/><D120/><U6/><E68/><V99/><F132/><W9/><G33/><T31/><D119/><U49/><E36/><V105/><F42/><W114/><G82/><T131/><D131/><U34/><E34/><V121/><F121/><W80/><G80/><T70/><D70/><U81/><E48/><V102/><F79/><W123/><G123/><T76/><D76/><U24/><E124/><V59/><F86/><W65/><G65/><T60/><D2/><U85/><REACH who="1" step="1"/><E24/><REACH who="1" ten="328,214,224,224" step="2"/><V47/><F47/><N who="3" m="26095" /><G118/><T40/><D27/><U39/><E39/><V128/><F128/><W106/><G116/><T50/><D60/><U113/><E113/><V71/><F71/><W74/><G114/><T100/><D8/><U0/><E0/><V22/><F35/><W72/><G112/><T107/><REACH who="0" step="1"/><D98/><REACH who="0" ten="318,214,224,224" step="2"/><U75/><E75/><V94/><F62/><W95/><G72/><T37/><D37/><U134/><E134/><V87/><F61/><W122/><G74/><T56/><D56/><U117/><E117/><V135/><F59/><W67/><G122/><T64/><D64/><U126/><E126/><V13/><F58/><W104/><G67/><T92/><D92/><AGARI ba="1,2" hai="3,6,11,44,49,55,77,81,85,92,97,101,109,111" machi="92" ten="40,2600,0" yaku="1,1,53,1" doraHai="14" doraHaiUra="5" who="1" fromWho="0" sc="318,-29,214,49,224,0,224,0" /><INIT seed="1,0,0,3,4,7" ten="289,263,224,224" oya="1" hai0="125,81,115,120,134,26,95,99,30,77,89,19,14" hai1="15,135,0,24,68,85,92,52,74,87,53,93,72" hai2="90,82,2,63,8,4,121,65,118,22,32,16,119" hai3="60,67,70,124,43,10,86,33,107,110,117,113,28"/><U83/><E0/><V38/><F38/><W47/><G113/><T126/><D115/><U56/><E68/><V73/><F32/><W123/><G123/><T25/><D120/><U132/><E24/><V103/><F121/><W101/><G110/><T11/><D134/><N who="1" m="51243" /><E15/><V40/><F40/><W66/><G66/><T94/><D94/><N who="1" m="36459" /><E83/><V122/><F103/><W36/><G86/><N who="1" m="32778" /><E56/><V31/><F31/><W54/><G117/><T57/><D57/><U84/><E84/><V20/><F122/><W34/><G124/><N who="0" m="47723" /><D30/><U78/><E78/><V3/><F3/><W9/><G54/><AGARI ba="0,0" hai="52,53,54,72,74" m="32778,36459,51243" machi="54" ten="30,11600,0" yaku="28,2,20,1,54,1" doraHai="7" who="1" fromWho="3" sc="289,0,263,116,224,0,224,-116" /><INIT seed="1,1,0,2,1,75" ten="289,379,224,108" oya="1" hai0="13,58,31,50,107,74,112,27,19,81,1,40,35" hai1="54,26,0,73,125,14,113,48,104,84,126,109,93" hai2="32,25,124,20,56,10,99,11,44,72,60,37,90" hai3="79,116,16,55,130,69,46,7,65,43,8,47,121"/><U86/><E0/><V77/><F32/><W3/><G121/><T135/><D107/><U61/><E104/><V83/><F124/><W131/><G116/><T85/><D1/><U94/><E113/><V105/><F37/><W78/><G55/><T120/><D74/><U97/><E73/><V76/><F44/><N who="3" m="16939" /><G43/><T18/><D40/><U95/><E48/><V33/><F33/><W67/><G69/><T117/><D112/><U62/><E26/><V98/><F105/><W101/><G101/><T22/><D117/><U91/><E109/><V118/><F118/><W119/><G119/><T57/><D120/><U70/><E70/><V88/><F72/><W4/><G4/><T53/><D135/><U66/><E66/><N who="3" m="25098" /><G16/><T123/><D123/><U129/><E54/><N who="2" m="33815" /><F11/><W41/><G41/><T52/><D13/><U5/><E61/><V49/><F49/><W80/><G80/><T128/><D35/><U39/><E62/><V28/><F83/><W15/><G3/><T34/><D34/><U17/><E5/><V89/><F10/><W12/><G12/><T96/><D53/><U24/><E14/><V30/><F30/><W45/><N who="3" m="16947" /><W42/><DORA hai="115" /><G42/><T68/><D68/><U92/><E39/><V106/><F106/><W29/><G29/><T132/><D31/><U63/><E63/><V38/><F38/><W103/><G103/><T59/><D52/><U122/><E122/><V100/><F100/><W108/><G108/><T133/><D133/><U6/><E6/><V114/><F114/><W127/><G127/><T21/><D132/><U9/><E126/><RYUUKYOKU ba="1,0" sc="289,-15,379,-15,224,15,108,15" hai2="20,25,28,76,77,88,89,90,98,99" hai3="7,8,15,78,79,130,131" /><INIT seed="2,2,0,4,2,64" ten="274,364,239,123" oya="2" hai0="9,54,79,87,35,36,103,99,86,18,111,77,43" hai1="97,20,104,130,61,101,62,75,55,24,53,71,94" hai2="8,30,16,28,108,14,116,56,34,21,70,6,67" hai3="84,105,12,33,107,73,118,45,31,106,102,128,0"/><V131/><F116/><W92/><G118/><T29/><D35/><U23/><E75/><V82/><F131/><W91/><G0/><T10/><D29/><U38/><E38/><V135/><F135/><W51/><G128/><T110/><D43/><U69/><E130/><V68/><F108/><W96/><G31/><T27/><D36/><U39/><E39/><V72/><F30/><W26/><G33/><T11/><D54/><U1/><E1/><N who="2" m="79" /><F67/><W3/><G26/><T114/><D114/><U65/><E104/><N who="3" m="40042" /><G12/><T117/><D117/><U122/><E122/><V89/><F56/><W46/><G51/><T17/><D27/><U124/><E124/><V59/><F59/><W42/><G3/><T81/><D11/><U44/><E44/><V48/><F48/><W80/><G42/><T52/><D52/><U5/><E5/><V15/><F15/><W95/><G46/><T88/><D99/><U100/><E97/><V76/><F89/><W85/><G45/><T63/><D88/><U132/><E65/><V120/><F120/><W41/><G41/><T25/><D25/><AGARI ba="2,0" hai="14,16,21,25,28,34,68,70,72,76,82" m="79" machi="25" ten="30,11600,0" yaku="24,1,52,2,54,1" doraHai="64" who="2" fromWho="0" sc="274,-122,364,0,239,122,123,0" /><INIT seed="2,3,0,3,0,133" ten="152,364,361,123" oya="2" hai0="10,4,86,38,110,63,83,54,74,100,119,62,77" hai1="81,122,95,123,75,71,114,88,104,106,92,6,14" hai2="0,26,22,51,20,39,48,129,85,46,130,50,102" hai3="64,40,65,16,24,69,58,18,17,28,72,59,9"/><V131/><F0/><W35/><G72/><T8/><D119/><U98/><E71/><V105/><F105/><N who="1" m="40553" /><E14/><V66/><F102/><W94/><G40/><T47/><D100/><N who="1" m="60511" /><E6/><V34/><F66/><W2/><G94/><T60/><D110/><U89/><E114/><V101/><F101/><W80/><G80/><T84/><D10/><U53/><E53/><V70/><F70/><W15/><G69/><T13/><D54/><U93/><E93/><V78/><F34/><W134/><G134/><T115/><D115/><U5/><E5/><V99/><F99/><W55/><G59/><T111/><D111/><U121/><E92/><V31/><F20/><W41/><G41/><T76/><D76/><AGARI ba="3,0" hai="75,76,81,88,89,121,122,123" m="60511,40553" machi="76" ten="40,8000,1" yaku="13,1,34,2,54,1" doraHai="133" who="1" fromWho="0" sc="152,-89,364,89,361,0,123,0" /><INIT seed="3,0,0,5,0,24" ten="63,453,361,123" oya="3" hai0="70,94,128,33,59,16,14,62,111,124,101,46,45" hai1="8,38,52,10,47,119,125,20,9,103,99,77,84" hai2="60,86,15,1,69,31,89,6,58,4,36,55,56" hai3="114,87,92,129,21,90,48,74,118,67,66,18,135"/><W72/><G118/><T130/><D70/><U107/><E119/><V76/><F1/><W100/><G114/><T34/><D124/><U78/><E125/><V44/><F69/><W112/><G112/><T106/><D111/><U121/><E121/><V75/><F75/><W17/><G135/><T85/><D106/><U97/><E38/><V61/><F76/><W133/><G133/><T109/><D109/><U43/><E43/><V32/><F36/><W65/><G129/><T117/><D117/><U95/><E84/><V3/><F3/><W122/><G122/><T12/><D101/><U116/><E116/><V115/><F115/><W96/><G48/><T104/><D104/><U25/><E52/><V73/><F44/><W91/><G90/><T110/><D110/><U19/><E47/><V82/><F73/><W7/><G7/><T120/><D120/><U71/><E71/><V113/><F113/><W127/><G127/><T93/><D85/><U98/><E107/><V54/><F15/><W28/><G17/><T49/><D16/><U80/><E80/><V22/><F32/><W26/><REACH who="3" step="1"/><G18/><REACH who="3" ten="63,453,361,113" step="2"/><T53/><D49/><U102/><E102/><V40/><F40/><W79/><G79/><AGARI ba="0,1" hai="8,9,10,19,20,25,77,78,79,95,97,98,99,103" machi="79" ten="40,1300,0" yaku="8,1" doraHai="24" who="1" fromWho="3" sc="63,0,453,23,361,0,113,-13" /><INIT seed="4,0,0,5,5,41" ten="63,476,361,100" oya="0" hai0="123,120,52,116,126,5,117,23,6,43,70,44,37" hai1="114,134,16,42,90,94,57,79,9,111,121,80,108" hai2="109,106,82,53,132,76,72,85,25,59,88,125,4" hai3="0,46,13,133,124,12,21,17,1,130,73,103,2"/><T87/><D6/><U129/><E121/><N who="0" m="46665" /><D5/><U119/><E119/><N who="0" m="45641" /><D23/><U83/><E57/><V74/><F109/><W107/><G73/><T75/><D87/><U36/><E42/><V91/><F125/><W15/><G103/><T78/><D78/><U29/><E36/><V69/><F132/><W89/><G107/><T105/><D75/><U62/><E134/><V60/><F69/><W112/><G133/><T81/><D81/><U135/><E29/><V55/><F106/><W26/><G124/><T99/><D99/><U3/><E3/><V113/><F113/><W97/><G130/><T67/><D105/><U58/><E114/><V51/><F4/><W100/><G112/><T102/><D102/><U27/><E129/><V34/><F74/><W14/><N who="3" m="3072" /><DORA hai="64" /><W50/><G89/><T33/><D33/><U22/><E9/><V39/><F39/><W110/><G110/><T31/><D31/><U56/><E135/><V47/><F72/><W35/><G35/><T131/><D131/><U7/><E7/><V104/><F104/><W77/><G77/><T11/><D11/><U40/><E79/><V18/><F34/><W92/><REACH who="3" step="1"/><G0/><REACH who="3" ten="63,476,361,90" step="2"/><T66/><D126/><U65/><E111/><V10/><F10/><W48/><G48/><N who="0" m="28679" /><D70/><U61/><E108/><V8/><F8/><W86/><G86/><T63/><D63/><U68/><E61/><V101/><F101/><W118/><G118/><T122/><D122/><U32/><E68/><V71/><F71/><W98/><G98/><T128/><D128/><U24/><E32/><V93/><F76/><W28/><G28/><RYUUKYOKU ba="0,1" sc="63,15,476,-15,361,-15,90,15" hai0="37,43,66,67" hai3="1,2,17,21,26,46,50,92,97,100" /><INIT seed="4,1,1,4,0,127" ten="78,461,346,105" oya="0" hai0="97,108,6,20,40,13,44,35,64,8,124,73,119" hai1="84,5,91,131,70,67,28,38,106,113,24,88,57" hai2="116,105,47,95,114,77,27,98,11,93,42,96,72" hai3="122,15,59,46,86,94,55,19,29,60,36,62,101"/><T107/><D73/><U58/><E38/><V79/><F105/><W17/><G122/><T83/><D35/><U89/><E106/><V10/><F114/><W12/><G29/><T9/><D119/><U26/><E5/><V112/><F112/><W133/><G133/><T4/><D108/><U61/><E113/><V3/><F116/><W111/><G111/><T50/><D124/><U22/><E131/><V75/><F27/><W78/><G36/><T63/><D20/><U30/><REACH who="1" step="1"/><E84/><REACH who="1" ten="78,451,346,105" step="2"/><V54/><F72/><W45/><G86/><T121/><D121/><U118/><E118/><V99/><F75/><W115/><G115/><T132/><D132/><U110/><E110/><V34/><F3/><W130/><G130/><T120/><D120/><U102/><E102/><V76/><F34/><AGARI ba="1,2" hai="22,24,26,28,30,34,57,58,61,67,70,88,89,91" machi="34" ten="40,2600,0" yaku="1,1,54,1,53,0" doraHai="127" doraHaiUra="41" who="1" fromWho="2" sc="78,0,451,49,346,-29,105,0" /><INIT seed="5,0,0,5,4,19" ten="78,500,317,105" oya="1" hai0="101,108,35,53,30,25,95,93,67,56,29,70,121" hai1="118,124,114,119,31,47,0,13,49,71,23,68,116" hai2="12,64,96,39,90,42,28,85,107,26,46,9,104" hai3="87,36,5,27,32,110,62,2,77,38,73,52,50"/><U20/><E0/><V75/><F75/><W65/><G73/><T91/><D108/><U112/><E31/><V135/><F64/><W102/><G102/><T98/><D121/><U129/><E13/><V22/><F96/><W7/><G2/><T89/><D30/><U66/><E66/><V97/><F97/><W122/><G122/><T45/><D45/><U128/><E124/><V117/><F117/><W99/><G99/><T106/><D93/><U74/><E74/><V51/><F39/><W78/><G38/><T82/><D82/><U18/><E18/><V72/><F72/><W76/><G36/><T80/><D80/><U103/><E103/><V44/><F44/><W81/><G32/><T59/><D95/><U21/><E68/><V132/><F85/><W48/><G48/><T109/><D109/><U60/><E60/><V134/><F90/><W34/><G34/><T6/><D6/><AGARI ba="0,0" hai="6,9,12,22,26,28,42,46,51,104,107,132,134,135" machi="6" ten="40,2600,0" yaku="20,1,52,1" doraHai="19" who="2" fromWho="0" sc="78,-26,500,0,317,26,105,0" /><INIT seed="6,0,0,3,4,65" ten="52,500,343,105" oya="2" hai0="54,60,118,31,132,111,82,23,11,102,72,53,120" hai1="40,106,36,112,86,129,93,57,135,117,10,51,133" hai2="81,75,9,85,6,62,52,131,2,105,46,21,16" hai3="26,43,44,97,70,59,18,61,127,39,74,95,35"/><V67/><F105/><W38/><G74/><T100/><D120/><U19/><E106/><V32/><F32/><W92/><G127/><T58/><D111/><U3/><E36/><V123/><F75/><W55/><G38/><T56/><D118/><U108/><E108/><V30/><F30/><W125/><G125/><T42/><D132/><U29/><E29/><V122/><F131/><W13/><G35/><T128/><D128/><U8/><E117/><V14/><F46/><W115/><G115/><T103/><D42/><U66/><E129/><V1/><F1/><W0/><G0/><T126/><D126/><U49/><E112/><V34/><F34/><W80/><G80/><T113/><D113/><U25/><E40/><V78/><REACH who="2" step="1"/><F52/><REACH who="2" ten="52,500,333,105" step="2"/><W50/><G26/><T134/><D134/><U4/><E135/><V101/><F101/><W20/><G97/><T91/><D103/><U107/><E133/><V63/><F63/><W48/><G50/><T96/><D102/><U45/><E107/><V98/><F98/><W109/><G109/><T22/><D100/><U90/><E45/><V89/><F89/><W114/><G114/><T124/><D96/><U27/><E27/><V47/><F47/><W76/><G76/><T79/><D124/><U64/><E25/><V116/><F116/><W84/><G84/><T130/><D130/><U69/><E49/><V121/><F121/><W28/><G28/><T71/><D31/><U104/><E104/><V73/><F73/><W24/><G24/><T5/><D72/><U7/><E90/><V41/><F41/><W99/><G99/><RYUUKYOKU ba="0,1" sc="52,-15,500,-15,333,15,105,15" hai2="2,6,9,14,16,21,62,67,78,81,85,122,123" hai3="13,18,20,39,43,44,48,55,59,61,70,92,95" /><INIT seed="6,1,1,5,3,53" ten="37,485,348,120" oya="2" hai0="68,50,100,119,105,28,127,113,25,70,12,131,11" hai1="9,133,65,124,32,112,77,6,62,76,87,120,52" hai2="44,94,86,88,33,61,116,35,5,27,16,39,96" hai3="95,129,78,14,79,36,43,92,83,26,115,1,132"/><V90/><F116/><W64/><G1/><T104/><D119/><U19/><E32/><V38/><F5/><W114/><G132/><T18/><D113/><N who="3" m="43017" /><G129/><T130/><D127/><U7/><E124/><V80/><F35/><W72/><G79/><T91/><D70/><U125/><E120/><V89/><F44/><N who="3" m="23655" /><G26/><T75/><D68/><U31/><E76/><V4/><F4/><W47/><G47/><T106/><D75/><U59/><E6/><V13/><F89/><W63/><G14/><T110/><D110/><U71/><E133/><V10/><F33/><W103/><G103/><T23/><D104/><U22/><E125/><V81/><F27/><W45/><G45/><T56/><D100/><U42/><E7/><V34/><F34/><W135/><G135/><T40/><D106/><U74/><E74/><V51/><F81/><W20/><G20/><T57/><D105/><U49/><E22/><V118/><F118/><W30/><G30/><T21/><D23/><U2/><E31/><V99/><F99/><W84/><G72/><T97/><D40/><U126/><E2/><V41/><F41/><W101/><G101/><T29/><D28/><U107/><E107/><V0/><F0/><W54/><G54/><T108/><D108/><U111/><E42/><V128/><F128/><N who="0" m="49194" /><D50/><U8/><E126/><V48/><F39/><W15/><G15/><T134/><D134/><U123/><E111/><V82/><F38/><W58/><AGARI ba="1,1" hai="58,63,64,78,83,84,92,95" m="23655,43017" machi="58" ten="30,4000,0" yaku="15,1,11,1,52,1" doraHai="53" who="3" fromWho="3" sc="37,-11,485,-11,348,-21,120,53" /><INIT seed="7,0,0,1,0,115" ten="26,474,327,173" oya="3" hai0="103,123,36,127,125,47,22,52,93,6,24,91,109" hai1="14,131,60,104,82,78,9,129,62,73,10,25,135" hai2="114,17,111,66,97,87,31,49,13,51,37,112,122" hai3="105,116,63,55,42,92,84,11,79,67,117,33,7"/><W28/><G42/><T32/><D123/><U134/><E104/><V121/><F37/><W130/><G130/><N who="1" m="49674" /><E25/><V80/><F66/><W59/><G105/><T71/><D109/><U106/><E9/><N who="2" m="6319" /><F31/><W50/><G28/><T18/><D71/><U3/><E3/><V124/><F97/><W12/><G33/><T23/><D103/><U107/><E107/><V113/><F111/><W16/><G7/><T90/><D32/><U68/><E68/><V54/><F124/><W94/><G94/><T85/><D6/><N who="1" m="3415" /><E106/><V46/><F51/><W132/><G132/><AGARI ba="0,0" hai="60,62,73,78,82,132,134,135" m="3415,49674" machi="132" ten="30,2000,0" yaku="20,1,19,1" doraHai="115" who="1" fromWho="3" sc="26,0,474,20,327,0,173,-20" owari="26,-47.0,494,59.0,327,13.0,153,-25.0" /></mjloggm>