<mjloggm ver="2.3"><GO type="41" lobby="0"/><UN n0="%6B%61%6D%65%6B%75%6D%61" n1="%79%61%73%65%61%6B%61%73" n2="%E5%B0%B1%E6%B4%BB%E7%94%9F%40%E5%B7%9D%E6%9D%91%E8%BB%8D%E5%9B%A3" n3="%EF%BC%BE%E3%81%82%E3%81%8F%E3%81%BE%EF%BC%BE" dan="13,15,15,13" rate="1848.52,2093.15,1961.65,1913.79" sx="M,M,M,M"/><TAIKYOKU oya="0"/><INIT seed="0,0,0,3,1,74" ten="250,250,250,250" oya="0" hai0="125,95,76,107,28,52,84,10,96,45,0,70,129" hai1="134,111,2,39,56,48,63,82,71,12,114,23,68" hai2="86,59,130,67,135,51,117,58,97,121,41,20,124" hai3="116,31,93,128,85,60,90,99,126,64,54,123,88"/><T112/><D112/><U34/><E2/><V3/><F3/><W26/><G123/><T72/><D107/><U120/><E34/><V69/><F121/><W80/><G116/><T8/><D70/><U7/><E120/><V30/><F117/><W37/><G128/><T115/><D115/><U108/><E114/><V19/><F130/><W101/><G37/><T77/><D72/><U43/><E39/><V17/><F135/><W81/><G126/><T14/><D129/><U22/><E134/><V127/><F69/><W61/><G54/><T27/><D0/><U1/><E1/><V83/><F30/><W66/><G66/><T106/><D106/><U33/><E33/><V110/><F110/><W9/><G9/><N who="0" m="3691" /><D125/><N who="2" m="48202" /><F97/><W57/><G61/><T104/><D14/><U50/><E12/><V132/><F132/><W18/><G18/><N who="2" m="6665" /><F20/><N who="1" m="7721" /><E7/><V100/><F100/><W133/><G133/><T91/><D104/><U94/><E68/><V4/><F4/><W15/><G15/><T118/><D118/><U29/><E71/><V11/><F11/><W65/><G65/><T79/><D27/><U89/><E108/><V40/><F67/><W113/><G113/><T46/><D28/><U32/><E32/><V21/><F21/><N who="3" m="15823" /><G81/><N who="0" m="49551" /><D52/><N who="1" m="34183" /><E29/><V122/><F122/><W98/><G98/><T6/><D6/><U102/><E111/><V78/><F40/><W105/><G105/><T44/><D44/><AGARI ba="0,0" hai="41,44,51,58,59,78,83,86" m="6665,48202" machi="44" ten="30,2000,0" yaku="18,1,52,1" doraHai="74" who="2" fromWho="0" sc="250,-20,250,0,250,20,250,0" /><INIT seed="1,0,0,2,3,94" ten="230,250,270,250" oya="1" hai0="7,96,37,86,101,134,133,38,95,20,79,53,85" hai1="125,92,63,31,126,111,84,21,60,14,118,8,72" hai2="3,76,29,41,127,10,77,88,67,1,61,135,26" hai3="42,99,122,109,123,56,129,15,12,45,66,32,74"/><U40/><E118/><V6/><F127/><N who="1" m="48649" /><E72/><V5/><F135/><N who="0" m="51722" /><D7/><N who="1" m="3359" /><E40/><V121/><F41/><W117/><G117/><T48/><D20/><U24/><E111/><V81/><F121/><W57/><G32/><T58/><D79/><U100/><E84/><AGARI ba="0,0" hai="37,38,48,53,58,84,85,86,95,96,101" m="51722" machi="84" ten="30,2000,0" yaku="20,1,52,1" doraHai="94" who="0" fromWho="1" sc="230,20,250,-20,270,0,250,0" /><INIT seed="2,0,0,4,5,28" ten="250,230,270,250" oya="2" hai0="3,53,108,11,117,111,130,51,126,121,35,110,86" hai1="123,32,66,27,135,19,103,91,40,24,79,116,2" hai2="13,77,41,132,45,14,85,120,26,113,127,73,12" hai3="94,65,128,7,36,88,96,74,60,10,58,20,81"/><V107/><F120/><W114/><G36/><T0/><D121/><U68/><E116/><V54/><F113/><W97/><G128/><T44/><D117/><U16/><E123/><V57/><F73/><W112/><G20/><T6/><D130/><U52/><E2/><V100/><F127/><W17/><G17/><T92/><D126/><U122/><E122/><V99/><F132/><W124/><G124/><T49/><D35/><U62/><E40/><V46/><F26/><W76/><REACH who="3" step="1"/><G96/><REACH who="3" ten="250,230,270,240" step="2"/><T90/><REACH who="0" step="1"/><D51/><REACH who="0" ten="240,230,270,240" step="2"/><U101/><E135/><V134/><F134/><W15/><AGARI ba="0,2" hai="7,10,15,58,60,65,74,76,81,88,94,97,112,114" machi="15" ten="30,7900,0" yaku="1,1,2,1,0,1,54,1,53,0" doraHai="28" doraHaiUra="118" who="3" fromWho="3" sc="240,-20,230,-20,270,-39,240,99" /><INIT seed="3,0,0,0,3,54" ten="220,210,231,339" oya="3" hai0="5,83,59,21,28,19,96,63,99,127,57,12,42" hai1="109,50,22,46,58,43,97,41,88,20,106,92,115" hai2="3,7,74,61,62,93,60,70,90,77,103,91,36" hai3="29,55,94,71,11,120,111,16,118,112,2,76,66"/><W40/><G120/><T32/><D127/><U86/><E109/><V26/><F36/><W52/><G118/><T125/><D125/><U130/><E130/><V30/><F70/><W133/><G111/><T17/><D42/><U82/><E115/><V104/><F104/><W114/><G133/><T73/><D32/><U48/><E106/><V47/><F74/><W14/><G40/><T80/><D73/><U78/><E58/><N who="0" m="22025" /><D63/><U113/><E113/><V39/><F77/><W100/><G66/><T69/><D69/><U105/><E105/><V84/><F3/><W122/><G71/><T33/><D33/><U31/><E31/><V89/><F7/><W65/><G65/><T85/><D28/><U134/><E134/><V49/><F39/><W18/><G122/><T129/><D129/><U101/><E101/><V68/><F103/><W79/><G2/><T119/><D119/><U121/><E121/><V75/><F75/><W110/><G110/><T6/><D83/><U53/><E53/><N who="3" m="20554" /><G29/><T95/><D19/><U67/><E67/><V37/><F37/><W124/><G124/><T126/><D126/><U1/><E1/><V135/><F135/><W128/><G128/><T34/><D34/><U123/><REACH who="1" step="1"/><E123/><REACH who="1" ten="220,200,231,339" step="2"/><V4/><F68/><W9/><G114/><T132/><D132/><U10/><E10/><V15/><F30/><W116/><G116/><T0/><D0/><U87/><E87/><V13/><F84/><W38/><G112/><T102/><D99/><U98/><E98/><V23/><F61/><W64/><G9/><T81/><D85/><U131/><E131/><RYUUKYOKU ba="0,1" sc="220,15,200,15,231,-15,339,-15" hai0="5,6,12,17,21,80,81,95,96,102" hai1="20,22,41,43,46,48,50,78,82,86,88,92,97" /><INIT seed="4,1,1,3,4,78" ten="235,215,216,324" oya="0" hai0="133,1,66,118,7,98,56,92,132,106,13,15,0" hai1="54,57,130,53,88,43,41,122,107,21,18,124,12" hai2="111,81,77,95,24,27,70,11,59,82,38,134,6" hai3="115,26,114,52,96,80,104,127,32,23,113,5,131"/><T89/><D118/><U86/><E122/><V109/><F70/><W35/><G131/><T40/><D106/><U94/><E124/><V29/><F38/><W79/><G127/><T22/><D40/><U17/><E130/><V93/><F134/><N who="0" m="51818" /><D7/><U34/><E34/><V31/><F77/><W65/><G5/><T61/><D22/><U102/><E54/><V68/><F68/><W44/><G65/><T63/><D63/><U58/><E58/><V55/><F6/><W46/><G104/><T103/><D103/><U129/><E129/><V36/><F36/><W101/><G96/><T28/><D28/><N who="2" m="10826" /><F11/><W45/><G101/><T120/><D120/><U90/><E18/><V30/><F111/><W10/><G10/><T67/><D67/><U49/><E102/><V4/><F4/><W19/><REACH who="3" step="1"/><G52/><REACH who="3" ten="235,215,216,314" step="2"/><T85/><D98/><N who="1" m="57671" /><E107/><V9/><F109/><W33/><G33/><T16/><D66/><U76/><E76/><V128/><F128/><W135/><G135/><T112/><D1/><U71/><E71/><V108/><F108/><W125/><G125/><T87/><D0/><U91/><E91/><V75/><F9/><W37/><G37/><T105/><D89/><U47/><E47/><V73/><F55/><W51/><G51/><T84/><D105/><U99/><E99/><V42/><F42/><W2/><G2/><T121/><D121/><U72/><E72/><AGARI ba="1,2" hai="19,23,26,32,35,44,45,46,72,79,80,113,114,115" machi="72" ten="50,6400,0" yaku="1,1,15,1,52,1,53,0" doraHai="78" doraHaiUra="48" who="3" fromWho="1" sc="235,0,215,-67,216,0,314,87" /><INIT seed="5,0,0,0,4,51" ten="235,148,216,401" oya="1" hai0="106,50,98,20,126,118,18,87,9,34,132,59,88" hai1="117,73,134,99,67,82,80,120,58,79,71,70,115" hai2="46,135,96,89,94,2,39,74,75,14,52,13,56" hai3="130,25,12,69,116,0,30,38,28,44,6,133,57"/><U36/><E117/><V68/><F2/><W128/><G116/><T61/><D34/><U4/><E115/><V113/><F68/><W21/><G69/><T107/><D118/><U91/><E120/><V102/><F113/><W81/><G133/><T131/><D132/><U125/><E134/><V11/><F135/><W103/><G103/><T101/><D131/><N who="3" m="50217" /><G81/><T27/><D126/><U93/><E125/><V47/><F39/><W105/><G105/><T32/><D50/><U78/><E4/><N who="2" m="3303" /><F74/><W5/><G57/><T129/><D129/><U26/><E36/><V23/><F75/><W97/><G97/><T15/><D32/><U85/><REACH who="1" step="1"/><E26/><REACH who="1" ten="235,138,216,401" step="2"/><V114/><F114/><W77/><G6/><T35/><D27/><U10/><E10/><V65/><F65/><W42/><G5/><T7/><D7/><U110/><E110/><V92/><F14/><W109/><G12/><T53/><D15/><U16/><E16/><V3/><F3/><W66/><G25/><T55/><D18/><U41/><E41/><V22/><F22/><W48/><G21/><T17/><D20/><U76/><E76/><V104/><F23/><W119/><G0/><T95/><D17/><U90/><E90/><V19/><F19/><W31/><G109/><T40/><D9/><U108/><E108/><V122/><F122/><W112/><G119/><T123/><D35/><U60/><AGARI ba="0,1" hai="58,60,67,70,71,73,78,79,80,82,85,91,93,99" machi="60" ten="30,6000,0" yaku="1,1,0,1,53,1" doraHai="51" doraHaiUra="83" who="1" fromWho="1" sc="235,-20,138,70,216,-20,401,-20" /><INIT seed="5,1,0,0,2,133" ten="215,208,196,381" oya="1" hai0="83,80,75,126,58,73,21,132,95,31,46,123,84" hai1="7,38,106,127,102,92,26,13,24,9,61,97,42" hai2="86,1,115,54,36,119,79,25,71,117,100,2,124" hai3="72,65,111,60,134,125,19,77,63,105,110,50,82"/><U122/><E122/><V116/><F71/><W27/><G134/><T57/><D132/><U120/><E120/><V103/><F36/><W40/><G105/><T104/><D104/><U37/><E42/><V66/><F66/><W91/><G91/><T0/><D0/><U45/><E45/><V94/><F115/><W51/><G63/><T90/><D123/><U43/><E43/><V35/><F124/><W131/><G125/><T22/><D126/><U20/><E127/><V16/><F54/><W76/><G76/><T62/><D46/><U32/><E106/><V53/><F53/><W121/><G121/><T135/><D135/><U8/><E61/><V28/><F16/><W59/><G131/><T87/><D31/><U129/><E129/><V93/><F79/><W88/><G88/><T67/><D90/><U48/><E48/><V70/><F70/><W107/><G107/><T49/><D49/><U39/><E32/><V69/><F69/><W41/><G41/><T108/><D62/><U74/><E74/><V14/><F14/><W128/><G128/><T47/><D47/><U5/><REACH who="1" step="1"/><E20/><REACH who="1" ten="215,198,196,381" step="2"/><V81/><F1/><AGARI ba="1,1" hai="1,5,7,8,9,13,24,26,37,38,39,92,97,102" machi="1" ten="40,3900,0" yaku="1,1,2,1,53,0" doraHai="133" doraHaiUra="15" who="1" fromWho="2" sc="215,0,198,52,196,-42,381,0" /><INIT seed="5,2,0,2,4,97" ten="215,250,154,381" oya="1" hai0="120,113,117,93,116,10,50,98,20,31,3,24,101" hai1="94,118,25,135,111,56,95,28,4,90,72,89,54" hai2="99,42,124,58,114,83,6,52,92,63,19,109,75" hai3="80,33,70,15,77,22,68,74,134,51,30,65,23"/><U12/><E118/><V105/><F109/><W43/><G134/><T86/><D113/><U110/><E72/><V16/><F105/><W59/><G33/><T36/><D36/><U39/><E39/><V67/><F114/><W104/><G104/><T108/><D108/><N who="1" m="41515" /><E135/><V132/><F132/><W119/><G119/><T100/><D120/><U32/><E4/><V21/><F124/><W128/><G128/><T96/><D50/><U48/><E12/><V47/><F6/><W44/><G23/><T112/><D112/><U62/><E90/><V103/><F67/><W57/><G70/><T88/><D3/><U0/><E0/><V60/><F60/><W41/><G41/><T34/><D10/><U66/><E89/><V129/><F129/><W133/><G133/><T46/><D46/><AGARI ba="2,0" hai="25,28,32,46,48,54,56,62,66,94,95" m="41515" machi="46" ten="30,1500,0" yaku="10,1" doraHai="97" who="1" fromWho="0" sc="215,-21,250,21,154,0,381,0" /><INIT seed="5,3,0,4,0,57" ten="194,271,154,381" oya="1" hai0="112,46,106,55,71,5,92,36,19,96,93,108,113" hai1="78,111,104,24,52,123,122,50,67,43,22,87,84" hai2="3,18,105,59,95,9,23,75,0,133,85,135,7" hai3="77,73,15,131,72,86,64,88,37,45,21,69,126"/><U48/><E104/><V81/><F105/><W38/><G131/><T128/><D108/><U44/><E111/><V30/><F75/><W74/><G126/><T134/><D71/><U65/><E122/><V97/><F3/><W68/><G77/><T91/><D128/><U100/><E100/><V31/><F133/><W103/><G103/><T25/><D134/><U56/><E123/><V13/><F135/><W53/><G37/><T121/><D121/><U1/><E1/><V110/><F110/><W14/><G38/><T35/><D5/><U82/><REACH who="1" step="1"/><E87/><REACH who="1" ten="194,261,154,381" step="2"/><V124/><F124/><W16/><G74/><T61/><D113/><U11/><E11/><V117/><F117/><W33/><G73/><T20/><D112/><U114/><E114/><V47/><F47/><W2/><G72/><T89/><D46/><U107/><E107/><V94/><F59/><W120/><G2/><T49/><D106/><U8/><E8/><V119/><F119/><W27/><G120/><T28/><D96/><U76/><E76/><V115/><F115/><W12/><G69/><T26/><D91/><U51/><E51/><V90/><F95/><W101/><G101/><AGARI ba="3,1" hai="0,7,9,13,18,23,30,31,81,85,90,94,97,101" machi="101" ten="30,1000,0" yaku="7,1" doraHai="57" who="2" fromWho="3" sc="194,0,261,0,154,29,381,-19" /><INIT seed="6,0,0,3,3,48" ten="194,261,183,362" oya="2" hai0="44,134,2,78,89,125,63,133,122,68,55,105,75" hai1="115,93,114,20,80,96,99,121,41,28,131,132,32" hai2="82,61,3,7,33,56,107,12,14,0,104,123,19" hai3="38,130,86,46,22,31,35,53,112,30,15,92,117"/><V43/><F123/><W118/><G130/><T34/><D2/><U11/><E121/><V106/><F33/><W27/><G112/><T128/><D122/><U29/><E32/><V54/><F43/><W51/><G38/><T126/><D34/><U66/><E131/><V94/><F82/><W58/><G31/><T97/><D75/><U103/><E132/><N who="0" m="50793" /><D78/><U71/><E41/><V109/><F109/><W1/><G1/><T37/><D105/><U62/><E20/><V124/><F124/><N who="0" m="47722" /><D97/><U108/><E108/><V119/><F119/><W47/><G118/><T49/><D89/><N who="1" m="55343" /><E11/><V84/><F7/><W116/><G116/><T6/><D6/><U91/><E80/><V100/><F14/><W135/><G135/><T81/><D81/><U36/><E36/><V8/><REACH who="2" step="1"/><F100/><REACH who="2" ten="194,261,173,362" step="2"/><W111/><G111/><T17/><D128/><U67/><E103/><V101/><F101/><W24/><G117/><T59/><D17/><U60/><E28/><V113/><F113/><W65/><G35/><T83/><D83/><U77/><E29/><V74/><F74/><W79/><G30/><T5/><D5/><U52/><E114/><V45/><F45/><W127/><G47/><T64/><D37/><U102/><E115/><V120/><F120/><W50/><G127/><T40/><D40/><U21/><E77/><V25/><F25/><W18/><G79/><T4/><D4/><U9/><E102/><V87/><F87/><W95/><G86/><T129/><D129/><U90/><E91/><AGARI ba="0,1" hai="0,3,8,12,19,54,56,61,84,91,94,104,106,107" machi="91" ten="40,7700,0" yaku="1,1,52,1,53,1" doraHai="48" doraHaiUra="10" who="2" fromWho="1" sc="194,0,261,-77,173,87,362,0" /><INIT seed="6,1,0,4,2,67" ten="194,184,260,362" oya="2" hai0="90,135,89,41,14,81,84,100,128,62,63,31,109" hai1="12,40,92,54,106,125,96,132,30,68,59,37,64" hai2="121,95,16,42,112,73,5,65,25,45,123,129,38" hai3="48,22,134,43,20,23,107,70,49,87,114,131,130"/><V88/><F73/><W76/><G107/><T3/><D109/><U15/><E132/><V50/><F112/><W74/><G70/><T11/><D135/><U29/><E125/><V116/><F116/><W28/><G74/><T47/><D3/><U61/><E106/><V1/><F129/><N who="3" m="49163" /><G28/><T117/><D128/><U52/><E37/><V119/><F119/><W98/><G114/><T53/><D117/><U36/><E36/><V101/><F101/><W97/><G43/><T72/><D72/><U113/><E40/><V115/><F115/><W104/><G134/><T102/><D31/><U35/><E113/><V26/><F65/><W13/><G13/><T79/><D53/><U75/><E54/><V39/><F1/><W0/><G0/><T103/><D90/><U33/><E29/><V83/><F5/><W4/><G4/><T99/><D89/><U60/><E75/><V10/><F83/><N who="3" m="47591" /><G104/><T126/><D126/><U127/><E127/><V27/><F39/><W9/><G9/><T6/><REACH who="0" step="1"/><D99/><AGARI ba="1,0" hai="20,22,23,48,49,97,98,99" m="47591,49163" machi="99" ten="30,1000,0" yaku="19,1" doraHai="67" who="3" fromWho="0" sc="194,-13,184,0,260,0,362,13" /><INIT seed="7,0,0,0,1,47" ten="181,184,260,375" oya="3" hai0="17,21,112,78,103,128,93,63,58,133,70,132,53" hai1="111,29,108,94,109,34,84,57,99,91,88,86,28" hai2="2,27,11,41,12,31,116,44,3,120,81,26,61" hai3="127,9,102,134,117,39,72,14,135,15,74,124,40"/><W18/><G117/><T33/><D33/><U13/><E34/><V52/><F116/><W98/><G15/><N who="0" m="9407" /><D112/><U82/><E13/><V131/><F131/><W90/><G90/><T36/><D128/><U79/><E29/><V37/><F120/><W67/><G67/><N who="0" m="41343" /><D36/><U25/><E25/><V48/><F61/><W60/><G60/><N who="0" m="35919" /><D78/><U106/><E28/><V19/><F81/><W65/><G65/><T129/><D129/><U123/><E57/><V22/><F27/><W119/><G119/><T114/><D114/><U38/><E38/><V113/><REACH who="2" step="1"/><F113/><REACH who="2" ten="181,184,250,375" step="2"/><W100/><G39/><T126/><D126/><U50/><E123/><V122/><F122/><W125/><G125/><T110/><D110/><U1/><E1/><V46/><AGARI ba="0,1" hai="2,3,11,12,19,22,26,31,37,41,44,46,48,52" machi="46" ten="20,8000,1" yaku="1,1,0,1,7,1,52,1,54,1,53,0" doraHai="47" doraHaiUra="64" who="2" fromWho="2" sc="181,-20,184,-20,250,90,375,-40" owari="161,-34.0,164,-24.0,340,44.0,335,14.0" /></mjloggm>