<mjloggm ver="2.3"><GO type="41" lobby="0"/><UN n0="%E4%B8%89%E9%83%8E%44%58" n1="%4E%57%43" n2="%E5%B0%B1%E6%B4%BB%E7%94%9F%40%E5%B7%9D%E6%9D%91%E8%BB%8D%E5%9B%A3" n3="%E6%9E%97%E6%B0%B4%E6%9C%88" dan="15,15,15,15" rate="2057.29,2016.97,2038.05,1984.67" sx="M,M,M,M"/><TAIKYOKU oya="0"/><INIT seed="0,0,0,4,5,120" ten="250,250,250,250" oya="0" hai0="127,96,116,70,114,123,118,122,90,88,6,51,124" hai1="29,68,72,102,129,1,106,77,25,8,46,37,56" hai2="126,40,71,32,31,28,99,2,7,19,3,18,15" hai3="115,27,5,38,89,135,16,49,50,20,12,79,119"/><T63/><D6/><U97/><E56/><V13/><F71/><W85/><G38/><T86/><D51/><U95/><E129/><V128/><F40/><W66/><G119/><N who="0" m="45611" /><D63/><U76/><E76/><V26/><F99/><W104/><G115/><T42/><D70/><U59/><E59/><V132/><F128/><W133/><G66/><T39/><D42/><U107/><E95/><V103/><F103/><W30/><G79/><T67/><D39/><U47/><E47/><V105/><F105/><W55/><G104/><T87/><D67/><U44/><E44/><V11/><F126/><N who="0" m="48170" /><D114/><U53/><E53/><V117/><F132/><N who="3" m="50763" /><G55/><T65/><D65/><U64/><E106/><V98/><F98/><W9/><G5/><T34/><D96/><U121/><E121/><N who="0" m="46089" /><D34/><U4/><E46/><V94/><F117/><W73/><G73/><T69/><D69/><U83/><E37/><V57/><F32/><W41/><G41/><T17/><D17/><U92/><E64/><V80/><F19/><W74/><G74/><T101/><D101/><U22/><E92/><AGARI ba="0,0" hai="9,12,16,20,27,30,49,50,85,89,92" m="50763" machi="92" ten="30,2000,0" yaku="20,1,54,1" doraHai="120" who="3" fromWho="1" sc="250,0,250,-20,250,0,250,20" /><INIT seed="1,0,0,3,0,80" ten="250,230,250,270" oya="1" hai0="73,29,128,23,122,109,9,19,18,93,76,71,81" hai1="50,79,70,7,134,14,77,0,118,47,125,96,2" hai2="8,45,86,89,31,87,40,58,60,104,5,85,91" hai3="98,51,25,110,20,21,22,65,28,39,35,55,12"/><U17/><E118/><V75/><F104/><W100/><G39/><T92/><D71/><U108/><E70/><V52/><F75/><W62/><G110/><T63/><D109/><U72/><E108/><V57/><F31/><W66/><G12/><T10/><D122/><U133/><E125/><V44/><F58/><W113/><G113/><T32/><D32/><U126/><E126/><V99/><F99/><W38/><G38/><T88/><D128/><U130/><E96/><V41/><F45/><W15/><G15/><T3/><D93/><U11/><E0/><V111/><F111/><W27/><G27/><T53/><D29/><U107/><E107/><V132/><F132/><N who="1" m="50793" /><E72/><V13/><REACH who="2" step="1"/><F41/><REACH who="2" ten="250,230,240,270" step="2"/><W123/><G123/><T68/><D68/><U127/><E127/><V95/><F95/><W115/><G115/><T48/><D3/><U135/><E135/><V61/><F61/><W54/><G98/><T105/><D63/><U24/><E130/><V121/><F121/><W97/><G97/><T42/><D105/><U106/><E106/><V131/><F131/><W36/><G62/><T114/><D114/><U34/><E47/><V94/><F94/><W119/><G28/><T78/><D92/><U16/><E34/><V67/><F67/><W102/><G35/><T117/><D73/><U129/><E129/><V26/><F26/><W43/><G65/><T74/><D74/><U49/><E24/><V46/><F46/><N who="3" m="23911" /><G66/><T83/><D117/><U1/><E49/><AGARI ba="0,1" hai="5,8,13,40,44,49,52,57,60,85,86,87,89,91" machi="49" ten="40,12000,2" yaku="1,1,8,1,52,3,54,1,53,1" doraHai="80" doraHaiUra="6" who="2" fromWho="1" sc="250,0,230,-120,240,130,270,0" /><INIT seed="2,0,0,4,1,23" ten="250,110,370,270" oya="2" hai0="72,106,117,123,128,41,131,59,81,5,52,60,51" hai1="96,53,21,22,39,24,3,64,88,50,86,9,1" hai2="54,126,94,133,15,7,34,46,71,11,85,112,20" hai3="12,35,135,31,105,89,29,111,16,66,77,129,57"/><V120/><F71/><W38/><G105/><T8/><D106/><U118/><E39/><V95/><F34/><W45/><G77/><T78/><D123/><U87/><E118/><V108/><F120/><W55/><G111/><T6/><D117/><U48/><E64/><V119/><F119/><W69/><G129/><T103/><D103/><U26/><E53/><V75/><F75/><W25/><G31/><T65/><D41/><U97/><E9/><V132/><F112/><W33/><G33/><T43/><D43/><U93/><E93/><V110/><F126/><W114/><G114/><T116/><D116/><U73/><E73/><V17/><F54/><W49/><G89/><AGARI ba="0,0" hai="1,3,21,22,24,26,48,50,86,87,88,89,96,97" machi="89" ten="25,8000,1" yaku="22,2,52,2,54,1" doraHai="23" who="1" fromWho="3" sc="250,0,110,80,370,0,270,-80" /><INIT seed="3,0,0,2,5,72" ten="250,190,370,190" oya="3" hai0="18,119,96,92,93,51,129,13,26,4,82,88,85" hai1="97,43,63,5,75,90,22,38,103,79,21,71,84" hai2="115,2,127,31,68,126,8,3,0,50,55,66,98" hai3="83,32,16,87,64,17,48,117,111,128,113,25,19"/><W27/><G113/><T125/><D119/><U45/><E5/><V54/><F115/><W135/><G117/><T40/><D129/><U99/><E63/><N who="2" m="40031" /><F31/><W53/><G128/><T116/><D116/><U76/><E71/><V132/><F132/><W80/><G135/><T23/><D125/><N who="2" m="47626" /><F50/><W10/><G64/><T121/><D121/><U108/><E108/><V57/><F57/><N who="3" m="32935" /><G32/><T9/><D40/><U35/><E35/><V74/><F74/><W7/><G111/><T60/><D60/><U11/><E75/><V131/><F131/><W91/><G83/><T73/><D73/><U102/><E11/><V44/><F44/><W33/><G33/><T109/><D109/><U41/><E45/><V130/><F130/><W24/><G7/><T12/><D51/><U20/><E38/><V56/><F56/><W15/><AGARI ba="0,0" hai="10,15,16,17,19,24,25,27,80,87,91" m="32935" machi="15" ten="30,3000,0" yaku="8,1,54,1" doraHai="72" who="3" fromWho="3" sc="250,-10,190,-10,370,-10,190,30" /><INIT seed="3,1,0,2,0,134" ten="240,180,360,220" oya="3" hai0="24,106,114,3,40,78,104,79,74,99,118,85,119" hai1="107,69,8,2,1,65,112,33,38,60,127,39,66" hai2="120,72,29,47,103,50,94,92,125,113,30,5,41" hai3="124,71,83,19,100,135,84,4,10,17,86,109,61"/><W80/><G109/><T132/><D3/><U15/><E112/><V70/><F72/><W35/><G35/><T95/><D24/><U7/><E65/><V63/><F113/><W53/><G135/><T81/><D40/><U18/><E107/><V90/><F5/><W75/><G100/><T12/><D12/><U116/><E1/><V58/><F70/><W6/><G75/><T56/><D56/><U45/><E116/><V82/><F120/><W11/><G71/><T88/><D114/><U115/><E115/><V128/><F128/><W89/><G61/><T20/><D20/><U49/><E33/><V77/><F125/><W31/><G31/><T91/><D132/><U121/><E121/><V26/><F103/><W59/><G59/><T93/><D78/><U110/><E127/><V21/><F90/><W42/><G42/><T34/><D34/><U48/><E110/><V16/><F30/><W68/><G68/><T133/><D133/><U129/><E129/><V64/><F29/><W43/><G43/><T23/><D23/><U105/><E105/><AGARI ba="1,0" hai="74,79,81,85,88,91,93,95,99,104,105,106,118,119" machi="105" ten="40,8000,1" yaku="34,3,54,1" doraHai="134" who="0" fromWho="1" sc="240,83,180,-83,360,0,220,0" /><INIT seed="4,0,0,1,4,127" ten="323,97,360,220" oya="0" hai0="90,76,3,34,78,125,98,88,8,134,24,52,108" hai1="23,96,42,118,26,31,25,6,84,129,45,43,21" hai2="12,85,114,60,16,63,131,93,37,100,110,89,65" hai3="58,50,91,87,81,1,121,17,51,80,36,128,92"/><T120/><D120/><U4/><E118/><V69/><F110/><W46/><G36/><T79/><D108/><U49/><E96/><V106/><F37/><W9/><G121/><T55/><D134/><U32/><E32/><V73/><F73/><W53/><G1/><T119/><D119/><U115/><E115/><V57/><F114/><W29/><G29/><T86/><D125/><U95/><E42/><V28/><F28/><W105/><G105/><T102/><D90/><U68/><E68/><V104/><F100/><W22/><G22/><T70/><D70/><U7/><E129/><V13/><F131/><W107/><G107/><T61/><D61/><U123/><E123/><V71/><F13/><W40/><G128/><T109/><D109/><U116/><E116/><V54/><F71/><W0/><G0/><T38/><D38/><U97/><E84/><V2/><F2/><W56/><G56/><T27/><D34/><U135/><E135/><V30/><F30/><W15/><AGARI ba="0,0" hai="9,15,17,40,46,50,51,53,58,80,81,87,91,92" machi="15" ten="30,2000,0" yaku="0,1,8,1" doraHai="127" who="3" fromWho="3" sc="323,-10,97,-5,360,-5,220,20" /><INIT seed="5,0,0,3,5,111" ten="313,92,355,240" oya="1" hai0="85,39,55,25,42,61,15,31,135,48,100,73,51" hai1="38,87,131,23,5,20,37,99,54,66,117,77,113" hai2="107,83,94,104,7,14,89,29,78,91,95,3,79" hai3="101,28,128,109,43,58,8,116,132,47,105,53,46"/><U90/><E117/><V92/><F3/><W13/><G116/><T74/><D135/><U33/><E33/><V2/><F2/><W56/><G109/><T30/><D30/><U108/><E66/><V21/><F7/><W68/><G68/><T22/><D100/><U60/><E108/><V12/><F29/><W45/><G128/><T118/><D118/><U9/><E131/><V26/><F26/><W97/><G28/><T4/><D39/><U122/><E122/><V40/><F21/><W57/><G132/><T103/><D103/><U133/><E133/><V70/><F40/><W126/><G126/><T16/><D61/><U120/><E120/><V134/><F134/><W36/><REACH who="3" step="1"/><G53/><REACH who="3" ten="313,92,355,230" step="2"/><T17/><D55/><U34/><E34/><V119/><F70/><W32/><G32/><T86/><D42/><U127/><E127/><V123/><F119/><W62/><G62/><T124/><D31/><U35/><E35/><V114/><F123/><W72/><G72/><T76/><D124/><U71/><E71/><V49/><F49/><W93/><G93/><T88/><D51/><U41/><E60/><V50/><F50/><W64/><G64/><T69/><D73/><U98/><E54/><V18/><F95/><W102/><G102/><T24/><D74/><U82/><E38/><V19/><F83/><W106/><G106/><T130/><D48/><U125/><E125/><V59/><F59/><W121/><G121/><T44/><D69/><U10/><E37/><V84/><F84/><W52/><G52/><T75/><D86/><U1/><E87/><V115/><AGARI ba="0,1" hai="12,14,18,19,78,79,89,91,92,94,104,107,114,115" machi="115" ten="25,12000,2" yaku="5,1,0,1,22,2,52,2" doraHai="111" who="2" fromWho="2" sc="313,-30,92,-60,355,130,230,-30" /><INIT seed="6,0,0,2,4,23" ten="283,32,485,200" oya="2" hai0="62,48,50,31,0,36,17,28,91,88,120,19,95" hai1="6,41,70,9,134,112,64,129,68,29,102,58,16" hai2="121,11,37,96,61,40,56,126,52,25,18,123,65" hai3="57,75,69,132,27,32,92,133,8,22,101,45,128"/><V26/><F126/><W82/><G69/><T114/><D36/><U21/><E102/><V116/><F116/><W76/><G128/><T46/><D0/><U54/><E112/><V107/><F37/><W74/><G74/><T90/><D120/><U20/><E129/><V106/><F40/><W97/><G8/><T135/><D135/><U53/><E41/><V35/><F35/><W122/><G122/><T59/><D114/><U127/><E134/><N who="3" m="51818" /><G45/><T38/><D95/><U66/><E127/><V109/><F109/><W119/><G119/><T89/><D38/><U33/><E58/><V71/><F11/><W111/><G111/><T94/><D94/><U98/><E9/><V63/><F18/><N who="0" m="6666" /><D46/><U118/><E16/><V104/><F121/><W125/><G125/><T3/><D3/><U4/><E29/><N who="0" m="11337" /><D91/><U73/><E73/><V115/><F123/><W78/><G78/><T80/><D80/><U1/><E118/><V51/><F115/><W131/><G131/><T93/><D93/><U39/><E39/><V7/><F7/><W34/><G57/><T49/><D62/><U44/><E44/><V14/><F14/><W103/><G103/><T87/><D87/><U105/><E105/><V83/><F83/><W55/><G55/><AGARI ba="0,0" hai="48,49,50,55,59,88,89,90" m="11337,6666" machi="55" ten="30,2000,0" yaku="8,1,54,1" doraHai="23" who="0" fromWho="3" sc="283,20,32,0,485,0,200,-20" /><INIT seed="7,0,0,5,4,5" ten="303,32,485,180" oya="3" hai0="126,7,106,116,101,114,55,112,14,85,75,66,59" hai1="61,82,15,30,69,22,83,91,36,4,40,63,43" hai2="11,71,29,47,13,21,92,125,98,94,60,81,102" hai3="76,111,97,2,118,25,58,117,134,115,8,121,124"/><W53/><G76/><T1/><D75/><U56/><E69/><V27/><F125/><W42/><G42/><T104/><D116/><U127/><E36/><V86/><F71/><W132/><G97/><T122/><D1/><U20/><E4/><V16/><F60/><W99/><G99/><T129/><D122/><U84/><E15/><V17/><F47/><W109/><G58/><T105/><D66/><U0/><E0/><V33/><F94/><W41/><G41/><T51/><D129/><U39/><E39/><V70/><F70/><W133/><G53/><T88/><D126/><U119/><E127/><V37/><F37/><W12/><G124/><T3/><D3/><U100/><E56/><V87/><F81/><W31/><G2/><T131/><D131/><U49/><E30/><V135/><F135/><W35/><G115/><T113/><D14/><AGARI ba="0,0" hai="11,13,14,16,17,21,27,29,33,86,87,92,98,102" machi="14" ten="30,3900,0" yaku="7,1,52,1,54,1" doraHai="5" who="2" fromWho="0" sc="303,-39,32,0,485,39,180,0" owari="264,6.0,32,-47.0,524,63.0,180,-22.0" /></mjloggm>