<mjloggm ver="2.3"><GO type="225" lobby="0"/><UN n0="%6B%61%6D%6F%73%75%6B%65" n1="%E5%B8%82%E5%B7%9D%E8%BF%B7%E7%A0%82" n2="%E3%83%88%E3%83%88%E3%83%AA%E5%85%88%E7%94%9F%31%39%E6%AD%B3" n3="%E5%A4%A7%E6%AD%A3%E7%BE%A9%E9%87%8E%E7%90%83%E5%A8%98" dan="17,16,17,16" rate="2270.37,2206.18,2213.10,2094.86" sx="M,F,F,F"/><TAIKYOKU oya="0"/><INIT seed="0,0,0,4,5,5" ten="250,250,250,250" oya="0" hai0="40,135,34,126,83,48,21,29,23,93,123,131,133" hai1="119,95,68,47,27,25,115,10,110,129,31,101,111" hai2="4,26,59,102,8,85,51,114,33,75,122,86,70" hai3="12,58,104,32,16,20,52,90,13,112,67,2,84"/><T53/><D123/><U82/><E119/><V72/><F70/><W91/><G112/><T97/><D40/><U36/><E115/><V130/><F114/><W124/><G2/><T96/><D126/><U103/><E68/><V14/><F122/><W35/><G104/><T105/><D131/><U3/><E82/><V69/><F69/><W61/><G124/><T11/><D83/><U76/><E76/><V132/><F130/><W62/><G12/><T100/><D34/><U65/><E65/><V37/><F37/><W116/><G116/><T19/><D29/><U42/><E27/><V57/><F132/><N who="0" m="50762" /><D97/><U120/><E120/><V73/><F33/><W9/><G20/><T24/><D105/><U18/><E129/><V49/><F102/><W117/><G91/><T6/><D23/><U108/><E95/><V41/><F41/><W92/><G117/><T17/><D17/><U63/><E31/><V78/><F78/><W79/><G79/><T38/><D38/><U98/><E98/><V109/><F85/><W1/><G1/><T113/><D113/><U0/><E3/><V50/><F86/><W43/><G43/><T80/><D80/><U39/><E39/><V71/><F72/><W127/><G127/><T30/><D30/><U128/><E128/><V94/><F73/><W66/><G66/><T60/><D60/><U99/><E63/><V121/><F75/><W28/><G28/><T81/><D81/><U106/><E103/><V89/><F121/><W44/><G62/><T118/><D118/><U15/><E0/><V55/><F89/><W7/><G7/><RYUUKYOKU ba="0,0" sc="250,-15,250,15,250,-15,250,15" hai1="10,15,18,25,36,42,47,99,101,106,108,110,111" hai3="9,13,16,32,35,44,52,58,61,67,84,90,92" /><INIT seed="1,1,0,2,1,87" ten="235,265,235,265" oya="1" hai0="100,12,95,6,70,97,4,28,58,11,52,71,25" hai1="79,39,88,59,118,64,80,22,86,121,3,128,49" hai2="13,26,114,33,110,66,48,98,31,16,104,61,45" hai3="77,109,17,74,54,106,65,19,111,21,134,15,50"/><U133/><E121/><V122/><F122/><W60/><G106/><T135/><D135/><U18/><E118/><V82/><F110/><N who="3" m="41995" /><G134/><T92/><D92/><U83/><E3/><V75/><F114/><W8/><G77/><T51/><REACH who="0" step="1"/><D4/><REACH who="0" ten="225,265,235,265" step="2"/><U124/><E133/><V10/><F104/><W89/><G74/><T112/><D112/><U44/><E128/><V38/><F75/><W37/><G37/><T9/><D9/><U67/><E39/><V36/><F82/><W120/><G120/><T42/><D42/><N who="1" m="24727" /><E124/><V101/><F36/><W41/><G41/><T119/><D119/><U129/><E129/><V84/><F38/><W40/><G40/><T72/><D72/><U115/><E115/><V32/><F10/><W24/><G8/><T96/><D96/><U93/><E80/><V68/><F98/><W30/><G17/><T99/><D99/><N who="1" m="57767" /><E59/><V127/><F127/><W78/><G19/><T55/><D55/><U43/><E43/><V53/><F84/><W73/><G54/><T76/><D76/><U2/><E2/><V20/><F101/><W132/><G132/><T123/><D123/><U113/><E113/><V29/><F29/><W47/><G78/><T7/><D7/><U14/><AGARI ba="1,1" hai="14,18,22,64,67,79,83,86" m="57767,24727" machi="14" ten="30,6000,0" yaku="8,1,52,1,54,1" doraHai="87" who="1" fromWho="1" sc="225,-21,265,73,235,-21,265,-21" /><INIT seed="1,2,0,4,4,0" ten="204,338,214,244" oya="1" hai0="14,74,106,122,88,84,55,90,119,125,110,72,121" hai1="46,33,17,37,45,40,78,91,50,29,51,42,133" hai2="28,109,114,12,79,18,102,105,87,4,83,70,89" hai3="13,82,129,31,132,60,68,59,92,77,94,20,128"/><U130/><E133/><V80/><F70/><W116/><G68/><T95/><D55/><U7/><E130/><N who="3" m="50282" /><G132/><T10/><D119/><U64/><E64/><V61/><F109/><W48/><G48/><T98/><D110/><U73/><E17/><V41/><F114/><W123/><G123/><N who="0" m="47115" /><D125/><U117/><E117/><V56/><F41/><W57/><G57/><T24/><D24/><U34/><E29/><V47/><F28/><W101/><G101/><N who="0" m="62775" /><D90/><U11/><E91/><V23/><F47/><W75/><G116/><T21/><D21/><U52/><E78/><V76/><F89/><W108/><G108/><T135/><D135/><U53/><E73/><V25/><F102/><W1/><G1/><T100/><D100/><U120/><E120/><V63/><F105/><W22/><G22/><T97/><D97/><U99/><E99/><V113/><F113/><W58/><G58/><T103/><D103/><U66/><E66/><V38/><F56/><W65/><G13/><T3/><D3/><U43/><E37/><V124/><F38/><W86/><G75/><T134/><D134/><U112/><E112/><V69/><F69/><W93/><G92/><T67/><D67/><U96/><E96/><V16/><F124/><W104/><G104/><T8/><D8/><U49/><E49/><V15/><F15/><AGARI ba="2,0" hai="7,11,15,33,34,40,42,43,45,46,50,51,52,53" machi="15" ten="40,7700,0" yaku="9,1,52,1,54,1" doraHai="0" who="1" fromWho="2" sc="204,0,338,83,214,-83,244,0" /><INIT seed="1,3,0,2,3,102" ten="204,421,131,244" oya="1" hai0="52,24,114,76,89,73,41,21,43,33,8,88,14" hai1="110,108,69,83,58,99,107,120,49,104,38,121,119" hai2="30,71,115,54,65,25,17,131,81,39,125,62,82" hai3="18,111,93,135,1,36,92,101,84,60,129,116,74"/><U51/><E119/><V13/><F39/><W95/><G1/><T44/><D33/><U63/><E38/><V53/><F131/><W35/><G35/><T127/><D114/><U10/><E10/><V80/><F125/><W117/><G36/><T75/><D127/><U97/><E83/><V105/><F115/><W96/><G74/><T106/><D106/><N who="1" m="40491" /><E69/><V23/><REACH who="2" step="1"/><F105/><REACH who="2" ten="204,421,121,244" step="2"/><W27/><G129/><T113/><D113/><U19/><E120/><V132/><F132/><W77/><G135/><T118/><D118/><U26/><E121/><V32/><AGARI ba="3,1" hai="13,17,23,25,30,32,53,54,62,65,71,80,81,82" machi="32" ten="30,2000,0" yaku="1,1,0,1,53,0" doraHai="102" doraHaiUra="3" who="2" fromWho="2" sc="204,-8,421,-13,121,39,244,-8" /><INIT seed="2,0,0,0,0,118" ten="196,408,160,236" oya="2" hai0="95,83,102,34,133,21,49,82,67,105,72,55,61" hai1="127,92,78,68,20,32,11,89,64,41,25,116,79" hai2="45,129,2,8,35,71,135,6,107,91,50,77,113" hai3="14,0,110,43,97,56,44,47,90,74,124,100,54"/><V29/><F113/><W40/><G0/><T48/><D34/><U108/><E116/><V104/><F71/><W17/><G74/><T30/><D105/><U18/><E41/><N who="3" m="15946" /><G100/><T27/><D133/><U60/><E127/><V33/><F129/><W125/><G110/><T81/><D72/><U62/><E108/><V28/><F135/><W70/><G70/><T98/><REACH who="0" step="1"/><D55/><REACH who="0" ten="186,408,160,236" step="2"/><U42/><E32/><V123/><F33/><W80/><G125/><T131/><D131/><U53/><E42/><V16/><F35/><W122/><G124/><T103/><D103/><U119/><E119/><V75/><F104/><W132/><G132/><T10/><D10/><U111/><E11/><V130/><F107/><W106/><G106/><T1/><D1/><U93/><E111/><V121/><F130/><W15/><G54/><T128/><D128/><U66/><E53/><V96/><F75/><W24/><G44/><T109/><D109/><U58/><E92/><N who="2" m="56351" /><F45/><W99/><G47/><T101/><D101/><U57/><E68/><AGARI ba="0,1" hai="21,27,30,48,49,61,67,68,81,82,83,95,98,102" machi="68" ten="40,1300,0" yaku="1,1,53,0" doraHai="118" doraHaiUra="52" who="0" fromWho="1" sc="186,23,408,-13,160,0,236,0" /><INIT seed="3,0,0,1,1,89" ten="209,395,160,236" oya="3" hai0="6,125,3,98,52,5,75,90,100,2,54,110,12" hai1="23,105,96,104,126,50,16,28,65,128,27,87,59" hai2="61,134,123,133,35,116,130,62,66,124,38,58,14" hai3="37,71,47,93,78,80,64,83,120,33,86,30,49"/><W10/><G37/><T73/><D90/><U135/><E135/><N who="2" m="51723" /><F14/><W117/><G120/><T91/><D91/><U85/><E87/><V22/><F22/><W88/><G117/><T106/><D110/><U94/><E65/><N who="2" m="39095" /><F35/><W17/><G33/><T44/><D125/><U118/><E59/><N who="2" m="37215" /><F116/><W127/><G30/><T20/><D20/><U121/><E50/><V132/><N who="2" m="51731" /><V69/><DORA hai="26" /><F124/><W113/><G127/><T15/><D106/><U11/><E128/><V39/><F130/><W40/><G78/><T109/><D109/><U51/><E51/><V13/><F13/><W41/><G17/><T119/><D119/><U131/><E121/><V53/><F123/><W4/><G10/><T74/><D100/><U81/><E94/><V114/><F114/><W43/><G4/><N who="0" m="1643" /><D98/><U72/><E96/><V108/><F108/><W48/><G113/><T112/><D112/><U99/><E99/><V42/><F69/><W56/><G71/><T1/><D15/><U25/><E118/><V8/><F8/><W34/><G34/><T77/><D12/><U129/><E85/><V97/><F97/><W67/><G93/><T55/><D77/><U70/><E70/><V122/><F122/><W46/><G83/><T29/><D29/><U92/><E92/><V18/><F18/><W63/><G67/><T68/><D68/><U82/><E82/><V79/><F79/><W32/><G32/><T111/><D111/><U0/><E25/><V107/><F107/><W84/><G84/><T101/><D101/><U102/><E126/><V19/><F19/><W95/><G86/><RYUUKYOKU ba="0,0" sc="209,30,395,-10,160,-10,236,-10" hai0="1,2,3,44,52,54,55,73,74,75" owari="239,4.0,385,48.0,150,-35.0,226,-17.0" /></mjloggm>