<mjloggm ver="2.3"><GO type="97" lobby="0"/><UN n0="%62%61%6A%69%2D%6E%61" n1="%E7%A9%BA%2D%53%4F%52%41%2D" n2="%E3%83%88%E3%83%88%E3%83%AA%E5%85%88%E7%94%9F%31%39%E6%AD%B3" n3="%E3%83%90%E3%83%88%E3%83%AB%E3%83%92%E3%83%BC%E3%83%AD%E3%83%BC" dan="14,13,15,13" rate="1962.29,1863.42,2018.27,1862.74" sx="M,M,F,M"/><TAIKYOKU oya="0"/><INIT seed="0,0,0,4,2,83" ten="250,250,250,250" oya="0" hai0="53,57,43,125,13,6,15,88,62,121,4,104,1" hai1="16,126,77,55,61,102,91,12,110,128,46,69,52" hai2="18,33,120,66,73,29,79,14,51,105,47,133,28" hai3="71,5,30,26,39,111,59,135,108,36,2,7,95"/><T132/><D121/><U116/><E116/><V54/><F120/><W97/><G71/><T134/><D104/><U89/><E110/><N who="3" m="42026" /><G2/><T76/><D76/><U9/><E102/><V103/><F133/><N who="0" m="51306" /><D43/><U74/><E128/><V84/><F73/><W44/><G44/><T34/><D34/><U72/><E126/><V75/><F75/><W67/><G67/><T93/><D125/><U31/><E31/><V94/><F33/><N who="3" m="20695" /><G59/><T131/><D131/><U85/><E74/><V20/><F105/><W38/><G135/><T78/><D78/><U56/><E72/><V3/><F3/><W21/><G21/><T86/><D1/><U113/><E113/><V10/><F66/><W119/><G119/><T11/><D15/><U114/><E114/><V98/><REACH who="2" step="1"/><F20/><REACH who="2" ten="250,250,240,250" step="2"/><W58/><G58/><T37/><D37/><N who="3" m="9473" /><W109/><N who="3" m="42034" /><DORA hai="124" /><W42/><DORA hai="112" /><G42/><T22/><D22/><U32/><E32/><V122/><F122/><W130/><G130/><T82/><D4/><U40/><E69/><V115/><F115/><W129/><G129/><T96/><D6/><U60/><E40/><V0/><F0/><W50/><G50/><T99/><D11/><U49/><REACH who="1" step="1"/><E61/><REACH who="1" ten="250,240,240,250" step="2"/><V87/><F87/><W123/><G123/><T81/><D13/><U90/><E90/><AGARI ba="0,2" hai="5,7,90,95,97" m="9473,20695,42034" machi="90" ten="60,2000,0" yaku="14,1" doraHai="83,124,112" who="3" fromWho="1" sc="250,0,240,-20,240,0,250,40" /><INIT seed="1,0,0,0,4,91" ten="250,220,240,290" oya="1" hai0="72,71,53,28,73,22,58,84,52,23,122,74,90" hai1="108,60,121,120,31,51,50,92,87,75,130,1,109" hai2="40,63,81,88,106,39,104,78,43,69,134,110,12" hai3="89,125,131,100,15,77,111,107,97,103,112,68,49"/><U18/><E1/><V105/><F110/><N who="1" m="42601" /><E75/><V93/><F134/><W27/><G68/><T3/><D71/><U44/><E130/><V135/><F135/><W29/><G112/><T94/><D3/><U2/><E2/><V128/><F128/><W67/><G131/><T66/><D122/><N who="1" m="47211" /><E31/><V113/><F113/><W34/><G125/><T126/><D126/><U37/><E60/><V96/><F39/><W32/><G111/><T47/><D28/><U82/><E18/><V101/><F12/><W55/><G77/><T46/><D66/><U14/><E14/><V119/><F119/><W61/><G103/><T9/><D9/><U10/><E10/><V98/><F63/><W6/><G89/><T79/><D79/><N who="1" m="46559" /><E92/><V80/><F69/><W86/><G86/><T85/><D58/><U117/><E117/><V0/><F0/><W114/><G114/><T95/><REACH who="0" step="1"/><D74/><REACH who="0" ten="240,220,240,290" step="2"/><U17/><E17/><V76/><F76/><W65/><G67/><T41/><D41/><AGARI ba="0,1" hai="37,41,44,50,51" m="46559,47211,42601" machi="41" ten="30,2900,0" yaku="14,1,10,1" doraHai="91" who="1" fromWho="0" sc="240,-29,220,39,240,0,290,0" /><INIT seed="1,1,0,4,2,108" ten="211,259,240,290" oya="1" hai0="113,69,22,54,33,133,56,37,29,85,60,70,76" hai1="81,79,123,74,100,125,0,13,30,84,38,119,16" hai2="82,105,19,102,58,36,34,87,43,7,120,45,75" hai3="2,110,51,99,112,104,118,48,71,126,77,40,95"/><U132/><E125/><V65/><F120/><W18/><G118/><T121/><D121/><U49/><E119/><V23/><F34/><W122/><G122/><T61/><D37/><U59/><E123/><V73/><F7/><W106/><G126/><T88/><D76/><U44/><E0/><V24/><F105/><W114/><G77/><T98/><D33/><U52/><E132/><V47/><F102/><W97/><G71/><T107/><D133/><U62/><E38/><V5/><F45/><W103/><G2/><T83/><D61/><U94/><E30/><V39/><F39/><W3/><G3/><T46/><D46/><U21/><E74/><V80/><F5/><W27/><G40/><T129/><D129/><U134/><E134/><V72/><F65/><W6/><G6/><T116/><D116/><U28/><E28/><V63/><F87/><W127/><G127/><T9/><D113/><U128/><E128/><V130/><F130/><W131/><G131/><T109/><D109/><U92/><E100/><V117/><F117/><W8/><G110/><T42/><D42/><AGARI ba="1,0" hai="13,16,21,42,44,49,52,59,62,79,81,84,92,94" machi="42" ten="30,11600,0" yaku="7,1,8,1,54,2" doraHai="108" who="1" fromWho="0" sc="211,-119,259,119,240,0,290,0" /><INIT seed="1,2,0,5,2,44" ten="92,378,240,290" oya="1" hai0="90,53,89,58,32,86,55,77,100,9,129,0,108" hai1="80,115,124,125,2,114,103,113,30,31,94,65,92" hai2="82,17,132,41,130,29,135,19,52,37,134,33,88" hai3="26,47,122,14,95,66,83,120,4,10,76,11,69"/><U72/><E2/><V123/><F123/><W51/><G69/><T85/><D32/><U63/><E72/><V70/><F70/><W116/><G66/><T68/><D68/><N who="1" m="42047" /><E80/><V105/><F105/><W78/><G116/><T64/><D0/><U74/><E74/><V101/><F101/><W102/><G76/><T111/><D100/><U59/><E103/><V110/><F110/><W118/><G26/><T34/><D34/><U98/><E98/><V73/><F130/><W20/><G20/><T48/><D129/><U1/><E1/><V49/><F41/><W96/><G11/><T25/><D64/><U35/><E35/><V46/><F37/><W36/><G36/><T8/><D77/><U119/><E119/><V5/><F5/><W133/><G133/><T27/><REACH who="0" step="1"/><D58/><REACH who="0" ten="82,378,240,290" step="2"/><U87/><E59/><V112/><F112/><W28/><G118/><T81/><D81/><U75/><E115/><V84/><F73/><W99/><G122/><T109/><D109/><U23/><E75/><V21/><F33/><W7/><G120/><T57/><D57/><U40/><E114/><V91/><F91/><W12/><G99/><T127/><D127/><U39/><E113/><V24/><AGARI ba="2,1" hai="17,19,21,24,29,46,49,52,82,84,88,132,134,135" machi="24" ten="40,8000,1" yaku="0,1,20,1,52,1,54,2" doraHai="44" who="2" fromWho="2" sc="82,-22,378,-42,240,96,290,-22" /><INIT seed="2,0,0,0,4,126" ten="60,336,336,268" oya="2" hai0="73,47,30,104,17,42,107,38,39,114,3,1,102" hai1="48,90,80,101,62,129,21,25,85,130,83,99,50" hai2="55,95,20,40,43,121,118,13,103,122,124,108,70" hai3="96,14,125,110,74,64,133,106,0,33,44,119,29"/><V51/><F118/><W65/><G119/><T54/><D17/><U49/><E62/><V63/><F124/><W46/><G125/><T52/><D114/><U131/><E90/><V69/><F108/><W12/><G74/><T11/><D30/><N who="1" m="17711" /><E85/><V28/><F28/><W35/><G0/><T113/><D113/><U37/><E37/><V41/><F20/><W31/><G96/><T92/><D92/><AGARI ba="0,0" hai="48,49,50,80,83,92,99,101,129,130,131" m="17711" machi="92" ten="40,8000,1" yaku="19,1,52,3" doraHai="126" who="1" fromWho="0" sc="60,-80,336,80,336,0,268,0" owari="-20,-52.0,416,51.0,336,14.0,268,-13.0" /></mjloggm>