<mjloggm ver="2.3"><GO type="41" lobby="0"/><UN n0="%E5%BC%81%E8%AD%B7%E5%A3%AB%E3%81%BF%E3%81%8D" n1="%6B%61%6B%75%6E%69" n2="%6B%6F%69%74%74%65" n3="%E5%B0%B1%E6%B4%BB%E7%94%9F%40%E5%B7%9D%E6%9D%91%E8%BB%8D%E5%9B%A3" dan="13,13,14,14" rate="1907.24,1919.87,1912.95,1997.41" sx="M,F,M,M"/><TAIKYOKU oya="0"/><INIT seed="0,0,0,5,0,49" ten="250,250,250,250" oya="0" hai0="128,90,84,106,108,28,97,50,3,103,126,115,111" hai1="93,74,4,85,82,75,5,19,64,9,98,113,72" hai2="52,10,134,57,122,88,114,17,129,23,102,1,80" hai3="11,34,83,76,101,2,62,135,35,7,60,124,78"/><T91/><D3/><U33/><E33/><V51/><F122/><W100/><G135/><T87/><D28/><U21/><E64/><V63/><F134/><W55/><G124/><T46/><D126/><U13/><E113/><V38/><F114/><W45/><G78/><T105/><D115/><U66/><E66/><V59/><F129/><W24/><G62/><T121/><D46/><U120/><E120/><V16/><F38/><W12/><G2/><T117/><D50/><U25/><E5/><V41/><F1/><W20/><G35/><T127/><D127/><U116/><E116/><V58/><F102/><W0/><G34/><T37/><D37/><U8/><E8/><V86/><F17/><W48/><G60/><T131/><D121/><U109/><E109/><N who="0" m="42057" /><D106/><U95/><REACH who="1" step="1"/><E98/><REACH who="1" ten="250,240,250,250" step="2"/><V40/><F10/><W96/><G96/><T6/><D6/><U73/><N who="1" m="18944" /><DORA hai="69" /><U30/><E30/><V14/><F59/><W18/><G0/><T67/><D67/><AGARI ba="0,1" hai="14,16,23,40,41,51,52,57,58,63,67,80,86,88" machi="67" ten="30,12000,2" yaku="7,1,8,1,52,1,54,3" doraHai="49,69" who="2" fromWho="0" sc="250,-120,240,0,250,130,250,0" /><INIT seed="1,0,0,3,0,75" ten="130,240,380,250" oya="1" hai0="21,58,113,33,66,47,63,39,18,59,48,36,72" hai1="90,43,107,99,87,56,118,77,135,116,129,60,132" hai2="97,76,91,127,98,73,125,13,23,3,88,121,11" hai3="12,53,50,45,37,26,84,69,41,114,79,109,8"/><U110/><E43/><V78/><F121/><W62/><G114/><T24/><D72/><U49/><E49/><V103/><F3/><W74/><G74/><T134/><D134/><N who="1" m="51243" /><E129/><V6/><F23/><W128/><G128/><T25/><D113/><U65/><E110/><V61/><F73/><W108/><G26/><T119/><D119/><U93/><E107/><V122/><F122/><W42/><G69/><T14/><D59/><U46/><E46/><V35/><F35/><W0/><G0/><T95/><D95/><U94/><E94/><N who="2" m="56519" /><F91/><W55/><G62/><T70/><D70/><U10/><E10/><V105/><F61/><W54/><G41/><T85/><D85/><U17/><E17/><V101/><F103/><W106/><G106/><T100/><D100/><U27/><E27/><V126/><AGARI ba="0,0" hai="6,11,13,76,78,98,101,105,125,126,127" m="56519" machi="126" ten="30,7900,0" yaku="18,1,52,2,54,1" doraHai="75" who="2" fromWho="2" sc="130,-20,240,-39,380,79,250,-20" /><INIT seed="2,0,0,2,4,84" ten="110,201,459,230" oya="2" hai0="40,12,28,69,81,5,3,76,55,109,132,129,102" hai1="23,60,48,30,27,96,65,45,36,29,67,75,114" hai2="16,17,58,15,10,73,63,14,100,133,90,52,74" hai3="106,80,41,92,7,121,135,118,83,94,70,95,20"/><V131/><F133/><W6/><G106/><T82/><D132/><U54/><E75/><V42/><F131/><W71/><G135/><T4/><D129/><U51/><E114/><V49/><F100/><W119/><G20/><T130/><D3/><U85/><E36/><V113/><F113/><W97/><G97/><T59/><D130/><U24/><E96/><V89/><F74/><W21/><G21/><T62/><D69/><N who="3" m="26121" /><G41/><T127/><D109/><U101/><E101/><V38/><F73/><W77/><G77/><T53/><D127/><U79/><E60/><V116/><F116/><N who="3" m="44587" /><G121/><T86/><D102/><U1/><E1/><V8/><F38/><W115/><G115/><T103/><D103/><U34/><E51/><V35/><F35/><W33/><G33/><T57/><D40/><U125/><E125/><V56/><F42/><W25/><G25/><T19/><D28/><U78/><REACH who="1" step="1"/><E79/><REACH who="1" ten="110,191,459,230" step="2"/><V32/><F32/><W11/><G11/><T108/><D108/><U13/><E13/><V126/><F126/><W124/><G124/><T104/><D104/><U134/><E134/><V66/><AGARI ba="0,1" hai="8,10,14,15,16,17,49,52,56,58,63,66,89,90" machi="66" ten="20,24000,3" yaku="0,1,7,1,9,1,8,1,52,2,54,2" doraHai="84" who="2" fromWho="2" sc="110,-80,191,-80,459,250,230,-80" /><INIT seed="2,1,0,0,1,122" ten="30,111,709,150" oya="2" hai0="66,135,88,116,67,132,36,108,20,30,42,4,46" hai1="56,123,19,49,6,43,33,38,62,133,57,121,45" hai2="117,107,71,94,72,77,75,97,3,5,95,119,68" hai3="96,63,115,12,37,0,10,51,102,64,120,130,40"/><V41/><F41/><W35/><G120/><T101/><D101/><U73/><E73/><V112/><F3/><W14/><G35/><T22/><D4/><U125/><E33/><V58/><F5/><W55/><G130/><T2/><D2/><U91/><E6/><V105/><F112/><W70/><G115/><T24/><D22/><U113/><E113/><V11/><F11/><W76/><G76/><T16/><D30/><U52/><E125/><V17/><F17/><W29/><G29/><T25/><D25/><U32/><E32/><V129/><F58/><N who="3" m="33151" /><G10/><T65/><D116/><N who="2" m="44618" /><F71/><W118/><G0/><T109/><REACH who="0" step="1"/><D88/><REACH who="0" ten="20,111,709,150" step="2"/><U54/><E91/><N who="2" m="55519" /><F68/><W26/><G26/><T128/><D128/><U98/><E19/><V9/><F129/><W85/><G118/><T103/><D103/><U59/><E121/><V34/><F9/><W127/><G127/><T110/><AGARI ba="1,1" hai="16,20,24,36,42,46,65,66,67,108,109,110,132,135" machi="110" ten="40,12000,2" yaku="1,1,0,1,14,1,52,3,54,1,53,0" doraHai="122" doraHaiUra="86" who="0" fromWho="0" sc="20,133,111,-31,709,-61,150,-31" /><INIT seed="3,0,0,1,5,53" ten="153,80,648,119" oya="3" hai0="50,77,63,16,86,30,58,14,130,36,6,133,42" hai1="7,48,108,24,98,28,85,123,49,112,68,88,73" hai2="0,114,60,47,11,67,105,125,56,66,46,13,18" hai3="117,128,78,29,81,33,35,90,37,22,10,92,97"/><W40/><G117/><T119/><D119/><U12/><E112/><V70/><F105/><W51/><G37/><T127/><D133/><U31/><E68/><V54/><F114/><W59/><G128/><T25/><D36/><U116/><E123/><V32/><F125/><W43/><G10/><T129/><D127/><U45/><E73/><V80/><F32/><W134/><G134/><T94/><D6/><U5/><E116/><V124/><F124/><W62/><G35/><T95/><D50/><U34/><E108/><V93/><F0/><W79/><G33/><T65/><D42/><N who="3" m="15913" /><G51/><T110/><D110/><U115/><E115/><V107/><F107/><W91/><G91/><T41/><D41/><U122/><E122/><V126/><F126/><W57/><G62/><T76/><D30/><U135/><E135/><V39/><F39/><W104/><G104/><T83/><D25/><U121/><E121/><V75/><F67/><W89/><G89/><T23/><REACH who="0" step="1"/><D76/><REACH who="0" ten="143,80,648,119" step="2"/><N who="3" m="29225" /><G81/><T118/><D118/><U17/><E49/><V82/><F80/><W72/><G72/><T9/><D9/><U111/><E31/><V4/><F75/><W96/><G96/><T71/><D71/><U21/><E111/><V69/><F82/><W3/><G3/><T87/><D87/><U102/><E48/><V106/><F69/><W103/><G29/><T101/><D101/><U74/><E74/><V131/><F70/><W38/><G38/><T55/><D55/><U120/><E120/><V132/><F54/><W52/><G103/><T109/><D109/><U19/><E5/><V84/><F132/><RYUUKYOKU ba="0,1" sc="143,30,80,-10,648,-10,119,-10" hai0="14,16,23,58,63,65,77,83,86,94,95,129,130" /><INIT seed="4,1,1,4,2,120" ten="173,70,638,109" oya="0" hai0="62,107,105,79,35,121,74,134,84,114,89,25,71" hai1="125,2,48,133,97,63,73,101,80,1,91,40,59" hai2="132,39,100,113,126,127,46,131,28,115,78,76,17" hai3="81,12,117,75,26,42,93,14,43,33,106,61,22"/><T87/><D121/><U65/><E133/><V109/><F100/><W13/><G106/><T10/><D134/><U54/><E125/><N who="2" m="47627" /><F28/><W29/><G117/><T104/><D114/><N who="2" m="43530" /><F132/><W90/><G33/><T15/><D74/><U51/><E40/><N who="2" m="22815" /><F131/><W123/><G123/><T82/><D35/><U88/><E2/><V45/><F45/><W64/><G81/><T85/><D25/><U38/><E1/><V44/><F44/><W36/><G36/><T68/><D62/><U52/><E38/><V77/><F109/><W98/><REACH who="3" step="1"/><G75/><REACH who="3" ten="173,70,638,99" step="2"/><T108/><D105/><U53/><E73/><V135/><F135/><W86/><G86/><T124/><D107/><U55/><E80/><V0/><F76/><W70/><AGARI ba="1,2" hai="12,13,14,22,26,29,42,43,61,64,70,90,93,98" machi="70" ten="30,2000,0" yaku="1,1,0,1,53,0" doraHai="120" doraHaiUra="118" who="3" fromWho="3" sc="173,-11,70,-6,638,-6,99,43" /><INIT seed="5,0,0,4,1,103" ten="162,64,632,142" oya="1" hai0="116,14,109,67,85,56,82,127,86,4,0,49,59" hai1="10,11,74,125,42,15,20,12,72,107,88,45,26" hai2="13,63,70,38,16,133,81,126,89,35,110,41,77" hai3="54,2,36,121,51,106,75,29,102,60,53,79,33"/><U96/><E125/><V17/><F35/><W61/><G121/><T113/><D116/><U124/><E124/><V21/><F126/><W71/><G36/><T99/><D127/><U62/><E62/><V64/><F133/><W23/><G2/><T93/><D0/><U104/><E20/><V9/><F110/><W25/><G23/><T87/><D109/><U22/><E22/><V119/><F119/><W101/><G101/><T90/><D113/><U115/><E26/><V128/><F128/><W83/><G51/><T27/><D27/><U73/><E115/><V98/><F41/><W40/><G40/><T66/><D4/><U123/><E123/><V5/><F38/><W132/><G61/><N who="0" m="38183" /><D14/><N who="1" m="5163" /><E42/><V32/><F32/><W117/><G117/><T50/><D67/><U69/><E69/><V31/><F31/><W46/><G46/><T68/><D68/><U55/><E55/><V108/><F108/><W111/><G111/><T44/><D59/><U92/><E45/><V18/><F5/><W57/><G132/><T58/><D58/><U97/><E88/><V122/><F122/><W43/><G43/><N who="0" m="24735" /><D50/><U112/><E92/><V129/><F21/><W47/><G47/><T120/><D120/><U130/><E130/><V131/><F129/><W1/><G1/><T118/><D118/><U105/><E112/><V7/><F131/><W100/><G71/><T95/><D95/><U8/><AGARI ba="0,0" hai="8,10,11,72,73,74,96,97,104,105,107" m="5163" machi="8" ten="50,18000,2" yaku="29,2,28,2,52,3" doraHai="103" who="1" fromWho="1" sc="162,-60,64,180,632,-60,142,-60" /><INIT seed="5,1,0,2,3,88" ten="102,244,572,82" oya="1" hai0="40,119,78,14,20,34,103,52,80,53,50,47,98" hai1="74,77,82,9,42,56,135,68,117,67,54,30,45" hai2="12,23,99,16,18,1,32,22,122,133,92,13,100" hai3="62,89,4,85,41,83,21,64,11,96,57,87,113"/><U110/><E117/><V66/><F133/><W48/><G113/><T125/><D34/><U49/><E135/><V121/><F32/><W0/><G21/><T33/><D33/><U114/><E114/><V128/><F128/><W76/><G96/><T94/><D119/><U58/><E110/><V129/><F129/><W36/><G48/><T132/><D132/><U104/><E104/><V102/><F1/><W107/><G107/><T115/><D125/><U120/><E120/><V84/><F66/><W6/><G6/><T101/><D101/><U95/><E30/><V65/><F65/><W46/><REACH who="3" step="1"/><G89/><REACH who="3" ten="102,244,572,72" step="2"/><T105/><D105/><U109/><E109/><V39/><F122/><W75/><AGARI ba="1,1" hai="0,4,11,36,41,46,57,62,64,75,76,83,85,87" machi="75" ten="20,12000,2" yaku="1,1,2,1,0,1,7,1,25,2,53,1" doraHai="88" doraHaiUra="69" who="3" fromWho="3" sc="102,-31,244,-61,572,-31,72,133" /><INIT seed="6,0,0,3,1,36" ten="71,183,541,205" oya="2" hai0="26,13,105,28,122,133,89,108,19,69,88,119,43" hai1="79,131,57,73,77,20,35,31,87,112,71,82,45" hai2="1,50,56,7,85,118,8,39,40,120,65,55,76" hai3="49,109,110,61,34,130,51,127,53,103,10,25,22"/><V81/><F120/><W91/><G34/><T23/><D122/><U93/><E71/><V64/><F118/><W70/><G127/><T101/><D119/><U33/><E112/><V44/><AGARI ba="0,0" hai="1,7,8,39,40,44,50,55,56,64,65,76,81,85" machi="44" ten="30,3000,0" yaku="0,1,52,1" doraHai="36" who="2" fromWho="2" sc="71,-10,183,-10,541,30,205,-10" /><INIT seed="6,1,0,0,4,70" ten="61,173,571,195" oya="2" hai0="135,26,122,119,58,65,92,39,50,45,55,104,97" hai1="8,2,109,13,37,64,0,101,16,67,56,19,126" hai2="130,18,20,110,62,124,17,107,132,12,99,90,49" hai3="76,10,131,116,114,59,28,78,69,118,7,47,35"/><V108/><F124/><W31/><G69/><T43/><D122/><U44/><E109/><N who="2" m="42091" /><F132/><W11/><G131/><T53/><D119/><U85/><E126/><V23/><F130/><W48/><G114/><T68/><D135/><U82/><E101/><N who="2" m="62911" /><F90/><W30/><G35/><T66/><D104/><U29/><E29/><V71/><F49/><W25/><G25/><T134/><D134/><U102/><E102/><V74/><F74/><W117/><G59/><T125/><D125/><U93/><E93/><V63/><F71/><W34/><G34/><T112/><D112/><U33/><E33/><V86/><F86/><W100/><G100/><T15/><D15/><AGARI ba="1,0" hai="12,15,17,18,20,23,62,63" m="62911,42091" machi="15" ten="30,1500,0" yaku="10,1" doraHai="70" who="2" fromWho="0" sc="61,-18,173,0,571,18,195,0" /><INIT seed="6,2,0,3,5,107" ten="43,173,589,195" oya="2" hai0="127,77,64,25,3,52,89,130,84,94,120,31,38" hai1="36,7,63,1,9,62,6,14,61,2,112,60,74" hai2="102,37,35,86,50,43,114,108,26,10,66,111,96" hai3="73,103,51,93,132,41,59,134,90,72,65,126,4"/><V76/><F37/><W119/><G119/><T121/><D3/><U45/><E112/><V22/><F66/><W68/><G68/><T117/><D117/><U57/><E74/><N who="3" m="28778" /><G103/><T33/><D38/><U32/><E32/><V49/><F35/><W98/><G4/><T71/><D127/><U124/><E124/><V123/><F10/><W82/><G82/><T42/><D130/><U104/><E104/><V131/><F131/><W40/><G126/><T115/><D115/><U28/><E28/><V83/><F123/><W81/><G81/><T11/><D77/><U70/><E70/><V67/><F67/><W99/><G99/><T91/><D42/><U47/><E36/><V48/><F114/><W56/><G65/><T12/><D89/><U8/><REACH who="1" step="1"/><E14/><REACH who="1" ten="43,163,589,195" step="2"/><V5/><F111/><W55/><G59/><T133/><D133/><AGARI ba="2,1" hai="40,41,51,55,56,90,93,98,132,133,134" m="28778" machi="133" ten="30,7700,0" yaku="20,1,52,3" doraHai="107" who="3" fromWho="0" sc="43,-83,163,0,589,0,195,93" owari="-40,-54.0,163,-24.0,589,69.0,288,9.0" /></mjloggm>