<mjloggm ver="2.3"><GO type="225" lobby="0"/><UN n0="%61%6C%6F%74%75%73" n1="%61%6D%65%64%69%6F" n2="%E9%95%B7%E5%B7%9E%E3%81%AE%E5%85%8B" n3="%E3%83%88%E3%83%88%E3%83%AA%E5%85%88%E7%94%9F%31%39%E6%AD%B3" dan="16,18,17,17" rate="2086.30,2214.01,2163.03,2230.97" sx="M,M,M,F"/><TAIKYOKU oya="0"/><INIT seed="0,0,0,1,5,74" ten="250,250,250,250" oya="0" hai0="63,17,85,95,43,101,64,45,9,42,100,59,88" hai1="4,122,68,46,47,132,51,66,129,6,76,89,134" hai2="75,32,61,54,52,94,53,102,2,44,133,31,56" hai3="21,70,93,116,34,55,109,8,80,5,97,10,65"/><T103/><REACH who="0" step="1"/><D45/><REACH who="0" ten="240,250,250,250" step="2"/><U124/><E46/><V119/><F44/><W114/><G114/><T40/><D40/><U58/><E47/><V125/><F119/><W27/><G116/><T112/><D112/><U22/><E122/><V90/><F125/><W23/><G109/><T96/><D96/><U29/><E124/><V72/><F133/><W57/><G97/><T123/><D123/><U33/><E134/><V81/><F2/><W106/><G70/><T1/><D1/><U16/><E68/><V77/><F102/><W120/><G120/><T0/><D0/><U127/><E132/><V105/><F105/><W128/><G106/><T87/><D87/><U69/><E69/><V99/><REACH who="2" step="1"/><F72/><REACH who="2" ten="240,250,240,250" step="2"/><W41/><G41/><T82/><D82/><U86/><E127/><V91/><F91/><W20/><G80/><T25/><D25/><AGARI ba="0,2" hai="25,31,32,52,53,54,56,61,75,77,81,90,94,99" machi="25" ten="40,8000,1" yaku="1,1,52,1,54,1,53,1" doraHai="74" doraHaiUra="26" who="2" fromWho="0" sc="240,-80,250,0,240,100,250,0" /><INIT seed="1,0,0,0,4,43" ten="160,250,340,250" oya="1" hai0="53,7,22,54,5,74,87,17,71,26,94,109,27" hai1="11,59,88,4,76,131,135,51,84,9,34,70,118" hai2="75,91,40,92,41,24,21,55,95,126,48,113,107" hai3="28,93,64,83,85,117,67,44,25,29,65,63,32"/><U38/><E70/><V12/><F107/><W47/><G117/><T96/><D74/><U42/><E34/><V18/><F113/><W8/><G63/><T73/><D73/><U108/><E118/><V134/><F75/><W37/><G37/><T81/><D71/><U52/><E131/><V20/><F126/><W105/><G105/><T122/><D109/><U19/><E135/><V56/><F134/><W62/><G62/><T100/><D122/><U115/><E115/><V125/><F125/><W129/><G129/><T30/><D54/><U90/><E38/><V79/><F79/><W50/><G50/><T127/><D127/><U80/><E42/><V60/><F95/><W121/><G121/><T77/><REACH who="0" step="1"/><D53/><REACH who="0" ten="150,250,340,250" step="2"/><U104/><E108/><V45/><F41/><W99/><G64/><T103/><D103/><U82/><E82/><V14/><F21/><AGARI ba="0,1" hai="5,7,17,21,22,26,27,30,77,81,87,94,96,100" machi="21" ten="30,3900,0" yaku="1,1,7,1,8,1,53,0" doraHai="43" doraHaiUra="111" who="0" fromWho="2" sc="150,49,250,0,340,-39,250,0" /><INIT seed="2,0,0,1,1,71" ten="199,250,301,250" oya="2" hai0="123,75,38,106,25,113,68,111,33,57,65,48,98" hai1="36,46,94,32,128,17,108,104,10,8,40,135,37" hai2="127,97,58,129,74,64,42,4,92,31,6,41,56" hai3="11,83,53,5,86,119,76,132,84,44,12,54,34"/><V124/><F74/><W88/><G132/><T105/><D113/><U99/><E104/><V62/><F129/><W116/><G34/><T117/><D117/><U43/><E32/><V103/><F58/><W50/><REACH who="3" step="1"/><G54/><REACH who="3" ten="199,250,301,240" step="2"/><T3/><D33/><U23/><E135/><V77/><F42/><W35/><G35/><T49/><D123/><U45/><E128/><V101/><F41/><W47/><G47/><T134/><D134/><U82/><E108/><V102/><F127/><W95/><AGARI ba="0,1" hai="5,11,12,44,50,53,76,83,84,86,88,95,116,119" machi="95" ten="20,8000,1" yaku="1,1,0,1,7,1,54,1,53,1" doraHai="71" doraHaiUra="9" who="3" fromWho="3" sc="199,-20,250,-20,301,-40,240,90" /><INIT seed="3,0,0,0,3,82" ten="179,230,261,330" oya="3" hai0="7,112,110,4,63,132,103,116,43,62,120,135,74" hai1="64,14,126,97,101,77,1,42,65,50,84,3,49" hai2="128,71,121,93,131,134,70,69,35,95,102,26,119" hai3="9,6,133,105,90,96,73,129,99,57,30,37,12"/><W46/><G73/><T68/><D74/><U23/><E126/><V51/><F119/><W89/><G129/><N who="2" m="49737" /><F134/><N who="0" m="51242" /><D120/><U91/><E77/><V108/><F121/><W125/><G105/><T40/><D103/><U38/><E38/><V44/><F108/><W111/><G37/><T75/><D75/><U78/><E78/><V79/><F79/><W56/><G125/><T59/><D116/><U18/><E3/><V31/><F102/><W53/><G111/><T27/><D110/><U130/><E1/><V87/><F87/><W60/><G96/><T83/><D83/><U17/><E17/><V66/><F66/><N who="1" m="25705" /><E42/><AGARI ba="0,0" hai="26,31,35,42,44,51,69,70,71,93,95" m="49737" machi="42" ten="40,1300,0" yaku="19,1" doraHai="82" who="2" fromWho="1" sc="179,0,230,-13,261,13,330,0" owari="179,-32.0,217,-18.0,274,7.0,330,43.0" /></mjloggm>