<mjloggm ver="2.3"><GO type="169" lobby="0"/><UN n0="%E8%B6%85%E4%BA%BA%EF%BC%AD" n1="%E3%82%A6%E3%83%AB%E3%83%88%E3%83%A9%E7%AB%8B%E7%9B%B4" n2="%74%61%6B%65%74%6F%6D%69" n3="%E3%81%BE%E3%82%8B%E3%81%99%E3%81%91" dan="17,18,16,17" rate="2161.98,2206.45,2105.83,2163.71" sx="M,M,M,M"/><TAIKYOKU oya="0"/><INIT seed="0,0,0,0,4,118" ten="250,250,250,250" oya="0" hai0="44,64,11,117,6,56,134,39,115,27,96,74,104" hai1="71,75,55,10,45,50,61,23,133,24,126,91,5" hai2="94,112,36,20,108,68,65,99,49,62,130,87,82" hai3="81,19,116,28,122,111,48,1,92,43,88,60,103"/><T21/><D74/><U18/><E126/><V46/><F130/><W98/><G1/><T29/><D115/><U73/><E133/><V120/><F108/><W119/><G111/><T40/><D117/><N who="3" m="45129" /><G28/><T128/><D134/><U95/><E71/><V66/><F66/><W84/><G60/><T32/><D128/><U70/><E70/><V26/><F36/><W2/><G2/><T4/><D32/><U67/><E67/><V83/><F87/><W85/><G85/><T97/><D104/><U78/><E78/><V93/><F94/><W125/><G125/><T106/><D106/><U123/><E61/><V54/><F112/><W58/><G19/><T127/><D6/><U80/><E80/><V79/><F79/><W114/><G114/><T15/><D127/><U63/><E63/><V105/><F105/><W102/><G122/><T22/><D64/><U35/><E35/><V57/><F120/><W3/><G3/><T131/><D131/><U17/><E17/><V25/><F25/><W53/><G43/><T110/><D110/><U37/><E37/><V135/><F68/><W129/><G129/><T86/><D86/><U72/><E123/><V109/><F135/><W12/><G12/><T31/><D56/><U121/><E121/><V113/><F113/><W77/><G103/><T107/><D107/><U7/><REACH who="1" step="1"/><E10/><REACH who="1" ten="250,240,250,250" step="2"/><V42/><F65/><W34/><G34/><T16/><REACH who="0" step="1"/><D31/><REACH who="0" ten="240,240,250,250" step="2"/><U76/><E76/><V8/><F109/><W101/><G77/><T30/><D30/><U51/><E51/><V59/><F49/><W52/><G81/><N who="2" m="30729" /><F62/><W13/><G48/><RYUUKYOKU ba="0,2" sc="240,15,240,15,250,-15,250,-15" hai0="4,11,15,16,21,22,27,29,39,40,44,96,97" hai1="5,7,18,23,24,45,50,55,72,73,75,91,95" /><INIT seed="0,1,2,4,2,131" ten="255,255,235,235" oya="0" hai0="120,76,105,74,103,44,97,82,45,55,65,38,63" hai1="101,75,5,118,54,114,80,125,126,48,21,60,9" hai2="12,33,102,133,8,43,30,40,89,132,109,99,11" hai3="3,91,94,113,36,32,28,53,61,127,111,121,85"/><T68/><D55/><U88/><E118/><V123/><F123/><W37/><G113/><T58/><D58/><U107/><E60/><V62/><F109/><W116/><G116/><T130/><D45/><U110/><E21/><V95/><F62/><W27/><G111/><T15/><D15/><U108/><E101/><V17/><F8/><W115/><G115/><T67/><D67/><U77/><E107/><V4/><F17/><W16/><G121/><T96/><D96/><U79/><E79/><V24/><REACH who="2" step="1"/><F102/><REACH who="2" ten="255,255,225,235" step="2"/><W25/><G127/><N who="1" m="48650" /><E114/><V41/><AGARI ba="1,3" hai="4,11,12,24,30,33,40,41,43,89,95,99,132,133" machi="41" ten="30,8000,1" yaku="1,1,0,1,52,2,53,1" doraHai="131" doraHaiUra="6" who="2" fromWho="2" sc="255,-41,255,-21,225,113,235,-21" /><INIT seed="1,0,0,5,5,135" ten="214,234,338,214" oya="1" hai0="64,103,7,83,79,87,46,80,5,31,85,92,112" hai1="97,55,63,4,22,29,68,72,61,50,27,100,12" hai2="57,127,99,131,122,115,45,42,116,102,17,76,86" hai3="66,59,11,113,48,108,123,56,129,30,67,71,90"/><U35/><E72/><V77/><F116/><W23/><G123/><T34/><D112/><U2/><E68/><V130/><F122/><W119/><G113/><T134/><D134/><U98/><E2/><V114/><F57/><W101/><G119/><T82/><D64/><U8/><E35/><V16/><F127/><W32/><G32/><T28/><D46/><U9/><E9/><V117/><F117/><W54/><G71/><T120/><D120/><U89/><E89/><V39/><F114/><W13/><G101/><T73/><D73/><U47/><REACH who="1" step="1"/><E98/><REACH who="1" ten="214,224,338,214" step="2"/><V15/><F115/><W6/><G129/><T121/><D34/><U74/><E74/><V26/><F131/><W51/><G108/><T132/><D132/><U126/><E126/><V10/><F130/><W33/><G33/><T36/><D121/><U93/><AGARI ba="0,1" hai="4,8,12,22,27,29,47,50,55,61,63,93,97,100" machi="93" ten="20,12000,1" yaku="1,1,0,1,7,1,8,1,53,1" doraHai="135" doraHaiUra="19" who="1" fromWho="1" sc="214,-40,224,130,338,-40,214,-40" /><INIT seed="1,1,0,1,4,35" ten="174,354,298,174" oya="1" hai0="87,124,135,16,105,109,72,5,103,64,57,131,48" hai1="77,113,73,130,4,132,59,50,99,52,69,121,91" hai2="122,63,32,53,70,62,93,21,75,82,123,41,116" hai3="14,54,28,133,79,117,100,29,119,42,85,19,129"/><U43/><E121/><V115/><F32/><W68/><G68/><T12/><D72/><U65/><E113/><V2/><F21/><W104/><G42/><T13/><D135/><U0/><E132/><V26/><F41/><W56/><G133/><T108/><D131/><U17/><E130/><V67/><F75/><W39/><G39/><T44/><D124/><U22/><E43/><V90/><F70/><W30/><G129/><T23/><D87/><U127/><E127/><V120/><F93/><W107/><G79/><T96/><D44/><U83/><E65/><V126/><F67/><W111/><G85/><T94/><D105/><U58/><E69/><V88/><F120/><W6/><G6/><T102/><D102/><U37/><E37/><V95/><F95/><W101/><G111/><T125/><D125/><U49/><E91/><V134/><F134/><W89/><G89/><T114/><D114/><U18/><E99/><V34/><F126/><W98/><G101/><T71/><D71/><U47/><E47/><V74/><F90/><W9/><REACH who="3" step="1"/><G107/><REACH who="3" ten="174,354,298,164" step="2"/><T78/><D78/><U51/><E4/><V55/><F88/><W15/><G15/><T84/><D84/><U7/><E7/><V92/><F115/><W27/><G27/><T97/><D97/><U66/><E77/><V10/><F26/><W128/><G128/><T110/><D5/><U61/><E73/><V106/><F74/><W8/><G8/><T80/><D13/><U118/><E83/><V60/><F82/><W86/><G86/><T38/><D80/><U33/><E33/><V40/><F123/><RYUUKYOKU ba="1,1" sc="174,-10,354,-10,298,-10,164,30" hai3="9,14,19,28,29,30,54,56,98,100,104,117,119" /><INIT seed="2,2,1,5,2,17" ten="164,344,288,194" oya="2" hai0="11,40,133,9,32,27,68,24,129,4,124,128,52" hai1="104,111,63,84,41,130,7,122,50,31,30,94,89" hai2="0,134,107,96,119,90,131,74,87,132,135,103,85" hai3="97,23,117,69,98,101,37,64,2,36,93,120,71"/><V8/><F0/><W91/><G117/><T60/><D40/><U18/><E104/><V42/><F42/><W56/><G120/><T26/><D32/><U123/><E111/><V28/><F8/><N who="0" m="3146" /><D4/><U29/><E130/><N who="0" m="50281" /><D124/><U67/><E18/><V15/><F15/><W77/><G2/><T38/><D38/><U10/><E50/><V81/><F131/><W14/><G77/><T73/><D73/><U25/><E41/><V49/><F49/><W92/><G56/><N who="0" m="34823" /><D68/><U53/><E53/><V70/><F70/><W112/><G71/><T113/><D133/><U76/><E76/><V102/><F28/><W78/><G78/><T118/><D118/><U59/><REACH who="1" step="1"/><E25/><REACH who="1" ten="164,334,288,194" step="2"/><V114/><F119/><W12/><G37/><T20/><D113/><U57/><E57/><V47/><F47/><W34/><G36/><T66/><D66/><U45/><E45/><V35/><F114/><W108/><G112/><T33/><D33/><U51/><E51/><V88/><F35/><W58/><G69/><T83/><D83/><U99/><E99/><V1/><F96/><W13/><G34/><T22/><AGARI ba="2,2" hai="20,22,24,26,27" m="34823,50281,3146" machi="22" ten="40,8000,1" yaku="19,1,52,2,54,1" doraHai="17" who="0" fromWho="0" sc="164,106,334,-22,288,-42,194,-22" /><INIT seed="3,0,0,3,5,52" ten="270,312,246,172" oya="3" hai0="82,11,61,50,26,85,31,42,57,68,67,55,121" hai1="83,122,131,14,76,98,117,99,5,70,111,6,40" hai2="37,51,49,17,66,53,58,107,90,109,118,126,60" hai3="12,106,130,54,114,63,115,27,86,43,16,1,135"/><W84/><G1/><T132/><D132/><U47/><E70/><V71/><F107/><W29/><G106/><T123/><D11/><U65/><E131/><V93/><F109/><W116/><G116/><T79/><REACH who="0" step="1"/><D42/><REACH who="0" ten="260,312,246,172" step="2"/><U22/><E40/><V8/><F118/><W13/><G135/><T91/><D91/><U48/><E117/><V124/><F124/><W25/><G130/><T73/><D73/><U7/><E111/><V62/><F126/><W39/><G114/><T128/><D128/><U36/><E122/><V74/><F74/><W80/><G115/><T92/><D92/><U105/><E105/><V75/><F75/><W94/><G43/><T32/><AGARI ba="0,1" hai="26,31,32,50,55,57,61,67,68,79,82,85,121,123" machi="32" ten="20,5200,0" yaku="1,1,0,1,7,1,52,1,53,0" doraHai="52" doraHaiUra="34" who="0" fromWho="0" sc="260,62,312,-13,246,-13,172,-26" /><INIT seed="4,0,0,1,4,24" ten="322,299,233,146" oya="0" hai0="52,29,42,122,39,0,103,10,65,104,115,95,107" hai1="75,63,117,13,3,105,71,45,119,78,99,1,2" hai2="108,11,14,23,130,28,38,57,125,91,113,73,118" hai3="51,106,54,98,100,47,90,40,124,49,44,127,15"/><T70/><D122/><U92/><E13/><V48/><F38/><W96/><REACH who="3" step="1"/><G15/><REACH who="3" ten="322,299,233,136" step="2"/><T109/><D109/><U18/><E2/><V116/><F108/><W4/><G4/><T132/><D0/><U86/><E1/><V9/><F14/><W102/><G102/><T121/><D103/><U77/><E3/><V33/><F116/><W101/><G101/><T112/><D121/><U26/><E119/><V35/><F118/><W19/><G19/><T62/><D115/><U30/><E18/><V43/><F113/><W133/><G133/><T31/><D132/><U41/><E117/><V135/><F135/><W89/><G89/><T126/><D112/><U64/><E78/><V56/><F91/><W34/><G34/><T16/><D126/><U60/><E77/><V27/><F125/><W37/><G37/><T20/><D16/><U120/><E120/><V21/><F35/><W46/><G46/><T66/><D39/><U12/><E12/><V129/><F33/><W7/><G7/><T59/><D20/><U82/><E45/><V68/><F23/><W128/><G128/><T84/><D10/><U32/><E32/><V36/><F36/><W22/><G22/><T76/><D31/><U81/><E30/><V5/><F9/><W67/><G67/><T53/><D65/><U114/><E64/><V6/><F11/><W74/><G74/><T83/><D29/><U94/><E75/><V97/><F73/><W61/><G61/><T134/><D66/><U123/><E63/><V50/><F130/><W85/><G85/><T58/><D134/><U131/><E114/><RYUUKYOKU ba="0,1" sc="322,-10,299,-10,233,-10,136,30" hai3="40,44,47,49,51,54,90,96,98,100,106,124,127" /><INIT seed="5,1,1,2,4,28" ten="312,289,223,166" oya="1" hai0="44,133,1,14,109,115,108,97,39,17,16,119,75" hai1="111,85,72,74,32,25,91,113,95,35,11,33,58" hai2="49,47,92,73,98,24,42,55,129,20,15,123,96" hai3="80,110,93,134,65,3,78,82,46,124,121,0,71"/><U61/><E113/><V4/><F129/><W9/><G121/><T77/><D1/><U127/><E127/><V21/><F73/><W23/><G110/><T101/><D119/><U103/><E111/><V26/><F123/><W7/><G124/><T76/><D115/><U69/><E69/><V105/><F105/><W30/><G134/><T86/><D75/><U83/><E11/><N who="2" m="4583" /><F42/><W131/><G131/><T19/><D14/><U102/><E25/><N who="2" m="9835" /><F98/><W48/><G30/><T31/><D31/><U116/><E116/><V122/><F122/><W100/><G23/><T125/><D133/><U12/><E12/><V40/><F55/><W22/><G22/><T112/><D112/><U106/><E106/><V29/><F29/><W107/><G107/><T114/><D125/><U53/><E103/><AGARI ba="1,1" hai="20,21,40,47,49,92,96,103" m="9835,4583" machi="103" ten="30,1000,0" yaku="8,1" doraHai="28" who="2" fromWho="1" sc="312,0,289,-13,223,23,166,0" /><INIT seed="6,0,0,1,2,41" ten="312,276,246,166" oya="2" hai0="23,135,36,69,97,107,57,28,71,110,130,12,112" hai1="76,27,86,51,60,129,22,102,61,84,17,114,32" hai2="43,127,65,111,95,83,98,15,63,49,20,5,132" hai3="29,120,9,68,92,99,31,77,81,96,104,18,10"/><V117/><F117/><W128/><G128/><T33/><D36/><U11/><E32/><V6/><F111/><W133/><G68/><T94/><D107/><U59/><E114/><V70/><F132/><W121/><G104/><T123/><D33/><U40/><E129/><V34/><F34/><W14/><G133/><T106/><D106/><U118/><E118/><V72/><F72/><W21/><G120/><T16/><D28/><U35/><E35/><V113/><F83/><W116/><G121/><T105/><D105/><U93/><E11/><V25/><F15/><W54/><G116/><T67/><D123/><U75/><E75/><V89/><F113/><W50/><G10/><T79/><D79/><U87/><E76/><V80/><F80/><W62/><G62/><T24/><D110/><U39/><E39/><V48/><F127/><W47/><G9/><T30/><D130/><U46/><E59/><V26/><F26/><W103/><REACH who="3" step="1"/><G99/><AGARI ba="0,0" hai="17,22,27,40,46,51,60,61,84,86,87,93,99,102" machi="99" ten="40,2600,0" yaku="8,1,52,1" doraHai="41" who="1" fromWho="3" sc="312,0,276,26,246,0,166,-26" /><INIT seed="7,0,0,5,5,120" ten="312,302,246,140" oya="3" hai0="30,84,100,75,16,23,112,17,90,125,92,108,123" hai1="39,119,61,106,109,27,49,1,37,8,127,59,33" hai2="42,97,46,116,28,72,0,94,19,13,65,26,11" hai3="122,5,111,89,83,86,44,128,73,18,77,124,80"/><W6/><G122/><T93/><D108/><U21/><E109/><V2/><F72/><W107/><G111/><T102/><D75/><U126/><E106/><V45/><F65/><W99/><G128/><T95/><D123/><U55/><E33/><V9/><F116/><W31/><G124/><N who="1" m="47658" /><E49/><V118/><F9/><W91/><G31/><T51/><D112/><U68/><E68/><V3/><F118/><W53/><G18/><N who="0" m="7275" /><D51/><U15/><E1/><V47/><F42/><W20/><G20/><T76/><D76/><U25/><E119/><V88/><REACH who="2" step="1"/><F3/><REACH who="2" ten="312,302,236,140" step="2"/><W130/><G130/><T56/><D125/><U12/><E8/><V114/><F114/><W32/><G32/><AGARI ba="0,1" hai="0,2,11,13,19,26,28,32,45,46,47,88,94,97" machi="32" ten="40,5200,0" yaku="1,1,54,1,53,1" doraHai="120" doraHaiUra="14" who="2" fromWho="3" sc="312,0,302,0,236,62,140,-52" owari="312,41.0,302,10.0,298,-10.0,88,-41.0" /></mjloggm>