<mjloggm ver="2.3"><GO type="41" lobby="0"/><UN n0="%64%61%7A%65%64%61%7A%65" n1="%E5%B0%B1%E6%B4%BB%E7%94%9F%40%E5%B7%9D%E6%9D%91%E8%BB%8D%E5%9B%A3" n2="%74%65%72%75%6F%30%30%30" n3="%52%75%73%73%69%61%6E" dan="13,14,13,14" rate="1954.16,1965.03,1887.79,1920.35" sx="M,M,F,M"/><TAIKYOKU oya="0"/><INIT seed="0,0,0,0,4,119" ten="250,250,250,250" oya="0" hai0="107,106,74,101,20,26,80,8,1,22,94,35,34" hai1="89,110,10,122,77,105,30,97,24,81,57,44,91" hai2="33,37,53,96,7,112,23,83,116,99,62,129,120" hai3="115,51,32,61,114,14,60,9,109,85,46,3,87"/><T73/><D1/><U111/><E44/><V39/><F112/><W79/><G32/><T98/><D8/><U131/><E131/><V2/><F33/><W88/><G3/><T13/><D35/><U132/><E132/><V135/><F129/><W134/><G109/><N who="1" m="41482" /><E10/><V56/><F135/><W50/><G134/><T92/><D34/><N who="1" m="20807" /><E57/><V75/><F116/><W65/><G115/><T38/><D38/><U27/><E27/><V108/><F108/><W52/><G114/><T59/><D59/><U93/><E105/><V71/><F71/><W55/><G65/><T121/><D121/><U49/><E49/><V78/><F120/><W66/><G66/><T118/><D118/><U48/><E48/><V76/><F39/><W82/><G51/><T12/><D26/><U70/><E70/><V5/><F37/><W11/><G11/><T42/><D42/><U41/><E41/><V58/><F2/><W123/><G123/><T17/><D22/><U43/><E43/><V125/><F23/><W16/><REACH who="3" step="1"/><G55/><REACH who="3" ten="250,250,250,240" step="2"/><T90/><D20/><U124/><E122/><V31/><F53/><W130/><G130/><T127/><D17/><U102/><E124/><V54/><F125/><W0/><G0/><T15/><D127/><U45/><E45/><V69/><F54/><W103/><G103/><T84/><D106/><U25/><E25/><V113/><F113/><W64/><G64/><T47/><D47/><U19/><E19/><V18/><F18/><W128/><G128/><T95/><AGARI ba="0,1" hai="12,13,15,73,74,80,84,90,92,94,95,98,101,107" machi="95" ten="30,1500,0" yaku="0,1" doraHai="119" who="0" fromWho="0" sc="250,25,250,-5,250,-5,240,-5" /><INIT seed="0,1,0,1,3,129" ten="275,245,245,235" oya="0" hai0="46,14,86,32,104,20,40,100,120,82,26,133,9" hai1="128,87,21,47,19,61,1,89,71,70,79,17,126" hai2="42,53,16,41,51,13,43,115,85,44,67,65,74" hai3="37,109,119,108,54,111,7,121,22,106,59,3,2"/><T11/><D120/><U91/><E1/><N who="3" m="10" /><G106/><T18/><D32/><U105/><E105/><V83/><F74/><W55/><G59/><T57/><D57/><U27/><E126/><V58/><F115/><W112/><G37/><T117/><D117/><U10/><E128/><V5/><F5/><W31/><G7/><T93/><D104/><U94/><E79/><V33/><F33/><W38/><G38/><T50/><D11/><U125/><E125/><V127/><F58/><W60/><G60/><T130/><D93/><U15/><E47/><V72/><F72/><W96/><G96/><T63/><D63/><U64/><E91/><N who="2" m="51647" /><F127/><W135/><G112/><T134/><D100/><U35/><E35/><V98/><F98/><W66/><G66/><T28/><REACH who="0" step="1"/><D130/><REACH who="0" ten="265,245,245,235" step="2"/><U0/><E0/><V78/><F78/><AGARI ba="1,1" hai="9,14,18,20,26,28,40,46,50,78,82,86,133,134" machi="78" ten="40,12000,1" yaku="1,1,2,1,52,2,53,0" doraHai="129" doraHaiUra="113" who="0" fromWho="2" sc="265,133,245,0,245,-123,235,0" /><INIT seed="0,2,0,5,2,134" ten="398,245,122,235" oya="0" hai0="118,16,27,92,29,11,101,119,111,60,116,120,38" hai1="13,94,98,37,6,36,129,132,113,69,50,15,135" hai2="86,125,52,41,68,62,51,72,117,4,1,53,81" hai3="91,74,49,103,115,7,90,78,34,19,67,82,57"/><T89/><D120/><U30/><E69/><V35/><F72/><W70/><G34/><T133/><D38/><U88/><E113/><V39/><F35/><W106/><G115/><T131/><D133/><N who="1" m="51275" /><E129/><V24/><F24/><W17/><G7/><T105/><D131/><U64/><E30/><V32/><F32/><W3/><G3/><T80/><D60/><U96/><E64/><V107/><F107/><W104/><G70/><T76/><D111/><U23/><E50/><V48/><F4/><W43/><G106/><T8/><D101/><U21/><E98/><V102/><F1/><W12/><G104/><T109/><D105/><U85/><E96/><V10/><F102/><W47/><G103/><T128/><D109/><U77/><E77/><V100/><F100/><W58/><G67/><T2/><D2/><U95/><E95/><V83/><F68/><W99/><G99/><T5/><D128/><U75/><E75/><V20/><F39/><N who="1" m="14921" /><E15/><V84/><F41/><W127/><G127/><T122/><D122/><U126/><E126/><V44/><F125/><W25/><G25/><T121/><D121/><U79/><E79/><V87/><F62/><W61/><G61/><T59/><D119/><U123/><E123/><V9/><F117/><W18/><REACH who="3" step="1"/><G12/><REACH who="3" ten="398,245,122,225" step="2"/><T28/><D27/><U46/><E94/><V40/><F81/><W31/><G31/><T63/><D29/><U130/><E13/><V97/><F83/><W33/><G33/><T65/><D28/><U114/><E130/><V56/><F97/><W45/><G45/><T54/><D116/><U71/><E114/><RYUUKYOKU ba="2,1" sc="398,-10,245,-10,122,-10,225,30" hai3="17,18,19,43,47,49,57,58,74,78,82,90,91" /><INIT seed="1,3,1,2,3,126" ten="388,235,112,255" oya="1" hai0="46,37,25,26,61,4,85,50,62,75,133,22,134" hai1="127,74,9,24,104,57,18,80,40,43,135,113,58" hai2="119,118,106,5,13,78,11,91,112,100,73,67,20" hai3="132,34,82,16,31,89,19,99,97,84,63,8,90"/><U107/><E113/><V35/><F35/><W30/><G34/><T2/><D75/><U120/><E120/><V115/><F20/><W101/><G132/><N who="0" m="50795" /><D37/><U111/><E135/><V92/><F100/><W109/><G109/><T3/><D85/><U44/><E127/><V7/><F106/><W114/><G114/><N who="2" m="43561" /><F7/><W110/><G110/><T81/><D81/><U77/><E111/><V56/><F78/><W76/><G63/><N who="0" m="24075" /><D22/><U124/><E124/><V66/><F56/><W86/><G101/><T48/><D4/><U121/><E121/><V88/><F91/><W95/><G76/><T21/><D26/><U60/><E43/><V122/><F73/><W27/><G27/><T53/><D48/><U15/><E24/><V72/><F72/><W54/><G54/><T42/><D42/><U123/><E123/><V45/><F45/><W41/><G41/><T93/><D93/><U65/><REACH who="1" step="1"/><E58/><REACH who="1" ten="388,225,112,255" step="2"/><V129/><F122/><W64/><G64/><N who="2" m="24617" /><F129/><W87/><G82/><T94/><D94/><U116/><E116/><V131/><F131/><W51/><G95/><T28/><AGARI ba="3,2" hai="2,3,21,25,28,46,50,53" m="24075,50795" machi="28" ten="30,1100,0" yaku="20,1" doraHai="126" who="0" fromWho="0" sc="388,40,225,-8,112,-6,255,-6" /><INIT seed="2,0,0,3,1,12" ten="428,217,106,249" oya="2" hai0="48,116,20,95,115,34,82,90,87,104,93,53,24" hai1="33,77,98,14,108,71,113,39,62,52,99,25,107" hai2="32,97,110,56,122,64,84,96,18,66,78,59,50" hai3="114,10,128,92,0,38,23,51,119,9,123,74,11"/><V102/><F122/><W112/><G74/><T117/><D34/><U120/><E39/><V91/><F32/><W121/><G38/><T16/><D115/><N who="3" m="44073" /><G92/><T63/><D63/><U133/><E113/><V26/><F78/><W127/><G51/><T70/><D70/><U21/><E120/><N who="3" m="46154" /><G128/><T76/><D104/><U118/><E108/><V135/><F135/><W36/><G36/><T43/><D43/><U68/><E118/><N who="0" m="45673" /><D76/><U80/><E133/><V6/><F6/><N who="3" m="1223" /><G119/><T88/><D90/><U85/><E33/><V58/><F110/><W35/><G127/><T89/><D89/><U44/><E107/><V79/><F79/><W131/><G35/><T29/><D29/><U54/><E71/><V46/><F102/><W42/><G42/><T4/><D4/><U57/><E68/><V15/><F26/><W31/><G131/><T72/><D72/><U3/><E3/><V19/><F19/><W8/><G23/><T22/><D22/><U45/><E14/><V5/><F5/><W41/><G41/><T109/><D109/><U67/><E45/><AGARI ba="0,0" hai="16,20,24,45,48,53,82,87,88,93,95" m="45673" machi="45" ten="30,7700,0" yaku="12,1,52,1,54,2" doraHai="12" who="0" fromWho="1" sc="428,77,217,-77,106,0,249,0" /><INIT seed="3,0,0,3,5,85" ten="505,140,106,249" oya="3" hai0="27,30,86,117,99,14,72,37,9,134,118,96,26" hai1="76,61,91,16,23,0,64,54,10,125,21,13,36" hai2="1,114,77,42,3,105,11,39,113,22,41,15,73" hai3="83,32,84,129,82,94,74,102,126,28,115,70,45"/><W106/><G70/><T103/><D37/><U50/><E36/><V31/><F105/><W49/><G115/><T107/><D99/><U95/><E76/><V65/><F65/><W5/><G32/><T68/><D72/><U69/><E0/><V130/><F130/><W127/><G28/><T52/><D68/><U124/><E50/><V132/><F132/><W44/><G5/><T63/><D27/><U133/><E133/><V57/><F57/><W71/><G71/><T48/><D63/><U135/><E54/><V53/><F53/><W131/><G49/><T35/><D86/><U8/><E23/><V87/><F73/><W121/><G44/><T93/><D107/><U33/><E33/><V25/><F1/><W56/><G45/><T66/><D66/><U6/><E135/><V67/><F67/><W46/><G46/><T100/><D103/><U109/><E109/><V29/><F3/><W40/><G56/><T60/><D60/><U19/><E6/><V97/><F39/><W111/><G40/><T18/><D134/><U104/><E104/><V92/><F113/><W2/><G2/><T38/><D38/><U43/><E43/><V17/><F114/><W75/><G111/><T78/><D78/><U79/><E79/><V123/><F31/><W110/><G110/><T59/><AGARI ba="0,0" hai="9,14,18,26,30,35,48,52,59,93,96,100,117,118" machi="59" ten="20,2700,0" yaku="0,1,7,1,54,1" doraHai="85" who="0" fromWho="0" sc="505,27,140,-7,106,-7,249,-13" /><INIT seed="4,0,0,1,3,110" ten="532,133,99,236" oya="0" hai0="89,27,46,66,134,78,105,117,69,75,97,72,4" hai1="130,111,100,85,119,59,82,23,55,15,26,83,79" hai2="54,84,112,99,70,31,132,121,126,28,32,52,22" hai3="123,35,103,3,6,67,129,13,91,131,74,10,116"/><T42/><D117/><U38/><E111/><V102/><F121/><W87/><G116/><T33/><D4/><U92/><E130/><N who="3" m="49674" /><G35/><T114/><D89/><U106/><E119/><V30/><F32/><W48/><G74/><T14/><D78/><U96/><E38/><V2/><F2/><W11/><G123/><T122/><D14/><U61/><E15/><V104/><F132/><W120/><G120/><T7/><D134/><U49/><E83/><V44/><F126/><W86/><G67/><T95/><D7/><U60/><REACH who="1" step="1"/><E106/><REACH who="1" ten="532,123,99,236" step="2"/><V57/><F112/><W51/><G13/><T41/><D114/><U133/><E133/><V107/><F107/><W64/><G10/><T5/><D105/><U17/><AGARI ba="0,1" hai="17,23,26,49,55,59,60,61,79,82,85,92,96,100" machi="17" ten="20,5200,0" yaku="1,1,0,1,7,1,8,1,53,0" doraHai="110" doraHaiUra="113" who="1" fromWho="1" sc="532,-26,123,62,99,-13,236,-13" /><INIT seed="5,0,0,4,2,36" ten="506,185,86,223" oya="1" hai0="100,62,116,94,113,11,24,10,42,110,14,103,21" hai1="49,1,0,126,7,106,134,45,51,29,96,118,88" hai2="37,123,46,23,125,98,67,87,79,122,57,112,86" hai3="27,63,129,69,101,131,18,30,44,102,58,124,20"/><U121/><E118/><V16/><F125/><W48/><G124/><T34/><D110/><U31/><E121/><V105/><F123/><W15/><G69/><T13/><D34/><U117/><E117/><V82/><F122/><W76/><G76/><T70/><D116/><U6/><E134/><V74/><F112/><W119/><G119/><T99/><D42/><U39/><E126/><V26/><F105/><W3/><G3/><T40/><D40/><U71/><E71/><V109/><F109/><W68/><G68/><T17/><D113/><U55/><E39/><V50/><F37/><W130/><G63/><T107/><D62/><U80/><E1/><V72/><F98/><W2/><G2/><T75/><D75/><U115/><E115/><V25/><F25/><W41/><REACH who="3" step="1"/><G58/><REACH who="3" ten="506,185,86,213" step="2"/><T73/><D70/><U133/><E0/><V12/><F74/><W33/><AGARI ba="0,1" hai="15,18,20,27,30,33,41,44,48,101,102,129,130,131" machi="33" ten="30,8000,1" yaku="1,1,2,1,0,1,19,1,52,1,53,0" doraHai="36" doraHaiUra="93" who="3" fromWho="3" sc="506,-20,185,-40,86,-20,213,90" /><INIT seed="6,0,0,4,3,9" ten="486,145,66,303" oya="2" hai0="117,56,70,66,116,48,102,23,63,16,82,112,83" hai1="55,11,115,8,122,105,17,109,88,57,54,100,41" hai2="78,10,107,91,28,7,51,47,5,53,97,3,33" hai3="77,125,127,110,85,74,106,58,111,134,118,32,101"/><V114/><F114/><W79/><G32/><T123/><D112/><U43/><E109/><N who="3" m="41482" /><G58/><T2/><D2/><U130/><E130/><V50/><F78/><N who="3" m="29707" /><G74/><T72/><D72/><U38/><E38/><V37/><F37/><W49/><G49/><T18/><D18/><U104/><E122/><V121/><F121/><W89/><G118/><N who="0" m="45675" /><D102/><U26/><E100/><V34/><F28/><W65/><G65/><T119/><D119/><U87/><E115/><V84/><F7/><W80/><G134/><T0/><D0/><U98/><E98/><AGARI ba="0,0" hai="80,85,89,98,101,106,125,127" m="29707,41482" machi="98" ten="30,2000,0" yaku="34,2" doraHai="9" who="3" fromWho="1" sc="486,0,145,-20,66,0,303,20" /><INIT seed="7,0,0,1,0,54" ten="486,125,66,323" oya="3" hai0="133,80,70,98,21,42,78,13,28,20,74,131,11" hai1="3,56,19,114,9,99,31,10,94,59,96,118,30" hai2="53,58,23,112,75,67,1,102,7,127,51,120,123" hai3="4,6,18,91,16,106,104,69,89,46,68,126,84"/><W103/><G46/><T135/><D70/><U110/><E114/><V47/><F75/><W49/><G84/><T76/><D131/><U2/><E110/><V134/><F112/><W105/><G126/><T43/><D78/><U44/><E44/><V37/><F127/><W38/><G49/><T73/><D74/><U15/><E118/><V108/><F108/><W88/><G103/><T41/><D98/><U45/><E45/><V14/><F1/><W5/><REACH who="3" step="1"/><G38/><REACH who="3" ten="486,125,66,313" step="2"/><T132/><D28/><U107/><E31/><V64/><F134/><W62/><G62/><T125/><D125/><U60/><E30/><V82/><F123/><W65/><G65/><T83/><D80/><U26/><E60/><V39/><F120/><W12/><G12/><T116/><D116/><U77/><E15/><V22/><F37/><W61/><G61/><T29/><D29/><U79/><E99/><V128/><F128/><W86/><G86/><T111/><D111/><U85/><E96/><V24/><F102/><W109/><G109/><T17/><AGARI ba="0,1" hai="11,13,17,20,21,41,42,43,73,76,83,132,133,135" machi="17" ten="40,2700,0" yaku="0,1,20,1" doraHai="54" who="0" fromWho="0" sc="486,37,125,-7,66,-7,313,-13" owari="523,62.0,118,-28.0,59,-44.0,300,10.0" /></mjloggm>