<mjloggm ver="2.3"><GO type="41" lobby="0"/><UN n0="%E8%92%BC%E6%9C%A8%E3%81%B2%E3%81%92%E3%82%8B" n1="%E3%81%97%E3%82%83%E3%81%8A%E3%81%8B%E3%81%8A" n2="%E5%B0%B1%E6%B4%BB%E7%94%9F%40%E5%B7%9D%E6%9D%91%E8%BB%8D%E5%9B%A3" n3="%E4%B8%80%E9%96%83%E3%81%95%E3%82%93" dan="13,14,16,15" rate="1935.34,1987.88,2032.50,2018.75" sx="M,M,M,M"/><TAIKYOKU oya="0"/><INIT seed="0,0,0,2,3,133" ten="250,250,250,250" oya="0" hai0="113,31,105,121,78,122,74,34,13,45,83,103,20" hai1="61,69,47,17,79,64,24,12,115,1,46,52,123" hai2="114,16,118,87,97,27,82,39,130,124,71,23,22" hai3="42,90,58,18,25,116,75,111,98,67,63,92,41"/><T65/><D113/><U132/><E1/><V8/><F71/><W77/><G116/><T85/><D34/><U109/><E79/><V29/><F39/><W56/><G111/><T134/><D134/><U40/><E132/><V88/><F114/><W54/><G75/><T7/><D65/><U106/><E106/><V125/><F118/><W66/><G77/><T50/><D74/><U108/><E115/><V21/><F130/><W15/><G25/><T37/><D37/><U96/><E96/><V3/><F97/><W117/><G117/><T38/><D38/><N who="1" m="21783" /><E24/><V48/><F48/><W35/><G35/><T120/><D103/><U28/><E12/><V76/><F76/><W19/><G19/><T33/><D33/><U135/><E17/><V131/><F131/><W91/><G91/><T2/><D2/><U14/><E14/><V68/><F68/><W94/><G94/><T128/><D105/><U51/><E28/><V0/><F0/><W95/><G95/><T129/><D31/><U80/><E80/><V9/><F9/><N who="3" m="6511" /><G67/><T86/><D86/><U59/><E135/><V55/><F55/><W43/><G43/><N who="0" m="24895" /><D20/><U112/><E112/><V32/><REACH who="2" step="1"/><F16/><REACH who="2" ten="250,250,240,250" step="2"/><W126/><G42/><T26/><D26/><U107/><E107/><V10/><F10/><AGARI ba="0,1" hai="7,10,13,78,83,85,120,121,122,128,129" m="24895" machi="10" ten="40,2000,0" yaku="25,1" doraHai="133" who="0" fromWho="2" sc="250,30,250,0,240,-20,250,0" /><INIT seed="0,1,0,2,0,106" ten="280,250,220,250" oya="0" hai0="60,64,129,3,93,95,28,110,98,19,29,124,10" hai1="32,62,57,96,104,24,127,71,103,134,135,70,115" hai2="18,97,17,16,67,91,23,107,56,13,79,25,80" hai3="66,34,69,83,78,52,118,90,35,59,120,27,63"/><T99/><D129/><U12/><E12/><V133/><F133/><N who="1" m="50697" /><E115/><V114/><F114/><W109/><G118/><T51/><D124/><U31/><E127/><V84/><F13/><W37/><G109/><T38/><D38/><U113/><E113/><V112/><F112/><W36/><G120/><T7/><D19/><U5/><E5/><V72/><F67/><AGARI ba="1,0" hai="24,31,32,57,62,67,70,71,96,103,104" m="50697" machi="67" ten="30,1000,0" yaku="20,1" doraHai="106" who="1" fromWho="2" sc="280,0,250,13,220,-13,250,0" /><INIT seed="1,0,0,4,4,94" ten="280,263,207,250" oya="1" hai0="77,105,133,9,34,64,119,122,134,12,36,17,32" hai1="31,115,83,30,110,25,132,62,96,123,29,59,129" hai2="127,131,70,85,43,41,124,3,84,7,114,95,68" hai3="39,48,24,71,15,6,57,16,1,54,99,14,113"/><U88/><E83/><V120/><F7/><W93/><G113/><T44/><D119/><U38/><E38/><V23/><F3/><W130/><G39/><T86/><D122/><U49/><E129/><V5/><F5/><W92/><G71/><N who="2" m="27177" /><F120/><W109/><G109/><T87/><D64/><U78/><E78/><V63/><F23/><N who="3" m="13415" /><G1/><T55/><D105/><U2/><E2/><V135/><F63/><W98/><G130/><T13/><D13/><N who="3" m="4617" /><G6/><T47/><D36/><U74/><E74/><V27/><F27/><W56/><G56/><T22/><D9/><U79/><E79/><V58/><F58/><W126/><G126/><N who="2" m="48169" /><F131/><W125/><G125/><T0/><D0/><U108/><E123/><V11/><F11/><W8/><G8/><T46/><D77/><U107/><E107/><V76/><F76/><W82/><G82/><T116/><D116/><U117/><E117/><V101/><F114/><W112/><G112/><T51/><D32/><U35/><E115/><V69/><F135/><N who="0" m="51722" /><D34/><U75/><E132/><V4/><F4/><W90/><G93/><T19/><D17/><U45/><E75/><V91/><F101/><W128/><G128/><T118/><D118/><U66/><E110/><V33/><F33/><W37/><G37/><T100/><D100/><U61/><E108/><V50/><F50/><W67/><G67/><T81/><D81/><U28/><E61/><V89/><N who="2" m="27185" /><V97/><DORA hai="18" /><F89/><W20/><G20/><T73/><D73/><U40/><E88/><V26/><F26/><W60/><G60/><T10/><D10/><U72/><E72/><RYUUKYOKU ba="0,0" sc="280,0,263,0,207,0,250,0" hai0="12,19,22,44,46,47,51,55,86,87" hai1="25,28,29,30,31,35,40,45,49,59,62,66,96" hai2="41,43,84,85,91,95,97" hai3="48,54,57,90,92,98,99" /><INIT seed="1,1,0,3,4,67" ten="280,263,207,250" oya="1" hai0="50,90,68,55,87,99,131,63,98,132,129,101,14" hai1="38,97,9,105,52,123,83,3,117,33,75,4,8" hai2="114,77,102,18,128,89,17,36,121,12,134,119,15" hai3="96,5,47,11,104,40,85,86,46,58,62,74,2"/><U54/><E33/><V64/><F36/><W72/><G104/><T103/><D132/><U26/><E117/><V125/><F119/><W107/><G107/><T13/><D99/><U111/><E123/><V6/><F121/><W95/><G74/><T66/><D103/><U112/><E112/><V88/><F134/><W53/><G72/><T32/><D32/><U44/><E26/><V41/><F6/><W48/><REACH who="3" step="1"/><G47/><REACH who="3" ten="280,263,207,240" step="2"/><T1/><D131/><U45/><E45/><V51/><F128/><W20/><G20/><T92/><D129/><U43/><E9/><V91/><F114/><W124/><G124/><T106/><D1/><U130/><E130/><V22/><F125/><W59/><G59/><AGARI ba="1,1" hai="13,14,50,55,59,63,66,68,87,90,92,98,101,106" machi="59" ten="30,2000,0" yaku="7,1,52,1" doraHai="67" who="0" fromWho="3" sc="280,33,263,0,207,0,240,-23" /><INIT seed="2,0,0,5,5,125" ten="313,263,207,217" oya="2" hai0="27,117,124,80,52,61,68,19,109,88,56,53,20" hai1="46,118,73,130,11,83,81,38,47,0,24,18,59" hai2="1,36,74,71,78,127,95,93,49,15,54,39,51" hai3="99,40,90,66,5,67,50,131,60,17,87,126,96"/><V29/><F1/><W57/><G126/><T103/><D124/><U108/><E73/><V101/><F127/><W72/><G72/><T41/><D41/><U31/><E118/><V21/><F71/><W134/><G134/><T111/><D117/><U42/><E47/><V128/><F128/><W132/><G132/><T64/><D103/><U102/><E108/><N who="0" m="41545" /><D68/><U129/><E102/><V25/><F51/><W69/><G5/><T62/><D62/><U70/><E70/><V12/><F74/><W114/><G114/><T133/><D133/><U92/><E92/><N who="2" m="35403" /><F39/><W89/><G69/><T123/><D123/><U37/><E37/><V22/><F36/><W82/><G67/><T7/><D7/><N who="1" m="1511" /><E18/><N who="2" m="10439" /><F78/><N who="3" m="46551" /><G131/><N who="1" m="50186" /><E59/><N who="2" m="33231" /><F101/><W8/><G40/><T79/><D79/><U77/><E77/><V45/><F15/><N who="3" m="7399" /><G50/><T91/><D80/><U94/><E94/><V28/><F45/><W44/><G44/><T75/><D75/><U30/><E30/><AGARI ba="0,0" hai="22,25,28,29,30" m="33231,10439,35403" machi="30" ten="30,1500,0" yaku="8,1" doraHai="125" who="2" fromWho="1" sc="313,0,263,-15,207,15,217,0" /><INIT seed="2,1,0,5,5,35" ten="313,248,222,217" oya="2" hai0="64,42,111,97,14,29,52,78,17,0,31,13,33" hai1="110,96,10,89,49,100,92,11,5,25,60,90,73" hai2="2,117,41,81,98,18,112,134,65,37,94,51,76" hai3="28,53,133,108,129,15,114,105,1,67,131,34,39"/><V95/><F37/><W128/><G39/><T8/><D42/><U104/><E73/><V6/><F112/><W66/><G105/><T85/><D64/><N who="3" m="24617" /><G114/><T16/><D111/><U56/><E110/><V50/><F117/><W68/><G68/><T43/><D43/><U79/><E79/><V7/><F134/><W91/><G108/><T119/><D119/><U69/><E69/><V88/><F65/><W80/><G133/><T82/><D97/><U107/><E60/><V132/><F132/><W84/><G15/><T126/><D126/><U118/><E118/><V55/><F2/><W40/><G40/><T102/><D102/><U70/><E70/><V77/><F41/><W38/><G38/><T127/><D127/><U45/><E56/><V26/><F50/><W130/><G130/><T44/><D0/><U113/><E100/><V123/><F123/><W19/><G1/><T75/><D75/><U124/><E49/><V46/><F95/><W122/><G19/><T135/><D33/><U74/><E107/><V116/><F116/><W101/><G101/><T93/><D93/><U30/><E92/><V61/><F61/><W120/><G53/><T47/><D135/><U9/><E104/><V71/><F71/><W125/><G125/><T103/><D103/><U21/><E124/><V12/><F26/><AGARI ba="1,0" hai="26,28,34,80,84,91,120,122,128,129,131" m="24617" machi="26" ten="40,1300,0" yaku="19,1" doraHai="35" who="3" fromWho="2" sc="313,0,248,0,222,-16,217,16" /><INIT seed="3,0,0,4,1,23" ten="313,248,206,233" oya="3" hai0="134,34,102,123,104,98,39,83,87,72,71,60,29" hai1="31,100,79,42,17,126,109,124,3,5,90,114,15" hai2="47,61,10,67,80,18,106,88,27,53,12,13,4" hai3="11,28,103,7,26,118,116,78,25,110,94,108,74"/><W86/><G74/><T55/><D123/><U54/><E100/><V70/><F106/><W66/><G66/><N who="0" m="41415" /><D55/><U51/><E79/><V36/><F36/><W8/><G78/><N who="0" m="44487" /><D87/><U76/><E76/><V9/><F47/><W0/><G11/><T1/><D134/><U122/><E42/><V99/><F53/><W6/><G6/><T40/><D1/><U32/><E90/><V133/><F133/><W14/><G0/><T52/><D52/><U111/><E54/><V35/><F99/><N who="3" m="59895" /><G86/><T21/><D21/><N who="1" m="11455" /><E51/><V62/><F62/><W75/><G75/><T33/><D29/><U2/><E122/><V113/><F113/><W132/><G28/><T119/><D119/><N who="3" m="45609" /><G132/><T92/><D92/><U48/><E48/><V95/><F35/><W44/><G44/><AGARI ba="0,0" hai="33,34,39,40,44,98,102,104" m="44487,41415" machi="44" ten="30,2000,0" yaku="33,2" doraHai="23" who="0" fromWho="3" sc="313,20,248,0,206,0,233,-20" /><INIT seed="4,0,0,3,0,82" ten="333,248,206,213" oya="0" hai0="58,73,27,44,130,25,83,135,79,91,9,8,36" hai1="74,15,22,39,55,134,87,123,52,99,118,40,113" hai2="32,34,45,124,19,23,97,76,105,84,7,98,48" hai3="38,50,20,125,122,54,47,49,65,119,103,100,4"/><T64/><D130/><U29/><E74/><V85/><F124/><W5/><G119/><T120/><D120/><U31/><E118/><V11/><F76/><W110/><G38/><T13/><D135/><U12/><E123/><V101/><F34/><W80/><G122/><T0/><D0/><U57/><E134/><V92/><F32/><W89/><G110/><T59/><D91/><U90/><E113/><V30/><F30/><W21/><G125/><T14/><D14/><N who="1" m="5163" /><E39/><V126/><F126/><W71/><G71/><T42/><D8/><U95/><E40/><V81/><F81/><W96/><G65/><T132/><D132/><U114/><E114/><V108/><F108/><W41/><G5/><T56/><REACH who="0" step="1"/><D64/><REACH who="0" ten="323,248,206,213" step="2"/><U117/><E117/><V106/><F11/><W2/><G89/><T37/><D37/><U51/><E22/><V3/><F3/><W35/><G21/><T121/><D121/><U78/><E78/><V133/><F7/><AGARI ba="0,1" hai="7,9,13,25,27,36,42,44,56,58,59,73,79,83" machi="7" ten="40,3900,0" yaku="1,1,53,1" doraHai="82" doraHaiUra="77" who="0" fromWho="2" sc="323,49,248,0,206,-39,213,0" /><INIT seed="4,1,0,0,5,42" ten="372,248,167,213" oya="0" hai0="118,25,46,83,52,129,41,70,104,124,35,43,63" hai1="39,7,113,115,119,126,80,50,109,26,30,53,24" hai2="61,79,98,18,15,58,45,94,123,17,128,1,55" hai3="81,4,76,22,9,31,88,37,116,89,32,120,78"/><T56/><D118/><U3/><E39/><V57/><F1/><W101/><G116/><T102/><D124/><U60/><E119/><V13/><F123/><W127/><G32/><T108/><D129/><U69/><E80/><V82/><F128/><W100/><G37/><T92/><D92/><U59/><E109/><V8/><F82/><W106/><G127/><T84/><D108/><U47/><E69/><V133/><F79/><W44/><G120/><T14/><D14/><U96/><E96/><V68/><F68/><W134/><G134/><T105/><D70/><U19/><E126/><V93/><F133/><W135/><G135/><T107/><D102/><U90/><E90/><V2/><F2/><W131/><G131/><T97/><D97/><U5/><E19/><V38/><F58/><W33/><G33/><T75/><D75/><U65/><E26/><V85/><F85/><W11/><G106/><T40/><D46/><U86/><E86/><V27/><F27/><N who="3" m="16887" /><G44/><T112/><D112/><N who="1" m="43083" /><E3/><V130/><F130/><W72/><G78/><T77/><REACH who="0" step="1"/><D107/><REACH who="0" ten="362,248,167,213" step="2"/><U51/><E51/><V66/><F98/><W28/><G72/><T23/><D23/><AGARI ba="1,1" hai="5,7,23,24,30,47,50,53,59,60,65" m="43083" machi="23" ten="30,3900,0" yaku="15,1,11,1,52,1" doraHai="42" who="1" fromWho="0" sc="362,-42,248,52,167,0,213,0" /><INIT seed="5,0,0,2,2,51" ten="320,300,167,213" oya="1" hai0="132,64,45,70,79,106,111,10,76,15,75,102,27" hai1="115,117,59,130,127,2,88,128,28,49,135,66,63" hai2="121,99,31,1,124,71,25,9,96,60,36,123,62" hai3="41,12,126,7,56,108,80,40,113,11,43,57,74"/><U119/><E2/><V118/><F36/><W78/><G108/><T69/><D111/><U38/><E28/><V47/><F118/><W93/><G113/><T120/><D120/><U18/><E18/><V95/><F124/><W92/><G126/><T0/><D0/><U114/><E127/><V100/><F1/><W81/><G81/><T101/><D27/><U116/><E38/><V109/><F109/><W32/><G32/><T129/><D75/><U35/><E35/><V98/><F9/><W67/><G67/><T17/><D129/><N who="1" m="49771" /><E88/><V68/><F47/><W8/><G8/><T37/><D132/><U16/><E16/><V84/><F84/><W97/><REACH who="3" step="1"/><G93/><REACH who="3" ten="320,300,167,203" step="2"/><T55/><D64/><U90/><E90/><AGARI ba="0,1" hai="7,11,12,40,41,43,56,57,74,78,80,90,92,97" machi="90" ten="40,2600,0" yaku="1,1,2,1,53,0" doraHai="51" doraHaiUra="30" who="3" fromWho="1" sc="320,0,300,-26,167,0,203,36" /><INIT seed="6,0,0,3,0,106" ten="320,274,167,239" oya="2" hai0="27,19,17,73,60,53,22,128,96,20,82,41,94" hai1="100,28,84,51,3,0,115,104,35,113,25,91,103" hai2="83,75,47,105,98,131,74,9,78,46,7,122,11" hai3="62,12,24,123,76,79,66,133,109,58,93,124,63"/><V87/><F122/><W18/><G123/><T32/><D128/><U57/><E51/><V56/><F131/><W5/><G109/><T72/><D41/><U80/><E57/><V119/><F119/><W30/><G124/><T110/><D32/><U85/><E85/><V34/><F34/><W88/><G133/><T33/><D82/><U95/><E104/><V108/><F56/><W116/><G5/><T13/><D33/><U65/><E65/><V77/><F108/><W52/><G24/><T59/><D110/><U71/><E71/><V54/><F9/><W92/><G30/><T50/><D50/><U23/><E35/><V31/><F31/><W44/><G116/><T69/><D69/><U97/><REACH who="1" step="1"/><E103/><AGARI ba="0,0" hai="13,17,19,20,22,27,53,59,60,72,73,94,96,103" machi="103" ten="30,3900,0" yaku="7,1,52,2" doraHai="106" who="0" fromWho="1" sc="320,39,274,-39,167,0,239,0" /><INIT seed="7,0,0,3,2,14" ten="359,235,167,239" oya="3" hai0="46,31,84,69,131,124,54,101,71,53,24,37,72" hai1="12,109,110,26,126,18,121,81,104,68,42,33,47" hai2="19,90,88,0,129,21,57,114,25,29,106,43,113" hai3="30,48,130,45,120,15,28,128,27,112,119,7,13"/><W127/><G119/><T135/><D72/><U61/><E104/><V40/><F106/><W103/><G120/><T97/><D84/><U8/><E126/><V122/><F0/><W41/><G127/><T83/><D83/><U4/><E121/><V67/><F122/><W44/><G112/><N who="2" m="43113" /><F129/><N who="3" m="49771" /><G103/><T116/><D116/><U22/><E81/><V17/><F40/><N who="3" m="24583" /><G7/><T92/><D135/><U115/><E115/><V58/><F43/><W66/><G66/><T117/><D117/><U51/><E68/><V100/><F100/><W99/><G99/><T134/><D124/><U1/><E61/><N who="2" m="38319" /><F58/><W70/><G70/><T74/><D71/><U6/><E6/><V52/><F52/><W38/><G30/><AGARI ba="0,0" hai="1,4,8,12,18,22,26,30,33,42,47,51,109,110" machi="30" ten="40,5200,0" yaku="24,2,52,1" doraHai="14" who="1" fromWho="3" sc="359,0,235,52,167,0,239,-52" owari="359,45.0,287,9.0,167,-33.0,187,-21.0" /></mjloggm>