<mjloggm ver="2.3"><GO type="41" lobby="0"/><UN n0="%E5%B0%B1%E6%B4%BB%E7%94%9F%40%E5%B7%9D%E6%9D%91%E8%BB%8D%E5%9B%A3" n1="%E7%AD%8B%E8%82%89%E3%82%82%E3%82%8A%E3%81%9E%E3%81%86" n2="%E3%81%84%E3%81%8A%E3%82%8A%E3%83%BC" n3="%E3%82%8B%E3%81%8B%E3%81%8A%E5%85%84%E6%A7%98" dan="14,14,13,15" rate="1919.28,1949.33,1861.26,1971.90" sx="M,M,M,M"/><TAIKYOKU oya="0"/><INIT seed="0,0,0,1,5,26" ten="250,250,250,250" oya="0" hai0="81,57,91,129,127,134,5,10,44,47,56,102,63" hai1="99,65,22,67,7,125,40,122,45,54,111,115,135" hai2="15,108,77,131,66,90,21,35,112,126,70,105,3" hai3="104,93,30,1,12,87,106,19,98,123,2,133,24"/><T27/><D129/><U117/><E122/><V118/><RYUUKYOKU type="yao9" ba="0,0" sc="250,0,250,0,250,0,250,0" hai2="3,15,21,35,66,70,77,90,105,108,112,118,126,131" /><INIT seed="0,1,0,0,0,106" ten="250,250,250,250" oya="0" hai0="121,75,103,38,9,89,88,50,59,119,109,16,54" hai1="80,133,62,69,21,20,55,57,36,53,0,40,108" hai2="135,46,27,5,83,4,134,110,39,26,96,63,129" hai3="93,35,78,64,41,60,66,58,47,8,11,19,118"/><T113/><D119/><U127/><E108/><V22/><F110/><W87/><G35/><T105/><D109/><U112/><E0/><V31/><F129/><W85/><G118/><T123/><D113/><U18/><E69/><V81/><F96/><W56/><G78/><T92/><D38/><U14/><E112/><V100/><F100/><W128/><G128/><T70/><D70/><U120/><E120/><V111/><F63/><W48/><G56/><T1/><D75/><U114/><E114/><V102/><F102/><W117/><G117/><T67/><D67/><U3/><E3/><V37/><F46/><W49/><G49/><T72/><D72/><U122/><E127/><V95/><F111/><W28/><G28/><T125/><D125/><U13/><E133/><N who="2" m="50699" /><F95/><W82/><G64/><T65/><D65/><U30/><E122/><V10/><F10/><N who="3" m="3627" /><G82/><N who="2" m="31241" /><F27/><W52/><G19/><T42/><D42/><U79/><E40/><V45/><F45/><W76/><G76/><T101/><D105/><U104/><E80/><V98/><F98/><W32/><G32/><T126/><D126/><U130/><E79/><V115/><F115/><W97/><G41/><T99/><D1/><U73/><E104/><V132/><N who="2" m="50707" /><V2/><DORA hai="61" /><F2/><W29/><G29/><T84/><D121/><U124/><E124/><V34/><F34/><W90/><AGARI ba="1,0" hai="47,48,52,58,60,66,85,87,90,93,97" m="3627" machi="90" ten="30,4000,0" yaku="8,1,52,1,54,1" doraHai="106,61" who="3" fromWho="3" sc="250,-21,250,-11,250,-11,250,43" /><INIT seed="1,0,0,0,2,52" ten="229,239,239,293" oya="1" hai0="65,74,70,85,60,21,73,67,5,105,103,134,40" hai1="111,76,113,3,50,45,87,8,36,22,98,44,72" hai2="110,71,12,13,124,58,18,81,37,104,82,4,130" hai3="94,129,69,83,84,23,17,90,102,28,115,2,88"/><U91/><E113/><V19/><F71/><W106/><G115/><T33/><D134/><U43/><E111/><V86/><F104/><W114/><G114/><T101/><D33/><U64/><E64/><V24/><F37/><W117/><G2/><T16/><D67/><U31/><E98/><V1/><F1/><W35/><G69/><T120/><D120/><U41/><E31/><V119/><F119/><W6/><G6/><T7/><D40/><U96/><E96/><V125/><F130/><W126/><G126/><N who="2" m="48745" /><F4/><W46/><G106/><T108/><D108/><U92/><E22/><V118/><F118/><W112/><G112/><T55/><D55/><U10/><REACH who="1" step="1"/><E3/><REACH who="1" ten="229,229,239,293" step="2"/><V57/><F110/><W9/><G28/><T80/><D105/><U78/><E78/><V66/><F66/><W26/><G117/><T107/><D107/><U68/><E68/><V53/><F53/><W32/><G129/><T11/><D103/><U39/><E39/><V47/><F86/><W62/><G102/><T29/><D101/><U15/><E15/><V59/><F24/><W135/><G135/><T20/><D74/><U109/><E109/><V99/><F99/><W122/><G122/><T100/><D73/><U14/><E14/><N who="2" m="5739" /><F47/><W93/><G46/><T63/><D100/><U123/><E123/><V128/><F128/><W127/><G127/><T51/><D65/><U42/><E42/><V121/><F121/><W132/><G132/><T56/><D70/><U49/><E49/><V79/><F79/><W34/><G34/><T89/><D51/><U54/><E54/><V95/><F18/><RYUUKYOKU ba="0,1" sc="229,-10,229,30,239,-10,293,-10" hai1="8,10,36,41,43,44,45,50,72,76,87,91,92" /><INIT seed="1,1,1,4,2,19" ten="219,259,229,283" oya="1" hai0="134,66,116,114,74,64,48,70,121,131,122,57,65" hai1="112,108,101,51,31,8,123,77,95,20,71,104,12" hai2="107,73,82,127,81,86,17,27,85,10,44,52,113" hai3="26,5,120,98,55,79,78,62,91,105,92,21,118"/><U76/><E104/><V34/><F107/><W88/><G120/><N who="0" m="46187" /><D74/><U41/><E71/><V53/><F73/><W50/><G105/><T28/><D28/><U93/><E112/><V117/><F117/><W61/><G5/><T24/><D24/><N who="1" m="16775" /><E123/><V36/><F113/><W42/><G42/><T83/><D83/><N who="2" m="31754" /><F34/><W11/><G11/><T6/><D6/><N who="1" m="3095" /><E108/><V111/><F36/><W128/><G128/><T124/><D114/><U3/><E3/><V9/><F127/><W94/><G118/><T110/><D116/><U15/><E15/><V129/><F129/><W38/><G38/><T109/><D131/><U56/><E101/><V96/><F111/><N who="0" m="42506" /><D124/><U132/><E132/><V103/><F103/><N who="3" m="60871" /><G78/><N who="1" m="30314" /><E56/><V33/><F33/><W115/><G79/><T39/><D39/><U119/><E119/><V1/><F1/><W97/><G91/><T75/><D75/><U40/><E40/><V59/><F59/><N who="3" m="33271" /><G115/><T0/><D0/><U58/><E41/><V2/><F2/><W106/><G106/><T14/><D14/><U80/><E80/><V68/><F68/><W67/><G67/><T45/><D70/><U69/><E69/><V29/><F44/><W13/><G13/><T47/><D134/><U32/><E32/><V43/><F43/><W102/><G102/><T87/><D57/><U49/><E58/><V18/><F9/><W89/><G89/><T4/><D4/><U60/><E60/><V125/><F10/><W135/><G135/><T22/><D47/><U7/><E7/><V126/><F126/><W63/><G63/><T90/><D45/><U25/><E25/><RYUUKYOKU ba="1,1" sc="219,-15,259,15,229,-15,283,15" hai1="49,51,93,95" hai3="21,26,61,62,88,94,97" /><INIT seed="1,2,1,0,0,43" ten="204,274,214,298" oya="1" hai0="74,102,90,87,85,114,118,106,119,94,10,84,31" hai1="45,12,23,81,39,47,62,57,22,37,107,42,91" hai2="65,108,93,18,2,101,20,103,92,52,129,116,34" hai3="38,73,50,105,21,59,98,69,6,30,112,26,100"/><U121/><E107/><V64/><F116/><W13/><G69/><T135/><D31/><U131/><E121/><V125/><F34/><W132/><G132/><T58/><D58/><U122/><E122/><V32/><F32/><W17/><G38/><T33/><D33/><U0/><E0/><V15/><F2/><W89/><G73/><T49/><D49/><U16/><E131/><V83/><F129/><W97/><G112/><T78/><D10/><N who="1" m="6167" /><E39/><V48/><F108/><W46/><G59/><T4/><D4/><U56/><E37/><V104/><F83/><W67/><G67/><N who="2" m="25673" /><F125/><W134/><G134/><T113/><D135/><U51/><E45/><N who="2" m="27663" /><F104/><W130/><G130/><T44/><D44/><U126/><E126/><V63/><F63/><W115/><G115/><N who="0" m="44043" /><D119/><U109/><E109/><V96/><F93/><N who="3" m="58447" /><G6/><T1/><D1/><U29/><E62/><V99/><F99/><W124/><G124/><T24/><D24/><N who="1" m="16535" /><E23/><V117/><F117/><W8/><G105/><T111/><D118/><U95/><E81/><V70/><F70/><W40/><G97/><AGARI ba="2,1" hai="42,47,51,56,57,91,95,97" m="16535,6167" machi="97" ten="30,5800,0" yaku="8,1,52,1,54,1" doraHai="43" who="1" fromWho="3" sc="204,0,274,74,214,0,298,-64" /><INIT seed="1,3,0,0,0,8" ten="204,348,214,234" oya="1" hai0="19,55,81,135,132,11,71,109,106,82,32,103,18" hai1="51,101,105,125,63,22,119,52,74,41,54,31,123" hai2="2,66,35,85,26,133,107,37,104,9,75,89,95" hai3="96,64,97,115,42,117,78,7,29,28,77,111,1"/><U25/><E119/><V127/><F37/><W79/><G111/><T134/><D32/><U69/><E123/><V130/><F75/><W21/><G115/><T110/><D71/><U57/><E69/><V13/><F2/><W62/><G42/><T80/><D55/><U15/><E74/><V10/><F130/><W108/><G108/><N who="0" m="41579" /><D11/><U93/><E105/><V100/><F104/><W60/><G1/><T3/><D3/><U40/><E125/><V94/><F133/><N who="0" m="34050" /><T68/><DORA hai="76" /><D68/><U30/><E30/><V83/><F127/><W124/><G124/><T65/><D65/><U47/><REACH who="1" step="1"/><E15/><REACH who="1" ten="204,338,214,234" step="2"/><V34/><F107/><W39/><G28/><T43/><D43/><U102/><E102/><V36/><F100/><W59/><G29/><T58/><D58/><U88/><E88/><N who="2" m="51263" /><F34/><W86/><G59/><T14/><D14/><U98/><AGARI ba="3,1" hai="22,25,31,40,41,47,51,52,54,57,63,93,98,101" machi="98" ten="30,12000,1" yaku="1,1,0,1,8,1,54,1,53,1" doraHai="8,76" doraHaiUra="99,128" who="1" fromWho="1" sc="204,-43,338,139,214,-43,234,-43" /><INIT seed="1,4,0,4,3,95" ten="161,477,171,191" oya="1" hai0="4,64,54,110,116,133,134,86,118,63,13,108,40" hai1="77,105,107,3,16,109,92,82,79,100,102,80,59" hai2="25,7,15,96,38,52,83,119,8,123,132,87,98" hai3="12,65,101,120,11,31,2,84,10,44,94,97,55"/><U115/><E3/><V130/><F38/><W58/><G120/><T23/><D4/><U28/><E28/><V73/><F73/><W112/><G112/><T41/><D13/><U81/><E59/><V71/><F71/><W45/><G2/><T60/><D23/><U68/><E16/><V126/><F123/><W114/><G114/><T56/><D86/><U122/><E68/><V0/><F0/><W34/><G65/><T67/><D56/><U78/><E115/><V69/><F69/><W74/><G74/><T72/><D72/><U53/><E53/><AGARI ba="4,0" hai="40,41,53,54,60,63,64,67,108,110,116,118,133,134" machi="53" ten="25,8000,1" yaku="22,2,34,3" doraHai="95" who="0" fromWho="1" sc="161,92,477,-92,171,0,191,0" /><INIT seed="2,0,0,1,4,87" ten="253,385,171,191" oya="2" hai0="109,27,5,49,84,11,46,55,124,15,35,43,122" hai1="70,72,12,52,57,131,20,113,31,104,128,58,1" hai2="95,62,54,17,19,77,51,69,13,117,45,79,34" hai3="25,90,106,73,30,59,42,60,123,67,121,111,116"/><V41/><F34/><W101/><G111/><T127/><D122/><U47/><E1/><V4/><F117/><W66/><G116/><T132/><D132/><U16/><E70/><V75/><F75/><W112/><G112/><T53/><D109/><U115/><E72/><V108/><F108/><W105/><G73/><T63/><D63/><N who="1" m="36263" /><E104/><V120/><F120/><W125/><G125/><N who="0" m="48203" /><D84/><U135/><E135/><V76/><F69/><W29/><G59/><T61/><D61/><U92/><E31/><AGARI ba="0,0" hai="5,11,15,27,31,35,43,46,49,53,55" m="48203" machi="31" ten="30,1000,0" yaku="18,1" doraHai="87" who="0" fromWho="1" sc="253,10,385,-10,171,0,191,0" /><INIT seed="3,0,0,2,4,30" ten="263,375,171,191" oya="3" hai0="125,73,68,57,15,18,45,107,108,26,5,60,17" hai1="36,90,113,66,48,132,67,47,25,78,54,50,84" hai2="4,135,63,80,52,51,110,123,128,103,122,71,21" hai3="33,104,116,72,102,61,130,88,97,12,99,75,86"/><W58/><G116/><T46/><D107/><U16/><E36/><V106/><F110/><W120/><G120/><N who="2" m="46121" /><F135/><W87/><G130/><T6/><D73/><U100/><E78/><V69/><F128/><W34/><G99/><T109/><D68/><N who="2" m="26186" /><F4/><N who="0" m="1642" /><D125/><U118/><E100/><V92/><F106/><W53/><G86/><T19/><D26/><U82/><E113/><V39/><F63/><W65/><G72/><T11/><D108/><U55/><E132/><V111/><F39/><W14/><G75/><T7/><D109/><U62/><E62/><V95/><F80/><W96/><G96/><T59/><D59/><N who="1" m="33223" /><E118/><V77/><F77/><W56/><G12/><T3/><D3/><U105/><E105/><V98/><F111/><W35/><G14/><T76/><D76/><U40/><E40/><V129/><F129/><W41/><G41/><T8/><D8/><U121/><E121/><V2/><F21/><AGARI ba="0,0" hai="16,21,25,47,50,55,66,67,82,84,90" m="33223" machi="21" ten="30,2000,0" yaku="8,1,54,1" doraHai="30" who="1" fromWho="2" sc="263,0,375,20,171,-20,191,0" /><INIT seed="4,0,0,3,1,88" ten="263,395,151,191" oya="0" hai0="119,120,90,85,126,68,31,58,45,24,124,10,49" hai1="98,125,131,59,56,86,94,17,96,132,117,3,30" hai2="20,66,38,40,116,121,48,75,118,61,101,104,13" hai3="12,89,122,55,82,74,37,27,25,18,29,79,81"/><T34/><D119/><U65/><E3/><V80/><F121/><W110/><G110/><T22/><D120/><U46/><E30/><V105/><F48/><W35/><G122/><T102/><D68/><U47/><E117/><V9/><F20/><W51/><G37/><T114/><D114/><U4/><E4/><V113/><F113/><W8/><G25/><T84/><D102/><U42/><E131/><V50/><F50/><W28/><G28/><T23/><D10/><U99/><E42/><V133/><F133/><W100/><G100/><T57/><D84/><U5/><E5/><V14/><F14/><W109/><G109/><T11/><D11/><U97/><E125/><V103/><F13/><W112/><G112/><T19/><D45/><U60/><E132/><V127/><F127/><W26/><G26/><T77/><D77/><U93/><E17/><V107/><F9/><W128/><G128/><T92/><D34/><U0/><E0/><V1/><F1/><W129/><G129/><T134/><D134/><U130/><E56/><V15/><F15/><W41/><G41/><T83/><D83/><U91/><E130/><V53/><F53/><W33/><G81/><T44/><D124/><U52/><E65/><V62/><F80/><W39/><G39/><T70/><D70/><U21/><E21/><V7/><F7/><W64/><G64/><T78/><D78/><U63/><E63/><N who="2" m="24075" /><F66/><W32/><G89/><AGARI ba="0,0" hai="46,47,52,59,60,86,89,91,93,94,96,97,98,99" machi="89" ten="40,8000,1" yaku="8,1,52,2,54,1" doraHai="88" who="1" fromWho="3" sc="263,0,395,80,151,0,191,-80" /><INIT seed="5,0,0,2,0,44" ten="263,475,151,111" oya="1" hai0="74,59,76,45,133,80,24,23,97,92,121,90,55" hai1="85,103,7,104,111,115,0,43,120,18,46,95,5" hai2="31,64,110,26,106,54,135,94,71,89,42,82,83" hai3="130,37,127,29,4,67,36,86,60,20,25,134,108"/><U33/><E104/><V28/><F110/><W57/><G108/><T6/><D121/><U10/><E33/><V40/><F106/><W132/><G127/><T13/><D133/><N who="3" m="51305" /><G130/><T68/><D68/><U49/><E115/><V63/><F135/><W47/><G4/><T105/><D105/><U98/><E120/><V62/><F31/><W34/><G34/><T109/><D109/><U50/><E111/><V41/><F62/><W69/><G47/><T38/><D38/><N who="3" m="14953" /><G86/><T116/><D45/><U51/><E5/><V16/><F54/><W119/><G119/><T79/><D79/><U3/><E3/><V58/><F71/><AGARI ba="0,0" hai="20,25,29,57,60,67,69,71" m="14953,51305" machi="71" ten="30,1000,0" yaku="20,1" doraHai="44" who="3" fromWho="2" sc="263,0,475,0,151,-10,111,10" /><INIT seed="6,0,0,3,5,65" ten="263,475,141,121" oya="2" hai0="133,74,127,13,24,84,17,108,44,22,39,103,30" hai1="70,56,37,62,64,86,66,63,110,12,132,96,25" hai2="121,6,41,83,129,72,2,20,5,88,91,116,15" hai3="60,81,77,122,95,100,54,98,119,29,46,21,102"/><V105/><F105/><W32/><G32/><T31/><D74/><U45/><E110/><V8/><F116/><W99/><G122/><T10/><D108/><U36/><E132/><V80/><F121/><W28/><G119/><T93/><D127/><U16/><E25/><V47/><F129/><W50/><G60/><T7/><D133/><U94/><E86/><V104/><F104/><W1/><G1/><T75/><D75/><U43/><E36/><V19/><F6/><W111/><G111/><T125/><D125/><U117/><E117/><V126/><F126/><W48/><G48/><T53/><D39/><U107/><E107/><V101/><F101/><W68/><G68/><T42/><D42/><U123/><E123/><V135/><F135/><W78/><G21/><T92/><D103/><U9/><E94/><N who="0" m="36457" /><D84/><U11/><E96/><N who="3" m="36906" /><G95/><T115/><D115/><U67/><E67/><V85/><F72/><W113/><G113/><T35/><D35/><U38/><E38/><V18/><F18/><W3/><G3/><T120/><D120/><U59/><E70/><V71/><F71/><W106/><G106/><T51/><AGARI ba="0,0" hai="7,10,13,17,22,24,30,31,44,51,53" m="36457" machi="51" ten="30,1100,0" yaku="8,1" doraHai="65" who="0" fromWho="0" sc="263,11,475,-3,141,-5,121,-3" /><INIT seed="7,0,0,4,1,18" ten="274,472,136,118" oya="3" hai0="61,86,116,97,124,37,98,94,76,78,133,33,72" hai1="20,128,47,91,10,104,110,32,35,107,131,121,88" hai2="100,65,117,44,7,101,80,31,50,126,42,62,16" hai3="55,69,83,40,71,129,105,95,64,1,48,90,135"/><W24/><G105/><T57/><D37/><U66/><E66/><V102/><F117/><W73/><G1/><T27/><D72/><U92/><E20/><V2/><F126/><W111/><G111/><T52/><D116/><U8/><E47/><V6/><F31/><W22/><G129/><T109/><D109/><U75/><E75/><V51/><F2/><W103/><G135/><T63/><D133/><U4/><E110/><V14/><F80/><W77/><G103/><T82/><D124/><U74/><E74/><V5/><F51/><W17/><G40/><T70/><D70/><U108/><E108/><V25/><F25/><W119/><G64/><T38/><D38/><U87/><E121/><V118/><F118/><W49/><G119/><T0/><D0/><U30/><E30/><V11/><REACH who="2" step="1"/><F6/><REACH who="2" ten="274,472,126,118" step="2"/><W89/><G48/><T79/><D27/><U53/><E91/><V84/><F84/><W120/><G89/><N who="0" m="51415" /><D33/><U125/><E104/><V112/><F112/><W115/><G115/><T60/><D97/><U54/><E107/><V123/><F123/><W130/><G120/><T41/><D41/><U26/><E125/><V113/><F113/><W132/><G132/><T12/><D12/><N who="1" m="5127" /><E26/><V29/><F29/><W127/><G127/><T96/><D96/><U67/><E128/><V58/><AGARI ba="0,1" hai="5,7,11,14,16,42,44,50,58,62,65,100,101,102" machi="58" ten="30,8000,1" yaku="1,1,0,1,8,1,54,1,53,1" doraHai="18" doraHaiUra="39" who="2" fromWho="2" sc="274,-20,472,-20,126,90,118,-40" owari="254,5.0,452,55.0,216,-18.0,78,-42.0" /></mjloggm>