<mjloggm ver="2.3"><GO type="169" lobby="0"/><UN n0="%E3%83%95%E3%83%AB%E3%82%BC%E3%83%B3%E3%83%84" n1="%61%6E%64%72%69%79" n2="%E3%82%A6%E3%83%AB%E3%83%88%E3%83%A9%E7%AB%8B%E7%9B%B4" n3="%64%6F%6E%63%68%61%6E%33" dan="16,16,18,17" rate="2114.19,2067.07,2170.92,2150.45" sx="M,F,M,M"/><TAIKYOKU oya="0"/><INIT seed="0,0,0,4,4,125" ten="250,250,250,250" oya="0" hai0="14,20,4,38,6,39,94,64,80,118,10,129,55" hai1="116,31,98,84,18,117,123,104,124,95,89,51,91" hai2="77,72,0,43,100,35,9,75,37,61,15,17,73" hai3="130,48,5,59,135,132,120,50,11,19,26,111,69"/><T53/><D118/><U70/><E123/><V108/><F108/><W7/><G69/><T76/><D64/><U54/><E70/><V13/><F35/><W16/><G111/><T2/><D6/><N who="3" m="2057" /><G120/><T62/><D94/><U49/><E124/><V33/><F33/><W25/><G59/><T71/><D71/><U12/><E31/><V3/><F77/><W103/><G103/><T82/><D82/><U114/><E114/><V81/><F81/><W88/><G88/><T83/><D83/><U21/><E104/><V65/><F100/><W28/><G50/><T46/><D46/><U106/><E106/><V36/><F15/><N who="3" m="7295" /><G48/><T56/><D55/><U113/><E113/><V85/><F85/><W74/><G74/><T30/><D129/><U8/><E51/><V32/><F43/><W86/><G86/><T78/><D78/><U27/><E91/><V66/><F32/><N who="3" m="20495" /><G130/><T57/><D57/><U122/><E98/><V68/><F65/><W109/><G109/><T102/><D102/><U126/><E126/><V45/><F45/><W24/><G24/><T110/><D110/><U58/><E122/><V101/><F101/><W22/><AGARI ba="0,0" hai="19,22,26,132,135" m="20495,7295,2057" machi="22" ten="30,4000,0" yaku="34,2,54,1" doraHai="125" who="3" fromWho="3" sc="250,-20,250,-10,250,-10,250,40" /><INIT seed="1,0,0,5,0,105" ten="230,240,240,290" oya="1" hai0="97,17,39,22,4,124,9,86,18,52,25,80,60" hai1="85,42,54,34,73,103,16,95,51,3,83,89,15" hai2="107,61,55,50,130,35,56,5,21,115,68,84,26" hai3="65,64,74,59,90,0,102,82,78,72,12,37,91"/><U67/><E3/><V1/><F130/><W47/><G0/><T111/><D39/><U123/><E123/><V45/><F115/><W49/><G102/><T98/><D111/><U77/><E34/><V57/><F107/><W44/><G37/><T10/><D18/><U134/><E134/><V100/><F35/><W120/><G120/><T53/><D124/><U128/><E128/><V79/><F100/><W81/><G12/><T63/><D63/><U106/><E67/><V70/><F57/><W58/><G49/><T69/><D69/><U48/><E42/><V132/><F132/><W38/><G38/><T66/><D66/><U75/><E54/><V126/><F126/><W121/><G121/><T6/><D10/><N who="1" m="6263" /><E75/><V76/><F5/><W88/><G91/><T31/><D6/><U62/><E62/><V114/><F1/><W71/><REACH who="3" step="1"/><G78/><REACH who="3" ten="230,240,240,280" step="2"/><T7/><D60/><U13/><E13/><V135/><F79/><W33/><G33/><T122/><D122/><U133/><E133/><V20/><F135/><W24/><G24/><T28/><D25/><U36/><E36/><V93/><F76/><W108/><G108/><T112/><D112/><U113/><E113/><V101/><F114/><W11/><G11/><T131/><D9/><U104/><E104/><V41/><F26/><W30/><G30/><T125/><D31/><U29/><E29/><V19/><F70/><AGARI ba="0,1" hai="44,47,58,59,64,65,70,71,72,74,81,82,88,90" machi="70" ten="25,12000,2" yaku="1,1,22,2,52,2,54,1,53,0" doraHai="105" doraHaiUra="8" who="3" fromWho="2" sc="230,0,240,0,240,-120,280,130" /><INIT seed="2,0,0,4,3,115" ten="230,240,120,410" oya="2" hai0="29,110,96,47,82,59,4,97,91,134,109,131,70" hai1="52,75,6,38,73,74,28,3,58,98,90,76,22" hai2="86,129,0,64,105,17,13,108,117,78,67,118,66" hai3="24,27,12,135,133,71,88,77,63,32,102,57,72"/><V30/><F0/><W127/><G102/><T26/><D70/><U45/><E3/><V81/><F129/><W15/><G71/><T55/><D131/><U94/><E6/><V5/><F5/><W37/><G37/><T44/><D134/><U114/><E114/><V122/><F122/><W116/><G116/><T8/><D47/><U10/><E10/><V41/><F108/><W121/><G121/><T25/><D44/><U60/><E45/><V20/><F105/><W19/><G127/><T124/><D124/><U89/><E38/><V43/><REACH who="2" step="1"/><F30/><REACH who="2" ten="230,240,110,410" step="2"/><W21/><G135/><T79/><D110/><U9/><E28/><V126/><F126/><W95/><G133/><T113/><D109/><U54/><E75/><V40/><AGARI ba="0,1" hai="13,17,20,40,41,43,64,66,67,78,81,86,117,118" machi="40" ten="30,11700,0" yaku="1,1,0,1,52,2,53,0" doraHai="115" doraHaiUra="2" who="2" fromWho="2" sc="230,-39,240,-39,110,127,410,-39" /><INIT seed="2,1,0,5,4,16" ten="191,201,237,371" oya="2" hai0="45,20,61,102,123,40,54,22,127,82,89,44,81" hai1="29,13,116,60,100,126,52,130,19,135,48,74,86" hai2="12,66,43,49,23,25,91,72,71,83,131,46,50" hai3="10,2,67,36,108,85,8,1,55,84,113,128,70"/><V3/><F3/><W97/><G36/><T69/><D123/><U110/><E116/><V30/><F131/><W0/><G55/><T132/><D132/><U35/><E74/><V39/><F12/><W51/><G128/><T95/><D127/><U64/><E130/><V125/><F125/><W56/><G51/><T24/><D102/><U34/><E126/><V6/><F6/><W62/><G70/><T15/><D15/><U106/><E29/><V101/><F101/><W90/><G108/><T68/><D68/><U5/><E5/><V31/><F31/><W119/><G119/><T129/><D129/><U107/><E86/><V21/><F21/><N who="0" m="8298" /><D69/><U32/><E100/><V47/><F39/><W41/><G113/><T133/><D24/><U76/><E110/><V58/><F71/><W59/><G1/><T104/><D104/><U33/><E33/><V99/><F72/><W65/><G8/><T121/><D121/><U94/><E107/><V79/><F23/><W80/><G10/><T98/><D133/><U134/><E106/><V37/><F25/><W14/><G14/><T109/><D109/><U17/><E13/><V53/><F37/><W111/><G2/><T77/><D77/><U88/><E76/><V115/><F79/><W78/><G0/><T11/><D11/><U73/><E73/><V93/><F115/><W75/><G111/><T18/><D18/><U114/><E114/><V87/><F30/><W120/><G75/><T42/><D45/><N who="1" m="27663" /><E134/><V92/><F99/><W117/><G120/><T7/><D7/><U122/><E135/><V57/><F47/><RYUUKYOKU ba="1,0" sc="191,-10,201,-10,237,30,371,-10" hai2="43,46,49,50,53,57,58,66,83,87,91,92,93" /><INIT seed="2,2,0,4,5,74" ten="181,191,267,361" oya="2" hai0="35,14,60,64,48,33,125,59,86,88,132,18,92" hai1="24,134,44,131,8,93,4,108,76,34,110,1,97" hai2="90,79,30,26,36,42,120,17,66,54,22,73,51" hai3="47,123,57,65,50,38,45,9,122,80,21,53,109"/><V115/><F115/><W87/><G109/><N who="1" m="42090" /><E134/><V111/><F111/><W43/><G21/><T101/><D125/><U81/><E131/><V10/><F120/><W98/><G98/><T39/><D39/><U37/><E44/><V130/><F130/><W31/><G31/><T112/><D132/><U77/><E81/><V126/><F126/><W107/><G107/><T117/><D117/><U99/><E37/><V103/><F103/><W89/><G9/><T133/><D133/><U105/><E105/><V7/><F66/><W52/><REACH who="3" step="1"/><G65/><REACH who="3" ten="181,191,267,351" step="2"/><T23/><D112/><U75/><E99/><V68/><F30/><W19/><G19/><T85/><D101/><N who="1" m="60591" /><E75/><V2/><F17/><W11/><G11/><T113/><D113/><U116/><E116/><V0/><F22/><W67/><G67/><T63/><D85/><U32/><E24/><V40/><F26/><W91/><G91/><T118/><D118/><U12/><E1/><V78/><F90/><W49/><AGARI ba="2,1" hai="38,43,45,47,49,50,52,53,57,80,87,89,122,123" machi="49" ten="20,5200,0" yaku="1,1,0,1,7,1,54,1,53,0" doraHai="74" doraHaiUra="106" who="3" fromWho="3" sc="181,-15,191,-15,267,-28,351,68" /><INIT seed="3,0,0,3,5,61" ten="166,176,239,419" oya="3" hai0="56,79,66,5,130,109,76,44,125,128,25,103,20" hai1="102,48,11,2,70,46,77,4,67,86,59,111,38" hai2="40,115,68,85,88,28,119,82,108,134,91,26,84" hai3="14,101,6,127,58,31,87,54,63,124,49,73,53"/><W42/><G73/><T123/><D123/><U74/><E111/><V81/><F115/><W21/><G101/><T55/><D109/><U65/><E102/><V8/><F108/><W12/><G42/><T18/><D125/><U51/><E70/><V133/><F119/><W23/><G87/><T45/><D103/><U27/><E86/><V1/><F68/><W95/><G95/><T30/><D5/><U89/><E89/><V0/><F40/><W62/><G6/><T19/><D66/><U22/><E38/><V80/><F80/><W106/><G106/><T100/><D100/><U47/><E59/><V94/><F94/><W35/><G35/><T57/><D30/><U120/><E120/><V90/><F90/><W33/><G33/><T98/><D98/><U93/><E93/><V97/><F97/><W13/><G31/><T118/><D118/><U16/><E77/><V17/><F17/><W110/><G110/><T9/><D9/><U3/><E3/><V43/><F43/><W64/><G53/><T75/><D55/><U96/><E96/><V29/><F8/><W117/><G117/><T72/><D25/><AGARI ba="0,0" hai="0,1,25,26,28,29,81,82,84,85,88,91,133,134" machi="25" ten="25,3200,0" yaku="22,2,54,1" doraHai="61" who="2" fromWho="0" sc="166,-32,176,0,239,32,419,0" /><INIT seed="4,0,0,0,3,3" ten="134,176,271,419" oya="0" hai0="125,119,71,99,41,65,126,45,56,123,33,67,91" hai1="93,135,111,39,30,73,98,132,87,64,100,130,19" hai2="44,77,122,46,53,128,85,15,35,17,43,6,121" hai3="79,52,10,54,74,86,38,32,63,78,36,115,72"/><T61/><D33/><U27/><E39/><V0/><F35/><W14/><G32/><T68/><D99/><U37/><E111/><V81/><F128/><W69/><G115/><T108/><D91/><U88/><E37/><V24/><F0/><W109/><G109/><T55/><D108/><U70/><E73/><V105/><F105/><W113/><G113/><T59/><D119/><U21/><E130/><V104/><F104/><W16/><G38/><N who="0" m="21687" /><D123/><U84/><E19/><V107/><F107/><W48/><G36/><T114/><D114/><U18/><E18/><V83/><F83/><W82/><G79/><T116/><D116/><U76/><E76/><V103/><F103/><W134/><G74/><T57/><D55/><U7/><E7/><V50/><F24/><W60/><G72/><T117/><D117/><U9/><E9/><N who="2" m="4535" /><F17/><W13/><G69/><N who="0" m="26699" /><D61/><U89/><E89/><V58/><F121/><W11/><G63/><T28/><D28/><U127/><E100/><V31/><F31/><W1/><G60/><T22/><D22/><U133/><E127/><AGARI ba="0,0" hai="56,57,59,65,67,125,126,127" m="26699,21687" machi="127" ten="40,7700,0" yaku="18,1,34,2" doraHai="3" who="0" fromWho="1" sc="134,77,176,-77,271,0,419,0" /><INIT seed="4,1,0,3,3,77" ten="211,99,271,419" oya="0" hai0="123,15,14,30,133,61,80,60,19,47,81,110,4" hai1="84,88,111,75,108,94,119,42,113,132,25,23,58" hai2="44,33,116,13,31,71,126,18,45,11,24,70,114" hai3="35,56,55,78,2,65,92,130,93,83,107,135,21"/><T16/><D123/><U87/><E119/><V12/><F116/><W43/><G35/><T98/><D133/><U72/><E42/><V51/><F126/><W48/><G2/><T34/><D110/><U134/><E58/><V85/><F114/><W59/><G107/><T68/><D4/><U1/><E1/><V104/><F104/><W38/><G130/><T49/><D34/><U101/><E101/><V121/><F121/><W99/><G38/><T131/><D30/><U53/><E53/><V109/><F109/><N who="1" m="42057" /><E113/><V112/><F112/><W96/><G135/><N who="1" m="51754" /><E23/><V97/><F44/><W3/><G43/><N who="0" m="24831" /><D68/><U39/><E25/><V115/><F115/><W73/><G3/><T32/><D32/><U54/><E54/><V46/><F33/><W26/><G65/><T50/><D50/><U27/><E27/><V74/><F24/><W120/><G120/><T22/><D131/><U63/><E63/><N who="0" m="24137" /><D98/><N who="1" m="57671" /><E39/><V0/><F51/><W106/><G48/><T5/><D5/><U86/><AGARI ba="1,0" hai="72,75,84,86,87" m="57671,51754,42057" machi="86" ten="40,8000,1" yaku="20,1,34,2,54,1" doraHai="77" who="1" fromWho="1" sc="211,-41,99,83,271,-21,419,-21" /><INIT seed="5,0,0,2,4,101" ten="170,182,250,398" oya="1" hai0="28,11,61,77,52,67,70,34,58,39,92,25,59" hai1="38,10,5,79,87,35,81,104,110,78,100,82,76" hai2="133,1,13,43,83,17,19,54,36,63,27,32,122" hai3="96,112,71,2,134,7,129,66,98,111,97,30,37"/><U80/><E35/><V123/><F1/><W44/><G111/><T26/><D39/><U46/><E110/><V48/><F133/><W0/><G30/><T56/><D77/><U47/><E38/><V90/><F63/><W85/><G71/><T51/><D26/><U15/><REACH who="1" step="1"/><E87/><REACH who="1" ten="170,172,250,398" step="2"/><N who="2" m="50559" /><F36/><W50/><G66/><T127/><D127/><U14/><E14/><V55/><F32/><W124/><G37/><T12/><REACH who="0" step="1"/><D92/><REACH who="0" ten="160,172,250,398" step="2"/><U89/><E89/><V33/><F33/><W24/><G124/><T118/><D118/><U73/><E73/><V132/><F132/><W102/><G134/><T53/><D53/><U69/><E69/><V115/><F55/><W42/><G42/><T60/><D60/><U64/><E64/><V93/><F54/><W9/><G24/><T41/><D41/><U106/><E106/><V105/><F105/><W40/><G40/><T119/><D119/><U109/><E109/><V62/><F43/><W113/><G113/><T116/><D116/><U88/><E88/><V108/><F115/><W68/><G112/><T4/><AGARI ba="0,2" hai="4,11,12,25,28,34,51,52,56,58,59,61,67,70" machi="4" ten="20,5200,0" yaku="1,1,0,1,7,1,54,1,53,0" doraHai="101" doraHaiUra="114" who="0" fromWho="0" sc="160,72,172,-26,250,-13,398,-13" /><INIT seed="6,0,0,3,4,51" ten="232,146,237,385" oya="2" hai0="75,82,122,86,124,110,132,52,121,134,17,34,101" hai1="24,8,114,32,118,62,14,55,47,105,15,61,89" hai2="96,18,59,58,35,126,25,5,54,98,91,9,53" hai3="81,120,119,30,90,85,93,4,109,50,77,26,103"/><V12/><F126/><W57/><G119/><T63/><D34/><U39/><E118/><V95/><F35/><W78/><G120/><T133/><D110/><U123/><E123/><V131/><F131/><W29/><G109/><T106/><D124/><U130/><E105/><V112/><F112/><W94/><G4/><T6/><D75/><U111/><E111/><V23/><F98/><W37/><G37/><T19/><D6/><U44/><E130/><V107/><F107/><W104/><G104/><T108/><D108/><U100/><E100/><V69/><F69/><W92/><G103/><T117/><D117/><U97/><E114/><V41/><F41/><W42/><G42/><T67/><D67/><U68/><E39/><V21/><F21/><W116/><G116/><T66/><D19/><U22/><E32/><V7/><F7/><W99/><G99/><N who="0" m="61759" /><D17/><U46/><E68/><V83/><F83/><W1/><G1/><T0/><D0/><U87/><E97/><V71/><F71/><W2/><G2/><T127/><D66/><U70/><E70/><V113/><F113/><W10/><G10/><T49/><D63/><U45/><E62/><V135/><F135/><W74/><G74/><T115/><D115/><U56/><E8/><V48/><F48/><W65/><G65/><T80/><D127/><U43/><E43/><V13/><F25/><W11/><G26/><T40/><D40/><U64/><E64/><V20/><F20/><W88/><G11/><T3/><D122/><U102/><N who="1" m="11264" /><DORA hai="76" /><U16/><E102/><V31/><F31/><W125/><G29/><RYUUKYOKU ba="0,0" sc="232,-15,146,15,237,15,385,-15" hai1="14,15,16,22,24,55,56,61,87,89" hai2="5,9,12,13,18,23,53,54,58,59,91,95,96" /><INIT seed="6,1,0,1,2,85" ten="217,161,252,370" oya="2" hai0="58,43,133,127,40,98,135,48,114,97,47,59,104" hai1="79,34,56,112,103,14,113,81,50,24,21,92,69" hai2="61,60,33,84,49,37,17,96,2,0,68,63,117" hai3="20,66,73,119,41,65,76,80,15,124,71,4,9"/><V5/><F37/><W122/><G119/><T77/><D77/><U100/><E69/><V94/><F33/><W26/><G122/><T51/><D114/><U72/><E34/><V57/><F68/><W70/><G70/><T19/><D19/><U35/><E35/><V28/><F28/><W89/><G71/><T38/><D127/><U126/><E126/><V115/><F115/><N who="1" m="44105" /><E14/><V123/><F123/><W95/><G41/><T106/><D47/><U64/><E92/><V83/><F5/><W111/><G111/><T12/><D12/><U134/><E134/><V31/><F31/><W87/><G124/><T67/><D67/><U13/><E13/><V75/><F75/><W107/><G107/><T42/><D42/><U29/><E64/><V10/><F117/><W102/><G102/><T46/><D46/><U7/><E7/><V132/><F132/><W82/><G80/><T55/><D55/><AGARI ba="1,0" hai="21,24,29,50,55,56,72,79,81,100,103" m="44105" machi="55" ten="30,1000,0" yaku="15,1" doraHai="85" who="1" fromWho="0" sc="217,-13,161,13,252,0,370,0" /><INIT seed="7,0,0,3,3,46" ten="204,174,252,370" oya="3" hai0="122,91,116,84,81,132,78,11,59,133,12,69,39" hai1="95,120,3,65,103,64,51,13,128,70,41,123,124" hai2="134,14,57,22,96,54,75,48,21,53,15,30,83" hai3="92,24,121,63,45,43,100,77,8,108,105,76,29"/><W110/><G121/><T1/><D69/><U40/><E3/><V117/><F75/><W56/><G105/><T85/><D116/><U42/><E13/><V111/><F83/><W135/><G135/><N who="0" m="51787" /><D39/><U0/><E0/><V16/><F30/><W106/><G106/><T55/><D1/><U9/><E9/><V71/><F71/><W88/><G100/><T93/><D122/><N who="1" m="46635" /><E103/><V130/><F111/><W97/><G8/><T129/><D129/><U66/><E95/><V38/><F38/><W6/><G6/><N who="0" m="3191" /><D59/><U118/><E128/><V68/><F130/><W28/><G28/><T104/><D55/><U60/><E124/><V36/><F134/><W52/><G77/><N who="0" m="46127" /><D104/><U90/><E90/><V115/><F22/><W10/><G10/><T82/><D78/><U89/><E89/><V32/><F21/><W47/><G76/><T114/><D114/><U18/><E18/><V50/><F115/><W87/><G97/><T4/><D4/><U80/><E80/><AGARI ba="0,0" hai="80,82,85,91,93" m="46127,3191,51787" machi="80" ten="30,1000,0" yaku="20,1" doraHai="46" who="0" fromWho="1" sc="204,10,174,-10,252,0,370,0" owari="214,-19.0,164,-34.0,252,5.0,370,48.0" /></mjloggm>