<mjloggm ver="2.3"><GO type="41" lobby="0"/><UN n0="%E5%B0%B1%E6%B4%BB%E7%94%9F%40%E5%B7%9D%E6%9D%91%E8%BB%8D%E5%9B%A3" n1="%E3%82%82%E3%81%84%E3%81%A3%E3%81%93%E3%82%AB%E3%83%B3%E2%98%86" n2="%E5%8D%97%E4%B8%89%E6%9D%A1" n3="%75%73%75%69%31%32%33" dan="15,15,13,13" rate="1960.71,2064.11,1881.93,1857.44" sx="M,F,F,M"/><TAIKYOKU oya="0"/><INIT seed="0,0,0,1,4,115" ten="250,250,250,250" oya="0" hai0="106,134,131,129,89,86,49,95,122,62,103,14,28" hai1="100,54,2,130,9,37,128,70,57,17,16,53,90" hai2="6,13,110,80,61,25,63,97,119,75,41,11,31" hai3="10,101,24,98,19,125,77,52,43,118,72,112,34"/><T79/><D122/><U45/><E70/><V114/><F114/><W58/><G112/><T113/><D113/><U21/><E100/><V29/><F110/><W93/><G43/><T107/><D28/><U78/><E78/><V27/><F41/><W132/><G125/><T84/><D62/><U44/><E90/><V87/><F75/><W47/><G132/><T65/><D65/><U60/><E37/><V64/><F97/><W120/><G47/><T66/><D66/><U59/><E2/><V7/><F7/><W35/><G120/><T109/><D49/><U94/><E94/><V71/><F27/><W67/><G67/><T76/><D14/><U83/><E83/><V91/><F63/><W5/><G24/><T127/><D127/><U8/><E21/><V22/><F119/><W74/><G19/><AGARI ba="0,0" hai="6,11,13,19,22,25,29,31,61,64,71,80,87,91" machi="19" ten="30,1000,0" yaku="7,1" doraHai="115" who="2" fromWho="3" sc="250,0,250,0,250,10,250,-10" /><INIT seed="1,0,0,3,5,94" ten="250,250,260,240" oya="1" hai0="93,55,109,60,115,105,87,89,92,34,69,133,20" hai1="7,64,112,125,57,28,24,113,76,114,98,121,118" hai2="25,111,117,65,23,103,123,50,49,101,97,127,110" hai3="13,67,17,104,90,10,30,58,70,33,31,108,11"/><U26/><E121/><V9/><F123/><W41/><G104/><T135/><D34/><U77/><E118/><V66/><F117/><W73/><G108/><N who="2" m="41513" /><F9/><W72/><G70/><T45/><D105/><U62/><E7/><V22/><F127/><W2/><G41/><T6/><D115/><U120/><E120/><V131/><F131/><W71/><G71/><T68/><D109/><U48/><E125/><V43/><F43/><W80/><G31/><T18/><D6/><U59/><E26/><V56/><F22/><W95/><G80/><T0/><D0/><U74/><E74/><V128/><F128/><W119/><G119/><T126/><D93/><U27/><E27/><V53/><F103/><W88/><G90/><T1/><D1/><U107/><E48/><V39/><F49/><W96/><G10/><T61/><D126/><U46/><E46/><V16/><F39/><W44/><G2/><T38/><D38/><U99/><E59/><V32/><F32/><W15/><G44/><T29/><D29/><U8/><E8/><V4/><F4/><W81/><G15/><T5/><D5/><U37/><E37/><V122/><F122/><W63/><REACH who="3" step="1"/><G81/><REACH who="3" ten="250,250,260,230" step="2"/><T3/><D3/><U116/><E107/><AGARI ba="0,1" hai="16,23,25,50,53,56,65,66,97,101,107" m="41513" machi="107" ten="30,3900,0" yaku="14,1,52,1,54,1" doraHai="94" who="2" fromWho="1" sc="250,0,250,-39,260,49,230,0" /><INIT seed="2,0,0,4,5,124" ten="250,211,309,230" oya="2" hai0="27,9,121,78,13,47,55,98,126,39,41,46,14" hai1="119,7,25,32,43,52,81,131,26,82,86,112,65" hai2="85,18,50,96,63,42,56,104,2,135,125,88,111" hai3="116,31,30,36,64,61,100,101,87,115,80,114,4"/><V67/><F2/><W93/><G116/><T3/><D126/><U105/><E119/><V75/><F75/><W24/><G36/><T1/><D121/><U6/><E105/><V68/><F125/><W35/><G4/><N who="1" m="1578" /><E32/><V10/><F135/><W90/><G31/><T103/><D78/><U59/><E112/><V11/><F96/><W128/><G93/><T113/><D113/><U99/><E99/><V49/><F104/><W62/><G115/><T48/><D27/><N who="1" m="10251" /><E65/><V12/><F68/><W117/><G114/><T130/><D130/><U72/><E72/><V44/><F49/><W95/><G128/><T120/><D120/><U97/><E97/><V60/><F60/><W110/><G62/><T133/><D133/><U15/><E131/><V37/><F37/><W58/><G117/><T102/><D102/><U20/><E43/><V71/><F71/><W77/><G110/><T134/><D134/><U123/><E123/><V106/><F111/><W92/><G95/><T28/><D28/><U16/><E86/><AGARI ba="0,0" hai="24,30,35,58,61,64,77,80,86,87,90,92,100,101" machi="86" ten="30,1000,0" yaku="7,1" doraHai="124" who="3" fromWho="1" sc="250,0,211,-10,309,0,230,10" /><INIT seed="3,0,0,2,3,102" ten="250,201,309,240" oya="3" hai0="129,8,0,44,20,86,57,6,119,22,134,75,79" hai1="88,70,43,101,27,9,66,87,65,54,99,15,132" hai2="17,84,19,21,40,51,113,133,42,55,130,64,93" hai3="69,29,122,92,11,107,78,32,105,90,111,71,60"/><W96/><G122/><T118/><D129/><U28/><E132/><V39/><F130/><W115/><G115/><T36/><D134/><U128/><E128/><V103/><F133/><W72/><G11/><T94/><D57/><U104/><E43/><V120/><F39/><W45/><G45/><T31/><D94/><U91/><E54/><V13/><F113/><W123/><G123/><T53/><D86/><U5/><E70/><V89/><F64/><W26/><G111/><T127/><D127/><U106/><E104/><V108/><F108/><W95/><G71/><T100/><D100/><U62/><E62/><V25/><F120/><W47/><G47/><T112/><D112/><U24/><E24/><V59/><F103/><W81/><REACH who="3" step="1"/><G95/><REACH who="3" ten="250,201,309,230" step="2"/><T2/><D44/><U10/><E10/><AGARI ba="0,1" hai="10,13,17,19,21,25,40,42,51,55,59,84,89,93" machi="10" ten="30,2000,0" yaku="7,1,8,1" doraHai="102" who="2" fromWho="1" sc="250,0,201,-20,309,30,230,0" /><INIT seed="4,0,0,5,0,20" ten="250,181,339,230" oya="0" hai0="23,113,31,29,128,120,122,1,42,66,26,121,61" hai1="73,21,35,5,44,24,25,82,8,64,14,72,97" hai2="45,62,52,50,79,78,41,49,40,34,84,2,58" hai3="133,95,129,118,75,76,70,6,81,107,87,96,18"/><T100/><D1/><U83/><E35/><V102/><F2/><W86/><G70/><T15/><D113/><U38/><E38/><V33/><F102/><W19/><G118/><T115/><D115/><U89/><E72/><V103/><F103/><W116/><G116/><T105/><D128/><U77/><E64/><V112/><F112/><W3/><G129/><T130/><D130/><U69/><E69/><V12/><F34/><W9/><G133/><T126/><D42/><U11/><E44/><V51/><F33/><W53/><G53/><T109/><D109/><U135/><E135/><V99/><F41/><W124/><G124/><T67/><D126/><U110/><E110/><V39/><F99/><W85/><G107/><T47/><D47/><U90/><E21/><V104/><F104/><W123/><G123/><T93/><D105/><U59/><E59/><V43/><F43/><W17/><REACH who="3" step="1"/><G75/><REACH who="3" ten="250,181,339,220" step="2"/><T28/><D66/><U0/><E83/><V55/><F55/><W132/><G132/><T63/><D63/><U119/><E119/><V134/><F134/><W27/><G27/><T74/><D74/><U101/><E101/><AGARI ba="0,1" hai="3,6,9,17,18,19,76,81,85,86,87,95,96,101" machi="101" ten="40,1300,0" yaku="1,1,53,0" doraHai="20" doraHaiUra="37" who="3" fromWho="1" sc="250,0,181,-13,339,0,220,23" /><INIT seed="5,0,0,0,1,118" ten="250,168,339,243" oya="1" hai0="41,35,11,72,38,81,39,29,119,47,18,8,107" hai1="65,40,34,73,132,77,9,94,62,22,92,13,1" hai2="24,36,37,100,59,96,60,130,135,95,15,109,43" hai3="58,28,12,89,52,111,120,67,66,23,70,125,134"/><U17/><E1/><V88/><F109/><W122/><G111/><T50/><D119/><U31/><E34/><V42/><F36/><W30/><G70/><T93/><D107/><U5/><E132/><V79/><F135/><W106/><G134/><T104/><D104/><U110/><E110/><V2/><F2/><W83/><G106/><T61/><D61/><U76/><E40/><V123/><F123/><W14/><G125/><T91/><D35/><U16/><E31/><N who="3" m="11818" /><G23/><T114/><D29/><U7/><E73/><V53/><F24/><W78/><G89/><T0/><D114/><U57/><E7/><V97/><F79/><N who="1" m="30281" /><E5/><V129/><F37/><W26/><G26/><AGARI ba="0,0" hai="9,13,16,17,22,26,57,62,65,92,94" m="30281" machi="26" ten="30,2900,0" yaku="8,1,54,1" doraHai="118" who="1" fromWho="3" sc="250,0,168,29,339,0,243,-29" /><INIT seed="5,1,0,1,1,38" ten="250,197,339,214" oya="1" hai0="127,39,118,16,92,83,111,78,128,113,63,4,9" hai1="18,33,104,123,97,108,54,1,3,57,59,52,68" hai2="79,26,17,43,73,60,119,31,134,49,67,8,53" hai3="126,93,72,45,105,89,91,132,112,84,124,81,101"/><U70/><E33/><V109/><F109/><W25/><G45/><T51/><D39/><U88/><E123/><V110/><F110/><W100/><G25/><T21/><D118/><U133/><E108/><V98/><F119/><W35/><G35/><T50/><D111/><U40/><E104/><V30/><F79/><N who="3" m="44263" /><G112/><T32/><D32/><U14/><E133/><V115/><F73/><W11/><G11/><T106/><D106/><U129/><E129/><V75/><F115/><W117/><G117/><T48/><D128/><U96/><E14/><V20/><F75/><W64/><G64/><T130/><D130/><U125/><E125/><N who="3" m="48234" /><G132/><T121/><D121/><U55/><E18/><V10/><F98/><N who="1" m="37993" /><E88/><N who="3" m="33866" /><G105/><T27/><D127/><U34/><E34/><V44/><F134/><W71/><G71/><N who="1" m="27178" /><E40/><V61/><F30/><W24/><G24/><T46/><D46/><U13/><E13/><V47/><F31/><W74/><G74/><T120/><D120/><U65/><E65/><V37/><F61/><W131/><G131/><T2/><D113/><U107/><E107/><V87/><F67/><W62/><G62/><T56/><D92/><U41/><E41/><V114/><F60/><W66/><G66/><T116/><D116/><U77/><E77/><V90/><F114/><W82/><G93/><AGARI ba="1,0" hai="8,10,17,20,26,37,43,44,47,49,53,87,90,93" machi="93" ten="30,2000,0" yaku="7,1,52,1" doraHai="38" who="2" fromWho="3" sc="250,0,197,0,339,23,214,-23" /><INIT seed="6,0,0,2,5,49" ten="250,197,362,191" oya="2" hai0="95,126,23,89,120,62,78,30,28,57,73,21,52" hai1="96,75,4,83,39,103,80,104,85,79,86,61,29" hai2="58,42,111,43,20,34,67,17,134,8,131,94,106" hai3="22,98,45,133,119,60,59,109,48,130,25,121,51"/><V114/><F34/><W105/><G121/><T70/><D126/><U127/><E39/><V19/><F106/><W97/><G119/><T54/><D120/><U108/><E4/><V91/><F111/><W56/><G109/><T92/><D70/><U116/><E108/><V129/><F114/><W9/><G130/><N who="2" m="49673" /><F134/><W44/><G133/><T26/><D73/><U18/><E116/><V32/><F8/><W3/><G9/><T113/><D113/><U124/><E29/><N who="0" m="11369" /><D78/><N who="1" m="44127" /><E18/><V101/><F101/><W12/><G3/><T93/><D89/><U115/><E61/><N who="2" m="38327" /><F19/><W132/><G132/><T38/><D38/><U82/><E115/><V90/><F90/><AGARI ba="0,0" hai="79,82,83,85,86,90,96,103,104,124,127" m="44127" machi="90" ten="30,2000,0" yaku="34,2" doraHai="49" who="1" fromWho="2" sc="250,0,197,20,362,-20,191,0" /><INIT seed="7,0,0,2,3,135" ten="250,217,342,191" oya="3" hai0="101,92,8,45,122,90,99,102,76,129,70,114,60" hai1="48,85,18,73,119,44,7,84,98,29,111,75,58" hai2="71,22,0,33,83,24,120,38,78,20,86,65,89" hai3="82,61,47,54,23,50,112,53,6,21,55,32,131"/><W59/><G131/><T109/><D109/><U113/><E111/><V35/><F38/><W91/><G112/><T19/><D122/><U115/><E119/><V106/><F0/><W12/><G32/><T128/><D76/><U66/><E29/><V14/><F106/><W127/><G127/><T3/><D45/><U110/><E110/><V72/><F65/><W9/><G54/><T133/><D133/><U123/><E7/><V124/><F71/><W105/><G105/><T94/><D114/><N who="1" m="43531" /><E98/><V117/><F124/><W97/><G82/><T95/><D70/><U116/><E116/><V74/><F117/><W121/><REACH who="3" step="1"/><G121/><REACH who="3" ten="250,217,342,181" step="2"/><T31/><D129/><U1/><E123/><V36/><F120/><W11/><G11/><T5/><D128/><U126/><E126/><V17/><F35/><W67/><G67/><T52/><D52/><N who="1" m="32007" /><E66/><V134/><F33/><W39/><G39/><T64/><D64/><U103/><E44/><V42/><F36/><W27/><G27/><T40/><D40/><U69/><E69/><V79/><F42/><W28/><G28/><T104/><D104/><U77/><E18/><V15/><F74/><W4/><G4/><T25/><D31/><U63/><E75/><V2/><F72/><W93/><AGARI ba="0,1" hai="6,9,12,21,23,47,50,53,55,59,61,91,93,97" machi="93" ten="30,6000,0" yaku="1,1,0,1,8,1,53,0" doraHai="135" doraHaiUra="68" who="3" fromWho="3" sc="250,-20,217,-20,342,-20,181,70" /><INIT seed="7,1,0,5,1,18" ten="230,197,322,251" oya="3" hai0="4,6,98,52,62,85,35,54,132,74,63,113,42" hai1="131,0,59,119,45,80,26,33,41,107,99,20,73" hai2="9,128,50,75,13,102,24,130,89,100,30,38,79" hai3="12,101,123,122,15,40,32,121,103,124,117,55,81"/><W126/><G40/><T90/><D74/><U7/><E119/><V64/><F38/><W22/><G117/><T87/><D35/><U19/><E33/><V67/><F79/><W49/><G32/><T17/><D132/><U39/><E131/><N who="2" m="50219" /><F67/><W112/><G112/><T86/><D113/><U65/><E65/><V104/><F75/><W60/><G60/><N who="0" m="23083" /><D42/><U57/><E99/><V8/><F64/><W44/><G12/><T120/><D17/><U16/><E107/><V68/><F68/><W56/><G81/><T114/><D114/><U108/><E19/><V82/><F82/><W127/><G44/><T37/><D37/><U97/><E97/><V125/><F125/><W76/><G76/><T92/><D120/><U43/><E43/><V96/><F102/><W29/><G15/><T84/><N who="0" m="21504" /><DORA hai="46" /><T27/><D27/><AGARI ba="1,0" hai="22,27,29,49,55,56,101,103,121,122,123,124,126,127" machi="27" ten="50,9600,0" yaku="18,1,52,2" doraHai="18,46" who="3" fromWho="0" sc="230,-99,197,0,322,0,251,99" owari="131,-37.0,197,-20.0,322,12.0,350,45.0" /></mjloggm>