<mjloggm ver="2.3"><GO type="225" lobby="0"/><UN n0="%E3%81%B5%E3%82%82%E3%81%B5%E3%82%82%E3%81%A3%E3%81%B5" n1="%E3%81%8A%E3%81%BE%E3%81%A4%E3%82%8A" n2="%E3%83%88%E3%83%88%E3%83%AA%E5%85%88%E7%94%9F%31%39%E6%AD%B3" n3="%4D%72%2E%6E%69%6B%75%39" dan="18,16,17,17" rate="2206.45,2044.85,2244.77,2176.94" sx="F,M,F,M"/><TAIKYOKU oya="0"/><INIT seed="0,0,0,0,2,52" ten="250,250,250,250" oya="0" hai0="12,106,51,26,135,22,27,17,96,31,62,123,104" hai1="55,72,21,91,69,5,94,33,100,19,79,116,83" hai2="46,134,35,7,119,131,90,67,76,87,10,11,71" hai3="25,121,45,133,92,77,4,13,60,103,113,99,2"/><T54/><D123/><U20/><E116/><V128/><F35/><W120/><G113/><T43/><D135/><U34/><E69/><V95/><F134/><W29/><G133/><T80/><D27/><U74/><E74/><V66/><F119/><W130/><G130/><N who="2" m="49705" /><F71/><W23/><G2/><T3/><D3/><U124/><E124/><V108/><F108/><W18/><G4/><T89/><D43/><U28/><E5/><V37/><F11/><W109/><G109/><T73/><D62/><U85/><E55/><V6/><F7/><W53/><G77/><T97/><D97/><U0/><E0/><N who="2" m="327" /><F76/><W58/><REACH who="3" step="1"/><G45/><REACH who="3" ten="250,250,250,240" step="2"/><T82/><D73/><U64/><E72/><V107/><F107/><W32/><AGARI ba="0,1" hai="13,18,23,25,29,32,53,58,60,92,99,103,120,121" machi="32" ten="30,8000,1" yaku="1,1,2,1,0,1,52,1,53,1" doraHai="52" doraHaiUra="14" who="3" fromWho="3" sc="250,-40,250,-20,250,-20,240,90" /><INIT seed="1,0,0,5,4,126" ten="210,230,230,330" oya="1" hai0="9,60,82,47,65,125,21,97,43,133,7,124,42" hai1="17,103,54,130,58,55,116,18,61,5,72,75,33" hai2="85,41,16,3,45,111,6,120,115,119,46,105,12" hai3="112,30,71,99,90,84,106,127,114,25,87,39,11"/><U0/><E116/><V19/><F119/><W117/><G39/><T13/><D133/><U53/><E33/><V132/><F120/><W122/><G122/><T76/><D97/><U102/><E5/><V70/><F70/><W36/><G11/><T69/><D21/><U94/><E0/><V29/><F105/><W128/><G36/><T129/><D129/><U81/><E130/><V135/><F111/><W73/><G73/><T24/><D24/><U1/><E1/><V37/><F115/><W14/><G14/><T57/><D69/><U68/><E68/><V59/><F29/><W96/><G117/><T80/><D80/><U27/><E81/><V86/><F19/><W91/><G127/><N who="0" m="48715" /><D47/><U35/><E35/><V131/><F131/><W109/><G71/><T50/><D50/><U104/><E104/><V95/><F46/><W38/><G106/><T4/><D4/><U31/><E31/><V32/><F32/><W48/><G30/><T34/><D34/><U49/><E27/><V110/><F110/><W78/><G25/><T100/><D100/><N who="1" m="38443" /><E49/><V108/><F108/><W134/><G109/><T107/><D107/><U40/><E94/><V22/><F95/><W92/><G48/><T28/><D28/><U79/><E75/><AGARI ba="0,0" hai="7,9,13,42,43,57,60,65,75,76,82" m="48715" machi="75" ten="30,1000,0" yaku="18,1" doraHai="126" who="0" fromWho="1" sc="210,10,230,-10,230,0,330,0" /><INIT seed="2,0,0,1,0,51" ten="220,220,230,330" oya="2" hai0="91,99,111,50,54,135,101,92,49,120,61,52,110" hai1="32,62,9,35,44,117,81,88,41,82,90,7,2" hai2="123,129,1,36,46,77,98,69,17,30,6,95,31" hai3="42,128,20,63,5,45,78,34,67,71,112,102,93"/><V89/><F123/><W80/><G34/><T58/><D120/><U57/><E117/><V48/><F69/><W47/><G128/><T127/><D135/><U97/><E81/><V113/><F129/><W28/><G112/><T84/><D127/><U109/><E109/><N who="0" m="41481" /><D54/><U19/><E19/><V106/><F113/><W130/><G5/><T76/><D76/><U115/><E115/><V87/><F36/><W21/><G47/><T74/><D74/><U86/><E90/><V38/><F38/><W121/><G28/><T64/><D64/><U96/><E32/><V131/><F131/><W14/><G14/><T26/><D26/><U107/><E107/><AGARI ba="0,0" hai="49,50,52,58,61,84,91,92,99,101,107" m="41481" machi="107" ten="30,3900,0" yaku="14,1,52,1,54,1" doraHai="51" who="0" fromWho="1" sc="220,39,220,-39,230,0,330,0" /><INIT seed="3,0,0,5,3,53" ten="259,181,230,330" oya="3" hai0="25,68,105,76,115,107,67,108,40,131,101,60,14" hai1="86,11,84,32,96,1,5,42,23,75,9,35,0" hai2="114,38,78,121,112,54,82,123,104,8,51,102,19" hai3="81,63,100,94,48,116,135,64,7,83,34,73,37"/><W85/><G34/><T117/><D117/><U79/><E96/><N who="2" m="61511" /><F38/><W4/><G48/><T133/><D40/><U46/><E84/><N who="2" m="48215" /><F19/><W87/><G94/><T13/><D76/><U22/><E86/><V106/><F8/><W98/><G100/><T134/><D101/><U36/><E23/><V90/><F106/><N who="0" m="40458" /><D108/><U109/><E22/><V71/><F71/><W50/><G63/><T89/><D89/><U10/><E109/><V97/><F54/><W33/><G64/><T57/><D131/><U6/><E9/><V122/><F51/><W113/><G50/><T110/><D110/><U92/><E92/><AGARI ba="0,0" hai="90,92,97,112,114,121,122,123" m="48215,61511" machi="92" ten="30,3900,0" yaku="13,1,34,2" doraHai="53" who="2" fromWho="1" sc="259,0,181,-39,230,39,330,0" owari="259,-14.0,142,-36.0,269,7.0,330,43.0" /></mjloggm>