<mjloggm ver="2.3"><GO type="169" lobby="0"/><UN n0="%E5%8F%A4%E6%B8%85%E6%B0%B4%E6%80%9C" n1="%E3%82%A6%E3%83%AB%E3%83%88%E3%83%A9%E7%AB%8B%E7%9B%B4" n2="%E5%AE%8C%E5%85%A8%E7%84%A1%E6%95%B5%E5%B0%91%E5%A5%B3%44%58" n3="%E3%83%88%E3%82%B7%E3%83%95%E3%83%BC%E3%83%8B" dan="16,16,16,16" rate="2021.62,2106.92,2078.62,2160.79" sx="F,M,M,M"/><TAIKYOKU oya="0"/><INIT seed="0,0,0,0,4,13" ten="250,250,250,250" oya="0" hai0="83,133,49,41,3,68,89,110,23,60,124,6,130" hai1="27,55,42,37,134,118,103,31,22,96,111,75,128" hai2="45,95,40,58,48,69,2,107,29,94,112,61,46" hai3="120,129,24,116,19,86,15,51,125,12,115,131,74"/><T106/><D133/><U25/><E118/><V11/><F107/><W57/><G116/><T18/><D106/><U66/><E134/><V91/><F112/><W1/><G74/><T99/><D130/><N who="3" m="49673" /><G1/><T81/><D124/><U34/><E111/><V101/><F69/><W97/><G115/><T98/><D3/><U43/><E37/><V56/><F29/><W35/><G97/><N who="0" m="36875" /><D68/><U79/><E66/><V92/><F101/><W50/><G125/><T76/><D110/><U135/><E135/><V100/><F100/><W88/><G120/><T20/><D6/><U8/><E128/><V82/><F46/><W47/><G57/><T123/><D123/><U36/><E36/><V73/><F61/><W26/><G15/><N who="0" m="9311" /><D60/><U117/><E117/><V104/><F104/><W126/><G126/><T14/><D76/><U67/><E79/><V65/><F73/><W105/><G105/><T127/><D127/><U87/><E75/><V121/><F121/><W17/><G12/><T53/><D41/><U109/><E43/><V10/><F2/><W52/><G51/><T54/><D89/><U28/><E109/><V44/><F65/><W93/><G35/><T38/><D38/><U77/><E67/><V39/><F39/><W72/><G72/><T108/><D108/><U30/><E34/><V5/><F40/><W113/><G113/><T4/><D4/><U33/><E42/><V32/><F5/><W59/><G47/><N who="0" m="27839" /><D54/><U102/><E55/><V80/><F32/><W70/><G70/><T0/><D0/><U78/><E33/><V21/><F45/><W63/><G63/><RYUUKYOKU ba="0,0" sc="250,15,250,-15,250,-15,250,15" hai0="14,23,81,83" hai3="17,19,24,26,50,52,59,86,88,93" /><INIT seed="0,1,0,4,4,105" ten="265,235,235,265" oya="0" hai0="66,42,116,9,43,17,65,46,16,120,103,126,82" hai1="55,22,101,20,133,6,70,112,122,3,51,69,84" hai2="54,31,62,131,57,2,97,11,98,50,88,81,61" hai3="0,78,10,45,121,93,13,74,99,8,32,68,28"/><T52/><D120/><U106/><E122/><V67/><F131/><W100/><G121/><T63/><D116/><U30/><E3/><V38/><F38/><W75/><G68/><T34/><D34/><U102/><E6/><V40/><F31/><W96/><G78/><T80/><D126/><U77/><E106/><V24/><F24/><W4/><G96/><T23/><D103/><U73/><E84/><V72/><F40/><N who="0" m="15402" /><D9/><U130/><E130/><V14/><F2/><W111/><G111/><T114/><D114/><U108/><E108/><V19/><F62/><W113/><G113/><T86/><D80/><U83/><E112/><V56/><F72/><W71/><G71/><T48/><D63/><U134/><E70/><V21/><REACH who="2" step="1"/><F11/><REACH who="2" ten="265,235,225,265" step="2"/><W29/><G28/><T26/><D17/><U39/><E30/><V107/><F107/><W5/><REACH who="3" step="1"/><G45/><REACH who="3" ten="265,235,225,255" step="2"/><T35/><D35/><U44/><E44/><V118/><F118/><W125/><G125/><T53/><D53/><U104/><E55/><V90/><F90/><AGARI ba="1,2" hai="16,23,26,46,48,52,65,66,82,86,90" m="15402" machi="90" ten="30,5800,0" yaku="8,1,54,2" doraHai="105" who="0" fromWho="2" sc="265,81,235,0,225,-61,255,0" /><INIT seed="0,2,0,4,3,46" ten="346,235,164,255" oya="0" hai0="59,119,32,81,105,90,88,36,134,118,17,18,64" hai1="115,131,1,77,71,9,116,62,25,26,13,111,61" hai2="42,3,85,108,117,28,114,135,67,104,74,107,132" hai3="48,8,54,50,41,79,15,87,39,72,47,133,124"/><T55/><D105/><U7/><E116/><V80/><F3/><W4/><G133/><N who="2" m="51273" /><F114/><W14/><G124/><T5/><D134/><U73/><E115/><V83/><F42/><W53/><G72/><T120/><D120/><U89/><E131/><V57/><F28/><W125/><G125/><T66/><D32/><U29/><E111/><V101/><F101/><W123/><G123/><T70/><D5/><U43/><E71/><V40/><F40/><W122/><G122/><T45/><D36/><U49/><E1/><V76/><F67/><W19/><G39/><T75/><D66/><U24/><E29/><V84/><F57/><W127/><G127/><T68/><D64/><U106/><E106/><N who="2" m="40491" /><F108/><W52/><G41/><T94/><D68/><U37/><E37/><V22/><F22/><N who="3" m="11639" /><G47/><T95/><D45/><U27/><E43/><V130/><F130/><W103/><G103/><T65/><D70/><U10/><E10/><V34/><F34/><W78/><G78/><T121/><D121/><U2/><E9/><V60/><F60/><W12/><G12/><T93/><D118/><U109/><E62/><V110/><F110/><W58/><G58/><T129/><D119/><U98/><E61/><V82/><F117/><W128/><G128/><T35/><D129/><U99/><E2/><V69/><F69/><W44/><G44/><T112/><D112/><U126/><E126/><V102/><F102/><W31/><G31/><T92/><D59/><U23/><E109/><V20/><F20/><W21/><G21/><T96/><D35/><U11/><N who="1" m="6144" /><DORA hai="16" /><U91/><E23/><RYUUKYOKU ba="2,0" sc="346,-15,235,-15,164,15,255,15" hai2="74,76,80,82,83,84,85" hai3="4,8,15,48,50,52,53,54,79,87" /><INIT seed="1,3,0,5,3,3" ten="331,220,179,270" oya="1" hai0="120,106,44,86,40,50,107,19,111,131,43,122,13" hai1="84,132,128,88,68,95,130,108,90,76,29,97,78" hai2="10,125,54,93,74,21,22,102,9,101,109,134,61" hai3="49,56,100,48,85,96,46,42,129,24,47,6,91"/><U69/><E29/><V82/><F109/><W45/><G129/><N who="1" m="49770" /><E108/><V87/><F125/><W1/><G24/><T25/><D111/><U7/><E132/><V30/><F134/><W26/><G26/><T79/><D131/><U60/><E7/><V27/><F74/><W124/><G124/><T83/><D25/><U11/><E11/><N who="2" m="4107" /><F22/><W77/><G77/><N who="1" m="29802" /><E60/><V14/><F14/><W135/><G135/><T15/><D15/><U92/><AGARI ba="3,0" hai="68,69,84,88,90,92,95,97" m="29802,49770" machi="92" ten="30,3000,0" yaku="19,1,54,1" doraHai="3" who="1" fromWho="1" sc="331,-13,220,39,179,-13,270,-13" /><INIT seed="1,4,0,3,5,106" ten="318,259,166,257" oya="1" hai0="6,18,20,31,29,50,24,87,40,19,41,33,13" hai1="84,54,66,46,124,95,37,69,58,105,90,102,59" hai2="110,81,57,3,61,107,64,82,134,25,83,68,128" hai3="77,53,34,127,11,73,131,113,22,89,16,55,38"/><U21/><E124/><V23/><F107/><W27/><G38/><T112/><D112/><U39/><E69/><V32/><F3/><W115/><G127/><T51/><D31/><U7/><E7/><V133/><F110/><W96/><G131/><T15/><D6/><U98/><E46/><V42/><F128/><W91/><G34/><T10/><REACH who="0" step="1"/><D87/><REACH who="0" ten="308,259,166,257" step="2"/><U129/><E129/><V104/><F32/><W99/><G115/><T120/><D120/><U80/><E21/><V94/><F23/><W49/><G113/><T74/><D74/><U93/><E37/><V36/><F36/><W88/><G11/><T56/><D56/><U67/><E39/><V97/><F57/><W117/><G117/><T70/><D70/><U100/><E59/><V63/><F133/><W71/><G71/><T79/><D79/><U72/><E72/><V101/><F134/><W108/><G108/><T122/><D122/><U8/><E8/><V92/><F68/><W132/><G132/><T35/><D35/><U0/><E67/><V86/><F64/><W60/><G60/><T118/><D118/><U26/><E66/><V45/><F61/><W114/><G114/><T1/><D1/><U44/><E0/><V125/><F63/><W123/><G123/><T43/><AGARI ba="4,1" hai="10,13,15,18,19,20,24,29,33,40,41,43,50,51" machi="43" ten="30,2000,0" yaku="1,1,0,1,53,0" doraHai="106" doraHaiUra="78" who="0" fromWho="0" sc="308,42,259,-14,166,-9,257,-9" /><INIT seed="2,0,0,4,3,17" ten="350,245,157,248" oya="2" hai0="56,130,34,58,49,124,67,132,28,115,95,51,73" hai1="71,93,108,87,30,117,110,8,129,10,42,97,52" hai2="19,60,47,126,78,96,66,64,44,57,77,9,62" hai3="112,83,18,22,26,36,24,61,114,0,65,6,100"/><V127/><F96/><W131/><G36/><T104/><D104/><U128/><E71/><V92/><F92/><W29/><G100/><T135/><D73/><U55/><E87/><V11/><F19/><W12/><G83/><T27/><D115/><N who="3" m="44073" /><G61/><N who="0" m="38311" /><D124/><U85/><E85/><V84/><F84/><W33/><G65/><T91/><D58/><AGARI ba="0,0" hai="9,11,44,47,57,58,60,62,64,66,77,78,126,127" machi="58" ten="25,2400,0" yaku="22,2" doraHai="17" who="2" fromWho="0" sc="350,-24,245,0,157,24,248,0" /><INIT seed="2,1,0,1,1,36" ten="326,245,181,248" oya="2" hai0="115,39,117,53,90,92,26,8,100,122,57,102,84" hai1="86,119,126,5,22,104,16,1,93,20,66,114,51" hai2="103,68,108,35,118,43,7,91,79,64,42,34,24" hai3="98,29,95,113,83,99,59,96,62,101,124,78,2"/><V3/><F118/><W135/><G2/><T74/><D117/><U133/><E104/><V72/><F108/><W12/><G113/><T88/><D115/><U105/><E105/><V54/><F103/><W4/><G135/><T56/><D122/><U28/><E114/><V10/><F54/><W21/><G124/><T58/><D74/><U40/><E5/><V75/><F91/><W120/><G120/><T112/><D112/><U60/><E1/><V23/><F79/><W111/><G111/><T31/><D39/><U11/><E126/><V14/><F72/><W32/><G32/><T131/><D131/><U87/><E133/><V116/><F75/><W9/><G83/><N who="0" m="49183" /><D8/><U25/><E11/><V38/><F38/><W19/><G78/><T71/><D71/><U17/><E93/><V18/><F116/><W46/><G46/><T70/><D70/><U80/><E119/><V30/><F35/><W48/><G48/><T47/><D47/><N who="1" m="26087" /><E80/><V15/><REACH who="2" step="1"/><F14/><REACH who="2" ten="326,245,171,248" step="2"/><N who="3" m="5415" /><G29/><T106/><D53/><AGARI ba="1,1" hai="12,19,21,53,59,62,95,96,98,99,101" m="5415" machi="53" ten="30,1000,0" yaku="8,1" doraHai="36" who="3" fromWho="0" sc="326,-13,245,0,171,0,248,23" /><INIT seed="3,0,0,4,3,60" ten="313,245,171,271" oya="3" hai0="94,50,38,42,35,126,7,100,122,98,22,95,52" hai1="77,9,44,43,19,67,133,86,49,51,37,65,33" hai2="17,132,15,61,46,123,10,71,45,107,99,34,113" hai3="134,96,64,72,80,55,20,105,47,73,87,91,129"/><W119/><G119/><T131/><D35/><U117/><E33/><V84/><F113/><W124/><G124/><T56/><D122/><U31/><E31/><V11/><F123/><W63/><G134/><T74/><D74/><U69/><E69/><V21/><F132/><W26/><G129/><T54/><D126/><U53/><E37/><V125/><F34/><W106/><G55/><T23/><D131/><U5/><E19/><V13/><F125/><W110/><G47/><N who="0" m="25975" /><D38/><U89/><E77/><V36/><F84/><W0/><G0/><T82/><D7/><U130/><E130/><V62/><F21/><N who="0" m="7690" /><D82/><U68/><E68/><V30/><F30/><W39/><G39/><T59/><D95/><U40/><E117/><V114/><F114/><W28/><G110/><T88/><D100/><U101/><E101/><V103/><F36/><W116/><G116/><T6/><D6/><U128/><E128/><V102/><F102/><W135/><G135/><T104/><D104/><U90/><E43/><V127/><F127/><W18/><G28/><T3/><D3/><U93/><E133/><V70/><F70/><N who="3" m="42271" /><G105/><T75/><D75/><N who="3" m="28745" /><G106/><T8/><D8/><U58/><E89/><V92/><F107/><W32/><G32/><T48/><D54/><U29/><E29/><V111/><F111/><W79/><G91/><T14/><D14/><AGARI ba="0,0" hai="5,9,14,40,44,49,51,53,58,65,67,86,90,93" machi="14" ten="30,7700,0" yaku="7,1,8,1,52,2" doraHai="60" who="1" fromWho="0" sc="313,-77,245,77,171,0,271,0" /><INIT seed="4,0,0,0,3,18" ten="236,322,171,271" oya="0" hai0="34,54,10,6,87,56,48,64,5,97,80,93,77" hai1="37,75,132,108,55,73,33,83,90,82,126,17,66" hai2="110,1,28,71,88,68,65,11,30,31,92,119,112" hai3="63,62,118,46,130,21,104,49,124,111,106,50,122"/><T7/><D34/><U84/><E33/><V67/><F112/><W15/><G118/><T125/><D125/><U2/><E108/><V128/><F110/><W36/><G111/><T102/><REACH who="0" step="1"/><D64/><REACH who="0" ten="226,322,171,271" step="2"/><U115/><E66/><V52/><F119/><W72/><G124/><T44/><D44/><U53/><E126/><V3/><F67/><W129/><G46/><T70/><D70/><U107/><E115/><V98/><F65/><W100/><G130/><T79/><D79/><U20/><E55/><V123/><F128/><W76/><G129/><T12/><AGARI ba="0,1" hai="5,6,7,10,12,48,54,56,77,80,87,93,97,102" machi="12" ten="20,7800,0" yaku="1,1,0,1,7,1,8,1,53,0" doraHai="18" doraHaiUra="40" who="0" fromWho="0" sc="226,88,322,-26,171,-26,271,-26" /><INIT seed="4,1,0,4,5,101" ten="314,296,145,245" oya="0" hai0="8,61,10,9,39,73,25,81,12,133,59,132,86" hai1="58,113,131,33,95,78,77,44,17,72,46,111,35" hai2="32,123,116,20,4,34,115,93,30,62,109,0,22" hai3="56,71,91,112,108,54,49,84,106,26,41,89,74"/><T125/><D39/><U127/><E111/><V24/><F62/><W82/><G108/><T110/><D73/><U120/><E120/><V79/><F79/><W27/><G112/><T16/><D110/><U119/><E119/><V69/><F69/><W63/><G74/><T118/><D118/><U43/><E113/><V47/><F47/><W130/><G130/><T11/><D125/><U53/><E131/><V29/><F93/><W51/><G106/><T87/><D25/><U129/><E129/><V5/><F109/><W40/><G71/><T38/><D38/><U104/><E95/><V67/><F67/><W64/><G89/><T18/><D18/><U126/><E104/><V122/><F116/><W76/><G91/><T13/><D13/><U97/><E97/><V2/><REACH who="2" step="1"/><F24/><REACH who="2" ten="314,296,135,245" step="2"/><N who="3" m="9259" /><G64/><T96/><D61/><U19/><E58/><V45/><F45/><W83/><G83/><T134/><D59/><U117/><E117/><V70/><F70/><W60/><G60/><T114/><D114/><AGARI ba="1,1" hai="0,2,4,5,20,22,29,30,32,34,114,115,122,123" machi="114" ten="25,12000,2" yaku="1,1,22,2,34,3,53,0" doraHai="101" doraHaiUra="6" who="2" fromWho="0" sc="314,-123,296,0,135,133,245,0" /><INIT seed="5,0,0,3,1,104" ten="191,296,268,245" oya="1" hai0="126,63,77,125,19,2,107,21,90,36,72,115,8" hai1="84,133,135,88,16,124,54,82,110,6,86,119,83" hai2="85,39,106,67,15,35,134,132,128,108,117,80,1" hai3="62,60,95,4,71,69,73,7,64,89,33,92,130"/><U118/><E6/><V109/><F1/><W37/><G33/><T91/><D36/><U57/><E16/><V51/><F35/><W34/><G34/><T26/><D107/><U116/><E110/><V65/><F39/><W55/><G37/><T81/><D115/><U58/><E124/><V122/><F106/><W30/><G30/><T68/><D68/><U17/><E17/><V29/><F29/><W18/><G130/><T103/><D103/><U127/><E127/><V38/><F38/><W76/><G18/><T52/><D126/><U9/><E9/><V0/><F0/><W100/><G100/><T5/><REACH who="0" step="1"/><D125/><REACH who="0" ten="181,296,268,245" step="2"/><U31/><E118/><V93/><F117/><W47/><G71/><T70/><D70/><U113/><E113/><V49/><F109/><W56/><G69/><T50/><D50/><U112/><E112/><V41/><F51/><W101/><G101/><T14/><D14/><U40/><E119/><V123/><F108/><W20/><G62/><T11/><D11/><U53/><E116/><V3/><F15/><W111/><G60/><T78/><D78/><U75/><E133/><V121/><F3/><W87/><G76/><T129/><D129/><U131/><E135/><N who="2" m="51755" /><F128/><W12/><G12/><T48/><D48/><U25/><E131/><V96/><F122/><W42/><G111/><T13/><D13/><U27/><E27/><V22/><F123/><W32/><G89/><T102/><D102/><U46/><E88/><N who="2" m="55335" /><F121/><W120/><G120/><T28/><D28/><U43/><E31/><V97/><F49/><W98/><G32/><T59/><AGARI ba="0,1" hai="2,5,8,19,21,26,52,59,63,72,77,81,90,91" machi="59" ten="30,12000,2" yaku="1,1,5,1,0,1,52,1,54,1,53,1" doraHai="104" doraHaiUra="74" who="0" fromWho="0" sc="181,130,296,-60,268,-30,245,-30" /><INIT seed="6,0,0,1,0,102" ten="311,236,238,215" oya="2" hai0="125,115,8,117,62,91,7,52,79,122,55,121,92" hai1="67,0,53,88,74,90,15,131,126,35,123,61,68" hai2="134,85,110,84,48,42,83,40,39,24,101,95,81" hai3="12,5,20,107,108,6,26,103,2,133,70,77,130"/><V132/><F110/><W129/><G70/><T66/><D117/><U71/><E0/><V64/><F64/><W78/><G108/><T93/><D115/><U135/><E74/><V36/><F24/><W47/><G2/><T118/><D79/><N who="3" m="30217" /><G47/><T127/><D93/><U51/><E35/><V45/><F101/><W82/><G82/><N who="2" m="31241" /><F95/><W86/><G86/><N who="2" m="33385" /><F48/><W27/><G133/><N who="2" m="51305" /><F45/><W18/><G27/><T44/><D44/><U37/><E51/><V112/><F112/><W22/><G26/><T119/><D92/><U16/><E67/><V105/><F105/><W34/><G34/><T43/><D66/><U4/><E135/><V65/><F65/><W98/><G22/><T116/><D119/><U104/><E104/><V21/><F21/><W75/><G75/><T80/><D118/><U23/><E23/><V58/><F58/><W29/><G29/><T38/><D116/><U19/><E71/><V30/><F30/><W50/><G50/><T1/><D80/><U59/><E59/><V31/><F31/><W17/><G17/><T120/><D120/><U113/><E16/><V100/><F100/><W109/><G109/><T54/><D121/><U96/><E19/><V97/><F97/><W114/><G114/><T72/><D122/><U28/><E96/><V32/><F32/><W25/><G25/><T99/><D99/><U9/><E113/><V33/><F33/><W69/><G69/><T13/><D72/><U73/><E73/><V87/><F87/><W57/><G57/><T106/><D106/><U63/><E68/><V111/><F111/><W49/><G49/><RYUUKYOKU ba="0,0" sc="311,-15,236,-15,238,15,215,15" hai2="36,39,40,42" hai3="5,6,12,18,20,98,103,107,129,130" /><INIT seed="6,1,0,3,3,91" ten="296,221,253,230" oya="2" hai0="41,62,45,16,77,124,121,28,116,132,95,21,17" hai1="12,115,61,46,90,103,125,36,6,133,53,66,130" hai2="128,100,37,98,131,57,9,25,20,50,14,117,97" hai3="72,78,85,114,118,83,51,10,26,19,68,96,102"/><V8/><F37/><W30/><G118/><T126/><D121/><U63/><E115/><V64/><F117/><W80/><G114/><T55/><D116/><U86/><E130/><N who="2" m="49707" /><F14/><W23/><G68/><T111/><D111/><U113/><E113/><V129/><N who="2" m="49715" /><V107/><DORA hai="109" /><F98/><W60/><G60/><T76/><D132/><U87/><E133/><V38/><F38/><W99/><G51/><N who="0" m="27055" /><D28/><U47/><E125/><N who="0" m="48233" /><D95/><N who="1" m="54743" /><E36/><V92/><F107/><W42/><G42/><T73/><D73/><U35/><E35/><V56/><F64/><W39/><G39/><T106/><D106/><U52/><E103/><V81/><F81/><W7/><G30/><T135/><D135/><U1/><E1/><V11/><F50/><W33/><G33/><T29/><D29/><AGARI ba="1,0" hai="8,9,11,20,25,29,56,57,92,97,100" m="49715" machi="29" ten="40,3900,0" yaku="19,1,52,1" doraHai="91,109" who="2" fromWho="0" sc="296,-42,221,0,253,42,230,0" /><INIT seed="6,2,0,1,0,114" ten="254,221,295,230" oya="2" hai0="77,70,120,32,51,84,119,85,48,22,129,52,42" hai1="72,90,94,45,115,25,83,89,131,55,38,96,11" hai2="54,97,130,1,35,63,16,29,102,125,104,80,88" hai3="106,6,91,122,47,0,133,103,44,62,86,4,121"/><V2/><F125/><W73/><G73/><T105/><D32/><U36/><E115/><V109/><F130/><W99/><G133/><T111/><D70/><U18/><E131/><V112/><F112/><W113/><G113/><T95/><D105/><U53/><E72/><V87/><F29/><W82/><G62/><T56/><D111/><U93/><E83/><V61/><F35/><W76/><G91/><T39/><D39/><U33/><E33/><V31/><F31/><W134/><G134/><T9/><D129/><U21/><E11/><V19/><F109/><W10/><REACH who="3" step="1"/><G6/><REACH who="3" ten="254,221,295,220" step="2"/><T41/><D120/><AGARI ba="2,1" hai="0,4,10,44,47,76,82,86,99,103,106,120,121,122" machi="120" ten="40,5200,0" yaku="1,1,2,1,53,1" doraHai="114" doraHaiUra="92" who="3" fromWho="0" sc="254,-58,221,0,295,0,220,68" /><INIT seed="7,0,0,5,1,17" ten="196,221,295,288" oya="3" hai0="32,7,41,23,5,48,123,0,38,73,85,34,29" hai1="131,121,97,43,98,14,104,65,125,81,80,126,93" hai2="86,96,49,4,3,130,74,134,94,91,89,53,132" hai3="28,105,101,71,79,24,77,64,78,47,33,108,31"/><W2/><G31/><T30/><D38/><U117/><E43/><V25/><F74/><W120/><G120/><T42/><D73/><U20/><E65/><V109/><F109/><W82/><G108/><T61/><D123/><U75/><E121/><V102/><F130/><W127/><G2/><T40/><D0/><U88/><E14/><V116/><F116/><W107/><G127/><N who="1" m="48650" /><E20/><V44/><F25/><W19/><G19/><T45/><D34/><U112/><E131/><V6/><F3/><W113/><G113/><T114/><D32/><U13/><E13/><V106/><F91/><W58/><G58/><T124/><D124/><U76/><E112/><V12/><F12/><W128/><G128/><T84/><D114/><U115/><E115/><V118/><F118/><W11/><G11/><T69/><D61/><U95/><E117/><V135/><AGARI ba="0,0" hai="4,6,44,49,53,86,89,94,96,102,106,132,134,135" machi="135" ten="30,2000,0" yaku="0,1,20,1" doraHai="17" who="2" fromWho="2" sc="196,-5,221,-5,295,20,288,-10" owari="191,-31.0,216,-18.0,315,41.0,278,8.0" /></mjloggm>