<mjloggm ver="2.3"><GO type="41" lobby="0"/><UN n0="%61%66%72%61%6E%63%68%65" n1="%E5%B0%B1%E6%B4%BB%E7%94%9F%40%E5%B7%9D%E6%9D%91%E8%BB%8D%E5%9B%A3" n2="%70%69%6E%66%75%74%75%6D" n3="%61%77%75%6E%62" dan="13,16,13,13" rate="1826.39,2042.18,1915.38,1942.16" sx="M,M,M,M"/><TAIKYOKU oya="0"/><INIT seed="0,0,0,3,5,41" ten="250,250,250,250" oya="0" hai0="103,38,91,29,109,127,133,82,42,32,39,0,67" hai1="34,35,5,40,31,27,81,96,59,17,79,4,95" hai2="72,104,75,101,105,14,131,51,44,15,135,63,13" hai3="126,98,47,85,33,93,89,130,10,7,16,25,50"/><T132/><D0/><U68/><E68/><V116/><F135/><N who="0" m="51786" /><D103/><U74/><E35/><V23/><F116/><W55/><G126/><T121/><D121/><U43/><E17/><V37/><F131/><W22/><G130/><T30/><D67/><U94/><E94/><V97/><F37/><N who="0" m="13834" /><D127/><U20/><E34/><V12/><F63/><W112/><G112/><T106/><D106/><U78/><E78/><V125/><F125/><W54/><G33/><T49/><D109/><U56/><E56/><V84/><F84/><W83/><G55/><T120/><D120/><U19/><E31/><V124/><F124/><W36/><G36/><T48/><D32/><U134/><E134/><V52/><F105/><W45/><G45/><N who="0" m="25655" /><D49/><U114/><E114/><V108/><F108/><W58/><G98/><T87/><AGARI ba="0,0" hai="29,30,82,87,91" m="25655,13834,51786" machi="87" ten="40,3900,0" yaku="20,1,52,1" doraHai="41" who="0" fromWho="0" sc="250,39,250,-13,250,-13,250,-13" /><INIT seed="0,1,0,0,0,97" ten="289,237,237,237" oya="0" hai0="131,69,118,126,133,44,25,51,27,87,20,99,101" hai1="30,61,34,59,54,104,79,19,63,72,60,95,24" hai2="73,80,76,2,135,66,78,8,48,28,110,64,22" hai3="4,6,129,81,37,105,125,56,88,100,89,123,111"/><T15/><D118/><U14/><E104/><V58/><F110/><W47/><G111/><T0/><D0/><U35/><E35/><V122/><F48/><W16/><G125/><T53/><D126/><U96/><E79/><V103/><F78/><W116/><G116/><T50/><D69/><U92/><E92/><V13/><F2/><W93/><G129/><T40/><D131/><U57/><E72/><V33/><F33/><W107/><G107/><T85/><D133/><U17/><E17/><V39/><F39/><W102/><G105/><T46/><D15/><U3/><E3/><V68/><F68/><W132/><G132/><T52/><D40/><U86/><E86/><V75/><F75/><W65/><G37/><T84/><REACH who="0" step="1"/><D20/><REACH who="0" ten="279,237,237,237" step="2"/><U114/><E114/><V70/><F135/><W7/><G123/><T1/><D1/><U98/><E14/><V29/><F122/><W106/><G106/><AGARI ba="1,1" hai="25,27,44,46,50,51,52,53,84,85,87,99,101,106" machi="106" ten="40,18000,2" yaku="1,1,9,1,52,1,54,1,53,2" doraHai="97" doraHaiUra="41" who="0" fromWho="3" sc="279,193,237,0,237,0,237,-183" /><INIT seed="0,2,0,5,3,37" ten="472,237,237,54" oya="0" hai0="30,13,120,58,38,83,52,96,40,131,82,109,130" hai1="80,72,75,133,114,108,34,134,87,3,51,19,127" hai2="112,49,124,25,36,59,46,27,119,62,128,20,126" hai3="93,1,125,63,16,22,42,132,15,99,116,9,122"/><T31/><D120/><U97/><E3/><V7/><F112/><W100/><G116/><T45/><D109/><U6/><E34/><V65/><F119/><W105/><G122/><T50/><D96/><U123/><E123/><V107/><F107/><W85/><G125/><T55/><D13/><U74/><E108/><V103/><F103/><W84/><G105/><T78/><D55/><U2/><E114/><V39/><F7/><W111/><G111/><T76/><D76/><U0/><E127/><N who="2" m="48683" /><F27/><W26/><G1/><T117/><D117/><U66/><E66/><V77/><F77/><W113/><G113/><T129/><D83/><U110/><E110/><V17/><F128/><W33/><G63/><T44/><D44/><U98/><E51/><V118/><F118/><W104/><G132/><N who="1" m="50794" /><E19/><V135/><F135/><W121/><G121/><T28/><D28/><U101/><E6/><V56/><F56/><W67/><G67/><T43/><D43/><AGARI ba="2,0" hai="17,20,25,36,39,43,46,49,59,62,65" m="48683" machi="43" ten="30,2000,0" yaku="18,1,52,1" doraHai="37" who="2" fromWho="0" sc="472,-26,237,0,237,26,54,0" /><INIT seed="1,0,0,0,5,22" ten="446,237,263,54" oya="1" hai0="127,47,49,84,38,83,14,43,1,96,41,105,132" hai1="78,45,21,28,11,4,17,29,89,99,15,125,97" hai2="46,8,70,106,64,92,90,130,73,85,112,129,72" hai3="86,133,59,82,110,5,27,30,67,65,61,69,121"/><U25/><E125/><V71/><F46/><W7/><G121/><T40/><D127/><U26/><E78/><V10/><F106/><W120/><G120/><T108/><D108/><U50/><E89/><V117/><F117/><W131/><G131/><N who="2" m="50185" /><F112/><W13/><G133/><T103/><D132/><U12/><E12/><V76/><F76/><W63/><G110/><T66/><D66/><U123/><E123/><V51/><F51/><W95/><G95/><T53/><D1/><U24/><E28/><V100/><F100/><W9/><G86/><T3/><D3/><U74/><E74/><N who="2" m="28779" /><F64/><W31/><G82/><T111/><D111/><U44/><E44/><V134/><F134/><W101/><G101/><T33/><D33/><U60/><E60/><V113/><F113/><W88/><G88/><T58/><REACH who="0" step="1"/><D14/><REACH who="0" ten="436,237,263,54" step="2"/><N who="1" m="5479" /><E29/><V32/><F32/><W62/><G7/><T42/><D42/><AGARI ba="0,1" hai="15,17,21,24,25,26,42,45,50,97,99" m="5479" machi="42" ten="30,11600,0" yaku="8,1,52,3" doraHai="22" who="1" fromWho="0" sc="436,-116,237,126,263,0,54,0" /><INIT seed="1,1,0,3,1,106" ten="320,363,263,54" oya="1" hai0="2,28,35,17,111,107,102,47,12,113,116,31,108" hai1="95,58,134,84,46,49,79,36,130,33,59,117,70" hai2="125,89,44,104,109,127,90,101,63,5,60,64,72" hai3="115,105,42,128,54,16,8,50,133,23,30,129,4"/><U131/><E70/><V81/><F5/><W39/><G115/><T15/><D113/><U41/><E33/><V52/><F109/><N who="0" m="42058" /><D116/><U51/><E117/><V45/><F104/><W76/><G133/><T65/><D65/><U120/><E120/><V11/><F11/><W10/><G105/><T29/><D47/><U67/><E134/><V112/><F101/><W96/><G96/><T14/><D102/><U78/><E95/><V62/><F112/><W25/><G39/><T43/><D43/><U55/><E84/><V119/><F119/><W85/><G42/><T87/><D87/><U75/><E75/><V100/><F100/><W22/><G76/><T97/><D97/><U53/><REACH who="1" step="1"/><E67/><REACH who="1" ten="320,353,263,54" step="2"/><V99/><F64/><W7/><G85/><T83/><D107/><U69/><E69/><V19/><F99/><W27/><G54/><T3/><D83/><U126/><E126/><V94/><F94/><W40/><G50/><T1/><D35/><U80/><E80/><V34/><F34/><W91/><G91/><T26/><D26/><U121/><E121/><V66/><F66/><W124/><G124/><N who="2" m="47689" /><F90/><W122/><G122/><T20/><AGARI ba="1,1" hai="1,2,3,12,14,15,17,20,28,29,31" m="42058" machi="20" ten="40,5200,0" yaku="14,1,34,2" doraHai="106" who="0" fromWho="0" sc="320,65,353,-27,263,-14,54,-14" /><INIT seed="2,0,0,1,4,122" ten="385,326,249,40" oya="2" hai0="5,129,49,113,104,86,131,73,87,77,81,62,125" hai1="128,31,70,17,123,93,27,98,74,114,135,23,76" hai2="85,33,134,133,47,58,115,0,10,39,34,40,91" hai3="101,89,38,44,15,42,120,79,94,25,107,41,11"/><V19/><F115/><W29/><G120/><T6/><D113/><U35/><E70/><V132/><F58/><W116/><G116/><T90/><D125/><U71/><E71/><V111/><F111/><W67/><G42/><T110/><D110/><U9/><E123/><V57/><F57/><W7/><G67/><T97/><D49/><U48/><E114/><V24/><F24/><W4/><G79/><T108/><D108/><U103/><E128/><N who="0" m="49225" /><D62/><U63/><E135/><V65/><F65/><W82/><G107/><T45/><D45/><U109/><E109/><V124/><F124/><W30/><G101/><N who="0" m="62511" /><D86/><U55/><E63/><V112/><F112/><W43/><G43/><T1/><D1/><U22/><E9/><V3/><F3/><W100/><G100/><T96/><D96/><U37/><E37/><V18/><F18/><W56/><G82/><AGARI ba="0,0" hai="5,6,73,77,81,82,87,90" m="62511,49225" machi="82" ten="30,1000,0" yaku="19,1" doraHai="122" who="0" fromWho="3" sc="385,10,326,0,249,0,40,-10" /><INIT seed="3,0,0,0,3,71" ten="395,326,249,30" oya="3" hai0="127,55,112,54,32,104,38,15,117,29,107,4,45" hai1="110,120,126,35,122,79,51,76,22,98,48,26,3" hai2="118,121,97,53,94,24,63,106,21,124,8,86,92" hai3="44,95,7,34,87,73,101,12,108,0,128,96,59"/><W39/><G34/><T100/><D117/><U85/><E110/><V14/><F118/><W9/><G73/><T5/><D127/><U93/><E126/><V125/><F86/><W111/><G128/><T43/><D112/><U49/><E35/><V6/><F121/><W18/><G59/><T13/><D32/><U58/><E3/><V109/><F109/><N who="3" m="42059" /><G87/><T57/><D29/><U84/><E120/><V134/><F134/><W131/><G131/><T115/><D115/><U64/><E122/><V17/><F53/><W103/><G103/><T133/><D133/><U135/><E135/><V30/><F63/><W80/><G80/><T130/><D130/><U78/><E58/><V60/><F60/><W2/><G44/><T81/><D81/><U91/><REACH who="1" step="1"/><E64/><REACH who="1" ten="395,316,249,30" step="2"/><V25/><F125/><W28/><G28/><AGARI ba="0,1" hai="22,26,28,48,49,51,76,78,79,84,85,91,93,98" machi="28" ten="40,5200,0" yaku="1,1,2,1,8,1,53,0" doraHai="71" doraHaiUra="129" who="1" fromWho="3" sc="395,0,316,62,249,0,30,-52" owari="395,49.0,378,18.0,249,-15.0,-22,-52.0" /></mjloggm>