<mjloggm ver="2.3"><GO type="169" lobby="0"/><UN n0="%72%79%6F%E2%80%A6%31%35" n1="%E3%81%AE%E3%81%A1%E3%82%86%E3%82%93" n2="%6D%61%63%6A%72" n3="%E3%82%A6%E3%83%AB%E3%83%88%E3%83%A9%E7%AB%8B%E7%9B%B4" dan="17,16,17,17" rate="2158.55,2200.78,2126.71,2186.76" sx="M,F,M,M"/><TAIKYOKU oya="0"/><INIT seed="0,0,0,2,1,117" ten="250,250,250,250" oya="0" hai0="21,118,120,75,42,101,28,81,54,3,32,34,29" hai1="58,110,76,94,55,33,99,105,11,45,80,9,10" hai2="69,37,121,50,90,59,92,132,27,44,106,17,13" hai3="68,48,84,22,71,111,123,61,77,86,30,129,40"/><T26/><D118/><U112/><E33/><V12/><F69/><W15/><G111/><T115/><D115/><U6/><E105/><V87/><F106/><W25/><G129/><T43/><D3/><U60/><E45/><V107/><F107/><W67/><G71/><T113/><D113/><U74/><E110/><V100/><F37/><W49/><G40/><T64/><D64/><U4/><REACH who="1" step="1"/><E112/><REACH who="1" ten="250,240,250,250" step="2"/><V85/><F44/><W53/><G68/><T47/><D34/><U63/><E63/><V134/><F134/><W108/><G61/><T46/><D32/><U62/><E62/><V88/><F132/><W18/><G108/><T131/><D47/><U96/><E96/><V82/><F121/><W89/><G123/><T14/><D120/><U133/><E133/><V135/><F135/><W78/><G49/><T0/><D46/><U72/><E72/><V109/><F109/><W23/><G48/><T70/><D75/><U103/><AGARI ba="0,1" hai="4,6,9,10,11,55,58,60,74,76,80,94,99,103" machi="103" ten="30,2000,0" yaku="1,1,0,1,53,0" doraHai="117" doraHaiUra="35" who="1" fromWho="1" sc="250,-10,240,30,250,-5,250,-5" /><INIT seed="1,0,0,0,2,27" ten="240,270,245,245" oya="1" hai0="91,78,24,7,8,59,11,105,35,85,133,93,69" hai1="99,128,32,134,124,71,118,72,123,101,83,77,103" hai2="19,22,38,50,88,130,112,46,63,60,81,43,48" hai3="41,39,119,100,122,115,21,113,96,58,74,86,92"/><U55/><E118/><V61/><F130/><W108/><G39/><T42/><D69/><U36/><E36/><V4/><F4/><W44/><G74/><T26/><D105/><U47/><E71/><V82/><F112/><W37/><G122/><T120/><D120/><U98/><E123/><V104/><F104/><W114/><G119/><T53/><D133/><U33/><E134/><V94/><F48/><W125/><G108/><T109/><D109/><U51/><E128/><V45/><F45/><W10/><G125/><T57/><D42/><U84/><E72/><V64/><F64/><W111/><G111/><T56/><D78/><U65/><E65/><V0/><F0/><W5/><G58/><T14/><D11/><U117/><E124/><V73/><F38/><W31/><G86/><T1/><D1/><U62/><E62/><V6/><F6/><W106/><G21/><T28/><REACH who="0" step="1"/><D26/><REACH who="0" ten="230,270,245,245" step="2"/><U95/><REACH who="1" step="1"/><E117/><REACH who="1" ten="230,260,245,245" step="2"/><V13/><REACH who="2" step="1"/><F73/><REACH who="2" ten="230,260,235,245" step="2"/><W3/><G114/><T90/><D90/><U49/><E49/><AGARI ba="0,3" hai="7,8,14,24,28,35,49,53,56,57,59,85,91,93" machi="49" ten="30,7700,0" yaku="1,1,7,1,52,1,53,1" doraHai="27" doraHaiUra="89" who="0" fromWho="1" sc="230,107,260,-77,235,0,245,0" /><INIT seed="2,0,0,1,5,48" ten="337,183,235,245" oya="2" hai0="129,42,89,105,43,83,92,80,109,6,15,113,49" hai1="123,72,135,40,71,97,68,90,91,99,1,36,64" hai2="120,29,17,95,86,88,107,60,31,62,30,0,128" hai3="3,55,41,125,76,66,116,70,11,87,57,81,8"/><V124/><F120/><W82/><G116/><T112/><D105/><U35/><E1/><V9/><F124/><W32/><G32/><T47/><D109/><U58/><E72/><V27/><F128/><W119/><G119/><T74/><D129/><U96/><E123/><V13/><F107/><W63/><G125/><T23/><D74/><U56/><E135/><V69/><F0/><W67/><G3/><T98/><D113/><U73/><E73/><V104/><F104/><W108/><G108/><T24/><D42/><U61/><E35/><V117/><F117/><W12/><G41/><T53/><D43/><U50/><E58/><V4/><F69/><W115/><G115/><T5/><D112/><U38/><E71/><V52/><F52/><N who="3" m="34215" /><G70/><T100/><D100/><U84/><E84/><V93/><REACH who="2" step="1"/><F95/><REACH who="2" ten="337,183,225,245" step="2"/><W132/><G132/><T16/><D5/><U20/><E68/><V127/><F127/><W130/><G130/><T7/><D7/><U54/><E36/><V21/><AGARI ba="0,1" hai="4,9,13,17,21,27,29,30,31,60,62,86,88,93" machi="21" ten="30,11700,0" yaku="1,1,0,1,8,1,54,1,53,0" doraHai="48" doraHaiUra="131" who="2" fromWho="2" sc="337,-39,183,-39,225,127,245,-39" /><INIT seed="2,1,0,5,3,88" ten="298,144,352,206" oya="2" hai0="119,33,72,109,28,66,1,114,79,13,21,130,110" hai1="106,93,25,51,125,4,50,5,131,37,8,41,49" hai2="112,38,42,86,48,17,129,26,24,58,120,98,122" hai3="116,128,46,20,31,59,64,74,117,19,35,12,3"/><V55/><F112/><W82/><G128/><T78/><D1/><U99/><E106/><V73/><F73/><W65/><G46/><T96/><D114/><U69/><E69/><V61/><F38/><W124/><G124/><T10/><D33/><U39/><E131/><V90/><F129/><W135/><G135/><T97/><D66/><U7/><E125/><V126/><F126/><W102/><G102/><T56/><D56/><U43/><E8/><V84/><F98/><N who="0" m="37994" /><D72/><U118/><E118/><V80/><F120/><W18/><G64/><T44/><D44/><U101/><REACH who="1" step="1"/><E25/><REACH who="1" ten="298,134,352,206" step="2"/><V115/><F26/><W123/><G117/><T62/><D10/><U6/><N who="1" m="1024" /><DORA hai="32" /><U40/><AGARI ba="1,1" hai="37,39,40,41,43,49,50,51,93,99,101" m="1024" machi="40" ten="50,12000,2" yaku="1,1,4,1,0,1,29,2,52,1,53,1" doraHai="88,32" doraHaiUra="95,100" who="1" fromWho="1" sc="298,-31,134,133,352,-61,206,-31" /><INIT seed="3,0,0,2,2,67" ten="267,267,291,175" oya="3" hai0="57,94,52,82,5,134,53,76,41,130,28,122,38" hai1="135,105,109,95,83,2,81,1,97,56,68,17,51" hai2="20,77,86,80,129,4,61,112,66,126,23,71,48" hai3="39,98,21,24,19,3,42,0,45,59,123,29,119"/><W33/><G123/><T87/><D122/><U88/><E105/><V15/><F112/><W50/><G119/><T64/><D134/><U35/><E35/><V92/><F126/><W36/><G98/><T47/><D130/><U43/><E135/><V13/><F129/><W62/><G0/><T25/><D5/><U111/><E68/><V30/><F30/><W8/><G3/><T16/><D94/><U60/><E1/><V31/><F31/><W102/><G102/><T70/><D16/><U9/><E51/><V93/><F93/><W128/><G8/><T96/><D96/><U108/><E43/><V120/><F120/><W113/><G113/><T44/><D44/><U78/><E78/><V6/><F13/><W7/><G7/><T121/><D121/><U104/><E104/><V22/><F15/><W72/><G72/><T117/><D117/><U49/><E49/><V32/><F32/><W85/><G85/><T132/><D132/><U26/><E2/><V116/><F116/><W54/><G128/><T40/><D40/><U79/><E79/><V133/><F133/><W65/><G42/><T124/><D124/><U100/><E100/><V101/><F48/><W10/><G10/><T89/><D76/><U11/><E11/><V127/><F127/><W125/><G125/><T115/><D115/><U12/><REACH who="1" step="1"/><E26/><AGARI ba="0,0" hai="19,21,24,26,29,33,36,39,45,50,54,59,62,65" machi="26" ten="30,1500,0" yaku="7,1" doraHai="67" who="3" fromWho="1" sc="267,0,267,-15,291,0,175,15" /><INIT seed="3,1,0,1,5,129" ten="267,252,291,190" oya="3" hai0="92,127,131,117,73,62,52,46,39,22,26,3,60" hai1="107,128,77,12,126,133,65,43,111,50,76,115,66" hai2="36,85,97,61,1,16,6,124,105,86,29,45,84" hai3="123,132,31,49,69,32,101,24,8,103,74,58,125"/><W42/><G123/><T108/><D117/><U96/><E115/><V102/><F29/><W44/><G69/><T113/><D73/><U99/><E128/><V95/><F124/><W33/><G125/><T64/><D113/><U87/><E126/><V100/><F61/><W81/><G132/><T90/><D3/><U25/><E25/><V93/><F6/><W2/><G33/><T56/><D127/><U112/><E12/><V54/><F1/><W98/><G58/><T9/><D9/><U14/><E14/><V68/><F68/><W82/><G74/><T4/><D4/><U35/><E35/><V106/><F16/><W59/><G101/><T122/><D108/><U48/><E111/><V10/><F10/><W114/><G114/><T27/><D131/><U70/><E70/><V118/><F118/><W94/><REACH who="3" step="1"/><G59/><REACH who="3" ten="267,252,291,180" step="2"/><T53/><D122/><U121/><E133/><V109/><F109/><W21/><G21/><T30/><D22/><U75/><E75/><V80/><F100/><W134/><G134/><T120/><D120/><U23/><E23/><V11/><F102/><W0/><G0/><T130/><D130/><U116/><E121/><V89/><F105/><W78/><G78/><T38/><D56/><U5/><E112/><V79/><F106/><W71/><G71/><T17/><D90/><U51/><E107/><V15/><F89/><W83/><G83/><T37/><D92/><U18/><E77/><V55/><F79/><W57/><G57/><T135/><D135/><U41/><E76/><V13/><F93/><W104/><G104/><T67/><D62/><RYUUKYOKU ba="1,1" sc="267,-10,252,-10,291,-10,180,30" hai3="2,8,24,31,32,42,44,49,81,82,94,98,103" /><INIT seed="3,2,1,0,0,135" ten="257,242,281,210" oya="3" hai0="77,29,62,74,59,98,108,32,90,12,36,14,55" hai1="4,87,23,121,89,28,70,5,17,85,95,35,82" hai2="49,33,9,43,97,56,41,123,73,16,46,11,69" hai3="96,34,20,24,132,120,3,102,110,26,71,45,19"/><W53/><G120/><T93/><D36/><U133/><E70/><V37/><F69/><W47/><G3/><T124/><D108/><U75/><E75/><V112/><F73/><W91/><G110/><T131/><D131/><U7/><E121/><V109/><F33/><W122/><G122/><T22/><D32/><U111/><E111/><V6/><F112/><W114/><G114/><T118/><D118/><U128/><E133/><V79/><F79/><W81/><G132/><T54/><D124/><U107/><E107/><V30/><F30/><W115/><G115/><T58/><D77/><U100/><E128/><V125/><F109/><W64/><G53/><T60/><D74/><U1/><E100/><V130/><F123/><W27/><G91/><T66/><D66/><U101/><E101/><V18/><F125/><W127/><G81/><T44/><D44/><U80/><E1/><V10/><F6/><W72/><G72/><T39/><D39/><U40/><E40/><V13/><F130/><W126/><G47/><T106/><D106/><U15/><REACH who="1" step="1"/><E87/><REACH who="1" ten="257,232,281,210" step="2"/><V42/><F37/><W76/><G126/><T38/><D38/><U104/><E104/><V134/><F134/><W86/><G127/><T65/><D65/><U84/><E84/><V67/><F41/><W94/><G64/><T113/><D113/><U117/><E117/><V119/><F42/><W8/><G71/><T68/><D68/><U21/><E21/><N who="2" m="11407" /><F119/><W51/><G34/><T52/><D55/><U105/><E105/><V2/><F67/><W78/><G86/><T57/><D57/><U31/><E31/><RYUUKYOKU ba="2,2" sc="257,15,232,15,281,-15,210,-15" hai0="12,14,22,29,52,54,58,59,60,62,90,93,98" hai1="4,5,7,15,17,23,28,35,80,82,85,89,95" /><INIT seed="4,3,2,0,3,52" ten="272,247,266,195" oya="0" hai0="14,42,131,128,50,22,90,126,16,12,95,53,7" hai1="91,33,41,114,75,105,11,35,86,77,39,5,78" hai2="63,116,81,23,47,67,119,93,132,9,8,71,107" hai3="46,57,98,48,112,108,28,17,62,101,129,111,134"/><T26/><D42/><U10/><E105/><V117/><F132/><W102/><G134/><T79/><D79/><U37/><E77/><V115/><F115/><W29/><G112/><T21/><D7/><U83/><E114/><V73/><F107/><W65/><G129/><N who="0" m="49739" /><D22/><U122/><E122/><V34/><F34/><W127/><G127/><T30/><D30/><N who="3" m="11881" /><G111/><T133/><D126/><U135/><E135/><V72/><F23/><W43/><G108/><T69/><D69/><U68/><E68/><V61/><F9/><W15/><G98/><N who="0" m="57719" /><D133/><U32/><E41/><V124/><F8/><AGARI ba="3,2" hai="8,15,17,43,46,48,57,62,65,101,102" m="11881" machi="8" ten="30,2000,0" yaku="8,1,52,1" doraHai="52" who="3" fromWho="2" sc="272,0,247,0,266,-29,195,49" /><INIT seed="5,0,0,3,1,45" ten="272,247,237,244" oya="1" hai0="43,73,119,85,87,105,109,2,25,107,6,14,89" hai1="110,114,59,102,26,126,52,61,32,13,127,68,29" hai2="112,35,8,96,9,0,108,75,124,86,122,98,88" hai3="116,38,44,111,37,130,3,51,92,120,50,39,58"/><U34/><E114/><V101/><F108/><W57/><G3/><T19/><D73/><U36/><E36/><V129/><F122/><W82/><G82/><T41/><D109/><U81/><E110/><V65/><F35/><W40/><G111/><T48/><D85/><U17/><E102/><V33/><F33/><W4/><G4/><T128/><D119/><U5/><E5/><V77/><F0/><W93/><G120/><T24/><D105/><U131/><E34/><V104/><F65/><W31/><G31/><T134/><D107/><U84/><E68/><V118/><F118/><W22/><G116/><T49/><D6/><U1/><E1/><V106/><F9/><W95/><G130/><T125/><D125/><U91/><REACH who="1" step="1"/><E131/><REACH who="1" ten="272,237,237,244" step="2"/><V78/><F112/><W46/><REACH who="3" step="1"/><G22/><AGARI ba="0,1" hai="13,17,22,26,29,32,52,59,61,81,84,91,126,127" machi="22" ten="40,12000,1" yaku="1,1,2,1,54,1,53,1" doraHai="45" doraHaiUra="79" who="1" fromWho="3" sc="272,0,237,130,237,0,244,-120" /><INIT seed="5,1,0,4,4,52" ten="272,367,237,124" oya="1" hai0="80,135,20,56,72,71,69,39,117,127,7,17,68" hai1="76,96,8,133,102,86,24,54,46,21,49,58,1" hai2="131,116,23,73,47,35,93,119,19,82,97,111,6" hai3="98,132,112,33,64,118,63,114,78,100,9,29,22"/><U125/><E125/><V12/><F111/><W106/><G132/><T77/><BYE who="3" /><D117/><U89/><E76/><UN n3="%E3%82%A6%E3%83%AB%E3%83%88%E3%83%A9%E7%AB%8B%E7%9B%B4" /><V60/><F35/><W94/><G118/><T109/><D109/><U124/><E124/><V62/><F131/><W120/><G120/><T103/><D127/><U108/><E108/><V104/><F104/><W11/><G78/><T67/><D39/><U122/><E122/><V130/><F130/><W92/><G22/><T129/><D129/><U126/><E126/><V50/><F73/><W95/><G11/><T99/><D7/><U42/><E133/><V85/><F116/><W36/><G9/><T55/><D135/><U51/><E8/><V26/><F12/><W3/><G36/><T90/><D90/><U128/><E1/><V74/><F74/><W15/><G15/><T18/><D67/><U59/><E128/><V53/><F6/><W105/><G105/><T121/><D121/><U66/><E66/><V110/><F110/><W45/><G45/><T79/><D79/><U13/><E13/><V16/><F19/><W88/><G88/><T34/><D34/><U10/><E10/><V115/><F119/><W43/><G43/><T48/><REACH who="0" step="1"/><D20/><REACH who="0" ten="262,367,237,124" step="2"/><U40/><E21/><V65/><F65/><W87/><G3/><T4/><D4/><U83/><E89/><N who="2" m="51383" /><F115/><W38/><G38/><T61/><D61/><U2/><E2/><V32/><F32/><W75/><G75/><T113/><D113/><U25/><E51/><V70/><F70/><N who="3" m="42271" /><G87/><T123/><D123/><U30/><E86/><V14/><F26/><AGARI ba="1,1" hai="26,29,33,92,94,95,98,100,106,112,114" m="42271" machi="26" ten="30,1000,0" yaku="25,1" doraHai="52" who="3" fromWho="2" sc="262,0,367,0,237,-13,124,23" /><INIT seed="6,0,0,5,1,84" ten="262,367,224,147" oya="2" hai0="87,36,58,42,86,79,93,111,49,44,73,30,26" hai1="24,82,60,35,107,108,71,63,32,121,70,5,112" hai2="62,6,9,43,91,90,61,88,115,125,68,127,1" hai3="27,67,104,54,18,23,55,3,12,41,106,103,119"/><V83/><F115/><W39/><G3/><T56/><D111/><U92/><E108/><V33/><F33/><W48/><G119/><T53/><D73/><U38/><E38/><V40/><F83/><W122/><G122/><T129/><D129/><U28/><E112/><V4/><F4/><W65/><G39/><T17/><D17/><U69/><E35/><V25/><F25/><W102/><G41/><N who="2" m="15945" /><F68/><W74/><G74/><T101/><D79/><U57/><E107/><V72/><F72/><W50/><G27/><T133/><D133/><U100/><E121/><V113/><F113/><W134/><G23/><T2/><D2/><U22/><E32/><V59/><F59/><W11/><G11/><T109/><D109/><U85/><E5/><V124/><AGARI ba="0,0" hai="1,6,9,61,62,88,90,91,124,125,127" m="15945" machi="124" ten="40,12000,1" yaku="18,1,52,3,54,1" doraHai="84" who="2" fromWho="2" sc="262,-40,367,-40,224,120,147,-40" /><INIT seed="6,1,0,3,5,13" ten="222,327,344,107" oya="2" hai0="73,120,43,82,25,46,31,56,11,88,83,78,114" hai1="1,18,127,37,12,103,21,34,36,101,69,62,124" hai2="133,38,23,107,91,93,68,63,26,45,85,54,100" hai3="109,115,128,53,24,66,134,17,90,58,96,76,9"/><V80/><F133/><W44/><G109/><T86/><D114/><U35/><E1/><V33/><F33/><N who="1" m="12297" /><E69/><V108/><F108/><W135/><G76/><T130/><D130/><U131/><E131/><V112/><F112/><W129/><G115/><T74/><D120/><U6/><E62/><V118/><F118/><W89/><G66/><T50/><D56/><U10/><E101/><V8/><F8/><W94/><G44/><T119/><D119/><U70/><E103/><V2/><F2/><W39/><G39/><T30/><D74/><U84/><E84/><V29/><F38/><W5/><G90/><T65/><D65/><U0/><E70/><V32/><F45/><W92/><G92/><T59/><D59/><U4/><E37/><V126/><F32/><W20/><G128/><T52/><D43/><U116/><E36/><V113/><F113/><W22/><G129/><T102/><D102/><U125/><E6/><V48/><F107/><W75/><G22/><T64/><D64/><U3/><E3/><V60/><F68/><W99/><G99/><T19/><D25/><U117/><AGARI ba="1,0" hai="0,4,10,12,18,21,116,117,124,125,127" m="12297" machi="117" ten="40,8000,1" yaku="18,1,34,2,52,1" doraHai="13" who="1" fromWho="1" sc="222,-21,327,83,344,-41,107,-21" /><INIT seed="7,0,0,0,3,77" ten="201,410,303,86" oya="3" hai0="55,46,5,52,34,20,44,121,17,45,47,10,2" hai1="125,102,127,111,131,25,16,103,128,80,19,6,3" hai2="86,41,98,53,88,119,76,81,130,87,114,117,18" hai3="38,13,67,100,69,30,26,39,4,107,28,104,7"/><W49/><G49/><T85/><D34/><U132/><E111/><V9/><F114/><W72/><G72/><T51/><D121/><U99/><E132/><V71/><F71/><W93/><G93/><T64/><D64/><U37/><E37/><V95/><F41/><W33/><G28/><T36/><D36/><N who="3" m="13865" /><G13/><T126/><D126/><N who="1" m="48139" /><E80/><N who="2" m="47367" /><F53/><W113/><G107/><T12/><D85/><U105/><E102/><V123/><F9/><W58/><G58/><T112/><D112/><U116/><E116/><N who="2" m="44619" /><F18/><N who="1" m="6697" /><E25/><V21/><F21/><W91/><G91/><T32/><D32/><U14/><E3/><V15/><F15/><W133/><G133/><T43/><AGARI ba="0,0" hai="2,5,10,12,17,20,43,44,45,46,47,51,52,55" machi="43" ten="30,2000,0" yaku="0,1,54,1" doraHai="77" who="0" fromWho="0" sc="201,20,410,-5,303,-5,86,-10" owari="221,-18.0,405,50.0,298,10.0,76,-42.0" /></mjloggm>