<mjloggm ver="2.3"><GO type="41" lobby="0"/><UN n0="%E5%B0%B1%E6%B4%BB%E7%94%9F%40%E5%B7%9D%E6%9D%91%E8%BB%8D%E5%9B%A3" n1="%6C%65%74%69%74%62%65" n2="%67%61%65%69" n3="%E3%81%AF%E3%81%98%E3%82%81%E4%B8%80%E9%83%8E" dan="15,15,14,14" rate="2020.30,1933.07,1952.87,1983.67" sx="M,F,M,M"/><TAIKYOKU oya="0"/><INIT seed="0,0,0,0,3,108" ten="250,250,250,250" oya="0" hai0="1,15,87,17,56,24,132,104,119,117,110,75,47" hai1="78,102,7,52,113,89,79,57,120,114,23,28,37" hai2="67,59,116,53,33,36,5,74,107,128,85,46,68" hai3="94,88,125,6,80,51,115,55,11,121,3,112,62"/><T22/><D1/><U91/><E120/><V44/><F116/><W96/><G121/><T129/><D75/><U64/><E37/><V69/><F107/><W135/><G135/><T10/><D110/><U83/><E7/><V19/><F74/><W60/><G125/><T99/><D132/><U71/><E102/><V93/><F33/><W92/><G80/><T100/><D129/><U61/><E79/><V134/><F134/><W105/><G105/><T90/><D47/><U30/><E23/><V25/><F128/><W32/><G32/><T13/><D13/><U4/><E4/><V38/><F5/><W16/><G16/><T101/><D101/><U39/><E39/><V109/><F109/><W84/><G60/><T41/><D41/><U58/><E71/><V43/><F67/><W8/><G8/><T45/><D45/><U126/><E126/><V48/><F46/><W63/><G63/><T34/><D56/><U20/><E20/><V122/><F38/><W21/><G21/><T123/><D34/><U0/><E0/><V40/><F122/><W35/><G35/><T29/><REACH who="0" step="1"/><D123/><REACH who="0" ten="240,250,250,250" step="2"/><U98/><E58/><V73/><F73/><W70/><G70/><T65/><D65/><U127/><E127/><V130/><F130/><W111/><G111/><T133/><D133/><U72/><E64/><V50/><F43/><W77/><G3/><T9/><D9/><U82/><E57/><V12/><F69/><W118/><G11/><T124/><D124/><U2/><E2/><V31/><F68/><W95/><G118/><T54/><D54/><U81/><E52/><RYUUKYOKU ba="0,1" sc="240,30,250,-10,250,-10,250,-10" hai0="10,15,17,22,24,29,87,90,99,100,104,117,119" /><INIT seed="0,1,1,5,5,16" ten="270,240,240,240" oya="0" hai0="94,20,68,5,118,104,39,71,15,14,52,91,2" hai1="12,95,107,89,11,101,6,82,117,17,23,129,124" hai2="8,135,78,99,53,32,105,41,3,133,7,85,61" hai3="38,121,96,63,67,75,122,109,25,66,54,4,74"/><T111/><D104/><U114/><E117/><V87/><F32/><W81/><G109/><T40/><D118/><U128/><E124/><V116/><F41/><W55/><G38/><T125/><D125/><U123/><E123/><V65/><F116/><W69/><G67/><T77/><D77/><U35/><E35/><V113/><F53/><W106/><G4/><T34/><D34/><U31/><E31/><V18/><F18/><W72/><G81/><T51/><D2/><U21/><E82/><V76/><F113/><W29/><G96/><T28/><D111/><U120/><E120/><N who="3" m="46186" /><G106/><T9/><D39/><U13/><E114/><V110/><F110/><W22/><AGARI ba="1,1" hai="22,25,29,54,55,63,66,69,72,74,75" m="46186" machi="22" ten="40,2700,0" yaku="13,1,52,1" doraHai="16" who="3" fromWho="3" sc="270,-14,240,-8,240,-8,240,40" /><INIT seed="1,0,0,1,5,111" ten="256,232,232,280" oya="1" hai0="41,88,77,102,94,8,50,117,100,126,2,32,76" hai1="5,112,51,80,120,95,43,75,52,123,9,44,59" hai2="72,53,40,104,132,24,121,67,39,106,71,45,30" hai3="18,127,68,11,28,103,61,34,16,125,15,20,42"/><U69/><E69/><V26/><F121/><W124/><G103/><T118/><D32/><U23/><E23/><V64/><F132/><W33/><G42/><T89/><D2/><U113/><E95/><V56/><F72/><W92/><G92/><T129/><D41/><U27/><E27/><V48/><F67/><W6/><G61/><T55/><D8/><U105/><E105/><V7/><F7/><W49/><G49/><T81/><D129/><U83/><E123/><V54/><F54/><W66/><G66/><T107/><D126/><U82/><E75/><V130/><F130/><W73/><G73/><T74/><D55/><U60/><REACH who="1" step="1"/><E120/><REACH who="1" ten="256,222,232,280" step="2"/><V12/><F26/><N who="3" m="16455" /><G68/><T78/><D50/><U131/><E131/><V84/><F106/><W91/><G91/><N who="0" m="34891" /><D117/><U135/><E135/><V62/><F104/><W98/><G98/><N who="0" m="61847" /><D118/><U86/><E86/><V65/><F84/><W79/><G79/><T19/><D19/><AGARI ba="0,1" hai="6,11,15,16,18,19,33,34,124,125,127" m="16455" machi="19" ten="30,7700,0" yaku="18,1,34,2,54,1" doraHai="111" who="3" fromWho="0" sc="256,-77,222,0,232,0,280,87" /><INIT seed="2,0,0,2,1,26" ten="179,222,232,367" oya="2" hai0="78,106,104,5,35,2,135,128,65,22,67,54,42" hai1="40,45,113,9,120,105,70,53,17,60,89,83,37" hai2="25,11,100,99,12,81,44,21,129,36,96,118,6" hai3="34,74,127,69,20,131,15,101,0,50,77,92,33"/><V28/><F118/><W71/><G0/><T38/><D35/><U79/><E113/><V49/><F129/><W30/><G131/><T110/><D128/><U107/><E120/><V87/><F36/><W56/><G127/><T66/><D135/><U91/><E107/><V94/><F99/><W93/><G77/><T64/><D110/><U103/><E103/><V133/><F133/><W73/><G101/><T55/><D78/><U47/><E105/><V32/><F32/><W39/><G39/><T63/><D106/><U3/><E70/><V125/><F125/><W68/><G50/><T121/><D104/><U23/><E60/><V4/><F4/><W52/><G56/><T123/><D22/><U24/><E53/><V134/><F134/><W76/><G76/><T61/><D5/><U112/><E112/><V122/><F122/><N who="0" m="46602" /><D2/><U62/><E62/><N who="0" m="23561" /><D66/><U88/><E45/><AGARI ba="0,0" hai="38,42,45,54,55,64,65,67" m="23561,46602" machi="45" ten="40,2600,0" yaku="34,2" doraHai="26" who="0" fromWho="1" sc="179,26,222,-26,232,0,367,0" /><INIT seed="3,0,0,0,4,66" ten="205,196,232,367" oya="3" hai0="12,53,70,131,84,102,40,31,74,46,125,22,130" hai1="58,78,67,41,82,43,44,34,105,122,127,16,33" hai2="54,29,107,25,97,108,118,49,91,134,28,65,4" hai3="71,63,10,133,89,111,32,120,121,7,48,30,75"/><W55/><G75/><T24/><D74/><U19/><E122/><V90/><F118/><W57/><G133/><T81/><D125/><U110/><E127/><V119/><F119/><W83/><G111/><T8/><D102/><U79/><E105/><V21/><F134/><W94/><G83/><T1/><D1/><U128/><E128/><N who="0" m="49193" /><D53/><U47/><E110/><V117/><F108/><W132/><G132/><T38/><D70/><U5/><E82/><V101/><F117/><W114/><G114/><T14/><D8/><U98/><E98/><V27/><F4/><W106/><G106/><T123/><D123/><U115/><E67/><V85/><F65/><W73/><G73/><T23/><D23/><U124/><E124/><V76/><F76/><AGARI ba="0,0" hai="12,14,22,24,31,38,40,46,76,81,84" m="49193" machi="76" ten="30,1000,0" yaku="19,1" doraHai="66" who="0" fromWho="2" sc="205,10,196,0,232,-10,367,0" /><INIT seed="4,0,0,1,5,97" ten="215,196,222,367" oya="0" hai0="19,109,42,59,113,20,68,50,81,129,24,1,8" hai1="39,54,72,51,84,105,125,98,12,119,96,92,48" hai2="95,0,18,6,47,30,63,91,10,86,67,78,16" hai3="75,69,52,93,76,46,25,65,13,111,89,33,117"/><T123/><D68/><U5/><E39/><V87/><F30/><W37/><G111/><T57/><D123/><U22/><E72/><V40/><F78/><W108/><G108/><T27/><D113/><U124/><E119/><V88/><F47/><W118/><G13/><T134/><D109/><U115/><E115/><V116/><F40/><W60/><G76/><T34/><D129/><U71/><E71/><V44/><F44/><W41/><G75/><T26/><D134/><U126/><E105/><V28/><F28/><W90/><G90/><T23/><D34/><U77/><E51/><V131/><F131/><W58/><G25/><T62/><D1/><U122/><E122/><V130/><F116/><W43/><G43/><T17/><D42/><U127/><E127/><V2/><F2/><W4/><G4/><T121/><D121/><U94/><E5/><V112/><F112/><W66/><G66/><T80/><D8/><U106/><E106/><V55/><F55/><W101/><G33/><T110/><D110/><U103/><E12/><V11/><F11/><W36/><G36/><T56/><D50/><U99/><E22/><N who="0" m="8233" /><D62/><U35/><E35/><V29/><F130/><W82/><G65/><T120/><D120/><U85/><E48/><V3/><F3/><W100/><G69/><T7/><D7/><U104/><E54/><V14/><F0/><W107/><G107/><T38/><D38/><U32/><E32/><V31/><F63/><W79/><G117/><T132/><D132/><U135/><E135/><V74/><F67/><W61/><G118/><T83/><AGARI ba="0,0" hai="17,19,24,26,27,56,57,59,80,81,83" m="8233" machi="83" ten="40,18000,2" yaku="5,1,29,2,28,2,8,1" doraHai="97" who="0" fromWho="0" sc="215,180,196,-60,222,-60,367,-60" /><INIT seed="4,1,0,0,5,49" ten="395,136,162,307" oya="0" hai0="115,85,53,21,107,8,44,94,70,119,6,121,68" hai1="81,63,37,42,19,87,56,133,58,127,50,95,118" hai2="99,17,64,10,135,86,91,33,114,3,40,92,59" hai3="9,47,100,18,48,75,111,2,71,27,132,120,30"/><T96/><D107/><U55/><E118/><V84/><F33/><W22/><G120/><T130/><D119/><U123/><E123/><V116/><F135/><W106/><G132/><T28/><D121/><U72/><E72/><V122/><F116/><W46/><G71/><T0/><D115/><U113/><E133/><V65/><F122/><W39/><G111/><T124/><D124/><U110/><E110/><V15/><F114/><W25/><G75/><T101/><D130/><U88/><E127/><V112/><F40/><W108/><G108/><T117/><D117/><U12/><E113/><V13/><F112/><W11/><G39/><T29/><D85/><U7/><E7/><V79/><F3/><W31/><G31/><T104/><D104/><U80/><E42/><V41/><F41/><W62/><G62/><T82/><D82/><U35/><E35/><V32/><F32/><W43/><G47/><T105/><D105/><U20/><E37/><V129/><F129/><W103/><G106/><T60/><D28/><U45/><E45/><V38/><F38/><W77/><G77/><T109/><D109/><U98/><E98/><V16/><F79/><W51/><G48/><T90/><D101/><N who="3" m="38985" /><G2/><T89/><D70/><U23/><E23/><AGARI ba="1,0" hai="9,11,18,22,23,25,27,30,43,46,51" m="38985" machi="23" ten="30,1000,0" yaku="8,1" doraHai="49" who="3" fromWho="1" sc="395,0,136,-13,162,0,307,13" /><INIT seed="5,0,0,0,3,75" ten="395,123,162,320" oya="1" hai0="16,128,123,5,105,117,2,44,39,89,120,93,34" hai1="122,60,124,94,48,119,38,47,7,131,56,32,97" hai2="112,69,68,23,29,92,40,118,62,37,49,14,111" hai3="18,107,31,19,101,25,36,73,43,79,87,52,26"/><U10/><E122/><N who="0" m="46633" /><D105/><U27/><E119/><V9/><F118/><W109/><G109/><T103/><D34/><U86/><E131/><V6/><F111/><W95/><G107/><T99/><D117/><U81/><E38/><V64/><F37/><W66/><G66/><T116/><D116/><U17/><E124/><V72/><F72/><W133/><G133/><T82/><D128/><U20/><E32/><V1/><F112/><W125/><G125/><T61/><D61/><U41/><E10/><V53/><F40/><W50/><G43/><N who="0" m="22655" /><D5/><U91/><E7/><V130/><F130/><W106/><G36/><T65/><D2/><U13/><E13/><V100/><F1/><W108/><G108/><T114/><D65/><U102/><E60/><V96/><F62/><W80/><G106/><T78/><D114/><U28/><REACH who="1" step="1"/><E56/><REACH who="1" ten="395,113,162,320" step="2"/><V74/><F69/><W46/><G26/><T54/><D54/><U8/><E8/><V63/><F6/><W132/><G25/><T90/><D16/><AGARI ba="0,1" hai="16,17,20,27,28,41,47,48,81,86,91,94,97,102" machi="16" ten="40,12000,1" yaku="1,1,8,1,54,1,53,1" doraHai="75" doraHaiUra="45" who="1" fromWho="0" sc="395,-120,113,130,162,0,320,0" /><INIT seed="5,1,0,2,4,103" ten="275,243,162,320" oya="1" hai0="6,109,16,19,55,102,15,128,116,99,130,69,94" hai1="51,71,70,74,112,39,81,84,0,104,9,127,40" hai2="65,37,26,125,100,97,75,106,30,22,25,101,10" hai3="45,48,77,62,32,1,56,105,24,57,126,42,76"/><U110/><E104/><V72/><F125/><W95/><G126/><T108/><D69/><U131/><E127/><V96/><F37/><W23/><G105/><T34/><D34/><U36/><E112/><V123/><F123/><W79/><G32/><T88/><D116/><U78/><E131/><N who="0" m="50217" /><D6/><U5/><E110/><N who="0" m="42601" /><D55/><U54/><E40/><V17/><F10/><W44/><G1/><T58/><D58/><U134/><E134/><V86/><F86/><W14/><G45/><T31/><D31/><U53/><E53/><V122/><F65/><W52/><G57/><T35/><D35/><U73/><E70/><V43/><F43/><W41/><G41/><T11/><D19/><U4/><E71/><V21/><F122/><W61/><G61/><T28/><D28/><U135/><E5/><V115/><F115/><W92/><G14/><T124/><D124/><U119/><E119/><V91/><F91/><AGARI ba="1,0" hai="11,15,16,88,91,94,99,102" m="42601,50217" machi="91" ten="30,3900,0" yaku="19,1,54,2" doraHai="103" who="0" fromWho="2" sc="275,42,243,0,162,-42,320,0" /><INIT seed="6,0,0,4,3,8" ten="317,243,120,320" oya="2" hai0="87,50,53,0,107,67,96,15,51,80,18,109,36" hai1="84,75,81,43,56,44,95,106,39,31,12,70,115" hai2="6,49,52,78,65,61,58,97,46,88,122,85,24" hai3="76,5,86,89,19,129,11,113,111,77,20,23,103"/><V2/><F122/><W123/><G123/><T131/><D0/><U132/><E106/><V74/><F74/><W120/><G120/><T126/><D36/><U30/><E70/><V72/><F72/><W69/><G69/><T68/><D109/><U66/><E115/><V98/><F78/><W45/><G111/><T7/><D126/><U71/><E71/><V27/><F6/><W54/><G129/><T59/><D131/><U4/><E132/><V37/><F2/><W17/><G113/><T22/><D7/><U13/><E75/><V26/><REACH who="2" step="1"/><F37/><REACH who="2" ten="317,243,110,320" step="2"/><W127/><G5/><T48/><D107/><U29/><E4/><V62/><F62/><W121/><G121/><T16/><D68/><U90/><REACH who="1" step="1"/><E81/><AGARI ba="0,1" hai="24,26,27,46,49,52,58,61,65,81,85,88,97,98" machi="81" ten="40,12000,1" yaku="1,1,8,1,54,2,53,1" doraHai="8" doraHaiUra="55" who="2" fromWho="1" sc="317,0,243,-120,110,130,320,0" /><INIT seed="6,1,0,2,1,32" ten="317,123,240,320" oya="2" hai0="106,122,14,87,25,61,125,52,45,114,90,97,37" hai1="96,16,110,133,81,119,78,4,75,39,40,7,42" hai2="124,67,113,60,59,12,76,135,28,31,107,8,118" hai3="30,47,101,72,46,23,54,85,50,56,6,73,130"/><V19/><F118/><W57/><G130/><T109/><D122/><U49/><E119/><V92/><F107/><W129/><G129/><T11/><D109/><U62/><E110/><V53/><F135/><W95/><G6/><T99/><D114/><U77/><E133/><V3/><F113/><W5/><G5/><T71/><D106/><U44/><E77/><V88/><F3/><W10/><G10/><T94/><D125/><U91/><E39/><V43/><F43/><W83/><G73/><T34/><D34/><U117/><E117/><V22/><F76/><W55/><G72/><T111/><D111/><U131/><E131/><V21/><F124/><W58/><G30/><N who="2" m="11305" /><F67/><W9/><G9/><T70/><D25/><U0/><E0/><V112/><F112/><W116/><G116/><T93/><D37/><U134/><E134/><V68/><F68/><W121/><G121/><T2/><D2/><U18/><E42/><V120/><F120/><W104/><G23/><T27/><D27/><U69/><E69/><V102/><F102/><W84/><G104/><T1/><D1/><U66/><E4/><V15/><F12/><W26/><G26/><T115/><D115/><U38/><E7/><V36/><F36/><W100/><G95/><N who="0" m="54751" /><D71/><N who="1" m="42455" /><E38/><V17/><F19/><W98/><G83/><T33/><D70/><U74/><E74/><V79/><F79/><W103/><G98/><AGARI ba="1,0" hai="8,15,17,21,22,53,59,60,88,92,98" m="11305" machi="98" ten="30,2900,0" yaku="8,1,54,1" doraHai="32" who="2" fromWho="3" sc="317,0,123,0,240,32,320,-32" /><INIT seed="6,2,0,4,3,107" ten="317,123,272,288" oya="2" hai0="31,101,44,111,127,35,40,45,52,47,96,82,36" hai1="21,79,4,103,42,128,117,63,74,114,61,7,57" hai2="122,80,91,66,15,48,131,13,135,110,16,85,29" hai3="69,26,64,3,59,108,34,104,46,83,65,72,88"/><V87/><F122/><W25/><G108/><T129/><D111/><U81/><E117/><V133/><F110/><W73/><G3/><T9/><D127/><U126/><E114/><V124/><F131/><W24/><G34/><T55/><D129/><U116/><E128/><V84/><F124/><W54/><G104/><T0/><D36/><U120/><E120/><V2/><F2/><W95/><G46/><T53/><D40/><U113/><E113/><V75/><F75/><W118/><G118/><T5/><D82/><U58/><E116/><V14/><F66/><W98/><G69/><T10/><D10/><U28/><E126/><V11/><F29/><W92/><G83/><T1/><D31/><U23/><E42/><V121/><F48/><W102/><G65/><T77/><D77/><U22/><E28/><V78/><F121/><W43/><G64/><T37/><D35/><U134/><E103/><V68/><F68/><W56/><G43/><T41/><REACH who="0" step="1"/><D0/><REACH who="0" ten="307,123,272,288" step="2"/><U19/><E134/><N who="2" m="51211" /><F78/><W90/><G102/><T67/><D67/><N who="1" m="39343" /><E81/><V94/><F80/><W123/><G123/><T115/><D115/><U132/><E132/><V86/><AGARI ba="2,1" hai="11,13,14,15,16,84,85,86,87,91,94" m="51211" machi="86" ten="30,3000,0" yaku="20,1,54,1" doraHai="107" who="2" fromWho="2" sc="307,-12,123,-12,272,46,288,-12" /><INIT seed="6,3,0,0,5,52" ten="295,111,318,276" oya="2" hai0="32,70,122,56,94,36,16,65,37,41,26,103,101" hai1="85,117,38,89,39,25,135,77,9,6,116,127,45" hai2="62,110,34,102,15,19,18,53,27,55,17,46,58" hai3="128,33,120,40,59,82,68,83,69,24,123,20,50"/><V124/><F124/><W30/><G128/><T5/><D70/><U8/><E127/><V21/><F110/><W29/><G33/><T7/><D122/><U88/><E135/><V100/><F34/><W133/><G133/><T2/><D37/><U0/><E25/><V44/><F19/><W54/><G40/><T108/><D108/><U60/><E77/><V48/><REACH who="2" step="1"/><F44/><REACH who="2" ten="295,111,308,276" step="2"/><W90/><G30/><T49/><D5/><U93/><E45/><V3/><F3/><W99/><G120/><T57/><D7/><U119/><E6/><V31/><F31/><W92/><G123/><T72/><D2/><U74/><E0/><V125/><F125/><W105/><G105/><T35/><D35/><U81/><E74/><V121/><F121/><W112/><G112/><T63/><D32/><U95/><E117/><V98/><F98/><W104/><G104/><T42/><D72/><U79/><E119/><V111/><F111/><W130/><G130/><T129/><D129/><U14/><E116/><V109/><F109/><W1/><G1/><T13/><D26/><U51/><E14/><V87/><F87/><W84/><REACH who="3" step="1"/><G82/><REACH who="3" ten="295,111,308,266" step="2"/><T43/><D36/><U61/><E38/><V126/><F126/><W91/><AGARI ba="3,2" hai="20,24,29,50,54,59,68,69,83,84,90,91,92,99" machi="91" ten="20,8000,1" yaku="1,1,2,1,0,1,7,1,52,1,53,0" doraHai="52" doraHaiUra="12" who="3" fromWho="3" sc="295,-23,111,-23,308,-43,266,109" /><INIT seed="7,0,0,2,3,124" ten="272,88,265,375" oya="3" hai0="117,45,107,29,90,97,99,78,40,69,98,135,128" hai1="19,88,77,76,18,9,72,12,129,20,26,56,7" hai2="87,2,33,28,10,41,64,89,27,62,44,1,103" hai3="11,35,126,38,52,93,25,101,6,31,15,48,84"/><W46/><G126/><T59/><D69/><U3/><E72/><V81/><F103/><W131/><G38/><T42/><D117/><U91/><E3/><V100/><F100/><W8/><G8/><T30/><D107/><U34/><E34/><V75/><F75/><W58/><G46/><T43/><D135/><U23/><E56/><V74/><F74/><W113/><G113/><T50/><D78/><U21/><E21/><V54/><F10/><W71/><G71/><T53/><D128/><U17/><E17/><V68/><F54/><W132/><G132/><T14/><D14/><U130/><E9/><V95/><F81/><W67/><G131/><T73/><D73/><U36/><E36/><AGARI ba="0,0" hai="1,2,27,28,33,36,41,44,62,64,68,87,89,95" machi="36" ten="30,1000,0" yaku="7,1" doraHai="124" who="2" fromWho="1" sc="272,0,88,-10,265,10,375,0" owari="272,-13.0,78,-42.0,275,8.0,375,47.0" /></mjloggm>