<mjloggm ver="2.3"><GO type="169" lobby="0"/><UN n0="%E4%B8%AD%E6%9D%91%E8%B1%AA" n1="%65%69%6B%31" n2="%E5%B0%B1%E6%B4%BB%E7%94%9F%40%E5%B7%9D%E6%9D%91%E8%BB%8D%E5%9B%A3" n3="%E3%82%84%E3%81%9F%E3%82%B1%E3%83%B3" dan="17,17,16,17" rate="2124.83,2172.66,2089.78,2199.56" sx="M,M,M,M"/><TAIKYOKU oya="0"/><INIT seed="0,0,0,4,0,49" ten="250,250,250,250" oya="0" hai0="29,132,93,116,59,56,73,50,126,53,110,118,7" hai1="114,17,127,62,66,31,36,120,89,11,64,6,109" hai2="91,41,98,45,52,76,94,86,121,97,67,34,28" hai3="69,1,95,134,20,63,22,83,33,68,96,4,71"/><T14/><D73/><U18/><E36/><V129/><F121/><W77/><G33/><T106/><D106/><U35/><E120/><V92/><F129/><W102/><G134/><T26/><D132/><U37/><E37/><V81/><F67/><W74/><G4/><T30/><D30/><U43/><E43/><V39/><F28/><W107/><G1/><T16/><D7/><U27/><E109/><V8/><F8/><W12/><G12/><T72/><D72/><U108/><E108/><V117/><F34/><W21/><REACH who="3" step="1"/><G63/><REACH who="3" ten="250,250,250,240" step="2"/><T82/><D110/><U80/><E62/><V135/><F135/><W0/><G0/><T15/><D15/><U119/><E6/><V103/><F117/><W61/><G61/><T79/><D118/><U19/><E35/><V13/><F13/><W47/><G47/><T65/><D116/><U123/><E119/><V88/><F103/><W57/><G57/><T55/><D14/><U25/><E123/><V10/><F10/><W9/><G9/><T124/><D59/><U70/><E11/><V111/><F111/><W130/><G130/><T122/><D56/><U38/><E27/><V40/><F39/><W85/><G85/><T78/><D122/><U24/><E25/><V84/><F86/><W133/><G133/><T32/><D26/><U75/><E38/><V131/><F131/><W99/><G99/><T113/><D32/><U112/><E24/><V44/><F44/><W87/><G87/><T54/><D29/><U48/><E31/><V101/><F101/><W46/><G46/><T125/><D125/><U115/><E127/><RYUUKYOKU ba="0,1" sc="250,-15,250,-15,250,15,240,15" hai2="40,41,45,52,76,81,84,88,91,92,94,97,98" hai3="20,21,22,68,69,71,74,77,83,95,96,102,107" /><INIT seed="1,1,1,2,1,30" ten="235,235,265,255" oya="1" hai0="68,0,122,123,16,63,129,70,13,103,7,81,102" hai1="1,55,79,131,107,100,109,71,132,89,11,101,98" hai2="39,29,58,85,94,12,82,27,25,112,92,90,33" hai3="60,69,22,91,97,36,117,49,74,6,76,46,105"/><U41/><E71/><V95/><F39/><W135/><G36/><T115/><D115/><U124/><E41/><V43/><F112/><W121/><G121/><N who="0" m="46091" /><D129/><U96/><E55/><V130/><F130/><W88/><G117/><T61/><D81/><U127/><E131/><V114/><F114/><W23/><G6/><T50/><D50/><U113/><E113/><V37/><F37/><W108/><G108/><T66/><D7/><U35/><E35/><V59/><F43/><W83/><G135/><T51/><D0/><U3/><E11/><V87/><F25/><W54/><G69/><T116/><D116/><U40/><E40/><V118/><F118/><W106/><G60/><T44/><D63/><U133/><E109/><V8/><REACH who="2" step="1"/><F85/><REACH who="2" ten="235,235,255,255" step="2"/><W18/><G23/><N who="0" m="11663" /><D70/><U75/><E133/><V125/><F125/><W84/><G97/><T119/><D119/><U2/><E132/><V21/><F21/><W72/><G72/><T19/><D19/><AGARI ba="1,2" hai="8,12,19,27,29,33,58,59,82,87,90,92,94,95" machi="19" ten="40,5200,0" yaku="1,1,52,1,53,1" doraHai="30" doraHaiUra="15" who="2" fromWho="0" sc="235,-55,235,0,255,75,255,0" /><INIT seed="2,0,0,2,5,66" ten="180,235,330,255" oya="2" hai0="21,98,103,61,94,29,10,26,93,24,106,102,135" hai1="17,119,92,127,18,81,99,45,121,131,64,1,75" hai2="28,0,107,35,95,105,43,14,80,50,4,51,116" hai3="5,128,16,48,123,47,67,73,118,79,49,40,23"/><V41/><F0/><W11/><G123/><T71/><D135/><U20/><E119/><V85/><F116/><W56/><G118/><T55/><D10/><U33/><E33/><V57/><F35/><W82/><G128/><T60/><D102/><U109/><E1/><V84/><F28/><W114/><G114/><T110/><D110/><U68/><E109/><V8/><F105/><W100/><G100/><T53/><D60/><U74/><E131/><V72/><F72/><W62/><G11/><T97/><D26/><U59/><E127/><V63/><F107/><W101/><G101/><T120/><D120/><U46/><E59/><V129/><F129/><W78/><G78/><T54/><REACH who="0" step="1"/><D98/><REACH who="0" ten="170,235,330,255" step="2"/><U87/><E99/><V89/><F41/><W6/><REACH who="3" step="1"/><G49/><REACH who="3" ten="170,235,330,245" step="2"/><T19/><D19/><U7/><E18/><V34/><F51/><W31/><G31/><T38/><D38/><U70/><E17/><V83/><F50/><W122/><G122/><T134/><D134/><U126/><E121/><V9/><F8/><W91/><G91/><T58/><D58/><U30/><E30/><V130/><F9/><W88/><G88/><T12/><D12/><AGARI ba="0,2" hai="5,6,12,16,23,40,47,48,56,62,67,73,79,82" machi="12" ten="30,7700,0" yaku="1,1,7,1,54,1,53,1" doraHai="66" doraHaiUra="42" who="3" fromWho="0" sc="170,-77,235,0,330,0,245,97" /><INIT seed="3,0,0,4,1,41" ten="93,235,330,342" oya="3" hai0="130,57,39,25,64,47,68,16,12,83,63,71,72" hai1="87,94,18,128,122,62,70,73,61,78,118,31,5" hai2="110,51,120,86,129,84,131,21,111,52,134,65,102" hai3="113,79,32,99,126,88,121,0,76,55,34,125,97"/><W45/><G0/><T37/><D130/><N who="2" m="49674" /><F134/><W9/><G121/><T106/><D106/><U35/><E122/><V29/><F102/><W132/><G113/><T13/><D25/><U77/><E128/><V108/><F65/><W66/><G9/><T53/><D12/><U22/><E118/><V42/><F42/><W24/><G132/><T50/><D68/><U67/><E73/><V26/><F120/><W44/><G66/><T91/><D71/><U3/><E62/><V27/><F26/><W2/><G2/><T75/><D75/><U95/><E3/><V7/><F7/><W115/><G115/><T133/><D133/><U98/><E5/><V90/><F90/><W28/><G55/><T49/><D49/><U89/><E61/><V20/><F20/><W40/><G40/><T81/><D81/><U92/><E67/><V85/><F85/><W80/><G34/><T112/><D112/><U56/><E35/><V14/><F14/><W127/><G79/><T135/><D135/><U19/><E78/><V30/><F30/><W100/><G97/><T107/><D107/><U8/><E77/><V123/><F123/><W33/><G33/><T109/><D109/><U124/><E98/><V54/><F54/><W116/><G116/><T60/><D60/><U23/><E23/><V96/><F96/><W101/><G101/><T6/><D6/><U59/><E22/><V58/><AGARI ba="0,0" hai="21,27,29,51,52,58,84,86,108,110,111" m="49674" machi="58" ten="40,5200,0" yaku="14,1,19,1,54,1" doraHai="41" who="2" fromWho="2" sc="93,-13,235,-13,330,52,342,-26" /><INIT seed="4,0,0,4,5,48" ten="80,222,382,316" oya="0" hai0="110,132,77,20,28,53,54,88,120,55,57,73,74" hai1="113,65,16,115,22,76,94,0,133,46,96,43,117" hai2="131,25,80,130,23,21,4,85,31,1,105,123,38" hai3="29,112,62,42,27,66,82,84,51,121,37,99,40"/><T45/><D120/><U10/><E117/><V63/><F38/><W98/><G37/><T122/><D122/><U13/><E133/><V33/><F105/><W19/><G121/><T114/><D114/><N who="1" m="43531" /><E76/><V71/><F123/><W87/><G19/><T32/><D32/><U90/><E65/><V8/><F63/><W104/><G112/><T109/><D132/><U91/><E0/><V111/><F71/><W119/><G119/><T97/><D45/><U101/><E10/><V3/><F3/><W108/><G108/><N who="0" m="41579" /><D77/><U56/><E56/><V14/><F111/><W78/><G87/><T12/><D57/><U126/><E126/><V5/><F5/><W34/><G99/><T95/><D12/><U72/><E72/><V79/><F23/><W69/><REACH who="3" step="1"/><G51/><AGARI ba="0,0" hai="13,16,22,43,46,51,90,91,94,96,101" m="43531" machi="51" ten="30,3900,0" yaku="15,1,11,1,54,1" doraHai="48" who="1" fromWho="3" sc="80,0,222,39,382,0,316,-39" /><INIT seed="5,0,0,3,0,63" ten="80,261,382,277" oya="1" hai0="104,2,99,81,84,17,44,49,73,90,3,129,92" hai1="127,18,9,118,38,6,53,5,87,93,42,134,24" hai2="124,26,82,125,67,75,35,59,78,32,50,0,19" hai3="47,52,41,46,97,51,40,91,103,77,113,133,120"/><U96/><E118/><V62/><F0/><W12/><G120/><T39/><D39/><U31/><E134/><V15/><F50/><W22/><G113/><T33/><D33/><U115/><E115/><V110/><F110/><W61/><G77/><T123/><D129/><U60/><E127/><N who="2" m="48715" /><F26/><W95/><G133/><T11/><D123/><U27/><E87/><V108/><F108/><W14/><G103/><T106/><D106/><U130/><E130/><V34/><F34/><W114/><G114/><T65/><D65/><U85/><E85/><V126/><F126/><W119/><G119/><T122/><D122/><U43/><E18/><V28/><F28/><W128/><G128/><T16/><D104/><U48/><E60/><V135/><F135/><W74/><G74/><T13/><D17/><U107/><E107/><V30/><F30/><W94/><G94/><T1/><D73/><U69/><E38/><V66/><F66/><W111/><G111/><T10/><D10/><AGARI ba="0,0" hai="10,15,19,32,35,59,62,67,75,78,82" m="48715" machi="10" ten="30,2000,0" yaku="18,1,52,1" doraHai="63" who="2" fromWho="0" sc="80,-20,261,0,382,20,277,0" /><INIT seed="6,0,0,4,4,56" ten="60,261,402,277" oya="2" hai0="116,0,124,6,102,41,79,135,19,78,30,29,25" hai1="8,28,44,54,75,67,106,121,111,17,9,103,43" hai2="77,3,57,95,134,96,99,74,110,130,12,42,33" hai3="132,63,104,48,14,128,85,36,68,31,4,127,118"/><V35/><F3/><W40/><G118/><T89/><D41/><U52/><E111/><V38/><F110/><W92/><G104/><T69/><D69/><U20/><E75/><V126/><F126/><W15/><G127/><T112/><D102/><U18/><E121/><V58/><F38/><W39/><G31/><T5/><D89/><U47/><E67/><V61/><F42/><W93/><G128/><T62/><D124/><U53/><E103/><V100/><F134/><W129/><G129/><T45/><D45/><N who="1" m="17483" /><E106/><V101/><F130/><W108/><G48/><T117/><D135/><U82/><E82/><V91/><F91/><W120/><G120/><T109/><D109/><U66/><E66/><V60/><F12/><W32/><G15/><T7/><D112/><U97/><E97/><V50/><F50/><W16/><G14/><T73/><D73/><U81/><E81/><V26/><F26/><W107/><G40/><T11/><D79/><U86/><E86/><V64/><F77/><W88/><G88/><T24/><D78/><U94/><E94/><V37/><F74/><W72/><G72/><T59/><D59/><U87/><E87/><V84/><F84/><W131/><G85/><T49/><D49/><U115/><E115/><V46/><F37/><W55/><G39/><T71/><D71/><U34/><E34/><V27/><F35/><W76/><G108/><T13/><D62/><U51/><E51/><V90/><F33/><W65/><G131/><T1/><D116/><U113/><E43/><V123/><F123/><W98/><G36/><T125/><D117/><RYUUKYOKU ba="0,0" sc="60,0,261,0,402,0,277,0" /><INIT seed="7,1,0,5,2,23" ten="60,261,402,277" oya="3" hai0="64,127,20,30,46,102,94,121,122,128,81,43,34" hai1="16,113,89,114,44,61,118,130,74,103,117,80,47" hai2="25,99,68,66,76,77,96,104,57,55,49,22,31" hai3="12,93,41,1,107,3,10,135,29,109,60,40,83"/><W45/><G107/><T24/><D128/><U52/><E130/><V106/><F68/><W32/><G41/><T126/><D81/><U6/><E103/><V62/><F104/><W63/><G135/><T86/><D86/><N who="1" m="50375" /><E74/><V131/><F131/><W14/><G109/><T111/><D46/><N who="1" m="17451" /><E6/><V101/><F96/><W112/><G112/><N who="1" m="43114" /><E16/><V4/><F4/><W35/><G83/><T9/><D43/><U59/><AGARI ba="1,0" hai="52,59,61,117,118" m="43114,17451,50375" machi="59" ten="40,2700,0" yaku="15,1,54,1" doraHai="23" who="1" fromWho="1" sc="60,-8,261,30,402,-8,277,-14" owari="52,-45.0,291,9.0,394,50.0,263,-14.0" /></mjloggm>