<mjloggm ver="2.3"><GO type="97" lobby="0"/><UN n0="%E3%82%B5%E3%82%A4%E3%82%BF%E3%83%AD%E3%83%BC" n1="%E5%B0%B1%E6%B4%BB%E7%94%9F%40%E5%B7%9D%E6%9D%91%E8%BB%8D%E5%9B%A3" n2="%E3%81%84%E3%81%9F%E3%83%92%E3%83%AD" n3="%54%45%73%74%41%66%72%6F" dan="13,15,15,14" rate="1894.03,1959.44,2070.50,1987.06" sx="M,M,M,M"/><TAIKYOKU oya="0"/><INIT seed="0,0,0,1,3,34" ten="250,250,250,250" oya="0" hai0="2,91,116,102,115,21,120,124,87,18,19,112,40" hai1="125,33,88,44,25,76,41,57,94,93,11,37,80" hai2="133,128,83,26,122,67,81,42,63,24,17,117,99" hai3="3,118,97,109,13,39,43,132,71,135,103,56,16"/><T73/><D73/><U85/><E125/><V6/><F122/><W129/><G118/><T22/><D120/><U90/><E57/><V130/><F117/><W134/><G71/><T51/><D116/><U105/><E105/><V121/><F121/><W52/><G109/><T68/><D68/><U107/><E107/><V27/><F133/><W58/><G129/><T62/><D62/><U9/><E33/><V12/><F6/><W5/><G43/><T55/><D40/><U78/><E25/><V119/><F119/><W66/><G39/><T108/><D124/><U45/><E45/><V82/><F99/><W111/><G111/><T74/><D108/><U79/><REACH who="1" step="1"/><E80/><REACH who="1" ten="250,240,250,250" step="2"/><V14/><F82/><W65/><G58/><T8/><D74/><U28/><E28/><V53/><F81/><W31/><G31/><T36/><D36/><U98/><AGARI ba="0,1" hai="9,11,37,41,44,76,78,79,85,88,90,93,94,98" machi="98" ten="30,4000,0" yaku="1,1,0,1,54,1,53,0" doraHai="34" doraHaiUra="77" who="1" fromWho="1" sc="250,-20,240,50,250,-10,250,-10" /><INIT seed="1,0,0,0,5,122" ten="230,290,240,240" oya="1" hai0="135,31,132,90,9,72,39,69,34,130,126,40,42" hai1="112,117,27,104,100,28,67,125,70,21,78,30,57" hai2="5,3,88,76,107,86,108,120,114,50,49,128,106" hai3="93,4,59,2,116,113,23,75,24,29,18,44,13"/><U41/><E70/><V131/><F120/><W92/><G113/><T6/><D72/><U48/><E117/><V97/><F114/><W46/><G116/><T85/><D69/><U82/><E112/><V80/><F108/><W22/><G75/><T37/><D31/><U11/><E125/><V89/><F5/><W8/><G59/><T81/><D34/><U15/><E30/><V16/><F3/><W83/><G83/><T95/><D126/><U66/><E100/><V84/><F16/><W77/><G77/><T74/><D74/><BYE who="0" /><U111/><E104/><V99/><F80/><W109/><G109/><T129/><D129/><U62/><E111/><V87/><F84/><W7/><G7/><T105/><D105/><U60/><E41/><V73/><F73/><W26/><G2/><UN n0="%E3%82%B5%E3%82%A4%E3%82%BF%E3%83%AD%E3%83%BC" /><T71/><D71/><U124/><E48/><V103/><F103/><W115/><G115/><T56/><D56/><N who="1" m="37127" /><E124/><V53/><F53/><W52/><G52/><T64/><D64/><U79/><E82/><V127/><REACH who="2" step="1"/><F127/><REACH who="2" ten="230,290,230,240" step="2"/><W94/><AGARI ba="0,1" hai="4,8,13,18,22,23,24,26,29,44,46,92,93,94" machi="94" ten="30,2000,0" yaku="0,1,8,1" doraHai="122" who="3" fromWho="3" sc="230,-5,290,-10,230,-5,240,30" /><INIT seed="2,0,0,3,2,45" ten="225,280,225,270" oya="2" hai0="108,25,68,4,53,133,91,130,87,92,132,13,111" hai1="114,101,104,11,76,71,59,58,93,22,63,127,17" hai2="115,102,51,46,38,20,107,66,35,50,112,82,126" hai3="60,1,90,47,89,113,97,70,80,24,14,110,62"/><V55/><F35/><W116/><G1/><T129/><D68/><U73/><E104/><V109/><F38/><W6/><G116/><T120/><D25/><U135/><E71/><V123/><F123/><W78/><G110/><N who="0" m="42027" /><D13/><U41/><E114/><V103/><F109/><W69/><G113/><T0/><D4/><U43/><E127/><V30/><F126/><W84/><G24/><T34/><D0/><U119/><E119/><V64/><F107/><W27/><G27/><T100/><D34/><U83/><E135/><N who="0" m="51785" /><D53/><U29/><E11/><V98/><F82/><W86/><G14/><T52/><D52/><U31/><E43/><V8/><F8/><W128/><G6/><T57/><D57/><U23/><E41/><V134/><F134/><W32/><G32/><T9/><D9/><U131/><E58/><V125/><F125/><W67/><G70/><T18/><D18/><U65/><E23/><V15/><F15/><W21/><G21/><T56/><D56/><U95/><E31/><V79/><F55/><W106/><G67/><T99/><D120/><U75/><E29/><V16/><F30/><W122/><G69/><T49/><D49/><U26/><E59/><V85/><F20/><W40/><G122/><T77/><D77/><U3/><E65/><V105/><F79/><W88/><G78/><T28/><D28/><U5/><E63/><V72/><F16/><W121/><G121/><T42/><D42/><U94/><E94/><AGARI ba="0,0" hai="87,91,92,94,99,100,129,130" m="51785,42027" machi="94" ten="30,7700,0" yaku="14,1,20,1,34,2" doraHai="45" who="0" fromWho="1" sc="225,77,280,-77,225,0,270,0" /><INIT seed="3,0,0,1,5,36" ten="302,203,225,270" oya="3" hai0="45,93,48,49,31,17,76,7,16,54,91,4,127" hai1="97,111,34,53,21,71,104,122,63,30,9,47,12" hai2="8,79,94,43,33,128,112,14,65,118,80,27,92" hai3="0,132,41,28,6,37,135,100,84,105,67,46,13"/><W126/><G126/><T52/><D127/><U99/><E122/><V106/><F106/><W102/><G0/><T109/><D76/><U115/><E115/><V107/><F107/><W40/><G28/><T3/><D3/><U44/><E34/><V23/><F33/><W70/><G105/><T32/><D32/><U75/><E75/><V89/><F118/><W95/><G41/><T85/><D109/><U88/><E111/><V81/><F65/><W24/><G24/><T15/><D31/><U78/><E78/><V73/><F112/><W18/><G6/><N who="0" m="2091" /><D15/><U103/><E30/><V96/><F81/><W57/><G70/><T119/><D119/><U22/><E71/><V83/><F83/><W72/><G72/><T58/><AGARI ba="0,0" hai="16,17,45,48,49,52,54,58,85,91,93" m="2091" machi="58" ten="30,4000,0" yaku="8,1,54,2" doraHai="36" who="0" fromWho="0" sc="302,40,203,-10,225,-10,270,-20" owari="342,44.0,193,-31.0,215,-18.0,250,5.0" /></mjloggm>