<mjloggm ver="2.3"><GO type="97" lobby="0"/><UN n0="%E7%A3%81%E6%B0%97%E5%B5%90" n1="%E5%B0%B1%E6%B4%BB%E7%94%9F%40%E5%B7%9D%E6%9D%91%E8%BB%8D%E5%9B%A3" n2="%E4%B8%AD%E4%BA%8C%E7%97%85%E3%83%9E%E3%82%AD%E3%82%B7%E3%83%9E%E3%83%A0" n3="%65%71%6D%6D" dan="13,15,14,15" rate="1835.64,1966.27,1934.07,2047.09" sx="M,M,M,M"/><TAIKYOKU oya="0"/><INIT seed="0,0,0,4,0,87" ten="250,250,250,250" oya="0" hai0="31,74,15,97,121,55,73,113,128,68,124,25,58" hai1="45,96,94,107,59,104,85,17,50,0,127,77,132" hai2="56,88,35,28,57,108,72,98,95,75,30,10,14" hai3="21,18,54,133,79,90,46,102,16,134,114,115,62"/><T70/><D121/><U34/><E0/><V2/><F2/><W122/><G122/><T8/><D113/><U19/><E34/><V117/><F117/><W118/><G118/><T61/><D128/><U3/><E3/><V80/><F108/><W99/><G79/><T20/><D124/><U48/><E127/><V1/><F1/><W103/><G46/><T112/><D112/><U52/><E132/><N who="3" m="50794" /><G18/><T101/><D73/><U63/><E107/><V29/><F35/><W6/><G6/><T111/><D111/><U110/><E104/><V24/><F24/><N who="3" m="14375" /><G114/><T13/><D74/><U78/><E110/><V71/><F71/><W41/><G41/><T27/><D27/><U126/><E126/><V64/><F75/><W23/><G23/><T106/><REACH who="0" step="1"/><D15/><REACH who="0" ten="240,250,250,250" step="2"/><U86/><E19/><AGARI ba="0,1" hai="8,13,19,20,25,31,55,58,61,68,70,97,101,106" machi="19" ten="30,11600,0" yaku="1,1,2,1,7,1,53,1" doraHai="87" doraHaiUra="9" who="0" fromWho="1" sc="240,126,250,-116,250,0,250,0" /><INIT seed="0,1,0,5,3,94" ten="366,134,250,250" oya="0" hai0="77,108,133,76,2,104,82,97,13,101,102,38,99" hai1="27,54,87,32,58,125,34,21,39,64,9,78,113" hai2="61,117,116,42,23,1,88,72,47,40,49,56,105" hai3="51,12,24,4,66,111,106,122,93,3,18,65,81"/><T135/><D2/><U91/><E39/><V132/><F1/><W112/><G106/><N who="0" m="63791" /><D38/><U75/><E125/><V84/><F72/><W128/><G111/><T52/><D13/><U41/><E113/><V130/><F105/><W95/><G128/><T110/><D52/><U123/><E123/><V131/><F23/><W127/><G127/><T134/><D77/><U71/><E78/><V80/><F42/><W86/><G3/><T45/><D45/><U55/><E75/><AGARI ba="1,0" hai="75,76,82,99,102,104,108,110,133,134,135" m="63791" machi="75" ten="40,18000,2" yaku="20,1,23,1,34,2,52,2" doraHai="94" who="0" fromWho="1" sc="366,183,134,-183,250,0,250,0" owari="549,65.0,-49,-55.0,250,5.0,250,-15.0" /></mjloggm>