<mjloggm ver="2.3"><GO type="97" lobby="0"/><UN n0="%E3%82%AA%E3%83%BC%E3%83%AB%E8%A8%AD%E5%AE%9A%31" n1="%E5%B0%B1%E6%B4%BB%E7%94%9F%40%E5%B7%9D%E6%9D%91%E8%BB%8D%E5%9B%A3" n2="%73%68%69%6D%61%6F%6F" n3="%4F%72%66%65%76%72%65" dan="13,14,13,13" rate="1958.29,2032.33,1935.92,1939.85" sx="M,M,M,M"/><TAIKYOKU oya="0"/><INIT seed="0,0,0,2,3,5" ten="250,250,250,250" oya="0" hai0="76,58,65,80,49,72,7,77,55,89,14,44,22" hai1="19,52,104,57,87,38,61,75,56,3,129,48,66" hai2="12,123,124,62,86,81,37,63,78,100,122,69,1" hai3="10,21,135,112,73,0,42,68,51,4,45,36,23"/><T97/><D77/><U115/><E75/><V99/><F1/><W120/><G112/><T105/><D105/><U17/><E115/><V64/><F124/><W108/><G108/><T33/><D33/><U74/><E74/><V126/><F126/><W50/><G135/><T13/><D97/><U93/><E104/><V121/><F37/><W95/><G120/><T24/><D89/><N who="1" m="53439" /><E3/><V30/><F12/><W94/><G51/><T31/><D65/><U82/><E38/><V41/><F41/><W127/><G127/><T128/><D128/><U43/><E129/><V71/><F30/><W29/><G68/><T117/><D117/><U118/><E118/><V40/><F40/><W92/><G29/><T16/><D7/><U132/><E132/><V79/><F79/><W70/><G70/><T59/><REACH who="0" step="1"/><D13/><REACH who="0" ten="240,250,250,250" step="2"/><U111/><E111/><V102/><F99/><W83/><G50/><T26/><D26/><U84/><E43/><V119/><F119/><W67/><G67/><AGARI ba="0,1" hai="62,63,64,67,69,71,78,81,86,100,102,121,122,123" machi="67" ten="40,1300,0" yaku="9,1" doraHai="5" who="2" fromWho="3" sc="240,0,250,0,250,23,250,-13" /><INIT seed="1,0,0,1,3,90" ten="240,250,273,237" oya="1" hai0="5,104,6,60,115,62,87,119,76,45,19,59,58" hai1="135,29,133,2,88,118,50,67,80,21,30,15,109" hai2="98,95,69,125,93,13,34,103,35,24,22,12,134" hai3="81,32,65,94,110,56,107,92,25,1,126,89,124"/><U57/><E2/><V70/><F125/><N who="3" m="48235" /><G107/><T7/><D119/><U48/><E118/><V130/><F130/><W11/><G110/><T112/><D104/><U99/><E109/><V108/><F108/><W106/><G106/><T114/><D45/><U44/><E67/><V28/><F134/><N who="1" m="51209" /><E57/><V16/><F35/><W51/><G81/><T31/><D31/><U37/><E37/><V3/><F3/><W102/><G102/><T73/><D73/><U77/><E77/><V129/><F129/><W54/><G89/><T78/><D19/><N who="1" m="10495" /><E48/><V42/><F42/><W127/><N who="3" m="48243" /><W43/><DORA hai="38" /><G43/><T123/><D123/><U91/><E91/><V14/><REACH who="2" step="1"/><F95/><REACH who="2" ten="240,250,263,237" step="2"/><N who="3" m="36395" /><G65/><T68/><D115/><U46/><E99/><V4/><F4/><N who="3" m="1423" /><G32/><T0/><D0/><U64/><E64/><V49/><F49/><W41/><G41/><T75/><D7/><U18/><E50/><V9/><F9/><W120/><G120/><T131/><D131/><U47/><E80/><V23/><F23/><W85/><G85/><T53/><D87/><U55/><E55/><V26/><AGARI ba="0,1" hai="12,13,14,16,22,24,26,28,34,69,70,93,98,103" machi="26" ten="30,7900,0" yaku="1,1,0,1,52,1,54,1,53,0" doraHai="90,38" doraHaiUra="40,121" who="2" fromWho="2" sc="240,-20,250,-39,263,89,237,-20" /><INIT seed="2,0,0,0,4,119" ten="220,211,352,217" oya="2" hai0="24,73,23,109,87,128,123,53,62,65,57,125,7" hai1="120,56,61,10,51,16,97,67,91,12,88,27,111" hai2="46,28,116,38,132,64,106,85,25,118,33,30,31" hai3="77,1,115,131,98,102,68,89,11,83,39,92,93"/><V129/><F106/><W100/><G68/><T94/><D73/><U34/><E111/><V108/><F129/><W55/><G39/><T105/><D105/><U44/><E120/><V86/><F132/><W114/><G55/><T22/><D123/><U17/><E97/><V121/><F121/><W13/><G1/><T58/><D128/><U82/><E82/><V60/><F108/><W29/><G29/><T79/><D7/><U126/><E126/><V4/><F4/><W42/><G42/><T59/><D125/><U84/><E84/><V130/><F130/><W90/><G131/><T32/><D32/><U104/><E104/><V101/><F101/><W21/><G21/><N who="0" m="7691" /><D24/><U20/><REACH who="1" step="1"/><E34/><REACH who="1" ten="220,201,352,217" step="2"/><N who="2" m="20751" /><F86/><W110/><G110/><T78/><D109/><U8/><E8/><V70/><F85/><N who="3" m="48367" /><G114/><T76/><D87/><U19/><E19/><V48/><F31/><W124/><G115/><T52/><D94/><U49/><E49/><V2/><F48/><W18/><G124/><T117/><D117/><U5/><E5/><V14/><F30/><W75/><G75/><T72/><D72/><U35/><E35/><V135/><F33/><W0/><G0/><T47/><D79/><U81/><E81/><V103/><F2/><W45/><G11/><T113/><D78/><U74/><E74/><V43/><F116/><W3/><G3/><T6/><D113/><U134/><E134/><V99/><F135/><W40/><G18/><T80/><D6/><U36/><E36/><V71/><F118/><W122/><G122/><T63/><D80/><U127/><E127/><V69/><F14/><RYUUKYOKU ba="0,1" sc="220,-15,201,15,352,15,217,-15" hai1="10,12,16,17,20,27,44,51,56,61,67,88,91" hai2="38,43,46,60,64,69,70,71,99,103" /><INIT seed="2,1,1,5,3,45" ten="205,216,367,202" oya="2" hai0="91,117,104,122,120,56,109,16,50,57,94,116,21" hai1="46,75,95,27,12,49,84,112,126,135,41,61,54" hai2="113,42,60,20,85,37,90,35,30,127,36,72,110" hai3="18,121,33,3,124,97,86,23,53,40,101,31,7"/><V132/><F113/><W129/><G121/><T38/><D104/><U66/><E75/><V63/><F72/><W118/><G118/><N who="0" m="45675" /><D38/><U119/><E112/><V67/><F127/><W11/><G40/><T77/><D77/><U92/><E119/><V6/><F35/><W24/><G124/><T59/><D109/><U107/><E107/><V93/><F110/><W131/><G86/><N who="0" m="52599" /><D50/><N who="1" m="26959" /><E27/><AGARI ba="1,1" hai="16,21,27,56,57,59,120,122" m="52599,45675" machi="27" ten="30,2000,0" yaku="12,1,54,1" doraHai="45" who="0" fromWho="1" sc="205,33,216,-23,367,0,202,0" /><INIT seed="3,0,0,4,3,6" ten="238,193,367,202" oya="3" hai0="78,24,61,1,43,75,89,49,86,55,37,95,132" hai1="64,80,31,121,18,66,50,104,87,127,32,123,82" hai2="101,76,91,72,40,57,14,88,69,67,54,122,12" hai3="29,11,48,52,108,5,68,118,114,56,98,38,9"/><W130/><G68/><T8/><D132/><U81/><E104/><V26/><F101/><W125/><G118/><T21/><D61/><U17/><E127/><V103/><F103/><W79/><G114/><T33/><D33/><U53/><E32/><V106/><F106/><W73/><G38/><T46/><D75/><U22/><E121/><V93/><F122/><W16/><G125/><T90/><D78/><U135/><E135/><V107/><F40/><W30/><G5/><T3/><D90/><U25/><E123/><V45/><F107/><W126/><G126/><T51/><D51/><U97/><E97/><V119/><F119/><W83/><G130/><T113/><D113/><U23/><E87/><V71/><F45/><W70/><G70/><T128/><D128/><U129/><E129/><V19/><F76/><W63/><G108/><T117/><D117/><U65/><E23/><N who="2" m="13695" /><F71/><W39/><G39/><T120/><D120/><U20/><E20/><V10/><F69/><W36/><G36/><T27/><D21/><U92/><E92/><V35/><F35/><W99/><G99/><T2/><D27/><U60/><E60/><N who="2" m="35895" /><F72/><W77/><G77/><T110/><D110/><U62/><E62/><V42/><F42/><W0/><G0/><T116/><D116/><U28/><E28/><N who="3" m="10858" /><G16/><T100/><D24/><U7/><E7/><N who="2" m="3167" /><F67/><W115/><G56/><AGARI ba="0,0" hai="17,18,22,25,31,50,53,56,64,65,66,80,81,82" machi="56" ten="40,1300,0" yaku="8,1" doraHai="6" who="1" fromWho="3" sc="238,0,193,13,367,0,202,-13" owari="238,4.0,206,-19.0,367,46.0,189,-31.0" /></mjloggm>