<mjloggm ver="2.3"><GO type="97" lobby="0"/><UN n0="%E3%82%8A%E3%82%81%E3%82%8D" n1="%E2%80%BB%34%33%33%E2%80%BB" n2="%E5%B0%B1%E6%B4%BB%E7%94%9F%40%E5%B7%9D%E6%9D%91%E8%BB%8D%E5%9B%A3" n3="%4C%79%75%65" dan="14,15,14,14" rate="1904.06,1975.40,1959.09,1904.82" sx="M,M,M,M"/><TAIKYOKU oya="0"/><INIT seed="0,0,0,5,4,54" ten="250,250,250,250" oya="0" hai0="95,82,123,62,9,92,4,121,107,98,65,21,14" hai1="124,70,27,69,77,26,31,93,101,44,45,75,39" hai2="60,83,100,23,110,105,97,28,47,102,99,55,111" hai3="43,73,40,108,126,25,53,115,16,117,46,127,52"/><T122/><D82/><U51/><E124/><N who="3" m="47658" /><G73/><T78/><D78/><U19/><E77/><V129/><F129/><W119/><G115/><T116/><D116/><N who="3" m="44617" /><G108/><N who="2" m="41513" /><F83/><W81/><G81/><T130/><D130/><U80/><E75/><V114/><F114/><W134/><G134/><T131/><D131/><U64/><E80/><V38/><F38/><N who="3" m="21783" /><G43/><T24/><D107/><U106/><E39/><V13/><F28/><W6/><G6/><T109/><D109/><U74/><E106/><V89/><F89/><W112/><G112/><T48/><D98/><U84/><E74/><V56/><F99/><W1/><G1/><T49/><D95/><U63/><E31/><V41/><F97/><W68/><G68/><T15/><D92/><U42/><E93/><V133/><F105/><W86/><G86/><T103/><D103/><U91/><E101/><V85/><F85/><W94/><G94/><T67/><D122/><U87/><E91/><V66/><F133/><W118/><N who="3" m="44625" /><W29/><DORA hai="8" /><G16/><N who="0" m="10399" /><D123/><U5/><E70/><V50/><F41/><W72/><G72/><T30/><D121/><U0/><E87/><V57/><F47/><W76/><G76/><T2/><D2/><U37/><E84/><V10/><F23/><AGARI ba="0,0" hai="23,25,29,52,53" m="21783,44625,47658" machi="23" ten="40,2600,0" yaku="18,1,54,1" doraHai="54,8" who="3" fromWho="2" sc="250,0,250,0,250,-26,250,26" /><INIT seed="1,0,0,1,3,103" ten="250,250,224,276" oya="1" hai0="129,81,41,33,27,110,35,99,61,131,22,56,37" hai1="104,28,64,4,113,101,90,70,132,59,94,89,77" hai2="95,121,16,126,84,72,83,96,80,63,0,123,43" hai3="24,120,36,107,21,26,25,85,66,116,122,57,39"/><U13/><E113/><V82/><F0/><W111/><G107/><T53/><D110/><U74/><E132/><V9/><F72/><W108/><G85/><T1/><D1/><U10/><E70/><V87/><F43/><W11/><G11/><T7/><D7/><U79/><E28/><V73/><F126/><W114/><G21/><T130/><D81/><U49/><E74/><V12/><F73/><W29/><G29/><T55/><D55/><U125/><E125/><V34/><F34/><W20/><G20/><T92/><D41/><U31/><E31/><V30/><F30/><W76/><G76/><T75/><D75/><U112/><E112/><V106/><F106/><W93/><G93/><T54/><D54/><U50/><E104/><V65/><F121/><N who="3" m="46699" /><G114/><T19/><REACH who="0" step="1"/><D37/><REACH who="0" ten="240,250,224,276" step="2"/><U48/><E64/><V60/><F123/><W2/><G2/><T105/><D105/><U45/><E45/><V42/><F42/><W68/><G116/><T46/><D46/><U67/><E67/><V62/><REACH who="2" step="1"/><F65/><REACH who="2" ten="240,250,214,276" step="2"/><W3/><G3/><T14/><D14/><U127/><E13/><V102/><AGARI ba="0,2" hai="9,12,16,60,62,63,80,82,83,84,87,95,96,102" machi="102" ten="30,8000,1" yaku="1,1,2,1,0,1,8,1,54,1,53,0" doraHai="103" doraHaiUra="52" who="2" fromWho="2" sc="240,-20,250,-40,214,100,276,-20" /><INIT seed="2,0,0,3,0,76" ten="220,210,314,256" oya="2" hai0="107,119,87,58,116,132,25,37,60,56,113,111,70" hai1="18,53,96,84,82,19,9,74,128,68,80,34,91" hai2="4,36,30,23,44,77,17,33,71,92,114,63,127" hai3="3,104,47,129,29,46,90,16,125,117,59,50,89"/><V12/><F114/><W108/><G117/><N who="0" m="45131" /><D113/><U10/><E128/><V31/><F127/><W27/><G3/><T73/><D73/><U79/><E34/><V78/><F33/><W72/><G104/><T69/><D107/><U2/><E68/><N who="0" m="26217" /><D37/><U32/><E32/><V22/><F4/><W45/><G72/><T130/><D130/><U14/><E2/><V88/><F71/><W97/><G129/><T118/><D118/><U135/><E135/><V41/><F63/><W134/><G134/><T1/><D1/><U93/><E53/><V55/><F55/><N who="3" m="32247" /><G125/><T95/><D132/><U83/><E96/><V26/><REACH who="2" step="1"/><F30/><REACH who="2" ten="220,210,304,256" step="2"/><W98/><G29/><T115/><D60/><U126/><E126/><V39/><F39/><W81/><G108/><T133/><D115/><U131/><E131/><V101/><F101/><W21/><G90/><N who="0" m="53727" /><D133/><U20/><REACH who="1" step="1"/><E10/><REACH who="1" ten="220,200,304,256" step="2"/><V61/><F61/><W109/><G109/><T42/><D111/><U57/><E57/><V54/><F54/><W40/><G40/><T7/><D42/><U5/><E5/><V65/><F65/><W49/><G49/><T64/><D64/><U51/><E51/><V85/><AGARI ba="0,2" hai="12,17,22,23,26,31,36,41,44,77,78,85,88,92" machi="85" ten="20,7800,0" yaku="1,1,0,1,7,1,54,1,53,0" doraHai="76" doraHaiUra="94" who="2" fromWho="2" sc="220,-26,200,-26,304,98,256,-26" /><INIT seed="2,1,0,5,0,94" ten="194,174,402,230" oya="2" hai0="15,8,117,77,80,26,7,72,54,45,23,48,28" hai1="16,52,81,17,29,119,0,74,97,78,79,95,59" hai2="73,27,11,133,42,67,10,123,107,32,114,83,22" hai3="34,100,53,41,82,46,62,135,37,21,125,103,56"/><V96/><F32/><W109/><G109/><T64/><REACH who="0" step="1"/><D64/><REACH who="0" ten="184,174,402,230" step="2"/><U118/><E0/><V124/><F67/><W98/><G34/><T105/><D105/><U93/><E29/><V104/><F104/><W66/><G135/><T19/><D19/><U50/><E79/><V134/><F107/><W4/><G66/><T121/><D121/><U70/><E70/><V3/><F123/><W33/><G33/><T116/><AGARI ba="1,1" hai="7,8,15,23,26,28,45,48,54,72,77,80,116,117" machi="116" ten="30,7900,0" yaku="21,2,0,1,53,1" doraHai="94" doraHaiUra="1" who="0" fromWho="0" sc="184,92,174,-21,402,-40,230,-21" /><INIT seed="3,0,0,4,3,130" ten="276,153,362,209" oya="3" hai0="19,1,106,16,30,88,128,79,86,53,4,14,42" hai1="2,92,36,43,54,10,91,95,123,122,107,133,12" hai2="67,98,72,97,117,62,63,31,15,100,40,74,23" hai3="59,28,58,24,71,60,102,96,45,129,80,104,90"/><W120/><G129/><T3/><D106/><U38/><E107/><V50/><F117/><W64/><G120/><T127/><D128/><U115/><E115/><V21/><F74/><W11/><G45/><T119/><D119/><U118/><E118/><V34/><F72/><W76/><G11/><T51/><D30/><U32/><E32/><V6/><F34/><W116/><G90/><T78/><D42/><U49/><E2/><V75/><F75/><W126/><G126/><T124/><D1/><U7/><E54/><V134/><F134/><W27/><G116/><T41/><D41/><U18/><E49/><V131/><F131/><W65/><G65/><T83/><D3/><U68/><E68/><V73/><F73/><N who="3" m="43023" /><G27/><T8/><D124/><U94/><E91/><V111/><F111/><W29/><G29/><T44/><D127/><U125/><E125/><V110/><F110/><W132/><G132/><T39/><D39/><U84/><E84/><V5/><F31/><W22/><G59/><T13/><D19/><U70/><E70/><V99/><F100/><W35/><G58/><T103/><D103/><U52/><E133/><V0/><F0/><W48/><G48/><T105/><D105/><U61/><E10/><AGARI ba="0,0" hai="4,8,10,13,14,16,44,51,53,78,79,83,86,88" machi="10" ten="30,12000,2" yaku="7,1,25,2,8,1,54,2" doraHai="130" who="0" fromWho="1" sc="276,120,153,-120,362,0,209,0" owari="396,50.0,33,-47.0,362,16.0,209,-19.0" /></mjloggm>