<mjloggm ver="2.3"><GO type="41" lobby="0"/><UN n0="%E5%B0%B1%E6%B4%BB%E7%94%9F%40%E5%B7%9D%E6%9D%91%E8%BB%8D%E5%9B%A3" n1="%E7%B6%BE%E7%80%AC%E5%A5%88%E9%83%BD%E5%B8%8C" n2="%E3%83%96%E3%83%A9%E3%82%B8%E3%83%AB%E6%8B%93%E4%BA%BA" n3="%E8%97%A4%E7%94%B0%E9%9D%96%E5%AD%90%E3%83%97%E3%83%AD" dan="15,15,15,14" rate="2047.83,2047.01,1998.55,1949.24" sx="M,F,M,F"/><TAIKYOKU oya="0"/><INIT seed="0,0,0,5,2,118" ten="250,250,250,250" oya="0" hai0="25,128,84,92,102,38,16,27,54,96,104,46,42" hai1="5,49,111,134,85,108,74,41,71,7,28,132,124" hai2="120,81,1,9,64,72,115,114,23,57,126,135,68" hai3="26,105,37,33,44,99,122,90,116,61,45,59,55"/><T103/><D128/><U65/><E74/><V79/><F126/><W101/><G116/><T76/><D102/><U112/><E112/><V80/><F135/><N who="1" m="51753" /><E124/><V8/><F9/><W127/><G127/><T82/><D54/><U12/><E28/><V18/><F81/><W129/><G129/><T4/><D4/><U94/><E65/><V40/><F68/><W58/><G37/><T29/><D29/><U15/><E71/><V0/><F0/><W67/><G122/><T32/><D32/><U6/><E49/><V20/><F20/><W77/><G77/><T10/><REACH who="0" step="1"/><D104/><REACH who="0" ten="240,250,250,250" step="2"/><U83/><E41/><V66/><F115/><W36/><G33/><T86/><D86/><U19/><E7/><V17/><F114/><W117/><G101/><T131/><D131/><U88/><E6/><V87/><F87/><W3/><G105/><T69/><D69/><U53/><E53/><V95/><F18/><W125/><G55/><T39/><D39/><U52/><E52/><V47/><F17/><W109/><G36/><T133/><D133/><U73/><E5/><V119/><F119/><W13/><G117/><T14/><AGARI ba="0,1" hai="10,14,16,25,27,38,42,46,76,82,84,92,96,103" machi="14" ten="30,6000,0" yaku="1,1,0,1,54,1,53,0" doraHai="118" doraHaiUra="62" who="0" fromWho="0" sc="240,70,250,-20,250,-20,250,-20" /><INIT seed="0,1,0,1,2,85" ten="310,230,230,230" oya="0" hai0="56,108,12,10,67,17,76,29,102,48,78,95,109" hai1="91,52,70,81,127,112,55,130,44,106,16,39,2" hai2="6,114,42,5,41,64,89,34,84,103,133,135,125" hai3="31,73,40,46,22,83,59,25,122,33,61,28,54"/><T97/><D29/><U96/><E2/><V104/><F34/><W105/><G122/><T115/><D115/><U119/><E70/><V23/><F114/><W77/><G105/><T75/><D75/><U126/><E119/><V69/><F125/><N who="1" m="47625" /><E130/><V121/><F121/><W24/><G46/><T62/><REACH who="0" step="1"/><D48/><REACH who="0" ten="300,230,230,230" step="2"/><U58/><E112/><V87/><F135/><W111/><G111/><AGARI ba="1,1" hai="10,12,17,56,62,67,76,78,95,97,102,108,109,111" machi="111" ten="40,12000,1" yaku="1,1,2,1,14,1,10,1,53,1" doraHai="85" doraHaiUra="7" who="0" fromWho="3" sc="300,133,230,0,230,0,230,-123" /><INIT seed="0,2,0,4,5,33" ten="433,230,230,107" oya="0" hai0="35,118,37,73,5,102,122,8,86,78,74,134,125" hai1="10,112,2,92,51,120,105,23,38,53,72,104,32" hai2="113,117,65,14,25,62,59,121,94,132,71,22,27" hai3="129,130,95,0,99,9,28,96,17,36,18,56,84"/><T93/><D35/><U12/><E32/><V87/><F121/><W79/><G36/><T116/><D37/><U63/><E120/><V4/><F132/><W88/><G28/><T77/><D122/><U128/><E38/><V43/><F113/><W89/><G56/><T47/><D134/><U64/><E72/><V106/><F106/><W15/><G79/><T57/><D125/><U16/><E128/><N who="3" m="49258" /><G0/><T31/><D31/><U52/><E92/><V60/><F117/><W42/><G42/><T75/><D57/><U114/><E105/><V11/><F43/><W6/><G99/><T19/><D19/><U135/><E104/><V108/><F108/><W115/><G115/><N who="1" m="44074" /><E51/><V1/><F94/><AGARI ba="2,0" hai="6,9,15,17,18,84,88,89,94,95,96" m="49258" machi="94" ten="30,2000,0" yaku="19,1,54,1" doraHai="33" who="3" fromWho="2" sc="433,0,230,0,230,-26,107,26" /><INIT seed="1,0,0,4,0,27" ten="433,230,204,133" oya="1" hai0="84,116,129,115,18,124,65,41,123,85,24,122,130" hai1="58,64,49,97,61,96,76,52,87,62,133,99,33" hai2="29,86,25,2,8,10,98,74,110,67,108,51,125" hai3="79,1,5,38,105,14,131,17,81,54,114,113,88"/><U28/><E133/><V132/><F74/><W21/><G131/><N who="0" m="50187" /><D41/><U126/><E126/><V3/><F132/><W15/><G105/><T104/><D104/><U7/><E7/><V4/><F125/><W19/><G38/><T45/><D45/><U23/><E33/><V101/><F51/><W69/><G69/><T47/><D47/><U43/><E43/><V13/><F67/><W111/><G111/><N who="2" m="42537" /><F86/><N who="0" m="33386" /><D65/><U89/><E76/><V119/><F119/><W71/><G71/><T134/><D18/><U16/><E64/><V91/><F91/><W127/><G127/><T106/><D24/><N who="1" m="16415" /><E16/><N who="2" m="8231" /><F98/><W63/><G79/><T70/><D70/><U36/><E36/><V120/><F101/><W109/><G109/><T50/><D116/><U107/><E107/><V83/><F83/><AGARI ba="0,0" hai="49,52,58,61,62,83,87,89,96,97,99" m="16415" machi="83" ten="30,5800,0" yaku="8,1,52,1,54,1" doraHai="27" who="1" fromWho="2" sc="433,0,230,58,204,-58,133,0" /><INIT seed="1,1,0,3,0,3" ten="433,288,146,133" oya="1" hai0="61,6,116,114,92,55,60,81,72,131,47,127,44" hai1="73,106,25,76,34,118,32,5,46,13,16,48,29" hai2="107,18,104,74,59,103,96,93,102,91,31,78,85" hai3="101,67,99,49,12,66,53,70,35,58,134,52,133"/><U130/><E118/><V121/><F121/><W17/><G35/><T62/><D116/><U128/><E106/><V87/><F31/><W125/><G125/><T2/><D114/><U100/><E100/><N who="2" m="38443" /><F59/><W84/><G70/><T14/><D2/><U41/><E32/><V110/><F18/><W39/><G39/><T20/><D72/><U126/><E126/><V119/><F110/><W90/><G53/><T38/><D38/><U75/><E5/><V68/><F68/><W108/><G108/><T98/><D131/><N who="1" m="50219" /><E76/><V83/><F119/><W21/><G134/><T89/><D127/><U63/><E63/><V9/><F9/><AGARI ba="1,0" hai="9,13,16,25,29,34,41,46,48,73,75" m="50219" machi="9" ten="30,2900,0" yaku="19,1,54,1" doraHai="3" who="1" fromWho="2" sc="433,0,288,32,146,-32,133,0" /><INIT seed="1,2,0,4,5,10" ten="433,320,114,133" oya="1" hai0="36,126,124,15,72,38,35,5,48,63,91,30,71" hai1="47,132,31,57,101,22,68,76,123,83,88,111,55" hai2="105,120,46,17,115,107,37,74,122,13,94,130,96" hai3="39,11,110,18,34,82,104,65,44,49,67,118,73"/><U59/><E68/><V19/><F74/><W106/><G110/><T7/><D72/><U100/><E123/><V50/><F130/><W85/><G118/><T28/><D48/><N who="1" m="29087" /><E76/><V90/><F37/><N who="0" m="14442" /><D63/><U54/><E132/><V0/><F0/><W56/><G73/><T108/><D71/><U40/><E40/><V45/><F115/><W33/><G39/><T103/><D103/><N who="1" m="39499" /><E111/><V25/><F46/><W1/><G34/><T98/><D108/><U26/><E54/><V121/><F25/><W61/><G33/><T86/><D98/><U12/><E12/><V60/><F19/><W21/><G67/><T23/><D35/><U131/><E131/><V99/><F60/><W89/><G1/><T125/><D7/><U4/><E4/><V69/><F69/><W133/><G133/><T27/><D15/><U32/><E32/><V20/><REACH who="2" step="1"/><F99/><REACH who="2" ten="433,320,104,133" step="2"/><W129/><G129/><T114/><D114/><U102/><E102/><V41/><AGARI ba="2,1" hai="13,17,20,41,45,50,90,94,96,105,107,120,121,122" machi="41" ten="30,8000,1" yaku="1,1,2,1,0,1,52,1,53,1" doraHai="10" doraHaiUra="16" who="2" fromWho="2" sc="433,-22,320,-42,104,96,133,-22" /><INIT seed="2,0,0,4,4,52" ten="411,278,200,111" oya="2" hai0="5,74,7,83,17,129,107,71,127,120,134,113,4" hai1="112,111,59,79,102,49,96,92,81,27,84,43,26" hai2="124,126,82,30,23,109,28,51,34,110,62,38,125" hai3="68,21,13,66,3,29,42,135,1,78,123,104,39"/><V122/><F38/><W0/><G123/><T121/><D107/><U19/><E112/><V63/><F122/><W75/><G135/><T16/><D71/><U44/><E111/><N who="2" m="42507" /><F34/><W50/><G104/><T33/><D74/><U94/><E94/><V69/><F69/><W128/><G128/><T9/><D83/><U35/><E35/><V53/><F82/><W90/><G39/><T46/><D46/><U88/><E79/><V73/><F73/><W54/><G42/><T22/><D113/><U97/><E97/><V65/><F65/><W105/><G105/><T76/><D76/><U130/><E130/><V85/><F85/><W45/><G90/><T103/><D103/><U11/><E59/><N who="2" m="33215" /><F23/><W18/><G29/><AGARI ba="0,0" hai="28,29,30,62,63,124,125,126" m="33215,42507" machi="29" ten="40,12000,1" yaku="18,1,14,1,10,1,52,1" doraHai="52" who="2" fromWho="3" sc="411,0,278,0,200,120,111,-120" owari="411,51.0,278,-12.0,320,12.0,-9,-51.0" /></mjloggm>