<mjloggm ver="2.3"><GO type="97" lobby="0"/><UN n0="%E5%B0%B1%E6%B4%BB%E7%94%9F%40%E5%B7%9D%E6%9D%91%E8%BB%8D%E5%9B%A3" n1="%E3%81%AD%E3%82%8A%E3%82%B4%E3%83%9E" n2="%E5%91%B3%E5%B9%B3" n3="%70%69%63%61%73%61" dan="15,15,15,13" rate="1994.85,1990.33,1928.34,1804.22" sx="M,M,M,M"/><TAIKYOKU oya="0"/><INIT seed="0,0,0,2,5,92" ten="250,250,250,250" oya="0" hai0="133,87,76,119,19,56,72,50,123,112,117,45,129" hai1="107,12,37,35,80,11,132,81,135,94,36,40,34" hai2="64,33,73,134,39,52,3,41,115,29,63,24,101" hai3="77,70,95,46,128,97,61,91,96,53,130,105,104"/><T9/><D72/><U120/><E120/><V21/><F115/><W25/><G77/><T82/><D112/><U88/><E107/><V79/><F3/><W31/><G46/><T67/><D123/><U6/><E80/><V13/><F101/><N who="3" m="62511" /><G53/><T121/><D121/><U62/><E62/><V23/><F41/><W126/><G105/><T59/><D129/><N who="3" m="49769" /><G61/><T65/><D133/><N who="1" m="51275" /><E81/><V124/><F52/><W4/><G4/><T89/><D117/><U54/><E54/><V85/><F64/><N who="0" m="24650" /><D119/><U122/><E122/><V102/><F63/><W116/><G116/><T86/><D45/><N who="1" m="23687" /><E37/><V15/><F39/><W5/><G5/><T57/><D50/><U131/><E131/><V20/><F134/><W0/><G0/><T7/><D7/><U58/><E58/><V44/><F44/><W32/><G126/><T69/><D69/><AGARI ba="0,0" hai="25,31,32,69,70,91,95,96" m="49769,62511" machi="69" ten="30,3900,0" yaku="19,1,52,2" doraHai="92" who="3" fromWho="0" sc="250,-39,250,0,250,0,250,39" /><INIT seed="1,0,0,1,0,102" ten="211,250,250,289" oya="1" hai0="42,83,109,104,20,18,1,127,97,71,49,133,89" hai1="94,132,39,122,9,60,120,118,121,69,23,52,11" hai2="0,29,81,59,78,65,111,30,40,38,53,68,13" hai3="115,47,8,41,43,31,45,131,117,64,15,100,72"/><U44/><E118/><V74/><F0/><W96/><G72/><T123/><D1/><U77/><E132/><V88/><F111/><W108/><G117/><T112/><D112/><U35/><E35/><V126/><F126/><W24/><G108/><T125/><D71/><U110/><E110/><V116/><F116/><W106/><G115/><T3/><D3/><U10/><E77/><V80/><F13/><W48/><G131/><T124/><D109/><U22/><E94/><V36/><F65/><W5/><G64/><T130/><D123/><U7/><E69/><V62/><F68/><W99/><G96/><T90/><D130/><U50/><E7/><V129/><F129/><W87/><G87/><T26/><D133/><U51/><E60/><V14/><F14/><W85/><G85/><T91/><D83/><U101/><E101/><V95/><F81/><W63/><G63/><T84/><D84/><U119/><E119/><V61/><F61/><W103/><G103/><N who="0" m="62575" /><D49/><U79/><E39/><V114/><F114/><W98/><G98/><T4/><D4/><U82/><REACH who="1" step="1"/><E51/><REACH who="1" ten="211,240,250,289" step="2"/><V37/><REACH who="2" step="1"/><F40/><AGARI ba="0,1" hai="18,20,26,40,42,89,90,91,124,125,127" m="62575" machi="40" ten="40,2600,0" yaku="18,1,52,1" doraHai="102" who="0" fromWho="2" sc="211,36,240,0,250,-26,289,0" /><INIT seed="2,0,0,5,5,101" ten="247,240,224,289" oya="2" hai0="14,27,61,80,31,74,22,24,6,32,17,49,131" hai1="117,51,103,25,65,111,46,41,58,21,75,73,128" hai2="92,110,93,19,34,123,39,102,68,56,99,83,28" hai3="43,9,13,115,36,2,11,126,47,78,10,55,86"/><V44/><F123/><W125/><G115/><T33/><D131/><U84/><E117/><V106/><F68/><W119/><G119/><T64/><D49/><U116/><E116/><V95/><F110/><W63/><G2/><T129/><D129/><U85/><E128/><V82/><F56/><N who="3" m="35231" /><G78/><T91/><D6/><U53/><E111/><V71/><F71/><W35/><G86/><T81/><D74/><U120/><E120/><V118/><F118/><W18/><G35/><T42/><D42/><U8/><E73/><V88/><F19/><W70/><G70/><T20/><D91/><U97/><E75/><V107/><F39/><W134/><G134/><T87/><D33/><U26/><E8/><V133/><F44/><W135/><G135/><T48/><D48/><U127/><E65/><V121/><F133/><W66/><G66/><T108/><D108/><U114/><E114/><V100/><F121/><W105/><G105/><N who="2" m="39945" /><F28/><W40/><G40/><T112/><D112/><U132/><E132/><V90/><F34/><W5/><G5/><T38/><D38/><U30/><E26/><V72/><F72/><W89/><G89/><N who="2" m="34409" /><F99/><W124/><AGARI ba="0,0" hai="9,10,11,13,18,36,43,47,124,125,126" m="35231" machi="124" ten="30,1100,0" yaku="18,1" doraHai="101" who="3" fromWho="3" sc="247,-3,240,-3,224,-5,289,11" /><INIT seed="3,0,0,4,2,134" ten="244,237,219,300" oya="3" hai0="10,6,91,90,59,40,61,66,14,99,64,25,115" hai1="108,117,94,88,118,77,41,70,32,87,54,84,7" hai2="124,55,83,20,114,128,86,102,101,126,104,9,27" hai3="71,63,127,44,49,93,112,81,19,65,57,82,60"/><W15/><G127/><N who="2" m="48681" /><F114/><W56/><G112/><T130/><D115/><U97/><E108/><V75/><F128/><W48/><G93/><T50/><D130/><U79/><E32/><V17/><F75/><W74/><G74/><T121/><D121/><U34/><E34/><V110/><F110/><W107/><G107/><T98/><D64/><U67/><E7/><V133/><F133/><W38/><G38/><T37/><D37/><U46/><E70/><V2/><F104/><W73/><G73/><T0/><D0/><U132/><E132/><V80/><F55/><N who="3" m="33823" /><G71/><T76/><D76/><N who="1" m="29259" /><E54/><V18/><F18/><W51/><G44/><N who="0" m="25863" /><D25/><U103/><E67/><V58/><F58/><W72/><G72/><T131/><D131/><U12/><E12/><N who="2" m="7311" /><F2/><W111/><G111/><T24/><D24/><U36/><E103/><N who="2" m="39435" /><F86/><W120/><G120/><T78/><D98/><U69/><E69/><V105/><F105/><W43/><G43/><T85/><D99/><U96/><E96/><V45/><F45/><W31/><G31/><T106/><D106/><U23/><E97/><V35/><F20/><AGARI ba="0,0" hai="15,19,20,48,49,51,57,63,65,81,82" m="33823" machi="20" ten="30,1500,0" yaku="8,1" doraHai="134" who="3" fromWho="2" sc="244,0,237,0,219,-15,300,15" owari="244,4.0,237,-16.0,204,-30.0,315,42.0" /></mjloggm>