<mjloggm ver="2.3"><GO type="169" lobby="0"/><UN n0="%E3%81%B5%E3%81%8B%E3%81%98" n1="%46%75%72%75%79%61" n2="%E3%82%A6%E3%83%AB%E3%83%88%E3%83%A9%E7%AB%8B%E7%9B%B4" n3="%E3%83%81%E3%83%81%E3%82%AB%E3%82%AB%E6%B9%96" dan="16,17,17,16" rate="2128.04,2155.68,2231.78,2095.32" sx="M,M,M,M"/><TAIKYOKU oya="0"/><INIT seed="0,0,0,0,1,105" ten="250,250,250,250" oya="0" hai0="15,122,30,134,28,40,23,46,66,47,109,19,18" hai1="93,6,115,11,110,57,111,4,112,78,39,95,38" hai2="7,63,34,86,125,56,82,106,65,74,58,45,84" hai3="26,3,77,2,17,14,1,27,132,124,83,120,117"/><T123/><D134/><U126/><E126/><V59/><F125/><W101/><G124/><T79/><D109/><N who="1" m="41483" /><E57/><V76/><F106/><W130/><G117/><T121/><D66/><U35/><E35/><V135/><F135/><W128/><G101/><T113/><D113/><N who="1" m="43595" /><E78/><V91/><F34/><W53/><G53/><T116/><D116/><U49/><E49/><V96/><F7/><N who="1" m="2601" /><E11/><V88/><F45/><W36/><G132/><T62/><D62/><U104/><E104/><V67/><F96/><W102/><G36/><AGARI ba="0,0" hai="36,38,39,93,95" m="2601,43595,41483" machi="36" ten="40,8000,1" yaku="28,2,14,1,11,1" doraHai="105" who="1" fromWho="3" sc="250,0,250,80,250,0,250,-80" /><INIT seed="1,0,0,4,4,8" ten="250,330,250,170" oya="1" hai0="23,124,62,7,35,110,100,116,71,48,121,19,40" hai1="63,22,38,64,123,1,6,82,129,68,89,102,33" hai2="114,13,15,37,69,130,16,127,2,3,50,90,11" hai3="24,106,0,99,111,104,97,78,84,92,25,112,26"/><U53/><E123/><V115/><F37/><W17/><G0/><T55/><D116/><U54/><E33/><V47/><F69/><W91/><G112/><N who="2" m="43049" /><F90/><W109/><G17/><T41/><D35/><U83/><E38/><V18/><F127/><W101/><REACH who="3" step="1"/><G78/><REACH who="3" ten="250,330,250,160" step="2"/><T94/><D19/><U80/><E1/><V122/><F122/><W133/><G133/><T126/><D121/><U46/><E6/><V128/><F2/><W12/><G12/><T107/><D126/><U132/><E132/><V29/><F3/><W134/><G134/><T98/><D124/><U76/><E76/><V44/><F29/><W118/><G118/><T57/><D7/><U28/><E28/><V31/><F31/><W61/><G61/><T95/><D62/><U66/><E63/><V59/><F59/><W113/><G113/><T86/><D57/><U108/><E68/><V79/><F79/><W51/><G51/><T70/><D48/><U30/><E30/><V60/><F60/><W56/><G56/><T81/><D70/><U21/><E64/><V43/><F47/><W27/><N who="3" m="6656" /><DORA hai="125" /><W105/><G105/><T87/><D107/><U85/><E66/><V103/><F103/><AGARI ba="0,1" hai="84,91,92,97,99,101,103,104,106,109,111" m="6656" machi="103" ten="50,3200,0" yaku="1,1,9,1,53,0" doraHai="8,125" doraHaiUra="34,5" who="3" fromWho="2" sc="250,0,330,0,250,-32,160,42" /><INIT seed="2,0,0,1,3,101" ten="250,330,218,202" oya="2" hai0="64,54,70,122,91,117,94,59,6,12,69,111,76" hai1="13,115,135,67,77,18,125,99,82,25,15,103,26" hai2="134,1,100,92,97,2,110,81,14,3,132,108,27" hai3="28,105,19,90,74,20,22,87,29,43,86,66,5"/><V79/><F27/><W41/><G74/><T61/><D122/><U80/><E115/><V121/><F14/><W10/><G66/><T60/><D111/><N who="2" m="42538" /><F121/><W126/><G126/><T124/><D124/><U73/><E125/><V120/><F120/><W128/><G128/><T31/><D117/><U93/><E135/><N who="2" m="51755" /><F1/><W118/><G118/><T30/><D76/><U44/><E15/><V56/><F56/><W9/><G5/><T0/><D0/><U42/><E25/><V52/><F52/><W85/><G41/><T33/><D6/><U50/><E26/><V40/><F40/><W24/><G43/><T63/><D12/><U88/><E13/><V68/><F68/><W48/><G24/><T17/><D69/><U102/><E42/><V4/><F4/><W57/><G57/><T78/><D54/><U16/><E44/><V84/><AGARI ba="0,0" hai="2,3,79,81,84,92,97,100" m="51755,42538" machi="84" ten="30,6000,0" yaku="14,1,10,1,20,1" doraHai="101" who="2" fromWho="2" sc="250,-20,330,-20,218,60,202,-20" /><INIT seed="2,1,0,3,4,119" ten="230,310,278,182" oya="2" hai0="117,14,101,7,135,37,114,6,21,83,106,108,99" hai1="97,110,51,30,79,82,49,80,66,100,105,113,52" hai2="54,20,89,76,75,57,96,73,35,88,86,74,63" hai3="107,31,46,132,85,120,32,124,23,25,55,41,38"/><V72/><F35/><W122/><G124/><T115/><D37/><U93/><E110/><V90/><N who="2" m="18432" /><DORA hai="70" /><V17/><F96/><W112/><G132/><T61/><D108/><U127/><E113/><V12/><REACH who="2" step="1"/><F76/><REACH who="2" ten="230,310,268,182" step="2"/><W92/><G112/><T104/><D99/><U78/><E79/><V50/><F50/><W33/><G107/><T9/><D106/><U28/><E49/><V36/><F36/><W29/><G55/><T4/><D104/><U116/><E105/><V67/><F67/><W11/><G11/><T95/><D9/><U8/><E8/><V19/><F19/><W43/><G43/><T45/><D115/><U133/><E78/><V91/><F91/><W111/><G111/><T65/><D65/><U87/><E66/><V0/><F0/><W3/><G3/><T15/><D114/><U26/><E51/><V109/><F109/><W68/><G68/><T102/><D117/><U125/><E116/><V34/><F34/><W81/><G92/><AGARI ba="1,1" hai="12,17,20,54,57,63,86,88,89,90,92" m="18432" machi="92" ten="70,6800,0" yaku="1,1,54,1,53,0" doraHai="119,70" doraHaiUra="24,1" who="2" fromWho="3" sc="230,0,310,0,268,81,182,-71" /><INIT seed="2,2,0,5,1,44" ten="230,310,349,111" oya="2" hai0="77,10,70,61,23,78,96,108,58,24,35,103,126" hai1="75,113,125,57,114,3,9,129,25,116,40,41,13" hai2="0,89,132,21,8,1,17,73,19,111,62,121,32" hai3="124,109,7,60,11,52,76,49,134,88,51,42,101"/><V31/><F73/><W69/><G109/><T90/><D35/><U74/><E116/><V102/><F102/><W53/><G124/><T37/><D70/><U87/><E3/><V72/><F72/><W63/><G134/><T130/><D37/><U30/><E125/><V104/><F104/><W128/><G128/><T28/><D126/><U79/><E129/><V65/><F121/><W99/><G76/><T45/><D130/><U119/><E119/><V22/><F132/><W82/><G42/><T123/><D123/><U64/><E75/><V43/><F8/><W46/><G69/><T27/><D108/><U93/><E74/><V120/><F120/><W135/><G135/><T117/><D117/><U4/><E113/><V97/><F31/><W86/><G99/><T20/><D10/><U115/><E115/><V107/><F32/><W15/><G101/><T18/><D45/><AGARI ba="2,0" hai="7,11,15,45,46,49,51,52,53,60,63,82,86,88" machi="45" ten="30,12000,2" yaku="7,1,9,1,8,1,52,2,54,2" doraHai="44" who="3" fromWho="0" sc="230,-126,310,0,349,0,111,126" /><INIT seed="3,0,0,0,3,88" ten="104,310,349,237" oya="3" hai0="76,113,100,18,52,122,14,128,44,39,10,57,23" hai1="12,3,2,111,26,61,126,131,47,56,129,64,7" hai2="41,94,69,11,31,118,87,66,104,24,13,4,15" hai3="75,68,120,37,99,74,101,21,70,134,135,89,6"/><W19/><G37/><T17/><D122/><U43/><E111/><V81/><F104/><W60/><G6/><T1/><D128/><N who="1" m="49227" /><E126/><V84/><F118/><W96/><G120/><T50/><D113/><U116/><E116/><V102/><F41/><W114/><G114/><T53/><D76/><U91/><E26/><V40/><F40/><W16/><G89/><T55/><D39/><N who="1" m="22015" /><E91/><V127/><F127/><W65/><G70/><T54/><D100/><U85/><E85/><V80/><F66/><W125/><G125/><T67/><D1/><U90/><E90/><V133/><F69/><W79/><G99/><T71/><D67/><U107/><E107/><V28/><F15/><N who="3" m="9375" /><G19/><T72/><D72/><U78/><E78/><V58/><F4/><W132/><G79/><T36/><D36/><U115/><E115/><V108/><F13/><W124/><G124/><T0/><D71/><U35/><E35/><V97/><F24/><W77/><G77/><T33/><D33/><U98/><E98/><V63/><F97/><W51/><G51/><T62/><REACH who="0" step="1"/><D0/><REACH who="0" ten="94,310,349,237" step="2"/><U25/><E2/><V30/><F102/><W86/><G86/><T8/><D8/><U20/><E3/><V117/><F11/><W9/><G9/><T123/><D123/><U130/><E130/><V32/><F84/><W34/><G34/><T49/><D49/><U29/><E7/><V105/><F87/><W45/><G45/><T83/><D83/><U112/><E112/><V95/><F80/><W59/><G68/><T5/><D5/><U42/><E64/><V121/><F32/><W119/><G119/><RYUUKYOKU ba="0,1" sc="94,15,310,-15,349,-15,237,15" hai0="10,14,17,18,23,44,50,52,53,54,55,57,62" hai3="59,60,65,74,75,96,101,132,134,135" /><INIT seed="3,1,1,2,4,113" ten="109,295,334,252" oya="3" hai0="44,79,59,5,39,2,135,62,61,3,134,42,132" hai1="77,98,66,32,67,65,112,46,20,30,8,57,53" hai2="133,4,63,95,18,122,108,109,16,21,24,25,116" hai3="13,70,43,38,52,11,86,15,71,73,31,105,119"/><W64/><G73/><T97/><D79/><U118/><E30/><V51/><F133/><W12/><G105/><T121/><D121/><U125/><E32/><V123/><F63/><W26/><G119/><T110/><D110/><N who="2" m="42602" /><F51/><W75/><G75/><T29/><D29/><U81/><E112/><V68/><F68/><W9/><G43/><T27/><D27/><U80/><E125/><V41/><F41/><W78/><G38/><T94/><D5/><U83/><E20/><N who="2" m="13319" /><F95/><W126/><G126/><T124/><D124/><U104/><E46/><V50/><F50/><W45/><G45/><T37/><D37/><U58/><E77/><V74/><F74/><W54/><G71/><T35/><D35/><U69/><E69/><V47/><F47/><W127/><G127/><T88/><REACH who="0" step="1"/><D61/><REACH who="0" ten="99,295,334,252" step="2"/><U107/><E67/><AGARI ba="1,2" hai="2,3,39,42,44,59,62,67,88,94,97,132,134,135" machi="67" ten="40,8000,1" yaku="1,1,2,1,20,1,54,1,53,1" doraHai="113" doraHaiUra="87" who="0" fromWho="1" sc="99,103,295,-83,334,0,252,0" /><INIT seed="4,0,0,0,5,123" ten="202,212,334,252" oya="0" hai0="54,51,6,64,3,41,113,52,47,26,59,9,106" hai1="135,78,124,49,68,66,108,93,86,16,63,112,109" hai2="128,125,50,94,28,62,80,96,45,5,69,21,43" hai3="8,30,116,122,23,60,120,2,88,71,91,119,35"/><T105/><D113/><U74/><E74/><V56/><F125/><W37/><G37/><T99/><D99/><U13/><E124/><V90/><F128/><W55/><G23/><T133/><D133/><U22/><E135/><V70/><F5/><N who="3" m="1079" /><G55/><T76/><D76/><U7/><E112/><V24/><F80/><W134/><G134/><T117/><D117/><N who="3" m="45129" /><G88/><T95/><D95/><U101/><E7/><V17/><F28/><W67/><G91/><T111/><D26/><AGARI ba="0,0" hai="26,30,35,60,67,71,120,122" m="45129,1079" machi="26" ten="30,1000,0" yaku="23,1" doraHai="123" who="3" fromWho="0" sc="202,-10,212,0,334,0,252,10" /><INIT seed="5,0,0,2,0,77" ten="192,212,334,262" oya="1" hai0="22,26,36,118,13,111,49,102,31,122,2,28,79" hai1="9,91,106,129,80,119,110,123,99,73,124,120,58" hai2="38,68,72,47,135,41,94,34,39,62,40,33,117" hai3="63,14,109,95,98,24,52,23,6,8,4,130,127"/><U19/><E119/><V1/><F117/><W126/><G109/><T25/><D118/><U46/><E110/><V128/><F94/><W55/><G4/><T114/><D111/><U133/><E46/><N who="2" m="23831" /><F128/><W70/><G130/><T44/><D36/><U67/><E129/><V0/><F72/><W16/><G70/><T66/><D2/><N who="2" m="1130" /><F135/><W112/><G112/><T93/><D122/><U121/><E133/><V10/><F10/><W69/><G69/><T20/><D66/><AGARI ba="0,0" hai="33,34,39,41,47,62,66,68" m="1130,23831" machi="66" ten="30,2000,0" yaku="33,2" doraHai="77" who="2" fromWho="0" sc="192,-20,212,0,334,20,262,0" /><INIT seed="6,0,0,5,1,77" ten="172,212,354,262" oya="2" hai0="2,60,18,14,55,71,109,130,78,13,69,45,42" hai1="88,25,67,106,48,27,103,28,114,75,132,46,52" hai2="76,108,63,120,126,56,81,79,94,12,65,98,135" hai3="110,97,16,127,83,70,133,122,68,95,96,41,17"/><V131/><F120/><W121/><G110/><T11/><D109/><U74/><E67/><V124/><F108/><W53/><G41/><T91/><D2/><U29/><E114/><V7/><F131/><W99/><G95/><T34/><D34/><U73/><E132/><V35/><F35/><W72/><G133/><T22/><D130/><U57/><E46/><V112/><F112/><W15/><G127/><T66/><D55/><U89/><E106/><V21/><F135/><W39/><G39/><T61/><D91/><U36/><E36/><V85/><F76/><W54/><G72/><T102/><D102/><U129/><E129/><V59/><F59/><W6/><G6/><T58/><D61/><U100/><E103/><V4/><F21/><W86/><G86/><T117/><D78/><U8/><E8/><V119/><F12/><W10/><G97/><T3/><D3/><U125/><E125/><N who="2" m="48235" /><F119/><W5/><G5/><T49/><REACH who="0" step="1"/><D117/><REACH who="0" ten="162,212,354,262" step="2"/><U134/><E134/><V31/><F63/><W43/><G122/><T104/><D104/><U93/><E100/><V30/><F79/><W115/><G121/><T113/><D113/><U38/><E89/><V90/><F90/><W20/><G115/><T0/><D0/><U40/><E40/><V101/><F101/><W105/><G43/><T47/><D47/><U50/><E88/><V19/><F98/><W37/><G99/><T80/><D80/><U92/><E52/><V82/><F81/><W24/><G83/><T128/><D128/><U32/><E74/><V1/><F82/><W9/><G105/><T23/><D23/><RYUUKYOKU ba="0,1" sc="162,30,212,-10,354,-10,262,-10" hai0="11,13,14,18,22,42,45,49,58,60,66,69,71" /><INIT seed="7,1,1,2,4,48" ten="192,202,344,252" oya="3" hai0="106,104,27,115,32,70,87,96,98,47,1,127,105" hai1="78,10,57,89,65,8,114,110,13,53,31,18,134" hai2="26,123,129,30,100,128,116,54,103,38,88,133,36" hai3="59,55,112,111,119,19,74,52,75,102,21,86,120"/><W83/><G119/><T41/><D1/><U122/><E122/><V126/><F126/><W135/><G120/><T3/><D3/><U4/><E110/><V93/><F133/><W35/><G135/><T95/><D70/><U118/><E114/><V24/><F54/><W29/><G111/><T45/><D127/><U56/><E118/><V46/><F24/><W39/><G112/><T90/><D115/><U81/><E31/><V80/><F80/><W63/><G39/><T69/><D69/><U68/><E68/><V82/><F82/><W107/><G35/><T64/><D64/><U34/><E34/><N who="2" m="20823" /><F116/><W94/><G107/><T62/><D62/><N who="1" m="38087" /><E78/><V130/><F123/><W17/><G29/><T43/><D27/><U33/><E33/><V66/><F66/><N who="3" m="39295" /><G74/><T73/><D32/><U101/><E134/><V60/><F60/><W11/><G75/><T28/><D28/><U15/><E101/><N who="2" m="38987" /><F46/><W92/><G11/><T6/><D6/><U91/><E81/><V22/><F22/><W50/><G102/><T14/><D14/><U12/><E13/><V42/><F42/><W97/><G97/><AGARI ba="1,1" hai="36,38,88,93,97,128,129,130" m="38987,20823" machi="97" ten="30,2000,0" yaku="19,1,54,1" doraHai="48" who="2" fromWho="3" sc="192,0,202,0,344,33,252,-23" owari="192,-31.0,202,-20.0,377,48.0,229,3.0" /></mjloggm>