<mjloggm ver="2.3"><GO type="41" lobby="0"/><UN n0="%E5%B0%B1%E6%B4%BB%E7%94%9F%40%E5%B7%9D%E6%9D%91%E8%BB%8D%E5%9B%A3" n1="%E8%97%8D%E8%89%B2%E3%82%AB%E3%82%A8%E3%83%AB" n2="%75%74%61%69%62%69%74%6F" n3="%64%61%73%68%69%73%68%69" dan="15,14,13,14" rate="2048.36,1904.23,1947.65,2007.99" sx="M,M,M,M"/><TAIKYOKU oya="0"/><INIT seed="0,0,0,2,3,29" ten="250,250,250,250" oya="0" hai0="116,63,8,64,23,130,36,93,3,90,72,73,19" hai1="66,102,57,82,11,68,67,105,99,110,48,71,4" hai2="114,91,61,38,15,28,88,122,112,106,79,53,43" hai3="58,24,6,20,126,95,84,21,0,22,101,85,13"/><T45/><D116/><U31/><E110/><V16/><F106/><W121/><G121/><T86/><D130/><U96/><E82/><V94/><F122/><W10/><G126/><T75/><D3/><U1/><E96/><V42/><F79/><W9/><G58/><T12/><D36/><U5/><E5/><V113/><F28/><W119/><G119/><T80/><D45/><U108/><E108/><V132/><F132/><W115/><G101/><T123/><D123/><U77/><E77/><V14/><F38/><W117/><G117/><T32/><D32/><U100/><E100/><V74/><F74/><W51/><G51/><T76/><REACH who="0" step="1"/><D8/><REACH who="0" ten="240,250,250,250" step="2"/><U44/><E44/><V97/><F43/><W39/><G39/><T65/><D65/><U133/><E67/><V27/><F42/><W7/><G115/><T128/><D128/><U70/><E66/><V62/><F53/><W18/><G0/><T37/><D37/><U35/><E35/><V2/><F2/><W135/><G10/><T49/><D49/><U26/><E48/><V81/><F61/><W109/><G109/><T34/><D34/><U98/><E11/><V46/><F46/><W118/><G118/><T30/><D30/><U87/><E31/><V92/><F62/><W131/><G131/><T55/><D55/><U89/><E1/><V83/><F114/><W134/><G6/><T59/><AGARI ba="0,1" hai="12,19,23,59,63,64,72,73,75,76,80,86,90,93" machi="59" ten="20,7800,0" yaku="1,1,0,1,7,1,53,1" doraHai="29" doraHaiUra="56" who="0" fromWho="0" sc="240,88,250,-26,250,-26,250,-26" /><INIT seed="0,1,0,2,1,64" ten="328,224,224,224" oya="0" hai0="6,93,65,54,68,4,126,77,108,17,29,37,91" hai1="86,88,106,58,80,134,133,39,38,124,84,60,45" hai2="92,15,123,57,70,97,78,62,23,85,98,81,7" hai3="73,135,30,9,117,122,75,114,74,34,61,69,20"/><T1/><D37/><U79/><E106/><V83/><F123/><W48/><G122/><T125/><D77/><U128/><E45/><V13/><F83/><W46/><G117/><T0/><D29/><U107/><E107/><V129/><F129/><W41/><G114/><T59/><D108/><U56/><E128/><V50/><F50/><W82/><G135/><N who="1" m="51722" /><E124/><N who="0" m="47721" /><D65/><N who="1" m="39047" /><E58/><V40/><F40/><W2/><G34/><T113/><D113/><U51/><E51/><V43/><F43/><W10/><G82/><AGARI ba="1,0" hai="38,39,79,80,82,84,86,88" m="39047,51722" machi="82" ten="30,2000,0" yaku="20,1,54,1" doraHai="64" who="1" fromWho="3" sc="328,0,224,23,224,0,224,-23" /><INIT seed="1,0,0,1,2,73" ten="328,247,224,201" oya="1" hai0="42,132,21,102,84,28,64,85,16,121,126,63,57" hai1="44,88,89,40,103,133,135,48,61,31,41,111,9" hai2="27,56,120,69,29,1,8,114,128,112,0,97,110" hai3="37,98,49,71,14,30,50,117,119,5,99,38,25"/><U32/><E111/><V3/><F69/><W43/><G71/><T20/><D121/><U76/><E103/><V127/><F120/><W116/><G5/><T47/><D126/><U101/><E101/><V134/><F127/><W52/><G14/><T33/><D132/><N who="1" m="50763" /><E9/><V24/><F134/><W108/><G108/><T22/><D102/><U77/><E61/><V90/><F110/><W12/><G12/><T91/><D33/><U123/><E40/><V39/><F39/><N who="3" m="14859" /><G49/><N who="0" m="26871" /><D28/><U54/><E123/><V83/><F128/><W26/><G43/><T4/><D4/><U13/><E13/><V58/><F8/><W118/><N who="3" m="30208" /><DORA hai="74" /><W87/><G87/><N who="0" m="33355" /><D91/><N who="1" m="34891" /><E41/><V81/><F29/><W78/><G78/><T7/><D7/><U11/><E11/><V6/><F6/><W55/><G55/><T35/><D35/><U100/><E100/><V60/><F60/><W62/><G62/><T70/><D70/><U59/><E44/><V45/><F45/><N who="3" m="27727" /><G26/><AGARI ba="0,0" hai="16,20,21,22,26,57,63,64" m="33355,26871" machi="26" ten="30,2000,0" yaku="8,1,54,1" doraHai="73,74" who="0" fromWho="3" sc="328,20,247,0,224,0,201,-20" /><AGARI ba="0,0" hai="26,31,32,48,54,59,76,77" m="34891,50763" machi="26" ten="30,18000,2" yaku="20,1,52,4,54,1" doraHai="73,74" who="1" fromWho="3" sc="348,0,247,180,224,0,181,-180" /><INIT seed="1,1,0,4,3,25" ten="348,427,224,1" oya="1" hai0="31,79,131,103,24,84,16,57,35,7,19,110,98" hai1="55,18,49,66,37,30,123,82,43,4,48,27,32" hai2="34,112,1,95,86,89,122,130,81,96,77,133,22" hai3="63,13,71,132,83,15,111,14,134,87,118,9,90"/><U62/><E123/><V78/><F1/><W115/><G118/><T99/><D131/><U45/><E4/><V56/><F34/><W28/><G115/><T40/><D7/><U68/><E82/><V29/><F122/><W124/><G111/><T126/><D126/><U125/><E125/><V74/><F130/><W65/><G124/><T92/><D110/><U0/><E0/><V93/><F133/><N who="3" m="51307" /><G9/><T114/><D114/><U33/><E33/><V94/><F112/><W58/><G71/><T129/><D129/><U107/><E107/><V76/><F56/><W8/><G8/><T72/><D72/><U67/><E67/><V73/><F29/><AGARI ba="1,0" hai="13,14,15,28,29,58,63,65,83,87,90" m="51307" machi="29" ten="30,3900,0" yaku="20,1,52,2" doraHai="25" who="3" fromWho="2" sc="348,0,427,0,224,-42,1,42" /><INIT seed="2,0,0,0,0,4" ten="348,427,182,43" oya="2" hai0="3,129,92,77,131,97,39,68,35,36,133,45,127" hai1="113,123,94,122,30,103,84,63,111,2,96,104,72" hai2="76,0,46,74,12,93,9,124,29,130,62,86,5" hai3="69,121,106,56,59,64,42,61,15,47,109,31,81"/><V19/><F124/><W102/><G121/><N who="1" m="46090" /><E2/><V73/><F130/><N who="0" m="49674" /><D35/><U20/><E63/><V87/><F29/><W37/><G109/><T88/><D3/><U10/><E10/><V11/><F62/><W17/><G81/><T107/><D127/><U51/><E72/><V134/><F134/><W6/><G6/><T128/><D68/><U85/><E111/><V16/><F19/><W95/><G95/><T23/><D133/><U119/><E119/><V135/><F135/><W24/><G17/><T71/><D71/><U105/><E51/><V79/><F46/><W83/><G83/><T43/><D107/><N who="1" m="41035" /><E113/><V32/><F32/><W91/><G91/><T21/><D128/><U57/><E57/><V90/><REACH who="2" step="1"/><F86/><REACH who="2" ten="348,427,172,43" step="2"/><W117/><G117/><T18/><D39/><U80/><E30/><V78/><AGARI ba="0,1" hai="0,5,9,11,12,16,73,74,76,78,79,87,90,93" machi="78" ten="30,18000,2" yaku="1,1,2,1,0,1,52,2,54,1,53,0" doraHai="4" doraHaiUra="132" who="2" fromWho="2" sc="348,-60,427,-60,172,190,43,-60" owari="288,-11.0,367,47.0,362,16.0,-17,-52.0" /></mjloggm>