<mjloggm ver="2.3"><GO type="97" lobby="0"/><UN n0="%6D%69%79%61%62" n1="%43%72%61%7A%79%54" n2="%E5%B0%B1%E6%B4%BB%E7%94%9F%40%E5%B7%9D%E6%9D%91%E8%BB%8D%E5%9B%A3" n3="%72%65%69%74%61%72%6F%75" dan="14,15,16,13" rate="1907.23,2053.97,2091.53,1875.61" sx="M,M,M,F"/><TAIKYOKU oya="0"/><INIT seed="0,0,0,1,2,59" ten="250,250,250,250" oya="0" hai0="91,116,123,69,68,53,58,27,40,3,90,102,111" hai1="124,122,24,38,115,113,129,105,60,23,114,26,7" hai2="128,14,36,76,103,13,10,48,45,57,17,120,25" hai3="112,1,109,12,133,9,50,47,92,18,71,20,44"/><T131/><D123/><U134/><E105/><V73/><F120/><W15/><G112/><T33/><D116/><U107/><E122/><V6/><F128/><W82/><G71/><T8/><D40/><U67/><E107/><V88/><F103/><W63/><G109/><T51/><D102/><U43/><E7/><V119/><F119/><W72/><G133/><T95/><D111/><U28/><E129/><V22/><F36/><W98/><G1/><T81/><D131/><U126/><E134/><V80/><F57/><W61/><G47/><T46/><D81/><U21/><E43/><V130/><F130/><W127/><G127/><N who="1" m="48682" /><E38/><V54/><REACH who="2" step="1"/><F88/><REACH who="2" ten="250,250,240,250" step="2"/><N who="3" m="55559" /><G72/><T135/><D90/><U49/><E49/><V52/><F52/><N who="3" m="29767" /><G82/><T96/><D135/><U104/><E104/><V65/><F65/><W97/><G97/><T85/><D58/><N who="1" m="37271" /><E26/><AGARI ba="0,1" hai="6,10,13,14,17,22,25,26,45,48,54,73,76,80" machi="26" ten="40,1300,0" yaku="1,1,53,0" doraHai="59" doraHaiUra="94" who="2" fromWho="1" sc="250,0,250,-13,240,23,250,0" /><INIT seed="1,0,0,5,2,90" ten="250,237,263,250" oya="1" hai0="22,114,69,17,126,39,49,51,10,45,119,95,62" hai1="0,85,101,79,13,1,40,81,50,2,6,53,122" hai2="94,28,68,59,55,131,72,118,128,60,65,116,37" hai3="107,75,96,33,67,23,91,46,11,127,32,21,64"/><U100/><E122/><V29/><F72/><W109/><G75/><T71/><D114/><U76/><E79/><V5/><F5/><W3/><G109/><T57/><D119/><N who="2" m="45610" /><F94/><W19/><G127/><T92/><D39/><U80/><E81/><V93/><F93/><N who="0" m="35914" /><D71/><U58/><REACH who="1" step="1"/><E40/><REACH who="1" ten="250,227,263,250" step="2"/><V87/><F87/><W135/><G135/><T111/><D126/><U130/><E130/><N who="2" m="49707" /><F37/><W89/><G107/><T134/><D134/><U132/><E132/><V98/><F98/><W73/><G96/><T25/><D111/><U63/><E63/><AGARI ba="0,1" hai="28,29,55,59,60,63,65,68" m="49707,45610" machi="63" ten="30,1000,0" yaku="19,1" doraHai="90" who="2" fromWho="1" sc="250,0,227,-10,263,20,250,0" /><INIT seed="2,0,0,1,5,2" ten="250,217,283,250" oya="2" hai0="128,82,118,99,3,67,24,127,60,13,26,55,101" hai1="109,30,8,5,113,130,47,131,58,71,57,41,14" hai2="83,42,34,31,120,32,92,94,115,61,114,110,54" hai3="129,1,111,85,44,35,119,70,76,38,40,87,19"/><V103/><F120/><W69/><G119/><T122/><D118/><U104/><E71/><V25/><F110/><W74/><G111/><T27/><D122/><U33/><E109/><V126/><F34/><W6/><G35/><T90/><D3/><U50/><E104/><V49/><F126/><W98/><G19/><T56/><D127/><U22/><E113/><V66/><F42/><W96/><G129/><T37/><D37/><U43/><E33/><V10/><F10/><N who="3" m="2383" /><G87/><T80/><D128/><N who="1" m="49195" /><E41/><V75/><F75/><W65/><G85/><T106/><D13/><U12/><E30/><V68/><F83/><N who="3" m="45463" /><G65/><T28/><D28/><U89/><E89/><V97/><REACH who="2" step="1"/><F92/><REACH who="2" ten="250,217,273,250" step="2"/><W108/><G108/><T64/><D82/><U78/><E78/><V95/><F95/><W72/><G72/><T112/><D112/><U121/><E121/><V52/><F52/><W73/><G73/><T21/><D80/><U9/><E22/><V84/><F84/><W23/><G96/><T100/><D21/><U86/><E86/><V88/><F88/><W134/><G98/><T29/><D90/><U133/><E133/><V16/><F16/><AGARI ba="0,1" hai="5,8,9,12,14,16,43,47,50,57,58" m="49195" machi="16" ten="30,3900,0" yaku="19,1,52,1,54,1" doraHai="2" who="1" fromWho="2" sc="250,0,217,49,273,-39,250,0" /><INIT seed="3,0,0,3,0,32" ten="250,266,234,250" oya="3" hai0="55,97,90,131,12,49,3,82,135,11,21,71,61" hai1="115,7,108,51,27,40,41,52,5,15,127,94,101" hai2="130,79,73,112,23,111,107,96,63,43,17,65,44" hai3="77,67,93,95,29,8,100,42,114,35,57,62,56"/><W85/><G114/><T33/><D33/><U22/><E115/><V9/><F112/><W48/><G35/><T36/><D36/><U102/><E108/><V6/><F111/><W76/><G29/><T58/><D21/><U34/><E34/><V106/><F130/><W10/><G100/><T50/><D131/><U75/><E75/><V2/><F96/><W126/><G126/><T86/><D135/><U133/><E133/><V68/><F23/><W134/><G134/><T116/><D116/><U124/><E94/><N who="3" m="35850" /><G85/><T122/><D97/><U113/><E113/><V16/><F17/><W54/><G42/><N who="1" m="16490" /><E124/><V66/><F16/><W72/><G72/><T99/><D99/><U121/><E121/><V38/><F66/><W28/><G28/><T59/><D122/><U4/><E15/><V80/><AGARI ba="0,0" hai="2,6,9,38,43,44,63,65,68,73,79,80,106,107" machi="80" ten="30,12000,2" yaku="0,1,25,2,33,3,52,1" doraHai="32" who="2" fromWho="2" sc="250,-30,266,-30,234,120,250,-60" owari="220,-18.0,236,4.0,354,45.0,190,-31.0" /></mjloggm>