<mjloggm ver="2.3"><GO type="169" lobby="0"/><UN n0="%E3%81%A9%E3%81%84%EF%BC%8D%E3%82%93" n1="%E4%B8%80%E9%96%83%E3%81%95%E3%82%93" n2="%74%6F%6D%75%74%6F%6D%69" n3="%E3%82%A6%E3%83%AB%E3%83%88%E3%83%A9%E7%AB%8B%E7%9B%B4" dan="16,17,16,17" rate="2039.66,2095.86,2090.41,2126.87" sx="M,M,M,M"/><TAIKYOKU oya="0"/><INIT seed="0,0,0,1,1,96" ten="250,250,250,250" oya="0" hai0="17,28,24,66,25,83,82,107,121,51,49,86,37" hai1="19,56,94,44,92,126,10,102,61,72,99,90,57" hai2="85,123,95,74,31,117,73,36,14,110,27,127,3" hai3="80,68,120,122,78,18,32,16,42,53,29,81,116"/><T128/><D37/><U64/><E126/><V69/><F95/><W35/><G42/><T48/><D107/><U84/><E72/><V54/><F54/><W38/><G68/><T135/><D121/><U79/><E79/><V119/><F85/><W58/><G38/><T98/><D128/><U0/><E44/><V132/><F74/><W113/><G29/><T1/><D1/><U89/><E89/><V13/><F13/><W11/><G11/><T62/><D135/><U2/><REACH who="1" step="1"/><E57/><REACH who="1" ten="250,240,250,250" step="2"/><V115/><F117/><W75/><G58/><T47/><D47/><U30/><E30/><V21/><F31/><W46/><G78/><T40/><D40/><U9/><E9/><V111/><F21/><W5/><G46/><T39/><D39/><U6/><E6/><V50/><F111/><W4/><G116/><T70/><D17/><U100/><E100/><V77/><F77/><W76/><G76/><T43/><D43/><U63/><E63/><V23/><F50/><W60/><G75/><T12/><D28/><U104/><E104/><V131/><F23/><W114/><G60/><T52/><D62/><U133/><E133/><V22/><F22/><W118/><G118/><T108/><D70/><U55/><E55/><AGARI ba="0,1" hai="4,5,16,18,32,35,53,55,80,81,113,114,120,122" machi="55" ten="25,3200,0" yaku="22,2,54,1" doraHai="96" who="3" fromWho="1" sc="250,0,240,-32,250,0,250,42" /><INIT seed="1,0,0,3,3,54" ten="250,208,250,292" oya="1" hai0="50,65,107,95,118,6,25,35,17,36,40,63,7" hai1="19,124,132,102,70,96,86,88,62,113,26,120,116" hai2="12,133,13,8,73,127,16,28,134,53,18,56,32" hai3="52,45,55,61,29,126,68,31,66,58,103,76,3"/><U69/><E113/><V59/><F73/><W110/><G3/><T2/><D107/><U122/><E116/><V44/><F127/><W27/><G126/><T39/><D118/><U51/><E124/><V5/><F28/><W1/><G1/><T30/><D50/><U81/><E132/><N who="2" m="50795" /><F32/><W105/><G110/><T60/><D60/><U121/><E51/><N who="2" m="28903" /><F5/><W114/><G114/><T98/><D17/><U77/><E77/><V49/><F49/><N who="3" m="28719" /><G68/><T0/><D0/><U42/><E42/><V84/><F84/><W83/><G105/><T34/><D34/><U90/><E90/><V21/><AGARI ba="0,0" hai="8,12,13,16,18,21,56,59" m="28903,50795" machi="21" ten="30,7900,0" yaku="20,1,52,2,54,1" doraHai="54" who="2" fromWho="2" sc="250,-20,208,-39,250,79,292,-20" /><INIT seed="2,0,0,4,4,60" ten="230,169,329,272" oya="2" hai0="44,57,84,86,103,54,21,48,126,101,14,3,64" hai1="42,0,108,43,29,69,68,45,38,79,124,15,122" hai2="85,46,18,117,72,131,39,13,107,30,55,37,25" hai3="111,62,56,50,76,7,112,116,12,10,114,2,96"/><V71/><F117/><W127/><G116/><T78/><D3/><U36/><E0/><V8/><F72/><W20/><G76/><T41/><D126/><U89/><E79/><V100/><F107/><W52/><G127/><T106/><D106/><U130/><E124/><V28/><F100/><W1/><G111/><T125/><D125/><U82/><E29/><V53/><F30/><W80/><G80/><T120/><D120/><U17/><E108/><V115/><F131/><W35/><G35/><T6/><D64/><U77/><E130/><V34/><F71/><W9/><G96/><T129/><D129/><U113/><E113/><N who="3" m="43626" /><G10/><N who="0" m="4439" /><D21/><U32/><E32/><V33/><F33/><W104/><G104/><T47/><D47/><U123/><E89/><V49/><F115/><W97/><G97/><T19/><D19/><U99/><E99/><V40/><F40/><W61/><G20/><T4/><D4/><U92/><E92/><V133/><F133/><W87/><G87/><N who="0" m="33323" /><D78/><U70/><E42/><V121/><F121/><W31/><G31/><T119/><D119/><U59/><E122/><V135/><F135/><W75/><G75/><T91/><D91/><U22/><E123/><V109/><F109/><W88/><G88/><T105/><D105/><U93/><E77/><V58/><F85/><W102/><G102/><T67/><D67/><U16/><E22/><V81/><F81/><W83/><G83/><T24/><D24/><U98/><E82/><V128/><F128/><W134/><G134/><T51/><AGARI ba="0,0" hai="41,44,48,51,54,57,101,103" m="33323,4439" machi="51" ten="30,1100,0" yaku="8,1" doraHai="60" who="0" fromWho="0" sc="230,11,169,-3,329,-5,272,-3" /><INIT seed="3,0,0,4,0,39" ten="241,166,324,269" oya="3" hai0="134,112,102,63,69,74,6,5,93,105,11,46,19" hai1="111,12,119,120,18,7,81,124,14,97,29,116,77" hai2="20,121,37,42,59,68,82,92,132,4,128,66,16" hai3="25,64,24,22,98,48,130,65,0,55,129,100,117"/><W76/><G0/><T96/><D134/><U49/><E120/><V78/><F132/><W23/><G76/><T127/><D74/><U33/><E111/><V126/><F126/><W43/><G117/><T88/><D127/><U26/><E124/><V99/><F128/><N who="3" m="49259" /><G23/><T85/><D112/><U115/><E115/><V73/><F4/><W110/><G110/><T47/><D19/><U106/><E14/><V54/><F66/><N who="3" m="25707" /><G22/><T94/><D105/><U79/><E79/><V62/><F68/><W107/><G43/><T104/><D69/><U34/><E34/><V123/><F42/><W95/><G107/><T21/><D21/><U80/><E106/><V53/><F53/><W89/><G89/><T35/><D35/><U67/><E67/><V70/><F70/><W133/><G133/><T71/><D71/><U36/><E116/><V86/><F73/><W28/><G28/><T56/><D104/><U50/><E119/><V58/><F58/><AGARI ba="0,0" hai="24,25,48,55,58,95,98,100" m="25707,49259" machi="58" ten="30,1500,0" yaku="19,1" doraHai="39" who="3" fromWho="2" sc="241,0,166,0,324,-15,269,15" /><INIT seed="3,1,0,4,0,12" ten="241,166,309,284" oya="3" hai0="86,128,122,21,74,79,37,7,51,26,132,28,47" hai1="9,27,117,106,32,39,67,71,6,5,120,35,23" hai2="108,95,91,2,22,69,57,134,48,19,45,54,116" hai3="30,11,100,68,31,43,59,18,58,16,29,46,38"/><W75/><G75/><T42/><D122/><U99/><E39/><V82/><F108/><W4/><G68/><T126/><D126/><U10/><E120/><V76/><F134/><W129/><G129/><T81/><D132/><U80/><E67/><V115/><F116/><W33/><G33/><T56/><D128/><U60/><E60/><V41/><F115/><W73/><G100/><T127/><D127/><U103/><E71/><V98/><F69/><W131/><G73/><T78/><D78/><U24/><E117/><V124/><F2/><W88/><G88/><T97/><D97/><U64/><E64/><V93/><F93/><W125/><G125/><T112/><D112/><U53/><E53/><V135/><F135/><W84/><G84/><T8/><D56/><U121/><E121/><V77/><F82/><W104/><G104/><T119/><D119/><U90/><E80/><V3/><F3/><W110/><G110/><T40/><D40/><U62/><E62/><V85/><F124/><W66/><G131/><T52/><D74/><U107/><E107/><V1/><F1/><W14/><G59/><T130/><D130/><U87/><E32/><V96/><F96/><W0/><G0/><N who="0" m="103" /><D37/><U111/><E35/><V44/><F44/><W94/><G94/><T114/><D114/><U109/><E109/><V133/><F133/><W55/><REACH who="3" step="1"/><G55/><REACH who="3" ten="241,166,309,274" step="2"/><T17/><D52/><U61/><E111/><V50/><F98/><W83/><G83/><T123/><D123/><U105/><E99/><V25/><AGARI ba="1,1" hai="19,22,25,41,45,48,50,54,57,76,77,85,91,95" machi="25" ten="20,5200,0" yaku="0,1,7,1,8,1,52,1" doraHai="12" who="2" fromWho="2" sc="241,-14,166,-14,309,65,274,-27" /><INIT seed="4,0,0,0,4,4" ten="227,152,374,247" oya="0" hai0="64,120,83,110,131,103,47,27,56,54,92,20,94" hai1="53,14,51,111,31,85,9,33,8,18,34,77,119" hai2="126,99,135,48,5,101,114,78,70,49,23,133,1" hai3="72,130,69,91,71,6,84,74,40,67,45,38,93"/><T61/><D120/><U43/><E111/><V13/><F114/><W95/><G130/><T39/><D110/><U123/><E123/><V80/><F70/><W15/><G71/><T117/><D117/><U97/><E119/><V73/><F126/><W124/><G124/><T24/><D131/><U116/><E116/><V115/><F115/><W102/><G67/><T36/><D27/><U10/><E43/><V113/><F1/><W76/><G76/><T98/><D83/><U127/><E127/><V129/><F129/><W16/><G6/><T104/><D104/><U88/><E77/><V106/><F113/><W60/><G60/><T17/><D94/><U7/><E97/><V89/><F89/><W75/><G69/><T105/><D105/><U44/><E31/><V118/><F118/><W100/><REACH who="3" step="1"/><G95/><REACH who="3" ten="227,152,374,237" step="2"/><T58/><D47/><U3/><REACH who="1" step="1"/><E9/><AGARI ba="0,1" hai="9,15,16,38,40,45,72,74,75,84,91,93,100,102" machi="9" ten="40,8000,1" yaku="1,1,2,1,52,1,54,1,53,0" doraHai="4" doraHaiUra="125" who="3" fromWho="1" sc="227,0,152,-80,374,0,237,90" /><INIT seed="5,0,0,1,1,73" ten="227,72,374,327" oya="1" hai0="45,39,96,0,65,77,106,102,125,87,62,114,105" hai1="131,53,72,12,35,110,92,8,67,80,37,64,30" hai2="99,82,40,20,122,69,130,11,25,16,41,5,68" hai3="50,36,43,38,112,81,109,24,117,88,47,129,85"/><U103/><E37/><V33/><F122/><W86/><G109/><T113/><D0/><U31/><E110/><V107/><F130/><W115/><G129/><T71/><D125/><U75/><E131/><V100/><F33/><W13/><G117/><T91/><D106/><U70/><E70/><V42/><REACH who="2" step="1"/><F82/><REACH who="2" ten="227,72,364,327" step="2"/><N who="3" m="49239" /><G24/><T54/><D91/><U48/><E35/><V26/><F26/><W76/><G13/><AGARI ba="0,1" hai="5,11,13,16,20,25,40,41,42,68,69,99,100,107" machi="13" ten="40,2600,0" yaku="1,1,54,1,53,0" doraHai="73" doraHaiUra="51" who="2" fromWho="3" sc="227,0,72,0,364,36,327,-26" /><INIT seed="6,0,0,0,4,15" ten="227,72,400,301" oya="2" hai0="74,125,40,86,4,99,92,0,36,98,64,89,28" hai1="12,11,122,63,121,103,25,94,73,33,24,47,71" hai2="72,80,131,81,46,117,97,130,7,112,10,35,116" hai3="32,59,55,69,68,6,2,90,87,45,34,135,37"/><V65/><F35/><W113/><G68/><T88/><D74/><U8/><E73/><V82/><F65/><W134/><G69/><T41/><D125/><U62/><E71/><V70/><F70/><W14/><G2/><T119/><D119/><U67/><E67/><V84/><F46/><W16/><G6/><T105/><D36/><U51/><E33/><V66/><F66/><W126/><G126/><T38/><D64/><U118/><E118/><N who="2" m="45675" /><F10/><N who="3" m="6231" /><G37/><T17/><D38/><U75/><E75/><V110/><F7/><W78/><G78/><T115/><D28/><U49/><E12/><V43/><F43/><W102/><G102/><T13/><D0/><U133/><E47/><V76/><F112/><W50/><G59/><T53/><D115/><U85/><E103/><V132/><F132/><N who="3" m="50731" /><G113/><T100/><D4/><U128/><E133/><V39/><F39/><W123/><G123/><T96/><D53/><U1/><E1/><V77/><F110/><W106/><G106/><T9/><REACH who="0" step="1"/><D99/><REACH who="0" ten="217,72,400,301" step="2"/><U124/><E124/><V18/><F97/><W29/><G29/><T104/><D104/><U3/><E3/><V26/><F72/><W114/><G114/><T79/><D79/><U5/><E5/><V120/><F76/><W27/><G27/><T109/><D109/><U107/><E107/><V56/><F77/><W101/><G101/><T48/><D48/><U127/><E127/><V19/><F26/><W83/><AGARI ba="0,1" hai="32,34,45,50,55,83,87,90" m="50731,6231" machi="83" ten="30,7900,0" yaku="25,1,20,1,52,1,54,1" doraHai="15" who="3" fromWho="3" sc="217,-20,72,-20,400,-39,301,89" /><INIT seed="7,0,0,2,3,15" ten="197,52,361,390" oya="3" hai0="38,130,26,21,84,42,2,22,37,4,80,0,121" hai1="45,5,65,25,16,32,113,20,24,132,34,33,115" hai2="81,135,71,31,78,73,44,116,82,39,51,95,7" hai3="124,43,98,47,9,114,68,18,69,105,128,55,54"/><W57/><G98/><T12/><D121/><U58/><E45/><V35/><F135/><W11/><G105/><T109/><D130/><U129/><E65/><V64/><F116/><W101/><G101/><T126/><D109/><U91/><E58/><V112/><F112/><W49/><G114/><T120/><D120/><U85/><E129/><V14/><F39/><W86/><G128/><T3/><D126/><U52/><E132/><V118/><F118/><W102/><G102/><T53/><D53/><U61/><E5/><V63/><F82/><W107/><G107/><T19/><D42/><U133/><E133/><V56/><F95/><W40/><G124/><T1/><D4/><U89/><E89/><V10/><F31/><W97/><G97/><T75/><D75/><U127/><E127/><V87/><F73/><W60/><G86/><T23/><N who="0" m="0" /><DORA hai="79" /><T8/><REACH who="0" step="1"/><D26/><REACH who="0" ten="187,52,361,390" step="2"/><U100/><E100/><V106/><F106/><W27/><G27/><T74/><D74/><U77/><E77/><AGARI ba="0,1" hai="8,12,19,21,22,23,37,38,77,80,84" m="0" machi="77" ten="70,8000,1" yaku="1,1,52,2,53,1" doraHai="15,79" doraHaiUra="119,83" who="0" fromWho="1" sc="187,90,52,-80,361,0,390,0" owari="277,-12.0,-28,-53.0,361,16.0,390,49.0" /></mjloggm>