<mjloggm ver="2.3"><GO type="97" lobby="0"/><UN n0="%E4%B8%83%E2%98%86%E5%A4%A9%E9%81%93" n1="%52%35" n2="%E6%AC%A1%E5%8E%9F%E3%81%8B%E3%81%AA" n3="%E5%B0%B1%E6%B4%BB%E7%94%9F%40%E5%B7%9D%E6%9D%91%E8%BB%8D%E5%9B%A3" dan="15,15,13,14" rate="2015.58,1993.86,1811.46,2017.10" sx="M,M,F,M"/><TAIKYOKU oya="0"/><INIT seed="0,0,0,3,0,92" ten="250,250,250,250" oya="0" hai0="63,106,81,45,33,58,5,34,72,51,120,128,46" hai1="86,26,18,135,59,75,3,14,108,31,126,24,87" hai2="7,25,96,65,15,114,82,29,44,47,61,78,30" hai3="98,76,27,0,84,80,23,116,121,19,50,112,133"/><T115/><D120/><U67/><E75/><V36/><F114/><W6/><G116/><T39/><D5/><U52/><E3/><V97/><F36/><W20/><G112/><T41/><D106/><U48/><E108/><V68/><F29/><W64/><G121/><T105/><D105/><U60/><E135/><V119/><F119/><W55/><G133/><T56/><D128/><U91/><E126/><V83/><F83/><W74/><G64/><T109/><D115/><U12/><E12/><V8/><F47/><W99/><G74/><T53/><D109/><U77/><E77/><V90/><F90/><W10/><REACH who="3" step="1"/><G20/><REACH who="3" ten="250,250,250,240" step="2"/><T28/><D34/><U40/><E67/><V111/><F111/><W73/><G73/><T79/><D33/><U1/><E31/><V130/><F130/><W118/><G118/><T88/><D28/><U122/><E122/><V54/><F30/><W66/><G66/><T49/><D39/><U71/><E71/><V100/><F100/><W134/><G134/><T95/><REACH who="0" step="1"/><D63/><REACH who="0" ten="240,250,250,240" step="2"/><U113/><E113/><V69/><F61/><W125/><G125/><T70/><D70/><U102/><E60/><V101/><F69/><W93/><G93/><T129/><D129/><U107/><E107/><V38/><F68/><W37/><G37/><T11/><D11/><U103/><E1/><V17/><F38/><W124/><G124/><T32/><D32/><U117/><E117/><V110/><F8/><W57/><AGARI ba="0,2" hai="0,6,10,19,23,27,50,55,57,76,80,84,98,99" machi="57" ten="20,8000,1" yaku="1,1,0,1,7,1,52,2,53,0" doraHai="92" doraHaiUra="43" who="3" fromWho="3" sc="240,-40,250,-20,250,-20,240,100" /><INIT seed="1,0,0,2,4,56" ten="200,230,230,340" oya="1" hai0="21,125,0,19,88,60,108,15,40,75,111,109,50" hai1="23,124,2,48,130,45,92,76,66,106,90,16,1" hai2="68,129,120,73,97,3,14,20,46,85,9,81,17" hai3="114,126,131,100,29,5,65,6,104,118,71,32,82"/><U123/><E123/><V78/><F120/><W116/><G114/><T134/><D75/><U99/><E124/><V113/><F68/><W13/><G126/><T89/><D0/><U51/><E130/><V74/><F129/><W28/><G131/><T96/><D125/><U77/><E106/><V37/><F113/><W94/><G82/><T35/><D35/><U26/><E2/><V31/><F97/><N who="3" m="61455" /><G94/><T127/><D127/><U110/><E1/><V107/><F107/><W91/><G91/><T52/><D134/><U41/><E110/><V44/><F37/><W84/><G84/><T133/><D133/><U7/><E7/><V8/><F3/><W122/><G122/><T24/><D15/><U25/><E66/><V38/><F31/><W95/><G95/><T102/><D40/><U103/><E103/><V80/><F38/><W112/><G112/><T93/><D50/><U43/><E26/><V132/><F132/><W59/><G59/><AGARI ba="0,0" hai="19,21,24,52,59,60,88,89,93,96,102,108,109,111" machi="59" ten="40,8000,1" yaku="14,1,52,1,54,2" doraHai="56" who="0" fromWho="3" sc="200,80,230,0,230,0,340,-80" /><INIT seed="2,0,0,0,4,113" ten="280,230,230,260" oya="2" hai0="39,114,69,46,117,38,129,57,12,118,82,121,2" hai1="15,111,79,95,44,76,16,108,25,41,78,64,135" hai2="122,31,99,19,9,18,0,11,6,77,80,13,54" hai3="84,87,115,5,51,102,21,3,90,94,8,72,110"/><V112/><F112/><W116/><G72/><T119/><D114/><U49/><E135/><V92/><F122/><W88/><G115/><T106/><D69/><U50/><E64/><V85/><F54/><W37/><G37/><T52/><D2/><U35/><E95/><V45/><F45/><W91/><G110/><N who="1" m="42026" /><E35/><V1/><F31/><W107/><G116/><T66/><D106/><U97/><E97/><V32/><F32/><W134/><G134/><T105/><D105/><U23/><E25/><V132/><F132/><W47/><G21/><T20/><D121/><U10/><E23/><V58/><F58/><W14/><G3/><T120/><D120/><U34/><E34/><V17/><REACH who="2" step="1"/><F0/><REACH who="2" ten="280,230,220,260" step="2"/><W81/><G47/><T109/><D109/><U104/><E104/><V67/><F67/><W89/><G51/><AGARI ba="0,1" hai="10,15,16,41,44,49,50,51,76,78,79" m="42026" machi="51" ten="30,2000,0" yaku="14,1,54,1" doraHai="113" who="1" fromWho="3" sc="280,0,230,30,220,0,260,-20" /><INIT seed="3,0,0,2,1,78" ten="280,260,220,240" oya="3" hai0="28,132,61,24,30,109,1,0,31,86,112,27,127" hai1="73,110,64,55,41,51,88,12,118,129,52,57,90" hai2="135,29,48,106,114,43,56,83,134,84,82,94,23" hai3="96,122,34,111,124,14,26,79,107,37,85,13,53"/><W10/><G122/><T75/><D75/><U69/><E73/><V98/><F114/><W44/><G124/><T22/><D127/><U7/><E41/><V115/><F115/><W92/><G107/><T93/><D112/><U95/><E110/><V32/><F32/><W80/><G111/><T60/><D109/><U91/><E129/><V3/><F3/><W116/><G116/><T97/><D86/><U47/><E118/><V21/><F106/><W108/><G108/><T16/><D132/><N who="2" m="50730" /><F29/><N who="0" m="11370" /><D1/><U125/><E125/><V39/><F39/><W67/><G34/><T18/><D0/><U35/><E35/><V4/><F4/><N who="3" m="3271" /><G37/><T130/><D130/><U74/><E74/><V5/><F5/><W99/><G67/><T101/><D27/><U70/><E64/><V36/><F84/><W17/><G26/><T33/><D33/><U102/><E102/><N who="2" m="60759" /><F36/><W121/><G121/><T49/><D49/><N who="1" m="30863" /><E69/><V62/><F43/><W103/><G96/><T131/><D131/><U117/><E70/><V72/><F48/><N who="3" m="28807" /><G14/><T66/><D66/><U45/><E117/><V89/><F89/><W20/><G20/><N who="2" m="7753" /><F72/><W63/><G63/><AGARI ba="0,0" hai="16,18,22,24,31,60,61,63,93,97,101" m="11370" machi="63" ten="30,2000,0" yaku="8,1,54,1" doraHai="78" who="0" fromWho="3" sc="280,20,260,0,220,0,240,-20" owari="300,40.0,260,6.0,220,-18.0,220,-28.0" /></mjloggm>