<mjloggm ver="2.3"><GO type="97" lobby="0"/><UN n0="%72%75%75%72%75%75" n1="%70%69%6E%67%70%6F%6E%67" n2="%E5%B0%B1%E6%B4%BB%E7%94%9F%40%E5%B7%9D%E6%9D%91%E8%BB%8D%E5%9B%A3" n3="%79%61%6E%61%67%69%2D" dan="15,14,14,13" rate="2014.87,1912.98,1971.04,1825.35" sx="M,M,M,M"/><TAIKYOKU oya="0"/><INIT seed="0,0,0,1,4,126" ten="250,250,250,250" oya="0" hai0="27,123,77,61,134,103,128,57,131,50,119,54,33" hai1="19,51,127,46,62,24,107,18,113,69,42,122,94" hai2="88,110,116,81,53,105,9,70,14,16,58,91,17" hai3="98,130,47,85,48,67,41,84,37,71,124,22,68"/><T10/><D119/><U78/><E122/><V86/><F70/><W133/><G124/><T56/><D123/><U35/><E127/><V108/><F116/><W97/><G133/><T55/><D134/><U125/><E125/><V32/><F32/><W115/><G115/><T65/><D77/><U112/><E107/><V74/><F105/><W29/><G37/><T104/><D10/><U0/><E0/><V15/><F74/><W93/><G71/><T66/><D103/><U82/><E94/><V52/><F91/><W72/><G72/><T111/><D111/><N who="2" m="42538" /><F58/><W117/><G117/><T75/><D75/><U106/><E106/><V21/><AGARI ba="0,0" hai="9,14,15,16,17,21,52,53,81,86,88" m="42538" machi="21" ten="30,7900,0" yaku="14,1,54,3" doraHai="126" who="2" fromWho="2" sc="250,-39,250,-20,250,79,250,-20" /><INIT seed="1,0,0,1,1,73" ten="211,230,329,230" oya="1" hai0="20,2,81,123,97,1,31,99,64,30,89,12,125" hai1="62,132,32,100,51,34,66,135,126,38,84,65,69" hai2="9,11,60,76,29,115,47,46,129,22,121,39,72" hai3="104,93,25,130,85,63,120,117,98,108,79,80,86"/><U15/><E126/><V8/><F121/><W127/><G63/><T6/><D123/><U83/><E38/><V71/><F129/><W40/><G40/><T75/><D125/><U102/><E66/><V107/><F107/><W106/><G127/><T28/><D99/><U131/><E131/><V122/><F122/><W27/><G120/><T67/><D2/><U105/><E15/><V78/><F72/><W112/><G130/><T18/><D97/><U113/><E113/><V96/><F39/><W36/><G36/><T45/><D45/><N who="2" m="16906" /><F71/><W55/><G55/><T41/><D41/><U59/><E105/><V77/><F115/><W114/><G117/><T3/><D3/><U57/><E51/><V101/><F60/><W13/><G13/><T110/><D89/><U90/><E69/><V42/><F42/><W16/><G16/><T21/><D64/><U103/><REACH who="1" step="1"/><E57/><REACH who="1" ten="211,220,329,230" step="2"/><V133/><F133/><AGARI ba="0,1" hai="32,34,59,62,65,83,84,90,100,102,103,132,133,135" machi="133" ten="40,12000,1" yaku="1,1,2,1,20,1,53,1" doraHai="73" doraHaiUra="54" who="1" fromWho="2" sc="211,0,220,130,329,-120,230,0" /><INIT seed="1,1,0,1,1,26" ten="211,350,209,230" oya="1" hai0="51,10,36,31,78,123,38,82,29,52,59,89,76" hai1="98,117,28,7,71,77,97,93,67,118,69,68,2" hai2="65,75,111,24,30,124,33,15,133,5,39,40,100" hai3="83,81,9,119,107,84,53,72,32,43,103,101,66"/><U115/><E115/><V58/><F124/><W91/><G32/><T21/><D123/><U27/><E77/><V112/><F112/><W121/><G66/><T55/><D38/><U13/><E2/><V130/><F75/><W70/><G70/><T57/><D36/><U131/><E131/><V56/><F130/><W37/><G121/><T20/><D10/><U128/><E128/><V109/><F133/><W126/><G126/><T54/><D89/><U132/><E132/><V22/><F100/><W8/><G119/><T42/><D42/><U6/><E67/><V104/><F104/><W11/><G107/><T19/><D55/><U61/><E61/><V113/><F113/><W16/><G37/><T127/><D127/><U14/><E93/><V3/><F65/><W46/><G43/><T44/><D44/><U74/><E74/><V125/><F125/><W96/><G96/><N who="1" m="36970" /><E28/><N who="0" m="10825" /><D19/><U95/><E27/><V88/><F40/><W1/><G1/><T79/><D82/><U129/><E95/><V102/><F39/><W60/><G72/><T34/><D34/><U64/><E64/><V45/><F102/><N who="3" m="38923" /><G91/><T35/><D35/><U50/><E50/><AGARI ba="1,0" hai="20,21,50,51,52,54,57,59,76,78,79" m="10825" machi="50" ten="30,8000,1" yaku="8,1,52,3,54,1" doraHai="26" who="0" fromWho="1" sc="211,83,350,-83,209,0,230,0" /><INIT seed="2,0,0,4,2,15" ten="294,267,209,230" oya="2" hai0="31,84,118,80,76,78,87,112,21,71,18,29,93" hai1="114,110,113,97,65,89,33,106,81,133,96,130,101" hai2="119,92,67,48,26,115,95,49,124,75,94,131,51" hai3="108,54,12,102,103,90,10,126,23,3,5,83,69"/><V50/><F119/><W120/><G120/><T14/><D71/><U37/><E37/><V28/><F115/><N who="1" m="44041" /><E33/><V66/><F75/><W41/><G69/><T4/><D118/><U117/><E65/><V47/><F131/><W0/><G126/><T44/><D112/><U9/><E9/><V99/><F124/><W25/><G41/><T74/><D74/><U86/><E117/><V38/><F99/><W77/><G90/><N who="0" m="53447" /><D76/><N who="1" m="46375" /><E130/><V128/><F128/><W135/><G135/><T60/><D60/><U85/><E133/><V20/><REACH who="2" step="1"/><F38/><REACH who="2" ten="294,267,199,230" step="2"/><W62/><G108/><T107/><D107/><U34/><E110/><V63/><F63/><W125/><G125/><T59/><D59/><U64/><E96/><V58/><F58/><W53/><G62/><T122/><D122/><U22/><E97/><V32/><F32/><W134/><G134/><T39/><D39/><U30/><E34/><V52/><AGARI ba="0,1" hai="20,26,28,47,48,49,50,51,52,66,67,92,94,95" machi="52" ten="30,11700,0" yaku="1,1,0,1,8,1,54,1,53,0" doraHai="15" doraHaiUra="111" who="2" fromWho="2" sc="294,-39,267,-39,199,127,230,-39" /><INIT seed="2,1,0,2,0,64" ten="255,228,326,191" oya="2" hai0="37,5,47,68,10,21,101,67,134,55,85,118,49" hai1="125,124,27,99,50,129,36,20,93,6,77,4,60" hai2="130,116,48,62,109,81,58,18,82,107,89,78,3" hai3="114,1,8,32,120,43,46,63,71,16,132,110,97"/><V74/><F107/><W14/><G120/><T29/><D134/><U112/><E112/><V84/><F116/><W33/><G132/><T79/><D118/><U111/><E111/><V34/><F34/><W75/><G75/><T87/><D101/><U94/><E129/><V41/><F109/><W23/><G110/><T13/><D79/><U9/><E36/><V131/><F3/><W57/><G114/><T88/><D37/><U0/><E4/><V122/><F122/><W40/><G71/><T96/><D29/><U69/><E77/><V90/><F90/><W35/><G46/><T51/><D21/><U117/><E117/><V28/><F28/><W61/><G97/><T113/><D113/><U12/><E12/><V123/><F123/><W39/><G39/><T128/><D128/><U45/><E99/><V83/><F83/><W115/><G115/><T42/><D68/><U44/><E50/><V126/><F126/><W102/><G102/><T108/><D67/><U100/><E100/><V135/><F135/><W80/><G80/><T70/><D70/><U76/><E76/><V95/><F81/><W17/><G1/><T133/><D133/><U98/><E98/><V52/><F18/><W119/><G119/><T66/><D66/><N who="1" m="41159" /><E44/><V24/><F24/><W104/><G104/><T91/><D108/><U2/><E45/><N who="2" m="25647" /><F131/><W25/><REACH who="3" step="1"/><G61/><REACH who="3" ten="255,228,326,181" step="2"/><T7/><D96/><U59/><E0/><V26/><F130/><W15/><G15/><T11/><D13/><U105/><E105/><V127/><F26/><W53/><AGARI ba="1,1" hai="8,14,16,17,23,25,32,33,35,40,43,53,57,63" machi="53" ten="30,4000,0" yaku="1,1,0,1,54,1,53,0" doraHai="64" doraHaiUra="103" who="3" fromWho="3" sc="255,-11,228,-11,326,-21,181,53" /><INIT seed="3,0,0,4,1,49" ten="244,217,305,234" oya="3" hai0="6,96,114,12,129,30,28,112,22,111,71,85,67" hai1="36,15,53,51,32,2,125,17,14,72,124,9,0" hai2="58,118,105,57,104,113,10,68,7,108,39,24,109" hai3="18,90,97,50,70,88,100,40,123,132,63,101,66"/><W131/><G123/><T78/><D67/><U79/><E36/><V127/><F113/><N who="0" m="43626" /><D71/><U83/><E32/><V80/><F68/><W16/><G131/><T119/><D129/><U74/><E74/><V45/><F127/><N who="1" m="48713" /><E15/><N who="2" m="5599" /><F80/><W8/><G132/><T54/><D111/><N who="2" m="42570" /><F118/><W35/><G35/><T61/><D96/><U69/><E69/><V3/><F3/><W62/><G62/><T92/><D119/><U44/><AGARI ba="0,0" hai="0,2,9,14,17,44,51,53,72,79,83" m="48713" machi="44" ten="30,2000,0" yaku="18,1,52,1" doraHai="49" who="1" fromWho="1" sc="244,-5,217,20,305,-5,234,-10" owari="239,4.0,237,-16.0,300,40.0,224,-28.0" /></mjloggm>