<mjloggm ver="2.3"><GO type="169" lobby="0"/><UN n0="%E7%AB%B9%E5%B2%A1%E9%89%B1%E5%B1%B1" n1="%E7%A2%BA%E8%AA%8D%E4%BA%8B%E9%A0%85" n2="%EF%BC%A4%EF%BC%B2%EF%BC%AF%EF%BC%B0" n3="%E3%82%A6%E3%83%AB%E3%83%88%E3%83%A9%E7%AB%8B%E7%9B%B4" dan="17,16,16,16" rate="2143.78,2040.38,2075.89,2092.83" sx="M,M,M,M"/><TAIKYOKU oya="0"/><INIT seed="0,0,0,4,3,81" ten="250,250,250,250" oya="0" hai0="100,77,16,50,68,79,23,89,18,19,76,28,107" hai1="14,111,42,71,17,12,15,21,35,33,59,66,30" hai2="97,36,102,131,72,58,78,83,117,20,25,84,32" hai3="125,129,80,96,106,55,34,47,69,122,93,26,63"/><T127/><D68/><U41/><E71/><V70/><F70/><W87/><G125/><T94/><D127/><U128/><E111/><V74/><F131/><W75/><G129/><T31/><D23/><U86/><E128/><V45/><F117/><W90/><G122/><T53/><D100/><U124/><E124/><V65/><F32/><W130/><G130/><T8/><D8/><U37/><E86/><V133/><F133/><W135/><G135/><T67/><D67/><U46/><E41/><V101/><F101/><W121/><G121/><T56/><REACH who="0" step="1"/><D107/><REACH who="0" ten="240,250,250,250" step="2"/><U48/><E33/><V61/><F20/><W13/><G106/><T6/><D6/><U49/><E66/><V43/><F25/><W108/><G69/><T88/><D88/><U103/><E103/><V134/><F134/><W62/><G26/><T123/><D123/><U39/><E35/><V92/><AGARI ba="0,1" hai="36,43,45,58,61,65,72,74,78,83,84,92,97,102" machi="92" ten="20,2700,0" yaku="0,1,7,1,52,1" doraHai="81" who="2" fromWho="2" sc="240,-13,250,-7,250,37,250,-7" /><INIT seed="1,0,0,1,0,59" ten="227,243,287,243" oya="1" hai0="48,29,114,61,46,134,51,117,36,52,132,21,44" hai1="40,55,25,126,118,66,50,54,115,43,58,84,68" hai2="39,103,18,119,37,47,111,27,99,94,87,89,74" hai3="3,97,83,15,104,31,11,4,7,79,135,85,70"/><U67/><E84/><V12/><F119/><W71/><G135/><N who="0" m="51755" /><D29/><U124/><E25/><V81/><F111/><W35/><G7/><T0/><D0/><U130/><E118/><V57/><F27/><W131/><G131/><T77/><D21/><U101/><E101/><V123/><F123/><W93/><G104/><T133/><N who="0" m="51763" /><T42/><DORA hai="26" /><D77/><U2/><E2/><V120/><F120/><W107/><G107/><T56/><D117/><U22/><E22/><V75/><F57/><W1/><G31/><T20/><D20/><U109/><E115/><V9/><REACH who="2" step="1"/><F47/><REACH who="2" ten="227,243,277,243" step="2"/><W102/><G35/><T88/><D114/><U110/><E130/><V98/><F98/><W6/><G15/><T106/><D106/><U13/><E13/><V16/><F16/><W73/><G71/><T41/><D88/><U86/><E58/><V23/><F23/><W116/><G70/><T45/><D46/><U14/><E68/><V63/><F63/><AGARI ba="0,1" hai="36,41,42,44,45,48,51,52,56,61,63" m="51763" machi="63" ten="40,12000,2" yaku="20,1,34,2,52,2,54,1" doraHai="59,26" who="0" fromWho="2" sc="227,130,243,0,277,-120,243,0" /><INIT seed="2,0,0,2,3,28" ten="357,243,157,243" oya="2" hai0="34,92,53,127,81,119,17,9,19,82,73,20,61" hai1="135,24,44,62,8,74,26,123,4,88,122,111,45" hai2="103,56,108,23,30,130,55,93,97,115,57,2,124" hai3="41,131,64,117,16,84,25,59,72,37,5,0,52"/><V67/><F115/><W13/><G72/><T48/><D34/><U14/><E111/><V42/><F2/><W89/><G117/><T91/><D73/><U75/><E135/><V68/><F68/><W126/><G126/><T6/><D61/><U79/><E62/><N who="2" m="38351" /><F124/><W50/><G131/><T90/><D127/><U22/><E75/><V71/><F71/><W40/><G37/><T38/><D38/><U49/><E74/><V101/><F130/><W133/><G133/><T109/><D109/><U78/><E44/><V83/><F108/><W35/><G64/><T11/><D119/><U99/><E78/><V107/><F107/><W116/><G0/><T102/><D102/><U113/><E79/><V54/><F42/><W118/><G118/><T1/><D11/><U39/><E39/><V21/><F103/><W36/><G36/><T27/><D19/><U70/><E70/><V76/><F30/><N who="3" m="19919" /><G5/><T66/><D66/><U86/><E113/><V95/><F95/><N who="3" m="54695" /><G116/><T112/><D112/><U3/><E3/><V85/><F55/><W47/><G47/><T63/><D90/><U106/><E106/><V110/><F110/><W12/><G12/><T121/><D1/><U58/><E45/><V120/><F120/><N who="1" m="46121" /><E58/><V98/><F97/><W33/><G33/><T80/><D121/><U125/><E99/><V43/><F43/><W60/><G60/><AGARI ba="0,0" hai="21,23,54,56,60,76,83,85,93,98,101" m="38351" machi="60" ten="30,1500,0" yaku="8,1" doraHai="28" who="2" fromWho="3" sc="357,0,243,0,157,15,243,-15" /><INIT seed="2,1,0,4,0,13" ten="357,243,172,228" oya="2" hai0="29,23,72,22,11,51,84,109,63,70,47,32,17" hai1="114,42,39,57,41,100,20,9,37,107,61,96,58" hai2="28,122,115,10,89,83,64,93,125,19,8,3,105" hai3="5,97,130,24,88,110,21,102,26,16,49,121,48"/><V103/><F115/><W133/><G121/><T120/><D72/><U34/><E34/><V67/><F122/><W56/><G133/><T124/><D120/><U75/><E114/><V14/><F105/><W134/><G134/><T128/><D32/><U131/><E131/><V111/><F125/><W65/><G130/><T81/><D128/><U87/><E75/><V132/><F132/><W78/><G78/><T129/><D129/><U71/><E9/><V43/><F111/><W54/><G110/><T98/><D98/><U46/><E87/><N who="2" m="50431" /><F3/><W80/><G5/><T44/><D109/><U79/><E79/><V66/><F43/><W106/><G65/><T6/><D29/><U36/><E20/><N who="0" m="7721" /><D70/><U27/><E27/><V69/><F69/><W116/><G116/><T25/><D6/><U52/><E71/><V4/><F28/><W85/><G26/><T82/><D124/><U112/><E112/><V95/><F103/><W30/><G30/><T91/><D25/><U45/><REACH who="1" step="1"/><E58/><REACH who="1" ten="357,233,172,228" step="2"/><V118/><F118/><W119/><G119/><T62/><D11/><U33/><E33/><V53/><F10/><W74/><G74/><T15/><D84/><U68/><E68/><V90/><F4/><W135/><G135/><T0/><D0/><U108/><E108/><V101/><F8/><W126/><G126/><T76/><D76/><U38/><AGARI ba="1,1" hai="36,37,38,39,41,42,45,46,52,57,61,96,100,107" machi="38" ten="20,8000,1" yaku="1,1,0,1,7,1,9,1,54,1,53,0" doraHai="13" doraHaiUra="60" who="1" fromWho="1" sc="357,-21,233,93,172,-41,228,-21" /><INIT seed="3,0,0,0,1,18" ten="336,326,131,207" oya="3" hai0="65,71,100,66,96,44,90,79,118,80,22,33,113" hai1="81,17,21,64,83,52,104,119,121,24,23,109,111" hai2="97,128,29,117,107,55,11,62,25,133,94,78,58" hai3="132,59,16,54,56,112,30,10,46,69,108,82,42"/><W70/><G112/><T75/><D33/><U74/><E121/><V14/><F133/><W7/><G132/><T8/><D118/><U1/><E119/><V135/><F128/><W50/><G108/><N who="1" m="41546" /><E1/><V12/><F135/><W63/><G30/><T92/><D113/><U26/><E74/><V31/><F117/><W105/><G105/><T125/><D125/><U89/><E64/><V131/><F131/><W91/><G59/><T38/><D71/><U27/><E104/><V73/><F107/><W4/><G69/><T88/><D22/><N who="1" m="8203" /><E17/><V61/><F73/><W51/><G51/><T19/><D66/><U93/><E52/><V48/><F55/><W114/><G70/><T122/><D65/><U129/><E129/><V95/><F31/><W60/><G60/><T49/><D38/><U84/><AGARI ba="0,0" hai="24,26,27,81,83,84,89,93" m="8203,41546" machi="84" ten="40,8000,1" yaku="14,1,52,3" doraHai="18" who="1" fromWho="1" sc="336,-20,326,80,131,-20,207,-40" /><INIT seed="4,0,0,2,4,108" ten="316,406,111,167" oya="0" hai0="111,118,53,98,2,48,28,39,19,86,90,67,35" hai1="87,128,45,123,36,101,61,107,42,115,94,119,64" hai2="22,124,85,56,83,8,47,38,71,112,23,30,105" hai3="76,81,75,125,88,120,6,135,40,44,29,12,46"/><T43/><D2/><U14/><E119/><V92/><F71/><W74/><G125/><T72/><D72/><U126/><E123/><V4/><F105/><W121/><G135/><T7/><D118/><U32/><E126/><V93/><F124/><W127/><G127/><T13/><D7/><U27/><E14/><V1/><F112/><W65/><G65/><T69/><D98/><N who="1" m="61879" /><E87/><V0/><F0/><W58/><G58/><N who="0" m="33063" /><D111/><U116/><E94/><V113/><F113/><W122/><G29/><T130/><D130/><U84/><E84/><V17/><F30/><W95/><G74/><T21/><D28/><N who="1" m="19487" /><E116/><V68/><F23/><W80/><G80/><T20/><D35/><U37/><E128/><V59/><F68/><W34/><G34/><T100/><D100/><U62/><E62/><V25/><F93/><W106/><G106/><T97/><D97/><U55/><E55/><V96/><F92/><W26/><G26/><T103/><D103/><U49/><E115/><V51/><F96/><N who="3" m="57447" /><G40/><T104/><D104/><U131/><E131/><V109/><F109/><W63/><G63/><N who="0" m="40191" /><D86/><U70/><AGARI ba="0,0" hai="36,37,42,45,49,61,64,70" m="19487,61879" machi="70" ten="30,1100,0" yaku="25,1" doraHai="108" who="1" fromWho="1" sc="316,-5,406,11,111,-3,167,-3" /><INIT seed="5,0,0,2,1,54" ten="311,417,108,164" oya="1" hai0="133,113,6,2,99,23,67,33,76,22,9,80,103" hai1="48,108,41,43,89,109,81,125,120,74,31,36,85" hai2="10,35,59,39,15,55,70,122,105,132,64,63,121" hai3="7,101,26,29,124,30,93,16,38,69,75,52,49"/><U104/><E120/><V107/><F132/><W50/><G38/><T71/><D133/><U131/><E36/><V115/><F35/><W62/><G75/><T34/><D113/><U53/><E104/><V46/><F115/><W1/><G124/><T32/><D67/><U19/><E31/><N who="3" m="11786" /><G69/><T21/><D71/><U134/><E134/><V18/><F105/><W73/><G7/><T110/><D110/><N who="1" m="42603" /><E131/><V61/><REACH who="2" step="1"/><F107/><REACH who="2" ten="311,417,98,164" step="2"/><W129/><G129/><T91/><D34/><U65/><E125/><V14/><F14/><W27/><G1/><T114/><D114/><U78/><E74/><V130/><F130/><W4/><G73/><T117/><D117/><U58/><E78/><V20/><F20/><N who="3" m="13575" /><G27/><T116/><D116/><U8/><E65/><V86/><F86/><W5/><G62/><T97/><D33/><U92/><E92/><V111/><F111/><W12/><G50/><T3/><D32/><U102/><E48/><V82/><F82/><W77/><G12/><T40/><D2/><U127/><E81/><V13/><F13/><W118/><G77/><T119/><D119/><U44/><E85/><V0/><F0/><W84/><G118/><T45/><D76/><U68/><E127/><V87/><F87/><W88/><G101/><T47/><D103/><U56/><E102/><V128/><F128/><W100/><G100/><T66/><D80/><U60/><E60/><V51/><F51/><W96/><G84/><T25/><D3/><U98/><E8/><V17/><F17/><W90/><G90/><T123/><D9/><U106/><E19/><V94/><F94/><RYUUKYOKU ba="0,1" sc="311,-15,417,-15,98,15,164,15" hai2="10,15,18,39,46,55,59,61,63,64,70,121,122" hai3="4,5,49,52,88,93,96" /><INIT seed="6,1,1,2,0,74" ten="296,402,113,179" oya="2" hai0="83,58,105,118,32,51,9,68,88,3,53,42,23" hai1="4,22,113,101,34,31,90,106,47,96,48,63,67" hai2="107,64,98,8,49,14,28,33,19,36,18,133,75" hai3="115,97,25,134,66,41,20,99,77,0,109,1,110"/><V13/><F36/><W43/><G66/><T69/><D105/><U92/><E4/><V72/><F133/><W37/><G134/><T95/><D32/><U82/><E82/><V117/><F117/><W93/><G93/><T56/><D118/><U81/><E81/><V57/><F28/><W91/><G91/><T2/><D42/><U84/><E22/><V87/><F33/><W85/><G20/><T40/><D40/><U26/><E113/><V24/><F24/><W38/><G25/><T11/><D83/><U78/><E78/><V55/><F64/><W89/><G89/><T125/><D23/><U21/><E21/><V17/><F87/><W86/><G115/><T129/><D51/><U94/><E48/><V29/><F29/><W30/><G30/><T6/><D53/><U46/><E94/><V10/><REACH who="2" step="1"/><F17/><REACH who="2" ten="296,402,103,179" step="2"/><W76/><AGARI ba="1,2" hai="0,1,37,38,41,43,76,77,85,86,97,99,109,110" machi="76" ten="25,8000,1" yaku="0,1,22,2,52,2" doraHai="74" who="3" fromWho="3" sc="296,-21,402,-21,103,-41,179,103" /><INIT seed="7,0,0,0,1,97" ten="275,381,62,282" oya="3" hai0="22,64,108,101,126,17,57,34,29,112,49,85,107" hai1="128,37,53,31,127,58,21,125,45,12,132,51,81" hai2="75,80,134,110,99,39,113,15,93,103,92,63,91" hai3="6,119,42,33,117,28,59,55,50,43,135,38,79"/><W8/><G135/><T7/><D108/><U76/><E132/><V44/><F15/><W131/><G131/><T109/><D109/><U65/><E128/><V78/><F63/><W3/><G79/><T77/><D7/><U52/><E65/><V16/><F16/><W0/><G0/><T13/><D34/><U30/><E12/><V84/><F44/><W115/><G115/><T122/><D122/><U98/><E98/><V10/><F10/><W130/><G130/><T89/><D77/><U121/><E121/><V87/><F39/><W69/><G28/><T4/><D29/><U20/><E20/><V67/><F67/><W118/><G33/><T62/><D112/><U70/><E70/><V32/><F32/><W129/><G129/><T19/><D126/><N who="1" m="48139" /><E21/><V104/><F113/><W124/><G124/><T56/><D107/><U106/><E106/><V41/><F41/><N who="3" m="15371" /><G69/><T23/><D4/><U73/><E37/><V5/><F5/><W66/><G66/><T82/><D49/><AGARI ba="0,0" hai="30,31,45,49,51,52,53,58,73,76,81" m="48139" machi="49" ten="30,2000,0" yaku="18,1,54,1" doraHai="97" who="1" fromWho="0" sc="275,-20,381,20,62,0,282,0" owari="255,-14.0,401,50.0,62,-44.0,282,8.0" /></mjloggm>