<mjloggm ver="2.3"><GO type="41" lobby="0"/><UN n0="%E7%BE%BD%E7%94%9F%E5%85%AB%E5%86%A0" n1="%E5%B0%B1%E6%B4%BB%E7%94%9F%40%E5%B7%9D%E6%9D%91%E8%BB%8D%E5%9B%A3" n2="%E3%83%A0%E3%82%A6%E3%83%9E" n3="%E2%98%86%E7%AB%B9%E4%BA%95%E4%B9%85%E2%98%85" dan="14,15,14,14" rate="1940.07,1996.85,1925.60,1974.95" sx="M,M,F,F"/><TAIKYOKU oya="0"/><INIT seed="0,0,0,1,1,116" ten="250,250,250,250" oya="0" hai0="7,25,49,1,17,125,31,43,108,55,15,54,106" hai1="79,78,81,86,38,2,76,131,88,51,10,104,97" hai2="44,91,134,23,58,67,42,120,77,66,99,80,0" hai3="11,6,28,52,129,13,61,89,122,12,84,35,100"/><T111/><D106/><U107/><E38/><V26/><F0/><W56/><G129/><T32/><D125/><U5/><E131/><V40/><F134/><W41/><G41/><T21/><D43/><U109/><E109/><N who="0" m="42057" /><D49/><U8/><E97/><V119/><F119/><W113/><G113/><T114/><D114/><U71/><E71/><V102/><F91/><W39/><G39/><T124/><D124/><U14/><REACH who="1" step="1"/><E51/><REACH who="1" ten="250,240,250,250" step="2"/><V103/><F99/><W24/><G100/><T101/><D101/><U127/><E127/><V135/><F102/><W36/><G36/><T105/><D105/><U29/><E29/><V45/><F103/><W34/><G34/><T33/><D33/><U123/><E123/><V63/><F120/><W75/><G75/><T64/><D64/><U4/><AGARI ba="0,1" hai="2,4,5,8,10,14,76,78,79,81,86,88,104,107" machi="4" ten="30,4000,0" yaku="1,1,0,1,54,1,53,0" doraHai="116" doraHaiUra="121" who="1" fromWho="1" sc="250,-20,240,50,250,-10,250,-10" /><INIT seed="1,0,0,4,5,128" ten="230,290,240,240" oya="1" hai0="89,60,35,56,99,33,49,79,15,36,66,94,111" hai1="6,8,120,113,53,37,125,11,29,88,34,124,75" hai2="129,26,39,54,118,96,68,59,45,91,95,71,57" hai3="25,134,131,47,63,100,18,9,40,87,86,24,32"/><U78/><E37/><V97/><F129/><W84/><G131/><T109/><D36/><U62/><E120/><V21/><F118/><W114/><G114/><T121/><D121/><U44/><E113/><V122/><F122/><W64/><G32/><T27/><D79/><U72/><E34/><V90/><F39/><W48/><G100/><T126/><D126/><N who="1" m="48747" /><E29/><V70/><F45/><W102/><G102/><T123/><D123/><U58/><E78/><V50/><F59/><N who="3" m="36991" /><G134/><T31/><D35/><U82/><E44/><V101/><REACH who="2" step="1"/><F97/><REACH who="2" ten="230,290,230,240" step="2"/><W46/><G47/><T14/><REACH who="0" step="1"/><D49/><REACH who="0" ten="220,290,230,240" step="2"/><N who="1" m="31023" /><E72/><V81/><F81/><W73/><G73/><T92/><D92/><U20/><E75/><V38/><F38/><W104/><G104/><T28/><D28/><AGARI ba="0,2" hai="21,26,28,50,54,57,68,70,71,90,91,95,96,101" machi="28" ten="40,1300,0" yaku="1,1,53,0" doraHai="128" doraHaiUra="2" who="2" fromWho="0" sc="220,-13,290,0,230,33,240,0" /><INIT seed="2,0,0,3,2,48" ten="207,290,263,240" oya="2" hai0="116,30,129,98,134,70,108,69,95,6,49,54,66" hai1="16,45,7,44,52,29,68,81,83,104,26,103,15" hai2="41,61,33,9,47,131,105,82,53,122,43,0,71" hai3="40,132,75,85,110,90,13,19,38,73,62,31,17"/><V65/><F122/><W106/><G106/><T55/><D129/><U67/><E7/><V10/><F105/><W118/><G118/><T112/><D116/><U121/><E121/><V119/><F119/><W24/><G38/><T11/><D112/><U27/><E68/><V124/><F33/><W63/><G40/><T35/><D134/><U86/><E67/><V88/><F131/><W34/><G132/><T113/><D113/><U37/><E104/><V114/><F114/><W89/><G85/><T42/><D108/><U117/><E103/><V107/><F107/><W91/><G110/><T74/><D74/><U93/><E37/><V101/><F101/><W111/><G111/><T28/><D42/><U125/><E125/><V80/><F124/><W76/><G76/><T94/><D66/><U102/><E44/><V100/><F100/><W58/><G13/><T99/><D49/><N who="1" m="28719" /><E29/><V50/><F0/><W2/><G2/><T4/><D11/><N who="1" m="6271" /><E117/><V115/><F115/><W123/><G31/><T57/><REACH who="0" step="1"/><D57/><REACH who="0" ten="197,290,263,240" step="2"/><U20/><E20/><V23/><F23/><W128/><G58/><T5/><D5/><U133/><E133/><V87/><F41/><W109/><G128/><T46/><D46/><U14/><E14/><V72/><REACH who="2" step="1"/><F43/><REACH who="2" ten="197,290,253,240" step="2"/><W18/><G109/><T36/><D36/><U51/><E102/><V120/><F120/><W97/><G123/><T78/><D78/><AGARI ba="0,2" hai="9,10,47,50,53,61,65,71,72,78,80,82,87,88" machi="78" ten="40,7700,0" yaku="1,1,52,1,54,1,53,0" doraHai="48" doraHaiUra="126" who="2" fromWho="0" sc="197,-77,290,0,253,97,240,0" /><INIT seed="2,1,0,0,5,7" ten="120,290,350,240" oya="2" hai0="9,77,94,81,66,85,2,90,82,117,25,63,91" hai1="39,86,67,20,53,12,76,37,31,116,72,106,19" hai2="123,54,15,14,30,108,38,80,128,130,74,18,3" hai3="62,61,23,126,96,101,92,46,107,109,87,43,41"/><V115/><F38/><W89/><G109/><T1/><D117/><U51/><E116/><V59/><F3/><W127/><G23/><T36/><D36/><U129/><E106/><V124/><F123/><W24/><G24/><T5/><D82/><U34/><E129/><V16/><F115/><W119/><G119/><T21/><D2/><U49/><E72/><V88/><F30/><W71/><G41/><T22/><D90/><U97/><E67/><V111/><F124/><N who="3" m="47659" /><G71/><T121/><D121/><U8/><E34/><V122/><F122/><W134/><G134/><T133/><D133/><U98/><E39/><AGARI ba="1,0" hai="39,43,46,61,62,87,89,92,96,101,107" m="47659" machi="39" ten="30,1000,0" yaku="18,1" doraHai="7" who="3" fromWho="1" sc="120,0,290,-13,350,0,240,13" /><INIT seed="3,0,0,0,1,30" ten="120,277,350,253" oya="3" hai0="60,58,20,76,47,62,118,83,102,113,77,116,66" hai1="128,2,65,125,110,132,124,117,34,1,6,122,59" hai2="48,24,135,44,71,46,98,89,123,25,22,32,115" hai3="93,134,108,0,41,99,120,45,56,36,67,90,18"/><W69/><G120/><T39/><D113/><U78/><E122/><V85/><F71/><W63/><G134/><T73/><D77/><U126/><E117/><V21/><F115/><W109/><G0/><T107/><D60/><N who="1" m="38047" /><E132/><V133/><F123/><W5/><G5/><T40/><D102/><U127/><E128/><V94/><F98/><W17/><REACH who="3" step="1"/><G69/><REACH who="3" ten="120,277,350,243" step="2"/><T100/><REACH who="0" step="1"/><D20/><REACH who="0" ten="110,277,350,243" step="2"/><U49/><E127/><V119/><F22/><W64/><G64/><T106/><D106/><U14/><E126/><V19/><F133/><W12/><G12/><T33/><D33/><U11/><E34/><V27/><F135/><W131/><G131/><T81/><D81/><U112/><E14/><V29/><F119/><W86/><G86/><T111/><D111/><AGARI ba="0,2" hai="17,18,36,41,45,56,63,67,90,93,99,108,109,111" machi="111" ten="40,12000,1" yaku="1,1,14,1,10,1,53,2" doraHai="30" doraHaiUra="13" who="3" fromWho="0" sc="110,-120,277,0,350,0,243,140" owari="-10,-51.0,277,-12.0,350,15.0,383,48.0" /></mjloggm>