<mjloggm ver="2.3"><GO type="169" lobby="0"/><UN n0="%D0%A1%E3%82%AB%E3%83%83%E3%83%97%E5%A4%A7%E9%96%A2" n1="%43%48%49%52%4F%52%55" n2="%E5%B0%B1%E6%B4%BB%E7%94%9F%40%E5%B7%9D%E6%9D%91%E8%BB%8D%E5%9B%A3" n3="%E2%98%86%EF%BC%B2%EF%BC%8E%EF%BC%A4%EF%BC%8E%E2%98%85" dan="16,17,16,16" rate="2079.18,2125.09,2115.83,2057.57" sx="M,M,M,M"/><TAIKYOKU oya="0"/><INIT seed="0,0,0,4,4,57" ten="250,250,250,250" oya="0" hai0="68,60,0,109,66,67,8,111,121,112,127,49,54" hai1="18,128,45,92,35,106,86,93,43,34,40,42,27" hai2="116,25,77,124,72,64,55,110,98,123,94,103,88" hai3="24,76,120,91,125,29,114,10,38,15,85,104,5"/><T133/><D121/><U19/><E106/><V9/><F123/><W31/><G114/><T2/><D112/><U1/><E1/><V73/><F124/><W28/><G120/><T11/><D127/><U44/><E86/><V100/><F110/><N who="0" m="41994" /><D133/><U46/><E128/><V122/><F122/><W80/><G125/><T90/><D90/><U108/><E108/><V50/><F64/><W131/><G131/><T39/><D39/><U132/><E132/><V101/><F77/><W130/><G130/><T59/><D67/><U105/><E105/><V62/><F116/><W81/><G104/><T75/><D75/><U21/><REACH who="1" step="1"/><E18/><REACH who="1" ten="250,240,250,250" step="2"/><V70/><F73/><W74/><REACH who="3" step="1"/><G38/><REACH who="3" ten="250,240,250,240" step="2"/><T63/><D2/><U32/><AGARI ba="0,2" hai="19,21,27,32,34,35,40,42,43,44,45,46,92,93" machi="32" ten="40,12000,2" yaku="1,1,2,1,0,1,29,2,53,1" doraHai="57" doraHaiUra="17" who="1" fromWho="1" sc="250,-60,240,140,250,-30,240,-30" /><INIT seed="1,0,0,2,2,80" ten="190,380,220,210" oya="1" hai0="2,104,133,43,74,63,86,83,117,87,71,23,131" hai1="54,120,59,22,123,118,31,89,64,112,24,38,29" hai2="26,52,115,9,30,79,21,73,98,69,65,6,109" hai3="53,95,111,19,51,15,82,8,77,107,105,57,33"/><U76/><E112/><V114/><F69/><W127/><G111/><T12/><D117/><U113/><E113/><N who="2" m="43019" /><F65/><W125/><G33/><T116/><D2/><U108/><E118/><V130/><F130/><W40/><G40/><T35/><D35/><U50/><E38/><V10/><F109/><W122/><G122/><T1/><D1/><U100/><E108/><V67/><F67/><W85/><REACH who="3" step="1"/><G95/><REACH who="3" ten="190,380,220,200" step="2"/><T96/><D43/><U55/><E123/><V56/><F73/><W135/><G135/><T70/><D74/><U28/><E120/><V34/><F34/><W132/><G132/><T47/><D133/><U106/><E106/><AGARI ba="0,1" hai="8,15,19,51,53,57,77,82,85,105,106,107,125,127" machi="106" ten="40,5200,0" yaku="1,1,52,1,53,1" doraHai="80" doraHaiUra="81" who="3" fromWho="1" sc="190,0,380,-52,220,0,200,62" /><INIT seed="2,0,0,3,2,129" ten="190,328,220,262" oya="2" hai0="104,85,55,5,89,7,109,123,63,82,76,1,26" hai1="67,95,105,125,50,111,31,133,47,107,81,8,101" hai2="65,9,72,130,56,46,110,33,52,128,11,29,45" hai3="32,120,24,90,30,92,53,25,19,34,16,119,114"/><V49/><F72/><W51/><G119/><T94/><D123/><U75/><E67/><V64/><F33/><W40/><G120/><T48/><D104/><U61/><E61/><V124/><F29/><W112/><G40/><T74/><D109/><U113/><E111/><V15/><F110/><W135/><G135/><T134/><D1/><U14/><E133/><V118/><F118/><W22/><G32/><T21/><D63/><U80/><E31/><V20/><F124/><W122/><G122/><T78/><D78/><U36/><E36/><V126/><F126/><W23/><G34/><T108/><D108/><U35/><E35/><V57/><F20/><W77/><G77/><T4/><D134/><U13/><E113/><V97/><F97/><W41/><G41/><T69/><D69/><U27/><E27/><V100/><F100/><W73/><G73/><T60/><D60/><U70/><E70/><V10/><F15/><W68/><G68/><T83/><D83/><U2/><E2/><V54/><F11/><W127/><G30/><T103/><D103/><U99/><E14/><V38/><REACH who="2" step="1"/><F49/><REACH who="2" ten="190,328,210,262" step="2"/><W42/><G127/><T0/><D0/><U91/><E125/><V79/><F79/><W116/><G116/><T3/><D3/><U71/><E75/><V93/><F93/><W43/><G112/><T131/><D131/><U86/><E107/><V17/><F17/><W59/><G114/><T44/><D4/><U102/><E102/><V66/><F66/><W106/><G106/><T115/><D115/><U62/><E101/><V39/><AGARI ba="0,1" hai="9,10,38,39,45,46,52,54,56,57,64,65,128,130" machi="39" ten="25,12000,1" yaku="1,1,0,1,22,2,54,1,53,0" doraHai="129" doraHaiUra="132" who="2" fromWho="2" sc="190,-40,328,-40,210,130,262,-40" /><INIT seed="2,1,0,4,4,26" ten="150,288,340,222" oya="2" hai0="87,5,64,122,94,41,39,52,85,75,96,20,8" hai1="123,126,88,82,132,19,105,40,53,131,43,27,134" hai2="36,59,30,119,110,106,103,7,108,120,24,21,91" hai3="127,31,33,61,83,68,4,104,70,86,111,135,65"/><V22/><F36/><W73/><G111/><N who="2" m="42537" /><F120/><W35/><G73/><T9/><D75/><U77/><E105/><V89/><F119/><W10/><G135/><N who="1" m="51754" /><E131/><V133/><F133/><W72/><G127/><T100/><D64/><U81/><E126/><V121/><F7/><W93/><G104/><T113/><D113/><U114/><E114/><V84/><F121/><W32/><G93/><T14/><D122/><U51/><E82/><N who="2" m="49303" /><F59/><W112/><G72/><T99/><D96/><U46/><E123/><V17/><F91/><W129/><G129/><T101/><D101/><U54/><E88/><V130/><F130/><W18/><G112/><T80/><D41/><U15/><E43/><V11/><F11/><W79/><G70/><T45/><D39/><U78/><E78/><V109/><F109/><W67/><G67/><T66/><D66/><U97/><E77/><V69/><F69/><W55/><G55/><T48/><D8/><U71/><E54/><V57/><F57/><W44/><G44/><T102/><D102/><U37/><E53/><V118/><F118/><W107/><G4/><T115/><D115/><U117/><E71/><V12/><F106/><W50/><G107/><T92/><D94/><U3/><E37/><V74/><F103/><W0/><G10/><T47/><D45/><U124/><E46/><V42/><F74/><W62/><G68/><T13/><D80/><U38/><E81/><V95/><F42/><W128/><G128/><T49/><D49/><U29/><E51/><V60/><F95/><W1/><G50/><T34/><D34/><N who="3" m="13417" /><G83/><T28/><D92/><RYUUKYOKU ba="1,0" sc="150,-10,288,-10,340,30,222,-10" hai2="12,17,21,22,24,30,60" /><INIT seed="2,2,0,0,3,24" ten="140,278,370,212" oya="2" hai0="30,123,128,61,98,71,17,19,9,37,63,44,12" hai1="124,107,102,60,68,40,111,115,88,70,31,20,84" hai2="91,27,95,25,50,125,93,112,32,1,94,78,22" hai3="89,122,92,49,79,58,83,77,116,108,42,15,13"/><V8/><F112/><W33/><G108/><T104/><D123/><U36/><E115/><V10/><F125/><W120/><G116/><T96/><D128/><U43/><E111/><V45/><F78/><W23/><G33/><T69/><D37/><U26/><E124/><V11/><F1/><W106/><G106/><T18/><D104/><U81/><E36/><V73/><F73/><W65/><G122/><T87/><D44/><U76/><E102/><V29/><F91/><W41/><G120/><T90/><D69/><U72/><E107/><V130/><F130/><W85/><G79/><T5/><D71/><U113/><E70/><V62/><F62/><N who="0" m="23562" /><D30/><U6/><E6/><V103/><F103/><W54/><G65/><T132/><D132/><U119/><E119/><V28/><REACH who="2" step="1"/><F11/><REACH who="2" ten="140,278,360,212" step="2"/><W67/><G77/><T100/><D100/><U2/><E2/><V118/><F118/><W64/><G89/><T109/><D109/><U47/><E113/><V75/><F75/><W3/><G3/><T53/><D53/><AGARI ba="2,1" hai="8,10,22,25,27,28,29,32,45,50,53,93,94,95" machi="53" ten="40,7700,0" yaku="1,1,52,2,53,0" doraHai="24" doraHaiUra="56" who="2" fromWho="0" sc="140,-83,278,0,360,93,212,0" /><INIT seed="2,3,0,1,5,104" ten="57,278,453,212" oya="2" hai0="84,74,113,5,7,25,100,40,58,122,45,94,102" hai1="46,53,108,98,101,91,117,90,42,38,57,0,34" hai2="80,73,128,31,11,133,30,8,18,114,99,96,92" hai3="32,121,2,61,135,23,118,20,29,116,4,55,14"/><V6/><F114/><W82/><G82/><T35/><D113/><U26/><E0/><V43/><F43/><W62/><G55/><T24/><D122/><U9/><E117/><V115/><F115/><W15/><G61/><T12/><D35/><U27/><E9/><V131/><F133/><W87/><G87/><T67/><D74/><U110/><E91/><V63/><F63/><W68/><G62/><N who="0" m="38359" /><D12/><N who="3" m="4649" /><G68/><T107/><D107/><N who="1" m="63927" /><E90/><V86/><F18/><W17/><G121/><T109/><D109/><N who="1" m="42091" /><E34/><V106/><F73/><W75/><G75/><T50/><D84/><U79/><E79/><V81/><F106/><W39/><G39/><T126/><D126/><U49/><AGARI ba="3,0" hai="26,27,38,42,46,49,53,57" m="42091,63927" machi="49" ten="30,1100,0" yaku="14,1" doraHai="104" who="1" fromWho="1" sc="57,-6,278,20,453,-8,212,-6" /><INIT seed="3,0,0,4,3,93" ten="51,298,445,206" oya="3" hai0="105,97,35,16,68,110,129,88,79,64,107,67,130" hai1="20,61,78,40,86,106,58,94,131,112,95,109,7" hai2="71,15,12,45,27,108,30,66,69,36,29,133,0" hai3="46,116,81,63,41,42,70,119,73,53,113,6,62"/><W76/><G113/><T121/><D35/><U89/><E106/><V92/><F108/><W5/><G70/><T26/><D121/><U4/><E109/><V128/><F0/><W18/><G18/><T56/><D110/><U10/><E131/><N who="0" m="50185" /><D68/><U84/><E112/><V85/><F36/><W90/><G41/><T72/><D72/><U59/><E40/><V101/><F45/><W31/><G31/><T135/><D79/><U43/><E43/><V17/><F17/><W120/><G120/><T22/><D135/><U100/><E20/><V80/><F27/><W65/><G90/><T126/><D126/><U11/><E100/><V125/><F66/><N who="0" m="25130" /><D56/><U48/><E78/><V104/><F125/><W98/><G65/><T2/><D2/><U115/><E115/><V3/><F3/><W25/><G42/><T91/><D107/><U134/><E89/><V103/><F104/><W82/><G73/><T96/><D96/><U52/><E134/><V14/><F133/><W50/><G98/><T111/><D111/><U74/><E74/><V102/><F128/><W44/><G76/><T87/><D87/><U23/><E86/><V32/><F32/><W1/><G1/><T28/><D28/><N who="2" m="10858" /><F71/><W77/><G77/><T33/><D33/><U21/><E84/><V51/><F69/><W49/><G25/><T124/><D124/><U132/><E132/><V34/><F34/><W47/><G47/><T83/><D83/><U39/><E39/><V114/><F114/><W99/><G99/><T13/><D26/><U8/><E58/><V19/><F85/><W127/><G127/><RYUUKYOKU ba="0,0" sc="51,15,298,-15,445,-15,206,15" hai0="13,16,22,88,91,97,105" hai3="5,6,44,46,49,50,53,62,63,81,82,116,119" /><INIT seed="3,1,0,3,4,73" ten="66,283,430,221" oya="3" hai0="100,105,135,28,117,76,9,57,112,65,1,66,63" hai1="15,81,129,122,96,134,21,128,87,59,34,131,94" hai2="36,71,68,95,83,22,67,60,126,92,103,72,69" hai3="62,106,58,46,82,20,30,78,41,77,52,109,91"/><W13/><G106/><T61/><D117/><U116/><E122/><V55/><F36/><W90/><G109/><T119/><D119/><U89/><E116/><V42/><F126/><W45/><G82/><T133/><D112/><U40/><E34/><V107/><F42/><W27/><G13/><T104/><D28/><U114/><E114/><V24/><F55/><W56/><G56/><T120/><D120/><U123/><E123/><V5/><F5/><W86/><G46/><T38/><D38/><U110/><E110/><V17/><F107/><W10/><G10/><T124/><D124/><U125/><E125/><V130/><F130/><W79/><REACH who="3" step="1"/><G86/><REACH who="3" ten="66,283,430,211" step="2"/><T32/><D9/><U39/><E59/><V3/><F83/><W11/><G11/><T26/><D57/><U64/><E81/><V97/><F72/><W47/><G47/><T25/><D1/><U88/><E87/><V50/><F3/><W102/><G102/><T75/><D75/><U93/><E15/><V74/><F74/><W0/><G0/><T84/><D84/><U108/><E108/><V23/><F71/><W44/><G44/><T49/><D100/><U121/><E129/><V31/><F69/><W101/><G101/><T113/><D113/><U16/><E128/><V127/><F127/><W115/><G115/><T12/><D12/><U33/><E131/><V51/><F92/><W18/><G18/><T132/><D132/><U6/><E16/><V35/><F17/><W4/><G4/><T53/><D135/><U98/><E134/><V80/><F80/><W118/><G118/><T99/><D133/><RYUUKYOKU ba="1,1" sc="66,-15,283,-15,430,15,211,15" hai2="22,23,24,31,35,50,51,60,67,68,95,97,103" hai3="20,27,30,41,45,52,58,62,77,78,79,90,91" /><INIT seed="3,2,1,0,2,0" ten="51,268,445,226" oya="3" hai0="45,83,44,64,65,69,60,131,1,90,123,14,42" hai1="72,99,54,46,34,33,133,43,95,82,78,126,117" hai2="57,81,85,28,29,128,15,27,61,68,23,118,127" hai3="2,8,6,129,13,132,25,80,56,41,77,62,4"/><W55/><G132/><T38/><D1/><U10/><E133/><V96/><F127/><W116/><G116/><T3/><D3/><U36/><E126/><V40/><F128/><W35/><G129/><T84/><D123/><U86/><E117/><V59/><F118/><W111/><G111/><T87/><D131/><U11/><E86/><V122/><F68/><W113/><G113/><T79/><D65/><U91/><REACH who="1" step="1"/><E54/><REACH who="1" ten="51,258,445,226" step="2"/><V39/><F85/><W26/><G41/><T108/><D108/><U7/><E7/><V74/><F40/><W18/><G2/><T94/><D42/><U76/><E76/><V20/><F74/><W47/><G35/><AGARI ba="2,2" hai="10,11,33,34,35,36,43,46,72,78,82,91,95,99" machi="35" ten="40,1300,0" yaku="1,1,53,0" doraHai="0" doraHaiUra="110" who="1" fromWho="3" sc="51,0,258,39,445,0,226,-19" /><INIT seed="4,0,0,2,0,15" ten="51,297,445,207" oya="0" hai0="75,98,21,13,59,81,103,102,1,16,62,107,24" hai1="89,128,6,84,126,114,22,135,35,0,61,122,52" hai2="105,5,3,41,116,27,118,78,7,60,40,17,133" hai3="53,80,32,131,38,79,12,108,14,109,96,20,90"/><T72/><D1/><U101/><E122/><V8/><F105/><W77/><G32/><T2/><D2/><U124/><E35/><V97/><F7/><W70/><G70/><T23/><D102/><U121/><E121/><V37/><F133/><W31/><G38/><T94/><D107/><U88/><E135/><V110/><F37/><W68/><G68/><T64/><REACH who="0" step="1"/><D81/><REACH who="0" ten="41,297,445,207" step="2"/><N who="1" m="49167" /><E101/><V19/><F3/><W85/><G80/><T132/><D132/><U10/><E0/><V57/><F116/><W25/><G109/><T117/><D117/><U30/><E124/><V113/><F110/><W91/><G108/><T111/><D111/><U134/><E126/><V39/><F118/><W83/><G83/><T43/><D43/><U69/><E134/><V34/><F41/><W112/><G112/><T67/><D67/><U71/><E114/><V86/><F40/><W125/><G125/><T127/><D127/><U33/><E128/><V51/><F113/><W11/><G53/><T26/><D26/><U47/><E52/><V73/><F27/><W65/><G25/><T104/><D104/><U87/><E33/><V130/><F34/><W99/><G65/><T120/><D120/><U29/><E29/><AGARI ba="0,1" hai="13,16,21,23,24,29,59,62,64,72,75,94,98,103" machi="29" ten="30,18000,2" yaku="1,1,7,1,25,2,52,1,54,1,53,0" doraHai="15" doraHaiUra="129" who="0" fromWho="1" sc="41,190,297,-180,445,0,207,0" /><INIT seed="4,1,0,3,1,18" ten="231,117,445,207" oya="0" hai0="96,130,57,108,72,81,71,113,10,85,24,9,30" hai1="111,103,5,63,119,124,38,27,97,101,48,20,8" hai2="50,7,67,70,135,92,14,37,106,65,28,62,83" hai3="11,22,122,53,74,131,88,98,86,36,117,79,89"/><T76/><D71/><U110/><E38/><V95/><F106/><W61/><G117/><T134/><D113/><U77/><E119/><V31/><F37/><W21/><G36/><T54/><D134/><U128/><E124/><V46/><F135/><W26/><G131/><T15/><D130/><U107/><E128/><V104/><F104/><W109/><G109/><T13/><D108/><U32/><E101/><V132/><F83/><N who="3" m="47487" /><G74/><T17/><D72/><U115/><E115/><V114/><F70/><W59/><G122/><T127/><D127/><U75/><E48/><V34/><F34/><W0/><G0/><T99/><D24/><U91/><E32/><V73/><F73/><W93/><G11/><T68/><D30/><N who="2" m="11306" /><F62/><W33/><G33/><T129/><D129/><U47/><E47/><V49/><F49/><W66/><G66/><N who="2" m="25097" /><F132/><W42/><G42/><T69/><D69/><U112/><E63/><V78/><F78/><W123/><G123/><T16/><D68/><U105/><E105/><V64/><F64/><W60/><G26/><T23/><D9/><U25/><E25/><V29/><F29/><W44/><G44/><T4/><D4/><U90/><E112/><V56/><F56/><N who="3" m="34831" /><G89/><T40/><D40/><U12/><E90/><V41/><F114/><W118/><G118/><T87/><D87/><U84/><E77/><V121/><F121/><W94/><G94/><T35/><D35/><U52/><E75/><V80/><F80/><W3/><G3/><T6/><D6/><U116/><E116/><V51/><F51/><AGARI ba="1,0" hai="10,13,15,16,17,23,51,54,57,76,81,85,96,99" machi="51" ten="30,11600,0" yaku="7,1,8,1,52,1,54,1" doraHai="18" who="0" fromWho="2" sc="231,119,117,0,445,-119,207,0" /><INIT seed="4,2,0,4,0,75" ten="350,117,326,207" oya="0" hai0="57,68,99,31,39,81,40,115,62,61,27,46,70" hai1="23,12,122,93,66,104,117,14,1,97,38,79,9" hai2="105,35,19,67,4,119,2,102,91,132,110,113,48" hai3="52,118,51,20,60,100,55,78,5,36,34,128,65"/><T3/><D3/><U121/><E104/><V28/><F91/><W74/><G34/><T83/><D115/><U42/><E117/><V111/><F48/><W49/><G118/><T25/><D99/><U112/><E66/><V47/><F67/><W16/><G36/><T131/><D131/><U54/><E1/><V7/><F47/><N who="3" m="27711" /><G74/><T124/><D124/><U6/><E112/><V59/><F59/><N who="3" m="37023" /><G128/><T84/><D81/><U24/><E14/><V37/><F102/><W44/><G5/><T21/><D27/><U135/><E135/><V89/><F89/><W26/><G100/><T116/><D116/><U73/><E54/><V63/><F63/><W53/><G78/><T69/><REACH who="0" step="1"/><D57/><REACH who="0" ten="340,117,326,207" step="2"/><U133/><E24/><N who="2" m="18823" /><F2/><W10/><G10/><T134/><D134/><U85/><E133/><V94/><F132/><W96/><G96/><T29/><D29/><U77/><E97/><V11/><F113/><W95/><G95/><T8/><D8/><U33/><E9/><V109/><F94/><W58/><G58/><T130/><D130/><U22/><E93/><V101/><F105/><W98/><G98/><T90/><AGARI ba="2,1" hai="21,25,31,39,40,46,61,62,68,69,70,83,84,90" machi="90" ten="30,3000,0" yaku="1,1,0,1,53,0" doraHai="75" doraHaiUra="108" who="0" fromWho="0" sc="340,46,117,-12,326,-12,207,-12" /><INIT seed="4,3,0,4,2,16" ten="386,105,314,195" oya="0" hai0="100,35,50,17,106,31,52,7,129,110,51,93,113" hai1="26,9,117,20,73,90,94,21,42,92,10,86,101" hai2="82,8,121,30,125,108,28,115,127,79,91,112,69" hai3="65,97,105,74,132,62,85,133,81,83,128,3,46"/><T70/><D106/><U49/><E73/><V33/><F69/><W36/><G3/><T130/><D70/><U103/><E117/><V11/><F121/><W58/><G128/><N who="0" m="49259" /><D7/><U40/><E49/><V123/><F123/><W32/><G32/><T76/><D113/><N who="2" m="43594" /><F91/><W75/><G36/><T71/><D71/><U80/><E80/><N who="3" m="30794" /><G85/><T23/><D110/><U78/><E26/><N who="2" m="18583" /><F30/><W13/><G13/><T120/><D76/><U0/><E86/><N who="2" m="48479" /><F108/><W89/><G46/><T72/><D72/><U111/><E78/><V63/><F63/><W12/><G89/><T124/><D124/><AGARI ba="3,0" hai="8,11,124,125,127" m="48479,18583,43594" machi="124" ten="30,2000,0" yaku="18,1,15,1" doraHai="16" who="2" fromWho="0" sc="386,-29,105,0,314,29,195,0" /><INIT seed="5,0,0,1,0,71" ten="357,105,343,195" oya="1" hai0="22,17,118,132,110,9,34,40,126,131,25,2,82" hai1="115,109,39,105,96,125,58,75,62,90,16,19,59" hai2="122,38,32,0,108,128,42,130,135,86,93,21,49" hai3="51,123,60,23,35,72,27,66,134,88,57,95,28"/><U113/><E75/><V73/><F32/><W54/><G123/><T80/><D110/><U33/><E33/><V55/><F73/><W117/><G134/><T20/><D118/><U124/><E109/><V103/><F0/><W92/><G117/><T85/><D132/><U63/><E90/><N who="2" m="53463" /><F103/><W36/><G36/><T56/><D34/><U119/><E119/><V77/><F77/><W70/><G72/><T5/><D126/><N who="1" m="48747" /><E39/><V99/><F99/><W11/><G11/><T53/><D131/><N who="2" m="50218" /><F108/><W94/><REACH who="3" step="1"/><G35/><REACH who="3" ten="357,105,343,185" step="2"/><T98/><D9/><U121/><E121/><V50/><F38/><W112/><G112/><N who="1" m="43082" /><E105/><V106/><F106/><W127/><G127/><T46/><D2/><U48/><E48/><V97/><F50/><W91/><AGARI ba="0,1" hai="23,27,28,51,54,57,60,66,70,88,91,92,94,95" machi="91" ten="30,4000,0" yaku="1,1,0,1,54,1,53,0" doraHai="71" doraHaiUra="4" who="3" fromWho="3" sc="357,-10,105,-20,343,-10,185,50" /><INIT seed="6,0,0,4,0,4" ten="347,85,333,235" oya="2" hai0="51,86,5,108,59,79,87,34,98,7,27,33,106" hai1="54,78,57,77,124,61,126,37,99,28,0,134,32" hai2="45,67,2,101,132,56,133,29,43,85,14,66,63" hai3="20,97,127,42,30,74,44,130,58,53,64,13,107"/><V1/><F29/><W52/><G74/><T70/><D70/><U104/><E37/><V62/><F101/><W60/><G127/><T9/><D108/><U131/><E32/><V76/><F85/><W55/><G130/><T21/><D5/><U8/><E28/><V35/><F35/><W31/><G107/><T48/><D34/><U18/><E131/><V6/><F76/><W12/><G97/><T82/><D33/><U68/><E134/><N who="2" m="51819" /><F14/><N who="3" m="5739" /><G20/><T102/><D59/><U109/><E109/><V36/><F6/><W26/><G26/><T89/><D21/><U112/><E112/><V3/><F3/><W120/><G120/><T129/><D129/><U71/><E104/><V96/><F96/><W114/><G114/><T23/><D9/><U40/><E99/><V103/><F103/><W24/><G24/><T113/><D7/><N who="1" m="1127" /><E18/><V50/><F36/><W47/><G30/><T81/><D113/><U88/><E78/><V46/><F46/><W123/><G44/><T95/><REACH who="0" step="1"/><D106/><REACH who="0" ten="337,85,333,235" step="2"/><U75/><E126/><V91/><F2/><W22/><G123/><T17/><AGARI ba="0,1" hai="17,23,27,48,51,79,81,82,86,87,89,95,98,102" machi="17" ten="20,8000,1" yaku="1,1,2,1,0,1,7,1,8,1,53,0" doraHai="4" doraHaiUra="65" who="0" fromWho="0" sc="337,90,85,-20,333,-40,235,-20" /><INIT seed="7,0,0,3,4,31" ten="427,65,293,215" oya="3" hai0="131,12,11,28,124,76,2,37,85,45,17,8,24" hai1="128,118,38,67,75,109,48,88,41,134,23,80,39" hai2="125,51,29,64,81,63,1,112,14,69,103,10,57" hai3="22,104,106,93,60,27,122,43,32,61,70,26,114"/><W117/><G122/><T107/><D107/><U116/><E23/><V44/><F1/><W84/><G117/><T62/><D124/><U4/><E80/><V33/><F125/><W16/><G114/><T91/><D131/><U101/><E48/><V100/><F112/><W50/><G106/><T79/><D62/><U123/><E75/><V102/><F69/><W58/><G104/><T120/><D120/><U52/><E123/><V72/><F72/><W115/><G115/><T86/><D86/><U15/><E15/><V7/><F81/><W92/><G70/><T108/><D108/><U110/><E41/><N who="2" m="24975" /><F33/><W59/><G32/><T65/><D65/><U9/><E67/><V55/><F29/><W130/><G130/><T90/><D91/><U96/><E128/><V21/><F21/><N who="3" m="13607" /><G84/><T6/><D45/><U87/><E87/><V66/><AGARI ba="0,0" hai="7,10,14,55,57,63,64,66,100,102,103" m="24975" machi="66" ten="30,1100,0" yaku="8,1" doraHai="31" who="2" fromWho="2" sc="427,-3,65,-3,293,11,215,-5" owari="424,53.0,62,-44.0,304,10.0,210,-19.0" /></mjloggm>