<mjloggm ver="2.3"><GO type="41" lobby="0"/><UN n0="%74%61%6F%33%34%35" n1="%E3%81%8F%E3%81%81%E3%81%84%E3%82%8B" n2="%70%65%63%68%61%6F" n3="%E5%B0%B1%E6%B4%BB%E7%94%9F%40%E5%B7%9D%E6%9D%91%E8%BB%8D%E5%9B%A3" dan="15,13,14,15" rate="1975.42,1859.39,1897.50,2024.08" sx="M,M,M,M"/><TAIKYOKU oya="0"/><INIT seed="0,0,0,5,1,81" ten="250,250,250,250" oya="0" hai0="93,122,41,39,76,6,3,21,71,55,109,51,59" hai1="15,32,38,31,13,54,36,73,135,106,7,130,101" hai2="25,22,96,44,68,14,78,37,18,46,11,34,121" hai3="42,125,133,4,127,64,99,0,80,52,94,82,119"/><T123/><D71/><U90/><E73/><V53/><F68/><W16/><G119/><T47/><D109/><U1/><E1/><V33/><F121/><W85/><G133/><T75/><D21/><U9/><E135/><V57/><F78/><N who="3" m="46231" /><G42/><T108/><D93/><U66/><E15/><V97/><F34/><W91/><G4/><T110/><D122/><U20/><E20/><V70/><F70/><W58/><G0/><T19/><D19/><U67/><E38/><V117/><F33/><W131/><G64/><T60/><D60/><U45/><E130/><V120/><F120/><W65/><G65/><T74/><D123/><U111/><E111/><N who="0" m="42537" /><D76/><U98/><E36/><V30/><F117/><W115/><G115/><T50/><D39/><U12/><E31/><V43/><F44/><W69/><G69/><T28/><D28/><U95/><E12/><V103/><F103/><W116/><G116/><T124/><D124/><N who="3" m="47689" /><G82/><T63/><D63/><AGARI ba="0,0" hai="11,14,18,22,25,30,37,43,46,53,57,63,96,97" machi="63" ten="30,1000,0" yaku="7,1" doraHai="81" who="2" fromWho="0" sc="250,-10,250,0,250,10,250,0" /><INIT seed="1,0,0,3,3,62" ten="240,250,260,250" oya="1" hai0="116,56,8,94,59,35,102,1,74,93,5,42,24" hai1="103,60,134,21,29,71,133,119,52,96,69,51,39" hai2="127,13,91,112,18,105,34,66,46,23,72,131,128" hai3="49,100,44,64,31,22,55,58,76,33,6,118,95"/><U73/><E73/><V98/><F72/><W36/><G33/><T41/><D116/><U3/><E3/><V43/><F34/><W124/><G118/><T77/><D74/><U61/><E119/><V20/><F112/><W125/><G76/><T123/><D77/><U67/><E29/><V82/><F127/><W28/><G6/><T86/><D94/><U16/><E39/><V107/><F23/><W88/><G100/><T106/><D106/><U84/><E84/><V26/><F26/><W99/><G22/><T48/><D123/><U111/><E96/><V57/><F128/><W75/><G75/><T38/><D38/><U101/><E111/><V53/><F131/><W135/><G135/><N who="1" m="51722" /><E61/><V50/><F82/><W87/><G99/><T30/><D86/><U27/><E71/><V25/><F13/><W121/><G121/><T4/><D4/><U85/><E85/><V120/><F120/><W65/><G36/><T54/><D59/><AGARI ba="0,0" hai="16,21,27,51,52,59,60,67,69,101,103" m="51722" machi="59" ten="30,11600,0" yaku="20,1,52,1,54,2" doraHai="62" who="1" fromWho="0" sc="240,-116,250,116,260,0,250,0" /><INIT seed="1,1,0,5,5,56" ten="124,366,260,250" oya="1" hai0="77,50,54,112,25,4,71,65,88,19,40,39,135" hai1="111,120,2,108,76,33,49,131,78,124,126,14,107" hai2="75,52,114,129,48,119,16,6,98,90,60,133,74" hai3="121,67,57,104,80,41,93,32,35,64,87,81,117"/><U43/><E2/><V110/><F119/><W59/><G104/><T128/><D112/><U37/><E107/><V38/><F38/><W13/><G121/><T17/><D77/><U53/><E120/><V132/><F6/><W3/><G3/><T15/><D135/><N who="2" m="51786" /><F114/><W102/><G117/><T7/><D128/><U27/><E131/><V116/><F129/><W9/><G41/><T118/><D118/><U31/><E43/><V34/><F34/><W61/><G35/><T101/><D101/><U85/><E37/><V26/><F116/><W1/><G1/><T10/><D25/><U21/><E14/><V42/><F42/><W122/><G32/><T20/><D20/><U46/><E21/><N who="2" m="13607" /><F110/><N who="1" m="42025" /><E85/><V55/><F55/><W66/><G122/><T105/><D7/><U58/><E46/><V130/><F130/><W86/><G59/><T11/><D40/><U8/><E8/><V100/><F90/><W127/><G127/><AGARI ba="1,0" hai="27,31,33,49,53,58,76,78,124,126,127" m="42025" machi="127" ten="30,5800,0" yaku="18,1,14,1,10,1" doraHai="56" who="1" fromWho="3" sc="124,0,366,61,260,0,250,-61" /><INIT seed="1,2,0,1,0,95" ten="124,427,260,189" oya="1" hai0="59,130,28,62,48,54,91,12,104,53,67,21,118" hai1="43,31,69,24,20,84,61,78,46,65,96,1,51" hai2="122,119,11,42,4,41,94,9,106,57,124,115,34" hai3="64,15,19,37,109,80,123,90,55,70,0,73,49"/><U132/><E1/><V108/><F34/><W5/><G37/><T13/><D118/><U86/><E78/><V83/><F106/><W126/><G123/><T105/><D130/><U60/><E132/><V66/><F122/><W127/><G5/><T71/><D54/><U10/><E10/><V121/><F121/><W18/><G0/><T102/><D91/><U135/><E135/><V98/><F119/><W22/><G109/><T26/><REACH who="0" step="1"/><D105/><REACH who="0" ten="114,427,260,189" step="2"/><U17/><E61/><V107/><F107/><W68/><G126/><T110/><D110/><U120/><E120/><V16/><F124/><W30/><G127/><T36/><D36/><U25/><E31/><V58/><F108/><W92/><G64/><T76/><D76/><U82/><E82/><V3/><F83/><W93/><G80/><T85/><D85/><U116/><E116/><V79/><F79/><W87/><G92/><T50/><D50/><U44/><E46/><V99/><F94/><W35/><G73/><T52/><D52/><U47/><E47/><V40/><F115/><W2/><G55/><T131/><D131/><U23/><E86/><V8/><F3/><W134/><G49/><T56/><D56/><N who="2" m="21610" /><F4/><W129/><G129/><T133/><D133/><U113/><E113/><V100/><F66/><W74/><G134/><T14/><D14/><U117/><E117/><V111/><F111/><W7/><G74/><T45/><D45/><U114/><E44/><V101/><F16/><W77/><G19/><T72/><D72/><U88/><E17/><V63/><F63/><W33/><G77/><T89/><D89/><RYUUKYOKU ba="2,1" sc="114,15,427,-15,260,15,189,-15" hai0="12,13,21,26,28,48,53,59,62,67,71,102,104" hai2="8,9,11,40,41,42,98,99,100,101" /><INIT seed="2,3,1,1,5,18" ten="129,412,275,174" oya="2" hai0="102,94,42,72,98,99,24,58,100,134,9,109,122" hai1="117,92,135,14,105,3,47,6,28,61,37,57,50" hai2="90,84,59,110,112,29,56,93,78,63,2,81,103" hai3="107,68,12,115,74,101,16,25,13,5,23,70,7"/><V32/><F2/><W106/><G74/><T66/><D122/><U20/><E117/><V104/><F112/><W54/><G115/><T49/><D109/><U133/><E105/><V87/><F110/><W60/><G70/><T52/><D134/><U73/><E73/><V129/><F129/><W131/><G131/><T8/><D72/><U77/><E77/><V48/><F104/><W79/><G79/><T31/><D66/><U55/><E3/><V26/><F103/><W41/><G41/><T30/><D42/><U119/><E119/><V34/><F48/><W125/><G125/><T51/><D49/><U91/><E37/><V111/><F111/><W4/><G106/><T126/><D31/><U17/><E6/><V89/><F59/><N who="3" m="34935" /><G68/><T35/><REACH who="0" step="1"/><D126/><REACH who="0" ten="119,412,275,174" step="2"/><U82/><E28/><V39/><F39/><W64/><G64/><T132/><D132/><U118/><E118/><V114/><F114/><W53/><G107/><AGARI ba="3,2" hai="8,9,24,30,35,51,52,58,94,98,99,100,102,107" machi="107" ten="30,3900,0" yaku="1,1,7,1,54,1,53,0" doraHai="18" doraHaiUra="130" who="0" fromWho="3" sc="119,68,412,0,275,0,174,-48" /><INIT seed="3,0,0,0,2,2" ten="187,412,275,126" oya="3" hai0="15,20,117,104,93,9,116,99,21,87,31,39,58" hai1="54,95,132,24,27,118,120,90,122,69,46,30,111" hai2="18,60,130,97,82,68,74,52,127,64,79,49,17" hai3="85,65,14,55,62,32,89,53,22,13,25,12,38"/><W50/><G38/><T10/><D39/><U78/><E69/><V71/><F71/><W102/><G32/><T84/><D104/><U66/><E132/><V106/><F127/><W11/><G102/><T63/><D116/><U135/><E135/><V16/><F130/><W70/><G11/><N who="0" m="4107" /><D117/><U8/><E78/><V44/><F106/><W129/><G129/><T3/><D3/><U80/><E118/><V91/><F97/><W26/><G50/><T56/><D56/><U119/><E119/><V23/><REACH who="2" step="1"/><F91/><REACH who="2" ten="187,412,265,126" step="2"/><W105/><G105/><T36/><D99/><U125/><E125/><V121/><F121/><W40/><G40/><T35/><D84/><U115/><E122/><V41/><F41/><W47/><G47/><T72/><D87/><U77/><E120/><V131/><F131/><W75/><G75/><T96/><D96/><U51/><E115/><V126/><F126/><W108/><G108/><T128/><D72/><U5/><E111/><V67/><F67/><W133/><G133/><T134/><D128/><U33/><E66/><V28/><F28/><W45/><G45/><T101/><D31/><U73/><E30/><V107/><F107/><W59/><G70/><T29/><D29/><U110/><E110/><V76/><F76/><W81/><G22/><AGARI ba="0,1" hai="16,17,18,22,23,44,49,52,60,64,68,74,79,82" machi="22" ten="40,5200,0" yaku="1,1,54,2,53,0" doraHai="2" doraHaiUra="0" who="2" fromWho="3" sc="187,0,412,0,265,62,126,-52" /><INIT seed="4,0,0,2,2,106" ten="187,412,327,74" oya="0" hai0="34,12,98,129,9,121,116,33,133,58,5,76,30" hai1="111,99,113,23,13,17,55,31,74,44,93,4,57" hai2="48,61,119,53,10,67,73,18,24,108,130,100,40" hai3="103,120,85,43,64,6,29,104,36,123,122,39,89"/><T63/><D121/><U46/><E111/><V128/><F108/><W81/><G6/><T79/><D116/><U2/><E2/><V127/><F119/><W7/><G7/><T135/><D98/><U1/><E1/><V35/><F40/><W90/><G64/><T105/><D105/><U114/><E4/><V59/><F100/><W115/><G115/><T124/><D124/><U50/><E31/><V16/><F127/><W51/><G29/><T94/><D94/><U14/><E14/><V80/><F35/><W118/><G118/><T101/><D101/><U75/><E99/><V25/><F25/><W78/><G104/><T37/><D37/><U92/><E46/><V69/><F10/><W62/><G62/><T27/><D34/><U49/><E93/><V32/><F32/><W56/><G103/><T28/><D30/><U66/><E66/><V38/><F38/><N who="3" m="14379" /><G43/><T68/><D68/><U97/><E97/><V70/><F70/><W95/><G95/><T117/><D117/><U21/><E92/><V87/><F24/><W42/><G42/><T52/><REACH who="0" step="1"/><D129/><REACH who="0" ten="177,412,327,74" step="2"/><U3/><E3/><V22/><F130/><W72/><G85/><T65/><D65/><U19/><E114/><V83/><F128/><W88/><G56/><T82/><D82/><U126/><E113/><V54/><F80/><W109/><G51/><T47/><D47/><U0/><E0/><V84/><F87/><N who="3" m="48567" /><G109/><T71/><D71/><U107/><E126/><V8/><F84/><W110/><G110/><T86/><D86/><U60/><E44/><V26/><F69/><W41/><G41/><RYUUKYOKU ba="0,1" sc="177,15,412,-15,327,-15,74,15" hai0="5,9,12,27,28,33,52,58,63,76,79,133,135" hai3="72,88,89,90,120,122,123" /><INIT seed="4,1,1,5,1,27" ten="192,397,312,89" oya="0" hai0="112,67,17,66,58,53,22,26,51,131,45,117,86" hai1="59,11,78,30,105,20,118,94,71,106,62,83,33" hai2="91,49,122,55,48,42,120,54,64,69,98,116,84" hai3="109,52,113,96,107,82,126,13,119,60,121,85,103"/><T46/><D112/><U133/><E118/><V79/><F79/><W15/><G109/><T28/><D131/><U50/><E33/><V125/><F98/><W3/><G119/><T134/><D134/><U24/><E133/><V16/><F116/><W14/><G121/><T128/><D128/><U90/><E71/><V9/><F125/><W35/><G113/><T31/><D117/><U68/><E68/><V44/><F42/><W114/><G114/><T12/><D12/><U0/><E50/><V63/><F49/><W132/><G132/><T36/><D36/><U89/><E0/><V40/><F54/><W19/><G126/><T38/><D86/><U18/><E106/><V108/><F40/><W92/><G3/><T37/><D37/><U73/><E105/><V1/><F108/><W77/><G35/><T6/><D6/><U123/><E123/><V87/><F87/><W115/><G115/><T29/><D38/><U61/><E61/><V10/><F10/><W75/><G75/><T34/><D34/><U99/><E11/><V100/><F100/><W25/><G107/><T57/><D57/><U130/><E130/><V23/><F1/><W101/><G25/><T5/><D5/><U124/><E124/><V110/><F110/><W104/><G104/><T72/><D72/><U39/><E39/><V95/><REACH who="2" step="1"/><F9/><REACH who="2" ten="192,397,302,89" step="2"/><W56/><REACH who="3" step="1"/><G103/><REACH who="3" ten="192,397,302,79" step="2"/><T80/><D80/><U8/><E83/><V127/><F127/><W102/><G102/><T93/><D93/><U43/><E94/><V41/><F41/><W129/><G129/><T21/><D21/><AGARI ba="1,3" hai="13,14,15,19,21,52,56,60,77,82,85,92,96,101" machi="21" ten="30,7700,0" yaku="1,1,7,1,8,1,54,1,53,0" doraHai="27" doraHaiUra="47" who="3" fromWho="0" sc="192,-80,397,0,302,0,79,110" /><INIT seed="5,0,0,1,5,56" ten="112,397,302,189" oya="1" hai0="14,41,55,109,81,13,124,43,17,97,33,106,90" hai1="71,45,4,99,125,25,51,16,22,134,36,44,73" hai2="29,92,111,6,89,75,133,24,128,103,79,54,52" hai3="9,60,19,105,80,120,100,98,42,91,38,11,96"/><U10/><E134/><V53/><F111/><W114/><G120/><T101/><D109/><U122/><E122/><V2/><F133/><W48/><G114/><T115/><D33/><U123/><E123/><V84/><F128/><W8/><G38/><T31/><D31/><U30/><E71/><V5/><F2/><W21/><G42/><T117/><D117/><U76/><E125/><V126/><F126/><W118/><G118/><T64/><D124/><U104/><E104/><V67/><F103/><W88/><G48/><T23/><D115/><U47/><E99/><V20/><F75/><W28/><G28/><T94/><D64/><U86/><E36/><V0/><F79/><W127/><G127/><T37/><D37/><U63/><E73/><V108/><F0/><W18/><G96/><T7/><D55/><U110/><E110/><V129/><F129/><W58/><G80/><T62/><D106/><U3/><E51/><V34/><F108/><W95/><G19/><T135/><D135/><U70/><E30/><V132/><F132/><W61/><G105/><T40/><D7/><U119/><E119/><V121/><F121/><W32/><G32/><T69/><D69/><U59/><E70/><V35/><F35/><W85/><G58/><T93/><D81/><U82/><E44/><V107/><F107/><W49/><G49/><T57/><D14/><U74/><E74/><V113/><F113/><W112/><G112/><T15/><D13/><U65/><AGARI ba="0,0" hai="3,4,10,16,22,25,45,47,59,63,65,76,82,86" machi="65" ten="20,7800,0" yaku="0,1,7,1,52,1,54,1" doraHai="56" who="1" fromWho="1" sc="112,-26,397,78,302,-26,189,-26" /><INIT seed="5,1,0,5,3,80" ten="86,475,276,163" oya="1" hai0="60,120,25,56,127,32,10,103,23,111,107,17,9" hai1="75,45,125,99,8,94,130,12,69,67,3,89,73" hai2="121,34,115,57,132,85,19,29,134,105,84,77,106" hai3="65,36,78,55,113,48,114,86,54,118,126,71,49"/><U28/><E3/><V88/><F121/><W116/><G78/><T72/><D111/><U112/><E130/><V35/><F115/><N who="3" m="44043" /><G36/><T122/><D72/><U41/><E28/><V74/><F74/><W37/><G37/><T24/><D103/><U66/><E125/><V0/><F0/><W51/><G86/><T91/><D91/><U16/><E67/><V129/><F129/><W15/><G15/><T90/><D90/><U26/><E112/><V21/><F29/><W7/><G7/><T117/><D107/><U76/><E26/><V128/><F128/><W39/><G39/><T109/><D109/><U6/><E76/><V20/><F57/><W50/><G126/><T95/><D95/><U135/><E135/><V124/><F77/><W92/><G92/><T82/><D82/><U46/><E45/><V27/><F124/><W83/><G83/><T22/><D127/><U81/><E81/><V11/><F88/><W4/><G4/><T30/><D56/><U59/><E6/><V102/><F11/><W104/><G104/><T31/><D60/><U33/><E69/><V18/><REACH who="2" step="1"/><F27/><REACH who="2" ten="86,475,266,163" step="2"/><W63/><N who="3" m="12800" /><DORA hai="14" /><W40/><G40/><T101/><D101/><AGARI ba="1,1" hai="18,19,20,21,34,35,84,85,101,102,105,106,132,134" machi="101" ten="25,12000,2" yaku="1,1,22,2,52,4,53,0" doraHai="80,14" doraHaiUra="110,43" who="2" fromWho="0" sc="86,-123,475,0,266,133,163,0" owari="-37,-54.0,475,58.0,399,20.0,163,-24.0" /></mjloggm>