<mjloggm ver="2.3"><GO type="97" lobby="0"/><UN n0="%46%61%72%69%64%61%74" n1="%E5%B0%B1%E6%B4%BB%E7%94%9F%40%E5%B7%9D%E6%9D%91%E8%BB%8D%E5%9B%A3" n2="%6F%2E%63" n3="%E9%BB%92%E5%B4%8E" dan="13,15,15,13" rate="1874.51,2044.24,2016.48,1866.21" sx="M,M,M,M"/><TAIKYOKU oya="0"/><INIT seed="0,0,0,4,3,33" ten="250,250,250,250" oya="0" hai0="93,126,116,97,12,67,38,110,131,132,91,92,102" hai1="43,109,41,2,133,76,87,29,23,30,4,44,46" hai2="90,98,114,89,54,124,11,66,119,55,42,103,34" hai3="83,7,53,21,17,8,85,10,28,82,106,32,6"/><T63/><D38/><U3/><E133/><V68/><F114/><W105/><G32/><T39/><D39/><U112/><E112/><V128/><F119/><W27/><G53/><T59/><D116/><U78/><E109/><V20/><F124/><W134/><G134/><T117/><D117/><U72/><E23/><V127/><F127/><W51/><G51/><T104/><D126/><U101/><E101/><V5/><F128/><W86/><G28/><T107/><D132/><U74/><E87/><V19/><F34/><W62/><G27/><T1/><D1/><U47/><E47/><V45/><F66/><W64/><G21/><T80/><D131/><U88/><REACH who="1" step="1"/><E4/><REACH who="1" ten="250,240,250,250" step="2"/><V65/><F103/><W129/><G129/><T84/><D110/><U79/><E79/><V35/><F5/><W25/><G7/><T70/><D70/><U99/><E99/><V61/><F20/><W122/><G6/><T73/><D73/><U9/><E9/><V71/><F98/><W31/><G8/><T135/><D135/><U111/><E111/><V77/><F77/><W52/><G10/><T16/><D107/><U125/><E125/><V113/><F11/><AGARI ba="0,1" hai="11,12,16,59,63,67,80,84,91,92,93,97,102,104" machi="11" ten="30,2900,0" yaku="7,1,54,1" doraHai="33" who="0" fromWho="2" sc="250,39,240,0,250,-29,250,0" /><INIT seed="0,1,0,4,4,29" ten="289,240,221,250" oya="0" hai0="86,33,18,84,101,16,108,90,74,34,122,54,12" hai1="6,128,27,28,68,100,94,76,38,11,36,31,93" hai2="14,60,79,63,118,40,81,51,104,21,35,69,10" hai3="41,111,64,52,24,113,105,39,80,70,71,26,50"/><T7/><D74/><U57/><E68/><V115/><F118/><W45/><G113/><T8/><D122/><U37/><E128/><V55/><F115/><W91/><G111/><T5/><D108/><U130/><E130/><V116/><F104/><W30/><G105/><T126/><D126/><U49/><E76/><V23/><F116/><W13/><G13/><T132/><D101/><U20/><E31/><V134/><F40/><W32/><G26/><T67/><D67/><U131/><E131/><V127/><F127/><W89/><G80/><T72/><D72/><U102/><E100/><V129/><F129/><W48/><G48/><T65/><D65/><U125/><E125/><V9/><F134/><W120/><G120/><T99/><D132/><U88/><E102/><V106/><F106/><W59/><REACH who="3" step="1"/><G71/><REACH who="3" ten="289,240,221,240" step="2"/><T43/><D12/><U15/><E94/><V42/><F69/><W107/><G107/><T53/><D8/><U96/><E49/><V124/><F9/><W87/><G87/><T119/><D119/><U133/><E133/><V123/><F124/><W95/><G95/><T58/><D99/><U66/><REACH who="1" step="1"/><E36/><REACH who="1" ten="289,230,221,240" step="2"/><V77/><F123/><W1/><G1/><T83/><D83/><U3/><E3/><V2/><F81/><W92/><G92/><T85/><D86/><U109/><E109/><V73/><F51/><W4/><G4/><T25/><D43/><U98/><E98/><V17/><F2/><W19/><G19/><T78/><D78/><U46/><E46/><V62/><F79/><W56/><G56/><T75/><D58/><U47/><E47/><RYUUKYOKU ba="1,2" sc="289,-15,230,15,221,-15,240,15" hai1="6,11,15,20,27,28,37,38,57,66,88,93,96" hai3="24,30,32,39,41,45,50,52,59,64,70,89,91" /><INIT seed="1,2,2,5,1,124" ten="274,245,206,255" oya="1" hai0="10,116,108,46,9,133,97,32,63,101,89,130,119" hai1="110,90,59,15,105,49,25,26,83,120,76,67,28" hai2="113,129,35,71,135,34,91,64,86,131,84,70,60" hai3="115,56,118,132,30,4,69,96,13,100,2,41,22"/><U52/><E120/><V45/><F113/><W44/><G115/><T109/><D46/><U68/><E105/><V3/><F135/><W80/><G69/><N who="2" m="26121" /><F3/><W24/><G132/><T98/><D63/><N who="1" m="38399" /><E68/><N who="2" m="41991" /><F45/><W66/><G118/><T77/><D77/><U6/><E110/><V82/><F86/><W48/><G2/><T121/><D121/><U1/><E1/><V53/><F53/><W12/><G80/><T58/><D58/><N who="1" m="33039" /><E76/><V7/><F7/><W38/><G4/><T75/><D133/><U88/><E28/><V11/><F11/><W29/><G29/><T51/><D51/><U112/><E112/><V72/><F72/><W16/><G38/><T61/><D61/><U114/><E114/><V5/><F5/><W55/><G66/><T102/><D75/><U85/><E90/><V8/><F8/><AGARI ba="2,2" hai="6,8,15,25,26,83,85,88" m="33039,38399" machi="8" ten="30,5800,0" yaku="8,1,54,2" doraHai="124" who="1" fromWho="2" sc="274,0,245,84,206,-64,255,0" /><INIT seed="1,3,0,1,1,75" ten="274,329,142,255" oya="1" hai0="130,18,125,2,102,51,135,113,129,20,33,81,95" hai1="35,40,29,76,64,9,118,5,27,99,8,101,36" hai2="119,68,0,31,23,45,44,104,48,55,133,43,38" hai3="12,78,10,77,90,120,106,107,127,67,109,58,84"/><U63/><E118/><V98/><F119/><W121/><G109/><T1/><D102/><U7/><E40/><V57/><F0/><W22/><G127/><T3/><D95/><U132/><E36/><V16/><F68/><W96/><G107/><T65/><D65/><U93/><E132/><V59/><F133/><W56/><G106/><T71/><D71/><U89/><E76/><N who="3" m="29290" /><G120/><T131/><D135/><U110/><E110/><V134/><F134/><W100/><G121/><T85/><D113/><U94/><E7/><V108/><F31/><W26/><G96/><T111/><D111/><U21/><E5/><V46/><F108/><W112/><G100/><T97/><D97/><N who="1" m="57519" /><E35/><V126/><F126/><W124/><G67/><T86/><D33/><U47/><E47/><V54/><F98/><W88/><G112/><T19/><D125/><U70/><E70/><V28/><F104/><W17/><G124/><T50/><D81/><U72/><E72/><V52/><F28/><N who="3" m="17495" /><G90/><T79/><D79/><U13/><E13/><N who="2" m="9615" /><F38/><W91/><G91/><T62/><D62/><U32/><E32/><V11/><F11/><W115/><G115/><T4/><D4/><U42/><E63/><V74/><F74/><W39/><G39/><T122/><D122/><U116/><E64/><V41/><F48/><N who="0" m="18474" /><D20/><U69/><E69/><V34/><F34/><W60/><G60/><T53/><D53/><U83/><E116/><V15/><F15/><W73/><G73/><T6/><D6/><U25/><E99/><V49/><F49/><W37/><G37/><T30/><D30/><N who="1" m="17711" /><E101/><V82/><F82/><AGARI ba="3,0" hai="10,12,17,56,58,82,84,88" m="17495,29290" machi="82" ten="30,12000,2" yaku="6,1,8,1,52,3,54,1" doraHai="75" who="3" fromWho="2" sc="274,0,329,0,142,-129,255,129" /><INIT seed="2,0,0,3,2,123" ten="274,329,13,384" oya="2" hai0="71,108,38,14,111,116,81,79,78,86,27,42,70" hai1="109,113,34,30,90,32,25,118,135,56,68,92,77" hai2="37,106,76,44,65,46,28,97,31,15,22,20,43" hai3="7,112,64,19,41,16,51,26,128,98,129,12,45"/><V0/><F0/><W117/><G117/><T91/><D116/><U53/><E68/><V8/><F76/><W39/><G112/><T5/><D38/><U33/><E118/><V131/><F131/><N who="3" m="50251" /><G64/><T102/><D42/><U124/><E113/><V4/><F106/><W125/><G125/><T119/><D119/><U134/><E124/><V130/><F97/><W127/><G127/><T110/><D27/><U60/><E77/><N who="0" m="29193" /><D102/><U35/><REACH who="1" step="1"/><E109/><REACH who="1" ten="274,319,13,384" step="2"/><V6/><F130/><W18/><G98/><AGARI ba="0,1" hai="25,30,32,33,34,35,53,56,60,90,92,98,134,135" machi="98" ten="40,2600,0" yaku="1,1,2,1,53,0" doraHai="123" doraHaiUra="63" who="1" fromWho="3" sc="274,0,319,36,13,0,384,-26" /><INIT seed="3,0,0,4,4,117" ten="274,355,13,358" oya="3" hai0="60,13,77,118,135,67,64,104,23,24,57,91,131" hai1="17,41,125,72,22,56,65,45,115,55,96,11,109" hai2="81,73,102,71,34,99,4,30,25,93,74,39,26" hai3="62,80,21,82,123,19,132,29,7,49,14,121,9"/><W88/><G132/><T86/><D118/><U129/><E115/><V33/><F4/><W15/><G62/><T12/><D104/><U116/><E72/><V8/><F8/><W70/><G70/><T5/><D135/><U53/><E116/><V105/><F93/><W133/><G133/><T37/><D37/><U10/><E109/><V1/><F1/><W106/><G106/><T114/><D114/><U44/><E125/><V100/><F100/><W108/><G108/><T69/><D131/><U79/><E129/><V54/><F54/><N who="1" m="20489" /><E79/><V3/><F81/><W126/><G126/><T87/><D77/><U47/><E96/><V90/><F90/><W130/><G130/><T50/><D87/><U16/><E41/><V92/><F3/><W51/><G29/><T0/><D0/><U66/><E17/><V20/><F92/><W85/><REACH who="3" step="1"/><G82/><REACH who="3" ten="274,355,13,348" step="2"/><T84/><D69/><U111/><E111/><V120/><F120/><AGARI ba="0,1" hai="7,9,14,15,19,21,49,51,80,85,88,120,121,123" machi="120" ten="40,18000,2" yaku="1,1,2,1,52,3,54,1,53,1" doraHai="117" doraHaiUra="2" who="3" fromWho="2" sc="274,0,355,0,13,-180,348,190" owari="274,-13.0,355,16.0,-167,-67.0,538,64.0" /></mjloggm>