<mjloggm ver="2.3"><GO type="169" lobby="0"/><UN n0="%E3%83%88%E3%83%88%E3%83%AA%E5%85%88%E7%94%9F%31%39%E6%AD%B3" n1="%49%53%53%4F%4E%34" n2="%6C%69%6C%6C%61%6D%6D%6D" n3="%E3%81%8B%E3%82%89%E3%83%BC%E3%81%9C" dan="18,17,17,17" rate="2198.72,2206.03,2113.34,2164.46" sx="F,M,M,M"/><TAIKYOKU oya="0"/><INIT seed="0,0,0,3,1,53" ten="250,250,250,250" oya="0" hai0="11,35,115,69,4,50,118,22,102,10,61,15,101" hai1="112,36,82,14,98,47,85,43,41,86,100,72,104" hai2="74,70,27,29,128,60,99,44,1,59,113,133,63" hai3="88,81,134,18,123,30,120,26,17,56,87,111,54"/><T33/><D115/><U114/><E43/><V49/><F113/><W106/><G106/><T62/><D118/><U2/><E14/><V84/><F74/><W110/><G134/><T0/><D22/><U76/><E85/><V103/><F1/><W119/><G119/><T12/><D0/><U20/><E20/><V3/><F3/><W13/><G30/><T55/><D69/><U109/><E109/><N who="3" m="41482" /><G26/><T122/><D122/><N who="3" m="46633" /><G13/><T31/><D31/><U107/><E86/><V79/><F27/><W121/><N who="3" m="46641" /><W95/><DORA hai="64" /><G95/><T129/><D129/><U116/><E116/><V16/><F128/><W32/><G32/><T28/><D28/><U37/><E37/><V135/><F29/><W125/><G125/><T89/><D89/><U78/><E104/><V105/><F84/><W25/><G25/><T130/><D130/><U46/><E78/><V93/><F79/><W92/><G92/><T23/><D23/><U124/><E124/><V67/><F105/><W66/><G66/><T40/><D35/><U39/><E2/><V68/><F135/><W38/><G38/><T94/><D33/><U24/><E24/><V19/><F133/><W42/><G42/><T21/><D21/><U127/><E127/><V80/><F93/><W131/><G131/><T8/><D40/><N who="1" m="22815" /><E114/><V96/><F67/><W9/><G9/><N who="0" m="3691" /><D12/><U58/><E112/><V7/><F7/><W71/><G71/><T75/><D75/><U126/><E126/><V5/><F5/><W34/><G34/><T108/><D108/><U65/><E65/><V45/><F70/><W57/><G57/><AGARI ba="0,0" hai="36,41,47,57,58,72,76,82,98,100,107" m="22815" machi="57" ten="30,3900,0" yaku="6,1,52,2" doraHai="53,64" who="1" fromWho="3" sc="250,0,250,39,250,0,250,-39" /><INIT seed="1,0,0,3,4,21" ten="250,289,250,211" oya="1" hai0="24,0,22,25,95,14,35,81,50,42,103,83,128" hai1="6,92,43,84,23,125,41,30,87,38,51,129,106" hai2="68,119,49,37,53,97,44,31,93,60,78,114,34" hai3="96,99,98,110,36,16,7,105,67,124,47,52,66"/><U86/><E106/><V70/><F119/><W1/><G110/><T12/><D0/><U15/><E38/><V89/><F114/><W115/><G115/><T74/><D128/><U79/><E129/><V4/><F37/><W54/><G105/><T40/><D35/><U113/><E113/><V11/><F78/><W126/><G1/><T72/><D22/><U85/><E125/><N who="3" m="48234" /><G7/><T18/><D50/><U131/><E131/><V118/><F118/><W90/><G90/><T75/><D95/><U132/><E132/><V101/><F60/><W10/><G36/><T9/><D103/><U2/><E2/><V133/><F133/><W62/><G47/><T27/><REACH who="0" step="1"/><D14/><REACH who="0" ten="240,289,250,211" step="2"/><U135/><E135/><V26/><F101/><W20/><G10/><T32/><D32/><U69/><E92/><V77/><REACH who="2" step="1"/><F77/><REACH who="2" ten="240,289,240,211" step="2"/><W19/><G62/><T121/><D121/><U57/><E79/><V116/><F116/><W82/><G82/><AGARI ba="0,2" hai="9,12,18,24,25,27,40,42,72,74,75,81,82,83" machi="82" ten="50,12000,2" yaku="1,1,52,3,53,2" doraHai="21" doraHaiUra="39" who="0" fromWho="3" sc="240,140,289,0,240,0,211,-120" /><INIT seed="2,0,0,3,5,58" ten="380,289,240,91" oya="2" hai0="54,116,0,72,114,81,66,135,98,125,100,52,44" hai1="97,112,40,75,6,134,48,37,1,101,9,32,89" hai2="26,36,46,83,5,65,70,107,96,25,42,39,120" hai3="71,62,84,110,59,123,45,34,20,57,91,88,94"/><V51/><F120/><W102/><G123/><T122/><D122/><U129/><E89/><V23/><F5/><W64/><G34/><T117/><D114/><U104/><E48/><V73/><F73/><W115/><G110/><T43/><D0/><U49/><E49/><V80/><F107/><W106/><G115/><T86/><D72/><U16/><E112/><V14/><F96/><W33/><G33/><T29/><D29/><U92/><E92/><V111/><F111/><W131/><G131/><T90/><D135/><U113/><E113/><V95/><F95/><W87/><G45/><T30/><D30/><U118/><E16/><V7/><F36/><W27/><G102/><T50/><D125/><U133/><E32/><V12/><F26/><W109/><G106/><N who="0" m="63767" /><D66/><U127/><E75/><V11/><F14/><W56/><G109/><T119/><AGARI ba="0,0" hai="43,44,50,52,54,81,86,90,116,117,119" m="63767" machi="119" ten="30,2000,0" yaku="12,1,54,1" doraHai="58" who="0" fromWho="0" sc="380,20,289,-5,240,-10,91,-5" /><INIT seed="3,0,0,2,2,83" ten="400,284,230,86" oya="3" hai0="91,126,104,40,25,110,123,81,50,80,72,60,53" hai1="121,11,115,65,41,2,59,109,114,12,46,84,108" hai2="7,52,20,55,27,28,57,66,74,5,68,87,61" hai3="130,112,95,31,119,100,120,63,82,0,134,42,90"/><W125/><G112/><T73/><D123/><U4/><E121/><V62/><F74/><W97/><G120/><T76/><D104/><U102/><E102/><V111/><F111/><N who="1" m="42569" /><E2/><V24/><F55/><W94/><G0/><T37/><D110/><U43/><E43/><V48/><F62/><W106/><G42/><T101/><D101/><U45/><E45/><V131/><F131/><W44/><G44/><T26/><D126/><U32/><E32/><V17/><REACH who="2" step="1"/><F87/><REACH who="2" ten="400,284,220,86" step="2"/><N who="3" m="50551" /><G63/><T103/><D60/><N who="1" m="38047" /><E84/><V92/><F92/><W88/><G130/><T19/><D72/><U85/><E85/><V77/><F77/><W75/><G125/><T10/><D73/><U56/><E56/><V54/><F54/><W64/><G64/><T124/><D53/><U86/><E86/><V135/><F135/><W79/><G134/><T51/><D76/><U67/><E67/><V1/><F1/><W36/><G75/><T70/><D124/><U96/><E96/><V93/><F93/><N who="3" m="56487" /><G79/><T49/><D40/><U15/><E114/><V107/><F107/><W39/><G106/><T29/><D81/><U3/><E115/><V89/><F89/><W8/><G100/><T6/><D103/><U34/><E41/><V33/><AGARI ba="0,1" hai="5,7,17,20,24,27,28,33,48,52,57,61,66,68" machi="33" ten="20,5200,0" yaku="1,1,0,1,7,1,54,1,53,0" doraHai="83" doraHaiUra="116" who="2" fromWho="2" sc="400,-13,284,-13,220,62,86,-26" /><INIT seed="4,0,0,4,1,48" ten="387,271,282,60" oya="0" hai0="24,78,100,66,90,47,131,125,7,11,9,72,5" hai1="130,52,19,31,30,59,127,110,36,108,76,8,92" hai2="115,45,124,132,14,135,51,89,22,75,112,134,84" hai3="128,46,3,28,114,109,60,33,121,0,35,38,49"/><T95/><D131/><U16/><E36/><V44/><F75/><W129/><G109/><T6/><D125/><U54/><E130/><N who="3" m="50282" /><G38/><T15/><D100/><U26/><E127/><V122/><F124/><W120/><G60/><T53/><D66/><U29/><E76/><V42/><F122/><N who="3" m="47211" /><G114/><N who="2" m="43561" /><F44/><W70/><G70/><T101/><D101/><U97/><E110/><V69/><F69/><W71/><G71/><T17/><D78/><U87/><E87/><V79/><F79/><W20/><G20/><N who="0" m="13327" /><D72/><U85/><E85/><V104/><F104/><W65/><G65/><T67/><D67/><U1/><E1/><N who="3" m="586" /><G28/><T113/><D113/><U107/><E107/><V32/><F22/><W119/><G119/><T64/><D64/><U126/><E126/><V10/><F45/><W56/><G56/><T21/><D21/><N who="1" m="13607" /><E59/><V123/><F123/><W93/><G93/><T62/><D47/><U91/><E108/><V58/><F58/><W57/><G57/><N who="0" m="35119" /><D9/><U77/><E77/><V18/><F10/><W83/><G83/><T96/><AGARI ba="0,0" hai="5,6,7,11,15,90,95,96" m="35119,13327" machi="96" ten="30,6000,0" yaku="25,1,8,1,52,1" doraHai="48" who="0" fromWho="0" sc="387,60,271,-20,282,-20,60,-20" /><INIT seed="4,1,0,1,5,62" ten="447,251,262,40" oya="0" hai0="23,24,120,73,101,124,39,27,64,80,134,15,2" hai1="38,6,116,83,18,78,61,72,11,42,135,9,26" hai2="40,54,81,96,123,12,65,63,132,106,87,94,133" hai3="19,36,84,99,14,110,57,79,77,46,16,85,112"/><T82/><D120/><U111/><E135/><V118/><F106/><W109/><G36/><T131/><D39/><U10/><E111/><V56/><F123/><W76/><G112/><T119/><D2/><U125/><E116/><V47/><F118/><W105/><G46/><T70/><D134/><U89/><E125/><V107/><F107/><W121/><G121/><T22/><D101/><U75/><E75/><V13/><F54/><W91/><G57/><T51/><D119/><U0/><E89/><N who="2" m="55375" /><F133/><W30/><G30/><T104/><D104/><U31/><E18/><V50/><F132/><W3/><G3/><T53/><D131/><U33/><REACH who="1" step="1"/><E61/><REACH who="1" ten="447,241,262,40" step="2"/><V117/><F117/><W49/><G19/><T66/><D73/><U71/><E71/><V25/><F25/><W17/><G17/><N who="0" m="10559" /><D70/><U7/><E7/><V126/><F126/><W8/><G49/><T67/><D124/><U21/><E21/><V103/><F103/><W108/><REACH who="3" step="1"/><G105/><REACH who="3" ten="447,241,262,30" step="2"/><T115/><D115/><U52/><E52/><V45/><F45/><AGARI ba="1,2" hai="0,6,9,10,11,26,31,33,38,42,45,72,78,83" machi="45" ten="40,5200,0" yaku="1,1,25,2,53,0" doraHai="62" doraHaiUra="86" who="1" fromWho="2" sc="447,0,241,75,262,-55,30,0" /><INIT seed="5,0,0,3,4,92" ten="447,316,207,30" oya="1" hai0="48,118,27,121,3,1,50,79,113,25,132,9,85" hai1="58,59,38,30,63,24,107,98,37,84,80,42,82" hai2="14,120,91,133,32,108,90,111,41,53,65,72,61" hai3="47,19,128,77,6,31,78,97,12,18,95,99,131"/><U127/><E127/><V104/><F32/><W11/><G31/><T52/><D118/><U10/><E10/><V102/><F120/><W116/><G116/><T70/><D70/><U55/><E59/><V89/><F72/><W62/><G47/><T134/><D121/><U49/><E49/><V29/><F29/><W16/><G62/><T126/><D126/><U51/><E51/><V96/><F133/><N who="0" m="51306" /><D113/><U125/><E125/><V36/><F53/><W34/><G34/><T35/><D50/><U122/><E122/><V45/><REACH who="2" step="1"/><F14/><REACH who="2" ten="447,316,197,30" step="2"/><W5/><G5/><T87/><D35/><U100/><E42/><V75/><F75/><W56/><G56/><AGARI ba="0,1" hai="36,41,45,56,61,65,89,90,91,96,102,104,108,111" machi="56" ten="40,2600,0" yaku="1,1,52,1,53,0" doraHai="92" doraHaiUra="130" who="2" fromWho="3" sc="447,0,316,0,197,36,30,-26" /><INIT seed="6,0,0,1,2,123" ten="447,316,233,4" oya="2" hai0="27,23,7,55,98,30,134,99,6,130,108,49,1" hai1="89,46,100,74,82,112,29,118,105,78,115,50,54" hai2="61,127,133,91,128,86,114,116,13,45,70,87,36" hai3="120,83,44,39,53,16,47,64,62,31,117,122,26"/><V52/><F116/><W57/><G117/><T102/><D108/><U34/><E118/><V28/><F127/><W132/><G132/><T15/><D134/><U106/><E89/><V19/><F128/><W110/><G110/><T25/><D130/><U129/><E129/><V92/><F133/><W8/><G39/><T0/><D0/><U119/><E119/><V24/><F114/><N who="1" m="43561" /><E100/><V113/><F113/><W101/><G101/><T17/><D1/><U80/><E80/><V109/><F109/><W81/><G122/><T60/><D60/><U41/><E41/><V103/><F103/><W48/><G44/><T35/><D27/><AGARI ba="0,0" hai="27,29,34,46,50,54,74,78,82,105,106" m="43561" machi="27" ten="30,1000,0" yaku="15,1" doraHai="123" who="1" fromWho="0" sc="447,-10,316,10,233,0,4,0" /><INIT seed="7,0,0,1,3,12" ten="437,326,233,4" oya="3" hai0="99,107,133,19,24,110,120,62,95,10,53,82,75" hai1="117,71,48,123,108,29,63,0,88,15,68,25,79" hai2="34,3,67,97,112,18,40,74,33,83,5,6,100" hai3="37,28,130,56,132,85,106,44,126,73,135,1,52"/><W17/><G73/><T13/><D110/><U4/><E108/><V96/><F112/><W11/><G106/><T61/><D120/><U134/><E123/><V84/><F74/><W26/><G126/><T54/><D107/><U57/><E79/><V30/><F67/><W119/><G119/><T92/><D133/><N who="3" m="51273" /><G130/><T9/><D75/><U58/><E134/><V109/><F109/><W131/><G131/><T22/><D82/><U23/><E117/><V78/><F3/><W49/><G85/><T70/><D10/><U8/><E0/><V103/><F97/><W115/><G115/><T128/><D92/><U111/><E111/><V129/><F129/><W86/><G86/><T105/><D105/><U46/><E88/><V102/><F96/><W81/><G81/><T38/><D38/><U21/><E21/><V59/><F84/><W64/><G1/><T104/><D104/><U124/><E124/><V114/><F83/><W45/><G37/><T80/><D70/><U69/><REACH who="1" step="1"/><E63/><REACH who="1" ten="437,316,233,4" step="2"/><N who="0" m="24073" /><D128/><U55/><AGARI ba="0,1" hai="4,8,15,23,25,29,46,48,55,57,58,68,69,71" machi="55" ten="30,2000,0" yaku="1,1,0,1,53,0" doraHai="12" doraHaiUra="77" who="1" fromWho="1" sc="437,-5,316,30,233,-5,4,-10" owari="432,53.0,346,15.0,228,-17.0,-6,-51.0" /></mjloggm>