<mjloggm ver="2.3"><GO type="97" lobby="0"/><UN n0="%4E%65%6D%6F%69%6E%75" n1="%E3%82%8F%E3%82%93%E3%82%B3" n2="%E3%81%9F%E3%81%84%E3%82%89%E3%81%9F%E3%81%84%E3%81%AF%E3%82%93" n3="%E3%83%88%E3%83%88%E3%83%AA%E5%85%88%E7%94%9F%31%39%E6%AD%B3" dan="14,13,13,15" rate="1826.90,1914.94,1865.22,2048.68" sx="M,M,M,F"/><TAIKYOKU oya="0"/><INIT seed="0,0,0,5,4,55" ten="250,250,250,250" oya="0" hai0="51,92,75,66,100,117,12,30,26,13,2,36,102" hai1="97,61,135,94,4,16,28,62,130,15,88,27,98" hai2="57,108,121,8,95,18,70,43,65,79,122,9,106" hai3="84,25,80,113,107,126,68,86,21,82,111,78,46"/><T74/><D36/><U67/><E130/><V63/><F106/><W3/><G113/><T39/><D39/><U32/><E135/><V127/><F127/><W20/><G126/><T23/><D2/><U110/><E110/><V115/><F115/><W125/><G125/><T42/><D117/><U90/><E4/><V112/><F112/><W114/><G114/><T69/><D69/><U118/><E118/><V123/><F108/><W85/><G111/><T31/><D31/><U124/><E124/><V24/><F43/><W134/><G107/><T34/><D34/><U0/><E0/><V71/><F79/><W54/><G3/><T96/><D102/><U89/><E98/><V72/><F72/><W14/><G68/><T5/><D75/><U116/><E116/><V49/><F71/><W53/><G134/><T17/><D74/><U38/><E38/><V93/><F8/><W50/><G53/><T73/><D73/><U133/><E133/><V131/><F131/><W7/><G82/><T41/><D66/><U76/><E76/><V91/><F70/><W56/><G46/><T87/><D87/><N who="3" m="33353" /><G25/><T47/><D5/><U58/><REACH who="1" step="1"/><E62/><REACH who="1" ten="250,240,250,250" step="2"/><V99/><F49/><W6/><G6/><T11/><D12/><U109/><E109/><V45/><F123/><W48/><G48/><T105/><D105/><U119/><E119/><V132/><F132/><W104/><G104/><T83/><D83/><U101/><E101/><V59/><F121/><W33/><G33/><T129/><D129/><U22/><AGARI ba="0,1" hai="15,16,22,27,28,32,58,61,67,88,89,90,94,97" machi="22" ten="20,12000,2" yaku="1,1,0,1,7,1,52,1,54,2,53,0" doraHai="55" doraHaiUra="64" who="1" fromWho="1" sc="250,-60,240,130,250,-30,250,-30" /><INIT seed="1,0,0,5,2,44" ten="190,370,220,220" oya="1" hai0="119,80,11,61,67,108,113,86,56,133,98,49,123" hai1="118,54,20,69,111,120,31,2,135,63,114,122,99" hai2="132,3,134,82,5,92,66,117,90,39,74,23,91" hai3="126,41,12,9,72,46,36,89,115,87,45,17,107"/><U4/><E4/><V22/><F39/><W30/><G115/><T0/><D113/><U78/><E2/><V62/><F117/><W70/><G70/><T18/><D119/><U33/><E20/><V121/><F121/><W38/><G107/><T127/><D123/><U106/><E114/><V34/><F34/><W21/><G72/><T100/><D108/><U73/><E118/><V24/><F23/><W60/><G126/><T124/><D133/><N who="2" m="51306" /><F5/><W26/><G60/><T47/><D0/><U10/><E10/><V52/><F3/><W129/><G129/><T85/><D85/><U83/><E135/><V15/><F15/><W58/><G58/><T25/><D11/><U13/><E13/><V48/><F74/><W55/><G55/><T79/><D18/><U131/><E54/><V116/><F82/><W64/><G64/><T28/><D25/><U14/><E14/><V7/><F7/><W19/><G19/><T95/><REACH who="0" step="1"/><D28/><REACH who="0" ten="180,370,220,220" step="2"/><U27/><E111/><V43/><F116/><W65/><G30/><T1/><D1/><U57/><E131/><V96/><F43/><AGARI ba="0,1" hai="43,47,49,56,61,67,79,80,86,95,98,100,124,127" machi="43" ten="40,5200,0" yaku="1,1,52,1,53,1" doraHai="44" doraHaiUra="93" who="0" fromWho="2" sc="180,62,370,0,220,-52,220,0" /><INIT seed="2,0,0,3,5,135" ten="242,370,168,220" oya="2" hai0="74,90,77,102,73,16,108,20,5,40,116,38,55" hai1="17,75,96,27,41,47,50,127,104,28,78,11,45" hai2="92,12,103,68,134,118,33,57,36,43,89,22,84" hai3="79,69,42,58,115,60,120,83,8,128,7,25,34"/><V81/><F118/><W126/><G120/><T105/><D116/><U29/><E127/><V54/><F134/><W23/><G128/><T101/><D5/><U13/><E75/><V117/><F117/><W53/><G115/><T85/><D40/><U133/><E133/><V98/><F68/><W110/><G110/><T59/><D38/><U48/><E78/><V26/><F33/><W125/><G42/><T1/><D1/><U6/><E104/><V4/><F36/><W70/><G34/><T97/><D102/><U10/><E96/><V95/><F43/><W21/><G69/><T64/><D64/><U113/><E113/><V61/><F12/><W109/><G70/><T32/><D32/><U37/><E37/><V67/><F4/><W49/><G60/><T123/><D108/><U106/><E106/><V76/><F54/><W114/><G109/><T18/><D18/><U24/><E24/><V132/><F132/><W129/><G129/><T94/><D77/><U46/><E46/><V100/><REACH who="2" step="1"/><F92/><REACH who="2" ten="242,370,158,220" step="2"/><W35/><G35/><T62/><D123/><U65/><E41/><V2/><F2/><N who="3" m="119" /><G25/><AGARI ba="0,1" hai="16,20,25,55,59,62,73,74,85,90,94,97,101,105" machi="25" ten="30,2000,0" yaku="7,1,54,1" doraHai="135" who="0" fromWho="3" sc="242,30,370,0,158,0,220,-20" /><INIT seed="3,0,0,2,2,9" ten="272,370,158,200" oya="3" hai0="75,101,51,26,1,91,16,118,71,80,119,39,116" hai1="134,50,107,132,17,29,38,66,20,57,22,100,58" hai2="126,25,11,105,0,4,7,89,31,54,74,123,55" hai3="121,106,6,70,32,21,82,115,44,62,95,36,47"/><W84/><G115/><T83/><D39/><U90/><E38/><V76/><F126/><W10/><G121/><T130/><D71/><U117/><E117/><V85/><F123/><W49/><G106/><T59/><D1/><U79/><E79/><V94/><F105/><W133/><G32/><T92/><D101/><U122/><E122/><V97/><F74/><W60/><G133/><T5/><D5/><U104/><E100/><V111/><F111/><W99/><G36/><T93/><D93/><U64/><E17/><V24/><F24/><W102/><G21/><T86/><D130/><U78/><E78/><V23/><F4/><W40/><G47/><T61/><D51/><U98/><E50/><V41/><F41/><W88/><REACH who="3" step="1"/><G70/><REACH who="3" ten="272,370,158,190" step="2"/><T110/><D110/><U48/><E134/><V52/><REACH who="2" step="1"/><F76/><REACH who="2" ten="272,370,148,190" step="2"/><W18/><G18/><T12/><D119/><U113/><E132/><V14/><F14/><AGARI ba="0,2" hai="6,10,14,40,44,49,60,62,82,84,88,95,99,102" machi="14" ten="30,12000,1" yaku="1,1,7,1,8,1,52,1,54,1,53,0" doraHai="9" doraHaiUra="72" who="3" fromWho="2" sc="272,0,370,0,148,-120,190,140" /><INIT seed="3,1,0,1,1,127" ten="272,370,28,330" oya="3" hai0="51,67,88,58,102,105,129,28,2,39,55,8,34" hai1="132,50,62,49,83,114,120,117,64,122,126,45,25" hai2="72,115,14,110,21,10,44,86,103,133,31,118,59" hai3="41,98,82,27,43,57,70,109,100,99,0,121,80"/><W36/><G121/><T63/><BYE who="2" /><D102/><U111/><E126/><V128/><F128/><W23/><G70/><T101/><D101/><U5/><E114/><V16/><F16/><N who="3" m="12775" /><G0/><T123/><D105/><U46/><E117/><V30/><F30/><W13/><G36/><T26/><D123/><U77/><E132/><V6/><F6/><W52/><G109/><T18/><D39/><U24/><E5/><V74/><F74/><W19/><G82/><T107/><D107/><U79/><E111/><V3/><F3/><W54/><G80/><T97/><D129/><U91/><E91/><V90/><F90/><W11/><G54/><T104/><D104/><U33/><E83/><V7/><F7/><W61/><G100/><UN n2="%E3%81%9F%E3%81%84%E3%82%89%E3%81%9F%E3%81%84%E3%81%AF%E3%82%93" /><T9/><D2/><U20/><E33/><V93/><F93/><W81/><BYE who="2" /><G81/><T134/><D134/><U40/><E120/><V37/><F37/><W106/><G106/><T94/><REACH who="0" step="1"/><D18/><REACH who="0" ten="262,370,28,330" step="2"/><U53/><E122/><V12/><F12/><W65/><G65/><T76/><D76/><U95/><E79/><V29/><F29/><W47/><G47/><AGARI ba="1,1" hai="8,9,26,28,34,47,51,55,58,63,67,88,94,97" machi="47" ten="30,3900,0" yaku="1,1,7,1,54,1,53,0" doraHai="127" doraHaiUra="69" who="0" fromWho="3" sc="262,52,370,0,28,0,330,-42" owari="314,11.0,370,47.0,28,-47.0,288,-11.0" /></mjloggm>