<mjloggm ver="2.3"><GO type="97" lobby="0"/><UN n0="%E3%83%88%E3%83%AA%E3%82%A2%E3%83%8E%E3%83%B3%E2%99%AA" n1="%E9%AB%98%E6%9C%88%E5%AE%BF%E7%94%B7" n2="%36%61%72%72%6F%77%73" n3="%E3%83%88%E3%83%88%E3%83%AA%E5%85%88%E7%94%9F%31%39%E6%AD%B3" dan="16,15,13,13" rate="2001.59,2068.57,1851.97,1936.42" sx="M,M,M,F"/><TAIKYOKU oya="0"/><INIT seed="0,0,0,4,4,82" ten="250,250,250,250" oya="0" hai0="5,80,107,85,21,88,97,26,62,60,58,22,42" hai1="115,79,103,125,32,72,108,77,122,129,34,68,102" hai2="87,8,70,111,135,71,9,45,54,134,110,117,10" hai3="113,4,28,12,121,133,41,81,37,46,49,48,6"/><T73/><D42/><U19/><E19/><V86/><F117/><W3/><G113/><T78/><D5/><U43/><E43/><V120/><F120/><W25/><G121/><T38/><D38/><U90/><E122/><V65/><F65/><W118/><G118/><T61/><D58/><U39/><E39/><V63/><F45/><W96/><G133/><N who="2" m="50697" /><F54/><W119/><G119/><T1/><D1/><U15/><E15/><V75/><F75/><W50/><G3/><T89/><D89/><U84/><E68/><N who="2" m="26155" /><F63/><W126/><G126/><T23/><D107/><U16/><E125/><V128/><F128/><W47/><G47/><T0/><D0/><U18/><E129/><V83/><F83/><W92/><G12/><T40/><D40/><U104/><E72/><V130/><F130/><W105/><G105/><T127/><D127/><U30/><E104/><V114/><F114/><W20/><REACH who="3" step="1"/><G81/><REACH who="3" ten="250,250,250,240" step="2"/><T93/><D73/><U44/><E115/><V66/><F66/><W57/><G57/><T112/><D112/><U53/><E44/><V109/><AGARI ba="0,1" hai="8,9,10,86,87,109,110,111" m="26155,50697" machi="109" ten="50,12000,2" yaku="28,2,14,1,20,1,52,2" doraHai="82" who="2" fromWho="2" sc="250,-60,250,-30,250,130,240,-30" /><INIT seed="1,0,0,0,1,64" ten="190,220,380,210" oya="1" hai0="118,99,62,53,40,134,0,63,27,29,58,34,85" hai1="110,39,103,73,123,25,48,30,87,4,50,35,37" hai2="117,13,129,74,120,122,52,131,91,59,15,47,5" hai3="121,18,12,126,92,106,28,112,14,45,57,115,100"/><U22/><E73/><V79/><F117/><W135/><G121/><T124/><D118/><U51/><E123/><V105/><F105/><W10/><G106/><T8/><D124/><U7/><E103/><V49/><F120/><W16/><G126/><T76/><D134/><U70/><E87/><V128/><F122/><W77/><G135/><T33/><D33/><U61/><E35/><V2/><F79/><W78/><G28/><T19/><D40/><U17/><E30/><V32/><F32/><W95/><G45/><T21/><D99/><U3/><E3/><V130/><F74/><W80/><G57/><T26/><D76/><U97/><E97/><V65/><N who="2" m="33280" /><DORA hai="23" /><V113/><F113/><W67/><G67/><T104/><D85/><U24/><E110/><V86/><F5/><W114/><G100/><T55/><D104/><U109/><E109/><V20/><F2/><W125/><G125/><T81/><D81/><U82/><E82/><N who="2" m="49623" /><F20/><W69/><G78/><T72/><D72/><U108/><E108/><V43/><F65/><W60/><G80/><T83/><D83/><U88/><E7/><V44/><F44/><W89/><G77/><T54/><D0/><U127/><E4/><V107/><F107/><W132/><G132/><T11/><D54/><U119/><E127/><V101/><F101/><W38/><G89/><T1/><D1/><U96/><E119/><V66/><F66/><N who="3" m="41159" /><G95/><T98/><D98/><U6/><E96/><V68/><F68/><W56/><G92/><T102/><D102/><U84/><E88/><V46/><F46/><W133/><G115/><RYUUKYOKU ba="0,0" sc="190,15,220,-15,380,15,210,-15" hai0="8,11,19,21,26,27,29,34,53,55,58,62,63" hai2="13,15,43,47,49,52,59" /><INIT seed="2,1,0,2,4,114" ten="205,205,395,195" oya="2" hai0="103,43,38,62,70,8,57,16,111,84,96,85,74" hai1="101,117,122,119,86,13,97,95,129,37,106,130,127" hai2="107,12,71,45,23,33,82,115,49,30,98,34,112" hai3="121,108,40,19,109,118,56,135,26,7,89,15,83"/><V9/><F71/><W81/><G121/><T80/><D111/><N who="3" m="42569" /><G135/><T10/><D70/><U90/><E37/><V1/><F115/><W100/><G7/><T91/><D74/><U27/><E27/><V59/><F112/><W65/><G118/><N who="1" m="45066" /><E13/><V120/><F120/><W11/><G26/><T128/><D128/><N who="1" m="49259" /><E122/><V55/><F1/><W113/><G113/><T39/><D39/><U67/><E67/><V116/><F116/><W52/><G40/><T3/><D43/><U105/><E127/><V125/><F125/><W132/><G132/><T50/><D50/><U31/><E31/><V54/><F23/><W5/><G5/><T92/><D38/><U48/><E48/><V126/><F30/><W35/><G35/><T42/><D42/><U46/><E46/><V88/><F126/><W134/><G65/><N who="0" m="39119" /><D3/><U41/><E41/><V93/><F107/><AGARI ba="1,0" hai="86,90,95,97,101,105,106,107" m="49259,45066" machi="107" ten="30,12000,2" yaku="19,1,34,2,52,3" doraHai="114" who="1" fromWho="2" sc="205,0,205,123,395,-123,195,0" /><INIT seed="3,0,0,4,5,53" ten="205,328,272,195" oya="3" hai0="102,107,26,18,28,2,56,90,25,111,135,43,17" hai1="80,63,104,76,19,94,110,69,91,87,72,67,134" hai2="125,10,93,83,7,50,84,49,106,109,41,88,11" hai3="78,22,96,6,40,85,75,29,20,46,35,82,99"/><W92/><G6/><T74/><D74/><U4/><E4/><V21/><F106/><W65/><G75/><T30/><D2/><U95/><E104/><V44/><F109/><W101/><G35/><T86/><D111/><U23/><E110/><V114/><F114/><W124/><G124/><T0/><D0/><U5/><E5/><V64/><F125/><W131/><G131/><T129/><D43/><U68/><E134/><V3/><F64/><W115/><G115/><T27/><D135/><U31/><E31/><V61/><F61/><W118/><G118/><T130/><D102/><U12/><E95/><V120/><F120/><W15/><G29/><N who="0" m="11371" /><D107/><U47/><E47/><V128/><F128/><N who="0" m="49258" /><D56/><AGARI ba="0,0" hai="12,19,23,56,63,67,68,69,72,76,80,87,91,94" machi="56" ten="30,2000,0" yaku="7,1,52,1" doraHai="53" who="1" fromWho="0" sc="205,-20,328,20,272,0,195,0" owari="185,-31.0,348,44.0,272,7.0,195,-20.0" /></mjloggm>