<mjloggm ver="2.3"><GO type="169" lobby="0"/><UN n0="%E3%82%AF%E3%83%AD%E3%83%8E%E3%82%B9%40" n1="%E3%83%88%E3%83%88%E3%83%AA%E5%85%88%E7%94%9F%31%39%E6%AD%B3" n2="%E3%83%AB%E3%83%BC%E3%82%B7%E3%82%A2%E3%81%AE%E3%82%88%E3%81%86%E3%81%AB" n3="%E3%81%BE%E3%81%A4%E3%82%86%E3%81%8D" dan="16,18,16,16" rate="2123.96,2274.07,2082.89,2196.73" sx="M,F,M,M"/><TAIKYOKU oya="0"/><INIT seed="0,0,0,4,2,113" ten="250,250,250,250" oya="0" hai0="83,120,60,7,20,8,35,109,134,23,107,32,4" hai1="121,114,61,129,9,58,90,31,13,43,18,53,68" hai2="45,125,96,34,38,47,118,103,123,64,111,66,92" hai3="104,44,124,133,69,22,74,33,27,86,28,55,94"/><T117/><D107/><U30/><E121/><V127/><F123/><W116/><G104/><T11/><D83/><U115/><E129/><V73/><F73/><W57/><G74/><T84/><D84/><U12/><E68/><V41/><F34/><N who="0" m="12842" /><D60/><U14/><E43/><V50/><F111/><W131/><G69/><T106/><D106/><U91/><E115/><V5/><F5/><N who="0" m="2122" /><D120/><U16/><E14/><V42/><F118/><W67/><G116/><T110/><D117/><U108/><E108/><N who="0" m="41577" /><D134/><U130/><E114/><V62/><F62/><W119/><G133/><T70/><D70/><U15/><E130/><V100/><F103/><W95/><G131/><T6/><D6/><U88/><REACH who="1" step="1"/><E15/><REACH who="1" ten="250,240,250,250" step="2"/><V75/><F75/><W25/><G119/><T63/><D63/><U101/><E101/><V29/><F41/><W105/><G67/><T56/><D56/><U99/><E99/><V71/><F64/><W76/><G57/><T81/><D81/><U2/><E2/><V72/><F66/><W36/><G55/><T3/><D3/><U89/><N who="1" m="22528" /><DORA hai="122" /><U77/><E77/><V19/><F71/><W97/><G76/><T48/><D48/><U85/><E85/><V39/><F50/><W54/><G86/><T59/><D59/><U82/><E82/><V49/><F42/><W0/><G54/><T79/><D79/><U24/><E24/><V78/><F49/><W128/><G0/><T26/><D26/><U46/><E46/><V80/><F78/><W135/><G44/><T65/><D65/><U98/><E98/><V21/><F47/><W112/><G97/><RYUUKYOKU ba="0,1" sc="250,15,240,15,250,-15,250,-15" hai0="8,11,20,23" hai1="9,12,13,16,18,30,31,53,58,61" /><INIT seed="0,1,1,0,2,28" ten="265,255,235,235" oya="0" hai0="80,132,62,91,58,94,109,70,45,65,26,120,22" hai1="13,59,117,125,102,18,96,15,107,6,21,78,32" hai2="90,104,75,105,98,60,24,130,73,4,37,39,47" hai3="5,50,108,57,69,64,99,127,87,118,68,14,41"/><T8/><D120/><U55/><E117/><V74/><F130/><W93/><G118/><T7/><D132/><U101/><E125/><V100/><F4/><W113/><G113/><T135/><D135/><U34/><E78/><V20/><F105/><W77/><G127/><T122/><D122/><U53/><E53/><V95/><F60/><W54/><G108/><T92/><D109/><U106/><E6/><V2/><F2/><W27/><G41/><T63/><D45/><U81/><E81/><V114/><F114/><W16/><G5/><T97/><D80/><U79/><E79/><V10/><F10/><W44/><G27/><T48/><D48/><U11/><E13/><V29/><REACH who="2" step="1"/><F47/><REACH who="2" ten="265,255,225,235" step="2"/><W36/><G44/><T112/><D112/><U17/><E106/><V46/><F46/><W31/><G50/><T33/><D33/><BYE who="0" /><UN n0="%E3%82%AF%E3%83%AD%E3%83%8E%E3%82%B9%40" /><U51/><E107/><V103/><F103/><W66/><G36/><T25/><D22/><U119/><E119/><V72/><N who="2" m="18432" /><DORA hai="131" /><V129/><F129/><W56/><G69/><T124/><D124/><U123/><E123/><V82/><F82/><W9/><G68/><T19/><D94/><N who="1" m="58519" /><E102/><V67/><F67/><W121/><G66/><N who="0" m="39255" /><D7/><U52/><E55/><V126/><F126/><W12/><G121/><T0/><D0/><U1/><E1/><V43/><F43/><W85/><G54/><T71/><D71/><U110/><E110/><V134/><F134/><W115/><G115/><T38/><D38/><U111/><E111/><V89/><F89/><W116/><G116/><T30/><D30/><U86/><E11/><V42/><F42/><RYUUKYOKU ba="1,2" sc="265,15,255,-15,225,15,235,-15" hai0="8,19,25,26,63,65,70,91,92,97" hai2="20,24,29,37,39,90,95,98,100,104" /><INIT seed="0,2,2,2,5,102" ten="280,240,240,220" oya="0" hai0="33,61,34,104,123,107,23,35,32,83,121,132,119" hai1="51,22,103,84,81,91,108,10,12,92,7,5,64" hai2="78,99,26,1,9,118,2,125,65,130,109,129,27" hai3="122,21,50,90,28,46,111,86,126,134,96,56,68"/><T25/><D119/><U17/><E108/><V93/><F109/><W36/><G111/><T112/><D112/><U74/><E64/><V131/><F118/><W63/><G68/><T39/><D39/><U42/><E74/><V60/><F125/><W31/><G36/><T79/><D132/><U82/><E103/><N who="2" m="60911" /><F78/><W29/><G134/><T18/><N who="0" m="8192" /><DORA hai="58" /><T48/><D48/><U97/><E97/><V37/><F37/><W101/><G126/><T44/><D44/><N who="1" m="26007" /><E7/><N who="2" m="1263" /><F2/><W16/><G122/><T11/><D11/><U30/><E30/><V72/><F72/><W127/><G127/><T117/><D117/><U69/><E69/><AGARI ba="2,2" hai="26,27,60,65,69,129,130,131" m="1263,60911" machi="69" ten="30,2000,0" yaku="19,1,52,1" doraHai="102,58" who="2" fromWho="1" sc="280,0,240,-26,240,46,220,0" /><INIT seed="1,0,0,5,2,96" ten="280,214,286,220" oya="1" hai0="71,78,37,75,36,124,118,11,93,27,66,115,57" hai1="53,104,82,3,112,72,60,119,86,52,126,21,32" hai2="19,103,101,23,22,74,15,65,83,35,85,125,41" hai3="64,100,46,28,91,122,2,17,45,98,29,18,8"/><U24/><E112/><V109/><F74/><W70/><G122/><T123/><D118/><U132/><E119/><V9/><F35/><W25/><G91/><T127/><D115/><U44/><E3/><V102/><F109/><W14/><G2/><T55/><D123/><U113/><E113/><V106/><F106/><N who="3" m="63767" /><G29/><T107/><D107/><U99/><E32/><V89/><F125/><W40/><G17/><T67/><D11/><U4/><E4/><V50/><F65/><W80/><G80/><N who="0" m="45151" /><D27/><U6/><E132/><V129/><F129/><W12/><G12/><T79/><D79/><U51/><E6/><V33/><F33/><N who="3" m="20623" /><G40/><T62/><D67/><U1/><E72/><V111/><F111/><W94/><G94/><T7/><D93/><U59/><E1/><V131/><F131/><W47/><G46/><AGARI ba="0,0" hai="9,15,19,22,23,41,46,50,83,85,89,101,102,103" machi="46" ten="40,8000,1" yaku="8,1,52,3" doraHai="96" who="2" fromWho="3" sc="280,0,214,0,286,80,220,-80" /><INIT seed="2,0,0,3,0,34" ten="280,214,366,140" oya="2" hai0="131,106,39,74,50,53,81,68,71,9,65,56,4" hai1="62,22,44,75,112,86,5,78,33,118,42,48,26" hai2="129,66,73,125,127,15,119,60,49,103,88,18,130" hai3="67,121,38,21,51,79,132,76,105,128,47,11,31"/><V100/><F119/><W41/><G121/><T59/><D106/><U87/><E112/><V25/><F73/><W133/><G105/><T36/><D131/><N who="2" m="50186" /><F25/><N who="3" m="16815" /><G128/><T85/><D74/><U58/><E118/><V54/><F88/><W134/><G67/><T64/><D59/><U77/><E33/><V89/><F89/><W94/><G94/><T2/><D65/><N who="1" m="39127" /><E5/><V3/><F3/><W98/><G98/><T30/><D30/><N who="1" m="17751" /><E75/><V126/><F60/><W52/><G11/><T90/><REACH who="0" step="1"/><D64/><REACH who="0" ten="270,214,366,140" step="2"/><U0/><E0/><V16/><F66/><W124/><G124/><T83/><D83/><U95/><E95/><V29/><F29/><W96/><G134/><T28/><D28/><U19/><E19/><N who="2" m="7211" /><F15/><W82/><G133/><T115/><D115/><U8/><E8/><V20/><F20/><W63/><G132/><T46/><D46/><AGARI ba="0,1" hai="46,49,54,100,103,125,126,127" m="7211,50186" machi="46" ten="40,7700,0" yaku="18,1,19,1,54,1" doraHai="34" who="2" fromWho="0" sc="270,-77,214,0,366,87,140,0" /><INIT seed="2,1,0,1,1,129" ten="193,214,453,140" oya="2" hai0="97,121,113,101,32,28,66,84,13,36,2,85,19" hai1="48,120,7,15,42,8,57,128,68,73,44,47,16" hai2="23,75,9,89,10,65,11,53,102,0,64,91,79" hai3="103,131,76,37,99,33,81,27,77,110,14,71,122"/><V70/><F70/><W52/><G122/><T95/><D113/><U94/><E120/><V45/><F0/><W67/><G37/><T125/><D121/><U119/><E68/><V82/><F102/><W34/><G131/><T107/><D2/><U39/><E128/><V6/><F6/><W38/><G38/><T58/><D36/><U83/><E119/><V135/><F135/><W3/><G3/><T78/><D125/><U90/><E57/><V54/><F23/><W63/><G110/><T80/><D32/><U61/><E61/><V116/><F45/><W115/><G115/><T74/><D28/><U12/><E73/><V88/><REACH who="2" step="1"/><F116/><REACH who="2" ten="193,214,443,140" step="2"/><W69/><G69/><T134/><D134/><U25/><E44/><V51/><F51/><W117/><G117/><T123/><D123/><U127/><E39/><V62/><F62/><W106/><G34/><T55/><D101/><U118/><E118/><V98/><F98/><W100/><G100/><T46/><D97/><U56/><E127/><V133/><F133/><W4/><G4/><T92/><D46/><U86/><E56/><V22/><F22/><W132/><G132/><T72/><D58/><U18/><E25/><V60/><F60/><W35/><G35/><T96/><D96/><N who="1" m="57431" /><E15/><V59/><F59/><W20/><G14/><T1/><D1/><U126/><E126/><V87/><F87/><N who="3" m="48551" /><G33/><T111/><D84/><U5/><E5/><V105/><F105/><W109/><G106/><T130/><D107/><U40/><E40/><V30/><F30/><W104/><G71/><T26/><D130/><U17/><E7/><RYUUKYOKU ba="1,1" sc="193,-15,214,15,443,15,140,-15" hai1="8,12,16,17,18,42,47,48,83,86" hai2="9,10,11,53,54,64,65,75,79,82,88,89,91" /><INIT seed="2,2,1,0,3,128" ten="178,229,458,125" oya="2" hai0="93,4,129,104,135,43,24,13,122,66,86,62,85" hai1="35,111,96,55,41,71,97,37,44,56,102,113,73" hai2="107,20,60,89,48,42,3,121,124,31,5,125,39" hai3="47,105,83,51,49,12,32,8,19,116,110,130,112"/><V99/><F121/><W88/><G116/><T54/><D122/><U61/><E113/><V100/><F39/><W101/><G112/><T64/><D104/><U9/><E73/><V133/><F60/><W68/><G130/><T106/><D106/><U2/><E35/><V117/><F117/><W84/><G68/><T74/><D74/><U10/><E111/><V75/><F75/><W22/><G32/><T69/><D129/><U17/><E2/><V94/><F5/><W26/><G110/><T67/><D43/><U40/><E40/><V108/><F3/><W131/><G131/><T114/><D114/><U6/><E6/><V45/><F108/><W28/><G105/><T7/><D24/><U79/><E79/><V98/><F31/><W58/><G101/><T34/><D34/><U16/><E102/><V78/><F20/><W59/><G51/><T21/><D135/><U132/><E132/><V127/><F78/><W50/><G50/><T15/><D69/><U120/><E120/><V36/><F36/><W38/><G38/><T134/><D134/><AGARI ba="2,1" hai="42,45,48,89,94,98,99,100,107,124,125,127,133,134" machi="134" ten="50,9600,0" yaku="18,1,52,2" doraHai="128" who="2" fromWho="0" sc="178,-102,229,0,458,112,125,0" /><INIT seed="2,3,0,5,2,107" ten="76,229,570,125" oya="2" hai0="82,100,74,85,120,93,8,106,48,47,5,42,122" hai1="52,53,88,11,81,121,96,73,89,119,92,20,84" hai2="117,14,67,60,91,13,65,102,115,63,76,2,125" hai3="105,33,86,15,29,124,111,62,78,58,133,45,4"/><V41/><F117/><W87/><G105/><T77/><D106/><U135/><E119/><V126/><F2/><W123/><G123/><T134/><D134/><U44/><E135/><V94/><F102/><W98/><G133/><T132/><D132/><U43/><E121/><V72/><F41/><W31/><G98/><T36/><D48/><N who="1" m="26655" /><E73/><V1/><F1/><W95/><G33/><T113/><D113/><U71/><E71/><V54/><F54/><W50/><G124/><T35/><D35/><U49/><E49/><V37/><F37/><W24/><G24/><T101/><D101/><U110/><E110/><V130/><F76/><W23/><G111/><T3/><D85/><N who="3" m="32265" /><G95/><T128/><D128/><U39/><E39/><V46/><F94/><W109/><G78/><T17/><D17/><U10/><E20/><V57/><F130/><W99/><G99/><AGARI ba="3,0" hai="3,5,8,36,42,47,74,77,82,93,99,100,120,122" machi="99" ten="40,5200,0" yaku="25,2,52,1" doraHai="107" who="0" fromWho="3" sc="76,61,229,0,570,0,125,-61" /><INIT seed="3,0,0,2,4,33" ten="137,229,570,64" oya="3" hai0="132,107,80,96,103,86,28,111,116,101,39,67,125" hai1="38,14,55,93,8,3,2,110,17,7,130,89,119" hai2="72,26,9,36,92,120,60,91,18,23,115,82,109" hai3="44,126,40,98,42,69,56,53,37,21,19,129,75"/><W85/><G75/><T118/><D39/><U66/><E38/><V79/><F115/><W114/><G114/><T100/><D67/><U81/><E110/><V133/><F109/><W4/><G42/><T102/><D28/><U48/><E130/><V15/><F133/><W87/><G129/><T13/><D111/><U62/><E81/><V27/><F120/><W0/><G69/><T106/><D13/><U61/><E119/><N who="0" m="45609" /><D132/><U22/><E66/><V50/><F36/><W113/><G113/><T41/><D41/><U11/><E11/><V104/><F104/><W47/><G47/><T68/><D68/><U63/><E3/><V16/><F60/><W54/><G54/><T1/><D1/><U122/><E122/><V112/><F50/><W64/><G64/><T32/><D32/><U124/><E124/><V20/><F112/><W83/><G126/><T131/><D131/><U29/><E29/><V49/><F49/><W99/><G87/><T51/><D51/><U97/><REACH who="1" step="1"/><E61/><REACH who="1" ten="137,219,570,64" step="2"/><V105/><F82/><W134/><G134/><T74/><D125/><U52/><E52/><V135/><F9/><N who="3" m="2183" /><G19/><T71/><D74/><U77/><E77/><V95/><F72/><W108/><G108/><T12/><D107/><U59/><AGARI ba="0,1" hai="2,7,8,14,17,22,48,55,59,62,63,89,93,97" machi="59" ten="20,5200,0" yaku="1,1,0,1,7,1,52,1,53,0" doraHai="33" doraHaiUra="43" who="1" fromWho="1" sc="137,-13,219,62,570,-13,64,-26" /><INIT seed="4,0,0,5,1,81" ten="124,281,557,38" oya="0" hai0="64,127,67,17,106,11,42,82,104,39,21,53,84" hai1="103,132,125,58,110,48,134,25,96,119,65,116,41" hai2="24,56,61,105,62,12,46,27,37,3,69,109,89" hai3="93,32,7,57,28,114,60,79,133,97,131,100,126"/><T77/><D127/><U129/><E110/><V98/><F3/><W124/><G114/><T22/><D39/><U10/><E125/><N who="3" m="48234" /><G133/><N who="1" m="51306" /><E10/><V85/><F69/><W31/><G131/><T71/><D42/><U52/><E129/><V14/><F109/><W83/><G7/><T86/><D104/><N who="1" m="63591" /><E65/><N who="0" m="25161" /><D106/><U107/><E107/><V101/><F37/><W80/><G32/><T94/><D71/><U5/><E5/><V63/><F46/><W15/><G15/><N who="0" m="7423" /><D53/><U135/><E135/><V50/><F105/><W20/><G20/><T19/><D19/><U112/><E112/><V1/><F1/><W43/><G43/><T13/><D13/><U87/><E25/><V36/><F36/><W51/><G51/><T29/><D29/><N who="3" m="11337" /><G79/><T38/><D38/><U123/><E41/><V2/><F2/><W26/><G26/><T122/><D122/><U72/><E123/><V0/><F0/><W76/><G76/><T59/><D59/><U54/><E54/><AGARI ba="0,0" hai="54,57,60,80,83,93,97,100" m="11337,48234" machi="54" ten="30,1000,0" yaku="18,1" doraHai="81" who="3" fromWho="1" sc="124,0,281,-10,557,0,38,10" /><INIT seed="5,0,0,0,5,18" ten="124,271,557,48" oya="1" hai0="27,133,65,115,39,2,69,63,43,127,75,104,66" hai1="47,30,25,135,48,99,38,13,21,130,50,64,56" hai2="93,113,116,89,9,88,87,94,123,20,118,62,79" hai3="46,126,73,15,70,45,129,17,121,52,16,11,84"/><U96/><E130/><V105/><F123/><W4/><G73/><T58/><D75/><U68/><E68/><V72/><F9/><W131/><G121/><T40/><D104/><U55/><E135/><V60/><F20/><W117/><G70/><T125/><D2/><U119/><E119/><V86/><F105/><W33/><G33/><T112/><D27/><U100/><E38/><V106/><F106/><W57/><G117/><T42/><D39/><U3/><E3/><V80/><F113/><N who="0" m="43594" /><D133/><U31/><E100/><V85/><F60/><AGARI ba="0,0" hai="40,42,43,58,60,63,65,66,69,125,127" m="43594" machi="60" ten="40,5200,0" yaku="15,1,34,2" doraHai="18" who="0" fromWho="2" sc="124,52,271,0,557,-52,48,0" /><INIT seed="6,0,0,2,0,76" ten="176,271,505,48" oya="2" hai0="85,132,126,91,114,51,15,115,104,16,26,52,21" hai1="43,99,12,98,75,4,45,3,69,101,1,28,8" hai2="97,22,32,18,9,82,62,39,66,10,78,84,7" hai3="49,54,118,94,96,116,81,134,59,2,72,109,34"/><V58/><F39/><W44/><G109/><T31/><D104/><U124/><E69/><V60/><F32/><W86/><G72/><T24/><D132/><U65/><E65/><V23/><F97/><W130/><G134/><T128/><D128/><U77/><E124/><V42/><F42/><W88/><G130/><T89/><D126/><U73/><E98/><V17/><F62/><W87/><G34/><T53/><D53/><U100/><E100/><V36/><F36/><W119/><G2/><T25/><D31/><U57/><E57/><V68/><F68/><W127/><G127/><T117/><D117/><U113/><E113/><N who="0" m="43017" /><D85/><U30/><E3/><V13/><REACH who="2" step="1"/><F7/><REACH who="2" ten="176,271,495,48" step="2"/><W70/><G70/><T122/><D122/><U20/><E4/><V120/><F120/><W110/><G110/><T103/><D103/><U71/><E101/><V48/><F48/><W41/><REACH who="3" step="1"/><G81/><REACH who="3" ten="176,271,495,38" step="2"/><T112/><D112/><U50/><E71/><V106/><F106/><W67/><G67/><T29/><D29/><U105/><E105/><V74/><F74/><W79/><G79/><T133/><D133/><U80/><E75/><V123/><F123/><W56/><G56/><AGARI ba="0,2" hai="15,16,21,24,25,26,51,52,56,89,91" m="43017" machi="56" ten="30,3900,0" yaku="15,1,54,2" doraHai="76" who="0" fromWho="3" sc="176,59,271,0,495,0,38,-39" owari="235,-16.0,271,7.0,495,59.0,-1,-50.0" /></mjloggm>