<mjloggm ver="2.3"><GO type="193" lobby="0"/><UN n0="%E3%83%A0%E3%83%A9%E3%82%B5%E3%82%AD%E7%A7%A9%E7%88%B6" n1="%E3%82%BC%E3%83%B3%E3%83%84%E3%81%A7%E3%83%AD%E3%83%B3" n2="%E3%83%A2%E3%82%B9%E3%83%A2%E3%82%B9%E3%83%A2%E3%82%B9" n3="%E3%83%88%E3%83%88%E3%83%AA%E5%85%88%E7%94%9F%31%39%E6%AD%B3" dan="11,1,11,0" rate="1784.00,1528.06,1543.28,1480.35" sx="M,F,F,F"/><TAIKYOKU oya="0"/><INIT seed="0,0,0,4,4,119" ten="250,250,250,250" oya="0" hai0="49,131,74,7,57,21,116,130,124,109,0,117,76" hai1="13,104,28,11,34,101,32,83,126,112,81,80,33" hai2="89,91,60,110,58,2,114,92,66,36,19,50,127" hai3="100,69,26,71,25,12,48,82,51,68,59,123,86"/><T75/><D0/><U113/><E126/><V9/><F114/><W95/><G123/><T1/><D1/><U29/><E104/><V77/><F2/><W65/><G12/><T61/><D124/><U96/><E101/><V38/><F127/><W118/><G118/><T134/><D7/><U108/><E108/><V79/><F110/><W37/><G37/><T84/><D49/><U67/><E67/><V99/><F38/><W22/><G25/><T5/><D5/><U120/><E120/><V16/><F36/><W88/><G65/><T44/><D109/><U42/><E42/><V47/><F91/><W17/><G59/><T56/><D134/><U125/><E96/><V3/><F3/><W121/><G121/><T97/><D117/><U135/><E135/><V46/><F19/><W52/><G52/><N who="0" m="33927" /><D44/><U73/><E73/><V87/><F47/><W6/><G6/><T4/><D116/><U103/><E103/><V15/><REACH who="2" step="1"/><F87/><REACH who="2" ten="250,250,240,250" step="2"/><W93/><G100/><T54/><D75/><U39/><E39/><V31/><F31/><W128/><G128/><N who="0" m="49195" /><D74/><U105/><E125/><V14/><F14/><W129/><G129/><T63/><D97/><U90/><E112/><V45/><F45/><W30/><G30/><T18/><D84/><U111/><E113/><V94/><F94/><W53/><G95/><T70/><D76/><U24/><E111/><V85/><F85/><W133/><G133/><T8/><D70/><U115/><E115/><V78/><F78/><W27/><G93/><T102/><D8/><U106/><E90/><V64/><F64/><W55/><G27/><RYUUKYOKU ba="0,1" sc="250,-15,250,-15,240,15,250,15" hai2="9,15,16,46,50,58,60,66,77,79,89,92,99" hai3="17,22,26,48,51,53,55,68,69,71,82,86,88" /><INIT seed="1,1,1,1,0,25" ten="235,235,255,265" oya="1" hai0="21,41,134,114,97,88,11,99,81,103,110,12,90" hai1="16,98,71,96,118,45,70,123,67,131,79,27,125" hai2="44,35,77,113,63,65,121,34,48,122,117,57,111" hai3="87,78,68,85,53,13,101,106,40,72,129,47,1"/><U91/><E123/><V43/><F117/><W61/><G1/><T50/><D110/><U56/><E118/><V22/><F121/><W37/><G129/><T133/><D114/><U24/><E131/><V76/><F122/><W132/><G132/><N who="0" m="50795" /><D21/><U119/><E125/><V126/><F35/><W64/><G72/><T55/><D41/><U104/><E71/><V127/><F34/><W39/><G39/><T51/><D81/><U116/><E70/><V18/><F111/><W84/><G13/><T109/><D109/><U95/><E119/><V49/><F113/><W31/><G31/><T102/><D51/><U42/><E79/><V83/><F49/><W128/><G128/><T105/><D50/><U107/><E116/><V2/><F2/><W28/><G28/><T58/><D58/><U20/><E27/><V135/><F135/><W69/><G53/><T30/><D55/><U124/><E124/><N who="2" m="47659" /><F83/><W100/><G78/><T33/><D33/><U7/><E42/><V80/><F80/><W130/><G130/><T4/><D30/><U59/><E45/><V112/><F112/><W29/><G69/><T5/><D5/><U46/><E46/><V94/><F94/><AGARI ba="1,1" hai="4,11,12,88,90,94,97,99,102,103,105" m="50795" machi="94" ten="30,2000,0" yaku="20,1,54,1" doraHai="25" who="0" fromWho="2" sc="235,33,235,0,255,-23,265,0" /><INIT seed="2,0,0,2,0,83" ten="268,235,232,265" oya="2" hai0="102,130,71,31,76,101,123,115,118,24,107,77,114" hai1="78,1,29,124,95,16,111,37,109,133,57,112,75" hai2="59,131,60,89,26,82,15,56,12,65,3,103,116" hai3="47,81,40,85,90,44,7,20,108,80,11,72,96"/><V49/><F116/><W10/><G108/><T127/><D123/><U4/><E37/><V87/><F3/><W39/><G47/><T79/><D118/><U104/><E104/><V45/><F103/><W61/><G61/><T13/><D71/><U66/><E112/><V30/><F131/><W113/><G113/><T105/><D130/><U64/><E133/><V32/><REACH who="2" step="1"/><F59/><REACH who="2" ten="268,235,222,265" step="2"/><W121/><G121/><T2/><D2/><U9/><E57/><V46/><F46/><W132/><G132/><T38/><D127/><U92/><E111/><V99/><F99/><W69/><G96/><T100/><D38/><U86/><E109/><V6/><F6/><W126/><G126/><T28/><D13/><U110/><E110/><V41/><AGARI ba="0,1" hai="12,15,26,30,32,41,45,49,56,60,65,82,87,89" machi="41" ten="20,7800,0" yaku="1,1,0,1,7,1,52,1,53,0" doraHai="83" doraHaiUra="106" who="2" fromWho="2" sc="268,-26,235,-26,222,88,265,-26" /><INIT seed="2,1,0,3,1,7" ten="242,209,310,239" oya="2" hai0="38,40,29,22,3,121,123,9,100,124,20,94,36" hai1="1,47,0,95,39,80,125,85,117,65,46,91,114" hai2="76,113,77,134,35,120,97,83,87,132,16,79,109" hai3="33,23,101,28,69,14,57,111,43,60,88,118,10"/><V112/><F35/><W84/><G118/><T5/><D124/><U56/><E117/><V93/><F120/><W17/><G111/><T98/><D40/><U70/><E114/><N who="2" m="44139" /><F16/><N who="3" m="8279" /><G69/><T135/><D135/><N who="2" m="51754" /><F109/><W86/><G33/><T104/><D29/><U59/><E70/><V58/><F58/><W81/><G43/><T52/><D121/><U78/><E39/><V30/><F30/><W115/><G115/><T8/><D123/><U68/><E68/><V15/><F15/><N who="3" m="9663" /><G28/><T50/><D104/><U108/><E125/><V90/><AGARI ba="1,0" hai="76,77,79,83,87,90,93,97" m="51754,44139" machi="90" ten="30,6000,0" yaku="20,1,34,2" doraHai="7" who="2" fromWho="2" sc="242,-21,209,-21,310,63,239,-21" /><INIT seed="2,2,0,3,5,34" ten="221,188,373,218" oya="2" hai0="90,116,82,63,31,121,112,124,9,79,104,39,67" hai1="66,18,98,10,14,95,33,64,17,106,57,11,132" hai2="1,65,120,135,35,41,21,71,100,87,7,118,86" hai3="88,125,16,37,93,123,68,83,107,26,85,75,99"/><V32/><F120/><W44/><G123/><T55/><D121/><U81/><E132/><V111/><F118/><W84/><G68/><T129/><D112/><U23/><E33/><V38/><F135/><W126/><G37/><T134/><D134/><U133/><E133/><V2/><F71/><W13/><G44/><T22/><D104/><U53/><E106/><V113/><F113/><W115/><G115/><T54/><D39/><U92/><E81/><V59/><F100/><N who="3" m="62879" /><G26/><T97/><D116/><U49/><E95/><V109/><F7/><W89/><G16/><T130/><D9/><U42/><E42/><V3/><F21/><W94/><G13/><T72/><D124/><U28/><E28/><V61/><F38/><W70/><G70/><T108/><D108/><N who="2" m="41546" /><F41/><W25/><G25/><N who="0" m="16823" /><D97/><U46/><E46/><V5/><F5/><W8/><G8/><T51/><D90/><U30/><E30/><V0/><N who="2" m="512" /><DORA hai="19" /><V128/><F128/><N who="0" m="49258" /><D51/><U40/><E40/><V62/><F62/><W73/><G94/><T119/><D119/><U29/><E29/><V127/><F127/><AGARI ba="2,0" hai="73,75,83,84,85,88,89,93,125,126,127" m="62879" machi="127" ten="30,7700,0" yaku="18,1,34,2,54,1" doraHai="34,19" who="3" fromWho="2" sc="221,0,188,0,373,-83,218,83" /><INIT seed="3,0,0,0,3,107" ten="221,188,290,301" oya="3" hai0="72,55,121,7,89,103,21,31,95,78,18,56,124" hai1="22,80,33,122,19,38,32,23,109,0,91,132,36" hai2="83,88,17,11,76,50,47,53,90,10,57,65,96" hai3="120,51,115,48,93,67,125,26,30,79,58,69,127"/><W130/><G115/><T8/><D121/><U54/><E122/><V134/><F134/><W112/><G112/><T4/><D72/><U9/><E132/><V105/><F105/><W1/><G120/><T92/><D124/><N who="3" m="47689" /><G130/><T131/><D78/><U118/><E118/><V64/><F76/><W117/><G117/><T102/><D95/><U110/><E54/><V28/><F28/><W27/><G1/><T3/><D31/><U15/><E91/><V13/><F11/><W35/><G69/><T104/><D131/><U87/><E87/><N who="2" m="50303" /><F57/><W111/><G26/><T5/><D104/><U128/><E128/><V86/><F96/><W68/><G111/><N who="1" m="42506" /><E80/><AGARI ba="0,0" hai="10,13,17,47,50,53,64,65,80,86,90" m="50303" machi="80" ten="30,3900,0" yaku="25,1,8,1,54,1" doraHai="107" who="2" fromWho="1" sc="221,0,188,-39,290,39,301,0" owari="221,-18.0,149,-35.0,329,43.0,301,10.0" /></mjloggm>