<mjloggm ver="2.3"><GO type="225" lobby="0"/><UN n0="%73%2E%63%65%6C%74%79" n1="%E3%83%86%E3%82%A3%E3%82%AB%2D%CE%B3" n2="%E9%9D%92%E7%A9%BA%E7%89%87%E6%80%9D%E3%81%84" n3="%E3%83%88%E3%83%88%E3%83%AA%E5%85%88%E7%94%9F%31%39%E6%AD%B3" dan="16,17,16,16" rate="2092.46,2103.11,2142.50,2138.09" sx="F,M,M,F"/><TAIKYOKU oya="0"/><INIT seed="0,0,0,2,0,8" ten="250,250,250,250" oya="0" hai0="35,86,22,57,84,118,3,85,117,51,69,99,83" hai1="135,127,106,37,13,17,94,59,126,23,5,25,80" hai2="74,49,82,9,114,15,55,63,125,89,71,67,97" hai3="116,134,93,122,79,0,131,124,109,60,54,58,64"/><T111/><D69/><U45/><E106/><V129/><F114/><W48/><G0/><T28/><D35/><U33/><E80/><V90/><F125/><N who="1" m="47625" /><E59/><V4/><F129/><W128/><G124/><T88/><D3/><U61/><E61/><V11/><F97/><W34/><G34/><T115/><D115/><U47/><E94/><V62/><F62/><W120/><G93/><N who="0" m="56743" /><D111/><U1/><E135/><V123/><F11/><W30/><G30/><T105/><D105/><U130/><E37/><V132/><F123/><N who="3" m="47147" /><G79/><N who="0" m="46207" /><D118/><U65/><E130/><N who="3" m="49706" /><G134/><T95/><D95/><U39/><E39/><V10/><F132/><W110/><G116/><T20/><D117/><U41/><E1/><V133/><F133/><W78/><G78/><T43/><D57/><AGARI ba="0,0" hai="48,54,57,58,60,64,109,110" m="49706,47147" machi="57" ten="30,7700,0" yaku="13,1,19,1,34,2" doraHai="8" who="3" fromWho="0" sc="250,-77,250,0,250,0,250,77" /><INIT seed="1,0,0,2,3,14" ten="173,250,250,327" oya="1" hai0="11,96,27,123,102,1,65,103,28,112,113,15,90" hai1="134,36,107,4,38,41,121,10,67,94,26,89,33" hai2="64,116,93,17,50,97,106,39,34,29,108,66,117" hai3="80,100,87,125,84,12,54,23,69,9,6,77,126"/><U53/><E107/><V58/><F108/><W57/><G69/><T78/><D123/><U8/><E67/><V118/><F39/><W122/><G122/><T132/><D1/><U13/><E134/><V91/><F106/><W48/><G100/><T59/><D132/><U81/><E81/><V92/><F34/><W22/><G87/><T25/><D78/><U85/><E41/><V24/><F93/><W19/><REACH who="3" step="1"/><G23/><REACH who="3" ten="173,250,250,317" step="2"/><T44/><D112/><U71/><E71/><V68/><F68/><W42/><G42/><T51/><D113/><U73/><E85/><V119/><F119/><W86/><G86/><T31/><D102/><U2/><E121/><V129/><F118/><W111/><G111/><T61/><D103/><U55/><E33/><V70/><F117/><W130/><G130/><T109/><D109/><U40/><E40/><V79/><F129/><W63/><G63/><T72/><D72/><U83/><E73/><V128/><F128/><W133/><G133/><T120/><D120/><U3/><E36/><V5/><F70/><W115/><G115/><T32/><D96/><U104/><E38/><V56/><F97/><W18/><G18/><T0/><D90/><U99/><E89/><V37/><F91/><W74/><G74/><T47/><D51/><U131/><E99/><V52/><F50/><W95/><G95/><T114/><D114/><U124/><E94/><V21/><F92/><W88/><G88/><T45/><D32/><U35/><E104/><V46/><F116/><W43/><G43/><T135/><D135/><U75/><E35/><V98/><F37/><RYUUKYOKU ba="0,1" sc="173,-10,250,-10,250,-10,317,30" hai3="6,9,12,19,22,48,54,57,77,80,84,125,126" /><INIT seed="2,1,1,4,5,66" ten="163,240,240,347" oya="2" hai0="84,133,22,15,43,77,124,103,128,91,83,72,89" hai1="87,101,106,104,44,82,111,75,76,114,105,108,60" hai2="49,45,81,5,12,130,109,29,27,0,39,118,21" hai3="38,51,11,9,46,35,40,33,32,122,7,41,26"/><V116/><F130/><W52/><G122/><T50/><D43/><U132/><E44/><V3/><F39/><W80/><G9/><T28/><D50/><U69/><E114/><V98/><F98/><W117/><G117/><T68/><D68/><U58/><E58/><V99/><F99/><W10/><G11/><T2/><D2/><U14/><E14/><V25/><F81/><W20/><G80/><T23/><D128/><U13/><E13/><V79/><F79/><W121/><G121/><T53/><D103/><U24/><E24/><N who="2" m="16527" /><F49/><W88/><G88/><T1/><D1/><N who="2" m="586" /><F45/><W120/><G120/><T64/><D64/><N who="1" m="41095" /><E87/><V47/><F47/><W123/><G123/><T19/><D124/><U86/><E86/><V96/><F109/><N who="1" m="42057" /><E101/><V94/><F94/><W135/><G38/><T54/><D89/><U65/><E65/><V107/><F96/><W36/><G36/><T42/><D42/><U70/><E70/><V59/><F107/><W78/><G78/><T17/><D28/><U71/><E71/><V8/><F59/><W16/><G40/><T30/><D30/><U74/><E74/><V110/><F110/><W63/><G41/><T73/><D73/><U127/><E127/><V119/><AGARI ba="1,1" hai="5,8,12,25,27,116,118,119" m="586,16527" machi="119" ten="40,3900,0" yaku="34,2" doraHai="66" who="2" fromWho="2" sc="163,-14,240,-14,240,52,347,-14" /><INIT seed="2,2,0,2,5,68" ten="149,226,292,333" oya="2" hai0="79,113,102,98,56,62,108,122,76,53,47,126,20" hai1="130,25,119,116,40,118,127,39,9,106,54,46,114" hai2="109,41,123,48,72,29,120,26,135,59,100,128,5" hai3="112,12,91,94,74,22,87,70,115,83,4,45,77"/><V6/><F72/><W131/><G70/><T34/><D113/><N who="3" m="43593" /><G131/><T61/><D122/><N who="2" m="46634" /><F100/><W80/><G45/><T88/><D108/><U105/><E114/><V95/><F95/><W111/><G111/><T66/><D126/><U14/><E25/><V51/><F109/><W133/><G133/><T1/><D34/><U92/><E127/><V89/><F89/><W24/><G12/><T8/><D20/><U42/><E130/><V52/><F128/><W58/><G58/><T121/><D121/><U0/><E0/><V32/><F135/><W103/><G4/><T65/><D65/><U99/><E54/><V73/><F73/><W35/><G35/><T38/><D102/><U10/><E42/><V104/><F104/><W85/><G103/><T124/><D124/><U75/><E75/><V3/><F3/><W84/><G94/><T64/><D64/><U55/><E55/><V11/><F41/><W60/><G60/><T81/><D1/><U44/><E105/><V50/><F11/><W30/><AGARI ba="2,0" hai="22,24,30,74,77,80,83,84,85,87,91" m="43593" machi="30" ten="30,1100,0" yaku="11,1" doraHai="68" who="3" fromWho="3" sc="149,-5,226,-5,292,-7,333,17" /><INIT seed="3,0,0,5,1,18" ten="144,221,285,350" oya="3" hai0="81,118,131,5,19,57,90,83,114,135,66,44,1" hai1="121,115,119,62,63,68,28,59,96,130,58,13,110" hai2="6,80,10,11,106,4,54,31,123,70,104,60,17" hai3="89,116,20,41,14,77,52,124,100,134,48,33,61"/><W86/><G116/><T82/><D131/><U127/><E28/><V87/><F17/><N who="3" m="10295" /><G33/><T117/><D135/><U101/><E13/><V102/><F87/><W129/><G129/><T126/><D126/><U29/><E29/><V88/><F54/><W39/><G39/><T69/><D69/><U43/><E68/><V74/><F60/><W108/><G108/><T27/><D114/><U56/><E43/><V9/><F31/><W99/><G77/><T30/><D19/><U7/><E7/><V12/><F70/><W64/><G41/><T111/><D111/><U122/><E110/><V76/><F102/><W65/><G134/><T22/><D90/><U40/><E40/><V105/><F88/><W128/><G124/><T36/><D36/><U37/><E37/><V94/><F94/><N who="3" m="58487" /><G61/><T120/><D120/><U79/><E121/><V93/><F123/><W112/><G112/><T21/><D44/><U0/><E115/><V35/><F35/><W3/><G3/><T95/><D95/><U47/><E47/><V34/><F93/><N who="3" m="54455" /><G128/><T8/><REACH who="0" step="1"/><D22/><REACH who="0" ten="134,221,285,350" step="2"/><U42/><E130/><V98/><F106/><W50/><G50/><T78/><D78/><U133/><E79/><V51/><F76/><W73/><G48/><T107/><D107/><U91/><E127/><V85/><F51/><W132/><G132/><T72/><D72/><U109/><E133/><V46/><F74/><W75/><G73/><T16/><D16/><U23/><E109/><V97/><F105/><W92/><G75/><T32/><D32/><U38/><E91/><V125/><F34/><W26/><G92/><RYUUKYOKU ba="0,1" sc="134,30,221,-10,285,-10,350,-10" hai0="1,5,8,21,27,30,57,66,81,82,83,117,118" owari="164,-34.0,211,-19.0,275,8.0,350,45.0" /></mjloggm>