<mjloggm ver="2.3"><GO type="169" lobby="0"/><UN n0="%E5%B0%B1%E6%B4%BB%E7%94%9F%40%E5%B7%9D%E6%9D%91%E8%BB%8D%E5%9B%A3" n1="%E3%81%82%E3%81%B2%E3%82%8B%E3%81%95%E3%82%93" n2="%E9%A7%84%E5%A6%B9" n3="%E3%81%BF%E3%81%8D%E3%81%BF%E3%81%8D%E2%99%AA" dan="17,16,16,17" rate="2142.99,2059.70,2069.71,2121.28" sx="M,M,F,M"/><TAIKYOKU oya="0"/><INIT seed="0,0,0,1,1,102" ten="250,250,250,250" oya="0" hai0="34,30,53,39,29,31,13,18,12,67,64,105,128" hai1="37,51,11,63,16,23,72,5,129,0,127,71,115" hai2="120,7,60,55,111,130,92,69,113,57,90,82,68" hai3="116,19,3,66,42,118,89,114,36,121,44,73,133"/><T87/><D39/><U94/><E37/><V103/><F113/><W33/><G114/><T124/><D34/><U45/><E72/><V95/><F120/><W125/><G121/><T58/><D124/><U43/><E115/><V54/><F111/><W1/><G125/><T100/><D128/><U91/><E127/><V49/><F130/><W22/><G33/><T93/><D12/><U134/><E129/><V32/><F32/><W52/><G133/><T98/><D105/><U70/><E63/><V46/><F7/><W86/><G66/><T17/><D87/><U40/><E40/><V24/><F24/><W76/><G76/><T14/><D14/><U97/><REACH who="1" step="1"/><E134/><REACH who="1" ten="250,240,250,250" step="2"/><V27/><F68/><W15/><G73/><T79/><D79/><U135/><E135/><V84/><F69/><W80/><G116/><T61/><REACH who="0" step="1"/><D18/><REACH who="0" ten="240,240,250,250" step="2"/><U2/><E2/><V81/><F27/><AGARI ba="0,2" hai="0,5,11,16,23,27,43,45,51,70,71,91,94,97" machi="27" ten="30,3900,0" yaku="1,1,7,1,54,1,53,0" doraHai="102" doraHaiUra="26" who="1" fromWho="2" sc="240,0,240,59,250,-39,250,0" /><INIT seed="1,0,0,4,0,51" ten="240,299,211,250" oya="1" hai0="78,70,42,40,39,9,58,92,106,112,30,85,49" hai1="80,68,91,64,96,102,117,22,97,74,54,89,57" hai2="73,31,75,124,87,53,37,32,113,63,28,119,131" hai3="81,6,134,20,44,21,3,61,98,126,90,111,128"/><U88/><E117/><V105/><F105/><W4/><G111/><T127/><D106/><U27/><E68/><V13/><F119/><W108/><G108/><T133/><D70/><U33/><E33/><V10/><F37/><W99/><G126/><T34/><D39/><U7/><E64/><V25/><F124/><W86/><G128/><T72/><D72/><U104/><E7/><V65/><F31/><W56/><G134/><T29/><D127/><U114/><E114/><V76/><F131/><W1/><G44/><T15/><D34/><U14/><E14/><V109/><F113/><W125/><G125/><T121/><D121/><U12/><E12/><V46/><F65/><W48/><G48/><T52/><D133/><U66/><E66/><V62/><F109/><W100/><G3/><T122/><D122/><U18/><E74/><V8/><F8/><W115/><G115/><T107/><D107/><U36/><E36/><V43/><F87/><W24/><G21/><T23/><D23/><U41/><E41/><N who="0" m="15977" /><D112/><U19/><E19/><V17/><F73/><W94/><G1/><T60/><D60/><U83/><REACH who="1" step="1"/><E97/><REACH who="1" ten="240,289,211,250" step="2"/><V11/><F43/><W130/><G98/><T82/><D92/><U101/><E101/><V93/><F75/><W45/><G130/><T77/><D77/><U55/><E55/><V5/><F76/><W129/><G129/><T135/><D135/><U79/><E79/><V47/><F53/><N who="3" m="33935" /><G100/><T38/><D38/><U116/><E116/><V132/><F132/><W59/><G99/><T50/><D52/><U120/><E120/><V95/><F32/><RYUUKYOKU ba="0,1" sc="240,-10,289,30,211,-10,250,-10" hai1="18,22,27,54,57,80,83,88,89,91,96,102,104" /><INIT seed="1,1,1,3,0,71" ten="230,319,201,240" oya="1" hai0="82,45,8,56,47,103,43,100,87,4,122,78,11" hai1="6,15,50,98,44,121,62,104,60,34,53,86,48" hai2="42,35,90,101,67,25,88,22,69,131,109,49,79" hai3="123,97,17,5,33,40,38,81,9,106,132,31,114"/><U133/><E121/><V130/><F35/><W112/><G123/><T95/><D122/><U41/><E34/><V113/><F113/><W125/><G125/><T18/><D56/><U91/><E133/><V127/><F109/><W63/><G132/><T30/><D30/><U65/><E65/><V74/><F101/><W72/><G17/><T117/><D117/><U19/><E6/><V120/><F120/><W2/><G63/><T21/><D95/><U102/><E50/><V26/><F26/><N who="3" m="18679" /><G97/><T116/><D116/><U118/><E118/><V12/><F12/><W119/><G106/><T59/><D59/><U89/><E89/><V83/><F127/><W99/><G99/><T46/><D43/><U128/><E128/><N who="2" m="49195" /><F67/><W126/><G126/><T23/><D23/><U66/><E66/><V73/><F73/><W7/><G7/><T68/><D68/><U111/><E111/><V36/><F49/><W55/><G55/><T135/><D135/><U54/><E53/><V57/><F57/><W58/><G58/><T16/><D18/><U94/><E54/><V64/><F64/><W27/><G27/><N who="0" m="14759" /><D4/><U76/><E76/><V39/><F69/><W61/><G119/><T0/><D0/><U28/><E28/><N who="2" m="17463" /><F42/><W20/><G40/><T51/><D51/><U96/><E96/><V85/><F74/><W1/><G72/><T105/><D105/><U70/><E70/><V124/><F124/><W10/><G112/><T92/><D100/><U108/><E108/><V107/><F107/><W115/><G115/><T32/><D32/><U37/><E48/><V29/><F29/><RYUUKYOKU ba="1,1" sc="230,10,319,10,201,10,240,-30" hai0="8,11,45,46,47,78,82,87,92,103" hai1="15,19,37,41,44,60,62,86,91,94,98,102,104" hai2="36,39,79,83,85,88,90" /><INIT seed="1,2,1,4,4,49" ten="240,329,211,210" oya="1" hai0="98,95,71,5,109,88,66,8,96,18,26,112,67" hai1="131,30,121,68,105,76,103,64,11,72,22,45,104" hai2="128,89,75,132,15,27,41,59,101,114,52,40,134" hai3="17,87,116,113,12,78,36,79,54,91,16,0,56"/><U4/><E121/><V110/><F75/><W85/><G113/><T83/><D109/><U60/><E131/><V62/><F110/><W39/><G0/><T118/><D112/><U1/><E103/><V34/><F128/><W58/><G116/><T42/><D118/><U65/><E65/><N who="0" m="24585" /><D71/><U111/><E111/><V133/><F101/><W29/><G29/><T23/><D42/><U63/><E63/><V33/><F114/><W92/><G12/><N who="0" m="5135" /><D83/><U21/><E105/><V115/><F115/><W123/><G123/><T32/><D32/><N who="2" m="12394" /><F27/><W25/><G25/><T3/><D3/><U43/><E104/><V2/><F2/><W129/><G129/><T93/><D93/><U135/><E135/><V107/><F107/><W35/><G92/><T6/><D6/><U50/><E30/><V102/><F102/><W90/><REACH who="3" step="1"/><G35/><REACH who="3" ten="240,329,211,200" step="2"/><T20/><D20/><U48/><E22/><V57/><F15/><W84/><G84/><AGARI ba="2,2" hai="18,23,26,84,88,95,96,98" m="5135,24585" machi="84" ten="30,2000,0" yaku="8,1,54,1" doraHai="49" who="0" fromWho="3" sc="240,46,329,0,211,0,200,-26" /><INIT seed="2,0,0,4,3,35" ten="286,329,211,174" oya="2" hai0="65,8,37,46,130,134,114,66,53,69,6,112,72" hai1="119,116,123,101,41,100,62,7,51,2,78,44,1" hai2="95,131,120,128,121,81,125,40,38,82,80,50,49" hai3="94,79,129,115,56,61,17,34,87,42,70,10,57"/><V4/><F125/><W19/><G129/><N who="2" m="49737" /><F4/><W63/><G70/><T84/><D134/><U122/><E7/><V96/><F38/><W32/><G115/><T18/><D130/><U98/><E78/><V9/><F9/><W24/><G42/><T76/><D18/><U108/><E62/><V48/><F40/><W23/><G34/><T20/><D20/><U89/><E89/><AGARI ba="0,0" hai="48,49,50,80,81,82,89,95,96,120,121" m="49737" machi="89" ten="40,2000,0" yaku="19,1" doraHai="35" who="2" fromWho="1" sc="286,0,329,-20,211,20,174,0" /><INIT seed="2,1,0,1,2,67" ten="286,309,231,174" oya="2" hai0="79,100,56,68,18,31,39,57,42,133,37,44,72" hai1="127,55,70,38,131,76,105,73,75,27,35,4,60" hai2="45,28,93,135,111,47,97,80,116,129,92,17,115" hai3="13,83,21,86,5,128,106,124,2,15,108,22,3"/><V23/><F115/><W112/><G108/><T62/><D100/><U8/><E105/><V11/><F116/><W113/><G106/><T110/><D31/><U16/><E38/><N who="0" m="14345" /><D18/><U58/><E131/><V101/><F129/><W94/><G94/><T90/><D90/><U81/><E127/><V125/><F125/><W40/><G128/><T10/><D10/><U66/><E75/><V41/><F111/><W122/><G124/><T48/><D79/><U107/><E107/><V24/><F135/><W89/><G40/><T96/><D96/><U78/><E78/><V77/><F92/><W63/><G122/><T69/><D72/><U0/><E35/><V46/><F11/><W121/><G121/><T53/><D133/><U29/><E29/><V114/><F114/><N who="3" m="44139" /><G63/><N who="0" m="36239" /><D110/><U88/><E88/><V91/><F91/><W49/><G5/><T98/><D98/><U84/><E73/><V95/><F95/><W50/><G15/><T109/><D109/><U123/><E123/><V43/><F28/><W74/><G74/><T7/><D7/><U12/><E27/><V1/><F1/><N who="3" m="11" /><G13/><T34/><D34/><U85/><E84/><AGARI ba="1,0" hai="17,23,24,41,43,45,46,47,77,80,84,93,97,101" machi="84" ten="40,2000,0" yaku="8,1" doraHai="67" who="2" fromWho="1" sc="286,0,309,-23,231,23,174,0" /><INIT seed="2,2,0,3,5,29" ten="286,286,254,174" oya="2" hai0="94,93,23,43,104,19,68,28,69,24,103,85,5" hai1="89,133,92,58,95,83,88,15,105,42,116,106,56" hai2="26,7,25,112,31,33,46,18,74,39,124,130,72" hai3="16,100,77,37,49,8,101,12,54,6,118,76,107"/><V65/><F112/><W129/><G118/><T36/><D104/><U82/><E15/><V98/><F124/><W21/><G129/><T134/><D134/><U117/><REACH who="1" step="1"/><E42/><REACH who="1" ten="286,276,254,174" step="2"/><V57/><F130/><W84/><G37/><T45/><D5/><U80/><E80/><V110/><F7/><W75/><G75/><T99/><D69/><U128/><E128/><V61/><F72/><W14/><G107/><T132/><D68/><U97/><E97/><V27/><F74/><W44/><REACH who="3" step="1"/><G84/><REACH who="3" ten="286,276,254,164" step="2"/><T55/><D85/><U11/><E11/><V123/><F39/><W86/><G86/><T40/><D132/><AGARI ba="2,2" hai="56,58,82,83,88,89,92,95,105,106,116,117,132,133" machi="132" ten="25,6400,0" yaku="1,1,22,2,54,1,53,0" doraHai="29" doraHaiUra="20" who="1" fromWho="0" sc="286,-70,276,90,254,0,164,0" /><INIT seed="3,0,0,0,2,55" ten="216,366,254,164" oya="3" hai0="113,124,54,80,129,33,58,72,25,111,121,18,133" hai1="96,85,91,83,43,61,59,100,68,34,20,50,131" hai2="109,29,63,13,74,101,38,47,62,60,36,119,67" hai3="24,17,22,19,52,110,77,73,46,99,92,10,57"/><W65/><G110/><T7/><D111/><U106/><E34/><V134/><F119/><W70/><G73/><T56/><D121/><U28/><E68/><V87/><F74/><W125/><G125/><T27/><D113/><U9/><E131/><V37/><F109/><W102/><G77/><T120/><D120/><U93/><E106/><V15/><F101/><W53/><G46/><T31/><D124/><U11/><E50/><V48/><F29/><W69/><G69/><T115/><D115/><U86/><E43/><V126/><F126/><W104/><G104/><T8/><D129/><U76/><E86/><V45/><F134/><W90/><G70/><T75/><D133/><U21/><E76/><V51/><F87/><W94/><G10/><T66/><D80/><U3/><E3/><V135/><F135/><W84/><G17/><T117/><D25/><N who="1" m="16423" /><E21/><V2/><F2/><W78/><G78/><T5/><D18/><U39/><E39/><V98/><F98/><W79/><G79/><T89/><D89/><U116/><E116/><V82/><F82/><W32/><G32/><T6/><D8/><U44/><E44/><N who="2" m="16971" /><F67/><AGARI ba="0,0" hai="9,11,59,61,67,83,85,91,93,96,100" m="16423" machi="67" ten="30,3900,0" yaku="25,1,8,1,52,1" doraHai="55" who="1" fromWho="2" sc="216,0,366,39,254,-39,164,0" /><INIT seed="4,0,0,2,5,57" ten="216,405,215,164" oya="0" hai0="7,79,120,131,41,123,23,10,113,72,33,110,69" hai1="64,111,98,132,9,128,15,133,96,105,83,88,94" hai2="8,87,25,6,39,55,107,49,135,124,26,112,59" hai3="61,29,38,28,65,42,89,13,116,126,12,32,95"/><T67/><D33/><U85/><E111/><V100/><F39/><W92/><G116/><T17/><D72/><U91/><E128/><V68/><F68/><W52/><G126/><T63/><D79/><U40/><E40/><V60/><F124/><W56/><G38/><T37/><D131/><U117/><E117/><V82/><F135/><W80/><G42/><T20/><D113/><U130/><E130/><V97/><F49/><W47/><G80/><T129/><D129/><U50/><E50/><V93/><F107/><W114/><G114/><T53/><D23/><U75/><E75/><V35/><F35/><W31/><G32/><T108/><D53/><U101/><REACH who="1" step="1"/><E64/><REACH who="1" ten="216,395,215,164" step="2"/><V81/><F112/><W74/><G74/><T30/><D41/><U44/><E44/><V71/><F71/><W62/><G47/><T86/><D37/><U21/><E21/><V99/><F99/><N who="3" m="57743" /><G95/><T0/><D86/><U78/><E78/><V70/><F70/><W51/><G65/><T16/><D120/><U119/><E119/><V48/><F48/><W103/><G103/><T104/><D123/><U3/><E3/><V77/><F82/><W45/><G45/><T24/><REACH who="0" step="1"/><D104/><REACH who="0" ten="206,395,215,164" step="2"/><U1/><E1/><AGARI ba="0,2" hai="1,6,8,25,26,55,59,60,77,81,87,93,97,100" machi="1" ten="30,2000,0" yaku="7,1,52,1" doraHai="57" who="2" fromWho="1" sc="206,0,395,-20,215,40,164,0" /><INIT seed="5,0,0,3,4,44" ten="206,375,255,164" oya="1" hai0="45,0,29,35,124,135,58,79,119,48,43,76,98" hai1="33,32,122,84,59,75,10,65,16,73,26,67,38" hai2="70,1,20,18,95,87,129,56,57,51,17,14,104" hai3="54,130,66,118,60,109,34,100,132,134,41,108,86"/><U2/><E122/><V13/><F70/><N who="3" m="42311" /><G34/><T15/><D119/><U3/><E38/><V22/><F104/><W74/><G74/><T61/><D0/><U89/><E2/><V37/><F37/><W40/><G100/><T64/><D135/><N who="3" m="51753" /><G86/><T63/><D124/><U103/><E103/><V117/><F129/><W121/><G121/><T102/><D15/><U5/><E33/><V92/><F117/><W55/><G130/><T46/><D46/><U19/><E75/><V30/><F1/><W94/><G94/><T127/><D127/><U78/><E73/><V81/><F30/><W107/><G107/><T36/><D36/><U28/><E78/><V82/><REACH who="2" step="1"/><F87/><REACH who="2" ten="206,375,245,164" step="2"/><W25/><G118/><T68/><D29/><U106/><E106/><V31/><F31/><W21/><G109/><T114/><D35/><U72/><E72/><V6/><F6/><W80/><G108/><T133/><D133/><U125/><E125/><V62/><F62/><W116/><G116/><T91/><D63/><U52/><E19/><V69/><F69/><W47/><G80/><T7/><D68/><U27/><E16/><V131/><F131/><W42/><G47/><T53/><D7/><U11/><E5/><V112/><F112/><W24/><G24/><T97/><D114/><U39/><E27/><V105/><F105/><W110/><G110/><T9/><D43/><U128/><E128/><V12/><F12/><W8/><G42/><T126/><D126/><U101/><E3/><V113/><F113/><W85/><G41/><T88/><D45/><U123/><E32/><V83/><F83/><RYUUKYOKU ba="0,1" sc="206,-10,375,-10,245,30,164,-10" hai2="13,14,17,18,20,22,51,56,57,81,82,92,95" /><INIT seed="6,1,1,5,1,30" ten="196,365,275,154" oya="2" hai0="65,56,66,37,125,135,29,101,76,47,42,72,132" hai1="119,131,113,87,92,107,11,106,45,32,44,116,99" hai2="102,82,79,35,23,31,103,20,17,0,108,75,57" hai3="40,93,68,18,91,114,120,115,19,15,94,9,123"/><V69/><F69/><W8/><G68/><T80/><D125/><U122/><E113/><N who="3" m="43018" /><G40/><T2/><D2/><U39/><E131/><V52/><F0/><W3/><G3/><T105/><D29/><U24/><E122/><N who="3" m="46634" /><G91/><T50/><D101/><U51/><E119/><V98/><F108/><W81/><G81/><T129/><D105/><U117/><E107/><V100/><F23/><W64/><G64/><T7/><D7/><U41/><E106/><V130/><F130/><W1/><G1/><T78/><D78/><U27/><E41/><V83/><F83/><W53/><G53/><N who="0" m="31799" /><D129/><U48/><E117/><V70/><F70/><W126/><G126/><T95/><D95/><N who="3" m="36361" /><G15/><T33/><D33/><U121/><E32/><V28/><F98/><W74/><G74/><T60/><D60/><U26/><E99/><V133/><F35/><W110/><G110/><T134/><AGARI ba="1,1" hai="37,42,47,65,66,72,76,80,132,134,135" m="31799" machi="134" ten="30,1100,0" yaku="20,1" doraHai="30" who="0" fromWho="0" sc="196,24,365,-4,275,-6,154,-4" /><INIT seed="7,0,0,2,4,6" ten="220,361,269,150" oya="3" hai0="107,87,10,66,53,84,38,62,26,7,46,112,71" hai1="15,42,95,52,96,98,47,80,17,117,31,126,23" hai2="76,14,50,34,120,132,100,45,35,2,68,85,119" hai3="106,70,130,56,75,108,1,89,36,118,11,104,135"/><W88/><RYUUKYOKU type="yao9" ba="0,0" sc="220,0,361,0,269,0,150,0" hai3="1,11,36,56,70,75,88,89,104,106,108,118,130,135" /><INIT seed="7,1,0,0,5,14" ten="220,361,269,150" oya="3" hai0="110,88,120,96,62,82,93,108,123,119,33,20,90" hai1="27,132,29,128,65,44,42,21,94,81,87,18,72" hai2="112,28,111,55,30,95,129,41,64,66,121,60,57" hai3="130,1,84,35,50,124,46,106,43,131,69,39,113"/><W13/><G124/><T74/><D33/><U75/><E128/><N who="3" m="49194" /><G113/><T52/><D52/><U6/><E132/><V133/><F129/><W9/><G106/><T71/><D20/><U22/><E6/><V102/><F133/><W86/><G69/><T47/><D47/><U91/><E65/><N who="2" m="25195" /><F111/><N who="0" m="42538" /><D62/><U127/><E127/><V24/><F112/><W103/><G103/><N who="0" m="60815" /><D71/><U107/><E107/><V116/><F116/><W100/><G100/><T122/><D119/><U104/><E104/><V26/><F41/><W99/><G99/><T117/><D117/><U97/><E42/><V34/><F34/><W56/><G35/><T105/><D105/><U53/><E53/><V16/><F121/><W51/><G1/><T98/><D98/><U68/><E44/><V38/><F38/><W134/><G134/><T31/><D31/><N who="2" m="11818" /><F102/><W2/><G2/><T7/><D7/><U17/><E68/><V92/><F26/><W3/><G3/><T83/><D83/><U126/><E126/><V4/><F4/><N who="3" m="3239" /><G56/><T89/><D82/><U0/><E0/><V61/><F24/><W67/><G67/><T109/><D109/><U63/><E27/><V70/><F70/><W58/><G58/><T23/><D23/><U45/><E22/><V19/><F61/><W15/><G15/><T135/><D135/><U85/><E63/><V73/><F73/><AGARI ba="1,0" hai="73,74,88,89,90,120,122,123" m="60815,42538" machi="73" ten="40,5200,0" yaku="34,2,54,1" doraHai="14" who="0" fromWho="2" sc="220,55,361,0,269,-55,150,0" owari="275,8.0,361,46.0,214,-19.0,150,-35.0" /></mjloggm>