<mjloggm ver="2.3"><GO type="233" lobby="0"/><UN n0="%E3%82%A6%E3%83%AB%E3%83%88%E3%83%A9%E7%AB%8B%E7%9B%B4" n1="%E3%83%88%E3%83%90%E3%82%BE" n2="%6C%69%62%72%61%72%79" n3="%E3%83%90%E3%83%90%E3%82%A2%E3%81%AE%E6%97%A5%E5%82%98" dan="17,18,16,16" rate="2151.13,2166.36,2062.57,2126.91" sx="M,M,M,F"/><TAIKYOKU oya="0"/><INIT seed="0,0,0,1,4,132" ten="250,250,250,250" oya="0" hai0="54,52,53,38,49,62,19,25,70,22,20,99,2" hai1="26,44,74,129,1,27,97,105,61,130,128,96,8" hai2="80,86,56,13,55,14,131,116,67,103,64,100,123" hai3="119,79,43,5,72,118,89,69,39,133,73,10,104"/><T135/><D2/><U28/><E74/><V84/><F123/><W48/><G89/><T124/><D38/><U46/><E61/><V40/><F40/><W71/><G48/><T121/><D121/><U107/><E8/><V11/><F131/><W134/><G104/><N who="1" m="40010" /><E1/><V42/><F42/><W41/><G10/><T50/><D135/><N who="3" m="51721" /><G43/><T78/><D78/><U37/><E37/><V32/><F32/><W47/><G5/><T77/><D77/><U112/><E112/><V127/><F116/><N who="3" m="44587" /><G79/><T12/><D99/><N who="1" m="37963" /><E28/><V113/><F113/><W35/><G35/><T93/><D93/><U68/><E68/><AGARI ba="0,0" hai="39,41,47,68,69,71,72,73" m="44587,51721" machi="68" ten="40,2600,0" yaku="20,1,23,1" doraHai="132" who="3" fromWho="1" sc="250,0,250,-26,250,0,250,26" /><INIT seed="1,0,0,2,3,117" ten="250,224,250,276" oya="1" hai0="131,57,35,32,6,2,134,25,107,132,111,130,66" hai1="19,62,22,41,30,97,34,108,37,86,93,124,48" hai2="70,43,95,106,77,92,26,65,135,14,52,59,21" hai3="16,81,89,17,29,58,98,126,18,102,4,88,64"/><U125/><E37/><V20/><F106/><W40/><G126/><N who="1" m="48746" /><E86/><V53/><F43/><W33/><G40/><T63/><D107/><U51/><E108/><V104/><F104/><W85/><G4/><T10/><D111/><U94/><E62/><V82/><F135/><N who="0" m="51754" /><D25/><N who="1" m="18767" /><E41/><V47/><F47/><W13/><G29/><T122/><D122/><U103/><E94/><V9/><F70/><W113/><G33/><AGARI ba="0,0" hai="2,6,10,32,33,35,57,63,66,130,131" m="51754" machi="33" ten="30,1000,0" yaku="20,1" doraHai="117" who="0" fromWho="3" sc="250,10,224,0,250,0,276,-10" /><INIT seed="2,0,0,5,1,42" ten="260,224,250,266" oya="2" hai0="43,31,88,65,135,30,66,59,131,95,90,0,61" hai1="113,130,89,12,98,74,96,106,47,124,87,67,120" hai2="58,73,37,18,129,125,133,80,127,111,109,3,35" hai3="72,19,13,39,116,126,121,115,70,78,79,107,93"/><V53/><F35/><W10/><G107/><T25/><D131/><U29/><E113/><V119/><F119/><W82/><G78/><T14/><D0/><U28/><E74/><V2/><F37/><W64/><G116/><T8/><D135/><U46/><E106/><V9/><F129/><W108/><G121/><T132/><D132/><U44/><E130/><V4/><F133/><W23/><G39/><T50/><D66/><U57/><E120/><V6/><F18/><W45/><G126/><N who="2" m="48137" /><F6/><W123/><G108/><N who="2" m="41545" /><F2/><W36/><G19/><T24/><D31/><N who="1" m="11851" /><E12/><V84/><F73/><W55/><G13/><T101/><D30/><U11/><E11/><V117/><F117/><W15/><G10/><T103/><D25/><U104/><E104/><V38/><F38/><W110/><G15/><T21/><D24/><U86/><E124/><V81/><F84/><N who="1" m="32297" /><E89/><V34/><F34/><W77/><G72/><T48/><D90/><U99/><E99/><V94/><F94/><W68/><G93/><T40/><D21/><U92/><E92/><V69/><F69/><W118/><G23/><T63/><D14/><U17/><E17/><V33/><F33/><W16/><G118/><T76/><D8/><U56/><E98/><V62/><AGARI ba="0,0" hai="3,4,9,53,58,62,80,81" m="41545,48137" machi="62" ten="30,6000,0" yaku="18,1,14,1,10,1" doraHai="42" who="2" fromWho="2" sc="260,-20,224,-20,250,60,266,-20" /><INIT seed="2,1,0,2,0,3" ten="240,204,310,246" oya="2" hai0="62,72,93,73,55,111,14,5,36,122,59,134,47" hai1="86,83,133,51,45,44,116,131,99,97,39,35,123" hai2="109,58,80,10,1,38,128,102,42,124,15,115,95" hai3="56,7,84,105,28,61,64,12,24,127,34,120,100"/><V21/><F115/><W13/><G120/><T74/><D122/><U114/><E123/><V135/><F124/><W2/><G127/><T22/><D111/><U66/><E114/><V68/><F68/><W132/><G132/><T101/><D134/><U129/><E133/><V48/><F135/><W104/><G84/><T79/><D79/><U90/><E116/><V57/><F128/><N who="1" m="49225" /><E35/><V40/><F38/><W94/><G94/><T9/><D22/><U6/><E66/><V50/><F109/><W4/><G2/><T112/><D112/><U69/><E69/><V11/><F1/><W130/><G130/><T88/><D101/><U82/><E82/><V71/><F71/><W78/><G78/><T92/><REACH who="0" step="1"/><D88/><REACH who="0" ten="230,204,310,246" step="2"/><U103/><E103/><V113/><F113/><W20/><G100/><T16/><D16/><U32/><E32/><V63/><F21/><W8/><G20/><T119/><D119/><U126/><E126/><V53/><F80/><W125/><G125/><T46/><D46/><U70/><E90/><V96/><F102/><W91/><G91/><T87/><D87/><U110/><E86/><V67/><F96/><W25/><REACH who="3" step="1"/><G24/><REACH who="3" ten="230,204,310,236" step="2"/><T108/><D108/><U77/><E110/><V121/><F121/><W41/><G41/><AGARI ba="1,2" hai="5,9,14,36,41,47,55,59,62,72,73,74,92,93" machi="41" ten="40,5200,0" yaku="1,1,52,1,53,1" doraHai="3" doraHaiUra="52" who="0" fromWho="3" sc="230,75,204,0,310,0,236,-55" /><INIT seed="3,0,0,0,5,66" ten="305,204,310,181" oya="3" hai0="22,37,76,11,114,33,133,110,26,98,78,108,61" hai1="100,56,86,120,95,81,52,127,71,58,99,130,7" hai2="53,90,111,109,29,12,77,75,30,94,70,43,54" hai3="91,27,67,41,85,15,0,34,23,131,64,57,132"/><W2/><G131/><T28/><D37/><U107/><E120/><V89/><F43/><W18/><G132/><T129/><D129/><U65/><E130/><V63/><F12/><W134/><G134/><T124/><D133/><U82/><E127/><V103/><F103/><W42/><G0/><T135/><D135/><U105/><E7/><V50/><F77/><W68/><G2/><T3/><D33/><U97/><E105/><V119/><F75/><W88/><G57/><T48/><D48/><U59/><E107/><V74/><F74/><W14/><G91/><T25/><D25/><U69/><E99/><V16/><F119/><W101/><G101/><T121/><D121/><U31/><E31/><V83/><F83/><W47/><G42/><T4/><D124/><U19/><E19/><V116/><F116/><W113/><G113/><T102/><D61/><U9/><E9/><V112/><F112/><W106/><G106/><N who="0" m="63831" /><D114/><U73/><E73/><V46/><F70/><W123/><G123/><T79/><D79/><U51/><E82/><V128/><F128/><W17/><G34/><T93/><D93/><U32/><E32/><V60/><F94/><W49/><G68/><T87/><D87/><U55/><E65/><N who="3" m="25162" /><G17/><T35/><D35/><U13/><E13/><V84/><F16/><W118/><G118/><T45/><D45/><N who="1" m="27759" /><E55/><V80/><F46/><W20/><G23/><T24/><D24/><U62/><E62/><V117/><F117/><W8/><G8/><T122/><D122/><U10/><E10/><V21/><F21/><W6/><G6/><T104/><D104/><RYUUKYOKU ba="0,0" sc="305,10,204,10,310,-30,181,10" hai0="3,4,11,22,26,28,76,78,108,110" hai1="56,58,59,69,71,81,86,95,97,100" hai3="14,15,18,20,27,41,47,49,85,88" /><INIT seed="3,1,0,2,4,28" ten="315,214,280,191" oya="3" hai0="112,22,111,91,3,57,39,98,69,23,34,85,95" hai1="124,82,31,18,4,100,125,16,56,53,123,77,27" hai2="93,108,66,73,90,105,84,97,86,106,89,104,135" hai3="50,76,42,131,49,121,92,75,33,72,47,29,65"/><W32/><G121/><T64/><D34/><N who="1" m="20863" /><E123/><V99/><F66/><W40/><G131/><T59/><D39/><U30/><E100/><V83/><F108/><W127/><G127/><N who="1" m="48714" /><E4/><V41/><F41/><W25/><G65/><T19/><D111/><U38/><E38/><V119/><F119/><W13/><G76/><T87/><D3/><U10/><E10/><V113/><F113/><W94/><G13/><T58/><D112/><U46/><E46/><V17/><F17/><W115/><G115/><T36/><D36/><U14/><E30/><V120/><F120/><W81/><G81/><T12/><REACH who="0" step="1"/><D23/><REACH who="0" ten="305,214,280,191" step="2"/><U74/><E14/><V134/><F73/><W20/><G75/><T116/><D116/><U11/><E11/><V107/><N who="2" m="27136" /><DORA hai="21" /><V48/><F48/><AGARI ba="1,1" hai="16,18,48,53,56,74,77,82" m="48714,20863" machi="48" ten="30,7700,0" yaku="18,1,52,2,54,1" doraHai="28,21" who="1" fromWho="2" sc="305,0,214,90,280,-80,191,0" /><INIT seed="4,0,0,1,1,38" ten="305,304,200,191" oya="0" hai0="26,111,21,129,74,80,64,122,91,0,42,10,57" hai1="132,15,40,35,27,88,54,79,11,16,126,37,124" hai2="109,18,89,67,102,73,76,87,100,30,97,28,62" hai3="68,127,47,20,81,119,123,103,95,6,98,8,23"/><T94/><D122/><U113/><E132/><V118/><F109/><W3/><G68/><T130/><D111/><U60/><E79/><V2/><F2/><W101/><G119/><T48/><D74/><U92/><E113/><V61/><F118/><W63/><G123/><T5/><D80/><U66/><E54/><V86/><F86/><W4/><G127/><T107/><D107/><U116/><E116/><V25/><F18/><W120/><G120/><T22/><D64/><U46/><E27/><V128/><F128/><N who="0" m="49258" /><D26/><U108/><E35/><V85/><F85/><W12/><G103/><T96/><D57/><U44/><E44/><AGARI ba="0,0" hai="0,5,10,21,22,42,44,48,91,94,96" m="49258" machi="44" ten="30,2900,0" yaku="19,1,52,1" doraHai="38" who="0" fromWho="1" sc="305,29,304,-29,200,0,191,0" /><INIT seed="4,1,0,1,5,42" ten="334,275,200,191" oya="0" hai0="129,119,47,33,82,29,93,106,116,46,123,62,21" hai1="109,83,43,96,23,81,69,34,117,15,85,74,3" hai2="112,77,107,130,20,58,53,7,76,2,111,84,89" hai3="37,75,92,86,25,91,128,60,30,113,78,61,87"/><T40/><D106/><U52/><E117/><V19/><F111/><W27/><G75/><T50/><D33/><U70/><E3/><V31/><F31/><W9/><G37/><T100/><D123/><U124/><E34/><V132/><F107/><W6/><G113/><T51/><D129/><U68/><E109/><V59/><F130/><W133/><G133/><T122/><D122/><U88/><E124/><V5/><F112/><W115/><G115/><T118/><D82/><U49/><E43/><V18/><F132/><W63/><G128/><T120/><D120/><U64/><E96/><V95/><F2/><W121/><G121/><T17/><D29/><U127/><E127/><V10/><F10/><W99/><G78/><T108/><D108/><U41/><E41/><V13/><F19/><W39/><G39/><T73/><D73/><U54/><E64/><V24/><F58/><W32/><REACH who="3" step="1"/><G27/><REACH who="3" ten="334,275,200,181" step="2"/><N who="0" m="14767" /><D119/><U4/><E74/><V12/><F76/><W45/><G45/><N who="0" m="16907" /><D118/><U103/><E70/><V72/><F72/><W79/><G79/><T102/><D116/><U98/><E69/><V67/><F77/><W110/><G110/><T11/><D40/><U105/><E68/><V14/><F67/><W26/><G26/><T135/><D135/><U48/><E54/><V101/><F24/><W131/><G131/><T114/><D114/><U22/><E52/><V104/><F53/><W36/><G36/><T90/><D51/><U125/><E125/><V56/><F56/><W57/><G57/><T55/><D50/><U28/><E49/><V66/><F59/><W94/><G94/><RYUUKYOKU ba="1,1" sc="334,-10,275,-10,200,-10,181,30" hai3="6,9,25,30,32,60,61,63,86,87,91,92,99" /><INIT seed="5,2,1,1,4,8" ten="324,265,190,211" oya="1" hai0="55,30,28,114,50,102,107,63,82,92,18,70,33" hai1="32,89,53,113,108,48,79,100,3,98,59,123,56" hai2="2,101,115,36,27,124,94,93,80,49,16,95,131" hai3="38,24,129,4,88,21,135,117,40,112,61,46,52"/><U29/><E123/><V71/><F36/><W104/><G104/><T72/><D114/><U78/><E3/><V119/><F119/><W54/><G112/><T47/><D107/><U41/><E113/><V76/><F115/><W22/><G117/><T6/><D6/><U69/><E69/><V97/><F2/><W75/><G75/><T68/><D33/><U5/><E41/><V7/><F71/><W81/><G22/><T126/><D126/><U57/><E108/><V11/><F124/><W110/><G110/><T23/><D70/><U130/><E130/><V60/><F60/><W26/><G26/><T86/><D72/><U128/><E128/><V83/><F131/><W118/><G118/><T99/><D63/><U13/><E89/><V87/><F49/><W19/><G129/><T116/><D68/><U35/><E35/><V43/><F43/><W14/><G135/><T96/><D96/><U45/><E29/><V103/><F103/><W132/><G132/><T10/><D10/><N who="1" m="4303" /><E32/><V85/><F7/><W39/><G61/><T51/><D51/><U34/><E34/><V127/><F127/><W1/><G1/><T9/><D9/><U44/><E45/><V125/><F125/><W73/><G39/><T65/><D116/><U90/><E90/><N who="2" m="51495" /><F27/><W37/><G37/><T20/><D28/><U120/><E120/><V121/><F121/><W25/><G4/><T15/><D30/><U66/><E66/><V91/><F91/><W64/><G64/><T58/><D65/><U74/><E74/><V84/><F84/><N who="3" m="50191" /><G73/><T42/><D47/><U106/><AGARI ba="2,1" hai="44,48,53,56,57,59,78,79,98,100,106" m="4303" machi="106" ten="30,3000,0" yaku="5,1,52,1" doraHai="8" who="1" fromWho="1" sc="324,-12,265,46,190,-12,211,-12" /><INIT seed="5,3,0,5,0,102" ten="312,311,178,199" oya="1" hai0="131,69,12,35,106,121,15,129,41,120,36,56,64" hai1="93,108,75,60,27,10,112,99,25,85,104,55,91" hai2="7,124,118,89,22,134,38,66,50,43,80,90,19" hai3="47,39,133,83,23,100,81,110,48,33,115,103,28"/><U30/><E75/><V52/><F118/><W62/><G33/><T96/><D35/><U1/><E112/><V94/><F66/><W17/><G39/><T123/><D69/><U98/><E108/><V92/><F7/><W42/><G110/><T119/><D119/><U34/><E27/><V20/><F124/><W51/><G115/><T16/><D41/><U101/><E98/><V135/><F80/><W53/><G28/><T8/><D36/><U114/><E114/><V4/><F4/><W88/><G62/><N who="0" m="37959" /><D15/><U37/><E37/><V24/><F43/><W122/><G133/><N who="2" m="50697" /><F38/><W14/><G122/><T73/><D73/><U65/><E55/><V74/><F74/><W21/><G21/><T117/><D117/><U11/><REACH who="1" step="1"/><E1/><REACH who="1" ten="312,301,178,199" step="2"/><V72/><F72/><W127/><G127/><T63/><D96/><U77/><E77/><V78/><F78/><W13/><G13/><T0/><D0/><U2/><E2/><V71/><F71/><AGARI ba="3,1" hai="10,11,25,30,34,60,65,71,85,91,93,99,101,104" machi="71" ten="30,18000,2" yaku="1,1,7,1,25,2,52,1,53,1" doraHai="102" doraHaiUra="97" who="1" fromWho="2" sc="312,0,301,199,178,-189,199,0" owari="312,11.0,500,60.0,-11,-51.0,199,-20.0" /></mjloggm>