<mjloggm ver="2.3"><GO type="169" lobby="0"/><UN n0="%74%61%72%6F%33%39%30%30" n1="%E9%9A%A0%E5%9C%B0%E5%89%8D" n2="%E3%81%86%E3%81%A0%E3%81%A3%E3%81%B7" n3="%E3%83%88%E3%83%88%E3%83%AA%E5%85%88%E7%94%9F%31%39%E6%AD%B3" dan="18,16,16,18" rate="2237.58,2100.92,2088.29,2252.62" sx="M,M,M,F"/><TAIKYOKU oya="0"/><INIT seed="0,0,0,0,3,65" ten="250,250,250,250" oya="0" hai0="104,41,117,3,84,81,74,90,39,115,40,96,103" hai1="26,14,95,8,35,130,133,37,112,17,13,51,88" hai2="62,71,77,99,21,55,58,48,52,126,53,100,12" hai3="5,23,82,6,134,87,56,85,108,123,121,34,68"/><T46/><D115/><U45/><E112/><V83/><F126/><W67/><G34/><T61/><D117/><U129/><E133/><V119/><F119/><W125/><G134/><T4/><D41/><U113/><E37/><V64/><F21/><W93/><G125/><T80/><D61/><U116/><E116/><V135/><F12/><W75/><G108/><T25/><D25/><U122/><E122/><N who="3" m="46602" /><G56/><T2/><REACH who="0" step="1"/><D4/><REACH who="0" ten="240,250,250,250" step="2"/><N who="1" m="3207" /><E113/><V78/><F135/><W124/><G124/><T28/><D28/><U63/><E26/><V54/><REACH who="2" step="1"/><F83/><REACH who="2" ten="240,250,240,250" step="2"/><W76/><G82/><T29/><D29/><U22/><E130/><V38/><F38/><W60/><G5/><T44/><D44/><U94/><E45/><V101/><F101/><W15/><G6/><T47/><D47/><U132/><E129/><V70/><F70/><W24/><G68/><T128/><D128/><U107/><E132/><V7/><F7/><W16/><G24/><T118/><D118/><U98/><E17/><V11/><F11/><W20/><G16/><T111/><D111/><U114/><E114/><V19/><F19/><W105/><G15/><T72/><D72/><U27/><E14/><V49/><F49/><W131/><G75/><T32/><D32/><U120/><E35/><V106/><AGARI ba="0,2" hai="48,52,53,54,55,58,62,64,71,77,78,99,100,106" machi="106" ten="30,7900,0" yaku="1,1,0,1,52,1,54,1,53,0" doraHai="65" doraHaiUra="91" who="2" fromWho="2" sc="240,-39,250,-20,240,99,250,-20" /><INIT seed="1,0,0,3,5,125" ten="201,230,339,230" oya="1" hai0="113,34,95,106,70,42,54,60,30,112,3,88,68" hai1="43,130,133,101,62,91,127,135,38,23,79,129,49" hai2="7,86,58,32,74,22,61,117,9,71,31,20,6" hai3="57,1,83,55,56,120,40,5,46,132,8,116,59"/><U96/><E38/><V81/><F117/><W85/><G120/><T66/><D3/><U89/><E79/><V122/><F122/><W51/><G132/><N who="1" m="50762" /><E127/><V41/><F71/><W98/><G98/><T109/><D109/><U36/><E36/><V47/><F74/><W29/><G29/><T80/><D106/><N who="1" m="63783" /><E62/><V11/><F32/><W53/><REACH who="3" step="1"/><G116/><REACH who="3" ten="201,230,339,220" step="2"/><T108/><D30/><U4/><E4/><V50/><F31/><W94/><G94/><T14/><D95/><U104/><E104/><V13/><F6/><W93/><G93/><T65/><D112/><U77/><E77/><AGARI ba="0,1" hai="1,5,8,40,46,51,53,55,56,57,59,77,83,85" machi="77" ten="40,1300,0" yaku="1,1,53,0" doraHai="125" doraHaiUra="128" who="3" fromWho="1" sc="201,0,230,-13,339,0,220,23" /><INIT seed="2,0,0,5,4,102" ten="201,217,339,243" oya="2" hai0="79,107,108,120,117,34,133,63,113,77,119,74,51" hai1="64,37,114,6,125,89,45,103,122,112,9,104,81" hai2="53,129,85,44,83,123,99,16,49,12,66,110,18" hai3="25,105,56,33,118,11,5,43,130,86,50,48,71"/><V128/><F123/><W42/><G118/><T93/><D51/><U97/><E122/><V7/><F110/><W75/><G75/><T26/><D63/><U28/><E125/><V124/><F124/><W127/><G71/><T29/><D93/><U8/><E28/><V78/><F66/><W46/><G127/><T20/><D20/><U98/><E64/><V61/><F61/><W115/><G105/><T35/><D26/><U60/><E60/><V58/><F58/><W116/><G116/><T94/><D94/><U70/><E70/><V24/><F99/><W65/><G130/><N who="2" m="50281" /><F24/><W67/><G115/><T41/><D117/><U27/><E27/><V13/><F13/><W87/><G65/><T111/><D108/><U92/><E81/><V109/><F109/><W90/><G67/><T101/><D119/><U15/><E37/><V76/><F76/><W2/><G90/><T32/><D79/><U38/><E38/><V88/><F78/><W135/><G135/><T95/><D77/><U17/><E45/><V69/><F69/><W10/><G56/><T131/><D111/><U55/><E55/><V0/><F0/><AGARI ba="0,0" hai="0,6,8,9,15,17,89,92,97,98,103,104,112,114" machi="0" ten="30,2000,0" yaku="7,1,52,1" doraHai="102" who="1" fromWho="2" sc="201,0,217,20,339,-20,243,0" /><INIT seed="3,0,0,5,2,36" ten="201,237,319,243" oya="3" hai0="113,21,18,26,67,51,85,98,130,44,0,95,110" hai1="39,27,57,123,15,72,42,49,82,135,41,88,128" hai2="127,3,4,109,108,92,20,54,114,10,9,62,24" hai3="89,46,17,25,52,22,61,104,23,86,71,101,112"/><W126/><G112/><T11/><D110/><N who="2" m="42602" /><F114/><W106/><G126/><T47/><D113/><U94/><E123/><V120/><F127/><W83/><G101/><T133/><D130/><U77/><E128/><V5/><F92/><W64/><REACH who="3" step="1"/><G23/><REACH who="3" ten="201,237,319,233" step="2"/><T33/><D133/><U55/><E135/><V80/><F20/><W87/><G87/><T12/><D85/><U60/><E27/><V14/><F24/><W121/><G121/><T79/><D26/><U118/><E118/><V97/><F120/><W131/><G131/><T129/><D129/><U69/><E15/><V75/><F97/><W122/><G122/><T102/><D21/><U31/><E31/><V78/><F14/><W48/><AGARI ba="0,1" hai="17,22,25,46,48,52,61,64,71,83,86,89,104,106" machi="48" ten="30,11700,0" yaku="1,1,0,1,54,1,53,1" doraHai="36" doraHaiUra="50" who="3" fromWho="3" sc="201,-39,237,-39,319,-39,233,127" /><INIT seed="3,1,0,2,3,72" ten="162,198,280,360" oya="3" hai0="36,68,79,135,29,39,11,35,13,2,56,90,64" hai1="59,83,67,66,22,44,17,77,18,45,97,84,96" hai2="65,8,114,23,63,115,48,92,95,6,108,76,46" hai3="69,25,32,74,88,102,101,16,61,105,49,15,122"/><W130/><G122/><T110/><D68/><U0/><E0/><V111/><F23/><N who="3" m="13543" /><G105/><T73/><D2/><U131/><E131/><V38/><F38/><W30/><G74/><T91/><D110/><N who="2" m="42026" /><F76/><W5/><G32/><T42/><D135/><U1/><E1/><N who="2" m="79" /><F95/><W75/><G69/><T103/><D103/><U124/><E124/><V70/><F92/><W106/><G75/><T9/><D29/><U104/><E104/><V109/><N who="2" m="42034" /><V112/><DORA hai="78" /><F112/><W26/><G130/><T82/><D35/><U113/><E113/><V129/><F129/><W52/><G106/><T4/><D11/><U21/><E21/><V89/><F89/><W24/><G30/><T98/><D91/><U47/><E18/><V19/><F19/><W58/><G15/><T93/><REACH who="0" step="1"/><D42/><AGARI ba="1,0" hai="42,46,48,63,65,70,114,115" m="79,42034" machi="42" ten="40,1300,0" yaku="14,1" doraHai="72,78" who="2" fromWho="0" sc="162,-16,198,0,280,16,360,0" /><INIT seed="4,0,0,3,4,93" ten="146,198,296,360" oya="0" hai0="128,72,37,105,36,119,49,34,66,40,85,53,59" hai1="124,56,7,92,20,117,4,46,116,2,73,75,32" hai2="27,63,80,100,5,90,13,62,125,38,65,101,77" hai3="28,43,14,25,42,61,94,88,89,133,83,112,86"/><T39/><D72/><U123/><E32/><V31/><F38/><W115/><G133/><T111/><D34/><U120/><E20/><N who="2" m="15847" /><F77/><W114/><G14/><T58/><D105/><U60/><E46/><V48/><F48/><W127/><G127/><T81/><D119/><U110/><E92/><V9/><F125/><W30/><G61/><N who="2" m="23049" /><F65/><W6/><G6/><T126/><D126/><U129/><E60/><V91/><F80/><W45/><G25/><T95/><D66/><U135/><E124/><V78/><F78/><W68/><G68/><T22/><D59/><U55/><E135/><V64/><F64/><W130/><G130/><T71/><D71/><U24/><E129/><V54/><F54/><W109/><G109/><T103/><D128/><U44/><E55/><V122/><F122/><W12/><G12/><T113/><D111/><U84/><E56/><V107/><F107/><W1/><G1/><T0/><D0/><U50/><E110/><V29/><F29/><N who="3" m="11371" /><G45/><T131/><D131/><U118/><E44/><V106/><F106/><W76/><G76/><T132/><D132/><U18/><E2/><V33/><F33/><W17/><G43/><T69/><D69/><U19/><E118/><V8/><F8/><W15/><G42/><T70/><D70/><U96/><E50/><V99/><F101/><W57/><G57/><T121/><D40/><U47/><E117/><V23/><F23/><N who="3" m="11711" /><G115/><T51/><D113/><U104/><E116/><V97/><F100/><W11/><G11/><T10/><D10/><U79/><E104/><V67/><F67/><W82/><G82/><RYUUKYOKU ba="0,0" sc="146,-15,198,-15,296,15,360,15" hai2="5,9,13,90,91,97,99" hai3="83,86,88,89,94,112,114" /><INIT seed="5,1,0,2,3,48" ten="131,183,311,375" oya="1" hai0="5,83,102,79,100,116,80,6,135,32,13,84,119" hai1="114,64,23,77,128,47,30,96,29,4,109,85,50" hai2="18,68,76,101,98,40,112,41,12,16,75,56,113" hai3="21,103,111,108,67,28,38,45,57,88,3,127,60"/><U91/><E114/><N who="2" m="44139" /><F68/><W105/><G3/><T17/><D32/><U33/><E33/><V0/><F0/><W65/><G127/><T55/><D135/><U51/><E109/><V124/><F18/><W54/><G103/><T10/><D119/><U123/><E123/><V39/><F39/><W2/><G105/><T106/><D116/><U7/><E128/><V78/><F56/><W35/><G2/><T69/><D69/><U34/><E34/><V11/><F124/><W58/><G35/><T72/><D102/><U66/><E96/><V95/><F75/><W130/><G130/><T74/><D100/><U8/><E77/><AGARI ba="1,0" hai="11,12,16,40,41,76,77,78,95,98,101" m="44139" machi="77" ten="30,3900,0" yaku="15,1,11,1,54,1" doraHai="48" who="2" fromWho="1" sc="131,0,183,-42,311,42,375,0" /><INIT seed="6,0,0,0,0,126" ten="131,141,353,375" oya="2" hai0="18,54,133,34,104,81,17,46,94,37,130,68,23" hai1="112,121,6,7,49,14,32,28,52,60,62,9,20" hai2="123,27,29,40,51,12,99,8,108,59,106,11,22" hai3="109,57,10,89,66,82,87,113,102,26,61,72,45"/><V15/><F123/><W92/><G109/><T13/><D104/><U50/><E121/><V86/><F108/><W91/><G113/><T65/><D34/><U33/><E112/><V129/><F129/><W4/><G72/><T42/><D133/><U85/><E7/><N who="2" m="3103" /><F106/><W98/><G45/><T2/><D2/><U35/><E85/><V134/><F134/><W24/><REACH who="3" step="1"/><G102/><REACH who="3" ten="131,141,353,365" step="2"/><T21/><D46/><U73/><E73/><V128/><F40/><W117/><G117/><T120/><D42/><U127/><E127/><V111/><F111/><W70/><G70/><T64/><D68/><U55/><E28/><V48/><F59/><W83/><G83/><T56/><D81/><U135/><E135/><V75/><F75/><W119/><G119/><T122/><D122/><U77/><E77/><V3/><F3/><AGARI ba="0,1" hai="3,4,10,24,26,57,61,66,82,87,89,91,92,98" machi="3" ten="30,2000,0" yaku="1,1,7,1,53,0" doraHai="126" doraHaiUra="38" who="3" fromWho="2" sc="131,0,141,0,353,-20,365,30" /><INIT seed="7,0,0,5,3,111" ten="131,141,333,395" oya="3" hai0="50,93,35,135,102,52,0,70,43,58,71,121,109" hai1="53,92,127,38,16,113,4,64,55,79,5,40,18" hai2="34,73,10,67,85,9,110,125,80,36,82,57,96" hai3="27,29,68,86,83,107,126,88,25,89,100,63,122"/><W51/><G122/><T23/><D121/><U8/><E127/><V87/><F125/><W117/><G126/><T99/><D109/><U1/><E113/><V104/><F110/><W32/><G117/><T115/><D35/><U62/><E79/><V65/><F36/><W133/><G133/><T39/><D0/><U91/><E38/><V77/><F34/><W47/><G27/><T17/><D135/><U61/><E40/><V42/><F42/><N who="3" m="25079" /><G86/><T124/><D124/><U72/><E72/><V119/><F73/><W26/><G26/><T132/><D132/><U31/><E31/><V123/><F123/><W69/><G83/><T106/><D115/><U75/><E75/><V24/><F24/><W54/><G54/><N who="1" m="20490" /><E1/><V103/><F119/><W13/><G69/><T20/><D106/><U48/><E64/><V7/><F57/><W22/><G22/><T60/><D39/><U28/><E48/><V56/><F56/><W33/><G13/><T12/><REACH who="0" step="1"/><D20/><REACH who="0" ten="121,141,333,395" step="2"/><U90/><E28/><V19/><F9/><W49/><G33/><T101/><D101/><U44/><E8/><V81/><F19/><N who="1" m="7209" /><E44/><AGARI ba="0,1" hai="12,17,23,43,44,50,52,58,60,70,71,93,99,102" machi="44" ten="40,2600,0" yaku="1,1,54,1,53,0" doraHai="111" doraHaiUra="120" who="0" fromWho="1" sc="121,36,141,-26,333,0,395,0" owari="157,-24.0,115,-38.0,333,13.0,395,49.0" /></mjloggm>