<mjloggm ver="2.3"><GO type="169" lobby="0"/><UN n0="%63%69%73%63%69%73" n1="%7A%65%6C%64%65%6E" n2="%E3%81%9F%E3%81%8C%E3%82%84%E3%81%99" n3="%E3%82%A6%E3%83%AB%E3%83%88%E3%83%A9%E7%AB%8B%E7%9B%B4" dan="16,17,16,17" rate="2105.10,2205.56,2071.32,2156.30" sx="M,M,M,M"/><TAIKYOKU oya="0"/><INIT seed="0,0,0,4,3,63" ten="250,250,250,250" oya="0" hai0="66,125,17,127,83,10,131,32,9,102,11,117,22" hai1="113,124,24,47,100,5,111,45,43,96,87,7,114" hai2="18,123,26,8,20,39,6,73,42,84,80,118,106" hai3="71,104,59,112,79,91,119,58,16,99,95,115,64"/><T65/><D117/><U81/><E111/><V129/><F106/><W35/><G35/><T75/><D131/><U97/><E124/><N who="0" m="47689" /><D32/><U12/><E24/><V56/><F129/><W134/><G104/><T105/><D102/><U85/><E12/><V49/><F73/><W74/><G119/><T29/><D29/><U53/><E53/><V93/><F39/><W2/><G2/><T121/><D105/><U116/><E116/><V86/><F118/><W27/><G134/><T108/><D108/><U57/><E57/><V4/><F123/><W107/><G107/><T130/><D130/><U67/><E100/><V90/><F8/><W70/><G59/><T30/><D30/><U122/><E122/><V1/><F1/><W55/><G58/><T103/><D103/><U61/><E61/><V3/><F3/><W38/><G115/><T40/><D40/><U50/><E50/><V109/><F109/><W128/><G71/><T132/><D132/><U21/><E43/><V36/><F36/><W82/><G38/><T44/><D44/><U34/><E34/><V23/><F23/><W76/><G70/><T41/><D41/><U68/><E68/><V37/><F37/><W14/><G128/><T19/><D121/><U133/><E133/><V126/><F126/><W88/><G112/><T78/><D22/><U0/><E21/><V77/><F42/><W94/><G55/><AGARI ba="0,0" hai="4,6,18,20,26,49,55,56,77,80,84,86,90,93" machi="55" ten="40,1300,0" yaku="8,1" doraHai="63" who="2" fromWho="3" sc="250,0,250,0,250,13,250,-13" /><INIT seed="1,0,0,5,3,123" ten="250,250,263,237" oya="1" hai0="43,4,87,131,34,39,93,0,55,110,102,106,77" hai1="5,38,62,3,82,104,121,132,119,86,124,69,20" hai2="128,63,113,71,14,58,1,11,19,56,118,103,48" hai3="85,134,117,73,126,46,78,83,45,49,95,6,44"/><U40/><E20/><V59/><F1/><W51/><G117/><T33/><D106/><U72/><E86/><V36/><F118/><W57/><G126/><T17/><D17/><U97/><E97/><V50/><F36/><W88/><G134/><T89/><D102/><U65/><E82/><V116/><F116/><W84/><G6/><T111/><D131/><U127/><E5/><V120/><F128/><W114/><G114/><T61/><D77/><U133/><E3/><V35/><F35/><W28/><G28/><T27/><D43/><U12/><E12/><V30/><F71/><W130/><G130/><T67/><D55/><U18/><E18/><V52/><F120/><W47/><N who="3" m="11264" /><DORA hai="42" /><W100/><G100/><T21/><D39/><U94/><E94/><V74/><F74/><W68/><G68/><N who="0" m="42095" /><D4/><U98/><E40/><V13/><F103/><W8/><G8/><T10/><D10/><U80/><E38/><V54/><F113/><W115/><G115/><T60/><D60/><U25/><E121/><V7/><F30/><W53/><G73/><T135/><D0/><U70/><E70/><V112/><F112/><W16/><G16/><N who="0" m="12711" /><D135/><N who="1" m="51787" /><E119/><V29/><F29/><W9/><G9/><T66/><D66/><U81/><E25/><V101/><F101/><W37/><G37/><T23/><D23/><U91/><E104/><V122/><F122/><W76/><G76/><T22/><D22/><U31/><E31/><V32/><F32/><W41/><G41/><T109/><AGARI ba="0,0" hai="33,34,87,89,93,109,110,111" m="12711,42095" machi="109" ten="30,8000,1" yaku="14,1,52,3,54,1" doraHai="123,42" who="0" fromWho="0" sc="250,80,250,-40,263,-20,237,-20" /><INIT seed="2,0,0,1,0,2" ten="330,210,243,217" oya="2" hai0="34,3,106,36,13,55,88,123,93,128,134,52,126" hai1="112,67,69,65,127,62,99,116,77,47,71,35,28" hai2="107,87,78,43,12,101,57,98,74,68,64,44,48" hai3="96,110,38,125,5,95,81,63,0,102,61,91,27"/><V130/><F74/><W26/><G38/><T89/><D106/><U129/><E112/><V30/><F30/><W59/><G110/><T73/><D3/><U121/><E116/><V83/><F130/><W119/><G119/><T10/><D123/><U39/><E129/><V103/><F68/><W97/><G125/><T49/><D36/><U24/><E127/><V70/><F70/><W117/><G117/><T100/><D88/><U120/><E77/><V45/><F45/><W21/><G81/><T6/><D34/><U76/><E76/><V29/><F29/><W80/><G80/><T31/><D73/><U124/><E124/><V32/><F32/><W131/><G131/><T58/><D126/><U40/><E99/><V51/><F98/><W8/><G21/><T109/><D109/><U122/><E122/><V75/><F107/><W66/><REACH who="3" step="1"/><G63/><AGARI ba="0,0" hai="24,28,35,39,40,47,62,63,65,67,69,71,120,121" machi="63" ten="40,5200,0" yaku="9,1,23,2" doraHai="2" who="1" fromWho="3" sc="330,0,210,52,243,0,217,-52" /><INIT seed="3,0,0,2,3,106" ten="330,262,243,165" oya="3" hai0="1,91,34,76,12,28,35,63,107,128,87,65,86" hai1="118,131,52,49,61,94,130,53,89,22,99,90,83" hai2="127,68,100,30,10,23,15,132,88,92,4,7,64" hai3="18,119,21,27,81,109,74,126,8,77,56,125,24"/><W33/><G119/><T13/><D1/><U5/><E118/><V2/><F68/><W6/><G109/><T111/><D107/><U69/><E5/><V36/><F36/><W16/><G56/><T3/><D3/><U51/><E22/><V60/><F100/><W0/><G33/><T44/><D111/><U120/><E120/><V129/><F2/><W32/><G32/><T70/><D128/><N who="1" m="49195" /><E69/><V58/><F129/><W11/><G8/><T116/><D116/><U25/><E25/><V80/><F80/><W55/><G55/><N who="1" m="21066" /><E61/><V17/><F127/><W50/><REACH who="3" step="1"/><G50/><REACH who="3" ten="330,262,243,155" step="2"/><T117/><D34/><U110/><E110/><V121/><F121/><W85/><G85/><AGARI ba="0,1" hai="49,51,83,85,89,90,94,99" m="21066,49195" machi="85" ten="30,2000,0" yaku="19,1,54,1" doraHai="106" who="1" fromWho="3" sc="330,0,262,30,243,0,155,-20" /><INIT seed="4,0,0,3,1,47" ten="330,292,243,135" oya="0" hai0="84,73,130,88,61,71,22,0,90,36,15,97,18" hai1="39,81,98,26,31,82,44,67,57,104,106,3,5" hai2="94,62,1,33,75,68,114,125,120,53,126,113,86" hai3="40,24,123,93,7,12,70,34,2,91,59,100,111"/><T79/><BYE who="3" /><D130/><U103/><E104/><V112/><F75/><UN n3="%E3%82%A6%E3%83%AB%E3%83%88%E3%83%A9%E7%AB%8B%E7%9B%B4" /><W96/><G111/><T58/><D0/><U122/><E122/><V27/><F1/><W72/><G70/><T74/><D36/><U83/><E5/><V85/><F120/><W134/><G72/><T19/><D71/><U41/><E3/><V21/><F33/><W56/><G2/><T124/><D79/><U66/><REACH who="1" step="1"/><E57/><REACH who="1" ten="330,282,243,135" step="2"/><N who="2" m="35119" /><F68/><W118/><G59/><T78/><D124/><N who="2" m="47722" /><F94/><W107/><G93/><T60/><D58/><U49/><E49/><V105/><F105/><W23/><G56/><T50/><D50/><U45/><E45/><V8/><F8/><W131/><G107/><T10/><D61/><U13/><E13/><V25/><F25/><W30/><G24/><T76/><D60/><U54/><E54/><V46/><F46/><W48/><G48/><T135/><D74/><U64/><E64/><V108/><F108/><W16/><G131/><T37/><D73/><U42/><E42/><V29/><AGARI ba="0,1" hai="21,27,29,85,86,112,113,114" m="47722,35119" machi="29" ten="40,2700,0" yaku="15,1,18,1" doraHai="47" who="2" fromWho="2" sc="330,-13,282,-7,243,37,135,-7" /><INIT seed="5,0,0,0,1,18" ten="317,275,280,128" oya="1" hai0="31,60,109,20,67,28,117,89,111,104,16,30,3" hai1="103,32,17,0,79,35,51,21,37,25,113,77,5" hai2="83,57,93,15,36,41,122,85,128,54,106,49,42" hai3="97,73,74,119,9,105,43,70,44,1,59,115,108"/><U129/><E37/><V34/><F106/><W126/><G59/><T130/><D104/><U13/><E113/><V118/><F34/><W78/><G74/><T102/><D102/><U69/><E69/><V99/><F36/><W84/><G84/><T120/><D120/><U50/><E103/><V86/><F86/><W14/><G14/><T101/><D101/><U23/><E129/><V68/><F68/><W7/><G126/><T11/><D117/><U6/><E32/><V58/><F128/><W22/><G22/><T107/><D107/><U124/><E124/><V114/><F114/><W29/><G29/><T8/><D130/><U66/><E66/><V110/><F110/><N who="0" m="41994" /><D89/><U62/><E62/><V88/><F122/><W75/><G108/><T12/><D60/><U112/><E112/><V125/><F118/><W53/><G115/><T92/><D92/><U123/><E123/><V33/><F33/><W26/><G119/><T94/><D94/><U91/><E91/><V127/><F127/><W27/><G105/><T56/><D56/><U135/><E35/><V80/><F125/><W72/><G70/><T98/><D98/><U46/><E0/><V95/><F57/><W87/><G97/><T63/><D63/><U64/><E64/><V39/><F39/><N who="3" m="21631" /><G53/><T121/><D67/><U40/><E51/><V24/><F42/><W2/><G2/><T71/><D71/><U45/><E45/><V100/><F41/><W10/><G10/><N who="0" m="3627" /><D121/><U133/><E77/><V82/><F15/><W4/><G4/><N who="1" m="1642" /><E79/><V132/><F100/><W48/><G48/><T90/><D3/><RYUUKYOKU ba="0,0" sc="317,10,275,10,280,-30,128,10" hai0="12,16,20,28,30,31,90" hai1="13,17,21,23,25,40,46,50,133,135" hai3="1,7,9,26,27,72,73,75,78,87" /><INIT seed="5,1,0,2,1,80" ten="327,285,250,138" oya="1" hai0="86,20,131,35,69,124,94,55,74,81,64,6,54" hai1="73,85,114,2,120,49,15,4,17,33,31,102,125" hai2="92,99,30,130,79,119,101,63,18,106,26,97,121" hai3="57,62,65,46,43,84,133,82,98,123,87,113,59"/><U21/><E73/><V129/><F18/><W93/><G123/><T76/><D35/><U135/><E120/><V118/><F63/><W89/><G133/><T83/><D124/><U32/><E125/><V77/><F26/><W91/><G113/><T116/><D116/><U115/><E135/><V68/><F30/><W75/><G75/><T58/><D131/><N who="2" m="50186" /><F68/><W3/><G3/><T11/><D69/><U36/><E36/><V108/><F108/><W27/><G27/><T10/><D94/><U78/><E102/><N who="2" m="62815" /><F121/><W111/><G111/><T7/><D20/><U60/><E49/><V25/><F25/><W14/><G14/><T134/><D134/><U53/><E53/><V37/><F37/><W29/><G29/><T72/><D64/><U47/><E47/><V127/><F127/><W48/><REACH who="3" step="1"/><G98/><REACH who="3" ten="327,285,250,128" step="2"/><T88/><D72/><U45/><E31/><V5/><F5/><W126/><G126/><T107/><D74/><U8/><E15/><V24/><F24/><W44/><G44/><T40/><D7/><U70/><E45/><V90/><F101/><W109/><G109/><T56/><D6/><U122/><E4/><V16/><F16/><W34/><G34/><T51/><D10/><U132/><E33/><V23/><F23/><W19/><G19/><T117/><D11/><U52/><E32/><V13/><F13/><W50/><G50/><T105/><D51/><U112/><E132/><V61/><F61/><W12/><G12/><T38/><D38/><U71/><E122/><V128/><F128/><W104/><G104/><T0/><D107/><U110/><E110/><RYUUKYOKU ba="1,1" sc="327,-15,285,-15,250,15,128,15" hai2="77,79,90,92,97,118,119" hai3="43,46,48,57,59,62,65,82,84,87,89,91,93" /><INIT seed="6,2,1,2,0,77" ten="312,270,265,143" oya="2" hai0="37,11,92,46,90,103,75,73,44,112,96,52,3" hai1="35,135,47,123,89,62,91,82,27,1,107,134,80" hai2="23,2,25,45,97,118,93,28,114,115,117,74,54" hai3="127,85,84,108,109,72,21,101,48,88,22,50,16"/><V15/><F2/><W110/><G72/><T102/><D112/><N who="2" m="43050" /><F74/><W58/><G127/><T56/><D75/><U126/><E1/><V31/><F45/><W36/><G36/><T68/><D68/><U30/><E126/><V79/><F54/><W13/><G101/><T34/><D73/><U130/><E107/><V113/><F79/><W32/><G32/><T0/><D34/><U7/><E7/><V119/><F15/><W42/><G85/><T53/><D53/><U66/><E130/><V17/><F113/><W83/><G42/><T87/><D103/><AGARI ba="2,1" hai="17,23,25,28,31,93,97,103,117,118,119" m="43050" machi="103" ten="40,2000,0" yaku="15,1" doraHai="77" who="2" fromWho="0" sc="312,-26,270,0,265,36,143,0" /><INIT seed="6,3,0,5,4,23" ten="286,270,301,143" oya="2" hai0="64,50,72,13,99,109,26,117,127,88,81,25,128" hai1="73,63,70,66,57,119,91,35,122,100,5,96,85" hai2="83,106,15,110,0,39,111,16,7,21,116,62,67" hai3="82,76,102,3,58,48,103,22,56,9,65,98,37"/><V19/><F106/><W52/><G37/><T60/><D109/><N who="2" m="41482" /><F39/><W79/><G3/><T40/><D128/><U134/><E119/><V124/><F116/><W68/><G68/><T101/><D127/><U41/><E73/><V95/><F83/><W87/><G9/><T112/><D112/><U30/><E134/><V78/><F78/><W45/><G79/><T120/><D120/><U121/><E41/><V74/><F95/><W86/><G86/><N who="0" m="50255" /><D72/><U1/><E57/><V113/><F74/><W6/><G6/><T32/><D32/><U104/><E5/><V118/><F118/><W93/><G65/><T97/><D117/><U2/><E2/><V133/><F7/><W27/><REACH who="3" step="1"/><G103/><REACH who="3" ten="286,270,301,133" step="2"/><T131/><D101/><U69/><E69/><V107/><F0/><W51/><G51/><T10/><D50/><U105/><E1/><V49/><F49/><W94/><G94/><T38/><D64/><U123/><E104/><V31/><F107/><W80/><G80/><T108/><D38/><U24/><E121/><V89/><F67/><W130/><G130/><T126/><D131/><U129/><E129/><V33/><F62/><W17/><AGARI ba="3,1" hai="17,22,27,45,48,52,56,58,76,82,87,93,98,102" machi="17" ten="20,16000,3" yaku="1,1,0,1,7,1,8,1,52,1,54,1,53,2" doraHai="23" doraHaiUra="55" who="3" fromWho="3" sc="286,-43,270,-43,301,-83,133,179" /><INIT seed="7,0,0,4,3,59" ten="243,227,218,312" oya="3" hai0="74,93,60,110,85,11,103,41,72,40,27,46,131" hai1="112,88,125,128,29,129,67,106,73,14,15,57,108" hai2="76,81,56,122,45,79,96,3,114,6,48,84,31" hai3="51,77,5,13,99,39,133,0,89,124,38,134,66"/><W107/><G0/><T100/><D110/><U120/><E108/><V105/><F3/><W98/><G77/><T101/><D131/><N who="1" m="50251" /><E120/><V32/><F122/><W102/><G66/><T78/><D11/><U109/><E109/><V44/><F32/><W126/><G51/><N who="0" m="27079" /><D72/><U12/><E112/><V63/><F105/><W50/><G50/><T80/><D74/><U135/><E135/><N who="3" m="51722" /><G98/><N who="0" m="59471" /><D41/><U113/><E125/><N who="3" m="48234" /><G89/><T123/><D123/><U19/><E106/><V90/><F114/><W86/><G86/><T37/><D37/><U21/><E73/><V52/><F96/><W2/><G2/><T119/><D119/><U18/><E88/><V36/><F36/><W55/><G55/><T104/><D104/><U127/><E127/><V70/><F70/><W116/><G116/><T75/><D75/><U33/><E113/><V34/><F44/><W7/><G7/><T1/><D1/><U43/><E43/><V61/><F6/><W8/><AGARI ba="0,0" hai="5,8,13,38,39,99,102,107" m="48234,51722" machi="8" ten="40,3900,0" yaku="20,1,18,1" doraHai="59" who="3" fromWho="3" sc="243,-13,227,-13,218,-13,312,39" owari="230,3.0,214,-19.0,205,-29.0,351,45.0" /></mjloggm>