<mjloggm ver="2.3"><GO type="169" lobby="0"/><UN n0="%E3%82%AB%E3%83%96%E3%83%88" n1="%E3%80%93%E3%81%84%E3%81%A1%E3%81%AF%E3%82%89%E3%80%93" n2="%72%61%74%74%61%74%74%61" n3="%E3%83%88%E3%83%88%E3%83%AA%E5%85%88%E7%94%9F%31%39%E6%AD%B3" dan="16,17,18,18" rate="2093.36,2178.43,2219.12,2274.35" sx="M,M,M,F"/><TAIKYOKU oya="0"/><INIT seed="0,0,0,2,1,24" ten="250,250,250,250" oya="0" hai0="100,129,76,90,54,109,34,48,73,78,114,101,6" hai1="32,93,15,89,50,38,67,125,110,51,9,82,119" hai2="53,121,3,41,25,87,86,108,107,63,135,115,58" hai3="31,98,56,84,13,5,16,35,112,2,18,92,17"/><T28/><D114/><U39/><E110/><V105/><F3/><W131/><G112/><T43/><D43/><U37/><E119/><V19/><F121/><W60/><G131/><T88/><D129/><U83/><E32/><V33/><F108/><W128/><G128/><T12/><D109/><U44/><E67/><V36/><F135/><W102/><G2/><T66/><D66/><U72/><E125/><V0/><F0/><W40/><G40/><T57/><D73/><U29/><E29/><V23/><F33/><W68/><G68/><T126/><D126/><U26/><E26/><V116/><F116/><W42/><G42/><T94/><D34/><U14/><E72/><V117/><F117/><W45/><G45/><T124/><D124/><U65/><E65/><V27/><F27/><W77/><G31/><T104/><D104/><U111/><E111/><V49/><F36/><W71/><G71/><T106/><D106/><U122/><E122/><V62/><F115/><W80/><G35/><T132/><D132/><U127/><E127/><V4/><F4/><W21/><REACH who="3" step="1"/><G5/><REACH who="3" ten="250,250,250,240" step="2"/><T91/><D28/><U52/><E44/><V118/><F118/><W130/><G130/><T113/><D113/><U133/><E133/><V74/><F41/><W7/><G7/><T47/><D47/><U11/><E39/><V120/><F120/><W55/><AGARI ba="0,1" hai="13,16,17,18,21,55,56,60,77,80,84,92,98,102" machi="55" ten="20,12000,2" yaku="1,1,0,1,7,1,8,1,54,1,53,1" doraHai="24" doraHaiUra="8" who="3" fromWho="3" sc="250,-60,250,-30,250,-30,240,130" /><INIT seed="1,0,0,4,4,107" ten="190,220,220,370" oya="1" hai0="113,135,22,11,39,115,4,63,48,100,88,3,24" hai1="64,114,1,72,8,55,14,111,90,127,56,45,54" hai2="129,13,46,74,30,62,59,15,99,28,84,68,122" hai3="47,43,12,0,92,6,61,124,29,87,108,126,118"/><U70/><E114/><V134/><F68/><W130/><G0/><T76/><D39/><U32/><E1/><V26/><F122/><W110/><G130/><T16/><D135/><U51/><E32/><V101/><F129/><W91/><G118/><T96/><D76/><U34/><E34/><V67/><F134/><W81/><G29/><T52/><D63/><U25/><E25/><V125/><F125/><N who="3" m="48235" /><G61/><T93/><D100/><U41/><E127/><V37/><F84/><N who="3" m="52327" /><G6/><T83/><D83/><U86/><E111/><V133/><F30/><W78/><G12/><T69/><D69/><U80/><E70/><V27/><F26/><W31/><G31/><T35/><D35/><U85/><E85/><V95/><F74/><W89/><G89/><T82/><D82/><U58/><E72/><V75/><F75/><W112/><G112/><T128/><D128/><U66/><E14/><V121/><F121/><W131/><G131/><T60/><D60/><U116/><E116/><V23/><REACH who="2" step="1"/><F133/><REACH who="2" ten="190,220,210,370" step="2"/><W50/><AGARI ba="0,1" hai="43,47,50,78,81,87,108,110" m="52327,48235" machi="50" ten="30,1100,0" yaku="18,1" doraHai="107" who="3" fromWho="3" sc="190,-3,220,-5,210,-3,370,21" /><INIT seed="2,0,0,1,2,133" ten="187,215,207,391" oya="2" hai0="21,57,67,78,88,8,41,80,87,61,108,82,123" hai1="100,117,75,128,35,19,43,104,103,126,132,27,36" hai2="115,23,134,5,95,54,66,9,79,48,109,113,63" hai3="38,45,99,97,68,39,59,60,69,70,118,92,135"/><V51/><F134/><W25/><G118/><T50/><D123/><U55/><E132/><V72/><F72/><W10/><G135/><T65/><D108/><U112/><E112/><V11/><F79/><W122/><G122/><T37/><D37/><U76/><E117/><V56/><F109/><W47/><G10/><T30/><D67/><U58/><E128/><V1/><F48/><W119/><G119/><T98/><D8/><U13/><E104/><V110/><F110/><W127/><G25/><N who="0" m="16687" /><D98/><U102/><E43/><V125/><F23/><W28/><G28/><T20/><D20/><U7/><E36/><N who="3" m="13866" /><G92/><N who="0" m="54303" /><D78/><U111/><E111/><V2/><F95/><W0/><G0/><T34/><D34/><U121/><E121/><V114/><F114/><W90/><G90/><T85/><D85/><U3/><E76/><V40/><F113/><W107/><G97/><T83/><D50/><U105/><E75/><V42/><F115/><W31/><G31/><T4/><D41/><U77/><E77/><V62/><F62/><W16/><G16/><T129/><D129/><U84/><E84/><V101/><F40/><W130/><G99/><T15/><D15/><U124/><E105/><V32/><F2/><W74/><G107/><T52/><D65/><U12/><E35/><V64/><F1/><W94/><G74/><T131/><D131/><U33/><E33/><V116/><F32/><W17/><G130/><T49/><D61/><N who="1" m="36063" /><E27/><V6/><F116/><W91/><G60/><T29/><D29/><U53/><E19/><V96/><F64/><W24/><G17/><T14/><D14/><RYUUKYOKU ba="0,0" sc="187,30,215,-10,207,-10,391,-10" hai0="4,49,52,57,80,82,83" /><INIT seed="3,1,0,0,2,62" ten="217,205,197,381" oya="3" hai0="6,20,45,79,100,0,132,80,8,21,68,41,64" hai1="26,96,88,56,4,42,54,40,3,125,84,67,120" hai2="78,86,69,14,34,50,118,72,101,44,102,13,38" hai3="116,104,123,94,126,110,59,58,31,36,51,12,10"/><W25/><G116/><T15/><D132/><U92/><E120/><V27/><F38/><W119/><G119/><T98/><D0/><U130/><E130/><V63/><F72/><W127/><G123/><T19/><D19/><U122/><E122/><V112/><F112/><W99/><G36/><T57/><D68/><U133/><E133/><V24/><F118/><W9/><G104/><T32/><D32/><U82/><E125/><N who="3" m="47626" /><G110/><T28/><D28/><U43/><E3/><V23/><F34/><N who="3" m="20847" /><G51/><T65/><D57/><N who="3" m="21513" /><G12/><T73/><D41/><U135/><E135/><V95/><F24/><W61/><G61/><T87/><D45/><U74/><E26/><V114/><F114/><W91/><AGARI ba="1,0" hai="9,10,91,94,99" m="21513,20847,47626" machi="91" ten="30,1500,0" yaku="18,1" doraHai="62" who="3" fromWho="3" sc="217,-6,205,-6,197,-6,381,18" /><INIT seed="3,2,0,5,0,35" ten="211,199,191,399" oya="3" hai0="36,8,135,9,40,71,69,110,82,31,12,27,59" hai1="88,126,5,75,47,96,19,80,132,30,48,25,78" hai2="65,68,116,118,91,76,84,134,106,97,60,81,86" hai3="16,64,46,83,121,114,52,72,98,70,67,133,120"/><W56/><G114/><T24/><D110/><U54/><E132/><V66/><F134/><W20/><G133/><T87/><D135/><U11/><E126/><V17/><F65/><W37/><G98/><T45/><D59/><U29/><E19/><V130/><F130/><W2/><G2/><T10/><D12/><U101/><E25/><V73/><F17/><W107/><G107/><T53/><D53/><U79/><E79/><V92/><REACH who="2" step="1"/><F84/><REACH who="2" ten="211,199,181,399" step="2"/><W4/><G67/><T128/><D128/><U0/><REACH who="1" step="1"/><E88/><REACH who="1" ten="211,189,181,399" step="2"/><V26/><F26/><W1/><G16/><T41/><D27/><U63/><E63/><V23/><F23/><W51/><G20/><T113/><D24/><U74/><E74/><V111/><F111/><W49/><G72/><T61/><D61/><U77/><E77/><V34/><F34/><W115/><G115/><T58/><D87/><U42/><E42/><V112/><F112/><W89/><G120/><T93/><D113/><U95/><AGARI ba="2,2" hai="0,5,11,29,30,47,48,54,75,78,80,95,96,101" machi="95" ten="20,5200,0" yaku="1,1,0,1,7,1,52,1,53,0" doraHai="35" doraHaiUra="108" who="1" fromWho="1" sc="211,-15,189,78,181,-15,399,-28" /><INIT seed="4,0,0,5,0,110" ten="196,267,166,371" oya="0" hai0="119,66,52,82,57,61,97,70,109,91,6,56,124" hai1="26,2,34,17,55,13,79,42,104,1,24,126,71" hai2="49,3,43,90,19,45,120,35,108,12,132,125,75" hai3="69,50,38,59,94,114,64,116,65,121,9,32,54"/><T77/><D119/><U107/><E71/><V88/><F108/><W37/><G116/><T25/><D109/><U23/><E42/><V63/><F120/><W118/><G121/><T95/><D124/><U129/><E79/><V112/><F3/><W115/><G118/><T4/><D25/><U127/><E55/><V39/><F125/><N who="1" m="47625" /><E107/><V76/><F35/><W14/><G32/><T30/><D30/><N who="1" m="19799" /><E104/><V16/><F132/><W28/><G94/><T102/><D102/><U81/><E81/><V96/><F39/><W51/><G28/><T105/><D105/><U99/><E99/><V20/><F112/><N who="3" m="43051" /><G50/><N who="0" m="30743" /><D70/><U92/><E92/><V47/><F63/><N who="3" m="40127" /><G64/><T103/><D77/><U135/><E135/><V18/><F45/><W130/><G130/><T78/><D78/><U53/><E129/><V100/><F76/><W93/><G93/><N who="0" m="58799" /><D82/><U27/><E53/><V11/><F75/><W117/><G117/><T31/><D31/><N who="1" m="17823" /><E27/><V72/><F72/><W44/><G44/><T41/><D41/><U29/><E29/><V58/><F47/><W89/><G89/><T10/><D91/><U73/><E73/><V74/><F74/><W87/><G87/><T15/><D95/><U21/><AGARI ba="0,0" hai="1,2,13,17,21" m="17823,19799,47625" machi="21" ten="30,4000,0" yaku="18,1,34,2" doraHai="110" who="1" fromWho="1" sc="196,-20,267,40,166,-10,371,-10" /><INIT seed="5,0,0,5,4,121" ten="176,307,156,361" oya="1" hai0="90,112,30,46,69,72,123,5,26,117,77,3,0" hai1="63,130,74,71,101,86,2,21,85,79,80,111,129" hai2="103,108,126,52,84,33,23,66,42,100,57,104,73" hai3="125,120,35,36,9,18,41,12,43,116,54,55,49"/><U75/><E2/><V88/><F33/><W17/><G120/><T29/><D117/><U34/><E34/><V25/><F73/><W45/><G35/><T133/><D69/><U58/><E71/><V135/><F135/><W51/><G116/><T110/><D123/><U94/><E21/><V95/><F126/><W119/><G119/><T118/><D118/><U65/><E111/><V14/><F108/><W61/><G125/><T106/><D106/><U87/><E75/><V82/><F104/><W78/><G36/><T122/><D122/><U115/><E115/><V4/><F42/><W40/><G78/><T20/><D110/><U38/><E38/><V134/><F66/><W76/><G76/><T92/><D112/><U70/><E70/><V31/><F134/><W48/><G18/><T89/><D133/><U19/><E19/><V91/><F14/><W1/><G1/><T44/><D30/><U109/><E109/><V8/><F8/><W47/><G61/><T97/><D3/><U39/><E39/><V56/><F4/><W28/><REACH who="3" step="1"/><G28/><REACH who="3" ten="176,307,156,351" step="2"/><T132/><D132/><U37/><E37/><V96/><F57/><AGARI ba="0,1" hai="9,12,17,40,41,43,45,47,48,49,51,54,55,57" machi="57" ten="30,8000,1" yaku="1,1,2,1,7,1,8,1,53,1" doraHai="121" doraHaiUra="13" who="3" fromWho="2" sc="176,0,307,0,156,-80,351,90" /><INIT seed="6,0,0,2,4,38" ten="176,307,76,441" oya="2" hai0="115,41,23,10,101,107,6,130,39,78,87,106,73" hai1="104,84,99,52,89,132,63,62,50,5,11,29,88" hai2="96,18,91,65,76,66,117,68,28,85,127,40,45" hai3="95,34,103,8,47,17,134,120,75,105,44,124,58"/><V37/><F117/><W55/><G120/><T92/><D73/><U7/><E132/><V77/><F127/><W79/><G34/><T64/><D64/><U43/><E29/><V109/><F109/><W119/><G105/><T125/><D125/><U113/><E113/><V60/><F65/><W14/><G124/><T83/><D115/><U49/><E104/><V48/><F28/><W61/><G119/><T131/><D23/><U71/><E71/><V67/><F67/><W108/><G108/><T114/><D114/><U0/><E99/><V36/><F36/><W111/><G111/><T94/><D107/><U16/><E89/><V30/><F30/><W112/><G112/><T33/><D33/><U74/><E74/><V56/><F18/><W123/><G123/><T133/><D133/><U20/><E7/><V128/><F96/><W90/><G103/><T25/><D25/><U122/><E50/><V53/><F128/><N who="0" m="49194" /><D101/><U2/><E43/><V3/><REACH who="2" step="1"/><F3/><REACH who="2" ten="176,307,66,441" step="2"/><W32/><G17/><T97/><D97/><U98/><E98/><V42/><F42/><W86/><G134/><T46/><D106/><U51/><E0/><AGARI ba="0,1" hai="0,6,10,39,41,46,78,83,87,92,94" m="49194" machi="0" ten="30,2000,0" yaku="19,1,52,1" doraHai="38" who="0" fromWho="1" sc="176,30,307,-20,66,0,441,0" /><INIT seed="7,0,0,0,3,29" ten="206,287,66,441" oya="3" hai0="14,54,91,67,94,108,89,106,131,18,77,64,38" hai1="24,4,90,85,44,134,130,26,128,61,133,121,115" hai2="117,0,97,81,59,105,127,55,5,3,113,50,82" hai3="65,107,6,25,63,53,43,8,28,47,12,32,114"/><W42/><G114/><T56/><D38/><U37/><E37/><V88/><F117/><W78/><G78/><T122/><D122/><U74/><E74/><V79/><F127/><W72/><G72/><T1/><D1/><U95/><E44/><V92/><F113/><W71/><G53/><T87/><D106/><U119/><E115/><V51/><F3/><W9/><G47/><T16/><D108/><U48/><E48/><V27/><F0/><W123/><G123/><T96/><D77/><U116/><E61/><V60/><F5/><W109/><G109/><T49/><D131/><U19/><E95/><V124/><F124/><W84/><G84/><T36/><D36/><U21/><E85/><V34/><F105/><W45/><G45/><T11/><D18/><U62/><E90/><V125/><F125/><W57/><G57/><T40/><D40/><U66/><E62/><V52/><F55/><W69/><G69/><T75/><D75/><U132/><E66/><V13/><F13/><W20/><G107/><T86/><D96/><U31/><E121/><V99/><F99/><W101/><G101/><T39/><D39/><U41/><E4/><V30/><REACH who="2" step="1"/><F81/><AGARI ba="0,0" hai="11,14,16,49,54,56,64,67,81,86,87,89,91,94" machi="81" ten="30,3900,0" yaku="7,1,8,1,54,1" doraHai="29" who="0" fromWho="2" sc="206,39,287,0,66,-39,441,0" owari="245,-15.0,287,9.0,27,-47.0,441,53.0" /></mjloggm>