<mjloggm ver="2.3"><GO type="169" lobby="0"/><UN n0="%7A%65%72%6F%52%58" n1="%46%75%6E%54%69%6D%65" n2="%E3%82%A6%E3%83%AB%E3%83%88%E3%83%A9%E7%AB%8B%E7%9B%B4" n3="%62%6F%6E%6F%73%2E%2E" dan="16,16,17,16" rate="2160.35,2047.43,2181.99,2070.51" sx="M,M,M,M"/><TAIKYOKU oya="0"/><INIT seed="0,0,0,2,1,102" ten="250,250,250,250" oya="0" hai0="120,40,121,80,20,85,125,62,97,113,135,58,83" hai1="116,82,106,104,70,39,59,15,105,111,31,68,44" hai2="51,114,17,109,28,27,91,131,128,9,42,71,65" hai3="50,56,47,45,127,1,92,13,19,54,23,134,55"/><T72/><D113/><U57/><E116/><V86/><F114/><W123/><G127/><T122/><D125/><U129/><E31/><V24/><F109/><W36/><G1/><T64/><D135/><U73/><E111/><V76/><F76/><W108/><G108/><T87/><D40/><U110/><E110/><V90/><F65/><W133/><G123/><T52/><D97/><U112/><E112/><V37/><F71/><W46/><G36/><T61/><D20/><U103/><E103/><V25/><F37/><W99/><REACH who="3" step="1"/><G55/><REACH who="3" ten="250,250,250,240" step="2"/><T126/><D126/><U69/><E129/><V4/><F131/><W63/><G63/><T6/><D122/><U95/><E15/><V5/><F128/><W12/><G12/><T48/><D62/><U88/><E39/><V74/><F42/><W3/><G3/><T84/><D121/><U96/><REACH who="1" step="1"/><E44/><REACH who="1" ten="250,240,250,240" step="2"/><V119/><F119/><W34/><G34/><T2/><D120/><U124/><E124/><V26/><F25/><W115/><G115/><T100/><D2/><U41/><E41/><V0/><F26/><W8/><G8/><T22/><D22/><U130/><E130/><V93/><F27/><W32/><G32/><T118/><D118/><U43/><E43/><V132/><F24/><W21/><G21/><T67/><D61/><U60/><E60/><V14/><F0/><W107/><G107/><T101/><D67/><U30/><E30/><V33/><F28/><W89/><AGARI ba="0,2" hai="13,19,23,45,46,47,50,54,56,89,92,99,133,134" machi="89" ten="30,4000,0" yaku="1,1,0,1,53,1" doraHai="102" doraHaiUra="11" who="3" fromWho="3" sc="250,-20,240,-10,250,-10,240,60" /><INIT seed="1,0,0,3,4,62" ten="230,230,240,300" oya="1" hai0="8,90,135,30,77,95,11,72,51,122,33,35,63" hai1="58,80,32,107,59,53,26,85,89,129,104,75,40" hai2="19,9,131,109,47,48,13,46,74,14,103,18,117" hai3="132,27,108,76,130,73,106,114,93,15,42,83,22"/><U52/><E129/><V128/><F117/><W116/><G108/><T41/><D135/><U49/><E40/><V61/><F74/><W1/><G1/><T21/><D122/><U78/><E32/><V54/><F109/><W29/><G106/><T4/><D77/><U100/><E26/><V82/><F103/><W134/><G114/><T94/><D72/><U97/><E107/><V98/><F98/><W71/><G71/><T28/><D21/><U86/><REACH who="1" step="1"/><E89/><REACH who="1" ten="230,220,240,300" step="2"/><V65/><F128/><W92/><G130/><T125/><D90/><U24/><E24/><V105/><F131/><W0/><G42/><T111/><D35/><U101/><E101/><V38/><F105/><W60/><G132/><T23/><D33/><U69/><E69/><V102/><F102/><W96/><G27/><T119/><D41/><U124/><E124/><V56/><F38/><W7/><G134/><T3/><D125/><U36/><E36/><V5/><F82/><W45/><G83/><T87/><D111/><U55/><E55/><V20/><REACH who="2" step="1"/><F5/><REACH who="2" ten="230,220,230,300" step="2"/><W37/><G7/><T34/><D4/><U113/><E113/><V68/><AGARI ba="0,2" hai="9,13,14,18,19,20,46,47,48,54,56,61,65,68" machi="68" ten="20,8000,1" yaku="1,1,2,1,0,1,7,1,52,1,53,0" doraHai="62" doraHaiUra="84" who="2" fromWho="2" sc="230,-20,220,-40,230,100,300,-20" /><INIT seed="2,0,0,4,1,54" ten="210,180,330,280" oya="2" hai0="109,101,17,119,11,70,68,42,21,129,89,10,81" hai1="82,86,67,92,31,72,6,69,65,115,47,27,123" hai2="124,102,94,103,130,133,26,60,63,19,50,79,116" hai3="33,4,20,35,127,51,52,131,5,104,107,30,34"/><V125/><F116/><W39/><G39/><T112/><D112/><U113/><E72/><V18/><F130/><W41/><G41/><T87/><D109/><U46/><E123/><V120/><F120/><W132/><G131/><T57/><D129/><U62/><E67/><V111/><F111/><W38/><G38/><T64/><D42/><U98/><E6/><V24/><F133/><W91/><G132/><T93/><D70/><U36/><E36/><V106/><F94/><W110/><G127/><T13/><D68/><U43/><E43/><V121/><F50/><W55/><G55/><T48/><D119/><U16/><E16/><V117/><F117/><W85/><G20/><T22/><D22/><U74/><E74/><V122/><REACH who="2" step="1"/><F79/><REACH who="2" ten="210,180,320,280" step="2"/><W59/><G110/><T23/><D48/><U114/><E92/><V3/><F3/><W118/><G118/><T53/><D93/><U108/><E108/><V7/><F7/><W28/><G5/><T95/><D95/><U14/><E115/><V40/><F40/><W75/><G4/><T71/><D101/><U96/><E114/><V61/><F61/><W66/><G104/><AGARI ba="0,1" hai="18,19,24,26,60,63,102,103,104,106,121,122,124,125" machi="104" ten="25,12000,1" yaku="1,1,22,2,53,2" doraHai="54" doraHaiUra="58" who="2" fromWho="3" sc="210,0,180,0,320,130,280,-120" /><INIT seed="2,1,0,4,3,59" ten="210,180,450,160" oya="2" hai0="23,115,42,134,120,98,73,52,32,2,65,48,18" hai1="124,121,31,100,22,91,103,21,86,58,28,94,14" hai2="16,96,80,93,81,44,7,113,6,26,29,109,99" hai3="47,70,67,111,43,62,128,60,127,78,36,135,54"/><V126/><F113/><W89/><G78/><T66/><D115/><U92/><E124/><V133/><F126/><W53/><G89/><T38/><D73/><U95/><E121/><V49/><F133/><W64/><G127/><T39/><D32/><U45/><E45/><V72/><F72/><W50/><G111/><T13/><D2/><U114/><E114/><V117/><F117/><W8/><G8/><T61/><D134/><U17/><E58/><V104/><F104/><W101/><G101/><N who="1" m="38986" /><E22/><N who="2" m="13639" /><F29/><AGARI ba="1,0" hai="14,17,21,28,29,31,86,91,92,94,95" m="38986" machi="29" ten="30,1000,0" yaku="8,1" doraHai="59" who="1" fromWho="2" sc="210,0,180,13,450,-13,160,0" /><INIT seed="3,0,0,0,4,66" ten="210,193,437,160" oya="3" hai0="20,122,85,77,79,25,106,100,31,10,19,116,11" hai1="81,113,60,75,109,132,112,50,105,129,121,18,111" hai2="87,70,107,29,39,38,54,42,49,30,36,65,67" hai3="89,52,125,76,59,51,3,43,130,37,57,64,80"/><W114/><G114/><T98/><D116/><U102/><E50/><V117/><F107/><W108/><G125/><T22/><D122/><U27/><E18/><V78/><F78/><W90/><G130/><T8/><REACH who="0" step="1"/><D85/><REACH who="0" ten="200,193,437,160" step="2"/><U128/><E121/><V24/><F87/><W68/><G108/><T126/><D126/><U73/><E111/><V7/><F117/><W134/><G134/><T82/><D82/><U55/><E81/><V9/><F38/><W97/><G37/><T135/><D135/><U45/><E109/><V2/><F39/><W110/><G110/><T46/><D46/><U131/><E45/><V96/><F36/><W15/><G3/><T14/><AGARI ba="0,1" hai="8,10,11,14,19,20,22,25,31,77,79,98,100,106" machi="14" ten="30,4000,0" yaku="1,1,0,1,53,1" doraHai="66" doraHaiUra="21" who="0" fromWho="0" sc="200,50,193,-10,437,-10,160,-20" /><INIT seed="4,0,0,1,1,50" ten="250,183,427,140" oya="0" hai0="108,37,88,129,80,109,63,21,91,69,125,112,132" hai1="6,114,44,32,115,58,117,133,24,43,60,73,99" hai2="57,79,62,55,13,131,66,39,86,110,71,116,5" hai3="65,30,41,46,95,17,68,36,74,101,47,100,16"/><T14/><D112/><N who="1" m="43051" /><E133/><V10/><F110/><N who="0" m="42602" /><D37/><N who="1" m="21615" /><E117/><V49/><F131/><W8/><G74/><T22/><D129/><U35/><E73/><V82/><REACH who="2" step="1"/><F39/><REACH who="2" ten="250,183,417,140" step="2"/><W15/><G36/><T18/><D132/><U113/><E113/><V59/><F59/><W9/><G68/><T105/><D125/><U56/><E56/><V111/><F111/><W53/><G47/><T0/><D69/><U67/><E58/><V2/><F2/><W96/><G46/><T78/><D63/><U77/><E60/><V89/><F89/><W72/><G100/><T54/><D88/><U75/><E77/><V25/><F25/><W33/><G101/><T94/><D0/><U84/><E24/><V106/><F106/><W107/><G107/><T52/><D105/><U19/><E67/><V124/><F124/><W121/><G65/><T103/><D103/><U4/><E35/><V122/><F122/><W70/><G33/><T120/><D120/><U119/><E32/><V90/><F90/><W64/><G70/><T29/><D91/><U128/><E128/><V81/><F81/><W31/><G64/><T51/><D94/><U27/><E27/><V127/><F127/><W98/><G95/><T104/><D104/><U42/><E99/><V102/><F102/><W92/><G92/><T76/><D76/><U61/><E61/><V97/><F97/><W23/><G98/><T11/><D78/><U118/><E118/><AGARI ba="0,1" hai="5,10,13,49,55,57,62,66,71,79,82,86,116,118" machi="118" ten="40,5200,0" yaku="1,1,52,1,53,1" doraHai="50" doraHaiUra="1" who="2" fromWho="1" sc="250,0,183,-52,417,62,140,0" /><INIT seed="5,0,0,1,5,127" ten="250,131,479,140" oya="1" hai0="67,46,41,101,75,76,30,72,36,71,134,86,103" hai1="28,66,1,22,125,24,5,84,33,121,105,133,6" hai2="64,83,118,110,95,37,126,0,27,94,73,14,61" hai3="21,108,99,12,39,100,8,97,132,63,131,116,50"/><U82/><E105/><V109/><F95/><W23/><G39/><T92/><D30/><U56/><E121/><V54/><F94/><W40/><G108/><T128/><D134/><U59/><E133/><V45/><F14/><W120/><G120/><T34/><D34/><U129/><E125/><V78/><F54/><W119/><G132/><T130/><D67/><U79/><E129/><N who="0" m="49769" /><D71/><U88/><E33/><V29/><F0/><W112/><G131/><T87/><D76/><U70/><E70/><N who="2" m="42255" /><F118/><W13/><G63/><T58/><D58/><N who="1" m="22059" /><E1/><V32/><F126/><W31/><G13/><T57/><D57/><U91/><E66/><V117/><F117/><W113/><G116/><T18/><D18/><U35/><E35/><V43/><AGARI ba="0,0" hai="27,29,32,37,43,45,73,78,83,109,110" m="42255" machi="43" ten="30,1100,0" yaku="23,1" doraHai="127" who="2" fromWho="2" sc="250,-3,131,-5,479,11,140,-3" /><INIT seed="6,0,0,5,0,99" ten="247,126,490,137" oya="2" hai0="4,111,79,20,123,112,120,25,119,38,28,72,64" hai1="89,70,91,15,46,63,42,126,105,1,57,125,80" hai2="87,67,107,36,24,6,62,8,92,94,3,78,82" hai3="55,13,22,101,60,66,56,127,26,90,134,5,133"/><V68/><F36/><W113/><G127/><N who="1" m="48650" /><E1/><V7/><F107/><W128/><G128/><T97/><D111/><U118/><E118/><V114/><F114/><W135/><G113/><T41/><D119/><U54/><E105/><V29/><REACH who="2" step="1"/><F6/><REACH who="2" ten="247,126,480,137" step="2"/><W43/><G133/><T71/><D4/><U50/><E70/><V117/><F117/><W35/><G5/><T18/><D112/><U116/><E116/><V33/><AGARI ba="0,1" hai="3,7,8,24,29,33,62,67,68,78,82,87,92,94" machi="33" ten="20,7800,0" yaku="1,1,0,1,7,1,53,1" doraHai="99" doraHaiUra="75" who="2" fromWho="2" sc="247,-26,126,-26,480,88,137,-26" /><INIT seed="6,1,0,1,5,24" ten="221,100,568,111" oya="2" hai0="45,86,105,134,25,61,99,100,16,135,68,78,57" hai1="94,12,84,101,74,33,89,3,60,19,10,62,72" hai2="95,43,39,128,88,113,90,118,51,21,52,63,37" hai3="67,115,65,114,102,18,97,81,46,106,130,119,40"/><V55/><F118/><W29/><G119/><T2/><D2/><U41/><E33/><V6/><F113/><N who="3" m="43019" /><G130/><T4/><D4/><U5/><E41/><V121/><F128/><W83/><G18/><T44/><D68/><U69/><E101/><V32/><F6/><W131/><G131/><T7/><D7/><U28/><E28/><V27/><F121/><W123/><G123/><T124/><D124/><U38/><E38/><V96/><F37/><N who="3" m="21775" /><G29/><T98/><D98/><U23/><REACH who="1" step="1"/><E69/><REACH who="1" ten="221,90,568,111" step="2"/><V107/><F39/><W117/><G117/><T8/><D100/><U50/><E50/><V132/><F51/><W15/><G15/><T14/><D14/><U30/><E30/><V125/><F125/><W58/><G102/><T13/><D13/><U31/><E31/><V66/><F27/><W36/><G36/><T133/><D25/><U42/><E42/><V109/><F43/><W82/><G106/><T85/><D105/><U59/><E59/><V122/><F107/><W87/><G58/><T104/><D57/><U53/><E53/><V11/><F52/><W79/><G67/><T35/><D104/><U22/><E22/><V73/><F55/><W70/><G65/><T77/><D35/><U64/><E64/><V116/><F21/><W111/><G70/><T47/><D135/><U93/><E93/><V112/><F66/><W20/><G20/><T48/><D134/><U108/><E108/><V126/><F132/><W92/><G111/><T129/><D133/><U120/><E120/><V80/><F109/><W34/><G34/><T75/><D48/><U71/><E71/><RYUUKYOKU ba="1,1" sc="221,-15,90,15,568,-15,111,15" hai1="3,5,10,12,19,23,60,62,72,74,84,89,94" hai3="79,81,82,83,87,92,97" /><INIT seed="7,2,1,5,2,35" ten="206,105,553,126" oya="3" hai0="86,135,102,17,120,112,11,126,16,37,98,61,20" hai1="53,97,51,129,41,45,118,23,33,116,132,21,38" hai2="6,110,128,74,79,31,64,130,67,71,59,25,27" hai3="85,104,70,0,4,84,2,65,133,101,7,62,114"/><W15/><G114/><T123/><D37/><U48/><E132/><V28/><F71/><W134/><G101/><T18/><D135/><N who="3" m="51721" /><G104/><T12/><D126/><U107/><E129/><N who="2" m="49771" /><F110/><W96/><G96/><T124/><D124/><U92/><E33/><N who="2" m="20623" /><F6/><N who="3" m="2091" /><G15/><T36/><D112/><U80/><E80/><N who="2" m="45175" /><F59/><W47/><G47/><T54/><D98/><U88/><E107/><V42/><F42/><W9/><G9/><T75/><D12/><U99/><E99/><V95/><F95/><W26/><G26/><T52/><D102/><U87/><E97/><V122/><F122/><W73/><G73/><T1/><D86/><AGARI ba="2,1" hai="0,2,62,65,70,84,85,86" m="2091,51721" machi="86" ten="30,5800,0" yaku="20,1,52,2" doraHai="35" who="3" fromWho="0" sc="206,-64,105,0,553,0,126,74" /><INIT seed="7,3,0,4,4,23" ten="142,105,553,200" oya="3" hai0="111,0,51,88,29,128,73,49,13,45,52,66,101" hai1="98,131,107,124,17,78,27,71,74,109,87,126,110" hai2="96,46,28,56,108,61,58,86,106,103,130,65,129" hai3="43,102,42,3,92,123,9,30,122,90,118,72,40"/><W76/><G118/><T121/><D0/><U19/><E71/><V89/><F108/><W18/><G30/><T37/><D111/><U14/><E74/><V25/><F46/><W63/><G102/><T7/><D37/><U84/><E131/><N who="2" m="50187" /><F61/><W94/><G76/><T16/><D121/><U54/><E54/><V32/><F65/><W70/><G72/><T116/><D116/><U77/><E14/><V21/><F21/><W12/><G3/><T80/><D101/><U26/><E98/><V50/><F50/><W44/><G44/><T47/><D29/><U95/><E95/><AGARI ba="3,0" hai="25,28,32,56,58,86,89,95,96,103,106" m="50187" machi="95" ten="30,2000,0" yaku="19,1,52,1" doraHai="23" who="2" fromWho="1" sc="142,0,105,-29,553,29,200,0" owari="142,-26.0,76,-42.0,582,68.0,200,0.0" /></mjloggm>