<mjloggm ver="2.3"><GO type="169" lobby="0"/><UN n0="%E3%81%8B%E3%81%8D" n1="%E3%82%A6%E3%83%AB%E3%83%88%E3%83%A9%E7%AB%8B%E7%9B%B4" n2="%68%65%74" n3="%E6%A3%AE%E5%AE%AE%E8%92%BC%E4%B9%83" dan="16,17,16,16" rate="2110.74,2198.14,2069.41,2082.26" sx="M,M,M,M"/><TAIKYOKU oya="0"/><INIT seed="0,0,0,5,1,58" ten="250,250,250,250" oya="0" hai0="12,75,35,19,36,4,65,92,0,127,100,128,7" hai1="67,38,24,37,91,17,87,42,109,133,88,47,44" hai2="74,28,123,84,135,121,39,117,43,5,22,11,134" hai3="30,25,51,98,73,95,18,102,52,63,34,26,64"/><T68/><D75/><U41/><E109/><V31/><F74/><W96/><G73/><T79/><D36/><U13/><E133/><N who="2" m="50699" /><F39/><W57/><G26/><T14/><D35/><U2/><E2/><N who="2" m="439" /><F43/><W114/><G114/><T129/><D79/><U23/><E67/><V107/><F107/><W131/><G131/><N who="0" m="50251" /><D127/><U1/><E1/><V8/><F84/><W71/><G98/><N who="0" m="59463" /><D0/><U94/><REACH who="1" step="1"/><E91/><REACH who="1" ten="250,240,250,250" step="2"/><V124/><F124/><W130/><G130/><T120/><D120/><U89/><E89/><V125/><F125/><W101/><G101/><T104/><D104/><U69/><E69/><V82/><F123/><W105/><G105/><T6/><D19/><U29/><E29/><V3/><F31/><W103/><G103/><T85/><D85/><U83/><E83/><V62/><F82/><W20/><REACH who="3" step="1"/><G18/><REACH who="3" ten="250,240,250,240" step="2"/><T86/><D86/><U49/><E49/><V126/><F121/><W115/><G115/><T132/><D132/><U56/><E56/><V66/><F126/><W48/><G48/><T106/><D106/><U60/><E60/><AGARI ba="0,2" hai="4,6,7,12,14,60,65,68" m="59463,50251" machi="60" ten="30,2900,0" yaku="19,1,52,1" doraHai="58" who="0" fromWho="1" sc="250,49,240,-29,250,0,240,0" /><INIT seed="0,1,0,4,0,95" ten="299,211,250,240" oya="0" hai0="110,2,52,87,11,12,74,122,69,133,45,123,27" hai1="55,47,14,13,126,91,101,53,97,109,78,18,131" hai2="135,22,34,8,125,83,124,17,59,76,24,6,67" hai3="129,75,43,66,65,94,114,106,90,36,132,77,41"/><T111/><D74/><U35/><E35/><V99/><F135/><W112/><G106/><T73/><D73/><U119/><E109/><N who="0" m="41481" /><D69/><U70/><E70/><V121/><F121/><N who="0" m="46090" /><D133/><U100/><E126/><N who="2" m="48747" /><F34/><W130/><G132/><T127/><D127/><U105/><E105/><V54/><F67/><N who="3" m="25611" /><G77/><T118/><D118/><U92/><E131/><N who="3" m="50186" /><G75/><T16/><D2/><U103/><E119/><V29/><F76/><W42/><G36/><T48/><D87/><AGARI ba="1,0" hai="41,42,43,87,90,94,112,114" m="50186,25611" machi="87" ten="30,1000,0" yaku="19,1" doraHai="95" who="3" fromWho="0" sc="299,-13,211,0,250,0,240,13" /><INIT seed="1,0,0,2,2,134" ten="286,211,250,253" oya="1" hai0="9,129,39,71,114,41,36,76,15,105,123,131,111" hai1="120,122,51,75,25,108,98,4,28,54,130,26,86" hai2="34,112,93,38,121,103,117,52,118,59,81,135,92" hai3="6,109,124,66,72,61,57,18,126,101,16,67,45"/><U87/><E75/><V58/><F121/><W83/><G109/><T125/><D111/><U91/><E108/><V102/><F38/><W113/><G113/><T104/><D114/><U27/><E130/><N who="0" m="49673" /><D71/><U24/><E4/><V107/><F34/><W8/><G67/><T21/><D76/><U132/><E132/><V127/><F107/><N who="0" m="41034" /><D123/><U19/><E19/><V80/><F112/><W63/><G101/><T90/><D21/><U85/><E98/><V77/><F135/><W110/><G110/><T37/><D90/><U53/><E91/><V97/><F77/><N who="3" m="44455" /><G45/><N who="0" m="23719" /><D125/><N who="3" m="48233" /><G63/><T48/><D48/><U50/><N who="1" m="6144" /><DORA hai="14" /><U10/><E28/><V106/><F103/><W20/><G20/><T11/><D11/><U5/><E122/><V30/><F102/><W17/><G17/><AGARI ba="0,0" hai="9,15,17,37,39" m="23719,41034,49673" machi="17" ten="30,2000,0" yaku="19,1,52,1" doraHai="134,14" who="0" fromWho="3" sc="286,20,211,0,250,0,253,-20" /><INIT seed="2,0,0,3,0,76" ten="306,211,250,233" oya="2" hai0="32,15,19,60,64,121,73,12,135,108,102,45,1" hai1="117,30,120,100,127,101,33,80,107,90,133,40,109" hai2="7,68,111,70,61,10,103,23,74,134,56,128,20" hai3="63,26,119,36,92,41,78,125,48,89,29,132,59"/><V130/><F74/><W84/><G119/><T129/><D108/><U34/><E30/><V122/><F103/><W88/><G36/><T8/><D121/><U55/><E40/><V37/><F37/><W65/><G125/><T96/><D73/><U110/><E117/><V54/><F122/><W97/><G132/><T31/><D1/><U112/><E120/><V98/><F134/><W25/><G78/><T93/><D135/><U124/><E55/><V21/><F98/><W118/><G118/><T44/><D129/><N who="2" m="49770" /><F111/><N who="1" m="42505" /><E133/><V87/><F87/><W14/><G14/><AGARI ba="0,0" hai="7,10,14,20,21,23,54,56,61,68,70" m="49770" machi="14" ten="30,1500,0" yaku="19,1" doraHai="76" who="2" fromWho="3" sc="306,0,211,0,250,15,233,-15" /><INIT seed="2,1,0,1,1,11" ten="306,211,265,218" oya="2" hai0="12,58,80,94,15,45,50,68,96,132,38,0,103" hai1="89,64,101,34,67,17,39,93,59,32,33,42,1" hai2="20,110,98,106,4,66,24,48,111,26,8,100,52" hai3="72,55,130,21,95,29,92,74,77,78,87,57,88"/><V51/><F66/><W75/><G130/><T99/><D68/><U5/><E101/><V76/><F76/><W36/><G36/><T70/><D70/><U60/><E1/><V43/><F43/><W113/><G113/><T30/><D0/><U83/><E5/><V65/><F65/><W47/><G47/><T46/><D132/><U3/><E3/><V81/><F81/><W129/><G129/><T19/><D30/><U63/><E83/><V104/><F104/><W22/><G95/><N who="0" m="58783" /><D38/><U116/><E116/><V121/><F121/><W133/><G133/><T35/><D35/><U105/><E105/><V14/><F51/><W7/><G7/><T18/><D80/><U108/><E108/><N who="2" m="41515" /><F20/><W125/><G125/><T28/><D28/><U119/><E42/><V53/><F53/><W117/><G117/><T86/><D86/><U127/><E119/><V23/><F23/><W112/><G22/><N who="0" m="11591" /><D58/><AGARI ba="1,0" hai="4,8,14,24,26,48,52,58,98,100,106" m="41515" machi="58" ten="30,11600,0" yaku="14,1,10,1,52,1,54,1" doraHai="11" who="2" fromWho="0" sc="306,-119,211,0,265,119,218,0" /><INIT seed="2,2,0,0,4,118" ten="187,211,384,218" oya="2" hai0="115,24,105,26,117,22,59,62,82,110,85,70,43" hai1="56,84,90,12,124,50,51,47,120,67,131,45,132" hai2="135,69,101,72,93,0,106,37,97,77,42,95,9" hai3="83,64,66,33,13,104,103,89,6,30,4,25,34"/><V20/><F69/><W127/><G34/><T129/><D110/><U91/><E124/><V36/><F20/><W1/><G1/><T44/><D115/><U27/><E131/><V78/><F78/><W49/><G127/><T111/><D111/><U94/><E132/><V92/><F135/><W55/><G103/><T133/><D133/><U75/><E75/><V23/><F23/><W65/><G104/><T48/><D105/><U80/><E120/><V99/><F42/><W16/><G89/><T81/><D70/><U121/><E121/><V17/><F99/><W39/><G83/><T53/><D129/><U123/><E123/><V15/><REACH who="2" step="1"/><F0/><REACH who="2" ten="187,211,374,218" step="2"/><W126/><G126/><T134/><D134/><U74/><E74/><V3/><F3/><W112/><G112/><T107/><D117/><U119/><E119/><V87/><F87/><W57/><REACH who="3" step="1"/><G39/><REACH who="3" ten="187,211,374,208" step="2"/><T54/><D107/><U41/><E91/><V38/><F38/><W71/><G71/><T11/><D82/><AGARI ba="2,2" hai="9,15,17,36,37,72,77,82,92,93,95,97,101,106" machi="82" ten="40,2000,0" yaku="1,1,53,0" doraHai="118" doraHaiUra="125" who="2" fromWho="0" sc="187,-26,211,0,374,46,208,0" /><INIT seed="2,3,0,4,1,124" ten="161,211,420,208" oya="2" hai0="108,115,38,81,17,104,14,8,121,55,61,47,32" hai1="98,67,37,118,71,57,88,89,64,74,36,25,70" hai2="134,16,68,65,102,12,62,20,87,77,123,91,44" hai3="43,27,106,49,69,127,63,41,109,76,79,105,99"/><V112/><F123/><W31/><G127/><T35/><D108/><U113/><E57/><V19/><F112/><W51/><G106/><T60/><D115/><U95/><E113/><V75/><F134/><W82/><G76/><T18/><D121/><U107/><E95/><V30/><F102/><N who="3" m="62687" /><G51/><T56/><D104/><U92/><E107/><V128/><F77/><W103/><G103/><T58/><D81/><U2/><E25/><V45/><F75/><N who="3" m="43391" /><G49/><T10/><D47/><U3/><E92/><V85/><F30/><W120/><G109/><T50/><D38/><U80/><E80/><V111/><F111/><W6/><G6/><T26/><D50/><U59/><E59/><V94/><F85/><W116/><G116/><T126/><D126/><U15/><E98/><V72/><F72/><W100/><G100/><T97/><D97/><U28/><E74/><V24/><REACH who="2" step="1"/><F128/><REACH who="2" ten="161,211,410,208" step="2"/><W21/><G120/><T135/><D135/><U42/><E28/><V90/><F90/><W78/><G78/><T119/><D119/><U132/><E132/><V131/><F131/><W93/><G31/><T1/><D1/><U9/><E118/><V5/><F5/><W53/><G93/><T130/><D130/><U13/><E2/><V34/><F34/><W33/><G33/><T52/><REACH who="0" step="1"/><D26/><REACH who="0" ten="151,211,410,208" step="2"/><U125/><E3/><V39/><F39/><W122/><G27/><T11/><D11/><AGARI ba="3,2" hai="11,12,16,19,20,24,44,45,62,65,68,87,91,94" machi="11" ten="30,5800,0" yaku="1,1,7,1,54,1,53,0" doraHai="124" doraHaiUra="73" who="2" fromWho="0" sc="151,-67,211,0,410,87,208,0" /><INIT seed="2,4,0,2,5,124" ten="84,211,497,208" oya="2" hai0="35,50,32,129,31,37,4,100,102,6,89,79,112" hai1="3,119,27,113,55,130,64,2,91,57,29,121,97" hai2="74,34,94,21,67,1,122,131,73,93,8,54,9" hai3="126,0,135,46,30,19,95,72,13,101,99,14,111"/><V123/><F21/><W115/><G0/><T96/><D37/><U88/><E119/><V82/><F82/><W24/><G111/><T63/><D112/><U78/><E113/><V62/><F62/><W11/><G115/><T10/><D79/><U71/><E78/><V103/><F103/><W86/><G72/><T42/><D63/><U125/><E125/><V59/><F59/><W106/><G126/><T53/><D42/><U116/><E116/><V104/><F67/><W66/><G135/><T26/><D35/><U18/><E71/><V70/><F54/><W15/><G66/><T76/><D76/><U110/><E64/><V44/><F44/><W17/><G46/><T58/><D89/><U120/><E110/><V51/><F51/><W84/><G106/><T60/><D60/><N who="1" m="35903" /><E2/><V40/><F70/><W87/><REACH who="3" step="1"/><G11/><REACH who="3" ten="84,211,497,198" step="2"/><T128/><D10/><U41/><E3/><V75/><F9/><W39/><G39/><T20/><D32/><AGARI ba="4,1" hai="13,14,15,17,19,24,30,32,84,86,87,95,99,101" machi="32" ten="40,2600,0" yaku="1,1,53,1" doraHai="124" doraHaiUra="90" who="3" fromWho="0" sc="84,-38,211,0,497,0,198,48" /><INIT seed="3,0,0,2,3,120" ten="46,211,497,246" oya="3" hai0="77,17,1,19,132,109,70,35,128,43,85,87,81" hai1="80,94,49,25,75,126,112,46,83,5,23,58,89" hai2="61,125,51,32,127,8,59,74,67,90,44,12,7" hai3="38,65,10,2,34,14,26,117,100,15,103,31,69"/><W111/><G117/><T98/><D70/><U122/><E126/><N who="2" m="48139" /><F74/><W118/><G118/><T20/><D35/><U13/><E75/><V0/><F90/><W72/><G2/><T110/><D1/><U42/><E112/><V91/><F91/><W47/><G72/><T52/><D43/><U108/><E108/><N who="0" m="41577" /><D128/><U123/><E122/><V40/><F32/><W73/><G73/><N who="0" m="43183" /><D132/><U33/><E33/><V28/><F28/><W4/><G111/><T45/><D98/><U93/><E123/><V88/><F0/><W62/><G15/><N who="0" m="9279" /><D19/><U36/><E42/><V124/><F40/><W113/><G113/><T16/><D16/><U53/><E13/><V95/><F12/><W6/><G6/><T30/><D30/><U107/><E5/><V57/><F7/><W3/><G3/><T106/><D106/><U115/><E107/><V135/><F135/><W84/><G4/><T63/><D45/><U71/><E71/><V55/><F44/><W66/><G69/><T11/><D11/><U131/><E131/><V9/><F124/><W99/><G47/><T129/><D129/><U21/><E46/><V68/><F68/><W56/><G10/><T114/><D114/><U27/><E115/><V39/><F8/><W105/><G34/><T54/><D54/><U121/><E53/><V64/><F9/><W134/><G31/><T133/><D133/><U78/><E121/><V41/><F41/><W60/><G134/><T130/><D130/><U101/><E21/><V76/><F55/><W97/><G105/><T24/><D24/><U79/><E25/><V102/><F67/><RYUUKYOKU ba="0,0" sc="46,30,211,-10,497,-10,246,-10" hai0="52,63,85,87" /><INIT seed="4,1,0,3,0,117" ten="76,201,487,236" oya="0" hai0="113,97,23,132,29,65,115,133,41,55,106,17,13" hai1="92,126,123,122,67,125,42,4,116,8,43,33,84" hai2="91,101,87,72,108,112,90,77,48,105,46,69,59" hai3="85,53,57,82,11,39,76,12,130,20,32,88,68"/><T58/><D41/><U15/><E33/><V98/><F69/><W10/><G32/><T16/><D65/><U62/><E116/><V61/><F108/><W78/><G68/><T54/><D29/><U73/><E73/><V24/><F24/><W95/><G39/><T6/><D6/><U119/><E119/><V63/><F91/><W103/><G103/><N who="0" m="62831" /><D17/><U118/><E118/><V128/><F59/><W100/><G100/><T86/><D86/><U28/><E28/><V52/><F61/><N who="3" m="36015" /><G130/><T3/><D3/><U83/><E92/><N who="2" m="54367" /><F63/><W25/><G12/><T22/><D22/><U93/><E93/><V31/><F31/><N who="3" m="17831" /><G76/><T89/><D89/><N who="1" m="51359" /><E43/><V14/><F14/><W38/><G38/><T70/><D70/><N who="1" m="42359" /><E42/><V121/><F128/><W135/><G135/><N who="0" m="51787" /><D54/><U49/><E49/><AGARI ba="1,0" hai="13,16,23,49,55,58,113,115" m="51787,62831" machi="49" ten="30,2900,0" yaku="20,1,54,1" doraHai="117" who="0" fromWho="1" sc="76,32,201,-32,487,0,236,0" /><INIT seed="4,2,0,3,4,2" ten="108,169,487,236" oya="0" hai0="26,135,4,106,107,64,33,97,65,127,122,105,5" hai1="55,78,17,47,116,19,63,132,108,81,62,32,0" hai2="133,95,75,93,13,11,23,109,42,16,50,126,8" hai3="9,74,77,40,80,124,118,134,125,115,28,70,39"/><T68/><D122/><U3/><E32/><V41/><F75/><W110/><G110/><T61/><D65/><U96/><E108/><V44/><F109/><W120/><G118/><T46/><D135/><U98/><E116/><V72/><F72/><W99/><G120/><T91/><D127/><N who="3" m="48713" /><G134/><T100/><D91/><U66/><E132/><V49/><F126/><W60/><G115/><T117/><D46/><U43/><E0/><V48/><F133/><W71/><G99/><T35/><D117/><U20/><E3/><V90/><F44/><N who="3" m="23583" /><G60/><T34/><REACH who="0" step="1"/><D26/><REACH who="0" ten="98,169,487,236" step="2"/><U1/><E66/><V29/><F90/><W37/><G37/><T36/><D36/><U22/><E47/><V57/><F42/><W24/><G9/><T92/><AGARI ba="2,1" hai="4,5,33,34,35,61,64,68,92,97,100,105,106,107" machi="92" ten="40,18000,2" yaku="1,1,0,1,52,2,53,3" doraHai="2" doraHaiUra="102" who="0" fromWho="0" sc="98,196,169,-62,487,-62,236,-62" /><INIT seed="4,3,0,2,5,31" ten="294,107,425,174" oya="0" hai0="14,20,59,61,104,84,58,47,69,5,4,15,43" hai1="98,119,52,102,108,13,23,112,80,97,78,32,74" hai2="135,12,34,117,54,53,57,16,17,35,49,109,126" hai3="2,36,38,128,29,105,100,130,22,96,55,66,25"/><T10/><D104/><U60/><E108/><V39/><F39/><W73/><G73/><T75/><D75/><U11/><E119/><V79/><F79/><W90/><G2/><T56/><D69/><U107/><E112/><V65/><F65/><W62/><G55/><T92/><D92/><U127/><E127/><V24/><F109/><W93/><G90/><T89/><D89/><U30/><E97/><V110/><F110/><W27/><G27/><T41/><D84/><U64/><E23/><V33/><F126/><W44/><G44/><T94/><D94/><U95/><E95/><V50/><F117/><W83/><G83/><T129/><D129/><N who="3" m="49769" /><G105/><T76/><D76/><U134/><E134/><V21/><F135/><W72/><G72/><T131/><D131/><U106/><E107/><V7/><F7/><W115/><G115/><T77/><D77/><U81/><E81/><V28/><REACH who="2" step="1"/><F17/><REACH who="2" ten="294,107,415,174" step="2"/><W1/><G66/><N who="0" m="39207" /><D4/><U99/><E64/><V6/><F6/><W87/><G38/><T40/><D47/><AGARI ba="3,1" hai="12,16,21,24,28,33,34,35,47,49,50,53,54,57" machi="47" ten="30,12000,2" yaku="1,1,7,1,52,3,54,1,53,1" doraHai="31" doraHaiUra="19" who="2" fromWho="0" sc="294,-129,107,0,415,139,174,0" /><INIT seed="5,0,0,0,2,10" ten="165,107,554,174" oya="1" hai0="113,112,85,96,23,39,59,84,91,120,31,33,117" hai1="34,41,40,105,77,83,95,24,65,49,89,21,13" hai2="87,135,36,64,25,116,58,71,100,107,8,123,108" hai3="132,54,86,32,93,11,14,128,53,119,60,129,67"/><U56/><E105/><V98/><F58/><N who="3" m="37271" /><G119/><T70/><D70/><U28/><E34/><V7/><F87/><W76/><G32/><T50/><D33/><U88/><E77/><V102/><F102/><W48/><G48/><T133/><D39/><U57/><E65/><V66/><F25/><W75/><G75/><T115/><D117/><U101/><E101/><V99/><F99/><W1/><G1/><T103/><D133/><U35/><E35/><V5/><F66/><W125/><G125/><T79/><D120/><U61/><E61/><V72/><F7/><N who="3" m="3455" /><G132/><T45/><D59/><N who="1" m="22603" /><E49/><V2/><F36/><W97/><G86/><T55/><D79/><U43/><E83/><V122/><F72/><W12/><G76/><T47/><D47/><U81/><E81/><V134/><F116/><W51/><G51/><T124/><D124/><U37/><E37/><V104/><F104/><W16/><G129/><T74/><D74/><U126/><E126/><V78/><F78/><W29/><G29/><T0/><D0/><U90/><E95/><V44/><F64/><W63/><G63/><T19/><D31/><U22/><E43/><V3/><F100/><N who="3" m="60463" /><G128/><T27/><REACH who="0" step="1"/><D91/><REACH who="0" ten="155,107,554,174" step="2"/><U4/><E4/><V38/><F5/><W20/><AGARI ba="0,1" hai="12,16,20,53,54" m="60463,3455,37271" machi="20" ten="30,7900,0" yaku="8,1,52,2,54,1" doraHai="10" who="3" fromWho="3" sc="155,-20,107,-39,554,-20,174,89" /><INIT seed="6,0,0,0,1,30" ten="135,68,534,263" oya="2" hai0="95,39,81,36,80,31,57,82,117,63,66,112,16" hai1="105,121,40,26,50,13,43,38,131,74,19,48,129" hai2="101,53,118,75,60,110,46,69,10,45,22,27,107" hai3="124,7,20,1,108,44,12,42,126,71,135,122,102"/><V86/><F75/><W29/><G122/><T84/><D112/><U106/><E13/><V104/><F86/><W113/><G71/><T88/><D117/><U85/><E85/><V4/><F107/><N who="1" m="40969" /><E26/><V97/><F110/><W114/><G102/><T94/><D31/><U15/><E15/><V79/><F79/><W120/><G120/><T62/><D95/><U78/><E121/><V100/><F100/><W133/><G44/><T54/><REACH who="0" step="1"/><D16/><REACH who="0" ten="125,68,534,263" step="2"/><U103/><E19/><V128/><F118/><W64/><G29/><T130/><D130/><N who="1" m="49675" /><E103/><V59/><F128/><W18/><G113/><T67/><D67/><U11/><E11/><V9/><F9/><N who="3" m="2287" /><G64/><T109/><D109/><U119/><E119/><V90/><F101/><W123/><G114/><T70/><AGARI ba="0,1" hai="36,39,54,57,62,63,66,70,80,81,82,84,88,94" machi="70" ten="30,4000,0" yaku="1,1,0,1,54,1,53,0" doraHai="30" doraHaiUra="24" who="0" fromWho="0" sc="125,50,68,-10,534,-20,263,-10" /><INIT seed="7,0,0,5,0,59" ten="175,58,514,253" oya="3" hai0="82,123,86,69,122,113,56,97,88,31,44,67,50" hai1="108,94,117,29,53,35,17,72,92,91,126,55,79" hai2="42,45,58,20,78,102,60,26,75,132,131,21,62" hai3="103,134,89,135,43,32,57,48,121,130,1,19,18"/><W115/><G115/><T3/><D3/><U109/><E79/><V66/><F102/><W70/><G70/><T68/><D68/><U12/><E29/><V95/><F95/><W37/><G121/><T47/><D69/><U34/><E17/><V38/><F132/><N who="3" m="50731" /><G130/><T110/><D110/><U41/><E12/><V4/><F4/><W33/><G1/><T46/><D113/><U61/><E91/><V73/><F78/><W76/><G76/><T9/><D31/><U106/><E41/><V6/><F6/><W23/><G103/><T28/><D28/><U127/><E72/><V13/><F13/><W107/><G107/><T77/><D123/><U2/><E2/><V112/><F112/><W114/><G89/><T74/><D122/><U100/><E100/><V96/><F96/><W36/><G32/><T125/><D125/><U81/><E81/><V83/><F83/><W49/><G33/><T24/><D74/><U27/><E27/><V90/><F90/><W87/><G114/><T0/><D0/><U52/><E55/><V8/><F75/><W11/><G43/><T80/><D77/><U51/><E51/><V7/><F73/><W116/><G49/><T63/><D50/><U128/><E128/><V39/><F42/><W85/><G48/><T104/><D104/><U30/><E106/><V101/><F131/><W111/><G18/><T5/><D82/><U71/><E30/><V22/><F101/><W120/><G19/><T124/><D80/><U15/><E71/><V25/><BYE who="1" /><F38/><W16/><G37/><T93/><D88/><UN n1="%E3%82%A6%E3%83%AB%E3%83%88%E3%83%A9%E7%AB%8B%E7%9B%B4" /><U65/><E117/><RYUUKYOKU ba="0,0" sc="175,0,58,0,514,0,253,0" owari="175,-22.0,58,-44.0,514,61.0,253,5.0" /></mjloggm>