<mjloggm ver="2.3"><GO type="169" lobby="0"/><UN n0="%E5%82%B7%E3%81%AF%E6%B5%85%E3%81%84%E3%81%86%E3%81%A1%E3%81%AB" n1="%E5%B0%B1%E6%B4%BB%E7%94%9F%40%E5%B7%9D%E6%9D%91%E8%BB%8D%E5%9B%A3" n2="%E3%82%BF%E3%83%8A%E3%82%AE" n3="%E9%9B%AA%E2%84%96%E5%87%89" dan="17,17,19,16" rate="2134.11,2157.18,2261.58,2137.12" sx="M,M,M,M"/><TAIKYOKU oya="0"/><INIT seed="0,0,0,2,3,102" ten="250,250,250,250" oya="0" hai0="123,58,18,30,132,79,25,54,10,34,64,23,86" hai1="47,22,36,119,61,48,71,107,111,59,55,60,12" hai2="85,33,96,131,130,32,8,124,13,52,74,17,45" hai3="44,5,6,28,9,90,37,125,75,4,15,88,24"/><T126/><D123/><U20/><E119/><V106/><F74/><W70/><G70/><T97/><D126/><U114/><E114/><V62/><F85/><W76/><G125/><T95/><D132/><U73/><E73/><V129/><F124/><W2/><G75/><T133/><D133/><U92/><E111/><V89/><F89/><W98/><G76/><T93/><D64/><U46/><E92/><V72/><F72/><W50/><G37/><T39/><D39/><U29/><E29/><V108/><F108/><W115/><G115/><T81/><D10/><U116/><E12/><V84/><F84/><W31/><G2/><T78/><D78/><U109/><E109/><V16/><F17/><W65/><G65/><T87/><D87/><U99/><E116/><V26/><F26/><W127/><G127/><T14/><REACH who="0" step="1"/><D97/><REACH who="0" ten="240,250,250,250" step="2"/><U134/><E99/><V117/><F117/><W7/><G98/><T3/><D3/><U41/><E134/><V53/><F96/><W42/><REACH who="3" step="1"/><G31/><REACH who="3" ten="240,250,250,240" step="2"/><T83/><D83/><U77/><E77/><V1/><F1/><W67/><G67/><T21/><D21/><AGARI ba="0,2" hai="4,5,6,7,9,15,21,24,28,42,44,50,88,90" machi="21" ten="40,8000,1" yaku="1,1,8,1,54,1,53,1" doraHai="102" doraHaiUra="11" who="3" fromWho="0" sc="240,-80,250,0,250,0,240,100" /><INIT seed="1,0,0,3,4,135" ten="160,250,250,340" oya="1" hai0="36,25,30,73,93,24,119,74,49,125,35,107,114" hai1="110,4,106,13,1,18,20,31,28,81,71,65,101" hai2="5,22,3,39,75,54,132,78,9,19,10,17,124" hai3="60,55,80,129,6,76,62,64,86,99,46,8,84"/><U121/><E121/><V14/><F39/><W123/><G123/><T97/><D36/><U100/><E71/><V120/><F120/><W27/><G129/><T89/><D114/><U51/><E65/><V37/><F37/><W23/><G99/><T67/><D119/><U69/><E69/><V130/><F132/><W126/><G126/><T131/><D131/><U11/><E110/><V57/><F130/><W103/><G103/><T26/><D125/><U38/><E38/><V117/><F117/><W91/><G46/><T79/><D67/><U12/><E1/><V70/><F70/><W0/><G55/><T29/><D107/><U116/><E116/><V88/><F124/><W83/><REACH who="3" step="1"/><G64/><REACH who="3" ten="160,250,250,330" step="2"/><T41/><D97/><U47/><E106/><V48/><F54/><W45/><G45/><T108/><D41/><N who="1" m="25071" /><E101/><V61/><F3/><W56/><G56/><T96/><D96/><U40/><E100/><V34/><F57/><W122/><G122/><T87/><D108/><U44/><E44/><V43/><F43/><W90/><G90/><T127/><D127/><U128/><E40/><V94/><F88/><W98/><G98/><T53/><D53/><U58/><E58/><V85/><F78/><W16/><AGARI ba="0,1" hai="0,6,8,16,23,27,60,62,76,80,83,84,86,91" machi="16" ten="20,5200,0" yaku="1,1,0,1,7,1,54,1,53,0" doraHai="135" doraHaiUra="92" who="3" fromWho="3" sc="160,-13,250,-26,250,-13,330,62" /><INIT seed="2,0,0,4,4,5" ten="147,224,237,392" oya="2" hai0="6,79,68,133,107,64,97,18,117,23,15,62,89" hai1="11,19,14,47,63,75,93,7,118,121,96,27,95" hai2="16,94,72,71,51,123,20,92,24,0,74,113,52" hai3="33,128,28,69,39,90,102,88,87,8,29,34,110"/><V60/><F113/><W84/><G39/><T65/><D133/><U76/><E118/><V134/><F123/><W57/><G110/><T21/><D117/><U126/><E126/><V130/><F0/><W17/><G69/><T127/><D127/><U1/><E121/><V22/><F134/><W30/><G128/><T81/><D65/><U116/><E116/><V83/><F130/><W25/><G102/><T125/><D6/><U135/><E135/><V108/><F108/><W46/><G46/><T78/><D125/><U36/><E27/><V99/><F83/><W55/><G34/><T131/><D131/><U56/><E76/><V35/><F35/><W58/><G58/><T132/><D132/><U66/><E75/><V59/><F22/><W45/><G45/><T37/><D37/><U70/><E95/><V32/><F32/><W122/><G122/><T103/><REACH who="0" step="1"/><D23/><REACH who="0" ten="137,224,237,392" step="2"/><U9/><E70/><V3/><F3/><W101/><G33/><T73/><D73/><U13/><E36/><V129/><F129/><W86/><G30/><T10/><D10/><N who="1" m="4319" /><E1/><V120/><F120/><W2/><G29/><T31/><D31/><U53/><E66/><N who="2" m="41415" /><F74/><W98/><G28/><T111/><D111/><U115/><E115/><V41/><F72/><W119/><G119/><T112/><D112/><U49/><E11/><V26/><F20/><N who="3" m="13455" /><G8/><T124/><D124/><U114/><E114/><V42/><F16/><W40/><G2/><T100/><D100/><N who="1" m="60431" /><E63/><V4/><F4/><W85/><G101/><T91/><D91/><U48/><E48/><V38/><F38/><W109/><G90/><RYUUKYOKU ba="0,1" sc="137,15,224,15,237,-15,392,-15" hai0="15,18,21,62,64,68,78,79,81,89,97,103,107" hai1="9,14,19,47,49,53,56" /><INIT seed="3,1,1,5,2,62" ten="152,239,222,377" oya="3" hai0="61,106,64,52,111,39,119,101,1,54,35,125,48" hai1="128,94,26,20,100,24,104,63,22,8,127,27,33" hai2="28,112,23,56,13,10,107,67,36,96,25,132,76" hai3="5,18,47,124,109,115,37,15,85,11,105,91,82"/><W99/><G115/><T97/><D119/><U129/><E104/><V95/><F36/><W57/><G124/><T78/><D125/><U116/><E127/><V58/><F112/><W98/><G109/><T103/><D111/><U14/><E100/><V93/><F132/><W74/><G74/><T80/><D1/><U87/><E94/><V90/><F107/><W121/><G121/><T71/><D39/><U108/><E87/><V51/><F76/><W34/><G34/><T4/><D103/><U21/><E63/><V46/><F95/><W19/><G105/><T89/><D4/><N who="1" m="3335" /><E108/><V133/><F133/><W60/><G37/><T134/><D134/><U88/><E88/><V45/><F58/><W42/><G42/><T110/><D110/><U113/><E113/><V72/><F72/><W123/><G123/><T53/><D35/><U29/><E116/><V92/><F92/><W70/><G70/><T75/><REACH who="0" step="1"/><D89/><REACH who="0" ten="142,239,222,377" step="2"/><U114/><E114/><V102/><F90/><W131/><G91/><T32/><D32/><U49/><E49/><AGARI ba="1,2" hai="48,49,52,53,54,61,64,71,75,78,80,97,101,106" machi="49" ten="40,5200,0" yaku="1,1,52,1,54,1,53,0" doraHai="62" doraHaiUra="38" who="0" fromWho="1" sc="142,75,239,-55,222,0,377,0" /><INIT seed="4,0,0,5,1,5" ten="217,184,222,377" oya="0" hai0="125,126,40,132,116,42,35,117,65,28,90,31,113" hai1="14,57,93,24,49,122,50,115,104,26,20,107,106" hai2="72,55,9,84,73,19,108,112,98,134,71,38,78" hai3="89,135,133,27,66,52,114,1,7,41,101,81,58"/><T59/><D90/><U129/><E122/><V97/><F71/><W102/><G41/><N who="0" m="15979" /><D35/><U82/><E129/><V13/><F38/><W69/><G114/><T79/><D79/><U6/><E115/><V103/><F108/><W77/><G69/><T63/><D113/><U56/><E82/><V62/><F112/><W4/><G66/><T100/><D100/><N who="3" m="38505" /><G27/><T118/><D28/><U67/><E93/><V15/><F134/><N who="3" m="51211" /><G89/><T86/><D31/><U23/><E67/><V46/><F97/><W85/><G1/><T74/><D86/><U131/><E131/><V53/><F84/><W105/><G105/><T37/><D74/><U130/><E130/><V48/><F78/><W12/><G12/><T120/><D132/><U123/><E14/><V124/><F124/><N who="0" m="47722" /><D120/><U2/><E2/><V16/><F55/><W121/><G121/><T11/><D11/><U32/><E123/><V88/><F62/><AGARI ba="0,0" hai="4,7,52,58,62,77,81,85" m="51211,38505" machi="62" ten="30,2000,0" yaku="20,1,54,1" doraHai="5" who="3" fromWho="2" sc="217,0,184,0,222,-20,377,20" /><INIT seed="5,0,0,5,2,1" ten="217,184,202,397" oya="1" hai0="18,2,68,39,94,127,14,20,72,49,8,87,65" hai1="34,123,125,131,78,13,62,22,61,47,69,89,88" hai2="109,48,102,121,98,74,53,134,129,64,60,36,106" hai3="75,50,82,41,112,126,32,80,105,77,128,81,115"/><U10/><E34/><V29/><F109/><W70/><G70/><T84/><D72/><U46/><E123/><V116/><F116/><W11/><G32/><T27/><D39/><U101/><E131/><V9/><F121/><W23/><G128/><T7/><D127/><U67/><E125/><V118/><F118/><W45/><G126/><T26/><D68/><U111/><E111/><V43/><F129/><W31/><G105/><T93/><D65/><U3/><E101/><V56/><F74/><W132/><G132/><T40/><D2/><U25/><E3/><V135/><F29/><W83/><G11/><T4/><D27/><U55/><E78/><V113/><F113/><N who="3" m="43595" /><G23/><T103/><D7/><N who="1" m="3295" /><E69/><N who="2" m="42119" /><F9/><W120/><G120/><T133/><D133/><U44/><E67/><V58/><F58/><W107/><G107/><T119/><D119/><U130/><E130/><V38/><F38/><W73/><G31/><T15/><D15/><U104/><E104/><V19/><F19/><W52/><G75/><T66/><D66/><U33/><E33/><V124/><F124/><W42/><AGARI ba="0,0" hai="41,42,45,50,52,73,77,80,81,82,83" m="43595" machi="42" ten="40,2700,0" yaku="15,1,54,1" doraHai="1" who="3" fromWho="3" sc="217,-7,184,-13,202,-7,397,27" /><INIT seed="6,0,0,4,1,129" ten="210,171,195,424" oya="2" hai0="91,93,27,21,124,58,37,125,39,98,23,13,128" hai1="41,32,122,5,97,61,45,52,96,44,19,83,12" hai2="94,69,29,73,84,18,74,42,92,22,102,64,117" hai3="134,26,55,114,80,118,123,46,17,99,132,60,116"/><V111/><F117/><N who="3" m="45163" /><G99/><N who="1" m="37962" /><E32/><V126/><F102/><W56/><G80/><T59/><D128/><U79/><E122/><V131/><F131/><W88/><G123/><T47/><D13/><U104/><E104/><V63/><F29/><W130/><G130/><T9/><D9/><N who="1" m="6543" /><E5/><V48/><F126/><N who="0" m="48746" /><D21/><U108/><E108/><V57/><F111/><W119/><G119/><T107/><D107/><U0/><E0/><V95/><F84/><W113/><G46/><N who="1" m="18026" /><E41/><V51/><F42/><W68/><G68/><T78/><D47/><U4/><E4/><V38/><F38/><N who="0" m="14346" /><D78/><U10/><E10/><V75/><REACH who="2" step="1"/><F69/><REACH who="2" ten="210,171,185,424" step="2"/><W54/><G114/><T33/><D33/><U3/><E3/><V85/><F85/><W53/><G113/><T15/><D98/><U133/><E133/><V112/><F112/><W20/><G134/><T31/><D31/><U77/><E83/><V76/><F76/><W66/><G132/><T11/><D93/><U65/><E65/><V7/><F7/><W87/><G66/><T40/><D40/><U81/><E81/><V16/><F16/><W71/><G71/><T2/><D2/><U70/><E70/><V43/><F43/><W36/><G36/><T106/><D106/><U120/><E120/><V90/><F90/><W105/><G105/><T35/><D91/><U101/><E101/><V30/><F30/><W8/><G17/><N who="0" m="12783" /><D35/><U103/><E103/><V62/><F62/><W100/><G60/><T72/><D72/><U86/><E86/><V127/><F127/><W50/><G87/><T1/><D1/><U109/><E109/><V67/><F67/><RYUUKYOKU ba="0,1" sc="210,10,171,10,185,10,424,-30" hai0="11,15,58,59" hai1="52,61,77,79" hai2="18,22,48,51,57,63,64,73,74,75,92,94,95" /><INIT seed="6,1,1,5,3,125" ten="220,181,195,394" oya="2" hai0="56,71,33,32,52,43,28,38,47,101,17,120,42" hai1="84,126,7,34,62,94,0,22,20,118,10,8,74" hai2="41,93,135,39,134,26,24,12,57,117,68,5,30" hai3="112,87,70,37,127,48,78,50,91,36,60,79,80"/><V23/><F68/><W103/><G127/><T9/><D120/><U113/><E74/><V21/><F117/><W98/><G112/><T14/><D71/><U121/><E118/><V124/><F124/><W13/><G70/><T72/><D72/><U82/><E121/><V75/><F75/><W6/><G60/><T108/><D108/><U19/><E34/><V111/><F111/><W53/><G50/><T133/><D133/><N who="2" m="50698" /><F57/><W40/><G40/><T76/><D28/><U129/><E113/><V107/><F107/><W61/><G61/><T49/><D76/><U83/><E126/><V128/><F93/><N who="3" m="58831" /><G36/><T73/><D73/><U3/><E94/><V45/><F128/><W18/><G6/><T59/><D101/><U46/><E46/><V1/><F1/><W81/><G81/><T114/><D114/><U54/><E129/><V35/><F24/><W29/><G37/><T100/><D100/><U122/><E122/><V69/><F69/><W97/><G29/><T51/><D43/><U102/><E102/><V31/><F31/><W27/><G27/><T44/><D44/><U58/><E83/><V92/><F92/><W67/><G97/><T55/><AGARI ba="1,1" hai="9,14,17,32,33,38,42,47,49,51,52,55,56,59" machi="55" ten="30,4000,0" yaku="0,1,9,1,54,1" doraHai="125" who="0" fromWho="0" sc="220,53,181,-11,195,-21,394,-11" /><INIT seed="7,0,0,1,4,93" ten="273,170,174,383" oya="3" hai0="96,107,78,108,5,33,105,114,133,70,59,76,80" hai1="44,2,17,7,89,63,68,87,86,101,77,125,1" hai2="47,53,51,69,81,73,32,37,61,52,99,85,90" hai3="28,134,79,72,92,34,66,20,98,132,31,27,40"/><W55/><G66/><T91/><D59/><U103/><E2/><V62/><F32/><W104/><G104/><T128/><D5/><U54/><E1/><V16/><F73/><W124/><G124/><T46/><D46/><U84/><E68/><V23/><F37/><W119/><G119/><T74/><D70/><U24/><E7/><V88/><F69/><W57/><G40/><T35/><D35/><U41/><E125/><V9/><F9/><W49/><G31/><T18/><D18/><U75/><E75/><V45/><F45/><W67/><G67/><T6/><D6/><U43/><E77/><V42/><F42/><N who="1" m="15881" /><E89/><V22/><F53/><W60/><G60/><N who="2" m="23145" /><F16/><W117/><G117/><T129/><D133/><N who="3" m="51305" /><G79/><T118/><D33/><U123/><E123/><V127/><F127/><W110/><G110/><T135/><D135/><U131/><E131/><V130/><F130/><W109/><G109/><T121/><D108/><U38/><E38/><V112/><F112/><W120/><G120/><T58/><D114/><U39/><E39/><V29/><F29/><W97/><G72/><T64/><D121/><U10/><E44/><V116/><F116/><W111/><G111/><T13/><D118/><U106/><E106/><V113/><F113/><W48/><G34/><T3/><D107/><U21/><E10/><V71/><F71/><W100/><G49/><T4/><D105/><U30/><E30/><V26/><F26/><W83/><G83/><T19/><D129/><U95/><E95/><AGARI ba="0,0" hai="22,23,47,51,52,81,85,88,90,95,99" m="23145" machi="95" ten="30,7700,0" yaku="8,1,52,1,54,2" doraHai="93" who="2" fromWho="1" sc="273,0,170,-77,174,77,383,0" owari="273,7.0,93,-41.0,251,-15.0,383,49.0" /></mjloggm>