<mjloggm ver="2.3"><GO type="169" lobby="0"/><UN n0="%E3%83%8B%E3%83%A3%E3%83%83%E3%83%94%E3%83%BC%E5%A4%8F%E7%9B%AE" n1="%E3%83%86%E3%83%AC%E3%83%93%E3%81%A3%E5%AD%90" n2="%E8%85%90%E7%94%9F%E8%B1%9A%E3%82%B3%E3%83%84%E3%83%9C%E3%83%BC" n3="%E3%82%A6%E3%83%AB%E3%83%88%E3%83%A9%E7%AB%8B%E7%9B%B4" dan="18,17,17,17" rate="2241.76,2209.86,2157.61,2207.98" sx="M,M,M,M"/><TAIKYOKU oya="0"/><INIT seed="0,0,0,3,3,83" ten="250,250,250,250" oya="0" hai0="94,80,24,17,128,18,7,105,52,131,126,104,1" hai1="15,85,89,114,101,78,73,28,119,16,124,112,4" hai2="62,116,39,92,66,76,53,133,21,50,71,33,31" hai3="96,60,95,118,55,69,12,63,121,132,20,86,59"/><T19/><D126/><U79/><E124/><V111/><F39/><W46/><G118/><T102/><D24/><U113/><E119/><V67/><F116/><W8/><G132/><T10/><D80/><N who="1" m="49319" /><E73/><V93/><F67/><W42/><G20/><T51/><D94/><U117/><E117/><V23/><F133/><W90/><G121/><T82/><D82/><U97/><E4/><V47/><F111/><W99/><G63/><T68/><D68/><U5/><E5/><V14/><F76/><W25/><G25/><T72/><D72/><U108/><E28/><V77/><F77/><W88/><G90/><T81/><D81/><U13/><E13/><V26/><F33/><W29/><G29/><T44/><REACH who="0" step="1"/><D102/><REACH who="0" ten="240,250,250,250" step="2"/><U54/><E108/><V106/><F106/><AGARI ba="0,1" hai="1,7,10,17,18,19,44,51,52,104,105,106,128,131" machi="106" ten="40,7700,0" yaku="1,1,2,1,54,1,53,0" doraHai="83" doraHaiUra="64" who="0" fromWho="2" sc="240,87,250,0,250,-77,250,0" /><INIT seed="0,1,0,3,2,131" ten="327,250,173,250" oya="0" hai0="53,16,94,61,101,27,20,65,25,10,26,3,124" hai1="63,68,95,6,48,58,31,82,18,5,55,126,23" hai2="88,15,11,107,102,114,77,99,90,105,76,79,21" hai3="85,66,127,69,59,115,84,2,39,34,9,119,130"/><T80/><D124/><U1/><E126/><V74/><F114/><W87/><G119/><T47/><D3/><U128/><E128/><V41/><F41/><W62/><G115/><T56/><D10/><U129/><E129/><V52/><F21/><W108/><G130/><T103/><D80/><U117/><E117/><V92/><F52/><W4/><G127/><T17/><D94/><U7/><E31/><V81/><F15/><W121/><G108/><T43/><D65/><U100/><E82/><N who="2" m="45335" /><F11/><W19/><G39/><T36/><REACH who="0" step="1"/><D17/><REACH who="0" ten="317,250,173,250" step="2"/><U45/><E1/><V35/><F35/><W120/><G34/><T91/><D91/><N who="2" m="34858" /><F79/><W57/><G19/><T64/><D64/><U70/><E18/><V93/><F93/><W32/><G32/><T13/><AGARI ba="1,1" hai="13,16,20,25,26,27,36,43,47,53,56,61,101,103" machi="13" ten="30,6000,0" yaku="1,1,0,1,54,1,53,0" doraHai="131" doraHaiUra="132" who="0" fromWho="0" sc="317,73,250,-21,173,-21,250,-21" /><INIT seed="0,2,0,1,5,57" ten="390,229,152,229" oya="0" hai0="108,119,68,11,59,99,132,20,122,105,98,16,52" hai1="40,5,30,9,2,62,19,77,38,49,26,130,127" hai2="53,48,113,86,96,66,41,97,32,33,51,31,36" hai3="14,118,39,10,50,88,84,61,91,70,82,27,60"/><T24/><D119/><U35/><E130/><V21/><F113/><W92/><G39/><T79/><D122/><U22/><E127/><V80/><F36/><W110/><G70/><T43/><D68/><U45/><E77/><V13/><F66/><W116/><G118/><T15/><D132/><U67/><E38/><V89/><F41/><W125/><G116/><T81/><D43/><U135/><E135/><V134/><F51/><W123/><G125/><T126/><D105/><U120/><E120/><V23/><F23/><W3/><G3/><T54/><D126/><U100/><E100/><V121/><F134/><W78/><G110/><T29/><D108/><U74/><E74/><V112/><F112/><W75/><G123/><T90/><D90/><U1/><E1/><V129/><F129/><W17/><G50/><T87/><D54/><U103/><E103/><V106/><F121/><W104/><G104/><T56/><D56/><U34/><REACH who="1" step="1"/><E30/><REACH who="1" ten="390,219,152,229" step="2"/><V6/><F31/><W4/><G91/><T47/><D29/><U111/><E111/><V124/><F124/><W101/><G101/><T42/><D79/><U55/><E55/><V12/><F53/><W18/><REACH who="3" step="1"/><G27/><REACH who="3" ten="390,219,152,219" step="2"/><T117/><D24/><U69/><AGARI ba="2,2" hai="2,5,9,19,22,26,34,35,40,45,49,62,67,69" machi="69" ten="20,8000,1" yaku="1,1,0,1,7,1,52,1,53,1" doraHai="57" doraHaiUra="63" who="1" fromWho="1" sc="390,-42,219,106,152,-22,219,-22" /><INIT seed="1,0,0,4,5,39" ten="348,325,130,197" oya="1" hai0="88,64,12,41,97,107,33,43,100,31,21,113,30" hai1="122,44,15,85,102,67,49,52,116,77,45,131,118" hai2="59,83,111,93,98,79,84,46,47,70,4,53,73" hai3="110,48,9,62,25,78,26,135,86,8,117,105,106"/><U90/><E122/><V66/><F111/><W65/><G110/><T50/><D113/><U87/><E131/><V69/><F4/><W125/><G117/><T58/><D33/><U101/><E67/><V120/><F120/><W13/><G125/><T40/><D88/><U51/><E15/><V18/><F73/><W5/><G135/><T128/><D128/><U10/><E10/><V82/><F82/><W71/><G106/><T75/><D75/><U61/><E61/><V38/><F18/><W134/><G105/><T14/><D14/><U104/><E104/><V27/><F27/><W81/><G134/><T36/><D36/><U42/><E77/><V35/><F47/><W20/><G20/><T130/><D130/><U2/><E2/><V124/><F35/><W57/><G71/><T123/><D123/><U114/><E114/><V56/><F56/><W72/><G72/><T92/><D107/><U19/><E19/><V119/><F66/><W6/><REACH who="3" step="1"/><G48/><REACH who="3" ten="348,325,130,187" step="2"/><T109/><D50/><U76/><E118/><V1/><F119/><W95/><G95/><T63/><D109/><U112/><E116/><V29/><F124/><W89/><G89/><T99/><D99/><U132/><E132/><V7/><F93/><W127/><G127/><T32/><D32/><U121/><E121/><V91/><F98/><W80/><G80/><T54/><D21/><U22/><E22/><V96/><F83/><W103/><G103/><N who="1" m="39434" /><E112/><V133/><F133/><W94/><G94/><T68/><D68/><U129/><E129/><V60/><F69/><W34/><G34/><T28/><D92/><RYUUKYOKU ba="0,1" sc="348,-10,325,-10,130,-10,187,30" hai3="5,6,8,9,13,25,26,57,62,65,78,81,86" /><INIT seed="2,1,1,5,2,98" ten="338,315,120,217" oya="2" hai0="12,16,108,126,40,100,53,75,79,133,60,116,43" hai1="63,91,6,123,130,55,119,8,62,78,135,52,9" hai2="66,64,0,19,17,85,30,13,15,3,57,110,42" hai3="70,39,86,84,37,69,25,115,34,103,21,94,88"/><V102/><F30/><W120/><G34/><T38/><D108/><U109/><E119/><V68/><F110/><W122/><G21/><T73/><D38/><U47/><E109/><V46/><F68/><W107/><G25/><T5/><D5/><U56/><E130/><V45/><F85/><W117/><G117/><T61/><D116/><U41/><E135/><V82/><F57/><W24/><G24/><T36/><D36/><U89/><E78/><V112/><F42/><W72/><G72/><T4/><D4/><U127/><E127/><V76/><F76/><W114/><G107/><T129/><D79/><U27/><E27/><V44/><F44/><W81/><G94/><T134/><D53/><U10/><E6/><V93/><F93/><W104/><G104/><T121/><D129/><U22/><E22/><V28/><F28/><W101/><G88/><N who="1" m="33866" /><E123/><V2/><F2/><W59/><G59/><T48/><D126/><U99/><E99/><V11/><F82/><AGARI ba="1,1" hai="37,39,69,70,81,82,84,86,101,103,114,115,120,122" machi="82" ten="25,6400,0" yaku="22,2,52,2" doraHai="98" who="3" fromWho="2" sc="338,0,315,0,120,-67,217,77" /><INIT seed="3,0,0,3,5,105" ten="338,315,53,294" oya="3" hai0="120,43,23,40,89,126,51,7,48,115,4,86,114" hai1="39,26,46,112,71,13,76,14,65,2,34,25,104" hai2="93,85,81,42,113,130,134,30,61,66,83,64,60" hai3="103,74,36,135,102,11,3,75,92,87,22,19,29"/><W78/><G36/><T123/><D23/><U70/><E2/><V28/><F113/><N who="0" m="43018" /><D126/><U24/><E34/><V53/><F134/><W20/><G20/><T56/><D86/><U32/><E32/><V15/><F130/><W31/><G31/><T125/><D89/><U41/><E112/><V50/><F42/><N who="0" m="15914" /><D125/><U27/><E104/><V49/><F53/><W67/><G135/><T82/><D82/><U100/><E100/><V133/><F133/><W107/><G102/><T88/><D88/><U33/><E76/><V99/><F15/><N who="3" m="9599" /><G107/><T97/><D97/><U95/><E95/><V9/><F85/><W96/><G87/><T121/><D56/><U5/><E70/><V59/><F9/><W129/><G78/><T58/><D58/><U117/><E33/><V69/><F59/><W131/><G29/><T77/><D77/><U98/><E98/><V80/><F80/><W72/><G11/><T101/><D101/><U44/><E71/><V47/><F69/><W37/><G3/><T111/><D111/><U91/><E91/><V52/><F99/><W45/><G37/><T90/><D90/><U17/><E27/><V10/><F10/><W38/><G38/><T116/><D116/><U128/><E25/><V0/><F0/><W21/><G21/><T18/><D18/><U110/><E26/><V84/><F84/><W55/><G67/><T127/><D127/><U68/><E24/><V63/><F66/><W54/><G45/><T16/><D16/><U122/><E46/><V1/><F64/><W118/><G118/><T73/><D73/><U79/><E117/><RYUUKYOKU ba="0,0" sc="338,15,315,-15,53,-15,294,15" hai0="4,7,48,51,120,121,123" hai3="54,55,72,74,75,92,96,103,129,131" /><INIT seed="3,1,0,4,3,132" ten="353,300,38,309" oya="3" hai0="50,54,97,131,43,52,30,80,14,24,1,117,68" hai1="40,70,26,11,48,66,85,115,91,62,75,41,110" hai2="86,122,99,20,102,18,103,4,134,112,106,28,79" hai3="130,36,108,16,23,34,25,61,63,87,42,73,128"/><W127/><G73/><T111/><D1/><U83/><E115/><V89/><F112/><W98/><G34/><T96/><D68/><U72/><E110/><V113/><F134/><W64/><G36/><T76/><D117/><U69/><E69/><V7/><F113/><W74/><G74/><T45/><D111/><U55/><E72/><V9/><F122/><W126/><G42/><T124/><D131/><N who="3" m="50217" /><G108/><T38/><D14/><U3/><E75/><V114/><F114/><W135/><G135/><T22/><D124/><N who="3" m="47657" /><G87/><N who="0" m="48519" /><D38/><U47/><E26/><V17/><F79/><W65/><G98/><AGARI ba="1,0" hai="22,24,30,43,45,50,52,54,96,97,98" m="48519" machi="98" ten="30,2000,0" yaku="8,1,54,1" doraHai="132" who="0" fromWho="3" sc="353,23,300,0,38,0,309,-23" /><INIT seed="4,0,0,0,5,82" ten="376,300,38,286" oya="0" hai0="10,134,102,122,57,41,112,59,62,113,38,75,36" hai1="105,3,68,31,66,97,46,45,54,21,87,22,63" hai2="135,79,8,39,95,43,18,34,94,131,1,110,67" hai3="11,70,111,60,100,107,12,101,13,114,17,40,55"/><T35/><D75/><U103/><E3/><V127/><F34/><W104/><G111/><T64/><D35/><U61/><E45/><V30/><F110/><W72/><G72/><T84/><D84/><U77/><E77/><V37/><F30/><W128/><G128/><T24/><D10/><U65/><E87/><V92/><F131/><W56/><G114/><T121/><D24/><U86/><E86/><V73/><F135/><W76/><G70/><T130/><D102/><N who="3" m="39529" /><G107/><T26/><D26/><U124/><E124/><V7/><F127/><W83/><G104/><T90/><D90/><U133/><E133/><V32/><F32/><W9/><G40/><T6/><D6/><U51/><REACH who="1" step="1"/><E31/><REACH who="1" ten="376,290,38,286" step="2"/><V74/><F79/><W50/><G76/><T33/><D134/><U126/><E126/><V4/><F74/><W115/><G115/><T108/><D113/><U132/><E132/><V44/><F73/><W99/><G99/><T58/><D112/><U129/><E129/><V49/><F1/><W118/><G83/><T47/><D130/><U120/><E120/><V52/><F44/><W116/><G118/><T91/><D122/><U15/><E15/><V29/><F29/><W25/><G116/><T20/><D121/><U123/><E123/><V93/><F43/><W5/><G25/><T16/><D41/><U81/><E81/><V96/><F96/><W125/><G125/><T117/><D117/><U19/><E19/><V53/><F18/><W80/><G80/><T42/><D16/><U28/><E28/><V71/><F4/><W109/><G109/><T69/><D108/><RYUUKYOKU ba="0,1" sc="376,-15,290,15,38,-15,286,15" hai1="21,22,46,51,54,61,63,65,66,68,97,103,105" hai3="5,9,11,12,13,17,50,55,56,60" /><INIT seed="5,1,1,5,2,60" ten="361,305,23,301" oya="1" hai0="4,97,36,13,48,15,68,8,7,110,19,70,134" hai1="78,59,121,93,76,6,127,10,114,41,53,17,18" hai2="81,9,37,103,0,118,24,87,73,75,84,111,58" hai3="113,5,20,104,120,23,135,85,22,72,55,54,124"/><U14/><E127/><V71/><F118/><W65/><G72/><T29/><D36/><U94/><E114/><V44/><F71/><W91/><G104/><T126/><D110/><U45/><E121/><V116/><F116/><W40/><G120/><T74/><D74/><U115/><E115/><V42/><F111/><W108/><G108/><T69/><D126/><U43/><E18/><V119/><F119/><W98/><G124/><T102/><D134/><U52/><E53/><V30/><F103/><W89/><G135/><T63/><D29/><U133/><E133/><V26/><F58/><W38/><G113/><T67/><D48/><N who="1" m="26687" /><E41/><V21/><F26/><W88/><G38/><T12/><D4/><U64/><E64/><V32/><F32/><W128/><G40/><T49/><D49/><N who="1" m="31119" /><E17/><V95/><F95/><AGARI ba="1,1" hai="6,10,14,76,78,93,94,95" m="31119,26687" machi="95" ten="30,2900,0" yaku="8,1,54,1" doraHai="60" who="1" fromWho="2" sc="361,0,305,42,23,-32,301,0" owari="361,46.0,347,15.0,-9,-51.0,301,-10.0" /></mjloggm>