<mjloggm ver="2.3"><GO type="169" lobby="0"/><UN n0="%CE%BC%E3%81%97%E3%82%82%E3%81%A7" n1="%E3%83%88%E3%83%88%E3%83%AA%E5%85%88%E7%94%9F%31%39%E6%AD%B3" n2="%46%75%6E%54%69%6D%65" n3="%E8%8A%B1%E6%BE%A4%E9%A6%99%E8%8F%9C%E3%81%A1%E3%82%83%E3%82%93" dan="17,18,16,16" rate="2148.92,2283.75,2015.17,2063.15" sx="M,F,M,F"/><TAIKYOKU oya="0"/><INIT seed="0,0,0,4,3,23" ten="250,250,250,250" oya="0" hai0="41,123,78,98,10,80,125,102,42,51,126,73,112" hai1="2,36,58,50,53,113,77,19,39,38,3,96,115" hai2="108,130,119,46,95,31,44,86,25,12,13,30,85" hai3="70,45,27,104,118,131,89,29,48,83,64,65,74"/><T84/><D123/><U87/><E77/><V132/><F108/><W4/><G118/><T63/><D112/><N who="1" m="43083" /><E87/><V109/><F109/><W8/><G131/><T28/><D73/><U40/><E19/><V129/><F95/><W61/><G104/><T106/><D28/><U82/><E82/><V33/><F119/><W34/><G65/><T76/><D76/><U107/><E40/><V5/><F5/><W0/><G74/><T92/><D106/><U94/><E107/><V1/><F132/><W67/><G67/><T135/><D135/><U117/><E117/><V15/><F1/><W100/><G100/><AGARI ba="0,0" hai="2,3,36,38,39,50,53,58,94,96,100" m="43083" machi="100" ten="40,1300,0" yaku="11,1" doraHai="23" who="1" fromWho="3" sc="250,0,250,13,250,0,250,-13" /><INIT seed="1,0,0,2,5,76" ten="250,263,250,237" oya="1" hai0="118,78,91,125,11,52,113,80,128,122,26,13,129" hai1="123,97,24,5,105,23,34,44,47,58,104,121,70" hai2="3,66,25,101,96,74,69,41,27,92,130,90,38" hai3="40,39,68,103,31,33,132,116,6,86,12,20,2"/><U51/><E70/><V7/><F130/><N who="0" m="50282" /><D118/><U17/><E34/><V75/><F41/><W81/><G116/><T32/><D113/><U56/><E5/><V45/><F3/><W1/><G68/><T133/><D91/><U110/><E110/><V18/><F7/><W36/><G103/><T28/><D122/><U107/><E97/><V109/><F109/><W102/><G102/><T43/><D43/><U42/><REACH who="1" step="1"/><E47/><REACH who="1" ten="250,253,250,237" step="2"/><V61/><F45/><N who="3" m="23687" /><G6/><N who="0" m="3319" /><D125/><U87/><E87/><V72/><F96/><W10/><G86/><T37/><D133/><U16/><E16/><V35/><F18/><W60/><G33/><T64/><D37/><U29/><E29/><V9/><F38/><W59/><G31/><T4/><D4/><U135/><E135/><V93/><F75/><W22/><G39/><T82/><D32/><U73/><E73/><V94/><F35/><W57/><G132/><T88/><D28/><U127/><E127/><V83/><F74/><W85/><G85/><T106/><D106/><U49/><E49/><V67/><F72/><W62/><G1/><T115/><D115/><U14/><E14/><V126/><F126/><W95/><G2/><T89/><D26/><U63/><E63/><V15/><F27/><W100/><G62/><T112/><D112/><U8/><E8/><V99/><F25/><W108/><G60/><T55/><D64/><U98/><E98/><V124/><F67/><W114/><G108/><T0/><D0/><U53/><E53/><V117/><F124/><W54/><G54/><T71/><D55/><U30/><E30/><V77/><F99/><RYUUKYOKU ba="0,1" sc="250,-10,253,30,250,-10,237,-10" hai1="17,23,24,42,44,51,56,58,104,105,107,121,123" /><INIT seed="1,1,1,4,4,120" ten="240,283,240,227" oya="1" hai0="3,128,28,15,65,71,112,10,18,51,13,11,124" hai1="42,20,19,59,131,90,62,133,92,68,54,30,70" hai2="121,48,130,35,101,115,7,61,49,24,33,79,117" hai3="23,134,74,105,66,123,44,110,39,4,22,55,82"/><U118/><E118/><V98/><F117/><W86/><G105/><T77/><D112/><U94/><E131/><V69/><F121/><W75/><G123/><T5/><D128/><U80/><E133/><V2/><F79/><W125/><G125/><T63/><D124/><U8/><E30/><N who="2" m="19655" /><F35/><W104/><G104/><T89/><D28/><U64/><E8/><N who="2" m="2167" /><F115/><W53/><G74/><T107/><D107/><U73/><E42/><V95/><F95/><W25/><G75/><T116/><D116/><U126/><E126/><V32/><F32/><W26/><G134/><T67/><D77/><U31/><E31/><V109/><F49/><W96/><G39/><T102/><D102/><U50/><E73/><V91/><F91/><W78/><G78/><T14/><D67/><U43/><E43/><V52/><F48/><W46/><G66/><T99/><D51/><U56/><E80/><V58/><F69/><W45/><G82/><T113/><D113/><U36/><E94/><V85/><F85/><W1/><G86/><T108/><D99/><U88/><E36/><V129/><F98/><W100/><G96/><T119/><D89/><U76/><E76/><V83/><F101/><W0/><G100/><T9/><D119/><U27/><REACH who="1" step="1"/><E90/><REACH who="1" ten="240,273,240,227" step="2"/><V57/><F83/><W40/><G40/><T135/><D135/><U111/><E111/><V122/><F109/><W29/><G110/><T41/><D108/><U17/><E17/><V72/><F72/><W81/><G81/><T87/><D41/><U93/><E93/><V12/><F130/><W6/><G44/><T38/><D38/><RYUUKYOKU ba="1,2" sc="240,-15,273,15,240,-15,227,15" hai1="19,20,27,50,54,56,59,62,64,68,70,88,92" hai3="0,1,4,6,22,23,25,26,29,45,46,53,55" /><INIT seed="1,2,2,2,2,44" ten="225,288,225,242" oya="1" hai0="46,55,10,83,107,71,80,124,111,41,29,94,98" hai1="20,132,122,14,92,25,115,35,112,42,58,79,69" hai2="13,37,32,59,102,17,54,96,116,40,110,99,73" hai3="103,81,11,126,121,117,50,119,114,0,18,101,15"/><U87/><E122/><V118/><F32/><W19/><G121/><T6/><D71/><U85/><E69/><V22/><F110/><W127/><G114/><T84/><D107/><U4/><E35/><V106/><F73/><W23/><G81/><T113/><D111/><U48/><E132/><V123/><F123/><W57/><G0/><T130/><D113/><U65/><E112/><V45/><REACH who="2" step="1"/><F99/><REACH who="2" ten="225,288,215,242" step="2"/><W90/><G117/><T9/><D130/><U75/><E75/><V12/><F12/><W1/><G119/><T8/><D124/><U5/><E14/><V56/><F56/><W31/><G57/><T131/><D131/><U53/><E115/><V7/><F7/><W51/><G126/><T76/><D6/><U95/><E5/><V109/><F109/><W21/><G127/><T68/><D68/><U30/><E4/><V78/><F78/><W39/><G15/><T60/><D76/><U82/><E87/><V72/><F72/><W33/><G33/><T62/><D84/><U125/><E125/><V43/><F43/><W91/><G1/><T129/><D129/><U61/><E42/><V64/><F64/><W77/><G77/><T93/><D41/><U28/><E65/><V88/><F88/><W105/><G90/><T89/><D89/><U24/><E61/><AGARI ba="2,3" hai="13,17,22,37,40,45,54,59,61,96,102,106,116,118" machi="61" ten="30,2000,0" yaku="1,1,7,1,53,0" doraHai="44" doraHaiUra="3" who="2" fromWho="1" sc="225,0,288,-26,215,56,242,0" /><INIT seed="2,0,0,5,5,52" ten="225,262,271,242" oya="2" hai0="117,129,9,104,99,127,11,89,21,49,84,68,66" hai1="78,134,86,109,41,35,43,37,58,65,101,98,119" hai2="4,72,17,76,115,2,12,111,107,97,44,26,70" hai3="16,132,87,14,118,63,42,122,83,45,18,1,120"/><V130/><F115/><W50/><G118/><T39/><D39/><U133/><E119/><V5/><F70/><W10/><G132/><N who="1" m="50794" /><E35/><V62/><F2/><W3/><G18/><T67/><D117/><U61/><E37/><V93/><F107/><W112/><G112/><T135/><D135/><U6/><E109/><V95/><F26/><W47/><G47/><T91/><D68/><U90/><E6/><V125/><F76/><W57/><G120/><T20/><D104/><N who="1" m="63543" /><E78/><V56/><F72/><W64/><REACH who="3" step="1"/><G122/><REACH who="3" ten="225,262,271,232" step="2"/><T81/><D129/><U8/><E8/><V29/><F130/><W22/><G22/><T106/><D20/><U69/><E69/><V73/><F44/><W32/><G32/><T13/><D21/><U33/><E33/><V79/><F5/><W24/><G24/><T7/><D9/><U27/><E27/><V85/><F4/><W114/><G114/><T38/><D7/><U34/><E34/><V54/><F12/><W121/><G121/><T46/><D13/><U102/><E102/><V96/><F17/><W108/><G108/><T77/><D11/><U123/><E123/><V36/><F111/><W30/><G30/><T128/><D128/><U82/><AGARI ba="0,1" hai="41,43,58,61,65,82,86,90" m="63543,50794" machi="82" ten="30,2000,0" yaku="20,1,52,1" doraHai="52" who="1" fromWho="1" sc="225,-5,262,30,271,-10,232,-5" /><INIT seed="3,0,0,3,3,44" ten="220,292,261,227" oya="3" hai0="89,132,128,103,101,65,25,70,57,86,104,56,15" hai1="74,8,1,24,17,98,76,62,12,97,9,27,80" hai2="78,5,102,54,92,52,19,32,45,0,4,115,37" hai3="59,41,46,121,63,43,125,100,113,130,33,106,110"/><W60/><G33/><T82/><D132/><U47/><E62/><V81/><F32/><W124/><G121/><T111/><D128/><U114/><E114/><V88/><F102/><W107/><G113/><T58/><D111/><U93/><E98/><V79/><F115/><W105/><G110/><T38/><D38/><U85/><E74/><V36/><F0/><W42/><G100/><T118/><D118/><U129/><E129/><V64/><F64/><W90/><G90/><T34/><D15/><N who="1" m="7399" /><E47/><V53/><F45/><W51/><G130/><T68/><D103/><N who="1" m="60847" /><E1/><V120/><F120/><W2/><G2/><T18/><D65/><U6/><AGARI ba="0,0" hai="6,9,12,24,27,76,80,85" m="60847,7399" machi="6" ten="30,1100,0" yaku="8,1" doraHai="44" who="1" fromWho="1" sc="220,-3,292,11,261,-3,227,-5" /><INIT seed="4,0,0,4,2,55" ten="217,303,258,222" oya="0" hai0="91,123,128,30,74,8,38,7,89,39,28,78,14" hai1="13,114,116,34,60,94,44,113,33,97,80,85,77" hai2="79,82,95,121,100,125,101,0,62,58,69,93,119" hai3="15,90,11,6,23,98,56,40,54,22,83,24,17"/><T49/><D123/><U12/><E116/><V9/><F121/><W48/><G40/><T1/><D128/><U46/><E13/><V19/><F69/><W32/><G32/><N who="1" m="12394" /><E60/><V53/><F125/><W124/><G124/><T131/><D131/><U64/><E12/><N who="2" m="7567" /><F0/><W103/><G23/><T102/><D102/><N who="2" m="39530" /><F119/><W63/><G83/><T25/><D28/><U106/><E64/><V35/><F35/><W41/><G41/><T50/><D14/><U4/><E4/><V16/><F16/><W133/><G133/><T127/><D127/><U47/><E106/><V10/><F10/><W88/><REACH who="3" step="1"/><G63/><REACH who="3" ten="217,303,258,212" step="2"/><T105/><D38/><U117/><E117/><V122/><F122/><W31/><G31/><T75/><D39/><U129/><E129/><V2/><F82/><W76/><G76/><T115/><D78/><U59/><E80/><V87/><F79/><W107/><AGARI ba="0,1" hai="6,11,15,17,22,24,48,54,56,88,90,98,103,107" machi="107" ten="20,8000,1" yaku="1,1,0,1,7,1,52,1,54,1,53,0" doraHai="55" doraHaiUra="26" who="3" fromWho="3" sc="217,-40,303,-20,258,-20,212,90" /><INIT seed="5,0,0,2,0,34" ten="177,283,238,302" oya="1" hai0="115,20,68,54,86,112,78,99,26,92,12,80,50" hai1="123,40,102,31,91,13,79,113,44,42,58,100,47" hai2="67,65,114,84,117,97,22,107,57,122,88,126,61" hai3="127,130,101,18,70,2,62,82,29,77,6,83,95"/><U19/><E123/><V96/><F117/><W16/><G29/><T66/><D68/><U5/><E113/><V64/><F122/><W9/><G127/><T128/><D128/><U125/><E125/><V106/><F126/><W69/><G130/><T93/><D66/><N who="2" m="25706" /><F106/><W35/><G35/><T49/><D12/><U76/><E5/><V0/><F0/><W39/><G39/><T52/><D115/><U1/><E1/><V134/><F107/><W133/><G133/><T45/><D99/><U4/><E4/><V129/><F114/><W8/><G8/><T27/><D112/><U108/><E31/><V104/><F104/><W87/><G70/><T21/><D21/><N who="1" m="11503" /><E58/><V72/><F72/><W132/><G69/><T71/><D71/><U3/><E3/><V73/><F73/><W118/><G118/><T124/><D124/><U15/><E15/><V38/><F38/><W121/><G121/><T109/><D109/><U25/><E25/><N who="0" m="9225" /><D20/><U33/><E108/><V116/><F116/><W36/><G36/><T119/><D119/><U7/><E7/><V51/><F22/><W98/><G132/><T43/><D43/><N who="1" m="16427" /><E91/><V30/><F134/><W46/><G6/><T90/><D90/><U74/><E74/><V48/><F129/><W89/><G89/><T59/><AGARI ba="0,0" hai="45,49,50,52,54,59,78,80,86,92,93" m="9225" machi="59" ten="30,2000,0" yaku="8,1,54,1" doraHai="34" who="0" fromWho="0" sc="177,20,283,-10,238,-5,302,-5" /><INIT seed="6,0,0,5,4,63" ten="197,273,233,297" oya="2" hai0="108,49,84,75,115,51,59,23,38,114,65,21,31" hai1="105,74,9,103,37,78,2,93,101,66,121,40,124" hai2="46,117,89,52,33,43,27,71,32,28,76,94,12" hai3="112,86,120,20,111,24,88,82,15,4,8,85,6"/><V64/><F117/><W29/><G111/><T107/><D75/><U11/><E105/><V16/><F76/><N who="3" m="46279" /><G112/><N who="0" m="43051" /><D38/><U50/><E121/><V73/><F73/><W56/><G56/><T70/><D107/><U95/><E37/><V116/><F116/><W79/><G79/><T96/><D70/><U97/><E124/><V77/><F77/><W106/><G106/><T67/><D108/><U130/><E2/><V60/><F33/><W113/><G120/><T58/><D96/><N who="1" m="59535" /><E130/><V53/><F46/><W132/><G132/><T34/><D34/><U122/><E78/><V109/><F43/><W123/><G123/><T25/><D84/><U90/><E103/><V13/><F109/><W35/><G35/><T134/><D21/><U119/><E119/><V100/><F100/><W135/><G135/><T19/><D31/><U42/><E42/><V45/><F45/><W69/><G69/><T126/><D126/><U133/><E74/><V22/><F13/><W87/><G113/><T1/><D1/><U7/><E40/><V3/><F3/><W48/><G48/><N who="0" m="18507" /><D134/><U104/><E50/><V0/><F0/><W99/><G4/><T26/><D26/><U98/><E7/><V92/><F94/><AGARI ba="0,0" hai="6,8,15,20,24,29,86,87,88,94,99" m="46279" machi="94" ten="30,2000,0" yaku="8,1,54,1" doraHai="63" who="3" fromWho="2" sc="197,0,273,0,233,-20,297,20" /><INIT seed="7,0,0,5,4,11" ten="197,273,213,317" oya="3" hai0="123,20,13,15,112,131,97,34,69,76,119,21,47" hai1="33,94,116,117,73,105,102,6,109,132,91,16,87" hai2="58,72,36,31,59,29,133,93,86,68,106,63,90" hai3="26,127,14,66,115,129,64,2,100,3,89,50,96"/><W83/><G26/><T10/><D119/><N who="1" m="45643" /><E109/><V113/><F106/><W135/><G135/><T17/><D123/><U25/><E132/><V130/><F72/><W1/><G115/><T128/><D69/><U92/><E73/><V104/><F104/><W28/><G28/><T84/><D34/><U82/><E6/><V122/><F36/><W108/><G108/><T78/><D112/><U101/><E33/><V62/><F68/><W54/><G129/><N who="0" m="49739" /><D97/><N who="1" m="61615" /><E102/><V110/><F110/><W19/><G127/><T103/><D103/><U46/><E46/><V55/><F130/><W18/><G18/><N who="0" m="10319" /><D47/><U98/><E98/><V24/><F133/><W107/><G83/><T42/><D42/><U40/><E40/><V49/><F113/><W74/><G74/><T5/><D84/><U85/><E85/><V44/><F122/><W8/><G8/><T111/><D111/><U32/><E32/><V51/><F44/><W95/><G107/><T12/><AGARI ba="0,0" hai="5,10,12,15,17,21,76,78" m="10319,49739" machi="12" ten="30,7900,0" yaku="19,1,52,3" doraHai="11" who="0" fromWho="0" sc="197,79,273,-20,213,-20,317,-39" /><INIT seed="8,0,0,5,2,1" ten="276,253,193,278" oya="0" hai0="58,40,79,35,3,113,114,112,13,129,117,27,42" hai1="14,116,25,95,20,115,12,127,37,72,96,0,91" hai2="47,21,8,106,38,98,43,28,23,64,66,9,39" hai3="120,5,44,77,24,89,111,46,69,99,119,75,15"/><T10/><D117/><U123/><E123/><V103/><F39/><W85/><G69/><T50/><D129/><U97/><E72/><V54/><F54/><W102/><G111/><T130/><D130/><U59/><E37/><V104/><F104/><W87/><G24/><T107/><D107/><U125/><E0/><V118/><F118/><W31/><G31/><T29/><D79/><U93/><E116/><V22/><REACH who="2" step="1"/><F28/><REACH who="2" ten="276,253,183,278" step="2"/><W70/><G119/><T48/><D114/><U7/><E115/><V108/><F108/><W100/><G120/><T132/><D113/><U41/><E41/><V134/><F134/><W81/><G46/><T53/><D132/><U92/><E125/><V19/><F19/><W57/><G44/><T71/><D112/><U62/><E127/><V32/><F32/><W110/><G110/><T73/><D40/><U76/><E76/><V60/><F60/><W67/><G77/><T90/><D42/><U55/><E7/><V105/><F105/><W33/><G5/><T84/><D35/><U131/><E131/><V83/><F83/><W133/><G81/><T63/><D63/><U122/><E122/><V80/><F80/><W124/><G124/><T86/><D29/><N who="1" m="17575" /><E93/><V16/><F16/><W6/><G6/><T135/><D135/><U30/><E30/><V34/><F34/><W4/><G4/><T2/><D2/><U68/><E95/><V26/><F26/><W109/><G109/><T126/><D3/><U52/><E55/><V78/><F78/><W11/><G33/><T18/><D27/><U121/><E121/><V61/><F61/><RYUUKYOKU ba="0,1" sc="276,-10,253,-10,183,30,278,-10" hai2="8,9,21,22,23,38,43,47,64,66,98,103,106" /><INIT seed="9,1,1,1,4,32" ten="266,243,213,268" oya="1" hai0="74,2,73,81,117,57,109,84,125,119,80,82,26" hai1="99,105,112,100,123,40,131,110,92,121,38,63,111" hai2="48,90,102,132,115,34,7,0,86,6,134,106,114" hai3="13,88,60,31,133,116,58,3,77,12,50,5,27"/><U71/><E112/><N who="2" m="43051" /><F34/><W75/><G50/><T16/><D109/><N who="1" m="41483" /><E131/><V108/><F108/><W17/><G116/><N who="0" m="44619" /><D125/><U24/><E24/><V54/><F102/><W22/><G133/><N who="2" m="51305" /><F106/><W76/><G75/><N who="0" m="28683" /><D2/><U37/><E92/><N who="2" m="54359" /><F0/><W69/><G3/><T19/><D57/><AGARI ba="1,1" hai="6,7,48,54,57" m="54359,51305,43051" machi="57" ten="30,2000,0" yaku="11,1,20,1" doraHai="32" who="2" fromWho="0" sc="266,-23,243,0,213,33,268,0" /><INIT seed="10,0,0,3,2,24" ten="243,243,246,268" oya="2" hai0="69,23,35,91,28,71,121,79,104,66,129,22,29" hai1="30,5,89,19,42,55,76,117,17,118,1,64,123" hai2="25,54,113,132,48,101,67,3,51,49,70,128,112" hai3="12,36,10,44,62,6,84,80,63,125,122,65,34"/><V59/><F3/><W82/><G34/><T75/><D121/><U13/><E123/><V135/><F101/><W93/><G122/><T37/><D35/><U72/><E64/><V38/><F25/><W81/><G125/><T77/><D104/><U16/><E30/><N who="0" m="11881" /><D37/><U99/><E42/><V43/><F128/><W31/><G31/><T130/><D91/><U40/><E40/><V134/><F67/><W21/><G65/><T133/><D75/><U4/><E1/><V97/><F97/><W107/><G107/><T98/><D98/><U87/><E99/><V50/><F70/><N who="0" m="26634" /><D66/><U127/><E127/><V131/><F131/><N who="0" m="50186" /><D133/><U111/><E72/><V47/><AGARI ba="0,0" hai="38,43,47,48,49,50,51,54,59,112,113,132,134,135" machi="47" ten="40,12000,1" yaku="0,1,20,1,34,3" doraHai="24" who="2" fromWho="2" sc="243,-40,243,-40,246,120,268,-40" owari="203,-20.0,203,-30.0,366,47.0,228,3.0" /></mjloggm>