<mjloggm ver="2.3"><GO type="169" lobby="0"/><UN n0="%6E%69%6A%69" n1="%E3%83%A4%E3%82%AD%E3%83%B3" n2="%E3%81%8D%E3%81%97%E3%82%8A%E3%81%A3%E3%81%97%E3%82%85" n3="%E3%82%A6%E3%83%AB%E3%83%88%E3%83%A9%E7%AB%8B%E7%9B%B4" dan="16,18,16,17" rate="2121.43,2198.29,2079.13,2187.21" sx="M,M,F,M"/><TAIKYOKU oya="0"/><INIT seed="0,0,0,2,2,113" ten="250,250,250,250" oya="0" hai0="49,74,122,40,54,70,27,135,14,91,73,6,123" hai1="111,100,119,23,110,107,21,50,30,45,57,92,69" hai2="51,106,5,63,7,17,8,32,93,96,82,120,114" hai3="112,38,16,29,118,18,0,9,116,66,121,47,60"/><T65/><D40/><U64/><E107/><V19/><F114/><W37/><G121/><T79/><D135/><U61/><E69/><V31/><F106/><W53/><G29/><T46/><D27/><N who="1" m="16751" /><E23/><V39/><F5/><W68/><G112/><T89/><D65/><U78/><E78/><V10/><F10/><W81/><G81/><T128/><D70/><U41/><E119/><N who="3" m="45610" /><G0/><T132/><D132/><U26/><E26/><V35/><F31/><W102/><G102/><T87/><D89/><U22/><E22/><V80/><F35/><W127/><G9/><T44/><D44/><U62/><E61/><V59/><F32/><W15/><G15/><T94/><D14/><U83/><E83/><V85/><F82/><W3/><G3/><T101/><D101/><U2/><E2/><V36/><F8/><W125/><G18/><T134/><D6/><U52/><E41/><V1/><F17/><W75/><G16/><T117/><D117/><U99/><AGARI ba="0,0" hai="45,50,52,57,62,64,92,99,100,110,111" m="16751" machi="99" ten="30,2000,0" yaku="25,1,54,1" doraHai="113" who="1" fromWho="1" sc="250,-10,250,20,250,-5,250,-5" /><INIT seed="1,0,0,1,3,93" ten="240,270,245,245" oya="1" hai0="121,8,58,36,113,21,60,133,99,65,72,17,40" hai1="48,109,2,88,54,84,132,129,26,31,82,122,105" hai2="91,16,34,13,96,61,68,125,41,62,111,29,38" hai3="74,23,114,18,12,80,103,57,67,104,47,134,3"/><U43/><E122/><V77/><F77/><W135/><G3/><T118/><D113/><U33/><E132/><V116/><F116/><W110/><G114/><T24/><D118/><U81/><E129/><V73/><F73/><W20/><G110/><T32/><D72/><U22/><E109/><V78/><F78/><W69/><G69/><T14/><D133/><U46/><E2/><V106/><F68/><W100/><G47/><T83/><D83/><U11/><E11/><V63/><F125/><W25/><G74/><T112/><D112/><U10/><E10/><V90/><F29/><W39/><G39/><T126/><D126/><U27/><E105/><V86/><F34/><W5/><G104/><T53/><D32/><U42/><REACH who="1" step="1"/><E81/><REACH who="1" ten="240,260,245,245" step="2"/><V120/><F120/><W66/><G80/><T52/><D121/><U0/><E0/><V55/><F111/><W94/><G135/><T4/><D4/><U71/><E71/><V50/><F106/><W128/><G134/><T79/><D8/><U35/><E35/><V56/><F38/><W85/><G128/><T89/><D36/><U98/><E98/><V119/><F96/><W131/><G131/><T64/><D99/><U130/><E130/><V37/><F119/><W51/><G5/><T75/><D21/><U1/><E1/><V115/><F115/><W92/><G20/><T59/><D59/><U44/><E44/><N who="2" m="23599" /><F86/><W28/><G85/><T6/><D75/><U123/><E123/><V7/><F7/><W117/><G117/><T87/><D6/><U95/><E95/><V107/><F107/><W102/><G92/><RYUUKYOKU ba="0,1" sc="240,-15,260,15,245,15,245,-15" hai1="22,26,27,31,33,42,43,46,48,54,82,84,88" hai2="13,16,50,55,56,61,62,63,90,91" /><INIT seed="1,1,1,1,1,40" ten="225,275,260,230" oya="1" hai0="127,128,114,88,54,43,81,29,104,113,65,117,32" hai1="107,80,108,41,16,44,79,86,121,25,56,38,85" hai2="101,94,26,51,111,122,34,9,69,11,47,109,90" hai3="4,62,22,87,115,30,50,119,75,8,98,84,110"/><U112/><E112/><V91/><F69/><W15/><G75/><T10/><D104/><U133/><E121/><V120/><F101/><W70/><G115/><T33/><D33/><U96/><E133/><V24/><F34/><W45/><G110/><T0/><D117/><U19/><E108/><V20/><F20/><W14/><G119/><T55/><D55/><U134/><E134/><V28/><F51/><W77/><G77/><T6/><D65/><U17/><E56/><V1/><F94/><W35/><G35/><T27/><D127/><U12/><E25/><V116/><F1/><W123/><G123/><T46/><D54/><U76/><E86/><V2/><F2/><W48/><G70/><T73/><D128/><U99/><E79/><V135/><F116/><W59/><G98/><T39/><REACH who="0" step="1"/><D88/><REACH who="0" ten="215,275,260,230" step="2"/><U103/><REACH who="1" step="1"/><E99/><REACH who="1" ten="215,265,260,230" step="2"/><V13/><F135/><W83/><G59/><T37/><D37/><U92/><E92/><V74/><F122/><W132/><G132/><T66/><D66/><U68/><E68/><V64/><F120/><W7/><G83/><T61/><D61/><U23/><AGARI ba="1,3" hai="12,16,17,19,23,38,41,44,76,80,85,96,103,107" machi="23" ten="20,12000,1" yaku="1,1,0,1,7,1,52,1,54,1,53,0" doraHai="40" doraHaiUra="63" who="1" fromWho="1" sc="215,-41,265,153,260,-41,230,-41" /><INIT seed="1,2,0,1,2,50" ten="174,418,219,189" oya="1" hai0="38,124,24,47,95,88,0,129,3,65,103,37,130" hai1="25,100,83,71,22,122,73,66,49,112,121,42,9" hai2="82,110,59,68,15,13,6,80,56,81,90,14,113" hai3="27,61,21,2,115,54,10,7,92,39,72,85,67"/><U78/><E112/><V132/><F68/><W31/><G72/><T33/><D103/><U36/><E36/><N who="0" m="13929" /><D65/><U29/><E100/><V16/><F113/><W44/><G115/><T87/><D47/><U58/><E9/><V106/><F132/><W94/><G85/><T93/><D93/><U98/><E98/><V60/><F110/><W99/><G99/><T8/><D8/><U86/><E73/><V117/><F117/><W43/><REACH who="3" step="1"/><G54/><REACH who="3" ten="174,418,219,179" step="2"/><T102/><D87/><U12/><E86/><V133/><F81/><W17/><G17/><T105/><D105/><U123/><E83/><V28/><F106/><W69/><AGARI ba="2,1" hai="2,7,10,21,27,31,39,43,44,61,67,69,92,94" machi="69" ten="20,5200,0" yaku="1,1,0,1,7,1,53,1" doraHai="50" doraHaiUra="20" who="3" fromWho="3" sc="174,-15,418,-28,219,-15,179,68" /><INIT seed="2,0,0,2,2,132" ten="159,390,204,247" oya="2" hai0="15,131,27,35,32,85,3,111,75,77,122,26,65" hai1="61,117,92,50,34,100,108,103,73,87,10,41,120" hai2="109,12,106,56,63,86,71,2,66,91,43,64,118" hai3="17,135,9,11,62,112,48,16,36,37,47,97,107"/><V126/><F118/><W130/><G135/><T104/><D104/><U127/><E73/><V7/><F2/><W13/><G130/><T79/><D122/><U121/><E34/><V30/><F106/><W69/><G112/><T59/><D3/><U28/><E28/><V52/><F30/><W14/><G69/><T8/><D75/><U123/><E117/><V5/><F43/><W98/><G62/><T6/><D111/><U128/><E108/><V54/><F109/><W4/><G4/><N who="2" m="1609" /><F71/><W42/><REACH who="3" step="1"/><G107/><REACH who="3" ten="159,390,204,237" step="2"/><T22/><D131/><U115/><E115/><V88/><F63/><W99/><AGARI ba="0,1" hai="9,11,13,14,16,17,36,37,42,47,48,97,98,99" machi="99" ten="30,8000,1" yaku="1,1,2,1,0,1,9,1,54,1,53,0" doraHai="132" doraHaiUra="55" who="3" fromWho="3" sc="159,-20,390,-20,204,-40,237,90" /><INIT seed="3,0,0,4,5,29" ten="139,370,164,327" oya="3" hai0="13,39,4,70,101,72,38,79,82,27,117,97,43" hai1="15,49,14,77,71,106,57,129,112,83,109,59,18" hai2="11,19,60,127,6,74,10,9,64,34,20,80,125" hai3="120,121,96,21,24,95,88,53,8,40,89,2,65"/><W69/><G40/><T116/><D13/><U55/><E71/><V36/><F36/><N who="0" m="13866" /><D43/><U93/><E106/><V126/><F74/><W7/><G65/><T122/><D122/><U52/><E109/><V42/><F80/><W103/><G69/><T100/><D100/><U31/><E31/><V1/><F42/><W105/><G53/><T115/><D115/><U51/><E112/><V108/><F108/><W62/><G62/><T104/><D4/><U124/><E124/><V98/><F98/><W12/><G2/><T61/><D27/><U110/><E110/><V92/><F92/><W128/><G128/><T118/><D118/><U111/><E129/><V58/><REACH who="2" step="1"/><F34/><REACH who="2" ten="139,370,154,327" step="2"/><W66/><G121/><T46/><D117/><U22/><E111/><V78/><F78/><W26/><G120/><T48/><D116/><U3/><E93/><V63/><F63/><W119/><G119/><T87/><D72/><U37/><E37/><V91/><F91/><W130/><G130/><T16/><D79/><U102/><E102/><V23/><F23/><W50/><G21/><T134/><D82/><U133/><E83/><V44/><F44/><W132/><G89/><T123/><D123/><U41/><E77/><V68/><F68/><W25/><G88/><T56/><D70/><U107/><E41/><V67/><F67/><W84/><G66/><N who="0" m="39207" /><D87/><U99/><E99/><V54/><F54/><W47/><G84/><T85/><D85/><U35/><E55/><V0/><F0/><W114/><G95/><T5/><D97/><U30/><E3/><V113/><F113/><W81/><G114/><RYUUKYOKU ba="0,1" sc="139,-10,370,-10,154,30,327,-10" hai2="1,6,9,10,11,19,20,58,60,64,125,126,127" /><INIT seed="4,1,1,1,2,131" ten="129,360,184,317" oya="0" hai0="83,119,55,45,104,1,20,48,108,28,71,103,52" hai1="95,51,68,12,88,105,67,132,66,37,69,44,81" hai2="24,7,31,113,2,115,120,75,134,10,94,14,6" hai3="63,65,114,19,101,16,133,33,118,106,102,123,110"/><T54/><D1/><U112/><E105/><V78/><F75/><W46/><G33/><T77/><D119/><U62/><E37/><V56/><F78/><W18/><G118/><T5/><D71/><U74/><E112/><N who="2" m="43083" /><F94/><W124/><G110/><T17/><D5/><U128/><E128/><V40/><F56/><W23/><G23/><T80/><D28/><U135/><E81/><V117/><F40/><W86/><G106/><T4/><D4/><U97/><E74/><V3/><F117/><W0/><G0/><N who="2" m="41" /><F120/><W49/><G123/><T25/><D108/><U98/><E98/><V125/><F125/><W85/><G124/><T92/><D104/><U50/><E50/><V107/><F107/><W93/><G93/><T72/><REACH who="0" step="1"/><D83/><REACH who="0" ten="119,360,184,317" step="2"/><U43/><E69/><V57/><F6/><W53/><G114/><T8/><D8/><U87/><E68/><V9/><F9/><W99/><G19/><T13/><D13/><U30/><E12/><V70/><F70/><W22/><G16/><T36/><D36/><U126/><E30/><V100/><F7/><W34/><G18/><T121/><D121/><U96/><E126/><V109/><F10/><W122/><G122/><T89/><D89/><U61/><E88/><V82/><F82/><W116/><G116/><T90/><D90/><N who="1" m="53727" /><E96/><AGARI ba="1,2" hai="17,20,25,45,48,52,54,55,72,77,80,92,96,103" machi="96" ten="40,7700,0" yaku="1,1,54,1,53,1" doraHai="131" doraHaiUra="15" who="0" fromWho="1" sc="119,100,360,-80,184,0,317,0" /><INIT seed="4,2,0,3,1,83" ten="219,280,184,317" oya="0" hai0="10,60,119,37,101,95,71,48,23,3,12,122,15" hai1="75,26,2,21,57,132,74,131,90,103,17,117,109" hai2="72,31,43,104,128,81,87,93,114,68,53,107,76" hai3="121,11,14,77,18,59,58,62,112,63,99,67,123"/><T78/><D37/><U94/><E109/><V36/><F68/><W66/><G112/><T50/><D119/><U97/><E117/><V47/><F114/><W120/><G99/><T126/><D3/><U33/><E2/><V27/><F128/><W6/><REACH who="3" step="1"/><G77/><REACH who="3" ten="219,280,184,307" step="2"/><T25/><D78/><U100/><E97/><V30/><F76/><W85/><G85/><T16/><D126/><U118/><E118/><V64/><F87/><W127/><G127/><T51/><D122/><U41/><E131/><V39/><F72/><W91/><G91/><T113/><D113/><U124/><E90/><V1/><F107/><W61/><G61/><T8/><D60/><U108/><E124/><V35/><F104/><W52/><G52/><T4/><D71/><U55/><E55/><V106/><F53/><W32/><G32/><T7/><D101/><U96/><E100/><V111/><F35/><W40/><G40/><T56/><D56/><U19/><E57/><V34/><F43/><W42/><G42/><T65/><D65/><U45/><E33/><V44/><F64/><W98/><G98/><T73/><D73/><U38/><E108/><V133/><F34/><W13/><G13/><T49/><N who="0" m="12288" /><DORA hai="54" /><T129/><D129/><U0/><E0/><V5/><F1/><W89/><G89/><T88/><D88/><U28/><E75/><V69/><F111/><W105/><G105/><T86/><D86/><U80/><E74/><V29/><F106/><W125/><G125/><T20/><D95/><U9/><E94/><V102/><F93/><W82/><G82/><T70/><D70/><RYUUKYOKU ba="2,1" sc="219,15,280,-15,184,-15,307,15" hai0="4,7,8,10,12,15,16,20,23,25" hai3="6,11,14,18,58,59,62,63,66,67,120,121,123" /><INIT seed="4,3,1,2,4,23" ten="234,265,169,322" oya="0" hai0="70,74,14,60,30,2,38,9,133,61,113,82,58" hai1="69,67,120,13,33,116,45,107,81,93,99,18,8" hai2="16,95,101,0,84,29,43,66,54,5,24,17,109" hai3="83,4,1,110,21,135,128,119,35,44,50,46,88"/><T10/><D38/><U98/><E116/><V47/><F109/><W41/><G35/><T53/><D113/><U26/><E120/><V94/><F0/><W106/><G106/><T92/><D133/><U51/><E107/><V48/><F5/><W15/><G110/><T105/><D105/><U32/><E81/><V123/><F123/><W68/><G68/><T39/><D39/><U65/><E69/><V117/><F117/><W6/><G1/><T121/><D121/><U73/><E73/><V27/><F66/><W131/><G135/><T63/><D2/><U122/><E122/><V71/><F71/><W42/><G119/><T114/><D114/><U124/><E124/><V20/><F43/><W100/><G100/><T111/><D111/><U108/><E108/><V125/><F125/><W96/><G21/><T132/><D9/><U104/><E104/><V49/><F49/><N who="3" m="26767" /><G15/><T103/><D132/><U57/><E33/><V90/><REACH who="2" step="1"/><F27/><REACH who="2" ten="234,265,159,322" step="2"/><W64/><G64/><T79/><D70/><U34/><E26/><V87/><F87/><N who="3" m="50303" /><G96/><AGARI ba="3,2" hai="16,17,20,24,29,47,48,54,84,90,94,95,96,101" machi="96" ten="40,8000,1" yaku="1,1,8,1,52,1,54,1,53,0" doraHai="23" doraHaiUra="72" who="2" fromWho="3" sc="234,0,265,0,159,109,322,-89" /><INIT seed="5,0,0,5,1,85" ten="234,265,268,233" oya="1" hai0="65,55,15,134,95,103,23,9,78,66,87,17,73" hai1="121,11,12,129,26,44,110,48,40,7,61,58,46" hai2="93,60,14,31,62,56,43,28,106,115,18,131,96" hai3="114,51,16,8,42,86,52,127,45,92,94,118,84"/><U128/><E121/><V101/><F131/><N who="1" m="50249" /><E110/><V71/><F43/><W99/><G114/><T88/><D134/><U36/><E26/><V38/><F38/><W100/><G127/><T67/><D73/><U111/><E111/><V79/><F79/><W35/><G35/><T120/><D120/><U30/><E30/><V91/><F115/><W83/><G118/><T50/><D78/><U39/><E46/><V4/><F4/><W112/><G112/><T74/><D74/><U119/><E119/><V0/><F0/><W68/><G68/><T25/><D103/><U47/><E47/><V133/><F62/><W13/><G92/><T125/><D125/><U72/><E72/><V124/><F71/><W33/><G33/><T126/><D126/><U77/><E77/><V53/><F133/><W116/><G116/><T105/><D105/><U64/><AGARI ba="0,0" hai="7,11,12,36,39,40,44,48,58,61,64" m="50249" machi="64" ten="30,1500,0" yaku="19,1" doraHai="85" who="1" fromWho="1" sc="234,-5,265,15,268,-5,233,-5" /><INIT seed="5,1,0,1,2,22" ten="229,280,263,228" oya="1" hai0="53,83,70,61,74,76,105,92,58,46,90,112,65" hai1="118,41,121,109,62,95,79,126,27,14,129,107,69" hai2="45,84,57,106,0,50,35,85,66,1,7,24,16" hai3="81,23,36,122,135,55,21,98,68,17,80,97,89"/><U31/><E118/><V2/><F106/><W4/><G122/><T82/><D105/><U111/><E95/><V75/><F75/><W72/><G36/><T63/><D112/><U131/><E14/><V134/><F134/><W28/><G68/><T103/><D103/><U34/><E121/><V19/><F19/><W124/><G4/><T3/><D3/><U125/><E41/><V43/><F7/><W119/><G119/><T114/><D114/><U49/><E49/><V120/><F120/><W104/><G135/><T99/><D82/><U128/><E79/><V39/><F35/><W26/><G124/><N who="1" m="47722" /><E107/><V67/><F67/><AGARI ba="1,0" hai="27,31,34,62,67,69,109,111,128,129,131" m="47722" machi="67" ten="40,12000,1" yaku="19,1,18,1,23,1,52,1" doraHai="22" who="1" fromWho="2" sc="229,0,280,123,263,-123,228,0" /><INIT seed="5,2,0,2,0,108" ten="229,403,140,228" oya="1" hai0="74,64,123,19,68,43,12,63,34,86,104,130,96" hai1="0,57,2,24,125,38,101,107,69,105,77,88,120" hai2="128,5,98,8,28,37,25,90,16,103,85,21,124" hai3="53,110,126,129,102,59,82,113,93,45,66,62,14"/><U26/><E69/><V67/><F37/><W56/><G110/><T131/><D74/><U42/><E77/><V83/><F124/><W46/><G126/><T111/><D111/><U118/><E118/><V127/><F128/><N who="0" m="49194" /><D34/><U20/><E120/><V81/><F127/><W94/><G129/><T36/><D123/><U17/><E42/><V117/><F117/><W49/><G82/><T106/><D96/><U92/><E38/><V35/><F67/><W32/><G32/><T27/><D27/><U76/><E76/><V100/><F83/><W54/><G66/><T71/><D86/><U47/><E47/><V132/><F132/><W75/><G75/><T91/><D91/><U9/><E26/><V99/><F98/><W50/><G62/><T48/><D71/><U61/><E125/><V33/><F28/><W13/><REACH who="3" step="1"/><G102/><REACH who="3" ten="229,403,140,218" step="2"/><T116/><D116/><U73/><E73/><V30/><F103/><W40/><G40/><T44/><D36/><U29/><E101/><V79/><F79/><W18/><G18/><T1/><D63/><U70/><E61/><V72/><F72/><W4/><G4/><T3/><D64/><U89/><E17/><V114/><F30/><W80/><G80/><T134/><D134/><U58/><E29/><V23/><F35/><W119/><G119/><T95/><D19/><U87/><E70/><V78/><F33/><W7/><G7/><T97/><D43/><U60/><E60/><V65/><F65/><W135/><G135/><T41/><D41/><U10/><E89/><V39/><F90/><W31/><G31/><T55/><D48/><RYUUKYOKU ba="2,1" sc="229,-10,403,-10,140,-10,218,30" hai3="13,14,45,46,49,50,53,54,56,59,93,94,113" /><INIT seed="6,3,1,0,3,28" ten="219,393,130,248" oya="2" hai0="96,21,38,34,110,89,104,52,103,23,79,50,56" hai1="85,51,0,41,134,118,84,78,95,57,97,63,76" hai2="122,1,47,8,26,10,9,92,131,69,115,37,67" hai3="124,132,74,113,127,66,39,99,31,40,49,45,80"/><V33/><F122/><W55/><G74/><T30/><D110/><U17/><E0/><V59/><F115/><W119/><G80/><T120/><D38/><U14/><E134/><V36/><F69/><W12/><G31/><T22/><D79/><U111/><E111/><V126/><F131/><W7/><G119/><T108/><D108/><U123/><E118/><V15/><F1/><W94/><G66/><T105/><D120/><U3/><E3/><V58/><F126/><W90/><G132/><T106/><REACH who="0" step="1"/><D89/><REACH who="0" ten="209,393,130,248" step="2"/><U116/><E78/><V42/><F37/><W5/><G113/><T101/><D101/><U35/><E76/><V125/><F125/><W70/><G124/><T102/><D102/><U32/><E123/><V29/><F92/><W20/><G127/><T4/><D4/><U60/><E95/><V117/><F117/><W87/><G7/><T6/><D6/><U100/><E100/><V43/><F43/><W88/><G40/><T91/><D91/><U61/><E116/><V27/><F67/><W128/><G39/><T129/><D129/><U13/><E41/><V77/><F77/><W135/><G128/><T81/><D81/><U24/><E85/><V93/><F93/><W112/><G112/><T98/><D98/><U53/><E84/><V19/><REACH who="2" step="1"/><F27/><AGARI ba="3,2" hai="21,22,23,27,30,34,50,52,56,96,103,104,105,106" machi="27" ten="40,5200,0" yaku="1,1,52,1,54,1,53,0" doraHai="28" doraHaiUra="75" who="0" fromWho="2" sc="209,81,393,0,130,-61,248,0" /><INIT seed="7,0,0,3,1,5" ten="290,393,69,248" oya="3" hai0="93,92,63,122,4,74,43,72,0,14,37,86,9" hai1="103,95,134,108,101,52,117,62,102,33,110,49,111" hai2="131,7,91,30,132,84,112,50,8,31,53,88,57" hai3="80,127,29,25,109,125,3,87,75,133,82,116,64"/><W73/><G64/><T83/><D122/><U119/><E33/><V130/><F112/><W79/><G3/><T26/><D14/><U123/><E123/><V42/><F132/><W69/><G69/><T118/><D118/><N who="1" m="45067" /><E134/><V59/><F42/><W68/><G68/><T13/><D92/><U20/><E62/><V34/><F34/><W47/><G133/><T71/><D86/><U94/><E20/><V115/><F115/><W97/><G116/><T55/><D13/><U106/><E106/><V56/><F56/><AGARI ba="0,0" hai="49,52,56,94,95,101,102,103,108,110,111" m="45067" machi="56" ten="40,2600,0" yaku="12,1,54,1" doraHai="5" who="1" fromWho="2" sc="290,0,393,26,69,-26,248,0" owari="290,9.0,419,52.0,43,-46.0,248,-15.0" /></mjloggm>