<mjloggm ver="2.3"><GO type="97" lobby="0"/><UN n0="%E3%83%88%E3%83%88%E3%83%AA%E5%85%88%E7%94%9F%31%39%E6%AD%B3" n1="%E5%B0%8F%E6%89%8B%E8%BF%94%E6%92%B2%E6%BB%85%E4%BC%9A%E9%95%B7" n2="%E5%AE%9F%E5%8A%9B%E3%82%82%E9%81%8B%E3%81%AE%E3%81%86%E3%81%A1" n3="%E8%B5%A4%E3%81%84%E5%A4%9C" dan="15,14,14,14" rate="2011.80,1887.09,1837.54,1895.95" sx="F,M,M,F"/><TAIKYOKU oya="0"/><INIT seed="0,0,0,4,0,35" ten="250,250,250,250" oya="0" hai0="79,22,34,93,25,36,6,0,115,94,73,134,105" hai1="131,17,37,40,14,57,108,81,2,100,102,78,24" hai2="130,122,67,33,18,69,39,90,52,72,82,116,117" hai3="132,88,129,41,68,27,123,64,50,135,10,19,106"/><T114/><D105/><U49/><E37/><V59/><F122/><W12/><G123/><T20/><D36/><U7/><E131/><V13/><F33/><W126/><G129/><T86/><D34/><U21/><E108/><V104/><F130/><W124/><G106/><T111/><D111/><U5/><E2/><V23/><F104/><W43/><G27/><T121/><D121/><U77/><E77/><V44/><F72/><W84/><G68/><T113/><D134/><N who="3" m="51241" /><G64/><T96/><D73/><U97/><E24/><V107/><F107/><W98/><G98/><T31/><D22/><U55/><E40/><N who="3" m="15434" /><G50/><T15/><D15/><U62/><E49/><N who="2" m="31119" /><F39/><W63/><G63/><T125/><D125/><U46/><E46/><V83/><F44/><W51/><G51/><T45/><D45/><U119/><E119/><N who="2" m="45643" /><F90/><W30/><G30/><T53/><D113/><U85/><E97/><V61/><AGARI ba="0,0" hai="13,18,23,61,67,69,82,83" m="45643,31119" machi="61" ten="30,2000,0" yaku="12,1,54,1" doraHai="35" who="2" fromWho="2" sc="250,-10,250,-5,250,20,250,-5" /><INIT seed="1,0,0,2,3,82" ten="240,245,270,245" oya="1" hai0="105,98,21,40,16,57,55,9,20,58,95,92,91" hai1="36,135,27,46,61,87,129,93,131,84,53,83,8" hai2="116,81,120,45,89,69,110,60,59,5,72,134,14" hai3="47,64,2,0,106,75,124,101,126,133,28,90,33"/><U67/><E135/><V25/><F120/><W4/><G90/><T118/><D118/><U54/><E36/><V85/><F116/><W30/><G133/><T42/><D105/><U12/><E27/><V112/><F134/><W6/><G75/><T77/><D77/><U114/><E114/><V109/><F69/><W127/><G64/><T18/><D9/><U117/><E117/><V15/><F112/><W44/><G101/><T37/><D37/><U24/><E24/><V49/><F25/><N who="3" m="18575" /><G106/><T51/><D21/><U70/><E93/><V3/><F72/><W1/><G30/><T123/><D123/><U43/><E83/><V29/><F29/><W41/><G47/><T94/><D18/><N who="1" m="8455" /><E43/><N who="0" m="16425" /><D58/><U104/><E104/><V63/><F3/><W74/><G74/><T71/><D71/><U102/><E102/><V7/><F7/><N who="3" m="2603" /><G41/><T115/><D115/><U34/><E34/><V108/><F5/><W86/><G44/><T113/><D113/><U66/><E66/><N who="2" m="39199" /><F63/><W19/><G19/><T125/><D16/><U119/><E119/><V62/><F62/><W17/><G17/><T79/><D51/><N who="1" m="28919" /><E54/><AGARI ba="0,0" hai="14,15,45,49,54,81,85,89,108,109,110" m="39199" machi="54" ten="30,2000,0" yaku="14,1,52,1" doraHai="82" who="2" fromWho="1" sc="240,0,245,-20,270,20,245,0" /><INIT seed="2,0,0,1,3,99" ten="240,225,290,245" oya="2" hai0="0,131,108,67,119,11,5,105,1,115,94,28,64" hai1="80,100,24,60,40,46,21,124,51,18,58,4,133" hai2="22,50,6,56,109,2,8,113,30,127,102,83,128" hai3="57,62,104,71,68,70,117,63,122,59,121,107,43"/><V14/><F113/><W12/><G117/><T110/><D115/><U84/><E124/><V16/><F127/><W3/><G3/><T49/><D105/><U132/><E4/><V17/><F128/><W20/><G107/><T41/><D1/><U29/><E133/><V90/><F109/><N who="0" m="42090" /><D131/><U111/><E132/><V116/><F116/><W19/><G104/><T37/><D37/><U26/><E111/><V89/><F102/><W47/><G12/><T135/><D135/><U114/><E114/><V23/><F83/><W81/><G81/><T123/><D123/><N who="3" m="47113" /><G19/><T77/><D119/><U31/><E100/><V76/><F76/><W72/><G72/><T65/><D77/><U134/><E26/><V103/><F103/><W33/><G33/><T75/><D94/><U44/><E44/><V25/><F30/><W38/><G20/><T7/><D7/><U69/><E69/><N who="3" m="17666" /><W9/><DORA hai="39" /><G9/><T112/><D28/><U97/><E97/><V93/><F93/><W53/><G53/><T126/><D112/><U79/><REACH who="1" step="1"/><E134/><REACH who="1" ten="240,215,290,245" step="2"/><V55/><AGARI ba="0,1" hai="2,6,8,14,16,17,22,23,25,50,55,56,89,90" machi="55" ten="30,3000,0" yaku="0,1,54,1" doraHai="99,39" who="2" fromWho="2" sc="240,-10,215,-10,290,40,245,-10" /><INIT seed="2,1,0,4,1,41" ten="230,205,330,235" oya="2" hai0="124,57,65,74,24,131,56,92,6,118,134,109,103" hai1="100,102,78,39,63,91,17,99,22,84,23,36,19" hai2="30,96,68,40,119,64,72,133,85,77,110,9,58" hai3="130,126,129,94,122,18,73,44,89,60,106,25,87"/><V48/><F119/><W12/><G73/><T113/><D113/><U105/><E78/><V111/><F72/><W32/><G106/><T123/><D118/><U128/><E128/><N who="3" m="49258" /><G122/><T97/><D123/><U21/><E100/><V61/><F30/><N who="3" m="19535" /><G60/><T45/><D109/><N who="2" m="41482" /><F133/><W4/><G4/><T8/><D124/><U28/><E28/><V125/><F125/><W108/><G108/><T2/><D134/><U69/><E39/><V76/><F96/><W135/><G135/><T51/><D131/><U0/><E36/><V3/><F85/><W26/><G26/><T43/><D74/><U20/><N who="1" m="5632" /><DORA hai="120" /><U67/><REACH who="1" step="1"/><E0/><REACH who="1" ten="230,195,330,235" step="2"/><V5/><F68/><W132/><G132/><T55/><D24/><U31/><E31/><V112/><F112/><W13/><G126/><T88/><D103/><U38/><E38/><V81/><F81/><AGARI ba="1,1" hai="17,19,63,67,69,81,84,91,99,102,105" m="5632" machi="81" ten="50,3200,0" yaku="1,1,53,1" doraHai="41,120" doraHaiUra="79,11" who="1" fromWho="2" sc="230,0,195,45,330,-35,235,0" /><INIT seed="3,0,0,2,1,109" ten="230,240,295,235" oya="3" hai0="11,88,91,14,7,90,127,131,84,89,106,28,25" hai1="17,121,51,4,27,119,29,115,33,43,77,8,35" hai2="124,59,95,3,113,6,16,80,92,85,60,37,133" hai3="65,79,31,86,39,50,36,46,1,73,15,26,52"/><W104/><G104/><T114/><D106/><U19/><E77/><V20/><F113/><W122/><G122/><T108/><D131/><U57/><E43/><V41/><F124/><W18/><G73/><T24/><D108/><U64/><E64/><N who="2" m="38943" /><F37/><W58/><G1/><T98/><D127/><U116/><E57/><V125/><F3/><W48/><G65/><T82/><D114/><U61/><E51/><V62/><F6/><W123/><G123/><T87/><D98/><U13/><E61/><V38/><F38/><W34/><G79/><T105/><D105/><U97/><E97/><V93/><F125/><W32/><G86/><T81/><REACH who="0" step="1"/><D24/><REACH who="0" ten="220,240,295,235" step="2"/><N who="1" m="18599" /><E115/><V44/><F133/><W54/><REACH who="3" step="1"/><G34/><AGARI ba="0,1" hai="7,11,14,25,28,34,81,82,84,87,88,89,90,91" machi="34" ten="30,7700,0" yaku="1,1,7,1,9,1,54,1,53,0" doraHai="109" doraHaiUra="102" who="0" fromWho="3" sc="220,87,240,0,295,0,235,-77" owari="307,40.0,240,-16.0,295,10.0,158,-34.0" /></mjloggm>