<mjloggm ver="2.3"><GO type="41" lobby="0"/><UN n0="%E5%B0%B1%E6%B4%BB%E7%94%9F%40%E5%B7%9D%E6%9D%91%E8%BB%8D%E5%9B%A3" n1="%E2%98%86%43%50%59%E2%98%86" n2="%E5%8D%97%E6%B5%A6%E6%95%B8%E7%B5%B5" n3="%74%61%6B%6F%74%61%6B%6F" dan="16,14,14,13" rate="2171.14,1957.97,1897.86,1846.73" sx="M,F,F,M"/><TAIKYOKU oya="0"/><INIT seed="0,0,0,1,3,87" ten="250,250,250,250" oya="0" hai0="128,67,37,26,116,51,14,121,103,55,127,38,134" hai1="71,105,10,54,53,93,86,79,119,4,20,100,3" hai2="118,31,45,16,6,120,33,60,73,24,29,72,56" hai3="17,92,65,101,23,114,15,0,126,77,64,5,85"/><T107/><D121/><U2/><E119/><V111/><F118/><W83/><G114/><T7/><D116/><U74/><E71/><V18/><F120/><W95/><G126/><T78/><D127/><U42/><E42/><V59/><F111/><W49/><G0/><T102/><D128/><U25/><E3/><V35/><F6/><W131/><G5/><T98/><D134/><U112/><E112/><V50/><F60/><W28/><G131/><T80/><D67/><U52/><E105/><V88/><F50/><W19/><G28/><T91/><D103/><U40/><E40/><V94/><F94/><W34/><G34/><T47/><D26/><U84/><E74/><V132/><F45/><W130/><G130/><T11/><REACH who="0" step="1"/><D91/><REACH who="0" ten="240,250,250,250" step="2"/><U66/><E66/><V68/><F24/><N who="3" m="14447" /><G64/><T75/><AGARI ba="0,1" hai="7,11,14,37,38,47,51,55,75,78,80,98,102,107" machi="75" ten="20,3900,0" yaku="1,1,0,1,7,1,53,0" doraHai="87" doraHaiUra="129" who="0" fromWho="0" sc="240,49,250,-13,250,-13,250,-13" /><INIT seed="0,1,0,4,3,89" ten="289,237,237,237" oya="0" hai0="36,125,112,115,52,28,74,69,82,60,54,81,9" hai1="61,32,14,57,18,34,86,12,5,40,109,41,117" hai2="73,96,98,127,53,20,97,79,135,133,39,70,118" hai3="55,80,87,15,106,116,45,24,83,95,49,94,67"/><T107/><D107/><U17/><E117/><V110/><F70/><W75/><G116/><T99/><D36/><U42/><E109/><V8/><F118/><W25/><G106/><T30/><D125/><U0/><E0/><V102/><F39/><W126/><G126/><T105/><D9/><U48/><E48/><V108/><F127/><W19/><G67/><T72/><D69/><U29/><E86/><V4/><F20/><N who="3" m="11391" /><G75/><T11/><D11/><U47/><E47/><V123/><F123/><W44/><G44/><T88/><D60/><U120/><E120/><V119/><F119/><W2/><G2/><T77/><D105/><U7/><E29/><V90/><F53/><W6/><G6/><N who="1" m="2058" /><E61/><V100/><F8/><W26/><G80/><T93/><D112/><U76/><E57/><V103/><F4/><W121/><G121/><T58/><D115/><U13/><E76/><AGARI ba="1,0" hai="24,25,26,45,49,55,76,83,87,94,95" m="11391" machi="76" ten="30,3900,0" yaku="8,1,52,2" doraHai="89" who="3" fromWho="1" sc="289,0,237,-42,237,0,237,42" /><INIT seed="1,0,0,0,3,115" ten="289,195,237,279" oya="1" hai0="42,14,105,10,20,92,95,37,122,80,96,21,53" hai1="85,8,129,59,34,61,83,120,119,125,126,101,75" hai2="47,109,22,118,65,91,124,89,15,58,24,51,70" hai3="18,130,84,134,64,88,45,116,33,11,2,55,1"/><U35/><E120/><V99/><F70/><W12/><G33/><T6/><D105/><U71/><E71/><V36/><F36/><W5/><G116/><T78/><D122/><U39/><E39/><V131/><F118/><W72/><G72/><T54/><D37/><U43/><E43/><V38/><F38/><W9/><G134/><T112/><D42/><U46/><E46/><V32/><F109/><W0/><G130/><T103/><D95/><U132/><E119/><V62/><F124/><N who="1" m="47721" /><E129/><V107/><F131/><W69/><G64/><T123/><D123/><U29/><E132/><V30/><F107/><W113/><G69/><T19/><D112/><U128/><E128/><V13/><F32/><W3/><G113/><T48/><D48/><U16/><E75/><V25/><F25/><W104/><G104/><T111/><D111/><U41/><E101/><V73/><F73/><W86/><G86/><N who="0" m="48407" /><D21/><U97/><E97/><V133/><F133/><W114/><G114/><T60/><D60/><U17/><E41/><N who="2" m="25071" /><F91/><W82/><G0/><T94/><D94/><AGARI ba="0,0" hai="13,15,22,24,30,58,62,65,89,94,99" m="25071" machi="94" ten="30,1000,0" yaku="8,1" doraHai="115" who="2" fromWho="0" sc="289,-10,195,0,237,10,279,0" /><INIT seed="2,0,0,3,0,44" ten="279,195,247,279" oya="2" hai0="77,42,67,81,132,53,134,34,51,0,20,60,68" hai1="3,125,130,1,133,103,118,59,86,21,45,83,4" hai2="55,49,84,122,28,24,65,52,72,110,17,108,94" hai3="104,26,9,88,71,80,129,22,16,47,128,48,100"/><V63/><F72/><W27/><G71/><T131/><D34/><U92/><E118/><V117/><F122/><W19/><G100/><T79/><D0/><U43/><E130/><N who="3" m="50282" /><G104/><T33/><D131/><U70/><E70/><V62/><F117/><W40/><G9/><T15/><D33/><U107/><E107/><V41/><F17/><N who="3" m="6731" /><G22/><T6/><D20/><U76/><E125/><V98/><F84/><AGARI ba="0,0" hai="26,27,40,47,48,80,84,88" m="6731,50282" machi="84" ten="30,7700,0" yaku="19,1,52,1,54,2" doraHai="44" who="3" fromWho="2" sc="279,0,195,0,247,-77,279,77" /><INIT seed="3,0,0,5,1,2" ten="279,195,170,356" oya="3" hai0="37,51,113,114,111,46,101,33,89,45,73,95,75" hai1="118,76,15,94,130,49,123,52,4,34,69,115,72" hai2="132,125,68,112,9,5,99,107,85,12,119,122,16" hai3="53,11,26,24,126,86,83,84,78,32,7,19,135"/><W64/><G64/><T20/><D33/><U116/><E123/><V66/><F119/><N who="1" m="45609" /><E115/><N who="0" m="44041" /><D111/><U133/><E130/><V104/><F112/><W35/><G126/><T59/><D101/><U31/><E69/><V88/><F122/><W28/><G135/><T134/><D134/><U70/><E70/><V43/><F132/><W57/><G84/><N who="0" m="52647" /><D20/><U92/><E133/><V21/><F125/><W67/><G67/><T10/><D10/><N who="1" m="4551" /><E76/><V105/><F43/><W128/><G128/><T98/><D98/><U100/><E72/><N who="0" m="27721" /><D37/><U36/><E100/><V38/><F38/><W27/><G19/><T17/><D17/><U44/><E36/><V41/><F41/><W109/><G109/><T81/><D81/><U74/><E74/><V127/><F127/><W117/><G117/><T47/><D59/><U65/><E65/><V23/><F99/><W77/><G32/><T29/><D29/><U87/><E87/><V6/><F23/><W93/><G28/><T3/><D3/><U103/><E103/><V50/><F21/><W56/><G35/><T55/><AGARI ba="0,0" hai="45,46,47,51,55" m="27721,52647,44041" machi="55" ten="30,1100,0" yaku="11,1" doraHai="2" who="0" fromWho="0" sc="279,11,195,-3,170,-3,356,-5" /><INIT seed="4,0,0,4,3,57" ten="290,192,167,351" oya="0" hai0="111,10,117,44,70,60,112,67,93,14,125,30,61" hai1="5,121,133,6,62,110,85,106,39,74,65,52,103" hai2="35,116,46,107,76,71,12,28,63,134,43,31,19" hai3="98,130,132,0,27,50,96,120,33,49,99,29,24"/><T102/><D117/><U54/><E110/><V9/><F116/><W17/><G0/><T78/><D111/><U2/><E121/><V41/><F134/><W18/><G120/><T32/><D112/><U89/><E74/><V4/><F107/><W97/><G130/><T16/><D125/><U127/><E133/><V135/><F135/><W34/><G132/><T100/><D78/><U77/><E77/><V84/><F35/><W114/><G114/><T113/><D113/><U123/><E39/><V118/><F118/><W90/><G33/><T75/><D75/><U95/><E123/><V124/><F124/><W87/><N who="3" m="25088" /><DORA hai="21" /><W119/><G119/><T92/><D44/><U129/><E103/><N who="0" m="39465" /><D70/><U59/><E106/><V15/><F84/><W42/><G24/><T81/><D32/><U51/><E2/><V3/><F3/><W8/><G42/><T88/><D30/><U91/><E127/><V26/><F76/><W128/><G128/><T45/><D45/><U80/><E129/><V56/><F71/><W47/><G47/><T48/><D48/><U115/><E115/><V40/><F46/><W25/><G25/><T13/><D13/><U104/><E104/><V79/><F26/><W86/><G86/><N who="0" m="50255" /><D67/><U36/><E36/><V83/><F79/><W72/><G72/><T94/><AGARI ba="0,0" hai="10,14,16,60,61,92,93,94" m="50255,39465" machi="94" ten="30,12000,1" yaku="8,1,52,2,54,2" doraHai="57,21" who="0" fromWho="0" sc="290,120,192,-40,167,-40,351,-40" /><INIT seed="4,1,0,0,2,87" ten="410,152,127,311" oya="0" hai0="118,86,29,130,19,41,114,124,102,4,108,100,12" hai1="56,33,50,35,30,89,66,72,105,112,133,9,47" hai2="24,14,5,122,40,17,81,80,31,36,69,3,15" hai3="120,78,98,68,107,92,13,134,1,23,8,32,11"/><T70/><D70/><U99/><E133/><V22/><F69/><W21/><G68/><T28/><D118/><U97/><E72/><V123/><F40/><W37/><G37/><T135/><D114/><U82/><E112/><V129/><F36/><W77/><G107/><T43/><D124/><U49/><E9/><V25/><F80/><W46/><G134/><T121/><D121/><N who="2" m="46090" /><F81/><W111/><G111/><T131/><D108/><U91/><E82/><V110/><F110/><W90/><G32/><T10/><D135/><U53/><E66/><V109/><F109/><W96/><G120/><T6/><D86/><U127/><E127/><V27/><F129/><N who="0" m="49162" /><D29/><U48/><E48/><V125/><F125/><W71/><G71/><T2/><D28/><U67/><E67/><V61/><F61/><W57/><G46/><T65/><D65/><U0/><E0/><V62/><F62/><W79/><G57/><T117/><D117/><U128/><E128/><V45/><F45/><W58/><G58/><T106/><D106/><U54/><E30/><V88/><F31/><W51/><G51/><T104/><D104/><U101/><REACH who="1" step="1"/><E99/><REACH who="1" ten="410,142,127,311" step="2"/><V75/><F75/><W95/><G1/><T59/><D2/><U7/><E7/><V16/><F5/><N who="3" m="3215" /><G11/><T93/><D6/><U85/><E85/><V83/><F3/><W119/><G119/><T44/><D4/><U34/><AGARI ba="1,1" hai="33,34,35,47,49,50,53,54,56,89,91,97,101,105" machi="34" ten="30,8000,1" yaku="1,1,0,1,52,2,53,1" doraHai="87" doraHaiUra="103" who="1" fromWho="1" sc="410,-41,142,93,127,-21,311,-21" /><INIT seed="5,0,0,1,1,97" ten="369,235,106,290" oya="1" hai0="40,43,14,95,32,93,92,4,18,67,33,2,44" hai1="109,61,98,3,56,124,90,127,81,87,9,21,27" hai2="112,91,128,88,89,73,1,55,122,68,100,35,54" hai3="51,57,118,84,72,45,48,66,5,103,119,23,96"/><U34/><E34/><V101/><F35/><W105/><G72/><T8/><D67/><U132/><E132/><V13/><F1/><W46/><G5/><T82/><D82/><U86/><E86/><V38/><F122/><W126/><G126/><N who="1" m="48170" /><E109/><V104/><F38/><W83/><G23/><T129/><D129/><U6/><E98/><V69/><F128/><W49/><G66/><T7/><D43/><U47/><E47/><V108/><F104/><W39/><G57/><T50/><REACH who="0" step="1"/><D7/><REACH who="0" ten="359,235,106,290" step="2"/><U10/><E6/><V64/><F108/><W29/><G39/><T25/><D25/><U70/><E70/><N who="2" m="27243" /><F73/><W62/><G45/><T75/><D75/><U16/><E3/><V20/><F112/><W11/><G46/><T78/><D78/><U17/><E17/><V94/><F64/><AGARI ba="0,1" hai="9,10,16,21,27,56,61,64,81,87,90" m="48170" machi="64" ten="30,2900,0" yaku="18,1,54,1" doraHai="97" who="1" fromWho="2" sc="359,0,235,39,106,-29,290,0" /><INIT seed="5,1,0,3,0,91" ten="359,274,77,290" oya="1" hai0="53,89,109,71,59,56,111,81,62,97,126,99,114" hai1="92,118,28,61,103,52,95,36,49,47,11,41,80" hai2="127,55,57,46,40,124,30,102,101,131,50,19,105" hai3="134,20,70,135,130,45,132,37,77,133,123,66,7"/><U2/><E118/><V26/><F131/><W63/><G77/><T88/><D71/><U5/><E103/><V65/><F65/><W13/><G123/><T43/><D114/><U39/><E28/><V98/><F19/><W58/><G130/><T86/><D126/><U79/><E61/><V10/><F10/><W35/><G35/><T75/><D75/><N who="1" m="43135" /><E39/><V0/><F0/><W122/><G122/><T16/><D43/><U64/><E64/><V25/><F102/><W15/><G15/><T117/><D117/><U24/><E24/><V4/><F4/><W42/><G7/><T17/><D62/><U119/><E119/><V31/><F26/><W120/><G120/><T68/><D68/><U8/><E8/><V9/><F9/><W100/><G100/><T21/><D21/><U82/><E82/><V125/><REACH who="2" step="1"/><F25/><REACH who="2" ten="359,274,67,290" step="2"/><W3/><G3/><T106/><D106/><U107/><E107/><V33/><F33/><W23/><G13/><T69/><D17/><U83/><E83/><V6/><F6/><W74/><G20/><T116/><D81/><U12/><E12/><V60/><AGARI ba="1,1" hai="30,31,40,46,50,55,57,60,98,101,105,124,125,127" machi="60" ten="30,4000,0" yaku="1,1,0,1,18,1,53,0" doraHai="91" doraHaiUra="34" who="2" fromWho="2" sc="359,-11,274,-21,67,53,290,-11" /><INIT seed="6,0,0,5,3,4" ten="348,253,120,279" oya="2" hai0="30,1,114,78,19,73,2,110,28,42,96,50,65" hai1="35,59,31,104,85,127,3,36,123,49,5,100,133" hai2="56,53,76,84,116,77,29,105,119,97,113,48,80" hai3="91,44,130,63,122,62,135,22,46,45,93,6,21"/><V117/><F113/><W17/><G122/><T74/><D110/><U13/><E3/><V43/><F29/><W58/><G135/><T129/><D129/><U61/><E133/><V18/><F43/><W9/><G130/><T64/><D114/><U0/><E0/><V66/><F66/><W7/><G7/><T55/><D42/><U86/><E36/><V115/><F115/><W92/><G92/><T20/><D96/><U89/><E49/><V99/><F18/><W87/><G62/><T131/><D131/><U32/><E32/><V132/><F132/><W90/><G90/><T79/><D20/><U109/><E109/><V40/><F40/><W38/><G38/><T8/><D50/><U52/><E127/><V120/><F120/><W25/><G22/><T54/><D8/><U103/><E123/><V14/><F14/><W70/><G70/><T68/><D19/><U102/><E104/><V26/><F26/><W95/><G95/><T112/><D112/><U72/><E72/><V57/><F56/><W88/><G91/><T107/><D107/><U41/><E41/><V98/><REACH who="2" step="1"/><F76/><REACH who="2" ten="348,253,110,279" step="2"/><W108/><G108/><T47/><D47/><U101/><E31/><V33/><F33/><W118/><G45/><T11/><D30/><U16/><E35/><V94/><F94/><W27/><G27/><T106/><D28/><U126/><E126/><V51/><F51/><W111/><G111/><T128/><D78/><U71/><E71/><V67/><F67/><W24/><G24/><T23/><D79/><U82/><N who="1" m="25600" /><DORA hai="60" /><U121/><E121/><V75/><F75/><RYUUKYOKU ba="0,1" sc="348,-10,253,-10,110,30,279,-10" hai2="48,53,57,77,80,84,97,98,99,105,116,117,119" /><INIT seed="6,1,1,4,2,128" ten="338,243,140,269" oya="2" hai0="5,43,108,21,26,125,115,59,34,14,44,58,24" hai1="20,0,36,88,76,97,107,119,60,121,54,96,113" hai2="56,75,48,2,122,78,94,127,27,129,111,45,68" hai3="112,133,28,25,35,124,8,23,98,12,69,93,104"/><V99/><F122/><W86/><G69/><T134/><D108/><U38/><E119/><V63/><F111/><W72/><G72/><T80/><D134/><U71/><E113/><V101/><F129/><W33/><G104/><T95/><D125/><U65/><E121/><V89/><F127/><W90/><G133/><T15/><D115/><U114/><E114/><V61/><F2/><W85/><G112/><T62/><D34/><U66/><E66/><V18/><F68/><W40/><G124/><T3/><D3/><U57/><E0/><V4/><F4/><W7/><G40/><T135/><D135/><U70/><E76/><V17/><F78/><W9/><G8/><N who="0" m="4367" /><D95/><U82/><E71/><V117/><F75/><W130/><G130/><T46/><D80/><U50/><E20/><N who="2" m="13719" /><F17/><W39/><G39/><T105/><D105/><U64/><E64/><N who="2" m="38951" /><F63/><W132/><G132/><T30/><D26/><U22/><E22/><V81/><F81/><W103/><G86/><T19/><D43/><U37/><REACH who="1" step="1"/><E107/><REACH who="1" ten="338,233,140,269" step="2"/><V126/><F126/><W16/><G35/><T73/><D73/><U13/><E13/><V77/><F117/><W79/><G79/><T92/><D21/><U11/><E11/><V47/><F77/><W83/><G33/><T55/><D15/><U51/><E51/><V100/><F48/><W32/><REACH who="3" step="1"/><G32/><REACH who="3" ten="338,233,140,259" step="2"/><T6/><D30/><AGARI ba="1,3" hai="7,9,12,16,23,25,28,30,83,85,90,93,98,103" machi="30" ten="40,8000,1" yaku="1,1,2,1,8,1,54,1,53,0" doraHai="128" doraHaiUra="118" who="3" fromWho="0" sc="338,-83,233,0,140,0,259,113" /><INIT seed="7,0,0,3,5,105" ten="255,233,140,372" oya="3" hai0="82,30,75,38,21,28,61,55,76,80,131,125,47" hai1="109,8,86,102,49,126,114,24,52,70,17,90,103" hai2="79,65,129,101,68,41,77,5,12,6,74,37,132" hai3="116,98,100,46,20,44,14,16,66,81,26,133,92"/><W73/><G133/><T108/><D108/><U107/><E109/><V54/><F132/><W42/><G116/><T18/><D125/><U0/><E126/><V115/><F115/><W51/><G66/><T25/><D131/><U91/><E114/><V50/><F129/><W13/><G73/><T72/><D61/><U45/><E70/><V2/><F101/><W106/><G106/><T57/><D57/><U10/><E107/><V53/><F2/><W7/><G81/><T78/><D55/><U93/><E0/><V95/><F79/><W84/><G84/><T9/><D9/><U23/><E91/><V33/><F33/><W110/><G7/><T29/><D47/><U124/><E124/><V123/><F123/><W43/><G110/><T134/><D134/><U67/><E67/><V97/><F37/><AGARI ba="0,0" hai="13,14,16,20,26,37,42,43,44,46,51,92,98,100" machi="37" ten="30,2900,0" yaku="7,1,54,1" doraHai="105" who="3" fromWho="2" sc="255,0,233,0,140,-29,372,29" /><AGARI ba="0,0" hai="18,21,25,28,29,30,37,38,72,75,76,78,80,82" machi="37" ten="40,5200,0" yaku="9,1,52,2" doraHai="105" who="0" fromWho="2" sc="255,52,233,0,111,-52,401,0" owari="307,11.0,233,-17.0,59,-44.0,401,50.0" /></mjloggm>