<mjloggm ver="2.3"><GO type="169" lobby="0"/><UN n0="%43%50%30%33" n1="%E3%82%A6%E3%83%AB%E3%83%88%E3%83%A9%E7%AB%8B%E7%9B%B4" n2="%E3%81%AB%E3%81%9B%E6%82%9F%E7%A9%BA" n3="%75%65%73%68%6F%77" dan="16,17,17,16" rate="2152.49,2209.92,2167.23,2097.01" sx="M,M,M,M"/><TAIKYOKU oya="0"/><INIT seed="0,0,0,5,0,135" ten="250,250,250,250" oya="0" hai0="76,2,43,24,12,101,78,113,124,108,49,133,64" hai1="107,72,102,82,36,104,73,97,81,71,21,28,105" hai2="37,30,86,127,75,62,33,11,7,65,23,128,10" hai3="110,53,51,77,129,109,84,26,18,114,123,134,125"/><T74/><D2/><U61/><E21/><V112/><F112/><W9/><G134/><T16/><D113/><U95/><E28/><V79/><F37/><W38/><G38/><T52/><D43/><U46/><E61/><V67/><F75/><N who="1" m="28745" /><E46/><V132/><F132/><W27/><G114/><T120/><D120/><U57/><E57/><V13/><F128/><W96/><G129/><T8/><D64/><U89/><E71/><V47/><F47/><W68/><G68/><T117/><D117/><U5/><E5/><V88/><F79/><W121/><G96/><T0/><D0/><U34/><E34/><V41/><F41/><W106/><G9/><T69/><D69/><U126/><E36/><V63/><F127/><W60/><G77/><T39/><D124/><U3/><E3/><V99/><F99/><W70/><G125/><T22/><D39/><U54/><E54/><V116/><F116/><W45/><G121/><T29/><D74/><U15/><E15/><V25/><F33/><W17/><G53/><T44/><D133/><U35/><E35/><V59/><F11/><W55/><G55/><T115/><D115/><U48/><E48/><V50/><F50/><W80/><G51/><T83/><D49/><U4/><E4/><V100/><F63/><W91/><G60/><T66/><D8/><U111/><E126/><V118/><F118/><W42/><G42/><T92/><D44/><U94/><E111/><V20/><F65/><W131/><G110/><T14/><D108/><U56/><E56/><V1/><F67/><W32/><G109/><T31/><D66/><RYUUKYOKU ba="0,0" sc="250,-10,250,30,250,-10,250,-10" hai1="81,82,89,94,95,97,102,104,105,107" /><INIT seed="1,1,0,5,0,65" ten="240,280,240,240" oya="1" hai0="117,19,105,63,28,48,24,100,32,73,95,78,40" hai1="11,21,68,20,101,98,38,131,10,93,75,76,107" hai2="43,74,57,54,129,51,60,110,30,0,90,115,130" hai3="16,2,15,39,13,99,31,109,55,114,12,81,97"/><U37/><E131/><N who="2" m="50187" /><F0/><W1/><G114/><T5/><D5/><U25/><E68/><V118/><F74/><W119/><G119/><T83/><D117/><U42/><E75/><V103/><F103/><W9/><G39/><T85/><D19/><U82/><E107/><V128/><F118/><W127/><G109/><T27/><D27/><U79/><E38/><V94/><F30/><W86/><G127/><T22/><D32/><U67/><E67/><V41/><F128/><W111/><G111/><T106/><D63/><U45/><E21/><V108/><F115/><W50/><G31/><T134/><D134/><U124/><E124/><V121/><F121/><W113/><G1/><T66/><D66/><U59/><E59/><N who="2" m="33247" /><F90/><W46/><G2/><T84/><D106/><U52/><E52/><N who="2" m="33831" /><F94/><W135/><G135/><T88/><D105/><U26/><E26/><V72/><F72/><W132/><G132/><T123/><D123/><U49/><E82/><V64/><F64/><W18/><G113/><T125/><D125/><U4/><E79/><V34/><F34/><W44/><G44/><N who="0" m="25607" /><D73/><U116/><E76/><V47/><F41/><W58/><G58/><T89/><D78/><U126/><E126/><V102/><F102/><AGARI ba="1,0" hai="22,24,28,83,84,85,88,89,95,100,102" m="25607" machi="102" ten="30,2000,0" yaku="8,1,54,1" doraHai="65" who="0" fromWho="2" sc="240,23,280,0,240,-23,240,0" /><INIT seed="2,0,0,0,5,57" ten="263,280,217,240" oya="2" hai0="133,39,113,106,91,0,110,44,47,62,9,66,93" hai1="10,49,103,30,124,119,22,63,111,56,96,127,34" hai2="32,117,131,80,42,120,35,122,115,17,135,72,53" hai3="84,2,51,61,107,58,86,125,16,5,109,8,97"/><V81/><F117/><W70/><G125/><T52/><D106/><U92/><E34/><V11/><F115/><W112/><G109/><T50/><D110/><U69/><E69/><V88/><F42/><W21/><G112/><T98/><D113/><U60/><E111/><V85/><F131/><W45/><G70/><T104/><D104/><U114/><E119/><V102/><F102/><W79/><G79/><T100/><D133/><U18/><E114/><V126/><F135/><W129/><G129/><T74/><D74/><U55/><E30/><V87/><F72/><W105/><G105/><T132/><D132/><U89/><E10/><V75/><F75/><W76/><G97/><T95/><D9/><U43/><E43/><V71/><F71/><W116/><G107/><T101/><D0/><U59/><E103/><V67/><F67/><W15/><G76/><T65/><D65/><U77/><E77/><V19/><F11/><W123/><G123/><T27/><D39/><U68/><E68/><V46/><F46/><W33/><G33/><T121/><D47/><U7/><E7/><V24/><F24/><N who="3" m="14375" /><G2/><T64/><D121/><U99/><E99/><V6/><F6/><W20/><G20/><T118/><D118/><U78/><E78/><V108/><F108/><W82/><G82/><T40/><D101/><U94/><E94/><V4/><F4/><W31/><G31/><T83/><D83/><U13/><E59/><V128/><F128/><W36/><G36/><T1/><D100/><U54/><E54/><V14/><F53/><N who="3" m="33999" /><G116/><T37/><D37/><U90/><E90/><RYUUKYOKU ba="0,0" sc="263,-15,280,15,217,-15,240,15" hai1="13,18,22,49,55,56,60,63,89,92,96,124,127" hai3="5,8,15,45,51,84,86" /><INIT seed="3,1,0,5,3,92" ten="248,295,202,255" oya="3" hai0="74,40,51,18,102,80,77,2,122,65,28,90,98" hai1="69,123,23,48,114,127,7,70,99,50,83,135,55" hai2="26,58,95,14,57,128,61,100,22,81,1,13,36" hai3="119,35,10,38,9,78,93,116,11,67,91,43,73"/><W63/><G35/><T33/><D2/><U3/><E3/><V89/><F1/><W29/><G29/><T96/><D65/><U111/><E7/><V60/><F36/><W45/><G78/><T104/><D28/><U6/><E6/><V24/><F128/><W66/><G73/><T101/><D33/><U86/><E48/><V5/><F100/><W19/><G19/><T52/><D40/><U107/><E111/><V131/><F81/><W117/><REACH who="3" step="1"/><G63/><REACH who="3" ten="248,295,202,245" step="2"/><T21/><D122/><U82/><E123/><V56/><F131/><W105/><G105/><T88/><D18/><U134/><E107/><V110/><F110/><W25/><G25/><T132/><D132/><U34/><E34/><V129/><F129/><W39/><G39/><T30/><D30/><U97/><E135/><V32/><F32/><W108/><G108/><T103/><D104/><U121/><E134/><V68/><F26/><W12/><G12/><T85/><D74/><U0/><E121/><V15/><F5/><W109/><G109/><T59/><D21/><U115/><E23/><V46/><F24/><W106/><G106/><T53/><D77/><U124/><E0/><V8/><F22/><W112/><G112/><T64/><D90/><U71/><E115/><V118/><F61/><W41/><G41/><T72/><D72/><U20/><E20/><V133/><F60/><W79/><G79/><T62/><D51/><U87/><E114/><V37/><F37/><W126/><G126/><T125/><D125/><U75/><E127/><V16/><F133/><W42/><G42/><T49/><D49/><RYUUKYOKU ba="1,1" sc="248,15,295,-15,202,-15,245,15" hai0="52,53,59,62,64,80,85,88,96,98,101,102,103" hai3="9,10,11,38,43,45,66,67,91,93,116,117,119" /><INIT seed="3,2,1,0,4,10" ten="263,280,187,260" oya="3" hai0="27,5,104,114,116,82,115,90,105,38,75,80,48" hai1="135,128,0,100,8,101,130,89,134,109,24,91,99" hai2="117,60,59,28,16,108,126,26,68,131,52,1,50" hai3="76,57,45,120,111,3,74,22,96,11,87,47,71"/><W85/><G71/><T18/><D38/><U20/><E109/><V110/><F1/><W112/><G120/><T92/><D5/><N who="1" m="1063" /><E91/><V63/><F117/><W70/><G70/><T39/><D116/><U129/><E89/><V53/><F131/><W72/><G112/><N who="0" m="43051" /><D39/><U13/><E13/><V21/><F126/><W19/><G111/><N who="2" m="42537" /><F68/><W123/><G123/><T32/><D48/><U56/><E56/><N who="2" m="32823" /><F63/><W62/><G96/><T107/><D75/><U23/><E101/><V14/><F28/><W88/><G74/><T31/><D18/><N who="1" m="12311" /><E23/><V67/><F26/><W43/><G72/><T118/><D118/><U121/><E121/><V78/><F78/><W69/><G69/><T81/><D81/><U7/><E7/><V33/><F33/><W29/><G29/><T73/><D73/><U64/><E64/><AGARI ba="2,1" hai="14,16,21,52,59,60,64,67" m="32823,42537" machi="64" ten="30,7700,0" yaku="14,1,52,1,54,2" doraHai="10" who="2" fromWho="1" sc="263,0,280,-83,187,93,260,0" /><INIT seed="4,0,0,5,5,58" ten="263,197,280,260" oya="0" hai0="92,57,61,64,16,40,93,81,39,88,68,111,66" hai1="133,91,121,135,52,26,43,51,55,96,50,44,128" hai2="78,4,74,106,80,46,32,108,33,77,27,59,120" hai3="48,10,94,29,118,3,63,41,23,87,13,0,15"/><T112/><D112/><U124/><E121/><V105/><F120/><W85/><G118/><T127/><D127/><U54/><E26/><V72/><F108/><W84/><G0/><T97/><D111/><U25/><E25/><V7/><F59/><W65/><G3/><T28/><D28/><U101/><E91/><V71/><F27/><W60/><G65/><T126/><D126/><U100/><E124/><V31/><F80/><W45/><G29/><T1/><D1/><U95/><E101/><V38/><F31/><W70/><G70/><T129/><D68/><U99/><E99/><V130/><F71/><W109/><G109/><T125/><D66/><U103/><E103/><V73/><F46/><W132/><G132/><N who="1" m="50762" /><E128/><V114/><F130/><W98/><G23/><T30/><D30/><U67/><E67/><V102/><F102/><N who="3" m="60759" /><G15/><T22/><D129/><U19/><E19/><AGARI ba="0,0" hai="10,13,19,41,45,48,60,63,84,85,87" m="60759" machi="19" ten="30,3900,0" yaku="8,1,52,2" doraHai="58" who="3" fromWho="1" sc="263,0,197,-39,280,0,260,39" /><INIT seed="5,0,0,3,3,11" ten="263,158,280,299" oya="1" hai0="123,91,73,125,42,32,88,76,62,112,47,4,97" hai1="25,3,117,83,74,27,103,128,39,57,29,13,135" hai2="37,131,95,126,75,69,24,124,43,90,129,121,1" hai3="17,70,96,107,111,40,38,44,64,58,49,20,109"/><U72/><E3/><V132/><F1/><W7/><G7/><T5/><D32/><U98/><E117/><V18/><F69/><W26/><G107/><T48/><D125/><N who="2" m="48234" /><F121/><W127/><G127/><T99/><D112/><U87/><E39/><V81/><F43/><W102/><G96/><N who="0" m="36939" /><D76/><U35/><E128/><N who="2" m="49227" /><F37/><W21/><G102/><T8/><D73/><U0/><E135/><V22/><F75/><W77/><G77/><T120/><D62/><U105/><E0/><V101/><F101/><W134/><G134/><T100/><D100/><U28/><E57/><V116/><F116/><W78/><G78/><T53/><D42/><U71/><E71/><V122/><F122/><N who="0" m="46634" /><D5/><U55/><E55/><V14/><F81/><W51/><G70/><T50/><D48/><U9/><E87/><N who="2" m="52703" /><F132/><W118/><G118/><T94/><D94/><U23/><REACH who="1" step="1"/><E83/><REACH who="1" ten="263,148,280,299" step="2"/><V30/><F30/><N who="3" m="17735" /><G38/><T115/><D115/><U41/><E41/><V15/><AGARI ba="0,1" hai="14,15,18,22,24" m="52703,49227,48234" machi="15" ten="40,8000,1" yaku="18,1,19,1,52,2" doraHai="11" who="2" fromWho="2" sc="263,-20,148,-40,280,90,299,-20" /><INIT seed="6,0,0,0,0,82" ten="243,108,370,279" oya="2" hai0="111,18,64,19,11,29,17,49,7,63,31,108,129" hai1="109,60,44,27,41,104,42,103,92,69,89,112,87" hai2="101,56,120,71,126,90,73,86,66,51,28,13,48" hai3="131,14,106,79,35,118,70,22,132,0,78,57,8"/><V62/><F73/><W128/><G70/><T53/><D129/><N who="3" m="49737" /><G35/><T40/><D40/><U105/><E109/><V6/><F120/><W125/><G106/><T98/><D98/><U135/><E112/><V10/><F126/><W93/><G118/><T99/><D99/><U107/><E135/><V20/><F101/><W24/><G0/><T37/><D37/><U26/><E103/><V45/><F71/><W34/><G34/><T50/><D50/><U75/><E75/><V36/><F36/><W76/><G132/><T91/><D63/><U9/><E9/><V52/><F51/><W72/><G93/><T80/><D64/><U123/><E123/><V54/><F54/><W102/><G102/><T110/><D110/><U1/><E1/><V3/><F3/><W100/><G100/><T127/><D127/><U83/><E83/><N who="2" m="49503" /><F20/><W68/><G68/><T116/><D116/><U117/><E117/><V122/><F122/><W58/><G72/><T96/><D111/><U124/><E124/><V47/><F47/><W77/><N who="3" m="19456" /><DORA hai="133" /><W81/><G81/><T12/><D80/><U67/><REACH who="1" step="1"/><E42/><REACH who="1" ten="243,98,370,279" step="2"/><V30/><AGARI ba="0,1" hai="6,10,13,28,30,45,48,52,56,62,66" m="49503" machi="30" ten="30,6000,0" yaku="8,1,52,1,54,1" doraHai="82,133" who="2" fromWho="2" sc="243,-20,98,-20,370,70,279,-20" /><INIT seed="6,1,0,5,0,100" ten="223,78,440,259" oya="2" hai0="26,97,135,49,24,81,128,107,125,104,2,40,112" hai1="78,96,131,13,108,110,0,85,6,23,31,92,103" hai2="87,28,18,77,99,9,106,76,65,134,22,11,84" hai3="36,15,46,115,55,122,42,111,25,5,47,64,58"/><V19/><F134/><W60/><G25/><T1/><D135/><U17/><E131/><V33/><F33/><W66/><G5/><T38/><D97/><U59/><E78/><V32/><F32/><W82/><G82/><T102/><D102/><U7/><E0/><V56/><F106/><W120/><G15/><T41/><D81/><U62/><E110/><V69/><F69/><W129/><G111/><T54/><D49/><U123/><E108/><V105/><F105/><W70/><G129/><T53/><D128/><U117/><E117/><V90/><F28/><W37/><G115/><T74/><D112/><U132/><E132/><V30/><F30/><W21/><G21/><T118/><D74/><U130/><E130/><V75/><F22/><W68/><G120/><T8/><D8/><U34/><E34/><V45/><F9/><W116/><G116/><T71/><D38/><U101/><E123/><V4/><F11/><W57/><G122/><T127/><D71/><N who="3" m="27177" /><G57/><T80/><D80/><U43/><E31/><V114/><F56/><W3/><G3/><T10/><D10/><U109/><E109/><V29/><F4/><W16/><G16/><T72/><D72/><U93/><E43/><AGARI ba="1,0" hai="36,37,42,43,46,47,55,58,60,64,66" m="27177" machi="43" ten="30,8000,1" yaku="35,5" doraHai="100" who="3" fromWho="1" sc="223,0,78,-83,440,0,259,83" owari="223,-18.0,-5,-51.0,440,55.0,342,14.0" /></mjloggm>