<mjloggm ver="2.3"><GO type="169" lobby="0"/><UN n0="%E3%82%A6%E3%83%AB%E3%83%88%E3%83%A9%E7%AB%8B%E7%9B%B4" n1="%EF%BC%88%E2%88%AA%EF%BC%BE%CF%89%EF%BC%BE%EF%BC%89%E3%81%8A%EF%BC%81" n2="%E4%B8%AD%E6%9D%91%E8%B1%AA" n3="%48%69%64%64%65%6E" dan="16,16,18,16" rate="2099.36,2097.45,2257.67,2082.13" sx="M,M,M,M"/><TAIKYOKU oya="0"/><INIT seed="0,0,0,5,1,81" ten="250,250,250,250" oya="0" hai0="12,27,0,44,1,76,126,70,97,49,29,105,100" hai1="26,123,59,11,9,132,118,90,62,117,87,133,99" hai2="67,72,73,61,127,50,82,54,128,115,113,124,23" hai3="47,30,17,102,94,38,6,110,104,64,36,107,71"/><T3/><D126/><N who="2" m="48170" /><F23/><W33/><G110/><T39/><D70/><U93/><E123/><V19/><F19/><W20/><G94/><T56/><D12/><U55/><E26/><V34/><F34/><W63/><G6/><T40/><D76/><U66/><E11/><V109/><F109/><W92/><G92/><T89/><D89/><U13/><E66/><V8/><F8/><W53/><G104/><T51/><REACH who="0" step="1"/><D56/><REACH who="0" ten="240,250,250,250" step="2"/><U58/><E58/><V57/><F57/><W5/><G71/><T42/><D42/><U37/><E117/><V22/><F115/><W119/><G119/><T2/><N who="0" m="0" /><DORA hai="79" /><T43/><D43/><U77/><E118/><V10/><F113/><W52/><G102/><T74/><D74/><U95/><E77/><V135/><F72/><W134/><G5/><T60/><D60/><U121/><E13/><V69/><F61/><W46/><G63/><T15/><D15/><U116/><E116/><V24/><F73/><W65/><G64/><T125/><D125/><U7/><E62/><V85/><F67/><W108/><G65/><T96/><D96/><U25/><E99/><V35/><F69/><W32/><G108/><T83/><D83/><U45/><E59/><V18/><F82/><W101/><G101/><T41/><D41/><U98/><E98/><V88/><F88/><W16/><G53/><T120/><D120/><U122/><E122/><V80/><F80/><W111/><G52/><T48/><D48/><U91/><E55/><V130/><F50/><W68/><G111/><T106/><D106/><U4/><E121/><V112/><F54/><RYUUKYOKU ba="0,1" sc="240,30,250,-10,250,-10,250,-10" hai0="27,29,39,40,44,49,51,97,100,105" /><INIT seed="0,1,1,0,4,102" ten="270,240,240,240" oya="0" hai0="1,26,58,15,119,66,30,31,88,38,21,72,7" hai1="108,82,14,104,39,69,10,13,133,73,16,135,50" hai2="107,109,40,83,129,95,11,76,80,4,2,115,116" hai3="99,12,48,6,8,41,54,92,45,9,106,68,60"/><T78/><D119/><U98/><E39/><V20/><F115/><W103/><G9/><N who="0" m="4543" /><D72/><U114/><E69/><V77/><F109/><W49/><G68/><T97/><D38/><U101/><E108/><V25/><F129/><W56/><REACH who="3" step="1"/><G106/><REACH who="3" ten="270,240,240,230" step="2"/><T130/><D130/><U3/><E114/><V36/><F107/><W65/><G65/><T27/><D1/><U63/><E3/><V28/><F116/><W22/><G22/><T64/><D66/><U100/><E104/><V110/><F110/><W18/><G18/><T23/><D64/><U86/><E16/><V0/><F0/><W122/><G122/><T55/><D21/><U81/><E10/><V121/><F121/><W70/><G70/><T96/><D23/><U32/><E32/><V75/><F11/><W67/><G67/><T127/><D31/><U84/><E133/><V35/><F2/><W105/><G105/><T42/><D30/><U53/><E135/><V59/><F35/><W79/><G79/><T112/><D78/><U87/><E13/><V5/><F76/><W24/><G24/><T126/><D112/><U128/><E14/><V90/><F77/><W93/><G93/><T52/><D27/><U19/><E19/><V124/><F95/><W120/><G120/><T47/><D26/><U85/><E128/><V61/><F25/><W44/><G44/><T131/><D131/><U17/><E17/><V51/><F20/><W117/><G117/><T111/><D47/><U89/><E73/><V91/><F28/><W134/><G134/><T123/><D123/><U33/><E33/><V118/><F75/><RYUUKYOKU ba="1,2" sc="270,-10,240,-10,240,-10,230,30" hai3="6,8,12,41,45,48,49,54,56,60,92,99,103" /><INIT seed="1,2,2,4,5,116" ten="260,230,230,260" oya="1" hai0="46,90,95,107,114,45,36,71,111,49,106,91,96" hai1="127,0,56,133,10,2,40,101,51,4,93,39,62" hai2="108,124,99,94,64,113,110,117,38,28,68,41,43" hai3="58,84,31,115,104,85,13,103,12,128,70,25,102"/><U54/><E133/><V17/><F117/><W98/><G128/><T130/><D114/><U14/><E127/><V79/><F124/><W121/><G115/><T123/><D71/><U109/><E39/><V122/><F28/><W8/><G121/><T81/><D130/><U88/><E101/><V73/><F113/><W50/><G70/><T74/><D111/><N who="2" m="42538" /><F38/><W37/><G37/><T6/><D123/><U15/><E109/><V16/><F122/><W75/><G102/><T18/><D6/><U5/><E0/><V48/><F79/><W87/><G75/><T1/><D1/><U7/><E2/><V59/><F73/><W67/><G8/><T118/><D118/><U72/><E72/><V63/><F68/><W23/><REACH who="3" step="1"/><G67/><REACH who="3" ten="260,230,230,250" step="2"/><T97/><D74/><U86/><E10/><V100/><F100/><W82/><G82/><T35/><D81/><U61/><E40/><V89/><F41/><W132/><G132/><T112/><D36/><U33/><E4/><V53/><F64/><W60/><G60/><T27/><D112/><U126/><E126/><V24/><F43/><W105/><G105/><T131/><D106/><U52/><E62/><V42/><F42/><W135/><G135/><T120/><D107/><U69/><E69/><V29/><F63/><W66/><G66/><T19/><D131/><U57/><E7/><V26/><F26/><W34/><G34/><AGARI ba="2,3" hai="16,17,24,29,34,48,53,59,89,94,99" m="42538" machi="34" ten="30,2000,0" yaku="14,1,54,1" doraHai="116" who="2" fromWho="3" sc="260,0,230,0,230,56,250,-26" /><INIT seed="2,0,0,2,2,88" ten="260,230,286,224" oya="2" hai0="49,47,92,101,23,25,14,37,87,97,57,83,96" hai1="59,105,51,124,10,60,103,99,66,104,4,77,18" hai2="132,41,22,106,116,79,43,113,120,33,53,6,89" hai3="84,40,54,48,115,65,75,126,3,2,128,100,121"/><V8/><F33/><W73/><G121/><T81/><D37/><U71/><E124/><V127/><F106/><W31/><G126/><T90/><D14/><U135/><E135/><V36/><F113/><W123/><G123/><T133/><D57/><U7/><E104/><V67/><F116/><W95/><G115/><T9/><D9/><U28/><E77/><V35/><F35/><W108/><G108/><T32/><D32/><U64/><E64/><V78/><F67/><W52/><G75/><T82/><D133/><U62/><E28/><V1/><F120/><W27/><G73/><T12/><D12/><U111/><E51/><V69/><F69/><W107/><G107/><T11/><D11/><U5/><E18/><V50/><F132/><W16/><G65/><T34/><D34/><U55/><REACH who="1" step="1"/><E111/><REACH who="1" ten="260,220,286,224" step="2"/><V134/><F134/><W46/><G31/><N who="0" m="17855" /><D101/><U24/><E24/><V20/><F79/><W118/><G118/><T29/><D29/><U117/><E117/><V44/><F78/><W58/><G27/><T114/><D114/><U19/><E19/><V13/><F127/><W91/><G100/><T70/><D70/><U30/><E30/><V56/><F50/><N who="3" m="30999" /><G128/><T74/><D74/><U86/><E86/><V109/><F109/><W130/><G130/><T110/><D110/><U42/><E42/><AGARI ba="0,1" hai="42,47,49,81,82,83,87,90,92,96,97" m="17855" machi="42" ten="30,2000,0" yaku="8,1,52,1" doraHai="88" who="0" fromWho="1" sc="260,30,220,-20,286,0,224,0" /><INIT seed="3,0,0,0,0,0" ten="290,200,286,224" oya="3" hai0="41,14,49,107,135,53,55,134,63,113,80,56,42" hai1="35,15,111,13,17,83,6,104,96,47,62,95,85" hai2="12,10,66,25,129,90,128,119,114,7,50,98,75" hai3="11,74,133,61,68,77,31,115,8,5,122,76,127"/><W46/><G115/><T52/><D107/><U79/><E111/><V64/><F75/><W34/><G122/><T89/><D113/><U28/><E104/><V57/><F119/><W27/><G133/><N who="0" m="50699" /><D14/><U65/><E35/><V51/><F114/><W38/><G127/><T44/><D89/><U86/><E28/><V16/><F98/><W91/><G11/><T20/><D20/><U23/><E47/><V102/><F102/><W19/><G19/><T88/><D42/><U71/><E85/><AGARI ba="0,0" hai="41,44,49,52,53,55,56,63,80,85,88" m="50699" machi="85" ten="30,3900,0" yaku="20,1,54,2" doraHai="0" who="0" fromWho="1" sc="290,39,200,-39,286,0,224,0" /><INIT seed="4,0,0,4,0,22" ten="329,161,286,224" oya="0" hai0="27,123,77,92,68,100,29,65,81,58,101,102,32" hai1="130,71,134,113,39,23,42,99,103,129,114,75,24" hai2="60,34,125,93,59,127,110,118,85,107,50,53,10" hai3="41,15,109,49,67,78,89,18,61,91,84,88,79"/><T105/><D123/><U97/><E71/><V0/><F107/><W70/><G109/><T90/><D58/><U83/><E134/><V36/><F36/><W119/><G119/><T98/><D65/><U37/><E42/><V104/><F104/><W56/><G84/><T48/><D48/><U43/><E43/><V96/><F110/><W57/><G70/><T5/><D5/><U74/><E83/><V63/><F118/><W30/><G30/><T20/><D68/><U80/><E80/><V124/><F85/><W38/><G38/><T54/><D54/><U120/><E103/><V4/><REACH who="2" step="1"/><F34/><REACH who="2" ten="329,161,276,224" step="2"/><W25/><G78/><T46/><D32/><U86/><E86/><V87/><F87/><W82/><G79/><T44/><REACH who="0" step="1"/><D105/><REACH who="0" ten="319,161,276,224" step="2"/><U76/><E120/><V66/><F66/><W13/><G82/><T1/><D1/><U28/><E37/><V106/><F106/><W73/><G73/><AGARI ba="0,2" hai="20,27,29,44,46,73,77,81,90,92,98,100,101,102" machi="73" ten="40,3900,0" yaku="1,1,52,1,53,0" doraHai="22" doraHaiUra="12" who="0" fromWho="3" sc="319,59,161,0,276,0,224,-39" /><INIT seed="4,1,0,4,2,116" ten="378,161,276,185" oya="0" hai0="48,24,83,33,120,113,121,35,94,84,99,105,9" hai1="60,39,56,103,30,64,126,58,23,127,50,89,67" hai2="129,114,134,102,78,52,41,49,14,19,91,40,53" hai3="1,128,17,29,132,65,88,97,16,6,80,43,54"/><T55/><D105/><U76/><E103/><V108/><F108/><W77/><G128/><T25/><D9/><U104/><E104/><V81/><F114/><W59/><G132/><T110/><D113/><U86/><E76/><V46/><F102/><W74/><G29/><T5/><D5/><U70/><E30/><V79/><F129/><W115/><G115/><T10/><D10/><U4/><E23/><N who="2" m="11767" /><F134/><W13/><G43/><N who="2" m="16457" /><F53/><W95/><G65/><T15/><D35/><U18/><E4/><V118/><F118/><W98/><G1/><T73/><D73/><U37/><E18/><V123/><F123/><W34/><G34/><T63/><D33/><U3/><E3/><V31/><F31/><W69/><G69/><T44/><D121/><U101/><E101/><V38/><F38/><W93/><G13/><T133/><D120/><U45/><E86/><AGARI ba="1,0" hai="46,49,52,78,79,81,86,91" m="16457,11767" machi="86" ten="30,2000,0" yaku="8,1,54,1" doraHai="116" who="2" fromWho="1" sc="378,0,161,-23,276,23,185,0" /><INIT seed="5,0,0,1,2,97" ten="378,138,299,185" oya="1" hai0="50,17,68,89,13,32,59,36,19,22,20,75,33" hai1="123,117,41,55,108,82,107,80,132,86,95,106,7" hai2="12,135,96,51,99,40,25,73,44,53,26,116,78" hai3="54,34,56,101,133,60,45,104,29,3,98,65,105"/><U63/><E7/><V79/><F116/><W92/><G133/><T57/><D36/><U52/><E117/><V110/><F110/><W102/><G3/><T72/><D89/><U27/><E108/><V23/><F135/><W100/><G34/><T88/><D88/><N who="1" m="53655" /><E107/><V58/><F96/><W28/><G104/><T76/><D68/><U93/><E106/><V70/><F70/><W84/><G105/><T91/><D91/><U42/><E123/><V49/><F73/><W64/><G84/><T81/><D50/><U46/><E132/><V85/><F99/><W69/><G69/><T1/><D1/><U16/><E93/><V5/><F85/><W129/><G129/><T15/><D76/><U35/><E35/><V10/><REACH who="2" step="1"/><F26/><REACH who="2" ten="378,138,289,185" step="2"/><W18/><G98/><T83/><AGARI ba="0,1" hai="13,15,17,19,20,22,32,33,57,59,72,75,81,83" machi="83" ten="25,3200,0" yaku="0,1,22,2" doraHai="97" who="0" fromWho="0" sc="378,42,138,-16,289,-8,185,-8" /><INIT seed="6,0,0,0,0,35" ten="420,122,281,177" oya="2" hai0="65,114,56,25,57,90,30,53,103,88,28,9,113" hai1="17,2,20,125,5,3,134,7,27,64,91,101,85" hai2="16,34,12,44,119,41,42,59,24,104,38,129,135" hai3="112,58,108,13,78,94,115,54,111,100,132,123,130"/><V96/><F119/><W80/><G123/><T109/><D109/><U99/><E64/><V120/><F120/><W33/><G33/><T70/><D70/><U32/><E125/><V122/><F122/><W79/><G13/><T71/><D71/><U48/><E134/><V93/><F104/><W106/><G132/><T105/><D65/><U69/><E69/><V52/><F129/><W14/><G14/><T31/><D9/><U50/><E32/><V126/><F126/><W74/><G130/><T63/><D25/><U87/><E91/><V76/><F76/><W55/><G55/><N who="0" m="34239" /><D103/><U72/><E72/><V81/><F81/><N who="3" m="45271" /><G54/><T110/><D105/><U67/><E67/><V92/><F135/><W89/><G58/><T23/><D23/><U51/><E85/><V82/><F82/><W86/><G100/><T107/><D107/><U102/><E87/><V22/><F42/><W98/><G106/><T40/><D40/><U68/><E68/><V49/><F96/><W39/><G39/><T95/><D110/><AGARI ba="0,0" hai="79,80,86,89,94,98,108,110,111,112,115" m="45271" machi="110" ten="30,2000,0" yaku="34,2" doraHai="35" who="3" fromWho="0" sc="420,-20,122,0,281,0,177,20" /><INIT seed="7,0,0,3,1,110" ten="400,122,281,197" oya="3" hai0="51,74,44,13,119,9,134,59,49,17,100,69,0" hai1="120,58,40,67,57,89,90,73,117,52,68,66,86" hai2="20,62,31,63,114,113,3,76,10,133,79,39,75" hai3="102,55,84,122,38,61,93,98,21,19,46,14,28"/><W112/><G112/><N who="2" m="43113" /><F39/><W8/><G122/><T42/><D69/><U83/><E117/><V99/><F133/><W36/><G36/><T64/><D74/><U27/><E120/><V105/><F31/><W24/><G38/><T127/><D119/><U116/><E116/><V7/><F20/><W1/><G1/><T85/><D0/><U108/><E108/><V91/><F75/><W37/><G37/><T41/><D127/><U56/><E73/><V111/><F111/><W97/><G84/><T6/><D134/><U25/><E40/><V121/><F121/><W72/><G72/><T94/><D6/><U95/><E68/><V22/><F22/><W50/><G98/><N who="0" m="59479" /><D85/><U33/><E33/><V130/><F130/><W126/><G126/><T11/><D11/><U34/><E34/><V104/><F91/><W71/><G71/><T47/><D59/><U15/><E90/><V129/><F129/><W109/><G109/><T16/><D64/><U123/><E123/><V124/><F124/><W18/><G61/><N who="2" m="23049" /><F99/><W26/><G26/><T60/><D60/><U48/><E25/><V35/><F35/><W92/><G28/><T88/><D88/><U2/><E27/><V12/><F3/><W82/><G82/><T29/><D29/><U78/><E2/><V80/><F80/><W125/><G125/><T118/><D118/><U43/><E83/><V45/><F45/><W23/><G23/><T135/><D135/><U107/><E89/><V65/><F65/><W87/><G87/><T4/><AGARI ba="0,0" hai="4,9,13,16,17,41,42,44,47,49,51" m="59479" machi="4" ten="30,2000,0" yaku="8,1,54,1" doraHai="110" who="0" fromWho="0" sc="400,20,122,-5,281,-5,197,-10" owari="420,51.0,117,-38.0,276,8.0,187,-21.0" /></mjloggm>