<mjloggm ver="2.3"><GO type="41" lobby="0"/><UN n0="%E9%87%91%E3%81%AE%E7%B3%B8%E9%8A%80%E3%81%AE%E7%B3%B8" n1="%E5%B0%B1%E6%B4%BB%E7%94%9F%40%E5%B7%9D%E6%9D%91%E8%BB%8D%E5%9B%A3" n2="%67%65%68%65%68%65%77" n3="%E6%89%8B%E3%81%AA%E3%82%8A%E3%81%8B%E3%81%9A%E3%81%8D" dan="14,15,14,13" rate="1906.85,1960.04,1939.82,1866.71" sx="M,M,M,M"/><TAIKYOKU oya="0"/><INIT seed="0,0,0,0,0,94" ten="250,250,250,250" oya="0" hai0="58,97,35,108,69,7,65,47,45,61,20,134,18" hai1="91,120,3,82,83,57,73,123,127,87,63,98,8" hai2="129,16,106,54,103,28,52,36,49,80,124,2,34" hai3="121,126,66,12,130,71,81,135,15,51,9,19,14"/><T31/><D134/><U42/><E127/><V125/><F2/><W110/><G126/><N who="2" m="48745" /><F36/><W102/><G135/><T70/><D108/><U92/><E42/><V23/><F129/><W13/><G121/><T90/><D31/><U99/><E3/><V72/><F34/><W116/><G130/><T95/><D35/><U5/><E120/><V27/><F28/><W113/><G116/><T22/><D22/><U78/><E123/><V6/><F6/><W133/><G113/><T10/><D70/><U43/><E43/><V117/><F117/><W105/><G133/><T25/><D69/><U59/><E59/><V104/><F49/><W33/><G33/><T4/><D4/><U60/><E60/><V21/><F21/><W100/><G110/><T74/><D74/><U48/><E48/><V114/><F114/><W53/><G81/><T39/><D39/><U46/><E46/><V115/><F115/><W93/><G105/><N who="2" m="40553" /><F103/><W32/><G32/><T96/><D96/><U41/><E41/><V75/><F80/><W118/><G118/><T76/><D76/><U38/><E38/><V64/><F64/><W56/><REACH who="3" step="1"/><G93/><REACH who="3" ten="250,250,250,240" step="2"/><T68/><REACH who="0" step="1"/><D68/><REACH who="0" ten="240,250,250,240" step="2"/><U85/><E73/><AGARI ba="0,2" hai="16,23,27,52,54,72,73,75" m="40553,48745" machi="73" ten="40,5200,0" yaku="18,1,54,2" doraHai="94" who="2" fromWho="1" sc="240,0,250,-52,250,72,240,0" /><INIT seed="1,0,0,1,2,45" ten="240,198,322,240" oya="1" hai0="52,0,94,123,126,3,31,21,125,51,131,47,77" hai1="46,64,12,86,106,58,4,83,107,5,111,73,84" hai2="92,108,104,25,62,55,22,37,95,99,114,121,130" hai3="16,90,85,65,124,11,54,44,120,49,28,103,9"/><U101/><E111/><V75/><F75/><W53/><G120/><T100/><D131/><U81/><E73/><V15/><F121/><W105/><G124/><N who="0" m="47723" /><D77/><U57/><E46/><V18/><F37/><W88/><G65/><T33/><D33/><U87/><E12/><V36/><F114/><W93/><G105/><N who="1" m="39946" /><E64/><V24/><F36/><W19/><G103/><T14/><D123/><U10/><E101/><V35/><F130/><W2/><G2/><T76/><D76/><U59/><E10/><N who="3" m="3594" /><G28/><T78/><D78/><U71/><E71/><V96/><F104/><W115/><G115/><T43/><D43/><U38/><E38/><V132/><F35/><W79/><G79/><T69/><D69/><U113/><E113/><V56/><F132/><W128/><G128/><T66/><D66/><U63/><E63/><V1/><F1/><W39/><G39/><T80/><D80/><AGARI ba="0,0" hai="4,5,57,58,59,80,81,83,84,86,87" m="39946" machi="80" ten="40,3900,0" yaku="28,2" doraHai="45" who="1" fromWho="0" sc="240,-39,198,39,322,0,240,0" /><INIT seed="1,1,0,4,0,109" ten="201,237,322,240" oya="1" hai0="19,25,58,63,103,20,17,47,68,18,81,71,79" hai1="42,113,108,127,118,82,74,128,119,0,41,6,126" hai2="133,91,101,88,117,70,112,16,115,48,44,100,45" hai3="90,64,11,10,120,38,22,23,52,55,37,9,125"/><U78/><E108/><V96/><F117/><N who="1" m="44553" /><E6/><V59/><F133/><W92/><G120/><T1/><D1/><U66/><E0/><V49/><F70/><W69/><G125/><N who="1" m="47626" /><E66/><V131/><F131/><W132/><G132/><T40/><D71/><U13/><E128/><V43/><F59/><W107/><G107/><T122/><D68/><U83/><E13/><V4/><F4/><W104/><G104/><T111/><D122/><U50/><E50/><V65/><F65/><W85/><G69/><T32/><D111/><U97/><E97/><V106/><F16/><W105/><G64/><T67/><D32/><U27/><E27/><V29/><F29/><W7/><G7/><T86/><D103/><U61/><E61/><V54/><F101/><W30/><G105/><T33/><REACH who="0" step="1"/><D33/><REACH who="0" ten="191,237,322,240" step="2"/><U99/><E99/><V94/><REACH who="2" step="1"/><F91/><REACH who="2" ten="191,237,312,240" step="2"/><W8/><G90/><T93/><D93/><U116/><E116/><V35/><F35/><W3/><G92/><T102/><D102/><U46/><E83/><V75/><F75/><W5/><G3/><T14/><D14/><U34/><E34/><V121/><F121/><W77/><G5/><T60/><D60/><U73/><E74/><V134/><F134/><W24/><G24/><T2/><D2/><U135/><E135/><V36/><F36/><AGARI ba="1,2" hai="17,18,19,20,25,36,40,47,58,63,67,79,81,86" machi="36" ten="30,2000,0" yaku="1,1,7,1,53,0" doraHai="109" doraHaiUra="26" who="0" fromWho="2" sc="191,43,237,0,312,-23,240,0" /><INIT seed="2,0,0,5,0,120" ten="234,237,289,240" oya="2" hai0="128,112,74,113,69,2,111,97,55,83,90,35,5" hai1="122,28,42,58,80,73,131,57,38,19,87,14,40" hai2="95,46,123,66,13,89,39,45,100,4,3,72,115" hai3="127,117,70,10,78,135,6,108,130,81,33,98,8"/><V17/><F123/><W48/><G117/><T60/><D35/><U22/><E73/><V133/><F72/><W23/><G33/><T1/><D5/><U20/><E122/><V85/><F115/><W50/><G135/><T71/><D55/><U51/><E131/><V26/><F133/><W103/><G130/><T56/><D128/><U18/><E38/><V132/><F132/><W125/><G70/><T109/><D56/><U29/><E51/><V59/><F3/><N who="0" m="1034" /><D90/><U121/><E121/><V134/><F134/><W102/><G23/><T107/><D60/><U27/><E87/><V82/><F39/><W30/><G30/><T64/><D64/><U31/><E80/><V44/><F26/><W92/><G81/><T119/><D119/><U49/><REACH who="1" step="1"/><E49/><REACH who="1" ten="234,227,289,240" step="2"/><V99/><F4/><W91/><G6/><T32/><D83/><U47/><E47/><V7/><F7/><W126/><G50/><T106/><D74/><U12/><E12/><V68/><F68/><N who="0" m="26186" /><D97/><U54/><E54/><V41/><F41/><AGARI ba="0,1" hai="14,18,19,20,22,27,28,29,31,40,41,42,57,58" machi="41" ten="40,8000,1" yaku="1,1,8,1,53,3" doraHai="120" doraHaiUra="25" who="1" fromWho="2" sc="234,0,227,90,289,-80,240,0" /><INIT seed="3,0,0,2,1,58" ten="234,317,209,240" oya="3" hai0="126,18,46,110,52,35,15,84,2,60,29,41,49" hai1="51,45,78,69,118,121,61,105,9,6,33,28,42" hai2="86,88,122,80,132,124,21,19,70,25,125,17,22" hai3="54,75,101,32,65,128,48,90,104,87,10,127,106"/><W8/><G75/><T57/><D110/><U100/><E121/><V74/><F70/><W30/><G128/><T77/><D126/><N who="2" m="48746" /><F122/><W123/><G123/><T68/><D2/><U55/><E118/><V11/><F74/><W89/><G127/><T16/><D35/><U64/><E78/><V5/><F132/><W82/><G65/><T131/><D29/><U66/><E66/><V63/><F63/><W27/><G90/><T93/><D131/><U20/><E33/><V3/><F21/><W44/><REACH who="3" step="1"/><G101/><REACH who="3" ten="234,317,209,230" step="2"/><T76/><D68/><U112/><E100/><V23/><F23/><W91/><G91/><N who="0" m="53479" /><D18/><AGARI ba="0,1" hai="3,5,11,17,18,19,22,25,80,86,88" m="48746" machi="18" ten="30,2000,0" yaku="18,1,54,1" doraHai="58" who="2" fromWho="0" sc="234,-20,317,0,209,30,230,0" /><INIT seed="4,0,0,3,1,18" ten="214,317,239,230" oya="0" hai0="60,59,13,128,8,6,40,12,3,75,113,55,92" hai1="108,15,119,50,112,100,11,42,132,38,49,48,118" hai2="116,46,66,2,94,72,32,5,111,124,29,93,89" hai3="26,69,27,25,121,14,95,51,67,123,65,24,45"/><T134/><D128/><U85/><E108/><V104/><F104/><W71/><G14/><T106/><D134/><U53/><E112/><V58/><F116/><W87/><G95/><T78/><D106/><U76/><E132/><V122/><F111/><W64/><N who="3" m="6656" /><DORA hai="114" /><W9/><G9/><T133/><D113/><U97/><E53/><V57/><F72/><W20/><G87/><T52/><D133/><U130/><E130/><V70/><F89/><W61/><G61/><T77/><D40/><U33/><E33/><V131/><F5/><W91/><G91/><T21/><D3/><U90/><E76/><N who="0" m="29289" /><D92/><U102/><E42/><V99/><F2/><W43/><REACH who="3" step="1"/><G20/><REACH who="3" ten="214,317,239,220" step="2"/><T86/><D75/><U83/><E100/><V1/><F131/><W17/><G17/><N who="0" m="10407" /><D86/><U7/><E102/><V23/><F23/><W22/><G22/><T110/><D110/><U54/><E97/><V73/><F99/><W79/><G79/><T126/><D126/><U68/><E85/><V47/><F124/><W35/><G35/><T44/><D44/><U109/><E109/><V96/><F96/><W28/><G28/><T19/><D19/><U56/><E90/><V98/><F98/><W135/><G135/><T10/><D10/><U84/><E11/><V81/><F29/><W4/><G4/><T82/><D82/><U101/><E7/><V105/><F81/><W36/><G36/><T39/><D39/><U127/><E38/><V63/><F32/><W125/><G125/><T0/><D0/><U41/><E127/><V120/><F93/><W62/><G62/><T103/><D103/><RYUUKYOKU ba="0,1" sc="214,15,317,-15,239,-15,220,15" hai0="6,8,13,52,55,59,60" hai3="43,45,51,64,65,67,69,71,121,123" /><INIT seed="4,1,1,3,4,133" ten="229,302,224,235" oya="0" hai0="19,93,83,56,52,77,127,15,110,75,5,81,71" hai1="123,36,0,125,47,117,25,119,11,45,86,58,20" hai2="124,26,35,105,91,14,107,44,65,100,122,16,61" hai3="8,79,68,106,109,130,21,95,18,48,34,134,41"/><T111/><D127/><U121/><E58/><V74/><F122/><W82/><G106/><T128/><D71/><U114/><E86/><V73/><F124/><W63/><G34/><T13/><D5/><U31/><E125/><V80/><F44/><W32/><G32/><T132/><D128/><U22/><E114/><V29/><F91/><W126/><G134/><T28/><D28/><U72/><E72/><V49/><F49/><W101/><G130/><T131/><D132/><U23/><E36/><V10/><F80/><W55/><G126/><T88/><D83/><U57/><E57/><V42/><F42/><W67/><G8/><T102/><D102/><U96/><E96/><N who="2" m="61575" /><F107/><W92/><G109/><N who="0" m="41483" /><D19/><U50/><E47/><V84/><F84/><W30/><G30/><T54/><D131/><U76/><E76/><V17/><F17/><W113/><G113/><T78/><D78/><U66/><E66/><V94/><F94/><W43/><G43/><T9/><D9/><U85/><E85/><V4/><F4/><W2/><G41/><T40/><D40/><U129/><E129/><V33/><F35/><W27/><G2/><T112/><D112/><U6/><E50/><V37/><F37/><W90/><G101/><T46/><D46/><U51/><E51/><V38/><F38/><W70/><G70/><AGARI ba="1,1" hai="10,14,16,26,29,33,61,65,70,73,74" m="61575" machi="70" ten="30,2000,0" yaku="25,1,54,1" doraHai="133" who="2" fromWho="3" sc="229,0,302,0,224,33,235,-23" /><INIT seed="5,0,0,0,0,49" ten="229,302,257,212" oya="1" hai0="48,79,85,27,39,97,132,13,89,65,70,135,95" hai1="52,86,115,125,32,123,56,23,131,64,58,99,54" hai2="66,88,2,121,1,44,19,100,5,29,4,33,53" hai3="24,7,110,92,81,55,133,63,91,71,47,18,76"/><U28/><E123/><V90/><F121/><W118/><G110/><T113/><D39/><U34/><E115/><V103/><F66/><W87/><G133/><T74/><D113/><U35/><E125/><V16/><F33/><W127/><G118/><T96/><D65/><U84/><E131/><V101/><F29/><W3/><G127/><T42/><D70/><U8/><E64/><V106/><F106/><W59/><G71/><T38/><D38/><U80/><E99/><V122/><F122/><W83/><G47/><T78/><D27/><U111/><E111/><V31/><F31/><W108/><G108/><T0/><D13/><U93/><E8/><V46/><F101/><W130/><G130/><T119/><D0/><U60/><E93/><V104/><F104/><W57/><G76/><N who="0" m="29227" /><D48/><U67/><E80/><V22/><F22/><W105/><G105/><T114/><D42/><U107/><E107/><V37/><F37/><W12/><G3/><T40/><D40/><U75/><E75/><V129/><F129/><W116/><G116/><T9/><D9/><U21/><E67/><V6/><F6/><W128/><G128/><T30/><D30/><U134/><E134/><N who="0" m="51241" /><D114/><U73/><E73/><V98/><F98/><N who="0" m="37994" /><D74/><U15/><E15/><V45/><F44/><W124/><G124/><T41/><D41/><U25/><REACH who="1" step="1"/><E23/><REACH who="1" ten="229,292,257,212" step="2"/><V43/><REACH who="2" step="1"/><F43/><REACH who="2" ten="229,292,247,212" step="2"/><W126/><G126/><T94/><D119/><U14/><E14/><V109/><F109/><W11/><G12/><T51/><D95/><U77/><E77/><V62/><F62/><AGARI ba="0,2" hai="21,25,28,32,34,35,52,54,56,58,60,62,84,86" machi="62" ten="40,18000,2" yaku="1,1,9,1,52,2,54,1,53,1" doraHai="49" doraHaiUra="26" who="1" fromWho="2" sc="229,0,292,200,247,-180,212,0" /><INIT seed="5,1,0,0,2,121" ten="229,492,67,212" oya="1" hai0="9,123,47,25,107,37,127,102,105,7,75,99,6" hai1="106,82,58,57,89,3,83,35,66,125,122,32,67" hai2="31,104,114,23,93,36,71,110,28,98,62,132,50" hai3="113,134,48,85,54,72,87,69,101,60,20,51,43"/><U84/><E3/><V79/><F36/><W103/><G72/><T26/><D6/><U53/><E106/><V97/><F114/><W111/><G113/><T78/><D26/><U0/><E0/><V86/><F132/><W16/><G111/><T49/><D127/><U8/><E122/><V41/><F110/><W65/><G134/><T44/><D49/><U94/><E125/><V76/><F71/><W30/><G30/><T15/><D47/><U116/><E116/><V117/><F117/><W108/><G108/><T5/><D5/><U129/><E129/><V96/><F104/><W131/><G131/><T34/><D107/><U52/><E8/><V77/><F62/><W40/><G87/><T74/><D78/><U13/><E13/><V38/><F38/><W112/><G112/><T24/><D24/><U59/><E32/><V109/><F109/><W4/><G4/><T29/><D123/><U14/><E14/><V27/><F31/><W64/><G64/><N who="1" m="24618" /><E35/><V46/><REACH who="2" step="1"/><F86/><REACH who="2" ten="229,492,57,212" step="2"/><W88/><G69/><T18/><D74/><U81/><AGARI ba="1,1" hai="52,53,57,58,59,81,82,83,84,89,94" m="24618" machi="81" ten="40,3900,0" yaku="8,1,54,1" doraHai="121" who="1" fromWho="1" sc="229,-14,492,52,57,-14,212,-14" /><INIT seed="5,2,0,2,5,69" ten="215,544,43,198" oya="1" hai0="38,21,68,13,81,93,30,56,86,85,52,54,41" hai1="29,127,4,132,61,80,14,109,37,53,39,9,101" hai2="123,124,89,34,42,133,7,58,45,2,108,126,1" hai3="74,111,62,5,32,57,44,76,18,55,48,135,105"/><U91/><E109/><V115/><F89/><W67/><G111/><T98/><D68/><U51/><E127/><V12/><F58/><W63/><G135/><T73/><D73/><U11/><E101/><V65/><F65/><W113/><G105/><T28/><D86/><U20/><E132/><V17/><F45/><W90/><G113/><T94/><D54/><U31/><E61/><V107/><F42/><W99/><G32/><T106/><D106/><U43/><E43/><V46/><F46/><W70/><G5/><T71/><D71/><U36/><E20/><V78/><F78/><W40/><G74/><T129/><D129/><U128/><E11/><V47/><F47/><W15/><G76/><T130/><D130/><U96/><E128/><V24/><F107/><W49/><G99/><T120/><D120/><U92/><REACH who="1" step="1"/><E80/><REACH who="1" ten="215,534,43,198" step="2"/><V50/><F108/><W122/><G122/><T8/><D41/><U16/><E16/><V95/><F133/><W3/><G40/><T0/><D21/><U119/><E119/><V60/><F123/><W10/><G63/><T72/><D81/><U84/><E84/><V23/><F60/><W26/><G62/><T35/><D85/><U97/><E97/><V27/><F115/><W116/><G70/><T103/><D98/><U125/><E125/><V79/><F126/><W112/><G67/><T77/><D103/><U59/><AGARI ba="2,1" hai="4,9,14,29,31,36,37,39,51,53,59,91,92,96" machi="59" ten="30,12000,1" yaku="1,1,0,1,52,3,53,0" doraHai="69" doraHaiUra="121" who="1" fromWho="1" sc="215,-42,534,136,43,-42,198,-42" /><INIT seed="5,3,0,3,4,119" ten="173,670,1,156" oya="1" hai0="110,102,63,79,62,52,45,113,19,80,49,15,25" hai1="24,133,3,11,54,74,29,31,35,129,125,43,122" hai2="5,101,55,38,100,8,4,42,47,120,131,78,96" hai3="128,118,109,98,97,14,1,6,75,34,18,77,114"/><U7/><E122/><V116/><F116/><W66/><G118/><T111/><D110/><U107/><E74/><V28/><F131/><W89/><G114/><T56/><D113/><U134/><E107/><V70/><F70/><W91/><G128/><T67/><D111/><U12/><E43/><V123/><F55/><W87/><G34/><T10/><D102/><U84/><E84/><V2/><F4/><W26/><G6/><T33/><D33/><U83/><E83/><V64/><F100/><W76/><G1/><T21/><D63/><U95/><E95/><V51/><F51/><W130/><G109/><T135/><D135/><N who="1" m="51723" /><E54/><V72/><F64/><W27/><G130/><T104/><D104/><U68/><E68/><V57/><F57/><W124/><G124/><T88/><D79/><U39/><E39/><V30/><F30/><W126/><G75/><T115/><D115/><U85/><E85/><V108/><F28/><W82/><G126/><T41/><D80/><U37/><E37/><V9/><F9/><N who="3" m="6479" /><G66/><T16/><REACH who="0" step="1"/><D88/><REACH who="0" ten="163,670,1,156" step="2"/><N who="3" m="33865" /><G77/><T69/><D69/><U127/><E129/><V22/><F108/><W117/><G117/><T99/><D99/><AGARI ba="3,1" hai="26,27,76,82,87,97,98,99" m="33865,6479" machi="99" ten="30,2000,0" yaku="8,1,54,1" doraHai="119" who="3" fromWho="0" sc="163,-29,670,0,1,0,156,39" /><INIT seed="6,0,0,5,2,8" ten="134,670,1,195" oya="2" hai0="112,115,130,93,12,74,105,36,3,72,35,116,33" hai1="32,82,31,30,88,106,7,127,92,99,48,108,6" hai2="39,70,10,124,61,101,29,22,125,21,47,45,129" hai3="44,76,67,103,25,98,14,4,38,86,114,68,78"/><V16/><F101/><W95/><G114/><N who="0" m="43563" /><D93/><U59/><E108/><V65/><F129/><W18/><G68/><T111/><D12/><U49/><E127/><N who="2" m="48715" /><F39/><W126/><G67/><T58/><D58/><U71/><E106/><V121/><F121/><W53/><G126/><T43/><D105/><U27/><E71/><V107/><F107/><W128/><G128/><T69/><D130/><U24/><E82/><V13/><F22/><W54/><G38/><T84/><D84/><U91/><E91/><V42/><F42/><W110/><G110/><T64/><D111/><U20/><E49/><V11/><F11/><N who="3" m="4455" /><G86/><T80/><D80/><U28/><E28/><V37/><F37/><W15/><G25/><AGARI ba="0,0" hai="10,13,16,21,25,29,45,47,61,65,70" m="48715" machi="25" ten="30,5800,0" yaku="18,1,52,1,54,1" doraHai="8" who="2" fromWho="3" sc="134,0,670,0,1,58,195,-58" /><INIT seed="6,1,0,0,3,99" ten="134,670,59,137" oya="2" hai0="43,114,25,8,91,30,120,6,73,46,37,100,67" hai1="22,52,59,87,106,27,93,101,21,57,97,70,61" hai2="130,126,47,11,83,35,96,75,5,118,81,64,0" hai3="32,41,71,129,90,56,82,39,17,24,44,2,20"/><V7/><F118/><W135/><G129/><T60/><D114/><U98/><E70/><V1/><F130/><W40/><G135/><T107/><D91/><U85/><E59/><V18/><F126/><W115/><G71/><N who="0" m="42471" /><D8/><U111/><E111/><V13/><F35/><W134/><G2/><T65/><D6/><U36/><E36/><V26/><F64/><W79/><G134/><T72/><D65/><U80/><E80/><V54/><F75/><W42/><G115/><T23/><D23/><U122/><E122/><V28/><F96/><W19/><G90/><T29/><D29/><U103/><E21/><N who="2" m="11471" /><F7/><W109/><G109/><T14/><D14/><U92/><E106/><V125/><F125/><W15/><G32/><N who="0" m="20559" /><D120/><U88/><E103/><V112/><F112/><W10/><REACH who="3" step="1"/><G56/><REACH who="3" ten="134,670,59,127" step="2"/><T66/><D66/><U63/><E63/><V9/><F0/><W55/><G55/><T110/><D110/><U121/><E121/><V105/><F105/><W69/><G69/><T123/><D123/><U131/><E131/><V68/><F68/><W53/><G53/><T77/><D77/><U50/><E50/><N who="2" m="29023" /><F9/><W124/><G124/><T38/><D38/><U102/><E102/><V4/><F4/><W78/><G78/><T119/><D119/><U34/><E34/><N who="2" m="20759" /><F1/><W128/><G128/><T58/><D58/><U108/><E108/><V117/><F117/><W45/><G45/><T104/><D104/><U113/><E113/><V16/><F5/><W31/><G31/><AGARI ba="1,1" hai="22,27,31,52,57,61,85,87,88,92,93,97,98,101" machi="31" ten="30,8000,1" yaku="7,1,8,1,52,1,54,2" doraHai="99" who="1" fromWho="3" sc="134,0,670,93,59,0,127,-83" /><INIT seed="7,0,0,1,2,23" ten="134,763,59,44" oya="3" hai0="43,1,49,3,60,58,130,25,98,54,115,96,69" hai1="18,75,125,57,37,29,103,109,13,45,44,80,35" hai2="118,81,112,128,84,102,62,74,104,89,92,42,46" hai3="65,5,132,28,120,36,26,113,22,20,0,67,93"/><W7/><G120/><T10/><D130/><U38/><E109/><V133/><F118/><W86/><G132/><T131/><D115/><U32/><E125/><V19/><F112/><W68/><G36/><T9/><D131/><U134/><E134/><V12/><F133/><W97/><G113/><T122/><D122/><U11/><E103/><V59/><F128/><W2/><G68/><T34/><D69/><U16/><E57/><V101/><F104/><W110/><G110/><T87/><D1/><U124/><E124/><V126/><F126/><W40/><G40/><T21/><D34/><U41/><E18/><V119/><F74/><W64/><G86/><T100/><D87/><U6/><E6/><V105/><F105/><W135/><G135/><T91/><D100/><U116/><E116/><V71/><F71/><W66/><N who="3" m="16896" /><DORA hai="72" /><W27/><G0/><T51/><D3/><U95/><E95/><V90/><F59/><W30/><REACH who="3" step="1"/><G2/><REACH who="3" ten="134,763,59,34" step="2"/><T77/><D43/><U76/><E38/><V79/><F119/><W99/><G99/><T33/><D98/><U85/><E75/><V17/><F62/><W83/><G83/><T88/><D96/><U129/><E129/><V78/><F81/><W114/><G114/><T61/><D60/><U48/><E29/><V15/><F84/><W108/><G108/><T24/><D61/><U111/><E111/><V107/><F42/><AGARI ba="0,1" hai="11,13,16,32,35,37,41,42,44,45,48,76,80,85" machi="42" ten="30,3900,0" yaku="7,1,52,1,54,1" doraHai="23,72" who="1" fromWho="2" sc="134,0,763,49,59,-39,34,0" owari="134,-7.0,812,92.0,20,-48.0,34,-37.0" /></mjloggm>