<mjloggm ver="2.3"><GO type="97" lobby="0"/><UN n0="%E9%A6%AC%E9%B9%BF%E3%81%A0%E3%81%AA%E4%BF%BA" n1="%E7%9F%B3%E5%B7%9D%E4%BD%B3%E7%B4%94" n2="%74%6F%6E%6E%64%61%67%6F" n3="%E3%83%88%E3%83%88%E3%83%AA%E5%85%88%E7%94%9F%31%39%E6%AD%B3" dan="13,13,14,15" rate="1864.87,1916.11,1920.42,2089.79" sx="M,F,F,F"/><TAIKYOKU oya="0"/><INIT seed="0,0,0,0,1,116" ten="250,250,250,250" oya="0" hai0="128,17,37,24,101,115,96,22,43,16,135,1,60" hai1="71,34,98,62,114,117,126,130,78,11,30,68,7" hai2="2,95,107,90,94,4,19,102,86,76,80,127,33" hai3="12,51,57,8,122,27,28,104,75,74,91,5,40"/><T45/><D115/><U65/><E117/><V105/><F33/><W39/><G104/><T123/><D128/><U93/><E130/><V97/><F4/><W56/><G39/><T54/><D1/><U25/><E114/><V15/><F2/><W53/><G40/><T88/><D135/><U31/><E126/><V55/><F127/><W21/><G122/><T58/><D123/><U49/><E78/><V66/><F66/><W46/><G75/><T70/><D70/><U0/><E30/><V129/><F55/><W100/><G74/><T20/><D88/><U84/><E84/><N who="2" m="52551" /><F19/><W119/><G100/><T13/><REACH who="0" step="1"/><D96/><REACH who="0" ten="240,250,250,250" step="2"/><U36/><E98/><N who="2" m="59743" /><F129/><W26/><G119/><T67/><D67/><U109/><E65/><V72/><F15/><W48/><G91/><T18/><D18/><U99/><E99/><V32/><F32/><W103/><G103/><AGARI ba="0,1" hai="13,16,17,20,22,24,37,43,45,54,58,60,101,103" machi="103" ten="40,3900,0" yaku="1,1,54,1,53,0" doraHai="116" doraHaiUra="85" who="0" fromWho="3" sc="240,49,250,0,250,0,250,-39" /><INIT seed="0,1,0,1,5,68" ten="289,250,250,211" oya="0" hai0="90,19,45,76,21,0,28,26,103,50,4,104,9" hai1="48,122,35,65,105,124,92,72,113,6,73,25,44" hai2="22,108,52,107,99,79,5,102,38,23,29,14,133" hai3="61,87,111,30,127,134,69,115,59,96,123,36,37"/><T121/><D121/><U58/><E105/><V91/><F108/><W131/><G30/><T106/><D76/><U33/><E122/><V129/><F133/><W132/><G123/><T118/><D118/><U109/><E113/><V81/><F129/><W43/><G115/><T13/><D90/><U16/><E124/><V54/><F91/><W64/><G111/><T31/><D103/><U84/><E109/><V17/><F5/><W18/><G131/><T100/><D100/><U120/><E6/><V15/><F38/><N who="3" m="14955" /><G87/><T60/><D60/><U53/><E120/><V12/><F29/><W55/><G18/><T39/><D39/><U41/><E65/><V1/><F1/><W94/><G94/><T20/><REACH who="0" step="1"/><D31/><REACH who="0" ten="279,250,250,211" step="2"/><U63/><E72/><V128/><F128/><W101/><G101/><T112/><D112/><U40/><E73/><V56/><F79/><W42/><G96/><T98/><D98/><U46/><E35/><V47/><F81/><W2/><G127/><T130/><D130/><U83/><E33/><V66/><F99/><W34/><G34/><T74/><D74/><U80/><E92/><V70/><F102/><W11/><G132/><T125/><D125/><U82/><E84/><V135/><F107/><W114/><G134/><T126/><D126/><U95/><E95/><V32/><F135/><W93/><G93/><T3/><D3/><U51/><E82/><V116/><F32/><W62/><G114/><T8/><D8/><U49/><E49/><V27/><F116/><W86/><G86/><T57/><D57/><U71/><E71/><V7/><F70/><RYUUKYOKU ba="1,1" sc="279,10,250,10,250,-30,211,10" hai0="0,4,9,13,19,20,21,26,28,45,50,104,106" hai1="16,25,40,41,44,46,48,51,53,58,63,80,83" hai3="2,11,42,43,55,59,61,62,64,69" /><INIT seed="0,2,1,5,2,5" ten="289,260,220,221" oya="0" hai0="47,59,109,135,132,74,36,40,67,82,121,2,122" hai1="76,99,34,131,97,93,94,41,48,124,11,25,108" hai2="43,15,28,112,107,92,88,50,115,57,1,39,9" hai3="54,119,8,19,38,98,37,96,95,20,58,102,72"/><T49/><D2/><U42/><E34/><V126/><F107/><W26/><G119/><T100/><D100/><U68/><E68/><V90/><F1/><W84/><G72/><T6/><D6/><U81/><E131/><V69/><F69/><W35/><G35/><T127/><D127/><U12/><E124/><V7/><F39/><W13/><G84/><T14/><D14/><U24/><E108/><V133/><F133/><N who="0" m="51274" /><D109/><U89/><E48/><V23/><F126/><W56/><G98/><T118/><D118/><U128/><E128/><V106/><F106/><W18/><REACH who="3" step="1"/><G58/><REACH who="3" ten="289,260,220,211" step="2"/><T55/><D74/><U44/><E97/><V4/><F115/><W104/><G104/><T75/><D67/><U71/><E99/><V61/><F112/><W79/><G79/><AGARI ba="2,2" hai="36,40,47,49,55,59,75,79,82,121,122" m="51274" machi="79" ten="30,1500,0" yaku="20,1" doraHai="5" who="0" fromWho="3" sc="289,41,260,0,220,0,211,-21" /><INIT seed="0,3,0,0,1,93" ten="330,260,220,190" oya="0" hai0="89,116,80,17,63,37,45,106,87,133,48,25,24" hai1="67,94,21,1,79,53,122,46,8,102,92,86,42" hai2="38,18,40,120,99,26,71,83,112,78,134,72,74" hai3="66,132,20,50,115,129,62,117,55,100,98,111,61"/><T3/><D37/><U9/><E122/><V97/><F120/><W114/><G117/><T127/><D116/><U84/><E1/><V22/><F112/><W12/><G111/><T49/><D3/><U54/><E67/><V110/><F71/><W10/><G129/><T128/><D128/><U51/><E21/><V64/><F64/><W4/><G132/><T96/><D133/><U109/><E109/><V108/><F134/><W68/><G61/><T28/><D127/><U77/><E102/><V27/><F40/><W85/><G85/><N who="1" m="32874" /><E42/><V75/><F38/><W88/><G20/><N who="0" m="15367" /><D63/><U130/><E130/><V107/><F107/><W81/><G81/><T23/><D106/><U82/><E82/><V126/><F126/><W90/><G114/><T43/><D49/><N who="1" m="28855" /><E92/><V32/><F110/><W69/><G69/><T125/><D125/><U13/><E94/><V14/><F108/><W103/><G115/><T19/><D17/><N who="1" m="8359" /><E9/><V58/><F58/><AGARI ba="3,0" hai="51,54,58,77,79" m="8359,28855,32874" machi="58" ten="30,1000,0" yaku="8,1" doraHai="93" who="1" fromWho="2" sc="330,0,260,19,220,-19,190,0" /><INIT seed="1,0,0,5,2,8" ten="330,279,201,190" oya="1" hai0="126,79,76,23,32,128,39,109,51,15,10,102,64" hai1="125,115,31,22,43,108,62,80,30,3,75,135,2" hai2="14,107,77,59,52,55,89,17,132,41,53,45,120" hai3="18,129,96,36,48,81,78,21,106,19,25,65,5"/><U91/><E115/><V90/><F120/><W72/><G36/><T116/><D39/><U85/><E75/><V63/><F107/><W112/><G112/><T101/><D101/><U11/><BYE who="0" /><E43/><V119/><F132/><W97/><G129/><T69/><D69/><U28/><E135/><UN n0="%E9%A6%AC%E9%B9%BF%E3%81%A0%E3%81%AA%E4%BF%BA" /><V61/><F119/><W105/><G5/><T40/><D32/><U87/><E125/><V133/><F77/><W29/><G65/><T16/><D116/><U50/><E108/><V84/><F133/><W99/><G48/><T95/><D109/><U46/><E22/><V123/><F123/><W71/><G71/><T86/><D128/><U93/><E62/><V67/><F63/><W82/><G82/><T73/><D73/><U104/><E104/><V122/><F122/><W127/><G127/><T6/><D64/><U118/><E118/><V4/><F4/><W34/><REACH who="3" step="1"/><G19/><REACH who="3" ten="330,279,201,180" step="2"/><T35/><D126/><U24/><E80/><V100/><F100/><W111/><G111/><T33/><D102/><U70/><E70/><V42/><F45/><W110/><G110/><T1/><D1/><U114/><E46/><V124/><F124/><W68/><G68/><T130/><D130/><U56/><E3/><V103/><F103/><W66/><G66/><T26/><D16/><U38/><E50/><V60/><F60/><W47/><G47/><T7/><D51/><U27/><E38/><V37/><F37/><W88/><G88/><N who="2" m="33897" /><F84/><W54/><G54/><T13/><D86/><U49/><E85/><V83/><F83/><W98/><N who="3" m="24576" /><DORA hai="134" /><W92/><G92/><T12/><D95/><RYUUKYOKU ba="0,1" sc="330,-15,279,-15,201,15,180,15" hai2="14,17,41,42,52,53,55,59,61,67" hai3="18,21,25,29,34,72,78,81,105,106" /><INIT seed="2,1,1,5,2,67" ten="315,264,216,195" oya="2" hai0="27,124,59,116,75,91,37,107,126,22,77,17,120" hai1="121,118,102,36,9,110,81,40,90,4,129,3,123" hai2="101,7,92,104,42,86,29,130,125,34,57,89,127" hai3="6,60,55,113,1,114,45,100,19,73,21,38,135"/><V78/><F130/><W35/><G35/><T84/><D120/><N who="1" m="46155" /><E129/><V62/><F42/><N who="3" m="22743" /><G135/><T0/><D37/><U58/><E118/><V61/><F7/><W105/><G73/><T103/><D0/><U133/><E133/><V46/><F46/><W28/><G28/><T97/><D116/><U95/><E110/><V94/><F104/><W119/><G119/><T93/><D59/><U33/><E33/><V25/><F78/><W74/><G74/><T54/><D54/><U106/><E40/><V18/><F18/><W99/><G6/><T11/><D11/><U41/><E41/><V49/><F101/><W131/><G1/><T71/><D71/><U69/><E69/><V82/><F49/><W66/><G55/><T43/><D43/><U128/><E58/><V134/><F134/><W16/><G21/><T10/><D10/><U8/><E36/><V50/><F50/><W98/><G98/><T80/><AGARI ba="1,1" hai="17,22,27,75,77,80,84,91,93,97,103,107,124,126" machi="80" ten="30,4000,0" yaku="0,1,24,2" doraHai="67" who="0" fromWho="0" sc="315,53,264,-11,216,-21,195,-11" /><INIT seed="3,0,0,2,4,58" ten="368,253,195,184" oya="3" hai0="127,135,55,64,48,117,19,1,93,133,70,34,18" hai1="122,52,4,62,98,60,61,106,118,10,66,99,115" hai2="17,78,134,24,73,59,75,82,131,31,109,42,57" hai3="13,110,87,104,2,51,37,79,102,65,8,33,20"/><W86/><G33/><T16/><D117/><U83/><E122/><V50/><F109/><W15/><G37/><T14/><D1/><U120/><E120/><V125/><F134/><N who="0" m="51210" /><D34/><U96/><E115/><V91/><F131/><W25/><G110/><T46/><D127/><U94/><E106/><V32/><F125/><W28/><G2/><T40/><D93/><U43/><E118/><V74/><F91/><W72/><G72/><T97/><D97/><N who="1" m="37483" /><E43/><V29/><F29/><W69/><G79/><T0/><D0/><U76/><E66/><V26/><F59/><W53/><G102/><T49/><D64/><U100/><E83/><V36/><F36/><W92/><G104/><T41/><D70/><U63/><E76/><V123/><F123/><W119/><G119/><T67/><D67/><U54/><N who="1" m="15872" /><DORA hai="85" /><U88/><E100/><V68/><F68/><W103/><G65/><T35/><D35/><U90/><E90/><V95/><F95/><W107/><G69/><T129/><D129/><U124/><E124/><V81/><F81/><W56/><G107/><T3/><D3/><U126/><E126/><V121/><F121/><W7/><REACH who="3" step="1"/><G15/><AGARI ba="0,0" hai="4,10,15,52,54,88,94,99" m="15872,37483" machi="15" ten="40,16000,3" yaku="8,1,52,5,54,2" doraHai="58,85" who="1" fromWho="3" sc="368,0,253,160,195,0,184,-160" owari="368,17.0,413,51.0,195,-20.0,24,-48.0" /></mjloggm>