<mjloggm ver="2.3"><GO type="169" lobby="0"/><UN n0="%E3%81%99%E3%81%BF%E3%82%84%E3%81%AB" n1="%E3%83%90%E3%83%90%E3%82%A2%E3%81%AE%E6%97%A5%E5%82%98" n2="%E3%82%A6%E3%83%AB%E3%83%88%E3%83%A9%E7%AB%8B%E7%9B%B4" n3="%E7%AA%93%E4%BB%98%E3%81%8D%2E" dan="16,17,17,17" rate="2147.66,2140.19,2151.02,2140.82" sx="M,F,M,F"/><TAIKYOKU oya="0"/><INIT seed="0,0,0,2,3,97" ten="250,250,250,250" oya="0" hai0="105,74,124,34,126,128,75,109,82,12,29,33,88" hai1="71,6,19,61,45,62,16,96,95,102,54,21,112" hai2="0,15,114,89,49,41,133,38,134,83,14,79,53" hai3="78,116,27,9,52,47,122,57,111,18,25,98,108"/><T4/><D105/><U35/><E35/><N who="0" m="13321" /><D29/><U60/><E112/><V1/><F89/><W84/><G116/><T23/><D128/><U90/><E6/><V3/><F41/><W91/><G122/><T31/><D109/><N who="3" m="42057" /><G47/><T86/><D31/><U66/><E19/><V48/><F38/><W63/><G78/><T28/><D28/><U87/><E45/><V93/><F93/><N who="3" m="56639" /><G84/><T64/><D64/><U10/><E10/><V65/><F65/><W36/><G36/><T100/><D100/><U104/><REACH who="1" step="1"/><E54/><REACH who="1" ten="250,240,250,250" step="2"/><V58/><F114/><W135/><G135/><T43/><D43/><U117/><E117/><V131/><F131/><W85/><G9/><N who="0" m="4135" /><D23/><U55/><E55/><V130/><F130/><W72/><G18/><T7/><D7/><U81/><E81/><V103/><F134/><W11/><G11/><T99/><D126/><U32/><E32/><V106/><F133/><W50/><G52/><T101/><D124/><U13/><AGARI ba="0,1" hai="13,16,21,60,61,62,66,71,87,90,95,96,102,104" machi="13" ten="20,16000,3" yaku="1,1,0,1,7,1,52,1,54,1,53,3" doraHai="97" doraHaiUra="59" who="1" fromWho="1" sc="250,-80,240,170,250,-40,250,-40" /><INIT seed="1,0,0,0,3,56" ten="170,410,210,210" oya="1" hai0="48,95,86,120,41,119,17,15,7,22,87,125,18" hai1="26,88,58,93,121,68,76,104,61,99,91,74,5" hai2="37,28,43,116,60,30,19,80,23,72,102,27,124" hai3="133,135,71,21,101,98,8,50,46,6,36,92,33"/><U83/><E68/><V10/><F116/><W77/><G33/><T13/><D119/><U64/><E121/><V14/><F124/><W65/><G36/><T11/><D125/><U39/><E39/><V118/><F118/><W97/><G77/><T2/><D120/><U106/><E5/><V38/><F102/><W110/><G110/><T117/><D117/><U73/><E73/><V12/><F43/><W1/><G21/><T127/><D127/><U103/><REACH who="1" step="1"/><E26/><REACH who="1" ten="170,400,210,210" step="2"/><V109/><F38/><W113/><G71/><T69/><D69/><U67/><E67/><V126/><F37/><W107/><G65/><T114/><D114/><U20/><E20/><V31/><F126/><W45/><G113/><T89/><D7/><U79/><E79/><V34/><F72/><W75/><G75/><T82/><D22/><U35/><E35/><V111/><F109/><W122/><G122/><T51/><D11/><U105/><AGARI ba="0,1" hai="58,61,64,74,76,83,88,91,93,99,103,104,105,106" machi="105" ten="30,11700,0" yaku="1,1,0,1,52,1,54,1,53,0" doraHai="56" doraHaiUra="112" who="1" fromWho="1" sc="170,-39,400,127,210,-39,210,-39" /><INIT seed="1,1,0,1,2,82" ten="131,527,171,171" oya="1" hai0="51,24,128,91,125,67,0,45,40,68,92,83,20" hai1="42,14,101,80,133,52,56,19,113,119,85,57,54" hai2="66,61,21,131,15,110,96,63,109,30,117,28,62" hai3="94,95,87,26,121,33,59,60,8,107,29,129,98"/><U38/><E119/><V32/><F117/><W65/><G121/><T97/><D0/><U75/><E75/><V74/><F74/><W88/><G129/><T122/><D128/><U104/><E104/><V130/><F66/><W111/><G111/><N who="2" m="42505" /><F96/><W79/><G107/><T18/><D122/><U132/><E113/><V64/><F64/><W69/><G8/><T78/><D125/><U7/><E101/><V114/><F114/><W1/><G1/><T108/><D108/><U31/><E7/><V105/><F105/><W120/><G120/><T70/><REACH who="0" step="1"/><D67/><REACH who="0" ten="121,527,171,171" step="2"/><U112/><E112/><V58/><F131/><W89/><REACH who="3" step="1"/><G79/><REACH who="3" ten="121,527,171,161" step="2"/><T41/><D41/><U77/><E42/><V47/><F130/><W124/><G124/><T115/><D115/><U13/><E77/><V90/><F62/><W35/><G35/><T118/><D118/><U86/><E132/><V27/><F61/><W84/><G84/><AGARI ba="1,2" hai="18,20,24,40,45,51,68,70,78,83,84,91,92,97" machi="84" ten="30,7700,0" yaku="1,1,7,1,52,1,53,1" doraHai="82" doraHaiUra="17" who="0" fromWho="3" sc="121,100,527,0,171,0,161,-80" /><INIT seed="2,0,0,2,3,66" ten="221,527,171,81" oya="2" hai0="14,30,117,89,5,87,120,33,37,36,32,110,85" hai1="24,134,21,4,56,31,109,116,129,105,34,135,46" hai2="20,80,103,99,1,79,55,29,49,41,125,84,90" hai3="124,78,68,64,63,108,71,72,111,97,73,61,75"/><V100/><F1/><W60/><G124/><T130/><D30/><U43/><E109/><N who="3" m="42058" /><G97/><T77/><D77/><U3/><E105/><V15/><F125/><W86/><G64/><T22/><D5/><U25/><E116/><V113/><F113/><W54/><G54/><T94/><D14/><U106/><E106/><V48/><F41/><W70/><G86/><T42/><D22/><U119/><E56/><V95/><F49/><W23/><G23/><T126/><D42/><U45/><E119/><V8/><F20/><W9/><G9/><T65/><D65/><U92/><E46/><V11/><F29/><W127/><G127/><T102/><D87/><U35/><E92/><V7/><REACH who="2" step="1"/><F11/><REACH who="2" ten="221,527,161,81" step="2"/><W6/><G6/><T28/><D28/><N who="1" m="17423" /><E4/><V51/><F51/><W58/><G58/><AGARI ba="0,1" hai="7,8,15,48,55,58,79,80,84,90,95,99,100,103" machi="58" ten="30,11600,0" yaku="1,1,7,1,8,1,53,1" doraHai="66" doraHaiUra="47" who="2" fromWho="3" sc="221,0,527,0,161,126,81,-116" owari="221,-18.0,527,63.0,287,9.0,-35,-54.0" /></mjloggm>