<mjloggm ver="2.3"><GO type="41" lobby="0"/><UN n0="%61%6E%75%73%33%33%2D%34" n1="%E3%81%84%E3%81%AC%E3%81%8B%E3%81%84" n2="%73%68%61%79%75" n3="%E5%B0%B1%E6%B4%BB%E7%94%9F%40%E5%B7%9D%E6%9D%91%E8%BB%8D%E5%9B%A3" dan="14,14,14,14" rate="1908.27,1873.68,1960.60,1935.13" sx="M,M,M,M"/><TAIKYOKU oya="0"/><INIT seed="0,0,0,0,0,119" ten="250,250,250,250" oya="0" hai0="125,57,25,64,126,107,18,114,53,81,31,23,109" hai1="60,94,100,16,20,132,32,12,122,34,129,37,115" hai2="26,36,82,78,4,51,28,19,103,85,77,79,123" hai3="106,134,93,29,21,80,124,11,88,68,8,7,24"/><T92/><D114/><U67/><E115/><V131/><F36/><W43/><G106/><T84/><D107/><U46/><E122/><V55/><F131/><W120/><G68/><T30/><D92/><U66/><E129/><V121/><F4/><W22/><G120/><T39/><D64/><U47/><E67/><V1/><F1/><W130/><G130/><T14/><D39/><U71/><E132/><V33/><F82/><W13/><G134/><T75/><D75/><U89/><E100/><V52/><F85/><W50/><G124/><N who="0" m="47723" /><D109/><U90/><E90/><V42/><F103/><W105/><G105/><T63/><D25/><U110/><E110/><V127/><F127/><W116/><G116/><T56/><D56/><U117/><E117/><V59/><F42/><W3/><G80/><T58/><D58/><U83/><E83/><V97/><F97/><W104/><G104/><T87/><D87/><U74/><E74/><V15/><REACH who="2" step="1"/><F55/><REACH who="2" ten="250,250,240,250" step="2"/><W111/><G111/><T102/><D102/><U10/><E37/><V95/><F95/><W41/><G41/><T101/><D101/><U17/><E34/><V76/><N who="2" m="19968" /><DORA hai="128" /><V62/><F62/><W118/><G118/><T72/><D72/><U2/><E32/><V44/><F44/><W40/><G40/><T9/><D84/><U0/><E0/><V49/><F49/><W6/><G43/><T45/><D81/><U113/><E2/><V108/><F108/><W91/><G50/><T35/><D45/><U65/><E113/><V61/><F61/><W38/><G38/><T48/><D35/><U133/><E60/><RYUUKYOKU ba="0,1" sc="250,-10,250,-10,240,30,250,-10" hai2="15,19,26,28,33,51,52,59,121,123" /><INIT seed="1,1,1,4,3,125" ten="240,240,270,240" oya="1" hai0="126,131,38,26,3,85,14,121,33,78,50,98,24" hai1="104,30,60,80,46,106,54,18,67,59,5,84,87" hai2="19,21,58,124,133,23,71,20,89,29,51,74,128" hai3="42,27,34,15,4,97,130,118,35,53,52,92,88"/><U129/><E5/><V49/><F124/><W1/><G1/><T111/><D126/><U94/><E30/><V39/><F74/><W63/><G118/><T41/><D111/><U43/><E67/><V28/><F71/><W32/><G130/><T115/><D131/><U7/><E129/><V55/><F39/><W107/><G107/><T86/><D115/><U22/><E7/><V119/><F128/><W108/><G108/><T101/><D121/><U77/><E87/><V112/><F119/><W68/><G42/><T105/><D3/><U8/><E8/><V57/><F19/><W2/><G2/><T40/><D38/><U127/><E94/><V69/><F69/><W114/><G114/><T31/><D85/><U56/><E56/><V90/><F112/><W13/><G27/><T93/><D50/><U70/><E70/><V96/><F133/><W116/><G116/><T83/><D14/><U91/><E77/><V25/><F96/><W122/><G122/><T81/><D81/><U110/><E127/><V0/><F0/><W102/><G102/><T45/><D45/><U79/><E79/><V48/><F55/><W44/><G44/><T113/><D113/><U117/><E110/><V37/><F37/><W120/><G120/><T10/><D10/><U135/><E117/><V109/><F109/><W47/><G4/><T132/><D132/><U103/><E103/><V75/><F75/><W12/><G47/><T100/><D24/><N who="1" m="14423" /><E135/><V36/><F36/><W73/><G73/><T62/><D62/><U82/><E82/><V65/><F65/><N who="3" m="41023" /><G97/><T16/><D16/><RYUUKYOKU ba="1,1" sc="240,10,240,10,270,-30,240,10" hai0="26,31,33,40,41,78,83,86,93,98,100,101,105" hai1="43,46,54,59,60,80,84,91,104,106" hai3="12,13,15,32,34,35,52,53,88,92" /><INIT seed="1,2,1,1,1,128" ten="250,250,240,250" oya="1" hai0="79,52,46,13,26,100,67,85,117,36,114,82,80" hai1="132,27,66,57,29,92,39,87,95,11,119,107,44" hai2="90,75,24,2,69,71,125,72,58,112,21,102,108" hai3="83,84,120,32,64,55,56,53,34,99,130,127,76"/><U1/><E119/><V73/><F112/><W25/><G120/><T98/><D114/><U62/><E107/><V6/><F108/><W17/><G130/><T135/><D117/><U4/><E132/><V123/><F123/><W113/><G113/><T40/><D67/><U93/><E39/><V106/><F125/><W88/><G127/><T116/><D116/><U91/><REACH who="1" step="1"/><E44/><REACH who="1" ten="250,240,240,250" step="2"/><V65/><F106/><W42/><G34/><AGARI ba="2,2" hai="1,4,11,27,29,34,57,62,66,87,91,92,93,95" machi="34" ten="30,5800,0" yaku="1,1,2,1,7,1,53,0" doraHai="128" doraHaiUra="110" who="1" fromWho="3" sc="250,0,240,84,240,0,250,-64" /><INIT seed="1,3,0,2,4,30" ten="250,324,240,186" oya="1" hai0="31,122,70,82,8,23,38,42,96,91,60,112,78" hai1="98,20,33,58,107,0,71,68,5,87,93,102,79" hai2="56,97,127,65,76,86,130,133,46,3,32,44,25" hai3="35,121,51,103,17,129,4,105,6,134,57,27,90"/><U7/><E33/><V109/><F109/><W128/><G121/><T119/><D112/><U54/><E20/><V126/><F3/><W43/><G134/><T123/><D119/><U80/><E7/><V81/><F133/><W40/><G105/><T114/><D114/><U83/><E83/><V74/><F74/><W22/><G103/><T101/><D91/><U45/><E45/><V26/><F26/><W89/><G35/><T118/><D118/><U49/><REACH who="1" step="1"/><E107/><REACH who="1" ten="250,314,240,186" step="2"/><V12/><F130/><W15/><G128/><T66/><D23/><U106/><E106/><V115/><F115/><W11/><G129/><T55/><D82/><U75/><E75/><V16/><F127/><W108/><G108/><T124/><D124/><U18/><E18/><V29/><F126/><W85/><G4/><T1/><D31/><U131/><E131/><V117/><F117/><W64/><G6/><T19/><D19/><U37/><E37/><V104/><F104/><W110/><G110/><T36/><D36/><U2/><E2/><V10/><REACH who="2" step="1"/><F97/><REACH who="2" ten="250,314,230,186" step="2"/><W113/><G113/><T21/><D96/><U69/><E69/><V9/><F9/><AGARI ba="3,2" hai="0,5,9,49,54,58,68,71,79,80,87,93,98,102" machi="9" ten="40,2000,0" yaku="1,1,53,0" doraHai="30" doraHaiUra="14" who="1" fromWho="2" sc="250,0,314,49,230,-29,186,0" /><INIT seed="1,4,0,2,0,90" ten="250,363,201,186" oya="1" hai0="34,114,105,64,92,17,94,100,49,42,46,88,76" hai1="14,7,11,102,118,38,54,67,35,132,51,120,87" hai2="96,57,16,109,3,81,80,134,108,133,85,12,99" hai3="127,106,119,131,65,22,31,130,37,53,55,72,27"/><U32/><E120/><V66/><F3/><W62/><G106/><T73/><D114/><U116/><E38/><V111/><F66/><W103/><G72/><T8/><D34/><U50/><E132/><N who="2" m="50795" /><F57/><N who="3" m="37071" /><G37/><T41/><D64/><U95/><E118/><V75/><F75/><W30/><G119/><T33/><D33/><U112/><E116/><V10/><F81/><W52/><G127/><T113/><D113/><U86/><E112/><V26/><F26/><W20/><G103/><T107/><D73/><U74/><E74/><V28/><F28/><N who="3" m="10795" /><G27/><T25/><D107/><U101/><E67/><V44/><F44/><W59/><G59/><T5/><D105/><U89/><E35/><V36/><F36/><W69/><G69/><T56/><D56/><U98/><E32/><V0/><F0/><W19/><G19/><T135/><D135/><U93/><E51/><V60/><F60/><W79/><G79/><AGARI ba="4,0" hai="10,12,16,79,80,85,96,99,108,109,111" m="50795" machi="79" ten="40,5200,0" yaku="14,1,20,1,54,1" doraHai="90" who="2" fromWho="3" sc="250,0,363,0,201,64,186,-64" /><INIT seed="2,0,0,4,4,35" ten="250,363,265,122" oya="2" hai0="134,7,106,103,31,25,80,36,54,44,96,130,4" hai1="1,11,14,91,29,23,104,6,109,61,76,53,37" hai2="5,45,55,68,78,128,0,123,119,49,108,64,13" hai3="50,132,105,15,51,9,18,101,48,124,122,115,82"/><V110/><F123/><W86/><G122/><T81/><D130/><U16/><E109/><V117/><F78/><W69/><G69/><T127/><D127/><U90/><E104/><V63/><F13/><W59/><G124/><T111/><D111/><N who="2" m="42538" /><F128/><W125/><G125/><T28/><D134/><U89/><E37/><V95/><F95/><W21/><G132/><T98/><D36/><U12/><E76/><V88/><F88/><W27/><G115/><T116/><D116/><N who="2" m="44618" /><F5/><W99/><G59/><T24/><D106/><U83/><E29/><V126/><F126/><W102/><G102/><T43/><D103/><U22/><E1/><AGARI ba="0,0" hai="0,1,45,49,55,63,64,68" m="44618,42538" machi="1" ten="30,11600,0" yaku="14,1,10,1,52,2" doraHai="35" who="2" fromWho="1" sc="250,0,363,-116,265,116,122,0" /><INIT seed="2,1,0,1,2,50" ten="250,247,381,122" oya="2" hai0="95,134,94,9,122,28,0,93,115,116,57,8,34" hai1="62,32,88,48,61,15,72,133,80,105,119,99,107" hai2="46,118,69,85,111,65,54,49,84,129,10,64,55" hai3="18,89,101,81,4,73,59,125,67,56,123,31,17"/><V40/><F118/><W23/><G123/><T52/><D116/><U114/><E119/><V97/><F129/><W68/><G125/><T126/><D126/><U70/><E114/><V103/><F111/><W39/><G39/><T117/><D117/><U82/><E133/><V63/><F65/><W19/><G101/><T135/><D115/><U109/><E109/><V92/><F10/><W112/><G112/><T30/><D122/><U33/><E15/><V38/><REACH who="2" step="1"/><F55/><REACH who="2" ten="250,247,371,122" step="2"/><W58/><G67/><T79/><D8/><U24/><E32/><V76/><F76/><W2/><G68/><T60/><D34/><U121/><E33/><V45/><AGARI ba="1,1" hai="38,40,45,46,49,54,63,64,69,84,85,92,97,103" machi="45" ten="20,18000,2" yaku="1,1,0,1,7,1,52,1,53,2" doraHai="50" doraHaiUra="83" who="2" fromWho="2" sc="250,-61,247,-61,371,193,122,-61" /><INIT seed="2,2,0,2,4,66" ten="189,186,564,61" oya="2" hai0="92,82,72,43,103,42,0,32,129,25,131,102,128" hai1="51,127,116,109,5,108,110,85,65,64,113,7,17" hai2="24,8,104,119,4,57,45,74,80,46,55,26,58" hai3="67,70,79,114,106,125,87,96,19,93,27,50,111"/><V115/><F119/><W97/><G114/><T59/><D0/><U107/><E116/><V2/><F104/><W44/><G125/><T130/><D59/><U135/><E113/><V16/><F115/><W98/><G111/><T62/><D62/><U49/><E127/><V76/><F58/><W63/><G106/><T91/><D32/><U95/><E107/><V69/><F69/><W52/><G79/><N who="0" m="44391" /><D25/><U56/><E135/><V33/><F26/><W14/><G27/><T134/><N who="0" m="33280" /><DORA hai="126" /><T36/><D134/><U30/><E30/><V123/><F123/><W6/><G6/><N who="1" m="2058" /><E17/><V34/><F33/><W13/><G87/><N who="0" m="52351" /><D36/><U120/><E120/><V61/><REACH who="2" step="1"/><F16/><REACH who="2" ten="189,186,554,61" step="2"/><W48/><G48/><N who="1" m="18506" /><E56/><V10/><F10/><W41/><G41/><AGARI ba="2,1" hai="41,42,43,102,103" m="52351,33280,44391" machi="41" ten="60,8000,1" yaku="19,1,52,4" doraHai="66,126" who="0" fromWho="3" sc="189,96,186,0,554,0,61,-86" owari="285,9.0,186,-21.0,554,65.0,-25,-53.0" /></mjloggm>