<mjloggm ver="2.3"><GO type="169" lobby="0"/><UN n0="%E4%BA%BA%E9%B3%A5%E4%BE%8D%E6%A5%B5" n1="%6C%6F%4A%61%73%6B%69%6E" n2="%E3%82%A6%E3%83%AB%E3%83%88%E3%83%A9%E7%AB%8B%E7%9B%B4" n3="%69%6B%65%69%6B%65%69" dan="17,17,17,16" rate="2137.50,2203.55,2151.87,2148.30" sx="M,M,M,M"/><TAIKYOKU oya="0"/><INIT seed="0,0,0,5,4,48" ten="250,250,250,250" oya="0" hai0="67,28,52,11,18,58,80,4,2,114,78,51,100" hai1="49,10,72,93,5,43,122,123,90,83,9,119,70" hai2="102,73,74,127,129,116,99,87,54,117,89,6,38" hai3="16,115,130,26,96,94,97,35,84,59,104,39,50"/><T66/><D114/><U1/><E70/><V25/><F38/><W103/><G39/><T60/><D100/><U131/><E119/><N who="2" m="45643" /><F6/><W105/><G115/><T108/><D108/><U95/><E131/><V17/><F17/><W44/><G130/><T32/><D18/><U3/><E72/><N who="2" m="27755" /><F25/><W57/><G84/><T128/><D128/><U33/><E33/><V42/><F42/><W53/><G104/><T125/><D125/><U101/><E83/><N who="2" m="49407" /><F129/><W61/><G35/><T86/><REACH who="0" step="1"/><D60/><REACH who="0" ten="240,250,250,250" step="2"/><U107/><E101/><V91/><F127/><W56/><G105/><T75/><D75/><U15/><E107/><V85/><F102/><W34/><G34/><T98/><D98/><U132/><E123/><V65/><F65/><N who="3" m="39079" /><G97/><T79/><D79/><U7/><E122/><V118/><F118/><W20/><AGARI ba="0,1" hai="16,20,26,44,50,53,57,59,94,96,103" m="39079" machi="20" ten="30,4000,0" yaku="8,1,52,1,54,1" doraHai="48" who="3" fromWho="3" sc="240,-20,250,-10,250,-10,250,50" /><INIT seed="1,0,0,3,1,49" ten="220,240,240,300" oya="1" hai0="34,37,38,67,40,35,23,55,86,100,87,0,96" hai1="106,33,53,121,1,3,79,78,7,111,31,25,57" hai2="75,21,107,91,18,102,77,2,99,84,36,117,52" hai3="120,108,133,42,119,48,65,20,103,32,90,76,131"/><U28/><E121/><V13/><F36/><W43/><G32/><T61/><D0/><U127/><E106/><V15/><F2/><W80/><G120/><T56/><D23/><U6/><E127/><V62/><F117/><W30/><G103/><T122/><D122/><U83/><E111/><V109/><F109/><W44/><G65/><T123/><D123/><U118/><E118/><V73/><F15/><W135/><G108/><T69/><D38/><U11/><E31/><V17/><F17/><W70/><G70/><T116/><D116/><U112/><E112/><V46/><F77/><W97/><G119/><T85/><D96/><U115/><E115/><V19/><F19/><W59/><G59/><T128/><D100/><U95/><E95/><V10/><F21/><W29/><G43/><T124/><D124/><U132/><E132/><V92/><REACH who="2" step="1"/><F62/><REACH who="2" ten="220,240,230,300" step="2"/><W12/><G12/><T104/><D34/><U68/><E78/><V9/><F9/><W8/><G8/><T60/><D35/><U82/><E79/><V130/><F130/><W64/><G131/><T27/><D128/><U88/><E1/><V58/><F58/><W105/><G20/><T134/><D27/><U16/><E6/><V63/><F63/><W72/><G76/><T71/><D71/><U81/><E68/><V126/><F126/><W51/><G135/><T47/><D134/><U74/><E16/><V89/><F89/><W125/><G90/><T45/><D45/><U98/><E74/><V129/><F129/><W93/><G72/><T66/><D66/><U110/><E3/><V113/><F113/><RYUUKYOKU ba="0,1" sc="220,15,240,-15,230,15,300,-15" hai0="37,40,47,55,56,60,61,67,69,85,86,87,104" hai2="10,13,18,46,52,73,75,84,91,92,99,102,107" /><INIT seed="2,1,1,0,2,100" ten="235,225,245,285" oya="2" hai0="51,37,69,131,57,27,21,19,106,30,73,81,63" hai1="38,68,116,59,45,16,85,46,67,28,121,54,49" hai2="15,17,25,11,111,113,1,60,66,32,125,44,127" hai3="110,80,103,50,124,43,102,22,128,62,120,35,133"/><V108/><F1/><W64/><G35/><T58/><D37/><U132/><E28/><N who="2" m="19471" /><F44/><W65/><G120/><T101/><D131/><U6/><E6/><V83/><F83/><W82/><G110/><N who="2" m="42025" /><F113/><W104/><G128/><T29/><D29/><U126/><E121/><V105/><F105/><W88/><G124/><N who="2" m="47689" /><F60/><W90/><G133/><T47/><D63/><N who="1" m="40063" /><E126/><V91/><F66/><W79/><G79/><T71/><D81/><U52/><E132/><V98/><F98/><W5/><G62/><T84/><D106/><U12/><E116/><V2/><F2/><W97/><G97/><T10/><D47/><U78/><E45/><V93/><F93/><W20/><G104/><T123/><D123/><U61/><E38/><V41/><F91/><W76/><G76/><T96/><D96/><U117/><E78/><V31/><F41/><W99/><G99/><T77/><D77/><U14/><E117/><V13/><F31/><W7/><G50/><T56/><D51/><U107/><E107/><V39/><F15/><W70/><G70/><T115/><D115/><U94/><E94/><V55/><F39/><W72/><REACH who="3" step="1"/><G43/><REACH who="3" ten="235,225,245,275" step="2"/><T74/><D71/><U9/><E61/><V109/><F109/><W134/><G134/><T4/><D69/><U8/><E49/><V24/><F55/><W135/><G135/><T87/><D30/><U48/><E54/><V34/><F34/><W18/><G18/><T33/><D33/><U36/><E36/><V118/><F118/><W95/><G95/><T40/><D19/><N who="1" m="8583" /><E46/><V3/><F3/><W75/><AGARI ba="1,2" hai="5,7,20,22,64,65,72,75,80,82,88,90,102,103" machi="75" ten="25,8000,1" yaku="1,1,0,1,22,2,54,1,53,0" doraHai="100" doraHaiUra="42" who="3" fromWho="3" sc="235,-21,225,-21,245,-41,275,103" /><INIT seed="3,0,0,1,5,40" ten="214,204,204,378" oya="3" hai0="134,132,70,104,74,52,23,61,11,73,53,120,31" hai1="127,29,128,91,54,41,77,78,129,90,67,98,102" hai2="26,100,66,4,0,86,44,103,133,131,112,9,101" hai3="123,27,25,80,58,8,105,116,15,122,114,126,89"/><W110/><G105/><T106/><D120/><U76/><E67/><V87/><F112/><W71/><G71/><T68/><D11/><U10/><E10/><V32/><F131/><N who="1" m="50249" /><E29/><V119/><F133/><N who="0" m="51306" /><D23/><U56/><E41/><V115/><F115/><W43/><G114/><T83/><D31/><U135/><E135/><V75/><F75/><N who="0" m="28682" /><D83/><U24/><E24/><V130/><F119/><W108/><G116/><T64/><D68/><U39/><E39/><V46/><F66/><W88/><G126/><T113/><D113/><U38/><E38/><V30/><REACH who="2" step="1"/><F130/><REACH who="2" ten="214,204,194,378" step="2"/><W111/><G123/><T63/><D63/><N who="1" m="36247" /><E127/><V59/><F59/><W55/><G122/><T85/><D61/><U28/><E28/><V82/><F82/><W117/><G117/><T37/><D64/><U51/><E51/><V124/><F124/><W36/><G80/><T125/><D37/><U20/><E20/><V22/><F22/><W118/><G118/><T14/><D125/><U35/><E35/><V93/><F93/><AGARI ba="0,1" hai="76,77,78,90,91,93,98,102" m="36247,50249" machi="93" ten="30,1000,0" yaku="19,1" doraHai="40" who="1" fromWho="2" sc="214,0,204,20,194,-10,378,0" /><INIT seed="4,0,0,4,3,92" ten="214,224,184,378" oya="0" hai0="91,85,104,78,135,22,63,54,27,75,86,122,108" hai1="38,39,131,53,66,82,89,72,128,36,126,98,31" hai2="8,41,107,13,51,76,124,50,84,11,105,55,113" hai3="125,0,90,5,102,40,7,60,34,42,61,123,2"/><T114/><D122/><U132/><E66/><V33/><F33/><W32/><G102/><T9/><D114/><U62/><E126/><V95/><F113/><W19/><G19/><T48/><D104/><U94/><E31/><V121/><F121/><W74/><G90/><T37/><D37/><U24/><E24/><V103/><F124/><W15/><G15/><T88/><D108/><U67/><E132/><V79/><F107/><W47/><G47/><N who="0" m="27935" /><D75/><U93/><E53/><V17/><F105/><W44/><G44/><T43/><D43/><U70/><REACH who="1" step="1"/><E93/><REACH who="1" ten="214,214,184,378" step="2"/><V117/><F117/><W130/><G125/><T81/><D135/><U112/><E112/><V21/><F55/><W110/><G123/><T52/><D9/><U133/><E133/><V14/><F8/><W29/><G29/><N who="0" m="17655" /><D86/><U99/><E99/><N who="2" m="59903" /><F84/><W73/><G110/><T25/><D25/><U87/><E87/><V45/><F51/><W120/><G120/><T28/><D28/><U23/><E23/><V35/><F35/><W111/><G111/><T129/><D129/><AGARI ba="0,1" hai="0,2,5,7,32,34,40,42,60,61,73,74,129,130" machi="129" ten="25,1600,0" yaku="22,2" doraHai="92" who="3" fromWho="0" sc="214,-16,214,0,184,0,378,26" /><INIT seed="5,0,0,3,0,2" ten="198,214,184,404" oya="1" hai0="101,116,7,9,83,102,94,130,59,68,1,13,75" hai1="91,90,98,128,4,95,85,65,24,64,115,12,67" hai2="23,78,132,0,6,123,104,111,43,92,52,81,106" hai3="84,77,21,131,51,53,107,108,58,27,46,120,93"/><U37/><E115/><V113/><F123/><W17/><G107/><T26/><D116/><U126/><E37/><V134/><F111/><W38/><G120/><T72/><D68/><U5/><E128/><V60/><F43/><W71/><G131/><T36/><D36/><U109/><E126/><V8/><F92/><W97/><G71/><T127/><D1/><U61/><E109/><V62/><F62/><W100/><G108/><T18/><D130/><U56/><E24/><V73/><F113/><W25/><G38/><T63/><D75/><U28/><E28/><V39/><F39/><W55/><G84/><T89/><D72/><U70/><E12/><V110/><F110/><W135/><G135/><N who="2" m="51753" /><F23/><W57/><G77/><T99/><D83/><N who="1" m="49471" /><E70/><V34/><F34/><W3/><G3/><T121/><D121/><U30/><E30/><V88/><F88/><W35/><G35/><T42/><D127/><U33/><E33/><V122/><F122/><W48/><G25/><T125/><D125/><U74/><E74/><V86/><F73/><W54/><G46/><T45/><D45/><U76/><E76/><V16/><F16/><W80/><G80/><T47/><D47/><U129/><E129/><V103/><F103/><W49/><AGARI ba="0,0" hai="17,21,27,48,49,51,53,54,55,57,58,93,97,100" machi="49" ten="30,2000,0" yaku="0,1,8,1" doraHai="2" who="3" fromWho="3" sc="198,-5,214,-10,184,-5,404,20" /><INIT seed="6,0,0,2,0,104" ten="193,204,179,424" oya="2" hai0="87,85,53,75,47,108,101,119,128,115,100,111,9" hai1="36,62,83,66,73,19,130,59,3,2,120,10,102" hai2="70,105,5,81,37,60,26,29,63,46,61,39,58" hai3="127,28,80,55,96,71,98,20,13,90,74,25,132"/><V12/><F105/><W21/><G71/><T82/><D9/><U125/><E36/><V6/><F70/><W93/><G132/><T107/><D53/><U27/><E102/><N who="0" m="39529" /><D47/><U56/><E130/><V134/><F134/><W32/><G32/><T45/><D45/><U95/><E95/><V131/><F131/><W122/><G127/><T8/><D8/><U135/><E135/><V88/><F58/><W79/><G122/><T72/><D128/><U22/><E125/><V52/><F12/><W31/><G55/><T69/><D69/><U97/><E97/><V99/><F39/><W23/><G13/><T48/><D48/><U11/><E120/><V77/><F37/><W18/><G98/><T68/><D68/><U42/><E42/><V126/><F126/><W30/><AGARI ba="0,0" hai="18,20,21,23,25,28,30,31,74,79,80,90,93,96" machi="30" ten="30,2000,0" yaku="0,1,52,1" doraHai="104" who="3" fromWho="3" sc="193,-5,204,-5,179,-10,424,20" /><INIT seed="7,0,0,5,2,98" ten="188,199,169,444" oya="3" hai0="116,107,52,111,15,6,97,108,30,17,32,89,9" hai1="2,11,41,45,79,77,94,121,109,0,57,7,130" hai2="21,12,113,135,124,38,53,20,104,31,22,49,23" hai3="82,19,90,43,10,127,5,8,14,76,51,133,99"/><W75/><G133/><T110/><D116/><U102/><E109/><V40/><F135/><W56/><G127/><T54/><D6/><U100/><E0/><V13/><F124/><W33/><G33/><T81/><D81/><U69/><E69/><V128/><F113/><W101/><G90/><T119/><D119/><U65/><E121/><V72/><F128/><W118/><G118/><T25/><REACH who="0" step="1"/><D89/><REACH who="0" ten="178,199,169,444" step="2"/><U16/><E130/><V132/><F132/><W87/><G75/><T95/><D95/><U36/><E94/><V48/><F104/><W74/><G74/><T37/><D37/><U93/><E93/><V120/><F72/><W60/><G99/><T70/><D70/><U26/><E7/><V29/><F38/><W129/><G129/><T80/><D80/><U84/><E36/><V78/><F78/><W91/><G91/><T59/><D59/><U67/><E57/><N who="2" m="32935" /><F120/><W117/><G117/><T35/><D35/><U61/><E79/><V83/><F83/><W44/><G5/><T114/><D114/><U39/><E77/><V47/><N who="2" m="5120" /><DORA hai="28" /><V86/><F86/><W46/><G44/><T68/><D68/><U3/><E84/><V18/><F18/><W88/><G76/><T96/><D96/><U131/><E131/><V115/><F115/><W92/><G82/><T42/><D42/><U24/><E41/><V34/><F34/><W66/><G43/><T4/><D4/><U105/><E39/><V122/><F122/><W27/><G87/><T71/><D71/><U73/><E45/><V112/><F112/><W103/><G46/><T58/><D58/><RYUUKYOKU ba="0,1" sc="178,15,199,-15,169,15,444,-15" hai0="9,15,17,25,30,32,52,54,97,107,108,110,111" hai2="12,13,29,31,40,47,49" owari="193,-1.0,184,-22.0,184,-32.0,439,55.0" /></mjloggm>