<mjloggm ver="2.3"><GO type="41" lobby="0"/><UN n0="%68%69%64%65%79%61" n1="%E5%B0%B1%E6%B4%BB%E7%94%9F%40%E5%B7%9D%E6%9D%91%E8%BB%8D%E5%9B%A3" n2="%59%55%4B%41%31%39%39%39" n3="%E3%83%8A%E3%82%AB%E3%83%9E%E3%82%B9%E3%83%86%E3%82%A3%E3%83%95" dan="14,15,15,15" rate="1910.19,1999.22,1970.16,2064.95" sx="M,M,F,M"/><TAIKYOKU oya="0"/><INIT seed="0,0,0,4,0,130" ten="250,250,250,250" oya="0" hai0="64,1,39,37,42,132,124,50,2,38,16,29,60" hai1="118,119,114,56,7,113,59,83,97,120,24,55,105" hai2="61,8,11,48,90,84,122,112,127,22,26,116,104" hai3="107,89,43,57,33,115,18,80,99,77,3,108,79"/><T30/><D124/><U126/><E7/><V27/><F122/><W36/><G33/><T111/><D111/><U85/><E120/><V100/><F112/><N who="1" m="43113" /><E126/><V110/><F110/><W72/><G3/><T95/><D2/><U40/><E40/><V70/><F127/><W19/><G108/><T31/><D1/><U52/><E24/><V23/><F104/><W14/><G115/><T133/><D95/><U69/><E69/><V21/><F100/><W15/><G36/><T35/><D35/><U10/><E10/><V54/><F116/><W78/><G43/><T135/><D16/><U102/><E56/><V93/><F70/><W71/><G71/><N who="0" m="42375" /><D50/><N who="1" m="31127" /><E55/><V103/><F61/><W0/><G0/><T125/><D125/><U98/><E98/><V51/><F103/><W74/><G57/><T13/><D13/><U91/><AGARI ba="0,0" hai="83,85,91,97,102,105,118,119" m="31127,43113" machi="91" ten="30,2000,0" yaku="11,1,54,1" doraHai="130" who="1" fromWho="1" sc="250,-10,250,20,250,-5,250,-5" /><INIT seed="1,0,0,0,2,71" ten="240,270,245,245" oya="1" hai0="78,16,77,99,42,113,102,23,120,134,56,32,57" hai1="80,69,128,108,53,38,79,65,25,132,81,72,87" hai2="76,126,48,91,40,11,58,109,98,124,88,51,66" hai3="19,5,118,135,47,54,39,33,85,130,116,2,68"/><U27/><E128/><V59/><F76/><W83/><G33/><T121/><D32/><U21/><E132/><V50/><F98/><W60/><G130/><T61/><D113/><U92/><E108/><V12/><F66/><W133/><G19/><T63/><D134/><N who="3" m="51209" /><G5/><T84/><D42/><U117/><E117/><N who="3" m="45162" /><G2/><T129/><D129/><U119/><E119/><V18/><F40/><N who="3" m="22943" /><G85/><T52/><D84/><U37/><E27/><V43/><F43/><W74/><G83/><T30/><D30/><U95/><E92/><V45/><F109/><W9/><G9/><T97/><D121/><U10/><E10/><V31/><F45/><W73/><G54/><N who="0" m="33943" /><D120/><U122/><E95/><V14/><F31/><W114/><G114/><T94/><D99/><U13/><E53/><V86/><F14/><AGARI ba="0,0" hai="14,16,23,52,57,63,77,78,94,97,102" m="33943" machi="14" ten="30,3900,0" yaku="8,1,54,2" doraHai="71" who="0" fromWho="2" sc="240,39,270,0,245,-39,245,0" /><INIT seed="2,0,0,0,3,132" ten="279,270,206,245" oya="2" hai0="25,1,134,68,105,128,114,59,81,92,103,95,122" hai1="110,54,17,63,111,16,26,8,66,135,52,61,106" hai2="18,56,133,93,80,6,19,77,70,48,47,36,88" hai3="64,76,102,13,60,12,42,85,99,131,22,94,69"/><V44/><F70/><W29/><G131/><T97/><D114/><U124/><E106/><V104/><F104/><W72/><G72/><T67/><D122/><U23/><E135/><V117/><F117/><W20/><G42/><T73/><D134/><U78/><E78/><V108/><F36/><W71/><G71/><T87/><D68/><U24/><E124/><V33/><F33/><W27/><G76/><T46/><D128/><U21/><REACH who="1" step="1"/><E8/><REACH who="1" ten="279,260,206,245" step="2"/><V116/><F133/><W31/><G85/><T51/><D105/><U126/><E126/><V96/><F116/><W79/><G79/><T58/><D73/><U84/><E84/><N who="2" m="48143" /><F108/><W49/><G49/><T118/><D51/><U0/><E0/><V41/><F6/><W127/><G127/><T7/><D7/><U121/><E121/><V74/><F74/><W86/><G86/><T112/><D1/><U90/><E90/><V107/><F107/><W101/><G101/><T75/><D87/><U38/><E38/><V57/><F44/><W28/><REACH who="3" step="1"/><G22/><REACH who="3" ten="279,260,206,235" step="2"/><T14/><D75/><U34/><E34/><V53/><F41/><W45/><G45/><T2/><D46/><U9/><E9/><V91/><F91/><W32/><G32/><T130/><D103/><U4/><E4/><V89/><F89/><W55/><G55/><T129/><D129/><U10/><E10/><V109/><F109/><W83/><G83/><T3/><D81/><U100/><E100/><V123/><F123/><W50/><G50/><T5/><D130/><U65/><AGARI ba="0,2" hai="16,17,21,23,24,26,52,54,61,63,65,66,110,111" machi="65" ten="25,12000,2" yaku="1,1,0,1,22,2,54,2,53,0" doraHai="132" doraHaiUra="30" who="1" fromWho="1" sc="279,-30,260,140,206,-60,235,-30" /><INIT seed="3,0,0,0,2,115" ten="249,400,146,205" oya="3" hai0="120,44,28,98,35,105,119,16,111,91,46,102,116" hai1="127,38,43,61,73,15,86,113,68,65,124,83,55" hai2="57,85,121,5,7,8,92,97,59,14,63,53,22" hai3="67,45,27,135,110,19,79,133,29,37,4,52,10"/><W42/><G79/><T58/><D120/><U40/><E73/><V77/><F121/><W25/><G67/><T117/><D111/><U50/><E113/><V94/><F22/><W11/><G110/><T17/><D28/><U128/><E38/><V2/><F2/><W64/><G64/><T71/><D71/><U62/><E62/><V47/><F47/><W109/><G109/><T100/><D35/><U30/><E30/><V130/><F130/><W129/><G129/><T80/><D102/><U99/><E99/><V66/><F7/><W103/><G103/><T33/><D33/><U88/><E15/><V93/><F77/><W75/><G75/><T90/><D58/><N who="1" m="33143" /><E128/><V18/><F85/><W95/><G95/><T81/><D46/><U13/><E13/><V74/><F5/><W89/><G89/><T125/><D44/><U108/><E108/><V48/><REACH who="2" step="1"/><F74/><REACH who="2" ten="249,400,136,205" step="2"/><W96/><G4/><T134/><D125/><AGARI ba="0,1" hai="40,43,61,65,68,83,86,88,124,125,127" m="33143" machi="125" ten="30,2000,0" yaku="18,1,54,1" doraHai="115" who="1" fromWho="0" sc="249,-20,400,30,136,0,205,0" /><INIT seed="4,0,0,2,4,13" ten="229,430,136,205" oya="0" hai0="17,126,104,130,24,52,44,113,3,63,25,117,103" hai1="59,122,19,93,27,51,123,35,57,89,36,131,79" hai2="84,69,56,30,90,82,21,32,9,12,53,64,127" hai3="45,80,49,29,96,58,39,66,15,118,121,33,86"/><T23/><D117/><U132/><E36/><V135/><F135/><W101/><G118/><T62/><D3/><U75/><E131/><V14/><F127/><W105/><G39/><T110/><D126/><U72/><E132/><V43/><F43/><W47/><G121/><T60/><D130/><U124/><E124/><V83/><F32/><W46/><G33/><T134/><D134/><U102/><E102/><V70/><F64/><W26/><G26/><T85/><D110/><U41/><E59/><V76/><F30/><W22/><G29/><T18/><D113/><U48/><E48/><V87/><F21/><W37/><G37/><T125/><D125/><U55/><E41/><V115/><F115/><W129/><G129/><T107/><D103/><U40/><E40/><V38/><F38/><W6/><G66/><T73/><D73/><U81/><E75/><V16/><REACH who="2" step="1"/><F14/><REACH who="2" ten="229,430,126,205" step="2"/><W8/><G22/><N who="0" m="13391" /><D107/><U111/><E111/><V61/><AGARI ba="0,1" hai="9,12,16,53,56,61,69,70,76,82,83,84,87,90" machi="61" ten="20,8000,1" yaku="1,1,0,1,7,1,52,1,54,1,53,0" doraHai="13" doraHaiUra="95" who="2" fromWho="2" sc="229,-40,430,-20,126,90,205,-20" /><INIT seed="5,0,0,1,4,98" ten="189,410,216,185" oya="1" hai0="69,62,110,50,71,40,51,57,16,117,114,48,81" hai1="53,127,65,74,29,44,126,42,109,11,75,116,68" hai2="76,84,86,39,106,60,49,14,34,77,95,32,104" hai3="118,80,123,112,6,115,99,105,4,97,129,93,36"/><U131/><E116/><V3/><F39/><W82/><G36/><T134/><D117/><U41/><E29/><V35/><F60/><W119/><G4/><T5/><D5/><U46/><E11/><V13/><F49/><W27/><G27/><T47/><D110/><U122/><E75/><V67/><F67/><W38/><G38/><T33/><D33/><U37/><E74/><V70/><F95/><W64/><G6/><T113/><D134/><U135/><E135/><V56/><F56/><W43/><G43/><T87/><D16/><U9/><E9/><V89/><F89/><N who="3" m="55471" /><G64/><T79/><D47/><U85/><E85/><N who="2" m="32875" /><F70/><W101/><G123/><T121/><D40/><U58/><E122/><V1/><F14/><W28/><G28/><T96/><D121/><U23/><E23/><V83/><F13/><W108/><G108/><T2/><D2/><N who="2" m="522" /><F83/><N who="3" m="31787" /><G129/><T12/><D12/><U130/><E109/><V66/><F66/><W18/><G18/><T17/><D17/><U91/><E65/><V111/><F111/><W59/><G59/><T21/><D71/><U133/><E133/><V124/><F124/><W61/><G61/><T8/><D69/><U72/><E72/><V63/><F63/><W90/><G90/><T15/><D62/><N who="1" m="36175" /><E91/><V7/><F7/><W78/><G78/><AGARI ba="0,0" hai="32,34,35,76,77,78,104,106" m="522,32875" machi="78" ten="40,2600,0" yaku="28,2" doraHai="98" who="2" fromWho="3" sc="189,0,410,0,216,26,185,-26" /><INIT seed="6,0,0,2,5,3" ten="189,410,242,159" oya="2" hai0="48,131,118,1,20,64,107,70,58,104,93,112,65" hai1="34,18,92,54,86,127,15,38,87,73,63,29,12" hai2="11,83,109,51,91,128,85,4,114,22,99,80,47" hai3="130,98,123,5,59,84,24,9,121,132,72,46,88"/><V116/><F116/><W106/><G72/><T57/><D93/><U45/><E73/><V10/><F114/><W97/><G130/><T23/><D1/><U16/><E127/><V17/><F128/><W19/><G132/><T2/><D2/><U6/><E38/><V82/><F109/><W125/><G125/><T52/><D131/><U74/><E74/><V110/><F99/><W14/><G59/><T119/><D70/><U13/><E34/><V26/><F110/><W0/><G24/><T89/><D89/><U134/><E29/><V105/><F105/><W56/><G56/><T124/><D124/><U113/><E113/><V76/><F11/><W32/><G32/><T53/><D112/><U75/><E75/><V36/><F36/><W21/><G46/><T95/><D95/><U39/><E39/><V122/><F122/><W103/><REACH who="3" step="1"/><G98/><REACH who="3" ten="189,410,242,149" step="2"/><T90/><D58/><N who="1" m="35287" /><E45/><V126/><F126/><W77/><G77/><T117/><D65/><U33/><E33/><V66/><F66/><W8/><G8/><T31/><D64/><U79/><E79/><V44/><F76/><W30/><G30/><T96/><D31/><U102/><E134/><V43/><F47/><W133/><G133/><T71/><D96/><N who="1" m="59655" /><E6/><V100/><F100/><W60/><G60/><N who="0" m="35879" /><D90/><U129/><E129/><V78/><F91/><W50/><G50/><T115/><D115/><U69/><E69/><V61/><F61/><W94/><AGARI ba="0,1" hai="0,5,9,14,19,21,84,88,94,97,103,106,121,123" machi="94" ten="20,8000,1" yaku="1,1,0,1,7,1,52,1,54,1,53,0" doraHai="3" doraHaiUra="108" who="3" fromWho="3" sc="189,-20,410,-20,242,-40,149,90" /><INIT seed="7,0,0,4,5,125" ten="169,390,202,239" oya="3" hai0="75,35,55,107,5,104,25,68,130,61,109,94,102" hai1="77,51,21,31,15,20,121,67,79,36,89,101,52" hai2="80,87,6,103,71,39,112,76,47,83,33,10,14" hai3="56,99,90,124,92,58,100,72,118,129,88,128,78"/><W110/><G118/><T64/><D109/><U85/><E36/><V120/><F71/><W74/><G56/><T29/><D75/><N who="3" m="28713" /><G58/><T73/><D73/><U84/><E121/><V37/><F33/><W69/><G69/><T18/><D5/><U50/><E67/><V114/><F103/><W44/><G44/><T63/><D63/><U45/><E101/><V54/><F120/><W123/><G123/><T46/><D130/><N who="3" m="50281" /><G124/><T117/><D117/><U13/><E84/><V57/><F80/><W32/><G32/><T3/><D3/><U16/><E51/><V96/><F96/><N who="3" m="59399" /><G78/><T105/><D46/><U34/><E34/><V11/><F47/><W127/><G127/><T126/><D126/><U82/><E31/><V49/><REACH who="2" step="1"/><F10/><REACH who="2" ten="169,390,192,239" step="2"/><W132/><G110/><T23/><D55/><U108/><E108/><V7/><F7/><W95/><G132/><T40/><D40/><U26/><E26/><V86/><F86/><W9/><G9/><T115/><D35/><U1/><E1/><V65/><F65/><W43/><G43/><T119/><D119/><U93/><E21/><V106/><F106/><W122/><G122/><T91/><D107/><U22/><E22/><V134/><F134/><W4/><G4/><T0/><D105/><U8/><E82/><V97/><F97/><W48/><G90/><T41/><D41/><U59/><E45/><V116/><F116/><W19/><G19/><AGARI ba="0,1" hai="8,13,15,16,19,20,50,52,59,77,79,85,89,93" machi="19" ten="30,12000,2" yaku="7,1,25,2,8,1,54,2" doraHai="125" who="1" fromWho="3" sc="169,0,390,130,192,0,239,-120" owari="169,-23.0,520,62.0,192,-1.0,119,-38.0" /></mjloggm>