<mjloggm ver="2.3"><GO type="97" lobby="0"/><UN n0="%E5%B0%B1%E6%B4%BB%E7%94%9F%40%E5%B7%9D%E6%9D%91%E8%BB%8D%E5%9B%A3" n1="%73%69%72%6F%73%75%70%69" n2="%E6%BF%80%E8%BE%9B" n3="%E7%B4%85%E8%8C%B6%E6%99%82%E9%96%93" dan="15,13,15,15" rate="2019.21,1853.13,2013.92,1976.50" sx="M,M,M,M"/><TAIKYOKU oya="0"/><INIT seed="0,0,0,0,3,23" ten="250,250,250,250" oya="0" hai0="87,113,89,28,94,12,124,53,54,25,7,56,84" hai1="34,36,121,47,16,49,107,111,61,45,76,91,119" hai2="123,118,55,102,59,0,38,41,122,81,33,32,74" hai3="21,95,4,43,35,129,2,8,42,85,93,112,39"/><T73/><D113/><U15/><E119/><V80/><F0/><W14/><G112/><T17/><D73/><U52/><E121/><V103/><F118/><W97/><G35/><T134/><D124/><U116/><E116/><V135/><F41/><W98/><G85/><T22/><D134/><U126/><E126/><V133/><F38/><W114/><G114/><T3/><D3/><U57/><E111/><V90/><F90/><W51/><G39/><T125/><D7/><U13/><E107/><V48/><F74/><W130/><G51/><T26/><D125/><U30/><E34/><V46/><F59/><W132/><G132/><N who="2" m="50761" /><F81/><W120/><G120/><N who="2" m="46121" /><F80/><W60/><G60/><N who="0" m="35855" /><D28/><U69/><E30/><V44/><F44/><W71/><G71/><T5/><D5/><U104/><E104/><V31/><F33/><W62/><G62/><T108/><D108/><U106/><E106/><V127/><F127/><W9/><G2/><T75/><D75/><U24/><E76/><V115/><F115/><W6/><REACH who="3" step="1"/><G14/><REACH who="3" ten="250,250,250,240" step="2"/><T37/><D37/><U83/><E36/><V128/><F128/><W18/><G18/><T67/><D67/><N who="1" m="39343" /><E69/><V66/><F66/><W50/><G50/><T40/><D40/><U20/><E45/><V27/><AGARI ba="0,1" hai="27,31,32,46,48,55,102,103" m="46121,50761" machi="27" ten="40,2700,0" yaku="20,1,52,1" doraHai="23" who="2" fromWho="2" sc="250,-13,250,-7,250,37,240,-7" /><INIT seed="1,0,0,2,5,16" ten="237,243,287,233" oya="1" hai0="100,110,72,48,29,18,135,88,40,17,128,4,9" hai1="20,57,134,85,19,82,37,70,45,62,43,32,73" hai2="55,49,64,53,108,42,60,132,123,84,121,67,34" hai3="126,41,112,12,6,117,27,75,68,10,24,47,5"/><U54/><E134/><V50/><F34/><W23/><G68/><T13/><D72/><U11/><E73/><V103/><F103/><W106/><G112/><T115/><D115/><U51/><E32/><V98/><F98/><W28/><G126/><T35/><D135/><U118/><E118/><V119/><F84/><W61/><G106/><T80/><D128/><U22/><E11/><V76/><F76/><W120/><G120/><N who="2" m="46153" /><F132/><W39/><G117/><T114/><D114/><U71/><E37/><V83/><F83/><W102/><G102/><T105/><D110/><U107/><E107/><V79/><F79/><W86/><G75/><T3/><D105/><U58/><E58/><N who="2" m="34911" /><F119/><W46/><G61/><T113/><D100/><U21/><REACH who="1" step="1"/><E19/><REACH who="1" ten="237,233,287,233" step="2"/><V1/><F1/><W92/><G39/><T91/><D113/><U33/><E33/><V93/><F108/><W131/><G10/><T87/><D17/><U130/><E130/><V69/><F69/><W52/><G131/><T122/><D122/><U111/><E111/><V104/><F104/><W125/><G125/><T78/><D3/><U7/><E7/><V66/><F93/><W38/><G92/><T44/><D18/><U31/><E31/><V89/><F89/><AGARI ba="0,1" hai="20,21,22,43,45,51,54,57,62,70,71,82,85,89" machi="89" ten="40,12000,1" yaku="1,1,52,3,53,0" doraHai="16" doraHaiUra="63" who="1" fromWho="2" sc="237,0,233,130,287,-120,233,0" /><INIT seed="1,1,0,3,0,64" ten="237,363,167,233" oya="1" hai0="59,35,95,122,36,105,100,90,123,133,37,101,44" hai1="42,49,6,43,120,60,19,85,5,11,91,4,68" hai2="93,28,52,115,86,61,106,69,88,51,41,128,109" hai3="129,110,14,50,7,45,77,117,89,9,63,82,48"/><U107/><E120/><N who="0" m="46121" /><D35/><U132/><E107/><V38/><F109/><W79/><G110/><T62/><D133/><U99/><E132/><V71/><F106/><W27/><G129/><T22/><D22/><U134/><E134/><V80/><F128/><W92/><G27/><T34/><D34/><U25/><E99/><V81/><F115/><W118/><G63/><T113/><D113/><U39/><E39/><N who="0" m="14921" /><D44/><U32/><E32/><V65/><F28/><W13/><G13/><T0/><D0/><U112/><E112/><V119/><F119/><N who="3" m="45579" /><G82/><T124/><D124/><U66/><E49/><N who="3" m="19050" /><G45/><T78/><D78/><U74/><E74/><V126/><F126/><W116/><N who="3" m="45587" /><W47/><DORA hai="54" /><G47/><T2/><D2/><U72/><E72/><V10/><F38/><W75/><G75/><T97/><D105/><U135/><E135/><V29/><F41/><W17/><G7/><T111/><D111/><U83/><REACH who="1" step="1"/><E11/><REACH who="1" ten="237,353,167,233" step="2"/><V108/><F10/><W114/><G114/><T131/><D131/><U127/><E127/><V70/><F108/><W12/><G12/><T58/><D62/><U104/><E104/><V15/><F15/><W73/><G73/><T121/><D121/><U26/><E26/><V76/><F29/><W23/><G9/><T1/><D1/><U130/><E130/><V20/><F20/><AGARI ba="1,1" hai="4,5,6,19,20,25,42,43,60,66,68,83,85,91" machi="20" ten="40,3900,0" yaku="1,1,52,1,53,0" doraHai="64,54" doraHaiUra="33,53" who="1" fromWho="2" sc="237,0,353,52,167,-42,233,0" /><INIT seed="1,2,0,2,2,96" ten="237,405,125,233" oya="1" hai0="4,49,129,65,104,2,90,62,36,46,14,42,24" hai1="66,134,12,85,55,118,75,48,18,67,47,74,127" hai2="117,94,9,50,13,60,40,56,106,7,123,33,41" hai3="16,39,63,84,61,53,99,59,57,32,22,31,21"/><U109/><E118/><V100/><F123/><W79/><G39/><T64/><D129/><U20/><E134/><V1/><F33/><W30/><G32/><T128/><D2/><U26/><E127/><V38/><F38/><W70/><G70/><T120/><D120/><U97/><E109/><V103/><F106/><W58/><G99/><T11/><D104/><U34/><E97/><V45/><F117/><W73/><G73/><T17/><D128/><U35/><E85/><V98/><F1/><W77/><G84/><T101/><D101/><U27/><E27/><V83/><F83/><W8/><G8/><T102/><D102/><U51/><E51/><V132/><F132/><W19/><G59/><T122/><D36/><U126/><E126/><V54/><REACH who="2" step="1"/><F103/><REACH who="2" ten="237,405,115,233" step="2"/><W6/><G6/><T119/><D122/><U82/><E34/><V115/><F115/><W3/><G3/><T131/><D119/><U125/><E82/><V43/><AGARI ba="2,1" hai="7,9,13,40,41,43,45,50,54,56,60,94,98,100" machi="43" ten="20,12000,2" yaku="1,1,0,1,7,1,8,1,52,1,53,1" doraHai="96" doraHaiUra="89" who="2" fromWho="2" sc="237,-32,405,-62,115,136,233,-32" /><INIT seed="2,0,0,1,4,20" ten="205,343,251,201" oya="2" hai0="64,108,72,99,103,69,113,45,131,38,4,41,37" hai1="65,43,134,13,66,14,55,80,16,19,29,94,46" hai2="61,92,51,60,77,98,100,27,48,52,12,88,116" hai3="9,39,132,70,128,117,112,81,28,97,57,74,30"/><V1/><F1/><W85/><G117/><T89/><D72/><U91/><E134/><V42/><F116/><W76/><G39/><T18/><D113/><U71/><E71/><V130/><F130/><W129/><G132/><T68/><D131/><N who="3" m="50249" /><G70/><T32/><D32/><U6/><E6/><V21/><F77/><W106/><G112/><T54/><D108/><U109/><E109/><V56/><F12/><W34/><G9/><T119/><D4/><U15/><E29/><N who="3" m="11370" /><G34/><T102/><D119/><U104/><E104/><V84/><F42/><W90/><G57/><T31/><D38/><U8/><E15/><V25/><F61/><W123/><G123/><T95/><D31/><U24/><E24/><N who="2" m="9291" /><F21/><W22/><G22/><T47/><D18/><U33/><E33/><V11/><F11/><W3/><G3/><T58/><D68/><U82/><E43/><V127/><F127/><W96/><G106/><T78/><D78/><U7/><E7/><V124/><F124/><W133/><G133/><T36/><D69/><U125/><E125/><V35/><F35/><W2/><G2/><T53/><D36/><U120/><E120/><V44/><F44/><W118/><G118/><T93/><D45/><U122/><E122/><V49/><F49/><W0/><G0/><T26/><D26/><U79/><E79/><V126/><F126/><W63/><G63/><N who="0" m="38007" /><D37/><U111/><E111/><V83/><AGARI ba="0,0" hai="48,51,52,56,60,83,84,88,92,98,100" m="9291" machi="83" ten="30,18000,2" yaku="8,1,52,3,54,2" doraHai="20" who="2" fromWho="2" sc="205,-60,343,-60,251,180,201,-60" /><INIT seed="2,1,0,3,2,14" ten="145,283,431,141" oya="2" hai0="104,79,36,94,132,63,119,113,55,22,20,95,64" hai1="28,89,112,26,60,116,81,61,17,68,101,71,10" hai2="37,62,93,83,110,56,73,92,80,115,38,19,1" hai3="134,69,8,106,85,30,102,21,99,58,111,48,50"/><V100/><F1/><W15/><G69/><T31/><D104/><U78/><E101/><V131/><F115/><W27/><G111/><T103/><D113/><U97/><E112/><V24/><F110/><W105/><G134/><T41/><D132/><U33/><E116/><V86/><F131/><W35/><G106/><T23/><D119/><U47/><E47/><V67/><F38/><W16/><G58/><N who="0" m="36983" /><D79/><U125/><E125/><V88/><F37/><W65/><G65/><T25/><D94/><U11/><E11/><V90/><F100/><W45/><G45/><N who="0" m="23719" /><D55/><U59/><E61/><V76/><F90/><W87/><REACH who="3" step="1"/><G35/><REACH who="3" ten="145,283,431,131" step="2"/><T121/><D121/><U124/><E33/><V43/><F67/><W39/><G39/><T34/><D34/><U3/><E68/><V2/><F73/><W126/><G126/><T77/><D77/><U0/><E71/><V52/><F76/><W53/><G53/><T117/><D117/><U18/><E124/><V130/><F52/><W40/><G40/><T129/><D129/><U12/><E78/><V46/><F43/><W74/><G74/><T44/><D44/><U6/><E89/><V75/><F46/><W96/><G96/><AGARI ba="1,1" hai="20,22,23,25,31,95,96,103" m="23719,36983" machi="96" ten="30,1000,0" yaku="25,1" doraHai="14" who="0" fromWho="3" sc="145,23,283,0,431,0,131,-13" /><INIT seed="3,0,0,5,1,38" ten="168,283,431,118" oya="3" hai0="20,68,3,81,131,94,69,135,86,125,58,90,16" hai1="10,118,11,39,97,18,64,124,59,133,115,2,104" hai2="54,57,132,33,44,127,121,41,78,26,102,111,76" hai3="55,23,30,25,82,50,93,72,19,7,43,60,79"/><W70/><G7/><T77/><D3/><U106/><E118/><V95/><F111/><W46/><G93/><T100/><D100/><U92/><E39/><V123/><F33/><W52/><REACH who="3" step="1"/><G30/><REACH who="3" ten="168,283,431,108" step="2"/><T88/><D131/><U75/><E92/><V83/><F95/><W47/><G47/><T119/><D119/><U126/><E126/><V15/><F127/><W103/><G103/><T29/><D125/><U17/><E124/><V5/><F102/><W101/><G101/><T99/><D29/><U63/><E115/><V62/><F5/><W134/><G134/><T8/><D135/><U45/><E133/><V6/><F132/><W107/><G107/><T116/><D116/><U114/><E45/><V14/><F6/><W31/><G31/><T96/><D58/><U85/><E114/><V84/><F44/><W71/><G71/><T110/><D110/><U28/><E28/><V12/><F57/><W34/><G34/><T73/><D69/><U108/><E108/><V91/><F83/><W120/><G120/><T130/><D68/><U66/><E59/><V122/><F123/><W40/><G40/><T128/><D130/><U61/><E104/><V98/><F41/><W24/><G24/><T36/><D128/><U117/><E106/><V53/><F26/><W37/><G37/><T89/><D36/><U112/><E112/><V74/><F122/><W1/><G1/><T13/><D99/><U80/><E2/><V129/><F98/><W56/><G56/><T35/><D35/><U48/><E117/><V21/><F121/><W51/><G51/><T22/><D96/><RYUUKYOKU ba="0,1" sc="168,15,283,-15,431,-15,108,15" hai0="8,13,16,20,22,73,77,81,86,88,89,90,94" hai3="19,23,25,43,46,50,52,55,60,70,72,79,82" /><INIT seed="3,1,1,3,3,97" ten="183,268,416,123" oya="3" hai0="86,122,87,64,46,11,69,126,35,49,63,132,95" hai1="37,75,57,47,102,113,48,80,114,73,103,92,134" hai2="27,116,106,6,3,125,41,105,94,31,28,42,58" hai3="44,71,61,32,119,14,135,90,99,60,121,109,43"/><W72/><G121/><T1/><D122/><U78/><E37/><V115/><F115/><N who="1" m="44041" /><E47/><V67/><F116/><W23/><G119/><T128/><D35/><U133/><E48/><V34/><F125/><W8/><G72/><T108/><D108/><U9/><E9/><V112/><F112/><W45/><G32/><T107/><D107/><U127/><E57/><V36/><F106/><W88/><G135/><N who="1" m="51722" /><E127/><V54/><F105/><W25/><G109/><T13/><D1/><U111/><E111/><V82/><F94/><N who="3" m="56775" /><G71/><T15/><D95/><U89/><E73/><V7/><F82/><W30/><G90/><T100/><D128/><U117/><E117/><V62/><F36/><W52/><G43/><T5/><D100/><U81/><E81/><V40/><F3/><W4/><G45/><T124/><D132/><U96/><AGARI ba="1,1" hai="75,78,80,89,92,96,102,103" m="51722,44041" machi="96" ten="30,8000,1" yaku="20,1,34,2,52,2" doraHai="97" who="1" fromWho="1" sc="183,-21,268,93,416,-21,123,-41" owari="162,-24.0,361,16.0,395,50.0,82,-42.0" /></mjloggm>