<mjloggm ver="2.3"><GO type="97" lobby="0"/><UN n0="%E3%83%98%E3%83%9C%E9%9B%80%E5%A3%AB" n1="%E2%99%AA%53%6F%6E%69%63%6F%E2%99%AA" n2="%E9%96%8B%E6%88%90%E5%AD%A6%E7%BF%92%E7%A0%94%E7%A9%B6%E6%89%80" n3="%E5%B0%B1%E6%B4%BB%E7%94%9F%40%E5%B7%9D%E6%9D%91%E8%BB%8D%E5%9B%A3" dan="14,15,14,15" rate="1948.39,2076.37,1921.24,2057.27" sx="M,M,M,M"/><TAIKYOKU oya="0"/><INIT seed="0,0,0,1,3,12" ten="250,250,250,250" oya="0" hai0="75,19,119,104,30,52,84,96,31,86,55,111,100" hai1="133,15,114,14,72,47,116,10,22,105,126,76,130" hai2="108,95,124,28,18,91,85,5,45,73,2,23,26" hai3="39,94,107,29,92,1,11,79,97,3,80,121,70"/><T36/><D36/><U54/><E105/><V123/><F108/><W65/><G39/><T90/><D75/><U78/><E116/><V24/><F124/><W16/><G107/><T32/><D119/><U0/><E0/><V46/><F73/><W112/><G112/><T33/><D111/><U74/><E126/><V83/><F123/><W131/><G29/><N who="0" m="10763" /><D33/><U8/><E22/><V102/><F5/><W34/><G34/><T42/><D32/><U71/><E47/><N who="2" m="17931" /><F2/><W117/><G117/><T58/><D104/><U61/><E61/><V50/><F50/><W59/><G70/><T37/><D37/><U87/><E87/><N who="0" m="33321" /><D100/><U41/><E71/><V128/><F128/><W60/><G131/><T115/><D42/><U21/><E130/><V120/><F120/><W25/><G121/><T132/><D132/><U67/><E133/><V93/><F102/><W51/><G3/><T17/><D115/><U69/><E69/><V7/><F7/><W109/><G1/><T40/><D40/><U53/><E41/><V129/><F129/><W127/><G109/><T82/><D82/><U66/><E114/><V62/><F62/><W13/><G127/><T134/><D134/><U98/><E21/><AGARI ba="0,0" hai="18,21,23,24,26,28,83,85,91,93,95" m="17931" machi="21" ten="30,2000,0" yaku="8,1,52,1" doraHai="12" who="2" fromWho="1" sc="250,0,250,-20,250,20,250,0" /><INIT seed="1,0,0,0,1,38" ten="250,230,270,250" oya="1" hai0="58,109,90,33,72,103,77,86,7,59,37,1,51" hai1="68,115,19,55,50,60,119,46,26,73,9,62,89" hai2="34,71,53,61,84,20,95,128,41,10,124,18,49" hai3="14,0,117,56,67,54,66,125,123,15,63,11,127"/><U36/><E119/><V76/><F128/><W52/><G123/><T120/><D37/><U104/><E115/><V118/><F124/><N who="3" m="47691" /><G117/><T121/><D33/><U133/><E104/><V134/><F34/><W108/><G108/><T88/><D103/><U135/><E73/><V45/><F134/><N who="1" m="51209" /><E68/><V82/><F10/><W21/><G54/><T16/><D72/><U75/><E75/><V114/><F114/><W132/><G132/><T116/><D116/><U126/><E126/><V31/><F31/><W13/><G21/><T3/><D77/><U113/><E113/><V107/><F107/><W99/><G99/><T29/><D29/><U85/><E36/><V74/><F118/><W105/><G105/><T92/><D109/><U70/><E70/><V6/><F6/><AGARI ba="0,0" hai="0,6,11,13,14,15,52,56,63,66,67" m="47691" machi="6" ten="30,2000,0" yaku="18,1,54,1" doraHai="38" who="3" fromWho="2" sc="250,0,230,0,270,-20,250,20" /><INIT seed="2,0,0,5,3,102" ten="250,230,250,270" oya="2" hai0="31,72,126,83,41,27,26,18,98,77,115,133,25" hai1="44,116,34,38,60,14,113,40,52,80,22,107,0" hai2="105,58,114,28,89,53,5,87,103,112,35,30,37" hai3="32,54,73,15,82,16,68,42,7,61,111,101,70"/><V9/><F37/><W39/><G32/><T36/><D115/><U110/><E113/><V63/><F30/><W128/><G7/><T97/><D126/><U94/><E0/><V62/><F62/><W92/><G128/><T75/><D133/><U56/><E34/><V6/><F6/><W91/><G101/><T134/><D134/><U78/><E116/><V20/><F20/><W21/><G111/><T33/><D72/><U55/><E110/><V2/><F105/><W76/><G42/><T86/><D75/><U118/><E118/><V104/><F104/><W1/><G1/><T66/><D66/><U125/><E125/><V59/><F103/><W132/><G39/><T123/><D123/><U108/><E108/><V29/><F59/><W117/><G117/><T100/><D18/><U57/><E107/><V121/><F29/><W43/><G43/><T84/><D84/><U106/><E106/><V88/><F89/><W3/><G3/><T99/><D100/><U79/><E94/><V10/><F10/><W69/><G132/><T48/><D36/><U122/><E122/><V96/><F96/><W50/><G61/><T45/><AGARI ba="0,0" hai="25,26,27,31,33,41,45,48,77,83,86,97,98,99" machi="45" ten="30,1100,0" yaku="0,1" doraHai="102" who="0" fromWho="0" sc="250,11,230,-3,250,-5,270,-3" /><INIT seed="3,0,0,1,5,118" ten="261,227,245,267" oya="3" hai0="123,49,54,106,66,1,134,62,119,63,129,16,51" hai1="86,121,20,17,122,37,70,127,116,83,56,112,53" hai2="34,0,115,10,132,135,57,81,114,28,45,133,25" hai3="85,39,126,6,52,78,111,130,90,79,95,131,74"/><W32/><G39/><T94/><D106/><U99/><E112/><V23/><F57/><W41/><G41/><T87/><D1/><U30/><E70/><V50/><F81/><N who="3" m="45271" /><G32/><T75/><D75/><U110/><E37/><V88/><F88/><N who="3" m="53647" /><G6/><T43/><D119/><U68/><E68/><V73/><F73/><W55/><G79/><T104/><D104/><U120/><E116/><V35/><F50/><W2/><G2/><T31/><D31/><U15/><E127/><V76/><F45/><W101/><G101/><T44/><D66/><U117/><E117/><V60/><F60/><W40/><G40/><T33/><D33/><N who="2" m="12298" /><F76/><W61/><G126/><T103/><D62/><U97/><E30/><V71/><F71/><W19/><G61/><T92/><D63/><U91/><REACH who="1" step="1"/><E110/><REACH who="1" ten="261,217,245,267" step="2"/><V9/><F0/><W69/><G69/><T59/><D134/><U13/><E13/><V67/><F67/><W58/><G111/><T72/><D129/><N who="3" m="49161" /><G58/><T107/><D59/><U18/><E18/><V38/><F38/><W14/><G90/><T102/><D16/><U8/><E8/><AGARI ba="0,1" hai="8,9,10,23,25,28,114,115,132,133,135" m="12298" machi="8" ten="40,5200,0" yaku="20,1,34,2" doraHai="118" who="2" fromWho="1" sc="261,0,217,-52,245,62,267,0" /><AGARI ba="0,0" hai="8,14,19,52,55" m="49161,53647,45271" machi="8" ten="30,5800,0" yaku="19,1,54,2" doraHai="118" who="3" fromWho="1" sc="261,0,165,-58,307,0,267,58" owari="261,-14.0,107,-39.0,307,11.0,325,42.0" /></mjloggm>