<mjloggm ver="2.3"><GO type="97" lobby="0"/><UN n0="%67%75%70%70%79%39%38" n1="%E4%B9%9D%E5%AE%98%E9%B3%A5%28%E3%82%AA%E3%82%B9%29" n2="%E5%B0%B1%E6%B4%BB%E7%94%9F%40%E5%B7%9D%E6%9D%91%E8%BB%8D%E5%9B%A3" n3="%E5%B1%B1%E6%9C%AC%E4%BA%94%E6%8D%A8%E5%85%AD%E5%85%A5" dan="15,14,15,13" rate="1993.65,1981.33,2010.85,1873.04" sx="M,M,M,F"/><TAIKYOKU oya="0"/><INIT seed="0,0,0,2,1,92" ten="250,250,250,250" oya="0" hai0="89,32,59,111,110,73,46,58,60,1,93,22,66" hai1="70,12,97,62,103,20,14,38,133,61,0,86,16" hai2="5,52,7,30,123,65,4,116,129,3,24,69,33" hai3="98,85,101,48,67,126,35,105,107,64,72,81,42"/><T13/><D73/><U63/><E0/><V95/><F123/><W108/><G108/><N who="0" m="41515" /><D1/><U124/><E38/><V71/><F129/><W102/><G126/><T28/><D32/><U8/><E124/><V78/><F116/><W94/><G35/><T57/><D46/><U130/><E130/><V115/><F65/><W11/><G72/><T2/><D2/><U99/><E133/><V23/><F3/><W68/><G11/><T82/><D82/><U10/><E70/><V132/><F115/><W17/><G17/><N who="0" m="10543" /><D28/><U41/><E41/><V44/><F33/><W39/><G39/><T40/><D40/><U83/><E103/><V96/><F78/><W45/><G68/><T118/><D118/><U127/><E127/><V49/><REACH who="2" step="1"/><F132/><REACH who="2" ten="250,250,240,250" step="2"/><W76/><REACH who="3" step="1"/><G107/><REACH who="3" ten="250,250,240,240" step="2"/><T84/><AGARI ba="0,2" hai="57,58,59,60,66,84,89,93" m="10543,41515" machi="84" ten="30,3000,0" yaku="14,1,10,1" doraHai="92" who="0" fromWho="0" sc="250,50,250,-10,240,-10,240,-10" /><INIT seed="0,1,0,2,1,84" ten="300,240,230,230" oya="0" hai0="63,135,40,62,119,77,107,68,109,9,33,95,72" hai1="90,75,70,83,25,42,41,114,36,81,12,110,10" hai2="106,50,55,57,0,86,11,1,67,92,29,22,37" hai3="74,128,93,26,60,64,85,131,134,91,79,44,4"/><T69/><D119/><U104/><E110/><V102/><F37/><W123/><G134/><T47/><D107/><U73/><E70/><V112/><F112/><W82/><G4/><T66/><D135/><U54/><E104/><V129/><F129/><N who="3" m="49739" /><G44/><T108/><D33/><U130/><E130/><V35/><F35/><W71/><G26/><T115/><D115/><U51/><E114/><V59/><F106/><W78/><G78/><T2/><D77/><U56/><E36/><V34/><F34/><W116/><G116/><T38/><D72/><U61/><E73/><V3/><F11/><W20/><G20/><T80/><D80/><U132/><E132/><V98/><F86/><W126/><G126/><T27/><D95/><U49/><E25/><N who="2" m="16567" /><F3/><W76/><G76/><T31/><D27/><U133/><E133/><V105/><F105/><W113/><G113/><T46/><D31/><U58/><E75/><V28/><F28/><W127/><G127/><T97/><D47/><U87/><E81/><V52/><F55/><W7/><G7/><N who="0" m="1271" /><D97/><U124/><E124/><V122/><F122/><AGARI ba="1,0" hai="60,64,71,74,79,82,85,91,93,122,123" m="49739" machi="122" ten="30,2000,0" yaku="19,1,52,1" doraHai="84" who="3" fromWho="2" sc="300,0,240,0,230,-23,230,23" /><INIT seed="1,0,0,1,0,32" ten="300,240,207,253" oya="1" hai0="86,0,99,121,9,44,128,132,29,98,92,83,115" hai1="61,125,108,55,103,41,35,131,64,47,113,60,71" hai2="6,95,117,109,90,112,49,24,57,46,118,105,129" hai3="70,74,30,5,111,101,120,40,122,104,97,127,68"/><U93/><E35/><V43/><F105/><W54/><G111/><T26/><D121/><U15/><E113/><V16/><F112/><W123/><G127/><T76/><D115/><U51/><E125/><V124/><F124/><W67/><G74/><T81/><D132/><U119/><E119/><V28/><F109/><W58/><G40/><T102/><D128/><U4/><E108/><V7/><F129/><W87/><G30/><T91/><D44/><U20/><E131/><V135/><F135/><W65/><G87/><T14/><D0/><U10/><E20/><V100/><F100/><W110/><G110/><T27/><D29/><U8/><E8/><V107/><F107/><W53/><G53/><T45/><D45/><U85/><E85/><V72/><F72/><W114/><G114/><T56/><D56/><U62/><REACH who="1" step="1"/><E41/><REACH who="1" ten="300,230,207,253" step="2"/><V25/><F117/><W21/><G21/><T88/><D99/><AGARI ba="0,1" hai="4,10,15,47,51,55,60,61,62,64,71,93,99,103" machi="99" ten="40,7700,0" yaku="1,1,2,1,53,1" doraHai="32" doraHaiUra="66" who="1" fromWho="0" sc="300,-77,230,87,207,0,253,0" /><INIT seed="1,1,0,1,0,128" ten="223,317,207,253" oya="1" hai0="100,20,10,99,104,53,133,55,118,23,28,114,15" hai1="77,6,35,76,51,37,3,2,102,131,119,106,18" hai2="60,50,22,31,59,39,17,30,32,103,135,97,107" hai3="7,127,79,9,67,80,26,134,117,121,64,93,126"/><U78/><E37/><V87/><F39/><W109/><G109/><T72/><D118/><U98/><E35/><V11/><F32/><W105/><G121/><T94/><D114/><U68/><E119/><V65/><F135/><W44/><G105/><T45/><D72/><U19/><E68/><V24/><F11/><W116/><G93/><T21/><D133/><U96/><E131/><V132/><F132/><W0/><G26/><T70/><D70/><U89/><E51/><V111/><F111/><W34/><G34/><T47/><D28/><U57/><E57/><V113/><F113/><W75/><G44/><N who="0" m="16971" /><D104/><U130/><E130/><V42/><F42/><W84/><G75/><T122/><D122/><U14/><E6/><AGARI ba="1,0" hai="6,10,15,20,21,23,53,55,94,99,100" m="16971" machi="6" ten="30,1000,0" yaku="8,1" doraHai="128" who="0" fromWho="1" sc="223,13,317,-13,207,0,253,0" /><INIT seed="2,0,0,4,1,125" ten="236,304,207,253" oya="2" hai0="27,89,103,70,87,0,10,123,14,129,26,84,64" hai1="33,55,65,62,85,131,25,20,30,77,76,107,101" hai2="105,34,116,24,51,120,93,133,41,61,108,92,128" hai3="22,43,71,32,86,88,81,9,4,126,57,75,72"/><V130/><F105/><W80/><G71/><T66/><D123/><U69/><E131/><N who="2" m="50219" /><F120/><W12/><G32/><T94/><D0/><U7/><E7/><V134/><F116/><W119/><G119/><T109/><D109/><U113/><E113/><V37/><F37/><W115/><G126/><T114/><D129/><U99/><E20/><V2/><F2/><W42/><G115/><T48/><D114/><U47/><E85/><N who="0" m="32841" /><D103/><U54/><REACH who="1" step="1"/><E47/><REACH who="1" ten="236,294,207,253" step="2"/><N who="2" m="26095" /><F108/><W52/><G81/><T1/><D1/><U90/><E90/><V132/><F61/><W17/><G75/><T117/><D117/><U111/><E111/><V135/><F135/><W73/><G72/><T127/><D127/><U104/><E104/><V21/><F34/><W23/><G73/><T74/><D74/><U49/><E49/><V97/><F97/><W16/><G4/><N who="0" m="3399" /><D48/><U56/><E56/><V122/><F122/><W78/><G78/><AGARI ba="0,1" hai="25,30,33,54,55,62,65,69,76,77,78,99,101,107" machi="78" ten="40,5200,0" yaku="1,1,25,2,53,0" doraHai="125" doraHaiUra="83" who="1" fromWho="3" sc="236,0,294,62,207,0,253,-52" /><INIT seed="3,0,0,0,4,73" ten="236,356,207,201" oya="3" hai0="44,118,62,81,59,10,127,120,99,79,0,6,32" hai1="7,15,116,2,102,68,101,17,14,29,125,1,106" hai2="123,30,47,109,92,78,71,56,126,134,42,66,25" hai3="33,93,87,69,57,19,51,88,12,74,96,77,58"/><W52/><G69/><T97/><D120/><U41/><E68/><V119/><F119/><W90/><G33/><T75/><D118/><U95/><E106/><V129/><F71/><W46/><G74/><T53/><D127/><U45/><E95/><V13/><F123/><W34/><G34/><T98/><D32/><U130/><E29/><V112/><F112/><W104/><G104/><T83/><D83/><U133/><E1/><V63/><F126/><W22/><G77/><T38/><D99/><U24/><E125/><V103/><F109/><W37/><G37/><T128/><D128/><U76/><E133/><V18/><F134/><W108/><G108/><T39/><D38/><U117/><E76/><V20/><F78/><W113/><REACH who="3" step="1"/><G113/><REACH who="3" ten="236,356,207,191" step="2"/><T23/><D39/><N who="1" m="21695" /><E116/><V131/><F129/><W35/><G35/><T48/><REACH who="0" step="1"/><D23/><REACH who="0" ten="226,356,207,191" step="2"/><U111/><E117/><V49/><F131/><W115/><G115/><T3/><D3/><U94/><E2/><V86/><F20/><W80/><AGARI ba="0,2" hai="12,19,22,46,51,52,57,58,80,87,88,90,93,96" machi="80" ten="20,18000,2" yaku="1,1,0,1,7,1,8,1,54,2,53,1" doraHai="73" doraHaiUra="8" who="3" fromWho="3" sc="226,-60,356,-60,207,-60,191,200" owari="166,-23.0,296,10.0,147,-35.0,391,48.0" /></mjloggm>