<mjloggm ver="2.3"><GO type="97" lobby="0"/><UN n0="%E5%B0%B1%E6%B4%BB%E7%94%9F%40%E5%B7%9D%E6%9D%91%E8%BB%8D%E5%9B%A3" n1="%E3%82%AC%E3%83%81%E3%83%9B%E3%83%A2%E3%82%B5%E3%82%A6%E3%82%B6%E3%83%BC" n2="%6D%69%70%70%6F" n3="%69%6B%65%70%61%6B%69%32" dan="15,13,14,15" rate="1981.70,1883.11,1939.92,1985.00" sx="M,M,M,M"/><TAIKYOKU oya="0"/><INIT seed="0,0,0,2,1,105" ten="250,250,250,250" oya="0" hai0="23,14,62,18,2,68,127,89,82,10,93,13,0" hai1="71,135,112,44,99,122,87,72,70,86,30,32,124" hai2="52,49,42,117,106,37,38,54,64,101,60,126,116" hai3="131,65,6,4,76,67,69,118,26,1,110,74,111"/><T53/><D127/><U66/><E124/><V132/><F106/><W113/><G113/><T90/><D82/><U34/><E112/><V95/><F126/><W115/><G115/><T94/><D68/><U40/><E122/><V20/><F95/><N who="0" m="36362" /><D2/><U129/><E135/><V48/><F20/><W91/><G118/><N who="2" m="45673" /><F101/><W109/><G131/><T55/><D0/><U22/><E129/><V9/><F9/><N who="3" m="2191" /><G6/><N who="0" m="3287" /><D62/><U41/><E99/><V43/><F132/><W107/><G91/><AGARI ba="0,0" hai="14,18,23,53,55,89,90,91" m="3287,36362" machi="91" ten="30,1500,0" yaku="8,1" doraHai="105" who="0" fromWho="3" sc="250,15,250,0,250,0,250,-15" /><INIT seed="0,1,0,2,2,118" ten="265,250,250,235" oya="0" hai0="83,38,35,27,95,105,70,115,62,81,69,0,23" hai1="19,15,12,93,9,104,113,84,119,85,82,28,41" hai2="106,114,61,107,39,50,18,29,11,31,97,13,72" hai3="112,65,52,16,46,134,126,101,80,120,110,58,36"/><T51/><D38/><U66/><E104/><V5/><F39/><W123/><G112/><T21/><D105/><U17/><E28/><V108/><F72/><W117/><G117/><T100/><D0/><U127/><E127/><V121/><F108/><W92/><G110/><T57/><D115/><U91/><E113/><V73/><F114/><W49/><G126/><T45/><D35/><U130/><E130/><V10/><F73/><W48/><G36/><T122/><D70/><U14/><E119/><V71/><F106/><W3/><G3/><T8/><D8/><U88/><E41/><V59/><F71/><W55/><G134/><T22/><D69/><U74/><E74/><V98/><F121/><N who="3" m="46667" /><G65/><N who="0" m="39119" /><D122/><U64/><REACH who="1" step="1"/><E14/><REACH who="1" ten="265,240,250,235" step="2"/><N who="2" m="7511" /><F107/><W132/><G132/><T116/><D116/><U111/><E111/><V1/><F1/><W20/><G80/><T44/><D83/><U7/><E7/><V34/><F34/><W125/><G125/><T56/><D81/><U75/><E75/><V90/><F31/><W78/><G78/><T32/><D32/><U60/><E60/><V89/><F29/><W129/><G129/><T99/><D27/><U124/><E124/><V30/><F30/><W54/><G92/><T63/><D51/><U76/><E76/><V25/><F50/><W40/><G101/><T24/><D24/><AGARI ba="1,1" hai="16,20,24,40,46,48,49,52,54,55,58" m="46667" machi="24" ten="30,12000,2" yaku="13,1,52,3,54,2" doraHai="118" who="3" fromWho="0" sc="265,-123,240,0,250,0,235,133" /><INIT seed="1,0,0,0,1,115" ten="142,240,250,368" oya="1" hai0="47,107,75,21,40,27,113,17,63,100,108,11,116" hai1="123,49,64,25,62,94,33,19,35,114,55,88,24" hai2="34,124,118,59,106,101,127,83,5,29,109,99,68" hai3="10,90,56,43,50,41,3,28,12,22,126,93,23"/><U8/><E123/><V0/><F68/><W16/><G3/><T74/><D113/><U26/><E114/><V98/><F109/><W121/><G126/><N who="2" m="48169" /><F34/><W39/><G39/><T82/><D108/><U44/><E8/><N who="2" m="2087" /><F29/><W72/><G72/><T9/><D116/><U20/><E35/><V57/><F98/><W71/><G71/><T13/><D82/><U52/><E55/><V65/><F83/><W61/><G121/><T69/><D11/><U119/><E119/><V15/><F15/><W86/><G50/><T77/><D77/><U80/><E80/><V85/><F118/><W7/><G28/><T129/><D129/><U66/><E33/><V54/><F85/><W84/><G84/><T133/><D133/><U14/><REACH who="1" step="1"/><E62/><REACH who="1" ten="142,230,250,368" step="2"/><N who="2" m="36151" /><F65/><N who="3" m="39079" /><G7/><T4/><D63/><U120/><E120/><V128/><F128/><W76/><G76/><T97/><REACH who="0" step="1"/><D69/><REACH who="0" ten="132,230,250,368" step="2"/><U110/><E110/><V102/><F59/><W48/><G43/><T53/><D53/><U122/><E122/><V18/><F102/><W135/><G135/><T31/><D31/><U91/><E91/><V79/><F79/><W70/><G70/><T131/><D131/><U89/><E89/><V46/><F18/><W103/><G41/><T111/><D111/><U60/><E60/><V130/><F130/><W38/><G90/><T30/><D30/><U32/><E32/><V36/><F46/><W78/><G78/><T73/><D73/><U112/><E112/><V58/><F58/><W134/><G134/><T81/><D81/><U6/><E6/><V104/><F36/><AGARI ba="0,2" hai="4,9,13,17,21,27,36,40,47,74,75,97,100,107" machi="36" ten="30,3900,0" yaku="1,1,7,1,53,1" doraHai="115" doraHaiUra="1" who="0" fromWho="2" sc="132,59,230,0,250,-39,368,0" /><INIT seed="2,0,0,3,5,52" ten="191,230,211,368" oya="2" hai0="64,109,44,12,45,56,37,116,32,13,0,81,84" hai1="60,114,42,67,41,22,95,17,31,88,133,24,128" hai2="11,39,38,119,18,25,50,89,126,16,130,98,87" hai3="106,33,62,35,120,113,5,10,131,100,54,21,23"/><V65/><F119/><W34/><G120/><T134/><D0/><U96/><E114/><V91/><F126/><W124/><G113/><T76/><D32/><U49/><E128/><V69/><F130/><W127/><G131/><T132/><D109/><U20/><E133/><N who="0" m="51305" /><D116/><U30/><E49/><V74/><F74/><W3/><G100/><T117/><D117/><U77/><E77/><V72/><F72/><W90/><G106/><T68/><D68/><U14/><REACH who="1" step="1"/><E31/><REACH who="1" ten="191,220,211,368" step="2"/><V1/><F50/><W70/><G124/><T121/><D121/><U110/><E110/><V107/><F39/><W123/><G127/><T71/><D71/><AGARI ba="0,1" hai="14,17,20,22,24,30,41,42,60,67,71,88,95,96" machi="71" ten="30,3900,0" yaku="1,1,7,1,54,1,53,0" doraHai="52" doraHaiUra="47" who="1" fromWho="0" sc="191,-39,220,49,211,0,368,0" /><INIT seed="3,0,0,1,1,91" ten="152,269,211,368" oya="3" hai0="3,34,5,52,18,85,32,55,126,61,62,76,124" hai1="24,47,75,135,115,1,130,74,64,113,19,58,89" hai2="128,97,49,13,65,122,100,109,40,45,57,59,9" hai3="81,118,66,108,111,67,134,51,27,133,127,17,42"/><W101/><G118/><T21/><D5/><U38/><E1/><V22/><F109/><N who="3" m="42059" /><G127/><N who="0" m="48683" /><D3/><U105/><E130/><V112/><F128/><W7/><G101/><T46/><D76/><U0/><E0/><V80/><F112/><W98/><G98/><T36/><D85/><U70/><E135/><V95/><BYE who="3" /><F95/><W96/><G96/><T120/><D120/><UN n3="%69%6B%65%70%61%6B%69%32" /><U117/><E117/><V68/><F68/><W131/><G81/><T11/><D11/><U129/><E129/><V93/><F122/><W116/><G131/><T31/><D31/><U16/><E70/><V23/><F80/><W86/><G7/><T83/><D83/><U15/><E105/><V82/><F82/><W30/><G86/><T102/><D102/><U84/><E74/><V41/><F41/><W60/><G17/><T25/><D36/><U94/><E75/><V132/><F132/><N who="3" m="50795" /><G116/><T72/><D72/><U77/><E77/><V79/><F79/><W26/><G26/><T106/><D106/><U33/><E33/><N who="0" m="12905" /><D46/><U39/><E47/><V4/><F65/><W12/><G12/><T44/><D44/><U29/><E19/><V104/><F104/><W114/><G114/><T10/><D10/><U48/><E115/><V2/><F2/><W71/><G67/><T103/><D103/><U87/><E113/><V92/><F92/><W6/><G6/><T119/><D119/><U73/><E73/><V37/><F37/><W90/><G30/><T107/><D107/><U20/><E38/><V63/><F63/><AGARI ba="0,0" hai="18,21,25,52,55,61,62,63" m="12905,48683" machi="63" ten="30,2000,0" yaku="18,1,54,1" doraHai="91" who="0" fromWho="2" sc="152,20,269,0,211,-20,368,0" owari="172,-33.0,269,7.0,191,-21.0,368,47.0" /></mjloggm>