<mjloggm ver="2.3"><GO type="225" lobby="0"/><UN n0="%E3%83%89%E3%83%A9%E3%83%AD%E3%83%B3%E3%83%80%E3%82%A4%E3%83%B4" n1="%4D%61%6D%65%2D%79%61" n2="%E3%81%A0%E3%81%A3%E3%81%A6%E3%81%84%E3%81%86" n3="%E3%83%88%E3%83%88%E3%83%AA%E5%85%88%E7%94%9F%31%39%E6%AD%B3" dan="16,16,17,17" rate="2112.68,2128.31,2139.85,2131.94" sx="M,M,F,F"/><TAIKYOKU oya="0"/><INIT seed="0,0,0,5,3,128" ten="250,250,250,250" oya="0" hai0="9,81,37,134,103,4,53,45,62,101,69,20,12" hai1="54,98,18,23,63,1,118,59,133,113,105,36,107" hai2="58,73,10,92,129,122,27,89,11,82,99,25,7" hai3="60,76,126,5,85,91,119,33,22,28,38,16,17"/><T13/><D134/><U48/><E118/><V44/><F122/><W0/><G119/><T68/><D68/><U79/><E36/><V64/><F129/><W49/><G38/><T131/><D131/><U114/><E1/><V67/><F44/><W51/><G126/><T50/><D37/><U14/><E133/><V42/><F42/><W94/><G33/><T135/><D135/><U6/><E79/><V97/><F97/><W61/><G28/><T32/><D32/><U78/><E78/><V112/><F112/><N who="1" m="43113" /><E98/><V41/><F41/><W66/><G17/><T56/><D69/><U109/><E109/><V15/><F73/><W57/><G76/><T116/><D116/><U127/><E127/><V70/><F70/><W39/><G39/><T35/><D35/><U104/><E6/><V24/><F82/><W95/><G95/><T55/><REACH who="0" step="1"/><D81/><REACH who="0" ten="240,250,250,250" step="2"/><U87/><E87/><V102/><F102/><W115/><G115/><T117/><D117/><U90/><E90/><V106/><F106/><W75/><G85/><T123/><D123/><U86/><E86/><V21/><F89/><W47/><G91/><T40/><D40/><U43/><E43/><V80/><F80/><W19/><G94/><T2/><D2/><U26/><E105/><V3/><F92/><W121/><G121/><T100/><D100/><U130/><E130/><V71/><F71/><W84/><G84/><T30/><D30/><N who="1" m="17759" /><E107/><V93/><F3/><W72/><G0/><T120/><D120/><U52/><E104/><V77/><F93/><W88/><G88/><T96/><D96/><U31/><E31/><RYUUKYOKU ba="0,1" sc="240,30,250,-10,250,-10,250,-10" hai0="4,9,12,13,20,45,50,53,55,56,62,101,103" /><INIT seed="0,1,1,0,5,62" ten="270,240,240,240" oya="0" hai0="48,110,86,91,19,90,127,131,6,40,119,75,25" hai1="105,23,77,13,34,117,60,103,133,104,100,88,78" hai2="73,115,64,14,46,55,70,50,120,84,97,5,113" hai3="107,15,53,9,33,135,36,56,71,17,98,1,79"/><T108/><D119/><U22/><E117/><V42/><F120/><W95/><G36/><T74/><D131/><U26/><E34/><V37/><F73/><W67/><G107/><T3/><D127/><U128/><E128/><V81/><F97/><W30/><G1/><T18/><D6/><U89/><E60/><N who="2" m="40199" /><F55/><W61/><G135/><T32/><D3/><U94/><E13/><V28/><F28/><W72/><G30/><N who="0" m="19535" /><D40/><U68/><E26/><V52/><F52/><W44/><G33/><T129/><D129/><U92/><REACH who="1" step="1"/><E68/><REACH who="1" ten="270,230,240,240" step="2"/><V118/><F118/><W126/><G71/><T125/><D125/><U122/><E122/><V27/><F27/><W29/><G126/><T123/><D123/><U0/><E0/><V24/><F24/><W121/><G29/><T96/><D110/><U93/><E93/><V20/><F20/><W114/><G95/><T8/><D108/><U57/><E57/><V49/><F115/><W12/><G114/><T102/><D8/><U66/><E66/><V54/><F113/><W85/><G121/><T21/><D21/><U47/><E47/><V82/><F14/><N who="3" m="7375" /><G44/><T59/><D59/><U35/><E35/><V101/><F5/><W87/><G67/><T45/><D45/><U63/><E63/><V80/><F37/><W132/><G12/><T31/><D48/><U11/><E11/><V124/><F124/><W41/><G15/><T116/><D116/><U106/><E106/><V10/><F10/><W76/><G61/><T7/><D7/><U58/><E58/><V16/><F46/><W69/><G69/><T109/><D109/><RYUUKYOKU ba="1,2" sc="270,-10,230,30,240,-10,240,-10" hai1="22,23,77,78,88,89,92,94,100,103,104,105,133" /><INIT seed="1,2,2,0,3,58" ten="260,260,230,230" oya="1" hai0="3,123,76,5,25,42,97,72,41,69,86,105,61" hai1="38,44,70,94,11,45,87,82,16,132,8,35,52" hai2="46,23,17,99,131,34,66,50,128,108,80,106,71" hai3="81,73,62,6,65,129,28,135,93,96,49,104,7"/><U124/><E35/><V122/><F108/><W88/><G129/><N who="2" m="49737" /><F34/><W89/><G135/><T115/><D115/><U9/><E38/><V2/><F122/><W0/><G0/><T22/><D72/><U29/><E70/><V15/><F2/><W107/><G28/><T13/><D3/><U43/><E29/><V32/><F32/><W20/><G20/><T30/><D123/><U118/><E118/><V53/><F80/><W101/><G104/><T27/><D27/><U10/><E132/><V40/><F71/><W55/><G89/><T78/><D105/><U100/><E124/><V48/><F66/><W21/><G21/><T116/><D116/><U56/><E43/><V125/><F125/><W102/><G102/><T119/><D119/><U36/><E36/><N who="2" m="21767" /><F53/><W64/><G64/><T26/><D69/><U14/><E94/><V31/><F31/><W33/><G33/><T84/><D30/><U130/><E100/><AGARI ba="2,2" hai="15,17,23,48,50,99,100,106" m="21767,49737" machi="100" ten="30,1000,0" yaku="19,1" doraHai="58" who="2" fromWho="1" sc="260,0,260,-16,230,36,230,0" /><INIT seed="2,0,0,0,5,73" ten="260,244,266,230" oya="2" hai0="30,5,49,55,42,125,117,127,65,56,114,123,33" hai1="31,91,39,52,107,6,83,80,15,102,97,61,94" hai2="37,77,76,63,93,111,10,95,1,79,7,38,54" hai3="109,135,115,14,32,92,18,131,47,90,87,4,0"/><V84/><F111/><W72/><G32/><T8/><D123/><U108/><E39/><V98/><F84/><W96/><G72/><T27/><D114/><U133/><E108/><V58/><REACH who="2" step="1"/><F95/><REACH who="2" ten="260,244,256,230" step="2"/><W85/><G109/><T46/><D117/><U2/><E94/><V74/><F74/><W132/><G115/><T19/><D127/><U103/><E107/><V25/><F25/><W68/><G87/><T120/><D125/><U118/><E80/><V64/><F64/><W106/><G85/><T22/><D65/><U59/><E83/><V11/><F11/><N who="3" m="2439" /><G106/><T17/><D8/><U101/><E118/><V16/><F16/><W116/><G116/><T66/><D66/><U86/><E86/><V105/><F105/><W130/><G130/><T62/><D19/><U9/><E97/><V35/><F35/><W110/><G131/><T88/><D120/><U100/><E9/><V36/><F36/><W28/><G110/><T41/><D5/><U89/><E6/><V34/><F34/><W21/><G92/><T24/><D24/><U43/><E2/><V99/><F99/><W75/><G75/><T70/><D33/><U113/><E113/><V122/><F122/><W82/><G96/><T48/><D17/><U60/><E15/><V126/><F126/><W51/><G82/><T23/><D27/><U50/><E31/><V45/><F45/><W29/><G29/><T3/><D30/><U40/><N who="1" m="25600" /><DORA hai="13" /><U26/><E26/><V121/><F121/><W12/><G28/><T129/><D129/><U112/><E112/><V71/><F71/><W20/><G68/><RYUUKYOKU ba="0,1" sc="260,-10,244,-10,256,30,230,-10" hai2="1,7,10,37,38,54,58,63,76,77,79,93,98" /><INIT seed="2,1,1,3,4,38" ten="250,234,286,220" oya="2" hai0="49,86,74,46,19,42,101,21,98,82,122,50,75" hai1="110,102,108,32,89,64,134,26,51,1,6,58,54" hai2="65,31,117,94,72,95,88,130,91,10,52,114,85" hai3="69,92,62,76,78,132,33,79,23,127,53,73,103"/><V84/><F114/><W119/><G119/><T39/><D49/><U71/><E134/><V126/><F72/><W113/><G33/><T2/><D2/><U123/><E123/><V129/><F117/><W107/><G107/><T112/><D39/><U57/><E71/><V128/><F126/><W15/><G132/><T4/><D4/><U36/><E36/><V124/><F124/><W24/><G127/><T28/><D28/><N who="1" m="19479" /><E102/><V3/><F31/><N who="3" m="17823" /><G69/><T22/><D112/><U12/><E1/><V29/><F29/><W97/><G73/><T56/><D56/><N who="1" m="32863" /><E64/><V96/><F65/><W125/><G113/><T30/><D30/><U80/><E80/><V55/><F85/><W66/><G125/><T9/><D21/><U45/><E45/><V13/><REACH who="2" step="1"/><F3/><REACH who="2" ten="250,234,276,220" step="2"/><W120/><G66/><T0/><D0/><U11/><E89/><V70/><F70/><W61/><G120/><T133/><D122/><U135/><E135/><V35/><F35/><W115/><G115/><T43/><D133/><U104/><E104/><V5/><AGARI ba="1,2" hai="5,10,13,52,55,84,88,91,94,95,96,128,129,130" machi="5" ten="30,12000,1" yaku="1,1,0,1,19,1,54,2,53,0" doraHai="38" doraHaiUra="14" who="2" fromWho="2" sc="250,-41,234,-41,276,143,220,-41" /><INIT seed="2,2,0,2,2,25" ten="209,193,419,179" oya="2" hai0="33,123,69,39,48,26,16,84,72,73,127,17,122" hai1="125,96,133,110,129,126,97,63,27,20,28,90,68" hai2="30,119,40,57,7,85,14,131,59,52,36,6,135" hai3="88,42,121,130,132,47,8,41,92,134,76,91,87"/><V74/><F74/><W66/><G121/><T3/><D39/><U23/><E110/><V2/><F2/><W64/><G130/><T61/><D3/><U21/><E129/><V116/><F135/><N who="3" m="51755" /><G76/><T19/><D127/><N who="1" m="48651" /><E133/><V112/><F112/><W106/><G106/><T117/><D117/><U101/><E90/><V45/><F59/><W79/><G79/><T37/><D37/><U10/><E10/><V4/><F131/><W15/><G91/><T5/><D5/><U105/><E97/><V18/><F85/><W107/><G107/><T103/><D73/><U49/><E49/><V13/><F13/><W115/><G115/><T114/><D72/><U71/><E63/><V58/><F116/><W93/><G93/><T53/><D114/><U113/><E113/><V102/><F7/><N who="3" m="3487" /><G42/><T82/><D103/><U124/><N who="1" m="48659" /><U104/><DORA hai="100" /><E104/><V50/><F40/><W0/><G0/><T128/><D128/><U67/><E67/><V111/><F4/><W81/><G92/><T11/><D122/><U54/><E54/><V99/><F52/><W89/><G89/><T29/><D123/><U9/><E9/><V75/><F6/><W56/><G56/><T62/><D11/><U70/><AGARI ba="2,0" hai="20,21,23,27,28,68,70,71,96,101,105" m="48659" machi="70" ten="50,6400,0" yaku="18,1,52,2" doraHai="25,100" who="1" fromWho="1" sc="209,-18,193,70,419,-34,179,-18" /><INIT seed="3,0,0,4,5,78" ten="191,263,385,161" oya="3" hai0="4,96,124,120,130,57,44,119,37,26,48,56,110" hai1="3,47,99,6,127,5,89,60,24,73,106,101,70" hai2="80,85,29,50,76,118,111,58,83,66,12,84,52" hai3="36,13,75,10,38,109,41,132,81,43,32,40,65"/><W68/><G32/><T74/><D119/><U104/><E73/><V79/><F111/><W45/><G109/><T51/><D110/><U129/><E104/><V22/><F66/><W117/><G117/><T11/><D120/><U116/><E116/><V17/><F118/><W82/><G132/><T15/><D37/><U113/><E113/><V61/><F29/><W64/><G75/><T63/><D74/><U97/><E3/><V54/><F54/><W18/><G41/><T27/><D130/><U0/><E0/><V90/><F90/><W121/><G121/><T128/><D128/><U108/><E108/><V134/><F134/><W88/><G68/><T1/><D124/><U98/><E129/><V23/><F23/><W87/><REACH who="3" step="1"/><G81/><REACH who="3" ten="191,263,385,151" step="2"/><T67/><D1/><U46/><E70/><V100/><F100/><W49/><G49/><AGARI ba="0,1" hai="12,17,22,49,50,52,58,61,76,79,80,83,84,85" machi="49" ten="40,8000,1" yaku="9,1,8,1,52,2,54,1" doraHai="78" who="2" fromWho="3" sc="191,0,263,0,385,90,151,-80" owari="191,-21.0,263,6.0,475,58.0,71,-43.0" /></mjloggm>