<mjloggm ver="2.3"><GO type="41" lobby="0"/><UN n0="%E8%A5%BF%E8%A1%8C%E5%AF%BA%E5%A4%A9%E6%99%B4" n1="%E5%B0%B1%E6%B4%BB%E7%94%9F%40%E5%B7%9D%E6%9D%91%E8%BB%8D%E5%9B%A3" n2="%79%6F%62%6F%69%73%61%6E" n3="%6D%6F%67%75%30" dan="13,14,13,14" rate="1804.22,1944.85,1873.21,2052.73" sx="M,M,M,M"/><TAIKYOKU oya="0"/><INIT seed="0,0,0,3,0,32" ten="250,250,250,250" oya="0" hai0="98,0,103,81,43,2,130,129,127,93,110,46,91" hai1="95,119,124,108,92,5,83,31,13,121,113,77,79" hai2="52,60,62,35,21,135,66,1,117,111,58,42,56" hai3="133,128,57,85,38,84,118,41,89,24,68,82,122"/><T64/><D64/><U4/><E119/><V65/><F117/><W70/><G118/><T72/><D110/><U105/><E105/><V3/><F35/><W106/><G122/><T74/><D127/><U102/><E121/><V97/><F42/><W30/><G106/><T12/><D12/><U8/><E113/><V34/><F34/><W75/><G75/><T107/><D81/><U112/><E112/><V19/><F111/><W86/><G133/><T33/><D33/><U96/><E108/><V37/><F37/><W125/><G128/><N who="0" m="49259" /><D72/><U94/><E124/><V114/><F114/><W45/><G125/><T26/><D74/><U116/><E116/><V49/><F135/><W67/><G68/><T59/><D59/><U131/><E131/><V39/><F39/><W25/><G70/><T40/><D26/><U54/><E31/><V55/><F97/><W100/><G24/><T6/><D6/><U88/><E5/><V76/><F76/><W20/><G67/><T44/><D44/><U115/><E115/><V132/><F132/><W78/><G57/><T15/><D15/><U73/><E79/><V9/><F9/><W123/><G123/><T104/><D104/><U50/><REACH who="1" step="1"/><E102/><REACH who="1" ten="250,240,250,250" step="2"/><V134/><F134/><W126/><G126/><T71/><D107/><U63/><E63/><V69/><F55/><W17/><G100/><T99/><D103/><U18/><E18/><V10/><F10/><W120/><G120/><T51/><D71/><U22/><E22/><V7/><F7/><W48/><G78/><T36/><D99/><U87/><E87/><V16/><F19/><RYUUKYOKU ba="0,1" sc="250,10,240,10,250,10,250,-30" hai0="0,2,36,40,43,46,51,91,93,98" hai1="4,8,13,50,54,73,77,83,88,92,94,95,96" hai2="1,3,16,21,49,52,56,58,60,62,65,66,69" /><INIT seed="0,1,1,3,4,111" ten="260,250,260,220" oya="0" hai0="115,133,9,91,0,31,67,7,85,43,21,4,113" hai1="58,41,70,104,84,87,16,42,56,123,61,108,59" hai2="6,36,105,19,71,102,51,128,65,46,30,82,94" hai3="92,122,1,60,98,130,109,119,63,103,96,22,76"/><T127/><D67/><U28/><E123/><V20/><F105/><W26/><G122/><T37/><D133/><U50/><E104/><V8/><F36/><W27/><G119/><T132/><D132/><U38/><E108/><V75/><F128/><W125/><G109/><T90/><D127/><U40/><E28/><V15/><F71/><W89/><G1/><T57/><D7/><U79/><E38/><V117/><F65/><W17/><G125/><T53/><D43/><U74/><E74/><V93/><F30/><W23/><G130/><T134/><D134/><U52/><E79/><V54/><F117/><W64/><G76/><T49/><D37/><U81/><E70/><V2/><F102/><W66/><G66/><T72/><D72/><U107/><E107/><V47/><F75/><W106/><REACH who="3" step="1"/><G64/><REACH who="3" ten="260,250,260,210" step="2"/><T12/><D0/><U101/><E61/><V18/><F18/><AGARI ba="1,2" hai="17,18,22,23,26,27,60,63,89,92,96,98,103,106" machi="18" ten="30,7700,0" yaku="1,1,2,1,7,1,9,1,53,0" doraHai="111" doraHaiUra="33" who="3" fromWho="2" sc="260,0,250,0,260,-80,210,100" /><INIT seed="1,0,0,2,3,45" ten="260,250,180,310" oya="1" hai0="5,77,2,66,7,9,64,39,131,99,92,24,108" hai1="10,46,125,36,114,98,30,71,122,115,57,29,120" hai2="119,38,72,134,118,78,12,101,1,15,91,43,61" hai3="112,63,81,93,13,34,49,116,51,96,124,56,22"/><U84/><E71/><V103/><F61/><W37/><G34/><T31/><D39/><U28/><E125/><V55/><F55/><W0/><G0/><T105/><D131/><U82/><E36/><V102/><F91/><W59/><G37/><T25/><D108/><U65/><E65/><V40/><F134/><W110/><G112/><T85/><D105/><U83/><E98/><V26/><F26/><W35/><G35/><T52/><D7/><U104/><E104/><V88/><F88/><W109/><G116/><T27/><D31/><U8/><E57/><V107/><F107/><W62/><G124/><T23/><D23/><U73/><E46/><V100/><F38/><W17/><G81/><N who="1" m="30730" /><E84/><V53/><F102/><N who="3" m="60687" /><G110/><T67/><D77/><U54/><E54/><V126/><F126/><W14/><G14/><N who="0" m="5423" /><D85/><U106/><E106/><V3/><F103/><W117/><G109/><T121/><D2/><U132/><E132/><V68/><F53/><N who="3" m="34063" /><G117/><T48/><D121/><N who="1" m="46699" /><E73/><V123/><F68/><W70/><G70/><T4/><D4/><U80/><N who="1" m="30738" /><U127/><DORA hai="95" /><E127/><V130/><F123/><W79/><G79/><T89/><D67/><AGARI ba="0,0" hai="13,17,22,49,51,59,63,67" m="34063,60687" machi="67" ten="30,7700,0" yaku="8,1,52,3" doraHai="45,95" who="3" fromWho="0" sc="260,-77,250,0,180,0,310,77" /><INIT seed="2,0,0,3,3,114" ten="183,250,180,387" oya="2" hai0="129,99,121,11,8,3,87,101,96,77,1,58,61" hai1="47,100,105,6,57,2,128,74,17,34,55,68,110" hai2="76,95,13,127,84,118,46,63,33,78,64,16,90" hai3="62,52,115,125,5,31,18,25,108,32,103,51,23"/><V116/><F33/><W12/><G115/><T120/><D129/><U54/><E74/><V59/><F127/><W111/><G125/><T10/><D121/><U124/><E34/><V73/><F46/><W97/><G62/><T40/><D120/><U83/><E2/><V28/><F28/><W65/><G65/><T39/><D39/><U113/><E6/><V24/><F24/><W89/><G89/><T106/><D40/><U112/><E17/><V22/><REACH who="2" step="1"/><F73/><REACH who="2" ten="183,250,170,387" step="2"/><W122/><G122/><T0/><D101/><U94/><E47/><V41/><F41/><W109/><G32/><T66/><D106/><U102/><E100/><V88/><F88/><W4/><G31/><T81/><AGARI ba="0,1" hai="0,1,3,8,10,11,58,61,66,77,81,87,96,99" machi="81" ten="40,1500,0" yaku="0,1" doraHai="114" who="0" fromWho="0" sc="183,25,250,-4,170,-7,387,-4" /><INIT seed="3,0,0,2,3,59" ten="208,246,163,383" oya="3" hai0="41,64,127,102,122,100,130,54,44,94,73,11,96" hai1="3,20,51,87,108,55,125,68,118,52,99,117,53" hai2="39,129,77,111,72,132,8,33,133,57,114,32,74" hai3="134,26,95,92,43,135,62,13,66,18,110,4,113"/><W126/><G113/><T61/><D122/><U63/><E3/><V119/><F57/><W47/><G126/><T69/><D130/><U90/><E125/><V0/><F77/><W58/><G4/><T38/><D127/><U9/><E108/><V14/><F8/><W10/><G110/><T48/><D73/><N who="2" m="28266" /><F14/><W70/><G70/><T115/><D115/><U56/><E99/><V34/><F111/><W15/><G15/><T60/><D11/><U16/><E9/><V103/><F103/><W25/><G25/><T42/><D42/><U31/><E31/><V104/><F114/><W75/><G26/><T12/><D12/><N who="1" m="9223" /><E68/><V93/><F93/><W106/><G106/><T28/><D28/><U112/><E112/><V40/><F40/><W19/><G75/><T131/><D131/><U5/><E5/><V124/><F124/><W88/><G18/><T123/><D123/><U49/><E118/><V1/><F129/><W6/><G6/><T107/><D107/><U79/><E79/><V120/><F120/><W84/><REACH who="3" step="1"/><G95/><REACH who="3" ten="208,246,163,373" step="2"/><T91/><REACH who="0" step="1"/><D61/><REACH who="0" ten="198,246,163,373" step="2"/><U78/><E117/><V97/><F104/><W50/><AGARI ba="0,2" hai="10,13,19,43,47,50,58,62,66,84,88,92,134,135" machi="50" ten="30,18000,2" yaku="1,1,2,1,0,1,52,1,54,1,53,1" doraHai="59" doraHaiUra="7" who="3" fromWho="3" sc="198,-60,246,-60,163,-60,373,200" /><INIT seed="3,1,0,0,1,76" ten="138,186,103,573" oya="3" hai0="80,38,117,114,57,49,132,20,107,125,72,0,123" hai1="77,26,104,70,8,65,78,98,82,10,118,36,67" hai2="60,5,2,7,96,14,112,52,94,88,86,83,93" hai3="13,18,81,129,42,1,30,134,66,71,105,130,135"/><W44/><G105/><T73/><RYUUKYOKU type="yao9" ba="1,0" sc="138,0,186,0,103,0,573,0" hai0="0,20,38,49,57,72,73,80,107,114,117,123,125,132" /><INIT seed="3,2,0,1,4,44" ten="138,186,103,573" oya="3" hai0="19,2,7,65,121,108,79,109,59,97,4,50,119" hai1="103,11,17,75,111,9,87,8,71,73,120,96,113" hai2="22,5,101,25,72,13,86,83,134,78,46,85,43" hai3="32,36,38,123,91,130,112,31,57,69,29,61,110"/><W67/><G123/><T128/><D119/><U66/><E120/><V62/><F134/><W48/><G112/><T21/><D121/><U14/><E113/><V24/><F62/><W68/><G130/><T77/><D128/><U127/><E127/><V39/><F101/><W92/><G32/><T99/><D2/><U124/><E124/><V41/><F41/><W23/><G110/><N who="0" m="42603" /><D65/><U94/><E111/><V70/><F70/><W105/><G105/><T82/><D59/><U132/><E132/><V84/><F22/><W47/><G23/><T35/><D50/><U54/><E66/><V18/><F18/><W104/><G69/><T131/><D131/><U60/><E71/><V15/><F15/><W0/><G0/><T133/><D35/><U122/><E122/><V12/><F12/><W20/><G20/><T1/><D1/><U6/><E87/><V37/><REACH who="2" step="1"/><F39/><REACH who="2" ten="138,186,93,573" step="2"/><W117/><G68/><T34/><D133/><U102/><E102/><V76/><F76/><N who="0" m="29258" /><D34/><U89/><E103/><V88/><F88/><W16/><G36/><T98/><D82/><U45/><E60/><V3/><F3/><W114/><G38/><T90/><D90/><U56/><E6/><V26/><F26/><AGARI ba="2,1" hai="4,7,19,21,26,97,98,99" m="29258,42603" machi="26" ten="30,1000,0" yaku="14,1" doraHai="44" who="0" fromWho="2" sc="138,26,186,0,93,-16,573,0" /><INIT seed="4,0,0,3,0,99" ten="164,186,77,573" oya="0" hai0="116,87,122,90,35,92,1,48,14,86,70,18,28" hai1="127,131,47,51,49,72,83,62,59,81,63,94,42" hai2="67,2,54,108,56,6,25,37,22,36,57,101,8" hai3="17,102,38,129,65,68,111,5,78,124,27,98,82"/><T97/><D122/><U109/><E109/><V12/><F108/><W133/><G111/><T71/><D116/><U110/><E110/><V73/><F73/><W40/><G129/><T7/><D1/><U32/><E32/><V76/><F76/><W13/><G133/><T125/><D125/><U80/><E72/><V4/><F4/><W126/><G5/><T45/><D7/><U95/><E131/><V128/><F128/><W64/><G68/><T43/><D28/><U77/><E127/><V61/><F2/><W135/><G27/><T106/><D35/><U93/><E77/><V91/><F91/><W134/><G135/><T33/><D33/><U66/><REACH who="1" step="1"/><E63/><REACH who="1" ten="164,176,77,573" step="2"/><V3/><F3/><W96/><G126/><T117/><D117/><U46/><E46/><V44/><F44/><W53/><G124/><T16/><D106/><U69/><E69/><V10/><F61/><W104/><G134/><T120/><D71/><U55/><E55/><V115/><F54/><W79/><G53/><T30/><D70/><U26/><E26/><V114/><F57/><W118/><G104/><T58/><D120/><U119/><E119/><V15/><F56/><W132/><G118/><T112/><D58/><U21/><E21/><V100/><F22/><W0/><G132/><T60/><D112/><U88/><E88/><V103/><F67/><W9/><G65/><T84/><D60/><U107/><E107/><V24/><F103/><W34/><G64/><T31/><D43/><U19/><E19/><V50/><F6/><W123/><G17/><N who="0" m="6763" /><D14/><U130/><E130/><V52/><F52/><RYUUKYOKU ba="0,1" sc="164,10,176,10,77,10,573,-30" hai0="30,31,45,48,84,86,87,90,92,97" hai1="42,47,49,51,59,62,66,80,81,83,93,94,95" hai2="8,10,12,15,24,25,36,37,50,100,101,114,115" /><INIT seed="4,1,1,1,5,12" ten="174,186,87,543" oya="0" hai0="65,90,4,44,95,131,56,87,91,17,24,20,75" hai1="113,50,117,22,130,36,14,27,53,110,54,0,11" hai2="8,94,76,39,120,64,80,82,6,30,45,41,132" hai3="134,28,70,55,52,107,88,135,99,128,69,42,13"/><T37/><D131/><U74/><E110/><V126/><F120/><W51/><G128/><T127/><D127/><U125/><E130/><V23/><F126/><W89/><G28/><T85/><D75/><U118/><E74/><V61/><F132/><W79/><G79/><T105/><D105/><U116/><E36/><V63/><F94/><W96/><G107/><T34/><D34/><U102/><E113/><V93/><F93/><W26/><G13/><T106/><D106/><U108/><E125/><V67/><F63/><W58/><G42/><T86/><D4/><U84/><E108/><V40/><F40/><W103/><G58/><T72/><D72/><U9/><E102/><V133/><F76/><W15/><G15/><T92/><D37/><U115/><E115/><V16/><F30/><W100/><G51/><T43/><D43/><U31/><E84/><V97/><F97/><W33/><G33/><T19/><D44/><U73/><E73/><V60/><F60/><W78/><G78/><T66/><D56/><U10/><E0/><V98/><F98/><W25/><AGARI ba="1,1" hai="25,26,52,55,69,70,88,89,96,99,100,103,134,135" machi="25" ten="25,8000,1" yaku="0,1,22,2,54,2" doraHai="12" who="3" fromWho="3" sc="174,-41,186,-21,87,-21,543,93" /><INIT seed="5,0,0,4,3,131" ten="133,165,66,636" oya="1" hai0="117,118,57,73,38,86,104,82,4,95,35,79,39" hai1="42,27,65,55,91,72,93,28,9,21,6,99,44" hai2="54,45,123,3,94,122,108,100,69,110,70,31,92" hai3="135,97,101,109,17,26,119,121,48,1,2,105,58"/><U76/><E65/><V30/><F3/><W25/><G121/><T124/><D104/><U126/><E126/><V128/><F45/><W29/><G109/><T34/><D124/><U84/><E72/><V56/><F56/><W114/><G119/><T74/><D4/><U113/><E113/><V115/><F115/><W98/><G114/><T16/><D57/><U14/><E55/><V53/><REACH who="2" step="1"/><F100/><REACH who="2" ten="133,165,56,636" step="2"/><W83/><G58/><T116/><D35/><U89/><E44/><V13/><F13/><W24/><G1/><T102/><D34/><U41/><E76/><V52/><F52/><W59/><G2/><T134/><D134/><U50/><REACH who="1" step="1"/><E50/><REACH who="1" ten="133,155,56,636" step="2"/><V90/><F90/><W77/><G48/><T61/><D118/><U112/><E112/><V46/><F46/><W11/><G77/><T60/><D117/><U133/><E133/><V107/><F107/><W47/><G135/><T129/><D116/><U120/><E120/><V10/><F10/><W15/><G105/><T40/><D129/><AGARI ba="0,2" hai="30,31,53,54,69,70,92,94,108,110,122,123,128,129" machi="129" ten="25,8000,1" yaku="1,1,22,2,53,2" doraHai="131" doraHaiUra="67" who="2" fromWho="0" sc="133,-80,155,0,56,100,636,0" /><INIT seed="6,0,0,3,5,28" ten="53,155,156,636" oya="2" hai0="91,39,36,103,93,30,56,72,110,11,22,9,133" hai1="100,0,114,115,87,37,135,106,117,41,122,71,127" hai2="15,43,12,65,132,113,46,35,5,1,76,77,27" hai3="40,109,119,38,84,51,7,121,105,13,70,128,68"/><V4/><F132/><W73/><G84/><T29/><D72/><U21/><RYUUKYOKU type="yao9" ba="0,0" sc="53,0,155,0,156,0,636,0" hai1="0,21,37,41,71,87,100,106,114,115,117,122,127,135" /><INIT seed="6,1,0,2,5,117" ten="53,155,156,636" oya="2" hai0="31,15,130,46,79,93,87,28,67,89,60,42,94" hai1="63,85,84,66,50,13,133,47,78,49,3,72,68" hai2="83,114,14,2,112,35,10,4,109,21,26,74,29" hai3="9,7,105,103,88,102,76,86,70,45,110,121,77"/><V99/><F99/><W91/><G70/><T51/><D130/><U122/><E3/><V131/><F74/><W5/><G110/><T32/><D32/><U40/><E133/><V24/><F83/><W120/><G45/><T55/><D79/><U100/><E100/><V62/><F62/><W73/><G73/><T127/><D127/><U134/><E134/><V92/><F92/><W44/><G44/><T96/><D15/><U106/><E106/><V135/><F135/><W123/><G105/><T23/><D23/><U95/><E95/><V34/><F131/><W58/><G58/><T56/><REACH who="0" step="1"/><D42/><REACH who="0" ten="43,155,156,636" step="2"/><U43/><E78/><V17/><F109/><W11/><G76/><T6/><D6/><U107/><E13/><V116/><F116/><W12/><G77/><T59/><D59/><U41/><E41/><V57/><F57/><W20/><G20/><T22/><D22/><U115/><E40/><V80/><F80/><W119/><G119/><T101/><AGARI ba="1,1" hai="28,31,46,51,55,56,60,67,87,89,93,94,96,101" machi="101" ten="20,5200,0" yaku="1,1,0,1,7,1,8,1,53,0" doraHai="117" doraHaiUra="30" who="0" fromWho="0" sc="43,65,155,-14,156,-27,636,-14" /><INIT seed="7,0,0,5,4,131" ten="108,141,129,622" oya="3" hai0="73,23,120,66,96,81,2,115,82,4,22,111,50" hai1="112,97,92,57,79,24,86,31,132,46,16,127,26" hai2="1,126,29,58,72,109,125,0,37,130,65,18,14" hai3="129,83,17,20,48,61,12,102,94,33,106,19,133"/><W42/><G129/><T59/><D120/><U74/><E132/><V13/><F130/><W43/><G133/><T69/><D115/><U124/><E74/><V95/><F37/><W76/><G33/><T122/><D122/><U11/><E112/><V53/><F72/><W68/><G106/><T45/><D111/><U134/><E134/><V64/><F109/><W113/><G113/><T21/><D73/><U88/><E46/><V85/><F29/><W110/><G110/><T107/><D4/><U6/><E57/><V67/><F1/><W91/><G102/><T38/><D2/><U103/><E79/><V36/><F36/><W39/><G39/><T5/><D5/><U80/><E16/><V75/><F0/><W35/><G35/><T52/><D38/><U89/><E89/><N who="2" m="53679" /><F75/><W51/><G68/><T77/><D77/><U116/><E116/><V78/><F78/><W34/><G34/><T90/><D69/><U70/><E70/><V117/><F117/><W121/><G121/><T3/><D3/><N who="1" m="479" /><E31/><V47/><F47/><W87/><G61/><N who="0" m="38207" /><D107/><U49/><E49/><N who="3" m="19018" /><G19/><T28/><D28/><U63/><E63/><N who="2" m="36303" /><F18/><W44/><G44/><T118/><D118/><U7/><E7/><V71/><F71/><W105/><G105/><T62/><D62/><U93/><E80/><V135/><F135/><W114/><G114/><T99/><D90/><U56/><E56/><V128/><F128/><W119/><G119/><T8/><D8/><U15/><E15/><V104/><F104/><W98/><AGARI ba="0,0" hai="12,17,20,42,43,76,83,87,91,94,98" m="19018" machi="98" ten="30,1500,0" yaku="8,1" doraHai="131" who="3" fromWho="3" sc="108,-5,141,-5,129,-5,622,15" owari="103,-40.0,136,-6.0,124,-28.0,637,74.0" /></mjloggm>