<mjloggm ver="2.3"><GO type="97" lobby="0"/><UN n0="%E5%B0%B1%E6%B4%BB%E7%94%9F%40%E5%B7%9D%E6%9D%91%E8%BB%8D%E5%9B%A3" n1="%52%2E%4E%2E%E3%81%9B%E3%82%93%E3%81%9A%E3%82%8A" n2="%E3%81%9F%E3%81%AA%E3%81%97%E3%82%85%E3%81%86" n3="%E3%82%86%E3%81%A3%E3%81%8F%E3%82%8A" dan="15,15,13,14" rate="2019.55,1977.48,1895.57,1960.15" sx="M,M,M,F"/><TAIKYOKU oya="0"/><INIT seed="0,0,0,5,2,6" ten="250,250,250,250" oya="0" hai0="21,67,62,95,18,57,81,55,114,129,116,90,121" hai1="122,36,104,84,85,86,66,60,92,78,61,24,102" hai2="5,17,133,97,131,109,30,107,25,118,105,16,0" hai3="124,65,40,39,23,130,7,73,46,4,8,49,120"/><T119/><D121/><U123/><E122/><V58/><F109/><W32/><G32/><T53/><D114/><U110/><E123/><V54/><F131/><W103/><G73/><T79/><D129/><U87/><E110/><V101/><F107/><W45/><G120/><T94/><D94/><U56/><E36/><V9/><F133/><W48/><G130/><T26/><D116/><U126/><E126/><V108/><F108/><W27/><G124/><T125/><D125/><U29/><E104/><V117/><F117/><W128/><G128/><T88/><D90/><U99/><E61/><V3/><F3/><W64/><G103/><T11/><D11/><U132/><E132/><V127/><F118/><W1/><G4/><T91/><D91/><U35/><N who="1" m="21504" /><DORA hai="10" /><U115/><REACH who="1" step="1"/><E115/><REACH who="1" ten="250,240,250,250" step="2"/><V20/><REACH who="2" step="1"/><F127/><REACH who="2" ten="250,240,240,250" step="2"/><W42/><G39/><T47/><D119/><U77/><AGARI ba="0,2" hai="24,29,35,56,60,66,77,78,92,99,102" m="21504" machi="77" ten="40,5200,0" yaku="1,1,2,1,0,1,53,0" doraHai="6,10" doraHaiUra="70,43" who="1" fromWho="1" sc="250,-26,240,72,240,-13,250,-13" /><INIT seed="1,0,0,1,0,69" ten="224,312,227,237" oya="1" hai0="27,114,118,99,47,32,65,18,103,127,105,81,134" hai1="101,96,46,113,66,41,91,70,25,63,11,72,71" hai2="6,21,33,78,4,79,59,109,51,74,10,124,38" hai3="84,1,89,94,8,106,107,22,100,26,9,104,128"/><U20/><E113/><V73/><F33/><W125/><G125/><T35/><D118/><U3/><E72/><V129/><F124/><W39/><G128/><T112/><D127/><U87/><E71/><V55/><F109/><W43/><G100/><T132/><D65/><U98/><E101/><V44/><F129/><W40/><G1/><T42/><D81/><U50/><E11/><V88/><F73/><W60/><G60/><T108/><D18/><U83/><REACH who="1" step="1"/><E3/><REACH who="1" ten="224,302,227,237" step="2"/><V16/><F74/><W53/><G8/><T58/><D112/><U120/><E120/><V54/><F10/><W117/><G9/><T68/><D68/><U130/><E130/><V62/><F6/><W15/><G117/><T48/><D114/><U97/><E97/><V80/><F4/><W37/><G106/><T12/><D99/><U17/><AGARI ba="0,1" hai="17,20,25,41,46,50,63,66,70,83,87,91,96,98" machi="17" ten="20,7800,0" yaku="1,1,0,1,7,1,53,1" doraHai="69" doraHaiUra="85" who="1" fromWho="1" sc="224,-26,302,88,227,-26,237,-26" /><INIT seed="1,1,0,1,5,45" ten="198,390,201,211" oya="1" hai0="42,62,10,97,112,122,0,79,30,106,44,24,43" hai1="75,57,118,4,93,105,34,114,61,56,53,131,46" hai2="31,49,63,38,107,83,128,98,14,121,15,65,77" hai3="33,119,17,94,78,68,55,52,32,115,60,123,113"/><U23/><E105/><V82/><F121/><W11/><G123/><T18/><D112/><U85/><E34/><V130/><F38/><W2/><G78/><T66/><D122/><U99/><E75/><V41/><F31/><W129/><G129/><N who="2" m="49769" /><F107/><W48/><G119/><T88/><D79/><U84/><E118/><V28/><F28/><W70/><G2/><T6/><D18/><U111/><E114/><V35/><F98/><W87/><G113/><T22/><D44/><U69/><E69/><N who="2" m="42175" /><F35/><W86/><G32/><T100/><REACH who="0" step="1"/><D88/><REACH who="0" ten="188,390,201,211" step="2"/><N who="1" m="53391" /><E46/><N who="2" m="25807" /><F83/><W96/><G115/><T50/><D50/><U20/><E131/><V101/><F101/><W89/><G48/><T12/><D12/><U133/><E99/><V47/><F47/><W25/><G96/><T76/><D76/><U135/><E133/><V95/><F82/><W37/><G37/><T58/><AGARI ba="1,1" hai="0,6,10,22,24,30,42,43,58,62,66,97,100,106" machi="58" ten="20,2700,0" yaku="1,1,0,1,7,1,53,0" doraHai="45" doraHaiUra="90" who="0" fromWho="0" sc="188,40,390,-14,201,-8,211,-8" /><INIT seed="2,0,0,1,4,87" ten="228,376,193,203" oya="2" hai0="119,131,93,129,102,130,14,51,77,69,35,62,96" hai1="97,71,41,38,121,125,0,79,47,100,118,70,132" hai2="133,10,122,76,98,126,88,48,123,78,92,120,134" hai3="26,44,135,94,49,18,2,61,84,21,82,80,24"/><V91/><F10/><W43/><G2/><T128/><D35/><U25/><E118/><V113/><F48/><W23/><G135/><N who="2" m="51721" /><F113/><W5/><G5/><T56/><D119/><U109/><E132/><V110/><F126/><W117/><G117/><T89/><D77/><N who="2" m="29802" /><F110/><W53/><G61/><T99/><D69/><U111/><E125/><V90/><AGARI ba="0,0" hai="88,90,91,92,98,120,122,123" m="29802,51721" machi="90" ten="40,18000,2" yaku="20,1,34,2,52,3,54,1" doraHai="87" who="2" fromWho="2" sc="228,-60,376,-60,193,180,203,-60" /><INIT seed="2,1,0,0,5,61" ten="168,316,373,143" oya="2" hai0="42,4,126,26,83,18,104,129,73,24,36,109,0" hai1="110,56,125,119,92,95,52,11,57,27,30,75,49" hai2="135,10,44,20,105,100,133,94,13,113,103,48,91" hai3="118,35,96,55,22,130,5,64,117,70,17,71,89"/><V29/><F113/><W114/><G35/><T34/><D104/><U115/><E115/><V98/><F29/><W47/><G114/><T106/><D106/><U101/><E119/><V87/><F20/><W7/><G130/><T33/><D42/><U60/><E75/><V43/><F100/><W28/><G28/><T23/><D83/><U66/><E110/><V123/><REACH who="2" step="1"/><F123/><REACH who="2" ten="168,316,363,143" step="2"/><W19/><G22/><T81/><D23/><N who="1" m="15743" /><E101/><V120/><F120/><W122/><G122/><T50/><D34/><U67/><E11/><V32/><F32/><W40/><G118/><T62/><D33/><U12/><E12/><V15/><F15/><W25/><G117/><T2/><D0/><U88/><E125/><V46/><F46/><W38/><G47/><T51/><D2/><U9/><E9/><V39/><F39/><W112/><G38/><T107/><D36/><U111/><E111/><V65/><F65/><W41/><G64/><T90/><D109/><U58/><E67/><V134/><F134/><W108/><G112/><T78/><D126/><U3/><E3/><V80/><F80/><W79/><G108/><T1/><D81/><U131/><E131/><V116/><F116/><W74/><G5/><AGARI ba="1,1" hai="5,10,13,43,44,48,87,91,94,98,103,105,133,135" machi="5" ten="40,3900,0" yaku="1,1,53,1" doraHai="61" doraHaiUra="84" who="2" fromWho="3" sc="168,0,316,0,363,52,143,-42" /><INIT seed="2,2,0,0,2,65" ten="168,316,415,101" oya="2" hai0="9,10,46,87,96,6,90,127,85,94,120,116,11" hai1="17,31,111,33,66,92,59,100,47,112,63,45,64" hai2="12,18,122,126,88,134,101,74,40,61,21,60,118" hai3="0,3,29,8,19,97,109,5,93,73,124,119,55"/><V43/><F122/><W16/><G55/><T78/><D120/><U84/><E112/><V38/><F118/><W53/><G53/><T115/><D115/><U103/><E111/><V54/><F74/><W81/><G81/><T89/><D116/><U26/><E66/><V79/><F79/><W34/><G93/><T80/><D127/><U98/><E103/><V4/><F4/><W57/><G57/><T76/><D46/><U51/><E51/><V72/><F72/><W58/><G58/><T67/><D67/><U23/><E33/><V50/><F126/><W35/><G97/><T107/><D107/><U95/><E17/><N who="3" m="6730" /><G73/><T22/><D6/><U13/><E13/><V128/><F134/><W49/><G49/><T91/><D22/><U37/><E37/><V70/><F128/><W41/><G41/><T125/><D125/><U52/><E52/><V105/><F70/><W106/><G106/><T108/><D108/><U123/><E123/><V15/><F105/><W30/><G124/><T77/><D80/><U117/><E117/><V99/><F101/><AGARI ba="2,0" hai="9,10,11,76,77,78,85,87,89,90,91,94,96,101" machi="101" ten="50,6400,0" yaku="29,2,8,1" doraHai="65" who="0" fromWho="2" sc="168,70,316,0,415,-70,101,0" /><INIT seed="3,0,0,5,3,66" ten="238,316,345,101" oya="3" hai0="50,55,76,125,52,127,35,107,16,36,104,61,91" hai1="105,108,62,67,15,68,7,99,18,100,9,60,126" hai2="47,79,64,111,89,33,49,94,53,25,24,43,86" hai3="32,40,124,106,110,2,133,87,81,39,34,29,28"/><W5/><G106/><T63/><D35/><U75/><E108/><V72/><F111/><W59/><G110/><T82/><D36/><U131/><E131/><V23/><F64/><W73/><G87/><T71/><D91/><U115/><E126/><N who="0" m="48137" /><D107/><U116/><E116/><V84/><F72/><W1/><G124/><T46/><D104/><U0/><E75/><V78/><F33/><N who="3" m="12907" /><G59/><N who="0" m="35047" /><D82/><U58/><E62/><V38/><F84/><W92/><G92/><T31/><D31/><U120/><E120/><V69/><F69/><W132/><G81/><T117/><D76/><U103/><E103/><V10/><F10/><N who="3" m="2351" /><G73/><T65/><D16/><U77/><E77/><V70/><F70/><W57/><G57/><T101/><D101/><U97/><E58/><V27/><F79/><W128/><G128/><T6/><D6/><U42/><E99/><V37/><F78/><W123/><G123/><T54/><D117/><U48/><E48/><V19/><F38/><W83/><G83/><T11/><D11/><U118/><E118/><V26/><F37/><W93/><G93/><T80/><D80/><U119/><E119/><V3/><F3/><W45/><G2/><T30/><D30/><U44/><E0/><V96/><F96/><W13/><G13/><T122/><D122/><U113/><E18/><V12/><N who="2" m="6144" /><DORA hai="41" /><V102/><F102/><W134/><AGARI ba="0,0" hai="28,29,39,40,45,132,133,134" m="2351,12907" machi="134" ten="40,3900,0" yaku="20,1,52,1" doraHai="66,41" who="3" fromWho="3" sc="238,-13,316,-13,345,-13,101,39" /><INIT seed="3,1,0,1,5,110" ten="225,303,332,140" oya="3" hai0="60,113,72,114,1,12,132,93,17,36,53,135,27" hai1="38,59,6,28,95,131,46,39,117,57,63,5,18" hai2="16,41,26,100,51,98,10,58,69,43,77,126,68" hai3="37,64,50,4,3,34,74,8,84,116,80,15,115"/><W45/><G116/><T104/><D104/><U101/><E131/><V40/><F77/><W82/><G34/><T21/><D72/><U123/><E123/><V71/><F126/><W52/><G64/><T9/><D36/><U61/><E28/><V85/><F85/><W13/><G37/><T107/><D107/><U130/><E130/><V73/><F73/><W81/><G74/><T48/><D60/><U24/><E95/><V65/><F58/><W23/><G115/><N who="0" m="44043" /><D93/><U44/><E24/><V125/><F125/><W118/><G118/><T99/><D99/><U2/><E117/><V70/><F69/><W19/><REACH who="3" step="1"/><G3/><REACH who="3" ten="225,303,332,130" step="2"/><T20/><D1/><U78/><E2/><V108/><F65/><W120/><G120/><T11/><D135/><U122/><E122/><V86/><F71/><W35/><G35/><T106/><D106/><U14/><E39/><V30/><F70/><W56/><G56/><N who="0" m="32807" /><D132/><U62/><E38/><V32/><F68/><W33/><G33/><T133/><D133/><U129/><E59/><V91/><F32/><W0/><G0/><T90/><D90/><AGARI ba="1,1" hai="4,8,13,15,19,23,45,50,52,80,81,82,84,90" machi="90" ten="30,18000,2" yaku="1,1,7,1,8,1,54,1,53,3" doraHai="110" doraHaiUra="76" who="3" fromWho="0" sc="225,-183,303,0,332,0,130,193" /><INIT seed="3,2,0,2,2,44" ten="42,303,332,323" oya="3" hai0="134,0,21,12,118,43,119,105,14,39,56,35,28" hai1="65,115,59,38,131,85,16,124,109,27,55,34,15" hai2="8,1,66,129,51,7,121,68,94,60,123,133,117" hai3="3,2,102,71,22,99,37,29,13,87,116,62,132"/><W80/><G116/><T114/><D56/><U53/><E38/><V47/><F117/><W41/><G37/><T135/><D43/><U86/><E115/><V96/><F129/><W52/><G41/><T58/><D58/><U82/><E34/><V125/><F125/><W18/><G132/><T10/><D105/><U36/><E36/><V103/><REACH who="2" step="1"/><F133/><REACH who="2" ten="42,303,322,323" step="2"/><W20/><G2/><T77/><D77/><U108/><E124/><V57/><F57/><N who="3" m="35111" /><G3/><T26/><D39/><U88/><E131/><V70/><F70/><W104/><G71/><T78/><D78/><U23/><E108/><V45/><F45/><W128/><G128/><T31/><D114/><U120/><E109/><V91/><F91/><W122/><G122/><T67/><D67/><U33/><E120/><V101/><F101/><W113/><G113/><T98/><D98/><U110/><E110/><V84/><F84/><W127/><G127/><T25/><D134/><U54/><E85/><V9/><F9/><W76/><G99/><T24/><D135/><U89/><E89/><V90/><F90/><W106/><G102/><T46/><D46/><U11/><E65/><V19/><F19/><W30/><G30/><T126/><D126/><U81/><E59/><V64/><F64/><W4/><G4/><T5/><D119/><U50/><E81/><V75/><F75/><W49/><G29/><T6/><D118/><U32/><REACH who="1" step="1"/><E50/><REACH who="1" ten="42,293,322,323" step="2"/><V40/><AGARI ba="2,2" hai="1,7,8,40,47,51,60,66,68,94,96,103,121,123" machi="40" ten="30,4000,0" yaku="1,1,0,1,52,1,53,0" doraHai="44" doraHaiUra="73" who="2" fromWho="2" sc="42,-12,293,-12,322,66,323,-22" owari="30,-47.0,281,-12.0,388,49.0,301,10.0" /></mjloggm>