<mjloggm ver="2.3"><GO type="97" lobby="0"/><UN n0="%68%6F%75%6B%69%30%39" n1="%E3%82%81%E3%82%8D%E2%98%86%E3%81%93%E3%81%82" n2="%E5%B0%B1%E6%B4%BB%E7%94%9F%40%E5%B7%9D%E6%9D%91%E8%BB%8D%E5%9B%A3" n3="%E6%9F%B3%E3%81%AB%E7%95%AA%E5%82%98" dan="15,13,15,16" rate="1961.67,1923.75,1979.66,2085.82" sx="F,M,M,M"/><TAIKYOKU oya="0"/><INIT seed="0,0,0,3,3,34" ten="250,250,250,250" oya="0" hai0="47,2,95,76,29,33,70,62,41,126,102,30,118" hai1="120,61,17,82,56,12,69,5,7,28,106,86,129" hai2="18,57,79,8,108,51,19,97,20,63,88,48,59" hai3="40,81,4,23,109,71,24,114,21,80,98,96,116"/><T35/><D118/><U94/><E120/><V132/><F108/><W39/><G109/><T38/><D126/><U110/><E129/><V131/><F131/><W65/><G24/><T16/><D76/><U101/><E106/><V104/><F132/><W133/><G4/><T113/><D113/><U0/><E69/><V42/><F79/><W99/><G65/><T49/><D38/><U37/><E37/><V111/><F111/><W6/><G40/><T77/><D77/><N who="1" m="46415" /><E28/><V85/><F97/><W128/><G71/><T115/><D115/><U44/><E44/><N who="2" m="25623" /><F104/><W91/><G39/><T14/><D2/><U72/><E72/><V117/><F117/><W58/><G133/><T73/><D73/><U87/><E0/><V105/><F105/><W45/><G45/><T90/><D102/><U32/><E32/><V22/><F51/><W1/><G1/><T107/><D107/><U121/><E121/><V93/><F8/><W89/><G128/><T68/><D68/><U130/><E130/><V119/><F119/><W13/><G116/><T125/><D33/><U10/><E110/><V123/><F123/><W122/><G122/><T31/><D35/><U11/><E11/><V127/><F127/><W36/><G36/><T124/><D125/><U100/><E100/><V27/><F63/><W53/><G114/><T55/><D124/><U135/><E135/><V46/><F46/><W103/><G103/><T66/><D41/><U78/><E78/><V74/><F74/><W25/><G80/><T54/><D54/><N who="1" m="33943" /><E101/><V15/><AGARI ba="0,0" hai="15,18,19,20,22,27,57,59,85,88,93" m="25623" machi="15" ten="30,2000,0" yaku="8,1,54,1" doraHai="34" who="2" fromWho="2" sc="250,-10,250,-5,250,20,250,-5" /><INIT seed="1,0,0,0,1,9" ten="240,245,270,245" oya="1" hai0="82,46,81,118,2,53,105,130,18,69,44,100,76" hai1="5,117,78,68,36,101,132,43,32,55,84,48,126" hai2="77,121,58,60,99,51,8,62,80,92,11,89,50" hai3="52,95,59,73,131,119,47,67,112,24,27,61,106"/><U96/><E117/><V57/><F121/><W19/><G112/><T113/><D118/><U34/><E68/><V83/><F51/><W41/><G106/><T107/><D69/><U31/><E126/><V21/><F50/><W29/><G73/><T3/><D113/><U64/><E64/><N who="2" m="38927" /><F21/><W123/><G123/><T103/><D130/><U42/><E132/><V35/><F35/><W15/><G131/><T63/><D18/><U74/><E74/><V12/><F77/><W17/><G119/><T70/><D70/><U127/><E127/><V129/><F129/><W125/><G125/><T23/><D23/><U26/><E34/><V97/><F97/><W133/><G133/><T10/><D63/><U37/><E37/><V104/><F104/><W98/><G29/><T0/><D10/><N who="2" m="3626" /><F12/><W1/><G1/><T16/><D16/><N who="3" m="6217" /><G15/><T20/><D20/><U124/><E124/><V135/><F135/><W7/><G7/><T33/><D33/><U86/><E5/><V114/><F114/><W91/><G41/><N who="1" m="15370" /><E36/><V30/><F30/><W115/><G115/><T45/><D107/><N who="1" m="63911" /><E78/><V22/><F22/><W85/><G98/><T128/><D128/><U120/><E120/><V109/><F109/><W25/><G47/><T38/><D38/><U88/><E32/><V122/><F122/><W54/><AGARI ba="0,0" hai="24,25,27,52,54,59,61,67,85,91,95" m="6217" machi="54" ten="30,4000,0" yaku="8,1,54,2" doraHai="9" who="3" fromWho="3" sc="240,-10,245,-20,270,-10,245,40" /><INIT seed="2,0,0,5,3,67" ten="230,225,260,285" oya="2" hai0="104,12,102,66,98,43,81,126,47,42,51,93,130" hai1="36,29,49,39,13,3,35,64,72,33,134,58,94" hai2="31,112,107,114,119,26,87,18,118,15,57,4,62" hai3="76,50,101,129,60,69,89,9,40,103,6,90,124"/><V132/><F107/><W32/><G32/><T116/><D126/><U56/><E3/><V46/><F46/><W78/><G124/><T122/><D122/><U79/><E134/><V30/><F87/><W68/><G60/><T59/><D130/><U71/><E72/><V77/><F77/><W110/><G50/><T109/><D109/><U82/><E79/><V88/><F57/><W70/><G40/><T20/><D116/><N who="2" m="44586" /><F88/><W74/><G74/><T54/><D104/><U23/><E58/><V105/><F62/><W1/><G110/><T131/><D131/><U121/><E56/><V61/><F61/><W63/><G63/><N who="0" m="38271" /><D12/><U10/><E64/><V133/><F105/><W83/><G129/><T123/><D20/><U19/><E39/><V52/><F52/><W86/><REACH who="3" step="1"/><G78/><REACH who="3" ten="230,225,260,275" step="2"/><T41/><D123/><U85/><E49/><V28/><F114/><W99/><G99/><T96/><D96/><U80/><E121/><V48/><F48/><W91/><AGARI ba="0,1" hai="1,6,9,68,69,70,76,83,86,89,90,91,101,103" machi="91" ten="40,8000,1" yaku="1,1,0,1,52,3,53,0" doraHai="67" doraHaiUra="92" who="3" fromWho="3" sc="230,-20,225,-20,260,-40,275,90" /><INIT seed="3,0,0,4,1,64" ten="210,205,220,365" oya="3" hai0="26,91,57,11,20,43,63,16,68,41,55,45,105" hai1="76,30,133,87,29,83,27,37,74,111,48,135,28" hai2="59,2,118,82,25,22,21,121,108,61,67,81,120" hai3="88,110,125,78,18,89,115,58,77,97,117,23,15"/><W112/><G117/><T6/><D105/><U31/><E111/><V96/><F118/><W24/><G125/><T126/><D68/><U119/><E119/><V116/><F2/><W65/><G78/><T7/><D126/><U85/><E37/><V80/><F116/><W95/><G77/><T66/><D91/><U39/><E39/><V93/><F108/><W84/><G110/><T128/><D128/><U19/><E19/><V32/><F32/><W60/><G15/><N who="0" m="7295" /><D66/><U53/><E74/><V70/><F70/><W13/><G13/><T14/><D14/><U9/><E9/><V107/><F107/><W42/><G42/><N who="0" m="15883" /><D45/><U40/><E40/><V71/><F71/><W113/><G113/><T69/><D69/><U12/><E12/><V109/><F109/><W90/><G90/><T106/><D106/><U46/><REACH who="1" step="1"/><E87/><REACH who="1" ten="210,195,220,365" step="2"/><V103/><F25/><W17/><G18/><AGARI ba="0,1" hai="6,7,18,20,26,55,57,63" m="15883,7295" machi="18" ten="30,2000,0" yaku="8,1,54,1" doraHai="64" who="0" fromWho="3" sc="210,30,195,0,220,0,365,-20" owari="240,4.0,195,-30.0,220,-18.0,345,44.0" /></mjloggm>