<mjloggm ver="2.3"><GO type="41" lobby="0"/><UN n0="%75%6E%63%68%61%69%6E" n1="%E5%B0%B1%E6%B4%BB%E7%94%9F%40%E5%B7%9D%E6%9D%91%E8%BB%8D%E5%9B%A3" n2="%E3%81%AF%E3%81%AA%E3%81%9F%E3%82%8C" n3="%63%68%65%65%65%65%65%6E" dan="14,15,13,14" rate="1892.54,2028.99,1864.09,1959.75" sx="F,M,M,M"/><TAIKYOKU oya="0"/><INIT seed="0,0,0,3,3,127" ten="250,250,250,250" oya="0" hai0="46,6,85,133,10,71,87,86,24,130,103,22,111" hai1="91,120,43,48,39,49,20,42,15,99,58,27,126" hai2="45,30,11,60,118,135,67,7,73,104,53,132,129" hai3="131,123,134,59,96,63,92,56,122,119,26,94,28"/><T124/><D71/><U64/><E126/><V44/><F104/><W116/><G134/><N who="2" m="51241" /><F73/><W12/><G12/><T109/><D133/><U38/><E120/><N who="3" m="46122" /><G26/><T55/><D124/><U79/><E79/><V108/><F30/><W51/><G28/><N who="0" m="17431" /><D103/><U5/><E39/><V106/><F106/><W14/><G14/><N who="0" m="5463" /><D55/><U17/><E38/><V84/><F84/><W2/><G2/><T19/><D46/><N who="2" m="18026" /><F11/><W68/><G96/><T81/><D19/><U115/><E115/><V52/><F7/><W89/><G89/><N who="0" m="51375" /><D130/><U90/><E5/><V121/><F121/><W93/><G131/><T31/><D31/><U41/><E27/><V32/><F32/><W97/><G97/><T88/><D88/><N who="1" m="33835" /><E99/><V117/><F129/><W128/><G128/><T114/><D114/><U74/><E74/><V100/><F100/><W54/><G68/><T75/><D75/><U105/><E105/><V70/><F108/><AGARI ba="0,0" hai="86,87,108,109,111" m="51375,5463,17431" machi="108" ten="30,2900,0" yaku="14,1,10,1" doraHai="127" who="0" fromWho="2" sc="250,29,250,0,250,-29,250,0" /><INIT seed="0,1,0,1,1,71" ten="279,250,221,250" oya="0" hai0="20,47,89,108,5,74,39,79,65,101,90,111,99" hai1="77,29,14,70,106,80,130,22,121,113,6,83,120" hai2="25,64,52,26,42,100,40,107,59,105,122,9,13" hai3="84,23,21,116,30,119,68,96,27,93,38,44,114"/><T10/><D65/><U82/><E106/><V56/><F122/><W110/><G110/><N who="0" m="42027" /><D20/><U19/><E70/><V0/><F0/><W75/><G68/><T125/><D125/><U127/><E127/><V58/><F64/><W63/><G75/><T91/><D47/><U7/><E113/><V8/><F100/><W117/><G114/><T102/><D39/><U33/><E130/><V55/><F59/><W115/><G115/><T81/><D10/><U112/><E112/><V76/><F76/><W34/><G84/><T49/><D49/><U128/><E128/><V132/><REACH who="2" step="1"/><F13/><REACH who="2" ten="279,250,211,250" step="2"/><W48/><G63/><T15/><D15/><U72/><E77/><V41/><F41/><W126/><G126/><T35/><D35/><U61/><E121/><V104/><F104/><W135/><G135/><AGARI ba="1,1" hai="8,9,25,26,40,42,52,55,56,58,105,107,132,135" machi="135" ten="25,6400,0" yaku="1,1,22,2,54,1,53,0" doraHai="71" doraHaiUra="31" who="2" fromWho="3" sc="279,0,250,0,211,77,250,-67" /><INIT seed="1,0,0,2,1,69" ten="279,250,288,183" oya="1" hai0="111,72,55,113,44,68,107,17,42,36,24,40,86" hai1="108,116,58,39,77,65,29,92,41,121,98,135,12" hai2="110,87,106,71,52,35,131,57,6,61,23,5,118" hai3="97,70,124,74,91,95,79,64,54,3,73,84,67"/><U125/><E116/><V133/><F35/><W1/><G124/><T126/><D107/><U82/><E121/><V85/><F106/><W27/><G54/><T16/><D72/><U132/><E29/><V0/><F118/><W128/><G128/><T14/><D113/><U31/><E31/><V134/><F131/><W62/><G67/><T59/><D68/><U53/><E125/><V47/><F110/><W93/><G27/><T75/><D75/><U66/><E12/><V46/><F71/><W50/><G50/><T129/><D126/><U83/><E108/><V117/><F117/><W109/><G109/><T88/><D129/><U123/><E123/><V45/><F23/><W32/><G32/><T22/><D111/><U30/><E30/><V104/><F104/><W15/><G15/><T21/><D44/><N who="1" m="23615" /><E82/><V34/><F34/><W60/><G60/><N who="0" m="35967" /><D36/><U18/><E83/><AGARI ba="0,0" hai="14,16,17,21,22,24,40,42,83,86,88" m="35967" machi="83" ten="30,3900,0" yaku="8,1,54,2" doraHai="69" who="0" fromWho="1" sc="279,39,250,-39,288,0,183,0" /><INIT seed="2,0,0,4,5,79" ten="318,211,288,183" oya="2" hai0="18,49,46,51,41,127,4,25,106,83,2,56,128" hai1="124,134,5,92,135,91,23,97,67,0,87,40,29" hai2="45,81,57,36,121,22,37,31,101,119,71,113,54" hai3="74,1,6,76,3,24,10,62,102,32,65,75,63"/><V78/><F71/><W20/><G102/><T14/><D106/><U58/><E40/><V68/><F68/><N who="3" m="42039" /><G63/><T7/><D127/><U123/><E123/><V120/><F113/><W115/><G20/><T11/><D128/><U86/><E5/><V77/><F119/><W17/><G17/><T47/><D25/><N who="1" m="16575" /><E0/><V110/><F101/><W116/><G116/><T61/><D2/><U125/><E58/><V35/><F35/><W9/><G115/><T117/><D117/><U38/><E67/><V19/><F78/><W105/><G105/><T21/><D21/><U122/><E38/><V50/><F31/><N who="3" m="19559" /><G76/><T8/><D8/><U60/><E60/><V132/><F132/><N who="1" m="50729" /><E122/><V133/><F133/><W95/><G95/><T130/><D130/><U89/><E97/><V112/><F112/><W52/><G52/><N who="0" m="33927" /><D83/><AGARI ba="0,0" hai="83,86,87,89,91,92,124,125" m="50729,16575" machi="83" ten="30,2000,0" yaku="20,1,52,1" doraHai="79" who="1" fromWho="0" sc="318,-20,211,20,288,0,183,0" /><INIT seed="3,0,0,5,2,31" ten="298,231,288,183" oya="3" hai0="44,21,123,45,107,69,14,124,11,30,27,0,121" hai1="134,114,84,55,64,117,102,38,133,57,98,23,35" hai2="16,61,22,12,115,77,2,1,86,10,97,63,29" hai3="100,51,76,42,33,119,111,46,40,8,110,71,54"/><W56/><G119/><T106/><D107/><U92/><E38/><V28/><F115/><W49/><G100/><T87/><D106/><U135/><E114/><V83/><F2/><W43/><G76/><T53/><D69/><U95/><E117/><V127/><F127/><W65/><G8/><T5/><D124/><U6/><E6/><N who="2" m="3159" /><F1/><W125/><G33/><T15/><D45/><U37/><E37/><V60/><F97/><W47/><G125/><T99/><D99/><U108/><E64/><V94/><F94/><W67/><G71/><T72/><D72/><U9/><E9/><V90/><F77/><W36/><G43/><T25/><D53/><U66/><E66/><AGARI ba="0,0" hai="36,40,42,46,47,49,51,54,56,65,66,67,110,111" machi="66" ten="40,7700,0" yaku="34,3" doraHai="31" who="3" fromWho="1" sc="298,0,231,-77,288,0,183,77" /><INIT seed="3,1,0,4,4,81" ten="298,154,288,260" oya="3" hai0="37,130,74,36,22,51,132,56,108,77,23,63,68" hai1="94,20,92,50,55,10,73,119,69,86,39,1,117" hai2="125,66,57,8,111,115,76,60,91,104,49,98,89" hai3="121,126,96,62,40,84,101,18,32,59,122,80,97"/><W105/><G32/><T43/><D108/><U100/><E69/><V128/><F115/><W14/><G126/><T70/><D74/><U93/><E39/><V112/><F112/><W27/><G27/><T78/><D22/><U46/><E73/><V61/><F111/><W30/><G30/><T135/><D23/><U47/><E100/><V79/><F125/><W110/><G110/><T4/><D4/><U114/><E114/><V116/><F116/><N who="1" m="44617" /><E20/><V58/><F128/><W131/><G131/><T34/><D34/><U48/><E10/><V3/><F49/><N who="1" m="19049" /><E55/><V102/><F8/><W129/><G129/><T53/><D130/><U44/><E1/><V67/><F3/><W11/><G40/><T28/><D28/><U35/><E35/><V29/><F29/><W87/><G97/><T45/><D78/><AGARI ba="1,0" hai="57,58,60,61,66,67,76,78,79,89,91,98,102,104" machi="78" ten="40,1300,0" yaku="9,1" doraHai="81" who="2" fromWho="0" sc="298,-16,154,0,288,16,260,0" /><INIT seed="4,0,0,1,5,128" ten="282,154,304,260" oya="0" hai0="61,74,9,30,47,119,97,113,114,73,99,110,88" hai1="16,50,65,51,107,70,7,0,20,132,1,4,17" hai2="24,57,33,95,43,15,120,98,133,13,8,116,19" hai3="66,60,14,48,77,59,44,55,90,10,49,79,56"/><T105/><D119/><U111/><E107/><V68/><F68/><W62/><G90/><T75/><D30/><U28/><E70/><V121/><F116/><W40/><REACH who="3" step="1"/><G49/><REACH who="3" ten="282,154,304,250" step="2"/><N who="1" m="18442" /><E65/><V3/><F43/><W96/><G96/><T122/><D61/><U81/><E111/><V118/><F118/><W124/><G124/><T83/><D47/><U108/><E108/><V29/><F57/><W6/><AGARI ba="0,1" hai="6,10,14,40,44,48,55,56,59,60,62,66,77,79" machi="6" ten="20,5200,0" yaku="1,1,0,1,7,1,8,1,53,0" doraHai="128" doraHaiUra="80" who="3" fromWho="3" sc="282,-26,154,-13,304,-13,250,62" /><INIT seed="5,0,0,1,4,44" ten="256,141,291,312" oya="1" hai0="95,121,130,131,8,132,91,127,21,82,43,65,85" hai1="11,96,129,114,97,124,122,118,133,134,17,14,36" hai2="123,29,24,3,51,86,81,76,106,128,63,84,68" hai3="31,55,110,69,10,107,105,30,32,15,2,42,25"/><U126/><E36/><V46/><F3/><W19/><G110/><T5/><D121/><U0/><E122/><V54/><F123/><W115/><G115/><T37/><D127/><N who="1" m="48683" /><E118/><V87/><F106/><W113/><G113/><T40/><D132/><N who="1" m="50795" /><E114/><V23/><F128/><N who="0" m="49194" /><D37/><U80/><E129/><V116/><REACH who="2" step="1"/><F116/><REACH who="2" ten="256,141,281,312" step="2"/><W111/><G111/><T27/><D65/><AGARI ba="0,1" hai="23,24,29,46,51,54,63,65,68,76,81,84,86,87" machi="65" ten="40,5200,0" yaku="1,1,2,1,52,1,53,0" doraHai="44" doraHaiUra="35" who="2" fromWho="0" sc="256,-52,141,0,281,62,312,0" /><INIT seed="6,0,0,3,1,45" ten="204,141,343,312" oya="2" hai0="59,114,54,89,65,1,28,37,25,52,73,27,11" hai1="57,3,76,72,39,118,131,66,134,122,20,13,116" hai2="120,56,30,61,46,71,92,97,77,113,121,127,62" hai3="128,129,12,35,41,69,7,14,86,98,125,38,117"/><V15/><F113/><W111/><G117/><T53/><D73/><U17/><E3/><V108/><F127/><W70/><G111/><T100/><D114/><U126/><E39/><V132/><F108/><W84/><G125/><T80/><D37/><U90/><E126/><V123/><F132/><W107/><G35/><T23/><D100/><U105/><E105/><V99/><F77/><W40/><G107/><T33/><D1/><U6/><E122/><V22/><F71/><W18/><G18/><T24/><D11/><U16/><E131/><N who="3" m="50250" /><G98/><T63/><D33/><U36/><E134/><V74/><F74/><W4/><G38/><T91/><D80/><U19/><E36/><V42/><F56/><W49/><G41/><T67/><D65/><U85/><E116/><V9/><F22/><W135/><G135/><T124/><D124/><U115/><E118/><V50/><F99/><W95/><G95/><T32/><REACH who="0" step="1"/><D25/><REACH who="0" ten="194,141,343,312" step="2"/><U43/><E115/><V26/><F26/><W96/><G14/><T79/><D79/><U68/><E68/><V94/><F30/><AGARI ba="0,1" hai="23,24,27,28,30,32,52,53,54,59,63,67,89,91" machi="30" ten="40,2600,0" yaku="1,1,54,1,53,0" doraHai="45" doraHaiUra="47" who="0" fromWho="2" sc="194,36,141,0,343,-26,312,0" /><INIT seed="7,0,0,4,1,75" ten="230,141,317,312" oya="3" hai0="50,16,5,109,62,124,91,133,21,11,82,56,2" hai1="84,23,125,94,25,83,97,108,46,71,35,58,100" hai2="1,43,15,113,18,90,4,3,36,65,92,47,32" hai3="19,98,118,27,119,6,52,79,55,9,116,134,66"/><W81/><G134/><T101/><D133/><U126/><E71/><V93/><F32/><W13/><G66/><T78/><D124/><U38/><E35/><V42/><F42/><W22/><REACH who="3" step="1"/><G98/><REACH who="3" ten="230,141,317,302" step="2"/><T49/><D109/><U10/><E108/><V96/><F113/><W59/><G59/><T117/><D117/><U8/><E126/><V87/><F65/><W64/><G64/><T103/><D91/><U105/><E125/><V63/><F63/><W41/><G41/><T7/><D103/><U60/><E105/><V0/><F4/><W37/><G37/><T86/><D101/><U14/><E46/><V48/><F36/><W114/><G114/><T61/><D7/><U68/><E38/><V39/><F39/><W127/><G127/><T67/><REACH who="0" step="1"/><D62/><REACH who="0" ten="220,141,317,302" step="2"/><U85/><E68/><V74/><F96/><W33/><G33/><T69/><D69/><U26/><E60/><V12/><F43/><W110/><G110/><T120/><D120/><U53/><E97/><V30/><F90/><W24/><G24/><AGARI ba="0,2" hai="2,5,11,16,21,24,49,50,56,61,67,78,82,86" machi="24" ten="30,7700,0" yaku="1,1,7,1,52,1,54,1,53,0" doraHai="75" doraHaiUra="31" who="0" fromWho="3" sc="220,97,141,0,317,0,302,-77" owari="317,41.0,141,-36.0,317,12.0,225,-17.0" /></mjloggm>