<mjloggm ver="2.3"><GO type="169" lobby="0"/><UN n0="%E2%96%A0%E3%82%B9%E3%83%A1%E3%83%A9%E3%82%AE%E2%96%A0" n1="%E6%9C%B4%E9%BE%8D%E5%AE%88" n2="%7A%65%6C%64%69%6E%61" n3="%E3%82%A6%E3%83%AB%E3%83%88%E3%83%A9%E7%AB%8B%E7%9B%B4" dan="16,16,17,17" rate="2093.88,2070.31,2154.17,2202.21" sx="M,M,M,M"/><TAIKYOKU oya="0"/><INIT seed="0,0,0,1,5,69" ten="250,250,250,250" oya="0" hai0="65,133,120,58,78,125,17,22,91,52,117,37,114" hai1="121,112,71,124,8,131,126,97,13,5,4,82,77" hai2="21,106,85,12,39,76,105,47,90,118,68,59,102" hai3="98,23,6,134,51,101,104,24,83,61,95,60,28"/><T55/><D114/><U123/><E112/><V107/><F68/><W66/><G134/><T64/><D117/><U46/><E71/><V48/><F118/><W84/><G6/><T63/><D120/><N who="1" m="46155" /><E97/><V130/><F130/><W41/><G104/><T25/><D125/><N who="1" m="48235" /><E131/><V34/><F34/><W100/><G100/><T62/><D133/><U33/><E46/><V36/><F102/><W9/><G9/><T75/><D75/><N who="1" m="43327" /><E33/><V94/><F76/><N who="3" m="46183" /><G66/><T49/><D78/><U132/><E132/><V87/><F87/><W3/><G3/><T80/><D37/><U119/><E119/><V2/><F2/><W53/><G41/><T57/><D49/><U93/><E93/><V67/><F67/><W30/><G30/><T50/><D50/><U31/><E31/><V128/><F128/><W35/><G35/><T40/><D40/><U11/><E11/><V96/><F96/><W15/><G51/><T110/><D110/><U29/><E29/><V26/><F26/><W18/><G53/><T135/><D135/><U56/><E56/><V88/><F47/><W42/><G42/><T127/><D127/><U38/><E5/><V129/><F129/><W20/><AGARI ba="0,0" hai="15,18,20,23,24,28,60,61,95,98,101" m="46183" machi="20" ten="30,1100,0" yaku="8,1" doraHai="69" who="3" fromWho="3" sc="250,-5,250,-3,250,-3,250,11" /><INIT seed="1,0,0,0,0,52" ten="245,247,247,261" oya="1" hai0="6,24,76,132,64,29,58,41,131,123,68,56,18" hai1="8,74,79,104,113,59,116,61,105,33,31,45,84" hai2="65,17,85,43,127,11,135,78,126,106,129,21,55" hai3="122,48,99,12,54,71,120,32,50,53,0,110,36"/><U14/><E113/><V108/><F106/><W51/><G0/><T102/><D6/><U44/><E74/><V15/><F108/><W121/><G32/><T80/><D41/><U75/><E75/><V97/><F97/><W77/><G77/><T118/><D118/><U72/><E72/><V114/><F114/><W86/><G99/><T119/><D119/><U35/><E116/><V82/><F135/><W42/><G12/><T66/><D68/><U39/><E105/><V91/><F129/><W28/><G28/><T103/><D29/><U3/><E104/><V81/><F43/><W117/><G86/><N who="0" m="48391" /><D132/><U1/><E1/><V63/><F55/><W109/><G71/><T95/><D131/><U27/><E3/><V90/><F11/><W34/><G34/><T37/><D37/><U89/><E35/><V67/><F67/><N who="0" m="25642" /><D123/><U133/><E79/><V4/><F4/><W47/><G117/><T134/><D134/><U125/><E39/><V111/><F111/><AGARI ba="0,0" hai="36,42,47,48,50,51,53,54,109,110,111,120,121,122" machi="111" ten="50,8000,1" yaku="14,1,34,3" doraHai="52" who="3" fromWho="2" sc="245,0,247,0,247,-80,261,80" /><INIT seed="2,0,0,3,2,61" ten="245,247,167,341" oya="2" hai0="82,44,86,134,85,23,108,96,62,57,7,102,101" hai1="80,58,119,66,19,78,13,4,117,132,103,75,47" hai2="14,33,124,107,98,11,111,73,68,3,25,35,6" hai3="18,97,129,55,38,92,122,125,22,84,9,34,42"/><V40/><F73/><W2/><G34/><N who="2" m="12809" /><F40/><W54/><G122/><T8/><D108/><U52/><E4/><N who="2" m="1439" /><F98/><W76/><G55/><T36/><D134/><U45/><E132/><V12/><F107/><W17/><G92/><T110/><D110/><U93/><E117/><V126/><F68/><W31/><G84/><T10/><D10/><U48/><E119/><V26/><F111/><W89/><G54/><T65/><D23/><U53/><E66/><V112/><F112/><W5/><G89/><T70/><D70/><U118/><E118/><V113/><F113/><W131/><G97/><T99/><D99/><U87/><E53/><V72/><F72/><W90/><G90/><T133/><D133/><U116/><E116/><V60/><F60/><W24/><G76/><T16/><D86/><U109/><E109/><V69/><F69/><W106/><G106/><T83/><D44/><U130/><E75/><V59/><F59/><W114/><G42/><T79/><D83/><U51/><E51/><V46/><F46/><W30/><G38/><T115/><D36/><U95/><E95/><V63/><F63/><W28/><G114/><T100/><D96/><U21/><E93/><V20/><F26/><W37/><G37/><T1/><D115/><U27/><E103/><V64/><F64/><W104/><G104/><T94/><D94/><U49/><E47/><V128/><F128/><W123/><G131/><T135/><D135/><U43/><E27/><V56/><F56/><W15/><G129/><T88/><D79/><U74/><E74/><V39/><F39/><W77/><G77/><RYUUKYOKU ba="0,0" sc="245,15,247,15,167,-15,341,-15" hai0="1,7,8,16,57,62,65,82,85,88,100,101,102" hai1="13,19,21,43,45,48,49,52,58,78,80,87,130" /><INIT seed="3,1,0,0,5,33" ten="260,262,152,326" oya="3" hai0="75,42,71,5,124,103,101,97,128,77,39,43,54" hai1="80,123,12,133,125,64,24,6,105,83,48,58,31" hai2="107,87,52,134,122,99,3,78,55,53,9,131,112" hai3="113,69,50,67,22,79,13,111,106,109,76,70,41"/><W15/><G106/><T104/><D103/><U88/><E105/><V49/><F122/><W30/><G113/><T23/><D43/><U7/><E123/><V46/><F112/><W56/><G67/><T36/><D54/><U127/><E133/><V85/><F134/><W10/><G30/><T72/><D23/><U37/><E37/><N who="0" m="14409" /><D42/><U129/><E129/><V98/><F131/><W11/><G22/><T84/><D84/><N who="1" m="50183" /><E83/><V118/><F118/><W114/><G41/><T4/><D4/><U27/><E12/><V38/><F38/><W74/><G114/><T96/><D96/><U132/><E132/><V82/><F87/><W135/><G135/><T66/><D77/><U63/><E48/><V100/><REACH who="2" step="1"/><F99/><REACH who="2" ten="260,262,142,326" step="2"/><W59/><G74/><T120/><D128/><U81/><E125/><V102/><F102/><W91/><G91/><T93/><D120/><U8/><E127/><V89/><F89/><W47/><G79/><T18/><D124/><U26/><E81/><V116/><F116/><W108/><G76/><T94/><D75/><U60/><E31/><V21/><F21/><W35/><G109/><T130/><D72/><U90/><E90/><V28/><F28/><W126/><G126/><T34/><D130/><U1/><E8/><V16/><F16/><W115/><G115/><T57/><D18/><U0/><E7/><AGARI ba="1,1" hai="3,7,9,46,49,52,53,55,78,82,85,98,100,107" machi="7" ten="40,5200,0" yaku="1,1,52,1,54,1,53,0" doraHai="33" doraHaiUra="29" who="2" fromWho="1" sc="260,0,262,-55,142,65,326,0" /><INIT seed="4,0,0,4,1,47" ten="260,207,207,326" oya="0" hai0="48,110,9,77,100,133,53,32,118,98,70,116,105" hai1="106,69,132,55,79,65,108,28,74,119,131,80,19" hai2="101,40,130,84,5,89,3,39,18,12,17,63,10" hai3="13,78,122,73,95,90,46,75,16,26,33,125,56"/><T97/><D70/><U57/><E108/><V31/><F130/><W51/><G125/><T72/><D32/><U42/><E106/><V4/><F31/><W11/><G78/><T36/><D36/><U129/><E119/><V54/><F101/><W45/><G45/><T104/><D133/><U20/><E28/><V127/><F127/><W109/><G109/><T59/><D110/><U0/><E0/><V64/><F54/><W86/><G56/><T99/><D9/><U61/><E42/><V124/><F124/><W14/><G122/><T121/><D121/><U117/><E132/><V15/><F3/><W24/><G75/><T52/><D77/><U27/><REACH who="1" step="1"/><E117/><REACH who="1" ten="260,197,207,326" step="2"/><V37/><F40/><N who="3" m="25031" /><G33/><T107/><D72/><U81/><E81/><N who="2" m="49295" /><F39/><W83/><G73/><T34/><D34/><U25/><E25/><V22/><F37/><W134/><G134/><T8/><D100/><U49/><AGARI ba="0,1" hai="19,20,27,49,55,57,61,65,69,74,79,80,129,131" machi="49" ten="30,4000,0" yaku="1,1,0,1,52,1,53,0" doraHai="47" doraHaiUra="87" who="1" fromWho="1" sc="260,-20,197,50,207,-10,326,-10" /><INIT seed="5,0,0,0,4,91" ten="240,247,197,316" oya="1" hai0="68,108,19,130,121,27,55,32,102,18,0,10,13" hai1="71,132,109,129,47,99,4,124,89,73,90,134,9" hai2="64,118,83,11,131,125,6,74,15,128,112,45,69" hai3="16,25,58,75,119,53,61,95,82,93,88,8,62"/><U31/><E73/><V127/><F118/><W76/><G119/><T66/><D68/><U41/><E71/><V38/><F64/><W78/><G78/><T51/><D66/><U86/><E31/><V67/><F67/><W100/><G100/><T49/><D108/><U80/><E109/><V126/><F69/><W21/><G8/><T33/><D102/><U17/><E17/><V97/><F97/><N who="3" m="57511" /><G95/><T103/><D103/><U115/><E115/><V87/><F112/><W14/><G14/><T94/><D0/><U72/><E72/><V40/><REACH who="2" step="1"/><F74/><REACH who="2" ten="240,247,187,316" step="2"/><W39/><G39/><T5/><D121/><U84/><E99/><V107/><F107/><W106/><G62/><T3/><D130/><U54/><E129/><V81/><F81/><W46/><G46/><T104/><D104/><AGARI ba="0,1" hai="16,21,25,53,58,61,75,76,82,104,106" m="57511" machi="104" ten="30,7700,0" yaku="25,1,52,1,54,2" doraHai="91" who="3" fromWho="0" sc="240,-77,247,0,187,0,316,87" /><INIT seed="6,0,0,4,3,117" ten="163,247,187,403" oya="2" hai0="40,13,6,11,113,85,12,106,132,18,43,92,95" hai1="128,83,101,67,104,25,35,65,8,47,115,110,96" hai2="51,75,34,108,121,90,52,1,105,116,42,3,66" hai3="76,99,29,56,126,53,64,135,22,31,74,118,49"/><V71/><F116/><W89/><G74/><T107/><D113/><U129/><E110/><V102/><F42/><W19/><G76/><T59/><D132/><U78/><E115/><V134/><F121/><W0/><G0/><T131/><D131/><N who="1" m="50251" /><E8/><V38/><F38/><W27/><G126/><T17/><D59/><U54/><E47/><V30/><F75/><W72/><G72/><T94/><D85/><N who="1" m="48375" /><E54/><V97/><F90/><W93/><G135/><T122/><D6/><U28/><AGARI ba="0,0" hai="25,28,35,65,67,96,101,104" m="48375,50251" machi="28" ten="30,1100,0" yaku="19,1" doraHai="117" who="1" fromWho="1" sc="163,-3,247,11,187,-5,403,-3" /><INIT seed="7,0,0,1,5,41" ten="160,258,182,400" oya="3" hai0="94,11,38,98,8,77,59,25,119,79,67,106,27" hai1="70,85,35,49,52,92,22,48,74,89,60,30,105" hai2="46,33,115,73,32,26,68,66,69,102,120,84,20" hai3="131,81,97,3,42,51,101,121,47,116,107,36,65"/><W110/><G3/><T18/><D119/><U21/><E105/><V55/><F73/><W90/><G131/><T124/><D106/><U111/><E74/><V80/><F102/><W132/><G132/><T28/><D124/><U87/><E111/><V62/><F69/><W4/><G4/><T45/><D79/><U56/><E35/><V91/><F120/><W19/><G116/><T118/><D77/><U63/><E70/><V129/><F115/><W82/><G65/><T44/><D38/><U58/><E87/><V5/><F5/><W12/><G90/><T93/><D118/><U54/><E30/><V16/><REACH who="2" step="1"/><F129/><REACH who="2" ten="160,258,172,400" step="2"/><W134/><G121/><T15/><D8/><U99/><E99/><V75/><F75/><W23/><G134/><T0/><D0/><U7/><E7/><V112/><F112/><W103/><G103/><N who="0" m="60879" /><D94/><U133/><E133/><V61/><F61/><AGARI ba="0,1" hai="21,22,48,49,52,54,56,58,60,61,63,85,89,92" machi="61" ten="40,5200,0" yaku="9,1,8,1,54,1" doraHai="41" who="1" fromWho="2" sc="160,0,258,62,172,-52,400,0" owari="160,-24.0,320,12.0,120,-38.0,400,50.0" /></mjloggm>