<mjloggm ver="2.3"><GO type="41" lobby="0"/><UN n0="%4C%79%75%65" n1="%E5%A4%A7%E6%B4%97%E5%A5%B3%E5%AD%90%E7%94%9F%E5%BE%92%E4%BC%9A%E9%95%B7" n2="%4B%61%6D%69%6B%61%7A%65" n3="%E5%B0%B1%E6%B4%BB%E7%94%9F%40%E5%B7%9D%E6%9D%91%E8%BB%8D%E5%9B%A3" dan="13,15,14,15" rate="1824.01,2019.91,1993.27,2052.35" sx="M,F,M,M"/><TAIKYOKU oya="0"/><INIT seed="0,0,0,4,0,10" ten="250,250,250,250" oya="0" hai0="11,74,135,15,25,92,0,96,31,121,75,50,61" hai1="107,21,132,19,62,125,70,4,51,54,124,67,112" hai2="37,101,18,116,114,66,5,133,104,85,7,39,126" hai3="134,44,79,32,63,29,89,20,35,109,98,94,3"/><T6/><D121/><U131/><E107/><V13/><F114/><W119/><G3/><T41/><D135/><U57/><E4/><V65/><F133/><W58/><G119/><T72/><D61/><U22/><E132/><V120/><F104/><W128/><G134/><T86/><D86/><U102/><E102/><V111/><F101/><W23/><G128/><T49/><D0/><U14/><E112/><V24/><F111/><W129/><G129/><T34/><REACH who="0" step="1"/><D41/><REACH who="0" ten="240,250,250,250" step="2"/><U56/><E131/><V33/><F120/><W84/><G109/><T42/><D42/><U28/><E70/><V8/><F85/><W93/><G84/><T82/><D82/><U43/><E43/><V115/><F115/><W26/><G63/><T69/><D69/><U78/><E78/><V46/><F116/><W118/><G79/><T76/><D76/><U64/><E64/><V68/><F68/><W38/><G118/><T1/><D1/><U36/><E36/><V108/><F65/><W60/><G60/><T123/><D123/><U130/><E130/><V52/><F66/><W105/><G38/><T90/><AGARI ba="0,1" hai="6,11,15,25,31,34,49,50,72,74,75,90,92,96" machi="90" ten="30,11700,0" yaku="1,1,0,1,52,1,53,1" doraHai="10" doraHaiUra="30" who="0" fromWho="0" sc="240,127,250,-39,250,-39,250,-39" /><INIT seed="0,1,0,3,0,32" ten="367,211,211,211" oya="0" hai0="34,98,56,30,100,123,62,73,48,5,79,96,18" hai1="53,68,58,1,46,42,12,17,92,78,104,71,83" hai2="110,111,50,113,52,109,24,74,3,55,26,51,87" hai3="38,28,105,45,82,124,72,10,59,6,81,89,63"/><T13/><D123/><U135/><E104/><V16/><F74/><W40/><G105/><T112/><D112/><U2/><E135/><V41/><F113/><W67/><G124/><T64/><D5/><U132/><E132/><V86/><F41/><W29/><G82/><T93/><D73/><U57/><E92/><V126/><F126/><W60/><G60/><T54/><D79/><U25/><E25/><N who="2" m="9835" /><F16/><W65/><G65/><T69/><D98/><U77/><E71/><V49/><F3/><W99/><G99/><T116/><D116/><U121/><E121/><V8/><F8/><W44/><G44/><T85/><D85/><AGARI ba="1,0" hai="49,50,51,52,55,85,86,87,109,110,111" m="9835" machi="85" ten="40,8000,1" yaku="28,2,14,1,54,1" doraHai="32" who="2" fromWho="0" sc="367,-83,211,0,211,83,211,0" /><INIT seed="1,0,0,2,3,25" ten="284,211,294,211" oya="1" hai0="115,123,53,89,9,122,133,87,33,54,94,3,59" hai1="113,30,107,12,72,90,67,38,40,43,29,58,17" hai2="22,126,76,2,11,108,112,49,130,88,79,96,93" hai3="131,81,121,41,16,134,128,129,82,119,21,39,125"/><U28/><E107/><V48/><F108/><W1/><G1/><T47/><D115/><U124/><E72/><V105/><F130/><W24/><G121/><N who="0" m="46091" /><D133/><U110/><E113/><V0/><F126/><W120/><G120/><T23/><D33/><U78/><E38/><V116/><F105/><W97/><G125/><T68/><D68/><U106/><E106/><V18/><F11/><W36/><G119/><T42/><D23/><U77/><E124/><V19/><F116/><W64/><G134/><T44/><D9/><U61/><E90/><V86/><F112/><W95/><G64/><T6/><D6/><U83/><E110/><V31/><F31/><W100/><REACH who="3" step="1"/><G36/><REACH who="3" ten="284,211,294,201" step="2"/><T102/><D3/><U37/><E37/><V73/><F0/><W50/><G50/><T101/><D42/><N who="1" m="15915" /><E83/><V74/><F2/><W8/><G8/><AGARI ba="0,1" hai="8,12,17,28,29,30,58,61,67,77,78" m="15915" machi="8" ten="30,11600,0" yaku="8,1,52,3" doraHai="25" who="1" fromWho="3" sc="284,0,211,126,294,0,201,-116" /><INIT seed="1,1,0,2,0,54" ten="284,337,294,85" oya="1" hai0="128,67,5,14,131,91,100,74,6,25,106,71,112" hai1="46,110,48,15,43,68,44,33,108,72,123,73,117" hai2="126,114,79,66,24,96,93,41,28,31,55,104,61" hai3="51,134,130,87,78,13,81,18,4,20,60,109,120"/><U45/><E68/><V99/><F104/><W56/><G120/><T64/><D112/><U8/><E117/><V53/><F126/><W88/><G130/><N who="0" m="49707" /><D74/><U133/><E33/><V92/><F79/><W29/><G134/><T26/><D91/><U116/><E116/><V42/><F24/><N who="0" m="9322" /><D14/><U17/><E123/><V37/><F114/><W7/><G109/><N who="1" m="42090" /><E133/><V103/><F37/><W125/><G29/><T63/><D67/><U118/><E118/><V121/><F121/><W23/><G125/><T113/><D113/><U122/><E122/><V34/><F34/><W111/><G111/><T84/><D84/><U16/><E17/><V98/><F98/><AGARI ba="1,0" hai="5,6,63,64,71,98,100,106" m="9322,49707" machi="98" ten="30,1000,0" yaku="19,1" doraHai="54" who="0" fromWho="2" sc="284,13,337,0,294,-13,85,0" /><INIT seed="2,0,0,3,5,60" ten="297,337,281,85" oya="2" hai0="109,33,93,14,92,15,98,44,50,42,108,74,128" hai1="118,88,97,64,62,85,135,73,111,129,37,99,70" hai2="17,101,58,104,96,63,59,41,69,27,39,2,21" hai3="66,61,31,13,4,106,75,24,126,71,120,12,25"/><V87/><F2/><W19/><G120/><T22/><D33/><U45/><E118/><V78/><F39/><W86/><G126/><T52/><D74/><U76/><E129/><V134/><F41/><W29/><G75/><T121/><D121/><U51/><E37/><V94/><F134/><W72/><G72/><T3/><D3/><U115/><E135/><V117/><F117/><W35/><G106/><T123/><D123/><U48/><E48/><V38/><F38/><W81/><G4/><T34/><D34/><U102/><E115/><V84/><F104/><W133/><G133/><T10/><D128/><U124/><E124/><V91/><F78/><W67/><G19/><N who="0" m="10623" /><D98/><U80/><E111/><N who="0" m="42569" /><D42/><U131/><E131/><V130/><F130/><W7/><G7/><AGARI ba="0,0" hai="7,10,14,44,50,52,92,93" m="42569,10623" machi="7" ten="30,2000,0" yaku="14,1,54,1" doraHai="60" who="0" fromWho="3" sc="297,20,337,0,281,0,85,-20" /><INIT seed="3,0,0,2,0,103" ten="317,337,281,65" oya="3" hai0="101,93,25,72,34,3,94,2,107,52,44,27,63" hai1="112,5,31,18,37,68,55,106,97,74,8,43,100" hai2="28,117,119,66,108,16,80,79,60,85,73,17,35" hai3="15,0,6,96,45,67,121,118,40,36,104,42,87"/><W114/><G114/><T92/><D72/><U99/><E112/><V9/><F108/><W20/><G118/><T133/><D133/><U75/><E18/><V111/><F111/><W7/><G121/><T59/><D44/><N who="1" m="23663" /><E55/><V47/><F47/><W123/><G123/><T64/><D64/><U29/><E29/><V48/><F48/><W22/><G67/><T23/><D34/><U71/><E31/><V95/><F17/><W126/><G126/><T84/><D84/><U46/><E46/><V82/><F95/><W38/><G87/><T122/><D122/><U89/><E89/><V135/><F28/><W33/><G33/><T58/><D58/><U120/><E97/><V127/><F35/><W53/><G53/><T39/><D39/><U109/><E109/><V51/><F51/><W56/><G45/><T132/><D132/><U83/><E83/><V130/><F127/><W88/><G56/><T98/><REACH who="0" step="1"/><D23/><REACH who="0" ten="307,337,281,65" step="2"/><U12/><E120/><V113/><F135/><W49/><G49/><T50/><D50/><U10/><E10/><V70/><F113/><W105/><G0/><AGARI ba="0,1" hai="0,2,3,25,27,52,59,63,92,93,94,98,101,107" machi="0" ten="40,8000,1" yaku="1,1,52,1,54,1,53,1" doraHai="103" doraHaiUra="102" who="0" fromWho="3" sc="307,90,337,0,281,0,65,-80" owari="397,50.0,337,14.0,281,-12.0,-15,-52.0" /></mjloggm>