<mjloggm ver="2.3"><GO type="169" lobby="0"/><UN n0="%E3%81%AB%E3%81%9B%E6%82%9F%E7%A9%BA" n1="%47%45%59%55" n2="%66%75%6C%6C%2D%74%70%21" n3="%E3%82%A6%E3%83%AB%E3%83%88%E3%83%A9%E7%AB%8B%E7%9B%B4" dan="16,16,16,17" rate="2159.47,2041.91,2056.46,2111.44" sx="M,M,M,M"/><TAIKYOKU oya="0"/><INIT seed="0,0,0,4,2,93" ten="250,250,250,250" oya="0" hai0="25,77,101,103,130,34,48,30,68,42,7,56,131" hai1="23,95,55,51,49,17,10,111,97,87,94,2,19" hai2="118,90,117,59,57,61,9,43,85,110,62,119,82" hai3="53,67,63,5,52,133,135,16,134,11,115,109,74"/><T79/><D68/><U127/><E111/><V22/><F43/><W120/><G115/><T40/><D7/><U96/><E127/><V12/><F110/><W80/><G109/><T3/><D3/><U73/><E73/><V124/><F22/><W47/><G120/><T46/><D42/><U126/><E87/><V89/><F89/><W18/><G80/><T39/><D39/><U72/><E72/><V27/><F27/><W99/><G99/><N who="1" m="37962" /><E2/><V105/><F105/><W113/><G74/><T28/><D56/><N who="2" m="21578" /><F124/><W45/><G113/><T38/><D38/><U29/><E29/><V54/><F54/><N who="3" m="21099" /><G47/><T114/><D30/><U102/><E126/><V4/><AGARI ba="0,0" hai="4,9,12,61,62,82,85,90,117,118,119" m="21578" machi="4" ten="40,1500,0" yaku="12,1" doraHai="93" who="2" fromWho="2" sc="250,-7,250,-4,250,15,250,-4" /><INIT seed="1,0,0,0,4,54" ten="243,246,265,246" oya="1" hai0="63,91,30,118,88,26,46,128,85,4,57,39,104" hai1="74,36,103,35,34,96,10,109,20,15,73,90,7" hai2="22,97,87,125,120,100,132,62,76,51,65,126,41" hai3="44,93,5,127,130,59,8,123,33,58,32,31,117"/><U14/><E36/><V16/><F120/><W133/><G123/><T13/><D118/><U28/><E109/><V6/><F6/><W124/><G117/><T102/><D128/><U121/><E121/><V23/><F23/><W131/><G44/><T64/><D104/><U106/><E90/><V115/><F115/><W17/><G93/><T47/><D102/><U70/><E70/><V1/><F1/><W84/><G17/><T82/><D39/><U68/><E68/><V45/><F87/><W2/><G84/><T71/><D91/><U11/><E20/><V66/><F76/><W38/><G38/><T94/><D94/><U112/><E112/><V80/><F80/><W0/><G133/><T135/><D71/><U56/><E28/><V113/><F132/><W55/><G55/><T52/><D64/><U95/><E106/><V19/><F66/><W50/><G50/><T78/><D78/><U107/><E107/><N who="2" m="63887" /><F22/><W49/><G49/><T21/><D135/><U61/><E73/><V60/><F113/><W98/><G98/><T48/><D48/><U79/><E74/><V25/><F65/><W37/><G37/><T114/><D114/><U116/><E116/><V89/><F89/><W101/><G101/><T81/><D81/><U86/><E86/><V40/><F40/><W43/><G43/><T3/><D3/><U108/><E79/><V69/><F69/><W92/><G92/><T119/><D119/><U110/><E108/><V72/><F72/><W53/><G130/><T111/><D111/><U83/><E110/><V105/><F105/><W122/><G131/><RYUUKYOKU ba="0,0" sc="243,30,246,-10,265,-10,246,-10" hai0="4,13,21,26,30,46,47,52,57,63,82,85,88" /><INIT seed="2,1,0,4,1,109" ten="273,236,255,236" oya="2" hai0="32,62,38,115,66,28,91,126,2,130,106,4,74" hai1="33,95,63,30,45,86,24,53,102,79,52,58,39" hai2="13,6,54,55,16,119,27,47,82,21,80,94,116" hai3="78,100,127,49,101,59,51,15,29,83,111,125,37"/><V56/><F119/><W35/><G37/><T133/><RYUUKYOKU type="yao9" ba="1,0" sc="273,0,236,0,255,0,236,0" hai0="2,4,28,32,38,62,66,74,91,106,115,126,130,133" /><INIT seed="2,2,0,0,2,77" ten="273,236,255,236" oya="2" hai0="83,89,102,109,86,87,43,107,25,14,71,70,13" hai1="22,45,76,105,81,98,79,41,52,55,31,110,26" hai2="131,2,33,29,18,92,80,85,130,0,106,95,20" hai3="88,16,97,63,117,96,108,94,37,112,61,27,104"/><V51/><F106/><W3/><G117/><T122/><D122/><U62/><E110/><V128/><F29/><W73/><G3/><N who="2" m="1065" /><F51/><W30/><G37/><T21/><D109/><U64/><E105/><V11/><F11/><W125/><G108/><T135/><D135/><U115/><E98/><V6/><F6/><W40/><G73/><T126/><D126/><U4/><E4/><V132/><F33/><W23/><G125/><T24/><D107/><U36/><E115/><V1/><F132/><W72/><G72/><T12/><D102/><U119/><E76/><N who="2" m="46215" /><F1/><W10/><G40/><T134/><D134/><U9/><E9/><V48/><F48/><W127/><G127/><T114/><D114/><U32/><E32/><V60/><F60/><W74/><G74/><T50/><D71/><U111/><E119/><V38/><F38/><W44/><G112/><T19/><D70/><U84/><REACH who="1" step="1"/><E111/><REACH who="1" ten="273,226,255,236" step="2"/><V69/><F69/><AGARI ba="2,1" hai="22,26,31,36,41,45,52,55,62,64,69,79,81,84" machi="69" ten="30,8000,1" yaku="1,1,2,1,7,1,52,1,54,1,53,0" doraHai="77" doraHaiUra="15" who="1" fromWho="2" sc="273,0,226,96,255,-86,236,0" /><INIT seed="3,0,0,1,2,15" ten="273,322,169,236" oya="3" hai0="76,117,12,58,110,25,44,38,75,91,69,135,11" hai1="6,41,22,124,19,59,62,54,84,18,48,45,37" hai2="31,95,64,123,3,8,132,16,52,55,92,14,112" hai3="80,130,29,65,21,77,106,34,30,53,67,87,93"/><W35/><G106/><T10/><D117/><U70/><E124/><V121/><F112/><W57/><G130/><T51/><D69/><U40/><E6/><V73/><F73/><W72/><G72/><T115/><D110/><U28/><E41/><V78/><F78/><W114/><G114/><T131/><D115/><U90/><E28/><V33/><F132/><W42/><G42/><T68/><D68/><U71/><E37/><V101/><F64/><W125/><G125/><T129/><D38/><U133/><E19/><V9/><F3/><W89/><G34/><T128/><D135/><U120/><E120/><N who="2" m="46155" /><F9/><W126/><G35/><T79/><D10/><U63/><E133/><V119/><F119/><W86/><G126/><T97/><D25/><U99/><E99/><N who="2" m="59623" /><F95/><W24/><REACH who="3" step="1"/><G30/><REACH who="3" ten="273,322,169,226" step="2"/><T17/><D75/><U100/><E40/><V98/><F98/><W1/><G1/><T39/><D97/><U118/><E118/><V43/><F43/><W83/><G83/><T61/><D39/><U0/><E0/><V23/><F33/><W56/><G56/><T74/><D74/><U111/><E70/><V85/><F85/><W4/><G4/><T88/><D44/><U36/><E71/><V82/><F82/><W116/><G116/><T2/><D2/><U103/><E45/><V94/><F94/><W26/><G26/><AGARI ba="0,1" hai="8,14,16,23,26,31,52,55" m="59623,46155" machi="26" ten="30,7700,0" yaku="13,1,52,1,54,2" doraHai="15" who="2" fromWho="3" sc="273,0,322,0,169,87,226,-77" /><INIT seed="4,0,0,4,2,81" ten="273,322,256,149" oya="0" hai0="90,65,62,37,122,5,75,40,54,10,93,97,4" hai1="24,6,21,25,26,0,46,50,80,100,44,30,132" hai2="130,92,33,2,116,45,103,47,95,105,72,61,108" hai3="107,94,56,58,104,83,77,12,96,131,119,113,133"/><T39/><D122/><U51/><E132/><V123/><F123/><W49/><G119/><T63/><D75/><U52/><E100/><V73/><F2/><W124/><G133/><T120/><D120/><U41/><REACH who="1" step="1"/><E80/><REACH who="1" ten="273,312,256,149" step="2"/><V71/><F103/><W99/><G83/><T87/><D39/><U64/><E64/><V13/><F116/><W7/><G107/><T14/><D65/><U125/><E125/><V22/><F105/><W74/><G104/><T85/><D37/><U27/><E27/><V88/><F73/><W60/><G74/><T98/><D40/><U76/><E76/><V110/><F72/><W34/><G77/><T135/><D135/><U18/><E18/><V114/><F95/><W117/><G94/><N who="0" m="56535" /><D4/><U118/><E118/><V79/><F92/><W129/><G7/><T134/><D134/><U69/><E69/><V66/><F71/><W8/><G117/><T3/><D3/><U42/><E42/><V112/><F66/><W11/><G124/><T29/><D29/><U15/><E15/><V35/><F13/><W128/><G12/><T115/><D115/><U36/><E36/><V127/><F127/><W31/><G113/><T19/><D5/><U20/><E20/><V84/><F22/><W101/><G31/><T89/><D54/><U109/><E109/><V32/><F112/><W38/><G38/><T57/><D57/><N who="3" m="22121" /><G131/><T68/><D68/><U48/><E48/><V86/><F114/><W9/><G129/><T91/><D91/><U17/><E17/><V78/><F130/><W23/><G128/><T102/><D89/><U126/><E126/><RYUUKYOKU ba="0,1" sc="273,15,312,15,256,-15,149,-15" hai0="10,14,19,62,63,85,87,93,98,102" hai1="0,6,21,24,25,26,30,41,44,46,50,51,52" /><INIT seed="4,1,1,0,5,30" ten="288,327,241,134" oya="0" hai0="72,106,126,95,19,3,57,4,64,113,6,109,46" hai1="13,128,77,62,68,36,87,130,67,83,90,34,69" hai2="94,15,133,24,40,123,1,78,111,56,98,97,70" hai3="45,2,39,18,51,59,110,23,44,17,127,27,101"/><T102/><D72/><U104/><E36/><V25/><F1/><W75/><G110/><T22/><D106/><U63/><E104/><V8/><F70/><W79/><G127/><T81/><D126/><U29/><E13/><V28/><F123/><W60/><G2/><T52/><D109/><U82/><E63/><V114/><F111/><W117/><G117/><T115/><D81/><U108/><E108/><V50/><F78/><W93/><G39/><T132/><D132/><U73/><REACH who="1" step="1"/><E68/><REACH who="1" ten="288,317,241,134" step="2"/><V42/><F15/><W89/><G60/><T48/><D3/><U125/><E125/><V12/><F12/><W14/><G14/><T0/><D0/><U21/><E21/><V16/><F8/><W103/><G23/><T105/><D105/><U55/><E55/><V92/><F40/><W134/><G134/><T74/><D22/><U84/><E84/><V33/><F42/><W38/><G38/><T37/><D52/><U76/><E76/><V65/><F133/><W43/><G79/><T53/><D53/><U122/><E122/><V124/><F124/><W41/><G41/><T86/><D37/><U35/><E35/><V88/><F33/><W112/><G43/><T118/><D86/><U47/><E47/><V7/><F97/><W107/><G45/><T5/><D46/><U32/><E32/><V71/><F98/><W31/><G44/><T119/><D119/><U26/><AGARI ba="1,2" hai="26,29,34,62,67,69,73,77,82,83,87,90,128,130" machi="26" ten="30,4000,0" yaku="1,1,0,1,52,1,53,0" doraHai="30" doraHaiUra="99" who="1" fromWho="1" sc="288,-21,317,63,241,-11,134,-11" /><INIT seed="5,0,0,5,1,132" ten="267,380,230,123" oya="1" hai0="69,26,32,38,98,65,0,19,108,50,71,106,127" hai1="120,48,33,134,76,129,37,5,47,23,111,55,110" hai2="73,102,63,14,113,101,80,52,35,97,29,2,58" hai3="135,95,30,90,21,81,56,67,131,87,85,59,40"/><U72/><E120/><V128/><F2/><W79/><G135/><T4/><D38/><U114/><E33/><V77/><F128/><W70/><G131/><T53/><D108/><N who="1" m="41515" /><E134/><V18/><F113/><W20/><G70/><T6/><D6/><U130/><E5/><V13/><F101/><W36/><G36/><T121/><D65/><U46/><E23/><V112/><F112/><W54/><G40/><T43/><D43/><N who="1" m="22895" /><E114/><V118/><F118/><W16/><G67/><T8/><D69/><U28/><E28/><V57/><F57/><W22/><G30/><T93/><D71/><U104/><E104/><V125/><F29/><W75/><G75/><T39/><D32/><U10/><E10/><V17/><F35/><W122/><G122/><T12/><D106/><U7/><E7/><V89/><F17/><W119/><G119/><T9/><D121/><U74/><E74/><V24/><F102/><W124/><G59/><T94/><D19/><U49/><E49/><V103/><F103/><W3/><G3/><T78/><D50/><U15/><E15/><V44/><F14/><W61/><REACH who="3" step="1"/><G124/><REACH who="3" ten="267,380,230,113" step="2"/><T99/><D127/><U51/><E130/><V115/><F125/><W31/><G31/><T42/><D0/><U86/><E72/><V34/><F115/><W116/><G116/><T82/><D39/><U88/><E129/><V1/><F34/><W123/><G123/><T100/><D42/><U25/><E47/><V107/><F44/><W109/><G109/><T133/><D133/><U68/><E68/><V11/><F1/><W62/><G62/><T60/><D60/><RYUUKYOKU ba="0,1" sc="267,-10,380,-10,230,-10,113,30" hai3="16,20,21,22,54,56,61,79,81,85,87,90,95" /><INIT seed="6,1,1,3,1,16" ten="257,370,220,143" oya="2" hai0="21,63,22,68,9,81,39,61,38,83,45,52,14" hai1="37,127,101,15,48,30,118,72,10,129,32,85,110" hai2="19,41,27,111,47,11,6,77,91,13,75,17,124" hai3="103,3,65,94,134,90,74,135,117,70,20,73,4"/><V29/><F124/><W18/><G103/><T54/><D68/><U115/><E72/><V80/><F91/><W35/><G35/><T62/><D38/><U108/><E37/><V42/><F111/><W51/><G117/><T89/><D39/><U116/><E101/><V126/><F126/><W113/><G51/><N who="0" m="28783" /><D54/><U122/><E85/><V130/><F130/><W93/><G93/><T121/><D121/><U0/><E48/><V99/><F99/><W119/><G119/><T97/><D97/><U59/><E122/><V66/><F66/><W79/><G65/><T67/><D67/><U34/><E129/><V23/><F42/><W46/><G70/><T112/><D112/><U106/><E115/><V84/><F75/><W28/><G113/><T24/><D24/><U133/><E127/><V82/><F82/><N who="0" m="31242" /><D89/><U5/><E108/><V58/><F58/><W60/><G74/><T64/><D64/><U57/><E59/><V1/><F1/><W7/><G3/><T44/><D44/><U114/><E57/><V55/><F55/><W40/><G46/><T96/><D96/><U128/><E128/><V102/><F102/><W76/><G73/><T49/><D49/><AGARI ba="1,1" hai="6,11,13,17,19,23,27,29,41,47,49,77,80,84" machi="49" ten="30,12000,1" yaku="7,1,25,2,8,1,52,1" doraHai="16" who="2" fromWho="0" sc="257,-123,370,0,220,133,143,0" /><INIT seed="6,2,0,4,3,135" ten="134,370,353,143" oya="2" hai0="13,120,25,31,49,39,2,110,90,55,105,66,0" hai1="7,33,58,103,28,77,91,60,23,38,65,132,96" hai2="22,116,11,84,5,83,70,121,106,130,126,30,47" hai3="124,3,117,62,102,118,50,18,6,14,134,111,75"/><V64/><F106/><W17/><G75/><T9/><D39/><U43/><E132/><V108/><F116/><W53/><G134/><T119/><D105/><U52/><E77/><V115/><F121/><W24/><G62/><T87/><D110/><U94/><E7/><V112/><F64/><W107/><G102/><T76/><D120/><U51/><E33/><V129/><F70/><W80/><G107/><T54/><D76/><U32/><E32/><V1/><F47/><W122/><G3/><T69/><D119/><U101/><E43/><V19/><F30/><W44/><G124/><T89/><D66/><U29/><E38/><V82/><F126/><W95/><G44/><T100/><D100/><N who="1" m="38475" /><E23/><V68/><F68/><W133/><G122/><T8/><D69/><U45/><AGARI ba="2,0" hai="28,29,45,51,52,58,60,65,91,94,96" m="38475" machi="45" ten="30,2000,0" yaku="8,1,54,1" doraHai="135" who="1" fromWho="1" sc="134,-7,370,26,353,-12,143,-7" /><INIT seed="7,0,0,3,2,119" ten="127,396,341,136" oya="3" hai0="5,135,16,63,94,132,103,116,90,75,37,39,111" hai1="43,79,19,118,71,36,99,34,57,33,30,124,121" hai2="46,86,53,74,54,83,68,92,64,72,2,85,84" hai3="125,80,22,89,17,107,29,3,126,13,82,96,6"/><W81/><G29/><T56/><D116/><U24/><E71/><V50/><F2/><W117/><G117/><T69/><D111/><U105/><E34/><V52/><F68/><W113/><G113/><T58/><D75/><U38/><E79/><V110/><F64/><W115/><G115/><T100/><D5/><U40/><E57/><N who="0" m="22121" /><D69/><U44/><E19/><V76/><F110/><W9/><G107/><T45/><D63/><U104/><E124/><N who="3" m="47722" /><G96/><N who="0" m="57431" /><D16/><U91/><E99/><V128/><F128/><W18/><G18/><T47/><D47/><U95/><E118/><V1/><F1/><W4/><G4/><T25/><D25/><U112/><E112/><V106/><F106/><W26/><G89/><T93/><D93/><U122/><E104/><V27/><F27/><AGARI ba="0,0" hai="3,6,9,13,17,22,26,27,80,81,82" m="47722" machi="27" ten="30,1500,0" yaku="18,1" doraHai="119" who="3" fromWho="2" sc="127,0,396,0,341,-15,136,15" /><INIT seed="7,1,0,5,3,23" ten="127,396,326,151" oya="3" hai0="19,9,102,90,30,32,25,55,107,27,128,47,2" hai1="41,135,39,80,77,97,99,79,1,3,42,86,65" hai2="58,60,134,0,92,112,17,111,118,108,6,4,51" hai3="63,130,44,119,91,54,78,10,56,98,28,117,114"/><W31/><G119/><T83/><D128/><U35/><E35/><V75/><F75/><W72/><G117/><T121/><D121/><U125/><E65/><V100/><F112/><W76/><G130/><T38/><D107/><U45/><E125/><V49/><F134/><W87/><G114/><T109/><D109/><U89/><E135/><V69/><F69/><W36/><G72/><T122/><D122/><U50/><E39/><V26/><F0/><W110/><G110/><T73/><D102/><U67/><E67/><V40/><F118/><W85/><G36/><T133/><D133/><U70/><E70/><V105/><F105/><W71/><G71/><T53/><D38/><U127/><E3/><V48/><F40/><W43/><G43/><T131/><D131/><U68/><E1/><V88/><F100/><W103/><G44/><T104/><D104/><U106/><E127/><V82/><F82/><N who="3" m="49655" /><G10/><T34/><D47/><U61/><E42/><V124/><F124/><W64/><G64/><T37/><D37/><U24/><E68/><V66/><F111/><W116/><G116/><T81/><D81/><U14/><E41/><V94/><F94/><N who="3" m="58839" /><G78/><N who="0" m="44495" /><D90/><U59/><E89/><V129/><F129/><W113/><G113/><T16/><D2/><U21/><E77/><V126/><F126/><W84/><G76/><T57/><D9/><U132/><E79/><V62/><F108/><W95/><G95/><T120/><D120/><U115/><E115/><V18/><F92/><W20/><G20/><T33/><D57/><U93/><E132/><V101/><F66/><W15/><G15/><RYUUKYOKU ba="1,0" sc="127,-10,396,-10,326,-10,151,30" hai3="28,31,54,56,63,84,85" /><INIT seed="7,2,0,0,0,2" ten="117,386,316,181" oya="3" hai0="90,33,51,3,24,38,56,106,75,57,70,71,26" hai1="63,115,105,18,125,131,36,14,30,133,116,102,66" hai2="72,67,108,96,87,22,122,81,99,121,117,126,44" hai3="58,84,78,35,10,134,55,1,48,0,135,82,77"/><W60/><G35/><T95/><D38/><U5/><E36/><V100/><F67/><W4/><G0/><T69/><D106/><U103/><E115/><V76/><F22/><W94/><G78/><T114/><D75/><U98/><E103/><V45/><F45/><W127/><G127/><T79/><D79/><U107/><E107/><N who="2" m="63879" /><F44/><W25/><G25/><T12/><D3/><U112/><E66/><V23/><F23/><W49/><REACH who="3" step="1"/><G94/><REACH who="3" ten="117,386,316,171" step="2"/><T83/><D83/><U6/><E125/><V129/><F126/><W132/><AGARI ba="2,1" hai="1,4,10,48,49,55,58,60,77,82,84,132,134,135" machi="132" ten="30,12000,1" yaku="1,1,2,1,0,1,20,1,52,1,53,0" doraHai="2" doraHaiUra="20" who="3" fromWho="3" sc="117,-42,386,-42,316,-42,171,136" /><INIT seed="7,3,0,2,0,47" ten="75,344,274,307" oya="3" hai0="135,121,67,90,65,72,84,31,8,134,89,106,21" hai1="110,82,60,107,28,54,37,57,86,95,22,105,124" hai2="56,49,117,101,53,43,73,78,1,4,108,115,69" hai3="80,130,85,34,42,45,41,11,7,98,26,27,88"/><W12/><G130/><T50/><D121/><U20/><E110/><V81/><F108/><W18/><G34/><T70/><D72/><U5/><E37/><V46/><F117/><W127/><G127/><T32/><D106/><U129/><E5/><V87/><F115/><W71/><G71/><T111/><D111/><U93/><E124/><V126/><F126/><W16/><G98/><T104/><D104/><U51/><E129/><V131/><F131/><W77/><G77/><T120/><D120/><U3/><E3/><V99/><F69/><W74/><G74/><T97/><D32/><U125/><E107/><V24/><F24/><N who="3" m="9259" /><G45/><T133/><D31/><U39/><E39/><V116/><F116/><W62/><G62/><T38/><D38/><U113/><E113/><V25/><F25/><W76/><G76/><T103/><D21/><N who="1" m="8299" /><E105/><V75/><F4/><W132/><G132/><T19/><D103/><U55/><E28/><V114/><F1/><W64/><G64/><T0/><D97/><U91/><E125/><V122/><F114/><W123/><G123/><T33/><D33/><U15/><E15/><V48/><REACH who="2" step="1"/><F122/><REACH who="2" ten="75,344,264,307" step="2"/><W109/><G109/><T92/><D89/><U44/><AGARI ba="3,1" hai="44,51,54,55,57,60,82,86,91,93,95" m="8299" machi="44" ten="30,2000,0" yaku="8,1,52,1" doraHai="47" who="1" fromWho="1" sc="75,-8,344,39,264,-8,307,-13" owari="67,-43.0,383,48.0,256,-14.0,294,9.0" /></mjloggm>