<mjloggm ver="2.3"><GO type="97" lobby="0"/><UN n0="%E7%99%BD%E9%BB%92%E7%99%BD%E9%BB%92%E9%AA%A8%EF%BD%9E" n1="%4A%50%53%E6%9D%B1%E9%A2%A8" n2="%E3%81%8B%E3%81%AA%E3%81%B6%E3%82%93" n3="%E5%B0%B1%E6%B4%BB%E7%94%9F%40%E5%B7%9D%E6%9D%91%E8%BB%8D%E5%9B%A3" dan="15,14,13,15" rate="2029.38,1976.22,1894.79,2022.82" sx="M,M,M,M"/><TAIKYOKU oya="0"/><INIT seed="0,0,0,0,3,28" ten="250,250,250,250" oya="0" hai0="51,107,35,67,56,14,121,6,29,108,135,76,30" hai1="17,62,58,79,63,41,1,112,64,85,78,128,113" hai2="134,27,21,130,38,43,33,132,114,61,117,101,71" hai3="109,94,11,10,57,124,74,0,105,84,95,4,102"/><T65/><D121/><U42/><E1/><V40/><F114/><N who="1" m="44137" /><E128/><V72/><F40/><N who="1" m="15465" /><E17/><V23/><F23/><W54/><G74/><T49/><D107/><U16/><E85/><V22/><F22/><W92/><G124/><T60/><D76/><U68/><E16/><N who="2" m="12711" /><F130/><W129/><G109/><T69/><D108/><U91/><E91/><V104/><F72/><W19/><G129/><T99/><D99/><U75/><E75/><V36/><F43/><W131/><G131/><T83/><D83/><U96/><E96/><N who="2" m="61479" /><F38/><W97/><G84/><T116/><D69/><U82/><E82/><V3/><F36/><W87/><G87/><T53/><D14/><U32/><E32/><V80/><F80/><W34/><G34/><T125/><D35/><U120/><E120/><V7/><F33/><W50/><G11/><T25/><D30/><U103/><E103/><V100/><F100/><W123/><G19/><T37/><D29/><U13/><E13/><V118/><F7/><W5/><G5/><T55/><D6/><U2/><E2/><V106/><F3/><W20/><G20/><T73/><D73/><U44/><E44/><V70/><F106/><W89/><G123/><T59/><D25/><U88/><E88/><V18/><F18/><W46/><G89/><T126/><D37/><U15/><E15/><V122/><F122/><W31/><G31/><T66/><D126/><U47/><E47/><V8/><F8/><W98/><G46/><N who="0" m="27831" /><D125/><U93/><E93/><V24/><F24/><W90/><AGARI ba="0,0" hai="0,4,10,50,54,57,90,92,94,95,97,98,102,105" machi="90" ten="20,1500,0" yaku="0,1,7,1" doraHai="28" who="3" fromWho="3" sc="250,-7,250,-4,250,-4,250,15" /><INIT seed="1,0,0,0,0,54" ten="243,246,246,265" oya="1" hai0="55,85,29,16,104,68,21,64,84,77,40,101,59" hai1="44,81,41,119,62,6,108,72,2,31,135,1,23" hai2="87,118,82,63,120,131,79,67,78,129,20,93,91" hai3="83,7,34,57,103,25,133,124,71,3,114,122,33"/><U98/><E119/><V39/><F39/><W50/><G71/><T52/><D68/><U18/><E31/><V110/><F118/><W38/><G38/><T4/><D29/><U46/><E108/><V17/><F110/><W95/><G122/><T76/><D104/><U19/><E135/><V58/><F120/><W43/><G114/><T65/><D4/><U37/><E46/><V94/><F94/><W36/><G36/><T66/><D101/><U14/><E98/><V99/><REACH who="2" step="1"/><F79/><REACH who="2" ten="243,246,236,265" step="2"/><N who="0" m="30282" /><D40/><U105/><E41/><V113/><F113/><W89/><G43/><T56/><D55/><U111/><E105/><V70/><F70/><W5/><G95/><T47/><D47/><U45/><E111/><V74/><F74/><W96/><G103/><T92/><D92/><U13/><E45/><V121/><F121/><W130/><G83/><T100/><D100/><U30/><E44/><V69/><F69/><W90/><G90/><T75/><D75/><U128/><E37/><V86/><F86/><N who="0" m="33386" /><D52/><U28/><E72/><V11/><F11/><W12/><G89/><T48/><D48/><U60/><E81/><V22/><F22/><W106/><G50/><T134/><D134/><U88/><E23/><V73/><F73/><W51/><G106/><T53/><D53/><U24/><E128/><V35/><F35/><W107/><G34/><T123/><D123/><U49/><E28/><V102/><F102/><W125/><G130/><T32/><D32/><U116/><E30/><V112/><F112/><W27/><G133/><T61/><D61/><U42/><E60/><V109/><F109/><RYUUKYOKU ba="0,1" sc="243,15,246,-15,236,15,265,-15" hai0="16,21,56,59,64,65,66" hai2="17,20,58,63,67,78,82,87,91,93,99,129,131" /><INIT seed="2,1,1,0,3,100" ten="258,231,251,250" oya="2" hai0="60,43,56,124,83,127,122,101,35,132,79,32,40" hai1="99,13,92,22,16,76,107,29,90,109,62,72,20" hai2="128,19,93,74,1,102,3,6,46,14,64,42,111" hai3="69,25,34,2,10,70,78,53,108,91,80,61,129"/><V126/><F74/><W82/><G129/><T123/><D101/><U23/><E109/><V44/><F128/><W125/><G108/><T18/><D132/><U38/><E38/><V118/><F111/><W12/><G125/><N who="0" m="48203" /><D18/><U77/><E72/><V41/><F126/><W24/><G2/><T30/><D43/><N who="2" m="16394" /><F3/><W7/><G70/><T33/><D30/><U119/><E119/><V97/><F118/><W130/><G34/><T63/><D40/><U21/><E107/><V133/><F1/><W131/><G131/><T26/><D26/><N who="3" m="10345" /><G69/><T85/><D63/><U50/><E29/><V104/><F104/><W49/><G130/><T55/><AGARI ba="1,1" hai="32,33,35,55,56,60,79,83,85,122,123" m="48203" machi="55" ten="40,1500,0" yaku="18,1" doraHai="100" who="0" fromWho="0" sc="258,28,231,-5,251,-8,250,-5" /><INIT seed="3,0,0,0,5,89" ten="286,226,243,245" oya="3" hai0="120,6,51,101,117,58,39,43,4,135,5,123,125" hai1="13,42,92,124,129,88,131,10,67,94,56,71,34" hai2="78,74,126,76,18,1,81,22,9,128,66,7,68" hai3="37,12,64,133,57,53,29,38,102,105,116,40,52"/><W122/><G116/><T90/><D117/><U69/><E34/><V25/><F128/><N who="1" m="49225" /><E124/><V28/><F126/><W44/><G122/><T109/><D125/><U60/><E42/><V62/><REACH who="2" step="1"/><F78/><REACH who="2" ten="286,226,233,245" step="2"/><W82/><G133/><T130/><D130/><U84/><E92/><V14/><F14/><W55/><G12/><T20/><D135/><U32/><E32/><V23/><F23/><W73/><G105/><T100/><D20/><U8/><E8/><V26/><F26/><W97/><G29/><AGARI ba="0,1" hai="1,7,9,18,22,25,28,29,62,66,68,74,76,81" machi="29" ten="40,2600,0" yaku="1,1,53,1" doraHai="89" doraHaiUra="19" who="2" fromWho="3" sc="286,0,226,0,233,36,245,-26" /><INIT seed="4,0,0,5,0,47" ten="286,226,269,219" oya="0" hai0="74,8,104,133,75,66,121,28,16,83,116,76,40" hai1="108,117,23,113,129,85,11,135,53,119,103,78,41" hai2="109,42,58,106,43,97,5,122,51,35,111,30,70" hai3="98,17,68,46,54,126,65,45,0,88,130,102,22"/><T87/><D121/><U50/><E103/><V72/><F122/><W128/><G0/><T14/><D116/><U4/><E41/><V125/><F72/><W69/><G126/><T7/><D104/><U32/><E32/><V27/><F42/><W19/><G65/><T33/><D66/><U38/><E38/><V100/><F125/><W57/><G102/><T60/><D60/><U48/><E53/><V61/><F5/><W67/><G67/><T110/><D40/><U62/><E108/><V132/><F132/><W86/><G69/><T124/><D124/><U39/><E39/><V2/><F2/><W26/><G68/><T12/><D110/><U3/><E23/><V94/><F70/><W31/><G19/><T95/><D133/><U20/><E20/><V34/><F34/><W1/><G31/><T36/><D36/><U114/><E62/><V9/><F9/><W63/><G1/><T55/><D55/><U52/><E52/><V123/><F123/><W91/><G91/><T82/><D95/><U79/><E135/><V96/><F61/><W99/><G99/><T89/><D75/><U93/><E119/><V107/><F107/><W101/><G101/><T13/><D7/><U21/><E21/><V71/><F71/><W64/><G64/><T127/><D127/><U15/><E3/><V18/><F18/><W59/><G59/><T49/><D49/><N who="1" m="19051" /><E117/><V37/><F37/><W105/><G105/><T134/><D134/><U80/><E129/><N who="3" m="49770" /><G98/><T56/><D56/><U90/><E79/><V44/><F58/><W84/><G84/><N who="0" m="50327" /><D74/><U81/><E78/><RYUUKYOKU ba="0,0" sc="286,0,226,0,269,0,219,0" hai0="8,12,13,14,16,28,33,76,83,87" hai1="4,11,15,80,81,85,90,93,113,114" hai2="27,30,35,43,44,51,94,96,97,100,106,109,111" hai3="17,22,26,45,46,54,57,63,86,88" /><INIT seed="4,1,0,4,2,11" ten="286,226,269,219" oya="0" hai0="53,117,40,48,132,42,90,54,135,50,23,116,115" hai1="2,107,37,36,94,120,47,74,13,113,88,79,4" hai2="19,16,44,111,93,41,87,96,46,9,7,73,43" hai3="75,106,108,45,130,5,27,18,119,71,105,67,124"/><T129/><D115/><U78/><E120/><V6/><F73/><W25/><G108/><T76/><D129/><U3/><E107/><V64/><F111/><W134/><G75/><T95/><D76/><U62/><E2/><V22/><F64/><W65/><G119/><T112/><D112/><U1/><E1/><V89/><F96/><W52/><G130/><T97/><D23/><U39/><E3/><V56/><F56/><W51/><G124/><T83/><D83/><U69/><E74/><V85/><F9/><W126/><G126/><T33/><D33/><U70/><E47/><V58/><F58/><W17/><G134/><N who="0" m="51243" /><D50/><U122/><E122/><V57/><F57/><W80/><G71/><T103/><D90/><U28/><E28/><V12/><F19/><N who="3" m="7179" /><G106/><T60/><D60/><U86/><E113/><V49/><F85/><W30/><G105/><T114/><D114/><U8/><REACH who="1" step="1"/><E70/><REACH who="1" ten="286,216,269,219" step="2"/><V99/><F99/><W77/><G30/><T29/><D29/><U59/><E59/><V31/><F31/><W0/><G67/><AGARI ba="1,1" hai="4,8,13,36,37,39,62,67,69,78,79,86,88,94" machi="67" ten="40,5200,0" yaku="1,1,52,1,54,1,53,0" doraHai="11" doraHaiUra="100" who="1" fromWho="3" sc="286,0,216,65,269,0,219,-55" /><INIT seed="5,0,0,3,4,81" ten="286,281,269,164" oya="1" hai0="43,55,24,116,101,112,9,10,0,97,19,79,3" hai1="39,46,124,58,22,114,29,37,133,123,71,12,107" hai2="26,52,76,38,91,5,127,51,1,103,67,33,54" hai3="106,13,115,17,77,109,47,129,15,11,74,102,119"/><U27/><E71/><V40/><F103/><W128/><G109/><T82/><D116/><U48/><E107/><V73/><F67/><W80/><G119/><T89/><D89/><U121/><E133/><V35/><F54/><W53/><G115/><T126/><D112/><U85/><E58/><V105/><F105/><W131/><G106/><T30/><D126/><U21/><E114/><V45/><F127/><W32/><G32/><T70/><D70/><U104/><E104/><V4/><F91/><W57/><G102/><T8/><D19/><N who="1" m="10471" /><E39/><V122/><F122/><W65/><G65/><T108/><D108/><U56/><E37/><V72/><F72/><W49/><REACH who="3" step="1"/><G15/><REACH who="3" ten="286,281,269,154" step="2"/><T59/><D101/><U94/><E123/><V132/><F33/><W23/><G23/><T69/><D3/><U92/><E121/><V99/><F1/><W111/><G111/><T28/><D0/><U100/><E124/><V130/><F132/><W113/><G113/><T20/><D20/><U7/><E100/><V83/><F35/><W63/><G63/><T118/><D118/><U120/><E120/><V42/><F26/><W90/><G90/><T34/><D24/><U66/><E66/><V2/><F2/><W134/><G134/><T61/><D34/><U14/><E14/><V50/><F76/><W44/><AGARI ba="0,1" hai="11,13,17,44,47,49,53,57,74,77,80,128,129,131" machi="44" ten="40,8000,1" yaku="1,1,0,1,19,1,53,1" doraHai="81" doraHaiUra="78" who="3" fromWho="3" sc="286,-20,281,-40,269,-20,154,90" /><INIT seed="6,0,0,5,0,67" ten="266,241,249,244" oya="2" hai0="27,2,14,61,15,42,34,37,113,122,49,65,110" hai1="56,74,131,86,95,128,80,9,16,92,135,4,0" hai2="40,6,1,99,69,52,109,47,90,104,7,89,5" hai3="134,84,119,125,72,55,102,77,36,115,71,33,107"/><V133/><F1/><W44/><RYUUKYOKU type="yao9" ba="0,0" sc="266,0,241,0,249,0,244,0" hai3="33,36,44,55,71,72,77,84,102,107,115,119,125,134" /><INIT seed="6,1,0,1,3,54" ten="266,241,249,244" oya="2" hai0="47,130,55,106,72,13,16,52,66,14,105,45,60" hai1="81,31,123,9,17,121,118,71,27,41,87,46,29" hai2="21,15,110,50,134,63,98,24,20,2,44,111,75" hai3="65,18,108,104,117,0,95,91,115,12,39,129,124"/><V51/><F75/><W125/><G0/><T23/><D72/><U79/><E71/><V85/><F2/><W122/><G39/><T42/><D130/><U11/><E118/><V22/><F134/><W112/><G104/><T126/><D126/><N who="3" m="48745" /><G108/><N who="2" m="41513" /><F98/><N who="3" m="57727" /><G122/><N who="1" m="46602" /><E17/><V119/><F119/><W84/><G117/><T100/><D106/><U34/><E31/><V86/><F24/><W94/><G65/><T25/><D105/><U49/><AGARI ba="1,0" hai="9,11,27,29,34,41,46,49,79,81,87" m="46602" machi="49" ten="30,1100,0" yaku="13,1" doraHai="54" who="1" fromWho="1" sc="266,-4,241,14,249,-6,244,-4" /><INIT seed="7,0,0,3,5,56" ten="262,255,243,240" oya="3" hai0="86,104,10,97,96,15,93,68,78,130,5,127,134" hai1="79,12,43,22,50,115,95,113,109,117,84,39,53" hai2="102,120,123,98,83,42,126,112,0,106,99,92,46" hai3="100,52,8,59,40,105,76,65,125,73,18,57,103"/><W118/><G118/><T51/><D68/><U64/><E109/><V26/><F0/><W87/><G105/><T4/><D104/><U35/><E117/><V58/><F42/><W77/><G73/><T116/><D116/><U67/><E35/><V55/><F46/><W36/><G36/><T17/><D130/><U29/><E43/><V31/><F83/><N who="3" m="47591" /><G125/><T88/><D127/><U6/><E6/><N who="0" m="2665" /><D134/><U2/><E39/><V38/><F38/><W131/><G131/><T47/><D78/><U21/><E21/><V108/><F108/><W27/><G77/><T62/><D62/><U24/><E12/><V30/><F126/><W61/><G40/><AGARI ba="0,0" hai="10,15,17,40,47,51,86,88,93,96,97" m="2665" machi="40" ten="30,2000,0" yaku="8,1,54,1" doraHai="56" who="0" fromWho="3" sc="262,20,255,0,243,0,240,-20" owari="282,38.0,255,6.0,243,-16.0,220,-28.0" /></mjloggm>