<mjloggm ver="2.3"><GO type="97" lobby="0"/><UN n0="%E3%83%88%E3%83%88%E3%83%AA%E5%85%88%E7%94%9F%31%39%E6%AD%B3" n1="%E3%83%90%E3%83%BC%E3%83%90%E3%83%AA%E3%82%A2%E3%83%B3%E4%BA%8C%E5%8F%B7" n2="%E7%AA%81%E6%92%83%E8%B1%86%E3%82%BF%E3%83%B3%E3%82%AF" n3="%E2%98%86%E9%88%B4%E6%9C%A8%E7%B4%94%E2%98%86" dan="13,13,13,15" rate="1930.98,1894.38,1804.21,1854.29" sx="F,M,F,F"/><TAIKYOKU oya="0"/><INIT seed="0,0,0,4,1,122" ten="250,250,250,250" oya="0" hai0="75,107,119,49,103,56,2,29,84,130,48,114,47" hai1="62,8,129,11,91,37,116,64,36,42,83,131,132" hai2="60,112,9,45,128,57,108,90,16,67,55,134,77" hai3="20,87,51,135,102,127,39,17,34,33,101,50,58"/><T14/><D114/><U27/><E116/><V7/><F112/><W52/><G39/><T96/><D2/><U35/><E132/><V3/><F77/><W80/><G127/><T79/><D119/><U23/><E35/><V133/><F128/><N who="1" m="49225" /><E91/><V40/><F67/><W71/><G71/><T12/><D130/><U53/><E83/><V82/><F108/><W86/><G135/><N who="2" m="51721" /><F16/><W61/><G34/><T26/><D75/><U115/><E53/><V123/><F123/><W19/><G33/><T59/><D84/><N who="3" m="32297" /><G80/><T92/><D107/><U117/><E117/><V109/><F90/><W98/><G98/><T30/><D79/><U43/><E115/><V28/><F28/><N who="0" m="10858" /><D26/><U120/><E120/><V4/><F4/><W94/><G94/><T110/><D110/><U106/><E106/><V99/><F82/><W88/><G88/><N who="0" m="55303" /><D49/><N who="3" m="18441" /><G19/><T13/><D103/><U73/><E73/><V72/><F72/><W100/><G100/><T69/><D69/><N who="1" m="42135" /><E37/><V65/><F45/><W93/><G93/><T105/><D105/><U63/><E36/><V68/><F40/><AGARI ba="0,0" hai="12,13,14,40,47,48,56,59" m="55303,10858" machi="40" ten="30,2900,0" yaku="8,1,54,1" doraHai="122" who="0" fromWho="2" sc="250,29,250,0,250,-29,250,0" /><INIT seed="0,1,0,5,3,115" ten="279,250,221,250" oya="0" hai0="52,131,5,38,66,54,83,95,44,79,23,41,124" hai1="59,89,101,104,97,126,82,32,112,96,133,119,134" hai2="9,69,91,7,88,2,105,21,18,106,132,4,53" hai3="72,62,110,94,85,129,17,30,75,61,24,22,0"/><T20/><D131/><U98/><E32/><V118/><F69/><W47/><G129/><T50/><D124/><U25/><E25/><V57/><F7/><W116/><G116/><T3/><D66/><U58/><E126/><V65/><F65/><W13/><G0/><T8/><D95/><N who="1" m="56431" /><E112/><V6/><F6/><W77/><G110/><T29/><D29/><U60/><E82/><V130/><F130/><W121/><G121/><T40/><D40/><U74/><E74/><V15/><F132/><N who="1" m="50793" /><E98/><V70/><F118/><W120/><G120/><T27/><D27/><U68/><E119/><V34/><F70/><W31/><G31/><T45/><REACH who="0" step="1"/><D54/><REACH who="0" ten="269,250,221,250" step="2"/><U81/><E81/><V16/><F34/><W67/><G30/><T87/><AGARI ba="1,1" hai="3,5,8,20,23,38,41,44,45,50,52,79,83,87" machi="87" ten="20,18000,2" yaku="1,1,2,1,0,1,7,1,54,1,53,2" doraHai="115" doraHaiUra="43" who="0" fromWho="0" sc="269,193,250,-61,221,-61,250,-61" /><INIT seed="0,2,0,2,0,39" ten="462,189,160,189" oya="0" hai0="119,12,13,31,115,19,86,34,17,32,67,123,59" hai1="43,28,55,3,69,54,126,129,22,48,42,26,105" hai2="107,70,0,94,40,78,41,113,118,81,52,127,27" hai3="6,21,88,33,112,109,56,8,93,85,58,49,7"/><T2/><D115/><U124/><E69/><V44/><F107/><W77/><G112/><T15/><D119/><U120/><E120/><V135/><F118/><W99/><G33/><T98/><D123/><U45/><E129/><V104/><F104/><W50/><G109/><T84/><D2/><U74/><E105/><V100/><F70/><W121/><G121/><T10/><D98/><U76/><E3/><V37/><F113/><W29/><G8/><T38/><D38/><U71/><E71/><V25/><F0/><W57/><G29/><T125/><D125/><N who="1" m="48235" /><E55/><V61/><F127/><W11/><G21/><T47/><D47/><U101/><E101/><V72/><F135/><W46/><G11/><T95/><D95/><U14/><E14/><V16/><F41/><N who="1" m="15369" /><E76/><V23/><F100/><N who="3" m="60527" /><G77/><T110/><D15/><U97/><E97/><V111/><F94/><N who="3" m="54543" /><G50/><T24/><D110/><U106/><E106/><V68/><F111/><W130/><G130/><T36/><D10/><U103/><E103/><V92/><F92/><W131/><G131/><T128/><D128/><U60/><E74/><V96/><F96/><W18/><G18/><T83/><D19/><U20/><E60/><V108/><F108/><W90/><G90/><T30/><D17/><U82/><E82/><V132/><F132/><W89/><G89/><T102/><D83/><U66/><E66/><N who="2" m="41039" /><F52/><AGARI ba="2,0" hai="6,7,46,49,52,56,57,58" m="54543,60527" machi="52" ten="30,3900,0" yaku="8,1,54,2" doraHai="39" who="3" fromWho="2" sc="462,0,189,0,160,-45,189,45" /><INIT seed="1,0,0,5,3,97" ten="462,189,115,234" oya="1" hai0="11,9,59,118,52,32,76,8,29,78,125,62,5" hai1="81,53,38,14,109,66,40,87,80,20,96,13,49" hai2="72,115,3,25,61,113,48,55,133,58,46,35,86" hai3="54,26,124,102,99,90,120,129,47,130,16,45,19"/><U77/><E38/><V117/><F72/><W84/><G124/><T106/><D118/><U95/><E40/><V126/><F3/><W71/><G71/><T17/><D106/><U31/><E109/><V60/><F117/><W91/><G120/><T83/><D125/><U103/><E66/><V6/><F6/><W116/><G116/><T21/><D32/><U128/><E81/><V24/><F126/><W12/><G26/><N who="2" m="10345" /><F35/><W121/><G121/><T1/><D29/><U92/><E128/><N who="3" m="49258" /><G54/><T43/><D78/><U93/><E31/><V7/><F7/><W89/><G84/><T119/><D119/><U67/><E67/><V85/><F133/><W30/><G30/><T108/><D108/><U22/><E22/><V69/><F69/><W104/><G19/><T111/><D111/><U28/><E28/><V131/><F131/><W101/><G101/><T110/><D110/><U18/><REACH who="1" step="1"/><E13/><REACH who="1" ten="462,179,115,234" step="2"/><V132/><F113/><W44/><G44/><AGARI ba="0,1" hai="14,18,20,44,49,53,77,80,87,92,93,95,96,103" machi="44" ten="30,24000,3" yaku="1,1,2,1,7,1,8,1,52,1,53,3" doraHai="97" doraHaiUra="88" who="1" fromWho="3" sc="462,0,179,250,115,0,234,-240" owari="462,56.0,429,23.0,115,-28.0,-6,-51.0" /></mjloggm>