<mjloggm ver="2.3"><GO type="97" lobby="0"/><UN n0="%E5%8B%9D%E3%81%A6%E3%81%B0%E6%A5%BD%E3%81%97%E3%81%84" n1="%E3%81%97%E3%81%91%E3%81%84%E3%81%97%E3%82%85%E3%81%86" n2="%E3%83%A4%E3%82%A4%E3%82%B2%E3%83%8A" n3="%E5%B0%B1%E6%B4%BB%E7%94%9F%40%E5%B7%9D%E6%9D%91%E8%BB%8D%E5%9B%A3" dan="14,15,13,15" rate="2027.54,2026.63,1847.85,1970.34" sx="M,M,M,M"/><TAIKYOKU oya="0"/><INIT seed="0,0,0,5,5,63" ten="250,250,250,250" oya="0" hai0="60,38,94,99,39,69,90,26,113,132,9,123,103" hai1="115,86,111,45,81,125,75,53,114,16,91,108,28" hai2="70,96,110,42,2,32,33,73,67,4,74,20,24" hai3="120,14,118,10,92,18,47,40,72,65,23,55,62"/><T13/><D123/><U93/><E125/><V17/><F42/><W52/><G72/><T126/><D126/><U133/><E133/><V57/><F70/><W3/><G120/><T8/><D113/><N who="1" m="43019" /><E28/><V22/><F110/><N who="1" m="42025" /><E16/><V84/><F84/><W127/><G127/><T21/><D132/><U83/><E53/><V117/><F117/><W104/><G104/><T37/><D103/><U46/><E45/><V82/><F96/><W121/><G121/><T112/><D112/><U50/><E50/><V36/><F36/><W68/><G118/><T56/><D69/><U119/><E46/><V66/><F57/><W31/><G92/><T61/><D13/><U131/><E119/><V134/><F134/><W122/><G122/><T25/><D25/><U97/><E131/><V79/><F73/><W5/><REACH who="3" step="1"/><G31/><REACH who="3" ten="250,250,250,240" step="2"/><T89/><D89/><N who="1" m="55471" /><E75/><V130/><F130/><W98/><G98/><T95/><D95/><AGARI ba="0,1" hai="81,83,86,91,95" m="55471,42025,43019" machi="95" ten="30,7700,0" yaku="11,1,14,1,34,2" doraHai="63" who="1" fromWho="0" sc="250,-77,250,87,250,0,240,0" /><INIT seed="1,0,0,4,0,61" ten="173,337,250,240" oya="1" hai0="63,10,31,122,62,5,71,13,82,38,80,105,58" hai1="27,81,121,132,17,98,102,87,55,135,28,90,116" hai2="64,67,77,7,49,22,120,126,84,69,75,48,109" hai3="95,96,15,91,65,16,66,46,18,125,19,52,32"/><U101/><E121/><V133/><F120/><W104/><G32/><T107/><D38/><U115/><E116/><V53/><F75/><W34/><G34/><T129/><D129/><U106/><E115/><V0/><F109/><W12/><G104/><T25/><D122/><U88/><E102/><V117/><F117/><W4/><G125/><T83/><D71/><U41/><E41/><V24/><F69/><W114/><G114/><T134/><D134/><N who="1" m="51243" /><E17/><N who="3" m="6762" /><G4/><T131/><D131/><U76/><E55/><V35/><F35/><AGARI ba="0,0" hai="27,28,35,76,81,87,88,90,98,101,106" m="51243" machi="35" ten="30,2900,0" yaku="20,1,54,1" doraHai="61" who="1" fromWho="2" sc="173,0,337,29,250,-29,240,0" /><INIT seed="1,1,0,5,5,9" ten="173,366,221,240" oya="1" hai0="99,1,96,16,17,119,116,70,90,58,74,62,133" hai1="124,23,79,15,104,52,29,89,115,31,131,55,110" hai2="71,14,120,83,39,135,20,113,8,111,67,50,97" hai3="28,94,101,73,82,38,123,10,69,59,88,51,56"/><U100/><E115/><V35/><F35/><W64/><G123/><T49/><D74/><U32/><E79/><V57/><F39/><W103/><G38/><T11/><D133/><U12/><E32/><V132/><F71/><W80/><G69/><T121/><D121/><U4/><E124/><V109/><F120/><W40/><G28/><N who="1" m="10826" /><E104/><V93/><F83/><N who="3" m="31787" /><G73/><T66/><D1/><U2/><E2/><V84/><F84/><N who="3" m="52487" /><G10/><T7/><D7/><U78/><E78/><V19/><F113/><W129/><G129/><T81/><D70/><U41/><E131/><V75/><F75/><W26/><G26/><T3/><D3/><U68/><E68/><V76/><F76/><W102/><G64/><T30/><D30/><U45/><E100/><N who="2" m="60463" /><F20/><W25/><G25/><T13/><D49/><N who="1" m="26799" /><E110/><N who="2" m="41995" /><F50/><W37/><G37/><T36/><D36/><U54/><E4/><V65/><F65/><W134/><G134/><T118/><REACH who="0" step="1"/><D17/><REACH who="0" ten="163,366,221,240" step="2"/><N who="1" m="10663" /><E89/><V125/><F125/><W48/><G48/><T108/><D108/><U42/><E42/><V87/><F135/><W60/><G60/><T95/><D95/><U47/><E47/><AGARI ba="1,1" hai="40,47,51,56,59,101,102,103" m="52487,31787" machi="47" ten="30,2000,0" yaku="8,1,54,1" doraHai="9" who="3" fromWho="1" sc="163,0,366,-23,221,0,240,33" /><INIT seed="2,0,0,4,2,38" ten="163,343,221,273" oya="2" hai0="37,121,75,96,74,91,98,102,55,114,13,108,101" hai1="4,126,50,46,47,58,134,39,76,12,23,6,111" hai2="109,95,28,115,42,8,106,84,123,41,63,20,94" hai3="117,45,81,64,69,59,73,53,90,24,130,133,128"/><V54/><F115/><W0/><G0/><T87/><D37/><U93/><E111/><V132/><F123/><W80/><G117/><T127/><D55/><N who="1" m="32119" /><E39/><V112/><F106/><W43/><G133/><T40/><D13/><U61/><E134/><V99/><F132/><W82/><G73/><N who="0" m="27659" /><D40/><N who="2" m="15466" /><F8/><W30/><G69/><T110/><D114/><U29/><E126/><V124/><F124/><W15/><G64/><T78/><D121/><U56/><E76/><V120/><F120/><W72/><G72/><T3/><D78/><U48/><E93/><V135/><F135/><W105/><G105/><T79/><D79/><U89/><E89/><N who="2" m="53543" /><F109/><N who="0" m="42090" /><D3/><U22/><E29/><V26/><F112/><W25/><G90/><T19/><D19/><N who="1" m="10599" /><E23/><V125/><F125/><W70/><G70/><T92/><D127/><U18/><E18/><V119/><F119/><W9/><G128/><T107/><D107/><U35/><E35/><V2/><F2/><W65/><G130/><T31/><D31/><U103/><E103/><AGARI ba="0,0" hai="87,91,92,96,98,101,102,103" m="42090,27659" machi="103" ten="30,3900,0" yaku="14,1,34,2" doraHai="38" who="0" fromWho="1" sc="163,39,343,-39,221,0,273,0" /><INIT seed="3,0,0,5,4,6" ten="202,304,221,273" oya="3" hai0="81,82,110,91,13,76,9,51,120,68,15,35,125" hai1="119,106,94,36,128,95,62,22,108,49,78,25,45" hai2="96,85,28,29,23,14,102,121,115,10,55,98,50" hai3="83,87,31,131,80,47,61,41,59,69,79,129,71"/><W100/><G31/><T39/><D39/><U126/><E106/><V4/><F115/><W46/><G100/><T11/><D68/><U66/><E36/><V40/><F121/><W77/><G71/><T92/><D35/><U124/><E108/><V90/><F40/><W84/><G69/><T58/><D120/><U24/><E78/><V33/><F33/><W60/><G60/><T19/><D110/><U72/><E72/><V26/><F29/><W134/><G134/><T53/><D125/><N who="1" m="48235" /><E128/><V34/><F34/><W89/><G89/><T7/><D76/><U113/><E113/><V2/><F2/><W48/><REACH who="3" step="1"/><G46/><REACH who="3" ten="202,304,221,263" step="2"/><T117/><D117/><U101/><E101/><V54/><F102/><W67/><AGARI ba="0,1" hai="41,47,48,59,61,67,77,79,80,83,84,87,129,131" machi="67" ten="30,11700,0" yaku="1,1,2,1,0,1,9,1,53,0" doraHai="6" doraHaiUra="132" who="3" fromWho="3" sc="202,-39,304,-39,221,-39,263,127" owari="163,-34.0,265,7.0,182,-22.0,390,49.0" /></mjloggm>