<mjloggm ver="2.3"><GO type="169" lobby="0"/><UN n0="%E5%B0%B1%E6%B4%BB%E7%94%9F%40%E5%B7%9D%E6%9D%91%E8%BB%8D%E5%9B%A3" n1="%E6%A4%8B%E5%A4%A7%E6%A8%B9" n2="%E7%AB%8B%E8%8F%AF%E5%A5%8F" n3="%E6%96%B0%E9%96%8B%E5%96%84%E6%96%87" dan="16,17,17,17" rate="2046.19,2148.09,2205.71,2170.51" sx="M,M,F,F"/><TAIKYOKU oya="0"/><INIT seed="0,0,0,1,1,45" ten="250,250,250,250" oya="0" hai0="90,110,91,127,95,19,79,44,6,25,112,103,36" hai1="17,122,108,115,56,28,8,7,20,99,31,48,126" hai2="86,18,21,49,93,105,131,47,113,61,114,82,72" hai3="59,50,41,87,118,75,4,119,67,52,133,92,53"/><T94/><D112/><U81/><E108/><V16/><F105/><W107/><G75/><T132/><D127/><U64/><E122/><V55/><F131/><W0/><G107/><T37/><D132/><U70/><E70/><V58/><F72/><W123/><G133/><T51/><D6/><U129/><E129/><V124/><F93/><W29/><G123/><T98/><D79/><U62/><E126/><V14/><F18/><W68/><G41/><T121/><D121/><U101/><E81/><V117/><F124/><W9/><G29/><T128/><D110/><U1/><E115/><V89/><REACH who="2" step="1"/><F117/><REACH who="2" ten="250,250,240,250" step="2"/><W34/><G118/><T13/><D128/><U74/><E74/><V63/><F63/><W3/><G119/><T78/><D78/><U46/><E99/><V76/><F76/><W30/><G92/><T2/><D103/><U15/><REACH who="1" step="1"/><E101/><REACH who="1" ten="250,240,240,250" step="2"/><V135/><F135/><W54/><G87/><T109/><D98/><U125/><E125/><V42/><AGARI ba="0,2" hai="14,16,21,42,47,49,55,58,61,82,86,89,113,114" machi="42" ten="20,12000,2" yaku="1,1,0,1,7,1,52,1,54,1,53,1" doraHai="45" doraHaiUra="85" who="2" fromWho="2" sc="250,-60,240,-30,240,140,250,-30" /><INIT seed="1,0,0,1,1,99" ten="190,210,380,220" oya="1" hai0="28,51,20,24,52,53,58,69,121,110,42,97,123" hai1="100,71,88,70,17,89,62,119,55,41,59,95,19" hai2="9,112,11,130,48,63,133,68,105,31,21,36,114" hai3="43,113,6,56,4,116,8,85,79,12,132,67,126"/><U127/><E119/><V49/><F36/><W86/><G113/><N who="2" m="43625" /><F130/><W120/><G120/><N who="0" m="46155" /><D110/><U46/><E127/><V90/><F133/><W101/><G132/><T74/><D74/><U14/><E71/><V91/><F105/><W73/><G126/><T27/><D69/><U3/><E3/><V54/><F21/><W15/><G73/><T93/><D27/><U122/><E70/><V81/><F31/><W131/><G131/><T7/><D7/><U47/><E122/><V50/><F81/><W104/><G43/><T76/><D76/><U125/><E125/><V124/><F124/><W33/><G33/><T57/><D42/><U5/><E5/><V44/><F44/><N who="1" m="16937" /><E41/><V0/><F0/><W75/><G75/><T115/><D115/><U18/><E14/><V118/><F118/><W23/><G6/><T29/><D29/><U1/><E1/><V13/><F54/><N who="0" m="21098" /><D51/><U82/><E82/><V111/><F68/><W2/><G4/><T30/><D30/><U16/><N who="1" m="4096" /><DORA hai="65" /><U103/><E89/><AGARI ba="0,0" hai="20,24,28,57,58,89,93,97" m="21098,46155" machi="89" ten="30,2000,0" yaku="13,1,54,1" doraHai="99,65" who="0" fromWho="1" sc="190,20,210,-20,380,0,220,0" /><INIT seed="2,0,0,5,2,11" ten="210,190,380,220" oya="2" hai0="21,99,3,95,29,52,121,135,88,92,116,34,67" hai1="7,79,107,130,87,38,60,98,56,12,62,105,2" hai2="84,39,117,43,20,131,94,55,71,6,58,80,119" hai3="106,72,118,46,112,133,102,132,13,17,91,47,73"/><V48/><F131/><W54/><G118/><T44/><D121/><U9/><E38/><V109/><F109/><W114/><G102/><N who="0" m="60775" /><D34/><U108/><E108/><V30/><F71/><W83/><G106/><T120/><D3/><U18/><E130/><V81/><F6/><W128/><G128/><T111/><D111/><U19/><E19/><V5/><F5/><W40/><G54/><T90/><D135/><N who="3" m="51785" /><G91/><T36/><D36/><U28/><E28/><V59/><F59/><W16/><G17/><T76/><D76/><U86/><E62/><V103/><F39/><N who="3" m="21791" /><G47/><T4/><D4/><U8/><E79/><V1/><F1/><W66/><G66/><T15/><D120/><U22/><E8/><V70/><F70/><W122/><G122/><T57/><D116/><U65/><REACH who="1" step="1"/><E98/><REACH who="1" ten="210,180,380,220" step="2"/><V85/><F119/><W77/><G73/><T69/><D69/><U42/><E42/><V104/><F43/><W126/><G126/><T25/><D67/><U115/><E115/><V96/><F117/><W68/><G68/><T127/><D127/><U45/><E45/><V26/><F104/><AGARI ba="0,1" hai="2,7,9,12,18,22,56,60,65,86,87,104,105,107" machi="104" ten="40,2600,0" yaku="1,1,52,1,53,0" doraHai="11" doraHaiUra="41" who="1" fromWho="2" sc="210,0,180,36,380,-26,220,0" /><INIT seed="3,0,0,4,2,97" ten="210,216,354,220" oya="3" hai0="82,86,16,21,65,23,17,119,38,133,89,26,111" hai1="85,51,74,41,3,76,13,31,6,29,110,126,57" hai2="35,9,48,127,120,24,4,0,2,25,5,43,92" hai3="95,45,60,135,115,15,44,123,49,131,52,50,113"/><W107/><G107/><T34/><D111/><U8/><E110/><V88/><F127/><W94/><G123/><T130/><D133/><U100/><E126/><V125/><F125/><W37/><G135/><T84/><D130/><U63/><E74/><V79/><F120/><W53/><G131/><T105/><D119/><U14/><E3/><V118/><F118/><W73/><G73/><T12/><D38/><U39/><E39/><V91/><F79/><W77/><G77/><T129/><D129/><U69/><E69/><V81/><F81/><W42/><G60/><T30/><D105/><U132/><E14/><V40/><F48/><W121/><G121/><T59/><D59/><U18/><E18/><V1/><F92/><W58/><REACH who="3" step="1"/><G15/><REACH who="3" ten="210,216,354,210" step="2"/><T46/><D65/><U7/><E132/><V56/><F0/><W90/><G90/><T122/><D122/><U10/><E63/><V55/><F1/><W36/><G36/><T64/><D64/><U124/><E76/><V68/><F2/><W109/><G109/><T112/><D112/><AGARI ba="0,1" hai="37,42,44,45,49,50,52,53,58,94,95,112,113,115" machi="112" ten="40,3900,0" yaku="1,1,54,1,53,0" doraHai="97" doraHaiUra="134" who="3" fromWho="0" sc="210,-39,216,0,354,0,210,49" /><INIT seed="3,1,0,4,3,7" ten="171,216,354,259" oya="3" hai0="10,61,97,34,51,31,90,120,102,35,125,131,108" hai1="73,81,27,127,32,113,82,66,74,115,83,55,100" hai2="129,28,18,104,116,23,118,119,40,12,72,13,29" hai3="19,36,56,103,133,59,92,121,54,85,91,8,46"/><W1/><G121/><T0/><D120/><U4/><E66/><V41/><F72/><W112/><G112/><T130/><D125/><U62/><E100/><V48/><F104/><W26/><G133/><T39/><D39/><U96/><E96/><V21/><F129/><N who="0" m="49162" /><D108/><U89/><E89/><V50/><F118/><W68/><G68/><T71/><D90/><U30/><E127/><V106/><F106/><W70/><G70/><T25/><D51/><U123/><E123/><V94/><F94/><W9/><G36/><T64/><D35/><U57/><REACH who="1" step="1"/><E4/><REACH who="1" ten="171,206,354,259" step="2"/><V58/><F119/><W42/><G103/><T77/><D77/><U107/><E107/><V43/><F116/><W114/><G114/><AGARI ba="1,1" hai="27,30,32,55,57,62,73,74,81,82,83,113,114,115" machi="114" ten="40,1300,0" yaku="1,1,53,0" doraHai="7" doraHaiUra="16" who="1" fromWho="3" sc="171,0,206,26,354,0,259,-16" /><INIT seed="4,0,0,0,1,48" ten="171,232,354,243" oya="0" hai0="92,2,50,7,17,24,100,41,59,122,45,21,23" hai1="10,111,11,65,89,9,55,99,91,81,84,78,69" hai2="118,96,90,117,113,73,93,132,20,33,77,102,38" hai3="74,61,49,126,133,124,0,88,119,83,75,46,68"/><T63/><D122/><U105/><E111/><V85/><F33/><W30/><G119/><N who="2" m="45577" /><F38/><W131/><G0/><T120/><D120/><U130/><E130/><V47/><F47/><W42/><G30/><T106/><D106/><U112/><E112/><V58/><F58/><W15/><G131/><T3/><D7/><U5/><E5/><V64/><F64/><N who="3" m="40975" /><G15/><T71/><D71/><U8/><N who="1" m="2048" /><DORA hai="128" /><U104/><E65/><V127/><F20/><W103/><G103/><T16/><D92/><U34/><E69/><V110/><F110/><W109/><G133/><T97/><D97/><U12/><E12/><V79/><F113/><W44/><G44/><T54/><REACH who="0" step="1"/><D100/><REACH who="0" ten="161,232,354,243" step="2"/><U25/><E99/><V51/><F102/><W129/><G129/><T29/><D29/><U39/><E104/><V134/><F96/><W43/><G109/><T26/><AGARI ba="0,1" hai="2,3,16,17,21,23,24,26,41,45,50,54,59,63" machi="26" ten="20,18000,2" yaku="1,1,0,1,7,1,9,1,52,1,54,1,53,1" doraHai="48,128" doraHaiUra="57,72" who="0" fromWho="0" sc="161,190,232,-60,354,-60,243,-60" /><INIT seed="4,1,0,5,2,69" ten="351,172,294,183" oya="0" hai0="28,82,102,50,108,10,99,66,4,32,55,107,117" hai1="47,91,123,2,16,17,1,86,78,62,92,97,68" hai2="64,11,76,110,85,115,42,34,67,40,26,129,71" hai3="89,36,113,105,35,133,104,94,77,19,13,60,88"/><T9/><D117/><U46/><E123/><V126/><F110/><W15/><G35/><T79/><D66/><U48/><E47/><V25/><F115/><W95/><G113/><T128/><D128/><U43/><E1/><V20/><F129/><W132/><G77/><T59/><D108/><U29/><E2/><V119/><F119/><W38/><G60/><T57/><D57/><U124/><E124/><V7/><F126/><W21/><G21/><T84/><D4/><U96/><E29/><V114/><F114/><W118/><REACH who="3" step="1"/><G19/><REACH who="3" ten="351,172,294,173" step="2"/><T73/><D32/><U22/><E17/><V12/><F34/><W120/><G120/><T58/><D28/><U90/><E78/><V112/><F112/><W3/><G3/><T125/><D125/><U18/><E18/><V122/><F122/><W83/><G83/><T72/><D72/><U100/><E62/><V37/><F20/><W121/><G121/><T0/><D0/><U80/><E68/><V63/><F76/><W33/><G33/><T131/><D131/><U56/><E22/><V5/><F63/><W61/><G61/><T98/><D73/><U74/><E16/><V93/><F71/><W27/><G27/><T41/><D82/><U87/><E74/><V101/><F25/><W6/><G6/><T14/><D79/><U70/><E70/><V23/><F26/><W45/><G45/><T44/><D44/><U30/><E56/><V134/><F5/><W103/><G103/><T106/><D59/><U24/><E100/><V116/><F7/><W109/><G109/><T127/><D58/><U54/><E54/><RYUUKYOKU ba="1,1" sc="351,-15,172,15,294,-15,173,15" hai1="24,30,43,46,48,80,86,87,90,91,92,96,97" hai3="13,15,36,38,88,89,94,95,104,105,118,132,133" /><INIT seed="5,2,1,1,5,119" ten="336,187,279,188" oya="1" hai0="75,23,24,85,108,2,9,112,46,67,77,105,10" hai1="8,107,4,51,93,104,92,125,70,44,14,66,79" hai2="115,55,0,97,65,60,45,82,40,42,118,63,83" hai3="5,126,99,114,124,22,6,11,72,53,69,50,36"/><U103/><E125/><N who="3" m="48234" /><G36/><T26/><D75/><U48/><E79/><V78/><F118/><W54/><G72/><T18/><D105/><U32/><E32/><V130/><F0/><W52/><G69/><T117/><D117/><U127/><E127/><V98/><F130/><W129/><G129/><T3/><D108/><U86/><E51/><N who="2" m="29167" /><F115/><W84/><G114/><T57/><D112/><U49/><E49/><V101/><F101/><W135/><G135/><T91/><D77/><U30/><E30/><V19/><F19/><W64/><G64/><T116/><D116/><U123/><E123/><V113/><F113/><W28/><G99/><N who="2" m="37897" /><F65/><W132/><G132/><T12/><D46/><U58/><E103/><V43/><F78/><W110/><G110/><T41/><D41/><U61/><E70/><V95/><F95/><W37/><G37/><T27/><D3/><U71/><E71/><V68/><F68/><W88/><G28/><T80/><D2/><U94/><REACH who="1" step="1"/><E86/><REACH who="1" ten="336,177,279,188" step="2"/><V120/><F120/><W111/><G111/><T25/><N who="0" m="6656" /><DORA hai="81" /><T121/><D121/><U21/><E21/><V39/><F39/><W17/><G50/><T74/><D74/><U29/><E29/><V106/><F106/><W59/><G11/><T20/><D10/><U128/><E128/><V134/><F134/><W33/><G33/><T131/><D131/><U96/><E96/><V109/><F109/><W34/><G34/><T7/><D23/><U122/><E122/><V16/><F16/><W13/><G59/><T56/><D20/><U102/><E102/><V100/><F100/><W89/><G84/><RYUUKYOKU ba="2,2" sc="336,-30,177,10,279,10,188,10" hai1="4,8,14,44,48,58,61,66,92,93,94,104,107" hai2="40,42,43,60,63,82,83" hai3="5,6,13,17,22,52,53,54,88,89" /><INIT seed="5,3,2,5,4,118" ten="306,187,289,198" oya="1" hai0="73,122,50,41,58,16,35,132,22,49,101,19,54" hai1="83,46,37,113,29,76,52,126,111,0,81,65,79" hai2="56,9,8,72,109,62,114,88,30,107,134,10,5" hai3="110,25,6,7,64,104,61,127,128,130,124,63,131"/><U96/><E0/><V103/><F109/><W48/><G104/><T57/><D35/><U42/><E113/><V92/><F72/><W24/><G110/><T98/><D73/><U40/><E111/><V121/><F134/><W91/><G48/><T44/><D132/><U123/><E123/><V77/><F121/><W36/><G36/><T47/><D122/><U53/><E65/><V115/><F77/><W26/><G91/><T129/><D129/><U15/><E29/><V75/><F75/><W51/><G51/><T117/><D117/><U13/><E96/><V84/><F30/><W133/><G133/><T14/><REACH who="0" step="1"/><D19/><REACH who="0" ten="296,187,289,198" step="2"/><U99/><E126/><N who="3" m="48170" /><G64/><T20/><D20/><U55/><E99/><V1/><F103/><W2/><G2/><T108/><D108/><U100/><E100/><V97/><F97/><W93/><G93/><AGARI ba="3,3" hai="14,16,22,41,44,47,49,50,54,57,58,93,98,101" machi="93" ten="30,7700,0" yaku="1,1,7,1,8,1,54,1,53,0" doraHai="118" doraHaiUra="70" who="0" fromWho="3" sc="296,116,187,0,289,0,198,-86" /><INIT seed="6,0,0,3,1,133" ten="412,187,289,112" oya="2" hai0="95,39,28,38,91,97,53,43,58,132,24,112,73" hai1="107,89,87,76,119,82,32,69,3,22,131,81,129" hai2="101,104,20,108,120,130,74,0,60,48,75,50,17" hai3="49,6,122,98,113,83,99,52,116,16,115,19,84"/><V65/><F120/><W94/><G116/><T61/><D132/><U124/><E69/><V90/><F0/><W42/><G42/><T7/><D112/><N who="3" m="43081" /><G122/><T64/><D73/><U35/><E107/><V63/><F108/><W128/><G6/><T15/><D43/><U86/><E3/><V68/><F130/><N who="1" m="49673" /><E119/><V8/><F8/><W114/><N who="3" m="43089" /><W34/><DORA hai="47" /><G34/><N who="1" m="12842" /><E22/><V66/><F90/><N who="3" m="51487" /><G128/><T10/><D64/><U45/><E45/><V127/><F127/><AGARI ba="0,0" hai="76,81,82,86,87,89,124,127" m="12842,49673" machi="127" ten="40,5200,0" yaku="19,1,52,2" doraHai="133,47" who="1" fromWho="2" sc="412,0,187,52,289,-52,112,0" /><INIT seed="7,0,0,4,5,42" ten="412,239,237,112" oya="3" hai0="92,76,116,45,132,128,86,125,29,47,85,7,53" hai1="46,31,37,20,88,73,61,1,67,30,110,41,123" hai2="24,34,69,59,4,9,26,79,118,81,124,129,13" hai3="21,15,56,58,113,62,44,103,66,80,94,68,98"/><W97/><G113/><T121/><D116/><U17/><E73/><V57/><F69/><W28/><G80/><N who="0" m="47239" /><D121/><U135/><E1/><V70/><F70/><W23/><G23/><T78/><D128/><U108/><E31/><V119/><F129/><W25/><G15/><T35/><D35/><U51/><E30/><V101/><F124/><W87/><G87/><T33/><D33/><U39/><E123/><V89/><F101/><W106/><REACH who="3" step="1"/><G44/><REACH who="3" ten="412,239,237,102" step="2"/><T74/><D74/><U10/><E20/><V19/><F34/><W104/><G104/><T107/><D47/><U64/><E46/><V0/><F119/><W43/><G43/><T112/><D45/><U84/><E41/><V99/><F118/><W22/><G22/><T72/><D107/><U102/><E84/><N who="2" m="48191" /><F0/><W2/><G2/><T130/><D86/><U12/><E12/><V133/><F133/><W127/><G127/><T117/><D72/><U3/><E135/><V114/><F114/><W131/><G131/><T122/><D132/><U95/><E3/><V49/><F13/><W48/><G48/><T6/><D112/><U91/><E51/><V71/><F49/><W105/><G105/><T8/><D125/><U96/><E39/><V77/><F77/><W40/><G40/><T36/><D78/><U126/><E37/><V83/><F83/><W50/><G50/><T38/><D36/><U5/><E126/><V120/><F120/><W60/><G60/><T55/><D38/><U63/><E63/><V82/><F82/><W134/><G134/><T90/><D117/><U65/><E61/><V93/><F24/><RYUUKYOKU ba="0,1" sc="412,-10,239,-10,237,-10,102,30" hai3="21,25,28,56,58,62,66,68,94,97,98,103,106" /><INIT seed="7,1,1,5,5,52" ten="402,229,227,132" oya="3" hai0="65,51,0,19,62,68,7,80,122,42,29,89,96" hai1="87,13,20,44,76,55,57,124,118,110,113,98,67" hai2="130,48,37,125,77,78,101,63,10,100,99,127,91" hai3="41,56,60,104,58,84,79,59,17,18,121,2,108"/><W45/><G121/><T47/><D122/><U40/><E67/><V11/><F37/><W135/><G104/><T36/><D29/><U30/><E98/><V31/><F130/><W134/><G2/><T132/><D132/><N who="3" m="50729" /><G108/><T103/><D19/><N who="3" m="7177" /><G84/><T105/><D89/><U97/><E87/><V86/><F31/><W114/><G79/><N who="2" m="30217" /><F63/><W123/><G114/><T74/><D51/><U72/><E30/><V8/><F48/><N who="3" m="26671" /><G123/><T27/><D80/><U4/><E113/><V23/><F99/><W83/><G83/><T16/><D16/><U82/><E97/><V34/><F34/><W94/><G94/><T33/><D74/><U9/><E110/><V1/><F23/><W25/><G25/><T46/><D46/><U12/><E20/><V61/><F1/><W32/><G32/><T43/><D43/><U85/><E72/><V28/><F28/><W21/><G21/><T64/><D27/><U49/><E13/><V90/><F86/><W38/><G38/><T107/><D33/><U35/><E35/><V116/><F116/><W129/><G129/><T15/><D105/><U111/><E118/><V120/><F120/><W75/><G75/><T39/><D39/><U109/><E109/><V70/><F101/><W6/><G6/><T112/><D112/><U26/><E26/><V133/><F100/><W119/><G119/><T50/><D15/><U14/><E14/><V93/><F133/><W126/><G126/><N who="2" m="48137" /><F93/><W95/><G95/><T53/><D7/><U66/><E124/><V128/><F128/><W102/><G102/><T69/><D0/><U54/><E111/><RYUUKYOKU ba="1,1" sc="402,-30,229,10,227,10,132,10" hai1="4,9,12,40,44,49,54,55,57,66,76,82,85" hai2="8,10,11,61,70,90,91" hai3="56,58,59,60" /><INIT seed="7,2,1,3,5,14" ten="372,239,237,142" oya="3" hai0="17,102,83,107,60,122,114,62,105,50,99,74,47" hai1="64,96,121,88,23,6,130,11,117,131,79,56,3" hai2="123,22,37,80,25,84,119,19,8,63,20,73,97" hai3="115,0,21,91,43,78,10,18,48,98,57,124,51"/><W129/><G115/><T32/><D122/><U77/><E23/><V1/><F73/><W132/><G129/><T4/><D32/><U38/><E38/><V82/><F119/><W24/><G132/><T94/><D114/><U133/><E121/><V71/><F123/><W44/><G124/><T106/><D4/><U55/><E64/><V118/><F118/><W16/><G78/><T54/><D17/><U29/><E29/><V81/><F37/><W92/><G0/><T65/><D65/><U35/><E35/><V134/><F134/><W27/><G57/><T26/><D26/><U31/><E31/><V33/><F33/><W76/><G76/><T49/><D74/><U66/><E66/><V87/><F97/><W95/><G95/><T116/><D116/><U28/><E28/><V45/><F45/><W30/><G30/><T125/><D83/><U67/><E67/><V108/><F108/><W127/><G127/><T41/><REACH who="0" step="1"/><D125/><REACH who="0" ten="362,239,237,142" step="2"/><U40/><E117/><V39/><F81/><W86/><G98/><T128/><D128/><N who="1" m="49195" /><E133/><V36/><F80/><W75/><G75/><T104/><D104/><U126/><E126/><V93/><F82/><W89/><G89/><T135/><D135/><U72/><E72/><V85/><F25/><W101/><G101/><T70/><D70/><U90/><E79/><V12/><F71/><W68/><G68/><T42/><D42/><U113/><E113/><V34/><F34/><W2/><G27/><T59/><AGARI ba="2,2" hai="41,47,49,50,54,59,60,62,94,99,102,105,106,107" machi="59" ten="30,2000,0" yaku="1,1,0,1,53,0" doraHai="14" doraHaiUra="110" who="0" fromWho="0" sc="362,46,239,-7,237,-7,142,-12" owari="408,51.0,232,3.0,230,-17.0,130,-37.0" /></mjloggm>