<mjloggm ver="2.3"><GO type="97" lobby="0"/><UN n0="%63%68%69%6E%75%35%30" n1="%E3%82%B0%E3%83%95%E3%83%95" n2="%E3%83%94%E3%83%A8%E3%81%A3%E3%81%99" n3="%E5%B0%B1%E6%B4%BB%E7%94%9F%40%E5%B7%9D%E6%9D%91%E8%BB%8D%E5%9B%A3" dan="14,14,14,15" rate="1952.64,1950.38,1888.34,2021.74" sx="M,M,M,M"/><TAIKYOKU oya="0"/><INIT seed="0,0,0,5,2,56" ten="250,250,250,250" oya="0" hai0="50,64,24,92,35,107,25,80,17,22,90,63,104" hai1="128,98,38,26,46,21,67,51,43,1,126,113,40" hai2="76,108,95,118,62,83,41,87,93,33,82,73,134" hai3="36,102,3,52,132,88,78,45,114,97,111,116,105"/><T135/><D135/><U85/><E126/><V123/><F33/><W20/><G116/><T32/><D80/><U34/><E1/><V100/><F41/><W84/><G114/><T115/><D115/><U65/><E128/><V121/><F62/><W53/><G3/><T119/><D119/><U89/><E113/><V37/><F37/><W49/><G132/><T79/><D79/><U14/><E34/><V68/><F68/><W120/><G120/><T71/><D35/><U110/><E110/><V16/><F16/><W124/><G124/><T9/><D9/><U101/><E14/><V61/><F61/><W130/><G36/><T75/><D75/><U127/><E127/><V117/><F134/><W0/><G0/><T39/><D39/><U31/><E40/><V99/><F108/><W69/><G69/><T23/><D32/><U48/><E38/><V58/><F58/><W103/><G103/><T106/><D50/><U74/><E51/><V72/><F95/><W44/><G111/><T2/><D2/><U81/><E74/><N who="2" m="28779" /><F83/><W27/><G130/><T129/><D129/><U19/><REACH who="1" step="1"/><E31/><REACH who="1" ten="250,240,250,250" step="2"/><V60/><F118/><W109/><G109/><T91/><REACH who="0" step="1"/><D92/><AGARI ba="0,1" hai="19,21,26,43,46,48,65,67,81,85,89,92,98,101" machi="92" ten="30,7700,0" yaku="1,1,2,1,7,1,8,1,53,0" doraHai="56" doraHaiUra="6" who="1" fromWho="0" sc="250,-77,240,87,250,0,250,0" /><INIT seed="1,0,0,1,4,31" ten="173,327,250,250" oya="1" hai0="93,84,59,6,119,43,134,24,117,22,98,56,79" hai1="45,4,46,131,19,49,64,29,60,133,101,25,89" hai2="54,61,83,20,86,81,63,106,1,124,114,135,103" hai3="26,51,8,99,13,125,77,71,7,107,85,2,34"/><U129/><E133/><V44/><F1/><W82/><G125/><T72/><D72/><U126/><E126/><V109/><F114/><W118/><G118/><T10/><D134/><U9/><E101/><V16/><F109/><W96/><G71/><T41/><D119/><U48/><E19/><V116/><F116/><W17/><G107/><T65/><D117/><U32/><E89/><V130/><F130/><N who="1" m="49673" /><E46/><V23/><F23/><N who="3" m="11695" /><G51/><T70/><D70/><N who="1" m="42247" /><E45/><V53/><F124/><W39/><G39/><T74/><D74/><U91/><E91/><V110/><F110/><W5/><G5/><T127/><D127/><U94/><E94/><V92/><F106/><W30/><AGARI ba="0,0" hai="2,7,8,26,30,34,77,82,85,96,99" m="11695" machi="30" ten="30,2000,0" yaku="24,1,52,1" doraHai="31" who="3" fromWho="3" sc="173,-5,327,-10,250,-5,250,20" /><INIT seed="2,0,0,0,2,94" ten="168,317,245,270" oya="2" hai0="55,118,27,71,47,28,52,114,108,17,16,115,20" hai1="75,109,65,38,60,37,48,39,77,116,5,76,64" hai2="122,126,32,0,18,22,30,87,101,13,112,121,21" hai3="62,31,93,70,36,135,89,84,63,119,86,26,95"/><V49/><F112/><W46/><G119/><T10/><D71/><U67/><E116/><V78/><F0/><W2/><G2/><T117/><D47/><U12/><E75/><V131/><F32/><W103/><G135/><T50/><D108/><U24/><E109/><V111/><F111/><W15/><G15/><T98/><D118/><U123/><E60/><V51/><F126/><W61/><G70/><T133/><D117/><U130/><E48/><V129/><F101/><W85/><G36/><T106/><D133/><U105/><E105/><V58/><F87/><W80/><G46/><T69/><D69/><U25/><E130/><N who="2" m="49675" /><F78/><W128/><G128/><T7/><D115/><U42/><E42/><V90/><F90/><W68/><G68/><T40/><D40/><U81/><E123/><N who="2" m="47115" /><F58/><W82/><G103/><T132/><D132/><U53/><E77/><V96/><F96/><W107/><G107/><T57/><D55/><U14/><E53/><V127/><F127/><W45/><G45/><T43/><D43/><U104/><E104/><V124/><F124/><W88/><G84/><T66/><D66/><U72/><E64/><V113/><F113/><W92/><G92/><T99/><D114/><U3/><E3/><V120/><F120/><W125/><G125/><T44/><D57/><U100/><E100/><V34/><F34/><AGARI ba="0,0" hai="26,31,34,61,62,63,80,82,85,86,88,89,93,95" machi="34" ten="40,2600,0" yaku="9,1,54,1" doraHai="94" who="3" fromWho="2" sc="168,0,317,0,245,-26,270,26" /><INIT seed="3,0,0,5,1,48" ten="168,317,219,296" oya="3" hai0="9,13,100,41,127,55,78,75,67,29,35,18,123" hai1="130,44,90,14,128,8,106,56,1,92,3,30,87" hai2="49,32,6,36,113,37,112,82,86,132,15,28,105" hai3="45,47,19,76,115,72,70,61,80,71,17,60,91"/><W10/><G115/><T108/><D123/><U134/><E106/><V54/><F105/><W43/><G47/><T62/><D127/><U74/><E74/><V42/><F132/><W119/><G119/><T116/><D116/><U38/><E134/><V84/><F42/><W57/><G91/><T114/><D114/><U81/><E30/><V117/><F117/><W111/><G111/><T93/><D108/><U104/><E104/><V46/><F37/><W99/><G99/><T126/><D126/><U27/><E27/><V118/><F36/><W85/><G72/><T133/><D133/><U65/><E92/><V25/><F118/><W131/><G131/><N who="1" m="50218" /><E56/><V5/><F86/><W58/><G70/><T24/><D41/><N who="1" m="22583" /><E65/><V26/><F26/><W7/><G71/><T0/><D0/><U52/><E52/><V4/><F15/><N who="3" m="5599" /><G45/><T31/><D31/><U96/><E96/><V23/><F32/><W2/><G2/><T125/><D125/><U97/><E97/><V79/><AGARI ba="0,0" hai="4,5,6,23,25,28,46,49,54,79,82,84,112,113" machi="79" ten="30,2000,0" yaku="0,1,52,1" doraHai="48" who="2" fromWho="2" sc="168,-5,317,-5,219,20,296,-10" owari="163,-34.0,312,41.0,239,-16.0,286,9.0" /></mjloggm>