<mjloggm ver="2.3"><GO type="169" lobby="0"/><UN n0="%E5%B0%B1%E6%B4%BB%E7%94%9F%40%E5%B7%9D%E6%9D%91%E8%BB%8D%E5%9B%A3" n1="%E6%9D%BE%E5%AE%9F%E7%8E%84%E3%81%98%E3%82%83%E3%81%AA%E3%81%84" n2="%E8%85%90%E7%94%9F%E8%B1%9A%E3%82%B3%E3%83%84%E3%83%9C%E3%83%BC" n3="%E3%81%84%E3%81%AC%E3%81%98%E3%82%83%E3%82%89%EF%BC%94" dan="16,17,17,19" rate="2067.42,2204.36,2157.63,2286.45" sx="M,F,M,M"/><TAIKYOKU oya="0"/><INIT seed="0,0,0,5,2,20" ten="250,250,250,250" oya="0" hai0="116,114,40,77,68,91,107,125,54,2,16,67,81" hai1="34,59,55,92,45,105,112,35,108,102,94,9,38" hai2="115,127,66,52,15,124,72,84,8,47,50,104,51" hai3="58,97,60,25,21,18,74,96,129,33,78,63,49"/><T118/><D114/><U27/><E112/><V121/><F115/><W90/><G129/><T101/><D2/><U0/><E105/><V48/><F104/><W109/><G109/><T56/><D40/><U71/><E71/><V10/><F72/><W122/><G122/><T61/><D125/><N who="2" m="48202" /><F121/><W75/><G33/><T23/><D91/><U113/><E108/><V98/><F98/><W76/><G75/><T65/><D101/><U32/><E102/><V73/><F73/><W46/><G63/><T133/><D107/><U43/><E113/><V26/><F66/><N who="3" m="39191" /><G74/><T12/><D133/><U30/><E9/><N who="2" m="3691" /><F15/><W79/><G90/><T100/><D100/><U64/><E64/><V62/><F84/><W87/><G87/><T131/><D131/><U53/><E0/><V1/><F1/><W3/><G3/><T39/><D39/><U106/><E106/><V85/><F85/><W123/><G123/><T120/><D120/><U95/><REACH who="1" step="1"/><E55/><AGARI ba="0,0" hai="18,21,25,46,49,55,76,78,79,96,97" m="39191" machi="55" ten="30,2000,0" yaku="8,1,52,1" doraHai="20" who="3" fromWho="1" sc="250,0,250,-20,250,0,250,20" /><INIT seed="1,0,0,0,2,135" ten="250,230,250,270" oya="1" hai0="33,123,109,112,3,116,134,122,0,103,36,67,92" hai1="113,11,84,102,93,43,30,130,114,85,29,70,14" hai2="76,51,133,16,94,28,100,98,104,47,12,55,79" hai3="53,117,54,61,68,105,65,20,118,87,6,74,108"/><U24/><E70/><V25/><F133/><W62/><G74/><T60/><D92/><U5/><E130/><V45/><F45/><W99/><G6/><T90/><D90/><U96/><E30/><V77/><F104/><W107/><G108/><T44/><D103/><U125/><E43/><V83/><F83/><W63/><G87/><T52/><D33/><U115/><REACH who="1" step="1"/><E125/><REACH who="1" ten="250,220,250,270" step="2"/><V127/><F127/><W120/><G68/><T42/><D134/><U7/><E7/><V95/><F28/><W40/><G40/><T19/><D109/><U15/><E15/><V71/><F71/><W86/><G118/><T80/><D116/><U57/><E57/><V78/><F12/><W39/><G117/><T2/><D112/><U129/><E129/><V56/><F56/><W106/><G120/><T13/><D122/><U8/><E8/><V34/><F34/><AGARI ba="0,1" hai="5,11,14,24,29,34,84,85,93,96,102,113,114,115" machi="34" ten="40,12000,1" yaku="1,1,53,3" doraHai="135" doraHaiUra="111" who="1" fromWho="2" sc="250,0,220,130,250,-120,270,0" /><INIT seed="1,1,0,0,5,41" ten="250,350,130,270" oya="1" hai0="42,92,132,104,7,72,16,95,1,31,25,124,105" hai1="48,20,83,94,88,93,46,35,19,34,81,51,112" hai2="49,6,106,91,24,44,10,30,57,126,39,74,40" hai3="108,89,23,77,115,135,33,76,123,69,101,64,129"/><U133/><E112/><V65/><F106/><W0/><G89/><T5/><D72/><U111/><E133/><V84/><F74/><W125/><G23/><T134/><D124/><U102/><E111/><V86/><F126/><W59/><G59/><T62/><D42/><U50/><E34/><V26/><F86/><W121/><G64/><T114/><D114/><U29/><E29/><V21/><F26/><W60/><G60/><T32/><D62/><U70/><E35/><V110/><F110/><W3/><G101/><T122/><D122/><U113/><E70/><V66/><F57/><W68/><G77/><T52/><D104/><U56/><E56/><V14/><REACH who="2" step="1"/><F39/><REACH who="2" ten="250,350,120,270" step="2"/><W117/><G69/><T45/><D105/><U13/><E113/><V63/><F63/><W131/><G123/><T127/><D127/><U15/><E50/><V2/><F2/><W82/><G0/><T98/><D1/><U58/><E51/><V22/><F22/><W90/><G3/><T28/><D32/><U78/><E58/><V87/><F87/><W37/><G121/><T11/><D25/><U79/><E20/><V4/><F4/><W96/><G125/><T75/><D7/><U119/><E48/><V130/><F130/><W38/><G129/><T99/><D5/><U53/><E13/><V8/><F8/><W97/><G131/><T120/><D75/><U80/><E15/><V17/><F17/><W18/><G115/><T85/><D16/><U36/><E19/><V107/><F107/><W47/><G38/><T103/><D11/><U12/><E36/><V118/><F118/><RYUUKYOKU ba="1,1" sc="250,-10,350,-10,120,30,270,-10" hai2="6,10,14,21,24,30,40,44,49,65,66,84,91" /><INIT seed="2,2,1,1,1,11" ten="240,340,150,260" oya="2" hai0="93,120,77,73,58,62,127,109,5,57,92,135,74" hai1="15,78,21,51,69,32,115,85,10,26,56,133,63" hai2="80,54,114,99,128,20,82,87,129,60,121,25,88" hai3="50,49,55,105,130,23,64,104,134,123,0,72,108"/><V111/><F114/><W66/><G123/><T53/><D120/><U24/><E69/><V33/><F121/><W48/><G72/><T131/><D109/><U16/><E32/><V45/><F33/><W46/><G0/><T27/><D131/><N who="2" m="50250" /><F111/><W71/><G130/><T89/><D127/><U79/><E133/><V100/><F45/><W102/><G108/><T110/><D135/><U132/><E115/><V59/><F99/><W97/><G105/><T6/><D110/><U122/><E132/><V43/><F100/><W22/><G134/><T35/><D92/><U38/><E38/><V95/><F43/><W28/><G28/><AGARI ba="2,1" hai="20,25,28,54,59,60,80,82,87,88,95" m="50250" machi="28" ten="30,2900,0" yaku="19,1,54,1" doraHai="11" who="2" fromWho="3" sc="240,0,340,0,150,45,260,-35" /><INIT seed="2,3,0,1,2,25" ten="240,340,195,225" oya="2" hai0="63,64,31,1,40,18,70,22,67,94,56,86,82" hai1="17,4,80,133,47,27,78,122,28,32,60,99,132" hai2="15,8,135,117,24,89,97,106,13,11,85,50,3" hai3="65,90,98,38,23,43,29,100,123,12,88,20,119"/><V93/><F117/><W14/><G119/><T96/><D1/><U69/><E4/><V103/><F135/><N who="1" m="51785" /><E122/><V0/><F15/><W5/><G123/><T128/><D40/><U83/><E47/><V111/><F11/><W53/><G65/><T134/><D134/><U45/><E45/><V131/><F131/><W95/><G38/><T33/><D33/><U42/><E42/><V26/><F111/><W126/><G126/><T2/><D2/><U125/><E125/><V62/><F62/><W87/><G43/><T115/><D115/><U77/><E99/><V46/><F3/><W51/><G90/><T68/><D67/><N who="1" m="41191" /><E17/><V108/><F0/><W74/><G74/><T92/><D18/><U54/><E54/><N who="2" m="30039" /><F106/><W109/><G109/><T112/><D112/><U76/><AGARI ba="3,0" hai="27,28,32,76,77,78,80,83" m="41191,51785" machi="76" ten="30,2000,0" yaku="20,1,52,1" doraHai="25" who="1" fromWho="1" sc="240,-8,340,29,195,-13,225,-8" /><INIT seed="3,0,0,5,4,38" ten="232,369,182,217" oya="3" hai0="113,35,78,32,9,23,88,81,3,66,110,134,120" hai1="61,92,103,126,123,42,45,102,16,118,7,18,59" hai2="39,20,48,93,53,6,11,64,86,14,2,54,5" hai3="76,70,12,69,111,99,65,89,10,100,68,57,127"/><W29/><G127/><T40/><D120/><U71/><E123/><V43/><F39/><W36/><G36/><T28/><D110/><U50/><E71/><V8/><F64/><W33/><G111/><T58/><D113/><U85/><E126/><V133/><F133/><W31/><G33/><T128/><D128/><U1/><E118/><V77/><F20/><W87/><G76/><T21/><D134/><U132/><E132/><V106/><F106/><W104/><G57/><T115/><D115/><U51/><E51/><V125/><F125/><W49/><G49/><T122/><D122/><U98/><E103/><V25/><F25/><W105/><G105/><T30/><D40/><U26/><E26/><V101/><F101/><W56/><G56/><T129/><D129/><U15/><E85/><V22/><F22/><W83/><REACH who="3" step="1"/><G65/><REACH who="3" ten="232,369,182,207" step="2"/><T60/><D35/><U75/><E59/><V94/><F77/><W119/><G119/><T131/><D32/><U46/><E50/><V80/><F48/><W90/><G90/><T96/><D131/><U74/><E61/><V52/><F54/><W62/><G62/><T97/><D78/><U13/><E46/><V0/><F53/><W72/><G72/><T24/><D58/><U63/><E63/><V109/><F52/><W37/><G37/><T112/><D66/><U91/><E91/><V124/><F109/><W108/><G108/><T107/><D60/><U47/><E47/><V121/><F124/><W17/><AGARI ba="0,1" hai="10,12,17,29,31,68,69,70,83,87,89,99,100,104" machi="17" ten="30,3000,0" yaku="1,1,0,1,53,0" doraHai="38" doraHaiUra="34" who="3" fromWho="3" sc="232,-10,369,-10,182,-10,207,40" /><INIT seed="3,1,0,0,1,105" ten="222,359,172,247" oya="3" hai0="7,21,133,59,46,83,118,22,47,99,66,48,117" hai1="8,54,80,98,58,101,15,79,56,86,123,106,50" hai2="65,69,41,82,24,52,42,30,27,125,90,88,84" hai3="1,102,39,112,92,134,132,96,17,32,75,100,109"/><W94/><G39/><T119/><D133/><N who="3" m="51305" /><G1/><T97/><D7/><U0/><E0/><V110/><F110/><W2/><G2/><T64/><D83/><U78/><E123/><V31/><F125/><W85/><G32/><T43/><D47/><U16/><REACH who="1" step="1"/><E58/><REACH who="1" ten="222,349,172,247" step="2"/><V120/><F120/><W34/><G109/><T73/><D59/><U127/><E127/><V53/><F69/><W114/><G114/><T108/><D108/><U129/><E129/><V25/><F65/><W111/><G111/><T61/><D64/><U113/><E113/><V35/><F35/><W23/><G34/><T76/><D66/><U33/><E33/><V44/><F44/><W28/><G112/><T124/><D124/><U95/><E95/><V37/><F37/><W68/><G94/><T6/><D46/><U70/><E70/><V57/><F57/><W11/><G92/><T77/><D117/><U19/><E19/><V62/><F30/><W115/><G17/><T20/><D118/><U122/><E122/><V40/><F31/><W63/><G28/><T60/><D119/><U13/><E13/><V128/><F128/><W121/><G68/><T38/><D38/><U9/><E9/><V130/><F130/><W45/><G11/><T55/><D6/><U29/><E29/><V116/><F116/><W5/><G5/><T12/><D12/><U72/><E72/><V135/><F135/><W10/><G75/><T18/><D73/><U107/><E107/><V89/><REACH who="2" step="1"/><F62/><REACH who="2" ten="222,349,162,247" step="2"/><W81/><G63/><T74/><D60/><U4/><E4/><V51/><F51/><W3/><G121/><RYUUKYOKU ba="1,2" sc="222,-15,349,15,162,15,247,-15" hai1="8,15,16,50,54,56,78,79,80,86,98,101,106" hai2="24,25,27,40,41,42,52,53,82,84,88,89,90" /><INIT seed="4,2,2,4,3,39" ten="207,364,177,232" oya="0" hai0="130,68,83,127,92,122,37,110,77,134,123,89,9" hai1="112,45,70,82,101,48,30,43,125,96,76,20,133" hai2="61,7,103,64,97,98,1,3,75,24,29,32,28" hai3="19,27,33,62,17,88,135,106,94,15,90,21,124"/><T26/><D68/><U126/><E70/><N who="2" m="42255" /><F97/><W10/><G124/><N who="1" m="47722" /><E133/><V60/><F60/><W116/><G116/><T79/><D127/><U53/><E112/><V100/><F100/><W54/><G135/><T132/><D130/><U113/><E113/><V129/><F29/><W63/><G106/><T80/><D37/><U81/><E76/><V73/><F129/><W13/><G33/><T114/><D114/><U121/><E121/><V35/><F35/><W78/><G78/><T14/><D26/><N who="1" m="16711" /><E53/><V84/><F84/><W44/><G27/><T119/><D119/><U105/><AGARI ba="2,2" hai="43,45,48,81,82,96,101,105" m="16711,47722" machi="105" ten="30,2000,0" yaku="18,1,52,1" doraHai="39" who="1" fromWho="1" sc="207,-12,364,46,177,-7,232,-7" /><INIT seed="5,0,0,4,0,76" ten="195,410,170,225" oya="1" hai0="113,133,94,115,84,83,77,53,6,135,5,126,40" hai1="20,26,61,97,108,78,24,11,103,75,13,92,19" hai2="37,95,119,51,39,93,44,15,25,131,43,100,60" hai3="110,42,4,111,52,14,80,73,27,82,98,81,99"/><U68/><E108/><V121/><F119/><W72/><G42/><T33/><D33/><U12/><E68/><V109/><F109/><N who="3" m="41483" /><G27/><T118/><D40/><U32/><E32/><V7/><F121/><W120/><G14/><T10/><D118/><U47/><E47/><V104/><F131/><W105/><G4/><N who="0" m="1643" /><D10/><U122/><E122/><V30/><F60/><W45/><G45/><T17/><D17/><N who="1" m="8351" /><E75/><N who="3" m="28746" /><G52/><T46/><D94/><U132/><E78/><V67/><F67/><W129/><G120/><T107/><D107/><U49/><E132/><N who="0" m="50761" /><D126/><U0/><E0/><V101/><F7/><W9/><G9/><T123/><D123/><U50/><E61/><V63/><F63/><W34/><G34/><T90/><D77/><U70/><E70/><V36/><F36/><W128/><G105/><T117/><D117/><U106/><E106/><V2/><F39/><W62/><G62/><T65/><D65/><U55/><E55/><V18/><F37/><W71/><G71/><T127/><D127/><U102/><E49/><AGARI ba="0,0" hai="46,49,53,83,84,90,113,115" m="50761,1643" machi="49" ten="30,2000,0" yaku="20,1,52,1" doraHai="76" who="0" fromWho="1" sc="195,20,410,-20,170,0,225,0" /><INIT seed="6,0,0,4,3,73" ten="215,390,170,225" oya="2" hai0="94,51,103,22,15,68,106,7,34,13,4,48,41" hai1="128,37,16,5,28,133,62,72,86,30,61,31,113" hai2="125,17,96,25,124,70,127,99,49,50,116,126,33" hai3="12,24,21,83,123,44,84,64,95,129,35,43,1"/><V36/><F116/><W42/><G1/><T132/><D34/><U102/><E72/><V6/><F36/><W0/><G0/><T105/><D68/><U11/><E37/><V38/><F38/><W114/><G123/><T45/><D132/><U130/><E133/><V82/><F70/><W47/><G35/><T57/><D105/><U56/><E113/><V8/><F82/><W131/><G114/><T55/><D106/><U76/><E102/><V119/><F119/><W85/><G12/><N who="0" m="4683" /><D22/><U23/><E11/><V112/><F112/><W108/><G64/><T9/><D9/><U77/><E86/><N who="3" m="33386" /><G95/><T81/><D81/><U18/><E62/><V80/><F80/><W111/><G83/><T78/><D78/><N who="1" m="30315" /><E5/><V3/><N who="2" m="32256" /><DORA hai="135" /><V63/><F63/><W87/><G87/><T59/><D59/><U54/><E23/><N who="2" m="13551" /><F33/><W20/><G24/><T90/><D103/><U40/><E61/><V121/><F121/><W91/><G20/><T71/><D71/><U118/><E118/><V92/><F99/><AGARI ba="0,0" hai="4,7,41,45,48,51,55,57,90,94,99" m="4683" machi="99" ten="30,1000,0" yaku="8,1" doraHai="73,135" who="0" fromWho="2" sc="215,10,390,0,170,-10,225,0" /><INIT seed="7,0,0,0,0,3" ten="225,390,160,225" oya="3" hai0="72,8,93,60,16,106,40,135,20,115,91,79,125" hai1="133,25,4,45,74,29,51,68,34,82,81,100,64" hai2="39,104,27,129,92,127,54,36,134,118,43,121,38" hai3="84,132,1,85,65,19,86,0,119,41,103,28,78"/><W13/><G119/><T126/><D106/><U49/><E49/><V42/><F104/><W114/><G78/><T9/><D115/><U22/><E74/><V17/><F118/><W61/><G114/><T62/><D135/><U87/><E4/><V55/><F134/><W94/><G132/><T69/><D40/><N who="2" m="15402" /><F92/><W128/><G128/><T112/><D79/><U6/><E22/><V11/><F129/><W116/><G41/><T77/><D77/><U107/><E87/><V35/><F27/><W50/><G50/><T15/><D72/><U46/><E6/><V102/><F11/><N who="0" m="4170" /><D69/><U26/><E26/><V48/><F102/><W12/><G116/><T32/><D32/><U21/><E21/><V58/><F35/><W80/><G28/><T59/><D59/><U31/><E31/><V131/><F131/><W30/><G30/><T97/><D112/><U95/><E95/><V90/><F90/><W108/><G94/><T53/><D53/><N who="1" m="29935" /><E46/><N who="2" m="27927" /><F17/><W101/><G19/><T89/><D89/><U67/><E67/><V117/><F117/><W98/><G101/><T5/><D5/><U122/><E122/><V33/><F33/><W23/><G103/><T10/><D10/><U123/><E123/><V56/><F121/><W2/><G85/><T70/><D70/><U57/><E133/><V75/><F75/><W24/><G24/><T37/><D93/><U14/><E68/><V47/><F127/><W7/><G0/><T111/><D97/><N who="1" m="61839" /><E14/><V96/><F96/><W105/><G1/><T63/><D15/><U83/><E83/><V44/><F55/><W124/><G98/><RYUUKYOKU ba="0,0" sc="225,-15,390,15,160,15,225,-15" hai1="25,29,34,57,64,81,82" hai2="36,38,39,44,47,56,58" owari="210,1.0,405,50.0,175,-32.0,210,-19.0" /></mjloggm>