<mjloggm ver="2.3"><GO type="225" lobby="0"/><UN n0="%E3%81%A4%E3%81%B0%E3%81%8D%E3%81%A1%30%33" n1="%E5%90%91%E4%BA%95%E7%90%86" n2="%E9%9D%92%E7%A9%BA%E7%89%87%E6%80%9D%E3%81%84" n3="%E5%B0%B1%E6%B4%BB%E7%94%9F%40%E5%B7%9D%E6%9D%91%E8%BB%8D%E5%9B%A3" dan="16,17,16,16" rate="2158.25,2172.39,2040.70,2068.57" sx="M,M,F,M"/><TAIKYOKU oya="0"/><INIT seed="0,0,0,0,3,113" ten="250,250,250,250" oya="0" hai0="18,21,135,123,82,94,130,126,73,50,105,67,127" hai1="30,115,5,97,28,13,69,98,14,23,74,15,100" hai2="87,29,22,36,118,8,43,134,129,51,121,48,47" hai3="84,131,4,75,77,132,80,124,57,92,24,89,33"/><T102/><D123/><U2/><E69/><V54/><F121/><W25/><G131/><T38/><D38/><U111/><E74/><V42/><F129/><W83/><G124/><N who="0" m="47659" /><D135/><U90/><E115/><V9/><F134/><W114/><G132/><T125/><N who="0" m="47667" /><T6/><DORA hai="91" /><D6/><U62/><E111/><V39/><F87/><W117/><G117/><T17/><D67/><U103/><E2/><V11/><F118/><W95/><G114/><T35/><D35/><U37/><E37/><V71/><F71/><W78/><G4/><T34/><D34/><U46/><E46/><V60/><F60/><W44/><G33/><T49/><D105/><U112/><E112/><V108/><F108/><W32/><G32/><T40/><D40/><U99/><E5/><V81/><F81/><W26/><G44/><T61/><D61/><U109/><E109/><V41/><F51/><N who="0" m="19466" /><D21/><U56/><E23/><V58/><F39/><W20/><G57/><T59/><D59/><U96/><E56/><V128/><F128/><W110/><G110/><T133/><D133/><U31/><E62/><V1/><F1/><W70/><G70/><T64/><D64/><U88/><N who="1" m="24576" /><DORA hai="52" /><U107/><E107/><V116/><F116/><W120/><G120/><T10/><D10/><U16/><E16/><N who="0" m="6249" /><D102/><AGARI ba="0,0" hai="13,14,15,28,30,31,88,90,100,102,103" m="24576" machi="102" ten="60,12000,2" yaku="29,2,28,2,8,1,54,1" doraHai="113,91,52" who="1" fromWho="0" sc="250,-120,250,120,250,0,250,0" /><INIT seed="1,0,0,2,1,85" ten="130,370,250,250" oya="1" hai0="11,80,119,106,99,118,86,130,10,71,69,72,65" hai1="2,43,29,12,24,46,87,41,79,38,103,4,81" hai2="121,112,131,17,107,58,53,6,110,8,84,68,14" hai3="94,27,126,1,97,60,21,70,76,92,116,15,73"/><U23/><E2/><V30/><F121/><W63/><G1/><T54/><D72/><U33/><E103/><V122/><F122/><W64/><G126/><T51/><D130/><U52/><E41/><V7/><F131/><W132/><G132/><T127/><D127/><U59/><E4/><V42/><F110/><W49/><G116/><T61/><D71/><U101/><E101/><V124/><F124/><W56/><G15/><T96/><D119/><U44/><E44/><V0/><F68/><W105/><G49/><T32/><D32/><U66/><E66/><V120/><F120/><W39/><G39/><T45/><D118/><U125/><E125/><V26/><F112/><W102/><G76/><T88/><D106/><U89/><E12/><V31/><F107/><W115/><G73/><T55/><REACH who="0" step="1"/><D54/><REACH who="0" ten="120,370,250,250" step="2"/><U36/><E52/><V90/><F53/><W25/><G115/><T18/><D18/><U104/><E33/><V75/><F17/><W109/><G109/><T74/><D74/><U111/><E104/><V28/><F75/><W22/><G70/><T82/><D82/><U37/><E81/><V91/><F30/><N who="3" m="17711" /><G105/><T123/><D123/><U48/><E29/><V100/><F31/><N who="3" m="17911" /><G94/><T98/><AGARI ba="0,1" hai="10,11,45,51,55,61,65,69,80,86,88,96,98,99" machi="98" ten="30,8000,1" yaku="1,1,0,1,52,1,54,1,53,1" doraHai="85" doraHaiUra="40" who="0" fromWho="0" sc="120,90,370,-40,250,-20,250,-20" /><INIT seed="2,0,0,5,2,128" ten="210,330,230,230" oya="2" hai0="107,37,1,76,56,108,78,65,110,25,55,8,126" hai1="28,21,34,23,22,32,91,40,49,41,19,30,24" hai2="61,57,86,17,0,84,89,131,50,112,7,38,6" hai3="133,35,66,132,33,106,113,77,31,116,14,53,125"/><V124/><F112/><W99/><G116/><T127/><D107/><U80/><E34/><V51/><F38/><W135/><G125/><N who="0" m="47627" /><D65/><U134/><E134/><V130/><F124/><W111/><G111/><N who="0" m="42539" /><D37/><U36/><E36/><V97/><F97/><W3/><G3/><T87/><D25/><U85/><E28/><V101/><F101/><N who="3" m="62783" /><G113/><T122/><D122/><U67/><E67/><N who="2" m="39343" /><F17/><W118/><G118/><T105/><D105/><U48/><REACH who="1" step="1"/><E19/><REACH who="1" ten="210,320,230,230" step="2"/><V117/><F117/><W96/><G31/><T114/><D114/><U11/><E11/><V63/><F131/><W100/><G66/><T88/><D8/><U26/><E26/><V82/><F130/><W90/><G35/><T47/><D47/><U59/><E59/><V129/><F129/><W64/><G33/><T9/><D9/><U27/><E27/><V102/><F0/><W119/><G64/><T29/><D29/><U60/><E60/><V123/><F63/><W72/><G119/><T95/><D1/><U120/><E120/><V68/><F123/><W79/><G14/><T4/><D4/><U75/><E75/><V42/><F7/><W83/><G72/><T52/><D56/><U115/><E115/><V92/><F6/><W121/><G121/><T109/><D109/><U94/><E94/><V45/><F92/><N who="3" m="58375" /><G53/><AGARI ba="0,1" hai="52,53,55,76,78,87,88,95" m="42539,47627" machi="53" ten="30,7700,0" yaku="18,1,14,1,54,2" doraHai="128" who="0" fromWho="3" sc="210,87,320,0,230,0,230,-77" /><INIT seed="3,0,0,4,5,45" ten="297,320,230,153" oya="3" hai0="74,57,11,67,104,91,134,122,87,26,13,49,32" hai1="133,97,69,2,116,63,0,66,92,102,30,130,39" hai2="78,77,42,17,28,23,105,118,101,124,55,115,70" hai3="36,9,37,5,65,94,82,117,95,48,121,106,53"/><W27/><G121/><T8/><D104/><U71/><E39/><V88/><F118/><W99/><G117/><T21/><D74/><U123/><E116/><V15/><F115/><W41/><G65/><T127/><D122/><U43/><E123/><V86/><F124/><W61/><G61/><N who="0" m="38319" /><D32/><U84/><E69/><V56/><F70/><W135/><G135/><T79/><D79/><U51/><E130/><V31/><F42/><W35/><G106/><T1/><D1/><U44/><E133/><V58/><F101/><W34/><G41/><T64/><D64/><U111/><E111/><V120/><F105/><W109/><G109/><T47/><D13/><U114/><E114/><V29/><F120/><W54/><G82/><N who="0" m="49655" /><D127/><U19/><E30/><V73/><F73/><W20/><G37/><T72/><D72/><U100/><E100/><V75/><F75/><W131/><G36/><T16/><D134/><U80/><E19/><V76/><REACH who="2" step="1"/><F55/><AGARI ba="0,0" hai="8,11,16,21,26,47,49,55" m="49655,38319" machi="55" ten="30,3900,0" yaku="8,1,52,1,54,1" doraHai="45" who="0" fromWho="2" sc="297,39,320,0,230,-39,153,0" owari="336,44.0,320,12.0,191,-21.0,153,-35.0" /></mjloggm>