<mjloggm ver="2.3"><GO type="41" lobby="0"/><UN n0="%E6%96%B0%E5%8F%82" n1="%50%61%6E%63%65%74%74%61" n2="%E3%81%BD%E3%81%BF%E3%82%85" n3="%E5%B0%B1%E6%B4%BB%E7%94%9F%40%E5%B7%9D%E6%9D%91%E8%BB%8D%E5%9B%A3" dan="14,14,15,15" rate="2006.60,1915.77,2003.36,2030.50" sx="M,F,F,M"/><TAIKYOKU oya="0"/><INIT seed="0,0,0,3,5,52" ten="250,250,250,250" oya="0" hai0="38,83,19,66,74,13,112,47,21,65,23,9,123" hai1="16,110,57,120,111,1,32,49,71,95,54,2,43" hai2="62,97,60,96,48,76,105,79,92,84,85,68,45" hai3="126,55,113,26,63,75,10,127,81,64,67,101,39"/><T130/><D123/><U51/><E120/><V117/><F117/><W118/><G101/><T125/><D112/><U24/><E71/><V91/><F105/><W33/><G33/><T7/><D21/><N who="1" m="13351" /><E32/><V100/><F68/><W70/><G26/><T93/><D125/><U89/><E49/><V17/><F17/><W6/><G67/><T106/><D106/><U87/><E43/><V59/><F62/><W35/><G35/><T11/><D11/><U98/><E87/><N who="2" m="33355" /><F97/><W42/><G55/><T37/><D93/><U4/><E4/><V77/><F100/><W134/><G118/><T128/><D83/><U78/><E78/><V115/><F115/><W3/><G113/><T14/><D74/><U22/><E22/><V40/><F79/><N who="3" m="44287" /><G134/><T82/><D82/><U15/><E15/><V27/><F27/><W61/><G61/><T41/><REACH who="0" step="1"/><D37/><REACH who="0" ten="240,250,250,250" step="2"/><U90/><E90/><V80/><F80/><W122/><G122/><T72/><D72/><U29/><E29/><V114/><F114/><W12/><G12/><T133/><D133/><U103/><E89/><V20/><F20/><W86/><G86/><T46/><D46/><AGARI ba="0,1" hai="3,6,10,39,42,46,63,64,70,126,127" m="44287" machi="46" ten="30,2000,0" yaku="25,1,23,1" doraHai="52" who="3" fromWho="0" sc="240,-20,250,0,250,0,250,30" /><INIT seed="1,0,0,5,5,115" ten="220,250,250,280" oya="1" hai0="13,54,128,109,91,96,118,127,25,57,18,56,41" hai1="67,111,131,103,49,53,80,3,15,55,34,73,121" hai2="65,87,98,123,23,112,75,4,69,33,35,5,20" hai3="92,45,120,17,105,83,8,110,85,2,71,29,42"/><U133/><E121/><V37/><F37/><W84/><G105/><T27/><D128/><U104/><E34/><V130/><F75/><W86/><G71/><T28/><D109/><U70/><E3/><V59/><F69/><W68/><G110/><T6/><D6/><U14/><E111/><V1/><F98/><W116/><G68/><T50/><D127/><U7/><E133/><V107/><F107/><W94/><G120/><T16/><D41/><U113/><E131/><V21/><F87/><W124/><G29/><T43/><D43/><U63/><E113/><V60/><F123/><W101/><G124/><T0/><D0/><U117/><E117/><V39/><F39/><W30/><G30/><T90/><D118/><U12/><E7/><V36/><F36/><W132/><G132/><T76/><D76/><U22/><E22/><V81/><F81/><W108/><G108/><T135/><D135/><U72/><E80/><V79/><F79/><W126/><G83/><T102/><D57/><U88/><E55/><V66/><F112/><W114/><G116/><T100/><D28/><U77/><E77/><V97/><F97/><W10/><G101/><T93/><D91/><U24/><E24/><N who="0" m="9289" /><D18/><U78/><E78/><V62/><F130/><W74/><G17/><T99/><D99/><N who="1" m="61567" /><E88/><V26/><F26/><W89/><G2/><T44/><D44/><U9/><E9/><AGARI ba="0,0" hai="9,13,16,50,54,56,90,93,96,100,102" m="9289" machi="9" ten="30,2000,0" yaku="8,1,54,1" doraHai="115" who="0" fromWho="1" sc="220,20,250,-20,250,0,280,0" /><INIT seed="2,0,0,0,1,66" ten="240,230,250,280" oya="2" hai0="104,22,80,120,69,20,119,61,131,102,59,127,25" hai1="94,121,28,78,27,12,5,55,95,0,107,57,40" hai2="14,35,105,65,39,7,71,91,83,29,101,41,16" hai3="2,116,19,45,33,60,84,76,96,24,6,43,134"/><V103/><F7/><W17/><G116/><T64/><D120/><U79/><E107/><V63/><F41/><W87/><G134/><T93/><D119/><U85/><E121/><V11/><F39/><W118/><G118/><T114/><D114/><U58/><E40/><V81/><F91/><W34/><G96/><T18/><D127/><U99/><E0/><V21/><F11/><W74/><G60/><T122/><D122/><U73/><E73/><V97/><F103/><W8/><G84/><T67/><D104/><U98/><E85/><V44/><F44/><W9/><G87/><T23/><D80/><U52/><E12/><V10/><F10/><W13/><G17/><T48/><D131/><U72/><E72/><V47/><F47/><W56/><G24/><AGARI ba="0,0" hai="14,16,21,24,29,35,63,65,71,81,83,97,101,105" machi="24" ten="40,12000,1" yaku="25,2,52,1,54,1" doraHai="66" who="2" fromWho="3" sc="240,0,230,0,250,120,280,-120" /><INIT seed="2,1,0,4,0,105" ten="240,230,370,160" oya="2" hai0="95,97,120,37,81,49,2,3,33,14,131,56,45" hai1="82,112,67,10,62,74,53,68,13,135,22,44,9" hai2="69,93,48,42,119,18,118,121,75,111,98,24,54" hai3="89,133,46,126,17,8,72,59,21,31,19,94,108"/><V38/><F69/><W79/><G126/><T103/><D33/><U34/><E112/><V52/><F121/><W132/><G108/><T77/><D120/><U76/><E34/><V51/><F38/><W130/><G130/><T12/><D131/><U106/><E106/><V57/><F42/><W32/><G32/><T58/><D37/><U11/><E135/><N who="3" m="51786" /><G46/><T128/><D128/><U36/><E22/><V125/><F125/><W6/><G59/><T5/><D12/><U115/><E115/><V41/><F41/><W109/><G31/><T47/><D47/><U27/><E27/><V0/><F0/><N who="3" m="71" /><G21/><T110/><D110/><U55/><REACH who="1" step="1"/><E13/><REACH who="1" ten="240,220,370,160" step="2"/><V113/><F111/><W16/><G109/><T96/><D3/><U101/><E101/><V99/><F113/><W86/><G17/><T29/><D2/><U100/><E100/><V35/><F35/><W7/><G7/><T78/><D103/><U123/><E123/><V122/><F122/><W20/><G20/><T61/><D14/><U129/><E129/><V87/><F18/><W85/><G85/><T102/><D5/><U73/><E73/><V23/><F75/><W60/><G60/><T30/><D61/><U63/><E63/><V65/><F87/><W25/><G25/><T1/><D1/><U117/><E117/><V92/><F119/><W127/><G127/><T88/><D102/><U107/><E107/><V28/><F118/><W104/><G104/><T40/><D30/><U50/><E50/><V90/><F51/><W15/><G15/><T80/><D49/><U114/><E114/><V84/><F48/><RYUUKYOKU ba="1,1" sc="240,-15,220,15,370,-15,160,15" hai1="9,10,11,36,44,53,55,62,67,68,74,76,82" hai3="16,19,72,79,86,89,94" /><INIT seed="3,2,1,1,5,78" ten="225,235,355,175" oya="3" hai0="76,75,95,72,128,108,89,135,9,82,134,60,1" hai1="54,80,16,6,112,127,11,129,44,87,21,56,7" hai2="64,38,12,2,15,13,109,18,113,115,99,125,126" hai3="39,42,28,114,117,3,74,71,31,132,34,55,96"/><W121/><RYUUKYOKU type="yao9" ba="2,1" sc="225,0,235,0,355,0,175,0" hai3="3,28,31,34,39,42,55,71,74,96,114,117,121,132" /><INIT seed="3,3,1,5,3,69" ten="225,235,355,175" oya="3" hai0="53,41,62,120,98,29,33,2,105,12,49,72,76" hai1="25,133,4,80,99,36,60,39,37,75,74,88,6" hai2="70,121,85,89,109,131,97,78,31,104,118,30,125" hai3="124,64,123,92,63,16,65,15,47,95,107,21,57"/><W40/><G123/><T81/><D2/><U100/><E60/><V67/><F118/><W93/><G107/><T44/><D120/><U59/><E59/><V117/><F117/><W128/><G128/><T38/><D62/><U8/><E133/><V110/><F67/><W55/><REACH who="3" step="1"/><G124/><REACH who="3" ten="225,235,355,165" step="2"/><T23/><D105/><U48/><E6/><V79/><F125/><W46/><G46/><T3/><D3/><U82/><E25/><V83/><F131/><W5/><G5/><T96/><D33/><U129/><E129/><V102/><F121/><W56/><G56/><T119/><D119/><U18/><E18/><V50/><F70/><W114/><G114/><T27/><D12/><U35/><E35/><V52/><F30/><W73/><G73/><T42/><D42/><U108/><E75/><V14/><F14/><W115/><G115/><T101/><D101/><U77/><E100/><V61/><F31/><W43/><G43/><T7/><D7/><U34/><E34/><V122/><F122/><W51/><AGARI ba="3,2" hai="15,16,21,40,47,51,55,57,63,64,65,92,93,95" machi="51" ten="30,11700,0" yaku="1,1,0,1,8,1,54,1,53,0" doraHai="69" doraHaiUra="87" who="3" fromWho="3" sc="225,-42,235,-42,355,-42,165,146" /><INIT seed="3,4,0,3,3,56" ten="183,193,313,311" oya="3" hai0="13,34,106,116,86,19,68,7,119,66,24,83,135" hai1="21,36,88,70,17,104,0,82,122,49,8,85,54" hai2="28,29,124,59,67,84,77,96,112,123,33,100,47" hai3="71,132,76,23,114,16,102,64,1,94,26,4,58"/><W14/><G114/><T48/><D106/><U129/><E70/><V131/><F112/><W101/><G71/><T130/><D7/><U5/><E36/><V45/><F131/><W9/><G132/><T12/><D130/><U15/><E129/><V37/><F124/><W89/><G76/><T25/><D135/><U99/><E122/><V31/><F33/><W108/><G108/><T93/><D93/><U60/><E104/><V51/><F37/><W50/><G1/><T2/><D2/><U127/><E99/><V120/><F84/><W115/><G115/><T11/><D66/><U92/><E127/><V126/><F77/><W62/><G50/><T44/><D68/><U80/><REACH who="1" step="1"/><E60/><REACH who="1" ten="183,183,313,311" step="2"/><N who="2" m="38303" /><F126/><W128/><G128/><T42/><D119/><U72/><E72/><V6/><F51/><W74/><G74/><T10/><D116/><U3/><E3/><V134/><F134/><W105/><G105/><T55/><D34/><U73/><E73/><V91/><F123/><W98/><AGARI ba="4,1" hai="4,9,14,16,23,26,58,62,64,89,94,98,101,102" machi="98" ten="20,12000,1" yaku="0,1,7,1,8,1,52,1,54,1" doraHai="56" who="3" fromWho="3" sc="183,-44,183,-44,313,-44,311,142" /><INIT seed="3,5,0,2,1,116" ten="139,139,269,453" oya="3" hai0="30,39,135,67,102,125,132,1,17,4,22,34,19" hai1="103,119,115,105,56,127,80,6,27,83,60,44,14" hai2="55,8,126,11,88,24,41,108,123,32,120,13,62" hai3="0,129,61,131,77,75,89,53,42,69,70,121,59"/><W110/><G0/><T92/><D39/><U113/><E119/><V18/><F108/><W97/><G75/><T104/><D104/><U5/><E127/><V78/><F78/><W2/><G77/><T43/><D43/><U87/><E83/><V20/><F126/><W124/><G2/><T28/><D67/><U73/><E73/><V109/><F109/><W122/><G124/><T31/><D125/><U57/><E44/><V29/><F41/><W91/><G42/><T64/><D64/><U76/><E57/><N who="2" m="35135" /><F88/><N who="3" m="33867" /><G97/><T79/><D79/><U58/><E56/><V93/><F93/><W72/><G72/><T7/><D92/><U12/><E27/><V101/><F101/><W65/><G110/><T45/><D45/><U128/><E128/><N who="3" m="49226" /><G70/><T26/><D102/><U81/><E81/><V48/><F48/><AGARI ba="5,0" hai="48,53,59,61,65,69,121,122" m="49226,33867" machi="48" ten="30,11600,0" yaku="19,1,52,2,54,1" doraHai="116" who="3" fromWho="2" sc="139,0,139,0,269,-131,453,131" /><INIT seed="3,6,0,0,0,71" ten="139,139,138,584" oya="3" hai0="46,121,53,56,106,82,102,59,70,5,63,93,108" hai1="43,38,47,114,96,18,62,54,30,78,69,48,58" hai2="61,29,68,2,123,83,91,39,109,131,66,19,97" hai3="52,21,6,24,104,37,50,80,134,74,14,10,67"/><W76/><G37/><T55/><D106/><U15/><E114/><V101/><F2/><W133/><G104/><T119/><D121/><U7/><E7/><V92/><F123/><W23/><G67/><T17/><D119/><U33/><E78/><V79/><F109/><W129/><G129/><T64/><D5/><U118/><E118/><V126/><F126/><W49/><G49/><T89/><D108/><U120/><E120/><V88/><F29/><W26/><G26/><T107/><D107/><U90/><E33/><V122/><F122/><W85/><G74/><T72/><D102/><U32/><E30/><V41/><F131/><W13/><G13/><T27/><D82/><U9/><E32/><V135/><F135/><N who="3" m="51723" /><G24/><T99/><D72/><U45/><E96/><V20/><F39/><W100/><G100/><T110/><D110/><U86/><E69/><V1/><F1/><W16/><G6/><T36/><D70/><U125/><E125/><V130/><F41/><W40/><G40/><T128/><D128/><U105/><E105/><V116/><F130/><W8/><G8/><T4/><D4/><U51/><REACH who="1" step="1"/><E45/><AGARI ba="6,0" hai="10,14,16,21,23,45,50,52,76,80,85" m="51723" machi="45" ten="30,5800,0" yaku="20,1,54,2" doraHai="71" who="3" fromWho="1" sc="139,0,139,-76,138,0,584,76" /><INIT seed="3,7,0,4,1,90" ten="139,63,138,660" oya="3" hai0="82,8,105,49,31,65,21,39,17,55,67,57,50" hai1="83,41,13,128,133,12,88,123,9,47,38,93,0" hai2="107,62,25,119,131,18,32,129,61,10,4,78,76" hai3="64,89,56,54,30,103,7,98,45,114,46,69,102"/><W43/><G114/><T115/><D105/><U81/><E123/><V29/><F107/><W3/><G69/><T11/><D39/><U15/><E133/><V28/><F18/><W121/><G64/><N who="0" m="24651" /><D31/><U95/><E128/><N who="2" m="49227" /><F29/><W66/><G46/><T36/><D36/><U77/><E83/><V16/><F119/><W117/><G89/><T97/><D115/><U124/><E124/><V26/><F26/><W52/><G66/><T111/><D111/><U27/><E27/><V75/><F75/><W1/><G98/><T100/><D82/><U96/><E0/><N who="2" m="263" /><F16/><W74/><G30/><T85/><D85/><U6/><REACH who="1" step="1"/><E95/><REACH who="1" ten="139,53,138,660" step="2"/><V122/><F122/><W118/><G121/><T104/><D104/><U92/><E92/><V135/><F135/><W110/><G110/><T5/><D5/><U37/><E37/><V126/><F126/><W42/><G7/><T59/><D97/><U48/><E48/><V40/><F62/><W130/><G130/><T86/><D100/><U84/><AGARI ba="7,1" hai="6,9,12,13,15,38,41,47,77,81,84,88,93,96" machi="84" ten="20,8000,1" yaku="1,1,0,1,7,1,52,1,54,1,53,0" doraHai="90" doraHaiUra="112" who="1" fromWho="1" sc="139,-27,53,111,138,-27,660,-47" /><INIT seed="4,0,0,0,0,72" ten="112,164,111,613" oya="0" hai0="31,5,97,69,71,111,68,28,93,134,47,77,30" hai1="2,44,133,123,29,130,39,46,27,128,66,8,9" hai2="120,64,10,42,65,113,86,95,22,26,50,94,84" hai3="98,54,79,32,38,23,25,76,91,108,12,100,124"/><T17/><D5/><U125/><E123/><V82/><F120/><W80/><G108/><T81/><D111/><U36/><E125/><V126/><F126/><W115/><G124/><T70/><N who="0" m="17920" /><DORA hai="103" /><T83/><D134/><U129/><E66/><V41/><F10/><N who="1" m="4201" /><E2/><V92/><F113/><W15/><G38/><N who="1" m="14378" /><E133/><V75/><F75/><W52/><G115/><T135/><D135/><U117/><E117/><V88/><F86/><N who="3" m="50631" /><G32/><AGARI ba="0,0" hai="27,29,32,44,46,128,129,130" m="14378,4201" machi="32" ten="40,1300,0" yaku="19,1" doraHai="72,103" who="1" fromWho="3" sc="112,0,164,13,111,0,613,-13" /><INIT seed="5,0,0,4,5,65" ten="112,177,111,600" oya="1" hai0="117,44,131,25,83,132,116,29,111,40,87,35,22" hai1="60,78,133,121,89,77,123,32,95,12,20,108,31" hai2="63,114,62,71,55,58,70,104,30,94,42,64,75" hai3="24,17,115,129,128,68,2,41,135,124,73,84,5"/><U3/><E3/><V112/><F104/><W38/><G68/><N who="2" m="26153" /><F75/><W59/><G73/><T86/><D111/><U49/><E133/><V33/><F94/><W37/><G59/><T9/><D132/><U127/><E127/><V26/><F42/><W98/><G41/><T6/><D86/><U51/><E108/><V102/><F102/><W119/><G84/><T57/><D57/><U99/><E60/><N who="2" m="35935" /><F64/><W118/><G98/><T93/><D93/><U126/><E126/><V79/><F79/><W105/><G17/><T120/><D35/><U21/><E32/><V45/><F45/><W50/><G24/><T96/><D96/><U80/><E123/><V85/><F85/><W28/><G28/><T125/><D120/><U11/><E121/><V13/><F13/><W39/><G5/><T54/><D54/><U92/><E95/><V110/><F110/><W43/><G105/><T16/><D29/><U88/><E31/><V81/><F81/><W130/><G2/><T34/><D34/><U107/><E107/><V90/><F90/><W109/><G109/><T8/><D125/><U103/><E89/><V56/><F56/><W82/><G82/><T47/><D47/><U18/><E103/><V66/><F66/><W76/><G76/><N who="1" m="29290" /><E80/><V0/><F0/><W91/><G91/><N who="0" m="51711" /><D116/><N who="3" m="44585" /><G124/><T97/><D97/><U72/><E72/><V14/><F14/><W52/><G135/><T46/><D117/><U10/><E11/><V53/><F53/><W69/><G69/><T23/><D8/><U113/><E10/><V27/><F27/><W15/><G43/><T122/><D40/><RYUUKYOKU ba="0,0" sc="112,-10,177,-10,111,30,600,-10" hai2="26,30,33,62,63,112,114" /><INIT seed="6,1,0,2,5,70" ten="102,167,141,590" oya="2" hai0="31,95,75,4,120,43,59,117,20,12,24,6,44" hai1="124,101,126,40,0,105,119,16,38,68,97,37,128" hai2="130,94,45,76,115,112,7,102,69,131,81,125,135" hai3="66,39,50,25,104,23,84,3,33,21,72,42,89"/><V91/><F69/><W22/><G39/><N who="1" m="14858" /><E68/><V108/><F45/><N who="3" m="25911" /><G3/><T99/><D75/><U132/><E119/><V111/><F7/><W98/><G72/><T52/><D117/><U87/><E0/><V26/><F26/><W62/><G33/><T53/><D53/><U27/><E40/><V107/><F102/><W55/><G104/><T71/><D71/><U93/><E128/><N who="2" m="49195" /><F107/><W103/><G66/><T122/><D122/><U86/><E105/><V35/><F35/><W127/><G127/><N who="1" m="48682" /><E132/><V121/><F125/><W49/><G62/><T60/><D12/><U1/><E1/><V54/><F54/><W133/><G98/><T92/><D92/><U77/><E77/><V80/><F121/><W29/><G103/><T28/><D28/><U36/><N who="1" m="14866" /><U110/><DORA hai="19" /><E110/><N who="2" m="42027" /><F135/><W64/><G64/><T46/><D120/><U10/><E27/><V2/><F2/><W34/><G34/><T32/><D32/><U100/><E101/><V73/><F81/><N who="3" m="49295" /><G133/><T83/><D83/><U51/><E51/><V9/><F9/><W41/><G41/><T82/><D82/><U15/><AGARI ba="1,0" hai="10,15,16,86,87,93,97,100" m="48682,14866" machi="15" ten="50,12000,2" yaku="18,1,52,4,54,1" doraHai="70,19" who="1" fromWho="1" sc="102,-31,167,123,141,-61,590,-31" /><INIT seed="7,0,0,3,4,53" ten="71,290,80,559" oya="3" hai0="122,76,117,83,35,33,23,15,18,132,9,125,75" hai1="41,8,78,48,84,46,47,68,11,51,124,113,16" hai2="66,38,135,74,0,45,17,61,98,25,52,42,36" hai3="20,67,22,86,55,64,93,12,6,39,26,88,126"/><W106/><G39/><T81/><D122/><U130/><E68/><V116/><F74/><W71/><G71/><T69/><D117/><U99/><E99/><V7/><F116/><W82/><G106/><T49/><D69/><U14/><E113/><V89/><F135/><W87/><G126/><T134/><D125/><U3/><E124/><V90/><F66/><W29/><G55/><T59/><D83/><U4/><E130/><V50/><F0/><W92/><G92/><T10/><D10/><U24/><E24/><V77/><F7/><W128/><G128/><T97/><D97/><U85/><REACH who="1" step="1"/><E78/><REACH who="1" ten="71,280,80,559" step="2"/><V79/><F77/><N who="3" m="46415" /><G22/><T96/><D96/><U72/><E72/><V57/><F79/><W43/><G43/><AGARI ba="0,1" hai="3,4,8,11,14,16,41,43,46,47,48,51,84,85" machi="43" ten="30,7700,0" yaku="1,1,7,1,9,1,54,1,53,0" doraHai="53" doraHaiUra="104" who="1" fromWho="3" sc="71,0,280,87,80,0,559,-77" owari="71,-43.0,367,17.0,80,-32.0,482,58.0" /></mjloggm>