<mjloggm ver="2.3"><GO type="97" lobby="0"/><UN n0="%E3%81%AC%E3%82%8B%E3%82%8A%E3%82%93%E3%81%93" n1="%E3%82%89%E3%82%8A%E3%81%8F%E3%81%BE" n2="%E2%97%86%E3%82%82%E3%81%86%E3%82%89%E2%97%86" n3="%E5%B0%B1%E6%B4%BB%E7%94%9F%40%E5%B7%9D%E6%9D%91%E8%BB%8D%E5%9B%A3" dan="16,15,14,15" rate="2105.28,2018.57,1919.49,1950.55" sx="F,M,M,M"/><TAIKYOKU oya="0"/><INIT seed="0,0,0,1,3,119" ten="250,250,250,250" oya="0" hai0="113,20,99,59,97,83,105,110,30,131,3,7,65" hai1="79,15,68,132,38,53,26,114,16,117,124,21,32" hai2="70,129,5,93,55,89,84,107,103,96,31,10,92" hai3="41,40,6,28,120,81,56,60,123,22,118,128,36"/><T125/><D113/><U66/><E117/><V88/><F129/><W73/><G118/><T11/><D131/><U63/><E38/><V50/><F70/><W54/><G6/><T35/><D125/><U82/><E132/><V1/><F31/><W87/><G73/><T44/><D110/><U75/><E124/><V57/><REACH who="2" step="1"/><F89/><REACH who="2" ten="250,250,240,250" step="2"/><N who="3" m="51439" /><G128/><T115/><D115/><U18/><E114/><V64/><F64/><W134/><G134/><T101/><D65/><U102/><E102/><V95/><AGARI ba="0,1" hai="1,5,10,50,55,57,84,88,92,93,95,96,103,107" machi="95" ten="20,5200,0" yaku="1,1,0,1,7,1,54,1,53,0" doraHai="119" doraHaiUra="42" who="2" fromWho="2" sc="250,-26,250,-13,240,62,250,-13" /><INIT seed="1,0,0,4,1,122" ten="224,237,302,237" oya="1" hai0="85,109,93,135,87,60,29,99,19,39,81,52,119" hai1="0,70,75,14,65,80,117,113,78,58,8,38,55" hai2="108,118,133,46,31,90,28,88,7,53,62,121,17" hai3="44,127,126,18,12,95,91,48,69,34,25,106,103"/><U132/><E113/><V130/><F121/><W5/><G69/><T23/><D119/><U92/><E132/><V41/><F118/><W35/><G106/><T24/><D39/><U64/><E38/><V134/><F130/><W51/><G103/><T71/><D135/><U59/><E0/><V79/><F79/><W16/><G5/><T123/><D123/><U110/><E70/><V131/><F131/><W3/><G3/><T50/><D109/><U111/><E117/><V102/><F102/><W124/><G25/><T101/><D81/><U120/><E120/><V100/><F100/><W10/><G18/><T116/><D116/><U76/><E76/><V89/><F7/><W84/><REACH who="3" step="1"/><G51/><REACH who="3" ten="224,237,302,227" step="2"/><T6/><D6/><N who="1" m="3351" /><E92/><V49/><F134/><W114/><G114/><T94/><D94/><U125/><E125/><V61/><F133/><W128/><G128/><T56/><D71/><U2/><E2/><V37/><F17/><W72/><G72/><T54/><D19/><U22/><E22/><V27/><F31/><W67/><G67/><T107/><D107/><U32/><E32/><V45/><F62/><W9/><G9/><T26/><D24/><U104/><E104/><V98/><F61/><W57/><G57/><AGARI ba="0,1" hai="23,26,29,50,52,54,56,57,60,85,87,93,99,101" machi="57" ten="30,3900,0" yaku="7,1,8,1,54,1" doraHai="122" who="0" fromWho="3" sc="224,49,237,0,302,0,227,-39" /><INIT seed="2,0,0,2,4,10" ten="273,237,302,188" oya="2" hai0="124,27,78,97,9,49,95,36,43,92,40,93,15" hai1="135,37,117,87,114,91,2,134,85,77,57,50,32" hai2="66,28,133,62,47,75,79,0,84,74,110,21,118" hai3="38,120,33,94,23,60,53,5,129,68,115,56,45"/><V1/><F118/><W61/><G33/><T128/><D128/><U67/><E37/><V6/><F133/><W19/><G120/><T39/><D124/><U96/><E2/><V18/><F28/><W72/><G129/><T119/><D119/><U64/><E32/><V3/><F110/><W88/><G115/><T71/><D71/><U58/><E114/><V29/><F29/><W101/><G72/><T30/><D78/><U86/><E77/><V59/><F6/><W17/><G101/><T20/><D97/><U132/><E117/><V41/><F84/><W111/><G111/><T82/><D82/><U105/><E105/><V13/><REACH who="2" step="1"/><F79/><REACH who="2" ten="273,237,292,188" step="2"/><W126/><G5/><T55/><D39/><AGARI ba="0,1" hai="0,1,3,13,18,21,39,41,47,59,62,66,74,75" machi="39" ten="40,7700,0" yaku="1,1,2,1,52,1,53,0" doraHai="10" doraHaiUra="108" who="2" fromWho="0" sc="273,-77,237,0,292,87,188,0" /><INIT seed="2,1,0,0,5,30" ten="196,237,379,188" oya="2" hai0="112,126,43,31,40,68,7,36,22,52,120,92,55" hai1="44,57,122,0,19,24,94,98,67,75,85,130,78" hai2="37,74,106,101,77,125,104,23,21,66,47,39,132" hai3="53,6,95,51,124,118,8,17,60,61,102,18,131"/><V134/><F125/><W29/><G118/><T89/><D120/><U64/><E0/><V54/><F66/><W110/><G124/><T135/><D112/><U20/><E75/><V123/><F123/><W129/><G110/><T115/><D115/><U72/><E72/><V116/><F116/><W99/><G29/><T79/><D68/><U38/><E130/><V10/><F77/><W49/><G49/><T65/><D126/><U127/><E122/><V1/><F74/><W107/><G107/><T109/><D109/><U63/><E38/><V42/><F39/><W12/><G129/><T25/><D135/><N who="2" m="51754" /><F54/><N who="0" m="20522" /><D36/><U11/><E11/><V14/><F1/><W76/><G76/><T103/><D79/><U41/><E127/><V45/><F45/><W9/><G131/><T93/><D7/><U3/><E3/><V96/><F106/><W34/><G34/><T82/><D65/><U56/><E44/><V80/><F80/><W121/><G121/><T87/><D82/><N who="1" m="47319" /><E41/><V73/><F73/><W58/><REACH who="3" step="1"/><G9/><REACH who="3" ten="196,237,379,178" step="2"/><T83/><D83/><U48/><E48/><V69/><F10/><W5/><G5/><T70/><D70/><U111/><E111/><V50/><F69/><W100/><G100/><T13/><D13/><U81/><E81/><V2/><F37/><W26/><G26/><T117/><D117/><U90/><E63/><AGARI ba="1,1" hai="6,8,12,17,18,51,53,58,60,61,63,95,99,102" machi="63" ten="40,2600,0" yaku="1,1,8,1,53,0" doraHai="30" doraHaiUra="108" who="3" fromWho="1" sc="196,0,237,-29,379,0,178,39" /><INIT seed="3,0,0,5,1,25" ten="196,208,379,217" oya="3" hai0="72,88,131,53,98,9,85,112,17,55,35,133,89" hai1="126,38,74,63,21,97,135,18,11,134,110,103,58" hai2="51,52,121,70,91,95,87,16,36,76,40,128,108" hai3="48,24,32,3,5,7,43,13,90,104,41,129,31"/><W101/><G3/><T28/><D72/><U0/><E38/><V78/><F121/><W23/><G129/><T64/><D131/><U123/><E74/><V132/><F128/><W124/><G124/><T68/><D133/><N who="1" m="50699" /><E123/><V61/><F70/><W86/><G101/><T93/><D112/><U96/><E126/><V69/><F69/><W73/><G73/><T92/><D35/><U109/><E0/><V66/><F66/><W22/><G104/><T42/><D42/><N who="3" m="15881" /><G48/><T71/><D28/><U34/><E11/><V115/><F115/><W79/><G79/><T120/><D120/><U47/><E47/><V113/><F76/><W106/><G32/><T6/><D17/><U84/><E84/><V10/><F78/><W102/><G102/><T125/><D125/><U82/><E82/><V62/><F113/><W8/><G23/><T33/><D33/><U60/><E34/><V39/><F132/><W46/><G46/><T111/><D111/><N who="1" m="42507" /><E58/><V37/><F108/><W2/><G106/><T1/><REACH who="0" step="1"/><D71/><REACH who="0" ten="186,208,379,217" step="2"/><U65/><E65/><V77/><F39/><W114/><G114/><T122/><D122/><U83/><E83/><V56/><F36/><W99/><G2/><T119/><D119/><U49/><E49/><V12/><F37/><W130/><G130/><T80/><D80/><U26/><E97/><V50/><F40/><W54/><G99/><T44/><D44/><U57/><E57/><V19/><F51/><W4/><G54/><T45/><D45/><U117/><E117/><V59/><F59/><W118/><G118/><T29/><D29/><U14/><E14/><RYUUKYOKU ba="0,1" sc="186,10,208,10,379,-30,217,10" hai0="1,6,9,53,55,64,68,85,88,89,92,93,98" hai1="18,21,26,60,63,96,103" hai3="4,5,7,8,13,22,24,31,86,90" /><INIT seed="3,1,1,3,1,75" ten="196,218,349,227" oya="3" hai0="116,22,78,101,40,29,94,23,83,67,15,88,31" hai1="124,80,32,117,52,99,108,82,107,24,8,109,56" hai2="85,104,48,18,13,63,91,133,132,45,92,14,100" hai3="131,77,36,53,121,65,21,39,25,103,38,62,46"/><W11/><G121/><T6/><D116/><U43/><E117/><V66/><F100/><W93/><G131/><T79/><D101/><N who="1" m="62911" /><E43/><V7/><F104/><W41/><G53/><T44/><D67/><U98/><E98/><V95/><F95/><W16/><G77/><N who="0" m="29195" /><D83/><U35/><E8/><V17/><F7/><W120/><G120/><T123/><D123/><U115/><E115/><V0/><F0/><W125/><G125/><T33/><D33/><N who="1" m="12875" /><E24/><V2/><F2/><W114/><G114/><T50/><D6/><U70/><E70/><V106/><F106/><W64/><G11/><T26/><D15/><U86/><E86/><V68/><F13/><W59/><REACH who="3" step="1"/><G65/><REACH who="3" ten="196,218,349,217" step="2"/><T58/><D58/><U89/><E124/><V3/><F66/><W127/><G127/><T4/><D4/><U69/><E69/><V118/><F68/><W73/><G73/><T37/><D37/><U105/><E109/><V12/><F118/><W90/><G90/><T71/><D71/><U20/><E108/><V110/><F91/><W130/><G130/><T57/><D57/><U9/><E89/><V19/><F110/><W30/><G30/><N who="0" m="17751" /><D23/><U42/><E20/><V122/><F122/><W126/><G126/><T113/><D113/><U49/><E9/><V47/><F14/><W10/><G10/><T112/><D112/><U27/><E27/><V5/><F12/><W96/><AGARI ba="1,2" hai="16,21,25,36,38,39,41,46,59,62,64,93,96,103" machi="96" ten="30,6000,0" yaku="1,1,0,1,54,1,53,0" doraHai="75" doraHaiUra="119" who="3" fromWho="3" sc="196,-21,218,-21,349,-21,217,83" /><INIT seed="3,2,0,3,3,70" ten="175,197,328,300" oya="3" hai0="74,105,40,42,11,113,65,48,88,117,5,54,114" hai1="85,72,36,77,135,2,58,27,30,39,127,83,115" hai2="96,19,3,67,33,0,79,53,129,59,132,57,93" hai3="60,91,133,112,87,17,50,10,100,76,69,64,78"/><W121/><G112/><N who="0" m="43115" /><D117/><U61/><E115/><V24/><F132/><W32/><G121/><T29/><D105/><U23/><E135/><V21/><F129/><W108/><G133/><T73/><D74/><U110/><E110/><V130/><F130/><W35/><G108/><T1/><D73/><U75/><E127/><V89/><F33/><W20/><G100/><T71/><D29/><U47/><E2/><V18/><F79/><W84/><G10/><T122/><D122/><U118/><E118/><V95/><F19/><W55/><G35/><T8/><D8/><U12/><E75/><V28/><F28/><W128/><G32/><T120/><D120/><U34/><E72/><V111/><F111/><W116/><G116/><T131/><D131/><U80/><E80/><V13/><F13/><W98/><G98/><T104/><D65/><U123/><E123/><V7/><F7/><W92/><G87/><T15/><D71/><U109/><E109/><V4/><F4/><W56/><REACH who="3" step="1"/><G128/><REACH who="3" ten="175,197,328,290" step="2"/><T52/><D104/><U62/><E34/><V66/><F0/><W101/><G101/><T107/><D107/><U49/><E12/><AGARI ba="2,1" hai="12,17,20,50,55,56,60,64,69,76,78,84,91,92" machi="12" ten="30,12000,1" yaku="1,1,7,1,25,2,53,1" doraHai="70" doraHaiUra="9" who="3" fromWho="1" sc="175,0,197,-126,328,0,290,136" owari="175,-22.0,71,-43.0,328,13.0,426,52.0" /></mjloggm>