<mjloggm ver="2.3"><GO type="41" lobby="0"/><UN n0="%52%75%73%73%69%61%6E" n1="%6D%69%6F%64%61%7A%65" n2="%E5%B0%B1%E6%B4%BB%E7%94%9F%40%E5%B7%9D%E6%9D%91%E8%BB%8D%E5%9B%A3" n3="%E7%8B%A9%2D%67%61%72%69%2D" dan="13,13,15,15" rate="1888.79,1888.17,2019.31,1943.43" sx="M,F,M,F"/><TAIKYOKU oya="0"/><INIT seed="0,0,0,2,4,121" ten="250,250,250,250" oya="0" hai0="135,51,94,2,128,88,23,92,99,66,45,82,48" hai1="31,50,77,80,14,37,42,131,132,8,0,19,103" hai2="38,36,27,76,6,47,33,112,96,115,83,69,55" hai3="109,84,30,12,95,106,71,73,52,7,68,111,57"/><T40/><D2/><U21/><E132/><V5/><F69/><W72/><G106/><T133/><D128/><U35/><E131/><V29/><F38/><W118/><G118/><T125/><D125/><U39/><E103/><V122/><F122/><W43/><G43/><T129/><D129/><U41/><E41/><V85/><F112/><W70/><G30/><T28/><D66/><U123/><E123/><V62/><F115/><W17/><G7/><T53/><D82/><U1/><E1/><V58/><F36/><W87/><G95/><T24/><REACH who="0" step="1"/><D94/><REACH who="0" ten="240,250,250,250" step="2"/><U56/><E0/><V22/><F33/><W81/><G81/><T26/><D26/><U130/><E130/><V97/><F47/><AGARI ba="0,1" hai="23,24,28,40,45,47,48,51,53,88,92,99,133,135" machi="47" ten="40,3900,0" yaku="1,1,54,1,53,0" doraHai="121" doraHaiUra="134" who="0" fromWho="2" sc="240,49,250,0,250,-39,250,0" /><INIT seed="0,1,0,5,3,85" ten="289,250,211,250" oya="0" hai0="61,104,86,32,66,74,57,11,109,36,83,88,96" hai1="4,6,25,127,39,115,89,40,69,49,59,15,46" hai2="21,10,100,102,31,62,98,73,68,3,93,78,48" hai3="113,47,121,12,124,97,53,7,84,19,131,106,37"/><T90/><D32/><U34/><E69/><V112/><F112/><W13/><G113/><T133/><D36/><U58/><E115/><V51/><F73/><W76/><G131/><T75/><D109/><U50/><E127/><V80/><F102/><W20/><G124/><T119/><D119/><U8/><E34/><V87/><F68/><W114/><G114/><T54/><D133/><U64/><E25/><V99/><F99/><W101/><G121/><T60/><D11/><U38/><E4/><V29/><F62/><W17/><G7/><T0/><D0/><U82/><E39/><V123/><F123/><W129/><G129/><T107/><D107/><U1/><E1/><V128/><F128/><W120/><G120/><T95/><D104/><U41/><E38/><V70/><F70/><AGARI ba="1,0" hai="54,57,60,61,66,70,74,75,83,86,88,90,95,96" machi="70" ten="30,11600,0" yaku="7,1,52,2,54,1" doraHai="85" who="0" fromWho="2" sc="289,119,250,0,211,-119,250,0" /><INIT seed="0,2,0,4,2,70" ten="408,250,92,250" oya="0" hai0="38,71,107,65,88,123,49,96,125,0,62,103,126" hai1="73,68,74,130,26,75,67,90,115,41,64,6,25" hai2="22,76,91,89,69,121,46,79,132,4,99,11,33" hai3="87,21,52,110,15,118,129,127,19,97,100,109,128"/><T104/><D0/><U28/><E130/><N who="3" m="50282" /><G118/><T117/><D117/><U106/><E106/><V101/><F33/><W14/><G127/><N who="0" m="48651" /><D123/><U82/><E115/><V131/><F121/><W72/><G72/><T77/><D77/><U102/><E102/><V12/><F132/><W7/><G87/><T122/><D122/><U83/><E6/><V84/><F69/><W57/><G7/><T85/><D107/><U93/><E41/><V135/><F131/><W13/><G97/><T54/><D49/><U45/><E45/><V92/><F135/><W124/><G100/><T48/><D48/><U60/><E67/><V2/><F91/><W5/><G5/><T3/><D54/><U18/><E18/><V113/><F113/><W111/><G124/><T35/><D3/><U55/><E55/><V1/><F1/><W29/><G29/><T39/><D35/><U47/><E47/><V105/><F2/><W86/><G86/><T44/><D44/><U43/><E43/><V53/><F22/><W56/><G56/><T58/><D58/><U31/><E25/><V66/><F66/><W78/><G78/><T24/><D24/><U17/><E17/><V116/><F116/><W20/><G19/><T10/><D10/><U9/><E9/><V23/><F23/><W27/><G27/><T51/><D51/><AGARI ba="2,0" hai="13,14,15,20,21,51,52,57,109,110,111" m="50282" machi="51" ten="40,5200,0" yaku="14,1,19,1,54,1" doraHai="70" who="3" fromWho="0" sc="408,-58,250,0,92,0,250,58" /><INIT seed="1,0,0,2,0,45" ten="350,250,92,308" oya="1" hai0="105,64,32,84,92,20,11,123,78,94,129,23,66" hai1="37,55,29,101,4,42,91,82,13,39,126,12,70" hai2="49,7,38,8,108,61,117,53,76,114,80,79,107" hai3="113,75,86,27,104,109,106,134,103,133,28,14,90"/><U112/><E112/><V56/><F108/><W22/><G113/><T96/><D105/><U131/><E70/><V3/><F117/><W58/><G75/><T24/><D123/><U17/><E29/><V100/><F114/><W34/><G109/><T15/><D129/><U44/><E101/><V122/><F122/><W120/><G120/><T0/><D0/><U16/><E131/><V48/><F38/><W59/><G34/><T98/><D32/><U50/><E126/><V74/><REACH who="2" step="1"/><F79/><REACH who="2" ten="350,250,82,308" step="2"/><W41/><G133/><T118/><D78/><U47/><E39/><V36/><F36/><W97/><G134/><T87/><D118/><U26/><E26/><V116/><F116/><W65/><G27/><T102/><D24/><U31/><E31/><V18/><F18/><W83/><G28/><T60/><D60/><U68/><E68/><V115/><F115/><W10/><G106/><T69/><D69/><U93/><E82/><V35/><F35/><W62/><G104/><T119/><D119/><U5/><E17/><V125/><F125/><W72/><G62/><T135/><D135/><U21/><E13/><V81/><F81/><W85/><G83/><T121/><D121/><U1/><E1/><V2/><F2/><W51/><G14/><T73/><D102/><U110/><E110/><V89/><F89/><W95/><G90/><T6/><D15/><U128/><E128/><V63/><F63/><W71/><G103/><T99/><D6/><U67/><E67/><V130/><F130/><W43/><G65/><T132/><D64/><U111/><E111/><V25/><F25/><RYUUKYOKU ba="0,1" sc="350,-15,250,15,82,15,308,-15" hai1="4,5,12,16,21,37,42,44,47,50,55,91,93" hai2="3,7,8,48,49,53,56,61,74,76,80,100,107" /><INIT seed="1,1,1,5,1,39" ten="335,265,97,293" oya="1" hai0="79,32,14,55,41,3,106,116,26,29,37,23,8" hai1="60,135,127,10,114,117,65,13,27,109,77,132,95" hai2="75,102,96,104,24,110,51,112,25,129,61,63,43" hai3="16,93,31,101,99,76,18,22,107,30,1,49,62"/><U71/><E114/><V94/><F75/><W33/><G1/><T48/><D116/><U2/><E117/><V88/><F110/><W89/><G76/><T15/><D106/><U54/><E2/><V4/><F129/><W111/><G111/><T58/><D79/><U92/><E109/><V47/><F112/><W67/><G49/><T45/><REACH who="0" step="1"/><D32/><REACH who="0" ten="325,265,97,293" step="2"/><U59/><E127/><V121/><F121/><W125/><G33/><T90/><D90/><U108/><E77/><V21/><F4/><AGARI ba="1,2" hai="3,4,8,14,15,23,26,29,37,41,45,48,55,58" machi="4" ten="40,2600,0" yaku="1,1,52,1,53,0" doraHai="39" doraHaiUra="103" who="0" fromWho="2" sc="325,49,265,0,97,-29,293,0" /><INIT seed="2,0,0,0,1,29" ten="374,265,68,293" oya="2" hai0="72,95,93,3,16,127,103,45,119,17,121,10,114" hai1="13,135,128,73,20,38,54,116,42,37,36,40,68" hai2="25,15,85,41,109,90,87,9,58,12,126,96,106" hai3="82,57,110,107,71,130,7,120,49,89,8,84,101"/><V1/><F126/><W94/><G71/><T104/><D121/><U105/><E73/><V11/><F1/><W108/><G120/><T78/><D114/><U5/><E105/><V102/><F109/><N who="3" m="42091" /><G130/><T43/><D127/><U97/><E68/><V46/><F25/><W65/><G107/><T117/><D78/><U111/><E116/><N who="0" m="44617" /><D72/><U19/><E111/><V22/><F58/><W32/><G32/><T69/><D69/><U92/><E135/><V70/><F70/><W61/><G49/><N who="0" m="26815" /><D104/><U18/><E128/><V67/><F67/><W76/><G101/><T124/><D124/><U80/><E80/><V118/><F118/><W100/><G100/><T51/><D51/><U86/><E86/><V125/><F125/><W53/><G94/><T23/><D23/><U0/><E54/><V35/><F35/><W132/><G132/><T123/><D123/><U55/><E55/><V134/><F134/><W112/><G112/><T77/><D77/><U14/><E5/><V83/><F85/><W39/><G39/><T75/><D75/><U113/><E0/><V74/><F74/><W129/><G129/><T91/><D103/><U115/><E115/><V88/><F90/><W4/><G4/><N who="0" m="1311" /><D95/><U66/><E66/><V28/><F28/><W60/><G65/><T122/><D122/><U62/><E62/><N who="3" m="24170" /><G89/><T79/><D79/><U131/><E131/><V33/><F33/><W64/><G64/><T48/><D48/><U99/><E113/><V81/><F81/><W34/><G34/><T24/><D24/><U52/><E37/><N who="2" m="21807" /><F22/><W26/><G82/><T21/><D21/><RYUUKYOKU ba="0,0" sc="374,15,265,-15,68,15,293,-15" hai0="16,17,91,93" hai2="9,11,12,15,83,87,88,96,102,106" /><INIT seed="2,1,0,1,3,65" ten="389,250,83,278" oya="2" hai0="88,116,43,67,21,14,38,17,22,122,125,108,33" hai1="74,92,127,84,0,70,25,105,124,3,63,56,44" hai2="113,73,10,120,34,133,110,102,68,16,2,93,61" hai3="53,101,64,45,135,100,112,69,121,82,86,13,90"/><V72/><F120/><W11/><G121/><T30/><D122/><U5/><E105/><V126/><F113/><W117/><G117/><T134/><D116/><U97/><E74/><V31/><F126/><N who="1" m="48169" /><E84/><V9/><F133/><W20/><G20/><T103/><D125/><U98/><E44/><V131/><F131/><W32/><G32/><T1/><D1/><N who="1" m="587" /><E5/><V109/><F34/><W51/><G135/><T40/><D134/><U91/><E25/><V59/><F31/><W107/><G107/><T35/><D38/><U23/><E23/><V128/><F128/><W7/><REACH who="3" step="1"/><G112/><REACH who="3" ten="389,250,83,268" step="2"/><T12/><D33/><U24/><E24/><V115/><F115/><W118/><G118/><T8/><D35/><U132/><E132/><V80/><F10/><W99/><G99/><T28/><D108/><U54/><E98/><V57/><F109/><W37/><G37/><T77/><D77/><U47/><E47/><V36/><F110/><W52/><G52/><T4/><D4/><U123/><E123/><V46/><F36/><W81/><G81/><T41/><D103/><U119/><E119/><V19/><F46/><W87/><G87/><T18/><D22/><U76/><E76/><V15/><F80/><W26/><G26/><T6/><D21/><U75/><E75/><V104/><F104/><W129/><G129/><T89/><D67/><U29/><E29/><V60/><F9/><W48/><G48/><T94/><D8/><U114/><E114/><V78/><F78/><W111/><G111/><T55/><D28/><U83/><E83/><V50/><F50/><W49/><G49/><RYUUKYOKU ba="1,1" sc="389,-15,250,15,83,-15,268,15" hai1="54,56,63,70,91,92,97" hai3="7,11,13,45,51,53,64,69,82,86,90,100,101" /><INIT seed="3,2,1,3,1,62" ten="374,265,68,283" oya="3" hai0="0,127,30,9,52,109,22,98,93,20,72,40,21" hai1="10,133,58,42,102,123,115,119,14,69,86,5,126" hai2="39,61,44,6,88,70,46,131,12,28,48,84,121" hai3="43,135,95,26,104,13,96,8,76,7,75,85,122"/><W19/><G122/><T31/><D72/><U99/><E115/><V36/><F131/><W77/><G104/><T128/><D128/><U111/><E123/><V103/><F121/><W18/><G75/><T38/><D38/><U92/><E111/><V108/><F108/><W50/><G135/><T59/><D40/><U4/><E133/><V54/><F28/><W51/><G26/><T25/><D109/><U63/><E69/><V90/><F103/><W112/><G112/><T113/><D0/><U64/><E126/><V114/><F114/><W17/><G43/><T60/><D9/><U82/><E119/><V124/><F124/><W41/><G41/><T74/><D113/><U2/><E42/><V68/><F90/><N who="3" m="55415" /><G85/><T23/><D74/><U55/><E2/><V27/><F46/><W16/><G17/><N who="0" m="12527" /><D127/><U33/><E33/><V73/><F27/><W116/><G116/><T134/><D134/><U3/><E3/><V118/><F73/><W81/><G81/><T67/><D67/><U66/><E4/><V34/><F34/><W11/><G11/><T29/><D29/><U15/><E15/><V120/><F120/><W1/><G1/><T45/><D45/><U32/><E32/><V129/><F118/><W57/><G57/><T132/><D132/><U94/><E94/><N who="2" m="54535" /><F129/><W35/><G35/><T49/><D60/><U24/><E24/><V56/><F70/><W79/><AGARI ba="2,1" hai="7,8,13,16,18,19,50,51,76,77,79" m="55415" machi="79" ten="30,3000,0" yaku="8,1,54,1" doraHai="62" who="3" fromWho="3" sc="374,-12,265,-12,68,-12,283,46" /><INIT seed="3,3,0,4,0,93" ten="362,253,56,329" oya="3" hai0="76,9,27,2,55,7,74,96,101,79,111,90,80" hai1="67,5,17,117,22,77,19,126,3,33,64,20,123" hai2="32,49,38,91,88,52,85,47,57,109,69,60,78" hai3="12,135,43,89,51,75,58,36,30,15,1,120,34"/><W81/><G1/><T108/><D27/><U37/><E123/><V70/><F109/><N who="0" m="42058" /><D55/><U132/><E37/><V14/><F32/><W23/><G34/><T73/><D90/><U68/><E33/><V31/><F31/><W115/><G89/><T10/><D10/><U102/><E68/><V63/><F78/><N who="0" m="29738" /><D80/><U0/><E77/><V84/><F69/><W48/><G81/><T26/><D26/><U104/><E104/><AGARI ba="3,0" hai="2,7,9,73,74,96,101,104" m="29738,42058" machi="104" ten="30,2000,0" yaku="14,1,52,1" doraHai="93" who="0" fromWho="1" sc="362,29,253,-29,56,0,329,0" /><INIT seed="4,0,0,2,2,36" ten="391,224,56,329" oya="0" hai0="30,47,77,97,27,38,90,42,33,51,21,58,39" hai1="22,135,54,45,59,128,24,0,60,67,49,134,61" hai2="10,112,83,99,35,2,52,48,17,113,107,19,127" hai3="63,64,82,73,100,26,119,57,81,76,116,109,132"/><T133/><D133/><U121/><E0/><V78/><F35/><W23/><G109/><T124/><D124/><U94/><E94/><V41/><F127/><W101/><G132/><N who="1" m="50730" /><E22/><V103/><F2/><W111/><G111/><T130/><D130/><U13/><E13/><V5/><F5/><W72/><G101/><T16/><D77/><U62/><E24/><V40/><F83/><W7/><G7/><T108/><D108/><U46/><E121/><V118/><F78/><W12/><G73/><T32/><D32/><U34/><E34/><V1/><F1/><W31/><G82/><T92/><REACH who="0" step="1"/><D58/><REACH who="0" ten="381,224,56,329" step="2"/><N who="1" m="37271" /><E128/><V74/><F74/><W43/><G72/><T125/><D125/><U114/><E114/><N who="2" m="44139" /><F118/><W86/><G76/><T91/><D91/><U75/><E75/><V102/><F102/><W9/><G100/><T6/><D6/><U70/><E70/><V120/><F120/><W25/><G116/><T68/><D68/><U84/><E84/><V69/><F69/><W104/><G86/><T87/><D87/><U20/><E20/><V96/><F96/><W89/><G23/><T115/><D115/><U8/><E8/><V131/><F131/><W98/><G9/><T4/><D4/><U55/><E45/><N who="2" m="27663" /><F17/><W80/><G98/><T3/><D3/><U53/><E46/><V56/><F56/><W95/><G57/><T15/><AGARI ba="0,1" hai="15,16,21,27,30,33,38,39,42,47,51,90,92,97" machi="15" ten="20,18000,2" yaku="1,1,0,1,7,1,52,1,54,1,53,1" doraHai="36" doraHaiUra="88" who="0" fromWho="0" sc="381,190,224,-60,56,-60,329,-60" owari="571,67.0,164,-24.0,-4,-50.0,269,7.0" /></mjloggm>