<mjloggm ver="2.3"><GO type="97" lobby="0"/><UN n0="%E3%81%98%E3%82%87%E3%82%93%E3%82%8D%E3%83%BC" n1="%73%65%72%65%6B%75%74%61" n2="%E5%B0%B1%E6%B4%BB%E7%94%9F%40%E5%B7%9D%E6%9D%91%E8%BB%8D%E5%9B%A3" n3="%E5%A4%B1%E6%95%97%E2%98%86" dan="15,14,14,14" rate="2028.56,1909.95,1999.17,1915.38" sx="M,M,M,M"/><TAIKYOKU oya="0"/><INIT seed="0,0,0,4,5,39" ten="250,250,250,250" oya="0" hai0="51,80,122,0,25,26,22,45,11,72,46,87,10" hai1="1,60,8,102,124,93,49,107,99,100,56,62,50" hai2="119,128,86,35,114,73,12,70,32,30,19,95,5" hai3="58,132,109,24,78,7,121,38,63,94,116,34,115"/><T92/><D122/><U21/><E124/><V79/><F70/><W120/><G94/><T82/><D0/><U54/><E62/><V85/><F73/><W106/><G78/><T98/><D72/><U67/><E21/><V47/><F119/><W112/><G7/><T13/><D11/><U117/><E117/><V52/><F114/><W96/><G24/><T61/><D61/><U37/><E37/><V68/><F68/><W126/><G96/><T131/><D131/><U36/><E36/><V9/><F128/><W64/><G106/><T44/><D82/><U88/><E50/><N who="2" m="28767" /><F30/><W48/><G34/><T77/><D25/><U3/><E8/><V55/><F32/><W84/><G84/><N who="2" m="32361" /><F35/><W134/><G38/><T127/><D127/><U81/><E81/><V4/><F79/><W104/><G104/><T43/><D22/><U103/><REACH who="1" step="1"/><E107/><REACH who="1" ten="250,240,250,250" step="2"/><V69/><F69/><AGARI ba="0,1" hai="1,3,49,54,56,60,67,69,88,93,99,100,102,103" machi="69" ten="40,8000,1" yaku="1,1,2,1,54,1,53,2" doraHai="39" doraHaiUra="33" who="1" fromWho="2" sc="250,0,240,90,250,-80,250,0" /><INIT seed="1,0,0,3,0,131" ten="250,330,170,250" oya="1" hai0="94,121,100,75,6,133,23,56,71,2,97,22,31" hai1="47,58,25,0,87,18,67,53,82,118,55,129,132" hai2="10,103,62,48,104,105,78,119,8,34,45,15,120" hai3="70,86,59,107,33,72,60,108,3,32,20,17,128"/><U28/><E118/><V26/><F119/><W117/><G86/><T74/><D71/><U41/><E0/><V38/><F120/><W102/><G59/><T51/><D121/><U81/><E81/><V40/><F78/><W93/><G93/><T88/><D2/><U92/><E92/><V5/><F62/><W35/><G102/><T89/><D6/><U112/><E112/><V39/><F10/><W24/><G117/><T127/><D23/><U83/><E83/><V130/><F130/><W77/><G77/><T106/><D51/><U65/><E18/><V11/><F11/><W110/><G60/><T14/><D14/><U16/><E16/><V135/><F135/><W19/><G70/><T99/><D56/><U113/><E132/><V76/><F76/><W46/><G46/><T61/><D61/><U1/><E1/><V42/><F103/><W134/><G107/><T125/><D22/><N who="1" m="15415" /><E129/><V66/><F66/><N who="1" m="25097" /><E58/><V90/><F90/><N who="0" m="34922" /><D31/><U98/><E98/><V64/><F64/><W84/><G72/><N who="0" m="27691" /><D133/><U115/><E55/><V91/><F91/><AGARI ba="0,0" hai="91,94,97,99,100,106,125,127" m="27691,34922" machi="91" ten="30,3900,0" yaku="34,2,54,1" doraHai="131" who="0" fromWho="2" sc="250,39,330,0,170,-39,250,0" /><INIT seed="2,0,0,5,0,21" ten="289,330,131,250" oya="2" hai0="84,41,125,63,6,126,117,80,90,115,52,85,105" hai1="13,73,8,17,27,51,48,66,3,97,109,29,46" hai2="36,94,7,119,112,12,57,86,23,121,1,34,49" hai3="122,25,114,100,98,54,47,60,75,40,127,99,10"/><V58/><F36/><W35/><G122/><T101/><D41/><U124/><E73/><V120/><F34/><W83/><G127/><N who="0" m="48651" /><D6/><U32/><E124/><V108/><F119/><W72/><G114/><T26/><D26/><U76/><E76/><V95/><F112/><W31/><G10/><T19/><D19/><U42/><E3/><V102/><F1/><W30/><G30/><T79/><D52/><U87/><E87/><V107/><F107/><W82/><G54/><T123/><D63/><U70/><E109/><V93/><F108/><W39/><G99/><N who="0" m="61631" /><D115/><U77/><E77/><V118/><F118/><W44/><G44/><T61/><D61/><U16/><E97/><V38/><F38/><W128/><G128/><T67/><D67/><U89/><E89/><V43/><F102/><W65/><G75/><T132/><D117/><U5/><E70/><V53/><F86/><W92/><G72/><T130/><D130/><U64/><E51/><V9/><F43/><W11/><G11/><T62/><D62/><U28/><E28/><V56/><REACH who="2" step="1"/><F23/><REACH who="2" ten="289,330,121,250" step="2"/><W4/><REACH who="3" step="1"/><G4/><REACH who="3" ten="289,330,121,240" step="2"/><T50/><D123/><AGARI ba="0,2" hai="7,9,12,49,53,56,57,58,93,94,95,120,121,123" machi="123" ten="40,3900,0" yaku="1,1,2,1,53,0" doraHai="21" doraHaiUra="69" who="2" fromWho="0" sc="289,-39,330,0,121,59,240,0" /><INIT seed="2,1,0,5,4,52" ten="250,330,180,240" oya="2" hai0="17,26,135,36,13,111,7,60,120,15,97,38,108" hai1="65,95,63,30,6,76,16,23,20,94,54,98,43" hai2="40,129,12,19,56,102,68,124,101,33,0,106,123" hai3="32,118,85,9,87,53,18,91,29,48,58,10,45"/><V41/><F123/><W113/><G118/><T89/><D120/><U31/><E6/><V77/><F68/><W14/><G113/><T11/><D135/><U25/><E43/><V128/><F0/><W28/><G32/><T73/><D73/><U133/><E133/><V66/><F33/><W67/><G10/><T134/><D134/><U72/><E72/><V115/><F115/><W59/><G87/><T110/><D26/><U88/><E76/><V44/><F124/><W46/><G46/><T64/><D89/><U37/><E37/><V112/><F77/><W3/><G3/><T125/><D97/><U105/><E105/><V42/><F112/><W127/><G127/><T132/><D132/><U47/><E95/><V51/><F106/><W27/><G27/><T79/><D79/><U81/><E81/><V55/><F102/><W114/><G114/><T71/><REACH who="0" step="1"/><D125/><REACH who="0" ten="240,330,180,240" step="2"/><U93/><E25/><V74/><F101/><W57/><G67/><T69/><D69/><U86/><E98/><V82/><F82/><AGARI ba="1,1" hai="9,14,18,28,29,45,48,53,57,58,59,82,85,91" machi="82" ten="40,12000,2" yaku="25,2,8,1,52,3" doraHai="52" who="3" fromWho="2" sc="240,0,330,0,180,-123,240,133" /><INIT seed="3,0,0,2,1,118" ten="240,330,57,373" oya="3" hai0="135,35,88,107,24,5,29,123,46,112,98,49,63" hai1="119,27,58,65,124,33,133,96,15,20,108,81,80" hai2="26,83,85,122,79,76,32,2,115,97,37,31,21" hai3="1,67,114,9,95,59,91,117,50,0,102,106,39"/><W78/><G39/><T113/><D5/><U101/><E119/><V30/><F115/><N who="0" m="44106" /><D63/><U71/><E71/><V44/><F79/><W127/><G117/><T55/><D107/><U60/><E108/><V51/><F37/><W14/><G127/><T110/><D110/><U82/><E124/><V99/><F2/><W28/><G28/><T52/><D55/><U17/><E133/><V6/><F32/><W68/><G114/><T25/><D25/><U45/><E45/><V47/><F47/><W10/><G68/><T111/><D111/><U7/><E33/><V77/><F77/><W48/><G78/><T66/><D66/><U125/><E125/><V18/><F97/><W132/><G132/><T86/><D98/><U121/><E121/><V87/><F99/><W34/><G34/><T43/><D43/><U105/><REACH who="1" step="1"/><E7/><REACH who="1" ten="240,320,57,373" step="2"/><V42/><F87/><W3/><G59/><T109/><D135/><U41/><E41/><V131/><F131/><W38/><G106/><T64/><D109/><U57/><E57/><V62/><F62/><W13/><G102/><T16/><D16/><U54/><E54/><V89/><F89/><W103/><G103/><T22/><D35/><U92/><E92/><V126/><F126/><W4/><G67/><T11/><D64/><U130/><E130/><V56/><F56/><W12/><G38/><T100/><D100/><U129/><E129/><V40/><F40/><W36/><G36/><T120/><D11/><N who="3" m="4105" /><G4/><T134/><D134/><U53/><E53/><V69/><F69/><W116/><G116/><T90/><D90/><U75/><E75/><RYUUKYOKU ba="0,1" sc="240,10,320,10,57,-30,373,10" hai0="22,24,29,46,49,52,86,88,120,123" hai1="15,17,20,27,58,60,65,80,81,82,96,101,105" hai3="0,1,3,12,13,14,48,50,91,95" owari="250,-15.0,330,13.0,27,-47.0,393,49.0" /></mjloggm>