<mjloggm ver="2.3"><GO type="97" lobby="0"/><UN n0="%E3%82%81%E3%82%8D%E3%82%93%E3%81%B1%E3%82%93" n1="%E6%97%A5%E5%87%BA%E6%9D%B1%E6%96%B9" n2="%E5%A4%A9%E6%8E%A9%E6%B5%81%E5%85%8D%E8%A8%B1%E7%9A%86%E4%BC%9D" n3="%E3%83%88%E3%83%88%E3%83%AA%E5%85%88%E7%94%9F%31%39%E6%AD%B3" dan="14,14,15,15" rate="1909.12,2168.64,2015.99,2052.38" sx="F,M,M,F"/><TAIKYOKU oya="0"/><INIT seed="0,0,0,5,2,121" ten="250,250,250,250" oya="0" hai0="123,1,42,52,22,102,122,131,96,21,99,51,73" hai1="93,16,72,14,60,128,71,56,82,97,49,126,90" hai2="109,54,57,117,47,105,29,28,134,78,5,13,89" hai3="24,12,65,130,23,91,75,76,55,124,79,58,33"/><T116/><D116/><U80/><E126/><V69/><F117/><W10/><G124/><T86/><D73/><U61/><E128/><V32/><F69/><W98/><G33/><T110/><D1/><U125/><E125/><V41/><F105/><W77/><G75/><T20/><D42/><U66/><E49/><V88/><F134/><W31/><G130/><T46/><D131/><U103/><E103/><V25/><F78/><W106/><G65/><T6/><D6/><U100/><E100/><V9/><F29/><W30/><G30/><T8/><D8/><U34/><E34/><V40/><F40/><W111/><G106/><T53/><D110/><U85/><E85/><V18/><F109/><W3/><G3/><T113/><D113/><U68/><E72/><V63/><REACH who="2" step="1"/><F5/><REACH who="2" ten="250,250,240,250" step="2"/><W48/><G111/><T50/><D122/><U112/><E112/><V94/><F94/><N who="3" m="56671" /><G77/><T135/><D123/><U15/><E71/><V44/><F44/><W0/><G79/><T115/><D115/><U27/><E68/><V17/><F17/><W59/><G76/><T35/><D135/><U127/><E127/><V70/><F70/><W11/><G59/><T45/><D35/><U38/><E16/><V129/><F129/><W39/><G58/><T119/><D119/><U132/><E56/><V64/><F64/><W101/><G31/><T37/><D46/><U120/><E66/><V36/><AGARI ba="0,1" hai="9,13,18,25,28,32,36,41,47,54,57,63,88,89" machi="36" ten="20,5200,0" yaku="1,1,0,1,7,1,54,1,53,0" doraHai="121" doraHaiUra="19" who="2" fromWho="2" sc="250,-26,250,-13,240,62,250,-13" /><INIT seed="1,0,0,4,0,68" ten="224,237,302,237" oya="1" hai0="131,79,56,95,43,100,29,72,102,111,107,3,69" hai1="86,117,93,61,65,64,23,31,75,88,89,74,35" hai2="119,70,26,108,78,34,116,36,55,25,28,49,39" hai3="129,58,1,38,98,103,12,115,19,46,134,133,125"/><U48/><E117/><V6/><F70/><W112/><G1/><T71/><D3/><U114/><E114/><V120/><F120/><W87/><G129/><T50/><D131/><U76/><E35/><V20/><F6/><W57/><G125/><T94/><D29/><U97/><E48/><V27/><F116/><W21/><G87/><T30/><D30/><U127/><E127/><V10/><F119/><W15/><G15/><T73/><D50/><U17/><E31/><V59/><F10/><W99/><G99/><T33/><D33/><U7/><E7/><V84/><F108/><W18/><G18/><T110/><D56/><N who="3" m="21609" /><G38/><T96/><D96/><U13/><E61/><V16/><REACH who="2" step="1"/><F25/><REACH who="2" ten="224,237,292,237" step="2"/><W41/><G112/><T85/><D69/><U81/><REACH who="1" step="1"/><E74/><REACH who="1" ten="224,227,292,237" step="2"/><V105/><F105/><W11/><G115/><T91/><D107/><U8/><E8/><V67/><F67/><W126/><G11/><T5/><D73/><U118/><E118/><V124/><F124/><W135/><G126/><T51/><D72/><U83/><AGARI ba="0,2" hai="13,17,23,64,65,75,76,81,83,86,88,89,93,97" machi="83" ten="20,7800,0" yaku="1,1,0,1,7,1,54,1,53,0" doraHai="68" doraHaiUra="130" who="1" fromWho="1" sc="224,-26,227,98,292,-26,237,-26" /><INIT seed="1,1,0,4,4,3" ten="198,325,266,211" oya="1" hai0="70,4,16,5,18,10,113,118,108,110,23,51,61" hai1="31,127,111,106,130,133,80,66,120,11,90,76,14" hai2="69,50,48,63,122,103,97,77,82,114,75,116,0" hai3="65,21,119,43,115,91,72,84,131,67,52,27,39"/><U87/><E106/><V79/><F122/><W81/><G115/><T117/><D113/><U41/><E120/><V22/><F114/><W121/><G121/><T92/><D51/><U129/><E111/><N who="0" m="42537" /><D92/><U53/><E127/><V33/><F33/><W128/><G119/><N who="0" m="45579" /><D61/><U36/><E133/><V44/><F116/><W93/><G72/><T1/><D70/><U2/><E31/><V94/><F63/><W112/><G112/><T29/><D4/><U125/><E66/><V37/><F69/><W9/><G93/><T54/><D54/><U6/><E125/><V64/><F64/><W134/><G134/><T12/><D1/><U109/><E53/><V124/><F0/><W42/><G65/><T78/><D78/><U105/><E105/><V102/><F79/><W56/><G67/><T15/><D29/><U98/><E109/><V25/><F124/><W88/><G91/><T132/><D18/><U126/><E126/><V35/><F35/><W99/><G42/><T68/><D68/><U46/><E98/><V32/><F32/><W101/><G43/><T19/><D19/><U24/><E2/><V86/><F75/><W96/><G39/><T20/><D132/><U30/><E76/><V7/><F37/><W38/><G38/><T83/><D83/><U107/><E107/><V26/><F77/><W58/><G99/><T49/><D49/><U59/><E59/><V100/><F50/><N who="3" m="30743" /><G58/><T17/><D17/><U74/><E74/><V104/><F104/><W73/><G73/><T45/><D45/><U57/><E57/><V135/><F135/><W13/><G96/><RYUUKYOKU ba="1,0" sc="198,15,325,15,266,-15,211,-15" hai0="5,10,12,15,16,20,23" hai1="6,11,14,24,30,36,41,46,80,87,90,129,130" /><INIT seed="1,2,0,0,0,4" ten="213,340,251,196" oya="1" hai0="17,107,51,39,105,135,121,86,69,131,25,79,124" hai1="13,112,31,101,90,3,111,7,122,92,108,46,66" hai2="78,18,128,99,20,37,30,119,49,85,82,77,72" hai3="64,48,50,84,65,59,52,115,53,24,76,47,5"/><U11/><E122/><V89/><F119/><W123/><G123/><T102/><D39/><U10/><E101/><V38/><F128/><W120/><G120/><T116/><D116/><U98/><E31/><V71/><F71/><W106/><G106/><T58/><D69/><U0/><E112/><V73/><F30/><W117/><G115/><T56/><D121/><U62/><E46/><V33/><F33/><W94/><G117/><T6/><D6/><U16/><REACH who="1" step="1"/><E3/><REACH who="1" ten="213,330,251,196" step="2"/><V35/><F35/><W21/><G47/><T57/><D102/><U55/><E55/><V40/><F40/><W45/><G64/><T54/><D54/><U74/><E74/><V22/><F73/><W36/><G65/><T32/><D32/><U114/><E114/><V43/><F43/><W75/><G75/><T113/><D113/><U80/><E80/><V8/><F82/><N who="3" m="47175" /><G53/><T19/><D131/><U81/><E81/><V134/><F72/><W103/><G45/><T95/><D105/><U133/><E133/><V87/><F134/><W1/><G103/><T110/><D107/><U27/><E27/><V29/><F29/><N who="3" m="17551" /><G94/><T42/><D95/><U104/><E104/><V9/><F38/><W100/><G100/><T96/><D135/><U23/><E23/><V63/><F22/><W2/><G2/><T68/><D124/><U129/><E129/><V130/><F130/><W88/><G36/><T61/><D42/><U15/><E15/><V14/><F14/><W118/><G118/><T109/><D25/><U83/><E83/><V12/><F37/><W26/><G1/><T132/><D132/><RYUUKYOKU ba="2,1" sc="213,-10,330,30,251,-10,196,-10" hai1="0,7,10,11,13,16,62,66,90,92,98,108,111" /><INIT seed="1,3,1,5,2,95" ten="203,360,241,186" oya="1" hai0="99,23,69,93,123,3,49,32,128,35,66,9,96" hai1="44,121,88,53,115,45,117,122,105,67,114,82,63" hai2="6,55,22,110,94,130,16,57,100,72,83,0,97" hai3="127,50,29,111,64,13,116,7,92,11,20,101,90"/><U59/><E105/><V4/><F110/><W12/><G111/><T43/><D128/><U51/><E88/><V37/><F37/><W25/><G127/><T54/><D43/><U21/><E82/><V58/><F130/><W33/><G116/><T107/><D123/><N who="1" m="47115" /><E21/><V10/><F6/><W24/><G64/><T41/><D41/><U36/><E117/><V15/><REACH who="2" step="1"/><F55/><REACH who="2" ten="203,360,231,186" step="2"/><W120/><G120/><T48/><D54/><U75/><E36/><V132/><F132/><W135/><G135/><T30/><D35/><U56/><E75/><V28/><F28/><W119/><G119/><T79/><D30/><U47/><AGARI ba="3,2" hai="44,45,47,51,53,56,59,63,67,114,115" m="47115" machi="47" ten="30,3000,0" yaku="34,2" doraHai="95" who="1" fromWho="1" sc="203,-13,360,59,231,-13,186,-13" /><INIT seed="1,4,0,5,5,114" ten="190,419,218,173" oya="1" hai0="8,10,4,104,53,117,131,45,3,46,81,2,96" hai1="43,80,70,17,15,134,107,112,57,20,36,1,24" hai2="44,64,56,35,28,32,11,110,76,89,66,88,37" hai3="67,50,48,47,16,29,23,92,127,126,5,116,0"/><U111/><E107/><V101/><F110/><W19/><G67/><T115/><D115/><U9/><E70/><V106/><F76/><W93/><G29/><T63/><D131/><U71/><E71/><V87/><F89/><W62/><G62/><T135/><D135/><U58/><E134/><V69/><F69/><W13/><G116/><T121/><D121/><U6/><E111/><V94/><F11/><N who="3" m="4335" /><G0/><T41/><D117/><U27/><E80/><V42/><F28/><W77/><G77/><T83/><D63/><U65/><E112/><V128/><F128/><W84/><G50/><T85/><D53/><U120/><E120/><V30/><F30/><W123/><G84/><T97/><D104/><U26/><E65/><V31/><F31/><W100/><G100/><T125/><D125/><N who="3" m="47625" /><G123/><T39/><D46/><U108/><E108/><V86/><F66/><W73/><G73/><T33/><D33/><U51/><E36/><V119/><F87/><W124/><N who="3" m="47633" /><W95/><DORA hai="18" /><G23/><T102/><D102/><U14/><E1/><V60/><REACH who="2" step="1"/><F119/><REACH who="2" ten="190,419,208,173" step="2"/><W75/><G75/><T55/><D85/><U72/><E72/><V105/><F105/><W91/><G91/><T98/><D96/><AGARI ba="4,1" hai="32,35,37,42,44,56,60,64,86,88,94,96,101,106" machi="96" ten="40,2600,0" yaku="1,1,54,1,53,0" doraHai="114,18" doraHaiUra="34,12" who="2" fromWho="0" sc="190,-38,419,0,208,48,173,0" /><INIT seed="2,0,0,5,1,128" ten="152,419,256,173" oya="2" hai0="71,7,113,99,33,104,111,31,11,18,97,28,87" hai1="117,37,6,116,49,22,65,64,75,8,2,120,32" hai2="14,127,121,122,53,58,90,114,81,51,35,79,40" hai3="66,109,78,76,52,67,96,54,102,106,3,4,72"/><V47/><F114/><W34/><G34/><T30/><D113/><U105/><E75/><V1/><F1/><W133/><G109/><T26/><D111/><U95/><E105/><V44/><F35/><W21/><G133/><T43/><D71/><U25/><E37/><V55/><F127/><W91/><G3/><T92/><D43/><U20/><E20/><V101/><F101/><W132/><G132/><T50/><D50/><U9/><E9/><V39/><F90/><W100/><G4/><T69/><D69/><U73/><E73/><V93/><F93/><W135/><G135/><T119/><D119/><U60/><E65/><V0/><F14/><W129/><G129/><T42/><D42/><U85/><E49/><V45/><F0/><W36/><G36/><T27/><D18/><U107/><E107/><V77/><F77/><W5/><G5/><T24/><D104/><U70/><E32/><V59/><F122/><W130/><G130/><T23/><D27/><U13/><E2/><V15/><F15/><W89/><G106/><T19/><D30/><U57/><E70/><V63/><F121/><W46/><G72/><AGARI ba="0,0" hai="39,40,44,45,47,51,53,55,58,59,63,72,79,81" machi="72" ten="30,1500,0" yaku="7,1" doraHai="128" who="2" fromWho="3" sc="152,0,419,0,256,15,173,-15" /><INIT seed="2,1,0,1,3,79" ten="152,419,271,158" oya="2" hai0="96,93,98,40,17,112,133,50,30,100,88,106,67" hai1="73,6,78,53,35,55,108,62,130,13,114,12,129" hai2="41,86,52,29,11,23,95,76,131,85,39,99,51" hai3="115,81,70,26,48,71,124,1,83,56,90,44,37"/><V120/><F120/><W72/><G1/><T7/><D112/><U118/><E35/><V61/><F131/><N who="1" m="50185" /><E114/><V19/><F29/><W32/><G124/><T9/><D30/><U21/><E118/><V54/><F11/><W105/><G105/><T127/><D127/><U111/><E62/><V58/><F39/><W82/><G115/><T91/><D133/><U8/><E78/><V15/><F41/><W45/><G72/><T123/><D123/><U66/><E66/><V38/><F76/><W46/><G37/><T117/><D117/><U47/><E47/><N who="2" m="27775" /><F38/><W135/><G135/><T110/><D110/><N who="1" m="42027" /><E73/><V4/><F4/><W102/><G71/><T33/><D33/><U113/><E113/><V109/><F109/><W116/><G70/><T60/><D17/><AGARI ba="1,0" hai="6,8,12,13,17,21,53,55" m="42027,50185" machi="17" ten="30,2000,0" yaku="19,1,14,1" doraHai="79" who="1" fromWho="0" sc="152,-23,419,23,271,0,158,0" /><INIT seed="3,0,0,0,3,87" ten="129,442,271,158" oya="3" hai0="40,107,99,78,73,123,25,134,95,33,12,69,41" hai1="101,65,83,76,90,48,131,113,77,94,50,114,84" hai2="119,44,64,68,105,21,115,92,111,16,72,52,108" hai3="26,28,53,86,55,56,93,4,66,85,61,60,6"/><W11/><G86/><T129/><D123/><U29/><E131/><V121/><F105/><W10/><G10/><T35/><D69/><U1/><E1/><V70/><F72/><W39/><G39/><T58/><D107/><U36/><E36/><V103/><F121/><W51/><G60/><T19/><D129/><U81/><E65/><V102/><F115/><W106/><G106/><T14/><D134/><U71/><E71/><N who="2" m="27179" /><F64/><W122/><G122/><T116/><D116/><U128/><E128/><V132/><F92/><W43/><G43/><T15/><D78/><U23/><E101/><V104/><F104/><W42/><G42/><T9/><D73/><U88/><E113/><V96/><F96/><W127/><G127/><T79/><D79/><N who="1" m="30283" /><E81/><V37/><F37/><W46/><G66/><T126/><D126/><U80/><E80/><V30/><F30/><W7/><G11/><T54/><D9/><U133/><E133/><V110/><F119/><W20/><G6/><T109/><D109/><U49/><E114/><V45/><F45/><W22/><G22/><N who="0" m="13535" /><D33/><U91/><E94/><V24/><F132/><W62/><G62/><N who="0" m="36183" /><D35/><U89/><E29/><V120/><F120/><W31/><G31/><T2/><D2/><U67/><E67/><V13/><F24/><W75/><G75/><T130/><D130/><U27/><E27/><V125/><F125/><W3/><G3/><T32/><D32/><U5/><E5/><V124/><F124/><W57/><G46/><T98/><D98/><U117/><E117/><V8/><F8/><W97/><G97/><T38/><D38/><RYUUKYOKU ba="0,0" sc="129,0,442,0,271,0,158,0" hai0="12,14,15,40,41,95,99" hai1="23,48,49,50,83,84,88,89,90,91" hai2="13,16,21,44,52,102,103,108,110,111" hai3="4,7,20,26,28,51,53,55,56,57,61,85,93" /><INIT seed="3,1,0,1,2,72" ten="129,442,271,158" oya="3" hai0="119,116,125,14,3,23,53,107,117,20,97,43,126" hai1="95,11,39,115,65,98,121,24,27,76,87,17,85" hai2="74,59,101,104,92,25,38,50,110,134,68,9,2" hai3="41,1,82,10,108,26,48,4,118,88,67,6,46"/><W34/><G118/><T51/><D3/><U114/><E39/><V33/><F110/><W111/><G6/><T0/><D0/><U93/><E65/><V42/><F134/><W89/><G67/><T29/><D43/><U19/><E11/><V12/><F68/><W62/><G62/><T64/><D64/><U60/><E60/><V132/><F2/><W123/><G123/><T66/><D66/><U135/><E76/><V99/><F74/><W28/><REACH who="3" step="1"/><G82/><REACH who="3" ten="129,442,271,148" step="2"/><T106/><D29/><U54/><E135/><V31/><F132/><W77/><G77/><T21/><D14/><U78/><E121/><V79/><F12/><W109/><AGARI ba="1,1" hai="1,4,10,26,28,34,41,46,48,88,89,108,109,111" machi="109" ten="30,12000,1" yaku="1,1,0,1,14,1,10,1,54,1,53,0" doraHai="72" doraHaiUra="58" who="3" fromWho="3" sc="129,-41,442,-41,271,-41,148,133" /><INIT seed="3,2,0,0,5,68" ten="88,401,230,281" oya="3" hai0="1,94,11,70,54,20,81,88,5,61,66,60,18" hai1="8,121,43,76,40,34,21,125,116,27,58,71,132" hai2="59,51,86,101,72,111,78,0,114,53,50,106,17" hai3="80,45,26,56,7,84,48,130,29,64,4,28,128"/><W31/><G26/><T69/><D81/><U2/><E121/><V87/><F111/><W79/><G64/><T117/><D117/><U109/><E71/><V115/><F0/><W93/><G56/><T77/><D77/><U119/><E34/><V9/><F114/><W62/><G62/><T13/><D54/><U112/><E109/><V73/><F115/><W42/><REACH who="3" step="1"/><G93/><REACH who="3" ten="88,401,230,271" step="2"/><T49/><D49/><U47/><E58/><V6/><F50/><W91/><G91/><T107/><D107/><U32/><E27/><V67/><F67/><W30/><N who="3" m="7168" /><DORA hai="110" /><W35/><G35/><T104/><D104/><U14/><E32/><V74/><F106/><W19/><G19/><T97/><D61/><U22/><E112/><V83/><F17/><W23/><G23/><T12/><REACH who="0" step="1"/><D69/><REACH who="0" ten="78,401,230,271" step="2"/><U82/><E22/><V102/><REACH who="2" step="1"/><F87/><REACH who="2" ten="78,401,220,271" step="2"/><W16/><G16/><T118/><D118/><U65/><E119/><V36/><F36/><W46/><G46/><T126/><D126/><U25/><E65/><V39/><F39/><W44/><G44/><T3/><AGARI ba="2,3" hai="1,3,5,11,12,13,18,20,60,66,70,88,94,97" machi="3" ten="30,12000,2" yaku="1,1,0,1,54,1,53,3" doraHai="68,110" doraHaiUra="92,33" who="0" fromWho="0" sc="78,156,401,-32,220,-32,271,-62" owari="234,3.0,369,47.0,188,-31.0,209,-19.0" /></mjloggm>