<mjloggm ver="2.3"><GO type="41" lobby="0"/><UN n0="%E5%B0%B1%E6%B4%BB%E7%94%9F%40%E5%B7%9D%E6%9D%91%E8%BB%8D%E5%9B%A3" n1="%73%61%6E%61%31%36%30%30" n2="%59%75%69%41%73%75%6E%61" n3="%E3%83%AD%E3%83%B3%E3%82%88%E3%82%8A%E8%A8%BC%E6%8B%A0" dan="16,14,13,13" rate="2143.62,1992.37,1845.95,2028.27" sx="M,M,F,M"/><TAIKYOKU oya="0"/><INIT seed="0,0,0,0,0,114" ten="250,250,250,250" oya="0" hai0="42,36,82,47,103,9,45,81,73,48,133,5,88" hai1="26,43,132,40,100,3,118,60,65,37,54,31,125" hai2="7,110,63,126,62,93,115,104,66,92,41,90,56" hai3="23,85,50,105,55,131,112,18,97,80,58,117,51"/><T79/><D133/><U15/><E3/><V128/><F104/><W13/><G112/><T94/><D103/><U106/><E132/><V119/><F110/><W75/><G75/><T68/><D68/><N who="1" m="42023" /><E54/><V129/><F126/><W96/><G131/><T19/><D19/><U46/><E15/><V89/><F41/><W127/><G127/><T87/><D81/><U134/><E134/><V21/><F7/><W77/><G105/><T95/><D95/><U120/><E125/><V69/><F21/><W59/><G117/><T53/><D9/><U1/><E43/><V86/><F119/><W39/><G39/><T124/><D124/><U101/><E101/><V64/><REACH who="2" step="1"/><F115/><REACH who="2" ten="250,250,240,250" step="2"/><W2/><G2/><T34/><D34/><N who="1" m="20855" /><E118/><V83/><F83/><W99/><REACH who="3" step="1"/><G51/><REACH who="3" ten="250,250,240,240" step="2"/><T24/><D36/><U109/><E109/><V113/><F113/><W135/><G135/><T32/><D48/><U29/><E1/><V108/><F108/><W70/><G70/><T123/><D123/><U6/><E120/><V17/><F17/><W130/><G130/><T12/><D5/><U61/><E6/><V30/><F30/><W76/><G76/><T38/><D38/><U67/><E29/><V72/><F72/><W116/><G116/><T98/><D79/><U78/><E78/><V27/><F27/><W111/><G111/><T35/><D24/><U10/><E106/><V57/><F57/><AGARI ba="0,2" hai="13,18,23,50,55,57,58,59,77,80,85,96,97,99" machi="57" ten="40,2600,0" yaku="1,1,8,1,53,0" doraHai="114" doraHaiUra="102" who="3" fromWho="2" sc="250,0,250,0,240,-26,240,46" /><INIT seed="1,0,0,3,2,110" ten="250,250,214,286" oya="1" hai0="38,17,106,11,35,47,132,31,57,27,64,80,48" hai1="100,67,107,7,4,53,71,70,10,122,87,28,91" hai2="54,8,43,0,22,94,23,66,84,109,83,50,26" hai3="63,72,65,42,36,121,92,82,75,135,41,24,13"/><U44/><E122/><V134/><F109/><W128/><G121/><T85/><D132/><U99/><E67/><V126/><F126/><W102/><G135/><T117/><D106/><U79/><E79/><V86/><F66/><W1/><G1/><T123/><D123/><U14/><E28/><V40/><F22/><W77/><G75/><T96/><D117/><U119/><E119/><V129/><F129/><W112/><G128/><T127/><D127/><U25/><E25/><V58/><F134/><W18/><G24/><T120/><D120/><U69/><E44/><V118/><F118/><W37/><G37/><T61/><D38/><U59/><E7/><V3/><F3/><W73/><G73/><T5/><D96/><U45/><E45/><V125/><F125/><W34/><G34/><T103/><D103/><U62/><REACH who="1" step="1"/><E71/><REACH who="1" ten="250,240,214,286" step="2"/><V55/><F26/><W93/><G65/><T116/><D116/><U115/><E115/><V76/><F76/><W88/><G112/><T133/><D133/><U95/><AGARI ba="0,1" hai="4,10,14,53,59,62,69,70,87,91,95,99,100,107" machi="95" ten="20,7800,0" yaku="1,1,0,1,7,1,53,1" doraHai="110" doraHaiUra="2" who="1" fromWho="1" sc="250,-26,240,88,214,-26,286,-26" /><INIT seed="1,1,0,2,0,59" ten="224,328,188,260" oya="1" hai0="40,62,0,4,16,114,115,61,10,103,94,71,93" hai1="57,122,27,2,31,64,72,81,126,125,105,29,7" hai2="79,39,32,24,112,106,52,130,135,116,83,15,70" hai3="96,134,132,50,82,58,92,87,44,8,56,128,89"/><U104/><E122/><V49/><F15/><W123/><G128/><T129/><D129/><U45/><E31/><V73/><F24/><W95/><G123/><T78/><D78/><N who="1" m="44231" /><E57/><V63/><F32/><W9/><G95/><T91/><D71/><U108/><E108/><V120/><F106/><W21/><G21/><T41/><D114/><U47/><E47/><V36/><F116/><W30/><G30/><T55/><D115/><U19/><E19/><V85/><F135/><W53/><G9/><T110/><D110/><U54/><E54/><V23/><F23/><W76/><REACH who="3" step="1"/><G8/><REACH who="3" ten="224,328,188,250" step="2"/><T6/><D94/><U102/><E105/><V68/><F120/><W33/><G33/><T3/><D103/><U48/><E104/><V119/><F130/><W75/><G75/><T74/><D74/><U25/><E29/><V69/><F112/><W101/><G101/><T60/><D3/><U34/><E2/><V121/><F121/><W88/><G88/><T1/><D0/><U109/><E34/><V111/><F111/><W14/><G14/><N who="0" m="7255" /><D1/><U99/><E109/><V66/><F119/><W118/><G118/><T86/><D55/><U38/><E102/><V131/><F131/><W124/><G124/><T51/><D6/><U46/><E126/><V113/><F113/><W12/><G12/><T20/><D4/><U11/><E125/><V117/><F117/><W67/><G67/><T13/><D20/><U84/><E11/><V42/><F73/><W22/><G22/><T5/><D13/><U90/><E64/><V107/><F107/><W97/><G97/><T80/><D5/><RYUUKYOKU ba="1,1" sc="224,-10,328,-10,188,-10,250,30" hai3="44,50,53,56,58,76,82,87,89,92,96,132,134" /><INIT seed="2,2,1,4,1,35" ten="214,318,178,280" oya="2" hai0="71,31,102,10,4,84,40,82,107,87,111,133,125" hai1="55,63,46,124,70,96,119,126,115,51,69,48,114" hai2="94,105,17,43,108,27,22,129,34,53,23,91,57" hai3="120,134,58,25,135,74,128,45,47,59,16,1,3"/><V14/><F105/><W73/><G120/><T52/><D71/><N who="1" m="27147" /><E96/><V88/><F34/><W24/><REACH who="3" step="1"/><G16/><REACH who="3" ten="214,318,178,270" step="2"/><T121/><D121/><U28/><E119/><V131/><F108/><W33/><G33/><T39/><D31/><U92/><E28/><V77/><F17/><W68/><G68/><T104/><D111/><U95/><E115/><V44/><F27/><W18/><G18/><T76/><D133/><U2/><E114/><V117/><F117/><W67/><G67/><T72/><D125/><U64/><E126/><V89/><F131/><AGARI ba="2,2" hai="1,3,24,25,45,47,58,59,73,74,128,131,134,135" machi="131" ten="25,8000,1" yaku="1,1,22,2,52,2,53,0" doraHai="35" doraHaiUra="11" who="3" fromWho="2" sc="214,0,318,0,178,-86,270,106" /><INIT seed="3,0,0,3,3,21" ten="214,318,92,376" oya="3" hai0="40,19,10,4,69,53,90,77,6,12,123,79,71" hai1="85,135,75,5,25,72,33,133,118,97,62,102,14" hai2="34,13,108,51,115,28,43,27,18,47,50,16,0" hai3="87,59,73,127,29,57,109,65,46,26,68,132,93"/><W104/><G104/><T67/><D123/><U119/><E62/><V98/><F0/><W48/><G73/><N who="1" m="28234" /><E85/><V15/><F115/><W134/><G68/><T76/><D40/><U58/><E58/><V60/><F60/><W1/><G1/><T63/><D71/><U103/><E14/><V126/><F108/><W54/><G127/><T64/><D64/><U105/><E5/><V89/><F126/><W106/><G106/><T116/><D116/><N who="1" m="44587" /><E103/><V100/><F89/><N who="3" m="53439" /><G65/><T92/><REACH who="0" step="1"/><D53/><REACH who="0" ten="204,318,92,376" step="2"/><U78/><E78/><V84/><F43/><W113/><G109/><T55/><D55/><U49/><E49/><V94/><F50/><W81/><G113/><T91/><D91/><U122/><E122/><V88/><F51/><W23/><G81/><T112/><D112/><U20/><E20/><V86/><F47/><W80/><G80/><T95/><D95/><U38/><E38/><V37/><F37/><W41/><G41/><T129/><D129/><U2/><E2/><V111/><F111/><W131/><G131/><T31/><D31/><AGARI ba="0,1" hai="25,31,33,97,102,105,133,135" m="44587,28234" machi="31" ten="40,5200,0" yaku="12,1,23,1,52,1" doraHai="21" who="1" fromWho="0" sc="204,-52,318,62,92,0,376,0" /><INIT seed="4,0,0,4,0,107" ten="152,380,92,376" oya="0" hai0="22,47,45,90,100,116,43,97,65,127,96,74,32" hai1="27,17,52,73,110,134,71,88,79,31,61,4,93" hai2="75,111,13,129,40,105,10,99,36,102,84,7,48" hai3="2,28,70,118,41,106,67,125,109,104,81,132,87"/><T49/><D116/><U1/><E110/><V86/><F111/><W115/><G41/><T34/><D127/><U103/><E103/><V29/><F129/><W15/><G28/><T18/><D74/><U35/><E134/><V25/><F36/><W3/><G67/><T78/><D78/><U80/><E17/><V68/><F68/><W119/><G15/><T11/><D65/><U20/><E4/><V108/><F108/><W62/><G62/><T85/><D11/><U69/><E1/><V128/><F75/><W39/><G81/><T23/><D47/><U77/><E77/><V120/><F120/><W122/><G87/><T37/><D37/><U83/><E83/><V30/><F128/><W0/><G106/><T89/><D89/><U58/><REACH who="1" step="1"/><E35/><REACH who="1" ten="152,370,92,376" step="2"/><V82/><F82/><W72/><G3/><T112/><D112/><U114/><E114/><V126/><F126/><W21/><G2/><T8/><D8/><U133/><E133/><V60/><F30/><W92/><G21/><T63/><D23/><U44/><E44/><V117/><F117/><W53/><G119/><T113/><D113/><U66/><E66/><V121/><F121/><W38/><G118/><T59/><D34/><U76/><E76/><V56/><F29/><W135/><G122/><T101/><D32/><U64/><E64/><V9/><F9/><W55/><G135/><T123/><D123/><U50/><E50/><V24/><F86/><AGARI ba="0,1" hai="20,27,31,52,58,61,69,71,73,79,80,86,88,93" machi="86" ten="30,8000,1" yaku="1,1,7,1,52,1,54,2,53,0" doraHai="107" doraHaiUra="124" who="1" fromWho="2" sc="152,0,370,90,92,-80,376,0" /><INIT seed="5,0,0,4,4,63" ten="152,460,12,376" oya="1" hai0="122,3,53,97,44,21,1,109,38,65,67,40,60" hai1="133,23,103,24,128,5,92,108,18,29,4,13,90" hai2="30,83,113,39,76,69,114,32,93,86,50,25,64" hai3="59,74,41,107,75,106,72,91,116,78,100,87,37"/><U51/><E128/><V125/><F125/><W88/><G41/><T102/><D109/><U35/><E108/><V49/><F39/><W81/><G37/><T54/><D122/><U77/><E133/><V9/><F9/><W0/><G59/><T134/><D134/><U120/><E120/><V61/><REACH who="2" step="1"/><F93/><REACH who="2" ten="152,460,2,376" step="2"/><W55/><G116/><T11/><D11/><U82/><E51/><AGARI ba="0,1" hai="25,30,32,49,50,51,61,64,69,76,83,86,113,114" machi="51" ten="40,5200,0" yaku="1,1,2,1,52,1,53,0" doraHai="63" doraHaiUra="117" who="2" fromWho="1" sc="152,0,460,-52,2,62,376,0" /><INIT seed="6,0,0,5,1,77" ten="152,408,64,376" oya="2" hai0="90,74,87,6,18,108,86,55,109,71,39,73,80" hai1="14,111,13,41,60,91,3,79,132,106,125,47,32" hai2="52,122,99,75,53,11,66,107,4,92,65,56,97" hai3="126,40,50,64,89,95,12,57,121,36,25,61,33"/><V93/><F122/><W44/><G121/><T8/><D71/><U37/><E111/><V105/><F75/><W88/><G126/><T117/><D39/><U118/><E118/><V63/><F4/><W119/><G119/><T38/><D38/><U98/><E3/><V17/><F11/><W51/><G89/><T35/><D117/><U83/><E32/><V54/><F17/><W129/><G129/><T43/><D35/><U27/><E132/><V2/><F2/><W112/><G112/><T127/><D43/><U30/><E125/><V10/><F10/><W23/><G12/><T20/><D127/><U68/><E27/><V31/><F31/><W7/><G7/><T116/><D116/><U94/><E30/><V29/><F29/><W120/><G33/><T130/><D130/><U22/><E106/><V62/><F53/><W96/><G120/><T34/><D34/><U15/><E68/><V69/><REACH who="2" step="1"/><F56/><REACH who="2" ten="152,408,54,376" step="2"/><W113/><G113/><T133/><D109/><U134/><E134/><V26/><F26/><W104/><G104/><T24/><D108/><U5/><E15/><V84/><F84/><W48/><G25/><T123/><D123/><U78/><E14/><V124/><F124/><W67/><G23/><T81/><D133/><U131/><E22/><V19/><F19/><W46/><G67/><T102/><D55/><AGARI ba="0,1" hai="36,40,44,46,48,50,51,55,57,61,64,88,95,96" machi="55" ten="30,2000,0" yaku="7,1,54,1" doraHai="77" who="3" fromWho="0" sc="152,-20,408,0,54,0,376,30" /><INIT seed="7,0,0,0,2,10" ten="132,408,54,406" oya="3" hai0="51,134,97,77,128,95,76,3,100,44,110,13,37" hai1="107,102,86,108,113,72,85,24,40,84,57,126,23" hai2="106,54,68,63,98,18,58,56,26,11,79,64,31" hai3="17,112,129,48,39,42,124,25,105,59,132,90,73"/><W61/><G39/><T28/><D3/><U118/><E72/><V130/><F130/><W111/><G105/><T29/><D37/><U49/><E108/><V8/><F79/><N who="0" m="30282" /><D110/><U7/><E107/><V121/><F121/><W127/><G73/><T71/><D71/><U53/><E102/><V47/><F47/><N who="3" m="25719" /><G111/><T93/><D134/><U66/><E113/><V135/><F135/><W41/><G132/><T70/><D70/><U43/><E126/><N who="3" m="48170" /><G41/><N who="1" m="15946" /><E118/><V35/><F54/><W131/><G112/><T83/><D95/><U9/><E66/><V81/><F81/><W96/><G96/><T52/><D83/><U104/><E104/><V32/><F11/><W122/><G122/><T33/><D33/><U87/><N who="1" m="22016" /><DORA hai="125" /><U30/><E9/><V133/><F35/><W94/><G94/><T20/><D128/><N who="3" m="49225" /><G90/><T6/><D93/><U60/><E7/><V92/><F92/><W69/><G69/><T65/><D6/><U22/><E22/><V88/><F88/><W75/><G75/><T1/><D20/><U99/><E99/><V15/><REACH who="2" step="1"/><F133/><REACH who="2" ten="132,408,44,406" step="2"/><W82/><G82/><T74/><D100/><AGARI ba="0,1" hai="8,15,18,26,31,32,56,58,63,64,68,98,100,106" machi="100" ten="40,12000,2" yaku="1,1,2,1,25,2,52,1,53,1" doraHai="10,125" doraHaiUra="27,120" who="2" fromWho="0" sc="132,-120,408,0,44,130,406,0" owari="12,-49.0,408,51.0,174,-23.0,406,21.0" /></mjloggm>