<mjloggm ver="2.3"><GO type="169" lobby="0"/><UN n0="%E3%82%A6%E3%83%AB%E3%83%88%E3%83%A9%E7%AB%8B%E7%9B%B4" n1="%E3%81%84%E3%81%AA%E3%81%97%E3%82%93%E3%80%82" n2="%E3%83%A1%E3%83%AB%E3%82%AF" n3="%74%75%75%6B%61%69%33" dan="17,16,16,18" rate="2146.79,2143.58,2130.26,2270.38" sx="M,F,M,M"/><TAIKYOKU oya="0"/><INIT seed="0,0,0,1,2,35" ten="250,250,250,250" oya="0" hai0="59,36,92,57,54,62,6,117,68,101,86,134,109" hai1="22,4,21,77,45,96,16,9,41,11,38,60,135" hai2="108,93,0,116,133,66,127,8,27,49,67,79,14" hai3="65,20,25,34,53,76,97,33,129,30,29,85,90"/><T98/><D117/><U74/><E135/><V31/><F116/><W37/><G129/><T82/><D134/><U122/><E122/><V126/><F133/><W7/><G37/><T95/><D109/><U18/><E96/><V47/><F108/><W104/><G65/><T112/><D112/><U24/><E60/><V110/><F110/><W128/><G128/><T81/><D36/><U43/><E43/><N who="2" m="24831" /><F79/><W44/><G76/><T10/><D68/><U73/><E77/><V51/><F51/><W48/><G30/><T125/><D125/><N who="2" m="47626" /><F93/><W61/><G61/><T87/><D59/><U26/><REACH who="1" step="1"/><E11/><REACH who="1" ten="250,240,250,250" step="2"/><V55/><F8/><W3/><G97/><T58/><D87/><U103/><E103/><V106/><F106/><W113/><G104/><T118/><D118/><U80/><E80/><V72/><F72/><W88/><G113/><T107/><D82/><U15/><AGARI ba="0,1" hai="4,9,15,16,18,21,22,24,26,38,41,45,73,74" machi="15" ten="20,12000,2" yaku="1,1,0,1,7,1,9,1,54,1,53,1" doraHai="35" doraHaiUra="69" who="1" fromWho="1" sc="250,-60,240,130,250,-30,250,-30" /><INIT seed="1,0,0,5,3,24" ten="190,370,220,220" oya="1" hai0="135,66,55,50,42,80,126,79,25,122,38,87,56" hai1="29,117,47,20,95,36,112,75,62,46,2,124,28" hai2="26,89,119,108,33,1,98,51,35,101,39,114,73" hai3="107,86,116,16,67,30,9,102,11,49,111,34,74"/><U7/><E117/><V97/><F39/><W3/><G74/><T63/><D122/><U31/><E75/><V17/><F1/><W125/><G111/><T82/><D135/><U78/><E112/><V13/><F73/><W40/><G125/><T48/><D126/><U69/><E7/><V60/><F119/><W128/><G116/><T105/><D105/><U123/><E123/><V21/><F108/><W43/><G128/><T72/><D25/><U130/><E2/><V57/><F114/><W131/><G131/><T127/><D127/><U58/><E69/><V106/><F106/><W99/><G67/><T132/><D132/><U5/><E5/><V61/><F51/><W53/><G86/><T81/><D50/><U83/><E36/><V71/><F71/><W4/><G11/><T41/><D38/><U110/><E124/><V93/><F60/><W109/><G109/><T118/><D118/><U121/><E121/><V22/><F97/><W120/><G120/><T94/><D94/><U59/><E130/><V14/><F14/><W70/><G70/><T129/><D129/><U77/><E110/><V54/><REACH who="2" step="1"/><F101/><REACH who="2" ten="190,370,210,220" step="2"/><W45/><G102/><T52/><D72/><U88/><E62/><V37/><F37/><W85/><G99/><T115/><D115/><U8/><E47/><V6/><F6/><W84/><G107/><T90/><D66/><U64/><E46/><V92/><F92/><W44/><G45/><N who="0" m="27663" /><D80/><U27/><E64/><V32/><F32/><W133/><G34/><T104/><D104/><U12/><E83/><V134/><F134/><W10/><G133/><RYUUKYOKU ba="0,1" sc="190,15,370,-15,210,15,220,-15" hai0="41,42,55,56,63,79,81,82,87,90" hai2="13,17,21,22,26,33,35,54,57,61,89,93,98" /><INIT seed="2,1,1,0,3,69" ten="205,355,225,205" oya="2" hai0="135,0,70,84,107,33,51,14,83,16,31,55,50" hai1="68,75,78,127,59,45,64,34,120,17,32,92,97" hai2="35,106,72,21,47,132,130,13,8,133,89,124,95" hai3="96,63,12,111,29,24,112,25,82,7,5,3,18"/><V74/><F106/><W1/><G82/><T126/><D0/><N who="3" m="73" /><G96/><T46/><D126/><U73/><E68/><V30/><F35/><N who="3" m="20903" /><G63/><T43/><D135/><N who="2" m="51786" /><F130/><W4/><G111/><T40/><D107/><U113/><E127/><V103/><F124/><W98/><G98/><T37/><D70/><U109/><E109/><V57/><F103/><W67/><G67/><T93/><D93/><U117/><E120/><V60/><F47/><W129/><G129/><T76/><D43/><U77/><E45/><V79/><F79/><W48/><G48/><T115/><D115/><U87/><E78/><V125/><F125/><W85/><G85/><T90/><D76/><U128/><E87/><N who="2" m="52671" /><F57/><W99/><G99/><T49/><D55/><U54/><E77/><V122/><F60/><W114/><G25/><T58/><D58/><U6/><E59/><V2/><F122/><W100/><G100/><T65/><D65/><U105/><E105/><V71/><F71/><W123/><G123/><T11/><REACH who="0" step="1"/><D50/><REACH who="0" ten="195,355,225,205" step="2"/><U28/><E64/><V121/><F121/><W10/><AGARI ba="1,2" hai="4,5,7,10,12,18,112,114" m="20903,73" machi="10" ten="40,2700,0" yaku="34,2" doraHai="69" who="3" fromWho="3" sc="195,-8,355,-8,225,-14,205,50" /><INIT seed="3,0,0,1,4,95" ten="187,347,211,255" oya="3" hai0="42,115,23,113,120,72,85,96,50,21,88,66,80" hai1="71,103,16,108,94,83,9,75,10,98,124,104,32" hai2="47,46,127,62,35,135,8,30,7,20,112,33,17" hai3="41,56,121,118,68,0,116,44,99,29,117,24,15"/><W105/><G68/><T37/><D120/><U59/><E71/><V27/><F112/><N who="0" m="43082" /><D72/><U123/><E123/><V63/><F135/><W132/><G0/><T102/><D66/><U25/><E108/><V55/><F127/><W126/><G121/><T128/><D37/><U87/><E124/><V131/><F131/><W89/><G126/><T111/><D111/><U11/><E75/><V58/><F63/><W81/><G132/><T91/><D91/><N who="1" m="51711" /><E32/><V51/><F30/><W90/><G56/><T53/><D42/><U12/><E104/><V60/><F60/><W45/><G15/><T129/><D128/><U107/><E107/><V73/><F73/><W134/><G134/><T100/><D100/><U119/><E119/><V122/><F122/><W39/><G45/><N who="0" m="27855" /><D129/><U38/><E38/><V36/><F36/><W52/><G81/><T43/><D43/><U84/><E25/><V5/><F5/><W54/><G89/><T101/><D101/><U28/><E28/><V61/><F61/><W106/><G106/><AGARI ba="0,0" hai="21,23,80,85,88,96,102,106" m="27855,43082" machi="106" ten="30,3900,0" yaku="11,1,52,1,54,1" doraHai="95" who="0" fromWho="3" sc="187,39,347,0,211,0,255,-39" /><INIT seed="4,0,0,4,2,13" ten="226,347,211,216" oya="0" hai0="23,95,83,16,127,133,46,31,6,88,132,72,91" hai1="24,50,97,17,7,135,33,29,81,75,126,123,108" hai2="32,79,90,25,62,82,74,73,66,27,107,109,101" hai3="116,87,84,77,15,120,47,121,63,19,58,12,130"/><T37/><D127/><U41/><E123/><N who="3" m="47178" /><G116/><T4/><D31/><U26/><E108/><V93/><F109/><W112/><G112/><T51/><D37/><U125/><E7/><N who="0" m="2601" /><D72/><U38/><E38/><V53/><F53/><N who="3" m="34255" /><G130/><T30/><D30/><U45/><E135/><N who="0" m="51785" /><D83/><U100/><E81/><V8/><F32/><W113/><G113/><T59/><D59/><U86/><E86/><N who="3" m="32810" /><G77/><T43/><D95/><U2/><E75/><V70/><F74/><W1/><G1/><T124/><D124/><N who="1" m="47723" /><E2/><V9/><F107/><W64/><G64/><T20/><D20/><N who="1" m="13327" /><E97/><V85/><F101/><AGARI ba="0,0" hai="26,29,33,41,45,50,100,101" m="13327,47723" machi="101" ten="30,2000,0" yaku="18,1,52,1" doraHai="13" who="1" fromWho="2" sc="226,0,347,20,211,-20,216,0" /><INIT seed="5,0,0,0,4,86" ten="226,367,191,216" oya="1" hai0="102,122,47,28,70,126,48,95,39,129,121,25,19" hai1="76,82,15,120,84,9,32,62,99,11,81,41,64" hai2="108,87,20,61,46,33,43,22,45,63,93,58,114" hai3="113,18,85,123,67,2,91,130,30,40,52,116,115"/><U37/><E32/><V105/><F105/><W10/><G123/><N who="0" m="47115" /><D70/><U101/><E120/><V68/><F33/><W14/><G130/><T56/><D129/><U80/><E41/><V66/><F108/><W53/><G67/><T112/><D112/><N who="3" m="43081" /><G2/><T72/><D72/><U26/><E26/><V118/><F118/><W35/><G40/><T21/><D126/><U107/><E37/><V13/><F114/><W1/><G1/><T6/><D6/><U7/><REACH who="1" step="1"/><E9/><REACH who="1" ten="226,357,191,216" step="2"/><V117/><F117/><W78/><G116/><T16/><D39/><U24/><E24/><V12/><F43/><W77/><G35/><T5/><D25/><U92/><E92/><V74/><F93/><N who="3" m="54511" /><G30/><T69/><D95/><U98/><E98/><V34/><F34/><W131/><G131/><T96/><D96/><U60/><E60/><V31/><F63/><W0/><G0/><T50/><D28/><U29/><E29/><V89/><F61/><W103/><G103/><T3/><D102/><U59/><AGARI ba="0,1" hai="7,11,15,59,62,64,76,80,81,82,84,99,101,107" machi="59" ten="20,7800,0" yaku="1,1,0,1,7,1,53,1" doraHai="86" doraHaiUra="94" who="1" fromWho="1" sc="226,-26,357,88,191,-26,216,-26" /><INIT seed="5,1,0,1,3,73" ten="200,445,165,190" oya="1" hai0="52,67,56,122,126,113,103,28,91,104,34,55,127" hai1="11,83,72,95,121,128,66,59,79,63,23,107,117" hai2="81,78,76,43,82,2,58,7,80,27,70,134,93" hai3="90,29,8,100,119,36,62,10,48,5,32,37,116"/><U114/><E107/><V20/><F70/><W22/><G100/><T106/><D113/><U47/><E121/><V75/><F134/><W111/><G111/><T6/><D122/><U96/><E117/><N who="3" m="45130" /><G32/><T16/><D6/><U110/><E114/><V25/><F81/><W89/><G62/><N who="0" m="38343" /><D91/><N who="3" m="34825" /><G48/><T17/><D28/><U31/><E128/><V60/><F43/><W53/><G53/><N who="0" m="20555" /><D34/><U92/><E11/><N who="3" m="4138" /><G5/><T14/><D103/><U131/><E131/><V105/><F105/><N who="0" m="40554" /><D14/><U98/><E110/><V88/><F7/><W65/><G65/><T1/><D1/><U120/><E120/><V45/><F2/><W102/><G102/><T42/><D42/><U135/><E31/><V0/><F0/><W101/><G101/><T26/><D26/><AGARI ba="1,0" hai="22,26,29,36,37" m="4138,34825,45130" machi="26" ten="30,1000,0" yaku="12,1" doraHai="73" who="3" fromWho="0" sc="200,-13,445,0,165,0,190,13" /><INIT seed="6,0,0,3,0,20" ten="187,445,165,203" oya="2" hai0="101,62,66,4,73,119,88,134,0,118,14,21,27" hai1="23,123,63,105,107,16,67,130,19,2,117,41,64" hai2="22,115,24,51,28,110,6,71,68,18,30,104,126" hai3="102,49,132,120,86,46,89,25,39,1,15,26,114"/><V111/><F104/><W112/><G1/><T78/><D134/><U135/><E117/><N who="0" m="44553" /><D101/><U60/><E2/><V36/><F36/><W93/><G39/><T70/><D0/><U133/><E41/><V83/><F115/><N who="3" m="44075" /><G120/><T94/><D78/><U29/><E29/><N who="2" m="11371" /><F126/><W106/><G132/><T91/><D73/><U95/><E95/><V5/><F83/><W53/><G15/><T9/><D94/><U47/><E47/><V56/><F56/><W72/><G72/><T65/><D65/><U37/><E37/><V74/><F74/><W103/><G103/><T96/><D96/><AGARI ba="0,0" hai="25,26,46,49,53,86,89,93,96,102,106" m="44075" machi="96" ten="30,7700,0" yaku="15,1,11,1,52,2" doraHai="20" who="3" fromWho="0" sc="187,-77,445,0,165,0,203,77" /><INIT seed="7,0,0,4,0,101" ten="110,445,165,280" oya="3" hai0="55,117,66,61,14,82,30,92,11,15,3,127,20" hai1="23,56,21,118,77,108,17,22,0,116,111,109,12" hai2="81,5,2,96,129,16,41,10,74,67,68,114,131" hai3="119,50,49,85,84,134,8,65,27,24,37,47,95"/><W64/><G119/><N who="1" m="45610" /><E0/><V124/><F114/><W9/><G37/><T135/><D117/><U52/><E77/><V88/><F124/><W31/><G134/><T126/><D135/><U86/><E86/><V36/><F67/><W107/><G95/><T51/><D3/><U59/><E59/><V105/><F68/><W100/><G100/><T18/><D82/><U43/><E43/><V26/><F26/><W125/><G47/><T54/><D127/><U38/><E38/><V97/><F16/><W62/><G62/><AGARI ba="0,0" hai="12,17,21,22,23,52,56,62,108,109,111" m="45610" machi="62" ten="40,2600,0" yaku="12,1,54,1" doraHai="101" who="1" fromWho="3" sc="110,0,445,26,165,0,280,-26" owari="110,-39.0,471,57.0,165,-23.0,254,5.0" /></mjloggm>