<mjloggm ver="2.3"><GO type="97" lobby="0"/><UN n0="%6E%69%6B%6F%6E%69%6B%6F" n1="%E5%B0%B1%E6%B4%BB%E7%94%9F%40%E5%B7%9D%E6%9D%91%E8%BB%8D%E5%9B%A3" n2="%E6%97%A5%E6%9B%9C%E6%97%A5%E3%82%88%E3%82%8A%E3%81%AE%E4%BD%BF%E8%80%85" n3="%74%73%68%69%6D%75%72%61" dan="13,14,14,13" rate="1900.47,1967.78,1974.63,1845.67" sx="M,M,M,M"/><TAIKYOKU oya="0"/><INIT seed="0,0,0,3,1,15" ten="250,250,250,250" oya="0" hai0="6,32,132,36,25,78,77,60,22,118,48,104,66" hai1="27,119,7,131,101,129,108,20,47,82,115,5,40" hai2="62,41,95,69,49,39,107,61,94,85,46,134,30" hai3="86,51,111,2,28,52,59,87,80,76,128,96,11"/><T26/><D104/><U92/><E119/><V73/><F107/><W18/><G128/><N who="1" m="49226" /><E115/><V75/><F134/><W114/><G114/><T79/><D118/><U23/><E108/><V10/><F30/><W105/><G111/><T0/><D36/><N who="1" m="21895" /><E82/><V90/><F39/><W110/><G28/><T127/><D127/><U44/><E44/><V109/><F109/><W16/><G110/><T54/><D132/><U50/><E50/><V71/><F71/><W113/><G113/><T133/><D133/><U88/><E101/><V31/><F31/><W99/><G11/><T3/><D32/><U84/><E23/><V98/><F10/><W53/><G2/><T63/><D6/><U121/><E121/><V68/><F68/><W57/><G87/><T97/><D97/><N who="3" m="37449" /><G105/><T43/><D0/><U19/><AGARI ba="0,0" hai="5,7,19,20,27,84,88,92" m="21895,49226" machi="19" ten="30,4000,0" yaku="19,1,52,1,54,1" doraHai="15" who="1" fromWho="1" sc="250,-20,250,40,250,-10,250,-10" /><INIT seed="1,0,0,5,3,19" ten="230,290,240,240" oya="1" hai0="66,52,116,108,102,126,39,57,42,109,129,26,78" hai1="56,45,114,68,74,90,20,54,33,13,22,81,38" hai2="110,101,61,21,112,130,47,25,113,30,87,94,24" hai3="96,44,17,72,65,123,40,53,3,107,46,128,58"/><U92/><E33/><V35/><F110/><W131/><G72/><T41/><D102/><U97/><E68/><V124/><F124/><W62/><G3/><T117/><D78/><U55/><E114/><N who="2" m="44139" /><F130/><W85/><G85/><T119/><D26/><U105/><E105/><V76/><F61/><W106/><G123/><T4/><D4/><U50/><E13/><V70/><F70/><W0/><G0/><T103/><D103/><U43/><REACH who="1" step="1"/><E54/><REACH who="1" ten="230,280,240,240" step="2"/><V8/><F8/><W100/><G107/><T134/><D129/><U14/><E14/><V104/><F104/><W91/><G131/><T127/><D134/><U83/><E83/><V82/><F35/><W84/><G128/><T67/><D39/><U95/><E95/><V75/><F25/><W7/><G7/><T88/><D88/><U16/><E16/><V125/><F125/><N who="0" m="47626" /><D66/><U48/><E48/><V49/><F94/><W10/><G65/><T73/><D67/><U29/><E29/><V63/><F101/><W122/><G40/><N who="0" m="15467" /><D73/><U71/><E71/><V28/><F28/><W132/><G132/><T98/><D98/><U18/><E18/><V69/><F69/><W89/><G89/><T11/><D11/><U23/><E23/><V80/><F80/><W86/><G91/><T36/><D36/><U2/><E2/><V111/><F75/><W77/><G10/><T60/><AGARI ba="0,1" hai="52,57,60,108,109,116,117,119" m="15467,47626" machi="60" ten="40,8000,1" yaku="18,1,34,2,54,1" doraHai="19" who="0" fromWho="0" sc="230,90,280,-40,240,-20,240,-20" /><INIT seed="2,0,0,2,3,63" ten="320,240,220,220" oya="2" hai0="101,35,96,8,82,7,69,53,2,108,113,58,3" hai1="24,88,112,135,59,19,42,32,39,73,110,107,17" hai2="18,98,41,72,56,28,33,71,79,130,85,47,122" hai3="84,67,9,86,52,118,50,14,83,105,123,119,94"/><V111/><F71/><W10/><G105/><T87/><D113/><U75/><E107/><V74/><F122/><W6/><G123/><T61/><D35/><U103/><E112/><V15/><F130/><W64/><G119/><T4/><D108/><U93/><E103/><V126/><F111/><W55/><G118/><T1/><D69/><U13/><E135/><V95/><F126/><W20/><G20/><T30/><D30/><U43/><E110/><V27/><F56/><W25/><G25/><T115/><D115/><U29/><E59/><V65/><F65/><W62/><G62/><T48/><D48/><U0/><E0/><V91/><F79/><W129/><G10/><T106/><REACH who="0" step="1"/><D7/><REACH who="0" ten="310,240,220,220" step="2"/><U34/><E34/><V127/><F127/><W54/><G50/><T109/><D109/><U97/><E39/><V116/><F116/><W104/><G129/><T36/><D36/><U66/><E29/><V49/><REACH who="2" step="1"/><F98/><REACH who="2" ten="310,240,210,220" step="2"/><W133/><G133/><T26/><D26/><U114/><E24/><V21/><AGARI ba="0,2" hai="15,18,21,27,28,33,41,47,49,72,74,85,91,95" machi="21" ten="20,7800,0" yaku="1,1,2,1,0,1,7,1,53,0" doraHai="63" doraHaiUra="99" who="2" fromWho="2" sc="310,-26,240,-26,210,98,220,-26" /><INIT seed="2,1,0,3,5,125" ten="284,214,308,194" oya="2" hai0="20,114,44,11,51,69,117,31,16,96,131,34,24" hai1="123,100,93,58,105,49,5,62,61,7,67,74,53" hai2="129,121,130,32,4,29,104,42,55,84,43,52,119" hai3="48,98,109,122,79,28,38,36,91,128,86,47,2"/><V89/><F104/><W108/><G2/><T15/><D69/><U78/><E123/><V134/><F4/><W71/><G71/><T132/><D114/><U76/><E105/><V17/><F121/><W94/><G122/><T73/><D73/><U35/><E35/><V0/><F0/><W95/><G28/><T18/><D117/><U50/><E50/><V22/><F29/><W59/><G59/><T25/><D132/><U12/><E74/><V113/><F32/><W3/><G3/><T45/><D96/><N who="1" m="59407" /><E61/><V106/><F106/><W8/><G8/><T90/><D90/><U57/><E12/><N who="2" m="9511" /><F113/><W56/><G56/><T82/><D82/><U13/><E13/><V127/><F119/><W10/><G10/><T115/><D115/><U83/><E83/><N who="2" m="49311" /><F127/><W124/><G124/><T46/><REACH who="0" step="1"/><D131/><REACH who="0" ten="274,214,308,194" step="2"/><N who="2" m="50186" /><F134/><W81/><G128/><T110/><D110/><U116/><E116/><V111/><F111/><N who="3" m="42571" /><G94/><T80/><D80/><U1/><E1/><V120/><F120/><W75/><G75/><T103/><D103/><U112/><E112/><V135/><F135/><W66/><G81/><T107/><D107/><U101/><E101/><V33/><F33/><W39/><G79/><AGARI ba="1,1" hai="5,7,49,53,57,58,62,67,76,78,79" m="59407" machi="79" ten="30,1000,0" yaku="8,1" doraHai="125" who="1" fromWho="3" sc="274,0,214,23,308,0,194,-13" /><INIT seed="3,0,0,5,4,78" ten="274,237,308,181" oya="3" hai0="6,3,47,118,55,92,37,108,66,25,11,112,12" hai1="79,126,105,4,16,24,30,88,114,76,61,106,116" hai2="100,27,7,28,36,5,121,125,57,89,117,74,45" hai3="31,2,111,70,8,52,75,109,58,42,34,60,13"/><W38/><G2/><T120/><D120/><U9/><E114/><V29/><F117/><W82/><G70/><T128/><D118/><U123/><E116/><V87/><F74/><W51/><G34/><T22/><D108/><N who="3" m="41545" /><G31/><T14/><D112/><U127/><E123/><V64/><F29/><W72/><G38/><T59/><D128/><U1/><E79/><V33/><F28/><W17/><G42/><T68/><D68/><U54/><E76/><V50/><F33/><W0/><G0/><T133/><D133/><U67/><E54/><N who="2" m="30031" /><F36/><W41/><G82/><T43/><D66/><U134/><E134/><V124/><F27/><W91/><G91/><T56/><D92/><U80/><E105/><V85/><F100/><W49/><G49/><T53/><D53/><U77/><E106/><V39/><F39/><W113/><G113/><T122/><D122/><U131/><E131/><V62/><F121/><W110/><N who="3" m="41553" /><W129/><DORA hai="115" /><G129/><T71/><D71/><U35/><E88/><V107/><F107/><W81/><G81/><T93/><D93/><U83/><E83/><V102/><F102/><W10/><G10/><T32/><D32/><U18/><E80/><V104/><F104/><W99/><G99/><T132/><D132/><U15/><E77/><V63/><F89/><W19/><G19/><T98/><D98/><U101/><E101/><V48/><F48/><W119/><G119/><T40/><D43/><U26/><E1/><V86/><F63/><W73/><G73/><T23/><D3/><U44/><E30/><V69/><F69/><W103/><G103/><RYUUKYOKU ba="0,0" sc="274,-15,237,-15,308,15,181,15" hai2="5,7,57,62,64,85,86,87,124,125" hai3="8,13,17,41,51,52,58,60,72,75" /><INIT seed="3,1,0,1,3,96" ten="259,222,323,196" oya="3" hai0="122,81,52,29,68,93,80,57,89,98,83,121,115" hai1="15,42,41,123,17,129,12,43,39,16,61,66,44" hai2="4,110,69,71,105,118,73,64,33,3,46,60,135" hai3="103,21,116,97,58,67,27,51,92,109,126,82,34"/><W6/><G116/><T31/><D68/><U65/><E123/><V49/><F118/><W100/><G34/><T125/><D125/><U18/><E129/><V22/><F33/><W56/><G126/><T24/><D115/><U112/><E112/><V127/><F127/><W10/><G82/><T101/><D121/><U74/><E74/><V130/><F110/><W102/><G109/><T59/><D122/><U19/><N who="1" m="4608" /><DORA hai="79" /><U53/><E39/><V55/><F105/><W131/><G131/><T106/><D57/><N who="1" m="34991" /><E44/><V87/><F71/><W117/><G117/><T7/><D7/><U91/><E91/><V124/><F69/><W134/><G134/><T95/><D106/><U1/><E1/><V30/><F46/><W8/><G58/><T32/><D32/><U113/><E113/><V78/><F3/><W75/><G75/><T128/><D128/><U54/><E54/><V28/><F55/><N who="3" m="31871" /><G67/><AGARI ba="1,0" hai="12,15,41,42,43,65,66,67" m="34991,4608" machi="67" ten="50,3200,0" yaku="8,1,54,1" doraHai="96,79" who="1" fromWho="3" sc="259,0,222,35,323,0,196,-35" owari="259,6.0,257,-14.0,323,42.0,161,-34.0" /></mjloggm>