<mjloggm ver="2.3"><GO type="97" lobby="0"/><UN n0="%68%61%73%68%69%72%69%6E" n1="%E3%82%A2%E3%82%B3%E3%82%B9" n2="%E9%8A%80%E7%BF%BC" n3="%E5%B0%B1%E6%B4%BB%E7%94%9F%40%E5%B7%9D%E6%9D%91%E8%BB%8D%E5%9B%A3" dan="13,14,15,15" rate="1800.02,1952.76,1913.36,2003.20" sx="M,F,M,M"/><TAIKYOKU oya="0"/><INIT seed="0,0,0,0,4,39" ten="250,250,250,250" oya="0" hai0="32,102,123,69,55,60,109,51,43,22,106,104,56" hai1="99,53,108,62,83,97,110,120,124,131,132,16,44" hai2="93,11,90,81,70,73,34,63,26,103,125,23,52" hai3="64,100,121,45,65,77,130,128,67,5,30,17,79"/><T88/><D123/><U117/><E117/><V78/><F125/><W87/><G121/><T107/><D32/><U74/><E124/><V25/><F103/><W84/><G5/><T50/><D109/><U42/><E120/><V48/><F11/><W54/><G30/><T133/><D133/><U3/><E3/><V10/><F10/><W68/><G68/><T80/><D102/><U19/><E131/><N who="3" m="50218" /><G100/><T126/><D126/><U27/><E132/><V4/><F4/><W40/><G54/><T82/><D22/><N who="1" m="13767" /><E19/><V116/><F116/><W101/><G101/><T76/><D82/><U111/><E83/><V24/><F34/><W7/><G17/><T13/><D13/><U12/><E12/><V135/><F135/><W33/><G7/><T105/><N who="0" m="27136" /><DORA hai="59" /><T95/><D69/><U114/><E114/><V37/><F37/><N who="3" m="21647" /><G33/><T0/><D0/><U113/><E113/><V127/><F127/><W41/><G41/><T9/><D9/><U47/><E74/><V1/><F1/><W20/><G20/><T46/><D51/><N who="1" m="28903" /><E62/><V122/><F122/><W91/><G84/><T29/><D29/><U49/><AGARI ba="0,0" hai="42,47,49,97,99,108,110,111" m="28903,13767" machi="49" ten="30,4000,0" yaku="14,1,52,1,54,1" doraHai="39,59" who="1" fromWho="1" sc="250,-20,250,40,250,-10,250,-10" /><INIT seed="1,0,0,0,1,34" ten="230,290,240,240" oya="1" hai0="61,9,125,126,11,90,115,23,14,18,60,88,55" hai1="128,107,17,36,62,28,95,135,16,33,97,44,31" hai2="22,56,32,120,114,106,54,64,98,80,13,65,76" hai3="8,73,63,131,99,108,24,69,102,38,53,35,110"/><U26/><E128/><V96/><F32/><W30/><G131/><T105/><D115/><U92/><E135/><V29/><F120/><W71/><G38/><T5/><D105/><U12/><E107/><V91/><F114/><W75/><G8/><T89/><D55/><U77/><E77/><V100/><F96/><W66/><G69/><T84/><D84/><U101/><E62/><V123/><F123/><W48/><G48/><T132/><D132/><U118/><E118/><V129/><F91/><W103/><G53/><T72/><D72/><U127/><E127/><N who="0" m="48649" /><D11/><U74/><E74/><V4/><F129/><W2/><G103/><T40/><D40/><U79/><E79/><V21/><F29/><W25/><G25/><AGARI ba="0,0" hai="5,9,14,18,23,25,60,61,88,89,90" m="48649" machi="25" ten="30,2000,0" yaku="18,1,54,1" doraHai="34" who="0" fromWho="3" sc="230,20,290,0,240,0,240,-20" /><INIT seed="2,0,0,2,4,134" ten="250,290,240,220" oya="2" hai0="31,82,104,65,40,78,37,57,53,72,129,87,74" hai1="111,131,83,9,114,44,77,30,86,39,90,68,128" hai2="84,46,106,34,91,67,97,132,120,107,27,3,71" hai3="15,23,89,88,60,122,42,47,21,24,66,26,28"/><V10/><F120/><W118/><G122/><T43/><D104/><U51/><E114/><V1/><F132/><W8/><G118/><T61/><D129/><U101/><E68/><V95/><F46/><W56/><G8/><T13/><D31/><U7/><E30/><N who="2" m="19807" /><F107/><W12/><G12/><T135/><D135/><U73/><E111/><V76/><F76/><W32/><G15/><T130/><D130/><N who="1" m="49707" /><E101/><N who="2" m="62767" /><F10/><W115/><G115/><T38/><D13/><N who="1" m="5311" /><E39/><V100/><F100/><W113/><G113/><T50/><D38/><U125/><E51/><V105/><F105/><W4/><G4/><T49/><D43/><U54/><E54/><V98/><F98/><W127/><G127/><T99/><D99/><U45/><E125/><V119/><F119/><W92/><G92/><AGARI ba="0,0" hai="44,45,73,77,83,86,90,92" m="5311,49707" machi="92" ten="30,1000,0" yaku="19,1" doraHai="134" who="1" fromWho="3" sc="250,0,290,10,240,0,220,-10" /><INIT seed="3,0,0,4,2,31" ten="250,300,240,210" oya="3" hai0="69,108,39,54,42,81,94,29,135,107,96,64,101" hai1="32,78,114,28,56,44,103,43,109,23,125,126,133" hai2="112,59,25,4,49,55,128,127,124,118,111,30,110" hai3="83,66,52,88,19,116,48,100,15,117,75,24,115"/><W22/><G115/><T34/><D108/><N who="2" m="41514" /><F112/><W1/><G1/><T80/><D135/><U92/><E133/><V97/><F118/><W132/><G132/><T3/><D3/><U68/><E68/><V130/><F4/><W120/><G120/><T67/><D54/><U10/><E109/><V37/><F37/><W79/><G66/><T20/><D20/><U86/><E114/><V63/><F49/><W61/><G100/><T134/><D134/><U41/><E32/><N who="2" m="20559" /><F97/><W47/><G61/><N who="0" m="40079" /><D67/><U84/><E10/><V72/><F72/><W91/><REACH who="3" step="1"/><G24/><REACH who="3" ten="250,300,240,200" step="2"/><N who="0" m="18727" /><D94/><U16/><E103/><V70/><F70/><W12/><G12/><T82/><D42/><U121/><E92/><V65/><F65/><W7/><G7/><T93/><D93/><U2/><E121/><V104/><F104/><W77/><G77/><T90/><D39/><U14/><E2/><V35/><F35/><W98/><G98/><T131/><D131/><AGARI ba="0,1" hai="55,59,63,124,127,128,130,131" m="20559,41514" machi="131" ten="30,3900,0" yaku="19,1,14,1,52,1" doraHai="31" who="2" fromWho="0" sc="250,-39,300,0,240,49,200,0" owari="211,-19.0,300,40.0,289,9.0,200,-30.0" /></mjloggm>