<mjloggm ver="2.3"><GO type="105" lobby="0"/><UN n0="%74%62%72%6F%6F%6B" n1="%E5%B0%B1%E6%B4%BB%E7%94%9F%40%E5%B7%9D%E6%9D%91%E8%BB%8D%E5%9B%A3" n2="%E7%A9%BA%E2%98%86%E5%BD%A1%E8%89%B2" n3="%70%69%63%65%63%39%31%33" dan="14,15,15,14" rate="1809.40,2028.56,1996.29,1987.49" sx="M,M,M,M"/><TAIKYOKU oya="0"/><INIT seed="0,0,0,5,1,9" ten="250,250,250,250" oya="0" hai0="101,38,122,76,87,62,113,121,99,12,46,104,80" hai1="82,41,95,66,67,22,13,85,78,124,24,118,114" hai2="115,119,1,103,26,50,47,17,84,0,54,110,70" hai3="74,134,58,105,20,91,19,40,107,27,52,30,79"/><T97/><D38/><U16/><E118/><V34/><F119/><W90/><G134/><T28/><D46/><U51/><E114/><V3/><F115/><W6/><G40/><T10/><D28/><U125/><E95/><V86/><F110/><W135/><G135/><T21/><D113/><U37/><E37/><V98/><F70/><W25/><G6/><T29/><D99/><U68/><E68/><V72/><F72/><W69/><G69/><T112/><D112/><U15/><E66/><V77/><F77/><W48/><G79/><T128/><D128/><U111/><E67/><V96/><F96/><W109/><G74/><T8/><D62/><U23/><E111/><V56/><F47/><W120/><G120/><T83/><D10/><U94/><E94/><V108/><F108/><W132/><G132/><T53/><D53/><U31/><E41/><V123/><F123/><W43/><G43/><T127/><D127/><N who="1" m="48715" /><E51/><V81/><F81/><W39/><G39/><T106/><D106/><U64/><E64/><V11/><F34/><W55/><G109/><T4/><REACH who="0" step="1"/><D83/><REACH who="0" ten="240,250,250,250" step="2"/><U126/><E126/><V93/><REACH who="2" step="1"/><F11/><REACH who="2" ten="240,250,240,250" step="2"/><W45/><G107/><T57/><D57/><U63/><E82/><V7/><F7/><W32/><REACH who="3" step="1"/><G105/><REACH who="3" ten="240,250,240,240" step="2"/><T71/><D71/><U61/><E78/><V14/><F14/><W35/><G35/><T89/><D89/><U73/><E15/><V2/><N who="2" m="512" /><DORA hai="116" /><V18/><F18/><W59/><G59/><T88/><D88/><U65/><E13/><V92/><F92/><W60/><AGARI ba="0,3" hai="19,20,25,27,30,32,45,48,52,55,58,60,90,91" machi="60" ten="20,5200,0" yaku="1,1,0,1,7,1,54,1,53,0" doraHai="9,116" doraHaiUra="117,36" who="3" fromWho="3" sc="240,-26,250,-13,240,-13,240,82" /><INIT seed="1,0,0,3,0,40" ten="214,237,227,322" oya="1" hai0="56,81,82,104,95,8,84,61,33,116,134,4,106" hai1="103,11,3,115,67,54,31,118,46,78,128,121,29" hai2="123,9,63,119,122,58,32,75,112,55,21,44,131" hai3="26,13,66,68,100,83,74,109,24,133,130,47,18"/><U35/><E121/><N who="2" m="46091" /><F21/><W94/><G109/><T65/><D33/><U135/><E118/><V41/><F75/><W15/><G133/><T77/><D116/><U17/><E135/><V48/><F9/><W80/><G130/><T19/><D134/><U101/><E128/><V51/><F32/><W107/><G107/><T125/><D125/><U132/><E132/><V42/><F119/><W70/><G47/><T62/><D95/><U59/><E78/><V60/><F131/><W91/><G100/><T53/><D19/><U27/><E31/><V76/><F76/><W23/><G74/><T114/><D114/><U38/><E115/><V28/><F28/><W39/><G39/><T2/><REACH who="0" step="1"/><D82/><REACH who="0" ten="204,237,227,322" step="2"/><U10/><E17/><V79/><F112/><W111/><G80/><T117/><D117/><U5/><E101/><V88/><F79/><W72/><G83/><T52/><D52/><U6/><E103/><V105/><F88/><W120/><G66/><T126/><D126/><U43/><E67/><V73/><F105/><W57/><G120/><T49/><D49/><U45/><E43/><N who="2" m="24607" /><F73/><W102/><G111/><T129/><D129/><U99/><E38/><V25/><F25/><W97/><G26/><T7/><D7/><U12/><E99/><V96/><F96/><W64/><G64/><T0/><D0/><U85/><E85/><V92/><F92/><W93/><G72/><T86/><D86/><U14/><E3/><V110/><F110/><W127/><G127/><T1/><D1/><U36/><E36/><V89/><F89/><W34/><G94/><T20/><D20/><RYUUKYOKU ba="0,1" sc="204,10,237,10,227,10,322,-30" hai0="2,4,8,53,56,61,62,65,77,81,84,104,106" hai1="5,6,10,11,12,14,27,29,35,45,46,54,59" hai2="41,42,51,55,58,60,63" /><INIT seed="1,1,1,1,4,127" ten="214,247,237,292" oya="1" hai0="72,7,74,13,54,82,126,29,18,46,42,11,108" hai1="62,117,64,19,97,66,102,106,65,73,60,30,31" hai2="104,63,116,75,41,113,99,89,44,128,56,92,93" hai3="43,67,47,6,20,48,28,14,112,94,81,51,4"/><U57/><E117/><V15/><F113/><W80/><G112/><T110/><D29/><U118/><E73/><V39/><F116/><W50/><G67/><T100/><D100/><U33/><E118/><V91/><F75/><W79/><G4/><T83/><D126/><U86/><E19/><V23/><F104/><W88/><G81/><T21/><D54/><U2/><E2/><V98/><F15/><W53/><G53/><T77/><D82/><U135/><E135/><V123/><F23/><W36/><G28/><T26/><D74/><U105/><E105/><V40/><F40/><W111/><G111/><T132/><D132/><U0/><E0/><V49/><F123/><W96/><G20/><T16/><REACH who="0" step="1"/><D7/><REACH who="0" ten="204,247,237,292" step="2"/><U134/><E134/><V32/><F32/><W90/><G90/><T84/><D84/><U8/><E33/><V125/><F125/><W109/><G109/><T37/><AGARI ba="1,2" hai="11,13,16,18,21,26,37,42,46,72,77,83,108,110" machi="37" ten="30,4000,0" yaku="1,1,0,1,54,1,53,0" doraHai="127" doraHaiUra="3" who="0" fromWho="0" sc="204,63,247,-21,237,-11,292,-11" /><INIT seed="2,0,0,4,3,45" ten="267,226,226,281" oya="2" hai0="30,114,62,47,116,27,103,70,80,121,107,16,25" hai1="57,50,31,10,99,63,61,130,40,71,73,77,3" hai2="122,1,0,126,13,117,36,92,85,35,79,89,55" hai3="88,28,64,98,41,4,94,58,84,104,6,24,44"/><V111/><F122/><W82/><G104/><T131/><D80/><U90/><E130/><V101/><F117/><W18/><G18/><T69/><D121/><U120/><E120/><V125/><F35/><W59/><G4/><T108/><D116/><U32/><E71/><V23/><F36/><W129/><G6/><T19/><D114/><U12/><E3/><V110/><F55/><W132/><G132/><T33/><D131/><U9/><E73/><V39/><F101/><W21/><G129/><T66/><D108/><N who="2" m="41514" /><F79/><W78/><REACH who="3" step="1"/><G64/><REACH who="3" ten="267,226,226,271" step="2"/><T26/><D70/><U43/><E31/><V8/><F39/><AGARI ba="0,1" hai="21,24,28,39,41,44,58,59,78,82,84,88,94,98" machi="39" ten="30,7700,0" yaku="1,1,2,1,7,1,54,1,53,0" doraHai="45" doraHaiUra="118" who="3" fromWho="2" sc="267,0,226,0,226,-77,271,87" /><INIT seed="3,0,0,3,5,15" ten="267,226,149,358" oya="3" hai0="34,58,11,101,82,123,41,127,68,77,51,132,112" hai1="63,17,90,71,22,3,37,72,133,83,110,65,135" hai2="6,78,30,126,87,8,9,12,106,131,74,1,134" hai3="49,130,108,44,76,38,18,5,27,14,107,33,85"/><W81/><G130/><T111/><D101/><U120/><E3/><V86/><F106/><W59/><G108/><T100/><D100/><U104/><E110/><V109/><F109/><W47/><G107/><T119/><D11/><U124/><E104/><V125/><F30/><W20/><G38/><T61/><D82/><U129/><E37/><V80/><F134/><W19/><G33/><T121/><D77/><U60/><E60/><V54/><F54/><N who="3" m="32207" /><G5/><T88/><D34/><U56/><E120/><V67/><F131/><W62/><G62/><T50/><D111/><U35/><E35/><V91/><F67/><W64/><G64/><T36/><D121/><U21/><E21/><AGARI ba="0,0" hai="14,18,19,20,21,27,44,47,76,81,85" m="32207" machi="21" ten="30,5800,0" yaku="8,1,52,2" doraHai="15" who="3" fromWho="1" sc="267,0,226,-58,149,0,358,58" /><INIT seed="3,1,0,3,1,67" ten="267,168,149,416" oya="3" hai0="95,73,94,129,45,48,128,37,44,84,132,124,116" hai1="92,9,86,61,106,101,51,56,127,33,107,59,77" hai2="7,76,53,0,40,83,63,38,115,1,93,39,58" hai3="22,46,35,36,30,71,121,6,12,80,19,125,103"/><W34/><G71/><T97/><D73/><U25/><E127/><V20/><F115/><W42/><G125/><T14/><D124/><U55/><E77/><V89/><F20/><W81/><G121/><T123/><D123/><U15/><E33/><V70/><F7/><W16/><G103/><T62/><D116/><U74/><E74/><V31/><F31/><W126/><G126/><T119/><D119/><U104/><E25/><V11/><F11/><W88/><G6/><T120/><D120/><U43/><E86/><V60/><F93/><W21/><G30/><T98/><D37/><U5/><E43/><V78/><F89/><W114/><G114/><T109/><D109/><U57/><REACH who="1" step="1"/><E61/><REACH who="1" ten="267,158,149,416" step="2"/><V3/><F78/><W13/><G80/><T135/><D84/><AGARI ba="1,1" hai="12,13,16,19,21,22,34,35,36,42,46,81,84,88" machi="84" ten="40,7700,0" yaku="9,1,54,2" doraHai="67" who="3" fromWho="0" sc="267,-80,158,0,149,0,416,90" /><INIT seed="3,2,0,3,4,55" ten="187,158,149,506" oya="3" hai0="60,33,37,84,77,116,133,80,15,119,95,81,7" hai1="74,73,9,75,40,59,34,48,70,1,108,78,21" hai2="117,35,88,114,99,10,17,16,86,121,89,27,111" hai3="96,20,101,22,79,56,5,107,29,11,36,30,31"/><W82/><G36/><T39/><D33/><U63/><E34/><V120/><F114/><W71/><G71/><T51/><D133/><U61/><E108/><V14/><F111/><W26/><G22/><T91/><D51/><U128/><E70/><V92/><F117/><W4/><G4/><T8/><D81/><U65/><E128/><V69/><F69/><W52/><G82/><T94/><D94/><U113/><E113/><V122/><F35/><W123/><G79/><T46/><D119/><U90/><E78/><V50/><F50/><W3/><G123/><T105/><D105/><U41/><E21/><N who="2" m="13735" /><F89/><W76/><G76/><T28/><D28/><U44/><E90/><V42/><F42/><W87/><G87/><AGARI ba="2,0" hai="10,14,17,86,87,88,92,99,120,121,122" m="13735" machi="87" ten="30,3900,0" yaku="13,1,54,2" doraHai="55" who="2" fromWho="3" sc="187,0,158,0,149,45,506,-45" /><INIT seed="4,0,0,0,3,68" ten="187,158,194,461" oya="0" hai0="129,80,85,92,118,4,104,99,71,108,13,106,130" hai1="119,70,12,112,57,29,93,122,76,114,31,47,15" hai2="14,83,101,30,115,107,35,69,89,39,120,102,74" hai3="96,3,17,62,127,49,55,123,23,6,133,79,7"/><T132/><D71/><U134/><E70/><V28/><F14/><N who="1" m="5161" /><E76/><N who="2" m="44439" /><F101/><W97/><G123/><T75/><D118/><U19/><E119/><V86/><F30/><N who="1" m="11273" /><E57/><V124/><F124/><W16/><G127/><T56/><D132/><U11/><E47/><V33/><F33/><W10/><G133/><T48/><D108/><U22/><E93/><N who="2" m="54455" /><F69/><W126/><G126/><T121/><D121/><U5/><E134/><V94/><F94/><W88/><G79/><N who="0" m="46239" /><D75/><U87/><E87/><V95/><F95/><W60/><G7/><T42/><D56/><U18/><E122/><V41/><F120/><W105/><G17/><N who="1" m="6154" /><E22/><V46/><F115/><N who="1" m="44073" /><E11/><V67/><F28/><W72/><G72/><T38/><D92/><U40/><E40/><V8/><F67/><W65/><G65/><T78/><D99/><U63/><E63/><V131/><F8/><W1/><G97/><T61/><D78/><U58/><E58/><V135/><F135/><W109/><G105/><N who="0" m="40555" /><D61/><U45/><E45/><V77/><F77/><W82/><G96/><T84/><D84/><U24/><E5/><V32/><F131/><N who="0" m="50186" /><D48/><U128/><E128/><V2/><F102/><W54/><G62/><T116/><D116/><U125/><E125/><V36/><F107/><W25/><G60/><T91/><D91/><U27/><AGARI ba="0,0" hai="24,27" m="44073,6154,11273,5161" machi="27" ten="40,12000,2" yaku="28,2,15,1,11,1,34,2" doraHai="68" who="1" fromWho="1" sc="187,-60,158,120,194,-30,461,-30" /><INIT seed="5,0,0,3,4,54" ten="127,278,164,431" oya="1" hai0="102,24,121,39,130,35,28,107,19,51,133,135,15" hai1="124,47,10,57,56,53,82,129,76,128,72,122,55" hai2="43,14,16,33,17,99,52,48,49,20,60,68,11" hai3="96,3,9,45,31,38,0,100,110,26,117,36,50"/><U77/><E122/><V25/><F33/><W67/><G117/><T87/><D39/><U92/><E124/><V8/><F43/><W118/><G118/><T63/><D102/><U5/><E77/><V81/><F81/><W32/><G67/><T134/><D107/><U12/><E92/><V114/><F114/><W7/><G110/><T21/><D87/><U105/><E105/><V70/><F11/><W83/><G83/><T93/><D51/><U79/><E79/><V112/><F112/><W101/><G0/><T46/><D93/><U89/><E89/><V13/><F13/><W65/><G65/><T116/><D46/><U85/><E72/><V29/><F29/><W37/><G96/><T41/><D41/><U58/><E47/><V113/><F113/><W59/><G59/><T86/><D86/><U30/><REACH who="1" step="1"/><E30/><REACH who="1" ten="127,268,164,431" step="2"/><V84/><F84/><W119/><G119/><T94/><D121/><U22/><E22/><V88/><F70/><W80/><G80/><T18/><D116/><U115/><E115/><V40/><F68/><W104/><G104/><T27/><D94/><U127/><E127/><V132/><F132/><W123/><G123/><T34/><D34/><U111/><E111/><V90/><F90/><W66/><G101/><T131/><D63/><U74/><E74/><V78/><F78/><W103/><G103/><T125/><D125/><U73/><E73/><V2/><F2/><W95/><G100/><T126/><D126/><U120/><E120/><V44/><F99/><W62/><G95/><T98/><D98/><U61/><E61/><V71/><F60/><RYUUKYOKU ba="0,1" sc="127,15,268,15,164,-15,431,-15" hai0="15,18,19,21,24,27,28,35,130,131,133,134,135" hai1="5,10,12,53,55,56,57,58,76,82,85,128,129" /><INIT seed="5,1,1,3,4,126" ten="142,283,149,416" oya="1" hai0="100,104,90,47,135,64,46,117,41,97,127,114,5" hai1="51,67,78,60,25,81,124,107,3,14,108,59,76" hai2="27,93,105,134,53,62,26,48,15,69,11,19,18" hai3="4,121,43,85,45,0,6,7,29,32,42,30,103"/><U61/><E107/><V50/><F105/><W86/><G121/><T23/><D64/><U12/><E3/><V1/><F134/><W37/><G0/><T132/><D117/><U75/><E124/><V133/><F133/><N who="0" m="51274" /><D127/><U129/><E108/><V72/><F72/><W113/><G113/><T82/><D5/><U119/><E119/><V58/><F1/><W35/><G103/><T33/><D33/><U131/><E76/><V120/><F120/><W65/><G65/><T9/><D9/><U28/><E60/><V91/><F69/><W54/><G54/><T34/><D34/><U79/><E51/><V16/><F48/><W66/><G66/><T83/><D23/><N who="1" m="15423" /><E78/><V99/><F50/><W125/><G125/><T36/><D114/><U38/><E38/><V92/><F93/><W80/><G4/><AGARI ba="1,1" hai="4,11,15,16,18,19,26,27,53,58,62,91,92,99" machi="4" ten="40,2600,0" yaku="8,1,54,1" doraHai="126" who="2" fromWho="3" sc="142,0,283,0,149,39,416,-29" /><INIT seed="6,0,0,3,3,104" ten="142,283,188,387" oya="2" hai0="2,62,51,76,128,63,110,115,37,70,0,34,73" hai1="112,120,29,16,107,8,106,132,39,72,17,57,6" hai2="42,105,44,46,87,15,101,126,22,36,68,67,74" hai3="35,53,86,135,18,77,83,64,75,59,56,52,90"/><V99/><F126/><W102/><G102/><T27/><D51/><U95/><E39/><V124/><F124/><W49/><G135/><T58/><D110/><U122/><E112/><V71/><F74/><W47/><G35/><T9/><D115/><U78/><E29/><V118/><F118/><W4/><G4/><T60/><D9/><U54/><E132/><V25/><F15/><W61/><G18/><N who="1" m="7274" /><E95/><V12/><F12/><W38/><G38/><T114/><D37/><U55/><E78/><V65/><F46/><W43/><G56/><T33/><D27/><U19/><E19/><V7/><F7/><W121/><G121/><N who="1" m="46698" /><E72/><V21/><F87/><W13/><G13/><T1/><D58/><U111/><E111/><V10/><F10/><W11/><G11/><T28/><D28/><U134/><E134/><V119/><F119/><W66/><G66/><T45/><D45/><U98/><E98/><V93/><F105/><N who="1" m="39945" /><E57/><V20/><REACH who="2" step="1"/><F25/><REACH who="2" ten="142,283,178,387" step="2"/><W79/><G75/><T23/><D114/><U123/><E123/><V96/><F96/><W81/><G86/><T108/><D108/><U5/><E5/><V30/><F30/><W117/><G117/><T131/><D73/><U40/><E40/><V100/><F100/><W48/><G43/><T109/><D109/><U24/><E24/><V97/><F97/><W91/><G47/><T69/><D23/><U116/><E116/><V94/><F94/><W127/><G127/><T125/><D125/><U32/><E32/><N who="0" m="12393" /><D76/><U82/><E82/><V103/><F103/><W41/><G79/><T92/><D92/><U85/><E85/><RYUUKYOKU ba="0,1" sc="142,10,283,10,178,10,387,-30" hai0="0,1,2,60,62,63,69,70,128,131" hai1="6,8,54,55" hai2="20,21,22,36,42,44,65,67,68,71,93,99,101" /><INIT seed="6,1,1,5,2,40" ten="152,293,188,357" oya="2" hai0="73,28,120,101,60,59,93,14,111,55,10,19,95" hai1="110,84,105,126,83,122,67,129,38,80,37,97,17" hai2="35,44,87,125,121,132,27,53,20,22,15,78,104" hai3="1,70,79,112,106,116,41,127,75,39,118,74,3"/><V92/><F104/><W31/><G31/><T135/><D73/><N who="3" m="27657" /><G79/><T47/><D111/><U109/><E122/><V50/><F132/><W0/><G127/><T108/><D120/><U114/><E126/><V21/><F125/><W52/><G52/><N who="0" m="33895" /><D28/><U6/><E129/><V113/><F113/><W69/><G106/><T96/><D135/><U68/><E114/><V54/><F121/><W90/><G90/><T72/><D72/><U45/><E6/><V23/><F54/><W12/><G12/><T119/><D119/><N who="3" m="45609" /><G112/><T115/><D115/><U124/><E124/><V57/><F35/><W56/><G56/><T88/><D108/><U34/><E34/><V76/><F15/><W131/><G131/><T18/><D18/><U32/><E32/><V86/><F57/><W26/><G26/><T63/><D63/><U2/><E2/><V8/><F8/><W91/><G91/><T24/><D24/><U123/><E123/><V64/><F64/><W102/><G102/><T30/><D30/><U16/><E67/><V4/><F4/><W9/><G9/><T66/><D66/><U99/><E105/><V133/><F133/><W42/><G39/><T51/><D95/><U89/><E89/><AGARI ba="1,1" hai="10,14,19,47,51,55,88,89,93,96,101" m="33895" machi="89" ten="30,7700,0" yaku="8,1,52,1,54,2" doraHai="40" who="0" fromWho="1" sc="152,90,293,-80,188,0,357,0" /><INIT seed="7,0,0,5,1,47" ten="242,213,188,357" oya="3" hai0="59,18,93,106,102,72,122,110,22,115,39,76,113" hai1="42,104,92,52,79,6,16,32,73,13,15,49,96" hai2="27,26,8,46,63,23,24,37,81,128,50,124,21" hai3="78,98,114,132,71,9,58,33,30,19,95,75,35"/><W4/><G71/><T20/><D39/><U14/><E104/><V80/><F124/><W10/><G132/><T107/><D122/><U43/><E32/><V57/><F128/><W11/><G114/><T69/><D110/><U94/><E73/><V89/><F37/><W134/><G134/><T111/><D111/><U119/><E119/><V133/><F133/><W117/><G117/><T86/><D69/><U40/><E6/><V67/><F8/><W74/><G78/><T66/><D66/><U109/><E79/><V118/><F118/><W7/><G58/><T5/><D5/><U51/><E51/><V99/><F99/><W17/><G95/><N who="1" m="36394" /><E96/><V64/><F64/><W1/><G98/><T0/><D0/><U84/><E84/><V90/><F81/><W135/><G135/><T56/><D72/><U101/><E101/><V41/><REACH who="2" step="1"/><F80/><REACH who="2" ten="242,213,178,357" step="2"/><W88/><G10/><T29/><D106/><U125/><E125/><V60/><F60/><W48/><G1/><T121/><D107/><U108/><E108/><V87/><F87/><W103/><G9/><T100/><D121/><U12/><E109/><V83/><F83/><W65/><G11/><T85/><D76/><U2/><E2/><V54/><F54/><W53/><G53/><T44/><D93/><U61/><E61/><V127/><F127/><W70/><G4/><T131/><D131/><U36/><E36/><V77/><F77/><W105/><G7/><T112/><D102/><U97/><E97/><V38/><F38/><W126/><G65/><T130/><D100/><U129/><E129/><V116/><F116/><RYUUKYOKU ba="0,1" sc="242,-10,213,-10,178,30,357,-10" hai2="21,23,24,26,27,41,46,50,57,63,67,89,90" owari="232,3.0,203,-30.0,208,-19.0,357,46.0" /></mjloggm>