<mjloggm ver="2.3"><GO type="169" lobby="0"/><UN n0="%E5%B0%8F%E7%AC%A0%E5%8E%9F%E7%89%B9%E6%80%A5" n1="%49%53%53%4F%4E%34" n2="%E3%82%A6%E3%83%AB%E3%83%88%E3%83%A9%E7%AB%8B%E7%9B%B4" n3="%65%6E%6B%61%69%73%6D" dan="16,17,17,16" rate="2087.24,2151.06,2170.53,2089.63" sx="F,M,M,M"/><TAIKYOKU oya="0"/><INIT seed="0,0,0,4,5,40" ten="250,250,250,250" oya="0" hai0="89,81,126,94,50,88,17,87,12,8,44,26,121" hai1="13,62,123,53,64,38,6,57,108,14,61,3,71" hai2="96,31,135,18,49,0,25,7,2,74,30,59,15" hai3="37,128,113,133,95,43,68,85,101,46,80,73,112"/><T72/><D121/><U130/><E123/><V99/><F74/><W32/><G32/><T19/><D126/><U104/><E104/><V103/><F135/><W124/><G133/><T75/><D26/><U90/><E38/><V4/><F59/><W48/><G124/><T82/><D17/><U66/><E108/><V97/><F49/><W9/><G128/><T79/><D82/><U116/><E116/><V122/><F103/><W22/><G68/><T63/><D63/><U132/><E132/><V39/><F39/><W125/><G125/><T78/><D75/><U92/><E130/><V33/><F30/><W28/><G73/><T69/><D69/><U41/><E41/><V117/><F122/><W10/><G37/><T93/><D72/><U134/><E134/><V131/><F131/><W111/><G111/><T23/><D23/><U21/><E66/><V118/><F7/><W86/><G113/><T5/><D5/><U76/><E76/><N who="0" m="29225" /><D89/><U42/><E42/><AGARI ba="0,0" hai="8,12,19,42,44,50,81,87,88,93,94" m="29225" machi="42" ten="30,5800,0" yaku="8,1,52,1,54,1" doraHai="40" who="0" fromWho="1" sc="250,58,250,-58,250,0,250,0" /><INIT seed="0,1,0,2,3,122" ten="308,192,250,250" oya="0" hai0="19,110,40,126,20,14,103,66,118,128,116,68,26" hai1="98,21,84,109,127,64,79,18,125,36,89,113,86" hai2="65,31,59,73,28,87,39,72,119,74,10,120,132" hai3="105,49,3,7,24,53,54,56,61,88,9,6,129"/><T22/><D126/><U71/><E36/><V124/><F39/><W5/><G129/><T8/><D128/><U99/><E113/><V82/><F120/><W102/><G24/><T50/><D68/><U75/><E75/><V48/><F124/><N who="1" m="47689" /><E79/><V97/><F132/><W135/><G135/><T62/><D103/><U23/><E84/><V133/><F133/><W93/><G102/><T51/><D110/><U30/><E30/><V114/><F114/><W76/><G76/><T12/><D12/><N who="1" m="9415" /><E23/><V41/><F97/><W69/><G105/><T108/><D22/><U83/><E109/><V38/><F31/><W94/><G94/><T117/><D108/><U29/><E29/><V81/><F28/><W27/><G27/><T35/><D35/><U63/><AGARI ba="1,0" hai="63,64,71,83,86,89,98,99" m="9415,47689" machi="63" ten="30,1100,0" yaku="18,1" doraHai="122" who="1" fromWho="1" sc="308,-6,192,14,250,-4,250,-4" /><INIT seed="1,0,0,0,4,101" ten="302,206,246,246" oya="1" hai0="67,41,75,22,66,77,60,28,97,90,72,6,130" hai1="109,32,49,99,36,124,55,20,80,86,112,96,52" hai2="104,53,95,108,15,94,128,102,103,126,17,40,56" hai3="1,132,98,35,62,125,8,63,121,131,12,93,85"/><U38/><E32/><V61/><F126/><W82/><G121/><T78/><D6/><U3/><E3/><V48/><F128/><W88/><G125/><T59/><D130/><U23/><E124/><V117/><F108/><W34/><G131/><T118/><D118/><U79/><E109/><V57/><F117/><W47/><G1/><T37/><D67/><U105/><E112/><V27/><F27/><W87/><G132/><T10/><D10/><U44/><E55/><V68/><F68/><W2/><G2/><T25/><D75/><U71/><E71/><V73/><F73/><W106/><G106/><T127/><D72/><U18/><E20/><V111/><F111/><W114/><G114/><T91/><D127/><U110/><E110/><V84/><F104/><W133/><G133/><T11/><D11/><U46/><E46/><V9/><F40/><W134/><G134/><T113/><D37/><U65/><E65/><V123/><F123/><W43/><G34/><N who="0" m="20751" /><D41/><U4/><E4/><V89/><REACH who="2" step="1"/><F94/><REACH who="2" ten="302,206,236,246" step="2"/><W42/><G42/><T7/><D113/><U50/><E50/><V13/><F13/><W64/><G43/><T116/><D116/><U33/><E33/><V19/><F19/><W5/><G35/><T119/><D119/><U76/><E76/><V81/><F81/><W29/><G82/><T129/><D78/><U26/><REACH who="1" step="1"/><E105/><REACH who="1" ten="302,196,236,246" step="2"/><V122/><F122/><W21/><G5/><T51/><D77/><U24/><E24/><V120/><F120/><W39/><G39/><AGARI ba="0,2" hai="18,23,26,36,38,39,44,49,52,79,80,86,96,99" machi="39" ten="40,12000,1" yaku="1,1,54,1,53,2" doraHai="101" doraHaiUra="92" who="1" fromWho="3" sc="302,0,196,140,236,0,246,-120" /><INIT seed="1,1,0,2,2,78" ten="302,336,236,126" oya="1" hai0="71,117,135,39,60,81,34,10,49,132,119,124,116" hai1="87,92,74,16,44,80,88,112,93,97,73,45,43" hai2="57,5,110,8,102,46,107,99,85,65,19,133,120" hai3="21,58,111,121,30,72,9,20,36,127,33,50,82"/><U25/><E112/><V70/><F120/><W98/><G121/><T55/><D34/><U84/><E84/><V48/><F133/><N who="0" m="51274" /><D10/><U22/><E45/><V23/><F110/><W86/><G36/><T131/><D39/><U69/><E69/><V40/><F70/><W28/><G111/><T79/><D131/><U35/><E35/><V113/><F113/><W63/><G72/><N who="0" m="43239" /><D124/><U31/><E31/><N who="3" m="11818" /><G33/><T52/><D49/><U7/><E7/><V134/><F134/><W108/><G108/><T62/><D62/><U3/><E3/><V47/><F8/><W4/><G127/><T11/><D11/><U100/><REACH who="1" step="1"/><E93/><REACH who="1" ten="302,326,236,126" step="2"/><V6/><F5/><W89/><G4/><T2/><D2/><U96/><E96/><V122/><F6/><W129/><G98/><T24/><D71/><U101/><E101/><V15/><F122/><W66/><G129/><T61/><D119/><U64/><E64/><V118/><F118/><W56/><G9/><T105/><D117/><U13/><E13/><V51/><F85/><W0/><G0/><T104/><D116/><U18/><E18/><V26/><F15/><W54/><AGARI ba="1,1" hai="20,21,50,54,56,58,63,66,82,86,89" m="11818" machi="54" ten="30,2000,0" yaku="8,1,52,1" doraHai="78" who="3" fromWho="3" sc="302,-6,326,-11,236,-6,126,33" /><INIT seed="2,0,0,5,1,83" ten="296,315,230,159" oya="2" hai0="108,49,93,53,44,26,30,66,34,20,48,120,54" hai1="94,105,127,45,91,60,103,75,70,111,128,13,90" hai2="43,41,104,101,134,69,37,110,12,25,27,88,113" hai3="21,87,112,22,57,65,36,116,135,50,28,92,118"/><V124/><F69/><W59/><G112/><T85/><D120/><U119/><E75/><V61/><F113/><W10/><G36/><T74/><D74/><U39/><E119/><V62/><F101/><W95/><G135/><T32/><D108/><U115/><E115/><V122/><F104/><W11/><G118/><T47/><D66/><U100/><E91/><AGARI ba="0,0" hai="20,26,30,32,34,44,47,48,49,53,54,85,91,93" machi="91" ten="40,2600,0" yaku="9,1,52,1" doraHai="83" who="0" fromWho="1" sc="296,26,315,-26,230,0,159,0" /><INIT seed="3,0,0,5,1,108" ten="322,289,230,159" oya="3" hai0="37,101,99,61,24,47,116,13,56,112,78,107,5" hai1="49,48,55,31,57,63,67,77,0,33,123,12,111" hai2="3,131,41,1,16,62,22,113,54,110,18,19,15" hai3="45,80,72,128,130,109,82,66,59,127,11,133,120"/><W69/><G120/><T28/><D116/><U100/><E0/><N who="2" m="75" /><F54/><W25/><G109/><T86/><D37/><U134/><E123/><V43/><F62/><N who="3" m="38239" /><G133/><T95/><D47/><U96/><E134/><V97/><F97/><W84/><G69/><T73/><D112/><U81/><E111/><V98/><F98/><W60/><G127/><T103/><D103/><U117/><E117/><V50/><F50/><W20/><G11/><T126/><D126/><U74/><E12/><V89/><F89/><N who="3" m="51335" /><G60/><T6/><D13/><U29/><E33/><V121/><F43/><W4/><G4/><T122/><D122/><U90/><E90/><V21/><F41/><W118/><G45/><T91/><D78/><U14/><E14/><N who="2" m="9367" /><F110/><W115/><G118/><T135/><D73/><U52/><E55/><V30/><F121/><W102/><G102/><T92/><D107/><U53/><E53/><V94/><F94/><W79/><G115/><T105/><D105/><U68/><E49/><V8/><F113/><W38/><G38/><T106/><D106/><AGARI ba="0,0" hai="29,31,48,52,57,63,67,68,74,77,81,96,100,106" machi="106" ten="30,2000,0" yaku="7,1,54,1" doraHai="108" who="1" fromWho="0" sc="322,-20,289,20,230,0,159,0" /><INIT seed="4,0,0,0,5,111" ten="302,309,230,159" oya="0" hai0="59,64,71,16,79,39,89,44,26,105,51,66,113" hai1="78,94,75,0,74,101,92,123,77,36,4,17,68" hai2="132,115,13,8,130,99,1,38,60,126,14,10,121" hai3="37,15,29,98,81,33,109,65,52,117,55,119,49"/><T50/><D105/><U6/><E68/><V84/><F60/><W110/><G33/><T67/><D79/><U76/><E36/><V106/><F84/><W124/><G29/><T57/><D89/><U131/><E0/><V46/><F99/><W88/><G15/><T23/><D113/><U91/><E91/><V107/><F46/><N who="3" m="27703" /><G98/><T69/><D39/><U53/><E53/><V34/><F14/><W97/><G97/><T127/><D127/><U63/><E63/><V95/><F13/><W135/><G88/><T31/><D71/><U104/><E17/><V18/><F10/><W120/><G81/><T108/><D108/><N who="3" m="41577" /><G124/><T86/><D69/><U42/><E78/><V9/><F18/><W41/><G135/><T54/><D86/><U12/><E12/><V19/><F19/><W125/><G125/><T87/><D87/><U7/><E7/><V47/><F9/><W48/><G120/><T21/><REACH who="0" step="1"/><D50/><REACH who="0" ten="292,309,230,159" step="2"/><U40/><E104/><V3/><F107/><W27/><G37/><T83/><D83/><U96/><E96/><V93/><F106/><W118/><G27/><AGARI ba="0,1" hai="16,21,23,26,27,31,44,51,54,57,59,64,66,67" machi="27" ten="40,12000,1" yaku="1,1,8,1,54,1,53,2" doraHai="111" doraHaiUra="22" who="0" fromWho="3" sc="292,130,309,0,230,0,159,-120" /><INIT seed="4,1,0,1,4,68" ten="422,309,230,39" oya="0" hai0="1,106,51,54,111,80,124,73,117,118,4,96,34" hai1="74,64,20,57,47,45,105,66,36,7,38,12,26" hai2="120,3,33,98,42,63,9,95,18,77,16,67,55" hai3="35,32,128,48,89,92,30,50,107,15,84,28,5"/><T31/><D124/><U61/><E74/><V70/><F33/><W2/><G128/><T94/><D106/><U11/><E105/><V46/><F120/><W87/><G107/><T71/><D71/><U133/><E133/><V104/><F104/><W130/><G130/><T37/><D37/><U40/><E66/><V97/><F77/><W109/><G109/><T90/><D4/><U115/><E115/><V17/><F55/><W56/><G2/><T49/><D1/><U100/><E100/><V119/><F119/><W93/><G5/><T43/><D43/><U13/><E47/><V52/><F3/><W62/><G15/><T65/><D65/><U110/><E12/><V79/><F79/><W122/><G122/><T116/><D54/><U113/><E113/><V126/><F126/><W127/><G127/><T91/><D111/><U82/><E82/><V0/><F0/><W112/><G112/><T81/><D73/><U86/><E86/><V39/><F9/><W59/><REACH who="3" step="1"/><G62/><REACH who="3" ten="422,309,230,29" step="2"/><T121/><D121/><U58/><E110/><V72/><F72/><W75/><G75/><T60/><D60/><U78/><E7/><V85/><F63/><W22/><G22/><T123/><D123/><U53/><E61/><V27/><F67/><W125/><G125/><T44/><D118/><U99/><E64/><V6/><F70/><W83/><G83/><T10/><D81/><U101/><E20/><V69/><F69/><W102/><G102/><T103/><D116/><U76/><E13/><V8/><F6/><W41/><G41/><T24/><D117/><U25/><E40/><RYUUKYOKU ba="1,1" sc="422,-10,309,-10,230,-10,29,30" hai3="28,30,32,35,48,50,56,59,84,87,89,92,93" /><INIT seed="5,2,1,3,0,62" ten="412,299,220,59" oya="1" hai0="111,13,10,71,94,112,129,54,65,132,101,23,18" hai1="130,83,113,105,41,128,60,76,81,107,26,35,50" hai2="87,68,109,51,40,37,99,63,4,8,97,30,82" hai3="73,20,59,123,33,36,88,77,108,98,14,11,0"/><U9/><E113/><V12/><F37/><W102/><G36/><T84/><D111/><U52/><E41/><V55/><F109/><W74/><G108/><T114/><D132/><U3/><E60/><V16/><F30/><W115/><G123/><T79/><D129/><N who="1" m="49771" /><E35/><V67/><F40/><W127/><G115/><N who="0" m="44075" /><D54/><U15/><E26/><V48/><F4/><W39/><G39/><T86/><D79/><U110/><E3/><V31/><F31/><W124/><G0/><T45/><D45/><N who="1" m="27727" /><E110/><V42/><F42/><W6/><G33/><T56/><D71/><U100/><E100/><V7/><F7/><W116/><G116/><T95/><D101/><U120/><E120/><V2/><F2/><W70/><G70/><T47/><D47/><U27/><E27/><V91/><F51/><W106/><G77/><T5/><D56/><AGARI ba="2,1" hai="8,12,16,48,55,56,63,67,68,82,87,91,97,99" machi="56" ten="30,3900,0" yaku="7,1,52,1,54,1" doraHai="62" who="2" fromWho="0" sc="412,-45,299,0,220,55,59,0" /><INIT seed="6,0,0,4,0,94" ten="367,299,275,59" oya="2" hai0="48,60,3,79,100,40,110,23,44,111,81,64,76" hai1="123,16,77,101,114,27,91,41,118,127,132,75,32" hai2="70,2,25,28,68,26,61,133,135,15,10,4,12" hai3="124,19,120,13,35,39,71,106,66,45,116,53,88"/><V73/><F73/><W14/><G120/><T8/><D100/><U78/><E32/><N who="2" m="20495" /><F61/><W34/><G116/><T99/><D99/><U84/><E118/><V18/><F68/><W9/><G106/><T46/><D23/><U72/><E123/><V119/><F70/><W134/><G134/><N who="2" m="51209" /><F119/><W5/><G124/><T130/><D130/><U54/><E127/><V50/><F50/><W80/><G71/><T20/><D20/><AGARI ba="0,0" hai="2,4,10,12,15,18,20,26" m="51209,20495" machi="20" ten="30,5800,0" yaku="20,1,34,2" doraHai="94" who="2" fromWho="0" sc="367,-58,299,0,275,58,59,0" /><INIT seed="6,1,0,1,1,133" ten="309,299,333,59" oya="2" hai0="57,2,119,39,111,105,80,70,47,22,23,35,128" hai1="78,129,8,135,6,102,15,17,88,87,9,107,20" hai2="120,118,13,52,116,73,72,66,95,40,131,106,75" hai3="5,74,96,126,29,123,59,108,109,98,43,93,45"/><V94/><F66/><W19/><G123/><T37/><D111/><U10/><E135/><V122/><F40/><W11/><G74/><T51/><D70/><U92/><E129/><V16/><F13/><W46/><G29/><T68/><D68/><U62/><E78/><V79/><F52/><W56/><G19/><T99/><D35/><U86/><E86/><V49/><F49/><W83/><G83/><T97/><D2/><U110/><E110/><V60/><F60/><W32/><G93/><N who="2" m="35337" /><F16/><W85/><G85/><T64/><D128/><U90/><E90/><V7/><F7/><W26/><G32/><T53/><D119/><N who="2" m="45610" /><F131/><W67/><G67/><T12/><D64/><U125/><E62/><V77/><F106/><W48/><G48/><T4/><D4/><U21/><E21/><V101/><F101/><W24/><G5/><T14/><D57/><U58/><E58/><V134/><F134/><W82/><G82/><T132/><D80/><U0/><E102/><V61/><F61/><W121/><G121/><AGARI ba="1,0" hai="72,73,75,77,79,120,121,122" m="45610,35337" machi="121" ten="40,12000,1" yaku="28,2,34,2" doraHai="133" who="2" fromWho="3" sc="309,0,299,0,333,123,59,-123" owari="309,11.0,299,-10.0,456,55.0,-64,-56.0" /></mjloggm>