<mjloggm ver="2.3"><GO type="97" lobby="0"/><UN n0="%E5%B0%B1%E6%B4%BB%E7%94%9F%40%E5%B7%9D%E6%9D%91%E8%BB%8D%E5%9B%A3" n1="%E2%98%85%E3%83%AB%E3%83%AB%E3%83%86%E3%82%A3%E3%82%A2" n2="%E8%80%95%E4%BD%9C%E3%83%BB%E5%B3%B6%E8%80%95%E4%BD%9C" n3="%5A%45%54%41%2E%2E" dan="15,15,15,14" rate="2036.77,1988.34,2037.68,1943.49" sx="M,M,M,M"/><TAIKYOKU oya="0"/><INIT seed="0,0,0,2,1,32" ten="250,250,250,250" oya="0" hai0="9,23,52,19,115,17,112,10,130,70,40,6,64" hai1="20,68,134,30,34,29,91,67,98,54,48,77,49" hai2="66,114,84,57,126,127,123,116,59,27,118,117,31" hai3="125,92,15,60,25,88,69,28,80,5,133,4,108"/><T104/><D104/><U56/><E134/><V42/><F84/><W3/><G133/><T72/><D72/><U61/><E34/><N who="2" m="20863" /><F114/><W89/><G108/><T53/><D40/><U113/><E113/><V33/><F33/><W121/><G125/><N who="2" m="47625" /><F123/><W50/><G121/><T7/><D23/><U51/><E77/><V100/><F100/><W102/><G102/><T8/><D8/><U16/><E68/><V41/><F66/><W14/><G80/><T39/><D39/><U46/><E29/><V75/><F75/><W37/><G37/><T1/><D64/><U65/><E30/><V109/><F109/><W81/><G81/><T78/><D78/><U79/><E79/><V107/><F107/><W93/><G69/><T38/><D38/><U21/><E21/><V85/><F85/><W36/><G36/><T82/><D82/><U0/><E0/><V35/><F35/><W105/><G105/><T95/><D95/><N who="1" m="56703" /><E46/><V99/><F99/><W96/><G3/><T71/><D130/><U45/><E45/><V119/><N who="2" m="30208" /><DORA hai="24" /><V111/><F111/><W44/><G92/><T74/><D74/><U43/><E43/><AGARI ba="0,0" hai="41,42,43,57,59" m="30208,47625,20863" machi="43" ten="60,7700,0" yaku="18,1,12,1,52,1" doraHai="32,24" who="2" fromWho="1" sc="250,0,250,-77,250,77,250,0" /><INIT seed="1,0,0,4,4,4" ten="250,173,327,250" oya="1" hai0="125,108,116,131,9,118,63,129,16,25,91,0,46" hai1="41,40,52,36,121,120,126,13,10,65,128,35,96" hai2="97,61,30,38,66,94,53,15,43,70,14,51,48" hai3="84,82,100,111,33,122,77,3,135,59,76,29,112"/><U79/><E35/><V127/><F127/><W56/><G122/><T5/><D125/><U81/><E126/><V130/><F130/><N who="0" m="49674" /><D108/><U20/><E128/><V39/><F30/><W1/><G112/><T2/><D2/><U132/><E132/><V75/><F75/><W58/><G111/><T73/><D73/><U109/><E109/><V34/><F34/><W49/><G135/><T103/><D103/><U44/><E65/><V57/><F51/><W47/><G100/><T95/><D63/><U114/><E114/><V50/><F50/><W102/><G102/><T123/><D46/><U117/><E117/><V101/><F39/><W98/><G98/><N who="0" m="57727" /><D123/><U31/><E40/><V42/><REACH who="2" step="1"/><F43/><REACH who="2" ten="250,173,317,250" step="2"/><W87/><G29/><T28/><D28/><U105/><E121/><V68/><F68/><W78/><G33/><T22/><AGARI ba="0,1" hai="0,5,9,16,22,25,116,118" m="57727,49674" machi="22" ten="30,4000,0" yaku="19,1,52,1,54,1" doraHai="4" who="0" fromWho="0" sc="250,50,173,-20,317,-10,250,-10" /><INIT seed="2,0,0,4,3,119" ten="300,153,307,240" oya="2" hai0="49,99,84,60,114,82,62,14,64,55,110,124,133" hai1="51,4,10,101,68,96,43,13,76,88,87,73,37" hai2="113,74,58,78,128,91,56,89,71,116,61,115,8" hai3="105,122,117,34,40,53,31,127,7,75,20,103,0"/><V111/><F116/><W65/><G117/><T5/><D114/><N who="2" m="43530" /><F8/><W94/><G105/><T131/><D124/><U41/><E68/><V15/><F15/><W67/><G34/><T70/><D131/><U100/><E37/><V106/><F106/><W44/><G127/><T123/><D133/><U63/><E63/><V93/><F61/><W134/><G75/><T97/><D110/><U38/><E38/><V130/><F71/><W26/><G134/><T50/><D123/><U83/><E51/><V29/><F29/><W81/><G7/><T2/><D2/><U120/><E120/><V16/><F16/><W109/><G122/><T125/><D125/><U52/><E52/><V19/><F19/><W126/><G109/><T24/><D24/><U85/><E73/><V33/><F33/><W32/><G0/><T9/><D62/><U86/><E86/><V27/><F27/><W1/><G1/><T90/><D49/><U57/><E57/><AGARI ba="0,0" hai="5,9,14,50,55,57,60,64,70,82,84,90,97,99" machi="57" ten="30,1000,0" yaku="7,1" doraHai="119" who="0" fromWho="1" sc="300,10,153,-10,307,0,240,0" /><INIT seed="3,0,0,1,2,50" ten="310,143,307,240" oya="3" hai0="134,80,56,94,113,46,58,114,83,37,95,91,5" hai1="33,23,93,109,30,36,97,70,19,61,13,88,63" hai2="135,111,35,67,100,8,68,128,117,45,119,118,107" hai3="21,126,105,62,132,90,73,71,60,9,79,24,59"/><W127/><G105/><T44/><D134/><U0/><E36/><V110/><F35/><W75/><G132/><T106/><D106/><U81/><E109/><N who="2" m="41483" /><F135/><W77/><G9/><T48/><D5/><U38/><E38/><V6/><F128/><W39/><G39/><T129/><D129/><U69/><E0/><N who="2" m="71" /><F45/><N who="0" m="17514" /><D37/><U57/><E63/><N who="2" m="40063" /><F107/><W15/><G15/><T116/><D95/><U31/><E81/><N who="0" m="31305" /><D48/><U41/><E41/><V20/><F20/><W104/><G104/><T86/><D116/><U40/><E40/><V3/><F100/><W53/><G90/><T29/><D29/><U12/><E12/><V28/><F28/><N who="3" m="17423" /><G77/><T2/><D2/><AGARI ba="0,0" hai="2,3,117,118,119" m="40063,71,41483" machi="2" ten="40,2600,0" yaku="14,1,23,1" doraHai="50" who="2" fromWho="0" sc="310,-26,143,0,307,26,240,0" owari="284,8.0,143,-36.0,333,44.0,240,-16.0" /></mjloggm>