<mjloggm ver="2.3"><GO type="169" lobby="0"/><UN n0="%E3%82%A6%E3%83%AB%E3%83%88%E3%83%A9%E7%AB%8B%E7%9B%B4" n1="%72%79%6F%E2%80%A6%31%35" n2="%E3%83%94%E3%82%B3%E3%83%9E%E3%82%B9%E3%83%86%E3%82%A3%E3%83%95" n3="%E3%81%BF%E3%81%A3%E3%81%A4%E3%81%9A%E3%81%A4" dan="17,17,16,16" rate="2120.48,2206.59,2146.27,2146.37" sx="M,M,M,M"/><TAIKYOKU oya="0"/><INIT seed="0,0,0,1,5,39" ten="250,250,250,250" oya="0" hai0="109,130,78,104,32,55,119,6,64,16,97,73,65" hai1="40,111,37,15,47,9,124,26,34,42,49,13,107" hai2="58,19,96,120,108,8,41,28,52,105,53,70,36" hai3="123,98,134,115,79,22,132,25,103,135,44,100,112"/><T54/><D119/><U2/><E111/><V23/><F120/><W66/><G123/><T83/><D109/><U95/><E107/><V92/><F108/><W62/><G79/><T129/><D6/><U61/><E124/><V117/><F117/><W74/><G74/><T76/><D32/><U35/><E2/><V89/><F70/><W29/><G44/><T67/><D78/><U45/><E61/><V126/><F105/><W60/><G60/><T72/><D72/><U125/><E125/><V59/><F126/><W10/><G10/><T71/><D71/><U133/><E133/><V114/><F114/><W7/><G7/><T31/><D31/><U75/><E75/><V90/><F36/><W113/><REACH who="3" step="1"/><G98/><REACH who="3" ten="250,250,250,240" step="2"/><T116/><D116/><U94/><E9/><V80/><F8/><W17/><G17/><T46/><D16/><U127/><E127/><V85/><F28/><W77/><G77/><T131/><D46/><U56/><E37/><V5/><F5/><W84/><G84/><T12/><D97/><U82/><E49/><N who="2" m="30991" /><F19/><W128/><G128/><T102/><D130/><U38/><E38/><V118/><F118/><W51/><G51/><T99/><D129/><U30/><E30/><V101/><F85/><W18/><G18/><T14/><D131/><U81/><E26/><V69/><F96/><W4/><G4/><T11/><D14/><U33/><E33/><V50/><F50/><W88/><G88/><T87/><D73/><U27/><E27/><V86/><F90/><W1/><G1/><T110/><D110/><U63/><E63/><V106/><F89/><RYUUKYOKU ba="0,1" sc="250,10,250,10,250,-30,240,10" hai0="11,12,54,55,64,65,67,76,83,87,99,102,104" hai1="13,15,34,35,40,42,45,47,56,81,82,94,95" hai3="22,25,29,62,66,100,103,112,113,115,132,134,135" /><INIT seed="0,1,1,2,0,118" ten="260,260,220,250" oya="0" hai0="68,79,16,69,54,27,116,5,72,112,121,43,12" hai1="19,114,134,127,119,3,36,22,128,8,85,51,86" hai2="74,34,131,122,29,98,133,100,90,82,18,62,38" hai3="40,101,60,65,111,42,70,110,66,75,105,91,15"/><T4/><D116/><U53/><E36/><V52/><F122/><W135/><G75/><T88/><D112/><U23/><E119/><V55/><F38/><W125/><G66/><T26/><D72/><U24/><E114/><V49/><F131/><W129/><G129/><T124/><D79/><U46/><E128/><V102/><F133/><W115/><G115/><T17/><D43/><U113/><E113/><V132/><F132/><W58/><G125/><T61/><D124/><U59/><E134/><V76/><F62/><W83/><G70/><T10/><D121/><U96/><E127/><V81/><F55/><W28/><G28/><T97/><D69/><U32/><E32/><V33/><F29/><W25/><G25/><N who="0" m="9227" /><D68/><U57/><E23/><V123/><F123/><W13/><G105/><T14/><D61/><U6/><E96/><V80/><F18/><W99/><G40/><T2/><D54/><U44/><E44/><V37/><F37/><W92/><G42/><T64/><D64/><U21/><E21/><V89/><F102/><W73/><G73/><T56/><D56/><U63/><REACH who="1" step="1"/><E59/><REACH who="1" ten="260,250,220,250" step="2"/><N who="2" m="33167" /><F33/><W45/><G45/><T35/><D35/><U117/><E117/><V106/><F34/><W41/><G135/><T9/><D2/><U47/><E47/><V84/><F90/><W87/><REACH who="3" step="1"/><G41/><AGARI ba="1,2" hai="3,6,8,19,22,24,41,46,51,53,57,63,85,86" machi="41" ten="30,3900,0" yaku="1,1,7,1,53,1" doraHai="118" doraHaiUra="48" who="1" fromWho="3" sc="260,0,250,62,220,0,250,-42" /><INIT seed="1,0,0,5,4,9" ten="260,312,220,208" oya="1" hai0="18,83,65,108,75,55,106,6,48,42,29,133,19" hai1="2,62,80,134,23,110,38,25,71,103,85,105,107" hai2="112,30,43,11,67,59,76,113,21,14,41,36,94" hai3="5,132,4,7,79,116,90,124,77,123,51,130,49"/><U120/><E120/><V102/><F76/><W28/><G123/><T40/><D108/><U81/><E110/><V95/><F67/><W118/><G28/><T68/><D133/><U15/><E2/><V101/><F59/><W100/><G100/><N who="2" m="38505" /><F36/><W53/><G132/><T84/><D75/><U12/><E38/><V31/><F21/><W46/><G130/><T35/><D106/><U104/><E103/><V24/><F24/><W87/><G124/><T127/><D127/><U47/><E134/><V20/><F20/><W17/><G118/><T61/><D6/><U60/><E47/><V131/><F131/><W122/><G122/><T117/><D117/><U129/><E129/><V64/><F64/><W26/><G26/><T1/><D1/><U93/><E93/><N who="2" m="35339" /><F113/><W8/><G51/><T98/><D29/><N who="2" m="10762" /><F112/><W82/><G116/><T72/><D72/><U45/><E45/><V58/><F58/><W91/><G91/><T34/><D34/><U13/><E71/><V0/><F0/><W66/><G66/><T50/><D35/><U44/><E44/><V126/><F126/><W135/><G135/><T96/><D68/><U111/><E111/><V39/><F39/><W121/><G121/><T92/><D65/><U10/><E10/><V32/><F32/><W78/><G78/><N who="0" m="46199" /><D50/><U27/><E27/><V56/><F56/><W109/><G109/><T16/><D48/><U70/><E70/><V99/><F99/><N who="0" m="37930" /><D92/><U73/><E73/><V57/><F57/><AGARI ba="0,0" hai="16,18,19,40,42,55,57,61" m="37930,46199" machi="57" ten="30,2000,0" yaku="8,1,54,1" doraHai="9" who="0" fromWho="2" sc="260,20,312,0,220,-20,208,0" /><INIT seed="2,0,0,5,1,11" ten="280,312,200,208" oya="2" hai0="116,0,89,85,103,23,110,93,123,17,88,9,87" hai1="57,112,16,63,64,21,8,109,14,107,108,98,82" hai2="129,74,90,134,1,41,47,132,56,48,81,80,114" hai3="36,31,104,86,62,58,46,128,4,69,115,97,70"/><V84/><F114/><W40/><G128/><T39/><D123/><U135/><E112/><V125/><F1/><W113/><G113/><T83/><D110/><N who="1" m="42603" /><E135/><V33/><F33/><W43/><G43/><T91/><D39/><U127/><E127/><V120/><F120/><W68/><G31/><T45/><D116/><U117/><E117/><V19/><F129/><W73/><G73/><T92/><D45/><U100/><E82/><V51/><F125/><W67/><G86/><T50/><D50/><U6/><E21/><V111/><F111/><W119/><G119/><T49/><D49/><U76/><E76/><V3/><F3/><W37/><G37/><T71/><D71/><U78/><E78/><V13/><F74/><W94/><G115/><T7/><D103/><U122/><E122/><V20/><REACH who="2" step="1"/><F81/><REACH who="2" ten="280,312,190,208" step="2"/><W130/><G130/><T30/><D83/><U124/><E124/><V106/><F106/><W79/><G79/><T101/><D0/><U118/><E118/><V44/><F44/><W60/><G104/><T12/><D92/><U95/><E107/><V26/><F26/><W42/><G42/><T121/><D93/><U53/><E95/><V15/><F15/><W61/><REACH who="3" step="1"/><G4/><REACH who="3" ten="280,312,190,198" step="2"/><T72/><D7/><U96/><E6/><V34/><F34/><W65/><G65/><T102/><D72/><U55/><E64/><V28/><F28/><W29/><G29/><T105/><D121/><U24/><E55/><AGARI ba="0,2" hai="13,19,20,41,47,48,51,55,56,80,84,90,132,134" machi="55" ten="40,3900,0" yaku="1,1,52,1,53,0" doraHai="11" doraHaiUra="22" who="2" fromWho="1" sc="280,0,312,-39,190,59,198,0" /><INIT seed="2,1,0,3,0,53" ten="280,273,249,198" oya="2" hai0="21,94,82,30,123,35,14,81,59,40,28,10,51" hai1="23,65,112,48,55,4,130,132,127,57,50,72,104" hai2="102,80,119,83,88,77,41,86,99,91,49,32,15" hai3="25,90,27,2,73,129,101,45,75,121,63,3,0"/><V33/><F119/><W42/><G121/><T96/><D35/><U87/><E104/><V125/><F125/><W89/><G101/><T52/><D40/><U133/><E72/><V100/><F100/><W34/><G129/><T79/><D123/><U67/><E4/><V71/><F71/><W118/><G118/><T78/><D21/><U108/><E108/><V54/><F41/><W38/><G73/><T85/><D94/><U46/><E87/><V60/><F60/><W1/><G75/><T64/><D96/><U31/><E112/><V13/><F33/><W74/><G74/><T122/><D122/><U76/><E76/><V19/><F32/><W115/><G115/><T39/><D39/><U29/><E130/><V69/><F69/><W5/><G5/><T56/><D81/><U6/><E6/><V84/><F77/><W26/><G34/><T66/><D78/><U16/><E127/><V103/><F99/><W126/><G126/><T43/><D43/><N who="1" m="24671" /><E133/><V128/><F128/><W105/><G105/><T9/><D66/><N who="1" m="25099" /><E132/><V17/><F49/><W131/><G131/><T135/><D135/><U92/><E92/><V61/><F61/><W116/><G116/><T97/><D97/><U93/><E93/><V68/><F68/><W98/><G98/><T22/><D30/><U62/><E62/><V107/><F107/><W106/><G106/><T124/><D124/><U117/><E117/><V70/><F70/><W95/><G95/><T7/><D28/><U109/><E109/><V114/><F114/><W11/><G63/><N who="0" m="38015" /><D7/><U44/><E44/><V111/><F111/><RYUUKYOKU ba="1,0" sc="280,0,273,0,249,0,198,0" hai0="9,10,14,22,51,52,56,79,82,85" hai1="16,23,29,31,50,55,57" hai2="13,15,17,19,54,80,83,84,86,88,91,102,103" hai3="0,1,2,3,11,25,26,27,38,42,45,89,90" /><INIT seed="2,2,0,4,0,44" ten="280,273,249,198" oya="2" hai0="111,73,92,85,114,38,82,5,95,64,135,106,121" hai1="61,29,6,36,126,50,72,1,45,116,84,66,54" hai2="89,132,112,76,120,134,81,10,115,68,24,34,78" hai3="83,77,60,33,93,131,11,31,86,117,58,104,67"/><V123/><F68/><W103/><G117/><T26/><D38/><U65/><E72/><V56/><F56/><W21/><G131/><T42/><D42/><U41/><E116/><V62/><F62/><W39/><G39/><T71/><D26/><U22/><E126/><V80/><F10/><W48/><G33/><T17/><D17/><U2/><E6/><V32/><F24/><W125/><G125/><T128/><D64/><U28/><E66/><V37/><F37/><W52/><G104/><T57/><D57/><U18/><E84/><V105/><F89/><W100/><G93/><T15/><D95/><U23/><E2/><V110/><REACH who="2" step="1"/><F105/><REACH who="2" ten="280,273,239,198" step="2"/><W25/><G11/><T13/><D106/><U55/><E61/><V53/><F53/><W14/><G14/><T94/><D15/><U7/><E55/><V127/><F127/><W47/><AGARI ba="2,1" hai="21,25,31,47,48,52,58,60,67,77,83,86,100,103" machi="47" ten="20,8000,1" yaku="0,1,7,1,8,1,52,1,54,1" doraHai="44" who="3" fromWho="3" sc="280,-22,273,-22,239,-42,198,96" /><INIT seed="3,0,0,3,0,112" ten="258,251,197,294" oya="3" hai0="68,105,117,107,6,18,33,26,101,93,72,127,108" hai1="125,19,63,82,85,53,10,91,55,103,116,104,120" hai2="100,15,52,24,113,27,81,13,51,132,40,133,83" hai3="34,86,131,60,128,106,92,48,31,50,7,79,84"/><W114/><G106/><T109/><D6/><U57/><E120/><V67/><F113/><W73/><G114/><T58/><D72/><U39/><E39/><V32/><F100/><W21/><G34/><T135/><D68/><U89/><E125/><V23/><F67/><W130/><G7/><T28/><D127/><U0/><E0/><V30/><F40/><W29/><G60/><T41/><D41/><U54/><E116/><V59/><F13/><W90/><G73/><T96/><D18/><U88/><E103/><V4/><F15/><W69/><G69/><T8/><D8/><U76/><E104/><N who="0" m="40009" /><D58/><U77/><E77/><V12/><F12/><AGARI ba="0,0" hai="10,12,19,53,54,55,57,63,76,82,85,88,89,91" machi="12" ten="40,2600,0" yaku="8,1,54,1" doraHai="112" who="1" fromWho="2" sc="258,0,251,26,197,-26,294,0" /><INIT seed="4,0,0,5,3,116" ten="258,277,171,294" oya="0" hai0="108,17,56,2,80,10,33,28,18,19,0,63,15" hai1="87,70,105,23,93,77,92,133,73,90,1,9,5" hai2="11,35,76,103,125,110,106,72,115,129,44,96,100" hai3="85,54,14,66,121,94,38,27,7,51,4,95,57"/><T59/><D59/><U124/><E105/><V32/><F110/><W118/><G38/><T13/><D108/><U30/><E70/><V99/><F115/><W31/><G118/><T39/><D39/><U97/><E124/><V111/><F111/><W6/><G66/><T41/><D41/><U69/><E69/><V82/><F125/><W52/><G121/><T22/><D80/><U107/><E107/><V62/><F129/><W122/><G122/><T130/><D130/><U102/><E133/><V61/><F11/><W117/><G117/><T88/><D88/><U16/><E30/><V37/><F62/><W64/><G64/><T135/><D135/><U74/><REACH who="1" step="1"/><E77/><REACH who="1" ten="258,267,171,294" step="2"/><V45/><F61/><W47/><G31/><T20/><D63/><U120/><E120/><V134/><F134/><W98/><G95/><T78/><D78/><U109/><E109/><V81/><F81/><W113/><G113/><T89/><D89/><U123/><E123/><V26/><F82/><W43/><G94/><T128/><D128/><U29/><E29/><V114/><F106/><W71/><G71/><T40/><D40/><U127/><E127/><V65/><F114/><W91/><G43/><T25/><D56/><U79/><E79/><V55/><F76/><W86/><G57/><T119/><D119/><U21/><E21/><V104/><F104/><W49/><G91/><T132/><D132/><U58/><E58/><V131/><F131/><W36/><G47/><T50/><D50/><U48/><E48/><N who="2" m="29063" /><F45/><W112/><G112/><T67/><D67/><U68/><E68/><V12/><F37/><RYUUKYOKU ba="0,1" sc="258,15,267,15,171,-15,294,-15" hai0="0,2,10,13,15,17,18,19,20,22,25,28,33" hai1="1,5,9,16,23,73,74,87,90,92,93,97,102" /><INIT seed="4,1,1,1,4,132" ten="273,282,156,279" oya="0" hai0="31,9,66,22,60,100,17,69,23,94,127,96,114" hai1="121,118,6,106,62,97,92,65,28,51,35,59,0" hai2="2,43,26,99,113,44,61,3,63,64,133,107,77" hai3="125,83,108,105,42,10,73,81,123,85,30,86,122"/><T47/><D114/><U20/><E118/><V78/><F113/><W90/><G30/><T33/><D127/><U55/><E121/><N who="3" m="46090" /><G42/><T58/><D47/><U102/><E35/><V5/><F133/><W50/><G50/><T82/><D69/><U25/><E0/><V40/><F26/><W45/><G45/><T71/><D71/><U131/><E131/><V15/><F15/><W27/><G27/><N who="0" m="16895" /><D33/><U14/><E106/><V54/><F44/><W76/><G10/><T134/><D134/><U4/><REACH who="1" step="1"/><E14/><REACH who="1" ten="273,272,156,279" step="2"/><V53/><F107/><W56/><G105/><T38/><D38/><U116/><E116/><V74/><F2/><W11/><G108/><T89/><D9/><U88/><E88/><V124/><F3/><W115/><G90/><T110/><D110/><U128/><E128/><V52/><F5/><W19/><G115/><T37/><D37/><U120/><E120/><V67/><F99/><W80/><G76/><N who="2" m="29289" /><F74/><W12/><G73/><T111/><D111/><U21/><E21/><V101/><F101/><W104/><G104/><T1/><D1/><U13/><E13/><V93/><F124/><W29/><G125/><T72/><D72/><U70/><AGARI ba="1,2" hai="4,6,20,25,28,51,55,59,62,65,70,92,97,102" machi="70" ten="20,2700,0" yaku="1,1,0,1,7,1,53,0" doraHai="132" doraHaiUra="36" who="1" fromWho="1" sc="273,-14,272,50,156,-8,279,-8" /><INIT seed="5,0,0,2,3,32" ten="259,322,148,271" oya="1" hai0="0,26,42,34,122,103,30,66,45,79,116,6,121" hai1="118,58,78,120,14,72,87,85,70,10,67,124,3" hai2="18,92,112,25,60,115,75,40,106,73,61,7,35" hai3="17,38,31,16,111,28,127,69,130,126,99,36,119"/><U49/><E120/><N who="0" m="46185" /><D116/><U100/><E118/><V8/><F106/><W110/><G119/><T108/><D108/><N who="3" m="41513" /><G99/><T109/><D109/><U132/><E132/><V62/><F40/><W20/><G20/><T27/><D103/><U135/><E135/><V23/><F35/><W50/><G50/><T86/><D66/><U114/><E114/><N who="2" m="43563" /><F92/><W107/><G69/><T64/><D64/><U131/><E131/><V71/><F71/><W128/><G107/><T4/><D27/><U54/><E124/><N who="3" m="47658" /><G36/><N who="0" m="21703" /><D6/><U105/><E105/><V55/><F55/><W90/><G90/><T95/><D95/><U76/><E54/><V63/><N who="2" m="15360" /><DORA hai="2" /><V12/><AGARI ba="0,0" hai="7,8,12,18,23,25,73,75" m="15360,43563" machi="12" ten="50,8000,1" yaku="4,1,15,1,11,1,52,1" doraHai="32,2" who="2" fromWho="2" sc="259,-20,322,-40,148,80,271,-20" /><INIT seed="6,0,0,5,2,78" ten="239,282,228,251" oya="2" hai0="82,120,1,133,93,119,99,126,131,33,72,41,47" hai1="22,38,122,104,90,91,35,134,87,36,115,95,73" hai2="125,56,110,85,25,26,54,6,128,108,127,77,76" hai3="51,107,19,135,50,14,32,75,132,67,121,103,113"/><V2/><F128/><W64/><G32/><T114/><RYUUKYOKU type="yao9" ba="0,0" sc="239,0,282,0,228,0,251,0" hai0="1,33,41,47,72,82,93,99,114,119,120,126,131,133" /><INIT seed="6,1,0,2,5,87" ten="239,282,228,251" oya="2" hai0="49,65,54,4,105,112,12,44,110,71,100,108,59" hai1="122,131,91,127,29,58,102,114,113,118,26,24,123" hai2="135,109,38,73,129,117,28,52,25,9,20,130,89" hai3="76,115,1,18,79,104,121,32,31,47,56,85,128"/><V132/><F38/><W30/><G121/><N who="1" m="46090" /><E118/><V46/><F73/><W22/><G128/><N who="2" m="49257" /><F117/><W8/><G104/><T125/><D100/><U99/><E131/><V95/><F9/><W40/><G56/><T57/><D12/><U72/><E72/><V43/><F109/><N who="0" m="42090" /><D4/><U33/><E127/><V41/><F52/><W14/><G115/><T70/><D105/><N who="1" m="63711" /><E26/><V51/><F43/><W92/><G31/><T133/><D125/><U2/><E2/><V80/><F80/><W19/><G32/><T45/><D112/><U103/><E103/><V36/><F36/><W10/><G30/><T88/><D88/><U78/><E78/><V66/><F66/><W124/><G124/><T13/><D13/><U16/><E91/><V134/><F134/><W61/><G1/><T3/><D3/><U90/><E90/><V35/><F35/><W15/><G22/><T69/><D133/><U68/><E33/><V64/><F64/><W98/><G85/><AGARI ba="1,0" hai="20,25,28,41,46,51,85,89,95,132,135" m="49257" machi="85" ten="30,2900,0" yaku="19,1,52,1" doraHai="87" who="2" fromWho="3" sc="239,0,282,0,228,32,251,-32" /><INIT seed="6,2,0,2,3,53" ten="239,282,260,219" oya="2" hai0="58,28,99,109,4,25,127,33,105,86,122,124,32" hai1="75,68,44,19,30,96,123,21,70,23,8,9,5" hai2="67,116,3,43,60,55,17,42,6,129,71,16,103" hai3="95,125,51,83,61,50,45,38,132,120,47,74,13"/><V64/><F116/><W40/><G120/><T87/><D122/><U82/><E123/><V78/><F129/><W26/><G132/><T10/><D109/><U133/><E133/><V62/><F78/><W119/><G119/><T93/><D33/><U57/><E96/><V84/><F103/><W110/><G110/><T69/><D69/><U121/><E121/><V12/><F84/><W94/><G125/><N who="0" m="48203" /><D105/><U31/><E44/><V1/><F55/><W102/><G38/><T35/><D35/><U36/><E36/><V134/><F134/><W104/><G104/><T24/><D24/><U20/><E20/><V49/><F6/><W72/><G26/><T89/><D58/><U106/><E57/><V128/><F128/><W22/><G61/><T88/><D89/><U27/><E27/><V117/><F117/><W56/><G56/><T81/><D81/><U29/><E106/><V34/><F34/><W130/><G130/><T54/><D54/><U111/><E82/><V131/><F131/><W41/><G83/><T59/><D59/><U79/><E70/><V48/><F71/><W66/><G66/><T107/><D107/><U63/><E63/><V101/><F101/><W100/><G22/><T92/><D92/><U77/><E23/><V118/><F118/><W98/><REACH who="3" step="1"/><G98/><REACH who="3" ten="239,282,260,209" step="2"/><T108/><D108/><U11/><E21/><V65/><F65/><W46/><G46/><T80/><D80/><U7/><E111/><V97/><F97/><W90/><G90/><T135/><D135/><U126/><E126/><V14/><AGARI ba="2,1" hai="1,3,12,14,16,17,42,43,48,49,60,62,64,67" machi="14" ten="25,9600,0" yaku="0,1,22,2,54,1" doraHai="53" who="2" fromWho="2" sc="239,-34,282,-34,260,112,209,-34" /><INIT seed="6,3,0,2,0,29" ten="205,248,372,175" oya="2" hai0="56,108,58,51,54,7,64,91,110,1,17,35,42" hai1="38,9,25,21,116,99,55,115,135,6,123,4,105" hai2="0,126,79,15,23,129,112,95,2,119,83,73,96" hai3="120,18,14,80,118,11,93,121,41,94,101,97,68"/><V47/><F119/><W36/><G118/><T131/><D7/><U67/><E116/><V127/><F47/><W62/><G36/><T12/><D1/><U27/><E38/><V125/><F112/><W44/><G80/><T77/><D77/><U86/><E115/><V107/><F107/><W72/><G72/><T49/><D131/><U57/><E67/><V46/><F46/><W132/><G132/><T19/><D42/><U32/><E135/><V33/><F33/><W61/><G93/><T84/><D35/><U103/><E123/><V113/><F113/><W82/><G82/><T106/><D106/><U48/><E86/><V37/><F129/><W22/><G44/><T122/><D122/><U85/><E85/><V109/><F109/><W43/><G121/><T53/><D64/><U24/><E32/><V30/><F37/><W134/><G134/><T10/><REACH who="0" step="1"/><D19/><REACH who="0" ten="195,248,372,175" step="2"/><U70/><E4/><V50/><F0/><W75/><G120/><T13/><D13/><U31/><E70/><V130/><F2/><AGARI ba="3,1" hai="2,6,9,21,24,25,27,31,48,55,57,99,103,105" machi="2" ten="30,1000,0" yaku="7,1" doraHai="29" who="1" fromWho="2" sc="195,0,248,29,372,-19,175,0" /><INIT seed="7,0,0,3,2,108" ten="195,277,353,175" oya="3" hai0="55,90,22,76,10,62,6,122,99,39,85,110,18" hai1="60,49,53,42,44,56,0,20,117,128,125,86,41" hai2="2,38,89,35,12,118,72,96,11,95,73,64,7" hai3="121,88,52,74,1,123,33,48,109,127,135,126,8"/><W120/><G109/><T102/><D39/><U116/><E0/><V124/><F38/><W23/><G33/><T68/><D122/><U131/><E20/><V58/><F118/><N who="1" m="45673" /><E86/><V100/><F35/><W40/><G40/><N who="1" m="15466" /><E125/><N who="3" m="47626" /><G74/><T134/><D76/><U65/><AGARI ba="0,0" hai="44,49,53,56,60,65,128,131" m="15466,45673" machi="65" ten="30,4000,0" yaku="12,1,34,2" doraHai="108" who="1" fromWho="1" sc="195,-10,277,40,353,-10,175,-20" owari="185,-21.0,317,12.0,343,43.0,155,-34.0" /></mjloggm>