<mjloggm ver="2.3"><GO type="97" lobby="0"/><UN n0="%E3%82%AA%E3%82%AF%E3%83%A9%E3%82%B2%E2%96%A1%E6%98%9F%E4%BA%BA" n1="%E5%B0%B1%E6%B4%BB%E7%94%9F%40%E5%B7%9D%E6%9D%91%E8%BB%8D%E5%9B%A3" n2="%43%69%6E%65%63%75%73%73" n3="%2D%70%6F%6E%70%6F%6E%2D" dan="13,14,16,13" rate="1915.01,1944.21,2037.41,1835.85" sx="M,M,M,M"/><TAIKYOKU oya="0"/><INIT seed="0,0,0,5,4,17" ten="250,250,250,250" oya="0" hai0="119,74,1,90,31,82,46,41,116,27,103,66,26" hai1="3,34,60,81,10,129,47,51,94,101,122,67,44" hai2="100,55,135,63,69,30,52,79,68,83,49,118,87" hai3="107,23,36,62,37,15,18,59,110,29,13,98,89"/><T11/><D103/><U22/><E122/><V24/><F135/><W113/><G113/><T48/><D27/><U50/><E34/><V42/><F118/><W45/><G110/><T104/><D104/><U7/><E129/><V88/><F42/><W35/><G45/><T102/><D102/><U117/><E117/><V86/><F100/><W78/><G78/><T40/><D66/><U58/><E81/><V128/><F128/><W121/><G121/><T132/><D41/><U38/><E38/><V125/><F125/><W75/><G75/><T57/><D57/><U19/><E94/><V106/><F106/><W84/><G107/><T61/><D61/><U72/><E72/><V20/><F63/><W99/><G35/><T12/><D1/><U70/><E101/><V9/><F9/><W114/><G29/><T124/><D124/><U126/><E126/><V71/><REACH who="2" step="1"/><F49/><REACH who="2" ten="250,250,240,250" step="2"/><W28/><G37/><T115/><D115/><U95/><E51/><V131/><F131/><W33/><G36/><T96/><D116/><U77/><E50/><V0/><F0/><W123/><G114/><T65/><D119/><U109/><E109/><V64/><F64/><W112/><G123/><T108/><D132/><U56/><E67/><V111/><F111/><W16/><G112/><T21/><D108/><U5/><E60/><V133/><F133/><W54/><G33/><T97/><D65/><U76/><E3/><V130/><F130/><W92/><REACH who="3" step="1"/><G28/><REACH who="3" ten="250,250,240,240" step="2"/><T120/><D120/><U25/><E70/><V32/><F32/><W4/><G4/><N who="0" m="3175" /><D74/><U105/><E5/><V39/><F39/><RYUUKYOKU ba="0,2" sc="250,10,250,-30,240,10,240,10" hai0="21,26,31,40,46,48,82,90,96,97" hai2="20,24,30,52,55,68,69,71,79,83,86,87,88" hai3="13,15,16,18,23,54,59,62,84,89,92,98,99" /><INIT seed="0,1,2,2,1,2" ten="260,220,250,250" oya="0" hai0="72,21,1,10,80,11,125,110,131,0,120,48,41" hai1="112,55,14,73,93,128,116,94,65,49,126,99,129" hai2="81,44,6,17,18,113,92,16,56,118,34,23,135" hai3="88,64,26,8,39,12,95,127,66,45,132,50,83"/><T13/><D120/><U98/><E116/><V91/><F34/><W9/><G39/><T106/><D106/><U86/><E73/><V19/><F113/><W101/><G132/><T96/><D96/><N who="1" m="36907" /><E126/><V30/><F135/><W89/><G127/><T58/><D125/><U63/><E86/><N who="2" m="52343" /><F30/><W35/><G101/><T133/><D133/><U76/><E76/><V38/><F38/><W43/><G9/><T97/><D97/><U109/><E109/><V42/><F118/><W122/><G122/><T119/><D119/><U54/><E112/><V90/><F42/><W33/><G83/><T117/><D117/><U121/><E14/><N who="2" m="9623" /><F44/><W57/><G35/><T53/><D110/><U69/><E121/><V52/><F6/><N who="3" m="3095" /><G33/><T40/><D131/><N who="1" m="50251" /><E55/><V4/><F4/><W114/><G114/><T115/><D115/><U22/><E22/><V100/><F100/><W84/><G89/><T104/><D104/><U71/><E69/><V7/><F7/><W82/><G82/><T67/><D80/><U107/><E107/><V46/><F46/><AGARI ba="1,2" hai="46,49,54,63,65,71,93,94" m="50251,36907" machi="46" ten="30,1000,0" yaku="19,1" doraHai="2" who="1" fromWho="2" sc="260,0,220,33,250,-13,250,0" /><INIT seed="1,0,0,3,5,76" ten="260,253,237,250" oya="1" hai0="1,31,127,18,119,106,133,59,65,19,99,71,25" hai1="47,27,24,102,39,16,88,64,73,51,10,17,36" hai2="9,81,107,124,22,95,6,35,101,86,128,98,48" hai3="60,42,84,130,63,20,94,97,54,104,68,4,3"/><U74/><E102/><V46/><F35/><W33/><G33/><T110/><D119/><U89/><E64/><V116/><F128/><W75/><G75/><T66/><D1/><U55/><E10/><V82/><F124/><W40/><G130/><T58/><D110/><U83/><E47/><V32/><F32/><W29/><G104/><T109/><D109/><U80/><E55/><V57/><F116/><W43/><G3/><T38/><D38/><U23/><E51/><V92/><F22/><AGARI ba="0,0" hai="16,17,22,23,24,27,36,39,73,74,80,83,88,89" machi="22" ten="25,18000,2" yaku="22,2,52,2,54,2" doraHai="76" who="1" fromWho="2" sc="260,0,253,180,237,-180,250,0" /><INIT seed="1,1,0,0,1,124" ten="260,433,57,250" oya="1" hai0="39,75,126,112,105,10,47,100,121,16,134,54,38" hai1="26,118,123,122,120,19,27,86,109,4,21,97,42" hai2="53,101,125,117,14,110,99,24,31,119,40,104,8" hai3="18,85,50,129,1,37,15,62,0,69,80,96,65"/><U74/><E74/><V131/><F125/><W72/><G37/><T84/><D126/><U32/><E118/><V23/><F40/><W52/><G72/><T71/><D71/><U49/><E109/><V33/><F110/><W106/><G106/><T28/><D112/><U22/><E97/><V36/><F36/><W58/><G96/><T45/><D75/><U67/><E67/><V102/><F102/><W95/><G129/><T64/><D64/><U91/><E32/><V30/><F30/><W135/><G135/><T9/><D28/><U34/><E34/><V44/><F33/><W133/><G133/><T115/><D115/><U111/><E111/><V79/><F79/><W114/><G114/><T43/><D134/><U92/><E4/><V57/><F44/><W41/><G41/><T46/><D121/><U127/><E127/><V3/><F3/><W113/><G113/><T29/><D29/><U17/><E42/><V82/><F82/><W132/><G132/><T76/><D39/><U56/><E56/><V11/><F131/><W107/><G107/><T116/><D116/><U90/><E49/><V88/><F88/><AGARI ba="1,0" hai="17,19,21,22,26,27,86,88,90,91,92,120,122,123" machi="88" ten="40,3900,0" yaku="9,1,54,1" doraHai="124" who="1" fromWho="2" sc="260,0,433,42,57,-42,250,0" /><INIT seed="1,2,0,5,4,56" ten="260,475,15,250" oya="1" hai0="26,13,72,120,101,33,125,19,104,73,100,20,29" hai1="53,68,52,114,12,99,126,84,122,1,49,27,24" hai2="8,90,117,93,14,36,30,77,74,32,44,87,66" hai3="65,118,67,105,130,64,119,70,127,3,45,134,113"/><U98/><E1/><V17/><F117/><N who="3" m="44555" /><G105/><T31/><D125/><U96/><E68/><V92/><F32/><W18/><G3/><T124/><D124/><U133/><E126/><V116/><F116/><W22/><G127/><T57/><D120/><U54/><E122/><V131/><F131/><W34/><G34/><T2/><D2/><U11/><E114/><V79/><F74/><W89/><G113/><T107/><D31/><U81/><E133/><V4/><F30/><W78/><G78/><T69/><D69/><U5/><REACH who="1" step="1"/><E49/><REACH who="1" ten="260,465,15,250" step="2"/><V109/><F109/><W41/><G134/><T60/><D107/><U0/><E0/><V16/><F66/><W129/><G70/><T111/><D111/><U121/><E121/><V25/><F92/><W62/><G130/><T88/><D104/><U75/><E75/><V94/><F94/><W132/><G129/><T38/><D73/><U42/><E42/><V103/><F103/><W63/><G132/><T80/><D72/><U23/><E23/><N who="2" m="13543" /><F36/><N who="3" m="21671" /><G89/><AGARI ba="2,1" hai="5,11,12,24,27,52,53,54,81,84,89,96,98,99" machi="89" ten="40,12000,1" yaku="1,1,8,1,54,1,53,1" doraHai="56" doraHaiUra="6" who="1" fromWho="3" sc="260,0,465,136,15,0,250,-126" /><INIT seed="1,3,0,5,0,20" ten="260,601,15,124" oya="1" hai0="0,6,35,90,3,46,29,109,39,77,12,61,48" hai1="7,86,8,17,124,24,94,68,54,23,115,25,49" hai2="19,37,119,99,105,62,108,95,16,132,71,72,66" hai3="50,65,75,102,122,101,82,104,81,44,79,76,51"/><U131/><E68/><V55/><F119/><W9/><G65/><T116/><D116/><U106/><E106/><V134/><F72/><W127/><G9/><T22/><D109/><U43/><E115/><V28/><F37/><W64/><G64/><T52/><D39/><U26/><E124/><V114/><F114/><W69/><G69/><T93/><D77/><U91/><E43/><V73/><F73/><W83/><G44/><T130/><D130/><U85/><E131/><V110/><F105/><W123/><G104/><T87/><D35/><U118/><E118/><V1/><F1/><W88/><G127/><T10/><D61/><U111/><E111/><N who="2" m="42539" /><F55/><W103/><G75/><T18/><REACH who="0" step="1"/><D29/><REACH who="0" ten="250,601,15,124" step="2"/><U33/><E33/><V21/><F28/><W30/><G30/><T107/><D107/><U96/><E7/><V42/><F42/><W47/><G47/><T70/><D70/><U126/><E126/><V97/><F97/><W120/><REACH who="3" step="1"/><G88/><REACH who="3" ten="250,601,15,114" step="2"/><T63/><D63/><U98/><E98/><V38/><F38/><W31/><G31/><T128/><D128/><U2/><E2/><AGARI ba="3,2" hai="0,2,3,6,10,12,18,22,46,48,52,87,90,93" machi="2" ten="30,3900,0" yaku="1,1,7,1,54,1,53,0" doraHai="20" doraHaiUra="113" who="0" fromWho="1" sc="250,68,601,-48,15,0,114,0" /><INIT seed="2,0,0,3,2,56" ten="318,553,15,114" oya="2" hai0="89,115,88,27,92,128,78,77,116,79,50,39,12" hai1="74,95,64,105,7,84,114,132,20,110,104,9,122" hai2="52,69,65,71,51,118,19,2,85,49,62,34,117" hai3="14,29,16,125,37,45,25,98,113,96,43,28,107"/><V58/><F34/><W36/><G113/><T82/><D39/><U102/><E74/><V99/><F2/><W83/><G125/><T103/><D115/><U120/><E114/><V93/><F85/><W135/><G135/><T47/><D128/><U40/><E110/><V18/><F71/><W24/><G83/><T10/><D116/><U54/><E132/><V8/><F49/><W112/><G112/><T17/><D103/><U108/><E108/><V134/><F134/><W87/><G87/><T13/><D27/><U44/><E64/><V119/><REACH who="2" step="1"/><F8/><REACH who="2" ten="318,553,5,114" step="2"/><W3/><G37/><T94/><D82/><U30/><E9/><V106/><F106/><W67/><G3/><T75/><D75/><U100/><E105/><V68/><F68/><W124/><G107/><T81/><D81/><U131/><E104/><V109/><F109/><W22/><G124/><T1/><D1/><U35/><E84/><V6/><F6/><W46/><G46/><T111/><D111/><U101/><E7/><V91/><AGARI ba="0,1" hai="18,19,51,52,58,62,65,69,91,93,99,117,118,119" machi="91" ten="30,11700,0" yaku="1,1,0,1,52,1,54,1,53,0" doraHai="56" doraHaiUra="126" who="2" fromWho="2" sc="318,-39,553,-39,5,127,114,-39" /><INIT seed="2,1,0,1,0,120" ten="279,514,132,75" oya="2" hai0="64,38,8,68,128,122,96,90,32,22,15,30,94" hai1="11,132,114,53,112,31,110,23,40,119,18,24,6" hai2="125,72,47,99,102,25,107,9,5,133,130,10,93" hai3="84,100,85,19,29,2,134,35,44,87,14,105,76"/><V56/><F72/><W88/><G2/><T73/><D73/><U16/><E40/><V109/><F133/><W118/><G134/><T70/><D38/><U115/><E119/><V51/><F130/><W3/><G118/><T75/><D75/><U108/><E53/><V113/><F113/><W126/><G3/><T116/><D116/><U77/><E77/><V65/><F125/><W34/><G126/><T27/><D122/><U41/><E41/><V21/><F107/><W39/><G76/><T67/><D128/><U50/><E50/><V124/><F124/><W49/><G39/><T117/><D117/><U43/><E43/><V97/><F97/><W1/><G1/><T20/><D68/><U111/><E132/><V45/><F9/><W37/><G37/><T78/><D78/><U12/><AGARI ba="1,0" hai="6,11,12,16,18,23,24,31,108,110,111,112,114,115" machi="12" ten="40,16000,3" yaku="0,1,14,1,34,3,52,3,54,1" doraHai="120" who="1" fromWho="1" sc="279,-41,514,163,132,-81,75,-41" /><INIT seed="3,0,0,0,4,77" ten="238,677,51,34" oya="3" hai0="1,75,87,97,104,107,134,12,86,103,129,85,111" hai1="98,73,88,91,113,51,135,0,28,106,3,89,54" hai2="31,79,68,118,16,64,5,82,17,21,81,20,58" hai3="40,92,112,18,70,8,55,127,30,39,96,105,101"/><W7/><G112/><T110/><D1/><U10/><E91/><V122/><F68/><W133/><G70/><T66/><D66/><U25/><E51/><V48/><F122/><W57/><G133/><T42/><D42/><U72/><E73/><V130/><F118/><W6/><G127/><T41/><D41/><U14/><E72/><V4/><F130/><W35/><G18/><T71/><D71/><U125/><E89/><V94/><F31/><W9/><G105/><N who="0" m="63727" /><D12/><U36/><E25/><N who="2" m="14471" /><F94/><W131/><G131/><T53/><D53/><U114/><E98/><V76/><F79/><W24/><G40/><T11/><D11/><U62/><E54/><N who="2" m="32071" /><F64/><W37/><G9/><T26/><D129/><U93/><E62/><V59/><F59/><W108/><G108/><N who="0" m="41515" /><D134/><U84/><E10/><V44/><F44/><W34/><G34/><T50/><D50/><U90/><E84/><V121/><F121/><W15/><REACH who="3" step="1"/><G7/><REACH who="3" ten="238,677,51,24" step="2"/><T47/><D107/><U120/><E106/><V119/><F119/><W61/><AGARI ba="0,1" hai="6,8,15,24,30,35,37,39,55,57,61,92,96,101" machi="61" ten="20,12000,1" yaku="1,1,2,1,0,1,7,1,53,1" doraHai="77" doraHaiUra="27" who="3" fromWho="3" sc="238,-40,677,-40,51,-40,24,130" /><INIT seed="3,1,0,3,5,30" ten="198,637,11,154" oya="3" hai0="9,2,91,32,71,45,86,115,38,99,14,34,84" hai1="24,129,35,125,5,88,25,16,31,92,96,3,41" hai2="11,50,58,93,28,51,75,65,95,26,12,60,107" hai3="64,110,80,108,54,67,127,94,102,135,118,133,29"/><W0/><G0/><T33/><BYE who="2" /><D71/><U56/><E129/><V120/><F120/><W43/><G118/><T130/><D130/><U111/><E111/><N who="3" m="42538" /><G43/><UN n2="%43%69%6E%65%63%75%73%73" /><T89/><D115/><U113/><E113/><V117/><F107/><W62/><G80/><T47/><D2/><U15/><E125/><V83/><F75/><W106/><G106/><T78/><D78/><U131/><E131/><V10/><F83/><W23/><G127/><T103/><D38/><U6/><E41/><V20/><F117/><W36/><G36/><T42/><D42/><U128/><E128/><V123/><F123/><W69/><G54/><T73/><D73/><U48/><E25/><V119/><F119/><W19/><G29/><T81/><D99/><U44/><E3/><V116/><F116/><W27/><G67/><T100/><D47/><U52/><E44/><V87/><F93/><W79/><G79/><T121/><D45/><U53/><E53/><V72/><F72/><W76/><G76/><T97/><D97/><AGARI ba="1,0" hai="19,23,27,62,64,69,94,97,102,133,135" m="42538" machi="97" ten="30,2900,0" yaku="14,1,10,1" doraHai="30" who="3" fromWho="0" sc="198,-32,637,0,11,0,154,32" /><INIT seed="3,2,0,5,5,61" ten="166,637,11,186" oya="3" hai0="67,27,21,124,90,131,52,87,134,125,19,75,115" hai1="20,35,89,96,58,93,26,80,2,108,94,12,95" hai2="57,78,3,72,86,4,132,69,51,25,81,100,16" hai3="120,50,38,18,30,113,37,130,6,84,119,73,129"/><W103/><G73/><T22/><D75/><U45/><BYE who="2" /><E2/><V97/><F97/><W56/><G120/><T46/><D115/><U5/><E108/><V74/><F74/><W135/><G113/><T122/><D122/><U36/><E35/><V48/><F48/><W88/><G103/><T11/><D67/><U111/><E111/><V110/><F110/><W29/><G119/><T39/><D39/><N who="3" m="14857" /><G6/><T83/><D131/><N who="3" m="50185" /><G18/><T59/><D46/><U8/><E58/><V91/><F91/><W47/><G135/><T85/><D134/><U112/><E112/><V66/><F66/><W14/><G56/><T105/><D105/><U133/><E133/><V55/><F55/><N who="3" m="30175" /><G14/><N who="0" m="7647" /><D85/><N who="1" m="50343" /><E45/><V117/><F117/><W42/><G42/><T76/><D76/><U63/><E36/><V107/><F107/><W43/><G43/><T70/><D70/><U109/><E109/><V79/><F79/><W1/><G1/><T10/><D10/><U99/><E63/><V121/><F121/><W64/><G64/><T102/><D102/><U34/><E34/><V98/><F98/><W71/><G71/><T68/><D68/><U65/><E65/><V17/><F17/><AGARI ba="2,0" hai="5,8,12,17,20,26,93,94,95,96,99" m="50343" machi="17" ten="30,1000,0" yaku="8,1" doraHai="61" who="1" fromWho="2" sc="166,0,637,16,11,-16,186,0" owari="166,-23.0,653,75.0,-5,-51.0,186,-1.0" /></mjloggm>