<mjloggm ver="2.3"><GO type="169" lobby="0"/><UN n0="%74%75%74%69%79%61" n1="%35%79%61" n2="%E3%81%8D%E3%81%8F%E3%81%A6%E3%81%83%E3%81%99%E2%98%86" n3="%E3%82%A6%E3%83%AB%E3%83%88%E3%83%A9%E7%AB%8B%E7%9B%B4" dan="16,16,16,17" rate="2083.32,2091.73,2129.18,2173.73" sx="M,M,M,M"/><TAIKYOKU oya="0"/><INIT seed="0,0,0,1,5,61" ten="250,250,250,250" oya="0" hai0="52,39,55,82,96,122,10,54,89,129,19,95,90" hai1="32,107,73,7,88,14,84,114,81,76,117,9,12" hai2="109,47,64,31,100,60,120,92,69,125,105,80,70" hai3="34,72,93,23,1,118,48,49,22,20,103,15,121"/><T102/><D122/><U68/><E117/><V35/><F120/><W13/><G121/><T106/><D129/><U86/><E68/><N who="2" m="41991" /><F92/><W8/><G118/><T77/><D39/><U116/><E116/><V115/><F109/><W66/><G72/><T74/><REACH who="0" step="1"/><D95/><REACH who="0" ten="240,250,250,250" step="2"/><U30/><E107/><V135/><F115/><W123/><G93/><T94/><D94/><U18/><E114/><V83/><F125/><W16/><G123/><T3/><D3/><U46/><E81/><V4/><F83/><W38/><G38/><T51/><D51/><U112/><E112/><V133/><F80/><W0/><G49/><T43/><D43/><U42/><E42/><V24/><F135/><W63/><G48/><T97/><D97/><U45/><E45/><V79/><F133/><W67/><G0/><T87/><D87/><U59/><E86/><V119/><F119/><W111/><G1/><T124/><D124/><U11/><E84/><V126/><F47/><W128/><G128/><T26/><D26/><U62/><E46/><V78/><F126/><W21/><G111/><T101/><D101/><U71/><E73/><V91/><F91/><W27/><G103/><T132/><D132/><U113/><E88/><V75/><F75/><W134/><G134/><T130/><D130/><U25/><E25/><V40/><F40/><W131/><G131/><T5/><D5/><U65/><E113/><V44/><F4/><W37/><G37/><T99/><D99/><U29/><E7/><V58/><F44/><W2/><G2/><T33/><D33/><U110/><E32/><V53/><F35/><RYUUKYOKU ba="0,1" sc="240,30,250,-10,250,-10,250,-10" hai0="10,19,52,54,55,74,77,82,89,90,96,102,106" /><INIT seed="0,1,1,1,1,7" ten="270,240,240,240" oya="0" hai0="118,80,110,104,78,42,127,112,29,116,125,90,35" hai1="93,130,96,101,26,135,27,38,72,59,76,81,39" hai2="14,31,6,47,132,121,64,97,18,68,10,55,33" hai3="32,124,65,74,40,66,71,86,100,17,91,2,44"/><T34/><D104/><U56/><E130/><V43/><F121/><W126/><G74/><T46/><D112/><U102/><E135/><V108/><F132/><W11/><G32/><N who="0" m="12331" /><D29/><U0/><E0/><V22/><F108/><W133/><G100/><T88/><D110/><U5/><E5/><V92/><F55/><W123/><G133/><T21/><D21/><U94/><E59/><V48/><F64/><W109/><G109/><T49/><D118/><U1/><E1/><V128/><F128/><W111/><G111/><T77/><D116/><U8/><E8/><V115/><F115/><W3/><G123/><T84/><D78/><U122/><E122/><V23/><F68/><W52/><G3/><T63/><D63/><U16/><E56/><V106/><F106/><W25/><G25/><T15/><D15/><U19/><E27/><V67/><F67/><N who="3" m="25611" /><G71/><T45/><D46/><U85/><E72/><V30/><F33/><W13/><G2/><T37/><D37/><U114/><E114/><V113/><F113/><W57/><G40/><T24/><D24/><U95/><E26/><N who="2" m="14679" /><F23/><W75/><G75/><T99/><D99/><U103/><E96/><V9/><F9/><W129/><G129/><T41/><D41/><U107/><E107/><V12/><F12/><W28/><G28/><T61/><D61/><U89/><E76/><V69/><F69/><W82/><G57/><T87/><D87/><U36/><AGARI ba="1,1" hai="16,19,36,38,39,81,85,89,93,94,95,101,102,103" machi="36" ten="40,8000,1" yaku="0,1,29,2,54,1" doraHai="7" who="1" fromWho="1" sc="270,-41,240,93,240,-21,240,-21" /><INIT seed="1,0,0,2,0,130" ten="229,333,219,219" oya="1" hai0="70,20,23,54,14,87,13,81,2,102,19,63,98" hai1="68,62,88,75,15,1,50,44,134,34,9,99,85" hai2="84,104,96,60,61,78,10,93,121,22,91,122,26" hai3="17,109,112,117,30,77,65,27,6,67,33,35,59"/><U105/><E34/><V21/><F122/><W101/><G112/><T48/><D2/><U36/><E36/><V52/><F121/><W41/><G109/><T39/><D39/><U57/><E75/><V66/><F10/><W135/><G35/><T3/><D3/><U56/><E1/><V111/><F111/><W97/><G117/><T133/><D133/><U103/><E134/><V58/><F26/><W38/><G135/><T90/><D70/><U51/><E68/><V64/><F64/><W69/><G6/><T127/><D127/><U120/><E120/><V115/><F115/><W24/><G77/><T119/><D119/><U0/><E0/><V4/><F4/><W40/><G59/><T129/><D129/><U92/><E62/><V29/><F29/><W94/><G65/><T123/><D123/><U107/><E107/><V73/><F73/><W95/><G95/><N who="0" m="58719" /><D63/><U12/><E12/><N who="0" m="4713" /><D19/><U113/><E113/><V110/><F110/><W53/><G38/><T124/><D124/><U71/><E71/><V16/><F16/><W5/><G5/><T45/><AGARI ba="0,0" hai="20,23,45,48,54,81,87,90" m="4713,58719" machi="45" ten="30,1100,0" yaku="8,1" doraHai="130" who="0" fromWho="0" sc="229,11,333,-5,219,-3,219,-3" /><INIT seed="2,0,0,1,0,27" ten="240,328,216,216" oya="2" hai0="121,124,129,76,70,7,31,132,26,25,8,123,67" hai1="98,5,64,44,91,42,128,89,112,23,74,77,135" hai2="102,65,81,37,106,80,114,94,52,15,125,101,49" hai3="92,24,119,9,18,103,38,39,14,22,2,50,32"/><V21/><F114/><W131/><G119/><T133/><D124/><U11/><E112/><V105/><F37/><W104/><G104/><T57/><D129/><U55/><E128/><V122/><F125/><W47/><G131/><T10/><D70/><U73/><E64/><V51/><F122/><W75/><G75/><T126/><D76/><U99/><E55/><V115/><F115/><W108/><G108/><T90/><D126/><U110/><E110/><V111/><F111/><W79/><G79/><T100/><D90/><U20/><E77/><V61/><F106/><W60/><G60/><N who="0" m="38287" /><D100/><U116/><E116/><V96/><F105/><W4/><G92/><T1/><D25/><U16/><E44/><N who="2" m="27687" /><F102/><W41/><REACH who="3" step="1"/><G103/><REACH who="3" ten="240,328,216,206" step="2"/><T29/><D123/><U54/><E74/><V86/><F61/><W134/><G134/><N who="0" m="51819" /><D121/><U12/><E73/><V82/><F65/><W36/><G36/><T3/><D26/><U107/><E107/><V117/><F117/><W53/><G53/><T83/><D83/><U30/><E54/><V40/><F82/><W120/><G120/><T28/><D8/><U13/><E11/><V130/><F130/><W17/><G17/><T68/><D68/><U95/><E16/><N who="2" m="10399" /><F86/><W19/><G19/><T87/><D87/><U35/><E95/><V56/><F56/><W109/><G109/><T66/><D66/><U85/><E85/><V97/><F97/><W59/><G59/><T63/><D63/><U6/><E99/><V46/><AGARI ba="0,1" hai="40,46,51,80,81,94,96,101" m="10399,27687" machi="46" ten="30,6000,0" yaku="8,1,54,2" doraHai="27" who="2" fromWho="2" sc="240,-20,328,-20,216,70,206,-20" /><INIT seed="2,1,0,3,4,99" ten="220,308,286,186" oya="2" hai0="116,112,94,93,49,36,107,68,82,54,66,105,35" hai1="122,42,129,117,95,27,59,70,127,4,87,133,37" hai2="77,56,92,51,2,8,125,53,89,50,74,0,69" hai3="65,5,52,14,46,43,102,134,72,11,85,45,28"/><V64/><F125/><W76/><G72/><T55/><D36/><U111/><E27/><V26/><F51/><W81/><G134/><T15/><D112/><U91/><E4/><V32/><F8/><W79/><G65/><T75/><D35/><U67/><E91/><V78/><F64/><W47/><G28/><T9/><D116/><U119/><E95/><V83/><F69/><W23/><G23/><T115/><D115/><U101/><E101/><V31/><REACH who="2" step="1"/><F78/><REACH who="2" ten="220,308,276,186" step="2"/><W100/><G79/><T131/><D66/><U84/><E70/><V103/><F103/><N who="3" m="39467" /><G43/><T130/><D68/><U20/><E42/><V113/><F113/><W60/><G60/><T123/><D123/><U109/><E127/><V86/><AGARI ba="1,1" hai="0,2,26,31,32,50,53,56,74,77,83,86,89,92" machi="86" ten="20,3900,0" yaku="1,1,0,1,7,1,53,0" doraHai="99" doraHaiUra="97" who="2" fromWho="2" sc="220,-14,308,-14,276,52,186,-14" /><INIT seed="2,2,0,5,3,70" ten="206,294,328,172" oya="2" hai0="119,39,21,118,18,127,45,71,47,10,25,82,9" hai1="130,120,40,5,96,103,125,23,66,101,50,35,80" hai2="20,26,14,106,36,42,67,37,57,84,124,131,51" hai3="110,55,113,61,76,65,92,73,111,22,48,12,122"/><V114/><F106/><W11/><G122/><T134/><D71/><U24/><E120/><V59/><F114/><W64/><G113/><T98/><D127/><U0/><E35/><V27/><F124/><W90/><G22/><T7/><D134/><U44/><E125/><V94/><F131/><W1/><G1/><T117/><D98/><U33/><E33/><V8/><F27/><W77/><G73/><T109/><D109/><N who="3" m="41481" /><G76/><T29/><D82/><U99/><E130/><V43/><F67/><W62/><G77/><T16/><D39/><U52/><E66/><N who="3" m="25706" /><G90/><T4/><D47/><U3/><E5/><N who="0" m="2121" /><D45/><U58/><E3/><V115/><F115/><W105/><G92/><T56/><D56/><U88/><E0/><V91/><F8/><AGARI ba="2,0" hai="8,9,10,16,18,21,25,29,117,118,119" m="2121" machi="8" ten="40,8000,1" yaku="12,1,34,2,54,1" doraHai="70" who="0" fromWho="2" sc="206,86,294,0,328,-86,172,0" /><INIT seed="3,0,0,0,4,13" ten="292,294,242,172" oya="3" hai0="46,118,57,73,59,2,45,70,112,135,82,43,26" hai1="31,69,94,38,93,125,129,40,101,44,113,7,3" hai2="96,28,16,65,116,39,14,126,9,12,119,107,21" hai3="54,99,92,120,122,27,5,50,18,128,53,34,41"/><W10/><G128/><T47/><D2/><U84/><E113/><V71/><F39/><W95/><G95/><T91/><D118/><U78/><E69/><V124/><F28/><W132/><G132/><T48/><D70/><U117/><E117/><V67/><F107/><W76/><G76/><T85/><D73/><U83/><E129/><V74/><F96/><W22/><G34/><T6/><D135/><U75/><E125/><N who="2" m="48235" /><F74/><W17/><G17/><T131/><D6/><U111/><E111/><V90/><F90/><W52/><G41/><T97/><D131/><U32/><E84/><V36/><F36/><W0/><REACH who="3" step="1"/><G50/><REACH who="3" ten="292,294,242,162" step="2"/><T109/><D48/><U8/><E101/><AGARI ba="0,1" hai="0,5,10,18,22,27,52,53,54,92,99,101,120,122" machi="101" ten="40,12000,1" yaku="1,1,2,1,52,1,54,1,53,0" doraHai="13" doraHaiUra="115" who="3" fromWho="1" sc="292,0,294,-120,242,0,162,130" /><INIT seed="3,1,0,5,4,53" ten="292,174,242,292" oya="3" hai0="44,35,51,108,56,82,105,103,84,97,10,69,128" hai1="123,85,66,121,58,20,71,30,132,118,54,117,17" hai2="94,99,120,2,134,22,26,40,79,45,31,93,14" hai3="65,13,16,101,43,90,88,62,95,92,115,67,130"/><W60/><G130/><T5/><D69/><U42/><E30/><V64/><F2/><W133/><G133/><T36/><D108/><U110/><E110/><V91/><F134/><W12/><G43/><T50/><D35/><U4/><E4/><V125/><F125/><W126/><G126/><T24/><D24/><U61/><E85/><V129/><F129/><W106/><G106/><T119/><D119/><N who="1" m="45579" /><E20/><V15/><F120/><N who="1" m="46153" /><E17/><V48/><F64/><W116/><G116/><T76/><D128/><U29/><E29/><V109/><F109/><W25/><G25/><T41/><D56/><U72/><E72/><V32/><F32/><W96/><G101/><T34/><D34/><U87/><E87/><N who="2" m="52479" /><F79/><W80/><G80/><T57/><D57/><U81/><E81/><V46/><F46/><W107/><G107/><T19/><D19/><U89/><E89/><AGARI ba="1,0" hai="14,15,22,26,31,40,45,48,89,94,99" m="52479" machi="89" ten="30,1000,0" yaku="8,1" doraHai="53" who="2" fromWho="1" sc="292,0,174,-13,242,13,292,0" /><INIT seed="4,0,0,3,3,123" ten="292,161,255,292" oya="0" hai0="47,7,99,109,8,93,117,5,33,128,4,122,19" hai1="41,77,78,70,50,65,81,73,125,27,100,25,43" hai2="48,121,114,42,79,120,84,74,115,30,108,39,134" hai3="103,110,69,15,111,58,90,107,53,17,67,26,83"/><T13/><D122/><N who="2" m="47210" /><F30/><W29/><G83/><T95/><D117/><U45/><E125/><V44/><F84/><W130/><G130/><T38/><D128/><U14/><E78/><V72/><F134/><W32/><G90/><T116/><D116/><U12/><E100/><V40/><F79/><W133/><G133/><T92/><D33/><U31/><E43/><V37/><F74/><W23/><G67/><T21/><D99/><U54/><E41/><N who="2" m="15979" /><F72/><W85/><G85/><T18/><D38/><N who="2" m="14346" /><F108/><W46/><G46/><T75/><D47/><U88/><E31/><V86/><F86/><W3/><G3/><T96/><D75/><U124/><E77/><V89/><F89/><W127/><G103/><T97/><REACH who="0" step="1"/><D109/><REACH who="0" ten="282,161,255,292" step="2"/><U16/><E73/><V24/><F44/><W62/><G32/><T2/><D2/><U1/><E45/><V94/><F114/><W57/><G111/><T102/><D102/><U20/><E1/><V34/><F115/><W6/><G110/><T135/><D135/><U126/><E126/><V35/><F34/><W119/><G119/><T28/><D28/><U36/><E124/><V82/><F35/><W80/><G29/><T113/><D113/><U101/><E101/><V60/><F60/><W71/><G62/><T9/><D9/><U0/><E36/><V51/><F48/><W131/><G127/><T11/><D11/><U132/><E50/><V106/><F51/><W91/><G131/><T98/><D98/><U22/><E132/><V59/><F106/><W49/><G107/><T129/><D129/><U66/><E0/><V68/><F68/><RYUUKYOKU ba="0,1" sc="282,30,161,-10,255,-10,292,-10" hai0="4,5,7,8,13,18,19,21,92,93,95,96,97" /><INIT seed="4,1,1,2,0,38" ten="312,151,245,282" oya="0" hai0="3,24,35,76,31,4,94,48,67,10,60,5,131" hai1="109,88,14,58,78,77,82,65,74,97,86,114,135" hai2="23,57,73,118,12,33,29,133,72,116,129,104,50" hai3="26,30,55,123,63,37,85,89,9,25,98,27,101"/><T108/><D131/><U7/><E109/><V103/><F129/><W84/><G123/><T15/><D108/><U90/><E135/><V106/><F133/><W0/><G37/><T112/><D112/><U20/><E114/><V62/><F33/><W99/><G30/><T54/><D76/><U113/><E113/><V130/><F130/><W92/><G0/><T16/><D94/><N who="1" m="56535" /><E74/><V17/><F50/><W59/><REACH who="3" step="1"/><G9/><REACH who="3" ten="312,151,245,272" step="2"/><T2/><D2/><U45/><E45/><V132/><F29/><W125/><G125/><T83/><D3/><U69/><E69/><V107/><F132/><W105/><AGARI ba="1,2" hai="25,26,27,55,59,63,84,85,89,92,98,99,101,105" machi="105" ten="30,4000,0" yaku="1,1,0,1,53,1" doraHai="38" doraHaiUra="53" who="3" fromWho="3" sc="312,-21,151,-11,245,-11,272,63" /><INIT seed="5,0,0,2,4,97" ten="291,140,234,335" oya="1" hai0="52,125,116,12,6,92,102,132,73,80,20,19,16" hai1="39,34,95,49,54,119,36,94,61,59,2,86,65" hai2="78,38,44,13,26,76,48,74,108,124,120,106,22" hai3="77,0,55,105,135,11,25,62,32,109,63,57,111"/><U40/><E2/><V14/><F108/><W4/><G135/><T27/><D116/><U50/><E34/><V83/><F120/><W28/><G105/><T122/><D122/><U128/><E119/><V72/><F124/><W46/><G77/><T103/><D132/><U1/><E1/><V53/><F106/><W18/><G63/><T24/><D125/><U114/><E114/><V123/><F123/><W91/><G91/><T98/><D73/><U33/><E33/><V66/><F38/><W31/><G31/><N who="0" m="17799" /><D80/><U8/><E128/><V133/><F133/><W131/><G131/><T17/><D52/><U21/><E8/><V69/><F69/><W115/><G115/><T45/><D45/><N who="1" m="23711" /><E49/><V71/><F71/><W64/><G18/><N who="0" m="7275" /><D27/><U70/><E36/><V5/><F66/><W85/><G111/><T93/><D6/><U41/><E41/><V35/><F35/><W126/><G109/><T7/><D7/><U107/><E107/><V67/><F67/><W99/><G126/><T96/><N who="0" m="7283" /><T10/><DORA hai="117" /><D10/><U127/><E127/><V75/><F5/><W121/><G64/><T60/><D60/><U113/><E113/><V37/><F37/><W84/><G121/><T79/><D79/><U88/><E21/><V101/><F78/><W89/><G46/><T42/><D42/><U130/><E130/><V112/><F112/><W110/><G110/><T100/><D12/><U68/><E68/><V29/><F13/><W15/><G15/><T104/><D104/><U51/><E51/><V87/><F14/><W58/><G58/><T3/><D3/><RYUUKYOKU ba="0,0" sc="291,0,140,0,234,0,335,0" hai0="92,93,96,98,100,102,103" hai1="50,54,59,61,65,70,86,88,94,95" hai2="22,26,29,44,48,53,72,74,75,76,83,87,101" hai3="0,4,11,25,28,32,55,57,62,84,85,89,99" /><INIT seed="5,1,0,1,2,69" ten="291,140,234,335" oya="1" hai0="123,18,26,50,131,47,49,119,107,61,134,52,124" hai1="45,84,92,106,67,33,129,38,7,111,8,20,22" hai2="90,23,120,93,9,51,31,0,16,72,101,24,126" hai3="85,1,56,79,46,91,63,41,4,116,78,44,29"/><U25/><E129/><V39/><F120/><W6/><G116/><T74/><D119/><U65/><E106/><V132/><F72/><W59/><G29/><T135/><D74/><U96/><E111/><V102/><F132/><N who="0" m="50730" /><D107/><U112/><E112/><V37/><F126/><W121/><G56/><N who="0" m="34951" /><D123/><U122/><E122/><V64/><F64/><W110/><G46/><T86/><D86/><U10/><E84/><V89/><F89/><W100/><G100/><T81/><D81/><U73/><E73/><V19/><F19/><W83/><G110/><T117/><D117/><U55/><E33/><V128/><F128/><W99/><G121/><T127/><D131/><U13/><E10/><V130/><F130/><W103/><G103/><T94/><D94/><U97/><E97/><V88/><F90/><W11/><G99/><T68/><D68/><U82/><E82/><V70/><F70/><W57/><G57/><T12/><D26/><U30/><E22/><V43/><F43/><W80/><G80/><T108/><D108/><U98/><E98/><V54/><F102/><W118/><G118/><T35/><D35/><U125/><E125/><N who="0" m="48201" /><D47/><U34/><E34/><V105/><F101/><W58/><G44/><T115/><D115/><U17/><E30/><V14/><F105/><W77/><G83/><T48/><D48/><N who="1" m="29071" /><E38/><V21/><F39/><W71/><G85/><T42/><D42/><U113/><E113/><V66/><F37/><W114/><G41/><T53/><D53/><U109/><E109/><V2/><F54/><W15/><G114/><T104/><D104/><U75/><E75/><RYUUKYOKU ba="1,0" sc="291,15,140,15,234,-15,335,-15" hai0="12,18,49,50" hai1="7,8,13,17,20,25,65,67,92,96" /><INIT seed="5,2,0,4,5,53" ten="306,155,219,320" oya="1" hai0="68,114,125,28,63,103,81,99,100,102,19,9,119" hai1="107,50,110,127,37,75,54,83,66,91,131,0,30" hai2="93,13,49,89,74,4,67,44,128,25,62,101,47" hai3="7,11,133,48,33,29,27,116,36,17,130,132,46"/><U123/><E123/><V112/><F128/><W14/><G130/><T22/><D119/><U15/><E0/><V23/><F112/><W40/><G116/><T56/><D68/><U34/><E131/><V57/><F74/><W135/><G17/><T3/><D125/><U85/><E37/><AGARI ba="2,0" hai="7,11,14,27,29,33,36,37,40,46,48,132,133,135" machi="37" ten="40,1300,0" yaku="20,1" doraHai="53" who="3" fromWho="1" sc="306,0,155,-19,219,0,320,19" /><INIT seed="6,0,0,3,2,77" ten="306,136,219,339" oya="2" hai0="75,68,91,43,31,59,134,20,0,96,60,5,89" hai1="79,93,26,127,119,10,114,67,58,108,3,54,34" hai2="110,8,86,103,63,98,131,11,118,62,56,100,111" hai3="123,37,7,50,135,48,6,80,72,2,126,116,71"/><V39/><F118/><W44/><G123/><T18/><D68/><U40/><E119/><V61/><F131/><W85/><G116/><T16/><D75/><U125/><E108/><N who="2" m="41515" /><F39/><W4/><G126/><N who="1" m="48138" /><E114/><V14/><F86/><W95/><G135/><T107/><D134/><U55/><E40/><V78/><F78/><N who="3" m="46231" /><G71/><T17/><D43/><U41/><E41/><V45/><F45/><W21/><G2/><T121/><D121/><U105/><E105/><N who="2" m="63639" /><F103/><W13/><G72/><T102/><D0/><U57/><E79/><V38/><F38/><W29/><G37/><T115/><D5/><N who="1" m="1343" /><E93/><V133/><F133/><W47/><G95/><N who="0" m="58655" /><D115/><U104/><E104/><V53/><F11/><W84/><G84/><T112/><D107/><U30/><E67/><V64/><F64/><W109/><G109/><T66/><D112/><U90/><E90/><V88/><F88/><N who="0" m="33866" /><D31/><U113/><E113/><V82/><F82/><W94/><G94/><T46/><D46/><N who="3" m="17449" /><G29/><T24/><AGARI ba="0,0" hai="16,17,18,20,24,59,60,66" m="33866,58655" machi="24" ten="30,4000,0" yaku="8,1,54,2" doraHai="77" who="0" fromWho="0" sc="306,40,136,-10,219,-20,339,-10" /><INIT seed="7,0,0,0,5,45" ten="346,126,199,329" oya="3" hai0="30,57,28,93,115,41,84,42,89,29,96,127,87" hai1="102,25,110,23,3,122,118,121,135,91,49,52,67" hai2="7,82,19,133,51,8,92,94,38,130,105,116,111" hai3="10,109,71,123,75,15,18,74,54,4,53,0,85"/><W98/><G71/><T13/><D127/><U95/><E110/><V32/><F111/><W81/><G109/><T126/><D126/><U104/><E3/><V9/><F116/><W97/><G123/><T60/><D115/><U128/><E118/><V106/><F38/><W69/><G69/><T120/><D13/><U5/><E5/><V59/><F32/><W101/><G75/><T103/><D120/><U65/><E128/><V61/><F130/><W12/><G74/><T27/><D27/><U36/><E36/><V21/><F133/><W114/><G0/><T70/><D70/><U125/><E125/><V86/><F106/><W72/><G72/><T56/><D56/><U113/><E113/><V46/><F105/><W80/><G80/><N who="0" m="49287" /><D87/><U131/><E131/><V58/><F58/><W6/><G114/><T112/><D112/><U119/><E119/><V78/><F9/><N who="3" m="6511" /><G4/><T50/><D50/><U44/><E135/><V100/><F7/><W35/><G35/><T83/><D83/><U107/><E122/><V99/><F8/><W33/><G33/><T11/><D11/><U73/><E121/><V124/><F124/><W55/><G101/><T17/><D17/><U63/><E73/><V43/><F19/><W48/><G48/><T31/><N who="0" m="7680" /><DORA hai="47" /><T1/><D1/><U68/><E67/><AGARI ba="0,0" hai="41,42,57,60,67,93,96,103" m="7680,49287" machi="67" ten="40,1300,0" yaku="8,1" doraHai="45,47" who="0" fromWho="1" sc="346,13,126,-13,199,0,329,0" owari="359,46.0,113,-39.0,199,-20.0,329,13.0" /></mjloggm>