<mjloggm ver="2.3"><GO type="97" lobby="0"/><UN n0="%E3%83%A0%E3%83%BC%E3%83%B3%E9%9A%8A%E9%95%B7" n1="%E6%88%91%E6%B5%81%58" n2="%E5%B0%B1%E6%B4%BB%E7%94%9F%40%E5%B7%9D%E6%9D%91%E8%BB%8D%E5%9B%A3" n3="%E3%83%95%E3%83%AC%E3%82%A4%E3%83%A6" dan="14,14,14,14" rate="1878.67,2126.94,1975.82,1922.77" sx="F,M,M,F"/><TAIKYOKU oya="0"/><INIT seed="0,0,0,5,2,112" ten="250,250,250,250" oya="0" hai0="34,37,121,97,113,116,94,2,33,73,51,86,8" hai1="20,39,7,132,85,58,92,0,19,95,117,87,49" hai2="106,45,127,134,84,111,18,103,124,11,130,54,100" hai3="43,9,14,67,1,31,41,70,71,114,115,10,25"/><T126/><D113/><U12/><E132/><V28/><F134/><W129/><G1/><T102/><D121/><U29/><E39/><V52/><F130/><W91/><G129/><T65/><D73/><U72/><E72/><V63/><F111/><W79/><G79/><T16/><D37/><U105/><E105/><V119/><F28/><W53/><G53/><T35/><D116/><U23/><E117/><V47/><F84/><W38/><G91/><T90/><D126/><N who="2" m="48170" /><F119/><W13/><G67/><T104/><D65/><U96/><E7/><V89/><F89/><W98/><G38/><T5/><D51/><U122/><E0/><V82/><F82/><W4/><G98/><T32/><N who="0" m="8192" /><DORA hai="125" /><T107/><REACH who="0" step="1"/><D16/><REACH who="0" ten="240,250,250,250" step="2"/><U61/><E19/><V109/><F109/><W44/><G115/><T74/><D74/><U108/><E49/><V75/><F75/><W60/><G114/><T17/><D17/><U26/><E108/><V42/><F18/><W131/><G131/><T118/><D118/><U83/><E122/><V24/><F24/><W50/><G60/><T46/><D46/><U135/><E61/><V27/><F27/><W57/><G50/><T6/><D6/><U81/><E26/><V36/><F63/><W80/><G44/><T110/><D110/><U40/><E135/><V128/><F45/><W48/><G4/><T59/><D59/><U93/><E58/><V120/><F128/><W3/><G57/><T66/><D66/><U55/><E29/><V99/><F120/><W101/><G31/><T77/><D77/><U56/><E56/><V88/><F47/><RYUUKYOKU ba="0,1" sc="240,30,250,-10,250,-10,250,-10" hai0="2,5,8,86,90,94,97,102,104,107" /><INIT seed="0,1,1,4,3,39" ten="270,240,240,240" oya="0" hai0="5,3,10,24,75,103,52,100,85,125,78,69,18" hai1="14,60,126,118,42,94,30,99,86,107,9,16,34" hai2="105,122,114,17,8,77,28,90,56,84,91,33,73" hai3="36,25,54,2,31,76,116,59,58,92,15,43,51"/><T55/><D69/><U128/><E118/><V38/><F105/><W6/><G116/><T63/><D75/><U68/><E128/><V81/><F38/><W130/><G130/><T79/><D125/><U108/><E108/><V27/><F122/><W71/><G2/><T74/><D74/><U134/><E126/><V32/><F114/><W22/><G71/><T72/><D72/><U48/><E134/><V109/><F109/><W104/><G104/><T41/><D41/><U88/><E30/><V11/><F32/><W23/><G76/><T95/><D24/><U119/><E34/><V87/><F17/><W97/><G59/><T89/><D18/><U21/><E119/><V12/><F12/><W101/><G36/><T62/><D79/><U50/><E42/><V133/><F133/><W20/><REACH who="3" step="1"/><G43/><REACH who="3" ten="270,240,240,230" step="2"/><T70/><D78/><U121/><E121/><V123/><F123/><W7/><G7/><T37/><D37/><U26/><E68/><V47/><F56/><W45/><G45/><T120/><D120/><U106/><E106/><V98/><F47/><W131/><G131/><T96/><D70/><U111/><E111/><V66/><F77/><W1/><G1/><T61/><REACH who="0" step="1"/><D103/><REACH who="0" ten="260,240,240,230" step="2"/><U19/><REACH who="1" step="1"/><E60/><REACH who="1" ten="260,230,240,230" step="2"/><V110/><F110/><W82/><G82/><AGARI ba="1,4" hai="3,5,10,52,55,61,62,63,82,85,89,95,96,100" machi="82" ten="40,7700,0" yaku="1,1,2,1,54,1,53,0" doraHai="39" doraHaiUra="67" who="0" fromWho="3" sc="260,120,230,0,240,0,230,-80" /><INIT seed="0,2,0,1,2,32" ten="380,230,240,150" oya="0" hai0="73,23,124,5,60,35,102,127,91,80,24,37,56" hai1="101,64,18,13,41,87,63,81,107,85,119,6,40" hai2="62,58,21,131,83,121,71,86,114,75,78,103,99" hai3="113,94,105,88,34,70,43,134,46,29,69,42,30"/><T53/><D37/><U104/><E119/><V106/><F121/><W8/><G105/><T68/><D102/><U111/><E107/><V116/><F116/><W110/><G134/><T0/><D68/><U133/><E6/><V50/><F114/><W126/><G113/><T96/><D35/><U20/><E133/><V45/><F131/><W9/><G126/><T129/><D129/><U109/><E101/><V55/><F71/><W67/><G110/><N who="1" m="41994" /><E104/><V76/><F21/><W74/><G74/><T98/><D73/><U54/><E54/><V51/><F51/><W92/><G67/><T47/><D47/><U2/><E2/><V120/><F120/><W39/><G34/><T79/><D79/><N who="1" m="46271" /><E87/><V19/><F19/><W7/><G43/><T31/><D5/><U12/><E12/><V135/><F135/><W27/><G27/><T89/><D0/><U100/><E100/><V44/><F44/><W125/><G125/><N who="0" m="48203" /><D80/><U130/><E130/><V66/><F75/><W28/><G94/><T4/><D4/><U72/><E72/><V16/><F16/><W117/><G117/><T36/><D36/><U3/><E3/><V84/><F84/><W52/><G70/><AGARI ba="2,0" hai="13,18,20,40,41,63,64,70" m="46271,41994" machi="70" ten="30,1000,0" yaku="14,1" doraHai="32" who="1" fromWho="3" sc="380,0,230,16,240,0,150,-16" /><INIT seed="1,0,0,4,0,29" ten="380,246,240,134" oya="1" hai0="83,131,70,7,24,115,25,94,15,40,56,110,107" hai1="90,80,85,22,132,98,93,0,37,35,114,2,30" hai2="64,55,88,95,81,97,1,10,109,77,121,125,128" hai3="75,51,87,28,79,122,108,66,9,129,38,116,5"/><U130/><E114/><V3/><F121/><W20/><G122/><T117/><D117/><U31/><E37/><V45/><F64/><W119/><G116/><T44/><D107/><U73/><E130/><V112/><F128/><W123/><G129/><T72/><D70/><U43/><E43/><V68/><F68/><W23/><G119/><T14/><D115/><U96/><E132/><V59/><F112/><W82/><G123/><T99/><D131/><U124/><E73/><V17/><F125/><W67/><G38/><T32/><D110/><U41/><E41/><V100/><F45/><W42/><G108/><T61/><D72/><U53/><E53/><V8/><F109/><W57/><G75/><T54/><D83/><U92/><E22/><V105/><F8/><W69/><G69/><T13/><D32/><U84/><E80/><V26/><F81/><W49/><G67/><N who="0" m="39335" /><D7/><U106/><E106/><V76/><F3/><W12/><G28/><T36/><D54/><U58/><E58/><V127/><F1/><W65/><G65/><T89/><D36/><U91/><E124/><V33/><F33/><AGARI ba="0,0" hai="0,2,30,31,33,35,84,85,90,91,92,93,96,98" machi="33" ten="25,9600,0" yaku="22,2,52,2" doraHai="29" who="1" fromWho="2" sc="380,0,246,96,240,-96,134,0" /><INIT seed="1,1,0,3,2,77" ten="380,342,144,134" oya="1" hai0="118,90,113,88,51,35,99,74,40,17,135,103,112" hai1="9,22,96,18,42,80,125,71,110,58,107,36,62" hai2="28,83,68,131,108,64,129,126,50,123,89,132,12" hai3="32,81,63,93,46,16,124,105,23,29,15,11,39"/><U100/><E71/><V114/><F123/><W4/><G105/><T3/><D118/><U121/><E121/><V60/><F114/><W75/><G124/><T33/><D3/><U24/><E125/><V56/><F126/><W101/><G63/><T79/><D135/><U5/><E110/><V120/><F120/><W37/><G46/><T94/><D17/><U78/><E42/><V92/><F108/><W69/><G69/><T6/><D6/><U59/><E36/><V44/><F28/><W91/><G101/><T76/><D40/><U20/><E20/><V106/><F106/><W116/><G116/><T122/><D122/><U95/><E107/><V119/><F119/><W70/><G70/><T102/><D51/><U61/><E61/><V111/><F111/><W10/><G11/><T104/><D33/><U54/><E59/><V49/><F12/><W31/><G31/><T53/><D53/><U117/><E117/><V128/><F132/><W87/><G29/><T55/><D55/><U67/><E67/><N who="2" m="39303" /><F68/><W98/><G75/><T84/><D35/><U45/><E45/><V82/><F64/><W14/><G32/><T2/><D2/><U21/><E21/><V57/><F57/><W34/><G34/><T48/><D48/><N who="2" m="18538" /><F44/><W115/><G115/><T127/><D127/><U134/><E134/><V0/><F0/><W97/><G97/><AGARI ba="1,0" hai="82,83,89,92,97,128,129,131" m="18538,39303" machi="97" ten="30,3900,0" yaku="19,1,52,2" doraHai="77" who="2" fromWho="3" sc="380,0,342,0,144,42,134,-42" /><INIT seed="2,0,0,0,5,128" ten="380,342,186,92" oya="2" hai0="124,53,118,52,24,54,82,43,23,11,103,98,12" hai1="4,27,28,109,77,74,42,33,102,63,117,57,65" hai2="7,59,72,135,47,87,15,93,115,31,111,99,75" hai3="35,60,113,18,69,97,120,3,110,39,79,36,92"/><V95/><F115/><W19/><G19/><N who="0" m="12415" /><D118/><U37/><E117/><V80/><F31/><W67/><G113/><T96/><D124/><U88/><E102/><V45/><F111/><W116/><G120/><T1/><D1/><U86/><E109/><V90/><F135/><W41/><G110/><T83/><D43/><U73/><E77/><V112/><F112/><W46/><G116/><T6/><D103/><U48/><E37/><V2/><F2/><W134/><G134/><T25/><D25/><U94/><E4/><V29/><F29/><W85/><G3/><T105/><D105/><U58/><REACH who="1" step="1"/><E57/><REACH who="1" ten="380,332,186,92" step="2"/><V26/><F59/><W81/><G35/><T78/><D78/><U121/><E121/><V13/><F72/><W56/><G69/><T133/><D133/><U131/><E131/><V104/><F75/><W16/><REACH who="3" step="1"/><G39/><REACH who="3" ten="380,332,186,82" step="2"/><T84/><D84/><U50/><E50/><V122/><F122/><W129/><G129/><T89/><D89/><AGARI ba="0,2" hai="16,18,36,41,46,56,60,67,79,81,85,89,92,97" machi="89" ten="30,3900,0" yaku="1,1,7,1,54,1,53,0" doraHai="128" doraHaiUra="9" who="3" fromWho="0" sc="380,-39,332,0,186,0,82,59" /><INIT seed="3,0,0,4,3,67" ten="341,332,186,141" oya="3" hai0="36,92,42,48,102,109,112,117,47,18,119,26,90" hai1="76,77,115,78,21,51,110,123,73,135,1,113,2" hai2="3,14,97,128,7,62,20,59,23,89,54,12,99" hai3="41,55,134,50,64,5,131,71,81,31,100,105,66"/><W19/><G131/><T17/><D109/><U32/><E110/><V127/><F3/><W49/><G134/><T46/><D112/><U43/><E123/><V69/><F69/><W74/><G5/><T6/><D102/><U130/><E32/><V80/><F127/><W13/><G31/><T118/><D6/><U106/><E106/><V34/><F34/><W22/><G100/><T15/><D26/><U11/><E130/><V29/><F128/><W33/><G33/><T70/><D70/><U57/><E135/><V35/><F35/><W125/><G105/><T8/><D18/><U95/><E73/><V68/><F68/><W101/><G101/><T86/><D119/><U28/><E1/><V53/><F53/><AGARI ba="0,0" hai="8,15,17,36,42,46,47,48,53,86,90,92,117,118" machi="53" ten="30,1000,0" yaku="7,1" doraHai="67" who="0" fromWho="2" sc="341,10,332,0,186,-10,141,0" owari="351,45.0,332,13.0,176,-22.0,141,-36.0" /></mjloggm>