<mjloggm ver="2.3"><GO type="225" lobby="0"/><UN n0="%73%61%72%61%6B" n1="%E3%83%90%E3%82%B9%E3%82%BF%E3%83%BC%E5%90%9B" n2="%E3%81%BF%E3%81%A3%E3%81%A4%E3%81%83%EF%BD%9E" n3="%E3%83%88%E3%83%88%E3%83%AA%E5%85%88%E7%94%9F%31%39%E6%AD%B3" dan="16,16,18,17" rate="2141.57,2145.76,2211.37,2242.75" sx="M,M,F,F"/><TAIKYOKU oya="0"/><INIT seed="0,0,0,1,1,94" ten="250,250,250,250" oya="0" hai0="3,13,2,125,6,108,92,89,82,109,75,18,130" hai1="96,113,29,128,78,45,121,52,58,87,81,9,115" hai2="19,105,60,123,8,23,114,40,127,56,126,63,26" hai3="133,83,30,68,103,76,31,67,77,36,119,39,97"/><T28/><D130/><U104/><E121/><V0/><F114/><N who="1" m="43529" /><E29/><V110/><F123/><W47/><G119/><T42/><D125/><N who="2" m="47626" /><F110/><N who="0" m="42602" /><D6/><U106/><E45/><V72/><F72/><W91/><G133/><T27/><D42/><U51/><E128/><V66/><F105/><W98/><G67/><T25/><D82/><U53/><E53/><N who="2" m="33807" /><F40/><W24/><G68/><T7/><D75/><U4/><E96/><V99/><F99/><W43/><G36/><T132/><D7/><U54/><E54/><V102/><F102/><W107/><G98/><N who="0" m="57615" /><D132/><U16/><E4/><N who="2" m="1031" /><F63/><W80/><G103/><T85/><D85/><U10/><E10/><V70/><F66/><W1/><G107/><T124/><D124/><U17/><E17/><V64/><F64/><W117/><G97/><T65/><D65/><U5/><E5/><V14/><F70/><W112/><G112/><T120/><D120/><U134/><E134/><V38/><F38/><W90/><G39/><T95/><D95/><U12/><AGARI ba="0,0" hai="9,12,16,51,52,58,78,81,87,104,106" m="43529" machi="12" ten="30,4000,0" yaku="11,1,54,2" doraHai="94" who="1" fromWho="1" sc="250,-20,250,40,250,-10,250,-10" /><INIT seed="1,0,0,0,4,126" ten="230,290,240,240" oya="1" hai0="64,11,98,26,113,130,53,29,85,14,69,75,34" hai1="111,67,54,27,4,5,129,59,30,87,95,128,125" hai2="17,47,123,22,89,121,106,61,36,41,127,76,109" hai3="117,107,48,120,49,51,103,72,37,132,81,131,7"/><U15/><E125/><V6/><F127/><W66/><G120/><T62/><D113/><U78/><E67/><V92/><F109/><W110/><G37/><T88/><D75/><U25/><E111/><V118/><F118/><W119/><G110/><T45/><D130/><N who="1" m="50283" /><E15/><V56/><F106/><W8/><G132/><T112/><D112/><U60/><E27/><V100/><F76/><N who="3" m="44167" /><G66/><T1/><D1/><U71/><E71/><V99/><F100/><W0/><G103/><T86/><D98/><U124/><E124/><V40/><F40/><W90/><G90/><T12/><D86/><U74/><E74/><V21/><F21/><W31/><G107/><T20/><D34/><N who="1" m="20815" /><E95/><V115/><F6/><W108/><G131/><T44/><D12/><U77/><E87/><V23/><F23/><W50/><G108/><T9/><D9/><U16/><E16/><V104/><F104/><W96/><G31/><T116/><D116/><N who="3" m="44617" /><G96/><T3/><D3/><U134/><E134/><V70/><F70/><W105/><G105/><T13/><D13/><U93/><E93/><V97/><F97/><W58/><N who="3" m="12288" /><DORA hai="32" /><W94/><G94/><T42/><D42/><U43/><E43/><V52/><REACH who="2" step="1"/><F115/><REACH who="2" ten="230,290,230,240" step="2"/><W114/><G114/><T28/><D28/><U35/><E35/><V19/><F19/><W102/><G102/><T33/><D33/><U83/><E83/><V65/><F65/><W101/><G101/><T38/><D53/><U135/><E135/><V39/><F39/><W84/><G84/><T133/><D38/><U57/><E57/><AGARI ba="0,1" hai="0,7,8,57,58" m="12288,44617,44167" machi="57" ten="50,3200,0" yaku="12,1,52,1" doraHai="126,32" who="3" fromWho="1" sc="230,0,290,-32,230,0,240,42" /><INIT seed="2,0,0,5,4,61" ten="230,258,230,282" oya="2" hai0="39,79,40,116,32,96,103,43,121,70,1,65,42" hai1="130,102,27,19,30,84,18,9,112,28,110,135,134" hai2="41,58,15,59,123,92,119,133,98,74,86,82,11" hai3="76,114,46,50,12,69,34,55,14,91,80,104,57"/><V67/><F74/><W97/><G34/><T29/><D121/><U129/><E102/><V23/><F119/><W22/><G69/><T106/><D116/><U16/><E84/><V7/><F123/><W100/><G114/><T60/><D1/><U25/><E112/><V85/><F133/><N who="1" m="50697" /><E110/><V44/><F23/><W38/><G91/><T109/><D109/><U118/><E118/><V53/><F86/><W2/><G2/><T0/><D0/><U20/><E9/><V125/><F125/><W66/><G22/><AGARI ba="0,0" hai="16,18,19,20,22,25,27,28,30,129,130" m="50697" machi="22" ten="30,7700,0" yaku="20,1,34,2,54,1" doraHai="61" who="1" fromWho="3" sc="230,0,258,77,230,0,282,-77" /><INIT seed="3,0,0,3,4,121" ten="230,335,230,205" oya="3" hai0="23,48,4,20,119,0,21,127,59,24,56,55,116" hai1="37,5,40,38,60,64,44,89,61,63,110,75,69" hai2="103,101,97,106,118,73,76,95,100,33,39,111,87" hai3="29,70,6,71,113,9,104,132,68,42,80,92,15"/><W115/><G104/><T19/><D127/><U67/><E75/><V45/><F33/><W117/><G117/><T11/><D23/><U84/><E5/><V41/><F118/><W91/><G132/><T12/><D59/><U62/><E110/><V36/><F36/><W18/><G29/><AGARI ba="0,0" hai="0,4,11,12,19,20,21,24,29,48,55,56,116,119" machi="29" ten="30,1000,0" yaku="7,1" doraHai="121" who="0" fromWho="3" sc="230,10,335,0,230,0,205,-10" owari="240,4.0,335,43.0,230,-17.0,195,-30.0" /></mjloggm>