<mjloggm ver="2.3"><GO type="169" lobby="0"/><UN n0="%E9%8A%80%E3%81%B0%E3%81%95%E3%81%BF" n1="%E5%B0%B1%E6%B4%BB%E7%94%9F%40%E5%B7%9D%E6%9D%91%E8%BB%8D%E5%9B%A3" n2="%E3%82%B1%E3%83%AD%E3%83%B3%E3%83%91%E3%82%B9" n3="%43%52%41%5A%59%42%45%45" dan="18,16,16,17" rate="2168.53,2019.90,2058.98,2182.98" sx="M,M,M,M"/><TAIKYOKU oya="0"/><INIT seed="0,0,0,3,2,19" ten="250,250,250,250" oya="0" hai0="25,36,54,32,88,1,0,87,117,108,66,114,8" hai1="4,120,27,78,62,44,29,93,119,53,47,9,123" hai2="74,30,127,103,118,128,3,86,58,18,72,113,116" hai3="56,89,48,129,133,67,51,121,68,80,35,104,95"/><T15/><D114/><U99/><E119/><V115/><F3/><W41/><G104/><T101/><D36/><U135/><E135/><V23/><F127/><W60/><G35/><T46/><D117/><N who="2" m="45162" /><F128/><W34/><G34/><T106/><D66/><U63/><E123/><V90/><F103/><W102/><G133/><T111/><D101/><U79/><E120/><V13/><F30/><W20/><G129/><T76/><D76/><U112/><E112/><N who="2" m="43083" /><F58/><W105/><G121/><T55/><D106/><U96/><E96/><V57/><F57/><W131/><G131/><T92/><D32/><U38/><E38/><V75/><F72/><W125/><G125/><T14/><D25/><U42/><E42/><V91/><F91/><W84/><G105/><T59/><D46/><U16/><E79/><V12/><F13/><W40/><G41/><T5/><D1/><U2/><E78/><V21/><F21/><W28/><G40/><T45/><D45/><U22/><E29/><V52/><F52/><N who="0" m="20010" /><D59/><N who="1" m="35183" /><E63/><V65/><F65/><W70/><G70/><T134/><D134/><U43/><E43/><V11/><F11/><W124/><G124/><T10/><D10/><U97/><E97/><V130/><F130/><W100/><G68/><T69/><D69/><U126/><E126/><V73/><F74/><W132/><G132/><T31/><D31/><U24/><E24/><V39/><F39/><W49/><G102/><T7/><D7/><U50/><E50/><V81/><AGARI ba="0,0" hai="12,18,23,73,75,81,86,90" m="43083,45162" machi="81" ten="30,2000,0" yaku="12,1,52,1" doraHai="19" who="2" fromWho="2" sc="250,-10,250,-5,250,20,250,-5" /><INIT seed="1,0,0,4,4,23" ten="240,245,270,245" oya="1" hai0="63,15,90,8,106,102,79,134,104,65,19,95,32" hai1="11,94,74,115,93,28,75,38,100,89,127,68,67" hai2="92,1,117,35,44,29,50,46,52,73,25,12,21" hai3="10,71,59,128,34,96,5,42,30,120,53,113,26"/><U91/><E38/><V17/><F117/><W129/><G71/><T6/><D134/><U105/><E68/><V126/><F126/><W78/><G120/><T125/><D125/><U77/><E67/><V60/><F73/><N who="1" m="27657" /><E11/><V132/><F132/><W31/><G113/><T14/><D79/><U62/><E62/><V84/><F1/><W135/><G135/><T22/><D32/><U55/><E55/><V110/><F110/><W40/><G78/><T114/><D102/><U108/><E28/><V64/><F46/><W24/><G96/><T57/><REACH who="0" step="1"/><D114/><REACH who="0" ten="230,245,270,245" step="2"/><U9/><E115/><V130/><F130/><W48/><G129/><T85/><AGARI ba="0,1" hai="6,8,14,15,19,22,57,63,65,85,90,95,104,106" machi="85" ten="20,8000,1" yaku="1,1,2,1,0,1,7,1,53,1" doraHai="23" doraHaiUra="7" who="0" fromWho="0" sc="230,90,245,-40,270,-20,245,-20" /><INIT seed="2,0,0,3,1,128" ten="320,205,250,225" oya="2" hai0="125,55,34,66,101,75,114,121,92,39,124,108,35" hai1="91,1,90,96,130,50,61,32,17,98,80,45,11" hai2="67,13,6,132,33,63,60,22,103,65,99,93,71" hai3="19,97,115,42,95,10,23,102,109,87,49,37,28"/><V16/><F33/><W25/><G37/><T3/><D114/><U0/><E130/><V57/><REACH who="2" step="1"/><F6/><REACH who="2" ten="320,205,240,225" step="2"/><W5/><G5/><T81/><D35/><U15/><E32/><V14/><F14/><W18/><G115/><T107/><D34/><U7/><E61/><V43/><F43/><W119/><G42/><T76/><D124/><U83/><E1/><V31/><F31/><W117/><G28/><T72/><D3/><U47/><E0/><V85/><F85/><W73/><G87/><T58/><D125/><U24/><E24/><V46/><F46/><W131/><G25/><T48/><D75/><U135/><E135/><AGARI ba="0,1" hai="13,16,22,57,60,63,65,67,71,93,99,103,132,135" machi="135" ten="40,18000,2" yaku="1,1,52,2,54,1,53,2" doraHai="128" doraHaiUra="62" who="2" fromWho="1" sc="320,0,205,-180,240,190,225,0" /><INIT seed="2,1,0,4,5,39" ten="320,25,430,225" oya="2" hai0="37,73,84,40,75,127,2,47,91,110,112,43,124" hai1="42,81,8,118,41,38,96,17,65,126,31,50,15" hai2="122,3,10,106,25,67,11,62,27,63,102,82,7" hai3="16,132,107,35,85,26,0,48,93,76,49,128,133"/><V56/><F122/><W12/><G107/><T57/><D112/><U78/><E38/><V1/><F102/><W14/><G0/><T6/><D110/><U83/><E118/><V129/><F106/><W79/><G128/><T66/><D40/><U88/><E126/><N who="0" m="48169" /><D6/><U86/><E31/><V109/><F129/><W135/><G12/><T23/><D2/><U108/><E108/><V68/><F109/><W119/><G119/><T4/><D4/><U59/><E96/><V103/><F103/><W13/><G13/><T36/><D36/><U53/><REACH who="1" step="1"/><E65/><REACH who="1" ten="320,15,430,225" step="2"/><V9/><F67/><W5/><G135/><T58/><D66/><U77/><E77/><V114/><F114/><W24/><G79/><T105/><D105/><U101/><E101/><V30/><F30/><W54/><G76/><T89/><D89/><U55/><E55/><V45/><F1/><W111/><G111/><T104/><D104/><U46/><E46/><V120/><F45/><W117/><G54/><T29/><D29/><U134/><E134/><V71/><F3/><W19/><G117/><T115/><D115/><U72/><AGARI ba="1,1" hai="8,15,17,41,42,50,53,59,72,78,81,83,86,88" machi="72" ten="20,12000,2" yaku="1,1,0,1,7,1,52,2,54,1,53,0" doraHai="39" doraHaiUra="130" who="1" fromWho="1" sc="320,-31,15,133,430,-61,225,-31" /><INIT seed="3,0,0,4,3,45" ten="289,148,369,194" oya="3" hai0="89,79,77,80,57,12,54,76,46,101,38,56,129" hai1="104,102,73,53,68,28,84,70,106,122,20,131,113" hai2="94,123,58,43,87,90,99,126,23,100,66,112,13" hai3="124,120,51,27,42,116,121,71,10,29,15,24,64"/><W35/><G116/><T31/><D129/><U75/><E122/><V103/><F123/><W34/><G124/><T85/><D101/><U11/><E113/><V117/><F117/><W0/><G0/><T88/><D31/><U69/><E131/><V96/><F112/><W72/><G72/><T115/><D115/><U50/><E11/><V61/><F126/><W1/><G1/><T127/><D127/><U114/><E114/><V82/><F43/><W39/><G39/><T128/><D128/><U52/><E84/><V74/><F74/><W65/><G65/><T30/><D30/><U4/><E4/><V32/><F32/><W111/><G27/><T18/><D89/><U55/><E50/><V60/><F61/><W98/><G35/><T26/><D26/><U62/><E62/><V134/><F134/><W81/><G81/><T132/><D132/><U135/><E135/><V37/><F37/><W130/><G130/><T25/><D25/><U67/><E67/><V125/><F125/><W63/><G111/><T40/><REACH who="0" step="1"/><D54/><REACH who="0" ten="279,148,369,194" step="2"/><U8/><E28/><V7/><F103/><W14/><G121/><T91/><D91/><U44/><E102/><V133/><F100/><W6/><G120/><T17/><D17/><U93/><E93/><V92/><F133/><W108/><G29/><T95/><D95/><N who="2" m="36394" /><F7/><W83/><G6/><T78/><N who="0" m="19968" /><DORA hai="97" /><T105/><D105/><U19/><E104/><V107/><F107/><W5/><G5/><T118/><D118/><U2/><E106/><V16/><AGARI ba="0,1" hai="13,16,23,58,60,66,82,87,90,96,99" m="36394" machi="16" ten="30,2000,0" yaku="8,1,54,1" doraHai="45,97" who="2" fromWho="2" sc="279,-5,148,-5,369,30,194,-10" /><INIT seed="4,0,0,0,5,8" ten="274,143,399,184" oya="0" hai0="107,130,17,60,57,87,69,64,9,89,80,53,33" hai1="91,123,13,15,31,67,28,12,48,93,4,32,19" hai2="1,71,70,62,18,27,127,52,24,108,56,25,2" hai3="0,59,39,83,21,16,44,20,30,119,88,109,111"/><T65/><D107/><U128/><E123/><V116/><F108/><W36/><G119/><T45/><D33/><U43/><E128/><V96/><F116/><W85/><G0/><T117/><D130/><U115/><E115/><V104/><F127/><W6/><G6/><T66/><D117/><U135/><E135/><V106/><F104/><W105/><G105/><T42/><D69/><U100/><E4/><V49/><F18/><W79/><G39/><T129/><D129/><U75/><E75/><V22/><F22/><W54/><G21/><T125/><D125/><U68/><E100/><V122/><F122/><W133/><G30/><N who="1" m="11306" /><E68/><V41/><F71/><W114/><G114/><T98/><D98/><N who="1" m="57663" /><E32/><V50/><F70/><W101/><G101/><T38/><REACH who="0" step="1"/><D66/><REACH who="0" ten="264,143,399,184" step="2"/><U95/><E67/><V51/><F106/><W81/><G111/><T77/><D77/><U102/><E19/><V10/><F96/><W103/><G109/><T74/><D74/><U61/><E61/><V99/><F99/><W23/><G16/><T78/><D78/><U40/><E48/><V118/><F118/><W3/><G79/><T63/><D63/><U126/><E126/><V26/><N who="2" m="6144" /><DORA hai="97" /><V134/><F50/><W120/><G120/><T46/><D46/><U90/><E102/><V11/><F51/><W37/><G103/><T5/><D5/><U113/><E113/><V29/><F29/><W58/><G44/><T72/><D72/><U7/><E7/><V73/><F73/><W34/><G34/><T84/><D84/><AGARI ba="0,1" hai="12,13,15,40,43,84,90,95" m="57663,11306" machi="84" ten="30,7700,0" yaku="8,1,52,3" doraHai="8,97" who="1" fromWho="0" sc="264,-77,143,87,399,0,184,0" /><INIT seed="5,0,0,2,2,36" ten="187,230,399,184" oya="1" hai0="56,68,38,77,57,34,17,53,78,124,92,21,131" hai1="120,121,118,54,107,108,126,83,55,3,119,28,41" hai2="9,0,70,122,88,76,82,5,47,63,33,113,46" hai3="31,106,35,11,79,23,59,133,117,61,80,123,12"/><U85/><E3/><V116/><F116/><N who="1" m="44585" /><E107/><V52/><F122/><N who="1" m="47209" /><E28/><V87/><F33/><W102/><G123/><T24/><D68/><U49/><E83/><V65/><F113/><W30/><G117/><T112/><D112/><U89/><E89/><V16/><F52/><N who="1" m="20009" /><E85/><V95/><F16/><N who="3" m="8223" /><G106/><T4/><D17/><U66/><E66/><V62/><F62/><W67/><G35/><T7/><D34/><U18/><E18/><V110/><F110/><W86/><G31/><T109/><D78/><U128/><E128/><V96/><AGARI ba="0,0" hai="0,5,9,46,47,63,65,70,76,82,87,88,95,96" machi="96" ten="20,2700,0" yaku="0,1,7,1,54,1" doraHai="36" who="2" fromWho="2" sc="187,-7,230,-13,399,27,184,-7" /><INIT seed="6,0,0,3,1,85" ten="180,217,426,177" oya="2" hai0="68,83,102,7,118,1,75,86,81,119,130,50,97" hai1="61,124,28,55,76,60,96,11,132,51,31,94,88" hai2="112,56,100,117,44,109,52,103,106,25,122,89,113" hai3="63,14,79,33,15,45,121,93,78,24,126,135,80"/><V34/><F117/><N who="0" m="44554" /><D68/><U123/><E132/><V48/><F122/><W72/><G121/><T64/><D64/><U32/><E124/><V58/><F109/><W9/><G126/><T43/><D7/><U114/><E114/><N who="2" m="44139" /><F89/><W47/><G135/><T134/><D1/><U36/><E36/><V131/><F131/><W29/><G79/><N who="0" m="44287" /><D50/><U127/><E127/><V66/><F106/><W46/><G63/><N who="1" m="24138" /><E32/><V49/><F66/><W13/><REACH who="3" step="1"/><G93/><REACH who="3" ten="180,217,426,167" step="2"/><N who="0" m="58671" /><D43/><U20/><E76/><V120/><F120/><W8/><AGARI ba="0,1" hai="8,9,13,14,15,24,29,33,45,46,47,72,78,80" machi="8" ten="40,8000,1" yaku="1,1,0,1,53,3" doraHai="85" doraHaiUra="10" who="3" fromWho="3" sc="180,-20,217,-20,426,-40,167,90" /><INIT seed="7,0,0,0,4,6" ten="160,197,386,257" oya="3" hai0="119,29,83,55,84,0,134,8,53,70,1,77,135" hai1="100,103,18,35,101,44,80,57,25,82,68,123,38" hai2="32,95,60,20,33,132,16,110,81,102,129,54,52" hai3="89,3,24,71,94,73,98,107,128,86,62,65,104"/><W5/><G73/><T114/><D119/><U120/><E68/><V125/><F110/><W122/><G122/><T45/><D70/><U9/><E35/><V105/><F105/><W116/><G116/><T93/><D29/><U61/><E38/><V51/><F125/><W15/><G3/><T39/><D114/><U10/><E120/><V108/><F108/><W124/><G128/><T50/><D39/><U40/><E123/><V59/><F129/><W127/><G24/><T97/><D53/><N who="1" m="33967" /><E44/><V111/><F132/><W76/><G76/><T27/><D27/><U7/><E40/><V2/><F2/><W41/><G41/><T56/><D56/><U67/><E67/><V12/><F81/><N who="1" m="31337" /><E7/><V88/><F102/><N who="1" m="26113" /><U109/><DORA hai="91" /><E109/><V58/><F111/><W66/><G66/><T26/><D26/><U42/><E42/><V126/><F126/><N who="3" m="48171" /><G98/><AGARI ba="0,0" hai="12,16,20,32,33,51,52,54,58,59,60,88,95,98" machi="98" ten="30,8000,1" yaku="7,1,52,1,54,3" doraHai="6,91" who="2" fromWho="3" sc="160,0,197,0,386,80,257,-80" owari="160,-34.0,197,0.0,466,56.0,177,-22.0" /></mjloggm>