<mjloggm ver="2.3"><GO type="41" lobby="0"/><UN n0="%E7%B7%91%E3%83%89%E3%83%B3%31%34%30%30%30" n1="%4D%69%4D%61%2E" n2="%33%37%34%31" n3="%E5%B0%B1%E6%B4%BB%E7%94%9F%40%E5%B7%9D%E6%9D%91%E8%BB%8D%E5%9B%A3" dan="15,15,14,16" rate="1998.43,1964.49,1975.69,2151.50" sx="M,M,M,M"/><TAIKYOKU oya="0"/><INIT seed="0,0,0,5,2,98" ten="250,250,250,250" oya="0" hai0="36,76,28,7,21,82,113,38,95,43,75,8,135" hai1="62,50,111,0,32,25,64,110,84,132,47,77,33" hai2="107,117,101,4,10,120,55,12,29,79,108,18,116" hai3="134,71,67,109,60,97,74,126,56,54,72,103,65"/><T27/><D113/><U96/><E132/><V35/><F120/><W39/><G39/><T37/><D135/><U15/><E0/><V99/><F108/><W34/><G134/><T58/><D58/><U89/><E77/><V129/><F129/><W48/><G126/><T13/><D95/><U44/><E25/><V100/><F79/><W5/><G109/><T124/><D124/><U46/><E96/><V30/><F55/><W91/><G34/><T14/><D14/><U104/><E104/><V24/><F30/><W3/><G67/><T81/><D82/><U69/><E50/><V11/><REACH who="2" step="1"/><F101/><REACH who="2" ten="250,250,240,250" step="2"/><W31/><G31/><T16/><REACH who="0" step="1"/><D28/><REACH who="0" ten="240,250,240,250" step="2"/><U68/><E111/><V94/><F94/><W49/><G65/><T22/><D22/><U53/><E110/><V9/><F9/><W63/><G72/><T92/><D92/><U51/><E32/><V85/><F85/><W19/><G74/><T57/><D57/><U122/><E33/><V123/><F123/><W121/><G56/><T90/><D90/><U66/><E122/><V26/><F26/><W40/><G91/><T130/><D130/><U131/><E131/><V80/><F80/><W6/><G121/><T42/><AGARI ba="0,2" hai="7,8,13,16,21,27,36,37,38,42,43,75,76,81" machi="42" ten="40,12000,1" yaku="1,1,0,1,54,1,53,1" doraHai="98" doraHaiUra="17" who="0" fromWho="0" sc="240,140,250,-40,240,-40,250,-40" /><INIT seed="0,1,0,3,0,3" ten="380,210,200,210" oya="0" hai0="8,108,133,13,53,10,87,30,116,109,38,34,98" hai1="135,42,120,18,134,121,132,72,48,68,5,6,111" hai2="73,93,37,0,129,71,65,16,80,91,105,131,14" hai3="103,28,25,52,99,104,7,39,56,51,83,88,107"/><T21/><D38/><U17/><E68/><V75/><F37/><W122/><G107/><T27/><D53/><U130/><E72/><V22/><F105/><W84/><G39/><T117/><D98/><U127/><E111/><N who="0" m="42569" /><D87/><U32/><E32/><V89/><F0/><W59/><G122/><N who="1" m="47210" /><E130/><N who="2" m="49675" /><F80/><W23/><REACH who="3" step="1"/><G7/><REACH who="3" ten="380,210,200,200" step="2"/><N who="1" m="2570" /><E127/><V44/><F44/><AGARI ba="1,1" hai="23,25,28,44,51,52,56,59,83,84,88,99,103,104" machi="44" ten="30,8000,1" yaku="1,1,7,1,54,2,53,1" doraHai="3" doraHaiUra="19" who="3" fromWho="2" sc="380,0,210,0,200,-83,200,93" /><AGARI ba="1,0" hai="17,18,42,44,48,132,134,135" m="2570,47210" machi="44" ten="40,8000,1" yaku="20,1,52,3" doraHai="3" who="1" fromWho="2" sc="380,0,210,80,117,-80,293,0" /><INIT seed="1,0,0,1,3,57" ten="380,290,37,293" oya="1" hai0="54,61,38,108,14,6,88,106,69,13,58,3,85" hai1="32,96,15,121,75,64,25,37,109,63,43,5,70" hai2="134,60,95,117,135,45,99,112,1,116,113,49,0" hai3="68,119,24,74,100,23,9,55,124,41,42,133,91"/><U77/><E121/><V47/><F60/><W67/><G74/><T126/><D106/><U10/><E109/><V131/><F131/><W93/><G119/><T66/><D108/><U72/><E77/><V56/><F56/><W34/><G34/><T59/><D126/><U86/><E86/><V97/><F95/><W8/><G124/><T102/><D102/><U2/><E15/><V101/><F49/><W84/><G133/><T11/><D38/><U50/><E50/><V4/><F101/><W82/><G68/><T73/><D73/><U115/><E115/><V128/><F128/><W31/><G67/><T17/><D54/><U22/><E22/><V110/><REACH who="2" step="1"/><F4/><REACH who="2" ten="380,290,27,293" step="2"/><W83/><G100/><T65/><D65/><U125/><E125/><V98/><F98/><W90/><G42/><T129/><D129/><U81/><E96/><V111/><AGARI ba="0,1" hai="0,1,45,47,97,99,110,111,112,113,116,117,134,135" machi="111" ten="25,6400,0" yaku="1,1,0,1,22,2,53,0" doraHai="57" doraHaiUra="104" who="2" fromWho="2" sc="380,-16,290,-32,27,74,293,-16" /><INIT seed="2,0,0,0,3,14" ten="364,258,101,277" oya="2" hai0="58,22,30,64,85,47,119,74,44,92,101,66,75" hai1="109,94,28,26,77,105,46,68,102,97,57,110,54" hai2="59,45,117,69,52,125,116,132,108,87,48,56,76" hai3="133,11,121,60,96,93,124,25,29,91,7,63,71"/><V42/><F76/><W126/><G121/><T17/><D119/><N who="2" m="45642" /><F87/><W127/><G133/><T99/><D75/><U90/><E68/><V24/><F24/><W41/><G41/><T95/><D74/><U5/><E77/><V122/><F122/><W31/><G71/><T118/><D30/><U98/><E46/><N who="0" m="17449" /><D118/><U49/><REACH who="1" step="1"/><E5/><REACH who="1" ten="364,248,101,277" step="2"/><V86/><F132/><W23/><REACH who="3" step="1"/><G31/><REACH who="3" ten="364,248,101,267" step="2"/><T13/><D58/><U112/><E112/><V21/><F125/><W15/><AGARI ba="0,2" hai="7,11,15,23,25,29,60,63,91,93,96,124,126,127" machi="15" ten="30,7900,0" yaku="1,1,2,1,0,1,18,1,53,0" doraHai="14" doraHaiUra="100" who="3" fromWho="3" sc="364,-20,248,-20,101,-39,267,99" /><INIT seed="3,0,0,1,4,69" ten="344,228,62,366" oya="3" hai0="72,110,68,6,31,49,17,55,9,131,36,24,22" hai1="81,14,60,92,7,46,59,127,99,77,107,0,47" hai2="132,80,98,95,87,78,102,116,70,54,35,48,62" hai3="45,112,128,83,124,104,26,118,109,135,122,93,27"/><W101/><G104/><T66/><D72/><U52/><E127/><V63/><F116/><W96/><G118/><T97/><D131/><U21/><E0/><V125/><F125/><W28/><G122/><T89/><D110/><U117/><E107/><V19/><F132/><W2/><G124/><T4/><D68/><U20/><E117/><V15/><F35/><W37/><G2/><T56/><D66/><U58/><E58/><V75/><F70/><W30/><G112/><T120/><D120/><U106/><E106/><V103/><F103/><W34/><G109/><T126/><D126/><U42/><E7/><V121/><F75/><W91/><G135/><T88/><D36/><U84/><E14/><V3/><F3/><W29/><G128/><T71/><D71/><U111/><E111/><V1/><F1/><W129/><G129/><T134/><D134/><U10/><E10/><V73/><F73/><W44/><G37/><T51/><D51/><N who="1" m="27095" /><E47/><V18/><F121/><W38/><G38/><T13/><REACH who="0" step="1"/><D97/><REACH who="0" ten="334,228,62,366" step="2"/><U43/><E43/><V32/><F32/><W61/><G61/><T115/><D115/><U65/><E65/><V53/><F53/><W90/><G34/><T86/><D86/><U76/><E84/><V123/><F123/><W50/><G45/><T11/><D11/><U12/><E99/><V5/><F5/><AGARI ba="0,1" hai="4,5,6,9,13,17,22,24,31,49,55,56,88,89" machi="5" ten="40,8000,1" yaku="1,1,8,1,54,1,53,1" doraHai="69" doraHaiUra="8" who="0" fromWho="2" sc="334,90,228,0,62,-80,366,0" owari="424,52.0,228,-17.0,-18,-52.0,366,17.0" /></mjloggm>