<mjloggm ver="2.3"><GO type="169" lobby="0"/><UN n0="%E3%82%A6%E3%83%AB%E3%83%88%E3%83%A9%E7%AB%8B%E7%9B%B4" n1="%EF%BC%88%E2%88%AA%EF%BC%BE%CF%89%EF%BC%BE%EF%BC%89%E3%81%8A%EF%BC%81" n2="%EF%BC%88%EF%BC%BE%D0%94%EF%BC%BE%EF%BC%89" n3="%E5%AE%AE%E6%9C%AC%E4%BE%86%E5%A4%8F" dan="16,16,17,16" rate="2105.33,2095.37,2157.22,2085.16" sx="M,M,M,M"/><TAIKYOKU oya="0"/><INIT seed="0,0,0,5,4,78" ten="250,250,250,250" oya="0" hai0="106,122,56,132,11,10,111,23,51,108,61,43,101" hai1="125,21,83,29,85,102,20,6,53,63,109,45,120" hai2="9,62,3,84,32,19,113,119,107,66,86,58,126" hai3="54,68,123,47,1,90,4,33,92,34,74,103,91"/><T14/><D122/><U130/><E120/><V100/><F113/><W42/><G123/><T52/><D132/><U69/><E109/><N who="0" m="42057" /><D23/><U16/><E125/><V67/><F32/><W27/><G34/><T95/><D106/><U127/><E130/><V131/><F131/><W81/><G68/><T12/><D95/><U98/><E6/><V133/><F133/><W121/><G54/><T15/><D101/><U50/><E29/><V64/><F126/><W97/><G27/><T71/><D43/><U7/><E7/><V80/><F107/><W77/><G33/><T41/><D41/><U116/><E21/><V18/><F100/><W93/><G93/><T8/><D71/><U26/><E116/><V99/><F99/><W134/><G134/><T96/><D96/><U0/><E0/><V59/><F119/><W76/><G76/><T73/><D73/><U70/><E63/><AGARI ba="0,0" hai="8,10,11,12,14,15,51,52,56,61,63" m="42057" machi="63" ten="40,7700,0" yaku="14,1,10,1,54,1" doraHai="78" who="0" fromWho="1" sc="250,77,250,-77,250,0,250,0" /><INIT seed="0,1,0,0,5,56" ten="327,173,250,250" oya="0" hai0="47,104,123,51,111,105,78,0,12,133,72,22,6" hai1="3,109,36,33,61,128,118,29,44,62,1,58,28" hai2="122,35,50,45,106,97,11,90,43,114,95,9,18" hai3="101,99,53,25,121,84,38,60,126,57,76,107,37"/><T85/><D123/><U42/><E118/><V31/><F122/><W63/><G121/><T74/><D133/><U129/><E109/><V86/><F114/><W2/><G2/><T32/><D32/><U96/><E96/><V67/><F35/><W75/><G126/><T94/><D111/><U103/><E103/><V26/><F31/><N who="1" m="11849" /><E33/><V70/><F106/><W13/><G75/><T14/><D0/><N who="1" m="75" /><E58/><V64/><F97/><W73/><G73/><T117/><D117/><U115/><E115/><V8/><REACH who="2" step="1"/><F70/><REACH who="2" ten="327,173,240,250" step="2"/><W81/><G38/><T7/><D105/><U89/><E89/><V116/><F116/><W65/><G37/><T16/><D104/><U39/><E39/><V102/><F102/><W69/><G25/><T49/><D78/><U19/><E19/><V30/><F30/><W98/><G99/><T130/><D16/><U55/><E129/><V91/><F91/><W108/><G108/><T17/><D130/><U100/><E128/><V83/><F83/><W24/><G24/><T93/><D17/><U20/><E100/><V4/><F4/><W124/><REACH who="3" step="1"/><G124/><REACH who="3" ten="327,173,240,240" step="2"/><T113/><D113/><U21/><E36/><V23/><AGARI ba="1,2" hai="8,9,11,18,23,26,43,45,50,64,67,86,90,95" machi="23" ten="30,7900,0" yaku="1,1,0,1,8,1,53,1" doraHai="56" doraHaiUra="87" who="2" fromWho="2" sc="327,-40,173,-21,240,102,240,-21" /><INIT seed="1,0,0,1,3,73" ten="287,152,342,219" oya="1" hai0="80,24,59,19,129,107,38,61,87,57,42,14,126" hai1="43,0,108,132,103,27,25,95,82,7,110,102,20" hai2="2,11,56,49,125,116,12,5,115,4,31,124,70" hai3="98,83,18,53,37,109,99,23,51,35,122,120,100"/><U74/><E132/><V131/><F70/><W40/><G35/><T54/><D107/><U113/><E113/><V60/><F49/><W34/><G34/><T64/><D126/><N who="2" m="48746" /><F56/><W41/><G109/><N who="1" m="42090" /><E43/><V81/><F60/><W106/><G99/><T58/><D129/><U63/><E25/><V93/><F93/><W55/><G37/><T1/><D24/><U13/><E63/><V117/><F81/><W114/><G114/><T101/><D42/><U68/><E68/><V15/><F115/><W47/><G41/><T88/><D38/><U118/><E118/><N who="2" m="45675" /><F131/><W77/><G120/><T46/><D101/><U123/><E123/><V3/><F31/><W71/><G71/><T121/><D121/><U105/><E105/><V65/><F65/><W91/><G91/><T28/><D28/><N who="1" m="17511" /><E95/><V90/><F90/><W6/><G122/><T135/><D61/><U16/><E82/><V66/><F66/><W69/><G69/><T33/><D64/><U72/><E72/><V8/><AGARI ba="0,0" hai="2,3,4,5,8,11,12,15" m="45675,48746" machi="8" ten="40,5200,0" yaku="18,1,34,2" doraHai="73" who="2" fromWho="2" sc="287,-13,152,-26,342,52,219,-13" /><INIT seed="2,0,0,0,4,55" ten="274,126,394,206" oya="2" hai0="28,84,30,4,35,26,66,52,41,124,51,89,76" hai1="39,116,110,62,73,71,6,3,72,123,15,109,33" hai2="104,94,114,5,21,36,91,54,1,78,87,68,126" hai3="96,46,59,19,79,9,12,63,122,49,34,31,13"/><V0/><F104/><W90/><G122/><T82/><D124/><U107/><RYUUKYOKU type="yao9" ba="0,0" sc="274,0,126,0,394,0,206,0" hai1="3,6,15,33,39,62,71,72,73,107,109,110,116,123" /><INIT seed="2,1,0,0,3,99" ten="274,126,394,206" oya="2" hai0="55,53,50,48,19,76,40,70,37,118,104,115,16" hai1="58,31,46,114,121,78,43,7,87,124,39,120,52" hai2="2,88,135,79,75,29,77,17,9,41,97,12,20" hai3="132,36,128,107,110,122,54,35,59,116,96,51,71"/><V22/><F135/><W81/><RYUUKYOKU type="yao9" ba="1,0" sc="274,0,126,0,394,0,206,0" hai3="35,36,51,54,59,71,81,96,107,110,116,122,128,132" /><INIT seed="2,2,0,3,5,108" ten="274,126,394,206" oya="2" hai0="99,107,46,12,25,128,5,135,31,115,124,27,8" hai1="63,16,15,20,49,86,132,60,54,36,79,74,118" hai2="24,23,110,127,130,1,53,78,37,42,71,10,34" hai3="6,39,21,134,133,80,109,91,126,35,22,9,64"/><V106/><F127/><W19/><G126/><T104/><D124/><U51/><E118/><V48/><F110/><W83/><G109/><T98/><D128/><U101/><E36/><V28/><F130/><W96/><G35/><T29/><D135/><N who="3" m="51721" /><G39/><T44/><D12/><U0/><E0/><V89/><F106/><W73/><G64/><T69/><D8/><U119/><E119/><V85/><F71/><W93/><G19/><T17/><D17/><U102/><E132/><V38/><F78/><N who="3" m="44111" /><G83/><T97/><D97/><U14/><E74/><V121/><F42/><W113/><G113/><T87/><D87/><U94/><E51/><V66/><F121/><W7/><G7/><T41/><D41/><U57/><E14/><AGARI ba="2,0" hai="6,9,14,21,22,91,93,96" m="44111,51721" machi="14" ten="30,1000,0" yaku="20,1" doraHai="108" who="3" fromWho="1" sc="274,0,126,-16,394,0,206,16" /><INIT seed="3,0,0,0,1,89" ten="274,110,394,222" oya="3" hai0="87,49,135,18,36,88,55,122,79,30,39,60,47" hai1="110,57,126,56,17,108,63,81,6,10,19,132,22" hai2="58,2,134,52,38,34,29,102,106,133,62,67,131" hai3="94,130,127,15,51,66,44,100,74,111,101,65,7"/><W41/><G74/><T54/><D122/><U99/><E126/><V95/><F106/><W48/><G127/><T5/><D135/><N who="2" m="51722" /><F2/><W90/><G130/><T124/><D124/><U76/><E132/><V21/><F38/><W31/><G31/><T25/><D5/><U12/><E19/><V112/><F34/><W59/><G111/><T28/><D79/><U78/><E99/><N who="2" m="59775" /><F112/><W91/><G91/><T46/><D18/><U128/><E128/><V3/><F3/><W119/><G119/><T86/><D25/><U75/><E78/><V14/><F131/><W98/><G51/><T32/><D32/><U84/><E75/><V9/><F21/><W103/><REACH who="3" step="1"/><G59/><REACH who="3" ten="274,110,394,212" step="2"/><T45/><D39/><U20/><E57/><V97/><F29/><W70/><G70/><T113/><D36/><U50/><E50/><V77/><F77/><W116/><G116/><T120/><D28/><U114/><E114/><V37/><F37/><W40/><G40/><T8/><D30/><U123/><E123/><V26/><F97/><W35/><G35/><T33/><D33/><U109/><E56/><V125/><F125/><W42/><G42/><T24/><D113/><U121/><E121/><V1/><F58/><W71/><G71/><T82/><D120/><U104/><E63/><V11/><F62/><W105/><G105/><T72/><D72/><U27/><E104/><V43/><F43/><W0/><G0/><T85/><D60/><U4/><E22/><V117/><F1/><W93/><G93/><T115/><D115/><U69/><E69/><V61/><F117/><W16/><G16/><RYUUKYOKU ba="0,1" sc="274,-15,110,15,394,-15,212,15" hai1="4,6,10,12,17,20,27,76,81,84,108,109,110" hai3="7,15,41,44,48,65,66,90,94,98,100,101,103" /><INIT seed="3,1,1,1,4,66" ten="259,125,379,227" oya="3" hai0="116,3,93,96,94,89,60,119,61,103,40,23,64" hai1="5,131,73,16,120,18,74,106,9,98,80,19,134" hai2="71,8,76,85,102,107,6,37,52,112,65,42,91" hai3="25,135,48,12,82,130,27,77,34,83,115,111,127"/><W95/><G115/><T121/><D3/><U125/><E120/><V7/><F112/><W63/><G135/><T79/><D121/><U100/><E134/><V4/><F76/><W90/><G127/><T0/><D0/><U31/><E125/><V81/><F42/><W101/><G130/><T41/><D79/><U21/><E131/><V32/><F37/><W30/><G111/><T1/><D1/><U78/><E31/><V109/><F32/><W59/><G101/><T17/><D116/><U56/><E73/><V11/><F109/><W117/><G117/><T29/><D29/><U132/><E132/><V124/><F124/><W128/><G128/><T113/><D113/><U69/><E56/><V67/><F107/><W84/><G25/><T51/><D119/><U118/><E118/><V44/><F102/><W53/><G12/><T55/><D55/><U92/><E106/><V108/><F108/><W97/><REACH who="3" step="1"/><G83/><REACH who="3" ten="259,125,379,217" step="2"/><T68/><D103/><U14/><E69/><V62/><F71/><W13/><G13/><AGARI ba="1,2" hai="5,9,13,14,16,18,19,21,74,78,80,92,98,100" machi="13" ten="30,2000,0" yaku="7,1,54,1" doraHai="66" who="1" fromWho="3" sc="259,0,125,43,379,0,217,-23" /><INIT seed="4,0,0,3,2,135" ten="259,168,379,194" oya="0" hai0="128,12,89,38,22,28,100,84,70,102,0,91,119" hai1="29,99,4,77,93,88,11,111,57,37,43,87,34" hai2="81,74,78,85,19,61,131,71,98,126,52,7,27" hai3="123,13,117,23,18,113,76,86,68,134,41,50,6"/><T2/><D119/><U21/><E111/><V47/><F131/><W55/><G117/><T60/><D128/><U133/><E133/><V73/><F7/><W49/><G134/><T8/><D38/><U94/><E34/><V92/><F71/><W40/><G113/><T72/><D72/><U56/><E37/><V14/><F27/><W110/><G110/><T121/><D121/><U90/><E43/><V75/><F85/><W39/><G39/><T120/><D120/><U95/><E77/><V32/><F32/><W1/><G68/><T3/><D22/><U132/><E132/><V16/><F19/><W105/><G105/><T96/><D28/><U9/><E93/><V26/><F26/><W53/><G123/><T101/><D96/><U44/><E44/><V59/><F47/><N who="3" m="27871" /><G6/><T42/><D42/><U51/><E51/><V46/><F46/><N who="3" m="28087" /><G1/><T33/><D33/><U97/><E4/><V106/><F106/><W66/><G66/><T104/><D104/><U109/><E21/><V15/><F15/><W54/><G54/><T35/><D35/><U80/><E109/><V83/><F83/><AGARI ba="0,0" hai="13,18,23,40,41,76,83,86" m="28087,27871" machi="83" ten="30,1000,0" yaku="8,1" doraHai="135" who="3" fromWho="2" sc="259,0,168,0,379,-10,194,10" /><INIT seed="5,0,0,0,5,106" ten="259,168,369,204" oya="1" hai0="115,57,124,114,58,88,36,17,130,108,93,64,45" hai1="87,119,51,127,105,69,35,91,116,18,49,53,113" hai2="122,117,10,48,34,125,118,38,30,120,26,28,15" hai3="75,22,123,67,29,79,44,112,107,11,33,96,20"/><U54/><E105/><V16/><F38/><W80/><G123/><N who="2" m="47145" /><F48/><W21/><G112/><N who="0" m="43051" /><D124/><U129/><E113/><V70/><F70/><W109/><G109/><T97/><D108/><U100/><E69/><V135/><F125/><W5/><G44/><T99/><D130/><U132/><E35/><N who="2" m="20887" /><F135/><W102/><G67/><T134/><D134/><U128/><E132/><V74/><F74/><W82/><G82/><T1/><D1/><U61/><E100/><V50/><F50/><W133/><G133/><T71/><D17/><U39/><E39/><V126/><F126/><W19/><G33/><T8/><D8/><U103/><E103/><V110/><F110/><W13/><REACH who="3" step="1"/><G29/><REACH who="3" ten="259,168,369,194" step="2"/><T68/><D64/><U6/><E127/><V121/><F121/><W73/><G73/><T81/><D81/><U76/><E116/><V94/><F34/><W98/><G98/><T66/><D66/><U59/><E119/><V37/><F30/><W104/><G104/><T41/><D99/><U86/><E128/><V2/><F94/><W85/><G85/><T12/><D68/><U31/><E129/><V46/><F46/><W95/><G95/><T0/><D71/><U27/><E87/><V52/><F117/><W89/><G89/><T84/><D84/><U9/><E76/><V24/><F118/><W14/><AGARI ba="0,1" hai="5,11,13,14,19,20,21,22,75,79,80,96,102,107" machi="14" ten="20,5200,0" yaku="1,1,0,1,7,1,52,1,53,0" doraHai="106" doraHaiUra="90" who="3" fromWho="3" sc="259,-13,168,-26,369,-13,194,62" /><INIT seed="6,0,0,1,4,82" ten="246,142,356,256" oya="2" hai0="132,86,10,23,108,36,27,28,8,39,89,78,104" hai1="13,93,62,41,97,92,29,74,3,20,61,30,124" hai2="125,109,35,119,34,6,90,73,17,83,38,128,110" hai3="130,68,26,81,60,54,116,112,42,106,70,24,33"/><V113/><F38/><W121/><G116/><T64/><D108/><U4/><E124/><V11/><F119/><W114/><G121/><T65/><D104/><U15/><E74/><V45/><F125/><W56/><G106/><T43/><D132/><U94/><E41/><V19/><F113/><N who="3" m="43627" /><G130/><T48/><D78/><U75/><E75/><V103/><F45/><W31/><G42/><T107/><D107/><U18/><E3/><V126/><F103/><W14/><G26/><T77/><D77/><U50/><E97/><V79/><F126/><W134/><G134/><T88/><D89/><U57/><E50/><V9/><F90/><W111/><G111/><N who="2" m="42505" /><F128/><W99/><G99/><T7/><D39/><U0/><E0/><N who="2" m="199" /><F11/><W133/><G133/><T120/><D36/><U85/><E4/><V22/><F17/><W91/><G14/><AGARI ba="0,0" hai="14,19,22,34,35,73,79,83" m="199,42505" machi="14" ten="30,1500,0" yaku="10,1" doraHai="82" who="2" fromWho="3" sc="246,0,142,0,356,15,256,-15" /><INIT seed="6,1,0,4,0,36" ten="246,142,371,241" oya="2" hai0="112,51,18,110,50,9,119,103,20,77,47,55,8" hai1="135,122,76,24,106,28,102,92,67,94,125,115,82" hai2="113,41,27,123,5,7,31,90,23,30,25,121,37" hai3="17,97,22,48,104,86,96,70,132,61,29,32,58"/><V133/><F113/><W45/><G132/><T42/><D110/><U84/><E67/><V49/><F37/><W83/><G70/><T71/><D71/><U80/><E28/><V98/><F133/><W53/><G32/><T16/><D112/><U13/><E135/><V21/><F123/><W62/><G29/><T19/><D119/><U74/><E115/><V52/><F41/><N who="3" m="24623" /><G62/><T66/><D66/><U63/><E13/><V126/><F126/><W38/><G38/><T2/><D2/><U1/><E24/><V34/><F34/><W99/><G104/><T35/><D35/><U95/><E63/><V15/><F15/><N who="3" m="9535" /><G97/><T33/><D33/><U130/><E1/><V39/><F39/><W105/><G105/><T54/><D20/><U40/><E40/><V73/><F73/><W109/><G109/><T101/><D77/><AGARI ba="1,0" hai="53,58,61,77,83,86,96,99" m="9535,24623" machi="77" ten="30,2000,0" yaku="8,1,52,1" doraHai="36" who="3" fromWho="0" sc="246,-23,142,0,371,0,241,23" /><INIT seed="7,0,0,0,1,66" ten="223,142,371,264" oya="3" hai0="118,99,61,127,8,130,51,14,91,72,84,13,109" hai1="16,108,97,17,4,120,88,65,53,135,33,11,5" hai2="119,50,32,39,89,93,68,73,31,79,133,6,62" hai3="128,35,83,59,70,121,74,76,129,46,43,114,7"/><W47/><G121/><T131/><D72/><U67/><E120/><V107/><F39/><W2/><G114/><T41/><D99/><U94/><E108/><V37/><F107/><W105/><G59/><T44/><D118/><U96/><E135/><V23/><F37/><N who="3" m="21871" /><G47/><T26/><D127/><U110/><E110/><V112/><F133/><W123/><G123/><T9/><D26/><U71/><E33/><V92/><F112/><W0/><G105/><T64/><D109/><U69/><E53/><V87/><F32/><W10/><G35/><T102/><D102/><U125/><E11/><V115/><F115/><W1/><G70/><T86/><D14/><U124/><E94/><V85/><F73/><W45/><G45/><T78/><D78/><U90/><AGARI ba="0,0" hai="4,5,16,17,65,67,69,71,88,90,96,97,124,125" machi="90" ten="25,12000,2" yaku="0,1,22,2,52,2,54,2" doraHai="66" who="1" fromWho="1" sc="223,-30,142,120,371,-30,264,-60" owari="193,-31.0,262,6.0,341,45.0,204,-20.0" /></mjloggm>