<mjloggm ver="2.3"><GO type="169" lobby="0"/><UN n0="%E7%AB%8B%E8%8F%AF%E5%A5%8F" n1="%E3%82%A6%E3%83%AB%E3%83%88%E3%83%A9%E7%AB%8B%E7%9B%B4" n2="%E3%81%8A%E3%81%A7%E3%82%93%E3%81%A4%E3%81%8F%E3%82%8D%EF%BC%81" n3="%E3%83%A1%E3%82%A4%E3%82%A2%E3%82%AF%E3%83%88" dan="16,17,16,16" rate="2176.83,2117.71,2035.14,2086.59" sx="F,M,M,M"/><TAIKYOKU oya="0"/><INIT seed="0,0,0,2,2,128" ten="250,250,250,250" oya="0" hai0="38,72,62,108,121,83,61,115,0,98,14,122,54" hai1="131,92,81,104,106,91,40,79,6,22,48,36,15" hai2="42,97,67,30,107,31,101,69,73,112,28,93,19" hai3="71,134,88,85,99,41,43,130,103,132,35,47,82"/><T3/><D115/><U116/><E36/><V120/><F120/><W114/><G71/><T76/><D38/><U87/><E116/><V1/><F1/><W96/><G35/><T25/><D108/><U49/><E131/><V18/><F73/><W80/><G130/><T27/><D98/><U77/><E77/><V126/><F112/><W24/><G24/><T66/><D14/><U124/><E124/><V5/><F5/><W56/><G56/><T113/><D113/><U68/><E68/><V37/><F126/><W16/><G114/><T125/><D125/><U10/><E22/><V89/><F42/><W127/><G41/><T39/><D39/><U4/><E4/><V63/><REACH who="2" step="1"/><F37/><REACH who="2" ten="250,250,240,250" step="2"/><W135/><G127/><T51/><D0/><U70/><E40/><V21/><F21/><W50/><G103/><T12/><D3/><U133/><E6/><V44/><F44/><W117/><G117/><T105/><D122/><U59/><E10/><V58/><F58/><W11/><G82/><T20/><D121/><U64/><E59/><V75/><F75/><W65/><G65/><T23/><D66/><U95/><E64/><V60/><F60/><W109/><G109/><T111/><D111/><U2/><E81/><V45/><F45/><W84/><G84/><AGARI ba="0,1" hai="18,19,28,30,31,63,67,69,84,89,93,97,101,107" machi="84" ten="40,2600,0" yaku="1,1,53,1" doraHai="128" doraHaiUra="57" who="2" fromWho="3" sc="250,0,250,0,240,36,250,-26" /><INIT seed="1,0,0,0,2,132" ten="250,250,276,224" oya="1" hai0="25,2,57,105,107,46,133,18,92,3,64,1,48" hai1="95,12,98,135,67,121,109,54,38,43,17,51,115" hai2="21,45,130,29,7,89,111,122,126,20,55,5,49" hai3="131,75,125,118,19,96,76,37,106,10,102,16,74"/><U101/><E121/><V50/><F122/><W39/><G118/><T60/><D133/><U90/><E115/><V112/><F112/><W40/><G131/><T27/><D92/><U66/><E109/><V35/><F35/><W68/><G68/><T8/><D8/><U47/><E135/><V104/><F104/><W65/><G65/><T120/><D120/><U33/><E33/><V88/><F111/><W117/><G117/><T94/><D94/><U42/><E101/><V87/><F126/><W85/><G10/><T72/><D72/><U123/><E123/><V34/><F34/><W93/><G125/><T24/><REACH who="0" step="1"/><D18/><REACH who="0" ten="240,250,276,224" step="2"/><U14/><E17/><V30/><F130/><W78/><G93/><T116/><D116/><U91/><E95/><V134/><F134/><W124/><G106/><T110/><D110/><U84/><E98/><V113/><F113/><W32/><G96/><T62/><D62/><U63/><E63/><V100/><F100/><W82/><G75/><T99/><D99/><U22/><E84/><V13/><F87/><W26/><G102/><T114/><D114/><U81/><E81/><V6/><F6/><W56/><G85/><T108/><D108/><U70/><E70/><V58/><F7/><W61/><G61/><T9/><D9/><U128/><E128/><V4/><F5/><W36/><G82/><T83/><D83/><U77/><E91/><V86/><F4/><W53/><G19/><T28/><D28/><N who="2" m="10858" /><F86/><W97/><G16/><T129/><D129/><U11/><E11/><V52/><F13/><N who="1" m="5225" /><E90/><AGARI ba="0,1" hai="20,21,45,49,50,52,55,58,88,89,90" m="10858" machi="90" ten="30,3900,0" yaku="8,1,54,2" doraHai="132" who="2" fromWho="1" sc="240,0,250,-39,276,49,224,0" /><INIT seed="2,0,0,4,3,108" ten="240,211,325,224" oya="2" hai0="87,121,88,85,81,2,111,101,32,9,67,89,115" hai1="118,27,54,42,75,103,132,110,107,57,116,40,18" hai2="69,56,48,51,96,123,47,91,39,114,84,130,5" hai3="134,45,113,22,62,26,29,120,94,93,44,131,61"/><V14/><F69/><W86/><G120/><T73/><D32/><U13/><E75/><V60/><F39/><W21/><G131/><T83/><D67/><U124/><E110/><V43/><F123/><W97/><G134/><T25/><D111/><U122/><E132/><V135/><F135/><W90/><G113/><T59/><D121/><U31/><E122/><V99/><F114/><W66/><G21/><T68/><D68/><U30/><E124/><V74/><F74/><W133/><G62/><T0/><D73/><U104/><E40/><V49/><F130/><W100/><REACH who="3" step="1"/><G133/><REACH who="3" ten="240,211,325,214" step="2"/><T28/><D115/><U55/><E118/><V12/><F60/><W10/><G10/><T102/><D9/><U1/><E116/><V127/><F127/><W82/><G82/><T20/><REACH who="0" step="1"/><D59/><AGARI ba="0,1" hai="22,26,29,44,45,59,61,66,86,90,93,94,97,100" machi="59" ten="30,8000,1" yaku="1,1,7,1,25,2,8,1,53,0" doraHai="108" doraHaiUra="112" who="3" fromWho="0" sc="240,-80,211,0,325,0,214,90" /><INIT seed="3,0,0,2,0,93" ten="160,211,325,304" oya="3" hai0="9,79,34,17,33,134,47,15,27,45,71,76,13" hai1="110,133,109,55,80,37,43,56,28,21,84,132,97" hai2="101,63,128,103,73,123,49,66,124,46,105,42,31" hai3="75,57,64,7,92,29,19,118,38,77,2,94,23"/><W78/><G38/><T65/><D134/><N who="1" m="51819" /><E43/><V61/><F73/><W59/><G29/><T3/><D3/><U25/><E37/><V106/><F123/><W87/><G75/><T117/><D117/><U14/><E14/><V30/><F124/><W16/><G118/><T88/><D71/><U81/><E97/><V107/><F128/><W52/><G7/><T54/><D65/><U67/><E67/><V5/><F5/><W58/><G64/><T121/><D121/><U0/><E0/><V125/><F125/><W12/><G2/><T41/><D27/><U130/><E130/><V99/><F63/><W129/><G129/><T40/><D9/><U32/><E32/><V26/><F103/><W119/><G119/><T120/><D120/><U100/><E100/><V82/><F82/><N who="1" m="31849" /><E84/><V51/><F51/><AGARI ba="0,0" hai="21,25,28,51,55,56,109,110" m="31849,51819" machi="51" ten="30,1000,0" yaku="20,1" doraHai="93" who="1" fromWho="2" sc="160,0,211,10,325,-10,304,0" /><INIT seed="4,0,0,4,1,18" ten="160,221,315,304" oya="0" hai0="3,120,10,8,50,24,7,67,15,37,121,109,116" hai1="128,5,80,131,119,51,52,78,97,118,20,38,46" hai2="82,34,86,59,106,4,22,49,104,98,43,87,17" hai3="108,27,130,9,55,88,62,11,107,102,19,56,47"/><T83/><D37/><U122/><E122/><V36/><F34/><W33/><G108/><T113/><D67/><U126/><E5/><V68/><F68/><W35/><G102/><T45/><D116/><U91/><E38/><V30/><F36/><W32/><G107/><T21/><D109/><U60/><E60/><V111/><F30/><W79/><G79/><T124/><D124/><U29/><E126/><V72/><F72/><W31/><G130/><N who="1" m="49706" /><E91/><V76/><F4/><W81/><G47/><T103/><D103/><U75/><E97/><V133/><F133/><W13/><REACH who="3" step="1"/><G11/><REACH who="3" ten="160,221,315,294" step="2"/><T66/><D121/><U42/><E42/><V25/><F104/><W26/><G26/><AGARI ba="0,1" hai="20,26,29,46,51,52,75,78,80,118,119" m="49706" machi="26" ten="30,3900,0" yaku="19,1,52,1,54,1" doraHai="18" who="1" fromWho="3" sc="160,0,221,49,315,0,294,-39" /><INIT seed="5,0,0,5,1,32" ten="160,270,315,255" oya="1" hai0="127,110,43,40,24,14,35,81,124,106,50,16,30" hai1="18,68,93,87,117,49,125,52,102,105,134,128,107" hai2="94,9,55,121,115,64,38,5,118,75,69,86,31" hai3="111,66,57,61,27,45,67,101,56,99,22,7,104"/><U113/><E117/><V34/><F75/><W17/><G111/><T65/><D106/><U60/><E125/><N who="0" m="48201" /><D110/><U77/><E113/><V97/><F118/><W28/><G7/><T98/><D65/><U74/><E128/><V96/><F38/><W131/><G131/><T76/><D98/><U21/><E134/><V82/><F121/><W135/><G135/><T71/><D71/><U62/><E74/><V6/><F64/><W1/><G1/><T103/><D103/><U23/><E105/><V123/><F69/><W12/><G45/><T19/><D50/><U48/><E48/><V89/><F97/><W95/><G67/><T10/><D19/><U88/><E68/><V78/><F123/><W4/><G4/><T13/><D13/><N who="1" m="9423" /><E107/><V85/><F34/><W37/><G37/><T42/><D42/><U116/><E116/><V122/><F55/><W15/><G57/><T44/><D44/><N who="1" m="27687" /><E102/><V8/><F122/><W129/><G129/><T92/><D92/><U130/><E130/><V80/><F115/><W83/><G83/><T120/><D120/><U3/><E62/><V84/><F80/><W39/><G39/><T41/><D41/><U109/><E60/><V91/><F82/><W54/><G54/><T126/><N who="0" m="48209" /><T90/><DORA hai="29" /><D90/><U70/><E88/><V63/><F91/><W2/><G104/><T100/><D100/><U36/><E93/><V119/><F89/><W47/><G47/><T72/><AGARI ba="0,0" hai="10,14,16,24,30,35,40,43,72,76,81" m="48209" machi="72" ten="40,5200,0" yaku="18,1,52,1,54,1" doraHai="32,29" who="0" fromWho="0" sc="160,52,270,-26,315,-13,255,-13" /><INIT seed="6,0,0,2,4,65" ten="212,244,302,242" oya="2" hai0="57,40,126,94,72,108,12,77,114,125,53,123,83" hai1="15,89,67,111,61,45,99,39,30,10,97,110,91" hai2="29,132,1,50,68,28,36,55,48,69,56,70,127" hai3="47,0,17,52,74,34,54,80,11,78,32,51,16"/><V4/><F36/><W115/><G115/><T60/><D114/><U22/><E39/><V109/><F1/><W85/><G74/><T100/><D108/><U58/><E45/><V75/><F75/><W46/><G34/><T134/><D123/><U102/><E111/><V95/><F4/><W49/><G32/><T122/><D122/><U6/><E110/><V31/><F109/><W116/><G116/><T124/><D134/><U26/><REACH who="1" step="1"/><E99/><REACH who="1" ten="212,234,302,242" step="2"/><V104/><F132/><W9/><G0/><T35/><D126/><U76/><E76/><V81/><F127/><W2/><G2/><T41/><D125/><U43/><E43/><V121/><F121/><W92/><G92/><AGARI ba="0,1" hai="6,10,15,22,26,30,58,61,67,89,91,92,97,102" machi="92" ten="30,8000,1" yaku="1,1,7,1,25,2,8,1,53,0" doraHai="65" doraHaiUra="131" who="1" fromWho="3" sc="212,0,234,90,302,0,242,-80" /><INIT seed="7,0,0,4,2,39" ten="212,324,302,162" oya="3" hai0="92,57,7,86,31,10,87,120,115,41,61,48,0" hai1="5,111,129,18,8,50,40,53,95,91,114,13,124" hai2="14,49,99,55,60,4,66,89,122,70,98,26,116" hai3="65,75,117,133,19,52,80,85,25,32,135,79,9"/><W103/><G117/><T35/><D120/><U77/><E111/><V128/><F116/><W59/><G65/><T125/><D125/><U17/><E124/><V27/><F128/><W97/><G75/><T84/><D115/><U30/><E114/><V108/><F108/><W71/><G71/><T81/><D92/><U6/><E30/><V127/><F127/><W107/><G32/><T78/><D31/><U72/><E77/><V134/><F134/><W22/><REACH who="3" step="1"/><G9/><REACH who="3" ten="212,324,302,152" step="2"/><T90/><D35/><U68/><E8/><N who="2" m="4359" /><F70/><W34/><G34/><T73/><D73/><U44/><E68/><V1/><F66/><W82/><G82/><T11/><D11/><U43/><E72/><V123/><F123/><W118/><G118/><T132/><D132/><U15/><E129/><V3/><F122/><W28/><G28/><T126/><D126/><U130/><E130/><V100/><F3/><W62/><AGARI ba="0,1" hai="19,22,25,52,59,62,79,80,85,97,103,107,133,135" machi="62" ten="30,6000,0" yaku="1,1,0,1,54,1,53,0" doraHai="39" doraHaiUra="109" who="3" fromWho="3" sc="212,-20,324,-20,302,-20,152,70" /><INIT seed="7,1,0,4,3,7" ten="192,304,282,222" oya="3" hai0="35,134,84,115,132,82,114,133,51,81,102,90,125" hai1="85,65,71,131,101,107,56,22,36,1,103,40,87" hai2="8,29,59,98,79,74,30,49,67,88,52,0,15" hai3="91,23,18,104,128,9,124,127,27,55,111,100,12"/><W75/><G75/><T4/><D35/><U32/><E71/><V20/><F0/><W112/><G104/><T46/><D125/><N who="3" m="48201" /><G100/><T126/><D126/><U21/><E40/><V60/><F74/><W109/><G91/><T113/><D4/><U66/><E36/><V26/><F79/><W94/><G94/><N who="0" m="54599" /><D102/><U31/><E31/><N who="2" m="17863" /><F88/><W34/><G34/><T64/><D64/><U118/><E1/><V61/><F98/><W92/><G92/><T25/><D25/><U95/><E95/><V63/><F67/><W119/><G119/><T72/><D72/><U16/><E32/><V13/><F13/><W19/><G55/><AGARI ba="1,0" hai="46,51,55,81,82,113,114,115,132,133,134" m="54599" machi="55" ten="40,5200,0" yaku="15,1,11,1,20,1" doraHai="7" who="0" fromWho="3" sc="192,55,304,0,282,0,222,-55" owari="247,-15.0,304,40.0,282,8.0,167,-33.0" /></mjloggm>