<mjloggm ver="2.3"><GO type="41" lobby="0"/><UN n0="%E5%B0%B1%E6%B4%BB%E7%94%9F%40%E5%B7%9D%E6%9D%91%E8%BB%8D%E5%9B%A3" n1="%E6%BF%83%E3%81%84%E7%B4%85%E8%8C%B6" n2="%E3%81%8B%E3%82%89%E3%81%A0%E3%81%AB%E3%83%94%E3%83%BC%E3%82%B9" n3="%E6%BC%A3%E5%A4%8F" dan="15,14,14,15" rate="2022.06,1928.86,1912.91,2017.29" sx="M,M,F,M"/><TAIKYOKU oya="0"/><INIT seed="0,0,0,2,5,66" ten="250,250,250,250" oya="0" hai0="91,29,120,104,18,122,19,118,51,4,93,85,14" hai1="116,10,132,86,60,2,99,5,112,16,128,62,135" hai2="102,125,103,82,52,15,119,110,0,90,80,9,73" hai3="69,70,47,107,126,68,127,20,124,56,100,23,117"/><T22/><D104/><U95/><E128/><V74/><F110/><W36/><G117/><T121/><D118/><U53/><E116/><V33/><F33/><W123/><G123/><T101/><D101/><U6/><E6/><V30/><F119/><W77/><G77/><T28/><D4/><U114/><E86/><V97/><F0/><W105/><G56/><T63/><D63/><N who="1" m="24107" /><E53/><V12/><F30/><W37/><G47/><T65/><D65/><U45/><E45/><V83/><F125/><W54/><G54/><T98/><D98/><U31/><E16/><V13/><F52/><W106/><REACH who="3" step="1"/><G100/><REACH who="3" ten="250,250,250,240" step="2"/><T108/><D108/><U17/><E112/><V57/><F103/><W111/><G111/><T41/><D41/><U67/><E114/><V43/><F57/><W72/><G72/><T55/><REACH who="0" step="1"/><D18/><REACH who="0" ten="240,250,250,240" step="2"/><U76/><E17/><V49/><F43/><W21/><AGARI ba="0,2" hai="20,21,23,36,37,68,69,70,105,106,107,124,126,127" machi="21" ten="50,32000,5" yakuman="40" doraHai="66" doraHaiUra="115" who="3" fromWho="3" sc="240,-160,250,-80,250,-80,240,340" /><INIT seed="1,0,0,0,0,8" ten="80,170,170,580" oya="1" hai0="124,133,109,42,95,41,117,46,14,21,74,76,18" hai1="9,75,65,55,63,62,131,58,2,120,91,77,5" hai2="28,83,118,39,100,70,85,101,103,60,126,132,32" hai3="23,22,110,99,64,69,80,19,15,81,97,123,1"/><U96/><E131/><V20/><F118/><W54/><G1/><T82/><D117/><U29/><E120/><V115/><F115/><W49/><G123/><T89/><D124/><U36/><E36/><V134/><F126/><W33/><G33/><T90/><D109/><U93/><E29/><V135/><F39/><W34/><G34/><T121/><D121/><U40/><E40/><V71/><F32/><W35/><G35/><T129/><D129/><U122/><E122/><V25/><REACH who="2" step="1"/><F60/><REACH who="2" ten="80,170,160,580" step="2"/><W30/><G110/><T108/><D108/><U127/><E127/><V107/><F107/><W116/><G116/><T53/><D133/><U128/><E128/><V48/><F48/><W11/><G49/><T3/><D3/><U87/><E63/><V13/><F13/><W56/><G15/><T17/><D17/><U37/><E37/><V51/><F51/><W31/><G19/><T27/><D27/><U92/><E62/><V84/><F84/><W44/><G31/><T125/><D125/><U52/><E87/><V0/><F0/><W43/><G30/><T105/><D105/><U61/><E75/><V12/><F12/><W10/><G64/><T130/><D130/><U68/><E68/><V6/><F6/><W79/><G69/><T38/><D42/><U102/><E65/><V47/><F47/><W86/><G44/><T111/><D111/><U4/><E4/><V50/><F50/><W94/><G43/><T26/><D26/><U119/><E119/><V24/><F24/><W106/><G106/><T114/><D114/><U112/><E112/><V67/><F67/><RYUUKYOKU ba="0,1" sc="80,-10,170,-10,160,30,580,-10" hai2="20,25,28,70,71,83,85,100,101,103,132,134,135" /><INIT seed="2,1,1,2,5,72" ten="70,160,190,570" oya="2" hai0="24,95,90,53,73,130,93,103,14,21,42,105,16" hai1="70,78,119,131,129,76,13,60,96,127,27,0,87" hai2="17,80,29,38,3,57,49,5,94,91,30,126,79" hai3="101,112,109,58,133,92,36,71,67,15,113,54,7"/><V125/><F38/><W104/><G104/><T59/><D130/><N who="1" m="49675" /><E127/><N who="2" m="48651" /><F17/><W85/><G36/><T106/><D73/><U88/><E0/><V82/><F82/><W69/><G109/><T111/><D111/><U46/><E119/><V20/><F20/><W4/><G133/><T28/><D42/><U19/><E96/><N who="2" m="57439" /><F5/><W120/><G120/><T110/><D110/><U56/><E27/><V77/><F3/><W86/><G4/><T98/><D95/><N who="1" m="54687" /><E46/><V11/><F11/><W33/><G7/><T108/><D108/><U64/><E70/><V135/><F135/><W2/><G2/><T25/><D103/><U65/><E65/><V68/><F68/><W123/><G67/><T122/><D122/><U114/><E114/><V100/><F100/><W52/><G123/><T134/><D134/><U121/><E121/><V75/><F57/><W99/><G58/><T97/><D97/><U1/><E1/><V48/><F75/><W117/><G113/><T23/><REACH who="0" step="1"/><D14/><REACH who="0" ten="60,160,190,570" step="2"/><U41/><E41/><V74/><F74/><W61/><G15/><T81/><D81/><U9/><AGARI ba="1,2" hai="9,13,19,56,60,64,76,78" m="54687,49675" machi="9" ten="30,7900,0" yaku="19,1,52,2,54,1" doraHai="72" who="1" fromWho="1" sc="60,-21,160,102,190,-40,570,-21" /><INIT seed="3,0,0,1,3,54" ten="39,262,150,549" oya="3" hai0="21,68,134,133,64,34,2,46,8,74,17,52,58" hai1="67,128,80,115,123,118,66,84,83,91,6,26,43" hai2="44,75,73,20,36,76,7,90,31,29,24,77,50" hai3="49,33,98,104,28,41,108,27,32,117,10,72,18"/><W119/><G72/><T79/><D34/><U14/><E123/><V15/><F36/><W95/><G104/><T47/><D74/><U124/><E118/><V71/><F75/><W55/><G41/><T45/><D79/><U5/><E115/><V69/><F73/><W101/><G33/><T0/><D68/><U51/><E128/><V103/><F103/><W127/><G127/><T37/><D37/><U85/><E124/><V92/><F69/><W12/><REACH who="3" step="1"/><G108/><REACH who="3" ten="39,262,150,539" step="2"/><T109/><D109/><U97/><E43/><V105/><F105/><W40/><G40/><T107/><D107/><U13/><E5/><V86/><F71/><W110/><G110/><T25/><D64/><U53/><E6/><V23/><F7/><W94/><G94/><T56/><D8/><U130/><E67/><V35/><F35/><W19/><G19/><T88/><D88/><U22/><E66/><V61/><F31/><W70/><G70/><T63/><D2/><U59/><E130/><V112/><F90/><W81/><G81/><T60/><D0/><U135/><E135/><N who="0" m="51721" /><D52/><U30/><REACH who="1" step="1"/><E97/><REACH who="1" ten="39,252,150,539" step="2"/><V38/><F112/><W42/><G42/><T132/><N who="0" m="51729" /><T96/><DORA hai="93" /><D96/><U122/><E122/><V106/><F38/><W89/><G89/><AGARI ba="0,2" hai="13,14,22,26,30,51,53,59,80,83,84,85,89,91" machi="89" ten="30,8000,1" yaku="1,1,7,1,9,1,8,1,52,1,53,0" doraHai="54,93" doraHaiUra="120,99" who="1" fromWho="3" sc="39,0,252,100,150,0,539,-80" /><INIT seed="4,0,0,0,3,62" ten="39,352,150,459" oya="0" hai0="116,33,96,111,109,13,87,104,37,38,61,12,67" hai1="127,97,53,119,100,74,48,91,32,29,80,27,89" hai2="17,128,19,94,30,66,71,78,0,25,118,135,126" hai3="47,77,55,114,72,90,83,86,108,133,70,45,34"/><T98/><D33/><U129/><E129/><V6/><F128/><W58/><G34/><T31/><D116/><U73/><E127/><V4/><F126/><W46/><G70/><T2/><D2/><U131/><E131/><V110/><F135/><W93/><G108/><N who="0" m="41547" /><D31/><U65/><E65/><V121/><F110/><W115/><REACH who="3" step="1"/><G133/><REACH who="3" ten="39,352,150,449" step="2"/><T107/><D87/><U26/><E119/><V59/><F118/><W64/><G64/><T82/><D82/><U95/><E74/><V85/><F66/><W54/><G54/><T40/><D98/><U120/><E120/><V43/><F71/><W130/><G130/><T69/><D96/><U16/><E73/><V20/><F121/><W23/><G23/><T35/><D35/><U84/><E53/><V8/><F20/><W63/><AGARI ba="0,1" hai="45,46,47,55,58,63,72,77,83,86,90,93,114,115" machi="63" ten="30,4000,0" yaku="1,1,0,1,53,1" doraHai="62" doraHaiUra="79" who="3" fromWho="3" sc="39,-20,352,-10,150,-10,449,50" /><INIT seed="5,0,0,5,0,40" ten="19,342,140,499" oya="1" hai0="103,82,7,101,111,46,54,59,98,114,69,27,13" hai1="63,87,72,21,79,26,127,120,5,110,88,118,45" hai2="134,64,105,77,39,4,84,130,24,61,78,10,6" hai3="14,20,106,71,25,70,12,85,83,126,76,0,1"/><U91/><E118/><V121/><F121/><W80/><G106/><T123/><D69/><U125/><E120/><V22/><F39/><W67/><G126/><N who="1" m="48138" /><E110/><V124/><F105/><W17/><G1/><T3/><D111/><U68/><E5/><V29/><F124/><W33/><G0/><T32/><D123/><U58/><E68/><V49/><F134/><W89/><G67/><T108/><D108/><U100/><E100/><V132/><F130/><W36/><G36/><T102/><D114/><U18/><E72/><V31/><F31/><W96/><G70/><T109/><D3/><U37/><E79/><V51/><F6/><W28/><G71/><T47/><D109/><U107/><E107/><V62/><F62/><W11/><G96/><T116/><D116/><U95/><E91/><V15/><F84/><N who="3" m="48135" /><G33/><T38/><D38/><U44/><E37/><V41/><F132/><W43/><G12/><T86/><D98/><U128/><E128/><V131/><F131/><W16/><G43/><T113/><D113/><U90/><E90/><V94/><F41/><W19/><AGARI ba="0,0" hai="11,14,16,17,19,20,25,28,83,85,89" m="48135" machi="19" ten="30,2000,0" yaku="8,1,54,1" doraHai="40" who="3" fromWho="3" sc="19,-5,342,-10,140,-5,499,20" /><INIT seed="6,0,0,4,0,9" ten="14,332,135,519" oya="2" hai0="34,32,21,77,82,35,65,56,33,120,117,1,129" hai1="29,130,51,124,112,108,135,10,52,18,107,81,49" hai2="123,66,25,17,86,114,111,36,73,71,115,19,95" hai3="125,92,113,26,74,59,104,91,2,6,94,103,62"/><V110/><F73/><W127/><G74/><T15/><N who="0" m="8704" /><DORA hai="88" /><T105/><D120/><U63/><E108/><N who="2" m="41515" /><F36/><W101/><G113/><N who="2" m="43017" /><F123/><W80/><G104/><T132/><D105/><U13/><E107/><V89/><F25/><W69/><G69/><T47/><D117/><U4/><E135/><V96/><F96/><N who="3" m="57375" /><G80/><T70/><D1/><U12/><E130/><V11/><F11/><N who="3" m="2519" /><G26/><T116/><D116/><U126/><E124/><N who="3" m="47690" /><G94/><T5/><D129/><U27/><E126/><V45/><F45/><W20/><G20/><T75/><D132/><U14/><E112/><V90/><F90/><W38/><G38/><T22/><D70/><U60/><E81/><V93/><F93/><W8/><G8/><T46/><D5/><U79/><E4/><V68/><F68/><W57/><G57/><T30/><D22/><U84/><E10/><V85/><F85/><W16/><G16/><T3/><D3/><U98/><E18/><V97/><F97/><W41/><G41/><T83/><D83/><U55/><E98/><V109/><F109/><W37/><G37/><T87/><D75/><U24/><E84/><V106/><F106/><W100/><G100/><T0/><D0/><U48/><E27/><V61/><AGARI ba="0,0" hai="17,19,61,66,71,86,89,95" m="43017,41515" machi="61" ten="40,7800,0" yaku="10,1,15,1,52,1" doraHai="9,88" who="2" fromWho="2" sc="14,-26,332,-26,135,78,519,-26" owari="-12,-51.0,306,11.0,213,-19.0,493,59.0" /></mjloggm>