<mjloggm ver="2.3"><GO type="97" lobby="0"/><UN n0="%E5%B0%B1%E6%B4%BB%E7%94%9F%40%E5%B7%9D%E6%9D%91%E8%BB%8D%E5%9B%A3" n1="%E3%81%94%E3%82%8A%E3%81%BF%E3%81%8D" n2="%28%EF%BC%BE%CF%89%EF%BC%BE%29%E3%81%8A%E3%81%89%E3%82%93" n3="%E5%B5%AF%E5%B3%A8%E6%94%BF%E5%AE%97" dan="15,15,14,14" rate="2013.56,2050.74,1947.51,2031.14" sx="M,M,F,M"/><TAIKYOKU oya="0"/><INIT seed="0,0,0,4,4,85" ten="250,250,250,250" oya="0" hai0="41,25,13,54,79,61,102,84,30,55,72,60,129" hai1="96,38,130,48,107,124,16,135,90,56,22,9,5" hai2="64,46,126,36,95,65,87,2,66,58,109,98,51" hai3="59,92,40,94,31,89,119,39,100,117,1,127,62"/><T134/><D72/><U128/><E38/><V50/><F2/><W3/><G127/><T118/><D118/><U74/><E74/><V81/><F126/><W108/><G31/><T101/><D129/><N who="1" m="49771" /><E124/><V133/><F133/><W120/><G100/><N who="0" m="38507" /><D41/><U21/><E107/><V18/><F109/><W77/><G77/><T28/><D13/><N who="1" m="7215" /><E5/><V24/><F36/><W114/><G39/><T42/><D42/><U86/><E96/><V68/><F68/><W99/><G40/><T70/><D70/><U0/><E0/><V73/><F73/><W10/><G99/><T80/><D134/><U123/><E123/><V4/><F4/><W116/><G116/><T26/><D26/><U105/><E105/><V97/><F58/><W103/><G103/><T33/><D33/><U88/><E135/><V49/><F46/><W125/><G125/><T93/><D93/><N who="1" m="54423" /><E90/><N who="2" m="51567" /><F95/><W69/><G119/><T132/><D132/><U76/><E76/><V8/><F8/><W113/><G10/><T63/><D25/><U47/><E47/><V75/><F75/><W104/><G117/><T37/><D37/><U15/><E15/><V11/><F11/><W45/><G104/><T106/><D106/><U43/><E43/><V27/><F27/><W52/><G120/><T19/><D19/><U122/><E122/><V112/><F24/><W71/><G1/><T91/><D79/><U32/><E32/><V14/><F98/><W23/><G3/><T78/><D78/><U20/><E56/><V121/><F97/><W67/><G59/><T34/><D34/><U110/><E48/><N who="2" m="12291" /><V29/><DORA hai="35" /><F121/><RYUUKYOKU ba="0,0" sc="250,15,250,15,250,-15,250,-15" hai0="28,30,54,55,60,61,63,80,84,91" hai1="20,21,22,110" /><INIT seed="0,1,0,4,3,61" ten="265,265,235,235" oya="0" hai0="7,86,111,131,127,104,114,133,116,109,42,70,125" hai1="33,60,46,43,22,112,74,50,63,19,91,45,117" hai2="41,87,124,51,20,119,100,53,107,5,135,94,17" hai3="26,34,16,122,8,110,58,49,13,96,4,11,65"/><T105/><D70/><U40/><E33/><V80/><F107/><N who="0" m="41034" /><D7/><U38/><E74/><V31/><F119/><W85/><G110/><N who="0" m="41995" /><D42/><U3/><E117/><V0/><F0/><W57/><G122/><T101/><D116/><U9/><E112/><V28/><F124/><N who="0" m="47690" /><D114/><U89/><E3/><V37/><F41/><W123/><G123/><T84/><D131/><U83/><E9/><V78/><F5/><W129/><G129/><T95/><D133/><U77/><E60/><V44/><F135/><W132/><G132/><T71/><D71/><U64/><E83/><V113/><F113/><W12/><G34/><T56/><D56/><U108/><E77/><V103/><F37/><W14/><G58/><T69/><D69/><U55/><E108/><V6/><F6/><W118/><G118/><T48/><D48/><U134/><E134/><V98/><REACH who="2" step="1"/><F103/><REACH who="2" ten="265,265,225,235" step="2"/><W128/><G128/><T21/><D21/><U90/><E43/><V23/><F23/><N who="3" m="13671" /><G4/><T93/><D101/><U79/><E22/><V73/><F73/><W121/><G121/><T32/><D32/><U29/><E40/><V2/><F2/><W35/><G35/><T18/><D18/><U39/><E19/><V75/><F75/><W130/><G130/><T92/><AGARI ba="1,1" hai="84,86,92,93,95" m="47690,41995,41034" machi="92" ten="40,18000,2" yaku="28,2,14,1,10,1,18,1,34,2" doraHai="61" who="0" fromWho="0" sc="265,193,265,-61,225,-61,235,-61" /><INIT seed="0,2,0,2,0,38" ten="458,204,164,174" oya="0" hai0="10,75,17,26,91,57,30,12,34,4,37,71,85" hai1="98,24,25,41,15,62,50,124,19,6,55,116,54" hai2="52,119,74,118,117,53,56,70,23,60,77,29,22" hai3="114,130,13,134,92,94,44,40,18,110,107,1,72"/><T42/><D71/><U20/><E116/><V82/><F70/><W87/><G1/><T36/><D75/><U46/><E124/><V68/><F68/><W28/><G114/><T115/><D115/><U126/><E126/><V49/><REACH who="2" step="1"/><F29/><REACH who="2" ten="458,204,154,174" step="2"/><W111/><G28/><T133/><D133/><U81/><E62/><V79/><F79/><W61/><G134/><T47/><D36/><U58/><E58/><AGARI ba="2,1" hai="22,23,49,52,53,56,58,60,74,77,82,117,118,119" machi="58" ten="40,5200,0" yaku="1,1,12,1,54,1,53,0" doraHai="38" doraHaiUra="129" who="2" fromWho="1" sc="458,0,204,-58,154,68,174,0" /><INIT seed="1,0,0,1,5,51" ten="458,146,222,174" oya="1" hai0="88,37,34,114,15,11,122,90,91,18,78,100,73" hai1="80,28,8,10,106,95,41,118,43,22,59,1,71" hai2="132,66,31,127,104,55,29,131,117,6,49,30,97" hai3="98,111,54,74,68,24,94,134,126,108,129,23,67"/><U45/><E71/><V101/><F117/><W7/><G74/><T84/><D37/><U17/><E106/><V135/><F66/><W40/><G40/><T0/><D114/><U52/><E118/><V20/><F127/><W65/><G126/><T81/><D122/><U85/><E28/><V46/><F131/><W9/><G129/><T79/><D34/><U60/><E95/><V36/><F36/><W32/><G32/><T44/><D0/><U130/><E130/><V99/><F99/><W133/><G54/><T112/><D112/><U110/><E110/><N who="3" m="42026" /><G68/><T123/><D123/><U4/><E10/><V35/><F35/><W33/><G33/><T64/><D64/><N who="3" m="24649" /><G23/><T93/><D78/><U58/><E58/><V16/><REACH who="2" step="1"/><F6/><REACH who="2" ten="458,146,212,174" step="2"/><W102/><G24/><AGARI ba="0,1" hai="16,20,24,29,30,31,46,49,55,97,101,104,132,135" machi="24" ten="40,8000,1" yaku="1,1,2,1,52,1,54,1,53,0" doraHai="51" doraHaiUra="72" who="2" fromWho="3" sc="458,0,146,0,212,90,174,-80" /><INIT seed="2,0,0,2,1,118" ten="458,146,302,94" oya="2" hai0="17,27,81,26,132,131,78,89,123,56,61,75,38" hai1="45,128,71,90,21,18,114,102,111,5,97,135,74" hai2="124,79,19,83,22,66,84,52,125,109,77,47,116" hai3="7,9,106,0,96,130,40,15,69,112,39,51,37"/><V110/><F116/><W99/><G112/><T134/><D38/><U86/><E114/><V122/><F66/><W108/><G108/><N who="2" m="41577" /><F122/><W68/><G130/><T6/><D6/><U41/><E74/><V12/><F77/><W101/><G96/><T23/><D123/><U119/><E119/><V31/><F31/><W91/><G91/><T25/><D89/><U28/><E128/><V13/><F13/><W121/><G15/><T11/><D11/><U36/><E71/><V8/><F8/><W113/><G113/><T58/><D58/><U33/><E5/><V35/><F35/><W59/><G121/><T129/><D129/><U95/><E135/><N who="0" m="51753" /><D131/><U3/><E3/><V120/><F120/><W32/><G39/><T44/><D44/><U93/><E111/><V42/><F42/><W29/><G59/><T30/><D30/><U92/><E28/><V14/><F14/><W16/><G16/><T87/><D75/><U57/><E33/><V127/><F47/><W10/><G10/><T46/><D46/><U105/><E57/><V43/><F43/><W126/><G51/><T103/><D103/><U63/><REACH who="1" step="1"/><E63/><REACH who="1" ten="458,136,302,94" step="2"/><V76/><F76/><W62/><G62/><T65/><AGARI ba="0,1" hai="17,23,25,26,27,56,61,65,78,81,87" m="51753" machi="65" ten="30,1100,0" yaku="20,1" doraHai="118" who="0" fromWho="0" sc="458,21,136,-3,302,-5,94,-3" /><INIT seed="3,0,0,2,5,43" ten="479,133,297,91" oya="3" hai0="62,119,19,5,32,110,9,124,54,128,107,75,41" hai1="61,112,76,39,36,81,40,97,23,105,92,103,132" hai2="83,65,94,12,0,17,122,111,31,50,131,95,69" hai3="44,42,115,89,135,21,7,18,60,125,11,109,56"/><W49/><G115/><T66/><D107/><U79/><E112/><V77/><F0/><W52/><G125/><T53/><D75/><U100/><E132/><V71/><F111/><W82/><G135/><T127/><D32/><U27/><E79/><V84/><F131/><W121/><G121/><T16/><D119/><U4/><E4/><V101/><F122/><W88/><G82/><T55/><D41/><U86/><E61/><V113/><F113/><W72/><G72/><T59/><D110/><U91/><E103/><V126/><F126/><N who="0" m="48170" /><D128/><U134/><E40/><V68/><F31/><W104/><G104/><T116/><D116/><U37/><E134/><V114/><F114/><W70/><G70/><T102/><D102/><U78/><REACH who="1" step="1"/><E105/><REACH who="1" ten="479,123,297,91" step="2"/><V129/><F101/><W15/><REACH who="3" step="1"/><G109/><REACH who="3" ten="479,123,297,81" step="2"/><T133/><D133/><U73/><E73/><V25/><F129/><W34/><G34/><T35/><D35/><U130/><E130/><V67/><F69/><W74/><G74/><T63/><D63/><U64/><E64/><V99/><F71/><W90/><G90/><T48/><D48/><U14/><E14/><AGARI ba="0,2" hai="7,11,14,15,18,21,42,44,49,52,56,60,88,89" machi="14" ten="30,24000,3" yaku="1,1,7,1,8,1,52,1,54,2,53,2" doraHai="43" doraHaiUra="10" who="3" fromWho="1" sc="479,0,123,-240,297,0,81,260" /><AGARI ba="0,0" hai="5,9,14,16,19,53,54,55,59,62,66" m="48170" machi="14" ten="30,2000,0" yaku="18,1,54,1" doraHai="43" who="0" fromWho="1" sc="479,20,-117,-20,297,0,341,0" owari="499,60.0,-137,-64.0,297,-10.0,341,14.0" /></mjloggm>