<mjloggm ver="2.3"><GO type="169" lobby="0"/><UN n0="%E5%8F%AF%E7%87%83%E6%80%A7%E9%AB%98%E5%9C%A7%E3%82%AC%E3%82%B9" n1="%E5%90%B8%E8%A1%80%E5%85%8E" n2="%E5%B0%B1%E6%B4%BB%E7%94%9F%40%E5%B7%9D%E6%9D%91%E8%BB%8D%E5%9B%A3" n3="%E3%81%8A%E3%81%98%E3%81%8A" dan="16,16,16,16" rate="2154.21,2000.61,2043.60,2016.65" sx="M,M,M,M"/><TAIKYOKU oya="0"/><INIT seed="0,0,0,4,5,5" ten="250,250,250,250" oya="0" hai0="75,126,11,56,86,82,23,34,119,35,31,21,127" hai1="81,131,54,47,49,32,80,101,94,77,89,99,69" hai2="116,19,61,26,13,96,118,18,62,33,64,122,106" hai3="65,63,129,88,60,78,132,71,109,120,125,67,112"/><T7/><D75/><U55/><E32/><V36/><F122/><W84/><G112/><T24/><D119/><U4/><E69/><V42/><F36/><W48/><G109/><T90/><D56/><U43/><E131/><V12/><F42/><W102/><G132/><T134/><D134/><U15/><E101/><V50/><F50/><W123/><G125/><N who="0" m="47627" /><D35/><U98/><E98/><V2/><F2/><AGARI ba="0,0" hai="2,7,11,21,23,24,31,34,82,86,90" m="47627" machi="2" ten="30,2900,0" yaku="18,1,52,1" doraHai="5" who="0" fromWho="2" sc="250,29,250,0,250,-29,250,0" /><INIT seed="0,1,0,4,5,88" ten="279,250,221,250" oya="0" hai0="6,124,77,121,84,2,55,33,89,102,71,17,44" hai1="99,79,34,40,43,63,24,129,3,31,37,133,68" hai2="73,65,1,83,92,38,130,69,50,94,111,12,134" hai3="19,119,28,113,126,51,123,87,8,76,32,67,48"/><T93/><D121/><U47/><E43/><V81/><F38/><W82/><G113/><T85/><D71/><U116/><E133/><V14/><F1/><W52/><G119/><T18/><D33/><U16/><E116/><V27/><F130/><W72/><G126/><T60/><D124/><U108/><E129/><V30/><F134/><W20/><G67/><T39/><D102/><U103/><E79/><V66/><F111/><W61/><G32/><T128/><D128/><U131/><E131/><V62/><F50/><W36/><G36/><T135/><D135/><U64/><E108/><V74/><F69/><W120/><G61/><T98/><D2/><U114/><E16/><N who="0" m="6249" /><D39/><U4/><E114/><V13/><F62/><W80/><G8/><T115/><D115/><U29/><E29/><V54/><F54/><W118/><G28/><T22/><D22/><U75/><E4/><V57/><F57/><W59/><G118/><T96/><D6/><U26/><E26/><V101/><F30/><W45/><G20/><T11/><D11/><U0/><REACH who="1" step="1"/><E75/><REACH who="1" ten="279,240,221,250" step="2"/><N who="2" m="28683" /><F27/><W100/><G19/><T21/><D21/><U15/><E15/><V58/><F14/><W105/><G123/><T35/><D35/><U5/><E5/><V90/><F13/><W97/><G120/><T109/><D109/><U127/><E127/><V49/><F12/><W132/><G132/><T95/><D77/><U78/><E78/><V70/><F70/><W86/><G82/><T53/><D44/><U106/><AGARI ba="1,1" hai="0,3,24,31,34,37,40,47,63,64,68,99,103,106" machi="106" ten="20,16000,3" yaku="1,1,0,1,7,1,25,2,33,3,53,0" doraHai="88" doraHaiUra="46" who="1" fromWho="1" sc="279,-81,240,173,221,-41,250,-41" /><INIT seed="1,0,0,4,0,18" ten="198,413,180,209" oya="1" hai0="62,8,125,101,3,38,58,6,73,48,55,106,31" hai1="94,84,35,43,102,107,14,70,25,15,115,92,46" hai2="75,24,7,93,68,66,37,131,80,13,78,123,130" hai3="105,111,51,61,49,127,103,79,10,19,53,0,133"/><U117/><E70/><V81/><F37/><W63/><G111/><T50/><D38/><U120/><E117/><V67/><F123/><W21/><G79/><T114/><D114/><U112/><E120/><V65/><F68/><W39/><G39/><T12/><D73/><U134/><E134/><V71/><F71/><W28/><G127/><T1/><D125/><U129/><E129/><N who="2" m="49163" /><F80/><W90/><G28/><T91/><D31/><U42/><E84/><V22/><F93/><W33/><G33/><T54/><D62/><U2/><E46/><V59/><F13/><W27/><G105/><T64/><D64/><U85/><E85/><V87/><F7/><W32/><G32/><T99/><REACH who="0" step="1"/><D91/><REACH who="0" ten="188,413,180,209" step="2"/><U29/><E29/><N who="2" m="17559" /><F75/><W60/><G90/><T97/><D97/><U5/><E112/><V36/><F36/><W41/><G60/><AGARI ba="0,1" hai="59,60,65,66,67,78,81,87" m="17559,49163" machi="60" ten="30,2000,0" yaku="19,1,52,1" doraHai="18" who="2" fromWho="3" sc="188,0,413,0,180,30,209,-20" /><INIT seed="2,0,0,3,5,0" ten="188,413,210,189" oya="2" hai0="130,10,106,76,15,3,17,57,124,133,26,85,131" hai1="42,73,69,118,125,113,49,63,6,1,44,115,128" hai2="126,79,45,50,88,114,102,54,80,7,105,132,67" hai3="86,34,75,11,117,116,59,87,48,58,30,81,107"/><V94/><F114/><W120/><G120/><T103/><D103/><U108/><E118/><V5/><F132/><W62/><G107/><T82/><D106/><U47/><E73/><V56/><F126/><W38/><G38/><T71/><D71/><U33/><E33/><V97/><F67/><W109/><G109/><T91/><D3/><U134/><E128/><N who="0" m="49193" /><D133/><U121/><E108/><V92/><F45/><W35/><G75/><T37/><D37/><N who="1" m="21583" /><E6/><V53/><F53/><W25/><G34/><T19/><D57/><U129/><E1/><V98/><F105/><W119/><G59/><T83/><D124/><U135/><E125/><V13/><F13/><W23/><G35/><T65/><D65/><N who="1" m="41151" /><E121/><V68/><F68/><W64/><G48/><T18/><D26/><U70/><E70/><V51/><F51/><W112/><G112/><N who="1" m="43082" /><E129/><V28/><F28/><W110/><G110/><T12/><D12/><U100/><E100/><V52/><F54/><AGARI ba="0,0" hai="47,49,54,134,135" m="43082,41151,21583" machi="54" ten="30,2000,0" yaku="34,2" doraHai="0" who="1" fromWho="2" sc="188,0,413,20,210,-20,189,0" /><INIT seed="3,0,0,4,2,117" ten="188,433,190,189" oya="3" hai0="74,24,99,38,16,105,115,73,86,109,12,88,5" hai1="36,59,69,112,35,28,78,134,32,123,56,64,51" hai2="17,108,58,133,43,63,26,44,30,79,83,94,97" hai3="53,128,103,131,107,18,76,2,60,77,42,124,19"/><W6/><G124/><T121/><D121/><U29/><E36/><V8/><F108/><W85/><G42/><T21/><D38/><U39/><E39/><V49/><F133/><W37/><G37/><T102/><D109/><U120/><E112/><V92/><F8/><N who="3" m="2135" /><G103/><T104/><D104/><U31/><E78/><N who="3" m="30314" /><G85/><T122/><D122/><N who="1" m="46635" /><E51/><V116/><F17/><W11/><G107/><T100/><D100/><U95/><E95/><V0/><F0/><W45/><G11/><T14/><D115/><U119/><E64/><V89/><F94/><W113/><G113/><T82/><REACH who="0" step="1"/><D5/><REACH who="0" ten="178,433,190,189" step="2"/><U47/><E134/><V87/><F116/><W70/><G131/><T1/><D1/><U110/><E110/><V111/><F111/><W41/><G128/><T10/><D10/><U22/><E119/><V68/><F68/><W50/><G70/><T98/><D98/><U55/><E69/><V125/><F125/><W46/><G46/><T61/><D61/><U9/><E47/><V91/><F97/><W57/><G60/><T52/><D52/><U93/><E55/><V90/><F63/><W7/><G7/><T62/><D62/><U20/><E9/><V118/><F118/><W135/><G135/><T25/><D25/><U48/><E48/><V71/><F71/><W130/><G130/><T27/><D27/><U65/><E65/><V132/><F132/><W15/><G15/><AGARI ba="0,1" hai="12,14,15,16,21,24,73,74,82,86,88,99,102,105" machi="15" ten="40,5200,0" yaku="1,1,54,2,53,0" doraHai="117" doraHaiUra="34" who="0" fromWho="3" sc="178,62,433,0,190,0,189,-52" /><INIT seed="4,0,0,2,1,103" ten="240,433,190,137" oya="0" hai0="62,122,45,113,43,121,88,30,124,11,65,80,6" hai1="32,132,94,44,109,134,130,84,79,101,118,69,110" hai2="34,117,8,29,92,133,99,63,66,120,93,74,27" hai3="41,119,23,86,76,108,87,17,2,116,126,42,71"/><T61/><D30/><U75/><E69/><V13/><F120/><W72/><G108/><T20/><D20/><U26/><E118/><V16/><F117/><W51/><G71/><T82/><D61/><U114/><E75/><V33/><F133/><N who="1" m="51305" /><E130/><V58/><F74/><W104/><G2/><T39/><D124/><U57/><E57/><V24/><F24/><N who="3" m="14447" /><G126/><T7/><D7/><U127/><E114/><V52/><F93/><W46/><G41/><T59/><D113/><U115/><E115/><V40/><F40/><W9/><G9/><T70/><D82/><U90/><E79/><V78/><F78/><W14/><G14/><T129/><D129/><U123/><E123/><V95/><F95/><W56/><G56/><T83/><D83/><U5/><E101/><V111/><F111/><W60/><G60/><T77/><D59/><U106/><E5/><V35/><REACH who="2" step="1"/><F66/><REACH who="2" ten="240,433,180,137" step="2"/><W1/><G76/><T98/><D77/><U25/><E110/><V107/><F107/><W55/><G104/><T68/><D122/><U38/><E106/><V36/><F36/><W21/><G72/><T12/><D121/><U47/><E38/><V135/><F135/><W37/><G37/><T91/><D39/><U89/><E109/><V18/><F18/><W128/><G42/><T50/><D43/><U112/><E112/><V125/><F125/><W85/><G119/><T53/><D65/><U49/><E94/><V73/><F73/><W97/><G116/><T81/><D81/><U64/><E64/><V28/><F28/><W105/><G105/><T48/><D80/><U10/><E127/><RYUUKYOKU ba="0,1" sc="240,-10,433,-10,180,30,137,-10" hai2="8,13,16,27,29,33,34,35,52,58,63,92,99" /><INIT seed="5,1,1,4,4,37" ten="230,423,210,127" oya="1" hai0="62,21,126,25,28,120,51,26,79,113,117,129,64" hai1="9,88,0,5,103,81,78,84,111,18,11,45,93" hai2="66,131,53,89,96,90,83,16,49,30,102,50,38" hai3="65,41,10,34,68,109,29,75,6,95,52,125,92"/><U123/><E123/><V108/><F38/><W91/><G109/><T56/><D117/><U119/><E119/><V54/><F108/><W121/><G121/><T40/><D120/><U105/><E111/><V116/><F116/><W70/><G75/><T13/><D79/><U1/><E45/><V134/><F131/><W39/><G125/><T20/><D126/><U63/><E63/><V3/><F3/><W32/><G52/><N who="2" m="20073" /><F30/><W60/><G68/><T115/><D13/><U2/><E18/><V61/><F134/><W122/><G122/><T24/><D129/><U101/><E11/><V12/><F102/><W23/><G95/><T31/><D26/><U46/><E46/><AGARI ba="1,1" hai="20,21,24,25,28,31,40,46,51,56,62,64,113,115" machi="46" ten="40,2600,0" yaku="9,1,52,1" doraHai="37" who="0" fromWho="1" sc="230,39,423,-29,210,0,127,0" /><INIT seed="6,0,0,3,0,66" ten="269,394,210,127" oya="2" hai0="96,46,11,124,112,134,33,44,78,90,52,48,95" hai1="17,57,22,10,100,101,79,42,108,122,114,38,43" hai2="18,67,55,30,123,0,6,23,37,65,91,104,130" hai3="34,102,97,120,76,5,80,132,92,3,69,133,26"/><V129/><F123/><W86/><G5/><T106/><D33/><U89/><E57/><V60/><F37/><W41/><G3/><T131/><D106/><U64/><E43/><V39/><F39/><W7/><G7/><T9/><D112/><U27/><E10/><N who="0" m="3593" /><D124/><U85/><E64/><V16/><F104/><W53/><G41/><T82/><D131/><N who="2" m="50186" /><F6/><W56/><G120/><T59/><D134/><U25/><E38/><V54/><F0/><W47/><G47/><N who="0" m="17963" /><D82/><U117/><E117/><V21/><F91/><W36/><G36/><T74/><D74/><U14/><E89/><V126/><F30/><W31/><REACH who="3" step="1"/><G69/><REACH who="3" ten="269,394,210,117" step="2"/><T40/><D40/><U24/><E42/><V98/><F126/><W94/><G94/><T12/><D95/><U127/><E122/><V35/><F35/><W99/><G99/><T71/><D96/><U109/><E127/><V2/><F98/><W121/><G121/><T68/><D71/><U75/><E108/><V118/><F2/><W83/><G83/><T88/><D68/><U4/><E109/><V20/><F118/><W61/><AGARI ba="0,1" hai="26,31,34,53,56,61,76,80,86,92,97,102,132,133" machi="61" ten="30,2000,0" yaku="1,1,0,1,53,0" doraHai="66" doraHaiUra="84" who="3" fromWho="3" sc="269,-5,394,-5,210,-10,117,30" /><INIT seed="7,0,0,5,0,84" ten="264,389,200,147" oya="3" hai0="66,40,72,26,125,87,86,78,115,130,48,77,54" hai1="57,83,39,8,12,6,53,62,79,113,89,123,122" hai2="100,74,45,43,32,17,69,93,11,5,31,46,25" hai3="9,60,71,132,13,80,51,64,34,116,67,30,128"/><W91/><G116/><T118/><D72/><U27/><E39/><V103/><F74/><W56/><G128/><T107/><D107/><U73/><E113/><V44/><F69/><W33/><G132/><T134/><D40/><U108/><E108/><V70/><F70/><W3/><G3/><T55/><D66/><U127/><E127/><V85/><F17/><W36/><G36/><T135/><D48/><U24/><REACH who="1" step="1"/><E89/><REACH who="1" ten="264,379,200,147" step="2"/><V120/><F120/><AGARI ba="0,1" hai="6,8,12,24,27,53,57,62,73,79,83,120,122,123" machi="120" ten="40,5200,0" yaku="1,1,2,1,53,1" doraHai="84" doraHaiUra="76" who="1" fromWho="2" sc="264,0,379,62,200,-52,147,0" owari="264,6.0,441,54.0,148,-25.0,147,-35.0" /></mjloggm>