<mjloggm ver="2.3"><GO type="169" lobby="0"/><UN n0="%63%68%6F%6E%6A%69" n1="%E3%83%88%E3%83%88%E3%83%AA%E5%85%88%E7%94%9F%31%39%E6%AD%B3" n2="%66%75%6C%6C%2D%74%70%21" n3="%E7%B5%B6%E5%AF%BE%E4%B8%8D%E5%8F%AF%E4%BE%B5%E9%A0%98%E5%9F%9F" dan="16,18,18,16" rate="2019.31,2244.07,2184.56,2147.86" sx="M,F,M,M"/><TAIKYOKU oya="0"/><INIT seed="0,0,0,1,5,12" ten="250,250,250,250" oya="0" hai0="98,24,40,94,1,25,2,82,122,8,45,52,20" hai1="6,107,109,115,92,70,58,53,84,123,132,44,72" hai2="120,4,126,97,71,91,135,61,67,103,100,129,55" hai3="87,85,57,125,14,121,104,119,68,80,69,76,21"/><T116/><D116/><U108/><E123/><V32/><F129/><W41/><G119/><T16/><D24/><U11/><E107/><V48/><F126/><W102/><G125/><T112/><D112/><U38/><E72/><V13/><F135/><W74/><G121/><T88/><D122/><U59/><E70/><V10/><F32/><W47/><G57/><T110/><D110/><N who="1" m="42603" /><E132/><V81/><F120/><W36/><G69/><T83/><D52/><U63/><E115/><V33/><F33/><W29/><G68/><T27/><D27/><U130/><E130/><V31/><F31/><W75/><G29/><T95/><D95/><U79/><E58/><V19/><F4/><W30/><G30/><T23/><D23/><U18/><E38/><V62/><F62/><W106/><G75/><T90/><D90/><N who="1" m="53319" /><E44/><N who="2" m="28039" /><F97/><W78/><G74/><T35/><D35/><U86/><E86/><AGARI ba="0,0" hai="10,13,19,61,67,71,81,86,91,100,103" m="28039" machi="86" ten="30,2000,0" yaku="25,1,52,1" doraHai="12" who="2" fromWho="1" sc="250,0,250,-20,250,20,250,0" /><INIT seed="1,0,0,0,1,54" ten="250,230,270,250" oya="1" hai0="24,94,105,53,59,84,127,107,38,92,21,45,73" hai1="10,108,70,35,27,28,123,18,39,61,98,86,95" hai2="20,14,52,119,32,15,97,113,104,132,87,121,103" hai3="81,31,114,60,100,40,56,37,129,9,71,90,116"/><U6/><E123/><V63/><F32/><W72/><G114/><T106/><D73/><U78/><E39/><V131/><F119/><W76/><G116/><T17/><D127/><U117/><E117/><V75/><F75/><W85/><G71/><T135/><D135/><U101/><E108/><V115/><F131/><W41/><G129/><T67/><D67/><U1/><E86/><V102/><F102/><W4/><G31/><T48/><D38/><U91/><E78/><V11/><F132/><W49/><G37/><T47/><REACH who="0" step="1"/><D84/><REACH who="0" ten="240,230,270,250" step="2"/><U112/><E112/><V93/><F121/><W43/><G72/><T34/><D34/><U55/><E70/><V19/><F113/><W58/><G76/><T99/><D99/><U69/><E69/><V16/><F115/><W68/><G68/><T23/><D23/><U109/><E109/><V3/><F87/><W30/><G85/><T110/><D110/><U111/><E111/><V128/><F128/><W125/><G125/><T42/><D42/><U36/><E36/><V0/><REACH who="2" step="1"/><F104/><REACH who="2" ten="240,230,260,250" step="2"/><W33/><G81/><T64/><D64/><U7/><E35/><V51/><F51/><W66/><G33/><T13/><D13/><U65/><E65/><V57/><AGARI ba="0,2" hai="0,3,11,14,15,16,19,20,52,57,63,93,97,103" machi="57" ten="30,8000,1" yaku="1,1,0,1,52,1,54,2,53,0" doraHai="54" doraHaiUra="22" who="2" fromWho="2" sc="240,-20,230,-40,260,100,250,-20" /><INIT seed="2,0,0,1,1,94" ten="220,190,360,230" oya="2" hai0="14,72,128,92,4,119,97,48,130,47,17,133,120" hai1="51,125,121,65,39,42,31,61,54,23,64,122,58" hai2="129,38,98,56,93,107,3,105,103,11,106,66,32" hai3="87,13,102,34,108,27,20,80,127,29,15,75,67"/><V132/><F38/><W95/><G108/><T21/><D120/><N who="1" m="46187" /><E31/><V18/><F32/><W24/><G75/><T99/><D72/><U91/><E23/><V45/><F45/><W118/><G118/><T82/><D82/><U76/><E91/><V88/><F132/><W81/><G127/><T96/><D133/><U69/><E76/><V101/><F129/><N who="0" m="49770" /><D119/><U2/><E2/><V7/><F66/><W12/><G67/><T110/><D110/><U49/><E125/><V131/><F56/><W85/><G102/><N who="0" m="60679" /><D4/><U25/><E25/><V0/><F131/><W70/><G70/><T57/><D57/><N who="1" m="32991" /><E65/><V73/><F73/><W126/><G126/><T10/><D10/><U117/><E117/><V62/><F7/><W46/><G81/><T35/><D35/><U109/><E109/><V55/><F101/><W30/><G80/><T90/><D90/><U134/><E134/><V6/><F6/><W78/><G78/><T36/><D36/><U37/><E69/><V100/><F100/><W111/><G111/><T5/><D5/><U1/><E1/><V89/><F89/><N who="3" m="53679" /><G87/><T123/><D123/><U63/><E63/><V104/><F103/><W135/><G135/><T71/><D71/><U115/><E115/><V60/><F60/><W116/><G116/><T53/><AGARI ba="0,0" hai="14,17,21,47,48,53,97,99" m="60679,49770" machi="53" ten="30,7900,0" yaku="19,1,52,3" doraHai="94" who="0" fromWho="0" sc="220,79,190,-20,360,-39,230,-20" /><INIT seed="3,0,0,1,0,105" ten="299,170,321,210" oya="3" hai0="103,58,39,76,47,104,102,81,18,41,109,61,7" hai1="3,69,106,32,86,100,54,56,65,92,75,30,119" hai2="64,124,24,38,50,2,68,46,26,134,123,28,85" hai3="111,45,53,67,62,5,78,9,63,133,118,91,83"/><W4/><G118/><T15/><D7/><N who="3" m="2633" /><G133/><T0/><D104/><U25/><E3/><V34/><F134/><W108/><G91/><T31/><D31/><U73/><E119/><V52/><F2/><W71/><G9/><T128/><D109/><N who="3" m="42057" /><G45/><T6/><D6/><U33/><E33/><V8/><F8/><W107/><G107/><T126/><D126/><U110/><E110/><V130/><F124/><W29/><G29/><T101/><D128/><U19/><E19/><V22/><F130/><W135/><G135/><T117/><D0/><U43/><E43/><V116/><F123/><W129/><G129/><T27/><D117/><U55/><E106/><V94/><F116/><W60/><G53/><T99/><D27/><U88/><E100/><V36/><F26/><W132/><G132/><T59/><D99/><U115/><E54/><V121/><F121/><W89/><G89/><T127/><D127/><U66/><E115/><V98/><F34/><W20/><G20/><T113/><D113/><U79/><E79/><V70/><F98/><W48/><G48/><T120/><D120/><U114/><E114/><V125/><F125/><W13/><G13/><T57/><D15/><U95/><E95/><V12/><F12/><W16/><G16/><T21/><D21/><U11/><E11/><V82/><F94/><W122/><G122/><T97/><D97/><U40/><E40/><V87/><F22/><W10/><G10/><T84/><REACH who="0" step="1"/><D18/><REACH who="0" ten="289,170,321,210" step="2"/><U49/><E30/><V90/><F28/><W77/><G77/><T1/><D1/><U96/><E96/><V131/><F131/><RYUUKYOKU ba="0,1" sc="289,15,170,-15,321,-15,210,15" hai0="39,41,47,57,58,59,61,76,81,84,101,102,103" hai3="60,62,63,67,71,78,83" /><INIT seed="3,1,1,2,4,40" ten="304,155,306,225" oya="3" hai0="118,64,95,21,73,25,10,86,80,58,98,77,130" hai1="19,12,121,6,69,2,55,128,117,74,131,46,81" hai2="68,97,83,90,16,30,71,7,120,129,66,23,24" hai3="36,135,9,84,119,4,51,82,89,29,96,123,38"/><W103/><G119/><T13/><D130/><N who="1" m="49707" /><E121/><V91/><F120/><W52/><G123/><T47/><D47/><U45/><E69/><V132/><F132/><W111/><G135/><T37/><D37/><U43/><E117/><V22/><F7/><W108/><G29/><N who="0" m="17583" /><D73/><U85/><E74/><V41/><F41/><W28/><G28/><T0/><D0/><U106/><E106/><V134/><F134/><W11/><G38/><T124/><D124/><U62/><E43/><V99/><F71/><W115/><G36/><T65/><D58/><N who="1" m="35167" /><E6/><V78/><F68/><W105/><G115/><T44/><D44/><N who="1" m="17003" /><E2/><V5/><F5/><W104/><G105/><T122/><D122/><U8/><E85/><V60/><F129/><W26/><G51/><T94/><D118/><U75/><E75/><V35/><F97/><W109/><G52/><T31/><D98/><U113/><E81/><V133/><F99/><W114/><G114/><AGARI ba="1,1" hai="8,12,19,113,114" m="17003,35167,49707" machi="114" ten="30,7700,0" yaku="19,1,52,3" doraHai="40" who="1" fromWho="3" sc="304,0,155,90,306,0,225,-80" /><INIT seed="4,0,0,4,4,115" ten="304,245,306,145" oya="0" hai0="117,9,30,99,4,5,80,100,71,41,84,21,132" hai1="119,0,65,36,101,29,16,125,46,127,88,68,13" hai2="133,44,98,32,7,121,120,35,34,67,83,94,55" hai3="58,114,69,91,39,43,131,3,122,66,22,126,90"/><T27/><D117/><U42/><E0/><V33/><F7/><W63/><G114/><T97/><D132/><U52/><E119/><V130/><F67/><W75/><G3/><T109/><D71/><U45/><E101/><V24/><F133/><W70/><G75/><T82/><D109/><U102/><E102/><V103/><F130/><W79/><G131/><T17/><D41/><U37/><E29/><V25/><F83/><W18/><G79/><T28/><D17/><U64/><E68/><V56/><F44/><W57/><G122/><T12/><D5/><U15/><E88/><N who="3" m="33834" /><G69/><T95/><D30/><U77/><E77/><V50/><N who="2" m="8192" /><DORA hai="62" /><V59/><REACH who="2" step="1"/><F59/><REACH who="2" ten="304,245,296,145" step="2"/><W93/><G70/><T89/><REACH who="0" step="1"/><D99/><REACH who="0" ten="294,245,296,145" step="2"/><U10/><E42/><V19/><F19/><W78/><G43/><T112/><D112/><U113/><E113/><V54/><F54/><W118/><G118/><T129/><D129/><U111/><E52/><V72/><F72/><W76/><G66/><T110/><D110/><U60/><E111/><V1/><F1/><W86/><G39/><T53/><D53/><U6/><E37/><V128/><F128/><W107/><G63/><T123/><D123/><AGARI ba="0,2" hai="24,25,50,55,56,94,98,103,120,121,123" m="8192" machi="123" ten="70,2300,0" yaku="1,1,53,0" doraHai="115,62" doraHaiUra="124,2" who="2" fromWho="0" sc="294,-23,245,0,296,43,145,0" /><INIT seed="5,0,0,4,0,29" ten="271,245,339,145" oya="1" hai0="65,58,25,42,30,121,54,0,128,36,68,55,61" hai1="132,93,125,40,131,5,88,129,116,122,43,32,98" hai2="106,101,60,2,11,104,4,80,35,79,110,72,62" hai3="59,105,84,120,22,44,3,86,38,97,16,91,57"/><U126/><E116/><V75/><F110/><W52/><G120/><T100/><D0/><U124/><E122/><V113/><F113/><W95/><G3/><T67/><D121/><U31/><E5/><V108/><F108/><W134/><G134/><T94/><D128/><N who="1" m="49227" /><E132/><V49/><F49/><N who="3" m="28711" /><G105/><T76/><D76/><U78/><E78/><V85/><F104/><W64/><G38/><T47/><D67/><U13/><E13/><V83/><F35/><W20/><G20/><T28/><D28/><U107/><E107/><V56/><F62/><N who="3" m="37967" /><G59/><T23/><REACH who="0" step="1"/><D68/><REACH who="0" ten="261,245,339,145" step="2"/><U133/><E133/><V6/><F2/><W18/><G18/><T71/><D71/><U70/><E70/><V17/><F17/><W24/><AGARI ba="0,1" hai="16,22,24,84,86,91,95,97" m="37967,28711" machi="24" ten="30,4000,0" yaku="8,1,54,2" doraHai="29" who="3" fromWho="3" sc="261,-10,245,-20,339,-10,145,50" /><INIT seed="6,0,0,4,4,34" ten="251,225,329,195" oya="2" hai0="49,104,19,80,86,131,32,120,18,105,109,117,63" hai1="35,123,51,76,12,47,38,77,67,83,100,62,40" hai2="5,112,59,115,39,3,8,21,98,89,66,116,7" hai3="45,37,52,15,82,48,113,99,134,101,20,17,46"/><V87/><F39/><W6/><G134/><T68/><D109/><U106/><E35/><V14/><F116/><W130/><G130/><T125/><D120/><U93/><E106/><V103/><F66/><W0/><G113/><N who="2" m="43593" /><F59/><W26/><G82/><T1/><D125/><U33/><E33/><V90/><F87/><W58/><G37/><T10/><D32/><U121/><E38/><V72/><F72/><W71/><G71/><T78/><D131/><U81/><E12/><V122/><F122/><N who="1" m="46601" /><E100/><V88/><F21/><W16/><G0/><T22/><D22/><U96/><E83/><V84/><F84/><W70/><G6/><T73/><D73/><U133/><E81/><V119/><F119/><W2/><G2/><T114/><D114/><U69/><E133/><V85/><F85/><W53/><G70/><T4/><D117/><U135/><E135/><V110/><F110/><W29/><G46/><T126/><D105/><U24/><E24/><V107/><F7/><W128/><G128/><T79/><D79/><U27/><E27/><V36/><F36/><W13/><G13/><AGARI ba="0,0" hai="3,5,8,13,14,88,89,90,98,103,107" m="43593" machi="13" ten="30,5800,0" yaku="15,1,52,1,54,1" doraHai="34" who="2" fromWho="3" sc="251,0,225,0,329,58,195,-58" /><INIT seed="6,1,0,1,1,59" ten="251,225,387,137" oya="2" hai0="27,46,120,87,28,86,20,15,25,44,117,105,9" hai1="35,102,31,85,48,108,134,70,100,109,101,88,24" hai2="132,131,33,95,76,8,40,71,23,51,77,57,32" hai3="10,92,128,61,83,79,98,123,36,12,37,60,89"/><V38/><F71/><W110/><G123/><T29/><D105/><U82/><E70/><V122/><F38/><W21/><G110/><T55/><D117/><U18/><E134/><V103/><F33/><W34/><G34/><T22/><D120/><U30/><E30/><V78/><F32/><W66/><G128/><T80/><D55/><U114/><E114/><V14/><F23/><W93/><G21/><T94/><D94/><U112/><E112/><V107/><F107/><W97/><G37/><T16/><REACH who="0" step="1"/><D87/><REACH who="0" ten="241,225,387,137" step="2"/><U121/><E121/><V104/><F104/><W67/><G36/><T19/><D19/><U39/><E39/><V5/><F95/><N who="3" m="36427" /><G67/><T91/><AGARI ba="1,1" hai="9,15,16,20,22,25,27,28,29,44,46,80,86,91" machi="91" ten="20,12000,2" yaku="1,1,0,1,7,1,9,1,8,1,54,1,53,1" doraHai="59" doraHaiUra="4" who="0" fromWho="0" sc="241,133,225,-31,387,-61,137,-31" /><INIT seed="7,0,0,1,5,11" ten="374,194,326,106" oya="3" hai0="111,97,114,36,12,93,126,128,37,25,53,43,63" hai1="107,84,71,100,13,86,35,112,104,117,0,123,4" hai2="51,73,121,46,77,1,118,102,105,55,120,98,19" hai3="132,110,40,54,21,108,103,6,59,92,130,96,33"/><W134/><G33/><T68/><D111/><N who="3" m="42537" /><G6/><T9/><D128/><U79/><E71/><V23/><F118/><W57/><G130/><T124/><D114/><U28/><E123/><V95/><F1/><W60/><G40/><T16/><D25/><U10/><E117/><V32/><F32/><W85/><G85/><T109/><D109/><U101/><E112/><V113/><F113/><W65/><G21/><T133/><D133/><N who="3" m="51305" /><G59/><N who="0" m="35311" /><D68/><U39/><E84/><V22/><F22/><W34/><G34/><T70/><D70/><U49/><E39/><V17/><F23/><W24/><G24/><T83/><D43/><U76/><E0/><V56/><F56/><W7/><G7/><T14/><D14/><U38/><E38/><V80/><F120/><W47/><G47/><T18/><D18/><U131/><E86/><V87/><F121/><W82/><G82/><T89/><D83/><U3/><E3/><V81/><F81/><W42/><G42/><T45/><D45/><U135/><E131/><V74/><F74/><W64/><AGARI ba="0,0" hai="54,57,60,64,65,92,96,103" m="51305,42537" machi="64" ten="40,3900,0" yaku="10,1,20,1" doraHai="11" who="3" fromWho="3" sc="374,-13,194,-13,326,-13,106,39" /><INIT seed="7,1,0,4,0,54" ten="361,181,313,145" oya="3" hai0="98,114,105,38,0,57,52,16,13,109,26,61,96" hai1="53,56,120,25,32,78,121,122,69,47,104,103,28" hai2="106,75,9,71,41,135,58,34,126,36,48,67,130" hai3="33,70,23,82,87,119,73,12,83,64,84,42,127"/><W19/><G119/><T65/><D109/><U132/><E69/><V7/><F106/><W5/><G33/><T72/><D0/><U24/><E132/><V18/><F34/><W8/><G127/><T94/><D72/><U124/><E124/><V80/><F18/><W110/><G110/><T6/><D38/><U14/><E78/><V89/><F89/><W55/><G73/><T125/><D114/><U74/><E74/><V100/><F100/><W29/><G42/><T85/><D105/><U102/><E104/><V113/><F113/><W11/><G70/><T15/><D65/><U128/><E128/><V21/><F21/><W68/><G68/><T92/><D85/><N who="3" m="32841" /><G64/><T44/><D44/><U31/><E14/><N who="0" m="5129" /><D6/><U112/><E47/><N who="2" m="23975" /><F130/><W2/><G2/><T22/><D125/><U40/><E40/><V27/><F126/><W1/><G1/><T101/><D101/><U62/><E112/><V95/><F7/><W131/><G131/><T90/><D90/><U39/><E39/><V4/><F4/><W63/><G29/><T43/><D43/><U86/><E86/><V51/><F67/><W10/><G5/><T79/><D79/><U117/><E117/><V77/><F71/><W116/><G116/><T91/><D91/><U60/><E102/><V129/><F129/><W66/><G66/><T115/><D115/><U17/><E103/><V30/><F30/><N who="1" m="11305" /><E32/><V123/><F77/><W46/><G46/><T97/><AGARI ba="1,0" hai="16,22,26,52,57,61,92,94,96,97,98" m="5129" machi="97" ten="30,7900,0" yaku="8,1,52,1,54,2" doraHai="54" who="0" fromWho="0" sc="361,82,181,-21,313,-21,145,-40" owari="443,54.0,160,-24.0,292,9.0,105,-39.0" /></mjloggm>