<mjloggm ver="2.3"><GO type="41" lobby="0"/><UN n0="%E3%81%B8%E3%82%93%E3%81%A6%E3%81%93" n1="%4D%41%2D%53%48%4F" n2="%E5%B0%B1%E6%B4%BB%E7%94%9F%40%E5%B7%9D%E6%9D%91%E8%BB%8D%E5%9B%A3" n3="%E3%81%92%E3%82%93%E3%81%9E%E3%81%86" dan="15,13,16,15" rate="1991.74,1810.49,2175.24,2048.36" sx="M,M,M,M"/><TAIKYOKU oya="0"/><INIT seed="0,0,0,5,2,112" ten="250,250,250,250" oya="0" hai0="9,95,76,114,92,126,30,34,43,29,73,25,42" hai1="55,111,89,70,97,57,82,90,132,21,10,44,31" hai2="125,71,128,7,69,99,109,135,88,40,39,129,38" hai3="116,35,110,3,41,1,74,77,62,124,51,72,118"/><T48/><D114/><U85/><E132/><V61/><F7/><W33/><G77/><T54/><D126/><U131/><E131/><N who="2" m="50251" /><F135/><W52/><G41/><T17/><D29/><U6/><E111/><V98/><F125/><W58/><G124/><T23/><D9/><U81/><E70/><N who="2" m="26635" /><F109/><W68/><G110/><T65/><D65/><U102/><E82/><V27/><F27/><W32/><G68/><T0/><D0/><N who="3" m="73" /><G51/><T66/><D66/><U24/><E44/><N who="2" m="23575" /><F39/><W13/><G13/><T122/><D76/><U113/><E113/><V94/><F61/><W36/><G36/><T26/><D73/><N who="3" m="28265" /><G62/><T56/><D43/><U133/><E133/><V115/><F115/><W119/><G58/><T11/><D42/><U93/><E6/><V37/><F37/><W67/><G67/><T20/><D11/><U78/><REACH who="1" step="1"/><E10/><REACH who="1" ten="250,240,250,250" step="2"/><V4/><F4/><W127/><G127/><T28/><D34/><N who="3" m="8705" /><W106/><DORA hai="117" /><G52/><T64/><D54/><U83/><E83/><V123/><F123/><W12/><G12/><T2/><D64/><U101/><E101/><V53/><F53/><W96/><G96/><AGARI ba="0,1" hai="88,94,96,98,99" m="23575,26635,50251" machi="96" ten="30,2000,0" yaku="19,1,54,1" doraHai="112,117" who="2" fromWho="3" sc="250,0,240,0,250,30,250,-20" /><INIT seed="1,0,0,0,3,118" ten="250,240,280,230" oya="1" hai0="127,128,95,16,105,126,14,44,7,26,103,39,85" hai1="62,13,4,88,102,51,78,130,81,94,27,134,41" hai2="115,112,121,54,49,68,101,0,56,98,77,92,107" hai3="34,43,61,38,100,70,87,110,122,24,74,6,33"/><U119/><E119/><V111/><F0/><W31/><G34/><T113/><D113/><N who="2" m="43594" /><F68/><W21/><G74/><T79/><D128/><U125/><E125/><N who="0" m="47625" /><D105/><U76/><E134/><V60/><F111/><W25/><G110/><T5/><D26/><U71/><E130/><V20/><F77/><W11/><G87/><T58/><D58/><U132/><E132/><V69/><F20/><W23/><G43/><T57/><D57/><U108/><E108/><V67/><F107/><W83/><G83/><N who="0" m="47359" /><D39/><U29/><E71/><V18/><F18/><W15/><G38/><T3/><D44/><N who="1" m="25999" /><E62/><V22/><F22/><N who="3" m="8203" /><G61/><T45/><D45/><U99/><E81/><V55/><F55/><W65/><G70/><T8/><D3/><U53/><E53/><V9/><F9/><W80/><G65/><T37/><D37/><U28/><E102/><V40/><F40/><W124/><G100/><T96/><AGARI ba="0,0" hai="5,7,8,14,16,95,96,103" m="47359,47625" machi="96" ten="30,2000,0" yaku="18,1,54,1" doraHai="118" who="0" fromWho="0" sc="250,20,240,-10,280,-5,230,-5" /><INIT seed="2,0,0,3,4,56" ten="270,230,275,225" oya="2" hai0="35,23,40,9,45,36,122,92,5,74,104,88,108" hai1="99,7,133,114,106,18,71,37,29,73,129,11,111" hai2="90,121,21,117,98,28,124,4,63,113,66,41,119" hai3="1,135,116,19,86,53,3,115,126,75,102,112,12"/><V96/><F113/><N who="3" m="43595" /><G75/><T81/><D35/><U30/><E73/><V100/><F121/><W62/><G116/><T59/><D104/><U82/><E114/><V67/><F4/><W76/><G102/><T109/><D122/><U14/><E37/><V134/><F41/><W15/><G126/><T85/><D23/><U0/><E71/><V78/><F78/><W22/><G15/><T80/><D59/><U128/><E106/><V77/><F77/><W10/><G135/><T48/><D74/><U120/><E82/><V31/><F124/><W49/><G62/><T95/><D36/><U94/><E133/><V123/><F123/><W89/><G10/><T27/><D27/><U72/><E72/><V47/><F134/><W46/><G76/><T97/><D109/><U64/><E111/><V54/><F90/><W52/><G53/><T105/><D105/><U70/><E64/><V55/><F21/><W32/><G32/><T34/><D34/><U44/><E70/><V65/><F65/><W84/><G84/><T58/><D58/><U43/><E120/><V38/><F38/><W125/><G125/><T130/><D108/><U39/><E0/><V24/><F24/><W132/><G132/><T131/><D131/><N who="1" m="50251" /><E7/><V110/><F110/><W103/><G103/><AGARI ba="0,0" hai="11,14,18,29,30,39,43,44,94,99,103" m="50251" machi="103" ten="30,1000,0" yaku="19,1" doraHai="56" who="1" fromWho="3" sc="270,0,230,10,275,0,225,-10" /><INIT seed="3,0,0,1,0,48" ten="270,240,275,215" oya="3" hai0="64,71,6,44,57,90,27,98,50,86,126,58,80" hai1="107,63,78,42,18,100,120,89,76,134,2,87,40" hai2="130,4,131,41,116,119,11,105,67,39,94,114,106" hai3="25,96,62,97,127,10,52,81,133,3,93,124,30"/><W49/><G133/><T59/><D126/><N who="3" m="48169" /><G62/><T15/><D27/><U115/><E134/><V16/><F67/><W54/><G81/><T103/><D6/><U82/><E120/><V34/><F34/><N who="3" m="20815" /><G49/><T21/><D71/><U104/><E115/><V72/><F72/><W26/><G26/><T69/><D69/><U102/><E2/><V46/><F114/><W95/><G10/><T8/><D21/><U20/><E63/><V88/><F116/><W101/><G3/><T91/><D91/><AGARI ba="0,0" hai="52,54,91,93,95,96,97,101" m="20815,48169" machi="91" ten="30,11600,0" yaku="18,1,52,2,54,1" doraHai="48" who="3" fromWho="0" sc="270,-116,240,0,275,0,215,116" /><INIT seed="3,1,0,3,5,52" ten="154,240,275,331" oya="3" hai0="66,19,104,86,109,116,21,4,68,42,105,34,82" hai1="112,59,51,124,45,22,131,106,110,94,90,85,103" hai2="57,73,108,1,135,56,53,98,5,123,99,75,132" hai3="33,60,55,11,61,63,102,70,24,84,69,6,37"/><W127/><G37/><T122/><D34/><U64/><E112/><V120/><F108/><W48/><G127/><T81/><D116/><U2/><E124/><V96/><F5/><W25/><G102/><T30/><D109/><U26/><E110/><V15/><F15/><W39/><G39/><T111/><D111/><U32/><E32/><V47/><F1/><W93/><G33/><T77/><D30/><U118/><E131/><V65/><F47/><W8/><G6/><T115/><D115/><U18/><E118/><V12/><F12/><W107/><G107/><T27/><D122/><N who="2" m="46634" /><F65/><W7/><G7/><T117/><D117/><U133/><E133/><N who="2" m="51275" /><F53/><W92/><G84/><T35/><D35/><U78/><E2/><V83/><F83/><W20/><G70/><T62/><D42/><U44/><E64/><V76/><F76/><W31/><G25/><T100/><D82/><U121/><E78/><V46/><F46/><W13/><G69/><T38/><D4/><U87/><E121/><V79/><F79/><W125/><G125/><T128/><D38/><U88/><E106/><V80/><F80/><W43/><G43/><T74/><D128/><U41/><E103/><V36/><F36/><W49/><G13/><T130/><D100/><U67/><E41/><V95/><F95/><N who="3" m="36427" /><G49/><T10/><D130/><U113/><E113/><V54/><F54/><W119/><G119/><T129/><D129/><U9/><E9/><V0/><F0/><W23/><G23/><T17/><D74/><AGARI ba="1,0" hai="56,57,73,74,75,96,98,99" m="51275,46634" machi="74" ten="40,12000,2" yaku="28,2,13,1,20,1,52,2" doraHai="52" who="2" fromWho="0" sc="154,-123,240,0,275,123,331,0" /><INIT seed="4,0,0,2,3,82" ten="31,240,398,331" oya="0" hai0="19,91,0,13,44,69,4,67,127,8,92,74,126" hai1="111,1,27,32,29,83,2,89,121,66,3,37,129" hai2="35,58,47,18,9,15,112,99,128,56,65,113,59" hai3="130,30,105,114,133,12,75,115,22,96,122,100,123"/><T61/><D74/><U84/><E121/><N who="3" m="46090" /><G30/><T103/><D103/><U110/><E129/><V94/><F128/><W101/><G130/><T95/><D44/><U77/><E66/><V20/><F35/><W104/><G12/><T76/><D76/><U46/><E37/><V134/><F134/><W51/><G51/><T54/><D54/><U36/><E36/><V57/><F65/><W25/><G25/><T85/><REACH who="0" step="1"/><D95/><REACH who="0" ten="21,240,398,331" step="2"/><U70/><E46/><V43/><F112/><N who="3" m="43051" /><G75/><T41/><D41/><U39/><E39/><V23/><F113/><W93/><G133/><T78/><D78/><U73/><E111/><V97/><F94/><W117/><G117/><T108/><D108/><U118/><E110/><V6/><F47/><W33/><G33/><T50/><D50/><U10/><E118/><V24/><F43/><W119/><G119/><T40/><D40/><U53/><E53/><V87/><F56/><W21/><G101/><T98/><D98/><U48/><E48/><V135/><F135/><W116/><G116/><T88/><D88/><U80/><E70/><V62/><F97/><W102/><G100/><T26/><D26/><U71/><E71/><V5/><F99/><W72/><G72/><T52/><D52/><U16/><E73/><V7/><F62/><W28/><G93/><T14/><D14/><N who="1" m="7255" /><E77/><V63/><F63/><W90/><G90/><T31/><D31/><U45/><E45/><V109/><F109/><W68/><G68/><T79/><D79/><U107/><E107/><N who="3" m="41034" /><G28/><T42/><D42/><U120/><E120/><V132/><F132/><W81/><G81/><AGARI ba="0,1" hai="1,2,3,27,29,32,80,81,83,84,89" m="7255" machi="81" ten="30,3900,0" yaku="6,1,52,1,54,1" doraHai="82" who="1" fromWho="3" sc="21,0,240,49,398,0,331,-39" /><INIT seed="5,0,0,2,2,4" ten="21,289,398,292" oya="1" hai0="99,73,63,113,23,27,121,48,79,125,96,17,124" hai1="118,31,117,102,39,92,54,75,41,135,105,42,57" hai2="103,85,76,129,61,18,20,112,111,70,59,0,64" hai3="13,119,94,34,116,72,3,53,126,132,58,69,11"/><U90/><E75/><V107/><F0/><W120/><G72/><T84/><D121/><U56/><E135/><V66/><F111/><W55/><G69/><T77/><D113/><U128/><E31/><V1/><F1/><W37/><G37/><T16/><D73/><U134/><E105/><V19/><F129/><W24/><G3/><T110/><D110/><U60/><E134/><V44/><F112/><W5/><G120/><T38/><D38/><U115/><E128/><V65/><F44/><W114/><G114/><T93/><D63/><U95/><E115/><V33/><F33/><W40/><G40/><T87/><D48/><U50/><E39/><V127/><F127/><W82/><G126/><T81/><D27/><U108/><E108/><V80/><F70/><W91/><G82/><T26/><D26/><U130/><E130/><V131/><F131/><W101/><G101/><T46/><D46/><U86/><E118/><N who="3" m="45098" /><G132/><T123/><D123/><U49/><E117/><V98/><F19/><W30/><G58/><T83/><D93/><U2/><E2/><V45/><F45/><W109/><G109/><T97/><D23/><U15/><E15/><AGARI ba="0,0" hai="15,18,20,59,61,64,65,66,76,80,85,98,103,107" machi="15" ten="30,1000,0" yaku="7,1" doraHai="4" who="2" fromWho="1" sc="21,0,289,-10,398,10,292,0" /><INIT seed="6,0,0,0,0,78" ten="21,279,408,292" oya="2" hai0="45,38,113,5,30,80,60,73,74,15,79,116,21" hai1="96,7,98,111,48,0,23,70,61,106,66,81,25" hai2="14,3,43,9,99,130,16,131,83,4,93,51,67" hai3="2,92,91,54,12,63,32,133,90,122,127,17,121"/><V53/><F43/><W115/><G32/><T108/><D108/><U104/><E111/><V97/><F67/><W87/><G2/><T31/><D116/><U55/><E0/><V42/><F42/><W135/><G127/><T76/><D113/><U56/><E7/><V128/><F83/><N who="3" m="49535" /><G63/><T112/><D112/><U71/><E71/><V46/><REACH who="2" step="1"/><F93/><REACH who="2" ten="21,279,398,292" step="2"/><W41/><G115/><T124/><D124/><U40/><E106/><V19/><F19/><W13/><G41/><T10/><D38/><U1/><E104/><V33/><F33/><W44/><G54/><T126/><D126/><U22/><E40/><V68/><F68/><W62/><G122/><T8/><D60/><U6/><E70/><V28/><F28/><W94/><G62/><T82/><D45/><U125/><E125/><V84/><F84/><N who="3" m="52327" /><G121/><T102/><D5/><U101/><E66/><V37/><F37/><W52/><G94/><T24/><D24/><U35/><E61/><V119/><F119/><W34/><G34/><T88/><D15/><N who="3" m="5705" /><G17/><T109/><D109/><U89/><E35/><V86/><F86/><W49/><G135/><T20/><D102/><U69/><E101/><V120/><F120/><W58/><G133/><T118/><D118/><U39/><E69/><V65/><F65/><W57/><AGARI ba="0,1" hai="44,49,52,57,58" m="5705,52327,49535" machi="57" ten="30,4000,0" yaku="8,1,52,1,54,1" doraHai="78" who="3" fromWho="3" sc="21,-10,279,-10,398,-20,292,50" /><INIT seed="7,0,0,1,4,20" ten="11,269,378,342" oya="3" hai0="24,72,119,5,27,106,88,104,18,111,75,16,63" hai1="77,134,76,0,109,36,10,78,4,25,113,43,9" hai2="125,40,94,33,105,83,61,17,132,108,69,58,45" hai3="118,30,129,120,114,13,89,53,15,44,59,130,135"/><W6/><G120/><T35/><D119/><U102/><E109/><V123/><F105/><W127/><G118/><T117/><D117/><U55/><E134/><V96/><F69/><W46/><G135/><T81/><D111/><U22/><E113/><V51/><F33/><W68/><G68/><T31/><D5/><U62/><E102/><N who="2" m="60695" /><F132/><W79/><G114/><T1/><D1/><U8/><E0/><V32/><F32/><W65/><G65/><T101/><D63/><U73/><E4/><V103/><F108/><W90/><G79/><N who="1" m="20226" /><U110/><DORA hai="124" /><E73/><V52/><F125/><W26/><G127/><T67/><D67/><U19/><E110/><V74/><F74/><W56/><G6/><T39/><D39/><U11/><N who="1" m="2048" /><DORA hai="99" /><U126/><E126/><V131/><F131/><N who="3" m="50187" /><G15/><T70/><D70/><U133/><E133/><V34/><F34/><N who="3" m="20823" /><G13/><T23/><D18/><U3/><E3/><V100/><F123/><W80/><G80/><T112/><D112/><U60/><E36/><V93/><F83/><W47/><G56/><T38/><D38/><U98/><E43/><V14/><F93/><W122/><G122/><T29/><D106/><U92/><E55/><V71/><F71/><W82/><G82/><T64/><D64/><U121/><E121/><V41/><F41/><W84/><G84/><T57/><D57/><U85/><E85/><V128/><F128/><W48/><AGARI ba="0,0" hai="44,46,47,48,53,59,89,90" m="20823,50187" machi="48" ten="30,12000,1" yaku="19,1,52,4" doraHai="20,124,99" who="3" fromWho="3" sc="11,-40,269,-40,378,-40,342,120" owari="-29,-53.0,229,-17.0,338,14.0,462,56.0" /></mjloggm>