<mjloggm ver="2.3"><GO type="169" lobby="0"/><UN n0="%6B%6F%6B%75%73%68%69%61" n1="%E3%83%88%E3%83%88%E3%83%AA%E5%85%88%E7%94%9F%31%39%E6%AD%B3" n2="%65%69%6B%31" n3="%E4%B8%A6%E3%81%BF%E3%81%AE%E7%AB%9C" dan="17,18,16,16" rate="2116.33,2169.01,2101.73,2147.88" sx="M,F,M,M"/><TAIKYOKU oya="0"/><INIT seed="0,0,0,1,2,14" ten="250,250,250,250" oya="0" hai0="88,3,99,40,112,63,124,56,122,120,61,73,90" hai1="94,42,5,125,1,110,101,129,100,28,2,87,91" hai2="106,50,21,121,102,72,38,24,64,78,107,45,135" hai3="53,58,77,97,70,131,54,82,30,86,8,25,15"/><T65/><D3/><U71/><E71/><V0/><F121/><W128/><G70/><T12/><D112/><U13/><E110/><V6/><F64/><W47/><G47/><T41/><D124/><U62/><E129/><N who="3" m="49738" /><G97/><T46/><D73/><U117/><E117/><V27/><F135/><W83/><G83/><T51/><D41/><U119/><E119/><V29/><F102/><W55/><G58/><T37/><D37/><U26/><E125/><V132/><F132/><W48/><G48/><T59/><D12/><U19/><E42/><N who="2" m="22743" /><F27/><W22/><G53/><T93/><REACH who="0" step="1"/><D90/><REACH who="0" ten="240,250,250,250" step="2"/><U113/><E113/><V126/><F0/><W95/><G95/><T130/><D130/><U115/><E115/><V114/><F72/><W105/><G105/><T81/><D81/><U134/><E1/><V31/><F107/><W10/><G15/><T98/><D98/><U34/><E134/><V75/><F106/><W96/><G96/><T17/><D17/><U92/><E92/><V52/><F114/><W4/><G4/><T18/><D18/><U57/><E5/><V49/><F6/><W33/><G82/><T103/><D103/><U89/><E89/><V44/><F126/><W116/><G116/><T39/><D39/><U76/><E2/><V67/><F75/><W20/><G86/><T84/><D84/><U74/><E74/><V23/><F78/><W123/><G77/><T7/><D7/><U85/><E76/><V109/><F31/><W32/><G30/><T79/><D79/><U69/><E85/><V11/><F29/><W133/><G133/><T36/><D36/><RYUUKYOKU ba="0,1" sc="240,30,250,-10,250,-10,250,-10" hai0="40,46,51,56,59,61,63,65,88,93,99,120,122" /><INIT seed="0,1,1,0,5,92" ten="270,240,240,240" oya="0" hai0="47,107,125,105,11,122,61,99,88,83,102,129,40" hai1="95,29,81,8,121,128,96,3,66,70,112,54,0" hai2="123,50,115,36,12,20,67,16,126,80,25,64,104" hai3="33,98,118,55,109,48,9,134,114,10,23,7,103"/><T75/><D122/><U21/><E121/><V101/><F36/><W84/><G109/><T76/><D129/><U106/><E128/><V133/><F123/><W91/><G33/><T86/><D125/><U127/><E106/><V58/><F115/><W13/><G114/><T53/><D107/><U59/><E112/><V97/><F126/><W72/><G72/><T93/><D11/><U120/><E120/><V49/><F133/><W124/><G134/><T31/><D31/><U52/><E127/><V15/><F80/><W35/><G35/><T37/><D53/><N who="1" m="20587" /><E70/><V28/><F15/><W2/><G23/><T110/><D61/><N who="1" m="38207" /><E81/><V77/><F77/><W130/><G118/><T41/><D41/><U94/><E94/><V27/><F27/><W42/><G42/><T73/><REACH who="0" step="1"/><D110/><REACH who="0" ten="260,240,240,240" step="2"/><U68/><E8/><V135/><F135/><W71/><G130/><T45/><D45/><U89/><E3/><V39/><F67/><W46/><G124/><T131/><D131/><U18/><E0/><V60/><REACH who="2" step="1"/><F39/><REACH who="2" ten="260,240,230,240" step="2"/><W113/><G113/><T43/><D43/><U87/><E29/><V90/><F90/><W119/><G91/><T26/><D26/><N who="1" m="14647" /><E68/><V79/><F79/><W24/><G71/><T5/><D5/><U56/><E56/><V117/><F117/><W51/><G119/><T4/><D4/><U62/><E62/><V85/><F85/><AGARI ba="1,3" hai="37,40,47,73,75,76,83,85,86,88,93,99,102,105" machi="85" ten="30,11600,0" yaku="1,1,7,1,52,1,54,1,53,0" doraHai="92" doraHaiUra="14" who="0" fromWho="2" sc="260,149,240,0,230,-119,240,0" /><AGARI ba="1,0" hai="85,87,89,95,96" m="14647,38207,20587" machi="85" ten="30,3900,0" yaku="8,1,52,1,54,1" doraHai="92" who="1" fromWho="2" sc="409,0,240,39,111,-39,240,0" /><INIT seed="0,2,0,0,3,88" ten="409,279,72,240" oya="0" hai0="33,131,58,59,60,116,5,54,129,11,118,101,67" hai1="46,15,110,0,79,107,134,92,112,105,29,84,119" hai2="103,38,18,120,85,66,80,20,35,87,99,47,50" hai3="75,4,3,126,115,86,55,108,44,32,62,100,81"/><T30/><D101/><U8/><E119/><V95/><F35/><W45/><G108/><T27/><D118/><U41/><E0/><V123/><F38/><W19/><G75/><T56/><D116/><U57/><E110/><V76/><F66/><W37/><G115/><T83/><D83/><U63/><E112/><V104/><F87/><W52/><G32/><T93/><D93/><U43/><E134/><V90/><F76/><W16/><G100/><T17/><D17/><N who="3" m="6729" /><G37/><T74/><D74/><U82/><E29/><V96/><F96/><W53/><G3/><T10/><D10/><U61/><E107/><V113/><F113/><W7/><G62/><T65/><D65/><U64/><E105/><V39/><F39/><W122/><G126/><T40/><D40/><U28/><E28/><V73/><F73/><W34/><G34/><T97/><D97/><U114/><E114/><V128/><F128/><N who="0" m="49226" /><D67/><U109/><E109/><V132/><F104/><W130/><G122/><T49/><D60/><U69/><E63/><V117/><F117/><W6/><G130/><T25/><D25/><U89/><E69/><V77/><F103/><W125/><G125/><T111/><D111/><U1/><E1/><AGARI ba="2,0" hai="1,5,11,27,30,33,49,54,56,58,59" m="49226" machi="1" ten="30,1500,0" yaku="19,1" doraHai="88" who="0" fromWho="1" sc="409,21,279,-21,72,0,240,0" /><INIT seed="0,3,0,5,0,30" ten="430,258,72,240" oya="0" hai0="116,41,4,23,25,130,84,103,115,44,53,128,118" hai1="51,87,129,69,37,122,43,135,6,120,82,96,8" hai2="123,65,59,2,56,94,126,131,22,113,67,12,106" hai3="3,34,35,50,79,72,107,57,13,60,100,125,124"/><T133/><D115/><U101/><E69/><V121/><F106/><W26/><G3/><T19/><D133/><U112/><E37/><V97/><F2/><W1/><G1/><T24/><D103/><U42/><E135/><V88/><F113/><W132/><G132/><T61/><D4/><U9/><E112/><V11/><F126/><N who="3" m="48747" /><G50/><T78/><D25/><U7/><E129/><N who="0" m="49769" /><D78/><U36/><E36/><V89/><F131/><W77/><G26/><T104/><D84/><U75/><E75/><V48/><F123/><W70/><G13/><T64/><D53/><U15/><E42/><V28/><F121/><W99/><G70/><N who="0" m="42255" /><D104/><U29/><E29/><V20/><F28/><W81/><G77/><T58/><D58/><U117/><E117/><V45/><F59/><W134/><G134/><T76/><D76/><N who="1" m="46535" /><E101/><V31/><F31/><W18/><G18/><T49/><AGARI ba="3,0" hai="19,23,24,41,44,49,116,118" m="42255,49769" machi="49" ten="30,1500,0" yaku="19,1" doraHai="30" who="0" fromWho="0" sc="430,24,258,-8,72,-8,240,-8" /><INIT seed="0,4,0,2,2,49" ten="454,250,64,232" oya="0" hai0="43,62,4,100,41,40,126,93,47,25,8,102,37" hai1="128,121,52,53,6,1,42,51,132,5,101,3,120" hai2="87,61,130,50,80,115,77,19,39,90,114,56,17" hai3="35,46,94,66,24,55,60,21,81,44,105,117,74"/><T133/><D126/><U131/><E51/><V88/><F39/><W82/><G117/><T73/><D73/><U65/><E65/><V12/><F130/><N who="1" m="49705" /><E101/><V15/><F50/><W31/><G74/><T30/><D133/><U134/><E42/><V28/><F28/><W86/><G105/><T48/><D62/><U79/><E79/><V99/><F115/><W78/><G35/><T2/><D37/><U54/><E6/><V38/><F114/><W18/><G94/><T29/><D29/><U64/><E64/><V23/><F38/><W20/><G66/><T68/><D68/><U106/><E5/><V0/><F99/><W84/><G60/><T36/><D36/><U123/><E106/><V58/><F0/><AGARI ba="4,0" hai="0,1,3,52,53,54,120,121,123,132,134" m="49705" machi="0" ten="50,12000,2" yaku="28,2,19,1,52,3,54,1" doraHai="49" who="1" fromWho="2" sc="454,0,250,132,64,-132,232,0" owari="454,56.0,382,18.0,-68,-57.0,232,-17.0" /></mjloggm>