<mjloggm ver="2.3"><GO type="41" lobby="0"/><UN n0="%E9%80%9F%E3%81%84%E5%B2%A9" n1="%E3%81%8D%E3%81%BC%E3%82%93" n2="%E5%B0%B1%E6%B4%BB%E7%94%9F%40%E5%B7%9D%E6%9D%91%E8%BB%8D%E5%9B%A3" n3="%40%59%75%2D%6D%61" dan="13,13,14,15" rate="1967.67,1862.67,1989.15,1987.51" sx="M,M,M,M"/><TAIKYOKU oya="0"/><INIT seed="0,0,0,5,5,60" ten="250,250,250,250" oya="0" hai0="16,36,53,102,5,44,75,122,21,99,129,7,64" hai1="59,92,3,24,32,68,106,51,57,63,61,30,98" hai2="132,14,50,74,83,115,10,124,13,77,116,94,135" hai3="0,20,100,82,62,119,28,84,86,69,71,118,39"/><T112/><D75/><U123/><E123/><V95/><F115/><W25/><G0/><T111/><D122/><U101/><E3/><V18/><F116/><W29/><G39/><T1/><D112/><U46/><E92/><V11/><F124/><W105/><G86/><T85/><D1/><U89/><E89/><V41/><F41/><W96/><G29/><T23/><D129/><U15/><E15/><V2/><F2/><W130/><G130/><T104/><D23/><U33/><E33/><V131/><F50/><W35/><G20/><T110/><D64/><N who="1" m="40975" /><E63/><V38/><F38/><W128/><G128/><T4/><D85/><U31/><E31/><V9/><F131/><W81/><G81/><T6/><D6/><U67/><E67/><V22/><REACH who="2" step="1"/><F13/><REACH who="2" ten="250,250,240,250" step="2"/><W65/><G71/><T58/><D36/><U56/><E51/><V93/><AGARI ba="0,1" hai="9,10,11,14,18,22,74,77,83,93,94,95,132,135" machi="93" ten="40,5200,0" yaku="1,1,2,1,0,1,53,0" doraHai="60" doraHaiUra="133" who="2" fromWho="2" sc="250,-26,250,-13,240,62,250,-13" /><INIT seed="1,0,0,4,0,35" ten="224,237,302,237" oya="1" hai0="37,74,16,45,50,38,121,123,101,25,57,113,48" hai1="18,115,14,55,107,114,40,58,59,63,135,129,36" hai2="30,6,92,93,3,80,11,39,60,43,133,65,106" hai3="27,29,125,17,117,9,28,102,44,4,87,8,64"/><U52/><E107/><V54/><F106/><W89/><G125/><T104/><D74/><U15/><E135/><V78/><F133/><W90/><G102/><T98/><D113/><U126/><E126/><V127/><F127/><W120/><G120/><N who="0" m="46155" /><D57/><U86/><E86/><V77/><F30/><W26/><G64/><T41/><D50/><U112/><E129/><V12/><F54/><W85/><G44/><T122/><D122/><U108/><E108/><V32/><F32/><W124/><G124/><T116/><D116/><U94/><E94/><V91/><F77/><W76/><G76/><T0/><D0/><U75/><E75/><V61/><F61/><W103/><G103/><T53/><D41/><U23/><E40/><V88/><F12/><W56/><G56/><T42/><D42/><U109/><E109/><V66/><F66/><W130/><G4/><T51/><D51/><U24/><REACH who="1" step="1"/><E36/><REACH who="1" ten="224,227,302,237" step="2"/><V84/><F43/><W22/><G130/><T33/><D38/><U131/><E131/><V79/><F39/><W68/><G87/><T128/><D37/><U96/><E96/><V46/><F93/><W134/><G85/><T34/><D128/><U5/><E5/><V82/><F92/><W83/><G134/><T72/><D72/><U31/><E31/><V73/><F46/><W20/><G28/><T7/><D7/><U99/><E99/><V13/><F3/><W10/><G29/><T67/><D34/><U110/><E110/><V111/><F111/><W95/><G95/><T47/><D33/><U105/><E105/><V132/><F132/><W97/><G97/><RYUUKYOKU ba="0,1" sc="224,-15,227,15,302,15,237,-15" hai1="14,15,18,23,24,52,55,58,59,63,112,114,115" hai2="6,11,13,60,65,73,78,79,80,82,84,88,91" /><INIT seed="1,1,1,3,4,36" ten="209,242,317,222" oya="1" hai0="112,133,82,11,42,97,48,70,89,122,18,117,113" hai1="81,92,132,88,98,16,100,2,4,108,49,30,26" hai2="104,105,71,126,110,66,62,120,68,10,46,20,7" hai3="21,75,114,8,73,72,3,23,67,55,24,64,31"/><U47/><E132/><V54/><F120/><W124/><G114/><T80/><D70/><U56/><E2/><V43/><F71/><W50/><G124/><T96/><D117/><U1/><E1/><V69/><F126/><W129/><G129/><T19/><D11/><U58/><E4/><V78/><F69/><W93/><G93/><T32/><D48/><U14/><E108/><V15/><F110/><W130/><G130/><T131/><D89/><U45/><E45/><V77/><F54/><W135/><G135/><T83/><D131/><U94/><E81/><V34/><F34/><W0/><G23/><T39/><D83/><U57/><E26/><V119/><F119/><W37/><G37/><T38/><D32/><U102/><E30/><V59/><F68/><W101/><G101/><T25/><D25/><U109/><E109/><V115/><F115/><W22/><G22/><T29/><D29/><U28/><E28/><V52/><F66/><W128/><G128/><T121/><D133/><U13/><E13/><V85/><F20/><W118/><G118/><T12/><D12/><U33/><E33/><V44/><F44/><W90/><G90/><T134/><D134/><U127/><E94/><V61/><F61/><W99/><G99/><T116/><D116/><U86/><E98/><V107/><REACH who="2" step="1"/><F85/><REACH who="2" ten="209,242,307,222" step="2"/><W123/><G123/><T91/><D113/><U53/><E127/><V74/><F74/><W76/><G73/><T27/><D112/><U111/><E111/><V87/><F87/><W17/><G75/><T6/><D121/><U65/><E65/><V95/><F95/><RYUUKYOKU ba="1,2" sc="209,-15,242,15,307,15,222,-15" hai1="14,16,47,49,53,56,57,58,86,88,92,100,102" hai2="7,10,15,43,46,52,59,62,77,78,104,105,107" /><INIT seed="1,2,2,4,4,38" ten="194,257,322,207" oya="1" hai0="72,53,55,54,124,62,42,22,14,105,51,50,24" hai1="117,83,128,106,120,115,44,87,48,68,32,118,28" hai2="134,5,29,135,57,79,75,1,58,119,111,20,49" hai3="17,86,26,99,4,19,23,93,102,107,9,71,25"/><U127/><E68/><V126/><F119/><W27/><G71/><T21/><D105/><U43/><E106/><V85/><F75/><W2/><G107/><T15/><D72/><U112/><E120/><V6/><F126/><W132/><G132/><N who="2" m="50729" /><F111/><W104/><G104/><T30/><D124/><U37/><E127/><V64/><F64/><W77/><REACH who="3" step="1"/><G23/><REACH who="3" ten="194,257,322,197" step="2"/><T80/><D21/><U69/><E69/><V82/><F20/><W96/><G96/><T33/><D33/><U116/><E32/><V98/><F29/><W59/><G59/><T92/><D22/><U56/><E56/><V90/><F58/><W7/><G7/><T125/><D125/><U63/><E63/><V76/><F6/><W35/><G35/><T40/><D30/><U34/><E34/><V11/><F98/><W113/><G113/><T0/><D62/><U73/><E28/><V101/><F57/><W121/><G121/><T95/><D53/><U74/><E128/><V3/><F5/><W39/><G39/><T13/><D54/><U78/><E37/><V47/><F11/><W84/><G84/><T66/><D55/><U110/><REACH who="1" step="1"/><E110/><REACH who="1" ten="194,247,322,197" step="2"/><V81/><F3/><W70/><G70/><T89/><D0/><U103/><E103/><V133/><F1/><W16/><G16/><T114/><D66/><U100/><E100/><V46/><F101/><W129/><G129/><T12/><D51/><U52/><E52/><N who="2" m="29751" /><F133/><W41/><G41/><T67/><D50/><U108/><E108/><V97/><F79/><W88/><G88/><T31/><D67/><U60/><E60/><V8/><F76/><RYUUKYOKU ba="2,4" sc="194,-15,247,15,322,-15,197,15" hai1="43,44,48,73,74,78,83,87,112,115,116,117,118" hai3="2,4,9,17,19,25,26,27,77,86,93,99,102" /><INIT seed="1,3,4,0,1,124" ten="179,262,307,212" oya="1" hai0="119,104,108,11,24,66,22,50,40,128,30,91,34" hai1="118,131,85,38,13,127,78,134,114,42,37,77,54" hai2="19,3,62,107,47,59,101,87,75,44,14,92,55" hai3="64,41,35,81,76,9,7,132,122,100,65,106,20"/><U1/><E1/><V113/><F75/><W117/><G35/><T60/><D104/><U39/><E118/><V74/><F74/><W111/><G122/><T123/><D123/><U52/><E114/><V32/><F32/><W27/><G117/><T105/><D105/><U12/><E127/><V84/><F107/><W26/><G26/><T10/><D119/><U115/><E115/><V80/><F3/><W98/><G41/><T126/><D126/><U116/><E116/><V67/><F113/><W15/><G111/><T57/><D128/><U6/><E42/><V95/><F84/><W68/><G68/><T103/><D34/><U83/><E131/><V97/><F92/><W49/><G49/><T125/><D103/><U46/><E46/><V61/><F61/><W48/><G48/><T16/><D108/><U28/><E28/><V43/><F67/><W33/><G33/><T102/><D102/><U18/><E6/><V99/><F99/><W120/><G132/><T63/><D30/><U88/><E134/><V71/><F71/><W86/><G120/><T5/><D5/><U56/><E12/><V70/><F70/><W130/><G130/><T25/><D25/><U93/><E83/><V96/><F96/><W69/><G69/><N who="0" m="42183" /><D91/><U129/><E129/><V58/><F58/><W23/><G23/><T53/><D125/><U73/><E73/><V94/><F94/><W17/><AGARI ba="3,4" hai="7,9,15,17,20,27,64,65,76,81,86,98,100,106" machi="17" ten="20,1500,0" yaku="0,1,7,1" doraHai="124" who="3" fromWho="3" sc="179,-7,262,-10,307,-7,212,64" /><INIT seed="2,0,0,4,2,46" ten="172,252,300,276" oya="2" hai0="23,89,135,58,53,92,8,32,73,28,4,38,25" hai1="99,24,117,48,115,57,6,37,67,15,78,120,110" hai2="131,51,16,21,104,9,13,111,40,33,42,43,134" hai3="45,113,118,129,5,80,47,98,84,83,133,132,86"/><V97/><F33/><W103/><G118/><T18/><D73/><U17/><E37/><V10/><F131/><W69/><G69/><T36/><D135/><N who="3" m="51785" /><G129/><T122/><D122/><U108/><E117/><V79/><F134/><W39/><G5/><T0/><D89/><U63/><E120/><V12/><F111/><N who="1" m="42537" /><E6/><N who="2" m="3127" /><F104/><N who="3" m="63607" /><G113/><T102/><D92/><U123/><E123/><V109/><F109/><W31/><G31/><T76/><D76/><U27/><E115/><V26/><F97/><W1/><G1/><T126/><D102/><U82/><E99/><V72/><F79/><N who="3" m="46111" /><G39/><T90/><D38/><U128/><E128/><V22/><F72/><W29/><G29/><T112/><D36/><U85/><E48/><V68/><F68/><W101/><G101/><T119/><D112/><U91/><E78/><AGARI ba="0,0" hai="45,47,78,83,86" m="46111,63607,51785" machi="78" ten="30,1000,0" yaku="20,1" doraHai="46" who="3" fromWho="1" sc="172,0,252,-10,300,0,276,10" /><INIT seed="3,0,0,4,0,68" ten="172,242,300,286" oya="3" hai0="65,122,4,124,22,44,2,33,47,126,53,67,121" hai1="1,113,51,95,128,24,132,96,59,20,129,103,71" hai2="41,98,73,119,116,62,70,86,21,34,135,11,28" hai3="93,16,72,25,38,49,88,46,106,50,52,87,64"/><W45/><G72/><T29/><D33/><U89/><E71/><V82/><F73/><W108/><G106/><T75/><D75/><U110/><E1/><V9/><F34/><W130/><G130/><T78/><D78/><U107/><E110/><V112/><F135/><W123/><G123/><T81/><D81/><U13/><E132/><V77/><F112/><W12/><G64/><T7/><D2/><U3/><E3/><V80/><F41/><W54/><G108/><T85/><D22/><U8/><E113/><V0/><F98/><W131/><G25/><T91/><D29/><U118/><E118/><V56/><F70/><W55/><G55/><T35/><D35/><U74/><E74/><V42/><F42/><W111/><G111/><T43/><D43/><U15/><E51/><V39/><F39/><W97/><G38/><T104/><D104/><U83/><E83/><V48/><F48/><W114/><G114/><T79/><D79/><U6/><E59/><V18/><F28/><W99/><G131/><N who="1" m="50250" /><E103/><V32/><F0/><W90/><G90/><T40/><D40/><U26/><E107/><V10/><F32/><W60/><G60/><T17/><D53/><U117/><E117/><V101/><F101/><W30/><G30/><T61/><D61/><U100/><E100/><V57/><F119/><W63/><G63/><T31/><D31/><N who="1" m="17799" /><E26/><N who="2" m="14647" /><F116/><W84/><G84/><T133/><D85/><U94/><E95/><V69/><F82/><W127/><G127/><T37/><D133/><U134/><E134/><V109/><F109/><W36/><G36/><T115/><D115/><RYUUKYOKU ba="0,0" sc="172,-30,242,10,300,10,286,10" hai1="6,8,13,15,89,94,96" hai2="9,10,11,56,57,62,69,77,80,86" hai3="12,16,45,46,49,50,52,54,87,88,93,97,99" /><INIT seed="3,1,0,2,3,25" ten="142,252,310,296" oya="3" hai0="67,37,105,3,41,21,108,36,65,109,102,29,119" hai1="120,113,39,94,72,66,81,70,83,20,12,82,123" hai2="32,75,10,7,92,125,40,91,134,96,117,4,84" hai3="53,26,106,51,48,47,110,16,73,76,130,61,30"/><W79/><G106/><T49/><D3/><U68/><E39/><V114/><F32/><W69/><G130/><T101/><D119/><U19/><E72/><V118/><F75/><W23/><G73/><T132/><D132/><U59/><E113/><V128/><F114/><W11/><G110/><N who="0" m="42603" /><D105/><U89/><E59/><V104/><F125/><W85/><G85/><T45/><D21/><U33/><E33/><V77/><F128/><W124/><G124/><T71/><D29/><U80/><N who="1" m="20992" /><DORA hai="56" /><U115/><E115/><V133/><F40/><N who="3" m="24679" /><G61/><N who="0" m="40367" /><D67/><U52/><E52/><V99/><F104/><W1/><G1/><T127/><D127/><U24/><E12/><V135/><F77/><N who="3" m="29771" /><G69/><T95/><D95/><U63/><REACH who="1" step="1"/><E68/><REACH who="1" ten="142,242,310,296" step="2"/><V43/><F43/><W8/><G53/><T131/><D131/><U100/><E100/><AGARI ba="1,1" hai="36,37,41,45,49,100,101,102" m="40367,42603" machi="100" ten="30,2000,0" yaku="14,1,52,1" doraHai="25,56" who="0" fromWho="1" sc="142,33,242,-23,310,0,296,0" /><INIT seed="4,0,0,4,3,77" ten="175,219,310,296" oya="0" hai0="127,37,59,54,38,50,60,29,134,88,105,26,28" hai1="39,33,42,44,124,100,126,30,21,72,93,17,121" hai2="107,128,36,14,5,0,111,49,1,19,75,31,102" hai3="7,83,109,8,34,55,114,131,2,120,61,104,101"/><T129/><D105/><U112/><E121/><V119/><F75/><W57/><G109/><T85/><D134/><U82/><E30/><V4/><F36/><W48/><G120/><T118/><D118/><U27/><E33/><V56/><F119/><W92/><G104/><T78/><D78/><U110/><E110/><V95/><F107/><W67/><G131/><T12/><D129/><U63/><E63/><V90/><F128/><W73/><G34/><T32/><D29/><U40/><E40/><V96/><F111/><W86/><G73/><T15/><D127/><N who="1" m="48683" /><E93/><N who="2" m="58639" /><F31/><W84/><G114/><T135/><D135/><U20/><E20/><N who="2" m="11383" /><F1/><W117/><G117/><T22/><D60/><U11/><E11/><V47/><F56/><W62/><G67/><T99/><D99/><U13/><E100/><V24/><F24/><W69/><G69/><T79/><D79/><N who="1" m="44391" /><E27/><V70/><F0/><W89/><REACH who="3" step="1"/><G101/><REACH who="3" ten="175,219,310,286" step="2"/><T133/><D133/><U76/><E112/><V58/><F70/><W103/><G103/><T68/><D68/><U115/><E115/><V18/><F58/><W122/><G122/><T74/><D74/><U94/><E94/><V108/><F95/><W81/><G81/><T87/><D32/><U66/><E66/><V123/><F123/><W113/><G113/><T10/><D87/><U125/><E125/><V43/><F108/><W106/><G106/><T91/><D85/><U64/><E64/><V46/><F46/><W132/><G132/><T65/><D65/><U98/><E98/><V45/><F47/><W51/><G51/><T23/><D38/><U71/><E71/><RYUUKYOKU ba="0,1" sc="175,-15,219,15,310,-15,286,15" hai1="13,17,21,39,42,44,76" hai3="2,7,8,48,55,57,61,62,83,84,86,89,92" /><INIT seed="5,1,1,2,1,52" ten="160,234,295,301" oya="1" hai0="9,28,65,2,53,98,125,116,104,15,10,25,42" hai1="118,95,87,13,131,112,114,101,106,24,119,56,73" hai2="80,105,82,124,89,102,91,96,86,33,77,67,57" hai3="55,59,70,133,30,66,63,79,123,60,85,126,130"/><U20/><E73/><N who="2" m="43055" /><F57/><W103/><G123/><T43/><D116/><U62/><E106/><V129/><F67/><W78/><G133/><T92/><D104/><U110/><E131/><V32/><F32/><W45/><G130/><T29/><D125/><U1/><E1/><V76/><F33/><W120/><G120/><T14/><D2/><U107/><E107/><V68/><F68/><W97/><G126/><T117/><D117/><U4/><E4/><V115/><F129/><W11/><G30/><T8/><D65/><U93/><E13/><N who="0" m="4617" /><D25/><U12/><E12/><V39/><F39/><W40/><G11/><T7/><D7/><U128/><E128/><V51/><F51/><W121/><G85/><T135/><D135/><U21/><E110/><V100/><F124/><W46/><G46/><T64/><D64/><U22/><E24/><V69/><F69/><W61/><G61/><T31/><D53/><N who="1" m="34063" /><E101/><AGARI ba="1,1" hai="8,9,10,28,29,31,42,43,92,98,101" m="4617" machi="101" ten="30,1000,0" yaku="8,1" doraHai="52" who="0" fromWho="1" sc="160,23,234,-13,295,0,301,0" /><INIT seed="6,0,0,2,2,121" ten="183,221,295,301" oya="2" hai0="102,70,103,92,77,93,105,88,130,79,47,49,85" hai1="60,48,7,78,13,132,125,37,69,42,90,20,74" hai2="54,87,109,5,38,82,3,16,71,98,40,59,91" hai3="10,66,62,53,9,115,120,44,72,65,83,0,131"/><V119/><F71/><W6/><G120/><T36/><D36/><U34/><E34/><V67/><F119/><W32/><G32/><T51/><D70/><U113/><E125/><V135/><F135/><W14/><G131/><T21/><D130/><U46/><E132/><V30/><F30/><W94/><G94/><T108/><D108/><U129/><E129/><V45/><F67/><W111/><G111/><T118/><D118/><U110/><E110/><V97/><F109/><W123/><G66/><T2/><D2/><U1/><E113/><V80/><F80/><W68/><G115/><T55/><D105/><U133/><E133/><V64/><F64/><W89/><G53/><T116/><D116/><U25/><E90/><V35/><F35/><W96/><G44/><N who="0" m="28071" /><D21/><U26/><E13/><V126/><F126/><W28/><G28/><T122/><D122/><U12/><E12/><V11/><REACH who="2" step="1"/><F16/><REACH who="2" ten="183,221,285,301" step="2"/><N who="3" m="8271" /><G83/><T27/><D79/><U117/><E117/><V127/><F127/><W99/><G123/><T107/><D77/><U104/><E69/><V100/><F100/><W95/><G68/><T8/><D102/><U101/><E101/><V52/><F52/><W73/><G65/><T4/><D103/><U33/><E33/><V86/><F86/><W17/><G17/><T24/><D107/><U18/><E104/><V61/><AGARI ba="0,1" hai="3,5,11,38,40,45,54,59,61,82,87,91,97,98" machi="61" ten="20,7800,0" yaku="1,1,0,1,7,1,53,1" doraHai="121" doraHaiUra="57" who="2" fromWho="2" sc="183,-26,221,-26,285,88,301,-26" /><INIT seed="6,1,0,3,0,54" ten="157,195,373,275" oya="2" hai0="43,134,13,44,92,77,47,9,102,76,128,107,120" hai1="61,131,91,68,19,132,27,24,55,85,5,127,98" hai2="48,52,87,21,103,20,56,58,108,100,126,86,35" hai3="122,99,115,60,75,104,38,72,12,109,8,133,94"/><V65/><F35/><W36/><G122/><T23/><D120/><U42/><E5/><V62/><F126/><W32/><G32/><T105/><D128/><U49/><E131/><V57/><F108/><W28/><G109/><T31/><D134/><U118/><E127/><V111/><F111/><W34/><G104/><T1/><D1/><U67/><E132/><V95/><F57/><W40/><G133/><T119/><D105/><U51/><E118/><V63/><F48/><W80/><G60/><T10/><D107/><U97/><E42/><V7/><F7/><W50/><G38/><T26/><D119/><U124/><E124/><V112/><F112/><W83/><G36/><T113/><D9/><U4/><E4/><V121/><F121/><W14/><G28/><T33/><D33/><U74/><E74/><V81/><F87/><W6/><G34/><T0/><D0/><U93/><E19/><V45/><F45/><N who="0" m="17482" /><D43/><U71/><E71/><V114/><F114/><W123/><G40/><T110/><D110/><U96/><REACH who="1" step="1"/><E51/><REACH who="1" ten="157,185,373,275" step="2"/><V15/><F15/><W88/><G14/><T30/><D113/><U17/><E17/><V37/><F37/><W3/><G50/><T25/><D31/><U46/><AGARI ba="1,1" hai="24,27,46,49,55,61,67,68,85,91,93,96,97,98" machi="46" ten="30,4000,0" yaku="1,1,0,1,53,1" doraHai="54" doraHaiUra="66" who="1" fromWho="1" sc="157,-11,185,53,373,-21,275,-11" /><INIT seed="7,0,0,3,4,96" ten="146,238,352,264" oya="3" hai0="73,0,55,43,108,77,3,92,39,114,27,116,42" hai1="100,56,119,17,62,45,105,131,71,85,53,24,54" hai2="98,65,50,38,118,115,20,69,25,61,58,122,5" hai3="13,111,101,10,120,72,103,59,32,14,18,76,11"/><W86/><G72/><T64/><D108/><U51/><E119/><V107/><F38/><W132/><G120/><T88/><D77/><U135/><E131/><V31/><F118/><W66/><G32/><T104/><D104/><U79/><E135/><V80/><F122/><W84/><G111/><T70/><D73/><U34/><E79/><V117/><F117/><W113/><G113/><T93/><D116/><U90/><E71/><V41/><F115/><W82/><G86/><T16/><D114/><U23/><E34/><V123/><F80/><W48/><G132/><T15/><D27/><U63/><E105/><V97/><F5/><N who="3" m="3279" /><G48/><T87/><D43/><U121/><E121/><V81/><F107/><W19/><G19/><T37/><D37/><U68/><E68/><V94/><F81/><W130/><G130/><T106/><D106/><U89/><E89/><V8/><F69/><W134/><G134/><T47/><D93/><U30/><E30/><V36/><F50/><W125/><G125/><T40/><D40/><U7/><E7/><V26/><F41/><W109/><G109/><T83/><D83/><U128/><E128/><V78/><F36/><W1/><G1/><T60/><REACH who="0" step="1"/><D55/><REACH who="0" ten="136,238,352,264" step="2"/><U44/><E44/><V28/><F123/><W22/><G76/><T4/><D4/><U29/><E29/><V95/><F78/><W67/><G82/><T110/><D110/><U33/><E33/><V9/><F28/><W2/><G18/><T126/><D126/><U21/><E53/><V49/><F31/><W74/><G74/><T91/><D91/><U112/><E90/><RYUUKYOKU ba="0,1" sc="136,30,238,-10,352,-10,264,-10" hai0="0,3,15,16,39,42,47,60,64,70,87,88,92" owari="166,-33.0,228,-17.0,352,45.0,254,5.0" /></mjloggm>