<mjloggm ver="2.3"><GO type="97" lobby="0"/><UN n0="%6D%39%28%E3%83%BB%E2%88%80%E3%83%BB%29" n1="%EF%BD%94%EF%BD%81%EF%BD%8B%EF%BD%85%EF%BD%8E%EF%BD%8F%EF%BD%83%EF%BD%8F" n2="%E3%83%88%E3%83%88%E3%83%AA%E5%85%88%E7%94%9F%31%39%E6%AD%B3" n3="%E2%98%85%E6%98%9F%E9%A6%AC%E3%83%88%E3%83%83%E3%82%B7%E3%82%A4%E2%98%85" dan="15,13,15,15" rate="1971.11,1804.55,2043.87,1949.08" sx="F,M,F,M"/><TAIKYOKU oya="0"/><INIT seed="0,0,0,2,2,73" ten="250,250,250,250" oya="0" hai0="81,75,18,98,111,118,106,58,27,74,20,34,70" hai1="109,83,14,8,62,4,129,39,21,24,102,131,35" hai2="122,103,13,33,117,52,88,79,95,5,100,134,89" hai3="6,71,80,1,43,15,46,105,104,64,0,49,10"/><T61/><D118/><U26/><E39/><V112/><F112/><W94/><G80/><T66/><D111/><U48/><E102/><N who="2" m="38955" /><F33/><W45/><G94/><T56/><D106/><U85/><E62/><V40/><F40/><W78/><G71/><T135/><D135/><U97/><E109/><V114/><F122/><W29/><G64/><T76/><D98/><U19/><E48/><V86/><F114/><W127/><G127/><T47/><D34/><U37/><E37/><V99/><F134/><W113/><G113/><T60/><D47/><U17/><E97/><V65/><F65/><W28/><G105/><T125/><D125/><U128/><E85/><V31/><F31/><W59/><G104/><T116/><D116/><U16/><E83/><N who="2" m="47487" /><F117/><W101/><G1/><T130/><D130/><U72/><E72/><V91/><F5/><W50/><G0/><T11/><D74/><U115/><E115/><V69/><F13/><W90/><G59/><T41/><D41/><U119/><E119/><V87/><F69/><W53/><G29/><AGARI ba="0,0" hai="4,8,14,16,17,19,21,24,26,29,35,128,129,131" machi="29" ten="40,8000,1" yaku="19,1,34,3,54,1" doraHai="73" who="1" fromWho="3" sc="250,0,250,80,250,0,250,-80" /><INIT seed="1,0,0,1,5,91" ten="250,330,250,170" oya="1" hai0="86,81,121,44,88,103,3,24,65,40,55,111,106" hai1="35,115,124,43,92,53,90,95,32,6,72,60,102" hai2="104,19,0,87,109,58,94,89,17,114,130,42,7" hai3="13,50,15,12,38,112,70,45,107,20,119,122,57"/><U117/><E72/><V41/><F104/><W73/><G122/><T126/><D111/><U61/><E117/><V25/><F109/><W52/><G119/><T100/><D3/><U68/><E115/><V62/><F114/><W47/><G112/><T31/><D126/><U14/><E124/><V36/><F130/><W93/><G107/><T49/><D121/><U76/><E76/><V85/><F36/><W129/><G73/><T28/><D65/><U108/><E108/><V77/><F7/><W99/><G70/><T82/><D40/><N who="2" m="15466" /><F0/><W48/><G129/><T133/><D133/><U116/><E116/><V22/><F77/><W131/><G131/><T113/><D113/><U118/><E118/><V4/><F4/><W69/><G38/><T79/><D106/><U18/><E6/><V125/><F125/><W96/><G69/><T80/><D24/><U27/><E43/><V51/><F51/><W26/><G99/><T39/><D39/><U46/><E68/><V135/><F135/><W101/><G50/><T132/><D132/><U8/><E35/><V75/><F75/><W98/><G98/><T23/><D23/><U105/><E105/><V34/><F34/><W59/><G47/><T54/><D55/><U134/><E27/><V21/><F21/><W16/><AGARI ba="0,0" hai="12,13,15,16,20,26,45,48,52,57,59,93,96,101" machi="16" ten="30,8000,1" yaku="0,1,8,1,52,1,54,2" doraHai="91" who="3" fromWho="3" sc="250,-20,330,-40,250,-20,170,80" /><INIT seed="2,0,0,5,2,122" ten="230,290,230,250" oya="2" hai0="124,3,14,120,83,69,132,86,90,61,68,7,80" hai1="84,43,35,133,66,85,5,117,51,4,47,58,18" hai2="109,33,112,102,92,63,9,44,96,119,59,45,101" hai3="11,94,40,49,105,123,36,2,113,20,114,21,37"/><V67/><F112/><N who="3" m="43115" /><G123/><T91/><D120/><U72/><E35/><V106/><F119/><W25/><G105/><T74/><D124/><U29/><E72/><V19/><F33/><W55/><G40/><T89/><D132/><U121/><E117/><V135/><F135/><W118/><G118/><T32/><D32/><U50/><E133/><V0/><F109/><W39/><G94/><T134/><D3/><U125/><E29/><V88/><F102/><W104/><G104/><T127/><D127/><U13/><E125/><V71/><F71/><W56/><G25/><T53/><D134/><U79/><E121/><V130/><F130/><W10/><G2/><T95/><D69/><U98/><E98/><V64/><F64/><W31/><G31/><T27/><D27/><U103/><E103/><V111/><F111/><W126/><G126/><T23/><D68/><U16/><E18/><V46/><F19/><W6/><G6/><N who="1" m="2666" /><E79/><V42/><F0/><W76/><G76/><T54/><D7/><U28/><E28/><V22/><F9/><AGARI ba="0,0" hai="9,10,11,20,21,36,37,39,49,55,56" m="43115" machi="9" ten="40,1300,0" yaku="11,1" doraHai="122" who="3" fromWho="2" sc="230,0,290,0,230,-13,250,13" /><INIT seed="3,0,0,4,5,2" ten="230,290,217,263" oya="3" hai0="29,13,6,81,108,22,46,17,96,19,125,83,23" hai1="76,87,60,110,31,9,37,48,113,90,4,119,24" hai2="20,33,98,123,52,128,47,89,25,32,101,130,104" hai3="10,15,129,44,12,49,57,45,131,72,73,79,14"/><W107/><G107/><T74/><D108/><U8/><E37/><V27/><F123/><W94/><G94/><T102/><D125/><U42/><E113/><V28/><F89/><W88/><G79/><T51/><D29/><U82/><E110/><V7/><F7/><W132/><G132/><T43/><D74/><U80/><E119/><V127/><F127/><W97/><G88/><T114/><D114/><U50/><E60/><V38/><F38/><W135/><G97/><T26/><REACH who="0" step="1"/><D6/><REACH who="0" ten="220,290,217,263" step="2"/><U116/><E116/><V133/><F133/><W63/><G73/><T99/><D99/><U69/><E4/><V18/><REACH who="2" step="1"/><F33/><REACH who="2" ten="220,290,207,263" step="2"/><W91/><G135/><T66/><D66/><U115/><E115/><V30/><F30/><W93/><G131/><T92/><AGARI ba="0,2" hai="13,17,19,22,23,26,43,46,51,81,83,92,96,102" machi="92" ten="20,5200,0" yaku="1,1,0,1,7,1,8,1,53,0" doraHai="2" doraHaiUra="5" who="0" fromWho="0" sc="220,72,290,-13,207,-13,263,-26" /><INIT seed="4,0,0,4,3,65" ten="292,277,194,237" oya="0" hai0="19,92,113,89,15,24,71,42,35,38,61,63,66" hai1="100,104,69,50,94,120,122,31,108,48,107,52,117" hai2="93,4,59,124,47,132,118,127,45,101,75,17,123" hai3="9,81,99,84,49,18,51,134,114,115,13,30,27"/><T43/><D113/><U86/><E117/><V116/><F75/><W67/><G134/><T3/><D3/><U85/><E108/><V34/><F34/><W103/><G67/><T53/><D38/><U32/><E69/><V90/><F123/><W56/><G115/><T98/><D35/><U78/><E31/><V88/><F4/><W73/><G114/><T128/><D128/><U10/><E32/><V74/><F74/><W2/><G73/><T20/><D15/><U82/><E10/><V91/><F132/><W133/><G2/><T21/><D20/><U64/><E48/><V0/><F0/><W68/><G68/><T72/><D72/><U96/><E64/><V126/><F59/><AGARI ba="0,0" hai="19,21,24,42,43,53,59,61,63,66,71,89,92,98" machi="59" ten="40,7700,0" yaku="25,2,52,1" doraHai="65" who="0" fromWho="2" sc="292,77,277,0,194,-77,237,0" owari="369,46.0,277,8.0,117,-38.0,237,-16.0" /></mjloggm>