<mjloggm ver="2.3"><GO type="169" lobby="0"/><UN n0="%74%75%75%6B%61%69%33" n1="%73%68%69%6E%6F%21%21" n2="%E3%82%86%E3%81%8D%E3%81%AE%E3%81%9D%E3%82%89" n3="%E3%83%88%E3%83%88%E3%83%AA%E5%85%88%E7%94%9F%31%39%E6%AD%B3" dan="17,17,16,17" rate="2181.39,2161.53,2060.33,2260.13" sx="M,M,F,F"/><TAIKYOKU oya="0"/><INIT seed="0,0,0,0,3,128" ten="250,250,250,250" oya="0" hai0="21,82,131,85,15,66,28,20,57,44,65,42,61" hai1="86,41,123,112,47,119,8,6,122,97,50,19,10" hai2="62,51,99,75,33,135,32,9,120,87,83,81,110" hai3="37,43,55,26,105,106,40,36,111,116,113,104,103"/><T95/><D131/><U78/><E119/><V108/><F120/><W5/><G116/><T39/><D95/><U94/><E112/><V18/><F99/><W88/><G113/><T98/><D98/><U68/><E68/><V12/><F62/><W92/><G103/><T59/><D28/><U84/><E19/><V126/><F126/><W118/><G118/><T101/><D101/><U48/><E48/><V27/><F75/><W69/><G69/><T72/><D72/><U22/><E22/><V14/><F27/><W2/><G111/><T67/><D57/><U17/><E17/><V89/><F83/><W70/><G70/><T60/><D60/><U117/><E117/><V134/><F14/><W30/><G55/><T115/><D115/><U114/><E114/><V96/><F96/><W7/><G40/><T54/><REACH who="0" step="1"/><D15/><REACH who="0" ten="240,250,250,250" step="2"/><N who="1" m="5527" /><E97/><V107/><F33/><W79/><G92/><T0/><D0/><U4/><E94/><V63/><F32/><W129/><G2/><T93/><D93/><U1/><E86/><V23/><F63/><W64/><G30/><T3/><D3/><U29/><E29/><V121/><F87/><W100/><G129/><T38/><D38/><U35/><E35/><V73/><F73/><W133/><G37/><T45/><D45/><U16/><E84/><V102/><F102/><W25/><G36/><T13/><D13/><U80/><E1/><V58/><F12/><W127/><G100/><T91/><AGARI ba="0,1" hai="20,21,39,42,44,54,59,61,65,66,67,82,85,91" machi="91" ten="30,3000,0" yaku="1,1,0,1,53,0" doraHai="128" doraHaiUra="74" who="0" fromWho="0" sc="240,40,250,-10,250,-10,250,-10" /><INIT seed="0,1,0,3,5,16" ten="280,240,240,240" oya="0" hai0="54,97,128,15,25,123,2,121,80,47,86,55,65" hai1="63,66,109,111,94,44,77,131,88,70,37,124,58" hai2="71,12,103,30,34,0,120,51,38,27,18,6,132" hai3="105,134,115,43,92,68,108,9,31,69,32,57,45"/><T119/><D2/><U102/><E124/><V76/><F38/><W60/><G115/><T117/><D65/><U59/><E102/><V17/><F71/><W106/><G108/><N who="1" m="41546" /><E77/><V129/><F120/><W82/><G134/><T73/><D15/><U61/><E131/><V8/><F76/><W79/><G92/><T90/><D25/><U50/><E37/><V85/><F85/><W122/><G122/><T110/><D47/><U114/><E61/><V10/><F103/><W62/><G9/><T101/><D55/><N who="1" m="30151" /><E114/><V89/><F89/><W7/><G7/><T81/><D110/><U133/><E133/><V78/><F78/><W20/><G32/><T11/><D128/><U39/><E39/><V127/><F127/><W5/><G5/><T4/><D4/><U28/><E28/><V42/><F129/><W84/><G62/><T3/><D101/><U52/><E52/><V41/><F41/><W104/><G45/><T36/><D54/><U40/><E40/><V26/><F51/><W96/><G43/><T135/><D36/><U23/><E23/><N who="2" m="13687" /><F42/><W49/><G49/><T118/><D135/><AGARI ba="1,0" hai="0,6,8,10,12,17,27,30,34,132,135" m="13687" machi="135" ten="30,3900,0" yaku="34,2,52,1" doraHai="16" who="2" fromWho="0" sc="280,-42,240,0,240,42,240,0" /><INIT seed="1,0,0,5,1,34" ten="238,240,282,240" oya="1" hai0="102,27,56,130,48,85,41,64,111,28,90,101,117" hai1="128,5,88,99,81,53,86,134,22,116,105,103,3" hai2="84,89,51,31,37,7,24,131,47,12,63,35,60" hai3="36,69,120,23,42,57,135,122,19,129,30,118,121"/><U126/><E116/><V78/><F37/><W132/><G69/><T6/><D117/><U110/><E128/><V13/><F78/><W45/><G118/><T115/><D115/><U21/><E126/><V75/><F75/><W16/><G129/><T97/><D111/><U74/><E110/><V17/><F7/><W29/><G57/><T46/><D130/><U61/><E134/><N who="3" m="51242" /><G19/><T127/><D127/><U65/><E74/><V0/><F0/><W43/><G42/><T4/><D64/><U109/><E53/><V124/><F12/><AGARI ba="0,0" hai="12,16,23,29,30,36,43,45,120,121,122" m="51242" machi="12" ten="40,2600,0" yaku="20,1,54,1" doraHai="34" who="3" fromWho="2" sc="238,0,240,0,282,-26,240,26" /><INIT seed="2,0,0,5,3,58" ten="238,240,256,266" oya="2" hai0="32,52,105,49,69,17,2,33,73,113,92,20,111" hai1="5,80,40,132,104,72,47,122,55,83,41,135,43" hai2="91,50,74,110,133,112,78,98,96,63,44,15,116" hai3="85,124,123,36,3,126,127,29,26,14,66,7,8"/><V25/><F116/><W120/><G36/><T117/><D105/><U60/><E104/><V53/><F112/><W79/><G79/><T37/><D113/><U106/><E106/><V45/><F74/><W128/><G85/><T65/><D37/><U1/><E122/><N who="3" m="46634" /><G66/><T12/><D2/><U22/><E22/><V0/><F78/><W86/><G86/><T70/><D73/><U11/><E72/><V16/><F96/><W77/><G77/><T13/><D111/><U84/><E84/><V108/><F0/><W4/><G128/><T46/><D117/><U68/><E47/><V59/><F133/><N who="1" m="51273" /><E55/><V35/><F45/><W76/><G76/><T31/><D92/><U129/><E129/><V34/><F25/><W121/><G121/><T97/><D97/><U28/><E28/><V102/><F91/><W27/><G29/><T9/><D31/><U109/><E109/><N who="2" m="42091" /><F102/><W114/><G114/><T18/><REACH who="0" step="1"/><D70/><REACH who="0" ten="228,240,256,266" step="2"/><U134/><E134/><V100/><F98/><W62/><G3/><T71/><D71/><U118/><E118/><V67/><F100/><W61/><G7/><T89/><D89/><U64/><AGARI ba="0,1" hai="1,5,11,40,41,43,60,64,68,80,83" m="51273" machi="64" ten="40,2700,0" yaku="20,1,52,1" doraHai="58" who="1" fromWho="1" sc="228,-7,240,37,256,-13,266,-7" /><INIT seed="3,0,0,1,5,123" ten="221,277,243,259" oya="3" hai0="17,124,92,81,0,47,97,95,84,13,73,35,46" hai1="42,36,129,128,111,127,109,114,117,7,48,120,39" hai2="27,78,59,106,20,62,43,70,18,14,91,16,133" hai3="72,26,4,11,135,58,41,85,54,66,6,45,5"/><W67/><G72/><T132/><D35/><U38/><E7/><V88/><F133/><W51/><G135/><T101/><D0/><U131/><E120/><V110/><F110/><N who="1" m="41993" /><E114/><V15/><F70/><W119/><G119/><T90/><D132/><U56/><E117/><V79/><F106/><W75/><G75/><T89/><D124/><U99/><E99/><V32/><F43/><W33/><G11/><N who="0" m="6335" /><D73/><U9/><E9/><V22/><F32/><W71/><G71/><T60/><D60/><U96/><E96/><AGARI ba="0,0" hai="46,47,81,84,89,90,92,95,96,97,101" m="6335" machi="96" ten="30,1000,0" yaku="8,1" doraHai="123" who="0" fromWho="1" sc="221,10,277,-10,243,0,259,0" /><INIT seed="4,0,0,2,0,89" ten="231,267,243,259" oya="0" hai0="24,81,109,75,114,91,13,66,55,133,74,112,33" hai1="59,64,35,88,128,25,40,10,53,60,99,18,105" hai2="121,67,119,134,48,77,97,126,93,70,21,54,76" hai3="96,104,34,30,15,58,90,51,1,42,113,52,7"/><T31/><D133/><U100/><E128/><V132/><F121/><W6/><G1/><T111/><D66/><U131/><E131/><V80/><F119/><W72/><G72/><T26/><D55/><U39/><E39/><V71/><F126/><W28/><G113/><N who="0" m="43627" /><D24/><U125/><E40/><V82/><F67/><W16/><G42/><T46/><D46/><U36/><E36/><V98/><F21/><N who="3" m="11423" /><G104/><T115/><N who="0" m="43635" /><T57/><DORA hai="5" /><D57/><U12/><E125/><V78/><F98/><W56/><G34/><T0/><D0/><U61/><E35/><V83/><F71/><W32/><G32/><T45/><D45/><U29/><E25/><V103/><REACH who="2" step="1"/><F70/><REACH who="2" ten="231,267,233,259" step="2"/><W38/><G30/><T122/><D122/><U135/><E29/><V124/><F124/><W20/><G28/><T41/><D31/><U123/><E123/><V92/><F92/><N who="3" m="56343" /><G20/><T107/><D33/><U69/><E135/><V108/><F108/><W129/><G129/><T49/><D111/><U63/><E69/><V73/><F73/><W102/><G102/><T101/><D101/><U87/><E64/><V2/><F2/><W118/><G118/><T117/><D109/><U43/><REACH who="1" step="1"/><E43/><REACH who="1" ten="231,257,233,259" step="2"/><V50/><F50/><N who="3" m="30743" /><G38/><T3/><D117/><U94/><AGARI ba="0,2" hai="10,12,18,53,59,60,61,63,87,88,94,99,100,105" machi="94" ten="20,12000,2" yaku="1,1,0,1,7,1,52,2,54,1,53,1" doraHai="89,5" doraHaiUra="9,120" who="1" fromWho="1" sc="231,-60,257,140,233,-30,259,-30" /><INIT seed="5,0,0,3,2,0" ten="171,397,203,229" oya="1" hai0="38,77,21,25,100,52,75,126,95,89,112,24,5" hai1="70,30,59,37,97,14,115,82,83,57,92,39,101" hai2="106,111,99,32,107,119,109,26,63,4,110,117,81" hai3="6,29,20,33,102,61,127,10,131,94,114,23,98"/><U128/><E70/><V120/><F63/><W34/><G114/><T41/><D126/><U15/><E30/><N who="2" m="19543" /><F120/><W56/><G127/><T27/><D112/><U124/><E115/><V2/><F81/><W8/><G8/><T28/><D100/><U108/><E124/><V55/><F55/><W68/><G68/><T43/><D75/><U53/><E108/><V9/><F99/><W76/><G131/><T72/><D72/><U54/><E97/><V90/><F90/><W71/><G71/><T3/><D77/><U93/><REACH who="1" step="1"/><E101/><REACH who="1" ten="171,387,203,229" step="2"/><V36/><F119/><W46/><G29/><T12/><D28/><U40/><E40/><V74/><F117/><W17/><G98/><T80/><D43/><U133/><E133/><V88/><F110/><W91/><G102/><T121/><D41/><U66/><E66/><V51/><F111/><W129/><G33/><T42/><D42/><U13/><E13/><V18/><F109/><W69/><G34/><T118/><D12/><U35/><E35/><V84/><F107/><W125/><G69/><T44/><D118/><U50/><E50/><V62/><F51/><W85/><G125/><T132/><D132/><U130/><AGARI ba="0,1" hai="14,15,37,39,53,54,57,59,82,83,92,93,128,130" machi="130" ten="25,9600,0" yaku="1,1,0,1,22,2,53,0" doraHai="0" doraHaiUra="104" who="1" fromWho="1" sc="171,-32,387,106,203,-32,229,-32" /><INIT seed="5,1,0,4,4,13" ten="139,493,171,197" oya="1" hai0="38,73,100,30,109,4,65,48,113,51,72,39,114" hai1="129,26,21,63,124,83,37,130,135,62,53,6,7" hai2="3,101,127,96,117,120,43,14,64,131,10,76,31" hai3="89,85,18,23,123,9,22,126,108,58,88,119,16"/><U107/><E107/><V56/><F120/><W55/><G123/><T106/><D109/><U125/><E37/><N who="0" m="13833" /><D4/><N who="1" m="1579" /><E83/><V15/><F43/><W68/><G68/><T61/><D30/><U52/><E135/><V28/><F3/><W71/><G126/><N who="1" m="48746" /><E63/><N who="2" m="37991" /><F14/><N who="3" m="7247" /><G108/><T77/><D106/><U67/><E67/><V98/><F76/><W54/><G71/><N who="0" m="42415" /><D100/><U99/><E99/><V93/><F101/><W1/><G1/><T95/><D95/><U59/><E53/><N who="3" m="19978" /><G119/><T69/><D69/><U20/><E20/><N who="3" m="7722" /><G58/><T50/><D77/><U97/><E21/><V40/><F127/><W49/><G85/><T25/><D72/><U36/><E36/><V86/><F86/><W132/><G132/><T105/><D73/><U46/><E26/><V103/><F117/><W90/><G49/><T70/><D70/><U82/><E97/><V24/><F98/><W35/><G35/><T47/><D105/><U29/><E29/><V0/><F96/><W110/><G110/><T134/><D134/><U78/><E46/><V17/><F103/><W5/><G5/><T44/><D25/><U91/><E91/><V81/><F31/><W57/><G57/><T80/><D80/><U122/><E122/><V19/><F28/><W75/><G75/><AGARI ba="1,0" hai="52,59,62,75,78,82,129,130" m="48746,1579" machi="75" ten="30,2900,0" yaku="18,1,54,1" doraHai="13" who="1" fromWho="3" sc="139,0,493,32,171,0,197,-32" /><INIT seed="5,2,0,2,3,61" ten="139,525,171,165" oya="1" hai0="29,6,27,101,33,34,5,75,30,17,41,133,56" hai1="79,88,113,117,23,125,32,47,76,20,50,40,108" hai2="127,123,128,63,9,114,28,103,132,0,21,53,52" hai3="19,105,7,94,39,45,73,3,82,112,95,57,97"/><U87/><E117/><V135/><F123/><W81/><G112/><T121/><D75/><U107/><E32/><N who="0" m="12393" /><D41/><U11/><E107/><V124/><F103/><W111/><G111/><T72/><D56/><U67/><E113/><V37/><F37/><W26/><G105/><T90/><D101/><U58/><E108/><V43/><F28/><N who="0" m="10858" /><D90/><U106/><E106/><V46/><F21/><N who="1" m="8265" /><E11/><V8/><F0/><W115/><G115/><T66/><D66/><U96/><E96/><V10/><F114/><W74/><G97/><T119/><D72/><U102/><E102/><V35/><F35/><W69/><G69/><T48/><D48/><U80/><E125/><N who="2" m="48203" /><F128/><W55/><G39/><T4/><D121/><U12/><E12/><V14/><F14/><W78/><G74/><T85/><D85/><U36/><E36/><N who="2" m="21863" /><F63/><AGARI ba="2,0" hai="40,47,50,58,63,67,76,79,80,87,88" m="8265" machi="63" ten="30,5800,0" yaku="8,1,52,1,54,1" doraHai="61" who="1" fromWho="2" sc="139,0,525,64,171,-64,165,0" /><INIT seed="5,3,0,1,0,44" ten="139,589,107,165" oya="1" hai0="19,107,104,108,75,1,115,128,91,90,17,45,99" hai1="6,28,13,80,101,50,126,48,62,83,16,39,12" hai2="67,11,33,63,97,46,127,96,60,95,49,38,21" hai3="54,100,72,70,89,61,35,40,85,112,118,77,55"/><U10/><E39/><V31/><F38/><W27/><G112/><T79/><D1/><U130/><E130/><V117/><F33/><W5/><G40/><T37/><D37/><U106/><E126/><V24/><F127/><W0/><G100/><T56/><D56/><U22/><E106/><N who="0" m="40489" /><D45/><U8/><E101/><V3/><F3/><W73/><G5/><T2/><D2/><U41/><E62/><V110/><F110/><W132/><G27/><T32/><D32/><U113/><E113/><V76/><F76/><W25/><G25/><T20/><D20/><U18/><E28/><V133/><F133/><W131/><G131/><T121/><D19/><U78/><E41/><V36/><F36/><W116/><G0/><T84/><D17/><U52/><E78/><V122/><F122/><W87/><G132/><T47/><D128/><U57/><E48/><V135/><F135/><W66/><G35/><T68/><D68/><U23/><E23/><V81/><F11/><W71/><G70/><T15/><D79/><U42/><E42/><V82/><F117/><N who="3" m="45163" /><G55/><T124/><D124/><U4/><E18/><V102/><F63/><W119/><G54/><T111/><D121/><U120/><E120/><V43/><REACH who="2" step="1"/><F97/><REACH who="2" ten="139,589,97,165" step="2"/><W98/><G98/><T14/><D99/><U86/><E86/><V125/><F125/><W7/><G119/><T65/><D84/><U134/><E134/><V29/><F29/><W64/><G85/><T88/><D108/><U9/><E9/><V114/><F114/><W51/><G77/><T92/><D111/><U109/><E109/><V74/><F74/><RYUUKYOKU ba="3,1" sc="139,-15,589,15,97,15,165,-15" hai1="4,6,8,10,12,13,16,22,50,52,57,80,83" hai2="21,24,31,43,46,49,60,67,81,82,95,96,102" /><INIT seed="5,4,1,3,4,98" ten="124,604,112,150" oya="1" hai0="111,34,39,132,15,16,79,68,33,18,66,82,128" hai1="105,72,84,114,85,133,93,107,118,47,78,123,25" hai2="116,3,0,30,56,121,92,127,122,59,86,109,134" hai3="61,95,50,24,7,42,4,40,44,31,70,71,60"/><U135/><E118/><V1/><F30/><W12/><G42/><T51/><D111/><U81/><E47/><V29/><F29/><W5/><G12/><T9/><D39/><U113/><E25/><V124/><F109/><W125/><G125/><N who="2" m="48201" /><F116/><W32/><REACH who="3" step="1"/><G95/><REACH who="3" ten="124,604,112,140" step="2"/><T110/><D110/><U54/><E93/><V58/><F134/><W115/><G115/><T41/><D132/><U8/><E113/><V65/><F65/><W104/><G104/><T64/><D66/><U49/><E114/><V103/><F86/><W35/><G35/><T28/><D34/><U106/><E135/><V17/><F122/><W43/><G43/><T20/><D41/><U83/><E133/><V96/><F121/><W90/><G90/><T77/><D33/><U37/><E123/><V117/><F117/><W102/><G102/><T19/><D15/><U87/><E37/><V14/><F0/><W100/><G100/><T91/><D91/><U88/><E8/><AGARI ba="4,2" hai="1,3,8,14,17,56,58,59,92,96,103" m="48201" machi="8" ten="30,2000,0" yaku="18,1,52,1" doraHai="98" who="2" fromWho="1" sc="124,0,604,-32,112,52,140,0" /><INIT seed="6,0,0,2,0,48" ten="124,572,164,140" oya="2" hai0="109,41,82,21,68,112,33,23,64,7,108,86,75" hai1="118,56,27,123,116,10,3,94,66,135,65,16,98" hai2="44,12,63,51,119,117,84,61,19,132,107,38,6" hai3="69,88,34,54,43,125,104,29,71,15,105,36,89"/><V73/><F73/><W131/><G131/><T95/><D33/><U30/><E123/><V2/><F107/><W25/><G125/><T37/><D7/><U97/><E97/><V4/><F38/><W47/><G104/><T59/><D112/><U62/><E66/><V28/><F28/><W92/><G105/><T5/><D5/><U102/><E135/><V26/><F132/><W83/><G15/><T49/><D75/><U111/><E111/><V20/><F2/><W110/><G110/><T127/><D95/><U24/><E3/><V121/><F121/><W90/><G92/><T133/><D133/><U13/><E27/><V122/><F122/><W106/><G106/><T35/><D35/><AGARI ba="0,0" hai="10,13,16,24,30,35,56,62,65,94,98,102,116,118" machi="35" ten="30,2000,0" yaku="7,1,54,1" doraHai="48" who="1" fromWho="0" sc="124,-20,572,20,164,0,140,0" /><INIT seed="7,0,0,4,4,74" ten="104,592,164,140" oya="3" hai0="12,18,26,111,5,11,49,7,29,23,6,91,19" hai1="41,10,37,0,48,16,60,32,42,100,62,123,28" hai2="15,33,124,88,67,93,94,108,102,129,3,107,80" hai3="95,56,44,64,113,130,117,24,59,110,27,22,104"/><W133/><G117/><T51/><D111/><U52/><E123/><V39/><F3/><W65/><G104/><T47/><D91/><U83/><E100/><V125/><F33/><W9/><G110/><T89/><D89/><U50/><E37/><V54/><F39/><W66/><G113/><T127/><D127/><U38/><E38/><V103/><F67/><W81/><G130/><T53/><REACH who="0" step="1"/><D51/><REACH who="0" ten="94,592,164,140" step="2"/><U87/><E48/><V71/><F124/><W78/><G133/><T70/><D70/><U90/><E60/><V92/><F71/><W69/><G69/><T1/><D1/><U126/><E62/><V31/><F88/><W35/><G95/><T73/><D73/><U120/><E126/><V72/><F93/><W30/><G44/><T25/><D25/><U79/><E120/><V119/><F94/><W118/><G118/><T99/><D99/><U134/><E134/><V128/><F92/><W43/><G27/><T46/><D46/><N who="1" m="27735" /><E0/><V132/><F119/><W77/><G24/><T63/><D63/><U21/><E32/><V98/><F132/><W115/><G35/><T131/><D131/><U58/><E90/><V86/><F108/><W122/><G122/><T112/><D112/><U101/><E101/><V4/><F125/><W45/><G115/><T82/><D82/><U121/><E121/><V76/><F128/><W13/><G81/><T57/><D57/><U135/><E135/><V75/><F80/><W20/><G56/><T97/><D97/><U116/><E116/><V17/><F98/><W36/><G59/><T68/><D68/><U14/><E58/><RYUUKYOKU ba="0,1" sc="94,15,592,15,164,-15,140,-15" hai0="5,6,7,11,12,18,19,23,26,29,47,49,53" hai1="10,14,16,21,28,41,42,79,83,87" owari="109,-39.0,617,71.0,149,-5.0,125,-27.0" /></mjloggm>