<mjloggm ver="2.3"><GO type="169" lobby="0"/><UN n0="%E3%82%A6%E3%83%AB%E3%83%88%E3%83%A9%E7%AB%8B%E7%9B%B4" n1="%74%61%6B%65%74%6F%6D%69" n2="%41%54%4D%31%34%32%39" n3="%E5%91%89%E8%82%B2%E9%83%8E" dan="17,16,16,16" rate="2145.89,2104.82,2119.16,2079.23" sx="M,M,M,M"/><TAIKYOKU oya="0"/><INIT seed="0,0,0,3,1,105" ten="250,250,250,250" oya="0" hai0="43,101,74,91,17,26,134,108,89,61,104,54,126" hai1="5,88,120,12,73,52,8,2,102,90,135,78,16" hai2="121,69,83,130,59,60,56,11,23,100,94,107,109" hai3="72,4,34,20,67,30,79,114,57,92,28,86,98"/><T25/><D104/><U133/><E102/><V124/><F121/><W38/><G34/><T123/><D123/><U31/><E31/><V21/><F124/><W106/><G38/><T131/><D74/><U127/><E127/><V116/><F109/><W63/><G114/><T22/><D126/><U3/><E120/><V99/><F130/><W24/><G72/><T129/><D108/><U40/><E40/><V6/><F69/><W41/><G41/><T65/><D101/><U58/><E78/><V7/><F7/><W32/><G32/><T96/><D43/><U35/><E35/><V50/><F50/><W42/><G42/><T115/><D115/><U132/><E73/><V39/><F39/><W64/><G4/><T18/><D134/><U113/><E113/><V82/><F59/><W76/><G30/><T47/><D47/><U15/><E15/><N who="2" m="5623" /><F107/><W29/><G29/><T71/><D54/><U112/><E112/><V77/><F116/><W84/><G67/><T14/><D26/><U55/><E55/><N who="2" m="33823" /><F77/><N who="3" m="29771" /><G106/><T118/><D118/><U75/><E75/><V37/><F37/><W122/><G122/><T80/><D96/><U68/><E68/><V87/><F87/><W95/><G95/><T27/><D27/><U66/><E66/><V110/><F110/><W13/><G13/><T53/><D53/><U85/><E85/><V128/><F128/><N who="0" m="49226" /><D80/><AGARI ba="0,0" hai="21,23,80,82,83,94,99,100" m="33823,5623" machi="80" ten="30,1000,0" yaku="8,1" doraHai="105" who="2" fromWho="0" sc="250,-10,250,0,250,10,250,0" /><INIT seed="1,0,0,5,2,16" ten="240,250,260,250" oya="1" hai0="8,103,118,104,101,38,13,65,106,94,121,55,70" hai1="114,59,56,4,5,124,91,90,76,23,26,44,93" hai2="10,86,20,29,107,89,75,85,62,3,112,134,7" hai3="12,1,41,50,97,82,19,69,27,77,133,102,2"/><U83/><E114/><V111/><F107/><W88/><G69/><T100/><D118/><U9/><E124/><V46/><F75/><W113/><G113/><T125/><D125/><U40/><E56/><V14/><F111/><W45/><G133/><T67/><D121/><U79/><E59/><V109/><F134/><W68/><G27/><T35/><D35/><U58/><E58/><V128/><F109/><W110/><G68/><T22/><D38/><U51/><E76/><V78/><F62/><W105/><G110/><T122/><D122/><U74/><E93/><V24/><F128/><W71/><G71/><T119/><D119/><U39/><E51/><V47/><F3/><W127/><G127/><T28/><D55/><U66/><E4/><V42/><F112/><W92/><G102/><T95/><D104/><U34/><E34/><V80/><REACH who="2" step="1"/><F42/><REACH who="2" ten="240,250,250,250" step="2"/><W6/><G105/><T52/><D106/><U129/><E129/><V64/><F64/><W54/><G41/><T130/><D130/><U123/><E66/><N who="0" m="25097" /><D70/><U48/><E123/><V0/><F0/><W33/><G33/><T61/><D61/><U96/><E48/><V30/><F30/><W120/><G120/><T37/><D37/><U43/><E43/><V11/><F11/><W36/><G36/><T108/><D108/><U21/><E9/><V53/><F53/><W132/><G132/><T117/><D52/><U87/><E74/><V73/><F73/><W17/><G2/><T49/><D49/><U57/><E40/><V116/><F116/><W63/><G1/><T115/><D117/><U126/><E126/><RYUUKYOKU ba="0,1" sc="240,-10,250,-10,250,30,250,-10" hai2="7,10,14,20,24,29,46,47,78,80,85,86,89" /><INIT seed="2,1,1,1,2,0" ten="230,240,280,240" oya="2" hai0="59,115,122,90,45,20,23,104,126,53,120,29,2" hai1="34,102,10,21,98,55,18,110,71,36,63,49,108" hai2="83,123,46,37,3,76,80,5,69,40,1,44,95" hai3="41,42,32,62,19,64,17,85,86,114,52,131,77"/><V113/><F69/><W111/><G32/><T112/><D104/><U67/><E36/><V94/><F113/><W127/><G114/><T27/><D115/><U96/><E34/><V91/><F1/><W61/><G111/><N who="1" m="42538" /><E10/><N who="2" m="2367" /><F46/><W47/><G131/><T132/><D45/><N who="1" m="28079" /><E102/><V84/><F123/><W134/><G134/><T101/><D132/><U50/><E50/><V89/><F89/><W100/><G100/><T57/><D101/><U48/><E48/><V68/><F68/><W78/><G47/><T72/><D59/><U93/><E93/><V70/><F70/><W79/><G79/><T124/><D57/><U39/><E39/><V30/><F30/><W99/><G64/><T107/><D53/><U11/><E11/><V129/><F129/><W87/><G52/><T22/><D112/><U74/><E74/><AGARI ba="1,1" hai="37,40,44,74,76,80,83,84,91,94,95" m="2367" machi="74" ten="30,2900,0" yaku="25,1,52,1" doraHai="0" who="2" fromWho="1" sc="230,0,240,-32,280,42,240,0" /><INIT seed="2,2,0,0,0,40" ten="230,208,322,240" oya="2" hai0="77,28,69,111,34,93,42,9,130,124,127,41,96" hai1="89,68,87,24,33,16,81,60,100,37,66,92,48" hai2="35,117,75,21,112,49,54,58,27,20,12,15,4" hai3="80,61,102,64,72,5,71,19,32,110,101,126,135"/><V38/><F38/><W79/><G110/><T108/><D69/><U132/><E37/><V82/><F112/><W99/><G135/><T91/><D77/><U74/><E132/><V1/><F35/><W39/><G39/><T7/><D130/><U131/><E131/><V94/><F1/><W46/><G32/><T45/><D28/><U118/><E118/><V36/><F36/><W128/><G128/><T43/><D34/><U129/><E129/><V120/><F117/><W98/><G5/><T52/><D9/><U13/><E48/><V44/><F120/><W47/><G19/><T11/><D11/><U0/><E0/><V78/><F94/><W51/><G126/><N who="0" m="48171" /><D7/><U62/><E62/><V3/><F3/><W70/><G70/><T115/><D115/><U97/><E74/><V53/><F4/><W123/><G123/><T59/><D45/><U105/><E33/><V26/><F21/><W103/><REACH who="3" step="1"/><G46/><REACH who="3" ten="230,208,322,230" step="2"/><T65/><D65/><U134/><E134/><V121/><F121/><W83/><G83/><T116/><D116/><U30/><E30/><V95/><F82/><W2/><G2/><T119/><D119/><U6/><E6/><V56/><F20/><W50/><G50/><AGARI ba="2,1" hai="41,42,43,50,52,59,91,93,96,108,111" m="48171" machi="50" ten="30,2000,0" yaku="18,1,54,1" doraHai="40" who="0" fromWho="3" sc="230,36,208,0,322,0,230,-26" /><INIT seed="3,0,0,5,1,41" ten="266,208,322,204" oya="3" hai0="57,32,126,33,130,73,31,100,7,13,78,54,38" hai1="58,66,10,39,43,30,22,107,84,47,106,56,92" hai2="1,23,110,112,16,88,124,122,11,135,123,29,61" hai3="63,98,8,87,127,72,85,134,75,65,71,44,19"/><W9/><G134/><T118/><D118/><U14/><E30/><V101/><F112/><W93/><G127/><T0/><D0/><U3/><E22/><V68/><F101/><W77/><G44/><T121/><D38/><U17/><E3/><V20/><F110/><W4/><G19/><T24/><D130/><U67/><E67/><V95/><F29/><W15/><G8/><T80/><D126/><U114/><E114/><V74/><F74/><W36/><G36/><T25/><D100/><U76/><E58/><V26/><F20/><W12/><G12/><T50/><D121/><N who="2" m="46090" /><F135/><W45/><G45/><T115/><D115/><U105/><E76/><V108/><F108/><W96/><G96/><T86/><D73/><U6/><E17/><V113/><F113/><W119/><G119/><T91/><D25/><U2/><E2/><V37/><F37/><W53/><G53/><T34/><D78/><U42/><E42/><V79/><F79/><W59/><G71/><T102/><D102/><U62/><E84/><N who="2" m="52615" /><F124/><W103/><REACH who="3" step="1"/><G72/><REACH who="3" ten="266,208,322,194" step="2"/><T48/><D13/><U125/><E125/><V51/><F1/><W46/><G46/><T35/><D7/><U49/><E39/><V83/><F11/><W128/><G128/><T28/><D28/><U129/><E129/><V21/><F68/><W81/><AGARI ba="0,1" hai="4,9,15,59,63,65,75,77,81,85,87,93,98,103" machi="81" ten="30,3000,0" yaku="1,1,0,1,53,0" doraHai="41" doraHaiUra="132" who="3" fromWho="3" sc="266,-10,208,-10,322,-10,194,40" /><INIT seed="3,1,0,2,1,101" ten="256,198,312,234" oya="3" hai0="76,21,118,51,69,77,122,50,37,31,132,129,2" hai1="72,28,75,15,74,52,90,84,20,30,48,32,79" hai2="70,17,43,29,64,33,110,12,103,111,44,120,40" hai3="1,134,135,27,68,53,102,81,49,19,89,5,92"/><W9/><G68/><T109/><D21/><U36/><E36/><V4/><F120/><W25/><G102/><T60/><D31/><U35/><E79/><V61/><F4/><W78/><G78/><T105/><D60/><U133/><E133/><N who="3" m="50698" /><G81/><T10/><D10/><U67/><E67/><V7/><F7/><W22/><G92/><T56/><D56/><U117/><E117/><V128/><F128/><W127/><G89/><T62/><D62/><U57/><E30/><V58/><F70/><W91/><G91/><T82/><D82/><U55/><E55/><V66/><F66/><W104/><G27/><T13/><D51/><U71/><E71/><V107/><F43/><W121/><G121/><T8/><D50/><U54/><E54/><V0/><F40/><W96/><G127/><T65/><D65/><U39/><E39/><V59/><F58/><N who="3" m="33071" /><G96/><T86/><D86/><U63/><E63/><V124/><F124/><W23/><G23/><T94/><D94/><N who="1" m="54599" /><E28/><V24/><F44/><W80/><G80/><T46/><D46/><U41/><E41/><V87/><F87/><W130/><G130/><T16/><D129/><U99/><E99/><V42/><F42/><W88/><G88/><T45/><D77/><U108/><E35/><V126/><F126/><W95/><G95/><T14/><D76/><U116/><E32/><V26/><F26/><W112/><G112/><T18/><D122/><U97/><E97/><V114/><F114/><W98/><G98/><T38/><D132/><U6/><E57/><V119/><F103/><W115/><G115/><T131/><D69/><RYUUKYOKU ba="1,0" sc="256,-10,198,-10,312,-10,234,30" hai3="1,5,9,19,22,25,104" /><INIT seed="3,2,0,3,4,94" ten="246,188,302,264" oya="3" hai0="17,5,25,99,65,87,36,114,77,43,50,130,48" hai1="127,30,35,104,120,55,119,110,14,60,53,97,67" hai2="81,116,128,91,107,134,51,102,135,61,86,28,58" hai3="106,34,133,22,78,59,41,72,111,9,103,132,4"/><W26/><G34/><T75/><D75/><U101/><E120/><V124/><F116/><W70/><G70/><T56/><D130/><U7/><E127/><V16/><F51/><W125/><G125/><T115/><D5/><U122/><E110/><V23/><F28/><W73/><G111/><T85/><D36/><U76/><E76/><V0/><F0/><N who="3" m="135" /><G41/><T40/><D65/><U96/><E122/><V12/><F128/><W57/><G57/><T89/><D56/><U92/><E14/><V82/><F82/><W42/><G59/><T33/><D33/><U109/><E7/><V100/><F124/><W47/><G103/><T95/><D77/><U2/><E2/><V69/><F69/><W113/><G106/><T63/><D63/><U15/><E15/><V79/><F91/><W39/><G113/><N who="0" m="43019" /><D43/><U1/><E1/><V45/><F45/><W118/><G118/><T131/><D131/><U20/><E20/><V46/><F46/><W117/><G117/><T123/><D123/><U8/><E8/><V108/><F108/><W24/><G24/><T121/><D121/><U37/><E37/><V80/><F80/><N who="3" m="45127" /><G73/><T52/><D40/><U88/><E109/><V6/><F6/><W105/><G105/><T27/><D50/><U64/><E119/><V3/><F3/><W10/><G10/><T18/><D25/><N who="1" m="18895" /><E67/><V21/><F21/><W11/><G11/><T49/><D48/><U44/><E44/><V84/><F107/><W54/><G54/><T32/><D32/><U129/><E129/><V38/><F38/><W29/><AGARI ba="2,0" hai="22,26,29,39,42,47,132,133" m="45127,135" machi="29" ten="30,1500,0" yaku="25,1" doraHai="94" who="3" fromWho="3" sc="246,-7,188,-7,302,-7,264,21" /><INIT seed="3,3,0,2,0,120" ten="239,181,295,285" oya="3" hai0="125,67,10,36,116,133,3,112,95,87,58,85,34" hai1="37,23,123,24,70,121,22,128,72,55,83,60,4" hai2="19,80,101,47,111,1,17,18,99,39,63,41,29" hai3="42,8,50,31,57,89,135,90,68,93,98,52,66"/><W20/><G135/><T124/><D133/><U6/><E37/><V44/><F1/><W35/><G35/><T45/><D34/><U114/><E114/><V75/><F29/><W48/><G68/><T11/><D112/><U102/><E102/><V134/><F134/><W94/><G66/><T51/><D36/><U118/><E23/><V129/><F129/><W9/><G42/><T38/><D38/><U88/><E72/><V122/><F47/><W130/><G130/><T78/><D116/><U84/><E128/><V53/><F122/><W131/><G131/><T16/><D3/><U71/><E118/><V92/><F75/><W119/><G48/><T104/><D104/><U0/><E71/><V54/><F80/><W33/><G33/><T13/><D11/><U132/><E132/><V27/><F27/><N who="3" m="16871" /><G119/><T21/><D10/><U127/><E0/><V81/><F81/><W28/><G28/><T14/><D14/><U73/><E73/><V115/><F115/><W74/><G74/><T107/><D107/><U26/><E26/><V49/><F39/><W79/><G79/><T65/><D78/><U106/><E106/><V64/><F41/><W56/><G56/><T5/><D5/><N who="1" m="2155" /><E70/><V77/><F77/><W126/><G126/><N who="0" m="48747" /><D58/><N who="1" m="34911" /><E127/><V40/><F64/><N who="0" m="24650" /><D95/><U110/><E123/><V103/><F101/><W100/><G100/><T109/><D51/><U46/><E121/><V59/><REACH who="2" step="1"/><F40/><REACH who="2" ten="239,181,285,285" step="2"/><W62/><G50/><T91/><D45/><U25/><E46/><V69/><F69/><W61/><G61/><T113/><D113/><U12/><E25/><V105/><F105/><RYUUKYOKU ba="3,1" sc="239,-15,181,-15,285,15,285,15" hai2="17,18,19,44,49,53,54,59,63,92,99,103,111" hai3="8,9,52,57,62,89,90,93,94,98" /><INIT seed="3,4,1,0,3,99" ten="224,166,300,300" oya="3" hai0="93,120,100,64,63,21,47,133,27,1,6,75,14" hai1="18,17,54,55,102,83,84,101,5,45,110,86,134" hai2="60,114,104,19,92,36,52,67,20,53,91,73,130" hai3="126,123,116,128,25,41,2,106,105,42,108,4,7"/><W88/><G116/><T9/><D75/><U78/><E134/><V132/><F36/><W58/><G123/><T117/><D133/><U115/><E110/><V28/><F114/><W22/><G108/><T76/><D76/><U23/><E5/><V90/><F73/><W31/><G126/><T44/><D1/><U87/><E115/><V56/><F104/><W38/><G128/><T65/><D117/><U26/><E17/><V95/><F130/><W103/><G58/><N who="0" m="36983" /><D65/><U127/><E127/><V80/><F28/><W109/><G109/><T33/><D33/><U77/><E45/><V135/><F132/><W68/><G68/><T3/><D3/><U0/><E0/><V89/><F80/><W16/><G31/><N who="0" m="17903" /><D120/><U46/><E78/><V96/><F135/><W40/><G38/><T119/><D119/><U71/><E71/><V85/><REACH who="2" step="1"/><F89/><REACH who="2" ten="224,166,290,300" step="2"/><W51/><G2/><T49/><D49/><U66/><E83/><V112/><F112/><W8/><G51/><T59/><D59/><U48/><E77/><V129/><F129/><W15/><G88/><T70/><D70/><U12/><E48/><V30/><F30/><W124/><G124/><T69/><D69/><U37/><E37/><V118/><F118/><W43/><G106/><T50/><D50/><U72/><E72/><V10/><F10/><W62/><G40/><T82/><D82/><U13/><E46/><V81/><F81/><W107/><G107/><T11/><D11/><U125/><E125/><V131/><F131/><W74/><G74/><T111/><D111/><U98/><E23/><V121/><F121/><RYUUKYOKU ba="4,2" sc="224,15,166,-15,290,15,300,-15" hai0="6,9,14,44,47,93,100" hai2="19,20,52,53,56,60,67,85,90,91,92,95,96" /><INIT seed="4,5,2,3,0,7" ten="239,151,305,285" oya="0" hai0="130,94,80,125,52,74,82,69,68,16,135,4,18" hai1="114,21,51,71,48,64,127,32,46,112,20,44,132" hai2="108,66,72,43,133,41,12,102,106,27,99,59,93" hai3="53,19,34,119,36,113,14,121,83,100,88,28,77"/><T92/><D125/><U37/><E32/><V85/><F72/><W47/><G119/><T24/><D4/><U45/><E127/><V118/><F108/><W97/><G113/><N who="1" m="43626" /><E37/><V104/><F104/><W31/><G34/><T129/><D24/><U58/><E132/><V62/><F133/><W105/><G121/><T39/><D135/><U131/><E131/><N who="0" m="50185" /><D39/><U30/><E71/><N who="0" m="27209" /><D52/><N who="1" m="32031" /><E64/><V128/><F118/><W2/><G2/><T122/><D122/><U116/><E116/><V123/><F123/><W107/><G36/><T120/><D120/><U35/><E48/><V55/><F27/><AGARI ba="5,2" hai="20,21,27,30,35,44,45,46" m="32031,43626" machi="27" ten="30,3900,0" yaku="15,1,11,1,54,1" doraHai="7" who="1" fromWho="2" sc="239,0,151,74,305,-54,285,0" /><INIT seed="5,0,0,2,0,65" ten="239,225,251,285" oya="1" hai0="101,73,105,50,12,86,19,69,125,44,39,80,37" hai1="93,66,59,32,78,56,83,34,84,46,18,67,20" hai2="124,130,15,120,36,96,76,41,31,7,14,28,35" hai3="72,122,102,128,116,97,13,135,63,6,92,58,62"/><U89/><E46/><V134/><F120/><W70/><G122/><T126/><D73/><U111/><E111/><V49/><F36/><W121/><G121/><T10/><D101/><U127/><E127/><N who="0" m="48649" /><D105/><U94/><E94/><V95/><F134/><W51/><G135/><T54/><D69/><U114/><E114/><V108/><F130/><W25/><G128/><T42/><D42/><U4/><E4/><V100/><F76/><AGARI ba="0,0" hai="10,12,19,37,39,44,50,54,76,80,86" m="48649" machi="76" ten="30,1000,0" yaku="18,1" doraHai="65" who="0" fromWho="2" sc="239,10,225,0,251,-10,285,0" /><INIT seed="6,0,0,4,0,123" ten="249,225,241,285" oya="2" hai0="26,15,98,43,40,113,33,51,73,55,72,39,9" hai1="4,124,11,34,28,127,58,53,122,133,128,36,16" hai2="89,81,63,0,114,111,70,132,52,96,24,76,82" hai3="91,83,2,13,97,100,92,77,85,60,1,130,19"/><V121/><F121/><W3/><G130/><T99/><D113/><U6/><E36/><V18/><F0/><W117/><G117/><T94/><D73/><U112/><E122/><V75/><F114/><W90/><REACH who="3" step="1"/><G60/><REACH who="3" ten="249,225,241,275" step="2"/><T8/><D39/><U48/><E128/><V118/><F118/><W22/><AGARI ba="0,1" hai="1,2,3,13,19,22,77,83,85,90,91,92,97,100" machi="22" ten="30,7900,0" yaku="1,1,2,1,0,1,53,1" doraHai="123" doraHaiUra="95" who="3" fromWho="3" sc="249,-20,225,-20,241,-39,275,89" /><INIT seed="7,0,0,1,4,26" ten="229,205,202,364" oya="3" hai0="36,94,58,88,4,66,62,113,97,19,33,114,103" hai1="71,86,12,99,47,24,127,18,82,118,41,57,55" hai2="15,53,60,52,102,115,23,16,125,7,73,92,134" hai3="122,120,28,50,65,11,130,110,68,3,123,78,64"/><W76/><G130/><T124/><D36/><U45/><E71/><V49/><F73/><W119/><G119/><T39/><D39/><U109/><E109/><V25/><F134/><W72/><G110/><T6/><D33/><U98/><E24/><V51/><F125/><W0/><G28/><T30/><D30/><U48/><E127/><V104/><F104/><W56/><G68/><T42/><D42/><U132/><E132/><V95/><F115/><N who="0" m="44042" /><D124/><U43/><E118/><V79/><F79/><W2/><G72/><T81/><D19/><U85/><E43/><V100/><F60/><W10/><G50/><N who="2" m="18953" /><F7/><W121/><G121/><T27/><D27/><U34/><E34/><V22/><F95/><W83/><G56/><T89/><D81/><U112/><E112/><V106/><F106/><W31/><G83/><T46/><D46/><N who="1" m="17419" /><E41/><V69/><F69/><W63/><G31/><T40/><D40/><U29/><E29/><N who="2" m="17591" /><F92/><W93/><G93/><T17/><D17/><U44/><N who="1" m="17427" /><U38/><DORA hai="126" /><E38/><V61/><F61/><W108/><G63/><T117/><D117/><U90/><E86/><V8/><F8/><AGARI ba="0,0" hai="8,12,18,48,55,57,82,85,90,98,99" m="17427" machi="8" ten="30,1000,0" yaku="8,1" doraHai="26,126" who="1" fromWho="2" sc="229,0,205,10,202,-10,364,0" owari="229,3.0,215,-18.0,192,-31.0,364,46.0" /></mjloggm>