<mjloggm ver="2.3"><GO type="225" lobby="0"/><UN n0="%E3%83%88%E3%83%88%E3%83%AA%E5%85%88%E7%94%9F%31%39%E6%AD%B3" n1="%E5%8E%A8%E8%B5%B0" n2="%6C%65%74%69%74%62%65" n3="%E3%81%A4%E3%81%8B%E3%82%93%E3%81%BD%E3%81%8F%E3%82%93" dan="18,17,16,16" rate="2281.07,2150.97,2111.58,2122.71" sx="F,M,F,M"/><TAIKYOKU oya="0"/><INIT seed="0,0,0,5,2,54" ten="250,250,250,250" oya="0" hai0="110,79,123,28,120,108,20,102,92,111,11,135,106" hai1="91,133,19,126,134,18,90,59,114,51,0,112,129" hai2="31,25,63,6,78,81,8,39,33,44,74,117,22" hai3="15,103,71,24,127,119,58,130,46,124,5,43,35"/><T128/><D106/><U132/><E0/><V50/><F117/><W88/><G119/><T52/><D128/><U94/><E129/><V125/><F125/><N who="3" m="48203" /><G71/><T80/><D135/><U23/><E126/><V82/><F82/><W122/><G130/><T12/><D20/><U3/><E3/><V115/><F115/><N who="1" m="44073" /><E94/><V75/><F22/><W107/><G122/><T32/><D28/><U26/><E18/><V77/><F77/><W87/><G35/><T60/><D32/><U100/><E100/><V16/><F39/><N who="3" m="21887" /><G24/><T10/><D92/><U14/><E14/><V131/><F131/><W47/><G47/><T84/><D102/><U96/><E96/><V99/><F99/><N who="3" m="61951" /><G15/><T118/><D118/><U55/><AGARI ba="0,0" hai="19,23,26,51,55,59,90,91,132,133,134" m="44073" machi="55" ten="40,5200,0" yaku="20,1,11,1,52,1" doraHai="54" who="1" fromWho="1" sc="250,-26,250,52,250,-13,250,-13" /><INIT seed="1,0,0,0,5,26" ten="224,302,237,237" oya="1" hai0="17,20,105,94,101,4,58,73,90,67,79,100,6" hai1="51,83,54,32,22,69,3,37,71,122,120,108,78" hai2="62,128,8,48,77,11,41,35,112,57,63,135,126" hai3="70,23,121,61,114,97,109,33,115,107,86,9,103"/><U84/><E32/><V123/><F123/><W49/><G121/><T31/><D73/><U91/><E3/><V46/><F126/><W12/><G23/><T106/><D79/><U131/><E37/><V21/><F35/><W75/><G75/><T98/><D106/><U129/><E22/><V24/><F135/><W65/><G109/><T127/><D127/><U104/><E104/><V92/><F128/><N who="1" m="49225" /><E108/><V55/><F112/><W119/><G119/><T5/><D105/><U30/><E30/><N who="2" m="17679" /><F77/><W43/><G86/><T42/><D42/><U111/><E111/><V19/><F92/><W64/><G64/><T89/><D101/><U116/><E116/><V14/><F62/><W56/><G33/><T95/><D31/><U81/><E120/><V15/><F15/><W117/><G117/><T88/><D95/><U66/><E66/><V53/><F41/><W10/><G10/><AGARI ba="0,0" hai="8,10,11,14,19,46,48,53,55,57,63" m="17679" machi="10" ten="30,2000,0" yaku="8,1,52,1" doraHai="26" who="2" fromWho="3" sc="224,0,302,0,237,20,237,-20" /><INIT seed="2,0,0,0,0,74" ten="224,302,257,217" oya="2" hai0="68,20,48,33,47,24,111,53,0,65,102,16,99" hai1="85,43,87,86,41,83,115,113,39,23,82,49,72" hai2="129,122,77,29,8,124,25,37,7,73,132,44,131" hai3="80,112,9,14,60,97,10,38,120,35,66,71,69"/><V27/><F122/><W117/><G120/><T30/><D111/><U109/><E39/><V6/><F124/><W15/><G38/><T103/><D0/><U114/><E109/><V110/><F110/><W19/><G35/><T63/><REACH who="0" step="1"/><D99/><REACH who="0" ten="214,302,257,217" step="2"/><U34/><E115/><V18/><F131/><W104/><G112/><T2/><D2/><U28/><E114/><V26/><F129/><W50/><G117/><T1/><D1/><U58/><E113/><V59/><F132/><W76/><G97/><T101/><D101/><U91/><E34/><V67/><F29/><W21/><G104/><T121/><D121/><U75/><E91/><V78/><F18/><W119/><G119/><T130/><D130/><U92/><E28/><V5/><F6/><W64/><G19/><T4/><D4/><U106/><E106/><V116/><F5/><W36/><G36/><T12/><AGARI ba="0,1" hai="12,16,20,24,30,33,47,48,53,63,65,68,102,103" machi="12" ten="20,8000,1" yaku="1,1,0,1,7,1,54,1,53,1" doraHai="74" doraHaiUra="11" who="0" fromWho="0" sc="214,90,302,-20,257,-40,217,-20" /><INIT seed="3,0,0,3,5,129" ten="304,282,217,197" oya="3" hai0="14,20,5,63,30,23,110,124,91,43,42,125,71" hai1="73,118,29,34,37,38,97,67,87,2,113,33,111" hai2="96,18,100,44,31,62,128,53,106,66,22,108,121" hai3="3,70,59,40,54,131,104,10,117,36,79,75,11"/><W1/><G117/><T78/><D110/><U82/><E113/><V7/><F108/><W90/><G104/><T72/><D91/><U114/><E114/><V99/><F128/><W46/><G131/><T107/><D107/><U89/><E111/><V16/><F121/><W13/><G70/><T4/><D78/><U35/><E2/><V94/><F7/><W19/><G90/><T122/><D72/><U61/><E118/><V85/><F85/><W15/><G79/><T76/><D76/><U65/><E73/><V52/><F31/><W68/><G68/><T51/><D71/><U93/><E29/><V47/><F44/><W119/><G119/><T56/><D122/><U77/><REACH who="1" step="1"/><E67/><REACH who="1" ten="304,272,217,197" step="2"/><V21/><F66/><W0/><G75/><T109/><D30/><U25/><E25/><V105/><F105/><W116/><G116/><T86/><D109/><U69/><AGARI ba="0,1" hai="33,34,35,37,38,61,65,69,77,82,87,89,93,97" machi="69" ten="30,4000,0" yaku="1,1,0,1,53,1" doraHai="129" doraHaiUra="84" who="1" fromWho="1" sc="304,-10,272,50,217,-10,197,-20" owari="294,9.0,322,42.0,207,-19.0,177,-32.0" /></mjloggm>