<mjloggm ver="2.3"><GO type="169" lobby="0"/><UN n0="%68%72%6B%69%6E%67" n1="%E3%82%A6%E3%83%AB%E3%83%88%E3%83%A9%E7%AB%8B%E7%9B%B4" n2="%6B%6F%6B%75%73%68%69%61" n3="%62%75%2D%62%75%2D" dan="17,18,16,16" rate="2162.41,2210.94,2040.66,2051.64" sx="M,M,M,M"/><TAIKYOKU oya="0"/><INIT seed="0,0,0,5,3,113" ten="250,250,250,250" oya="0" hai0="127,31,110,75,126,20,37,119,1,67,88,24,48" hai1="47,30,112,2,16,26,101,66,81,77,72,0,128" hai2="105,38,45,14,21,61,82,85,116,104,42,135,49" hai3="44,39,60,124,6,36,64,108,15,19,18,122,86"/><T91/><D37/><U46/><E112/><V56/><F135/><W134/><G134/><T98/><D75/><U58/><E128/><V10/><F38/><W28/><G108/><T109/><D1/><U84/><E101/><V80/><F21/><W78/><G122/><T79/><D79/><U27/><E72/><V97/><F116/><W62/><G28/><T53/><D67/><U93/><E93/><V69/><F69/><W100/><G100/><T132/><D132/><U57/><E2/><V12/><F82/><W13/><G6/><T106/><D119/><U125/><E0/><V71/><F71/><W118/><G118/><T59/><D106/><U25/><E125/><N who="0" m="47625" /><D98/><U73/><E73/><V17/><F14/><W76/><G86/><T51/><D51/><U111/><E111/><AGARI ba="0,0" hai="20,24,31,48,53,59,88,91,109,110,111" m="47625" machi="111" ten="30,11600,0" yaku="14,1,10,1,18,1,54,1" doraHai="113" who="0" fromWho="1" sc="250,116,250,-116,250,0,250,0" /><INIT seed="0,1,0,2,1,26" ten="366,134,250,250" oya="0" hai0="9,52,99,85,36,51,45,24,2,44,33,64,31" hai1="135,72,93,47,92,123,77,126,17,39,84,63,66" hai2="62,28,132,42,69,27,95,48,74,87,83,113,49" hai3="101,75,98,12,6,11,18,67,40,14,108,117,81"/><T30/><D64/><U106/><E123/><V79/><F113/><W65/><G108/><T7/><D99/><U58/><E126/><V125/><F125/><W120/><G117/><T60/><D60/><U121/><E135/><V119/><F119/><W41/><G120/><T73/><D73/><U131/><E106/><V55/><F42/><W109/><G109/><T5/><D5/><U71/><E131/><V43/><F132/><W107/><G41/><T38/><D44/><U133/><E133/><V4/><F4/><W88/><G40/><T19/><D19/><U82/><E121/><V104/><F104/><W50/><G50/><T57/><D45/><U68/><E17/><V112/><F112/><W124/><G124/><T130/><D130/><U0/><E0/><V1/><F1/><W3/><G3/><T32/><D85/><U128/><E128/><V34/><F43/><W76/><G88/><T10/><D9/><AGARI ba="1,0" hai="6,9,11,12,14,18,65,67,75,76,81,98,101,107" machi="9" ten="30,1000,0" yaku="7,1" doraHai="26" who="3" fromWho="0" sc="366,-13,134,0,250,0,250,13" /><INIT seed="1,0,0,0,5,83" ten="353,134,250,263" oya="1" hai0="68,2,75,77,126,117,131,122,99,24,36,53,28" hai1="43,6,121,71,52,7,31,48,109,82,41,55,94" hai2="40,9,96,10,67,88,14,84,105,92,51,63,80" hai3="135,97,37,123,108,21,90,120,20,104,93,44,125"/><U42/><E71/><V128/><F105/><W13/><G135/><T112/><RYUUKYOKU type="yao9" ba="0,0" sc="353,0,134,0,250,0,263,0" hai0="2,24,28,36,53,68,75,77,99,112,117,122,126,131" /><INIT seed="1,1,0,2,1,134" ten="353,134,250,263" oya="1" hai0="42,68,133,109,3,9,104,10,118,48,128,8,126" hai1="17,96,107,11,98,129,49,12,0,71,86,57,40" hai2="32,44,29,85,116,47,37,25,45,94,20,91,105" hai3="101,127,31,106,7,52,50,60,130,13,87,97,131"/><U58/><E129/><V120/><F116/><W53/><G31/><T78/><D3/><U115/><E115/><V110/><F105/><W38/><G38/><T15/><D104/><U4/><E71/><V36/><F120/><W24/><G24/><T84/><D133/><U100/><E96/><V103/><F103/><W63/><G87/><T77/><D68/><U125/><E86/><V27/><REACH who="2" step="1"/><F110/><REACH who="2" ten="353,134,240,263" step="2"/><W122/><G122/><T132/><D109/><U1/><E107/><V108/><F108/><W74/><G131/><T119/><D128/><U95/><E0/><V88/><F88/><W80/><G130/><T46/><D132/><U2/><E2/><V75/><F75/><W14/><G74/><T92/><D119/><U23/><REACH who="1" step="1"/><E125/><REACH who="1" ten="353,124,240,263" step="2"/><V34/><F34/><W54/><G127/><T64/><D118/><U123/><E123/><V70/><F70/><W61/><G97/><T16/><D126/><U66/><E66/><V117/><F117/><W26/><G106/><T67/><D78/><U90/><E90/><V28/><AGARI ba="1,2" hai="20,25,27,28,29,32,36,37,44,45,47,85,91,94" machi="28" ten="30,4000,0" yaku="1,1,0,1,53,1" doraHai="134" doraHaiUra="19" who="2" fromWho="2" sc="353,-11,124,-21,240,63,263,-11" /><INIT seed="2,0,0,2,0,59" ten="342,103,303,252" oya="2" hai0="90,17,44,97,58,82,25,99,20,64,93,7,49" hai1="27,104,86,16,66,11,83,75,91,115,135,111,37" hai2="42,3,132,101,23,118,30,125,45,13,68,31,4" hai3="92,79,48,112,94,85,121,113,102,28,105,69,71"/><V127/><F118/><W103/><G121/><T128/><D128/><U6/><E115/><N who="3" m="44106" /><G28/><T29/><D7/><U88/><E111/><V84/><F132/><W73/><G73/><T1/><D1/><U41/><E135/><V120/><F120/><W74/><G74/><T36/><D36/><U32/><E104/><V100/><F68/><N who="3" m="26187" /><G48/><T60/><D82/><U55/><E66/><V56/><F3/><W78/><G85/><T39/><D39/><U53/><E75/><V63/><F84/><W119/><G105/><T106/><D106/><U12/><E91/><V81/><F81/><W50/><G50/><T21/><D90/><U126/><E126/><N who="2" m="48139" /><F4/><W8/><G8/><T9/><D9/><U26/><E32/><V38/><F13/><W52/><G52/><N who="1" m="20042" /><E37/><V40/><F40/><W15/><G15/><N who="0" m="9279" /><D93/><N who="3" m="35945" /><G119/><T43/><AGARI ba="0,0" hai="21,25,29,43,44,49,58,60,64,97,99" m="9279" machi="43" ten="30,2000,0" yaku="8,1,52,1" doraHai="59" who="0" fromWho="0" sc="342,20,103,-5,303,-10,252,-5" /><INIT seed="3,0,0,5,1,11" ten="362,98,293,247" oya="3" hai0="7,48,94,58,43,19,69,118,41,131,133,95,55" hai1="102,119,60,63,88,49,132,104,79,30,124,73,81" hai2="14,61,74,54,127,78,22,51,89,18,34,129,15" hai3="91,25,33,96,50,109,57,64,44,5,23,120,31"/><W93/><G120/><T10/><D69/><U84/><E119/><V1/><F1/><W134/><G134/><T116/><D133/><U130/><E132/><V29/><F127/><W26/><G5/><T115/><D115/><U53/><E124/><V16/><F129/><W20/><G109/><T8/><D131/><U83/><E130/><V107/><F107/><W66/><G57/><T75/><D75/><U112/><E112/><V108/><F108/><W99/><G33/><T76/><D76/><U103/><E30/><V70/><F34/><W105/><G105/><T9/><D118/><U17/><E17/><V86/><F74/><W2/><G2/><T37/><D116/><U28/><E28/><V90/><F29/><N who="3" m="17575" /><G99/><T101/><D37/><U121/><E121/><V113/><F113/><W0/><G0/><T24/><D7/><U68/><E104/><V123/><F61/><W125/><G125/><T98/><D94/><U47/><REACH who="1" step="1"/><E60/><REACH who="1" ten="362,88,293,247" step="2"/><V59/><F123/><W56/><G56/><T117/><D117/><U38/><E38/><V80/><REACH who="2" step="1"/><F70/><REACH who="2" ten="362,88,283,247" step="2"/><W111/><G111/><T32/><D32/><U13/><E13/><V85/><F85/><W126/><G126/><T46/><D58/><U82/><E82/><V67/><F67/><AGARI ba="0,2" hai="47,49,53,63,67,68,73,79,81,83,84,88,102,103" machi="67" ten="40,2600,0" yaku="1,1,54,1,53,0" doraHai="11" doraHaiUra="35" who="1" fromWho="2" sc="362,0,88,46,283,-26,247,0" /><INIT seed="4,0,0,3,2,54" ten="362,134,257,247" oya="0" hai0="73,24,87,25,61,34,126,101,64,56,103,16,33" hai1="98,5,39,47,13,23,2,71,36,35,120,67,59" hai2="29,42,134,66,128,88,14,127,100,77,113,40,110" hai3="60,1,89,0,30,95,132,133,43,99,55,117,82"/><T116/><D73/><U131/><E120/><V104/><F110/><W63/><G117/><T83/><D116/><U107/><E131/><V20/><F128/><W121/><G121/><T84/><D126/><U48/><E35/><V57/><F127/><W122/><G122/><T94/><D34/><U53/><E2/><V96/><F77/><W86/><G43/><T90/><D33/><U119/><E119/><V4/><F113/><W28/><G1/><T8/><D25/><U123/><E123/><V15/><F134/><N who="3" m="51819" /><G0/><T125/><D125/><U112/><E112/><V26/><F88/><N who="3" m="55783" /><G55/><T111/><D111/><U44/><E107/><V81/><F81/><W69/><G69/><T72/><D72/><U10/><E98/><V78/><F78/><W109/><G109/><T62/><D62/><AGARI ba="0,0" hai="28,30,60,62,63,82,86,89" m="55783,51819" machi="62" ten="30,2000,0" yaku="20,1,54,1" doraHai="54" who="3" fromWho="0" sc="362,-20,134,0,257,0,247,20" /><INIT seed="5,0,0,3,1,132" ten="342,134,257,267" oya="1" hai0="50,52,90,12,13,128,95,49,126,23,8,133,3" hai1="61,34,6,77,93,130,111,0,39,123,114,135,112" hai2="19,21,28,117,74,1,9,45,108,7,5,91,37" hai3="79,46,101,70,89,75,131,115,27,87,68,22,88"/><U72/><RYUUKYOKU type="yao9" ba="0,0" sc="342,0,134,0,257,0,267,0" hai1="0,6,34,39,61,72,77,93,111,112,114,123,130,135" /><INIT seed="5,1,0,0,4,61" ten="342,134,257,267" oya="1" hai0="95,37,58,43,31,68,105,122,99,82,109,80,64" hai1="85,4,5,8,36,46,13,113,18,97,56,42,41" hai2="51,73,0,125,70,53,78,17,23,86,71,101,121" hai3="52,3,104,19,135,47,94,126,74,65,116,114,54"/><U111/><E113/><V93/><F121/><W112/><G104/><T32/><D109/><U35/><E111/><V90/><F0/><W115/><G116/><T24/><D122/><U2/><E35/><V96/><F125/><W117/><G126/><T44/><D58/><U69/><E69/><V77/><F71/><W81/><G117/><T131/><D95/><U72/><E72/><V21/><F70/><W98/><G3/><T102/><D131/><U29/><E29/><V67/><F67/><W108/><G108/><T107/><D107/><U91/><E97/><V75/><F75/><W15/><G65/><T103/><D103/><U120/><E120/><V20/><F17/><W119/><G135/><T127/><D127/><U34/><E34/><V28/><F28/><W1/><G1/><T16/><D16/><U76/><E76/><V63/><F63/><AGARI ba="1,0" hai="24,31,32,37,43,44,63,64,68,80,82,99,102,105" machi="63" ten="40,5200,0" yaku="25,2,52,1" doraHai="61" who="0" fromWho="2" sc="342,55,134,0,257,-55,267,0" /><INIT seed="6,0,0,4,4,128" ten="397,134,202,267" oya="2" hai0="0,11,76,119,17,21,9,58,113,47,55,77,5" hai1="88,60,98,117,107,86,133,35,74,15,91,101,124" hai2="93,22,122,102,38,42,39,16,103,97,120,68,59" hai3="23,114,34,105,32,115,37,36,104,1,125,28,65"/><V4/><F68/><W20/><G65/><T51/><D113/><N who="3" m="43017" /><G125/><T56/><D119/><U82/><E35/><N who="3" m="13354" /><G28/><T121/><D121/><U64/><E117/><V44/><F38/><N who="3" m="14955" /><G1/><T127/><D127/><U25/><E124/><V14/><F103/><W85/><G85/><T108/><D108/><U53/><E25/><V30/><F30/><W116/><G116/><T52/><D11/><U57/><E15/><V129/><F129/><W43/><G43/><T71/><D71/><U132/><E74/><V69/><F69/><W61/><G61/><T19/><D19/><U27/><E27/><V24/><REACH who="2" step="1"/><F59/><REACH who="2" ten="397,134,192,267" step="2"/><W118/><G118/><T12/><D58/><U62/><REACH who="1" step="1"/><E91/><REACH who="1" ten="397,124,192,267" step="2"/><V126/><F126/><W29/><G29/><T109/><D109/><U100/><E100/><V123/><F123/><W49/><G49/><AGARI ba="0,2" hai="0,5,9,12,17,21,47,49,51,52,55,56,76,77" machi="49" ten="30,2000,0" yaku="7,1,54,1" doraHai="128" who="0" fromWho="3" sc="397,40,124,0,192,0,267,-20" /><INIT seed="7,0,0,0,0,5" ten="437,124,192,247" oya="3" hai0="61,26,108,109,44,20,99,32,24,42,95,84,64" hai1="83,17,55,1,128,9,56,124,60,107,75,2,70" hai2="110,87,79,51,105,88,89,85,11,46,13,69,76" hai3="80,123,73,130,94,116,133,50,65,12,135,97,4"/><W120/><G116/><T38/><D84/><U119/><E119/><V41/><F69/><W74/><G130/><T129/><D129/><U43/><E128/><V98/><F110/><W40/><G65/><T66/><D64/><U35/><E124/><V104/><F104/><W91/><G50/><T37/><D37/><U45/><E107/><V6/><F105/><W125/><G12/><T103/><D32/><U102/><E102/><V36/><F36/><W90/><G4/><T115/><D115/><U126/><E126/><V18/><F18/><W131/><G40/><T68/><D26/><U77/><E35/><V78/><F98/><W67/><G67/><T58/><D68/><U30/><E30/><AGARI ba="0,0" hai="20,24,30,38,42,44,58,61,66,95,99,103,108,109" machi="30" ten="30,3900,0" yaku="7,1,25,2" doraHai="5" who="0" fromWho="1" sc="437,39,124,-39,192,0,247,0" owari="476,57.0,85,-41.0,192,-21.0,247,5.0" /></mjloggm>