<mjloggm ver="2.3"><GO type="41" lobby="0"/><UN n0="%44%75%67%61%74" n1="%E5%B0%B1%E6%B4%BB%E7%94%9F%40%E5%B7%9D%E6%9D%91%E8%BB%8D%E5%9B%A3" n2="%43%6C%61%6C%61%45%58" n3="%6B%6F%74%61%70%72%6F" dan="13,15,14,15" rate="1825.23,2016.51,1871.71,1930.21" sx="M,M,M,M"/><TAIKYOKU oya="0"/><INIT seed="0,0,0,2,3,27" ten="250,250,250,250" oya="0" hai0="119,96,14,133,86,83,49,112,8,79,123,31,115" hai1="20,4,48,95,74,50,62,7,105,135,15,59,109" hai2="13,73,125,130,104,38,75,124,3,90,37,51,58" hai3="2,85,84,71,61,21,41,126,42,70,91,116,108"/><T57/><D119/><U87/><E105/><V81/><F3/><W113/><G113/><T98/><D133/><U66/><E74/><V9/><F104/><W127/><G2/><T24/><D123/><U131/><E131/><V76/><F130/><W88/><G21/><T60/><D115/><U40/><E109/><V65/><F75/><W16/><G61/><T18/><D49/><U107/><E107/><V34/><F34/><W45/><G45/><T29/><D112/><U33/><E33/><V30/><F90/><W102/><G102/><T52/><D24/><U32/><E32/><V68/><F68/><W25/><G25/><T111/><D111/><U117/><E117/><V128/><F128/><W10/><G10/><T93/><D96/><U53/><E48/><V129/><F129/><W47/><G47/><T72/><D72/><U103/><E40/><V64/><F64/><W12/><G12/><T121/><D121/><U78/><E103/><AGARI ba="0,0" hai="8,14,18,29,31,52,57,60,79,83,86,93,98,103" machi="103" ten="30,12000,1" yaku="7,1,8,1,52,2,54,1" doraHai="27" who="0" fromWho="1" sc="250,120,250,-120,250,0,250,0" /><INIT seed="0,1,0,5,3,128" ten="370,130,250,250" oya="0" hai0="60,133,93,103,4,63,0,43,13,77,73,35,112" hai1="88,2,50,90,113,58,25,31,10,120,84,32,51" hai2="79,40,123,24,118,108,3,26,53,127,52,30,45" hai3="76,122,86,46,97,124,21,134,18,71,19,39,104"/><T135/><D112/><U74/><E120/><V75/><F118/><W96/><G71/><T81/><D35/><U11/><E74/><V109/><F123/><W95/><G122/><T102/><D0/><U126/><E113/><V16/><F3/><W55/><G104/><T47/><D102/><U110/><E110/><N who="2" m="42603" /><F75/><W61/><G124/><T72/><D72/><U34/><E126/><V111/><N who="2" m="42611" /><V89/><DORA hai="106" /><F79/><W37/><G61/><T125/><D93/><U100/><E100/><V85/><F127/><W54/><G95/><T17/><D4/><U91/><E84/><V48/><F30/><W116/><G21/><T87/><D87/><U14/><E32/><V56/><F56/><W28/><G28/><T92/><D92/><U23/><E58/><V101/><F101/><W20/><G20/><N who="0" m="11311" /><D103/><U105/><E105/><V36/><F36/><W130/><G86/><T22/><D22/><U65/><E65/><V82/><F26/><W129/><G76/><T8/><D8/><U66/><E66/><V29/><F29/><W1/><G1/><T59/><D125/><U67/><E67/><V131/><F131/><W117/><G46/><T64/><D60/><U98/><E98/><V12/><F24/><W33/><G33/><T7/><D7/><N who="1" m="1527" /><E10/><AGARI ba="1,0" hai="10,12,16,40,45,48,52,53,82,85,89" m="42611" machi="10" ten="40,5200,0" yaku="14,1,54,2" doraHai="128,106" who="2" fromWho="1" sc="370,0,130,-55,250,55,250,0" /><INIT seed="1,0,0,5,3,53" ten="370,75,305,250" oya="1" hai0="40,67,1,36,29,92,64,52,86,98,74,20,51" hai1="96,5,0,47,44,132,2,108,17,60,35,62,107" hai2="135,134,118,75,71,54,14,113,103,30,31,122,24" hai3="78,8,91,59,128,76,32,12,133,99,65,73,85"/><U49/><E35/><V105/><F118/><W42/><G32/><T100/><D74/><U43/><E132/><N who="2" m="50731" /><F122/><W89/><G133/><T114/><D1/><U27/><E108/><V37/><F37/><W115/><G115/><T111/><D111/><U69/><E47/><V57/><F71/><W18/><G73/><T55/><D36/><U94/><E107/><V68/><F68/><W102/><G42/><T61/><D86/><U39/><E39/><V88/><F75/><W19/><G19/><T119/><D114/><U79/><E79/><V23/><F113/><W45/><G45/><T104/><D104/><U124/><E124/><V9/><F103/><W26/><G26/><T56/><D119/><U11/><E0/><V3/><F105/><W41/><G41/><T117/><D40/><U16/><E69/><V101/><F101/><W6/><G91/><T66/><D66/><U120/><E120/><V63/><F3/><W7/><G78/><T33/><D33/><U127/><E127/><V4/><F31/><W58/><G65/><T112/><D112/><U123/><E123/><V34/><F34/><W125/><G76/><T50/><D117/><U28/><E28/><V93/><F93/><N who="3" m="58735" /><G125/><T130/><D67/><U129/><E129/><V95/><F95/><N who="3" m="54703" /><G128/><T116/><D130/><U77/><E77/><V46/><F46/><W48/><G48/><N who="0" m="18475" /><D116/><U15/><E27/><AGARI ba="0,0" hai="20,27,29,52,55,56,61,64,92,98,100" m="18475" machi="27" ten="30,7700,0" yaku="25,1,8,1,52,1,54,1" doraHai="53" who="0" fromWho="1" sc="370,77,75,-77,305,0,250,0" owari="447,54.0,-2,-50.0,305,11.0,250,-15.0" /></mjloggm>