<mjloggm ver="2.3"><GO type="97" lobby="0"/><UN n0="%43%61%70%44%75%63%61%6C" n1="%E3%83%88%E3%83%88%E3%83%AA%E5%85%88%E7%94%9F%31%39%E6%AD%B3" n2="%E6%AB%9B%E6%A3%AE" n3="%75%72%61%64%6F%72%61" dan="15,15,13,13" rate="1970.03,2047.01,1905.72,1881.85" sx="M,F,F,M"/><TAIKYOKU oya="0"/><INIT seed="0,0,0,0,1,102" ten="250,250,250,250" oya="0" hai0="127,12,130,4,34,24,132,119,15,91,83,89,36" hai1="101,27,5,81,92,82,124,25,103,123,6,86,69" hai2="48,41,110,61,128,2,120,19,32,100,51,59,72" hai3="108,106,133,30,57,26,111,50,17,58,44,94,3"/><T104/><D119/><U8/><E123/><V1/><F120/><W29/><G3/><T10/><D132/><U62/><E124/><V131/><F72/><W37/><G37/><T20/><D127/><U87/><E69/><V97/><F32/><W16/><G133/><T39/><D130/><N who="2" m="49706" /><F19/><W65/><G94/><T116/><D116/><U112/><E112/><V98/><F110/><N who="3" m="42027" /><G106/><T78/><D104/><U75/><E75/><V67/><F98/><W45/><G65/><T74/><D34/><U43/><E92/><V23/><F23/><N who="3" m="13671" /><G17/><T47/><D15/><U134/><E134/><V49/><F41/><N who="3" m="24847" /><G45/><T114/><D114/><U33/><E33/><V52/><F67/><W60/><G58/><T14/><D14/><U70/><E70/><V35/><F35/><W135/><G135/><T66/><D66/><U96/><E43/><V109/><F109/><W84/><G84/><T22/><D22/><U118/><E118/><V76/><F76/><W73/><G73/><T53/><D39/><U46/><E46/><V40/><F40/><W9/><G9/><T11/><D11/><U18/><E8/><V88/><F88/><W0/><G0/><T80/><D80/><U125/><E18/><V55/><F55/><W64/><AGARI ba="0,0" hai="29,30,57,60,64" m="24847,13671,42027" machi="64" ten="30,2000,0" yaku="14,1,54,1" doraHai="102" who="3" fromWho="3" sc="250,-10,250,-5,250,-5,250,20" /><INIT seed="1,0,0,2,0,62" ten="240,245,245,270" oya="1" hai0="113,74,126,24,53,95,77,54,103,76,85,89,108" hai1="2,116,110,41,55,4,120,36,78,80,30,111,10" hai2="88,40,28,82,86,32,112,105,48,124,90,133,13" hai3="19,135,125,117,25,66,7,35,8,51,75,98,96"/><U64/><E116/><V122/><F122/><W63/><G75/><T69/><D113/><U3/><E120/><V44/><F105/><W15/><G117/><T129/><D108/><N who="1" m="41515" /><E55/><V83/><F112/><W33/><G135/><T104/><D126/><U47/><E30/><V59/><F133/><W52/><G125/><T20/><D129/><U87/><E64/><V70/><F70/><W34/><G7/><T119/><D119/><U71/><E71/><V49/><F124/><W94/><G25/><T106/><D69/><U84/><E3/><V132/><F132/><W79/><G79/><T91/><D74/><AGARI ba="0,0" hai="2,4,10,36,41,47,74,78,80,84,87" m="41515" machi="74" ten="30,5800,0" yaku="25,1,14,1,10,1" doraHai="62" who="1" fromWho="0" sc="240,-58,245,58,245,0,270,0" /><INIT seed="1,1,0,5,2,133" ten="182,303,245,270" oya="1" hai0="64,50,2,107,36,119,10,79,48,131,6,134,66" hai1="61,53,59,73,115,120,105,101,55,72,28,23,130" hai2="97,9,102,132,122,70,4,21,99,43,52,26,110" hai3="22,104,18,12,62,90,11,69,129,65,92,117,24"/><U17/><E115/><V118/><F118/><W45/><G104/><T20/><D134/><U75/><E120/><V13/><F122/><W81/><G129/><T121/><D131/><U103/><E130/><V0/><F70/><W95/><G117/><T108/><D121/><U114/><E114/><V77/><F132/><W35/><G45/><T37/><D119/><U47/><E28/><V68/><F68/><W128/><G128/><T94/><D108/><U58/><E47/><V125/><F110/><W1/><G81/><T67/><D107/><U39/><E39/><V30/><F43/><W3/><G35/><T7/><D79/><U60/><REACH who="1" step="1"/><E105/><REACH who="1" ten="182,293,245,270" step="2"/><V56/><F125/><W32/><G32/><T41/><D41/><U34/><E34/><V31/><F31/><W25/><G25/><AGARI ba="1,1" hai="17,23,25,53,55,58,59,60,61,72,73,75,101,103" machi="25" ten="40,3900,0" yaku="1,1,9,1,53,0" doraHai="133" doraHaiUra="80" who="1" fromWho="3" sc="182,0,293,52,245,0,270,-42" /><INIT seed="1,2,0,5,4,4" ten="182,345,245,228" oya="1" hai0="113,63,40,37,78,134,130,99,101,75,5,54,114" hai1="6,21,0,91,12,124,79,97,3,44,46,131,16" hai2="92,56,83,1,29,119,23,127,82,48,35,109,41" hai3="53,77,13,36,55,67,18,62,51,68,117,86,115"/><U14/><E131/><V7/><F119/><W30/><G115/><T133/><D130/><U11/><E124/><V2/><F35/><W31/><G117/><T76/><D5/><U27/><E79/><V123/><F123/><W22/><G36/><T73/><D37/><U15/><E3/><V38/><F38/><W8/><G55/><T60/><D40/><U43/><E43/><V28/><F127/><W57/><G22/><T81/><D54/><U110/><E110/><V100/><F109/><W126/><REACH who="3" step="1"/><G126/><REACH who="3" ten="182,345,245,218" step="2"/><T70/><D60/><U90/><E46/><N who="2" m="25679" /><F23/><W87/><G87/><T65/><D114/><U26/><E44/><V121/><F121/><W120/><G120/><T32/><D113/><U94/><E0/><V17/><F1/><W129/><G129/><T33/><D134/><U45/><E45/><V49/><F2/><W103/><G103/><T116/><D133/><U122/><E122/><V10/><F100/><W66/><G66/><T50/><D50/><U20/><E90/><V132/><F132/><W98/><G98/><T52/><D52/><U9/><E6/><V25/><F49/><W93/><G93/><T85/><D85/><U128/><E128/><V135/><F92/><W64/><G64/><T74/><D116/><U39/><E39/><V61/><F135/><W89/><G89/><T80/><D73/><U71/><E91/><V47/><F83/><AGARI ba="2,1" hai="8,13,18,30,31,51,53,57,62,67,68,77,83,86" machi="83" ten="40,2600,0" yaku="1,1,52,1,53,0" doraHai="4" doraHaiUra="111" who="3" fromWho="2" sc="182,0,345,0,245,-32,218,42" /><INIT seed="2,0,0,1,2,102" ten="182,345,213,260" oya="2" hai0="69,22,48,89,47,6,63,50,87,135,78,49,109" hai1="94,73,77,113,21,74,128,20,133,118,90,37,106" hai2="130,117,15,61,53,33,126,119,67,52,101,123,19" hai3="1,124,62,25,122,115,54,99,31,95,111,91,41"/><V28/><F123/><W80/><G122/><T9/><D109/><U85/><E37/><V71/><F130/><W112/><G111/><T43/><D135/><U14/><E113/><N who="3" m="43594" /><G1/><T44/><D22/><U64/><E118/><V100/><F126/><W98/><G41/><T8/><D78/><U132/><E128/><V66/><F66/><W10/><G10/><T104/><D104/><U12/><E106/><V103/><F28/><W26/><G124/><T82/><D9/><U96/><E64/><V76/><F76/><W88/><G80/><T72/><D72/><N who="1" m="27755" /><E14/><V36/><F36/><W40/><G40/><T105/><D105/><U42/><E42/><V114/><F33/><N who="3" m="20719" /><G26/><T51/><D69/><U70/><E70/><V116/><REACH who="2" step="1"/><F114/><REACH who="2" ten="182,345,203,260" step="2"/><W13/><G13/><T92/><D47/><U11/><E77/><V120/><F120/><W29/><G29/><T5/><D5/><U57/><E12/><V17/><F17/><W56/><G99/><T27/><D6/><U110/><E96/><V79/><F79/><W38/><G38/><T68/><D27/><U58/><E110/><V83/><F83/><W121/><G121/><T93/><D8/><AGARI ba="0,1" hai="8,15,19,52,53,61,67,71,100,101,103,116,117,119" machi="8" ten="50,4800,0" yaku="1,1,54,1,53,0" doraHai="102" doraHaiUra="18" who="2" fromWho="0" sc="182,-48,345,0,203,58,260,0" /><INIT seed="2,1,0,0,0,67" ten="134,345,261,260" oya="2" hai0="39,73,29,81,93,85,37,13,63,5,53,36,45" hai1="84,99,123,9,92,124,64,48,40,15,133,12,54" hai2="107,110,18,130,118,41,22,79,106,122,105,34,7" hai3="14,101,113,71,24,74,59,25,35,4,128,127,47"/><V82/><F118/><W78/><G128/><T100/><D29/><U102/><E133/><V23/><F34/><W89/><G127/><T69/><D73/><U61/><E124/><V31/><F122/><W112/><G101/><T119/><D119/><U2/><E123/><V80/><F130/><W76/><G89/><T98/><D5/><U66/><E40/><V8/><F110/><W88/><G88/><T86/><D13/><U26/><E84/><V121/><F121/><W56/><G47/><T70/><D86/><U103/><E103/><V49/><F31/><W91/><G91/><T90/><REACH who="0" step="1"/><D63/><REACH who="0" ten="124,345,261,260" step="2"/><U33/><E61/><V10/><F7/><W38/><G4/><T17/><D17/><U97/><E12/><V116/><F18/><W134/><G14/><T108/><D108/><U62/><E15/><V114/><F116/><W28/><G25/><T65/><D65/><U117/><E64/><V6/><F6/><W30/><G30/><T27/><D27/><U3/><E117/><V32/><F32/><W57/><G134/><T0/><D0/><U75/><E75/><V46/><F114/><N who="3" m="44139" /><G74/><T52/><D52/><U50/><E26/><V11/><REACH who="2" step="1"/><F79/><REACH who="2" ten="124,345,251,260" step="2"/><N who="3" m="30251" /><G38/><T68/><D68/><AGARI ba="1,2" hai="24,28,35,56,57,59,68,71" m="30251,44139" machi="68" ten="40,5200,0" yaku="11,1,52,2" doraHai="67" who="3" fromWho="0" sc="124,-55,345,0,251,0,260,75" /><INIT seed="3,0,0,1,0,119" ten="69,345,251,335" oya="3" hai0="95,7,20,59,92,11,68,65,12,57,105,40,128" hai1="29,74,73,75,135,131,37,113,6,5,66,123,23" hai2="100,43,58,13,116,45,102,125,63,70,79,121,120" hai3="54,134,28,83,34,124,89,88,50,42,111,112,87"/><W24/><G134/><T16/><D128/><U110/><E123/><N who="2" m="47179" /><F116/><W10/><G112/><T53/><D105/><U18/><E113/><V31/><F70/><W106/><G106/><T84/><D40/><U30/><E37/><N who="2" m="21743" /><F125/><W64/><G124/><T80/><D68/><U55/><E66/><N who="2" m="39287" /><F79/><W0/><G64/><T81/><D65/><U94/><E131/><V62/><F62/><W22/><G42/><T38/><D38/><U114/><E114/><V48/><F48/><W126/><G126/><T67/><D67/><U26/><E135/><V109/><F109/><W44/><G111/><T14/><D59/><U35/><E110/><V2/><F2/><W46/><G46/><T99/><D84/><U9/><E73/><V133/><F133/><W107/><G107/><T32/><D32/><U103/><E35/><V17/><F31/><W122/><G34/><T72/><D72/><U61/><E30/><V69/><F69/><W1/><G122/><T27/><D95/><U118/><E118/><V104/><F104/><W71/><G71/><T130/><D130/><U41/><E41/><V78/><F78/><W15/><G89/><T132/><D132/><U96/><E74/><V8/><AGARI ba="0,0" hai="8,13,17,100,102" m="39287,21743,47179" machi="8" ten="30,7900,0" yaku="13,1,52,3" doraHai="119" who="2" fromWho="2" sc="69,-20,345,-20,251,79,335,-39" owari="49,-45.0,325,13.0,330,42.0,296,-10.0" /></mjloggm>