<mjloggm ver="2.3"><GO type="225" lobby="0"/><UN n0="%E3%83%88%E3%83%88%E3%83%AA%E5%85%88%E7%94%9F%31%39%E6%AD%B3" n1="%68%61%6E%65%31%35%30%30" n2="%E3%81%BE%E3%81%95%E3%82%8B%E3%81%95%E3%82%93%E3%80%82%E3%80%82" n3="%6E%61%6B%61%6A%75%75%6E" dan="17,16,16,17" rate="2199.18,2143.28,2071.84,2191.04" sx="F,M,M,M"/><TAIKYOKU oya="0"/><INIT seed="0,0,0,1,0,128" ten="250,250,250,250" oya="0" hai0="103,39,32,36,104,120,64,81,24,84,7,8,87" hai1="79,80,130,102,62,72,54,126,26,53,1,101,60" hai2="100,55,43,14,115,132,124,65,45,90,27,52,75" hai3="119,112,16,38,35,127,61,71,110,134,74,4,11"/><T12/><D120/><U66/><E1/><V118/><F124/><W30/><RYUUKYOKU type="yao9" ba="0,0" sc="250,0,250,0,250,0,250,0" hai3="4,11,16,30,35,38,61,71,74,110,112,119,127,134" /><INIT seed="0,1,0,5,0,12" ten="250,250,250,250" oya="0" hai0="75,113,85,47,125,31,2,102,66,99,118,105,28" hai1="49,124,95,103,130,80,44,100,1,129,106,84,112" hai2="59,81,51,79,60,27,120,93,37,119,32,78,62" hai3="22,114,71,56,24,132,54,91,98,19,116,97,88"/><T110/><D113/><U72/><E1/><V45/><F120/><W82/><G114/><T11/><D118/><U48/><E112/><V9/><F37/><W30/><G71/><T50/><D75/><U25/><E124/><V36/><F36/><W69/><G69/><T111/><D125/><U89/><E49/><V68/><F68/><W64/><G64/><T77/><D66/><U94/><E25/><V74/><F78/><W131/><G131/><N who="1" m="50186" /><E106/><V63/><F119/><W90/><G132/><T107/><D107/><U5/><E5/><V38/><F38/><W10/><G116/><T121/><D121/><U8/><E8/><V3/><F9/><W67/><G67/><T86/><D11/><U76/><E95/><V52/><F3/><W35/><G82/><N who="0" m="47311" /><D86/><U40/><AGARI ba="1,0" hai="40,44,48,72,76,80,84,89,94,100,103" m="50186" machi="40" ten="30,1100,0" yaku="19,1" doraHai="12" who="1" fromWho="1" sc="250,-6,250,14,250,-4,250,-4" /><INIT seed="1,0,0,5,2,101" ten="244,264,246,246" oya="1" hai0="36,37,47,90,18,26,115,46,95,12,49,89,117" hai1="65,33,42,132,84,23,116,105,15,121,21,27,64" hai2="68,128,108,98,53,127,7,2,16,133,28,8,58" hai3="100,125,71,35,78,69,126,103,44,81,29,51,129"/><U11/><E116/><V110/><F127/><N who="3" m="48651" /><G129/><T85/><D117/><U67/><E121/><V63/><F133/><W25/><G71/><T24/><D115/><U91/><E132/><V40/><F128/><W96/><G69/><T54/><D37/><U130/><E130/><V34/><F68/><W70/><G70/><T19/><D36/><U131/><E131/><V106/><F40/><N who="3" m="24967" /><G96/><T60/><D46/><U1/><E42/><V87/><F87/><AGARI ba="0,0" hai="25,29,35,78,81,87,100,103" m="24967,48651" machi="87" ten="30,1000,0" yaku="18,1" doraHai="101" who="3" fromWho="2" sc="244,0,264,0,246,-10,246,10" /><INIT seed="2,0,0,5,3,41" ten="244,264,236,256" oya="2" hai0="91,135,10,130,54,96,45,35,83,52,100,43,12" hai1="73,6,5,33,97,118,105,42,31,53,113,16,65" hai2="126,44,127,87,39,26,124,49,30,48,74,57,132" hai3="90,18,3,36,2,37,62,117,40,104,108,122,32"/><V56/><F132/><W67/><G90/><T79/><D35/><U121/><E73/><V111/><F111/><W61/><G18/><T129/><D91/><U46/><E53/><N who="2" m="29831" /><F39/><N who="3" m="14923" /><G40/><T59/><D135/><U21/><E118/><V116/><F116/><W93/><G93/><N who="0" m="58383" /><D59/><N who="2" m="22602" /><F49/><W7/><G117/><T4/><D129/><U69/><E33/><N who="2" m="20695" /><F74/><W47/><G62/><T128/><D128/><U133/><E31/><V107/><F107/><W76/><G47/><T134/><D130/><U77/><E77/><V103/><F103/><W125/><G108/><T85/><D134/><U64/><E133/><V23/><F23/><W34/><G76/><T66/><D66/><U82/><E82/><V84/><AGARI ba="0,0" hai="84,87,124,126,127" m="20695,22602,29831" machi="84" ten="40,3900,0" yaku="18,1,52,1" doraHai="41" who="2" fromWho="2" sc="244,-13,264,-13,236,39,256,-13" /><INIT seed="2,1,0,0,3,93" ten="231,251,275,243" oya="2" hai0="8,49,10,102,59,76,112,27,29,96,109,12,87" hai1="39,19,25,51,13,42,14,20,64,120,106,121,47" hai2="84,17,69,72,77,126,125,24,21,68,58,43,56" hai3="46,97,57,128,70,5,67,44,65,71,130,6,105"/><V38/><F72/><W92/><G105/><T80/><D112/><U36/><E64/><N who="3" m="24650" /><G57/><N who="2" m="22121" /><F43/><W111/><G111/><T85/><D109/><U33/><E106/><V66/><F38/><N who="1" m="14377" /><E33/><V4/><F4/><N who="3" m="1643" /><G92/><N who="0" m="58631" /><D12/><U52/><E42/><V41/><F41/><W11/><G11/><N who="0" m="4139" /><D87/><U0/><E0/><V123/><F123/><AGARI ba="1,0" hai="13,14,19,20,25,47,51,52,120,121,123" m="14377" machi="123" ten="30,2000,0" yaku="13,1,54,1" doraHai="93" who="1" fromWho="2" sc="231,0,251,23,275,-23,243,0" /><INIT seed="3,0,0,2,2,134" ten="231,274,252,243" oya="3" hai0="43,98,30,63,80,68,117,131,109,127,16,121,44" hai1="0,49,96,60,91,45,120,26,95,122,18,75,52" hai2="135,116,24,25,28,125,12,113,59,53,7,48,88" hai3="118,58,40,73,5,86,9,119,39,104,64,47,50"/><W61/><G104/><T34/><D117/><U57/><E75/><V87/><F125/><W15/><G73/><T92/><D121/><U128/><E0/><V124/><F124/><W20/><G20/><T133/><D127/><U130/><E122/><V21/><F135/><W32/><G32/><T111/><D133/><U27/><E120/><V4/><F116/><W70/><G86/><T11/><D131/><N who="1" m="50219" /><E18/><V76/><F113/><W97/><G97/><T129/><D129/><U69/><E69/><V132/><F132/><W85/><G85/><T41/><D80/><U82/><E82/><V35/><F12/><W22/><G22/><T78/><D78/><U31/><E31/><V115/><F76/><W114/><G114/><T89/><D30/><U37/><E37/><V103/><F103/><W2/><G2/><T65/><D34/><U10/><E10/><V90/><F115/><W1/><G1/><T36/><REACH who="0" step="1"/><D43/><AGARI ba="0,0" hai="26,27,43,45,49,52,57,60,91,95,96" m="50219" machi="43" ten="30,2000,0" yaku="19,1,54,1" doraHai="134" who="1" fromWho="0" sc="231,-20,274,20,252,0,243,0" /><INIT seed="4,0,0,4,5,39" ten="211,294,252,243" oya="0" hai0="104,45,75,57,76,54,19,86,99,28,114,8,26" hai1="88,123,47,52,93,23,59,67,34,38,24,85,33" hai2="113,126,116,98,5,58,64,78,44,14,92,43,22" hai3="9,13,124,61,3,82,107,122,111,51,6,95,27"/><T133/><D75/><U112/><E123/><V87/><F113/><W96/><G107/><T37/><D114/><U102/><E112/><V109/><F126/><W106/><G106/><T53/><D133/><U2/><E2/><V21/><F109/><W56/><G111/><T11/><D19/><U94/><E67/><V63/><F116/><W101/><G124/><T31/><D31/><U71/><E71/><V118/><F118/><W69/><G69/><T4/><D76/><U55/><E55/><V17/><F5/><W89/><G122/><T100/><D86/><U66/><E66/><V35/><F35/><W25/><G3/><T117/><D117/><U15/><E47/><V125/><F125/><W120/><G51/><T127/><D127/><U29/><E38/><V135/><F135/><W16/><G6/><T65/><D65/><U18/><E102/><V105/><F105/><W74/><G120/><T108/><D108/><U119/><E119/><V60/><F60/><W128/><G128/><T62/><D4/><U129/><E129/><V1/><F1/><W77/><G101/><T103/><D103/><U72/><E72/><V20/><F87/><W36/><G36/><T70/><D70/><U73/><E73/><V81/><F81/><W42/><G42/><N who="0" m="22735" /><D53/><AGARI ba="0,0" hai="9,13,16,25,27,53,56,61,74,77,82,89,95,96" machi="53" ten="30,2000,0" yaku="7,1,54,1" doraHai="39" who="3" fromWho="0" sc="211,-20,294,0,252,0,243,20" /><INIT seed="5,0,0,1,0,82" ten="191,294,252,263" oya="1" hai0="129,55,112,57,8,111,47,76,124,58,131,105,87" hai1="65,73,31,51,1,85,53,84,99,69,10,17,49" hai2="125,104,29,115,94,16,44,42,120,25,67,130,92" hai3="133,56,46,39,98,20,89,126,83,90,34,77,13"/><U70/><E73/><V19/><F125/><W41/><G34/><T117/><D105/><U60/><E70/><V71/><F130/><N who="0" m="49674" /><D111/><U113/><E31/><V128/><F115/><W30/><G133/><T0/><D117/><U66/><E113/><V135/><F135/><W80/><G126/><T118/><D118/><U97/><E1/><V36/><F120/><W108/><G108/><T2/><D112/><U121/><E121/><V43/><F104/><W75/><G56/><N who="0" m="21611" /><D124/><U7/><E7/><V9/><F43/><W22/><G30/><T15/><D55/><U35/><E35/><V26/><F128/><W6/><G98/><N who="1" m="37386" /><E69/><V28/><F67/><N who="1" m="25609" /><E60/><V4/><F71/><W63/><G63/><T37/><D76/><U109/><E109/><V91/><F28/><W81/><G77/><T5/><D87/><N who="1" m="33355" /><E53/><V12/><F29/><W132/><G75/><T122/><D122/><U95/><E95/><V33/><F92/><W27/><G132/><T38/><D38/><U93/><E93/><V3/><F33/><W11/><G39/><T21/><D21/><U40/><E40/><AGARI ba="0,0" hai="0,2,5,8,15,37,40,47" m="21611,49674" machi="40" ten="30,1000,0" yaku="19,1" doraHai="82" who="0" fromWho="1" sc="191,10,294,-10,252,0,263,0" /><INIT seed="6,0,0,4,1,107" ten="201,284,252,263" oya="2" hai0="29,64,84,16,22,1,133,73,47,118,111,21,43" hai1="20,92,17,72,62,126,27,2,135,51,101,52,48" hai2="67,132,106,10,19,28,87,115,63,45,91,49,74" hai3="93,121,6,83,37,128,4,7,54,46,55,90,102"/><V113/><F132/><W119/><G119/><T13/><D111/><U82/><E2/><V26/><F74/><W50/><G121/><T94/><D1/><U11/><E135/><V8/><F106/><W42/><G128/><T80/><D133/><U70/><E70/><V60/><F19/><W15/><G15/><T59/><D118/><U127/><E11/><N who="2" m="4139" /><F67/><W58/><G102/><T130/><D130/><U3/><E3/><V68/><F68/><W114/><G114/><N who="2" m="43529" /><F91/><W25/><G25/><T76/><D94/><U61/><E92/><V98/><F87/><W134/><G134/><T5/><D5/><U69/><E101/><V41/><F98/><W32/><G32/><AGARI ba="0,0" hai="26,28,32,41,45,49,60,63" m="43529,4139" machi="32" ten="30,1500,0" yaku="15,1" doraHai="107" who="2" fromWho="3" sc="201,0,284,0,252,15,263,-15" /><INIT seed="6,1,0,2,2,111" ten="201,284,267,248" oya="2" hai0="22,65,104,101,124,113,130,17,112,51,95,42,116" hai1="114,50,43,69,38,63,37,40,45,11,6,89,49" hai2="52,14,127,46,33,133,8,30,128,29,15,100,78" hai3="18,76,16,1,132,25,47,91,20,64,56,72,68"/><V134/><F127/><W13/><G1/><T85/><D124/><U102/><E102/><V44/><F128/><W55/><G132/><N who="2" m="50793" /><F100/><W32/><G32/><T35/><D35/><U109/><E109/><V24/><F30/><W77/><G72/><T120/><D130/><U26/><E26/><V62/><F15/><W106/><G106/><T73/><D73/><U129/><E129/><V61/><F78/><W71/><G71/><T110/><D110/><U9/><E89/><V115/><F115/><N who="0" m="44106" /><D120/><U126/><E126/><V60/><F52/><W93/><G47/><N who="0" m="26103" /><D116/><U58/><E114/><V107/><F107/><W81/><G81/><T87/><D104/><U118/><E118/><V94/><F94/><W123/><G123/><T21/><D65/><U2/><E43/><V75/><F75/><W3/><G64/><T96/><D22/><U0/><E38/><V67/><F67/><W27/><G20/><T83/><D83/><U5/><E69/><V4/><AGARI ba="1,0" hai="4,8,14,24,29,33,44,46,60,61,62" m="50793" machi="4" ten="30,1500,0" yaku="20,1" doraHai="111" who="2" fromWho="2" sc="201,-6,284,-6,267,18,248,-6" /><INIT seed="6,2,0,1,2,78" ten="195,278,285,242" oya="2" hai0="58,104,118,99,76,30,39,100,130,93,6,92,60" hai1="121,113,123,31,47,128,51,124,102,32,62,16,45" hai2="74,73,24,38,8,105,77,5,61,64,12,106,34" hai3="109,41,135,19,117,25,26,103,18,95,54,37,43"/><V112/><F112/><W96/><G117/><T56/><D39/><U122/><E113/><V84/><F84/><W87/><G109/><T63/><D118/><U97/><E124/><V50/><F50/><W33/><G135/><T20/><D130/><U10/><E128/><V15/><F15/><W68/><G68/><T49/><D6/><U67/><E51/><V71/><F38/><W40/><G37/><T108/><D108/><U81/><E81/><N who="2" m="45231" /><F74/><W94/><G54/><T110/><D110/><U48/><E48/><V1/><F12/><W42/><N who="3" m="10240" /><DORA hai="107" /><W125/><G125/><T75/><D49/><U11/><E11/><V134/><F134/><W59/><G59/><T120/><D120/><U55/><E55/><V114/><F114/><W44/><G44/><T3/><D3/><U85/><E85/><V0/><F0/><W83/><G95/><T129/><D129/><U115/><E115/><V132/><F132/><W89/><G33/><T127/><D127/><U28/><E32/><V131/><F131/><W9/><G9/><T27/><D58/><N who="1" m="37335" /><E47/><V17/><F17/><AGARI ba="2,0" hai="17,18,19,25,26,83,87,89,94,96,103" m="10240" machi="17" ten="50,3200,0" yaku="8,1,52,1" doraHai="78,107" who="3" fromWho="2" sc="195,0,278,0,285,-38,242,38" /><INIT seed="7,0,0,0,4,74" ten="195,278,247,280" oya="3" hai0="29,9,130,13,133,55,5,23,31,70,116,61,39" hai1="4,82,120,44,32,96,3,62,77,34,59,122,17" hai2="88,35,106,112,134,7,78,102,117,68,66,128,75" hai3="111,6,2,91,33,58,71,60,104,80,125,28,72"/><W64/><G104/><T115/><D116/><U0/><E17/><V12/><F112/><W123/><G123/><N who="1" m="47146" /><E59/><V54/><F128/><W99/><G125/><T48/><D39/><U93/><E93/><V108/><F134/><W11/><G58/><T98/><D133/><U92/><E92/><V76/><F117/><W38/><G91/><T107/><D130/><U21/><E21/><V53/><F108/><W103/><G111/><T30/><D115/><U16/><E16/><V15/><F35/><N who="1" m="13353" /><E96/><V25/><F25/><N who="3" m="18575" /><G38/><T101/><D70/><U114/><E114/><V40/><F40/><W129/><G129/><T105/><D61/><U97/><E97/><V10/><F102/><W27/><G27/><T85/><D107/><U63/><E44/><V73/><F106/><N who="3" m="63871" /><G80/><T86/><REACH who="0" step="1"/><D23/><REACH who="0" ten="185,278,247,280" step="2"/><U119/><E119/><V100/><F68/><W51/><G51/><T43/><D43/><U94/><E63/><V95/><F66/><W89/><G60/><T69/><D69/><U124/><E62/><V57/><F54/><W20/><G20/><T36/><D36/><U109/><E109/><V121/><F53/><W110/><G71/><T126/><D126/><U42/><E42/><V46/><F121/><W26/><G64/><T45/><AGARI ba="0,1" hai="5,9,13,29,30,31,45,48,55,85,86,98,101,105" machi="45" ten="30,8000,1" yaku="1,1,0,1,53,3" doraHai="74" doraHaiUra="24" who="0" fromWho="0" sc="185,90,278,-20,247,-20,280,-40" owari="275,37.0,258,6.0,227,-27.0,240,-16.0" /></mjloggm>