<mjloggm ver="2.3"><GO type="97" lobby="0"/><UN n0="%E5%B0%B1%E6%B4%BB%E7%94%9F%40%E5%B7%9D%E6%9D%91%E8%BB%8D%E5%9B%A3" n1="%E6%9F%B3%E3%81%AB%E7%95%AA%E5%82%98" n2="%E5%8B%87%E8%80%85%E3%81%9F%E3%81%8B%E3%82%86%E3%82%86" n3="%6C%6F%61%74%68%69%6E%67" dan="15,16,13,14" rate="1940.06,1979.56,1880.97,1924.01" sx="M,M,M,M"/><TAIKYOKU oya="0"/><INIT seed="0,0,0,3,5,70" ten="250,250,250,250" oya="0" hai0="41,16,42,27,111,14,85,92,87,9,134,13,112" hai1="88,128,113,11,84,86,35,125,12,19,130,83,22" hai2="57,120,69,101,31,50,124,105,90,68,0,18,28" hai3="107,126,104,96,129,72,5,24,60,56,119,118,33"/><T51/><D112/><U67/><E113/><V23/><F0/><W17/><G72/><T79/><D134/><U108/><E35/><V30/><F120/><W62/><G129/><T75/><D75/><U1/><E108/><V32/><F32/><W48/><G126/><T2/><D2/><U100/><E100/><V74/><F74/><W99/><G5/><N who="0" m="3247" /><D111/><U114/><E114/><V7/><F7/><W55/><G33/><T46/><D27/><U123/><E123/><V73/><F73/><W94/><G24/><T49/><D79/><U102/><E1/><V115/><F115/><W121/><G17/><T98/><D49/><U89/><E125/><V64/><F124/><W25/><G25/><T132/><D42/><U39/><E39/><V8/><F8/><W29/><G121/><T21/><D132/><U43/><E43/><V131/><F131/><W59/><G48/><T81/><D81/><U20/><E128/><V58/><F50/><W127/><G127/><T47/><D47/><U45/><E45/><V37/><F37/><W106/><G29/><T78/><D78/><U77/><E77/><V40/><F40/><W93/><G106/><T109/><D109/><U117/><E130/><V26/><F105/><W76/><G76/><T97/><D97/><U63/><E117/><V15/><F31/><W44/><G44/><T61/><D61/><U110/><E110/><V91/><F30/><W36/><G36/><T103/><AGARI ba="0,0" hai="14,16,21,41,46,51,85,87,92,98,103" m="3247" machi="103" ten="30,3000,0" yaku="8,1,54,1" doraHai="70" who="0" fromWho="0" sc="250,30,250,-10,250,-10,250,-10" /><INIT seed="0,1,0,2,2,130" ten="280,240,240,240" oya="0" hai0="116,102,128,59,125,23,109,104,5,27,72,81,69" hai1="83,134,36,97,103,24,80,10,75,35,135,54,46" hai2="43,78,32,92,50,76,105,127,11,3,85,114,48" hai3="133,89,26,132,65,93,53,20,120,25,17,110,107"/><T99/><D116/><U101/><E10/><V63/><F32/><W113/><G107/><T74/><D128/><U49/><E36/><V38/><F105/><W52/><G113/><T7/><D69/><U37/><E37/><V94/><F38/><W42/><G110/><T14/><D125/><U67/><E67/><V126/><F114/><W39/><G120/><T71/><D71/><U131/><E131/><V70/><F70/><W18/><G65/><T84/><D109/><U51/><E51/><V108/><F11/><W119/><G119/><T62/><D72/><U106/><E101/><V9/><F9/><W73/><G73/><T22/><D74/><U98/><E98/><V77/><F108/><W33/><G42/><T34/><D34/><U57/><E57/><V0/><F63/><W121/><G39/><T111/><D111/><U8/><E8/><V29/><F29/><N who="3" m="19631" /><G17/><T12/><D23/><U129/><E129/><V2/><F43/><W60/><G60/><T19/><D12/><U91/><E91/><V122/><F122/><W96/><G121/><T64/><REACH who="0" step="1"/><D27/><REACH who="0" ten="270,240,240,240" step="2"/><U31/><REACH who="1" step="1"/><E75/><REACH who="1" ten="270,230,240,240" step="2"/><V21/><F126/><W44/><G44/><T55/><D55/><U82/><AGARI ba="1,2" hai="24,31,35,46,49,54,80,82,83,97,103,106,134,135" machi="82" ten="30,8000,1" yaku="1,1,2,1,0,1,52,2,53,0" doraHai="130" doraHaiUra="15" who="1" fromWho="1" sc="270,-41,230,103,240,-21,240,-21" /><INIT seed="1,0,0,2,0,38" ten="229,333,219,219" oya="1" hai0="1,15,105,45,133,8,134,129,46,106,109,44,4" hai1="29,83,76,97,64,39,27,68,119,99,16,91,17" hai2="43,115,48,102,26,132,51,125,25,103,120,18,110" hai3="58,20,101,108,70,130,67,23,131,124,65,82,31"/><U69/><E119/><V33/><F120/><W89/><G108/><T14/><D129/><N who="3" m="49161" /><G124/><T34/><D109/><U11/><E39/><V61/><F110/><W77/><G101/><T10/><D34/><U60/><E69/><V96/><F125/><W24/><G89/><T86/><D86/><U13/><E17/><V100/><F96/><W122/><G122/><T2/><D46/><U81/><E91/><V126/><F132/><W9/><G9/><T40/><REACH who="0" step="1"/><D4/><REACH who="0" ten="219,333,219,219" step="2"/><U3/><E3/><V85/><F126/><W50/><G70/><T104/><D104/><U62/><E68/><V28/><F85/><N who="3" m="48335" /><G20/><T98/><D98/><U71/><E97/><V72/><F72/><W21/><G23/><T35/><D35/><U94/><E71/><V90/><F33/><W112/><G112/><T59/><D59/><U57/><E57/><V41/><F115/><W63/><G50/><T12/><D12/><U116/><E13/><V87/><F51/><W107/><G107/><T117/><D117/><U66/><E116/><V36/><F48/><W0/><G0/><T73/><D73/><U37/><E99/><V135/><F36/><W6/><G6/><T52/><D52/><AGARI ba="0,1" hai="21,24,31,52,58,63,65,67" m="48335,49161" machi="52" ten="30,2000,0" yaku="19,1,54,1" doraHai="38" who="3" fromWho="0" sc="219,-20,333,0,219,0,219,30" /><INIT seed="2,0,0,5,2,69" ten="199,333,219,249" oya="2" hai0="114,17,70,51,106,62,7,50,122,5,116,34,102" hai1="81,120,73,20,87,33,44,28,92,109,2,19,95" hai2="52,10,42,107,36,8,105,91,41,30,16,56,112" hai3="75,47,4,119,1,113,115,128,76,27,104,24,63"/><V0/><F112/><N who="3" m="43083" /><G119/><T78/><D122/><U86/><E86/><V11/><F30/><W90/><G104/><T53/><D114/><U65/><E2/><V9/><F0/><W26/><G128/><T83/><D116/><U131/><E65/><V129/><F129/><W97/><G63/><T54/><D34/><U59/><E59/><V134/><F134/><W74/><G47/><T100/><D106/><U68/><E44/><V6/><F91/><W22/><G22/><T40/><D70/><U13/><E68/><V125/><F125/><W89/><G76/><T45/><D62/><U38/><E33/><V21/><F6/><W23/><G23/><T15/><D40/><U101/><E28/><V35/><F35/><W132/><G132/><T130/><D130/><U118/><E20/><V126/><F126/><W94/><G90/><T14/><D83/><U88/><E81/><V60/><F41/><W117/><G117/><T3/><D3/><U66/><E101/><V71/><F71/><W77/><G77/><T80/><D80/><U67/><E120/><V103/><F103/><W37/><G37/><T46/><REACH who="0" step="1"/><D17/><REACH who="0" ten="189,333,219,249" step="2"/><U82/><E19/><V58/><F42/><W111/><G1/><T32/><D32/><U127/><E131/><V64/><F36/><W98/><G111/><T84/><D84/><N who="1" m="50199" /><E38/><V31/><F31/><W12/><G75/><T49/><D49/><U108/><E73/><V133/><F133/><W96/><G74/><T110/><D110/><U135/><E109/><V48/><N who="2" m="2048" /><DORA hai="55" /><V79/><F79/><AGARI ba="0,1" hai="5,7,14,15,45,46,50,51,53,54,78,79,100,102" machi="79" ten="25,6400,0" yaku="1,1,22,2,8,1,53,0" doraHai="69,55" doraHaiUra="61,39" who="0" fromWho="2" sc="189,74,333,0,219,-64,249,0" /><INIT seed="3,0,0,1,0,55" ten="263,333,155,249" oya="3" hai0="129,60,80,70,38,71,20,69,48,31,119,58,53" hai1="51,30,94,134,24,101,110,32,9,61,65,122,45" hai2="115,104,39,118,85,133,1,131,27,82,64,68,121" hai3="117,57,78,44,19,109,112,113,40,102,114,41,0"/><W87/><G0/><T108/><D119/><U13/><E122/><V75/><F85/><W125/><G117/><T74/><D108/><U132/><E110/><V135/><F82/><W35/><G35/><T29/><D129/><U90/><E101/><V34/><F64/><W100/><G109/><T62/><D38/><U126/><E126/><V96/><F96/><W54/><G125/><T107/><D107/><U6/><E61/><V42/><F27/><W26/><G78/><T33/><D33/><U15/><E65/><V28/><F28/><W111/><G111/><T73/><D80/><U89/><E13/><V49/><F42/><W91/><G19/><T116/><D116/><U11/><E11/><V7/><F7/><W106/><G26/><T36/><D36/><U77/><E77/><V59/><F49/><W37/><G40/><T23/><D31/><U130/><E130/><V95/><F118/><W67/><G67/><T50/><D29/><U25/><E25/><V5/><F131/><W43/><G43/><T103/><D103/><U128/><E128/><V105/><F121/><W12/><G12/><T4/><D4/><U14/><E14/><V98/><F105/><W18/><G18/><T123/><D123/><U81/><E15/><V8/><F104/><W92/><REACH who="3" step="1"/><G106/><REACH who="3" ten="263,333,155,239" step="2"/><T72/><D23/><N who="1" m="15647" /><E6/><V56/><F34/><W46/><G46/><T66/><REACH who="0" step="1"/><D20/><REACH who="0" ten="253,333,155,239" step="2"/><U47/><E32/><V88/><F1/><W79/><G79/><T83/><D83/><U86/><E81/><V2/><F2/><W120/><G120/><T93/><D93/><U17/><E94/><RYUUKYOKU ba="0,2" sc="253,15,333,-15,155,-15,239,15" hai0="48,50,53,58,60,62,66,69,70,71,72,73,74" hai3="37,41,44,54,57,87,91,92,100,102,112,113,114" /><INIT seed="3,1,2,5,5,125" ten="268,318,140,254" oya="3" hai0="73,96,116,108,99,15,110,84,85,35,53,69,117" hai1="111,18,62,52,41,93,25,4,51,88,31,17,134" hai2="135,63,74,94,95,7,113,105,54,97,65,82,44" hai3="12,80,11,22,131,103,107,26,33,79,57,86,5"/><W78/><G33/><T3/><D3/><U37/><E37/><V102/><F113/><W77/><G57/><T64/><D35/><U92/><E111/><N who="0" m="42537" /><D69/><U8/><E134/><V124/><F124/><W89/><G131/><T90/><D64/><U42/><E62/><V19/><F135/><W123/><G123/><T39/><D39/><U61/><E61/><V112/><F112/><W20/><REACH who="3" step="1"/><G26/><REACH who="3" ten="268,318,140,244" step="2"/><T100/><D117/><U60/><E25/><V49/><F7/><W47/><G47/><T83/><D116/><U30/><E4/><V81/><F74/><W68/><G68/><T66/><D15/><U75/><E75/><V71/><F94/><W2/><G2/><T13/><D13/><U115/><E93/><V59/><F105/><W87/><G87/><T40/><D73/><U55/><E92/><V133/><F133/><W114/><G114/><T10/><D85/><U72/><E72/><V9/><F71/><W27/><G27/><T67/><D84/><U24/><E24/><V130/><REACH who="2" step="1"/><F130/><REACH who="2" ten="268,318,130,244" step="2"/><W0/><G0/><T76/><D96/><AGARI ba="1,4" hai="5,11,12,20,22,77,78,79,80,86,89,96,103,107" machi="96" ten="40,2000,0" yaku="1,1,53,0" doraHai="125" doraHaiUra="50" who="3" fromWho="0" sc="268,-23,318,0,130,0,244,63" /><INIT seed="3,2,0,4,1,23" ten="245,318,130,307" oya="3" hai0="101,38,99,30,25,54,98,71,121,8,102,17,130" hai1="35,33,46,7,94,0,12,62,3,113,74,47,73" hai2="108,87,75,103,88,119,58,120,41,104,118,55,4" hai3="60,132,122,5,67,69,15,115,6,59,24,128,105"/><W34/><G115/><T106/><D71/><U126/><E113/><V36/><F108/><W109/><G122/><T49/><D38/><U133/><E12/><V57/><F75/><W21/><G109/><T100/><D121/><U80/><E62/><V16/><F120/><W123/><G123/><T20/><D130/><U27/><E94/><V134/><F134/><W51/><G128/><T84/><D84/><U111/><E111/><V81/><F4/><N who="3" m="1643" /><G69/><T79/><D79/><U19/><E133/><V56/><F41/><W114/><G105/><T72/><D72/><U2/><E7/><V90/><F36/><W77/><G34/><T48/><D48/><U63/><E63/><V65/><F65/><W107/><G107/><T68/><D68/><U93/><E74/><V83/><F103/><W42/><G114/><T116/><D116/><U18/><E73/><V29/><F29/><N who="3" m="17551" /><G132/><T78/><D78/><U13/><E80/><V40/><F104/><W44/><G77/><T1/><D106/><U22/><E93/><V96/><F40/><W26/><G15/><N who="0" m="7399" /><D1/><U86/><E86/><N who="2" m="50511" /><F96/><W76/><G76/><T89/><D89/><U45/><REACH who="1" step="1"/><E126/><REACH who="1" ten="245,308,130,307" step="2"/><V127/><F127/><W125/><G125/><T37/><D37/><U28/><E28/><V50/><F119/><W112/><G112/><T85/><D85/><U97/><E97/><V129/><F129/><W11/><G11/><AGARI ba="2,1" hai="0,2,3,11,13,18,19,22,27,33,35,45,46,47" machi="11" ten="50,3200,0" yaku="1,1,52,1,53,0" doraHai="23" doraHaiUra="131" who="1" fromWho="3" sc="245,0,308,48,130,0,307,-38" owari="245,-15.0,356,45.0,130,-37.0,269,7.0" /></mjloggm>