<mjloggm ver="2.3"><GO type="97" lobby="0"/><UN n0="%73%69%72%6F%6B%61%6D%69" n1="%6E%6F%2D%6E%61%6D%61%65" n2="%E6%AF%98%E6%B2%99%E9%96%80%EF%BC%92%EF%BC%91" n3="%E5%B0%B1%E6%B4%BB%E7%94%9F%40%E5%B7%9D%E6%9D%91%E8%BB%8D%E5%9B%A3" dan="13,14,15,15" rate="1956.76,1948.81,1998.82,2043.87" sx="M,M,M,M"/><TAIKYOKU oya="0"/><INIT seed="0,0,0,0,4,26" ten="250,250,250,250" oya="0" hai0="53,45,48,2,20,108,63,127,40,47,123,99,58" hai1="104,65,4,33,31,55,10,100,16,102,87,51,35" hai2="111,15,49,9,132,72,93,122,74,82,1,52,133" hai3="105,17,6,62,64,101,73,8,106,34,89,80,50"/><T130/><D2/><U97/><E100/><V75/><F122/><W94/><G34/><T54/><D123/><U67/><E87/><V36/><F36/><W12/><G50/><T81/><D130/><U84/><E84/><V32/><F32/><W7/><G101/><T66/><D127/><U57/><E16/><N who="2" m="8303" /><F111/><W126/><G126/><T98/><D108/><U113/><E113/><V39/><F39/><W19/><G19/><T27/><D81/><U121/><E121/><V135/><F1/><W37/><G37/><T134/><D134/><U90/><E90/><V11/><F11/><W30/><G30/><T13/><D13/><U119/><E119/><V86/><F93/><W107/><G80/><T56/><D99/><U23/><E23/><V95/><F95/><W115/><G73/><T14/><D14/><U110/><E110/><V28/><F28/><W116/><G116/><T21/><D98/><U85/><E85/><V96/><F96/><W117/><G115/><T18/><D20/><U83/><E83/><V5/><F5/><W61/><G117/><T125/><D125/><U38/><E38/><V109/><F109/><W46/><G94/><T92/><D92/><U41/><E41/><V131/><F131/><W42/><G89/><T0/><D0/><N who="1" m="263" /><E35/><V128/><F128/><W68/><G62/><N who="0" m="36119" /><D40/><U78/><E78/><N who="2" m="46423" /><F74/><W24/><G24/><T44/><AGARI ba="0,0" hai="18,21,27,44,45,47,48,53,58,63,66" m="36119" machi="44" ten="30,1500,0" yaku="8,1" doraHai="26" who="0" fromWho="0" sc="250,15,250,-5,250,-5,250,-5" /><INIT seed="0,1,0,1,4,64" ten="265,245,245,245" oya="0" hai0="122,43,60,86,88,12,124,78,131,26,58,46,135" hai1="68,73,17,111,92,112,96,34,116,100,115,22,81" hai2="36,25,128,108,101,49,41,82,6,69,102,109,62" hai3="5,129,127,44,79,14,61,55,31,57,21,39,28"/><T103/><D122/><U8/><E116/><V20/><F6/><W10/><G127/><T0/><D0/><U126/><E34/><V65/><F128/><W74/><G129/><T80/><D131/><U4/><E126/><V29/><F82/><W24/><G74/><T33/><D124/><U110/><E81/><V120/><F120/><W16/><REACH who="3" step="1"/><G79/><REACH who="3" ten="265,245,245,235" step="2"/><T91/><D135/><U114/><E73/><V70/><F102/><W45/><G45/><T98/><D33/><U32/><E32/><V97/><F101/><W106/><G106/><T71/><D26/><U77/><E77/><V23/><F108/><W67/><G67/><T19/><D103/><U42/><E42/><AGARI ba="1,1" hai="5,10,14,16,21,24,28,31,39,42,44,55,57,61" machi="42" ten="40,5200,0" yaku="1,1,54,1,53,1" doraHai="64" doraHaiUra="2" who="3" fromWho="1" sc="265,0,245,-55,245,0,235,65" /><INIT seed="1,0,0,5,3,39" ten="265,190,245,300" oya="1" hai0="10,45,108,52,109,106,113,73,17,46,65,59,82" hai1="63,34,15,27,98,105,132,42,48,103,100,129,5" hai2="1,80,93,90,101,125,31,20,91,130,3,96,102" hai3="25,89,123,86,112,64,0,119,38,124,57,19,133"/><U67/><E132/><V116/><F116/><W122/><G0/><T72/><D106/><U13/><E129/><V30/><F130/><W56/><G112/><T71/><D113/><U40/><E103/><V78/><F125/><W68/><G119/><T81/><D10/><U69/><E48/><V131/><F131/><W16/><G38/><T110/><D17/><U2/><E2/><V128/><F128/><W44/><G124/><T117/><D117/><U47/><E47/><N who="0" m="17929" /><D65/><U83/><E83/><N who="0" m="31753" /><D71/><U114/><E114/><V60/><F3/><W35/><G133/><T77/><D77/><U29/><REACH who="1" step="1"/><E5/><REACH who="1" ten="265,180,245,300" step="2"/><V115/><F1/><W94/><G123/><T99/><D99/><U61/><E61/><AGARI ba="0,1" hai="52,59,61,72,73,108,109,110" m="31753,17929" machi="61" ten="40,2600,0" yaku="14,1,54,1" doraHai="39" who="0" fromWho="1" sc="265,36,180,-26,245,0,300,0" /><INIT seed="2,0,0,2,1,36" ten="301,154,245,300" oya="2" hai0="26,109,127,34,19,104,3,75,63,100,60,131,11" hai1="43,55,78,66,89,96,40,107,68,35,105,8,129" hai2="42,1,112,46,91,51,15,79,132,16,108,17,113" hai3="111,130,61,13,62,49,67,102,116,103,57,5,48"/><V81/><F1/><W27/><G116/><T20/><D75/><U83/><E35/><V22/><F132/><W73/><G73/><T54/><D127/><U12/><E107/><V6/><F108/><W59/><G111/><T52/><D109/><U31/><E31/><V50/><F91/><W69/><G130/><T88/><D131/><U90/><E90/><V95/><F95/><W118/><G118/><T74/><D74/><U97/><E97/><V14/><F6/><W98/><G27/><T120/><D120/><U29/><E29/><V28/><F28/><W23/><G69/><T45/><D104/><U10/><E10/><V123/><F123/><W86/><G86/><T110/><D100/><N who="3" m="38441" /><G98/><T92/><D110/><U71/><E105/><V39/><F113/><W44/><G44/><T99/><D34/><U122/><E129/><V93/><F93/><W125/><G125/><T133/><D3/><U64/><E122/><V80/><F112/><W2/><G2/><T7/><D133/><U82/><E96/><V53/><F39/><W134/><G134/><T84/><D84/><U106/><E106/><V32/><F32/><W77/><G77/><T0/><D45/><U85/><E71/><V58/><F79/><W114/><G114/><T126/><D126/><U47/><E68/><V38/><F38/><W115/><G115/><T41/><D41/><N who="1" m="15947" /><E82/><V76/><F76/><W24/><G5/><T56/><D63/><U4/><E78/><V18/><F18/><N who="3" m="10703" /><G24/><T117/><D117/><U119/><E119/><V33/><F33/><W70/><G70/><T21/><D21/><AGARI ba="0,0" hai="14,15,16,17,21,22,42,46,50,51,53,58,80,81" machi="21" ten="30,18000,2" yaku="6,1,7,1,9,1,8,1,52,1,54,1" doraHai="36" who="2" fromWho="0" sc="301,-180,154,0,245,180,300,0" /><INIT seed="2,1,0,0,1,16" ten="121,154,425,300" oya="2" hai0="106,29,85,27,84,31,40,23,57,56,59,36,10" hai1="58,8,18,41,132,53,131,91,120,45,65,105,15" hai2="113,81,92,49,37,7,96,117,11,46,32,135,125" hai3="17,82,74,130,101,63,0,110,48,99,118,60,88"/><V109/><F117/><W102/><G0/><T50/><D106/><U115/><E115/><V39/><F113/><W75/><G118/><T107/><D107/><U90/><E105/><V126/><F32/><W121/><G121/><T4/><D36/><U111/><E132/><V83/><F135/><W129/><G110/><T30/><D40/><U47/><E120/><V108/><F11/><W33/><G33/><T3/><REACH who="0" step="1"/><D50/><REACH who="0" ten="111,154,425,300" step="2"/><U28/><E41/><V80/><F49/><W100/><G48/><T26/><D26/><U122/><E122/><V93/><F108/><W70/><G63/><T66/><D66/><U124/><E111/><V69/><F109/><W119/><G60/><T79/><D79/><U51/><E65/><V2/><F39/><W68/><G119/><T76/><D76/><U14/><E131/><V20/><F37/><W19/><G129/><T44/><D44/><N who="1" m="16971" /><E124/><V55/><F126/><W95/><G130/><T89/><D89/><U78/><E78/><V52/><F125/><W21/><G100/><T38/><D38/><U25/><E15/><V62/><F46/><W6/><G102/><T123/><D123/><U13/><E13/><V87/><F62/><W94/><G101/><T64/><D64/><U35/><E35/><V9/><F2/><W34/><G88/><N who="1" m="33834" /><E25/><V61/><F61/><W73/><G34/><T54/><D54/><U134/><E134/><V71/><F52/><W22/><G70/><T42/><D42/><U1/><E1/><V67/><F55/><W98/><G68/><T112/><D112/><U77/><E77/><V133/><F67/><RYUUKYOKU ba="1,1" sc="111,15,154,15,425,-15,300,-15" hai0="3,4,10,23,27,29,30,31,56,57,59,84,85" hai1="8,14,18,28,51,53,58" /><INIT seed="3,2,1,1,3,134" ten="126,169,410,285" oya="3" hai0="108,64,126,30,124,105,46,28,21,12,59,67,2" hai1="29,129,101,70,94,32,10,42,20,119,65,27,88" hai2="62,96,43,36,128,102,111,98,60,69,56,76,24" hai3="135,130,31,51,19,84,6,50,45,41,22,38,4"/><W104/><G104/><T125/><D105/><U131/><E101/><V25/><F69/><W80/><G135/><T78/><D2/><U132/><E119/><V75/><F62/><W91/><G130/><N who="1" m="49674" /><E132/><V73/><F96/><W116/><G31/><N who="0" m="11819" /><D108/><U110/><E110/><V99/><F98/><W53/><G116/><T14/><D78/><U58/><E42/><V11/><F111/><W93/><G80/><T57/><D46/><U68/><E10/><V87/><F11/><W107/><G107/><T74/><D74/><U18/><E58/><N who="0" m="22025" /><D21/><U86/><E65/><AGARI ba="2,1" hai="12,14,64,65,67,124,125,126" m="22025,11819" machi="65" ten="40,12000,2" yaku="28,2,18,1,52,3" doraHai="134" who="0" fromWho="1" sc="126,136,169,-126,410,0,285,0" owari="262,-14.0,43,-46.0,410,51.0,285,9.0" /></mjloggm>