<mjloggm ver="2.3"><GO type="169" lobby="0"/><UN n0="%E3%81%A6%E3%82%8B" n1="%E7%94%9F%E8%82%89%E3%81%A7%E3%81%99%E3%82%88" n2="%E5%B0%B1%E6%B4%BB%E7%94%9F%40%E5%B7%9D%E6%9D%91%E8%BB%8D%E5%9B%A3" n3="%E3%83%8A%E3%82%AC%E3%83%A4%E3%83%9E" dan="17,17,17,16" rate="2136.44,2194.30,2141.17,2052.73" sx="M,M,M,M"/><TAIKYOKU oya="0"/><INIT seed="0,0,0,3,4,113" ten="250,250,250,250" oya="0" hai0="119,36,85,69,17,72,59,12,51,38,89,81,41" hai1="98,25,124,52,128,6,7,110,90,108,64,57,33" hai2="5,118,132,121,107,135,40,106,8,84,30,97,87" hai3="96,1,26,105,63,83,73,93,91,9,18,114,23"/><T116/><D69/><U70/><E128/><V44/><F121/><W66/><G114/><T28/><D28/><N who="1" m="19599" /><E124/><V131/><F30/><W77/><G105/><N who="2" m="39945" /><F97/><W65/><REACH who="3" step="1"/><G63/><REACH who="3" ten="250,250,250,240" step="2"/><T39/><D72/><U120/><E120/><V62/><F131/><W2/><G2/><T112/><D112/><U34/><E110/><V11/><F62/><W82/><G82/><T95/><D81/><U100/><E108/><V32/><F87/><W21/><G21/><N who="0" m="11431" /><D41/><U125/><E34/><V67/><F84/><W122/><G122/><T0/><D0/><U75/><E75/><V14/><F32/><W115/><G115/><T27/><D27/><U101/><E125/><V71/><F14/><W61/><G61/><T47/><D47/><U37/><E70/><V126/><F44/><W16/><G16/><T60/><D60/><U134/><E6/><AGARI ba="0,1" hai="1,6,9,18,23,26,65,66,73,77,83,91,93,96" machi="6" ten="40,1300,0" yaku="1,1,53,0" doraHai="113" doraHaiUra="53" who="3" fromWho="1" sc="250,0,250,-13,250,0,240,23" /><INIT seed="1,0,0,3,5,25" ten="250,237,250,263" oya="1" hai0="2,30,16,11,37,104,131,115,51,52,93,33,60" hai1="28,63,46,80,17,127,97,123,59,27,58,41,88" hai2="102,130,67,125,112,47,40,12,121,0,105,71,29" hai3="24,95,64,19,135,20,119,103,55,120,10,35,83"/><U8/><E123/><V128/><F0/><W34/><G120/><T98/><D104/><U89/><E127/><V23/><F121/><W133/><G119/><T6/><D115/><U26/><E26/><N who="2" m="16607" /><F112/><W107/><G107/><T15/><D37/><U3/><E97/><N who="2" m="61647" /><F12/><W78/><G64/><T18/><D131/><N who="2" m="50218" /><F125/><W1/><G1/><T96/><D60/><U85/><E89/><V114/><F114/><W65/><G10/><T126/><D126/><U75/><E75/><V38/><F67/><W113/><G65/><T99/><D33/><U72/><E72/><V69/><AGARI ba="0,0" hai="38,40,47,69,71" m="50218,61647,16607" machi="69" ten="30,2000,0" yaku="19,1,52,1" doraHai="25" who="2" fromWho="2" sc="250,-5,237,-10,250,20,263,-5" /><INIT seed="2,0,0,3,5,64" ten="245,227,270,258" oya="2" hai0="36,2,100,83,120,117,48,35,14,23,74,118,39" hai1="55,46,127,105,34,73,44,41,101,128,60,135,107" hai2="123,52,19,59,10,114,7,38,1,116,16,110,66" hai3="37,82,132,85,75,97,5,134,103,63,91,125,31"/><V111/><F38/><W113/><G37/><T109/><D35/><U11/><E73/><V108/><F114/><W88/><G5/><T89/><D2/><U27/><E127/><V131/><F131/><W12/><G12/><T81/><D120/><U53/><E128/><V104/><F123/><W20/><G113/><T102/><D109/><U54/><E135/><N who="3" m="51754" /><G75/><T92/><D48/><U96/><E11/><V58/><F116/><N who="0" m="44650" /><D23/><U94/><E60/><N who="2" m="38167" /><F104/><N who="3" m="63599" /><G125/><T50/><D39/><U15/><E15/><V65/><F65/><W29/><G20/><T40/><D36/><U130/><E130/><V32/><F32/><W67/><G91/><T70/><D14/><U42/><E107/><V4/><F4/><W80/><G82/><N who="0" m="31243" /><D74/><U3/><E105/><V90/><F90/><W49/><G49/><AGARI ba="0,0" hai="1,7,10,16,19,49,52,59,108,110,111" m="38167" machi="49" ten="30,11600,0" yaku="14,1,10,1,54,2" doraHai="64" who="2" fromWho="3" sc="245,0,227,0,270,116,258,-116" /><INIT seed="2,1,0,4,5,53" ten="245,227,386,142" oya="2" hai0="13,71,2,56,20,118,32,25,75,123,102,63,22" hai1="80,51,15,49,133,107,108,55,73,59,93,34,91" hai2="119,66,79,4,41,99,26,92,44,69,105,116,90" hai3="94,78,62,8,68,31,74,81,97,104,33,106,18"/><V57/><F105/><W128/><G128/><T65/><D2/><U67/><E107/><V28/><F69/><W85/><G31/><T17/><D75/><U127/><E127/><V1/><F79/><W10/><G33/><T125/><D123/><U134/><E34/><V46/><F4/><W16/><G10/><T131/><D125/><U120/><E120/><V132/><F1/><W29/><G29/><T37/><D32/><U23/><E108/><V42/><F132/><W72/><G104/><T84/><D131/><U70/><E70/><V64/><F44/><W30/><G30/><T87/><D37/><U61/><E73/><V121/><F121/><W50/><G50/><T27/><D118/><U103/><E103/><V43/><F46/><W88/><G8/><T19/><D102/><U40/><E80/><V101/><F90/><W76/><G76/><T58/><D13/><U21/><E40/><V124/><F124/><W0/><G0/><T60/><D71/><U130/><E130/><V54/><F54/><AGARI ba="1,0" hai="17,19,20,22,25,27,54,56,58,60,63,65,84,87" machi="54" ten="30,8000,1" yaku="7,1,9,1,8,1,52,2" doraHai="53" who="0" fromWho="2" sc="245,83,227,0,386,-83,142,0" /><INIT seed="3,0,0,5,4,78" ten="328,227,303,142" oya="3" hai0="15,121,60,24,115,4,7,109,107,69,54,127,28" hai1="10,8,31,29,88,36,40,114,55,18,87,47,98" hai2="80,0,99,90,68,35,112,131,74,116,83,106,21" hai3="119,67,23,100,3,84,44,111,85,108,120,93,72"/><W101/><G3/><T33/><D107/><U73/><E73/><V70/><F35/><W71/><G119/><T5/><D121/><U132/><E132/><V45/><F0/><W37/><G72/><T135/><D135/><U38/><E38/><V64/><F116/><W125/><G120/><T56/><D109/><N who="3" m="42057" /><G125/><T62/><D127/><U34/><E114/><V92/><F112/><W46/><G23/><T6/><D115/><U81/><E55/><V75/><F131/><W16/><G16/><T11/><REACH who="0" step="1"/><D69/><REACH who="0" ten="318,227,303,142" step="2"/><U22/><E34/><V52/><F106/><W76/><G71/><T95/><D95/><U122/><E122/><V51/><F70/><W117/><G117/><T41/><D41/><U30/><REACH who="1" step="1"/><E98/><REACH who="1" ten="318,217,303,142" step="2"/><V9/><F99/><N who="3" m="59503" /><G37/><T86/><D86/><U110/><E110/><V58/><F75/><W104/><G84/><T94/><D94/><U129/><E129/><V128/><F92/><W53/><G85/><T1/><D1/><U61/><E61/><AGARI ba="0,2" hai="4,5,6,7,11,15,24,28,33,54,56,60,61,62" machi="61" ten="40,1300,0" yaku="1,1,53,0" doraHai="78" doraHaiUra="13" who="0" fromWho="1" sc="318,33,217,-13,303,0,142,0" /><INIT seed="4,0,0,2,0,111" ten="351,204,303,142" oya="0" hai0="94,74,41,129,104,85,88,95,20,115,1,78,89" hai1="11,68,121,84,4,131,132,63,42,47,3,18,109" hai2="48,125,122,31,38,66,7,57,96,21,43,61,9" hai3="50,90,22,113,32,37,51,127,17,39,69,27,116"/><T26/><D1/><U2/><E109/><V24/><F122/><W70/><G116/><T55/><D129/><U58/><E121/><V46/><F125/><W106/><G106/><T49/><D104/><U120/><E120/><V36/><REACH who="2" step="1"/><F96/><REACH who="2" ten="351,204,293,142" step="2"/><W117/><G127/><T130/><D130/><U126/><E131/><V118/><F118/><W92/><G117/><T98/><D74/><U83/><E126/><V45/><F45/><W110/><G110/><T91/><D98/><U54/><E47/><V112/><F112/><W99/><G113/><T82/><D115/><U71/><E132/><V124/><F124/><W76/><G99/><T60/><D41/><U72/><E42/><V0/><AGARI ba="0,1" hai="0,7,9,21,24,31,36,38,43,46,48,57,61,66" machi="0" ten="20,2700,0" yaku="1,1,0,1,7,1,53,0" doraHai="111" doraHaiUra="73" who="2" fromWho="2" sc="351,-13,204,-7,293,37,142,-7" /><INIT seed="5,0,0,1,3,100" ten="338,197,330,135" oya="1" hai0="29,78,24,19,34,28,60,64,130,102,116,71,97" hai1="9,21,133,99,87,33,135,81,122,109,63,79,106" hai2="74,43,8,117,104,76,75,44,69,38,51,2,134" hai3="18,7,14,26,77,25,0,110,85,5,105,107,88"/><U20/><E122/><V27/><F51/><W118/><G110/><T132/><D116/><U121/><E121/><V4/><F117/><W124/><G118/><T98/><D132/><N who="1" m="50763" /><E33/><V30/><F134/><W65/><G124/><T22/><D130/><U54/><E9/><V1/><F1/><W91/><G77/><T129/><D129/><U112/><E112/><V127/><F127/><W16/><G65/><T32/><D78/><U96/><E109/><V94/><F94/><W23/><G0/><T126/><D126/><U42/><E42/><V52/><F52/><W68/><G68/><T84/><D84/><U72/><E72/><N who="2" m="27691" /><F76/><W66/><G66/><T57/><D71/><U70/><E70/><V10/><F10/><W56/><G56/><T73/><D73/><U55/><E99/><V53/><F53/><N who="1" m="19977" /><E63/><V101/><F69/><W59/><G59/><T114/><D34/><U93/><E93/><V115/><F115/><W50/><G50/><T67/><D114/><U108/><E108/><V3/><F3/><W45/><G45/><T113/><D113/><U49/><E49/><V6/><F6/><W46/><G46/><T37/><D32/><U47/><E47/><V83/><F44/><W41/><G41/><T82/><D98/><U90/><E79/><V120/><F8/><W40/><G40/><T86/><D67/><U125/><E125/><V58/><F43/><W131/><G131/><T123/><D123/><U119/><E119/><V13/><F120/><W36/><G7/><T128/><D128/><U12/><E12/><V103/><F13/><W15/><G14/><RYUUKYOKU ba="0,0" sc="338,-10,197,30,330,-10,135,-10" hai1="20,21,81,87,90,96,106" /><INIT seed="5,1,0,5,1,20" ten="328,227,320,125" oya="1" hai0="125,130,25,74,42,6,34,73,100,72,51,75,68" hai1="80,65,123,133,106,24,4,2,46,50,23,7,53" hai2="11,88,126,115,63,108,62,69,3,38,44,9,56" hai3="127,77,109,91,132,17,86,29,36,83,95,64,113"/><U114/><E123/><V21/><F108/><W39/><G109/><T71/><D130/><U84/><E106/><V105/><F105/><W49/><G113/><T131/><D131/><U70/><E114/><V59/><F69/><W97/><G127/><T37/><D37/><U66/><E133/><V13/><F3/><W15/><G132/><T87/><D6/><N who="1" m="2091" /><E70/><V121/><F38/><W32/><G64/><T18/><D100/><U28/><E2/><V57/><F115/><W81/><G49/><T111/><D75/><U79/><AGARI ba="1,0" hai="23,24,28,46,50,53,65,66,79,80,84" m="2091" machi="79" ten="30,3000,0" yaku="8,1,52,1" doraHai="20" who="1" fromWho="1" sc="328,-11,227,33,320,-11,125,-11" /><INIT seed="5,2,0,0,2,32" ten="317,260,309,114" oya="1" hai0="21,89,29,53,81,49,87,73,55,103,22,130,94" hai1="70,33,7,132,11,97,9,105,77,128,24,82,123" hai2="57,41,112,111,63,30,31,107,91,135,0,78,131" hai3="113,1,23,125,99,110,106,119,93,28,54,56,58"/><U16/><E123/><V2/><F111/><W129/><G110/><T67/><D130/><U45/><E128/><V66/><F107/><W79/><G129/><T74/><D67/><U19/><E70/><V88/><F131/><W40/><G106/><T108/><D108/><U84/><E132/><V25/><F135/><W50/><G113/><T126/><D126/><U80/><E80/><V15/><F112/><W26/><G125/><T13/><D74/><U27/><E45/><V100/><F100/><W96/><G119/><T51/><D73/><U20/><E7/><V133/><F78/><W72/><G1/><T38/><D38/><U127/><E127/><V118/><F118/><W122/><G122/><T86/><D13/><U104/><E104/><V65/><F41/><W5/><G5/><T109/><D109/><U76/><E76/><V85/><F91/><W71/><G71/><T98/><D87/><U101/><E33/><V121/><F121/><W46/><G56/><N who="0" m="32815" /><D29/><U17/><REACH who="1" step="1"/><E19/><REACH who="1" ten="317,250,309,114" step="2"/><V35/><F133/><W8/><G79/><T116/><D116/><U6/><E6/><V14/><F31/><W10/><G72/><T3/><D81/><U90/><E90/><V114/><F114/><W61/><REACH who="3" step="1"/><G99/><REACH who="3" ten="317,250,309,104" step="2"/><T68/><D98/><U75/><E75/><V39/><F57/><W92/><G92/><T18/><D68/><U44/><E44/><V95/><F95/><W48/><G48/><T36/><D51/><U115/><E115/><V47/><F39/><W102/><AGARI ba="2,2" hai="8,10,23,26,28,40,46,50,54,58,61,93,96,102" machi="102" ten="20,12000,2" yaku="1,1,0,1,7,1,8,1,53,2" doraHai="32" doraHaiUra="4" who="3" fromWho="3" sc="317,-32,250,-62,309,-32,104,146" /><INIT seed="6,0,0,1,0,105" ten="285,188,277,250" oya="2" hai0="115,99,6,132,104,84,11,52,57,133,109,46,64" hai1="80,22,94,19,77,83,135,113,63,75,126,129,1" hai2="24,50,14,48,120,122,86,59,107,127,41,89,53" hai3="42,5,37,96,78,49,54,110,39,111,87,74,82"/><V102/><F127/><W134/><G134/><N who="0" m="51819" /><D109/><U47/><E126/><V31/><F107/><W36/><G42/><T43/><D64/><U26/><E135/><V73/><F102/><W25/><G5/><T33/><D33/><U38/><E129/><V2/><F2/><W51/><G96/><T32/><D32/><U88/><E113/><V62/><F14/><W0/><G0/><N who="0" m="455" /><D115/><U81/><E1/><V71/><F73/><W70/><G70/><T40/><D84/><U35/><E35/><V23/><F50/><W7/><G7/><T15/><D15/><U28/><E28/><V100/><F100/><W114/><G114/><T106/><D99/><U119/><E119/><V67/><F41/><N who="0" m="15946" /><D46/><U116/><E116/><V125/><F125/><W30/><G87/><T13/><D13/><U123/><E123/><V101/><F101/><W95/><G95/><AGARI ba="0,0" hai="23,24,31,48,53,59,62,67,71,86,89,95,120,122" machi="95" ten="30,1500,0" yaku="7,1" doraHai="105" who="2" fromWho="3" sc="285,0,188,0,277,15,250,-15" /><INIT seed="6,1,0,0,4,122" ten="285,188,292,235" oya="2" hai0="16,2,57,70,94,3,63,121,30,65,88,118,91" hai1="116,17,49,64,61,134,28,5,27,18,79,124,10" hai2="51,62,111,52,126,101,67,35,21,8,44,131,113" hai3="45,55,123,73,19,26,9,36,54,106,97,7,120"/><V4/><F35/><W87/><G73/><T59/><D121/><U103/><E116/><V56/><F113/><W135/><G135/><T117/><D30/><U86/><E134/><V29/><F126/><W82/><G54/><T46/><D46/><U95/><E124/><V53/><F131/><W115/><G115/><T20/><D70/><U83/><E49/><V129/><F129/><W125/><G125/><T66/><D94/><U39/><E39/><V75/><F75/><W15/><G106/><T6/><D6/><U107/><E107/><V69/><F101/><W24/><G97/><T22/><REACH who="0" step="1"/><D63/><REACH who="0" ten="275,188,292,235" step="2"/><U0/><E95/><V38/><F38/><W33/><G7/><T104/><D104/><U105/><E105/><V23/><F29/><W112/><G36/><T43/><D43/><U90/><E103/><V71/><F71/><W40/><G40/><T58/><D58/><U80/><E61/><V96/><F96/><W42/><G42/><T76/><D76/><U128/><E128/><V32/><F32/><W77/><G33/><T74/><D74/><U47/><E47/><V11/><F4/><W114/><G114/><T48/><D48/><U99/><E99/><V13/><F69/><W78/><G78/><T81/><D81/><U34/><E64/><V110/><F67/><W93/><G112/><T119/><D119/><U109/><E109/><N who="2" m="41483" /><F13/><W89/><G120/><T25/><D25/><N who="3" m="9833" /><G123/><T84/><D84/><AGARI ba="1,1" hai="0,5,10,17,18,27,28,34,79,80,83,84,86,90" machi="84" ten="30,1000,0" yaku="7,1" doraHai="122" who="1" fromWho="0" sc="275,-13,188,23,292,0,235,0" /><INIT seed="7,0,0,3,3,3" ten="262,211,292,235" oya="3" hai0="115,68,99,97,23,11,13,130,92,35,16,33,133" hai1="82,95,84,55,12,1,18,123,9,28,6,63,27" hai2="41,102,129,67,104,4,43,48,119,120,128,111,126" hai3="79,70,124,112,131,19,93,20,0,42,113,47,110"/><W74/><G70/><T32/><D68/><U85/><E123/><V91/><F126/><W57/><G124/><T37/><D133/><U40/><E40/><V108/><F119/><W54/><G131/><N who="2" m="50249" /><F120/><W8/><G110/><N who="2" m="42025" /><F4/><N who="3" m="1031" /><G93/><T134/><D134/><U72/><E72/><V83/><F67/><W15/><G57/><T30/><D37/><U71/><E82/><V106/><F48/><W87/><G87/><T86/><D130/><U121/><E121/><V103/><F91/><W75/><G54/><T44/><D115/><N who="3" m="44105" /><G79/><T127/><D127/><U89/><E71/><V76/><F103/><W105/><G105/><N who="2" m="40553" /><F102/><W90/><G90/><T116/><D116/><U58/><E84/><AGARI ba="0,0" hai="41,43,76,83,84" m="40553,42025,50249" machi="84" ten="40,1300,0" yaku="19,1" doraHai="3" who="2" fromWho="1" sc="262,0,211,-13,292,13,235,0" owari="262,6.0,198,-30.0,305,40.0,235,-16.0" /></mjloggm>