<mjloggm ver="2.3"><GO type="169" lobby="0"/><UN n0="%74%75%75%6B%61%69%33" n1="%79%6F%6A%6F" n2="%63%68%61%72%68%69%6D%65" n3="%E3%82%A6%E3%83%AB%E3%83%88%E3%83%A9%E7%AB%8B%E7%9B%B4" dan="18,16,16,17" rate="2259.72,2142.58,2056.57,2153.23" sx="M,F,F,M"/><TAIKYOKU oya="0"/><INIT seed="0,0,0,0,1,16" ten="250,250,250,250" oya="0" hai0="55,66,28,6,107,54,81,48,121,103,104,26,4" hai1="100,83,125,39,129,113,49,9,60,135,29,37,22" hai2="14,79,44,119,122,27,34,50,8,102,42,31,69" hai3="88,57,99,7,5,108,11,118,98,56,10,67,130"/><T21/><D121/><U96/><E135/><V62/><F122/><W92/><G108/><T82/><D66/><U68/><E68/><V63/><F119/><W24/><G130/><T0/><D55/><U40/><E129/><V117/><F117/><W90/><G24/><T17/><D0/><U23/><E60/><V94/><F69/><W84/><G118/><T51/><D51/><U65/><E65/><V111/><F111/><W38/><G38/><T110/><D110/><U35/><E9/><N who="3" m="3082" /><G99/><T64/><D64/><U97/><E83/><N who="0" m="31753" /><D107/><U78/><E78/><V89/><F102/><W32/><G32/><T73/><D73/><U131/><E131/><V58/><F79/><W70/><G70/><T132/><D104/><U47/><E113/><V77/><F58/><N who="3" m="22635" /><G67/><T52/><D103/><U95/><E97/><V45/><F45/><W61/><G61/><T36/><D36/><U72/><E72/><V33/><F33/><W71/><G71/><T87/><D54/><U106/><E106/><V53/><F77/><W105/><G105/><T112/><D112/><U20/><E39/><V43/><F62/><W86/><G90/><T101/><D101/><U46/><E37/><V123/><F63/><W133/><G133/><T1/><D1/><U120/><E120/><V80/><F123/><W114/><G114/><T85/><D132/><U116/><E116/><V74/><F74/><W19/><G19/><T2/><D17/><U15/><E100/><V115/><F115/><W91/><G91/><T12/><D2/><U93/><E35/><V13/><F34/><W127/><G127/><RYUUKYOKU ba="0,0" sc="250,-10,250,-10,250,-10,250,30" hai3="5,7,84,86,88,92,98" /><INIT seed="1,1,0,3,5,123" ten="240,240,240,280" oya="1" hai0="17,37,0,80,77,45,111,72,64,29,110,128,42" hai1="108,46,103,79,30,120,19,106,74,87,102,118,124" hai2="51,93,83,76,26,40,6,38,3,8,54,85,59" hai3="25,27,56,35,89,34,119,97,90,61,75,43,82"/><U65/><E120/><V100/><F26/><W47/><G119/><T130/><D0/><U135/><E118/><V112/><F112/><W53/><G35/><T63/><D29/><U67/><E30/><V114/><F114/><W5/><G5/><T11/><D11/><U57/><E74/><V13/><F100/><W36/><G34/><T107/><D17/><U50/><E135/><V132/><F93/><W22/><G27/><T121/><D107/><U44/><E19/><V133/><F3/><W113/><G113/><T16/><D16/><U94/><E106/><V48/><F38/><W9/><G9/><T4/><D4/><U21/><E21/><V104/><F104/><W49/><G97/><T126/><D126/><U39/><E39/><V23/><F23/><W134/><G134/><T78/><D78/><U91/><E124/><V73/><F73/><W84/><G75/><T18/><D18/><U15/><E15/><V70/><REACH who="2" step="1"/><F70/><REACH who="2" ten="240,240,230,280" step="2"/><W99/><G36/><T109/><D121/><U60/><E102/><V58/><F58/><AGARI ba="1,1" hai="37,42,45,58,63,64,72,77,80,109,110,111,128,130" machi="58" ten="40,8000,1" yaku="14,1,52,3" doraHai="123" who="0" fromWho="2" sc="240,93,240,0,230,-83,280,0" /><INIT seed="2,0,0,4,3,11" ten="333,240,147,280" oya="2" hai0="62,51,1,104,83,110,115,12,8,107,134,88,15" hai1="105,46,16,130,31,29,79,113,84,111,82,121,114" hai2="20,125,19,112,67,58,96,56,78,27,45,22,77" hai3="53,89,38,131,13,109,7,73,128,97,23,33,76"/><V80/><F112/><W133/><G33/><T37/><D37/><U120/><E105/><V14/><F125/><W99/><G38/><T36/><D36/><U6/><E6/><V39/><F96/><W42/><G42/><T2/><D115/><N who="1" m="44043" /><E46/><V122/><F122/><N who="1" m="47209" /><E111/><V132/><F132/><W69/><G69/><T52/><D110/><U123/><E130/><V9/><F22/><W135/><G109/><T87/><D62/><U47/><E47/><V44/><F39/><W116/><G116/><T35/><D35/><U70/><E70/><V85/><F77/><W126/><G126/><T26/><D26/><U25/><N who="1" m="47217" /><U90/><DORA hai="60" /><E79/><V49/><F45/><W55/><G76/><T59/><D134/><U5/><E5/><N who="2" m="3375" /><F67/><W40/><G133/><T18/><REACH who="0" step="1"/><D15/><REACH who="0" ten="323,240,147,280" step="2"/><U34/><E34/><V106/><F106/><AGARI ba="0,1" hai="1,2,8,12,18,51,52,59,83,87,88,104,106,107" machi="106" ten="40,8000,1" yaku="1,1,2,1,52,1,54,2,53,0" doraHai="11,60" doraHaiUra="64,91" who="0" fromWho="2" sc="323,90,240,0,147,-80,280,0" /><INIT seed="3,0,0,2,3,59" ten="413,240,67,280" oya="3" hai0="70,76,128,7,25,53,32,121,11,130,92,123,111" hai1="28,12,44,91,27,47,135,86,71,69,37,24,4" hai2="120,99,45,108,116,58,61,0,20,105,97,87,50" hai3="124,88,29,66,129,51,36,117,13,21,122,106,132"/><W40/><G106/><T52/><D70/><U23/><E135/><V80/><F116/><W33/><G36/><T65/><D76/><U3/><E3/><V67/><F0/><W48/><G33/><T78/><D78/><U113/><E113/><V77/><F108/><W89/><G122/><T8/><D92/><U103/><E103/><V55/><F120/><W100/><G117/><T73/><D73/><U126/><E126/><V98/><F105/><W38/><G38/><T60/><D111/><U54/><E27/><V19/><REACH who="2" step="1"/><F99/><REACH who="2" ten="413,240,57,280" step="2"/><W63/><G124/><T31/><D123/><U42/><E28/><V114/><F114/><W15/><G29/><T30/><D31/><U133/><E133/><V57/><F57/><W93/><G132/><T107/><D107/><U96/><E69/><V56/><F56/><W1/><G1/><T62/><D121/><U49/><E96/><V95/><F95/><W18/><G93/><T35/><D30/><U34/><E71/><V81/><F81/><W43/><G129/><T84/><D128/><U22/><E34/><V41/><F41/><W2/><G43/><T14/><D35/><U115/><E42/><V16/><F16/><W110/><G40/><T109/><D32/><U127/><E115/><V46/><F46/><W83/><G18/><T6/><D130/><U90/><E47/><V10/><F10/><W125/><G2/><T5/><D11/><U119/><E44/><V26/><AGARI ba="0,1" hai="19,20,26,45,50,55,58,61,67,77,80,87,97,98" machi="26" ten="20,8000,1" yaku="1,1,0,1,7,1,8,1,52,1,53,0" doraHai="59" doraHaiUra="85" who="2" fromWho="2" sc="413,-20,240,-20,57,90,280,-40" /><INIT seed="4,0,0,0,1,47" ten="393,220,147,240" oya="0" hai0="93,52,33,75,46,61,79,131,8,0,11,5,126" hai1="27,84,31,117,94,108,37,96,70,115,44,116,36" hai2="62,48,60,83,68,43,32,104,29,87,100,14,3" hai3="35,38,97,74,80,20,120,106,90,10,125,73,63"/><T50/><D33/><U19/><E108/><V111/><F111/><W103/><G35/><T18/><D126/><U77/><E70/><V9/><F3/><W107/><G38/><T82/><D131/><U132/><E132/><V67/><F62/><W72/><G20/><T124/><D124/><U56/><E115/><V123/><F123/><W110/><G63/><T24/><D93/><U30/><E19/><V64/><F64/><W113/><G10/><T98/><D98/><U119/><E56/><V55/><F43/><W99/><G125/><T135/><D135/><U86/><E86/><V128/><F128/><W13/><G13/><T58/><D24/><U16/><E31/><V21/><F32/><W81/><G110/><T112/><D112/><U45/><E30/><V134/><F134/><W34/><G34/><T51/><D46/><U91/><E45/><V66/><F66/><W40/><G40/><T130/><D130/><U26/><E26/><V109/><F109/><W42/><G42/><T57/><D57/><U49/><E77/><N who="2" m="46575" /><F29/><W129/><G113/><T7/><D18/><U53/><REACH who="1" step="1"/><E84/><REACH who="1" ten="393,210,147,240" step="2"/><V39/><F68/><W23/><G129/><T1/><AGARI ba="0,1" hai="0,1,5,7,8,11,50,51,52,58,61,75,79,82" machi="1" ten="20,18000,2" yaku="0,1,7,1,9,1,52,2,54,1" doraHai="47" who="0" fromWho="0" sc="393,190,210,-60,147,-60,240,-60" /><INIT seed="4,1,0,0,2,131" ten="583,150,87,180" oya="0" hai0="77,28,18,117,12,120,42,65,98,30,125,59,62" hai1="61,39,44,52,5,38,73,60,135,92,17,70,50" hai2="76,96,74,36,78,66,101,126,35,15,0,130,132" hai3="122,79,107,94,1,63,83,64,86,109,89,134,118"/><T47/><D120/><U114/><E73/><V33/><F0/><W91/><G1/><T82/><D117/><U34/><E34/><V14/><F36/><W87/><G118/><T4/><D125/><U85/><E5/><V48/><F130/><W106/><G63/><T45/><D98/><U105/><E105/><N who="3" m="39946" /><G64/><T2/><D2/><U80/><E92/><V22/><F126/><W104/><G109/><T20/><D4/><U102/><E102/><V127/><F127/><W16/><G16/><T25/><D42/><U37/><E70/><V95/><F66/><W57/><G57/><T10/><D30/><U133/><E17/><V7/><F35/><W23/><G23/><T108/><D108/><U54/><E54/><V8/><F33/><W71/><G71/><T129/><D129/><U55/><E55/><V72/><F48/><W99/><G122/><T31/><D28/><U6/><E6/><V13/><F22/><W121/><G121/><T97/><D97/><U84/><E84/><AGARI ba="1,0" hai="10,12,18,20,25,31,45,47,59,62,65,77,82,84" machi="84" ten="30,2900,0" yaku="7,1,8,1" doraHai="131" who="0" fromWho="1" sc="583,32,150,-32,87,0,180,0" /><INIT seed="4,2,0,1,4,119" ten="615,118,87,180" oya="0" hai0="134,6,19,49,53,103,46,44,73,111,17,93,104" hai1="86,112,81,1,101,70,113,16,59,80,83,5,114" hai2="90,51,21,48,132,108,62,47,84,27,135,10,106" hai3="120,33,77,64,95,8,9,29,7,58,56,74,12"/><T118/><D104/><U20/><E70/><V36/><F106/><W128/><G128/><T57/><D118/><U2/><E101/><V45/><F10/><W102/><G33/><T133/><D73/><U82/><E5/><V75/><F75/><W54/><G29/><T13/><D6/><U39/><E39/><V89/><F62/><N who="3" m="37975" /><G74/><T88/><D103/><U105/><E59/><V23/><F36/><W127/><G127/><T61/><D111/><U41/><E41/><V22/><F27/><W91/><G77/><T71/><D71/><U32/><E32/><V123/><F108/><W3/><G3/><T42/><D46/><N who="2" m="17418" /><F84/><N who="3" m="52711" /><G120/><T107/><D107/><U4/><E4/><V15/><F15/><W100/><G9/><T116/><D116/><U34/><E34/><V0/><F0/><W30/><G30/><T18/><REACH who="0" step="1"/><D13/><REACH who="0" ten="605,118,87,180" step="2"/><N who="1" m="9231" /><E105/><V60/><F123/><W26/><G102/><T11/><D11/><U121/><E121/><V72/><F72/><W76/><G100/><T85/><AGARI ba="2,1" hai="17,18,19,42,44,49,53,57,61,85,88,93,133,134" machi="85" ten="30,11700,0" yaku="1,1,0,1,54,1,53,1" doraHai="119" doraHaiUra="40" who="0" fromWho="0" sc="605,133,118,-41,87,-41,180,-41" /><INIT seed="4,3,0,3,1,92" ten="738,77,46,139" oya="0" hai0="91,124,88,74,43,34,122,118,113,97,114,119,82" hai1="57,3,107,13,90,61,105,104,2,95,64,26,66" hai2="84,76,89,5,32,58,37,4,27,59,81,23,94" hai3="47,126,48,135,10,69,0,11,72,33,53,6,21"/><T14/><D34/><U25/><E66/><V100/><F37/><W8/><G33/><T60/><D43/><U73/><E73/><V50/><F32/><W115/><G69/><T15/><D60/><U117/><E117/><V51/><F100/><W134/><G72/><T128/><D15/><U112/><E13/><V63/><F59/><W116/><G116/><T62/><D62/><U55/><E64/><V87/><F5/><W133/><G115/><N who="0" m="44043" /><D14/><U79/><E79/><V46/><F46/><W120/><G126/><T28/><D28/><U108/><E108/><V9/><F9/><W98/><G21/><T125/><D122/><U56/><E56/><V131/><F131/><W85/><G85/><N who="0" m="50231" /><D74/><U18/><E112/><V86/><F4/><W96/><G120/><T77/><D77/><U49/><E49/><V41/><F41/><W103/><G6/><T80/><D128/><U31/><E31/><N who="2" m="17919" /><F86/><W129/><G0/><T20/><D20/><U127/><E127/><N who="0" m="48713" /><D97/><N who="3" m="37481" /><G129/><T75/><D75/><U44/><E3/><V121/><F121/><W16/><G16/><T42/><D42/><U83/><E18/><V123/><F123/><W39/><G39/><T52/><D52/><AGARI ba="3,0" hai="50,51,52,58,63,76,81,84,87,89,94" m="17919" machi="52" ten="30,2000,0" yaku="8,1,54,1" doraHai="92" who="2" fromWho="0" sc="738,-29,77,0,46,29,139,0" /><INIT seed="5,0,0,1,2,50" ten="709,77,75,139" oya="1" hai0="31,15,89,79,41,53,0,97,83,122,40,100,114" hai1="23,42,59,77,127,107,134,34,99,129,74,105,48" hai2="90,29,16,120,131,86,126,135,63,55,64,47,94" hai3="22,27,6,45,116,26,67,66,61,85,118,30,68"/><U103/><E34/><V24/><F120/><W76/><G6/><T12/><D0/><U110/><E134/><V39/><F135/><W124/><G124/><T56/><D114/><U112/><E112/><V71/><F126/><W1/><G1/><T72/><D31/><U75/><E127/><V60/><F131/><W108/><G108/><T37/><D89/><U3/><E3/><V82/><F39/><W52/><G67/><T73/><D73/><U9/><E110/><V88/><F29/><W104/><G104/><T32/><D32/><U93/><E129/><V17/><F24/><W11/><G11/><T119/><D119/><N who="3" m="45609" /><G27/><T44/><D41/><U14/><E23/><V96/><REACH who="2" step="1"/><F63/><REACH who="2" ten="709,77,65,139" step="2"/><W2/><G26/><T62/><REACH who="0" step="1"/><D122/><REACH who="0" ten="699,77,65,139" step="2"/><U98/><E75/><V8/><F8/><W101/><G30/><T117/><D117/><U38/><E74/><V20/><F20/><W51/><G22/><T4/><D4/><U28/><E28/><V10/><F10/><W106/><G2/><T13/><D13/><U102/><E14/><V133/><F133/><W70/><G61/><T33/><D33/><U5/><E9/><V132/><F132/><W78/><G66/><T58/><D58/><U113/><E5/><V65/><F65/><W80/><G70/><T18/><D18/><U35/><E35/><V84/><F84/><W92/><G68/><T69/><D69/><U43/><E59/><V7/><F7/><W54/><G85/><T109/><D109/><U128/><E113/><V25/><F25/><W130/><G130/><T21/><D21/><U81/><E128/><RYUUKYOKU ba="0,2" sc="699,15,77,-15,65,15,139,-15" hai0="12,15,37,40,44,53,56,62,72,79,83,97,100" hai2="16,17,47,55,60,64,71,82,86,88,90,94,96" /><INIT seed="6,1,2,5,2,129" ten="714,62,80,124" oya="2" hai0="23,91,121,34,110,114,95,26,6,3,68,41,122" hai1="60,80,38,120,125,69,12,36,11,19,58,100,131" hai2="102,86,74,14,117,9,84,88,107,49,24,53,119" hai3="134,75,82,92,61,59,113,78,135,81,63,99,118"/><V54/><F74/><W128/><G118/><T67/><D34/><U132/><E69/><V103/><F24/><W25/><G128/><T31/><D110/><U32/><E131/><V76/><F107/><W56/><G25/><T52/><D41/><U16/><E32/><V42/><F42/><W44/><G44/><T55/><D68/><U133/><E100/><N who="2" m="38443" /><F117/><W101/><G82/><T1/><D67/><N who="1" m="39319" /><E120/><V96/><F54/><W85/><G75/><T72/><D72/><U48/><E48/><V28/><F28/><W21/><G113/><T0/><D6/><U18/><E80/><V62/><F62/><W123/><G123/><T87/><D114/><U43/><E43/><V97/><F76/><W109/><G109/><T8/><D8/><U127/><E38/><V112/><F86/><W71/><G21/><T115/><D115/><U13/><E36/><V50/><F50/><W73/><G73/><T90/><D122/><U105/><E105/><V130/><F130/><W108/><G108/><T89/><D121/><U47/><E47/><N who="2" m="27839" /><F119/><W27/><G27/><T37/><D37/><U4/><E12/><V35/><F35/><W7/><G71/><T17/><D31/><U45/><E45/><V116/><F116/><W39/><G39/><T5/><D55/><U64/><E64/><V30/><F30/><W83/><G61/><T79/><D79/><U46/><E46/><V66/><F66/><W77/><G63/><T29/><D29/><U22/><E22/><V94/><F112/><W2/><G77/><T65/><D65/><U40/><E40/><V106/><F106/><RYUUKYOKU ba="1,2" sc="714,-15,62,15,80,15,124,-15" hai1="4,11,13,16,18,19,125,127,132,133" hai2="9,14,84,88,94,96,97" /><INIT seed="6,2,2,4,0,74" ten="699,77,95,109" oya="2" hai0="121,84,102,96,64,76,135,89,5,129,85,41,125" hai1="21,133,63,71,78,77,27,106,59,10,107,47,134" hai2="49,117,23,19,111,53,87,43,46,66,115,99,7" hai3="88,1,37,104,100,81,11,105,131,90,2,6,68"/><V94/><F117/><W92/><G68/><T69/><D41/><U113/><E71/><V72/><F72/><W112/><G2/><T29/><D5/><U32/><E32/><V31/><F115/><W93/><G100/><T108/><D29/><N who="1" m="17647" /><E47/><V103/><F7/><W116/><G116/><T119/><D121/><U122/><E113/><V65/><F31/><W82/><G37/><T42/><D85/><U123/><E10/><V95/><F111/><W67/><G67/><T38/><D89/><U132/><E107/><V70/><F70/><W12/><G112/><T30/><D96/><U45/><E45/><V15/><F43/><W33/><G33/><T40/><D125/><U91/><E91/><AGARI ba="2,2" hai="15,19,23,46,49,53,65,66,87,91,94,95,99,103" machi="91" ten="40,2000,0" yaku="8,1" doraHai="74" who="2" fromWho="1" sc="699,0,77,-26,95,46,109,0" /><INIT seed="6,3,0,3,5,128" ten="699,51,141,109" oya="2" hai0="106,96,32,33,0,42,123,53,117,135,48,18,81" hai1="111,101,100,61,38,94,14,6,64,60,107,77,19" hai2="26,8,87,84,59,54,41,20,37,86,120,27,115" hai3="89,88,46,63,127,112,11,31,110,65,74,97,50"/><V55/><F120/><W10/><G74/><T16/><D0/><U4/><E111/><V113/><F8/><W129/><G110/><T119/><D42/><U49/><E107/><V69/><F69/><W99/><G129/><T102/><D81/><U9/><E38/><V108/><F108/><W36/><G36/><T47/><D123/><U92/><E77/><V134/><F134/><W75/><G75/><T124/><D124/><U70/><E49/><V56/><F41/><W80/><G31/><T15/><D135/><U21/><E60/><N who="2" m="35863" /><F37/><W58/><G112/><N who="2" m="43081" /><F20/><W44/><G127/><T2/><D2/><U109/><E6/><V35/><F35/><N who="0" m="13386" /><D15/><U118/><E109/><V30/><F30/><W122/><G122/><T43/><D43/><U72/><E72/><V22/><F22/><W34/><G34/><T68/><D68/><U45/><E45/><N who="3" m="17514" /><G50/><AGARI ba="3,0" hai="26,27,50,55,59,84,86,87" m="43081,35863" machi="50" ten="30,1500,0" yaku="15,1" doraHai="128" who="2" fromWho="3" sc="699,0,51,0,141,24,109,-24" /><INIT seed="6,4,0,2,2,30" ten="699,51,165,85" oya="2" hai0="92,8,128,71,0,34,23,121,94,54,113,33,130" hai1="111,65,90,73,78,133,129,21,131,20,35,2,52" hai2="74,45,41,31,16,60,15,98,122,86,100,6,38" hai3="56,93,72,106,67,1,85,25,126,57,108,114,47"/><V58/><F122/><W27/><G108/><T64/><D54/><U127/><E111/><V14/><F74/><W135/><G106/><T102/><D121/><U24/><E2/><V62/><F31/><W55/><G1/><T70/><D113/><U103/><E103/><V134/><F134/><W9/><G72/><T5/><D23/><U83/><E65/><V4/><F86/><W13/><G114/><T63/><D71/><U39/><E39/><V43/><F15/><W110/><G126/><T96/><REACH who="0" step="1"/><D92/><REACH who="0" ten="689,51,165,85" step="2"/><U95/><E95/><N who="2" m="58463" /><F45/><W40/><G55/><T84/><D84/><U80/><E73/><V105/><F105/><W17/><G85/><T119/><D119/><U115/><E115/><V59/><F38/><W116/><G93/><T124/><D124/><U132/><E127/><V11/><F59/><W88/><G57/><T87/><D87/><U79/><E52/><N who="2" m="33863" /><F62/><W61/><G116/><T28/><D28/><U107/><E107/><V101/><F101/><W104/><G104/><T46/><D46/><U99/><E133/><V69/><F69/><W97/><G135/><T118/><D118/><U91/><E132/><V53/><F53/><W42/><G47/><T19/><D19/><U49/><E79/><V32/><F32/><AGARI ba="4,1" hai="0,5,8,32,33,34,63,64,70,94,96,102,128,130" machi="32" ten="40,8000,1" yaku="1,1,52,3,53,0" doraHai="30" doraHaiUra="51" who="0" fromWho="2" sc="689,102,51,0,165,-92,85,0" /><INIT seed="7,0,0,4,3,12" ten="791,51,73,85" oya="3" hai0="17,28,122,58,60,99,77,116,92,118,35,44,39" hai1="90,120,100,7,36,8,20,30,96,41,64,32,68" hai2="72,29,18,5,114,102,86,70,59,25,16,24,48" hai3="83,26,113,75,21,132,133,79,94,2,84,104,69"/><W124/><G2/><T50/><D39/><U54/><E120/><V125/><F72/><W126/><G69/><T95/><D77/><U63/><E54/><N who="2" m="32199" /><F70/><W74/><G104/><T76/><D17/><N who="2" m="6762" /><F114/><W108/><G113/><T81/><D28/><U106/><E90/><V10/><F125/><W46/><G108/><T111/><D35/><U23/><E36/><V40/><F40/><W66/><G75/><T65/><D122/><U130/><E130/><V13/><F102/><W3/><G74/><T67/><D67/><U27/><E41/><V55/><F55/><W71/><G66/><T11/><D11/><U52/><E52/><V43/><F43/><W15/><G71/><T121/><D121/><U78/><E78/><V1/><F1/><AGARI ba="0,0" hai="1,7,8,20,23,27,30,32,63,64,68,96,100,106" machi="1" ten="30,3900,0" yaku="7,1,25,2" doraHai="12" who="1" fromWho="2" sc="791,0,51,39,73,-39,85,0" owari="791,89.0,90,-11.0,34,-47.0,85,-31.0" /></mjloggm>