<mjloggm ver="2.3"><GO type="97" lobby="0"/><UN n0="%E5%B0%B1%E6%B4%BB%E7%94%9F%40%E5%B7%9D%E6%9D%91%E8%BB%8D%E5%9B%A3" n1="%63%6F%6E%75%6C%61" n2="%6B%6F%75%6A%69%32%37" n3="%E3%81%A7%E3%82%80%E3%81%B1" dan="14,14,13,13" rate="1958.86,1968.97,1947.96,1833.77" sx="M,M,M,F"/><TAIKYOKU oya="0"/><INIT seed="0,0,0,4,2,126" ten="250,250,250,250" oya="0" hai0="76,45,128,37,58,66,85,53,121,100,60,34,31" hai1="55,7,87,70,97,41,107,127,80,48,28,21,133" hai2="18,135,119,50,63,39,78,124,77,36,25,118,131" hai3="57,30,23,82,12,129,109,38,14,120,4,110,26"/><T65/><D121/><U81/><E70/><V22/><F124/><W10/><G38/><T33/><D100/><U103/><E127/><V2/><F2/><W105/><G120/><T132/><D132/><U42/><E7/><V95/><F135/><W32/><G105/><T73/><D73/><U29/><E133/><V111/><F95/><W5/><G129/><T71/><D128/><U19/><E80/><V93/><F131/><W47/><G47/><T91/><D76/><U8/><E8/><V1/><F1/><W99/><G99/><T123/><D123/><U115/><E115/><V114/><F114/><W134/><G57/><T51/><D31/><U116/><E116/><V13/><F93/><W62/><G62/><T104/><D104/><U90/><E29/><V44/><F111/><N who="3" m="42507" /><G82/><N who="0" m="49591" /><D66/><U68/><E28/><V11/><F119/><W94/><G94/><T96/><D96/><U79/><E68/><V52/><F118/><W112/><G112/><T84/><D84/><U46/><E79/><V122/><F122/><W15/><G134/><T0/><D0/><U75/><E75/><V20/><F20/><W64/><G64/><T9/><D9/><U130/><E130/><V49/><F49/><W117/><G117/><T92/><D92/><U24/><AGARI ba="0,0" hai="19,21,24,41,42,46,48,55,81,87,90,97,103,107" machi="24" ten="20,1500,0" yaku="0,1,7,1" doraHai="126" who="1" fromWho="1" sc="250,-7,250,15,250,-4,250,-4" /><INIT seed="1,0,0,0,5,58" ten="243,265,246,246" oya="1" hai0="90,88,14,131,82,117,118,42,134,92,67,101,112" hai1="102,34,54,4,59,31,18,133,105,24,11,132,12" hai2="128,91,71,56,103,44,10,106,26,100,127,53,79" hai3="129,38,85,57,55,3,27,93,126,8,29,16,76"/><U9/><E105/><V6/><F128/><W72/><G72/><T2/><D2/><U20/><E102/><V119/><F127/><W37/><G126/><T13/><D131/><U64/><E64/><V96/><F119/><W35/><G129/><T77/><D112/><U70/><E70/><V83/><F71/><W74/><G74/><T68/><D134/><U75/><E75/><V28/><F103/><W89/><G76/><T114/><D114/><U7/><E59/><V87/><F44/><W107/><G107/><T36/><D101/><U115/><E54/><V22/><F6/><W0/><G0/><T32/><D32/><U30/><E30/><V63/><REACH who="2" step="1"/><F10/><REACH who="2" ten="243,265,236,246" step="2"/><N who="1" m="3593" /><E115/><V78/><AGARI ba="0,1" hai="22,26,28,53,56,63,78,79,83,87,91,96,100,106" machi="78" ten="30,7900,0" yaku="1,1,0,1,52,1,53,1" doraHai="58" doraHaiUra="94" who="2" fromWho="2" sc="243,-20,265,-39,236,89,246,-20" /><INIT seed="2,0,0,5,1,81" ten="223,226,325,226" oya="2" hai0="130,54,5,15,56,66,121,108,100,3,69,24,101" hai1="87,34,91,52,63,61,23,85,72,99,45,26,32" hai2="64,12,42,51,10,76,68,30,18,119,41,50,126" hai3="84,77,103,134,46,125,120,11,129,29,60,57,22"/><V86/><F119/><W93/><G120/><T47/><D3/><U106/><E72/><V89/><F126/><W98/><G125/><T105/><D121/><U48/><E34/><V122/><F122/><W19/><G129/><T71/><D105/><U27/><E32/><V117/><F117/><W14/><G134/><T53/><D130/><U90/><E106/><V62/><F30/><W113/><G46/><T115/><D115/><U17/><E99/><V111/><F111/><W110/><G113/><T33/><D71/><U8/><E8/><V37/><F76/><W70/><G70/><T67/><D69/><U128/><E128/><V39/><F39/><W59/><G110/><T127/><D127/><U83/><E26/><V116/><F116/><W4/><G59/><T97/><D24/><U96/><E96/><V102/><F102/><N who="0" m="39530" /><D97/><U123/><E123/><V6/><F6/><W38/><G38/><T36/><D33/><U109/><E109/><V79/><F79/><W124/><G124/><T118/><D118/><U135/><E135/><V16/><F18/><W82/><G29/><T58/><D36/><U74/><E74/><V21/><F10/><W75/><G75/><T104/><D104/><U55/><E55/><N who="0" m="21001" /><D47/><U94/><AGARI ba="0,0" hai="17,23,27,45,48,52,61,63,83,85,87,90,91,94" machi="94" ten="20,12000,2" yaku="0,1,7,1,8,1,52,2,54,1" doraHai="81" who="1" fromWho="1" sc="223,-30,226,120,325,-60,226,-30" /><INIT seed="3,0,0,5,0,83" ten="193,346,265,196" oya="3" hai0="125,43,49,18,96,9,7,119,115,6,39,102,86" hai1="71,130,56,50,121,80,75,131,55,112,25,106,13" hai2="8,103,123,32,64,133,85,84,124,30,4,67,82" hai3="46,63,113,40,15,98,90,22,88,23,27,26,41"/><W0/><G113/><T57/><D39/><U34/><E71/><V107/><F133/><W122/><G0/><T3/><D115/><U104/><E112/><V127/><F32/><W36/><G122/><T78/><D119/><U79/><E121/><V20/><F82/><W48/><G63/><T87/><D125/><U120/><E120/><V28/><F123/><W11/><G36/><T111/><D78/><U17/><E25/><N who="3" m="9226" /><G41/><T51/><D111/><U100/><E34/><V132/><F132/><W61/><G61/><T97/><D3/><U19/><E19/><V58/><F107/><W68/><G68/><T89/><D49/><U110/><E110/><V99/><F103/><W74/><G74/><T2/><D2/><U42/><E42/><V47/><F47/><W53/><G98/><N who="0" m="37995" /><D102/><U101/><E101/><V72/><F72/><W128/><G128/><N who="1" m="49194" /><E100/><V10/><F99/><W5/><G40/><T73/><D73/><U21/><AGARI ba="0,0" hai="13,17,21,50,55,56,75,79,80,104,106" m="49194" machi="21" ten="30,1100,0" yaku="19,1" doraHai="83" who="1" fromWho="1" sc="193,-3,346,11,265,-3,196,-5" owari="190,-31.0,357,46.0,262,6.0,191,-21.0" /></mjloggm>