<mjloggm ver="2.3"><GO type="225" lobby="0"/><UN n0="%E3%82%84%E3%81%BE%E3%83%BC%E3%82%93" n1="%E4%BC%9D%E8%AA%AC%E3%81%AE%E3%81%B2%E3%82%88%E3%81%93" n2="%E3%81%AA%E3%81%A3%E3%81%8D%E3%82%8A" n3="%E3%83%88%E3%83%88%E3%83%AA%E5%85%88%E7%94%9F%31%39%E6%AD%B3" dan="16,16,17,16" rate="2134.60,2135.69,2175.41,2182.63" sx="M,F,M,F"/><TAIKYOKU oya="0"/><INIT seed="0,0,0,4,1,91" ten="250,250,250,250" oya="0" hai0="70,105,81,131,9,102,86,39,83,40,75,71,119" hai1="124,60,129,95,30,25,106,130,80,46,65,50,58" hai2="17,66,97,64,48,90,29,92,96,59,28,5,8" hai3="19,109,111,99,10,24,79,104,69,74,7,1,44"/><T126/><D119/><U121/><E106/><V112/><F112/><W128/><G69/><T33/><D33/><U56/><E121/><V85/><F17/><W123/><G128/><N who="1" m="49258" /><E124/><V2/><F66/><W127/><G123/><T122/><D122/><U47/><E80/><V20/><F20/><N who="3" m="13343" /><G44/><T76/><D126/><U18/><E18/><V110/><F110/><N who="3" m="41995" /><G127/><T135/><D135/><U27/><E27/><V61/><REACH who="2" step="1"/><F48/><REACH who="2" ten="250,250,240,250" step="2"/><W93/><G104/><T38/><D105/><U132/><E50/><V88/><F88/><N who="3" m="55719" /><G79/><T26/><D76/><U35/><E132/><V78/><F78/><W36/><G36/><T45/><D39/><U87/><E65/><V53/><F53/><W11/><G11/><T54/><D38/><U68/><E60/><V52/><F52/><W120/><G120/><T37/><D37/><U3/><E68/><V133/><F133/><W89/><G89/><T51/><D70/><U114/><E114/><V34/><F34/><W23/><G23/><T118/><D71/><U62/><E62/><V15/><F15/><W0/><G74/><T55/><D75/><U43/><E35/><V113/><F113/><W134/><G134/><T31/><D131/><U98/><E47/><V101/><F101/><W32/><G32/><T94/><D45/><U116/><E46/><V100/><F100/><W14/><AGARI ba="0,1" hai="0,1,7,10,14" m="55719,41995,13343" machi="14" ten="30,4000,0" yaku="14,1,52,1,54,1" doraHai="91" who="3" fromWho="3" sc="250,-20,250,-10,240,-10,250,50" /><INIT seed="1,0,0,5,0,26" ten="230,240,230,300" oya="1" hai0="129,49,48,10,45,23,72,115,91,54,16,122,62" hai1="102,80,20,17,88,53,35,32,79,30,133,2,63" hai2="43,134,78,40,120,24,36,69,70,85,66,1,50" hai3="6,27,107,31,14,97,77,33,111,96,92,28,130"/><U41/><E2/><V0/><F120/><W132/><G111/><T94/><D72/><U101/><E35/><V4/><F50/><W81/><G130/><T112/><D129/><U57/><E133/><V104/><F104/><W123/><G123/><T117/><D117/><U127/><E127/><V87/><F24/><W76/><G132/><T83/><D83/><U90/><E32/><V118/><F134/><W39/><G39/><T108/><D108/><U3/><E3/><V71/><F4/><W116/><G116/><T60/><D122/><U74/><E41/><V135/><F135/><W125/><G125/><T89/><D89/><U86/><E90/><V22/><F71/><W25/><G107/><T37/><D37/><U100/><E30/><V68/><F68/><W19/><G6/><T67/><D10/><U55/><E55/><V5/><F5/><W58/><G58/><T65/><D49/><U21/><REACH who="1" step="1"/><E17/><REACH who="1" ten="230,230,230,300" step="2"/><V11/><F118/><W15/><G19/><T119/><D119/><U93/><AGARI ba="0,1" hai="20,21,53,57,63,74,79,80,86,88,93,100,101,102" machi="93" ten="30,11700,0" yaku="1,1,2,1,0,1,54,1,53,0" doraHai="26" doraHaiUra="121" who="1" fromWho="1" sc="230,-39,230,127,230,-39,300,-39" /><INIT seed="1,1,0,0,5,47" ten="191,357,191,261" oya="1" hai0="34,111,18,6,93,70,52,30,22,132,57,23,114" hai1="128,72,96,1,117,102,101,9,118,43,79,134,62" hai2="54,44,124,20,110,51,112,68,90,66,55,85,120" hai3="74,36,71,50,11,5,27,131,48,40,73,32,63"/><U86/><E128/><V13/><F120/><W49/><G131/><T33/><D70/><U108/><E43/><V126/><F110/><W95/><G36/><T2/><D111/><U100/><E62/><N who="2" m="40023" /><F112/><W133/><G133/><T80/><D132/><U89/><E1/><V69/><F20/><W92/><G40/><T4/><D80/><N who="1" m="45159" /><E9/><V29/><F13/><W42/><G42/><T28/><D114/><U0/><E0/><V121/><F29/><W116/><G116/><N who="1" m="44650" /><E108/><V7/><F121/><W113/><G113/><T104/><D2/><U88/><E89/><V58/><F7/><W56/><G71/><T94/><D18/><U37/><E37/><V103/><F69/><W75/><G27/><T39/><D39/><U53/><E53/><V129/><F129/><W60/><G32/><T82/><D57/><U15/><E15/><V45/><F55/><W109/><G109/><T127/><D52/><U105/><E134/><V83/><F103/><W81/><G11/><T46/><D46/><U59/><E59/><V65/><F65/><W8/><G8/><T35/><D33/><U16/><E16/><V91/><F91/><W107/><G5/><T12/><D12/><U3/><E3/><V24/><F24/><W84/><G56/><T106/><REACH who="0" step="1"/><D82/><AGARI ba="1,0" hai="82,86,88,96,100,101,102,105" m="44650,45159" machi="82" ten="30,5800,0" yaku="34,2,54,1" doraHai="47" who="1" fromWho="0" sc="191,-61,357,61,191,0,261,0" /><INIT seed="1,2,0,5,0,123" ten="130,418,191,261" oya="1" hai0="113,38,3,110,106,73,114,58,59,10,97,68,12" hai1="35,0,127,61,17,22,47,89,120,108,95,29,30" hai2="24,82,70,76,27,25,23,96,63,11,31,16,90" hai3="79,14,39,119,5,55,101,52,41,111,86,2,34"/><U91/><E120/><V18/><F70/><W130/><G34/><T1/><D38/><U102/><E0/><V122/><F122/><W117/><G2/><T46/><D73/><U133/><E102/><V131/><F131/><W85/><G130/><T94/><D106/><U100/><E100/><V45/><F63/><W107/><G41/><T74/><D74/><U99/><E35/><V33/><F45/><W118/><G39/><T135/><D68/><U9/><E9/><V8/><F24/><W125/><G125/><T88/><D110/><U37/><E108/><V134/><F134/><W126/><G111/><T20/><D135/><U21/><E133/><V13/><F8/><N who="3" m="4367" /><G126/><T132/><D132/><U109/><E22/><V49/><F49/><W36/><G36/><T72/><D72/><U84/><E61/><V44/><F44/><W64/><G64/><T62/><D1/><U32/><E32/><V105/><F105/><W50/><G79/><T57/><D3/><U103/><E109/><V115/><F115/><W56/><G55/><T121/><D121/><U65/><E65/><V43/><F43/><W116/><G116/><T26/><D113/><U28/><E127/><V42/><F42/><W81/><G81/><T78/><D78/><U75/><E75/><N who="2" m="43295" /><F90/><W77/><G77/><T15/><D46/><U129/><E129/><V6/><F6/><W69/><G69/><T7/><D114/><U83/><E47/><V67/><F67/><W104/><G104/><T92/><D92/><U71/><E71/><V66/><F66/><W53/><G53/><N who="0" m="34159" /><D15/><N who="1" m="9407" /><E37/><V19/><F19/><AGARI ba="2,0" hai="7,10,12,19,20,26,57,58,88,94,97" m="34159" machi="19" ten="30,7700,0" yaku="6,1,25,1,8,1,54,1" doraHai="123" who="0" fromWho="2" sc="130,83,418,0,191,-83,261,0" /><INIT seed="2,0,0,1,0,89" ten="213,418,108,261" oya="2" hai0="85,113,0,43,116,68,57,126,70,110,100,28,36" hai1="37,118,83,40,135,112,81,19,41,122,127,99,23" hai2="98,80,12,8,86,47,104,128,73,49,91,119,120" hai3="48,103,95,107,87,24,121,9,123,32,54,6,20"/><V50/><F120/><W4/><G32/><T102/><D0/><U52/><E81/><V74/><F119/><W63/><G107/><T62/><D28/><U34/><E83/><V94/><F128/><W114/><G114/><T15/><D15/><U14/><E34/><V30/><F30/><W1/><G6/><T109/><D113/><U93/><E135/><V66/><F66/><W69/><G63/><T72/><D72/><U134/><E134/><V131/><F131/><W79/><G69/><T64/><D126/><U33/><E33/><V129/><F129/><W130/><G130/><T51/><D36/><U88/><E118/><V26/><F26/><W76/><G123/><T10/><D10/><U65/><E112/><V96/><F49/><W59/><G121/><T17/><D17/><U75/><E75/><V53/><F98/><W13/><G1/><T22/><D116/><U45/><E37/><V56/><F56/><W111/><G111/><T44/><D22/><U21/><E65/><V38/><F104/><W46/><G59/><T25/><D25/><N who="1" m="14527" /><E127/><V117/><F117/><W106/><G106/><T84/><D70/><U101/><E101/><N who="0" m="39017" /><D68/><U90/><E122/><V3/><F3/><W67/><G67/><T7/><D7/><U39/><E39/><V71/><F71/><W11/><G103/><T124/><D124/><U31/><E31/><V82/><F82/><W108/><G4/><T16/><D16/><U78/><E14/><V133/><F133/><W18/><G13/><T61/><D61/><U97/><E23/><V55/><F55/><W105/><G54/><RYUUKYOKU ba="0,0" sc="213,30,418,-10,108,-10,261,-10" hai0="43,44,51,57,62,64,84,85,109,110" /><INIT seed="3,1,0,4,1,76" ten="243,408,98,251" oya="3" hai0="28,4,90,88,56,128,109,74,33,126,111,68,95" hai1="77,36,60,59,133,63,14,118,62,129,22,18,107" hai2="117,75,97,38,79,5,23,39,121,122,55,120,135" hai3="131,10,96,132,8,11,16,57,40,37,47,52,15"/><W32/><G32/><T73/><D68/><U53/><E107/><V127/><F117/><W46/><G131/><T110/><D4/><U105/><E105/><V78/><F127/><W50/><G132/><T72/><D128/><U2/><E2/><V0/><F135/><W29/><G29/><T66/><D126/><U27/><E36/><V100/><F78/><W94/><REACH who="3" step="1"/><G47/><REACH who="3" ten="243,408,98,241" step="2"/><T106/><D106/><U70/><E133/><V25/><F55/><W3/><G3/><T125/><D125/><U51/><E129/><V65/><F65/><W130/><G130/><T104/><D104/><U35/><E118/><V45/><F45/><W103/><AGARI ba="1,1" hai="8,10,11,15,16,37,40,46,50,52,57,94,96,103" machi="103" ten="20,18000,2" yaku="1,1,0,1,7,1,54,2,53,1" doraHai="76" doraHaiUra="93" who="3" fromWho="3" sc="243,-61,408,-61,98,-61,241,193" owari="182,-22.0,347,15.0,37,-46.0,434,53.0" /></mjloggm>