<mjloggm ver="2.3"><GO type="97" lobby="0"/><UN n0="%E7%B4%85%E6%B5%AA%E6%BC%AB" n1="%59%4F%47%48%4F%55%52%54" n2="%E5%B0%B1%E6%B4%BB%E7%94%9F%40%E5%B7%9D%E6%9D%91%E8%BB%8D%E5%9B%A3" n3="%E9%9B%80%E9%AC%BC%E8%94%B5%E6%88%B8" dan="14,13,14,15" rate="1893.27,1864.29,1935.45,1895.89" sx="M,M,M,M"/><TAIKYOKU oya="0"/><INIT seed="0,0,0,1,0,27" ten="250,250,250,250" oya="0" hai0="18,28,75,58,4,21,48,14,8,86,104,59,24" hai1="113,87,69,49,9,46,74,81,91,82,111,52,54" hai2="131,34,106,23,19,94,126,30,55,98,32,25,123" hai3="77,2,133,11,93,84,130,76,65,6,26,66,45"/><T135/><D75/><U124/><E111/><V127/><F123/><W110/><G133/><T51/><D104/><U29/><E124/><N who="2" m="47659" /><F131/><W118/><G110/><T119/><D119/><U50/><E113/><V70/><F70/><W31/><G118/><T68/><D68/><U78/><E69/><V72/><F72/><W112/><G112/><T101/><D101/><U114/><E9/><V36/><F36/><W17/><G17/><T15/><D86/><U120/><E114/><V35/><F106/><W47/><G130/><T33/><REACH who="0" step="1"/><D135/><REACH who="0" ten="240,250,250,250" step="2"/><U85/><E120/><V60/><F60/><W12/><G84/><T129/><D129/><U67/><E74/><V3/><F3/><W57/><G2/><T79/><D79/><U41/><E67/><V90/><F55/><W7/><G66/><T63/><D63/><U40/><E29/><AGARI ba="0,1" hai="19,23,25,29,30,32,34,35,90,94,98" m="47659" machi="29" ten="40,5200,0" yaku="18,1,52,2" doraHai="27" who="2" fromWho="1" sc="240,0,250,-52,250,62,250,0" /><INIT seed="1,0,0,4,1,116" ten="240,198,312,250" oya="1" hai0="82,35,87,125,49,99,100,101,14,121,133,18,126" hai1="124,57,107,1,74,10,6,115,75,27,77,52,111" hai2="114,58,73,123,98,33,104,106,29,132,112,40,135" hai3="48,78,31,61,94,4,47,91,83,65,95,17,122"/><U96/><E115/><N who="2" m="44075" /><F73/><W25/><G122/><T119/><D35/><U134/><E124/><N who="0" m="47721" /><D119/><U93/><E111/><V102/><F40/><W129/><G4/><T81/><D49/><U8/><E134/><N who="2" m="51243" /><F58/><W68/><G17/><T51/><D133/><U13/><E107/><N who="2" m="63959" /><F123/><W70/><G70/><T118/><D118/><U84/><E77/><V85/><F85/><W28/><G68/><T59/><D121/><U62/><E84/><V3/><F3/><W2/><G2/><T90/><D59/><U120/><E120/><V0/><F0/><W36/><G47/><T80/><D51/><U26/><E74/><V71/><F71/><W23/><G48/><T19/><D99/><U55/><E75/><V12/><F12/><W109/><G25/><AGARI ba="0,0" hai="25,29,33,104,106" m="63959,51243,44075" machi="25" ten="30,3900,0" yaku="11,1,20,1,23,1" doraHai="116" who="2" fromWho="3" sc="240,0,198,0,312,39,250,-39" /><INIT seed="2,0,0,3,3,47" ten="240,198,351,211" oya="2" hai0="14,22,117,18,0,15,68,111,13,114,64,34,48" hai1="11,7,127,108,39,19,72,93,5,65,16,77,95" hai2="63,129,56,118,126,92,17,125,105,28,96,101,10" hai3="69,36,55,62,97,71,115,75,4,81,60,78,119"/><V58/><F118/><W103/><G119/><T120/><D68/><U23/><E39/><V52/><F129/><W59/><G36/><T90/><D64/><U21/><E108/><V130/><F130/><W70/><G4/><N who="1" m="1610" /><E72/><V44/><F28/><W80/><G80/><T86/><D117/><U113/><E77/><V109/><F109/><W27/><G115/><T128/><D128/><U132/><E113/><V135/><F135/><W76/><G76/><T26/><D114/><U112/><E112/><V40/><F58/><W33/><G33/><T43/><D111/><U46/><E65/><V42/><F105/><W123/><G27/><T41/><D0/><U99/><E99/><V82/><F82/><W35/><G35/><T122/><D48/><U110/><E110/><V131/><F131/><W30/><G30/><T91/><D120/><U29/><E127/><N who="2" m="48651" /><F44/><W38/><G38/><T121/><D121/><U54/><E132/><V66/><F66/><W124/><G123/><T100/><D122/><U84/><E29/><V106/><F106/><W6/><G124/><T32/><D34/><U51/><E11/><V83/><F83/><W104/><REACH who="3" step="1"/><G6/><REACH who="3" ten="240,198,351,201" step="2"/><T50/><D32/><U57/><E46/><V98/><F17/><N who="1" m="6729" /><E57/><V9/><F56/><W12/><G12/><T67/><D13/><U89/><E95/><V61/><F92/><W133/><G133/><T8/><D14/><U25/><E25/><V20/><F9/><W107/><G107/><T102/><D8/><U45/><AGARI ba="0,1" hai="21,23,45,51,54,84,89,93" m="6729,1610" machi="45" ten="30,4000,0" yaku="8,1,52,1,54,1" doraHai="47" who="1" fromWho="1" sc="240,-10,198,50,351,-20,201,-10" /><INIT seed="3,0,0,1,3,86" ten="230,248,331,191" oya="3" hai0="119,2,0,17,123,129,68,93,7,84,9,63,55" hai1="6,20,78,114,54,24,57,10,11,29,34,106,58" hai2="15,65,92,87,62,14,100,112,132,82,1,19,131" hai3="61,97,12,77,40,98,37,85,25,46,116,102,60"/><W80/><G116/><T89/><D119/><U21/><E106/><V39/><F1/><W5/><G98/><T128/><D123/><U23/><E78/><N who="2" m="46551" /><F39/><W95/><REACH who="3" step="1"/><G25/><REACH who="3" ten="230,248,331,181" step="2"/><T49/><D17/><U127/><E114/><V71/><F112/><W120/><G120/><T44/><D68/><U90/><E127/><V117/><F71/><W130/><G130/><N who="0" m="50283" /><D63/><U72/><E72/><V94/><F19/><W4/><G4/><T115/><D115/><U53/><E6/><V13/><F62/><W91/><G91/><T105/><D105/><U48/><E90/><V103/><F117/><W125/><G125/><T59/><D0/><U81/><E81/><V27/><F27/><W76/><G76/><T28/><D28/><U111/><E111/><V135/><F103/><W52/><G52/><T33/><D33/><U73/><E73/><V101/><F65/><W66/><G66/><T113/><D113/><U3/><E3/><V70/><F70/><W88/><G88/><T67/><D67/><U42/><E42/><V41/><F41/><W16/><G16/><T109/><D109/><U79/><E79/><V126/><F126/><W45/><G45/><AGARI ba="0,1" hai="2,7,9,44,45,49,55,59,84,89,93" m="50283" machi="45" ten="30,2000,0" yaku="19,1,52,1" doraHai="86" who="0" fromWho="3" sc="230,30,248,0,331,0,181,-20" owari="260,6.0,248,-15.0,331,43.0,161,-34.0" /></mjloggm>