<mjloggm ver="2.3"><GO type="169" lobby="0"/><UN n0="%E3%81%92%E3%81%A3%E3%81%A1" n1="%E7%B6%BE%E9%A6%99" n2="%E5%B0%B1%E6%B4%BB%E7%94%9F%40%E5%B7%9D%E6%9D%91%E8%BB%8D%E5%9B%A3" n3="%E3%81%9F%E3%82%93%E3%81%9F%E3%81%8B%E3%81%9F%E3%82%93" dan="16,17,17,16" rate="2072.56,2260.47,2196.20,2073.40" sx="M,F,M,M"/><TAIKYOKU oya="0"/><INIT seed="0,0,0,5,3,121" ten="250,250,250,250" oya="0" hai0="77,68,113,24,105,102,70,84,118,81,60,89,50" hai1="109,103,28,116,40,14,8,71,126,132,26,55,47" hai2="135,95,93,23,75,131,107,111,1,128,108,13,104" hai3="96,6,10,25,59,5,94,0,130,100,57,45,27"/><T42/><D113/><U82/><E116/><V69/><F1/><W98/><G130/><N who="2" m="49705" /><F69/><W72/><G72/><T66/><D118/><U41/><E126/><V12/><F75/><W120/><G6/><T79/><D70/><U80/><E71/><V87/><F135/><W30/><G27/><T49/><D24/><U83/><E132/><V119/><F119/><W51/><G98/><T127/><D127/><U15/><E103/><V124/><F124/><W7/><G7/><T67/><D67/><U99/><E99/><V54/><F54/><W129/><G129/><T20/><D20/><N who="1" m="15431" /><E109/><N who="2" m="42059" /><F87/><W9/><G120/><T101/><D42/><N who="1" m="16491" /><E8/><V34/><F34/><W115/><G10/><T29/><D84/><U125/><E125/><V92/><F23/><W133/><G133/><T85/><D85/><U31/><E31/><V16/><F16/><W35/><G115/><T76/><D29/><U32/><E32/><V110/><N who="2" m="42067" /><V88/><DORA hai="4" /><F88/><W21/><G35/><T56/><D89/><U38/><E38/><V33/><F33/><W112/><G112/><T43/><D43/><AGARI ba="0,0" hai="0,5,9,21,25,30,43,45,51,57,59,94,96,100" machi="43" ten="30,2000,0" yaku="7,1,52,1" doraHai="121,4" who="3" fromWho="0" sc="250,-20,250,0,250,0,250,20" /><INIT seed="1,0,0,1,1,70" ten="230,250,250,270" oya="1" hai0="3,90,18,130,123,51,44,13,5,107,6,72,9" hai1="96,66,83,129,101,117,11,91,82,98,24,38,106" hai2="37,74,32,10,54,25,28,14,79,63,103,77,15" hai3="26,1,19,53,122,48,67,135,42,0,7,127,102"/><U88/><E117/><V110/><F110/><W105/><G67/><T39/><D39/><U86/><E66/><V36/><F103/><W119/><G122/><T43/><D123/><U134/><E11/><V8/><F74/><W78/><G7/><T12/><D130/><U61/><E61/><V46/><F77/><W97/><G78/><T17/><D72/><U132/><E24/><V62/><F79/><W95/><G135/><N who="1" m="51754" /><E38/><V113/><F113/><W27/><G26/><T50/><D3/><U124/><E129/><V116/><F116/><W84/><G42/><T133/><D133/><U58/><E58/><V2/><F2/><W120/><G27/><T99/><D51/><U49/><E49/><V52/><F25/><W104/><G19/><T73/><D73/><U16/><E16/><V108/><F108/><W131/><G120/><T114/><D114/><U121/><E121/><V22/><F22/><W34/><G34/><T118/><D118/><U41/><E41/><V94/><F28/><W57/><G131/><T112/><D112/><U64/><E64/><V125/><F46/><W75/><G75/><T40/><D40/><U111/><E111/><V56/><F56/><W100/><G119/><T23/><D107/><N who="1" m="63911" /><E124/><V109/><F109/><W60/><G127/><T31/><D31/><U55/><E55/><V20/><F32/><W68/><G60/><T35/><D35/><U80/><E86/><V21/><F125/><W76/><G1/><T93/><AGARI ba="0,0" hai="5,6,9,12,13,17,18,23,43,44,50,90,93,99" machi="93" ten="30,2000,0" yaku="0,1,8,1" doraHai="70" who="0" fromWho="0" sc="230,20,250,-10,250,-5,270,-5" /><INIT seed="2,0,0,1,5,126" ten="250,240,245,265" oya="2" hai0="131,8,68,88,109,44,133,21,95,40,96,102,3" hai1="15,66,78,74,6,34,105,39,61,110,31,83,113" hai2="134,37,65,124,121,87,111,5,100,1,64,73,43" hai3="13,12,22,82,79,7,59,11,25,71,117,47,56"/><V97/><F121/><W76/><G71/><T101/><D68/><U46/><E113/><V129/><F124/><W55/><G117/><T91/><D109/><U84/><E105/><V72/><F87/><W107/><G107/><T30/><D133/><U24/><E110/><V51/><F111/><W122/><G122/><T62/><D62/><U14/><E74/><V42/><F51/><N who="3" m="29183" /><G12/><T81/><D131/><U19/><E6/><V29/><F29/><N who="3" m="17591" /><G82/><T98/><D81/><U86/><E86/><V94/><F5/><W18/><G18/><T17/><D30/><U26/><E26/><V135/><F1/><W32/><G32/><T125/><D125/><U127/><E127/><V132/><F129/><W58/><AGARI ba="0,0" hai="7,11,13,56,58,59,76,79" m="17591,29183" machi="58" ten="30,1100,0" yaku="8,1" doraHai="126" who="3" fromWho="3" sc="250,-3,240,-3,245,-5,265,11" /><INIT seed="3,0,0,1,2,95" ten="247,237,240,276" oya="3" hai0="5,79,76,55,65,37,39,50,64,56,11,113,20" hai1="7,75,81,117,26,33,59,88,111,107,29,72,4" hai2="60,123,90,124,14,83,116,103,8,28,45,19,3" hai3="132,80,89,127,93,100,84,51,99,121,52,122,10"/><W104/><G132/><T131/><D131/><U13/><E111/><V71/><F116/><W101/><G127/><T125/><D125/><U23/><E117/><V115/><F115/><W129/><G129/><T24/><D113/><U9/><E107/><V62/><F124/><W46/><G101/><T110/><D110/><U31/><E59/><V49/><F3/><W6/><REACH who="3" step="1"/><G104/><REACH who="3" ten="247,237,240,266" step="2"/><T69/><D37/><U40/><E33/><V16/><F103/><W68/><G68/><T119/><D39/><U77/><E4/><V58/><F71/><W53/><G53/><T97/><D69/><U2/><E40/><V118/><F118/><W86/><G86/><T12/><D119/><U35/><E35/><V22/><F123/><W43/><G43/><T34/><D34/><U135/><E135/><V96/><F28/><W130/><G130/><T134/><D134/><U112/><E31/><V1/><F1/><AGARI ba="0,1" hai="1,6,10,46,51,52,80,84,89,93,99,100,121,122" machi="1" ten="30,11600,0" yaku="1,1,7,1,52,1,54,1,53,0" doraHai="95" doraHaiUra="126" who="3" fromWho="2" sc="247,0,237,0,240,-116,266,126" /><INIT seed="3,1,0,4,3,29" ten="247,237,124,392" oya="3" hai0="97,39,55,20,107,38,58,92,134,41,119,127,14" hai1="81,98,111,25,66,5,37,7,36,95,62,34,104" hai2="21,110,2,65,49,59,63,71,117,101,6,108,74" hai3="27,44,83,80,94,52,40,61,129,60,128,12,32"/><W35/><G94/><T84/><D119/><U96/><E111/><V50/><F74/><W122/><G12/><T105/><D127/><U88/><E81/><N who="3" m="31306" /><G27/><T46/><D84/><U53/><E53/><V93/><F6/><W45/><G122/><T57/><D38/><U106/><E106/><V56/><F2/><W126/><G126/><T43/><D43/><U121/><E121/><V77/><F77/><W112/><G112/><T69/><D69/><N who="1" m="42199" /><E5/><V64/><F93/><W100/><G100/><T19/><D134/><U87/><E87/><V68/><F101/><W103/><G103/><T42/><D42/><U89/><E7/><V47/><F21/><W51/><G61/><T124/><D124/><U24/><E24/><V90/><F90/><W91/><G91/><T9/><D92/><U82/><E82/><V8/><F8/><W17/><G17/><T16/><D97/><U30/><E89/><V133/><F63/><W99/><G99/><T85/><D85/><U18/><E18/><V109/><F109/><W86/><G86/><T23/><D9/><U102/><AGARI ba="1,0" hai="25,30,34,36,37,88,95,96,98,102,104" m="42199" machi="102" ten="30,4000,0" yaku="25,1,52,1,54,1" doraHai="29" who="1" fromWho="1" sc="247,-11,237,43,124,-11,392,-21" /><INIT seed="4,0,0,3,1,123" ten="236,280,113,371" oya="0" hai0="34,125,28,55,6,32,65,68,10,112,135,22,57" hai1="121,40,12,103,120,69,104,82,131,126,97,21,127" hai2="94,53,110,86,37,19,0,92,9,67,52,60,108" hai3="48,107,24,7,84,114,70,63,46,50,116,100,102"/><T11/><D112/><U62/><E40/><V43/><F37/><W41/><G116/><T90/><D135/><U122/><E131/><V5/><F43/><W18/><G107/><T133/><D133/><U130/><E130/><V47/><F19/><W87/><G48/><T27/><D125/><N who="1" m="47627" /><E82/><V72/><F72/><W93/><G7/><T49/><D90/><U88/><E88/><V30/><F30/><W105/><G105/><T85/><D85/><U1/><E1/><V89/><F92/><W119/><G119/><T8/><REACH who="0" step="1"/><D6/><REACH who="0" ten="226,280,113,371" step="2"/><U78/><E78/><V101/><F101/><W33/><G87/><T54/><D54/><U111/><E121/><V76/><F76/><W109/><G84/><T80/><D80/><U29/><E120/><V15/><F0/><W95/><G100/><T2/><D2/><U75/><E103/><V59/><REACH who="2" step="1"/><F47/><REACH who="2" ten="226,280,103,371" step="2"/><W77/><G46/><T42/><D42/><U118/><E122/><V51/><F51/><W20/><G50/><T31/><D31/><U36/><E29/><V117/><F117/><W106/><G41/><T16/><D16/><U74/><E118/><V45/><F45/><W44/><G18/><T113/><D113/><U79/><E79/><V96/><F96/><W64/><G44/><T132/><D132/><U4/><E97/><V23/><F23/><W98/><G77/><T81/><D81/><U58/><E21/><V17/><F17/><W83/><G114/><T99/><D99/><U35/><E74/><V124/><F124/><W61/><G83/><T115/><D115/><U128/><E75/><V73/><F73/><RYUUKYOKU ba="0,2" sc="226,15,280,-15,103,15,371,-15" hai0="8,10,11,22,27,28,32,34,49,55,57,65,68" hai2="5,9,15,52,53,59,60,67,86,89,94,108,110" /><INIT seed="4,1,2,1,5,41" ten="241,265,118,356" oya="0" hai0="69,92,101,38,111,54,114,17,77,33,55,96,3" hai1="50,107,71,90,134,93,75,63,81,67,56,48,135" hai2="113,116,22,83,32,30,88,43,132,110,12,125,7" hai3="36,117,74,51,87,128,105,94,13,73,9,37,122"/><T112/><D69/><U23/><E107/><V118/><F110/><W91/><G117/><T14/><D3/><U85/><E23/><V123/><F123/><W89/><G105/><T59/><D111/><U1/><E1/><V129/><F125/><W64/><G36/><T45/><D33/><U29/><E29/><V79/><F32/><W70/><G37/><T8/><D77/><N who="1" m="44223" /><E71/><V57/><F129/><W40/><G64/><T124/><D124/><U100/><E100/><V42/><F132/><AGARI ba="1,2" hai="48,50,56,63,67,85,90,93,132,134,135" m="44223" machi="132" ten="30,1000,0" yaku="20,1" doraHai="41" who="1" fromWho="2" sc="241,0,265,33,118,-13,356,0" /><INIT seed="5,0,0,5,5,58" ten="241,298,105,356" oya="1" hai0="100,6,28,22,78,108,13,81,17,65,55,135,10" hai1="118,45,101,11,39,27,43,74,97,31,105,109,68" hai2="119,54,44,66,98,70,93,102,86,72,83,96,34" hai3="63,126,134,88,15,124,84,110,41,32,0,133,5"/><U132/><E118/><V52/><F34/><W7/><G32/><T80/><D108/><U129/><E109/><V23/><F72/><W1/><G110/><T29/><D100/><U130/><E132/><N who="3" m="50794" /><G41/><T60/><D55/><U48/><E74/><V62/><F119/><W38/><G38/><T40/><D40/><U4/><E68/><V125/><F125/><N who="3" m="48235" /><G63/><T82/><D78/><U57/><E57/><V24/><F44/><W116/><G15/><T8/><D8/><U75/><E39/><V2/><F2/><N who="3" m="1131" /><G116/><T121/><D135/><U50/><E48/><V95/><F86/><W87/><G87/><T19/><D19/><U33/><E75/><V53/><F83/><AGARI ba="0,0" hai="5,7,83,84,88" m="1131,48235,50794" machi="83" ten="40,5200,0" yaku="20,1,18,1,54,1" doraHai="58" who="3" fromWho="2" sc="241,0,298,0,105,-52,356,52" /><INIT seed="6,0,0,4,5,37" ten="241,298,53,408" oya="2" hai0="62,79,66,4,102,60,51,90,124,91,93,114,28" hai1="103,87,88,83,111,34,67,133,20,127,41,78,11" hai2="117,30,112,22,9,35,71,98,97,99,100,73,115" hai3="75,36,0,13,5,16,23,96,47,109,81,1,118"/><V86/><F35/><W42/><G109/><T77/><D114/><U104/><E34/><V7/><F73/><W31/><G1/><T134/><D134/><U125/><E67/><V106/><F71/><W3/><G3/><T8/><D28/><U45/><E111/><V110/><F110/><W126/><G96/><N who="0" m="59663" /><D124/><N who="1" m="47691" /><E133/><V116/><F30/><W89/><G89/><N who="0" m="33803" /><D66/><U54/><E11/><V65/><F65/><W58/><G58/><T32/><D32/><U59/><E20/><V76/><F22/><W46/><G31/><T85/><D85/><U70/><E70/><V105/><F9/><N who="3" m="2215" /><G47/><T12/><D51/><N who="1" m="27055" /><E59/><V80/><F7/><W123/><G126/><T120/><D120/><U95/><E54/><V113/><REACH who="2" step="1"/><F100/><REACH who="2" ten="241,298,43,408" step="2"/><W48/><G23/><T82/><D4/><U128/><E103/><V108/><F108/><W92/><G75/><T72/><D72/><N who="1" m="43463" /><E104/><AGARI ba="0,1" hai="76,80,86,97,98,99,104,105,106,112,113,115,116,117" machi="104" ten="50,12000,1" yaku="1,1,15,1,34,3,53,0" doraHai="37" doraHaiUra="19" who="2" fromWho="1" sc="241,0,298,-120,43,130,408,0" /><INIT seed="6,1,0,3,5,126" ten="241,178,173,408" oya="2" hai0="2,34,114,73,41,11,91,18,28,67,96,6,54" hai1="134,121,130,30,101,88,127,118,1,116,100,102,43" hai2="9,109,24,32,49,61,40,105,93,106,76,10,86" hai3="80,71,8,53,97,56,17,128,48,132,85,23,38"/><V81/><F109/><W39/><G71/><T44/><D73/><U110/><E1/><V112/><F112/><W133/><G128/><T51/><D67/><U94/><E43/><V111/><F111/><W77/><G8/><T63/><D114/><U35/><E35/><V129/><F129/><W117/><G97/><T58/><D28/><U64/><E64/><V21/><F32/><W13/><G117/><N who="1" m="45162" /><E30/><V135/><F135/><AGARI ba="1,0" hai="13,17,23,38,39,48,53,56,77,80,85,132,133,135" machi="135" ten="40,1300,0" yaku="20,1" doraHai="126" who="3" fromWho="2" sc="241,0,178,0,173,-16,408,16" /><INIT seed="7,0,0,0,0,123" ten="241,178,157,424" oya="3" hai0="132,39,21,57,0,103,120,27,2,91,125,26,47" hai1="60,74,44,86,89,73,42,110,19,63,100,75,11" hai2="52,12,129,115,16,104,109,59,34,69,94,85,61" hai3="133,49,56,82,23,105,25,71,106,8,24,113,33"/><W101/><G82/><T78/><D120/><U1/><E100/><V31/><F109/><W62/><G49/><T46/><D132/><U116/><E116/><V28/><F104/><W53/><G8/><T7/><D103/><U108/><E60/><V126/><F34/><W6/><G6/><T68/><D68/><U32/><E32/><V9/><F69/><W55/><G23/><T134/><D134/><U118/><E63/><V48/><F115/><W92/><G62/><T135/><D135/><U41/><E118/><V79/><F129/><W83/><G56/><T96/><D78/><U14/><E1/><V97/><F126/><W72/><G92/><T90/><D57/><U117/><E117/><V128/><F128/><W80/><G101/><T81/><D81/><U98/><E98/><V17/><F17/><W43/><G43/><T76/><D76/><U88/><E89/><N who="2" m="55503" /><F61/><W36/><G36/><T124/><D96/><U66/><E66/><V107/><F107/><W114/><G133/><T37/><D7/><U20/><E11/><V131/><F131/><W30/><G71/><T4/><D4/><U93/><REACH who="1" step="1"/><E41/><REACH who="1" ten="241,168,157,424" step="2"/><V121/><F121/><W10/><G10/><T29/><D39/><AGARI ba="0,1" hai="14,19,20,39,42,44,73,74,75,86,88,93,108,110" machi="39" ten="40,8000,1" yaku="1,1,2,1,52,2,54,1,53,0" doraHai="123" doraHaiUra="99" who="1" fromWho="0" sc="241,-80,168,90,157,0,424,0" owari="161,-24.0,258,6.0,157,-34.0,424,52.0" /></mjloggm>