<mjloggm ver="2.3"><GO type="97" lobby="0"/><UN n0="%E3%81%8A%E3%81%A0%E3%82%93%E3%81%94" n1="%E7%99%BD%E7%9F%B3%E9%BA%BB%E8%A1%A3" n2="%E3%81%95%E3%81%8F%E5%9D%8A" n3="%E5%B0%B1%E6%B4%BB%E7%94%9F%40%E5%B7%9D%E6%9D%91%E8%BB%8D%E5%9B%A3" dan="14,15,14,14" rate="1920.12,1982.60,1960.81,1954.25" sx="M,M,M,M"/><TAIKYOKU oya="0"/><INIT seed="0,0,0,5,2,103" ten="250,250,250,250" oya="0" hai0="15,85,14,30,132,80,25,94,91,18,102,40,50" hai1="129,106,4,52,97,104,10,128,35,79,81,133,99" hai2="111,19,32,9,82,123,119,131,56,100,38,8,108" hai3="23,21,70,66,126,67,6,107,86,75,46,61,134"/><T26/><D132/><U113/><E133/><V68/><F68/><W83/><G134/><T65/><D65/><U78/><E35/><V49/><F38/><W118/><G118/><T29/><D15/><U16/><E113/><V121/><F32/><W12/><G126/><T112/><D112/><U89/><E4/><V3/><F100/><W90/><G67/><T115/><D115/><U27/><E27/><V60/><F49/><W62/><G62/><T95/><D102/><U117/><E117/><V47/><F47/><W72/><G107/><N who="1" m="41002" /><E10/><V0/><F82/><W55/><G21/><N who="0" m="11479" /><D50/><U31/><E31/><N who="0" m="11785" /><D40/><U2/><E16/><V13/><F19/><W41/><G55/><T84/><D95/><N who="1" m="56559" /><E52/><V17/><F17/><W48/><G6/><T20/><D20/><U125/><E125/><V34/><F13/><W101/><G12/><T124/><D124/><U44/><E44/><V53/><F34/><W74/><G23/><T1/><D1/><U39/><E39/><V5/><F5/><W28/><G28/><T120/><D120/><U88/><E2/><V7/><F7/><W135/><G101/><T57/><D57/><U130/><E81/><V96/><F56/><W51/><G135/><T64/><D64/><U127/><E127/><V58/><F58/><W110/><G110/><T63/><D63/><U22/><E22/><V92/><F60/><W59/><G51/><T69/><D69/><U116/><E116/><V98/><F53/><W77/><REACH who="3" step="1"/><G70/><REACH who="3" ten="250,250,250,240" step="2"/><T54/><D54/><U122/><E122/><V11/><F119/><W87/><G87/><T109/><D109/><RYUUKYOKU ba="0,1" sc="250,10,250,10,250,-30,240,10" hai0="25,26,80,84,85,91,94" hai1="78,79,88,99,128,129,130" hai3="41,46,48,59,61,66,72,74,75,77,83,86,90" /><INIT seed="0,1,1,2,3,18" ten="260,260,220,250" oya="0" hai0="92,127,135,80,8,100,54,93,55,120,10,83,123" hai1="131,17,68,125,19,121,113,27,45,35,3,46,2" hai2="91,108,71,86,24,104,106,111,26,70,41,110,105" hai3="48,51,39,67,90,56,116,4,9,124,25,62,14"/><T98/><D127/><U81/><E125/><V103/><F41/><W5/><G124/><T61/><D61/><U122/><E68/><V57/><F57/><W6/><G39/><T13/><D13/><U30/><E81/><N who="0" m="31305" /><D135/><U58/><E58/><V117/><F103/><W49/><G116/><T28/><D28/><U1/><E46/><V64/><F117/><W78/><G78/><T102/><D98/><U73/><E45/><V99/><F99/><W115/><G115/><T84/><D84/><U12/><E73/><V65/><F71/><W95/><REACH who="3" step="1"/><G25/><REACH who="3" ten="260,260,220,240" step="2"/><T77/><D77/><U53/><E113/><V31/><F70/><W107/><G107/><T112/><D112/><U119/><E119/><V75/><F26/><W72/><G72/><T85/><D123/><U0/><N who="1" m="512" /><DORA hai="134" /><U87/><E121/><V88/><F75/><W128/><G128/><T63/><D120/><U38/><E122/><V114/><F114/><W37/><G37/><T34/><D34/><U129/><E38/><V47/><F24/><W50/><N who="3" m="12800" /><DORA hai="59" /><W43/><G43/><T21/><D63/><U32/><E131/><V29/><F104/><W82/><G82/><T118/><D55/><U96/><E53/><V109/><F105/><W44/><G44/><T42/><D54/><U22/><E129/><V16/><F47/><W69/><G69/><T74/><D42/><U130/><E130/><V23/><F106/><W60/><G60/><T89/><D74/><U101/><E27/><V7/><F110/><W11/><G11/><T52/><D118/><U126/><E126/><V20/><F108/><RYUUKYOKU ba="1,2" sc="260,-10,260,-10,220,-10,240,30" hai3="4,5,6,9,14,56,62,67,90,95" /><INIT seed="1,2,2,1,5,126" ten="250,250,210,270" oya="1" hai0="125,15,11,114,31,52,133,2,48,45,66,53,22" hai1="6,57,102,106,129,50,58,33,80,112,93,71,113" hai2="23,43,19,28,20,131,119,56,25,134,4,32,108" hai3="135,14,64,61,118,8,41,9,128,83,87,7,107"/><U70/><E33/><V77/><F119/><W18/><G128/><T97/><D114/><U121/><E121/><V16/><F43/><W44/><G118/><T127/><D2/><U0/><E106/><V98/><F77/><W75/><G107/><T111/><D133/><U35/><E35/><V49/><F98/><W36/><G135/><T73/><D111/><U84/><E6/><V34/><F134/><W62/><G64/><T30/><D73/><U124/><E0/><V122/><F49/><W103/><G103/><T82/><D66/><U109/><E109/><V92/><F92/><W54/><G54/><N who="0" m="29967" /><D97/><U68/><E129/><V101/><F101/><W13/><G75/><T60/><D82/><U85/><E50/><V69/><F56/><W1/><G1/><T110/><D110/><U120/><E120/><V21/><F69/><W51/><G36/><T81/><D81/><U12/><E71/><V74/><F74/><W59/><G59/><N who="0" m="34919" /><D53/><U47/><E80/><V78/><F108/><W42/><G42/><T65/><D65/><U79/><E70/><V26/><F78/><AGARI ba="2,2" hai="7,8,9,13,14,18,41,44,51,61,62,78,83,87" machi="78" ten="30,7700,0" yaku="7,1,25,2,8,1" doraHai="126" who="3" fromWho="2" sc="250,0,250,0,210,-83,270,103" /><INIT seed="2,0,0,0,0,130" ten="250,250,127,373" oya="2" hai0="111,123,132,55,58,16,85,20,72,48,69,75,24" hai1="99,30,9,36,5,127,94,26,50,59,92,71,98" hai2="106,41,67,95,97,22,21,15,109,129,108,88,90" hai3="110,114,4,102,105,18,34,49,64,116,120,40,83"/><V45/><F129/><W126/><G34/><T87/><D123/><U135/><E127/><V86/><F67/><W57/><G116/><T101/><D69/><U113/><E36/><V53/><F53/><W93/><G120/><T79/><D101/><U104/><E104/><V66/><F66/><W10/><G105/><T62/><D111/><N who="2" m="42570" /><F106/><W115/><G110/><T37/><D37/><U81/><E71/><V65/><F65/><W27/><G126/><T51/><D75/><U39/><E39/><N who="2" m="21695" /><F15/><W43/><G83/><AGARI ba="0,0" hai="21,22,83,86,88,90,95,97" m="21695,42570" machi="83" ten="30,5800,0" yaku="14,1,10,1,54,1" doraHai="130" who="2" fromWho="3" sc="250,0,250,0,127,58,373,-58" /><INIT seed="2,1,0,5,2,26" ten="250,250,185,315" oya="2" hai0="40,15,87,39,131,81,16,100,5,128,44,9,125" hai1="2,34,13,59,14,12,30,80,32,6,29,96,126" hai2="72,70,71,76,91,124,56,82,50,104,73,67,21" hai3="85,28,52,55,114,51,83,97,98,22,77,65,20"/><V66/><F104/><W47/><G114/><T105/><D125/><U41/><E41/><V111/><F124/><W113/><G113/><T1/><D100/><U108/><E96/><N who="3" m="36970" /><G65/><T27/><D105/><U121/><E80/><V134/><F72/><W31/><G55/><T17/><D27/><U130/><E59/><V115/><F115/><W101/><G101/><T54/><D54/><U23/><E126/><V132/><F91/><W135/><G135/><N who="2" m="51753" /><F111/><W95/><G95/><T78/><REACH who="0" step="1"/><D1/><REACH who="0" ten="240,250,185,315" step="2"/><U57/><E121/><V61/><F21/><AGARI ba="1,1" hai="20,21,22,28,31,47,51,52,77,83,85" m="36970" machi="21" ten="30,7700,0" yaku="8,1,52,2,54,1" doraHai="26" who="3" fromWho="2" sc="240,0,250,0,185,-80,315,90" /><BYE who="2" /><INIT seed="3,0,0,4,5,48" ten="240,250,105,405" oya="3" hai0="110,64,119,30,68,107,105,35,71,70,73,104,49" hai1="95,111,85,58,97,24,2,18,108,57,12,63,121" hai2="26,36,132,122,11,66,55,14,87,45,50,83,13" hai3="46,17,91,98,106,94,72,75,90,41,27,20,133"/><W112/><G112/><T15/><D119/><U10/><E121/><V43/><F43/><W114/><G114/><T127/><D127/><U38/><E38/><V100/><F100/><W113/><G113/><T60/><D73/><U109/><E85/><V25/><F25/><W8/><G133/><T9/><D110/><U39/><E39/><V5/><F5/><W99/><G8/><T21/><D35/><U54/><E2/><V92/><F92/><W33/><G33/><T19/><REACH who="0" step="1"/><D49/><REACH who="0" ten="230,250,105,405" step="2"/><U130/><E130/><V65/><F65/><W120/><G120/><T77/><D77/><U52/><E24/><AGARI ba="0,1" hai="9,15,19,21,24,30,60,64,68,70,71,104,105,107" machi="24" ten="40,1300,0" yaku="1,1,53,0" doraHai="48" doraHaiUra="84" who="0" fromWho="1" sc="230,23,250,-13,105,0,405,0" owari="253,5.0,237,-16.0,105,-39.0,405,50.0" /></mjloggm>