<mjloggm ver="2.3"><GO type="41" lobby="0"/><UN n0="%6B%61%74%74%6F%38%31%33" n1="%E5%B0%B1%E6%B4%BB%E7%94%9F%40%E5%B7%9D%E6%9D%91%E8%BB%8D%E5%9B%A3" n2="%53%4F%4C%55%4E%41" n3="%E2%98%85%E3%81%9D%E3%82%8B%E2%98%85" dan="13,15,13,14" rate="1846.48,2023.10,1810.86,1977.08" sx="M,M,M,M"/><TAIKYOKU oya="0"/><INIT seed="0,0,0,2,1,116" ten="250,250,250,250" oya="0" hai0="41,106,22,128,40,72,2,19,43,8,118,42,94" hai1="104,32,85,12,64,114,124,4,13,27,48,47,120" hai2="66,59,123,56,113,76,53,57,126,67,50,80,135" hai3="132,115,17,49,39,87,6,55,44,69,18,74,60"/><T31/><D118/><U95/><E104/><V110/><F113/><W33/><G74/><T28/><D106/><U29/><E114/><V119/><F119/><W34/><G132/><T131/><D72/><U26/><E124/><V79/><F135/><W14/><G115/><T37/><D37/><U129/><E129/><N who="0" m="49737" /><D94/><U24/><E120/><V38/><F126/><W23/><G6/><N who="0" m="1111" /><D43/><U81/><E64/><V93/><F93/><W61/><G61/><T62/><D62/><U121/><E95/><V71/><F79/><W35/><G39/><T65/><D65/><U70/><E121/><V82/><F82/><W3/><G3/><T107/><D107/><U15/><E70/><V90/><F123/><W7/><G7/><T84/><D84/><U98/><E98/><V77/><F38/><W73/><G73/><T51/><D51/><U127/><E127/><V68/><F71/><W86/><G60/><T83/><D83/><U78/><REACH who="1" step="1"/><E4/><REACH who="1" ten="250,240,250,250" step="2"/><V130/><F68/><W1/><G69/><T5/><D5/><U11/><E11/><V21/><F130/><W96/><G96/><T10/><D10/><U101/><E101/><V122/><F122/><W99/><G99/><T100/><D100/><U117/><E117/><V16/><F67/><W109/><G35/><T105/><D105/><U102/><E102/><V45/><F66/><W63/><G34/><T0/><D0/><U91/><E91/><V75/><F90/><W36/><G33/><T92/><D92/><U20/><E20/><V54/><F21/><W52/><G23/><T25/><AGARI ba="0,1" hai="19,22,25,28,31,40,41,42" m="1111,49737" machi="25" ten="30,1500,0" yaku="19,1" doraHai="116" who="0" fromWho="0" sc="250,25,240,-5,250,-5,250,-5" /><INIT seed="0,1,0,3,3,33" ten="275,235,245,245" oya="0" hai0="108,79,113,129,60,131,42,51,130,63,31,64,92" hai1="135,81,69,122,5,106,35,19,89,47,77,73,87" hai2="84,123,36,111,4,133,54,75,103,102,88,50,52" hai3="3,48,49,28,17,45,66,105,115,121,93,32,72"/><T0/><D113/><U82/><E122/><V43/><F123/><W53/><G72/><T83/><D31/><U11/><E106/><V124/><F75/><W16/><G105/><T74/><D92/><U57/><E135/><V86/><F133/><W99/><G121/><T40/><D108/><U26/><E69/><V119/><F111/><W55/><G115/><T80/><D80/><U68/><E68/><V34/><F36/><W91/><G66/><T12/><D0/><U109/><E109/><V65/><F34/><W14/><G14/><T100/><D100/><U20/><E35/><V59/><F4/><W96/><G96/><T13/><D51/><U44/><REACH who="1" step="1"/><E57/><REACH who="1" ten="275,225,245,245" step="2"/><V71/><F71/><W1/><G32/><T24/><D64/><U8/><E8/><V56/><F65/><W85/><G28/><T128/><D128/><U41/><E41/><N who="0" m="15977" /><D24/><U134/><E134/><V30/><F43/><W38/><G38/><T62/><AGARI ba="1,1" hai="12,13,60,62,63,74,79,83,129,130,131" m="15977" machi="62" ten="40,2100,0" yaku="19,1" doraHai="33" who="0" fromWho="0" sc="275,34,225,-8,245,-8,245,-8" /><INIT seed="0,2,0,5,4,77" ten="309,217,237,237" oya="0" hai0="117,85,11,104,76,75,40,0,48,115,88,83,55" hai1="37,68,54,92,101,91,57,49,60,113,128,3,56" hai2="28,1,72,124,70,30,102,63,34,131,47,43,80" hai3="20,125,36,17,64,8,130,41,69,71,5,121,132"/><T127/><D117/><U66/><E3/><V33/><F30/><W105/><G130/><T122/><D122/><U52/><E128/><V78/><F131/><W50/><G125/><T35/><D35/><U135/><E135/><V38/><F124/><W99/><G121/><T73/><D40/><U4/><E113/><V59/><F59/><W95/><G105/><T58/><D104/><U96/><E37/><V111/><F111/><W27/><G132/><T46/><D115/><U103/><REACH who="1" step="1"/><E4/><REACH who="1" ten="309,207,237,237" step="2"/><V15/><F1/><W31/><G36/><T123/><D127/><U39/><E39/><V7/><F7/><W16/><G71/><T45/><D123/><U29/><E29/><V116/><F28/><W109/><G109/><T112/><D112/><U24/><E24/><V89/><F116/><W10/><G69/><T14/><D0/><U119/><E119/><V32/><F70/><W65/><G5/><T61/><D14/><U107/><E107/><V133/><F15/><W118/><G118/><T79/><D11/><N who="3" m="4137" /><G31/><T44/><D75/><U51/><AGARI ba="2,1" hai="49,51,52,54,56,57,60,66,68,91,92,96,101,103" machi="51" ten="20,8000,1" yaku="1,1,0,1,7,1,9,1,54,1,53,0" doraHai="77" doraHaiUra="100" who="1" fromWho="1" sc="309,-42,207,96,237,-22,237,-22" /><INIT seed="1,0,0,1,5,85" ten="267,303,215,215" oya="1" hai0="86,15,2,70,119,125,5,106,41,113,84,39,22" hai1="32,43,77,13,20,124,29,73,8,93,44,90,88" hai2="133,68,115,10,126,72,35,108,118,0,58,129,76" hai3="97,135,40,19,25,95,132,16,81,24,49,65,91"/><U31/><E32/><V116/><F76/><W47/><G65/><T104/><D119/><U55/><E124/><V28/><F28/><N who="1" m="10825" /><E73/><V102/><F102/><W120/><G81/><T51/><D113/><U48/><E77/><V114/><F58/><W12/><G120/><T101/><D70/><U99/><E20/><V87/><F87/><W67/><G67/><T134/><D39/><U1/><E1/><V74/><F10/><W54/><G54/><T78/><D2/><U4/><E43/><V130/><F0/><W63/><G63/><T100/><D125/><U105/><E105/><V33/><F126/><W66/><G66/><T3/><D3/><U11/><E11/><V52/><F52/><W17/><REACH who="3" step="1"/><G12/><REACH who="3" ten="267,303,215,205" step="2"/><T83/><D15/><U112/><E112/><V80/><F80/><W69/><G69/><T27/><D83/><U79/><E79/><V110/><REACH who="2" step="1"/><F68/><REACH who="2" ten="267,303,205,205" step="2"/><W50/><G50/><T127/><D51/><U56/><E56/><V61/><F61/><W89/><G89/><AGARI ba="0,2" hai="4,8,13,44,48,55,88,89,90,93,99" m="10825" machi="89" ten="30,12000,1" yaku="8,1,52,3,54,1" doraHai="85" who="1" fromWho="3" sc="267,0,303,140,205,0,205,-120" /><INIT seed="1,1,0,4,5,34" ten="267,443,205,85" oya="1" hai0="47,70,8,24,2,9,31,19,125,115,120,5,56" hai1="62,84,66,101,87,107,22,77,128,110,51,123,89" hai2="78,129,71,3,121,21,52,122,40,135,111,118,13" hai3="48,1,39,113,55,4,58,79,81,42,33,93,35"/><U20/><E123/><V134/><F78/><W65/><G113/><T100/><D70/><U74/><E128/><V7/><F40/><W57/><G93/><T30/><D115/><U25/><E110/><V108/><F71/><W6/><G6/><N who="0" m="1111" /><D100/><U32/><E74/><V41/><F41/><W61/><G39/><T97/><D97/><N who="1" m="61871" /><E51/><V26/><F129/><W131/><G42/><T11/><D47/><U43/><E43/><V92/><F92/><W103/><G103/><T16/><D56/><U68/><E84/><V96/><F96/><W119/><G119/><T124/><D120/><N who="2" m="46186" /><F52/><W72/><REACH who="3" step="1"/><G131/><REACH who="3" ten="267,443,205,75" step="2"/><T116/><D116/><U83/><E89/><V127/><F118/><W53/><G53/><T50/><D50/><U99/><E99/><V85/><F127/><N who="0" m="48714" /><D5/><U37/><E37/><V44/><F111/><W14/><G14/><N who="0" m="7247" /><D11/><AGARI ba="1,1" hai="1,4,11,33,35,48,55,57,58,61,65,72,79,81" machi="11" ten="40,2600,0" yaku="1,1,52,1,53,0" doraHai="34" doraHaiUra="98" who="3" fromWho="0" sc="267,-29,443,0,205,0,75,39" /><INIT seed="2,0,0,0,2,98" ten="238,443,205,114" oya="2" hai0="61,46,56,120,31,125,108,25,23,22,135,9,11" hai1="24,58,113,10,88,130,100,16,94,105,86,21,38" hai2="106,111,82,107,13,19,63,4,122,101,41,104,114" hai3="118,54,119,28,132,131,40,52,96,126,85,72,134"/><V37/><F122/><W93/><G72/><T33/><D120/><U127/><E38/><V79/><F114/><W90/><G40/><T12/><D108/><U74/><E113/><V27/><F111/><W18/><G28/><T42/><D125/><U91/><E127/><V71/><F41/><W70/><G70/><T66/><D135/><N who="3" m="51753" /><G18/><T30/><D23/><U109/><E74/><V39/><F4/><W53/><G126/><T34/><D11/><U67/><E109/><V95/><F27/><W43/><G43/><T6/><REACH who="0" step="1"/><D30/><REACH who="0" ten="228,443,205,114" step="2"/><N who="1" m="17679" /><E130/><V14/><F14/><W59/><G131/><T92/><D92/><N who="1" m="54295" /><E105/><V81/><F81/><N who="3" m="49455" /><G59/><T77/><D77/><U20/><E10/><V128/><F128/><W80/><G80/><T35/><D35/><U48/><E58/><V26/><F26/><W75/><G75/><T45/><D45/><U112/><E112/><V78/><F82/><W55/><N who="3" m="13824" /><DORA hai="36" /><W64/><G64/><T57/><D57/><U102/><E67/><V17/><F79/><W87/><G87/><T73/><D73/><U68/><E68/><V129/><F78/><W32/><G32/><T1/><D1/><U2/><E2/><V121/><F129/><W99/><G99/><T8/><D8/><U123/><E123/><V133/><F121/><W0/><G0/><T49/><AGARI ba="0,1" hai="6,9,12,22,25,31,33,34,42,46,49,56,61,66" machi="49" ten="20,12000,2" yaku="1,1,0,1,7,1,52,1,53,2" doraHai="98,36" doraHaiUra="29,89" who="0" fromWho="0" sc="228,130,443,-30,205,-60,114,-30" /><INIT seed="3,0,0,4,0,23" ten="358,413,145,84" oya="3" hai0="74,103,131,58,20,127,52,14,86,82,64,5,81" hai1="77,45,43,133,55,61,119,80,94,121,10,70,83" hai2="44,128,112,40,42,59,124,49,108,41,1,53,118" hai3="123,63,97,71,31,25,17,54,33,6,56,29,51"/><W98/><G123/><T60/><D127/><U89/><E121/><V13/><F1/><W8/><G31/><T88/><D74/><U84/><E133/><V11/><F118/><W62/><G17/><N who="0" m="10295" /><D5/><U28/><E119/><V93/><F112/><W38/><G38/><T105/><D105/><U107/><E107/><V106/><F106/><W76/><G76/><T32/><D32/><U16/><E28/><V95/><F124/><W126/><G126/><T69/><D69/><U9/><E80/><V72/><F72/><W85/><G85/><N who="0" m="50223" /><D103/><U125/><E125/><V116/><F116/><W66/><REACH who="3" step="1"/><G63/><REACH who="3" ten="358,413,145,74" step="2"/><T67/><D131/><U21/><E61/><N who="2" m="36079" /><F128/><W27/><G27/><T134/><D134/><U48/><E70/><V79/><F79/><AGARI ba="0,1" hai="52,58,60,64,67,79,82,86" m="50223,10295" machi="79" ten="30,3900,0" yaku="8,1,54,2" doraHai="23" who="0" fromWho="2" sc="358,49,413,0,145,-39,74,0" /><INIT seed="4,0,0,5,0,57" ten="407,413,106,74" oya="0" hai0="7,23,69,24,128,111,5,96,33,35,76,27,25" hai1="62,13,100,28,106,84,113,88,20,123,95,56,105" hai2="10,47,80,79,60,53,22,131,118,120,50,26,112" hai3="110,32,130,133,49,117,8,86,102,0,19,11,6"/><T44/><D69/><U30/><E123/><V71/><F120/><W85/><G117/><T21/><D76/><U74/><E74/><V122/><F118/><W58/><G130/><T39/><D96/><U127/><E127/><V72/><F122/><W54/><G110/><T70/><D70/><U132/><E132/><V109/><F131/><W36/><G133/><T78/><D78/><U125/><E125/><V40/><F109/><W116/><G116/><T124/><D111/><U134/><E134/><V16/><F112/><W38/><G102/><T12/><D124/><U18/><E113/><V67/><REACH who="2" step="1"/><F10/><REACH who="2" ten="407,413,96,74" step="2"/><W51/><G11/><T82/><D128/><U99/><REACH who="1" step="1"/><E106/><REACH who="1" ten="407,403,96,74" step="2"/><V59/><F59/><W121/><G58/><T43/><D35/><U90/><E90/><V14/><F14/><W129/><G32/><T114/><D33/><U31/><E31/><V42/><AGARI ba="0,2" hai="16,22,26,40,42,47,50,53,60,67,71,72,79,80" machi="42" ten="30,7900,0" yaku="1,1,0,1,52,1,54,1,53,0" doraHai="57" doraHaiUra="119" who="2" fromWho="2" sc="407,-39,403,-20,96,99,74,-20" /><INIT seed="5,0,0,5,3,127" ten="368,383,195,54" oya="1" hai0="9,74,50,98,119,107,53,135,109,77,57,114,34" hai1="66,62,40,118,39,70,71,46,12,43,128,68,7" hai2="85,91,2,113,38,13,17,4,15,126,61,80,124" hai3="32,82,37,125,79,120,130,11,35,95,103,45,3"/><U22/><E118/><V89/><F38/><W26/><G120/><T133/><D109/><U134/><E134/><V87/><F2/><W121/><G121/><T105/><D119/><U30/><E128/><V81/><F4/><W117/><G117/><T90/><D34/><U129/><E129/><V84/><F61/><W10/><G125/><N who="2" m="48233" /><F17/><W25/><G103/><T51/><D114/><U115/><E115/><V31/><F31/><W5/><G95/><T97/><D9/><U131/><E131/><V21/><F21/><W65/><G65/><T55/><D77/><U67/><E7/><V63/><F63/><W19/><G45/><T18/><D74/><U36/><E30/><V6/><F6/><W60/><G60/><T0/><D18/><U42/><E22/><V72/><F72/><W99/><G37/><N who="1" m="14410" /><E12/><N who="2" m="4683" /><F113/><W100/><G130/><T56/><REACH who="0" step="1"/><D90/><AGARI ba="0,0" hai="80,81,84,85,87,89,90,91" m="4683,48233" machi="90" ten="40,5200,0" yaku="28,2,18,1" doraHai="127" who="2" fromWho="0" sc="368,-52,383,0,195,52,54,0" /><INIT seed="6,0,0,5,1,10" ten="316,383,247,54" oya="2" hai0="117,107,38,94,105,84,53,135,101,13,91,93,15" hai1="131,37,120,98,23,129,32,114,47,17,22,7,74" hai2="41,96,130,58,118,70,8,106,11,55,59,90,25" hai3="2,112,20,35,36,124,60,87,3,64,62,72,102"/><V99/><F118/><W21/><G36/><T66/><D38/><U54/><E114/><V76/><F70/><W73/><G112/><T29/><D117/><U40/><E74/><V6/><F41/><W56/><G124/><T78/><D29/><U103/><E32/><V31/><F76/><W19/><G35/><T61/><D53/><U44/><E7/><V82/><F130/><N who="1" m="49673" /><E120/><V14/><F106/><W122/><G122/><T80/><D135/><U16/><E44/><V110/><F110/><W115/><G115/><T63/><D107/><N who="1" m="63991" /><E54/><V1/><F59/><W43/><G43/><T67/><D105/><U88/><E88/><V39/><F39/><W85/><G102/><T104/><D104/><U126/><E126/><V123/><F123/><W75/><G19/><AGARI ba="0,0" hai="16,17,19,22,23,37,40,47" m="63991,49673" machi="19" ten="30,2000,0" yaku="19,1,54,1" doraHai="10" who="1" fromWho="3" sc="316,0,383,20,247,0,54,-20" /><INIT seed="7,0,0,1,2,34" ten="316,403,247,34" oya="3" hai0="55,117,99,122,67,11,133,19,36,86,94,14,119" hai1="7,45,128,95,97,77,126,25,13,68,106,58,17" hai2="78,6,51,108,26,1,20,10,35,38,98,131,109" hai3="92,8,96,41,100,61,111,2,60,88,30,135,118"/><W4/><G118/><T49/><D36/><U70/><E106/><V105/><F38/><W29/><G135/><T0/><D133/><U66/><E126/><V43/><F78/><W54/><G111/><T40/><D122/><U50/><E128/><V134/><F134/><W129/><G41/><T16/><D67/><U113/><E77/><V104/><F131/><W90/><G129/><T21/><D40/><U22/><E113/><V57/><F35/><W124/><G124/><T81/><D0/><U15/><E68/><V75/><F75/><W18/><G18/><T23/><D99/><U69/><E7/><V89/><F105/><W48/><G61/><T65/><D94/><U59/><E69/><V115/><F115/><W121/><G60/><T132/><D65/><U123/><E70/><V76/><F76/><W82/><G121/><T33/><D33/><U83/><E83/><V125/><F125/><W64/><G64/><T80/><D81/><U63/><E59/><V114/><F114/><W87/><REACH who="3" step="1"/><G100/><REACH who="3" ten="316,403,247,24" step="2"/><T74/><D132/><U44/><E123/><V46/><F108/><W71/><G71/><T47/><D119/><U39/><E39/><V9/><F109/><W101/><G101/><T32/><D117/><U93/><E63/><V62/><F62/><W84/><G84/><T52/><D74/><U5/><E17/><V28/><F43/><W91/><G91/><N who="0" m="51655" /><D19/><U120/><E66/><V85/><F85/><W12/><G12/><T31/><D31/><U102/><E102/><N who="2" m="62551" /><F89/><W116/><G116/><T110/><D110/><U27/><E120/><V42/><F28/><RYUUKYOKU ba="0,1" sc="316,-10,403,-10,247,-10,24,30" hai3="2,4,8,29,30,48,54,82,87,88,90,92,96" /><INIT seed="7,1,1,2,3,74" ten="306,393,237,54" oya="3" hai0="45,38,80,41,46,102,118,0,126,89,107,75,3" hai1="43,35,122,85,25,91,79,6,56,47,48,129,11" hai2="37,100,22,57,32,86,7,52,73,51,19,55,59" hai3="61,88,34,108,123,14,104,63,66,44,127,8,4"/><W84/><G104/><T116/><D126/><U71/><E122/><V27/><F73/><W115/><G123/><T54/><D54/><U17/><E71/><V39/><F7/><W130/><G34/><T5/><D46/><U96/><E129/><V132/><F132/><W40/><G127/><T117/><D89/><U1/><E79/><V31/><F100/><W101/><G101/><T103/><D103/><U135/><E96/><V131/><F131/><W33/><G33/><T114/><D114/><U15/><E135/><V28/><F86/><W10/><G130/><T64/><D64/><U12/><E56/><V94/><F94/><W125/><G115/><T42/><D41/><U29/><E17/><V21/><F32/><W72/><G72/><T133/><D133/><U62/><E62/><N who="3" m="23562" /><G66/><T26/><D26/><U82/><AGARI ba="1,1" hai="1,6,11,12,15,25,29,35,43,47,48,82,85,91" machi="82" ten="20,1500,0" yaku="0,1,7,1" doraHai="74" who="1" fromWho="1" sc="306,-5,393,28,237,-5,54,-8" owari="301,10.0,421,52.0,232,-17.0,46,-45.0" /></mjloggm>