<mjloggm ver="2.3"><GO type="169" lobby="0"/><UN n0="%43%52%41%5A%59%52%41%54" n1="%E2%98%86%EF%BC%B2%EF%BC%8E%EF%BC%A4%EF%BC%8E%E2%98%85" n2="%E3%81%AF%E3%81%BF%E3%82%82%E3%82%93" n3="%E3%82%A6%E3%83%AB%E3%83%88%E3%83%A9%E7%AB%8B%E7%9B%B4" dan="16,16,17,17" rate="2015.53,2139.81,2190.26,2159.89" sx="F,M,M,M"/><TAIKYOKU oya="0"/><INIT seed="0,0,0,3,5,38" ten="250,250,250,250" oya="0" hai0="86,39,43,54,11,109,37,33,17,64,92,102,119" hai1="129,94,118,3,80,134,24,115,53,130,63,112,88" hai2="113,122,49,89,84,87,15,59,97,25,30,117,82" hai3="5,58,126,66,47,18,44,96,116,105,79,32,103"/><T132/><D119/><U4/><E118/><V120/><F113/><N who="1" m="43593" /><E3/><V48/><F117/><W35/><G116/><T13/><D33/><U95/><E4/><V8/><F97/><W77/><G5/><T72/><D72/><U121/><E24/><V99/><F99/><W29/><G126/><T1/><D132/><U133/><E121/><V41/><F49/><W27/><G35/><T50/><D64/><U98/><E63/><V46/><F59/><W104/><G58/><T12/><D1/><U6/><E6/><V106/><F106/><W124/><G66/><T85/><D109/><U36/><E53/><V26/><F26/><W10/><G105/><T69/><D69/><U34/><E36/><V78/><F15/><W114/><G114/><T76/><D39/><U31/><E31/><V42/><F8/><W81/><G124/><T108/><D108/><U91/><E34/><V16/><F30/><W22/><G10/><T60/><D37/><U65/><E65/><V100/><F100/><W93/><G32/><T14/><D11/><U107/><E107/><V125/><F125/><W68/><G104/><T128/><D60/><U40/><E40/><N who="2" m="24647" /><F122/><W73/><G68/><T83/><D14/><U20/><E20/><N who="2" m="13447" /><F120/><W57/><G29/><T52/><D13/><U74/><E74/><V135/><F135/><N who="1" m="51721" /><E80/><AGARI ba="0,0" hai="41,42,78,80,82,84,87,89" m="13447,24647" machi="80" ten="30,8000,1" yaku="8,1,52,3,54,1" doraHai="38" who="2" fromWho="1" sc="250,0,250,-80,250,80,250,0" /><INIT seed="1,0,0,3,1,10" ten="250,170,330,250" oya="1" hai0="87,112,115,70,42,129,11,65,39,79,13,130,22" hai1="121,81,124,31,101,123,0,48,75,74,96,6,3" hai2="16,117,2,84,63,66,52,50,26,57,122,45,53" hai3="125,20,34,106,56,14,104,73,88,67,127,102,59"/><U27/><E124/><N who="3" m="47690" /><G73/><T85/><D22/><U7/><E48/><V132/><F132/><W128/><G34/><T114/><D65/><U91/><E75/><V95/><F2/><W28/><G102/><T46/><D70/><U54/><E54/><V94/><F122/><W40/><G40/><T103/><D103/><U92/><E0/><V99/><F117/><W116/><G116/><T107/><D107/><U120/><E3/><V131/><F84/><W64/><G28/><T19/><REACH who="0" step="1"/><D79/><REACH who="0" ten="240,170,330,250" step="2"/><U86/><REACH who="1" step="1"/><E74/><REACH who="1" ten="240,160,330,250" step="2"/><V83/><F66/><W30/><G67/><T43/><D43/><U62/><E62/><V72/><F72/><W49/><G64/><T77/><D77/><U113/><E113/><V89/><F63/><W4/><G49/><T8/><D8/><U35/><AGARI ba="0,2" hai="6,7,27,31,35,81,86,91,92,96,101,120,121,123" machi="35" ten="30,6000,0" yaku="1,1,0,1,53,1" doraHai="10" doraHaiUra="76" who="1" fromWho="1" sc="240,-20,160,80,330,-20,250,-20" /><INIT seed="1,1,0,0,5,12" ten="220,240,310,230" oya="1" hai0="88,59,58,69,65,35,93,82,133,15,124,47,86" hai1="5,9,1,78,105,52,61,6,117,122,106,17,95" hai2="73,14,18,111,121,38,51,71,49,132,33,92,107" hai3="64,7,16,97,115,103,3,10,34,112,50,26,100"/><U46/><E117/><V41/><F107/><W24/><G50/><T37/><D35/><U87/><E122/><V130/><F71/><W30/><G64/><T68/><D124/><U70/><E5/><V75/><F33/><W56/><G56/><T74/><D133/><U108/><E108/><V83/><F38/><W126/><G103/><T54/><D15/><U63/><E105/><V8/><F130/><W94/><REACH who="3" step="1"/><G126/><REACH who="3" ten="220,240,310,220" step="2"/><T66/><D68/><U135/><E135/><V42/><F49/><W25/><G25/><T99/><D69/><U72/><E46/><V67/><F67/><W101/><G101/><T45/><D59/><U31/><E70/><V123/><F51/><W96/><G96/><T125/><D125/><U110/><E63/><V53/><F132/><W0/><G0/><T57/><D58/><U85/><E61/><V21/><F121/><W81/><G81/><T76/><D99/><U90/><E1/><V89/><F83/><W28/><G28/><T22/><D47/><U44/><E31/><V32/><F123/><W13/><G13/><T79/><D45/><U114/><E44/><V118/><F14/><W29/><G29/><T11/><D65/><U20/><E110/><V91/><F111/><W55/><G55/><T129/><D66/><U134/><E52/><V27/><F53/><W80/><G80/><T128/><D82/><U127/><E127/><V62/><F27/><W120/><G120/><T116/><D54/><U77/><E134/><V104/><F62/><W36/><G36/><T19/><D37/><U119/><E90/><V39/><F89/><RYUUKYOKU ba="1,1" sc="220,-10,240,-10,310,-10,220,30" hai3="3,7,10,16,24,26,30,34,94,97,100,112,115" /><INIT seed="2,2,1,5,0,114" ten="210,230,300,250" oya="2" hai0="43,84,115,14,51,0,29,121,67,59,129,105,3" hai1="73,134,117,69,26,45,68,112,24,127,113,17,61" hai2="38,8,86,42,88,128,7,110,5,31,47,135,32" hai3="22,60,106,57,77,102,11,124,111,100,46,64,21"/><V49/><F128/><W30/><G111/><T96/><D121/><U87/><E73/><V116/><F135/><W99/><G124/><T55/><D115/><U80/><E134/><V58/><F116/><W118/><G118/><T52/><D129/><U72/><E72/><V1/><F5/><W75/><G102/><T97/><D29/><U19/><E45/><V36/><F110/><W34/><G11/><T122/><D122/><U56/><E127/><V85/><F85/><W74/><G46/><T41/><D84/><U120/><E120/><V81/><REACH who="2" step="1"/><F58/><REACH who="2" ten="210,230,290,250" step="2"/><W40/><G57/><T25/><D59/><U71/><E117/><V108/><F108/><W119/><G74/><T130/><D130/><U12/><E113/><V89/><F89/><W6/><G6/><T132/><D132/><U91/><E112/><V54/><F54/><W63/><G75/><T92/><D55/><U18/><REACH who="1" step="1"/><E12/><REACH who="1" ten="210,220,290,250" step="2"/><V76/><F76/><W37/><G77/><T103/><D14/><U101/><E101/><V70/><F70/><W82/><G100/><T20/><D103/><U123/><E123/><V50/><F50/><W125/><G119/><T98/><D51/><U107/><E107/><V133/><F133/><W131/><G131/><T79/><D105/><U66/><AGARI ba="2,3" hai="17,18,19,24,26,56,61,66,68,69,71,80,87,91" machi="66" ten="40,2700,0" yaku="1,1,0,1,53,0" doraHai="114" doraHaiUra="94" who="1" fromWho="1" sc="210,-9,220,63,290,-15,250,-9" /><INIT seed="3,0,0,0,5,56" ten="201,283,275,241" oya="3" hai0="27,39,0,131,114,92,4,133,111,116,120,113,104" hai1="43,89,66,75,60,48,26,18,57,80,19,76,11" hai2="50,122,5,14,103,21,78,13,40,82,97,42,68" hai3="91,15,115,61,36,127,135,94,38,85,24,6,51"/><W32/><G115/><T8/><RYUUKYOKU type="yao9" ba="0,0" sc="201,0,283,0,275,0,241,0" hai0="0,4,8,27,39,92,104,111,113,114,116,120,131,133" /><INIT seed="3,1,0,4,2,22" ten="201,283,275,241" oya="3" hai0="48,64,67,21,103,8,86,97,58,111,39,69,109" hai1="128,16,40,30,3,25,37,32,73,35,78,14,93" hai2="9,118,13,15,91,77,90,57,126,110,53,127,102" hai3="82,105,1,24,68,119,125,12,94,122,61,72,92"/><W11/><G105/><T18/><D39/><U115/><E115/><V31/><F102/><W54/><G1/><T123/><D123/><U49/><E128/><V59/><F110/><N who="0" m="41994" /><D69/><U134/><E134/><V28/><F77/><W52/><G122/><T116/><D116/><U87/><E3/><V0/><F0/><W38/><G38/><T10/><D86/><U6/><E6/><V79/><F79/><W132/><G119/><T112/><D112/><U107/><E107/><V70/><F70/><W27/><G72/><T100/><D100/><U135/><E135/><V45/><F45/><W81/><G68/><T23/><D23/><U55/><E37/><V43/><F43/><W80/><G132/><T36/><D36/><U76/><E40/><V96/><F96/><W121/><G121/><T4/><D48/><U98/><E87/><V89/><F89/><W60/><G125/><T47/><D47/><U20/><E32/><V84/><F84/><W41/><G41/><T104/><D58/><U75/><E75/><V129/><F9/><N who="0" m="3690" /><D4/><U5/><E5/><V62/><F118/><W133/><G133/><T83/><D83/><U113/><E73/><V50/><F50/><W46/><G46/><T29/><D29/><U33/><E35/><V117/><F117/><W71/><G71/><T2/><D2/><U44/><E113/><V124/><F126/><W63/><G94/><T85/><D85/><U65/><E76/><V17/><F124/><W26/><G92/><T114/><D114/><U88/><E78/><V106/><F127/><W99/><G99/><T95/><D104/><RYUUKYOKU ba="1,0" sc="201,10,283,10,275,-30,241,10" hai0="18,21,64,67,95,97,103" hai1="14,16,20,25,30,33,44,49,55,65,88,93,98" hai3="11,12,24,26,27,52,54,60,61,63,80,81,82" /><INIT seed="3,2,0,3,1,98" ten="211,293,245,251" oya="3" hai0="41,121,57,81,102,58,10,128,47,35,123,85,131" hai1="99,12,16,64,90,31,110,43,42,0,38,107,53" hai2="117,129,29,127,101,135,48,61,134,11,112,130,56" hai3="88,74,72,76,97,24,125,105,15,108,2,18,32"/><W52/><G2/><T54/><D35/><U82/><E0/><V103/><F117/><W118/><G118/><T95/><D10/><U71/><E110/><V86/><F112/><W70/><G70/><T122/><D95/><N who="1" m="56823" /><E71/><V36/><F36/><W65/><G65/><T106/><D106/><U19/><E64/><N who="2" m="38951" /><F29/><W27/><G32/><T92/><D92/><U109/><E38/><V6/><F48/><W3/><G3/><T30/><D102/><N who="2" m="38922" /><F86/><W13/><G105/><T22/><D30/><U26/><E109/><V1/><F127/><W34/><G34/><T8/><D85/><U94/><E107/><V89/><F89/><W133/><G74/><T126/><D126/><U9/><E31/><V49/><F49/><W21/><G72/><T5/><D122/><U73/><E73/><V119/><F119/><W51/><G125/><T116/><D121/><U132/><E42/><V91/><F91/><W75/><G108/><T25/><D123/><U59/><E43/><V104/><F104/><W93/><G75/><T67/><D41/><U115/><E115/><V60/><F60/><W45/><G76/><T28/><D116/><U55/><E55/><V39/><F39/><W63/><G63/><T14/><D54/><U96/><E53/><V20/><F20/><W87/><G87/><T4/><D22/><U69/><E69/><V50/><F50/><W68/><G68/><T7/><D28/><U80/><E9/><V37/><F37/><W83/><G21/><T100/><D67/><U62/><E62/><V17/><F17/><W77/><G18/><T23/><D23/><RYUUKYOKU ba="2,0" sc="211,-10,293,-10,245,30,251,-10" hai2="1,6,11,129,130,134,135" /><INIT seed="4,3,0,4,0,87" ten="201,283,275,241" oya="0" hai0="18,82,99,15,121,117,34,43,106,25,110,131,119" hai1="67,55,13,4,86,120,128,107,58,122,116,23,6" hai2="40,127,115,103,60,57,97,16,93,74,3,85,54" hai3="105,65,89,53,111,130,49,0,112,10,104,35,1"/><T125/><D121/><U33/><E33/><V29/><F74/><W123/><G111/><T68/><D110/><U31/><E116/><V37/><F3/><W98/><G35/><T118/><D68/><U100/><E128/><V83/><F29/><W45/><G123/><T22/><D131/><U80/><E67/><V41/><F115/><W11/><G130/><T79/><D125/><U108/><E108/><V36/><F127/><W8/><G112/><T46/><D34/><U77/><E107/><V24/><F37/><W64/><G104/><T72/><D106/><U71/><E71/><V5/><F5/><W9/><N who="3" m="2048" /><DORA hai="51" /><W32/><G32/><T14/><REACH who="0" step="1"/><D99/><REACH who="0" ten="191,283,275,241" step="2"/><U114/><E114/><V2/><F2/><W63/><G105/><T78/><D78/><U20/><E122/><V26/><F97/><W59/><G0/><T17/><D17/><U76/><E77/><V75/><F16/><W88/><G1/><T73/><D73/><U126/><E126/><V69/><F75/><W19/><G19/><T133/><D133/><U132/><E132/><V90/><F69/><W96/><G96/><T95/><D95/><U21/><E120/><V28/><F93/><N who="3" m="56615" /><G89/><T44/><D44/><U113/><E113/><V91/><F90/><W66/><AGARI ba="3,1" hai="45,49,53,59,63,64,65,66" m="56615,2048" machi="66" ten="40,8000,1" yaku="8,1,52,2,54,1" doraHai="87,51" who="3" fromWho="3" sc="191,-43,283,-23,275,-23,241,99" /><INIT seed="5,0,0,4,2,82" ten="148,260,252,340" oya="1" hai0="45,86,77,48,114,20,91,5,125,53,122,13,55" hai1="46,126,110,35,129,98,32,44,81,76,88,1,117" hai2="43,3,78,108,54,19,92,27,111,2,11,121,130" hai3="84,133,57,118,71,42,47,124,74,102,8,69,50"/><U26/><E117/><V70/><F70/><W67/><G74/><T131/><D114/><U135/><E1/><V37/><F78/><W103/><G71/><T38/><D122/><U72/><E126/><V93/><F43/><W66/><G69/><T106/><D125/><U101/><E135/><V64/><F64/><W22/><G133/><T132/><D132/><U120/><E120/><V14/><F37/><W41/><G41/><T65/><D131/><U4/><E4/><V73/><F73/><W63/><G67/><T90/><D106/><U49/><E129/><V109/><F130/><W96/><G96/><T59/><D65/><U33/><E110/><V6/><F121/><W34/><G34/><T12/><D38/><U56/><E26/><V113/><F113/><W68/><G68/><T83/><D13/><U40/><E56/><V23/><F54/><W79/><G8/><T104/><D104/><U97/><E101/><V16/><F3/><W51/><G124/><T18/><REACH who="0" step="1"/><D5/><REACH who="0" ten="138,260,252,340" step="2"/><U112/><E112/><V85/><F2/><W75/><G66/><T29/><D29/><U116/><E116/><V87/><F6/><W21/><G118/><T107/><D107/><U25/><E25/><V62/><F109/><W52/><G75/><T58/><D58/><U0/><E0/><V60/><F108/><W17/><G57/><T61/><AGARI ba="0,1" hai="12,18,20,45,48,53,55,59,61,77,83,86,90,91" machi="61" ten="20,12000,2" yaku="1,1,0,1,7,1,8,1,52,1,53,1" doraHai="82" doraHaiUra="10" who="0" fromWho="0" sc="138,130,260,-60,252,-30,340,-30" /><INIT seed="6,0,0,2,4,71" ten="268,200,222,310" oya="2" hai0="56,126,110,85,102,81,9,21,53,2,57,12,14" hai1="27,44,36,104,87,22,7,109,15,31,131,33,45" hai2="63,80,5,86,130,61,48,94,6,76,28,134,20" hai3="26,75,135,40,93,88,65,64,54,23,98,47,118"/><V117/><F117/><W79/><G135/><T11/><D2/><U107/><E109/><V32/><F130/><W43/><G118/><T125/><D110/><U1/><E131/><V133/><F32/><W77/><G54/><T49/><D102/><U78/><E45/><V62/><F48/><N who="3" m="26727" /><G75/><T46/><D126/><U96/><E96/><V122/><F122/><W42/><G42/><T106/><D106/><U3/><E78/><N who="3" m="29706" /><G43/><T24/><D125/><U74/><E74/><V69/><F69/><W38/><G38/><T116/><D116/><U59/><E59/><V100/><F133/><W51/><G51/><T60/><D9/><N who="1" m="2303" /><E87/><V13/><F134/><W127/><G127/><T105/><D105/><U19/><E1/><V128/><F128/><W119/><G119/><T72/><D72/><U120/><E120/><V68/><F68/><W10/><G10/><T90/><D11/><U8/><E8/><V18/><F28/><AGARI ba="0,0" hai="23,26,28,64,65,88,93,98" m="29706,26727" machi="28" ten="30,2000,0" yaku="8,1,54,1" doraHai="71" who="3" fromWho="2" sc="268,0,200,0,222,-20,310,20" /><INIT seed="7,0,0,2,3,102" ten="268,200,202,330" oya="3" hai0="62,95,57,1,83,125,110,55,4,98,121,66,115" hai1="87,108,135,73,13,124,38,65,8,68,52,79,84" hai2="50,75,111,32,82,77,18,54,41,9,33,113,116" hai3="48,74,101,129,88,70,56,104,51,45,94,20,3"/><W81/><G56/><T31/><D121/><U69/><E108/><V134/><F111/><W114/><G45/><T86/><D110/><U80/><E124/><V99/><F41/><W106/><G106/><T120/><D120/><U0/><E0/><V22/><F134/><W97/><G70/><T109/><D125/><U128/><E135/><V30/><F113/><W12/><G3/><T40/><D109/><U24/><E128/><V105/><F9/><W16/><G114/><T34/><D40/><U49/><E38/><V100/><F30/><W46/><G46/><T2/><D4/><U37/><E37/><V91/><F91/><W44/><G44/><T127/><D127/><U58/><E24/><V17/><F17/><W85/><G129/><T5/><D5/><U107/><E107/><V119/><F119/><W103/><G103/><T27/><D55/><U89/><E65/><V72/><F72/><W14/><G14/><T118/><D118/><U35/><E35/><V117/><F116/><W11/><G11/><T123/><D123/><U61/><E61/><V29/><F29/><W43/><G43/><T26/><D26/><U78/><E73/><V71/><F71/><N who="1" m="27209" /><E84/><V21/><F117/><W7/><G7/><T130/><D115/><U36/><E36/><V132/><F132/><W10/><G10/><T67/><D66/><U47/><E47/><N who="2" m="27999" /><F22/><W19/><G19/><T25/><D130/><U76/><E8/><V15/><F33/><W126/><G126/><T96/><D34/><U90/><E13/><V122/><F32/><W64/><G12/><T92/><D31/><RYUUKYOKU ba="0,0" sc="268,-15,200,15,202,15,330,-15" hai1="49,52,58,76,78,79,80,87,89,90" hai2="15,18,21,75,77,82,99,100,105,122" owari="253,5.0,215,-28.0,217,-18.0,315,41.0" /></mjloggm>