<mjloggm ver="2.3"><GO type="169" lobby="0"/><UN n0="%E3%83%88%E3%83%88%E3%83%AA%E5%85%88%E7%94%9F%31%39%E6%AD%B3" n1="%67%75%73%68" n2="%EF%BC%88%EF%BC%BE%D0%94%EF%BC%BE%EF%BC%89" n3="%73%68%6F%6F%74%33%39" dan="18,17,17,19" rate="2176.75,2139.51,2213.09,2215.21" sx="F,M,M,M"/><TAIKYOKU oya="0"/><INIT seed="0,0,0,4,1,47" ten="250,250,250,250" oya="0" hai0="69,15,42,122,130,59,20,105,116,125,100,27,83" hai1="49,43,106,95,56,114,18,55,52,53,66,1,108" hai2="102,26,54,94,128,132,61,2,80,8,129,23,3" hai3="38,67,97,41,123,36,131,74,93,35,6,104,64"/><T111/><D116/><U44/><E106/><V78/><F132/><W86/><G35/><T121/><D69/><U90/><E114/><V72/><F8/><W73/><G6/><T13/><D130/><N who="2" m="50282" /><F102/><W40/><G131/><T70/><D70/><U50/><E1/><V28/><F94/><W17/><G86/><T98/><D125/><U87/><E108/><V127/><F127/><W45/><G104/><T7/><D111/><U12/><E66/><V14/><F14/><W91/><G123/><T0/><D0/><U120/><E120/><V109/><F109/><W126/><G126/><T60/><D15/><U62/><E62/><V68/><F54/><W81/><G17/><T11/><D83/><U92/><E95/><V32/><F23/><AGARI ba="0,0" hai="12,18,23,43,44,49,50,52,53,55,56,87,90,92" machi="23" ten="30,12000,2" yaku="7,1,25,2,8,1,52,2,54,1" doraHai="47" who="1" fromWho="2" sc="250,0,250,120,250,-120,250,0" /><INIT seed="1,0,0,1,3,54" ten="250,370,130,250" oya="1" hai0="29,131,101,75,52,88,5,98,110,76,85,2,78" hai1="69,14,80,77,84,132,25,90,27,22,0,125,40" hai2="8,79,30,7,123,121,46,103,3,120,109,53,92" hai3="16,49,15,73,119,81,94,36,24,59,135,9,12"/><U39/><E0/><V55/><F109/><W51/><G36/><T33/><D110/><U105/><E69/><V41/><F79/><W1/><G135/><T61/><D131/><U124/><E105/><V43/><F43/><W100/><G119/><T38/><D38/><U71/><E71/><V72/><F30/><W107/><G107/><T112/><D112/><U48/><E39/><V57/><F72/><W114/><G1/><T89/><D89/><U91/><E132/><V87/><F87/><W70/><G70/><T83/><D2/><U26/><E40/><V28/><F28/><W96/><G114/><T99/><D5/><U67/><E67/><V86/><F86/><W97/><G24/><T32/><D29/><U134/><E48/><V35/><F35/><W116/><G96/><T68/><D78/><U115/><E115/><V31/><F31/><W66/><G116/><T60/><D60/><U23/><E134/><V117/><F117/><W4/><G81/><T62/><D62/><U20/><E14/><V18/><F3/><W13/><G73/><T130/><D130/><U126/><AGARI ba="0,0" hai="20,22,23,25,26,27,77,80,84,90,91,124,125,126" machi="126" ten="40,12000,1" yaku="0,1,29,2,18,1" doraHai="54" who="1" fromWho="1" sc="250,-40,370,120,130,-40,250,-40" /><INIT seed="1,1,0,4,2,105" ten="210,490,90,210" oya="1" hai0="100,36,29,23,38,116,20,89,15,32,131,21,110" hai1="78,31,43,26,14,135,56,22,97,53,18,64,30" hai2="81,95,94,44,7,109,96,108,119,122,111,85,124" hai3="65,104,48,19,113,4,47,101,13,1,42,83,2"/><U67/><E135/><V3/><F7/><W54/><G113/><T114/><D114/><U86/><E43/><V92/><F3/><W112/><G112/><T77/><D116/><U76/><E97/><V12/><F12/><W69/><G4/><T49/><D110/><N who="2" m="28162" /><V50/><DORA hai="125" /><F119/><W8/><G101/><T126/><D126/><U128/><E31/><V33/><F33/><W102/><G102/><T132/><D132/><U71/><E71/><V88/><F124/><W82/><G104/><T52/><D131/><U123/><E128/><V99/><F122/><W17/><G17/><T10/><D100/><U134/><E134/><V73/><F73/><W91/><G83/><T25/><D89/><U34/><E123/><V115/><F115/><W93/><G82/><T40/><D40/><AGARI ba="1,0" hai="40,44,50,81,85,88,92,94,95,96,99" m="28162" machi="40" ten="40,2600,0" yaku="14,1,54,1" doraHai="105,125" who="2" fromWho="0" sc="210,-29,490,0,90,29,210,0" /><INIT seed="2,0,0,4,5,88" ten="181,490,119,210" oya="2" hai0="115,15,120,54,126,19,50,98,128,41,17,4,81" hai1="20,121,70,55,124,108,109,37,11,53,106,129,125" hai2="83,38,72,2,66,69,116,68,71,77,107,96,117" hai3="135,123,100,105,112,74,90,51,78,132,56,127,92"/><V64/><F2/><W3/><G3/><T12/><D115/><U101/><E37/><V99/><F38/><W63/><G51/><T134/><D120/><U61/><E11/><V8/><F8/><W33/><G33/><T0/><D0/><U43/><E43/><V73/><F107/><W34/><G34/><T62/><D128/><U18/><E129/><V42/><F42/><W97/><G123/><T113/><D113/><U26/><E121/><V110/><F110/><N who="1" m="42601" /><E101/><V10/><F10/><W84/><G127/><N who="1" m="48714" /><E106/><V27/><F27/><W102/><G102/><T5/><D12/><U22/><E20/><V36/><F36/><W47/><G47/><T6/><D15/><U80/><E80/><V31/><F31/><W85/><G112/><T30/><D126/><U114/><E114/><V45/><F45/><W57/><G57/><T21/><D81/><U82/><E82/><V94/><F73/><W14/><G14/><T7/><D30/><U9/><E9/><V79/><F79/><W60/><G56/><N who="0" m="35095" /><D21/><U111/><E111/><V35/><F35/><W25/><G25/><T29/><D29/><U28/><E28/><V104/><F104/><W32/><G32/><T24/><D6/><U91/><E91/><V95/><F116/><W118/><G118/><T49/><D24/><U93/><E93/><N who="2" m="35339" /><F117/><W1/><G1/><T59/><D5/><U65/><AGARI ba="0,0" hai="18,22,26,53,55,61,65,70" m="48714,42601" machi="65" ten="40,2700,0" yaku="14,1,18,1" doraHai="88" who="1" fromWho="1" sc="181,-7,490,27,119,-13,210,-7" /><INIT seed="3,0,0,4,3,71" ten="174,517,106,203" oya="3" hai0="119,73,132,120,40,49,44,67,31,110,32,124,125" hai1="61,98,129,127,111,91,86,122,11,74,17,36,87" hai2="134,118,95,96,109,107,27,123,131,48,19,20,52" hai3="106,47,21,108,59,70,75,8,38,116,51,39,13"/><W18/><G70/><T92/><D73/><U68/><E74/><V97/><F118/><W14/><G116/><T2/><D119/><U30/><E122/><V4/><F109/><W57/><G75/><T112/><D120/><U56/><E68/><V78/><F123/><W7/><G106/><T24/><D2/><U90/><E111/><V94/><F134/><W58/><REACH who="3" step="1"/><G108/><REACH who="3" ten="174,517,106,193" step="2"/><T89/><D110/><U45/><E129/><V5/><F107/><W41/><AGARI ba="0,1" hai="7,8,13,14,18,21,38,39,41,47,51,57,58,59" machi="41" ten="30,12000,1" yaku="1,1,2,1,0,1,52,2,53,0" doraHai="71" doraHaiUra="88" who="3" fromWho="3" sc="174,-40,517,-40,106,-40,193,130" /><INIT seed="3,1,0,1,3,23" ten="134,477,66,323" oya="3" hai0="44,75,119,68,22,69,38,128,24,51,91,87,67" hai1="88,60,43,94,49,106,14,7,3,4,107,52,34" hai2="25,93,0,125,54,1,126,78,124,80,48,35,65" hai3="130,99,63,112,73,105,108,64,53,32,36,20,6"/><W42/><G112/><T12/><D119/><U113/><E113/><V28/><F93/><W8/><G32/><T62/><D75/><U84/><E3/><V10/><F65/><W26/><G73/><T71/><D38/><U132/><E34/><V89/><F89/><W50/><G130/><T131/><D12/><U92/><E132/><V19/><F19/><W59/><G108/><T97/><D97/><U111/><E111/><V116/><F10/><W115/><G115/><T55/><D128/><U5/><E43/><V127/><N who="2" m="31744" /><DORA hai="86" /><V129/><F129/><W41/><G36/><T104/><D104/><U13/><E107/><V17/><F17/><W103/><G6/><T96/><D96/><U16/><E106/><V39/><F39/><W37/><G8/><T30/><REACH who="0" step="1"/><D131/><REACH who="0" ten="124,477,66,323" step="2"/><U45/><E13/><V40/><F116/><W120/><G37/><T100/><D100/><U118/><E118/><V77/><F40/><W58/><G120/><T61/><D61/><U31/><E60/><V81/><F0/><W101/><G101/><T11/><D11/><N who="1" m="6239" /><E31/><AGARI ba="1,1" hai="20,26,31,41,42,50,53,58,59,63,64,99,103,105" machi="31" ten="30,2900,0" yaku="7,1,52,1" doraHai="23,86" who="3" fromWho="1" sc="124,0,477,-32,66,0,323,42" /><INIT seed="3,2,0,4,3,26" ten="124,445,66,365" oya="3" hai0="106,73,12,45,105,114,92,41,77,48,97,96,36" hai1="102,131,61,11,85,86,13,52,2,108,40,37,38" hai2="62,63,55,118,6,90,79,104,127,129,98,7,75" hai3="107,17,117,44,57,4,89,93,65,51,78,35,134"/><W95/><G107/><T15/><D114/><U66/><E2/><V91/><F118/><W120/><G117/><T84/><D73/><U43/><E108/><V3/><F129/><W60/><G120/><T121/><D121/><U72/><E72/><V109/><F109/><W94/><G134/><T132/><D132/><U20/><E102/><V50/><F127/><W80/><G35/><T9/><D36/><U116/><E116/><V99/><F75/><W76/><G4/><N who="2" m="1577" /><F79/><W58/><G58/><T101/><D9/><U28/><E37/><V81/><F104/><W0/><G0/><T126/><D126/><U32/><E32/><V31/><F31/><W30/><G30/><T59/><D59/><N who="1" m="35047" /><E66/><V100/><F100/><W115/><G17/><T34/><D34/><U71/><E71/><V39/><F39/><W8/><G8/><T119/><D119/><U88/><E85/><N who="2" m="50479" /><F3/><W54/><REACH who="3" step="1"/><G115/><REACH who="3" ten="124,445,66,355" step="2"/><T53/><D106/><U19/><E131/><V64/><F64/><W70/><G70/><T22/><D105/><U27/><E38/><V21/><F21/><W18/><G18/><T122/><D22/><U23/><E11/><V123/><F123/><W133/><G133/><T111/><D122/><U25/><E13/><V113/><F113/><W5/><G5/><T29/><D111/><U56/><E56/><V10/><F10/><W125/><G125/><T82/><D12/><U135/><E135/><V103/><F63/><W83/><G83/><AGARI ba="2,1" hai="19,20,23,25,27,28,40,43,83,86,88" m="35047" machi="83" ten="30,7700,0" yaku="8,1,52,1,54,2" doraHai="26" who="1" fromWho="3" sc="124,0,445,93,66,0,355,-83" /><INIT seed="4,0,0,4,0,83" ten="124,538,66,272" oya="0" hai0="109,6,68,4,32,91,35,99,38,71,122,117,123" hai1="51,94,132,36,110,45,23,27,79,1,37,11,95" hai2="28,39,34,61,22,21,14,47,17,59,64,54,50" hai3="18,62,7,124,102,80,29,53,63,9,96,112,25"/><T93/><D117/><U5/><E110/><V24/><REACH who="2" step="1"/><F39/><REACH who="2" ten="124,538,56,272" step="2"/><W40/><G112/><T78/><D38/><U106/><E36/><V13/><F13/><W115/><G115/><T33/><D109/><U10/><E37/><V55/><F55/><W66/><G53/><T101/><D122/><U16/><E1/><V8/><AGARI ba="0,1" hai="8,14,17,21,22,24,28,34,47,50,54,59,61,64" machi="8" ten="20,5200,0" yaku="21,2,0,1,7,1,53,0" doraHai="83" doraHaiUra="135" who="2" fromWho="2" sc="124,-26,538,-13,56,62,272,-13" /><INIT seed="5,0,0,3,4,109" ten="98,525,118,259" oya="1" hai0="72,79,86,25,130,93,131,97,96,32,4,89,122" hai1="18,6,123,94,21,49,33,118,62,71,12,73,37" hai2="83,74,120,75,1,10,0,76,24,48,132,55,102" hai3="3,115,95,23,119,5,100,107,92,39,46,87,98"/><U2/><E37/><V99/><F120/><W121/><G121/><T126/><D122/><U66/><E73/><V105/><F132/><W69/><G69/><T134/><D4/><U104/><E104/><V112/><F74/><W22/><G119/><T16/><D134/><U60/><E118/><V45/><F112/><W61/><G3/><T28/><D126/><U58/><E33/><V80/><F80/><W35/><G35/><T113/><D113/><U7/><E123/><V114/><F114/><W127/><G5/><T133/><D133/><U117/><E117/><V78/><F78/><W17/><G127/><T51/><D51/><U57/><E2/><V124/><F124/><W116/><G116/><T128/><D72/><U103/><E49/><V13/><REACH who="2" step="1"/><F24/><REACH who="2" ten="98,525,108,259" step="2"/><W34/><G115/><T54/><D79/><U43/><E71/><V50/><F50/><W38/><G38/><T65/><D65/><U36/><E36/><V84/><F84/><W11/><G87/><T111/><D111/><U64/><E64/><V135/><F135/><W106/><G39/><T30/><D54/><N who="1" m="33847" /><E43/><V15/><F15/><W29/><G61/><T70/><D70/><U129/><E66/><V108/><F108/><W81/><G81/><T91/><D86/><U56/><E62/><V47/><F47/><W101/><G98/><T40/><D40/><U67/><E67/><V110/><F110/><W8/><G46/><T77/><D77/><U19/><E12/><V27/><F27/><W82/><G82/><T85/><D130/><U59/><E129/><V53/><F53/><W9/><G107/><RYUUKYOKU ba="0,1" sc="98,-10,525,-10,108,30,259,-10" hai2="0,1,10,13,45,48,55,75,76,83,99,102,105" /><INIT seed="6,1,1,4,0,122" ten="88,515,138,249" oya="2" hai0="67,41,85,128,113,96,34,60,93,110,25,78,50" hai1="47,108,123,88,40,97,133,69,114,115,24,99,134" hai2="19,38,130,82,63,107,102,22,105,27,126,53,31" hai3="10,36,64,16,61,77,111,103,52,72,121,29,49"/><V79/><F130/><W56/><G121/><T124/><D113/><N who="1" m="43019" /><E108/><V17/><F126/><W44/><G111/><T23/><D124/><U57/><E69/><V98/><F38/><W73/><G29/><T43/><D128/><U2/><E2/><V21/><F107/><W131/><G131/><T55/><D34/><U68/><E68/><V120/><F120/><W14/><G103/><T80/><D110/><U59/><E24/><V45/><F22/><W62/><G36/><T9/><D9/><U74/><E74/><V37/><F63/><W18/><G77/><T65/><D65/><U6/><E6/><V12/><F12/><W66/><G18/><T106/><D106/><U26/><E26/><V92/><F105/><W13/><G13/><T109/><D109/><U76/><E76/><V135/><F135/><N who="1" m="51721" /><E99/><V3/><F3/><W4/><G4/><T118/><D118/><U84/><E97/><V35/><F35/><W58/><AGARI ba="1,1" hai="10,14,16,44,49,52,56,58,61,62,64,66,72,73" machi="58" ten="20,8000,1" yaku="0,1,7,1,9,1,54,2" doraHai="122" who="3" fromWho="3" sc="88,-21,515,-21,138,-41,249,93" /><INIT seed="7,0,0,2,1,133" ten="67,494,97,342" oya="3" hai0="85,107,67,3,42,106,110,11,121,21,81,134,114" hai1="120,56,51,43,112,18,38,10,41,93,32,44,52" hai2="131,68,20,55,97,12,35,86,89,105,123,99,91" hai3="17,27,1,40,122,101,16,124,19,66,8,39,29"/><W77/><G101/><T61/><D110/><U135/><E120/><V113/><F35/><W6/><G122/><T15/><D121/><U34/><E112/><V108/><F113/><W95/><G66/><T22/><D114/><U104/><E104/><V118/><F68/><W102/><G77/><T96/><D134/><U64/><E135/><V50/><F118/><W75/><G75/><T83/><D83/><U132/><E132/><V5/><F131/><W130/><G130/><T79/><D3/><U88/><E64/><V115/><F115/><W59/><G59/><T119/><D119/><U63/><E38/><V33/><F33/><W9/><G124/><T103/><D42/><U100/><E100/><V0/><F0/><W69/><G69/><T74/><D74/><U36/><E36/><V73/><F73/><W58/><G58/><T84/><D84/><U72/><E72/><V24/><F108/><W62/><G62/><T117/><D107/><U129/><E129/><V37/><F37/><W90/><G102/><T127/><D127/><U94/><E94/><N who="2" m="54583" /><F91/><W65/><G65/><T71/><REACH who="0" step="1"/><D117/><REACH who="0" ten="57,494,97,342" step="2"/><U28/><E41/><V45/><F105/><W60/><G60/><T2/><D2/><U116/><E116/><V76/><F123/><W4/><G40/><T111/><D111/><U14/><E28/><N who="2" m="17415" /><F76/><W30/><G39/><T25/><D25/><U80/><E80/><V98/><F98/><AGARI ba="0,1" hai="10,14,18,32,34,43,44,51,52,56,63,88,93,98" machi="98" ten="30,3900,0" yaku="7,1,54,2" doraHai="133" who="1" fromWho="2" sc="57,0,494,49,97,-39,342,0" owari="57,-44.0,543,64.0,58,-34.0,342,14.0" /></mjloggm>