<mjloggm ver="2.3"><GO type="169" lobby="0"/><UN n0="%6D%61%72%75%66%75%6B%75" n1="%E3%83%90%E3%83%88%E3%83%AB%E3%83%89%E3%83%BC%E3%83%A0%EF%BC%81" n2="%E3%81%A1%E3%82%83%E3%81%9D%E2%98%86" n3="%E3%82%A6%E3%83%AB%E3%83%88%E3%83%A9%E7%AB%8B%E7%9B%B4" dan="16,16,17,17" rate="2035.67,2057.46,2121.60,2149.45" sx="M,M,M,M"/><TAIKYOKU oya="0"/><INIT seed="0,0,0,1,4,26" ten="250,250,250,250" oya="0" hai0="87,15,129,125,124,53,20,118,9,19,51,50,92" hai1="110,91,95,78,62,56,134,119,97,5,112,28,30" hai2="47,77,111,96,18,115,31,106,33,84,127,2,109" hai3="37,133,35,45,82,67,23,122,116,16,22,99,21"/><T79/><D118/><U65/><E119/><V57/><F2/><W34/><G116/><T39/><D39/><U113/><E110/><N who="2" m="41995" /><F57/><W66/><G133/><T121/><D121/><U86/><E134/><V60/><F60/><W108/><G108/><T38/><D38/><U130/><E5/><V8/><F47/><W63/><G122/><T58/><D129/><U11/><E11/><V24/><F127/><N who="0" m="48714" /><D79/><U25/><E25/><V41/><F41/><W29/><G45/><T3/><D3/><U55/><E130/><V75/><F75/><W70/><G37/><T114/><D114/><N who="1" m="44139" /><E65/><V1/><F1/><W120/><G67/><T69/><D69/><U72/><E72/><V126/><F126/><W4/><G120/><T54/><D92/><N who="1" m="54391" /><E78/><V128/><F128/><W131/><G131/><T48/><D87/><U88/><AGARI ba="0,0" hai="28,30,55,56,62,88,95,97" m="54391,44139" machi="88" ten="30,7900,0" yaku="11,1,52,2,54,1" doraHai="26" who="1" fromWho="1" sc="250,-39,250,79,250,-20,250,-20" /><INIT seed="1,0,0,3,4,41" ten="211,329,230,230" oya="1" hai0="90,32,9,26,0,56,74,109,128,66,60,22,86" hai1="67,100,65,73,61,130,44,111,114,18,16,79,1" hai2="12,121,6,95,30,105,33,96,107,45,20,118,25" hai3="17,24,19,129,49,50,42,117,8,89,23,21,97"/><U82/><E114/><V102/><F121/><W59/><G129/><T122/><D74/><U91/><E130/><V35/><F118/><W110/><G110/><T112/><D32/><U53/><E100/><V48/><F35/><W78/><G117/><T115/><D122/><U29/><E29/><V124/><F124/><W11/><G78/><T51/><D109/><U81/><E1/><V40/><REACH who="2" step="1"/><F20/><REACH who="2" ten="211,329,220,230" step="2"/><W69/><G69/><T64/><D128/><U57/><E111/><V14/><F14/><W106/><G106/><T93/><D115/><U70/><E67/><V72/><F72/><W84/><G97/><T46/><D112/><U135/><E135/><V7/><F7/><W94/><G49/><T10/><D66/><U31/><E31/><V125/><F125/><W43/><G21/><T55/><REACH who="0" step="1"/><D0/><REACH who="0" ten="201,329,220,230" step="2"/><U119/><E119/><V62/><F62/><W131/><G131/><T13/><D13/><U85/><E70/><V38/><F38/><W123/><G123/><T92/><D92/><U3/><E3/><V36/><F36/><W132/><G132/><T87/><D87/><U37/><E37/><V2/><F2/><W116/><G116/><T120/><D120/><U126/><E126/><V52/><F52/><N who="3" m="32151" /><G11/><AGARI ba="0,2" hai="6,11,12,25,30,33,40,45,48,95,96,102,105,107" machi="11" ten="40,5200,0" yaku="1,1,52,1,53,1" doraHai="41" doraHaiUra="28" who="2" fromWho="3" sc="201,0,329,0,220,72,230,-52" /><INIT seed="2,0,0,4,4,39" ten="201,329,292,178" oya="2" hai0="43,102,10,57,118,41,124,6,98,16,1,105,78" hai1="40,3,38,18,58,7,91,25,127,47,123,94,23" hai2="125,130,30,34,83,70,62,103,56,87,2,80,92" hai3="53,31,117,59,75,133,27,11,115,104,36,111,67"/><V66/><F130/><W97/><G117/><T50/><D124/><U119/><E119/><V54/><F125/><W81/><G133/><T0/><D0/><U32/><E127/><V24/><F2/><W13/><G111/><T120/><D78/><U106/><E106/><V77/><F103/><W107/><G115/><T85/><D120/><U122/><E32/><V112/><F112/><W14/><G67/><T101/><D101/><U135/><E135/><V73/><F92/><W82/><G36/><T61/><D85/><U5/><E58/><V76/><REACH who="2" step="1"/><F66/><REACH who="2" ten="201,329,282,178" step="2"/><W129/><G129/><T20/><D118/><U9/><REACH who="1" step="1"/><E7/><REACH who="1" ten="201,319,282,178" step="2"/><V89/><F89/><W45/><G107/><T69/><D6/><U109/><E109/><V128/><F128/><W95/><G104/><T35/><D105/><U93/><E93/><V88/><F88/><W116/><G116/><T96/><D102/><U12/><E12/><V131/><F131/><W72/><G14/><T4/><D1/><U48/><E48/><V28/><F28/><W33/><G95/><T19/><D50/><U55/><E55/><V37/><F37/><W51/><G97/><AGARI ba="0,2" hai="3,5,9,18,23,25,38,40,47,91,94,97,122,123" machi="97" ten="40,2600,0" yaku="1,1,52,1,53,0" doraHai="39" doraHaiUra="126" who="1" fromWho="3" sc="201,0,319,46,282,0,178,-26" /><INIT seed="3,0,0,4,0,116" ten="201,365,282,152" oya="3" hai0="100,83,84,40,62,34,132,49,119,63,28,50,112" hai1="93,12,118,124,120,107,82,135,87,64,24,110,47" hai2="57,9,36,29,58,73,114,81,2,39,44,78,105" hai3="122,101,99,4,43,117,108,80,74,71,42,61,125"/><W46/><G117/><T6/><D119/><U67/><E107/><V66/><F114/><W52/><G125/><T55/><D6/><U92/><E118/><V21/><F105/><W102/><G108/><T75/><D75/><U69/><E124/><V89/><F89/><W85/><G74/><T65/><D112/><U111/><E120/><V123/><F66/><N who="1" m="25129" /><E24/><N who="2" m="16527" /><F39/><W98/><G122/><T129/><D100/><N who="3" m="38505" /><G4/><T26/><D132/><U126/><E126/><V68/><F68/><W15/><G15/><T16/><D129/><U53/><E69/><V14/><F14/><W32/><G32/><T54/><D40/><N who="3" m="15401" /><G71/><T10/><D10/><U88/><E135/><V20/><F36/><W128/><G128/><T96/><D96/><U22/><E12/><V3/><F3/><W59/><G46/><N who="0" m="27959" /><D28/><U90/><E22/><V27/><F44/><W113/><G113/><T18/><D34/><U79/><E47/><V1/><F123/><W30/><G30/><T23/><D65/><U51/><E79/><AGARI ba="0,0" hai="52,59,61,79,80,85,98,99" m="15401,38505" machi="79" ten="30,2900,0" yaku="8,1,54,1" doraHai="116" who="3" fromWho="1" sc="201,0,365,-29,282,0,152,29" /><INIT seed="3,1,0,2,2,85" ten="201,336,282,181" oya="3" hai0="70,131,56,23,135,10,103,77,49,48,104,21,96" hai1="74,12,29,25,65,120,14,118,60,11,51,22,30" hai2="124,114,123,19,101,106,115,128,127,98,36,42,110" hai3="2,126,16,64,116,52,58,34,100,4,122,78,92"/><W61/><G122/><T83/><D70/><U66/><E120/><V6/><F123/><W113/><G34/><T7/><D135/><U20/><E118/><V68/><F110/><W80/><G116/><T0/><D131/><U9/><E74/><V18/><F68/><W55/><G4/><T37/><D37/><U134/><E134/><V63/><F63/><W1/><G2/><T87/><D49/><U76/><E51/><V54/><F54/><N who="3" m="20523" /><G1/><T95/><D48/><U109/><E109/><V5/><F128/><W111/><G113/><T8/><D56/><U15/><E76/><V117/><F117/><W38/><G38/><T107/><D104/><U35/><E35/><V39/><F5/><W81/><G111/><T84/><D10/><N who="1" m="3595" /><E60/><V108/><F6/><W105/><G105/><T102/><D102/><U82/><E82/><N who="3" m="31850" /><G78/><T121/><D121/><U130/><E130/><V75/><F39/><W72/><G72/><T71/><D71/><U93/><E93/><V94/><F106/><W28/><G28/><N who="1" m="10858" /><E25/><V90/><F75/><W99/><G126/><N who="2" m="48169" /><F108/><W79/><G79/><T13/><D0/><U125/><E125/><V59/><F115/><W32/><G32/><T44/><D107/><U88/><E20/><V47/><F114/><W40/><G40/><T41/><D41/><U89/><E22/><V133/><F133/><W24/><G24/><T73/><D23/><U3/><E3/><V57/><F19/><AGARI ba="1,0" hai="16,19,58,61,64,92,99,100" m="31850,20523" machi="19" ten="30,5800,0" yaku="8,1,54,2" doraHai="85" who="3" fromWho="2" sc="201,0,336,0,282,-61,181,61" /><INIT seed="3,2,0,2,5,133" ten="201,336,221,242" oya="3" hai0="123,110,66,24,46,43,129,34,101,134,55,39,16" hai1="80,61,4,62,60,41,5,112,74,35,120,56,115" hai2="59,71,36,9,87,131,117,64,106,99,111,20,11" hai3="6,53,57,19,91,7,31,104,2,81,70,68,98"/><W79/><G31/><T49/><D123/><U75/><E120/><V82/><F117/><W26/><G2/><T58/><D110/><U124/><E35/><V48/><F111/><W88/><G70/><T27/><D134/><U95/><E41/><V32/><F32/><W121/><G68/><T89/><D129/><U44/><E44/><V18/><F36/><W105/><G121/><T15/><D101/><U83/><E56/><V77/><F131/><W94/><G91/><T103/><D103/><U52/><E95/><V1/><F71/><W40/><G40/><T0/><D0/><U22/><E22/><V119/><F1/><W25/><G105/><T8/><D34/><U37/><E37/><V132/><F119/><W33/><G104/><T102/><D102/><U108/><E108/><V92/><F106/><W118/><G118/><T54/><D66/><U21/><E21/><V86/><F99/><W63/><G33/><T14/><D89/><U17/><E17/><V135/><F135/><W126/><G126/><T84/><D84/><U28/><E28/><V38/><F38/><W29/><G29/><T107/><D107/><U10/><E10/><V114/><F114/><N who="1" m="43561" /><E124/><V130/><F130/><W113/><G113/><T50/><REACH who="0" step="1"/><D15/><REACH who="0" ten="191,336,221,242" step="2"/><U78/><E74/><V127/><F132/><W42/><G79/><T67/><D67/><U13/><E78/><V93/><F64/><W100/><G100/><T76/><D76/><N who="1" m="44063" /><E13/><V85/><F77/><W90/><G90/><T45/><AGARI ba="2,1" hai="8,14,16,24,27,39,43,45,46,49,50,54,55,58" machi="45" ten="20,5200,0" yaku="1,1,0,1,7,1,54,1,53,0" doraHai="133" doraHaiUra="72" who="0" fromWho="0" sc="191,68,336,-15,221,-15,242,-28" /><INIT seed="4,0,0,4,0,119" ten="259,321,206,214" oya="0" hai0="51,98,70,15,110,103,116,33,34,73,134,91,95" hai1="88,113,123,97,86,101,125,53,17,60,117,84,19" hai2="55,6,69,104,126,107,37,36,57,75,52,131,78" hai3="76,54,45,124,31,66,3,4,99,132,96,71,25"/><T44/><D73/><U79/><E117/><V22/><F69/><W49/><G124/><T82/><D116/><U80/><E125/><V102/><F126/><W24/><G132/><T43/><D134/><U2/><E2/><V64/><F131/><W56/><G3/><T27/><D70/><U83/><E113/><V61/><F6/><W16/><G4/><T72/><D110/><U32/><E32/><V89/><F89/><W118/><G118/><T122/><D122/><U109/><E123/><V133/><F133/><W8/><G76/><T63/><D63/><U67/><E53/><V100/><F107/><W111/><G71/><T35/><D15/><U20/><E20/><V81/><F22/><N who="3" m="15799" /><G111/><T87/><REACH who="0" step="1"/><D72/><REACH who="0" ten="249,321,206,214" step="2"/><U58/><REACH who="1" step="1"/><E109/><REACH who="1" ten="249,311,206,214" step="2"/><V18/><F61/><N who="3" m="38183" /><G24/><AGARI ba="0,2" hai="24,27,33,34,35,43,44,51,82,87,91,95,98,103" machi="24" ten="40,2000,0" yaku="1,1,53,0" doraHai="119" doraHaiUra="12" who="0" fromWho="3" sc="249,40,311,0,206,0,214,-20" /><INIT seed="4,1,0,4,0,53" ten="289,311,206,194" oya="0" hai0="33,47,46,59,99,7,95,110,104,96,74,52,105" hai1="85,3,19,49,21,127,27,62,31,44,65,135,91" hai2="125,70,2,83,103,107,106,124,64,119,117,16,43" hai3="45,111,6,71,98,40,109,37,28,17,58,41,122"/><T63/><D74/><U114/><E127/><N who="2" m="48715" /><F2/><W54/><G71/><T15/><D33/><U123/><E123/><V120/><F120/><W115/><G122/><T50/><D110/><U80/><E135/><V102/><F43/><W94/><G115/><T130/><D130/><U93/><E114/><V75/><F64/><W22/><G28/><T131/><D131/><U90/><E3/><V38/><F38/><W100/><G6/><T76/><D76/><U32/><E91/><V92/><F70/><W36/><G41/><T72/><D72/><U13/><E93/><V84/><F75/><W29/><G29/><T79/><D79/><U113/><E113/><V108/><F108/><W81/><G81/><T97/><D95/><U61/><REACH who="1" step="1"/><E65/><REACH who="1" ten="289,301,206,194" step="2"/><V30/><F92/><W67/><G67/><T10/><REACH who="0" step="1"/><D46/><REACH who="0" ten="279,301,206,194" step="2"/><U39/><E39/><V56/><F107/><W69/><G37/><T35/><D35/><U51/><E51/><V121/><F106/><W128/><G128/><T5/><D5/><U60/><E60/><V48/><F121/><W23/><G109/><T118/><D118/><U82/><E82/><V132/><F119/><W68/><G111/><T24/><D24/><U1/><E1/><V77/><F117/><W101/><G94/><T89/><D89/><U73/><E73/><V57/><F83/><W88/><G88/><T133/><D133/><U55/><AGARI ba="1,2" hai="13,19,21,27,31,32,44,49,55,61,62,80,85,90" machi="55" ten="20,2700,0" yaku="1,1,0,1,7,1,53,0" doraHai="53" doraHaiUra="134" who="1" fromWho="1" sc="279,-14,301,50,206,-8,194,-8" /><INIT seed="5,0,0,0,0,10" ten="265,351,198,186" oya="1" hai0="95,20,112,121,30,47,122,34,126,48,42,96,125" hai1="134,53,89,65,113,43,44,85,54,72,97,93,79" hai2="8,4,123,22,5,106,70,76,74,82,57,100,3" hai3="31,19,38,84,77,111,110,36,25,103,73,98,64"/><U124/><E113/><V41/><F123/><N who="0" m="47114" /><D34/><U127/><E134/><V40/><F70/><W109/><G84/><T105/><D105/><U61/><E72/><V114/><F114/><W55/><G55/><T28/><D112/><U39/><E79/><V33/><F33/><W90/><G90/><N who="0" m="55415" /><D20/><U21/><E21/><V60/><F5/><W118/><G118/><T11/><D11/><U108/><E108/><V69/><F69/><W18/><G64/><T135/><D135/><U102/><E65/><V29/><F106/><W32/><G19/><T62/><D62/><U49/><E61/><V117/><F117/><W68/><G18/><T75/><D75/><U24/><E24/><V58/><F100/><W35/><G35/><T0/><D0/><U116/><E116/><V91/><F22/><W14/><G14/><T37/><D37/><U50/><E39/><V13/><F3/><W26/><G26/><T94/><D94/><U7/><E7/><V45/><F74/><W6/><G6/><T67/><D67/><U27/><E27/><V9/><F4/><W2/><G2/><T46/><D46/><U83/><REACH who="1" step="1"/><E43/><REACH who="1" ten="265,341,198,186" step="2"/><V78/><F41/><W16/><G16/><T23/><D23/><U15/><E15/><V56/><F13/><W81/><REACH who="3" step="1"/><G68/><REACH who="3" ten="265,341,198,176" step="2"/><T1/><D1/><U51/><E51/><V88/><F9/><W101/><G101/><T92/><D48/><U17/><E17/><V131/><F8/><W99/><G99/><T87/><D30/><U104/><E104/><AGARI ba="0,2" hai="25,31,32,36,38,73,77,81,98,103,104,109,110,111" machi="104" ten="40,12000,2" yaku="1,1,23,2,53,3" doraHai="10" doraHaiUra="120" who="3" fromWho="1" sc="265,0,341,-120,198,0,176,140" /><INIT seed="6,0,0,5,2,8" ten="265,221,198,316" oya="2" hai0="33,9,54,100,56,64,112,110,131,39,36,118,12" hai1="105,18,34,117,75,119,4,44,45,92,82,84,116" hai2="15,88,90,65,81,70,32,78,41,50,37,102,27" hai3="5,106,20,108,89,121,94,38,62,127,51,40,61"/><V25/><F37/><W35/><G35/><T69/><D110/><U58/><E105/><V124/><F124/><W0/><G106/><T104/><D33/><U57/><E34/><V83/><F102/><W113/><G38/><T29/><D29/><U16/><E4/><V79/><F70/><W59/><G121/><T74/><D74/><U19/><E75/><V63/><F32/><W87/><G127/><T67/><D67/><U101/><E101/><V42/><F63/><W14/><G0/><T98/><D112/><U97/><E97/><V95/><F65/><W10/><G108/><T93/><D131/><U43/><E92/><V53/><F95/><W76/><G113/><T6/><D118/><U1/><E1/><V23/><F15/><N who="3" m="5583" /><G76/><N who="2" m="29225" /><F83/><W125/><G125/><T7/><D7/><U31/><E31/><N who="2" m="17855" /><F27/><W72/><G72/><T47/><D64/><U115/><E115/><V126/><F126/><W55/><G40/><N who="2" m="15465" /><F81/><W120/><G120/><T134/><D69/><U11/><E11/><V128/><F128/><W3/><G3/><T68/><D68/><U2/><E2/><V80/><F80/><W122/><G122/><T13/><D104/><U96/><E96/><V77/><N who="2" m="29233" /><V133/><DORA hai="123" /><F133/><W114/><G114/><T49/><D134/><U17/><N who="1" m="4096" /><DORA hai="60" /><U107/><E107/><V21/><F21/><W22/><G14/><T66/><D13/><U86/><E82/><V99/><F99/><W46/><G62/><T109/><D109/><U24/><E24/><V111/><F111/><W129/><G129/><T28/><D39/><U73/><E116/><RYUUKYOKU ba="0,0" sc="265,-15,221,-15,198,15,316,15" hai2="50,53,88,90" hai3="20,22,46,51,55,59,61,87,89,94" /><INIT seed="6,1,0,3,2,106" ten="250,206,213,331" oya="2" hai0="131,107,27,118,42,52,91,115,18,15,34,44,116" hai1="59,25,35,88,6,54,43,127,97,113,4,130,126" hai2="82,124,84,123,47,69,67,95,20,17,117,66,86" hai3="96,2,5,7,41,104,78,90,48,87,83,21,132"/><V101/><F117/><N who="0" m="45162" /><D107/><U51/><E113/><V40/><F124/><N who="1" m="47657" /><E130/><V56/><F123/><W102/><G132/><T94/><D115/><U39/><E39/><V32/><F32/><W99/><G21/><N who="0" m="11487" /><D131/><U63/><E35/><V46/><F69/><W71/><G2/><T10/><D10/><U109/><E109/><V64/><F56/><W105/><G71/><T3/><D3/><U122/><E122/><V31/><F31/><W9/><G9/><T119/><D119/><U58/><E25/><V8/><F8/><W108/><G108/><T111/><D111/><U37/><E37/><V19/><F19/><W134/><G134/><T74/><D74/><U55/><E43/><V93/><F101/><W79/><G78/><T112/><D112/><U1/><E1/><V24/><F86/><W98/><G99/><T57/><D27/><U61/><E61/><V28/><F28/><W110/><G110/><T30/><D30/><U60/><E60/><V62/><F62/><W75/><G98/><N who="0" m="57695" /><D34/><U92/><AGARI ba="1,0" hai="4,6,51,54,55,58,59,63,88,92,97" m="47657" machi="92" ten="30,2000,0" yaku="18,1,54,1" doraHai="106" who="1" fromWho="1" sc="250,-6,206,23,213,-11,331,-6" /><INIT seed="7,0,0,1,5,27" ten="244,229,202,325" oya="3" hai0="15,14,67,29,41,33,98,118,4,24,97,3,109" hai1="5,21,94,110,28,69,42,125,127,62,121,35,116" hai2="117,72,68,92,12,100,64,80,30,48,132,18,122" hai3="78,23,9,63,111,43,37,47,123,99,134,91,20"/><W101/><G78/><T96/><D109/><U6/><E110/><V0/><F117/><W105/><G123/><T65/><D118/><U22/><E116/><V73/><F122/><W70/><G134/><T79/><D79/><U102/><E121/><V112/><F132/><W44/><G44/><T56/><D41/><U26/><E42/><V66/><F0/><W108/><G23/><N who="1" m="8714" /><E94/><V119/><F119/><W60/><G63/><T86/><D86/><U13/><E102/><V7/><F112/><W71/><G20/><T25/><D25/><U49/><E49/><V114/><F114/><W19/><G91/><T87/><D87/><U39/><E39/><V124/><F124/><N who="1" m="47689" /><E13/><V82/><F72/><W75/><G75/><T16/><D3/><U130/><E130/><V1/><F1/><W115/><G115/><T107/><D56/><U85/><E85/><V120/><F73/><W17/><G111/><T46/><D46/><U32/><E35/><V113/><F113/><W135/><G71/><T89/><D107/><U81/><E81/><N who="2" m="31339" /><F68/><W57/><G70/><T50/><D4/><U131/><E131/><V129/><F129/><W77/><G108/><T34/><D34/><U133/><E133/><V106/><F106/><W95/><G105/><T74/><D74/><U2/><E2/><V51/><F120/><W45/><G45/><T58/><D33/><U93/><E93/><V61/><F7/><W104/><G104/><T126/><D126/><U11/><E11/><N who="2" m="6431" /><F61/><W88/><G60/><T83/><D83/><U52/><E69/><V36/><F36/><W55/><G37/><RYUUKYOKU ba="0,0" sc="244,-10,229,30,202,-10,325,-10" hai1="5,6,26,28,32,52,62" owari="234,-17.0,259,6.0,192,-31.0,315,42.0" /></mjloggm>