<mjloggm ver="2.3"><GO type="169" lobby="0"/><UN n0="%E9%A3%9B%E6%B2%AB" n1="%28%E3%80%8C%E3%83%BB%60%CF%89%E3%83%BB%29%E3%80%8C" n2="%E3%82%A6%E3%83%AB%E3%83%88%E3%83%A9%E7%AB%8B%E7%9B%B4" n3="%E5%AE%AE%E9%96%93%E5%A4%95%E8%8F%9C" dan="16,19,17,16" rate="2125.06,2246.34,2167.54,2122.43" sx="M,M,M,F"/><TAIKYOKU oya="0"/><INIT seed="0,0,0,0,3,105" ten="250,250,250,250" oya="0" hai0="39,61,58,17,66,103,45,47,108,118,90,2,104" hai1="93,63,74,50,84,83,40,41,112,69,133,96,46" hai2="37,94,113,116,97,4,107,99,53,77,8,95,31" hai3="67,30,57,132,32,123,122,23,10,73,21,79,98"/><T0/><D118/><U5/><E133/><V35/><F113/><W71/><G132/><T28/><D28/><U72/><E112/><V54/><F37/><W85/><G71/><T14/><D108/><U33/><E33/><V27/><F116/><W65/><G32/><T119/><D119/><U11/><E40/><V117/><F117/><W70/><G70/><T19/><D19/><U110/><E110/><V64/><F64/><W89/><G98/><T129/><D129/><U18/><E18/><V81/><F107/><W91/><G10/><T6/><D6/><U75/><E69/><V78/><F78/><W134/><G134/><T24/><D24/><U127/><E63/><V87/><F95/><W101/><G101/><T3/><D39/><U48/><E127/><V15/><REACH who="2" step="1"/><F99/><REACH who="2" ten="250,250,240,250" step="2"/><W16/><G79/><T92/><D104/><U76/><E93/><V125/><F125/><W42/><G67/><T124/><D124/><U25/><E96/><V55/><F55/><W38/><G65/><T100/><D100/><AGARI ba="0,1" hai="4,8,15,27,31,35,53,54,77,81,87,94,97,100" machi="100" ten="30,2000,0" yaku="1,1,7,1,53,0" doraHai="105" doraHaiUra="34" who="2" fromWho="0" sc="250,-20,250,0,240,30,250,0" /><INIT seed="1,0,0,5,5,92" ten="230,250,270,250" oya="1" hai0="93,8,27,56,32,112,0,14,65,48,25,11,58" hai1="28,64,129,71,67,38,74,100,21,132,130,23,80" hai2="2,75,45,42,123,53,62,119,89,33,79,55,118" hai3="44,16,37,98,39,122,117,20,18,66,134,133,83"/><U73/><E38/><V41/><F33/><W115/><G122/><T113/><D0/><U70/><E100/><V128/><F2/><W22/><G115/><T81/><D81/><U51/><E51/><N who="2" m="28911" /><F75/><N who="1" m="28681" /><E28/><V29/><F79/><W76/><G117/><N who="2" m="44553" /><F89/><W15/><G66/><N who="1" m="25130" /><E80/><V60/><F29/><W9/><G9/><T120/><D65/><U96/><E96/><V121/><F128/><N who="1" m="49257" /><E132/><V52/><F62/><W84/><G37/><T7/><D32/><U13/><E13/><V78/><F78/><W5/><G15/><T68/><D14/><U111/><E111/><V135/><F135/><W87/><G134/><T127/><D112/><U47/><E47/><V31/><F31/><W104/><G44/><T102/><D113/><U1/><E1/><V124/><F124/><W69/><G133/><T107/><D127/><U4/><E4/><V91/><F91/><W35/><G5/><T114/><D114/><U126/><E126/><V40/><F60/><W94/><G35/><T49/><D102/><U77/><E77/><V63/><F63/><W72/><G76/><T103/><D7/><U57/><E57/><V34/><F34/><W36/><G36/><T95/><D103/><U30/><E30/><V59/><F59/><W17/><G39/><T110/><D58/><U50/><E50/><V26/><F26/><W106/><G18/><T116/><D56/><U10/><E10/><V19/><F19/><W88/><G17/><T131/><D116/><U82/><E82/><V85/><F85/><W24/><G16/><T109/><D131/><U6/><E6/><V90/><F90/><RYUUKYOKU ba="0,0" sc="230,-15,250,15,270,15,250,-15" hai1="21,23,70,71" hai2="40,41,42,52,55,121,123" /><INIT seed="1,1,0,1,1,55" ten="215,265,285,235" oya="1" hai0="2,58,45,116,123,81,4,109,38,89,130,16,98" hai1="18,12,41,134,114,21,73,101,46,32,20,37,36" hai2="57,24,133,110,118,54,99,50,82,113,80,9,29" hai3="90,47,59,83,127,26,84,128,93,5,34,30,17"/><U10/><E114/><V64/><F118/><W33/><G34/><T31/><D116/><U60/><E32/><V61/><F133/><W103/><G128/><T100/><D109/><U135/><E73/><V91/><F110/><W78/><G127/><T111/><D111/><U22/><E101/><V124/><F124/><W106/><G5/><T97/><D130/><U108/><E108/><V119/><F119/><W95/><G47/><T107/><D31/><U27/><E36/><V96/><F9/><W13/><G106/><T51/><D123/><U69/><REACH who="1" step="1"/><E27/><REACH who="1" ten="215,255,285,235" step="2"/><V3/><F113/><W70/><G103/><T66/><D38/><U14/><E14/><V15/><F15/><W115/><G115/><T62/><D100/><U28/><E28/><V77/><F3/><W42/><G26/><T105/><D2/><U6/><E6/><V25/><F25/><W74/><G30/><T117/><D4/><U68/><E68/><V43/><F24/><W23/><G33/><T75/><D117/><U126/><E126/><V48/><F29/><W132/><G70/><T121/><D75/><U35/><E35/><V49/><F77/><W104/><G74/><T1/><D1/><U125/><E125/><V39/><F39/><W0/><G78/><T86/><D121/><U72/><E72/><V11/><F91/><W87/><G0/><T120/><D120/><U88/><E88/><V40/><F40/><W19/><G42/><N who="0" m="25015" /><D107/><U92/><E92/><V94/><F43/><W8/><G104/><T112/><D112/><U53/><E53/><V56/><F54/><W131/><G131/><RYUUKYOKU ba="1,1" sc="215,-10,255,30,285,-10,235,-10" hai1="10,12,18,20,21,22,37,41,46,60,69,134,135" /><INIT seed="1,2,1,1,0,100" ten="205,285,275,225" oya="1" hai0="9,67,26,78,22,122,95,7,98,16,105,30,46" hai1="97,11,27,52,113,37,115,82,36,8,75,10,131" hai2="73,129,0,80,64,39,48,45,60,49,127,96,20" hai3="50,59,87,84,41,88,102,56,47,104,61,71,69"/><U77/><E131/><V117/><F117/><W32/><G32/><T28/><D122/><U124/><E124/><V12/><F0/><W114/><G114/><T74/><D67/><U92/><E27/><V1/><F1/><W21/><G21/><T81/><D46/><U112/><REACH who="1" step="1"/><E52/><REACH who="1" ten="205,275,275,225" step="2"/><V17/><F129/><W108/><G108/><T128/><D128/><U51/><E51/><V123/><F127/><W35/><G50/><T63/><D63/><U6/><E6/><V19/><F123/><W99/><G61/><T103/><REACH who="0" step="1"/><D95/><REACH who="0" ten="195,275,275,225" step="2"/><U24/><E24/><V106/><F60/><W91/><G47/><T76/><D76/><U118/><E118/><V55/><F45/><W40/><G41/><T120/><D120/><U65/><E65/><V2/><F64/><W29/><G40/><T72/><D72/><U15/><E15/><AGARI ba="2,3" hai="7,9,15,16,22,26,28,30,74,78,81,98,103,105" machi="15" ten="30,7700,0" yaku="1,1,7,1,52,1,54,1,53,0" doraHai="100" doraHaiUra="57" who="0" fromWho="1" sc="195,113,275,-83,275,0,225,0" /><INIT seed="2,0,0,4,0,73" ten="308,192,275,225" oya="2" hai0="126,95,83,64,119,36,42,23,12,58,76,1,135" hai1="68,123,72,7,31,91,74,19,109,15,17,98,56" hai2="80,104,57,26,52,89,69,32,93,90,127,82,51" hai3="102,70,20,59,47,49,38,37,92,62,120,111,122"/><V65/><F104/><W78/><G70/><T67/><D1/><U8/><E123/><V41/><F127/><W66/><G120/><T71/><D71/><U129/><E68/><V114/><F114/><W35/><G35/><T133/><D126/><U131/><E109/><V63/><F89/><W22/><G122/><T18/><D95/><N who="1" m="56703" /><E31/><V85/><F32/><W16/><G111/><T112/><D112/><U87/><E87/><V103/><F103/><W6/><G6/><T97/><D97/><U45/><E45/><V88/><F26/><W43/><G37/><T75/><D119/><U25/><E56/><V2/><F2/><W14/><G38/><T124/><D124/><U55/><E55/><V77/><F41/><W21/><G78/><T5/><D58/><U116/><E116/><V53/><F53/><W13/><G14/><T33/><D5/><U134/><E134/><N who="0" m="51209" /><D33/><U96/><E25/><V130/><F130/><N who="1" m="49673" /><E96/><AGARI ba="0,0" hai="13,16,20,21,22,43,47,49,59,62,66,92,96,102" machi="96" ten="40,2600,0" yaku="8,1,54,1" doraHai="73" who="3" fromWho="1" sc="308,0,192,-26,275,0,225,26" /><INIT seed="3,0,0,1,4,20" ten="308,166,275,251" oya="3" hai0="90,17,119,58,135,85,125,36,43,26,4,96,56" hai1="79,62,111,10,92,6,8,5,128,63,81,94,41" hai2="74,15,34,118,61,115,33,38,37,13,89,121,21" hai3="117,40,84,50,44,29,123,2,59,107,105,127,51"/><W18/><G117/><T113/><D119/><U25/><E111/><V53/><F115/><W70/><G123/><T87/><D135/><U98/><E41/><V93/><F74/><W68/><G70/><T112/><D4/><U104/><E104/><V82/><F82/><W110/><G68/><T86/><D125/><U42/><E42/><V60/><F118/><W77/><G2/><T116/><D116/><U73/><E128/><V27/><F121/><W132/><G127/><T126/><D126/><U1/><E92/><V124/><F124/><W28/><G132/><T32/><D96/><U16/><E6/><V99/><F34/><W9/><G107/><T11/><D90/><U83/><E83/><V72/><F72/><W100/><G110/><T12/><D36/><U31/><E10/><V106/><F106/><W54/><G100/><T3/><D43/><U109/><E109/><V131/><F33/><W14/><REACH who="3" step="1"/><G105/><REACH who="3" ten="308,166,275,241" step="2"/><T52/><D3/><U57/><E1/><V19/><F131/><W103/><G103/><T45/><D112/><U30/><E5/><V23/><F38/><W46/><G46/><T49/><D113/><U65/><E57/><V108/><F37/><W95/><G95/><T120/><D120/><U35/><E94/><V47/><F108/><W67/><G67/><T75/><D58/><U55/><E65/><V91/><F47/><W101/><G101/><T88/><D56/><U80/><E80/><AGARI ba="0,1" hai="9,14,18,28,29,40,44,50,51,54,59,77,80,84" machi="80" ten="40,3900,0" yaku="1,1,8,1,53,0" doraHai="20" doraHaiUra="133" who="3" fromWho="1" sc="308,0,166,-39,275,0,241,49" /><INIT seed="3,1,0,2,4,65" ten="308,127,275,290" oya="3" hai0="59,85,32,25,44,86,34,13,74,104,124,77,131" hai1="66,79,49,5,83,115,31,0,43,9,117,38,118" hai2="30,28,54,92,61,62,120,112,134,64,53,57,2" hai3="88,50,20,113,100,96,51,45,27,129,15,78,70"/><W135/><G113/><T111/><D111/><U17/><E49/><V108/><F2/><W24/><G78/><T18/><D104/><U109/><E17/><V89/><F108/><W1/><G1/><T39/><D131/><U114/><E109/><V123/><F112/><N who="1" m="43049" /><E31/><V71/><F134/><W76/><G135/><T72/><D124/><U33/><E33/><V4/><F4/><W46/><G76/><T126/><D126/><U84/><E66/><V133/><F133/><W101/><G129/><T37/><D77/><U7/><E7/><V128/><F128/><W69/><G96/><T29/><D59/><U121/><E121/><N who="2" m="46667" /><F54/><W3/><G3/><T52/><D52/><U110/><E110/><V21/><F21/><W12/><G20/><T75/><D32/><U35/><E35/><V56/><F56/><W91/><AGARI ba="1,0" hai="12,15,24,27,45,46,50,51,69,70,88,91,100,101" machi="91" ten="25,18000,2" yaku="0,1,22,2,52,2,54,1" doraHai="65" who="3" fromWho="3" sc="308,-61,127,-61,275,-61,290,183" /><INIT seed="3,2,0,4,3,34" ten="247,66,214,473" oya="3" hai0="69,109,97,4,30,63,71,91,75,15,53,90,48" hai1="93,68,112,99,127,19,14,81,103,38,130,101,123" hai2="61,118,51,8,85,89,10,80,133,58,21,32,131" hai3="92,46,134,88,11,55,39,72,22,73,59,86,83"/><W27/><G134/><T26/><D75/><U124/><E123/><V102/><F32/><W43/><G11/><T115/><D109/><U29/><E112/><V104/><F118/><W79/><G79/><T76/><D76/><U78/><E68/><V106/><F133/><W33/><G83/><T110/><D110/><U35/><E38/><V31/><F131/><W60/><REACH who="3" step="1"/><G33/><REACH who="3" ten="247,66,214,463" step="2"/><T117/><D115/><U18/><E130/><V42/><F8/><W114/><G114/><T125/><D117/><U107/><E81/><V1/><F10/><W126/><G126/><T128/><D125/><U40/><E78/><V100/><F80/><W0/><G0/><T28/><D128/><U5/><E127/><V66/><F1/><W13/><G13/><T116/><D15/><U120/><E124/><V45/><F106/><W96/><G96/><T122/><D97/><U132/><E132/><V20/><F104/><W94/><G94/><T113/><D113/><U105/><E5/><V98/><F98/><W47/><G47/><T52/><D4/><U36/><E120/><V7/><F7/><W108/><G108/><T74/><D116/><U64/><E14/><V119/><F119/><W17/><AGARI ba="2,1" hai="17,22,27,39,43,46,55,59,60,72,73,86,88,92" machi="17" ten="20,12000,1" yaku="1,1,0,1,7,1,54,1,53,1" doraHai="34" doraHaiUra="87" who="3" fromWho="3" sc="247,-42,66,-42,214,-42,463,136" /><INIT seed="3,3,0,0,4,57" ten="205,24,172,599" oya="3" hai0="47,62,114,5,126,1,94,98,27,4,112,111,52" hai1="17,60,2,130,96,77,13,125,73,106,124,76,14" hai2="99,93,102,86,51,20,120,0,91,72,56,3,8" hai3="44,79,42,135,84,34,46,64,43,18,53,128,6"/><W61/><G34/><T7/><D111/><U122/><E2/><V101/><F120/><W123/><G123/><T78/><D78/><U81/><E122/><V30/><F72/><W19/><G135/><T24/><D1/><U92/><E130/><V131/><F131/><W59/><G128/><T65/><D126/><U88/><E77/><V45/><F101/><W28/><G28/><T22/><D47/><N who="3" m="17961" /><G6/><T127/><D127/><U38/><E38/><V29/><F8/><W69/><G69/><T50/><D50/><U129/><E129/><V39/><F39/><W41/><G53/><T110/><D110/><U37/><E37/><V75/><F75/><W82/><AGARI ba="3,0" hai="18,19,41,42,43,59,61,64,79,82,84" m="17961" machi="82" ten="30,3000,0" yaku="8,1,52,1" doraHai="57" who="3" fromWho="3" sc="205,-13,24,-13,172,-13,599,39" /><INIT seed="3,4,0,1,1,89" ten="192,11,159,638" oya="3" hai0="129,19,77,34,70,30,76,71,90,60,18,69,98" hai1="20,130,16,101,78,126,17,38,15,42,121,123,104" hai2="128,31,113,48,45,5,80,120,21,68,39,112,37" hai3="44,108,102,67,49,4,85,10,116,65,131,6,103"/><W93/><G116/><T84/><D129/><U0/><E0/><V52/><F5/><N who="3" m="2155" /><G131/><T33/><D98/><U40/><E130/><V96/><F128/><W35/><G35/><T97/><D97/><U64/><E64/><N who="3" m="24650" /><G108/><T95/><D60/><U132/><E132/><V56/><F68/><W26/><G26/><T23/><D30/><U41/><E38/><V94/><F39/><W25/><G25/><T127/><D127/><U43/><N who="1" m="10240" /><DORA hai="61" /><U99/><E78/><V125/><F37/><W135/><G10/><T66/><D66/><U28/><E28/><V109/><F31/><W134/><G103/><T59/><D77/><U32/><E32/><V50/><F109/><W118/><G118/><T87/><D34/><U62/><E62/><V1/><F125/><W36/><G36/><T111/><D33/><U24/><REACH who="1" step="1"/><E126/><REACH who="1" ten="192,1,159,638" step="2"/><V51/><F1/><W83/><G135/><T29/><D111/><U91/><E91/><V58/><F113/><W133/><G134/><T105/><D71/><U54/><E54/><V22/><F112/><W106/><G133/><T63/><D70/><U8/><AGARI ba="4,1" hai="8,15,16,17,20,24,99,101,104,121,123" m="10240" machi="8" ten="40,5200,0" yaku="1,1,0,1,54,1,53,0" doraHai="89,61" doraHaiUra="55,82" who="1" fromWho="1" sc="192,-17,1,74,159,-17,638,-30" /><INIT seed="4,0,0,3,1,94" ten="175,75,142,608" oya="0" hai0="126,112,61,98,70,93,32,81,56,127,72,33,117" hai1="8,14,76,111,78,27,44,102,38,23,131,53,121" hai2="6,29,107,82,52,75,66,90,89,85,18,135,34" hai3="106,128,58,129,26,86,55,60,12,83,3,57,45"/><T122/><D122/><U130/><E111/><V9/><F135/><W99/><G3/><T77/><D70/><U11/><E121/><V114/><F114/><W64/><G45/><T39/><D39/><U120/><E120/><V88/><F66/><W124/><G124/><N who="0" m="47659" /><D117/><U108/><E108/><V97/><F18/><W1/><G1/><T134/><D134/><U69/><E69/><V109/><F109/><W20/><G12/><T4/><D4/><U110/><E110/><V67/><F67/><W100/><G58/><T24/><D24/><U115/><E115/><V105/><F29/><W36/><G36/><T92/><D92/><U17/><E102/><N who="2" m="62671" /><F34/><W87/><G64/><N who="0" m="38951" /><D112/><U116/><E116/><V5/><F5/><W118/><G118/><T25/><D25/><U84/><E38/><V28/><F28/><W46/><G26/><T13/><D13/><U62/><E27/><V50/><F6/><W91/><G20/><T113/><D113/><U40/><E23/><V59/><F9/><W95/><G46/><T2/><D2/><U80/><E8/><V47/><F107/><W21/><G21/><T19/><D19/><U30/><E30/><V133/><F47/><W63/><G60/><T37/><D37/><N who="1" m="21519" /><E62/><V54/><F133/><W65/><G65/><T96/><D93/><U68/><E68/><V119/><F119/><W41/><G41/><T49/><D49/><U22/><E22/><V42/><F42/><W104/><G106/><T73/><D73/><N who="1" m="43023" /><E53/><N who="2" m="32183" /><F75/><W103/><G104/><T51/><D51/><U48/><E48/><V71/><F71/><W43/><G43/><RYUUKYOKU ba="0,0" sc="175,10,75,10,142,10,608,-30" hai0="32,33,72,77,81,96,98" hai1="11,14,17,78,84,130,131" hai2="52,54,82,85,88,89,90" /><INIT seed="4,1,0,1,2,99" ten="185,85,152,578" oya="0" hai0="84,7,57,60,88,69,111,4,61,114,29,81,11" hai1="70,123,85,75,96,117,107,2,105,92,58,44,101" hai2="109,91,18,110,34,94,10,86,102,98,12,22,120" hai3="115,38,53,8,25,55,87,95,20,76,31,14,56"/><T82/><D114/><U64/><E2/><V43/><F34/><W131/><G38/><T37/><D37/><U113/><E117/><V135/><F120/><W125/><G115/><T73/><D111/><U46/><E113/><V59/><F135/><W47/><G131/><T72/><D29/><U0/><E0/><V129/><F129/><W124/><G47/><T5/><D11/><U23/><E123/><V90/><F43/><W24/><G25/><T83/><D69/><U62/><E75/><V16/><F59/><W42/><G42/><T63/><REACH who="0" step="1"/><D57/><REACH who="0" ten="175,85,152,578" step="2"/><U6/><E70/><V13/><REACH who="2" step="1"/><F91/><REACH who="2" ten="175,85,142,578" step="2"/><W127/><G125/><T3/><D3/><U108/><E58/><V40/><F40/><W1/><G124/><T36/><D36/><U89/><E89/><V33/><F33/><W35/><G127/><T121/><D121/><U126/><E126/><V27/><F27/><W17/><G56/><T93/><AGARI ba="1,2" hai="4,5,7,60,61,63,72,73,81,82,83,84,88,93" machi="93" ten="40,12000,1" yaku="1,1,0,1,29,2,54,1,53,0" doraHai="99" doraHaiUra="119" who="0" fromWho="0" sc="175,143,85,-41,142,-41,578,-41" /><INIT seed="4,2,0,4,3,49" ten="318,44,101,537" oya="0" hai0="103,37,25,76,12,35,41,43,8,97,45,9,105" hai1="65,18,84,3,11,101,54,19,74,80,13,51,0" hai2="123,83,89,57,26,109,28,55,86,96,69,31,62" hai3="72,104,129,27,48,125,82,115,4,121,92,130,122"/><T116/><D41/><U67/><E74/><V61/><F123/><N who="3" m="47115" /><G104/><T114/><D116/><U85/><E101/><V108/><F96/><W102/><G115/><T52/><D114/><U73/><E73/><V56/><F69/><W131/><G125/><T29/><D76/><U134/><E134/><V20/><REACH who="2" step="1"/><F28/><REACH who="2" ten="318,44,91,537" step="2"/><W110/><G131/><T94/><D97/><U132/><E132/><V93/><F93/><W112/><G92/><T50/><D94/><U1/><E19/><V95/><F95/><W87/><G112/><T90/><D105/><U32/><E32/><V77/><F77/><W66/><G129/><T135/><D135/><U113/><E113/><V75/><F75/><W106/><G72/><T71/><D71/><U14/><E14/><V99/><F99/><W119/><G106/><T98/><D12/><U111/><E111/><V21/><F21/><W44/><G130/><T38/><D98/><U118/><E118/><V53/><AGARI ba="2,1" hai="20,26,31,53,55,56,57,61,62,83,86,89,108,109" machi="53" ten="20,12000,2" yaku="1,1,0,1,7,1,9,1,52,2,53,0" doraHai="49" doraHaiUra="63" who="2" fromWho="2" sc="318,-62,44,-32,91,136,537,-32" /><INIT seed="5,0,0,0,0,53" ten="256,12,227,505" oya="1" hai0="103,55,108,118,63,83,91,94,81,114,32,16,41" hai1="115,20,62,90,95,8,84,56,52,112,88,5,1" hai2="49,93,82,31,122,111,57,43,35,107,86,3,134" hai3="130,109,75,121,61,66,4,29,85,70,27,125,123"/><U73/><E73/><V6/><F107/><W25/><G109/><T105/><D108/><U42/><E42/><V33/><F111/><W15/><G75/><T38/><D32/><U69/><E69/><V102/><F122/><W54/><G125/><T79/><D118/><U68/><E68/><V116/><F116/><W135/><G130/><T9/><D105/><U22/><REACH who="1" step="1"/><E90/><REACH who="1" ten="256,2,227,505" step="2"/><V131/><F43/><W7/><G70/><T92/><D91/><U46/><E46/><V11/><F131/><W128/><G128/><T98/><D41/><U21/><AGARI ba="0,1" hai="1,5,8,20,21,22,52,56,62,84,88,95,112,115" machi="21" ten="30,18000,2" yaku="1,1,0,1,52,1,54,2,53,1" doraHai="53" doraHaiUra="48" who="1" fromWho="1" sc="256,-60,2,190,227,-60,505,-60" /><INIT seed="5,1,0,5,3,8" ten="196,192,167,445" oya="1" hai0="121,115,31,88,73,71,91,93,44,85,41,133,17" hai1="50,114,13,45,128,134,36,30,122,87,135,120,1" hai2="104,66,78,15,74,124,81,102,82,58,5,123,48" hai3="62,43,105,14,21,52,23,18,54,116,22,96,4"/><U76/><E1/><V80/><F123/><W20/><G116/><T32/><D121/><U119/><E36/><V60/><F124/><W27/><G43/><T16/><D115/><U72/><E119/><V97/><REACH who="2" step="1"/><F48/><REACH who="2" ten="196,192,157,445" step="2"/><W95/><G62/><T47/><D133/><U107/><E122/><V94/><F94/><W33/><G105/><T130/><D93/><U57/><E120/><V37/><F37/><W55/><G95/><T39/><D39/><U106/><E106/><V7/><F7/><W125/><G4/><T19/><D130/><U61/><E128/><V108/><F108/><W92/><G125/><T10/><D71/><U46/><E107/><V112/><F112/><W26/><G33/><T111/><D111/><U127/><E127/><V9/><AGARI ba="1,1" hai="5,9,15,58,60,66,74,78,80,81,82,97,102,104" machi="9" ten="30,4000,0" yaku="1,1,0,1,52,1,53,0" doraHai="8" doraHaiUra="42" who="2" fromWho="2" sc="196,-11,192,-21,157,53,445,-11" /><INIT seed="6,0,0,1,1,23" ten="185,171,210,434" oya="2" hai0="44,96,16,90,123,7,114,35,72,21,12,47,106" hai1="67,69,8,121,46,51,135,66,3,76,93,82,87" hai2="14,128,56,115,0,34,19,118,83,52,18,125,29" hai3="30,25,61,100,53,5,43,68,95,59,101,91,108"/><V1/><F118/><W97/><G68/><T130/><D123/><U27/><E121/><V2/><F115/><W13/><G108/><T33/><D72/><U80/><E135/><V70/><F70/><W110/><G110/><T81/><D114/><U103/><E69/><V41/><F41/><W45/><G13/><T9/><D130/><U38/><E38/><V111/><F111/><W6/><G101/><T26/><D106/><U116/><E116/><V50/><F128/><W4/><G100/><T113/><D113/><U42/><E82/><V98/><F125/><W65/><G65/><T94/><REACH who="0" step="1"/><D81/><REACH who="0" ten="175,171,210,434" step="2"/><U107/><E107/><V117/><F83/><W64/><G95/><T86/><D86/><U127/><E127/><V37/><F117/><W129/><G129/><T62/><D62/><U32/><E93/><V36/><F98/><W11/><G97/><T78/><D78/><U22/><E32/><AGARI ba="0,1" hai="7,9,12,16,21,26,32,33,35,44,47,90,94,96" machi="32" ten="40,8000,1" yaku="1,1,52,1,54,1,53,1" doraHai="23" doraHaiUra="84" who="0" fromWho="1" sc="175,90,171,-80,210,0,434,0" /><INIT seed="7,0,0,4,5,64" ten="265,91,210,434" oya="3" hai0="82,128,71,49,37,38,50,135,100,113,23,0,91" hai1="26,72,89,66,35,59,56,47,11,96,74,129,31" hai2="88,76,7,10,93,109,130,94,102,6,39,40,27" hai3="67,18,43,65,68,24,48,124,30,54,126,122,107"/><W133/><G122/><T80/><D0/><U115/><E115/><V127/><F109/><W62/><G107/><T14/><D71/><U12/><E129/><V117/><F117/><W121/><G121/><T46/><D128/><U45/><E59/><V101/><F39/><W44/><G133/><T42/><D100/><U112/><E112/><V103/><F40/><W99/><G67/><T22/><D135/><U29/><E29/><V34/><F76/><W28/><G99/><T20/><D38/><U95/><E47/><V3/><F127/><W134/><G134/><T120/><D120/><U73/><E45/><V58/><F58/><W83/><G83/><T32/><D32/><U60/><REACH who="1" step="1"/><E74/><REACH who="1" ten="265,81,210,434" step="2"/><V21/><F130/><W104/><G124/><T8/><D46/><U53/><E53/><V106/><F106/><W2/><G104/><T17/><D113/><U1/><E1/><V41/><F3/><W69/><G2/><T36/><D42/><U123/><E123/><V116/><F41/><W79/><G43/><T55/><D55/><U97/><E97/><V52/><F52/><W9/><G30/><T77/><D37/><U81/><E81/><V5/><F116/><W51/><G28/><T63/><D36/><U70/><E70/><V78/><F93/><W85/><G69/><T110/><D82/><U13/><E13/><V86/><F94/><W25/><G68/><T105/><D80/><U15/><E15/><V16/><F78/><W98/><G79/><T114/><D77/><U57/><E57/><V92/><BYE who="1" /><F92/><W4/><G126/><T61/><D114/><RYUUKYOKU ba="0,1" sc="265,-10,81,30,210,-10,434,-10" hai1="11,12,26,31,35,56,60,66,72,73,89,95,96" owari="255,6.0,111,-39.0,200,-20.0,434,53.0" /></mjloggm>