<mjloggm ver="2.3"><GO type="97" lobby="0"/><UN n0="%E5%B0%B1%E6%B4%BB%E7%94%9F%40%E5%B7%9D%E6%9D%91%E8%BB%8D%E5%9B%A3" n1="%E5%85%88%E2%99%80%E7%94%9F" n2="%E5%B0%8F%E5%B3%B0%E3%82%B7%E3%83%AD" n3="%E6%BA%96%E5%AE%9D" dan="15,15,14,14" rate="1999.88,2087.06,1942.16,1906.60" sx="M,F,F,M"/><TAIKYOKU oya="0"/><INIT seed="0,0,0,0,5,91" ten="250,250,250,250" oya="0" hai0="42,66,132,23,105,63,95,7,70,72,40,51,134" hai1="92,75,127,26,35,94,89,118,87,103,123,67,77" hai2="15,0,37,29,99,17,96,109,101,62,88,16,85" hai3="33,14,81,135,54,117,27,32,113,1,55,120,46"/><T49/><D105/><U106/><E67/><V6/><F0/><W36/><G113/><T84/><D72/><U52/><E26/><V116/><F37/><W19/><G117/><T53/><D7/><U39/><E35/><V107/><F109/><W48/><G1/><T125/><D125/><U2/><E2/><V79/><F29/><W47/><G135/><N who="0" m="51755" /><D23/><U108/><E39/><V86/><F99/><W102/><G102/><T83/><D95/><N who="1" m="54719" /><E118/><V69/><F116/><W30/><G120/><T110/><D110/><U111/><E123/><V78/><F6/><W28/><G81/><T71/><D71/><U56/><E127/><V11/><F86/><W43/><G30/><T129/><D129/><U50/><E111/><V13/><F69/><W76/><G76/><N who="0" m="46183" /><D51/><U65/><E65/><V97/><F62/><W3/><G3/><T9/><D9/><U82/><E108/><V21/><F97/><AGARI ba="0,0" hai="50,52,56,75,77,82,92,94,97,103,106" m="54719" machi="97" ten="30,8000,1" yaku="24,1,52,3,54,1" doraHai="91" who="1" fromWho="2" sc="250,0,250,80,250,-80,250,0" /><INIT seed="1,0,0,0,3,134" ten="250,330,170,250" oya="1" hai0="22,127,6,13,100,49,50,61,69,41,57,84,10" hai1="67,89,132,48,81,14,126,9,71,108,86,37,33" hai2="128,21,18,74,35,3,118,2,85,104,43,12,114" hai3="106,122,38,111,97,70,40,115,110,54,64,107,131"/><U1/><E126/><V123/><F104/><W66/><G122/><T130/><D130/><U7/><E37/><V120/><F128/><W24/><G115/><T23/><D69/><U88/><E33/><V83/><F74/><W72/><G72/><T78/><D127/><U109/><E132/><V105/><F105/><W117/><G131/><T77/><D100/><U62/><E48/><N who="0" m="18537" /><D41/><U68/><E68/><V51/><F35/><W30/><G117/><T96/><D96/><U20/><E89/><V121/><F114/><W55/><G70/><T73/><D73/><U90/><E90/><V42/><F118/><W102/><G107/><T8/><D8/><U101/><E101/><V15/><F15/><W95/><G106/><T17/><D84/><U82/><E82/><V80/><F80/><W46/><G66/><N who="0" m="39215" /><D22/><U27/><REACH who="1" step="1"/><E1/><REACH who="1" ten="250,320,170,250" step="2"/><V91/><REACH who="2" step="1"/><F51/><REACH who="2" ten="250,320,160,250" step="2"/><W133/><G133/><T79/><D79/><U25/><E25/><AGARI ba="0,2" hai="6,10,13,17,23,25,77,78" m="39215,18537" machi="25" ten="30,1000,0" yaku="8,1" doraHai="134" who="0" fromWho="1" sc="250,30,320,-10,160,0,250,0" /><INIT seed="2,0,0,4,4,103" ten="280,310,160,250" oya="2" hai0="91,90,24,65,6,113,95,45,102,31,33,67,106" hai1="52,127,21,14,71,20,70,94,4,86,97,108,74" hai2="62,79,134,53,82,135,34,3,114,9,26,57,120" hai3="69,5,48,51,123,126,2,118,115,44,61,0,119"/><V122/><F114/><W121/><G5/><T109/><D113/><U7/><E74/><V93/><F3/><W92/><G115/><T27/><D109/><U60/><E108/><V116/><F116/><W54/><G92/><T125/><D125/><U112/><E112/><V23/><F34/><W80/><G80/><T84/><D6/><U42/><E127/><V39/><F39/><W132/><G126/><T49/><D27/><U55/><E42/><V85/><F9/><W15/><G15/><T13/><D13/><U59/><E71/><V28/><REACH who="2" step="1"/><F93/><REACH who="2" ten="280,310,150,250" step="2"/><W88/><G132/><AGARI ba="0,1" hai="23,26,28,53,57,62,79,82,85,120,122,132,134,135" machi="132" ten="40,7700,0" yaku="1,1,2,1,20,1,53,0" doraHai="103" doraHaiUra="12" who="2" fromWho="3" sc="280,0,310,0,150,87,250,-77" /><INIT seed="2,1,0,2,4,133" ten="280,310,237,173" oya="2" hai0="64,92,32,95,48,86,112,89,15,119,120,38,10" hai1="63,128,27,108,4,18,9,75,11,94,104,67,19" hai2="0,3,36,123,39,66,118,47,8,101,77,31,84" hai3="117,90,97,98,43,110,58,51,130,85,105,80,131"/><V79/><F118/><W71/><G117/><T52/><D38/><U1/><E104/><V14/><F66/><W114/><G71/><T57/><D32/><U99/><E75/><V35/><F101/><W103/><G110/><T29/><D119/><U78/><E108/><V116/><F116/><W124/><G58/><T16/><D120/><U56/><E128/><N who="3" m="49194" /><G43/><T122/><D122/><U42/><E78/><V41/><F36/><W125/><G51/><T129/><D129/><U23/><E42/><V87/><F79/><W22/><G22/><T109/><D109/><U65/><E65/><V121/><F121/><W76/><G114/><T6/><D29/><U96/><E94/><AGARI ba="1,0" hai="76,80,85,90,94,97,98,103,105,124,125" m="49194" machi="94" ten="30,8000,1" yaku="19,1,34,2,52,2" doraHai="133" who="3" fromWho="1" sc="280,0,310,-83,237,0,173,83" /><INIT seed="3,0,0,2,0,6" ten="280,227,237,256" oya="3" hai0="84,83,99,125,102,33,4,22,103,70,115,32,122" hai1="7,101,126,119,38,54,68,72,85,132,135,113,24" hai2="1,93,124,87,94,112,134,74,34,117,114,30,79" hai3="64,81,59,98,91,123,0,95,130,10,97,19,65"/><W8/><G0/><T15/><D70/><U67/><E113/><V105/><F1/><W47/><G123/><T92/><D122/><U69/><E72/><V41/><F41/><W3/><G3/><T21/><D115/><U57/><E38/><V121/><F121/><W55/><G130/><T43/><D125/><U86/><E126/><V56/><F117/><W48/><G81/><T31/><D103/><U13/><E119/><V77/><F105/><W63/><G65/><T45/><D31/><U53/><E101/><V12/><F134/><N who="1" m="51241" /><E24/><V14/><F74/><W35/><G35/><T73/><D73/><U128/><E128/><V29/><F124/><W27/><G97/><T36/><D22/><AGARI ba="0,0" hai="8,10,19,22,27,47,48,55,59,63,64,91,95,98" machi="22" ten="40,7700,0" yaku="8,1,52,2" doraHai="6" who="3" fromWho="0" sc="280,-77,227,0,237,0,256,77" owari="203,-30.0,227,-17.0,237,4.0,333,43.0" /></mjloggm>