<mjloggm ver="2.3"><GO type="169" lobby="0"/><UN n0="%66%75%6A%69%6D%75%72%61" n1="%E5%8F%8A%E5%B7%9D%E5%86%B0%E9%BA%97" n2="%61%6C%75%63%61%72%64" n3="%E5%B0%B1%E6%B4%BB%E7%94%9F%40%E5%B7%9D%E6%9D%91%E8%BB%8D%E5%9B%A3" dan="16,16,16,17" rate="2090.10,2174.74,2067.53,2201.07" sx="M,F,M,M"/><TAIKYOKU oya="0"/><INIT seed="0,0,0,2,5,40" ten="250,250,250,250" oya="0" hai0="35,128,26,0,107,57,92,29,15,6,1,114,8" hai1="95,10,42,36,51,83,76,48,33,59,93,118,70" hai2="122,32,28,13,22,78,100,80,79,97,66,53,34" hai3="65,21,96,20,74,101,125,25,4,45,9,38,134"/><T104/><D114/><U132/><E70/><V133/><F122/><W109/><G109/><T12/><D128/><U58/><E33/><V81/><F66/><W82/><G125/><T94/><D57/><U11/><E132/><V73/><F133/><W56/><G134/><T105/><REACH who="0" step="1"/><D15/><REACH who="0" ten="240,250,250,250" step="2"/><U113/><E59/><V117/><F13/><W77/><G56/><T62/><D62/><U91/><E58/><V37/><F117/><W39/><G65/><T75/><D75/><U14/><E113/><V5/><F73/><W102/><G102/><T24/><D24/><U86/><E118/><V43/><F100/><W50/><G25/><T84/><D84/><U130/><E130/><V88/><F97/><W47/><G21/><T68/><D68/><U123/><E123/><V127/><F22/><W112/><G20/><T17/><D17/><U89/><E14/><V63/><F34/><W7/><G112/><T52/><D52/><U41/><E11/><V99/><F53/><W3/><G7/><T116/><D116/><U129/><E10/><V31/><F99/><W135/><G135/><T54/><D54/><U27/><E27/><V49/><F32/><W69/><G69/><T131/><D131/><U85/><E129/><V19/><F19/><W72/><G72/><T64/><D64/><U110/><E86/><V126/><F63/><W44/><REACH who="3" step="1"/><G50/><REACH who="3" ten="240,250,250,240" step="2"/><T108/><D108/><U16/><E48/><V119/><F49/><W121/><G121/><T103/><D103/><U60/><E51/><V124/><F124/><W30/><G30/><T90/><D90/><U98/><E91/><RYUUKYOKU ba="0,2" sc="240,15,250,-15,250,-15,240,15" hai0="0,1,6,8,12,26,29,35,92,94,104,105,107" hai3="3,4,9,38,39,44,45,47,74,77,82,96,101" /><INIT seed="0,1,2,0,0,31" ten="255,235,235,255" oya="0" hai0="98,104,55,22,110,122,112,45,18,30,74,49,93" hai1="19,61,96,95,92,124,10,62,5,6,17,78,131" hai2="46,121,133,58,101,73,88,105,82,38,114,109,0" hai3="13,129,47,106,79,86,117,126,81,44,116,27,125"/><T63/><D104/><U83/><E131/><V76/><F114/><W90/><G106/><T100/><D74/><U54/><E124/><N who="3" m="47722" /><G129/><T89/><D122/><U9/><E78/><V123/><F109/><W34/><G13/><T11/><D112/><U120/><E120/><V75/><F133/><W67/><G67/><T53/><D110/><U64/><E64/><V20/><F75/><W16/><G79/><T42/><D30/><U37/><E37/><V29/><F0/><W87/><G86/><T130/><D130/><U127/><E127/><V8/><F8/><W68/><G68/><T33/><D33/><U24/><E96/><N who="2" m="61607" /><F58/><W52/><G44/><T7/><D63/><U1/><E1/><V103/><F103/><W60/><G34/><T2/><REACH who="0" step="1"/><D100/><REACH who="0" ten="245,235,235,255" step="2"/><U91/><E62/><V102/><F102/><W115/><G115/><T21/><D21/><U135/><E61/><V15/><F20/><N who="3" m="13703" /><G60/><T51/><D51/><AGARI ba="1,3" hai="47,51,52,81,87,90,116,117" m="13703,47722" machi="51" ten="30,3900,0" yaku="18,1,54,2" doraHai="31" who="3" fromWho="0" sc="245,-42,235,0,235,0,255,72" /><INIT seed="1,0,0,1,1,127" ten="203,235,235,327" oya="1" hai0="57,0,102,121,28,65,89,96,120,67,45,13,2" hai1="87,106,25,70,36,104,126,33,44,58,31,54,77" hai2="23,49,5,128,103,26,40,130,115,39,107,99,62" hai3="111,20,95,97,119,63,52,47,76,91,132,69,83"/><U134/><E126/><V82/><F39/><W19/><G132/><T72/><D72/><U90/><E134/><V11/><F115/><W53/><G111/><T124/><D124/><U48/><E70/><V81/><F62/><W50/><G119/><T59/><D28/><U42/><REACH who="1" step="1"/><E77/><REACH who="1" ten="203,225,235,327" step="2"/><V3/><F40/><W100/><G69/><T4/><D120/><U109/><E109/><V113/><F113/><W18/><G100/><T16/><D102/><U98/><E98/><V29/><REACH who="2" step="1"/><F49/><REACH who="2" ten="203,225,225,327" step="2"/><W60/><G60/><T15/><D121/><U114/><E114/><V68/><F68/><W43/><G63/><T41/><D41/><U75/><E75/><V88/><F88/><W131/><G91/><T30/><D89/><U84/><E84/><V64/><F64/><W17/><G43/><T37/><D96/><U51/><E51/><V123/><F123/><W117/><G50/><T116/><D37/><U8/><E8/><V105/><F105/><W6/><G76/><T94/><D65/><U112/><E112/><V73/><F73/><W101/><G101/><T79/><D67/><U14/><E14/><V86/><F86/><W34/><G53/><T7/><D79/><U46/><E46/><V24/><F24/><W1/><G52/><T10/><D45/><U85/><E85/><V71/><F71/><W38/><G47/><T61/><D61/><U133/><E133/><V56/><F56/><W93/><G38/><T22/><D10/><U55/><E55/><V66/><F66/><W35/><G97/><T12/><D12/><U118/><E118/><V9/><F9/><RYUUKYOKU ba="0,2" sc="203,-15,225,15,225,15,327,-15" hai1="25,31,33,36,42,44,48,54,58,87,90,104,106" hai2="3,5,11,23,26,29,81,82,99,103,107,128,130" /><INIT seed="1,1,2,0,5,56" ten="188,240,240,312" oya="1" hai0="134,119,11,84,20,132,55,43,125,91,47,49,120" hai1="64,124,46,75,105,69,51,2,28,109,63,31,29" hai2="5,79,72,37,36,101,126,65,26,92,53,86,9" hai3="130,67,1,118,122,131,18,97,8,106,62,66,57"/><U121/><E121/><V22/><F72/><W74/><G74/><T80/><D119/><U16/><E124/><V70/><F126/><W54/><G122/><T17/><D125/><U111/><E75/><V81/><F53/><W112/><G112/><T129/><D129/><N who="3" m="49161" /><G118/><T102/><D102/><U40/><E105/><V76/><F76/><W42/><G42/><T41/><D120/><U89/><E2/><V39/><F92/><W30/><G30/><T7/><D20/><U85/><REACH who="1" step="1"/><E16/><REACH who="1" ten="188,230,240,312" step="2"/><V107/><F107/><W94/><G106/><T35/><D35/><U88/><E88/><V99/><F22/><W127/><G127/><T78/><D78/><U19/><E19/><V61/><F26/><W93/><G18/><T95/><D95/><AGARI ba="1,3" hai="28,29,31,40,46,51,63,64,69,85,89,95,109,111" machi="95" ten="40,3900,0" yaku="1,1,52,1,53,0" doraHai="56" doraHaiUra="108" who="1" fromWho="0" sc="188,-42,230,72,240,0,312,0" /><INIT seed="1,2,0,2,2,32" ten="146,302,240,312" oya="1" hai0="28,118,0,113,100,2,5,70,101,110,114,85,133" hai1="8,122,4,76,35,62,116,84,96,22,44,106,94" hai2="27,34,21,60,59,61,47,51,42,95,126,117,7" hai3="124,86,120,50,81,91,37,104,75,119,12,74,55"/><U98/><E122/><V125/><F34/><W43/><G120/><T115/><D70/><U49/><E35/><V83/><F117/><W38/><G104/><T45/><D45/><U3/><E116/><V90/><F83/><W92/><G119/><T48/><D118/><U134/><E134/><V129/><F129/><W128/><G128/><T103/><D48/><U17/><E106/><V6/><F125/><W97/><G124/><T80/><D5/><U1/><E1/><N who="0" m="617" /><D80/><U56/><E76/><V131/><F131/><W130/><G130/><T14/><D14/><U68/><E68/><V65/><F61/><W41/><G74/><T99/><D85/><U63/><E84/><N who="2" m="52679" /><F126/><W39/><G12/><T13/><D13/><U25/><E56/><V33/><F33/><W66/><G66/><T16/><D133/><U46/><E46/><V18/><AGARI ba="2,0" hai="6,7,18,21,27,42,47,51,59,60,65" m="52679" machi="18" ten="30,1100,0" yaku="8,1" doraHai="32" who="2" fromWho="2" sc="146,-5,302,-7,240,17,312,-5" /><INIT seed="2,0,0,2,4,36" ten="141,295,257,307" oya="2" hai0="87,113,31,85,26,39,11,2,120,134,15,75,67" hai1="27,42,106,63,41,50,76,103,17,121,135,68,32" hai2="83,90,100,94,128,88,35,131,9,58,53,119,69" hai3="7,108,37,71,129,101,57,122,28,73,133,77,127"/><V54/><F69/><W61/><G101/><T40/><D75/><U13/><E135/><V111/><F35/><W56/><G28/><T6/><D120/><U114/><E114/><V124/><F119/><W80/><G7/><T95/><D113/><U125/><E121/><V116/><F116/><W72/><G61/><T70/><D134/><U78/><E125/><V51/><F124/><W99/><G99/><T82/><D70/><U64/><E106/><V33/><F33/><W81/><G77/><T79/><D67/><U52/><E103/><V14/><F111/><W22/><G22/><T118/><D118/><U59/><E27/><V65/><F65/><W123/><G71/><T38/><D38/><U104/><E104/><V44/><F100/><W96/><G37/><T1/><D87/><U23/><E32/><V105/><F105/><W12/><G96/><T74/><D95/><U86/><REACH who="1" step="1"/><E76/><REACH who="1" ten="141,285,257,307" step="2"/><V4/><F128/><W109/><G133/><T110/><D110/><U93/><E93/><V126/><F131/><W5/><G129/><T117/><D117/><U30/><E30/><V49/><F126/><W84/><G127/><T43/><D39/><U92/><E92/><V18/><F83/><AGARI ba="0,1" hai="13,17,23,41,42,50,52,59,63,64,68,78,83,86" machi="83" ten="40,8000,1" yaku="1,1,52,2,54,1,53,0" doraHai="36" doraHaiUra="0" who="1" fromWho="2" sc="141,0,285,90,257,-80,307,0" /><INIT seed="3,0,0,0,2,82" ten="141,375,177,307" oya="3" hai0="48,112,89,102,72,81,87,97,80,132,68,125,20" hai1="99,0,61,120,15,76,103,39,32,45,66,70,124" hai2="77,93,50,30,6,110,1,79,64,51,63,122,75" hai3="18,119,101,113,83,42,29,7,2,26,104,4,17"/><W123/><G42/><T25/><D68/><U135/><E120/><V58/><F122/><W8/><G104/><T43/><D112/><U35/><E135/><V73/><F110/><W100/><G123/><T22/><D132/><U27/><E124/><V116/><F116/><W71/><G71/><T115/><D125/><U57/><E0/><V46/><F30/><W133/><G133/><T67/><D115/><U3/><E3/><V107/><F107/><W109/><G7/><T114/><D114/><U52/><E76/><V85/><F75/><W31/><G31/><T129/><D129/><U118/><E118/><V131/><F131/><W90/><G109/><T49/><D67/><U69/><E15/><V126/><F73/><W128/><G119/><T10/><D10/><U55/><E27/><V23/><F126/><W94/><G83/><T41/><D22/><U134/><E134/><V98/><F6/><W36/><G36/><T21/><D21/><U14/><E14/><V11/><F11/><W95/><G95/><N who="0" m="58687" /><D80/><U38/><E70/><V74/><F23/><N who="3" m="15583" /><G128/><T106/><D106/><N who="1" m="63871" /><E32/><V91/><F1/><W92/><G92/><T44/><D72/><U65/><E35/><V54/><F74/><W40/><G40/><N who="0" m="15435" /><D44/><U88/><E45/><N who="2" m="27983" /><F98/><N who="3" m="57687" /><G113/><T33/><D33/><U117/><E117/><V130/><F130/><W34/><G34/><T28/><D28/><U62/><E38/><V9/><F9/><W56/><G56/><T96/><D96/><U59/><E39/><V127/><F127/><W5/><G5/><T12/><D25/><U24/><E24/><V16/><F16/><AGARI ba="0,0" hai="2,4,8,16,17,18,100,101" m="57687,15583" machi="16" ten="30,2900,0" yaku="6,1,54,1" doraHai="82" who="3" fromWho="2" sc="141,0,375,0,177,-29,307,29" /><AGARI ba="0,0" hai="12,16,20,48,49,81,87,89" m="15435,58687" machi="16" ten="30,7700,0" yaku="6,1,8,1,52,1,54,1" doraHai="82" who="0" fromWho="2" sc="141,77,375,0,148,-77,336,0" /><INIT seed="3,1,0,3,4,109" ten="218,375,71,336" oya="3" hai0="44,102,37,36,86,107,39,113,50,131,42,17,134" hai1="130,133,5,124,31,116,25,83,4,89,106,91,95" hai2="110,61,9,87,104,27,80,24,119,54,0,111,51" hai3="65,126,23,8,67,49,11,12,114,33,1,105,77"/><W41/><G33/><T45/><D107/><U79/><E116/><V40/><F104/><W34/><G34/><T121/><D102/><U128/><E106/><V129/><F119/><W70/><G105/><T112/><D86/><N who="1" m="48511" /><E124/><V10/><F129/><N who="1" m="49769" /><E133/><V38/><F38/><N who="0" m="14954" /><D17/><U94/><E94/><V59/><F110/><W73/><G77/><T6/><D6/><N who="1" m="2667" /><E95/><V117/><F0/><W29/><G73/><T16/><D16/><U118/><E118/><V7/><F117/><W60/><G1/><T55/><D131/><U58/><E58/><V13/><F111/><W15/><G23/><AGARI ba="1,0" hai="23,25,31,89,91" m="2667,49769,48511" machi="23" ten="30,1000,0" yaku="19,1" doraHai="109" who="1" fromWho="3" sc="218,0,375,13,71,0,336,-13" /><INIT seed="4,0,0,2,5,117" ten="218,388,71,323" oya="0" hai0="121,60,4,116,114,84,22,44,78,134,28,36,90" hai1="31,11,77,107,62,129,5,88,56,89,37,14,34" hai2="58,68,49,74,112,132,63,126,16,109,42,10,26" hai3="19,120,71,106,76,41,80,86,113,52,39,135,33"/><T91/><D116/><U95/><E37/><V43/><F74/><W122/><G106/><T123/><D4/><U66/><E129/><V69/><F109/><W99/><G71/><T115/><D78/><U103/><E77/><V1/><F1/><W79/><G33/><T97/><D60/><U20/><E34/><V21/><F112/><N who="0" m="43050" /><D134/><U131/><E107/><V9/><F132/><W32/><G32/><T59/><D59/><U13/><E131/><V98/><F126/><W96/><G135/><T8/><D8/><N who="2" m="3178" /><F68/><W50/><G79/><T100/><D28/><U18/><REACH who="1" step="1"/><E31/><REACH who="1" ten="218,378,71,323" step="2"/><V51/><F69/><W70/><G70/><T73/><D73/><U25/><E25/><V35/><F35/><W24/><G113/><T92/><D22/><U6/><E6/><V40/><F98/><AGARI ba="0,1" hai="5,11,13,14,18,20,56,62,66,88,89,95,98,103" machi="98" ten="40,5200,0" yaku="1,1,8,1,54,1,53,0" doraHai="117" doraHaiUra="64" who="1" fromWho="2" sc="218,0,378,62,71,-52,323,0" /><INIT seed="5,0,0,2,5,132" ten="218,440,19,323" oya="1" hai0="56,116,127,62,66,117,119,88,52,4,126,84,97" hai1="31,21,12,29,99,45,24,18,128,14,93,113,70" hai2="108,36,115,27,59,89,98,111,107,86,80,129,121" hai3="69,60,38,96,101,19,100,26,16,39,11,71,40"/><U2/><E70/><V85/><F36/><W37/><G40/><T133/><D133/><U3/><E45/><V75/><F59/><W124/><G124/><N who="0" m="47659" /><D4/><U34/><E93/><N who="2" m="56623" /><F27/><W47/><G47/><T9/><D9/><U64/><E99/><V68/><F68/><W120/><G120/><T46/><D97/><U48/><E48/><V55/><F55/><W22/><G60/><T92/><D46/><U130/><E64/><AGARI ba="0,0" hai="52,56,62,64,66,84,88,92,116,117,119" m="47659" machi="64" ten="40,12000,2" yaku="18,1,52,3,54,2" doraHai="132" who="0" fromWho="1" sc="218,120,440,-120,19,0,323,0" /><INIT seed="6,0,0,2,1,35" ten="338,320,19,323" oya="2" hai0="100,113,18,117,118,29,68,108,123,83,56,106,120" hai1="3,27,73,101,103,97,110,105,78,96,119,89,64" hai2="122,52,76,44,36,6,49,93,54,2,80,14,13" hai3="5,70,84,50,55,45,85,61,126,42,109,112,128"/><V33/><F33/><W41/><G109/><T12/><D68/><U87/><E3/><V20/><F122/><W88/><G128/><T111/><D29/><U114/><E64/><V134/><F134/><W23/><G126/><T65/><D83/><N who="1" m="45519" /><E27/><V121/><F121/><N who="0" m="46666" /><D56/><U31/><E31/><V46/><F93/><N who="3" m="54407" /><G70/><T25/><D65/><U11/><E11/><N who="2" m="2519" /><F54/><W62/><G112/><T104/><D25/><U131/><E131/><V10/><F20/><W116/><G116/><N who="0" m="44651" /><D12/><U21/><E119/><V124/><F10/><W26/><G85/><T95/><D18/><U48/><E48/><V81/><F81/><W75/><G75/><T53/><D53/><U135/><E114/><V60/><F60/><N who="3" m="23147" /><G5/><T22/><D22/><U4/><E21/><V71/><F71/><W99/><G99/><N who="0" m="59519" /><D113/><U43/><E4/><V47/><F124/><W77/><G77/><T72/><D72/><U82/><E43/><N who="2" m="22631" /><F46/><W28/><AGARI ba="0,0" hai="23,26,28,41,42,45,50,55" m="23147,54407" machi="28" ten="30,2000,0" yaku="8,1,54,1" doraHai="35" who="3" fromWho="3" sc="338,-5,320,-5,19,-10,323,20" /><INIT seed="7,0,0,3,3,114" ten="333,315,9,343" oya="3" hai0="44,111,107,116,27,103,62,96,91,85,74,65,84" hai1="99,45,39,93,97,14,23,7,125,4,126,81,32" hai2="50,9,94,51,124,106,110,35,13,12,66,46,112" hai3="37,2,20,25,38,83,15,17,122,57,64,6,3"/><W113/><BYE who="2" /><G122/><T41/><D116/><U47/><E32/><V28/><F28/><W63/><G113/><T52/><D111/><U101/><E81/><V87/><F87/><W29/><G83/><T130/><D74/><U82/><E82/><V31/><F31/><W26/><G26/><T71/><D130/><U58/><E99/><V36/><F36/><W54/><G64/><T120/><D120/><U77/><E77/><V69/><F69/><W16/><G17/><T129/><D129/><U56/><E7/><V108/><F108/><W90/><G90/><T67/><D67/><U133/><E133/><V109/><F109/><W43/><G43/><T61/><D91/><U80/><E80/><V127/><F127/><N who="1" m="48649" /><E23/><V21/><F21/><UN n2="%61%6C%75%63%61%72%64" /><W128/><G128/><T92/><D92/><U19/><E19/><V88/><F88/><W1/><BYE who="2" /><REACH who="3" step="1"/><G6/><REACH who="3" ten="333,315,9,333" step="2"/><T75/><D27/><U121/><E121/><V33/><F33/><AGARI ba="0,1" hai="1,2,3,15,16,20,25,29,33,37,38,54,57,63" machi="33" ten="40,7700,0" yaku="1,1,2,1,54,1,53,0" doraHai="114" doraHaiUra="86" who="3" fromWho="2" sc="333,0,315,0,9,-77,333,87" owari="333,13.0,315,-8.0,-68,-57.0,420,52.0" /></mjloggm>