<mjloggm ver="2.3"><GO type="97" lobby="0"/><UN n0="%74%6F%6D%6F%63%68%61%6E" n1="%6B%61%69%2E%73%2E" n2="%E5%B0%B1%E6%B4%BB%E7%94%9F%40%E5%B7%9D%E6%9D%91%E8%BB%8D%E5%9B%A3" n3="%E3%82%AF%E3%82%AF%E3%83%AA%E3%83%AB%E3%82%AF" dan="14,14,15,13" rate="1864.89,1952.00,1951.58,1872.72" sx="M,F,M,M"/><TAIKYOKU oya="0"/><INIT seed="0,0,0,4,5,108" ten="250,250,250,250" oya="0" hai0="30,11,131,55,128,23,9,75,1,134,63,33,46" hai1="54,77,0,117,67,38,5,51,118,21,69,8,81" hai2="115,72,74,70,90,28,37,135,124,123,89,86,34" hai3="59,121,88,47,84,20,73,112,26,27,62,31,22"/><T10/><D75/><U130/><E130/><N who="0" m="49705" /><D63/><U116/><E38/><V15/><F70/><W79/><G121/><T18/><D55/><U97/><E97/><V64/><F37/><W39/><G73/><T6/><D46/><U101/><E101/><V99/><F123/><W78/><G47/><T36/><D36/><U127/><E127/><V106/><F64/><W65/><G39/><T41/><D41/><U53/><E21/><V66/><F66/><W68/><G68/><T29/><D134/><U56/><E67/><V85/><F34/><W52/><G65/><T95/><D95/><U93/><E93/><V96/><F28/><N who="0" m="10858" /><D33/><U105/><E69/><V57/><F57/><W111/><G111/><T82/><D82/><U126/><E105/><V42/><F42/><W45/><G45/><T87/><D87/><U24/><E54/><V71/><F71/><W91/><G112/><T44/><D44/><U80/><E77/><N who="3" m="29194" /><G84/><T7/><D1/><U58/><E58/><V48/><F48/><W17/><AGARI ba="0,0" hai="17,20,22,26,27,31,52,59,62,88,91" m="29194" machi="17" ten="30,4000,0" yaku="8,1,54,2" doraHai="108" who="3" fromWho="3" sc="250,-20,250,-10,250,-10,250,40" /><INIT seed="1,0,0,1,2,58" ten="230,240,240,290" oya="1" hai0="8,33,47,109,51,98,13,115,23,36,103,117,57" hai1="14,32,19,54,59,60,116,64,43,25,4,85,22" hai2="130,105,0,114,86,110,97,52,20,48,70,122,17" hai3="65,88,1,135,76,132,92,40,134,120,94,69,41"/><U78/><E116/><V61/><F122/><W127/><G120/><T118/><D115/><U66/><E43/><V24/><F0/><W37/><G1/><T126/><D33/><U71/><E32/><V35/><F35/><W128/><G37/><T2/><D2/><U26/><E4/><V55/><F114/><W80/><G69/><T72/><D72/><U53/><E66/><V68/><F130/><W75/><G65/><T100/><D109/><U84/><E53/><V9/><F110/><W106/><G40/><T91/><D126/><U3/><E3/><V16/><F70/><W67/><G41/><T42/><D23/><U83/><REACH who="1" step="1"/><E85/><REACH who="1" ten="230,230,240,290" step="2"/><V5/><F5/><W10/><G67/><T101/><D118/><U46/><E46/><V81/><F68/><W99/><G127/><T38/><D117/><U62/><AGARI ba="0,1" hai="14,19,22,25,26,54,59,60,62,64,71,78,83,84" machi="62" ten="20,12000,1" yaku="1,1,0,1,7,1,52,2,53,0" doraHai="58" doraHaiUra="93" who="1" fromWho="1" sc="230,-40,230,130,240,-40,290,-40" /><INIT seed="1,1,0,3,5,98" ten="190,360,200,250" oya="1" hai0="66,15,100,53,56,38,60,103,102,124,87,39,121" hai1="40,132,13,1,61,52,27,47,22,59,54,57,88" hai2="86,25,109,131,10,11,46,24,116,26,18,77,111" hai3="122,28,129,4,35,81,45,63,32,9,72,126,74"/><U90/><E1/><V101/><F116/><W118/><G122/><T96/><D121/><U16/><E132/><V133/><F133/><W64/><G118/><T104/><D124/><U94/><E94/><V71/><F71/><W43/><G126/><T19/><D104/><U58/><E58/><V21/><F131/><W8/><G129/><T67/><D96/><U80/><E80/><N who="2" m="47375" /><F46/><W117/><G117/><T48/><D87/><U44/><E27/><N who="2" m="10315" /><F101/><W113/><G113/><T123/><D123/><U91/><E40/><V134/><F134/><W114/><G114/><T115/><D115/><U110/><E110/><AGARI ba="1,0" hai="10,11,18,21,26,109,110,111" m="10315,47375" machi="110" ten="30,1000,0" yaku="14,1" doraHai="98" who="2" fromWho="1" sc="190,0,360,-13,200,13,250,0" /><INIT seed="2,0,0,0,3,77" ten="190,347,213,250" oya="2" hai0="42,17,39,41,93,109,45,100,120,7,2,84,38" hai1="106,123,37,51,54,76,64,67,57,32,128,73,34" hai2="99,133,130,127,124,74,10,95,66,97,83,126,58" hai3="16,19,90,85,59,47,11,4,49,81,91,113,134"/><V63/><F130/><W112/><G134/><T87/><D120/><U125/><E128/><V26/><F133/><W69/><G69/><T92/><D109/><U24/><E125/><V114/><F114/><N who="3" m="44139" /><G59/><T40/><D17/><U25/><E123/><V20/><F10/><W30/><G30/><T12/><D2/><U48/><E37/><V72/><F95/><W5/><G91/><T27/><D27/><U102/><E102/><V21/><F21/><W31/><G31/><T22/><D22/><U36/><E36/><V89/><F74/><W118/><G118/><T115/><D115/><U101/><E101/><V33/><F33/><W132/><G132/><T46/><D40/><U107/><E34/><V121/><F121/><W131/><G131/><T94/><REACH who="0" step="1"/><D100/><REACH who="0" ten="180,347,213,250" step="2"/><U61/><E25/><V96/><F72/><W28/><G28/><T23/><D23/><U15/><E24/><V44/><F44/><W98/><G11/><AGARI ba="0,1" hai="7,11,12,38,39,41,42,45,46,84,87,92,93,94" machi="11" ten="40,2600,0" yaku="1,1,9,1,53,0" doraHai="77" doraHaiUra="53" who="0" fromWho="3" sc="180,36,347,0,213,0,250,-26" /><INIT seed="3,0,0,0,2,113" ten="216,347,213,224" oya="3" hai0="19,135,78,108,112,81,45,47,23,25,51,89,48" hai1="20,83,31,39,105,37,38,124,59,30,3,6,120" hai2="49,15,44,29,22,97,42,123,82,1,64,93,55" hai3="84,72,96,132,12,87,5,92,0,104,33,114,71"/><W125/><G114/><T69/><D112/><U95/><E105/><V75/><F1/><W54/><G72/><T73/><D69/><U77/><E120/><V17/><F123/><W118/><G0/><T116/><D135/><U130/><E130/><V14/><F64/><W60/><G33/><T10/><D108/><U7/><E124/><V76/><F29/><W11/><G104/><T101/><D101/><U13/><E3/><V40/><REACH who="2" step="1"/><F14/><REACH who="2" ten="216,347,203,224" step="2"/><W57/><G125/><T27/><D27/><N who="1" m="16743" /><E13/><V61/><F61/><W103/><G132/><T79/><D10/><U9/><E31/><V86/><F86/><W28/><G28/><T88/><D73/><U36/><E9/><V122/><F122/><W121/><G121/><T56/><D25/><U90/><E6/><V58/><F58/><W111/><G111/><T32/><D56/><U119/><E59/><V107/><F107/><W18/><G71/><T43/><D32/><U26/><E26/><V65/><F65/><W129/><G129/><T4/><D4/><U41/><E7/><V91/><AGARI ba="0,1" hai="15,17,22,40,42,44,49,55,75,76,82,91,93,97" machi="91" ten="20,5200,0" yaku="1,1,0,1,7,1,53,1" doraHai="113" doraHaiUra="85" who="2" fromWho="2" sc="216,-13,347,-13,203,62,224,-26" owari="203,-20.0,334,43.0,265,7.0,198,-30.0" /></mjloggm>