<mjloggm ver="2.3"><GO type="41" lobby="0"/><UN n0="%6F%33%32%38%36" n1="%E3%81%82%E3%82%8A%E3%81%8F%E3%81%84%E3%81%95%E3%82%93" n2="%E5%A4%8F%E8%94%AD" n3="%E5%B0%B1%E6%B4%BB%E7%94%9F%40%E5%B7%9D%E6%9D%91%E8%BB%8D%E5%9B%A3" dan="14,14,15,15" rate="1932.90,1916.24,2011.46,1966.58" sx="M,M,M,M"/><TAIKYOKU oya="0"/><INIT seed="0,0,0,2,1,19" ten="250,250,250,250" oya="0" hai0="89,13,55,119,31,134,88,32,81,135,109,22,51" hai1="70,52,100,85,66,86,128,23,58,93,27,39,18" hai2="78,118,87,7,2,117,6,5,112,47,62,16,26" hai3="102,90,56,106,91,17,115,3,40,0,129,25,132"/><T57/><D119/><N who="2" m="45578" /><F112/><W10/><G115/><T53/><D32/><U14/><E39/><V29/><F47/><W4/><G3/><T80/><D109/><U59/><E70/><V105/><F105/><W21/><G129/><T12/><D135/><U111/><E111/><V37/><F37/><W30/><G132/><T95/><D134/><U72/><E72/><V133/><F133/><W61/><G40/><T69/><D69/><U20/><E128/><V34/><F62/><W75/><G75/><T110/><D110/><U1/><E1/><V131/><F131/><W11/><G102/><T82/><D55/><U107/><E59/><V24/><F87/><W15/><REACH who="3" step="1"/><G106/><REACH who="3" ten="250,250,250,240" step="2"/><T92/><D95/><U36/><E107/><V68/><F68/><W99/><G99/><N who="0" m="57735" /><D89/><U54/><E100/><V116/><F116/><W71/><G71/><T60/><D51/><U48/><E93/><V33/><F78/><W124/><G124/><T46/><D46/><U104/><E104/><V77/><F77/><W9/><G9/><T42/><D42/><U114/><E114/><V63/><F63/><W97/><G97/><T123/><D123/><U50/><E36/><V8/><F34/><W76/><G76/><T74/><D74/><U94/><E94/><V122/><F122/><W41/><G41/><T96/><D96/><U101/><E50/><V121/><F121/><W125/><G125/><T44/><D44/><U130/><E48/><V79/><F79/><W64/><AGARI ba="0,1" hai="0,4,10,11,15,17,21,25,30,56,61,64,90,91" machi="64" ten="20,5200,0" yaku="1,1,0,1,7,1,52,1,53,0" doraHai="19" doraHaiUra="43" who="3" fromWho="3" sc="250,-26,250,-13,250,-13,240,62" /><INIT seed="1,0,0,3,0,93" ten="224,237,237,302" oya="1" hai0="5,103,30,19,123,54,51,12,117,53,21,59,101" hai1="79,0,89,73,96,44,64,133,55,75,118,134,85" hai2="14,25,119,66,49,135,26,128,122,50,95,56,1" hai3="41,131,68,31,130,61,52,72,13,37,46,126,42"/><U110/><E0/><V129/><F1/><W33/><G72/><T113/><D123/><U15/><E15/><V114/><F122/><W24/><G126/><T35/><D117/><U3/><E3/><V48/><F119/><W76/><G76/><T106/><D113/><U16/><E64/><V97/><F114/><W125/><G125/><T11/><D106/><U127/><E16/><V112/><F112/><W60/><G41/><T57/><D30/><U102/><E127/><V90/><F135/><N who="1" m="51721" /><E118/><V74/><F74/><N who="1" m="28169" /><E55/><V120/><F120/><W80/><G68/><T40/><D35/><U91/><E44/><V83/><F14/><W77/><G13/><T43/><D43/><U94/><E110/><V47/><F47/><W22/><G33/><T18/><D40/><U6/><E6/><V108/><F108/><W100/><G52/><N who="0" m="31903" /><D5/><U78/><E89/><V98/><F56/><W38/><G38/><T71/><D71/><U65/><E65/><V2/><F66/><W105/><G61/><N who="0" m="36079" /><D54/><U132/><N who="1" m="51729" /><U70/><DORA hai="107" /><E70/><V23/><F2/><W36/><G60/><T121/><D121/><U109/><E109/><V81/><F26/><AGARI ba="0,0" hai="11,12,18,19,21,26,101,103" m="36079,31903" machi="26" ten="30,2000,0" yaku="8,1,54,1" doraHai="93,107" who="0" fromWho="2" sc="224,20,237,0,237,-20,302,0" /><INIT seed="2,0,0,1,4,66" ten="244,237,217,302" oya="2" hai0="45,91,61,35,26,21,0,118,1,128,27,29,83" hai1="81,135,60,95,36,111,125,105,75,69,52,92,64" hai2="4,86,90,6,43,57,25,107,10,51,56,17,93" hai3="96,115,101,110,116,40,106,7,67,28,104,132,24"/><V130/><F107/><W117/><G106/><T62/><D118/><U38/><E111/><V58/><F130/><W108/><G40/><T100/><D128/><U102/><E125/><V20/><REACH who="2" step="1"/><F10/><REACH who="2" ten="244,237,207,302" step="2"/><W30/><G117/><T85/><D1/><U89/><E105/><V87/><F87/><W14/><G116/><T9/><D0/><U94/><E135/><V131/><F131/><W76/><G132/><T50/><D9/><U47/><E75/><V23/><F23/><W2/><G104/><T22/><D35/><U84/><E102/><V34/><F34/><W129/><G101/><T44/><D100/><U113/><E113/><V65/><F65/><W32/><G67/><T11/><D11/><U41/><REACH who="1" step="1"/><E52/><REACH who="1" ten="244,227,207,302" step="2"/><V5/><F5/><W122/><G110/><T98/><D98/><U49/><AGARI ba="0,2" hai="36,38,41,47,49,60,64,69,81,84,89,92,94,95" machi="49" ten="30,7900,0" yaku="1,1,2,1,0,1,52,1,53,0" doraHai="66" doraHaiUra="3" who="1" fromWho="1" sc="244,-20,227,99,207,-39,302,-20" /><INIT seed="3,0,0,3,3,10" ten="224,326,168,282" oya="3" hai0="76,99,109,90,69,68,52,112,54,70,67,119,63" hai1="91,8,96,89,29,7,133,114,45,64,39,41,50" hai2="11,38,17,15,56,30,94,62,40,42,44,6,126" hai3="32,46,22,86,36,108,60,59,92,71,78,98,1"/><W47/><G32/><T61/><D76/><U23/><E114/><V102/><F126/><W9/><G71/><N who="0" m="42479" /><D90/><U43/><E133/><V14/><F30/><W12/><G36/><T58/><D99/><U74/><E74/><V123/><F123/><W124/><G1/><T85/><D85/><U120/><E64/><V95/><F42/><W31/><G124/><T20/><D20/><U110/><E39/><V127/><F127/><W73/><G73/><T87/><D87/><U80/><E43/><V130/><F130/><W128/><G128/><T65/><D112/><U72/><E120/><V83/><F83/><N who="3" m="47479" /><G22/><T125/><D125/><U81/><E72/><V48/><F38/><W118/><G31/><T75/><D75/><U134/><E23/><N who="2" m="11703" /><F102/><N who="3" m="60743" /><G108/><T106/><D106/><U3/><E29/><V79/><F79/><W55/><G118/><T107/><D107/><U5/><E110/><V135/><F135/><W82/><G82/><T24/><D24/><U115/><E134/><V129/><F129/><W132/><G132/><T49/><D109/><U25/><E115/><V37/><F37/><W51/><G60/><N who="0" m="38039" /><D119/><U101/><E3/><V121/><F121/><W35/><G35/><T4/><D4/><AGARI ba="0,0" hai="4,9,12,46,47,51,55,59" m="60743,47479" machi="4" ten="30,2900,0" yaku="8,1,52,1" doraHai="10" who="3" fromWho="0" sc="224,-29,326,0,168,0,282,29" /><INIT seed="3,1,0,2,4,52" ten="195,326,168,311" oya="3" hai0="74,4,32,70,109,124,78,43,128,3,93,0,28" hai1="116,84,92,85,18,111,79,81,21,5,1,117,107" hai2="59,114,76,29,67,26,104,16,6,90,120,35,131" hai3="129,96,58,41,37,126,62,2,10,99,50,46,112"/><W8/><G112/><T87/><D70/><U38/><E38/><V65/><F114/><W122/><G122/><T89/><D4/><U94/><E107/><V123/><F104/><W88/><G129/><T119/><D43/><U45/><E45/><V12/><F131/><W121/><G121/><N who="2" m="46665" /><F6/><W57/><G2/><T20/><D32/><U105/><E105/><V51/><F76/><W9/><G126/><T101/><D3/><U61/><E61/><V42/><F90/><W36/><G58/><T83/><D0/><U132/><E132/><V134/><F134/><W54/><REACH who="3" step="1"/><G96/><REACH who="3" ten="195,326,168,301" step="2"/><N who="0" m="59535" /><D124/><U23/><E1/><V55/><F42/><W80/><G80/><N who="0" m="45143" /><D128/><U53/><E81/><V31/><F31/><W17/><G17/><T66/><D119/><U34/><E18/><V47/><F47/><W15/><G15/><T113/><D113/><U95/><E117/><V19/><F19/><W100/><G100/><T60/><D28/><U68/><E116/><V72/><F72/><W91/><G91/><T108/><D89/><U44/><E79/><V49/><F49/><W127/><G127/><T75/><D83/><U22/><E68/><V39/><F39/><W69/><G69/><T7/><D7/><U13/><E5/><V64/><F65/><W30/><G30/><T115/><D66/><U27/><E13/><V86/><F86/><W82/><G82/><T63/><D87/><U56/><E85/><V77/><F77/><W73/><G73/><T11/><D75/><U98/><E84/><V48/><F48/><W118/><G118/><T33/><D115/><U71/><E71/><RYUUKYOKU ba="1,1" sc="195,-15,326,-15,168,15,301,15" hai2="12,16,26,29,35,51,55,59,64,67" hai3="8,9,10,36,37,41,46,50,54,57,62,88,99" /><INIT seed="3,2,1,0,4,47" ten="180,311,183,316" oya="3" hai0="87,90,94,119,103,135,130,122,66,133,29,123,85" hai1="9,8,17,69,31,104,65,127,33,56,132,49,63" hai2="131,98,99,70,1,95,109,68,54,80,22,134,53" hai3="88,129,44,38,76,6,60,72,89,3,28,86,57"/><W118/><G118/><T77/><D66/><U75/><E75/><V117/><F117/><W114/><G114/><T50/><D29/><U58/><E104/><V55/><F1/><W116/><G116/><T61/><D61/><U16/><E69/><V10/><F109/><W108/><G28/><T111/><D119/><U125/><E132/><N who="0" m="50761" /><D50/><U64/><E49/><V78/><F134/><W74/><G129/><T93/><D130/><U71/><E71/><V40/><F131/><W79/><G108/><T42/><D42/><U52/><E31/><V126/><F126/><W24/><G6/><T84/><D111/><U39/><E33/><V25/><F40/><W97/><G3/><T21/><D21/><U36/><E63/><V106/><F106/><W2/><G2/><T115/><D115/><U91/><E91/><V43/><F43/><W7/><G7/><T113/><D113/><U82/><E82/><V26/><F10/><W32/><G44/><T96/><D77/><U105/><E105/><V18/><F26/><W102/><G24/><T4/><D4/><U27/><E27/><V34/><F34/><W112/><G32/><T15/><D15/><U46/><E46/><V62/><F62/><W100/><G38/><T19/><D19/><U13/><E13/><V35/><F35/><W67/><G112/><T30/><D30/><U81/><E81/><V37/><F37/><W12/><G12/><T110/><D110/><U14/><E14/><V92/><F80/><N who="3" m="49223" /><G76/><T45/><D45/><U5/><E5/><V73/><F78/><W107/><G79/><T48/><D48/><RYUUKYOKU ba="2,1" sc="180,15,311,15,183,-15,316,-15" hai0="84,85,87,90,93,94,96,103,122,123" hai1="8,9,16,17,36,39,52,56,58,64,65,125,127" /><INIT seed="4,3,1,3,3,9" ten="195,326,168,301" oya="0" hai0="34,37,82,2,114,68,0,59,26,60,33,64,44" hai1="71,38,117,108,51,93,55,65,61,104,126,128,79" hai2="69,124,63,105,18,15,74,103,10,111,88,30,101" hai3="123,45,113,116,56,41,66,102,72,7,129,122,131"/><T32/><D114/><U25/><E104/><V107/><F111/><W91/><G72/><T50/><D26/><U40/><E108/><V125/><F74/><W100/><G113/><T92/><D92/><U99/><E25/><V67/><F30/><W118/><G7/><T130/><D130/><N who="3" m="49673" /><G91/><T36/><D82/><U58/><E79/><V78/><F78/><W121/><G66/><T11/><D11/><U133/><E128/><V110/><F110/><W98/><G56/><T5/><D5/><U4/><E4/><V27/><F27/><W87/><G87/><T8/><D8/><U48/><E117/><N who="3" m="45162" /><G98/><T42/><REACH who="0" step="1"/><D37/><AGARI ba="3,1" hai="37,41,45,100,102,121,122,123" m="45162,49673" machi="37" ten="40,2600,0" yaku="13,1,19,1" doraHai="9" who="3" fromWho="0" sc="195,-35,326,0,168,0,301,45" /><INIT seed="5,0,0,2,2,111" ten="160,326,168,346" oya="1" hai0="81,120,26,22,105,17,96,47,29,5,114,90,121" hai1="88,36,119,113,102,54,131,51,99,104,49,122,124" hai2="32,15,72,134,28,100,135,27,64,89,130,10,23" hai3="95,21,129,110,12,98,69,106,7,59,30,70,77"/><U127/><E36/><V56/><F130/><W92/><G110/><T14/><D47/><U61/><E119/><V4/><F72/><W84/><G129/><T0/><D105/><U93/><E122/><N who="0" m="47209" /><D96/><N who="1" m="57383" /><E131/><V128/><F128/><W34/><G34/><N who="0" m="20791" /><D90/><U57/><E51/><V112/><F100/><W133/><G7/><T43/><D81/><U97/><E97/><V1/><F89/><W9/><G9/><N who="0" m="2215" /><D43/><U73/><E73/><V115/><F56/><W48/><G48/><T25/><D25/><U86/><E86/><V123/><F64/><W38/><G38/><T71/><D71/><U46/><E46/><V78/><F78/><W35/><G106/><T83/><D83/><U2/><E2/><V24/><F123/><W62/><G84/><T103/><D103/><U33/><E33/><V76/><F76/><W45/><G35/><T39/><D39/><U75/><E75/><V13/><F13/><W118/><G12/><T65/><D65/><U40/><E40/><V42/><F42/><W87/><G77/><T50/><D50/><U116/><E116/><V52/><F52/><W6/><G45/><T11/><D11/><U41/><E41/><V117/><F117/><W18/><G118/><T8/><D8/><U20/><E49/><V109/><F109/><W80/><G70/><T94/><D94/><U16/><E54/><V53/><F53/><W44/><G69/><T63/><D63/><U85/><E85/><V82/><F82/><W55/><G80/><T126/><D126/><N who="1" m="48171" /><E57/><V125/><F125/><W37/><G98/><T79/><D79/><U67/><E61/><RYUUKYOKU ba="0,0" sc="160,30,326,-10,168,-10,346,-10" hai0="14,17,22,114" /><INIT seed="6,1,0,0,0,96" ten="190,316,158,336" oya="2" hai0="116,91,72,1,80,51,126,133,132,4,118,58,56" hai1="85,135,31,104,106,22,28,120,103,86,78,42,17" hai2="14,60,15,113,67,13,2,76,6,121,38,36,101" hai3="95,93,81,59,48,47,82,16,53,131,32,108,11"/><V98/><F121/><W62/><G32/><T44/><D1/><U112/><E120/><V46/><F113/><W73/><G108/><T125/><D4/><U33/><E106/><V24/><F76/><W70/><G70/><T114/><D91/><U115/><E135/><N who="0" m="51785" /><D80/><N who="3" m="30825" /><G73/><T9/><D9/><U88/><E78/><V128/><F128/><W119/><G119/><N who="0" m="45611" /><D72/><U41/><E86/><V68/><F24/><W105/><G105/><T34/><D34/><U74/><E74/><V37/><F46/><W55/><G131/><T123/><D123/><U21/><E33/><V92/><REACH who="2" step="1"/><F2/><REACH who="2" ten="190,316,148,336" step="2"/><W71/><G71/><T124/><D114/><U129/><E129/><V7/><AGARI ba="1,1" hai="6,7,13,14,15,36,37,38,60,67,68,92,98,101" machi="7" ten="40,12000,1" yaku="1,1,2,1,0,1,52,1,53,0" doraHai="96" doraHaiUra="26" who="2" fromWho="2" sc="190,-41,316,-41,148,133,336,-41" /><INIT seed="6,2,0,0,1,32" ten="149,275,281,295" oya="2" hai0="92,110,120,7,52,6,128,35,70,64,114,15,134" hai1="29,51,68,91,40,5,57,103,113,60,31,39,37" hai2="25,22,47,14,49,82,108,63,105,20,115,8,48" hai3="28,50,12,93,116,131,106,89,11,23,9,72,121"/><V84/><F105/><W126/><G106/><T135/><D120/><U66/><E113/><V96/><F115/><W112/><G72/><T78/><D78/><U109/><E109/><V62/><F108/><W10/><G112/><T133/><D114/><U101/><E91/><V36/><F36/><W0/><G0/><T76/><D110/><U94/><E94/><V16/><F96/><W77/><G116/><T30/><D76/><U24/><E5/><V73/><F73/><W44/><G121/><T88/><D128/><U79/><E79/><N who="2" m="46175" /><F22/><W99/><G126/><T86/><D64/><U53/><E39/><V1/><F1/><W107/><G107/><T61/><D70/><U97/><E97/><V90/><F90/><W58/><G77/><T125/><D125/><U104/><E104/><V95/><F95/><W4/><G58/><N who="0" m="35015" /><D15/><U80/><E80/><V38/><F38/><W74/><G74/><T46/><D46/><N who="1" m="23823" /><E31/><N who="2" m="17831" /><F49/><W98/><G98/><T132/><N who="0" m="34304" /><DORA hai="18" /><T130/><D130/><U41/><E41/><AGARI ba="2,0" hai="8,14,16,41,47,48,62,63" m="17831,46175" machi="41" ten="30,5800,0" yaku="8,1,52,1,54,1" doraHai="32,18" who="2" fromWho="1" sc="149,0,275,-64,281,64,295,0" /><INIT seed="6,3,0,1,0,126" ten="149,211,345,295" oya="2" hai0="128,15,84,102,99,88,89,115,76,82,53,12,33" hai1="40,101,35,29,90,14,60,116,65,54,21,32,87" hai2="108,48,92,113,0,75,52,134,78,77,132,51,118" hai3="55,11,130,50,95,105,18,4,63,61,122,94,27"/><V133/><F118/><W129/><G105/><T109/><D33/><U70/><E116/><V31/><F113/><W25/><G122/><T44/><D115/><U64/><E101/><V20/><F108/><W57/><G94/><T22/><D109/><U96/><E96/><V43/><F0/><W121/><G121/><T30/><D15/><U41/><E32/><V135/><F134/><W39/><G39/><T125/><D125/><U37/><E35/><V13/><F75/><W67/><G95/><T1/><D1/><U26/><E37/><V104/><F104/><W86/><G86/><T91/><D44/><U42/><E70/><V38/><F92/><W120/><G120/><T100/><D53/><U127/><E127/><V56/><F38/><W98/><G98/><T110/><D110/><U117/><E14/><V123/><F123/><W106/><G106/><T93/><D12/><U124/><E124/><V97/><F97/><W103/><G103/><N who="0" m="60911" /><D22/><U7/><E7/><V46/><REACH who="2" step="1"/><F13/><REACH who="2" ten="149,211,335,295" step="2"/><N who="3" m="5351" /><G129/><T47/><D128/><U80/><E117/><V45/><F45/><W112/><G130/><T5/><D47/><U59/><AGARI ba="3,1" hai="21,26,29,40,41,42,54,59,60,64,65,80,87,90" machi="59" ten="30,2000,0" yaku="0,1,8,1" doraHai="126" who="1" fromWho="1" sc="149,-8,211,39,335,-13,295,-8" /><INIT seed="7,0,0,4,3,75" ten="141,250,322,287" oya="3" hai0="106,24,39,105,43,72,41,129,79,3,25,54,69" hai1="128,135,18,0,29,20,116,46,35,85,80,111,50" hai2="36,97,76,48,14,56,22,84,44,121,71,68,81" hai3="100,130,109,92,38,19,51,47,108,132,101,110,90"/><W125/><G38/><T82/><D3/><U31/><E111/><V4/><F121/><W2/><G2/><T16/><D69/><U15/><E135/><V74/><F36/><W6/><G6/><T131/><D54/><U114/><E114/><V59/><F97/><W98/><G132/><T112/><D112/><U37/><E37/><V58/><F74/><W88/><G130/><T77/><D82/><U96/><E0/><V117/><F117/><W78/><G125/><T40/><D39/><U91/><E35/><V13/><F22/><W113/><G113/><T32/><D72/><U123/><E123/><V9/><REACH who="2" step="1"/><F13/><REACH who="2" ten="141,250,312,287" step="2"/><W8/><G101/><T87/><D87/><U126/><E116/><V127/><F127/><W7/><G108/><T70/><D70/><U62/><E126/><V52/><AGARI ba="0,1" hai="4,9,14,44,48,52,56,58,59,68,71,76,81,84" machi="52" ten="30,7900,0" yaku="1,1,0,1,52,1,54,1,53,0" doraHai="75" doraHaiUra="107" who="2" fromWho="2" sc="141,-20,250,-20,312,89,287,-39" owari="121,-38.0,230,-17.0,401,50.0,248,5.0" /></mjloggm>