<mjloggm ver="2.3"><GO type="169" lobby="0"/><UN n0="%E3%81%84%E3%82%82%E3%81%91%E3%82%93%70" n1="%E3%81%B5%E3%81%81%E3%81%84%E3%81%A1%E3%82%83%E3%82%80%E2%98%85" n2="%E3%82%A6%E3%83%AB%E3%83%88%E3%83%A9%E7%AB%8B%E7%9B%B4" n3="%66%75%6A%69" dan="16,17,17,16" rate="2110.01,2102.24,2204.20,2121.49" sx="M,M,M,M"/><TAIKYOKU oya="0"/><INIT seed="0,0,0,4,2,86" ten="250,250,250,250" oya="0" hai0="92,108,2,80,134,65,79,116,104,56,47,91,17" hai1="94,82,60,6,28,23,45,11,96,53,35,33,1" hai2="43,121,89,103,105,119,42,78,12,5,15,73,70" hai3="90,132,63,13,128,97,69,57,18,19,127,117,129"/><T67/><BYE who="1" /><D104/><UN n1="%E3%81%B5%E3%81%81%E3%81%84%E3%81%A1%E3%82%83%E3%82%80%E2%98%85" /><U114/><E114/><V16/><F70/><W88/><G117/><T41/><D116/><U10/><E82/><V38/><F121/><W0/><G0/><T59/><D2/><U106/><E106/><V84/><F119/><W66/><G127/><T71/><D134/><U95/><E95/><V51/><F38/><W54/><G132/><T85/><D108/><U125/><E125/><V46/><F73/><W72/><G72/><T22/><D71/><U87/><E87/><V30/><F78/><W36/><G36/><T124/><D124/><U101/><E10/><N who="2" m="4175" /><F30/><W58/><G97/><T9/><D9/><U135/><E135/><V98/><F98/><W76/><G76/><T52/><D41/><U27/><REACH who="1" step="1"/><E60/><REACH who="1" ten="250,240,250,250" step="2"/><V123/><F105/><W77/><G77/><T8/><D8/><U4/><E4/><V93/><F123/><W130/><G19/><T50/><D80/><U113/><E113/><V68/><F84/><W48/><G69/><T39/><D79/><U61/><E61/><V126/><F68/><W14/><G14/><N who="0" m="9527" /><D39/><U120/><E120/><V75/><F75/><W64/><G64/><AGARI ba="0,1" hai="47,50,52,56,59,64,65,67,85,91,92" m="9527" machi="64" ten="30,5800,0" yaku="8,1,52,1,54,1" doraHai="86" who="0" fromWho="3" sc="250,68,240,0,250,0,250,-58" /><INIT seed="0,1,0,2,0,1" ten="318,240,250,192" oya="0" hai0="7,85,39,76,25,26,132,18,40,125,121,50,84" hai1="10,99,24,35,122,90,52,106,17,110,114,73,31" hai2="36,101,86,100,13,131,0,80,135,134,5,32,95" hai3="103,51,79,128,108,43,14,130,118,53,11,81,21"/><T89/><D39/><U72/><E122/><V54/><F32/><W102/><G118/><T4/><D121/><U61/><E114/><V126/><F36/><W77/><G21/><N who="0" m="13495" /><D132/><N who="2" m="50730" /><F0/><W27/><G27/><T117/><D117/><U55/><E110/><V6/><F126/><W15/><G108/><T16/><D125/><U97/><E73/><V59/><F13/><W116/><G43/><T111/><D111/><U34/><E72/><V28/><F28/><W87/><G79/><T107/><D107/><U58/><E35/><V71/><F71/><W49/><G116/><T9/><D76/><U64/><E106/><V19/><F19/><W30/><G30/><T105/><D105/><U69/><E90/><N who="2" m="51527" /><F131/><W104/><G104/><T37/><D37/><U8/><E55/><V119/><F119/><W65/><G65/><T91/><D91/><U22/><E99/><N who="2" m="59519" /><F101/><W92/><G103/><T42/><D84/><U62/><REACH who="1" step="1"/><E97/><REACH who="1" ten="318,230,250,192" step="2"/><V94/><F94/><W82/><G92/><N who="0" m="54319" /><D42/><U83/><E83/><V75/><F75/><W57/><G82/><T78/><D78/><U41/><E41/><V120/><F120/><W124/><G124/><T12/><D26/><AGARI ba="1,1" hai="8,10,17,22,24,26,31,34,52,58,61,62,64,69" machi="26" ten="30,3900,0" yaku="1,1,7,1,54,1,53,0" doraHai="1" doraHaiUra="70" who="1" fromWho="0" sc="318,-42,230,52,250,0,192,0" /><INIT seed="1,0,0,0,1,47" ten="276,282,250,192" oya="1" hai0="62,128,5,123,27,55,116,69,2,35,121,32,54" hai1="6,1,39,56,22,76,70,23,97,90,72,107,130" hai2="12,3,115,49,111,85,14,108,45,48,86,19,112" hai3="83,58,126,110,117,132,73,91,21,25,11,99,120"/><U94/><E70/><V41/><F3/><W64/><G120/><N who="0" m="46155" /><D116/><U51/><E39/><V119/><F119/><W7/><G117/><T67/><D128/><U31/><E107/><V118/><F118/><W84/><G110/><N who="2" m="42025" /><F86/><W29/><G132/><T18/><D18/><U114/><E114/><N who="2" m="43563" /><F85/><W50/><G126/><T95/><D95/><U78/><E130/><V66/><F66/><W10/><G73/><T75/><D75/><U98/><E98/><V53/><F19/><W0/><G99/><T101/><D101/><U13/><E1/><V92/><F92/><W77/><G11/><N who="0" m="2487" /><D27/><N who="1" m="16887" /><E72/><V100/><F100/><W20/><G64/><T9/><D9/><N who="1" m="4279" /><E23/><V28/><F28/><W61/><G21/><T89/><D89/><U106/><E106/><V24/><F24/><W52/><REACH who="3" step="1"/><G91/><REACH who="3" ten="276,282,250,182" step="2"/><T34/><AGARI ba="0,1" hai="32,34,35,54,55,62,67,69" m="2487,46155" machi="34" ten="40,1500,0" yaku="13,1" doraHai="47" who="0" fromWho="0" sc="276,25,282,-7,250,-4,182,-4" /><INIT seed="2,0,0,5,4,85" ten="301,275,246,178" oya="2" hai0="48,67,89,126,6,69,68,100,134,10,7,128,78" hai1="38,33,108,94,87,8,119,129,0,97,93,95,21" hai2="18,22,4,82,70,55,54,99,133,43,40,88,80" hai3="109,131,41,19,135,47,73,124,81,44,49,132,122"/><V101/><F70/><W130/><G122/><T20/><D100/><U116/><E33/><V110/><F4/><W28/><G28/><T24/><D78/><U59/><E38/><V103/><F133/><N who="3" m="51275" /><G19/><T84/><D134/><U25/><E108/><V65/><F65/><W46/><G81/><N who="2" m="31337" /><F110/><W1/><G1/><T105/><D105/><U125/><E125/><V60/><F101/><W62/><G73/><T117/><D117/><U17/><E129/><N who="3" m="49162" /><G109/><T104/><D126/><U61/><E87/><V5/><F5/><W96/><G96/><T39/><D7/><N who="1" m="1127" /><E119/><V63/><F103/><W26/><G26/><T77/><D128/><U106/><E106/><V98/><F98/><W37/><G124/><T12/><D104/><U91/><E116/><V75/><F75/><W121/><G121/><T11/><D6/><U34/><E34/><V123/><F123/><W102/><G102/><T14/><D24/><U107/><E107/><V86/><F99/><W32/><G32/><T114/><D14/><U3/><E3/><V90/><F86/><W83/><G83/><T2/><D12/><U115/><E115/><V23/><F18/><W76/><G76/><T120/><D84/><U45/><E94/><V36/><F23/><W56/><G37/><T15/><D114/><U52/><E95/><V53/><F22/><W74/><G74/><T113/><D2/><U58/><E93/><V127/><F127/><W57/><G57/><T13/><D113/><U42/><E59/><V112/><F112/><W72/><G72/><T92/><D92/><N who="1" m="56479" /><E45/><N who="3" m="17514" /><G56/><T35/><D120/><U16/><E17/><RYUUKYOKU ba="0,0" sc="301,-15,275,15,246,-15,178,15" hai1="16,21,25,42,52,58,61" hai3="41,47,49,62" /><INIT seed="3,1,0,3,5,26" ten="286,290,231,193" oya="3" hai0="49,116,86,51,48,118,108,105,104,133,28,129,13" hai1="103,71,122,90,40,2,32,55,97,27,45,135,107" hai2="35,12,127,6,64,111,14,120,61,130,60,63,62" hai3="74,102,96,15,125,134,109,89,113,92,43,80,69"/><W123/><G69/><T25/><D13/><U39/><E122/><V42/><F127/><W94/><G43/><T70/><D70/><U41/><E135/><V0/><F111/><W110/><G15/><T128/><D108/><N who="3" m="41577" /><G123/><T30/><D86/><U88/><E2/><V29/><F130/><N who="0" m="50282" /><D133/><U98/><E41/><V93/><F120/><W36/><G36/><T114/><D114/><U18/><E55/><V7/><F42/><W101/><G134/><T58/><D25/><U50/><E39/><V83/><F12/><W11/><G11/><T95/><D95/><N who="3" m="36393" /><G113/><T59/><D59/><U85/><E98/><V82/><F14/><W79/><G125/><T8/><D8/><U56/><E56/><V20/><F0/><W16/><G16/><T31/><D58/><U46/><E71/><V19/><F19/><W72/><G72/><T37/><D37/><U44/><E18/><V17/><F17/><W54/><G54/><T1/><D1/><U73/><E73/><V131/><F131/><W22/><G22/><T121/><D121/><U3/><E3/><V100/><F20/><W10/><G10/><T52/><D52/><U34/><E34/><V115/><F115/><W119/><G119/><AGARI ba="1,0" hai="28,30,31,48,49,51,104,105,116,118,119" m="50282" machi="119" ten="40,12000,2" yaku="28,2,19,1,52,3" doraHai="26" who="0" fromWho="3" sc="286,123,290,0,231,0,193,-123" /><INIT seed="4,0,0,1,1,131" ten="409,290,231,70" oya="0" hai0="98,125,32,64,72,84,109,71,3,119,16,45,120" hai1="56,12,75,89,60,68,135,24,123,88,42,63,51" hai2="104,22,77,128,107,35,46,122,133,23,118,36,93" hai3="79,102,121,29,41,66,13,115,40,5,17,76,15"/><T21/><D32/><U78/><E123/><V134/><F122/><W11/><G121/><T52/><D120/><U127/><E127/><V20/><F35/><W129/><G129/><T7/><D72/><U101/><E68/><V14/><F128/><W6/><G115/><T81/><D119/><U69/><E69/><V132/><F118/><W54/><G66/><T26/><D125/><U91/><E101/><V34/><F34/><W87/><G102/><T86/><D109/><U37/><E37/><V90/><F77/><W44/><G29/><T39/><D71/><U31/><E135/><V9/><F46/><W103/><G103/><T92/><D64/><U4/><E78/><V10/><F36/><W114/><G114/><T70/><D70/><U80/><E80/><V111/><F111/><W113/><G113/><T65/><D65/><U99/><E75/><V38/><F38/><W117/><G117/><T43/><D52/><N who="1" m="31775" /><E99/><N who="2" m="57783" /><F9/><W33/><G33/><T85/><D7/><AGARI ba="0,0" hai="7,10,14,20,22,23,104,107,132,133,134" m="57783" machi="7" ten="40,8000,1" yaku="20,1,52,3" doraHai="131" who="2" fromWho="0" sc="409,-80,290,0,231,80,70,0" /><INIT seed="5,0,0,4,3,66" ten="329,290,311,70" oya="1" hai0="130,114,69,36,59,78,3,87,63,111,119,68,22" hai1="13,67,90,43,133,124,17,44,92,85,19,10,42" hai2="40,76,86,46,94,57,75,60,81,89,1,72,50" hai3="56,70,35,52,84,34,100,112,122,77,32,37,74"/><U88/><E133/><V95/><F1/><W109/><G109/><T29/><D36/><U6/><E124/><V33/><F33/><W110/><G110/><T71/><D119/><U14/><E67/><V83/><REACH who="2" step="1"/><F75/><REACH who="2" ten="329,290,301,70" step="2"/><W120/><G74/><T39/><D3/><U25/><E25/><V96/><F96/><W47/><G35/><T28/><D111/><U38/><E43/><V125/><F125/><W102/><G34/><T116/><D116/><U61/><E61/><V18/><F18/><W105/><G32/><T99/><D29/><U21/><E19/><V108/><F108/><W26/><G122/><T113/><D130/><U129/><REACH who="1" step="1"/><E90/><REACH who="1" ten="329,280,301,70" step="2"/><V65/><AGARI ba="0,2" hai="40,46,50,57,60,65,72,76,81,83,86,89,94,95" machi="65" ten="20,2700,0" yaku="1,1,0,1,7,1,53,0" doraHai="66" doraHaiUra="93" who="2" fromWho="2" sc="329,-7,280,-13,301,47,70,-7" /><INIT seed="6,0,0,1,5,102" ten="322,267,348,63" oya="2" hai0="94,110,122,72,56,36,75,63,33,132,19,107,51" hai1="41,52,22,21,24,10,95,8,11,91,43,15,67" hai2="77,92,134,89,133,118,69,27,119,93,116,60,96" hai3="129,64,61,62,83,37,130,57,31,54,7,120,106"/><V42/><F42/><N who="1" m="15881" /><E67/><V17/><F69/><W131/><G31/><T114/><D36/><U85/><E52/><V113/><F60/><W66/><G7/><T76/><D107/><U73/><E73/><V38/><F38/><W30/><G30/><T5/><D33/><U44/><E44/><V6/><F6/><W117/><G83/><T16/><D5/><N who="1" m="3471" /><E22/><V128/><F27/><W18/><G37/><T78/><D94/><U9/><E9/><V45/><F17/><AGARI ba="0,0" hai="10,11,17,21,24,85,91,95" m="3471,15881" machi="17" ten="30,1000,0" yaku="8,1" doraHai="102" who="1" fromWho="2" sc="322,0,267,10,348,-10,63,0" /><INIT seed="7,0,0,0,4,81" ten="322,277,338,63" oya="3" hai0="37,28,30,57,65,127,84,39,44,14,62,67,120" hai1="25,107,48,89,80,74,82,50,77,73,91,21,19" hai2="26,90,111,131,52,129,23,102,36,94,10,58,55" hai3="12,122,6,78,76,40,17,75,54,116,93,43,27"/><W126/><G122/><T70/><D120/><U35/><E35/><V117/><F36/><W87/><G116/><T115/><D115/><U5/><E5/><V47/><F102/><W124/><G54/><T119/><D119/><U98/><E98/><V118/><F111/><W56/><G56/><T88/><D127/><N who="3" m="48681" /><G6/><T103/><D103/><U100/><E100/><V71/><F71/><W112/><G27/><T132/><D132/><U41/><E41/><N who="3" m="15946" /><G75/><T7/><D39/><U106/><E106/><V1/><F52/><W72/><G72/><T29/><D37/><U64/><E64/><N who="0" m="24649" /><D70/><U105/><E105/><V86/><F47/><W95/><G112/><T45/><D57/><U53/><E53/><V15/><F118/><W32/><G32/><T109/><D109/><U38/><E38/><V63/><F117/><W61/><G61/><T85/><D62/><U33/><E33/><V42/><F42/><W110/><G110/><T9/><D84/><U34/><E34/><V49/><F63/><W96/><G87/><T104/><D104/><U51/><REACH who="1" step="1"/><E107/><REACH who="1" ten="322,267,338,63" step="2"/><V99/><F55/><W83/><G83/><AGARI ba="0,1" hai="7,9,14,28,29,30,44,45,83,85,88" m="24649" machi="83" ten="30,3900,0" yaku="8,1,52,1,54,1" doraHai="81" who="0" fromWho="3" sc="322,49,267,0,338,0,63,-39" owari="371,47.0,267,-13.0,338,14.0,24,-48.0" /></mjloggm>