<mjloggm ver="2.3"><GO type="97" lobby="0"/><UN n0="%E3%83%88%E3%83%88%E3%83%AA%E5%85%88%E7%94%9F%31%39%E6%AD%B3" n1="%E3%81%BE%E3%82%8B%E3%82%82%E3%81%A3%E3%81%A6%E3%81%83" n2="%67%75%70%70%79%39%38" n3="%4C%45%2D%E3%83%A9%E3%82%A4%E3%82%B2%E3%83%AB" dan="13,13,14,13" rate="2057.87,1909.91,1953.89,1831.81" sx="F,M,M,M"/><TAIKYOKU oya="0"/><INIT seed="0,0,0,5,5,135" ten="250,250,250,250" oya="0" hai0="79,24,46,114,116,40,7,17,19,93,35,29,62" hai1="12,96,10,109,75,1,113,25,80,18,72,11,129" hai2="125,78,60,49,52,32,53,39,128,107,14,132,103" hai3="82,67,91,37,59,134,123,120,20,15,77,42,27"/><T94/><D114/><U64/><E113/><V68/><F32/><W84/><G134/><T13/><D116/><U106/><E109/><V95/><F107/><W117/><G117/><T104/><D104/><U118/><E118/><V108/><F108/><W100/><G100/><T86/><D62/><U89/><E129/><V88/><F125/><W119/><G119/><T21/><D19/><U85/><E64/><V87/><F132/><W102/><G102/><T76/><D7/><U45/><E106/><V97/><F128/><W43/><G15/><T83/><REACH who="0" step="1"/><D79/><REACH who="0" ten="240,250,250,250" step="2"/><U110/><E18/><V51/><F78/><W131/><G131/><T28/><D28/><U90/><E110/><V4/><F60/><W30/><G77/><T22/><D22/><U92/><E75/><V81/><F68/><W47/><G123/><T58/><D58/><U5/><E72/><V33/><F33/><W105/><G120/><T36/><AGARI ba="0,1" hai="13,17,21,24,29,35,36,40,46,76,83,86,93,94" machi="36" ten="20,7800,0" yaku="1,1,0,1,7,1,53,1" doraHai="135" doraHaiUra="31" who="0" fromWho="0" sc="240,88,250,-26,250,-26,250,-26" /><INIT seed="0,1,0,3,0,50" ten="328,224,224,224" oya="0" hai0="76,3,120,78,11,111,14,56,114,109,105,38,116" hai1="25,89,122,85,84,71,82,101,63,8,81,18,92" hai2="98,86,132,117,31,79,61,104,1,72,44,39,22" hai3="133,55,19,64,34,49,0,42,100,77,35,94,134"/><T41/><D114/><U65/><E122/><V90/><F117/><W66/><G0/><T58/><D116/><U80/><E101/><V5/><F132/><N who="3" m="50795" /><G77/><N who="0" m="29803" /><D3/><U130/><E130/><V12/><F1/><W23/><G42/><T59/><D105/><U32/><E32/><N who="3" m="12330" /><G94/><T73/><D41/><U47/><E47/><V103/><F61/><W46/><G100/><T75/><D38/><U40/><E40/><V9/><F39/><W102/><G102/><T4/><D120/><U74/><E74/><V53/><F44/><W118/><G118/><T124/><D124/><U16/><E25/><AGARI ba="1,0" hai="19,23,25,46,49,55,64,66" m="12330,50795" machi="25" ten="30,2000,0" yaku="20,1,52,1" doraHai="50" who="3" fromWho="1" sc="328,0,224,-23,224,0,224,23" /><INIT seed="1,0,0,5,2,12" ten="328,201,224,247" oya="1" hai0="6,92,98,77,0,63,128,51,31,30,60,102,72" hai1="130,97,93,19,133,67,114,88,15,10,58,43,55" hai2="73,132,46,39,115,13,22,91,40,85,8,68,100" hai3="69,38,90,86,16,78,94,122,83,62,81,17,18"/><U104/><E114/><V101/><F115/><W89/><G38/><T33/><D128/><U76/><E104/><V121/><F121/><W1/><G1/><T54/><D72/><U117/><E117/><V120/><F120/><W4/><G122/><T37/><D37/><U129/><E133/><V5/><F73/><W118/><G118/><T107/><D77/><U52/><E76/><V64/><F132/><W36/><G36/><T56/><D0/><U23/><E43/><V103/><F68/><W3/><G3/><T50/><D6/><U42/><E42/><V41/><F41/><W45/><G45/><T79/><D79/><U26/><E67/><V59/><F22/><W35/><G35/><T20/><D33/><U21/><E21/><V34/><F34/><W71/><G4/><T109/><D109/><U61/><REACH who="1" step="1"/><E55/><REACH who="1" ten="328,191,224,247" step="2"/><V24/><F64/><W70/><G70/><T14/><D107/><U125/><E125/><V57/><REACH who="2" step="1"/><F24/><REACH who="2" ten="328,191,214,247" step="2"/><W108/><G108/><T44/><D20/><U124/><E124/><V126/><F126/><W87/><REACH who="3" step="1"/><G62/><REACH who="3" ten="328,191,214,237" step="2"/><T123/><D60/><U32/><E32/><V111/><F111/><W82/><G82/><AGARI ba="0,3" hai="5,8,13,39,40,46,57,59,82,85,91,100,101,103" machi="82" ten="40,2600,0" yaku="1,1,53,1" doraHai="12" doraHaiUra="80" who="2" fromWho="3" sc="328,0,191,0,214,56,237,-26" /><INIT seed="2,0,0,1,5,114" ten="328,191,270,211" oya="2" hai0="36,75,87,101,93,97,62,32,63,103,107,17,79" hai1="102,25,121,115,119,105,44,33,50,19,126,24,37" hai2="55,60,13,98,15,57,90,30,135,78,61,22,67" hai3="109,47,11,1,64,124,82,96,130,71,48,92,8"/><V43/><F135/><W80/><G130/><T76/><D36/><U27/><E115/><V85/><F43/><W100/><G124/><T69/><D32/><U94/><E105/><V128/><F128/><W129/><G129/><T29/><D29/><U72/><E37/><V131/><F131/><W46/><G1/><T106/><D17/><U12/><E126/><V51/><F78/><N who="0" m="29738" /><D63/><U123/><E72/><V16/><F98/><W3/><G3/><T52/><D52/><N who="1" m="29767" /><E33/><V54/><F30/><W45/><G48/><T10/><D62/><U21/><E94/><V59/><F13/><W2/><G2/><T111/><D10/><N who="3" m="3625" /><G64/><T7/><D7/><U91/><E91/><V122/><F122/><N who="1" m="46601" /><E102/><N who="0" m="38921" /><D69/><U42/><E42/><V110/><F110/><W117/><G71/><T53/><D53/><U83/><E83/><N who="3" m="31786" /><G109/><T108/><D75/><U74/><E74/><V26/><F51/><W65/><G65/><T73/><D73/><U4/><E4/><V41/><F41/><W35/><G35/><T89/><D111/><U5/><E5/><V14/><F67/><W31/><G31/><T112/><D112/><U49/><E49/><V86/><F90/><W6/><G6/><T127/><D127/><U0/><E0/><V88/><F86/><W70/><G70/><T125/><D125/><U116/><AGARI ba="0,0" hai="12,19,21,24,25,27,116,119" m="46601,29767" machi="116" ten="40,8000,1" yaku="13,1,52,2,54,1" doraHai="114" who="1" fromWho="1" sc="328,-20,191,80,270,-40,211,-20" /><INIT seed="3,0,0,2,0,2" ten="308,271,230,191" oya="3" hai0="107,109,113,55,121,44,13,67,127,38,25,64,51" hai1="7,133,123,85,125,11,101,73,135,84,108,104,118" hai2="114,122,91,86,56,47,66,70,97,126,41,37,9" hai3="112,111,19,120,29,1,88,14,4,105,100,0,102"/><W79/><G120/><T28/><D121/><U31/><E123/><V17/><F114/><W22/><G112/><T30/><D113/><U10/><E73/><V128/><F128/><W131/><G131/><T5/><D107/><U23/><E108/><V116/><F116/><W90/><G111/><T53/><D109/><U32/><E32/><V20/><F122/><W21/><G79/><T43/><D127/><U110/><E110/><V68/><F126/><W48/><G105/><T16/><D5/><U92/><E104/><V132/><F132/><W80/><G80/><T52/><D38/><U94/><E125/><V87/><F9/><N who="3" m="4391" /><G1/><T129/><D129/><U34/><E34/><V46/><F46/><W134/><G0/><T99/><D99/><U78/><E78/><V95/><F56/><W117/><G117/><T26/><D26/><U42/><E42/><V36/><F36/><W3/><G3/><T33/><D33/><U69/><E69/><V71/><REACH who="2" step="1"/><F66/><REACH who="2" ten="308,271,220,191" step="2"/><N who="0" m="25130" /><D25/><AGARI ba="0,1" hai="17,20,25,37,41,47,68,70,71,86,87,91,95,97" machi="25" ten="40,2600,0" yaku="1,1,53,1" doraHai="2" doraHaiUra="40" who="2" fromWho="0" sc="308,-26,271,0,220,36,191,0" /><INIT seed="4,0,0,4,3,49" ten="282,271,256,191" oya="0" hai0="29,4,110,117,80,17,60,126,85,118,95,13,135" hai1="22,91,16,7,45,123,83,106,31,20,2,56,66" hai2="96,43,124,103,70,84,40,18,89,33,102,87,65" hai3="8,23,101,26,74,119,53,39,130,72,108,128,94"/><T41/><D135/><U44/><E123/><V134/><F33/><W61/><G39/><T32/><D126/><U98/><E7/><V71/><F124/><W54/><G119/><T93/><D110/><U46/><E2/><V3/><F3/><W57/><G108/><T122/><D122/><U27/><E106/><V104/><F134/><W73/><G8/><T79/><D4/><U78/><E91/><V51/><F104/><W30/><REACH who="3" step="1"/><G54/><REACH who="3" ten="282,271,256,181" step="2"/><T11/><D11/><U100/><E66/><V55/><F65/><W67/><G67/><T9/><D117/><U88/><E45/><N who="2" m="28143" /><F70/><W92/><G92/><T14/><D95/><U114/><E46/><V90/><F71/><W42/><G42/><N who="2" m="15913" /><F96/><AGARI ba="0,1" hai="23,26,30,53,57,61,72,73,74,94,96,101,128,130" machi="96" ten="50,3200,0" yaku="1,1,52,1,53,0" doraHai="49" doraHaiUra="62" who="3" fromWho="2" sc="282,0,271,0,256,-32,181,42" /><INIT seed="5,0,0,4,0,100" ten="282,271,224,223" oya="1" hai0="65,6,113,1,116,68,17,16,44,46,121,21,63" hai1="132,29,109,35,38,96,77,59,22,67,40,73,111" hai2="129,14,58,8,45,2,76,126,52,53,20,64,0" hai3="82,78,92,79,31,131,108,26,15,117,13,25,41"/><U50/><E35/><V88/><F129/><W86/><G108/><N who="1" m="41546" /><E38/><V51/><F126/><W75/><G131/><T74/><D116/><U80/><E132/><V104/><F104/><W72/><G117/><T97/><D74/><U103/><E40/><V115/><F115/><W36/><G92/><T71/><D113/><U33/><E33/><V19/><F76/><W4/><G4/><T48/><D121/><U85/><E22/><V94/><F64/><W101/><G101/><T11/><D97/><U62/><E50/><V83/><F83/><W18/><G15/><T127/><D127/><U28/><E73/><V70/><F70/><W9/><G78/><T12/><D68/><U34/><E34/><V84/><REACH who="2" step="1"/><F8/><REACH who="2" ten="282,271,214,223" step="2"/><W110/><G110/><T56/><D71/><U27/><E27/><V122/><F122/><W95/><G26/><T90/><D11/><U107/><AGARI ba="0,1" hai="28,29,59,62,67,77,80,85,96,103,107" m="41546" machi="107" ten="30,3000,0" yaku="10,1,52,1" doraHai="100" who="1" fromWho="1" sc="282,-10,271,40,214,-10,223,-10" owari="272,7.0,311,42.0,204,-30.0,213,-19.0" /></mjloggm>