<mjloggm ver="2.3"><GO type="169" lobby="0"/><UN n0="%E3%83%97%E3%83%AD%E3%83%86%E3%82%A4%E3%83%B3%E5%BE%97%E7%9B%9B" n1="%E3%81%BE%E3%81%A4%E3%81%94%E3%82%8D" n2="%E3%81%84%E3%81%8F%E3%82%84%E3%81%BE%E2%98%86%E3%81%95%E3%82%80%E3%81%8A" n3="%E5%B0%B1%E6%B4%BB%E7%94%9F%40%E5%B7%9D%E6%9D%91%E8%BB%8D%E5%9B%A3" dan="17,16,16,16" rate="2105.47,2036.27,2066.03,2117.73" sx="M,M,M,M"/><TAIKYOKU oya="0"/><INIT seed="0,0,0,2,2,68" ten="250,250,250,250" oya="0" hai0="110,51,84,26,122,22,115,119,37,127,65,58,35" hai1="86,9,83,72,94,104,78,88,15,63,28,17,107" hai2="76,134,30,71,79,55,131,120,67,77,123,1,31" hai3="18,80,11,124,113,39,93,34,44,4,19,82,74"/><T13/><D122/><U62/><REACH who="1" step="1"/><E28/><REACH who="1" ten="250,240,250,250" step="2"/><V49/><F30/><W102/><G113/><T70/><D115/><U101/><E101/><V16/><F31/><W98/><G124/><T132/><D127/><U92/><E92/><V42/><F120/><W95/><G95/><T7/><D119/><U60/><AGARI ba="0,1" hai="9,15,17,60,62,63,72,78,83,86,88,94,104,107" machi="60" ten="30,7900,0" yaku="21,2,0,1,54,1,53,0" doraHai="68" doraHaiUra="36" who="1" fromWho="1" sc="250,-39,240,89,250,-20,250,-20" /><INIT seed="1,0,0,3,4,89" ten="211,329,230,230" oya="1" hai0="100,58,5,119,68,44,101,9,73,70,121,15,32" hai1="85,1,91,25,107,134,23,63,40,39,34,97,35" hai2="129,18,110,92,43,124,82,48,46,84,45,33,90" hai3="86,83,61,115,2,118,69,47,87,77,24,3,11"/><U114/><E114/><V95/><F110/><W131/><G115/><T67/><D73/><U133/><E1/><V106/><F106/><W53/><G131/><T109/><D32/><U71/><E40/><V55/><F124/><W99/><G118/><T50/><D121/><U36/><E35/><V105/><F105/><W94/><G69/><T79/><D79/><U130/><E34/><V22/><F129/><W6/><G24/><T54/><D109/><U14/><E14/><V62/><F33/><W112/><G112/><T103/><REACH who="0" step="1"/><D119/><REACH who="0" ten="201,329,230,230" step="2"/><U81/><E130/><V80/><F80/><W8/><G3/><T75/><D75/><U41/><E134/><V4/><F4/><W111/><G6/><T72/><D72/><U93/><E133/><V16/><F62/><AGARI ba="0,1" hai="5,9,15,44,50,54,58,62,67,68,70,100,101,103" machi="62" ten="40,2600,0" yaku="1,1,53,1" doraHai="89" doraHaiUra="57" who="0" fromWho="2" sc="201,36,329,0,230,-26,230,0" /><INIT seed="2,0,0,2,1,117" ten="237,329,204,230" oya="2" hai0="55,44,131,127,47,19,56,118,110,49,36,23,134" hai1="54,84,12,48,4,3,100,68,38,39,65,18,132" hai2="11,105,99,111,27,73,43,2,86,14,70,124,135" hai3="121,95,15,25,94,37,13,93,133,7,109,0,120"/><V98/><F73/><W90/><G37/><T125/><D118/><U69/><E132/><V26/><F70/><W40/><G40/><T113/><D113/><U1/><E69/><V57/><F2/><W31/><G133/><T88/><D134/><U17/><E3/><V76/><F135/><W41/><G41/><T34/><D34/><U101/><E1/><V114/><F114/><W45/><G45/><T75/><D75/><U123/><E123/><V129/><F129/><W107/><G107/><T83/><D131/><U33/><E33/><V32/><F124/><N who="0" m="47690" /><D36/><U28/><E28/><V46/><F32/><W85/><G109/><T104/><D104/><U9/><E39/><V108/><F76/><W21/><G0/><T71/><D110/><N who="2" m="42026" /><F57/><W63/><G63/><T78/><D78/><U50/><E38/><N who="2" m="21879" /><F86/><W58/><G58/><T92/><D83/><U5/><E84/><V79/><F79/><W16/><G7/><T62/><D62/><U52/><E5/><N who="2" m="3439" /><F105/><W20/><REACH who="3" step="1"/><G13/><REACH who="3" ten="237,329,204,220" step="2"/><N who="0" m="9711" /><D71/><U72/><E68/><V116/><F116/><W91/><G91/><T87/><AGARI ba="0,1" hai="44,47,49,55,56,87,88,92" m="9711,47690" machi="87" ten="30,4000,0" yaku="25,1,18,1,54,1" doraHai="117" who="0" fromWho="0" sc="237,50,329,-10,204,-20,220,-10" /><INIT seed="3,0,0,3,0,33" ten="287,319,184,210" oya="3" hai0="80,2,7,120,17,102,124,72,12,132,103,68,126" hai1="40,89,91,23,67,87,8,122,65,31,59,127,109" hai2="116,13,39,42,0,100,57,44,41,9,28,135,54" hai3="66,55,6,27,4,51,99,24,119,76,19,53,36"/><W90/><G36/><T83/><D68/><U81/><E109/><V3/><F116/><W121/><G121/><T105/><D120/><U10/><E127/><N who="0" m="48681" /><D132/><U15/><E40/><V43/><F135/><W118/><G76/><N who="0" m="44039" /><D105/><U74/><E74/><V56/><F28/><W14/><G66/><T45/><D83/><U93/><E122/><V85/><F100/><W130/><G130/><T22/><D45/><U52/><E10/><AGARI ba="0,0" hai="2,7,10,12,17,22,102,103" m="44039,48681" machi="10" ten="30,2000,0" yaku="18,1,52,1" doraHai="33" who="0" fromWho="1" sc="287,20,319,-20,184,0,210,0" /><INIT seed="4,0,0,3,4,26" ten="307,299,184,210" oya="0" hai0="127,116,86,18,66,41,110,71,50,80,25,32,52" hai1="93,64,133,31,73,63,108,65,30,22,96,88,10" hai2="53,56,122,35,59,81,123,113,107,3,99,77,134" hai3="109,115,87,67,102,121,124,23,62,129,2,114,118"/><T82/><D116/><U39/><E108/><V98/><F113/><W78/><G2/><T95/><D110/><U74/><E39/><V7/><F134/><W28/><G109/><T42/><D127/><U92/><E133/><V44/><F35/><W20/><G118/><T104/><D104/><U8/><E73/><V111/><F111/><W6/><G6/><T60/><D95/><U91/><E74/><V4/><F44/><W75/><G75/><T128/><D128/><U21/><E63/><V68/><F3/><W47/><G102/><T51/><D51/><U45/><E45/><V135/><F135/><W14/><G129/><T83/><D86/><U79/><E79/><V11/><F11/><W12/><G47/><T90/><D90/><U84/><E84/><V15/><F15/><W1/><G1/><T131/><D131/><U103/><E103/><V97/><F107/><W13/><G124/><T106/><D106/><U117/><E117/><V126/><F126/><W101/><G101/><T100/><D100/><U33/><E33/><V0/><F0/><W72/><G72/><T27/><D27/><U69/><E69/><V76/><F81/><N who="3" m="47543" /><G121/><N who="2" m="46089" /><F53/><W57/><G28/><T17/><D17/><U9/><E9/><V34/><F34/><W94/><G94/><T89/><D89/><U36/><E36/><V54/><F54/><W37/><G37/><T132/><D132/><U29/><E29/><V38/><F38/><W112/><AGARI ba="0,0" hai="12,13,14,20,23,57,62,67,112,114,115" m="47543" machi="112" ten="40,1500,0" yaku="15,1" doraHai="26" who="3" fromWho="3" sc="307,-7,299,-4,184,-4,210,15" /><INIT seed="5,0,0,5,3,131" ten="300,295,180,225" oya="1" hai0="24,28,43,81,14,79,100,101,78,55,73,80,20" hai1="90,47,6,95,130,17,48,104,113,76,93,57,122" hai2="67,117,27,89,4,61,59,108,134,10,86,53,115" hai3="114,63,68,0,21,37,127,87,119,133,109,54,34"/><U30/><E122/><V32/><F108/><W8/><RYUUKYOKU type="yao9" ba="0,0" sc="300,0,295,0,180,0,225,0" hai3="0,8,21,34,37,54,63,68,87,109,114,119,127,133" /><INIT seed="5,1,0,5,1,42" ten="300,295,180,225" oya="1" hai0="50,104,78,8,85,120,44,14,71,56,64,101,93" hai1="95,45,107,115,41,28,90,37,67,1,46,32,105" hai2="130,102,103,132,83,54,29,68,133,26,112,48,89" hai3="65,6,39,125,61,4,35,59,27,106,77,63,21"/><U22/><E115/><V84/><F130/><W57/><G35/><T2/><D2/><U18/><E1/><V31/><F68/><W33/><G33/><T86/><D71/><U98/><E67/><V30/><F26/><W36/><G106/><T108/><D104/><U17/><E32/><V51/><F112/><W79/><G125/><T62/><D108/><U82/><E107/><V87/><F87/><W19/><G39/><T10/><D120/><U24/><E105/><V38/><F38/><W58/><G36/><T15/><D15/><U11/><E11/><V76/><F76/><N who="3" m="29259" /><G59/><T128/><D128/><U3/><E3/><V40/><F40/><W16/><G19/><N who="1" m="7178" /><E41/><V122/><F122/><W70/><G70/><T49/><D49/><U72/><E37/><V116/><F116/><W66/><AGARI ba="1,0" hai="4,6,16,21,27,57,58,61,63,65,66" m="29259" machi="66" ten="30,2000,0" yaku="8,1,54,1" doraHai="42" who="3" fromWho="3" sc="300,-6,295,-11,180,-6,225,23" /><INIT seed="6,0,0,1,4,66" ten="294,284,174,248" oya="2" hai0="59,100,49,97,9,13,27,113,86,44,65,79,7" hai1="108,17,115,19,74,106,102,29,43,64,24,105,60" hai2="83,76,93,114,34,2,92,22,57,35,127,23,121" hai3="98,94,14,51,89,116,82,18,5,68,126,11,54"/><V73/><F114/><W109/><G116/><T71/><D71/><U41/><E115/><V55/><F121/><W50/><G109/><T21/><D113/><U95/><E108/><V4/><F4/><W78/><G126/><T45/><D79/><U125/><E74/><V80/><F2/><W20/><G68/><T36/><D36/><U112/><E125/><V28/><F127/><W1/><REACH who="3" step="1"/><G54/><REACH who="3" ten="294,284,174,238" step="2"/><N who="0" m="32207" /><D65/><U38/><E112/><V120/><F120/><W110/><G110/><T119/><D119/><U104/><E38/><V118/><F118/><W67/><G67/><T134/><D134/><U32/><E43/><V39/><F39/><W8/><G8/><T133/><D133/><U46/><E41/><V101/><F35/><W12/><G12/><T42/><D42/><U52/><E46/><V48/><F34/><W53/><G53/><T37/><D37/><U25/><E52/><V15/><F15/><W56/><G56/><T62/><D45/><U77/><E25/><V122/><F122/><W132/><G132/><T85/><D44/><U117/><E117/><V91/><F28/><W99/><G99/><T130/><D97/><U31/><E32/><V84/><REACH who="2" step="1"/><F101/><REACH who="2" ten="294,284,164,238" step="2"/><W47/><G47/><T3/><D100/><U107/><E24/><V69/><F69/><W75/><AGARI ba="0,2" hai="1,5,11,14,18,20,50,51,75,78,82,89,94,98" machi="75" ten="20,2700,0" yaku="1,1,0,1,7,1,53,0" doraHai="66" doraHaiUra="26" who="3" fromWho="3" sc="294,-7,284,-7,164,-13,238,47" /><INIT seed="7,0,0,0,4,45" ten="287,277,151,285" oya="3" hai0="125,42,101,52,16,9,116,59,102,134,33,41,32" hai1="124,98,21,15,129,29,106,39,84,74,27,61,90" hai2="108,109,57,54,6,91,81,40,62,46,132,73,2" hai3="89,14,53,4,92,18,114,78,24,49,88,104,0"/><W19/><G104/><T56/><D125/><U43/><E74/><V103/><F103/><N who="0" m="39434" /><D134/><U58/><E129/><V37/><F132/><W55/><G114/><T7/><D116/><U119/><E124/><V60/><F60/><W63/><G0/><T127/><D127/><U50/><E39/><V100/><F100/><W35/><G78/><T31/><D31/><U115/><E115/><V128/><F128/><W72/><G72/><T86/><D7/><U99/><E106/><V47/><F47/><N who="3" m="27839" /><G35/><T67/><D33/><U130/><E15/><V38/><F38/><W131/><G131/><T30/><D30/><U51/><E43/><V17/><F17/><N who="3" m="6155" /><G24/><T135/><D32/><U113/><E113/><V83/><F91/><W76/><G76/><T133/><D133/><U68/><E68/><V28/><F28/><W10/><G92/><T20/><D9/><U126/><E119/><V120/><F120/><W107/><G107/><T95/><D135/><U13/><E13/><V80/><REACH who="2" step="1"/><F73/><REACH who="2" ten="287,277,141,285" step="2"/><W121/><G121/><T79/><D79/><U36/><E36/><V23/><F23/><W118/><G118/><T111/><D16/><U122/><E122/><V117/><F117/><W12/><G12/><T77/><D20/><U34/><E34/><V25/><F25/><W123/><G123/><T82/><D77/><U64/><E130/><V26/><F26/><W66/><G66/><T1/><D1/><U65/><E65/><V70/><F70/><W75/><G75/><T5/><D5/><U85/><E126/><V71/><F71/><W87/><G87/><N who="1" m="33354" /><E90/><N who="3" m="34922" /><G63/><N who="0" m="38399" /><D86/><U105/><E105/><RYUUKYOKU ba="0,1" sc="287,-30,277,10,141,10,285,10" hai1="21,27,29,50,51,58,61,64,98,99" hai2="2,6,37,40,46,54,57,62,80,81,83,108,109" hai3="4,10,14,55" /><INIT seed="7,1,1,4,3,88" ten="257,287,151,295" oya="3" hai0="82,103,126,71,36,15,66,111,83,11,84,33,114" hai1="26,125,39,132,91,112,10,2,8,94,9,90,32" hai2="69,76,4,44,75,16,124,122,107,95,135,87,68" hai3="35,92,37,27,63,22,119,79,93,51,96,59,17"/><W43/><G119/><T20/><D33/><U23/><E39/><V58/><F107/><W78/><G37/><T97/><D36/><U7/><E112/><V104/><F104/><W53/><G35/><T18/><D114/><U101/><E132/><V134/><F4/><W106/><G106/><T56/><D71/><U21/><E125/><V12/><F124/><W13/><G13/><T113/><D113/><U34/><E2/><V74/><F44/><N who="3" m="26015" /><G92/><T70/><D70/><N who="2" m="27242" /><F58/><W40/><G40/><T102/><D126/><U47/><E7/><V50/><F50/><W77/><G79/><T120/><D111/><U49/><E34/><V57/><F57/><W0/><G0/><T130/><D130/><U65/><E32/><V67/><F67/><W38/><G38/><T3/><D120/><U86/><E65/><V24/><F24/><W115/><G115/><T121/><D121/><U55/><E101/><AGARI ba="1,1" hai="17,22,27,53,59,63,77,78,93,96,101" m="26015" machi="101" ten="30,2900,0" yaku="8,1,52,1" doraHai="88" who="3" fromWho="1" sc="257,0,287,-32,151,0,295,42" owari="257,6.0,255,-14.0,151,-35.0,337,43.0" /></mjloggm>