<mjloggm ver="2.3"><GO type="97" lobby="0"/><UN n0="%E5%B0%B1%E6%B4%BB%E7%94%9F%40%E5%B7%9D%E6%9D%91%E8%BB%8D%E5%9B%A3" n1="%E9%A6%99%E5%85%B7%E5%B8%AB" n2="%67%6C%69%65%73%65%35%35" n3="%74%69%2D%68%6F%2D" dan="15,15,13,15" rate="2012.93,1988.66,1821.02,2024.78" sx="M,M,M,M"/><TAIKYOKU oya="0"/><INIT seed="0,0,0,3,2,14" ten="250,250,250,250" oya="0" hai0="90,9,2,71,17,75,22,96,114,106,10,18,13" hai1="24,73,36,27,79,16,63,53,49,88,134,132,30" hai2="48,94,102,47,105,133,113,100,29,38,44,85,1" hai3="116,125,82,51,117,25,121,46,72,7,92,127,115"/><T119/><D71/><U110/><E36/><V45/><F113/><W3/><G3/><T31/><D75/><U135/><E110/><V15/><F1/><W60/><G7/><T103/><D114/><U84/><E63/><V91/><F133/><W6/><G6/><T83/><D119/><U76/><E73/><V4/><F38/><W33/><G115/><T98/><D31/><U11/><E27/><V40/><F29/><N who="3" m="19631" /><G60/><T5/><D98/><U21/><E30/><V59/><F105/><W41/><G92/><T112/><D112/><U93/><E11/><V58/><F40/><W61/><G61/><T20/><REACH who="0" step="1"/><D17/><REACH who="0" ten="240,250,250,250" step="2"/><U54/><REACH who="1" step="1"/><E53/><REACH who="1" ten="240,240,250,250" step="2"/><N who="2" m="32039" /><F59/><AGARI ba="0,2" hai="16,21,24,49,54,59,76,79,84,88,93,132,134,135" machi="59" ten="40,16000,3" yaku="1,1,20,1,52,1,54,2,53,3" doraHai="14" doraHaiUra="128" who="1" fromWho="2" sc="240,0,240,180,250,-160,250,0" /><INIT seed="1,0,0,4,4,38" ten="240,420,90,250" oya="1" hai0="18,12,35,119,113,126,34,133,10,97,45,29,128" hai1="25,117,70,73,15,5,47,125,84,69,13,131,6" hai2="121,58,106,104,57,59,56,11,14,43,83,64,63" hai3="42,120,101,71,4,23,40,89,90,118,17,20,75"/><U21/><E73/><V94/><N who="2" m="14848" /><DORA hai="33" /><V60/><F121/><W115/><G71/><T88/><D119/><U87/><E47/><V103/><F83/><W52/><G75/><T92/><D113/><U24/><E21/><V27/><F27/><W32/><G32/><T72/><D72/><U127/><REACH who="1" step="1"/><E131/><REACH who="1" ten="240,410,90,250" step="2"/><V112/><F112/><W74/><G74/><T129/><D129/><U44/><E44/><V22/><F22/><W51/><G120/><T76/><D45/><U68/><E68/><V123/><F123/><W132/><G118/><AGARI ba="0,1" hai="5,6,13,15,24,25,69,70,84,87,117,118,125,127" machi="118" ten="25,12000,1" yaku="1,1,22,2,53,2" doraHai="38,33" doraHaiUra="110,135" who="1" fromWho="3" sc="240,0,410,130,90,0,250,-120" /><INIT seed="1,1,0,4,3,100" ten="240,540,90,130" oya="1" hai0="43,11,19,34,8,80,23,79,122,54,57,47,21" hai1="108,46,38,120,41,72,92,35,36,67,113,18,22" hai2="83,15,65,130,94,16,135,81,48,45,91,60,32" hai3="129,56,7,59,5,4,134,64,29,25,40,0,84"/><U125/><E35/><V68/><F135/><W88/><G0/><T12/><D34/><U86/><E72/><V44/><F130/><W133/><G40/><T14/><D122/><U30/><E30/><V96/><F32/><W132/><G129/><T78/><D47/><U98/><E67/><V1/><F1/><W109/><G64/><T52/><D43/><U82/><E120/><V3/><F3/><W27/><G29/><T111/><D111/><U110/><E113/><V128/><F128/><W6/><N who="3" m="1536" /><DORA hai="2" /><W53/><G109/><N who="1" m="42090" /><E125/><V121/><F121/><W13/><G13/><T28/><D28/><U123/><E123/><V112/><F112/><W75/><G75/><T49/><D54/><U115/><E115/><V10/><REACH who="2" step="1"/><F45/><REACH who="2" ten="240,540,80,130" step="2"/><W42/><G42/><AGARI ba="1,1" hai="10,15,16,42,44,48,60,65,68,81,83,91,94,96" machi="42" ten="30,8000,1" yaku="1,1,2,1,7,1,54,1,53,1" doraHai="100,2" doraHaiUra="61,74" who="2" fromWho="3" sc="240,0,540,0,80,93,130,-83" /><INIT seed="2,0,0,5,5,71" ten="240,540,173,47" oya="2" hai0="35,115,114,86,121,75,39,59,27,17,82,93,62" hai1="13,55,120,48,23,110,89,10,1,12,52,113,16" hai2="103,18,94,102,132,45,130,36,68,73,28,79,111" hai3="99,118,9,22,6,96,30,57,108,88,78,32,7"/><V125/><F68/><W14/><G32/><T31/><D39/><U127/><E113/><V33/><F125/><W5/><G118/><T87/><D121/><U135/><E127/><V134/><F130/><W100/><G108/><T74/><D93/><U58/><E135/><V72/><F111/><W81/><G100/><T42/><D42/><U104/><E104/><V105/><F94/><W49/><G30/><T117/><D117/><U61/><E120/><V65/><F18/><W112/><G22/><T128/><D128/><U124/><E124/><V92/><F92/><W133/><G133/><N who="2" m="51305" /><F102/><W107/><G107/><T25/><D86/><U90/><E110/><V70/><F79/><W24/><G24/><T0/><D0/><U109/><E1/><V122/><F122/><W91/><G112/><T43/><D75/><N who="2" m="28746" /><F65/><W116/><G116/><T15/><D74/><U34/><E34/><V129/><F70/><W2/><G2/><T85/><D85/><U29/><E109/><V47/><F129/><W80/><G78/><T44/><D25/><N who="1" m="16575" /><E13/><V64/><F64/><W26/><G26/><T11/><D82/><N who="3" m="31849" /><G14/><T126/><D87/><U131/><E131/><V41/><F28/><W76/><G9/><T67/><D126/><U53/><E53/><V106/><F33/><W119/><G76/><T38/><AGARI ba="0,0" hai="11,15,17,27,31,35,38,43,44,59,62,67,114,115" machi="38" ten="20,2700,0" yaku="0,1,7,1,52,1" doraHai="71" who="0" fromWho="0" sc="240,27,540,-7,173,-13,47,-7" /><INIT seed="3,0,0,5,1,78" ten="267,533,160,40" oya="3" hai0="135,99,82,57,36,71,69,64,97,93,132,118,11" hai1="20,126,90,125,13,15,112,133,62,28,18,89,111" hai2="9,108,51,103,46,14,16,45,30,113,124,75,114" hai3="0,17,48,67,107,35,105,25,115,122,120,2,33"/><W91/><G48/><T54/><D36/><U56/><E112/><V34/><F75/><W61/><G17/><T40/><D40/><U5/><E111/><V31/><F108/><W101/><G91/><T74/><D64/><U3/><E133/><N who="0" m="51273" /><D11/><U83/><E3/><N who="3" m="1066" /><G115/><T85/><D74/><U23/><E5/><V53/><F113/><W22/><G22/><T65/><D65/><U44/><E44/><V87/><F114/><W131/><G131/><T130/><D130/><U80/><E90/><V128/><F128/><W79/><G79/><N who="0" m="46303" /><D118/><U21/><E89/><V98/><F45/><W63/><G25/><T6/><D6/><U38/><E38/><V96/><F34/><N who="3" m="12811" /><G101/><N who="0" m="60591" /><D99/><U84/><E84/><V42/><F46/><W95/><G95/><T109/><D109/><U47/><E47/><V77/><F51/><AGARI ba="0,0" hai="51,54,57,69,71" m="60591,46303,51273" machi="51" ten="30,2000,0" yaku="20,1,52,1" doraHai="78" who="0" fromWho="2" sc="267,20,533,0,160,-20,40,0" owari="287,9.0,533,63.0,140,-26.0,40,-46.0" /></mjloggm>