<mjloggm ver="2.3"><GO type="193" lobby="0"/><UN n0="%E3%83%88%E3%83%88%E3%83%AA%E5%85%88%E7%94%9F%31%39%E6%AD%B3" n1="%32%70%73%79%63%68%6F" n2="%E3%83%90%E3%83%BC%E3%83%90%E3%83%AA%E3%82%A2%E3%83%B3%E4%BA%8C%E5%8F%B7" n3="%77%61%63%6B%75%6E" dan="10,11,12,15" rate="1817.16,1686.46,1819.86,1875.36" sx="F,M,M,M"/><TAIKYOKU oya="0"/><INIT seed="0,0,0,0,3,69" ten="250,250,250,250" oya="0" hai0="22,91,83,76,33,11,103,3,21,131,73,89,53" hai1="66,32,26,70,10,51,121,43,74,92,1,61,104" hai2="31,75,42,41,59,46,2,133,64,30,39,12,13" hai3="122,24,65,49,134,68,117,82,36,44,78,15,9"/><T17/><D33/><U94/><E74/><V18/><F2/><W93/><G117/><T102/><D131/><U109/><E121/><V88/><F75/><W80/><G134/><T14/><D22/><U119/><E119/><V135/><F13/><W100/><G122/><T40/><D40/><U113/><E10/><V123/><F123/><W116/><G116/><T60/><D60/><U29/><E1/><V38/><F64/><W54/><G24/><T99/><D53/><U87/><E87/><V62/><F88/><W79/><G65/><T115/><D115/><U63/><E63/><V96/><F96/><N who="3" m="59407" /><G36/><N who="2" m="13865" /><F59/><W101/><G68/><T128/><D128/><U105/><E113/><V45/><F62/><W132/><G101/><T114/><D102/><U86/><E86/><V34/><F34/><W37/><G37/><T130/><D114/><U4/><E4/><V35/><F35/><W95/><G95/><T25/><D3/><U28/><E28/><N who="2" m="10795" /><F18/><N who="3" m="8559" /><G132/><N who="2" m="50761" /><F12/><W111/><G111/><T97/><D130/><U57/><E109/><V72/><F72/><W120/><G120/><T126/><D97/><U16/><E94/><V106/><F106/><W47/><G47/><AGARI ba="0,0" hai="41,42,45,46,47" m="50761,10795,13865" machi="47" ten="40,12000,2" yaku="28,2,20,1,52,3" doraHai="69" who="2" fromWho="3" sc="250,0,250,0,250,120,250,-120" /><INIT seed="1,0,0,2,1,45" ten="250,250,370,130" oya="1" hai0="46,103,10,24,130,64,126,121,125,36,92,18,98" hai1="120,134,21,115,19,73,65,33,59,85,58,4,89" hai2="119,15,56,84,44,93,54,31,88,70,5,28,17" hai3="51,95,81,133,108,71,83,43,72,14,38,0,1"/><U77/><E33/><V131/><F70/><W61/><G108/><T41/><D130/><U42/><E4/><V12/><F119/><W113/><G113/><T100/><D121/><U27/><E120/><V2/><F2/><W111/><G111/><T79/><D79/><U16/><E115/><V87/><F131/><W35/><G35/><T32/><D64/><U52/><E42/><V29/><F44/><W132/><G38/><T99/><D10/><U86/><E73/><V67/><F67/><W47/><G95/><T13/><D13/><N who="2" m="5194" /><F17/><W96/><G96/><T57/><D57/><U11/><E11/><V40/><F40/><W9/><G61/><T82/><D82/><N who="1" m="47311" /><E134/><N who="3" m="51818" /><G71/><T62/><D62/><U6/><E6/><V110/><F110/><W101/><G101/><T91/><D100/><U109/><E65/><V135/><F5/><N who="3" m="3375" /><G72/><T90/><D103/><U112/><E59/><V34/><F34/><W80/><AGARI ba="0,0" hai="0,1,43,47,51,80,81,83" m="3375,51818" machi="80" ten="30,2000,0" yaku="20,1,52,1" doraHai="45" who="3" fromWho="3" sc="250,-5,250,-10,370,-5,130,20" /><INIT seed="2,0,0,4,4,128" ten="245,240,365,150" oya="2" hai0="124,54,95,123,9,31,45,126,32,18,12,91,80" hai1="29,1,69,132,79,28,40,111,15,90,43,98,102" hai2="36,104,129,22,134,131,108,24,34,96,10,8,42" hai3="106,103,50,121,115,88,83,14,49,110,47,101,68"/><V3/><F36/><W77/><G121/><T92/><D123/><U86/><E69/><V109/><F42/><W27/><G68/><T58/><D45/><U33/><E1/><V67/><F67/><W37/><G110/><N who="2" m="42601" /><F34/><W0/><G0/><T84/><D31/><U93/><E111/><V85/><F85/><W135/><G135/><T133/><D32/><U48/><E15/><V55/><F134/><W35/><G115/><T17/><D17/><U11/><E11/><V20/><F55/><W52/><G37/><T44/><D44/><U5/><E5/><N who="2" m="1087" /><F96/><W74/><G50/><T38/><D38/><U46/><E33/><V30/><F104/><W62/><G106/><T73/><D133/><U64/><E64/><V122/><F122/><W72/><G72/><T6/><D6/><U61/><E132/><V94/><F94/><W87/><G14/><T63/><REACH who="0" step="1"/><D73/><REACH who="0" ten="235,240,365,150" step="2"/><U13/><E40/><V130/><F22/><W76/><G62/><T78/><D78/><U56/><E79/><V105/><F10/><W117/><G77/><T97/><D97/><U119/><E61/><V57/><F131/><W39/><G39/><T107/><D107/><U114/><E28/><V19/><F105/><W71/><G117/><T16/><D16/><U118/><E29/><V125/><F129/><W53/><G35/><T2/><D2/><U127/><E118/><V89/><F130/><W112/><G112/><T59/><D59/><U26/><E114/><V100/><F57/><W116/><G116/><T21/><D21/><U41/><E56/><V60/><F20/><W99/><G99/><RYUUKYOKU ba="0,1" sc="235,30,240,-10,365,-10,150,-10" hai0="9,12,18,54,58,63,80,84,91,92,95,124,126" /><INIT seed="3,1,1,1,4,68" ten="265,230,355,140" oya="3" hai0="69,122,61,126,134,93,112,33,133,83,127,96,30" hai1="113,9,117,118,131,119,121,56,116,101,45,47,74" hai2="34,109,111,13,48,95,38,8,59,28,26,4,12" hai3="84,44,37,43,20,35,89,19,18,64,115,87,97"/><W120/><G120/><T128/><D122/><U135/><E121/><V41/><F38/><W76/><G115/><T15/><D112/><U81/><E113/><V39/><F39/><W85/><G35/><T73/><D15/><U94/><E131/><V60/><F95/><W92/><G64/><N who="0" m="41103" /><D83/><U40/><E135/><N who="0" m="51721" /><D73/><U57/><E9/><V86/><F86/><W123/><G123/><T90/><D128/><U54/><E81/><V50/><F41/><W16/><REACH who="3" step="1"/><G76/><REACH who="3" ten="265,230,355,130" step="2"/><T6/><D6/><U100/><E116/><V102/><F102/><W79/><G79/><T63/><D33/><U99/><E101/><V98/><F34/><W1/><G1/><T25/><D127/><U3/><E3/><V78/><F78/><W105/><G105/><T17/><D126/><U24/><E74/><V132/><F4/><W2/><G2/><T129/><D129/><U104/><E104/><V70/><F132/><W23/><AGARI ba="1,2" hai="16,18,19,20,23,37,43,44,84,85,87,89,92,97" machi="23" ten="40,12000,1" yaku="1,1,0,1,52,1,54,1,53,1" doraHai="68" doraHaiUra="42" who="3" fromWho="3" sc="265,-41,230,-41,355,-41,130,143" /><INIT seed="3,2,0,3,5,41" ten="224,189,314,273" oya="3" hai0="104,130,42,123,14,113,81,36,94,38,133,25,74" hai1="89,53,18,106,135,30,43,13,95,6,92,59,121" hai2="63,126,71,112,52,50,1,127,61,45,48,26,62" hai3="98,86,10,3,75,134,109,51,100,77,17,124,29"/><W68/><G68/><T128/><D104/><U96/><E121/><V32/><F1/><W37/><G37/><T119/><D123/><U110/><E110/><V24/><F112/><W64/><G64/><T55/><D119/><U60/><E6/><V19/><F32/><W84/><G124/><N who="2" m="47657" /><F71/><W117/><G134/><T82/><D133/><U114/><E114/><V22/><F48/><W116/><G29/><T69/><D69/><U132/><E106/><V39/><F39/><W72/><G51/><T15/><D25/><AGARI ba="2,0" hai="19,22,24,25,26,45,50,52,61,62,63" m="47657" machi="25" ten="30,3900,0" yaku="18,1,52,1,54,1" doraHai="41" who="2" fromWho="0" sc="224,-45,189,0,314,45,273,0" owari="179,-32.0,189,-21.0,359,46.0,273,7.0" /></mjloggm>