<mjloggm ver="2.3"><GO type="97" lobby="0"/><UN n0="%E3%83%88%E3%83%88%E3%83%AA%E5%85%88%E7%94%9F%31%39%E6%AD%B3" n1="%E3%82%80%E3%81%93%E3%81%86%E3%81%8C%E3%82%8F" n2="%E3%83%81%E3%83%BC%EF%BC%81%E3%82%84%E3%81%A3%E3%81%B1%E3%83%AD%E3%83%B3" n3="%E5%8D%97%E6%B3%A2%E3%83%A0%E3%83%83%E3%82%BF" dan="13,13,15,14" rate="2034.33,1917.97,1929.19,1959.34" sx="F,M,M,F"/><TAIKYOKU oya="0"/><INIT seed="0,0,0,1,3,127" ten="250,250,250,250" oya="0" hai0="97,128,103,41,124,12,122,115,129,67,9,30,73" hai1="85,76,33,104,131,15,102,32,86,54,71,40,18" hai2="99,53,88,16,100,34,37,92,8,35,75,74,119" hai3="44,25,123,101,82,17,77,72,93,48,47,21,50"/><T0/><D115/><U61/><E40/><V56/><F37/><W66/><G123/><T13/><D122/><U87/><E76/><V94/><F119/><W49/><G66/><T130/><D73/><U108/><E108/><V60/><F34/><W38/><G38/><T6/><D124/><U52/><E71/><V63/><F63/><W7/><G7/><T28/><D41/><U36/><E36/><V69/><F69/><W79/><G79/><T31/><D67/><U51/><E61/><V98/><F35/><W111/><G111/><T91/><REACH who="0" step="1"/><D91/><REACH who="0" ten="240,250,250,250" step="2"/><U55/><E54/><V120/><F120/><W83/><G83/><T105/><AGARI ba="0,1" hai="0,6,9,12,13,28,30,31,97,103,105,128,129,130" machi="105" ten="40,18000,2" yaku="1,1,2,1,0,1,19,1,52,3,53,0" doraHai="127" doraHaiUra="22" who="0" fromWho="0" sc="240,190,250,-60,250,-60,250,-60" /><INIT seed="0,1,0,4,4,28" ten="430,190,190,190" oya="0" hai0="129,8,95,61,51,16,48,44,67,109,21,76,32" hai1="1,56,46,123,3,42,85,49,117,10,133,2,78" hai2="19,79,127,132,6,103,70,5,38,124,57,18,84" hai3="120,93,88,122,106,24,75,23,101,97,14,115,130"/><T34/><D129/><U108/><E108/><V26/><F70/><W25/><G130/><T77/><D109/><U111/><E111/><V74/><F38/><W64/><G115/><T0/><D95/><U55/><E117/><V7/><F132/><W59/><G75/><T92/><D92/><U66/><E66/><V68/><F68/><W87/><G59/><T17/><D0/><U110/><E110/><V43/><F43/><W50/><G50/><T94/><D94/><U99/><E123/><N who="3" m="47146" /><G64/><T126/><D126/><N who="2" m="48170" /><F74/><W12/><G25/><T113/><D113/><U90/><E78/><V104/><F57/><W54/><G54/><T20/><D67/><U36/><E99/><N who="2" m="61567" /><F26/><W22/><G22/><T37/><D8/><U63/><E133/><V121/><F121/><W11/><G11/><T45/><D61/><U73/><E73/><V52/><F52/><W82/><G82/><AGARI ba="1,0" hai="5,6,7,18,19,79,82,84" m="61567,48170" machi="82" ten="30,1000,0" yaku="18,1" doraHai="28" who="2" fromWho="3" sc="430,0,190,0,190,13,190,-13" /><INIT seed="1,0,0,0,5,117" ten="430,190,203,177" oya="1" hai0="27,30,25,53,4,63,92,90,134,42,5,120,67" hai1="110,19,85,76,55,87,45,14,135,6,15,52,50" hai2="37,83,38,51,54,112,23,102,114,69,13,21,34" hai3="128,36,131,107,130,91,84,132,2,100,99,88,40"/><U68/><E135/><V105/><F34/><W119/><G2/><T72/><D72/><U118/><E118/><V66/><F83/><N who="3" m="49183" /><G36/><T111/><D111/><U17/><E68/><V60/><F102/><W115/><G40/><T7/><D134/><U70/><E70/><V33/><F105/><W18/><G18/><N who="1" m="6666" /><E110/><V121/><F33/><W44/><G44/><T94/><D120/><U95/><E6/><V26/><F13/><N who="1" m="4617" /><E76/><V9/><F9/><W104/><G119/><T80/><D30/><U73/><E73/><V39/><F23/><W71/><G71/><T49/><D42/><N who="1" m="24887" /><E85/><V97/><F97/><W61/><G61/><T108/><D63/><U89/><AGARI ba="0,0" hai="52,55,87,89,95" m="24887,4617,6666" machi="89" ten="30,3000,0" yaku="8,1,54,1" doraHai="117" who="1" fromWho="1" sc="430,-10,190,30,203,-10,177,-10" /><INIT seed="1,1,0,2,0,96" ten="420,220,193,167" oya="1" hai0="6,99,30,20,128,133,100,121,105,108,131,48,107" hai1="111,13,61,87,53,89,5,44,69,63,106,86,123" hai2="55,104,90,85,3,115,134,36,81,39,101,50,27" hai3="54,57,82,109,8,84,64,126,18,80,119,40,24"/><U132/><E123/><V62/><F3/><W120/><G126/><T9/><D121/><U75/><E75/><V124/><F124/><W83/><G120/><T130/><D108/><U23/><E106/><V32/><F115/><W25/><G109/><T71/><D71/><U98/><E111/><V78/><F62/><N who="1" m="23561" /><E69/><V37/><F134/><W91/><G119/><T52/><D133/><U17/><E5/><V45/><F32/><W11/><G64/><T10/><D105/><U58/><E44/><V127/><F127/><W43/><G18/><T47/><D6/><U67/><E67/><V95/><F27/><AGARI ba="1,0" hai="9,10,20,27,30,47,48,52,99,100,107,128,130,131" machi="27" ten="40,5200,0" yaku="19,1,52,1,54,1" doraHai="96" who="0" fromWho="2" sc="420,55,220,0,193,-55,167,0" /><INIT seed="2,0,0,5,5,94" ten="475,220,138,167" oya="2" hai0="133,35,132,85,1,28,134,43,64,124,41,2,31" hai1="27,0,100,92,130,102,110,38,15,123,34,10,91" hai2="73,13,104,19,26,72,106,111,117,29,97,62,99" hai3="47,108,68,33,131,20,109,120,36,128,39,25,40"/><V135/><F117/><W101/><G68/><T71/><D124/><U98/><E0/><N who="0" m="105" /><D85/><U75/><E75/><V44/><F135/><W59/><G33/><T11/><D11/><U112/><E112/><V115/><F115/><W57/><G120/><T50/><D50/><U6/><E38/><N who="3" m="14378" /><G101/><T24/><D31/><U95/><E123/><V127/><F127/><W80/><G80/><T121/><D121/><U78/><E78/><V87/><F87/><W84/><G84/><T48/><D48/><U37/><E37/><V113/><F113/><W30/><G20/><T51/><D51/><U66/><E66/><V3/><F3/><W89/><G89/><T77/><D77/><U12/><E12/><V63/><F44/><W58/><G25/><T54/><D54/><U79/><E79/><V122/><F122/><W7/><G30/><T116/><D116/><U125/><E27/><V8/><F72/><W88/><G88/><T23/><D35/><U103/><E34/><N who="2" m="20791" /><F73/><W67/><G7/><T52/><D52/><U82/><E6/><V55/><F55/><W81/><G81/><T4/><D4/><U70/><E82/><V86/><F86/><W32/><G32/><T74/><D74/><U5/><E5/><V105/><F111/><N who="3" m="42571" /><G67/><T119/><D119/><U69/><E110/><V16/><F19/><W14/><G14/><T17/><D17/><U83/><E15/><V76/><F76/><W21/><G21/><T93/><D93/><U45/><E83/><V114/><F114/><W42/><G47/><T60/><AGARI ba="0,0" hai="23,24,28,41,43,60,64,71,132,133,134" m="105" machi="60" ten="40,1500,0" yaku="20,1" doraHai="94" who="0" fromWho="0" sc="475,15,220,-4,138,-7,167,-4" /><INIT seed="3,0,0,3,5,82" ten="490,216,131,163" oya="3" hai0="49,68,97,121,102,70,59,116,96,73,25,39,29" hai1="83,20,125,3,43,131,86,42,85,129,72,30,132" hai2="122,115,38,66,64,80,0,2,128,112,35,56,22" hai3="48,50,21,91,33,74,123,76,37,108,12,99,40"/><W107/><G108/><T101/><D116/><U45/><E3/><V52/><F35/><W15/><G123/><T110/><D121/><U8/><E8/><V92/><F38/><W28/><G33/><T124/><D39/><U114/><E114/><V65/><F122/><W53/><G107/><T58/><D73/><U31/><E125/><V98/><F128/><W55/><G37/><T11/><D124/><U93/><E132/><V135/><F135/><W126/><G76/><T27/><D49/><N who="3" m="19049" /><G74/><T75/><D11/><U67/><E67/><V105/><F105/><W77/><G40/><T111/><D75/><U81/><E72/><V4/><F22/><W32/><G77/><T14/><D14/><N who="3" m="5161" /><G32/><T34/><D34/><U18/><E43/><V60/><F80/><W1/><G1/><T127/><D127/><U84/><E81/><V63/><F63/><W9/><G9/><T5/><D5/><U57/><E83/><V79/><F79/><W19/><G28/><AGARI ba="0,0" hai="25,27,28,29,58,59,68,70,96,97,101,102,110,111" machi="28" ten="25,1600,0" yaku="22,2" doraHai="82" who="0" fromWho="3" sc="490,16,216,0,131,0,163,-16" owari="506,60.0,216,2.0,131,-37.0,147,-25.0" /></mjloggm>