<mjloggm ver="2.3"><GO type="225" lobby="0"/><UN n0="%E3%83%88%E3%83%88%E3%83%AA%E5%85%88%E7%94%9F%31%39%E6%AD%B3" n1="%E4%B8%96%E3%82%92%E7%9B%B4%E3%81%99%E8%80%85" n2="%56%65%6E%75%73%53%61%79" n3="%6B%6F%75%33%32%38%34" dan="17,16,18,16" rate="2171.16,2020.63,2239.03,2148.17" sx="F,M,M,F"/><TAIKYOKU oya="0"/><INIT seed="0,0,0,5,1,67" ten="250,250,250,250" oya="0" hai0="108,50,18,109,52,119,120,79,65,115,116,3,114" hai1="85,89,40,8,74,16,121,34,32,5,118,53,80" hai2="1,124,110,21,13,106,129,103,10,90,91,66,134" hai3="70,63,101,68,97,17,25,132,81,100,24,54,88"/><T87/><D3/><U44/><E118/><N who="0" m="45097" /><D18/><U29/><E121/><V26/><F1/><W78/><G132/><T93/><D93/><U102/><E74/><V0/><F134/><W27/><G17/><T82/><D65/><U94/><E29/><V33/><F66/><W11/><G11/><T45/><D120/><U4/><E34/><V86/><F91/><W77/><G88/><T31/><D31/><U61/><E32/><V92/><F103/><W20/><G20/><T128/><D128/><U12/><E61/><V95/><F129/><W9/><G9/><T14/><D14/><U49/><E40/><V133/><F95/><W43/><G43/><T71/><D71/><U59/><E59/><V48/><F133/><W76/><G81/><T111/><AGARI ba="0,0" hai="45,50,52,79,82,87,108,109,111,114,115" m="45097" machi="111" ten="40,7800,0" yaku="14,1,10,1,54,1" doraHai="67" who="0" fromWho="0" sc="250,78,250,-26,250,-26,250,-26" /><INIT seed="0,1,0,1,4,35" ten="328,224,224,224" oya="0" hai0="106,83,43,97,24,36,65,110,63,120,38,126,105" hai1="41,10,17,67,66,90,82,37,61,112,68,107,71" hai2="117,9,129,57,60,70,75,132,124,28,85,76,128" hai3="3,86,32,122,27,22,64,46,123,91,93,77,2"/><T40/><D120/><N who="3" m="46121" /><G32/><T80/><D24/><U20/><E107/><V19/><F28/><N who="3" m="17527" /><G64/><T11/><D126/><U4/><E112/><V109/><F124/><W45/><G77/><T6/><D110/><U42/><E37/><V100/><F109/><W116/><G116/><T18/><D18/><U134/><E134/><V55/><F132/><W73/><G73/><T30/><D30/><U101/><E101/><V131/><F117/><W21/><G21/><T44/><D97/><U48/><E48/><V51/><F100/><W14/><G14/><T119/><D119/><U84/><E67/><N who="2" m="41319" /><F75/><W53/><G53/><T23/><D23/><U33/><E33/><V135/><F135/><W25/><G25/><T87/><D63/><U1/><REACH who="1" step="1"/><E71/><REACH who="1" ten="328,214,224,224" step="2"/><V15/><F51/><W54/><G54/><T113/><D65/><U16/><E16/><N who="2" m="8303" /><F55/><W125/><G125/><T95/><D105/><U52/><E52/><V94/><F19/><W81/><G93/><T89/><D106/><U56/><E56/><V103/><F57/><W78/><G91/><T12/><D113/><U92/><E92/><V59/><F59/><W39/><G39/><T79/><D79/><U13/><AGARI ba="1,1" hai="1,4,10,13,17,20,41,42,61,66,68,82,84,90" machi="13" ten="20,5200,0" yaku="1,1,0,1,7,1,52,1,53,0" doraHai="35" doraHaiUra="26" who="1" fromWho="1" sc="328,-27,214,65,224,-14,224,-14" /><INIT seed="1,0,0,0,2,96" ten="301,279,210,210" oya="1" hai0="60,14,63,81,114,17,86,11,94,100,89,119,120" hai1="84,78,95,2,127,35,4,67,23,128,39,42,24" hai2="72,132,55,124,92,57,98,36,26,117,54,50,20" hai3="75,56,112,9,33,82,71,106,122,121,7,66,74"/><U88/><E35/><V5/><F36/><W129/><G112/><T103/><D114/><U59/><E128/><V53/><F72/><N who="3" m="27691" /><G56/><T16/><D119/><U29/><E127/><V13/><F124/><W28/><G82/><T111/><D111/><U22/><E78/><V107/><F107/><W68/><G106/><T10/><D120/><N who="3" m="46185" /><G66/><T104/><D104/><U18/><E39/><V97/><F132/><W91/><G91/><N who="0" m="51663" /><D11/><U25/><E42/><V118/><F98/><W46/><G46/><T47/><D17/><U38/><E38/><V99/><F99/><W32/><G129/><T134/><D134/><U48/><E2/><V135/><F135/><W116/><G116/><T19/><D19/><U87/><E4/><V76/><F76/><W58/><G58/><T0/><D0/><U64/><E87/><V8/><F118/><W49/><G49/><T115/><D115/><U21/><E23/><V31/><REACH who="2" step="1"/><F117/><REACH who="2" ten="301,279,200,210" step="2"/><W110/><G110/><T126/><D126/><U52/><AGARI ba="0,1" hai="18,21,22,24,25,29,48,52,59,64,67,84,88,95" machi="52" ten="30,11700,0" yaku="0,1,8,1,54,2" doraHai="96" who="1" fromWho="1" sc="301,-39,279,127,200,-39,210,-39" /><INIT seed="1,1,0,5,0,119" ten="262,406,161,171" oya="1" hai0="12,14,127,54,0,1,23,116,75,78,93,40,35" hai1="43,64,118,60,106,89,122,97,96,73,110,21,27" hai2="5,134,7,6,104,130,83,33,126,111,108,124,44" hai3="59,70,121,36,24,109,53,65,107,52,61,26,99"/><U86/><E73/><V42/><F104/><W135/><G36/><T29/><D116/><U133/><E118/><V45/><F33/><W129/><G121/><T20/><D127/><N who="2" m="48682" /><F134/><W88/><G109/><N who="2" m="42057" /><F130/><W3/><G3/><T28/><D54/><N who="3" m="21097" /><G70/><T56/><D56/><U41/><E122/><V90/><F42/><W46/><G107/><T123/><D93/><U112/><E133/><V131/><F131/><W57/><G129/><T19/><D78/><U82/><E110/><V72/><F72/><W16/><G46/><N who="2" m="18025" /><F90/><W49/><G135/><T100/><D75/><U76/><E43/><V94/><F94/><N who="3" m="56775" /><G49/><T18/><D40/><U63/><E41/><V120/><F120/><W71/><G71/><T69/><D123/><U114/><E112/><V38/><F83/><W11/><G57/><T85/><D69/><U34/><E114/><V79/><F79/><W125/><G125/><T47/><D47/><U2/><E76/><V103/><F103/><W48/><G48/><T10/><D100/><U66/><E106/><V68/><F68/><W17/><G11/><T105/><D105/><U95/><E34/><V39/><AGARI ba="1,0" hai="5,6,7,38,39" m="18025,42057,48682" machi="39" ten="40,8000,1" yaku="28,2,18,1,14,1" doraHai="119" who="2" fromWho="2" sc="262,-21,406,-41,161,83,171,-21" /><INIT seed="2,0,0,1,0,122" ten="241,365,244,150" oya="2" hai0="115,17,67,33,56,99,68,51,7,109,90,126,37" hai1="111,78,44,2,6,127,108,80,50,32,125,54,76" hai2="63,114,11,104,86,105,46,84,55,88,13,24,20" hai3="100,89,21,130,132,52,124,118,117,94,19,61,65"/><V101/><F114/><W79/><G130/><T48/><D115/><U8/><E32/><V77/><F77/><N who="1" m="29801" /><E80/><V112/><F112/><W98/><G124/><AGARI ba="0,0" hai="2,6,8,44,50,54,108,111,124,125,127" m="29801" machi="124" ten="30,3900,0" yaku="18,1,52,2" doraHai="122" who="1" fromWho="3" sc="241,0,365,39,244,0,150,-39" /><INIT seed="3,0,0,4,2,24" ten="241,404,244,111" oya="3" hai0="92,45,54,17,116,68,2,123,61,1,49,28,131" hai1="26,19,82,90,77,78,7,8,87,52,69,21,89" hai2="39,127,106,5,59,133,79,22,112,130,125,46,33" hai3="14,62,25,108,53,118,126,40,34,11,124,66,103"/><W96/><G118/><T48/><D123/><U128/><E128/><V67/><F33/><W6/><G40/><T38/><D116/><U35/><E69/><V85/><F112/><W18/><G108/><T93/><D131/><U3/><E35/><V64/><F130/><W42/><G42/><T80/><D38/><U44/><E90/><V71/><F71/><W101/><G53/><N who="0" m="29839" /><D2/><U37/><E37/><V56/><F106/><W50/><G50/><T63/><D1/><U109/><E109/><V95/><F5/><W73/><G73/><T23/><D28/><U65/><E65/><N who="2" m="25163" /><F133/><W4/><G101/><T0/><D80/><U121/><E121/><V99/><F22/><W10/><G10/><T91/><D0/><U129/><E129/><V47/><F85/><W15/><G15/><N who="0" m="9663" /><D68/><U74/><E74/><V51/><F79/><W12/><G12/><T94/><D91/><U84/><E87/><V86/><F86/><W30/><G4/><T29/><D29/><U115/><E115/><V20/><F20/><W36/><G6/><T83/><D83/><U41/><E41/><N who="2" m="25071" /><F46/><AGARI ba="0,0" hai="46,49,54,61,63,92,93,94" m="9663,29839" machi="46" ten="30,1000,0" yaku="8,1" doraHai="24" who="0" fromWho="2" sc="241,10,404,0,244,-10,111,0" owari="251,5.0,404,51.0,234,-17.0,111,-39.0" /></mjloggm>