<mjloggm ver="2.3"><GO type="97" lobby="0"/><UN n0="%E5%B0%B1%E6%B4%BB%E7%94%9F%40%E5%B7%9D%E6%9D%91%E8%BB%8D%E5%9B%A3" n1="%E3%83%90%E3%83%88%E3%83%AB%E3%83%92%E3%83%BC%E3%83%AD%E3%83%BC" n2="%44%41%E2%98%86%5A%45" n3="%E3%81%95%E3%81%A3%E3%81%A1%E3%82%82" dan="15,15,14,14" rate="2033.41,1949.37,1899.31,1999.94" sx="M,M,F,M"/><TAIKYOKU oya="0"/><INIT seed="0,0,0,0,1,68" ten="250,250,250,250" oya="0" hai0="44,93,65,125,7,123,135,103,21,62,32,117,26" hai1="115,27,61,104,72,14,22,67,82,56,47,71,74" hai2="40,28,70,55,2,80,73,97,11,49,52,51,76" hai3="13,131,48,3,122,116,126,127,45,59,1,12,111"/><T18/><D123/><U53/><E115/><V83/><F83/><W10/><G111/><T30/><D117/><U102/><E104/><V129/><F129/><W91/><G131/><T16/><D125/><N who="3" m="47625" /><G116/><T106/><D106/><U81/><E102/><V43/><F28/><W114/><G114/><T96/><D135/><U25/><E71/><V119/><F97/><W19/><G122/><T89/><D7/><U69/><E69/><V38/><F119/><W0/><G91/><T84/><D44/><U130/><E130/><V98/><F98/><W46/><G13/><T95/><REACH who="0" step="1"/><D32/><REACH who="0" ten="240,250,250,250" step="2"/><U99/><E47/><N who="2" m="23959" /><F43/><W112/><G112/><T33/><D33/><U85/><E72/><V8/><F70/><AGARI ba="0,1" hai="16,18,21,26,30,62,65,70,84,89,93,95,96,103" machi="70" ten="30,5800,0" yaku="1,1,7,1,54,1,53,0" doraHai="68" doraHaiUra="9" who="0" fromWho="2" sc="240,68,250,0,250,-58,250,0" /><INIT seed="0,1,0,5,4,3" ten="308,250,192,250" oya="0" hai0="66,103,92,105,79,121,96,123,95,7,5,30,77" hai1="114,99,12,120,25,10,91,40,113,47,131,88,4" hai2="32,54,61,46,69,0,110,93,29,26,115,49,59" hai3="130,33,118,86,8,83,57,89,52,90,38,74,127"/><T80/><D30/><U48/><E120/><V84/><F115/><N who="1" m="44041" /><E131/><V41/><F110/><W19/><G118/><T34/><D34/><U98/><E25/><V44/><F0/><W1/><G38/><T51/><D66/><U68/><E68/><V124/><F124/><W85/><G33/><T28/><D28/><U126/><E126/><V109/><F109/><W14/><G127/><T39/><D39/><U36/><E36/><V116/><F116/><W102/><G1/><T13/><D77/><U63/><E63/><V125/><F125/><W65/><G74/><T129/><D129/><U132/><E132/><V97/><F84/><W20/><G102/><T107/><D51/><U62/><E62/><V128/><F128/><W42/><G42/><T15/><D79/><U133/><E133/><V6/><F69/><W117/><G117/><T94/><D80/><U119/><E119/><V81/><F81/><W106/><G106/><N who="0" m="40459" /><D96/><AGARI ba="1,0" hai="4,10,12,40,47,48,88,91,96,98,99" m="44041" machi="96" ten="30,3900,0" yaku="11,1,52,1,54,1" doraHai="3" who="1" fromWho="0" sc="308,-42,250,42,192,0,250,0" /><INIT seed="1,0,0,5,4,78" ten="266,292,192,250" oya="1" hai0="32,58,43,107,48,49,28,10,96,118,62,6,55" hai1="66,22,68,88,3,98,44,81,119,70,121,91,9" hai2="50,86,60,100,125,1,111,99,135,77,64,80,122" hai3="120,40,89,46,116,84,20,131,109,57,123,51,4"/><U29/><E121/><V93/><F122/><W23/><G109/><T63/><D118/><U36/><E119/><V31/><F111/><W21/><G116/><T45/><D32/><U102/><E66/><V15/><F125/><W25/><G4/><T59/><D28/><U5/><E91/><V17/><F135/><W53/><G131/><T0/><D107/><U56/><E56/><V117/><F1/><W134/><G134/><T47/><D96/><U95/><E22/><V106/><F117/><W74/><G74/><T94/><D94/><U67/><E67/><V87/><F31/><W11/><G11/><T19/><D19/><U24/><E24/><V7/><F7/><W34/><G34/><T92/><D92/><U129/><E29/><V14/><F50/><N who="3" m="26951" /><G123/><T83/><D83/><U114/><E114/><V38/><F38/><W8/><G8/><T30/><D30/><U97/><E97/><V75/><F17/><N who="3" m="12431" /><G120/><T127/><D127/><U33/><E33/><V110/><F110/><W71/><G71/><T104/><D104/><U42/><REACH who="1" step="1"/><E129/><REACH who="1" ten="266,282,192,250" step="2"/><V133/><F133/><W124/><G124/><T72/><D72/><U41/><E41/><V112/><F112/><W105/><G105/><T130/><D130/><U61/><E61/><V35/><F35/><W90/><G90/><T132/><D132/><U82/><E82/><AGARI ba="0,1" hai="21,23,51,53,57,82,84,89" m="12431,26951" machi="82" ten="30,2000,0" yaku="8,1,52,1" doraHai="78" who="3" fromWho="1" sc="266,0,282,-20,192,0,250,30" /><INIT seed="2,0,0,3,5,23" ten="266,262,192,280" oya="2" hai0="28,111,118,29,74,54,3,21,24,115,65,109,5" hai1="87,101,34,106,119,73,127,89,51,14,79,66,18" hai2="19,6,104,123,16,33,96,99,39,92,36,60,43" hai3="80,17,128,132,1,8,114,57,102,135,11,47,25"/><V131/><F33/><W44/><G128/><T59/><D74/><U20/><E34/><V53/><F123/><W13/><G102/><T35/><D65/><U46/><E119/><V10/><F131/><W76/><G114/><T49/><D118/><U40/><E127/><V4/><F104/><W72/><G57/><T70/><D70/><U0/><E0/><V129/><F129/><W61/><G61/><T105/><D105/><U122/><E122/><V58/><F43/><W94/><G94/><T78/><D78/><U120/><E120/><V45/><F45/><W64/><G64/><T88/><D115/><U130/><E130/><V69/><F69/><W48/><G1/><T7/><D3/><U91/><E66/><V100/><F99/><W71/><G71/><T95/><D29/><U134/><E134/><N who="3" m="51242" /><G44/><T31/><D31/><U133/><E133/><V90/><F100/><W81/><G81/><T97/><REACH who="0" step="1"/><D35/><REACH who="0" ten="256,262,192,280" step="2"/><U22/><E79/><V12/><REACH who="2" step="1"/><F4/><AGARI ba="0,1" hai="4,5,7,21,24,28,49,54,59,88,95,97,109,111" machi="4" ten="40,8000,1" yaku="1,1,2,1,52,1,54,1,53,0" doraHai="23" doraHaiUra="126" who="0" fromWho="2" sc="256,90,262,0,192,-80,280,0" /><INIT seed="3,0,0,2,1,52" ten="346,262,112,280" oya="3" hai0="27,43,125,19,51,41,110,11,81,72,62,29,86" hai1="6,25,77,97,130,113,134,93,31,82,9,68,61" hai2="114,73,83,22,55,23,92,126,104,15,36,13,75" hai3="103,3,127,101,45,17,47,99,18,44,26,94,39"/><W21/><G3/><T100/><D72/><U30/><E134/><V87/><F36/><W74/><G74/><T42/><D110/><U76/><E113/><V37/><F114/><W32/><G127/><T2/><D125/><U111/><E111/><V4/><F126/><W70/><G70/><T33/><D100/><N who="3" m="38473" /><G39/><T79/><D62/><U88/><E130/><V84/><F37/><W60/><G32/><T46/><REACH who="0" step="1"/><D19/><REACH who="0" ten="336,262,112,280" step="2"/><U109/><E109/><V102/><F55/><W112/><G60/><T12/><D12/><N who="1" m="5175" /><E68/><V98/><F4/><AGARI ba="0,1" hai="2,4,11,27,29,33,41,42,43,46,51,79,81,86" machi="4" ten="40,1300,0" yaku="1,1,53,0" doraHai="52" doraHaiUra="131" who="0" fromWho="2" sc="336,23,262,0,112,-13,280,0" owari="359,46.0,262,-14.0,99,-40.0,280,8.0" /></mjloggm>