<mjloggm ver="2.3"><GO type="169" lobby="0"/><UN n0="%E5%81%A5%E5%85%A8%E7%90%86%E7%B3%BB%E7%94%B7%E5%85%90" n1="%E3%82%A6%E3%83%AB%E3%83%88%E3%83%A9%E7%AB%8B%E7%9B%B4" n2="%4D%4A%5B%53%61%74%6F%5D" n3="%64%75%72%72%72%72%72" dan="16,16,17,16" rate="2086.24,2115.86,2202.39,2156.89" sx="M,M,M,M"/><TAIKYOKU oya="0"/><INIT seed="0,0,0,1,1,120" ten="250,250,250,250" oya="0" hai0="104,134,6,71,56,41,34,46,23,51,32,115,58" hai1="62,36,78,128,108,86,63,66,90,3,18,47,102" hai2="76,19,94,85,20,73,65,61,29,67,89,25,124" hai3="12,52,135,75,28,130,60,123,98,114,95,54,101"/><T68/><D115/><U40/><E128/><V45/><F124/><W49/><G114/><T99/><D34/><U22/><E3/><V117/><F117/><W53/><G130/><T126/><D32/><U30/><E30/><V93/><F73/><W0/><G123/><T37/><D6/><U127/><E127/><V35/><F76/><W129/><G0/><T48/><D23/><U10/><E10/><V69/><F65/><W109/><G129/><T105/><D99/><U92/><E102/><V107/><F107/><W4/><G75/><T111/><D126/><U33/><E33/><V38/><F38/><W133/><G28/><T31/><D31/><U83/><E66/><V79/><F79/><W7/><G60/><T96/><D96/><U103/><E103/><V110/><F45/><W91/><G109/><T132/><D46/><U64/><E108/><V121/><F121/><W11/><G7/><T125/><D125/><U81/><E81/><V27/><REACH who="2" step="1"/><F94/><REACH who="2" ten="250,250,240,250" step="2"/><N who="3" m="58583" /><G133/><T21/><D37/><U106/><E106/><V1/><F1/><W55/><G135/><T118/><D118/><U5/><E92/><V80/><F80/><W2/><G2/><T116/><D116/><U97/><E78/><V131/><F131/><W57/><G95/><T70/><D105/><U24/><E64/><V9/><F9/><W42/><G91/><T26/><D104/><U44/><E44/><V100/><F100/><W113/><G113/><T50/><D111/><AGARI ba="0,1" hai="19,20,25,27,29,35,61,67,69,85,89,93,110,111" machi="111" ten="40,8000,1" yaku="1,1,52,2,53,1" doraHai="120" doraHaiUra="82" who="2" fromWho="0" sc="250,-80,250,0,240,90,250,0" /><INIT seed="1,0,0,2,3,2" ten="170,250,330,250" oya="1" hai0="106,21,25,16,119,126,11,60,103,99,46,39,73" hai1="32,68,61,93,30,7,91,18,64,66,87,80,67" hai2="129,124,90,0,14,57,70,10,62,12,74,3,38" hai3="89,24,71,53,50,111,94,121,110,17,59,85,20"/><U42/><E42/><V48/><F74/><W88/><G71/><T34/><D119/><U135/><E135/><V26/><F38/><W44/><G121/><T69/><D73/><U109/><E109/><V33/><F70/><W132/><G132/><T29/><D126/><U63/><E18/><V36/><F36/><W8/><G8/><T51/><D39/><U118/><E118/><V45/><F124/><W47/><REACH who="3" step="1"/><G89/><REACH who="3" ten="170,250,330,240" step="2"/><T134/><D11/><U122/><E122/><V49/><F90/><W13/><G13/><T102/><D134/><U52/><E68/><V4/><F12/><W77/><G77/><T9/><D9/><U120/><E120/><V105/><F14/><W28/><G28/><T15/><D102/><U65/><E30/><V41/><F0/><W92/><G92/><T117/><D117/><U116/><E116/><V82/><F105/><W78/><G78/><T123/><D123/><U100/><E100/><V108/><F108/><AGARI ba="0,1" hai="17,20,24,44,47,50,53,59,85,88,94,108,110,111" machi="108" ten="40,5200,0" yaku="1,1,14,1,54,1,53,0" doraHai="2" doraHaiUra="97" who="3" fromWho="2" sc="170,0,250,0,330,-52,240,62" /><INIT seed="2,0,0,0,1,56" ten="170,250,278,302" oya="2" hai0="25,67,24,14,43,42,106,22,36,69,80,5,133" hai1="72,12,109,2,117,88,112,66,60,32,130,132,23" hai2="37,20,101,62,83,134,65,82,100,128,11,124,110" hai3="4,105,95,54,135,70,17,46,31,35,121,76,125"/><V98/><F37/><W118/><G105/><T89/><D106/><U114/><E117/><V8/><F134/><W51/><G121/><T47/><D133/><U48/><E132/><V108/><F128/><W99/><G118/><T21/><D43/><U86/><E130/><V94/><F101/><W19/><G135/><T68/><D24/><U77/><E109/><N who="2" m="42091" /><F20/><W50/><G70/><T6/><D22/><U59/><E32/><V15/><F124/><W38/><G38/><T107/><D107/><U41/><E2/><V3/><F3/><W13/><G125/><T39/><D39/><U111/><E111/><V10/><F15/><W78/><G19/><T122/><D122/><U123/><E123/><V0/><F0/><W7/><G4/><T91/><D6/><U131/><E131/><V120/><F120/><W79/><G7/><T113/><D113/><U52/><E12/><V103/><F103/><W126/><G31/><T58/><D69/><AGARI ba="0,0" hai="8,10,11,62,65,69,82,83,94,98,100" m="42091" machi="69" ten="30,5800,0" yaku="14,1,10,1,52,1" doraHai="56" who="2" fromWho="0" sc="170,-58,250,0,278,58,302,0" /><INIT seed="2,1,0,5,4,49" ten="112,250,336,302" oya="2" hai0="57,27,42,9,26,121,71,59,70,76,91,43,108" hai1="96,47,50,106,129,7,36,125,22,102,33,3,29" hai2="14,31,133,107,21,92,68,67,13,111,46,32,55" hai3="90,81,44,94,34,11,110,54,41,15,95,86,135"/><V83/><F107/><W64/><G34/><T35/><D121/><U89/><E125/><V37/><F32/><W2/><G2/><T4/><D108/><U16/><E129/><V131/><F131/><W99/><G110/><T40/><D76/><U112/><E36/><V52/><F111/><W118/><G118/><T130/><D130/><U119/><E119/><V62/><F83/><W114/><G135/><T18/><D27/><U61/><E112/><V103/><F133/><W74/><G74/><T123/><D123/><U20/><E61/><V80/><F80/><W56/><G114/><T128/><D128/><U93/><E7/><V23/><F23/><W98/><G64/><T73/><D73/><U122/><E3/><V115/><F115/><W1/><G1/><T75/><D75/><U85/><E122/><V84/><F13/><W132/><G132/><T28/><D18/><U19/><E33/><V127/><F127/><W51/><G98/><T24/><D24/><N who="1" m="16535" /><E20/><V53/><F31/><W30/><G99/><T39/><D39/><U79/><E79/><V58/><F103/><W109/><G30/><T134/><D134/><U65/><E65/><V124/><F124/><W126/><G126/><T25/><D25/><U120/><E120/><V12/><F21/><W38/><G109/><T78/><D78/><U17/><E17/><AGARI ba="1,0" hai="11,15,17,38,41,44,51,54,56,81,86,90,94,95" machi="17" ten="30,2000,0" yaku="7,1,52,1" doraHai="49" who="3" fromWho="1" sc="112,0,250,-23,336,0,302,23" /><INIT seed="3,0,0,0,3,116" ten="112,227,336,325" oya="3" hai0="93,99,66,114,69,106,81,51,132,90,103,23,7" hai1="97,5,73,15,119,86,35,75,4,47,17,101,6" hai2="63,28,125,19,1,65,16,126,54,122,24,26,74" hai3="70,67,27,89,14,18,129,9,50,3,31,123,82"/><W32/><G129/><T88/><D132/><U22/><E119/><V38/><F38/><W21/><G123/><T68/><D114/><U12/><E35/><N who="2" m="20871" /><F1/><W110/><G50/><T108/><D108/><U29/><E29/><V124/><F74/><W100/><G100/><T10/><D81/><U78/><E47/><V2/><F2/><W115/><G115/><T96/><D90/><U37/><E37/><V41/><F41/><W39/><G39/><T25/><D51/><U46/><E46/><V83/><F83/><W48/><G48/><T45/><D45/><U102/><E102/><V117/><F117/><W111/><G67/><T20/><D66/><U71/><E71/><N who="2" m="42431" /><F54/><W91/><G70/><T77/><D77/><U52/><E52/><V85/><F85/><N who="3" m="50359" /><G91/><T33/><D33/><U92/><E86/><V57/><F57/><W13/><G13/><T42/><D42/><U58/><E58/><V120/><F26/><W113/><G113/><T84/><D84/><U40/><E40/><V112/><F112/><W121/><G121/><AGARI ba="0,0" hai="16,19,120,121,122,124,125,126" m="42431,20871" machi="121" ten="40,12000,2" yaku="13,1,18,1,52,3,54,1" doraHai="116" who="2" fromWho="3" sc="112,0,227,0,336,120,325,-120" /><INIT seed="4,0,0,4,5,129" ten="112,227,456,205" oya="0" hai0="70,47,118,33,24,10,104,103,30,133,7,76,90" hai1="15,61,94,97,123,44,62,87,98,69,51,50,65" hai2="5,92,83,127,42,17,2,117,114,56,82,12,116" hai3="36,101,46,28,100,41,135,75,84,26,71,134,108"/><T106/><D118/><U22/><E123/><V126/><F42/><W96/><G75/><T93/><D70/><U49/><E62/><V73/><F92/><W57/><G71/><T20/><D33/><U77/><E44/><V88/><F56/><W45/><G108/><T4/><D76/><U86/><E77/><N who="2" m="44335" /><F5/><W39/><G46/><T131/><D131/><U60/><E60/><V37/><F37/><N who="3" m="21679" /><G57/><T38/><D103/><U53/><E53/><V78/><F2/><W43/><G84/><T19/><D30/><U27/><E15/><V23/><F114/><W95/><G43/><T85/><D7/><U122/><E122/><V80/><F88/><W35/><G101/><T59/><D59/><N who="1" m="37055" /><E97/><V130/><F130/><W109/><G109/><T11/><D38/><U66/><E66/><V48/><F48/><W111/><G111/><T89/><D47/><U67/><E67/><V68/><F68/><W34/><G34/><T54/><D54/><U74/><E74/><N who="2" m="43095" /><F83/><W107/><G107/><T119/><D90/><N who="1" m="55639" /><E69/><V120/><F120/><W110/><G110/><T21/><D104/><U115/><E115/><V105/><F105/><W72/><G72/><T102/><D106/><U132/><E87/><V121/><F121/><W29/><G29/><T25/><D102/><U64/><E86/><V3/><F3/><W40/><G40/><T79/><D85/><U55/><E64/><V99/><F99/><W112/><G112/><T125/><D79/><U91/><E55/><V128/><F128/><W13/><G13/><T8/><D93/><U0/><E0/><V1/><F1/><RYUUKYOKU ba="0,0" sc="112,-15,227,-15,456,15,205,15" hai2="12,17,23,116,117,126,127" hai3="26,28,35,36,39,95,96,100,134,135" /><INIT seed="5,1,0,4,3,43" ten="97,212,471,220" oya="1" hai0="69,15,3,97,127,8,135,41,129,56,48,6,60" hai1="87,45,84,58,51,37,78,31,26,16,29,14,17" hai2="42,123,77,118,95,92,105,54,76,33,126,88,4" hai3="115,40,49,7,79,89,110,25,120,94,19,44,128"/><U114/><E114/><V117/><F123/><W21/><G120/><T64/><D127/><U131/><E37/><V83/><F126/><W11/><G115/><T113/><D113/><U61/><E131/><V99/><F33/><W103/><G128/><T30/><D129/><U109/><E109/><V55/><F4/><W18/><G110/><T68/><D135/><U93/><E78/><V39/><F105/><W102/><G79/><T96/><D30/><N who="1" m="11275" /><E26/><V57/><F83/><W0/><REACH who="3" step="1"/><G19/><REACH who="3" ten="97,212,471,210" step="2"/><T66/><D6/><U111/><E111/><V12/><F76/><W22/><G22/><T75/><D8/><U62/><E17/><V36/><F77/><W34/><G34/><T70/><D75/><U28/><E28/><V67/><F117/><W24/><G24/><T80/><D70/><U121/><E121/><V86/><F118/><W47/><G47/><T122/><D69/><U52/><E93/><V27/><F95/><W119/><G119/><T32/><D68/><U108/><E108/><V107/><F92/><W9/><G9/><T20/><D32/><U23/><E62/><V74/><F107/><W10/><G10/><T100/><D60/><U81/><E81/><V72/><F72/><W91/><G91/><T35/><D80/><U98/><E98/><AGARI ba="1,1" hai="0,7,11,18,21,25,40,44,49,89,94,98,102,103" machi="98" ten="30,3900,0" yaku="1,1,7,1,52,1,53,0" doraHai="43" doraHaiUra="133" who="3" fromWho="1" sc="97,0,212,-42,471,0,210,52" /><INIT seed="6,0,0,0,4,11" ten="97,170,471,262" oya="2" hai0="77,22,8,121,47,9,90,81,14,51,111,7,98" hai1="110,80,72,67,37,79,119,50,87,0,52,134,53" hai2="20,18,19,21,24,40,60,83,12,123,36,78,125" hai3="131,109,69,48,124,135,66,17,27,93,62,120,84"/><V30/><F123/><W16/><G109/><T102/><D111/><U116/><E110/><V95/><F125/><W88/><G120/><T32/><D121/><U132/><E37/><V74/><F36/><W2/><G124/><T94/><D32/><U100/><E0/><V112/><F40/><W85/><G2/><T128/><D128/><U82/><E100/><V107/><F107/><W122/><G122/><T130/><D130/><U45/><E67/><V49/><F112/><W35/><G131/><T127/><D127/><U6/><E6/><V13/><F49/><W25/><G135/><N who="1" m="51754" /><E53/><V86/><F60/><W56/><G35/><T75/><D22/><U28/><E28/><V89/><F30/><W31/><G69/><T34/><D34/><U5/><E5/><V39/><F39/><W61/><G61/><T115/><D115/><U26/><E26/><AGARI ba="0,0" hai="12,13,18,19,20,21,24,26,74,78,83,86,89,95" machi="26" ten="30,11600,0" yaku="7,1,9,1,52,2" doraHai="11" who="2" fromWho="1" sc="97,0,170,-116,471,116,262,0" /><INIT seed="6,1,0,2,1,24" ten="97,54,587,262" oya="2" hai0="31,52,20,57,61,123,29,49,91,118,74,86,97" hai1="98,110,17,130,96,63,115,124,36,35,89,39,106" hai2="16,4,131,77,1,10,40,68,43,7,114,58,82" hai3="113,67,132,81,83,59,105,0,69,34,95,87,117"/><V41/><F68/><W38/><G95/><N who="0" m="56575" /><D74/><U88/><E110/><V33/><F131/><W116/><G59/><N who="0" m="33167" /><D123/><U107/><E17/><V54/><F114/><W79/><G87/><T103/><D103/><U11/><E11/><V45/><F33/><W42/><G42/><T64/><D118/><U44/><E44/><V25/><F4/><W30/><G30/><N who="0" m="11275" /><D86/><U128/><E63/><V133/><F1/><W9/><G38/><T120/><D120/><U85/><E85/><V26/><F7/><W56/><G69/><T60/><D60/><U23/><E35/><V99/><F99/><W111/><G105/><T19/><D19/><U126/><REACH who="1" step="1"/><E23/><AGARI ba="1,0" hai="20,23,57,61,64" m="11275,33167,56575" machi="23" ten="30,8000,1" yaku="8,1,52,3,54,1" doraHai="24" who="0" fromWho="1" sc="97,83,54,-83,587,0,262,0" owari="180,-22.0,-29,-53.0,587,69.0,262,6.0" /></mjloggm>