<mjloggm ver="2.3"><GO type="169" lobby="0"/><UN n0="%79%6F%6B%6F%77%61%73%68" n1="%63%61%72%64%69%6E" n2="%E3%82%A6%E3%83%AB%E3%83%88%E3%83%A9%E7%AB%8B%E7%9B%B4" n3="%E3%82%B5%E3%83%B3%E3%83%9E%E9%81%93%E6%A5%BD%E4%BB%A3%E8%A1%A8" dan="16,16,17,17" rate="2112.80,2023.47,2219.77,2195.23" sx="M,M,M,M"/><TAIKYOKU oya="0"/><INIT seed="0,0,0,3,1,0" ten="250,250,250,250" oya="0" hai0="132,102,21,20,62,56,3,33,80,18,39,126,23" hai1="63,10,48,110,116,67,55,7,135,79,6,86,53" hai2="106,12,87,11,108,2,133,15,30,60,103,93,73" hai3="16,117,113,8,26,24,127,71,17,5,134,104,74"/><T4/><D33/><U128/><E116/><V66/><F73/><W82/><G104/><T72/><D102/><U54/><E135/><V105/><F133/><W92/><G71/><T95/><D132/><U90/><E79/><V130/><F2/><W50/><G134/><T9/><D126/><U38/><E38/><V76/><F108/><W32/><G117/><T123/><D123/><U94/><E110/><V96/><F130/><W101/><G113/><T119/><D119/><U88/><E128/><V14/><F30/><W81/><G74/><T40/><D95/><U25/><E25/><N who="3" m="9834" /><G32/><T44/><D18/><N who="3" m="7273" /><G50/><T36/><D39/><U57/><E10/><V112/><F112/><W22/><G22/><T1/><D1/><U47/><REACH who="1" step="1"/><E90/><REACH who="1" ten="250,240,250,250" step="2"/><V19/><F11/><W98/><G127/><T46/><D20/><U59/><E59/><V91/><F76/><W120/><G120/><T118/><D118/><U28/><E28/><V43/><F19/><W131/><G131/><T49/><D21/><U37/><E37/><V70/><REACH who="2" step="1"/><F43/><AGARI ba="0,1" hai="6,7,43,47,48,53,54,55,57,63,67,86,88,94" machi="43" ten="40,12000,2" yaku="1,1,8,1,52,2,54,1,53,1" doraHai="0" doraHaiUra="58" who="1" fromWho="2" sc="250,0,240,130,250,-120,250,0" /><INIT seed="1,0,0,0,5,76" ten="250,370,130,250" oya="1" hai0="123,48,58,35,99,33,54,32,129,43,90,94,105" hai1="77,11,39,122,24,79,52,106,41,84,125,98,133" hai2="57,31,103,82,117,93,5,59,10,25,23,81,0" hai3="3,64,134,15,51,127,50,63,100,128,91,61,119"/><U30/><E122/><V45/><F117/><W12/><G3/><T4/><D129/><U85/><E133/><V49/><F59/><W75/><G75/><T13/><D123/><U120/><E120/><V130/><F130/><W107/><G128/><T36/><D105/><U96/><E125/><V44/><F57/><W16/><G127/><T37/><REACH who="0" step="1"/><D43/><REACH who="0" ten="240,370,130,250" step="2"/><U70/><E106/><V26/><F103/><W9/><G100/><T131/><D131/><U60/><E41/><V115/><F115/><W95/><G107/><T18/><D18/><U66/><E30/><V20/><F93/><W53/><G119/><T21/><D21/><U72/><E11/><AGARI ba="0,1" hai="4,11,13,32,33,35,36,37,48,54,58,90,94,99" machi="11" ten="40,1300,0" yaku="1,1,53,0" doraHai="76" doraHaiUra="14" who="0" fromWho="1" sc="240,23,370,-13,130,0,250,0" /><INIT seed="2,0,0,1,0,44" ten="263,357,130,250" oya="2" hai0="14,19,58,109,118,59,12,103,122,108,21,26,4" hai1="38,98,69,86,50,2,20,67,11,128,78,135,126" hai2="34,32,119,132,47,75,107,33,83,80,115,82,79" hai3="88,9,6,8,22,131,27,90,51,125,31,117,16"/><V81/><F119/><W95/><G131/><T56/><D118/><U66/><E38/><V104/><F115/><W97/><G125/><T29/><D122/><U0/><E128/><V52/><REACH who="2" step="1"/><F132/><REACH who="2" ten="263,357,120,250" step="2"/><W40/><G117/><T55/><D109/><U49/><E135/><V130/><F130/><W112/><G112/><T57/><D108/><U17/><E126/><V93/><F93/><N who="3" m="56487" /><G6/><T121/><D121/><U41/><E0/><V68/><F68/><W113/><G113/><T106/><D4/><U13/><E2/><V18/><F18/><W42/><G31/><T63/><D29/><U62/><E17/><V61/><F61/><W105/><G105/><T71/><D71/><U53/><E62/><V15/><F15/><W65/><G9/><T54/><D12/><U48/><E13/><V74/><F74/><W102/><G8/><T85/><D14/><U73/><E11/><V96/><F96/><W127/><G127/><T25/><D25/><U28/><E73/><V116/><F116/><W35/><G16/><T101/><D19/><U37/><E98/><V124/><F124/><W24/><G95/><T45/><D26/><N who="1" m="16455" /><E69/><V99/><F99/><W84/><G24/><T133/><D133/><U76/><E86/><V30/><F30/><W110/><G84/><T23/><D106/><U92/><E92/><V70/><F70/><W77/><G27/><T1/><D1/><U91/><E37/><V60/><F60/><W7/><G7/><T94/><D85/><U39/><E39/><V43/><F43/><W36/><G36/><T3/><D3/><U87/><E87/><RYUUKYOKU ba="0,1" sc="263,-10,357,-10,120,30,250,-10" hai2="32,33,34,47,52,75,79,80,81,82,83,104,107" /><INIT seed="2,1,1,5,2,59" ten="253,347,150,240" oya="2" hai0="24,127,65,128,103,57,22,21,36,131,50,76,134" hai1="121,54,105,15,133,53,74,84,99,3,111,46,77" hai2="12,19,120,119,118,20,60,32,102,14,114,83,93" hai3="100,47,87,5,63,110,33,27,7,25,123,80,29"/><V42/><F32/><W115/><G110/><T71/><D36/><U64/><E3/><V85/><F120/><W23/><G100/><T126/><D103/><U10/><E111/><V69/><F114/><W116/><G123/><T91/><D76/><U52/><E121/><V18/><F42/><W51/><G116/><T48/><D71/><U78/><E74/><V37/><F37/><W55/><G115/><T66/><D91/><U109/><E109/><V124/><F124/><N who="0" m="47658" /><D134/><U98/><E105/><V132/><F132/><W17/><G63/><N who="0" m="38127" /><D66/><U107/><E64/><V4/><F4/><W34/><G34/><T73/><D73/><U8/><E107/><V0/><F0/><W88/><AGARI ba="1,1" hai="5,7,17,23,25,27,29,33,47,51,55,80,87,88" machi="88" ten="20,2700,0" yaku="0,1,7,1,54,1" doraHai="59" who="3" fromWho="3" sc="253,-8,347,-8,150,-14,240,40" /><INIT seed="3,0,0,2,1,37" ten="245,339,136,280" oya="3" hai0="74,82,23,104,99,42,2,76,29,66,15,128,91" hai1="85,5,35,0,83,98,113,43,117,69,1,105,87" hai2="41,78,36,70,110,126,11,79,65,46,31,34,54" hai3="12,84,68,135,59,47,97,32,127,92,57,106,121"/><W9/><G68/><T18/><D2/><U8/><E113/><V33/><F126/><W58/><G32/><T95/><D128/><U56/><E69/><V30/><F110/><W40/><G121/><T3/><D3/><U120/><E120/><V52/><F70/><W20/><G135/><T55/><D66/><U118/><E35/><V123/><F123/><W102/><G20/><T61/><D29/><U115/><E115/><V49/><F65/><W134/><G134/><T53/><D61/><U38/><E1/><V16/><F33/><W81/><G106/><T50/><REACH who="0" step="1"/><D104/><REACH who="0" ten="235,339,136,280" step="2"/><U133/><E133/><V71/><F34/><W39/><G127/><T6/><D6/><U73/><E105/><V80/><F71/><W132/><G132/><T129/><D129/><U107/><E107/><V63/><F63/><W26/><G26/><T75/><D75/><U86/><E5/><V28/><F36/><W25/><G25/><T93/><D93/><U67/><E0/><V131/><F131/><W112/><G112/><T108/><D108/><U130/><E130/><V64/><F64/><W122/><G122/><T114/><D114/><U13/><E67/><V109/><F109/><W24/><G24/><T89/><D89/><U21/><E73/><V77/><F80/><W4/><G81/><T119/><D119/><U100/><E83/><V27/><F27/><W48/><G39/><T124/><D124/><U96/><E118/><V88/><F88/><W22/><G22/><T72/><D72/><U19/><E117/><V111/><F111/><W17/><G4/><T10/><D10/><RYUUKYOKU ba="0,1" sc="235,10,339,-30,136,10,280,10" hai0="15,18,23,42,50,53,55,74,76,82,91,95,99" hai2="11,16,28,30,31,41,46,49,52,54,77,78,79" hai3="9,12,17,40,47,48,57,58,59,84,92,97,102" /><INIT seed="3,1,1,4,0,64" ten="245,309,146,290" oya="3" hai0="5,12,114,36,104,86,19,85,69,45,83,93,51" hai1="2,103,133,70,18,52,56,129,92,87,131,33,43" hai2="124,57,132,97,11,60,65,98,13,49,50,107,99" hai3="42,82,46,4,126,39,134,94,78,27,15,128,55"/><W6/><G134/><T26/><D104/><U108/><E2/><V66/><F107/><W30/><G128/><N who="1" m="49226" /><E108/><V100/><F132/><W96/><G55/><T116/><D36/><U95/><E133/><V90/><F124/><W80/><G15/><T111/><D116/><U67/><E33/><V10/><F100/><W23/><G126/><T118/><D118/><U125/><E125/><V63/><F90/><W22/><G22/><T61/><D86/><U8/><E43/><V135/><F135/><W35/><G35/><T130/><D93/><U16/><E8/><V29/><F29/><W110/><G80/><T34/><D5/><U9/><E9/><V105/><F105/><W58/><G58/><T68/><D61/><N who="1" m="40303" /><E92/><V76/><F76/><W28/><G28/><N who="0" m="19735" /><D130/><U62/><E87/><V106/><F106/><W72/><G110/><T44/><D114/><U122/><E122/><V48/><REACH who="2" step="1"/><F13/><REACH who="2" ten="245,309,136,290" step="2"/><W40/><G42/><T121/><D111/><U89/><E89/><AGARI ba="1,2" hai="4,6,23,27,30,39,40,46,72,78,82,89,94,96" machi="89" ten="30,1500,0" yaku="7,1" doraHai="64" who="3" fromWho="1" sc="245,0,309,-18,136,0,290,38" /><INIT seed="3,2,0,2,2,99" ten="245,291,136,328" oya="3" hai0="57,24,16,108,40,104,95,89,51,31,109,13,28" hai1="58,73,103,119,50,54,39,42,123,77,26,115,76" hai2="91,20,12,1,37,97,87,96,94,72,90,130,65" hai3="18,35,55,17,122,81,74,79,132,62,34,112,117"/><W27/><G122/><T111/><D104/><U64/><E123/><V86/><F1/><W3/><G3/><T85/><D24/><U59/><E115/><V100/><F37/><W107/><G117/><T33/><D33/><U15/><E119/><V80/><F65/><W75/><G112/><T105/><D105/><U11/><E26/><V22/><F12/><W125/><G125/><T6/><D6/><U36/><E103/><N who="2" m="60823" /><F20/><W128/><G128/><T38/><D38/><U32/><E32/><V127/><F22/><W101/><G75/><T71/><D71/><U44/><E39/><V120/><F120/><W114/><G132/><T110/><N who="0" m="27648" /><DORA hai="2" /><T4/><D4/><U21/><E21/><V63/><F63/><W47/><G114/><T0/><D0/><U49/><E73/><V83/><F127/><W121/><G121/><T133/><D40/><U93/><E93/><N who="2" m="58415" /><F130/><W113/><G113/><T134/><D31/><U8/><E36/><V43/><F43/><W48/><G62/><T124/><D28/><U14/><E14/><V45/><F45/><W29/><G35/><T9/><D124/><U131/><E131/><V78/><F72/><W41/><G41/><T10/><D9/><N who="1" m="3659" /><E15/><V60/><F60/><AGARI ba="2,0" hai="42,44,49,50,54,58,59,60,64,76,77" m="3659" machi="60" ten="30,1000,0" yaku="8,1" doraHai="99,2" who="1" fromWho="2" sc="245,0,291,16,136,-16,328,0" /><INIT seed="4,0,0,0,5,95" ten="245,307,120,328" oya="0" hai0="69,33,58,128,14,8,99,28,63,21,65,112,86" hai1="43,15,94,119,93,110,60,125,18,97,106,13,77" hai2="103,76,92,129,12,16,134,89,85,46,36,72,9" hai3="123,32,107,39,133,59,4,27,67,23,55,49,47"/><T96/><D112/><U91/><E110/><V31/><F129/><W135/><G32/><T127/><D33/><U51/><E119/><V37/><F134/><W79/><G79/><T38/><D38/><U52/><E106/><V116/><F116/><W90/><G4/><T121/><D121/><U100/><E77/><V50/><F31/><W111/><G107/><T120/><D120/><U115/><E115/><V87/><F72/><W66/><G123/><T81/><D69/><U64/><E43/><V34/><F34/><W80/><G80/><T70/><D70/><U62/><E125/><V35/><F35/><W105/><G105/><T22/><D128/><U41/><E41/><V26/><F26/><W20/><G90/><N who="0" m="51535" /><D127/><U44/><E64/><V88/><F103/><W7/><G7/><N who="0" m="3359" /><D28/><U122/><E122/><V40/><REACH who="2" step="1"/><F76/><REACH who="2" ten="245,307,110,328" step="2"/><W98/><G133/><T108/><D108/><U124/><E124/><V42/><F42/><W130/><G111/><T71/><D71/><U54/><E54/><V113/><F113/><W6/><G55/><T1/><D1/><U45/><E52/><V2/><F2/><W75/><G135/><T5/><D5/><U132/><E132/><V78/><F78/><W17/><G6/><T48/><D48/><U114/><E51/><V104/><F104/><W11/><G49/><T73/><D73/><U68/><E114/><V74/><F74/><W29/><G75/><T19/><D19/><U126/><E126/><V109/><F109/><W118/><G17/><T84/><D65/><U0/><E18/><V131/><F131/><W102/><G130/><RYUUKYOKU ba="0,1" sc="245,-10,307,-10,110,30,328,-10" hai2="9,12,16,36,37,40,46,50,85,87,88,89,92" /><INIT seed="5,1,1,1,1,114" ten="235,297,140,318" oya="1" hai0="92,70,122,134,18,78,66,81,125,45,16,30,35" hai1="47,34,48,56,101,43,69,32,109,39,38,6,15" hai2="102,106,27,25,105,24,44,46,121,77,4,108,53" hai3="28,115,7,67,50,60,3,93,124,82,59,103,132"/><U17/><E6/><V129/><F108/><W89/><G115/><T119/><D119/><U36/><E69/><V29/><F121/><W110/><G110/><T84/><D125/><U26/><E109/><V41/><F129/><W10/><G132/><T123/><D134/><U8/><E101/><V75/><F29/><W33/><G33/><T79/><D66/><U83/><E83/><V97/><F75/><W0/><G28/><T2/><D2/><U131/><E131/><V65/><F77/><W96/><G50/><T128/><D70/><U130/><E130/><V90/><F65/><W74/><G124/><T120/><D128/><U135/><E135/><V94/><F4/><W72/><G3/><T54/><D92/><U133/><E133/><V118/><F118/><W40/><G40/><T11/><D11/><U127/><E127/><V14/><F14/><W55/><G67/><T13/><D13/><U52/><REACH who="1" step="1"/><E26/><REACH who="1" ten="235,287,140,318" step="2"/><V12/><F102/><W9/><G82/><T21/><D81/><U87/><E87/><V61/><F12/><W95/><G9/><T107/><D84/><AGARI ba="1,2" hai="0,7,10,55,59,60,72,74,84,89,93,95,96,103" machi="84" ten="30,1000,0" yaku="7,1" doraHai="114" who="3" fromWho="0" sc="235,-13,287,0,140,0,318,33" /><INIT seed="6,0,0,1,2,68" ten="222,287,140,351" oya="2" hai0="118,111,55,44,121,89,43,95,23,45,113,94,37" hai1="40,54,91,101,105,8,124,126,50,64,106,115,109" hai2="88,82,9,21,33,2,38,42,92,36,48,128,17" hai3="41,133,119,57,4,29,22,84,112,52,135,86,129"/><V132/><F33/><W97/><G119/><T63/><D111/><U19/><E109/><V80/><F128/><W120/><G120/><T49/><D121/><U98/><E40/><V122/><F122/><W83/><G4/><T117/><D113/><U72/><E115/><V53/><F132/><W131/><G41/><T30/><D63/><U5/><E105/><V127/><F127/><N who="1" m="48681" /><E72/><V16/><F42/><W60/><G97/><T24/><REACH who="0" step="1"/><D95/><REACH who="0" ten="212,287,140,351" step="2"/><U108/><E108/><V6/><F82/><W25/><G112/><T61/><D61/><U125/><E125/><V103/><F80/><W39/><G129/><T14/><D14/><U7/><E106/><V28/><F103/><W32/><G131/><T31/><D31/><U96/><E101/><V85/><F28/><W67/><G83/><T11/><D11/><U93/><E8/><V26/><REACH who="2" step="1"/><F17/><REACH who="2" ten="212,287,130,351" step="2"/><W20/><G29/><T102/><D102/><U56/><E19/><V62/><F62/><W34/><G60/><T134/><D134/><U87/><E64/><V58/><AGARI ba="0,2" hai="2,6,9,16,21,26,36,38,48,53,58,85,88,92" machi="58" ten="20,24000,3" yaku="1,1,0,1,7,1,52,2,54,2,53,1" doraHai="68" doraHaiUra="51" who="2" fromWho="2" sc="212,-80,287,-80,130,260,351,-80" /><INIT seed="6,1,0,4,0,72" ten="132,207,390,271" oya="2" hai0="74,110,109,27,117,60,134,95,38,33,124,68,5" hai1="7,10,18,107,48,113,16,42,127,52,65,94,63" hai2="21,130,104,64,122,36,103,6,88,32,135,0,121" hai3="40,44,4,12,126,133,119,24,120,13,53,89,1"/><V14/><F36/><W67/><G120/><T80/><D95/><U23/><E107/><V100/><F104/><W108/><G108/><T82/><D124/><U96/><E127/><V92/><F32/><W30/><G119/><T69/><D134/><U3/><E42/><V128/><F0/><W29/><G67/><T25/><D5/><U19/><E113/><V35/><F35/><W116/><G116/><T22/><D33/><U85/><E85/><V98/><F64/><W111/><G111/><T50/><D38/><U77/><E77/><V114/><F114/><W84/><G133/><T132/><D132/><U125/><E125/><V45/><F45/><W34/><G53/><T55/><D117/><U56/><E23/><V115/><F115/><W106/><G30/><T78/><D82/><U66/><REACH who="1" step="1"/><E63/><REACH who="1" ten="132,197,390,271" step="2"/><V26/><F135/><W2/><G106/><T20/><D60/><U51/><E51/><V87/><F87/><W99/><G126/><T105/><D105/><U8/><E8/><V37/><F37/><W9/><G99/><T79/><D79/><U46/><E46/><V73/><F73/><W57/><G44/><T118/><D118/><U101/><AGARI ba="1,1" hai="3,7,10,16,18,19,48,52,56,65,66,94,96,101" machi="101" ten="30,7900,0" yaku="1,1,0,1,54,2,53,0" doraHai="72" doraHaiUra="28" who="1" fromWho="1" sc="132,-21,197,92,390,-40,271,-21" /><INIT seed="7,0,0,0,5,70" ten="111,289,350,250" oya="3" hai0="28,90,47,14,69,50,30,37,27,133,92,41,54" hai1="15,132,110,74,93,105,118,4,98,119,129,85,38" hai2="102,53,99,12,120,106,17,44,56,2,61,21,18" hai3="77,34,31,51,123,91,95,66,97,5,25,46,71"/><W49/><G123/><T7/><D133/><U112/><E4/><V32/><F32/><W104/><G5/><T79/><D79/><U75/><E15/><V89/><F2/><W134/><G134/><T108/><D108/><U131/><E132/><V40/><F89/><W73/><G77/><T19/><D7/><U116/><E110/><V115/><F115/><W57/><G73/><N who="1" m="27658" /><E112/><V45/><F120/><W100/><G57/><T130/><D130/><N who="1" m="49675" /><E38/><V39/><F45/><W84/><REACH who="3" step="1"/><G46/><REACH who="3" ten="111,289,350,240" step="2"/><T8/><D69/><U111/><E111/><V88/><F56/><W94/><G94/><T48/><D54/><U87/><E105/><V117/><F53/><W9/><G9/><T63/><D63/><AGARI ba="0,1" hai="25,31,34,49,51,63,66,71,84,91,95,97,100,104" machi="63" ten="40,12000,1" yaku="1,1,25,2,53,1" doraHai="70" doraHaiUra="23" who="3" fromWho="0" sc="111,-120,289,0,350,0,240,130" owari="-9,-51.0,289,-11.0,350,15.0,370,47.0" /></mjloggm>