<mjloggm ver="2.3"><GO type="41" lobby="0"/><UN n0="%E6%B7%8B%E7%97%85%E3%81%BD%E3%81%A3%E3%81%8F%E3%82%93" n1="%E3%83%9B%E3%83%B3%E3%83%80%E3%81%95%E3%82%93" n2="%E5%B0%B1%E6%B4%BB%E7%94%9F%40%E5%B7%9D%E6%9D%91%E8%BB%8D%E5%9B%A3" n3="%E7%89%8C%E6%93%8D%E4%BD%9C%E2%98%86" dan="14,14,14,13" rate="1838.11,1907.80,1923.38,1895.54" sx="M,F,M,F"/><TAIKYOKU oya="0"/><INIT seed="0,0,0,4,1,13" ten="250,250,250,250" oya="0" hai0="67,117,5,8,46,12,55,110,93,37,108,44,77" hai1="103,33,84,68,19,43,57,58,86,101,80,87,32" hai2="114,82,106,22,130,60,56,131,6,92,3,112,120" hai3="104,107,126,113,119,111,61,97,115,132,23,76,65"/><T109/><D117/><U69/><E43/><V30/><F106/><W96/><G76/><T17/><D67/><U53/><E80/><V59/><F120/><W70/><G65/><T49/><D77/><U78/><E78/><V38/><F38/><W102/><G23/><T90/><D37/><U1/><E1/><V2/><F82/><W73/><G61/><T25/><D25/><U134/><E134/><V95/><F60/><W26/><G26/><T129/><D129/><N who="2" m="49162" /><F30/><W64/><G64/><T89/><D89/><U71/><E53/><V47/><F47/><W62/><G62/><T15/><D15/><U128/><E19/><V63/><F63/><W27/><G27/><T41/><D41/><U9/><E9/><V83/><F83/><W105/><G70/><T29/><D29/><U7/><E7/><V0/><F6/><W14/><G107/><T66/><D66/><U85/><N who="1" m="22016" /><DORA hai="91" /><U81/><E81/><V11/><F22/><W118/><G73/><T124/><D124/><U54/><E54/><V125/><F11/><W122/><G126/><T40/><D40/><U88/><E128/><V127/><F127/><W39/><G39/><T75/><D75/><U52/><E52/><V42/><F42/><W74/><G74/><T20/><D20/><U24/><E88/><V16/><F16/><W31/><G31/><T98/><D5/><U116/><E24/><V135/><F135/><W50/><G132/><T35/><REACH who="0" step="1"/><D35/><REACH who="0" ten="240,250,250,250" step="2"/><N who="1" m="13387" /><E116/><V72/><F125/><W34/><G119/><T123/><D123/><U133/><E133/><V10/><F72/><W51/><G122/><RYUUKYOKU ba="0,1" sc="240,15,250,15,250,-15,250,-15" hai0="8,12,17,44,46,49,55,90,93,98,108,109,110" hai1="57,58,68,69,71,101,103" /><INIT seed="0,1,1,2,5,27" ten="255,265,235,235" oya="0" hai0="97,119,115,124,30,77,2,129,117,104,11,14,26" hai1="94,37,112,107,28,118,22,3,125,108,18,99,76" hai2="126,82,42,32,109,132,131,60,78,10,33,25,73" hai3="55,72,93,130,21,35,12,102,49,121,85,134,62"/><T15/><D115/><U110/><E37/><V83/><F126/><W51/><G35/><T40/><D77/><U100/><E3/><V19/><F131/><W133/><G72/><T8/><D40/><U86/><E118/><N who="0" m="45065" /><D97/><U68/><E68/><V92/><F132/><N who="3" m="50795" /><G121/><T120/><D104/><U106/><E125/><V96/><F109/><W59/><G130/><T29/><D124/><U101/><E112/><V24/><F42/><W88/><G102/><T46/><D46/><U81/><E28/><N who="0" m="10857" /><D129/><U52/><E101/><V0/><F82/><W9/><G21/><T70/><D70/><U114/><E114/><V38/><F38/><W4/><AGARI ba="1,1" hai="4,9,12,49,51,55,59,62,85,88,93" m="50795" machi="4" ten="30,2000,0" yaku="20,1,54,1" doraHai="27" who="3" fromWho="3" sc="255,-11,265,-6,235,-6,235,33" /><INIT seed="1,0,0,2,0,114" ten="244,259,229,268" oya="1" hai0="20,26,119,135,109,69,19,112,39,120,86,92,131" hai1="35,29,47,105,106,43,80,94,124,108,33,8,60" hai2="132,30,38,99,121,82,74,95,58,50,98,129,5" hai3="117,123,93,130,27,1,66,72,116,18,53,115,14"/><U54/><E124/><V113/><F38/><W2/><G115/><T70/><D92/><U22/><E8/><V101/><F113/><W103/><G123/><T51/><D86/><U87/><E94/><V40/><F121/><W7/><G72/><T84/><D84/><U45/><E108/><V13/><F129/><W37/><G130/><T134/><D51/><U133/><E133/><V107/><F132/><W71/><G37/><T128/><D26/><U104/><E22/><V16/><F30/><W61/><G27/><T15/><D20/><U34/><E29/><V122/><F122/><W9/><G7/><T6/><D6/><U75/><E75/><V28/><F28/><W85/><G53/><T102/><D19/><U48/><E60/><V88/><F5/><W90/><REACH who="3" step="1"/><G103/><REACH who="3" ten="244,259,229,258" step="2"/><T89/><D102/><U4/><E4/><V21/><F40/><W42/><G42/><T56/><D134/><U73/><E73/><V81/><F74/><W63/><G63/><T62/><D62/><U118/><E118/><AGARI ba="0,1" hai="1,2,9,14,18,61,66,71,85,90,93,116,117,118" machi="118" ten="40,12000,2" yaku="1,1,12,1,52,3,53,1" doraHai="114" doraHaiUra="57" who="3" fromWho="1" sc="244,0,259,-120,229,0,258,130" /><INIT seed="2,0,0,1,5,66" ten="244,139,229,388" oya="2" hai0="68,1,94,112,114,130,54,100,75,115,133,73,24" hai1="101,9,12,43,84,125,39,108,102,4,62,6,49" hai2="106,5,63,86,131,90,44,41,19,107,93,77,46" hai3="13,98,21,69,0,132,113,57,97,79,56,10,96"/><V14/><F131/><W117/><G117/><T42/><D1/><U135/><E135/><V81/><F5/><W64/><G132/><T17/><D133/><U8/><E125/><V89/><F63/><W70/><G113/><T34/><D130/><U51/><E108/><V110/><F110/><W127/><G127/><T116/><D42/><U95/><E39/><V29/><F29/><W16/><G79/><T25/><D116/><U28/><E28/><V47/><F89/><W3/><G3/><T35/><D68/><U61/><E43/><V78/><F78/><W74/><G74/><T109/><D109/><U121/><E121/><V105/><F41/><W76/><G76/><T15/><D54/><U33/><E33/><V80/><REACH who="2" step="1"/><F77/><REACH who="2" ten="244,139,219,388" step="2"/><W22/><G0/><T40/><D75/><U53/><E53/><V67/><F67/><W55/><G64/><T124/><D73/><U2/><E2/><V88/><F88/><W129/><G129/><T26/><D40/><U60/><E84/><V27/><F27/><W31/><G31/><T48/><D124/><U23/><E95/><V92/><F92/><W36/><G36/><T52/><D94/><U120/><E120/><V91/><F91/><W128/><G128/><T71/><D100/><U37/><E37/><V38/><F38/><W18/><G97/><T20/><REACH who="0" step="1"/><D71/><REACH who="0" ten="234,139,219,388" step="2"/><U134/><E134/><V83/><F83/><W30/><G70/><T119/><D119/><U122/><E122/><V126/><F126/><W87/><G69/><T99/><D99/><U11/><E102/><V104/><N who="2" m="27136" /><DORA hai="50" /><V72/><F72/><RYUUKYOKU ba="0,2" sc="234,15,139,-15,219,15,388,-15" hai0="15,17,20,24,25,26,34,35,48,52,112,114,115" hai2="14,19,44,46,47,80,81,86,90,93" /><INIT seed="2,1,2,0,3,1" ten="249,124,234,373" oya="2" hai0="73,135,52,19,108,41,97,64,60,120,83,77,20" hai1="123,107,119,3,14,40,70,93,63,53,42,112,103" hai2="124,28,114,32,9,96,29,76,84,81,48,79,62" hai3="71,115,68,8,67,111,34,130,106,11,100,55,85"/><V43/><F114/><W39/><G34/><T47/><D120/><U0/><E112/><V49/><F124/><W116/><G115/><T56/><D108/><U58/><E123/><V69/><F32/><W99/><G116/><T45/><D135/><U44/><E119/><V101/><F76/><W27/><G39/><T33/><D33/><U25/><E107/><V82/><F82/><W59/><G111/><T105/><D105/><U88/><E103/><V87/><F87/><W30/><G130/><T132/><D132/><U127/><E127/><V10/><F69/><W89/><G67/><T86/><D97/><U92/><E70/><V18/><F62/><W2/><G71/><T7/><D7/><U121/><E93/><N who="2" m="58511" /><F48/><W5/><G11/><N who="2" m="4105" /><F18/><W128/><G68/><T65/><D73/><U72/><E121/><V51/><F51/><W126/><G128/><T95/><D95/><U4/><E72/><V12/><F12/><W46/><G126/><T117/><D117/><U113/><E113/><V90/><F90/><W122/><G122/><T98/><D98/><N who="1" m="57607" /><E3/><V16/><F16/><W80/><G46/><AGARI ba="1,2" hai="28,29,43,46,49,79,81,84" m="4105,58511" machi="46" ten="30,1500,0" yaku="8,1" doraHai="1" who="2" fromWho="3" sc="249,0,124,0,234,38,373,-18" /><INIT seed="2,2,0,5,5,122" ten="249,124,272,355" oya="2" hai0="88,46,115,81,132,53,130,78,99,77,85,96,57" hai1="2,40,93,44,114,19,117,106,91,116,95,67,60" hai2="41,107,101,50,63,73,22,58,32,37,102,7,121" hai3="9,56,129,97,66,125,84,108,6,90,92,52,131"/><V36/><F32/><W124/><G66/><T31/><D115/><U12/><E106/><V28/><F73/><W13/><G97/><T24/><D130/><N who="3" m="49673" /><G108/><T126/><D132/><U75/><E75/><V86/><F121/><W3/><G3/><T89/><D126/><U55/><E2/><V128/><F128/><W72/><G72/><T135/><D135/><U120/><E120/><V62/><F107/><W94/><G92/><T82/><D46/><U103/><E114/><V80/><F36/><W49/><AGARI ba="2,0" hai="6,9,13,49,52,56,84,90,94,124,125" m="49673" machi="49" ten="30,2000,0" yaku="19,1,54,1" doraHai="122" who="3" fromWho="3" sc="249,-7,124,-7,272,-12,355,26" /><INIT seed="3,0,0,4,0,80" ten="242,117,260,381" oya="3" hai0="108,124,76,106,13,89,33,134,30,54,125,128,20" hai1="15,111,40,120,83,44,43,26,110,46,133,127,117" hai2="82,57,114,109,93,27,84,25,50,112,7,65,90" hai3="61,45,53,19,29,31,49,11,103,6,67,21,51"/><W101/><G51/><T107/><D108/><N who="1" m="41515" /><E26/><V129/><F109/><W95/><G95/><T1/><D1/><U8/><E120/><V18/><F129/><W85/><G85/><T70/><D70/><U69/><E83/><V71/><F71/><W116/><G116/><T52/><D76/><U75/><E75/><V78/><F7/><W39/><G39/><T123/><D123/><U81/><E81/><V97/><F25/><N who="3" m="14527" /><G11/><T35/><D128/><U132/><E15/><V104/><F104/><N who="0" m="39978" /><D134/><N who="1" m="51819" /><E8/><V10/><F65/><W63/><G6/><T58/><D30/><N who="3" m="11273" /><G67/><T135/><D135/><U14/><E14/><V32/><F32/><N who="0" m="12362" /><D13/><U118/><E69/><V41/><F112/><W37/><G37/><T79/><D20/><U62/><E127/><N who="0" m="48713" /><D79/><U56/><E56/><V126/><F114/><W115/><G115/><T64/><D89/><U87/><E62/><AGARI ba="0,0" hai="45,49,53,61,62,63,101,103" m="11273,14527" machi="62" ten="30,1500,0" yaku="8,1" doraHai="80" who="3" fromWho="1" sc="242,0,117,-15,260,0,381,15" /><AGARI ba="0,0" hai="52,54,58,62,64" m="48713,12362,39978" machi="62" ten="40,2600,0" yaku="18,1,54,1" doraHai="80" who="0" fromWho="1" sc="242,26,102,-26,260,0,396,0" /><INIT seed="3,1,0,0,1,21" ten="268,76,260,396" oya="3" hai0="5,64,68,16,132,47,19,49,83,69,117,4,8" hai1="41,27,12,123,25,57,34,88,130,73,56,119,128" hai2="109,79,100,45,92,105,126,0,91,50,85,115,28" hai3="90,60,3,98,44,33,134,135,102,125,32,67,40"/><W122/><G90/><T55/><D117/><U58/><E73/><V72/><F0/><W9/><G9/><T93/><D132/><N who="3" m="50729" /><G3/><T129/><D129/><N who="1" m="49771" /><E41/><V113/><F28/><W75/><G75/><T116/><D116/><U66/><E123/><V1/><F1/><W7/><G7/><T131/><D131/><U13/><E119/><V46/><F126/><W14/><G14/><N who="1" m="5738" /><E34/><V70/><F70/><N who="3" m="42343" /><G125/><T111/><D111/><U54/><E66/><V61/><F109/><W84/><G84/><T52/><D8/><U6/><E6/><V112/><F61/><W53/><G53/><T120/><D120/><U17/><E17/><V82/><REACH who="2" step="1"/><F50/><REACH who="2" ten="268,76,250,396" step="2"/><N who="3" m="26887" /><G122/><T86/><D68/><U107/><E54/><V81/><F81/><W108/><G108/><T2/><D55/><U26/><E107/><AGARI ba="1,1" hai="32,33,98,102,107" m="26887,42343,50729" machi="107" ten="30,1500,0" yaku="20,1" doraHai="21" who="3" fromWho="1" sc="268,0,76,-18,250,0,396,28" /><INIT seed="3,2,0,3,3,67" ten="268,58,250,424" oya="3" hai0="18,37,134,21,22,34,107,27,19,128,4,84,120" hai1="0,77,117,87,42,102,10,50,49,73,89,121,20" hai2="3,5,135,55,119,132,70,26,76,64,52,108,32" hai3="23,25,106,118,7,81,110,86,113,80,75,11,109"/><W111/><G106/><T78/><D107/><U103/><E121/><V112/><F119/><W59/><G113/><T12/><D37/><U104/><E117/><V98/><F112/><W43/><G118/><T124/><D120/><U2/><E20/><V54/><F108/><W91/><G43/><T69/><D69/><U28/><E28/><N who="2" m="19479" /><F76/><W61/><G75/><T6/><D128/><U68/><E68/><V40/><F40/><W130/><G130/><T35/><D134/><N who="2" m="51242" /><F98/><W38/><G38/><T48/><D124/><U96/><E103/><V46/><F46/><W94/><G23/><N who="0" m="13815" /><D48/><U125/><E125/><V60/><F5/><N who="0" m="2154" /><D84/><U83/><E10/><V92/><F92/><W47/><G25/><N who="0" m="14527" /><D78/><U15/><E15/><V36/><F36/><W72/><G47/><T51/><D51/><U131/><E131/><V115/><F115/><W79/><G79/><T44/><D44/><U30/><E30/><V99/><F99/><W56/><G72/><T13/><D13/><U66/><E66/><V16/><F3/><N who="3" m="511" /><G59/><T82/><D82/><U122/><E122/><V1/><F1/><N who="1" m="617" /><E42/><V116/><F116/><W88/><G91/><T24/><D12/><U97/><E97/><V14/><F55/><AGARI ba="2,0" hai="55,56,61,80,81,86,88,94,109,110,111" m="511" machi="55" ten="30,5800,0" yaku="14,1,10,1,54,1" doraHai="67" who="3" fromWho="2" sc="268,0,58,0,250,-64,424,64" /><INIT seed="3,3,0,3,4,29" ten="268,58,186,488" oya="3" hai0="82,110,88,78,16,61,105,102,18,40,118,4,106" hai1="97,25,59,108,21,70,92,77,54,42,96,99,75" hai2="117,134,52,55,26,127,11,37,131,85,5,114,112" hai3="34,31,0,130,135,32,57,104,24,129,62,51,22"/><W39/><G104/><T19/><D118/><U103/><E70/><V9/><F37/><W63/><G39/><T64/><D110/><U94/><E42/><V89/><F117/><W8/><G135/><T28/><D40/><U80/><E108/><V44/><F134/><W20/><G20/><T66/><D4/><U124/><E124/><V49/><F127/><W113/><G113/><T72/><D28/><U120/><E120/><V116/><F116/><W1/><G51/><T83/><D66/><U2/><E2/><N who="3" m="1130" /><G8/><T43/><D43/><U17/><REACH who="1" step="1"/><E92/><REACH who="1" ten="268,48,186,488" step="2"/><V69/><F69/><W93/><G93/><T84/><REACH who="0" step="1"/><D102/><REACH who="0" ten="258,48,186,488" step="2"/><U14/><E14/><V125/><F125/><W119/><G119/><T86/><D86/><U76/><E76/><V35/><F85/><W95/><G95/><T122/><D122/><U38/><E38/><V36/><F36/><W109/><G109/><T58/><AGARI ba="3,2" hai="16,18,19,58,61,64,72,78,82,83,84,88,105,106" machi="58" ten="30,7900,0" yaku="1,1,0,1,54,2,53,0" doraHai="29" doraHaiUra="98" who="0" fromWho="0" sc="258,108,48,-23,186,-23,488,-42" /><INIT seed="4,0,0,2,4,33" ten="366,25,163,446" oya="0" hai0="78,22,2,105,100,8,18,48,115,127,55,69,79" hai1="31,75,7,122,87,83,85,71,49,77,107,39,67" hai2="123,64,20,37,113,102,16,129,10,97,29,45,50" hai3="26,90,94,74,0,110,104,43,80,52,51,70,14"/><T56/><D69/><U19/><E39/><V57/><F123/><W131/><G104/><T68/><D68/><U111/><E107/><V96/><F113/><W15/><G70/><T38/><D38/><U73/><E122/><V135/><F135/><W121/><G43/><T103/><D115/><U92/><E31/><V59/><F129/><W40/><G131/><T65/><D65/><U89/><E71/><V30/><F37/><W36/><G40/><T72/><D127/><U6/><E67/><V35/><F35/><W108/><G36/><T32/><D32/><U119/><E49/><V84/><F84/><W91/><G121/><T28/><D28/><N who="2" m="10858" /><F10/><W46/><G26/><T124/><D124/><U130/><E19/><V106/><F106/><W62/><G15/><T126/><D126/><U21/><E21/><V54/><F102/><W101/><G0/><T5/><D100/><U1/><E7/><V47/><F47/><W120/><G101/><T42/><D42/><U82/><E6/><V11/><F11/><W44/><G46/><T98/><REACH who="0" step="1"/><D72/><REACH who="0" ten="356,25,163,446" step="2"/><N who="1" m="27723" /><E1/><V133/><F133/><W117/><G74/><T24/><AGARI ba="0,1" hai="2,5,8,18,22,24,48,55,56,78,79,98,103,105" machi="24" ten="20,7800,0" yaku="1,1,0,1,7,1,52,1,53,0" doraHai="33" doraHaiUra="109" who="0" fromWho="0" sc="356,88,25,-26,163,-26,446,-26" owari="444,54.0,-1,-50.0,137,-26.0,420,22.0" /></mjloggm>