<mjloggm ver="2.3"><GO type="97" lobby="0"/><UN n0="%E5%AF%BE%E9%9D%A2%E3%81%AF%E3%83%90%E3%82%A4" n1="%E3%82%B1%E3%83%B3%E3%83%A4%E2%98%85" n2="%E3%83%88%E3%83%88%E3%83%AA%E5%85%88%E7%94%9F%31%39%E6%AD%B3" n3="%74%75%75%6B%61%69%33" dan="13,14,13,13" rate="1807.95,2034.23,1976.58,1863.66" sx="M,M,F,M"/><TAIKYOKU oya="0"/><INIT seed="0,0,0,0,4,48" ten="250,250,250,250" oya="0" hai0="24,94,67,72,91,133,19,50,23,9,83,75,97" hai1="26,31,64,81,82,114,54,20,47,78,123,62,111" hai2="86,6,117,12,35,32,27,89,96,104,66,134,121" hai3="115,110,101,46,120,60,74,106,118,98,52,128,126"/><T36/><D36/><U17/><E111/><V51/><F121/><W135/><RYUUKYOKU type="yao9" ba="0,0" sc="250,0,250,0,250,0,250,0" hai3="46,52,60,74,98,101,106,110,115,118,120,126,128,135" /><INIT seed="0,1,0,3,3,76" ten="250,250,250,250" oya="0" hai0="20,48,102,42,87,50,35,82,107,130,91,123,22" hai1="57,59,61,17,55,120,13,106,3,26,95,14,37" hai2="58,65,4,25,33,30,98,45,104,67,66,132,125" hai3="11,27,118,77,109,115,53,100,73,70,8,69,10"/><T23/><D130/><U101/><E3/><V52/><F132/><W85/><G118/><T99/><D123/><U54/><E120/><V6/><F125/><W74/><G115/><T93/><D35/><U88/><E37/><V116/><F116/><W32/><G109/><T7/><D7/><U44/><E106/><V78/><F45/><W31/><G100/><T75/><REACH who="0" step="1"/><D42/><REACH who="0" ten="240,250,250,250" step="2"/><U19/><E44/><V131/><F131/><W112/><G112/><T113/><D113/><U122/><E122/><V90/><F4/><W1/><G1/><T96/><D96/><U16/><E26/><V111/><F111/><W18/><G27/><T2/><D2/><U5/><E5/><V43/><F43/><W97/><G97/><T114/><D114/><U15/><E101/><V38/><F6/><W68/><G32/><T49/><D49/><N who="1" m="30927" /><E13/><V46/><F33/><W103/><G31/><T126/><D126/><U0/><E0/><V36/><F36/><W60/><G103/><T9/><D9/><U51/><E51/><N who="2" m="28791" /><F38/><W81/><REACH who="3" step="1"/><G18/><REACH who="3" ten="240,250,250,240" step="2"/><T72/><D72/><U28/><E28/><V128/><F128/><W47/><G47/><T129/><D129/><U135/><E135/><V62/><F25/><W83/><G83/><T63/><D63/><U86/><AGARI ba="1,2" hai="14,15,16,17,19,55,59,61,86,88,95" m="30927" machi="86" ten="30,4000,0" yaku="8,1,54,2" doraHai="76" who="1" fromWho="1" sc="240,-21,250,63,250,-11,240,-11" /><INIT seed="1,0,0,5,1,81" ten="219,313,239,229" oya="1" hai0="57,44,0,53,52,108,20,86,87,125,4,109,61" hai1="102,129,9,36,42,10,93,39,35,14,29,33,37" hai2="68,69,96,45,22,124,47,79,65,12,1,114,59" hai3="31,85,70,111,90,74,91,116,99,117,128,77,106"/><U132/><E129/><V54/><F1/><W48/><G70/><T88/><D125/><U43/><E132/><V122/><F122/><W97/><G48/><N who="0" m="28807" /><D20/><U76/><E76/><V46/><F124/><W121/><G31/><T32/><D32/><U123/><E123/><V24/><F114/><W101/><G121/><T131/><D88/><N who="3" m="33833" /><G128/><T21/><D131/><U72/><E72/><V127/><F127/><W134/><G134/><T7/><D21/><U2/><E2/><V56/><F79/><W27/><G27/><T105/><D105/><U95/><E102/><V71/><F12/><W78/><G111/><N who="0" m="42571" /><D7/><U34/><E29/><V13/><F24/><W67/><G67/><T8/><AGARI ba="0,0" hai="0,4,8,52,57,61,86,87" m="42571,28807" machi="8" ten="30,7900,0" yaku="14,1,52,2,54,1" doraHai="81" who="0" fromWho="0" sc="219,79,313,-39,239,-20,229,-20" /><INIT seed="2,0,0,5,3,33" ten="298,274,219,209" oya="2" hai0="48,120,76,130,104,2,82,63,29,118,88,58,10" hai1="115,15,20,39,62,8,90,127,102,1,93,30,0" hai2="5,16,84,21,61,68,13,72,94,71,101,91,77" hai3="12,23,132,75,85,86,126,92,133,64,9,122,59"/><V51/><F101/><W35/><G35/><T34/><D120/><U106/><E39/><V69/><F5/><W124/><G75/><T36/><D36/><U18/><E115/><V121/><F121/><W79/><G122/><T87/><D130/><U54/><E127/><N who="3" m="48682" /><G79/><T107/><D118/><U117/><E102/><V60/><REACH who="2" step="1"/><F51/><REACH who="2" ten="298,274,209,209" step="2"/><W38/><G38/><T55/><D48/><U53/><E117/><V26/><F26/><W116/><G116/><T22/><D104/><U7/><E106/><V78/><F78/><W47/><G132/><T41/><D107/><U128/><E128/><V17/><F17/><W32/><G133/><T52/><D41/><U80/><E18/><V6/><F6/><W56/><G32/><T109/><D109/><U66/><E7/><V4/><F4/><W110/><G110/><T108/><D108/><U57/><E30/><V81/><AGARI ba="0,1" hai="13,16,21,60,61,68,69,71,72,77,81,84,91,94" machi="81" ten="40,7800,0" yaku="1,1,0,1,54,1,53,0" doraHai="33" doraHaiUra="129" who="2" fromWho="2" sc="298,-26,274,-26,209,88,209,-26" /><INIT seed="2,1,0,4,5,49" ten="272,248,297,183" oya="2" hai0="78,126,45,52,0,80,106,83,120,87,103,113,9" hai1="15,130,64,53,5,76,24,74,29,7,26,46,85" hai2="21,121,91,125,41,94,59,23,115,82,90,93,133" hai3="56,17,75,50,89,96,20,88,16,60,44,3,22"/><V1/><F115/><W67/><G75/><T43/><D113/><U107/><E107/><V58/><F121/><W51/><G3/><T123/><D126/><U55/><E74/><V70/><F70/><W77/><G77/><T32/><D32/><U27/><E29/><V68/><F68/><W117/><G117/><T28/><D28/><U39/><E64/><V95/><F1/><W81/><G96/><T105/><D80/><N who="1" m="47239" /><E39/><V6/><F6/><N who="1" m="2057" /><E130/><V40/><F133/><W19/><G51/><T18/><D0/><U71/><E71/><V101/><F101/><W65/><G65/><T129/><D129/><U14/><E46/><V102/><F102/><W104/><G104/><T47/><D103/><U36/><E36/><V84/><F125/><W61/><G61/><T109/><D105/><U110/><E110/><V132/><F132/><W8/><G8/><T112/><D109/><U124/><E124/><V11/><F11/><W54/><REACH who="3" step="1"/><G81/><REACH who="3" ten="272,248,297,173" step="2"/><N who="0" m="47543" /><D106/><U10/><E10/><V38/><F38/><W131/><G131/><T118/><D118/><U99/><E99/><N who="2" m="57783" /><F82/><W13/><G13/><AGARI ba="1,1" hai="13,14,15,24,26,27,53,55" m="2057,47239" machi="13" ten="30,3900,0" yaku="8,1,52,2" doraHai="49" who="1" fromWho="3" sc="272,0,248,52,297,0,173,-42" /><INIT seed="3,0,0,2,5,6" ten="272,300,297,131" oya="3" hai0="90,101,22,13,120,43,134,104,111,99,97,35,83" hai1="60,17,72,25,57,7,103,81,34,0,107,89,78" hai2="91,94,46,26,88,86,79,44,124,135,55,112,10" hai3="123,51,30,24,129,93,87,80,12,102,36,48,37"/><W41/><G123/><T18/><D120/><U128/><E128/><V15/><F112/><W54/><G129/><T71/><D111/><U38/><E38/><V61/><F135/><W14/><G36/><T65/><D134/><U96/><E7/><N who="2" m="3551" /><F124/><W49/><G37/><T8/><D35/><U68/><E0/><V85/><F79/><N who="3" m="46495" /><G41/><T133/><D133/><U126/><E68/><V32/><F32/><W31/><G54/><T105/><D43/><U1/><E1/><V95/><F26/><W47/><G47/><N who="2" m="17961" /><F55/><W117/><G117/><T59/><D71/><U77/><E77/><V27/><F27/><W5/><G24/><T4/><D104/><U113/><E113/><V119/><F119/><W70/><G70/><T125/><D125/><U63/><E126/><V28/><F28/><N who="3" m="10795" /><G5/><T92/><D105/><U62/><E34/><V131/><F131/><W19/><G19/><T118/><D118/><U76/><E17/><V42/><F42/><W127/><G127/><T23/><D18/><U82/><E25/><V9/><F61/><W21/><G21/><T116/><D116/><U2/><E2/><V66/><F9/><W115/><G115/><T29/><D29/><U84/><E57/><V114/><F114/><W20/><G20/><T74/><D74/><U40/><E40/><V122/><F122/><W106/><G106/><T98/><D101/><U67/><E67/><AGARI ba="0,0" hai="66,67,85,86,88,91,94,95" m="17961,3551" machi="67" ten="30,3900,0" yaku="8,1,52,1,54,1" doraHai="6" who="2" fromWho="1" sc="272,0,300,-39,297,39,131,0" owari="272,7.0,261,-14.0,336,44.0,131,-37.0" /></mjloggm>