<mjloggm ver="2.3"><GO type="41" lobby="0"/><UN n0="%C3%97%E3%81%BE%E3%81%95%E3%81%AE%E3%82%86%C3%97" n1="%E5%B0%B1%E6%B4%BB%E7%94%9F%40%E5%B7%9D%E6%9D%91%E8%BB%8D%E5%9B%A3" n2="%E8%BF%BD%E6%86%B6%E3%81%AE%E3%83%B4%E3%82%A3%E3%83%B4%E3%82%A3" n3="%6B%79%75%75%6B%6F%6B%75" dan="15,16,14,13" rate="1996.69,2128.94,1900.68,1872.22" sx="M,M,M,M"/><TAIKYOKU oya="0"/><INIT seed="0,0,0,2,3,67" ten="250,250,250,250" oya="0" hai0="102,108,41,121,21,43,16,59,122,3,103,39,133" hai1="53,61,73,100,75,15,72,17,129,70,49,123,20" hai2="92,90,13,80,12,25,91,119,50,89,106,38,37" hai3="52,69,82,7,96,66,32,42,88,112,86,35,36"/><T47/><D3/><U34/><E123/><V87/><F106/><W117/><G112/><T26/><D133/><U0/><E129/><V11/><F119/><W81/><G117/><T130/><D130/><U51/><E34/><V114/><F114/><W56/><G7/><T98/><D108/><U120/><E120/><V125/><F125/><W30/><G35/><T101/><D43/><U71/><E0/><V83/><F25/><W109/><G109/><T110/><D110/><U74/><N who="1" m="18944" /><DORA hai="6" /><U134/><E134/><V135/><F135/><W77/><G96/><T68/><D68/><U19/><E100/><V132/><F132/><W40/><G36/><T28/><D98/><U107/><E107/><V46/><F83/><W94/><G82/><T115/><D115/><U2/><E2/><V22/><F22/><W33/><G30/><T31/><D122/><U58/><REACH who="1" step="1"/><E19/><REACH who="1" ten="250,240,250,250" step="2"/><V131/><F131/><W5/><G32/><T97/><D121/><U113/><E113/><V14/><F92/><W76/><G33/><T62/><REACH who="0" step="1"/><D97/><REACH who="0" ten="240,240,250,250" step="2"/><U78/><E78/><V9/><F87/><W93/><G76/><T23/><D23/><U84/><E84/><V79/><F79/><W60/><G77/><T27/><D27/><U95/><E95/><V55/><REACH who="2" step="1"/><F80/><REACH who="2" ten="240,240,240,250" step="2"/><W118/><G94/><T24/><D24/><U105/><E105/><V127/><F127/><W54/><G93/><T18/><D18/><U63/><E63/><V128/><F128/><W1/><G60/><T8/><D8/><AGARI ba="0,3" hai="8,9,11,12,13,14,37,38,46,50,55,89,90,91" machi="8" ten="40,8000,1" yaku="1,1,52,3,53,0" doraHai="67,6" doraHaiUra="126,104" who="2" fromWho="0" sc="240,-80,240,0,240,110,250,0" /><INIT seed="1,0,0,1,3,55" ten="160,240,350,250" oya="1" hai0="82,36,19,122,97,56,74,70,133,9,17,25,84" hai1="21,71,53,87,104,115,120,51,85,117,124,3,77" hai2="24,94,20,30,12,128,92,135,60,91,27,22,78" hai3="108,110,121,54,41,26,123,31,93,99,112,40,114"/><U0/><E104/><V39/><F135/><W50/><G31/><T98/><D70/><U5/><E120/><N who="3" m="46154" /><G26/><T48/><D36/><U76/><E117/><V132/><F128/><W14/><G14/><T1/><D122/><U66/><E124/><V15/><F39/><W28/><G28/><T105/><D74/><U8/><E115/><N who="3" m="44074" /><G93/><N who="2" m="35945" /><F132/><W64/><G64/><T6/><D133/><U46/><E3/><V118/><F118/><W75/><G99/><T62/><D48/><U111/><E111/><N who="3" m="42538" /><G75/><T47/><D98/><U106/><E106/><V34/><F15/><W37/><G37/><T11/><D11/><U63/><REACH who="1" step="1"/><E21/><REACH who="1" ten="160,230,350,250" step="2"/><V69/><F22/><W57/><AGARI ba="0,1" hai="40,41,50,54,57" m="42538,44074,46154" machi="57" ten="40,8000,1" yaku="14,1,34,2,52,1" doraHai="55" who="3" fromWho="3" sc="160,-20,230,-40,350,-20,250,90" /><INIT seed="2,0,0,5,3,116" ten="140,190,330,340" oya="2" hai0="112,134,103,50,45,105,87,36,86,122,53,18,3" hai1="91,28,77,63,118,89,24,85,129,106,109,127,52" hai2="130,98,62,21,117,125,57,94,74,16,108,119,42" hai3="31,65,113,123,7,73,9,92,22,10,135,35,95"/><V55/><F125/><W67/><G73/><T110/><D112/><U82/><E118/><V4/><F130/><W26/><G123/><T99/><D3/><U54/><E127/><V101/><F74/><W51/><G135/><T83/><D134/><U32/><E129/><V49/><F108/><W132/><G132/><T12/><D110/><U23/><E106/><V37/><F37/><W80/><G80/><T43/><D122/><U90/><E109/><V61/><F4/><W40/><G113/><T88/><D86/><U5/><E32/><V81/><F81/><W48/><G35/><T78/><D36/><U70/><REACH who="1" step="1"/><E5/><REACH who="1" ten="140,180,330,340" step="2"/><V47/><REACH who="2" step="1"/><F61/><REACH who="2" ten="140,180,320,340" step="2"/><W20/><G7/><T84/><D43/><U2/><E2/><V64/><F64/><AGARI ba="0,2" hai="23,24,28,52,54,63,64,70,77,82,85,89,90,91" machi="64" ten="40,2600,0" yaku="1,1,54,1,53,0" doraHai="116" doraHaiUra="102" who="1" fromWho="2" sc="140,0,180,46,320,-26,340,0" /><INIT seed="3,0,0,4,0,63" ten="140,226,294,340" oya="3" hai0="17,90,6,109,68,71,110,130,86,60,79,42,73" hai1="118,2,34,50,83,48,122,104,12,10,51,105,49" hai2="44,102,98,77,38,114,126,32,65,23,11,15,116" hai3="96,41,39,55,74,40,85,91,20,84,70,127,9"/><W21/><G74/><T92/><D6/><U69/><E122/><V107/><F32/><W31/><G127/><T119/><D119/><U52/><E118/><V121/><F116/><W1/><G70/><T33/><D42/><U72/><E2/><V28/><F114/><W103/><G39/><T108/><D130/><U54/><E34/><V19/><F77/><W111/><G111/><T56/><D33/><U22/><E69/><V117/><F117/><W134/><G134/><T35/><D35/><U132/><E132/><V27/><F126/><W131/><G131/><T25/><D25/><U81/><E22/><V123/><F38/><W101/><G1/><T3/><D3/><U94/><E94/><V113/><F113/><W18/><G9/><T124/><D17/><U80/><E72/><V7/><F44/><W82/><G85/><T78/><D124/><U135/><E135/><V89/><F28/><W0/><G0/><T128/><D128/><U64/><E64/><V45/><F45/><W75/><G75/><T4/><D4/><U13/><N who="1" m="12800" /><DORA hai="125" /><U61/><E61/><V87/><REACH who="2" step="1"/><F65/><REACH who="2" ten="140,226,284,340" step="2"/><W62/><G55/><N who="1" m="21034" /><E10/><V129/><F129/><W93/><G41/><T88/><D73/><U57/><E57/><V115/><F115/><W133/><G40/><T99/><D71/><U16/><E16/><V47/><F47/><W36/><G18/><T106/><D68/><U97/><E97/><V14/><F14/><AGARI ba="0,1" hai="12,13,14,80,81,83,104,105" m="21034,12800" machi="14" ten="50,6400,0" yaku="28,2,54,1" doraHai="63,125" who="1" fromWho="2" sc="140,0,226,74,284,-64,340,0" /><INIT seed="4,0,0,3,4,45" ten="140,300,220,340" oya="0" hai0="105,103,116,95,91,104,23,79,62,71,70,9,14" hai1="13,32,24,8,114,40,113,43,99,111,68,27,92" hai2="16,112,124,74,50,44,11,25,126,100,83,117,87" hai3="96,38,135,3,125,19,102,20,107,26,55,47,121"/><T35/><D35/><U33/><E68/><V106/><F74/><W21/><G3/><T119/><D79/><U42/><E111/><V127/><F112/><N who="1" m="43113" /><E33/><V61/><F117/><W85/><G135/><T58/><D23/><U123/><E32/><V17/><F61/><W115/><G115/><T90/><D116/><U56/><E56/><V122/><F122/><W4/><G4/><T93/><D119/><U120/><E27/><V82/><F82/><W18/><G125/><T53/><D71/><U133/><E24/><V132/><F132/><W86/><G121/><T81/><D70/><U57/><E57/><V80/><F80/><W110/><G110/><T76/><D103/><N who="1" m="60903" /><E133/><V78/><F25/><W2/><G2/><T1/><D1/><U98/><E98/><N who="2" m="61719" /><F11/><W49/><REACH who="3" step="1"/><G38/><REACH who="3" ten="140,300,220,330" step="2"/><T15/><D105/><U108/><E108/><V131/><F131/><W12/><AGARI ba="0,1" hai="12,18,19,20,21,26,47,49,55,85,86,96,102,107" machi="12" ten="20,8000,1" yaku="1,1,2,1,0,1,7,1,52,1,53,0" doraHai="45" doraHaiUra="5" who="3" fromWho="3" sc="140,-40,300,-20,220,-20,330,90" /><INIT seed="5,0,0,4,3,56" ten="100,280,200,420" oya="1" hai0="135,35,25,124,53,82,119,72,126,100,83,101,60" hai1="75,80,54,34,29,42,9,51,44,109,120,58,5" hai2="85,99,61,123,127,90,102,21,40,4,81,71,112" hai3="6,107,3,70,2,52,108,39,22,93,20,87,76"/><U98/><E120/><V14/><F123/><W30/><G108/><T103/><D119/><U118/><E118/><V59/><F127/><W69/><G107/><T84/><D35/><U57/><E109/><V88/><F112/><W105/><G39/><T65/><D135/><U115/><E115/><V129/><F71/><W46/><G105/><T132/><D132/><U10/><E98/><V27/><F129/><W19/><G30/><T114/><D114/><U78/><E57/><V116/><F40/><W74/><G22/><T110/><D110/><U13/><E10/><N who="2" m="4423" /><F116/><W41/><G41/><T86/><D25/><U89/><E89/><N who="2" m="51375" /><F99/><W67/><G67/><T121/><D53/><U15/><E29/><N who="2" m="17647" /><F102/><W48/><G74/><T31/><D31/><U26/><E26/><V92/><F92/><W23/><G93/><T32/><D32/><U0/><REACH who="1" step="1"/><E34/><REACH who="1" ten="100,270,200,420" step="2"/><V79/><F79/><W73/><G76/><N who="0" m="44295" /><D121/><U36/><AGARI ba="0,1" hai="0,5,9,13,15,36,42,44,51,54,58,75,78,80" machi="36" ten="20,18000,2" yaku="1,1,0,1,7,1,25,2,53,2" doraHai="56" doraHaiUra="11" who="1" fromWho="1" sc="100,-60,270,190,200,-60,420,-60" /><INIT seed="5,1,0,5,1,11" ten="40,460,140,360" oya="1" hai0="67,13,120,91,81,51,126,26,135,35,20,16,39" hai1="14,66,69,75,71,134,123,28,111,6,30,90,109" hai2="87,61,19,128,119,80,17,33,50,9,84,98,62" hai3="58,82,127,102,83,131,132,122,25,49,89,57,0"/><U95/><E123/><V31/><F128/><W76/><G122/><T40/><D39/><U18/><E75/><V38/><F38/><W48/><G0/><T93/><D120/><U107/><E107/><V2/><F2/><W34/><G131/><T78/><D67/><U10/><E134/><V125/><F125/><W85/><G132/><T59/><D135/><U113/><E113/><V45/><F98/><W1/><G1/><T96/><D126/><U112/><E112/><V5/><F5/><W70/><G70/><T32/><D26/><U79/><E79/><V36/><F36/><W60/><G102/><T12/><D12/><U23/><E30/><V21/><F33/><W104/><G104/><T63/><D51/><U100/><E28/><V8/><F31/><W129/><G34/><T55/><REACH who="0" step="1"/><D40/><REACH who="0" ten="30,460,140,360" step="2"/><U103/><E66/><V92/><F62/><W46/><G25/><T118/><D118/><U4/><E71/><V22/><F61/><W52/><G49/><T15/><D15/><U101/><E69/><V3/><F3/><W7/><G127/><T64/><D64/><U74/><E14/><V43/><F119/><W99/><G7/><T54/><D54/><U106/><E6/><V130/><F130/><W110/><G129/><T94/><D94/><U114/><E4/><V37/><F37/><W105/><G105/><T88/><D88/><U116/><E116/><V86/><F92/><W56/><G60/><T72/><AGARI ba="1,1" hai="13,16,20,32,35,55,59,63,72,78,81,91,93,96" machi="72" ten="20,8000,1" yaku="1,1,0,1,7,1,52,1,54,1,53,0" doraHai="11" doraHaiUra="121" who="0" fromWho="0" sc="30,93,460,-41,140,-21,360,-21" /><INIT seed="6,0,0,2,3,19" ten="123,419,119,339" oya="2" hai0="56,130,71,36,45,133,87,129,68,61,15,29,63" hai1="124,0,32,9,35,78,95,26,60,100,96,30,85" hai2="31,115,34,111,8,86,16,62,90,4,107,104,117" hai3="98,93,116,97,58,7,122,67,109,23,103,99,121"/><V52/><F117/><W75/><G116/><T11/><D133/><U41/><E124/><V51/><F115/><W14/><G109/><T20/><D87/><U106/><E35/><V43/><F111/><W27/><G75/><T21/><D36/><U65/><E41/><V131/><F131/><N who="0" m="50186" /><D45/><U128/><E128/><V76/><F76/><W105/><G98/><T83/><D83/><U110/><E110/><V13/><F34/><W77/><G77/><T114/><D114/><U132/><E132/><V12/><F31/><W33/><G33/><T134/><D134/><U69/><E78/><V39/><F39/><W135/><G135/><T24/><D20/><U80/><E80/><V10/><F43/><W53/><G67/><N who="0" m="39335" /><D63/><U70/><E70/><V5/><F62/><W119/><G119/><T42/><D42/><U120/><E120/><V88/><F90/><W123/><G14/><T118/><D118/><U125/><E125/><V48/><F48/><W22/><G7/><AGARI ba="0,0" hai="7,11,15,21,24,29,68,71" m="39335,50186" machi="7" ten="30,2000,0" yaku="19,1,52,1" doraHai="19" who="0" fromWho="3" sc="123,20,419,0,119,0,339,-20" /><INIT seed="7,0,0,3,1,38" ten="143,419,119,319" oya="3" hai0="97,107,51,102,85,63,88,124,83,90,112,87,49" hai1="39,43,36,55,24,46,8,16,79,44,114,30,52" hai2="127,68,126,47,130,12,129,104,56,110,59,40,115" hai3="75,48,106,134,132,13,9,53,41,29,64,125,28"/><W58/><G75/><T77/><D63/><U70/><E70/><V84/><F104/><W18/><G106/><T50/><D124/><N who="2" m="47658" /><F68/><W120/><G125/><T123/><D123/><U76/><E114/><V74/><F74/><W96/><G120/><T45/><D112/><U0/><E0/><V22/><F115/><W69/><G96/><T122/><D122/><U108/><E108/><V65/><F110/><W111/><G111/><T20/><D20/><U3/><E3/><V5/><F65/><W6/><G6/><T116/><D116/><U33/><E76/><V91/><F22/><W21/><G21/><T54/><D77/><U1/><E52/><V23/><F12/><W27/><G27/><T4/><D4/><U86/><E16/><V35/><F35/><W19/><G19/><T105/><D105/><U17/><E86/><V113/><F23/><W95/><G95/><AGARI ba="0,0" hai="45,49,50,51,54,83,85,87,88,90,95,97,102,107" machi="95" ten="30,2000,0" yaku="7,1,54,1" doraHai="38" who="0" fromWho="3" sc="143,20,419,0,119,0,319,-20" owari="163,-24.0,419,52.0,119,-38.0,299,10.0" /></mjloggm>