<mjloggm ver="2.3"><GO type="97" lobby="0"/><UN n0="%E3%83%88%E3%83%88%E3%83%AA%E5%85%88%E7%94%9F%31%39%E6%AD%B3" n1="%53%54%4F%59%41%4E" n2="%54%61%6E%79" n3="%6B%6F%69%6E%6B%6F%69%6E" dan="15,14,14,14" rate="2019.82,1878.78,1931.42,1893.70" sx="F,M,M,M"/><TAIKYOKU oya="0"/><INIT seed="0,0,0,1,4,119" ten="250,250,250,250" oya="0" hai0="64,68,74,86,110,75,104,98,124,12,2,79,55" hai1="46,50,3,109,56,59,72,69,39,126,99,123,63" hai2="88,51,36,94,57,27,132,91,93,28,21,49,115" hai3="125,22,53,71,37,117,76,15,134,17,43,102,101"/><T11/><D2/><U107/><E72/><V60/><F115/><W19/><G117/><T61/><D110/><U128/><E3/><V66/><F36/><W81/><G71/><T10/><D124/><U6/><E6/><V14/><F132/><W20/><G134/><T29/><D10/><U78/><E78/><V25/><F25/><W67/><G125/><T45/><D29/><U41/><E107/><V85/><REACH who="2" step="1"/><F14/><REACH who="2" ten="250,250,240,250" step="2"/><W7/><G37/><T1/><D1/><U9/><E39/><V33/><F33/><W13/><G7/><T118/><D118/><U111/><E126/><V52/><F52/><W90/><G53/><T70/><D55/><U105/><E111/><V32/><F32/><W31/><G43/><T103/><D45/><U42/><E46/><V77/><F77/><W23/><G67/><T4/><REACH who="0" step="1"/><D68/><REACH who="0" ten="240,250,240,250" step="2"/><U16/><E109/><V133/><F133/><W129/><G31/><T0/><D0/><U84/><E9/><V120/><F120/><W96/><G23/><T35/><D35/><U30/><E123/><V95/><F95/><W18/><G20/><T48/><D48/><U92/><E69/><V130/><F130/><W83/><G129/><T97/><D97/><AGARI ba="0,2" hai="21,27,28,49,51,57,60,66,85,88,91,93,94,97" machi="97" ten="30,7700,0" yaku="1,1,7,1,8,1,54,1,53,0" doraHai="119" doraHaiUra="34" who="2" fromWho="0" sc="240,-77,250,0,240,97,250,0" /><INIT seed="1,0,0,4,1,12" ten="163,250,337,250" oya="1" hai0="104,110,93,97,122,84,99,3,29,103,13,121,34" hai1="123,56,43,111,60,19,85,10,66,50,38,113,44" hai2="91,28,67,14,90,1,36,100,17,42,77,31,96" hai3="134,2,26,52,27,128,79,101,125,5,63,46,8"/><U61/><E123/><V39/><F1/><W32/><G125/><T108/><D3/><U75/><E75/><V88/><F77/><W131/><G79/><T98/><D13/><U22/><E113/><V81/><F81/><W82/><G82/><T68/><D68/><U74/><E74/><V25/><F67/><W80/><G80/><T59/><D59/><U124/><E124/><V129/><F129/><W9/><G101/><T37/><D37/><U64/><E111/><N who="0" m="42537" /><D29/><U7/><E85/><V18/><F18/><W30/><G134/><T105/><D34/><U71/><E38/><V24/><F24/><W89/><G89/><N who="0" m="53415" /><D103/><U35/><E35/><V57/><F57/><W94/><G94/><T62/><D62/><U130/><E130/><V106/><F42/><W48/><G63/><T115/><D115/><U114/><E114/><V54/><F54/><W4/><REACH who="3" step="1"/><G27/><REACH who="3" ten="163,250,337,240" step="2"/><T53/><D53/><U120/><E120/><AGARI ba="0,1" hai="97,98,99,104,105,120,121,122" m="53415,42537" machi="120" ten="40,8000,1" yaku="13,1,14,1,34,2" doraHai="12" who="0" fromWho="1" sc="163,90,250,-80,337,0,240,0" /><INIT seed="2,0,0,1,5,102" ten="253,170,337,240" oya="2" hai0="113,5,31,36,129,83,104,114,120,63,70,108,43" hai1="37,21,68,58,7,51,107,89,22,125,44,67,49" hai2="85,134,2,25,98,53,33,72,57,1,42,11,73" hai3="35,86,97,80,111,126,124,101,24,28,103,48,47"/><V60/><F134/><W50/><G111/><T135/><D108/><U93/><E107/><V39/><F39/><W87/><G103/><T52/><D120/><U30/><E125/><N who="3" m="48234" /><G47/><N who="0" m="24039" /><D104/><U15/><E37/><V34/><F42/><W78/><G87/><T4/><D31/><U112/><E112/><V115/><F115/><W23/><G35/><T69/><D83/><U132/><E132/><V54/><F54/><W19/><G19/><T46/><D4/><U96/><E68/><N who="0" m="26217" /><D5/><U128/><E128/><V127/><F127/><W41/><G41/><T106/><D106/><AGARI ba="0,0" hai="23,24,28,48,50,78,80,86,97,101,106" m="48234" machi="106" ten="30,2000,0" yaku="18,1,52,1" doraHai="102" who="3" fromWho="0" sc="253,-20,170,0,337,0,240,20" /><INIT seed="3,0,0,5,4,41" ten="233,170,337,260" oya="3" hai0="22,70,5,78,90,74,79,96,122,7,116,101,114" hai1="54,94,8,3,80,120,11,126,52,72,135,105,32" hai2="10,113,44,124,129,40,62,60,24,131,39,86,59" hai3="57,88,67,121,33,71,92,69,133,46,115,55,58"/><W117/><G115/><T106/><D116/><U6/><E120/><V45/><F113/><W128/><G117/><T73/><D122/><U65/><E105/><V51/><F124/><W49/><G121/><T64/><D114/><U28/><E126/><V0/><F86/><W25/><G128/><N who="2" m="49225" /><F24/><W76/><G133/><T30/><D64/><U112/><E112/><V66/><F60/><W102/><G102/><T97/><D70/><U19/><E135/><V104/><F104/><W13/><G76/><N who="0" m="29227" /><D22/><U108/><E108/><V130/><F130/><W125/><G125/><T12/><D12/><U109/><E109/><V43/><F10/><W100/><G100/><N who="0" m="62727" /><D7/><U68/><E65/><V29/><F29/><W75/><G75/><N who="0" m="28683" /><D5/><U15/><E68/><V98/><F98/><W34/><G13/><T118/><D30/><U16/><E72/><V84/><F84/><W35/><G25/><T50/><D50/><U56/><E28/><V110/><F110/><W89/><G89/><T103/><D118/><U95/><E32/><V81/><F0/><W27/><G27/><T107/><D107/><U38/><E19/><V9/><F9/><W36/><G58/><T77/><N who="0" m="29235" /><T18/><DORA hai="85" /><D18/><U47/><E16/><V93/><F39/><W23/><G23/><T21/><D21/><U123/><E38/><V99/><F51/><W134/><G134/><T37/><D37/><U83/><E123/><V31/><F59/><W17/><G17/><T119/><D119/><U111/><E56/><V20/><F31/><W26/><G26/><T4/><D4/><U53/><E6/><RYUUKYOKU ba="0,0" sc="233,30,170,-10,337,-10,260,-10" hai0="90,97,101,103" owari="263,6.0,160,-34.0,327,43.0,250,-15.0" /></mjloggm>