<mjloggm ver="2.3"><GO type="41" lobby="0"/><UN n0="%E5%B0%8F%E7%89%A7%E9%83%81%E4%B9%83" n1="%E5%B0%B1%E6%B4%BB%E7%94%9F%40%E5%B7%9D%E6%9D%91%E8%BB%8D%E5%9B%A3" n2="%65%6C%65%2D%6D%61%72%79" n3="%73%68%69%67%65%6C%6C%61" dan="15,16,13,15" rate="2006.48,2079.57,1928.43,1964.52" sx="F,M,F,M"/><TAIKYOKU oya="0"/><INIT seed="0,0,0,1,3,22" ten="250,250,250,250" oya="0" hai0="32,47,120,20,81,16,26,15,12,10,46,36,24" hai1="97,70,94,30,53,25,39,89,99,115,106,88,135" hai2="66,86,4,52,5,130,110,75,31,126,63,85,98" hai3="69,14,61,111,124,2,84,11,129,93,100,59,7"/><T35/><D120/><U128/><E115/><V131/><F75/><W62/><G129/><N who="2" m="49161" /><F110/><W57/><G111/><T43/><D47/><U114/><E128/><V51/><F126/><W6/><G124/><T49/><D36/><U60/><E135/><V87/><F98/><N who="3" m="59471" /><G2/><T109/><D109/><U17/><E39/><V73/><F73/><W8/><G69/><T127/><D127/><U1/><E1/><V18/><F31/><W23/><G23/><T95/><D81/><U13/><E114/><V42/><F18/><N who="3" m="8519" /><G11/><T119/><D119/><U76/><E76/><V82/><F42/><W108/><G108/><T55/><D43/><U113/><E113/><V96/><F96/><W132/><G132/><T77/><D77/><U40/><E40/><V0/><F0/><W102/><G102/><T134/><D134/><U92/><E106/><V54/><F82/><W116/><G116/><T112/><D112/><U122/><E122/><V74/><F74/><W121/><G121/><T83/><D83/><U91/><E70/><N who="2" m="42335" /><F54/><N who="3" m="33975" /><G84/><T105/><D105/><U37/><E37/><V48/><F48/><W123/><G123/><T133/><D133/><U21/><E53/><AGARI ba="0,0" hai="6,7,53,59,62" m="33975,8519,59471" machi="53" ten="30,1000,0" yaku="8,1" doraHai="22" who="3" fromWho="1" sc="250,0,250,-10,250,0,250,10" /><INIT seed="1,0,0,5,3,129" ten="250,240,250,260" oya="1" hai0="69,57,116,12,40,115,120,75,102,106,35,85,100" hai1="95,11,33,94,27,97,59,41,113,55,0,47,53" hai2="15,5,108,16,107,135,131,2,89,56,62,84,10" hai3="126,122,61,52,93,9,37,1,73,87,50,117,3"/><U14/><E113/><V70/><F131/><W49/><G73/><T23/><D115/><U21/><E33/><V42/><F108/><W17/><G37/><T19/><D116/><U134/><E0/><V112/><F112/><W8/><G122/><T83/><D75/><U132/><E94/><V90/><F107/><W104/><G104/><T96/><D120/><U133/><E41/><V29/><F42/><W128/><G128/><T91/><D69/><U63/><E47/><V48/><F70/><W111/><G1/><T54/><D40/><U51/><E11/><N who="3" m="4170" /><G3/><T25/><D100/><N who="1" m="60479" /><E14/><V20/><F48/><N who="3" m="18539" /><G111/><T72/><D35/><U80/><E80/><V119/><F119/><W36/><G36/><T81/><D72/><U6/><E6/><V34/><F135/><W110/><G110/><T13/><REACH who="0" step="1"/><D81/><REACH who="0" ten="240,240,250,260" step="2"/><U88/><E51/><AGARI ba="0,1" hai="12,13,19,23,25,51,54,57,83,85,91,96,102,106" machi="51" ten="30,3900,0" yaku="1,1,2,1,7,1,53,0" doraHai="129" doraHaiUra="118" who="0" fromWho="1" sc="240,49,240,-39,250,0,260,0" /><INIT seed="2,0,0,1,4,80" ten="289,201,250,260" oya="2" hai0="23,99,17,5,27,112,91,109,35,129,93,85,72" hai1="104,95,132,38,36,88,47,90,29,117,87,124,81" hai2="46,113,97,48,57,76,130,135,3,115,84,127,9" hai3="64,121,103,111,70,65,63,44,1,120,7,2,73"/><V32/><F32/><W60/><G73/><T28/><D112/><U105/><E117/><V21/><F135/><W110/><G103/><T37/><D37/><U134/><E29/><V8/><F130/><W54/><G7/><T30/><D129/><U53/><E38/><V49/><F127/><W6/><G6/><T66/><D72/><U107/><E124/><V52/><F115/><W108/><G2/><T106/><D35/><U18/><E18/><V13/><F113/><W25/><G25/><T40/><D40/><U24/><E24/><V58/><F3/><W83/><G83/><T123/><D109/><U45/><E53/><V11/><F97/><W96/><G96/><T69/><D123/><N who="3" m="47177" /><G1/><T128/><D128/><U61/><E61/><N who="3" m="23626" /><G70/><T92/><D106/><U131/><E131/><V100/><F100/><W133/><G133/><N who="1" m="51306" /><E36/><V114/><F114/><W68/><G68/><T89/><D5/><U15/><E15/><V71/><F71/><W75/><G75/><T101/><D101/><U31/><E31/><V62/><F62/><W26/><G26/><T14/><D69/><U118/><E118/><V20/><F13/><W22/><G22/><N who="2" m="8809" /><F48/><AGARI ba="0,0" hai="44,48,54,64,65,108,110,111" m="23626,47177" machi="48" ten="40,5200,0" yaku="14,1,34,2" doraHai="80" who="3" fromWho="2" sc="289,0,201,0,250,-52,260,52" /><INIT seed="3,0,0,2,3,121" ten="289,201,198,312" oya="3" hai0="47,62,64,109,26,84,91,68,8,82,45,98,43" hai1="105,55,67,14,106,85,11,99,133,122,74,53,117" hai2="127,18,46,132,131,54,34,16,24,103,15,69,92" hai3="79,63,123,75,3,81,0,134,101,77,111,42,57"/><W116/><G123/><T107/><D8/><U4/><E74/><V71/><F132/><W114/><G116/><T5/><D5/><U88/><E122/><V31/><F131/><W124/><G114/><T33/><D43/><U51/><E117/><V40/><F127/><W12/><G134/><T58/><D109/><U13/><E133/><V130/><F130/><W39/><G124/><T95/><D107/><U113/><E113/><V78/><F78/><W86/><G101/><T56/><D56/><U59/><E67/><V50/><F18/><W65/><G111/><T32/><D68/><U135/><E135/><V66/><F66/><W94/><G42/><T115/><D115/><U87/><E87/><V129/><F129/><W61/><G39/><T110/><D110/><U10/><E55/><V96/><REACH who="2" step="1"/><F40/><REACH who="2" ten="289,201,188,312" step="2"/><W100/><G79/><T20/><D33/><U37/><E37/><V119/><F119/><W30/><G30/><N who="0" m="17735" /><D32/><U1/><E1/><V25/><F25/><W118/><G118/><T44/><D64/><U29/><E29/><V22/><AGARI ba="0,1" hai="15,16,22,24,31,34,46,50,54,69,71,92,96,103" machi="22" ten="20,8000,1" yaku="1,1,0,1,7,1,54,1,53,1" doraHai="121" doraHaiUra="27" who="2" fromWho="2" sc="289,-20,201,-20,188,90,312,-40" /><INIT seed="4,0,0,1,1,6" ten="269,181,278,272" oya="0" hai0="33,128,9,11,60,2,131,68,1,91,55,34,65" hai1="127,52,120,122,106,46,40,63,14,59,87,78,57" hai2="98,123,54,93,47,108,80,61,18,121,76,132,88" hai3="66,45,53,135,104,133,70,102,35,105,32,5,20"/><T10/><D55/><U107/><E127/><V94/><F108/><W75/><G75/><T42/><D42/><U48/><E107/><N who="3" m="41034" /><G102/><T56/><D68/><U85/><E106/><V95/><F132/><N who="3" m="50763" /><G5/><T126/><D91/><U97/><E97/><V89/><F18/><W83/><G83/><T29/><D126/><U79/><E59/><V36/><F36/><W67/><G20/><T101/><D101/><U39/><E39/><V25/><F25/><W43/><G53/><T62/><D62/><U74/><E74/><V51/><F61/><N who="3" m="40271" /><G67/><T130/><D29/><U71/><E71/><V113/><F113/><W100/><G100/><T119/><D119/><U58/><E58/><V111/><F111/><W17/><G17/><T16/><D16/><U116/><E116/><V8/><F8/><W26/><G26/><T82/><D82/><U37/><E37/><AGARI ba="0,0" hai="32,35,37,43,45" m="40271,50763,41034" machi="37" ten="30,2000,0" yaku="20,1,23,1" doraHai="6" who="3" fromWho="1" sc="269,0,181,-20,278,0,272,20" /><INIT seed="5,0,0,1,3,81" ten="269,161,278,292" oya="1" hai0="82,57,101,108,11,31,128,61,90,38,70,50,102" hai1="17,83,114,24,55,56,123,58,117,44,48,33,89" hai2="119,131,8,79,100,21,87,122,46,26,29,3,10" hai3="53,126,66,113,107,133,45,73,78,103,96,32,42"/><U1/><E117/><V35/><F119/><W36/><G133/><T47/><D108/><U37/><E123/><V76/><F122/><W135/><G135/><T72/><D70/><U62/><E1/><V34/><F100/><W106/><G106/><T19/><D38/><U13/><E114/><V67/><F67/><W99/><G99/><T43/><D31/><U92/><E37/><V9/><F131/><W69/><G113/><T118/><D128/><U65/><E83/><V112/><F112/><W95/><G95/><T97/><D72/><U68/><E24/><V40/><F3/><W111/><G111/><T64/><D118/><U74/><E33/><V15/><F15/><W30/><G53/><T39/><D39/><U52/><E74/><V5/><F5/><W91/><G91/><T94/><D82/><U93/><E89/><V25/><F35/><W86/><G78/><T121/><D121/><U125/><E125/><V75/><F75/><W28/><G73/><T22/><REACH who="0" step="1"/><D11/><REACH who="0" ten="259,161,278,292" step="2"/><N who="1" m="6335" /><E68/><V54/><F8/><W105/><G126/><T85/><D85/><U12/><E12/><AGARI ba="0,1" hai="12,19,22,43,47,50,57,61,64,90,94,97,101,102" machi="12" ten="30,7700,0" yaku="1,1,7,1,8,1,53,1" doraHai="81" doraHaiUra="59" who="0" fromWho="1" sc="259,87,161,-77,278,0,292,0" /><INIT seed="6,0,0,0,4,97" ten="346,84,278,292" oya="2" hai0="5,122,57,86,80,74,3,118,48,112,38,1,87" hai1="9,84,111,42,134,93,2,43,101,130,25,95,99" hai2="11,113,65,36,10,34,8,102,53,104,96,131,115" hai3="49,52,133,124,91,55,98,67,21,7,92,76,73"/><V45/><F34/><W70/><G7/><T94/><D38/><U31/><E111/><V28/><F28/><W12/><G70/><T22/><D122/><U44/><E130/><V125/><F131/><W59/><G67/><T13/><D74/><U90/><E134/><V100/><F125/><W20/><G133/><T108/><D112/><N who="2" m="43082" /><F65/><W79/><G73/><T132/><D132/><U37/><E43/><N who="2" m="22759" /><F53/><W128/><G128/><T126/><D126/><U109/><E109/><V33/><F33/><W17/><G124/><T24/><D108/><U107/><E9/><V127/><F127/><W88/><G91/><T117/><D1/><U83/><REACH who="1" step="1"/><E2/><REACH who="1" ten="346,74,278,292" step="2"/><V62/><F62/><N who="3" m="36199" /><G21/><AGARI ba="0,1" hai="21,25,31,37,42,44,83,84,90,93,95,99,101,107" machi="21" ten="30,3900,0" yaku="1,1,7,1,52,1,53,0" doraHai="97" doraHaiUra="29" who="1" fromWho="3" sc="346,0,74,49,278,0,292,-39" /><INIT seed="7,0,0,3,1,134" ten="346,123,278,253" oya="3" hai0="98,65,36,6,125,26,75,102,78,73,50,23,17" hai1="110,67,104,101,131,37,133,130,22,106,35,57,86" hai2="70,128,42,0,51,25,109,62,20,59,39,30,112" hai3="2,123,9,76,18,72,95,56,66,45,14,108,124"/><W28/><G123/><T127/><D36/><U119/><E22/><V92/><F109/><W24/><G108/><T38/><D38/><U15/><E57/><V58/><F112/><W118/><G118/><T105/><D6/><U132/><E15/><V120/><F120/><W53/><G72/><T60/><D50/><U82/><E67/><V47/><F128/><N who="1" m="49193" /><E37/><V103/><F0/><W80/><G80/><T88/><D88/><N who="1" m="51287" /><E35/><V87/><F87/><W129/><G129/><T71/><D78/><U41/><E41/><V84/><F84/><W49/><G76/><T32/><D32/><U122/><E110/><V19/><F39/><W13/><G2/><T3/><D3/><U64/><E64/><V54/><F70/><W43/><G66/><T113/><D113/><U7/><E7/><V1/><F1/><W115/><G115/><T135/><D135/><N who="1" m="51787" /><E122/><V31/><F59/><W79/><G14/><T46/><D65/><U63/><E63/><V107/><F107/><N who="1" m="41001" /><E101/><V12/><REACH who="2" step="1"/><F12/><REACH who="2" ten="346,123,268,253" step="2"/><W10/><G56/><T100/><D71/><U33/><E33/><V77/><F77/><W99/><G79/><T85/><D26/><U34/><E34/><V61/><F61/><W29/><G9/><T52/><D60/><U48/><E48/><V121/><F121/><W96/><G43/><T16/><D85/><U68/><E68/><V11/><F11/><W21/><G29/><T116/><D46/><U55/><E55/><V81/><F81/><W93/><G28/><T69/><D52/><U40/><E40/><V44/><F44/><W74/><G45/><T90/><D69/><RYUUKYOKU ba="0,1" sc="346,-15,123,15,268,15,253,-15" hai1="119" hai2="19,20,25,30,31,42,47,51,54,58,62,92,103" owari="341,44.0,138,-36.0,283,8.0,238,-16.0" /></mjloggm>