<mjloggm ver="2.3"><GO type="97" lobby="0"/><UN n0="%E5%B0%B1%E6%B4%BB%E7%94%9F%40%E5%B7%9D%E6%9D%91%E8%BB%8D%E5%9B%A3" n1="%6B%6F%2D%73%68%69%72%6F" n2="%E6%9C%9D%E3%81%BE%E3%81%A7%E7%94%9F%E9%BA%BB%E9%9B%80" n3="%E3%81%93%E3%82%8D%E3%81%A3%E3%81%A1" dan="14,15,14,13" rate="1963.45,1959.68,1932.52,1834.68" sx="M,M,M,M"/><TAIKYOKU oya="0"/><INIT seed="0,0,0,2,3,13" ten="250,250,250,250" oya="0" hai0="24,98,88,3,66,11,116,10,59,45,30,67,96" hai1="55,113,92,106,121,69,52,95,72,100,48,18,14" hai2="4,108,105,112,122,89,19,125,0,1,35,74,134" hai3="41,110,68,56,118,73,102,77,39,120,126,12,119"/><T91/><D116/><U26/><E121/><V94/><RYUUKYOKU type="yao9" ba="0,0" sc="250,0,250,0,250,0,250,0" hai2="0,1,4,19,35,74,89,94,105,108,112,122,125,134" /><INIT seed="0,1,0,2,1,52" ten="250,250,250,250" oya="0" hai0="17,0,18,93,19,75,97,74,66,11,47,37,46" hai1="71,79,124,21,116,49,99,80,43,2,62,54,87" hai2="41,83,125,58,134,86,64,14,107,24,55,20,91" hai3="101,88,29,108,6,44,34,69,10,25,42,114,59"/><T60/><D0/><U122/><E116/><V4/><F134/><W132/><G69/><T130/><D130/><U5/><E122/><V68/><F125/><W127/><G114/><T106/><D106/><U45/><E124/><V95/><F107/><W89/><G127/><T38/><D11/><U32/><E32/><V63/><F41/><W113/><G113/><T121/><D121/><U123/><E123/><V35/><F35/><W28/><G132/><T51/><D38/><U26/><E2/><V133/><F133/><W1/><G108/><T81/><D37/><U16/><E5/><V109/><F109/><W96/><G28/><T76/><D74/><U111/><E111/><V22/><F4/><W73/><G73/><T78/><D78/><U27/><E99/><V100/><F14/><W98/><G59/><T104/><D104/><U119/><E119/><V33/><F100/><W31/><G31/><T84/><D75/><U131/><E131/><V115/><F115/><W39/><REACH who="3" step="1"/><G98/><REACH who="3" ten="250,250,250,240" step="2"/><T12/><D51/><U128/><E128/><V40/><F68/><W105/><AGARI ba="1,1" hai="1,6,10,25,29,34,39,42,44,88,89,96,101,105" machi="105" ten="20,12000,2" yaku="1,1,2,1,0,1,7,1,54,1,53,1" doraHai="52" doraHaiUra="30" who="3" fromWho="3" sc="250,-61,250,-31,250,-31,240,133" /><INIT seed="1,0,0,4,1,111" ten="189,219,219,373" oya="1" hai0="71,134,131,112,26,90,95,15,113,61,41,91,17" hai1="128,5,96,29,14,21,36,10,124,66,38,115,75" hai2="1,94,105,104,48,109,12,50,30,11,6,80,49" hai3="35,31,19,72,70,23,59,58,28,77,125,16,40"/><U79/><E115/><V87/><F109/><W92/><G125/><T57/><D71/><U56/><E124/><V102/><F30/><W9/><G70/><T27/><D131/><U83/><E128/><V33/><F33/><W51/><G35/><T123/><D123/><U107/><E107/><V84/><F84/><W85/><G72/><T46/><D134/><U82/><E82/><V110/><F110/><W64/><G64/><T76/><D76/><U78/><E78/><V65/><F65/><W22/><G9/><T43/><D27/><U100/><E100/><V101/><F101/><W122/><G122/><T18/><D26/><U45/><E96/><V24/><F24/><W47/><G28/><T2/><D2/><U13/><E45/><V99/><REACH who="2" step="1"/><F1/><REACH who="2" ten="189,219,209,373" step="2"/><W114/><G31/><T0/><D0/><U117/><E117/><V42/><F42/><W126/><G126/><T67/><D43/><U81/><E81/><V106/><F106/><W73/><G73/><T7/><D91/><AGARI ba="0,1" hai="6,11,12,48,49,50,80,87,91,94,99,102,104,105" machi="91" ten="40,1300,0" yaku="1,1,53,0" doraHai="111" doraHaiUra="60" who="2" fromWho="0" sc="189,-13,219,0,209,23,373,0" /><INIT seed="2,0,0,4,0,0" ten="176,219,232,373" oya="2" hai0="133,9,88,83,101,64,20,22,60,2,117,106,75" hai1="102,25,89,3,107,77,87,116,119,16,33,7,112" hai2="13,104,80,131,58,55,103,23,52,72,62,135,45" hai3="4,94,30,49,85,66,43,27,100,95,1,114,91"/><V113/><F113/><W81/><G66/><T127/><D117/><U78/><E112/><V105/><F135/><W96/><G114/><T68/><D127/><U6/><E3/><V48/><F131/><W74/><G74/><T26/><D133/><U46/><E119/><V14/><F14/><W98/><G4/><T29/><D75/><U111/><E116/><V5/><F103/><W47/><G1/><T8/><D22/><U79/><E111/><V57/><F57/><W108/><G108/><T51/><D51/><U61/><E61/><V17/><REACH who="2" step="1"/><F5/><REACH who="2" ten="176,219,222,373" step="2"/><N who="1" m="1545" /><E107/><V31/><F31/><W44/><G44/><T73/><D2/><U109/><E109/><V76/><AGARI ba="0,1" hai="13,17,23,45,48,52,55,58,62,72,76,80,104,105" machi="76" ten="30,6000,0" yaku="1,1,0,1,54,1,53,0" doraHai="0" doraHaiUra="129" who="2" fromWho="2" sc="176,-20,219,-20,222,70,373,-20" /><INIT seed="2,1,0,3,4,26" ten="156,199,292,353" oya="2" hai0="87,113,89,9,14,8,81,128,4,102,100,53,3" hai1="122,6,47,123,110,63,134,62,105,54,88,46,7" hai2="108,12,109,126,0,60,103,57,55,92,125,52,29" hai3="76,112,124,22,25,43,21,94,33,85,65,31,51"/><V39/><F39/><W78/><G124/><N who="2" m="47721" /><F0/><W58/><G112/><T37/><D113/><U48/><E105/><V75/><F75/><W121/><G121/><N who="1" m="46090" /><E6/><V64/><F29/><W19/><G33/><T82/><D128/><U97/><E7/><V35/><F35/><W130/><G130/><T23/><D37/><U70/><E97/><N who="2" m="59815" /><F12/><W133/><G133/><T86/><D53/><AGARI ba="1,0" hai="52,53,55,57,60,64,108,109" m="59815,47721" machi="53" ten="30,2900,0" yaku="18,1,54,1" doraHai="26" who="2" fromWho="0" sc="156,-32,199,0,292,32,353,0" /><INIT seed="2,2,0,3,1,38" ten="124,199,324,353" oya="2" hai0="135,123,45,25,47,9,3,15,114,40,13,98,125" hai1="108,19,76,22,88,79,70,87,27,66,61,10,92" hai2="112,89,133,21,120,130,86,68,105,12,93,52,62" hai3="106,126,51,18,132,75,91,65,31,33,71,101,36"/><V57/><F120/><W24/><G126/><T23/><D123/><U103/><E108/><V41/><F112/><W32/><G36/><T77/><D125/><U1/><E1/><V73/><F73/><W94/><G132/><T84/><D135/><U124/><E124/><V58/><F133/><W44/><G75/><T110/><D114/><U20/><E10/><V107/><F68/><W34/><G18/><T122/><D122/><U102/><E22/><V78/><F78/><W129/><G129/><T26/><D110/><U127/><E127/><V131/><F41/><W82/><G106/><T29/><D98/><U67/><E67/><V48/><F21/><W115/><G115/><T100/><D100/><U16/><E19/><V59/><F12/><W55/><G82/><T95/><D45/><U96/><REACH who="1" step="1"/><E103/><REACH who="1" ten="124,189,324,353" step="2"/><V43/><F131/><W42/><G101/><T99/><D3/><U128/><E128/><V111/><F130/><W37/><G65/><T54/><D26/><U2/><E2/><V5/><F111/><W35/><G35/><T81/><D9/><U119/><E119/><V117/><F117/><W74/><G71/><T0/><D0/><U28/><E28/><V118/><F118/><W14/><G14/><T56/><D95/><AGARI ba="2,1" hai="16,20,27,61,66,70,76,79,87,88,92,95,96,102" machi="95" ten="30,7700,0" yaku="1,1,7,1,54,2,53,0" doraHai="38" doraHaiUra="104" who="1" fromWho="0" sc="124,-83,189,93,324,0,353,0" /><INIT seed="3,0,0,5,4,103" ten="41,282,324,353" oya="3" hai0="128,91,110,119,10,132,41,20,121,21,62,7,102" hai1="67,84,11,42,56,47,73,107,14,46,59,36,72" hai2="65,108,94,26,88,32,22,82,70,111,109,61,124" hai3="104,83,25,85,18,52,27,71,44,60,28,100,113"/><W117/><G113/><T8/><D102/><U135/><E135/><V4/><F124/><W130/><G117/><T77/><D41/><U29/><E29/><V76/><F32/><W106/><G130/><T127/><D62/><U58/><E84/><V99/><F4/><W30/><G100/><T39/><D91/><U53/><E107/><V37/><F37/><W69/><G18/><T51/><D51/><N who="1" m="28919" /><E14/><V54/><F54/><W68/><G28/><T63/><D63/><N who="1" m="38375" /><E11/><V93/><F93/><W17/><G17/><T24/><D77/><U97/><E97/><V122/><F122/><W120/><G120/><T98/><D98/><U114/><E73/><V55/><F55/><W9/><G9/><T0/><D39/><U38/><E72/><V75/><F22/><W125/><G125/><T134/><D121/><U81/><E81/><V92/><F92/><W89/><G27/><AGARI ba="0,0" hai="26,27,61,65,70,75,76,82,88,94,99,108,109,111" machi="27" ten="40,2600,0" yaku="14,1,54,1" doraHai="103" who="2" fromWho="3" sc="41,0,282,0,324,26,353,-26" owari="41,-46.0,282,-12.0,350,45.0,327,13.0" /></mjloggm>