<mjloggm ver="2.3"><GO type="97" lobby="0"/><UN n0="%E4%BF%AE%E6%A5%AD%E4%B8%AD" n1="%E9%8D%8B%E5%B8%B8%E5%B8%9D%E5%9B%BD" n2="%28%E3%81%BE%C2%B4%CF%89%EF%BD%80%E3%81%AA%29%E3%83%9F" n3="%E5%B0%B1%E6%B4%BB%E7%94%9F%40%E5%B7%9D%E6%9D%91%E8%BB%8D%E5%9B%A3" dan="14,14,14,14" rate="1888.67,1874.96,1922.83,2027.16" sx="M,M,F,M"/><TAIKYOKU oya="0"/><INIT seed="0,0,0,1,1,74" ten="250,250,250,250" oya="0" hai0="80,124,108,87,133,97,62,0,96,49,38,65,102" hai1="57,52,129,114,40,35,123,119,34,86,4,68,111" hai2="125,59,63,17,67,75,20,81,9,12,55,27,48" hai3="95,46,6,105,117,51,13,26,39,1,130,99,100"/><T56/><D0/><U8/><E68/><V131/><F131/><W120/><G117/><T77/><D38/><U28/><E119/><V98/><F125/><W121/><G130/><T127/><D133/><U85/><E129/><V69/><F98/><W91/><G1/><T122/><D122/><N who="3" m="47209" /><G39/><T45/><D108/><U134/><E111/><V7/><F75/><W76/><G26/><T42/><REACH who="0" step="1"/><D102/><REACH who="0" ten="240,250,250,250" step="2"/><U53/><E134/><V93/><F81/><W118/><G118/><T10/><D10/><U115/><E8/><V110/><F110/><W18/><G6/><T66/><D66/><U101/><E4/><V132/><F132/><W78/><G100/><T16/><D16/><U15/><E101/><V22/><F22/><N who="3" m="11599" /><G105/><T3/><D3/><U43/><E123/><V128/><F128/><W19/><G19/><T73/><D73/><U61/><E34/><V82/><F82/><W25/><G25/><T60/><D60/><U113/><E15/><V41/><F93/><W11/><G11/><T83/><D83/><U71/><E35/><V29/><F17/><W32/><G32/><T54/><D54/><AGARI ba="0,1" hai="46,51,54,76,78,91,95,99" m="11599,47209" machi="54" ten="30,3900,0" yaku="13,1,52,2" doraHai="74" who="3" fromWho="0" sc="240,-39,250,0,250,0,250,49" /><INIT seed="1,0,0,5,2,1" ten="201,250,250,299" oya="1" hai0="73,129,111,104,116,133,20,117,22,48,81,21,101" hai1="3,11,34,118,17,124,68,84,83,98,82,63,24" hai2="93,26,66,50,23,96,107,2,75,59,110,14,28" hai3="52,58,43,30,76,94,112,106,65,132,131,71,88"/><U18/><E118/><V105/><F75/><W130/><G106/><T128/><D48/><U4/><E124/><V89/><F2/><W9/><G112/><T125/><D125/><U45/><E45/><V122/><F122/><W29/><G132/><T109/><D133/><U42/><E42/><V74/><F74/><W126/><G76/><T40/><D40/><U6/><E98/><V8/><F110/><N who="0" m="41994" /><D81/><U36/><E36/><V7/><REACH who="2" step="1"/><F50/><REACH who="2" ten="201,250,240,299" step="2"/><N who="3" m="30999" /><G126/><T0/><D0/><U46/><E3/><V97/><F97/><N who="3" m="57543" /><G71/><T15/><D73/><U41/><E68/><V49/><F49/><W100/><G43/><T62/><D62/><AGARI ba="0,1" hai="7,8,14,23,26,28,59,62,66,89,93,96,105,107" machi="62" ten="40,2600,0" yaku="1,1,52,1,53,0" doraHai="1" doraHaiUra="123" who="2" fromWho="0" sc="201,-26,250,0,240,36,299,0" /><INIT seed="2,0,0,4,0,121" ten="175,250,276,299" oya="2" hai0="95,26,106,51,25,2,78,71,41,61,77,86,58" hai1="132,64,24,42,16,99,14,1,85,34,97,104,105" hai2="63,116,31,111,22,4,66,53,48,46,9,3,21" hai3="32,11,101,36,75,84,43,7,49,109,65,115,69"/><V67/><F116/><W39/><G75/><T57/><D106/><U70/><E1/><V56/><F111/><W27/><G109/><T124/><D2/><U10/><E42/><V44/><F67/><W28/><G101/><T62/><D124/><U89/><E132/><V17/><F31/><W125/><G125/><T87/><D71/><U91/><E91/><V119/><F119/><W5/><G5/><T52/><D41/><U60/><E99/><V134/><F134/><W122/><G122/><T112/><D112/><U47/><E47/><V129/><F129/><W29/><G29/><T90/><D51/><U123/><E123/><V127/><F127/><W107/><G107/><T54/><D95/><U37/><E37/><V40/><REACH who="2" step="1"/><F17/><REACH who="2" ten="175,250,266,299" step="2"/><W92/><G115/><T100/><REACH who="0" step="1"/><D90/><REACH who="0" ten="165,250,266,299" step="2"/><U96/><E89/><V38/><AGARI ba="0,2" hai="3,4,9,21,22,38,40,44,46,48,53,56,63,66" machi="38" ten="20,7800,0" yaku="1,1,2,1,0,1,7,1,53,0" doraHai="121" doraHaiUra="113" who="2" fromWho="2" sc="165,-26,250,-26,266,98,299,-26" /><INIT seed="2,1,0,4,3,62" ten="139,224,364,273" oya="2" hai0="31,24,59,0,44,57,48,10,56,35,18,103,112" hai1="14,52,128,82,63,27,105,83,77,94,100,98,118" hai2="26,37,60,120,47,42,41,39,72,114,15,34,88" hai3="126,50,101,17,13,6,92,70,53,73,117,76,104"/><V45/><F72/><W65/><G104/><T66/><D112/><U51/><E118/><V102/><F120/><W93/><G117/><T64/><D103/><U115/><E115/><V22/><F102/><W20/><G126/><T122/><D122/><U23/><E128/><V80/><F34/><W55/><G6/><T110/><D110/><U81/><E105/><V125/><F125/><W21/><G55/><T69/><D69/><U61/><E14/><V135/><F135/><W87/><G73/><T79/><D79/><U2/><E2/><V11/><F60/><W111/><G111/><T90/><D90/><U75/><E75/><V40/><F114/><W36/><G36/><T133/><D133/><U16/><REACH who="1" step="1"/><E77/><REACH who="1" ten="139,214,364,273" step="2"/><V49/><F39/><W4/><G76/><T33/><D33/><U7/><E7/><V124/><F37/><W107/><G4/><T3/><D0/><U78/><E78/><V108/><F108/><W19/><G107/><T91/><D3/><U30/><E30/><V131/><F124/><W38/><G38/><T68/><D68/><U5/><E5/><V29/><F131/><W32/><G32/><T95/><D18/><U119/><E119/><V67/><F15/><W132/><G132/><T9/><D9/><U109/><E109/><V85/><F11/><W1/><G1/><T130/><D10/><U43/><E43/><V28/><F28/><W46/><G19/><T129/><D129/><U97/><E97/><V106/><F106/><W89/><G21/><T99/><D130/><U8/><E8/><V84/><F29/><W121/><G17/><RYUUKYOKU ba="1,1" sc="139,15,214,15,364,-15,273,-15" hai0="24,31,35,44,48,56,57,59,64,66,91,95,99" hai1="16,23,27,51,52,61,63,81,82,83,94,98,100" /><INIT seed="3,2,1,4,5,44" ten="154,229,349,258" oya="3" hai0="20,8,84,23,12,29,30,13,79,114,68,1,53" hai1="106,5,39,71,93,64,38,33,17,62,104,60,50" hai2="52,119,124,115,97,69,0,4,109,2,55,11,36" hai3="94,22,113,46,100,91,128,99,16,49,121,28,75"/><W108/><G75/><T96/><D68/><U41/><E33/><V122/><F69/><W107/><G121/><T89/><D114/><U87/><E5/><V48/><F119/><W24/><G113/><T61/><D79/><U125/><E125/><V76/><F36/><W131/><G108/><T102/><D1/><U90/><E104/><V103/><F109/><W66/><G66/><T14/><D8/><U80/><E106/><V117/><F117/><W73/><G73/><T63/><D53/><U135/><E135/><V34/><F34/><W130/><G28/><T120/><D120/><U116/><E116/><V32/><F32/><W18/><G18/><T21/><D96/><U72/><E60/><V111/><F0/><W110/><G110/><T6/><D102/><U10/><E72/><V82/><F115/><W126/><G126/><T101/><D101/><U54/><E41/><V112/><F112/><W85/><REACH who="3" step="1"/><G131/><REACH who="3" ten="154,229,349,248" step="2"/><T118/><D118/><U3/><E17/><V42/><F124/><W129/><G129/><T19/><D19/><U59/><E3/><V70/><F111/><W86/><G86/><T127/><D127/><U98/><E10/><V88/><F2/><W9/><G9/><T105/><D6/><U47/><E71/><V95/><F122/><W67/><G67/><T77/><D105/><U132/><E132/><V40/><F70/><W74/><G74/><T83/><REACH who="0" step="1"/><D77/><AGARI ba="2,2" hai="38,39,47,50,54,59,62,64,77,80,87,90,93,98" machi="77" ten="30,2000,0" yaku="7,1,52,1" doraHai="44" who="1" fromWho="0" sc="154,-26,229,46,349,0,248,0" owari="128,-37.0,275,8.0,349,44.0,248,-15.0" /></mjloggm>