<mjloggm ver="2.3"><GO type="41" lobby="0"/><UN n0="%69%6D%61%6C%61%77" n1="%E8%97%A4%E5%B3%B6%E4%B8%AD%E5%B0%86" n2="%E5%B0%B1%E6%B4%BB%E7%94%9F%40%E5%B7%9D%E6%9D%91%E8%BB%8D%E5%9B%A3" n3="%6D%69%6E%61%62%6F%75" dan="14,14,15,13" rate="1913.53,1934.95,1948.46,1842.92" sx="M,M,M,M"/><TAIKYOKU oya="0"/><INIT seed="0,0,0,4,2,114" ten="250,250,250,250" oya="0" hai0="56,97,65,4,50,91,120,3,39,40,127,83,130" hai1="105,125,44,33,76,75,60,48,78,21,126,29,131" hai2="34,13,108,41,61,135,69,94,93,12,2,80,134" hai3="89,46,8,99,118,92,86,16,129,32,85,0,18"/><T103/><D120/><U119/><E33/><V102/><F2/><W9/><G32/><T79/><D127/><N who="1" m="48651" /><E131/><V35/><F41/><W74/><G74/><T98/><D130/><U5/><E105/><V51/><F51/><W58/><G118/><T47/><D91/><U123/><E123/><V66/><F108/><W45/><G0/><T15/><D103/><U62/><E5/><V53/><F53/><W7/><G7/><T81/><D81/><N who="1" m="45215" /><E78/><V116/><F80/><W26/><G58/><T106/><D106/><U111/><E111/><V122/><F122/><W121/><G129/><T64/><D64/><U27/><E119/><V73/><F73/><W77/><G77/><T59/><D3/><U42/><AGARI ba="0,0" hai="21,27,29,42,44,48,60,62" m="45215,48651" machi="42" ten="30,1100,0" yaku="18,1" doraHai="114" who="1" fromWho="1" sc="250,-5,250,11,250,-3,250,-3" /><INIT seed="1,0,0,0,2,83" ten="245,261,247,247" oya="1" hai0="57,1,39,42,71,95,56,7,98,75,51,74,10" hai1="4,117,28,101,116,23,70,85,68,108,89,67,33" hai2="124,40,87,31,15,113,19,72,125,53,120,18,81" hai3="11,92,55,77,25,52,128,45,37,34,127,65,86"/><U133/><E33/><V58/><F120/><W135/><G128/><T69/><D57/><U63/><E133/><V126/><F72/><W131/><G131/><T130/><D130/><U22/><E108/><V17/><F113/><W54/><G127/><T78/><D56/><U20/><E70/><V118/><F118/><W134/><G65/><T90/><D51/><U119/><E101/><V32/><F40/><W0/><G0/><T36/><D75/><U44/><E4/><V30/><F32/><W106/><G106/><T93/><D93/><U129/><E44/><V27/><F15/><W61/><G61/><T26/><D26/><U102/><E102/><V60/><REACH who="2" step="1"/><F27/><REACH who="2" ten="245,261,237,247" step="2"/><W50/><G25/><T6/><D6/><U73/><E73/><V123/><F123/><W41/><G34/><T21/><D21/><U2/><E129/><V14/><F14/><W38/><G11/><T94/><D74/><U49/><E2/><V64/><F64/><W132/><G92/><T3/><D3/><U91/><E28/><V104/><F104/><W122/><G122/><T96/><D42/><U13/><E13/><V80/><F80/><AGARI ba="0,1" hai="37,38,41,45,50,52,54,55,77,80,86,132,134,135" machi="80" ten="50,6400,0" yaku="20,1,52,1,54,1" doraHai="83" who="3" fromWho="2" sc="245,0,261,0,237,-64,247,74" /><INIT seed="2,0,0,0,5,58" ten="245,261,173,321" oya="2" hai0="9,3,18,103,8,88,67,19,101,42,116,86,133" hai1="20,125,117,14,99,12,91,46,119,35,1,112,49" hai2="52,62,57,15,60,83,72,21,71,127,48,23,11" hai3="61,78,94,120,2,55,17,90,82,73,56,80,115"/><V105/><F105/><W22/><G120/><T128/><D133/><U0/><E112/><V93/><F127/><W34/><G115/><T10/><D128/><U109/><E35/><V74/><F71/><W98/><G34/><T132/><D132/><U85/><E109/><V135/><F135/><W104/><G104/><T118/><D42/><U29/><E125/><V5/><F93/><W27/><G80/><T64/><D3/><AGARI ba="0,0" hai="2,3,17,22,27,55,56,61,73,78,82,90,94,98" machi="3" ten="40,5200,0" yaku="25,2,52,1" doraHai="58" who="3" fromWho="0" sc="245,-52,261,0,173,0,321,52" /><INIT seed="3,0,0,0,0,101" ten="193,261,173,373" oya="3" hai0="135,88,31,3,50,124,83,35,108,17,36,87,52" hai1="24,4,60,56,114,59,42,104,16,118,91,84,130" hai2="2,10,129,128,113,46,103,90,81,121,30,32,133" hai3="58,23,115,117,105,8,122,119,22,51,7,28,26"/><W69/><G122/><T47/><D108/><U5/><E114/><V76/><F90/><W106/><G69/><T120/><D120/><U18/><E130/><N who="2" m="50283" /><F113/><W41/><G115/><T111/><D111/><U55/><E118/><V15/><F103/><W97/><G97/><T131/><D131/><U107/><E42/><V25/><F46/><W33/><G119/><T40/><D135/><U85/><E91/><V93/><F93/><W127/><G127/><T27/><D124/><U109/><E109/><V92/><F92/><W74/><G74/><T53/><D3/><U43/><E43/><V86/><F121/><W79/><G79/><T72/><D72/><U29/><E55/><V9/><F133/><W75/><G75/><T123/><D123/><U70/><E60/><V34/><F2/><W63/><G51/><T6/><D6/><U64/><E70/><V39/><F39/><W54/><G41/><T38/><REACH who="0" step="1"/><D17/><REACH who="0" ten="183,261,173,373" step="2"/><U45/><E16/><N who="2" m="8303" /><F10/><W71/><G117/><T48/><D48/><U0/><E0/><V14/><F14/><W11/><G7/><T73/><D73/><U110/><E4/><V19/><F19/><W100/><G33/><AGARI ba="0,1" hai="25,30,32,33,34,76,81,86" m="8303,50283" machi="33" ten="30,2000,0" yaku="19,1,54,1" doraHai="101" who="2" fromWho="3" sc="183,0,261,0,173,30,373,-20" /><INIT seed="4,0,0,5,4,127" ten="183,261,203,353" oya="0" hai0="9,93,76,4,26,56,23,62,46,98,5,85,29" hai1="41,8,87,33,19,67,42,126,54,103,119,115,82" hai2="60,13,135,109,64,3,134,132,89,48,16,15,111" hai3="102,80,83,50,61,32,77,70,58,116,128,12,88"/><T55/><D46/><U110/><E110/><N who="2" m="41995" /><F3/><W21/><G32/><T74/><D74/><U45/><E119/><V124/><F124/><W114/><G116/><T18/><D9/><U101/><E126/><V106/><F106/><W125/><G70/><T51/><D29/><U11/><E33/><V37/><F37/><W57/><G114/><T69/><D69/><U79/><E115/><V84/><F48/><W59/><G102/><N who="1" m="38922" /><E67/><V28/><F28/><W20/><G61/><T6/><D98/><U68/><E68/><N who="2" m="41991" /><F16/><W35/><G35/><T7/><N who="0" m="1536" /><DORA hai="65" /><T117/><D117/><U123/><E123/><V86/><F86/><W63/><G63/><T96/><D96/><U39/><E39/><V121/><F121/><W118/><G118/><T53/><D93/><AGARI ba="0,0" hai="13,15,84,89,93,132,134,135" m="41991,41995" machi="93" ten="40,2600,0" yaku="20,1,52,1" doraHai="127,65" who="2" fromWho="0" sc="183,-26,261,0,203,26,353,0" /><INIT seed="5,0,0,3,3,50" ten="157,261,229,353" oya="1" hai0="12,56,38,57,29,10,107,83,42,106,37,68,15" hai1="16,24,67,28,60,118,7,112,113,97,5,91,84" hai2="93,128,9,35,114,116,74,92,123,36,53,19,76" hai3="47,31,14,32,69,64,79,100,66,25,49,39,48"/><U115/><E118/><V1/><F36/><W41/><G69/><T23/><D83/><U95/><E84/><V87/><F35/><W103/><G79/><T86/><D86/><U89/><E89/><V108/><F114/><W17/><G103/><T111/><D111/><U62/><E16/><V135/><F108/><W18/><G18/><T33/><D33/><U90/><E90/><V120/><F116/><W45/><G39/><T125/><D29/><U124/><E124/><V122/><F74/><W70/><G70/><T133/><D68/><U129/><E129/><V51/><F128/><W109/><G100/><T110/><D110/><U26/><E26/><V101/><F101/><W44/><G44/><T58/><D133/><U98/><E98/><V52/><F135/><W94/><G94/><T131/><D125/><U59/><REACH who="1" step="1"/><E60/><REACH who="1" ten="157,251,229,353" step="2"/><V61/><F61/><W72/><G109/><T134/><D134/><U40/><E40/><V0/><F87/><W8/><G72/><T65/><D131/><U77/><E77/><V71/><F76/><W20/><G32/><AGARI ba="0,1" hai="5,7,24,28,32,59,62,67,91,95,97,112,113,115" machi="32" ten="40,3900,0" yaku="1,1,15,1,53,0" doraHai="50" doraHaiUra="46" who="1" fromWho="3" sc="157,0,251,49,229,0,353,-39" /><INIT seed="5,1,0,1,1,119" ten="157,300,229,314" oya="1" hai0="103,91,73,3,111,6,53,4,121,94,99,34,110" hai1="88,26,135,96,114,33,65,134,100,125,120,48,98" hai2="0,56,5,84,8,132,20,113,27,104,30,47,10" hai3="86,1,82,46,116,13,7,76,92,63,102,24,36"/><U23/><E120/><V28/><F113/><W124/><G124/><T87/><D34/><U18/><E33/><V81/><F104/><W49/><G1/><T55/><D73/><U70/><E114/><V97/><F132/><N who="1" m="50729" /><E125/><V54/><F47/><W78/><G36/><T93/><D3/><U31/><E48/><V115/><F115/><W68/><G68/><T74/><D74/><U15/><E100/><V77/><F97/><W44/><G44/><T14/><D99/><U43/><E43/><V58/><F10/><N who="3" m="4319" /><G76/><T72/><D72/><U90/><E96/><V95/><F95/><W57/><G24/><T129/><D14/><U80/><E80/><V51/><REACH who="2" step="1"/><F58/><REACH who="2" ten="157,300,219,314" step="2"/><W38/><G92/><T41/><D129/><U127/><E127/><V118/><F118/><W11/><G116/><T66/><D87/><U17/><E98/><V67/><F67/><W40/><G11/><T133/><D133/><U35/><E65/><V16/><AGARI ba="1,1" hai="0,5,8,16,20,27,28,30,51,54,56,77,81,84" machi="16" ten="20,8000,1" yaku="1,1,0,1,7,1,54,1,53,1" doraHai="119" doraHaiUra="12" who="2" fromWho="2" sc="157,-21,300,-41,219,93,314,-21" /><INIT seed="6,0,0,4,2,131" ten="136,259,312,293" oya="2" hai0="48,29,122,66,101,90,56,120,35,128,125,62,0" hai1="107,79,106,73,54,2,64,67,99,72,130,43,21" hai2="129,108,22,59,77,39,91,115,14,117,76,123,60" hai3="7,36,40,58,10,104,45,26,42,116,69,61,31"/><V119/><F39/><W78/><G116/><T34/><D128/><U3/><E130/><V16/><F123/><W89/><G104/><T38/><D38/><U70/><E54/><V11/><F129/><W132/><G69/><T127/><D0/><U57/><E57/><V118/><F108/><W49/><G132/><T85/><D35/><U82/><E82/><V37/><F37/><W134/><G134/><T65/><D34/><U96/><E70/><V23/><F115/><W110/><G110/><T93/><D29/><U84/><E84/><V102/><F102/><W81/><G89/><T13/><D13/><U51/><E51/><V98/><F98/><W100/><G100/><T121/><D101/><U33/><E33/><V24/><F91/><W86/><G36/><T47/><REACH who="0" step="1"/><D66/><REACH who="0" ten="126,259,312,293" step="2"/><U94/><E67/><V92/><F118/><W113/><G31/><T97/><D97/><U44/><E64/><V41/><F14/><W28/><G28/><T19/><D19/><U112/><E99/><V18/><F18/><W135/><G135/><T111/><D111/><U87/><E96/><V83/><F16/><W109/><G109/><T75/><D75/><U74/><E74/><V88/><F119/><W4/><G4/><T52/><AGARI ba="0,1" hai="47,48,52,56,62,65,85,90,93,120,121,122,125,127" machi="52" ten="40,5200,0" yaku="1,1,0,1,54,1,53,0" doraHai="131" doraHaiUra="25" who="0" fromWho="0" sc="126,62,259,-13,312,-26,293,-13" /><INIT seed="7,0,0,1,3,25" ten="188,246,286,280" oya="3" hai0="106,10,122,0,13,47,95,129,77,48,128,72,109" hai1="85,111,61,26,18,62,36,45,71,6,19,65,58" hai2="103,114,28,108,38,87,30,4,91,33,32,116,50" hai3="123,86,63,42,60,51,84,23,55,98,131,2,83"/><W35/><G123/><T29/><D109/><U64/><E111/><V20/><F38/><W107/><G2/><T73/><D122/><U119/><E119/><V125/><F116/><W69/><G35/><T100/><D0/><U3/><E3/><V130/><F108/><W21/><G69/><T113/><D113/><U104/><E6/><V66/><F114/><W126/><G126/><T76/><D106/><U59/><E104/><V105/><F125/><W12/><G107/><T70/><D70/><U41/><E85/><V1/><F130/><N who="0" m="50282" /><D29/><U132/><E132/><V117/><F117/><W75/><G42/><N who="0" m="24695" /><D95/><U46/><E46/><V102/><F105/><W78/><G131/><T9/><D100/><U80/><E80/><V5/><F1/><W127/><G127/><T52/><D52/><U74/><E74/><N who="0" m="28777" /><D10/><U31/><REACH who="1" step="1"/><E71/><REACH who="1" ten="188,236,286,280" step="2"/><V39/><F87/><W120/><G120/><T99/><D99/><U96/><E96/><V34/><F4/><AGARI ba="0,1" hai="4,9,13,76,77" m="28777,24695,50282" machi="4" ten="30,1000,0" yaku="19,1" doraHai="25" who="0" fromWho="2" sc="188,20,236,0,286,-10,280,0" /><INIT seed="8,0,0,3,4,64" ten="208,236,276,280" oya="0" hai0="78,18,124,5,15,40,13,115,100,17,81,36,43" hai1="51,101,113,45,83,102,70,55,32,35,25,49,38" hai2="134,88,85,114,54,119,99,109,75,6,67,19,20" hai3="93,0,86,107,79,116,111,98,53,10,26,29,131"/><T97/><D115/><U77/><E38/><V91/><F75/><W122/><G111/><T23/><D124/><U128/><E70/><V125/><F109/><W96/><G107/><T95/><D5/><U126/><E128/><V46/><F114/><W52/><G131/><T58/><D58/><U42/><E113/><V22/><F119/><W84/><G116/><T108/><D108/><U129/><E129/><V3/><F67/><W123/><G10/><T9/><REACH who="0" step="1"/><D36/><REACH who="0" ten="198,236,276,280" step="2"/><U89/><E126/><V48/><F125/><W76/><G123/><T4/><D4/><U118/><E118/><V34/><F6/><W92/><G122/><T12/><D12/><U72/><E25/><V62/><F3/><W73/><G26/><T7/><D7/><U8/><E8/><V14/><F62/><W27/><G27/><T56/><D56/><U63/><E63/><V30/><F134/><W105/><G0/><T104/><D104/><U33/><REACH who="1" step="1"/><E89/><REACH who="1" ten="198,226,276,280" step="2"/><V135/><F91/><W112/><G112/><T28/><D28/><U11/><E11/><V50/><F30/><W80/><G29/><T127/><D127/><U24/><E24/><V87/><F88/><W69/><G69/><T21/><D21/><U71/><E71/><V90/><F20/><W31/><G31/><T61/><D61/><U16/><E16/><V65/><F19/><W66/><G66/><T132/><D132/><U94/><E94/><V82/><F65/><W41/><G92/><T106/><D106/><U103/><E103/><V1/><F22/><W130/><G93/><T120/><D120/><U133/><E133/><RYUUKYOKU ba="0,2" sc="198,15,226,15,276,-15,280,-15" hai0="9,13,15,17,18,23,40,43,78,81,95,97,100" hai1="32,33,35,42,45,49,51,55,72,77,83,101,102" /><INIT seed="8,1,2,1,3,99" ten="213,241,261,265" oya="0" hai0="1,27,125,45,81,26,29,108,24,77,8,111,114" hai1="101,51,120,72,60,133,117,25,40,36,75,92,0" hai2="98,12,18,10,39,54,94,2,134,53,68,49,103" hai3="130,33,11,110,102,126,42,90,86,44,73,70,97"/><T124/><D114/><U131/><E120/><V41/><F134/><W34/><G110/><N who="0" m="42027" /><D45/><U112/><E36/><V61/><F2/><W19/><G70/><T62/><D62/><U78/><E0/><V127/><F127/><N who="0" m="48714" /><D81/><U96/><E117/><V109/><F109/><W38/><G126/><T66/><D77/><U15/><E78/><V88/><F39/><W116/><G116/><T16/><D66/><U95/><E95/><N who="2" m="58847" /><F68/><W23/><G73/><T6/><D16/><U5/><E131/><V50/><F41/><W106/><G11/><T93/><D93/><U119/><E119/><V7/><F7/><W87/><G130/><T46/><D46/><N who="1" m="26055" /><E60/><V128/><F128/><W56/><G56/><T107/><D107/><U64/><E64/><V59/><F54/><W14/><G87/><AGARI ba="1,2" hai="10,12,18,49,50,53,59,61,87,88,94" m="58847" machi="87" ten="30,3900,0" yaku="8,1,52,1,54,1" doraHai="99" who="2" fromWho="3" sc="213,0,241,0,261,62,265,-42" owari="213,-29.0,241,4.0,323,43.0,223,-18.0" /></mjloggm>