<mjloggm ver="2.3"><GO type="225" lobby="0"/><UN n0="%65%78%E6%B3%B0%E7%84%B6%E5%9E%8B" n1="%E3%83%88%E3%83%88%E3%83%AA%E5%85%88%E7%94%9F%31%39%E6%AD%B3" n2="%65%6E%6B%61%69%73%6D" n3="%6B%69%74%70%6F%77%35" dan="16,17,16,16" rate="2017.78,2240.17,2073.91,2033.49" sx="F,F,M,M"/><TAIKYOKU oya="0"/><INIT seed="0,0,0,2,0,84" ten="250,250,250,250" oya="0" hai0="122,42,44,106,116,77,35,115,87,19,55,16,62" hai1="131,38,134,60,127,65,37,6,24,21,12,89,61" hai2="34,119,47,56,1,43,82,64,126,48,10,66,26" hai3="74,39,9,135,83,73,49,113,68,50,114,100,53"/><T59/><D116/><U94/><E131/><V124/><F119/><W13/><G68/><T117/><D117/><U45/><E134/><V130/><F130/><W78/><G39/><T41/><D122/><U92/><E127/><N who="2" m="48683" /><F82/><W97/><G135/><T85/><D106/><U11/><E94/><V69/><F69/><W29/><G74/><T32/><D115/><U79/><E79/><V5/><F56/><W3/><G3/><T33/><D41/><U96/><E45/><V125/><N who="2" m="48691" /><V15/><DORA hai="105" /><F1/><W111/><G29/><AGARI ba="0,0" hai="5,10,15,26,29,34,43,47,48,64,66" m="48691" machi="29" ten="40,1300,0" yaku="18,1" doraHai="84,105" who="2" fromWho="3" sc="250,0,250,0,250,13,250,-13" /><INIT seed="1,0,0,2,1,66" ten="250,250,263,237" oya="1" hai0="74,114,59,87,22,9,35,70,48,7,20,81,41" hai1="39,8,130,64,51,54,32,18,92,71,133,116,120" hai2="45,88,13,115,98,2,93,34,79,36,85,4,25" hai3="44,75,123,84,17,30,99,77,69,124,49,28,33"/><U117/><E120/><V102/><F115/><W103/><G123/><T78/><D35/><U94/><E32/><V26/><F2/><W131/><G75/><T132/><D114/><U67/><E39/><V83/><F34/><W50/><G17/><T113/><D132/><U6/><E130/><V57/><F57/><W118/><G131/><T24/><D70/><U129/><E129/><V12/><F36/><W91/><G77/><T29/><D74/><U86/><E133/><V80/><F45/><W105/><G118/><T72/><D72/><U21/><E117/><V5/><F12/><W61/><G124/><T127/><D22/><U42/><E42/><V55/><F55/><W134/><G134/><T65/><D113/><U31/><E31/><V89/><F89/><W40/><G50/><T27/><D27/><N who="2" m="10250" /><F13/><W111/><G33/><T63/><D127/><U110/><E116/><V119/><F119/><W107/><G107/><T52/><D41/><U0/><E67/><V23/><F23/><W95/><REACH who="3" step="1"/><G111/><REACH who="3" ten="250,250,263,227" step="2"/><T90/><D78/><U10/><E110/><V46/><F79/><W121/><G121/><T73/><D73/><U58/><E18/><V128/><F128/><W68/><G68/><T62/><REACH who="0" step="1"/><D65/><AGARI ba="0,1" hai="28,30,40,44,49,61,65,69,84,91,95,99,103,105" machi="65" ten="40,2600,0" yaku="1,1,52,1,53,0" doraHai="66" doraHaiUra="109" who="3" fromWho="0" sc="250,-26,250,0,263,0,227,36" /><INIT seed="2,0,0,5,0,61" ten="224,250,263,263" oya="2" hai0="114,71,113,134,31,111,105,131,25,54,76,128,18" hai1="110,6,70,92,44,8,101,77,4,133,34,117,28" hai2="21,14,49,65,19,78,0,80,104,5,90,22,95" hai3="87,81,106,89,24,108,127,13,96,83,33,2,62"/><V7/><F104/><W123/><G2/><T73/><D18/><U58/><E117/><V97/><F0/><W107/><G123/><T135/><D54/><U1/><E70/><V17/><F65/><W86/><G33/><N who="0" m="20719" /><D71/><U26/><E110/><V9/><F49/><W132/><G24/><T39/><D39/><U118/><E118/><V98/><F98/><W102/><G13/><T75/><D105/><N who="3" m="39945" /><G62/><T40/><D40/><U66/><E133/><N who="0" m="50697" /><D111/><U124/><E6/><V38/><F38/><W45/><G45/><T103/><D103/><U93/><E101/><V52/><F52/><W130/><G108/><T67/><D67/><U20/><E44/><V51/><F51/><W91/><G132/><T30/><D30/><U69/><E69/><V55/><F55/><W63/><G63/><T10/><D10/><U59/><E59/><V12/><REACH who="2" step="1"/><F9/><REACH who="2" ten="224,250,253,263" step="2"/><W41/><G41/><T100/><D100/><U99/><E66/><V88/><F88/><W115/><G102/><T120/><D120/><U27/><E8/><V60/><F60/><W23/><G96/><T68/><D68/><U16/><E1/><V29/><F29/><W48/><G91/><T37/><D37/><U50/><E99/><V72/><AGARI ba="0,1" hai="5,7,12,14,17,19,21,22,72,78,80,90,95,97" machi="72" ten="20,7800,0" yaku="1,1,0,1,7,1,9,1,53,0" doraHai="61" doraHaiUra="43" who="2" fromWho="2" sc="224,-26,250,-26,253,88,263,-26" /><INIT seed="2,1,0,5,0,45" ten="198,224,341,237" oya="2" hai0="0,74,46,112,65,16,11,36,26,83,110,91,85" hai1="49,21,128,34,63,75,111,40,73,8,68,116,53" hai2="29,17,33,130,9,96,86,121,22,84,95,7,98" hai3="102,132,24,37,97,62,57,64,119,59,124,61,72"/><V38/><F38/><W58/><G132/><T3/><D112/><U129/><E34/><V115/><F115/><W25/><G124/><T92/><D110/><U80/><E116/><V101/><F121/><W90/><G37/><T27/><D65/><N who="1" m="41023" /><E111/><V123/><F130/><N who="1" m="50281" /><E40/><V79/><F123/><W12/><G72/><T69/><D69/><U5/><E21/><V42/><F42/><W108/><G108/><T105/><D105/><U50/><E80/><V10/><F33/><W100/><G119/><T15/><D0/><N who="1" m="39" /><E50/><V114/><F114/><W23/><G12/><T81/><D3/><U125/><E125/><V99/><F22/><W82/><G25/><T106/><D106/><U107/><E107/><V126/><F126/><W30/><G62/><T51/><D36/><U20/><E20/><V18/><F29/><W35/><G35/><T109/><D109/><U1/><E1/><V127/><F127/><W76/><G76/><T118/><D118/><U133/><E133/><V94/><F79/><W113/><G113/><T88/><D74/><U135/><E135/><V66/><F7/><W134/><G134/><T89/><D81/><U93/><E93/><V54/><F95/><N who="3" m="58431" /><G102/><T78/><D92/><U41/><E41/><AGARI ba="1,0" hai="11,15,16,26,27,41,46,51,78,83,85,88,89,91" machi="41" ten="40,8000,1" yaku="8,1,52,1,54,2" doraHai="45" who="0" fromWho="1" sc="198,83,224,-83,341,0,237,0" /><INIT seed="3,0,0,4,2,54" ten="281,141,341,237" oya="3" hai0="124,130,56,119,62,79,126,84,96,17,21,83,52" hai1="23,89,48,30,129,28,18,117,26,133,94,9,93" hai2="43,71,59,123,110,113,97,39,106,80,1,33,99" hai3="114,101,88,132,44,27,60,6,66,76,45,100,64"/><W55/><G114/><T13/><D130/><U125/><E129/><V58/><F71/><W57/><G132/><T77/><D96/><U75/><E133/><V127/><F1/><W74/><G6/><T111/><D111/><U53/><E75/><V50/><F33/><W108/><G108/><T103/><D103/><N who="3" m="39497" /><G74/><T116/><REACH who="0" step="1"/><D79/><REACH who="0" ten="271,141,341,237" step="2"/><U65/><E125/><AGARI ba="0,1" hai="13,17,21,52,56,62,77,83,84,116,119,124,125,126" machi="125" ten="40,8000,1" yaku="1,1,2,1,18,1,52,1,54,1,53,0" doraHai="54" doraHaiUra="85" who="0" fromWho="1" sc="271,90,141,-80,341,0,237,0" owari="361,46.0,61,-44.0,341,14.0,237,-16.0" /></mjloggm>