<mjloggm ver="2.3"><GO type="97" lobby="0"/><UN n0="%E2%97%86%E7%A5%9E%E7%AB%9C%E2%97%86" n1="%E3%81%AA%E3%81%A3%E3%81%8D%E3%82%8A" n2="%E5%B0%B1%E6%B4%BB%E7%94%9F%40%E5%B7%9D%E6%9D%91%E8%BB%8D%E5%9B%A3" n3="%E3%83%AB%E3%83%BC%E3%83%AB%E3%82%8F%E3%81%8B%E3%82%93%E3%81%AA%E3%81%84" dan="13,15,15,16" rate="1830.49,1977.36,1956.49,2020.52" sx="M,M,M,M"/><TAIKYOKU oya="0"/><INIT seed="0,0,0,3,2,36" ten="250,250,250,250" oya="0" hai0="14,45,81,26,92,44,123,68,130,124,111,61,78" hai1="32,58,19,49,118,77,113,10,20,90,17,126,91" hai2="95,7,56,0,1,101,125,128,22,28,97,34,35" hai3="122,84,8,134,100,120,31,76,3,115,47,29,85"/><T127/><D123/><U9/><E118/><V107/><F128/><W96/><G115/><T108/><D130/><U12/><E32/><V15/><F125/><N who="0" m="48202" /><D26/><N who="1" m="14607" /><E113/><V55/><F107/><W70/><G70/><T121/><D121/><N who="3" m="46697" /><G134/><T40/><D45/><U74/><E74/><V38/><F38/><W112/><G112/><T105/><D105/><U6/><E126/><V106/><F106/><N who="3" m="63751" /><G47/><T82/><D82/><U57/><E77/><V27/><F34/><W11/><G76/><T88/><D14/><N who="1" m="7639" /><E49/><V69/><F69/><W24/><G31/><T79/><D68/><U117/><E117/><V25/><F25/><W116/><G116/><T133/><D61/><U119/><E119/><V110/><F110/><N who="0" m="42026" /><D133/><U37/><E37/><V66/><F66/><W48/><G48/><N who="0" m="26631" /><D81/><U52/><E52/><V13/><F35/><N who="3" m="20903" /><G11/><T65/><D65/><U87/><E58/><V99/><F1/><W59/><G59/><T72/><D72/><U131/><E57/><V83/><F0/><W73/><G73/><T135/><D135/><U50/><E131/><V103/><F56/><W2/><G2/><T109/><D109/><U86/><E50/><V4/><F55/><W51/><G51/><T53/><D53/><U104/><E104/><V93/><F7/><AGARI ba="0,0" hai="3,7,8,84,85" m="20903,63751,46697" machi="7" ten="30,1000,0" yaku="13,1" doraHai="36" who="3" fromWho="2" sc="250,0,250,0,250,-10,250,10" /><INIT seed="1,0,0,0,5,106" ten="250,250,240,260" oya="1" hai0="18,58,85,116,134,7,52,101,97,48,47,98,84" hai1="34,25,37,31,39,53,60,8,102,26,66,65,78" hai2="112,113,88,90,17,100,40,123,30,27,119,94,32" hai3="51,129,42,49,2,92,22,3,36,71,19,132,99"/><U91/><E102/><V64/><F123/><W79/><G71/><T68/><D116/><U0/><E78/><V44/><F119/><W9/><G129/><T80/><D68/><U16/><E53/><V109/><F64/><W61/><G132/><T15/><D134/><U75/><E75/><V5/><F5/><W70/><G79/><T29/><D7/><U76/><E76/><V50/><F109/><W130/><G130/><T114/><D29/><U14/><E66/><V38/><F38/><W33/><G33/><T63/><D114/><N who="2" m="44138" /><F17/><W62/><G36/><T74/><D74/><U55/><E55/><V81/><F81/><W82/><G82/><T111/><D111/><U41/><E41/><V128/><F128/><W125/><G70/><T12/><D12/><U104/><E104/><V115/><N who="2" m="44146" /><V124/><DORA hai="86" /><F124/><W135/><G125/><T105/><D98/><AGARI ba="0,0" hai="27,30,32,40,44,50,88,90,94,98,100" m="44146" machi="98" ten="40,8000,1" yaku="11,1,52,2,54,1" doraHai="106,86" who="2" fromWho="0" sc="250,-80,250,0,240,80,260,0" /><INIT seed="2,0,0,1,0,115" ten="170,250,320,260" oya="2" hai0="97,89,33,59,72,85,106,70,91,76,119,6,105" hai1="13,84,99,19,107,110,31,83,49,46,12,7,36" hai2="11,52,40,82,112,117,54,129,69,24,48,15,65" hai3="53,26,14,30,57,32,8,2,134,55,98,20,35"/><V124/><F117/><W133/><G98/><T38/><D59/><U61/><E36/><V34/><F112/><W58/><G57/><T16/><D6/><U95/><E107/><N who="0" m="40969" /><D16/><U18/><E31/><V44/><F129/><W77/><G2/><T79/><D33/><U135/><E110/><V130/><F124/><W41/><G41/><T78/><D70/><U37/><E135/><V22/><F130/><W3/><G55/><T10/><D10/><N who="1" m="4191" /><E61/><V47/><F34/><W113/><G113/><T43/><D43/><N who="1" m="24799" /><E37/><V92/><F82/><W45/><G45/><T80/><D38/><U63/><E63/><V71/><F92/><W28/><G28/><T27/><D27/><U125/><E125/><V56/><F47/><W94/><G94/><N who="0" m="56543" /><D119/><U51/><E51/><V128/><F128/><W103/><G35/><T100/><D100/><N who="1" m="60543" /><E13/><V0/><F0/><W86/><G103/><T62/><D62/><U131/><E131/><V108/><F108/><W17/><G53/><T102/><D102/><U73/><E73/><AGARI ba="0,0" hai="72,73,76,78,79,80,85,89" m="56543,40969" machi="73" ten="30,8000,1" yaku="35,5" doraHai="115" who="0" fromWho="1" sc="170,80,250,-80,320,0,260,0" /><INIT seed="3,0,0,5,0,62" ten="250,170,320,260" oya="3" hai0="115,95,84,118,76,21,116,75,123,29,6,89,129" hai1="135,37,97,34,93,92,59,51,19,74,98,32,81" hai2="65,9,73,46,5,96,131,28,16,63,55,128,78" hai3="60,20,125,113,90,114,134,101,44,120,107,70,104"/><W1/><G120/><T108/><D123/><U2/><E37/><V53/><F28/><W42/><G1/><T38/><D6/><U105/><E2/><N who="2" m="183" /><F96/><W35/><G35/><T8/><D8/><U130/><E135/><V13/><F78/><W67/><G134/><T33/><D33/><U103/><E130/><N who="2" m="49707" /><F46/><W122/><G125/><T124/><D29/><U126/><E126/><V71/><F73/><W82/><G122/><T119/><D21/><AGARI ba="0,0" hai="13,16,21,53,55,63,65,71" m="49707,183" machi="21" ten="30,3900,0" yaku="19,1,52,1,54,1" doraHai="62" who="2" fromWho="0" sc="250,-39,170,0,320,39,260,0" owari="211,-19.0,170,-33.0,359,46.0,260,6.0" /></mjloggm>