<mjloggm ver="2.3"><GO type="41" lobby="0"/><UN n0="%4E%54%72%69%67%62%79" n1="%4E%41%4B%37" n2="%E5%B0%B1%E6%B4%BB%E7%94%9F%40%E5%B7%9D%E6%9D%91%E8%BB%8D%E5%9B%A3" n3="%E3%83%9F%E3%83%8A%E3%83%B3%E3%83%80" dan="13,14,14,15" rate="1824.41,1937.42,1971.91,1975.22" sx="F,M,M,M"/><TAIKYOKU oya="0"/><INIT seed="0,0,0,5,5,25" ten="250,250,250,250" oya="0" hai0="7,17,5,85,104,66,26,102,43,53,81,134,63" hai1="79,100,6,95,124,48,58,33,61,77,130,120,31" hai2="131,101,123,40,75,52,12,21,119,99,67,29,3" hai3="49,10,14,115,76,109,132,50,0,34,121,35,4"/><T129/><D129/><U107/><E120/><V114/><F123/><W74/><G115/><T20/><D134/><U112/><E130/><V71/><F114/><W8/><G76/><T32/><D43/><U89/><E112/><V9/><F75/><W72/><G121/><T94/><D104/><U60/><E6/><V65/><F131/><W30/><G109/><T135/><D135/><U64/><E124/><V27/><F3/><W108/><G108/><T125/><D125/><U69/><E48/><V45/><F71/><W122/><G122/><T39/><D39/><U110/><E110/><V103/><F119/><W44/><G50/><T80/><D53/><U92/><E92/><N who="2" m="58599" /><F40/><W93/><G93/><T47/><D47/><U54/><E95/><V106/><F103/><W83/><G83/><T78/><D81/><U70/><E70/><V126/><F126/><W46/><G46/><T24/><D26/><N who="1" m="18679" /><E89/><V15/><F106/><W111/><G132/><T87/><D32/><U51/><E51/><N who="2" m="28783" /><F15/><W55/><G111/><T82/><D80/><U84/><E84/><V113/><F113/><W68/><G68/><T41/><D41/><U11/><E11/><V73/><F73/><W116/><G116/><T97/><REACH who="0" step="1"/><D87/><REACH who="0" ten="240,250,250,250" step="2"/><U117/><E117/><V19/><AGARI ba="0,1" hai="9,12,19,21,27,29,65,67" m="28783,58599" machi="19" ten="30,4000,0" yaku="8,1,52,1,54,1" doraHai="25" who="2" fromWho="2" sc="240,-20,250,-10,250,50,250,-10" /><INIT seed="1,0,0,2,2,123" ten="220,240,300,240" oya="1" hai0="23,56,112,2,14,52,43,94,67,79,131,105,57" hai1="83,60,42,6,115,9,91,69,132,59,33,46,11" hai2="77,74,92,31,121,35,0,70,100,124,99,62,89" hai3="76,61,93,111,134,81,107,86,119,40,80,39,19"/><U44/><E115/><V25/><F121/><W96/><G39/><T102/><D112/><U84/><E69/><V87/><F124/><W48/><G40/><T49/><D131/><U133/><E33/><V106/><F0/><W26/><G61/><T101/><D2/><U127/><E127/><V129/><F129/><W5/><G5/><T45/><D79/><U3/><E11/><V118/><F118/><W50/><G107/><T29/><D105/><U103/><E103/><V71/><REACH who="2" step="1"/><F62/><REACH who="2" ten="220,240,290,240" step="2"/><W88/><G119/><T64/><D102/><U54/><REACH who="1" step="1"/><E42/><REACH who="1" ten="220,230,290,240" step="2"/><V51/><F51/><W7/><G50/><T78/><D43/><U135/><AGARI ba="0,2" hai="3,6,9,44,46,54,59,60,83,84,91,132,133,135" machi="135" ten="30,12000,1" yaku="1,1,2,1,0,1,20,1,53,1" doraHai="123" doraHaiUra="34" who="1" fromWho="1" sc="220,-40,230,140,290,-40,240,-40" /><INIT seed="1,1,0,4,2,69" ten="180,370,250,200" oya="1" hai0="36,28,13,99,95,103,33,17,41,63,43,123,11" hai1="16,112,12,130,61,40,2,57,120,85,54,24,127" hai2="25,91,104,64,19,128,89,6,93,68,79,65,9" hai3="1,42,15,29,107,34,90,66,133,60,59,50,73"/><U109/><E112/><V39/><F104/><W115/><G73/><T18/><D123/><U22/><E120/><V88/><F128/><W75/><G75/><T56/><D33/><U124/><E2/><V5/><F79/><W106/><G1/><T51/><D28/><U135/><E130/><V4/><F39/><W131/><G115/><T55/><D18/><U30/><E135/><V52/><F68/><W81/><G29/><T102/><D102/><U121/><E121/><V114/><F114/><W80/><G34/><T116/><D116/><U44/><E85/><V62/><F93/><W23/><G131/><T87/><D87/><U100/><E100/><V126/><F126/><N who="1" m="48169" /><E109/><V118/><F118/><W0/><G0/><T110/><D36/><N who="1" m="21511" /><E30/><V119/><F119/><W47/><G133/><T117/><D117/><U122/><E122/><V83/><F83/><W82/><G90/><T96/><D96/><U37/><E37/><V21/><F9/><W134/><G134/><T67/><REACH who="0" step="1"/><D110/><REACH who="0" ten="170,370,250,200" step="2"/><U105/><E105/><V77/><F77/><W38/><G38/><T35/><D35/><U58/><E24/><V53/><F62/><W31/><G107/><T98/><D98/><U108/><E108/><V76/><F76/><W84/><G84/><T86/><D86/><U7/><E7/><V46/><F46/><AGARI ba="1,1" hai="11,13,17,41,43,46,51,55,56,63,67,95,99,103" machi="46" ten="30,3900,0" yaku="1,1,7,1,8,1,53,0" doraHai="69" doraHaiUra="125" who="0" fromWho="2" sc="170,52,370,0,250,-42,200,0" /><INIT seed="2,0,0,3,4,47" ten="222,370,208,200" oya="2" hai0="117,100,99,86,63,116,104,19,118,41,51,123,12" hai1="111,134,80,90,33,74,75,125,97,52,105,112,89" hai2="28,78,72,101,109,107,88,20,18,124,30,60,132" hai3="0,84,128,93,53,5,133,9,31,131,1,49,24"/><V50/><F124/><W95/><G0/><T44/><D44/><U83/><BYE who="0" /><E125/><V36/><F132/><W6/><G6/><T11/><D11/><U3/><E33/><V38/><F109/><W65/><G65/><T129/><D129/><N who="3" m="49737" /><G84/><T87/><D87/><N who="1" m="50407" /><E3/><V35/><F35/><N who="3" m="20967" /><G133/><T37/><D37/><U32/><E52/><V64/><F38/><W48/><G48/><T77/><D77/><N who="1" m="44471" /><E32/><V26/><F36/><W61/><G61/><T15/><D15/><U8/><E8/><V27/><F72/><W122/><G122/><T76/><D76/><U23/><E23/><V82/><F78/><W56/><AGARI ba="0,0" hai="1,5,9,49,53,56,93,95" m="20967,49737" machi="56" ten="30,2000,0" yaku="19,1,52,1" doraHai="47" who="3" fromWho="3" sc="222,-5,370,-5,208,-10,200,20" /><INIT seed="3,0,0,0,5,134" ten="217,365,198,220" oya="3" hai0="62,95,68,121,19,21,70,36,119,25,115,103,122" hai1="112,14,47,129,98,48,43,8,63,50,125,102,127" hai2="72,99,80,94,118,53,31,128,96,9,107,61,42" hai3="97,49,71,6,75,7,91,109,114,73,135,26,85"/><W67/><G114/><UN n0="%4E%54%72%69%67%62%79" /><T108/><D108/><U40/><E112/><V41/><F118/><W83/><G71/><T84/><D119/><U92/><E129/><V2/><F128/><W33/><G67/><T55/><D115/><U15/><E63/><V35/><F35/><W52/><G135/><T59/><D36/><U86/><E86/><V78/><F31/><W29/><G109/><T89/><D103/><U120/><E120/><V20/><F20/><W77/><G97/><T38/><D38/><U117/><E117/><V30/><F30/><W81/><REACH who="3" step="1"/><G75/><REACH who="3" ten="217,365,198,210" step="2"/><T39/><D122/><U74/><E74/><V32/><F99/><W60/><G60/><T123/><D123/><U10/><E98/><V46/><F107/><W133/><G133/><T17/><D121/><U13/><E102/><V126/><F61/><W0/><G0/><T4/><D70/><U124/><E92/><V88/><F126/><W44/><AGARI ba="0,1" hai="6,7,26,29,33,44,49,52,73,77,81,83,85,91" machi="44" ten="20,12000,1" yaku="1,1,0,1,7,1,54,1,53,1" doraHai="134" doraHaiUra="106" who="3" fromWho="3" sc="217,-40,365,-40,198,-40,210,130" /><INIT seed="3,1,0,2,4,43" ten="177,325,158,340" oya="3" hai0="4,68,20,92,55,16,111,82,32,97,29,91,12" hai1="22,60,101,9,7,11,86,62,44,54,88,23,69" hai2="59,78,64,104,89,83,47,28,10,95,94,127,77" hai3="98,99,72,102,100,56,74,110,121,115,53,130,40"/><W17/><G121/><T25/><D111/><U107/><E107/><V34/><F104/><W46/><G115/><T114/><D114/><U131/><E101/><V80/><F127/><W129/><G17/><T36/><D68/><U6/><E131/><N who="3" m="50186" /><G110/><T37/><D4/><N who="1" m="1579" /><E69/><V125/><F125/><W93/><G53/><T75/><D55/><U52/><E11/><V50/><F34/><W122/><G56/><T105/><D105/><U124/><E124/><V33/><F33/><W31/><G31/><T13/><D12/><U18/><E9/><V2/><F28/><W51/><G122/><T106/><D106/><AGARI ba="1,0" hai="40,46,51,72,74,93,98,99,100,102,106" m="50186" machi="106" ten="30,2900,0" yaku="19,1,52,1" doraHai="43" who="3" fromWho="0" sc="177,-32,325,0,158,0,340,32" /><INIT seed="3,2,0,4,5,69" ten="145,325,158,372" oya="3" hai0="17,14,112,24,67,13,54,22,33,89,99,43,104" hai1="106,107,135,46,127,49,128,52,114,53,29,132,111" hai2="42,41,55,18,27,4,57,45,10,121,109,0,115" hai3="118,58,81,105,133,87,20,66,72,80,84,59,91"/><W40/><G118/><T101/><D112/><U26/><E114/><V96/><F115/><W79/><G105/><T77/><D67/><U120/><E120/><V73/><F121/><W6/><G133/><N who="1" m="51274" /><E111/><V75/><F109/><W51/><G6/><T86/><D77/><U48/><E127/><V2/><F2/><W21/><G72/><T70/><D70/><U76/><E76/><V78/><F96/><W130/><G130/><T56/><D43/><U124/><E124/><V15/><F27/><W19/><G66/><T98/><D98/><U110/><E110/><V117/><F117/><W37/><G37/><T95/><REACH who="0" step="1"/><D33/><REACH who="0" ten="135,325,158,372" step="2"/><N who="1" m="20663" /><E128/><V122/><F78/><W126/><G40/><T23/><D23/><U31/><E53/><V63/><F122/><W119/><G21/><T11/><D11/><U123/><E123/><V68/><F68/><W103/><G126/><T3/><D3/><U9/><E9/><V38/><F42/><W92/><G119/><T94/><D94/><U129/><E129/><V97/><F97/><W88/><G92/><T93/><D93/><U125/><E125/><V39/><F39/><W34/><G34/><T8/><D8/><AGARI ba="2,1" hai="0,4,8,10,15,18,38,41,45,55,57,63,73,75" machi="8" ten="30,2000,0" yaku="7,1,52,1" doraHai="69" who="2" fromWho="0" sc="135,-26,325,0,158,36,372,0" /><INIT seed="4,0,0,1,4,40" ten="109,325,194,372" oya="0" hai0="48,101,11,91,8,43,29,132,51,34,41,100,127" hai1="87,124,81,52,66,59,103,18,4,12,49,112,128" hai2="1,125,61,99,23,33,105,9,96,107,89,88,74" hai3="93,108,131,30,86,76,97,39,78,64,13,120,22"/><T123/><D123/><U26/><E124/><V37/><F33/><W31/><G108/><T130/><D127/><U25/><E128/><V62/><F125/><W70/><G39/><T135/><D130/><U77/><E103/><V3/><F23/><W110/><G110/><T16/><D34/><U117/><E117/><V0/><F37/><W133/><G70/><T98/><D29/><U71/><E4/><V7/><F7/><W69/><G69/><T116/><D116/><U38/><E38/><V44/><F9/><W2/><G2/><T82/><D41/><U60/><REACH who="1" step="1"/><E112/><REACH who="1" ten="109,315,194,372" step="2"/><V129/><F129/><W50/><G131/><T121/><D101/><U20/><AGARI ba="0,1" hai="12,18,20,25,26,49,52,59,60,66,71,77,81,87" machi="20" ten="20,12000,2" yaku="1,1,2,1,0,1,7,1,54,1,53,1" doraHai="40" doraHaiUra="54" who="1" fromWho="1" sc="109,-60,315,130,194,-30,372,-30" /><INIT seed="5,0,0,2,1,82" ten="49,445,164,342" oya="1" hai0="0,132,24,123,87,121,85,52,1,116,88,55,35" hai1="103,125,64,133,4,44,53,89,95,128,54,70,7" hai2="114,91,49,62,120,75,77,60,65,135,8,122,80" hai3="94,28,126,115,57,98,20,124,90,26,79,51,58"/><U78/><E103/><V101/><F135/><W71/><G71/><T76/><D116/><U9/><E133/><V16/><F101/><W42/><G115/><T3/><D132/><U105/><E105/><V84/><F114/><W96/><G79/><T108/><D108/><U102/><E102/><V11/><F49/><W68/><G68/><T5/><D35/><U39/><E125/><N who="3" m="48234" /><G98/><T50/><D5/><U93/><E128/><V104/><F104/><W97/><G97/><T69/><D24/><U18/><E78/><V59/><F62/><W41/><G51/><T109/><D109/><U63/><E18/><V67/><F67/><W99/><G99/><T48/><D69/><U40/><E95/><V66/><F66/><W110/><G110/><T81/><D48/><U14/><E4/><V118/><F118/><W46/><G46/><T33/><D33/><U117/><E117/><V21/><F120/><N who="0" m="46154" /><D50/><U2/><E14/><V6/><F122/><W130/><G130/><T61/><D61/><U25/><E25/><V129/><F129/><W19/><G19/><T12/><D12/><U13/><E13/><V100/><F100/><W127/><G127/><T27/><D27/><U34/><E34/><V15/><F6/><W38/><G38/><T31/><D31/><U106/><E106/><V112/><F112/><W30/><G30/><T17/><D17/><U29/><E29/><V119/><F119/><W10/><G10/><T22/><D22/><U86/><AGARI ba="0,0" hai="2,7,9,39,40,44,53,54,63,64,70,86,89,93" machi="86" ten="20,3900,0" yaku="0,1,7,1,52,1" doraHai="82" who="1" fromWho="1" sc="49,-13,445,39,164,-13,342,-13" /><INIT seed="5,1,0,5,3,22" ten="36,484,151,329" oya="1" hai0="105,67,130,70,54,19,3,38,116,123,26,127,62" hai1="75,18,126,95,42,53,108,73,7,115,58,66,122" hai2="45,124,13,107,28,10,129,92,0,61,88,113,65" hai3="76,21,106,50,39,2,80,69,41,85,97,135,12"/><U51/><E122/><V55/><F107/><W94/><G39/><T8/><D116/><U33/><E7/><V84/><F129/><W79/><G2/><T90/><D123/><U35/><E115/><V87/><F124/><W71/><G106/><T46/><D130/><U24/><E126/><V131/><F131/><W109/><G109/><T110/><D127/><U89/><E108/><V44/><F113/><W125/><G76/><T114/><D114/><U117/><E117/><V82/><F0/><W16/><G135/><T60/><D105/><U52/><E42/><V20/><F28/><W100/><REACH who="3" step="1"/><G125/><REACH who="3" ten="36,484,151,319" step="2"/><T47/><D110/><U23/><E75/><V128/><F128/><W34/><G34/><T86/><D38/><U134/><E73/><V64/><F55/><W6/><G6/><T57/><D3/><U48/><E134/><V112/><F112/><W81/><G81/><T96/><D96/><U120/><E120/><V37/><F37/><W25/><G25/><T1/><D1/><U5/><E5/><V56/><F65/><W118/><G118/><T36/><D36/><U59/><E66/><V77/><F20/><W17/><G17/><AGARI ba="1,1" hai="10,13,17,44,45,56,61,64,77,82,84,87,88,92" machi="17" ten="30,3900,0" yaku="7,1,8,1,54,1" doraHai="22" who="2" fromWho="3" sc="36,0,484,0,151,52,319,-42" /><INIT seed="6,0,0,2,5,11" ten="36,484,203,277" oya="2" hai0="15,123,32,9,126,69,35,60,95,113,76,73,33" hai1="114,63,49,103,47,78,134,40,84,109,132,21,125" hai2="127,10,100,107,98,34,19,59,42,88,99,115,72" hai3="93,23,131,110,105,12,70,89,67,57,119,54,61"/><V31/><F72/><W102/><G110/><T17/><D113/><U133/><E109/><V104/><F115/><W25/><G119/><T130/><D130/><U22/><E114/><V68/><F68/><W108/><G108/><T27/><D123/><U87/><E125/><V18/><F127/><W74/><G74/><T3/><D126/><U92/><E78/><V128/><F128/><W20/><G105/><T82/><D95/><U129/><E129/><V117/><F117/><W106/><G106/><T1/><D27/><U116/><E116/><V65/><F42/><W38/><G38/><T4/><D4/><U6/><E6/><V51/><F34/><W2/><G2/><T7/><D7/><U39/><E49/><V8/><F31/><W81/><G81/><T75/><D73/><U80/><E80/><V79/><F79/><W45/><G102/><T5/><D5/><U48/><E48/><V66/><F51/><N who="3" m="29039" /><G70/><T52/><REACH who="0" step="1"/><D69/><REACH who="0" ten="26,484,203,277" step="2"/><U24/><E92/><V26/><F104/><W121/><G25/><T55/><D55/><U0/><E24/><V112/><F107/><W118/><G121/><T46/><D46/><U43/><E0/><V90/><F26/><W56/><G118/><T13/><D13/><U44/><E134/><V64/><F112/><W16/><G131/><T77/><D77/><U29/><E29/><V111/><F111/><W135/><G135/><T71/><D71/><U97/><E133/><V30/><F30/><W58/><G12/><T94/><D94/><U53/><E132/><V122/><F122/><W124/><G124/><T101/><D101/><RYUUKYOKU ba="0,1" sc="26,30,484,-10,203,-10,277,-10" hai0="1,3,9,15,17,32,33,35,52,60,75,76,82" /><INIT seed="7,1,1,4,5,88" ten="56,474,193,267" oya="3" hai0="9,95,56,59,68,127,80,64,113,87,30,22,23" hai1="97,8,81,7,5,101,91,6,121,129,29,39,14" hai2="65,75,24,94,74,40,96,11,44,31,104,19,12" hai3="43,135,3,93,134,130,100,118,119,58,54,71,112"/><W77/><G71/><T115/><D127/><U42/><E121/><V26/><F104/><W16/><G3/><T34/><D34/><U60/><E129/><V92/><F65/><W89/><G43/><T124/><D124/><U107/><E29/><V86/><F86/><W79/><G112/><T111/><D111/><U50/><E39/><V25/><F31/><W114/><G114/><T38/><D38/><U48/><E60/><V67/><F67/><W28/><G28/><T70/><D30/><U37/><E37/><V0/><F0/><W82/><G16/><T10/><D64/><U76/><E91/><V53/><F40/><W18/><G18/><T17/><D17/><U117/><E117/><N who="3" m="44554" /><G58/><T78/><D87/><U4/><REACH who="1" step="1"/><E42/><REACH who="1" ten="56,464,193,267" step="2"/><V46/><F96/><N who="3" m="59407" /><G54/><T85/><D85/><AGARI ba="1,2" hai="4,5,6,7,8,14,48,50,76,81,85,97,101,107" machi="85" ten="40,1300,0" yaku="1,1,53,0" doraHai="88" doraHaiUra="66" who="1" fromWho="0" sc="56,-16,464,36,193,0,267,0" owari="40,-46.0,500,60.0,193,-21.0,267,7.0" /></mjloggm>