<mjloggm ver="2.3"><GO type="97" lobby="0"/><UN n0="%E8%97%A4%E4%BA%95%E3%82%B7%E3%82%B9%E3%83%86%E3%83%A0%78%70" n1="%E5%93%AD%E3%81%8D%E3%81%AE%E7%AB%9C%2E" n2="%E3%83%88%E3%83%88%E3%83%AA%E5%85%88%E7%94%9F%31%39%E6%AD%B3" n3="%E4%B8%80%E5%85%AD" dan="13,14,15,16" rate="1959.24,1883.74,2065.48,2039.30" sx="M,M,F,M"/><TAIKYOKU oya="0"/><INIT seed="0,0,0,0,5,85" ten="250,250,250,250" oya="0" hai0="81,22,75,33,30,9,127,45,23,37,134,124,107" hai1="68,99,18,38,102,41,125,63,110,44,111,16,61" hai2="55,96,88,120,56,74,4,12,43,130,58,72,117" hai3="103,123,47,90,105,116,35,31,83,122,97,6,128"/><T11/><D107/><U101/><E125/><N who="0" m="48201" /><D37/><U129/><E129/><V84/><F120/><N who="3" m="46123" /><G6/><T118/><D45/><U57/><E68/><V132/><F130/><W29/><G128/><T91/><D75/><U40/><E40/><V115/><F115/><W13/><G116/><T109/><D81/><U133/><E133/><V112/><F112/><W34/><G47/><T20/><D91/><U59/><E59/><V106/><F132/><W15/><G83/><T126/><D134/><U131/><E131/><V108/><F117/><W19/><G90/><T119/><N who="0" m="48209" /><T62/><DORA hai="98" /><D62/><N who="1" m="23563" /><E57/><V114/><F56/><W121/><N who="3" m="46131" /><W1/><DORA hai="65" /><G1/><T10/><D109/><N who="1" m="41483" /><E99/><V135/><F108/><W69/><G69/><T17/><D17/><AGARI ba="0,0" hai="16,17,18,38,41,44,101,102" m="41483,23563" machi="17" ten="30,7700,0" yaku="14,1,52,2,54,1" doraHai="85,98,65" who="1" fromWho="0" sc="250,-77,250,77,250,0,250,0" /><INIT seed="1,0,0,5,0,54" ten="173,327,250,250" oya="1" hai0="62,11,72,49,76,75,96,133,42,88,79,121,89" hai1="40,112,33,1,14,36,98,104,53,29,39,92,0" hai2="84,56,28,19,22,21,63,48,47,90,114,61,128" hai3="83,93,31,99,45,16,60,110,102,68,17,18,125"/><U30/><E112/><V59/><F128/><W74/><G110/><T78/><D11/><U24/><E104/><V100/><F114/><W50/><G125/><T91/><D62/><N who="2" m="23562" /><F28/><W123/><G123/><T103/><D49/><U118/><E118/><V65/><F100/><W58/><G68/><T9/><D9/><U10/><E30/><V44/><F65/><W87/><G74/><N who="0" m="28203" /><D42/><U124/><E124/><V115/><F115/><W129/><G129/><T73/><N who="0" m="28211" /><T120/><DORA hai="64" /><D133/><U116/><E116/><V109/><F109/><W26/><G31/><T46/><D46/><N who="2" m="17450" /><F48/><W52/><G83/><T130/><D130/><U111/><E111/><V97/><F97/><W5/><G5/><T95/><AGARI ba="0,0" hai="76,78,79,88,89,91,95,96,103,120,121" m="28211" machi="95" ten="50,6400,0" yaku="34,2,54,1" doraHai="54,64" who="0" fromWho="0" sc="173,64,327,-32,250,-16,250,-16" /><INIT seed="2,0,0,1,3,77" ten="237,295,234,234" oya="2" hai0="1,124,17,87,28,43,18,98,53,107,54,95,70" hai1="96,8,24,19,119,117,71,50,52,79,120,80,15" hai2="102,5,128,27,84,6,2,65,93,4,82,67,66" hai3="97,41,38,47,44,40,13,49,90,125,86,91,101"/><V112/><F112/><W132/><G132/><T100/><D70/><U114/><E120/><V113/><F113/><W85/><G125/><T33/><D1/><U134/><E134/><V31/><F128/><W48/><G13/><T73/><D73/><U58/><E114/><V126/><F126/><W55/><G86/><T51/><D43/><U94/><E71/><V69/><F69/><W104/><REACH who="3" step="1"/><G85/><REACH who="3" ten="237,295,234,224" step="2"/><T133/><D124/><U108/><E108/><V63/><F2/><W122/><G122/><T46/><D133/><U83/><E119/><V129/><F129/><W16/><G16/><T42/><D18/><U135/><E117/><V92/><F63/><W106/><G106/><T130/><D17/><U37/><E37/><V45/><F45/><AGARI ba="0,1" hai="38,40,41,44,45,47,48,49,55,90,91,97,101,104" machi="45" ten="30,7700,0" yaku="1,1,7,1,53,2" doraHai="77" doraHaiUra="39" who="3" fromWho="2" sc="237,0,295,0,234,-77,224,87" /><INIT seed="3,0,0,2,4,84" ten="237,295,157,311" oya="3" hai0="112,38,107,82,121,99,97,92,67,81,32,117,24" hai1="116,114,98,123,109,90,42,104,79,23,125,27,66" hai2="56,124,50,57,17,20,70,40,34,115,75,51,35" hai3="26,29,31,88,36,113,101,106,74,52,49,76,39"/><W19/><G113/><T131/><D38/><U59/><E114/><V105/><F75/><W43/><G106/><T132/><D67/><U65/><E123/><V1/><F105/><W47/><G101/><N who="0" m="62911" /><D24/><U77/><E125/><V46/><F115/><W9/><G31/><T48/><D48/><U110/><E116/><V103/><F124/><W21/><G43/><T83/><D32/><U28/><E42/><V7/><F103/><W78/><G39/><T127/><D127/><U122/><E122/><V85/><F70/><W5/><G36/><T126/><D126/><U71/><E71/><V14/><F1/><W91/><G74/><T44/><D44/><U130/><E130/><V11/><F51/><W2/><G76/><T16/><D16/><U133/><E133/><V25/><F35/><N who="3" m="20919" /><G78/><T120/><D112/><U64/><E104/><V69/><F69/><W6/><G6/><T135/><D117/><U45/><E45/><V12/><F34/><W41/><G41/><T111/><D111/><N who="1" m="42507" /><E59/><V33/><F33/><W63/><G63/><T108/><D108/><U15/><E15/><AGARI ba="0,0" hai="2,5,9,15,19,21,47,49,52,88,91" m="20919" machi="15" ten="30,12000,1" yaku="24,1,52,2,54,2" doraHai="84" who="3" fromWho="1" sc="237,0,295,-120,157,0,311,120" owari="237,4.0,175,-22.0,157,-34.0,431,52.0" /></mjloggm>