<mjloggm ver="2.3"><GO type="97" lobby="0"/><UN n0="%E5%B0%B1%E6%B4%BB%E7%94%9F%40%E5%B7%9D%E6%9D%91%E8%BB%8D%E5%9B%A3" n1="%72%65%6E%6F%64%65" n2="%E3%81%AB%E3%81%93%6E%69%6B%6F" n3="%4E%65%6D%6F%69%6E%75" dan="15,14,13,14" rate="2119.17,1945.06,1900.73,1868.61" sx="M,M,F,M"/><TAIKYOKU oya="0"/><INIT seed="0,0,0,2,3,97" ten="250,250,250,250" oya="0" hai0="135,28,101,99,93,113,40,65,62,87,36,51,3" hai1="41,100,13,124,56,46,114,55,127,21,59,121,105" hai2="78,103,61,58,10,30,77,25,26,92,96,18,31" hai3="49,90,8,95,81,83,24,69,115,102,89,67,72"/><T71/><D3/><U22/><E121/><V120/><F120/><W52/><G115/><T117/><D135/><U107/><E114/><V15/><F31/><W94/><G67/><T108/><D117/><U63/><E13/><V29/><F29/><W57/><G69/><T17/><D28/><U110/><E110/><V68/><F68/><W131/><G131/><T45/><D108/><U109/><E109/><V12/><F12/><W76/><G24/><T133/><D133/><U64/><E107/><V75/><F75/><W9/><G83/><T60/><D60/><N who="1" m="35871" /><E100/><V118/><F118/><W7/><G102/><T82/><D17/><U66/><E66/><V104/><F104/><W119/><G119/><T19/><D19/><U42/><E105/><V79/><REACH who="2" step="1"/><F30/><REACH who="2" ten="250,250,240,250" step="2"/><W53/><G72/><T35/><D113/><U27/><E27/><V20/><F20/><W6/><G9/><T91/><REACH who="0" step="1"/><D35/><REACH who="0" ten="240,250,240,250" step="2"/><U38/><E127/><V1/><F1/><W134/><G134/><T130/><D130/><U33/><E33/><V85/><F85/><W125/><G7/><T126/><D126/><U70/><E124/><V116/><F116/><W23/><G6/><T106/><D106/><U34/><E34/><V0/><F0/><W2/><G2/><T50/><AGARI ba="0,2" hai="36,40,45,50,51,62,65,71,82,87,91,93,99,101" machi="50" ten="30,6000,0" yaku="1,1,0,1,52,1,53,0" doraHai="97" doraHaiUra="132" who="0" fromWho="0" sc="240,80,250,-20,240,-20,250,-20" /><INIT seed="0,1,0,5,1,45" ten="320,230,220,230" oya="0" hai0="24,84,50,0,116,105,108,14,18,113,13,26,19" hai1="115,67,83,1,42,2,74,21,41,96,77,95,71" hai2="114,39,93,110,33,131,57,103,37,106,129,121,63" hai3="34,79,86,38,64,119,49,107,44,118,66,11,126"/><T92/><D0/><U16/><E115/><V15/><F33/><W78/><G107/><T51/><D105/><U35/><E35/><V81/><F121/><W31/><G38/><T27/><D108/><U56/><E71/><V8/><F114/><W132/><G132/><T112/><D116/><U133/><E133/><V29/><F110/><W12/><G126/><T60/><D60/><U109/><E109/><V72/><F106/><W82/><G79/><T4/><D4/><U48/><E42/><V122/><F122/><W89/><G64/><T75/><D75/><U125/><E67/><V68/><F68/><W55/><G66/><T100/><D100/><U52/><E41/><V120/><F120/><W9/><G9/><N who="0" m="6447" /><D113/><U91/><E125/><V128/><F29/><W53/><G78/><T111/><D111/><U134/><E134/><V85/><F72/><W101/><G101/><T62/><D62/><U70/><E70/><V6/><F103/><W40/><G40/><T7/><D7/><U80/><E80/><V130/><N who="2" m="33280" /><DORA hai="69" /><V61/><F93/><W123/><G55/><T28/><D28/><U102/><E102/><V10/><F10/><W90/><G90/><N who="0" m="53319" /><D112/><U73/><E73/><V94/><F94/><W3/><G3/><T47/><D47/><U32/><E32/><V54/><REACH who="2" step="1"/><F63/><REACH who="2" ten="320,230,210,230" step="2"/><W127/><G123/><T20/><AGARI ba="1,1" hai="14,19,20,24,26,27,50,51" m="53319,6447" machi="20" ten="30,6000,0" yaku="8,1,52,2" doraHai="45,69" who="0" fromWho="0" sc="320,73,230,-21,210,-21,230,-21" /><INIT seed="0,2,0,1,2,97" ten="393,209,189,209" oya="0" hai0="131,39,119,74,6,112,5,33,117,26,9,84,108" hai1="116,89,53,120,94,58,71,125,63,93,80,1,104" hai2="48,127,24,57,20,60,92,102,132,73,15,135,19" hai3="45,14,87,101,55,50,41,122,7,130,28,10,128"/><T67/><D39/><U11/><E104/><V69/><F73/><W83/><G122/><T65/><D74/><U126/><E120/><V78/><F78/><W8/><G28/><T13/><D5/><N who="1" m="1455" /><E116/><V96/><F69/><W115/><G115/><T12/><D12/><U81/><E71/><V70/><F127/><N who="1" m="48649" /><E94/><V133/><F70/><W88/><G41/><T31/><D108/><U76/><E76/><V61/><F48/><W29/><G29/><T16/><D131/><U34/><E34/><V121/><F121/><W91/><G101/><T59/><D112/><U23/><E23/><V106/><F57/><W46/><G46/><T98/><D6/><U17/><E17/><V43/><F43/><W52/><G55/><T51/><D67/><U56/><E56/><V0/><F0/><W123/><G123/><T49/><D49/><U37/><E37/><V40/><F40/><W25/><G25/><T27/><D27/><U86/><AGARI ba="2,0" hai="53,58,63,80,81,86,89,93" m="48649,1455" machi="86" ten="30,1100,0" yaku="18,1" doraHai="97" who="1" fromWho="1" sc="393,-7,209,17,189,-5,209,-5" /><INIT seed="1,0,0,2,1,83" ten="386,226,184,204" oya="1" hai0="15,118,61,106,55,107,28,75,98,57,59,60,31" hai1="22,133,0,6,87,113,92,117,3,105,24,62,14" hai2="131,1,111,121,120,100,77,129,23,101,27,33,108" hai3="112,41,58,16,114,48,35,84,124,67,122,99,72"/><U10/><E105/><V123/><F77/><W127/><G72/><T89/><D75/><U19/><E117/><V51/><F51/><W73/><G73/><T85/><D15/><U70/><E113/><V18/><F101/><W56/><G35/><T29/><D98/><U74/><E74/><V11/><F100/><W79/><G99/><T4/><D4/><U9/><E133/><V78/><F78/><W52/><G41/><T93/><REACH who="0" step="1"/><D118/><REACH who="0" ten="376,226,184,204" step="2"/><U115/><E6/><N who="2" m="1487" /><F33/><W38/><G114/><T66/><AGARI ba="0,1" hai="28,29,31,55,57,59,60,61,66,85,89,93,106,107" machi="66" ten="30,4000,0" yaku="1,1,0,1,52,1,53,0" doraHai="83" doraHaiUra="43" who="0" fromWho="0" sc="376,50,226,-20,184,-10,204,-10" /><INIT seed="2,0,0,5,3,131" ten="426,206,174,194" oya="2" hai0="122,42,40,16,110,41,18,98,1,59,108,128,94" hai1="80,5,28,132,105,34,78,6,99,101,123,93,38" hai2="33,37,106,86,84,70,75,12,2,120,118,111,51" hai3="52,90,58,61,107,130,3,103,135,56,69,9,43"/><V54/><RYUUKYOKU type="yao9" ba="0,0" sc="426,0,206,0,174,0,194,0" hai2="2,12,33,37,51,54,70,75,84,86,106,111,118,120" /><INIT seed="2,1,0,5,4,90" ten="426,206,174,194" oya="2" hai0="67,128,133,70,60,123,106,115,31,91,14,8,93" hai1="41,127,94,24,64,113,32,48,73,126,44,132,56" hai2="62,75,110,39,28,96,134,84,97,111,10,50,89" hai3="116,72,55,104,81,42,120,69,129,6,102,54,103"/><V76/><F39/><W117/><G69/><T9/><D106/><U85/><E73/><V13/><F28/><W16/><G120/><T79/><D79/><U86/><E113/><V17/><F134/><W59/><G6/><T109/><D109/><N who="2" m="41482" /><F75/><W101/><G104/><T49/><D31/><U30/><E132/><V130/><F76/><W7/><G7/><T27/><D27/><U38/><E86/><V36/><F36/><W53/><G42/><T118/><D128/><U99/><E85/><V45/><F62/><W82/><G129/><T37/><D37/><U47/><E47/><V21/><F130/><W98/><G98/><T40/><D9/><U12/><E12/><V71/><F71/><W3/><G3/><T74/><D74/><U108/><E108/><V87/><F87/><W43/><G43/><T33/><D33/><U20/><E32/><V51/><F51/><W83/><G59/><T125/><D49/><U119/><E119/><N who="3" m="45642" /><G16/><T63/><D40/><U19/><E19/><V1/><F1/><W78/><G72/><T80/><D63/><N who="1" m="37991" /><E38/><V65/><F65/><W135/><G78/><T25/><D115/><U105/><E105/><V112/><F112/><W5/><G5/><N who="0" m="3343" /><D133/><AGARI ba="1,0" hai="53,54,55,81,82,83,101,102,103,133,135" m="45642" machi="133" ten="40,8000,1" yaku="29,2,28,2" doraHai="90" who="3" fromWho="0" sc="426,-83,206,0,174,0,194,83" /><INIT seed="3,0,0,3,0,32" ten="343,206,174,277" oya="3" hai0="52,68,129,50,21,30,122,81,85,45,92,101,58" hai1="46,67,5,28,75,3,120,103,74,42,16,73,88" hai2="60,111,112,113,135,95,47,11,78,13,79,59,48" hai3="38,31,119,93,26,82,86,41,109,12,36,128,18"/><W98/><G119/><T17/><D68/><U100/><E120/><V87/><F135/><W56/><G128/><T64/><D129/><U132/><E132/><V7/><F111/><W107/><G107/><T0/><D0/><U65/><E28/><V22/><F112/><W116/><G116/><T54/><D30/><U77/><E77/><V9/><F22/><W4/><G4/><T114/><D64/><U37/><E88/><V55/><F11/><W61/><G41/><T99/><D122/><U20/><E3/><V127/><F127/><W118/><G118/><T89/><D114/><U125/><E5/><V10/><F10/><W2/><G2/><T43/><D58/><U97/><E125/><V51/><F51/><W104/><G104/><T117/><D117/><U1/><E1/><V53/><REACH who="2" step="1"/><F113/><REACH who="2" ten="343,206,164,277" step="2"/><W80/><G109/><T83/><D50/><U72/><N who="1" m="18432" /><DORA hai="24" /><U105/><REACH who="1" step="1"/><E103/><REACH who="1" ten="343,196,164,277" step="2"/><V121/><F121/><W115/><G115/><T124/><D101/><U25/><AGARI ba="0,2" hai="16,20,25,37,42,46,65,67,97,100,105" m="18432" machi="25" ten="60,8000,1" yaku="1,1,2,1,0,1,54,1,53,1" doraHai="32,24" doraHaiUra="130,40" who="1" fromWho="1" sc="343,-20,196,100,164,-20,277,-40" owari="323,42.0,296,10.0,144,-36.0,237,-16.0" /></mjloggm>