<mjloggm ver="2.3"><GO type="169" lobby="0"/><UN n0="%E5%B0%B1%E6%B4%BB%E7%94%9F%40%E5%B7%9D%E6%9D%91%E8%BB%8D%E5%9B%A3" n1="%67%72%61%64%6C%69%6E%65" n2="%E6%9C%9D%E6%AF%94%E5%A5%88%E5%A4%A7%E5%90%BE" n3="%4E%58%47%45%30" dan="16,16,16,16" rate="2117.70,2080.01,2092.90,2133.18" sx="M,M,M,M"/><TAIKYOKU oya="0"/><INIT seed="0,0,0,3,3,63" ten="250,250,250,250" oya="0" hai0="129,113,96,48,109,125,20,78,30,102,130,73,117" hai1="76,33,9,77,52,118,111,84,65,50,62,133,12" hai2="14,128,13,32,79,39,24,64,74,119,25,107,51" hai3="70,121,1,108,41,85,5,15,112,49,90,134,59"/><T43/><D113/><U86/><E33/><V23/><F39/><W4/><G70/><T22/><D117/><U36/><E36/><V0/><F0/><W61/><G1/><T72/><D125/><U66/><E111/><V81/><F107/><W104/><G104/><T40/><D109/><U56/><E118/><V99/><F119/><W44/><G108/><T55/><D43/><U127/><E133/><V114/><F99/><W103/><G103/><T100/><D40/><U21/><E21/><N who="0" m="8297" /><D30/><U80/><E127/><V68/><F114/><W110/><G134/><T93/><D100/><U87/><E77/><V115/><F51/><W123/><G110/><T91/><D78/><U83/><E83/><V57/><F68/><W27/><G27/><T54/><D54/><U7/><REACH who="1" step="1"/><E62/><REACH who="1" ten="250,240,250,250" step="2"/><V17/><F32/><W106/><G61/><T2/><D73/><AGARI ba="0,1" hai="7,9,12,50,52,56,65,66,73,76,80,84,86,87" machi="73" ten="40,8000,1" yaku="1,1,2,1,52,2,54,1,53,0" doraHai="63" doraHaiUra="97" who="1" fromWho="0" sc="250,-80,240,90,250,0,250,0" /><INIT seed="1,0,0,5,3,24" ten="170,330,250,250" oya="1" hai0="92,78,98,90,88,93,130,135,97,39,9,67,82" hai1="41,63,43,35,126,73,108,70,25,15,69,56,95" hai2="133,131,87,45,59,26,36,61,6,72,99,40,100" hai3="113,53,16,13,105,62,118,3,65,119,4,94,47"/><U46/><E73/><V129/><F133/><W50/><G105/><T121/><D39/><U123/><E123/><V34/><F72/><W31/><G31/><T91/><D67/><U19/><E95/><N who="0" m="36425" /><D9/><U114/><E114/><V51/><F36/><W30/><G30/><T28/><D121/><U38/><E43/><V1/><F87/><W60/><G4/><T44/><D44/><U102/><E102/><V54/><F6/><W89/><G3/><T85/><D28/><U103/><E103/><V122/><F1/><W134/><G134/><T76/><D135/><U111/><E25/><V110/><F122/><W104/><G104/><T7/><D7/><U52/><E35/><V42/><F34/><W128/><G128/><N who="2" m="49225" /><F26/><W22/><G113/><T20/><D20/><N who="1" m="11391" /><E126/><V48/><F99/><N who="0" m="37898" /><D130/><U86/><E86/><V112/><F100/><W107/><G107/><T75/><D78/><U127/><E127/><V71/><F112/><W132/><G132/><T58/><D58/><U120/><E120/><V33/><F33/><W21/><G65/><T80/><AGARI ba="0,0" hai="75,76,80,82,85,88,90,91" m="37898,36425" machi="80" ten="30,12000,2" yaku="35,5,54,1" doraHai="24" who="0" fromWho="0" sc="170,120,330,-60,250,-30,250,-30" /><INIT seed="2,0,0,3,4,122" ten="290,270,220,220" oya="2" hai0="12,119,47,120,131,23,89,35,3,87,55,67,27" hai1="68,37,100,57,41,69,45,117,112,109,11,0,118" hai2="18,16,60,21,124,81,79,29,99,50,63,128,54" hai3="40,125,96,5,90,9,65,17,94,74,123,126,86"/><V44/><F124/><N who="3" m="47723" /><G65/><T70/><D3/><U76/><E100/><V101/><F128/><W56/><G56/><T25/><D131/><U130/><E130/><V121/><F121/><W102/><G40/><T135/><D135/><U83/><E57/><V134/><F134/><W105/><G74/><T106/><D106/><U48/><E48/><V1/><F1/><N who="3" m="175" /><G17/><T58/><D47/><U98/><E98/><V15/><F29/><W133/><G133/><T31/><D120/><AGARI ba="0,0" hai="86,90,94,96,102,105,120,123" m="175,47723" machi="120" ten="30,1000,0" yaku="18,1" doraHai="122" who="3" fromWho="0" sc="290,-10,270,0,220,0,220,10" /><INIT seed="3,0,0,1,0,129" ten="280,270,220,230" oya="3" hai0="117,15,90,44,97,63,30,29,3,99,37,38,135" hai1="20,60,123,118,70,82,83,53,33,69,54,84,35" hai2="51,92,0,68,114,107,121,52,62,77,64,16,78" hai3="55,5,8,93,21,108,100,98,71,47,12,22,80"/><W45/><G71/><T132/><D3/><U104/><E123/><V57/><F107/><W122/><G122/><T59/><D15/><U58/><E104/><V87/><F0/><W113/><G113/><T127/><D127/><U39/><E39/><V88/><F114/><W31/><G108/><T85/><D44/><U125/><E125/><V4/><F4/><W61/><G47/><T91/><D63/><U79/><E118/><V75/><F75/><W81/><G31/><T67/><D59/><U28/><E54/><V9/><F121/><W86/><G80/><T2/><D2/><U13/><E70/><V19/><REACH who="2" step="1"/><F9/><REACH who="2" ten="280,270,210,230" step="2"/><W36/><G36/><T105/><D105/><U27/><E69/><V14/><F14/><W65/><G65/><T120/><D67/><U94/><E13/><V72/><F72/><W126/><G126/><T96/><D120/><U42/><E79/><AGARI ba="0,1" hai="16,19,51,52,57,62,64,68,77,78,79,87,88,92" machi="79" ten="40,8000,1" yaku="1,1,54,3,53,0" doraHai="129" doraHaiUra="23" who="2" fromWho="1" sc="280,0,270,-80,210,90,230,0" /><INIT seed="4,0,0,0,4,121" ten="280,190,300,230" oya="0" hai0="18,131,79,105,3,132,5,86,7,92,130,89,15" hai1="135,59,106,38,102,40,103,65,133,100,41,70,19" hai2="83,116,104,4,126,97,68,54,81,71,37,120,43" hai3="56,82,113,53,109,14,16,124,50,94,49,108,127"/><T128/><D132/><U91/><E106/><V9/><F120/><W32/><G32/><T1/><D105/><U25/><E70/><V22/><F126/><N who="3" m="48171" /><G113/><T75/><D75/><U8/><E38/><V62/><F116/><W61/><G82/><T84/><D5/><U17/><E91/><V67/><F71/><W57/><G94/><T39/><D39/><U24/><E8/><V78/><F22/><N who="3" m="11543" /><G50/><T44/><D7/><U87/><E87/><V52/><F104/><W101/><G101/><N who="1" m="25858" /><U21/><DORA hai="12" /><E65/><AGARI ba="0,0" hai="49,53,56,57,61,65,108,109" m="11543,48171" machi="65" ten="30,8000,1" yaku="18,1,52,3,54,1" doraHai="121,12" who="3" fromWho="1" sc="280,0,190,-80,300,0,230,80" /><INIT seed="5,0,0,2,5,6" ten="280,110,300,310" oya="1" hai0="52,71,107,29,41,54,3,116,69,79,31,103,9" hai1="98,58,8,82,92,5,0,124,84,125,27,104,100" hai2="7,16,53,67,96,1,48,15,81,34,60,86,114" hai3="73,129,105,88,108,28,111,65,101,38,87,64,120"/><U57/><E27/><V72/><F34/><W109/><G38/><T95/><D107/><U56/><REACH who="1" step="1"/><E104/><REACH who="1" ten="280,100,300,310" step="2"/><V63/><F114/><W102/><G105/><T32/><D32/><U97/><E97/><V43/><F96/><W68/><G109/><T89/><D31/><U19/><E19/><V46/><F7/><W113/><G28/><T94/><D29/><U20/><E20/><N who="2" m="11295" /><F1/><W14/><G111/><T118/><D3/><U119/><E119/><V93/><F72/><W37/><G73/><T51/><D118/><U78/><AGARI ba="0,1" hai="0,5,8,56,57,58,78,82,84,92,98,100,124,125" machi="78" ten="30,6000,0" yaku="1,1,0,1,52,1,53,0" doraHai="6" doraHaiUra="10" who="1" fromWho="1" sc="280,-20,100,70,300,-20,310,-20" /><INIT seed="5,1,0,4,0,79" ten="260,170,280,290" oya="1" hai0="3,122,104,103,57,127,62,129,92,25,97,44,106" hai1="10,6,77,110,75,13,124,39,73,56,114,81,82" hai2="101,26,72,84,121,12,125,78,55,27,133,34,65" hai3="67,68,74,45,85,35,7,1,42,30,91,59,17"/><U131/><E39/><V21/><F121/><W47/><G68/><T111/><D111/><U93/><E110/><V38/><F72/><W108/><G1/><T52/><D3/><U2/><E114/><V28/><F125/><W90/><G74/><T41/><D127/><U9/><E124/><V49/><F38/><W99/><G7/><T115/><D115/><U123/><E123/><V18/><F133/><W51/><G35/><T37/><D122/><U83/><E75/><V20/><F101/><W32/><G47/><T70/><D129/><U63/><E93/><V14/><F65/><W64/><G32/><T54/><D70/><U0/><E131/><V98/><F98/><W5/><G5/><T126/><D126/><U31/><E31/><V89/><F78/><W94/><G30/><T22/><D54/><U130/><E130/><V113/><F34/><W36/><G17/><AGARI ba="1,0" hai="17,22,25,37,41,44,52,57,62,92,97,103,104,106" machi="17" ten="30,2000,0" yaku="7,1,54,1" doraHai="79" who="0" fromWho="3" sc="260,23,170,0,280,0,290,-23" /><INIT seed="6,0,0,0,1,94" ten="283,170,280,267" oya="2" hai0="46,122,49,97,112,27,10,25,108,44,57,28,51" hai1="48,113,24,83,9,34,114,109,18,107,85,134,70" hai2="75,40,86,33,96,58,63,98,67,115,4,20,47" hai3="7,11,50,71,26,5,35,59,3,73,92,30,13"/><V14/><F33/><W93/><G73/><T78/><D108/><U111/><E70/><V135/><F75/><W62/><G71/><T82/><D112/><N who="1" m="43115" /><E48/><N who="2" m="26727" /><F115/><W0/><G50/><T100/><D10/><U89/><E34/><V79/><F135/><W68/><G68/><T61/><D51/><U2/><E24/><V123/><F123/><W39/><G39/><T106/><D122/><U56/><E18/><N who="2" m="10327" /><F4/><W81/><G81/><AGARI ba="0,0" hai="58,63,67,79,81,86,96,98" m="10327,26727" machi="81" ten="30,5800,0" yaku="8,1,52,2" doraHai="94" who="2" fromWho="3" sc="283,0,170,0,280,58,267,-58" /><INIT seed="6,1,0,1,0,104" ten="283,170,338,209" oya="2" hai0="26,125,29,22,2,91,81,96,102,14,76,23,40" hai1="28,129,13,94,21,100,59,93,105,11,15,122,121" hai2="130,111,57,10,62,46,85,33,73,134,128,133,132" hai3="69,131,112,19,71,109,32,6,42,20,66,47,52"/><V55/><F111/><W97/><G32/><T77/><D2/><U25/><E129/><N who="2" m="49771" /><F33/><W0/><G0/><T114/><D114/><U83/><E83/><V106/><F106/><W107/><G6/><T8/><D40/><U68/><E68/><V127/><F127/><W16/><G112/><T75/><D77/><U58/><E105/><V99/><F73/><W4/><G4/><T44/><D44/><U35/><E35/><V17/><F99/><W9/><G66/><T120/><D120/><U82/><E82/><V86/><F46/><W135/><G135/><T50/><D50/><U45/><E45/><V92/><F92/><W64/><G64/><T113/><D113/><U110/><E110/><V12/><AGARI ba="1,0" hai="10,12,17,55,57,62,85,86,132,133,134" m="49771" machi="12" ten="40,3900,0" yaku="20,1,19,1" doraHai="104" who="2" fromWho="2" sc="283,-14,170,-14,338,42,209,-14" /><INIT seed="6,2,0,0,2,58" ten="269,156,380,195" oya="2" hai0="18,1,46,55,56,110,96,32,133,95,118,57,39" hai1="106,31,74,19,2,7,86,82,131,121,108,104,70" hai2="21,76,8,119,13,62,47,45,112,26,134,40,72" hai3="93,36,83,51,12,11,52,42,6,91,28,88,4"/><V87/><F119/><W9/><G36/><T103/><D110/><U107/><E74/><V60/><F72/><W129/><G42/><T44/><D32/><U65/><E108/><V126/><F112/><W101/><G28/><T54/><D1/><U127/><E31/><N who="2" m="17871" /><F126/><W78/><G101/><T111/><D39/><U35/><E86/><V15/><F15/><W0/><G93/><T109/><D133/><U38/><E82/><N who="2" m="47559" /><F134/><W53/><G129/><T16/><D111/><U25/><E19/><N who="0" m="7209" /><D109/><U68/><E7/><N who="2" m="3231" /><F40/><W71/><G71/><N who="1" m="27178" /><E121/><V98/><F98/><W125/><G125/><T130/><D130/><U29/><E127/><V120/><F120/><W135/><G135/><T81/><D118/><U14/><E131/><V48/><F48/><W100/><G100/><T20/><D20/><U117/><E117/><V61/><AGARI ba="2,0" hai="45,47,60,61,62" m="3231,47559,17871" machi="61" ten="30,11700,0" yaku="8,1,52,3" doraHai="58" who="2" fromWho="2" sc="269,-41,156,-41,380,123,195,-41" /><INIT seed="6,3,0,5,4,18" ten="228,115,503,154" oya="2" hai0="67,108,122,45,82,29,73,13,51,65,1,61,110" hai1="112,47,105,5,85,83,115,95,60,58,113,91,119" hai2="15,68,96,97,106,33,4,70,80,16,99,118,84" hai3="111,39,42,132,22,35,92,101,11,69,14,50,130"/><V54/><F118/><W77/><G69/><T41/><D1/><U7/><E119/><V88/><F106/><W131/><G39/><T62/><D29/><U32/><E32/><V25/><F4/><W135/><G35/><T36/><D13/><U26/><E105/><V48/><F33/><W86/><G111/><N who="0" m="42539" /><D82/><U19/><E47/><V24/><F68/><W8/><G50/><T102/><D102/><U127/><E127/><V59/><F70/><W37/><G37/><T27/><D27/><U109/><E109/><V40/><F40/><W57/><G57/><N who="0" m="37039" /><D73/><U38/><E38/><V2/><F2/><W79/><G42/><T114/><D114/><N who="1" m="29187" /><U12/><DORA hai="116" /><E26/><V128/><REACH who="2" step="1"/><F128/><REACH who="2" ten="228,115,493,154" step="2"/><W81/><G130/><T31/><D41/><U107/><E107/><V53/><F53/><W104/><G104/><T76/><D36/><U6/><E5/><V21/><AGARI ba="3,1" hai="15,16,21,24,25,48,54,59,80,84,88,96,97,99" machi="21" ten="30,18000,2" yaku="1,1,0,1,8,1,52,1,54,2,53,1" doraHai="18,116" doraHaiUra="78,34" who="2" fromWho="2" sc="228,-63,115,-63,493,199,154,-63" /><INIT seed="6,4,0,5,3,34" ten="165,52,692,91" oya="2" hai0="2,85,29,107,63,100,115,40,84,5,49,48,52" hai1="83,17,121,71,87,50,95,99,66,70,128,12,120" hai2="41,51,28,54,61,33,134,98,104,130,108,101,4" hai3="135,133,77,105,67,116,64,94,8,60,47,11,122"/><V131/><F134/><N who="3" m="51211" /><G105/><T42/><D115/><U43/><E128/><N who="2" m="49195" /><F108/><W58/><G77/><T30/><D107/><U7/><E7/><V27/><F4/><W26/><G116/><T39/><D39/><U72/><E72/><V69/><F41/><N who="0" m="15978" /><D2/><U78/><E50/><N who="0" m="19561" /><D5/><U36/><E43/><V82/><F82/><W45/><G94/><T96/><D96/><U102/><E36/><V114/><F114/><W79/><G79/><T81/><D100/><U76/><E76/><V32/><F32/><W123/><G26/><T112/><D112/><U14/><E14/><V44/><F61/><N who="3" m="37943" /><G11/><T55/><D63/><U20/><REACH who="1" step="1"/><E66/><REACH who="1" ten="165,42,692,91" step="2"/><V74/><F74/><W21/><G8/><T16/><D55/><U113/><E113/><V92/><F69/><AGARI ba="4,1" hai="12,17,20,69,70,71,78,83,87,95,99,102,120,121" machi="69" ten="40,1300,0" yaku="1,1,53,0" doraHai="34" doraHaiUra="126" who="1" fromWho="2" sc="165,0,42,35,692,-25,91,0" /><INIT seed="7,0,0,0,1,58" ten="165,77,667,91" oya="3" hai0="127,23,84,11,96,52,108,85,105,104,90,79,71" hai1="91,3,46,130,13,76,67,112,32,16,49,59,93" hai2="63,123,66,120,34,54,110,125,60,37,86,53,131" hai3="15,94,56,51,99,72,8,1,122,126,92,80,50"/><W73/><G1/><T134/><D71/><U83/><E32/><V115/><F34/><W75/><G122/><N who="2" m="46633" /><F110/><W129/><G129/><T42/><D42/><N who="1" m="24791" /><E3/><V133/><F131/><W128/><G128/><T132/><D11/><N who="1" m="6207" /><E130/><V4/><F133/><W45/><G126/><T47/><D96/><N who="1" m="57407" /><E112/><V87/><F125/><W17/><G99/><T5/><D5/><U82/><E76/><V77/><F115/><W103/><G103/><T101/><D79/><U65/><E59/><N who="2" m="37151" /><F37/><W20/><G80/><AGARI ba="0,0" hai="65,67,80,82,83" m="57407,6207,24791" machi="80" ten="30,2000,0" yaku="8,1,54,1" doraHai="58" who="1" fromWho="3" sc="165,0,77,20,667,0,91,-20" owari="165,-3.0,97,-30.0,667,76.0,71,-43.0" /></mjloggm>