<mjloggm ver="2.3"><GO type="169" lobby="0"/><UN n0="%E3%83%8F%E3%83%A0%E3%81%95%E3%81%84%E3%81%A6%E3%82%87" n1="%E3%82%A6%E3%83%AB%E3%83%88%E3%83%A9%E7%AB%8B%E7%9B%B4" n2="%28%EF%BC%BE%CF%89%EF%BC%BE%29%E3%81%8A%E3%81%89%E3%82%93" n3="%E3%83%8B%E3%83%A3%E3%83%83%E3%83%94%E3%83%BC%E5%A4%8F%E7%9B%AE" dan="16,17,16,19" rate="2132.44,2185.79,2179.31,2256.99" sx="M,M,F,M"/><TAIKYOKU oya="0"/><INIT seed="0,0,0,3,2,115" ten="250,250,250,250" oya="0" hai0="97,25,19,87,6,49,127,7,51,132,63,42,108" hai1="116,74,79,29,58,2,3,67,82,9,128,99,71" hai2="122,75,53,133,28,66,103,125,64,0,101,43,8" hai3="30,4,134,37,121,1,12,52,102,88,81,76,130"/><T31/><D127/><U111/><E58/><V123/><F75/><W119/><G1/><T15/><D132/><U20/><E20/><V46/><F125/><W95/><G37/><T69/><D108/><U77/><E77/><V14/><F0/><W26/><G119/><T17/><D97/><U114/><E3/><V124/><F133/><W65/><G134/><T57/><D69/><U36/><E29/><V112/><F28/><W98/><G130/><T62/><D87/><U100/><E111/><V56/><F112/><W107/><G65/><T33/><D17/><U93/><E93/><V86/><F86/><N who="3" m="48423" /><G121/><T45/><D51/><U32/><E32/><V131/><F131/><W11/><G107/><T96/><D96/><U13/><E36/><V106/><F106/><W21/><G52/><T83/><D83/><U78/><E82/><V47/><F53/><W35/><G35/><T120/><D120/><U84/><E74/><V10/><F10/><W117/><G117/><T126/><D126/><U59/><E9/><V44/><F8/><W16/><G102/><T129/><D129/><U113/><E100/><V91/><F103/><W39/><G39/><T61/><REACH who="0" step="1"/><D57/><REACH who="0" ten="240,250,250,250" step="2"/><U85/><E59/><V5/><F56/><W110/><G110/><T90/><D90/><U55/><E128/><V24/><F123/><W60/><G60/><T34/><D34/><U118/><E71/><V50/><F122/><W89/><G89/><T73/><D73/><U38/><E38/><V80/><F91/><W18/><AGARI ba="0,1" hai="4,11,12,16,18,21,26,30,88,95,98" m="48423" machi="18" ten="30,4000,0" yaku="8,1,54,2" doraHai="115" who="3" fromWho="3" sc="240,-20,250,-10,250,-10,250,50" /><INIT seed="1,0,0,2,5,5" ten="220,240,240,300" oya="1" hai0="39,101,108,109,73,75,10,0,102,97,18,34,105" hai1="125,100,44,128,17,37,127,89,84,66,106,40,45" hai2="123,8,28,61,12,121,118,56,135,117,25,63,54" hai3="130,68,59,112,67,71,116,69,122,94,6,52,58"/><U22/><E66/><V27/><F135/><W132/><G94/><T99/><D34/><U120/><E120/><V92/><F63/><N who="3" m="38399" /><G6/><N who="0" m="1351" /><D39/><U41/><E128/><V47/><F47/><W70/><G122/><T64/><D18/><U91/><E100/><V98/><F27/><W50/><G132/><T93/><D93/><U1/><E1/><V20/><F121/><W111/><G130/><T115/><D115/><U96/><E106/><V30/><F30/><W14/><G14/><T134/><D134/><U110/><E96/><V21/><F21/><W26/><G26/><T126/><D126/><N who="1" m="48139" /><E84/><V74/><F74/><N who="0" m="28170" /><D64/><U57/><E57/><V42/><F123/><W113/><G111/><N who="0" m="42571" /><D99/><U131/><E131/><V77/><F98/><W114/><N who="3" m="17408" /><DORA hai="29" /><W31/><G31/><T16/><D16/><U119/><E110/><V85/><F28/><W19/><G19/><T46/><D101/><U76/><E17/><V3/><F3/><W86/><G86/><T35/><D35/><U7/><E22/><V60/><F20/><W24/><G24/><T103/><D103/><U51/><E7/><V9/><F25/><W4/><G4/><T38/><D46/><U62/><E45/><V82/><F85/><W80/><G80/><T129/><D129/><U124/><E44/><V133/><F82/><W2/><G2/><T55/><D38/><U90/><E37/><V88/><F133/><W49/><G49/><T43/><D43/><U104/><E41/><V23/><F42/><W95/><G95/><T53/><AGARI ba="0,0" hai="53,55,97,102,105" m="42571,28170,1351" machi="53" ten="40,2700,0" yaku="14,1,52,1" doraHai="5,29" who="0" fromWho="0" sc="220,27,240,-13,240,-7,300,-7" /><INIT seed="2,0,0,4,3,80" ten="247,227,233,293" oya="2" hai0="31,55,44,133,91,11,115,50,14,85,53,1,81" hai1="134,4,90,21,118,125,26,0,129,64,37,135,113" hai2="56,86,128,39,15,38,59,101,43,124,98,103,57" hai3="8,13,95,32,72,40,93,89,106,51,68,41,2"/><V120/><F120/><W121/><G2/><T116/><D115/><U107/><E64/><V126/><F128/><W62/><G106/><T35/><D1/><U36/><E107/><V97/><F15/><W76/><G32/><T74/><D116/><U34/><E34/><V5/><F5/><W58/><G68/><T10/><D133/><N who="1" m="50699" /><E113/><V84/><F57/><W127/><G127/><T104/><D104/><U23/><E118/><V96/><F96/><W123/><G95/><T99/><D74/><U45/><E45/><V66/><F43/><W112/><G112/><T17/><D99/><U12/><E0/><V46/><F46/><W6/><G76/><T77/><D77/><U61/><E61/><V119/><F119/><W94/><G72/><T27/><D55/><U52/><E52/><V92/><REACH who="2" step="1"/><F92/><REACH who="2" ten="247,227,223,293" step="2"/><W20/><G94/><T87/><REACH who="0" step="1"/><D10/><REACH who="0" ten="237,227,223,293" step="2"/><U63/><E129/><V110/><F110/><W49/><G8/><T60/><D60/><U47/><E63/><V71/><F71/><W22/><G62/><T117/><D117/><U29/><E125/><V19/><F19/><W102/><G123/><T16/><D16/><N who="1" m="10375" /><E4/><V130/><F130/><W42/><G6/><T67/><D67/><AGARI ba="0,2" hai="38,39,56,59,66,67,84,86,97,98,101,103,124,126" machi="67" ten="25,12000,1" yaku="1,1,22,2,52,2,53,0" doraHai="80" doraHaiUra="25" who="2" fromWho="0" sc="237,-120,227,0,223,140,293,0" /><INIT seed="2,1,0,1,4,123" ten="117,227,363,293" oya="2" hai0="110,10,51,60,74,12,1,32,99,118,83,64,66" hai1="5,13,67,40,122,36,130,29,106,96,45,114,91" hai2="59,116,135,43,61,35,80,127,17,126,7,11,72" hai3="124,112,102,65,54,14,3,88,101,75,107,4,48"/><V87/><F72/><W90/><G3/><T109/><D32/><U131/><E122/><V31/><F116/><W42/><G75/><T21/><D118/><U20/><E114/><V69/><F69/><W8/><G107/><T44/><D1/><U30/><E67/><V24/><F17/><W16/><G124/><T15/><D99/><U37/><E37/><V76/><F43/><W53/><G112/><T94/><D94/><N who="1" m="56415" /><E106/><V132/><F59/><W115/><G115/><T70/><D66/><U128/><E20/><V6/><F61/><W73/><G73/><T113/><D113/><U104/><E104/><V56/><F56/><W9/><G65/><T55/><D21/><U18/><E18/><V95/><F95/><W23/><G42/><T28/><D28/><U68/><E68/><V34/><F34/><W62/><G62/><T25/><D25/><U50/><E36/><V39/><F39/><W103/><G54/><T79/><REACH who="0" step="1"/><D15/><REACH who="0" ten="107,227,363,293" step="2"/><U85/><E30/><V49/><F31/><W52/><G23/><T58/><D58/><U22/><E29/><V134/><F35/><W19/><G14/><T111/><D111/><U121/><E22/><V78/><F24/><W46/><G9/><T27/><D27/><U82/><E13/><V100/><F11/><W129/><G8/><T77/><D77/><N who="1" m="46287" /><E121/><V98/><F127/><W120/><G120/><T92/><D92/><U119/><E119/><V133/><F126/><W47/><G47/><T84/><D84/><U26/><E26/><V117/><F134/><W81/><G46/><T71/><D71/><U89/><E89/><RYUUKYOKU ba="1,1" sc="107,15,227,15,363,-15,293,-15" hai0="10,12,44,51,55,60,64,70,74,79,83,109,110" hai1="5,40,45,50,128,130,131" /><INIT seed="3,2,1,5,4,45" ten="122,242,348,278" oya="3" hai0="118,18,17,108,58,80,126,87,20,106,116,24,47" hai1="97,64,99,55,22,16,123,49,84,122,52,33,51" hai2="8,77,13,95,112,62,53,102,91,133,92,121,57" hai3="72,125,85,54,96,10,73,27,101,36,124,65,40"/><W105/><G65/><T127/><D106/><U130/><E33/><V117/><F112/><W5/><G27/><T2/><D2/><U25/><E130/><V50/><F117/><W44/><G54/><N who="1" m="20522" /><E123/><V61/><F121/><W6/><G85/><T0/><D0/><U42/><E122/><V41/><F133/><W103/><G103/><T83/><D58/><U14/><E64/><V26/><F26/><W104/><G104/><T78/><D108/><U134/><E134/><V32/><F32/><W7/><REACH who="3" step="1"/><G10/><REACH who="3" ten="122,242,348,268" step="2"/><T29/><D118/><U9/><E84/><V86/><F102/><W11/><G11/><T15/><D116/><U81/><E42/><V21/><F41/><W88/><G88/><T43/><D83/><U23/><E23/><V28/><F8/><W38/><G38/><T135/><D135/><U110/><E110/><V59/><F86/><W120/><G120/><T75/><D87/><U66/><E66/><V100/><F91/><W82/><G82/><T128/><D128/><U3/><E3/><V1/><F100/><W35/><G35/><T113/><D113/><U60/><E81/><V31/><F1/><W89/><G89/><T37/><REACH who="0" step="1"/><D18/><REACH who="0" ten="112,242,348,268" step="2"/><N who="1" m="12503" /><E60/><V74/><F62/><W69/><G69/><T111/><D111/><U109/><E109/><V119/><F61/><W63/><G63/><T30/><D30/><U90/><E99/><V68/><F68/><W48/><BYE who="2" /><G48/><T107/><D107/><U39/><E39/><V12/><F12/><W94/><G94/><AGARI ba="2,3" hai="9,14,16,49,51,90,94,97" m="12503,20522" machi="94" ten="30,8000,1" yaku="8,1,52,2,54,2" doraHai="45" who="1" fromWho="3" sc="112,0,242,116,348,0,268,-86" /><INIT seed="4,0,0,4,1,109" ten="112,358,348,182" oya="0" hai0="113,103,93,16,84,94,54,69,98,121,131,112,73" hai1="83,85,1,81,80,7,49,88,53,66,128,4,39" hai2="106,34,6,118,14,58,45,117,77,102,126,18,27" hai3="90,135,133,40,79,36,9,105,110,72,23,125,42"/><T12/><D73/><U104/><E39/><V107/><F107/><W3/><G110/><T15/><D121/><UN n2="%28%EF%BC%BE%CF%89%EF%BC%BE%29%E3%81%8A%E3%81%89%E3%82%93" /><U11/><E104/><V61/><F77/><W20/><G105/><T48/><D69/><U64/><E128/><V111/><F111/><W76/><G90/><T92/><D131/><U37/><E37/><V114/><F45/><N who="3" m="23687" /><G42/><T29/><D29/><U124/><E124/><V63/><F102/><W56/><G56/><N who="0" m="32839" /><D12/><N who="1" m="5223" /><E7/><V115/><F106/><W28/><G28/><T13/><D13/><U116/><E1/><V2/><F126/><W87/><G125/><T96/><D96/><U21/><E21/><N who="3" m="8266" /><G87/><T74/><D74/><U78/><E116/><N who="2" m="44651" /><F2/><W32/><G32/><T24/><D24/><U0/><E0/><V101/><F101/><W19/><G19/><T59/><D59/><N who="1" m="33199" /><E78/><V8/><F6/><N who="3" m="1247" /><G79/><T132/><D132/><U55/><E55/><N who="2" m="34015" /><F63/><W99/><G99/><T38/><D38/><U68/><E68/><V97/><F97/><W22/><G22/><N who="0" m="11551" /><D84/><U134/><E134/><V71/><F71/><W129/><G129/><T75/><D75/><U51/><E51/><V10/><F10/><W67/><BYE who="2" /><G67/><AGARI ba="0,0" hai="64,66,67,80,81,83,85,88" m="33199,5223" machi="67" ten="30,2000,0" yaku="8,1,54,1" doraHai="109" who="1" fromWho="3" sc="112,0,358,20,348,0,182,-20" /><INIT seed="5,0,0,2,2,50" ten="112,378,348,162" oya="1" hai0="64,63,91,96,117,118,100,73,7,121,26,106,61" hai1="75,110,98,58,103,54,21,120,86,15,132,55,28" hai2="83,80,105,47,13,32,41,93,35,66,74,59,71" hai3="23,90,85,8,82,49,1,30,92,33,77,37,16"/><U119/><E75/><V53/><F53/><W94/><G37/><T101/><D73/><U9/><E119/><V99/><F99/><UN n2="%28%EF%BC%BE%CF%89%EF%BC%BE%29%E3%81%8A%E3%81%89%E3%82%93" /><W128/><G128/><T112/><D121/><U104/><E120/><V69/><F105/><W6/><G33/><T122/><D122/><U79/><E132/><V39/><F13/><W114/><G114/><T12/><D112/><U17/><E110/><V44/><F93/><W4/><G4/><T124/><D124/><U48/><E79/><V95/><F95/><W129/><G129/><T97/><D91/><U52/><E86/><V115/><F47/><W131/><G131/><T11/><D26/><U107/><E107/><V111/><F111/><W78/><G30/><T84/><D84/><U19/><E28/><V31/><F115/><W109/><G109/><T40/><D40/><U22/><E9/><V70/><F74/><W25/><G94/><T102/><D63/><U42/><E42/><V36/><F36/><W27/><G27/><AGARI ba="0,0" hai="15,17,19,21,22,27,48,52,54,55,58,98,103,104" machi="27" ten="30,12000,1" yaku="7,1,52,3,54,1" doraHai="50" who="1" fromWho="3" sc="112,0,378,120,348,0,162,-120" /><INIT seed="5,1,0,4,1,42" ten="112,498,348,42" oya="1" hai0="30,17,128,9,105,19,109,41,85,131,110,0,40" hai1="87,74,101,43,73,65,108,124,97,89,79,52,36" hai2="92,22,115,16,117,126,53,63,38,100,104,106,21" hai3="96,134,25,34,66,107,35,54,26,113,62,75,2"/><U84/><E65/><V70/><F117/><W93/><G107/><T1/><D105/><U82/><E124/><V78/><F38/><W28/><G75/><T88/><D30/><U46/><E108/><V37/><F37/><W58/><G2/><T49/><D49/><U29/><E29/><V44/><F126/><W90/><G113/><T50/><D50/><U125/><E125/><V99/><F115/><W31/><REACH who="3" step="1"/><G134/><REACH who="3" ten="112,498,348,32" step="2"/><T135/><D135/><U98/><E74/><V132/><F106/><W55/><AGARI ba="1,1" hai="25,26,28,31,34,35,54,55,58,62,66,90,93,96" machi="55" ten="30,12000,2" yaku="1,1,2,1,0,1,9,1,53,2" doraHai="42" doraHaiUra="23" who="3" fromWho="3" sc="112,-31,498,-61,348,-31,32,133" /><INIT seed="6,0,0,0,2,44" ten="81,437,317,165" oya="2" hai0="55,109,115,28,75,85,97,77,24,88,94,13,80" hai1="114,59,81,39,82,126,65,47,63,123,69,8,41" hai2="84,135,14,102,1,40,133,129,131,70,100,73,34" hai3="101,132,92,134,7,60,9,27,89,127,61,83,25"/><V32/><F73/><W93/><G127/><T48/><D109/><U35/><E35/><N who="2" m="13355" /><F1/><W117/><G117/><T49/><D115/><U62/><E114/><V96/><F70/><W110/><G110/><T64/><D64/><U130/><E126/><V26/><F40/><W12/><G134/><N who="2" m="51209" /><F26/><W91/><G132/><T3/><D3/><U104/><E130/><N who="2" m="49675" /><F96/><N who="3" m="59535" /><G27/><T42/><D13/><U56/><E69/><V71/><F71/><W21/><G21/><T57/><D75/><U86/><E41/><V98/><F98/><N who="3" m="57615" /><G25/><T2/><D2/><U78/><E39/><V116/><F84/><AGARI ba="0,0" hai="7,9,12,60,61,83,84,91" m="57615,59535" machi="84" ten="30,1000,0" yaku="8,1" doraHai="44" who="3" fromWho="2" sc="81,0,437,0,317,-10,165,10" /><INIT seed="7,0,0,5,4,102" ten="81,437,307,175" oya="3" hai0="93,12,28,9,15,50,21,119,103,129,83,107,125" hai1="14,13,118,92,95,97,58,100,111,68,47,99,105" hai2="22,36,53,41,120,40,101,49,84,25,109,51,1" hai3="65,27,35,60,76,74,126,110,31,8,23,5,10"/><W115/><G115/><T33/><D119/><U127/><E105/><V37/><F1/><W135/><G135/><T112/><D112/><U55/><E68/><V96/><F109/><W17/><G126/><T70/><D125/><U19/><E111/><V7/><F7/><W106/><G106/><T62/><D129/><U81/><E118/><V54/><F84/><W131/><G131/><T48/><D93/><U20/><E47/><V124/><F101/><W122/><G122/><T34/><D83/><U88/><E81/><V75/><F96/><W61/><G110/><T57/><D21/><U6/><E6/><V16/><F75/><W67/><G76/><T45/><D70/><U82/><E82/><V56/><F124/><W30/><G74/><T11/><D103/><U85/><E85/><V89/><F89/><W71/><G35/><T32/><D28/><U79/><E79/><V114/><F114/><W63/><G10/><T116/><D116/><U134/><E134/><V24/><F24/><W87/><G87/><T43/><D107/><U29/><E29/><V98/><F98/><W42/><G42/><T117/><D117/><U123/><E123/><V128/><F128/><W91/><G91/><T38/><D9/><U46/><E127/><V39/><F120/><W26/><G71/><T66/><D11/><U94/><E13/><V130/><F130/><W90/><G90/><T113/><D113/><U80/><E80/><V64/><F64/><W18/><G31/><T59/><REACH who="0" step="1"/><D38/><REACH who="0" ten="71,437,307,175" step="2"/><U86/><E100/><V44/><AGARI ba="0,1" hai="16,22,25,36,37,39,40,41,44,49,51,53,54,56" machi="44" ten="30,2000,0" yaku="0,1,54,1" doraHai="102" who="2" fromWho="2" sc="71,-5,437,-5,307,30,175,-10" owari="66,-43.0,432,52.0,337,14.0,165,-23.0" /></mjloggm>