<mjloggm ver="2.3"><GO type="225" lobby="0"/><UN n0="%E5%90%91%E4%BA%95%E7%90%86" n1="%E4%B8%A6%E3%81%BF%E3%81%AE%E7%AB%9C" n2="%E3%81%BF%E3%81%A3%E3%81%A4%E3%81%83%EF%BD%9E" n3="%E5%B0%B1%E6%B4%BB%E7%94%9F%40%E5%B7%9D%E6%9D%91%E8%BB%8D%E5%9B%A3" dan="17,16,16,16" rate="2196.27,2064.75,2144.47,2059.45" sx="M,M,F,M"/><TAIKYOKU oya="0"/><INIT seed="0,0,0,5,4,68" ten="250,250,250,250" oya="0" hai0="133,99,90,10,97,83,85,120,7,112,31,4,134" hai1="51,33,49,103,123,3,41,67,91,95,80,76,70" hai2="104,129,89,59,101,116,12,27,75,107,74,28,5" hai3="113,38,84,32,8,17,23,61,64,71,37,132,15"/><T34/><D112/><U29/><E123/><V100/><F129/><W22/><G32/><T48/><D120/><U114/><E3/><V93/><F116/><W105/><G113/><T50/><D31/><U0/><E0/><V24/><F59/><W11/><G105/><T106/><D34/><U14/><E103/><V30/><F12/><W40/><G132/><N who="0" m="50795" /><D4/><U87/><E29/><V73/><F93/><W19/><G84/><T57/><D106/><U65/><E33/><V21/><F74/><W55/><G55/><N who="0" m="31975" /><D50/><N who="1" m="18955" /><E70/><V44/><F5/><W102/><G102/><T46/><D46/><U52/><E41/><V25/><F44/><W119/><G119/><T98/><D98/><N who="1" m="57727" /><E114/><V131/><F131/><W117/><G117/><T118/><D118/><U124/><E124/><V2/><F2/><AGARI ba="0,0" hai="2,7,10,83,85,90,97,99" m="31975,50795" machi="2" ten="30,1500,0" yaku="20,1" doraHai="68" who="0" fromWho="2" sc="250,15,250,0,250,-15,250,0" /><INIT seed="0,1,0,0,3,124" ten="265,250,235,250" oya="0" hai0="77,61,118,113,114,115,106,74,41,75,31,19,110" hai1="69,25,2,68,127,71,90,57,26,11,122,34,134" hai2="54,135,22,15,10,76,51,37,47,59,116,131,53" hai3="30,20,128,60,89,40,109,55,101,35,27,132,82"/><T88/><D106/><U66/><E122/><V123/><F135/><W81/><G35/><T5/><D118/><U48/><E134/><V0/><F123/><W58/><G109/><T133/><D133/><U1/><E127/><V7/><F116/><W98/><G132/><T107/><D107/><U97/><E34/><V56/><F76/><W4/><G128/><T117/><D117/><U38/><E38/><V64/><F64/><W120/><G120/><T100/><D100/><U8/><E48/><V50/><F37/><W102/><G40/><T32/><D5/><U23/><E90/><V12/><F0/><W99/><G4/><T126/><D41/><U18/><E97/><N who="3" m="36874" /><G89/><T83/><D126/><U119/><E119/><V121/><F121/><W46/><G46/><T52/><D110/><U95/><E95/><V94/><F94/><W80/><AGARI ba="1,0" hai="20,27,30,55,58,60,80,81,82,101,102" m="36874" machi="80" ten="30,1100,0" yaku="8,1" doraHai="124" who="3" fromWho="3" sc="265,-6,250,-4,235,-4,250,14" /><INIT seed="1,0,0,0,2,88" ten="259,246,231,264" oya="1" hai0="62,135,131,4,68,16,117,23,35,107,84,57,71" hai1="55,30,92,96,79,1,47,114,38,3,86,128,10" hai2="31,125,101,18,39,123,99,129,34,27,80,130,103" hai3="24,106,72,77,48,82,74,91,43,61,87,66,7"/><U28/><E114/><V9/><F123/><W59/><G106/><T60/><D35/><U63/><E128/><N who="2" m="49259" /><F125/><W104/><G104/><T37/><D37/><U6/><E3/><V124/><F124/><W102/><G102/><N who="2" m="38921" /><F99/><W70/><G7/><T51/><D107/><U25/><E38/><V89/><F39/><W11/><G11/><T78/><D4/><U108/><E108/><V49/><F49/><W17/><G77/><T64/><D78/><U42/><E42/><V122/><F122/><W134/><G134/><T113/><D51/><U56/><E47/><V81/><F89/><W21/><REACH who="3" step="1"/><G43/><REACH who="3" ten="259,246,231,254" step="2"/><T41/><D135/><U69/><E69/><V75/><F75/><W118/><G118/><T121/><D68/><U65/><E79/><V90/><F90/><W93/><G93/><T15/><D71/><U44/><E96/><V5/><F5/><W33/><G33/><T94/><D131/><U97/><E97/><V95/><F95/><W100/><G100/><T46/><D121/><U50/><E92/><V0/><F0/><W32/><G32/><T115/><D117/><U53/><E86/><V111/><F111/><W14/><G14/><AGARI ba="0,1" hai="9,14,18,27,31,34,80,81" m="38921,49259" machi="14" ten="30,1000,0" yaku="19,1" doraHai="88" who="2" fromWho="3" sc="259,0,246,0,231,20,254,-10" /><INIT seed="2,0,0,5,5,83" ten="259,246,251,244" oya="2" hai0="116,95,129,108,73,14,98,51,92,135,78,88,6" hai1="117,96,4,57,68,119,54,131,81,71,55,38,41" hai2="30,80,47,67,110,86,94,115,107,42,61,91,125" hai3="97,9,99,72,32,101,130,33,2,84,44,11,63"/><V87/><F115/><W79/><G72/><T35/><D35/><U90/><E54/><V56/><F125/><W0/><G130/><T13/><D129/><U62/><E131/><V93/><F107/><W19/><G63/><T15/><D108/><U126/><E126/><V114/><F114/><W122/><G122/><T124/><D124/><U46/><E4/><V105/><F105/><W10/><G44/><T58/><D135/><U24/><E24/><V50/><F110/><W120/><G120/><T36/><D36/><U21/><E21/><V39/><F30/><W70/><G70/><T25/><D25/><U77/><E71/><V59/><F39/><W20/><G32/><T17/><D6/><U128/><E128/><V26/><F26/><W64/><G33/><T40/><D78/><U48/><E96/><N who="3" m="36938" /><G64/><T49/><D73/><N who="1" m="43183" /><E90/><N who="2" m="53471" /><F59/><W123/><G123/><T60/><D116/><U28/><E28/><V53/><F67/><AGARI ba="0,0" hai="38,41,46,48,55,57,62,67,68,117,119" m="43183" machi="67" ten="30,1000,0" yaku="24,1" doraHai="83" who="1" fromWho="2" sc="259,0,246,10,251,-10,244,0" /><INIT seed="3,0,0,0,2,11" ten="259,256,241,244" oya="3" hai0="22,59,91,38,71,131,89,85,69,33,112,50,10" hai1="64,6,42,128,15,108,124,111,28,83,25,125,18" hai2="120,119,9,96,132,43,61,49,72,37,87,46,30" hai3="115,126,98,44,76,51,86,60,70,117,13,27,113"/><W129/><G117/><T103/><D38/><U47/><E64/><V5/><F119/><W16/><G126/><N who="1" m="48746" /><E6/><V93/><F132/><W34/><G129/><T134/><D33/><N who="1" m="20623" /><E83/><V40/><F120/><W26/><G98/><T55/><D103/><U1/><E1/><V62/><F72/><W65/><G34/><T41/><D134/><U8/><E128/><V19/><F30/><W118/><G118/><T135/><D71/><U3/><E3/><V74/><F74/><W45/><G115/><T82/><D69/><U90/><E90/><V100/><F19/><W102/><G102/><T110/><D91/><U99/><E99/><V106/><F106/><W53/><G113/><T121/><D89/><U54/><E54/><V109/><F87/><W81/><G45/><T48/><D85/><U104/><E104/><V123/><F123/><W94/><G94/><T101/><D82/><U68/><E68/><V21/><F109/><W57/><G70/><T58/><D110/><U2/><E2/><V127/><F127/><W4/><G4/><T36/><D131/><U31/><E31/><V80/><F80/><W107/><G107/><T23/><D112/><U67/><E67/><V114/><F114/><W35/><G35/><T79/><D135/><U66/><E66/><V52/><F52/><W88/><G88/><T78/><D55/><U32/><E32/><V7/><F7/><W97/><G97/><T116/><D116/><U39/><AGARI ba="0,0" hai="8,15,18,39,42,47,108,111" m="20623,48746" machi="39" ten="30,2000,0" yaku="18,1,52,1" doraHai="11" who="1" fromWho="1" sc="259,-5,256,20,241,-5,244,-10" /><INIT seed="4,0,0,3,0,62" ten="254,276,236,234" oya="0" hai0="55,38,60,61,106,39,63,91,40,22,27,121,53" hai1="66,99,113,13,8,47,54,31,11,120,127,75,14" hai2="82,122,2,64,103,90,21,123,79,51,86,58,6" hai3="104,77,94,44,89,70,83,74,35,25,12,34,131"/><T133/><D106/><U96/><E75/><V5/><F103/><W125/><G104/><T111/><D121/><U23/><E120/><V50/><F2/><W92/><G70/><T87/><D133/><U56/><E127/><V26/><F123/><W36/><G125/><T129/><D129/><U134/><E134/><V45/><F79/><W107/><G107/><T110/><D87/><U130/><E47/><V43/><F122/><W76/><G131/><T7/><D7/><N who="1" m="3231" /><E113/><V15/><F15/><W17/><G77/><T49/><D91/><U117/><E117/><V0/><F0/><W9/><G92/><T128/><D128/><U24/><E130/><V59/><F59/><W88/><G89/><T98/><D98/><U73/><E73/><V108/><F108/><N who="0" m="41514" /><D22/><U4/><E54/><N who="0" m="20489" /><D27/><U100/><E100/><V85/><F51/><W16/><G25/><T33/><D33/><U48/><E48/><V42/><F42/><W84/><G17/><T71/><D71/><U116/><E116/><V68/><F68/><W57/><REACH who="3" step="1"/><G57/><REACH who="3" ten="254,276,236,224" step="2"/><T30/><D30/><U132/><E132/><V28/><F86/><W32/><G32/><T114/><D114/><U102/><E102/><V109/><F109/><W115/><G115/><T112/><D112/><U72/><E56/><V29/><F28/><W52/><G52/><T65/><D65/><U118/><E66/><V95/><F82/><W37/><G37/><T80/><D80/><U97/><E118/><V3/><F6/><W135/><G135/><T93/><D93/><U46/><E46/><AGARI ba="0,1" hai="38,39,40,46,49,60,61,63" m="20489,41514" machi="46" ten="40,7700,0" yaku="10,1,34,2" doraHai="62" who="0" fromWho="1" sc="254,87,276,-77,236,0,224,0" owari="341,44.0,199,-30.0,236,4.0,224,-18.0" /></mjloggm>