<mjloggm ver="2.3"><GO type="169" lobby="0"/><UN n0="%E3%82%B7%E3%83%B3%E3%83%87%E3%83%AB%E3%83%A9" n1="%E5%B0%B1%E6%B4%BB%E7%94%9F%40%E5%B7%9D%E6%9D%91%E8%BB%8D%E5%9B%A3" n2="%E4%B8%AD%E6%9D%91%E8%B1%AA" n3="%E5%A4%A7%E6%AD%A3%E7%BE%A9%E9%87%8E%E7%90%83%E5%A8%98" dan="16,16,16,16" rate="2078.43,2098.85,2097.46,2157.97" sx="F,M,M,F"/><TAIKYOKU oya="0"/><INIT seed="0,0,0,3,4,109" ten="250,250,250,250" oya="0" hai0="40,66,108,17,70,49,121,39,129,51,112,53,41" hai1="75,135,4,55,72,119,107,52,48,76,95,33,58" hai2="111,35,120,24,97,37,1,27,34,128,65,46,25" hai3="102,87,69,78,71,104,47,26,68,115,62,103,114"/><T81/><D81/><U124/><E107/><V93/><F120/><W89/><G78/><T123/><D17/><U13/><E119/><V84/><F1/><W30/><G62/><N who="0" m="40279" /><D108/><U59/><E124/><V32/><F111/><W80/><G47/><N who="0" m="23967" /><D129/><U54/><E135/><V64/><F128/><W36/><G36/><T127/><D127/><U31/><E95/><V11/><F11/><W77/><G89/><T99/><D99/><U126/><E126/><V23/><F84/><W43/><G43/><T85/><D85/><U117/><E117/><V113/><F23/><W2/><G2/><T130/><D130/><U110/><E110/><V38/><F97/><W86/><G86/><T45/><D112/><U18/><E4/><V12/><F93/><W21/><REACH who="3" step="1"/><G104/><REACH who="3" ten="250,250,250,240" step="2"/><T79/><D79/><U83/><E75/><V125/><F125/><W29/><G29/><T67/><D67/><U57/><E31/><V50/><F64/><W118/><G118/><T74/><D74/><U15/><E72/><V134/><F65/><W73/><G73/><T10/><D10/><U88/><E76/><V100/><F100/><AGARI ba="0,1" hai="21,26,30,68,69,71,77,80,87,100,102,103,114,115" machi="100" ten="40,5200,0" yaku="1,1,52,2,53,0" doraHai="109" doraHaiUra="91" who="3" fromWho="2" sc="250,0,250,0,250,-52,240,62" /><INIT seed="1,0,0,1,5,87" ten="250,250,198,302" oya="1" hai0="68,129,62,106,100,96,58,115,24,41,0,93,72" hai1="30,42,83,29,60,23,44,6,128,95,134,25,82" hai2="111,131,34,26,52,130,89,56,112,107,47,17,43" hai3="101,7,14,1,46,36,73,79,55,133,9,32,81"/><U132/><E128/><N who="2" m="49195" /><F107/><W5/><G133/><T135/><D129/><U91/><E30/><N who="2" m="19799" /><F111/><W121/><G121/><T119/><D115/><U13/><E60/><N who="2" m="35847" /><F17/><W45/><G32/><T74/><D106/><U104/><E104/><V3/><F3/><W116/><G116/><T110/><D0/><U19/><E6/><V88/><F112/><W71/><G71/><T63/><D68/><U114/><E114/><V28/><F28/><W109/><G109/><T22/><D119/><U92/><E92/><V18/><F18/><W12/><G7/><T40/><D135/><U67/><E67/><V76/><F76/><W38/><G38/><AGARI ba="0,0" hai="38,43,47,88,89" m="35847,19799,49195" machi="38" ten="30,8000,1" yaku="19,1,52,2,54,2" doraHai="87" who="2" fromWho="3" sc="250,0,250,0,198,80,302,-80" /><INIT seed="2,0,0,0,2,57" ten="250,250,278,222" oya="2" hai0="134,54,77,43,7,48,107,17,53,73,95,129,90" hai1="33,67,16,59,46,132,103,123,100,94,61,122,128" hai2="52,65,36,70,38,30,60,82,71,42,87,37,39" hai3="83,63,117,24,125,56,18,6,80,99,114,115,74"/><V19/><F30/><W15/><G117/><T12/><D107/><U130/><E33/><V81/><F70/><W120/><G120/><N who="1" m="46122" /><E132/><V62/><F19/><W127/><G6/><T88/><D134/><U55/><E94/><V21/><F21/><W13/><G24/><T66/><D129/><N who="1" m="49771" /><E46/><V84/><N who="2" m="9216" /><DORA hai="79" /><V85/><REACH who="2" step="1"/><F42/><REACH who="2" ten="250,250,268,222" step="2"/><W116/><G116/><T40/><D40/><U93/><E16/><V34/><F34/><W113/><G74/><T47/><D43/><U49/><E93/><V58/><AGARI ba="0,1" hai="52,58,60,62,65,71,81,82,84,85,87" m="9216" machi="58" ten="60,18000,2" yaku="1,1,0,1,52,4,54,1,53,0" doraHai="57,79" doraHaiUra="3,41" who="2" fromWho="2" sc="250,-60,250,-60,268,190,222,-60" /><INIT seed="2,1,0,3,2,4" ten="190,190,458,162" oya="2" hai0="10,123,87,68,117,11,32,102,115,3,48,90,34" hai1="21,88,9,81,27,59,92,65,62,94,126,31,7" hai2="42,100,112,72,2,17,101,23,82,44,107,131,61" hai3="78,133,16,118,73,106,135,5,20,74,71,36,132"/><V110/><F112/><W30/><G118/><T108/><D115/><U98/><E126/><V80/><F2/><W109/><G109/><T19/><D123/><U53/><E92/><V134/><F131/><W120/><G120/><T95/><D68/><U55/><REACH who="1" step="1"/><E81/><REACH who="1" ten="190,180,458,162" step="2"/><V96/><F80/><W67/><G106/><T1/><D95/><U45/><E45/><V6/><F44/><W64/><G36/><T41/><D117/><U29/><E29/><V24/><F82/><N who="3" m="45391" /><G30/><T79/><D108/><U83/><E83/><V119/><F110/><W46/><G74/><T40/><D79/><U63/><E63/><V66/><F61/><W50/><G71/><T28/><D28/><U60/><E60/><V97/><F72/><W13/><G5/><T75/><D75/><U89/><E89/><V116/><F6/><W129/><G129/><T12/><D90/><U91/><E91/><V124/><F124/><W77/><G77/><T130/><D130/><U76/><E76/><V105/><F134/><W99/><G99/><T127/><D127/><U84/><E84/><V26/><F97/><W125/><G125/><T22/><D87/><U52/><E52/><AGARI ba="1,1" hai="13,16,20,46,50,52,64,67,132,133,135" m="45391" machi="52" ten="30,3900,0" yaku="20,1,54,2" doraHai="4" who="3" fromWho="1" sc="190,0,180,-42,458,0,162,52" /><INIT seed="3,0,0,2,4,94" ten="190,138,458,214" oya="3" hai0="71,104,69,18,93,106,47,13,119,125,1,60,30" hai1="12,44,43,40,37,117,15,16,83,79,118,120,55" hai2="53,38,122,130,70,110,100,48,77,21,14,54,6" hai3="41,132,98,10,32,56,4,82,33,103,61,39,74"/><W42/><G132/><T73/><D119/><U111/><E120/><V97/><F38/><W101/><G101/><T65/><D73/><U123/><E123/><V49/><F70/><W28/><G74/><T131/><D1/><U87/><E43/><V135/><F77/><W64/><G82/><T11/><D125/><U19/><E111/><V2/><F2/><W17/><G17/><T67/><D131/><U78/><E78/><V27/><F110/><W25/><G32/><T124/><D124/><U127/><E127/><V51/><F130/><W66/><G66/><T22/><D47/><U72/><E72/><V84/><F84/><W26/><G26/><T121/><D121/><U107/><E107/><V50/><F135/><W133/><G39/><T31/><D93/><U86/><E86/><V58/><F122/><W114/><G114/><T105/><REACH who="0" step="1"/><D22/><REACH who="0" ten="180,138,458,214" step="2"/><U62/><E117/><V96/><F21/><W95/><G133/><T88/><D88/><U128/><E118/><V20/><F20/><W9/><G9/><T108/><D108/><U57/><E128/><V90/><F90/><W91/><G91/><T75/><D75/><U109/><E109/><V92/><F92/><W63/><G63/><AGARI ba="0,1" hai="11,13,18,30,31,60,63,65,67,69,71,104,105,106" machi="63" ten="40,2600,0" yaku="1,1,9,1,53,0" doraHai="94" doraHaiUra="36" who="0" fromWho="3" sc="180,36,138,0,458,0,214,-26" /><INIT seed="4,0,0,0,0,11" ten="216,138,458,188" oya="0" hai0="83,49,52,31,79,46,9,81,53,125,42,78,115" hai1="123,35,105,74,64,124,43,109,68,114,62,56,71" hai2="45,101,100,12,3,94,91,37,40,107,10,129,19" hai3="85,29,127,122,111,26,87,113,121,60,18,63,15"/><T5/><D115/><U44/><E35/><V25/><F129/><W27/><G111/><T50/><D125/><U77/><E105/><V13/><F3/><W69/><G113/><T89/><D31/><U54/><E109/><V118/><F107/><W84/><G127/><T20/><D20/><U34/><E34/><V128/><F128/><W134/><G134/><T110/><D110/><U126/><E114/><V97/><F118/><W57/><G69/><T104/><D104/><U116/><E116/><V8/><F25/><N who="3" m="9227" /><G57/><T82/><D89/><U58/><E123/><N who="3" m="47114" /><G29/><T24/><D24/><U14/><E77/><N who="0" m="29193" /><D49/><U106/><E74/><V32/><F32/><W93/><G93/><T108/><D108/><U112/><E106/><V17/><AGARI ba="0,0" hai="8,10,12,13,17,19,37,40,45,91,94,97,100,101" machi="17" ten="20,8000,1" yaku="0,1,7,1,9,1,52,2" doraHai="11" who="2" fromWho="2" sc="216,-40,138,-20,458,80,188,-20" /><INIT seed="5,0,0,3,4,93" ten="176,118,538,168" oya="1" hai0="7,77,63,65,106,113,103,123,70,27,6,12,55" hai1="67,105,9,46,99,15,25,11,89,94,39,54,61" hai2="117,96,128,98,135,92,109,68,44,71,75,78,104" hai3="2,124,81,47,3,60,86,116,130,38,76,16,83"/><U131/><E131/><V64/><F109/><W30/><G130/><T28/><D113/><U73/><E73/><V41/><F117/><W45/><G124/><T101/><D123/><U129/><E129/><V79/><F135/><W90/><G30/><T29/><D77/><U74/><E74/><V5/><F5/><W53/><G116/><T23/><D29/><U127/><E127/><V56/><F56/><W40/><G16/><T85/><D85/><U107/><E25/><V132/><F132/><W111/><G111/><T114/><D114/><U100/><E11/><V84/><F75/><W17/><G17/><T120/><D120/><U13/><E13/><V134/><F134/><W91/><G76/><T32/><D55/><U121/><E121/><V31/><F31/><W50/><G60/><T37/><D37/><U126/><E126/><V115/><F115/><W43/><G53/><T125/><D125/><U48/><E39/><V59/><F68/><W4/><G4/><T52/><D52/><U108/><E108/><V18/><F71/><W36/><G50/><T82/><D82/><U26/><E26/><V112/><F112/><W102/><G102/><N who="0" m="38923" /><D106/><U118/><E118/><V14/><F104/><W119/><G119/><T51/><D51/><U10/><E15/><V95/><F14/><W42/><G42/><T1/><D1/><U87/><REACH who="1" step="1"/><E107/><REACH who="1" ten="176,108,538,168" step="2"/><V22/><F128/><W8/><G8/><N who="0" m="4119" /><D7/><U133/><E133/><V20/><F18/><W69/><G2/><T72/><D72/><U34/><E34/><V88/><F20/><W19/><G19/><T58/><D32/><RYUUKYOKU ba="0,1" sc="176,15,108,15,538,-15,168,-15" hai0="23,27,28,58,63,65,70" hai1="9,10,46,48,54,61,67,87,89,94,99,100,105" /><INIT seed="5,1,1,5,1,125" ten="191,123,523,153" oya="1" hai0="23,99,109,3,104,101,55,60,83,81,10,5,85" hai1="9,126,87,88,107,82,119,134,28,121,69,77,117" hai2="76,71,90,57,29,93,91,8,46,108,18,86,103" hai3="35,115,44,33,52,95,92,78,34,11,73,98,111"/><U112/><E69/><V42/><F71/><W102/><G111/><T59/><D109/><U50/><E28/><V15/><F29/><W53/><G115/><T49/><D23/><U64/><E64/><V80/><F108/><W2/><G95/><T132/><D132/><U6/><E107/><V38/><F103/><W39/><G39/><T51/><D83/><U45/><E134/><V19/><F57/><W123/><G123/><T20/><D20/><U43/><E121/><V0/><F0/><W1/><G44/><T120/><D120/><U24/><E126/><V113/><F113/><W7/><REACH who="3" step="1"/><G2/><REACH who="3" ten="191,123,523,143" step="2"/><T84/><D84/><U21/><E112/><V130/><F93/><W114/><G114/><T14/><D3/><U68/><E68/><V72/><F46/><W96/><G96/><T116/><D116/><U67/><E67/><V100/><F38/><W74/><G74/><T63/><D63/><U48/><E48/><V36/><F72/><W32/><N who="3" m="8192" /><DORA hai="40" /><W129/><G129/><T65/><D65/><U124/><E124/><V89/><F130/><W54/><G54/><T135/><D135/><U106/><E106/><V75/><F75/><W16/><G16/><T62/><D62/><U22/><E117/><V26/><F36/><W122/><G122/><T118/><D118/><U13/><E119/><V27/><F19/><W105/><G105/><T127/><D127/><U133/><E133/><V12/><F18/><W4/><G4/><T41/><D41/><U30/><E22/><V31/><F42/><W37/><G37/><T110/><D110/><U56/><E56/><RYUUKYOKU ba="1,2" sc="191,10,123,10,523,-30,143,10" hai0="5,10,14,49,51,55,59,60,81,85,99,101,104" hai1="6,9,13,21,24,30,43,45,50,77,82,87,88" hai3="1,7,11,52,53,73,78,92,98,102" /><INIT seed="5,2,2,5,2,112" ten="201,133,493,153" oya="1" hai0="51,115,18,119,14,30,108,114,94,111,54,103,6" hai1="47,100,2,123,9,66,125,75,78,68,52,41,25" hai2="63,45,104,31,74,76,64,42,23,27,120,53,62" hai3="128,26,10,109,101,4,39,55,3,93,48,57,129"/><U34/><E123/><V107/><F120/><W0/><G109/><T56/><D6/><N who="1" m="1239" /><E125/><V84/><F74/><W12/><G39/><T32/><D119/><U65/><E100/><V36/><F76/><W35/><G101/><T127/><D127/><U16/><E52/><V132/><F132/><W133/><G93/><T96/><D30/><N who="1" m="19791" /><E16/><V135/><F135/><W85/><G133/><T110/><REACH who="0" step="1"/><D32/><REACH who="0" ten="191,133,493,153" step="2"/><U70/><E66/><V99/><F64/><W33/><G33/><T82/><D82/><N who="1" m="45407" /><E65/><V22/><F31/><W49/><G35/><T50/><D50/><U44/><E44/><V28/><F45/><W95/><G48/><T67/><D67/><U24/><E24/><V89/><F27/><W19/><G0/><T131/><D131/><U17/><E17/><V29/><F28/><W88/><REACH who="3" step="1"/><G26/><REACH who="3" ten="191,133,493,143" step="2"/><T106/><D106/><U83/><E83/><V92/><F107/><W69/><G69/><T87/><D87/><U13/><E13/><V59/><F104/><W40/><G40/><T118/><D118/><U122/><E122/><V116/><F84/><W86/><G86/><T5/><D5/><U72/><E72/><V121/><F116/><W58/><G58/><T46/><D46/><U15/><E15/><V38/><F42/><W43/><G43/><T126/><D126/><U60/><E60/><V113/><F63/><W102/><G102/><T105/><D105/><U97/><E97/><V79/><F62/><W8/><AGARI ba="2,4" hai="3,4,8,10,12,19,49,55,57,85,88,95,128,129" machi="8" ten="30,4000,0" yaku="1,1,0,1,54,1,53,0" doraHai="112" doraHaiUra="134" who="3" fromWho="3" sc="191,-12,133,-22,493,-12,143,86" /><INIT seed="6,0,0,4,5,10" ten="179,111,481,229" oya="2" hai0="78,7,37,130,92,88,34,36,84,103,87,97,22" hai1="129,80,91,110,56,41,65,94,77,71,132,115,45" hai2="96,98,111,70,31,1,82,39,79,68,57,18,60" hai3="126,24,50,43,28,54,62,105,30,38,128,44,27"/><V89/><F39/><W16/><G105/><T81/><D34/><U48/><E110/><V14/><F1/><W112/><G128/><T67/><D130/><U117/><E129/><V107/><F31/><W108/><G108/><T12/><D67/><U26/><E117/><V113/><F113/><W8/><G126/><T55/><D55/><U121/><E121/><V19/><F19/><W93/><G112/><T131/><D131/><U127/><E115/><V69/><F89/><W13/><G38/><T73/><D73/><U90/><E127/><V122/><F107/><W59/><G93/><T123/><D123/><U72/><E132/><V120/><F111/><W49/><G62/><T17/><D7/><U2/><E2/><V99/><F57/><W125/><G125/><T47/><D47/><U118/><E118/><V6/><F60/><W100/><G100/><T3/><D3/><U40/><E40/><V51/><F51/><W109/><G109/><T74/><D87/><U58/><E26/><AGARI ba="0,0" hai="8,13,16,24,26,27,28,30,43,44,49,50,54,59" machi="26" ten="40,5200,0" yaku="8,1,52,1,54,1" doraHai="10" who="3" fromWho="1" sc="179,0,111,-52,481,0,229,52" /><INIT seed="7,0,0,1,4,94" ten="179,59,481,281" oya="3" hai0="53,87,133,75,69,76,128,135,26,63,10,115,13" hai1="30,42,129,64,31,35,12,84,58,21,132,1,70" hai2="105,93,16,36,29,59,25,127,107,55,126,96,3" hai3="34,46,6,11,121,78,122,91,124,17,24,19,104"/><W41/><G104/><T51/><D75/><U67/><E129/><V111/><F3/><N who="3" m="479" /><G91/><T120/><D120/><U114/><E114/><V18/><F36/><W68/><G68/><T44/><D115/><U14/><E132/><V54/><F93/><W2/><G78/><T102/><D128/><U15/><E70/><V92/><F92/><W32/><G46/><T49/><D26/><U4/><E42/><V66/><F59/><W39/><G41/><T62/><D102/><U106/><E106/><V90/><F90/><W7/><G39/><T108/><D49/><U119/><E119/><V98/><F66/><W23/><G124/><T86/><D51/><U57/><E35/><N who="3" m="13354" /><G19/><T74/><D76/><U20/><E4/><V103/><F103/><W8/><AGARI ba="0,0" hai="2,7,8,17,23,24,121,122" m="13354,479" machi="8" ten="30,3000,0" yaku="34,2" doraHai="94" who="3" fromWho="3" sc="179,-10,59,-10,481,-10,281,30" /><INIT seed="7,1,0,5,2,61" ten="169,49,471,311" oya="3" hai0="64,133,96,21,107,59,19,9,15,92,101,58,102" hai1="16,26,116,33,55,63,130,49,5,38,68,131,43" hai2="22,119,73,83,46,79,29,45,17,67,69,75,84" hai3="18,113,126,28,132,3,2,36,85,74,110,37,80"/><W56/><G74/><T8/><D133/><U24/><E5/><V135/><F29/><W34/><G113/><T23/><D107/><U41/><E33/><V86/><F119/><W91/><G132/><T120/><D120/><U62/><E116/><V20/><F135/><W114/><G114/><T50/><D102/><U76/><E76/><V40/><F45/><W95/><G18/><T78/><D78/><U7/><E7/><V88/><F22/><W121/><G121/><T54/><D21/><U14/><E63/><AGARI ba="1,0" hai="8,9,15,19,23,50,54,58,59,63,64,92,96,101" machi="63" ten="40,2600,0" yaku="8,1,52,1" doraHai="61" who="0" fromWho="1" sc="169,29,49,-29,471,0,311,0" owari="198,-20.0,20,-48.0,471,57.0,311,11.0" /></mjloggm>