<mjloggm ver="2.3"><GO type="97" lobby="0"/><UN n0="%E3%82%AC%E3%83%A1%E3%82%B4%E3%83%B3" n1="%54%41%4B%41%50%4E%47" n2="%E9%BB%92%E6%9F%B3" n3="%E5%B0%B1%E6%B4%BB%E7%94%9F%40%E5%B7%9D%E6%9D%91%E8%BB%8D%E5%9B%A3" dan="14,15,14,14" rate="1904.88,1950.95,1875.83,1947.21" sx="M,M,M,M"/><TAIKYOKU oya="0"/><INIT seed="0,0,0,0,2,70" ten="250,250,250,250" oya="0" hai0="31,98,62,6,18,36,19,75,103,102,76,23,8" hai1="128,127,126,112,52,71,46,122,72,80,40,32,79" hai2="129,60,43,100,30,118,14,66,28,45,63,115,97" hai3="65,20,9,67,35,88,91,99,5,53,84,93,27"/><T104/><D102/><U41/><E122/><V34/><F115/><W114/><G35/><T125/><D125/><N who="1" m="47627" /><E112/><V44/><F118/><W131/><G114/><T57/><D31/><N who="2" m="11818" /><F34/><W101/><G131/><T94/><D104/><U74/><E32/><V37/><F129/><W55/><G9/><T105/><D105/><U96/><E128/><V89/><F37/><W110/><G5/><T117/><D117/><U12/><E72/><V15/><F43/><W116/><G116/><T113/><D113/><U92/><E71/><V120/><F100/><W47/><G110/><T90/><D36/><N who="1" m="21767" /><E41/><V61/><F120/><W95/><G101/><T26/><D103/><N who="1" m="60807" /><E12/><N who="2" m="4651" /><F66/><N who="3" m="25099" /><G47/><N who="2" m="17993" /><F97/><W64/><N who="3" m="25107" /><W22/><DORA hai="133" /><G22/><T130/><D130/><U68/><E68/><V59/><F89/><W48/><G48/><T121/><D121/><U82/><E82/><V54/><AGARI ba="0,0" hai="54,59,60,61,63" m="17993,4651,11818" machi="54" ten="30,1100,0" yaku="8,1" doraHai="70,133" who="2" fromWho="2" sc="250,-5,250,-3,250,11,250,-3" /><INIT seed="1,0,0,3,2,72" ten="245,247,261,247" oya="1" hai0="12,18,89,39,114,119,24,36,28,135,13,106,37" hai1="126,15,20,99,134,48,44,43,130,30,2,132,125" hai2="109,47,5,26,9,77,67,25,22,46,23,4,79" hai3="55,124,98,63,64,19,88,49,129,66,52,96,3"/><U105/><E2/><V42/><F109/><W70/><G3/><T92/><D119/><U110/><E110/><V0/><F67/><N who="3" m="25643" /><G70/><T101/><D114/><U6/><E105/><V51/><F47/><N who="3" m="27711" /><G124/><N who="1" m="47722" /><E99/><V121/><F5/><W35/><G35/><T93/><D135/><N who="1" m="51755" /><E30/><V102/><F102/><W86/><G129/><T111/><D111/><U82/><E82/><V62/><F62/><W122/><G122/><T100/><D106/><U75/><E75/><V104/><F104/><W58/><G19/><T17/><D37/><U38/><E38/><V115/><F115/><W45/><G45/><T103/><D103/><U56/><E56/><V97/><F97/><W11/><G11/><T61/><D61/><U90/><E90/><V83/><F83/><AGARI ba="0,0" hai="55,58,63,83,86,88,96,98" m="27711,25643" machi="83" ten="30,3900,0" yaku="8,1,54,2" doraHai="72" who="3" fromWho="2" sc="245,0,247,0,261,-39,247,39" /><INIT seed="2,0,0,4,0,30" ten="245,247,222,286" oya="2" hai0="71,77,43,107,112,45,92,75,18,111,85,13,131" hai1="63,49,102,78,65,58,16,12,51,5,122,132,135" hai2="7,69,40,9,127,67,32,110,41,3,60,84,14" hai3="57,73,95,101,34,36,39,114,46,10,22,27,74"/><V124/><F110/><W42/><G114/><T25/><D111/><U123/><E78/><V70/><F84/><W53/><G36/><T19/><D71/><U113/><E113/><V52/><F14/><W26/><G10/><T23/><D112/><U125/><E5/><V128/><F69/><W15/><G15/><T121/><D121/><N who="1" m="46091" /><E102/><V109/><F109/><W126/><G126/><N who="2" m="48169" /><F128/><W17/><G101/><T100/><D131/><U0/><E0/><V120/><F120/><W93/><G73/><T104/><D75/><U11/><E125/><V87/><F87/><W2/><G2/><T33/><D107/><U1/><E1/><V81/><F81/><W90/><G74/><T99/><D77/><U56/><E56/><V62/><F32/><W134/><G134/><AGARI ba="0,0" hai="11,12,16,49,51,58,63,65,132,134,135" m="46091" machi="134" ten="30,3900,0" yaku="20,1,13,1,54,1" doraHai="30" who="1" fromWho="3" sc="245,0,247,39,222,0,286,-39" /><INIT seed="3,0,0,1,2,83" ten="245,286,222,247" oya="3" hai0="129,72,85,96,8,9,20,29,60,0,126,103,71" hai1="92,54,22,128,65,119,44,77,10,73,59,101,87" hai2="33,125,35,105,84,26,51,32,88,46,6,98,78" hai3="31,1,61,110,116,132,27,70,68,102,45,91,69"/><W48/><G116/><T108/><D72/><U36/><E119/><V63/><F125/><W34/><G1/><T95/><D126/><U12/><E128/><V42/><F6/><W55/><G132/><T97/><D129/><U41/><E73/><V40/><F63/><W118/><G118/><T74/><D74/><U80/><E65/><V64/><F64/><W56/><G110/><T115/><D115/><U76/><E22/><V50/><F26/><W90/><REACH who="3" step="1"/><G102/><REACH who="3" ten="245,286,222,237" step="2"/><T39/><D108/><U53/><E76/><V43/><F78/><W117/><G117/><T5/><D103/><U30/><E30/><V123/><F123/><W62/><G62/><T104/><D60/><U133/><E133/><V38/><F38/><W106/><G106/><T4/><D39/><U75/><E75/><V112/><F112/><W120/><G120/><T19/><D104/><U89/><E101/><V21/><F105/><W11/><G11/><T37/><D37/><U23/><E36/><V109/><F109/><W113/><G113/><T3/><D29/><U107/><E107/><V17/><F98/><W114/><G114/><T135/><D135/><U18/><E10/><V58/><F50/><W131/><G131/><T47/><D97/><U111/><E111/><V94/><REACH who="2" step="1"/><F58/><REACH who="2" ten="245,286,212,237" step="2"/><W79/><G79/><T67/><D96/><N who="1" m="57359" /><E59/><V49/><F49/><W124/><G124/><T122/><D122/><U82/><E77/><V52/><F52/><AGARI ba="0,2" hai="27,31,34,45,48,52,55,56,61,68,69,70,90,91" machi="52" ten="40,3900,0" yaku="1,1,54,1,53,0" doraHai="83" doraHaiUra="2" who="3" fromWho="2" sc="245,0,286,0,212,-39,237,59" /><INIT seed="3,1,0,0,4,22" ten="245,286,173,296" oya="3" hai0="93,125,34,95,114,111,90,49,9,15,55,80,130" hai1="54,3,33,69,66,129,135,12,108,20,105,122,48" hai2="45,89,71,1,13,4,47,56,117,27,70,40,74" hai3="128,96,86,97,99,109,17,101,59,131,121,132,134"/><W68/><G121/><T62/><D34/><U2/><E122/><V124/><F74/><W92/><G68/><T6/><D114/><U32/><E105/><V78/><F117/><W110/><G59/><T84/><D130/><N who="3" m="49705" /><G17/><T67/><D125/><U106/><E106/><V37/><F1/><W51/><G51/><T7/><D7/><U98/><E129/><V36/><F124/><W104/><G86/><T52/><D111/><N who="3" m="42505" /><G99/><T102/><D102/><AGARI ba="1,0" hai="92,96,97,101,102,104,132,134" m="42505,49705" machi="102" ten="40,12000,1" yaku="19,1,14,1,10,1,34,2" doraHai="22" who="3" fromWho="0" sc="245,-123,286,0,173,0,296,123" owari="122,-38.0,286,9.0,173,-23.0,419,52.0" /></mjloggm>