<mjloggm ver="2.3"><GO type="97" lobby="0"/><UN n0="%28%C2%B4%E3%83%BB%CF%89%E3%83%BB%29%EF%BC%8F" n1="%E3%81%A7%E3%82%93%E3%81%A7%E3%82%93%E8%99%AB" n2="%E3%82%AB%E3%83%AA%E3%83%96%E6%88%B8%E7%94%B0" n3="%E5%B0%B1%E6%B4%BB%E7%94%9F%40%E5%B7%9D%E6%9D%91%E8%BB%8D%E5%9B%A3" dan="13,13,13,15" rate="1854.22,1858.69,2007.05,1953.38" sx="M,F,M,M"/><TAIKYOKU oya="0"/><INIT seed="0,0,0,2,0,94" ten="250,250,250,250" oya="0" hai0="59,25,95,64,73,39,14,5,29,1,79,91,102" hai1="83,90,122,24,57,58,107,132,17,31,80,113,101" hai2="118,114,19,11,131,51,81,86,111,40,124,88,109" hai3="36,126,37,30,119,2,74,12,9,135,106,52,67"/><T10/><D39/><U89/><E122/><V84/><F40/><W69/><G2/><T43/><D102/><U4/><E132/><V32/><F32/><W48/><G106/><T60/><D43/><U87/><E113/><V46/><F46/><W125/><G74/><T38/><D38/><U115/><E115/><V18/><F114/><W104/><G119/><T54/><D73/><U108/><E108/><N who="2" m="41547" /><F51/><W85/><G30/><T8/><D79/><U93/><E107/><V98/><F11/><W120/><G104/><T23/><D64/><U47/><E4/><V6/><F6/><W61/><G85/><T68/><D68/><U97/><E17/><N who="2" m="6155" /><F118/><W33/><G33/><T0/><D10/><U92/><E47/><V116/><F116/><W103/><G135/><T133/><D133/><U7/><E7/><V71/><F71/><W130/><G120/><T82/><D82/><U49/><E49/><V123/><F123/><W20/><G37/><T45/><D45/><U28/><E28/><V127/><F131/><W21/><G36/><T100/><D100/><U50/><E50/><V129/><F129/><W128/><G103/><T112/><D112/><U65/><E65/><V22/><F22/><N who="3" m="8811" /><G130/><T76/><D76/><U75/><E75/><V99/><F86/><AGARI ba="0,0" hai="0,1,5,8,14,23,25,29,54,59,60,86,91,95" machi="86" ten="30,1500,0" yaku="7,1" doraHai="94" who="0" fromWho="2" sc="250,15,250,0,250,-15,250,0" /><INIT seed="0,1,0,1,5,129" ten="265,250,235,250" oya="0" hai0="113,134,37,121,0,130,47,133,94,87,79,111,52" hai1="127,108,59,8,39,46,45,92,135,73,81,83,101" hai2="91,68,48,9,75,33,11,131,96,128,122,34,4" hai3="76,67,114,16,17,106,105,60,117,1,5,55,58"/><T41/><D121/><U43/><E108/><V95/><F122/><W49/><G117/><T109/><D113/><U19/><E127/><V53/><F68/><W82/><G114/><T84/><D0/><U125/><E125/><V86/><F75/><W21/><G1/><T25/><D25/><U57/><E46/><V65/><F65/><W99/><G5/><T77/><D130/><N who="2" m="49706" /><F96/><W72/><G99/><T18/><D18/><U20/><E8/><N who="2" m="3147" /><F4/><W107/><REACH who="3" step="1"/><G21/><REACH who="3" ten="265,250,235,240" step="2"/><T12/><D12/><U71/><E71/><AGARI ba="1,1" hai="16,17,49,55,58,60,67,71,72,76,82,105,106,107" machi="71" ten="40,8000,1" yaku="1,1,2,1,54,1,53,1" doraHai="129" doraHaiUra="66" who="3" fromWho="1" sc="265,0,250,-83,235,0,240,93" /><INIT seed="1,0,0,5,2,9" ten="265,167,235,333" oya="1" hai0="94,23,85,86,63,110,43,113,0,109,76,26,1" hai1="41,39,69,72,107,50,66,126,84,12,30,32,117" hai2="5,17,124,75,61,102,68,78,47,82,122,135,11" hai3="121,77,53,111,18,88,2,89,98,8,55,65,96"/><U129/><E72/><V44/><F122/><W19/><G121/><T97/><D113/><U101/><E117/><V115/><F135/><W128/><G128/><T7/><D7/><U91/><E129/><V48/><F115/><W134/><G134/><T40/><D63/><N who="1" m="40159" /><E50/><V90/><F124/><W42/><G111/><N who="0" m="42507" /><D40/><U37/><E41/><V104/><F17/><W51/><G65/><T127/><D43/><U103/><E103/><V132/><F132/><W99/><G77/><T92/><D127/><U106/><E106/><V118/><F118/><W59/><G42/><T108/><D94/><N who="1" m="54631" /><E12/><V67/><F48/><N who="3" m="31143" /><G2/><N who="0" m="1131" /><D76/><U58/><E58/><V45/><F90/><N who="3" m="34923" /><G8/><T93/><N who="0" m="42515" /><T20/><DORA hai="46" /><D20/><U25/><E126/><V4/><REACH who="2" step="1"/><F11/><REACH who="2" ten="265,167,225,333" step="2"/><W123/><G123/><T34/><D97/><AGARI ba="0,1" hai="25,30,32,37,39,97,101,107" m="54631,40159" machi="97" ten="30,1500,0" yaku="25,1" doraHai="9,46" who="1" fromWho="0" sc="265,-15,167,25,225,0,333,0" /><AGARI ba="0,0" hai="4,5,44,45,47,61,67,68,75,78,82,97,102,104" machi="97" ten="40,2600,0" yaku="1,1,2,1,53,0" doraHai="9,46" doraHaiUra="114,80" who="2" fromWho="0" sc="250,-26,192,0,225,26,333,0" /><INIT seed="1,1,0,3,4,101" ten="224,192,251,333" oya="1" hai0="58,16,35,31,99,7,9,39,34,10,19,110,111" hai1="118,104,33,102,11,90,76,82,75,66,15,23,63" hai2="78,132,97,83,59,119,88,85,115,98,100,68,69" hai3="70,55,92,62,73,84,49,105,8,64,86,6,129"/><U106/><E118/><V50/><F119/><W128/><G73/><T20/><D39/><U117/><E33/><N who="0" m="12297" /><D99/><U56/><E117/><V29/><F115/><W93/><G105/><T81/><D58/><U60/><E102/><V123/><F123/><W91/><G86/><T2/><D81/><U126/><E126/><V80/><F132/><W67/><G93/><T47/><D47/><U5/><E90/><V122/><F29/><W27/><G27/><N who="0" m="16871" /><D110/><U57/><REACH who="1" step="1"/><E23/><REACH who="1" ten="224,182,251,333" step="2"/><V79/><F122/><W24/><G91/><T30/><D30/><U113/><E113/><V26/><F100/><W38/><G128/><T131/><D111/><U13/><E13/><V14/><F14/><W18/><G129/><T124/><D124/><U130/><E130/><V54/><F26/><W116/><G24/><T107/><D107/><U94/><E94/><V135/><F135/><W21/><G92/><T41/><D131/><U72/><E72/><V42/><F88/><W17/><G116/><T125/><D125/><U52/><AGARI ba="1,1" hai="5,11,15,52,56,57,60,63,66,75,76,82,104,106" machi="52" ten="20,18000,2" yaku="1,1,0,1,7,1,52,2,54,1,53,0" doraHai="101" doraHaiUra="120" who="1" fromWho="1" sc="224,-61,182,193,251,-61,333,-61" /><INIT seed="1,2,0,2,4,51" ten="163,375,190,272" oya="1" hai0="61,73,34,115,101,16,112,38,45,119,126,74,71" hai1="69,17,30,132,85,125,100,104,70,107,83,27,99" hai2="78,10,128,6,8,68,5,111,59,94,33,77,122" hai3="55,92,12,66,26,60,53,114,11,37,57,47,14"/><U82/><E132/><V49/><F68/><W97/><G114/><T79/><D16/><U3/><E3/><V9/><F33/><W108/><G108/><T118/><D101/><U44/><E125/><V58/><F122/><W91/><G37/><T124/><D34/><U40/><E107/><V50/><F111/><W103/><G47/><T63/><D79/><N who="2" m="30218" /><F94/><N who="3" m="58807" /><G26/><T0/><D0/><U135/><E135/><V56/><F128/><W46/><G46/><T89/><D89/><U7/><E7/><AGARI ba="2,0" hai="5,6,7,8,9,10,49,50,56,58,59" m="30218" machi="7" ten="40,5200,0" yaku="28,2,8,1" doraHai="51" who="2" fromWho="1" sc="163,0,375,-58,190,58,272,0" /><INIT seed="2,0,0,4,2,78" ten="163,317,248,272" oya="2" hai0="21,18,76,51,36,109,15,126,52,62,39,2,43" hai1="77,118,72,127,101,17,53,83,88,8,57,106,116" hai2="70,68,92,29,65,14,122,125,117,74,124,41,3" hai3="63,59,114,10,58,103,24,60,42,46,113,85,32"/><V16/><F122/><W0/><G103/><T131/><D2/><U90/><E8/><V130/><F74/><W66/><G32/><T81/><D109/><U27/><E27/><V121/><F121/><W132/><G24/><T82/><D126/><N who="2" m="48746" /><F117/><N who="1" m="45161" /><E17/><V55/><F130/><W33/><G33/><T25/><D131/><U20/><E20/><N who="2" m="11287" /><F3/><W56/><G10/><T37/><D62/><N who="3" m="23593" /><G85/><T112/><D112/><N who="3" m="43113" /><G0/><T4/><D76/><N who="1" m="44423" /><E53/><V48/><F65/><W129/><G129/><T79/><D79/><U64/><E57/><N who="2" m="32999" /><F29/><W123/><G123/><T61/><D61/><U93/><E64/><V89/><F41/><W91/><G66/><T11/><REACH who="0" step="1"/><D43/><REACH who="0" ten="153,317,248,272" step="2"/><U31/><E77/><V6/><F6/><W107/><G42/><T7/><D7/><U9/><E127/><V134/><F134/><W69/><G132/><T38/><N who="0" m="9728" /><DORA hai="110" /><T80/><D80/><U104/><E31/><V54/><F54/><W84/><G69/><T94/><D94/><U108/><E108/><V71/><F71/><W73/><G107/><N who="1" m="41002" /><E9/><V100/><F100/><W22/><G73/><T30/><D30/><U86/><E101/><V67/><F67/><W49/><G22/><T120/><D120/><U99/><E99/><AGARI ba="0,1" hai="68,70,89,92,99" m="32999,11287,48746" machi="99" ten="30,2900,0" yaku="18,1,54,1" doraHai="78,110" who="2" fromWho="1" sc="153,0,317,-29,248,39,272,0" /><INIT seed="2,1,0,0,2,96" ten="153,288,287,272" oya="2" hai0="31,71,130,50,35,75,106,42,27,128,89,3,135" hai1="60,91,68,57,64,47,12,5,82,101,49,9,107" hai2="134,87,21,8,81,48,37,83,26,113,99,67,117" hai3="0,94,38,84,92,127,114,125,77,133,34,129,10"/><V20/><F117/><W19/><G34/><T1/><D75/><U23/><E68/><V104/><F113/><W76/><G38/><T100/><D71/><U13/><E107/><V79/><F37/><W33/><G33/><T53/><D89/><U119/><E119/><V51/><F134/><W54/><G114/><T28/><D28/><U86/><E23/><V85/><F67/><W32/><G32/><T123/><D123/><U121/><E121/><V4/><F99/><W25/><G133/><T56/><D42/><U105/><E105/><V17/><F21/><W43/><G43/><T70/><D70/><U44/><E13/><V111/><F104/><W36/><G36/><T80/><D80/><U132/><E132/><V30/><F30/><W109/><G109/><T59/><D135/><U61/><E61/><V103/><F103/><W22/><G129/><N who="0" m="49771" /><D56/><U118/><E118/><V112/><F111/><W45/><G0/><T29/><D29/><U124/><E124/><N who="3" m="47690" /><G10/><T74/><D74/><U126/><E126/><V73/><F112/><W11/><G11/><T88/><D88/><U55/><E44/><V95/><F95/><N who="3" m="36395" /><G84/><T66/><D66/><U93/><E93/><V120/><F120/><W40/><G40/><T52/><D53/><U90/><E90/><V39/><F39/><W6/><G6/><T72/><D72/><U46/><E46/><V2/><REACH who="2" step="1"/><F73/><REACH who="2" ten="153,288,277,272" step="2"/><W14/><G25/><T122/><D122/><U102/><AGARI ba="1,1" hai="5,9,12,47,49,55,57,60,64,82,86,91,101,102" machi="102" ten="30,7900,0" yaku="0,1,8,1,52,2" doraHai="96" who="1" fromWho="1" sc="153,-21,288,92,277,-40,272,-21" /><INIT seed="3,0,0,3,0,72" ten="132,380,237,251" oya="3" hai0="70,24,75,64,58,46,114,83,14,135,103,16,53" hai1="66,60,84,113,109,21,115,47,93,85,95,57,133" hai2="34,67,116,82,86,101,37,73,55,15,25,110,4" hai3="7,5,40,48,128,29,1,3,51,122,100,89,102"/><W61/><G122/><T65/><D70/><U36/><E133/><V20/><F116/><W87/><G128/><T129/><D114/><U94/><E109/><V127/><F37/><W76/><G29/><T6/><D129/><U39/><E21/><V32/><F73/><W30/><G30/><T108/><D108/><U74/><E74/><V54/><F110/><W126/><G126/><T91/><D135/><U13/><E13/><V104/><F127/><W0/><G61/><T120/><D120/><U52/><E66/><V77/><F67/><W97/><G76/><T11/><D75/><U132/><E132/><V10/><F104/><W107/><G100/><T22/><D103/><U92/><E92/><V96/><F96/><W42/><G51/><T19/><D6/><U121/><E121/><V78/><F101/><W49/><G49/><T69/><D69/><U118/><E118/><V23/><F23/><W38/><G48/><T2/><D2/><U99/><E99/><V33/><REACH who="2" step="1"/><F78/><REACH who="2" ten="132,380,227,251" step="2"/><W112/><G112/><T62/><REACH who="0" step="1"/><D46/><REACH who="0" ten="122,380,227,251" step="2"/><U50/><E36/><V88/><F88/><W27/><G3/><T8/><D8/><U111/><E39/><V134/><F134/><W80/><G1/><T12/><D12/><U28/><E111/><V26/><F26/><W123/><G38/><T63/><D63/><U79/><E115/><V18/><AGARI ba="0,2" hai="4,10,15,18,20,25,32,33,34,54,55,77,82,86" machi="18" ten="30,4000,0" yaku="1,1,0,1,52,1,53,0" doraHai="72" doraHaiUra="130" who="2" fromWho="2" sc="122,-10,380,-10,227,60,251,-20" owari="112,-39.0,370,47.0,287,9.0,231,-17.0" /></mjloggm>