<mjloggm ver="2.3"><GO type="41" lobby="0"/><UN n0="%E3%81%86%E3%81%88%E3%81%8D%E3%81%A1" n1="%6B%65%69%2D%6B%65%69" n2="%E6%9C%A8%E7%9F%B3%E6%9C%A8%E7%9B%B4" n3="%E5%B0%B1%E6%B4%BB%E7%94%9F%40%E5%B7%9D%E6%9D%91%E8%BB%8D%E5%9B%A3" dan="13,15,13,15" rate="1863.74,1955.25,1865.73,2018.49" sx="M,M,M,M"/><TAIKYOKU oya="0"/><INIT seed="0,0,0,3,0,26" ten="250,250,250,250" oya="0" hai0="5,44,27,28,130,104,115,22,36,114,2,25,18" hai1="92,42,16,89,71,101,3,77,31,0,21,55,124" hai2="35,76,52,38,84,134,68,81,64,50,102,10,13" hai3="126,109,6,48,17,85,46,12,39,59,97,125,29"/><T73/><BYE who="3" /><D104/><UN n3="%E5%B0%B1%E6%B4%BB%E7%94%9F%40%E5%B7%9D%E6%9D%91%E8%BB%8D%E5%9B%A3" /><U40/><E71/><V132/><F35/><W1/><G39/><T100/><D73/><U23/><E124/><V118/><F38/><W82/><G109/><T66/><D100/><U56/><E77/><V99/><F118/><W113/><G113/><N who="0" m="43019" /><D66/><U19/><E0/><V87/><F68/><W93/><G6/><T63/><D63/><N who="1" m="36255" /><E3/><V9/><F64/><W119/><G1/><T45/><D36/><U122/><E101/><V90/><F134/><W108/><G108/><T20/><D44/><U41/><E122/><V33/><F33/><W128/><G119/><T70/><D45/><U120/><E120/><V11/><F132/><W37/><G37/><T131/><D70/><U116/><E116/><V69/><F69/><W95/><G128/><N who="0" m="49195" /><D2/><U98/><E21/><V105/><F84/><W88/><G59/><T112/><N who="0" m="43027" /><T83/><DORA hai="32" /><D83/><U80/><E80/><V79/><REACH who="2" step="1"/><F13/><REACH who="2" ten="250,250,240,250" step="2"/><W74/><G74/><T62/><D62/><U107/><E107/><V75/><F75/><W72/><G72/><T111/><D111/><U94/><E94/><V43/><F43/><W58/><G95/><T67/><D67/><U54/><E54/><V106/><F106/><W135/><G135/><T60/><D60/><U53/><E53/><V91/><F91/><N who="3" m="51639" /><G125/><T78/><D78/><U15/><E15/><V7/><F7/><AGARI ba="0,1" hai="5,7,18,20,22,25,27,28" m="49195,43027" machi="7" ten="50,12000,1" yaku="19,1,34,2,52,1" doraHai="26,32" who="0" fromWho="2" sc="250,130,250,0,240,-120,250,0" /><INIT seed="0,1,0,3,3,83" ten="380,250,120,250" oya="0" hai0="118,41,112,129,44,10,96,125,79,24,20,126,115" hai1="14,53,32,30,102,19,8,72,70,111,92,58,28" hai2="18,116,37,48,29,134,4,26,51,91,114,84,124" hai3="131,97,113,21,73,47,57,9,88,25,82,110,66"/><T135/><D118/><U60/><E70/><V119/><F37/><W5/><G113/><T59/><D135/><U77/><E32/><V98/><F114/><W120/><G120/><T74/><D129/><U90/><E111/><V40/><F40/><W46/><G131/><T31/><D96/><U52/><E102/><V117/><F134/><W0/><G110/><T109/><D59/><U106/><E106/><V75/><F75/><W3/><G3/><T7/><D109/><U45/><E72/><V123/><F123/><W76/><G66/><T33/><D33/><U27/><E77/><V13/><F124/><N who="0" m="47722" /><D79/><U86/><E27/><V101/><F4/><W108/><G108/><T56/><D56/><N who="1" m="34823" /><E45/><V63/><F63/><AGARI ba="1,0" hai="8,14,19,28,30,53,58,63,86,90,92" m="34823" machi="63" ten="30,3900,0" yaku="8,1,52,1,54,1" doraHai="83" who="1" fromWho="2" sc="380,0,250,42,120,-42,250,0" /><INIT seed="1,0,0,5,3,54" ten="380,292,78,250" oya="1" hai0="73,52,132,127,47,17,88,4,131,31,12,74,110" hai1="27,109,89,71,66,25,15,91,106,20,48,87,63" hai2="95,65,7,26,56,111,18,24,61,29,114,107,33" hai3="81,134,34,68,14,86,42,77,100,118,28,122,105"/><U112/><E112/><V9/><F107/><W130/><G68/><T103/><D110/><U13/><E106/><V102/><F114/><W8/><G122/><T84/><D4/><U69/><E109/><V59/><F111/><W125/><G118/><T80/><D127/><U1/><E1/><V38/><F38/><W49/><G130/><T75/><D131/><U41/><E71/><V92/><F102/><W119/><G119/><T16/><D132/><U36/><E36/><V58/><F24/><W79/><G125/><T116/><D116/><U97/><E97/><V0/><REACH who="2" step="1"/><F18/><REACH who="2" ten="380,292,68,250" step="2"/><W44/><G105/><T19/><D103/><U101/><E27/><V60/><F60/><W6/><G100/><T43/><D31/><U93/><E101/><V67/><F67/><W120/><G120/><T94/><D19/><U40/><E63/><V10/><F10/><W128/><G128/><T57/><D17/><U104/><E104/><V82/><F82/><W3/><G134/><T2/><D80/><U99/><E66/><V98/><F98/><W37/><G37/><T64/><D64/><U124/><E124/><V50/><F50/><W72/><G34/><T35/><D35/><U5/><E48/><V96/><F96/><W45/><G28/><T30/><D30/><U108/><E108/><V32/><F32/><W21/><G8/><T23/><D23/><U76/><E20/><V51/><F51/><W70/><G81/><T55/><D94/><AGARI ba="0,1" hai="0,7,9,26,29,33,56,58,59,61,65,92,94,95" machi="94" ten="40,8000,1" yaku="1,1,52,3,53,0" doraHai="54" doraHaiUra="129" who="2" fromWho="0" sc="380,-80,292,0,68,90,250,0" /><INIT seed="2,0,0,5,1,26" ten="300,292,158,250" oya="2" hai0="68,5,116,83,65,80,9,77,28,52,91,71,24" hai1="66,74,93,112,51,110,126,94,85,67,43,47,135" hai2="44,95,104,59,133,48,0,111,102,118,82,131,61" hai3="18,30,12,20,41,1,72,100,120,10,7,78,69"/><V113/><F0/><W54/><G69/><T22/><D116/><U128/><E74/><V19/><F113/><W63/><G120/><T53/><D83/><U25/><E112/><V86/><F118/><W88/><G100/><T90/><D68/><U56/><E135/><V73/><F73/><W109/><G109/><T89/><D71/><U17/><E110/><V34/><F34/><W122/><G122/><T75/><REACH who="0" step="1"/><D65/><REACH who="0" ten="290,292,158,250" step="2"/><U8/><E67/><V98/><F133/><W33/><G72/><T117/><D117/><U13/><E126/><V38/><F111/><W106/><G78/><T121/><D121/><U37/><E128/><V84/><F131/><W107/><G41/><T58/><D58/><U81/><E37/><V21/><F38/><W49/><G63/><T92/><D92/><U36/><E36/><V6/><F95/><W50/><G106/><T70/><D70/><U45/><E66/><V23/><F82/><W14/><G107/><T4/><D4/><U124/><E56/><V125/><F6/><W105/><G105/><T60/><D60/><U130/><E124/><V46/><F125/><W3/><G50/><T97/><D97/><U96/><E130/><V76/><F48/><W132/><G132/><T35/><D35/><U108/><E96/><V62/><F62/><W57/><G33/><T127/><D127/><U2/><E108/><V15/><F76/><W64/><G64/><T40/><D40/><U103/><E93/><V79/><F79/><W134/><G134/><T39/><D39/><U101/><E94/><V42/><F42/><W115/><G57/><RYUUKYOKU ba="0,1" sc="290,30,292,-10,158,-10,250,-10" hai0="5,9,22,24,28,52,53,75,77,80,89,90,91" /><INIT seed="3,1,1,0,1,135" ten="320,282,148,240" oya="3" hai0="68,90,31,112,73,18,42,40,60,51,79,77,66" hai1="28,102,127,124,1,95,115,17,110,8,25,125,37" hai2="99,105,71,47,116,119,46,76,72,22,33,69,41" hai3="122,4,36,120,129,19,48,20,15,52,21,38,35"/><W2/><G35/><T61/><D112/><U57/><E37/><V117/><F33/><W88/><G129/><T94/><D31/><U106/><E115/><V113/><F113/><W3/><G36/><T11/><D61/><U93/><E110/><V134/><F134/><W83/><G38/><T82/><D77/><U89/><E57/><V133/><F133/><W63/><G63/><T78/><D78/><U67/><E67/><V24/><F76/><W13/><G122/><T132/><D132/><U109/><E109/><V74/><F46/><W23/><G120/><T128/><D128/><U6/><E17/><V26/><F105/><W108/><G108/><T101/><D101/><U27/><E89/><V30/><F99/><W100/><G100/><T104/><D104/><U0/><E0/><V81/><F81/><W29/><G29/><T58/><D11/><U75/><E75/><V5/><F5/><W14/><G4/><T56/><D18/><U50/><E50/><V59/><F59/><W85/><REACH who="3" step="1"/><G19/><REACH who="3" ten="320,282,148,230" step="2"/><T44/><REACH who="0" step="1"/><D40/><REACH who="0" ten="310,282,148,230" step="2"/><U123/><E123/><V87/><F117/><W49/><G49/><T53/><D53/><U130/><E130/><V96/><F119/><W39/><G39/><T7/><D7/><U91/><E28/><V32/><F30/><W45/><AGARI ba="1,3" hai="2,3,13,14,15,20,21,23,45,48,52,83,85,88" machi="45" ten="30,11700,0" yaku="1,1,0,1,54,2,53,0" doraHai="135" doraHaiUra="103" who="3" fromWho="3" sc="310,-40,282,-40,148,-40,230,150" /><INIT seed="3,2,0,3,0,67" ten="270,242,108,380" oya="3" hai0="57,26,9,75,74,4,85,95,132,97,61,117,64" hai1="55,96,88,45,72,66,40,126,76,131,17,113,44" hai2="134,32,123,60,107,94,7,80,25,118,93,36,121" hai3="21,122,6,127,2,11,18,105,39,10,42,124,91"/><W108/><G105/><T1/><D117/><U15/><E113/><V49/><F36/><W5/><G39/><T71/><D132/><U12/><E131/><V130/><F107/><W119/><G42/><T34/><D85/><U35/><E35/><V51/><F118/><W83/><G83/><T53/><D34/><U82/><E126/><N who="3" m="48170" /><G91/><T103/><REACH who="0" step="1"/><D26/><REACH who="0" ten="260,242,108,380" step="2"/><U30/><E72/><V65/><F134/><W62/><G119/><T48/><AGARI ba="2,1" hai="1,4,9,48,53,57,61,64,71,74,75,95,97,103" machi="48" ten="20,8000,1" yaku="1,1,2,1,0,1,7,1,52,1,53,0" doraHai="67" doraHaiUra="116" who="0" fromWho="0" sc="260,96,242,-22,108,-22,380,-42" /><INIT seed="4,0,0,2,0,80" ten="356,220,86,338" oya="0" hai0="7,81,114,8,50,111,14,12,123,42,46,135,82" hai1="130,83,77,112,54,89,34,129,3,6,66,31,94" hai2="24,104,19,93,85,49,119,2,30,113,105,79,99" hai3="61,65,101,109,64,127,52,25,97,41,29,132,58"/><T26/><D123/><U96/><E66/><V120/><F2/><W5/><G109/><T9/><D111/><U98/><E34/><V91/><F120/><W90/><G127/><T47/><D114/><U87/><E31/><V0/><F0/><W126/><G126/><T20/><D135/><U40/><E40/><V32/><F119/><W116/><G116/><T110/><D110/><U84/><E6/><V36/><F36/><W128/><G132/><T15/><D15/><U10/><E10/><V28/><F113/><W18/><G5/><T1/><D1/><U134/><E54/><V51/><F28/><W56/><G41/><T86/><D47/><U48/><E48/><V38/><F38/><W57/><G18/><T67/><D67/><U76/><E3/><V124/><F124/><W117/><G117/><T131/><D131/><N who="1" m="50187" /><E134/><V78/><F19/><W73/><G73/><T121/><D121/><U33/><E33/><V53/><F49/><W107/><G128/><T68/><D68/><U106/><E112/><V37/><F37/><W115/><G115/><T39/><D81/><N who="1" m="47143" /><E106/><V70/><F70/><W35/><G65/><T95/><D95/><U45/><E45/><V92/><F105/><W60/><G58/><T17/><D39/><U4/><E4/><V88/><REACH who="2" step="1"/><F104/><REACH who="2" ten="356,220,76,338" step="2"/><W125/><G125/><T27/><REACH who="0" step="1"/><D9/><REACH who="0" ten="346,220,76,338" step="2"/><U59/><E59/><AGARI ba="0,2" hai="24,30,32,51,53,59,78,79,85,88,91,92,93,99" machi="59" ten="30,8000,1" yaku="1,1,2,1,7,1,52,1,54,1,53,0" doraHai="80" doraHaiUra="71" who="2" fromWho="1" sc="346,0,220,-80,76,100,338,0" /><INIT seed="5,0,0,3,0,80" ten="346,140,176,338" oya="1" hai0="57,76,19,45,88,121,24,78,21,38,110,101,13" hai1="118,103,75,51,126,58,9,99,61,10,36,130,54" hai2="109,49,43,59,79,133,14,27,83,116,134,22,114" hai3="42,73,71,89,69,60,94,97,104,25,84,93,70"/><U92/><E75/><V50/><F116/><W117/><G117/><T53/><D110/><U31/><E118/><V8/><F109/><W3/><G3/><T32/><D101/><U30/><E130/><V106/><F106/><W17/><G73/><T102/><D102/><U15/><E126/><V16/><F114/><W132/><G132/><N who="2" m="50793" /><F43/><W28/><G104/><T77/><D121/><U127/><E36/><V5/><F59/><W29/><G42/><T119/><D119/><U55/><E127/><V66/><F66/><W100/><G60/><T63/><D32/><U108/><E108/><V7/><F5/><W95/><G17/><T113/><D113/><U18/><E9/><V68/><F68/><W124/><G124/><T98/><D38/><U91/><REACH who="1" step="1"/><E103/><REACH who="1" ten="346,130,176,338" step="2"/><V87/><AGARI ba="0,1" hai="7,8,14,16,22,27,49,50,79,83,87" m="50793" machi="87" ten="30,4000,0" yaku="20,1,52,1,54,1" doraHai="80" who="2" fromWho="2" sc="346,-10,130,-20,176,50,338,-10" /><INIT seed="6,0,0,5,1,74" ten="336,110,226,328" oya="2" hai0="21,129,53,63,123,41,69,40,18,117,111,98,67" hai1="95,62,80,45,115,10,33,37,60,133,73,85,68" hai2="119,35,97,46,51,47,22,36,50,58,127,61,100" hai3="76,109,96,128,57,88,114,122,79,72,3,81,23"/><V20/><F35/><W56/><G3/><T71/><D111/><U32/><E73/><V103/><F119/><W7/><G109/><T49/><D123/><U75/><E75/><V30/><F36/><W17/><G122/><T112/><D117/><U27/><E133/><V55/><F127/><W92/><G128/><T86/><D129/><U31/><E115/><V135/><F135/><W124/><G124/><T38/><D112/><U126/><E68/><V14/><F14/><N who="3" m="9655" /><G72/><T130/><D130/><U65/><E126/><V104/><F100/><N who="3" m="60423" /><G7/><T84/><D71/><U64/><E33/><V106/><F104/><W8/><G8/><T110/><D110/><U5/><E95/><V44/><REACH who="2" step="1"/><F20/><REACH who="2" ten="336,110,216,328" step="2"/><W19/><G114/><T24/><D38/><U93/><E64/><V42/><F42/><W131/><G131/><T2/><D41/><U15/><E65/><V52/><F52/><W9/><G57/><T43/><D40/><U12/><E37/><V108/><F108/><W105/><G56/><T59/><D43/><U94/><E45/><V28/><F28/><W0/><G105/><T90/><D2/><U29/><E31/><V11/><F11/><W87/><G0/><T83/><D67/><U70/><E15/><AGARI ba="0,1" hai="9,15,19,76,79,81,87,88" m="60423,9655" machi="15" ten="30,7700,0" yaku="8,1,52,2,54,1" doraHai="74" who="3" fromWho="1" sc="336,0,110,-77,216,0,328,87" /><INIT seed="7,0,0,0,3,10" ten="336,33,216,415" oya="3" hai0="109,61,37,23,19,105,72,113,54,74,76,100,86" hai1="42,56,41,135,75,67,85,30,77,64,3,95,118" hai2="63,25,96,103,114,26,93,27,1,92,117,20,119" hai3="5,131,104,97,108,133,57,14,17,80,6,66,71"/><W78/><G71/><T110/><D37/><U28/><E75/><V39/><F39/><W129/><G108/><T106/><D109/><U13/><E118/><V40/><F40/><W84/><G133/><T122/><D110/><U125/><E135/><V55/><F1/><W69/><G69/><T115/><D122/><U79/><E125/><V52/><F114/><N who="0" m="43530" /><D61/><U9/><E3/><V45/><F119/><W128/><G104/><N who="0" m="40043" /><D54/><U16/><E42/><V44/><F117/><W89/><G66/><T22/><D19/><U18/><E41/><V49/><F92/><N who="3" m="56463" /><G57/><T134/><D134/><U2/><E2/><V35/><F35/><W58/><G58/><T90/><D22/><AGARI ba="0,0" hai="5,6,14,17,22,78,80,84,128,129,131" m="56463" machi="22" ten="30,2900,0" yaku="19,1,52,1" doraHai="10" who="3" fromWho="0" sc="336,-29,33,0,216,0,415,29" owari="307,11.0,33,-47.0,216,-18.0,444,54.0" /></mjloggm>