<mjloggm ver="2.3"><GO type="41" lobby="0"/><UN n0="%E5%B0%B1%E6%B4%BB%E7%94%9F%40%E5%B7%9D%E6%9D%91%E8%BB%8D%E5%9B%A3" n1="%E3%81%8C%E3%82%8A%E3%81%8C%E3%82%8A%E2%98%86%E3%82%AC%E3%83%AA%E3%83%BC" n2="%47%65%6E%2F%67%65%6E" n3="%33%7A%75" dan="15,15,14,15" rate="2080.38,2030.04,1956.22,1987.64" sx="M,M,M,M"/><TAIKYOKU oya="0"/><INIT seed="0,0,0,4,3,7" ten="250,250,250,250" oya="0" hai0="15,108,61,109,38,49,21,19,31,50,30,110,120" hai1="34,46,73,118,123,32,76,43,54,134,56,82,10" hai2="97,135,35,105,5,69,100,8,96,22,0,44,52" hai3="68,122,64,27,83,13,74,66,12,18,14,102,89"/><T95/><D38/><U26/><E118/><V81/><F35/><W75/><G122/><T85/><D120/><U53/><E123/><V25/><F69/><W20/><G102/><T2/><D2/><U16/><E134/><V62/><F135/><W40/><G40/><T106/><D106/><U58/><E58/><V125/><F125/><W99/><G68/><T129/><D129/><U37/><E54/><V132/><F132/><W47/><G47/><T130/><D130/><U65/><E65/><V103/><F81/><W117/><G117/><T128/><D61/><U93/><E93/><V78/><F78/><W124/><G124/><T72/><D72/><U116/><E116/><V3/><F3/><W107/><G107/><T91/><D128/><U4/><E26/><V115/><F115/><W57/><G57/><T131/><D131/><U33/><E16/><V11/><F62/><W88/><G75/><T112/><D112/><U121/><E121/><V77/><F5/><W42/><G42/><T79/><D79/><U114/><E114/><V80/><F0/><W94/><G74/><T113/><D113/><U24/><E24/><V59/><F59/><W63/><G63/><T127/><D127/><U70/><E70/><V23/><F25/><W84/><AGARI ba="0,0" hai="12,13,14,18,20,27,64,66,83,84,88,89,94,99" machi="84" ten="30,4000,0" yaku="0,1,8,1,54,1" doraHai="7" who="3" fromWho="3" sc="250,-20,250,-10,250,-10,250,40" /><INIT seed="1,0,0,5,2,46" ten="230,240,240,290" oya="1" hai0="13,63,51,85,95,36,124,101,129,125,92,99,62" hai1="97,74,64,131,122,90,115,67,52,117,3,86,50" hai2="61,135,100,6,54,12,66,133,4,42,121,30,112" hai3="114,82,8,20,26,2,103,18,57,70,45,113,44"/><U65/><E115/><V79/><F42/><W25/><G70/><T130/><D36/><U34/><E117/><V96/><F121/><W55/><G103/><T71/><D71/><U120/><E74/><V23/><F79/><W11/><G82/><T89/><D13/><U83/><E3/><V43/><F43/><W1/><G45/><T29/><D29/><U134/><E34/><V27/><F54/><W38/><G44/><T76/><D76/><U48/><E134/><N who="2" m="51211" /><F12/><W9/><G38/><T69/><D51/><U10/><E131/><N who="0" m="50185" /><D69/><U60/><E120/><V56/><F112/><W28/><G55/><T119/><D119/><U109/><E109/><V0/><F0/><N who="3" m="107" /><G57/><T75/><D75/><U126/><E122/><V40/><F40/><W5/><G114/><T59/><D59/><N who="1" m="34919" /><E126/><AGARI ba="0,0" hai="62,63,85,89,92,95,99,101,124,125,126" m="50185" machi="126" ten="30,2000,0" yaku="18,1,19,1" doraHai="46" who="0" fromWho="1" sc="230,20,240,-20,240,0,290,0" /><INIT seed="2,0,0,4,1,81" ten="250,220,240,290" oya="2" hai0="109,44,39,117,15,21,47,62,76,111,18,103,118" hai1="37,96,6,12,31,19,61,43,132,72,60,22,128" hai2="8,10,102,100,41,33,32,57,94,124,106,78,14" hai3="113,27,110,77,114,69,58,16,70,38,88,123,75"/><V71/><F71/><W0/><G0/><T92/><D76/><U46/><E72/><V93/><F106/><W2/><G2/><T105/><D105/><U4/><E128/><V101/><F78/><W86/><G38/><T115/><D115/><N who="3" m="44041" /><G110/><N who="0" m="41995" /><D62/><U25/><E132/><V48/><F124/><W87/><G123/><T42/><D47/><U36/><E36/><V51/><F41/><W73/><G58/><T49/><D39/><U91/><E61/><V127/><F57/><W125/><G125/><T64/><D64/><U116/><E116/><N who="0" m="44649" /><D92/><N who="2" m="35434" /><F14/><W90/><G77/><T52/><D103/><U119/><E60/><V26/><F26/><W1/><G1/><T85/><D85/><N who="3" m="32265" /><G16/><T59/><D59/><U17/><E17/><V13/><F13/><W97/><G27/><T23/><D21/><U40/><E22/><V20/><F20/><W3/><G3/><T54/><AGARI ba="0,0" hai="15,18,23,42,44,49,52,54" m="44649,41995" machi="54" ten="40,5200,0" yaku="14,1,12,1,54,1" doraHai="81" who="0" fromWho="0" sc="250,52,220,-13,240,-26,290,-13" /><INIT seed="3,0,0,3,2,30" ten="302,207,214,277" oya="3" hai0="119,2,6,50,22,35,86,4,79,44,1,0,60" hai1="58,34,63,84,21,8,59,7,133,123,41,121,61" hai2="124,68,56,31,110,20,132,37,11,112,98,64,89" hai3="26,102,38,24,57,25,54,32,23,17,114,27,103"/><W126/><G38/><T81/><D119/><U16/><E133/><V72/><F72/><W100/><G114/><T88/><D35/><U28/><E41/><V70/><F37/><W99/><G126/><T48/><D60/><N who="1" m="23115" /><E84/><V101/><F112/><W115/><G115/><T47/><D22/><U113/><E59/><V62/><F124/><W43/><G43/><T10/><D79/><U71/><E58/><V130/><F132/><W33/><REACH who="3" step="1"/><G99/><REACH who="3" ten="302,207,214,267" step="2"/><T67/><D67/><U55/><E113/><V135/><F135/><W109/><G109/><T13/><D4/><U134/><E7/><V90/><F110/><W104/><G104/><T39/><D39/><U128/><E134/><V95/><F130/><W122/><G122/><T107/><D107/><U80/><E128/><V3/><F70/><W42/><G42/><T12/><D6/><U53/><E71/><V129/><F68/><W77/><G77/><T106/><D106/><U69/><E69/><V82/><F129/><W49/><AGARI ba="0,1" hai="17,23,24,25,26,27,32,33,49,54,57,100,102,103" machi="49" ten="30,11700,0" yaku="1,1,0,1,52,2,53,0" doraHai="30" doraHaiUra="93" who="3" fromWho="3" sc="302,-39,207,-39,214,-39,267,127" /><INIT seed="3,1,0,3,2,102" ten="263,168,175,394" oya="3" hai0="13,18,74,15,114,59,81,7,55,108,82,9,109" hai1="45,47,46,72,28,49,57,75,128,12,79,89,134" hai2="84,52,83,35,85,6,48,88,4,25,33,76,22" hai3="24,38,43,1,64,91,129,8,71,63,92,125,111"/><W53/><G125/><T73/><D114/><U26/><E128/><V78/><F33/><W112/><G129/><T58/><D81/><U65/><E134/><V113/><F113/><W16/><G1/><T90/><D90/><U95/><E79/><V29/><F35/><W50/><G112/><T120/><D120/><U106/><E106/><V103/><F103/><W100/><G100/><T14/><D59/><U70/><E70/><V19/><F29/><W101/><G101/><T32/><D32/><U44/><E12/><V93/><REACH who="2" step="1"/><F78/><REACH who="2" ten="263,168,165,394" step="2"/><W126/><G126/><T66/><D108/><U39/><E28/><V30/><F30/><W80/><G111/><T104/><D109/><U41/><E39/><V86/><F86/><W96/><G38/><T37/><D37/><U54/><E72/><V135/><F135/><W118/><G118/><T130/><D73/><U94/><E75/><V127/><F127/><W131/><G131/><T117/><D74/><U62/><E41/><V97/><F97/><W23/><G43/><T122/><D7/><U123/><E89/><V17/><F17/><W87/><G96/><T21/><D18/><U105/><E105/><V98/><F98/><W115/><G115/><T77/><D77/><U68/><E123/><V20/><F20/><W60/><G8/><T116/><D104/><U2/><E94/><V61/><F61/><W51/><REACH who="3" step="1"/><G92/><REACH who="3" ten="263,168,165,384" step="2"/><T132/><D130/><U3/><E95/><V56/><AGARI ba="1,2" hai="4,6,19,22,25,48,52,56,76,83,84,85,88,93" machi="56" ten="20,12000,2" yaku="1,1,0,1,7,1,8,1,54,2,53,0" doraHai="102" doraHaiUra="5" who="2" fromWho="2" sc="263,-31,168,-31,165,143,384,-61" /><INIT seed="4,0,0,2,2,39" ten="232,137,308,323" oya="0" hai0="19,71,104,34,37,107,118,65,111,90,27,119,4" hai1="134,25,98,22,8,15,129,83,13,79,5,135,93" hai2="112,82,72,6,20,84,132,76,70,16,108,75,100" hai3="54,122,26,67,66,125,74,48,43,89,106,32,1"/><T121/><D121/><U91/><E15/><V57/><F70/><W31/><G1/><T10/><D37/><U29/><REACH who="1" step="1"/><E129/><REACH who="1" ten="232,127,308,323" step="2"/><V95/><F108/><W49/><G122/><T99/><D111/><U109/><E109/><V51/><F112/><W9/><G125/><T87/><D118/><U17/><E17/><V69/><F132/><W35/><G35/><T0/><D119/><U14/><E14/><V12/><F6/><W41/><G32/><T101/><D107/><U92/><E92/><V117/><F117/><W86/><G106/><T30/><D19/><U68/><E68/><V81/><F69/><W113/><G113/><T131/><D131/><U61/><E61/><V105/><F105/><W38/><G74/><AGARI ba="0,1" hai="5,8,13,22,25,29,74,79,83,91,93,98,134,135" machi="74" ten="40,2600,0" yaku="1,1,53,1" doraHai="39" doraHaiUra="3" who="1" fromWho="3" sc="232,0,127,36,308,0,323,-26" /><INIT seed="5,0,0,1,2,79" ten="232,163,308,297" oya="1" hai0="3,0,80,66,68,109,15,131,17,31,105,96,14" hai1="89,19,97,134,7,90,22,18,112,49,128,108,122" hai2="110,33,44,39,9,84,34,87,88,4,32,2,81" hai3="57,126,83,54,118,1,132,74,124,69,36,94,70"/><U47/><E122/><V37/><F44/><W101/><G36/><T123/><D109/><U48/><E108/><V59/><F110/><W130/><G1/><T20/><D31/><U62/><E112/><V65/><REACH who="2" step="1"/><F84/><REACH who="2" ten="232,163,298,297" step="2"/><W119/><G130/><T45/><D131/><U78/><E128/><V61/><AGARI ba="0,1" hai="2,4,9,32,33,34,37,39,59,61,65,81,87,88" machi="61" ten="40,8000,1" yaku="1,1,2,1,0,1,52,1,54,1,53,0" doraHai="79" doraHaiUra="92" who="2" fromWho="2" sc="232,-20,163,-40,298,90,297,-20" /><INIT seed="6,0,0,3,1,53" ten="212,123,388,277" oya="2" hai0="98,11,135,102,110,54,39,9,22,101,97,18,118" hai1="66,71,57,31,63,60,104,73,61,49,65,109,76" hai2="0,50,114,7,29,123,12,126,36,52,35,125,74" hai3="13,6,8,44,32,83,77,24,113,82,33,119,96"/><V46/><F0/><W37/><G119/><T45/><D110/><U129/><E104/><V105/><F123/><W58/><G83/><T130/><D118/><U5/><E5/><V43/><F105/><W62/><G113/><T70/><D70/><N who="1" m="42279" /><E31/><V103/><F103/><N who="0" m="39434" /><D39/><U4/><E4/><V2/><F12/><W128/><G96/><N who="0" m="36971" /><D130/><U79/><E73/><V40/><F74/><W69/><G69/><T121/><D135/><U124/><E79/><V30/><F43/><W132/><G132/><T134/><D134/><U92/><E92/><V20/><F35/><W117/><G117/><T26/><D121/><U25/><E25/><V38/><F38/><W106/><G106/><T99/><D99/><U64/><E76/><V59/><F114/><W81/><G128/><T108/><D108/><U88/><E88/><V72/><F72/><W17/><G77/><T89/><D89/><U47/><E109/><V85/><F85/><W21/><G33/><T90/><D90/><U133/><E129/><V86/><F86/><W68/><G68/><T34/><D34/><U95/><E95/><V51/><F36/><W127/><G32/><T100/><D100/><U67/><E133/><V91/><F91/><W41/><G127/><N who="2" m="48649" /><F20/><W115/><G115/><T42/><D42/><N who="1" m="24823" /><E124/><V56/><F7/><W116/><G116/><T112/><D112/><U107/><E107/><V87/><F87/><W80/><G80/><T94/><D94/><U131/><E131/><V27/><F27/><W3/><G3/><T16/><D18/><U23/><E23/><V28/><F2/><W93/><G93/><RYUUKYOKU ba="0,0" sc="212,0,123,0,388,0,277,0" hai0="9,11,16,22,26,45,54" hai1="57,61,63,64,66,67,71" hai2="28,29,30,40,46,50,51,52,56,59" hai3="6,8,13,17,21,24,37,41,44,58,62,81,82" /><INIT seed="6,1,0,5,4,19" ten="212,123,388,277" oya="2" hai0="113,67,11,74,87,68,93,13,72,5,64,44,73" hai1="10,22,57,6,25,96,42,117,33,14,79,18,103" hai2="125,130,94,46,124,15,109,134,35,4,60,26,30" hai3="7,126,121,23,115,107,62,90,92,86,120,98,69"/><V51/><F60/><W106/><G7/><T59/><D68/><U38/><E117/><V76/><F109/><W123/><G62/><T66/><D113/><U61/><E79/><V41/><F130/><W28/><G69/><T80/><D44/><U102/><E33/><V118/><F118/><W100/><G23/><T81/><REACH who="0" step="1"/><D59/><REACH who="0" ten="202,123,388,277" step="2"/><U104/><E103/><V119/><F46/><W50/><G115/><T112/><D112/><U34/><E34/><V91/><F119/><W63/><G120/><T122/><D122/><U2/><E2/><V16/><F125/><W36/><G126/><T71/><D71/><U132/><E132/><V29/><F134/><W114/><G114/><T47/><D47/><U31/><E42/><V131/><F124/><W58/><G58/><T17/><D17/><U89/><E38/><V52/><F16/><W39/><G39/><T95/><D95/><U54/><REACH who="1" step="1"/><E89/><AGARI ba="1,1" hai="5,11,13,64,66,67,72,73,74,80,81,87,89,93" machi="89" ten="50,1600,0" yaku="1,1,53,0" doraHai="19" doraHaiUra="99" who="0" fromWho="1" sc="202,29,123,-19,388,0,277,0" /><INIT seed="7,0,0,0,2,52" ten="231,104,388,277" oya="3" hai0="18,43,62,78,56,92,103,4,23,80,86,58,122" hai1="6,65,98,100,116,45,8,93,135,61,14,95,16" hai2="130,126,115,38,51,81,53,101,5,20,69,113,109" hai3="36,37,1,11,40,117,72,97,31,76,9,39,42"/><W102/><G117/><T79/><D122/><U73/><E73/><V74/><F38/><W105/><G31/><T123/><D123/><U119/><E135/><V88/><F109/><W68/><G68/><T2/><D2/><U134/><E134/><V127/><F69/><W29/><G29/><T106/><D106/><U47/><E119/><V41/><F41/><W24/><G24/><T70/><D4/><U112/><E112/><N who="2" m="43083" /><F101/><W107/><G107/><T132/><D132/><U27/><E116/><V71/><F71/><W83/><G11/><T114/><D70/><U33/><E33/><V63/><F63/><W87/><G87/><T64/><D43/><U26/><E95/><V3/><F20/><W128/><G128/><T90/><D114/><U49/><E6/><V66/><F66/><W17/><G17/><T7/><D7/><U133/><E133/><V131/><F74/><W99/><G99/><N who="0" m="59879" /><D62/><U57/><E47/><N who="2" m="27903" /><F5/><N who="3" m="1199" /><G42/><T75/><D64/><U35/><REACH who="1" step="1"/><E35/><REACH who="1" ten="231,94,388,277" step="2"/><V60/><F3/><W59/><G72/><T94/><D75/><U12/><E12/><V82/><F131/><W50/><G105/><T54/><D94/><U67/><E67/><V32/><F32/><W96/><G39/><T121/><D121/><U124/><E124/><V104/><F104/><W15/><G36/><T125/><D125/><U55/><AGARI ba="0,1" hai="8,14,16,26,27,45,49,55,57,61,65,93,98,100" machi="55" ten="20,12000,2" yaku="1,1,0,1,7,1,8,1,52,1,54,1,53,0" doraHai="52" doraHaiUra="129" who="1" fromWho="1" sc="231,-30,94,130,388,-30,277,-60" owari="201,-30.0,224,2.0,358,46.0,217,-18.0" /></mjloggm>