<mjloggm ver="2.3"><GO type="225" lobby="0"/><UN n0="%E3%83%8B%E3%83%BC%E3%83%88%E7%A4%BE%E9%95%B7" n1="%E3%82%BD%E3%83%A9%E3%83%8A%E3%83%83%E3%82%AF%E3%82%B9" n2="%E7%AB%B6%E9%A6%AC%E7%A0%94%E7%A9%B6%E6%89%80" n3="%E5%B0%B1%E6%B4%BB%E7%94%9F%40%E5%B7%9D%E6%9D%91%E8%BB%8D%E5%9B%A3" dan="17,16,16,16" rate="2195.63,2058.55,2157.33,2066.27" sx="M,M,M,M"/><TAIKYOKU oya="0"/><INIT seed="0,0,0,4,5,132" ten="250,250,250,250" oya="0" hai0="45,130,19,135,71,41,87,10,114,110,83,97,131" hai1="33,56,27,119,106,112,76,121,117,43,65,126,15" hai2="75,57,91,133,8,118,125,66,30,40,77,18,107" hai3="104,98,94,95,93,12,69,92,129,102,116,22,72"/><T36/><D135/><U24/><E121/><V70/><F91/><W81/><G116/><T34/><D114/><U37/><E106/><V2/><F57/><W80/><G69/><T9/><D71/><U64/><E76/><V31/><F18/><W17/><G129/><N who="0" m="49163" /><D34/><U20/><E33/><V14/><F2/><W48/><G72/><T61/><D61/><U68/><E68/><V59/><F40/><W13/><N who="3" m="24064" /><DORA hai="108" /><W88/><G88/><N who="0" m="51327" /><D97/><U60/><E43/><V134/><F70/><W47/><REACH who="3" step="1"/><G12/><REACH who="3" ten="250,250,250,240" step="2"/><N who="0" m="7567" /><D10/><U28/><E117/><V90/><F118/><W128/><G128/><T23/><D23/><U120/><E20/><V54/><F133/><W96/><G96/><T0/><D0/><U53/><E119/><V115/><F134/><W100/><G100/><T84/><D84/><U49/><E120/><V26/><F75/><W99/><G99/><T7/><D110/><U103/><E103/><V123/><F123/><W55/><AGARI ba="0,1" hai="13,17,22,47,48,55,80,81,98,102,104" m="24064" machi="55" ten="40,2700,0" yaku="1,1,0,1,53,0" doraHai="132,108" doraHaiUra="67,38" who="3" fromWho="3" sc="250,-13,250,-7,250,-7,240,37" /><INIT seed="1,0,0,5,3,50" ten="237,243,243,277" oya="1" hai0="26,34,128,8,75,44,0,94,78,42,83,20,53" hai1="65,4,45,116,67,117,93,33,98,72,57,17,64" hai2="104,114,41,106,70,32,59,16,38,121,58,99,119" hai3="89,1,80,18,105,28,24,130,79,66,69,109,95"/><U103/><E72/><V36/><F32/><W29/><G105/><T6/><D34/><U88/><E33/><V27/><F70/><W82/><G1/><T107/><D107/><U10/><E17/><V113/><F121/><W118/><G118/><T23/><D128/><U49/><E57/><V120/><F120/><W47/><G130/><T35/><D94/><U9/><E103/><V134/><F119/><W43/><G109/><T111/><D111/><U55/><REACH who="1" step="1"/><E10/><REACH who="1" ten="237,233,243,277" step="2"/><V123/><F123/><W127/><G18/><T108/><D108/><U31/><E31/><V90/><F16/><W21/><G29/><T68/><D68/><U77/><E77/><V40/><F59/><W39/><G79/><T110/><D110/><U13/><AGARI ba="0,1" hai="4,9,13,45,49,55,64,65,67,88,93,98,116,117" machi="13" ten="30,11700,0" yaku="1,1,0,1,52,1,54,1,53,0" doraHai="50" doraHaiUra="124" who="1" fromWho="1" sc="237,-39,233,127,243,-39,277,-39" /><INIT seed="1,1,0,3,4,21" ten="198,360,204,238" oya="1" hai0="127,6,38,4,9,79,130,75,62,24,25,135,98" hai1="93,10,119,125,55,103,41,18,83,12,82,100,111" hai2="86,49,81,77,104,66,89,95,70,76,120,74,101" hai3="73,34,1,99,58,46,126,44,52,117,114,63,84"/><U71/><E119/><V107/><F66/><W115/><G73/><T131/><D135/><U69/><E41/><V124/><F70/><W112/><G34/><T123/><D127/><U47/><E125/><V65/><F65/><W122/><G1/><T91/><D38/><U90/><E111/><V5/><F5/><N who="0" m="2154" /><D123/><U11/><E11/><V13/><F13/><W42/><G126/><T116/><D116/><U87/><E71/><V22/><F22/><W14/><G117/><T94/><D9/><U92/><E69/><V40/><F40/><W50/><G122/><T110/><D110/><U64/><E64/><V7/><F7/><W88/><G99/><T51/><D62/><U17/><E17/><V129/><F49/><W132/><G132/><T121/><D121/><U118/><E118/><V19/><F19/><W133/><G133/><T59/><D79/><U78/><E83/><N who="2" m="45463" /><F124/><W67/><G14/><T8/><D75/><U72/><E72/><N who="2" m="43175" /><F120/><W0/><G0/><T31/><D8/><U108/><E108/><V39/><F39/><W56/><REACH who="3" step="1"/><G42/><REACH who="3" ten="198,360,204,228" step="2"/><T16/><D31/><U105/><E12/><V28/><F28/><W35/><G35/><T106/><D16/><U54/><E18/><V61/><F61/><W109/><G109/><T80/><D106/><N who="2" m="40490" /><F129/><N who="0" m="49162" /><D80/><AGARI ba="1,1" hai="44,46,50,52,56,58,63,67,80,84,88,112,114,115" machi="80" ten="40,8000,1" yaku="1,1,54,2,53,2" doraHai="21" doraHaiUra="43" who="3" fromWho="0" sc="198,-83,360,0,204,0,228,93" /><INIT seed="2,0,0,2,4,103" ten="115,360,204,321" oya="2" hai0="35,70,4,92,129,21,134,18,12,7,78,23,27" hai1="42,90,135,83,110,111,28,102,50,120,37,24,67" hai2="16,82,54,93,62,25,86,80,84,49,60,107,105" hai3="114,101,104,1,64,106,118,26,87,44,29,119,71"/><V51/><F93/><W30/><G87/><T66/><D70/><U124/><E120/><V91/><F25/><W3/><G29/><N who="0" m="19903" /><D66/><U100/><E37/><V55/><F16/><W97/><G104/><T22/><D78/><U36/><E36/><V14/><F14/><W38/><G114/><T123/><D92/><U10/><E10/><V40/><F40/><N who="3" m="22551" /><G26/><N who="0" m="14647" /><D123/><U68/><E124/><V11/><F11/><W65/><G30/><T75/><D75/><U41/><E135/><V95/><F95/><W6/><G65/><T127/><D134/><U115/><E115/><V130/><F130/><W132/><G132/><T96/><D96/><U5/><E67/><V122/><F122/><W109/><G109/><T88/><D88/><AGARI ba="0,0" hai="49,51,54,55,60,62,80,82,84,86,88,91,105,107" machi="88" ten="25,12000,1" yaku="22,2,52,2,54,1" doraHai="103" who="2" fromWho="0" sc="115,-120,360,0,204,120,321,0" owari="-5,-51.0,360,47.0,324,12.0,321,-8.0" /></mjloggm>