<mjloggm ver="2.3"><GO type="41" lobby="0"/><UN n0="%E5%B0%8F%E5%B6%BA%E5%B9%B8" n1="%E9%B3%B3" n2="%E5%B0%B1%E6%B4%BB%E7%94%9F%40%E5%B7%9D%E6%9D%91%E8%BB%8D%E5%9B%A3" n3="%E3%81%BE%E3%81%82%E3%81%BC%E3%81%86%E5%A4%A7%E4%BD%90" dan="15,13,15,15" rate="1969.50,1897.83,2035.41,1971.85" sx="F,M,M,F"/><TAIKYOKU oya="0"/><INIT seed="0,0,0,4,0,131" ten="250,250,250,250" oya="0" hai0="54,102,7,58,61,133,87,119,86,36,41,15,11" hai1="105,135,107,120,129,80,91,106,1,132,98,21,30" hai2="53,122,60,5,23,134,88,72,77,71,70,57,52" hai3="74,18,79,112,114,42,116,124,43,34,92,56,109"/><T8/><D119/><U25/><E1/><V16/><F122/><W126/><G34/><T123/><D123/><U76/><E120/><V66/><F5/><W127/><G74/><T50/><D36/><U51/><E51/><V108/><F108/><W64/><G79/><T93/><D133/><N who="1" m="51275" /><E129/><V48/><F134/><W22/><G109/><T130/><D130/><U117/><E117/><V46/><F77/><W89/><G56/><T103/><D11/><U110/><E110/><V85/><F72/><W75/><G64/><T14/><D14/><U68/><E68/><V69/><F53/><W0/><G75/><T94/><D41/><N who="3" m="15369" /><G0/><T26/><D50/><U83/><E76/><V111/><F111/><W3/><G3/><T31/><D31/><U33/><E33/><V2/><F2/><W62/><G62/><T28/><D28/><U99/><E91/><V82/><F69/><W84/><G116/><T101/><D26/><AGARI ba="0,0" hai="16,23,26,46,48,52,57,60,66,70,71,82,85,88" machi="26" ten="30,7700,0" yaku="7,1,54,3" doraHai="131" who="2" fromWho="0" sc="250,-77,250,0,250,77,250,0" /><AGARI ba="0,0" hai="18,22,26,84,89,92,112,114,124,126,127" m="15369" machi="26" ten="30,1000,0" yaku="18,1" doraHai="131" who="3" fromWho="0" sc="173,-10,250,0,327,0,250,10" /><INIT seed="1,0,0,3,1,10" ten="163,250,327,260" oya="1" hai0="80,108,36,20,116,3,88,16,110,23,98,60,82" hai1="18,8,54,75,5,66,119,122,72,57,127,27,109" hai2="59,21,43,56,11,22,96,2,49,135,28,89,77" hai3="41,93,34,17,100,131,24,6,92,114,31,15,79"/><U44/><E122/><V61/><F135/><W76/><G114/><T13/><D116/><U37/><E119/><V97/><F77/><W38/><G6/><T112/><D3/><U125/><E66/><V51/><F2/><W128/><G41/><T52/><D36/><U55/><E109/><N who="0" m="42089" /><D112/><U71/><E71/><V7/><F43/><W78/><G38/><T67/><D23/><N who="1" m="13815" /><E37/><V106/><F106/><W83/><G83/><T117/><D52/><N who="1" m="20011" /><E44/><V65/><F59/><W118/><G100/><T30/><D30/><U32/><E32/><V47/><F51/><W40/><G40/><T124/><D124/><N who="1" m="47691" /><E57/><V45/><F56/><W115/><G115/><T26/><D117/><U133/><E133/><V69/><F47/><W74/><G74/><T39/><D39/><U103/><E103/><V63/><F45/><W121/><G121/><T29/><D67/><U101/><E101/><V130/><F65/><W90/><G118/><T85/><D60/><U126/><N who="1" m="47699" /><U104/><DORA hai="73" /><E104/><V95/><F63/><W68/><G68/><T12/><D98/><U62/><E62/><V48/><F61/><W132/><G132/><T84/><D29/><U94/><E94/><V19/><F69/><W9/><REACH who="3" step="1"/><G93/><REACH who="3" ten="163,250,327,250" step="2"/><T129/><D129/><U91/><E91/><AGARI ba="0,1" hai="12,13,16,20,26,80,82,84,85,88,91" m="42089" machi="91" ten="30,8000,1" yaku="14,1,52,2,54,2" doraHai="10,73" who="0" fromWho="1" sc="163,90,250,-80,327,0,250,0" /><INIT seed="2,0,0,3,4,14" ten="253,170,327,250" oya="2" hai0="119,94,69,101,0,103,110,64,3,97,61,109,91" hai1="16,85,68,105,127,2,21,10,15,6,129,67,104" hai2="43,35,115,80,36,74,44,40,12,30,102,72,126" hai3="32,13,4,23,122,45,71,49,79,123,131,89,87"/><V24/><F115/><W135/><G32/><T31/><D31/><U114/><E114/><V25/><F126/><W63/><G131/><T134/><D134/><U70/><E127/><V52/><F43/><W90/><G135/><T34/><D34/><U54/><E129/><V62/><F25/><W56/><G71/><T7/><D119/><U65/><E85/><V55/><F102/><N who="0" m="38922" /><D7/><U92/><E92/><V46/><F46/><W1/><G1/><T33/><D33/><U39/><E39/><V84/><F12/><W26/><G123/><T27/><D27/><U38/><E38/><V60/><F60/><W22/><G122/><T28/><D28/><U124/><E124/><V76/><REACH who="2" step="1"/><F55/><REACH who="2" ten="253,170,317,250" step="2"/><W11/><G26/><T116/><D116/><U66/><REACH who="1" step="1"/><E54/><REACH who="1" ten="253,160,317,250" step="2"/><V113/><F113/><W96/><G63/><T82/><D61/><U120/><E120/><V8/><F8/><W107/><G11/><T20/><D0/><U111/><E111/><V42/><F42/><W41/><G41/><T77/><D3/><U98/><E98/><V108/><F108/><W50/><G96/><T118/><D118/><U73/><E73/><V37/><F37/><W19/><G50/><T86/><D109/><U95/><E95/><V48/><F48/><W128/><G49/><T106/><D110/><U88/><E88/><V93/><F93/><W58/><G90/><T125/><D125/><U121/><E121/><V81/><F81/><W78/><G89/><T47/><D94/><U100/><E100/><V99/><F99/><W59/><G128/><T51/><D97/><U29/><E29/><RYUUKYOKU ba="0,2" sc="253,-15,160,15,317,15,250,-15" hai1="2,6,10,15,16,21,65,66,67,68,70,104,105" hai2="24,30,35,36,40,44,52,62,72,74,76,80,84" /><INIT seed="2,1,2,4,5,7" ten="238,175,332,235" oya="2" hai0="39,95,84,128,15,88,101,3,83,57,65,33,34" hai1="28,56,17,35,6,81,124,13,72,96,30,42,108" hai2="11,59,106,63,103,90,99,12,87,91,105,37,24" hai3="51,97,77,98,109,80,75,53,62,120,125,16,38"/><V127/><F37/><W131/><G120/><T112/><D3/><U43/><E124/><V79/><F127/><W19/><G38/><T68/><D39/><U23/><E108/><V4/><F106/><W122/><G122/><T129/><D112/><U18/><E72/><V132/><F132/><W49/><G125/><T60/><D68/><U94/><E81/><V46/><F46/><W73/><G109/><T110/><D110/><U102/><E6/><V118/><F118/><W26/><G131/><N who="0" m="50251" /><D15/><N who="1" m="9663" /><E35/><N who="0" m="13321" /><D101/><U100/><E100/><V85/><F24/><W8/><G26/><T52/><D83/><U0/><E0/><V82/><REACH who="2" step="1"/><F87/><REACH who="2" ten="238,175,322,235" step="2"/><W71/><G73/><T9/><D9/><N who="1" m="6447" /><E56/><V121/><F121/><W20/><G75/><T119/><D119/><U32/><E32/><V14/><F14/><W27/><G8/><T123/><D123/><U70/><E70/><V89/><F89/><W135/><G20/><T111/><D111/><U130/><E130/><V69/><F69/><W134/><G71/><T67/><AGARI ba="1,3" hai="52,57,60,65,67,84,88,95" m="13321,50251" machi="67" ten="40,5200,0" yaku="19,1,54,2" doraHai="7" who="0" fromWho="0" sc="238,85,175,-14,322,-27,235,-14" /><INIT seed="3,0,0,1,4,6" ten="323,161,295,221" oya="3" hai0="58,121,105,64,115,107,1,7,51,13,49,73,11" hai1="62,2,63,35,56,21,29,81,4,101,24,95,61" hai2="37,60,36,130,108,55,113,109,84,23,100,3,85" hai3="124,14,19,45,96,132,42,25,114,31,87,52,91"/><W94/><G114/><T90/><D121/><U118/><E118/><V127/><F3/><W98/><G124/><T46/><D73/><U8/><E81/><V122/><F113/><W12/><G132/><T10/><D115/><U48/><E48/><V89/><F100/><N who="3" m="60439" /><G42/><T112/><D112/><U16/><E101/><V9/><F127/><W93/><G31/><T41/><D90/><U59/><E95/><V69/><F122/><W68/><G68/><T111/><D111/><N who="2" m="42570" /><F130/><W79/><G79/><T76/><D76/><U70/><E70/><V27/><F9/><N who="3" m="6543" /><G25/><T44/><D58/><U30/><REACH who="1" step="1"/><E30/><REACH who="1" ten="323,151,295,221" step="2"/><N who="2" m="17791" /><F69/><W86/><G14/><AGARI ba="0,1" hai="2,4,8,14,16,21,24,29,35,56,59,61,62,63" machi="14" ten="40,8000,1" yaku="1,1,24,2,52,1,54,1,53,0" doraHai="6" doraHaiUra="104" who="1" fromWho="3" sc="323,0,151,90,295,0,221,-80" /><INIT seed="4,0,0,2,2,49" ten="323,241,295,141" oya="0" hai0="6,17,8,48,116,118,96,19,7,103,132,32,101" hai1="62,81,0,92,50,124,97,89,135,41,67,91,15" hai2="1,22,33,3,37,74,111,120,79,66,43,71,28" hai3="39,110,83,105,46,72,12,47,56,133,95,84,119"/><T102/><D32/><U16/><E135/><V11/><F22/><W121/><G72/><T24/><D132/><U94/><E124/><V77/><F111/><W75/><G133/><T122/><D122/><U128/><E0/><V27/><F79/><W34/><G34/><T129/><D129/><U65/><E128/><V44/><F120/><W35/><G35/><T57/><D96/><U113/><E113/><V10/><F10/><W108/><G105/><T5/><D8/><U115/><E115/><V109/><F109/><W53/><G75/><T125/><D24/><U99/><E62/><V63/><REACH who="2" step="1"/><F11/><REACH who="2" ten="323,241,285,141" step="2"/><W76/><G110/><T4/><D125/><U134/><E134/><V21/><F21/><W123/><G108/><T23/><D23/><N who="1" m="11679" /><E81/><AGARI ba="0,1" hai="1,3,27,28,33,37,43,44,63,66,71,74,77,81" machi="81" ten="40,8000,1" yaku="1,1,33,3,53,0" doraHai="49" doraHaiUra="54" who="2" fromWho="1" sc="323,0,241,-80,285,90,141,0" /><INIT seed="5,0,0,1,3,79" ten="323,161,375,141" oya="1" hai0="30,129,59,50,114,47,107,91,100,118,15,43,58" hai1="75,99,14,126,16,125,96,8,135,45,132,62,38" hai2="69,71,87,34,21,44,133,98,81,51,55,70,41" hai3="66,78,72,121,12,28,53,48,122,101,31,56,116"/><U128/><E75/><V65/><F34/><W88/><G116/><T26/><D118/><U105/><E62/><V40/><F133/><N who="1" m="51273" /><E105/><V52/><F65/><W104/><G104/><T117/><D117/><U3/><E3/><V23/><F98/><N who="1" m="37417" /><E128/><V90/><REACH who="2" step="1"/><F55/><REACH who="2" ten="323,161,365,141" step="2"/><W68/><G66/><T134/><D134/><U74/><E74/><V83/><F83/><W32/><G72/><T61/><D129/><U95/><E95/><V19/><F19/><W93/><G122/><T29/><D107/><U57/><E57/><V64/><F64/><W24/><G121/><T123/><D59/><U106/><E106/><V39/><F39/><W76/><G68/><T73/><D58/><U110/><E110/><V67/><F67/><W11/><G31/><T131/><D30/><U77/><E77/><V22/><AGARI ba="0,1" hai="21,22,23,40,41,44,51,52,69,70,71,81,87,90" machi="22" ten="40,8000,1" yaku="1,1,0,1,52,1,54,1,53,0" doraHai="79" doraHaiUra="120" who="2" fromWho="2" sc="323,-20,161,-40,365,90,141,-20" /><INIT seed="6,0,0,0,2,47" ten="303,121,455,121" oya="2" hai0="122,20,94,4,106,22,76,131,78,98,26,35,64" hai1="60,11,89,52,61,6,12,46,132,10,54,91,68" hai2="77,19,102,130,58,40,36,81,125,27,84,109,38" hai3="126,39,90,128,30,121,108,16,51,73,33,14,8"/><V96/><F125/><W134/><G108/><T5/><D122/><U115/><E115/><V55/><F130/><W116/><G121/><T129/><D35/><U118/><E118/><V28/><F109/><W88/><G39/><T70/><D106/><U24/><E132/><V99/><F19/><W53/><G73/><T15/><D64/><U45/><E68/><V119/><F119/><W57/><G116/><T112/><D70/><U62/><E24/><V83/><F83/><W49/><G126/><T104/><D104/><U105/><E105/><V1/><F1/><W63/><G134/><T103/><D112/><U111/><E111/><V71/><F71/><W42/><G33/><T80/><D80/><U87/><E87/><V85/><F85/><W86/><G30/><T65/><D65/><U3/><E3/><V48/><F99/><W23/><G128/><T120/><D120/><U107/><E107/><V50/><F50/><N who="3" m="18955" /><G42/><T110/><D110/><U101/><E101/><V21/><F40/><W69/><G69/><T17/><D129/><U72/><E72/><V124/><F124/><W123/><G123/><T67/><D67/><U75/><E75/><V29/><F29/><W18/><G86/><T79/><D131/><U0/><E45/><V113/><F113/><W133/><G133/><T32/><D32/><U59/><E46/><V2/><F2/><W25/><AGARI ba="0,0" hai="8,14,16,18,23,25,53,57,63,88,90" m="18955" machi="25" ten="30,12000,2" yaku="8,1,52,3,54,2" doraHai="47" who="3" fromWho="3" sc="303,-30,121,-30,455,-60,121,120" /><INIT seed="7,0,0,2,4,83" ten="273,91,395,241" oya="3" hai0="57,50,133,2,45,108,76,14,111,84,103,128,27" hai1="98,52,88,129,124,54,115,42,55,41,1,5,3" hai2="89,100,127,123,80,22,0,77,70,47,104,4,39" hai3="119,18,11,19,91,29,12,78,16,66,110,72,60"/><W21/><G119/><T63/><D2/><U7/><E115/><V31/><F70/><W95/><G110/><T30/><D103/><U134/><E134/><V44/><F127/><W93/><G93/><T121/><D121/><U67/><E67/><V120/><F89/><W106/><G106/><T25/><D128/><U86/><E124/><V56/><F56/><N who="3" m="37127" /><G72/><T9/><D133/><U94/><E129/><V17/><F17/><N who="3" m="8351" /><G78/><T53/><D30/><U32/><E32/><V75/><F100/><W58/><G58/><T40/><D108/><U82/><E3/><V122/><F104/><W64/><G64/><T125/><D125/><U20/><E20/><V107/><F107/><W71/><G71/><T116/><D116/><U102/><REACH who="1" step="1"/><E1/><REACH who="1" ten="273,81,395,241" step="2"/><V81/><F0/><W97/><G29/><T132/><D132/><U48/><E48/><V15/><F31/><W37/><G37/><T26/><D111/><U126/><E126/><V8/><F39/><W6/><G6/><AGARI ba="0,1" hai="5,6,7,41,42,52,54,55,82,86,88,94,98,102" machi="6" ten="40,8000,1" yaku="1,1,8,1,52,1,54,2,53,0" doraHai="83" doraHaiUra="68" who="1" fromWho="3" sc="273,0,81,90,395,0,241,-80" owari="273,7.0,171,-23.0,395,50.0,161,-34.0" /></mjloggm>