<mjloggm ver="2.3"><GO type="41" lobby="0"/><UN n0="%6B%75%72%6F%68%61%73%33" n1="%21%72%65%61%63%68%21" n2="%E5%B0%B1%E6%B4%BB%E7%94%9F%40%E5%B7%9D%E6%9D%91%E8%BB%8D%E5%9B%A3" n3="%28%C2%B4%EF%BC%9B%D0%B4%EF%BC%9B%60%29" dan="13,13,15,13" rate="1842.78,1863.54,2006.63,1925.93" sx="M,M,M,M"/><TAIKYOKU oya="0"/><INIT seed="0,0,0,4,5,13" ten="250,250,250,250" oya="0" hai0="99,53,84,114,77,38,15,32,10,42,106,60,18" hai1="105,89,112,49,116,119,41,76,14,134,130,91,24" hai2="67,74,88,108,28,132,83,107,121,4,102,51,129" hai3="40,96,78,61,0,19,127,29,21,68,71,109,104"/><T6/><D114/><U17/><E105/><V63/><F121/><W57/><G0/><T118/><D118/><U30/><E112/><V70/><F129/><W133/><G109/><T20/><D32/><U35/><E130/><V120/><F132/><W1/><G1/><T37/><D42/><U79/><E134/><V97/><F120/><W100/><G133/><T75/><D75/><U55/><E41/><V111/><F28/><W81/><G127/><T93/><D106/><U23/><E116/><V46/><F4/><W125/><G125/><T94/><D93/><U82/><E119/><V7/><F7/><W45/><G29/><T103/><D77/><U92/><E82/><V135/><F135/><W90/><G90/><T65/><D53/><U59/><REACH who="1" step="1"/><E91/><REACH who="1" ten="250,240,250,250" step="2"/><V113/><F113/><W50/><G81/><T39/><D39/><U85/><AGARI ba="0,1" hai="14,17,23,24,30,35,49,55,59,76,79,85,89,92" machi="85" ten="20,12000,2" yaku="1,1,2,1,0,1,7,1,25,2,52,1,53,0" doraHai="13" doraHaiUra="64" who="1" fromWho="1" sc="250,-60,240,130,250,-30,250,-30" /><INIT seed="1,0,0,5,2,103" ten="190,370,220,220" oya="1" hai0="25,26,59,88,65,106,105,68,2,32,30,70,82" hai1="31,14,101,36,53,104,58,34,43,22,85,64,102" hai2="48,13,47,120,19,81,28,94,114,117,128,39,134" hai3="50,66,108,109,3,16,12,42,91,95,56,116,100"/><U99/><E34/><V83/><F39/><W49/><G3/><T44/><D2/><U10/><E64/><V8/><F120/><W0/><G0/><T55/><D26/><U21/><E101/><V119/><F114/><W86/><G116/><T7/><D7/><U38/><E43/><V51/><F128/><W112/><G112/><T98/><D44/><U57/><E85/><V15/><F134/><W63/><G42/><T40/><D40/><U113/><E113/><V77/><F28/><W124/><G124/><T35/><D35/><U23/><E31/><V122/><F122/><W111/><REACH who="3" step="1"/><G100/><REACH who="3" ten="190,370,220,210" step="2"/><T75/><D75/><U107/><E36/><V127/><F127/><W92/><G92/><T52/><D68/><U125/><E38/><V131/><F94/><W18/><G18/><T78/><D70/><U90/><E125/><V76/><F131/><W67/><G67/><T69/><D69/><U62/><E102/><V87/><F15/><W6/><G6/><T46/><D65/><U129/><E129/><V17/><F17/><W33/><G33/><T54/><D54/><U5/><E53/><V71/><F71/><W29/><G29/><T132/><D55/><U89/><E5/><V45/><F117/><W74/><G74/><T73/><D132/><U80/><E14/><V1/><F1/><W97/><G97/><T133/><D133/><U110/><E80/><V84/><F119/><W61/><G61/><T126/><D126/><U9/><E99/><V60/><F60/><W27/><G27/><T37/><D98/><U123/><E62/><V41/><F41/><RYUUKYOKU ba="0,1" sc="190,-15,370,-15,220,15,210,15" hai2="8,13,19,45,47,48,51,76,77,81,83,84,87" hai3="12,16,49,50,56,63,66,86,91,95,108,109,111" /><INIT seed="2,1,1,0,5,130" ten="175,355,235,225" oya="2" hai0="133,69,72,117,67,1,63,5,111,78,48,114,96" hai1="21,45,116,60,68,25,132,121,113,26,110,17,51" hai2="102,46,19,71,38,57,50,33,106,107,23,65,9" hai3="18,8,88,123,62,37,66,124,108,129,30,98,84"/><V79/><F33/><W70/><G123/><T53/><D117/><U83/><E113/><V127/><F127/><W73/><G129/><T94/><D114/><U6/><E116/><V2/><F71/><W134/><G124/><T74/><D78/><U75/><E121/><V97/><F38/><W112/><G112/><T118/><D118/><U20/><E110/><V55/><F79/><W80/><G37/><T47/><D111/><U95/><E6/><V85/><F107/><W28/><G108/><T29/><D29/><U120/><E120/><V109/><F109/><W87/><G73/><T34/><D34/><U101/><E132/><V49/><F85/><W128/><G128/><T99/><D99/><U54/><E75/><V52/><F65/><W44/><G44/><T91/><D1/><U93/><E83/><V39/><F39/><W105/><G134/><T13/><D133/><U56/><E68/><V61/><F9/><W10/><G10/><T24/><D24/><U77/><E101/><V32/><F32/><W64/><G64/><T11/><AGARI ba="1,1" hai="5,11,13,47,48,53,63,67,69,72,74,91,94,96" machi="11" ten="30,1100,0" yaku="0,1" doraHai="130" who="0" fromWho="0" sc="175,24,355,-4,235,-6,225,-4" /><INIT seed="3,0,0,4,4,126" ten="199,351,229,221" oya="3" hai0="95,93,129,84,86,42,103,48,45,116,80,35,51" hai1="2,61,108,54,30,64,37,113,32,120,67,47,72" hai2="132,133,127,31,10,134,8,110,60,88,68,1,119" hai3="5,50,39,12,124,62,78,69,100,55,109,130,105"/><W65/><G124/><T33/><D116/><U82/><E2/><V63/><F127/><W59/><G78/><T85/><D80/><U125/><E113/><V34/><F119/><W28/><G28/><T70/><D70/><U66/><E120/><V101/><F110/><W13/><G109/><T94/><D103/><U81/><E108/><V36/><F36/><W118/><G118/><T92/><N who="0" m="24064" /><DORA hai="53" /><T25/><D51/><U15/><E125/><V114/><F101/><W87/><G87/><T75/><D75/><U135/><E135/><V20/><F114/><W56/><G5/><T123/><D123/><U43/><E72/><V52/><F63/><W91/><G91/><T115/><D115/><U27/><E15/><V122/><F34/><W44/><G13/><T21/><D129/><U40/><E40/><V99/><F99/><N who="3" m="61599" /><G12/><T18/><AGARI ba="0,0" hai="18,21,25,33,35,42,45,48,84,85,86" m="24064" machi="18" ten="50,1600,0" yaku="0,1" doraHai="126,53" who="0" fromWho="0" sc="199,16,351,-4,229,-4,221,-8" /><INIT seed="4,0,0,0,4,14" ten="215,347,225,213" oya="0" hai0="32,80,81,101,34,35,133,110,6,59,47,99,129" hai1="58,87,12,113,62,104,9,31,43,53,116,135,122" hai2="70,48,114,106,27,50,54,20,64,38,94,79,112" hai3="4,102,131,130,61,26,71,51,15,117,89,1,132"/><T123/><D123/><U74/><E104/><V93/><F106/><W65/><G117/><T52/><D110/><U97/><E74/><V82/><F38/><W100/><G1/><T21/><D129/><N who="3" m="49161" /><G132/><T78/><D133/><U125/><E122/><V134/><F134/><W30/><G51/><T33/><N who="0" m="8704" /><DORA hai="60" /><T107/><D6/><U55/><E135/><V83/><F70/><W91/><G4/><T23/><D47/><U121/><E31/><V103/><F103/><N who="3" m="39467" /><G15/><T96/><D99/><U109/><E109/><V88/><F50/><W90/><G30/><T69/><D69/><U118/><E121/><V28/><F64/><W46/><G46/><T0/><D0/><U56/><E97/><V85/><F112/><W13/><G13/><T66/><D80/><U98/><E113/><V95/><F114/><W42/><G42/><T84/><REACH who="0" step="1"/><D66/><REACH who="0" ten="205,347,225,213" step="2"/><U7/><E116/><V68/><F68/><W73/><G71/><T92/><D92/><U3/><E118/><V75/><F83/><W10/><G65/><T126/><D126/><U11/><E125/><V19/><F28/><W127/><G127/><T105/><D105/><U16/><E98/><V36/><F36/><W17/><G90/><T63/><AGARI ba="0,1" hai="21,23,52,59,63,78,81,84,96,101,107" m="8704" machi="63" ten="60,11700,0" yaku="1,1,0,1,54,1,53,0" doraHai="14,60" doraHaiUra="119,108" who="0" fromWho="0" sc="205,127,347,-39,225,-39,213,-39" /><INIT seed="4,1,0,5,2,132" ten="332,308,186,174" oya="0" hai0="40,65,42,70,93,119,112,30,69,101,20,29,22" hai1="53,13,60,78,26,91,95,8,97,50,109,120,134" hai2="44,39,63,82,92,125,81,41,5,38,46,37,135" hai3="98,1,27,121,31,71,66,77,45,88,58,84,89"/><T34/><D119/><U128/><E120/><V4/><F135/><W24/><G1/><T32/><D112/><U43/><E128/><V127/><F92/><W49/><G121/><T124/><D65/><U10/><E109/><V21/><F63/><W96/><G71/><T18/><D101/><U115/><E134/><V15/><F21/><W68/><G68/><T56/><D56/><U75/><E115/><V86/><F15/><W59/><G77/><T47/><D93/><U64/><E43/><V107/><F41/><W0/><G0/><T113/><D113/><U106/><E106/><V36/><F107/><W23/><G66/><T62/><D47/><N who="2" m="17962" /><F86/><W54/><G27/><T103/><D103/><U55/><E26/><V57/><F57/><N who="3" m="21515" /><G89/><T122/><D122/><U118/><E118/><V51/><F51/><W104/><G104/><T130/><D62/><U131/><E50/><V74/><F74/><W99/><G99/><T17/><D130/><U94/><E131/><V12/><F12/><W2/><G2/><T83/><D83/><AGARI ba="1,0" hai="23,24,31,45,49,54,83,84,88,96,98" m="21515" machi="83" ten="30,2000,0" yaku="8,1,54,1" doraHai="132" who="3" fromWho="0" sc="332,-23,308,0,186,0,174,23" /><INIT seed="5,0,0,3,5,41" ten="309,308,186,197" oya="1" hai0="106,46,49,123,83,43,102,70,105,118,26,89,81" hai1="23,131,90,87,68,101,97,51,126,66,20,67,76" hai2="129,25,122,39,73,99,5,95,107,80,135,75,132" hai3="40,17,111,92,116,27,91,130,19,98,15,6,35"/><U18/><E76/><N who="2" m="44047" /><F39/><W100/><G111/><T88/><D118/><U38/><E38/><V74/><F5/><W16/><G116/><T93/><D70/><U48/><E126/><V124/><F25/><W12/><G130/><T110/><D110/><U52/><E131/><V24/><F24/><W37/><G35/><T21/><D105/><U103/><E68/><V127/><F107/><W0/><G27/><T53/><D106/><U63/><E63/><V14/><F14/><W65/><G65/><T28/><D123/><U79/><E79/><V128/><F122/><W115/><G115/><T133/><D133/><N who="2" m="51274" /><F74/><W13/><G0/><T78/><D43/><U117/><E117/><V108/><F108/><W82/><G37/><T72/><D83/><U9/><E9/><V112/><F75/><W56/><G40/><T69/><D69/><U34/><E34/><V109/><F112/><W58/><G6/><T30/><D30/><U94/><E51/><V77/><F77/><W47/><G82/><T22/><D22/><U113/><E113/><V33/><F33/><W62/><G62/><T50/><D50/><U42/><E42/><V125/><F109/><W8/><G8/><T120/><D120/><U1/><E1/><V64/><F64/><N who="1" m="24617" /><E101/><AGARI ba="0,0" hai="95,99,101,124,125,127,128,129" m="51274,44047" machi="101" ten="40,12000,2" yaku="30,2,18,1,20,1,34,2" doraHai="41" who="2" fromWho="1" sc="309,0,308,-120,186,120,197,0" /><INIT seed="6,0,0,1,2,42" ten="309,188,306,197" oya="2" hai0="4,27,60,59,82,78,79,12,77,35,113,62,126" hai1="86,84,118,49,21,108,80,91,39,19,32,65,111" hai2="25,123,17,88,3,135,132,51,53,64,46,30,10" hai3="69,83,115,127,102,100,9,70,63,71,37,41,124"/><V109/><F123/><W122/><G9/><T24/><D113/><U47/><E39/><V50/><F109/><W99/><G83/><T106/><D106/><U22/><E32/><V74/><F74/><W130/><G99/><T55/><D126/><N who="3" m="48169" /><G100/><T95/><D35/><U14/><E118/><V87/><F64/><N who="3" m="41119" /><G102/><T26/><D62/><U56/><E22/><V93/><F51/><W128/><G122/><T120/><D120/><U6/><E6/><V54/><F3/><W129/><G115/><T2/><D2/><U29/><E29/><V20/><F53/><W105/><G105/><T44/><D95/><U119/><E119/><V1/><REACH who="2" step="1"/><F17/><REACH who="2" ten="309,188,296,197" step="2"/><W76/><G76/><T85/><D79/><U28/><E108/><V121/><F121/><W66/><G66/><T58/><D78/><U7/><E111/><V52/><F52/><W18/><G18/><T13/><D55/><U5/><E65/><V16/><F16/><W73/><G73/><T134/><D60/><U8/><E28/><V104/><F104/><W110/><G110/><T89/><D77/><U90/><E5/><AGARI ba="0,1" hai="1,5,10,20,25,30,46,50,54,87,88,93,132,135" machi="5" ten="40,7700,0" yaku="1,1,52,1,54,1,53,0" doraHai="42" doraHaiUra="114" who="2" fromWho="1" sc="309,0,188,-77,296,87,197,0" /><INIT seed="6,1,0,4,3,127" ten="309,111,383,197" oya="2" hai0="74,41,31,123,83,29,95,124,47,26,96,68,110" hai1="42,89,35,72,102,88,17,13,133,125,45,3,10" hai2="27,112,62,100,22,59,14,53,20,135,67,0,70" hai3="58,87,65,5,126,52,134,56,30,98,79,107,34"/><V106/><F0/><W77/><G126/><T7/><D123/><U40/><E72/><V90/><F112/><W69/><G134/><T120/><D124/><U8/><E125/><V54/><F135/><W104/><G5/><T82/><D120/><U11/><E35/><V132/><F132/><W64/><G87/><T91/><D110/><U99/><E133/><V50/><F106/><W9/><G9/><T81/><D68/><U24/><E24/><V128/><F100/><W105/><G98/><T113/><D113/><U84/><E42/><V86/><F128/><W73/><G69/><T25/><D74/><U78/><E78/><V21/><F54/><W43/><G43/><T55/><D7/><U28/><E28/><V121/><F121/><W85/><G85/><T115/><D115/><U15/><E3/><V48/><F48/><W12/><G12/><T80/><N who="0" m="20992" /><DORA hai="36" /><T33/><D55/><U76/><E76/><V51/><F51/><W18/><G73/><T129/><D129/><U111/><E111/><V32/><F32/><W63/><G18/><T2/><D2/><U37/><E11/><V71/><F71/><W114/><G114/><T122/><D122/><U23/><E23/><V94/><REACH who="2" step="1"/><F14/><REACH who="2" ten="309,111,373,197" step="2"/><W131/><G131/><T1/><D1/><U101/><E101/><V116/><F116/><W108/><G108/><T16/><D33/><U39/><E39/><V93/><F93/><W60/><G34/><T103/><D103/><U6/><REACH who="1" step="1"/><E84/><REACH who="1" ten="309,101,373,197" step="2"/><V57/><F57/><W92/><G58/><T61/><D26/><AGARI ba="1,2" hai="20,21,22,26,27,50,53,59,62,67,70,86,90,94" machi="26" ten="40,3900,0" yaku="1,1,53,1" doraHai="127,36" doraHaiUra="75,44" who="2" fromWho="0" sc="309,-42,101,0,373,62,197,0" /><INIT seed="6,2,0,0,1,34" ten="267,101,435,197" oya="2" hai0="58,6,103,133,24,18,131,69,5,27,53,35,2" hai1="94,21,60,81,37,109,7,92,130,12,43,66,57" hai2="54,3,89,29,25,118,90,10,55,93,0,36,30" hai3="17,47,49,51,14,70,112,82,119,62,11,63,46"/><V124/><F36/><W22/><G119/><T4/><D69/><U108/><E109/><V59/><F118/><W31/><G112/><T20/><D103/><U85/><E108/><V56/><F124/><W101/><G70/><T83/><D133/><U128/><E130/><V8/><F93/><W114/><G114/><T73/><D73/><U96/><E128/><V120/><REACH who="2" step="1"/><F25/><REACH who="2" ten="267,101,425,197" step="2"/><W52/><G82/><T132/><D83/><U78/><E37/><V1/><F1/><W76/><G14/><T9/><D131/><U67/><E94/><V99/><F99/><W80/><G80/><T33/><D132/><U88/><E43/><V40/><F40/><W48/><G76/><T32/><D53/><U84/><E12/><V72/><F72/><W107/><G52/><T106/><D106/><U105/><E105/><V44/><F44/><W15/><G15/><N who="0" m="9311" /><D58/><U117/><E117/><V42/><F42/><W127/><G107/><T75/><D75/><U23/><E7/><AGARI ba="2,1" hai="2,4,5,6,7,9,24,27,32,33,35" m="9311" machi="7" ten="40,12000,2" yaku="35,5,52,1" doraHai="34" who="0" fromWho="1" sc="267,136,101,-126,425,0,197,0" owari="403,20.0,-25,-53.0,425,53.0,197,-20.0" /></mjloggm>