<mjloggm ver="2.3"><GO type="169" lobby="0"/><UN n0="%E3%83%88%E3%83%88%E3%83%AA%E5%85%88%E7%94%9F%31%39%E6%AD%B3" n1="%73%6F%64%6F%72" n2="%E5%A4%8F%E3%81%99%E3%81%9A%E3%81%BF%EF%BC%A0%E8%83%A1%E7%93%9C" n3="%E7%8E%84%E7%B1%B3" dan="18,16,16,16" rate="2174.44,2073.62,2061.81,2112.61" sx="F,M,F,M"/><TAIKYOKU oya="0"/><INIT seed="0,0,0,5,1,105" ten="250,250,250,250" oya="0" hai0="28,114,77,31,65,49,101,48,53,125,118,115,74" hai1="54,97,93,62,55,44,14,79,34,76,8,58,40" hai2="71,81,12,1,131,117,70,108,82,119,110,78,116" hai3="84,10,69,3,11,87,16,32,128,80,42,104,89"/><T102/><D118/><U98/><E34/><V5/><F131/><W30/><G104/><T22/><D125/><U109/><E109/><N who="2" m="42091" /><F12/><W132/><G69/><N who="2" m="26121" /><F78/><W63/><G128/><T134/><D65/><U21/><E21/><V129/><F129/><W122/><G122/><T0/><D0/><U15/><E55/><V33/><F33/><W20/><G132/><T96/><D134/><U121/><E121/><V120/><F120/><W9/><G42/><T35/><D35/><U51/><E98/><V61/><F61/><W52/><G32/><T19/><D114/><U56/><E56/><V85/><F85/><N who="3" m="50343" /><G30/><T26/><D115/><U47/><E47/><V27/><F27/><N who="3" m="14727" /><G3/><T100/><D96/><U127/><E127/><V17/><F17/><W24/><G24/><T75/><D77/><N who="1" m="29771" /><E8/><AGARI ba="0,0" hai="1,5,8,81,82,116,117,119" m="26121,42091" machi="8" ten="40,2600,0" yaku="12,1,14,1" doraHai="105" who="2" fromWho="1" sc="250,0,250,-26,250,26,250,0" /><INIT seed="1,0,0,2,0,59" ten="250,224,276,250" oya="1" hai0="84,54,38,46,95,111,106,13,128,12,6,8,117" hai1="33,10,96,28,69,85,40,35,36,63,32,50,20" hai2="104,89,70,124,72,17,47,88,41,86,115,130,37" hai3="45,74,133,64,113,60,7,79,77,81,30,83,121"/><U14/><E36/><V76/><F115/><W112/><G121/><T4/><D117/><U53/><E40/><V131/><F124/><W22/><G133/><T82/><D106/><U107/><E85/><V27/><F104/><W97/><G7/><T135/><D135/><U55/><E20/><N who="2" m="13711" /><F70/><W23/><G97/><T3/><D111/><U126/><E126/><V24/><F24/><W98/><G45/><T57/><D128/><N who="2" m="49194" /><F72/><W67/><G98/><T51/><D95/><U132/><E132/><V61/><F61/><W5/><G5/><T58/><D38/><U66/><E28/><V116/><F116/><W34/><G34/><T103/><D103/><U0/><E0/><V80/><AGARI ba="0,0" hai="37,41,47,76,80,86,88,89" m="49194,13711" machi="80" ten="30,2000,0" yaku="19,1,54,1" doraHai="59" who="2" fromWho="2" sc="250,-5,224,-10,276,20,250,-5" /><INIT seed="2,0,0,4,1,47" ten="245,214,296,245" oya="2" hai0="46,12,37,128,98,64,45,123,29,119,85,53,76" hai1="31,77,6,8,54,68,105,117,61,3,112,33,129" hai2="36,59,121,122,124,113,118,21,126,130,103,80,9" hai3="90,39,95,55,11,73,19,49,24,102,104,63,86"/><V42/><F118/><W38/><G63/><T27/><D123/><U79/><E117/><V40/><F113/><W99/><G73/><T22/><D119/><U2/><E105/><V51/><F103/><W88/><G90/><T133/><D128/><U14/><E112/><V70/><F70/><W114/><G114/><T81/><D133/><U60/><E129/><V92/><F92/><W0/><G24/><T108/><D108/><U65/><E33/><V111/><F130/><W132/><G132/><T96/><D45/><U93/><E31/><V72/><F9/><W71/><G71/><T62/><D12/><U134/><E134/><V10/><F10/><W50/><G49/><N who="0" m="28855" /><D37/><U131/><E93/><V41/><F36/><W66/><G66/><T16/><D29/><U100/><E100/><V97/><F111/><W75/><G75/><T120/><D120/><U135/><E135/><V5/><F121/><W69/><G69/><T20/><D20/><U110/><E110/><V82/><F21/><W125/><G125/><N who="2" m="48233" /><F122/><W25/><G25/><T32/><D32/><U78/><E131/><V89/><F72/><W34/><G34/><T28/><D28/><U109/><REACH who="1" step="1"/><E109/><REACH who="1" ten="245,204,296,245" step="2"/><V116/><F116/><W4/><REACH who="3" step="1"/><G19/><REACH who="3" ten="245,204,296,235" step="2"/><T94/><D16/><U26/><E26/><V43/><F97/><W56/><AGARI ba="0,2" hai="0,4,11,38,39,50,55,56,86,88,95,99,102,104" machi="56" ten="20,12000,2" yaku="1,1,2,1,0,1,7,1,52,1,54,1,53,0" doraHai="47" doraHaiUra="17" who="3" fromWho="3" sc="245,-30,204,-30,296,-60,235,140" /><INIT seed="3,0,0,1,2,50" ten="215,174,236,375" oya="3" hai0="79,86,3,89,122,20,26,128,10,106,41,70,73" hai1="64,95,33,46,76,75,17,21,92,39,134,87,65" hai2="55,38,16,85,9,103,15,24,19,69,91,102,83" hai3="42,107,119,84,58,117,68,13,45,48,98,129,77"/><W115/><G68/><T0/><D122/><U112/><E33/><V114/><F38/><W54/><G115/><T104/><D70/><U125/><E112/><V30/><F69/><W1/><G1/><T118/><D118/><U123/><E123/><V67/><F67/><W27/><G129/><T37/><D128/><U74/><E75/><V88/><F91/><W60/><G27/><T78/><D41/><U49/><E74/><V81/><F81/><W113/><G113/><T96/><D37/><U22/><E39/><V25/><F114/><W36/><G13/><T12/><D73/><U40/><E125/><V99/><F99/><W110/><G110/><T56/><D96/><U31/><E134/><V105/><F105/><W63/><G63/><T80/><D106/><U8/><E8/><V94/><F19/><W101/><REACH who="3" step="1"/><G36/><REACH who="3" ten="215,174,236,365" step="2"/><T133/><D0/><U116/><E116/><V32/><F25/><W5/><G5/><T11/><D3/><U52/><E31/><V18/><F18/><W131/><G131/><T132/><D12/><U130/><E130/><V6/><F6/><W97/><G97/><T109/><D109/><U35/><E17/><V59/><F94/><W121/><G121/><T126/><D133/><U51/><E95/><V124/><F124/><W108/><G108/><T90/><D132/><U72/><E92/><V28/><F28/><W93/><G93/><T127/><D104/><U100/><E100/><V120/><F120/><W71/><G71/><T53/><D126/><U47/><E72/><V66/><F66/><W135/><G135/><T111/><D127/><RYUUKYOKU ba="0,1" sc="215,-15,174,-15,236,15,365,15" hai2="9,15,16,24,30,32,55,59,83,85,88,102,103" hai3="42,45,48,54,58,60,77,84,98,101,107,117,119" /><INIT seed="3,1,1,5,0,57" ten="200,159,251,380" oya="3" hai0="117,132,3,121,17,62,93,87,129,131,13,122,21" hai1="85,16,20,4,127,67,18,56,95,39,82,112,68" hai2="130,80,22,38,111,109,43,119,102,35,36,123,53" hai3="74,103,33,128,10,55,107,116,94,42,99,45,40"/><W77/><G116/><T83/><D117/><U110/><E112/><V78/><F123/><W96/><G33/><T73/><D3/><U49/><E39/><V46/><F35/><W54/><G128/><N who="0" m="49227" /><D132/><U98/><E68/><V89/><F130/><W65/><G65/><T15/><D73/><U37/><E37/><V0/><F0/><W106/><G10/><T59/><D93/><U25/><E110/><V113/><F113/><W100/><G94/><T69/><D15/><U51/><E127/><V70/><F119/><W26/><G26/><T24/><D24/><U124/><E4/><V30/><F109/><W92/><G92/><T31/><D31/><N who="1" m="17831" /><E124/><V84/><F30/><W118/><G118/><T8/><D8/><U125/><E125/><V28/><F28/><W58/><G45/><T29/><D69/><U60/><E51/><V1/><F70/><W91/><G91/><N who="0" m="51711" /><D29/><U79/><E49/><V90/><F1/><W133/><G133/><T64/><AGARI ba="1,1" hai="13,17,21,59,62,64,121,122" m="51711,49227" machi="64" ten="30,2000,0" yaku="19,1,52,1" doraHai="57" who="0" fromWho="0" sc="200,33,159,-6,251,-6,380,-11" /><INIT seed="4,0,0,4,0,29" ten="233,153,245,369" oya="0" hai0="3,54,62,46,57,16,123,15,24,104,0,37,58" hai1="53,42,19,38,66,110,2,45,85,17,11,65,121" hai2="81,76,92,49,60,12,86,73,41,7,27,82,8" hai3="107,133,77,13,67,32,112,70,114,47,61,33,74"/><T72/><D123/><U80/><E121/><V119/><F119/><W105/><G133/><T109/><D104/><N who="3" m="40009" /><G13/><T88/><D72/><U22/><E110/><V63/><F27/><W113/><G47/><T71/><D109/><U35/><E53/><V99/><F73/><W94/><G94/><T93/><D71/><U68/><E68/><V103/><F82/><AGARI ba="0,0" hai="32,33,61,67,70,74,77,82,112,113,114" m="40009" machi="82" ten="40,8000,1" yaku="15,1,23,1,52,2" doraHai="29" who="3" fromWho="2" sc="233,0,153,0,245,-80,369,80" /><INIT seed="5,0,0,3,1,64" ten="233,153,165,449" oya="1" hai0="90,76,3,133,22,83,62,46,111,87,26,52,109" hai1="67,65,27,99,38,14,43,107,50,72,15,33,44" hai2="20,69,48,79,71,108,118,66,129,17,132,36,63" hai3="98,115,104,123,130,23,40,100,106,124,103,102,4"/><U101/><E72/><V16/><F118/><W126/><G123/><T59/><D3/><U91/><E91/><V116/><F116/><W47/><G115/><T31/><D133/><U18/><E38/><V120/><F132/><W19/><G130/><T114/><D114/><U96/><E96/><V95/><F108/><W93/><G4/><T12/><D46/><U41/><E41/><V131/><F36/><W2/><G2/><T81/><REACH who="0" step="1"/><D12/><REACH who="0" ten="223,153,165,449" step="2"/><U5/><E15/><N who="2" m="9247" /><F120/><W128/><G128/><N who="2" m="49225" /><F79/><W134/><G134/><T82/><D82/><U1/><E1/><V30/><F30/><W37/><G106/><T28/><D28/><U74/><E107/><V112/><F112/><W68/><G104/><T122/><D122/><U77/><E77/><V13/><F95/><W8/><G93/><T113/><D113/><U58/><E14/><V11/><F48/><W119/><G119/><T25/><D25/><U135/><E50/><V110/><F110/><W88/><G37/><T35/><D35/><U10/><E33/><V86/><F86/><AGARI ba="0,1" hai="22,26,31,52,59,62,76,81,83,86,87,90,109,111" machi="86" ten="30,3900,0" yaku="1,1,7,1,54,1,53,0" doraHai="64" doraHaiUra="29" who="0" fromWho="2" sc="223,49,153,0,165,-39,449,0" /><INIT seed="6,0,0,4,4,21" ten="272,153,126,449" oya="2" hai0="67,23,83,75,22,10,15,49,131,124,12,107,93" hai1="82,3,40,25,1,66,94,135,2,37,0,63,30" hai2="59,91,47,7,105,127,81,28,134,88,9,78,84" hai3="60,20,71,121,103,109,104,119,100,126,33,116,73"/><V11/><F134/><W51/><G121/><T57/><D107/><U50/><E135/><V90/><F105/><W69/><G109/><T133/><D133/><U31/><E37/><V5/><F127/><W110/><G110/><T125/><D131/><U16/><E82/><V4/><F28/><W26/><G33/><T44/><D15/><U108/><E108/><V101/><F101/><W132/><G73/><T8/><D8/><U54/><E94/><V58/><REACH who="2" step="1"/><F47/><REACH who="2" ten="272,153,116,449" step="2"/><W64/><G132/><T18/><D44/><U72/><E31/><V96/><F96/><W41/><G100/><T89/><D124/><U39/><E30/><V42/><F42/><W120/><G103/><T129/><D125/><U98/><E40/><V46/><F46/><W92/><G104/><T52/><D129/><U86/><E98/><V32/><F32/><W130/><G41/><T38/><D38/><U102/><E102/><V76/><F76/><W56/><G130/><T111/><D111/><U122/><E39/><V14/><F14/><W61/><G126/><T70/><D12/><U128/><E128/><V19/><F19/><W13/><G13/><T53/><D18/><U45/><E16/><V6/><N who="2" m="1024" /><DORA hai="17" /><V117/><F117/><W112/><G116/><T79/><D79/><U77/><E77/><V68/><F68/><W48/><G119/><T74/><D70/><U34/><E34/><V65/><F65/><W106/><G64/><T36/><D36/><U115/><E66/><V99/><F99/><W27/><G71/><T85/><D23/><U97/><E0/><V123/><F123/><RYUUKYOKU ba="0,1" sc="272,-10,153,-10,116,30,449,-10" hai2="9,11,58,59,78,81,84,88,90,91" /><INIT seed="6,1,1,1,3,19" ten="262,143,146,439" oya="2" hai0="55,125,27,44,7,35,21,41,98,69,68,40,113" hai1="82,120,122,10,24,58,109,66,13,50,91,5,103" hai2="85,51,60,79,64,110,0,1,90,9,42,97,37" hai3="61,11,31,116,54,115,92,126,46,111,129,121,124"/><V36/><F110/><W20/><G121/><N who="1" m="46698" /><E109/><V100/><F79/><W77/><G111/><T83/><D35/><U28/><E103/><V105/><F51/><W88/><G116/><T16/><D113/><U25/><E28/><V26/><F26/><W23/><G115/><T78/><D125/><U130/><E130/><V32/><F32/><W70/><G129/><T18/><D7/><U53/><E66/><V49/><F49/><W93/><G11/><T95/><D55/><U86/><AGARI ba="1,1" hai="5,10,13,24,25,50,53,58,82,86,91" m="46698" machi="86" ten="30,1100,0" yaku="13,1" doraHai="19" who="1" fromWho="1" sc="262,-4,143,24,146,-6,439,-4" /><INIT seed="7,0,0,5,5,112" ten="258,167,140,435" oya="3" hai0="125,32,34,103,77,122,84,37,15,44,8,36,67" hai1="48,41,45,95,117,59,57,128,68,4,55,124,97" hai2="93,24,17,20,109,76,129,28,58,94,2,54,71" hai3="83,113,46,53,10,88,25,38,40,116,63,7,49"/><W89/><G116/><T115/><D122/><U127/><E68/><V0/><F109/><W101/><G113/><T31/><D115/><U79/><E117/><V102/><F71/><W56/><G101/><T51/><D125/><N who="1" m="48203" /><E128/><V105/><F129/><W1/><G83/><N who="0" m="47215" /><D67/><U39/><E79/><V5/><F76/><W64/><G25/><T111/><D103/><N who="1" m="60863" /><E4/><V85/><F5/><W110/><G110/><T121/><D51/><U114/><E114/><V80/><F28/><W119/><G119/><T126/><D15/><U134/><E134/><V50/><F0/><W19/><G19/><T90/><D90/><U65/><E65/><V11/><F2/><W26/><G26/><T72/><D44/><AGARI ba="0,0" hai="39,41,44,45,48,55,57,59" m="60863,48203" machi="44" ten="30,1000,0" yaku="18,1" doraHai="112" who="1" fromWho="0" sc="258,-10,167,10,140,0,435,0" /><AGARI ba="0,0" hai="1,7,10,38,40,44,46,49,53,56,63,64,88,89" machi="44" ten="30,2900,0" yaku="7,1,54,1" doraHai="112" who="3" fromWho="0" sc="248,-29,177,0,140,0,435,29" owari="219,2.0,177,-22.0,140,-36.0,464,56.0" /></mjloggm>