<mjloggm ver="2.3"><GO type="225" lobby="0"/><UN n0="%E5%B0%B1%E6%B4%BB%E7%94%9F%40%E5%B7%9D%E6%9D%91%E8%BB%8D%E5%9B%A3" n1="%48%69%74%6C%65%72" n2="%E9%A7%84%E5%A6%B9" n3="%E5%AE%AE%E6%9C%AC%E4%BE%86%E5%A4%8F" dan="16,16,16,17" rate="2077.80,2136.50,2143.84,2197.85" sx="M,M,F,F"/><TAIKYOKU oya="0"/><INIT seed="0,0,0,0,4,68" ten="250,250,250,250" oya="0" hai0="115,15,131,74,91,40,108,114,69,86,16,94,100" hai1="71,104,77,124,33,51,31,99,116,123,36,42,48" hai2="64,10,27,23,2,55,120,85,93,121,65,29,113" hai3="25,32,119,38,37,39,4,6,126,110,34,72,43"/><T118/><D118/><U92/><E116/><V20/><F113/><W19/><G119/><T46/><D69/><U18/><E71/><V105/><F105/><W62/><G72/><T8/><D74/><U103/><E123/><V58/><F20/><W3/><G43/><T5/><D131/><U133/><E77/><V97/><F85/><W80/><G110/><T134/><D134/><U109/><E109/><V106/><F106/><W87/><G126/><T28/><D108/><U41/><E41/><V76/><F76/><W130/><G62/><T7/><D28/><U83/><E83/><V101/><F120/><W89/><G130/><T66/><D66/><U102/><E18/><V11/><F121/><W79/><G79/><T44/><D44/><U67/><E67/><N who="2" m="25675" /><F2/><W135/><G135/><T56/><D56/><U90/><E102/><V14/><F14/><W98/><G98/><T12/><D100/><U35/><E124/><V53/><F53/><W61/><G61/><AGARI ba="0,0" hai="10,11,23,27,29,55,58,61,93,97,101" m="25675" machi="61" ten="30,1000,0" yaku="8,1" doraHai="68" who="2" fromWho="3" sc="250,0,250,0,250,10,250,-10" /><INIT seed="1,0,0,3,3,96" ten="250,250,260,240" oya="1" hai0="124,17,11,74,104,119,46,95,8,120,71,133,64" hai1="105,75,14,102,42,7,66,24,38,31,80,67,2" hai2="40,108,32,27,57,112,89,22,107,37,81,79,126" hai3="60,128,91,26,54,56,131,88,125,34,1,30,72"/><U9/><E14/><V76/><F32/><W61/><G125/><T97/><D104/><U16/><E16/><V103/><F126/><W123/><G123/><T69/><D74/><U121/><E121/><V85/><F57/><N who="3" m="34871" /><G1/><T29/><D119/><U94/><E94/><V116/><F116/><W101/><G72/><T53/><D29/><U98/><E42/><V0/><F0/><W33/><G101/><T59/><D120/><U110/><E38/><V50/><F37/><W109/><G34/><T12/><D133/><U83/><E110/><V82/><F112/><W21/><G33/><T5/><D124/><U13/><E2/><V114/><F108/><W135/><G135/><T48/><D11/><U93/><E105/><V10/><F10/><W90/><G109/><T63/><REACH who="0" step="1"/><D5/><REACH who="0" ten="240,250,260,240" step="2"/><U127/><E127/><V4/><F4/><W132/><G132/><T122/><D122/><U47/><E75/><V18/><F107/><W86/><G128/><T129/><D129/><U134/><E134/><V115/><F114/><W49/><G131/><T20/><D20/><N who="1" m="15751" /><E47/><N who="2" m="25959" /><F115/><W39/><G39/><T41/><D41/><U51/><E51/><V130/><F130/><W87/><G49/><T99/><D99/><U6/><E6/><V52/><F85/><W28/><G30/><T118/><D118/><U68/><E68/><V100/><F22/><W77/><G77/><T84/><D84/><U55/><E55/><AGARI ba="0,1" hai="21,26,28,55,56,61,86,87,88,90,91" m="34871" machi="55" ten="30,2000,0" yaku="8,1,54,1" doraHai="96" who="3" fromWho="1" sc="240,0,250,-20,260,0,240,30" /><INIT seed="2,0,0,0,5,98" ten="240,230,260,270" oya="2" hai0="42,23,129,12,61,64,131,108,62,124,35,69,84" hai1="100,74,86,75,92,60,106,118,21,97,33,89,77" hai2="72,130,82,120,52,112,10,103,65,114,48,71,37" hai3="123,70,18,99,54,49,107,2,111,133,78,51,34"/><V96/><F120/><W24/><G123/><T115/><D35/><U16/><E33/><V80/><F37/><W36/><G36/><T83/><D115/><U7/><E118/><V43/><F43/><W39/><G39/><T101/><D42/><U63/><E7/><V102/><F130/><N who="0" m="49674" /><D124/><U59/><E77/><V117/><F117/><W11/><G70/><T87/><D62/><U46/><E46/><V6/><F72/><W119/><G119/><T9/><D23/><U66/><REACH who="1" step="1"/><E60/><REACH who="1" ten="240,220,260,270" step="2"/><N who="2" m="40359" /><F114/><W55/><G78/><T14/><D108/><U44/><E44/><V30/><F112/><W58/><G111/><T76/><D76/><U134/><E134/><V127/><F127/><W1/><G34/><T53/><D61/><U31/><E31/><V29/><F30/><W93/><G133/><T0/><D69/><U94/><E94/><V41/><F29/><W25/><G107/><T67/><D64/><U68/><E68/><V88/><F6/><W38/><G2/><T105/><D67/><U40/><E40/><V26/><F41/><W79/><G38/><T13/><D0/><U19/><E19/><V91/><F48/><W95/><G79/><T20/><D9/><U113/><E113/><V116/><F10/><W27/><G1/><T45/><D20/><U85/><E85/><N who="2" m="50215" /><F116/><W47/><G99/><N who="0" m="61631" /><D83/><U125/><E125/><V15/><F82/><W22/><G11/><T4/><D4/><U121/><E121/><V122/><F122/><W128/><G128/><T32/><D32/><U3/><E3/><V28/><F28/><W57/><G47/><T126/><D126/><RYUUKYOKU ba="0,1" sc="240,10,220,10,260,-30,270,10" hai0="12,13,14,45,53,84,87" hai1="16,21,59,63,66,74,75,86,89,92,97,100,106" hai3="18,22,24,25,27,49,51,54,55,57,58,93,95" /><INIT seed="3,1,1,1,4,88" ten="250,230,230,280" oya="3" hai0="112,98,97,89,5,18,108,86,1,79,34,35,110" hai1="47,109,41,96,14,60,68,122,72,16,11,134,31" hai2="62,73,53,119,132,38,9,33,51,55,115,61,124" hai3="22,116,65,99,129,58,30,130,111,46,92,20,15"/><W67/><G116/><T52/><D112/><U121/><E72/><V81/><F38/><W127/><G111/><N who="0" m="42539" /><D79/><U107/><E109/><V78/><F119/><W0/><G0/><T104/><D104/><U12/><E134/><V95/><F33/><W84/><G127/><T63/><D63/><U66/><E31/><V36/><F36/><W32/><G84/><T90/><D18/><U114/><E114/><V118/><F118/><W85/><G85/><T54/><D5/><U27/><E27/><V43/><F124/><W13/><G46/><T117/><D1/><U49/><REACH who="1" step="1"/><E12/><REACH who="1" ten="250,220,230,280" step="2"/><V21/><F132/><W80/><G15/><T40/><D117/><U102/><AGARI ba="1,2" hai="11,14,16,41,47,49,60,66,68,96,102,107,121,122" machi="102" ten="30,7900,0" yaku="1,1,2,1,0,1,54,1,53,0" doraHai="88" doraHaiUra="82" who="1" fromWho="1" sc="250,-21,220,102,230,-21,280,-40" owari="229,-17.0,322,42.0,209,-29.0,240,4.0" /></mjloggm>