<mjloggm ver="2.3"><GO type="41" lobby="0"/><UN n0="%6A%75%6E%6B" n1="%E3%82%B1%E3%83%B3%E5%9D%8A" n2="%E5%B0%B1%E6%B4%BB%E7%94%9F%40%E5%B7%9D%E6%9D%91%E8%BB%8D%E5%9B%A3" n3="%E5%96%B0%E4%BA%BA%E5%AE%B6" dan="15,13,15,13" rate="2000.91,1863.73,2016.78,2110.36" sx="M,M,M,M"/><TAIKYOKU oya="0"/><INIT seed="0,0,0,4,1,102" ten="250,250,250,250" oya="0" hai0="135,67,62,117,94,115,63,48,130,82,107,60,12" hai1="114,35,90,113,103,32,20,53,49,54,127,33,37" hai2="27,109,28,50,7,128,118,51,123,116,58,4,43" hai3="121,88,119,93,46,106,13,26,104,110,5,0,126"/><T25/><D117/><N who="2" m="45162" /><F123/><W70/><G119/><T11/><D115/><N who="1" m="44043" /><E37/><V64/><F128/><W41/><G41/><T17/><D130/><U56/><E127/><V45/><F109/><W85/><G0/><T78/><D135/><U124/><E124/><V6/><F64/><W97/><G126/><T134/><D134/><U55/><E103/><V10/><F58/><W92/><G70/><T108/><D108/><U24/><E90/><V76/><F76/><W18/><G110/><T2/><D48/><U77/><E77/><V133/><F133/><W3/><G26/><T14/><D2/><U39/><E39/><N who="2" m="21759" /><F10/><W65/><G65/><T19/><D25/><U86/><E86/><V21/><AGARI ba="0,0" hai="4,6,7,21,27,28,50,51" m="21759,45162" machi="21" ten="30,1100,0" yaku="12,1" doraHai="102" who="2" fromWho="2" sc="250,-5,250,-3,250,11,250,-3" /><INIT seed="1,0,0,1,5,10" ten="245,247,261,247" oya="1" hai0="75,126,85,44,3,101,4,83,19,134,110,59,89" hai1="104,1,115,41,7,95,40,0,108,17,62,113,96" hai2="98,119,28,124,74,46,42,57,132,103,8,88,23" hai3="71,14,107,130,60,106,61,33,64,79,30,81,55"/><U21/><E104/><V109/><F74/><W29/><G29/><T102/><D110/><U11/><E0/><V48/><F109/><W123/><G123/><T118/><D118/><U117/><E117/><V54/><F119/><W31/><G31/><T67/><D75/><U25/><E108/><V92/><F124/><W99/><G55/><T52/><D126/><U111/><E111/><V20/><F132/><W93/><G61/><T69/><D134/><U120/><E120/><V16/><F28/><W34/><G34/><T9/><D19/><U32/><E115/><V76/><F76/><W131/><G33/><T129/><D129/><N who="3" m="49161" /><G30/><T37/><D67/><U68/><E32/><V128/><F128/><W90/><G14/><T22/><D22/><U66/><REACH who="1" step="1"/><E113/><REACH who="1" ten="245,237,261,247" step="2"/><V127/><F127/><W122/><G122/><T5/><D69/><U91/><AGARI ba="0,1" hai="1,7,11,17,21,25,40,41,62,66,68,91,95,96" machi="91" ten="20,7800,0" yaku="1,1,2,1,0,1,7,1,53,0" doraHai="10" doraHaiUra="114" who="1" fromWho="1" sc="245,-26,237,88,261,-26,247,-26" /><INIT seed="1,1,0,4,1,91" ten="219,325,235,221" oya="1" hai0="6,96,8,99,56,84,32,103,98,15,9,51,117" hai1="62,127,95,33,54,79,57,90,110,119,111,121,116" hai2="19,135,49,115,4,75,27,41,107,5,124,7,24" hai3="12,17,55,89,35,46,45,65,50,40,47,43,104"/><U16/><E33/><V42/><F107/><W81/><G104/><T25/><D117/><U34/><E34/><V97/><F75/><W52/><G35/><T134/><D134/><U21/><E121/><V59/><F115/><W106/><G106/><T129/><D129/><U94/><E79/><V64/><F135/><W14/><G65/><T76/><D25/><U130/><E130/><V78/><F124/><W126/><G126/><T123/><D32/><U23/><E127/><V77/><F97/><W20/><G55/><N who="0" m="31871" /><D9/><U29/><E29/><V93/><F93/><N who="1" m="35337" /><E90/><V128/><F128/><W102/><G102/><T26/><D26/><N who="2" m="9770" /><F19/><W0/><G0/><T80/><D123/><U87/><E87/><V58/><F64/><W118/><G118/><N who="1" m="45098" /><E16/><V120/><F49/><W69/><G12/><T67/><D67/><U31/><E31/><V73/><F73/><W68/><G89/><T1/><D1/><U113/><E113/><V37/><F37/><W105/><G81/><T108/><D108/><AGARI ba="1,0" hai="21,23,54,57,62,108,110,111" m="45098,35337" machi="108" ten="30,12000,1" yaku="14,1,10,1,52,3" doraHai="91" who="1" fromWho="0" sc="219,-123,325,123,235,0,221,0" /><INIT seed="1,2,0,1,3,89" ten="96,448,235,221" oya="1" hai0="11,65,128,82,118,92,0,97,66,14,84,17,114" hai1="35,58,23,4,107,72,123,111,13,115,81,80,108" hai2="50,73,38,127,37,2,16,124,95,121,42,129,125" hai3="33,135,36,98,7,110,48,57,12,134,74,62,3"/><U70/><E107/><V19/><F73/><W31/><G74/><T90/><D118/><U104/><E104/><V88/><F2/><W94/><G3/><T106/><D114/><U91/><E115/><V5/><F5/><W55/><G36/><N who="2" m="13929" /><F129/><W59/><G31/><T86/><D128/><U45/><E123/><V18/><F121/><W99/><G33/><T44/><D86/><U51/><E70/><V53/><F42/><W87/><G87/><T102/><D0/><U47/><E35/><V20/><F50/><W32/><G32/><T131/><D131/><U68/><E68/><V40/><F40/><W61/><G7/><T34/><D34/><U130/><E130/><V30/><F53/><W132/><G12/><T52/><D106/><U56/><E72/><V79/><F79/><W122/><G122/><T76/><D76/><U6/><E23/><V77/><F77/><W85/><G85/><T54/><D54/><U96/><E13/><N who="2" m="9231" /><F30/><W69/><G69/><T25/><D25/><U28/><E28/><V113/><F113/><W67/><G62/><T10/><D11/><U83/><E6/><V78/><F78/><W39/><G39/><T46/><D46/><N who="1" m="17419" /><E4/><V93/><F93/><W41/><G98/><AGARI ba="2,0" hai="18,19,88,95,98,124,125,127" m="9231,13929" machi="98" ten="40,8000,1" yaku="18,1,52,1,54,2" doraHai="89" who="2" fromWho="3" sc="96,0,448,0,235,86,221,-86" /><INIT seed="2,0,0,2,0,130" ten="96,448,321,135" oya="2" hai0="44,31,111,108,30,40,113,62,112,104,11,13,45" hai1="7,2,17,56,26,114,121,102,101,53,79,67,52" hai2="81,131,84,122,98,5,24,76,41,93,107,35,109" hai3="60,87,8,106,0,82,129,88,85,29,119,100,22"/><V83/><F122/><W69/><G119/><T92/><D104/><U37/><E121/><V123/><F123/><W42/><G106/><T74/><D74/><U34/><E37/><V103/><F131/><W4/><G100/><T117/><D92/><U68/><E79/><V58/><F109/><N who="0" m="42058" /><D62/><U132/><E114/><N who="0" m="44137" /><D40/><U50/><E68/><V127/><F127/><W80/><G129/><T63/><D63/><U48/><E67/><V19/><F5/><W64/><G42/><T78/><D78/><U61/><E7/><V38/><F38/><W66/><G66/><T133/><D133/><U57/><E132/><V72/><F41/><W65/><G65/><T12/><D11/><U73/><E73/><V25/><F58/><W21/><G29/><N who="0" m="10763" /><D117/><U43/><E43/><V120/><F120/><W116/><G116/><T14/><AGARI ba="0,0" hai="12,13,14,44,45" m="10763,44137,42058" machi="14" ten="40,5200,0" yaku="28,2,14,1" doraHai="130" who="0" fromWho="0" sc="96,52,448,-13,321,-26,135,-13" /><INIT seed="3,0,0,4,3,108" ten="148,435,295,122" oya="3" hai0="98,30,41,25,131,2,44,132,101,29,70,37,1" hai1="102,21,111,57,134,85,58,52,133,51,31,89,128" hai2="92,34,81,94,61,105,62,93,54,7,82,63,65" hai3="116,38,117,28,56,119,68,15,79,123,3,83,60"/><W129/><G123/><T95/><D132/><N who="1" m="50795" /><E111/><V64/><F105/><W103/><G3/><T87/><D30/><U109/><E109/><V27/><F34/><W77/><G68/><T22/><D131/><U49/><E128/><V91/><F7/><W26/><G129/><T8/><D70/><U35/><E35/><V126/><F126/><W69/><G38/><T99/><D87/><U55/><E102/><V125/><F125/><W72/><G103/><T42/><D42/><U20/><E31/><V66/><F91/><W39/><G39/><T114/><D99/><U124/><E124/><V23/><REACH who="2" step="1"/><F54/><REACH who="2" ten="148,435,285,122" step="2"/><W45/><G119/><T17/><D2/><U13/><E13/><V9/><F9/><W0/><G15/><T33/><D1/><U80/><AGARI ba="0,1" hai="20,21,49,51,52,55,57,58,80,85,89" m="50795" machi="80" ten="30,2000,0" yaku="20,1,54,1" doraHai="108" who="1" fromWho="1" sc="148,-5,435,30,285,-5,122,-10" /><INIT seed="4,0,0,0,0,118" ten="143,465,280,112" oya="0" hai0="79,55,19,9,114,95,69,109,128,99,88,111,23" hai1="16,50,110,14,41,115,21,40,116,121,6,3,5" hai2="100,12,24,62,107,10,127,90,18,96,98,77,44" hai3="125,67,33,91,17,86,126,22,54,36,89,104,39"/><T59/><D69/><U35/><E116/><V61/><F127/><N who="3" m="48651" /><G104/><T46/><D114/><U32/><E50/><V76/><F24/><W70/><G33/><N who="1" m="12874" /><E40/><V78/><F96/><W92/><G54/><T48/><D79/><U64/><E41/><V122/><F122/><W123/><G123/><T11/><D128/><U58/><E58/><V117/><F117/><W66/><G91/><T13/><D111/><U60/><E64/><N who="3" m="24618" /><G70/><T57/><D109/><U26/><E60/><V103/><F103/><W2/><G2/><T27/><REACH who="0" step="1"/><D9/><REACH who="0" ten="133,465,280,112" step="2"/><N who="1" m="2239" /><E110/><V28/><F10/><W108/><G108/><T119/><D119/><U1/><E115/><V8/><F77/><W65/><N who="3" m="24626" /><W15/><AGARI ba="0,1" hai="15,17,22,36,39,86,89,92" m="24626,48651" machi="15" ten="40,2700,0" yaku="4,1,18,1" doraHai="118" who="3" fromWho="3" sc="133,-13,465,-7,280,-7,112,37" /><INIT seed="5,0,0,0,0,79" ten="120,458,273,149" oya="1" hai0="123,25,94,48,20,81,108,86,120,128,121,119,4" hai1="45,84,28,41,1,69,122,16,7,107,72,125,3" hai2="127,75,42,104,39,109,19,9,8,12,10,18,92" hai3="67,131,43,129,61,26,110,0,111,34,88,56,96"/><U29/><E107/><V11/><F104/><W50/><G0/><T98/><D4/><U35/><E122/><V74/><F109/><W63/><G34/><T52/><D108/><U101/><E101/><V47/><F127/><W24/><G96/><T51/><D119/><U85/><E125/><V76/><F76/><W14/><G14/><T82/><D86/><U22/><E72/><V23/><N who="2" m="2048" /><DORA hai="115" /><V38/><F38/><W87/><G43/><T95/><D128/><N who="3" m="49225" /><G50/><T99/><D98/><U70/><E7/><V112/><F112/><W40/><G40/><T21/><D51/><N who="1" m="27055" /><E69/><V124/><F124/><W62/><G111/><T134/><D134/><U36/><E36/><V78/><F78/><W71/><G110/><T113/><D113/><U66/><E70/><V64/><F64/><N who="3" m="41359" /><G63/><T89/><D95/><AGARI ba="0,0" hai="24,26,56,62,67,87,88,95" m="41359,49225" machi="95" ten="30,2000,0" yaku="19,1,54,1" doraHai="79,115" who="3" fromWho="0" sc="120,-20,458,0,273,0,149,20" /><INIT seed="6,0,0,5,1,87" ten="100,458,273,169" oya="2" hai0="6,133,119,56,69,63,59,74,99,81,52,101,92" hai1="76,70,85,60,26,15,77,46,78,35,130,122,65" hai2="75,58,90,42,62,82,109,16,41,25,108,29,98" hai3="94,19,105,107,93,14,36,10,80,96,120,121,83"/><V3/><F3/><W9/><G14/><T18/><D119/><U124/><E130/><V57/><F75/><W111/><G19/><T113/><D113/><U0/><E0/><V91/><F58/><W48/><G48/><T97/><D133/><U127/><E122/><V117/><F117/><W66/><G66/><T55/><D69/><U17/><E35/><V79/><F41/><W68/><G68/><T110/><D110/><N who="2" m="42602" /><F42/><W39/><G111/><T4/><D18/><U38/><E26/><V95/><F79/><W88/><REACH who="3" step="1"/><G96/><REACH who="3" ten="100,458,273,159" step="2"/><T134/><D134/><U114/><E15/><V11/><F11/><W104/><G104/><T72/><D99/><U89/><E17/><V100/><F82/><W67/><G67/><T32/><D32/><U132/><E132/><V64/><F16/><W12/><G12/><T28/><D28/><U128/><E128/><V7/><F7/><W40/><G40/><T71/><D71/><U102/><E70/><V54/><F54/><W61/><G61/><T5/><REACH who="0" step="1"/><D81/><REACH who="0" ten="90,458,273,159" step="2"/><U37/><E114/><V123/><F123/><W22/><G22/><AGARI ba="0,2" hai="22,25,29,57,62,64,90,91,95,98,100" m="42602" machi="22" ten="30,11600,0" yaku="25,1,10,1,52,2" doraHai="87" who="2" fromWho="3" sc="90,0,458,0,273,136,159,-116" /><INIT seed="6,1,0,1,1,101" ten="90,458,409,43" oya="2" hai0="39,91,31,66,130,53,81,65,26,80,132,117,44" hai1="59,24,77,12,122,90,78,55,6,45,88,89,2" hai2="52,110,111,127,85,10,54,35,116,58,121,98,95" hai3="67,21,46,83,94,102,79,84,51,0,19,27,100"/><V43/><F35/><W23/><G0/><T13/><D130/><U28/><E2/><V48/><F116/><W97/><G67/><T38/><D132/><U49/><E122/><V16/><F121/><W20/><REACH who="3" step="1"/><G102/><REACH who="3" ten="90,458,409,33" step="2"/><T63/><D117/><U37/><E37/><V42/><F127/><W125/><G125/><T103/><D103/><U69/><E69/><V57/><F110/><W119/><G119/><T109/><D109/><U60/><E6/><V133/><F111/><W71/><G71/><T17/><D65/><U62/><E12/><N who="2" m="7191" /><F85/><W36/><G36/><T104/><D39/><U41/><E62/><N who="2" m="36135" /><F133/><W64/><G64/><T74/><D38/><U131/><REACH who="1" step="1"/><E131/><REACH who="1" ten="90,448,409,33" step="2"/><V115/><F115/><W33/><G33/><AGARI ba="1,2" hai="24,28,33,41,45,49,55,59,60,77,78,88,89,90" machi="33" ten="40,8000,1" yaku="1,1,2,1,54,1,53,1" doraHai="101" doraHaiUra="47" who="1" fromWho="3" sc="90,0,448,103,409,0,33,-83" owari="90,-31.0,551,65.0,409,21.0,-50,-55.0" /></mjloggm>