<mjloggm ver="2.3"><GO type="225" lobby="0"/><UN n0="%63%6F%61" n1="%72%69%6F%75%63%68%61%6E" n2="%E2%98%86%E9%BB%84%E7%80%AC%E3%82%84%E3%82%88%E3%81%84%E2%98%86" n3="%E3%83%88%E3%83%88%E3%83%AA%E5%85%88%E7%94%9F%31%39%E6%AD%B3" dan="17,17,17,17" rate="2167.71,2164.75,2228.13,2228.74" sx="M,M,F,F"/><TAIKYOKU oya="0"/><INIT seed="0,0,0,3,2,15" ten="250,250,250,250" oya="0" hai0="24,117,93,16,5,34,118,85,77,105,65,74,89" hai1="99,84,46,54,68,66,48,56,123,41,80,18,107" hai2="25,71,67,96,7,39,90,113,4,111,9,72,94" hai3="8,88,27,6,55,19,134,122,119,12,44,127,109"/><T125/><D5/><U130/><E123/><V50/><F113/><W131/><G119/><T112/><D112/><U121/><E121/><V116/><F39/><W78/><G122/><T120/><D120/><U69/><E130/><V128/><F128/><W81/><G131/><T98/><D65/><U38/><E66/><V106/><F72/><W17/><G109/><T114/><D114/><U104/><E18/><N who="3" m="6666" /><G134/><T133/><D133/><U115/><E115/><V23/><F106/><W37/><G37/><T43/><D43/><U30/><E30/><V95/><F71/><W64/><G127/><T61/><D61/><U33/><E33/><V42/><F111/><W102/><G64/><T32/><D125/><U36/><E38/><V92/><F116/><W47/><G102/><N who="0" m="62679" /><D34/><U63/><E107/><V101/><F101/><W86/><G27/><T0/><D0/><U97/><E104/><V132/><F25/><W75/><G75/><T129/><D32/><U29/><E69/><V2/><F132/><W14/><G14/><T100/><D100/><U135/><E135/><V91/><F2/><W13/><G13/><T49/><D129/><U73/><E73/><V53/><F67/><W21/><G21/><N who="0" m="13351" /><D49/><U62/><E68/><V58/><F23/><W45/><G78/><T31/><D31/><U1/><E29/><V20/><F20/><W110/><G110/><T83/><AGARI ba="0,0" hai="74,77,83,85,89,93,117,118" m="13351,62679" machi="83" ten="30,6000,0" yaku="24,1,52,1,54,1" doraHai="15" who="0" fromWho="0" sc="250,60,250,-20,250,-20,250,-20" /><INIT seed="0,1,0,4,0,66" ten="310,230,230,230" oya="0" hai0="53,77,76,80,112,36,101,45,60,38,94,48,67" hai1="28,11,43,62,22,46,10,2,88,59,105,104,108" hai2="95,132,114,117,73,31,52,81,87,3,99,90,69" hai3="1,106,102,68,98,91,29,65,133,70,54,109,12"/><T5/><D112/><U4/><E11/><V42/><F114/><W97/><G1/><T111/><D111/><U23/><E108/><V25/><F3/><W127/><G65/><T82/><D5/><U39/><E88/><V49/><F132/><W107/><G109/><T85/><D94/><U135/><E135/><V32/><F117/><W122/><G133/><T64/><D101/><U34/><E34/><V33/><F42/><W74/><G74/><T61/><D67/><U13/><E23/><V78/><F33/><W129/><G129/><T86/><REACH who="0" step="1"/><D60/><REACH who="0" ten="300,230,230,230" step="2"/><U35/><E62/><V0/><F0/><W121/><G102/><T18/><D18/><N who="1" m="10575" /><E105/><V14/><F99/><W16/><G106/><T19/><D19/><U8/><E104/><V40/><F95/><N who="3" m="56575" /><G98/><T6/><D6/><U115/><E115/><V96/><F96/><W71/><G107/><T83/><D83/><U24/><E4/><V75/><F81/><W47/><G121/><T124/><D124/><U130/><E2/><V56/><F31/><W51/><G127/><T128/><D128/><U120/><E130/><V44/><F75/><W79/><G29/><T57/><AGARI ba="1,1" hai="36,38,45,48,53,57,61,64,76,77,80,82,85,86" machi="57" ten="20,7800,0" yaku="1,1,0,1,7,1,9,1,53,0" doraHai="66" doraHaiUra="125" who="0" fromWho="0" sc="300,91,230,-27,230,-27,230,-27" /><INIT seed="0,2,0,4,1,21" ten="391,203,203,203" oya="0" hai0="40,54,91,125,89,134,36,107,68,126,66,120,111" hai1="99,77,73,74,102,3,46,42,56,123,44,86,50" hai2="87,124,17,23,72,69,28,64,105,110,14,115,53" hai3="85,31,51,95,60,45,47,34,82,61,133,112,13"/><T114/><D120/><U116/><E123/><V88/><F115/><W79/><G112/><T5/><D114/><U22/><E116/><V39/><F124/><W15/><G133/><T104/><D134/><U67/><E3/><V27/><F110/><W55/><G34/><T122/><D122/><U52/><E22/><V90/><F39/><W76/><G31/><T2/><D54/><U93/><E67/><V59/><F72/><W7/><G76/><T25/><D111/><U109/><E109/><V48/><F105/><W49/><G95/><T119/><D119/><U37/><REACH who="1" step="1"/><E44/><REACH who="1" ten="391,193,203,203" step="2"/><V121/><F121/><W96/><G47/><T130/><D66/><U113/><E113/><V18/><F64/><W19/><G45/><T71/><D2/><U94/><E94/><N who="2" m="54559" /><F69/><W57/><G57/><T129/><D36/><U62/><E62/><V35/><F35/><W98/><G60/><T6/><D40/><U58/><E58/><V103/><F14/><W80/><G61/><T63/><D63/><U33/><E33/><V16/><F90/><W132/><G132/><T70/><D70/><U9/><E9/><V0/><F0/><W127/><G127/><T131/><D131/><U29/><E29/><V43/><F43/><W128/><G128/><T4/><D129/><U135/><E135/><V8/><F8/><N who="3" m="4255" /><G55/><T32/><D130/><U118/><E118/><V108/><F108/><W106/><G106/><N who="0" m="40491" /><D126/><U11/><E11/><V84/><F103/><W83/><G15/><T117/><D125/><U101/><E101/><V26/><F26/><W30/><G30/><N who="0" m="19535" /><D117/><U97/><E97/><RYUUKYOKU ba="2,1" sc="391,10,193,10,203,10,203,-30" hai0="4,5,6,68,71,89,91" hai1="37,42,46,50,52,56,73,74,77,86,93,99,102" hai2="16,17,18,23,27,28,48,53,59,84" /><INIT seed="0,3,1,0,2,69" ten="401,203,213,173" oya="0" hai0="107,11,15,71,9,73,21,72,19,34,110,8,64" hai1="80,109,39,52,104,113,18,124,20,103,70,14,126" hai2="78,88,25,92,105,74,77,29,115,44,127,112,93" hai3="48,38,37,86,23,30,7,134,96,90,106,75,87"/><T6/><D107/><U24/><E70/><V13/><F105/><W67/><G75/><T114/><D114/><U102/><E39/><V89/><F127/><N who="1" m="48681" /><E109/><V5/><F44/><W63/><G134/><T61/><D110/><U76/><E113/><V56/><F56/><W82/><G7/><T79/><D34/><U45/><E104/><V101/><F101/><N who="1" m="38409" /><E24/><V98/><F5/><W116/><G96/><T17/><D6/><U62/><E62/><V91/><F13/><W43/><G106/><T125/><D125/><U42/><E42/><V121/><F121/><W120/><G120/><T10/><REACH who="0" step="1"/><D79/><REACH who="0" ten="391,203,213,173" step="2"/><U122/><E122/><V58/><F115/><W26/><G116/><T51/><D51/><N who="1" m="28783" /><E76/><V123/><F78/><W3/><G48/><T0/><D0/><U12/><E80/><V2/><F77/><W81/><G3/><T32/><D32/><U131/><E131/><V132/><F2/><W46/><G38/><T33/><D33/><U99/><E99/><V16/><F112/><W36/><G36/><T68/><D68/><U83/><E83/><V130/><F98/><W50/><G50/><T95/><D95/><U129/><E129/><V97/><F93/><W27/><G82/><T111/><D111/><U85/><E85/><V54/><F92/><W1/><G1/><T66/><D66/><U55/><E55/><V108/><F97/><W65/><G86/><T100/><D100/><U40/><E40/><V49/><F54/><W128/><G128/><T59/><D59/><U53/><E53/><V133/><F130/><W119/><G67/><T94/><D94/><RYUUKYOKU ba="3,2" sc="391,15,203,15,213,-15,173,-15" hai0="8,9,10,11,15,17,19,21,61,64,71,72,73" hai1="12,14,18,20" /><INIT seed="0,4,2,5,1,86" ten="406,218,198,158" oya="0" hai0="26,28,71,100,47,45,2,127,6,17,125,63,30" hai1="131,15,31,129,75,33,14,46,87,111,113,23,119" hai2="110,74,54,1,93,39,12,59,106,36,65,69,130" hai3="96,92,120,18,55,132,27,116,109,108,115,76,49"/><T40/><D100/><U97/><E119/><V44/><F1/><W90/><G116/><T105/><D105/><U83/><E75/><V10/><F106/><W79/><G115/><T0/><D17/><U60/><E113/><V67/><F74/><W133/><G120/><T77/><D77/><N who="3" m="29769" /><G18/><T66/><D28/><U95/><E33/><V24/><F130/><N who="1" m="49673" /><E111/><N who="3" m="42570" /><G27/><T123/><D123/><U101/><E46/><AGARI ba="4,2" hai="46,49,55,90,92,96,132,133" m="42570,29769" machi="46" ten="30,2000,0" yaku="14,1,52,1" doraHai="86" who="3" fromWho="1" sc="406,0,218,-32,198,0,158,52" /><INIT seed="1,0,0,5,3,2" ten="406,186,198,210" oya="1" hai0="24,102,120,125,92,99,22,75,113,39,78,132,97" hai1="70,27,51,110,126,89,14,0,112,38,18,45,41" hai2="85,71,59,93,6,30,56,87,64,67,123,115,131" hai3="40,83,117,35,62,52,98,130,128,32,63,15,58"/><U66/><E112/><V94/><F123/><W19/><G117/><T47/><D113/><U96/><E0/><V53/><F115/><W121/><G121/><T50/><D120/><U109/><E38/><V116/><F131/><N who="3" m="50219" /><G40/><T119/><D119/><U73/><E73/><V114/><F116/><W25/><G25/><T48/><D125/><U76/><E126/><V13/><F30/><W69/><G83/><T91/><D132/><U72/><E27/><V74/><F74/><W122/><G122/><T103/><D78/><U127/><E127/><V9/><F71/><W1/><G1/><T80/><D80/><N who="1" m="45063" /><E70/><V77/><F114/><W68/><G98/><T16/><D75/><U49/><E66/><N who="2" m="25131" /><F77/><W7/><G7/><T46/><D39/><N who="1" m="21695" /><E96/><V55/><F85/><W101/><G101/><N who="0" m="38411" /><D99/><U111/><E89/><N who="2" m="53439" /><F94/><W43/><G43/><T60/><D60/><N who="3" m="23081" /><G69/><T20/><D20/><AGARI ba="0,0" hai="14,18,20,49,51,109,110,111" m="21695,45063" machi="20" ten="30,2900,0" yaku="14,1,10,1" doraHai="2" who="1" fromWho="0" sc="406,-29,186,29,198,0,210,0" /><INIT seed="1,1,0,2,3,81" ten="377,215,198,210" oya="1" hai0="101,23,83,28,67,80,17,89,109,60,114,93,2" hai1="66,65,14,70,37,6,16,43,56,0,82,63,105" hai2="132,117,96,130,88,98,100,25,57,110,19,47,133" hai3="9,99,50,10,107,106,33,3,29,58,135,86,4"/><U71/><E105/><N who="2" m="63623" /><F117/><W49/><G135/><N who="2" m="51785" /><F110/><W40/><G10/><T5/><D114/><U77/><E66/><V46/><F130/><W39/><G39/><T121/><D109/><U126/><E37/><V74/><F74/><W84/><G29/><T125/><D125/><U21/><E43/><V34/><F57/><W51/><G33/><T119/><D119/><U20/><E126/><V12/><F34/><W54/><G107/><T52/><D28/><U48/><E21/><N who="2" m="11495" /><F25/><W31/><G31/><T35/><D35/><U8/><REACH who="1" step="1"/><E48/><REACH who="1" ten="377,205,198,210" step="2"/><V116/><F116/><W61/><G40/><T78/><D67/><U69/><E69/><V55/><F55/><W41/><G41/><T95/><D23/><U11/><E11/><V76/><F76/><W127/><G127/><T91/><D78/><U112/><E112/><V73/><F73/><AGARI ba="1,1" hai="0,6,8,14,16,20,56,63,65,70,71,73,77,82" machi="73" ten="30,5800,0" yaku="1,1,7,1,54,1,53,0" doraHai="81" doraHaiUra="123" who="1" fromWho="2" sc="377,0,205,71,198,-61,210,0" /><INIT seed="1,2,0,5,1,8" ten="377,276,137,210" oya="1" hai0="129,21,39,88,134,127,55,133,67,59,110,44,60" hai1="101,12,0,17,91,123,77,116,53,128,26,100,97" hai2="87,82,76,89,33,5,109,112,117,135,74,47,34" hai3="80,18,83,46,132,25,9,118,38,65,2,102,41"/><U51/><E123/><V119/><F109/><W104/><G132/><N who="0" m="50795" /><D110/><U78/><E116/><V70/><F135/><W98/><G118/><T99/><D127/><U48/><E0/><V131/><F112/><W58/><G2/><T125/><D125/><U111/><E111/><V121/><F121/><W6/><G6/><T16/><D129/><U81/><E128/><V84/><F131/><W107/><G107/><T79/><D79/><N who="1" m="30219" /><E26/><V122/><F122/><W14/><G25/><N who="0" m="14503" /><D39/><U90/><E51/><V92/><F70/><W31/><G31/><T37/><D37/><U105/><E105/><V20/><F5/><W63/><AGARI ba="2,0" hai="9,14,18,38,41,46,58,63,65,80,83,98,102,104" machi="63" ten="30,2000,0" yaku="0,1,52,1" doraHai="8" who="3" fromWho="3" sc="377,-7,276,-12,137,-7,210,26" /><INIT seed="2,0,0,4,3,119" ten="370,264,130,236" oya="2" hai0="28,35,78,30,62,1,19,96,57,72,103,135,25" hai1="6,113,50,114,18,87,20,23,91,56,26,71,66" hai2="42,9,8,80,134,45,95,5,116,102,90,27,89" hai3="88,60,121,65,21,24,7,29,3,83,133,111,64"/><V70/><F116/><W92/><G121/><T68/><D1/><U69/><E6/><V59/><F70/><W22/><G111/><T74/><D135/><U73/><E73/><V48/><F134/><W77/><G133/><T40/><D40/><U51/><E69/><V39/><F27/><W0/><G21/><T127/><D127/><U93/><E71/><V52/><F9/><W58/><G65/><N who="0" m="41015" /><D30/><N who="1" m="17735" /><E114/><V41/><F41/><W132/><G7/><T54/><D19/><U10/><E10/><V123/><F123/><W34/><G34/><T55/><D78/><U79/><E79/><V107/><F107/><W101/><G101/><T2/><D2/><U106/><E106/><V67/><F67/><W128/><G128/><T117/><D117/><U4/><E4/><V129/><F129/><W33/><G33/><T115/><D115/><U81/><E81/><V97/><REACH who="2" step="1"/><F80/><REACH who="2" ten="370,264,120,236" step="2"/><W94/><G132/><T76/><D55/><U61/><E113/><V43/><F43/><W85/><REACH who="3" step="1"/><G94/><REACH who="3" ten="370,264,120,226" step="2"/><N who="0" m="58775" /><D25/><AGARI ba="0,2" hai="18,23,25,50,51,56,61,66,87,91,93" m="17735" machi="25" ten="30,1000,0" yaku="8,1" doraHai="119" who="1" fromWho="0" sc="370,-10,264,30,120,0,226,0" /><INIT seed="3,0,0,5,4,31" ten="360,294,120,226" oya="3" hai0="98,24,119,37,16,118,30,6,131,60,33,108,46" hai1="113,112,52,83,129,101,41,95,48,71,0,8,19" hai2="123,100,89,54,1,47,65,20,88,36,130,133,126" hai3="44,64,27,42,93,21,70,51,84,49,50,102,76"/><W25/><G70/><T116/><D108/><U120/><E120/><V77/><F123/><W87/><G64/><T55/><D131/><U22/><E71/><V80/><F130/><W109/><G109/><T13/><D6/><U3/><E129/><V9/><F133/><W10/><G10/><T56/><D98/><N who="1" m="59615" /><E0/><V35/><F126/><W99/><G27/><T63/><D46/><N who="1" m="25679" /><E3/><V23/><F100/><W18/><REACH who="3" step="1"/><G76/><REACH who="3" ten="360,294,120,216" step="2"/><T127/><D24/><U69/><E69/><V67/><F65/><W4/><G4/><T43/><D118/><U32/><E8/><V14/><F67/><W110/><G110/><T53/><D119/><U26/><E113/><V94/><F54/><W7/><G7/><T45/><D116/><U40/><E112/><V92/><F1/><W2/><G2/><T97/><D53/><U105/><E40/><V75/><F36/><AGARI ba="0,1" hai="18,21,25,36,42,44,49,50,51,84,87,93,99,102" machi="36" ten="40,3900,0" yaku="1,1,53,1" doraHai="31" doraHaiUra="96" who="3" fromWho="2" sc="360,0,294,0,120,-39,216,49" /><INIT seed="3,1,0,3,3,63" ten="360,294,81,265" oya="3" hai0="113,83,22,89,82,38,21,97,60,93,51,58,13" hai1="7,3,56,44,77,74,80,46,130,8,1,52,55" hai2="70,18,105,14,34,12,112,32,86,81,9,96,71" hai3="10,117,35,87,2,17,118,76,41,23,115,124,62"/><W43/><G115/><T91/><D38/><U110/><E110/><V129/><F9/><W94/><G35/><T132/><D132/><U103/><E130/><V59/><F96/><W19/><G124/><T37/><D37/><U107/><E1/><V104/><F86/><W20/><G117/><T131/><D131/><U42/><E42/><N who="3" m="15882" /><G2/><T40/><D113/><U121/><E121/><V0/><F0/><W67/><G118/><T15/><D89/><U119/><E119/><V127/><F112/><W120/><G120/><T126/><D126/><U16/><E55/><V48/><F129/><W50/><G50/><T109/><D109/><U57/><E57/><V99/><F81/><N who="0" m="30730" /><D51/><U24/><E103/><V92/><F48/><W27/><G10/><T85/><D85/><N who="1" m="48271" /><E107/><V116/><F116/><W4/><G4/><T75/><D75/><U135/><E74/><V31/><F127/><W123/><G123/><T79/><D79/><U49/><E3/><V84/><F84/><W39/><G39/><T25/><D40/><U90/><E135/><V111/><F111/><W134/><G134/><T66/><D22/><N who="3" m="8233" /><G76/><T64/><D21/><N who="1" m="13351" /><E7/><V106/><F106/><W53/><G53/><N who="0" m="33871" /><D25/><U102/><E8/><V11/><F11/><W122/><G27/><T100/><D100/><U65/><E102/><V47/><F47/><N who="1" m="17961" /><E90/><V128/><F31/><W98/><G122/><T26/><D26/><U101/><E101/><V88/><F128/><W125/><G125/><T133/><D133/><U114/><E114/><V45/><F88/><N who="3" m="55623" /><G87/><T72/><D72/><U5/><E5/><V68/><F99/><RYUUKYOKU ba="1,0" sc="360,10,294,10,81,-30,265,10" hai0="13,15,64,66,91,93,97" hai1="49,52,56,65" hai3="17,19,62,67" /><INIT seed="3,2,0,0,5,110" ten="370,304,51,275" oya="3" hai0="106,116,100,4,19,9,42,71,77,59,15,66,94" hai1="22,123,93,131,52,31,35,38,20,32,17,50,48" hai2="133,92,75,79,53,102,95,3,124,98,27,128,67" hai3="0,13,12,82,109,80,84,10,132,26,134,112,57"/><W16/><G109/><T43/><D116/><U25/><E123/><V118/><F67/><W29/><G112/><T28/><D106/><U45/><E38/><V41/><F53/><W119/><G119/><T6/><D71/><U72/><E72/><V34/><F41/><N who="0" m="15370" /><D28/><U117/><E117/><V33/><F27/><W49/><G0/><T46/><D77/><U47/><E131/><V85/><F33/><W89/><G13/><T68/><D68/><U107/><E107/><V99/><F34/><W55/><REACH who="3" step="1"/><G80/><REACH who="3" ten="370,304,51,265" step="2"/><T86/><D15/><N who="1" m="9279" /><E32/><AGARI ba="2,1" hai="10,12,16,26,29,32,49,55,57,82,84,89,132,134" machi="32" ten="40,3900,0" yaku="1,1,54,1,53,0" doraHai="110" doraHaiUra="2" who="3" fromWho="1" sc="370,0,304,-45,51,0,265,55" /><INIT seed="3,3,0,4,1,126" ten="370,259,51,320" oya="3" hai0="94,26,108,106,133,104,73,76,62,67,92,109,130" hai1="4,63,69,57,70,51,43,95,31,103,135,77,2" hai2="134,38,127,37,110,0,16,48,98,125,44,7,41" hai3="19,20,25,11,93,45,68,105,60,120,21,123,99"/><W75/><G75/><T24/><D133/><U55/><E77/><V91/><F0/><W49/><G105/><N who="0" m="40555" /><D76/><U71/><E31/><V36/><F7/><W128/><G128/><T30/><D73/><U97/><E135/><V35/><F35/><W28/><G11/><T23/><D26/><U8/><REACH who="1" step="1"/><E43/><REACH who="1" ten="370,249,51,320" step="2"/><V89/><F98/><W79/><G79/><T85/><D30/><U65/><AGARI ba="3,1" hai="2,4,8,51,55,57,63,65,69,70,71,95,97,103" machi="65" ten="30,4000,0" yaku="1,1,2,1,0,1,53,0" doraHai="126" doraHaiUra="42" who="1" fromWho="1" sc="370,-13,249,59,51,-13,320,-23" owari="357,45.0,308,11.0,38,-46.0,297,-10.0" /></mjloggm>