<mjloggm ver="2.3"><GO type="97" lobby="0"/><UN n0="%E3%82%A6%E3%82%A3%E3%83%B3%44" n1="%E7%99%BD%E6%B2%B3%E5%87%AA" n2="%E5%B0%B1%E6%B4%BB%E7%94%9F%40%E5%B7%9D%E6%9D%91%E8%BB%8D%E5%9B%A3" n3="%68%6B%75%63" dan="15,14,14,13" rate="1941.15,1884.74,1941.17,1877.09" sx="M,F,M,M"/><TAIKYOKU oya="0"/><INIT seed="0,0,0,4,1,59" ten="250,250,250,250" oya="0" hai0="117,111,31,67,83,114,48,86,7,25,26,40,69" hai1="6,60,37,20,89,123,22,0,32,134,11,129,120" hai2="42,10,106,47,126,17,24,84,91,61,103,99,82" hai3="101,52,56,71,63,38,53,100,75,62,81,3,121"/><T104/><D114/><U34/><E37/><V127/><F61/><N who="3" m="23051" /><G38/><T87/><D67/><U8/><E89/><V68/><F68/><W133/><G3/><T109/><D69/><U78/><E60/><V57/><F57/><W118/><G71/><T122/><D104/><U108/><E78/><V55/><F24/><W94/><G75/><T2/><D117/><U23/><E108/><V29/><F29/><W41/><G118/><T21/><D122/><U77/><E77/><V85/><F85/><W18/><G121/><N who="1" m="46666" /><E129/><V119/><F119/><W35/><G35/><N who="1" m="13354" /><E134/><V27/><F27/><W96/><G133/><T92/><D25/><U80/><E80/><V30/><F30/><W5/><G5/><T130/><D130/><U72/><E72/><V107/><F107/><W135/><G135/><T43/><D83/><U19/><E11/><V9/><F9/><W95/><G81/><T115/><D111/><U50/><E50/><N who="2" m="29151" /><F42/><W36/><G36/><T98/><D43/><U44/><E44/><V102/><F102/><N who="3" m="39531" /><G41/><T12/><D40/><U13/><AGARI ba="0,0" hai="0,6,8,13,19,20,22,23" m="13354,46666" machi="13" ten="30,2000,0" yaku="34,2" doraHai="59" who="1" fromWho="1" sc="250,-10,250,20,250,-5,250,-5" /><INIT seed="1,0,0,1,5,1" ten="240,270,245,245" oya="1" hai0="134,107,101,131,71,61,133,0,44,128,59,33,124" hai1="54,86,126,110,92,129,93,70,116,97,17,121,75" hai2="37,12,67,49,22,13,56,51,118,24,64,123,89" hai3="42,90,35,112,9,111,83,85,7,95,8,28,77"/><U38/><E70/><V36/><F123/><W5/><G111/><T119/><D33/><U21/><E121/><V73/><F118/><W65/><G112/><T120/><D0/><U18/><E75/><V62/><F73/><W46/><G35/><T41/><D101/><U11/><E38/><V3/><F3/><W26/><G65/><N who="2" m="25161" /><F37/><W106/><G106/><T125/><D107/><U79/><E116/><V127/><F36/><W52/><G42/><T96/><D96/><U48/><E110/><V87/><F127/><N who="0" m="48714" /><D71/><U88/><E126/><V58/><F13/><W39/><G39/><N who="0" m="21567" /><D119/><U109/><E129/><N who="0" m="49737" /><D120/><U53/><E17/><N who="2" m="10535" /><F24/><W84/><G26/><T45/><D45/><U122/><E122/><V16/><F16/><W103/><G28/><T108/><D108/><U60/><E79/><V40/><F40/><W113/><G103/><T81/><D81/><U130/><E130/><V25/><F25/><W15/><G113/><T102/><D102/><U14/><E109/><V20/><F20/><W63/><G46/><T82/><D82/><U30/><E97/><V72/><F72/><W104/><G104/><T132/><D132/><U99/><E30/><V115/><F115/><W69/><G69/><T78/><D78/><U80/><E99/><V91/><F91/><W50/><G50/><N who="2" m="18953" /><F62/><W76/><G76/><T4/><D4/><N who="3" m="1609" /><G15/><T47/><D47/><N who="1" m="27807" /><E21/><V6/><F6/><W34/><G34/><T19/><D19/><U32/><E32/><V135/><F135/><W68/><G68/><T117/><D117/><U114/><E114/><V98/><F98/><W100/><G100/><RYUUKYOKU ba="0,0" sc="240,0,270,0,245,0,245,0" hai0="59,61,133,134" hai1="11,14,18,54,60,80,86,88,92,93" hai2="56,58,87,89" hai3="8,9,52,63,77,83,84,85,90,95" /><INIT seed="1,1,0,4,0,19" ten="240,270,245,245" oya="1" hai0="80,58,123,53,99,20,43,71,27,67,68,3,26" hai1="113,69,132,109,72,32,2,6,44,79,9,134,42" hai2="98,103,50,85,90,131,76,119,121,48,128,108,127" hai3="110,122,130,65,61,35,88,62,86,129,33,14,57"/><U23/><E113/><V111/><F119/><W100/><G100/><T31/><D3/><U117/><E117/><V51/><F121/><W49/><G122/><T52/><D123/><U91/><E69/><V83/><F127/><W24/><G110/><N who="2" m="42025" /><F76/><W21/><G14/><T25/><D43/><U87/><E109/><V120/><F120/><W11/><G11/><T96/><D68/><U37/><E32/><V73/><F73/><W17/><G61/><N who="0" m="38327" /><D71/><U104/><E104/><AGARI ba="1,0" hai="48,50,51,83,85,90,98,103,104,128,131" m="42025" machi="104" ten="30,1000,0" yaku="14,1" doraHai="19" who="2" fromWho="1" sc="240,0,270,-13,245,13,245,0" /><INIT seed="2,0,0,1,5,9" ten="240,257,258,245" oya="2" hai0="40,55,80,8,91,5,123,2,133,65,90,110,112" hai1="69,49,86,47,20,3,108,44,26,0,25,45,38" hai2="13,104,106,14,135,118,71,33,76,128,116,53,16" hai3="10,132,87,77,31,58,85,34,17,37,130,6,81"/><V42/><F33/><W50/><G37/><T82/><D123/><U120/><E38/><V29/><F71/><W102/><G130/><T63/><D112/><U15/><E69/><V83/><F128/><W52/><G132/><T88/><D110/><U68/><E68/><V125/><F29/><W4/><G102/><T21/><D133/><U36/><E36/><V57/><F135/><W114/><G114/><T64/><D40/><U73/><E73/><V12/><F125/><W11/><G34/><T94/><D94/><U43/><E108/><V79/><F42/><W27/><G31/><T100/><D100/><U7/><E120/><V109/><F109/><W97/><G97/><T95/><D95/><U61/><E61/><V78/><F83/><N who="3" m="47343" /><G27/><T51/><D21/><U119/><E119/><V126/><F126/><W72/><G72/><T56/><REACH who="0" step="1"/><D65/><REACH who="0" ten="230,257,258,245" step="2"/><U121/><E121/><V111/><F111/><W18/><G4/><T70/><AGARI ba="0,1" hai="2,5,8,51,55,56,63,64,70,80,82,88,90,91" machi="70" ten="30,7900,0" yaku="1,1,2,1,0,1,54,1,53,0" doraHai="9" doraHaiUra="93" who="0" fromWho="0" sc="230,89,257,-20,258,-39,245,-20" /><INIT seed="3,0,0,0,0,11" ten="319,237,219,225" oya="3" hai0="99,68,129,6,33,92,10,15,133,43,16,91,37" hai1="115,101,39,103,78,87,126,121,90,81,111,50,45" hai2="82,2,35,32,96,127,57,12,119,113,29,80,108" hai3="20,86,69,134,79,135,52,75,132,60,22,56,105"/><W41/><G105/><T14/><D68/><U9/><E39/><V88/><F2/><W74/><G41/><T77/><D33/><U25/><E115/><V18/><F119/><W19/><G69/><T0/><D37/><U47/><E121/><V98/><F113/><W62/><G62/><T130/><D43/><U38/><E38/><V42/><F127/><W106/><G106/><T89/><D77/><U67/><E126/><V124/><F124/><W66/><G66/><T118/><D118/><U104/><E67/><V94/><F108/><W36/><G36/><T120/><D120/><U48/><E111/><V109/><F109/><W117/><G117/><T131/><D133/><U7/><E25/><V65/><F32/><W55/><G55/><T59/><D59/><U84/><E104/><V34/><F34/><W27/><G22/><N who="0" m="11543" /><D0/><U128/><E128/><V40/><F96/><W21/><G21/><T100/><AGARI ba="0,0" hai="6,10,15,89,91,92,99,100,129,130,131" m="11543" machi="100" ten="30,7900,0" yaku="19,1,52,2,54,1" doraHai="11" who="0" fromWho="0" sc="319,79,237,-20,219,-20,225,-39" owari="398,49.0,217,2.0,199,-20.0,186,-31.0" /></mjloggm>