<mjloggm ver="2.3"><GO type="41" lobby="0"/><UN n0="%50%53%52%EF%BC%A0%E5%B7%9D%E6%9D%91%E8%BB%8D%E5%9B%A3" n1="%68%65%74" n2="%4E%2E%4B%3B" n3="%E5%B0%B1%E6%B4%BB%E7%94%9F%40%E5%B7%9D%E6%9D%91%E8%BB%8D%E5%9B%A3" dan="13,13,14,15" rate="1838.92,1893.22,1927.63,1954.17" sx="M,M,M,M"/><TAIKYOKU oya="0"/><INIT seed="0,0,0,3,3,40" ten="250,250,250,250" oya="0" hai0="69,5,10,59,60,3,116,112,73,123,21,100,9" hai1="130,43,96,82,118,117,111,125,4,102,58,77,57" hai2="119,30,62,122,68,11,17,89,26,79,12,32,92" hai3="72,27,63,126,56,97,74,91,38,19,64,90,16"/><T22/><D112/><U101/><E111/><V81/><F122/><W71/><G71/><T83/><D116/><U35/><E35/><V39/><F119/><W42/><G126/><T114/><D123/><U127/><E130/><V78/><F39/><W65/><G38/><T120/><D120/><U128/><E128/><V0/><F0/><W80/><G42/><T129/><D114/><U24/><E4/><V133/><F133/><W48/><G48/><T31/><D129/><U15/><E101/><V44/><F44/><W93/><G65/><T99/><D69/><U110/><E24/><V25/><F25/><W23/><G19/><T20/><D31/><U36/><E15/><V37/><F37/><W134/><G134/><T135/><D135/><U113/><E113/><V104/><F104/><W88/><REACH who="3" step="1"/><G80/><REACH who="3" ten="250,250,250,240" step="2"/><T53/><D83/><U8/><E127/><V87/><F81/><W66/><G66/><T14/><D60/><U70/><E125/><V95/><F95/><W103/><AGARI ba="0,1" hai="16,23,27,56,63,64,72,74,88,90,91,93,97,103" machi="103" ten="30,7900,0" yaku="1,1,0,1,54,2,53,0" doraHai="40" doraHaiUra="115" who="3" fromWho="3" sc="250,-39,250,-20,250,-20,240,89" /><INIT seed="1,0,0,2,4,107" ten="211,230,230,329" oya="1" hai0="50,101,78,99,108,119,91,73,105,53,76,102,48" hai1="97,94,5,26,46,123,69,126,98,59,57,33,22" hai2="120,92,60,10,133,117,0,67,17,113,11,42,25" hai3="115,89,65,74,83,129,130,64,109,8,62,3,82"/><U61/><E123/><V103/><F117/><W70/><G115/><T112/><D119/><U88/><E33/><V135/><F120/><W20/><G65/><T79/><D112/><U30/><E126/><V122/><F122/><W36/><G36/><T93/><D108/><U106/><E5/><V124/><F124/><W28/><G109/><T95/><D50/><U63/><E69/><V86/><F113/><W71/><G71/><T54/><D54/><U84/><E106/><V45/><F0/><W29/><G83/><N who="0" m="45455" /><D53/><U51/><E59/><V118/><F118/><W111/><G111/><T96/><D48/><U44/><E44/><V7/><F25/><W100/><G100/><N who="0" m="38507" /><D105/><U14/><E14/><V1/><F17/><W75/><G3/><T13/><D13/><U32/><E32/><V56/><F11/><W81/><G8/><T43/><D43/><N who="1" m="25055" /><E63/><V127/><F127/><W23/><G89/><AGARI ba="0,0" hai="78,79,89,91,93,95,96,99" m="38507,45455" machi="89" ten="30,12000,2" yaku="35,5,52,1" doraHai="107" who="0" fromWho="3" sc="211,120,230,0,230,0,329,-120" /><INIT seed="2,0,0,2,0,96" ten="331,230,230,209" oya="2" hai0="130,69,41,16,42,83,57,103,86,132,98,3,23" hai1="66,14,38,11,61,25,91,125,54,52,93,45,58" hai2="47,73,113,88,122,123,44,60,89,76,48,5,124" hai3="114,8,19,9,56,108,116,99,6,50,35,82,62"/><V118/><F113/><W134/><G35/><T121/><D69/><U74/><E74/><V81/><F118/><W126/><G116/><T97/><D3/><U49/><E125/><V39/><F124/><W29/><G114/><T51/><D121/><U26/><E38/><V102/><F102/><W36/><G36/><T53/><D132/><U33/><E33/><V0/><F60/><W100/><G29/><T94/><D98/><U40/><E54/><V104/><F104/><W105/><G126/><T2/><D2/><U46/><E46/><V101/><F101/><W34/><G34/><T78/><REACH who="0" step="1"/><D130/><REACH who="0" ten="321,230,230,209" step="2"/><U84/><REACH who="1" step="1"/><E40/><REACH who="1" ten="321,220,230,209" step="2"/><N who="2" m="22559" /><F122/><W43/><G134/><T59/><D59/><U21/><E21/><V85/><F123/><W71/><G56/><T15/><AGARI ba="0,2" hai="15,16,23,41,42,51,53,57,78,83,86,94,97,103" machi="15" ten="20,12000,2" yaku="1,1,0,1,7,1,8,1,52,1,54,1,53,0" doraHai="96" doraHaiUra="65" who="0" fromWho="0" sc="321,140,220,-30,230,-60,209,-30" /><INIT seed="3,0,0,4,4,51" ten="461,190,170,179" oya="3" hai0="32,94,111,24,26,50,20,22,59,74,77,65,43" hai1="60,2,56,61,90,27,75,89,67,116,69,64,0" hai2="125,78,122,120,62,126,107,115,133,25,68,58,6" hai3="123,40,46,8,104,101,93,42,108,118,55,130,71"/><W79/><G104/><T37/><D37/><U53/><E116/><V3/><F107/><W119/><G71/><T4/><D4/><U82/><E27/><V87/><F115/><W73/><G123/><N who="2" m="47145" /><F68/><W38/><G130/><T57/><D32/><U110/><E110/><V81/><F133/><W106/><G106/><T7/><D7/><U44/><E75/><V12/><F25/><W30/><G42/><T105/><D105/><U34/><E34/><V29/><F29/><W102/><G108/><T66/><D77/><U70/><E44/><V129/><F129/><W112/><G112/><T109/><D74/><U17/><E17/><V16/><F6/><W134/><G30/><T19/><D94/><U14/><E14/><V18/><F3/><W13/><G134/><T23/><D111/><U84/><REACH who="1" step="1"/><E90/><REACH who="1" ten="461,180,170,179" step="2"/><V21/><F18/><N who="3" m="8487" /><G118/><T15/><D24/><U11/><E11/><V48/><F48/><AGARI ba="0,1" hai="0,2,48,53,56,60,61,64,67,69,70,82,84,89" machi="48" ten="30,12000,2" yaku="1,1,7,1,9,1,52,1,53,2" doraHai="51" doraHaiUra="33" who="1" fromWho="2" sc="461,0,180,130,170,-120,179,0" /><INIT seed="4,0,0,4,2,60" ten="461,310,50,179" oya="0" hai0="81,114,72,85,31,107,135,133,65,63,11,77,22" hai1="76,93,41,37,122,21,9,58,16,12,130,78,54" hai2="131,20,86,88,69,101,95,74,19,119,112,79,115" hai3="49,32,53,84,99,134,24,128,71,14,8,4,89"/><T100/><D114/><N who="2" m="43562" /><F69/><W103/><G71/><T35/><D22/><U132/><E122/><V10/><F10/><W102/><G128/><T67/><D11/><U56/><E37/><V70/><F70/><W27/><G134/><N who="0" m="51211" /><D63/><U25/><E41/><V125/><F19/><W6/><G6/><T110/><D110/><U120/><E120/><V68/><F20/><W42/><G42/><T121/><D121/><U34/><E34/><V96/><F68/><W75/><G75/><T124/><D124/><U47/><E47/><V15/><F15/><W23/><G32/><T98/><D72/><U57/><E54/><V118/><F125/><W109/><G109/><T46/><D46/><U28/><E130/><V64/><F64/><N who="0" m="24650" /><D35/><U33/><E132/><V38/><F38/><W3/><G3/><T52/><D52/><U87/><E33/><V104/><F131/><W18/><G23/><T92/><D31/><U108/><E108/><V127/><F127/><W29/><G29/><T61/><D61/><U66/><E66/><V50/><F50/><W59/><G4/><T116/><D116/><U17/><E28/><V36/><F36/><W44/><G44/><T55/><D55/><U82/><E93/><AGARI ba="0,0" hai="77,81,85,92,93,98,100,107" m="24650,51211" machi="93" ten="30,11600,0" yaku="20,1,52,3" doraHai="60" who="0" fromWho="1" sc="461,116,310,-116,50,0,179,0" /><INIT seed="4,1,0,1,1,111" ten="577,194,50,179" oya="0" hai0="102,117,71,104,70,34,64,29,59,30,39,4,130" hai1="78,87,96,26,126,69,68,95,116,105,121,2,56" hai2="107,100,58,40,54,1,10,7,45,85,118,79,50" hai3="14,124,103,0,90,41,73,48,77,28,23,99,11"/><T125/><D39/><U110/><E105/><V134/><F118/><W76/><G0/><T27/><D29/><U8/><E121/><V17/><F134/><W36/><G36/><T42/><D42/><U115/><E116/><V38/><F107/><W57/><G124/><T61/><D117/><U89/><E115/><V109/><F100/><W63/><G90/><T62/><D4/><U106/><E110/><V82/><F109/><W60/><G23/><T108/><D130/><U15/><E2/><V24/><F17/><W32/><G32/><T112/><D125/><U25/><E126/><V91/><F24/><W131/><G28/><T5/><D5/><U114/><E114/><V18/><F18/><W97/><G97/><N who="0" m="61519" /><D71/><U75/><E106/><V20/><F20/><W19/><G131/><T84/><D84/><U49/><E69/><V53/><F53/><W81/><G41/><T3/><D3/><U127/><E68/><V37/><REACH who="2" step="1"/><F91/><REACH who="2" ten="577,194,40,179" step="2"/><W101/><G19/><T128/><D108/><U122/><E127/><V55/><F55/><W47/><G101/><T46/><D128/><U119/><E119/><V6/><F6/><W66/><G103/><T21/><D21/><U35/><E35/><V9/><F9/><W65/><G11/><T44/><D112/><U74/><E122/><V12/><F12/><W133/><G14/><T31/><D30/><U132/><E132/><V93/><F93/><W33/><G133/><T67/><AGARI ba="1,1" hai="27,31,34,44,46,59,61,62,64,67,70" m="61519" machi="67" ten="30,1500,0" yaku="25,1" doraHai="111" who="0" fromWho="0" sc="577,28,194,-6,40,-6,179,-6" /><INIT seed="4,2,0,3,2,60" ten="605,188,34,173" oya="0" hai0="98,116,61,44,51,81,88,59,3,57,4,43,97" hai1="106,39,38,125,94,37,78,28,110,109,74,13,102" hai2="0,63,111,127,130,113,41,16,90,96,21,25,20" hai3="42,18,7,133,34,124,64,112,22,82,80,76,104"/><T92/><D116/><U14/><E28/><V9/><F111/><W40/><G34/><T129/><D129/><U84/><E106/><V53/><F113/><W108/><G104/><T12/><D3/><U85/><E74/><V49/><F130/><W17/><G108/><T79/><D98/><U54/><E78/><V107/><F127/><W128/><G112/><T117/><D117/><U67/><E54/><V19/><F63/><W29/><G128/><T2/><D2/><U52/><E52/><V135/><F41/><W87/><G7/><T33/><D33/><U86/><E67/><V1/><F135/><W72/><G133/><T101/><D101/><U50/><E50/><V131/><F131/><W58/><G124/><T103/><D103/><U91/><E125/><V31/><F9/><W62/><G29/><T95/><D95/><U6/><E6/><V36/><F36/><W55/><G55/><T83/><D61/><U126/><E126/><V123/><F123/><W26/><REACH who="3" step="1"/><G17/><REACH who="3" ten="605,188,34,163" step="2"/><T24/><D4/><U89/><E102/><V11/><F31/><W8/><G8/><T132/><D132/><U119/><E119/><V35/><F11/><W120/><G120/><T45/><D43/><U122/><E122/><V68/><F35/><W73/><G73/><T114/><D114/><U46/><E110/><V93/><F107/><W23/><G23/><T10/><D10/><U69/><E109/><V134/><F134/><W48/><G48/><T47/><D51/><U99/><E91/><AGARI ba="2,1" hai="18,22,26,40,42,58,62,64,72,76,80,82,87,91" machi="91" ten="30,3900,0" yaku="1,1,7,1,52,1,53,0" doraHai="60" doraHaiUra="118" who="3" fromWho="1" sc="605,0,188,-45,34,0,163,55" /><INIT seed="5,0,0,2,2,38" ten="605,143,34,218" oya="1" hai0="24,15,6,14,50,106,49,84,61,20,124,34,70" hai1="31,98,109,18,116,129,88,83,128,29,81,64,111" hai2="77,45,21,39,73,35,122,51,32,60,99,96,120" hai3="123,127,103,79,119,65,28,71,92,132,76,86,58"/><U33/><E116/><V5/><F35/><W100/><G71/><T104/><D34/><U113/><E64/><V40/><F32/><W72/><G123/><T115/><D61/><U118/><E118/><V3/><F96/><W41/><G72/><T117/><D70/><U80/><E18/><V42/><F99/><W54/><G65/><T7/><D6/><U126/><E33/><V66/><F21/><W87/><G41/><T114/><D7/><U37/><E37/><V75/><F75/><W131/><G131/><N who="1" m="50250" /><E31/><V52/><F42/><W16/><G28/><T101/><D106/><U0/><E29/><V91/><F91/><N who="3" m="53367" /><G127/><T4/><D104/><U43/><E43/><V68/><F77/><N who="3" m="29771" /><G132/><T62/><D124/><U36/><E126/><V97/><F73/><W48/><G87/><T78/><D4/><U10/><E36/><V55/><F97/><W46/><G119/><T125/><D125/><U12/><E12/><V93/><F93/><W22/><G46/><T95/><D14/><AGARI ba="0,0" hai="14,16,22,48,54,58,100,103" m="29771,53367" machi="14" ten="30,3900,0" yaku="25,1,8,1,54,1" doraHai="38" who="3" fromWho="0" sc="605,-39,143,0,34,0,218,39" /><INIT seed="6,0,0,5,5,88" ten="566,143,34,257" oya="2" hai0="55,115,72,10,108,51,105,24,58,101,41,78,111" hai1="90,83,121,117,28,119,82,85,80,39,50,69,118" hai2="53,18,32,102,44,30,34,99,135,87,66,107,100" hai3="98,132,43,15,7,120,114,92,103,74,35,79,122"/><V47/><F135/><W11/><G35/><T59/><D115/><U45/><E69/><V37/><F100/><W128/><G132/><T133/><D133/><U46/><E39/><V84/><F66/><W89/><G128/><T131/><D131/><U81/><E28/><V6/><F6/><W48/><G114/><T94/><D41/><U134/><E134/><V60/><F47/><W13/><G74/><T95/><D105/><U9/><E9/><V63/><F60/><W27/><G27/><T16/><D59/><U3/><E3/><V8/><F32/><W38/><G38/><T40/><D40/><U125/><E50/><V1/><F1/><W67/><G79/><T70/><D70/><U49/><E49/><V127/><F127/><W96/><G67/><T14/><D24/><U110/><E125/><V21/><F8/><W130/><G130/><T61/><D61/><U76/><E121/><V124/><F124/><W12/><G120/><T75/><D101/><U86/><REACH who="1" step="1"/><E110/><REACH who="1" ten="566,133,34,257" step="2"/><V68/><F68/><W123/><G122/><T126/><D10/><U109/><E109/><V17/><F17/><W5/><G123/><T116/><D16/><U97/><E97/><V106/><F106/><W23/><G11/><T36/><D36/><U62/><E62/><V0/><F0/><W31/><G48/><T71/><D51/><U26/><E26/><N who="2" m="18775" /><F63/><W25/><G43/><T93/><D126/><U65/><E65/><V57/><F37/><W19/><G31/><T73/><D111/><U113/><E113/><V20/><F44/><AGARI ba="0,1" hai="44,45,46,76,80,81,82,83,85,86,90,117,118,119" machi="44" ten="40,1300,0" yaku="1,1,53,0" doraHai="88" doraHaiUra="91" who="1" fromWho="2" sc="566,0,133,23,34,-13,257,0" /><INIT seed="7,0,0,3,4,6" ten="566,156,21,257" oya="3" hai0="23,87,12,59,112,84,54,127,64,46,51,10,94" hai1="124,71,118,89,129,92,126,110,1,40,26,96,42" hai2="81,39,31,65,2,117,72,116,113,70,68,106,132" hai3="75,29,119,100,18,90,43,103,134,128,13,32,77"/><W82/><G119/><N who="2" m="45641" /><F31/><W73/><G128/><T56/><D127/><U15/><E118/><V114/><F65/><W76/><G134/><T53/><D112/><N who="2" m="43114" /><F132/><W98/><G43/><T35/><D35/><U115/><E1/><V30/><F30/><W11/><G32/><T135/><D135/><U125/><E110/><V25/><F25/><W83/><G29/><T67/><D23/><U41/><E129/><V20/><F20/><W48/><G48/><N who="0" m="30791" /><D46/><U5/><E115/><V111/><F111/><W97/><G90/><N who="0" m="53575" /><D87/><U16/><E71/><N who="2" m="27179" /><F81/><W79/><G79/><T47/><D47/><U21/><REACH who="1" step="1"/><E5/><AGARI ba="0,0" hai="5,10,12,51,53,59,64,67" m="53575,30791" machi="5" ten="30,2000,0" yaku="8,1,52,1" doraHai="6" who="0" fromWho="1" sc="566,20,156,-20,21,0,257,0" owari="586,68.0,136,-26.0,21,-48.0,257,6.0" /></mjloggm>