<mjloggm ver="2.3"><GO type="41" lobby="0"/><UN n0="%E2%99%AA%E3%82%A2%E3%83%AB%E3%83%95%E3%82%A9%E3%83%BC%E3%83%88%E2%99%AA" n1="%6B%69%72%69%73%69%72%6F" n2="%E5%B0%B1%E6%B4%BB%E7%94%9F%40%E5%B7%9D%E6%9D%91%E8%BB%8D%E5%9B%A3" n3="%6C%69%6C%69%7A" dan="13,13,14,13" rate="1924.37,1832.87,1932.90,1887.12" sx="M,M,M,M"/><TAIKYOKU oya="0"/><INIT seed="0,0,0,2,1,74" ten="250,250,250,250" oya="0" hai0="62,110,57,95,18,108,43,129,115,133,7,27,81" hai1="107,6,78,104,31,92,73,30,102,41,130,99,91" hai2="132,83,15,53,97,111,22,109,82,29,10,88,65" hai3="59,26,56,103,54,47,75,66,124,51,87,127,94"/><T20/><D115/><U12/><E130/><V123/><F123/><W0/><G0/><T79/><D129/><U80/><E41/><V48/><F65/><W5/><G75/><N who="0" m="43263" /><D43/><U68/><E107/><V21/><F132/><W70/><G5/><T93/><D7/><U84/><E68/><V8/><F29/><W3/><G3/><T17/><D17/><U58/><E58/><V44/><F109/><N who="0" m="42090" /><D133/><U100/><REACH who="1" step="1"/><E102/><REACH who="1" ten="250,240,250,250" step="2"/><V13/><F111/><W120/><G120/><T71/><D71/><U11/><AGARI ba="0,1" hai="6,11,12,30,31,73,78,80,84,91,92,99,100,104" machi="11" ten="30,12000,2" yaku="1,1,2,1,0,1,24,2,52,1,53,0" doraHai="74" doraHaiUra="131" who="1" fromWho="1" sc="250,-60,240,130,250,-30,250,-30" /><INIT seed="1,0,0,1,0,46" ten="190,370,220,220" oya="1" hai0="43,71,49,33,125,112,62,35,68,10,9,85,115" hai1="65,107,75,90,54,131,108,44,6,93,48,67,18" hai2="21,29,79,63,118,72,30,13,113,102,24,38,128" hai3="122,47,127,37,70,52,80,111,22,101,2,130,96"/><U123/><E123/><V61/><F118/><W42/><G70/><N who="0" m="26667" /><D85/><U97/><E75/><V15/><F38/><W50/><G122/><T11/><D43/><U8/><E131/><V81/><F113/><N who="0" m="43594" /><D62/><U135/><E108/><V14/><F128/><W105/><G130/><T39/><D39/><U34/><E135/><V25/><REACH who="2" step="1"/><F102/><REACH who="2" ten="190,370,210,220" step="2"/><W82/><G111/><T91/><D91/><U4/><E107/><V129/><F129/><W106/><G127/><T76/><D76/><U55/><E34/><AGARI ba="0,1" hai="13,14,15,21,24,25,29,30,34,61,63,72,79,81" machi="34" ten="40,2600,0" yaku="1,1,53,1" doraHai="46" doraHaiUra="104" who="2" fromWho="1" sc="190,0,370,-26,210,36,220,0" /><INIT seed="2,0,0,5,3,38" ten="190,344,246,220" oya="2" hai0="133,10,64,20,116,8,46,86,91,41,109,80,83" hai1="70,110,37,6,42,119,134,43,113,114,60,3,13" hai2="9,131,56,27,72,79,29,15,62,82,103,92,61" hai3="105,1,33,36,40,106,101,88,77,2,35,23,111"/><V132/><F131/><W51/><G77/><T49/><D109/><U55/><E13/><V21/><F132/><W24/><G36/><T104/><D133/><U107/><E107/><V121/><F121/><W73/><G73/><T67/><D104/><U12/><E12/><V19/><REACH who="2" step="1"/><F56/><REACH who="2" ten="190,344,236,220" step="2"/><W22/><G106/><T4/><D116/><U100/><E134/><V122/><F122/><W18/><G105/><T85/><D20/><U59/><E119/><V76/><F76/><W120/><G23/><T45/><D45/><U31/><E31/><V90/><F90/><W48/><G120/><T94/><D94/><U84/><E100/><V28/><F28/><W127/><G101/><T97/><D97/><AGARI ba="0,1" hai="9,15,19,21,27,29,61,62,72,79,82,92,97,103" machi="97" ten="40,3900,0" yaku="1,1,53,1" doraHai="38" doraHaiUra="95" who="2" fromWho="0" sc="190,-39,344,0,236,49,220,0" /><INIT seed="2,1,0,1,0,117" ten="151,344,285,220" oya="2" hai0="41,48,123,99,34,83,30,38,103,89,112,88,11" hai1="95,19,21,10,49,127,28,94,33,6,37,0,45" hai2="31,42,106,62,111,120,126,4,46,57,55,92,65" hai3="7,39,66,68,14,59,77,76,133,81,131,44,108"/><V72/><F106/><W43/><G68/><T3/><D112/><U50/><E127/><V22/><F72/><W104/><G104/><T118/><D118/><U134/><E134/><V113/><F113/><W1/><G133/><T85/><D38/><U74/><E74/><V9/><F126/><W15/><G77/><T71/><D71/><U128/><E128/><V18/><F31/><W98/><G131/><T12/><D3/><U27/><E37/><V69/><F111/><W105/><G59/><T61/><D61/><U132/><E132/><V26/><F92/><W82/><G66/><T23/><D34/><U125/><E125/><V5/><F120/><W130/><G82/><T2/><D2/><U122/><E122/><V86/><F86/><W53/><G53/><T25/><D123/><U67/><E67/><V47/><F47/><W109/><G130/><T135/><D135/><U73/><E73/><V90/><F90/><W52/><G52/><T35/><D35/><U16/><E19/><V87/><F87/><W75/><G15/><T13/><D103/><U84/><E84/><V97/><F97/><W17/><G14/><T124/><D124/><U63/><E63/><V80/><F80/><W8/><G17/><T91/><D99/><U24/><E49/><N who="2" m="30959" /><F9/><W51/><G51/><T58/><D11/><U119/><E119/><V114/><F114/><W129/><G129/><T20/><D20/><U60/><E60/><V36/><AGARI ba="1,0" hai="4,5,18,22,26,36,42,46,62,65,69" m="30959" machi="36" ten="30,1500,0" yaku="24,1" doraHai="117" who="2" fromWho="2" sc="151,-6,344,-6,285,18,220,-6" /><INIT seed="2,2,0,4,4,78" ten="145,338,303,214" oya="2" hai0="132,131,21,95,54,6,43,71,38,13,30,100,74" hai1="59,47,130,23,97,52,68,96,109,133,15,18,116" hai2="58,37,61,114,32,36,5,41,121,108,85,101,35" hai3="16,39,134,60,126,103,83,50,123,110,44,117,28"/><V98/><F121/><W10/><G28/><T56/><D131/><U17/><E109/><V80/><F114/><W81/><G123/><T64/><D132/><U63/><E130/><V89/><F108/><W29/><G110/><T26/><D74/><U88/><E133/><V7/><F35/><W77/><G134/><T107/><D107/><U69/><E116/><V73/><F73/><W24/><G117/><T65/><D71/><U93/><E97/><V92/><F32/><W70/><G39/><T118/><D118/><U22/><E47/><V11/><F41/><W1/><G77/><T49/><D38/><U20/><E22/><V2/><REACH who="2" step="1"/><F5/><REACH who="2" ten="145,338,293,214" step="2"/><W19/><G126/><T3/><D43/><U12/><AGARI ba="2,1" hai="12,15,17,18,20,23,52,59,63,68,69,88,93,96" machi="12" ten="20,8000,1" yaku="0,1,7,1,9,1,54,2" doraHai="78" who="1" fromWho="1" sc="145,-22,338,96,293,-42,214,-22" /><INIT seed="3,0,0,3,2,85" ten="123,434,251,192" oya="3" hai0="103,92,60,71,100,98,109,4,129,117,89,57,94" hai1="84,48,81,67,0,68,122,35,33,132,125,65,128" hai2="20,46,18,55,135,40,126,119,90,118,52,61,59" hai3="127,107,25,79,36,16,21,64,110,13,23,26,39"/><W77/><G107/><T7/><D109/><U120/><E0/><V111/><F126/><W82/><G127/><T133/><D117/><U124/><E48/><V106/><F106/><W99/><G110/><T56/><D129/><U72/><E84/><V12/><F111/><W70/><G13/><T95/><D133/><U80/><E80/><V50/><F135/><W63/><G99/><T3/><D3/><U31/><E132/><V130/><F130/><W19/><G79/><T86/><D71/><U108/><E108/><V88/><F119/><W112/><REACH who="3" step="1"/><G112/><REACH who="3" ten="123,434,251,182" step="2"/><T73/><D73/><AGARI ba="0,1" hai="16,19,21,23,25,26,36,39,63,64,70,73,77,82" machi="73" ten="30,18000,2" yaku="1,1,2,1,7,1,9,1,54,1,53,1" doraHai="85" doraHaiUra="62" who="3" fromWho="0" sc="123,-180,434,0,251,0,182,190" owari="-57,-56.0,434,54.0,251,-15.0,372,17.0" /></mjloggm>