<mjloggm ver="2.3"><GO type="169" lobby="0"/><UN n0="%E3%82%A6%E3%83%AB%E3%83%88%E3%83%A9%E7%AB%8B%E7%9B%B4" n1="%E4%BF%BA%54%55%45%45%45%45%45" n2="%E3%83%8F%E3%83%83%E3%83%94%E3%83%BC%E3%81%A1%E3%82%83%E3%82%93" n3="%E8%AA%B2%E9%95%B7%E8%A6%96%E9%87%8E%E7%8B%AD%E7%AA%84" dan="17,17,16,17" rate="2223.93,2177.39,2049.07,2195.73" sx="M,F,M,M"/><TAIKYOKU oya="0"/><INIT seed="0,0,0,3,0,48" ten="250,250,250,250" oya="0" hai0="49,13,98,19,81,8,50,15,33,28,42,86,10" hai1="135,103,113,1,108,6,24,132,124,59,40,89,45" hai2="76,97,92,107,38,27,23,22,34,61,111,41,35" hai3="55,134,80,90,25,31,36,99,94,53,18,130,121"/><T74/><D74/><U29/><E108/><V51/><F111/><W7/><G36/><T123/><D123/><U67/><E103/><V131/><F107/><W118/><G118/><T95/><D33/><U82/><E124/><V57/><F38/><W109/><G109/><T112/><D28/><U3/><E113/><V75/><F22/><N who="3" m="15799" /><G121/><T117/><D117/><U54/><E67/><V21/><F23/><W122/><G122/><T39/><D112/><U120/><E120/><V105/><F105/><W127/><G127/><T106/><D106/><U16/><E89/><V126/><F131/><W26/><G130/><T133/><D39/><N who="1" m="21663" /><E82/><V114/><F76/><W93/><G80/><T119/><D119/><U78/><E78/><V66/><F75/><W65/><G134/><N who="1" m="51242" /><E6/><V84/><F84/><N who="3" m="52423" /><G65/><T88/><D133/><U91/><E91/><V129/><F129/><W62/><G7/><N who="0" m="3231" /><D42/><U100/><E100/><AGARI ba="0,0" hai="10,15,19,49,50,81,86,88,95,98,100" m="3231" machi="100" ten="30,2900,0" yaku="8,1,54,1" doraHai="48" who="0" fromWho="1" sc="250,29,250,-29,250,0,250,0" /><INIT seed="0,1,0,4,5,57" ten="279,221,250,250" oya="0" hai0="87,52,15,19,131,13,64,133,48,31,116,113,16" hai1="9,8,84,135,39,53,38,14,59,80,74,3,26" hai2="5,97,61,110,81,109,18,4,23,120,6,76,72" hai3="37,115,85,56,83,68,21,99,107,17,103,51,112"/><T69/><D116/><U55/><E74/><V121/><F97/><W102/><G68/><T11/><D113/><U98/><E135/><V132/><F132/><W58/><G37/><T29/><D133/><U67/><E3/><V92/><F92/><W105/><G51/><T106/><D106/><U34/><E67/><V10/><F10/><W75/><G75/><T126/><D126/><U41/><E98/><V94/><F94/><W32/><G32/><T43/><D43/><U91/><E55/><V77/><F77/><W30/><G30/><T22/><D131/><U89/><E89/><V114/><F114/><W44/><G44/><N who="0" m="27655" /><D69/><U95/><E80/><V88/><F88/><W119/><G119/><T129/><D129/><U35/><E9/><V54/><F120/><W73/><G73/><T28/><D64/><U108/><E108/><N who="2" m="41579" /><F121/><W100/><G107/><T62/><D87/><U66/><E84/><V122/><F122/><W118/><G105/><T130/><D130/><U2/><E2/><V82/><F82/><W40/><G99/><T101/><D101/><U93/><E91/><V27/><F54/><W65/><G118/><T96/><D96/><U70/><E53/><V49/><F49/><W90/><G65/><T47/><D47/><U46/><E66/><V1/><F1/><W42/><G115/><T123/><D123/><U134/><E39/><V12/><F27/><N who="3" m="14767" /><G112/><T117/><D117/><U25/><E38/><V63/><AGARI ba="1,0" hai="4,5,6,12,18,23,61,63,72,76,81" m="41579" machi="63" ten="40,5200,0" yaku="14,1,52,2" doraHai="57" who="2" fromWho="2" sc="279,-27,221,-14,250,55,250,-14" /><INIT seed="1,0,0,0,2,93" ten="252,207,305,236" oya="1" hai0="39,74,104,7,73,76,55,11,37,52,61,15,98" hai1="24,19,20,81,30,13,129,106,2,119,38,21,102" hai2="105,123,33,95,27,101,87,121,112,47,48,67,9" hai3="32,66,62,109,99,120,6,4,22,110,31,88,46"/><U125/><E119/><V117/><F105/><W68/><G46/><T72/><D76/><U40/><E125/><V83/><F117/><W94/><G32/><T51/><D61/><U80/><E129/><V42/><F67/><W12/><G120/><T84/><D84/><U114/><E114/><V111/><F111/><N who="3" m="42507" /><G31/><T127/><D127/><U44/><REACH who="1" step="1"/><E2/><REACH who="1" ten="252,197,305,236" step="2"/><V77/><F112/><W28/><G28/><T124/><D124/><U60/><E60/><V90/><F121/><W70/><G70/><T43/><D73/><U50/><E50/><V14/><F123/><W82/><G82/><T85/><D74/><U58/><E58/><V35/><F27/><W135/><G135/><T64/><D72/><U97/><AGARI ba="0,1" hai="13,19,20,21,24,30,38,40,44,80,81,97,102,106" machi="97" ten="30,11700,0" yaku="1,1,0,1,52,1,53,1" doraHai="93" doraHaiUra="96" who="1" fromWho="1" sc="252,-39,197,127,305,-39,236,-39" /><INIT seed="1,1,0,5,5,116" ten="213,324,266,197" oya="1" hai0="64,91,98,26,69,22,60,53,124,20,50,2,57" hai1="133,96,14,77,110,84,63,93,1,68,123,119,31" hai2="120,105,94,75,132,130,30,40,46,128,82,86,58" hai3="134,19,107,51,56,44,23,0,5,95,70,24,108"/><U16/><E119/><V29/><F105/><W32/><G107/><T71/><D124/><U100/><E1/><V12/><F75/><W99/><G70/><T79/><D2/><U92/><E133/><V118/><F118/><W109/><G134/><T67/><D79/><U52/><E123/><V74/><F74/><W55/><G32/><T111/><D111/><N who="3" m="42569" /><G0/><T126/><D126/><U48/><E110/><V88/><F132/><W87/><G5/><T127/><D127/><U3/><E3/><V78/><F58/><W6/><G6/><T59/><D22/><N who="1" m="11543" /><E68/><V37/><F12/><W38/><G87/><T117/><D117/><U104/><E104/><V125/><F125/><W73/><G73/><T80/><D71/><U33/><E33/><V11/><F11/><W106/><G106/><T49/><D69/><U121/><E31/><V7/><F7/><W21/><G21/><T39/><D39/><U103/><E121/><V129/><F120/><W47/><G38/><T101/><D26/><U13/><E13/><V122/><F122/><W27/><G27/><T112/><D112/><U35/><E35/><V102/><F102/><AGARI ba="1,0" hai="19,23,24,44,47,51,55,56,95,99,102" m="42569" machi="102" ten="30,1000,0" yaku="14,1" doraHai="116" who="3" fromWho="2" sc="213,0,324,0,266,-13,197,13" /><INIT seed="2,0,0,3,3,63" ten="213,324,253,210" oya="2" hai0="82,41,10,33,103,14,129,107,98,111,42,50,58" hai1="74,75,15,62,5,128,81,69,96,13,49,56,38" hai2="25,126,104,8,40,3,22,30,53,44,43,110,114" hai3="117,70,35,27,34,87,0,79,61,12,23,52,16"/><V83/><F114/><W19/><G117/><T133/><D33/><U59/><E38/><V26/><F104/><W97/><G0/><T78/><D111/><U6/><E69/><V72/><F126/><W18/><G97/><T85/><D129/><U77/><E128/><V122/><F122/><W123/><G123/><T20/><D133/><U68/><E68/><V67/><F110/><W46/><G19/><T119/><D119/><U84/><E96/><V91/><F3/><W134/><G134/><T36/><D36/><U4/><E75/><V21/><F8/><W121/><G121/><T90/><D20/><U2/><E2/><V105/><F105/><W99/><G99/><T1/><D1/><U11/><E74/><V131/><F131/><W31/><G18/><T32/><D32/><U37/><E37/><V109/><F109/><W94/><G35/><T48/><D48/><U118/><E118/><V116/><F116/><W65/><G94/><T80/><D58/><N who="1" m="22059" /><E62/><V120/><F120/><W17/><G17/><T24/><D50/><U125/><E125/><V73/><F73/><W88/><G79/><T113/><D113/><U132/><E49/><N who="2" m="28839" /><F72/><W47/><REACH who="3" step="1"/><G52/><REACH who="3" ten="213,324,253,200" step="2"/><T101/><D107/><U92/><E132/><V112/><F112/><W57/><G57/><T102/><D102/><U95/><E5/><V28/><F28/><W115/><G115/><T64/><D103/><U7/><E4/><V135/><F135/><W100/><G100/><T55/><D101/><U54/><E54/><V39/><F30/><W130/><G130/><T106/><D106/><U124/><E124/><RYUUKYOKU ba="0,1" sc="213,-15,324,15,253,-15,200,15" hai1="6,7,11,13,15,77,81,84,92,95" hai3="12,16,23,27,31,34,46,47,61,65,70,87,88" /><INIT seed="3,1,1,1,4,30" ten="198,339,238,215" oya="3" hai0="1,21,130,117,43,61,5,92,17,42,84,64,114" hai1="18,78,9,33,31,126,16,131,40,133,76,103,56" hai2="47,15,69,120,88,38,55,54,19,45,132,44,123" hai3="11,41,91,99,111,124,66,14,108,90,67,134,4"/><W32/><G124/><T135/><D117/><U25/><E126/><V101/><F101/><W128/><G134/><T12/><D135/><U28/><E133/><V87/><F132/><W57/><G41/><T49/><D130/><U121/><E121/><N who="2" m="46667" /><F38/><W89/><G99/><T50/><D114/><U72/><E103/><V51/><F69/><W37/><G37/><T110/><D110/><N who="3" m="42025" /><G128/><T46/><D1/><U0/><E0/><V70/><F70/><W115/><G115/><T8/><D49/><U83/><E40/><V107/><F107/><W95/><G95/><T80/><D92/><U98/><E98/><V2/><F2/><W53/><G32/><T113/><D113/><U22/><E33/><V58/><F55/><W10/><G11/><T75/><D43/><U82/><E9/><N who="2" m="6639" /><F58/><W118/><G118/><T79/><D75/><U96/><E56/><V116/><F116/><W27/><G27/><T26/><D64/><U102/><E131/><V20/><F20/><W7/><G4/><T39/><REACH who="0" step="1"/><D39/><REACH who="0" ten="188,339,238,215" step="2"/><U93/><E93/><AGARI ba="1,2" hai="44,45,47,51,54,87,88,93" m="6639,46667" machi="93" ten="30,2000,0" yaku="13,1,54,1" doraHai="30" who="2" fromWho="1" sc="188,0,339,-23,238,43,215,0" /><INIT seed="4,0,0,3,0,108" ten="188,316,281,215" oya="0" hai0="98,82,48,55,67,0,129,125,130,17,15,124,114" hai1="80,51,16,106,62,54,95,97,61,65,10,41,18" hai2="121,71,87,74,19,76,75,133,122,112,11,34,104" hai3="116,21,66,78,2,63,42,91,39,25,9,77,101"/><T93/><D0/><U36/><E106/><V86/><F104/><W37/><G101/><T23/><D67/><U100/><E36/><V27/><F71/><W47/><G39/><T120/><D82/><U84/><E41/><V13/><F133/><W49/><G116/><T52/><D120/><U26/><E65/><V38/><F38/><W8/><G91/><T119/><D119/><U132/><E132/><V70/><F70/><W105/><G105/><T110/><D110/><U79/><E26/><V90/><F87/><W102/><G102/><N who="0" m="60751" /><D55/><U118/><E118/><V5/><F76/><W88/><G37/><T117/><D117/><U109/><E109/><V107/><F107/><W68/><G88/><T35/><D35/><U131/><E131/><N who="0" m="50185" /><D114/><U4/><E62/><V111/><F112/><W126/><G2/><T12/><D12/><N who="1" m="5191" /><E61/><V6/><F34/><W45/><G9/><T1/><D1/><U99/><E99/><V31/><F75/><W24/><G8/><T22/><D22/><U134/><E134/><V103/><F11/><W94/><G21/><T14/><D14/><U50/><E50/><V128/><F13/><W30/><G49/><T43/><D43/><U33/><E33/><V69/><F128/><W57/><G42/><T46/><AGARI ba="0,0" hai="15,17,23,46,48,52,124,125" m="50185,60751" machi="46" ten="30,3000,0" yaku="19,1,54,1" doraHai="108" who="0" fromWho="0" sc="188,30,316,-10,281,-10,215,-10" /><INIT seed="4,1,0,5,4,33" ten="218,306,271,205" oya="0" hai0="96,64,19,99,130,91,125,86,129,20,69,60,15" hai1="16,76,118,43,5,79,14,121,119,116,95,120,0" hai2="59,50,39,132,31,4,27,24,65,114,56,54,113" hai3="66,40,41,49,25,53,135,42,67,63,126,8,30"/><T51/><D125/><U100/><E43/><V78/><F39/><W37/><G126/><T22/><D22/><N who="1" m="11543" /><E95/><V103/><F132/><W52/><G135/><T72/><D72/><U110/><E100/><V10/><F103/><W32/><G37/><T34/><D34/><U57/><E79/><V75/><F75/><W92/><G92/><T88/><D91/><U29/><E57/><V128/><F128/><N who="0" m="49258" /><D51/><U21/><E76/><V71/><F71/><W61/><G8/><T97/><D97/><U7/><E110/><V18/><F18/><W17/><G17/><T47/><D47/><U26/><E5/><V82/><F82/><AGARI ba="1,0" hai="15,19,20,60,64,69,82,86,88,96,99" m="49258" machi="82" ten="30,2900,0" yaku="19,1,54,1" doraHai="33" who="0" fromWho="2" sc="218,32,306,0,271,-32,205,0" /><INIT seed="4,2,0,4,5,6" ten="250,306,239,205" oya="0" hai0="103,10,31,112,7,107,56,119,99,78,104,102,38" hai1="32,64,94,68,2,135,35,60,126,131,84,83,121" hai2="110,95,66,22,45,44,15,81,53,23,39,72,73" hai3="24,8,85,130,115,97,34,124,93,127,120,79,42"/><T20/><D38/><U41/><E121/><V134/><F110/><W11/><G42/><T80/><D119/><U14/><E2/><V17/><F134/><W47/><G47/><T111/><D112/><U61/><E135/><V90/><F66/><W36/><G36/><T28/><D111/><U128/><E41/><V57/><F39/><W117/><G117/><T43/><D43/><U129/><E126/><N who="3" m="48170" /><G115/><T88/><D88/><N who="1" m="51231" /><E61/><V0/><F0/><W58/><G130/><T123/><D123/><U100/><E14/><V62/><F73/><W63/><G120/><T4/><D4/><U46/><E46/><V77/><F23/><W40/><G40/><T91/><D91/><U9/><E9/><N who="3" m="3658" /><G85/><AGARI ba="2,0" hai="15,17,22,44,45,53,57,62,72,77,81,85,90,95" machi="85" ten="30,1000,0" yaku="7,1" doraHai="6" who="2" fromWho="3" sc="250,0,306,0,239,16,205,-16" /><INIT seed="5,0,0,4,0,9" ten="250,306,255,189" oya="1" hai0="113,27,89,123,107,135,66,97,10,94,34,79,17" hai1="122,50,59,30,47,115,53,45,58,84,95,4,134" hai2="129,44,51,73,32,13,86,39,124,11,102,7,128" hai3="82,85,25,46,104,125,96,90,3,70,16,35,108"/><U93/><E122/><V130/><F32/><W67/><G108/><T87/><D123/><U24/><E115/><V33/><F33/><W77/><G125/><T65/><D113/><U91/><E134/><V0/><F124/><W106/><G3/><T31/><D135/><U119/><E119/><V117/><F117/><W74/><G46/><T61/><D66/><U121/><E121/><V37/><F73/><W126/><G126/><T111/><D111/><U54/><E4/><V12/><F102/><W92/><G35/><T68/><D79/><U110/><E95/><V8/><F86/><W42/><G42/><T114/><D114/><U99/><E84/><V80/><F80/><W2/><G2/><T36/><D36/><N who="2" m="13898" /><F8/><W18/><G25/><T60/><D60/><N who="1" m="35919" /><E110/><V29/><F29/><W20/><G20/><AGARI ba="0,0" hai="20,24,30,45,47,50,54,59,91,93,99" m="35919" machi="20" ten="30,1500,0" yaku="8,1" doraHai="9" who="1" fromWho="3" sc="250,0,306,15,255,0,189,-15" /><INIT seed="5,1,0,4,4,108" ten="250,321,255,174" oya="1" hai0="66,59,109,54,50,72,73,20,2,30,75,8,131" hai1="14,106,9,103,15,104,67,89,5,124,43,79,115" hai2="81,1,25,16,38,37,90,92,27,110,53,34,11" hai3="28,121,52,84,13,78,58,107,94,6,24,125,74"/><U105/><E79/><V98/><F110/><W122/><G107/><T95/><D109/><U114/><E124/><V17/><F38/><W61/><G74/><T127/><D131/><U32/><E32/><V133/><F133/><W26/><G125/><T44/><D127/><U71/><E43/><V135/><F135/><W48/><G121/><T18/><D30/><U7/><E103/><V0/><F37/><W129/><G129/><T42/><D66/><U41/><E41/><V33/><F53/><N who="3" m="33999" /><G122/><T128/><D128/><U91/><E67/><V112/><F81/><N who="3" m="47159" /><G28/><T10/><D2/><U70/><E106/><V23/><F98/><W55/><G94/><T68/><D95/><U80/><E9/><V62/><F92/><W97/><G97/><T102/><D102/><U132/><REACH who="1" step="1"/><E80/><REACH who="1" ten="250,311,255,174" step="2"/><V83/><F83/><W29/><G55/><T77/><D77/><U47/><E47/><V134/><F11/><N who="3" m="4343" /><G29/><T19/><D8/><U46/><E46/><AGARI ba="1,1" hai="24,26,46,48,52" m="4343,47159,33999" machi="46" ten="30,2000,0" yaku="8,1,54,1" doraHai="108" who="3" fromWho="1" sc="250,0,311,-23,255,0,174,33" /><INIT seed="6,0,0,5,3,133" ten="250,288,255,207" oya="2" hai0="95,24,106,104,105,92,97,135,69,10,75,62,116" hai1="70,36,89,57,46,134,33,49,28,15,81,35,98" hai2="7,17,91,117,96,88,63,42,65,72,8,99,87" hai3="39,21,66,111,3,12,119,67,9,103,84,31,68"/><V113/><F117/><W85/><G39/><T125/><D10/><U4/><E70/><V22/><F72/><W52/><G3/><T126/><D75/><U34/><E28/><V121/><F121/><W78/><G68/><T30/><D116/><U50/><E134/><V76/><F76/><W0/><G0/><T58/><D69/><U109/><E109/><V55/><F42/><W114/><G103/><T40/><D40/><U128/><E128/><V79/><F79/><W54/><G85/><T100/><D95/><U101/><E57/><N who="2" m="37103" /><F113/><W132/><G67/><N who="0" m="39383" /><D135/><U93/><E36/><V45/><F7/><W108/><G66/><T123/><D123/><U64/><E64/><V120/><F8/><W82/><G132/><T32/><D32/><U1/><E1/><V60/><F120/><W29/><G119/><T16/><D16/><U59/><E4/><V2/><F2/><W107/><G107/><T124/><D30/><U122/><E34/><V129/><F129/><W37/><G37/><T27/><AGARI ba="0,0" hai="24,27,92,97,100,104,105,106,124,125,126" m="39383" machi="27" ten="40,8000,1" yaku="18,1,52,3" doraHai="133" who="0" fromWho="0" sc="250,80,288,-20,255,-40,207,-20" /><INIT seed="7,0,0,0,4,122" ten="330,268,215,187" oya="3" hai0="93,29,49,118,27,112,84,54,94,113,104,71,13" hai1="70,80,44,129,50,47,64,99,105,69,61,67,37" hai2="116,60,72,82,51,15,48,114,68,52,58,59,87" hai3="20,79,86,81,83,22,102,43,1,73,88,62,125"/><W7/><G125/><T57/><D104/><U132/><E105/><V28/><F116/><W45/><G102/><T53/><D71/><N who="1" m="42383" /><E99/><V41/><F72/><W76/><G62/><T8/><D54/><N who="1" m="30023" /><E80/><V124/><F124/><W123/><G123/><T6/><D118/><U117/><E117/><V107/><F107/><W131/><G131/><T120/><D120/><U17/><E17/><V85/><F114/><N who="0" m="44138" /><D84/><U35/><E35/><AGARI ba="0,0" hai="6,8,13,27,29,35,49,53,57,93,94" m="44138" machi="35" ten="30,2000,0" yaku="15,1,11,1" doraHai="122" who="0" fromWho="1" sc="330,20,268,-20,215,0,187,0" owari="350,44.0,248,5.0,215,-18.0,187,-31.0" /></mjloggm>