<mjloggm ver="2.3"><GO type="169" lobby="0"/><UN n0="%68%65%74" n1="%E6%B0%B7%E6%B2%B3%E9%A2%A8" n2="%E3%83%88%E3%83%88%E3%83%AA%E5%85%88%E7%94%9F%31%39%E6%AD%B3" n3="%E3%81%AE%E3%81%B3%E3%81%97%E3%82%8D%E2%99%82" dan="16,17,18,16" rate="2102.36,2109.34,2244.22,2028.53" sx="M,M,F,M"/><TAIKYOKU oya="0"/><INIT seed="0,0,0,3,5,84" ten="250,250,250,250" oya="0" hai0="98,108,13,121,79,32,107,5,58,9,72,123,129" hai1="112,109,12,33,102,55,49,29,96,101,43,110,25" hai2="15,87,100,74,38,126,14,73,69,76,47,125,30" hai3="19,66,57,39,65,45,75,3,95,116,48,54,70"/><T124/><D32/><U26/><E112/><V4/><F69/><W127/><G127/><N who="2" m="48649" /><F30/><W41/><G116/><T77/><D124/><U130/><E130/><V122/><F122/><W82/><G3/><T27/><D27/><U113/><E113/><V131/><F131/><W11/><G95/><T68/><D68/><U114/><E43/><N who="2" m="23031" /><F100/><W92/><G92/><T28/><D28/><U6/><E26/><V85/><F85/><W24/><G24/><T60/><D129/><U99/><E114/><V59/><F59/><W93/><G93/><T120/><D108/><N who="1" m="41579" /><E101/><V117/><F117/><W22/><G11/><T89/><D72/><N who="2" m="27754" /><F4/><W17/><G22/><T2/><D2/><U119/><E102/><V135/><F135/><W118/><G118/><T128/><D128/><U8/><E119/><V35/><F35/><W20/><G20/><T40/><D107/><U56/><AGARI ba="0,0" hai="6,8,12,25,29,33,49,55,56,96,99" m="41579" machi="56" ten="30,1100,0" yaku="14,1" doraHai="84" who="1" fromWho="1" sc="250,-5,250,11,250,-3,250,-3" /><INIT seed="1,0,0,1,3,89" ten="245,261,247,247" oya="1" hai0="14,16,36,34,97,131,44,20,5,2,27,65,121" hai1="24,12,61,109,104,76,69,18,17,41,47,107,93" hai2="22,28,19,49,80,75,32,25,85,10,62,116,108" hai3="111,122,120,91,26,130,94,101,29,1,79,103,95"/><U124/><E124/><V52/><F116/><W102/><G1/><T88/><D131/><U68/><E76/><V55/><F108/><W0/><G0/><T96/><D65/><U115/><E115/><V92/><F75/><W78/><G29/><T126/><D126/><U48/><E109/><V86/><F10/><W72/><G26/><T33/><D121/><N who="3" m="46697" /><G111/><T3/><D36/><U112/><E112/><V59/><F80/><N who="3" m="45127" /><G130/><T63/><D63/><U46/><E61/><V100/><F32/><W37/><G37/><T134/><D44/><U106/><E47/><N who="2" m="27711" /><F19/><W56/><G56/><T119/><D2/><U117/><E117/><V71/><F71/><W132/><G132/><T110/><D119/><U38/><E38/><V51/><F51/><W35/><G35/><T81/><D134/><U6/><E68/><V57/><F57/><W21/><G21/><T40/><D40/><U83/><E69/><V128/><F128/><W82/><G91/><T99/><D110/><U45/><E45/><V73/><F73/><AGARI ba="0,0" hai="73,79,82,94,95,101,102,103" m="45127,46697" machi="73" ten="30,7700,0" yaku="34,2,52,2" doraHai="89" who="3" fromWho="2" sc="245,0,261,0,247,-77,247,77" /><INIT seed="2,0,0,5,4,68" ten="245,261,170,324" oya="2" hai0="56,21,121,84,87,42,82,78,17,85,7,76,61" hai1="89,58,44,23,31,90,62,77,96,59,19,40,43" hai2="10,15,16,27,81,106,29,109,75,9,113,30,70" hai3="0,13,28,6,1,126,134,102,12,93,122,131,118"/><V49/><F113/><W52/><G122/><T71/><D71/><U116/><E116/><V123/><F123/><W105/><G105/><T117/><D121/><U66/><E77/><V92/><F70/><W83/><G118/><T41/><D117/><U132/><E132/><V55/><F106/><W73/><G131/><T60/><D7/><U3/><E3/><V115/><F115/><W25/><G126/><T14/><D61/><N who="1" m="38199" /><E31/><V11/><F109/><W133/><G52/><T88/><D76/><U65/><E44/><V110/><F110/><W54/><G54/><T63/><D63/><U8/><E8/><V20/><F30/><W128/><G128/><T120/><D120/><U125/><E125/><V39/><F39/><W95/><G83/><N who="0" m="49183" /><D87/><U103/><E103/><V64/><F64/><AGARI ba="0,0" hai="14,17,21,41,42,56,60,64,78,82,85" m="49183" machi="64" ten="30,2000,0" yaku="8,1,54,1" doraHai="68" who="0" fromWho="2" sc="245,20,261,0,170,-20,324,0" /><INIT seed="3,0,0,1,4,96" ten="265,261,150,324" oya="3" hai0="67,125,134,75,59,106,12,6,115,45,118,39,71" hai1="70,35,129,40,58,55,98,100,87,80,83,2,123" hai2="128,68,81,14,31,44,119,41,7,1,37,88,127" hai3="103,20,64,120,95,16,89,42,38,74,11,56,43"/><W8/><G120/><T92/><D92/><U97/><E70/><V21/><F119/><W17/><G74/><T73/><D12/><U26/><E2/><V94/><F68/><W132/><G132/><T69/><D6/><U124/><E40/><V79/><F128/><W57/><G38/><T22/><D22/><U62/><E129/><V54/><F127/><W90/><G95/><T49/><D75/><U130/><E124/><V121/><F121/><W72/><G72/><T76/><D76/><U48/><E123/><V110/><F110/><W77/><G20/><T131/><D67/><U135/><E135/><V24/><F54/><W30/><G77/><T65/><D65/><U104/><E130/><V85/><F1/><W112/><G64/><T61/><D61/><U51/><E97/><V23/><F7/><W47/><G47/><T91/><D91/><U10/><E10/><V50/><F37/><W18/><G18/><T107/><D59/><U36/><E36/><V117/><F117/><W114/><REACH who="3" step="1"/><G30/><REACH who="3" ten="265,261,150,314" step="2"/><T28/><D28/><U60/><E83/><V4/><F23/><W25/><G25/><T109/><D107/><U0/><E104/><V101/><F79/><W9/><G9/><T116/><D45/><U29/><E29/><V105/><F105/><W113/><G113/><T86/><D118/><U53/><E26/><V84/><F84/><W19/><G19/><T27/><D86/><U33/><E87/><V46/><F46/><W15/><G15/><T122/><D27/><U3/><E3/><V66/><F85/><W13/><G13/><T78/><D116/><RYUUKYOKU ba="0,1" sc="265,-10,261,-10,150,-10,314,30" hai3="8,11,16,17,42,43,56,57,89,90,103,112,114" /><INIT seed="3,1,1,1,5,71" ten="255,251,140,344" oya="3" hai0="69,40,12,130,28,53,70,101,82,56,88,97,86" hai1="48,83,22,66,114,90,1,60,55,23,30,87,89" hai2="49,93,135,4,73,61,59,8,120,132,124,109,91" hai3="118,6,57,38,50,36,41,19,37,126,7,78,44"/><W131/><G118/><T100/><D130/><U111/><E114/><V92/><F73/><W85/><G131/><T65/><D28/><U134/><E1/><V72/><F72/><W125/><G19/><T62/><D100/><U33/><E111/><V75/><F75/><W102/><G102/><T113/><D113/><U20/><E134/><N who="2" m="51243" /><F109/><W77/><G57/><T21/><D40/><U76/><E33/><V32/><F32/><W51/><G51/><T116/><D116/><U123/><E123/><V63/><F124/><N who="3" m="47723" /><G85/><T112/><D112/><U26/><E26/><V15/><F120/><W17/><G17/><T80/><D80/><U121/><E30/><V35/><F35/><W27/><G27/><T16/><REACH who="0" step="1"/><D65/><REACH who="0" ten="245,251,140,344" step="2"/><U39/><E121/><V95/><F95/><AGARI ba="1,2" hai="12,16,21,53,56,62,69,70,82,86,88,95,97,101" machi="95" ten="30,8000,1" yaku="1,1,2,1,7,1,54,2,53,0" doraHai="71" doraHaiUra="129" who="0" fromWho="2" sc="245,103,251,0,140,-83,344,0" /><INIT seed="4,0,0,3,5,60" ten="348,251,57,344" oya="0" hai0="71,99,126,123,50,6,117,72,114,40,69,106,42" hai1="59,104,130,115,18,119,17,13,33,25,103,101,80" hai2="96,8,133,0,27,48,68,100,87,83,58,92,108" hai3="28,23,111,113,67,75,76,64,94,31,120,122,85"/><T41/><D72/><U10/><E119/><V107/><F108/><W7/><G75/><T73/><D73/><U32/><E130/><V9/><F68/><W134/><G111/><T116/><D6/><U124/><E124/><V135/><F27/><W56/><G56/><T34/><D34/><U66/><E115/><V98/><F48/><W84/><G113/><T38/><D106/><U15/><E80/><V93/><F58/><W105/><G105/><T97/><D114/><U30/><E33/><V29/><F29/><W47/><G47/><T19/><D19/><U37/><E37/><V89/><F0/><W12/><G134/><N who="2" m="51209" /><F8/><N who="3" m="4127" /><G94/><N who="2" m="36457" /><F9/><W45/><G45/><T118/><D38/><U35/><E35/><V88/><F98/><N who="0" m="37386" /><D50/><U65/><E59/><V11/><F11/><W128/><G128/><T61/><D61/><U26/><E104/><V53/><F53/><W110/><G110/><T131/><D131/><U52/><E52/><V63/><F63/><W46/><G46/><T79/><D126/><U51/><E51/><V4/><F4/><W129/><G129/><T90/><D118/><U57/><E57/><V127/><F127/><W21/><G21/><T62/><D71/><U70/><E70/><V125/><F125/><W14/><G14/><T22/><D69/><U20/><E15/><V121/><F121/><N who="3" m="46699" /><G23/><T91/><D22/><N who="1" m="13519" /><E32/><V3/><F3/><W109/><G109/><T36/><D123/><U44/><E44/><V54/><F54/><W55/><G55/><T39/><D117/><U49/><E49/><V74/><F74/><W82/><G31/><T77/><D116/><RYUUKYOKU ba="0,0" sc="348,-15,251,15,57,15,344,-15" hai1="10,13,18,20,26,30,65,66,101,103" hai2="83,87,88,89,96,100,107" /><INIT seed="5,1,0,3,2,105" ten="333,266,72,329" oya="1" hai0="33,95,45,126,122,115,0,15,127,9,104,131,73" hai1="25,8,39,61,112,17,134,40,71,68,66,35,119" hai2="123,97,69,26,67,38,114,91,29,60,30,101,58" hai3="78,34,12,13,87,11,48,1,133,102,135,120,6"/><U85/><E119/><V89/><F123/><W79/><G120/><T44/><D122/><U55/><E112/><V99/><F114/><W98/><G34/><T3/><D115/><U80/><E134/><N who="3" m="51210" /><G48/><T70/><D104/><U49/><E68/><V63/><F38/><W23/><G23/><T51/><D70/><U4/><E39/><V109/><F109/><W106/><G87/><T116/><D33/><U128/><E40/><V10/><F10/><N who="3" m="2383" /><G13/><T74/><D116/><U75/><E85/><V22/><F30/><W92/><G106/><T121/><D121/><U100/><E100/><V84/><F99/><W110/><G110/><T94/><D131/><U42/><E42/><V2/><F2/><W118/><G118/><T16/><D0/><U129/><E4/><AGARI ba="1,0" hai="4,11,12,78,79,92,98,102" m="2383,51210" machi="4" ten="30,1000,0" yaku="20,1" doraHai="105" who="3" fromWho="1" sc="333,0,266,-13,72,0,329,13" /><INIT seed="6,0,0,3,0,67" ten="333,253,72,342" oya="2" hai0="65,79,104,36,18,4,125,134,135,118,52,63,42" hai1="131,28,16,98,71,99,0,119,126,41,70,88,121" hai2="103,9,7,82,48,68,77,54,124,74,25,14,73" hai3="47,11,116,19,84,27,37,46,44,6,111,26,97"/><V86/><F124/><W24/><G111/><T40/><D104/><U113/><E119/><V35/><F68/><W108/><G108/><T59/><D79/><U114/><E126/><V22/><F35/><W32/><G116/><T129/><D125/><U76/><E0/><V90/><F103/><W56/><G37/><T117/><D4/><U2/><E2/><V72/><F90/><W66/><G97/><N who="1" m="36874" /><E131/><V3/><F3/><W15/><G84/><T91/><D91/><U81/><E28/><V128/><F128/><W21/><G32/><T62/><D129/><U92/><E41/><N who="0" m="15977" /><D36/><U107/><E107/><V102/><F102/><W49/><G49/><T109/><D18/><U60/><E60/><AGARI ba="0,0" hai="6,11,15,19,21,24,26,27,44,46,47,56,60,66" machi="60" ten="40,1300,0" yaku="8,1" doraHai="67" who="3" fromWho="1" sc="333,0,253,-13,72,0,342,13" /><INIT seed="7,0,0,5,3,112" ten="333,240,72,355" oya="3" hai0="4,52,128,94,89,69,28,92,71,107,108,30,22" hai1="121,74,19,116,120,40,47,115,11,51,53,125,75" hai2="78,36,101,131,26,99,31,16,111,83,58,84,12" hai3="103,91,60,124,44,104,20,85,100,21,79,66,42"/><W24/><G79/><T41/><D107/><U3/><E115/><V59/><F111/><W57/><G124/><T68/><D108/><U96/><E125/><V1/><F36/><W35/><G35/><T43/><D4/><U56/><E96/><V113/><F1/><W15/><G15/><T119/><D119/><U132/><E132/><V134/><F134/><W117/><G117/><T82/><D128/><U80/><E116/><V98/><F131/><W14/><G14/><T118/><D118/><U122/><E19/><V50/><F113/><W46/><G104/><T129/><D129/><U9/><E9/><V8/><F50/><N who="3" m="26903" /><G46/><T39/><D39/><U37/><E75/><V97/><F101/><N who="3" m="38987" /><G24/><T18/><D82/><AGARI ba="0,0" hai="20,21,57,60,66,82,85,91" m="38987,26903" machi="82" ten="30,1500,0" yaku="8,1" doraHai="112" who="3" fromWho="0" sc="333,-15,240,0,72,0,355,15" owari="318,12.0,240,-16.0,72,-43.0,370,47.0" /></mjloggm>