<mjloggm ver="2.3"><GO type="97" lobby="0"/><UN n0="%E5%A4%A9%E7%8B%90%E3%81%A1%E3%82%83%E3%82%93%E3%80%82" n1="%72%79%75%2D%74%61%6E" n2="%E3%81%BF%E3%81%91%E3%81%AD%E3%81%93%E3%80%82" n3="%E5%B0%B1%E6%B4%BB%E7%94%9F%40%E5%B7%9D%E6%9D%91%E8%BB%8D%E5%9B%A3" dan="13,13,13,15" rate="1875.25,1851.40,2027.88,2001.85" sx="M,M,M,M"/><TAIKYOKU oya="0"/><INIT seed="0,0,0,4,2,84" ten="250,250,250,250" oya="0" hai0="27,42,67,25,71,135,26,97,91,125,80,121,33" hai1="70,5,114,30,79,107,0,12,77,95,96,130,120" hai2="65,134,36,40,106,117,57,2,118,7,23,81,105" hai3="58,129,88,60,1,19,87,32,76,85,3,8,82"/><T94/><D121/><U104/><E120/><V41/><F134/><W38/><G32/><T119/><D119/><N who="2" m="45578" /><F81/><W66/><G38/><T35/><D125/><U68/><E130/><V108/><F108/><W50/><G129/><T51/><D80/><U16/><E114/><V123/><F123/><W100/><G100/><T62/><REACH who="0" step="1"/><D135/><REACH who="0" ten="240,250,250,250" step="2"/><U110/><E110/><V99/><F36/><W63/><G3/><T6/><D6/><U126/><E5/><V44/><F7/><W29/><G1/><T111/><D111/><U39/><E0/><V127/><F2/><W47/><G76/><T54/><D54/><U59/><E79/><V90/><F127/><W21/><G82/><T115/><D115/><U89/><E77/><V55/><F55/><W20/><G66/><T112/><D112/><U31/><E39/><V24/><F65/><W122/><G122/><T28/><D28/><U43/><E31/><V133/><F133/><W61/><G29/><T83/><D83/><U48/><E30/><V102/><F41/><W10/><G19/><T37/><D37/><U14/><E16/><V116/><F116/><W53/><G47/><AGARI ba="0,1" hai="25,26,27,33,35,42,47,51,62,67,71,91,94,97" machi="47" ten="40,3900,0" yaku="1,1,52,1,53,0" doraHai="84" doraHaiUra="4" who="0" fromWho="3" sc="240,49,250,0,250,0,250,-39" /><INIT seed="0,1,0,0,2,124" ten="289,250,250,211" oya="0" hai0="60,97,101,107,82,19,116,38,53,20,86,127,6" hai1="56,16,102,84,3,110,58,30,69,25,43,39,68" hai2="45,2,0,13,33,44,28,108,85,92,79,42,130" hai3="34,24,66,105,64,123,46,27,67,122,71,10,47"/><T35/><D127/><U109/><E3/><V8/><F45/><N who="3" m="16907" /><G105/><T112/><D112/><U41/><E102/><V93/><F108/><N who="1" m="41577" /><E84/><V9/><F9/><W121/><G34/><T126/><D35/><U18/><E39/><V80/><F2/><W12/><G71/><N who="1" m="27210" /><E25/><N who="3" m="9802" /><G12/><T75/><D38/><U7/><E7/><V70/><F0/><W11/><AGARI ba="1,0" hai="10,11,64,66,67,121,122,123" m="9802,16907" machi="11" ten="40,5200,0" yaku="28,2,13,1" doraHai="124" who="3" fromWho="3" sc="289,-27,250,-14,250,-14,211,55" /><INIT seed="1,0,0,5,2,9" ten="262,236,236,266" oya="1" hai0="18,102,115,119,54,44,93,62,94,31,51,117,113" hai1="36,41,122,91,70,125,38,99,21,26,88,84,96" hai2="30,129,19,75,3,42,77,25,60,12,49,90,16" hai3="15,40,37,2,107,131,55,10,17,116,82,65,79"/><U29/><E122/><V23/><F3/><W6/><G107/><T13/><D31/><U50/><E125/><V7/><F129/><W56/><G131/><T81/><D81/><U111/><E70/><V89/><F77/><W106/><G106/><T98/><D62/><U76/><E111/><V72/><F72/><W24/><G65/><T43/><D43/><U80/><E38/><V123/><F75/><W66/><G66/><T101/><D101/><U53/><E36/><V71/><F71/><W45/><G24/><T100/><D94/><U39/><E39/><V8/><F60/><W11/><G116/><T104/><D104/><U64/><E64/><V14/><F123/><W1/><G1/><T34/><D102/><U121/><E41/><V114/><F114/><W83/><G79/><T128/><D128/><U103/><E121/><V97/><F97/><N who="1" m="37449" /><E103/><V47/><F7/><W61/><AGARI ba="0,0" hai="2,6,10,11,15,17,37,40,45,55,56,61,82,83" machi="61" ten="20,2700,0" yaku="0,1,7,1,52,1" doraHai="9" who="3" fromWho="3" sc="262,-7,236,-13,236,-7,266,27" /><INIT seed="2,0,0,1,1,116" ten="255,223,229,293" oya="2" hai0="113,1,44,61,70,123,82,18,43,102,66,115,68" hai1="110,30,46,48,8,81,79,67,21,7,31,16,75" hai2="15,52,100,106,90,60,20,74,101,112,17,103,50" hai3="134,42,118,104,45,111,71,47,22,25,32,41,117"/><V88/><F106/><W2/><G104/><T36/><D1/><U97/><E110/><V54/><F74/><W131/><G2/><T38/><D102/><U73/><E73/><V27/><F112/><N who="0" m="43082" /><D82/><U69/><E97/><V98/><F98/><W5/><G5/><T132/><D18/><U14/><E67/><V89/><F60/><W28/><G71/><N who="0" m="42447" /><D132/><U109/><E109/><V99/><F99/><W59/><G131/><T86/><D86/><U83/><E83/><V58/><REACH who="2" step="1"/><F54/><REACH who="2" ten="255,223,219,293" step="2"/><W19/><G111/><T34/><D34/><U29/><E75/><V33/><F33/><W37/><G118/><T35/><D35/><U135/><E135/><V39/><F39/><W94/><G134/><T23/><D68/><U124/><E69/><V122/><F122/><W114/><G117/><T105/><D70/><U57/><E124/><V40/><F40/><W3/><G114/><T26/><D123/><U13/><E31/><V77/><F77/><W78/><G32/><T133/><D105/><U120/><E79/><V12/><AGARI ba="0,1" hai="12,15,17,20,27,50,52,58,88,89,90,100,101,103" machi="12" ten="40,12000,1" yaku="1,1,0,1,8,1,54,2,53,0" doraHai="116" doraHaiUra="65" who="2" fromWho="2" sc="255,-40,223,-40,219,130,293,-40" /><INIT seed="2,1,0,2,0,127" ten="215,183,349,253" oya="2" hai0="33,91,15,83,64,65,135,75,57,13,26,31,73" hai1="81,16,62,116,86,61,48,25,85,40,102,87,39" hai2="32,51,133,22,98,42,1,97,3,89,118,19,82" hai3="21,110,106,38,134,107,67,66,113,105,58,53,95"/><V12/><F32/><W60/><G38/><T121/><D121/><U18/><E116/><V88/><F118/><W5/><G113/><T132/><D91/><N who="1" m="51631" /><E39/><V92/><F133/><N who="0" m="51274" /><D83/><U78/><E102/><V114/><F114/><W129/><G134/><T109/><D109/><U123/><E123/><V68/><F68/><W43/><G110/><T52/><D64/><U2/><E2/><V128/><F128/><W70/><G129/><T7/><D65/><U23/><E18/><V37/><F37/><W111/><G5/><T50/><D7/><U74/><E74/><AGARI ba="1,0" hai="13,15,26,31,33,50,52,57,73,74,75" m="51274" machi="74" ten="30,2000,0" yaku="20,1,54,1" doraHai="127" who="0" fromWho="1" sc="215,23,183,-23,349,0,253,0" /><INIT seed="3,0,0,0,2,123" ten="238,160,349,253" oya="3" hai0="88,109,35,134,63,133,79,7,89,54,42,1,132" hai1="77,49,11,21,90,105,70,107,113,14,116,57,52" hai2="62,13,28,39,60,20,125,73,69,120,118,124,17" hai3="45,3,61,47,5,2,32,22,84,50,98,115,128"/><W114/><G32/><T36/><D109/><U76/><E113/><V30/><F39/><W87/><G128/><T96/><D79/><U59/><E116/><V110/><F73/><W86/><G61/><N who="2" m="23657" /><F110/><W55/><G98/><T75/><D75/><U26/><E70/><V85/><F69/><W53/><G22/><T43/><D35/><U130/><E130/><V67/><F67/><W99/><G99/><T9/><D36/><U64/><E90/><N who="0" m="34921" /><D96/><U119/><E119/><V78/><F120/><W111/><G111/><T19/><D19/><U16/><E107/><V101/><F101/><W97/><G97/><T65/><D54/><U8/><E105/><V46/><F118/><W103/><G103/><T93/><D93/><U83/><E64/><V91/><F78/><W37/><G37/><T135/><D134/><U72/><E11/><V41/><F46/><W80/><G80/><T126/><D126/><N who="2" m="48746" /><F41/><W58/><G114/><T81/><D81/><AGARI ba="0,0" hai="13,17,20,28,30,81,85,91" m="48746,23657" machi="81" ten="30,1000,0" yaku="18,1" doraHai="123" who="2" fromWho="0" sc="238,-10,160,0,349,10,253,0" owari="228,-17.0,160,-34.0,359,46.0,253,5.0" /></mjloggm>