<mjloggm ver="2.3"><GO type="41" lobby="0"/><UN n0="%4C%75%63%61%73" n1="%E3%83%92%E3%83%87%E3%82%B3" n2="%77%61%6B%61%61" n3="%E5%B0%B1%E6%B4%BB%E7%94%9F%40%E5%B7%9D%E6%9D%91%E8%BB%8D%E5%9B%A3" dan="13,14,14,15" rate="1819.36,1896.74,1986.98,2048.91" sx="M,M,M,M"/><TAIKYOKU oya="0"/><INIT seed="0,0,0,4,0,112" ten="250,250,250,250" oya="0" hai0="84,88,93,70,29,78,17,95,43,14,91,130,3" hai1="114,66,127,107,129,1,134,121,41,23,65,2,40" hai2="128,119,24,105,92,110,83,15,79,51,6,98,33" hai3="116,97,25,13,74,47,115,77,76,10,72,117,96"/><T135/><D135/><U108/><E121/><V73/><F51/><W100/><G25/><T0/><D130/><U87/><E107/><V89/><F128/><W124/><G47/><T126/><D126/><U31/><E129/><V18/><F110/><W8/><G13/><T102/><D70/><U68/><E127/><V36/><F6/><W63/><G124/><T28/><D102/><U27/><E114/><V26/><F36/><W123/><G115/><T59/><D78/><U113/><E113/><V38/><F38/><W64/><G100/><T67/><D43/><U75/><E75/><V46/><F46/><W120/><G63/><T19/><D19/><U34/><E108/><V20/><F105/><W62/><G62/><T22/><D67/><AGARI ba="0,0" hai="8,10,64,67,72,74,76,77,96,97,116,117,120,123" machi="67" ten="25,6400,0" yaku="22,2,52,2" doraHai="112" who="3" fromWho="0" sc="250,-64,250,0,250,0,250,64" /><INIT seed="1,0,0,3,3,57" ten="186,250,250,314" oya="1" hai0="33,22,46,20,67,53,108,119,65,79,21,27,38" hai1="0,107,58,90,2,111,32,60,115,84,16,87,10" hai2="64,123,41,98,61,72,85,109,31,97,13,135,69" hai3="43,78,49,105,110,15,42,30,74,73,130,55,9"/><U44/><E115/><V40/><F123/><W93/><G105/><T70/><D119/><U28/><E107/><V76/><F72/><W39/><G39/><T112/><D112/><U103/><E103/><V116/><F116/><W34/><G130/><T45/><D79/><U131/><E131/><V94/><F135/><W19/><G110/><T48/><D108/><U71/><E71/><V3/><F3/><W92/><G34/><T5/><D5/><U18/><E111/><V24/><F109/><W89/><G93/><T52/><D33/><U29/><E44/><V113/><F113/><W77/><G30/><T117/><D117/><U83/><E10/><V132/><F132/><W23/><G9/><T37/><D37/><U106/><E106/><V125/><F13/><W12/><G12/><T8/><D8/><U66/><E32/><V82/><F98/><W50/><G50/><T47/><D38/><U63/><E58/><V114/><F125/><W95/><G95/><T100/><D100/><U91/><E83/><V26/><F26/><W120/><G120/><T14/><D14/><U102/><E102/><V11/><F11/><W104/><G104/><T86/><D86/><U122/><E66/><N who="0" m="25097" /><D70/><U88/><E91/><V80/><F80/><W51/><G74/><T59/><D27/><U56/><REACH who="1" step="1"/><E56/><REACH who="1" ten="186,240,250,314" step="2"/><V126/><F114/><W6/><G73/><T1/><D1/><U75/><E75/><V68/><F68/><W4/><G77/><T133/><D133/><U134/><E134/><V101/><F126/><W118/><G78/><T81/><D81/><U35/><E35/><AGARI ba="0,1" hai="24,31,35,40,41,61,64,69,76,82,85,94,97,101" machi="35" ten="30,3900,0" yaku="6,1,7,1,52,1" doraHai="57" who="2" fromWho="1" sc="186,0,240,-39,250,49,314,0" /><INIT seed="2,0,0,0,4,71" ten="186,201,299,314" oya="2" hai0="44,114,70,108,25,65,87,49,34,117,95,32,116" hai1="74,23,37,8,97,115,54,101,93,106,56,10,92" hai2="26,66,120,110,132,43,86,109,40,46,5,91,0" hai3="96,21,6,19,103,39,20,63,60,62,31,24,72"/><V134/><F120/><W27/><G72/><T123/><D123/><U1/><E115/><V16/><F66/><W88/><G6/><T4/><D114/><U48/><E74/><V82/><F5/><W102/><REACH who="3" step="1"/><G39/><REACH who="3" ten="186,201,299,304" step="2"/><T45/><D4/><U30/><E1/><V89/><F0/><W14/><G14/><T53/><D25/><U58/><E37/><N who="2" m="21775" /><F43/><W3/><G3/><T78/><D116/><U128/><E128/><V80/><F26/><W12/><G12/><T79/><D117/><U84/><E106/><V107/><F107/><W105/><G105/><T61/><D108/><N who="2" m="41578" /><F16/><W11/><G11/><T29/><D29/><U90/><E58/><V127/><F127/><W85/><G85/><AGARI ba="0,1" hai="80,82,85,86,89,91,132,134" m="41578,21775" machi="85" ten="30,5800,0" yaku="14,1,10,1,52,1" doraHai="71" who="2" fromWho="3" sc="186,0,201,0,299,68,304,-58" /><INIT seed="2,1,0,5,1,131" ten="186,201,367,246" oya="2" hai0="119,49,91,13,26,74,31,38,18,130,81,77,94" hai1="36,124,132,76,2,90,37,57,79,93,104,12,80" hai2="73,72,86,22,68,122,120,21,118,71,125,10,52" hai3="7,103,39,126,102,8,14,40,65,44,23,69,41"/><V109/><F118/><W99/><G126/><T33/><D130/><U58/><E124/><V19/><F125/><W117/><G117/><T11/><D119/><U101/><E2/><V84/><F10/><W128/><G128/><T105/><D105/><U24/><E24/><V127/><F127/><W55/><G41/><T129/><D129/><U67/><E12/><V54/><F19/><W88/><G55/><T15/><D15/><U63/><E79/><V42/><F42/><W45/><G45/><T20/><D49/><U1/><E1/><V32/><F109/><W0/><G0/><T78/><D78/><U64/><E132/><V60/><F60/><W17/><G65/><T115/><D115/><U59/><E37/><V108/><F108/><W133/><G69/><T100/><D100/><U92/><E36/><V70/><F70/><W56/><G56/><T85/><REACH who="0" step="1"/><D38/><REACH who="0" ten="176,201,367,246" step="2"/><U48/><E104/><V30/><REACH who="2" step="1"/><F30/><REACH who="2" ten="176,201,357,246" step="2"/><W113/><G113/><T112/><D112/><U51/><E63/><V116/><F116/><W135/><G7/><T43/><D43/><U6/><E6/><V110/><F110/><W16/><G8/><AGARI ba="1,2" hai="8,11,13,18,20,26,31,33,74,77,81,85,91,94" machi="8" ten="40,2600,0" yaku="1,1,53,1" doraHai="131" doraHaiUra="29" who="0" fromWho="3" sc="176,49,201,0,357,0,246,-29" /><INIT seed="3,0,0,3,3,66" ten="225,201,357,217" oya="3" hai0="11,29,28,76,23,21,34,90,12,0,35,111,95" hai1="20,30,88,117,105,4,81,132,78,45,85,67,43" hai2="27,6,38,73,36,57,16,9,1,120,92,114,74" hai3="86,72,103,131,46,89,51,60,108,55,102,97,93"/><W127/><G72/><T69/><D76/><U40/><E132/><V113/><F120/><W41/><G127/><T83/><D83/><U32/><E32/><V75/><F92/><W122/><G131/><T104/><D104/><U7/><E67/><V33/><F57/><W80/><G122/><T56/><D56/><U94/><E43/><V58/><F58/><W121/><G121/><T44/><D44/><U123/><E123/><V3/><F3/><W61/><G108/><T118/><D95/><U42/><E42/><V116/><F116/><W65/><G41/><T54/><D90/><U77/><E117/><V124/><F124/><W17/><G17/><N who="0" m="8351" /><D54/><U18/><E30/><N who="0" m="11881" /><D69/><U91/><E78/><V125/><F125/><W79/><REACH who="3" step="1"/><G60/><REACH who="3" ten="225,201,357,207" step="2"/><T99/><D118/><U49/><E105/><V13/><F33/><N who="0" m="12298" /><D111/><U19/><E91/><V2/><F2/><W37/><G37/><T39/><D39/><U50/><E50/><V100/><F36/><W119/><G119/><T109/><D109/><U126/><E126/><V14/><F38/><W26/><G26/><T71/><D0/><U106/><E106/><V128/><F1/><W130/><G130/><T63/><D63/><U24/><REACH who="1" step="1"/><E19/><REACH who="1" ten="225,191,357,207" step="2"/><V96/><F128/><W82/><G82/><T31/><D31/><U15/><E15/><V62/><F14/><W87/><G87/><AGARI ba="0,2" hai="4,7,18,20,24,40,45,49,77,81,85,87,88,94" machi="87" ten="30,7700,0" yaku="1,1,7,1,8,1,54,1,53,0" doraHai="66" doraHaiUra="52" who="1" fromWho="3" sc="225,0,191,97,357,0,207,-77" /><INIT seed="4,0,0,4,0,52" ten="225,288,357,130" oya="0" hai0="131,36,21,8,67,31,70,124,23,108,97,135,2" hai1="49,45,59,16,122,35,118,127,73,101,104,75,66" hai2="51,117,132,48,88,133,100,116,78,41,93,44,85" hai3="43,76,38,60,25,14,0,19,17,92,5,69,79"/><T129/><D36/><U56/><E122/><V99/><F78/><W10/><G38/><T125/><D67/><U121/><E121/><V65/><F65/><W89/><G43/><T54/><D70/><U74/><E118/><N who="2" m="45675" /><F51/><W46/><G46/><T6/><D97/><U29/><E127/><N who="0" m="48713" /><D54/><U86/><E66/><V95/><AGARI ba="0,0" hai="41,44,48,85,88,93,95,99,100,132,133" m="45675" machi="95" ten="30,2000,0" yaku="12,1,54,1" doraHai="52" who="2" fromWho="2" sc="225,-10,288,-5,357,20,130,-5" /><INIT seed="5,0,0,3,1,46" ten="215,283,377,125" oya="1" hai0="135,42,81,6,98,101,37,1,132,63,106,94,30" hai1="86,33,107,2,11,15,88,18,58,110,51,52,3" hai2="72,47,93,66,116,112,59,36,127,108,103,120,26" hai3="19,128,65,53,12,21,125,117,75,67,28,70,134"/><U25/><E107/><V40/><F120/><W49/><G75/><T123/><D123/><U121/><E121/><V60/><F108/><W68/><G117/><T124/><D30/><U92/><E110/><V44/><F72/><W97/><G125/><T16/><D124/><U35/><E35/><V55/><F127/><W99/><G128/><T27/><D6/><U100/><E100/><V129/><F116/><W24/><G134/><T7/><D7/><U76/><REACH who="1" step="1"/><E76/><REACH who="1" ten="215,273,377,125" step="2"/><V10/><F129/><W80/><G70/><T77/><D106/><U14/><E14/><V113/><F26/><W34/><G80/><T69/><D1/><U133/><E133/><V39/><F103/><W83/><G83/><T131/><D101/><U74/><E74/><V122/><F93/><W50/><G68/><T64/><D77/><U48/><E48/><N who="3" m="18538" /><G34/><T119/><D81/><U109/><E109/><V115/><F122/><W32/><G32/><T41/><D27/><U91/><E91/><V82/><F82/><W17/><G53/><T111/><D131/><U61/><E61/><V87/><F55/><W73/><G73/><T89/><D132/><U29/><AGARI ba="0,1" hai="2,3,11,15,18,25,29,33,51,52,58,86,88,92" machi="29" ten="30,12000,1" yaku="1,1,0,1,52,1,54,2,53,0" doraHai="46" doraHaiUra="114" who="1" fromWho="1" sc="215,-40,273,130,377,-40,125,-40" /><INIT seed="5,1,0,2,4,102" ten="175,403,337,85" oya="1" hai0="40,45,27,67,54,94,116,113,108,14,58,48,71" hai1="77,101,70,15,29,59,66,35,93,86,32,103,87" hai2="21,82,4,110,97,133,0,63,5,127,44,33,76" hai3="91,6,22,55,88,62,60,36,98,109,50,25,56"/><U117/><E117/><V65/><F110/><W9/><G36/><T52/><D108/><U69/><E15/><V118/><F118/><W8/><G109/><T107/><D116/><U16/><E77/><V126/><F33/><W128/><G128/><T64/><D107/><U57/><E93/><V122/><F122/><W37/><G37/><T100/><D113/><U114/><E114/><V125/><F0/><W34/><G34/><T42/><D14/><U61/><E61/><V90/><F44/><W17/><G9/><T73/><D73/><U43/><E43/><N who="0" m="16425" /><D27/><U13/><E13/><V96/><F133/><W46/><G62/><N who="0" m="36167" /><D94/><U92/><E92/><V3/><F3/><W20/><G98/><T41/><D100/><U49/><E29/><V51/><F51/><W30/><G8/><T39/><D71/><U104/><E16/><V11/><F11/><W78/><G6/><N who="2" m="2665" /><F21/><W106/><G106/><T74/><D74/><U80/><E70/><N who="2" m="42303" /><F90/><W84/><G22/><T132/><D132/><U131/><E69/><V12/><F12/><W85/><G30/><T120/><D120/><U99/><E103/><V72/><AGARI ba="1,0" hai="72,76,82,96,97,125,126,127" m="42303,2665" machi="72" ten="40,1500,0" yaku="18,1" doraHai="102" who="2" fromWho="2" sc="175,-5,403,-8,337,18,85,-5" /><INIT seed="6,0,0,2,2,9" ten="170,395,355,80" oya="2" hai0="112,37,36,4,68,24,134,125,133,34,97,123,104" hai1="27,67,72,41,16,75,29,61,91,102,108,20,119" hai2="49,113,48,62,103,47,76,130,109,73,107,120,60" hai3="96,5,87,135,82,39,121,71,116,98,94,69,95"/><V101/><F120/><W58/><G39/><T18/><D123/><U2/><E119/><V131/><F73/><W25/><G121/><T1/><D112/><U74/><E108/><V53/><F76/><W21/><G116/><T45/><D125/><U12/><E102/><V85/><F85/><W132/><G5/><T59/><D68/><U117/><E117/><V99/><F103/><W46/><G46/><T90/><D104/><U42/><E91/><V65/><F113/><W115/><G115/><T17/><D4/><U54/><E54/><V93/><F107/><W30/><G71/><T55/><D1/><U51/><E51/><V33/><F33/><W14/><G69/><T89/><D34/><U111/><E2/><V0/><F0/><W83/><G58/><T44/><D59/><U56/><REACH who="1" step="1"/><E111/><REACH who="1" ten="170,385,355,80" step="2"/><V124/><F109/><W122/><G122/><T11/><D55/><U81/><E81/><V70/><F124/><W6/><G132/><T43/><D90/><U79/><E79/><V50/><REACH who="2" step="1"/><F60/><REACH who="2" ten="170,385,345,80" step="2"/><W110/><G135/><T3/><D134/><U52/><E52/><V100/><F100/><W23/><G110/><T92/><D133/><U15/><E15/><V7/><F7/><W106/><G106/><T38/><D3/><U86/><E86/><V80/><F80/><W88/><G6/><T32/><D97/><N who="3" m="37481" /><G83/><T13/><D13/><U35/><AGARI ba="0,2" hai="12,16,20,27,29,35,41,42,56,61,67,72,74,75" machi="35" ten="30,8000,1" yaku="1,1,0,1,52,1,54,1,53,1" doraHai="9" doraHaiUra="63" who="1" fromWho="1" sc="170,-20,385,100,345,-40,80,-20" /><INIT seed="7,0,0,3,3,59" ten="150,485,305,60" oya="3" hai0="124,6,44,114,117,66,64,129,39,93,77,126,133" hai1="130,26,119,36,1,98,96,108,83,7,100,8,15" hai2="97,0,112,29,43,40,84,22,121,51,4,115,12" hai3="113,76,127,135,116,45,94,132,82,85,27,91,102"/><W48/><G116/><T3/><D117/><U41/><E108/><V11/><F97/><W24/><G113/><N who="2" m="43593" /><F84/><W79/><G127/><N who="0" m="48683" /><D114/><U89/><E119/><V73/><F73/><W21/><G102/><T58/><D129/><U55/><E130/><V9/><F51/><W42/><G76/><T67/><D133/><N who="3" m="51273" /><G21/><T87/><D44/><U30/><E55/><V109/><F43/><W16/><G16/><T28/><D39/><U14/><E41/><V123/><F40/><W31/><G31/><T88/><D28/><U103/><E36/><V71/><F71/><W95/><G95/><T5/><D77/><U38/><E38/><V17/><F109/><W35/><G35/><T70/><D70/><U54/><E54/><V81/><F81/><W72/><AGARI ba="0,0" hai="24,27,42,45,48,72,79,82,85,91,94" m="51273" machi="72" ten="30,1500,0" yaku="20,1" doraHai="59" who="3" fromWho="3" sc="150,-5,485,-5,305,-5,60,15" /><INIT seed="7,1,0,0,3,12" ten="145,480,300,75" oya="3" hai0="10,47,31,132,98,26,6,86,134,23,50,78,62" hai1="83,16,36,89,81,53,96,60,103,123,97,8,34" hai2="43,59,133,113,94,95,66,45,27,22,99,18,25" hai3="87,46,121,79,127,71,69,17,90,4,116,14,21"/><W67/><G121/><T39/><D39/><U117/><E123/><V19/><F133/><N who="0" m="51306" /><D98/><U49/><E36/><V135/><F135/><W37/><G116/><T24/><D62/><U35/><E117/><V110/><F113/><W108/><G4/><T107/><D107/><U52/><E60/><V85/><F110/><W130/><G108/><T131/><D131/><U28/><E53/><V119/><F119/><W56/><G79/><T126/><D126/><U112/><E112/><V76/><F95/><W105/><G105/><T63/><D63/><U111/><E111/><V124/><F124/><W15/><G127/><T68/><D68/><U93/><E28/><V77/><F59/><W120/><G120/><T57/><D57/><U91/><E35/><V70/><F66/><W65/><G130/><T44/><D26/><N who="2" m="9738" /><F70/><W54/><G71/><T109/><D109/><U38/><E38/><V29/><F85/><W41/><G69/><T106/><D106/><U3/><E34/><V100/><F29/><W122/><G122/><T128/><D128/><U80/><E3/><V82/><F22/><W74/><G74/><T32/><D32/><U48/><E48/><N who="2" m="26687" /><F82/><W51/><REACH who="3" step="1"/><G15/><REACH who="3" ten="145,480,300,65" step="2"/><N who="0" m="5591" /><D50/><U55/><E55/><V129/><F129/><W11/><G11/><T84/><D78/><AGARI ba="1,1" hai="18,19,76,77,78,94,99,100" m="26687,9738" machi="78" ten="30,3900,0" yaku="8,1,52,2" doraHai="12" who="2" fromWho="0" sc="145,-42,480,0,300,52,65,0" owari="103,-30.0,480,58.0,352,15.0,65,-43.0" /></mjloggm>