<mjloggm ver="2.3"><GO type="97" lobby="0"/><UN n0="%E3%82%B0%E3%83%AA%E3%82%BB%E3%83%AA%E3%83%B3%E6%9C%AB%E5%BC%9F" n1="%E3%81%AD%E3%82%8B%E3%81%A6%E3%81%83%E3%82%93" n2="%E5%B0%B1%E6%B4%BB%E7%94%9F%40%E5%B7%9D%E6%9D%91%E8%BB%8D%E5%9B%A3" n3="%6B%2D%74%61%6B%61%74%6F" dan="15,14,16,15" rate="1947.00,1915.62,2079.78,2070.55" sx="M,F,M,M"/><TAIKYOKU oya="0"/><INIT seed="0,0,0,4,2,125" ten="250,250,250,250" oya="0" hai0="16,3,11,9,28,84,36,97,102,1,116,66,120" hai1="109,81,6,22,69,32,82,87,124,85,101,59,122" hai2="23,118,49,56,52,48,78,115,40,135,100,34,117" hai3="8,119,126,110,132,121,105,33,35,46,75,92,77"/><T99/><D36/><U130/><E69/><V111/><F34/><W30/><G92/><T2/><D116/><N who="2" m="44650" /><F115/><W133/><G46/><T18/><D120/><U67/><E32/><V73/><F100/><W44/><G44/><T58/><D28/><U26/><E101/><V54/><F78/><W72/><G77/><T37/><D37/><U91/><E6/><V21/><F73/><W43/><G43/><T74/><D74/><U98/><E109/><V24/><F111/><W127/><G110/><T57/><D84/><U88/><E124/><V80/><F80/><W76/><G76/><T17/><D66/><U68/><E68/><V53/><F135/><W45/><G45/><T15/><D15/><U39/><E39/><V129/><F129/><W70/><G30/><T38/><D38/><U96/><E130/><V60/><F40/><W4/><G70/><T55/><D55/><N who="2" m="21066" /><F23/><W7/><G8/><N who="0" m="3147" /><D102/><U19/><REACH who="1" step="1"/><E122/><REACH who="1" ten="250,240,250,250" step="2"/><V128/><F128/><W12/><G121/><T42/><D42/><U51/><E51/><V63/><F48/><W47/><G47/><T10/><D10/><U103/><E103/><V89/><F89/><W25/><G126/><T79/><D79/><U65/><E65/><V0/><F0/><W20/><G127/><T93/><D3/><U106/><E106/><V71/><F71/><W113/><G105/><T83/><D2/><U114/><E114/><V90/><F90/><W62/><G113/><T86/><D1/><U29/><E29/><AGARI ba="0,1" hai="21,24,29,49,54,56,60,63" m="21066,44650" machi="29" ten="30,2000,0" yaku="12,1,54,1" doraHai="125" who="2" fromWho="1" sc="250,0,240,-20,250,30,250,0" /><INIT seed="1,0,0,2,0,83" ten="250,220,280,250" oya="1" hai0="18,37,73,60,121,3,124,129,131,98,41,61,28" hai1="36,45,120,123,29,68,17,55,77,110,59,130,38" hai2="106,44,49,126,2,7,65,91,16,116,114,74,22" hai3="93,92,20,97,87,82,15,35,25,50,19,81,4"/><U105/><E105/><V32/><F32/><W21/><G35/><T13/><D3/><U67/><E29/><V51/><F106/><W75/><G4/><T8/><D73/><U12/><E130/><N who="0" m="49673" /><D121/><U101/><E101/><V103/><F74/><W10/><G75/><T9/><D9/><U57/><E77/><V100/><F116/><W64/><G64/><T66/><D28/><U119/><E119/><V134/><F65/><W132/><G132/><T76/><D76/><U53/><E17/><V43/><F134/><W80/><G50/><T84/><D66/><U135/><E12/><V99/><F51/><W128/><G128/><T133/><D133/><U113/><E135/><V39/><F39/><N who="1" m="14889" /><E113/><V30/><F30/><W78/><G92/><T40/><D98/><U62/><E110/><V102/><F114/><W11/><G21/><T31/><D31/><U6/><E6/><V111/><F111/><W48/><G48/><T109/><D109/><U89/><E89/><V88/><F99/><W47/><G47/><N who="0" m="23951" /><D124/><U33/><E33/><V46/><F46/><W26/><G26/><T79/><D41/><U127/><E127/><V56/><F126/><W58/><G58/><N who="1" m="22026" /><E45/><V14/><F56/><W96/><G96/><T108/><D108/><U115/><E115/><V95/><F95/><W86/><G78/><T69/><D79/><U1/><E1/><V63/><F63/><W72/><G72/><T90/><D61/><U70/><E70/><V122/><F122/><AGARI ba="0,0" hai="53,55,62,67,68,120,122,123" m="22026,14889" machi="122" ten="30,2900,0" yaku="34,2" doraHai="83" who="1" fromWho="2" sc="250,0,220,29,280,-29,250,0" /><INIT seed="1,1,0,2,1,70" ten="250,249,251,250" oya="1" hai0="80,97,20,85,87,29,77,45,43,1,74,10,78" hai1="120,103,16,86,44,24,54,90,48,31,81,89,79" hai2="84,25,13,122,32,62,21,65,2,133,64,83,121" hai3="11,102,4,15,57,23,33,59,111,98,39,107,118"/><U92/><E120/><V101/><F2/><W36/><G33/><T125/><D125/><U110/><E110/><V82/><F133/><W128/><G111/><T109/><D109/><U75/><E103/><V113/><F101/><W69/><G69/><T51/><D97/><U104/><E104/><V71/><F113/><W17/><G128/><T73/><D73/><U94/><E75/><V12/><F32/><W72/><G72/><T22/><D22/><N who="1" m="13383" /><E31/><V49/><F65/><W112/><G112/><T126/><D126/><U40/><E40/><V117/><F117/><W56/><REACH who="3" step="1"/><G118/><REACH who="3" ten="250,249,251,240" step="2"/><T14/><D74/><U134/><E134/><V8/><F122/><W7/><G7/><T124/><D124/><U116/><E116/><V108/><F121/><W123/><G123/><T95/><D1/><AGARI ba="1,1" hai="1,4,11,15,17,23,36,39,56,57,59,98,102,107" machi="1" ten="40,5200,0" yaku="1,1,52,2,53,0" doraHai="70" doraHaiUra="46" who="3" fromWho="0" sc="250,-55,249,0,251,0,240,65" /><INIT seed="2,0,0,5,5,135" ten="195,249,251,305" oya="2" hai0="92,90,32,9,54,129,121,101,124,1,8,19,56" hai1="128,119,126,72,66,82,42,37,63,48,117,17,11" hai2="65,36,89,5,28,132,25,73,88,16,49,102,20" hai3="95,93,107,70,100,94,83,125,113,18,43,21,12"/><V41/><F73/><W99/><G70/><T111/><D121/><U87/><E72/><V46/><F132/><W50/><G113/><T134/><D134/><U2/><E37/><V122/><F122/><W53/><G43/><T27/><D129/><U47/><E128/><V123/><F123/><W115/><G83/><T64/><D64/><U91/><E126/><V106/><F5/><W130/><G130/><T60/><D101/><U58/><REACH who="1" step="1"/><E17/><REACH who="1" ten="195,239,251,305" step="2"/><V57/><F16/><W62/><G115/><T112/><D112/><U14/><E14/><V6/><F6/><AGARI ba="0,1" hai="2,6,11,42,47,48,58,63,66,82,87,91,117,119" machi="6" ten="40,1300,0" yaku="1,1,53,0" doraHai="135" doraHaiUra="75" who="1" fromWho="2" sc="195,0,239,23,251,-13,305,0" /><INIT seed="3,0,0,3,3,107" ten="195,262,238,305" oya="3" hai0="76,67,98,115,84,47,104,13,55,134,56,118,68" hai1="135,17,94,119,42,49,128,18,88,58,111,53,125" hai2="103,44,92,116,19,28,4,37,8,124,48,21,0" hai3="9,97,73,113,120,61,27,75,105,34,29,71,33"/><W95/><G113/><T129/><D118/><U132/><E111/><V63/><F116/><W14/><G120/><T64/><D115/><U60/><E125/><V70/><F124/><W6/><G34/><T66/><D134/><N who="1" m="51243" /><E128/><V45/><F37/><W3/><G14/><T46/><D129/><U36/><E36/><V65/><F28/><W82/><G82/><T59/><D68/><U12/><E12/><V51/><F103/><N who="3" m="62703" /><G95/><T23/><D104/><U112/><E112/><V117/><F117/><W35/><G35/><T26/><D13/><U77/><E77/><V85/><F92/><W131/><G131/><T15/><D15/><U69/><E119/><V99/><F85/><W80/><G80/><N who="0" m="47111" /><D98/><N who="1" m="57671" /><E42/><V81/><F81/><W72/><G72/><T110/><D110/><U41/><E41/><V101/><F101/><W22/><G22/><T1/><D1/><U30/><E30/><V7/><F99/><W38/><G38/><T32/><D32/><U89/><E89/><V43/><F8/><W10/><G10/><T86/><D86/><U50/><E50/><V5/><F0/><W123/><G123/><T102/><D102/><U122/><E122/><V91/><F91/><W93/><G93/><T52/><D56/><U11/><E11/><V2/><F2/><W114/><G114/><T87/><D87/><U40/><E40/><N who="2" m="24583" /><F4/><W90/><G90/><T106/><D106/><U79/><E79/><V109/><F109/><W54/><G54/><N who="0" m="20523" /><D59/><U130/><E130/><V126/><F126/><W20/><G20/><T133/><D133/><U121/><E121/><V83/><F83/><RYUUKYOKU ba="0,0" sc="195,0,262,0,238,0,305,0" hai0="23,26,46,47,64,66,67" hai1="17,18,49,53,58,60,69" hai2="5,7,19,21,43,45,51,63,65,70" hai3="3,6,9,27,29,33,61,71,73,75" owari="195,-30.0,262,6.0,238,-16.0,305,40.0" /></mjloggm>