<mjloggm ver="2.3"><GO type="41" lobby="0"/><UN n0="%66%75%6D%69%33" n1="%64%6F%74%65%74%69%6E%6E" n2="%E3%81%AF%E3%81%A3%E3%81%B1%E3%81%AE%E3%81%B1" n3="%E5%B0%B1%E6%B4%BB%E7%94%9F%40%E5%B7%9D%E6%9D%91%E8%BB%8D%E5%9B%A3" dan="15,14,15,15" rate="2025.05,1974.48,1964.96,1955.99" sx="M,M,M,M"/><TAIKYOKU oya="0"/><INIT seed="0,0,0,1,0,50" ten="250,250,250,250" oya="0" hai0="5,6,30,15,14,17,69,121,104,55,112,117,11" hai1="51,65,113,23,133,3,24,95,21,79,83,102,105" hai2="110,60,70,115,52,29,68,35,12,25,10,59,1" hai3="53,56,135,87,73,75,48,93,92,132,85,129,89"/><T39/><D104/><U49/><E3/><V123/><F123/><W61/><G129/><T26/><D69/><U2/><E2/><V114/><F1/><W9/><G132/><T31/><D39/><U100/><E133/><V127/><F110/><W36/><G135/><T107/><D107/><U47/><E105/><V63/><F127/><W22/><G36/><T34/><D121/><U99/><E113/><V94/><F94/><W96/><G9/><N who="0" m="4399" /><D112/><U20/><E65/><V44/><F63/><W41/><G41/><T88/><D88/><U16/><E102/><V32/><F32/><W103/><G85/><T98/><D98/><U37/><E37/><V80/><F80/><W28/><G61/><T90/><D90/><U13/><E49/><V116/><F116/><W40/><G40/><T111/><D55/><U126/><E24/><V106/><F106/><W4/><G4/><T38/><D38/><U128/><E128/><V72/><F72/><W119/><G119/><T33/><D117/><U86/><REACH who="1" step="1"/><E126/><REACH who="1" ten="250,240,250,250" step="2"/><V81/><F115/><W18/><REACH who="3" step="1"/><G28/><REACH who="3" ten="250,240,250,240" step="2"/><N who="0" m="10795" /><D111/><U45/><E45/><V62/><F44/><W54/><G54/><AGARI ba="0,2" hai="13,16,20,21,23,47,51,54,79,83,86,95,99,100" machi="54" ten="30,8000,1" yaku="1,1,7,1,8,1,52,1,54,1,53,0" doraHai="50" doraHaiUra="120" who="1" fromWho="3" sc="250,0,240,100,250,0,240,-80" /><INIT seed="1,0,0,3,5,72" ten="250,340,250,160" oya="1" hai0="27,3,4,128,1,11,65,89,105,120,17,42,108" hai1="50,63,97,133,74,9,24,92,33,56,12,64,22" hai2="32,131,58,103,6,127,20,111,81,59,78,15,125" hai3="109,102,77,7,113,129,40,99,41,79,38,57,30"/><U68/><E133/><V16/><F32/><W132/><G113/><T66/><D105/><U5/><E74/><V91/><F91/><W34/><G132/><T28/><D108/><U51/><E33/><V135/><F111/><W29/><G109/><T67/><D120/><U18/><REACH who="1" step="1"/><E68/><REACH who="1" ten="250,330,250,160" step="2"/><V124/><F135/><W37/><G129/><T123/><D123/><U96/><E96/><V39/><F131/><W104/><G7/><T106/><D128/><U54/><E54/><V60/><F6/><W0/><G0/><T23/><D1/><U121/><E121/><V98/><F39/><W31/><G34/><T10/><D42/><U70/><E70/><V55/><F124/><W47/><REACH who="3" step="1"/><G57/><REACH who="3" ten="250,330,250,150" step="2"/><T73/><D3/><U85/><E85/><V26/><F59/><W43/><G43/><T52/><D4/><U61/><E61/><V116/><F127/><W112/><G112/><T8/><D73/><U83/><E83/><V88/><F125/><W95/><G95/><T53/><D106/><U46/><E46/><AGARI ba="0,2" hai="29,30,31,37,38,40,41,46,47,77,79,99,102,104" machi="46" ten="40,8000,1" yaku="1,1,9,1,52,2,53,0" doraHai="72" doraHaiUra="84" who="3" fromWho="1" sc="250,0,330,-80,250,0,150,100" /><INIT seed="2,0,0,3,4,24" ten="250,250,250,250" oya="2" hai0="134,14,102,125,100,6,38,89,41,110,72,57,115" hai1="15,52,26,3,98,49,27,131,31,119,18,32,107" hai2="56,76,124,94,51,47,80,35,43,37,8,53,34" hai3="77,30,120,12,129,88,23,22,67,1,7,33,50"/><V21/><F124/><W36/><G120/><T10/><D110/><U113/><E131/><V109/><F109/><W123/><G36/><T71/><D71/><U99/><E119/><V4/><F94/><W19/><G123/><T5/><D115/><U130/><E130/><V83/><F83/><W13/><G129/><T11/><D72/><U73/><E113/><V111/><F111/><W96/><G77/><T66/><D38/><U29/><E73/><V93/><F93/><N who="3" m="56359" /><G33/><T91/><D41/><U78/><E78/><V54/><F21/><W17/><G1/><T86/><D125/><U60/><E3/><V39/><F39/><W85/><G7/><T40/><D40/><U64/><E107/><V106/><F106/><W46/><G67/><T42/><D42/><U9/><E64/><V74/><F54/><N who="3" m="30039" /><G85/><T135/><D66/><U104/><E60/><V69/><REACH who="2" step="1"/><F69/><REACH who="2" ten="250,250,240,250" step="2"/><W75/><G75/><T116/><D116/><U126/><E126/><V121/><F121/><W133/><G133/><T114/><D114/><U132/><E132/><V20/><F20/><W105/><G105/><T87/><D135/><U95/><E95/><V61/><F61/><W55/><G55/><T63/><D134/><U44/><E104/><V92/><F92/><W127/><G127/><T62/><D57/><U112/><E112/><V90/><F90/><W58/><G58/><T0/><D0/><AGARI ba="0,1" hai="0,4,8,34,35,37,43,47,51,53,56,74,76,80" machi="0" ten="30,11600,0" yaku="1,1,7,1,25,2,53,0" doraHai="24" doraHaiUra="101" who="2" fromWho="0" sc="250,-116,250,0,240,126,250,0" /><INIT seed="2,1,0,2,5,127" ten="134,250,366,250" oya="2" hai0="24,27,10,31,96,65,93,38,125,121,6,116,36" hai1="19,41,52,83,33,56,21,104,106,77,61,8,26" hai2="64,118,120,105,74,75,3,1,12,4,126,101,114" hai3="123,34,98,66,15,80,45,100,122,132,129,13,85"/><V25/><F114/><W102/><G34/><T128/><D125/><U2/><E41/><V60/><F126/><W44/><G132/><T90/><D121/><U49/><E33/><V9/><F120/><W134/><G134/><T28/><D116/><U113/><E113/><V57/><F118/><W73/><G73/><T107/><D65/><U112/><E112/><V67/><F67/><W53/><G66/><T133/><D133/><U103/><E103/><V50/><F25/><W55/><G85/><T37/><D107/><U54/><E8/><V68/><F101/><W97/><REACH who="3" step="1"/><G80/><REACH who="3" ten="134,250,366,240" step="2"/><T99/><D99/><U130/><E130/><AGARI ba="1,1" hai="13,15,44,45,53,55,97,98,100,102,122,123,129,130" machi="130" ten="25,12000,2" yaku="1,1,2,1,22,2,52,2,53,0" doraHai="127" doraHaiUra="87" who="3" fromWho="1" sc="134,0,250,-123,366,0,240,133" /><INIT seed="3,0,0,4,2,88" ten="134,127,366,373" oya="3" hai0="76,5,6,110,112,75,51,105,8,68,2,29,114" hai1="35,27,55,28,49,119,32,72,42,106,101,123,124" hai2="85,86,63,103,97,4,99,74,19,133,54,3,107" hai3="21,87,31,18,62,104,73,91,58,122,102,111,71"/><W0/><G122/><T23/><D68/><U37/><E123/><V13/><F74/><W59/><G73/><T20/><D105/><U43/><E124/><V134/><F3/><W17/><G0/><N who="0" m="39" /><D51/><U67/><E72/><V7/><F19/><W78/><G78/><T45/><D45/><U53/><E35/><V79/><F13/><W56/><G71/><T130/><D76/><U1/><E1/><V61/><F79/><W131/><G62/><T60/><D60/><U96/><E119/><V38/><F38/><W41/><G41/><T83/><D83/><U115/><E115/><N who="0" m="44073" /><D75/><U94/><E94/><V47/><F47/><W126/><G102/><T25/><D130/><U34/><E34/><V84/><F54/><W113/><G104/><T9/><D110/><U33/><E33/><AGARI ba="0,0" hai="2,6,9,20,23,25,29,33" m="44073,39" machi="33" ten="30,3900,0" yaku="11,1,34,2" doraHai="88" who="0" fromWho="1" sc="134,39,127,-39,366,0,373,0" /><INIT seed="4,0,0,5,0,2" ten="173,88,366,373" oya="0" hai0="130,69,122,119,91,99,108,63,48,127,79,73,28" hai1="81,109,58,18,15,98,59,106,117,114,3,97,135" hai2="57,52,65,31,101,89,22,83,4,86,93,24,26" hai3="105,123,21,75,36,133,92,55,78,134,51,129,43"/><T116/><D116/><U118/><E117/><V9/><F26/><W88/><G105/><T112/><D119/><U29/><E118/><V37/><F37/><W126/><G123/><T71/><D122/><U8/><E109/><V67/><F101/><W41/><G36/><T10/><D108/><U49/><E135/><N who="3" m="51722" /><G129/><T35/><D112/><U64/><E114/><V90/><F93/><W61/><G126/><T120/><D120/><U70/><E29/><V20/><F20/><W113/><G113/><T125/><D48/><U66/><E106/><V94/><F94/><W7/><G61/><T131/><D91/><U121/><E121/><V72/><F72/><W104/><G104/><T53/><D99/><N who="1" m="37899" /><E3/><V128/><F90/><W50/><G21/><T25/><D53/><N who="1" m="32047" /><E70/><N who="0" m="26633" /><D10/><U132/><E132/><V14/><REACH who="2" step="1"/><F128/><REACH who="2" ten="173,88,356,373" step="2"/><N who="0" m="49194" /><D63/><AGARI ba="0,1" hai="4,9,14,22,24,31,52,57,63,65,67,83,86,89" machi="63" ten="30,8000,1" yaku="1,1,7,1,8,1,52,1,54,1,53,0" doraHai="2" doraHaiUra="42" who="2" fromWho="0" sc="173,-80,88,0,356,90,373,0" /><INIT seed="5,0,0,1,2,95" ten="93,88,446,373" oya="1" hai0="46,56,60,57,77,132,6,86,7,62,79,59,63" hai1="44,124,8,72,38,48,119,127,66,24,78,118,4" hai2="115,32,43,61,122,109,84,103,94,35,112,37,10" hai3="54,17,117,97,19,113,28,45,128,75,2,25,87"/><U30/><E38/><V9/><F103/><W67/><G75/><T15/><D132/><U18/><E18/><V134/><F109/><W36/><G2/><T133/><D133/><U65/><E78/><N who="0" m="29705" /><D46/><U21/><E72/><V102/><F134/><W52/><G128/><T73/><D73/><U64/><E48/><V55/><F55/><W114/><G117/><T11/><D86/><U14/><REACH who="1" step="1"/><E44/><REACH who="1" ten="93,78,446,373" step="2"/><N who="2" m="23663" /><F61/><N who="0" m="15618" /><T96/><DORA hai="39" /><D96/><U70/><E70/><V99/><F84/><W126/><G87/><T27/><D27/><U120/><E120/><V131/><F122/><W29/><G97/><T53/><D53/><U107/><E107/><V34/><F131/><W129/><G45/><T49/><D49/><U23/><E23/><V110/><F110/><W5/><G36/><T90/><D90/><U76/><E76/><V47/><F47/><W85/><G85/><T104/><D104/><U51/><E51/><V26/><F34/><W89/><G89/><T50/><D50/><U58/><E58/><N who="0" m="14849" /><T135/><DORA hai="13" /><D135/><U98/><E98/><V12/><F35/><W92/><G54/><T82/><D82/><U80/><E80/><V74/><F32/><W33/><G52/><T1/><D1/><U100/><E100/><V68/><F102/><W31/><G33/><T81/><D81/><U42/><E42/><V40/><F99/><W130/><G130/><T121/><D121/><U93/><E93/><V20/><F94/><W123/><G92/><T101/><D101/><U83/><E83/><V71/><F40/><W105/><G123/><T41/><D41/><U125/><AGARI ba="0,1" hai="4,8,14,21,24,30,64,65,66,118,119,124,125,127" machi="125" ten="40,12000,1" yaku="1,1,5,1,0,1,18,1,53,1" doraHai="95,39,13" doraHaiUra="69,16,91" who="1" fromWho="1" sc="93,-40,78,130,446,-40,373,-40" /><INIT seed="5,1,0,5,1,100" ten="53,208,406,333" oya="1" hai0="39,5,71,94,30,49,119,20,35,29,53,88,24" hai1="18,102,0,81,47,104,36,91,17,10,107,70,95" hai2="34,126,67,92,44,97,58,4,7,78,6,52,27" hai3="25,133,16,38,69,15,55,54,124,59,87,131,101"/><U118/><E118/><V110/><F34/><W117/><G69/><T45/><D71/><U89/><E70/><V99/><F110/><W98/><G38/><T64/><D119/><U121/><E121/><V32/><F78/><W134/><G117/><T61/><D39/><U42/><E17/><V14/><F67/><W19/><G124/><T84/><D5/><U50/><E81/><V108/><F108/><W76/><G131/><T132/><D132/><N who="3" m="50793" /><G25/><T93/><D35/><U66/><E66/><V105/><F32/><W26/><G26/><T2/><D2/><U13/><E0/><V60/><F27/><W1/><G1/><T63/><D64/><U51/><E50/><V77/><F14/><W127/><G127/><T120/><D120/><U9/><E9/><V21/><F21/><N who="3" m="11423" /><G59/><T112/><D112/><U85/><E36/><V3/><F126/><W28/><G28/><T48/><D48/><U46/><E46/><V82/><F44/><W109/><G109/><T56/><D56/><U37/><E102/><V83/><F58/><W57/><G57/><T129/><D129/><U130/><E130/><V115/><F115/><W111/><G111/><T96/><REACH who="0" step="1"/><D30/><REACH who="0" ten="43,208,406,333" step="2"/><U135/><E37/><V8/><F3/><W116/><G116/><T41/><D41/><U75/><E135/><V114/><F114/><W11/><G55/><T86/><D86/><U80/><REACH who="1" step="1"/><E75/><REACH who="1" ten="43,198,406,333" step="2"/><V73/><F73/><W31/><G31/><T123/><D123/><U106/><E106/><V74/><F105/><W90/><G19/><T12/><D12/><U43/><E43/><V79/><F74/><RYUUKYOKU ba="1,2" sc="43,15,198,15,406,-15,333,-15" hai0="20,24,29,45,49,53,61,63,84,88,93,94,96" hai1="10,13,18,42,47,51,80,85,89,91,95,104,107" /><INIT seed="5,2,2,2,0,13" ten="58,213,391,318" oya="1" hai0="102,32,121,107,118,108,8,97,80,29,18,3,16" hai1="112,7,9,52,79,71,62,48,128,57,96,129,40" hai2="103,76,89,39,130,125,81,60,123,82,73,21,38" hai3="54,26,109,59,133,30,83,93,14,27,115,75,51"/><U135/><E112/><V132/><F89/><W88/><G109/><T78/><D118/><U85/><E135/><V94/><F132/><W49/><G115/><T126/><D108/><U10/><E71/><V43/><F123/><W114/><G133/><T116/><D116/><U45/><E96/><V90/><F103/><W24/><G114/><T70/><D70/><U72/><E72/><V6/><F82/><W42/><G75/><T120/><D29/><U47/><E47/><V91/><F91/><W17/><G83/><T100/><D32/><U63/><E63/><V37/><F60/><W131/><G131/><N who="1" m="50250" /><E7/><V58/><F6/><W36/><G36/><T33/><D33/><U113/><E113/><V35/><F58/><W15/><G15/><T86/><D102/><U53/><E53/><V61/><F35/><W28/><G49/><T117/><D117/><U95/><E95/><V12/><F61/><W4/><G4/><N who="0" m="1055" /><D126/><U99/><E99/><V69/><F125/><W127/><G42/><T104/><D104/><U25/><E25/><V22/><F69/><W65/><G65/><T5/><D5/><U11/><E85/><V20/><F43/><W68/><G68/><T1/><D1/><U84/><E84/><V0/><F130/><W92/><G127/><T44/><D44/><U46/><E46/><V56/><F0/><W66/><G66/><T105/><D105/><U23/><E23/><V64/><F64/><W119/><G119/><T134/><D134/><U106/><E106/><V74/><F56/><W77/><G92/><T19/><D121/><U101/><E101/><RYUUKYOKU ba="2,2" sc="58,15,213,15,391,-15,318,-15" hai0="16,18,19,78,80,86,97,100,107,120" hai1="9,10,11,40,45,48,52,57,62,79" /><INIT seed="5,3,2,3,0,93" ten="73,228,376,303" oya="1" hai0="86,84,82,111,39,120,22,40,77,135,43,72,54" hai1="101,118,65,102,18,9,33,108,7,114,47,48,112" hai2="15,106,46,119,21,97,126,35,59,127,105,70,69" hai3="5,121,38,1,94,62,96,6,73,71,44,98,24"/><U37/><E118/><V20/><F15/><W85/><G73/><T124/><D111/><U91/><E108/><V19/><F19/><W14/><G121/><T103/><D120/><U87/><E33/><V32/><F46/><W134/><G1/><T2/><D2/><U128/><E128/><V3/><F59/><W80/><G134/><T123/><D123/><U130/><E130/><V68/><F3/><W23/><G71/><T107/><D135/><U41/><E65/><V104/><F97/><N who="3" m="37483" /><G38/><T8/><D103/><U131/><E131/><V90/><F90/><N who="3" m="51495" /><G14/><T16/><D107/><U50/><E18/><V110/><F110/><W10/><G10/><T74/><D124/><N who="2" m="47658" /><F119/><W45/><G94/><T30/><D74/><U117/><E117/><V25/><F25/><W115/><G62/><T100/><D100/><N who="1" m="38507" /><E9/><V92/><F92/><W34/><G34/><AGARI ba="3,2" hai="20,21,32,34,35,68,69,70,104,105,106" m="47658" machi="34" ten="50,8000,1" yaku="28,2,26,2,18,1" doraHai="93" who="2" fromWho="3" sc="73,0,228,0,376,109,303,-89" /><INIT seed="6,0,0,5,1,129" ten="73,228,485,214" oya="2" hai0="72,56,27,68,0,12,132,44,131,70,10,30,88" hai1="114,50,90,16,59,130,121,21,75,135,103,111,24" hai2="95,92,11,19,29,81,28,33,64,101,79,86,18" hai3="98,55,118,117,108,5,97,67,78,9,4,61,40"/><V113/><F113/><W91/><G108/><T42/><D72/><U124/><E114/><V85/><F33/><W84/><G78/><T62/><D131/><U51/><E111/><V82/><F64/><W35/><G35/><T100/><D100/><U37/><E130/><V106/><F106/><W107/><G40/><T112/><D112/><U83/><E37/><V116/><F116/><W76/><G76/><T63/><D63/><U134/><E124/><V104/><F104/><W41/><G41/><T115/><D115/><U60/><E121/><V126/><F79/><W119/><G55/><T58/><D58/><U20/><E103/><V99/><F101/><W65/><G107/><T46/><D46/><U80/><E21/><V49/><F99/><W93/><G65/><T128/><D0/><U74/><E75/><V89/><F126/><W36/><G36/><T133/><D128/><U102/><E102/><V109/><F49/><N who="1" m="18441" /><E90/><V66/><F66/><W94/><G94/><T77/><D77/><U22/><E22/><V39/><F39/><W34/><G34/><N who="0" m="20831" /><D88/><U38/><E38/><V125/><F125/><W31/><G31/><T26/><D26/><U17/><E17/><V14/><F109/><W8/><G97/><T73/><D44/><U25/><E25/><V32/><F89/><W87/><G98/><T105/><D42/><U45/><E45/><V6/><F32/><W53/><G53/><N who="0" m="34063" /><D73/><U48/><N who="1" m="18449" /><U69/><DORA hai="110" /><E69/><N who="0" m="26729" /><D105/><U43/><E43/><V3/><F3/><W120/><G120/><T2/><D2/><U13/><E74/><V54/><F54/><RYUUKYOKU ba="0,0" sc="73,30,228,-10,485,-10,214,-10" hai0="10,12,132,133" /><INIT seed="7,1,0,4,2,45" ten="103,218,475,204" oya="3" hai0="17,38,93,110,95,76,106,54,66,99,30,118,65" hai1="37,105,51,82,5,10,8,61,23,25,27,74,133" hai2="62,97,125,41,20,48,56,92,102,112,115,87,75" hai3="85,43,60,7,19,126,24,47,49,39,127,40,134"/><W6/><G134/><T68/><D110/><U58/><E133/><V81/><F75/><W13/><G24/><T53/><D38/><U128/><E128/><V73/><F73/><W107/><G107/><T121/><D76/><U96/><E37/><V101/><F101/><W36/><G60/><T98/><D106/><U63/><E74/><V72/><F72/><W116/><G116/><T104/><D104/><U131/><E131/><V89/><F125/><N who="3" m="47627" /><G85/><T69/><D30/><U108/><E108/><V78/><F102/><W67/><G67/><T11/><D17/><U15/><E105/><V18/><F62/><W84/><G84/><T14/><D11/><N who="1" m="4591" /><E82/><V120/><F120/><W52/><G39/><T59/><D121/><U79/><E79/><V129/><F129/><W42/><G36/><T35/><D35/><U4/><E96/><V86/><F86/><W1/><G1/><T16/><D16/><N who="1" m="12519" /><E4/><V117/><F117/><W80/><G80/><T71/><D118/><U33/><E33/><V132/><F132/><W31/><G31/><T0/><D0/><U29/><E29/><V34/><F34/><W135/><G135/><T55/><D14/><U122/><E122/><V91/><F78/><W114/><G114/><T124/><D124/><U22/><E27/><N who="2" m="14743" /><F115/><W57/><G57/><T44/><D59/><U90/><E22/><AGARI ba="1,0" hai="6,7,13,19,22,40,42,43,47,49,52" m="47627" machi="22" ten="30,5800,0" yaku="18,1,52,1,54,1" doraHai="45" who="3" fromWho="1" sc="103,0,218,-61,475,0,204,61" /><INIT seed="7,2,0,0,0,26" ten="103,157,475,265" oya="3" hai0="97,56,132,83,133,28,11,52,50,60,24,61,101" hai1="30,100,29,69,22,3,87,116,48,135,66,78,43" hai2="114,59,122,45,104,9,36,17,108,64,40,7,6" hai3="21,38,46,44,51,63,67,126,129,27,123,13,8"/><W80/><G38/><T99/><D11/><U110/><E135/><N who="0" m="51785" /><D83/><U1/><E110/><V81/><F59/><W95/><G123/><T70/><D70/><U79/><E116/><V118/><F64/><W130/><G126/><T35/><D99/><U57/><E69/><V68/><F17/><W20/><G95/><T77/><D77/><N who="1" m="29195" /><E1/><V89/><F7/><W12/><G80/><T84/><D84/><U73/><E3/><V109/><F68/><W107/><G107/><T18/><D18/><U121/><E121/><V62/><F122/><W55/><G46/><T58/><D58/><U54/><E73/><V106/><F104/><W111/><G111/><T15/><D15/><U113/><E113/><V42/><F106/><W88/><G88/><T94/><D94/><U115/><E115/><V16/><F114/><W41/><G41/><T90/><D90/><U14/><E100/><V10/><F118/><W23/><G27/><T37/><D37/><U85/><E43/><V134/><F42/><W102/><G102/><T105/><D61/><N who="1" m="38191" /><E14/><N who="2" m="7247" /><F62/><W119/><G119/><T65/><D65/><U92/><E92/><V93/><F134/><W96/><G96/><T25/><D25/><N who="1" m="16567" /><E30/><V117/><F117/><W98/><G98/><T103/><D103/><U131/><E131/><N who="3" m="50186" /><G8/><T4/><D60/><U34/><E34/><V127/><F127/><W33/><G33/><T120/><D120/><U49/><E49/><V71/><F93/><W86/><G86/><T76/><D76/><U32/><E32/><V53/><F108/><W31/><G31/><T91/><D91/><U82/><E82/><RYUUKYOKU ba="2,0" sc="103,10,157,10,475,-30,265,10" hai0="4,24,28,35,50,52,56,97,101,105" hai1="48,54,85,87" hai3="12,13,20,21,23,44,51,55,63,67" /><INIT seed="7,3,0,5,5,90" ten="113,167,445,275" oya="3" hai0="51,129,75,82,14,12,52,30,99,31,58,26,27" hai1="24,33,135,107,36,97,118,85,120,88,93,67,72" hai2="8,11,133,44,9,114,103,125,65,94,117,100,113" hai3="29,18,15,123,134,130,89,6,59,1,77,38,81"/><W0/><G38/><T109/><D109/><U101/><E135/><V40/><F133/><W111/><G134/><T86/><D129/><U104/><E36/><N who="2" m="21511" /><F65/><W74/><G111/><T68/><D68/><U96/><E120/><V23/><F117/><W112/><G123/><T2/><D2/><U20/><E118/><V69/><F69/><W79/><G112/><N who="2" m="43113" /><F94/><W34/><G130/><T70/><D75/><U53/><E67/><V57/><F57/><W108/><G79/><T63/><D70/><U80/><E33/><V32/><F32/><W42/><G6/><T83/><D99/><N who="1" m="57767" /><E53/><V87/><F23/><W45/><G59/><T41/><D41/><U124/><E20/><V55/><F55/><W115/><G115/><T102/><D102/><N who="2" m="38954" /><F87/><W16/><G1/><T73/><D73/><U98/><E24/><V47/><F47/><W3/><G108/><T131/><D131/><U122/><E122/><V10/><F10/><W35/><G18/><T7/><D7/><U116/><E124/><AGARI ba="3,0" hai="8,9,11,124,125" m="38954,43113,21511" machi="124" ten="40,1300,0" yaku="15,1" doraHai="90" who="2" fromWho="1" sc="113,0,167,-22,445,22,275,0" owari="113,-39.0,145,-25.0,467,56.0,275,8.0" /></mjloggm>