<mjloggm ver="2.3"><GO type="169" lobby="0"/><UN n0="%E5%B0%B1%E6%B4%BB%E7%94%9F%40%E5%B7%9D%E6%9D%91%E8%BB%8D%E5%9B%A3" n1="%30%30%73%61%69" n2="%E5%8F%97%E3%81%91%E5%B8%AB" n3="%E3%83%88%E3%82%B7%E3%83%95%E3%83%BC%E3%83%8B" dan="16,16,17,16" rate="2041.33,2096.57,2112.48,2130.00" sx="M,M,M,M"/><TAIKYOKU oya="0"/><INIT seed="0,0,0,0,2,105" ten="250,250,250,250" oya="0" hai0="5,83,19,123,9,52,2,92,45,32,116,56,74" hai1="36,30,107,17,44,66,115,47,120,43,18,125,51" hai2="118,59,15,33,40,34,104,39,133,41,24,117,80" hai3="78,42,82,76,20,75,27,67,8,102,49,106,81"/><T58/><D123/><U109/><E120/><V64/><F104/><W89/><G67/><T46/><D116/><U48/><E107/><V131/><F131/><W127/><G127/><T101/><D32/><U70/><E109/><V88/><F133/><W100/><G89/><T90/><D56/><U26/><E125/><V63/><F15/><W53/><G42/><N who="2" m="16489" /><F24/><W38/><G8/><T13/><D101/><U73/><E115/><V114/><F39/><W93/><G93/><T10/><D83/><U29/><E43/><V128/><F128/><W84/><G106/><T112/><D74/><U71/><E26/><V72/><F114/><W129/><G129/><T110/><D110/><U96/><E96/><V31/><F31/><W4/><G4/><T68/><D68/><U85/><E66/><V97/><F97/><W6/><G6/><T103/><D103/><U124/><E124/><V108/><F108/><W86/><G75/><T122/><D112/><U77/><E73/><V55/><F64/><W25/><G38/><T121/><D121/><U21/><E36/><V130/><F130/><W99/><G99/><T79/><D79/><U60/><E77/><N who="2" m="44071" /><F88/><W7/><G7/><T98/><REACH who="0" step="1"/><D122/><REACH who="0" ten="240,250,250,250" step="2"/><U22/><E60/><AGARI ba="0,1" hai="2,5,9,10,13,19,45,46,52,58,60,90,92,98" machi="60" ten="30,11600,0" yaku="1,1,2,1,7,1,54,1,53,0" doraHai="105" doraHaiUra="119" who="0" fromWho="1" sc="240,126,250,-116,250,0,250,0" /><INIT seed="0,1,0,4,5,91" ten="366,134,250,250" oya="0" hai0="38,63,13,79,127,56,53,10,100,19,129,36,45" hai1="54,16,27,5,32,40,126,15,130,132,17,55,110" hai2="78,89,94,86,134,8,12,3,111,11,62,65,81" hai3="50,0,69,118,9,133,99,67,88,72,115,109,6"/><T96/><D127/><U4/><E126/><V59/><F111/><W20/><G115/><T106/><D129/><U66/><E110/><V101/><F134/><W37/><G109/><T122/><D122/><U60/><E130/><V39/><F39/><W23/><G37/><T64/><D79/><U92/><E132/><V98/><F3/><W117/><G72/><T83/><D83/><U25/><E40/><V58/><F58/><W124/><G124/><T7/><D45/><U41/><E41/><V31/><F31/><W120/><G120/><T102/><D102/><U82/><E82/><V22/><REACH who="2" step="1"/><F78/><REACH who="2" ten="366,134,240,250" step="2"/><W70/><G133/><T128/><D128/><U30/><E30/><V49/><F49/><W42/><G70/><T33/><D33/><U57/><E32/><V35/><F35/><W75/><G69/><T73/><D73/><U104/><E57/><V52/><F52/><W125/><G75/><T121/><D121/><U77/><E55/><V116/><F116/><W18/><G118/><T14/><D53/><U108/><E54/><V1/><F1/><W84/><G117/><T29/><D29/><U68/><E77/><V24/><F24/><W34/><G34/><T47/><D47/><U107/><E108/><V131/><F131/><W119/><G0/><T103/><D38/><U87/><E27/><V105/><F105/><N who="1" m="40521" /><E25/><V71/><F71/><W2/><G2/><T44/><D36/><U113/><E15/><V74/><F74/><W97/><G125/><T61/><D44/><U46/><E46/><V51/><F51/><W135/><G119/><T43/><D14/><RYUUKYOKU type="nm" ba="1,1" sc="366,-40,134,-20,240,-20,250,80" hai2="8,11,12,22,59,62,65,81,86,89,94,98,101" /><INIT seed="1,2,1,5,1,121" ten="326,114,220,330" oya="1" hai0="109,128,61,2,119,116,30,10,71,12,93,0,37" hai1="28,88,123,129,117,108,18,82,84,131,67,104,133" hai2="85,79,78,110,92,62,106,21,54,29,27,59,100" hai3="122,68,70,74,13,95,66,69,34,15,115,112,45"/><U31/><E123/><V40/><F106/><W8/><G122/><T46/><D30/><U14/><E117/><V81/><F110/><W47/><G34/><T53/><D109/><U51/><E104/><V4/><F40/><W48/><G74/><T44/><D128/><N who="1" m="49227" /><E108/><V72/><F72/><W52/><G66/><T55/><D37/><U80/><E133/><V63/><F4/><W42/><G95/><T22/><D22/><N who="1" m="11607" /><E67/><V65/><F79/><W58/><G47/><T25/><D25/><U96/><E96/><N who="2" m="59399" /><F65/><W57/><G57/><T49/><D116/><U9/><E9/><V32/><F32/><W90/><G90/><T20/><D119/><U38/><E38/><V87/><F87/><W102/><G102/><T73/><D73/><U134/><E134/><V98/><F98/><W1/><G1/><T43/><D20/><U126/><E126/><V97/><F97/><W19/><REACH who="3" step="1"/><G13/><REACH who="3" ten="326,114,220,320" step="2"/><T83/><D2/><U50/><E82/><V99/><F99/><W17/><G17/><T23/><D0/><U75/><E75/><V103/><F103/><W86/><G86/><T105/><D83/><U56/><E56/><V36/><F36/><AGARI ba="2,2" hai="8,15,19,36,42,45,48,52,58,68,69,70,112,115" machi="36" ten="40,2600,0" yaku="1,1,54,1,53,0" doraHai="121" doraHaiUra="124" who="3" fromWho="2" sc="326,0,114,0,220,-32,320,52" /><INIT seed="2,0,0,1,5,69" ten="326,114,188,372" oya="2" hai0="87,132,32,44,91,38,108,72,42,104,25,115,73" hai1="31,15,127,49,78,40,71,133,17,105,99,4,100" hai2="14,94,64,53,114,74,59,93,86,62,81,85,37" hai3="58,126,39,125,2,135,12,20,60,54,45,63,102"/><V33/><F114/><W56/><G2/><T28/><D115/><U47/><E71/><V134/><F33/><W43/><G102/><T75/><D108/><U131/><E4/><V10/><F134/><W70/><G20/><T19/><D132/><U106/><E133/><V90/><F74/><W79/><G79/><T16/><REACH who="0" step="1"/><D104/><REACH who="0" ten="316,114,188,372" step="2"/><U118/><E106/><V57/><F37/><W51/><G135/><T116/><D116/><U130/><E118/><V6/><REACH who="2" step="1"/><F86/><REACH who="2" ten="316,114,178,372" step="2"/><W52/><G12/><T46/><D46/><U124/><E47/><V97/><F97/><W88/><G88/><T112/><D112/><U1/><E15/><V82/><F82/><AGARI ba="0,2" hai="16,19,25,28,32,38,42,44,72,73,75,82,87,91" machi="82" ten="40,5200,0" yaku="1,1,52,1,54,1,53,0" doraHai="69" doraHaiUra="61" who="0" fromWho="2" sc="316,72,114,0,178,-52,372,0" /><INIT seed="3,0,0,0,2,48" ten="388,114,126,372" oya="3" hai0="0,69,135,128,42,130,15,60,34,99,44,20,18" hai1="131,10,100,108,85,118,115,39,132,65,125,111,74" hai2="63,49,28,9,40,71,45,123,2,72,64,113,112" hai3="124,1,41,54,68,78,70,92,16,95,36,13,22"/><W33/><G33/><T67/><D0/><U119/><E10/><V114/><F72/><W30/><G1/><T51/><D34/><U4/><E4/><V98/><F28/><W59/><G124/><T24/><D135/><U32/><E32/><V129/><F98/><W73/><G30/><T90/><D99/><U53/><E74/><V91/><F91/><W110/><G110/><N who="1" m="42026" /><E100/><V102/><F102/><W97/><G95/><T104/><D104/><U89/><E65/><V116/><F116/><N who="1" m="44585" /><E125/><V23/><F23/><W105/><G105/><T117/><D90/><U35/><E35/><V122/><F9/><W66/><G66/><T83/><D117/><U101/><E101/><V47/><F2/><W8/><G8/><T17/><D83/><N who="1" m="49343" /><E132/><V11/><F11/><W103/><G73/><T3/><D3/><U88/><E88/><V21/><F21/><W46/><G78/><T61/><D15/><U58/><E39/><N who="2" m="21663" /><F129/><N who="0" m="49770" /><D18/><U76/><E76/><V62/><F62/><AGARI ba="0,0" hai="13,16,22,36,41,46,54,59,62,68,70,92,97,103" machi="62" ten="30,5800,0" yaku="7,1,52,1,54,1" doraHai="48" who="3" fromWho="2" sc="388,0,114,0,126,-58,372,58" /><AGARI ba="0,0" hai="17,20,24,42,44,51,60,61,62,67,69" m="49770" machi="62" ten="30,1000,0" yaku="19,1" doraHai="48" who="0" fromWho="2" sc="388,10,114,0,68,-10,430,0" /><INIT seed="3,1,0,1,2,46" ten="398,114,58,430" oya="3" hai0="80,77,22,5,114,90,31,88,47,23,52,109,40" hai1="87,54,133,94,74,51,65,17,18,60,19,39,9" hai2="49,1,59,26,64,14,11,75,132,126,135,115,21" hai3="89,111,13,32,85,3,79,53,100,119,8,76,101"/><W84/><G3/><T127/><D114/><U15/><E74/><V66/><F1/><W112/><G32/><T41/><D109/><U118/><E39/><V50/><F75/><W105/><G119/><T91/><D127/><U102/><E133/><N who="2" m="51275" /><F115/><W95/><G112/><T33/><D5/><U122/><E118/><V42/><F42/><N who="0" m="16490" /><D33/><U107/><E107/><V124/><F59/><W45/><G111/><T38/><D38/><U16/><E122/><V72/><F72/><W56/><G45/><T27/><D23/><U12/><E65/><N who="2" m="25195" /><F14/><W61/><G105/><T113/><D113/><U7/><E60/><V2/><F11/><W106/><G106/><T130/><D130/><U129/><E129/><V125/><F2/><W93/><G93/><T6/><D6/><U30/><E7/><V28/><AGARI ba="1,0" hai="21,26,28,49,50,124,125,126" m="25195,51275" machi="28" ten="40,8000,1" yaku="18,1,20,1,52,2" doraHai="46" who="2" fromWho="2" sc="398,-21,114,-21,58,83,430,-41" /><INIT seed="4,0,0,4,4,79" ten="377,93,141,389" oya="0" hai0="117,80,108,58,135,25,74,93,107,120,97,95,89" hai1="124,5,87,46,123,63,17,53,48,42,26,24,8" hai2="92,127,3,18,128,23,122,88,55,9,43,64,40" hai3="134,86,69,112,61,114,39,47,6,21,91,44,33"/><T83/><D117/><U38/><E123/><V36/><F36/><W78/><G33/><T129/><D120/><U10/><E124/><V121/><F127/><W119/><G119/><T106/><D25/><U57/><E17/><V1/><F128/><W131/><G131/><T96/><D58/><U32/><E32/><V0/><F9/><W82/><G134/><T94/><D129/><U7/><E38/><V75/><F75/><W41/><G6/><T102/><D108/><U118/><E118/><V111/><F111/><W22/><G47/><T99/><D135/><U113/><E113/><N who="3" m="43626" /><G78/><N who="0" m="44119" /><D106/><U65/><E65/><AGARI ba="0,0" hai="21,22,39,41,44,61,65,69,82,86,91" m="43626" machi="65" ten="30,2000,0" yaku="15,1,52,1" doraHai="79" who="3" fromWho="1" sc="377,0,93,-20,141,0,389,20" /><INIT seed="5,0,0,5,1,0" ten="377,73,141,409" oya="1" hai0="31,21,69,38,97,50,107,127,22,82,91,35,1" hai1="65,46,95,87,66,62,108,78,9,92,112,100,80" hai2="10,86,135,111,133,37,48,99,85,58,44,53,130" hai3="98,132,124,79,40,3,27,96,2,29,123,121,73"/><U63/><E112/><V105/><F111/><W72/><G40/><T70/><D38/><U13/><E108/><V103/><F130/><W56/><G56/><T42/><D1/><N who="3" m="9" /><G27/><T59/><D59/><U83/><E46/><V14/><F37/><W120/><G29/><T26/><D107/><U32/><E32/><V30/><F30/><W60/><G60/><N who="1" m="23082" /><E83/><V20/><F20/><W36/><G79/><T19/><D70/><U89/><E100/><V128/><F128/><W104/><G104/><T68/><D127/><U101/><E101/><V77/><F58/><W81/><G81/><T76/><D69/><U39/><E39/><V45/><F45/><W109/><G36/><T113/><D68/><U125/><E125/><V122/><F122/><W49/><G49/><T67/><D113/><U24/><E24/><V54/><F77/><W71/><G71/><T131/><D131/><U23/><E23/><V61/><F61/><W117/><G109/><T7/><D67/><N who="1" m="25611" /><E78/><V4/><REACH who="2" step="1"/><F54/><REACH who="2" ten="377,73,131,409" step="2"/><W88/><G123/><T33/><D76/><U75/><E75/><N who="3" m="28746" /><G120/><T43/><D31/><U115/><E115/><V15/><F15/><W12/><G121/><T28/><D28/><U64/><N who="1" m="25619" /><U52/><DORA hai="11" /><E52/><V17/><F17/><AGARI ba="0,1" hai="9,13,17,80,87,89,92,95" m="25619,23082" machi="17" ten="30,2900,0" yaku="8,1,52,1" doraHai="0,11" who="1" fromWho="2" sc="377,0,73,39,131,-29,409,0" /><INIT seed="5,1,0,4,4,63" ten="377,112,102,409" oya="1" hai0="88,118,17,134,127,47,58,35,60,70,41,6,44" hai1="24,55,98,56,132,100,122,135,93,25,79,10,95" hai2="31,29,50,73,89,124,57,0,16,40,103,59,106" hai3="62,48,66,86,26,27,82,78,14,21,11,85,20"/><U87/><E122/><V114/><F0/><W46/><G86/><T125/><D70/><U104/><E10/><V96/><F73/><W28/><G62/><T112/><D112/><U68/><E68/><V3/><F3/><W15/><G66/><T75/><D75/><U116/><E116/><V99/><F124/><N who="0" m="47690" /><D35/><U5/><E5/><V1/><F1/><W105/><G105/><T101/><D101/><U76/><E24/><N who="3" m="9258" /><G28/><T8/><D17/><U111/><E25/><V13/><F114/><W54/><G15/><N who="0" m="5527" /><D41/><U128/><E111/><V91/><F40/><W45/><G45/><T109/><D134/><N who="1" m="51243" /><E128/><V120/><F120/><W110/><G110/><T52/><D118/><U123/><E123/><V117/><F117/><W22/><G22/><T84/><D109/><U65/><E65/><V77/><F31/><W129/><G129/><T119/><D119/><U7/><E7/><AGARI ba="1,0" hai="7,11,14,20,21,46,48,54,78,82,85" m="9258" machi="7" ten="30,1000,0" yaku="8,1" doraHai="63" who="3" fromWho="1" sc="377,0,112,-13,102,0,409,13" /><INIT seed="6,0,0,3,5,65" ten="377,99,102,422" oya="2" hai0="116,90,47,118,107,31,51,12,35,3,11,49,19" hai1="77,62,61,68,81,124,43,113,42,94,9,37,130" hai2="110,58,119,10,92,112,39,122,96,74,102,93,82" hai3="97,59,20,55,125,134,13,117,126,41,84,26,57"/><V36/><F119/><W131/><G117/><T64/><D107/><U99/><E9/><V83/><F122/><W45/><G134/><T66/><D3/><U34/><E34/><V1/><F112/><W87/><G131/><T29/><D90/><U75/><E113/><V105/><F110/><W71/><G13/><T22/><D51/><U14/><E130/><V56/><F105/><W46/><G97/><T18/><D35/><U16/><E124/><N who="3" m="47722" /><G71/><T135/><D135/><U106/><E68/><V133/><F133/><W0/><G0/><T40/><D116/><U30/><E106/><V132/><F132/><W69/><G69/><T91/><D91/><U78/><E37/><V85/><F74/><W89/><G55/><T63/><D118/><U38/><E38/><V123/><F123/><W86/><G89/><T101/><D101/><U109/><E109/><V127/><F127/><W121/><G121/><T21/><D11/><N who="1" m="6239" /><E75/><V70/><F70/><W53/><G53/><T128/><D128/><U95/><E99/><V72/><F72/><W129/><G129/><T115/><D115/><U44/><E43/><V5/><F36/><N who="3" m="21671" /><G46/><T104/><D104/><U76/><E44/><V88/><REACH who="2" step="1"/><F39/><REACH who="2" ten="377,99,92,422" step="2"/><W8/><G8/><T28/><D63/><U15/><E62/><V60/><F60/><W4/><G4/><T120/><D120/><U67/><E61/><V54/><F54/><W32/><G32/><T17/><D12/><U79/><E42/><V27/><F27/><W7/><G7/><T108/><D108/><U98/><E15/><V111/><F111/><W80/><G26/><RYUUKYOKU ba="0,1" sc="377,15,99,-15,92,15,422,-15" hai0="17,18,19,21,22,28,29,31,40,47,49,64,66" hai2="1,5,10,56,58,82,83,85,88,92,93,96,102" /><INIT seed="6,1,1,3,5,119" ten="392,84,107,407" oya="2" hai0="31,86,112,129,53,96,3,122,94,124,36,102,11" hai1="27,18,92,85,43,105,84,116,118,103,13,69,67" hai2="111,17,60,99,126,100,46,37,26,133,16,56,76" hai3="90,77,91,73,130,38,9,70,109,57,75,64,134"/><V4/><F126/><W83/><G75/><T29/><D122/><U42/><E116/><V63/><F133/><W22/><G109/><T21/><D36/><U35/><E105/><V19/><F111/><W12/><G134/><T28/><D112/><U120/><E118/><V62/><F4/><W48/><G38/><T107/><D129/><U123/><E69/><V95/><F76/><W44/><G70/><T65/><D124/><U6/><E67/><V41/><REACH who="2" step="1"/><F26/><REACH who="2" ten="392,84,97,407" step="2"/><W47/><G77/><T131/><D131/><U89/><E6/><V128/><F128/><W80/><G130/><T45/><D3/><U55/><E27/><V81/><F81/><W10/><G83/><T114/><D114/><U1/><E1/><V68/><F68/><W113/><G80/><T135/><D135/><U7/><E7/><V132/><F132/><W49/><G113/><T34/><D34/><U66/><E35/><V71/><F71/><W110/><G110/><T74/><D74/><U104/><E120/><V5/><F5/><W30/><G73/><T33/><D33/><U61/><E123/><V8/><F8/><W20/><G10/><T50/><D11/><U93/><E13/><V101/><F101/><W97/><G9/><T87/><D21/><U52/><E103/><V88/><F88/><W108/><G12/><T39/><D102/><U59/><E89/><V32/><F32/><W117/><G91/><T98/><D98/><U14/><E14/><V23/><F23/><W72/><G22/><T2/><D96/><U79/><E79/><V58/><AGARI ba="1,2" hai="16,17,19,37,41,46,56,58,60,62,63,95,99,100" machi="58" ten="40,7800,0" yaku="1,1,0,1,54,1,53,0" doraHai="119" doraHaiUra="78" who="2" fromWho="2" sc="392,-27,84,-27,97,101,407,-27" /><INIT seed="6,2,0,1,3,86" ten="365,57,198,380" oya="2" hai0="113,18,3,129,55,104,6,128,97,10,95,51,15" hai1="8,77,135,11,116,68,29,36,38,101,79,33,56" hai2="19,126,67,107,123,59,88,92,1,76,5,12,130" hai3="2,85,20,75,30,74,73,23,62,14,48,93,87"/><V91/><F107/><W58/><G2/><T54/><D104/><U102/><E68/><V78/><F123/><W46/><G30/><T39/><D113/><U53/><E29/><V28/><F28/><W21/><G14/><T98/><D39/><U47/><E47/><V110/><F130/><N who="0" m="50282" /><D51/><U131/><E131/><V127/><F110/><W70/><G70/><T94/><D94/><U106/><E106/><V24/><F24/><W120/><G120/><T132/><D132/><U63/><E63/><N who="2" m="38399" /><F5/><W134/><G134/><T0/><D97/><U50/><E135/><V82/><F92/><W43/><REACH who="3" step="1"/><G93/><REACH who="3" ten="365,57,198,370" step="2"/><T112/><D112/><U35/><E116/><V34/><F1/><N who="0" m="586" /><D6/><U108/><E108/><V84/><F34/><W80/><G80/><T69/><D69/><U61/><E50/><V37/><F37/><W105/><G105/><T83/><D83/><U90/><E61/><V118/><F118/><W119/><G119/><T32/><D32/><U100/><E100/><AGARI ba="2,1" hai="10,15,18,54,55,95,98,100" m="586,50282" machi="100" ten="30,1000,0" yaku="19,1" doraHai="86" who="0" fromWho="1" sc="365,26,57,-16,198,0,370,0" /><INIT seed="7,0,0,5,2,116" ten="391,41,198,370" oya="3" hai0="120,34,104,48,4,13,83,38,133,53,51,93,78" hai1="57,10,68,17,5,19,71,50,126,69,72,28,60" hai2="118,76,99,65,67,90,109,11,79,42,119,124,25" hai3="20,127,6,47,106,81,82,103,80,115,101,87,111"/><W123/><G115/><T16/><D120/><U89/><E72/><V41/><F25/><W86/><G123/><T0/><D38/><U70/><N who="1" m="17408" /><DORA hai="23" /><U130/><E126/><V35/><F90/><W36/><G111/><T63/><D104/><U15/><E130/><V62/><F11/><W27/><G127/><T114/><D34/><U46/><E89/><V95/><F95/><W132/><G132/><T54/><D4/><U32/><E32/><V135/><F62/><W29/><G6/><T43/><D0/><U97/><E97/><V84/><F84/><N who="3" m="32299" /><G106/><T40/><D83/><U14/><E28/><V59/><F99/><W31/><G36/><T44/><D78/><U2/><E50/><V94/><F79/><W112/><G112/><T45/><D133/><U74/><E74/><V129/><F76/><W110/><G110/><T91/><D63/><U18/><E46/><V122/><F109/><W61/><G47/><T12/><D114/><U1/><E1/><V107/><F135/><W26/><G61/><T102/><D102/><N who="3" m="38921" /><G20/><N who="0" m="11271" /><D13/><U108/><REACH who="1" step="1"/><E108/><REACH who="1" ten="391,31,198,370" step="2"/><V24/><F35/><W9/><G9/><T92/><D91/><U3/><E3/><V77/><F129/><W98/><G98/><T121/><D121/><U39/><E39/><V30/><F30/><AGARI ba="0,1" hai="26,27,29,30,31,80,81,82" m="38921,32299" machi="30" ten="30,12000,1" yaku="28,2,8,1,52,2" doraHai="116,23" who="3" fromWho="2" sc="391,0,31,0,198,-120,370,130" owari="391,19.0,31,-47.0,78,-32.0,500,60.0" /></mjloggm>