<mjloggm ver="2.3"><GO type="97" lobby="0"/><UN n0="%E3%83%88%E3%83%88%E3%83%AA%E5%85%88%E7%94%9F%31%39%E6%AD%B3" n1="%54%4F%4B%59%4F%4B%49%44" n2="%E3%81%94%E3%83%BC%E2%99%AA" n3="%E3%82%8C%E3%81%8A%E3%81%97%E3%82%87%E3%81%86" dan="15,16,14,14" rate="2017.88,2146.49,1918.32,1963.51" sx="F,M,M,M"/><TAIKYOKU oya="0"/><INIT seed="0,0,0,1,2,97" ten="250,250,250,250" oya="0" hai0="98,17,40,104,84,125,72,128,79,99,75,92,53" hai1="45,24,2,37,101,114,11,39,29,80,27,32,1" hai2="85,106,51,0,129,122,88,67,134,25,117,55,111" hai3="56,81,47,18,78,48,119,89,15,127,7,3,87"/><T94/><D40/><U103/><E114/><V50/><F122/><W10/><G119/><T23/><D53/><U54/><E27/><V107/><F0/><W30/><G30/><T38/><D38/><U68/><E68/><V135/><F117/><W65/><G127/><T126/><D23/><U49/><E80/><N who="2" m="49191" /><F67/><W6/><G65/><T13/><D13/><U59/><E39/><V20/><F129/><W91/><G56/><T95/><D17/><U4/><E1/><V19/><F51/><W110/><G110/><T16/><D16/><U83/><E83/><V96/><F96/><N who="0" m="36906" /><D128/><U57/><E57/><N who="2" m="33015" /><F111/><W109/><G109/><T115/><D115/><U130/><E130/><V31/><F31/><W90/><REACH who="3" step="1"/><G3/><REACH who="3" ten="250,250,250,240" step="2"/><T14/><D104/><U71/><E71/><V9/><F9/><W66/><G66/><T33/><D33/><U26/><E59/><V124/><F124/><W131/><G131/><T112/><D112/><U73/><E29/><V105/><F105/><W44/><G44/><T58/><D58/><U76/><E45/><V102/><F107/><W63/><G63/><T120/><D126/><U21/><E2/><V34/><F34/><W74/><G74/><N who="0" m="28203" /><D125/><U5/><E32/><V43/><F43/><AGARI ba="0,1" hai="6,7,10,15,18,43,47,48,78,81,87,89,90,91" machi="43" ten="40,2600,0" yaku="1,1,8,1,53,0" doraHai="97" doraHaiUra="113" who="3" fromWho="2" sc="250,0,250,0,250,-26,240,36" /><INIT seed="1,0,0,3,1,124" ten="250,250,224,276" oya="1" hai0="86,21,37,108,31,28,10,116,99,40,67,62,132" hai1="87,47,48,5,65,133,130,1,24,96,20,81,104" hai2="34,61,2,30,70,106,56,54,131,125,23,103,64" hai3="126,111,6,66,19,29,73,127,118,22,39,97,75"/><U129/><E133/><V114/><F2/><W93/><G39/><T35/><D116/><U33/><E33/><V123/><F123/><W57/><G118/><T46/><D132/><U95/><E104/><V76/><F76/><W94/><G6/><T60/><D108/><U26/><E65/><V3/><F3/><W68/><G68/><T17/><D35/><U71/><E71/><V135/><F135/><W25/><G111/><T7/><D99/><U43/><E5/><V9/><F9/><W12/><G94/><T78/><D78/><U90/><E1/><V119/><F119/><W105/><G105/><T134/><D134/><U115/><E115/><V109/><F109/><W0/><G0/><T128/><D128/><N who="1" m="49259" /><E20/><V89/><F131/><W32/><G127/><T122/><D122/><U77/><AGARI ba="0,0" hai="24,26,43,47,48,77,81,87,90,95,96" m="49259" machi="77" ten="30,11700,0" yaku="19,1,52,3" doraHai="124" who="1" fromWho="1" sc="250,-39,250,117,224,-39,276,-39" /><INIT seed="1,1,0,1,1,97" ten="211,367,185,237" oya="1" hai0="131,94,89,130,35,6,78,82,47,92,58,11,66" hai1="70,83,105,62,110,122,76,42,120,13,4,91,40" hai2="63,112,7,116,55,30,77,53,12,46,9,61,45" hai3="51,29,44,49,73,98,57,84,56,67,33,133,39"/><U10/><E105/><V50/><F116/><W86/><G73/><T1/><D35/><U113/><E113/><V125/><F112/><W107/><G133/><T72/><D47/><U59/><E91/><V123/><F123/><W80/><G39/><T74/><D74/><U79/><E70/><V23/><F125/><W96/><G29/><T17/><D17/><U21/><E21/><V68/><F68/><W115/><G33/><T34/><D34/><U48/><E79/><V87/><F30/><W108/><G115/><T37/><D37/><U134/><E134/><V8/><F23/><W128/><G128/><N who="0" m="49195" /><D89/><U22/><E22/><V15/><F87/><W38/><G38/><T43/><D43/><U124/><E124/><V31/><F31/><W20/><G20/><T101/><D101/><U32/><E32/><V126/><F126/><W71/><G108/><T2/><D2/><U36/><E110/><V65/><F65/><W0/><G0/><T127/><D127/><U3/><E40/><V129/><F129/><W100/><G98/><T90/><D90/><U14/><E36/><V103/><F77/><W109/><G109/><T18/><D18/><U114/><E114/><V26/><F26/><W60/><G84/><T75/><D75/><N who="1" m="43423" /><E122/><V111/><F111/><W85/><G86/><T5/><D5/><U88/><E120/><V69/><F69/><W104/><G104/><T118/><D118/><U25/><E3/><V16/><F103/><W41/><REACH who="3" step="1"/><G51/><AGARI ba="1,0" hai="7,8,9,12,15,16,45,46,50,51,53,55,61,63" machi="51" ten="40,5200,0" yaku="9,1,8,1,54,1" doraHai="97" who="2" fromWho="3" sc="211,0,367,0,185,55,237,-55" /><INIT seed="2,0,0,4,5,75" ten="211,367,240,182" oya="2" hai0="113,81,15,64,45,82,114,77,3,67,41,25,104" hai1="35,7,59,19,46,51,86,94,88,87,11,105,48" hai2="112,22,71,52,80,118,125,100,76,65,13,32,85" hai3="135,9,73,98,2,42,78,18,61,56,54,93,26"/><V16/><F118/><W97/><G135/><T60/><D104/><U57/><E35/><V90/><F112/><W107/><G42/><T106/><D106/><U70/><E70/><V33/><F125/><W101/><G2/><T115/><D3/><U83/><E105/><V53/><F100/><W120/><G120/><T72/><D60/><U5/><E51/><V121/><F121/><W8/><G73/><T132/><D132/><U103/><E19/><V110/><F110/><W47/><G47/><T27/><D82/><U30/><E30/><V4/><F4/><N who="1" m="1609" /><E11/><V1/><F1/><W58/><G58/><T17/><D25/><U99/><E86/><V129/><F129/><W68/><G68/><T6/><D27/><U10/><E10/><V131/><F131/><W133/><G133/><T127/><D6/><U39/><E39/><V28/><F28/><W14/><G78/><T0/><D127/><U63/><E63/><V134/><F134/><W49/><G49/><T95/><D0/><U109/><E109/><V96/><F71/><W62/><G61/><T74/><D74/><U31/><E31/><V92/><REACH who="2" step="1"/><F65/><REACH who="2" ten="211,367,230,182" step="2"/><W128/><G128/><T40/><D67/><U108/><E108/><V21/><F21/><W50/><G8/><N who="0" m="6375" /><D64/><U84/><E103/><V55/><AGARI ba="0,1" hai="13,16,22,32,33,52,53,55,76,80,85,90,92,96" machi="55" ten="30,12000,1" yaku="1,1,0,1,52,1,54,2,53,0" doraHai="75" doraHaiUra="37" who="2" fromWho="2" sc="211,-40,367,-40,230,130,182,-40" /><INIT seed="2,1,0,4,0,106" ten="171,327,360,142" oya="2" hai0="35,134,9,125,97,22,88,81,10,36,42,101,67" hai1="98,19,84,11,79,73,46,129,20,0,38,64,117" hai2="53,99,6,126,114,135,57,18,44,65,54,121,71" hai3="93,112,103,12,119,102,16,24,58,30,105,113,43"/><V111/><F121/><W8/><G119/><T61/><D35/><U4/><E117/><V48/><F114/><N who="3" m="44139" /><G43/><T85/><D134/><U80/><E64/><V131/><F135/><W116/><G116/><T70/><D125/><U78/><E98/><V75/><F6/><W49/><G105/><T59/><D70/><U95/><E95/><V86/><F126/><W50/><G93/><N who="0" m="58543" /><D36/><U25/><E79/><V100/><F131/><W21/><G49/><T132/><D132/><U110/><E84/><V29/><F29/><W76/><G76/><T68/><D68/><U115/><E115/><V40/><F86/><W34/><G34/><T23/><D42/><N who="1" m="22871" /><E129/><V96/><F111/><AGARI ba="1,0" hai="0,4,11,19,20,25,73,78,80,110,111" m="22871" machi="111" ten="30,2000,0" yaku="25,1,52,1" doraHai="106" who="1" fromWho="2" sc="171,0,327,23,360,-23,142,0" /><INIT seed="3,0,0,1,3,13" ten="171,350,337,142" oya="3" hai0="35,52,131,119,58,101,3,114,41,8,102,62,32" hai1="112,89,16,20,2,100,25,60,104,84,95,97,111" hai2="48,103,53,11,105,42,125,63,1,27,86,128,87" hai3="6,51,90,108,75,68,88,117,22,127,120,40,118"/><W70/><G120/><T31/><D119/><U122/><E112/><V10/><F128/><W96/><G75/><T33/><D131/><U126/><E122/><V113/><F113/><W110/><G127/><T71/><D114/><U81/><E126/><V79/><F125/><W123/><G123/><T38/><D31/><U107/><E2/><V28/><F105/><W24/><G6/><T92/><D71/><U15/><E111/><N who="3" m="42538" /><G40/><T72/><D72/><U18/><E60/><V99/><F42/><W74/><G51/><T109/><D109/><U47/><E47/><V77/><F63/><W76/><G76/><N who="2" m="29257" /><F1/><W134/><G74/><T5/><REACH who="0" step="1"/><D92/><REACH who="0" ten="161,350,337,142" step="2"/><U56/><E95/><N who="2" m="58879" /><F28/><N who="3" m="17431" /><G134/><T19/><D19/><U135/><E107/><V64/><F64/><W94/><G90/><T30/><D30/><U132/><E135/><V55/><F27/><W106/><G106/><T14/><D14/><U44/><E132/><V54/><F48/><W0/><G0/><T82/><D82/><U98/><E104/><V23/><F23/><W85/><G96/><T12/><D12/><U73/><E98/><V50/><F50/><W45/><G45/><AGARI ba="0,1" hai="3,5,8,32,33,35,38,41,45,52,58,62,101,102" machi="45" ten="40,8000,1" yaku="1,1,54,1,53,3" doraHai="13" doraHaiUra="29" who="0" fromWho="3" sc="161,90,350,0,337,0,142,-80" owari="251,-15.0,350,45.0,337,14.0,62,-44.0" /></mjloggm>