<mjloggm ver="2.3"><GO type="169" lobby="0"/><UN n0="%E3%81%86%E3%81%83%E3%83%BC%E3%81%A1%E3%82%83%E3%82%93" n1="%6D%6F%6B%69%6F" n2="%4D%E5%B8%9D%E2%85%A2" n3="%E3%83%88%E3%83%88%E3%83%AA%E5%85%88%E7%94%9F%31%39%E6%AD%B3" dan="18,16,17,18" rate="2271.93,2060.89,2152.82,2268.75" sx="M,F,M,F"/><TAIKYOKU oya="0"/><INIT seed="0,0,0,2,0,90" ten="250,250,250,250" oya="0" hai0="69,60,35,45,88,23,133,31,98,65,33,112,96" hai1="104,99,63,17,87,97,37,111,92,0,20,2,66" hai2="48,24,32,8,7,42,131,59,62,95,5,128,55" hai3="130,44,86,38,28,116,82,101,25,27,102,117,103"/><T129/><D112/><U47/><E111/><V50/><F7/><W16/><G130/><T13/><D33/><U83/><E104/><V84/><F24/><W70/><G70/><T36/><D35/><U19/><E99/><V105/><F105/><W18/><G38/><T34/><D34/><U11/><E37/><V125/><F32/><W71/><G71/><T119/><D119/><U10/><E47/><V61/><F42/><W76/><G28/><T56/><D129/><N who="2" m="49738" /><F62/><W46/><G116/><T30/><D133/><U120/><E120/><V41/><F41/><W9/><G117/><T64/><D64/><U77/><E2/><N who="2" m="55" /><F125/><W68/><G68/><T26/><D45/><N who="3" m="17513" /><G18/><N who="1" m="6666" /><E20/><V115/><F115/><W93/><G25/><T106/><D36/><U89/><E0/><V118/><F118/><W74/><G74/><T12/><D31/><U134/><E134/><V53/><F53/><W54/><G54/><T67/><D67/><U52/><E66/><V135/><F135/><W121/><G121/><T113/><D113/><U79/><E79/><V58/><F58/><AGARI ba="0,0" hai="10,11,52,58,63,77,83,87,89,92,97" m="6666" machi="58" ten="30,3900,0" yaku="8,1,52,1,54,1" doraHai="90" who="1" fromWho="2" sc="250,0,250,39,250,-39,250,0" /><INIT seed="1,0,0,5,2,81" ten="250,289,211,250" oya="1" hai0="65,85,88,128,55,37,89,27,125,61,36,86,6" hai1="113,112,115,3,90,10,102,105,111,134,8,4,108" hai2="96,45,68,72,62,69,71,44,9,48,123,41,101" hai3="30,14,60,79,94,109,106,91,93,59,116,66,74"/><U46/><E46/><V29/><F29/><W18/><G106/><T114/><D114/><U47/><E47/><V7/><F72/><W56/><G109/><N who="1" m="42058" /><E134/><V130/><F130/><W103/><G116/><T50/><D6/><N who="1" m="1119" /><E90/><V5/><F5/><W97/><G74/><T133/><D27/><U110/><E110/><V92/><F123/><W39/><G30/><T98/><D133/><U119/><E119/><V82/><F82/><W53/><G39/><T75/><D75/><U87/><E87/><V95/><F45/><W63/><G79/><T124/><D128/><U104/><E102/><V107/><REACH who="2" step="1"/><F62/><REACH who="2" ten="250,289,201,250" step="2"/><W83/><G83/><T13/><D36/><U33/><E33/><V40/><F40/><W52/><G60/><T31/><D61/><U131/><E131/><V1/><AGARI ba="0,1" hai="1,7,9,41,44,48,68,69,71,92,95,96,101,107" machi="1" ten="30,4000,0" yaku="1,1,0,1,53,1" doraHai="81" doraHaiUra="43" who="2" fromWho="2" sc="250,-10,289,-20,201,50,250,-10" /><INIT seed="2,0,0,3,2,101" ten="240,269,251,240" oya="2" hai0="94,108,109,16,31,18,58,97,111,74,4,78,26" hai1="10,62,100,119,63,81,116,131,50,29,36,51,35" hai2="73,47,80,82,132,102,14,9,75,120,54,77,92" hai3="37,55,6,70,8,28,42,106,27,86,128,44,12"/><V48/><F120/><W43/><G128/><T19/><D4/><U133/><E36/><V38/><F132/><W99/><G70/><T90/><D58/><U3/><E100/><V49/><F38/><W5/><G42/><T98/><D74/><U23/><E35/><V20/><F20/><W130/><G130/><T40/><D78/><U84/><E131/><V69/><F69/><W7/><G55/><T71/><D71/><U46/><E133/><V30/><F30/><W72/><G72/><T33/><REACH who="0" step="1"/><D40/><REACH who="0" ten="230,269,251,240" step="2"/><U87/><E119/><V64/><F77/><W67/><G6/><T2/><D2/><U83/><E116/><V21/><F75/><W56/><G5/><T117/><D117/><U24/><E3/><V114/><F73/><W89/><G56/><T104/><D104/><U66/><E66/><V134/><F64/><W126/><G67/><T59/><D59/><U129/><E129/><V65/><F134/><W79/><G79/><T107/><D107/><U11/><E46/><V45/><F65/><W85/><G106/><T121/><D121/><U91/><E63/><V103/><F45/><W123/><G123/><T34/><D34/><U39/><E62/><V105/><F47/><W15/><G44/><T124/><D124/><U53/><E39/><V112/><F105/><W52/><G126/><T122/><D122/><U13/><E51/><V118/><F48/><W96/><G37/><T41/><D41/><U32/><E50/><V17/><F49/><W57/><G43/><T68/><D68/><U1/><E1/><V110/><F54/><W93/><G52/><RYUUKYOKU ba="0,1" sc="230,30,269,-10,251,-10,240,-10" hai0="16,18,19,26,31,33,90,94,97,98,108,109,111" /><INIT seed="3,1,1,2,1,55" ten="260,259,241,230" oya="3" hai0="64,40,35,73,61,101,126,107,31,79,49,97,62" hai1="1,99,36,28,48,37,9,116,46,111,18,84,95" hai2="134,3,12,10,23,86,77,80,52,53,41,70,128" hai3="125,115,72,5,63,120,124,38,56,29,75,81,47"/><W65/><G115/><T71/><D126/><N who="3" m="48745" /><G120/><T83/><D61/><U76/><E111/><V32/><F70/><W89/><G29/><T34/><D49/><U58/><E116/><V104/><F104/><W85/><G5/><T110/><D110/><U87/><E28/><V16/><F32/><W123/><G123/><T25/><D40/><AGARI ba="1,1" hai="38,40,47,56,63,65,72,75,81,85,89" m="48745" machi="40" ten="30,2900,0" yaku="18,1,52,1" doraHai="55" who="3" fromWho="0" sc="260,-32,259,0,241,0,230,42" /><INIT seed="3,2,0,3,2,61" ten="228,259,241,272" oya="3" hai0="82,48,92,45,19,69,2,25,9,127,8,76,33" hai1="32,116,12,88,0,42,56,134,70,68,10,132,130" hai2="17,125,133,35,40,100,41,16,129,72,107,87,96" hai3="74,1,93,28,98,21,73,49,86,112,67,44,14"/><W3/><G112/><T123/><D123/><U38/><E0/><V51/><F72/><W22/><G86/><T59/><D69/><U55/><E32/><V57/><F35/><W37/><G37/><T27/><D127/><U79/><E79/><V54/><F125/><W62/><G73/><T101/><D2/><U84/><E130/><V13/><F129/><W23/><G74/><T4/><D59/><U99/><E99/><V43/><F133/><N who="1" m="51305" /><E116/><V94/><F107/><W46/><G46/><T91/><D101/><U81/><E42/><V95/><REACH who="2" step="1"/><F13/><REACH who="2" ten="228,259,231,272" step="2"/><W11/><G3/><T105/><D105/><U128/><E128/><V102/><F102/><W124/><G1/><T113/><D33/><U89/><E38/><V60/><F60/><W30/><G124/><T120/><D113/><U114/><E114/><V135/><F135/><W77/><G62/><T50/><D120/><U131/><E131/><V109/><F109/><W31/><G14/><T24/><D48/><N who="1" m="30823" /><E89/><AGARI ba="2,1" hai="16,17,40,41,43,51,54,57,87,89,94,95,96,100" machi="89" ten="40,5200,0" yaku="1,1,8,1,54,1,53,0" doraHai="61" doraHaiUra="6" who="2" fromWho="1" sc="228,0,259,-58,231,68,272,0" /><INIT seed="4,0,0,4,4,45" ten="228,201,299,272" oya="0" hai0="51,107,108,39,42,37,115,60,76,65,46,26,122" hai1="40,91,99,83,10,103,133,117,11,62,44,3,20" hai2="58,50,84,49,4,109,24,55,124,89,2,113,111" hai3="53,30,32,15,1,14,87,7,57,6,135,5,61"/><T59/><D107/><U80/><E117/><V119/><F113/><W77/><G1/><T98/><D98/><U127/><E127/><V79/><F79/><W34/><G135/><T118/><D76/><U88/><E133/><V81/><F124/><W72/><G72/><T66/><D26/><U121/><E121/><V93/><F24/><W16/><G30/><T27/><D122/><U22/><E3/><V43/><F4/><W33/><G77/><T25/><D25/><U74/><E74/><V63/><F2/><W125/><G125/><T19/><D118/><U131/><E62/><V17/><F17/><W78/><G87/><T82/><D82/><U48/><E131/><V126/><F119/><W75/><G78/><T69/><D115/><U100/><E99/><V9/><F9/><W38/><G38/><T128/><D128/><U56/><E56/><V120/><F120/><W0/><G0/><T129/><D129/><U70/><E70/><V116/><F116/><W13/><REACH who="3" step="1"/><G75/><REACH who="3" ten="228,201,299,262" step="2"/><T114/><D114/><U96/><E96/><V97/><F126/><W71/><G71/><T92/><D69/><U134/><E134/><V36/><F111/><W102/><G102/><N who="1" m="38954" /><E83/><V23/><F109/><W41/><G41/><T105/><D108/><U85/><E91/><N who="2" m="51599" /><F43/><W21/><AGARI ba="0,1" hai="5,6,7,13,14,15,16,21,32,33,34,53,57,61" machi="21" ten="40,5200,0" yaku="1,1,0,1,54,1,53,0" doraHai="45" doraHaiUra="68" who="3" fromWho="3" sc="228,-26,201,-13,299,-13,262,62" /><INIT seed="5,0,0,0,5,94" ten="202,188,286,324" oya="1" hai0="22,75,45,80,88,120,3,127,105,64,19,111,74" hai1="36,106,34,48,10,29,31,87,49,84,32,42,134" hai2="21,47,81,77,56,52,129,66,101,39,0,82,35" hai3="13,83,28,121,124,8,76,125,128,71,89,38,5"/><U114/><E106/><V41/><F35/><W110/><G110/><T24/><D105/><U54/><E134/><V6/><F101/><W133/><G121/><T92/><D3/><U57/><E36/><V37/><F37/><W17/><G38/><T25/><D111/><U104/><E104/><V91/><F66/><W102/><G71/><T90/><D120/><U63/><E114/><V78/><F129/><W116/><G102/><T93/><D64/><U67/><E10/><V85/><F6/><W97/><G133/><T33/><D45/><U107/><E107/><V132/><F0/><W99/><G128/><T12/><D127/><N who="3" m="48713" /><G89/><T96/><D80/><U20/><E20/><V112/><F112/><W27/><G5/><T131/><D131/><U7/><E7/><V59/><F59/><W40/><G40/><T53/><D53/><U122/><E122/><V4/><F4/><W113/><G116/><T135/><D135/><U18/><E18/><V108/><F108/><W30/><G30/><N who="1" m="11274" /><E32/><V58/><F58/><W100/><G100/><T23/><D33/><U103/><E103/><V109/><F109/><W126/><G113/><T14/><D75/><U15/><E34/><V117/><F117/><W86/><G126/><T51/><D51/><N who="1" m="19531" /><E42/><V73/><F21/><AGARI ba="0,0" hai="8,13,17,21,27,28,76,83,86,97,99" m="48713" machi="21" ten="30,3900,0" yaku="18,1,52,2" doraHai="94" who="3" fromWho="2" sc="202,0,188,0,286,-39,324,39" /><INIT seed="6,0,0,2,0,20" ten="202,188,247,363" oya="2" hai0="113,91,31,108,5,55,45,79,119,43,36,97,2" hai1="87,78,118,77,56,110,14,21,52,1,16,93,38" hai2="34,105,66,28,65,8,88,54,37,104,57,99,83" hai3="96,86,131,51,92,95,3,17,115,25,90,63,114"/><V134/><F37/><W23/><G3/><T72/><D108/><U127/><E110/><V18/><F34/><W0/><G0/><T85/><D113/><N who="3" m="43017" /><G131/><T100/><D119/><U109/><E109/><V112/><F28/><W76/><G51/><T22/><D55/><U13/><E1/><V129/><F134/><W98/><G76/><N who="1" m="29290" /><E38/><V132/><F132/><W10/><G10/><T64/><D64/><U24/><E127/><V103/><F105/><W4/><G4/><T50/><D79/><U126/><E118/><V12/><F129/><W11/><G11/><T124/><D72/><U39/><E39/><V69/><F69/><W80/><G63/><T41/><D124/><U48/><E126/><V111/><F111/><W27/><G27/><T125/><D125/><U59/><E59/><V74/><F74/><W15/><G15/><T49/><D2/><U62/><E62/><V94/><F83/><W101/><G98/><T116/><D116/><U35/><E35/><V84/><REACH who="2" step="1"/><F112/><REACH who="2" ten="202,188,237,363" step="2"/><W135/><G135/><T82/><D36/><U33/><E33/><V47/><F47/><W30/><G30/><T75/><D45/><U32/><E32/><V117/><F117/><W81/><AGARI ba="0,1" hai="17,23,25,80,81,86,90,92,95,96,101" m="43017" machi="81" ten="30,4000,0" yaku="15,1,11,1,52,1" doraHai="20" who="3" fromWho="3" sc="202,-10,188,-10,237,-20,363,50" /><INIT seed="7,0,0,3,2,30" ten="192,178,217,413" oya="3" hai0="105,91,36,52,18,78,55,64,4,40,8,100,95" hai1="70,99,44,114,23,102,21,38,118,122,133,11,80" hai2="33,2,25,97,76,129,103,127,81,120,115,48,61" hai3="84,87,126,12,43,56,112,106,132,41,67,35,58"/><W32/><G106/><T117/><D117/><U60/><E122/><V89/><F89/><W107/><G107/><T71/><D18/><U16/><E118/><V27/><F2/><W62/><G12/><T93/><D78/><U135/><E114/><V46/><F33/><W68/><G112/><T31/><D31/><U28/><E80/><V19/><F127/><W26/><G26/><T90/><D105/><N who="1" m="63711" /><E11/><V3/><F3/><W108/><G62/><T124/><D100/><U134/><E28/><V49/><F61/><W116/><G67/><T0/><D124/><U53/><E53/><V110/><F110/><W29/><G29/><T42/><D64/><N who="1" m="41223" /><E16/><V74/><F19/><W69/><G116/><T94/><D71/><U96/><E96/><V50/><F115/><W109/><G132/><N who="1" m="33794" /><U73/><DORA hai="14" /><E73/><V98/><F81/><W79/><G79/><T20/><D20/><U128/><E128/><V104/><F74/><W72/><G72/><T9/><D9/><U77/><E77/><V37/><F76/><W6/><G6/><T22/><D22/><U13/><E13/><V111/><F111/><W10/><G10/><T17/><D17/><U83/><E83/><V123/><F129/><W101/><G101/><T121/><D121/><U66/><E66/><V85/><F123/><W63/><G63/><T131/><D131/><U15/><E15/><V24/><F103/><W34/><G34/><T113/><D113/><U82/><E82/><V45/><F120/><W47/><G35/><T88/><D36/><U7/><E7/><V130/><F37/><W1/><G32/><RYUUKYOKU ba="0,0" sc="192,15,178,15,217,-15,413,-15" hai0="0,4,8,40,42,52,55,88,90,91,93,94,95" hai1="21,23,38,44" owari="207,1.0,193,-31.0,202,-20.0,398,50.0" /></mjloggm>