<mjloggm ver="2.3"><GO type="169" lobby="0"/><UN n0="%E3%81%A1%E3%82%83%E3%82%93%E3%81%9F%E3%81%A3%E3%81%9F" n1="%E9%96%A2%E4%B8%83%E6%B5%B7" n2="%E8%A3%8F%E6%8A%95%E3%81%92%E4%B8%80%E6%9C%AC" n3="%E3%82%A6%E3%83%AB%E3%83%88%E3%83%A9%E7%AB%8B%E7%9B%B4" dan="16,16,16,17" rate="2078.16,2157.72,2071.58,2169.29" sx="M,M,M,M"/><TAIKYOKU oya="0"/><INIT seed="0,0,0,0,1,72" ten="250,250,250,250" oya="0" hai0="49,117,88,50,21,106,99,97,17,128,115,123,77" hai1="107,35,19,8,28,103,36,63,11,2,7,133,57" hai2="122,131,64,110,105,5,42,6,98,55,48,95,24" hai3="18,23,120,111,114,52,92,113,132,53,127,82,87"/><T124/><D115/><U58/><E36/><V76/><F122/><W39/><G39/><T13/><D117/><U65/><E133/><V96/><F42/><W66/><G132/><T15/><D123/><U70/><E11/><V79/><F64/><W61/><G120/><T134/><D134/><U116/><E19/><V85/><F110/><W125/><G111/><T130/><D124/><N who="3" m="47689" /><G92/><N who="0" m="56455" /><D15/><U0/><E0/><V45/><F131/><N who="0" m="50218" /><D77/><N who="2" m="29770" /><F105/><W71/><G114/><T10/><D10/><U126/><E116/><V62/><F62/><W90/><G113/><T14/><D14/><AGARI ba="0,0" hai="14,18,23,52,53,61,66,71,82,87,90" m="47689" machi="14" ten="30,2000,0" yaku="18,1,54,1" doraHai="72" who="3" fromWho="0" sc="250,-20,250,0,250,0,250,20" /><INIT seed="1,0,0,3,5,129" ten="230,250,250,270" oya="1" hai0="103,49,45,55,84,64,106,83,73,47,68,117,113" hai1="6,75,95,93,77,32,81,120,90,82,43,23,92" hai2="79,85,0,67,110,118,80,126,57,1,108,107,69" hai3="24,123,37,13,130,87,89,14,28,58,88,2,132"/><U114/><E32/><V36/><F118/><W71/><G71/><T29/><D117/><U27/><E114/><V54/><F36/><W134/><G2/><T105/><D73/><U111/><E120/><V128/><F107/><W34/><G37/><T19/><D29/><U12/><E111/><N who="2" m="42539" /><F128/><W99/><G123/><T74/><D74/><U102/><E43/><V7/><F126/><W8/><G130/><T48/><D103/><U78/><E12/><V52/><F7/><W5/><G58/><T3/><D3/><N who="2" m="1098" /><F69/><W86/><G14/><T97/><D105/><U122/><E6/><V125/><F125/><W76/><G76/><T9/><D106/><U135/><E122/><V96/><F96/><W131/><G99/><T39/><D97/><N who="1" m="59711" /><E23/><V119/><F119/><W104/><G104/><T40/><D113/><U100/><E27/><V4/><F4/><W121/><G121/><T33/><D33/><U51/><E100/><V16/><F16/><W35/><G35/><T133/><D39/><U22/><E22/><V91/><F79/><W98/><G98/><T116/><D68/><U31/><E77/><V17/><F17/><W62/><G131/><T65/><D116/><U42/><E78/><V124/><F124/><W72/><G72/><T53/><D40/><U11/><E75/><V109/><F109/><W10/><G10/><T41/><D41/><U127/><E42/><V63/><AGARI ba="0,0" hai="52,54,57,63,67,80,85,91" m="1098,42539" machi="63" ten="40,2700,0" yaku="14,1,54,1" doraHai="129" who="2" fromWho="2" sc="230,-7,250,-13,250,27,270,-7" /><INIT seed="2,0,0,1,2,20" ten="223,237,277,263" oya="2" hai0="97,72,42,101,108,98,63,65,89,2,44,126,107" hai1="60,36,26,0,128,86,21,59,83,134,33,123,48" hai2="76,46,17,57,114,18,49,37,75,84,105,121,111" hai3="14,87,117,88,55,100,127,22,54,8,104,112,41"/><V35/><F114/><W95/><G117/><T38/><D108/><U78/><E36/><V113/><F113/><W124/><G112/><T132/><D132/><U56/><E134/><V82/><F121/><W52/><G41/><T66/><D126/><N who="3" m="48169" /><G104/><T77/><D66/><U24/><E128/><V13/><F105/><W7/><G100/><T34/><D89/><U130/><E130/><V94/><F35/><W9/><G9/><T119/><D97/><U73/><E0/><V109/><F37/><W51/><G22/><T29/><D119/><U90/><E123/><V70/><F70/><W69/><G69/><T30/><D30/><U125/><E33/><V23/><F57/><AGARI ba="0,0" hai="7,8,14,51,52,54,55,57,87,88,95" m="48169" machi="57" ten="30,3900,0" yaku="18,1,54,2" doraHai="20" who="3" fromWho="2" sc="223,0,237,0,277,-39,263,39" /><INIT seed="3,0,0,3,1,89" ten="223,237,238,302" oya="3" hai0="132,119,61,130,69,6,66,19,74,41,79,100,91" hai1="105,17,86,111,8,9,24,15,18,36,123,14,135" hai2="28,70,92,71,59,101,96,113,0,67,117,51,133" hai3="23,4,112,3,38,106,52,75,127,62,87,77,97"/><W27/><G38/><T55/><D119/><U57/><E111/><V80/><F113/><W45/><G75/><T16/><D100/><U2/><E105/><V25/><F117/><W31/><G112/><T72/><D41/><U103/><E103/><V58/><F0/><W68/><G68/><T50/><D6/><U120/><E36/><V93/><F80/><N who="3" m="47503" /><G106/><T5/><D5/><U44/><E44/><V125/><F125/><W122/><G3/><T73/><D79/><U1/><E86/><V88/><F133/><W29/><G4/><T43/><D43/><U110/><E57/><V121/><F121/><W10/><G10/><T33/><D33/><U124/><E110/><V104/><F104/><W81/><G81/><T46/><D132/><U22/><E135/><V7/><F7/><W39/><G39/><T128/><REACH who="0" step="1"/><D91/><REACH who="0" ten="213,237,238,302" step="2"/><U42/><E42/><V82/><F101/><W64/><G127/><T47/><D47/><U56/><E124/><V83/><F88/><W40/><G40/><T90/><D90/><U21/><E56/><V95/><F59/><N who="3" m="36959" /><G122/><T99/><D99/><U118/><E118/><V60/><F96/><W49/><G97/><T32/><D32/><U94/><REACH who="1" step="1"/><E24/><REACH who="1" ten="213,227,238,302" step="2"/><V109/><F109/><W30/><AGARI ba="0,2" hai="23,27,29,30,31,45,49,52" m="36959,47503" machi="30" ten="30,3000,0" yaku="8,1,54,1" doraHai="89" who="3" fromWho="3" sc="213,-10,227,-10,238,-10,302,50" /><INIT seed="3,1,0,3,2,103" ten="203,217,228,352" oya="3" hai0="60,57,10,22,98,135,24,118,128,86,3,32,35" hai1="39,8,85,0,68,75,28,42,74,65,18,48,112" hai2="79,63,2,58,130,71,92,56,34,69,23,54,61" hai3="80,83,29,108,84,115,121,55,7,89,122,53,17"/><W101/><G29/><T100/><D118/><U134/><E112/><V67/><F34/><W126/><G7/><T96/><D135/><U76/><E134/><V26/><F2/><W50/><G115/><T109/><D109/><U13/><E39/><V99/><F79/><W1/><G1/><T59/><D128/><U43/><E0/><V21/><F21/><W104/><G108/><T110/><D110/><U133/><E133/><V14/><F14/><W45/><G126/><T131/><D131/><U9/><E28/><V113/><F130/><W20/><G83/><T5/><D96/><U90/><E9/><V107/><F107/><W91/><G91/><T119/><D86/><U81/><E48/><V88/><REACH who="2" step="1"/><F113/><REACH who="2" ten="203,217,218,352" step="2"/><W25/><G104/><T102/><D119/><U106/><E106/><V15/><F15/><W33/><G33/><T73/><D35/><U77/><E77/><V105/><F105/><W27/><G27/><T95/><D32/><U51/><E76/><V47/><F47/><W78/><G78/><T38/><D3/><U123/><E74/><V124/><F124/><W19/><G25/><T36/><D24/><U120/><E75/><V30/><AGARI ba="1,1" hai="23,26,30,54,56,58,61,63,67,69,71,88,92,99" machi="30" ten="20,5200,0" yaku="1,1,0,1,7,1,54,1,53,0" doraHai="103" doraHaiUra="12" who="2" fromWho="2" sc="203,-14,217,-14,218,65,352,-27" /><INIT seed="4,0,0,3,3,98" ten="189,203,283,325" oya="0" hai0="55,7,90,61,54,42,71,122,65,31,101,100,32" hai1="4,77,63,83,3,39,6,24,66,13,76,73,41" hai2="109,119,85,104,18,116,19,70,11,96,132,126,2" hai3="22,9,92,45,67,26,110,0,88,49,121,124,25"/><T87/><D122/><U105/><E76/><V69/><F109/><W125/><G110/><T114/><D42/><U84/><E13/><V107/><F132/><W133/><G67/><T82/><D114/><U131/><E84/><V68/><F85/><W106/><G106/><N who="2" m="40489" /><F96/><N who="3" m="57351" /><G133/><T102/><REACH who="0" step="1"/><D7/><REACH who="0" ten="179,203,283,325" step="2"/><U16/><E6/><V38/><F38/><W112/><G121/><T40/><D40/><U94/><E41/><V117/><F126/><W91/><G112/><T21/><D21/><U33/><E39/><V23/><F23/><W74/><G22/><T36/><D36/><U46/><E4/><AGARI ba="0,1" hai="2,4,11,18,19,68,69,70,116,117,119" m="40489" machi="4" ten="50,1600,0" yaku="12,1" doraHai="98" who="2" fromWho="1" sc="179,0,203,-16,283,26,325,0" /><INIT seed="5,0,0,1,2,41" ten="179,187,309,325" oya="1" hai0="126,61,49,34,128,105,71,92,51,73,44,82,70" hai1="33,0,7,85,134,24,100,109,30,68,52,118,18" hai2="45,62,25,4,57,10,14,77,6,54,112,27,133" hai3="115,26,40,28,81,37,53,104,48,132,94,11,72"/><U65/><E118/><V98/><F77/><W114/><G104/><T64/><D105/><U89/><E134/><V32/><F133/><W38/><G40/><T56/><D34/><U2/><E109/><V91/><F112/><N who="3" m="43051" /><G94/><T117/><D92/><U16/><E100/><V107/><F4/><W8/><G81/><T103/><D103/><U96/><E96/><V106/><F106/><W67/><G67/><T135/><D135/><U20/><E18/><V69/><F69/><N who="0" m="26122" /><D73/><U127/><E127/><V58/><F58/><N who="3" m="33063" /><G72/><T93/><D93/><U47/><E65/><V102/><F91/><W78/><G78/><T36/><D82/><U23/><E68/><V120/><F32/><N who="3" m="20503" /><G132/><T80/><D80/><U35/><E33/><V39/><F120/><W131/><G131/><T108/><D128/><U55/><E35/><V74/><F74/><W5/><G11/><T101/><D101/><U124/><E124/><V110/><F110/><W75/><G75/><T21/><D108/><U99/><E99/><V122/><F122/><W76/><G76/><T123/><D126/><U121/><E121/><V111/><F111/><W12/><AGARI ba="0,0" hai="5,8,12,37,38" m="20503,33063,43051" machi="12" ten="30,1100,0" yaku="15,1" doraHai="41" who="3" fromWho="3" sc="179,-3,187,-5,309,-3,325,11" /><INIT seed="6,0,0,1,1,98" ten="176,182,306,336" oya="2" hai0="68,15,5,73,133,18,27,59,86,54,30,49,88" hai1="37,128,96,24,29,35,85,114,51,43,72,62,52" hai2="111,76,130,22,2,69,8,87,58,47,123,105,74" hai3="126,14,45,116,65,36,53,115,84,25,131,7,17"/><V50/><F123/><W109/><G109/><T11/><D133/><U108/><E108/><V55/><F69/><W42/><G116/><T93/><D73/><U39/><E72/><V104/><F74/><W132/><G65/><T95/><D68/><U134/><E134/><V119/><F119/><W48/><G132/><T92/><REACH who="0" step="1"/><D5/><REACH who="0" ten="166,182,306,336" step="2"/><U3/><E128/><V23/><F130/><W106/><G7/><T0/><D0/><U125/><E3/><V56/><F2/><W70/><G70/><T64/><D64/><U110/><E110/><V75/><F75/><W117/><G131/><T121/><D121/><U113/><E125/><V13/><F111/><W82/><G126/><T103/><D103/><U91/><E113/><V6/><F105/><W26/><G106/><T33/><AGARI ba="0,1" hai="11,15,18,27,30,33,49,54,59,86,88,92,93,95" machi="33" ten="20,5200,0" yaku="1,1,0,1,7,1,54,1,53,0" doraHai="98" doraHaiUra="129" who="0" fromWho="0" sc="166,62,182,-13,306,-26,336,-13" /><INIT seed="7,0,0,0,2,121" ten="228,169,280,323" oya="3" hai0="117,29,92,15,2,120,51,69,3,110,5,57,16" hai1="18,65,78,8,49,45,104,60,70,27,83,79,54" hai2="66,112,119,107,35,4,103,85,43,81,134,80,30" hai3="36,125,91,133,41,95,99,64,71,56,58,105,59"/><W44/><G105/><T75/><D69/><U115/><E104/><V116/><F43/><W73/><G73/><T101/><D75/><U108/><E115/><V61/><F4/><W111/><G125/><T128/><D120/><U90/><E27/><V131/><F112/><W21/><G21/><T39/><D39/><U124/><E124/><V74/><F74/><W67/><G133/><T22/><D117/><U25/><E25/><V26/><F131/><W63/><G111/><T13/><D29/><U20/><E20/><V32/><F32/><W106/><G106/><T86/><D128/><U68/><E68/><V7/><F7/><W52/><G64/><T123/><D123/><U118/><E118/><V53/><F53/><W48/><AGARI ba="0,0" hai="36,41,44,48,52,56,58,59,63,67,71,91,95,99" machi="48" ten="20,12000,1" yaku="0,1,7,1,24,2,54,1" doraHai="121" who="3" fromWho="3" sc="228,-40,169,-40,280,-40,323,120" owari="188,-21.0,129,-37.0,240,4.0,443,54.0" /></mjloggm>