<mjloggm ver="2.3"><GO type="97" lobby="0"/><UN n0="%EF%BC%98%E7%95%AA%E3%83%A9%E3%82%A4%E3%83%88%E5%A4%A7%E8%B0%B7" n1="%E3%81%8D%E3%81%BF%E3%81%9F%E3%81%BE%E3%81%94" n2="%E6%9D%BE%E6%9C%AC%E5%B1%B1%E9%9B%85" n3="%E5%B0%B1%E6%B4%BB%E7%94%9F%40%E5%B7%9D%E6%9D%91%E8%BB%8D%E5%9B%A3" dan="15,15,13,15" rate="1997.36,2024.30,1878.80,2079.81" sx="F,M,M,M"/><TAIKYOKU oya="0"/><INIT seed="0,0,0,1,5,49" ten="250,250,250,250" oya="0" hai0="104,80,132,47,123,61,85,98,30,66,128,76,125" hai1="7,37,48,13,99,81,121,23,39,117,33,127,108" hai2="73,17,18,38,1,89,55,119,32,41,29,3,62" hai3="19,2,59,58,8,96,77,105,101,9,51,135,63"/><T65/><D123/><U46/><E33/><V24/><F73/><W54/><G135/><T28/><D132/><U86/><E108/><V64/><F119/><W131/><G131/><T114/><D128/><U90/><E127/><V10/><F41/><W16/><G77/><T27/><D125/><U134/><E117/><V4/><F1/><W34/><G34/><T120/><D114/><U93/><E134/><V25/><F25/><W74/><G74/><T109/><D47/><U124/><E121/><V56/><F38/><W133/><G133/><T110/><D120/><U97/><E97/><V102/><F102/><W106/><G106/><T78/><D78/><U57/><E57/><V52/><F89/><W5/><REACH who="3" step="1"/><G8/><REACH who="3" ten="250,250,250,240" step="2"/><T26/><D110/><U112/><E124/><V35/><REACH who="2" step="1"/><F32/><REACH who="2" ten="250,250,240,240" step="2"/><W20/><G20/><T60/><D109/><U87/><E23/><V100/><F100/><W83/><G83/><T91/><D76/><U67/><E81/><V36/><F36/><W21/><G21/><T130/><D80/><U103/><E39/><V71/><F71/><W6/><G6/><T15/><D130/><U12/><E37/><V88/><F88/><W45/><G45/><T94/><D91/><U50/><E7/><V40/><F40/><W22/><G22/><T122/><D122/><U84/><E46/><V72/><F72/><W70/><G70/><T82/><D82/><U116/><E90/><V107/><F107/><W69/><G69/><T118/><D104/><U68/><E68/><V75/><F75/><W0/><G0/><T111/><D118/><U31/><E116/><RYUUKYOKU ba="0,2" sc="250,-15,250,-15,240,15,240,15" hai2="3,4,10,17,18,24,29,35,52,55,56,62,64" hai3="2,5,9,16,19,51,54,58,59,63,96,101,105" /><INIT seed="1,1,2,2,1,103" ten="235,235,255,255" oya="1" hai0="133,130,67,46,15,110,26,69,132,23,57,11,77" hai1="66,54,47,44,127,108,106,85,71,53,17,59,64" hai2="16,109,72,61,42,120,21,121,129,88,115,13,36" hai3="82,4,37,5,111,119,92,128,22,58,32,1,75"/><U19/><E127/><V105/><F72/><W118/><G32/><T63/><D110/><U131/><E85/><V74/><F74/><W62/><G111/><T83/><D46/><N who="1" m="17451" /><E108/><V31/><F109/><W25/><G37/><T86/><D130/><U45/><E106/><V24/><F36/><W10/><G128/><T116/><D116/><N who="3" m="44585" /><G92/><T34/><D34/><U89/><E89/><V43/><F129/><W104/><G104/><T76/><D76/><U94/><E94/><V3/><F3/><W87/><G75/><T80/><D80/><U117/><E117/><V20/><F105/><W29/><G10/><T96/><D96/><U30/><E30/><V90/><F115/><W38/><G38/><T78/><D78/><U134/><E134/><N who="0" m="51817" /><D69/><U122/><E122/><V100/><F100/><W113/><G1/><T68/><D68/><U14/><E71/><V28/><F120/><W2/><G2/><T114/><D114/><U55/><E131/><V112/><F121/><W99/><G99/><T84/><D84/><U50/><E14/><V101/><F101/><W123/><G123/><T70/><D15/><U18/><E59/><V40/><F112/><W48/><G48/><T97/><D97/><U79/><E79/><V126/><F126/><W93/><G93/><T0/><D0/><U6/><E6/><V102/><F102/><W95/><G95/><T124/><D124/><U35/><E35/><V98/><F98/><W65/><G113/><T41/><D70/><U91/><E91/><AGARI ba="1,2" hai="4,5,22,25,29,58,62,65,82,87,91" m="44585" machi="91" ten="30,1000,0" yaku="12,1" doraHai="103" who="3" fromWho="1" sc="235,0,235,-13,255,0,255,33" /><INIT seed="2,0,0,4,3,72" ten="235,222,255,288" oya="2" hai0="4,3,69,102,131,127,12,65,23,71,80,97,41" hai1="107,117,59,114,24,61,63,50,109,133,42,88,2" hai2="84,120,31,81,49,94,55,0,58,16,10,28,38" hai3="57,92,43,44,74,111,11,39,128,75,17,37,68"/><V113/><F113/><W77/><G68/><T132/><D132/><U19/><E107/><V25/><F120/><W6/><G111/><T123/><D123/><U14/><E2/><V93/><F38/><W9/><G128/><T106/><D127/><U54/><E114/><V116/><F116/><W45/><G57/><T82/><D131/><U99/><E117/><V135/><F135/><W30/><G30/><N who="2" m="11305" /><F0/><W13/><G92/><T87/><D80/><U122/><E109/><V108/><F108/><W70/><G70/><T125/><D125/><U66/><E133/><V95/><F10/><W130/><G130/><T15/><D41/><U121/><E24/><V1/><F1/><W51/><G39/><T83/><D83/><U119/><E42/><V112/><F112/><W134/><G134/><T52/><D3/><U100/><E119/><V64/><F64/><W8/><G77/><T76/><D52/><U29/><E29/><V21/><F93/><W40/><G9/><T20/><D65/><U103/><E121/><V118/><F118/><W78/><G78/><AGARI ba="0,0" hai="16,21,25,49,55,58,78,81,84,94,95" m="11305" machi="78" ten="30,5800,0" yaku="8,1,52,1,54,1" doraHai="72" who="2" fromWho="3" sc="235,0,222,0,255,58,288,-58" /><INIT seed="2,1,0,2,0,49" ten="235,222,313,230" oya="2" hai0="64,66,109,52,127,131,102,112,104,18,14,82,30" hai1="128,24,84,130,26,122,120,8,118,96,106,123,67" hai2="86,133,11,97,95,51,2,20,58,69,43,19,115" hai3="34,87,50,77,40,48,35,53,89,23,90,100,65"/><V56/><F115/><W3/><G3/><T116/><D109/><U12/><E67/><V134/><F69/><W79/><G35/><T21/><D131/><N who="1" m="50219" /><E84/><V80/><F2/><W37/><G34/><T71/><D127/><U10/><E106/><V31/><F11/><N who="1" m="4137" /><E96/><V39/><F39/><W103/><G37/><T117/><D82/><U44/><E44/><N who="2" m="26015" /><F31/><W32/><G32/><T124/><D30/><U4/><E118/><N who="0" m="45673" /><D124/><U70/><E70/><V98/><F134/><W94/><G65/><N who="0" m="25195" /><D112/><U129/><N who="1" m="50227" /><U114/><DORA hai="99" /><E114/><V9/><F9/><AGARI ba="1,0" hai="4,9,12,24,26,120,122,123" m="4137,50227" machi="9" ten="50,8000,1" yaku="13,1,19,1,34,2" doraHai="49,99" who="1" fromWho="2" sc="235,0,222,83,313,-83,230,0" /><INIT seed="3,0,0,0,2,104" ten="235,305,230,230" oya="3" hai0="113,96,122,13,36,107,116,75,79,105,94,102,67" hai1="44,81,41,76,40,134,109,78,80,45,60,117,93" hai2="72,110,135,95,8,89,114,108,73,71,49,6,34" hai3="47,63,126,53,69,17,32,12,88,21,59,19,66"/><W56/><G126/><T85/><D36/><U58/><E109/><N who="2" m="42091" /><F71/><W91/><G32/><T129/><D67/><U24/><E93/><V65/><F114/><W55/><G47/><N who="1" m="17994" /><E134/><V120/><F120/><W132/><G132/><T33/><D33/><U51/><E51/><V62/><F135/><W64/><G19/><T133/><D13/><U48/><E24/><V83/><F83/><N who="1" m="31817" /><E117/><V2/><F49/><N who="3" m="30767" /><G69/><T87/><D122/><U9/><E9/><V128/><F34/><W123/><G123/><T39/><D39/><U57/><E48/><V131/><F62/><W61/><G61/><T70/><D70/><U31/><E31/><V3/><F65/><AGARI ba="0,0" hai="12,17,21,55,59,63,64,65,66,88,91" m="30767" machi="65" ten="30,2900,0" yaku="8,1,54,1" doraHai="104" who="3" fromWho="2" sc="235,0,305,0,230,-29,230,29" /><INIT seed="3,1,0,3,0,20" ten="235,305,201,259" oya="3" hai0="1,36,86,71,13,8,45,76,15,5,10,61,46" hai1="59,40,30,37,56,105,44,102,128,29,53,50,106" hai2="83,108,43,32,62,130,93,66,28,81,38,84,22" hai3="67,87,64,63,16,111,110,2,133,124,101,114,19"/><W72/><G72/><T7/><D36/><U24/><E128/><V21/><F130/><W69/><G2/><T80/><D1/><U18/><E18/><V54/><F108/><N who="3" m="41515" /><G114/><T97/><D97/><U12/><E12/><V100/><F38/><W96/><G133/><T35/><D35/><U17/><E17/><V113/><F113/><W51/><G124/><T79/><D71/><U65/><E29/><V85/><F43/><W135/><G135/><T74/><D61/><U127/><E102/><V125/><F125/><W78/><G67/><T49/><D49/><U0/><E0/><V9/><F9/><W77/><G51/><T132/><D132/><U39/><E127/><V52/><F32/><W34/><G34/><T134/><D134/><U131/><E131/><V48/><F100/><W31/><G31/><T104/><D104/><U25/><E30/><V122/><F122/><W107/><G78/><T42/><D42/><U94/><E65/><V103/><F103/><W26/><G26/><N who="1" m="10346" /><E40/><V47/><F28/><W60/><G60/><T89/><D74/><U95/><E39/><V119/><F119/><W82/><AGARI ba="1,0" hai="16,19,63,64,69,77,82,87,96,101,107" m="41515" machi="82" ten="30,6000,0" yaku="14,1,10,1,54,1" doraHai="20" who="3" fromWho="3" sc="235,-21,305,-21,201,-21,259,63" owari="214,-19.0,284,8.0,180,-32.0,322,43.0" /></mjloggm>