<mjloggm ver="2.3"><GO type="169" lobby="0"/><UN n0="%E3%83%88%E3%82%B5%E3%81%91%E3%82%93" n1="%3A%63%6F%63%75%61%3A" n2="%E3%81%99%E3%81%9A%E3%82%81%E3%82%AF%E3%83%AC%E3%82%A4%E3%82%B8%E3%83%BC" n3="%E3%82%A6%E3%83%AB%E3%83%88%E3%83%A9%E7%AB%8B%E7%9B%B4" dan="18,16,18,17" rate="2238.97,2040.51,2253.43,2133.80" sx="M,M,M,M"/><TAIKYOKU oya="0"/><INIT seed="0,0,0,4,5,38" ten="250,250,250,250" oya="0" hai0="20,57,65,6,113,46,94,87,11,64,43,47,89" hai1="42,95,119,102,17,67,35,110,9,104,82,51,63" hai2="118,78,114,71,75,39,18,96,135,133,101,19,32" hai3="98,28,83,93,60,90,134,122,84,120,103,77,80"/><T81/><D113/><U0/><E110/><V13/><F71/><W66/><G28/><T111/><D111/><U112/><E35/><V54/><F32/><W108/><G108/><T12/><D20/><U68/><E112/><V100/><F118/><W128/><G128/><T130/><D130/><U61/><E104/><V5/><F39/><W48/><G48/><T2/><D2/><U74/><E61/><V121/><F75/><W44/><G44/><T76/><D57/><U126/><E126/><V34/><F121/><W16/><G16/><T109/><D109/><U97/><E119/><V49/><F78/><W86/><REACH who="3" step="1"/><G134/><REACH who="3" ten="250,250,250,240" step="2"/><T72/><REACH who="0" step="1"/><D47/><REACH who="0" ten="240,250,250,240" step="2"/><N who="1" m="26103" /><E0/><V27/><F133/><W116/><G116/><T33/><D33/><U4/><E9/><V62/><F135/><W30/><G30/><T69/><D69/><AGARI ba="0,2" hai="60,66,69,77,80,83,84,86,90,93,98,103,120,122" machi="69" ten="40,1300,0" yaku="1,1,53,0" doraHai="38" doraHaiUra="29" who="3" fromWho="0" sc="240,-13,250,0,250,0,240,33" /><INIT seed="1,0,0,4,4,131" ten="227,250,250,273" oya="1" hai0="80,26,55,17,118,37,41,8,65,79,114,121,69" hai1="60,10,45,105,29,97,38,127,83,115,44,11,72" hai2="66,74,42,50,128,21,52,35,32,0,15,77,62" hai3="126,63,12,125,101,54,120,123,112,90,51,27,43"/><U33/><E115/><V133/><F0/><W70/><G101/><T22/><D114/><U28/><E60/><V78/><F42/><W110/><G112/><T2/><D118/><U107/><E97/><V76/><F74/><W46/><G27/><T40/><D121/><N who="3" m="46665" /><G12/><T132/><D65/><U91/><E72/><V93/><F93/><W6/><G6/><N who="0" m="1111" /><D55/><U113/><E113/><V130/><F21/><W81/><G90/><T34/><D34/><U89/><E83/><V23/><F23/><W86/><G86/><T99/><D99/><U56/><E56/><N who="2" m="32791" /><F15/><W108/><G81/><T124/><D69/><U87/><E87/><V30/><F30/><W134/><G54/><T18/><D18/><U122/><E122/><V100/><F100/><W117/><G117/><T109/><D79/><U4/><E4/><V92/><F92/><W53/><G53/><T119/><D119/><U36/><REACH who="1" step="1"/><E33/><REACH who="1" ten="227,240,250,273" step="2"/><V71/><F32/><W59/><G63/><T9/><D80/><U1/><E1/><V24/><F35/><W64/><G59/><T75/><D75/><U85/><E85/><V20/><F62/><W49/><G70/><T82/><D82/><U95/><E95/><V57/><F57/><W31/><G64/><T25/><D124/><AGARI ba="0,1" hai="10,11,28,29,36,38,44,45,89,91,105,107,124,127" machi="124" ten="25,4800,0" yaku="1,1,22,2,53,0" doraHai="131" doraHaiUra="16" who="1" fromWho="0" sc="227,-48,240,58,250,0,273,0" /><INIT seed="1,1,0,1,1,26" ten="179,298,250,273" oya="1" hai0="30,76,109,2,7,0,95,131,53,51,41,37,21" hai1="135,56,77,36,29,100,33,111,40,90,62,11,78" hai2="52,107,57,82,44,128,117,126,66,112,4,63,74" hai3="130,87,27,98,55,19,73,72,22,91,49,31,50"/><U104/><E11/><V125/><F107/><W92/><G130/><T24/><D109/><U97/><E135/><V13/><F117/><W38/><G38/><T10/><D131/><U59/><E111/><V1/><F1/><W14/><G98/><T15/><D76/><U105/><E105/><V16/><F4/><W101/><G101/><T43/><D95/><U121/><E121/><V110/><F110/><W61/><G61/><T3/><REACH who="0" step="1"/><D37/><REACH who="0" ten="169,298,250,273" step="2"/><U106/><E106/><V116/><F128/><W20/><REACH who="3" step="1"/><G50/><REACH who="3" ten="169,298,250,263" step="2"/><T118/><D118/><U132/><E36/><V25/><F116/><W65/><G65/><T17/><D17/><U115/><E132/><V32/><F66/><W18/><G18/><T64/><D64/><U71/><E104/><V108/><F16/><W69/><G69/><T39/><D39/><U113/><E71/><V123/><F108/><W96/><G96/><T127/><D127/><U86/><E97/><V60/><F125/><W103/><G103/><T119/><D119/><U5/><E100/><V99/><F99/><W47/><AGARI ba="1,2" hai="14,19,20,22,27,31,47,49,55,72,73,87,91,92" machi="47" ten="20,5200,0" yaku="1,1,0,1,7,1,52,1,53,0" doraHai="26" doraHaiUra="75" who="3" fromWho="3" sc="169,-14,298,-27,250,-14,263,75" /><INIT seed="2,0,0,4,4,110" ten="155,271,236,338" oya="2" hai0="78,104,23,44,13,93,59,36,28,61,66,134,53" hai1="114,32,103,102,16,119,1,90,39,99,4,30,67" hai2="46,70,76,57,105,108,12,127,2,25,98,126,86" hai3="51,73,133,84,107,3,33,5,63,34,8,64,116"/><V50/><F2/><W106/><G116/><T112/><D104/><U89/><E119/><V80/><F70/><N who="3" m="42271" /><G84/><T118/><D118/><U111/><E111/><V31/><F108/><W94/><G94/><T77/><D134/><U17/><E39/><V101/><F57/><W72/><G51/><T124/><D124/><U43/><E43/><V38/><F38/><W117/><G117/><T7/><D36/><U123/><E123/><V81/><F12/><W69/><G69/><T125/><D125/><U9/><E67/><V95/><F80/><W11/><G11/><T45/><D93/><U83/><E102/><V22/><REACH who="2" step="1"/><F95/><REACH who="2" ten="155,271,226,338" step="2"/><W54/><G3/><T26/><D13/><U35/><E1/><V20/><F20/><W14/><G14/><T135/><D23/><U37/><E83/><V82/><F82/><W75/><G107/><T68/><D68/><U47/><E37/><V115/><F115/><W60/><G106/><T58/><D112/><U71/><E71/><V15/><F15/><W62/><G34/><N who="0" m="20759" /><D135/><U18/><E32/><V29/><F29/><W40/><G33/><T88/><D7/><U131/><E35/><V87/><F87/><W41/><G133/><T56/><D56/><U109/><E30/><V96/><F96/><W42/><G5/><T49/><D44/><U121/><E114/><V24/><F24/><W21/><G21/><T79/><D58/><U55/><E109/><V52/><AGARI ba="0,1" hai="22,25,31,46,50,52,76,81,86,98,101,105,126,127" machi="52" ten="30,6000,0" yaku="1,1,0,1,54,1,53,0" doraHai="110" doraHaiUra="0" who="2" fromWho="2" sc="155,-20,271,-20,226,70,338,-20" /><INIT seed="2,1,0,1,5,35" ten="135,251,296,318" oya="2" hai0="123,121,62,65,5,113,129,4,66,88,125,64,126" hai1="51,86,114,70,15,27,94,69,78,36,120,105,60" hai2="100,117,109,3,89,22,14,83,41,43,1,92,107" hai3="63,46,0,122,61,37,104,112,75,93,39,98,57"/><V67/><F117/><W128/><G104/><T124/><D113/><U50/><E114/><V33/><F33/><W59/><G75/><T23/><D23/><U135/><E36/><V16/><F83/><W102/><G122/><N who="0" m="46603" /><D62/><U87/><E120/><V26/><F67/><W84/><G128/><T28/><D28/><U95/><E105/><V29/><F109/><W97/><G84/><T91/><D129/><U58/><E135/><V72/><F72/><W21/><G21/><T132/><D132/><U116/><E116/><V106/><F100/><W44/><G93/><N who="1" m="35338" /><E70/><V13/><F13/><W71/><G102/><T31/><D31/><U8/><E69/><V110/><F107/><W42/><G71/><T6/><AGARI ba="1,0" hai="4,5,6,64,65,66,88,91,124,125,126" m="46603" machi="6" ten="50,12000,2" yaku="29,2,28,2,18,1,54,1" doraHai="35" who="0" fromWho="0" sc="135,123,251,-31,296,-61,318,-31" /><INIT seed="3,0,0,0,5,76" ten="258,220,235,287" oya="3" hai0="15,5,81,69,130,22,18,27,10,122,58,78,100" hai1="131,59,118,85,41,57,110,60,135,52,134,34,31" hai2="9,92,124,116,43,112,106,30,56,45,96,121,79" hai3="93,8,114,53,23,65,125,4,61,40,87,91,7"/><W14/><G114/><T11/><D69/><U68/><E110/><V132/><F116/><W33/><G33/><T62/><D130/><U108/><E108/><V75/><F112/><W37/><G125/><T111/><D111/><U64/><E131/><V55/><F106/><W113/><G113/><T54/><D122/><U66/><E118/><V17/><F132/><N who="1" m="50729" /><E31/><V95/><F30/><W104/><G104/><T80/><D78/><U13/><E34/><V72/><F92/><W39/><G40/><T88/><D100/><U123/><E13/><V105/><F105/><W99/><G53/><T24/><D24/><U2/><E2/><V50/><F79/><W77/><G7/><T67/><D67/><N who="1" m="41063" /><E85/><V82/><F124/><W1/><G1/><T117/><D117/><U36/><E123/><V73/><F121/><W89/><G23/><T0/><REACH who="0" step="1"/><D88/><REACH who="0" ten="248,220,235,287" step="2"/><U90/><E90/><V119/><F119/><W26/><G26/><T94/><D94/><U133/><E133/><V19/><F95/><W84/><G77/><T29/><AGARI ba="0,1" hai="0,5,10,11,15,18,22,27,29,54,58,62,80,81" machi="29" ten="20,8000,1" yaku="1,1,0,1,7,1,52,2,53,0" doraHai="76" doraHaiUra="126" who="0" fromWho="0" sc="248,90,220,-20,235,-20,287,-40" /><INIT seed="4,0,0,5,0,117" ten="338,200,215,247" oya="0" hai0="1,134,127,94,9,129,64,89,13,125,63,132,62" hai1="14,115,114,105,118,99,123,32,54,85,46,61,83" hai2="36,112,78,60,72,25,120,28,75,116,26,20,22" hai3="77,3,119,128,66,23,50,104,47,111,92,52,96"/><T58/><D1/><U39/><E118/><V45/><F116/><W42/><G111/><T113/><D113/><N who="1" m="43019" /><E32/><V30/><F112/><W69/><G104/><T108/><D108/><U97/><E105/><V131/><F131/><W70/><G3/><T126/><D62/><U48/><E39/><V4/><F4/><W88/><G128/><T103/><D103/><U56/><E14/><V84/><F60/><W44/><G119/><T15/><D129/><U12/><E12/><N who="0" m="4681" /><D9/><U81/><E123/><V19/><F19/><W68/><G77/><T35/><D35/><U51/><E51/><V17/><F17/><W124/><G124/><T27/><D27/><U100/><E100/><V90/><F78/><W121/><G23/><T73/><D73/><U6/><E6/><V110/><F120/><W86/><G121/><T59/><D59/><U8/><E8/><V34/><F34/><W93/><G70/><T80/><D80/><N who="1" m="30795" /><E85/><AGARI ba="0,0" hai="58,63,64,85,89,94,125,126,127,132,134" m="4681" machi="85" ten="40,2000,0" yaku="18,1" doraHai="117" who="0" fromWho="1" sc="338,20,200,-20,215,0,247,0" /><INIT seed="4,1,0,5,2,112" ten="358,180,215,247" oya="0" hai0="106,68,85,82,2,127,125,49,33,94,30,37,76" hai1="47,64,105,61,59,58,66,114,32,98,51,103,42" hai2="75,21,99,86,62,104,97,74,25,65,55,53,131" hai3="31,22,117,79,20,44,12,121,92,83,71,46,91"/><T7/><D37/><U54/><E114/><V95/><F131/><W52/><G71/><T9/><D106/><U13/><E32/><V60/><F104/><W56/><G121/><T126/><D68/><U23/><E59/><V119/><F86/><W109/><G109/><T48/><REACH who="0" step="1"/><D94/><REACH who="0" ten="348,180,215,247" step="2"/><U43/><E64/><V34/><F95/><W77/><G92/><T18/><D18/><U0/><E0/><V1/><F1/><W67/><G31/><T113/><D113/><U5/><E66/><V96/><F65/><W93/><G93/><T118/><D118/><U3/><E3/><V123/><F119/><W19/><G117/><T17/><D17/><U78/><E5/><V116/><F116/><W128/><G19/><T133/><D133/><U63/><E105/><V24/><F97/><W10/><G67/><T135/><D135/><U130/><E98/><V81/><F99/><W29/><G29/><T110/><D110/><U57/><E130/><V27/><F96/><W124/><G128/><T36/><D36/><U15/><E103/><V70/><F70/><W84/><G124/><T111/><D111/><U50/><E15/><V122/><F122/><W35/><G12/><T11/><D11/><U69/><E69/><V115/><F123/><W8/><G8/><T14/><D14/><U100/><E13/><V88/><F115/><W89/><G10/><T108/><D108/><U120/><E100/><V39/><F39/><W129/><G129/><T16/><D16/><U26/><E120/><V45/><F25/><AGARI ba="1,1" hai="2,7,9,25,30,33,48,49,76,82,85,125,126,127" machi="25" ten="40,7700,0" yaku="1,1,18,1,53,1" doraHai="112" doraHaiUra="80" who="0" fromWho="2" sc="348,90,180,0,215,-80,247,0" /><INIT seed="4,2,0,1,0,71" ten="438,180,135,247" oya="0" hai0="6,111,28,112,53,101,120,32,33,15,67,48,74" hai1="0,116,2,36,78,66,39,106,89,134,75,21,98" hai2="135,20,62,26,113,130,118,45,59,117,24,47,110" hai3="83,80,52,91,40,114,102,44,77,49,125,42,72"/><T95/><D120/><U46/><E116/><V37/><F110/><W79/><G125/><T50/><D112/><U129/><E21/><V34/><F113/><W23/><G114/><T30/><D74/><U73/><E66/><V126/><F126/><W3/><G3/><N who="1" m="1066" /><E46/><V56/><F20/><W99/><G91/><T94/><D111/><U70/><E89/><V31/><F62/><W4/><G4/><T131/><D131/><U29/><E129/><V22/><F22/><W14/><G14/><T69/><D69/><U121/><E121/><V35/><F130/><W51/><G51/><T12/><D67/><U88/><E70/><V92/><F92/><W104/><REACH who="3" step="1"/><G23/><REACH who="3" ten="438,180,135,237" step="2"/><T107/><D6/><U97/><E88/><V54/><F117/><W8/><G8/><T60/><D12/><U115/><E115/><V41/><F118/><W5/><G5/><T10/><D15/><U16/><E78/><V13/><F13/><W86/><AGARI ba="2,1" hai="40,42,44,49,52,72,77,79,80,83,86,99,102,104" machi="86" ten="20,5200,0" yaku="1,1,0,1,7,1,54,1,53,0" doraHai="71" doraHaiUra="55" who="3" fromWho="3" sc="438,-28,180,-15,135,-15,237,68" /><INIT seed="5,0,0,5,5,127" ten="410,165,120,305" oya="1" hai0="20,84,61,102,87,32,60,117,14,5,3,0,73" hai1="42,66,63,57,30,86,69,7,37,19,8,74,101" hai2="135,35,77,4,67,39,90,24,104,119,58,83,54" hai3="12,50,76,125,48,40,53,72,134,105,107,21,85"/><U78/><E101/><V26/><F119/><W132/><G72/><T70/><D32/><U10/><E30/><V15/><F39/><W108/><G108/><T126/><D117/><U59/><E19/><V97/><F135/><N who="3" m="51755" /><G125/><T68/><D73/><U17/><E17/><V130/><F67/><W129/><G129/><T71/><D126/><U11/><E74/><V95/><F104/><W9/><G21/><T96/><D20/><U43/><E7/><V34/><F130/><W46/><G85/><T91/><D14/><U113/><E113/><V133/><F133/><W112/><G76/><T44/><D44/><U124/><E124/><V52/><F54/><W16/><G112/><T23/><D23/><U28/><E28/><V109/><F109/><W49/><G53/><T110/><D110/><U131/><E131/><V89/><F77/><W2/><G2/><T80/><D87/><U120/><E120/><V38/><F34/><W45/><G45/><T55/><D55/><N who="1" m="34303" /><E69/><V56/><F35/><W13/><G13/><T82/><D82/><N who="1" m="47447" /><E37/><AGARI ba="0,0" hai="9,12,16,37,40,46,48,49,50,105,107" m="51755" machi="37" ten="30,2000,0" yaku="20,1,54,1" doraHai="127" who="3" fromWho="1" sc="410,0,165,-20,120,0,305,20" /><INIT seed="6,0,0,2,1,14" ten="410,145,120,325" oya="2" hai0="103,134,115,94,37,5,12,17,85,54,77,128,28" hai1="90,67,120,40,10,41,98,19,55,63,104,116,16" hai2="110,66,72,118,52,61,3,111,130,71,62,122,92" hai3="29,74,95,81,135,23,42,75,106,34,27,121,4"/><V65/><F72/><W105/><G121/><T70/><D85/><U133/><E116/><V13/><F3/><W87/><G135/><T79/><D79/><U32/><E32/><V11/><F122/><W113/><G113/><T101/><D101/><U18/><E120/><V93/><F118/><W56/><G4/><T60/><D5/><U68/><E133/><V99/><F130/><W20/><G42/><T1/><D60/><U24/><E10/><V15/><F52/><W46/><G46/><T39/><D28/><U83/><E24/><V58/><F15/><W64/><G95/><T51/><D51/><U50/><E104/><V49/><F49/><W112/><G112/><T131/><D94/><U102/><E102/><V31/><F31/><W76/><G106/><T73/><D77/><U36/><E36/><V0/><F0/><W53/><G105/><T22/><D1/><U57/><REACH who="1" step="1"/><E98/><REACH who="1" ten="410,135,120,325" step="2"/><V84/><F84/><AGARI ba="0,1" hai="16,18,19,40,41,50,55,57,63,67,68,83,84,90" machi="84" ten="40,12000,2" yaku="1,1,2,1,52,3,54,1,53,0" doraHai="14" doraHaiUra="35" who="1" fromWho="2" sc="410,0,135,130,120,-120,325,0" /><INIT seed="7,0,0,1,2,35" ten="410,265,0,325" oya="3" hai0="40,123,11,22,61,3,64,92,43,49,7,89,110" hai1="10,47,15,81,124,80,50,128,74,98,91,76,118" hai2="8,36,83,73,72,21,4,24,62,68,59,104,58" hai3="77,130,127,29,56,57,69,135,90,125,20,99,116"/><W121/><G121/><T13/><D110/><U105/><E128/><V109/><F62/><W87/><G116/><T17/><D123/><U97/><E124/><N who="3" m="47690" /><G69/><T12/><D3/><U82/><E118/><V117/><F59/><N who="3" m="22603" /><G130/><T39/><D39/><U27/><E27/><V95/><F95/><N who="3" m="56823" /><G135/><T93/><D61/><U120/><E120/><V48/><F58/><W51/><G51/><T75/><D64/><U107/><E74/><V14/><F48/><W26/><G87/><T34/><D75/><U37/><E37/><V119/><F72/><W88/><G77/><T70/><D70/><U129/><E129/><V19/><F83/><W71/><G71/><T1/><D49/><U30/><E30/><V63/><F63/><W0/><G88/><T46/><D89/><U103/><E76/><V67/><F67/><W101/><G101/><T9/><D93/><U78/><E78/><V38/><F38/><W111/><G111/><T115/><D92/><U18/><E91/><V122/><F104/><W60/><G60/><T113/><D40/><U53/><E107/><V44/><F109/><W134/><G134/><T42/><D42/><U106/><E106/><V94/><F68/><W132/><G132/><T41/><D41/><U84/><REACH who="1" step="1"/><E98/><REACH who="1" ten="410,255,0,325" step="2"/><V6/><F73/><W52/><G26/><T2/><D34/><U32/><E32/><V102/><F122/><W66/><G29/><T85/><D85/><U79/><AGARI ba="0,1" hai="10,15,18,47,50,53,79,80,81,82,84,97,103,105" machi="79" ten="20,2700,0" yaku="1,1,0,1,7,1,53,0" doraHai="35" doraHaiUra="108" who="1" fromWho="1" sc="410,-7,255,37,0,-7,325,-13" owari="403,51.0,292,-11.0,-7,-51.0,312,11.0" /></mjloggm>