<mjloggm ver="2.3"><GO type="97" lobby="0"/><UN n0="%E5%B0%B1%E6%B4%BB%E7%94%9F%40%E5%B7%9D%E6%9D%91%E8%BB%8D%E5%9B%A3" n1="%E6%90%BA%E5%B8%AF%E5%A4%89%E3%81%88%E3%81%9F%EF%BC%9F" n2="%55%4E%4B%4F%63%68%61%6E" n3="%70%64%6F%71" dan="15,15,16,14" rate="2074.51,2004.52,2051.25,1991.08" sx="M,M,M,M"/><TAIKYOKU oya="0"/><INIT seed="0,0,0,3,1,117" ten="250,250,250,250" oya="0" hai0="30,29,95,106,69,121,82,79,35,111,109,19,5" hai1="1,115,93,43,44,18,28,48,25,12,103,23,112" hai2="6,34,88,127,7,78,119,26,56,11,81,17,60" hai3="92,4,13,84,46,128,118,108,89,8,49,45,102"/><T94/><D106/><U101/><E1/><V100/><F119/><W31/><G118/><T85/><D69/><U59/><E59/><V87/><F127/><W105/><G105/><T120/><D5/><U104/><E104/><V16/><F100/><W114/><G102/><T124/><D124/><U126/><E126/><V37/><F37/><W132/><G114/><N who="1" m="43562" /><E93/><N who="0" m="35337" /><D19/><U67/><E67/><V129/><F129/><W125/><G125/><T61/><D61/><U91/><E91/><V3/><F7/><W36/><G128/><T77/><D35/><AGARI ba="0,0" hai="12,18,23,25,28,35,43,44,48,101,103" m="43562" machi="35" ten="30,1000,0" yaku="11,1" doraHai="117" who="1" fromWho="0" sc="250,-10,250,10,250,0,250,0" /><INIT seed="1,0,0,5,1,99" ten="240,260,250,250" oya="1" hai0="118,101,53,26,18,81,122,65,111,75,57,127,16" hai1="129,77,96,29,1,38,114,31,8,6,7,80,2" hai2="119,35,52,76,42,30,94,131,117,0,123,130,98" hai3="128,3,109,126,104,105,84,125,112,51,22,116,17"/><U69/><E114/><V55/><F0/><W34/><G112/><T115/><D118/><N who="2" m="45066" /><F123/><W11/><G34/><T40/><D122/><U92/><E129/><N who="2" m="49163" /><F42/><W63/><G128/><T88/><D40/><U71/><E38/><V58/><F76/><W23/><G116/><T50/><D111/><U66/><E66/><V70/><F70/><W93/><G109/><T49/><D75/><U32/><E31/><V46/><F46/><W9/><G3/><T14/><D127/><U60/><E60/><V25/><F58/><W41/><G63/><N who="0" m="38127" /><D26/><U110/><E110/><V59/><F59/><W45/><G104/><T103/><D115/><U56/><E56/><V54/><F54/><W135/><G105/><T27/><D27/><U15/><E29/><V108/><F108/><W13/><G126/><T33/><D33/><U87/><E32/><V83/><F83/><W24/><G125/><T19/><D14/><U74/><E15/><V106/><F106/><W102/><G135/><T121/><D121/><U10/><REACH who="1" step="1"/><E74/><REACH who="1" ten="240,250,250,250" step="2"/><V133/><F133/><W85/><G13/><T36/><D36/><U21/><E21/><V89/><AGARI ba="0,1" hai="25,30,35,52,55,89,94,98" m="49163,45066" machi="89" ten="30,2000,0" yaku="19,1,54,1" doraHai="99" who="2" fromWho="2" sc="240,-5,250,-10,250,30,250,-5" /><INIT seed="2,0,0,2,0,89" ten="235,240,280,245" oya="2" hai0="24,71,11,33,39,72,65,109,20,78,8,43,120" hai1="52,21,69,37,51,73,135,87,67,121,98,15,60" hai2="124,41,96,94,133,53,59,61,64,100,77,83,58" hai3="84,17,105,66,70,35,38,123,106,101,10,26,27"/><V79/><F124/><W68/><G17/><T7/><D120/><U112/><E73/><V75/><F133/><W99/><G84/><T125/><D125/><U31/><E112/><V103/><F77/><W116/><G26/><T88/><D33/><U74/><E74/><V32/><F32/><W13/><G13/><T16/><D109/><U115/><E115/><V132/><F132/><W118/><G123/><T108/><D108/><U49/><E135/><V81/><F81/><W55/><G55/><T86/><D71/><U82/><E37/><V4/><F41/><W47/><G10/><N who="0" m="3627" /><D39/><U40/><E98/><V9/><F100/><W102/><G66/><T117/><D72/><U107/><E107/><V122/><F122/><W131/><G102/><T110/><D110/><U129/><E40/><V48/><F9/><W119/><G105/><T44/><D78/><U114/><E51/><V90/><F103/><W6/><G6/><T19/><D7/><U63/><E114/><V113/><F4/><W127/><G131/><T29/><D65/><U92/><E67/><V22/><F22/><W56/><G56/><T76/><D76/><U134/><E21/><V80/><F113/><W128/><G128/><T54/><D43/><U104/><E129/><V42/><F42/><N who="3" m="22999" /><G127/><T34/><D34/><U5/><E121/><V46/><F80/><W2/><G2/><T93/><D117/><U111/><E82/><V1/><F1/><W0/><G0/><T18/><D29/><AGARI ba="0,0" hai="27,29,35,68,70,99,101,106,116,118,119" m="22999" machi="29" ten="30,1000,0" yaku="23,1" doraHai="89" who="3" fromWho="0" sc="235,-10,240,0,280,0,245,10" /><INIT seed="3,0,0,2,1,36" ten="225,240,280,255" oya="3" hai0="80,108,115,117,72,13,84,17,101,68,24,92,125" hai1="29,7,91,50,106,90,45,9,119,89,79,126,16" hai2="133,113,11,31,93,19,66,67,135,15,74,60,2" hai3="77,1,88,75,87,70,6,98,22,86,40,99,23"/><W37/><G70/><T32/><D117/><U78/><E106/><V10/><F74/><W46/><G86/><T18/><D68/><U54/><E126/><V97/><F31/><W21/><G88/><N who="1" m="22530" /><U44/><DORA hai="56" /><E119/><V0/><F113/><W65/><G87/><T49/><D125/><U95/><E29/><V57/><F66/><W110/><G65/><T28/><D72/><U118/><E118/><V51/><F51/><W81/><G110/><T35/><D108/><U114/><E95/><V132/><F10/><AGARI ba="0,0" hai="1,6,10,21,22,23,37,40,46,75,77,81,98,99" machi="10" ten="40,7700,0" yaku="25,2,52,1" doraHai="36,56" who="3" fromWho="2" sc="225,0,240,0,280,-77,255,77" owari="225,-17.0,240,4.0,203,-30.0,332,43.0" /></mjloggm>