<mjloggm ver="2.3"><GO type="169" lobby="0"/><UN n0="%6D%69%74%73%75%36%31%31" n1="%72%61%64%65%72" n2="%E3%81%B5%E3%81%8A%E3%82%93%E3%83%BB%E3%82%B6%E3%83%BB%E5%A4%96%E9%81%93" n3="%E3%82%A6%E3%83%AB%E3%83%88%E3%83%A9%E7%AB%8B%E7%9B%B4" dan="16,16,16,18" rate="2110.13,2092.41,2112.35,2186.49" sx="M,M,M,M"/><TAIKYOKU oya="0"/><INIT seed="0,0,0,4,2,94" ten="250,250,250,250" oya="0" hai0="52,30,46,36,5,62,93,125,123,121,53,60,76" hai1="89,50,111,101,39,132,21,11,61,23,65,13,129" hai2="82,7,124,32,75,69,34,105,54,70,80,48,92" hai3="26,83,2,58,14,8,57,10,85,106,35,43,3"/><T98/><D76/><U33/><E89/><V1/><F105/><W72/><G106/><T109/><D125/><U122/><E33/><V117/><F117/><W56/><G72/><T91/><D30/><U71/><E50/><V49/><F92/><W115/><G115/><T18/><D5/><U95/><E122/><V90/><F90/><W114/><G114/><T38/><D123/><U45/><E132/><V12/><F12/><W63/><G43/><T84/><D121/><U74/><E111/><V99/><F75/><W20/><G35/><T59/><D109/><U131/><E74/><V42/><F54/><W6/><G63/><T135/><D135/><U127/><E127/><V55/><F55/><W104/><G104/><T47/><D84/><U107/><E107/><V41/><F7/><W79/><REACH who="3" step="1"/><G10/><REACH who="3" ten="250,250,250,240" step="2"/><T128/><D128/><U97/><E131/><V9/><F9/><W17/><AGARI ba="0,1" hai="2,3,6,8,14,17,20,26,56,57,58,79,83,85" machi="17" ten="30,4000,0" yaku="1,1,2,1,0,1,53,0" doraHai="94" doraHaiUra="40" who="3" fromWho="3" sc="250,-20,250,-10,250,-10,240,50" /><INIT seed="1,0,0,4,2,124" ten="230,240,240,290" oya="1" hai0="55,28,119,63,102,31,96,14,94,5,87,7,79" hai1="69,53,127,131,71,76,9,107,3,70,73,132,8" hai2="23,88,38,39,37,30,21,32,4,58,113,60,64" hai3="12,62,135,68,6,125,123,97,49,43,1,129,120"/><U40/><E9/><V52/><F113/><W61/><G1/><T27/><D119/><U121/><E53/><V41/><F4/><W100/><G62/><T114/><D114/><U92/><E92/><V50/><F41/><W72/><G72/><T86/><D31/><U77/><E77/><V108/><F108/><W130/><G125/><T112/><D112/><U118/><E127/><V81/><F32/><W106/><G135/><T48/><D63/><U95/><E95/><V44/><REACH who="2" step="1"/><F30/><REACH who="2" ten="230,240,230,290" step="2"/><W54/><G43/><T91/><D7/><N who="1" m="1151" /><E40/><V65/><F65/><N who="3" m="41007" /><G6/><T16/><D5/><U34/><E34/><V133/><F133/><W105/><G123/><T66/><D66/><U117/><E121/><V78/><F78/><W2/><G120/><T45/><D79/><U99/><E132/><V59/><F59/><W67/><G67/><T25/><D28/><U11/><E118/><V89/><F89/><W26/><G2/><T33/><D33/><U13/><E117/><V22/><F22/><W104/><G12/><T29/><D29/><U101/><E13/><V111/><F111/><W110/><G110/><T83/><D87/><AGARI ba="0,1" hai="21,23,37,38,39,44,50,52,58,60,64,81,87,88" machi="87" ten="40,8000,1" yaku="1,1,54,2,53,1" doraHai="124" doraHaiUra="57" who="2" fromWho="0" sc="230,-80,240,0,230,90,290,0" /><INIT seed="2,0,0,1,2,2" ten="150,240,320,290" oya="2" hai0="57,69,1,84,34,47,100,104,12,26,74,105,24" hai1="79,108,98,54,128,94,93,4,5,18,56,8,112" hai2="35,121,88,110,83,113,16,118,44,67,28,96,73" hai3="124,82,58,119,55,65,89,6,9,80,36,123,99"/><V92/><F121/><W87/><G119/><T50/><D74/><U75/><E112/><V30/><F118/><W27/><G123/><T90/><D1/><U17/><E108/><V86/><F113/><W38/><G124/><T7/><D69/><U95/><E128/><V131/><F131/><W91/><G65/><T127/><D127/><U107/><E75/><V109/><F73/><W40/><G27/><T15/><D15/><N who="1" m="7399" /><E79/><V106/><F106/><W135/><G135/><T63/><D100/><U45/><E45/><V76/><F67/><W111/><G111/><N who="2" m="42505" /><F35/><W60/><G40/><T20/><D34/><U51/><E107/><V14/><F44/><W29/><G29/><T49/><D105/><U25/><E98/><V103/><F76/><W132/><G132/><T120/><D104/><U39/><E39/><V19/><F19/><W68/><G68/><T41/><D120/><U77/><E77/><V102/><F102/><W59/><G59/><T0/><D0/><U42/><E42/><V130/><F130/><W72/><G72/><T37/><D37/><U85/><E85/><V97/><F97/><W33/><G33/><T61/><D41/><U21/><AGARI ba="0,0" hai="4,5,18,21,25,51,54,56,93,94,95" m="7399" machi="21" ten="30,4000,0" yaku="8,1,52,2" doraHai="2" who="1" fromWho="1" sc="150,-10,240,40,320,-20,290,-10" /><INIT seed="3,0,0,4,0,120" ten="140,280,300,280" oya="3" hai0="16,119,114,50,63,134,75,101,40,77,78,89,103" hai1="33,39,130,23,64,12,6,60,30,41,97,1,0" hai2="76,125,88,58,74,29,54,10,68,25,2,5,11" hai3="70,38,67,115,98,8,3,131,48,87,49,102,85"/><W106/><G38/><T18/><D119/><U111/><E111/><V53/><F68/><W109/><G115/><T32/><D32/><U135/><E23/><V4/><F125/><W82/><G131/><T42/><D114/><U21/><E21/><V9/><F74/><W15/><G3/><T7/><D75/><U19/><E19/><V100/><F76/><W31/><G109/><T59/><D59/><N who="1" m="36895" /><E12/><V91/><F100/><W113/><G113/><T27/><D27/><U55/><E55/><V17/><F17/><W124/><G124/><T96/><D63/><U93/><E6/><V22/><F11/><W72/><G31/><T35/><D35/><U117/><E41/><V51/><REACH who="2" step="1"/><F54/><REACH who="2" ten="140,280,290,280" step="2"/><W86/><G70/><T105/><D7/><U84/><E117/><V47/><F47/><W73/><G67/><T133/><D105/><U45/><E45/><V56/><F56/><W116/><G116/><T92/><D89/><U104/><E30/><V24/><F24/><W28/><G28/><T128/><D128/><U52/><E52/><V121/><F121/><W80/><G72/><T62/><D18/><U36/><E130/><V61/><F61/><W20/><G73/><T129/><D62/><U108/><E33/><V127/><F127/><W122/><G122/><T118/><D129/><U79/><E79/><V44/><F44/><W123/><G123/><T46/><D118/><U66/><E66/><V43/><F43/><W95/><G20/><T26/><D42/><U65/><E65/><V90/><F90/><W71/><G71/><T57/><D40/><U107/><E108/><RYUUKYOKU ba="0,1" sc="140,-10,280,-10,290,30,280,-10" hai2="2,4,5,9,10,22,25,29,51,53,58,88,91" /><INIT seed="4,1,1,3,5,39" ten="130,270,320,270" oya="0" hai0="135,7,56,55,107,99,46,91,71,109,94,53,16" hai1="30,79,40,57,73,67,100,131,121,12,61,9,117" hai2="31,74,21,72,8,10,105,82,25,108,116,126,51" hai3="70,63,76,114,97,102,11,48,19,26,1,47,127"/><T110/><D71/><U124/><E117/><V3/><F105/><W49/><G127/><T84/><D7/><U129/><E124/><V85/><F116/><W17/><G114/><T80/><D135/><U113/><E100/><V18/><F126/><W0/><G76/><T122/><D122/><U78/><E73/><V81/><F81/><W5/><G1/><T115/><D107/><U86/><E86/><V132/><F132/><W93/><G48/><T59/><D115/><U54/><E113/><V33/><F108/><N who="0" m="41578" /><D46/><U20/><E121/><V62/><F62/><W66/><REACH who="3" step="1"/><G26/><REACH who="3" ten="130,270,320,260" step="2"/><T103/><D59/><U13/><E57/><V112/><F51/><W106/><G106/><T75/><D75/><U52/><E79/><V28/><F112/><W32/><G32/><T101/><D101/><U64/><E78/><V77/><F33/><W88/><G88/><N who="0" m="51207" /><D103/><U24/><E24/><N who="2" m="14391" /><F72/><W2/><G2/><T27/><D56/><U98/><E131/><V50/><F74/><W128/><G128/><T92/><D92/><U95/><E95/><V134/><F134/><W37/><G37/><T23/><AGARI ba="1,2" hai="16,23,27,53,55,91,94,99" m="51207,41578" machi="23" ten="30,6000,0" yaku="10,1,54,2" doraHai="39" who="0" fromWho="0" sc="130,83,270,-21,320,-21,260,-21" /><INIT seed="4,2,0,3,4,4" ten="213,249,299,239" oya="0" hai0="133,85,30,5,111,89,46,100,68,126,60,47,49" hai1="76,110,122,52,40,105,3,33,64,82,120,37,38" hai2="103,83,21,9,28,131,127,24,129,19,121,91,14" hai3="56,29,92,34,16,0,130,73,119,114,107,20,36"/><T96/><D126/><U61/><E52/><V74/><F121/><W26/><G107/><T70/><D133/><U78/><E78/><V90/><F103/><W104/><G104/><T102/><D111/><U75/><E105/><V108/><F108/><W97/><G119/><T51/><D5/><U53/><E53/><V27/><F127/><W134/><G134/><T79/><D79/><U32/><E3/><V106/><F106/><W125/><G125/><T45/><D30/><U84/><E84/><V99/><F99/><W65/><G36/><N who="1" m="13930" /><E40/><V18/><F74/><W80/><G0/><T54/><D96/><U10/><E10/><V81/><F81/><W41/><G41/><T55/><D47/><U11/><E11/><V31/><F31/><W25/><G80/><T17/><D17/><U117/><E117/><V109/><F109/><W128/><G73/><T50/><D50/><U22/><E22/><V57/><F57/><W88/><G56/><T39/><D39/><U7/><E7/><V118/><F118/><W12/><G65/><T77/><D77/><U48/><E48/><V8/><F83/><W123/><G123/><N who="1" m="47146" /><E110/><V67/><F67/><W132/><G132/><T116/><D116/><U1/><E1/><V63/><F63/><W15/><G26/><T95/><D68/><AGARI ba="2,0" hai="32,33,61,64,68,75,76,82" m="47146,13930" machi="68" ten="30,1000,0" yaku="23,1" doraHai="4" who="1" fromWho="0" sc="213,-16,249,16,299,0,239,0" /><INIT seed="5,0,0,4,0,130" ten="197,265,299,239" oya="1" hai0="17,14,87,90,112,133,128,2,73,70,122,27,117" hai1="105,9,74,111,134,24,21,16,4,8,36,124,54" hai2="83,23,46,101,71,68,66,80,26,115,59,1,35" hai3="31,103,102,127,30,38,131,32,94,22,72,18,118"/><U93/><E105/><V60/><F1/><W33/><G38/><T106/><RYUUKYOKU type="yao9" ba="0,0" sc="197,0,265,0,299,0,239,0" hai0="2,14,17,27,70,73,87,90,106,112,117,122,128,133" /><INIT seed="5,1,0,4,3,64" ten="197,265,299,239" oya="1" hai0="8,48,6,88,59,134,120,67,117,27,103,131,113" hai1="26,125,98,82,126,51,129,116,71,50,70,62,127" hai2="54,65,0,55,106,84,58,119,87,63,114,37,49" hai3="14,42,124,4,76,32,34,122,101,110,12,20,135"/><U18/><E116/><V16/><F0/><W83/><G122/><T25/><D117/><U102/><E82/><V29/><F106/><W105/><G110/><T132/><D120/><U94/><E62/><V128/><F29/><W80/><G80/><T3/><D103/><U41/><E129/><V75/><F75/><W31/><G124/><T123/><D123/><U36/><E36/><V77/><F37/><W24/><G135/><T72/><D72/><U109/><E109/><V23/><F119/><W69/><G69/><N who="1" m="26122" /><E41/><V2/><F2/><W121/><G121/><T39/><D39/><U112/><E112/><V57/><F114/><W96/><G42/><T78/><D78/><U90/><E90/><V13/><F77/><W81/><G81/><T74/><D74/><U11/><E11/><V66/><F128/><W93/><G93/><T115/><D131/><U68/><E68/><V73/><F73/><W5/><G83/><T33/><D115/><U91/><E91/><V108/><F108/><W9/><G76/><T47/><D113/><U17/><E17/><V99/><F99/><W44/><G44/><T46/><D46/><U56/><E56/><V133/><F66/><W21/><G21/><AGARI ba="1,0" hai="18,21,26,50,51,94,98,102,125,126,127" m="26122" machi="21" ten="40,12000,1" yaku="18,1,52,3" doraHai="64" who="1" fromWho="3" sc="197,0,265,123,299,0,239,-123" /><INIT seed="5,2,0,1,2,113" ten="197,388,299,116" oya="1" hai0="66,19,5,60,120,44,97,89,64,4,69,71,112" hai1="15,16,30,32,6,82,7,51,40,28,41,93,91" hai2="115,42,47,57,61,130,132,23,118,59,103,99,63" hai3="75,109,10,128,53,86,92,43,79,70,116,98,125"/><U85/><E32/><V27/><F115/><W49/><G70/><T45/><D112/><U122/><E122/><V106/><F132/><W65/><G109/><T110/><D110/><U52/><E93/><V1/><F1/><W80/><G65/><T102/><D89/><U72/><E72/><V124/><F118/><W94/><G125/><T18/><D120/><U50/><E50/><V101/><F101/><W25/><G128/><T3/><D3/><U81/><E81/><V88/><F88/><W14/><G43/><N who="1" m="16458" /><E30/><V133/><F130/><W58/><G25/><T34/><D34/><U8/><E28/><V129/><F129/><W55/><G116/><T12/><D12/><U73/><E73/><V77/><F77/><W26/><G26/><T33/><D33/><U117/><E117/><V31/><F124/><W96/><G75/><T123/><D123/><U105/><E105/><V131/><F131/><W56/><G96/><T76/><D76/><U84/><E84/><V11/><F133/><W48/><REACH who="3" step="1"/><G98/><REACH who="3" ten="197,388,299,106" step="2"/><T78/><D97/><U29/><E29/><N who="2" m="17663" /><F99/><W135/><G135/><T107/><D107/><U104/><E104/><V20/><F106/><W21/><G21/><T111/><D111/><U22/><E22/><V126/><F20/><W24/><G24/><T38/><D71/><U37/><E37/><V119/><F126/><W90/><G90/><T62/><D69/><U108/><E108/><V17/><F119/><W0/><G0/><T87/><D38/><U2/><E2/><V46/><F42/><W74/><G74/><T9/><D9/><U121/><E121/><RYUUKYOKU ba="2,1" sc="197,-15,388,15,299,-15,106,15" hai1="6,7,8,15,16,51,52,82,85,91" hai3="10,14,48,49,53,55,56,58,79,80,86,92,94" /><INIT seed="5,3,1,4,0,11" ten="182,403,284,121" oya="1" hai0="84,129,52,121,87,7,123,57,112,12,25,19,86" hai1="107,63,13,105,34,97,42,50,125,31,32,92,119" hai2="71,128,72,45,0,131,16,28,10,130,54,106,49" hai3="46,100,75,114,104,111,98,33,5,77,101,67,55"/><U18/><E119/><V124/><F71/><W88/><G111/><T93/><D112/><U132/><E132/><V48/><F106/><W56/><G33/><T81/><D7/><U94/><E31/><V89/><F124/><W64/><G114/><T122/><D25/><U22/><E63/><V21/><F72/><W30/><G30/><T96/><D129/><U29/><E94/><V85/><F28/><W1/><G100/><T14/><D19/><U127/><E32/><V6/><F48/><W76/><G46/><T51/><D81/><U82/><E82/><V113/><F113/><W74/><G5/><T120/><N who="0" m="30720" /><DORA hai="65" /><T69/><D69/><U109/><E109/><V35/><F35/><W83/><G1/><T62/><REACH who="0" step="1"/><D51/><REACH who="0" ten="172,403,284,121" step="2"/><U115/><E50/><V24/><F130/><W79/><G75/><T47/><D47/><U3/><E115/><V9/><F131/><W135/><G74/><T53/><D53/><U60/><E3/><V59/><F45/><W126/><G126/><N who="1" m="48138" /><E42/><V4/><F128/><W43/><G43/><T38/><D38/><U99/><E60/><V110/><F110/><W90/><G83/><T58/><D58/><U66/><E66/><V17/><F0/><W68/><G67/><T2/><D2/><U41/><E41/><V26/><F4/><W36/><G36/><T103/><AGARI ba="3,2" hai="12,14,52,57,62,84,86,87,93,96,103" m="30720" machi="103" ten="60,12000,2" yaku="1,1,0,1,13,1,52,2,54,1,53,1" doraHai="11,65" doraHaiUra="70,95" who="0" fromWho="0" sc="172,149,403,-63,284,-33,121,-33" /><INIT seed="6,0,0,2,2,67" ten="321,340,251,88" oya="2" hai0="40,80,104,116,49,63,45,61,127,118,108,132,70" hai1="21,113,32,28,4,76,87,34,131,11,100,24,51" hai2="56,22,64,25,7,101,88,105,102,109,1,81,39" hai3="5,74,3,84,72,103,82,13,134,106,23,62,71"/><V0/><F39/><W37/><G37/><T86/><D104/><U78/><E113/><V66/><F109/><W52/><G134/><T57/><D108/><U79/><E131/><V46/><F46/><W53/><G3/><T128/><D128/><U43/><E87/><V68/><F68/><W29/><G106/><T75/><D75/><U123/><E123/><V121/><F121/><W77/><G103/><T135/><D127/><U36/><E36/><V27/><F7/><W126/><G126/><T54/><D86/><U97/><E51/><V94/><F81/><W9/><G74/><T19/><D19/><U35/><E43/><V31/><F105/><W115/><G72/><T8/><D8/><U59/><E59/><V112/><F112/><W33/><G33/><T12/><D12/><U44/><E100/><V133/><F133/><N who="0" m="51274" /><D80/><U83/><E97/><V26/><F1/><W125/><G125/><T114/><D114/><U41/><E83/><V89/><F0/><W119/><G119/><N who="0" m="45611" /><D70/><U18/><E79/><V130/><F130/><W60/><G115/><T16/><D16/><U65/><E78/><V98/><F102/><W15/><G15/><T85/><D85/><U14/><E76/><V69/><F69/><W99/><G99/><T93/><D93/><U6/><E6/><V129/><F129/><W47/><G71/><T120/><D120/><U110/><E4/><V17/><F27/><W90/><G77/><T92/><D92/><U91/><E110/><V117/><F117/><W58/><G5/><T55/><D55/><U38/><E91/><N who="2" m="34891" /><F56/><W122/><G58/><RYUUKYOKU ba="0,0" sc="321,10,340,10,251,10,88,-30" hai0="40,45,49,54,57,61,63" hai1="11,14,18,21,24,28,32,34,35,38,41,44,65" hai2="17,22,25,26,31,64,66,94,98,101" /><INIT seed="6,1,0,4,4,133" ten="331,350,261,58" oya="2" hai0="84,92,80,109,96,98,7,135,134,64,130,73,128" hai1="94,76,83,18,5,88,58,123,100,53,103,26,118" hai2="52,124,99,120,102,104,131,77,116,47,8,71,12" hai3="13,38,75,19,115,36,114,32,20,41,4,16,110"/><V17/><F71/><W31/><G75/><T45/><D7/><U55/><E123/><V87/><F120/><W111/><G41/><T46/><D64/><U66/><E5/><V40/><F116/><W119/><G38/><T49/><D109/><N who="3" m="41481" /><G36/><T82/><D73/><U79/><E66/><V3/><F3/><W15/><G119/><T29/><D29/><U9/><E55/><V72/><F72/><W37/><G37/><T2/><D2/><U35/><E35/><V67/><F67/><W10/><G19/><T117/><D117/><U43/><E43/><V57/><F131/><N who="0" m="50218" /><D49/><N who="1" m="31023" /><E83/><N who="0" m="31785" /><D46/><U78/><E118/><V127/><F77/><W44/><G44/><T0/><D45/><U74/><E74/><V42/><F87/><W108/><N who="3" m="41489" /><W22/><DORA hai="112" /><G32/><T24/><D0/><U14/><E26/><AGARI ba="1,0" hai="4,10,13,15,16,20,22,26,31,114,115" m="41489" machi="26" ten="50,6400,0" yaku="34,2,54,1" doraHai="133,112" who="3" fromWho="1" sc="331,0,350,-67,261,0,58,67" /><INIT seed="7,0,0,2,0,89" ten="331,283,261,125" oya="3" hai0="103,85,44,22,91,98,96,127,53,76,38,83,11" hai1="113,81,82,64,59,43,60,28,120,128,63,93,97" hai2="36,14,27,92,35,99,130,90,125,129,47,66,116" hai3="57,12,134,106,42,5,123,101,15,62,25,55,13"/><W23/><G134/><T33/><D33/><U40/><E120/><V86/><F116/><W21/><G123/><T9/><D127/><U26/><E128/><N who="2" m="49259" /><F125/><W108/><G108/><T8/><D38/><U77/><E113/><V10/><F66/><W94/><G106/><T95/><D22/><N who="3" m="8201" /><G42/><T32/><D32/><U117/><E117/><V52/><F36/><W78/><G78/><T18/><D18/><U69/><E26/><V122/><F122/><W67/><G25/><T1/><D1/><U112/><E28/><V4/><F27/><W46/><G5/><T104/><D98/><U72/><E81/><V49/><F35/><W80/><G80/><T7/><D7/><U88/><E112/><V37/><F37/><W48/><G101/><T132/><D132/><U74/><E72/><V68/><F68/><W87/><G87/><AGARI ba="0,0" hai="4,10,14,47,49,52,86,87,90,92,99" m="49259" machi="87" ten="30,3900,0" yaku="19,1,52,1,54,1" doraHai="89" who="2" fromWho="3" sc="331,0,283,0,261,39,125,-39" owari="331,43.0,283,-12.0,300,10.0,86,-41.0" /></mjloggm>