<mjloggm ver="2.3"><GO type="97" lobby="0"/><UN n0="%6E%65%77%6A%61%63%6B" n1="%E5%B0%B1%E6%B4%BB%E7%94%9F%40%E5%B7%9D%E6%9D%91%E8%BB%8D%E5%9B%A3" n2="%48%75%6D%61%6E%69%61" n3="%61%6B%61%75%73%61%67%69" dan="13,14,15,14" rate="1914.10,2044.13,1950.32,1948.57" sx="M,M,M,M"/><TAIKYOKU oya="0"/><INIT seed="0,0,0,2,4,125" ten="250,250,250,250" oya="0" hai0="121,20,73,59,123,102,5,124,132,43,107,97,24" hai1="36,129,135,111,72,100,52,29,105,40,101,67,108" hai2="51,74,86,116,32,17,113,60,119,104,94,23,64" hai3="118,112,27,65,99,89,130,42,10,80,35,44,15"/><T1/><D124/><U14/><E72/><V33/><F104/><W34/><G118/><T2/><D132/><U106/><E67/><V49/><F74/><W38/><G112/><T13/><D73/><U87/><E135/><V18/><F18/><W56/><G27/><T95/><D43/><U91/><E29/><V3/><F3/><W0/><G0/><T9/><D107/><N who="1" m="40971" /><E40/><V48/><F86/><W39/><G39/><T31/><D2/><U69/><E36/><V82/><F82/><W117/><G117/><N who="2" m="45129" /><F94/><W79/><G130/><T7/><D7/><U98/><E69/><N who="2" m="42119" /><F113/><W133/><G133/><T6/><D6/><U57/><E129/><V76/><F76/><W109/><G79/><T55/><REACH who="0" step="1"/><D1/><REACH who="0" ten="240,250,250,250" step="2"/><U16/><E101/><V4/><F4/><W134/><G134/><T11/><D11/><N who="1" m="6239" /><E100/><V28/><F28/><W83/><G10/><T92/><D92/><U58/><E111/><V78/><F78/><W61/><G109/><T37/><D37/><U84/><E108/><V90/><F90/><W50/><G38/><T22/><D22/><U41/><E41/><V47/><F47/><W81/><G89/><T127/><D127/><U53/><E91/><V120/><F120/><W63/><G42/><T62/><AGARI ba="0,1" hai="5,9,13,20,24,31,55,59,62,95,97,102,121,123" machi="62" ten="20,7800,0" yaku="1,1,0,1,7,1,53,1" doraHai="125" doraHaiUra="96" who="0" fromWho="0" sc="240,88,250,-26,250,-26,250,-26" /><INIT seed="0,1,0,1,2,93" ten="328,224,224,224" oya="0" hai0="22,127,116,78,129,50,58,92,74,97,29,87,34" hai1="4,53,33,120,98,121,110,25,57,117,68,52,37" hai2="14,31,84,51,62,64,0,5,111,47,135,12,114" hai3="108,109,3,65,24,54,83,75,9,112,101,88,20"/><T17/><D116/><U39/><E4/><V113/><F31/><W85/><G112/><T102/><D74/><U59/><E33/><V86/><F0/><W80/><G101/><T115/><D115/><U119/><E25/><V90/><F86/><W125/><G65/><T132/><D132/><U89/><E89/><V91/><F91/><W69/><G69/><T124/><D129/><U105/><E105/><V95/><F111/><N who="3" m="42571" /><G125/><N who="0" m="48203" /><D34/><U6/><E6/><V118/><F118/><N who="1" m="45065" /><E98/><V106/><F106/><W45/><G3/><T15/><D29/><U123/><E68/><V13/><F5/><W16/><G9/><T103/><D103/><U10/><E10/><V134/><F114/><W94/><G75/><T41/><D78/><U19/><E19/><V128/><F128/><W7/><G7/><T8/><D87/><U2/><E2/><V35/><F35/><W21/><G21/><T38/><D22/><U43/><E43/><V79/><F113/><W72/><G72/><T71/><D71/><U23/><E23/><V81/><F134/><W40/><G54/><N who="1" m="21098" /><E110/><V30/><F90/><W44/><G44/><N who="0" m="23607" /><D58/><AGARI ba="1,0" hai="37,39,57,58,59,120,121,123" m="21098,45065" machi="58" ten="40,8000,1" yaku="28,2,34,2,54,1" doraHai="93" who="1" fromWho="0" sc="328,-83,224,83,224,0,224,0" /><INIT seed="1,0,0,0,4,59" ten="245,307,224,224" oya="1" hai0="9,128,2,4,92,90,86,105,102,124,91,1,78" hai1="60,110,55,88,50,83,23,133,35,109,58,114,19" hai2="126,51,0,57,33,25,15,98,32,89,117,94,70" hai3="73,24,17,79,31,106,99,76,74,127,101,134,66"/><U122/><E35/><V129/><F70/><W75/><G17/><T84/><D128/><U107/><E107/><V81/><F0/><W61/><G127/><T97/><D124/><U132/><E122/><V12/><F117/><W53/><G53/><T63/><D78/><U22/><E114/><V118/><F118/><W47/><G47/><T16/><D2/><U85/><E50/><V96/><F96/><W115/><G134/><N who="1" m="51818" /><E23/><V111/><F111/><W20/><REACH who="3" step="1"/><G115/><REACH who="3" ten="245,307,224,214" step="2"/><T123/><D123/><U37/><E37/><V11/><F126/><W48/><G48/><T26/><D63/><U125/><E125/><V45/><F51/><W13/><G13/><AGARI ba="0,1" hai="13,19,22,55,58,60,83,85,88,109,110" m="51818" machi="13" ten="30,5800,0" yaku="20,1,52,1,54,1" doraHai="59" who="1" fromWho="3" sc="245,0,307,68,224,0,214,-58" /><INIT seed="1,1,0,0,2,28" ten="245,375,224,156" oya="1" hai0="129,27,83,116,3,118,4,133,5,109,92,95,81" hai1="34,72,1,16,58,38,120,13,70,121,22,94,112" hai2="67,106,64,31,110,49,80,23,30,73,104,88,102" hai3="54,61,26,40,134,108,45,82,43,126,114,132,96"/><U90/><E70/><V25/><F110/><W117/><G82/><N who="0" m="31243" /><D27/><U122/><E72/><V37/><F37/><W78/><G78/><T101/><D101/><U91/><E38/><V127/><F127/><W2/><G2/><T19/><D19/><U119/><E119/><N who="0" m="45609" /><D109/><U111/><E111/><V33/><F73/><W6/><G117/><T60/><D60/><U11/><E112/><V12/><F49/><W41/><G114/><T56/><D56/><U84/><E34/><V57/><F57/><W20/><G108/><T47/><D47/><U53/><E91/><V36/><F36/><W55/><G6/><N who="0" m="2667" /><D3/><U89/><E89/><V44/><F44/><W50/><G126/><T105/><D105/><U123/><E123/><V62/><F62/><W113/><G113/><T103/><D103/><U107/><E107/><V128/><F102/><W79/><G61/><T17/><D17/><U32/><E32/><V59/><F33/><W69/><G69/><T115/><D115/><U65/><E65/><V48/><F67/><W100/><G79/><T35/><D35/><U74/><E74/><V51/><F64/><W97/><G100/><T0/><D0/><U75/><E75/><V29/><F104/><W87/><G45/><T85/><D85/><U130/><E130/><V71/><F106/><W14/><G87/><T18/><D18/><U39/><E39/><V86/><F86/><W125/><G125/><T76/><D76/><U99/><E1/><V42/><F128/><W7/><G26/><T98/><D98/><U8/><E99/><V9/><F71/><W131/><G97/><RYUUKYOKU ba="1,0" sc="245,-10,375,30,224,-10,156,-10" hai1="8,11,13,16,22,53,58,84,90,94,120,121,122" /><INIT seed="1,2,0,4,0,43" ten="235,405,214,146" oya="1" hai0="116,101,42,125,38,115,0,107,32,106,108,20,99" hai1="14,65,82,8,70,27,21,46,15,31,1,87,62" hai2="105,48,68,72,129,52,130,67,10,33,29,109,114" hai3="79,25,122,30,121,6,54,5,69,124,84,66,12"/><U85/><E1/><V35/><F105/><W53/><G124/><T135/><RYUUKYOKU type="yao9" ba="2,0" sc="235,0,405,0,214,0,146,0" hai0="0,20,32,38,42,99,101,106,107,108,115,116,125,135" /><INIT seed="1,3,0,4,3,55" ten="235,405,214,146" oya="1" hai0="66,117,18,119,129,122,9,124,98,134,95,0,5" hai1="128,7,118,13,86,61,97,114,69,71,106,64,74" hai2="59,94,37,68,56,109,116,34,54,45,21,65,83" hai3="107,4,78,67,72,36,90,104,49,87,44,27,19"/><U58/><E114/><V6/><F34/><W42/><G4/><T96/><D134/><U28/><E74/><V105/><F105/><W24/><G67/><T50/><D129/><U8/><E118/><V127/><F116/><W101/><G78/><T12/><D124/><U103/><E128/><V22/><F127/><W70/><G70/><T85/><D122/><U123/><E123/><V60/><F6/><W43/><G72/><T14/><D66/><U40/><E28/><V80/><F109/><W10/><G107/><T120/><D120/><U1/><E40/><V89/><F68/><W29/><G104/><T73/><D73/><U82/><REACH who="1" step="1"/><E1/><REACH who="1" ten="235,395,214,146" step="2"/><V81/><F37/><W115/><G36/><T76/><D0/><U133/><E133/><V52/><F45/><W46/><G46/><T25/><D119/><U77/><AGARI ba="3,1" hai="7,8,13,58,61,64,69,71,77,82,86,97,103,106" machi="77" ten="20,7800,0" yaku="1,1,0,1,7,1,52,1,53,0" doraHai="55" doraHaiUra="111" who="1" fromWho="1" sc="235,-29,395,97,214,-29,146,-29" /><INIT seed="1,4,0,5,2,44" ten="206,492,185,117" oya="1" hai0="110,38,73,89,108,37,47,86,109,57,10,129,112" hai1="121,4,77,71,133,16,26,9,90,120,72,88,113" hai2="111,17,118,49,87,69,59,130,104,131,100,102,55" hai3="12,27,84,3,106,79,1,95,53,46,91,70,30"/><U60/><E113/><V80/><F69/><W41/><G106/><T96/><D112/><U132/><E77/><V43/><F118/><W45/><G70/><T64/><D73/><U42/><E72/><V40/><F111/><W105/><G105/><T116/><D116/><U48/><E60/><V33/><F33/><W11/><G53/><T22/><D129/><N who="2" m="49162" /><F17/><W18/><G79/><T82/><D22/><N who="1" m="13639" /><E71/><V117/><F117/><W24/><G46/><T31/><D31/><U107/><E107/><V122/><F122/><W63/><G63/><N who="0" m="37999" /><D10/><U51/><E42/><N who="2" m="15915" /><F104/><W93/><G93/><N who="0" m="56367" /><D47/><U20/><E20/><V15/><F15/><W25/><REACH who="3" step="1"/><G30/><REACH who="3" ten="206,492,185,107" step="2"/><T5/><D38/><AGARI ba="4,1" hai="1,3,11,12,18,24,25,27,38,41,45,84,91,95" machi="38" ten="40,2600,0" yaku="1,1,2,1,53,0" doraHai="44" doraHaiUra="114" who="3" fromWho="0" sc="206,-38,492,0,185,0,107,48" /><INIT seed="2,0,0,3,0,35" ten="168,492,185,155" oya="2" hai0="65,71,6,77,33,104,70,18,56,89,48,58,83" hai1="123,37,10,30,28,115,11,119,69,46,130,14,4" hai2="32,12,68,42,27,0,7,103,79,91,52,36,20" hai3="97,99,41,19,72,16,47,50,23,1,74,25,94"/><V67/><F103/><W118/><G118/><T2/><D104/><U87/><E69/><V53/><F79/><W120/><G120/><T127/><D33/><U125/><E115/><V22/><F22/><W134/><G134/><T122/><D122/><U76/><E123/><V44/><F67/><W128/><G128/><T107/><D127/><U26/><E130/><V63/><F68/><W93/><G19/><T60/><D107/><U113/><E113/><V66/><F91/><W112/><G1/><T96/><D18/><U45/><E125/><V110/><F110/><W124/><G112/><T8/><D89/><U57/><E37/><V34/><F34/><W88/><REACH who="3" step="1"/><G124/><REACH who="3" ten="168,492,185,145" step="2"/><T100/><D100/><AGARI ba="0,1" hai="16,23,25,41,47,50,72,74,88,93,94,97,99,100" machi="100" ten="30,8000,1" yaku="1,1,2,1,7,1,54,2,53,0" doraHai="35" doraHaiUra="135" who="3" fromWho="0" sc="168,-80,492,0,185,0,145,90" /><INIT seed="3,0,0,0,4,62" ten="88,492,185,235" oya="3" hai0="51,57,6,0,135,76,29,116,60,59,21,22,70" hai1="123,102,92,104,98,8,95,32,14,13,49,127,1" hai2="129,100,18,39,91,46,88,61,125,132,131,2,69" hai3="56,86,28,82,55,67,3,24,122,30,23,64,77"/><W105/><G122/><T107/><D116/><U7/><E32/><V65/><F2/><W74/><G105/><T52/><D70/><U19/><E123/><V94/><F132/><W48/><G3/><T44/><D135/><U109/><E109/><V124/><F18/><W78/><REACH who="3" step="1"/><G30/><REACH who="3" ten="88,492,185,225" step="2"/><T37/><D107/><U43/><E1/><V128/><F128/><W17/><G17/><T66/><D37/><U101/><E127/><V85/><F131/><W84/><G84/><T80/><D29/><U106/><E106/><V119/><F129/><W87/><G87/><T93/><D93/><U71/><E104/><V11/><F94/><W58/><G58/><T120/><D120/><U26/><E95/><V9/><F85/><W117/><G117/><T110/><D110/><U33/><E92/><V15/><F39/><W54/><G54/><T118/><D118/><U121/><E19/><V16/><F16/><W79/><G79/><T5/><D6/><U47/><E7/><V113/><F119/><W10/><G10/><T38/><D38/><U12/><E8/><V90/><F11/><W4/><G4/><T75/><D5/><U35/><E71/><V112/><F9/><W81/><AGARI ba="0,1" hai="23,24,28,48,55,56,64,67,74,77,78,81,82,86" machi="81" ten="30,11700,0" yaku="1,1,0,1,52,2,53,0" doraHai="62" doraHaiUra="34" who="3" fromWho="3" sc="88,-39,492,-39,185,-39,225,127" /><INIT seed="3,1,0,5,3,15" ten="49,453,146,352" oya="3" hai0="3,50,1,63,79,108,68,42,117,119,83,2,21" hai1="78,96,123,62,4,134,53,66,76,85,75,57,59" hai2="95,115,28,40,20,74,34,116,54,10,58,131,18" hai3="84,72,88,33,64,69,92,26,101,45,29,127,43"/><W13/><G127/><T70/><D108/><U22/><E123/><V61/><F74/><W6/><G72/><T49/><D42/><U38/><E75/><V25/><F131/><W48/><G101/><T77/><D83/><U41/><E134/><V94/><F115/><W52/><G43/><T51/><D21/><U97/><E41/><V113/><F113/><W47/><G47/><T91/><D91/><U31/><E38/><V135/><F135/><W121/><G121/><T93/><D63/><N who="1" m="36271" /><E4/><V67/><F67/><W71/><REACH who="3" step="1"/><G64/><REACH who="3" ten="49,453,146,342" step="2"/><T89/><D89/><U36/><E36/><V46/><F40/><W5/><G5/><T8/><D8/><AGARI ba="1,1" hai="6,8,13,26,29,33,45,48,52,69,71,84,88,92" machi="8" ten="40,7700,0" yaku="1,1,54,2,53,0" doraHai="15" doraHaiUra="60" who="3" fromWho="0" sc="49,-80,453,0,146,0,342,90" owari="-31,-53.0,453,55.0,146,-25.0,432,23.0" /></mjloggm>