<mjloggm ver="2.3"><GO type="41" lobby="0"/><UN n0="%E5%B0%B1%E6%B4%BB%E7%94%9F%40%E5%B7%9D%E6%9D%91%E8%BB%8D%E5%9B%A3" n1="%E3%82%AE%E3%82%BF%E3%83%AA%E3%82%B9%E3%83%88" n2="%6E%41%44%33%33%33" n3="%E6%B7%B1%E5%B1%B1%E8%97%8D%E8%A1%A3" dan="16,14,13,15" rate="2070.58,1925.55,1905.36,2039.44" sx="M,M,M,F"/><TAIKYOKU oya="0"/><INIT seed="0,0,0,3,2,6" ten="250,250,250,250" oya="0" hai0="57,50,1,38,36,21,113,121,32,102,34,68,76" hai1="52,17,11,78,24,101,124,134,2,67,41,100,12" hai2="116,10,130,80,112,79,91,40,54,87,111,106,88" hai3="105,110,81,77,117,96,95,128,108,55,123,44,26"/><T120/><D68/><U104/><E124/><V118/><F40/><W115/><G115/><T27/><D1/><U48/><E41/><V98/><F112/><W22/><G117/><T16/><D113/><U19/><E78/><V51/><F111/><N who="3" m="42539" /><G128/><T35/><D76/><U63/><E134/><V85/><F130/><W109/><G105/><T15/><D102/><U72/><E72/><V103/><F10/><W86/><G123/><T13/><D38/><U20/><E104/><V82/><F51/><N who="3" m="29159" /><G109/><T97/><D97/><U133/><E133/><V84/><F54/><W107/><G107/><T25/><D36/><U28/><E2/><V119/><F79/><W64/><G64/><T18/><D57/><N who="1" m="37359" /><E28/><V93/><F91/><N who="3" m="55423" /><G26/><N who="0" m="9739" /><D50/><U70/><E70/><V73/><REACH who="2" step="1"/><F73/><REACH who="2" ten="250,250,240,250" step="2"/><W131/><G131/><T74/><D74/><U29/><E29/><V90/><F90/><W69/><G69/><T30/><D30/><U125/><E125/><V33/><F33/><W83/><G22/><AGARI ba="0,1" hai="13,15,16,18,21,22,32,34,35,120,121" m="9739" machi="22" ten="30,5800,0" yaku="34,2,54,1" doraHai="6" who="0" fromWho="3" sc="250,68,250,0,240,0,250,-58" /><INIT seed="0,1,0,1,2,32" ten="318,250,240,192" oya="0" hai0="16,100,72,47,8,77,116,61,10,58,35,76,128" hai1="130,20,129,88,117,49,13,53,135,126,33,90,37" hai2="110,94,109,67,81,104,84,133,120,115,70,60,119" hai3="118,23,57,12,125,79,95,123,54,4,51,28,124"/><T48/><D116/><U127/><E117/><V59/><F119/><W22/><G118/><RYUUKYOKU type="kaze4" ba="1,0" sc="318,0,250,0,240,0,192,0" /><INIT seed="0,2,0,0,2,42" ten="318,250,240,192" oya="0" hai0="99,117,134,75,9,112,79,122,20,93,104,71,74" hai1="8,25,22,23,30,125,58,15,32,68,41,129,76" hai2="102,119,59,6,56,62,39,100,124,51,110,67,115" hai3="57,91,60,19,111,66,105,98,28,16,27,13,29"/><T70/><D104/><U37/><E68/><V48/><F115/><W2/><G2/><T49/><D117/><U44/><E125/><V63/><F124/><W73/><G73/><T86/><D122/><U106/><E106/><V131/><F110/><W1/><G1/><T83/><D112/><U78/><E129/><V128/><F6/><W45/><G111/><T12/><D134/><U34/><E58/><V14/><F14/><W4/><G4/><T65/><D20/><U107/><E107/><V50/><F119/><W90/><G45/><T33/><D33/><U132/><E132/><V31/><F31/><W72/><G72/><T127/><D127/><U81/><E23/><V116/><F116/><W7/><G7/><T80/><D49/><U11/><E78/><V82/><F39/><W43/><G43/><T120/><D120/><U52/><E11/><V64/><F82/><W113/><G113/><T114/><D114/><U0/><E52/><N who="2" m="34055" /><F100/><W36/><G36/><T108/><D108/><U87/><E0/><V26/><F26/><W103/><G29/><T85/><D65/><U126/><E126/><V118/><F118/><W17/><REACH who="3" step="1"/><G13/><REACH who="3" ten="318,250,240,182" step="2"/><T54/><D75/><U133/><E133/><V18/><F18/><AGARI ba="2,1" hai="8,15,18,22,25,30,32,34,37,41,44,76,81,87" machi="18" ten="30,2000,0" yaku="7,1,52,1" doraHai="42" who="1" fromWho="2" sc="318,0,250,36,240,-26,182,0" /><INIT seed="1,0,0,2,3,23" ten="318,286,214,182" oya="1" hai0="98,106,31,128,131,117,1,62,133,30,6,10,22" hai1="102,126,80,94,89,127,40,18,101,12,78,96,53" hai2="129,33,132,95,21,68,57,8,69,25,5,54,27" hai3="73,124,44,92,111,49,64,36,134,108,109,88,120"/><U116/><E116/><V113/><F132/><W115/><G120/><T63/><D117/><U104/><E40/><V41/><F41/><W70/><G134/><T17/><D133/><U34/><E34/><V83/><F83/><W38/><G115/><T51/><D51/><U3/><E3/><V82/><F82/><W125/><G73/><T39/><D39/><N who="3" m="14889" /><G64/><T48/><D48/><U9/><E53/><V45/><F45/><W24/><G70/><T99/><D31/><U85/><REACH who="1" step="1"/><E102/><REACH who="1" ten="318,276,214,182" step="2"/><V130/><F33/><W67/><G67/><T123/><D123/><U122/><E122/><V11/><F54/><W91/><G124/><T114/><D114/><U87/><AGARI ba="0,1" hai="9,12,18,78,80,85,87,89,94,96,101,104,126,127" machi="87" ten="30,3000,0" yaku="1,1,0,1,53,0" doraHai="23" doraHaiUra="105" who="1" fromWho="1" sc="318,-10,276,40,214,-10,182,-10" /><INIT seed="1,1,0,3,1,19" ten="308,316,204,172" oya="1" hai0="21,47,29,74,4,99,76,12,22,59,123,17,73" hai1="87,58,132,118,72,64,86,65,91,38,53,78,131" hai2="117,46,31,133,16,106,108,135,77,52,82,125,88" hai3="5,83,48,67,100,89,129,49,23,27,111,79,60"/><U68/><E118/><V33/><F117/><W107/><G111/><T124/><D123/><U110/><E38/><V113/><F108/><W10/><G129/><T96/><D124/><U127/><E110/><V26/><F125/><W105/><G89/><T98/><D4/><U80/><E127/><V101/><F113/><W7/><G7/><T90/><D90/><U62/><E132/><V122/><F122/><W121/><G121/><T51/><D59/><U43/><E43/><V32/><F32/><W0/><G48/><T28/><D76/><U3/><E3/><V20/><F88/><W37/><G49/><T42/><REACH who="0" step="1"/><D22/><REACH who="0" ten="298,316,204,172" step="2"/><U119/><E119/><V94/><F135/><W103/><G100/><T13/><D13/><U25/><E25/><V84/><F133/><W134/><G103/><T36/><D36/><U1/><E1/><V45/><F33/><W128/><G37/><T69/><D69/><U57/><E68/><V41/><F101/><W126/><G134/><T39/><D39/><U24/><E24/><V93/><F77/><W75/><G126/><T95/><D95/><N who="1" m="54775" /><E131/><V115/><F26/><W15/><G15/><T55/><D55/><N who="1" m="34111" /><E72/><AGARI ba="1,1" hai="12,17,21,28,29,42,47,51,72,73,74,96,98,99" machi="72" ten="40,2600,0" yaku="1,1,52,1,53,0" doraHai="19" doraHaiUra="54" who="0" fromWho="1" sc="298,39,316,-29,204,0,172,0" /><INIT seed="2,0,0,4,1,120" ten="337,287,204,172" oya="2" hai0="101,43,22,30,53,48,49,67,39,60,114,50,113" hai1="54,125,45,88,20,126,134,119,35,84,85,87,24" hai2="23,44,69,40,82,72,106,118,89,123,36,59,5" hai3="21,65,108,55,86,94,32,104,61,58,93,98,34"/><V128/><F123/><W112/><G112/><T51/><D101/><U64/><E35/><V92/><F118/><W47/><G104/><T133/><D30/><U62/><E119/><V111/><F106/><W75/><G75/><T15/><D22/><U13/><E13/><V12/><F69/><W25/><G108/><T70/><D133/><U68/><E134/><V4/><F128/><W16/><G86/><T7/><D7/><U107/><E107/><V19/><F111/><W105/><G105/><T10/><D10/><U117/><E117/><V2/><F2/><W9/><G9/><T116/><D15/><U122/><E54/><V99/><REACH who="2" step="1"/><F59/><REACH who="2" ten="337,287,194,172" step="2"/><W42/><G65/><T91/><D116/><U131/><E131/><V18/><F18/><W135/><G135/><T71/><D71/><U37/><E122/><V26/><F26/><W102/><REACH who="3" step="1"/><G94/><REACH who="3" ten="337,287,194,162" step="2"/><T78/><D67/><U97/><E64/><V46/><F46/><W11/><G11/><T121/><D70/><U109/><E68/><V127/><F127/><W52/><G52/><T77/><D121/><U57/><E125/><V28/><F28/><W1/><G1/><T56/><D53/><U8/><E109/><V74/><F74/><W132/><G132/><T130/><D130/><U90/><E8/><V63/><F63/><W0/><G0/><T129/><D60/><U41/><E126/><V100/><F100/><W81/><G81/><T80/><D129/><U95/><E62/><V83/><F83/><W38/><AGARI ba="0,2" hai="16,21,25,32,34,38,42,47,55,58,61,93,98,102" machi="38" ten="20,12000,2" yaku="1,1,0,1,7,1,54,1,53,2" doraHai="120" doraHaiUra="29" who="3" fromWho="3" sc="337,-30,287,-30,194,-60,162,140" /><INIT seed="3,0,0,1,3,24" ten="307,257,134,302" oya="3" hai0="54,61,30,100,1,124,7,9,116,57,72,115,82" hai1="38,111,130,45,74,19,114,59,121,4,98,108,10" hai2="135,5,117,53,91,80,60,3,41,16,23,31,66" hai3="127,44,85,86,77,43,109,99,22,106,101,69,37"/><W103/><G127/><T55/><D116/><U84/><E114/><V2/><F117/><W34/><G34/><T129/><D115/><U105/><E121/><V83/><F41/><W13/><G69/><T8/><D124/><U52/><E74/><V12/><F135/><W36/><G109/><T17/><D129/><U92/><E105/><V29/><F53/><W47/><G103/><T125/><D125/><U87/><E19/><V0/><F5/><W112/><G112/><T123/><D123/><U107/><E107/><V131/><F131/><W95/><G95/><T35/><D100/><U64/><E64/><V120/><F120/><W68/><G68/><T21/><D9/><U76/><E38/><V96/><F96/><W110/><G110/><N who="1" m="42026" /><E45/><V42/><F42/><W46/><G36/><T104/><D104/><U67/><E67/><V88/><F83/><W39/><G39/><T28/><D35/><U56/><E76/><V89/><REACH who="2" step="1"/><F80/><REACH who="2" ten="307,257,124,302" step="2"/><W75/><G43/><T51/><D82/><U134/><E134/><V50/><F50/><W15/><G37/><T118/><D118/><U63/><E130/><V126/><F126/><W58/><G44/><T81/><D81/><U18/><E4/><V93/><F93/><W27/><G46/><T132/><D132/><U65/><E98/><V113/><F113/><W133/><G47/><T90/><D55/><U25/><E92/><V62/><F62/><W14/><G133/><T20/><D61/><U119/><E52/><V122/><F122/><W48/><G48/><T78/><D54/><U94/><E119/><V102/><F102/><RYUUKYOKU ba="0,1" sc="307,-10,257,-10,124,30,302,-10" hai2="0,2,3,12,16,23,29,31,60,66,88,89,91" /><INIT seed="4,1,1,5,0,50" ten="297,247,154,292" oya="0" hai0="25,101,120,79,8,104,44,74,126,56,134,23,55" hai1="48,12,106,26,46,111,92,115,43,38,1,81,124" hai2="88,28,118,53,9,73,18,121,6,87,108,97,20" hai3="123,10,67,51,100,113,99,16,37,128,68,19,90"/><T15/><D120/><U62/><E1/><V89/><F108/><W14/><G37/><T71/><D71/><U13/><E111/><V76/><F121/><W35/><G123/><T135/><D126/><U21/><E106/><V117/><F97/><W82/><G113/><T95/><D104/><U112/><E124/><V93/><F89/><W70/><G35/><T57/><D79/><U17/><E38/><V47/><F28/><W11/><G128/><T3/><D74/><U80/><E92/><V75/><F76/><W109/><G109/><T42/><D3/><U114/><E62/><V31/><F31/><W7/><G51/><T69/><D69/><U4/><E4/><V30/><F30/><W98/><G19/><T105/><D105/><U60/><REACH who="1" step="1"/><E60/><REACH who="1" ten="297,237,154,292" step="2"/><V5/><F5/><W59/><G7/><T34/><D95/><U0/><E0/><V102/><F6/><W125/><G125/><T122/><D122/><U107/><E107/><V66/><F93/><W22/><G100/><T96/><D101/><U103/><E103/><V65/><F102/><W119/><G99/><T110/><D110/><U86/><E86/><V2/><F87/><W127/><G98/><T129/><D96/><U63/><E63/><V83/><F75/><W58/><G127/><T94/><D94/><U77/><E77/><V39/><F73/><W40/><G82/><AGARI ba="1,2" hai="12,13,17,21,26,43,46,48,80,81,82,112,114,115" machi="82" ten="40,5200,0" yaku="1,1,15,1,11,1,53,0" doraHai="50" doraHaiUra="24" who="1" fromWho="3" sc="297,0,237,75,154,0,292,-55" /><INIT seed="5,0,0,4,4,28" ten="297,312,154,237" oya="1" hai0="88,44,7,113,129,57,60,25,75,45,18,3,110" hai1="125,107,104,132,106,40,59,50,69,29,36,13,101" hai2="47,65,70,72,71,76,4,2,117,21,115,94,61" hai3="5,24,56,114,22,103,121,15,66,16,19,38,81"/><U99/><E69/><V35/><F117/><W100/><G121/><T11/><D75/><U79/><E36/><V41/><F94/><W43/><G114/><T0/><D110/><U64/><E79/><V116/><F21/><W42/><G5/><T112/><D129/><U90/><E125/><V39/><F116/><W84/><G100/><T83/><D3/><U130/><E132/><V48/><F115/><N who="0" m="44106" /><D18/><U23/><E130/><V46/><F46/><W51/><G103/><T108/><D25/><U119/><E119/><V27/><F48/><W10/><G38/><T34/><D34/><U6/><E107/><V8/><F27/><W73/><G73/><T120/><D120/><U63/><E106/><V91/><F70/><W52/><G66/><N who="0" m="39183" /><D108/><U85/><E6/><V78/><F78/><AGARI ba="0,0" hai="10,15,16,19,22,24,42,43,51,52,56,78,81,84" machi="78" ten="30,7700,0" yaku="7,1,8,1,54,2" doraHai="28" who="3" fromWho="2" sc="297,0,312,0,154,-77,237,77" /><INIT seed="6,0,0,2,1,109" ten="297,312,77,314" oya="2" hai0="77,104,6,34,135,18,29,26,0,44,127,90,121" hai1="30,12,52,2,32,102,50,48,124,129,69,112,11" hai2="40,45,71,68,28,97,73,74,123,25,42,53,19" hai3="93,5,106,111,7,76,86,87,60,56,58,27,79"/><V133/><F123/><W105/><G111/><T94/><D104/><U23/><E69/><V22/><F133/><W98/><G27/><T119/><D121/><U43/><E124/><V101/><F71/><W89/><G106/><T4/><D119/><U64/><E64/><V54/><F68/><W3/><G105/><T14/><D127/><U96/><E2/><V49/><F40/><W1/><G1/><T8/><D135/><U122/><E122/><V61/><F61/><W63/><G3/><T132/><D77/><N who="3" m="29769" /><G60/><T110/><D110/><U21/><E32/><V47/><F28/><W67/><G56/><T99/><D132/><U107/><E129/><V78/><F78/><W37/><G37/><T35/><D35/><U81/><E81/><V62/><F62/><W72/><G72/><T55/><D0/><U131/><E131/><V91/><F91/><N who="3" m="55615" /><G86/><T66/><D66/><U130/><E130/><V38/><REACH who="2" step="1"/><F53/><REACH who="2" ten="297,312,67,314" step="2"/><W31/><G31/><T84/><D55/><U57/><E30/><V103/><F103/><W51/><G67/><T100/><D100/><U65/><E65/><V88/><F88/><W108/><G63/><T118/><D90/><U41/><E41/><V59/><F59/><W114/><G108/><T80/><D29/><U39/><E43/><V128/><F128/><W15/><G89/><T92/><D99/><U33/><E96/><V46/><F46/><W75/><G75/><T120/><D120/><U113/><E102/><V10/><F10/><W83/><G83/><T95/><D80/><U125/><E125/><V134/><F134/><W20/><G58/><RYUUKYOKU ba="0,1" sc="297,-10,312,-10,67,30,314,-10" hai2="19,22,25,38,42,45,47,49,54,73,74,97,101" /><INIT seed="6,1,1,5,1,21" ten="287,302,97,304" oya="2" hai0="87,126,109,95,15,119,64,38,42,12,115,66,107" hai1="26,47,7,93,62,127,73,37,19,102,131,55,121" hai2="27,74,101,78,8,120,44,3,31,94,20,30,111" hai3="89,123,40,85,98,84,70,50,113,91,52,67,0"/><V9/><F120/><W35/><G123/><T82/><D109/><U59/><E73/><V2/><F2/><W79/><G0/><T56/><D107/><U1/><E121/><V14/><F3/><W51/><G35/><T10/><D126/><U103/><E127/><V32/><F111/><W75/><G75/><T28/><D115/><U57/><E1/><V36/><F74/><W114/><G79/><T25/><D119/><U117/><E7/><V116/><F116/><W72/><G72/><T6/><D15/><U128/><E117/><V86/><F101/><W41/><G67/><T22/><D95/><U134/><E59/><V129/><F129/><N who="1" m="49737" /><E134/><V124/><F124/><W23/><G70/><T110/><D110/><U11/><E93/><V65/><F65/><W88/><G98/><T125/><D125/><U60/><E60/><V61/><F61/><W104/><G104/><T68/><D68/><U133/><E133/><V112/><F112/><N who="3" m="43115" /><G23/><T17/><D56/><U29/><E37/><V118/><F118/><W90/><N who="3" m="22528" /><DORA hai="45" /><W108/><G108/><T76/><D42/><N who="3" m="16489" /><G50/><T71/><D38/><U43/><E43/><V92/><F36/><W24/><G24/><T135/><D135/><U99/><E99/><V106/><F106/><W4/><G4/><T105/><D105/><U97/><E97/><V13/><F32/><W18/><G18/><T80/><D71/><U132/><E132/><V58/><F58/><AGARI ba="1,1" hai="51,52,58,84,85" m="16489,22528,43115" machi="58" ten="50,8000,1" yaku="15,1,11,1,52,1,54,2" doraHai="21,45" who="3" fromWho="2" sc="287,0,302,0,97,-83,304,93" /><INIT seed="7,0,0,5,5,8" ten="287,302,14,397" oya="3" hai0="126,17,69,119,14,113,109,106,128,40,20,73,38" hai1="131,85,76,52,30,7,24,6,53,118,117,25,28" hai2="83,122,124,66,4,47,58,105,134,10,43,67,61" hai3="132,98,88,46,16,0,97,127,74,56,71,55,42"/><W90/><G71/><T92/><RYUUKYOKU type="yao9" ba="0,0" sc="287,0,302,0,14,0,397,0" hai0="14,17,20,38,40,69,73,92,106,109,113,119,126,128" /><INIT seed="7,1,0,2,0,40" ten="287,302,14,397" oya="3" hai0="17,21,45,130,35,2,115,28,50,67,11,124,20" hai1="135,117,112,64,116,24,89,46,25,0,108,44,48" hai2="59,92,107,69,131,111,7,18,14,4,87,61,65" hai3="98,88,110,129,113,79,8,123,26,15,81,128,80"/><W29/><G123/><T32/><D124/><U5/><E108/><V51/><F111/><W84/><G110/><T97/><D130/><N who="3" m="50281" /><G98/><T133/><D133/><U54/><E135/><V134/><F131/><W101/><G101/><T99/><D115/><U109/><E109/><V83/><F134/><W9/><G113/><T16/><D67/><U68/><E112/><V119/><F119/><N who="1" m="45641" /><E89/><V114/><F114/><W77/><G15/><N who="0" m="7295" /><D32/><U23/><E0/><V58/><F107/><W91/><G91/><T66/><D35/><U106/><E106/><V49/><F69/><W125/><G125/><T78/><D2/><U104/><E104/><V100/><F100/><W1/><G1/><T56/><D78/><N who="3" m="29705" /><G80/><T63/><D28/><N who="1" m="17439" /><E5/><V122/><F122/><W74/><G74/><T62/><D62/><N who="1" m="39959" /><E25/><V57/><F7/><W33/><AGARI ba="1,0" hai="8,9,26,29,33,81,84,88" m="29705,50281" machi="33" ten="30,3000,0" yaku="19,1,54,1" doraHai="40" who="3" fromWho="3" sc="287,-11,302,-11,14,-11,397,33" owari="276,-12.0,291,9.0,3,-50.0,430,53.0" /></mjloggm>