<mjloggm ver="2.3"><GO type="41" lobby="0"/><UN n0="%7C%D0%B4%E3%82%9C%29%EF%BC%81" n1="%E3%83%88%E3%83%88%E3%83%AA%E5%85%88%E7%94%9F%31%39%E6%AD%B3" n2="%E5%AE%89%E5%BF%83%E9%99%A2%E3%81%95%E3%82%93" n3="%63%68%72%6F%75%73%61" dan="13,14,14,15" rate="1888.41,2045.45,2106.86,2047.85" sx="F,F,M,M"/><TAIKYOKU oya="0"/><INIT seed="0,0,0,2,1,42" ten="250,250,250,250" oya="0" hai0="81,85,57,100,88,113,47,127,41,92,71,51,66" hai1="121,110,120,90,22,95,34,32,13,116,2,52,27" hai2="96,91,15,83,56,117,124,45,73,119,69,39,30" hai3="74,6,80,105,59,126,50,25,19,77,101,46,61"/><T131/><D113/><U11/><E116/><N who="2" m="44619" /><F69/><W40/><G126/><T118/><D118/><U28/><E110/><V0/><F30/><W84/><G6/><T12/><D71/><U29/><E29/><V9/><F56/><W134/><G134/><T99/><D127/><U89/><E89/><V64/><F64/><W16/><G74/><T111/><D111/><U109/><E109/><V122/><F122/><W55/><REACH who="3" step="1"/><G25/><REACH who="3" ten="250,250,250,240" step="2"/><T102/><D131/><U43/><E27/><V63/><F124/><W106/><G106/><T10/><D66/><U60/><E121/><V38/><F73/><W36/><G36/><T35/><D35/><U112/><E34/><V98/><F39/><W94/><G94/><T54/><D100/><U104/><E95/><V14/><F38/><W78/><G78/><T53/><REACH who="0" step="1"/><D57/><REACH who="0" ten="240,250,250,240" step="2"/><U86/><E32/><V115/><F115/><W44/><G44/><T132/><D132/><U58/><E112/><V123/><F45/><W128/><G128/><T26/><D26/><U70/><E70/><V129/><F129/><W87/><G87/><T65/><D65/><U7/><E120/><V67/><F67/><W114/><G114/><T103/><D103/><U18/><E86/><V33/><F33/><W130/><G130/><T93/><D93/><U49/><E58/><V133/><F133/><W107/><G107/><T1/><D1/><U17/><E104/><V82/><F123/><W3/><G3/><T24/><D24/><U23/><E2/><V62/><F0/><W8/><G8/><T79/><D79/><U21/><E11/><V48/><F9/><RYUUKYOKU ba="0,2" sc="240,15,250,-15,250,-15,240,15" hai0="10,12,41,47,51,53,54,81,85,88,92,99,102" hai3="16,19,40,46,50,55,59,61,77,80,84,101,105" /><INIT seed="0,1,2,3,4,100" ten="255,235,235,255" oya="0" hai0="65,126,26,2,114,73,7,129,74,13,101,36,8" hai1="95,61,125,102,53,78,55,124,88,107,57,12,6" hai2="33,117,58,48,109,30,19,72,14,85,59,86,5" hai3="118,113,122,116,106,40,28,0,76,127,82,83,49"/><T130/><D114/><U16/><E6/><V39/><F109/><W79/><G0/><T24/><D36/><U15/><E15/><V54/><F72/><N who="0" m="27754" /><D126/><N who="1" m="48747" /><E78/><V45/><F5/><W50/><G40/><T128/><D65/><N who="1" m="39087" /><E102/><V29/><F117/><W60/><G60/><T32/><D101/><U11/><E107/><V89/><F86/><AGARI ba="1,2" hai="11,12,16,53,55,86,88,95" m="39087,48747" machi="86" ten="30,3900,0" yaku="18,1,54,2" doraHai="100" who="1" fromWho="2" sc="255,0,235,62,235,-42,255,0" /><INIT seed="1,0,0,5,0,23" ten="255,297,193,255" oya="1" hai0="69,59,133,112,92,1,45,20,81,109,61,41,31" hai1="10,6,82,121,124,104,49,47,95,129,17,14,88" hai2="28,114,32,118,103,65,64,3,67,97,53,131,91" hai3="30,46,70,39,37,29,15,16,120,44,11,94,52"/><U130/><E121/><V125/><F114/><W84/><G70/><T36/><D112/><U107/><E124/><V102/><F125/><W50/><G120/><T42/><D1/><U108/><E108/><V51/><F118/><W119/><G119/><T56/><D109/><U100/><E6/><V71/><F131/><N who="1" m="50185" /><E100/><V0/><F71/><W122/><G122/><T21/><D42/><N who="1" m="24823" /><E82/><V57/><F91/><N who="3" m="53607" /><G39/><T8/><D81/><U85/><AGARI ba="0,0" hai="10,14,17,85,88,95,104,107" m="24823,50185" machi="85" ten="30,3000,0" yaku="19,1,54,1" doraHai="23" who="1" fromWho="1" sc="255,-10,297,30,193,-10,255,-10" /><INIT seed="1,1,0,0,4,7" ten="245,327,183,245" oya="1" hai0="10,44,29,130,23,42,58,127,122,12,79,73,33" hai1="8,86,53,113,119,90,48,3,45,31,111,124,11" hai2="66,34,13,94,62,84,103,114,17,28,36,92,102" hai3="2,108,69,9,38,135,95,104,93,106,56,4,91"/><U40/><E113/><V32/><F114/><W21/><G108/><T65/><D33/><U129/><E119/><V20/><F36/><W27/><G69/><T71/><D71/><U15/><E124/><V97/><F28/><W61/><G38/><T126/><D130/><U105/><E105/><V125/><F125/><N who="0" m="47626" /><D79/><U132/><E129/><V112/><F112/><W14/><G2/><T51/><D73/><U22/><E132/><V46/><F46/><W55/><G135/><T100/><D100/><U107/><E107/><V110/><F110/><W41/><G41/><T49/><D122/><U64/><E111/><V116/><F116/><W131/><G131/><T83/><D83/><U16/><E3/><V115/><F115/><W25/><G25/><N who="0" m="16575" /><D65/><U59/><E64/><V0/><F0/><W35/><G95/><T123/><D123/><U81/><E31/><V117/><F117/><W67/><G67/><T19/><D58/><U121/><E121/><V60/><F60/><AGARI ba="1,0" hai="8,11,15,16,22,40,45,48,53,59,60,81,86,90" machi="60" ten="30,12000,1" yaku="7,1,8,1,52,2,54,1" doraHai="7" who="1" fromWho="2" sc="245,0,327,123,183,-123,245,0" /><INIT seed="1,2,0,3,0,125" ten="245,450,60,245" oya="1" hai0="91,88,98,130,25,44,0,21,103,34,45,118,3" hai1="126,58,38,82,31,110,56,18,113,112,127,109,75" hai2="13,7,33,122,123,90,55,100,69,70,26,92,35" hai3="66,104,11,19,32,96,132,76,51,73,60,5,107"/><U80/><E31/><V71/><F100/><W63/><G32/><T4/><D118/><U10/><E10/><V42/><F42/><W2/><G51/><T65/><D34/><U49/><E18/><V54/><F35/><W36/><G36/><T1/><D4/><U111/><E38/><V68/><N who="2" m="17408" /><DORA hai="134" /><V117/><F117/><W105/><G19/><T37/><D65/><U9/><E9/><V20/><F7/><W61/><G66/><T78/><D78/><N who="1" m="44127" /><E49/><V14/><F33/><W43/><G43/><T79/><D79/><U106/><E82/><V94/><F90/><W6/><G11/><T83/><D83/><U67/><E106/><V47/><F47/><W29/><G29/><T40/><D44/><U52/><E67/><V102/><F102/><W108/><G107/><T30/><D130/><U116/><E116/><V119/><F119/><W93/><G2/><T84/><REACH who="0" step="1"/><D84/><REACH who="0" ten="235,450,60,245" step="2"/><U120/><E58/><V74/><F74/><W95/><G73/><T124/><D124/><N who="1" m="47659" /><E120/><V77/><F77/><W121/><G76/><T131/><D131/><U27/><E27/><V89/><F123/><W133/><G121/><T86/><D86/><U129/><E129/><V128/><F128/><W85/><G85/><T99/><D99/><U57/><E57/><V87/><F122/><W135/><G96/><T15/><D15/><U39/><E39/><V115/><F87/><W81/><G135/><T16/><D16/><U101/><E56/><V12/><F14/><W50/><G133/><T53/><D53/><U97/><E52/><V28/><F55/><W72/><G132/><RYUUKYOKU ba="2,1" sc="235,15,450,15,60,-15,245,-15" hai0="0,1,3,21,25,30,37,40,45,88,91,98,103" hai1="97,101,109,110,111,112,113" /><INIT seed="1,3,1,3,2,90" ten="250,465,45,230" oya="1" hai0="94,3,102,128,71,42,10,124,78,7,121,24,92" hai1="66,132,68,80,6,83,53,111,65,119,104,59,60" hai2="129,77,8,91,19,31,45,62,20,41,67,130,49" hai3="38,113,37,58,74,36,127,28,134,72,34,44,73"/><U95/><E119/><V5/><F77/><W131/><G113/><T43/><D71/><U29/><E104/><V112/><F31/><W76/><G127/><T0/><D0/><U101/><E132/><V135/><F135/><W133/><G76/><T21/><D124/><U89/><E111/><V98/><F112/><W32/><G44/><T118/><D118/><U17/><E101/><V122/><F122/><W106/><G58/><T23/><D121/><U9/><E17/><V15/><F98/><W25/><G106/><T120/><D120/><U46/><E29/><V69/><REACH who="2" step="1"/><F91/><REACH who="2" ten="250,465,35,230" step="2"/><W87/><G134/><T103/><D78/><U26/><E89/><V107/><F107/><W64/><G133/><T108/><D108/><U109/><E109/><V57/><F57/><W110/><G110/><T30/><D128/><U105/><E105/><V39/><F39/><W13/><G131/><T55/><D102/><U52/><E59/><V96/><F96/><W97/><G97/><T4/><D103/><U61/><E68/><V22/><F22/><W84/><G34/><T79/><D79/><U114/><E114/><V18/><F18/><W47/><G36/><T116/><D21/><U48/><E6/><V81/><F81/><W117/><G37/><T16/><D116/><U35/><E80/><V27/><AGARI ba="3,2" hai="5,8,15,19,20,27,41,45,49,62,67,69,129,130" machi="27" ten="30,2000,0" yaku="1,1,0,1,53,0" doraHai="90" doraHaiUra="86" who="2" fromWho="2" sc="250,-8,465,-13,35,49,230,-8" /><INIT seed="2,0,0,3,2,73" ten="242,452,84,222" oya="2" hai0="118,16,29,27,78,108,96,2,23,113,77,98,14" hai1="62,127,117,4,17,94,66,87,86,70,34,93,85" hai2="120,110,125,49,19,106,76,42,95,26,10,1,33" hai3="112,68,18,71,37,103,20,57,32,6,81,28,105"/><V21/><F120/><W122/><G122/><T131/><D113/><U47/><E117/><V104/><F76/><N who="0" m="29290" /><D2/><U83/><E83/><V100/><F125/><W90/><G37/><T61/><D118/><U13/><E34/><V119/><F119/><W3/><G68/><T111/><D131/><U116/><E4/><V99/><F110/><N who="0" m="42026" /><D61/><U7/><E62/><V109/><F109/><W41/><G71/><T25/><D25/><U43/><E70/><V24/><F42/><W11/><G3/><T80/><D80/><U102/><E43/><V35/><F49/><W51/><G81/><T130/><D130/><U67/><E127/><V128/><F128/><W134/><G41/><T65/><D65/><U64/><E67/><V124/><F124/><W56/><G51/><T44/><D44/><U74/><E47/><V69/><F69/><W72/><G56/><T9/><AGARI ba="0,0" hai="9,14,16,23,27,29,96,98" m="42026,29290" machi="9" ten="30,8000,1" yaku="14,1,52,3,54,1" doraHai="73" who="0" fromWho="0" sc="242,80,452,-20,84,-40,222,-20" /><INIT seed="3,0,0,0,0,17" ten="322,432,44,202" oya="3" hai0="53,51,38,71,74,61,23,119,112,42,91,66,28" hai1="89,105,96,94,4,81,43,116,135,48,115,83,40" hai2="3,84,104,14,54,100,97,26,22,56,70,58,72" hai3="7,8,86,78,118,50,31,125,101,76,110,127,132"/><W46/><G118/><T124/><D74/><U120/><E115/><V80/><F3/><W67/><G67/><T85/><D119/><U25/><E120/><V47/><F70/><W114/><G114/><T75/><D75/><U49/><E116/><V73/><F47/><W88/><G132/><T35/><D35/><U108/><E108/><V121/><F14/><N who="3" m="5407" /><G101/><T77/><D77/><U12/><E105/><V27/><F121/><W11/><G11/><T62/><D112/><U57/><E12/><V129/><F129/><W126/><G31/><T5/><D5/><U109/><E4/><V15/><F15/><W44/><G110/><T37/><D61/><U13/><E13/><V69/><F69/><W106/><G106/><T1/><D1/><U133/><E109/><V113/><F113/><W64/><G64/><T29/><D124/><U32/><E32/><V0/><F0/><W93/><G44/><T19/><D29/><U20/><E135/><V24/><F22/><W134/><G134/><T117/><D28/><U18/><E133/><V2/><F2/><W82/><G93/><N who="0" m="54511" /><D117/><U131/><E131/><V87/><F58/><W10/><G10/><T39/><D23/><U63/><E40/><AGARI ba="0,0" hai="40,46,50,76,78,82,86,88,125,126,127" m="5407" machi="40" ten="30,2900,0" yaku="18,1,54,1" doraHai="17" who="3" fromWho="1" sc="322,0,432,-29,44,0,202,29" /><INIT seed="3,1,0,4,0,127" ten="322,403,44,231" oya="3" hai0="133,69,131,123,31,9,72,83,79,15,116,8,7" hai1="73,4,97,51,18,45,112,39,91,65,43,89,33" hai2="24,3,122,76,34,100,96,93,119,105,41,82,104" hai3="47,10,48,135,121,77,120,126,23,78,87,63,92"/><W125/><G135/><T60/><D116/><U37/><E112/><V49/><F3/><W110/><G63/><T54/><D123/><U16/><E73/><N who="2" m="43279" /><F34/><W86/><G10/><T64/><D133/><U5/><E33/><V103/><F24/><W11/><G11/><T109/><D109/><U22/><E39/><V84/><F49/><W0/><G0/><T29/><D131/><U62/><E37/><V40/><F41/><N who="3" m="24687" /><G110/><T38/><D38/><U134/><E134/><V46/><F46/><W36/><G36/><T114/><D114/><U6/><E97/><N who="2" m="61551" /><F40/><W66/><G66/><T88/><D54/><U95/><E95/><V50/><F50/><W118/><G118/><T98/><REACH who="0" step="1"/><D9/><REACH who="0" ten="312,403,44,231" step="2"/><U35/><E35/><V53/><F53/><W67/><G121/><T101/><D101/><U12/><REACH who="1" step="1"/><E18/><REACH who="1" ten="312,393,44,231" step="2"/><V59/><F122/><W2/><G120/><T26/><D26/><U17/><E17/><V57/><F119/><W13/><G126/><T74/><D74/><U80/><E80/><V90/><AGARI ba="1,2" hai="57,59,84,90,93,96,100,105" m="61551,43279" machi="90" ten="30,1100,0" yaku="24,1" doraHai="127" who="2" fromWho="2" sc="312,-4,393,-4,44,34,231,-6" /><INIT seed="4,0,0,0,5,114" ten="308,389,78,225" oya="0" hai0="82,93,120,83,115,55,132,34,17,22,109,21,88" hai1="43,79,98,9,46,117,8,99,78,61,107,68,1" hai2="67,59,80,64,39,87,57,19,131,6,104,30,13" hai3="7,119,125,129,47,84,52,91,4,20,94,90,44"/><T37/><D120/><U85/><E117/><V110/><F110/><W12/><G119/><T70/><D34/><U77/><E1/><V73/><F39/><W103/><G125/><T116/><D116/><U49/><E107/><V92/><F104/><W2/><G2/><T69/><D109/><U14/><E8/><V42/><F42/><W112/><G103/><T113/><D37/><U10/><E9/><V86/><F6/><W29/><G112/><N who="0" m="43083" /><D55/><U126/><E126/><V124/><F124/><W16/><G29/><T122/><D122/><U71/><E85/><V118/><F118/><W45/><G129/><T36/><D36/><U127/><E127/><V54/><F30/><W25/><G91/><T15/><D22/><U26/><E26/><V38/><F38/><W95/><G95/><T108/><D108/><U48/><E48/><N who="2" m="30919" /><F73/><W65/><G65/><T106/><D132/><U75/><E75/><V11/><F131/><W31/><REACH who="3" step="1"/><G52/><REACH who="3" ten="308,389,78,215" step="2"/><T133/><D106/><U123/><E123/><V100/><F100/><W50/><G50/><T72/><D133/><U130/><E130/><V134/><F134/><W81/><G81/><N who="0" m="30731" /><D72/><U28/><E49/><V121/><F121/><W63/><G63/><T27/><D15/><U97/><E61/><V111/><F111/><W35/><AGARI ba="0,1" hai="4,7,12,16,20,25,31,35,44,45,47,84,90,94" machi="35" ten="30,4000,0" yaku="1,1,0,1,54,1,53,0" doraHai="114" doraHaiUra="32" who="3" fromWho="3" sc="308,-20,389,-10,78,-10,215,50" /><INIT seed="5,0,0,2,1,16" ten="288,379,68,265" oya="1" hai0="130,79,0,80,34,69,111,15,75,48,40,5,43" hai1="4,46,7,109,93,59,66,135,72,106,88,99,65" hai2="32,56,61,100,54,81,124,3,37,29,28,132,74" hai3="134,60,49,25,20,122,118,33,76,22,92,98,30"/><U78/><E135/><V44/><F132/><W97/><G134/><T103/><D111/><U121/><E121/><V85/><F124/><W82/><G122/><T36/><D130/><U104/><E109/><V47/><F3/><W101/><G118/><T35/><D15/><U110/><E110/><V1/><F1/><W87/><G49/><T90/><D90/><U108/><E108/><V18/><F74/><W12/><G12/><T50/><D50/><U123/><E123/><V6/><F6/><W116/><G116/><T107/><D48/><U84/><E46/><N who="2" m="17451" /><F32/><W89/><REACH who="3" step="1"/><G60/><REACH who="3" ten="288,379,68,255" step="2"/><T129/><D0/><U73/><E4/><V62/><F37/><W64/><G64/><T113/><D5/><U94/><E66/><V55/><F62/><W112/><G112/><T45/><D36/><U119/><E65/><V77/><F55/><W38/><G38/><T125/><D43/><U10/><E119/><V24/><F100/><W31/><G31/><T131/><D113/><U117/><E117/><V51/><F61/><W14/><G14/><T27/><D40/><U114/><E114/><V63/><F63/><W105/><AGARI ba="0,1" hai="20,22,25,30,33,76,82,87,89,92,97,98,101,105" machi="105" ten="20,8000,1" yaku="1,1,0,1,7,1,52,2,53,0" doraHai="16" doraHaiUra="9" who="3" fromWho="3" sc="288,-20,379,-40,68,-20,255,90" /><INIT seed="6,0,0,3,3,9" ten="268,339,48,345" oya="2" hai0="75,21,85,102,47,84,31,4,66,64,39,100,134" hai1="81,78,119,52,10,6,94,51,121,30,124,67,37" hai2="132,108,14,41,97,125,92,58,46,13,133,135,96" hai3="34,126,57,123,8,88,109,2,104,25,74,72,70"/><V128/><F108/><W5/><G70/><T116/><D75/><U82/><E119/><V45/><F58/><W73/><G104/><T43/><D116/><U79/><E37/><V117/><F117/><W111/><G126/><T107/><D134/><U110/><E110/><V90/><F125/><W27/><G57/><T69/><D107/><U61/><E124/><V49/><F128/><W11/><G34/><T24/><D4/><U17/><E121/><V131/><F131/><W33/><G33/><T60/><D64/><U118/><E30/><V50/><REACH who="2" step="1"/><F96/><REACH who="2" ten="268,339,38,345" step="2"/><W12/><G111/><T35/><D69/><U63/><E118/><V71/><F71/><W68/><G68/><T7/><D47/><U20/><E67/><V86/><F86/><W48/><G109/><T18/><D84/><U55/><E63/><V36/><F36/><W62/><G62/><T129/><D85/><U114/><E61/><V113/><F113/><W120/><G74/><T28/><D129/><U98/><E114/><V32/><F32/><W16/><G73/><T40/><D39/><U1/><E51/><V87/><F87/><W95/><G72/><T93/><D35/><U103/><E81/><V54/><AGARI ba="0,1" hai="13,14,41,45,46,49,50,54,90,92,97,132,133,135" machi="54" ten="30,12000,1" yaku="1,1,0,1,20,1,52,2,53,0" doraHai="9" doraHaiUra="56" who="2" fromWho="2" sc="268,-40,339,-40,38,130,345,-40" /><INIT seed="6,1,0,3,5,87" ten="228,299,168,305" oya="2" hai0="90,30,46,57,31,84,51,81,50,35,104,23,101" hai1="27,18,8,103,124,4,61,133,38,45,75,10,71" hai2="37,121,0,94,122,70,16,14,58,48,116,67,120" hai3="7,114,85,65,12,132,66,118,73,6,60,1,42"/><V52/><F116/><W88/><G73/><T29/><D35/><U109/><E109/><V92/><F0/><W3/><G118/><T102/><D104/><U117/><E117/><V64/><F37/><W63/><G42/><T33/><D33/><U91/><E75/><V62/><REACH who="2" step="1"/><F67/><REACH who="2" ten="228,299,158,305" step="2"/><W39/><G39/><T69/><D30/><U24/><E38/><V134/><F134/><W99/><G132/><T131/><D31/><U76/><E133/><V126/><F126/><W49/><G1/><T40/><D29/><U78/><E124/><V54/><F54/><W100/><G3/><T83/><D131/><U95/><E4/><V15/><F15/><W22/><G12/><T123/><D123/><U5/><E5/><V47/><F47/><W32/><G6/><T77/><D46/><U96/><E45/><V21/><AGARI ba="1,1" hai="14,16,21,48,52,58,62,64,70,92,94,120,121,122" machi="21" ten="30,12000,1" yaku="1,1,0,1,54,2,53,1" doraHai="87" doraHaiUra="55" who="2" fromWho="2" sc="228,-41,299,-41,158,133,305,-41" /><INIT seed="6,2,0,5,4,37" ten="187,258,291,264" oya="2" hai0="125,50,108,48,42,131,3,119,134,35,75,99,36" hai1="132,21,135,32,5,55,60,101,70,52,98,72,96" hai2="66,123,9,18,118,88,31,82,107,45,12,17,38" hai3="33,73,51,44,92,19,41,61,67,100,40,90,110"/><V4/><F123/><W87/><G110/><T74/><D99/><U79/><E32/><V46/><F118/><W68/><G73/><T126/><D48/><U7/><E72/><V27/><F107/><W91/><G33/><T2/><D50/><U122/><E79/><V113/><F66/><W28/><G28/><T94/><D94/><U59/><E122/><V93/><F82/><W10/><G100/><T1/><D108/><U116/><E116/><V25/><F113/><W23/><G10/><T112/><D112/><U26/><E55/><V78/><F78/><W49/><G91/><T120/><D120/><U80/><E70/><V71/><F71/><W11/><G11/><T65/><D65/><U124/><E96/><V106/><F106/><W15/><REACH who="3" step="1"/><G51/><REACH who="3" ten="187,258,291,254" step="2"/><T111/><D111/><U69/><E101/><V77/><F38/><W95/><G95/><T133/><D35/><U62/><E80/><V24/><F31/><W76/><G76/><T85/><D119/><U56/><E21/><V83/><F77/><W104/><G104/><T29/><D29/><U57/><E132/><N who="0" m="50793" /><D74/><U54/><E135/><V130/><F83/><W105/><G105/><T81/><D75/><U129/><E5/><V89/><F89/><W84/><G84/><T115/><D115/><U0/><E7/><V97/><REACH who="2" step="1"/><F130/><REACH who="2" ten="187,258,281,254" step="2"/><W6/><G6/><T13/><D131/><U34/><E129/><V121/><F121/><W102/><G102/><T16/><D81/><U30/><E34/><V14/><F14/><W47/><G47/><AGARI ba="2,2" hai="4,9,12,17,18,24,25,27,45,46,47,88,93,97" machi="47" ten="40,12000,1" yaku="1,1,8,1,54,1,53,1" doraHai="37" doraHaiUra="8" who="2" fromWho="3" sc="187,0,258,0,281,146,254,-126" /><INIT seed="6,3,0,5,0,39" ten="187,258,427,128" oya="2" hai0="90,67,32,63,38,131,49,124,62,2,95,36,128" hai1="127,89,20,113,88,135,77,34,132,31,26,30,21" hai2="121,24,80,117,130,86,120,118,96,72,119,134,106" hai3="105,13,71,18,87,42,11,1,52,92,53,43,56"/><V57/><F57/><W84/><G105/><T133/><D2/><U6/><E113/><V74/><F24/><W29/><G71/><N who="0" m="42495" /><D32/><U27/><E127/><V28/><F28/><W60/><G1/><T7/><D7/><U69/><E69/><V15/><F15/><W45/><G29/><T107/><D107/><U3/><E34/><V22/><F22/><W111/><G111/><T104/><D104/><U68/><E68/><V93/><F106/><W73/><G73/><N who="2" m="28265" /><F130/><N who="0" m="49706" /><D124/><U98/><E3/><V19/><F19/><W65/><G65/><T46/><D62/><U54/><E6/><V44/><F44/><W76/><G76/><T5/><D5/><U122/><E77/><N who="2" m="46351" /><F134/><W4/><G4/><T0/><D0/><U50/><E132/><V100/><AGARI ba="3,0" hai="93,96,100,117,118,119,120,121" m="46351,28265" machi="100" ten="40,3900,0" yaku="34,2" doraHai="39" who="2" fromWho="2" sc="187,-16,258,-16,427,48,128,-16" /><INIT seed="6,4,0,4,1,53" ten="171,242,475,112" oya="2" hai0="69,126,44,34,2,63,86,83,110,17,92,37,18" hai1="41,50,71,111,114,19,68,135,121,73,39,105,61" hai2="89,26,124,45,14,23,57,0,82,115,66,117,123" hai3="80,88,94,60,30,113,72,47,13,64,16,59,76"/><V78/><F117/><W77/><G113/><T43/><D110/><U62/><E19/><V101/><F115/><W85/><G77/><T48/><D34/><U46/><E105/><V58/><F0/><W81/><G30/><T128/><D2/><U96/><E96/><V87/><F123/><W27/><G27/><T3/><D3/><U65/><E73/><V100/><F124/><W56/><G47/><T91/><D126/><U93/><E93/><V75/><F14/><W106/><G106/><T15/><D128/><U98/><E98/><V6/><F45/><W25/><G25/><T35/><D35/><U125/><E125/><V133/><F133/><W40/><G40/><T20/><D37/><U103/><E103/><V8/><F8/><W129/><G129/><T29/><D29/><U79/><E79/><V107/><F6/><W31/><G31/><T74/><D74/><U116/><E116/><V120/><F66/><W54/><G81/><T134/><D134/><U102/><E114/><V51/><F51/><W132/><G132/><T84/><D69/><U11/><E71/><V5/><F107/><W130/><G130/><T131/><D63/><U118/><E62/><V4/><F101/><W108/><G108/><T70/><D70/><U12/><E102/><V95/><F100/><W36/><G36/><T10/><D131/><U67/><E111/><V127/><F127/><W32/><G32/><T42/><D42/><U119/><E135/><V109/><F109/><W28/><G28/><T49/><D49/><U104/><E50/><V1/><F120/><W122/><G122/><RYUUKYOKU ba="4,0" sc="171,0,242,0,475,0,112,0" /><INIT seed="7,5,0,4,4,20" ten="171,242,475,112" oya="3" hai0="54,10,65,39,57,109,17,0,105,93,22,53,37" hai1="47,117,73,99,71,80,49,98,106,26,30,51,111" hai2="18,94,44,76,72,91,60,104,12,33,36,8,75" hai3="83,6,25,82,43,2,16,67,134,116,59,56,50"/><W13/><G116/><T4/><D105/><U96/><E111/><V110/><F104/><W32/><G134/><T15/><D109/><U52/><E71/><V35/><F60/><W133/><G133/><T81/><D65/><U70/><E70/><V55/><F55/><W1/><G1/><T68/><D68/><U122/><E122/><V119/><F119/><W85/><G2/><T74/><D53/><U42/><E117/><V9/><F9/><N who="3" m="4279" /><G32/><T115/><D115/><U87/><E73/><V103/><F75/><W123/><G123/><T23/><D23/><N who="1" m="15711" /><E106/><V48/><F72/><W88/><G67/><T79/><D93/><U41/><E51/><AGARI ba="5,0" hai="0,4,10,15,17,22,37,39,51,54,57,74,79,81" machi="51" ten="30,1000,0" yaku="7,1" doraHai="20" who="0" fromWho="1" sc="171,25,242,-25,475,0,112,0" owari="196,-20.0,217,2.0,475,57.0,112,-39.0" /></mjloggm>