<mjloggm ver="2.3"><GO type="41" lobby="0"/><UN n0="%E5%B0%B1%E6%B4%BB%E7%94%9F%40%E5%B7%9D%E6%9D%91%E8%BB%8D%E5%9B%A3" n1="%E3%82%B7%E3%83%B3%31%34%39%31" n2="%64%65%6E%64%6F%6B%6B%73" n3="%6D%61%6D%65%74%61%72%6F" dan="15,13,13,15" rate="1943.30,1937.26,1831.99,2019.19" sx="M,M,M,M"/><TAIKYOKU oya="0"/><INIT seed="0,0,0,5,0,61" ten="250,250,250,250" oya="0" hai0="20,79,51,58,6,36,94,54,92,45,130,90,34" hai1="31,44,96,5,135,71,108,63,133,107,84,39,4" hai2="78,106,115,19,73,114,103,123,22,111,52,65,17" hai3="62,55,81,47,125,68,120,37,95,80,132,42,13"/><T72/><D34/><U129/><E31/><V11/><F123/><W10/><G132/><N who="1" m="50762" /><E129/><V88/><F111/><W25/><G125/><T28/><D130/><U53/><E108/><V24/><F88/><W21/><G120/><T98/><D6/><N who="1" m="2667" /><E84/><V66/><F115/><W99/><G10/><T126/><D126/><U122/><E122/><V14/><F114/><W67/><G13/><T104/><D104/><U57/><E107/><V91/><F91/><W127/><G55/><T117/><D117/><U83/><E83/><V1/><F1/><W131/><G131/><T32/><D32/><U64/><E96/><V97/><REACH who="2" step="1"/><F52/><REACH who="2" ten="250,250,240,250" step="2"/><W85/><G127/><T82/><D92/><U119/><E119/><V89/><F89/><W118/><G118/><T26/><REACH who="0" step="1"/><D36/><REACH who="0" ten="240,250,240,250" step="2"/><U102/><E39/><V50/><F50/><W38/><G38/><T12/><D12/><U93/><E93/><V77/><F77/><W121/><G121/><T33/><D33/><U75/><E102/><V76/><F76/><W116/><G116/><T113/><D113/><U23/><E75/><V48/><F48/><W29/><G85/><T27/><D27/><U40/><E63/><V100/><F100/><AGARI ba="0,2" hai="21,25,29,37,42,47,62,67,68,80,81,95,99,100" machi="100" ten="30,2000,0" yaku="7,1,52,1" doraHai="61" who="3" fromWho="2" sc="240,0,250,0,240,-20,250,40" /><INIT seed="1,0,0,3,5,44" ten="240,250,220,290" oya="1" hai0="80,11,54,4,122,71,84,41,25,77,135,56,104" hai1="102,69,111,63,59,107,46,124,92,98,118,112,36" hai2="133,29,60,90,93,78,95,108,81,125,83,103,89" hai3="57,116,87,19,9,113,10,120,16,55,35,28,79"/><U22/><E118/><V12/><F133/><W99/><G120/><T2/><D122/><U30/><E112/><V97/><F125/><W105/><G113/><T73/><D135/><U20/><E124/><V33/><F108/><W42/><G116/><T62/><D104/><U3/><E3/><V126/><F126/><W34/><G34/><T13/><D71/><U114/><E114/><V14/><F60/><W129/><G129/><T40/><D2/><U110/><E69/><V66/><F66/><W47/><G28/><T21/><REACH who="0" step="1"/><D73/><REACH who="0" ten="230,250,220,290" step="2"/><U86/><E107/><V100/><F100/><W6/><G105/><T82/><D82/><U68/><E68/><V53/><F83/><W72/><G72/><T15/><D15/><U51/><E36/><V75/><F12/><W7/><G35/><T70/><D70/><U50/><E30/><AGARI ba="0,1" hai="4,11,13,21,25,30,40,41,54,56,62,77,80,84" machi="30" ten="30,7700,0" yaku="1,1,7,1,8,1,53,1" doraHai="44" doraHaiUra="49" who="0" fromWho="1" sc="230,87,250,-77,220,0,290,0" /><INIT seed="2,0,0,5,0,65" ten="317,173,220,290" oya="2" hai0="134,121,4,113,117,54,95,120,27,15,45,35,37" hai1="87,28,112,93,57,55,59,123,85,124,12,99,119" hai2="19,26,96,24,64,46,135,67,47,116,69,49,43" hai3="81,3,50,58,129,103,66,107,9,132,88,0,53"/><V60/><F116/><W7/><G132/><T91/><D113/><U14/><E119/><V105/><F135/><W18/><G129/><T68/><D117/><U114/><E123/><V40/><F64/><W8/><G107/><T75/><D75/><U102/><E124/><V71/><F71/><W74/><G103/><T22/><D134/><U100/><E28/><V108/><F108/><W128/><G128/><T61/><D35/><U79/><E79/><V1/><F1/><W51/><G66/><T110/><D110/><U62/><E100/><V5/><F5/><W36/><G36/><T83/><D83/><U17/><E14/><V90/><F19/><W133/><G133/><T131/><D131/><U42/><E42/><V39/><REACH who="2" step="1"/><F90/><REACH who="2" ten="317,173,210,290" step="2"/><W52/><G18/><T104/><D68/><U86/><REACH who="1" step="1"/><E59/><REACH who="1" ten="317,163,210,290" step="2"/><V94/><F94/><W31/><G0/><T122/><D95/><U125/><E125/><V6/><F6/><W48/><G3/><T109/><D4/><U32/><E32/><V130/><F130/><W44/><G7/><T82/><D121/><U20/><AGARI ba="0,2" hai="12,17,20,55,57,62,85,86,87,93,99,102,112,114" machi="20" ten="30,2000,0" yaku="1,1,0,1,53,0" doraHai="65" doraHaiUra="23" who="1" fromWho="1" sc="317,-5,163,40,210,-10,290,-5" /><INIT seed="3,0,0,2,1,54" ten="312,203,200,285" oya="3" hai0="80,52,61,122,59,14,76,5,36,66,24,109,26" hai1="28,45,29,69,132,44,55,6,118,115,102,15,84" hai2="47,119,11,93,83,2,98,65,53,1,81,46,68" hai3="25,43,105,30,71,131,74,63,87,117,23,116,35"/><W34/><G87/><N who="0" m="48519" /><D36/><U135/><E69/><V3/><F119/><W89/><G89/><T50/><D122/><U31/><E115/><V60/><F11/><W104/><G23/><T96/><D109/><U133/><E118/><V95/><F95/><W92/><G92/><T77/><D77/><U67/><E67/><V33/><F33/><N who="3" m="20687" /><G131/><T17/><D5/><U64/><E64/><V127/><F127/><W8/><G117/><T27/><D96/><U21/><E102/><V20/><F20/><W134/><G116/><T113/><D113/><U112/><E84/><V32/><F32/><N who="3" m="12331" /><G134/><T39/><D39/><U13/><E112/><V42/><F53/><W126/><G126/><T51/><D66/><U75/><E75/><V78/><F78/><W12/><G12/><N who="1" m="4682" /><E6/><V94/><F94/><W72/><G8/><AGARI ba="0,0" hai="8,14,17,24,26,27,50,51,52,59,61" m="48519" machi="8" ten="30,3900,0" yaku="8,1,52,1,54,1" doraHai="54" who="0" fromWho="3" sc="312,39,203,0,200,0,285,-39" /><INIT seed="4,0,0,0,0,37" ten="351,203,200,246" oya="0" hai0="42,73,107,118,28,47,61,29,101,102,111,60,30" hai1="117,124,105,22,51,25,4,128,3,67,53,36,134" hai2="64,122,75,77,21,109,92,45,96,127,19,1,17" hai3="43,99,9,123,0,12,130,27,87,86,24,69,90"/><T82/><D118/><U114/><E105/><V100/><F109/><W23/><G0/><T2/><D2/><U72/><E117/><V76/><F127/><W31/><G69/><T88/><D111/><U110/><E36/><V14/><F122/><W97/><G130/><T125/><D125/><U66/><E124/><V126/><F126/><W15/><G27/><T11/><D11/><N who="1" m="2463" /><E72/><V63/><F1/><W104/><G104/><T112/><D112/><U103/><E110/><V79/><F45/><W34/><G86/><N who="0" m="50263" /><D73/><U33/><E103/><N who="0" m="39433" /><D107/><U84/><E33/><V44/><F44/><W113/><G113/><T6/><D6/><U133/><E114/><V40/><F40/><W70/><G70/><T50/><AGARI ba="0,0" hai="28,29,30,42,47,50,60,61" m="39433,50263" machi="50" ten="30,6000,0" yaku="8,1,52,1,54,1" doraHai="37" who="0" fromWho="0" sc="351,60,203,-20,200,-20,246,-20" /><INIT seed="4,1,0,1,0,105" ten="411,183,180,226" oya="0" hai0="43,58,40,109,94,28,119,44,91,29,70,101,83" hai1="27,97,67,26,35,21,20,23,34,93,4,22,0" hai2="86,84,18,122,47,88,85,74,48,123,52,46,120" hai3="59,16,95,37,102,41,6,15,62,104,134,9,72"/><T75/><D70/><U132/><E67/><V113/><F113/><W125/><G125/><T116/><D101/><U129/><E93/><V128/><F128/><W115/><G115/><T63/><D109/><U96/><N who="1" m="5632" /><DORA hai="130" /><U56/><E56/><V126/><F126/><W79/><G104/><T3/><D3/><U106/><E106/><V100/><F100/><W73/><G134/><T12/><D12/><U90/><E90/><V7/><F18/><W39/><G79/><T36/><D43/><U51/><E51/><V19/><F19/><W98/><G6/><T8/><D8/><N who="1" m="2055" /><E97/><V121/><N who="2" m="31232" /><DORA hai="17" /><V1/><F74/><W112/><G112/><T92/><D92/><U25/><E96/><V133/><F133/><W13/><G13/><T124/><D124/><U76/><E76/><V68/><F68/><W111/><G111/><T55/><D29/><U82/><E82/><V10/><REACH who="2" step="1"/><F47/><REACH who="2" ten="411,183,170,226" step="2"/><W53/><REACH who="3" step="1"/><G39/><REACH who="3" ten="411,183,170,216" step="2"/><T45/><D36/><U11/><E132/><V80/><AGARI ba="1,2" hai="1,7,10,46,48,52,80,84,85,86,88" m="31232" machi="80" ten="60,8000,1" yaku="1,1,2,1,0,1,54,2,53,0" doraHai="105,130,17" doraHaiUra="31,38,65" who="2" fromWho="2" sc="411,-41,183,-21,170,103,216,-21" /><INIT seed="5,0,0,1,3,18" ten="370,162,273,195" oya="1" hai0="42,20,124,133,52,19,113,127,115,45,130,95,43" hai1="109,3,31,0,93,14,83,128,51,74,114,54,98" hai2="39,32,72,25,96,61,90,27,46,5,64,76,29" hai3="86,67,63,58,28,57,102,118,38,66,107,119,26"/><U120/><E120/><V56/><F5/><W129/><G38/><T99/><D130/><U112/><E128/><V40/><F25/><W87/><G129/><T79/><D79/><N who="1" m="44535" /><E109/><V71/><F72/><W48/><G48/><N who="0" m="28687" /><D133/><U103/><E31/><V60/><F76/><W116/><G58/><T13/><D43/><U55/><E14/><V22/><F96/><N who="3" m="61895" /><G66/><T106/><D42/><U15/><E15/><V101/><F101/><W78/><G78/><T77/><D77/><U100/><E51/><V1/><F1/><N who="1" m="585" /><E103/><V53/><REACH who="2" step="1"/><F90/><REACH who="2" ten="370,162,263,195" step="2"/><W49/><G49/><T123/><D123/><U80/><E80/><V30/><F30/><W23/><AGARI ba="0,1" hai="23,26,28,57,63,67,86,87,116,118,119" m="61895" machi="23" ten="30,2000,0" yaku="12,1,52,1" doraHai="18" who="3" fromWho="3" sc="370,-5,162,-10,263,-5,195,30" /><INIT seed="6,0,0,4,3,6" ten="365,152,258,225" oya="2" hai0="60,43,25,65,130,4,71,88,92,58,108,62,7" hai1="117,67,1,100,59,47,8,87,2,132,79,28,54" hai2="109,10,106,104,98,5,96,94,112,111,102,105,115" hai3="24,52,99,82,95,86,114,107,90,26,14,110,57"/><V91/><F5/><W76/><G114/><N who="2" m="43561" /><F10/><W35/><G110/><AGARI ba="0,0" hai="91,94,96,98,102,104,105,106,109,110,111" m="43561" machi="110" ten="30,11600,0" yaku="10,1,15,1,34,2" doraHai="6" who="2" fromWho="3" sc="365,0,152,0,258,116,225,-116" /><INIT seed="6,1,0,3,3,101" ten="365,152,374,109" oya="2" hai0="71,96,64,15,10,43,66,12,124,19,28,105,45" hai1="26,126,92,80,52,25,109,16,110,40,59,58,34" hai2="17,95,84,2,78,108,120,36,50,60,46,79,89" hai3="13,135,56,30,22,99,130,107,11,121,131,23,97"/><V31/><F120/><W102/><G121/><T85/><D124/><U128/><E40/><V75/><F108/><W65/><G135/><T53/><D28/><U103/><E80/><V93/><F2/><W88/><G65/><T7/><D53/><U94/><E126/><V35/><F36/><W111/><G56/><T100/><D71/><U132/><E103/><V113/><F113/><W91/><G111/><T57/><D57/><U98/><E59/><V27/><F60/><W55/><G55/><T5/><D85/><U63/><E94/><V69/><F69/><W82/><G30/><T47/><D47/><U61/><E61/><V72/><F95/><W116/><G116/><T8/><REACH who="0" step="1"/><D19/><REACH who="0" ten="355,152,374,109" step="2"/><U39/><E110/><V86/><F86/><W77/><G131/><T81/><D81/><U112/><E109/><V73/><REACH who="2" step="1"/><F17/><REACH who="2" ten="355,152,364,109" step="2"/><W37/><G130/><T76/><D76/><U62/><E128/><V67/><F67/><W21/><G37/><AGARI ba="1,2" hai="5,7,8,10,12,15,37,43,45,64,66,96,100,105" machi="37" ten="30,7700,0" yaku="1,1,7,1,9,1,52,1,53,0" doraHai="101" doraHaiUra="54" who="0" fromWho="3" sc="355,100,152,0,364,0,109,-80" /><INIT seed="7,0,0,5,0,11" ten="455,152,364,29" oya="3" hai0="10,72,129,24,126,77,99,53,33,133,106,65,124" hai1="120,6,109,127,105,82,122,89,132,43,111,75,121" hai2="12,5,83,1,54,52,46,47,114,104,29,64,50" hai3="8,25,35,58,119,125,3,102,88,22,92,134,31"/><W98/><G134/><T4/><D65/><U27/><E43/><V21/><F114/><W20/><G125/><T112/><D129/><U93/><E27/><V26/><F104/><W128/><G128/><T97/><D133/><U78/><E6/><V49/><F64/><W15/><G119/><T23/><D112/><U113/><E132/><V0/><F83/><W63/><G3/><T131/><D33/><U55/><E55/><V60/><F60/><W117/><G117/><T41/><D41/><U69/><E69/><V16/><F5/><W84/><G22/><T30/><D53/><U37/><E37/><V110/><F110/><N who="1" m="41993" /><E105/><V116/><F116/><W85/><G35/><T13/><D106/><U9/><E9/><V70/><F70/><W108/><G108/><T115/><D115/><U2/><E2/><V103/><F103/><W61/><G84/><T45/><D45/><U81/><E81/><V19/><F19/><N who="3" m="8679" /><G58/><T90/><D131/><U62/><E62/><V118/><F118/><W38/><G38/><T96/><D90/><U36/><E36/><V67/><F67/><W74/><G74/><T18/><D72/><U57/><E57/><V39/><F39/><W28/><G28/><T51/><D77/><U76/><E76/><V101/><F101/><W42/><G42/><T68/><D68/><U32/><E32/><V95/><F95/><AGARI ba="0,0" hai="20,25,31,61,63,85,88,92,95,98,102" m="8679" machi="95" ten="30,5800,0" yaku="8,1,52,1,54,1" doraHai="11" who="3" fromWho="2" sc="455,0,152,0,364,-58,29,58" /><INIT seed="7,1,0,5,5,127" ten="455,152,306,87" oya="3" hai0="122,124,109,51,12,64,23,134,126,3,5,100,77" hai1="106,93,72,88,85,82,31,86,22,62,97,80,19" hai2="129,116,60,68,28,34,33,69,91,95,4,13,35" hai3="9,76,113,15,117,20,27,7,39,132,10,26,87"/><W58/><G39/><T44/><D109/><U114/><E31/><V32/><F116/><W81/><G117/><T16/><D122/><U57/><E114/><V128/><N who="2" m="8704" /><DORA hai="79" /><V24/><F24/><W47/><G113/><T50/><D134/><U6/><E6/><V54/><F28/><W101/><G132/><T108/><D108/><U111/><E72/><V49/><F4/><W130/><G130/><N who="2" m="50281" /><F13/><W84/><G101/><T96/><D77/><U55/><E106/><V1/><F1/><W115/><G115/><T70/><D5/><U36/><E36/><V75/><F75/><W42/><G10/><T59/><D3/><U89/><E89/><V41/><F41/><W43/><G87/><N who="1" m="33290" /><E111/><V65/><F69/><W40/><G58/><T71/><D71/><U92/><E93/><V46/><F91/><W45/><REACH who="3" step="1"/><G26/><AGARI ba="1,0" hai="19,22,26,55,57,62,80,82,88,92,97" m="33290" machi="26" ten="30,8000,1" yaku="25,1,8,1,52,2,54,1" doraHai="127,79" who="1" fromWho="3" sc="455,0,152,83,306,0,87,-83" owari="455,55.0,235,-16.0,306,11.0,4,-50.0" /></mjloggm>