<mjloggm ver="2.3"><GO type="97" lobby="0"/><UN n0="%6D%69%6D%69%2D" n1="%79%61%75%74%74%69" n2="%74%6F%6E%6E%64%61%67%6F" n3="%E5%B0%B1%E6%B4%BB%E7%94%9F%40%E5%B7%9D%E6%9D%91%E8%BB%8D%E5%9B%A3" dan="13,13,14,14" rate="1847.24,1863.27,1939.88,1972.39" sx="M,M,F,M"/><TAIKYOKU oya="0"/><INIT seed="0,0,0,0,1,82" ten="250,250,250,250" oya="0" hai0="33,54,86,104,115,30,36,56,122,119,1,97,37" hai1="25,95,64,84,53,75,41,57,72,17,14,114,49" hai2="24,62,93,16,43,89,73,106,7,20,48,134,91" hai3="34,26,78,65,18,35,83,108,127,31,111,10,39"/><T66/><D1/><U103/><E114/><V120/><F106/><W27/><G39/><T126/><D122/><U19/><E64/><V117/><F73/><W21/><G65/><T105/><D119/><U87/><E41/><V12/><F134/><W13/><G127/><T2/><D115/><U92/><E75/><V112/><F120/><W68/><G68/><T70/><D2/><U94/><E72/><V51/><F117/><W22/><G83/><T69/><D126/><U131/><E131/><V107/><F107/><W80/><G80/><T88/><D69/><U90/><E87/><N who="2" m="52415" /><F112/><W130/><G78/><T101/><D105/><U110/><E110/><N who="3" m="42026" /><G130/><T8/><D8/><N who="1" m="6343" /><E103/><V100/><F100/><W61/><G61/><N who="0" m="40271" /><D54/><U102/><E102/><V29/><F62/><W129/><G129/><T132/><D56/><U79/><E79/><V71/><F71/><W45/><G45/><T32/><D32/><U124/><E124/><V77/><F77/><W128/><G128/><T74/><D74/><U11/><E11/><N who="2" m="4223" /><F43/><W5/><AGARI ba="0,0" hai="5,10,13,18,21,22,26,27,31,34,35" m="42026" machi="5" ten="30,4000,0" yaku="14,1,34,2" doraHai="82" who="3" fromWho="3" sc="250,-20,250,-10,250,-10,250,40" /><INIT seed="1,0,0,4,4,128" ten="230,240,240,290" oya="1" hai0="42,59,43,57,114,64,0,107,111,82,3,34,67" hai1="51,100,4,125,79,116,112,69,50,95,1,46,108" hai2="101,104,119,49,71,89,87,115,36,27,29,81,123" hai3="61,54,77,60,52,18,75,98,55,33,5,92,134"/><U56/><E112/><V94/><F115/><W97/><G33/><T15/><D107/><U80/><E116/><V86/><F36/><W58/><G134/><T96/><D34/><U129/><E129/><V32/><F123/><W93/><G75/><T66/><D114/><U35/><E35/><V109/><F109/><W121/><G121/><T37/><D37/><U38/><E108/><V105/><F71/><W28/><G28/><T39/><D39/><U31/><E31/><V6/><F119/><W10/><G77/><T122/><D122/><U30/><E30/><V84/><F101/><W83/><G83/><T12/><D111/><U26/><E26/><V106/><F6/><W91/><G18/><T19/><D82/><U78/><E69/><V120/><F120/><W44/><G44/><T53/><D96/><U40/><E125/><V16/><F49/><W118/><G61/><T126/><D126/><U135/><E135/><V124/><F124/><W47/><G47/><T110/><D110/><U8/><E56/><N who="0" m="21577" /><D53/><U68/><E68/><V131/><F131/><W65/><G118/><T73/><D73/><N who="1" m="43087" /><E79/><V20/><REACH who="2" step="1"/><F81/><REACH who="2" ten="230,240,230,290" step="2"/><W62/><G62/><T127/><D127/><U90/><E100/><V48/><F48/><W24/><G60/><T21/><D67/><U88/><E90/><V117/><F117/><W22/><G65/><T113/><D66/><U9/><E9/><V45/><F45/><W133/><G58/><T70/><D113/><U74/><E74/><V17/><F17/><N who="3" m="12367" /><G133/><T99/><D70/><U23/><E23/><V11/><F11/><W7/><G10/><RYUUKYOKU ba="0,1" sc="230,-30,240,10,230,10,290,10" hai1="1,4,8,38,40,46,50,51,88,95" hai2="16,20,27,29,32,84,86,87,89,94,104,105,106" hai3="5,7,52,54,55,91,92,93,97,98" /><INIT seed="1,1,1,1,5,19" ten="200,250,240,300" oya="1" hai0="99,53,135,42,65,16,70,105,132,33,27,106,80" hai1="85,133,8,81,119,41,78,54,35,110,108,71,66" hai2="10,47,109,89,9,46,115,60,116,92,125,30,87" hai3="95,104,93,6,100,127,84,4,5,63,25,91,83"/><U90/><E119/><V52/><F116/><W23/><G127/><T114/><D114/><U13/><E35/><V43/><F109/><N who="1" m="42089" /><E133/><N who="0" m="51273" /><D42/><U2/><E2/><V113/><F125/><W128/><G128/><T131/><D131/><U24/><E41/><V107/><F107/><W31/><G104/><T58/><D80/><U123/><E123/><V67/><F30/><W73/><G73/><T120/><D120/><U37/><E37/><V98/><F115/><W39/><G39/><T74/><D74/><U129/><E129/><V96/><F113/><W34/><G100/><T126/><D126/><U64/><E71/><V94/><F87/><W7/><N who="3" m="1536" /><DORA hai="130" /><W69/><REACH who="3" step="1"/><G34/><REACH who="3" ten="200,250,240,290" step="2"/><T72/><D72/><N who="1" m="43207" /><E24/><V32/><F32/><W124/><G124/><T112/><D33/><U82/><E54/><V22/><F52/><W57/><G57/><T75/><D112/><U102/><E102/><V36/><F36/><W48/><G48/><T121/><D121/><U1/><E1/><V21/><F47/><W97/><G97/><T38/><D99/><U118/><E118/><V88/><F46/><W18/><G18/><AGARI ba="1,2" hai="8,13,18,64,66,82,85,90" m="43207,42089" machi="18" ten="30,2900,0" yaku="14,1,10,1" doraHai="19,130" who="1" fromWho="3" sc="200,0,250,52,240,0,290,-32" /><INIT seed="1,2,0,1,2,57" ten="200,302,240,258" oya="1" hai0="89,81,65,5,53,107,24,41,95,75,0,6,85" hai1="114,36,15,1,74,48,47,122,63,99,17,124,18" hai2="43,19,61,73,102,11,83,70,121,52,96,132,94" hai3="64,91,23,31,135,77,133,14,117,37,49,130,92"/><U115/><E1/><V51/><F121/><W56/><G37/><T35/><D65/><U78/><E74/><V111/><F111/><W29/><G117/><T103/><D41/><U113/><E78/><V109/><F109/><W67/><G77/><T3/><D75/><U108/><E108/><V100/><F132/><N who="3" m="50763" /><G130/><T8/><D53/><U88/><E122/><V104/><F43/><W72/><G72/><T30/><D107/><U79/><E79/><V90/><F73/><W119/><G119/><T27/><D27/><U55/><E124/><V50/><F83/><W101/><G101/><N who="2" m="39017" /><F70/><W86/><G49/><T9/><D103/><U116/><E116/><V129/><BYE who="1" /><F129/><W39/><G39/><T76/><REACH who="0" step="1"/><D95/><REACH who="0" ten="190,302,240,258" step="2"/><U62/><E62/><V40/><F40/><UN n1="%79%61%75%74%74%69" /><W10/><G67/><T93/><D93/><U87/><E99/><V7/><F104/><W125/><G125/><T16/><D16/><U128/><E63/><V98/><F98/><W126/><G126/><T106/><D106/><U134/><E36/><V123/><F123/><W60/><G23/><T22/><D22/><U42/><E128/><V25/><F25/><W82/><G92/><T26/><D26/><U32/><E32/><V112/><F112/><W4/><AGARI ba="2,1" hai="4,10,14,29,31,56,60,64,82,86,91" m="50763" machi="4" ten="30,2000,0" yaku="20,1,52,1" doraHai="57" who="3" fromWho="3" sc="190,-7,302,-12,240,-7,258,36" /><INIT seed="2,0,0,0,3,11" ten="183,290,233,294" oya="2" hai0="77,129,37,30,4,44,87,72,22,39,106,88,50" hai1="92,51,45,15,113,27,91,94,110,46,103,81,114" hai2="7,32,119,89,105,104,34,66,57,120,14,18,9" hai3="101,112,93,70,125,134,10,123,38,75,8,80,83"/><V131/><F120/><W76/><G70/><T35/><D35/><U58/><E110/><V69/><F69/><W133/><G38/><T98/><D129/><U33/><E33/><V82/><F119/><W130/><G123/><T64/><D64/><U132/><E132/><N who="3" m="50794" /><G130/><T96/><D4/><U127/><E127/><V23/><F32/><W109/><G109/><T26/><D106/><U52/><E113/><V2/><F131/><W62/><G125/><T84/><D72/><U12/><E27/><V126/><F126/><W71/><G83/><N who="0" m="47215" /><D39/><U21/><E114/><V17/><F34/><W24/><G24/><T28/><D28/><U86/><E21/><V108/><F108/><W135/><G112/><T19/><D30/><U54/><E46/><V102/><F102/><W16/><G16/><N who="0" m="12615" /><D37/><U3/><E3/><V107/><F18/><W124/><G124/><T48/><D19/><U95/><E103/><V79/><F89/><W41/><G41/><N who="0" m="24591" /><D50/><AGARI ba="0,0" hai="12,15,45,50,51,52,54,58,81,86,91,92,94,95" machi="50" ten="40,8000,1" yaku="8,1,52,2,54,1" doraHai="11" who="1" fromWho="0" sc="183,-80,290,80,233,0,294,0" /><INIT seed="3,0,0,5,5,80" ten="103,370,233,294" oya="3" hai0="93,85,131,134,59,88,109,111,124,13,77,20,33" hai1="39,46,14,51,52,119,123,127,26,36,47,67,130" hai2="7,105,34,37,55,6,86,58,41,38,90,61,91" hai3="1,35,60,65,102,49,21,50,118,32,43,63,76"/><W100/><G1/><T84/><D33/><U126/><E26/><V132/><F34/><W11/><G118/><T135/><D59/><U74/><E74/><V89/><F105/><W103/><G35/><T112/><D13/><U121/><E14/><V99/><F132/><N who="0" m="50730" /><D20/><U128/><E119/><V96/><F38/><N who="1" m="14377" /><E67/><V125/><F125/><N who="1" m="47625" /><E46/><V108/><F108/><N who="0" m="41546" /><D124/><U24/><E24/><V104/><F104/><W45/><G32/><T29/><D29/><U78/><E78/><V71/><F71/><W79/><G11/><T31/><D31/><U62/><E62/><V107/><F107/><W42/><G21/><T28/><D28/><U12/><E12/><V9/><F41/><W113/><G113/><T115/><D131/><AGARI ba="0,0" hai="47,51,52,121,123,128,130,131" m="47625,14377" machi="131" ten="40,8000,1" yaku="19,1,18,1,34,2,54,1" doraHai="80" who="1" fromWho="0" sc="103,-80,370,80,233,0,294,0" owari="23,-48.0,450,56.0,233,-17.0,294,9.0" /></mjloggm>