<mjloggm ver="2.3"><GO type="169" lobby="0"/><UN n0="%E6%9D%BE%E5%B1%8B%E3%81%8A%E3%81%98%E3%81%95%E3%82%93" n1="%E3%81%B1%E3%82%93%E3%81%9E%E3%81%86" n2="%E3%82%A6%E3%83%AB%E3%83%88%E3%83%A9%E7%AB%8B%E7%9B%B4" n3="%E3%81%91%E3%81%84%E3%81%99%E3%81%91%EF%BC%A0%EF%BC%AB%EF%BC%B5" dan="18,16,17,16" rate="2190.15,2081.99,2121.78,2058.86" sx="M,M,M,M"/><TAIKYOKU oya="0"/><INIT seed="0,0,0,3,3,58" ten="250,250,250,250" oya="0" hai0="15,42,3,24,18,105,124,38,11,6,56,32,36" hai1="0,91,35,117,60,96,118,128,63,133,27,19,55" hai2="65,87,120,46,110,98,74,83,40,108,41,73,86" hai3="29,47,9,43,106,5,25,33,112,48,127,76,12"/><T52/><D124/><U62/><E133/><V23/><F98/><W70/><G106/><T71/><D71/><U44/><E0/><V7/><F7/><W111/><G70/><T57/><D105/><U37/><E128/><V14/><F65/><W113/><G111/><N who="2" m="42537" /><F87/><W13/><G127/><T72/><D72/><N who="2" m="27754" /><F46/><W132/><G132/><T125/><D57/><U85/><E37/><V102/><F102/><W17/><REACH who="3" step="1"/><G76/><REACH who="3" ten="250,250,250,240" step="2"/><T89/><D125/><U122/><E117/><V99/><F120/><W126/><G126/><T2/><D2/><U81/><E118/><V88/><F99/><W114/><G114/><T10/><D42/><U8/><E122/><V64/><F41/><W115/><G115/><T54/><D3/><U66/><E96/><V26/><F40/><W121/><G121/><T130/><D130/><U79/><E79/><V4/><F4/><W135/><G135/><T50/><D6/><U103/><E103/><V94/><F83/><W84/><G84/><T78/><D78/><U101/><E101/><V68/><F68/><W80/><G80/><T49/><D89/><U109/><E109/><V92/><F86/><W93/><G93/><T82/><D82/><U51/><E81/><V129/><F94/><W75/><G75/><T119/><D119/><U104/><E104/><V95/><F92/><W67/><G67/><T28/><D54/><U116/><E116/><V16/><F64/><W1/><G1/><T131/><D52/><U20/><E66/><V45/><F129/><W100/><G100/><T30/><D131/><U77/><E55/><V134/><F134/><RYUUKYOKU ba="0,1" sc="250,-10,250,-10,250,-10,240,30" hai3="5,9,12,13,17,25,29,33,43,47,48,112,113" /><INIT seed="1,1,1,1,5,17" ten="240,240,240,270" oya="1" hai0="107,106,46,72,5,135,111,8,71,39,43,117,79" hai1="9,103,104,123,126,55,68,100,4,73,18,41,30" hai2="129,7,24,16,48,59,45,28,87,114,27,3,70" hai3="25,80,44,0,12,31,60,6,13,2,11,58,93"/><U115/><E115/><V32/><F70/><W98/><G80/><N who="0" m="45159" /><D117/><U50/><E68/><V33/><F114/><W19/><G44/><T53/><D135/><U90/><E73/><V1/><F7/><W121/><G121/><T89/><D89/><U133/><E30/><V120/><F120/><W57/><G0/><N who="0" m="39" /><D111/><U23/><E133/><V62/><F129/><W78/><G78/><T119/><D119/><U92/><E41/><V14/><F87/><W108/><G108/><T99/><D53/><U38/><E38/><V86/><F86/><W54/><G19/><T88/><D71/><U125/><E104/><V81/><F81/><W128/><G58/><T85/><D99/><U96/><E123/><V52/><F27/><W94/><G128/><T77/><D77/><U113/><E113/><V15/><F33/><W134/><G134/><T10/><D10/><U112/><E112/><V127/><F127/><N who="1" m="48649" /><E9/><V26/><F26/><W22/><G94/><AGARI ba="1,1" hai="39,43,46,85,88,94,106,107" m="39,45159" machi="94" ten="30,2000,0" yaku="25,1,54,1" doraHai="17" who="0" fromWho="3" sc="240,33,240,0,240,0,270,-23" /><INIT seed="2,0,0,2,1,20" ten="273,240,240,247" oya="2" hai0="100,105,50,102,76,3,52,10,109,131,0,60,125" hai1="59,75,19,70,61,108,29,1,58,21,112,118,27" hai2="104,41,38,130,72,53,28,97,31,123,110,113,6" hai3="83,47,4,65,14,26,57,84,12,35,114,23,119"/><V82/><F123/><W17/><G119/><T92/><D109/><U129/><E108/><V107/><F113/><W54/><G114/><T49/><D125/><U18/><E118/><V132/><F110/><W103/><G103/><T79/><D92/><U93/><E75/><V133/><F6/><W99/><G99/><T120/><D60/><U8/><E129/><V45/><F53/><W46/><G35/><T106/><D10/><U91/><E70/><V98/><F130/><W122/><G122/><T116/><D116/><U48/><E112/><V134/><F98/><W124/><G124/><T36/><D131/><U34/><E48/><V63/><F63/><N who="3" m="36279" /><G65/><T55/><REACH who="0" step="1"/><D120/><REACH who="0" ten="263,240,240,247" step="2"/><U24/><E61/><V67/><F67/><W13/><G4/><T101/><D101/><U127/><E127/><V62/><F62/><W68/><G68/><T25/><D25/><U64/><E64/><V96/><F96/><W135/><G135/><T39/><AGARI ba="0,1" hai="0,3,36,39,49,50,52,55,76,79,100,102,105,106" machi="39" ten="25,12000,2" yaku="1,1,0,1,22,2,54,1,53,2" doraHai="20" doraHaiUra="73" who="0" fromWho="0" sc="263,130,240,-30,240,-60,247,-30" /><INIT seed="3,0,0,3,3,98" ten="393,210,180,217" oya="3" hai0="89,119,85,66,60,11,135,106,41,103,4,25,27" hai1="15,88,87,80,115,110,40,95,56,19,125,121,12" hai2="52,28,112,73,75,10,22,37,82,63,69,59,53" hai3="133,109,84,100,83,16,33,113,55,72,123,38,130"/><W131/><G123/><T58/><D119/><U42/><E110/><V79/><F112/><W57/><G113/><T94/><D135/><U104/><E125/><V93/><F37/><W21/><G33/><T20/><D41/><U65/><E104/><V78/><F69/><W127/><G38/><T13/><D106/><U36/><E36/><V17/><F28/><W46/><G46/><T54/><D103/><U45/><E121/><V62/><F10/><W105/><G72/><T122/><D122/><U76/><E115/><V86/><F93/><W51/><G133/><T134/><D134/><U48/><E40/><V102/><F102/><W0/><G0/><T50/><REACH who="0" step="1"/><D20/><REACH who="0" ten="383,210,180,217" step="2"/><U34/><E34/><V71/><F22/><W43/><G43/><T118/><D118/><U47/><E47/><AGARI ba="0,1" hai="4,11,13,25,27,47,50,54,58,60,66,85,89,94" machi="47" ten="30,3900,0" yaku="1,1,7,1,8,1,53,0" doraHai="98" doraHaiUra="18" who="0" fromWho="1" sc="383,49,210,-39,180,0,217,0" /><INIT seed="4,0,0,4,5,29" ten="432,171,180,217" oya="0" hai0="5,58,87,60,62,64,131,34,94,120,67,114,43" hai1="107,2,41,81,104,18,51,122,22,68,99,11,27" hai2="82,50,97,88,96,33,116,128,31,20,36,16,25" hai3="135,63,35,113,126,102,57,7,24,112,19,77,91"/><T30/><D120/><U9/><E122/><V85/><F36/><W119/><G119/><T100/><D114/><N who="3" m="44137" /><G7/><T74/><D74/><U37/><E68/><V103/><F116/><W59/><G126/><T90/><D131/><U86/><E37/><V46/><F103/><W12/><G135/><T133/><D43/><U23/><E2/><V98/><F128/><W40/><G102/><T49/><D49/><U13/><E107/><V17/><REACH who="2" step="1"/><F20/><REACH who="2" ten="432,171,170,217" step="2"/><W130/><G130/><T73/><D100/><U106/><E106/><V44/><F44/><W52/><G77/><T54/><D133/><U105/><E104/><V89/><F89/><W6/><G91/><T45/><D90/><N who="1" m="51535" /><E105/><V121/><F121/><W72/><G72/><T71/><D45/><N who="1" m="26031" /><E99/><V117/><F117/><W66/><G40/><AGARI ba="0,1" hai="16,17,25,31,33,40,46,50,82,85,88,96,97,98" machi="40" ten="40,8000,1" yaku="1,1,52,1,54,2,53,0" doraHai="29" doraHaiUra="75" who="2" fromWho="3" sc="432,0,171,0,170,90,217,-80" /><INIT seed="5,0,0,4,1,71" ten="432,171,260,137" oya="1" hai0="53,41,84,69,127,43,116,117,101,90,94,28,44" hai1="81,52,125,12,99,19,97,121,38,111,85,77,21" hai2="104,4,25,9,6,48,133,95,20,47,105,55,70" hai3="2,87,34,61,106,59,57,102,135,45,79,16,131"/><U8/><E121/><V1/><F70/><W73/><G34/><T29/><D127/><U62/><E38/><V13/><F133/><W78/><G2/><T40/><D69/><U0/><E125/><V56/><F95/><W63/><G73/><T67/><D67/><U93/><E111/><V10/><F56/><W27/><G135/><T22/><D101/><U118/><E118/><V26/><F26/><W66/><G131/><T65/><D65/><U130/><E130/><V35/><F35/><W37/><G106/><T72/><D72/><U17/><E0/><V42/><F55/><N who="3" m="33983" /><G37/><T5/><D5/><U54/><E62/><V108/><F108/><W122/><G122/><T33/><D33/><U68/><E68/><V7/><F7/><W32/><G32/><T96/><D96/><U115/><E115/><V91/><F91/><W23/><G102/><T76/><D76/><N who="3" m="29225" /><G87/><T112/><D84/><U3/><E3/><V50/><F48/><W39/><G39/><T100/><D90/><N who="1" m="55479" /><E99/><V49/><F50/><W75/><G75/><T82/><D116/><U107/><E107/><V86/><F86/><W60/><G60/><T30/><D117/><U11/><E11/><V124/><F124/><W123/><G123/><T98/><D82/><U74/><E74/><V114/><F114/><W24/><G45/><T89/><D112/><U18/><E21/><V134/><F134/><W15/><AGARI ba="0,0" hai="15,16,23,24,27,59,63,66" m="29225,33983" machi="15" ten="30,2000,0" yaku="8,1,54,1" doraHai="71" who="3" fromWho="3" sc="432,-5,171,-10,260,-5,137,20" /><INIT seed="6,0,0,3,5,98" ten="427,161,255,157" oya="2" hai0="73,65,119,130,87,47,24,104,38,36,99,6,115" hai1="68,133,11,78,112,59,3,111,121,19,2,25,12" hai2="86,10,60,45,50,51,56,4,125,67,110,46,16" hai3="27,28,39,71,42,131,15,92,57,123,91,8,100"/><V114/><F114/><W23/><G123/><T54/><D73/><U94/><E68/><V134/><F125/><W72/><G71/><T124/><D65/><U31/><E78/><V81/><F4/><W90/><G72/><T13/><D124/><U69/><E69/><V53/><F134/><W14/><G131/><T52/><D24/><U105/><E105/><V21/><F10/><W120/><G120/><T44/><D87/><U63/><E111/><V70/><F51/><W85/><G57/><T80/><D80/><U33/><E112/><V66/><F66/><W7/><G39/><T93/><D104/><U127/><E127/><V88/><F110/><W116/><G116/><T117/><D130/><U77/><E133/><V29/><F29/><W122/><G42/><N who="0" m="22599" /><D13/><AGARI ba="0,0" hai="13,16,21,45,46,50,53,56,60,67,70,81,86,88" machi="13" ten="30,5800,0" yaku="7,1,54,2" doraHai="98" who="2" fromWho="0" sc="427,-58,161,0,255,58,157,0" /><INIT seed="6,1,0,1,2,0" ten="369,161,313,157" oya="2" hai0="39,81,75,41,70,96,118,72,49,82,124,14,53" hai1="90,51,116,80,129,73,79,128,66,99,56,17,64" hai2="93,87,13,83,9,44,85,86,84,62,78,68,52" hai3="59,130,113,3,123,108,95,26,135,35,18,102,46"/><V91/><F68/><W115/><G123/><T21/><D70/><U20/><E116/><V120/><F120/><W54/><G108/><T22/><D124/><U25/><E51/><N who="2" m="28775" /><F62/><W16/><G3/><T24/><D118/><U43/><E43/><V100/><F100/><W45/><G130/><N who="1" m="50282" /><E56/><V97/><F97/><N who="3" m="59711" /><G135/><T121/><D96/><U6/><E6/><AGARI ba="1,0" hai="6,9,13,78,83,84,85,86,87,91,93" m="28775" machi="6" ten="30,5800,0" yaku="8,1,52,1,54,1" doraHai="0" who="2" fromWho="1" sc="369,0,161,-61,313,61,157,0" /><INIT seed="6,2,0,2,0,2" ten="369,100,374,157" oya="2" hai0="15,126,19,130,120,135,108,55,95,109,129,85,20" hai1="3,122,78,35,101,133,134,110,23,53,0,107,64" hai2="124,50,44,99,105,33,70,83,16,54,89,97,65" hai3="72,92,91,90,29,125,63,10,80,121,119,128,82"/><V11/><F33/><W123/><G29/><T74/><D74/><U75/><E53/><V69/><F124/><W1/><G63/><T26/><D120/><U114/><E23/><V51/><F105/><W47/><G47/><T17/><D126/><U98/><E110/><V7/><F69/><W41/><G125/><T132/><D55/><U104/><E122/><V112/><F112/><W21/><G21/><N who="0" m="11455" /><D85/><U13/><E13/><N who="2" m="5375" /><F70/><W12/><G41/><T22/><D20/><U45/><E114/><V84/><F65/><W102/><G12/><T38/><D95/><U127/><E127/><V24/><F51/><W73/><G10/><T32/><D32/><U79/><E64/><V36/><F36/><W6/><G1/><T81/><D81/><U118/><E35/><V4/><F4/><W28/><G6/><T37/><D37/><U46/><E98/><V106/><F106/><W56/><G119/><T34/><D34/><U96/><E96/><V93/><F93/><W131/><G28/><T94/><D94/><U116/><REACH who="1" step="1"/><E75/><REACH who="1" ten="369,90,374,157" step="2"/><V48/><F24/><W62/><G92/><T67/><D67/><U27/><E27/><V18/><F18/><W88/><G121/><T52/><D109/><U111/><E111/><V60/><F16/><W87/><G123/><T117/><D108/><U31/><E31/><V61/><F99/><W68/><G102/><AGARI ba="2,1" hai="0,3,45,46,78,79,101,102,104,107,116,118,133,134" machi="102" ten="25,3200,0" yaku="1,1,22,2,53,0" doraHai="2" doraHaiUra="30" who="1" fromWho="3" sc="369,0,90,48,374,0,157,-38" /><INIT seed="7,0,0,1,4,59" ten="369,138,374,119" oya="3" hai0="109,100,98,73,89,53,83,86,85,127,7,84,12" hai1="108,95,78,30,87,72,92,82,33,17,52,10,91" hai2="43,99,24,58,112,21,65,75,102,16,122,22,128" hai3="20,133,40,94,77,11,25,35,44,74,3,37,1"/><W8/><G133/><T131/><D109/><U80/><E108/><V63/><F75/><W32/><G94/><N who="0" m="54567" /><D131/><U116/><E116/><V110/><F110/><W60/><G60/><T134/><D134/><U29/><E52/><V107/><F128/><W42/><G20/><T64/><D127/><U132/><E132/><V119/><F119/><W47/><G25/><T76/><D53/><U124/><E124/><V129/><F129/><W15/><G15/><T45/><D45/><U81/><E33/><V57/><F122/><W18/><G18/><T121/><D121/><U41/><E41/><V79/><F112/><W115/><G115/><T118/><D118/><U68/><E68/><V19/><F79/><W0/><G11/><N who="0" m="4223" /><D64/><U96/><E17/><V105/><F43/><W13/><G13/><T50/><D50/><U66/><E66/><V101/><F101/><W135/><G135/><T104/><AGARI ba="0,0" hai="73,76,83,85,86,98,100,104" m="4223,54567" machi="104" ten="30,1100,0" yaku="24,1" doraHai="59" who="0" fromWho="0" sc="369,11,138,-3,374,-3,119,-5" owari="380,48.0,135,-26.0,371,17.0,114,-39.0" /></mjloggm>