<mjloggm ver="2.3"><GO type="169" lobby="0"/><UN n0="%E3%81%B2%E3%81%90%E3%81%A1" n1="%63%68%61%72%6C%69%65%37" n2="%67%61%72%75%63%69%61" n3="%E3%82%A6%E3%83%AB%E3%83%88%E3%83%A9%E7%AB%8B%E7%9B%B4" dan="17,16,16,17" rate="2199.34,2096.42,2082.30,2123.45" sx="M,M,M,M"/><TAIKYOKU oya="0"/><INIT seed="0,0,0,1,3,23" ten="250,250,250,250" oya="0" hai0="94,69,72,13,11,44,73,53,27,102,115,18,2" hai1="19,77,21,133,92,58,95,112,89,130,12,125,131" hai2="45,22,35,46,47,76,104,0,16,107,80,10,128" hai3="117,3,119,5,98,37,97,84,9,126,79,101,111"/><T100/><D69/><U26/><E77/><V48/><F35/><W30/><G126/><T96/><D115/><U64/><E112/><V86/><F128/><N who="1" m="49193" /><E125/><V103/><F103/><W57/><G111/><T34/><D2/><U63/><E133/><V32/><F32/><W106/><G37/><T135/><D135/><U43/><E43/><V31/><F107/><W85/><G30/><T38/><D102/><U41/><E41/><V68/><F68/><W36/><G36/><T122/><D122/><U4/><E4/><V15/><F104/><W71/><G71/><T87/><D38/><U123/><E123/><V78/><F0/><W62/><G98/><T49/><REACH who="0" step="1"/><D87/><REACH who="0" ten="240,250,250,250" step="2"/><N who="1" m="52287" /><E95/><V55/><F76/><W42/><G79/><T61/><D61/><U129/><E129/><V66/><F66/><W108/><G85/><T14/><D14/><AGARI ba="0,1" hai="12,14,19,21,26,58,63,64" m="52287,49193" machi="14" ten="30,2000,0" yaku="19,1,52,1" doraHai="23" who="1" fromWho="0" sc="240,-20,250,30,250,0,250,0" /><INIT seed="1,0,0,4,4,33" ten="220,280,250,250" oya="1" hai0="94,46,128,31,125,122,76,115,73,34,133,64,123" hai1="100,37,6,108,59,93,44,4,80,72,55,98,8" hai2="119,101,21,97,22,107,32,45,103,16,84,66,62" hai3="7,61,20,88,67,92,42,12,17,26,30,70,129"/><U75/><E4/><V47/><F119/><W28/><G129/><T111/><D64/><U77/><E75/><V53/><F32/><W52/><G42/><T109/><D46/><U90/><E108/><N who="0" m="41545" /><D31/><U91/><E59/><V89/><F103/><W0/><G52/><T131/><D34/><U24/><E24/><V126/><F22/><W132/><G132/><T63/><D63/><U41/><REACH who="1" step="1"/><E55/><REACH who="1" ten="220,270,250,250" step="2"/><V14/><F53/><W27/><G27/><T15/><D133/><U104/><E104/><V124/><F126/><W99/><G7/><T134/><D134/><U121/><E121/><V48/><F124/><W106/><G106/><T23/><D125/><U135/><E135/><V82/><F48/><W105/><G105/><T38/><D123/><U43/><E43/><V54/><F54/><W50/><G50/><T85/><D122/><U102/><E102/><V11/><F11/><W51/><G51/><T49/><D49/><U74/><E74/><V78/><REACH who="2" step="1"/><F78/><REACH who="2" ten="220,270,240,250" step="2"/><W60/><G60/><T113/><D76/><U127/><E127/><V120/><F120/><W1/><G30/><T57/><D73/><U56/><E56/><AGARI ba="0,2" hai="14,16,21,45,47,56,62,66,82,84,89,97,101,107" machi="56" ten="30,7700,0" yaku="1,1,7,1,54,1,53,1" doraHai="33" doraHaiUra="83" who="2" fromWho="1" sc="220,0,270,-77,240,97,250,0" /><INIT seed="2,0,0,4,0,62" ten="220,193,337,250" oya="2" hai0="44,102,134,117,105,76,42,3,11,128,20,65,91" hai1="59,23,111,127,45,0,25,90,129,87,52,125,133" hai2="88,13,60,131,66,54,73,31,63,55,38,70,82" hai3="123,113,12,47,95,98,17,67,51,14,40,122,22"/><V8/><F38/><W85/><G113/><T26/><D134/><U1/><E45/><V110/><F131/><W21/><G85/><T112/><D112/><U16/><E129/><V115/><F115/><W30/><G67/><T64/><D128/><U108/><E133/><V74/><F31/><W86/><G86/><T5/><D117/><U135/><E135/><V7/><F110/><N who="1" m="42025" /><E0/><V106/><F106/><W48/><G48/><T43/><D76/><U81/><E1/><V36/><F36/><W19/><REACH who="3" step="1"/><G30/><REACH who="3" ten="220,193,337,240" step="2"/><T10/><D43/><U78/><E78/><V99/><F73/><W107/><G107/><T27/><D105/><U77/><E77/><V97/><F74/><W49/><G49/><AGARI ba="0,1" hai="16,23,25,49,52,59,81,87,90,125,127" m="42025" machi="49" ten="30,3900,0" yaku="14,1,54,2" doraHai="62" who="1" fromWho="3" sc="220,0,193,49,337,0,240,-39" /><INIT seed="3,0,0,3,0,96" ten="220,242,337,201" oya="3" hai0="21,122,52,53,0,108,127,62,14,116,86,106,41" hai1="82,5,76,60,10,1,27,101,28,110,117,15,42" hai2="18,39,57,45,118,89,73,7,61,65,70,35,91" hai3="103,44,105,129,88,29,132,126,13,93,22,33,98"/><W3/><G3/><T114/><D116/><U123/><E117/><V17/><F73/><W4/><G126/><T31/><D0/><U79/><E123/><V97/><F35/><W24/><G129/><T58/><D122/><U69/><E110/><V77/><F77/><W121/><G121/><T90/><D106/><U8/><E42/><V124/><F7/><W135/><G44/><T75/><D75/><U87/><E76/><V40/><F118/><W30/><G30/><T67/><D108/><U68/><E60/><V48/><F124/><W94/><G94/><T84/><D127/><U23/><E101/><V56/><F56/><W50/><G50/><T11/><D41/><U59/><REACH who="1" step="1"/><E59/><REACH who="1" ten="220,232,337,201" step="2"/><V47/><F57/><W49/><G49/><T128/><D128/><U12/><E12/><V34/><F40/><W43/><G43/><T9/><D53/><U111/><E111/><V72/><F61/><W54/><G54/><T107/><D52/><U95/><E95/><V2/><F2/><W133/><G105/><T63/><D107/><U83/><E83/><V37/><F65/><W32/><REACH who="3" step="1"/><G103/><REACH who="3" ten="220,232,337,191" step="2"/><T134/><D62/><U100/><E100/><V112/><F48/><W102/><G102/><T99/><D63/><U78/><E78/><V25/><F47/><W104/><G104/><T120/><D120/><U20/><E20/><V38/><F45/><W74/><G74/><T125/><D21/><U26/><E26/><V109/><F72/><W85/><G85/><T19/><D86/><U51/><E51/><V130/><F130/><W6/><G6/><AGARI ba="0,2" hai="1,5,6,8,10,15,23,27,28,68,69,79,82,87" machi="6" ten="30,2000,0" yaku="1,1,7,1,53,0" doraHai="96" doraHaiUra="71" who="1" fromWho="3" sc="220,0,232,40,337,0,191,-20" /><INIT seed="4,0,0,5,1,71" ten="220,272,337,171" oya="0" hai0="122,27,37,6,83,134,43,20,8,28,50,123,105" hai1="126,19,34,119,64,35,82,125,116,111,11,56,59" hai2="92,40,0,73,61,108,36,74,132,96,47,7,70" hai3="79,26,121,45,102,95,18,67,107,80,25,109,98"/><T75/><D105/><U81/><E111/><V21/><F108/><W52/><G109/><T66/><D66/><U39/><E19/><V46/><F21/><W17/><G121/><T62/><D50/><U14/><E14/><V69/><F132/><W89/><G67/><T65/><D134/><U84/><E64/><V16/><F16/><N who="3" m="6251" /><G79/><N who="0" m="44543" /><D62/><U76/><E11/><V30/><F30/><W49/><G107/><T48/><D48/><U54/><E76/><V110/><F110/><W118/><G118/><T24/><D24/><N who="3" m="9321" /><G80/><T91/><D91/><AGARI ba="0,0" hai="45,49,52,89,91,95,98,102" m="9321,6251" machi="91" ten="30,3900,0" yaku="8,1,54,2" doraHai="71" who="3" fromWho="0" sc="220,-39,272,0,337,0,171,39" /><INIT seed="5,0,0,2,5,69" ten="181,272,337,210" oya="1" hai0="29,3,103,118,26,130,110,101,30,81,63,18,76" hai1="47,14,54,94,65,37,132,41,99,135,79,125,83" hai2="134,98,77,6,105,43,5,59,57,93,70,126,100" hai3="17,49,88,127,1,34,15,52,114,75,111,61,2"/><U19/><E65/><V64/><F70/><W66/><G34/><T122/><D110/><U22/><E125/><V55/><F126/><W21/><G75/><T129/><D3/><U107/><E54/><V95/><F134/><N who="1" m="51241" /><E107/><V7/><F43/><W60/><G111/><T28/><D118/><U131/><E131/><N who="0" m="50185" /><D122/><U10/><E99/><V58/><F105/><W27/><G127/><T116/><D116/><U123/><E94/><V12/><F77/><W104/><G104/><T85/><D63/><N who="3" m="24137" /><G2/><T9/><D9/><U120/><E10/><N who="2" m="4175" /><F64/><W109/><G66/><T133/><D133/><U33/><E33/><V96/><F55/><W0/><G109/><T86/><D85/><AGARI ba="0,0" hai="14,19,22,37,41,47,79,83,85,120,123" m="51241" machi="85" ten="30,2900,0" yaku="20,1,52,1" doraHai="69" who="1" fromWho="0" sc="181,-29,272,29,337,0,210,0" /><INIT seed="5,1,0,5,1,93" ten="152,301,337,210" oya="1" hai0="107,81,98,103,25,74,127,123,0,19,56,22,54" hai1="27,2,18,29,125,5,6,79,43,75,133,114,59" hai2="95,49,3,88,55,115,38,53,44,21,10,99,90" hai3="91,73,126,71,13,34,130,20,68,132,35,76,60"/><U129/><E43/><V46/><F115/><W47/><G91/><T51/><D0/><U128/><E114/><V70/><F70/><W119/><G20/><T84/><D127/><U50/><E125/><V97/><F3/><W62/><G13/><T14/><D74/><U101/><E75/><V86/><F10/><W100/><G47/><T16/><D123/><U117/><E79/><V23/><F38/><W120/><G100/><T67/><D67/><U102/><E117/><V31/><F31/><W48/><G48/><T15/><REACH who="0" step="1"/><D19/><REACH who="0" ten="142,301,337,210" step="2"/><U32/><E18/><V61/><F61/><W87/><G62/><T83/><D83/><U124/><E124/><V94/><F86/><W52/><G87/><T118/><D118/><U8/><E6/><V24/><F24/><W92/><G60/><T80/><D80/><U96/><E128/><V66/><F66/><W134/><G130/><T40/><D40/><U122/><E129/><V78/><F78/><AGARI ba="1,1" hai="14,15,16,22,25,51,54,56,78,81,84,98,103,107" machi="78" ten="30,7700,0" yaku="1,1,7,1,52,1,54,1,53,0" doraHai="93" doraHaiUra="37" who="0" fromWho="2" sc="142,90,301,0,337,-80,210,0" /><INIT seed="6,0,0,5,0,81" ten="232,301,257,210" oya="2" hai0="58,96,66,121,29,69,50,109,125,131,52,9,126" hai1="22,100,119,23,107,20,67,54,120,4,14,10,128" hai2="110,79,46,43,94,117,70,95,111,53,92,16,59" hai3="122,26,40,132,102,103,91,84,56,108,77,24,42"/><V5/><F117/><W127/><G122/><T35/><D121/><U49/><E120/><V118/><F118/><W0/><G0/><T73/><D73/><U98/><E119/><V33/><F70/><W7/><G108/><N who="2" m="41513" /><F5/><W60/><G7/><T62/><D109/><U17/><E67/><V68/><F68/><W15/><G15/><T104/><D9/><U48/><E128/><V90/><F79/><W38/><G77/><T135/><D135/><U13/><E48/><N who="2" m="31143" /><F33/><W72/><G72/><T31/><D131/><U87/><E87/><N who="2" m="52319" /><F16/><W45/><G132/><T34/><D34/><U134/><E134/><V1/><F1/><W130/><G130/><T114/><D114/><U19/><E4/><V25/><F25/><W116/><G26/><N who="0" m="18871" /><D31/><U86/><E86/><V89/><F89/><W6/><G24/><T105/><D96/><U3/><E3/><V74/><F74/><W124/><G6/><T133/><D133/><U61/><E61/><V75/><F75/><W63/><G63/><T37/><D37/><AGARI ba="0,0" hai="37,43,46,94,95" m="52319,31143,41513" machi="37" ten="30,2900,0" yaku="10,1,52,1" doraHai="81" who="2" fromWho="0" sc="232,-29,301,0,257,29,210,0" /><INIT seed="6,1,0,4,3,126" ten="203,301,286,210" oya="2" hai0="119,104,20,23,0,22,78,114,68,74,45,79,98" hai1="102,41,14,82,133,62,64,13,83,26,54,24,63" hai2="134,72,92,109,132,65,113,103,12,99,48,124,70" hai3="85,93,111,38,5,15,31,4,81,100,129,117,29"/><V59/><F113/><W96/><G38/><T37/><D68/><U89/><E133/><N who="2" m="51307" /><F72/><W112/><G111/><T44/><D114/><U66/><E41/><V110/><F124/><W116/><G117/><T84/><D0/><U69/><E54/><N who="2" m="32199" /><F12/><W115/><G129/><T40/><D74/><U80/><E102/><V30/><F30/><W128/><G128/><T21/><D119/><U19/><E89/><V52/><F52/><W57/><G116/><T60/><D60/><AGARI ba="1,0" hai="60,65,70,92,99,103,109,110" m="32199,51307" machi="60" ten="30,1500,0" yaku="20,1" doraHai="126" who="2" fromWho="0" sc="203,-18,301,0,286,18,210,0" /><INIT seed="6,2,0,5,4,62" ten="185,301,304,210" oya="2" hai0="49,91,104,127,3,113,68,133,18,47,12,33,19" hai1="16,117,78,89,54,7,102,97,132,14,28,77,101" hai2="38,96,100,99,55,125,124,83,123,2,103,70,106" hai3="37,131,34,73,17,20,4,25,116,48,109,5,74"/><V23/><F123/><W22/><G37/><T1/><D33/><U36/><E117/><V122/><F2/><W75/><G109/><T110/><D110/><U30/><E7/><V31/><F38/><W98/><G34/><T86/><D104/><U63/><E132/><V52/><F70/><W118/><G131/><T126/><D133/><U58/><E36/><V44/><F122/><W13/><G98/><T67/><D113/><U79/><E89/><V0/><F0/><W112/><G112/><T26/><D26/><U21/><REACH who="1" step="1"/><E102/><REACH who="1" ten="185,291,304,210" step="2"/><V15/><F83/><W80/><G5/><T41/><D1/><U107/><AGARI ba="2,1" hai="14,16,21,28,30,54,58,63,77,78,79,97,101,107" machi="107" ten="30,8000,1" yaku="1,1,2,1,0,1,54,1,53,1" doraHai="62" doraHaiUra="92" who="1" fromWho="1" sc="185,-22,291,96,304,-42,210,-22" /><INIT seed="7,0,0,0,1,110" ten="163,387,262,188" oya="3" hai0="9,102,86,105,25,68,100,132,117,52,38,64,120" hai1="118,121,75,67,108,8,126,74,70,24,61,27,109" hai2="35,3,14,0,88,92,57,26,51,6,32,43,79" hai3="84,113,89,134,39,29,31,7,45,18,56,130,20"/><W106/><G106/><T128/><D120/><U19/><E121/><V65/><F79/><W115/><G7/><T22/><D117/><U50/><E126/><V73/><F73/><W116/><G116/><T97/><D38/><U41/><E118/><V107/><F107/><W72/><G72/><T81/><D128/><U49/><E41/><V11/><F0/><W111/><G130/><T127/><D127/><U119/><E19/><V58/><F3/><W4/><G4/><T44/><D132/><U60/><E8/><V129/><F129/><W13/><G56/><T66/><D68/><U17/><E17/><V125/><F125/><W23/><G23/><T46/><D46/><U90/><E90/><V85/><F35/><W93/><G111/><T77/><D9/><U82/><E82/><V54/><F32/><W16/><G18/><T34/><D34/><U131/><E131/><V55/><F43/><N who="3" m="22783" /><G134/><T91/><D77/><U62/><E119/><V101/><F65/><N who="0" m="25194" /><D105/><U78/><E78/><V104/><F104/><W30/><G30/><N who="0" m="17719" /><D97/><U12/><E108/><V36/><F36/><W114/><AGARI ba="0,0" hai="13,16,20,29,31,84,89,93,113,114,115" m="22783" machi="114" ten="30,12000,1" yaku="15,1,52,3,54,1" doraHai="110" who="3" fromWho="3" sc="163,-40,387,-40,262,-40,188,120" /><INIT seed="7,1,0,1,3,22" ten="123,347,222,308" oya="3" hai0="4,56,125,107,67,9,8,48,112,41,64,39,86" hai1="93,34,46,31,28,89,13,92,106,10,62,0,47" hai2="70,121,44,115,36,114,3,94,88,102,119,132,82" hai3="43,130,59,6,50,84,95,26,52,71,63,53,27"/><W96/><G71/><T25/><D107/><U117/><E106/><V42/><F119/><W103/><G130/><T100/><D39/><U129/><E0/><V57/><F70/><W110/><G110/><T131/><D131/><U97/><E129/><V38/><F3/><W74/><G74/><T55/><D125/><U18/><E117/><V108/><F108/><W12/><G43/><T17/><D112/><U79/><E79/><V83/><F36/><W1/><G1/><T7/><D100/><N who="1" m="60455" /><E34/><V16/><F132/><W109/><G109/><T123/><D123/><U2/><E2/><V113/><F102/><W118/><G118/><T69/><D69/><U91/><E62/><V98/><F121/><W30/><G30/><N who="1" m="11306" /><E91/><V133/><F133/><W5/><G84/><AGARI ba="1,0" hai="10,13,18,46,47,84,89,93" m="11306,60455" machi="84" ten="30,1000,0" yaku="8,1" doraHai="22" who="1" fromWho="3" sc="123,0,347,13,222,0,308,-13" owari="123,-38.0,360,46.0,222,-18.0,295,10.0" /></mjloggm>