<mjloggm ver="2.3"><GO type="169" lobby="0"/><UN n0="%E3%81%AF%E3%81%BF%E3%82%82%E3%82%93" n1="%28%C2%B4%E2%80%95%CF%89%E2%80%95%60%29" n2="%E5%B0%B1%E6%B4%BB%E7%94%9F%40%E5%B7%9D%E6%9D%91%E8%BB%8D%E5%9B%A3" n3="%6E%61%63%6F%6D%61%69%69" dan="17,16,17,16" rate="2115.76,2055.70,2212.44,2140.08" sx="M,M,M,F"/><TAIKYOKU oya="0"/><INIT seed="0,0,0,2,2,59" ten="250,250,250,250" oya="0" hai0="54,68,85,0,128,19,88,49,131,112,80,46,82" hai1="92,73,9,86,109,42,67,83,52,117,7,134,36" hai2="11,34,114,71,63,105,79,21,48,119,111,108,122" hai3="17,76,77,74,2,87,132,33,104,69,28,15,25"/><T70/><D112/><U5/><E117/><V35/><F105/><W99/><G132/><T24/><D0/><U94/><E73/><V30/><F114/><W135/><G2/><T13/><D24/><U39/><E109/><N who="2" m="42059" /><F122/><W75/><G135/><T23/><REACH who="0" step="1"/><D82/><REACH who="0" ten="240,250,250,250" step="2"/><U43/><E83/><V50/><F119/><W8/><G74/><T95/><D95/><U118/><E94/><V116/><F116/><W72/><G75/><T58/><D58/><U107/><E92/><V32/><F32/><W97/><G72/><T130/><AGARI ba="0,1" hai="13,19,23,46,49,54,68,70,80,85,88,128,130,131" machi="130" ten="30,11700,0" yaku="1,1,0,1,19,1,54,1,53,0" doraHai="59" doraHaiUra="93" who="0" fromWho="0" sc="240,127,250,-39,250,-39,250,-39" /><INIT seed="0,1,0,0,3,114" ten="367,211,211,211" oya="0" hai0="61,103,113,51,135,34,55,128,41,132,57,117,82" hai1="122,124,86,33,111,31,25,97,11,2,125,24,108" hai2="43,37,8,126,66,40,3,17,52,73,44,9,38" hai3="53,29,110,129,71,130,28,133,5,102,93,15,49"/><T27/><D113/><U99/><E86/><V54/><F126/><N who="1" m="48745" /><E99/><V65/><F44/><W69/><G133/><N who="0" m="51275" /><D103/><U48/><E97/><V42/><F17/><W100/><G5/><T118/><D128/><N who="3" m="49257" /><G15/><T74/><D41/><U13/><E48/><V91/><F3/><W79/><G79/><N who="0" m="44407" /><D51/><U121/><E25/><V64/><F91/><W6/><G6/><T77/><D77/><U83/><E83/><V23/><F23/><W72/><G72/><T134/><D134/><U60/><E60/><V36/><REACH who="2" step="1"/><F73/><REACH who="2" ten="367,211,201,211" step="2"/><W58/><G29/><AGARI ba="1,1" hai="27,29,34,55,57,61,117,118" m="44407,51275" machi="29" ten="30,5800,0" yaku="20,1,52,2" doraHai="114" who="0" fromWho="3" sc="367,71,211,0,201,0,211,-61" /><INIT seed="0,2,0,4,5,97" ten="438,211,201,150" oya="0" hai0="109,39,58,22,14,30,71,72,61,5,98,41,18" hai1="90,47,123,135,129,100,26,132,20,57,134,73,65" hai2="110,44,117,19,45,1,69,27,64,21,55,51,118" hai3="89,124,105,112,46,49,111,43,8,74,131,75,119"/><T108/><D72/><U4/><E73/><V6/><F110/><N who="0" m="42602" /><D71/><U56/><E123/><V40/><F69/><W24/><G119/><N who="2" m="45577" /><F64/><W80/><G112/><T113/><D113/><U10/><E129/><V122/><F122/><W107/><G131/><T82/><D82/><U67/><E90/><V101/><F101/><W81/><G124/><T92/><D5/><U12/><E47/><N who="2" m="28159" /><F40/><W32/><G111/><T77/><D77/><U28/><REACH who="1" step="1"/><E100/><REACH who="1" ten="438,201,201,150" step="2"/><V7/><F1/><W85/><G75/><T29/><D39/><U125/><E125/><V0/><F0/><W62/><G74/><T34/><D41/><U126/><E126/><V42/><F45/><W121/><G121/><T59/><D58/><AGARI ba="2,1" hai="4,10,12,20,26,28,56,57,58,65,67,132,134,135" machi="58" ten="40,2600,0" yaku="1,1,20,1,53,0" doraHai="97" doraHaiUra="33" who="1" fromWho="0" sc="438,-32,201,42,201,0,150,0" /><INIT seed="1,0,0,3,2,5" ten="406,243,201,150" oya="1" hai0="63,22,36,14,113,37,117,72,18,122,15,90,29" hai1="57,119,65,47,132,42,116,6,88,89,105,64,13" hai2="0,112,131,130,28,53,125,52,34,118,67,79,83" hai3="40,31,8,78,100,35,97,129,33,134,107,98,123"/><U95/><E105/><V39/><F118/><W46/><G123/><T24/><D113/><U26/><E132/><V62/><F39/><W58/><G134/><T120/><D72/><U96/><E26/><N who="2" m="18711" /><F0/><W1/><G129/><N who="2" m="49161" /><F125/><W99/><G78/><T59/><D117/><U103/><E119/><V74/><F112/><W12/><G1/><T121/><D90/><N who="1" m="34923" /><E57/><AGARI ba="0,0" hai="52,53,57,62,67,74,79,83" m="49161,18711" machi="57" ten="30,2000,0" yaku="19,1,54,1" doraHai="5" who="2" fromWho="1" sc="406,0,243,-20,201,20,150,0" /><INIT seed="2,0,0,3,5,82" ten="406,223,221,150" oya="2" hai0="107,60,99,20,39,118,133,18,112,29,23,58,81" hai1="44,106,83,7,35,12,14,66,74,128,36,108,105" hai2="32,115,94,70,63,95,122,31,2,77,91,22,119" hai3="85,48,30,27,132,50,3,104,113,11,126,93,90"/><V13/><F122/><W64/><G104/><T109/><D39/><U42/><E35/><V71/><F119/><W6/><G113/><T46/><D109/><U125/><E108/><V67/><F2/><W9/><G132/><T117/><D112/><U124/><E128/><V4/><F115/><W41/><G126/><N who="1" m="48746" /><E66/><V51/><F77/><W65/><G9/><T129/><D133/><U49/><E36/><V127/><F127/><W116/><G116/><T0/><D0/><U17/><E7/><V89/><F32/><W24/><G24/><T110/><D110/><U16/><E12/><V8/><F71/><W121/><G121/><T56/><D129/><U96/><E96/><V33/><F33/><W102/><G102/><T76/><D107/><N who="1" m="40971" /><E14/><V134/><F134/><W135/><G135/><T43/><D99/><U84/><E74/><V78/><F22/><W92/><G41/><T130/><D43/><U87/><E87/><V73/><F73/><W40/><G40/><T25/><D23/><U38/><E38/><V5/><F5/><W53/><G93/><T103/><D20/><U19/><E19/><V45/><F31/><W26/><G27/><T28/><D25/><U120/><E120/><V61/><F94/><W55/><G26/><T1/><D130/><U98/><E98/><V34/><F34/><W15/><G3/><T52/><D1/><U37/><E37/><V88/><F95/><W86/><G85/><T79/><D118/><U111/><E111/><V54/><F78/><AGARI ba="0,0" hai="16,17,42,44,49,78,83,84" m="40971,48746" machi="78" ten="30,3900,0" yaku="18,1,52,1,54,1" doraHai="82" who="1" fromWho="2" sc="406,0,223,39,221,-39,150,0" /><INIT seed="3,0,0,0,0,99" ten="406,262,182,150" oya="3" hai0="124,72,11,26,122,70,19,116,77,130,121,31,2" hai1="53,3,58,131,35,1,24,108,118,127,0,120,105" hai2="5,76,25,60,67,37,114,65,27,14,94,18,135" hai3="91,98,23,110,119,42,126,111,80,95,4,93,107"/><W73/><G119/><T90/><D70/><U71/><RYUUKYOKU type="yao9" ba="0,0" sc="406,0,262,0,182,0,150,0" hai1="0,1,3,24,35,53,58,71,105,108,118,120,127,131" /><INIT seed="3,1,0,4,0,5" ten="406,262,182,150" oya="3" hai0="63,128,69,88,41,117,42,119,19,127,94,85,62" hai1="35,72,25,90,50,21,71,93,46,104,39,59,36" hai2="97,11,68,134,18,87,32,80,65,16,17,28,49" hai3="15,135,40,22,61,86,82,4,12,124,110,109,52"/><W126/><G40/><T70/><D127/><N who="3" m="48681" /><G135/><T101/><D128/><U132/><E71/><V0/><F134/><W79/><G22/><T27/><D70/><U84/><E104/><V121/><F121/><W37/><G37/><T29/><D69/><U10/><E72/><V30/><F32/><W23/><G23/><N who="0" m="15615" /><D119/><U57/><E35/><V102/><F65/><W58/><G4/><T64/><D64/><U112/><E112/><V123/><F123/><W26/><G26/><T106/><D106/><U44/><E132/><V74/><F74/><W75/><G75/><T66/><D66/><U54/><E44/><V89/><F68/><W34/><G34/><T133/><D117/><U120/><E120/><V91/><F49/><W33/><G33/><T24/><D101/><U47/><E47/><V111/><F111/><AGARI ba="1,0" hai="12,15,52,58,61,79,82,86,109,110,111" m="48681" machi="111" ten="30,11600,0" yaku="14,1,10,1,18,1,54,1" doraHai="5" who="3" fromWho="2" sc="406,0,262,0,182,-119,150,119" /><INIT seed="3,2,0,1,4,120" ten="406,262,63,269" oya="3" hai0="45,109,134,99,101,46,132,34,89,59,7,135,8" hai1="6,5,108,40,69,36,13,54,102,55,82,122,18" hai2="23,2,104,63,25,67,92,75,27,78,77,85,1" hai3="39,127,30,71,44,53,86,32,121,9,83,130,15"/><W14/><G121/><T70/><D70/><U35/><E122/><V124/><F104/><W16/><G71/><T52/><D109/><U87/><E35/><V98/><F124/><W111/><G130/><T0/><D89/><U129/><E69/><V12/><F75/><W81/><G127/><T74/><D34/><U10/><E102/><V76/><F12/><N who="3" m="7183" /><G81/><T26/><D26/><U66/><E66/><V68/><F27/><N who="3" m="18527" /><G39/><T17/><D17/><U88/><E129/><V128/><F85/><W110/><G53/><T33/><D33/><U41/><E108/><N who="3" m="41514" /><G44/><T56/><D46/><U116/><E36/><V79/><N who="2" m="19968" /><DORA hai="100" /><V73/><F73/><W119/><G119/><T93/><D74/><U133/><E116/><V47/><F47/><W3/><G3/><T94/><D45/><U20/><E55/><V97/><F128/><W105/><G105/><N who="0" m="63679" /><D59/><U72/><E54/><V43/><F43/><W19/><G19/><T49/><AGARI ba="2,0" hai="0,7,8,49,52,56,93,94,132,134,135" m="63679" machi="49" ten="30,4000,0" yaku="20,1,52,1,54,1" doraHai="120,100" who="0" fromWho="0" sc="406,46,262,-12,63,-12,269,-22" /><INIT seed="4,0,0,0,4,27" ten="452,250,51,247" oya="0" hai0="122,57,68,77,112,36,113,54,47,103,34,11,132" hai1="87,124,22,5,81,43,0,109,61,105,69,117,46" hai2="28,38,95,15,106,111,110,102,89,6,14,127,42" hai3="67,53,133,41,12,94,75,123,31,35,91,97,118"/><T63/><D122/><U72/><E117/><V29/><F127/><W52/><G118/><T96/><D77/><U120/><E105/><V21/><F106/><W131/><G75/><T114/><D34/><U50/><E124/><V128/><F128/><W108/><G108/><T125/><D125/><U20/><E120/><V44/><F102/><W62/><G131/><T37/><D132/><U126/><E109/><V64/><F64/><W51/><G133/><T59/><D68/><U121/><E121/><V74/><F74/><W116/><G116/><T76/><D76/><U45/><E45/><V1/><F1/><W79/><G79/><T134/><D134/><U71/><E72/><V40/><F6/><W82/><G82/><T33/><D33/><U80/><E80/><V78/><F78/><W30/><G12/><T39/><D11/><U107/><E107/><V99/><F42/><W24/><G30/><T48/><REACH who="0" step="1"/><D63/><REACH who="0" ten="442,250,51,247" step="2"/><U129/><E126/><V2/><F2/><W32/><G35/><T16/><D16/><U19/><E61/><V58/><F110/><W55/><G123/><T25/><D25/><U115/><E19/><V60/><F111/><W17/><G17/><T85/><D85/><U18/><E69/><V100/><F89/><W26/><G24/><T56/><D56/><U4/><E71/><V73/><F73/><W8/><G8/><T13/><D13/><N who="2" m="4618" /><F21/><W3/><G32/><T88/><D88/><U98/><E22/><V86/><F86/><W65/><G26/><T84/><D84/><U66/><E20/><V23/><F23/><W49/><G91/><RYUUKYOKU ba="0,1" sc="442,15,250,-15,51,15,247,-15" hai0="36,37,39,47,48,54,57,59,96,103,112,113,114" hai2="28,29,38,40,44,58,60,95,99,100" /><INIT seed="4,1,1,1,3,121" ten="457,235,66,232" oya="0" hai0="119,26,100,111,129,102,88,53,35,18,90,21,32" hai1="45,78,60,133,25,50,126,86,6,41,91,82,20" hai2="62,97,85,49,39,74,44,47,52,40,122,76,11" hai3="83,15,4,28,104,19,75,96,3,48,77,103,1"/><T57/><D119/><U65/><E133/><V12/><F122/><W13/><G28/><T54/><D129/><U135/><E135/><V64/><F74/><W34/><G34/><T43/><D43/><U95/><E126/><V124/><F124/><W134/><G134/><T112/><D112/><U22/><E6/><V46/><F97/><W63/><G13/><T27/><D111/><U98/><REACH who="1" step="1"/><E25/><REACH who="1" ten="457,225,66,232" step="2"/><V89/><F76/><W114/><G4/><T16/><D27/><U69/><AGARI ba="1,2" hai="20,22,41,45,50,60,65,69,78,82,86,91,95,98" machi="69" ten="20,8000,1" yaku="1,1,2,1,0,1,7,1,53,1" doraHai="121" doraHaiUra="93" who="1" fromWho="1" sc="457,-41,225,103,66,-21,232,-21" /><INIT seed="5,0,0,3,5,22" ten="416,328,45,211" oya="1" hai0="133,10,106,12,74,96,132,38,98,114,113,32,88" hai1="9,68,73,6,101,108,63,99,2,49,123,66,43" hai2="90,109,16,119,36,30,45,104,13,39,117,58,82" hai3="71,91,129,24,18,51,128,42,52,125,122,102,111"/><U3/><E123/><V48/><F104/><W110/><G71/><T124/><D38/><U84/><E73/><V77/><F109/><W81/><G102/><N who="0" m="62791" /><D124/><U54/><E108/><V70/><F70/><W21/><G42/><T57/><D32/><U107/><E84/><V1/><F1/><W116/><G125/><T83/><D57/><U27/><E43/><V28/><F36/><W31/><G116/><T86/><D98/><U121/><E121/><V61/><F39/><W56/><G122/><T7/><D74/><U126/><E126/><V59/><F119/><W134/><G134/><AGARI ba="0,0" hai="7,10,12,83,86,88,113,114,132,133,134" m="62791" machi="134" ten="30,2000,0" yaku="20,1,54,1" doraHai="22" who="0" fromWho="3" sc="416,20,328,0,45,0,211,-20" /><INIT seed="6,0,0,3,2,102" ten="436,328,45,191" oya="2" hai0="6,112,35,37,28,87,79,93,14,90,60,27,33" hai1="56,64,94,81,34,99,44,53,126,13,116,110,92" hai2="71,65,120,43,109,74,45,19,91,83,4,21,125" hai3="128,55,0,8,117,7,62,10,107,82,118,31,2"/><V30/><F120/><W47/><G128/><T135/><D37/><U86/><E34/><V32/><F125/><W63/><G31/><T54/><D112/><U113/><E126/><V70/><F109/><W42/><G55/><T97/><D35/><U20/><E110/><V26/><F4/><W52/><G82/><T40/><D40/><U17/><E116/><V130/><F130/><W100/><G10/><T68/><D6/><U85/><E64/><V105/><F105/><W121/><G63/><T103/><D14/><U106/><E106/><V59/><F59/><W24/><G24/><T58/><D68/><U131/><E44/><V129/><F65/><W73/><G73/><T67/><D79/><U1/><E1/><V9/><F9/><W25/><G25/><T11/><D135/><U38/><E38/><V111/><F111/><W119/><G0/><T15/><D67/><U134/><E134/><V95/><F83/><W108/><G108/><T18/><D103/><U89/><E113/><V122/><F74/><W114/><G114/><T48/><D48/><N who="1" m="30759" /><E131/><V98/><F129/><W66/><G121/><T39/><D39/><U46/><E46/><V36/><REACH who="2" step="1"/><F122/><REACH who="2" ten="436,328,35,191" step="2"/><W29/><G66/><T16/><D11/><U77/><E92/><V75/><F75/><W115/><G115/><T69/><D58/><U104/><E104/><V22/><F22/><W133/><G107/><T76/><D93/><U123/><E123/><V96/><F96/><AGARI ba="0,1" hai="13,17,20,77,81,85,86,89,94,96,99" m="30759" machi="96" ten="30,2000,0" yaku="25,1,8,1" doraHai="102" who="1" fromWho="2" sc="436,0,328,30,35,-20,191,0" /><INIT seed="7,0,0,2,4,111" ten="436,358,15,191" oya="3" hai0="116,23,29,53,25,130,45,43,17,120,106,13,12" hai1="82,3,52,80,14,11,37,49,112,84,121,33,61" hai2="129,108,75,20,9,15,93,35,36,34,115,42,135" hai3="103,79,38,90,95,122,8,77,57,128,132,28,72"/><W62/><G122/><T32/><D106/><U10/><E121/><V41/><F93/><W125/><G38/><T16/><D130/><U26/><E37/><V24/><F42/><W50/><G128/><T27/><D116/><U5/><E61/><V47/><F47/><W131/><G125/><T98/><D120/><U99/><E99/><V107/><F41/><W1/><G131/><T7/><D53/><U83/><E33/><V114/><F36/><W118/><G103/><T55/><D55/><U48/><E26/><V67/><F67/><W86/><G28/><T92/><D7/><U21/><E21/><V100/><F100/><W54/><G132/><T105/><D105/><U127/><E127/><V78/><F78/><W68/><G118/><T124/><D124/><U123/><E123/><V71/><F107/><W58/><G68/><T40/><D27/><U101/><E101/><V134/><F75/><W66/><G72/><T4/><D45/><U63/><E63/><V59/><F59/><W70/><G1/><T22/><D4/><U44/><E48/><V102/><F102/><AGARI ba="0,0" hai="12,13,16,17,22,23,25,29,32,40,43,92,98,102" machi="102" ten="30,3900,0" yaku="7,1,9,1,54,1" doraHai="111" who="0" fromWho="2" sc="436,39,358,0,15,-39,191,0" owari="475,57.0,358,16.0,-24,-52.0,191,-21.0" /></mjloggm>