<mjloggm ver="2.3"><GO type="97" lobby="0"/><UN n0="%E9%BE%8D%E9%96%80%E6%B8%95%E9%80%8F%E8%8F%AF%2E" n1="%E3%83%AA%E3%83%90%E3%83%BC%E7%9F%B3%E5%B7%9D" n2="%E5%B0%B1%E6%B4%BB%E7%94%9F%40%E5%B7%9D%E6%9D%91%E8%BB%8D%E5%9B%A3" n3="%41%5A%55%4D%49" dan="15,13,14,13" rate="2000.17,1879.58,1988.20,1874.80" sx="F,M,M,M"/><TAIKYOKU oya="0"/><INIT seed="0,0,0,5,2,128" ten="250,250,250,250" oya="0" hai0="78,101,28,93,49,5,73,38,0,63,59,81,2" hai1="48,95,75,41,50,88,123,130,7,131,20,132,30" hai2="13,35,87,134,129,68,15,103,119,94,102,121,8" hai3="107,72,44,111,51,83,12,9,3,98,40,77,127"/><T74/><D38/><U80/><E123/><V71/><F35/><W6/><G111/><T65/><D28/><U70/><E70/><V36/><F121/><W47/><G127/><T61/><D74/><U24/><E7/><V42/><F129/><N who="1" m="49161" /><E41/><V66/><F119/><W124/><G124/><T10/><D49/><U22/><E22/><V25/><F25/><W32/><G12/><T26/><D26/><U86/><E132/><V99/><F134/><W4/><G4/><T64/><D93/><U96/><E75/><V90/><F13/><W97/><G107/><T125/><D125/><U19/><E19/><V56/><F103/><AGARI ba="0,0" hai="20,24,30,48,50,80,86,88,95,96,103" m="49161" machi="103" ten="30,2000,0" yaku="19,1,54,1" doraHai="128" who="1" fromWho="2" sc="250,0,250,20,250,-20,250,0" /><INIT seed="1,0,0,0,2,39" ten="250,270,230,250" oya="1" hai0="32,2,91,65,74,13,124,96,46,87,49,102,61" hai1="126,7,4,59,82,5,11,28,1,86,83,52,62" hai2="60,55,110,51,42,104,30,14,73,79,57,10,6" hai3="58,116,105,95,128,35,80,81,41,63,72,77,129"/><U106/><E106/><V112/><F104/><W75/><G105/><T47/><D74/><U99/><E126/><V25/><F112/><W68/><G35/><T117/><D2/><U113/><E113/><V132/><F132/><W101/><G68/><T33/><D117/><U123/><E123/><V37/><F110/><W53/><G41/><T69/><D124/><U26/><E99/><V27/><F37/><W64/><G101/><T0/><D0/><U12/><E1/><V92/><F92/><W71/><G116/><T135/><D135/><U76/><REACH who="1" step="1"/><E83/><REACH who="1" ten="250,260,230,250" step="2"/><V97/><F97/><W34/><G128/><T121/><D121/><U134/><E134/><V18/><F79/><W130/><G130/><T120/><D96/><U67/><E67/><V114/><F114/><W122/><G122/><T127/><D120/><U90/><E90/><V54/><F73/><W70/><G81/><T44/><D127/><U48/><E48/><V78/><F78/><W85/><G129/><T38/><D102/><U50/><E50/><V15/><F51/><W9/><G75/><T56/><D49/><U103/><E103/><V29/><F42/><W17/><G72/><T100/><D100/><U107/><E107/><V133/><F133/><W24/><G71/><T119/><D69/><U40/><E40/><V131/><F131/><W66/><G70/><T45/><D38/><U16/><E16/><V108/><F108/><W22/><G66/><T125/><D125/><U36/><E36/><V115/><F115/><W19/><G64/><T8/><D45/><U89/><E89/><V43/><F43/><RYUUKYOKU ba="0,1" sc="250,-10,260,30,230,-10,250,-10" hai1="4,5,7,11,12,26,28,52,59,62,76,82,86" /><INIT seed="1,1,1,3,4,118" ten="240,290,220,240" oya="1" hai0="101,73,104,127,16,20,9,54,67,135,91,120,32" hai1="76,17,64,74,122,66,22,7,128,126,102,43,99" hai2="45,48,52,69,58,60,75,0,46,113,38,2,34" hai3="15,44,115,56,116,133,87,33,131,98,72,42,10"/><U41/><E122/><V106/><F34/><W96/><G116/><T37/><D32/><U107/><E126/><V130/><F106/><W110/><G115/><T36/><D120/><U108/><E7/><V121/><F75/><W117/><G72/><T30/><D127/><U40/><E128/><V89/><F121/><W31/><G117/><T93/><D67/><U11/><E11/><V70/><F113/><W132/><G131/><T59/><D135/><N who="3" m="51785" /><G110/><T55/><D73/><U92/><E108/><V97/><F130/><W14/><G87/><T103/><D30/><U63/><E107/><V39/><F0/><W100/><G56/><T62/><D9/><U114/><E114/><V119/><F2/><W35/><G31/><T1/><D1/><U47/><E47/><N who="2" m="17931" /><F97/><N who="3" m="37483" /><G100/><T13/><D104/><U78/><E74/><V123/><F89/><W77/><G77/><N who="1" m="29802" /><E63/><V24/><F123/><W81/><G81/><T105/><D105/><U51/><E51/><V68/><F24/><AGARI ba="1,1" hai="17,22,24,40,41,43,64,66,92,99,102" m="29802" machi="24" ten="30,1500,0" yaku="8,1" doraHai="118" who="1" fromWho="2" sc="240,0,290,28,220,-18,240,0" /><INIT seed="1,2,0,3,1,24" ten="240,318,202,240" oya="1" hai0="2,128,12,97,4,22,27,10,48,119,35,1,100" hai1="126,52,25,96,95,67,56,59,75,77,47,39,16" hai2="6,106,116,23,123,111,101,65,30,63,98,57,131" hai3="93,69,114,105,49,125,99,18,9,89,134,45,17"/><U78/><E75/><V32/><F116/><W37/><G114/><T129/><D48/><N who="1" m="28703" /><E39/><V79/><F123/><W36/><G105/><T26/><D97/><U20/><E126/><V132/><F132/><W15/><G69/><T113/><D100/><N who="1" m="60447" /><E67/><V82/><F111/><W55/><G134/><T81/><D81/><U108/><E108/><V44/><F131/><N who="0" m="50250" /><D113/><U90/><E90/><V58/><F6/><W3/><G3/><N who="0" m="1035" /><D119/><U13/><E13/><V115/><F44/><W84/><G125/><T11/><D35/><U74/><E74/><V107/><F107/><W83/><REACH who="3" step="1"/><G18/><REACH who="3" ten="240,318,202,230" step="2"/><N who="0" m="10567" /><D4/><U71/><E71/><V104/><F115/><W41/><G41/><T85/><D85/><U70/><E70/><V118/><F106/><W133/><G133/><T43/><D43/><U14/><E14/><V103/><F118/><W40/><G40/><T73/><D73/><U130/><E130/><V122/><F122/><W66/><G66/><T51/><D51/><U38/><E38/><V53/><F104/><W94/><G94/><T112/><D112/><U64/><E64/><V33/><F65/><W0/><G0/><T80/><D80/><U88/><E59/><V50/><F58/><W86/><G86/><T62/><D62/><U120/><E56/><V127/><F63/><W21/><G21/><T5/><D5/><U28/><E120/><V31/><F127/><W34/><G34/><N who="2" m="13417" /><F23/><W117/><G117/><T68/><D68/><U72/><E72/><N who="2" m="43367" /><F98/><W8/><G8/><AGARI ba="2,1" hai="8,10,11,26,27" m="10567,1035,50250" machi="8" ten="30,3900,0" yaku="19,1,34,2" doraHai="24" who="0" fromWho="3" sc="240,55,318,0,202,0,230,-45" /><INIT seed="2,0,0,1,3,27" ten="295,318,202,185" oya="2" hai0="94,117,133,60,74,6,61,67,35,56,129,18,120" hai1="16,26,50,91,28,44,125,115,95,75,88,58,122" hai2="100,78,32,30,71,31,111,118,21,77,98,73,42" hai3="43,119,93,135,130,69,89,131,64,123,108,132,114"/><V128/><F32/><W7/><G7/><T87/><D120/><U1/><E75/><V84/><F118/><W25/><G43/><T104/><D104/><U86/><E1/><V82/><F71/><W46/><G46/><T13/><D74/><U65/><E125/><V36/><F128/><N who="3" m="49195" /><G69/><T22/><D129/><U83/><E115/><V110/><F77/><W103/><G64/><T38/><D117/><U10/><E122/><V8/><F73/><W124/><G103/><T85/><D38/><U134/><E134/><N who="3" m="51242" /><G123/><T24/><D133/><U70/><E70/><V37/><F8/><W39/><G119/><T51/><D6/><U47/><E65/><V97/><F21/><W80/><G80/><T79/><D35/><U52/><E10/><V23/><F23/><W76/><G25/><T113/><D113/><U81/><E81/><V59/><F59/><W2/><G2/><T66/><D51/><U54/><E54/><V109/><F42/><W48/><G48/><T29/><D66/><U11/><E11/><V72/><F72/><W34/><G76/><T62/><D79/><U68/><E68/><V41/><F100/><W55/><G34/><T3/><D3/><U92/><E92/><V33/><F33/><W126/><G55/><T99/><D67/><U49/><E49/><V101/><F101/><W12/><G12/><T20/><D56/><U127/><E127/><N who="3" m="48682" /><G114/><T14/><REACH who="0" step="1"/><D14/><REACH who="0" ten="285,318,202,185" step="2"/><U121/><E121/><V106/><F106/><W112/><G112/><T5/><D5/><U45/><E50/><V0/><F0/><W57/><G39/><N who="2" m="14921" /><F41/><W40/><G40/><RYUUKYOKU ba="0,1" sc="285,15,318,-15,202,15,185,-15" hai0="13,18,20,22,24,29,60,61,62,85,87,94,99" hai2="30,31,78,82,84,97,98,109,110,111" /><INIT seed="2,1,1,0,1,18" ten="300,303,217,170" oya="2" hai0="26,10,71,33,128,25,87,105,37,103,20,86,129" hai1="45,112,131,124,134,119,79,34,35,81,72,133,58" hai2="63,46,132,127,22,6,15,60,65,75,122,56,68" hai3="116,48,62,8,120,17,1,117,97,30,4,70,77"/><V88/><F122/><W115/><G120/><T52/><D71/><U100/><E112/><V66/><F75/><W24/><G115/><T108/><D108/><U121/><E121/><V125/><F132/><N who="1" m="50793" /><E119/><V23/><F46/><W135/><G135/><T12/><D37/><U94/><E124/><N who="2" m="47691" /><F6/><W40/><G77/><T53/><D86/><U80/><E131/><N who="0" m="50249" /><D87/><U74/><E58/><V14/><F88/><W38/><G17/><N who="0" m="8343" /><D103/><U98/><E45/><V90/><F90/><W82/><G82/><T106/><D33/><U91/><E91/><V13/><AGARI ba="1,1" hai="13,14,15,22,23,56,60,63,65,66,68" m="47691" machi="13" ten="30,6000,0" yaku="18,1,52,2" doraHai="18" who="2" fromWho="2" sc="300,-21,303,-21,217,73,170,-21" /><INIT seed="2,2,0,2,4,108" ten="279,282,290,149" oya="2" hai0="117,93,76,53,128,116,120,98,33,9,48,90,129" hai1="92,40,82,97,35,55,21,104,15,105,78,60,107" hai2="131,100,50,101,37,66,3,8,103,130,69,115,118" hai3="77,29,41,80,132,51,0,112,7,12,57,62,94"/><V65/><F37/><W81/><G0/><T110/><D120/><U56/><E35/><V113/><F118/><N who="0" m="45674" /><D33/><U19/><E40/><V44/><F8/><W24/><G94/><T46/><D76/><U96/><REACH who="1" step="1"/><E92/><REACH who="1" ten="279,272,290,149" step="2"/><V28/><F130/><N who="0" m="50282" /><D9/><U79/><E79/><V73/><F131/><W67/><G132/><T38/><D38/><U84/><AGARI ba="2,1" hai="15,19,21,55,56,60,78,82,84,96,97,104,105,107" machi="84" ten="30,2000,0" yaku="1,1,0,1,53,0" doraHai="108" doraHaiUra="36" who="1" fromWho="1" sc="279,-7,272,36,290,-12,149,-7" /><INIT seed="3,0,0,1,4,45" ten="272,308,278,142" oya="3" hai0="129,7,116,107,60,123,93,98,39,53,32,33,130" hai1="59,29,36,84,83,131,61,97,37,25,113,55,74" hai2="126,75,66,82,121,71,117,135,22,57,23,81,109" hai3="90,38,9,58,44,14,77,6,88,3,5,86,104"/><W68/><G104/><T64/><D123/><U30/><E113/><V108/><F71/><W127/><G68/><N who="0" m="41991" /><D116/><U40/><E74/><V11/><F117/><W125/><G127/><T46/><D107/><U92/><E131/><N who="0" m="50185" /><D7/><N who="3" m="2569" /><G3/><T51/><D39/><U13/><E13/><V85/><F121/><W118/><G38/><T133/><D133/><U67/><E67/><V47/><F126/><W105/><G105/><T20/><D20/><U28/><E40/><V101/><F75/><W69/><G69/><T106/><D106/><U63/><E63/><N who="2" m="38255" /><F135/><W132/><G132/><T111/><D111/><N who="2" m="42570" /><F101/><AGARI ba="0,0" hai="32,33,46,51,53,93,98,101" m="50185,41991" machi="101" ten="30,2000,0" yaku="19,1,52,1" doraHai="45" who="0" fromWho="2" sc="272,20,308,0,278,-20,142,0" owari="292,9.0,308,41.0,258,-14.0,142,-36.0" /></mjloggm>