<mjloggm ver="2.3"><GO type="97" lobby="0"/><UN n0="%4D%41%53%41%E3%83%BB%53" n1="%E5%B0%B1%E6%B4%BB%E7%94%9F%40%E5%B7%9D%E6%9D%91%E8%BB%8D%E5%9B%A3" n2="%6D%69%6D%69%6B%6B%75%35" n3="%61%78%65%6C%33" dan="15,15,15,14" rate="2042.42,2010.69,2011.10,2007.69" sx="M,M,M,M"/><TAIKYOKU oya="0"/><INIT seed="0,0,0,3,3,43" ten="250,250,250,250" oya="0" hai0="129,23,131,16,123,69,14,99,101,42,13,83,37" hai1="7,97,66,81,26,8,87,18,109,64,100,128,24" hai2="77,105,61,44,63,5,52,104,134,73,119,92,38" hai3="94,85,122,35,135,98,33,86,22,30,2,70,84"/><T47/><D69/><U82/><E128/><N who="0" m="49225" /><D83/><U55/><E109/><V48/><F134/><W125/><G2/><T88/><D123/><U56/><E81/><V9/><F119/><W113/><G135/><T62/><D62/><U103/><E7/><V28/><F28/><W67/><G113/><T117/><D117/><U130/><E130/><V93/><F93/><W57/><G70/><T80/><D80/><U3/><E3/><V21/><F21/><W25/><G122/><T45/><D47/><U76/><E26/><V74/><F74/><W51/><G125/><T127/><D127/><U29/><E29/><V32/><F32/><W60/><REACH who="3" step="1"/><G51/><REACH who="3" ten="250,250,250,240" step="2"/><T106/><D88/><AGARI ba="0,1" hai="22,25,30,33,35,57,60,67,84,85,86,88,94,98" machi="88" ten="40,5200,0" yaku="1,1,2,1,54,1,53,0" doraHai="43" doraHaiUra="114" who="3" fromWho="0" sc="250,-52,250,0,250,0,240,62" /><INIT seed="1,0,0,4,5,63" ten="198,250,250,302" oya="1" hai0="91,111,116,117,52,133,122,15,108,92,89,134,74" hai1="3,22,60,27,115,94,126,19,132,82,48,51,128" hai2="75,99,80,118,7,33,23,98,69,32,18,131,44" hai3="49,2,11,87,39,68,24,66,56,109,46,21,77"/><U10/><E115/><V123/><F123/><W113/><G113/><T34/><D34/><U93/><E128/><V45/><F118/><N who="0" m="45674" /><D15/><U102/><E126/><V107/><F7/><W0/><G11/><T76/><D52/><U84/><E132/><N who="0" m="50793" /><D122/><U127/><E127/><V64/><F131/><W6/><G6/><T79/><D74/><U112/><E112/><V97/><F107/><W47/><G68/><T50/><D50/><U78/><E60/><V53/><F44/><W30/><G46/><T58/><D58/><U104/><E104/><V61/><F75/><W5/><G5/><T62/><D62/><U29/><E102/><V81/><F33/><W8/><G8/><T135/><N who="0" m="50801" /><T28/><DORA hai="114" /><D28/><U35/><E35/><V73/><F73/><W96/><G39/><T70/><D70/><U36/><E36/><V1/><F32/><W90/><G0/><T103/><D103/><U85/><E3/><V120/><F1/><W119/><G2/><T67/><D67/><U121/><E121/><V4/><F120/><W54/><G66/><T13/><D13/><N who="1" m="7607" /><E51/><N who="2" m="28911" /><F4/><W101/><G47/><T26/><D26/><U86/><E48/><V65/><F69/><W95/><G119/><T129/><D129/><U40/><E40/><V37/><F37/><W9/><G49/><T12/><D12/><U124/><E124/><V42/><F42/><W125/><G125/><T71/><D71/><U55/><E55/><V106/><F106/><W38/><G54/><T25/><D25/><U31/><E31/><V20/><F61/><W16/><G38/><T72/><D72/><AGARI ba="0,0" hai="22,27,29,72,78,82,84,85,86,93,94" m="7607" machi="72" ten="30,1500,0" yaku="6,1" doraHai="63,114" who="1" fromWho="0" sc="198,-15,250,15,250,0,302,0" /><INIT seed="1,1,0,0,5,66" ten="183,265,250,302" oya="1" hai0="80,99,32,46,27,118,111,108,88,113,89,134,35" hai1="91,100,112,76,128,57,4,102,68,3,18,17,81" hai2="86,105,14,51,61,115,34,104,49,84,122,37,12" hai3="121,97,96,131,52,92,36,70,41,6,63,65,44"/><U62/><E112/><V82/><F122/><W85/><G121/><T106/><D118/><U8/><E128/><V73/><F115/><W95/><G131/><T48/><D113/><U11/><E91/><V78/><F37/><W10/><G85/><T50/><D134/><U119/><E119/><V127/><F34/><N who="0" m="12842" /><D27/><U98/><E68/><V69/><F127/><W5/><G10/><T74/><D74/><U53/><E11/><V135/><F135/><W16/><G16/><T109/><D80/><U94/><REACH who="1" step="1"/><E102/><REACH who="1" ten="183,255,250,302" step="2"/><V9/><F9/><W45/><G5/><T123/><D123/><U29/><E29/><V26/><F69/><W101/><G6/><T20/><D20/><U38/><E38/><V15/><F78/><W93/><G97/><T77/><D77/><U39/><E39/><V83/><F83/><W7/><G7/><T130/><D130/><U33/><E33/><V114/><F82/><W132/><G132/><T31/><D31/><U2/><E2/><V59/><F114/><W124/><G124/><T43/><D50/><U129/><E129/><V23/><F23/><W28/><G28/><T79/><D79/><U117/><E117/><V133/><F133/><W25/><G96/><T40/><D40/><U1/><E1/><V72/><F49/><N who="3" m="28711" /><G101/><AGARI ba="1,1" hai="43,46,48,88,89,99,101,106,108,109,111" m="12842" machi="101" ten="40,2600,0" yaku="14,1,54,1" doraHai="66" who="0" fromWho="3" sc="183,39,255,0,250,0,302,-29" /><INIT seed="2,0,0,5,4,6" ten="222,255,250,273" oya="2" hai0="41,45,35,40,102,115,68,127,22,121,66,43,107" hai1="128,61,51,29,103,28,85,52,0,13,97,69,38" hai2="15,7,71,132,86,37,44,133,4,134,23,27,70" hai3="108,60,80,32,104,17,95,82,47,11,81,25,62"/><V5/><F86/><W3/><G104/><T101/><D121/><U114/><E0/><V31/><F37/><W63/><G108/><T1/><D115/><U118/><E118/><V33/><F44/><W55/><G32/><T88/><D127/><U119/><E38/><V123/><F123/><W94/><G3/><T98/><D1/><U124/><E114/><V126/><F126/><W26/><G47/><T93/><D35/><U57/><E119/><V74/><F74/><W18/><G55/><T100/><D107/><U21/><E124/><V78/><F78/><W24/><G11/><T9/><D22/><U56/><E69/><V16/><AGARI ba="0,0" hai="4,5,7,15,16,23,27,31,33,70,71,132,133,134" machi="16" ten="40,7800,0" yaku="0,1,20,1,54,1" doraHai="6" who="2" fromWho="2" sc="222,-26,255,-26,250,78,273,-26" /><INIT seed="2,1,0,0,4,30" ten="196,229,328,247" oya="2" hai0="83,85,7,18,9,23,134,47,96,28,82,57,84" hai1="36,49,19,21,31,16,62,25,132,24,102,64,56" hai2="50,116,122,14,105,123,131,55,12,41,20,111,118" hai3="98,72,2,95,1,3,45,69,128,93,29,126,70"/><V133/><F105/><W125/><G45/><T92/><D134/><U117/><E36/><V22/><F41/><W65/><G65/><T58/><D28/><U119/><E132/><V33/><F50/><W54/><G29/><T6/><D47/><U90/><E102/><V48/><F48/><W106/><G54/><T94/><D23/><U46/><E90/><V121/><F55/><W40/><G40/><T60/><D18/><U44/><E44/><V39/><F39/><W11/><G11/><T53/><D9/><U61/><E61/><V52/><F52/><W81/><G106/><T120/><D120/><U114/><E114/><V76/><F76/><W77/><G95/><N who="0" m="36395" /><D96/><U75/><E75/><V113/><F133/><W88/><REACH who="3" step="1"/><G128/><REACH who="3" ten="196,229,328,237" step="2"/><T107/><D107/><U26/><E119/><V5/><F131/><W15/><G15/><T101/><D53/><N who="1" m="29879" /><E117/><V130/><F130/><W80/><G80/><N who="0" m="30763" /><D101/><U66/><E66/><V108/><F14/><W34/><G34/><T112/><D112/><U10/><E31/><V4/><F113/><W79/><G79/><T124/><D124/><AGARI ba="1,1" hai="1,2,3,69,70,72,77,81,88,93,98,124,125,126" machi="124" ten="50,6400,0" yaku="1,1,18,1,54,1,53,0" doraHai="30" doraHaiUra="109" who="3" fromWho="0" sc="196,-67,229,0,328,0,237,77" /><INIT seed="3,0,0,5,0,2" ten="129,229,328,314" oya="3" hai0="77,99,52,93,61,128,39,22,1,54,80,126,105" hai1="25,32,131,5,88,56,46,67,91,103,3,10,82" hai2="59,95,30,16,4,11,83,101,68,81,73,124,37" hai3="53,98,121,87,35,44,18,104,50,29,122,116,0"/><W9/><G116/><T133/><D126/><U114/><E114/><V110/><F124/><W45/><G35/><T36/><D128/><U94/><E131/><V48/><F37/><W78/><G29/><T65/><D133/><U106/><E106/><V100/><F68/><W24/><G45/><T118/><D105/><U17/><E46/><V75/><F75/><W90/><G78/><T12/><D118/><U129/><E129/><V38/><F38/><W28/><G98/><T76/><D1/><U96/><E82/><N who="2" m="31243" /><F73/><W112/><G104/><T49/><D39/><U7/><E32/><V89/><F30/><W120/><G112/><T113/><D36/><U86/><E3/><V58/><F4/><N who="1" m="1609" /><E86/><N who="2" m="52663" /><F110/><W108/><G108/><T79/><D113/><U51/><E25/><V71/><F71/><W130/><G0/><T69/><D80/><U34/><E34/><V13/><F58/><W84/><G130/><T134/><D134/><U8/><E8/><V109/><F109/><W19/><G9/><T127/><D127/><U55/><E67/><V26/><F26/><W115/><G115/><T63/><D61/><U6/><N who="1" m="1617" /><U27/><DORA hai="31" /><E27/><V64/><F64/><W70/><G70/><T102/><REACH who="0" step="1"/><D49/><REACH who="0" ten="119,229,328,314" step="2"/><U15/><AGARI ba="0,1" hai="10,15,17,51,55,56,88,91,94,96,103" m="1617" machi="15" ten="40,12000,2" yaku="8,1,52,4,54,1" doraHai="2,31" who="1" fromWho="1" sc="119,-30,229,130,328,-30,314,-60" owari="89,-41.0,359,46.0,298,10.0,254,-15.0" /></mjloggm>