<mjloggm ver="2.3"><GO type="41" lobby="0"/><UN n0="%72%69%63%65%66%61%6E" n1="%6B%65%69%2D%6B%65%69" n2="%E3%82%86%E3%81%86%E3%81%95%E3%81%8F" n3="%E5%B0%B1%E6%B4%BB%E7%94%9F%40%E5%B7%9D%E6%9D%91%E8%BB%8D%E5%9B%A3" dan="13,15,14,15" rate="1880.34,2034.51,1960.98,1977.02" sx="M,M,M,M"/><TAIKYOKU oya="0"/><INIT seed="0,0,0,1,0,27" ten="250,250,250,250" oya="0" hai0="117,114,87,124,71,108,30,86,120,96,44,4,34" hai1="133,61,118,65,102,18,6,56,85,8,5,89,119" hai2="15,130,69,3,42,43,128,63,94,41,58,23,14" hai3="75,10,48,125,80,2,113,101,105,79,26,29,107"/><T131/><D120/><U50/><E102/><V47/><F3/><W126/><G113/><T74/><D114/><U84/><E133/><V45/><F94/><W39/><G39/><T54/><D117/><U19/><E84/><V11/><F23/><W9/><G48/><T92/><D71/><U31/><E118/><V24/><F24/><W12/><G2/><T16/><D74/><U109/><E119/><V59/><F11/><W99/><G105/><T67/><D131/><U95/><E109/><V116/><F116/><W73/><G73/><T55/><D108/><U122/><E122/><V82/><F82/><W103/><G103/><T60/><D124/><N who="3" m="47721" /><G12/><T25/><D4/><U83/><E95/><V28/><F14/><W93/><G107/><T123/><D123/><U70/><E5/><V21/><F15/><W7/><G7/><T112/><D112/><U1/><E70/><V35/><F21/><AGARI ba="0,0" hai="9,10,21,26,29,75,79,80,93,99,101" m="47721" machi="21" ten="30,2000,0" yaku="18,1,52,1" doraHai="27" who="3" fromWho="2" sc="250,0,250,0,250,-20,250,20" /><INIT seed="1,0,0,4,2,4" ten="250,250,230,270" oya="1" hai0="116,43,119,109,106,111,57,63,94,103,87,3,98" hai1="129,16,53,118,61,31,62,135,51,21,59,114,56" hai2="23,30,46,96,14,47,42,19,107,88,73,0,104" hai3="83,49,100,97,18,134,120,29,77,82,86,125,71"/><U92/><E118/><V127/><F73/><W68/><G120/><T55/><D3/><U5/><E114/><V37/><F0/><W22/><G125/><T27/><D43/><U33/><E135/><V123/><F123/><W131/><G134/><T102/><D27/><U81/><E129/><V64/><F127/><W130/><G29/><T108/><D102/><U76/><E92/><V20/><F64/><W39/><G39/><T45/><D45/><U105/><E105/><V9/><F104/><W8/><G49/><T54/><D87/><U48/><E5/><V93/><F107/><W99/><G82/><T80/><D80/><U78/><E31/><V10/><F46/><W44/><G44/><T65/><REACH who="0" step="1"/><D106/><REACH who="0" ten="240,250,230,270" step="2"/><U40/><E40/><V67/><REACH who="2" step="1"/><F67/><REACH who="2" ten="240,250,220,270" step="2"/><W52/><G130/><T26/><D26/><AGARI ba="0,2" hai="9,10,14,19,20,23,26,30,37,42,47,88,93,96" machi="26" ten="40,12000,2" yaku="1,1,2,1,52,2,54,1,53,1" doraHai="4" doraHaiUra="11" who="2" fromWho="0" sc="240,-120,250,0,220,140,270,0" /><INIT seed="2,0,0,4,2,117" ten="120,250,360,270" oya="2" hai0="10,16,122,29,34,106,65,94,24,9,96,66,121" hai1="38,113,20,53,126,45,52,33,28,135,89,2,23" hai2="92,7,32,101,125,0,112,64,118,5,111,56,107" hai3="61,47,116,93,55,31,49,124,119,104,70,48,57"/><V134/><F56/><W84/><G104/><T26/><D106/><U100/><E2/><V87/><F64/><W4/><G124/><T72/><D72/><U81/><E126/><V110/><F32/><W6/><G70/><T105/><D105/><U114/><E100/><V11/><F7/><W88/><G31/><T83/><D83/><U75/><E33/><V76/><F118/><W85/><G49/><T51/><D51/><U14/><E23/><V46/><F125/><W59/><G59/><T127/><D127/><U27/><E135/><V67/><F67/><W78/><G116/><T86/><D86/><U15/><E38/><V19/><F112/><W90/><G78/><T58/><D10/><U44/><E75/><V74/><F19/><W12/><G12/><N who="1" m="4650" /><E114/><V80/><F46/><N who="1" m="18025" /><E113/><V77/><F134/><W62/><G119/><T128/><D128/><U123/><E123/><V36/><F36/><W97/><G62/><T120/><D58/><U40/><E40/><V21/><F21/><W60/><G60/><T35/><D35/><U3/><E3/><V69/><F69/><W133/><G133/><T37/><D37/><U115/><E115/><V63/><F63/><W50/><G50/><T130/><D130/><U43/><E43/><V103/><F103/><W17/><G17/><T71/><D71/><U39/><E39/><V98/><F77/><W42/><G97/><T102/><REACH who="0" step="1"/><D24/><REACH who="0" ten="110,250,360,270" step="2"/><U73/><E73/><V99/><F99/><W95/><AGARI ba="0,1" hai="4,6,42,47,48,55,57,61,84,85,88,90,93,95" machi="95" ten="20,8000,1" yaku="0,1,7,1,9,1,8,1,54,1" doraHai="117" who="3" fromWho="3" sc="110,-20,250,-20,360,-40,270,90" /><INIT seed="3,0,0,3,4,29" ten="90,230,320,360" oya="3" hai0="81,34,118,89,97,47,100,80,56,135,11,32,27" hai1="127,49,3,119,0,84,20,42,78,37,83,109,132" hai2="73,87,121,44,128,124,85,5,25,115,31,107,117" hai3="94,77,74,71,53,48,54,72,46,79,90,82,134"/><W76/><G134/><T61/><D118/><U66/><E119/><V22/><F107/><W8/><G71/><T113/><D135/><U2/><E109/><V38/><F117/><W39/><G39/><T102/><D113/><U35/><E132/><V45/><F115/><W16/><G74/><T91/><D11/><U106/><E106/><V67/><F73/><W123/><G123/><T65/><D47/><N who="2" m="17994" /><F38/><W95/><G95/><T103/><D27/><U50/><E37/><V17/><F121/><W1/><G54/><T125/><D125/><U86/><E42/><V26/><F5/><W10/><G10/><T12/><D12/><U101/><E101/><V131/><F67/><W23/><G1/><T41/><D41/><U4/><E4/><V75/><F75/><W43/><G8/><T70/><D70/><U51/><E66/><V111/><F111/><W104/><G104/><T92/><REACH who="0" step="1"/><D91/><REACH who="0" ten="80,230,320,360" step="2"/><U36/><E127/><V69/><F69/><W15/><REACH who="3" step="1"/><G43/><REACH who="3" ten="80,230,320,350" step="2"/><T88/><D88/><U62/><E0/><V116/><F124/><W52/><G52/><T18/><D18/><U60/><E2/><V114/><F116/><W64/><G64/><T108/><D108/><U130/><E3/><V30/><F114/><W55/><G55/><T19/><D19/><U9/><E78/><V126/><F17/><W14/><G14/><T98/><D98/><AGARI ba="0,2" hai="15,16,23,46,48,53,72,76,77,79,82,90,94,98" machi="98" ten="30,11600,0" yaku="1,1,7,1,54,1,53,1" doraHai="29" doraHaiUra="13" who="3" fromWho="0" sc="80,-116,230,0,320,0,350,136" owari="-36,-54.0,230,-17.0,320,12.0,486,59.0" /></mjloggm>