<mjloggm ver="2.3"><GO type="225" lobby="0"/><UN n0="%E3%83%88%E3%83%88%E3%83%AA%E5%85%88%E7%94%9F%31%39%E6%AD%B3" n1="%E6%B4%BE%E9%81%A3%E3%81%AE%E3%82%B8%E3%83%A3%E3%83%83%E3%82%AF" n2="%E3%81%86%E3%81%A9%E3%82%93%E5%B1%8B" n3="%E6%84%9B%E5%AE%95%E3%83%8D%E3%82%AD%E3%80%82" dan="16,17,17,16" rate="2161.65,2175.72,2155.60,2067.80" sx="F,M,M,M"/><TAIKYOKU oya="0"/><INIT seed="0,0,0,3,3,117" ten="250,250,250,250" oya="0" hai0="115,7,14,17,29,77,111,124,57,131,103,101,8" hai1="72,9,25,26,60,4,65,24,135,10,30,96,86" hai2="107,78,97,88,121,44,76,83,19,132,27,13,47" hai3="43,61,48,84,52,81,87,118,128,73,119,90,92"/><T108/><D115/><U34/><E72/><V94/><F121/><W50/><G73/><T69/><D69/><U99/><E135/><V41/><F132/><W75/><G75/><T116/><D116/><U15/><E86/><V56/><F107/><W3/><G3/><T35/><D131/><U82/><E82/><V85/><F27/><W106/><G106/><T109/><D124/><U51/><E51/><V23/><F56/><W125/><G125/><T39/><D39/><U37/><E37/><V110/><F110/><W123/><G128/><T1/><D77/><U38/><E38/><V6/><F6/><W102/><G61/><T100/><D57/><U105/><E10/><V126/><F126/><W42/><G102/><T59/><D59/><U133/><E96/><V112/><F112/><W58/><G123/><T12/><REACH who="0" step="1"/><D17/><REACH who="0" ten="240,250,250,250" step="2"/><U63/><E133/><V5/><F5/><W130/><G130/><T55/><D55/><U122/><E122/><V68/><F68/><W54/><G119/><T16/><D16/><U89/><E60/><V66/><F66/><W134/><G118/><T33/><D33/><U80/><E34/><V18/><F19/><W64/><G134/><T70/><D70/><N who="1" m="42303" /><E30/><V45/><REACH who="2" step="1"/><F41/><REACH who="2" ten="240,250,240,250" step="2"/><W129/><G64/><T74/><D74/><U28/><E28/><V40/><F40/><W0/><G129/><T98/><D98/><U32/><E32/><V36/><F36/><W11/><G42/><T127/><D127/><U22/><E99/><V2/><F2/><W104/><G43/><T95/><D95/><U49/><E105/><V67/><F67/><RYUUKYOKU ba="0,2" sc="240,15,250,-15,240,15,250,-15" hai0="1,7,8,12,14,29,35,100,101,103,108,109,111" hai2="13,18,23,44,45,47,76,78,83,85,88,94,97" /><INIT seed="0,1,2,5,2,113" ten="255,235,255,235" oya="0" hai0="68,64,94,59,17,118,128,103,70,120,50,93,74" hai1="37,1,100,32,90,73,116,96,125,5,92,21,119" hai2="75,31,0,101,106,24,134,69,19,132,126,9,20" hai3="123,91,30,13,99,12,26,131,63,95,7,27,98"/><T83/><D118/><U84/><E32/><V28/><F75/><W57/><G131/><T102/><D120/><U44/><E125/><V14/><F69/><W105/><G105/><T15/><D128/><U29/><E73/><V88/><F101/><W54/><G123/><T89/><D70/><U55/><E1/><V79/><F79/><W52/><G99/><T18/><D68/><U39/><E5/><N who="2" m="1191" /><F88/><W133/><G133/><N who="2" m="51305" /><F106/><W23/><G7/><T108/><D108/><U111/><E111/><V51/><F51/><W135/><G135/><T72/><D18/><U114/><E114/><V48/><F48/><W2/><G2/><T97/><D74/><U107/><E55/><N who="3" m="21034" /><G27/><T115/><D115/><U61/><E61/><V8/><F126/><W43/><G43/><T86/><D72/><U42/><REACH who="1" step="1"/><E39/><REACH who="1" ten="255,225,255,235" step="2"/><V122/><F122/><W38/><G38/><T67/><D50/><U10/><E10/><V121/><F121/><W40/><G40/><T78/><D59/><U41/><E41/><V124/><F124/><W56/><G56/><T25/><D67/><AGARI ba="1,3" hai="12,13,23,26,30,57,63,67,91,95,98" m="21034" machi="67" ten="30,2000,0" yaku="8,1,54,1" doraHai="113" who="3" fromWho="0" sc="255,-23,225,0,255,0,235,53" /><INIT seed="1,0,0,0,2,15" ten="232,225,255,288" oya="1" hai0="1,110,101,22,8,120,70,71,4,117,51,23,34" hai1="111,59,49,11,35,118,93,133,109,61,113,57,2" hai2="48,92,63,64,112,50,83,29,82,116,79,69,7" hai3="97,99,135,85,103,28,134,72,78,106,24,114,55"/><U53/><E118/><V17/><F116/><W27/><G114/><T47/><D117/><U38/><E113/><V104/><F104/><W54/><G72/><T36/><D34/><U88/><E133/><N who="3" m="50698" /><G99/><T86/><D36/><U132/><E35/><V31/><F112/><W56/><G56/><T40/><D110/><N who="1" m="41995" /><E132/><V39/><F39/><W21/><G24/><T46/><D120/><U84/><E38/><V87/><F7/><W125/><G125/><T0/><D0/><U42/><E42/><V13/><F83/><AGARI ba="0,0" hai="21,27,28,54,55,78,83,85,97,103,106" m="50698" machi="83" ten="30,1000,0" yaku="20,1" doraHai="15" who="3" fromWho="2" sc="232,0,225,0,255,-10,288,10" /><INIT seed="2,0,0,5,3,58" ten="232,225,245,298" oya="2" hai0="31,16,111,7,105,86,123,102,73,101,8,50,76" hai1="28,27,23,88,110,82,81,59,117,46,71,51,11" hai2="66,35,130,104,14,25,97,34,124,83,38,61,26" hai3="4,128,47,1,103,21,96,94,44,36,12,9,89"/><V135/><F38/><W72/><G72/><T98/><D123/><U122/><E117/><V91/><F124/><W17/><G128/><T74/><D111/><U95/><E71/><V114/><F114/><W120/><G120/><T32/><D101/><U55/><E122/><V45/><F135/><W132/><G132/><T13/><D86/><N who="1" m="52631" /><E110/><V15/><F130/><W41/><G47/><T68/><D68/><U33/><E33/><V119/><F119/><W125/><REACH who="3" step="1"/><G103/><REACH who="3" ten="232,225,245,288" step="2"/><T49/><D73/><U30/><E30/><V107/><F45/><W106/><G106/><T18/><D31/><U93/><E46/><V129/><F107/><W126/><AGARI ba="0,1" hai="1,4,9,12,17,21,36,41,44,89,94,96,125,126" machi="126" ten="30,4000,0" yaku="1,1,0,1,53,1" doraHai="58" doraHaiUra="92" who="3" fromWho="3" sc="232,-10,225,-10,245,-20,288,50" /><INIT seed="3,0,0,1,4,103" ten="222,215,225,338" oya="3" hai0="90,25,48,42,108,80,6,50,118,84,70,16,53" hai1="68,114,32,59,20,131,52,54,1,133,11,47,27" hai2="86,91,124,7,30,49,77,56,95,102,75,23,63" hai3="43,12,57,9,92,112,13,122,96,29,2,99,89"/><W127/><G122/><T123/><D123/><U100/><E114/><V10/><F124/><W128/><G29/><T24/><D118/><U111/><E32/><V116/><F116/><W87/><G43/><T134/><D70/><U66/><E68/><V97/><F49/><W45/><G45/><N who="0" m="25655" /><D108/><U28/><E111/><V40/><F40/><W22/><G127/><T64/><D134/><U18/><E133/><V14/><F75/><W46/><G128/><T35/><D35/><U119/><E131/><V101/><F77/><W26/><G9/><T110/><D110/><U55/><E100/><V41/><F41/><W109/><G96/><T39/><D39/><U19/><E119/><V129/><F129/><W126/><G89/><T83/><D64/><U8/><E47/><V34/><F34/><W132/><G26/><N who="0" m="10347" /><D16/><N who="1" m="6187" /><E1/><V72/><F72/><W135/><G57/><N who="0" m="32951" /><D6/><U130/><E130/><V33/><F33/><W73/><G22/><T115/><D115/><U51/><E51/><V44/><F44/><W79/><G13/><T61/><D61/><AGARI ba="0,0" hai="8,11,20,27,28,52,54,55,59,61,66" m="6187" machi="61" ten="30,3900,0" yaku="8,1,54,2" doraHai="103" who="1" fromWho="0" sc="222,-39,215,39,225,0,338,0" owari="183,-32.0,254,5.0,225,-17.0,338,44.0" /></mjloggm>