<mjloggm ver="2.3"><GO type="97" lobby="0"/><UN n0="%E3%83%88%E3%83%88%E3%83%AA%E5%85%88%E7%94%9F%31%39%E6%AD%B3" n1="%33%31%6A%69%6E" n2="%66%72%65%65%7A%65%33" n3="%E4%B8%AD%E6%9D%91" dan="17,15,13,16" rate="2229.12,2043.49,1896.71,2042.16" sx="F,F,M,M"/><TAIKYOKU oya="0"/><INIT seed="0,0,0,4,1,111" ten="250,250,250,250" oya="0" hai0="125,91,73,21,38,67,90,48,96,128,24,70,98" hai1="116,74,42,37,130,100,12,25,99,59,114,58,20" hai2="16,133,63,72,123,5,83,110,112,127,87,7,78" hai3="34,14,10,44,4,50,54,121,45,79,15,13,26"/><T101/><D38/><U104/><E116/><V95/><F123/><W105/><G105/><T68/><D73/><U124/><E130/><V66/><F110/><W57/><G79/><T120/><D120/><U32/><E124/><V106/><F127/><W71/><G71/><T113/><D125/><U2/><E74/><V84/><F106/><W40/><G45/><T46/><D128/><U135/><E135/><V33/><F33/><W75/><G75/><T0/><D0/><U31/><E2/><V3/><F133/><W80/><G80/><T23/><D113/><U77/><E77/><V49/><F112/><W35/><G121/><T103/><D67/><U88/><E114/><V6/><F3/><W117/><G117/><T56/><D56/><U69/><E69/><V19/><F49/><W28/><REACH who="3" step="1"/><G35/><REACH who="3" ten="250,250,250,240" step="2"/><T102/><D70/><U118/><E118/><V53/><F72/><W115/><G115/><T9/><D68/><U131/><E131/><V27/><F66/><W64/><G64/><T81/><D81/><U55/><E32/><V1/><F1/><W29/><G29/><T109/><D109/><U47/><E31/><V129/><F129/><W97/><G97/><T39/><D96/><U43/><E47/><V30/><F30/><W18/><G18/><T119/><D98/><U22/><E99/><V41/><F19/><W62/><AGARI ba="0,1" hai="4,10,13,14,15,26,28,34,40,44,50,54,57,62" machi="62" ten="20,2700,0" yaku="1,1,0,1,7,1,53,0" doraHai="111" doraHaiUra="134" who="3" fromWho="3" sc="250,-13,250,-7,250,-7,240,37" /><INIT seed="1,0,0,0,4,40" ten="237,243,243,277" oya="1" hai0="49,3,45,81,87,56,103,80,30,18,118,75,11" hai1="110,61,130,46,65,64,31,47,7,135,100,122,20" hai2="38,33,125,44,127,58,93,112,2,9,79,107,102" hai3="116,41,53,89,51,52,43,114,74,42,78,14,101"/><U34/><E122/><V97/><F33/><W57/><G101/><T99/><D118/><U32/><E7/><V128/><F128/><W85/><G114/><T73/><D56/><U37/><E37/><V124/><F112/><W92/><G74/><T50/><D50/><U84/><E130/><V6/><F79/><W63/><G78/><T90/><D30/><U62/><E135/><V88/><F58/><W104/><G104/><T91/><D91/><U54/><E110/><V120/><F120/><W17/><G116/><T21/><D80/><U66/><E100/><V1/><F1/><W86/><G86/><T72/><D3/><U105/><E105/><V108/><F108/><W126/><G126/><T24/><D11/><U132/><E132/><V36/><REACH who="2" step="1"/><F44/><REACH who="2" ten="237,243,233,277" step="2"/><N who="1" m="16937" /><E32/><V22/><F22/><W71/><G71/><T25/><D21/><U12/><E34/><V133/><F133/><W82/><G43/><T95/><REACH who="0" step="1"/><D18/><REACH who="0" ten="227,243,233,277" step="2"/><N who="1" m="10311" /><E31/><V23/><F23/><W26/><G17/><T96/><D96/><AGARI ba="0,2" hai="2,6,9,36,38,88,93,96,97,102,107,124,125,127" machi="96" ten="40,8000,1" yaku="1,1,18,1,54,1,53,1" doraHai="40" doraHaiUra="35" who="2" fromWho="0" sc="227,-80,243,0,233,100,277,0" /><INIT seed="2,0,0,1,3,87" ten="147,243,333,277" oya="2" hai0="94,65,108,111,119,89,115,8,86,98,3,10,19" hai1="27,130,35,105,122,56,125,16,61,109,96,114,99" hai2="83,48,54,84,118,77,95,126,74,124,93,67,12" hai3="4,6,14,66,82,15,52,47,59,23,69,80,40"/><V72/><F67/><W20/><G69/><T0/><D115/><U100/><E114/><V64/><F64/><W57/><G66/><T2/><D119/><U25/><E122/><V110/><F12/><W78/><G40/><T17/><D65/><U24/><E130/><V50/><F118/><W26/><G78/><T45/><D45/><U106/><E125/><N who="2" m="48235" /><F48/><W90/><G47/><T129/><D129/><U107/><E109/><V71/><F71/><W112/><G26/><T76/><D76/><U58/><E35/><V21/><F21/><W85/><G85/><T75/><D75/><N who="2" m="28714" /><F110/><W30/><G30/><T91/><D108/><U63/><E16/><V68/><F68/><W132/><G132/><T18/><REACH who="0" step="1"/><D111/><REACH who="0" ten="137,243,333,277" step="2"/><U44/><E44/><AGARI ba="0,1" hai="44,50,54,77,83,84,93,95" m="28714,48235" machi="44" ten="30,1500,0" yaku="18,1" doraHai="87" who="2" fromWho="1" sc="137,0,243,-15,333,25,277,0" /><INIT seed="2,1,0,5,3,32" ten="137,228,358,277" oya="2" hai0="115,96,65,66,63,133,73,17,28,103,1,119,101" hai1="132,24,45,72,86,8,56,6,99,30,113,109,54" hai2="84,92,64,80,31,36,71,21,108,107,13,34,93" hai3="78,9,37,70,22,52,75,69,48,117,14,68,51"/><V112/><F112/><W95/><G37/><T120/><D115/><U23/><E109/><V11/><F36/><W114/><G51/><T104/><D120/><U85/><E113/><V35/><F107/><W49/><G49/><T40/><D73/><U125/><E125/><V122/><F122/><W62/><G117/><T46/><D119/><U25/><E72/><V42/><F42/><W47/><G22/><T57/><D133/><U38/><E132/><V90/><F108/><W44/><G75/><T106/><D28/><U121/><E121/><V76/><F35/><W135/><G78/><T55/><D17/><U53/><E99/><V29/><F34/><W79/><G79/><T81/><D81/><U116/><E116/><V100/><F71/><W0/><G0/><T131/><D131/><U91/><E25/><N who="2" m="16559" /><F64/><W118/><G135/><T77/><D77/><U67/><E67/><V10/><F31/><W123/><G123/><T3/><D66/><U82/><E85/><N who="2" m="48263" /><F13/><W87/><G114/><T12/><D12/><N who="1" m="5143" /><E38/><V130/><F130/><W20/><G14/><T27/><D27/><U102/><E102/><V129/><F129/><W2/><G70/><T98/><D65/><U89/><E45/><V41/><F41/><W126/><G47/><T60/><D60/><N who="1" m="35855" /><E54/><V15/><F15/><W88/><G118/><T39/><AGARI ba="1,0" hai="1,3,39,40,46,55,57,63,96,98,101,103,104,106" machi="39" ten="20,8000,1" yaku="0,1,7,1,9,1,52,2" doraHai="32" who="0" fromWho="0" sc="137,83,228,-21,358,-41,277,-21" /><INIT seed="3,0,0,4,1,89" ten="220,207,317,256" oya="3" hai0="44,102,131,40,77,47,51,111,7,11,39,116,33" hai1="97,48,118,26,125,57,20,27,73,105,50,62,96" hai2="3,59,91,31,37,124,13,134,98,4,117,82,54" hai3="1,49,55,135,93,80,24,25,19,2,132,67,85"/><W65/><G49/><T42/><D116/><U87/><E118/><V5/><F117/><W16/><G80/><T106/><D33/><U21/><E125/><V63/><F124/><W9/><G85/><T101/><D106/><U74/><E105/><V107/><F37/><W130/><G9/><T46/><D111/><U121/><E87/><V122/><F122/><W83/><G83/><T128/><D77/><U60/><REACH who="1" step="1"/><E57/><REACH who="1" ten="220,197,317,256" step="2"/><V28/><F59/><W30/><G130/><N who="0" m="49707" /><D44/><U36/><E36/><V0/><F107/><W70/><G70/><T12/><AGARI ba="0,1" hai="7,11,12,39,40,42,46,47,51,101,102" m="49707" machi="12" ten="30,1100,0" yaku="19,1" doraHai="89" who="0" fromWho="0" sc="220,21,197,-3,317,-3,256,-5" owari="241,-16.0,194,-31.0,314,42.0,251,5.0" /></mjloggm>