<mjloggm ver="2.3"><GO type="41" lobby="0"/><UN n0="%66%65%6C%6E%65%72" n1="%E5%B0%B1%E6%B4%BB%E7%94%9F%40%E5%B7%9D%E6%9D%91%E8%BB%8D%E5%9B%A3" n2="%E7%83%8F%E5%B8%BD%E5%AD%90%E7%83%8F" n3="%6B%6F%75%2D%79" dan="14,14,14,14" rate="1907.20,1965.39,1848.88,1917.79" sx="M,M,M,M"/><TAIKYOKU oya="0"/><INIT seed="0,0,0,0,3,81" ten="250,250,250,250" oya="0" hai0="96,41,52,125,36,30,20,97,60,74,69,7,44" hai1="131,47,39,104,28,90,110,64,122,123,134,49,107" hai2="40,127,59,88,86,121,118,117,15,2,89,120,33" hai3="94,17,62,29,84,18,92,43,26,129,42,72,1"/><T116/><D116/><N who="2" m="44650" /><F2/><W78/><G1/><T46/><D125/><U25/><E39/><V54/><F33/><W37/><G129/><T58/><D74/><U99/><E131/><V80/><F89/><W70/><G72/><T51/><D69/><U77/><E134/><V5/><F40/><W67/><G37/><T63/><D7/><U108/><E77/><V13/><F127/><W9/><G94/><T128/><D128/><U132/><E64/><V19/><F5/><W56/><G70/><T83/><D63/><U12/><E132/><V105/><F105/><W14/><G18/><T0/><D0/><U101/><E107/><V115/><F115/><W75/><G75/><T93/><D93/><U4/><E90/><V50/><F13/><W24/><G24/><T38/><D38/><U95/><E12/><V61/><F61/><W133/><G133/><T16/><D30/><U76/><E4/><V32/><F32/><W87/><G92/><T55/><REACH who="0" step="1"/><D83/><REACH who="0" ten="240,250,250,250" step="2"/><U27/><E95/><V66/><F66/><W103/><G103/><T124/><D124/><U109/><E28/><V135/><F135/><W31/><G31/><T102/><D102/><U126/><E126/><V23/><AGARI ba="0,1" hai="15,19,23,50,54,59,80,86,88,120,121" m="44650" machi="23" ten="30,4000,0" yaku="12,1,52,1,54,1" doraHai="81" who="2" fromWho="2" sc="240,-20,250,-10,250,50,250,-10" /><INIT seed="1,0,0,2,3,109" ten="220,240,300,240" oya="1" hai0="38,45,113,50,119,27,12,73,95,43,129,107,94" hai1="126,96,112,79,90,91,46,63,42,68,53,7,128" hai2="116,120,25,39,56,32,24,103,47,106,77,124,3" hai3="40,61,66,78,35,82,127,76,58,5,33,121,51"/><U0/><E126/><V75/><F56/><W88/><G121/><T28/><D107/><U81/><E128/><V17/><F17/><W9/><G127/><T2/><D2/><U100/><E112/><V11/><F25/><W15/><G78/><T92/><D113/><U21/><E0/><V130/><F130/><W60/><G60/><T118/><D129/><U85/><E7/><N who="2" m="1535" /><F124/><W132/><G132/><T8/><D73/><U26/><E68/><V83/><F116/><W114/><G114/><T64/><D64/><U86/><E63/><V115/><F103/><W54/><G40/><T22/><REACH who="0" step="1"/><D38/><REACH who="0" ten="210,240,300,240" step="2"/><U19/><E53/><V48/><F115/><W80/><G80/><T133/><D133/><U110/><E110/><V55/><F39/><W105/><G105/><T30/><D30/><U98/><E100/><V135/><F135/><W13/><G88/><T122/><D122/><U34/><E34/><V14/><F32/><W44/><REACH who="3" step="1"/><G15/><REACH who="3" ten="210,240,300,230" step="2"/><T123/><D123/><U31/><E91/><V72/><F14/><W62/><G62/><T117/><D117/><U134/><E134/><V18/><F120/><W70/><G70/><T93/><N who="0" m="24064" /><DORA hai="23" /><T4/><AGARI ba="0,2" hai="4,8,12,22,27,28,43,45,50,118,119" m="24064" machi="4" ten="40,8000,1" yaku="1,1,4,1,0,1,52,1,53,1" doraHai="109,23" doraHaiUra="41,87" who="0" fromWho="0" sc="210,100,240,-40,300,-20,230,-20" /><INIT seed="2,0,0,3,2,71" ten="310,200,280,210" oya="2" hai0="105,92,39,14,103,84,122,44,80,78,74,55,61" hai1="38,91,53,129,87,127,13,40,119,72,118,117,95" hai2="29,134,2,125,34,21,35,47,70,109,89,6,25" hai3="113,28,106,58,7,54,11,68,115,66,120,50,31"/><V83/><F70/><W0/><G106/><T20/><D122/><U18/><E72/><V24/><F83/><W46/><G120/><T62/><D105/><U116/><E127/><V81/><F125/><W96/><G68/><T97/><D74/><U41/><E129/><V82/><F82/><W22/><G96/><T1/><D1/><U77/><E77/><V130/><F130/><W102/><G102/><T67/><D67/><U93/><N who="1" m="30208" /><DORA hai="112" /><U43/><E53/><V98/><F34/><W36/><G22/><T131/><D131/><U73/><E73/><V65/><F65/><W32/><G32/><T88/><D78/><U30/><E30/><V133/><F6/><W4/><G7/><T5/><D39/><U69/><E69/><V15/><F2/><W26/><G26/><T86/><D55/><U94/><REACH who="1" step="1"/><E38/><REACH who="1" ten="310,190,280,210" step="2"/><V90/><F29/><W128/><G128/><T64/><D64/><U33/><E33/><V124/><F35/><W79/><G79/><T17/><D5/><U52/><E52/><V108/><F124/><W101/><G66/><T60/><D86/><U107/><E107/><V42/><F98/><W121/><G121/><T48/><D48/><U63/><E63/><V76/><F76/><W104/><G36/><T56/><D62/><U57/><E57/><V126/><F126/><W16/><G58/><T8/><D61/><U100/><E100/><V135/><F134/><W59/><G59/><T51/><D56/><U23/><AGARI ba="0,1" hai="13,18,23,40,41,43,87,91,93,94,95" m="30208" machi="23" ten="60,12000,2" yaku="1,1,0,1,52,4,53,1" doraHai="71,112" doraHaiUra="111,12" who="1" fromWho="1" sc="310,-30,190,130,280,-60,210,-30" /><INIT seed="3,0,0,4,4,110" ten="280,320,220,180" oya="3" hai0="123,37,19,125,66,122,23,130,49,102,44,4,56" hai1="73,80,69,9,85,118,131,31,86,55,88,121,89" hai2="14,3,75,7,21,1,27,115,6,34,46,57,24" hai3="33,91,81,134,129,96,30,48,15,47,68,8,28"/><W41/><G68/><T64/><D37/><U98/><E69/><V84/><F75/><W107/><G134/><T103/><D130/><U95/><E121/><V87/><F46/><W60/><G129/><T39/><D39/><U72/><E118/><V59/><F14/><W25/><G30/><T22/><D4/><U26/><E131/><V120/><F21/><W111/><G111/><T106/><D125/><U63/><E9/><V53/><F120/><W74/><G60/><T0/><D0/><U77/><E63/><V54/><F34/><W112/><G112/><AGARI ba="0,0" hai="1,3,6,7,24,27,53,54,57,59,84,87,112,115" machi="112" ten="25,6400,0" yaku="22,2,52,2" doraHai="110" who="2" fromWho="3" sc="280,0,320,0,220,64,180,-64" /><INIT seed="4,0,0,1,4,110" ten="280,320,284,116" oya="0" hai0="100,23,16,129,51,84,132,99,5,6,60,87,118" hai1="35,39,41,32,74,15,102,63,52,78,133,57,44" hai2="65,111,89,91,11,105,121,101,58,85,36,107,53" hai3="125,37,81,130,43,104,82,4,72,27,9,73,88"/><T48/><D118/><U34/><E133/><V98/><F36/><W54/><G104/><T93/><D132/><U109/><E109/><V55/><F65/><W108/><G108/><T0/><D129/><U59/><E102/><V131/><F111/><W122/><G130/><T21/><D60/><U49/><E15/><V64/><F64/><W26/><G125/><T68/><D68/><U25/><E78/><V90/><F131/><W14/><G122/><T18/><D0/><U61/><E74/><V12/><F107/><W7/><G54/><T31/><D31/><U116/><E116/><V77/><F121/><W33/><G33/><T40/><D40/><U80/><E80/><V69/><F69/><W10/><G43/><T56/><D56/><U119/><E119/><V2/><F2/><W117/><G117/><T30/><D30/><U79/><E79/><V71/><F71/><W128/><G128/><T112/><D112/><U126/><E126/><V114/><F114/><W19/><G19/><N who="0" m="7211" /><D48/><U3/><E3/><V66/><F66/><W47/><G47/><T22/><D51/><U97/><E97/><V113/><F113/><W62/><G62/><T106/><D106/><U95/><E95/><V70/><F70/><W29/><G29/><T115/><D115/><U92/><E92/><V46/><F46/><W13/><REACH who="3" step="1"/><G88/><REACH who="3" ten="280,320,284,106" step="2"/><T45/><D45/><U50/><E25/><V75/><F55/><AGARI ba="0,1" hai="32,34,35,39,41,44,49,50,52,55,57,59,61,63" machi="55" ten="40,2600,0" yaku="9,1,54,1" doraHai="110" who="1" fromWho="2" sc="280,0,320,36,284,-26,106,0" /><INIT seed="5,0,0,5,3,103" ten="280,356,258,106" oya="1" hai0="131,75,32,94,4,118,79,91,3,66,95,57,59" hai1="96,84,48,19,1,130,133,121,99,36,29,27,106" hai2="5,74,126,132,11,87,112,53,33,49,116,2,115" hai3="39,22,41,40,43,10,58,107,60,56,134,85,135"/><U45/><E1/><V46/><F74/><W82/><G10/><T51/><D118/><U127/><E121/><V128/><F116/><W108/><G108/><T120/><D32/><U71/><E71/><V117/><F117/><W52/><G22/><T16/><D120/><U17/><E36/><V12/><F33/><W122/><G122/><T14/><D131/><U83/><E127/><V34/><F34/><W30/><G30/><T0/><D4/><U7/><E130/><V44/><F128/><W47/><G107/><T111/><D95/><U21/><E7/><V26/><F126/><W93/><G93/><T23/><D59/><U110/><E110/><V63/><F26/><W90/><G58/><T114/><D114/><N who="2" m="43562" /><F132/><W92/><REACH who="3" step="1"/><G92/><REACH who="3" ten="280,356,258,96" step="2"/><T113/><D94/><U125/><E133/><AGARI ba="0,1" hai="39,40,41,43,47,52,56,60,82,85,90,133,134,135" machi="133" ten="40,8000,1" yaku="1,1,2,1,20,1,54,1,53,1" doraHai="103" doraHaiUra="77" who="3" fromWho="1" sc="280,0,356,-80,258,0,96,90" /><INIT seed="6,0,0,0,5,13" ten="280,276,258,186" oya="2" hai0="14,60,18,66,48,64,102,125,110,34,79,106,16" hai1="83,22,77,65,2,129,124,46,8,41,33,3,85" hai2="80,5,120,19,117,36,115,44,105,24,17,29,97" hai3="43,39,21,72,100,98,76,53,135,91,92,132,126"/><V31/><F117/><W86/><G126/><T128/><D110/><U127/><E33/><V20/><F120/><W69/><G69/><T37/><D37/><U50/><E129/><V107/><F115/><W62/><G43/><T111/><D111/><U82/><E65/><V133/><F133/><W103/><G39/><T27/><D128/><U61/><E61/><V121/><F5/><W6/><G6/><T58/><D125/><N who="1" m="48203" /><E22/><V94/><F121/><W70/><G53/><N who="0" m="32039" /><D14/><U47/><E8/><V93/><F80/><N who="3" m="45063" /><G21/><T45/><D45/><U57/><E57/><V99/><F36/><W90/><G62/><T96/><D79/><N who="1" m="46303" /><E47/><V95/><F44/><W26/><G26/><T78/><D78/><U1/><E1/><V52/><F52/><W51/><G51/><T42/><D42/><U131/><E131/><V74/><F74/><AGARI ba="0,0" hai="2,3,41,46,50,74,77,83" m="46303,48203" machi="74" ten="30,1000,0" yaku="18,1" doraHai="13" who="1" fromWho="2" sc="280,0,276,10,258,-10,186,0" /><INIT seed="7,0,0,4,0,81" ten="280,286,248,186" oya="3" hai0="127,9,15,68,26,32,135,30,38,41,20,49,44" hai1="42,0,69,70,46,94,58,89,128,114,109,110,78" hai2="59,23,3,124,102,52,2,28,98,57,118,73,37" hai3="36,101,91,108,48,55,64,132,67,1,84,14,33"/><W12/><G1/><T21/><D127/><U99/><E0/><V66/><F124/><W79/><G33/><T72/><D135/><U10/><E78/><V80/><F37/><W45/><G132/><T6/><D72/><U60/><E114/><V100/><F118/><W119/><G119/><T11/><D68/><U18/><E128/><V61/><F102/><W85/><G36/><T82/><D82/><U47/><E47/><V39/><F39/><W8/><G101/><T87/><D87/><N who="3" m="33353" /><G79/><T112/><D112/><U113/><E113/><V24/><F80/><W104/><G104/><T83/><D83/><U111/><E18/><V130/><F130/><W131/><G131/><T125/><D125/><U16/><E16/><V13/><F73/><W74/><G74/><T76/><D76/><U96/><E10/><V43/><F13/><N who="3" m="5227" /><G108/><T29/><D29/><U54/><E99/><V93/><F43/><W63/><G91/><T62/><D38/><U105/><E105/><V133/><F133/><W88/><G88/><T17/><D62/><AGARI ba="0,0" hai="2,3,23,24,28,52,57,59,61,62,66,93,98,100" machi="62" ten="30,7700,0" yaku="7,1,25,2,54,1" doraHai="81" who="2" fromWho="0" sc="280,-77,286,0,248,77,186,0" owari="203,-20.0,286,9.0,325,42.0,186,-31.0" /></mjloggm>