<mjloggm ver="2.3"><GO type="97" lobby="0"/><UN n0="%E3%82%86%E3%82%8A%E3%81%82%E3%81%B4%E3%83%BC%E3%81%99%21%21" n1="%E8%81%96%E7%87%90" n2="%E3%82%8C%E3%81%B0%E3%81%B6%E3%81%A4" n3="%E5%B0%B1%E6%B4%BB%E7%94%9F%40%E5%B7%9D%E6%9D%91%E8%BB%8D%E5%9B%A3" dan="14,14,15,15" rate="1940.80,1988.37,2040.53,1986.87" sx="F,F,M,M"/><TAIKYOKU oya="0"/><INIT seed="0,0,0,2,2,83" ten="250,250,250,250" oya="0" hai0="103,44,115,53,56,58,64,30,55,61,38,95,19" hai1="78,106,134,135,20,66,36,17,8,110,71,62,37" hai2="67,0,100,122,102,88,98,34,130,119,65,42,26" hai3="74,7,11,1,9,72,109,60,4,23,69,68,97"/><T5/><D115/><U86/><E106/><V13/><F0/><W96/><G109/><T14/><D30/><U133/><E8/><V116/><F122/><W48/><G23/><T32/><D32/><U52/><E110/><V6/><F130/><W120/><G48/><T29/><D29/><U15/><E78/><V80/><F42/><W87/><G120/><T94/><D5/><U85/><E52/><N who="0" m="20041" /><D38/><AGARI ba="0,0" hai="15,17,20,36,37,38,62,66,71,85,86,133,134,135" machi="38" ten="50,6400,0" yaku="20,1,52,2" doraHai="83" who="1" fromWho="0" sc="250,-64,250,64,250,0,250,0" /><INIT seed="1,0,0,4,2,52" ten="186,314,250,250" oya="1" hai0="112,42,50,108,10,13,56,120,103,128,114,9,61" hai1="110,1,131,64,28,7,104,5,51,107,134,19,53" hai2="69,101,68,83,76,38,12,102,70,40,82,34,26" hai3="97,55,20,43,77,75,72,118,48,37,45,84,94"/><U31/><E64/><V79/><F38/><W129/><G118/><T23/><D120/><U33/><E33/><V16/><F40/><W29/><G129/><T6/><D128/><U117/><E117/><V91/><F91/><W27/><G84/><T135/><D135/><U71/><E71/><V2/><F2/><W18/><G77/><T44/><D108/><U85/><E134/><V36/><F36/><W11/><G11/><T63/><D63/><U125/><E131/><V35/><F26/><W115/><G18/><T24/><D10/><U8/><E5/><V133/><F133/><W47/><REACH who="3" step="1"/><G115/><REACH who="3" ten="186,314,250,240" step="2"/><T111/><D111/><U98/><E19/><V60/><F79/><W90/><AGARI ba="0,1" hai="20,27,29,37,43,45,47,48,55,72,75,90,94,97" machi="90" ten="20,5200,0" yaku="1,1,2,1,0,1,7,1,53,0" doraHai="52" doraHaiUra="78" who="3" fromWho="3" sc="186,-13,314,-26,250,-13,240,62" /><INIT seed="2,0,0,4,1,112" ten="173,288,237,302" oya="2" hai0="48,86,100,55,17,20,81,61,52,124,29,89,62" hai1="8,78,26,83,109,22,65,59,39,9,113,115,73" hai2="49,114,97,118,35,80,13,12,25,19,15,92,123" hai3="3,116,132,41,96,58,99,64,14,42,6,68,126"/><V133/><F114/><W101/><G68/><T23/><D124/><U16/><E39/><V34/><F123/><W30/><G3/><T45/><D100/><U36/><E36/><V104/><F104/><W125/><G116/><T74/><D74/><U21/><E109/><V37/><F37/><W121/><G121/><T108/><D108/><U84/><E73/><V57/><F133/><W44/><G30/><T88/><D29/><U77/><E77/><V51/><F118/><W72/><G72/><T105/><D105/><U111/><E111/><V54/><F80/><W53/><G64/><T90/><D55/><U93/><E93/><V32/><F51/><W135/><G14/><T10/><D10/><U120/><E120/><V130/><F130/><W107/><G6/><T2/><D2/><U94/><E94/><V82/><F82/><W5/><G5/><T7/><D7/><U46/><E46/><V31/><REACH who="2" step="1"/><F19/><REACH who="2" ten="173,288,227,302" step="2"/><W91/><G132/><T131/><D131/><U47/><E115/><V67/><F67/><W24/><G135/><T0/><D0/><U56/><E113/><V122/><F122/><W127/><G127/><T119/><D119/><U50/><E65/><V60/><F60/><W27/><G126/><T1/><D1/><U95/><E95/><V134/><F134/><W63/><G125/><T129/><D129/><U66/><E66/><V102/><AGARI ba="0,1" hai="12,13,15,25,31,32,34,35,49,54,57,92,97,102" machi="102" ten="30,3000,0" yaku="1,1,0,1,53,0" doraHai="112" doraHaiUra="70" who="2" fromWho="2" sc="173,-10,288,-10,227,40,302,-10" /><INIT seed="2,1,0,4,2,39" ten="163,278,267,292" oya="2" hai0="8,29,5,85,34,131,125,97,54,24,48,116,75" hai1="3,77,89,106,101,108,73,36,133,19,59,27,44" hai2="40,94,20,121,60,63,104,42,0,12,114,25,16" hai3="31,21,87,81,58,96,1,71,100,83,130,50,55"/><V72/><F104/><W79/><G71/><T47/><D75/><U51/><E36/><V17/><F0/><W103/><G1/><T132/><D132/><U32/><E3/><V53/><F72/><W86/><G130/><T117/><D131/><U70/><E70/><V4/><F114/><W124/><G124/><T134/><D134/><U135/><E108/><V2/><F121/><W23/><G31/><T57/><D125/><U52/><E106/><V109/><F109/><W35/><G35/><T45/><D97/><U129/><E101/><N who="3" m="38986" /><G96/><T46/><REACH who="0" step="1"/><D85/><REACH who="0" ten="153,278,267,292" step="2"/><U76/><E73/><V33/><F2/><AGARI ba="1,1" hai="2,5,8,24,29,34,45,46,47,48,54,57,116,117" machi="2" ten="40,8000,1" yaku="1,1,2,1,53,2" doraHai="39" doraHaiUra="112" who="0" fromWho="2" sc="153,93,278,0,267,-83,292,0" /><INIT seed="3,0,0,1,4,103" ten="246,278,184,292" oya="3" hai0="46,110,109,26,116,38,127,117,108,12,134,21,18" hai1="81,74,67,40,112,90,100,4,88,93,56,121,130" hai2="8,1,6,55,71,125,0,16,113,64,27,129,2" hai3="9,119,105,86,39,48,54,31,102,122,82,85,47"/><W11/><G119/><N who="0" m="45643" /><D46/><U52/><E121/><V66/><F113/><W3/><G122/><T42/><D42/><U23/><E112/><V14/><F125/><W65/><G3/><T19/><D38/><U61/><E4/><V7/><F129/><W37/><G105/><T77/><D77/><U79/><E40/><V131/><F131/><W5/><G102/><T60/><D60/><U97/><E130/><V50/><F71/><W34/><G65/><T75/><D75/><U73/><E73/><V92/><F92/><W70/><G70/><T32/><D32/><U94/><E23/><V49/><F49/><W89/><G85/><T128/><D128/><U123/><E123/><V107/><F107/><W36/><G5/><T101/><D101/><U63/><E94/><V51/><F51/><W22/><G34/><T118/><N who="0" m="45651" /><T106/><DORA hai="30" /><D106/><U78/><E79/><V43/><F43/><W41/><G41/><T87/><D87/><U44/><E44/><V84/><F84/><W69/><G69/><AGARI ba="0,0" hai="52,56,61,63,67,69,74,78,81,88,90,93,97,100" machi="69" ten="30,3900,0" yaku="7,1,54,2" doraHai="103,30" who="1" fromWho="3" sc="246,0,278,39,184,0,292,-39" owari="246,-15.0,317,42.0,184,-32.0,253,5.0" /></mjloggm>