<mjloggm ver="2.3"><GO type="169" lobby="0"/><UN n0="%E6%94%BE%E9%8A%83%E7%8E%8B%EF%BC%94" n1="%EF%BC%BC%28%EF%BC%BE%6F%EF%BC%BE%29%EF%BC%8F%E2%98%85" n2="%E3%83%88%E3%83%88%E3%83%AA%E5%85%88%E7%94%9F%31%39%E6%AD%B3" n3="%E3%82%A2%E3%82%AB%E3%82%AE%EF%BC%A0%E5%B7%9D%E6%9D%91%E8%BB%8D%E5%9B%A3" dan="16,17,18,17" rate="2096.21,2126.80,2259.46,2174.16" sx="M,M,F,M"/><TAIKYOKU oya="0"/><INIT seed="0,0,0,3,0,112" ten="250,250,250,250" oya="0" hai0="86,130,50,31,135,73,8,61,98,96,128,30,41" hai1="15,88,35,26,12,111,125,13,23,87,5,78,101" hai2="72,69,43,80,74,47,1,110,105,29,91,44,97" hai3="99,33,123,52,82,95,4,39,56,84,65,79,71"/><T124/><D73/><U57/><E111/><V19/><F69/><W16/><G33/><T66/><D135/><U116/><E116/><V42/><F1/><W104/><G39/><T21/><D124/><U108/><E108/><V58/><F110/><W6/><G104/><T10/><D86/><U67/><E35/><V90/><F29/><N who="0" m="10762" /><D21/><U113/><E113/><V68/><F68/><W9/><G65/><T127/><D127/><U126/><E101/><V63/><F19/><W102/><G71/><T129/><D50/><U48/><E78/><V62/><F58/><W38/><G38/><T92/><D41/><U46/><E5/><V3/><F3/><W121/><G121/><T134/><D134/><U83/><E67/><V131/><F97/><N who="0" m="37482" /><D92/><U122/><E122/><V114/><F114/><W89/><G102/><T51/><D51/><U115/><E115/><V20/><F20/><W0/><G123/><T59/><AGARI ba="0,0" hai="8,10,59,61,66,128,129,130" m="37482,10762" machi="59" ten="40,2100,0" yaku="19,1" doraHai="112" who="0" fromWho="0" sc="250,21,250,-7,250,-7,250,-7" /><INIT seed="0,1,0,2,4,23" ten="271,243,243,243" oya="0" hai0="49,122,54,25,21,99,78,85,58,93,76,5,112" hai1="45,102,80,37,57,129,10,47,127,30,119,115,118" hai2="12,8,3,124,66,28,97,128,96,70,46,55,20" hai3="4,109,103,68,73,9,0,88,126,44,11,134,106"/><T33/><D122/><U13/><E127/><V69/><F124/><W95/><G126/><T18/><D112/><U89/><E115/><V35/><F128/><W130/><G130/><T60/><D33/><U1/><E1/><V24/><F55/><W52/><G68/><T132/><D132/><U6/><E102/><V86/><F46/><W105/><G73/><T74/><D74/><U123/><E123/><V40/><F40/><W31/><G134/><T42/><D5/><U39/><E129/><V131/><F131/><W64/><G64/><T91/><D85/><U62/><E30/><V110/><F110/><W104/><G109/><T92/><D92/><U87/><E47/><AGARI ba="1,0" hai="18,21,25,42,47,49,54,58,60,76,78,91,93,99" machi="47" ten="40,12000,1" yaku="25,2,8,1,52,1" doraHai="23" who="0" fromWho="1" sc="271,123,243,-123,243,0,243,0" /><INIT seed="0,2,0,0,4,129" ten="394,120,243,243" oya="0" hai0="90,12,34,62,52,125,110,109,68,93,0,91,63" hai1="133,54,47,103,128,13,89,22,119,76,8,118,56" hai2="81,61,44,7,99,130,87,1,96,31,57,116,33" hai3="27,115,18,77,132,92,71,82,30,4,88,32,80"/><T58/><D0/><U10/><E128/><V100/><F130/><W107/><G115/><T127/><D34/><U102/><E76/><V41/><F116/><W3/><G107/><T42/><D42/><U113/><E47/><V21/><F33/><W20/><G71/><T53/><D12/><U24/><E113/><V36/><F100/><W122/><G122/><T55/><D68/><U123/><E123/><V86/><F86/><W105/><G105/><T29/><D29/><U72/><E72/><V64/><F7/><W59/><G132/><T16/><D16/><U17/><E133/><V25/><REACH who="2" step="1"/><F1/><REACH who="2" ten="394,120,233,243" step="2"/><W114/><G4/><T67/><D63/><U73/><E119/><V11/><F11/><W2/><G3/><T49/><D125/><U23/><E118/><V112/><F112/><W28/><G2/><T121/><D127/><U65/><E73/><V26/><F26/><W9/><G32/><T98/><D121/><U5/><E10/><V74/><F74/><W37/><G9/><T83/><D110/><U95/><E23/><V48/><F48/><W35/><G35/><T69/><D109/><U43/><E5/><V126/><F126/><W135/><G114/><T106/><D106/><U50/><E8/><V134/><F134/><W66/><G135/><T124/><D124/><U101/><E24/><V108/><F108/><W70/><G27/><T85/><AGARI ba="2,1" hai="49,52,53,55,58,62,67,69,83,85,90,91,93,98" machi="85" ten="30,3000,0" yaku="0,1,54,1" doraHai="129" who="0" fromWho="0" sc="394,46,120,-12,233,-12,243,-12" /><INIT seed="0,3,0,5,5,8" ten="440,108,221,231" oya="0" hai0="80,110,64,109,99,93,77,37,95,134,89,98,44" hai1="113,36,30,20,5,82,75,122,71,48,129,85,2" hai2="90,59,76,111,63,88,112,55,24,26,57,130,1" hai3="23,19,114,49,25,127,46,47,67,12,42,72,56"/><T87/><D64/><U105/><E85/><V135/><F112/><W14/><G72/><T33/><D33/><U66/><E48/><N who="2" m="30951" /><F1/><W10/><G114/><T34/><D34/><U108/><E20/><V3/><F3/><W13/><G127/><T126/><D126/><U7/><E82/><V116/><F111/><N who="0" m="42506" /><D37/><U32/><E30/><V94/><F135/><W43/><G56/><T97/><D44/><U96/><E96/><N who="0" m="36969" /><D95/><U83/><E83/><V35/><F35/><W62/><G62/><T52/><D52/><U61/><E61/><V73/><F94/><W81/><G81/><T107/><D107/><U131/><E66/><V60/><F63/><W4/><G67/><T104/><D104/><U68/><E68/><V53/><F53/><W132/><G132/><AGARI ba="3,0" hai="77,80,87,89,93,99,132,134" m="36969,42506" machi="132" ten="30,11600,0" yaku="14,1,10,1,34,2" doraHai="8" who="0" fromWho="3" sc="440,125,108,0,221,0,231,-125" /><INIT seed="0,4,0,0,0,22" ten="565,108,221,106" oya="0" hai0="70,14,44,42,48,102,74,115,90,33,52,94,92" hai1="127,57,122,134,62,41,82,123,130,85,64,98,108" hai2="58,26,125,17,34,35,117,79,69,100,46,71,81" hai3="61,54,78,91,77,6,60,114,0,113,128,73,47"/><T20/><D33/><U39/><E108/><V72/><F125/><W66/><G128/><T16/><D74/><U124/><E130/><V96/><F117/><W95/><G61/><T28/><D70/><U76/><E134/><V43/><F58/><W19/><G19/><T89/><D115/><U135/><E135/><V40/><F35/><W111/><G111/><T4/><D28/><U8/><E98/><V84/><F84/><W32/><G32/><T93/><D102/><U68/><E68/><V65/><F65/><W120/><G120/><T101/><D101/><U80/><E8/><V36/><F40/><W118/><G118/><T30/><D30/><U121/><E41/><V13/><F13/><W2/><G2/><T131/><D131/><U29/><E39/><V38/><F38/><W10/><G78/><T51/><REACH who="0" step="1"/><D4/><REACH who="0" ten="555,108,221,106" step="2"/><U126/><E29/><N who="2" m="19767" /><F17/><W133/><G133/><T11/><D11/><U109/><E109/><V3/><F71/><W59/><G114/><T106/><D106/><U129/><E129/><V9/><F69/><W53/><G113/><T97/><D97/><U132/><E132/><V7/><F96/><W67/><G73/><T37/><D37/><U5/><E5/><V112/><F112/><W24/><G6/><T27/><D27/><U15/><E15/><V110/><F100/><W88/><G24/><T103/><D103/><U49/><E123/><V18/><F110/><W87/><G10/><T99/><D99/><U31/><E31/><V107/><F18/><W63/><G0/><T50/><D50/><U12/><E12/><V56/><F107/><RYUUKYOKU ba="4,1" sc="555,15,108,-15,221,15,106,-15" hai0="14,16,20,42,44,48,51,52,89,90,92,93,94" hai2="3,7,9,36,43,46,56,72,79,81" /><INIT seed="0,5,1,0,2,65" ten="570,93,236,91" oya="0" hai0="20,96,105,122,29,132,94,11,51,128,1,44,127" hai1="100,23,14,85,52,73,26,36,25,78,112,131,68" hai2="92,50,98,80,22,107,43,5,64,41,2,110,54" hai3="119,90,129,12,48,57,37,34,47,49,39,124,33"/><T63/><D122/><U46/><E73/><V70/><F110/><W86/><G119/><T126/><D128/><U58/><E68/><V95/><F107/><W91/><G129/><T99/><D105/><U114/><E131/><V72/><F92/><W77/><G77/><T89/><D132/><U28/><E100/><V104/><F104/><W0/><G0/><T6/><D63/><U117/><E117/><V56/><F22/><W76/><G76/><T4/><D4/><U130/><E130/><V81/><F72/><W82/><G124/><N who="0" m="47659" /><D99/><U45/><E14/><V7/><F70/><W133/><G12/><T24/><D51/><U87/><E26/><V106/><F106/><W30/><G133/><T10/><D44/><U53/><E46/><V116/><F64/><W17/><G48/><T83/><D83/><N who="2" m="31818" /><F2/><W75/><G39/><T8/><AGARI ba="5,1" hai="1,6,8,10,11,20,24,29,89,94,96" m="47659" machi="8" ten="30,1500,0" yaku="18,1" doraHai="65" who="0" fromWho="0" sc="570,40,93,-10,236,-10,91,-10" /><INIT seed="0,6,0,4,1,112" ten="610,83,226,81" oya="0" hai0="122,134,16,73,70,93,119,133,49,114,31,130,53" hai1="85,13,33,79,25,128,34,61,51,14,22,107,29" hai2="9,101,52,135,100,54,7,116,41,5,58,55,21" hai3="77,20,74,66,40,80,0,59,98,126,67,90,56"/><T64/><D73/><U11/><E107/><V92/><F135/><W57/><G126/><T106/><D106/><U19/><E61/><V46/><F116/><W105/><G0/><T78/><D78/><U37/><E37/><V8/><F58/><W94/><G40/><T91/><D114/><U45/><E128/><V4/><F21/><W36/><G36/><T28/><D122/><U124/><E124/><V15/><F92/><W86/><REACH who="3" step="1"/><G20/><REACH who="3" ten="610,83,226,71" step="2"/><T110/><D133/><U71/><E34/><V117/><F117/><W62/><G62/><T99/><D119/><U113/><E113/><V12/><F4/><W87/><G87/><T75/><D134/><U127/><E127/><V1/><F1/><W39/><G39/><AGARI ba="6,1" hai="5,7,8,9,12,15,39,41,46,52,54,55,100,101" machi="39" ten="40,2600,0" yaku="9,1,54,1" doraHai="112" who="2" fromWho="3" sc="610,0,83,0,226,54,71,-44" /><INIT seed="1,0,0,5,3,97" ten="610,83,280,27" oya="1" hai0="83,85,73,106,84,0,26,36,41,24,16,90,111" hai1="31,101,80,20,87,18,121,52,95,82,61,133,55" hai2="1,100,11,35,72,6,71,131,123,9,103,120,59" hai3="49,4,109,118,102,66,86,129,47,124,91,127,64"/><U8/><E121/><V70/><F35/><W27/><G109/><T69/><D73/><U75/><E133/><V43/><F72/><W114/><G114/><T77/><D0/><U98/><E75/><V105/><F59/><W104/><G129/><T44/><D69/><U67/><E8/><V112/><F43/><W122/><G122/><T19/><D106/><U79/><E82/><V108/><F105/><W29/><G4/><T68/><D68/><U2/><E2/><V25/><F1/><W22/><G118/><T130/><D111/><U46/><E46/><V57/><F57/><W56/><G56/><T32/><D130/><U33/><E31/><V99/><F99/><N who="3" m="61535" /><G91/><T128/><D128/><U23/><E33/><V42/><F131/><W21/><G86/><T125/><D125/><N who="3" m="48201" /><G22/><T119/><D119/><U13/><REACH who="1" step="1"/><E20/><REACH who="1" ten="610,73,280,27" step="2"/><V51/><F120/><W93/><G93/><T63/><D32/><U62/><E62/><V110/><F123/><W94/><G94/><T117/><D63/><U12/><E12/><V14/><F110/><W34/><G34/><T96/><D117/><U40/><E40/><AGARI ba="0,1" hai="21,27,29,40,47,49,64,66" m="48201,61535" machi="40" ten="30,2000,0" yaku="18,1,52,1" doraHai="97" who="3" fromWho="1" sc="610,0,73,-20,280,0,27,30" /><INIT seed="2,0,0,5,0,120" ten="610,53,280,57" oya="2" hai0="109,111,93,22,125,2,106,72,16,77,32,17,10" hai1="123,90,20,5,117,129,75,39,110,46,4,116,0" hai2="87,98,23,18,47,104,89,12,101,1,67,51,68" hai3="100,54,8,82,27,63,58,35,133,131,7,84,114"/><V69/><F1/><W74/><G74/><T122/><D106/><U112/><E90/><V28/><F67/><W48/><G133/><T34/><D122/><U56/><E56/><V11/><F23/><W41/><G131/><T26/><D125/><U126/><E20/><V134/><F28/><W88/><G114/><T53/><D93/><U31/><E31/><V61/><F61/><W60/><G100/><T132/><D132/><U71/><E46/><V13/><F13/><W91/><G41/><T21/><D53/><U78/><E78/><V6/><F6/><W83/><G27/><N who="0" m="14759" /><D72/><U73/><E5/><V66/><F66/><W94/><G35/><N who="0" m="13355" /><D77/><U107/><E4/><AGARI ba="0,0" hai="2,4,10,17,22,26,109,111" m="13355,14759" machi="4" ten="30,8000,1" yaku="34,2,52,2,54,1" doraHai="120" who="0" fromWho="1" sc="610,80,53,-80,280,0,57,0" owari="690,79.0,-27,-53.0,280,8.0,57,-34.0" /></mjloggm>