<mjloggm ver="2.3"><GO type="97" lobby="0"/><UN n0="%E3%82%AF%E3%83%AC%E3%83%BC%E6%8E%A2%E5%81%B5" n1="%E4%B8%87%E8%83%BD%E3%81%AD%E3%81%8E" n2="%E8%90%BD%E6%B0%B4" n3="%E5%B0%B1%E6%B4%BB%E7%94%9F%40%E5%B7%9D%E6%9D%91%E8%BB%8D%E5%9B%A3" dan="13,15,15,14" rate="1807.30,2002.76,2004.50,1933.19" sx="M,M,M,M"/><TAIKYOKU oya="0"/><INIT seed="0,0,0,4,3,94" ten="250,250,250,250" oya="0" hai0="47,78,115,63,68,118,101,19,124,119,49,30,109" hai1="41,89,102,122,87,67,66,42,125,85,60,31,20" hai2="56,133,74,45,58,76,107,14,51,52,29,39,32" hai3="28,96,61,71,126,135,127,46,36,95,2,34,27"/><T114/><D124/><N who="3" m="47657" /><G2/><T105/><D78/><U111/><E122/><V53/><F107/><W13/><G135/><T103/><D30/><U106/><E125/><V37/><F133/><W1/><G1/><T129/><D129/><U59/><E111/><V98/><F76/><W72/><G72/><T100/><D109/><U62/><E87/><V22/><F74/><W121/><G121/><T93/><D105/><U55/><E55/><V81/><F81/><W50/><G13/><T84/><D19/><U73/><E73/><V90/><F32/><W108/><G108/><T112/><D84/><U86/><E86/><V130/><F130/><W70/><G61/><T120/><D120/><U116/><E116/><V88/><F45/><W6/><G6/><T104/><D104/><U132/><E132/><V131/><F131/><W65/><G65/><T26/><D26/><U44/><E44/><V110/><F110/><W134/><G36/><T80/><D80/><U7/><E7/><V11/><F39/><W9/><G9/><T117/><D68/><U10/><E10/><V0/><F0/><W128/><G128/><T5/><D63/><U21/><E60/><N who="2" m="35847" /><F37/><W38/><G38/><T77/><D77/><U25/><E67/><V17/><F98/><W97/><G134/><T16/><D119/><U82/><REACH who="1" step="1"/><E21/><REACH who="1" ten="250,240,250,250" step="2"/><V48/><F48/><W99/><G95/><T43/><D118/><U33/><E33/><V92/><F92/><W69/><G69/><T18/><D117/><U54/><E54/><AGARI ba="0,1" hai="27,28,34,46,50,54,70,71,96,97,99" m="47657" machi="54" ten="30,7700,0" yaku="18,1,52,3" doraHai="94" who="3" fromWho="1" sc="250,0,240,-77,250,0,250,87" /><INIT seed="1,0,0,5,3,126" ten="250,163,250,337" oya="1" hai0="28,21,25,76,130,127,29,132,44,38,93,105,84" hai1="50,12,109,116,6,108,123,57,17,48,129,125,83" hai2="52,72,71,107,104,102,15,43,112,35,121,20,55" hai3="9,2,100,30,13,60,23,58,59,18,120,92,39"/><U26/><E123/><V122/><F72/><W62/><G120/><T40/><D105/><U74/><E125/><V86/><F35/><W61/><G39/><T8/><D127/><U37/><E37/><V91/><F71/><W33/><G33/><T11/><D132/><U128/><E116/><V10/><F43/><W131/><G131/><N who="1" m="50250" /><E6/><V98/><F107/><W96/><G2/><T101/><D29/><U65/><E26/><AGARI ba="0,0" hai="9,13,18,23,26,30,58,59,60,61,62,92,96,100" machi="26" ten="40,1300,0" yaku="8,1" doraHai="126" who="3" fromWho="1" sc="250,0,163,-13,250,0,337,13" /><INIT seed="2,0,0,3,3,39" ten="250,150,250,350" oya="2" hai0="16,22,81,95,71,101,90,50,97,67,107,23,12" hai1="59,114,135,19,30,100,49,110,77,128,88,86,66" hai2="48,105,56,21,94,112,132,34,15,109,134,127,20" hai3="28,54,58,69,84,72,40,131,46,0,73,115,27"/><V130/><F105/><W82/><G69/><T8/><D81/><U11/><E114/><V63/><F112/><W117/><G117/><T102/><D102/><U31/><E110/><V43/><F34/><W51/><G115/><T120/><D120/><U103/><E128/><V104/><F104/><W87/><G0/><T45/><D67/><U7/><E135/><N who="2" m="51755" /><F130/><W2/><G2/><T96/><REACH who="0" step="1"/><D71/><REACH who="0" ten="240,150,250,350" step="2"/><U89/><E77/><V26/><F109/><W122/><G122/><T3/><D3/><U116/><E116/><V123/><F123/><W119/><G119/><T99/><D99/><U14/><E19/><N who="2" m="10367" /><F94/><W79/><G131/><T44/><D44/><U6/><E6/><V18/><F127/><W55/><G72/><T68/><D68/><U57/><E57/><V60/><F56/><W38/><G73/><T118/><D118/><U121/><E121/><V91/><F91/><N who="1" m="34889" /><E86/><V25/><F18/><W108/><G108/><T32/><D32/><U35/><E35/><V47/><F47/><W85/><G79/><T36/><D36/><U17/><E17/><V75/><F75/><W62/><G82/><T74/><D74/><U29/><E66/><V1/><F1/><W10/><G38/><T80/><D80/><U13/><E13/><V24/><F21/><N who="3" m="15471" /><G10/><T64/><D64/><AGARI ba="0,1" hai="40,46,51,54,55,58,62,64,84,85,87" m="15471" machi="64" ten="30,2000,0" yaku="8,1,52,1" doraHai="39" who="3" fromWho="0" sc="240,-20,150,0,250,0,350,30" /><INIT seed="3,0,0,0,4,97" ten="220,150,250,380" oya="3" hai0="20,132,22,70,40,92,1,106,45,72,34,19,60" hai1="50,84,61,35,113,65,33,36,75,103,10,30,42" hai2="7,11,6,120,69,76,52,102,3,100,21,38,17" hai3="87,13,89,86,9,47,23,117,15,56,41,0,93"/><W91/><G0/><T80/><D34/><U104/><E84/><V48/><F69/><W83/><G117/><T88/><D106/><U98/><E50/><V71/><F71/><W123/><G123/><T135/><BYE who="3" /><D1/><U59/><E113/><UN n3="%E5%B0%B1%E6%B4%BB%E7%94%9F%40%E5%B7%9D%E6%9D%91%E8%BB%8D%E5%9B%A3" /><V127/><F38/><W8/><G56/><T66/><D72/><U109/><E109/><V77/><F7/><W118/><G118/><T110/><D80/><U134/><E134/><N who="0" m="51241" /><D19/><U73/><E10/><N who="3" m="4202" /><G23/><T94/><D94/><U57/><E57/><N who="2" m="32903" /><F127/><W37/><G37/><N who="0" m="21647" /><D110/><U78/><E78/><N who="2" m="30315" /><F120/><W107/><G107/><T24/><D24/><U125/><E125/><V99/><F99/><AGARI ba="0,0" hai="20,22,60,66,70,88,92,99" m="21647,51241" machi="99" ten="30,2000,0" yaku="20,1,54,1" doraHai="97" who="0" fromWho="2" sc="220,20,150,0,250,-20,380,0" owari="240,4.0,150,-35.0,230,-17.0,380,48.0" /></mjloggm>