<mjloggm ver="2.3"><GO type="97" lobby="0"/><UN n0="%E5%B0%B1%E6%B4%BB%E7%94%9F%40%E5%B7%9D%E6%9D%91%E8%BB%8D%E5%9B%A3" n1="%6B%61%67%65%79%61%6D%61" n2="%E6%88%AF%E9%AA%B8" n3="%E5%85%83%E7%A6%84" dan="15,15,15,15" rate="1989.13,1957.20,2039.19,1986.65" sx="M,M,M,M"/><TAIKYOKU oya="0"/><INIT seed="0,0,0,5,3,70" ten="250,250,250,250" oya="0" hai0="29,84,124,86,6,73,31,21,130,111,24,127,15" hai1="60,59,12,8,110,129,4,36,79,128,28,135,35" hai2="10,48,112,100,27,50,101,18,46,37,76,81,94" hai3="9,118,114,63,51,96,87,13,99,116,88,72,3"/><T103/><D73/><U11/><E110/><V104/><F104/><W17/><G72/><T107/><D111/><U90/><E135/><V44/><F112/><W69/><G114/><T78/><D130/><N who="1" m="50283" /><E79/><V108/><F108/><W105/><G3/><T132/><D132/><U22/><E90/><V123/><F123/><W119/><G105/><T55/><D31/><U23/><E36/><V80/><F94/><W131/><G131/><T106/><D55/><N who="1" m="33919" /><E11/><V16/><F27/><AGARI ba="0,0" hai="4,8,12,22,23,27,28,35" m="33919,50283" machi="27" ten="30,1000,0" yaku="19,1" doraHai="70" who="1" fromWho="2" sc="250,0,250,10,250,-10,250,0" /><INIT seed="1,0,0,0,4,99" ten="250,260,240,250" oya="1" hai0="82,90,57,77,73,65,16,60,13,112,8,61,85" hai1="15,58,1,114,75,86,25,79,29,2,118,120,46" hai2="72,121,14,97,69,115,30,131,23,109,92,122,83" hai3="37,133,45,89,110,105,100,128,50,19,9,113,43"/><U130/><E114/><V66/><F109/><W106/><G113/><T21/><D112/><U5/><E120/><V54/><F131/><W62/><G110/><T48/><D48/><U96/><E130/><V42/><F42/><W47/><G128/><T67/><D8/><U117/><E117/><V10/><F115/><W18/><G133/><T64/><REACH who="0" step="1"/><D61/><REACH who="0" ten="240,260,240,250" step="2"/><U40/><E118/><V55/><F121/><W27/><G62/><T20/><D20/><U78/><E75/><V52/><F122/><W51/><G9/><T98/><D98/><U6/><E96/><V36/><F36/><W28/><G37/><T53/><D53/><U59/><E40/><V17/><F66/><W11/><G11/><T44/><D44/><U49/><E46/><V22/><F23/><W95/><G51/><T111/><D111/><U70/><E49/><V119/><F119/><W88/><G47/><T7/><D7/><U132/><E6/><V124/><F22/><W63/><G63/><T32/><D32/><U102/><E5/><V80/><F72/><W26/><G50/><T74/><D74/><U71/><E2/><V129/><F129/><W125/><G45/><T123/><D123/><U84/><E1/><V134/><F55/><W34/><G34/><T68/><D68/><U87/><E71/><V3/><F69/><W31/><G43/><T93/><AGARI ba="0,1" hai="13,16,21,57,60,64,65,67,73,77,82,85,90,93" machi="93" ten="20,5200,0" yaku="1,1,0,1,7,1,54,1,53,0" doraHai="99" doraHaiUra="33" who="0" fromWho="0" sc="240,62,260,-26,240,-13,250,-13" /><INIT seed="2,0,0,3,2,127" ten="302,234,227,237" oya="2" hai0="90,15,115,54,17,96,66,50,79,65,108,27,129" hai1="39,40,87,122,59,12,98,103,51,71,1,18,33" hai2="84,22,68,14,47,3,121,25,19,109,76,106,69" hai3="43,134,29,6,63,92,99,112,125,95,67,35,118"/><V130/><F121/><W113/><G118/><T8/><D129/><U94/><E122/><V26/><F106/><W111/><G125/><T42/><D108/><U105/><E1/><V133/><F3/><W97/><G111/><T13/><D115/><N who="3" m="44105" /><G43/><T104/><D79/><U5/><E5/><V55/><F109/><W86/><G6/><N who="0" m="3223" /><D104/><U2/><E2/><V107/><F107/><W85/><G29/><T77/><D42/><U32/><E71/><V83/><F133/><W48/><G48/><T46/><D77/><U45/><E39/><V81/><F130/><W132/><G35/><T52/><D27/><U16/><E18/><V93/><F83/><W102/><G63/><T126/><D54/><U36/><E36/><V30/><F93/><W0/><G67/><T62/><D62/><U20/><E59/><V131/><F26/><W21/><G21/><N who="0" m="11455" /><D126/><U80/><E105/><V23/><REACH who="2" step="1"/><F131/><REACH who="2" ten="302,234,217,237" step="2"/><W119/><G0/><T110/><D110/><U4/><E4/><V41/><F41/><W100/><G119/><T24/><D24/><U31/><E31/><V73/><F73/><W78/><G78/><AGARI ba="0,1" hai="12,16,20,32,33,40,45,51,78,80,87,94,98,103" machi="78" ten="30,2000,0" yaku="7,1,54,1" doraHai="127" who="1" fromWho="3" sc="302,0,234,30,217,0,237,-20" /><INIT seed="3,0,0,4,2,104" ten="302,264,217,217" oya="3" hai0="17,24,54,14,13,31,51,94,57,27,50,62,79" hai1="80,111,47,67,96,101,5,95,16,129,125,39,26" hai2="38,19,63,1,81,66,118,10,113,15,44,97,7" hai3="90,108,25,72,37,102,56,48,64,28,86,93,58"/><W91/><G37/><T0/><D0/><U32/><E111/><V30/><F113/><W42/><G102/><T21/><D79/><U52/><E125/><V115/><F118/><W4/><G4/><T46/><D94/><U29/><E129/><V128/><F115/><W6/><G6/><T98/><D98/><U84/><E67/><V87/><F128/><W12/><G12/><T83/><D83/><U92/><E5/><V100/><F30/><W34/><G72/><T132/><D132/><U69/><E69/><V119/><F119/><W127/><G127/><T61/><D14/><U41/><E92/><V20/><F38/><W76/><G76/><T23/><D27/><U85/><E80/><V78/><F44/><N who="3" m="25623" /><G64/><T68/><D68/><U65/><E65/><V33/><F33/><W8/><G8/><T134/><D134/><U40/><E40/><AGARI ba="0,0" hai="13,17,21,23,24,31,40,46,50,51,54,57,61,62" machi="40" ten="30,2000,0" yaku="7,1,8,1" doraHai="104" who="0" fromWho="1" sc="302,20,264,-20,217,0,217,0" owari="322,42.0,244,4.0,217,-18.0,217,-28.0" /></mjloggm>