<mjloggm ver="2.3"><GO type="97" lobby="0"/><UN n0="%63%74%32%30%30%30%68" n1="%E5%B0%B1%E6%B4%BB%E7%94%9F%40%E5%B7%9D%E6%9D%91%E8%BB%8D%E5%9B%A3" n2="%E6%97%A5%E5%90%89%E3%81%AE%E8%B1%AA%E9%82%B8" n3="%E3%82%81%E3%82%8D%E3%82%93%E3%81%B1%E3%82%93" dan="14,15,15,14" rate="1924.46,1983.53,2033.85,1893.97" sx="M,M,M,F"/><TAIKYOKU oya="0"/><INIT seed="0,0,0,1,4,29" ten="250,250,250,250" oya="0" hai0="120,13,119,21,20,41,67,98,55,85,125,107,54" hai1="73,75,87,128,93,129,103,95,104,122,66,27,74" hai2="32,105,108,35,106,40,30,78,53,15,19,60,115" hai3="45,127,96,37,61,86,102,49,72,84,123,31,12"/><T58/><D120/><U63/><E122/><V9/><F115/><W68/><G123/><T81/><D119/><U33/><E33/><V46/><F78/><W36/><G72/><T130/><D130/><N who="1" m="50283" /><E27/><V34/><F108/><W64/><G127/><T83/><D125/><U4/><E4/><V91/><F91/><W10/><G31/><T111/><D111/><U5/><E5/><V17/><F17/><W88/><G96/><T23/><D41/><U47/><E47/><V89/><F30/><W56/><G102/><T97/><D107/><U77/><E63/><V100/><F100/><W131/><G131/><T133/><D133/><U0/><E66/><V59/><REACH who="2" step="1"/><F89/><REACH who="2" ten="250,250,240,250" step="2"/><W26/><G88/><N who="0" m="51247" /><D83/><N who="1" m="47599" /><E0/><V65/><F65/><W25/><G64/><T18/><D67/><U43/><E43/><V48/><AGARI ba="0,1" hai="9,15,19,32,34,35,40,46,48,53,59,60,105,106" machi="48" ten="30,8000,1" yaku="1,1,0,1,52,3,53,0" doraHai="29" doraHaiUra="2" who="2" fromWho="2" sc="250,-40,250,-20,240,90,250,-20" /><INIT seed="1,0,0,4,1,23" ten="210,230,330,230" oya="1" hai0="3,82,89,60,13,103,106,108,129,77,100,123,130" hai1="105,22,41,99,66,81,62,48,131,135,113,125,87" hai2="112,43,75,118,8,44,110,2,53,69,115,65,56" hai3="102,96,91,128,47,134,73,32,17,30,14,46,98"/><U61/><E113/><N who="2" m="43595" /><F75/><W68/><G68/><T5/><D3/><U1/><E1/><V117/><F2/><W4/><G73/><N who="0" m="43311" /><D5/><U80/><E131/><N who="0" m="50185" /><D13/><U119/><E119/><V67/><F8/><W74/><G74/><T57/><D57/><U97/><E125/><V94/><F94/><W122/><G128/><T58/><D58/><U29/><E135/><V104/><F104/><W92/><G4/><T54/><D54/><U124/><E105/><V33/><F33/><W63/><G134/><T95/><D60/><N who="1" m="23147" /><E81/><V78/><F78/><W40/><G122/><T12/><D12/><U7/><E7/><V45/><F110/><W51/><G63/><T64/><D64/><N who="2" m="24650" /><F69/><W21/><G47/><N who="2" m="17993" /><F43/><W34/><REACH who="3" step="1"/><G30/><REACH who="3" ten="210,230,330,220" step="2"/><T27/><D108/><U10/><E29/><V25/><F118/><W93/><AGARI ba="0,1" hai="14,17,21,32,34,40,46,51,91,92,93,96,98,102" machi="93" ten="20,5200,0" yaku="1,1,2,1,0,1,7,1,53,0" doraHai="23" doraHaiUra="72" who="3" fromWho="3" sc="210,-13,230,-26,330,-13,220,62" /><INIT seed="2,0,0,0,0,92" ten="197,204,317,282" oya="2" hai0="5,120,111,72,55,114,9,126,125,62,60,27,65" hai1="58,110,15,57,117,94,109,26,59,77,124,30,14" hai2="105,54,80,135,112,20,31,134,40,88,107,78,66" hai3="100,73,85,18,35,95,87,1,33,21,11,25,23"/><V47/><F112/><W38/><G73/><T108/><D72/><U104/><E104/><V121/><F121/><W129/><G38/><T74/><D74/><U24/><E117/><V101/><F66/><W49/><G129/><T71/><D120/><U81/><E124/><N who="0" m="47721" /><D114/><U96/><E81/><V42/><F101/><W63/><G63/><T70/><D27/><U130/><E77/><V10/><F10/><W115/><G115/><T79/><D79/><U98/><E94/><V4/><F4/><W118/><G118/><T116/><D116/><U50/><E50/><V36/><F42/><W44/><G35/><T2/><D55/><U119/><E119/><V13/><F54/><W82/><G33/><T83/><D83/><U12/><E130/><V102/><F107/><W131/><G131/><T76/><D76/><U67/><E67/><AGARI ba="0,0" hai="2,5,9,60,62,65,67,70,71,108,111" m="47721" machi="67" ten="30,2000,0" yaku="18,1,23,1" doraHai="92" who="0" fromWho="1" sc="197,20,204,-20,317,0,282,0" /><INIT seed="3,0,0,3,2,61" ten="217,184,317,282" oya="3" hai0="105,35,55,13,104,39,71,80,2,63,88,112,128" hai1="7,129,69,77,109,3,53,117,133,46,122,8,4" hai2="6,65,100,16,28,23,45,74,14,86,99,50,103" hai3="51,134,49,84,22,119,123,36,130,58,26,108,96"/><W85/><G123/><T68/><D39/><U114/><E7/><V9/><F74/><W72/><G72/><T93/><D2/><U21/><E114/><V52/><F86/><W67/><G119/><T24/><D112/><U78/><E122/><V42/><F28/><W97/><G36/><T56/><D128/><U73/><E117/><V98/><F65/><W34/><G34/><T124/><D124/><U15/><E129/><V79/><F79/><W59/><G130/><T29/><D105/><U101/><E109/><V91/><F42/><W118/><G118/><T113/><D104/><U48/><E133/><V131/><F131/><W94/><G134/><T82/><D113/><U0/><E101/><N who="2" m="38987" /><F91/><N who="3" m="53607" /><G85/><T41/><D41/><U31/><E69/><V20/><F20/><W11/><G11/><T47/><D47/><U132/><E132/><V115/><F115/><W12/><G12/><AGARI ba="0,0" hai="6,9,12,14,16,23,45,50,52,98,99" m="38987" machi="12" ten="30,3900,0" yaku="8,1,54,2" doraHai="61" who="2" fromWho="3" sc="217,0,184,0,317,39,282,-39" owari="217,-18.0,184,-32.0,356,46.0,243,4.0" /></mjloggm>