<mjloggm ver="2.3"><GO type="169" lobby="0"/><UN n0="%E5%A4%AA%E3%81%8F%E3%81%AA%E3%81%84%E3%81%8A" n1="%E4%B8%8A%E6%9F%BF%E3%82%81%E3%81%90%E3%81%BF" n2="%E9%9C%8D%E9%9D%92%E5%A8%A5" n3="%E3%82%A6%E3%83%AB%E3%83%88%E3%83%A9%E7%AB%8B%E7%9B%B4" dan="17,17,16,17" rate="2131.78,2147.90,2123.94,2138.11" sx="M,F,F,M"/><TAIKYOKU oya="0"/><INIT seed="0,0,0,1,4,107" ten="250,250,250,250" oya="0" hai0="110,34,86,113,122,1,129,43,21,130,120,37,64" hai1="117,125,93,2,80,73,87,91,85,52,111,65,53" hai2="0,56,97,127,68,74,48,38,78,35,18,17,108" hai3="100,134,23,5,119,33,89,16,106,124,10,25,116"/><T55/><D34/><U61/><E117/><V11/><F68/><W3/><G124/><T26/><D113/><U19/><E125/><V54/><F127/><W7/><G134/><T71/><D1/><U60/><E2/><V15/><F108/><W102/><G7/><T94/><D110/><U133/><E111/><V28/><F0/><W84/><G33/><T109/><D109/><U99/><E133/><V20/><F38/><W82/><REACH who="3" step="1"/><G106/><REACH who="3" ten="250,250,250,240" step="2"/><T62/><D120/><U115/><E115/><V79/><F35/><W95/><G95/><T9/><D94/><U131/><E131/><V121/><F121/><W104/><G104/><T41/><D122/><U42/><E93/><V103/><F28/><W66/><G66/><T98/><D64/><U72/><E65/><V40/><F18/><W50/><G50/><T47/><D130/><U132/><E132/><V29/><F29/><W13/><G13/><T77/><D129/><U114/><E114/><V83/><F48/><W31/><G31/><T51/><D51/><U63/><E63/><V22/><F15/><W90/><G90/><T135/><D135/><U105/><E105/><V12/><F12/><W39/><G39/><T59/><D37/><U49/><E49/><V36/><F36/><W76/><G76/><T6/><D77/><U96/><E91/><V69/><F79/><W88/><G88/><T4/><D62/><U46/><E19/><V44/><F17/><W70/><G70/><T128/><D128/><U92/><E92/><V126/><F69/><W112/><G112/><T118/><D71/><U30/><E30/><RYUUKYOKU ba="0,1" sc="250,-10,250,-10,250,-10,240,30" hai3="3,5,10,16,23,25,82,84,89,100,102,116,119" /><INIT seed="1,1,1,1,4,28" ten="240,240,240,270" oya="1" hai0="102,36,69,32,111,19,8,119,65,0,42,14,133" hai1="3,52,89,55,6,132,17,78,86,75,13,72,99" hai2="35,94,56,48,95,31,51,97,104,100,49,115,114" hai3="120,1,66,76,7,47,68,77,103,73,37,113,22"/><U57/><E132/><V90/><F56/><W20/><G120/><T79/><D119/><U60/><E78/><V130/><F130/><W82/><G76/><T116/><D116/><U41/><E41/><V96/><REACH who="2" step="1"/><F104/><REACH who="2" ten="240,240,230,270" step="2"/><W131/><G131/><T15/><D133/><U71/><E71/><V85/><F85/><W54/><G68/><T122/><D69/><U38/><E75/><V12/><F12/><W9/><G113/><T11/><D15/><U125/><E72/><V18/><F18/><W64/><G66/><T45/><D19/><U62/><E3/><V59/><F59/><W27/><G64/><T23/><D14/><U124/><E99/><V39/><F39/><W43/><G103/><T63/><D36/><U107/><E38/><V87/><F87/><W101/><G101/><T4/><D102/><U40/><E107/><V5/><F5/><W34/><G54/><N who="1" m="20522" /><E57/><V30/><F30/><AGARI ba="1,2" hai="1,7,9,20,22,27,30,34,37,43,47,73,77,82" machi="30" ten="40,5200,0" yaku="25,2,52,1" doraHai="28" who="3" fromWho="2" sc="240,0,240,0,230,-55,270,75" /><INIT seed="2,0,0,0,4,26" ten="240,240,175,345" oya="2" hai0="74,54,34,23,110,113,58,128,61,114,40,21,47" hai1="116,119,88,12,109,13,49,129,62,98,91,122,67" hai2="135,8,66,51,17,32,43,79,95,7,127,123,69" hai3="1,125,3,14,5,16,10,131,118,130,80,42,30"/><V93/><F123/><W24/><G42/><T56/><D34/><U89/><E122/><V126/><F135/><W85/><G118/><T18/><D74/><U45/><E109/><V28/><F79/><W70/><G70/><T68/><D110/><U55/><E129/><N who="3" m="49162" /><G125/><N who="2" m="47625" /><F17/><W124/><G124/><T38/><D128/><U92/><E116/><V41/><F66/><W50/><G50/><T60/><D68/><U71/><REACH who="1" step="1"/><E119/><REACH who="1" ten="240,230,175,345" step="2"/><V46/><F69/><W102/><G5/><T35/><D35/><U9/><E9/><V52/><F8/><W101/><G3/><T65/><REACH who="0" step="1"/><D23/><REACH who="0" ten="230,230,175,345" step="2"/><U133/><E133/><V103/><F32/><N who="3" m="20551" /><G1/><T4/><D4/><U77/><E77/><AGARI ba="0,2" hai="10,14,16,77,80,85,101,102" m="20551,49162" machi="77" ten="30,3900,0" yaku="19,1,52,1,54,1" doraHai="26" who="3" fromWho="1" sc="230,0,230,-39,175,0,345,59" /><INIT seed="3,0,0,2,4,65" ten="230,191,175,404" oya="3" hai0="124,83,16,114,66,9,103,112,134,123,92,63,81" hai1="80,99,102,12,87,50,1,110,0,77,59,84,76" hai2="107,38,35,37,24,129,79,36,27,18,28,130,106" hai3="109,40,131,10,122,33,30,51,46,68,117,44,73"/><W11/><G122/><T116/><D116/><U126/><E110/><V26/><F79/><W8/><G117/><T5/><D123/><U49/><E126/><V48/><F48/><W54/><G73/><T29/><D29/><U115/><E115/><N who="0" m="44073" /><D124/><U86/><E1/><V22/><REACH who="2" step="1"/><F27/><REACH who="2" ten="230,191,165,404" step="2"/><W45/><G51/><T105/><D134/><U23/><E77/><V6/><F6/><W67/><G109/><T94/><D5/><U93/><E0/><V15/><F15/><W58/><G40/><T128/><D128/><AGARI ba="0,1" hai="18,22,24,26,28,35,36,37,38,106,107,128,129,130" machi="128" ten="50,3200,0" yaku="1,1,19,1,53,0" doraHai="65" doraHaiUra="85" who="2" fromWho="0" sc="230,-32,191,0,165,42,404,0" /><INIT seed="4,0,0,1,3,27" ten="198,191,207,404" oya="0" hai0="4,112,69,78,135,19,8,60,106,24,103,121,9" hai1="131,82,47,74,50,88,36,49,99,39,115,90,62" hai2="38,79,107,29,10,5,100,127,26,46,48,132,87" hai3="17,33,80,117,116,14,15,54,1,65,119,134,16"/><T57/><D112/><U52/><E131/><V59/><F38/><W41/><G41/><T22/><D121/><U71/><E115/><V66/><F127/><W72/><G65/><T73/><D69/><U23/><E74/><V93/><F107/><W122/><G54/><T37/><D37/><U77/><E23/><V97/><F132/><W13/><G72/><T102/><D135/><U126/><E126/><V12/><F79/><W18/><G80/><T130/><D130/><U11/><E11/><V7/><F87/><W6/><G134/><T35/><D106/><U32/><E32/><V21/><F7/><W70/><G70/><T68/><D68/><U108/><E108/><V43/><F59/><W109/><G109/><T85/><D73/><U95/><E90/><V110/><F110/><W98/><G98/><T128/><D35/><U28/><E28/><V3/><REACH who="2" step="1"/><F66/><REACH who="2" ten="198,191,197,404" step="2"/><W81/><G122/><T84/><D128/><U129/><E129/><V111/><F111/><W64/><G64/><N who="0" m="38927" /><D4/><U113/><E113/><V76/><F76/><W118/><G118/><T45/><D45/><N who="1" m="27695" /><E77/><V101/><F101/><N who="0" m="38410" /><D85/><N who="1" m="50231" /><E71/><V42/><F42/><W92/><G117/><T58/><D58/><U44/><E44/><V67/><F67/><W83/><G119/><T40/><D40/><N who="1" m="24935" /><E62/><V25/><F25/><W91/><G116/><T55/><D55/><U34/><E39/><V104/><F104/><W56/><G56/><T133/><D133/><U123/><E36/><V51/><F51/><W53/><G53/><T75/><D75/><U30/><E123/><V120/><F120/><W31/><G6/><RYUUKYOKU ba="0,1" sc="198,15,191,-15,197,15,404,-15" hai0="8,9,19,22,24,78,84" hai2="3,5,10,12,21,26,29,43,46,48,93,97,100" /><INIT seed="4,1,1,4,2,91" ten="213,176,212,389" oya="0" hai0="45,17,98,78,32,64,87,83,89,31,85,56,94" hai1="73,84,119,63,123,51,122,113,118,126,26,12,35" hai2="8,129,106,9,36,108,28,121,62,134,76,13,69" hai3="96,52,112,5,41,4,68,58,24,29,79,101,102"/><T135/><D135/><U93/><E73/><V115/><F108/><W60/><G112/><T81/><D32/><U37/><E37/><V25/><F121/><N who="1" m="46089" /><E51/><V2/><F115/><W46/><G79/><T42/><D31/><N who="1" m="19959" /><E63/><V70/><F134/><W20/><G68/><T1/><D1/><U111/><E113/><V61/><F36/><W80/><G80/><T103/><D17/><U72/><E72/><V124/><F76/><W6/><REACH who="3" step="1"/><G96/><REACH who="3" ten="213,176,212,379" step="2"/><T10/><D81/><U22/><E111/><V21/><F70/><W77/><G77/><T95/><D78/><U43/><E84/><V114/><F114/><W3/><G3/><T7/><D85/><U90/><E118/><V11/><F69/><W127/><G127/><T0/><D83/><U47/><E119/><V110/><F110/><W105/><G105/><T38/><D87/><U104/><E104/><V49/><F124/><W107/><G107/><T75/><D75/><U82/><E82/><V99/><F106/><W27/><G27/><T67/><D98/><U92/><E126/><V130/><F99/><W59/><G59/><T88/><D56/><U71/><E71/><V33/><F2/><W100/><G100/><T57/><D57/><U109/><E109/><V30/><F25/><W117/><G117/><T14/><D0/><U131/><E12/><V18/><F13/><W125/><G125/><T15/><D15/><U74/><E74/><V48/><F129/><W65/><G65/><N who="0" m="25163" /><D103/><U97/><E131/><V86/><F130/><W53/><G53/><T116/><D116/><U54/><E54/><V40/><F86/><RYUUKYOKU ba="1,2" sc="213,15,176,-15,212,-15,379,15" hai0="7,10,14,38,42,45,88,89,94,95" hai3="4,5,6,20,24,29,41,46,52,58,60,101,102" /><INIT seed="4,2,2,4,1,15" ten="228,161,197,394" oya="0" hai0="101,32,77,93,110,57,53,131,95,17,60,26,20" hai1="128,90,23,124,91,111,89,40,37,74,69,119,96" hai2="55,51,10,61,130,65,44,126,97,19,8,80,81" hai3="14,84,54,36,127,64,100,133,0,24,41,116,98"/><T112/><D112/><U86/><E119/><V49/><F130/><W58/><G0/><T13/><D131/><U88/><E69/><V30/><F126/><W83/><G127/><T78/><D110/><U121/><E128/><V75/><F30/><W7/><G133/><T50/><D32/><U120/><E124/><V62/><F97/><W67/><G41/><T68/><D68/><U25/><E74/><V122/><F122/><W125/><G36/><T73/><D73/><U118/><E118/><V46/><F75/><W4/><G24/><T27/><D101/><U79/><E111/><V109/><F109/><W38/><G38/><T106/><D106/><U45/><E96/><V113/><F113/><W52/><G54/><T47/><D95/><U1/><E1/><V108/><F108/><W3/><G3/><T11/><D93/><U39/><E39/><V105/><F105/><W70/><G70/><T76/><REACH who="0" step="1"/><D11/><REACH who="0" ten="218,161,197,394" step="2"/><U99/><E120/><V134/><F134/><W48/><G100/><T29/><D29/><N who="1" m="17599" /><E121/><V18/><F65/><AGARI ba="2,3" hai="13,17,20,26,27,47,50,53,57,60,65,76,77,78" machi="65" ten="40,7700,0" yaku="1,1,8,1,52,1,53,0" doraHai="15" doraHaiUra="103" who="0" fromWho="2" sc="218,113,161,0,197,-83,394,0" /><INIT seed="4,3,0,2,3,74" ten="331,161,114,394" oya="0" hai0="68,30,102,103,76,55,42,108,57,84,120,125,82" hai1="20,123,97,133,10,121,83,75,59,78,3,28,48" hai2="60,98,114,40,77,87,107,33,9,112,66,8,26" hai3="129,54,113,69,89,5,29,45,106,135,34,111,43"/><T67/><D120/><U110/><E110/><V17/><F40/><W46/><G106/><T35/><D108/><U88/><E133/><V73/><F73/><W99/><G5/><T118/><D118/><U1/><E28/><N who="2" m="19607" /><F17/><W101/><G69/><T91/><D125/><U116/><E116/><V131/><F131/><W37/><G113/><N who="2" m="43625" /><F98/><W31/><G31/><T52/><D42/><U56/><E20/><V104/><F104/><W51/><G34/><T61/><D55/><U13/><E3/><V64/><F107/><W130/><G29/><T58/><D68/><U127/><E1/><V36/><F36/><W100/><G135/><T96/><D35/><U50/><E127/><V23/><F23/><W90/><G111/><T18/><D18/><U85/><E75/><V109/><F109/><W65/><G37/><T2/><D2/><U94/><E121/><V95/><F95/><W49/><G65/><N who="2" m="25193" /><F60/><W16/><G16/><T93/><D30/><U25/><E25/><V47/><F47/><W86/><G99/><T62/><AGARI ba="3,0" hai="52,57,58,61,62,67,76,82,84,91,93,96,102,103" machi="62" ten="20,12000,1" yaku="0,1,7,1,8,1,52,1,54,1" doraHai="74" who="0" fromWho="0" sc="331,129,161,-43,114,-43,394,-43" /><INIT seed="4,4,0,4,0,61" ten="460,118,71,351" oya="0" hai0="59,18,91,6,90,88,94,81,120,26,117,62,30" hai1="101,23,75,32,22,37,111,96,42,78,35,47,16" hai2="31,56,114,83,45,1,135,85,63,4,77,25,40" hai3="110,3,118,92,65,24,33,44,48,95,41,125,105"/><T132/><D120/><U113/><E111/><V99/><F114/><W107/><G110/><T5/><D117/><U134/><E134/><V13/><F1/><W74/><G118/><T112/><D132/><U53/><E113/><V68/><F68/><W133/><G133/><T8/><D112/><U52/><E32/><V60/><F135/><W50/><G74/><T43/><D43/><U89/><E35/><V73/><F73/><W49/><G3/><T39/><D39/><U58/><E89/><V106/><F106/><W108/><G108/><T71/><D71/><U115/><E115/><V76/><F99/><W17/><G33/><T80/><D94/><U103/><E75/><V127/><F127/><W38/><G125/><T9/><D30/><U29/><E78/><V121/><F121/><W2/><G2/><T0/><D26/><U19/><E29/><V124/><F124/><W64/><G107/><T21/><D21/><U79/><E79/><V54/><F77/><W12/><G24/><T102/><D102/><U51/><E53/><V72/><F72/><W98/><G105/><T15/><REACH who="0" step="1"/><D5/><REACH who="0" ten="450,118,71,351" step="2"/><U119/><E119/><V69/><F25/><W10/><REACH who="3" step="1"/><G92/><REACH who="3" ten="450,118,71,341" step="2"/><T97/><D97/><U93/><E96/><V70/><F31/><W57/><G57/><T84/><D84/><U82/><E93/><V109/><F109/><W20/><G20/><N who="1" m="7722" /><E82/><V123/><F123/><W104/><G104/><T67/><AGARI ba="4,2" hai="0,6,8,9,15,18,59,62,67,80,81,88,90,91" machi="67" ten="30,11700,0" yaku="1,1,0,1,52,1,54,1,53,0" doraHai="61" doraHaiUra="126" who="0" fromWho="0" sc="450,149,118,-43,71,-43,341,-43" /><INIT seed="4,5,0,4,1,70" ten="599,75,28,298" oya="0" hai0="8,15,64,35,133,25,31,79,127,3,100,112,36" hai1="107,66,58,18,131,110,5,52,54,87,102,0,98" hai2="23,46,91,121,123,109,57,132,78,17,39,99,10" hai3="90,67,118,85,47,111,53,125,32,29,4,104,126"/><T60/><D112/><U59/><E110/><V113/><F109/><W93/><G111/><T88/><D79/><U55/><E131/><V19/><F113/><W103/><G118/><T82/><D100/><U61/><E18/><V9/><F132/><W73/><G73/><T86/><D133/><U80/><E5/><V134/><F134/><W97/><G4/><T44/><D3/><U33/><E33/><V34/><F34/><W101/><G101/><T114/><D114/><U16/><E0/><V105/><F78/><W48/><G67/><T65/><D127/><N who="3" m="48649" /><G29/><T11/><D15/><U26/><E16/><V40/><F57/><W14/><G14/><T74/><D74/><U56/><REACH who="1" step="1"/><E26/><REACH who="1" ten="599,65,28,298" step="2"/><V116/><F19/><W95/><G32/><T94/><D25/><U28/><E28/><V108/><F108/><W68/><G68/><T51/><D31/><U117/><E117/><V49/><F116/><W20/><G20/><T71/><D35/><U120/><E120/><V122/><F10/><W12/><G12/><T69/><D8/><U76/><AGARI ba="5,1" hai="52,54,55,56,58,59,61,66,76,80,87,98,102,107" machi="76" ten="30,4000,0" yaku="1,1,0,1,54,1,53,0" doraHai="70" doraHaiUra="13" who="1" fromWho="1" sc="599,-25,65,65,28,-15,298,-15" /><INIT seed="5,0,0,5,0,88" ten="574,130,13,283" oya="1" hai0="111,13,83,50,7,36,101,122,112,9,100,41,69" hai1="130,24,55,104,56,70,75,97,44,135,96,33,48" hai2="76,119,30,18,46,39,8,89,125,84,105,51,3" hai3="86,59,60,17,98,131,31,109,118,42,61,1,94"/><U47/><E130/><V95/><F125/><W129/><G109/><T72/><D111/><U124/><E75/><V49/><F119/><W87/><G1/><T73/><D69/><U43/><E124/><V5/><F105/><W14/><G31/><T93/><D36/><U34/><E135/><V91/><F76/><W2/><G2/><T12/><D112/><U15/><E70/><V134/><F134/><W77/><G42/><T68/><D68/><U90/><E104/><V115/><F115/><W4/><G4/><T27/><D122/><U128/><E128/><V58/><F30/><W45/><G45/><T127/><D127/><U16/><E47/><V6/><F6/><W65/><G118/><T71/><D71/><U123/><E123/><V103/><F103/><W79/><G61/><T120/><D120/><U107/><E107/><V25/><F39/><W74/><G74/><T32/><D32/><U78/><E78/><N who="3" m="29706" /><G129/><T67/><D7/><U116/><E116/><V80/><F58/><W37/><G37/><T92/><D72/><U19/><E24/><V62/><F62/><W22/><G131/><T21/><D73/><U0/><E0/><V40/><F51/><W126/><G126/><T54/><D50/><N who="1" m="30839" /><E19/><V11/><F5/><W10/><G10/><T53/><D9/><N who="1" m="6255" /><E90/><AGARI ba="0,0" hai="14,17,22,59,60,65,86,87,90,94,98" m="29706" machi="90" ten="30,2000,0" yaku="8,1,52,1" doraHai="88" who="3" fromWho="1" sc="574,0,130,-20,13,0,283,20" /><INIT seed="6,0,0,0,1,88" ten="574,110,13,303" oya="2" hai0="115,39,128,48,19,131,47,77,17,78,73,129,62" hai1="98,30,79,0,91,2,81,33,41,52,25,21,4" hai2="125,102,65,22,76,118,135,26,24,122,117,63,75" hai3="6,70,84,35,50,37,56,113,49,134,69,86,42"/><V74/><F135/><W99/><G35/><T27/><D115/><U116/><E116/><V51/><F125/><W119/><G6/><T29/><D39/><U64/><E41/><V121/><F51/><W14/><G14/><T1/><D1/><U46/><E64/><V31/><F102/><W107/><G86/><T93/><D93/><U101/><E91/><V59/><F26/><W18/><G18/><N who="0" m="6667" /><D62/><U3/><E21/><V87/><F87/><W82/><G56/><T54/><D73/><N who="1" m="43247" /><E52/><V68/><F59/><W40/><G119/><T95/><D95/><U112/><E46/><V96/><F118/><W71/><G40/><T106/><D106/><N who="1" m="63799" /><E112/><V132/><F117/><W80/><G42/><T103/><D103/><U58/><E58/><V85/><F96/><W83/><G99/><T100/><D100/><U10/><AGARI ba="0,0" hai="0,2,3,4,10,25,30,33" m="63799,43247" machi="10" ten="30,2000,0" yaku="33,2" doraHai="88" who="1" fromWho="1" sc="574,-5,110,20,13,-10,303,-5" /><INIT seed="7,0,0,0,3,86" ten="569,130,3,298" oya="3" hai0="117,93,68,53,23,69,44,28,47,91,131,3,77" hai1="36,110,92,70,31,103,121,63,16,60,96,34,62" hai2="75,129,13,54,35,45,94,82,120,81,122,111,109" hai3="124,88,135,125,97,116,128,90,95,9,67,20,61"/><W24/><G116/><T105/><D105/><U19/><E110/><V51/><F35/><W132/><G9/><T127/><D3/><U42/><E121/><V22/><F22/><W101/><G128/><T114/><D77/><U79/><E79/><V39/><F13/><W33/><G33/><T40/><D47/><N who="1" m="24007" /><E92/><V80/><F75/><W15/><G15/><T98/><D53/><U29/><E62/><V12/><F12/><W46/><G46/><T83/><D114/><U123/><E63/><V100/><F39/><W115/><G115/><T5/><D127/><N who="3" m="48713" /><G135/><T73/><D44/><U106/><E31/><V66/><F66/><W133/><G132/><T8/><D8/><U99/><E99/><N who="2" m="59511" /><F129/><W56/><G133/><T27/><D131/><U112/><E112/><V59/><F45/><W32/><G32/><T78/><D117/><U7/><E7/><V11/><F11/><W14/><G14/><T89/><D5/><U0/><E0/><V113/><F113/><W130/><G130/><T25/><D40/><U74/><E123/><V76/><F76/><W84/><G84/><T118/><D118/><U119/><E74/><V72/><F72/><W57/><G57/><T85/><D27/><N who="1" m="18751" /><E119/><V65/><F65/><AGARI ba="0,0" hai="16,19,60,65,70,96,103,106" m="18751,24007" machi="65" ten="30,2000,0" yaku="25,1,54,1" doraHai="86" who="1" fromWho="2" sc="569,0,130,20,3,-20,298,0" owari="569,67.0,150,-25.0,-17,-52.0,298,10.0" /></mjloggm>