<mjloggm ver="2.3"><GO type="41" lobby="0"/><UN n0="%E5%B0%B1%E6%B4%BB%E7%94%9F%40%E5%B7%9D%E6%9D%91%E8%BB%8D%E5%9B%A3" n1="%4C%2E%59%61%73%68%69%6E" n2="%E3%81%97%E3%81%BB%E3%81%B7%E3%81%85" n3="%73%68%69%6E%73%65%6E%67" dan="16,15,14,14" rate="2079.71,1983.49,1960.67,1916.49" sx="M,M,F,M"/><TAIKYOKU oya="0"/><INIT seed="0,0,0,4,1,78" ten="250,250,250,250" oya="0" hai0="126,74,79,82,16,45,114,100,31,120,134,47,57" hai1="51,48,124,108,17,14,59,81,86,131,69,38,18" hai2="85,132,64,127,63,2,55,3,25,92,42,46,96" hai3="13,94,83,27,72,113,54,125,107,41,15,109,24"/><T49/><D120/><U53/><E38/><V4/><F132/><W12/><G113/><T105/><D114/><U26/><E69/><V135/><F135/><W116/><G116/><T23/><D134/><U44/><E131/><V90/><F127/><W5/><G109/><T106/><D126/><U56/><E108/><V10/><F25/><W118/><G118/><T30/><D57/><U117/><E124/><V88/><F55/><W34/><G125/><T75/><D75/><U80/><E117/><V37/><F3/><W121/><G121/><T70/><D70/><U20/><E86/><V28/><F28/><W50/><G107/><T61/><D61/><U77/><E77/><V68/><REACH who="2" step="1"/><F85/><REACH who="2" ten="250,250,240,250" step="2"/><W89/><G41/><T52/><D47/><U33/><E33/><V103/><AGARI ba="0,1" hai="2,4,10,37,42,46,63,64,68,88,90,92,96,103" machi="103" ten="20,8000,1" yaku="1,1,2,1,0,1,7,1,54,1,53,0" doraHai="78" doraHaiUra="19" who="2" fromWho="2" sc="250,-40,250,-20,240,90,250,-20" /><INIT seed="1,0,0,5,0,65" ten="210,230,330,230" oya="1" hai0="80,133,104,114,88,93,52,100,19,127,23,76,5" hai1="11,39,77,37,87,8,1,40,82,64,45,43,81" hai2="10,129,105,90,106,28,94,33,32,79,78,56,124" hai3="132,110,118,48,54,101,135,74,86,69,15,128,49"/><U66/><E1/><V35/><F129/><W91/><G74/><T112/><D5/><U97/><E97/><V2/><F124/><W121/><G121/><T26/><D127/><U61/><E61/><V113/><F113/><W115/><G115/><T71/><D71/><U0/><E0/><V125/><F125/><W53/><G128/><T46/><D133/><N who="3" m="51273" /><G110/><T130/><D130/><U122/><E122/><V58/><F28/><W102/><G118/><T25/><D25/><U24/><E24/><V12/><F2/><W108/><G108/><T9/><D9/><U41/><E41/><V131/><F131/><W134/><N who="3" m="51281" /><W16/><DORA hai="70" /><G69/><T92/><D104/><U116/><E116/><V34/><N who="2" m="8704" /><DORA hai="99" /><V44/><F44/><N who="3" m="27783" /><G86/><N who="0" m="48391" /><D112/><U119/><E119/><V63/><F56/><N who="3" m="32847" /><G91/><T75/><D75/><U84/><REACH who="1" step="1"/><E45/><REACH who="1" ten="210,220,330,230" step="2"/><V103/><F106/><W31/><G31/><T60/><D114/><U62/><E62/><V50/><F105/><W55/><G55/><T85/><D46/><U21/><E21/><AGARI ba="0,1" hai="15,16,21,101,102" m="32847,27783,51281" machi="21" ten="40,8000,1" yaku="20,1,52,2,54,1" doraHai="65,70,99" who="3" fromWho="1" sc="210,0,220,-80,330,0,230,90" /><INIT seed="2,0,0,0,3,104" ten="210,140,330,320" oya="2" hai0="94,49,102,90,98,67,2,69,63,61,77,128,27" hai1="134,111,30,101,133,36,120,114,7,117,119,39,91" hai2="105,121,70,38,97,99,84,56,89,103,82,40,55" hai3="52,116,130,109,34,59,1,22,88,3,23,57,83"/><V132/><F121/><W41/><G116/><N who="1" m="44618" /><E30/><V112/><F112/><W46/><G130/><T65/><D2/><U20/><E20/><V16/><F132/><N who="1" m="50793" /><E7/><V131/><F131/><W42/><G34/><T28/><D128/><U6/><E6/><V75/><F70/><W125/><G125/><T14/><D14/><U35/><E91/><V118/><F118/><W4/><G4/><T47/><D77/><U110/><E101/><V44/><F99/><W100/><G109/><N who="1" m="41482" /><E35/><V74/><REACH who="2" step="1"/><F16/><REACH who="2" ten="210,140,320,320" step="2"/><W81/><G100/><T79/><D28/><U76/><E76/><V78/><F78/><W11/><G11/><T10/><D79/><U62/><E114/><V25/><F25/><W48/><G88/><T13/><D27/><U29/><E29/><V54/><F54/><W73/><G52/><N who="0" m="29759" /><D69/><U64/><E120/><V5/><F5/><W126/><G126/><T18/><D90/><U86/><E86/><V122/><F122/><W113/><G113/><T60/><AGARI ba="0,1" hai="10,13,18,60,61,63,65,67,94,98,102" m="29759" machi="60" ten="30,2000,0" yaku="8,1,54,1" doraHai="104" who="0" fromWho="0" sc="210,30,140,-5,320,-10,320,-5" /><INIT seed="3,0,0,0,0,60" ten="240,135,310,315" oya="3" hai0="112,130,9,93,38,100,61,1,10,89,30,107,46" hai1="6,94,85,91,101,78,104,18,3,15,103,57,37" hai2="51,66,76,48,29,40,25,17,108,12,124,14,23" hai3="133,2,131,68,115,88,117,21,33,26,109,16,35"/><W49/><G117/><T36/><D112/><U0/><E37/><V74/><F124/><W75/><G115/><T106/><D130/><U83/><E57/><V58/><F108/><W41/><G131/><T127/><D127/><U11/><E103/><V102/><F102/><W47/><G133/><T122/><D122/><U63/><E63/><V24/><F74/><W42/><G109/><T128/><D128/><U39/><E39/><V43/><F76/><W119/><G119/><T32/><D61/><U69/><E69/><V87/><F87/><W90/><G75/><T97/><D38/><U54/><E54/><V134/><F134/><W129/><G129/><T80/><D80/><U110/><E110/><V67/><F29/><W77/><G77/><T121/><D121/><U120/><E120/><V7/><F7/><W98/><G2/><T52/><D106/><U65/><E65/><N who="2" m="24587" /><F25/><W50/><G68/><T8/><D1/><U92/><E92/><V95/><F95/><W99/><G90/><T84/><D36/><U72/><REACH who="1" step="1"/><E6/><REACH who="1" ten="240,125,310,315" step="2"/><V71/><F71/><W55/><G35/><T113/><D113/><U114/><E114/><V20/><F58/><W82/><G33/><T19/><D52/><U105/><E105/><V81/><F81/><W64/><G82/><T132/><D46/><U70/><E70/><V126/><F126/><W123/><G47/><T96/><D132/><U79/><E79/><V31/><F40/><W45/><G55/><T22/><D107/><U5/><E5/><V116/><F43/><W59/><G123/><T62/><D100/><U34/><E34/><RYUUKYOKU ba="0,1" sc="240,-10,125,30,310,-10,315,-10" hai1="0,3,11,15,18,72,78,83,85,91,94,101,104" /><INIT seed="4,1,1,3,0,80" ten="230,155,300,305" oya="0" hai0="31,45,113,118,26,43,72,27,62,133,131,102,123" hai1="29,90,121,112,9,82,57,55,93,36,47,126,52" hai2="1,37,94,67,108,119,11,12,101,127,68,71,115" hai3="61,89,78,74,2,0,103,91,32,96,59,105,38"/><T111/><D123/><U81/><E121/><V17/><F108/><W99/><G38/><T86/><D118/><U51/><E36/><V7/><F119/><W63/><G32/><T8/><D72/><U132/><E126/><V48/><F37/><W25/><G63/><T100/><D111/><U129/><E132/><V56/><F115/><W13/><G25/><T23/><D113/><U22/><E129/><V98/><F127/><W79/><G74/><T92/><D131/><U34/><E34/><V85/><F71/><W95/><G89/><N who="0" m="53303" /><D133/><U3/><E3/><V46/><F68/><W128/><G128/><T97/><D97/><U117/><E117/><V77/><F67/><W10/><G2/><T60/><D27/><N who="1" m="16631" /><E9/><V116/><F116/><W69/><G69/><T75/><D75/><U49/><E112/><V70/><F70/><W104/><G104/><T107/><D107/><U73/><E73/><V42/><F56/><W20/><G20/><T124/><D124/><U54/><E54/><V65/><F65/><W4/><REACH who="3" step="1"/><G0/><REACH who="3" ten="230,155,300,295" step="2"/><T88/><D88/><U16/><E16/><V39/><F39/><W53/><AGARI ba="1,2" hai="4,10,13,53,59,61,78,79,91,95,96,99,103,105" machi="53" ten="20,5200,0" yaku="1,1,2,1,0,1,7,1,53,0" doraHai="80" doraHaiUra="14" who="3" fromWho="3" sc="230,-27,155,-14,300,-14,295,75" /><INIT seed="5,0,0,2,0,20" ten="203,141,286,370" oya="1" hai0="87,101,46,108,16,75,90,53,83,7,124,89,130" hai1="28,91,9,123,8,97,22,24,52,19,76,1,11" hai2="95,43,37,38,40,71,70,134,112,103,18,21,127" hai3="23,110,15,113,63,117,35,3,68,62,45,12,33"/><U41/><E41/><V72/><F72/><W26/><G110/><T5/><D108/><U27/><E123/><V39/><F134/><W122/><G113/><T92/><D124/><U6/><E76/><V119/><F119/><W132/><G122/><T104/><D130/><U121/><E121/><V60/><F127/><W29/><G132/><T79/><D90/><U111/><E111/><V86/><F112/><W66/><G117/><T81/><D81/><U98/><E98/><V118/><F118/><W49/><G3/><T67/><D67/><U59/><E91/><V14/><F71/><W44/><G44/><T133/><D133/><U56/><E56/><V106/><F106/><W34/><REACH who="3" step="1"/><G62/><REACH who="3" ten="203,141,286,360" step="2"/><T102/><D46/><U48/><REACH who="1" step="1"/><E97/><REACH who="1" ten="203,131,286,360" step="2"/><V64/><REACH who="2" step="1"/><F86/><REACH who="2" ten="203,131,276,360" step="2"/><W73/><G73/><T2/><D87/><U107/><E107/><V135/><F135/><W96/><G96/><AGARI ba="0,3" hai="14,18,21,37,38,39,40,43,60,64,70,95,96,103" machi="96" ten="40,2600,0" yaku="1,1,53,1" doraHai="20" doraHaiUra="17" who="2" fromWho="3" sc="203,0,131,0,276,56,360,-26" /><INIT seed="6,0,0,0,5,125" ten="203,131,332,334" oya="2" hai0="128,74,56,65,5,87,64,72,121,124,50,85,89" hai1="44,9,75,21,130,11,43,35,19,42,27,1,31" hai2="113,0,102,94,73,60,79,135,119,15,28,63,127" hai3="82,117,53,18,76,52,95,24,57,69,36,104,88"/><V66/><F119/><W112/><G117/><T47/><D121/><U106/><E106/><V16/><F0/><W100/><G69/><T109/><D124/><U131/><E75/><V23/><F127/><W122/><G122/><T86/><D109/><U134/><E43/><V67/><F135/><W12/><G36/><T96/><D5/><U39/><E134/><V30/><F113/><W123/><G123/><T6/><D6/><U54/><E54/><V13/><F79/><W80/><G112/><T97/><D128/><N who="1" m="49195" /><E1/><V22/><F73/><W116/><G24/><AGARI ba="0,0" hai="9,11,19,21,24,27,31,35,39,42,44" m="49195" machi="24" ten="30,7700,0" yaku="19,1,52,3" doraHai="125" who="1" fromWho="3" sc="203,0,131,77,332,0,334,-77" /><INIT seed="7,0,0,5,3,73" ten="203,208,332,257" oya="3" hai0="82,130,66,125,37,95,71,15,96,24,31,7,46" hai1="103,109,5,48,105,117,127,113,18,80,20,29,135" hai2="35,23,53,8,134,3,68,75,133,40,106,85,2" hai3="1,21,121,4,60,102,115,30,119,47,122,57,28"/><W100/><G119/><T56/><D71/><U58/><E109/><V79/><F68/><W87/><G115/><T84/><D125/><U97/><E127/><V55/><F106/><W63/><G47/><T110/><D110/><U45/><E117/><V44/><F35/><W88/><G4/><T62/><D130/><U49/><E135/><N who="2" m="51723" /><F75/><W94/><G1/><N who="2" m="9" /><F8/><W69/><G69/><T108/><D108/><U120/><E113/><V33/><F23/><W83/><G83/><T112/><D112/><U25/><E5/><V81/><F33/><W132/><G132/><T126/><D126/><U36/><E120/><V6/><F6/><W41/><G41/><T67/><D46/><U17/><E36/><AGARI ba="0,0" hai="36,40,44,53,55,79,81,85" m="9,51723" machi="36" ten="30,2000,0" yaku="20,1,52,1" doraHai="73" who="2" fromWho="1" sc="203,0,208,-20,332,20,257,0" owari="203,-20.0,188,-31.0,352,45.0,257,6.0" /></mjloggm>