<mjloggm ver="2.3"><GO type="41" lobby="0"/><UN n0="%6E%6F%72%61%32" n1="%68%69%68%69%75%6D%61" n2="%E5%B0%B1%E6%B4%BB%E7%94%9F%40%E5%B7%9D%E6%9D%91%E8%BB%8D%E5%9B%A3" n3="%59%75%7A%75%6B%69%74%69" dan="15,13,16,13" rate="1993.22,1945.46,2091.96,1915.11" sx="M,M,M,M"/><TAIKYOKU oya="0"/><INIT seed="0,0,0,1,2,80" ten="250,250,250,250" oya="0" hai0="132,104,52,116,34,83,98,37,27,68,133,92,8" hai1="36,59,39,10,128,41,11,113,127,93,2,71,32" hai2="105,51,101,60,99,29,45,121,95,33,54,125,15" hai3="6,88,65,96,67,123,89,43,30,100,117,62,13"/><T115/><D68/><U69/><E93/><V49/><F121/><W0/><G117/><T129/><D37/><U18/><E127/><V47/><F125/><W26/><G0/><T56/><D116/><U50/><E59/><V108/><F108/><W124/><G124/><T5/><D115/><U79/><E79/><V81/><F105/><W76/><G43/><T14/><D104/><U17/><E50/><V9/><F60/><W111/><G76/><T66/><D66/><U55/><E32/><V90/><F29/><W73/><G73/><T31/><D129/><U114/><E55/><V70/><F70/><W74/><G74/><T3/><D83/><U109/><E109/><V103/><F33/><W57/><G111/><T21/><D92/><U77/><E77/><V38/><F38/><W12/><G123/><T1/><D98/><U112/><E112/><V53/><REACH who="2" step="1"/><F81/><REACH who="2" ten="250,250,240,250" step="2"/><W110/><G110/><T23/><D3/><U118/><E118/><V91/><F91/><W35/><G89/><T102/><D102/><U48/><E2/><V40/><F40/><W28/><G100/><T86/><D1/><U119/><E41/><V24/><F24/><W84/><G35/><T61/><D34/><U82/><E119/><V20/><F20/><W63/><G63/><T134/><D23/><U25/><E25/><V94/><F94/><W126/><G26/><T64/><D64/><U130/><E82/><V22/><F22/><W42/><G67/><T19/><D31/><U122/><E48/><V106/><F106/><W75/><G126/><T120/><D120/><AGARI ba="0,1" hai="10,11,17,18,36,39,69,71,113,114,120,122,128,130" machi="120" ten="25,1600,0" yaku="22,2" doraHai="80" who="1" fromWho="0" sc="250,-16,250,26,240,0,250,0" /><INIT seed="1,0,0,5,4,126" ten="234,276,240,250" oya="1" hai0="23,38,69,91,31,44,121,100,8,92,85,36,120" hai1="73,108,24,41,111,55,53,57,131,87,66,21,20" hai2="90,65,0,74,45,14,51,17,93,105,113,127,129" hai3="49,109,61,67,68,125,122,58,115,83,54,86,95"/><U102/><E73/><V104/><F0/><W43/><G115/><T46/><D69/><U88/><E102/><V124/><F74/><W134/><G122/><N who="0" m="47211" /><D8/><U6/><E6/><V56/><F113/><W62/><G125/><N who="2" m="48201" /><F129/><W28/><G109/><N who="1" m="42058" /><E41/><N who="2" m="25007" /><F56/><W39/><G134/><T70/><D70/><U114/><E114/><V29/><F65/><N who="3" m="41007" /><G28/><T40/><D100/><U116/><E116/><V78/><F29/><W98/><G95/><T107/><D107/><U12/><E66/><V63/><F63/><W1/><G98/><T72/><D72/><U71/><E71/><V80/><F80/><W11/><G11/><T10/><D10/><U128/><E12/><V110/><F78/><W99/><G99/><T22/><D31/><N who="1" m="17799" /><E21/><N who="0" m="7689" /><D46/><U35/><E35/><V27/><F110/><W81/><G1/><T94/><D94/><N who="1" m="54559" /><E53/><V59/><F27/><W19/><G86/><T16/><D36/><U76/><E76/><V5/><F5/><W89/><G89/><T3/><D3/><U112/><E112/><V79/><F79/><W30/><G30/><T64/><D64/><U18/><E18/><AGARI ba="0,0" hai="16,18,38,40,44,85,91,92" m="7689,47211" machi="18" ten="30,2000,0" yaku="13,1,54,1" doraHai="126" who="0" fromWho="1" sc="234,20,276,-20,240,0,250,0" /><INIT seed="2,0,0,1,4,88" ten="254,256,240,250" oya="2" hai0="34,65,74,56,15,135,85,84,114,105,134,27,104" hai1="45,110,50,33,103,22,108,47,61,17,42,133,53" hai2="83,109,12,76,120,64,8,14,46,3,91,36,78" hai3="95,59,32,118,11,66,26,43,113,69,13,122,48"/><V35/><F120/><W44/><G122/><T63/><D74/><U52/><E33/><V86/><F35/><W112/><G118/><T25/><D114/><N who="3" m="44137" /><G69/><T130/><D15/><U40/><E133/><N who="0" m="50697" /><D130/><U119/><E119/><V49/><F36/><W39/><G32/><T18/><D18/><U23/><E103/><V90/><F3/><W96/><G26/><N who="0" m="9739" /><D34/><U94/><E94/><V20/><F64/><W92/><G96/><T77/><D77/><U19/><REACH who="1" step="1"/><E50/><REACH who="1" ten="254,246,240,250" step="2"/><V73/><F109/><W107/><G107/><AGARI ba="0,1" hai="56,63,65,84,85,104,105,107" m="9739,50697" machi="107" ten="30,1000,0" yaku="20,1" doraHai="88" who="0" fromWho="3" sc="254,20,246,0,240,0,250,-10" /><INIT seed="3,0,0,2,4,55" ten="274,246,240,240" oya="3" hai0="114,15,87,97,91,84,10,82,80,67,122,69,99" hai1="20,34,28,9,60,106,76,53,5,44,0,40,100" hai2="54,118,1,32,13,126,131,42,121,73,94,30,25" hai3="92,115,2,129,18,104,111,119,7,130,124,35,51"/><W95/><G104/><T49/><D122/><U17/><E76/><V46/><F1/><W66/><G66/><T101/><D114/><U72/><E72/><V4/><F73/><W47/><G115/><T65/><D69/><U24/><E106/><V132/><F121/><W11/><G119/><T120/><D120/><U78/><E78/><V75/><F75/><W79/><G79/><T19/><D49/><U134/><E134/><V16/><F118/><W61/><G61/><T98/><D101/><U22/><E100/><V33/><F131/><N who="3" m="50187" /><G35/><T71/><D71/><U26/><E60/><V38/><F132/><W74/><G74/><T90/><AGARI ba="0,0" hai="10,15,19,65,67,80,82,84,87,90,91,97,98,99" machi="90" ten="30,4000,0" yaku="0,1,9,1,8,1" doraHai="55" who="0" fromWho="0" sc="274,40,246,-10,240,-10,240,-20" /><INIT seed="4,0,0,0,1,124" ten="314,236,230,220" oya="0" hai0="82,19,122,63,84,45,2,114,43,109,22,100,115" hai1="55,46,44,28,101,120,88,32,83,47,64,37,104" hai2="18,78,97,107,15,53,49,42,119,86,14,59,4" hai3="118,73,35,94,81,111,134,90,75,50,103,27,70"/><T132/><D2/><U76/><E32/><V129/><F119/><W36/><G70/><T48/><D122/><U102/><E28/><V68/><F68/><W58/><G36/><T11/><D11/><U130/><E120/><V93/><F107/><W12/><G118/><T21/><D100/><U57/><E104/><V96/><F129/><W52/><G111/><T72/><D72/><U51/><E64/><V79/><F42/><W65/><G65/><T39/><D109/><U77/><E130/><V66/><F66/><W113/><G113/><T34/><D34/><U135/><E135/><V127/><F127/><W38/><G38/><T0/><D0/><U20/><E20/><V10/><F86/><W125/><G125/><T85/><D132/><U89/><E37/><V30/><F30/><W128/><G134/><T91/><D39/><U95/><E83/><V61/><F61/><W17/><G128/><T112/><D63/><U33/><E33/><V29/><F29/><W87/><G27/><T16/><D85/><U7/><E7/><V24/><F24/><W3/><G35/><T126/><D126/><U25/><E25/><V56/><F56/><W23/><G3/><T80/><D80/><U62/><E62/><V69/><F69/><W106/><G81/><T60/><D60/><U92/><E46/><V31/><F31/><W131/><G131/><T1/><D1/><U8/><E8/><N who="2" m="6471" /><F97/><AGARI ba="0,0" hai="12,17,23,50,52,58,73,75,87,90,94,97,103,106" machi="97" ten="40,5200,0" yaku="25,2,54,1" doraHai="124" who="3" fromWho="2" sc="314,0,236,0,230,-52,220,52" /><INIT seed="5,0,0,2,5,109" ten="314,236,178,272" oya="1" hai0="112,71,60,16,108,118,56,45,23,1,69,7,25" hai1="62,14,29,79,30,129,113,11,58,49,38,41,20" hai2="47,95,126,103,122,92,67,15,77,114,83,135,91" hai3="89,128,75,37,21,48,51,88,66,9,55,117,65"/><U101/><E38/><V24/><F122/><W64/><G75/><T57/><D108/><U84/><E129/><V34/><F126/><W80/><G128/><T73/><D73/><U111/><E101/><V104/><F135/><W44/><G117/><T133/><D133/><U100/><E100/><V61/><F47/><W27/><G37/><T106/><D106/><U70/><E70/><N who="2" m="42351" /><F15/><W78/><G9/><T131/><D131/><U4/><E20/><V72/><F91/><W31/><G78/><T50/><D118/><U85/><E85/><V130/><F130/><W53/><REACH who="3" step="1"/><G80/><REACH who="3" ten="314,236,178,262" step="2"/><T17/><D1/><U120/><E111/><V105/><F105/><W96/><G96/><T36/><D36/><U18/><E79/><V0/><F0/><W76/><G76/><T107/><D107/><U42/><E120/><V13/><F13/><W82/><G82/><T46/><D25/><U3/><E14/><V81/><F81/><W52/><G52/><T6/><D6/><U132/><E4/><V59/><F95/><W102/><G102/><T5/><D5/><U87/><E3/><V28/><F92/><W43/><G43/><T127/><D7/><U2/><E2/><V93/><F93/><W86/><G86/><T33/><D127/><U40/><E40/><V54/><F103/><W121/><G121/><T115/><D23/><U8/><E8/><V125/><F104/><W110/><G110/><T10/><D10/><U68/><E11/><V124/><F114/><W35/><G35/><T97/><D33/><U116/><E116/><V134/><F134/><W12/><G12/><RYUUKYOKU ba="0,1" sc="314,-15,236,-15,178,15,262,15" hai2="24,28,34,54,59,72,77,83,124,125" hai3="21,27,31,44,48,51,53,55,64,65,66,88,89" /><INIT seed="6,1,1,0,0,6" ten="299,221,193,277" oya="2" hai0="42,67,38,110,48,19,21,17,4,7,133,68,121" hai1="78,11,104,46,83,95,60,134,74,91,89,73,70" hai2="43,130,76,81,63,51,122,108,69,34,40,88,29" hai3="32,24,28,5,39,116,9,129,22,124,18,107,0"/><V14/><F122/><W87/><G39/><T118/><D121/><U123/><E46/><V36/><F36/><W58/><G107/><T23/><D110/><U93/><E70/><V3/><F3/><W27/><G116/><T105/><D118/><U62/><E123/><V85/><F108/><W64/><G129/><T66/><D105/><U98/><E11/><V90/><F130/><W86/><G124/><T80/><D133/><U44/><E44/><V56/><F69/><W113/><G113/><T47/><D38/><U103/><E60/><V131/><F131/><W135/><G135/><T25/><D80/><U77/><E62/><V84/><F51/><W30/><G30/><T59/><D68/><U79/><E134/><V96/><F96/><W31/><G31/><T120/><D120/><U117/><E117/><V53/><F76/><W92/><G92/><T99/><D99/><N who="1" m="61567" /><E73/><V111/><F111/><W33/><G33/><T65/><D59/><U1/><E1/><V82/><REACH who="2" step="1"/><F14/><AGARI ba="1,1" hai="4,7,14,17,19,21,23,25,42,47,48,65,66,67" machi="14" ten="40,1300,0" yaku="8,1" doraHai="6" who="0" fromWho="2" sc="299,26,221,0,193,-16,277,0" /><INIT seed="7,0,0,0,2,81" ten="325,221,177,277" oya="3" hai0="84,6,63,1,97,126,0,133,103,76,124,121,89" hai1="74,107,60,112,94,120,114,51,45,14,12,101,33" hai2="75,125,83,110,2,22,104,109,96,16,100,36,95" hai3="17,3,57,93,78,53,77,67,7,90,40,85,11"/><W23/><G67/><T73/><D121/><U70/><E74/><V117/><F2/><W13/><REACH who="3" step="1"/><G40/><REACH who="3" ten="325,221,177,267" step="2"/><T28/><D133/><U80/><E120/><V18/><F117/><W31/><G31/><T48/><D48/><AGARI ba="0,1" hai="3,7,11,13,17,23,48,53,57,77,78,85,90,93" machi="48" ten="30,12000,1" yaku="1,1,7,1,25,2,52,1,53,0" doraHai="81" doraHaiUra="42" who="3" fromWho="0" sc="325,-120,221,0,177,0,267,130" owari="205,-19.0,221,2.0,177,-32.0,397,49.0" /></mjloggm>