<mjloggm ver="2.3"><GO type="225" lobby="0"/><UN n0="%E4%B8%8A%E5%AE%B6%E3%81%AF%E6%80%AA%E3%81%97%E3%81%84%EF%BC%81%EF%BC%81" n1="%E4%BA%8C%E9%85%B8%E5%8C%96%E6%BA%80%E8%B2%AB" n2="%E5%B0%B1%E6%B4%BB%E7%94%9F%40%E5%B7%9D%E6%9D%91%E8%BB%8D%E5%9B%A3" n3="%28%E2%88%A9%E3%83%BB%CF%89%E3%83%BB%29%E2%88%A9" dan="16,16,16,16" rate="2121.54,2161.48,2016.83,2134.78" sx="M,M,M,F"/><TAIKYOKU oya="0"/><INIT seed="0,0,0,5,0,99" ten="250,250,250,250" oya="0" hai0="101,51,37,33,102,134,80,49,90,26,85,30,59" hai1="56,6,92,0,115,123,135,78,84,16,71,40,125" hai2="96,122,12,31,50,77,48,21,39,67,116,27,35" hai3="47,130,110,52,54,34,32,108,29,61,20,79,111"/><T117/><D37/><U126/><E71/><V2/><F2/><W28/><G130/><T1/><D1/><U68/><E68/><V4/><F122/><W62/><G79/><T43/><D117/><U57/><E123/><V46/><F116/><W8/><G8/><T105/><D105/><U121/><E121/><V112/><F112/><W89/><G89/><T64/><D134/><U114/><E135/><V119/><F119/><W94/><G94/><T131/><D131/><U91/><E40/><V76/><F67/><W88/><G88/><T38/><D38/><U15/><E78/><V109/><F39/><W58/><G47/><T66/><D64/><U97/><E6/><V86/><F109/><W17/><G29/><T14/><D14/><U53/><E0/><V127/><F127/><N who="1" m="48649" /><E84/><V120/><F120/><W7/><G7/><T113/><D113/><N who="1" m="43019" /><E53/><N who="3" m="20586" /><G28/><T3/><D3/><U106/><E106/><V9/><F86/><W75/><G75/><T65/><D65/><U11/><AGARI ba="0,0" hai="11,15,16,56,57,91,92,97" m="43019,48649" machi="11" ten="30,4000,0" yaku="18,1,11,1,54,1" doraHai="99" who="1" fromWho="1" sc="250,-20,250,40,250,-10,250,-10" /><INIT seed="1,0,0,3,1,131" ten="230,290,240,240" oya="1" hai0="40,99,47,28,36,89,88,34,135,84,1,121,42" hai1="27,62,44,41,52,90,35,115,94,132,107,111,130" hai2="73,46,48,113,68,4,105,96,93,50,80,30,78" hai3="117,53,18,61,110,13,14,33,133,25,127,65,69"/><U109/><E107/><V87/><F68/><W56/><G110/><N who="1" m="41994" /><E115/><V123/><F123/><W85/><G127/><T74/><D74/><U75/><E75/><V51/><F113/><W120/><G120/><T21/><D1/><U3/><E3/><V15/><F30/><W128/><G128/><T81/><D121/><U20/><E130/><V134/><F134/><W108/><G108/><T63/><D40/><U16/><E35/><V38/><F38/><W72/><G72/><T82/><D135/><U122/><E122/><V97/><F105/><W17/><G133/><T58/><D34/><U54/><E62/><V55/><F73/><W59/><G117/><T98/><D28/><U39/><E132/><V0/><F0/><W6/><G85/><AGARI ba="0,0" hai="16,20,27,39,41,44,52,54,85,90,94" m="41994" machi="85" ten="30,11600,0" yaku="14,1,10,1,54,2" doraHai="131" who="1" fromWho="3" sc="230,0,290,116,240,0,240,-116" /><INIT seed="1,1,0,0,5,100" ten="230,406,240,124" oya="1" hai0="96,60,33,38,13,3,80,88,95,47,54,36,10" hai1="102,27,49,111,127,35,113,101,20,26,21,53,87" hai2="94,69,83,133,79,29,130,75,9,103,0,135,6" hai3="107,134,28,61,22,106,114,4,131,77,37,112,117"/><U41/><E113/><V31/><F69/><W108/><G37/><T118/><D3/><U98/><E35/><V16/><F130/><W57/><G117/><T34/><D118/><U59/><E127/><V104/><F94/><W23/><G131/><T86/><D34/><U90/><E111/><V119/><F119/><W55/><G108/><T45/><D33/><U30/><E41/><V91/><F91/><W123/><G123/><T71/><D71/><U92/><REACH who="1" step="1"/><E98/><REACH who="1" ten="230,396,240,124" step="2"/><V5/><F133/><W78/><G134/><T122/><D122/><U18/><AGARI ba="1,1" hai="18,20,21,26,27,30,49,53,59,87,90,92,101,102" machi="18" ten="20,12000,1" yaku="1,1,2,1,0,1,7,1,8,1,53,0" doraHai="100" doraHaiUra="42" who="1" fromWho="1" sc="230,-41,396,133,240,-41,124,-41" /><INIT seed="1,2,0,3,2,47" ten="189,529,199,83" oya="1" hai0="46,41,55,20,62,105,64,132,107,27,131,8,116" hai1="100,58,99,90,11,43,130,15,111,21,68,1,12" hai2="42,109,106,96,45,10,113,120,85,59,26,134,30" hai3="32,74,17,66,133,115,84,117,126,31,98,80,44"/><U65/><E68/><V61/><F120/><W93/><G115/><T114/><D114/><U4/><E130/><V123/><F113/><W57/><G74/><T22/><D131/><U119/><E119/><V122/><F134/><W33/><G117/><T14/><D132/><U19/><E43/><V9/><F109/><W101/><G133/><T112/><D116/><U7/><E111/><V92/><F106/><W70/><G126/><T52/><D105/><U13/><E90/><V124/><F124/><W103/><G70/><T125/><D107/><U39/><E39/><V129/><F129/><W71/><G71/><T86/><D86/><U76/><E76/><V18/><F85/><W37/><G17/><T69/><D125/><U127/><E127/><V110/><F110/><W67/><G101/><T83/><D83/><U87/><E4/><V135/><F135/><W28/><G37/><T6/><D112/><U54/><E65/><N who="2" m="39103" /><F18/><W75/><G75/><T121/><D121/><U50/><E87/><V5/><F5/><W108/><G108/><T34/><D34/><U82/><E82/><V97/><F97/><W102/><G102/><T60/><D27/><U78/><E78/><V25/><F123/><W38/><G32/><T73/><D73/><U24/><E1/><V72/><F72/><W88/><G67/><T51/><D62/><U3/><E3/><V0/><F0/><W128/><G33/><T104/><D104/><AGARI ba="2,0" hai="7,11,12,13,15,19,21,24,50,54,58,99,100,104" machi="104" ten="30,2900,0" yaku="7,1,52,1" doraHai="47" who="1" fromWho="0" sc="189,-35,529,35,199,0,83,0" /><INIT seed="1,3,0,4,4,52" ten="154,564,199,83" oya="1" hai0="63,134,76,40,42,18,117,28,53,118,108,83,16" hai1="116,106,39,4,100,126,107,2,113,64,130,69,46" hai2="119,7,19,74,33,55,125,127,47,79,92,68,8" hai3="60,75,67,87,94,0,110,86,88,97,78,72,105"/><U32/><RYUUKYOKU type="yao9" ba="3,0" sc="154,0,564,0,199,0,83,0" hai1="2,4,32,39,46,64,69,100,106,107,113,116,126,130" /><INIT seed="1,4,0,4,2,97" ten="154,564,199,83" oya="1" hai0="81,38,89,52,28,55,69,16,79,118,64,11,102" hai1="86,24,41,77,134,33,44,58,110,68,108,14,63" hai2="113,132,51,116,88,99,2,106,73,76,40,124,83" hai3="25,135,119,43,66,94,54,17,42,22,93,19,4"/><U10/><E68/><V111/><F2/><W21/><G66/><T50/><D38/><U133/><E33/><V46/><F116/><W114/><G114/><T27/><D118/><U59/><E24/><V115/><F111/><N who="1" m="42537" /><E77/><V15/><F132/><N who="1" m="50793" /><E86/><V100/><F124/><W32/><G135/><T78/><D79/><U126/><E63/><V131/><F131/><W75/><G32/><T117/><D78/><U109/><E126/><V18/><REACH who="2" step="1"/><F88/><REACH who="2" ten="154,564,189,83" step="2"/><W12/><G119/><T62/><D117/><U7/><E109/><V85/><F85/><W121/><G75/><T39/><D89/><U29/><E29/><V34/><F34/><W123/><G123/><T65/><D28/><U53/><E53/><V9/><AGARI ba="4,1" hai="9,15,18,40,46,51,73,76,83,99,100,106,113,115" machi="9" ten="30,4000,0" yaku="1,1,0,1,52,1,53,0" doraHai="97" doraHaiUra="49" who="2" fromWho="2" sc="154,-14,564,-24,189,62,83,-14" /><INIT seed="2,0,0,1,5,69" ten="140,540,251,69" oya="2" hai0="80,56,12,67,76,68,39,98,133,93,21,104,50" hai1="13,86,72,33,61,2,99,77,117,37,45,113,108" hai2="105,127,22,118,75,74,109,65,70,90,36,60,15" hai3="24,3,43,91,111,89,48,63,29,51,34,10,17"/><V121/><F118/><W78/><G78/><T114/><D104/><U102/><E2/><V88/><F121/><W49/><G111/><T23/><D133/><U9/><E72/><V40/><F105/><W71/><G43/><T6/><D114/><U110/><E33/><V97/><F127/><W112/><G112/><T32/><D32/><U11/><E113/><V31/><F109/><N who="1" m="42089" /><E61/><V57/><F70/><W132/><G132/><T73/><D39/><U8/><E37/><V25/><F15/><W19/><G19/><T122/><D68/><U116/><E45/><V58/><F58/><W84/><G84/><T47/><D122/><U66/><E66/><V46/><REACH who="2" step="1"/><F90/><REACH who="2" ten="140,540,241,69" step="2"/><W26/><G3/><T129/><D56/><U38/><E13/><V128/><F128/><W134/><G134/><T41/><D129/><U94/><E116/><V82/><F82/><W126/><G126/><T0/><D0/><U81/><E117/><V92/><AGARI ba="0,1" hai="22,25,31,36,40,46,57,60,65,74,75,88,92,97" machi="92" ten="30,11700,0" yaku="1,1,0,1,52,1,54,1,53,0" doraHai="69" doraHaiUra="1" who="2" fromWho="2" sc="140,-39,540,-39,241,127,69,-39" /><INIT seed="2,1,0,5,1,59" ten="101,501,368,30" oya="2" hai0="133,75,31,127,110,113,36,73,25,116,46,132,70" hai1="39,117,93,32,72,91,29,45,119,94,33,122,44" hai2="12,5,128,61,77,114,101,41,97,22,105,52,111" hai3="60,40,14,1,37,84,28,64,88,38,71,26,10"/><V48/><F114/><W126/><G1/><T104/><D46/><U16/><E72/><V62/><F128/><W98/><G126/><T8/><D25/><U121/><E16/><V130/><F130/><W68/><G98/><T90/><D31/><U58/><E58/><V106/><F106/><W115/><G115/><T76/><D8/><U120/><E39/><V123/><F123/><W53/><G53/><T124/><D90/><U92/><E91/><V118/><F118/><N who="1" m="45065" /><E29/><V112/><F112/><W85/><G68/><T21/><D21/><U109/><E109/><V69/><F69/><W51/><G51/><T6/><D76/><U125/><E125/><V134/><F134/><W7/><G84/><T27/><D6/><U100/><E100/><V30/><F41/><W131/><G40/><T50/><D27/><U63/><E63/><V82/><F111/><W87/><G87/><T66/><D50/><U56/><E56/><V96/><F5/><W9/><G9/><T57/><D57/><U95/><E95/><V108/><F108/><W65/><G65/><T79/><D79/><U55/><E55/><V103/><F30/><W74/><G74/><T2/><D66/><U81/><E81/><V49/><F77/><W47/><G47/><AGARI ba="1,0" hai="32,33,44,45,47,92,93,94,120,121,122" m="45065" machi="47" ten="40,5200,0" yaku="28,2,13,1" doraHai="59" who="1" fromWho="3" sc="101,0,501,55,368,0,30,-55" owari="101,-30.0,556,66.0,368,17.0,-25,-53.0" /></mjloggm>