<mjloggm ver="2.3"><GO type="97" lobby="0"/><UN n0="%E5%B0%B1%E6%B4%BB%E7%94%9F%40%E5%B7%9D%E6%9D%91%E8%BB%8D%E5%9B%A3" n1="%52%2E%4E%2E%E3%81%9B%E3%82%93%E3%81%9A%E3%82%8A" n2="%E9%83%A1%E5%B1%B1%E7%83%88%E7%81%AB" n3="%E9%9C%A7%E5%88%87%E9%9F%BF%E5%AD%90" dan="15,14,14,14" rate="2078.28,1960.75,1942.24,1950.46" sx="M,M,M,F"/><TAIKYOKU oya="0"/><INIT seed="0,0,0,4,5,22" ten="250,250,250,250" oya="0" hai0="2,117,105,101,64,120,61,91,31,124,122,40,48" hai1="115,60,68,88,97,126,112,50,128,52,6,59,102" hai2="76,29,49,53,127,62,135,26,21,78,111,11,85" hai3="132,98,8,45,41,16,71,14,82,38,87,44,75"/><T104/><D117/><U28/><E128/><V42/><F135/><W92/><G75/><T51/><D2/><U23/><E126/><V20/><F127/><W74/><G74/><T106/><D124/><U89/><E6/><V35/><F111/><W79/><G71/><T116/><D116/><U72/><E72/><V94/><F35/><W39/><G132/><T63/><D101/><U66/><E28/><V86/><F11/><W55/><G55/><T67/><D31/><U109/><E109/><V34/><F42/><W95/><REACH who="3" step="1"/><G98/><REACH who="3" ten="250,250,250,240" step="2"/><T134/><D134/><U25/><E115/><V7/><F62/><W129/><G129/><T99/><D40/><AGARI ba="0,1" hai="8,14,16,38,39,40,41,44,45,79,82,87,92,95" machi="40" ten="40,5200,0" yaku="1,1,9,1,54,1,53,0" doraHai="22" doraHaiUra="100" who="3" fromWho="0" sc="250,-52,250,0,250,0,240,62" /><INIT seed="1,0,0,0,3,14" ten="198,250,250,302" oya="1" hai0="56,73,113,68,62,46,101,102,50,88,37,65,18" hai1="29,111,96,87,2,108,30,53,83,49,40,100,25" hai2="61,84,54,58,9,11,0,128,45,95,135,114,26" hai3="69,60,116,110,74,91,131,31,124,120,17,20,92"/><U106/><E2/><V118/><F118/><W39/><G39/><T79/><D113/><U107/><E40/><V4/><F135/><W48/><G74/><T64/><D73/><U38/><E107/><V76/><F128/><W71/><G116/><T117/><D79/><N who="1" m="46591" /><E25/><V81/><F114/><W10/><G120/><T82/><D117/><U1/><E1/><V28/><F95/><W52/><G131/><T22/><D37/><U23/><E23/><V5/><F45/><W130/><G130/><T51/><D68/><U35/><E35/><V12/><F26/><W97/><G124/><T72/><D72/><U27/><E27/><V70/><F70/><W112/><G112/><T32/><D32/><U103/><E100/><N who="0" m="38505" /><D65/><U15/><E15/><V122/><F28/><W6/><G31/><T125/><D125/><U63/><E63/><V133/><REACH who="2" step="1"/><F133/><REACH who="2" ten="198,250,240,302" step="2"/><W42/><G69/><T126/><D126/><U123/><E29/><V90/><F90/><W99/><G71/><T59/><D59/><N who="1" m="33199" /><E30/><V129/><F129/><W115/><G115/><T21/><D46/><U94/><E94/><V109/><F109/><N who="1" m="42057" /><E123/><AGARI ba="0,1" hai="0,4,5,9,11,12,54,58,61,76,81,84,122,123" machi="123" ten="40,5200,0" yaku="1,1,53,2" doraHai="14" doraHaiUra="7" who="2" fromWho="1" sc="198,0,250,-52,240,62,302,0" /><INIT seed="2,0,0,0,5,79" ten="198,198,302,302" oya="2" hai0="128,51,20,72,83,119,101,1,134,21,86,60,116" hai1="110,17,41,76,42,75,89,85,127,135,91,82,30" hai2="12,125,69,25,124,57,92,97,26,104,13,74,98" hai3="24,59,0,19,35,109,81,102,93,114,5,47,55"/><V63/><F69/><W78/><G114/><T103/><D1/><U100/><E110/><V33/><F74/><W53/><G109/><T15/><D72/><U121/><E121/><V7/><F104/><W45/><G5/><T73/><D73/><U108/><E108/><V10/><F13/><W43/><G0/><T88/><D128/><U48/><E135/><V56/><F57/><W38/><G47/><T113/><D113/><U9/><E127/><N who="2" m="48715" /><F33/><W49/><G55/><T14/><D60/><U18/><E30/><V61/><F61/><W44/><G44/><T29/><D51/><U11/><E100/><N who="0" m="38473" /><D134/><U8/><E75/><V130/><F130/><W4/><G4/><T133/><D133/><U31/><E31/><V62/><F62/><W65/><G65/><T36/><D36/><U87/><E48/><V90/><F98/><W3/><G3/><T68/><D68/><U54/><E8/><V118/><F118/><N who="0" m="45098" /><D21/><U122/><E122/><V22/><F22/><W16/><G35/><T28/><D15/><U23/><E23/><V66/><AGARI ba="0,0" hai="7,10,12,25,26,56,63,66,90,92,97" m="48715" machi="66" ten="30,1500,0" yaku="18,1" doraHai="79" who="2" fromWho="2" sc="198,-5,198,-5,302,15,302,-5" /><INIT seed="2,1,0,0,5,73" ten="193,193,317,297" oya="2" hai0="122,63,3,59,55,13,27,100,107,77,129,99,90" hai1="34,2,8,52,108,67,127,112,128,56,24,121,97" hai2="111,14,33,41,115,89,80,130,125,134,4,58,39" hai3="45,82,93,9,98,92,126,95,18,101,37,68,96"/><V124/><F115/><W105/><G68/><T21/><D3/><U132/><E112/><V113/><F113/><W7/><G126/><N who="2" m="48745" /><F33/><W46/><G37/><T47/><D122/><U44/><E127/><V135/><F58/><W36/><G36/><T31/><D129/><U118/><E118/><V54/><F54/><W1/><G18/><T62/><D47/><U70/><E128/><V83/><F89/><W109/><G109/><T64/><D90/><U86/><E108/><V20/><F111/><W131/><G131/><T15/><REACH who="0" step="1"/><D77/><REACH who="0" ten="183,193,317,297" step="2"/><U119/><E44/><N who="2" m="23615" /><F130/><W28/><G46/><T22/><D22/><U53/><E121/><V94/><F20/><W75/><G45/><T71/><AGARI ba="1,1" hai="13,15,21,27,31,55,59,62,63,64,71,99,100,107" machi="71" ten="20,8000,1" yaku="1,1,0,1,7,1,53,2" doraHai="73" doraHaiUra="10" who="0" fromWho="0" sc="183,93,193,-21,317,-41,297,-21" /><INIT seed="3,0,0,5,5,42" ten="276,172,276,276" oya="3" hai0="62,121,19,95,2,110,119,126,58,49,70,74,68" hai1="48,81,12,7,115,113,4,16,116,99,26,106,89" hai2="47,90,124,120,87,122,103,105,17,29,83,57,127" hai3="96,73,125,27,117,134,8,88,35,31,34,75,85"/><W59/><G117/><T123/><D74/><U6/><E116/><V84/><F29/><W77/><G35/><T44/><D2/><U111/><E111/><V93/><F57/><W53/><G134/><T51/><D119/><U21/><E81/><N who="2" m="49423" /><F47/><W101/><G125/><N who="2" m="48201" /><F17/><W45/><G45/><T82/><D82/><U18/><E48/><V0/><F0/><W135/><G135/><T50/><D126/><U25/><E89/><N who="2" m="51455" /><F93/><W10/><G10/><T130/><D95/><U94/><E94/><V67/><F67/><W128/><G8/><T9/><D9/><U24/><REACH who="1" step="1"/><E18/><REACH who="1" ten="276,162,276,276" step="2"/><V37/><F37/><W56/><G77/><T46/><D19/><U28/><E28/><V131/><F131/><W72/><G128/><T80/><D130/><U61/><E61/><V3/><F3/><W43/><G31/><T76/><D110/><U14/><E14/><V55/><F55/><W64/><G53/><N who="0" m="34127" /><D80/><U114/><E114/><V15/><F15/><W38/><G38/><T133/><D76/><U109/><E109/><V1/><F1/><W71/><G27/><T100/><D133/><U98/><E98/><AGARI ba="0,1" hai="98,103,105,120,122" m="51455,48201,49423" machi="98" ten="30,3900,0" yaku="18,1,34,2" doraHai="42" who="2" fromWho="1" sc="276,0,162,-39,276,49,276,0" owari="276,8.0,123,-38.0,325,42.0,276,-12.0" /></mjloggm>