<mjloggm ver="2.3"><GO type="41" lobby="0"/><UN n0="%6E%65%70%65%72%6F" n1="%E5%B0%B1%E6%B4%BB%E7%94%9F%40%E5%B7%9D%E6%9D%91%E8%BB%8D%E5%9B%A3" n2="%73%75%73%75%6B%69%74%69" n3="%E5%A1%B5" dan="14,16,15,14" rate="1985.23,2084.61,2016.74,1907.67" sx="M,M,M,M"/><TAIKYOKU oya="0"/><INIT seed="0,0,0,4,0,115" ten="250,250,250,250" oya="0" hai0="133,23,22,18,54,11,47,102,122,103,79,61,71" hai1="64,91,46,128,65,84,28,52,130,72,56,29,112" hai2="16,95,99,104,49,74,10,75,87,113,96,45,41" hai3="53,83,92,38,134,1,108,82,97,36,37,34,93"/><T48/><D122/><U117/><E72/><V124/><F113/><W59/><G34/><T50/><D133/><U107/><E112/><V132/><F132/><W118/><G1/><T30/><D79/><U100/><E46/><V40/><F124/><W81/><G134/><T33/><D33/><U94/><E100/><V12/><F41/><W110/><G118/><T131/><D131/><N who="1" m="50219" /><E107/><V129/><F129/><W86/><G86/><T0/><D30/><N who="1" m="11883" /><E117/><V85/><F75/><W62/><REACH who="3" step="1"/><G97/><REACH who="3" ten="250,250,250,240" step="2"/><T135/><D135/><U77/><E77/><V4/><F74/><W127/><G127/><T58/><D0/><U57/><E57/><V126/><F126/><W44/><G44/><T24/><D71/><U2/><E2/><V123/><F123/><W31/><G31/><N who="0" m="17815" /><D11/><U14/><E14/><V76/><F104/><W5/><G5/><T66/><D50/><AGARI ba="0,1" hai="50,52,56,64,65,84,91,94" m="11883,50219" machi="50" ten="30,2000,0" yaku="19,1,54,1" doraHai="115" who="1" fromWho="0" sc="250,-20,250,30,250,0,240,0" /><INIT seed="1,0,0,2,0,95" ten="230,280,250,240" oya="1" hai0="124,52,100,91,76,118,22,88,47,97,98,73,33" hai1="114,26,18,58,9,131,12,17,13,67,61,117,107" hai2="81,128,54,113,3,7,90,25,132,43,40,2,112" hai3="53,66,82,48,34,4,68,134,6,80,125,72,8"/><U39/><E114/><N who="2" m="44139" /><F132/><W62/><G134/><T78/><D118/><U50/><E117/><V133/><F133/><W108/><G108/><T85/><D33/><U64/><E39/><V41/><F128/><W111/><G111/><T16/><D73/><U14/><E131/><V86/><F7/><W49/><G125/><T38/><D100/><U11/><E107/><V60/><F25/><W35/><G49/><N who="0" m="28735" /><D38/><U71/><E26/><V59/><AGARI ba="0,0" hai="2,3,40,41,43,54,59,60,81,86,90" m="44139" machi="59" ten="40,1500,0" yaku="11,1" doraHai="95" who="2" fromWho="2" sc="230,-4,280,-7,250,15,240,-4" /><INIT seed="2,0,0,0,3,69" ten="226,273,265,236" oya="2" hai0="51,107,76,0,5,45,122,110,73,28,95,63,100" hai1="96,68,10,104,120,71,119,77,44,135,15,36,22" hai2="31,93,132,46,32,14,23,30,130,4,40,25,111" hai3="88,103,108,43,47,58,34,35,19,16,50,53,131"/><V26/><F132/><W60/><G131/><T1/><D107/><U38/><E119/><V8/><F130/><W92/><G103/><T24/><D122/><U99/><E77/><V55/><F55/><W20/><G108/><T13/><D110/><U29/><E135/><V124/><F111/><W89/><G89/><T101/><D63/><U42/><E120/><V67/><F124/><W3/><G3/><T91/><D76/><U97/><E104/><V98/><F67/><W85/><REACH who="3" step="1"/><G20/><REACH who="3" ten="226,273,265,226" step="2"/><N who="0" m="15367" /><D1/><U52/><E22/><V18/><F98/><W126/><G126/><T112/><D0/><U6/><E97/><V116/><F116/><W125/><G125/><T65/><D101/><U121/><E96/><V81/><F81/><W133/><G133/><T33/><D91/><U118/><E99/><V61/><F93/><W78/><G78/><T90/><D95/><U66/><E118/><V17/><REACH who="2" step="1"/><F61/><REACH who="2" ten="226,273,255,226" step="2"/><W87/><G87/><T117/><D100/><U127/><E127/><V106/><F106/><W7/><G7/><T94/><D117/><U102/><E6/><V113/><F113/><W74/><G74/><T56/><D94/><U115/><E115/><V39/><AGARI ba="0,2" hai="4,8,14,17,18,23,25,26,30,31,32,39,40,46" machi="39" ten="20,12000,1" yaku="1,1,0,1,7,1,52,1,53,1" doraHai="69" doraHaiUra="37" who="2" fromWho="2" sc="226,-40,273,-40,255,140,226,-40" /><INIT seed="2,1,0,4,0,61" ten="186,233,395,186" oya="2" hai0="105,103,93,33,70,18,112,122,110,125,97,24,20" hai1="90,117,4,89,52,55,83,44,81,82,80,50,16" hai2="126,54,45,135,59,84,19,96,37,79,91,115,1" hai3="53,63,30,87,51,95,111,5,121,109,100,49,32"/><V113/><F1/><W43/><G121/><T88/><D122/><U39/><E117/><V15/><F126/><W92/><G5/><T0/><D125/><U7/><E39/><V35/><F35/><W67/><G32/><T108/><D112/><U56/><N who="1" m="20992" /><DORA hai="76" /><U124/><E124/><V60/><F79/><W71/><G30/><T94/><D0/><U65/><E65/><V12/><F96/><W130/><G130/><T114/><D114/><U42/><E42/><V99/><F99/><W36/><G87/><N who="0" m="52383" /><D70/><U123/><E123/><V10/><F135/><W132/><G132/><T21/><D21/><U41/><E41/><V14/><F14/><W73/><G73/><T116/><D116/><U22/><E7/><V74/><F74/><W47/><G100/><T3/><D3/><U86/><E86/><V13/><F13/><W2/><G2/><T48/><D48/><N who="1" m="30727" /><E4/><V107/><F107/><W106/><G106/><T25/><D33/><U85/><E85/><V9/><F37/><W6/><G6/><T66/><D66/><U11/><E11/><V57/><F45/><W119/><G119/><T68/><D68/><U8/><E8/><V34/><F34/><W62/><G95/><T77/><D77/><U46/><E46/><V23/><F115/><W27/><G92/><T133/><D133/><U40/><E40/><V101/><F113/><W120/><G120/><T75/><D75/><U104/><E104/><V29/><F84/><W128/><G36/><T69/><D69/><U78/><E78/><V28/><F9/><W127/><G71/><T64/><D105/><RYUUKYOKU ba="1,0" sc="186,-10,233,30,395,-10,186,-10" hai1="16,22,44,50,55,89,90" /><INIT seed="3,2,0,0,2,86" ten="176,263,385,176" oya="3" hai0="82,11,126,122,134,50,107,80,93,97,14,103,75" hai1="67,133,44,84,100,52,121,101,94,29,43,39,114" hai2="58,45,119,6,66,59,4,79,124,21,10,72,48" hai3="60,12,3,112,57,42,13,113,70,68,98,20,30"/><W131/><G3/><T46/><D122/><U62/><E114/><V24/><F119/><W116/><G116/><T92/><D134/><U110/><E121/><V90/><F124/><W47/><G131/><T74/><D126/><U120/><E110/><V99/><F72/><W34/><G113/><T16/><D75/><U76/><E120/><V111/><F79/><W73/><G73/><T128/><D128/><U81/><E133/><V105/><F105/><W104/><G112/><T38/><D38/><U130/><E130/><V108/><F66/><W36/><G34/><T127/><D127/><U0/><E0/><V55/><F4/><W8/><G13/><T115/><D115/><U18/><E29/><V71/><F71/><W132/><G132/><T129/><D129/><U25/><E94/><N who="2" m="56791" /><F10/><W78/><G78/><T61/><D61/><U125/><E125/><V49/><F6/><W32/><G32/><T83/><REACH who="0" step="1"/><D74/><REACH who="0" ten="166,263,385,176" step="2"/><U64/><E62/><V87/><F49/><W106/><G70/><T31/><D31/><U117/><E117/><V27/><F111/><W65/><G68/><T15/><D15/><U1/><E1/><V37/><F37/><W123/><G123/><T56/><D56/><U40/><E39/><V77/><F108/><W85/><G30/><T91/><D91/><U28/><E28/><N who="2" m="17423" /><F27/><W35/><G36/><T22/><D22/><U26/><E26/><V88/><F77/><W7/><G20/><T135/><D135/><U53/><E25/><V69/><F69/><W23/><G23/><T89/><D89/><U109/><E76/><V96/><F96/><RYUUKYOKU ba="2,1" sc="166,15,263,-15,385,15,176,-15" hai0="11,14,16,46,50,80,82,83,92,93,97,103,107" hai2="45,48,55,58,59,87,88" /><INIT seed="4,3,1,2,3,4" ten="181,248,400,161" oya="0" hai0="56,29,62,8,103,135,111,28,17,106,80,63,57" hai1="100,73,47,84,115,132,40,31,52,44,123,42,105" hai2="82,23,97,43,85,67,53,124,87,94,2,27,83" hai3="89,59,45,20,74,26,0,25,51,110,37,16,48"/><T99/><D135/><U9/><E73/><V81/><F2/><W131/><G74/><T76/><D111/><U120/><E132/><V14/><F124/><W90/><G110/><T127/><D127/><U93/><E105/><V49/><F43/><W66/><G37/><T78/><D78/><U95/><E115/><V12/><F67/><W104/><G104/><T54/><D8/><U36/><E31/><V126/><F126/><W38/><G38/><T60/><D17/><U129/><E129/><V22/><F22/><N who="3" m="13511" /><G0/><T33/><D33/><U39/><E52/><V18/><F14/><W102/><G102/><T88/><D88/><N who="3" m="33897" /><G131/><T64/><REACH who="0" step="1"/><D62/><REACH who="0" ten="171,248,400,161" step="2"/><U116/><E9/><V92/><F97/><W107/><G107/><T5/><D5/><U125/><E125/><V1/><F94/><W113/><G113/><T109/><D109/><U91/><E116/><V61/><F61/><N who="3" m="38207" /><G45/><T133/><D133/><U3/><E3/><V10/><F1/><W11/><G11/><T108/><D108/><U98/><AGARI ba="3,2" hai="36,39,40,42,44,47,84,91,93,95,98,100,120,123" machi="98" ten="30,2000,0" yaku="0,1,9,1" doraHai="4" who="1" fromWho="1" sc="171,-13,248,49,400,-8,161,-8" /><INIT seed="5,0,0,4,0,30" ten="158,297,392,153" oya="1" hai0="87,28,62,113,74,36,34,116,59,125,129,5,122" hai1="94,91,75,117,66,118,131,88,43,45,18,13,1" hai2="81,52,107,61,7,53,21,100,16,106,119,84,133" hai3="70,33,90,32,103,109,135,93,83,8,98,2,77"/><U54/><E1/><V0/><F119/><W130/><G109/><T71/><RYUUKYOKU type="yao9" ba="0,0" sc="158,0,297,0,392,0,153,0" hai0="5,28,34,36,59,62,71,74,87,113,116,122,125,129" /><INIT seed="5,1,0,0,4,74" ten="158,297,392,153" oya="1" hai0="96,100,135,21,83,76,27,127,110,92,99,68,112" hai1="4,35,104,113,102,45,122,86,55,23,24,114,52" hai2="111,98,32,22,66,69,64,70,80,90,58,33,18" hai3="42,56,31,48,62,34,120,118,26,60,50,61,72"/><U20/><E122/><V11/><F111/><W128/><G120/><T30/><D110/><U78/><E35/><V71/><F11/><W129/><G118/><T8/><D127/><U28/><E4/><V131/><F131/><N who="3" m="50251" /><G72/><T105/><D112/><N who="1" m="43115" /><E23/><V59/><F98/><W101/><G101/><T37/><D68/><U84/><E84/><V119/><F119/><W46/><G50/><T6/><D37/><U38/><E102/><V2/><F2/><W13/><G13/><T57/><D57/><AGARI ba="1,0" hai="26,31,34,42,46,48,56,57,60,61,62" m="50251" machi="57" ten="30,1000,0" yaku="19,1" doraHai="74" who="3" fromWho="0" sc="158,-13,297,0,392,0,153,13" /><INIT seed="6,0,0,3,0,106" ten="145,297,392,166" oya="2" hai0="64,9,60,36,17,51,62,6,118,94,135,38,126" hai1="20,52,70,59,67,8,80,88,69,96,43,111,48" hai2="25,109,122,13,133,29,123,84,18,50,129,124,33" hai3="116,115,95,119,77,58,108,26,42,72,87,12,27"/><V100/><F133/><W68/><G68/><T35/><D135/><U1/><E111/><V47/><F124/><W21/><G108/><T73/><D126/><U63/><E43/><V45/><F109/><W98/><G115/><T31/><D73/><U79/><E20/><V102/><F47/><W54/><G27/><T117/><D35/><U4/><E96/><V92/><F129/><W104/><G42/><T49/><D31/><U7/><E7/><V120/><F84/><W86/><G86/><T78/><D17/><U121/><E121/><V82/><F82/><W19/><G104/><T110/><D78/><U32/><E32/><V99/><F102/><W0/><G0/><T101/><D94/><U125/><E125/><V71/><F71/><W107/><G107/><T130/><D101/><U112/><E112/><V14/><REACH who="2" step="1"/><F18/><REACH who="2" ten="145,297,382,166" step="2"/><W2/><G119/><T28/><D130/><U16/><E16/><V55/><AGARI ba="0,1" hai="13,14,25,29,33,45,50,55,92,99,100,120,122,123" machi="55" ten="30,6000,0" yaku="1,1,2,1,0,1,53,0" doraHai="106" doraHaiUra="37" who="2" fromWho="2" sc="145,-20,297,-20,382,70,166,-20" /><INIT seed="6,1,0,0,0,61" ten="125,277,452,146" oya="2" hai0="88,76,5,4,51,108,101,17,21,80,7,33,3" hai1="63,115,26,109,47,133,46,48,117,134,39,6,29" hai2="44,119,81,68,13,131,95,53,72,70,102,94,112" hai3="15,41,111,16,91,98,36,40,60,19,58,52,71"/><V32/><F119/><W34/><G111/><T20/><D108/><U85/><E109/><V14/><F32/><W128/><G34/><T62/><D33/><U130/><E130/><V0/><F0/><W10/><G128/><T30/><D3/><U127/><E127/><V25/><F131/><W79/><G36/><T18/><D101/><U100/><E115/><V114/><F25/><W49/><G79/><T122/><D122/><U110/><E110/><V103/><F81/><W11/><G71/><T2/><D2/><U38/><E6/><V106/><F53/><W82/><G49/><T77/><D62/><U97/><E117/><V107/><F44/><W22/><G11/><T96/><D51/><U59/><E85/><V35/><F35/><W92/><G82/><T83/><D30/><U74/><E74/><AGARI ba="1,0" hai="13,14,68,70,72,74,94,95,102,103,106,107,112,114" machi="74" ten="25,2400,0" yaku="22,2" doraHai="61" who="2" fromWho="1" sc="125,0,277,-27,452,27,146,0" /><INIT seed="6,2,0,0,1,93" ten="125,250,479,146" oya="2" hai0="131,13,78,96,26,134,0,37,54,130,98,108,31" hai1="15,90,52,48,25,51,70,110,87,80,60,38,20" hai2="68,46,119,40,107,100,116,34,79,106,73,45,95" hai3="47,125,6,49,66,65,1,42,24,12,7,9,61"/><V32/><F68/><W19/><G125/><T105/><D0/><U88/><E38/><V102/><F95/><W83/><G1/><T39/><D105/><U18/><E110/><V56/><F56/><W28/><G66/><T21/><D108/><U74/><E74/><V69/><F69/><W72/><G72/><T4/><D78/><U99/><E70/><V67/><F67/><W101/><G101/><T123/><D123/><U75/><E75/><V121/><F73/><W57/><G83/><T33/><D134/><U53/><E15/><V103/><F79/><W114/><G114/><T22/><D37/><U76/><E60/><V55/><F55/><N who="1" m="21065" /><E76/><V82/><F82/><W112/><G112/><T14/><D39/><U43/><E43/><V27/><F27/><W11/><G9/><N who="0" m="4263" /><D54/><U41/><E41/><V77/><F77/><W109/><G109/><T117/><D117/><N who="2" m="45130" /><F40/><W111/><G111/><T62/><D62/><U113/><E113/><V85/><F85/><W115/><G115/><T8/><D96/><U44/><E44/><N who="2" m="17003" /><F121/><W118/><G118/><T58/><D98/><U132/><E132/><V126/><F126/><W30/><G24/><T122/><D58/><U104/><E104/><AGARI ba="2,0" hai="32,34,100,102,103,104,106,107" m="17003,45130" machi="104" ten="40,3900,0" yaku="28,2" doraHai="93" who="2" fromWho="1" sc="125,0,250,-45,479,45,146,0" /><INIT seed="6,3,0,4,2,67" ten="125,205,524,146" oya="2" hai0="107,84,103,41,124,97,118,17,24,83,37,52,46" hai1="87,121,64,51,1,69,100,19,120,6,35,22,91" hai2="90,115,96,23,79,36,126,60,75,98,15,59,65" hai3="29,127,3,89,81,63,2,76,73,10,70,48,85"/><V39/><F126/><W122/><G127/><T5/><D124/><U109/><E35/><V57/><F115/><W131/><G122/><N who="1" m="47210" /><E109/><V16/><F96/><W88/><G131/><T110/><D110/><U32/><E32/><V4/><F4/><W18/><G29/><T112/><D118/><U80/><E100/><V43/><F43/><W14/><G48/><T66/><D66/><U129/><E129/><V106/><F59/><W34/><G34/><T50/><D112/><U74/><E74/><V93/><REACH who="2" step="1"/><F106/><REACH who="2" ten="125,205,514,146" step="2"/><W130/><G130/><T99/><D5/><U105/><E105/><V38/><F38/><W95/><G3/><T26/><D97/><U102/><E102/><V55/><F55/><W11/><G2/><T33/><D37/><U45/><E6/><V117/><F117/><W119/><G119/><T111/><D41/><U78/><E1/><V0/><F0/><W77/><G73/><T132/><D99/><U101/><E101/><V72/><F72/><W125/><G125/><T42/><D107/><U54/><E64/><V113/><F113/><W86/><G70/><T128/><D42/><U61/><E61/><V8/><F8/><N who="3" m="3115" /><G63/><T31/><D128/><U92/><E69/><V62/><F62/><W134/><G134/><T56/><D132/><U49/><E54/><V135/><F135/><W40/><G40/><T44/><D111/><U123/><N who="1" m="47218" /><U71/><DORA hai="68" /><E71/><V21/><F21/><AGARI ba="3,1" hai="14,18,21,76,77,81,85,86,88,89,95" m="3115" machi="21" ten="30,2000,0" yaku="8,1,54,1" doraHai="67,68" who="3" fromWho="2" sc="125,0,205,0,514,-29,146,39" /><INIT seed="7,0,0,0,1,92" ten="125,205,485,185" oya="3" hai0="116,103,68,60,134,54,84,17,39,34,66,7,43" hai1="27,38,0,98,63,65,5,77,91,74,26,21,130" hai2="104,14,57,32,87,128,24,132,102,35,120,49,107" hai3="20,56,133,3,16,105,40,110,59,36,22,99,121"/><W2/><G121/><T25/><D116/><U55/><E38/><V42/><F120/><W85/><G110/><T10/><D134/><U47/><E130/><V119/><F119/><W101/><G133/><T118/><D118/><U125/><E125/><V81/><F132/><W51/><G22/><T113/><D113/><U41/><E0/><V48/><F102/><W108/><G108/><T75/><D75/><U112/><E5/><V109/><F109/><W70/><G70/><T111/><D111/><U64/><E77/><V53/><F14/><W45/><G85/><T126/><D126/><U33/><E33/><V9/><F9/><W12/><REACH who="3" step="1"/><G59/><REACH who="3" ten="125,205,485,175" step="2"/><T72/><D72/><U62/><E21/><V52/><F35/><W30/><G30/><T114/><D114/><U28/><E74/><V79/><F128/><W4/><G4/><T94/><D34/><U106/><E28/><V76/><F32/><W73/><G73/><T129/><D129/><U83/><E112/><V1/><F87/><W86/><G86/><T124/><D68/><U18/><E27/><V61/><F57/><W13/><G13/><T37/><D124/><U97/><E26/><V131/><F24/><W100/><G100/><T96/><D37/><U115/><E115/><V123/><F1/><W19/><G19/><T88/><D39/><U23/><E23/><V117/><F123/><W44/><G44/><T46/><D46/><U71/><E18/><V31/><F117/><W15/><G15/><T135/><D135/><U29/><E29/><V11/><F31/><W78/><G78/><T95/><D17/><RYUUKYOKU ba="0,1" sc="125,-10,205,-10,485,-10,175,30" hai3="2,3,12,16,20,36,40,45,51,56,99,101,105" /><INIT seed="7,1,1,2,5,22" ten="115,195,475,205" oya="3" hai0="36,112,1,85,58,116,32,28,50,59,96,0,111" hai1="25,66,4,127,90,75,120,107,57,52,7,99,82" hai2="67,16,56,78,18,87,69,20,102,46,130,80,101" hai3="5,14,45,122,9,73,48,54,124,31,42,21,63"/><W131/><G122/><T23/><D116/><U33/><E120/><V117/><F117/><W103/><G73/><T44/><D36/><U106/><E127/><V53/><F69/><W119/><G119/><T24/><D111/><U132/><E66/><V133/><F133/><W76/><G76/><T100/><D112/><U11/><E132/><V105/><F105/><W74/><G74/><T65/><D85/><U109/><E109/><V97/><F130/><W37/><G131/><T104/><D0/><U70/><E70/><V86/><F86/><W114/><G124/><T26/><D1/><U30/><E75/><V55/><F97/><W121/><G121/><T93/><D104/><U40/><E40/><V47/><F67/><W98/><G114/><T125/><D125/><U3/><E4/><V15/><F18/><W128/><G128/><T49/><D65/><U64/><E64/><V29/><F29/><W2/><G63/><T43/><REACH who="0" step="1"/><D50/><REACH who="0" ten="105,195,475,205" step="2"/><U108/><E108/><V84/><F84/><W118/><G118/><T12/><D12/><U126/><E126/><V10/><F87/><W134/><G2/><T35/><D35/><U27/><E107/><V72/><F72/><W123/><G123/><T62/><D62/><U8/><E106/><V77/><F80/><W91/><G37/><T79/><D79/><U68/><E68/><V113/><F113/><W6/><G134/><T94/><D94/><N who="1" m="56791" /><E82/><V88/><F78/><W34/><G34/><T19/><AGARI ba="1,2" hai="19,23,24,26,28,32,43,44,49,58,59,93,96,100" machi="19" ten="20,12000,2" yaku="1,1,0,1,7,1,52,2,53,1" doraHai="22" doraHaiUra="13" who="0" fromWho="0" sc="105,143,195,-31,475,-31,205,-61" owari="248,5.0,164,-24.0,444,55.0,144,-36.0" /></mjloggm>