<mjloggm ver="2.3"><GO type="41" lobby="0"/><UN n0="%6B%6B%74%6B" n1="%74%61%6D%61%67%6F%E5%A4%A7%E5%A5%BD" n2="%E3%82%AB%E3%83%9E%E3%82%AD%E3%83%AA%E5%85%88%E8%BC%A9" n3="%E5%B0%B1%E6%B4%BB%E7%94%9F%40%E5%B7%9D%E6%9D%91%E8%BB%8D%E5%9B%A3" dan="13,14,17,14" rate="1819.07,1891.41,2082.07,1971.00" sx="M,M,M,M"/><TAIKYOKU oya="0"/><INIT seed="0,0,0,2,5,50" ten="250,250,250,250" oya="0" hai0="64,129,15,3,62,66,24,124,28,49,104,39,18" hai1="71,131,111,91,76,59,43,53,86,132,102,13,90" hai2="126,121,37,122,25,113,51,46,33,117,80,96,135" hai3="41,19,57,120,54,116,100,10,84,44,27,38,22"/><T48/><D39/><U112/><E71/><V47/><F113/><W34/><G116/><T7/><D104/><U123/><E123/><V5/><F117/><W67/><G120/><T26/><D129/><U40/><E112/><V118/><F118/><W74/><G74/><T30/><D124/><U14/><E131/><V56/><F126/><W77/><G100/><T127/><D127/><U125/><E125/><V42/><F135/><W65/><G34/><T82/><D82/><U93/><E132/><V29/><F5/><W60/><REACH who="3" step="1"/><G10/><REACH who="3" ten="250,250,250,240" step="2"/><T119/><D119/><U130/><E130/><V36/><F122/><W103/><G103/><T45/><D3/><U94/><E102/><V35/><F35/><W79/><G79/><T92/><D7/><U110/><E76/><V6/><F6/><W109/><G109/><T95/><D18/><U83/><E111/><V105/><F121/><W63/><G63/><T9/><D9/><U70/><E110/><V101/><F33/><W23/><G23/><T75/><D75/><U133/><E133/><V17/><F17/><W16/><G16/><T11/><D11/><U32/><E32/><V61/><F101/><W12/><G12/><T108/><D108/><U4/><E4/><V69/><F105/><W72/><G72/><T0/><D0/><U99/><E14/><V21/><F21/><W1/><G1/><T8/><D8/><U20/><E13/><V106/><F106/><W87/><G87/><T58/><D62/><U107/><E20/><V78/><F61/><W115/><G115/><T85/><D15/><U114/><E114/><RYUUKYOKU ba="0,1" sc="250,-10,250,-10,250,-10,240,30" hai3="19,22,27,38,41,44,54,57,60,65,67,77,84" /><INIT seed="1,1,1,4,2,92" ten="240,240,240,270" oya="1" hai0="30,114,9,88,0,27,89,54,47,107,102,99,87" hai1="15,61,109,32,125,52,65,53,72,17,24,106,51" hai2="81,135,20,46,48,33,8,128,10,26,19,90,29" hai3="96,3,55,98,22,110,50,16,108,56,122,62,12"/><U111/><E72/><V4/><F135/><W23/><G3/><T43/><D114/><U14/><E125/><V134/><F134/><W76/><G122/><T103/><D103/><U36/><E36/><V2/><F128/><W129/><G129/><T42/><D0/><U113/><E113/><V116/><F116/><W77/><G23/><T120/><D9/><U68/><E106/><V5/><F90/><W121/><G121/><T79/><D120/><U18/><E32/><V57/><F57/><W83/><G62/><T73/><D89/><U6/><E6/><V59/><F59/><W119/><G119/><T58/><D47/><N who="1" m="27775" /><E53/><V49/><F81/><W41/><G41/><T101/><D101/><U28/><E28/><V44/><F44/><W37/><G37/><T132/><D132/><U105/><E105/><V34/><F46/><W117/><G117/><T45/><D45/><U40/><E40/><V118/><F118/><W123/><G123/><T80/><D27/><U78/><E78/><N who="3" m="30314" /><G83/><T75/><D30/><U31/><E31/><V124/><F124/><W126/><G126/><T71/><D71/><U93/><E93/><V130/><F130/><W25/><G25/><T67/><D67/><U70/><E70/><V38/><F38/><W35/><G35/><N who="2" m="13321" /><F29/><W60/><G60/><N who="0" m="35927" /><D73/><U95/><E95/><AGARI ba="1,1" hai="42,43,75,79,80,87,88,95,99,102,107" m="35927" machi="95" ten="30,3900,0" yaku="24,1,52,1,54,1" doraHai="92" who="0" fromWho="1" sc="240,52,240,-42,240,0,270,0" /><INIT seed="2,0,0,5,5,123" ten="292,198,240,270" oya="2" hai0="109,39,59,1,103,126,97,17,86,122,118,41,129" hai1="58,32,56,130,40,51,22,80,24,46,82,94,16" hai2="67,29,0,121,4,6,108,102,49,18,116,44,30" hai3="107,131,20,99,8,2,55,61,127,71,124,19,114"/><V63/><F116/><W3/><G131/><T84/><D122/><U42/><E130/><V70/><F121/><W91/><G114/><T104/><D1/><U101/><E32/><V33/><F108/><W37/><G37/><T93/><D129/><U89/><E40/><V105/><F18/><W119/><G119/><T14/><D118/><U111/><E101/><V98/><F0/><W76/><G76/><T38/><D109/><U26/><E26/><N who="2" m="18615" /><F30/><W21/><G21/><T9/><D126/><N who="3" m="48169" /><G8/><T125/><D125/><U135/><E135/><V115/><F115/><W50/><G61/><T96/><D59/><N who="1" m="22571" /><E111/><V25/><F25/><N who="3" m="14495" /><G71/><T15/><D15/><U81/><E81/><V34/><F34/><W66/><G66/><T62/><D62/><U95/><E95/><V54/><AGARI ba="0,0" hai="4,6,44,49,54,63,67,70,98,102,105" m="18615" machi="54" ten="30,1500,0" yaku="25,1" doraHai="123" who="2" fromWho="2" sc="292,-5,198,-5,240,15,270,-5" /><INIT seed="2,1,0,2,0,104" ten="287,193,255,265" oya="2" hai0="20,113,123,25,96,94,59,95,39,134,121,98,37" hai1="61,46,92,99,111,3,15,132,83,105,86,66,0" hai2="51,101,27,29,30,68,115,119,16,91,73,103,124" hai3="48,102,80,63,44,84,110,88,106,72,64,69,89"/><V77/><F115/><W135/><G110/><T117/><D113/><U130/><E111/><V43/><F119/><W75/><G135/><T97/><D134/><U42/><E132/><V65/><F124/><W34/><G34/><T87/><D87/><U62/><E130/><V38/><F38/><W19/><G19/><T90/><D59/><U74/><E105/><V50/><F68/><W100/><G89/><T14/><D14/><U126/><E62/><V36/><F65/><W52/><REACH who="3" step="1"/><G106/><REACH who="3" ten="287,193,255,255" step="2"/><T60/><D90/><U22/><E126/><V41/><F91/><W18/><G18/><T55/><D117/><U23/><E0/><V32/><F16/><W8/><G8/><T71/><D121/><U78/><E3/><V58/><F32/><W85/><G85/><T81/><D123/><U79/><E86/><V11/><F11/><W82/><G82/><T5/><D94/><U56/><E15/><V6/><F30/><W120/><G120/><T109/><D81/><U114/><E79/><V57/><F29/><W47/><G47/><T40/><D95/><U133/><E114/><V54/><F77/><W24/><G24/><T93/><D25/><U125/><E125/><V7/><F27/><W21/><G21/><T26/><D26/><U49/><E133/><V2/><F2/><W9/><G9/><T12/><D12/><U45/><E46/><V128/><F128/><W28/><G28/><T112/><D112/><U116/><E116/><V17/><F17/><W70/><G70/><T13/><D13/><U122/><E122/><V35/><F35/><W129/><G129/><RYUUKYOKU ba="1,1" sc="287,-15,193,15,255,-15,255,15" hai1="22,23,42,45,49,56,61,66,74,78,83,92,99" hai3="44,48,52,63,64,69,72,75,80,84,88,100,102" /><INIT seed="3,2,1,0,3,67" ten="272,208,240,270" oya="3" hai0="119,81,91,5,30,131,112,2,127,83,18,93,116" hai1="38,120,124,4,130,14,40,79,87,118,59,90,73" hai2="61,104,31,92,12,6,37,95,53,126,42,34,110" hai3="111,52,47,22,46,63,108,75,107,7,72,54,43"/><W58/><G107/><T26/><D131/><U97/><E120/><V86/><F104/><W82/><G7/><T28/><D127/><U121/><E121/><V114/><F114/><W36/><G22/><T109/><D109/><N who="3" m="42057" /><G82/><T15/><D112/><U125/><E130/><V69/><F110/><W132/><G132/><T122/><D122/><U64/><E118/><V44/><F126/><N who="1" m="48745" /><E97/><V35/><F86/><W99/><G99/><T85/><D28/><U51/><E38/><V33/><F31/><W89/><G89/><T76/><D83/><U17/><E4/><V9/><F53/><W39/><G39/><T19/><D2/><U98/><E98/><V70/><REACH who="2" step="1"/><F61/><REACH who="2" ten="272,208,230,270" step="2"/><W77/><G77/><T80/><D80/><U16/><E79/><V49/><F49/><AGARI ba="2,2" hai="36,43,46,47,49,52,54,58,63,72,75" m="42057" machi="49" ten="30,5800,0" yaku="14,1,10,1,54,1" doraHai="67" who="3" fromWho="2" sc="272,0,208,0,230,-64,270,84" /><INIT seed="3,3,0,4,2,75" ten="272,208,166,354" oya="3" hai0="5,90,11,69,62,79,131,45,38,59,43,114,32" hai1="51,23,1,36,41,127,93,4,46,30,119,20,53" hai2="65,132,116,103,12,13,117,107,33,0,86,48,115" hai3="55,85,81,78,130,91,58,37,49,129,9,17,76"/><W28/><G37/><T22/><D32/><U97/><E119/><V61/><F115/><W101/><G101/><T24/><D114/><U111/><E111/><V3/><F33/><W60/><G28/><T68/><D131/><N who="3" m="50185" /><G60/><T40/><D40/><U92/><E127/><V44/><F132/><W56/><G56/><T52/><D90/><U110/><E110/><V39/><F39/><W105/><G105/><T135/><D79/><N who="3" m="30249" /><G17/><T120/><D120/><U87/><E87/><V109/><F109/><W57/><G57/><T16/><REACH who="0" step="1"/><D135/><REACH who="0" ten="262,208,166,354" step="2"/><U84/><E41/><V121/><F121/><W67/><G9/><T133/><D133/><U18/><E20/><V54/><F117/><W29/><G29/><T10/><D10/><U113/><E30/><V7/><F116/><W124/><G67/><T94/><D94/><U112/><E93/><V27/><F65/><W125/><AGARI ba="3,1" hai="49,55,58,81,85,91,124,125" m="30249,50185" machi="125" ten="40,12000,1" yaku="19,1,52,3" doraHai="75" who="3" fromWho="3" sc="262,-43,208,-43,166,-43,354,139" /><INIT seed="3,4,0,2,1,81" ten="219,165,123,493" oya="3" hai0="69,115,95,11,27,84,97,91,120,111,13,40,89" hai1="33,16,44,68,77,126,41,38,92,116,50,130,35" hai2="87,113,76,4,47,36,17,125,15,85,135,56,25" hai3="110,64,60,55,79,49,26,2,0,131,19,98,82"/><W31/><G131/><T104/><D120/><U118/><E130/><V127/><F113/><W18/><G98/><T119/><D119/><N who="1" m="45611" /><E68/><V71/><F71/><W80/><G2/><T54/><D40/><U12/><E126/><N who="2" m="48139" /><F135/><W73/><G0/><T117/><D69/><U34/><E77/><V67/><F76/><W109/><G82/><T30/><D117/><U102/><E38/><V5/><F25/><W72/><G60/><T7/><D111/><N who="3" m="42505" /><G64/><T100/><D54/><U90/><E102/><V121/><F121/><W106/><G106/><T43/><D43/><U46/><E46/><V8/><F47/><N who="3" m="28095" /><G72/><T133/><D133/><U122/><E122/><V61/><F36/><W134/><G134/><T66/><D66/><U107/><E107/><V86/><AGARI ba="4,0" hai="4,5,8,15,17,56,61,67,85,86,87" m="48139" machi="86" ten="30,7900,0" yaku="18,1,52,3" doraHai="81" who="2" fromWho="2" sc="219,-24,165,-24,123,91,493,-43" /><INIT seed="4,0,0,3,5,47" ten="195,141,214,450" oya="0" hai0="127,26,43,56,42,36,18,0,12,87,131,76,99" hai1="60,7,112,14,55,107,111,64,116,100,52,8,35" hai2="25,17,83,81,94,37,74,105,114,126,31,23,62" hai3="110,54,30,20,80,88,124,6,113,61,115,29,125"/><T11/><D0/><U108/><E116/><V51/><F37/><W39/><G39/><T46/><D131/><U135/><E135/><V97/><F105/><W72/><G6/><T118/><D118/><U134/><E134/><V9/><F114/><N who="3" m="43531" /><G110/><T84/><D43/><U33/><E112/><V65/><F51/><W120/><G120/><T132/><D132/><U40/><E40/><V4/><F17/><W77/><G88/><T49/><D127/><N who="3" m="48713" /><G20/><N who="0" m="13591" /><D36/><U59/><E108/><V78/><F126/><W45/><G45/><T2/><D2/><U86/><E86/><N who="0" m="32809" /><D76/><U119/><E119/><V93/><F83/><W70/><G54/><T90/><D56/><U103/><E111/><V128/><F128/><W19/><G19/><N who="0" m="8607" /><D90/><U73/><E73/><V48/><F78/><W71/><G71/><T96/><AGARI ba="0,0" hai="42,46,49,96,99" m="8607,32809,13591" machi="96" ten="30,3000,0" yaku="8,1,52,1" doraHai="47" who="0" fromWho="0" sc="195,30,141,-10,214,-10,450,-10" /><INIT seed="4,1,0,1,1,59" ten="225,131,204,440" oya="0" hai0="83,74,23,94,135,91,13,39,77,66,97,104,134" hai1="127,26,32,100,75,50,108,81,9,41,16,5,36" hai2="2,29,45,124,93,71,65,89,87,37,72,99,76" hai3="130,57,18,131,38,122,84,98,6,52,40,119,133"/><T109/><D39/><U125/><E108/><V12/><F2/><W105/><G119/><T54/><D66/><U56/><E100/><V24/><F124/><N who="1" m="47689" /><E32/><V123/><F123/><W90/><G6/><T106/><D109/><U102/><E102/><V11/><F72/><W4/><G4/><T8/><D23/><N who="1" m="13671" /><E36/><V68/><F65/><W43/><G98/><T1/><D1/><N who="1" m="175" /><E41/><V34/><F37/><W51/><G105/><T110/><D110/><U49/><E56/><V21/><F34/><W112/><G43/><T20/><D20/><U53/><E53/><V82/><F45/><W96/><G40/><T120/><D120/><U113/><E113/><V85/><F99/><W121/><G96/><T73/><D73/><U80/><E80/><V129/><F129/><W78/><G112/><T48/><D54/><U15/><E15/><V0/><F0/><W19/><G38/><T86/><D48/><U67/><E67/><V69/><F69/><W35/><G35/><T70/><D70/><U62/><E62/><V46/><F46/><W42/><G42/><T88/><D91/><U92/><E92/><V95/><F95/><W58/><G78/><AGARI ba="1,0" hai="49,50,75,78,81" m="175,13671,47689" machi="78" ten="30,2000,0" yaku="18,1,54,1" doraHai="59" who="1" fromWho="3" sc="225,0,131,23,204,0,440,-23" /><INIT seed="5,0,0,2,0,120" ten="225,154,204,417" oya="1" hai0="48,112,16,131,87,67,44,18,24,123,3,126,108" hai1="1,54,34,115,71,92,78,109,82,25,88,100,121" hai2="86,30,35,4,83,128,74,94,31,29,118,0,89" hai3="76,101,45,58,75,50,77,38,104,69,124,33,64"/><U42/><E121/><V68/><F118/><W11/><G124/><T57/><D112/><U84/><E115/><V127/><F68/><W13/><G33/><T111/><D3/><U119/><E119/><V135/><F127/><W96/><G75/><T53/><D87/><U2/><E71/><V19/><F135/><W5/><G38/><T79/><D79/><U17/><E42/><V28/><F128/><W81/><G69/><T107/><D107/><U90/><E100/><V116/><F116/><W46/><G46/><T14/><D24/><U103/><E103/><V129/><F129/><W47/><G47/><T134/><D134/><U12/><E109/><V9/><F19/><W133/><G133/><T60/><D126/><U62/><E90/><V65/><F65/><W98/><G98/><T72/><D131/><U113/><E113/><V26/><REACH who="2" step="1"/><F74/><REACH who="2" ten="225,154,194,417" step="2"/><W97/><G64/><T37/><D72/><U52/><E34/><V93/><AGARI ba="0,1" hai="0,4,9,26,28,29,30,31,35,83,86,89,93,94" machi="93" ten="30,4000,0" yaku="1,1,2,1,0,1,53,0" doraHai="120" doraHaiUra="49" who="2" fromWho="2" sc="225,-10,154,-20,194,50,417,-10" /><INIT seed="6,0,0,0,0,134" ten="215,134,244,407" oya="2" hai0="113,132,35,115,11,26,1,100,76,73,69,61,131" hai1="34,40,74,62,12,84,38,55,70,133,71,56,42" hai2="78,101,105,54,130,89,44,64,68,124,39,92,6" hai3="37,112,86,46,48,96,79,32,93,57,43,77,29"/><V25/><F78/><W16/><G112/><N who="0" m="43083" /><D100/><U118/><E74/><V66/><F6/><W91/><G29/><N who="0" m="19895" /><D132/><U10/><E34/><V49/><F39/><W33/><G33/><T80/><D131/><U75/><E75/><V45/><F45/><W120/><G32/><T104/><D104/><U135/><E84/><V67/><F130/><W119/><G119/><T106/><D106/><U36/><E12/><V129/><F129/><W30/><G30/><T59/><D59/><U17/><E17/><V125/><F25/><W21/><G120/><T27/><D27/><U5/><E10/><V109/><F109/><W128/><G128/><T15/><D15/><U50/><E5/><V110/><F110/><W47/><G96/><T98/><D98/><U8/><E8/><V60/><F101/><W14/><G57/><T72/><D72/><U2/><E2/><V3/><F105/><W103/><G103/><T108/><D108/><U83/><E83/><V88/><F3/><W87/><G86/><T28/><D28/><U94/><E94/><V53/><F92/><W97/><G97/><T51/><D51/><U116/><E50/><V122/><F122/><W85/><G85/><T24/><D24/><U90/><E90/><V31/><F31/><W18/><G18/><T117/><D117/><U99/><E99/><V102/><F102/><W95/><G95/><T58/><D58/><U20/><E56/><N who="2" m="34831" /><F68/><W19/><G19/><T63/><D69/><U41/><E41/><AGARI ba="0,0" hai="14,16,21,37,41,43,46,47,48,77,79,87,91,93" machi="41" ten="30,2000,0" yaku="7,1,54,1" doraHai="134" who="3" fromWho="1" sc="215,0,134,-20,244,0,407,20" /><INIT seed="7,0,0,2,5,82" ten="215,114,244,427" oya="3" hai0="34,92,7,38,26,95,1,11,65,78,103,48,104" hai1="112,94,135,67,114,96,102,118,97,15,25,24,29" hai2="110,75,109,21,122,86,119,88,116,89,83,87,20" hai3="123,101,47,62,115,56,121,41,81,80,125,124,66"/><W0/><G0/><T98/><D78/><U99/><E118/><V35/><F35/><W53/><G101/><T72/><D72/><U93/><E135/><V44/><F44/><W128/><G128/><T36/><D48/><U52/><E67/><V42/><F42/><W32/><G32/><T79/><D79/><U9/><E102/><V130/><F75/><W27/><G27/><T73/><D73/><U63/><E29/><V108/><F130/><W50/><G115/><T55/><D55/><U30/><E114/><V134/><F134/><W70/><G81/><T120/><D120/><N who="3" m="46153" /><G80/><T6/><D6/><U61/><E112/><V68/><F122/><W18/><G18/><T43/><D43/><U111/><E111/><V13/><F68/><W69/><G69/><T59/><D59/><U85/><E85/><N who="2" m="32267" /><F13/><W40/><G40/><T126/><D126/><U131/><E131/><V22/><F83/><W133/><G133/><T132/><D132/><U76/><E76/><V58/><F58/><W107/><G107/><T106/><D92/><U19/><E25/><V12/><F12/><W129/><G129/><T91/><D91/><AGARI ba="0,0" hai="20,21,22,88,89,91,108,109,110,116,119" m="32267" machi="91" ten="40,12000,2" yaku="28,2,52,3,54,1" doraHai="82" who="2" fromWho="0" sc="215,-120,114,0,244,120,427,0" owari="95,-40.0,114,-29.0,364,16.0,427,53.0" /></mjloggm>