<mjloggm ver="2.3"><GO type="225" lobby="0"/><UN n0="%E5%90%91%E4%BA%95%E7%90%86" n1="%E5%AE%89%E6%9C%AC%E5%BD%A9%E8%8A%B1" n2="%E3%83%88%E3%83%88%E3%83%AA%E5%85%88%E7%94%9F%31%39%E6%AD%B3" n3="%E7%99%BD%E6%B0%B4%E3%82%82%E3%81%AB" dan="16,16,17,17" rate="2102.34,2133.72,2287.65,2152.09" sx="M,F,F,F"/><TAIKYOKU oya="0"/><INIT seed="0,0,0,2,5,52" ten="250,250,250,250" oya="0" hai0="102,5,126,35,82,34,16,115,43,120,17,130,92" hai1="65,114,24,42,30,80,20,50,0,124,109,9,53" hai2="29,95,13,98,75,69,26,73,100,112,125,1,111" hai3="56,28,106,38,36,27,48,101,87,47,119,97,93"/><T81/><D120/><U86/><E109/><V108/><F112/><W121/><G119/><T129/><D115/><U23/><E124/><V67/><F1/><W41/><G121/><T57/><D126/><U89/><E114/><V132/><F125/><W96/><G87/><T103/><D43/><U18/><E65/><V61/><F13/><W12/><G12/><T116/><D5/><U19/><E42/><V6/><F6/><W91/><REACH who="3" step="1"/><G56/><REACH who="3" ten="250,250,250,240" step="2"/><T133/><D116/><U71/><E71/><V32/><F132/><W128/><G128/><N who="0" m="49259" /><D133/><U99/><E0/><V105/><F95/><W107/><G107/><T88/><D57/><N who="1" m="32951" /><E9/><V127/><F127/><W63/><G63/><T39/><D39/><U49/><E49/><V14/><F14/><W3/><G3/><T110/><D110/><AGARI ba="0,1" hai="26,29,32,61,67,69,73,75,98,100,105,108,110,111" machi="110" ten="40,8000,1" yaku="25,2,14,1,23,2" doraHai="52" who="2" fromWho="0" sc="250,-80,250,0,250,90,240,0" /><INIT seed="1,0,0,0,3,134" ten="170,250,340,240" oya="1" hai0="67,3,28,2,121,56,104,129,23,91,47,53,42" hai1="132,84,20,126,46,48,39,113,17,88,60,89,120" hai2="100,85,92,110,130,128,96,95,33,6,41,70,117" hai3="116,22,86,9,29,109,34,26,82,35,80,31,101"/><U118/><E126/><V98/><F117/><W5/><G116/><T27/><D104/><U76/><E113/><V106/><F33/><W68/><G109/><T119/><D119/><U45/><E118/><V112/><F70/><W13/><G68/><T108/><D108/><U16/><E120/><V71/><F71/><W58/><G101/><T32/><D121/><U1/><E1/><V123/><F110/><W77/><G31/><T94/><D67/><U99/><E132/><V14/><F123/><W73/><REACH who="3" step="1"/><G58/><REACH who="3" ten="170,250,340,230" step="2"/><T30/><D30/><U90/><E99/><V15/><F98/><W7/><G7/><T63/><D129/><U44/><E39/><V64/><F6/><W114/><G114/><T87/><D32/><U11/><E60/><V18/><F96/><W97/><G97/><T75/><D75/><U37/><E37/><AGARI ba="0,1" hai="2,3,23,27,28,37,42,47,53,56,63,87,91,94" machi="37" ten="30,1000,0" yaku="7,1" doraHai="134" who="0" fromWho="1" sc="170,20,250,-10,340,0,230,0" /><INIT seed="2,0,0,5,1,126" ten="190,240,340,230" oya="2" hai0="105,114,107,75,43,131,46,12,22,89,4,68,36" hai1="34,11,111,14,32,61,40,122,26,47,16,132,115" hai2="94,0,25,27,42,73,64,44,125,97,15,79,53" hai3="100,77,91,33,67,88,84,63,69,55,130,52,123"/><V38/><F125/><W96/><G123/><T35/><D35/><U50/><E115/><V121/><F121/><W116/><G116/><T21/><D75/><U71/><E122/><V57/><F0/><W19/><G130/><T70/><D114/><U51/><E111/><V58/><F73/><W80/><G33/><T78/><D78/><U90/><E132/><V2/><F79/><W28/><G28/><T65/><D131/><U10/><E26/><V98/><F98/><W37/><G37/><T102/><D89/><U92/><E10/><V49/><F2/><W106/><REACH who="3" step="1"/><G19/><REACH who="3" ten="190,240,340,220" step="2"/><T7/><D36/><U66/><E51/><N who="2" m="30911" /><F38/><W6/><G6/><T41/><D4/><U54/><E34/><V17/><F17/><W108/><G108/><T13/><D7/><U133/><E32/><V9/><F49/><W76/><G76/><T109/><D109/><U112/><E112/><V18/><F18/><W103/><G103/><T95/><D102/><U129/><E129/><V85/><F27/><W62/><G62/><T56/><D12/><U135/><E133/><V117/><F25/><W45/><G45/><T72/><D13/><U101/><E101/><V119/><F119/><W3/><G3/><T128/><D46/><U30/><E30/><V81/><F117/><W87/><G87/><T20/><D128/><U39/><E135/><V74/><F74/><W59/><G59/><T8/><D56/><N who="1" m="32855" /><E90/><AGARI ba="0,1" hai="52,55,63,67,69,77,80,84,88,90,91,96,100,106" machi="90" ten="40,5200,0" yaku="1,1,54,2,53,0" doraHai="126" doraHaiUra="127" who="3" fromWho="1" sc="190,0,240,-52,340,0,220,62" /><INIT seed="3,0,0,3,5,71" ten="190,188,340,282" oya="3" hai0="2,97,116,3,103,96,102,83,75,17,129,32,61" hai1="88,41,67,119,49,76,133,1,84,111,69,48,65" hai2="79,131,43,89,108,23,115,117,118,134,81,6,14" hai3="74,11,34,53,91,124,86,38,31,93,106,36,114"/><W125/><G114/><T72/><D32/><U113/><E113/><V52/><F115/><W68/><G68/><T22/><D116/><U13/><E1/><N who="0" m="9" /><D61/><U39/><E111/><V45/><F131/><W56/><G74/><N who="0" m="28203" /><D129/><U63/><E133/><V20/><F134/><W87/><G106/><T132/><D132/><U27/><E76/><V135/><F135/><W24/><G11/><T105/><D83/><N who="1" m="49183" /><E119/><V78/><F81/><W130/><G87/><T126/><D105/><U47/><E27/><V82/><F108/><W121/><G121/><T95/><D95/><U42/><E39/><V122/><F122/><W73/><G73/><T77/><D77/><U107/><E107/><V35/><F35/><W57/><G130/><T12/><D126/><N who="3" m="48745" /><G57/><T128/><D128/><U7/><E69/><V33/><F117/><W109/><G109/><T4/><D4/><U46/><E63/><V80/><F118/><W37/><G38/><T120/><D120/><U112/><E112/><V55/><F79/><W101/><G101/><T19/><D103/><U70/><E70/><V0/><F78/><W90/><G91/><T59/><D102/><U94/><E94/><V64/><F89/><W110/><G110/><T58/><D19/><U92/><E92/><V9/><F80/><W16/><G16/><T25/><D25/><U98/><E98/><V60/><F82/><W51/><AGARI ba="0,0" hai="24,31,34,36,37,51,53,56,86,90,93" m="48745" machi="51" ten="30,6000,0" yaku="18,1,52,2" doraHai="71" who="3" fromWho="3" sc="190,-20,188,-20,340,-20,282,60" owari="170,-23.0,168,-33.0,320,12.0,342,44.0" /></mjloggm>