<mjloggm ver="2.3"><GO type="97" lobby="0"/><UN n0="%E3%83%AD%E3%83%9C%E3%82%B3%E3%83%97" n1="%E2%98%86%E6%A8%AA%E5%B1%B1%E7%94%B1%E4%BE%9D%E2%98%86" n2="%E5%B0%B1%E6%B4%BB%E7%94%9F%40%E5%B7%9D%E6%9D%91%E8%BB%8D%E5%9B%A3" n3="%64%61%74%68%69%6E" dan="14,15,14,14" rate="1920.66,1925.06,1952.71,1910.53" sx="M,F,M,M"/><TAIKYOKU oya="0"/><INIT seed="0,0,0,0,5,71" ten="250,250,250,250" oya="0" hai0="15,47,118,105,83,66,87,29,2,54,93,110,81" hai1="12,42,35,130,121,85,6,49,39,109,78,55,131" hai2="123,103,26,126,28,99,116,91,11,63,125,113,61" hai3="19,57,50,124,135,43,80,127,56,37,68,119,65"/><T84/><D105/><U7/><E121/><V134/><F123/><W117/><G19/><T100/><D118/><U5/><E35/><V90/><F113/><W18/><G18/><T14/><D2/><U16/><E109/><V120/><F120/><W59/><G80/><N who="0" m="30795" /><D110/><U112/><E78/><V89/><F116/><N who="3" m="44619" /><G50/><N who="0" m="29023" /><D66/><U13/><E112/><V64/><F11/><W132/><G65/><T23/><D100/><U30/><E30/><V70/><F134/><N who="3" m="51243" /><G68/><T46/><D46/><AGARI ba="0,0" hai="37,43,46,56,57,59,124,127" m="51243,44619" machi="46" ten="40,8000,1" yaku="20,1,34,2,52,1" doraHai="71" who="3" fromWho="0" sc="250,-80,250,0,250,0,250,80" /><INIT seed="1,0,0,1,3,88" ten="170,250,250,330" oya="1" hai0="96,97,119,109,61,87,77,132,15,130,17,110,74" hai1="101,24,113,122,106,49,30,131,55,16,22,85,40" hai2="28,114,92,80,63,5,34,134,11,126,81,125,99" hai3="73,117,121,25,127,44,103,10,46,124,123,57,54"/><U111/><E122/><N who="3" m="46602" /><G103/><T100/><D119/><U120/><E120/><V19/><F114/><W70/><G25/><T35/><D35/><U95/><E113/><V37/><F37/><W58/><G10/><T29/><D29/><U105/><E131/><V133/><F19/><W135/><G73/><T72/><D130/><U1/><E1/><N who="2" m="431" /><F28/><W31/><G31/><T36/><D36/><U79/><E111/><N who="0" m="42505" /><D132/><N who="2" m="50794" /><F63/><N who="3" m="36279" /><G135/><T2/><D2/><U20/><E40/><V86/><F34/><W66/><G58/><T69/><D74/><U91/><E79/><N who="2" m="46367" /><F81/><W59/><G59/><T68/><D72/><U56/><REACH who="1" step="1"/><E101/><AGARI ba="0,0" hai="92,99,101,125,126" m="46367,50794,431" machi="101" ten="30,2000,0" yaku="20,1,52,1" doraHai="88" who="2" fromWho="1" sc="170,0,250,-20,250,20,330,0" /><INIT seed="2,0,0,5,0,44" ten="170,230,270,330" oya="2" hai0="118,110,133,43,32,98,4,24,41,101,78,86,77" hai1="53,66,92,113,89,8,26,3,132,102,100,49,127" hai2="116,94,87,38,59,105,81,134,107,71,57,95,60" hai3="72,135,122,21,115,109,12,63,14,83,29,119,88"/><V62/><F38/><W117/><G63/><T96/><D118/><U50/><E113/><V39/><F39/><W99/><G72/><T75/><D75/><U74/><E74/><V79/><F116/><N who="3" m="44619" /><G29/><T108/><D133/><U13/><E132/><V56/><F134/><W5/><G135/><T46/><D4/><U64/><E3/><V54/><F71/><W111/><G21/><T103/><D86/><U6/><E127/><V16/><F107/><W73/><G73/><T28/><D46/><N who="1" m="27831" /><E26/><V35/><F105/><W42/><G42/><T40/><D41/><U9/><E9/><V47/><F35/><W130/><G130/><T45/><D45/><U106/><E106/><V22/><F47/><W126/><G126/><T104/><D104/><U31/><E31/><V131/><F131/><W10/><G14/><T15/><D15/><U18/><E6/><V1/><F1/><W27/><G27/><T90/><D28/><U129/><E129/><V91/><F60/><W36/><G36/><T120/><D24/><U84/><E50/><V0/><F0/><W33/><G33/><T70/><D32/><U68/><E68/><V20/><F20/><W48/><G48/><T25/><D25/><U121/><E121/><V112/><F112/><W124/><G124/><T123/><REACH who="0" step="1"/><D70/><REACH who="0" ten="160,230,270,330" step="2"/><U76/><E13/><N who="2" m="9487" /><F94/><W82/><G115/><T52/><D52/><U17/><E92/><V58/><F95/><N who="3" m="56807" /><G122/><T125/><D125/><U30/><E30/><V61/><F61/><W51/><G51/><T34/><D34/><U11/><E84/><V7/><F7/><W55/><G55/><RYUUKYOKU ba="0,1" sc="160,10,230,-30,270,10,330,10" hai0="40,43,77,78,90,96,98,101,103,108,110,120,123" hai2="54,56,57,58,59,62,79,81,87,91" hai3="5,10,12,82,83,109,111" /><INIT seed="2,1,1,0,3,112" ten="170,200,280,340" oya="2" hai0="11,56,32,125,119,7,102,100,24,115,47,133,1" hai1="19,64,111,53,113,30,13,79,129,6,114,20,49" hai2="87,39,73,63,62,22,96,17,110,127,101,59,50" hai3="77,3,75,121,42,14,123,31,38,91,80,108,41"/><V94/><F39/><W104/><G91/><T29/><D115/><U45/><E111/><V18/><F73/><W89/><G89/><T60/><D133/><U93/><E129/><V128/><F128/><W82/><G14/><T27/><D125/><U9/><E30/><V34/><F34/><W66/><G82/><T83/><D119/><U124/><E124/><V5/><F5/><W105/><G42/><T131/><D131/><U99/><E79/><V98/><F127/><W135/><G31/><T55/><D47/><U78/><E78/><V16/><F110/><W36/><G66/><T122/><D122/><U85/><E64/><V71/><F71/><W69/><G38/><T68/><D68/><U67/><E67/><N who="2" m="39391" /><F63/><W90/><G90/><T81/><REACH who="0" step="1"/><D27/><REACH who="0" ten="160,200,280,340" step="2"/><U54/><E45/><V95/><F87/><W130/><G69/><T48/><D48/><U76/><E49/><V97/><F50/><W28/><G123/><T44/><D44/><U109/><E114/><V117/><F117/><W74/><G121/><T35/><D35/><U10/><E113/><V40/><F40/><W4/><G130/><T116/><D116/><U23/><E109/><V25/><F97/><W70/><G108/><T37/><D37/><U107/><E99/><V46/><F46/><N who="3" m="23847" /><G70/><T43/><D43/><U134/><E85/><V2/><F98/><W132/><G75/><T58/><D58/><U92/><E134/><N who="3" m="51242" /><G28/><T65/><D65/><U103/><E54/><V12/><F96/><W52/><G52/><T126/><D126/><U120/><E53/><V61/><F25/><W106/><G106/><RYUUKYOKU ba="1,2" sc="160,15,200,-15,280,-15,340,15" hai0="1,7,11,24,29,32,55,56,60,81,83,100,102" hai3="3,4,74,77,80,104,105" /><INIT seed="3,2,2,2,0,120" ten="175,185,265,355" oya="3" hai0="30,104,53,4,49,45,95,114,54,62,50,76,102" hai1="58,88,87,66,13,103,96,127,107,8,55,31,57" hai2="28,51,60,36,43,90,68,7,130,15,6,135,33" hai3="24,18,109,74,125,89,12,11,22,5,63,126,52"/><W16/><G74/><T29/><D104/><U100/><E127/><N who="3" m="48650" /><G109/><T91/><D114/><U46/><E31/><N who="0" m="11785" /><D4/><U71/><E46/><V118/><F36/><W84/><G63/><T10/><D10/><U19/><E103/><V106/><F33/><W17/><G52/><N who="0" m="29743" /><D76/><U56/><E71/><V123/><F28/><N who="3" m="17431" /><G84/><N who="0" m="52711" /><D102/><U132/><E132/><V81/><F60/><W115/><G89/><T23/><D62/><U26/><E26/><V48/><F68/><W101/><G101/><T2/><D2/><U42/><E66/><V73/><F90/><W72/><G72/><T105/><D105/><U61/><E42/><V111/><F73/><W70/><G70/><T134/><D134/><U32/><E32/><V82/><F135/><W27/><G27/><T113/><D113/><AGARI ba="2,2" hai="5,11,12,16,17,18,113,115" m="17431,48650" machi="113" ten="30,11600,0" yaku="18,1,34,2,54,1" doraHai="120" who="3" fromWho="0" sc="175,-122,185,0,265,0,355,142" owari="53,-45.0,185,-21.0,265,7.0,497,59.0" /></mjloggm>