<mjloggm ver="2.3"><GO type="193" lobby="0"/><UN n0="%E3%83%88%E3%83%88%E3%83%AA%E5%85%88%E7%94%9F%31%39%E6%AD%B3" n1="%75%6E%69%76%65%32%30" n2="%4F%43%45%41%4E" n3="%E9%97%98%E7%89%8C%E4%BC%9D%E8%AA%AC" dan="11,14,12,11" rate="1796.60,1832.86,1689.82,1698.92" sx="F,M,M,M"/><TAIKYOKU oya="0"/><INIT seed="0,0,0,4,3,59" ten="250,250,250,250" oya="0" hai0="8,118,2,38,72,35,109,127,82,28,95,18,64" hai1="79,48,110,102,87,67,101,130,31,21,107,117,7" hai2="128,78,124,65,119,81,80,126,108,88,58,103,30" hai3="51,27,55,62,134,34,16,57,1,74,100,68,44"/><T52/><D118/><U54/><E117/><V73/><F119/><W29/><G74/><T61/><D38/><U115/><E107/><V41/><F108/><W0/><G134/><T113/><D113/><U86/><E110/><V132/><F41/><W120/><G120/><T69/><D109/><U39/><E39/><V94/><F132/><W84/><G84/><T92/><D127/><N who="2" m="48682" /><F30/><W75/><G75/><T12/><D2/><U129/><E115/><V116/><F116/><W20/><G100/><T77/><D28/><U106/><E106/><V89/><F58/><W121/><G68/><T125/><D35/><U15/><E21/><V36/><F65/><W43/><REACH who="3" step="1"/><G121/><REACH who="3" ten="250,250,250,240" step="2"/><T99/><D125/><U49/><E102/><V66/><F128/><W24/><AGARI ba="0,1" hai="0,1,16,20,24,27,29,34,43,44,51,55,57,62" machi="24" ten="20,12000,2" yaku="1,1,2,1,0,1,7,1,52,1,54,1,53,0" doraHai="59" doraHaiUra="4" who="3" fromWho="3" sc="250,-60,250,-30,250,-30,240,130" /><INIT seed="1,0,0,4,5,100" ten="190,220,220,370" oya="1" hai0="124,42,43,134,26,14,78,108,94,132,80,117,18" hai1="96,87,118,116,51,106,131,9,29,90,127,77,128" hai2="3,72,20,38,7,32,99,36,121,119,35,79,5" hai3="69,82,103,71,4,92,75,21,67,83,86,88,63"/><U115/><E115/><V70/><F121/><W48/><G4/><T53/><D117/><U27/><E127/><V59/><F119/><W25/><G71/><T125/><D108/><U81/><E9/><V44/><F59/><W135/><G135/><N who="0" m="51755" /><D26/><U19/><E51/><V34/><F20/><W89/><G75/><N who="0" m="43103" /><D53/><U107/><E19/><V61/><F99/><W98/><G48/><T95/><D95/><N who="1" m="56439" /><E27/><V41/><F38/><W23/><G25/><T97/><D14/><U62/><E62/><V8/><F7/><W2/><G2/><T101/><D18/><U73/><E29/><V105/><F105/><N who="1" m="39945" /><E73/><V60/><REACH who="2" step="1"/><F70/><REACH who="2" ten="190,220,210,370" step="2"/><W84/><AGARI ba="0,1" hai="21,23,63,67,69,82,83,84,86,88,89,92,98,103" machi="84" ten="30,4000,0" yaku="0,1,9,1,54,1" doraHai="100" who="3" fromWho="3" sc="190,-10,220,-20,210,-10,370,50" /><INIT seed="2,0,0,4,5,103" ten="180,200,200,420" oya="2" hai0="129,36,23,49,70,130,123,3,99,91,22,28,126" hai1="51,5,4,89,58,116,131,83,109,61,79,38,26" hai2="122,0,81,78,80,132,10,33,119,93,7,11,100" hai3="64,73,48,2,12,85,8,110,47,127,32,124,68"/><V135/><F33/><W117/><G73/><T41/><D123/><U108/><E38/><V101/><F122/><W14/><G117/><T37/><D70/><U44/><E116/><V55/><F119/><W97/><G110/><N who="1" m="42602" /><E26/><V88/><F55/><W98/><G32/><T53/><D3/><U102/><E102/><V42/><F42/><W20/><G2/><T121/><D121/><U112/><E89/><V54/><F54/><W114/><G114/><T15/><D126/><U72/><E112/><V128/><F128/><N who="0" m="49258" /><D41/><N who="1" m="24975" /><E131/><V106/><F11/><W95/><G64/><AGARI ba="0,0" hai="4,5,58,61,64,72,79,83" m="24975,42602" machi="64" ten="30,1000,0" yaku="14,1" doraHai="103" who="1" fromWho="3" sc="180,0,200,10,200,0,420,-10" /><INIT seed="3,0,0,2,0,25" ten="180,210,200,410" oya="3" hai0="106,34,74,123,29,76,110,134,35,116,89,53,16" hai1="45,88,28,30,5,66,24,121,81,0,52,26,68" hai2="80,128,120,27,20,113,87,55,41,4,14,118,43" hai3="114,9,64,37,23,6,124,92,60,50,10,101,129"/><W36/><G114/><T103/><D116/><U56/><E0/><V8/><F118/><W115/><G115/><T42/><D123/><U85/><E68/><V111/><F128/><W31/><G129/><T127/><D42/><U48/><E5/><V13/><F111/><W69/><G124/><T38/><D38/><U96/><E96/><V17/><F113/><W21/><G37/><T82/><D127/><U108/><E108/><V75/><F75/><W78/><G31/><N who="1" m="11818" /><E121/><V91/><F120/><W63/><G36/><T73/><D110/><U117/><E117/><V33/><F33/><W65/><G50/><T98/><D134/><U125/><E125/><V93/><F55/><W61/><G78/><T99/><D74/><U83/><E83/><V133/><F133/><W22/><G69/><T90/><D35/><U109/><E109/><V3/><F3/><W130/><G130/><T57/><D99/><U71/><E71/><V107/><F107/><W122/><G122/><T44/><D44/><U11/><E11/><V135/><F135/><W39/><G39/><T132/><D132/><U59/><E59/><V47/><F47/><W49/><G6/><T18/><D89/><U104/><E104/><V62/><F62/><AGARI ba="0,0" hai="24,26,45,48,52,56,62,66,81,85,88" m="11818" machi="62" ten="30,12000,2" yaku="8,1,52,3,54,2" doraHai="25" who="1" fromWho="2" sc="180,0,210,120,200,-120,410,0" owari="180,-22.0,330,13.0,80,-42.0,410,51.0" /></mjloggm>