<mjloggm ver="2.3"><GO type="97" lobby="0"/><UN n0="%E3%81%A9%E3%81%86%E3%81%9F%E3%81%AC%E3%81%8D" n1="%E9%A3%AF%E7%94%B0%E2%96%A1" n2="%E3%83%88%E3%83%88%E3%83%AA%E5%85%88%E7%94%9F%31%39%E6%AD%B3" n3="%4B%49%52%49%54%42%4C" dan="14,15,14,14" rate="1934.51,1976.36,2032.07,1986.19" sx="F,M,F,M"/><TAIKYOKU oya="0"/><INIT seed="0,0,0,5,1,101" ten="250,250,250,250" oya="0" hai0="121,39,105,49,8,56,113,79,21,134,46,64,128" hai1="124,131,23,51,80,38,50,44,18,59,90,100,52" hai2="114,10,107,1,83,7,17,86,103,92,95,35,89" hai3="110,43,32,87,104,4,123,77,68,37,98,69,45"/><T55/><D121/><U61/><E124/><V54/><F114/><W48/><G123/><T41/><D113/><U78/><E131/><V26/><F54/><W76/><G76/><T84/><D128/><U5/><E100/><V122/><F122/><W47/><G110/><T71/><D8/><U60/><E90/><V65/><F65/><W120/><G120/><T0/><D0/><U72/><E5/><V132/><F132/><W53/><G32/><T34/><D34/><U74/><E74/><V125/><F125/><W36/><G87/><T33/><D33/><U67/><E38/><V62/><F62/><W6/><G6/><T15/><D134/><U99/><E99/><V129/><F129/><W126/><G126/><T30/><D79/><U75/><E75/><V118/><F118/><W85/><G85/><T58/><D84/><U66/><E44/><V14/><F107/><W109/><G109/><T19/><D58/><U73/><E73/><V111/><F103/><W3/><G77/><T96/><D30/><U112/><E112/><V40/><F111/><W27/><G27/><T42/><D42/><U91/><E91/><V31/><REACH who="2" step="1"/><F40/><REACH who="2" ten="250,250,240,250" step="2"/><N who="3" m="22663" /><G104/><T117/><D117/><U93/><E93/><V108/><F108/><W12/><G43/><T115/><D115/><U94/><E94/><V102/><F102/><W130/><G130/><T16/><D105/><U88/><E67/><V29/><F29/><W63/><G63/><N who="0" m="40351" /><D96/><U119/><E119/><V25/><F25/><W11/><G98/><T2/><D2/><U127/><E127/><V20/><AGARI ba="0,1" hai="1,7,10,14,17,20,26,31,35,83,86,89,92,95" machi="20" ten="20,12000,2" yaku="1,1,0,1,7,1,24,2,53,1" doraHai="101" doraHaiUra="13" who="2" fromWho="2" sc="250,-60,250,-30,240,130,250,-30" /><INIT seed="1,0,0,2,0,116" ten="190,220,370,220" oya="1" hai0="42,21,10,120,57,30,89,9,82,129,123,88,3" hai1="15,74,41,53,65,94,93,76,20,90,40,112,109" hai2="7,27,95,37,52,48,45,67,63,85,111,91,92" hai3="28,133,35,44,107,104,125,58,24,54,110,105,12"/><U130/><E112/><V96/><F111/><W43/><G110/><T115/><D115/><U36/><E109/><V84/><F37/><W97/><G125/><T121/><D129/><U0/><E0/><V17/><F7/><W69/><G69/><T70/><D70/><U126/><E36/><V77/><F77/><W22/><G133/><T80/><D42/><U117/><E117/><V118/><F118/><W78/><G78/><T47/><D47/><U73/><E130/><V23/><F95/><W33/><G97/><T127/><D127/><U56/><E65/><V32/><F32/><W128/><G128/><T113/><D113/><U106/><E106/><V68/><AGARI ba="0,0" hai="17,23,27,45,48,52,63,67,68,84,85,91,92,96" machi="68" ten="20,2700,0" yaku="0,1,7,1,54,1" doraHai="116" who="2" fromWho="2" sc="190,-7,220,-13,370,27,220,-7" /><INIT seed="2,0,0,3,2,23" ten="183,207,397,213" oya="2" hai0="103,106,114,0,28,135,107,64,53,94,74,51,47" hai1="116,93,108,121,37,50,87,65,102,127,80,113,26" hai2="122,8,109,63,98,21,96,75,48,120,42,52,92" hai3="56,44,95,27,35,30,38,20,129,66,62,43,22"/><V31/><F75/><W7/><G129/><T2/><D74/><U117/><E37/><V10/><F109/><W71/><G7/><T68/><D114/><U14/><E65/><V79/><F79/><W41/><G41/><T123/><D123/><U133/><E121/><V99/><F42/><W126/><G126/><T84/><D135/><U4/><E113/><V124/><F124/><W19/><G19/><T77/><D106/><U45/><E127/><V54/><F120/><W49/><G95/><T11/><D11/><N who="2" m="4138" /><F63/><W86/><G86/><T59/><D77/><U39/><E108/><V111/><F54/><AGARI ba="0,0" hai="20,22,27,30,35,38,43,44,49,54,56,62,66,71" machi="54" ten="40,5200,0" yaku="24,2,52,1" doraHai="23" who="3" fromWho="2" sc="183,0,207,0,397,-52,213,52" /><INIT seed="3,0,0,5,2,3" ten="183,207,345,265" oya="3" hai0="80,5,60,30,88,79,29,101,95,14,123,54,58" hai1="121,25,64,42,117,135,16,37,1,96,113,84,24" hai2="127,41,28,119,91,103,111,83,55,17,125,69,85" hai3="6,8,82,90,23,100,99,107,118,115,66,46,86"/><W72/><G118/><T9/><D123/><U112/><E121/><V11/><F119/><W134/><G115/><T110/><D110/><U45/><E117/><V114/><F111/><W77/><G134/><T47/><D101/><U104/><E1/><V122/><F114/><W12/><G66/><T89/><D47/><U105/><E135/><V34/><F122/><W57/><G57/><T73/><D89/><U39/><E39/><V62/><F41/><W40/><G23/><T120/><D120/><U68/><E84/><AGARI ba="0,0" hai="5,9,14,29,30,54,58,60,73,79,80,84,88,95" machi="84" ten="30,3900,0" yaku="7,1,52,1,54,1" doraHai="3" who="0" fromWho="1" sc="183,39,207,-39,345,0,265,0" owari="222,-18.0,168,-33.0,345,44.0,265,7.0" /></mjloggm>