<mjloggm ver="2.3"><GO type="97" lobby="0"/><UN n0="%E3%81%BF%E3%81%93%E3%81%A3%E3%81%A6%E3%81%83" n1="%E2%85%A1%E5%8F%B7" n2="%E3%82%B9%E3%83%AB%E3%83%A1" n3="%E5%B0%B1%E6%B4%BB%E7%94%9F%40%E5%B7%9D%E6%9D%91%E8%BB%8D%E5%9B%A3" dan="14,14,14,14" rate="1869.90,1926.73,1891.03,1959.02" sx="F,M,M,M"/><TAIKYOKU oya="0"/><INIT seed="0,0,0,1,2,76" ten="250,250,250,250" oya="0" hai0="49,77,117,3,124,50,85,46,91,40,8,83,112" hai1="114,56,52,31,72,54,120,74,9,30,39,37,22" hai2="33,97,86,16,43,29,44,36,95,110,25,10,115" hai3="125,19,96,131,75,59,15,4,127,5,26,1,35"/><T58/><D117/><U122/><E9/><V90/><F115/><W92/><G75/><T132/><D112/><U42/><E42/><V109/><F10/><W78/><G78/><T82/><D132/><U111/><E114/><V81/><REACH who="2" step="1"/><F16/><REACH who="2" ten="250,250,240,250" step="2"/><W118/><G19/><T7/><D124/><U57/><REACH who="1" step="1"/><E22/><REACH who="1" ten="250,240,240,250" step="2"/><V45/><F45/><W23/><G23/><T134/><D134/><U28/><E28/><V101/><AGARI ba="0,2" hai="25,29,33,36,43,44,81,86,90,95,97,101,109,110" machi="101" ten="30,7900,0" yaku="1,1,0,1,52,1,53,1" doraHai="76" doraHaiUra="99" who="2" fromWho="2" sc="250,-39,240,-20,240,99,250,-20" /><INIT seed="1,0,0,1,2,105" ten="211,220,339,230" oya="1" hai0="62,22,64,79,43,117,46,84,106,45,119,77,87" hai1="65,13,52,11,55,98,104,69,23,57,76,78,128" hai2="10,86,73,16,121,130,26,94,115,88,107,12,20" hai3="44,17,82,100,9,51,75,122,15,68,0,19,126"/><U93/><E104/><V116/><F116/><W129/><G122/><T70/><D106/><U113/><E113/><V111/><F121/><W134/><G68/><T127/><D127/><U5/><E69/><V85/><F107/><W53/><G0/><T125/><D125/><U108/><E108/><V7/><F111/><W114/><G126/><T97/><D97/><U61/><E128/><V66/><F130/><W35/><G114/><T112/><D112/><U103/><E23/><V42/><F115/><W37/><G35/><T71/><D22/><U49/><REACH who="1" step="1"/><E65/><REACH who="1" ten="211,210,339,230" step="2"/><V83/><F66/><W95/><G129/><T91/><D117/><U3/><E3/><V92/><F42/><W38/><G134/><T131/><D119/><U60/><E60/><V29/><F73/><W50/><G38/><T56/><D131/><U101/><E101/><V133/><F133/><W74/><G37/><T118/><D118/><U54/><E54/><V30/><REACH who="2" step="1"/><F94/><REACH who="2" ten="211,210,329,230" step="2"/><W40/><G95/><T110/><D64/><U1/><E1/><V33/><F33/><W48/><G75/><T80/><D110/><U25/><E25/><V39/><F39/><W8/><G74/><T36/><D36/><U90/><E90/><AGARI ba="0,2" hai="7,10,12,16,20,26,29,30,83,85,86,88,90,92" machi="90" ten="30,8000,1" yaku="1,1,7,1,8,1,54,2,53,0" doraHai="105" doraHaiUra="135" who="2" fromWho="1" sc="211,0,210,-80,329,100,230,0" /><INIT seed="2,0,0,3,2,130" ten="211,130,429,230" oya="2" hai0="62,114,106,116,47,4,108,81,73,22,10,14,16" hai1="123,101,29,43,124,89,55,44,49,50,56,38,86" hai2="20,63,52,112,97,11,15,129,31,25,75,121,35" hai3="51,33,122,117,133,110,94,91,37,42,111,104,8"/><V28/><F112/><W9/><G33/><T48/><D106/><U27/><E123/><V18/><F121/><W107/><G37/><T41/><D114/><U90/><E124/><V17/><F129/><W26/><G133/><T95/><D116/><U68/><E68/><V2/><F75/><W34/><G34/><T59/><D108/><N who="3" m="41513" /><G26/><T79/><D95/><U58/><E101/><V76/><F76/><W69/><G69/><T7/><REACH who="0" step="1"/><D22/><REACH who="0" ten="201,130,429,230" step="2"/><U103/><E103/><V23/><F23/><W66/><G117/><T82/><D82/><U85/><E38/><V64/><F20/><W93/><G122/><T6/><D6/><U113/><E113/><V96/><F35/><W83/><G94/><T77/><D77/><U88/><REACH who="1" step="1"/><E56/><REACH who="1" ten="201,120,429,230" step="2"/><N who="2" m="35207" /><F2/><W118/><G107/><T125/><D125/><U12/><E12/><V0/><F15/><W120/><G104/><T126/><D126/><U53/><E53/><AGARI ba="0,2" hai="4,7,10,14,16,41,47,48,53,59,62,73,79,81" machi="53" ten="30,3900,0" yaku="1,1,7,1,54,1,53,0" doraHai="130" doraHaiUra="87" who="0" fromWho="1" sc="201,59,120,-39,429,0,230,0" /><INIT seed="3,0,0,1,2,125" ten="260,81,429,230" oya="3" hai0="78,123,104,129,52,17,1,15,28,16,122,79,99" hai1="105,98,90,74,114,102,35,20,60,81,93,13,120" hai2="6,70,10,68,9,118,75,76,64,66,59,86,4" hai3="26,22,21,42,113,27,8,88,19,106,12,77,58"/><W108/><G113/><T39/><D39/><U94/><E35/><V130/><F130/><W33/><G106/><T132/><D132/><U2/><E2/><V117/><F86/><W62/><G77/><T38/><D38/><U50/><E60/><V25/><F59/><W51/><G33/><T54/><D1/><U37/><E50/><V83/><F25/><W96/><G108/><T30/><D104/><U18/><E37/><V34/><F83/><W131/><G131/><T7/><D7/><U112/><E20/><V47/><F47/><N who="3" m="26103" /><G22/><T127/><D127/><U73/><E18/><V101/><F101/><W72/><G72/><T49/><D49/><U63/><E13/><V31/><F31/><W45/><G45/><T57/><D15/><U55/><E55/><V82/><F82/><W40/><G40/><T85/><D85/><U135/><E63/><V121/><F76/><W11/><G11/><T69/><D69/><U0/><E0/><V24/><F24/><W43/><G43/><T89/><D129/><U65/><E65/><V134/><F75/><N who="1" m="28681" /><E120/><V14/><F14/><W110/><G110/><T107/><D107/><U133/><E114/><V3/><F3/><W97/><G21/><T92/><D57/><U103/><E112/><V32/><F121/><W126/><G126/><T115/><D115/><U71/><E71/><V124/><F124/><W128/><G128/><T84/><D122/><U36/><E36/><V48/><F48/><W87/><G27/><T80/><D123/><U91/><E105/><V109/><F109/><W46/><G26/><T44/><D44/><RYUUKYOKU ba="0,0" sc="260,-10,81,-10,429,30,230,-10" hai2="4,6,9,10,32,34,64,66,68,70,117,118,134" owari="250,5.0,71,-43.0,459,56.0,220,-18.0" /></mjloggm>