<mjloggm ver="2.3"><GO type="169" lobby="0"/><UN n0="%41%79%6F%75%46" n1="%E3%82%A6%E3%83%AB%E3%83%88%E3%83%A9%E7%AB%8B%E7%9B%B4" n2="%E3%82%BC%E3%83%B3%E3%83%84%E3%83%83%E3%83%91" n3="%E3%81%AA%E3%81%A3%E3%81%8D%E3%82%8A" dan="18,18,16,16" rate="2270.37,2171.81,2142.87,2050.49" sx="M,M,M,M"/><TAIKYOKU oya="0"/><INIT seed="0,0,0,0,4,81" ten="250,250,250,250" oya="0" hai0="71,47,58,37,103,99,106,131,44,35,52,32,28" hai1="11,16,108,96,129,13,98,14,100,26,50,39,27" hai2="60,36,15,70,42,6,4,69,109,56,30,53,126" hai3="12,34,0,77,64,43,117,92,116,124,135,1,88"/><T134/><D71/><U9/><E39/><V95/><F109/><W87/><G34/><T128/><D134/><U21/><E108/><V20/><F126/><W66/><G135/><T25/><D35/><U76/><E129/><N who="0" m="49737" /><D37/><U62/><E76/><V112/><F112/><W33/><G33/><T45/><D44/><U90/><E62/><AGARI ba="0,0" hai="25,28,32,45,47,52,58,62,99,103,106" m="49737" machi="62" ten="30,2900,0" yaku="19,1,54,1" doraHai="81" who="0" fromWho="1" sc="250,29,250,-29,250,0,250,0" /><INIT seed="0,1,0,4,1,124" ten="279,221,250,250" oya="0" hai0="34,52,111,66,67,104,106,135,16,20,95,15,131" hai1="31,79,129,125,58,42,23,74,72,87,55,77,27" hai2="115,32,43,0,11,83,19,118,88,76,82,25,4" hai3="89,18,119,68,37,91,51,108,121,127,101,114,80"/><T5/><D34/><U64/><E125/><V107/><F115/><W117/><G51/><T56/><D135/><U134/><E134/><V2/><F107/><W39/><G127/><T45/><D45/><U41/><E64/><V78/><F118/><W61/><G61/><T116/><D116/><U53/><E87/><V8/><F43/><W105/><G18/><T49/><D111/><U122/><E122/><V130/><F32/><W132/><G132/><T48/><D48/><U99/><E99/><V30/><F30/><W47/><G47/><T60/><D131/><U38/><E38/><V35/><F35/><W22/><G22/><T26/><D67/><U113/><E113/><V36/><F36/><W93/><G105/><T40/><D40/><U59/><E23/><V21/><F130/><W50/><G50/><T92/><D106/><U75/><E31/><V123/><F123/><W46/><G46/><N who="0" m="27703" /><D104/><U9/><E74/><V94/><F76/><W1/><G108/><T98/><D98/><U6/><E129/><V12/><F78/><W126/><G126/><T71/><D71/><U120/><E120/><V7/><F25/><W70/><G121/><T14/><D14/><U133/><E27/><V86/><AGARI ba="1,0" hai="0,2,4,7,8,11,12,19,21,82,83,86,88,94" machi="86" ten="20,5200,0" yaku="0,1,7,1,9,1,54,1" doraHai="124" who="2" fromWho="2" sc="279,-27,221,-14,250,55,250,-14" /><INIT seed="1,0,0,1,3,39" ten="252,207,305,236" oya="1" hai0="71,19,120,109,53,20,23,125,25,105,113,123,11" hai1="57,63,55,132,24,56,95,43,31,26,92,75,86" hai2="7,4,82,62,99,85,97,100,108,94,2,61,127" hai3="121,58,40,64,35,44,72,117,65,89,41,110,52"/><U49/><E75/><V67/><F108/><W128/><G72/><T29/><D105/><U115/><E115/><V38/><F127/><W28/><G121/><N who="0" m="46667" /><D71/><U8/><E132/><V131/><F131/><W102/><G128/><T78/><D78/><U21/><E8/><V119/><F119/><W16/><G110/><T79/><D79/><U34/><E86/><V36/><F97/><W103/><G35/><T111/><D53/><U69/><E69/><V46/><F62/><N who="3" m="36167" /><G28/><T74/><D74/><U77/><E77/><V45/><F36/><W22/><G44/><T87/><D87/><U18/><REACH who="1" step="1"/><E43/><REACH who="1" ten="252,197,305,236" step="2"/><N who="3" m="16458" /><G117/><T0/><D113/><U42/><E42/><V66/><F38/><W54/><G54/><AGARI ba="0,1" hai="18,21,24,26,31,34,49,54,55,56,57,63,92,95" machi="54" ten="30,5800,0" yaku="1,1,7,1,53,1" doraHai="39" doraHaiUra="30" who="1" fromWho="3" sc="252,0,197,68,305,0,236,-58" /><INIT seed="1,1,0,1,0,25" ten="252,265,305,178" oya="1" hai0="113,84,102,132,50,53,89,51,38,118,57,8,3" hai1="131,28,98,95,106,44,80,23,7,99,4,86,121" hai2="45,81,78,135,29,108,76,126,17,42,35,91,134" hai3="77,37,0,24,122,105,26,117,107,32,46,9,40"/><U65/><E121/><V5/><F108/><W111/><G122/><T27/><D38/><U67/><E106/><V97/><F126/><W110/><G26/><T10/><D113/><U19/><E44/><V82/><F5/><N who="1" m="2121" /><E131/><V130/><F130/><W66/><G66/><N who="1" m="25098" /><E95/><N who="2" m="56575" /><F17/><W79/><G117/><T54/><D118/><U128/><E128/><V59/><F59/><W75/><G79/><N who="2" m="30249" /><F35/><W129/><G129/><T58/><D3/><U43/><E43/><V47/><F29/><W62/><G107/><T2/><D2/><U116/><E28/><V114/><F114/><W61/><G105/><T13/><D102/><U120/><E120/><V119/><F119/><W73/><G73/><T31/><D13/><N who="1" m="9711" /><E116/><V6/><F6/><N who="3" m="1223" /><G110/><T63/><D63/><U60/><E60/><V88/><F45/><W70/><G70/><T85/><D132/><N who="2" m="50730" /><F47/><W123/><G123/><T69/><D69/><U109/><E109/><V87/><F42/><W15/><G111/><T36/><D36/><U133/><E133/><V64/><F64/><W33/><G33/><T52/><D54/><U72/><E72/><V12/><F12/><W1/><G15/><T18/><D18/><U68/><E68/><V30/><F30/><N who="3" m="19527" /><G1/><T56/><D56/><U115/><E115/><V22/><F22/><W100/><G100/><T112/><D112/><U92/><E92/><AGARI ba="1,0" hai="81,82,87,88,92" m="50730,30249,56575" machi="92" ten="30,7700,0" yaku="20,1,34,2,54,1" doraHai="25" who="2" fromWho="1" sc="252,0,265,-80,305,80,178,0" /><INIT seed="2,0,0,0,1,26" ten="252,185,385,178" oya="2" hai0="92,39,105,10,126,53,40,11,18,52,116,67,94" hai1="33,135,59,122,98,57,46,78,81,70,109,15,64" hai2="27,107,34,66,101,114,54,60,28,110,83,7,108" hai3="20,102,41,71,35,130,111,31,32,90,75,17,88"/><V82/><F114/><W65/><G75/><T14/><D105/><U2/><E2/><V0/><F54/><W38/><G130/><T80/><D67/><U44/><E33/><V42/><F42/><W87/><G111/><N who="2" m="42537" /><F7/><W25/><G102/><T45/><D126/><U6/><E135/><V97/><F0/><W9/><G9/><T85/><D116/><U123/><E98/><V51/><F51/><W128/><G128/><T73/><D73/><U86/><E70/><AGARI ba="0,0" hai="27,28,34,60,66,70,82,83,97,101,107" m="42537" machi="70" ten="30,11600,0" yaku="25,1,14,1,10,1,52,1" doraHai="26" who="2" fromWho="1" sc="252,0,185,-116,385,116,178,0" /><INIT seed="2,1,0,3,1,101" ten="252,69,501,178" oya="2" hai0="33,81,29,104,15,64,85,46,18,77,88,8,17" hai1="118,68,39,110,134,100,36,31,113,117,126,135,67" hai2="66,94,19,109,5,9,27,24,72,76,34,35,129" hai3="55,91,102,14,124,132,78,105,44,131,112,22,93"/><V61/><F72/><W97/><G124/><T4/><D64/><U30/><E67/><V63/><F76/><W96/><G131/><T120/><D120/><U115/><E100/><V65/><F129/><W43/><G132/><N who="1" m="50730" /><E68/><V11/><F94/><W41/><G112/><N who="1" m="43082" /><E126/><V7/><REACH who="2" step="1"/><F19/><REACH who="2" ten="252,69,491,178" step="2"/><W86/><G78/><T80/><D17/><U6/><E6/><V74/><F74/><W92/><G92/><T2/><D77/><U1/><E1/><V99/><F99/><W116/><G96/><T83/><D4/><U50/><E110/><AGARI ba="1,1" hai="5,7,9,11,24,27,34,35,61,63,65,66,109,110" machi="110" ten="25,4800,0" yaku="1,1,22,2,53,0" doraHai="101" doraHaiUra="53" who="2" fromWho="1" sc="252,0,69,-51,491,61,178,0" /><INIT seed="2,2,0,5,1,120" ten="252,18,552,178" oya="2" hai0="0,45,135,28,95,85,18,25,133,62,124,15,80" hai1="111,50,105,39,87,113,13,24,114,17,38,19,82" hai2="117,27,78,112,63,6,86,33,11,84,103,10,46" hai3="121,66,32,123,69,79,68,71,77,58,37,99,128"/><V70/><F117/><W91/><G37/><T131/><D0/><U60/><E105/><V57/><F112/><W64/><G32/><T72/><D72/><U122/><E122/><N who="3" m="46602" /><G91/><T100/><D131/><U14/><E24/><V29/><F70/><W132/><G99/><T7/><D7/><U36/><E60/><V75/><F103/><W22/><G22/><T116/><D116/><U74/><E50/><V65/><F11/><W97/><G97/><T125/><D62/><U26/><E26/><V61/><F61/><W21/><G21/><T49/><D95/><U9/><E74/><V30/><F30/><W115/><G115/><T31/><D100/><U42/><E42/><V110/><F110/><W59/><G132/><N who="0" m="50763" /><D18/><U88/><REACH who="1" step="1"/><E111/><REACH who="1" ten="252,8,552,178" step="2"/><V101/><F75/><W118/><G118/><T53/><D28/><U81/><E81/><V67/><F63/><W55/><G128/><T134/><D134/><U89/><E89/><V2/><F67/><W94/><G55/><T127/><D31/><U104/><E104/><V93/><F65/><N who="3" m="25195" /><G94/><T76/><D25/><U54/><E54/><V52/><F93/><W5/><G71/><T43/><D53/><U47/><E47/><V108/><F46/><W4/><G69/><T98/><D98/><U92/><E92/><V12/><F101/><W83/><G68/><T44/><D45/><U3/><E3/><V129/><F108/><W16/><G83/><T119/><D119/><U40/><E40/><V109/><F109/><W35/><G59/><T102/><D102/><U41/><E41/><V130/><F2/><W48/><G58/><RYUUKYOKU ba="2,1" sc="252,15,8,15,552,-15,178,-15" hai0="15,43,44,49,76,80,85,124,125,127" hai1="9,13,14,17,19,36,38,39,82,87,88,113,114" /><INIT seed="3,3,1,1,0,89" ten="267,23,537,163" oya="3" hai0="11,49,13,100,123,88,25,118,38,115,80,45,133" hai1="122,93,52,125,124,128,96,32,127,24,65,113,33" hai2="50,70,105,103,72,112,102,130,87,78,119,81,44" hai3="23,15,116,53,106,68,41,77,90,62,83,67,5"/><W17/><G116/><T99/><D38/><U63/><E122/><V0/><F0/><W74/><G41/><T121/><D118/><U117/><E117/><V66/><F112/><W27/><G106/><T109/><D133/><U20/><E113/><V3/><F3/><W19/><G5/><T9/><D115/><U60/><E128/><V16/><F119/><W4/><G4/><T39/><D39/><U54/><E33/><V12/><F130/><W120/><G120/><T58/><D58/><N who="1" m="37015" /><E32/><V69/><F72/><W56/><G90/><T97/><D25/><U26/><E63/><V57/><F105/><W59/><REACH who="3" step="1"/><G53/><REACH who="3" ten="267,23,537,153" step="2"/><N who="1" m="20586" /><E20/><AGARI ba="3,2" hai="15,17,19,20,23,27,56,59,62,67,68,74,77,83" machi="20" ten="30,2900,0" yaku="1,1,7,1,53,0" doraHai="89" doraHaiUra="111" who="3" fromWho="1" sc="267,0,23,-38,537,0,153,58" owari="267,7.0,-15,-52.0,537,64.0,211,-19.0" /></mjloggm>