<mjloggm ver="2.3"><GO type="97" lobby="0"/><UN n0="%E4%BB%A3%E6%89%93%E3%81%A1%E6%B5%A6%E9%83%A8" n1="%E5%B0%B1%E6%B4%BB%E7%94%9F%40%E5%B7%9D%E6%9D%91%E8%BB%8D%E5%9B%A3" n2="%68%69%67%68%6C%6F%77" n3="%E3%81%AD%E3%82%8B%E3%81%A6%E3%81%83%E3%82%93" dan="15,14,15,15" rate="1959.52,1976.14,1927.92,1989.98" sx="M,M,M,F"/><TAIKYOKU oya="0"/><INIT seed="0,0,0,0,1,33" ten="250,250,250,250" oya="0" hai0="67,32,131,53,26,48,69,122,40,114,24,111,17" hai1="61,77,121,112,80,38,44,87,124,106,76,43,3" hai2="79,0,83,18,19,36,54,10,41,35,30,105,56" hai3="22,65,115,2,29,13,90,113,37,20,15,133,96"/><T14/><D122/><U1/><E121/><V71/><F105/><W108/><G37/><T39/><D114/><U5/><E112/><V132/><F71/><W94/><G108/><T45/><D111/><U21/><E106/><V97/><F97/><W50/><G133/><T100/><D131/><U89/><E124/><V88/><F88/><W25/><G65/><T127/><D127/><U23/><E61/><V31/><F132/><W98/><G50/><T130/><D100/><U12/><E23/><V95/><F95/><W91/><G94/><T126/><D126/><U78/><REACH who="1" step="1"/><E21/><REACH who="1" ten="250,240,250,250" step="2"/><V16/><F35/><W58/><G25/><T47/><D32/><U52/><E52/><V4/><F31/><W123/><G29/><T129/><D130/><U102/><E102/><V59/><F30/><W99/><G123/><T34/><D129/><U125/><E125/><V6/><F54/><W93/><G20/><T72/><D34/><U73/><E73/><N who="2" m="43503" /><F6/><W42/><G113/><T62/><D72/><U85/><E85/><V60/><F60/><W104/><G104/><T63/><D63/><U116/><E116/><V110/><F110/><W8/><G98/><T11/><AGARI ba="0,1" hai="11,14,17,24,26,39,40,45,47,48,53,62,67,69" machi="11" ten="20,2100,0" yaku="0,1,7,1" doraHai="33" who="0" fromWho="0" sc="250,31,240,-7,250,-7,250,-7" /><INIT seed="0,1,0,4,5,25" ten="281,233,243,243" oya="0" hai0="58,118,102,111,110,20,46,55,84,9,91,4,37" hai1="52,65,135,54,76,44,63,14,24,72,81,68,28" hai2="95,51,39,87,96,120,101,108,56,15,131,105,26" hai3="128,67,0,30,22,94,41,31,107,5,126,60,106"/><T132/><D118/><U98/><E135/><V130/><F120/><W48/><G0/><T38/><D132/><U103/><E14/><V134/><F39/><W121/><G5/><T122/><D122/><U47/><E47/><V133/><F26/><W8/><G8/><T12/><D102/><U78/><E78/><V114/><F15/><W19/><G121/><T99/><D99/><U53/><E44/><V127/><F114/><W90/><G128/><N who="2" m="49193" /><F51/><W119/><G119/><T64/><D20/><U123/><E123/><V82/><F56/><N who="3" m="37255" /><G106/><T17/><D17/><U42/><E42/><V3/><F3/><W32/><G107/><T89/><D64/><U57/><E57/><V75/><F108/><N who="0" m="41514" /><D46/><U71/><E71/><V13/><F13/><N who="3" m="9583" /><G32/><T86/><D86/><U113/><E113/><V117/><F117/><W1/><G1/><T16/><D4/><U62/><E62/><V7/><F7/><W83/><G83/><N who="0" m="49311" /><D91/><U43/><E43/><V29/><F134/><W125/><G41/><T115/><D115/><U80/><E80/><V112/><F112/><W70/><G70/><T88/><D88/><U66/><E66/><V59/><F133/><W21/><G90/><T34/><D34/><N who="1" m="20743" /><E54/><V97/><F59/><W50/><G94/><T45/><D45/><U116/><E116/><V129/><F129/><W11/><G125/><T92/><D92/><U69/><E69/><V2/><F127/><W109/><G126/><T33/><D33/><U85/><E85/><V100/><F87/><W73/><G109/><T79/><D79/><U6/><E6/><V49/><F82/><RYUUKYOKU ba="1,0" sc="281,15,233,15,243,-15,243,-15" hai0="9,12,16,37,38,55,58" hai1="52,53,63,65,68,72,76,81,98,103" /><INIT seed="0,2,0,2,0,124" ten="296,248,228,228" oya="0" hai0="39,97,67,103,54,53,75,51,72,52,35,34,24" hai1="31,80,77,29,46,131,36,58,2,109,48,45,63" hai2="16,89,32,125,17,66,44,22,113,60,4,69,91" hai3="116,28,41,6,65,93,90,3,55,87,81,129,5"/><T50/><D39/><U40/><E2/><V57/><F113/><W114/><G114/><T83/><D67/><U62/><E109/><V127/><F32/><W117/><G65/><T84/><D72/><U85/><E131/><V19/><F4/><W21/><G41/><T23/><D75/><U15/><E15/><V37/><F69/><W13/><G3/><T100/><D35/><U86/><E86/><V68/><F22/><W115/><G115/><T38/><D38/><U122/><E122/><V11/><F11/><W10/><G6/><T119/><D34/><U7/><E7/><V120/><F120/><W79/><G55/><T82/><D119/><U95/><E95/><V98/><F68/><W49/><G49/><N who="0" m="18443" /><D97/><U118/><E118/><V121/><F121/><W26/><REACH who="3" step="1"/><G129/><REACH who="3" ten="296,248,228,218" step="2"/><T104/><D54/><U105/><E63/><V61/><F61/><W27/><G27/><T18/><D53/><U99/><E45/><V78/><F37/><W132/><G132/><T30/><D52/><U126/><E126/><N who="2" m="48139" /><F44/><W92/><G92/><T76/><D104/><U70/><E70/><V135/><F135/><W64/><G64/><T108/><D108/><U12/><E62/><V133/><F133/><W106/><G106/><T25/><D23/><U123/><E123/><V0/><F0/><W56/><G56/><T33/><D25/><U73/><E58/><V96/><F78/><W20/><G20/><T42/><D24/><U128/><E36/><V134/><F134/><W107/><G107/><T9/><D33/><U74/><E105/><V112/><F112/><W88/><G88/><AGARI ba="2,1" hai="16,17,19,57,60,66,88,89,91,96,98" m="48139" machi="88" ten="30,7700,0" yaku="6,1,18,1,54,2" doraHai="124" who="2" fromWho="3" sc="296,0,248,0,228,93,218,-83" /><INIT seed="1,0,0,5,3,120" ten="296,248,321,135" oya="1" hai0="39,97,21,15,133,82,125,79,61,16,26,60,19" hai1="94,128,24,119,47,10,134,22,129,86,55,135,63" hai2="64,108,73,25,92,41,111,76,100,88,71,57,42" hai3="112,23,49,36,62,99,103,114,59,5,101,104,123"/><U27/><E119/><V54/><F100/><W32/><G36/><T6/><D6/><U33/><E33/><V34/><F64/><W45/><G32/><T132/><D125/><U106/><E106/><V66/><F66/><W122/><G5/><T20/><D39/><U95/><E10/><V117/><F71/><W81/><G23/><T77/><D97/><U56/><E47/><V130/><F130/><N who="1" m="50281" /><E24/><V127/><F127/><W116/><G116/><T121/><D121/><U113/><E113/><V11/><F11/><W126/><G126/><T70/><D70/><U93/><E86/><N who="2" m="52247" /><F25/><W40/><G112/><T4/><D4/><U9/><E9/><V8/><F8/><W3/><G3/><T1/><D1/><U50/><E63/><N who="0" m="24137" /><D82/><U131/><N who="1" m="50289" /><U67/><DORA hai="17" /><E67/><V75/><F34/><W118/><G118/><T107/><D107/><U52/><E55/><V85/><F85/><W44/><G114/><T31/><D31/><AGARI ba="0,0" hai="22,27,31,50,52,56,93,94,95,134,135" m="50289" machi="31" ten="50,9600,0" yaku="19,1,52,1,54,1" doraHai="120,17" who="1" fromWho="0" sc="296,-96,248,96,321,0,135,0" /><INIT seed="1,1,0,3,0,71" ten="200,344,321,135" oya="1" hai0="97,58,87,125,74,41,10,24,48,134,33,76,15" hai1="129,72,104,88,51,64,0,29,119,94,132,123,109" hai2="84,28,65,36,60,35,102,115,4,22,32,121,2" hai3="38,89,21,9,53,44,126,98,59,101,45,11,20"/><U80/><E104/><V114/><F121/><W135/><G135/><T43/><D74/><U75/><E0/><V69/><F102/><W19/><G126/><T127/><D134/><U92/><E123/><V93/><F36/><W46/><G89/><T112/><D112/><N who="2" m="43050" /><F2/><W8/><G38/><T66/><D97/><U16/><E119/><V95/><F4/><W27/><G21/><T6/><D76/><U34/><E34/><N who="2" m="12843" /><F84/><W133/><G133/><T79/><D79/><U52/><E29/><V113/><F113/><W105/><REACH who="3" step="1"/><G8/><REACH who="3" ten="200,344,321,125" step="2"/><T116/><D116/><U18/><E132/><V17/><F28/><W122/><G122/><T99/><D127/><U124/><E124/><V82/><F82/><W31/><G31/><T91/><D125/><U23/><E23/><V120/><F120/><W55/><G55/><T40/><D40/><U50/><E64/><V14/><AGARI ba="1,1" hai="14,17,22,60,65,69,93,95" m="12843,43050" machi="14" ten="30,1100,0" yaku="11,1" doraHai="71" who="2" fromWho="2" sc="200,-4,344,-6,321,24,125,-4" /><INIT seed="2,0,0,2,4,112" ten="196,338,345,121" oya="2" hai0="27,3,63,130,4,62,100,95,14,110,111,68,30" hai1="103,85,22,120,104,79,76,109,43,91,87,53,90" hai2="122,113,51,67,47,129,75,115,84,121,54,73,132" hai3="118,8,28,45,65,20,5,10,81,1,32,50,108"/><V97/><F97/><W52/><G108/><N who="0" m="41515" /><D130/><U49/><E120/><N who="2" m="46187" /><F84/><N who="1" m="32329" /><E109/><V56/><F75/><W96/><G118/><T70/><D3/><U71/><E71/><N who="0" m="27177" /><D4/><U134/><E134/><V15/><F73/><W94/><G65/><T24/><D14/><U12/><E103/><V35/><F35/><W37/><G81/><T23/><D27/><U83/><E104/><V58/><F15/><W17/><G10/><T61/><D100/><U36/><E36/><V9/><F9/><W86/><G86/><T131/><D131/><U19/><E43/><N who="2" m="25087" /><F129/><W55/><G37/><T69/><D95/><U124/><E124/><V34/><F34/><W31/><G55/><T66/><AGARI ba="0,0" hai="23,24,30,61,62,63,66,69" m="27177,41515" machi="66" ten="40,1500,0" yaku="14,1" doraHai="112" who="0" fromWho="0" sc="196,15,338,-4,345,-7,121,-4" /><INIT seed="3,0,0,4,4,133" ten="211,334,338,117" oya="3" hai0="43,40,102,94,79,57,11,112,31,47,125,90,29" hai1="132,44,30,84,62,97,13,65,123,128,2,37,63" hai2="98,24,59,109,120,111,121,12,39,32,78,130,72" hai3="58,91,27,56,54,116,92,119,101,126,71,85,110"/><W115/><G115/><T66/><D112/><U8/><E2/><V49/><F39/><W6/><G71/><T103/><D125/><U35/><E123/><N who="2" m="47179" /><F130/><W122/><G122/><T104/><D79/><U93/><E128/><V50/><F98/><W70/><G70/><T75/><D75/><U87/><E132/><V34/><F12/><W134/><G134/><T28/><D104/><U88/><E37/><V108/><F59/><W68/><G68/><T77/><D77/><U114/><E114/><V135/><F135/><W86/><G110/><T0/><D0/><U51/><E30/><N who="0" m="7681" /><T105/><DORA hai="38" /><D105/><U73/><E35/><N who="2" m="13355" /><F24/><W20/><G6/><T4/><D4/><N who="1" m="3207" /><E73/><V64/><F64/><W106/><G86/><N who="1" m="32810" /><E65/><V69/><F69/><W67/><G67/><T9/><D9/><U113/><E113/><V76/><F76/><W95/><G106/><T3/><D3/><U82/><E82/><AGARI ba="0,0" hai="49,50,72,78,82,108,109,111" m="13355,47179" machi="82" ten="40,2600,0" yaku="14,1,13,1" doraHai="133,38" who="2" fromWho="1" sc="211,0,334,-26,338,26,117,0" owari="211,-19.0,308,11.0,364,46.0,117,-38.0" /></mjloggm>