<mjloggm ver="2.3"><GO type="225" lobby="0"/><UN n0="%E3%83%9D%E3%82%B3%E3%83%94%E3%83%B3" n1="%E5%B0%B1%E6%B4%BB%E7%94%9F%40%E5%B7%9D%E6%9D%91%E8%BB%8D%E5%9B%A3" n2="%E6%96%B0%E4%B8%96%E7%95%8C%E3%81%AE%E7%B4%99" n3="%E3%82%A6%E3%83%92%E3%83%A7%E5%8A%A9" dan="16,17,18,18" rate="2125.07,2084.10,2183.04,2226.45" sx="M,M,M,M"/><TAIKYOKU oya="0"/><INIT seed="0,0,0,1,5,124" ten="250,250,250,250" oya="0" hai0="103,36,57,123,83,132,31,100,126,74,49,129,90" hai1="108,20,73,131,44,24,29,28,114,75,95,71,121" hai2="4,23,18,112,21,15,25,135,93,3,32,109,85" hai3="46,105,61,101,113,30,40,96,42,116,50,7,35"/><T60/><D36/><U10/><E71/><V9/><F112/><W97/><G116/><T107/><D123/><U104/><E121/><V78/><F109/><W33/><G113/><T65/><D126/><U122/><E108/><V67/><F135/><W43/><G7/><T12/><D132/><U52/><E122/><V59/><F32/><W127/><G127/><T92/><D107/><U133/><E104/><V69/><F69/><W11/><G11/><T102/><D31/><U1/><E133/><V134/><F134/><W14/><G14/><T118/><D118/><U72/><E114/><V115/><F115/><W125/><G125/><T41/><D12/><U37/><E29/><V98/><F78/><W76/><G76/><T117/><D117/><U106/><E106/><V16/><F85/><W70/><G96/><T6/><D6/><U8/><E1/><V64/><REACH who="2" step="1"/><F59/><REACH who="2" ten="250,250,240,250" step="2"/><W119/><G35/><T86/><D74/><U38/><E75/><V0/><F0/><W82/><G119/><T84/><D84/><U19/><E73/><V13/><F13/><W68/><G68/><T81/><D129/><U128/><E72/><V47/><F47/><AGARI ba="0,1" hai="41,47,49,57,60,65,81,83,86,90,92,100,102,103" machi="47" ten="40,2000,0" yaku="8,1" doraHai="124" who="0" fromWho="2" sc="250,30,250,0,240,-20,250,0" /><INIT seed="0,1,0,4,0,29" ten="280,250,220,250" oya="0" hai0="4,94,132,65,26,31,96,121,54,10,33,9,20" hai1="124,21,62,81,64,71,35,104,18,48,30,125,44" hai2="2,28,41,56,119,24,14,53,131,127,66,97,90" hai3="100,106,42,38,45,103,114,27,52,19,80,117,6"/><T79/><D132/><U57/><E104/><V115/><F2/><W60/><G117/><T95/><D121/><U126/><E81/><V0/><F0/><W46/><G114/><T120/><D120/><U3/><E3/><V133/><F115/><W34/><G6/><T88/><D79/><U8/><E8/><V5/><F133/><W75/><G106/><T128/><D128/><U135/><E135/><V32/><F131/><W43/><G80/><T16/><D4/><U23/><E71/><V105/><F119/><W118/><G118/><T99/><D54/><U73/><E73/><V61/><F127/><W15/><G75/><T83/><D83/><U63/><E63/><V89/><F41/><W109/><G109/><T70/><D65/><U76/><E76/><V69/><F14/><W84/><G84/><T49/><D49/><U25/><REACH who="1" step="1"/><E18/><REACH who="1" ten="280,240,220,250" step="2"/><V123/><F123/><W68/><G68/><T111/><D70/><U7/><E7/><V82/><F82/><W122/><G122/><T37/><D111/><U92/><E92/><V36/><F5/><W74/><G74/><T59/><D10/><U39/><E39/><V50/><REACH who="2" step="1"/><F36/><REACH who="2" ten="280,240,210,250" step="2"/><W13/><G38/><T12/><D37/><U101/><E101/><AGARI ba="1,2" hai="24,28,32,50,53,56,61,66,69,89,90,97,101,105" machi="101" ten="40,8000,1" yaku="1,1,2,1,25,2,52,1,53,0" doraHai="29" doraHaiUra="1" who="2" fromWho="1" sc="280,0,240,-83,210,103,250,0" /><INIT seed="1,0,0,5,0,27" ten="280,157,313,250" oya="1" hai0="113,43,45,2,105,9,37,8,44,20,107,35,65" hai1="120,14,61,135,94,40,7,12,13,101,48,1,103" hai2="56,68,38,131,76,51,71,128,78,63,25,112,0" hai3="18,84,118,47,72,102,123,129,125,60,22,16,93"/><U24/><E120/><V88/><F0/><W64/><G123/><T106/><D35/><U59/><E135/><V82/><F38/><W4/><G118/><T81/><D65/><U50/><E1/><V58/><F112/><W79/><G72/><T52/><D9/><U97/><E7/><V29/><F51/><N who="1" m="19497" /><E103/><V31/><F88/><W28/><G129/><N who="2" m="49737" /><F76/><W6/><G125/><T83/><D107/><U80/><E40/><V66/><F58/><N who="3" m="36887" /><G47/><T67/><D106/><U55/><E80/><V41/><F41/><W46/><G46/><T57/><D105/><U104/><E104/><V132/><F132/><W86/><G79/><T114/><D83/><U134/><E134/><V126/><F126/><W17/><G102/><T69/><D81/><U124/><E124/><V32/><F29/><W122/><G122/><T30/><D43/><U92/><E92/><V90/><F90/><N who="3" m="53447" /><G86/><AGARI ba="0,0" hai="25,31,32,56,63,66,68,71,78,82,86" m="49737" machi="86" ten="30,2000,0" yaku="19,1,52,1" doraHai="27" who="2" fromWho="3" sc="280,0,157,0,313,20,250,-20" /><INIT seed="2,0,0,0,1,134" ten="280,157,333,230" oya="2" hai0="128,13,72,112,110,63,8,107,120,113,65,124,102" hai1="50,57,74,33,66,41,132,51,17,42,52,19,46" hai2="91,34,14,126,28,75,81,49,25,43,45,105,80" hai3="117,69,116,119,106,95,70,86,1,84,71,115,11"/><V73/><F105/><W78/><G106/><T118/><D102/><U82/><E33/><V62/><F126/><W98/><G115/><T109/><D72/><U27/><E132/><V2/><F2/><W123/><G123/><T83/><D83/><U21/><E66/><V44/><F62/><W89/><G78/><T6/><D107/><U4/><E4/><V100/><F100/><W61/><G61/><T121/><D124/><U97/><E97/><V122/><F122/><W16/><REACH who="3" step="1"/><G1/><REACH who="3" ten="280,157,333,220" step="2"/><T26/><D121/><U76/><REACH who="1" step="1"/><E41/><REACH who="1" ten="280,147,333,220" step="2"/><V10/><F43/><W68/><G68/><T64/><D120/><U129/><E129/><V30/><F75/><W56/><G56/><T15/><D128/><U0/><E0/><V135/><F73/><W125/><G125/><T114/><D114/><U92/><E92/><V36/><F135/><W67/><G67/><T60/><D113/><U111/><E111/><V38/><F44/><W103/><G103/><T47/><D112/><U55/><E55/><V48/><F45/><W31/><G31/><AGARI ba="0,2" hai="17,19,21,27,31,42,46,50,51,52,57,74,76,82" machi="31" ten="30,3900,0" yaku="1,1,7,1,54,1,53,0" doraHai="134" doraHaiUra="99" who="1" fromWho="3" sc="280,0,147,59,333,0,220,-39" /><INIT seed="3,0,0,1,1,54" ten="280,206,333,181" oya="3" hai0="65,12,75,85,81,80,133,112,3,0,8,76,129" hai1="61,53,11,37,31,78,23,116,24,39,79,17,1" hai2="4,64,34,109,16,33,77,102,134,94,42,35,22" hai3="99,2,104,63,130,73,123,98,43,51,115,110,125"/><W68/><RYUUKYOKU type="yao9" ba="0,0" sc="280,0,206,0,333,0,181,0" hai3="2,43,51,63,68,73,98,99,104,110,115,123,125,130" /><INIT seed="3,1,0,5,5,35" ten="280,206,333,181" oya="3" hai0="51,24,0,79,124,80,118,15,66,132,34,46,6" hai1="58,57,38,129,30,96,67,8,97,125,89,94,130" hai2="16,41,91,102,62,18,36,29,68,99,70,53,56" hai3="101,111,31,69,10,4,108,9,37,117,25,32,13"/><W47/><G117/><T81/><D124/><U86/><E38/><V93/><F29/><W92/><G69/><T21/><D132/><U109/><E109/><N who="3" m="42058" /><G101/><T61/><D118/><U71/><E125/><V33/><F33/><W7/><G92/><T12/><D34/><U42/><E42/><V2/><F2/><N who="3" m="151" /><G47/><T126/><D126/><U65/><E8/><V74/><F70/><W75/><G75/><T82/><D0/><U73/><E30/><V63/><F74/><W3/><G37/><T103/><D6/><U5/><E5/><V112/><F112/><W43/><G43/><T119/><D103/><U59/><E73/><V77/><F36/><W60/><G60/><T84/><D81/><U19/><E19/><V113/><F41/><W48/><G48/><T49/><D82/><U114/><E114/><V120/><F113/><W39/><G39/><T64/><D61/><N who="1" m="40367" /><E67/><N who="0" m="25641" /><D119/><U135/><E135/><V110/><F110/><W45/><G45/><T22/><D49/><U50/><E50/><V52/><F102/><W85/><G85/><T95/><D95/><U127/><E127/><V100/><F100/><W72/><G72/><T1/><D1/><AGARI ba="1,0" hai="1,3,7,10,13,25,31,32" m="151,42058" machi="1" ten="30,18000,2" yaku="14,1,10,1,34,2,52,3" doraHai="35" who="3" fromWho="0" sc="280,-183,206,0,333,0,181,183" owari="97,-40.0,206,-19.0,333,13.0,364,46.0" /></mjloggm>