<mjloggm ver="2.3"><GO type="225" lobby="0"/><UN n0="%6F%6E%65%73%74%61%72" n1="%63%6F%6C%6F%70%6C" n2="%E3%83%88%E3%83%88%E3%83%AA%E5%85%88%E7%94%9F%31%39%E6%AD%B3" n3="%E3%83%A2%E3%82%B0%E3%83%9E%E3%83%AA%E3%83%A2" dan="16,16,18,17" rate="2122.35,2102.31,2265.06,2202.56" sx="M,M,F,M"/><TAIKYOKU oya="0"/><INIT seed="0,0,0,0,2,21" ten="250,250,250,250" oya="0" hai0="107,67,71,38,32,52,75,120,116,12,42,3,129" hai1="18,65,127,115,46,126,118,55,119,103,93,16,36" hai2="25,45,29,132,48,14,15,108,0,58,8,63,77" hai3="44,130,53,85,104,79,66,72,57,88,49,128,4"/><T122/><RYUUKYOKU type="yao9" ba="0,0" sc="250,0,250,0,250,0,250,0" hai0="3,12,32,38,42,52,67,71,75,107,116,120,122,129" /><INIT seed="0,1,0,1,4,67" ten="250,250,250,250" oya="0" hai0="0,15,85,27,60,50,84,35,10,103,20,133,63" hai1="113,53,58,114,43,22,44,87,135,110,100,62,49" hai2="39,74,66,19,127,78,76,112,122,89,59,13,119" hai3="54,12,30,83,9,61,82,94,77,51,42,92,130"/><T64/><D133/><U11/><E100/><V73/><F112/><N who="1" m="43113" /><E110/><V6/><F122/><W7/><G130/><T118/><D0/><U33/><E33/><V99/><F39/><W16/><G30/><T21/><D35/><U105/><E105/><V93/><F127/><W101/><G101/><T72/><D72/><U23/><E87/><V4/><F119/><W124/><G124/><T129/><D129/><U18/><E135/><V109/><F109/><W96/><G96/><T1/><D1/><U2/><E2/><V126/><F73/><W120/><G120/><T117/><D103/><U45/><E45/><V116/><F116/><W69/><G69/><T132/><D132/><U29/><E29/><V14/><F126/><W26/><G61/><N who="0" m="23627" /><D64/><U121/><E121/><V31/><F31/><W68/><G68/><T95/><D85/><U36/><E36/><V98/><F98/><W91/><G42/><T52/><D118/><U88/><E88/><V65/><F65/><W57/><G91/><N who="0" m="53735" /><D117/><U5/><E18/><V41/><F41/><W125/><G125/><T3/><D3/><U25/><E25/><V104/><F104/><W131/><G131/><T38/><D27/><U111/><E111/><V47/><F74/><W79/><G26/><T80/><D38/><U86/><E86/><V70/><F70/><W37/><G37/><T81/><D81/><N who="3" m="30729" /><G7/><N who="2" m="2601" /><F19/><W56/><G56/><N who="0" m="32791" /><D80/><U46/><E5/><AGARI ba="1,0" hai="5,10,15,20,21" m="32791,53735,23627" machi="5" ten="30,2900,0" yaku="8,1,54,1" doraHai="67" who="0" fromWho="1" sc="250,32,250,-32,250,0,250,0" /><INIT seed="0,2,0,3,5,90" ten="282,218,250,250" oya="0" hai0="94,64,114,95,102,118,18,58,88,32,120,124,38" hai1="116,46,76,37,19,13,20,34,72,93,99,59,73" hai2="129,47,44,29,25,130,126,79,108,41,123,127,75" hai3="42,4,125,113,69,35,3,106,81,55,22,15,131"/><T80/><D120/><U7/><E34/><V60/><F123/><W43/><G113/><T31/><D114/><U65/><E76/><V89/><F108/><W121/><G106/><T23/><D38/><U86/><E86/><V77/><F60/><W68/><G121/><T92/><D124/><N who="2" m="47658" /><F89/><W17/><G35/><T21/><D32/><U9/><E116/><V53/><F53/><W133/><G133/><T62/><D118/><U56/><E37/><N who="2" m="21551" /><F47/><W134/><G55/><T28/><D102/><U84/><E46/><V1/><F1/><W45/><G3/><T27/><D23/><U11/><E84/><AGARI ba="2,0" hai="18,21,27,28,31,58,62,64,80,84,88,92,94,95" machi="84" ten="40,12000,1" yaku="8,1,52,3,54,1" doraHai="90" who="0" fromWho="1" sc="282,126,218,-126,250,0,250,0" /><INIT seed="0,3,0,4,0,121" ten="408,92,250,250" oya="0" hai0="19,99,3,4,115,48,22,0,129,119,133,104,43" hai1="97,86,89,20,50,105,28,116,29,67,73,61,107" hai2="82,65,113,96,11,13,23,36,128,81,114,21,88" hai3="87,64,40,76,93,55,12,52,9,1,83,68,109"/><T135/><D119/><U54/><E73/><V111/><F36/><W59/><G1/><T16/><D115/><U15/><E116/><V122/><F122/><W57/><G109/><T98/><D129/><U66/><E97/><N who="0" m="36873" /><D104/><U95/><E105/><V100/><F128/><W77/><G40/><T24/><D4/><U35/><E107/><V30/><F111/><W45/><G93/><T71/><D71/><U117/><E35/><V31/><F65/><W84/><G45/><N who="0" m="25663" /><D19/><N who="1" m="10367" /><E117/><V34/><F34/><W49/><G68/><T130/><D130/><U6/><E6/><N who="2" m="3319" /><F100/><W78/><G64/><N who="1" m="24618" /><E61/><V63/><F63/><N who="3" m="36263" /><G83/><N who="2" m="31753" /><F114/><W79/><N who="3" m="19456" /><DORA hai="126" /><W132/><G132/><AGARI ba="3,0" hai="0,3,16,22,24,132,133,135" m="25663,36873" machi="132" ten="30,2900,0" yaku="20,1,54,1" doraHai="121,126" who="0" fromWho="3" sc="408,38,92,0,250,0,250,-38" /><INIT seed="0,4,0,1,4,86" ten="446,92,250,212" oya="0" hai0="92,8,46,130,68,12,125,58,42,30,96,17,28" hai1="85,123,10,1,94,27,6,107,62,112,106,98,84" hai2="128,41,121,39,126,75,40,51,9,119,95,15,23" hai3="118,97,24,80,16,3,79,124,71,131,133,7,61"/><T4/><D125/><U5/><E123/><V116/><F121/><W115/><G115/><T100/><D130/><U65/><E6/><V47/><F75/><W122/><G118/><N who="2" m="45097" /><F128/><W26/><G131/><T25/><D68/><U135/><E112/><V36/><F126/><W14/><G124/><T72/><D72/><U44/><E135/><V81/><F23/><W109/><G133/><T77/><D77/><U22/><E44/><N who="2" m="25999" /><F81/><W113/><G109/><T90/><D58/><U29/><E107/><V21/><F21/><W35/><G113/><T69/><D69/><U129/><E106/><V101/><F101/><W37/><G71/><T63/><D63/><U76/><E76/><V20/><F20/><W74/><G61/><T34/><D30/><U93/><E129/><V31/><F95/><W78/><G122/><T59/><D59/><N who="1" m="37087" /><E94/><V117/><F31/><W87/><G35/><T49/><D100/><AGARI ba="4,0" hai="1,5,10,22,27,29,84,85,93,98,100" m="37087" machi="100" ten="30,1000,0" yaku="25,1" doraHai="86" who="1" fromWho="0" sc="446,-22,92,22,250,0,212,0" /><INIT seed="1,0,0,5,4,72" ten="424,114,250,212" oya="1" hai0="16,86,44,76,82,78,109,5,22,70,114,52,42" hai1="135,54,56,71,128,108,41,27,95,83,59,102,69" hai2="14,99,67,35,126,50,12,125,106,85,23,3,20" hai3="101,49,97,18,8,0,26,39,89,111,87,66,33"/><U46/><E135/><V32/><F3/><W77/><G111/><T19/><D109/><U93/><E108/><V123/><F123/><W98/><G39/><T13/><D70/><U100/><E128/><V84/><F50/><W60/><G49/><N who="0" m="28711" /><D114/><U25/><E83/><V91/><F67/><W105/><G97/><T15/><D5/><U133/><E133/><V134/><F134/><W24/><G77/><N who="0" m="46415" /><D42/><U65/><E69/><V17/><F99/><W29/><G24/><N who="1" m="9290" /><E71/><V80/><F106/><W90/><G87/><T116/><D116/><U75/><E75/><V7/><F85/><W48/><G48/><T118/><D118/><U40/><E65/><V103/><F7/><N who="3" m="1127" /><G18/><T21/><AGARI ba="0,0" hai="13,15,16,19,21,22,76,78" m="46415,28711" machi="21" ten="30,12000,2" yaku="8,1,52,3,54,2" doraHai="72" who="0" fromWho="0" sc="424,120,114,-60,250,-30,212,-30" /><INIT seed="2,0,0,3,5,68" ten="544,54,220,182" oya="2" hai0="54,52,25,48,135,61,116,122,27,93,108,126,38" hai1="71,86,98,1,95,16,14,46,83,47,72,128,29" hai2="109,78,100,127,53,92,64,30,28,65,57,111,74" hai3="85,10,34,51,124,131,133,60,87,6,18,132,82"/><V33/><F127/><W22/><G124/><T12/><D12/><U55/><E72/><V43/><F43/><W63/><G131/><T99/><D38/><U84/><E71/><V88/><F100/><W119/><G51/><T107/><D107/><U76/><E1/><V79/><F64/><W3/><G34/><T96/><D61/><N who="3" m="23625" /><G82/><T121/><D135/><N who="3" m="51785" /><G119/><T77/><D48/><U101/><E29/><N who="2" m="11371" /><F33/><W20/><G20/><T103/><D103/><U24/><E128/><V36/><F36/><W94/><G94/><T40/><D93/><U15/><E84/><N who="2" m="52231" /><F65/><W7/><G7/><T39/><D39/><U0/><E0/><V115/><F115/><W2/><G2/><T37/><D40/><U118/><E118/><V105/><F105/><W114/><G114/><T26/><D37/><U106/><E106/><V120/><F120/><W102/><G102/><T66/><D122/><U134/><E134/><V75/><F53/><W11/><G11/><T58/><D54/><U31/><E55/><V59/><F79/><W9/><G9/><T81/><D52/><U113/><E113/><V73/><F78/><W110/><G110/><AGARI ba="0,0" hai="57,59,73,74,75,109,110,111" m="52231,11371" machi="110" ten="40,7700,0" yaku="14,1,10,1,54,1" doraHai="68" who="2" fromWho="3" sc="544,0,54,0,220,77,182,-77" /><INIT seed="2,1,0,4,0,59" ten="544,54,297,105" oya="2" hai0="64,98,43,133,36,69,17,119,126,39,6,58,93" hai1="109,35,7,18,101,107,51,45,97,29,73,24,102" hai2="100,103,19,14,96,110,32,128,92,31,79,11,89" hai3="90,82,105,20,68,41,9,129,117,95,47,63,40"/><V104/><F128/><W106/><G129/><T52/><D6/><U72/><E7/><V33/><F110/><W125/><G117/><T16/><D133/><U91/><E109/><V71/><F71/><W56/><G125/><T50/><D126/><U78/><E102/><V66/><F66/><W127/><G127/><T76/><D76/><U85/><E18/><V5/><F100/><W116/><G82/><T53/><D53/><U124/><E124/><V3/><F31/><W120/><G120/><T34/><D34/><U65/><E65/><V83/><F19/><W108/><G108/><T131/><D39/><U75/><E51/><V49/><F3/><W37/><G40/><T122/><D131/><U42/><E45/><V118/><F118/><W0/><G20/><T80/><D80/><U1/><E42/><V70/><F70/><W54/><G68/><T114/><D122/><U121/><E1/><V74/><F49/><W86/><REACH who="3" step="1"/><G116/><REACH who="3" ten="544,54,297,95" step="2"/><T46/><D119/><U10/><E121/><V81/><F83/><W123/><G123/><T48/><D43/><U21/><E21/><V23/><F23/><W94/><G94/><T13/><D93/><N who="1" m="54511" /><E10/><V132/><F132/><W4/><AGARI ba="1,1" hai="0,4,9,37,41,47,54,56,63,86,90,95,105,106" machi="4" ten="30,4000,0" yaku="1,1,0,1,52,1,53,0" doraHai="59" doraHaiUra="115" who="3" fromWho="3" sc="544,-11,54,-11,297,-21,95,53" /><INIT seed="3,0,0,0,4,57" ten="533,43,276,148" oya="3" hai0="58,93,18,29,75,121,20,17,69,94,99,10,73" hai1="115,47,92,7,116,89,61,102,118,62,104,40,52" hai2="4,2,91,101,32,79,30,86,119,50,14,103,72" hai3="13,123,107,126,48,133,22,125,110,124,70,117,28"/><W80/><G117/><T65/><D69/><U45/><E7/><V127/><F119/><N who="1" m="45609" /><E102/><V105/><F2/><W67/><G123/><T135/><D58/><N who="1" m="35015" /><E104/><V83/><F127/><W120/><G120/><T23/><D65/><U96/><E115/><V87/><F105/><W54/><G133/><T74/><D29/><U38/><E47/><V27/><F72/><W42/><G110/><T88/><D10/><U95/><E95/><V8/><F50/><W129/><G129/><T128/><D128/><U77/><E77/><V43/><F43/><W108/><G108/><T132/><D121/><U46/><E46/><V131/><F131/><W106/><G80/><AGARI ba="0,0" hai="4,8,14,27,30,32,79,80,83,86,87,91,101,103" machi="80" ten="30,1000,0" yaku="7,1" doraHai="57" who="2" fromWho="3" sc="533,0,43,0,276,10,148,-10" owari="533,63.0,43,-46.0,286,9.0,138,-26.0" /></mjloggm>