<mjloggm ver="2.3"><GO type="225" lobby="0"/><UN n0="%42%61%6C%6C%79" n1="%46%4C%41%4D%45" n2="%73%61%74%65" n3="%E5%B0%B1%E6%B4%BB%E7%94%9F%40%E5%B7%9D%E6%9D%91%E8%BB%8D%E5%9B%A3" dan="16,17,16,16" rate="2063.72,2143.97,2041.77,2093.75" sx="M,M,M,M"/><TAIKYOKU oya="0"/><INIT seed="0,0,0,1,1,53" ten="250,250,250,250" oya="0" hai0="105,0,59,64,119,92,69,126,73,76,33,115,100" hai1="111,68,128,41,80,43,120,102,83,4,106,101,123" hai2="50,3,46,84,70,35,89,71,96,87,132,7,109" hai3="103,62,130,31,104,20,77,97,12,56,11,131,86"/><T45/><D119/><U42/><E4/><V114/><F35/><W82/><G31/><T63/><D115/><U125/><E68/><V67/><F114/><W93/><G20/><T110/><D126/><U1/><E1/><V61/><F109/><W38/><G38/><T66/><D33/><U133/><E106/><V22/><F132/><W29/><G29/><T94/><D0/><U32/><E32/><V36/><F36/><W129/><G104/><T17/><D66/><U98/><E98/><V40/><F22/><W99/><G97/><T44/><D69/><U9/><E9/><V60/><F96/><W121/><G121/><N who="1" m="46666" /><E111/><V74/><F74/><W95/><G99/><N who="0" m="59511" /><D105/><U85/><E85/><V39/><F39/><W75/><G103/><N who="1" m="39434" /><E133/><V8/><F89/><W15/><G75/><T51/><D73/><U34/><E34/><V72/><F72/><W21/><G21/><T55/><D76/><U19/><E19/><V14/><F3/><W112/><G112/><T88/><D110/><U58/><E125/><V25/><F25/><W18/><REACH who="3" step="1"/><G12/><REACH who="3" ten="250,250,250,240" step="2"/><T27/><D27/><U16/><E128/><V57/><REACH who="2" step="1"/><F71/><REACH who="2" ten="250,250,240,240" step="2"/><W118/><G118/><T113/><D113/><U2/><E2/><V13/><F13/><W37/><G37/><T65/><D17/><U52/><E83/><V127/><F127/><W122/><G122/><T54/><D88/><U24/><E80/><V107/><F107/><W135/><G135/><T91/><D91/><U6/><E24/><V10/><F10/><W116/><G116/><T90/><D90/><U30/><E30/><V78/><F78/><RYUUKYOKU ba="0,2" sc="250,-15,250,-15,240,15,240,15" hai2="7,8,14,40,46,50,57,60,61,67,70,84,87" hai3="11,15,18,56,62,77,82,86,93,95,129,130,131" /><INIT seed="1,1,2,0,2,22" ten="235,235,255,255" oya="1" hai0="29,17,51,52,25,86,135,16,8,118,50,14,98" hai1="32,7,66,39,134,60,33,40,122,97,109,49,126" hai2="77,99,128,13,119,18,56,78,102,27,113,55,93" hai3="10,110,44,124,31,59,125,46,48,90,42,80,21"/><U88/><E122/><V64/><F119/><W58/><G110/><T62/><D135/><U115/><E115/><V34/><F113/><W103/><G103/><T47/><D118/><U108/><E39/><V87/><F64/><W0/><G46/><T65/><D86/><U95/><E134/><V81/><F128/><W23/><G90/><T104/><D51/><U72/><E72/><V121/><F121/><W117/><G80/><T24/><D29/><U131/><E131/><V67/><F67/><W57/><G117/><T114/><D114/><U4/><E126/><N who="3" m="48746" /><G31/><T79/><D17/><U45/><E4/><AGARI ba="1,2" hai="0,4,10,21,23,42,44,48,57,58,59" m="48746" machi="4" ten="30,1000,0" yaku="18,1" doraHai="22" who="3" fromWho="1" sc="235,0,235,-13,255,0,255,33" /><INIT seed="2,0,0,1,3,78" ten="235,222,255,288" oya="2" hai0="85,80,106,67,109,87,48,26,92,88,114,4,86" hai1="60,98,64,79,81,27,56,1,115,96,116,31,32" hai2="7,8,14,45,41,29,102,112,89,62,17,40,134" hai3="9,91,49,34,101,128,18,108,39,58,74,104,11"/><V76/><F112/><W30/><G39/><T20/><D106/><U71/><E115/><V119/><F119/><W12/><G74/><T83/><D109/><U42/><E116/><V22/><F134/><W44/><G128/><T107/><D107/><U68/><E1/><V50/><F102/><W54/><G108/><T19/><D114/><U105/><E42/><V133/><F133/><W127/><G127/><T16/><D67/><U99/><REACH who="1" step="1"/><E105/><REACH who="1" ten="235,212,255,288" step="2"/><V129/><F41/><W120/><G104/><T130/><D130/><U100/><E100/><V15/><F129/><W36/><G101/><T61/><D61/><U123/><E123/><V113/><F62/><W126/><G120/><T63/><D63/><U103/><E103/><V5/><F113/><W24/><G126/><T10/><D48/><U77/><E77/><V95/><F76/><W53/><G36/><T122/><D122/><U110/><E110/><V84/><REACH who="2" step="1"/><F29/><REACH who="2" ten="235,212,245,288" step="2"/><W69/><G30/><T94/><D19/><AGARI ba="0,2" hai="5,7,8,14,15,17,19,22,40,45,50,84,89,95" machi="19" ten="30,11600,0" yaku="1,1,2,1,7,1,8,1,53,0" doraHai="78" doraHaiUra="124" who="2" fromWho="0" sc="235,-116,212,0,245,136,288,0" /><INIT seed="2,1,0,3,1,66" ten="119,212,381,288" oya="2" hai0="29,106,107,12,36,85,83,33,14,17,117,58,6" hai1="28,8,62,99,135,19,103,101,61,65,95,34,111" hai2="133,59,104,80,118,89,3,56,98,109,122,72,126" hai3="39,128,124,50,84,51,41,79,123,94,88,55,31"/><V134/><F118/><W54/><G123/><T11/><D36/><U67/><E111/><V93/><F3/><W76/><G128/><T87/><D117/><U0/><E135/><N who="2" m="51723" /><F122/><W75/><G124/><T18/><D18/><U16/><E28/><V97/><F126/><W23/><G75/><T47/><D47/><U10/><E34/><V113/><F113/><W100/><G39/><T108/><D108/><U53/><E53/><N who="3" m="19978" /><G100/><T24/><D58/><U116/><E116/><V74/><F109/><W78/><G41/><T42/><D42/><U81/><E81/><V40/><F40/><W132/><G132/><T64/><D64/><U91/><E0/><V57/><F80/><W32/><G32/><T96/><D96/><U121/><E121/><V52/><F52/><W125/><G125/><T119/><D119/><U43/><E43/><V49/><F49/><W120/><G120/><T4/><D4/><U71/><E103/><AGARI ba="1,0" hai="56,57,59,72,74,89,93,97,98,103,104" m="51723" machi="103" ten="30,1500,0" yaku="20,1" doraHai="66" who="2" fromWho="1" sc="119,0,212,-18,381,18,288,0" /><INIT seed="2,2,0,4,0,78" ten="119,194,399,288" oya="2" hai0="83,55,94,34,35,88,13,107,22,96,84,60,33" hai1="91,116,74,120,6,135,93,18,26,1,28,92,118" hai2="3,42,106,100,124,52,0,71,76,40,38,105,65" hai3="68,27,49,29,30,45,61,62,77,19,101,11,90"/><V102/><F124/><W126/><G126/><T9/><D107/><U48/><E74/><V15/><F15/><W89/><G101/><T125/><D125/><U82/><E120/><V99/><F76/><W31/><G77/><T132/><D132/><U17/><E135/><V54/><F65/><W131/><G131/><T32/><N who="0" m="8192" /><DORA hai="37" /><T69/><D22/><U20/><E1/><V70/><F99/><W57/><G68/><T23/><D23/><U104/><E104/><V86/><F86/><W127/><G127/><T24/><D24/><U10/><E118/><V50/><F50/><W128/><G128/><T112/><D112/><U21/><E116/><V72/><F72/><W119/><G119/><T59/><D69/><U109/><E109/><V56/><F56/><W36/><G36/><AGARI ba="2,0" hai="0,3,36,38,40,42,52,54,70,71,100,102,105,106" machi="36" ten="25,12000,1" yaku="22,2,52,2,54,1" doraHai="78,37" who="2" fromWho="3" sc="119,0,194,0,399,126,288,-126" /><INIT seed="2,3,0,0,2,54" ten="119,194,525,162" oya="2" hai0="65,27,74,32,112,22,62,47,106,30,11,41,102" hai1="64,98,100,89,132,114,29,87,1,123,90,55,40" hai2="104,128,133,96,38,0,61,127,73,34,115,16,118" hai3="91,95,51,135,42,80,76,67,57,19,66,23,77"/><V124/><F96/><W37/><G37/><N who="0" m="21935" /><D22/><U43/><E114/><V92/><F92/><W116/><G135/><T12/><D112/><U126/><E1/><V75/><F61/><N who="3" m="38191" /><G67/><T113/><D113/><U101/><E132/><V3/><F16/><W84/><G116/><T85/><D85/><U121/><E64/><V9/><F9/><W10/><G10/><T58/><D12/><U82/><E29/><V119/><F119/><W49/><G23/><T44/><D11/><U5/><E5/><V63/><F63/><W105/><G105/><T109/><D109/><U25/><E25/><V108/><F75/><W20/><G42/><T24/><D24/><U14/><E14/><V81/><F81/><W122/><G122/><T60/><D44/><U78/><E123/><V50/><F50/><N who="3" m="18955" /><G80/><T134/><D134/><U110/><E121/><V39/><F39/><W120/><G120/><T131/><D74/><U72/><E110/><V93/><F73/><W26/><AGARI ba="3,0" hai="19,20,26,76,77,84,91,95" m="18955,38191" machi="26" ten="30,2000,0" yaku="8,1,52,1" doraHai="54" who="3" fromWho="3" sc="119,-8,194,-8,525,-13,162,29" /><INIT seed="3,0,0,1,0,0" ten="111,186,512,191" oya="3" hai0="134,110,66,90,124,109,10,107,51,83,67,77,63" hai1="131,118,5,41,115,17,68,76,92,60,69,57,58" hai2="65,56,59,27,55,15,116,84,71,61,80,135,104" hai3="100,108,8,73,86,113,133,99,29,45,103,14,37"/><W30/><G113/><T132/><D107/><U50/><E115/><V43/><F104/><W123/><G73/><T31/><D31/><U39/><E131/><V23/><F116/><W91/><G123/><T47/><D90/><U6/><E118/><V74/><F74/><W96/><G108/><N who="0" m="41579" /><D10/><U98/><E76/><V33/><F135/><N who="0" m="51754" /><D124/><U1/><E1/><V46/><F15/><W105/><G133/><T49/><D83/><U117/><E117/><V22/><F33/><W48/><G37/><T3/><D3/><U111/><E111/><V24/><F71/><W13/><G99/><T97/><D97/><U20/><E69/><V101/><F101/><W95/><G103/><T64/><D77/><U9/><E68/><V130/><F130/><W21/><G14/><T35/><D35/><U70/><E70/><V38/><F24/><W127/><G127/><T36/><D63/><U7/><E9/><V94/><F94/><W125/><G125/><T16/><D16/><U81/><E81/><V79/><F27/><W19/><G21/><T129/><D129/><U53/><E60/><AGARI ba="0,0" hai="22,23,38,43,46,55,56,59,60,61,65,79,80,84" machi="60" ten="30,1000,0" yaku="7,1" doraHai="0" who="2" fromWho="1" sc="111,0,186,-10,512,10,191,0" owari="111,-39.0,176,-22.0,522,62.0,191,-1.0" /></mjloggm>