<mjloggm ver="2.3"><GO type="169" lobby="0"/><UN n0="%73%61%72%61%64%61" n1="%E3%82%A6%E3%83%AB%E3%83%88%E3%83%A9%E7%AB%8B%E7%9B%B4" n2="%72%69%6F%75%63%68%61%6E" n3="%74%61%6E%69%6D%6F%40" dan="16,17,16,16" rate="2057.44,2190.01,2065.07,2105.26" sx="M,M,M,M"/><TAIKYOKU oya="0"/><INIT seed="0,0,0,5,1,57" ten="250,250,250,250" oya="0" hai0="75,23,126,113,47,81,101,17,1,78,18,133,116" hai1="24,19,68,107,38,2,104,3,60,40,27,121,29" hai2="76,39,31,13,90,99,51,33,56,25,123,96,30" hai3="92,118,71,43,41,109,4,106,28,93,91,12,61"/><T89/><D116/><U120/><E19/><V42/><F123/><W34/><G106/><T114/><D133/><U6/><E40/><V58/><F39/><W134/><G34/><T84/><D126/><U82/><E82/><V127/><F127/><W14/><G28/><T103/><D1/><U97/><E38/><V49/><F76/><W129/><G129/><T87/><D47/><U128/><E128/><V26/><F13/><W62/><G134/><T72/><D89/><U15/><E15/><V125/><F125/><W122/><G122/><T88/><D88/><U7/><E68/><V117/><F90/><W9/><G91/><T45/><D45/><U73/><E73/><V20/><F117/><W65/><G118/><T55/><D81/><U131/><E131/><V86/><F86/><W36/><G36/><T70/><D55/><U50/><E50/><V8/><F8/><W67/><G109/><T111/><D23/><U112/><E112/><V35/><REACH who="2" step="1"/><F20/><REACH who="2" ten="250,250,240,250" step="2"/><W124/><G124/><T79/><REACH who="0" step="1"/><D70/><REACH who="0" ten="240,250,240,250" step="2"/><U83/><E83/><V110/><F110/><AGARI ba="0,2" hai="17,18,72,75,78,79,84,87,101,103,110,111,113,114" machi="110" ten="25,9600,0" yaku="1,1,2,1,22,2,53,0" doraHai="57" doraHaiUra="119" who="0" fromWho="2" sc="240,116,250,0,240,-96,250,0" /><INIT seed="0,1,0,0,5,45" ten="356,250,144,250" oya="0" hai0="81,36,118,74,97,129,70,5,92,43,134,38,67" hai1="7,35,105,34,103,99,1,0,56,114,39,125,71" hai2="8,61,14,59,122,21,10,85,115,73,111,18,104" hai3="82,124,90,42,94,33,60,49,57,123,72,19,119"/><T30/><D118/><U20/><E71/><V15/><F122/><W86/><G119/><T9/><D134/><U101/><E39/><V112/><F73/><W91/><G33/><T12/><D30/><U108/><E114/><V95/><F104/><W48/><G124/><T128/><D43/><U132/><E132/><V25/><F111/><W22/><G123/><T93/><D67/><U40/><E40/><V26/><F85/><N who="3" m="50487" /><G42/><T29/><D70/><U76/><E108/><V117/><F117/><W80/><G80/><T16/><D29/><U116/><E116/><V109/><F109/><W78/><G78/><N who="0" m="44247" /><D5/><U23/><E7/><V32/><F95/><N who="0" m="36426" /><D97/><U31/><E99/><V75/><F75/><W27/><G72/><T135/><D135/><U77/><E31/><N who="2" m="19567" /><F59/><W88/><G91/><T96/><D38/><U133/><E56/><V52/><F52/><AGARI ba="1,0" hai="19,22,27,48,49,52,57,60,86,88,94" m="50487" machi="52" ten="30,8000,1" yaku="8,1,52,2,54,2" doraHai="45" who="3" fromWho="2" sc="356,0,250,0,144,-83,250,83" /><INIT seed="1,0,0,3,0,93" ten="356,250,61,333" oya="1" hai0="132,52,120,58,8,86,95,102,37,2,125,70,100" hai1="62,89,115,69,114,13,103,128,19,15,35,85,45" hai2="79,73,96,16,75,80,59,43,110,11,40,71,121" hai3="21,101,119,50,46,68,42,64,12,134,106,90,135"/><U18/><E35/><V61/><F121/><W29/><G119/><T92/><D37/><U20/><E128/><V34/><F34/><W87/><G64/><T116/><D116/><U107/><E45/><V1/><F110/><W41/><G68/><T6/><D120/><U56/><E69/><V38/><F71/><W124/><G124/><T47/><D125/><U60/><E107/><V130/><F75/><W30/><G30/><T24/><D132/><N who="3" m="50729" /><G101/><T4/><D47/><U27/><E103/><V33/><F33/><W57/><G57/><T97/><D6/><U76/><E76/><V28/><F130/><W23/><G23/><T22/><D70/><U32/><E32/><V78/><F78/><W55/><G106/><T65/><D65/><U91/><E56/><V17/><F28/><W98/><G29/><T66/><D66/><U51/><E20/><V126/><F126/><W83/><G98/><T131/><D131/><U127/><E127/><V81/><F96/><W54/><G54/><T74/><D100/><U82/><E85/><V14/><F73/><W104/><G104/><T129/><D74/><U31/><E31/><V109/><F43/><W123/><G123/><T0/><D129/><U36/><E36/><V88/><F38/><W7/><G21/><T26/><D22/><U63/><E27/><V94/><F40/><W77/><G77/><T49/><D24/><U10/><E91/><V39/><F39/><W112/><G112/><T44/><D26/><U133/><E115/><V99/><F99/><W105/><G105/><T113/><D113/><U53/><E114/><RYUUKYOKU ba="0,0" sc="356,-10,250,-10,61,-10,333,30" hai3="7,12,41,42,46,50,55,83,87,90" /><INIT seed="2,1,0,0,1,16" ten="346,240,51,363" oya="2" hai0="86,107,63,18,92,87,29,61,132,76,32,78,104" hai1="8,89,108,41,43,30,47,64,38,35,5,119,77" hai2="79,85,134,56,15,129,131,48,124,67,53,4,80" hai3="19,75,116,22,42,125,110,24,21,11,58,40,96"/><V1/><F1/><W60/><G116/><T123/><D123/><U31/><E119/><V112/><F112/><W62/><G75/><T90/><D132/><U68/><E108/><V101/><F134/><W17/><G125/><T98/><D104/><U117/><E117/><V0/><F0/><W120/><G120/><T133/><D133/><U102/><E43/><V9/><F124/><W33/><G33/><T126/><D126/><U27/><E89/><V106/><REACH who="2" step="1"/><F67/><REACH who="2" ten="346,240,41,363" step="2"/><W12/><G110/><T54/><D107/><U113/><E113/><V2/><F2/><W23/><G96/><AGARI ba="1,1" hai="4,9,15,48,53,56,79,80,85,96,101,106,129,131" machi="96" ten="40,2000,0" yaku="1,1,53,0" doraHai="16" doraHaiUra="109" who="2" fromWho="3" sc="346,0,240,0,41,33,363,-23" /><INIT seed="2,2,0,0,2,16" ten="346,240,74,340" oya="2" hai0="33,2,114,28,46,91,126,56,61,131,45,93,6" hai1="102,95,27,75,40,19,44,29,21,74,36,101,69" hai2="13,86,117,39,120,65,132,63,103,5,42,15,34" hai3="1,20,94,60,90,66,47,11,23,110,14,38,50"/><V78/><F120/><W89/><G38/><T37/><D114/><U57/><E69/><V106/><F117/><W12/><G1/><T116/><D131/><U54/><E101/><V7/><F34/><W134/><G110/><T48/><D116/><U68/><E68/><V55/><F132/><W18/><G134/><T92/><D126/><U112/><E112/><V67/><F39/><W41/><G14/><N who="2" m="5129" /><F106/><W118/><G118/><T111/><D93/><U82/><E82/><N who="2" m="47447" /><F42/><W109/><G109/><T49/><D37/><U107/><E107/><V62/><F103/><W79/><G79/><T31/><D33/><U73/><E95/><V83/><F83/><W97/><REACH who="3" step="1"/><G90/><REACH who="3" ten="346,240,74,330" step="2"/><T0/><D0/><U59/><E102/><V115/><F115/><W125/><G125/><T84/><D111/><U24/><REACH who="1" step="1"/><E54/><REACH who="1" ten="346,230,74,330" step="2"/><V85/><F55/><W108/><G108/><T51/><D2/><U43/><E43/><V80/><F67/><W99/><G99/><T105/><D6/><N who="2" m="2058" /><F65/><W135/><G135/><T8/><D8/><U64/><E64/><V121/><F121/><W119/><G119/><T123/><D123/><U17/><E17/><V122/><F122/><W129/><G129/><T10/><D10/><U32/><AGARI ba="2,2" hai="19,21,24,27,29,32,36,40,44,57,59,73,74,75" machi="32" ten="30,4000,0" yaku="1,1,0,1,52,1,53,0" doraHai="16" doraHaiUra="113" who="1" fromWho="1" sc="346,-12,230,66,74,-22,330,-12" /><INIT seed="3,0,0,4,2,53" ten="334,296,52,318" oya="3" hai0="76,128,94,5,40,50,26,87,66,39,106,84,67" hai1="78,134,90,111,45,80,135,12,17,4,44,116,21" hai2="43,10,38,61,79,20,60,118,23,124,18,72,85" hai3="88,48,73,86,8,109,24,51,35,9,103,125,93"/><W100/><G73/><T56/><D106/><U95/><E4/><V127/><F118/><W59/><G125/><N who="2" m="48201" /><F72/><W126/><G126/><T132/><D132/><N who="1" m="50731" /><E111/><V112/><F112/><W65/><G109/><T32/><D128/><U115/><E115/><V0/><F38/><W74/><G74/><T68/><D68/><U58/><E80/><N who="2" m="47263" /><F43/><W117/><G117/><T119/><D119/><U42/><E78/><V123/><F123/><W62/><G24/><T121/><D121/><U110/><E110/><V92/><F92/><N who="3" m="54295" /><G35/><T19/><D5/><U28/><E28/><V55/><F0/><W108/><G108/><T75/><D75/><U130/><E42/><V1/><F1/><W29/><G29/><T14/><D26/><U133/><E130/><V71/><F71/><W36/><G36/><T82/><D32/><U105/><E105/><V57/><F61/><W41/><G41/><T6/><D39/><U104/><E104/><V83/><F83/><W47/><G93/><T91/><D40/><U30/><E30/><V99/><F99/><W31/><G31/><T2/><D2/><U11/><E116/><V120/><F120/><W37/><G37/><T81/><D81/><U15/><E95/><V107/><F107/><W64/><G103/><T46/><D94/><U77/><E133/><V7/><F7/><W89/><G100/><T22/><D6/><N who="1" m="3191" /><E77/><V3/><F3/><W54/><G89/><T69/><D91/><U25/><E90/><V33/><F33/><W101/><G101/><T63/><D76/><U49/><E25/><V98/><F98/><W97/><G97/><RYUUKYOKU ba="0,0" sc="334,-15,296,15,52,15,318,-15" hai1="15,17,21,44,45,49,58" hai2="10,18,20,23,55,57,60" /><INIT seed="4,1,0,1,0,64" ten="319,311,67,303" oya="0" hai0="92,101,33,133,24,32,71,38,52,56,107,117,89" hai1="23,35,80,18,48,104,73,21,103,86,53,55,50" hai2="70,123,128,3,68,115,4,116,127,17,85,87,111" hai3="69,26,10,11,6,43,37,90,7,77,125,63,45"/><T93/><D117/><U36/><E36/><V12/><F123/><W20/><G77/><T99/><D38/><U59/><E35/><V79/><F111/><W96/><G125/><T102/><D71/><N who="2" m="27178" /><F79/><W28/><G96/><T8/><D133/><U66/><E73/><V84/><F3/><W110/><G90/><T129/><D8/><U34/><E34/><V2/><F2/><W100/><G100/><T74/><D74/><U95/><E66/><V46/><F4/><W82/><G82/><T97/><D107/><U134/><E134/><V29/><F29/><W114/><G110/><T72/><D72/><U13/><E104/><V62/><F46/><W49/><G37/><T67/><D67/><U30/><E30/><V109/><F109/><W60/><G69/><T61/><D89/><U27/><E103/><V76/><F76/><W83/><G83/><T16/><D129/><U25/><E23/><AGARI ba="1,0" hai="16,23,24,32,33,52,56,61,92,93,97,99,101,102" machi="23" ten="40,7700,0" yaku="9,1,54,2" doraHai="64" who="0" fromWho="1" sc="319,80,311,-80,67,0,303,0" /><INIT seed="4,2,0,3,4,95" ten="399,231,67,303" oya="0" hai0="13,94,79,113,47,4,11,99,124,60,87,56,27" hai1="71,107,77,90,97,52,6,68,38,26,62,86,76" hai2="82,39,123,0,80,41,22,129,44,53,48,42,20" hai3="106,100,112,19,121,29,127,101,49,111,109,54,18"/><T32/><D124/><U85/><E38/><V83/><F123/><W17/><G29/><T15/><D113/><U120/><E120/><V16/><F129/><W74/><G121/><T33/><D47/><U51/><E6/><V64/><F0/><W84/><G74/><T63/><D15/><U92/><E71/><V45/><F64/><W104/><G112/><T50/><D50/><U5/><E5/><V10/><REACH who="2" step="1"/><F42/><REACH who="2" ten="399,231,57,303" step="2"/><W128/><G128/><T91/><D32/><U72/><E68/><V65/><F65/><W23/><G111/><T46/><D33/><U118/><E118/><V66/><F66/><W103/><G109/><T7/><D7/><U24/><E62/><V36/><F36/><W102/><G127/><T73/><D60/><U135/><E135/><V12/><AGARI ba="2,1" hai="10,12,16,20,22,39,41,44,45,48,53,80,82,83" machi="12" ten="30,4000,0" yaku="1,1,0,1,54,1,53,0" doraHai="95" doraHaiUra="125" who="2" fromWho="2" sc="399,-22,231,-12,57,56,303,-12" /><INIT seed="5,0,0,5,0,19" ten="377,219,113,291" oya="1" hai0="100,129,31,8,0,65,54,52,102,4,15,112,21" hai1="77,130,10,2,55,95,25,17,72,110,125,105,29" hai2="46,45,39,86,43,6,82,47,133,94,107,114,135" hai3="41,122,79,16,3,80,91,67,60,117,103,32,48"/><U33/><E105/><V83/><F107/><W123/><G32/><T27/><D112/><U66/><E66/><V104/><F104/><W12/><G103/><N who="0" m="39467" /><D0/><U111/><E95/><V62/><F114/><W14/><G14/><T108/><D108/><N who="1" m="41515" /><E77/><V71/><F6/><W36/><G3/><T101/><D129/><U1/><E72/><V57/><F71/><W44/><G91/><T34/><D34/><U78/><E78/><V126/><F126/><W121/><G117/><T106/><D101/><U132/><E125/><V127/><F127/><W68/><G36/><T56/><D106/><U98/><E98/><V58/><F94/><W42/><G42/><T93/><D93/><U75/><E75/><V7/><F7/><W28/><G28/><T5/><D5/><U84/><E84/><V90/><F83/><W97/><G97/><T24/><D24/><N who="1" m="18599" /><E130/><V81/><F81/><W22/><REACH who="3" step="1"/><G122/><REACH who="3" ten="377,219,113,281" step="2"/><T87/><D87/><AGARI ba="0,1" hai="12,16,22,41,44,48,60,67,68,79,80,87,121,123" machi="87" ten="30,8000,1" yaku="1,1,2,1,7,1,52,1,54,1,53,0" doraHai="19" doraHaiUra="70" who="3" fromWho="0" sc="377,-80,219,0,113,0,281,90" /><INIT seed="6,0,0,3,4,93" ten="297,219,113,371" oya="2" hai0="38,70,50,96,72,0,4,81,13,86,15,32,121" hai1="119,9,68,118,120,5,122,10,51,22,52,116,82" hai2="23,33,77,88,90,112,28,75,63,79,48,128,34" hai3="49,65,67,44,131,35,57,62,16,64,132,133,101"/><V110/><F75/><W126/><G35/><T55/><D38/><U73/><E68/><V94/><F112/><W66/><G126/><T46/><D70/><U59/><E22/><V8/><F128/><W102/><G131/><T106/><D72/><U91/><E91/><V6/><F110/><W87/><G87/><T18/><D32/><U30/><E30/><V78/><F63/><W24/><G132/><T109/><D109/><U42/><E42/><V84/><F48/><W53/><G133/><T123/><D0/><U135/><E135/><V89/><F89/><W19/><G19/><T2/><D2/><U107/><E107/><V27/><REACH who="2" step="1"/><F90/><REACH who="2" ten="297,219,103,371" step="2"/><W83/><G62/><T21/><D50/><U25/><E118/><V115/><F115/><W56/><G49/><T7/><D123/><U26/><E116/><V31/><F31/><W29/><G29/><T124/><D121/><U12/><E119/><V41/><F41/><W108/><G108/><T14/><D124/><U127/><E127/><V111/><F111/><W114/><G114/><T17/><D4/><U36/><E122/><V37/><F37/><W11/><G67/><T60/><D60/><U113/><E36/><V43/><F43/><W61/><G66/><T100/><D7/><U98/><E120/><V125/><F125/><W47/><G65/><T104/><D17/><U3/><E113/><V129/><F129/><W80/><G64/><T134/><D134/><U99/><E73/><V117/><F117/><W69/><G61/><T54/><D18/><N who="1" m="8471" /><E82/><V103/><F103/><W105/><G101/><T45/><D100/><RYUUKYOKU ba="0,1" sc="297,-15,219,15,103,15,371,-15" hai1="3,5,9,25,26,51,52,59,98,99" hai2="6,8,23,27,28,33,34,77,78,79,84,88,94" /><INIT seed="6,1,1,5,2,51" ten="282,234,118,356" oya="2" hai0="39,48,77,109,31,47,60,16,134,112,38,98,57" hai1="76,97,92,99,126,118,43,110,2,10,14,28,135" hai2="113,81,83,79,44,61,73,101,90,72,5,4,106" hai3="54,94,59,32,78,21,104,117,86,131,103,84,37"/><V12/><F113/><W69/><G32/><T56/><D109/><U119/><E2/><V89/><F44/><W91/><G69/><T40/><D134/><U55/><E110/><V105/><F61/><W125/><G37/><T127/><D127/><U30/><E135/><V85/><F12/><W52/><G117/><T49/><D31/><U123/><E126/><V29/><F29/><W128/><G125/><T19/><D77/><U124/><E124/><V114/><F114/><W53/><G21/><T82/><D82/><U129/><E43/><V20/><F20/><W42/><G42/><T27/><D112/><U68/><E68/><V115/><F115/><W111/><G111/><T18/><D98/><U95/><E14/><V62/><F62/><W22/><G22/><T130/><D130/><N who="3" m="49705" /><G103/><T93/><D93/><U65/><E129/><V46/><F46/><W23/><G23/><T100/><D100/><U74/><E10/><V36/><F36/><W96/><G104/><N who="2" m="40041" /><F101/><W17/><G17/><T11/><D27/><U87/><E30/><V3/><F4/><W71/><G71/><T80/><D11/><U0/><E28/><V34/><F34/><W132/><G132/><T120/><D39/><U7/><E7/><V108/><F108/><W41/><G41/><T6/><D6/><U50/><E0/><V102/><F102/><W63/><G78/><T25/><D25/><U66/><E118/><V88/><F83/><W67/><AGARI ba="1,1" hai="52,53,54,59,63,67,84,86,91,94,96" m="49705" machi="67" ten="30,8000,1" yaku="19,1,52,3,54,1" doraHai="51" who="3" fromWho="3" sc="282,-21,234,-21,118,-41,356,93" /><INIT seed="7,0,0,3,1,99" ten="261,213,77,449" oya="3" hai0="30,7,1,111,62,3,80,50,110,79,131,65,73" hai1="47,77,21,127,5,92,4,17,12,26,88,31,45" hai2="46,2,102,42,58,112,51,93,24,11,113,70,14" hai3="60,15,69,53,49,96,83,38,120,16,95,25,87"/><W63/><G38/><T18/><D50/><U6/><E77/><V108/><F70/><W133/><G69/><N who="0" m="42167" /><D18/><U33/><E127/><V28/><F108/><W123/><G25/><T76/><D131/><U13/><E13/><V20/><F2/><N who="0" m="522" /><D7/><U35/><E35/><V116/><F116/><W55/><G133/><T39/><D30/><U89/><E89/><V34/><F34/><W68/><G68/><T75/><D39/><U8/><E33/><V10/><F58/><W81/><G81/><AGARI ba="0,0" hai="73,75,76,79,80,81,110,111" m="522,42167" machi="81" ten="30,1000,0" yaku="23,1" doraHai="99" who="0" fromWho="3" sc="261,10,213,0,77,0,449,-10" owari="271,7.0,213,-19.0,77,-42.0,439,54.0" /></mjloggm>