<mjloggm ver="2.3"><GO type="41" lobby="0"/><UN n0="%E3%82%A2%E3%83%B3%E3%82%B8%E3%82%A7%E3%83%AA%E3%83%BC%E3%83%8A" n1="%6B%6B%73%6B%6D%74%74" n2="%74%75%6F%6D%75%32" n3="%E5%B0%B1%E6%B4%BB%E7%94%9F%40%E5%B7%9D%E6%9D%91%E8%BB%8D%E5%9B%A3" dan="13,13,14,17" rate="1875.97,1876.80,1983.65,2078.49" sx="F,M,M,M"/><TAIKYOKU oya="0"/><INIT seed="0,0,0,1,5,48" ten="250,250,250,250" oya="0" hai0="68,45,69,21,116,63,112,24,128,61,78,30,80" hai1="3,110,124,94,14,133,12,104,98,67,20,56,74" hai2="40,36,122,18,51,88,109,33,76,11,32,23,114" hai3="43,35,41,64,25,0,34,92,90,8,95,17,54"/><T127/><D112/><U46/><E74/><V123/><F114/><W6/><G64/><T9/><D116/><U75/><E124/><V108/><F36/><W37/><G35/><T113/><D113/><U126/><E110/><N who="2" m="42603" /><F76/><W119/><G119/><T55/><D127/><U62/><E126/><V135/><F11/><W86/><G37/><T129/><D9/><U130/><E130/><N who="0" m="50281" /><D63/><U5/><E133/><V97/><F135/><W38/><G38/><T79/><D79/><U77/><E104/><V10/><F10/><W2/><G2/><T4/><D4/><U118/><E118/><V82/><F40/><W27/><G27/><T102/><D102/><U19/><E3/><V50/><F33/><W71/><G71/><T47/><D47/><U42/><E5/><V89/><F32/><W103/><G34/><T99/><D99/><U93/><E93/><N who="2" m="56487" /><F89/><W87/><G103/><T22/><D21/><U44/><E77/><V60/><F60/><W73/><G73/><N who="0" m="43087" /><D61/><U132/><E132/><V107/><F107/><W91/><G0/><T53/><D45/><N who="1" m="17515" /><E75/><V13/><F82/><W72/><G6/><T49/><D49/><AGARI ba="0,0" hai="13,18,23,49,50,51,122,123" m="56487,42603" machi="49" ten="30,2000,0" yaku="14,1,54,1" doraHai="48" who="2" fromWho="0" sc="250,-20,250,0,250,20,250,0" /><INIT seed="1,0,0,1,3,61" ten="230,250,270,250" oya="1" hai0="114,56,101,70,55,32,49,37,121,9,91,33,120" hai1="108,45,89,41,130,48,40,46,109,134,51,99,73" hai2="133,7,82,132,67,43,129,14,20,135,34,84,100" hai3="54,75,112,64,13,71,79,104,39,47,102,128,19"/><U62/><E73/><V12/><F34/><W92/><G112/><T87/><D114/><U60/><E89/><V26/><F43/><N who="1" m="16457" /><E99/><V77/><F129/><W95/><G104/><T38/><D101/><U125/><E125/><V118/><F118/><W8/><G128/><T115/><D115/><U110/><E130/><V31/><F100/><W85/><G39/><T29/><D9/><U111/><E134/><V86/><F7/><W24/><G75/><T63/><D29/><U16/><N who="1" m="28160" /><DORA hai="97" /><U23/><E16/><N who="2" m="12551" /><F67/><W58/><G71/><T98/><D98/><U69/><E23/><V94/><F31/><W127/><G24/><T5/><D5/><U4/><E4/><V88/><AGARI ba="0,0" hai="12,14,77,82,84,86,88,94,132,133,135" m="12551" machi="88" ten="40,5200,0" yaku="20,1,54,2" doraHai="61,97" who="2" fromWho="2" sc="230,-13,250,-26,270,52,250,-13" /><INIT seed="2,0,0,3,4,81" ten="217,224,322,237" oya="2" hai0="74,114,61,53,21,84,82,68,97,8,62,20,27" hai1="71,89,60,35,123,90,11,14,10,19,130,64,72" hai2="51,9,63,41,134,125,3,79,78,105,93,47,122" hai3="25,44,57,55,120,2,85,91,73,86,65,69,32"/><V117/><F122/><W95/><G73/><T4/><D114/><U98/><E130/><V18/><F117/><W108/><G2/><T59/><D74/><U121/><E35/><V116/><F105/><W16/><G120/><T17/><D97/><U75/><E121/><V30/><F116/><W49/><G108/><T23/><D68/><U58/><E123/><V0/><F125/><W88/><G69/><T132/><D62/><U107/><E107/><V26/><F134/><W52/><G65/><T103/><D103/><U96/><E75/><V13/><F63/><N who="3" m="36263" /><G32/><T37/><D37/><U45/><E72/><V92/><F3/><W119/><G119/><T56/><D56/><U127/><E71/><V109/><F0/><W6/><G6/><T77/><D132/><U70/><E127/><V1/><F1/><AGARI ba="0,0" hai="1,4,8,17,20,21,23,27,53,59,61,77,82,84" machi="1" ten="30,2000,0" yaku="7,1,52,1" doraHai="81" who="0" fromWho="2" sc="217,20,224,0,322,-20,237,0" /><INIT seed="3,0,0,1,3,63" ten="237,224,302,237" oya="3" hai0="124,86,55,93,122,26,110,0,38,95,51,127,111" hai1="9,20,48,118,89,84,57,135,11,14,72,119,56" hai2="91,123,22,82,21,88,50,98,18,30,23,83,39" hai3="34,85,1,8,90,7,58,67,36,28,61,13,79"/><W35/><G36/><T126/><D38/><U64/><E72/><V112/><F39/><W49/><G79/><T70/><D0/><U2/><E2/><V125/><F112/><W92/><G28/><T74/><D74/><U33/><E33/><V104/><F125/><W25/><G25/><T47/><D122/><U94/><E135/><V107/><F123/><W77/><G1/><T31/><D86/><U32/><E32/><V42/><F30/><W102/><G77/><T17/><D17/><U12/><E20/><V15/><F107/><W60/><G102/><T6/><D6/><U16/><E48/><V132/><F132/><W121/><G121/><T71/><D95/><U40/><E40/><V97/><F104/><W87/><G87/><T129/><D93/><U52/><E52/><V37/><F37/><W115/><G115/><T108/><REACH who="0" step="1"/><D129/><REACH who="0" ten="227,224,302,237" step="2"/><U27/><E27/><V117/><F98/><W68/><REACH who="3" step="1"/><G49/><REACH who="3" ten="227,224,302,227" step="2"/><T114/><D114/><U96/><E119/><V54/><F117/><W131/><G131/><T4/><D4/><N who="1" m="3111" /><E118/><V99/><F50/><W69/><G69/><T59/><D59/><N who="1" m="22603" /><E96/><V66/><F99/><W120/><G120/><T24/><D24/><U10/><E10/><V106/><F97/><W44/><G44/><T134/><D134/><U41/><E41/><V80/><F42/><W65/><AGARI ba="0,2" hai="7,8,13,34,35,58,60,61,65,67,68,85,90,92" machi="65" ten="20,12000,1" yaku="1,1,0,1,7,1,52,2,53,0" doraHai="63" doraHaiUra="19" who="3" fromWho="3" sc="227,-40,224,-40,302,-40,227,140" /><INIT seed="3,1,0,3,0,117" ten="187,184,262,367" oya="3" hai0="52,81,107,72,55,57,80,65,66,123,41,101,73" hai1="90,71,85,50,100,56,59,68,33,11,27,63,60" hai2="19,122,17,75,3,20,37,40,128,108,113,49,130" hai3="12,79,105,36,46,116,13,92,115,61,118,76,9"/><W54/><G105/><T35/><D35/><U67/><E100/><V0/><F75/><W64/><G115/><T34/><D34/><U132/><E132/><V10/><F37/><W4/><G116/><T114/><D107/><U112/><E112/><V5/><F113/><W94/><G118/><T15/><D114/><U102/><E102/><V78/><F78/><W70/><G13/><T97/><D41/><U103/><E103/><V109/><F40/><W42/><G92/><N who="0" m="58535" /><D123/><U2/><E50/><V38/><F38/><W51/><REACH who="3" step="1"/><G94/><REACH who="3" ten="187,184,262,357" step="2"/><T69/><D69/><U120/><E120/><V53/><F122/><W126/><G126/><T25/><D72/><U87/><E71/><V95/><F95/><W119/><G119/><T28/><D73/><U84/><E68/><V14/><F0/><W21/><G21/><N who="0" m="15407" /><D15/><U31/><E2/><V48/><F3/><W32/><G32/><T104/><D104/><U29/><E11/><V133/><F20/><W62/><G62/><N who="0" m="38095" /><D66/><U45/><E31/><V23/><F23/><W89/><G89/><T44/><D44/><AGARI ba="1,1" hai="4,9,12,36,42,44,46,51,54,61,64,70,76,79" machi="44" ten="30,2900,0" yaku="1,1,7,1,53,0" doraHai="117" doraHaiUra="99" who="3" fromWho="0" sc="187,-32,184,0,262,0,357,42" /><INIT seed="3,2,0,4,4,7" ten="155,184,262,399" oya="3" hai0="95,94,106,135,103,133,100,10,63,74,108,55,70" hai1="85,114,27,28,68,82,38,81,123,104,79,83,89" hai2="25,120,67,132,86,119,125,62,47,2,80,42,29" hai3="97,87,118,36,37,111,17,121,98,128,129,20,51"/><W84/><G118/><T99/><D74/><U44/><E68/><V110/><F119/><W32/><G32/><T92/><D108/><U5/><E114/><V4/><F110/><W96/><G121/><T117/><D117/><U60/><E123/><V19/><F125/><W26/><G111/><T134/><D70/><U105/><E60/><V1/><F132/><W90/><G51/><T113/><D63/><U48/><E38/><V6/><F19/><W112/><G112/><T43/><D43/><U76/><E5/><V116/><F116/><W64/><G64/><T52/><D113/><U50/><E104/><V69/><F6/><W8/><G87/><T71/><D71/><U16/><E105/><V13/><F120/><W126/><G126/><T124/><D103/><U88/><E28/><V9/><F47/><W77/><G77/><N who="1" m="29770" /><E44/><V73/><F73/><W24/><G24/><T53/><D124/><U66/><E66/><V40/><F2/><W49/><G49/><N who="1" m="19050" /><E85/><V18/><F86/><W57/><G57/><T41/><D41/><U15/><E27/><V58/><F80/><N who="1" m="20481" /><U45/><DORA hai="109" /><E45/><V30/><F69/><W11/><G37/><T61/><D61/><U91/><E15/><V3/><F3/><W31/><G36/><T12/><D106/><U131/><E131/><N who="3" m="50250" /><G31/><T22/><D22/><U54/><E54/><N who="0" m="13825" /><T46/><DORA hai="65" /><D46/><U107/><E107/><V39/><F39/><W34/><G34/><T130/><D130/><U102/><E102/><V33/><F29/><W35/><G35/><T122/><D122/><U56/><E56/><V127/><F127/><RYUUKYOKU ba="2,0" sc="155,0,184,0,262,0,399,0" hai0="10,12,92,94,95,99,100,133,134,135" hai1="16,88,89,91" hai2="1,4,9,13,18,25,30,33,40,42,58,62,67" hai3="8,11,17,20,26,84,90,96,97,98" /><INIT seed="3,3,0,3,4,94" ten="155,184,262,399" oya="3" hai0="48,103,79,14,34,108,73,7,45,90,132,71,19" hai1="82,37,124,69,21,133,128,26,13,70,105,76,114" hai2="116,51,135,50,64,129,85,67,68,123,46,49,120" hai3="104,115,28,36,53,65,93,97,4,96,15,118,78"/><W16/><G118/><T86/><D71/><U134/><E114/><V59/><F116/><W130/><G36/><T22/><D34/><U10/><E37/><V62/><F85/><W38/><G38/><T109/><D132/><N who="1" m="50795" /><E105/><V106/><F106/><W122/><G104/><T1/><D73/><N who="1" m="43279" /><E124/><V92/><F135/><W29/><G4/><T31/><D79/><U24/><E128/><V12/><F12/><W60/><G78/><T17/><D17/><N who="1" m="12335" /><E26/><V117/><F117/><W56/><G115/><T75/><D75/><U43/><E43/><N who="2" m="24799" /><F92/><W91/><G130/><T84/><D31/><N who="3" m="11849" /><G65/><T41/><D1/><U25/><E25/><V98/><F129/><W44/><G44/><T39/><D7/><AGARI ba="3,0" hai="7,10,13,69,70" m="12335,43279,50795" machi="7" ten="30,1000,0" yaku="20,1" doraHai="94" who="1" fromWho="0" sc="155,-19,184,19,262,0,399,0" /><INIT seed="4,0,0,3,4,19" ten="136,203,262,399" oya="0" hai0="85,104,72,83,68,29,33,12,115,129,57,116,91" hai1="8,101,120,109,20,1,49,15,51,64,127,77,38" hai2="89,84,59,66,88,106,121,102,22,94,62,13,34" hai3="55,48,130,60,37,40,56,11,132,0,71,90,95"/><T80/><D116/><U47/><E120/><V122/><F34/><W70/><G130/><T26/><D68/><U43/><E109/><V134/><F134/><W3/><G132/><T9/><D115/><U16/><E127/><V126/><F126/><W78/><G78/><T6/><D129/><U97/><E64/><V5/><F106/><W75/><G75/><T114/><D114/><U79/><E38/><V42/><F42/><W44/><G11/><T119/><D119/><U107/><E1/><V23/><F122/><W124/><G124/><T25/><D104/><U82/><E82/><N who="2" m="49175" /><F102/><W133/><G133/><T117/><D117/><U99/><E99/><N who="2" m="57807" /><F121/><W61/><G61/><T30/><D57/><U35/><E35/><V110/><F110/><W112/><G112/><T108/><D108/><U4/><E51/><V31/><F31/><W24/><G71/><T52/><D72/><U105/><REACH who="1" step="1"/><E105/><REACH who="1" ten="136,193,262,399" step="2"/><V36/><F36/><W100/><G37/><T87/><D33/><U27/><AGARI ba="0,1" hai="4,8,15,16,20,27,43,47,49,77,79,97,101,107" machi="27" ten="20,12000,2" yaku="1,1,2,1,0,1,7,1,52,1,54,1,53,0" doraHai="19" doraHaiUra="111" who="1" fromWho="1" sc="136,-60,193,130,262,-30,399,-30" /><INIT seed="5,0,0,2,5,53" ten="76,323,232,369" oya="1" hai0="94,3,9,39,120,92,65,127,42,75,104,117,82" hai1="119,74,81,32,87,56,59,57,18,68,19,8,1" hai2="132,40,7,49,12,38,52,102,67,95,62,122,33" hai3="29,134,112,98,90,135,10,44,36,125,64,24,13"/><U83/><E119/><V69/><F122/><W16/><G112/><T23/><D117/><U77/><E68/><V80/><F33/><W60/><G125/><T85/><D104/><U11/><E32/><V126/><F126/><W20/><G36/><T123/><D127/><U78/><REACH who="1" step="1"/><E1/><REACH who="1" ten="76,313,232,369" step="2"/><V76/><F132/><W45/><G134/><T46/><D65/><U89/><E89/><V66/><F69/><W6/><G135/><T86/><D23/><U34/><E34/><V30/><F102/><W131/><G131/><T51/><D51/><U55/><E55/><V105/><F49/><W25/><G90/><T43/><D43/><U106/><E106/><V133/><F105/><W27/><G98/><T14/><D14/><U121/><E121/><N who="0" m="46665" /><D94/><U129/><E129/><V111/><F95/><W22/><G25/><T97/><D92/><U21/><E21/><V41/><F40/><W108/><G108/><T99/><D99/><U109/><E109/><V113/><F111/><W100/><G100/><T31/><D97/><U73/><E73/><V84/><F41/><W93/><G93/><T26/><D26/><U110/><E110/><V96/><F133/><W79/><G79/><N who="0" m="44415" /><D31/><U91/><E91/><V71/><F30/><W101/><G101/><T124/><D124/><U5/><E5/><AGARI ba="0,1" hai="3,5,9,39,42,46,85,86" m="44415,46665" machi="5" ten="30,2000,0" yaku="25,1,13,1" doraHai="53" who="0" fromWho="1" sc="76,30,313,-20,232,0,369,0" /><INIT seed="6,0,0,5,1,1" ten="106,293,232,369" oya="2" hai0="26,33,35,98,52,32,101,111,16,82,25,17,66" hai1="38,120,13,55,69,15,78,75,91,22,18,46,87" hai2="94,119,42,100,51,104,97,83,43,40,70,133,41" hai3="29,48,127,9,134,20,64,34,65,76,112,89,95"/><V121/><F121/><W54/><G34/><T12/><D66/><U62/><E120/><V4/><F119/><W19/><G112/><T10/><D111/><U99/><E75/><V80/><F70/><W71/><G71/><T23/><D82/><U49/><E78/><V31/><F133/><W88/><G76/><T8/><D98/><U11/><E99/><V124/><F124/><W96/><G134/><T132/><D101/><U85/><E38/><V0/><F31/><W27/><G127/><T110/><D110/><U135/><E135/><V92/><F104/><W131/><G131/><T47/><D132/><U68/><E62/><V86/><F92/><W45/><G89/><T36/><D36/><U73/><E85/><V5/><F0/><W72/><G72/><T53/><D47/><U30/><E30/><V61/><F61/><W123/><G123/><T14/><D52/><U50/><E50/><V115/><F115/><W79/><G79/><T28/><D53/><U113/><E73/><V44/><F80/><W122/><G122/><T116/><D116/><U56/><E46/><V117/><F117/><W90/><G90/><AGARI ba="0,0" hai="4,5,40,41,42,43,44,51,83,86,90,94,97,100" machi="90" ten="40,7700,0" yaku="8,1,52,2" doraHai="1" who="2" fromWho="3" sc="106,0,293,0,232,77,369,-77" /><INIT seed="6,1,0,5,1,59" ten="106,293,309,292" oya="2" hai0="57,73,60,11,18,1,130,112,126,86,99,27,37" hai1="122,38,132,46,120,51,93,111,84,66,110,71,102" hai2="129,41,9,29,117,0,88,55,92,74,30,67,69" hai3="114,123,108,118,98,26,94,40,107,76,90,16,89"/><V79/><F117/><W134/><G123/><N who="1" m="47146" /><E102/><V116/><F116/><W2/><G118/><T104/><D73/><U115/><E93/><V44/><F129/><W135/><G2/><T49/><D37/><U20/><E20/><V3/><F55/><W7/><G7/><T81/><D130/><U23/><E23/><V21/><F0/><W106/><G108/><N who="1" m="41514" /><E84/><V33/><F21/><N who="3" m="13607" /><G76/><T105/><D126/><U52/><E132/><N who="3" m="50730" /><G114/><T124/><D124/><U32/><E32/><V63/><F33/><W62/><G40/><T101/><D112/><U77/><E77/><V125/><F125/><W91/><G62/><T12/><D1/><U42/><E115/><V70/><F70/><W109/><G109/><T65/><D49/><U10/><E10/><V13/><F3/><W97/><G97/><T61/><D27/><U56/><E66/><V133/><F133/><W85/><G85/><T28/><D28/><U121/><N who="1" m="47154" /><U128/><DORA hai="45" /><E128/><V80/><F9/><W113/><G113/><T82/><D105/><AGARI ba="1,0" hai="89,90,91,94,98,105,106,107" m="50730,13607" machi="105" ten="30,2000,0" yaku="20,1,54,1" doraHai="59,45" who="3" fromWho="0" sc="106,-23,293,0,309,0,292,23" /><INIT seed="7,0,0,2,2,56" ten="83,293,309,315" oya="3" hai0="124,101,37,127,109,51,0,81,62,60,47,26,14" hai1="63,46,68,134,5,84,25,2,121,50,135,17,122" hai2="70,55,114,61,117,23,76,105,43,93,89,129,44" hai3="16,15,3,97,11,106,22,113,95,74,19,7,100"/><W29/><G74/><T13/><D109/><U27/><E84/><V8/><F117/><W67/><G113/><T10/><D37/><U118/><E2/><V48/><F105/><W28/><G67/><T75/><D0/><U88/><E5/><V82/><F114/><W52/><G106/><T119/><D119/><U103/><E103/><V123/><F129/><W73/><G73/><T54/><D101/><U30/><E17/><V133/><F133/><N who="1" m="50697" /><E118/><V64/><F123/><N who="1" m="47113" /><E30/><V104/><F104/><W111/><G111/><T115/><D26/><U98/><E50/><V41/><F8/><W20/><G52/><T99/><D99/><U77/><E77/><V38/><F23/><W39/><G39/><T45/><D115/><U42/><E42/><V78/><F43/><W57/><G57/><T87/><D75/><U40/><E46/><V110/><F110/><W85/><G85/><T31/><D14/><AGARI ba="0,0" hai="3,7,11,14,15,16,19,20,22,28,29,95,97,100" machi="14" ten="30,5800,0" yaku="7,1,9,1,54,1" doraHai="56" who="3" fromWho="0" sc="83,-58,293,0,309,0,315,58" owari="25,-47.0,293,-11.0,309,11.0,373,47.0" /></mjloggm>