<mjloggm ver="2.3"><GO type="97" lobby="0"/><UN n0="%EF%BC%BC%E6%A8%AA%E6%B5%9C%E2%98%85%E5%84%AA%E5%8B%9D%EF%BC%8F" n1="%72%65%65%66" n2="%E5%B0%B1%E6%B4%BB%E7%94%9F%40%E5%B7%9D%E6%9D%91%E8%BB%8D%E5%9B%A3" n3="%E9%B7%B2%E9%A0%AD%E6%A7%98" dan="14,14,15,13" rate="1921.72,1903.38,2067.84,1875.75" sx="F,M,M,M"/><TAIKYOKU oya="0"/><INIT seed="0,0,0,0,3,107" ten="250,250,250,250" oya="0" hai0="53,108,78,33,17,106,42,91,20,0,89,28,126" hai1="103,128,37,99,11,96,101,72,121,114,93,116,4" hai2="77,124,113,112,9,19,44,68,83,66,115,15,105" hai3="76,69,23,24,82,80,85,1,81,64,129,50,111"/><T131/><D0/><U12/><E116/><V7/><F124/><W135/><G1/><T84/><D106/><U120/><E128/><V27/><F105/><W73/><G129/><T70/><D70/><U39/><E114/><V127/><F127/><W32/><G32/><T22/><D131/><U35/><E35/><V25/><F7/><W79/><G135/><T38/><D33/><U3/><E3/><V8/><F8/><W57/><G69/><T122/><D122/><U60/><E60/><V97/><F97/><W132/><G132/><T58/><D108/><U5/><E72/><V88/><F44/><W109/><G64/><T47/><D126/><U125/><E125/><V46/><F46/><W13/><G13/><T10/><D10/><U130/><E130/><V87/><REACH who="2" step="1"/><F77/><REACH who="2" ten="250,250,240,250" step="2"/><W100/><G100/><T52/><D78/><U62/><E11/><V74/><F74/><W104/><G104/><T30/><D47/><U14/><E93/><V45/><F45/><W90/><G57/><T134/><D42/><U71/><E62/><AGARI ba="0,1" hai="9,15,19,25,27,62,66,68,83,87,88,112,113,115" machi="62" ten="40,2600,0" yaku="1,1,54,1,53,0" doraHai="107" doraHaiUra="48" who="2" fromWho="1" sc="250,0,250,-26,240,36,250,0" /><INIT seed="1,0,0,3,2,15" ten="250,224,276,250" oya="1" hai0="55,62,24,110,100,56,113,34,75,133,90,20,4" hai1="13,98,94,86,109,102,28,68,59,23,48,132,119" hai2="33,11,53,99,106,107,54,43,12,49,31,128,36" hai3="45,1,105,131,0,127,27,130,125,18,64,65,101"/><U52/><E119/><V70/><F70/><W89/><G45/><T118/><D113/><U108/><E68/><V38/><F128/><N who="3" m="49195" /><G89/><T6/><D75/><U16/><E132/><V73/><F73/><W78/><G78/><T57/><D133/><U126/><E126/><N who="3" m="48138" /><G101/><T47/><D110/><N who="1" m="42603" /><E28/><V77/><F77/><W112/><G105/><T60/><D34/><U82/><E86/><V3/><F3/><N who="3" m="1099" /><G112/><T42/><D100/><U124/><E124/><V96/><F96/><W44/><G44/><T111/><D111/><U76/><E76/><V121/><F99/><W2/><N who="3" m="1107" /><W40/><DORA hai="51" /><G40/><T88/><D118/><U95/><E82/><V81/><F81/><W22/><AGARI ba="0,0" hai="18,22,27,64,65" m="1107,48138,49195" machi="22" ten="50,6400,0" yaku="19,1,18,1,52,1" doraHai="15,51" who="3" fromWho="3" sc="250,-16,224,-32,276,-16,250,64" /><INIT seed="2,0,0,1,5,39" ten="234,192,260,314" oya="2" hai0="47,20,45,49,101,134,22,66,105,28,44,14,2" hai1="95,15,40,128,117,57,119,17,8,135,65,55,77" hai2="13,132,88,4,114,29,118,109,92,84,26,12,42" hai3="102,111,64,129,108,79,50,32,71,126,11,133,51"/><V1/><F118/><W53/><G133/><T99/><D2/><U69/><E128/><V85/><F114/><W10/><G129/><T0/><D0/><U98/><E135/><V89/><F132/><W52/><G126/><T41/><D134/><U18/><E77/><V91/><F109/><W30/><G79/><T113/><D113/><U58/><E69/><V115/><F115/><W43/><G102/><T68/><D22/><U16/><E65/><V120/><F120/><W31/><G43/><T81/><D81/><U27/><E40/><V19/><F42/><W63/><G32/><T61/><REACH who="0" step="1"/><D14/><REACH who="0" ten="224,192,260,314" step="2"/><U106/><E119/><V123/><F123/><W80/><G80/><T100/><D100/><N who="1" m="60511" /><E117/><V5/><F1/><W116/><G116/><T78/><D78/><U23/><E106/><V75/><F75/><W38/><G38/><T107/><D107/><U54/><E18/><V70/><F12/><W24/><G24/><AGARI ba="0,1" hai="20,24,28,41,44,45,47,49,61,66,68,99,101,105" machi="24" ten="40,2600,0" yaku="1,1,52,1,53,0" doraHai="39" doraHaiUra="122" who="0" fromWho="3" sc="224,36,192,0,260,0,314,-26" /><INIT seed="3,0,0,2,4,75" ten="260,192,260,288" oya="3" hai0="82,55,50,85,51,65,100,67,16,113,97,115,135" hai1="134,22,71,105,21,83,38,130,57,9,64,29,127" hai2="98,33,2,94,123,6,25,119,41,49,99,20,80" hai3="63,62,4,121,45,86,73,32,112,0,1,3,10"/><W69/><G121/><T90/><D135/><U54/><E134/><V76/><F119/><W106/><G73/><T68/><D68/><U74/><E105/><V52/><F33/><W23/><G112/><N who="0" m="43083" /><D51/><U96/><E38/><V31/><F123/><W8/><G106/><N who="0" m="63759" /><D16/><U53/><E71/><V84/><F41/><W28/><G69/><T13/><D13/><U120/><E120/><V78/><F6/><W87/><G45/><AGARI ba="0,0" hai="45,50,55,65,67,82,85,90" m="63759,43083" machi="45" ten="30,1000,0" yaku="11,1" doraHai="75" who="0" fromWho="3" sc="260,10,192,0,260,0,288,-10" /><INIT seed="4,0,0,3,2,86" ten="270,192,260,278" oya="0" hai0="50,40,134,43,57,117,63,29,54,45,77,78,0" hai1="5,49,69,32,115,85,91,36,87,101,73,21,56" hai2="104,65,39,80,11,105,41,7,112,79,84,67,118" hai3="68,52,120,9,19,2,110,47,70,62,14,16,26"/><T111/><D117/><U128/><E32/><V60/><F118/><W33/><G110/><T59/><D0/><U102/><E69/><V22/><F112/><W133/><G120/><T76/><D111/><U37/><E73/><V92/><F65/><W6/><G133/><T93/><D134/><U13/><E37/><V51/><F39/><W82/><G82/><T1/><D1/><U48/><E36/><V25/><F92/><W74/><G74/><T81/><D29/><U35/><E35/><V34/><F34/><W4/><G4/><T28/><D28/><U122/><E122/><V96/><F96/><W123/><G123/><T103/><D103/><N who="1" m="39435" /><E128/><V113/><F113/><W90/><G90/><T108/><D108/><U30/><E115/><V132/><F132/><W12/><G26/><T64/><D93/><N who="1" m="54511" /><E56/><V99/><F99/><W98/><G33/><T55/><REACH who="0" step="1"/><D81/><REACH who="0" ten="260,192,260,278" step="2"/><U116/><E116/><V107/><F107/><W20/><G98/><T125/><D125/><U119/><E119/><V61/><F104/><W71/><G47/><T31/><D31/><U127/><E127/><V42/><F105/><W89/><G89/><T95/><D95/><U10/><E87/><V124/><F124/><W8/><REACH who="3" step="1"/><G52/><REACH who="3" ten="260,192,260,268" step="2"/><T94/><D94/><U38/><E38/><V114/><F80/><W18/><G18/><T97/><D97/><U24/><AGARI ba="0,2" hai="5,10,13,21,24,30,48,49" m="54511,39435" machi="24" ten="30,2000,0" yaku="8,1,52,1" doraHai="86" who="1" fromWho="1" sc="260,-10,192,40,260,-5,268,-5" /><INIT seed="5,0,0,5,0,35" ten="250,232,255,263" oya="1" hai0="81,16,27,116,130,47,109,74,85,66,80,5,69" hai1="71,0,135,39,45,56,120,68,124,12,78,110,90" hai2="37,106,132,53,10,34,41,100,127,13,15,19,23" hai3="46,114,62,102,7,76,38,21,43,95,72,75,50"/><U117/><E117/><V44/><F34/><W88/><G114/><T9/><D116/><U105/><E120/><V83/><F127/><W57/><G102/><T113/><D109/><U133/><E124/><V122/><F132/><N who="1" m="50761" /><E105/><V70/><F70/><W20/><G7/><T118/><D113/><U131/><E131/><V31/><F122/><W17/><G38/><T55/><D130/><U51/><E110/><V6/><F31/><W89/><G89/><T32/><D74/><U123/><E123/><V77/><F53/><W94/><G94/><T63/><D85/><U103/><E103/><V73/><F100/><W33/><G33/><T96/><D96/><U111/><E111/><V22/><F106/><W104/><G104/><T36/><D118/><U112/><E112/><V121/><F121/><W52/><G76/><T91/><D91/><U8/><E78/><V54/><F54/><W79/><G79/><T97/><D97/><U107/><E107/><V2/><REACH who="2" step="1"/><F23/><REACH who="2" ten="250,232,245,263" step="2"/><W128/><G128/><T101/><D101/><U4/><E90/><V99/><F99/><W28/><G28/><N who="0" m="19487" /><D55/><N who="1" m="31871" /><E0/><AGARI ba="0,1" hai="0,2,6,10,13,15,19,22,37,41,44,73,77,83" machi="0" ten="40,5200,0" yaku="1,1,52,2,53,0" doraHai="35" doraHaiUra="60" who="2" fromWho="1" sc="250,0,232,-52,245,62,263,0" owari="250,-15.0,180,-32.0,307,41.0,263,6.0" /></mjloggm>