<mjloggm ver="2.3"><GO type="169" lobby="0"/><UN n0="%E3%82%A6%E3%83%AB%E3%83%88%E3%83%A9%E7%AB%8B%E7%9B%B4" n1="%79%6F%73%68%69%67%69" n2="%E7%B7%8B%E7%89%A1%E4%B8%B9%E3%83%90%E3%83%AB%E3%82%AB%E3%83%B3" n3="%E3%81%93%E3%82%8C%E3%81%AF%E6%95%99%E8%82%B2%E3%82%84%E3%82%8D%E3%81%AA" dan="18,16,16,16" rate="2194.44,2112.82,2054.08,2064.88" sx="M,M,M,M"/><TAIKYOKU oya="0"/><INIT seed="0,0,0,1,2,75" ten="250,250,250,250" oya="0" hai0="80,53,52,133,91,98,71,10,79,54,108,37,107" hai1="12,30,0,126,131,85,121,56,65,50,118,28,113" hai2="95,84,92,86,127,57,34,67,33,104,119,110,81" hai3="61,45,17,94,43,100,112,69,125,96,36,115,9"/><T55/><D133/><U87/><E118/><V44/><F104/><W120/><G125/><T14/><D108/><U3/><E121/><V41/><F127/><W73/><G73/><T122/><D122/><U72/><E126/><V46/><F119/><W2/><G120/><T99/><D71/><U93/><E72/><V19/><F110/><W38/><G38/><T8/><D37/><U111/><E111/><V117/><F19/><W51/><G36/><T13/><N who="0" m="13312" /><DORA hai="32" /><T27/><D27/><U49/><E56/><V102/><F102/><W101/><G101/><T78/><D107/><U106/><E106/><V90/><F41/><W64/><REACH who="3" step="1"/><G17/><REACH who="3" ten="250,250,250,240" step="2"/><N who="0" m="8359" /><D99/><U109/><E109/><V76/><F117/><W58/><G58/><T130/><D130/><U123/><E123/><V132/><F57/><W63/><G63/><T135/><D135/><U60/><E131/><V89/><F132/><W70/><G70/><T29/><D29/><U20/><E60/><V74/><F44/><W62/><G62/><T116/><D116/><U47/><E30/><V42/><F67/><W6/><AGARI ba="0,1" hai="2,6,9,43,45,51,61,64,69,94,96,100,112,115" machi="6" ten="30,4000,0" yaku="1,1,0,1,52,1,53,0" doraHai="75,32" doraHaiUra="16,82" who="3" fromWho="3" sc="250,-20,250,-10,250,-10,240,50" /><INIT seed="1,0,0,2,0,97" ten="230,240,240,290" oya="1" hai0="16,118,71,132,23,11,62,120,25,135,18,41,102" hai1="22,57,98,115,110,123,100,48,117,32,101,29,65" hai2="15,76,5,19,54,86,36,89,82,27,53,12,14" hai3="35,112,90,105,37,70,58,26,129,106,119,4,49"/><U109/><E117/><V131/><F36/><W42/><G37/><T94/><D41/><U134/><E123/><V46/><F131/><W128/><G119/><T121/><D118/><U60/><E115/><V93/><F5/><W130/><G112/><T72/><D72/><U80/><E134/><N who="0" m="51241" /><D62/><U66/><E32/><V63/><F27/><W107/><G70/><T52/><D52/><N who="2" m="20074" /><F63/><W9/><G58/><T87/><D71/><U13/><E48/><V45/><F19/><W133/><G133/><T79/><D79/><U64/><E80/><V111/><F111/><N who="1" m="42505" /><E98/><AGARI ba="0,0" hai="12,14,15,45,46,76,82,86,89,93,98" m="20074" machi="98" ten="30,2000,0" yaku="8,1,54,1" doraHai="97" who="2" fromWho="1" sc="230,0,240,-20,240,20,290,0" /><INIT seed="2,0,0,4,2,23" ten="230,220,260,290" oya="2" hai0="119,121,87,101,74,32,25,132,128,134,46,127,14" hai1="66,12,106,85,65,39,35,75,9,123,107,133,72" hai2="36,112,135,27,91,0,70,89,6,83,93,18,118" hai3="109,31,15,4,110,100,53,19,8,57,30,80,58"/><V67/><F36/><W78/><G100/><T114/><D101/><U40/><E35/><V52/><F112/><W47/><G47/><T116/><D74/><U82/><E133/><N who="0" m="51305" /><D114/><U42/><E123/><V108/><F118/><N who="0" m="45098" /><D121/><U13/><E85/><V2/><F108/><N who="3" m="41579" /><G4/><T88/><D127/><U64/><E82/><V84/><F6/><W5/><G5/><T38/><D14/><N who="1" m="5739" /><E9/><V41/><F0/><W68/><G68/><T48/><D38/><U54/><E54/><V11/><F52/><W103/><G103/><T96/><D96/><U99/><E99/><V60/><F2/><W26/><G53/><T77/><D77/><U130/><E130/><V51/><F135/><W10/><G10/><T76/><D76/><U37/><E37/><V94/><F11/><W45/><G45/><T50/><D46/><U21/><E21/><V131/><F131/><W73/><G31/><N who="0" m="19567" /><D128/><U95/><E95/><AGARI ba="0,0" hai="48,50,87,88,95" m="19567,45098,51305" machi="95" ten="30,7700,0" yaku="20,1,12,1,52,1,54,1" doraHai="23" who="0" fromWho="1" sc="230,77,220,-77,260,0,290,0" /><INIT seed="3,0,0,3,3,20" ten="307,143,260,290" oya="3" hai0="68,85,5,134,107,70,42,135,26,101,50,55,14" hai1="30,69,105,61,13,131,54,12,44,122,4,132,124" hai2="9,82,130,80,39,51,81,126,121,88,98,63,120" hai3="106,118,59,32,92,102,64,6,123,125,56,110,76"/><W2/><G118/><T99/><D42/><U0/><E122/><V40/><F39/><W65/><G106/><T17/><D85/><U89/><E105/><V90/><F130/><W8/><G32/><T36/><D36/><U38/><E131/><V77/><F77/><W67/><G123/><T1/><D5/><U78/><E124/><V96/><F9/><W33/><G33/><T25/><D1/><U15/><E132/><N who="0" m="50729" /><D68/><U73/><E30/><V58/><F126/><W75/><G125/><T108/><D70/><U24/><E89/><N who="2" m="34411" /><F121/><W29/><G29/><T104/><D104/><U84/><E84/><V7/><F7/><W11/><G11/><N who="0" m="6367" /><D108/><U129/><E129/><V103/><F103/><W87/><G110/><T116/><D116/><U93/><E93/><V23/><F120/><W52/><G75/><T83/><D83/><N who="1" m="45519" /><E69/><V22/><F96/><W95/><G87/><T49/><D49/><U3/><E54/><V57/><F98/><W79/><G52/><T133/><N who="0" m="50737" /><T48/><DORA hai="45" /><D48/><U113/><E61/><V47/><F58/><AGARI ba="0,0" hai="25,26,50,55,58,99,101,107" m="6367,50737" machi="58" ten="40,8000,1" yaku="20,1,52,3" doraHai="20,45" who="0" fromWho="2" sc="307,80,143,0,260,-80,290,0" /><INIT seed="4,0,0,1,2,107" ten="387,143,180,290" oya="0" hai0="82,85,95,115,32,99,59,83,127,50,9,126,67" hai1="68,65,72,114,23,51,118,22,77,88,56,111,35" hai2="123,4,74,57,31,30,48,132,12,47,10,34,55" hai3="28,38,102,90,79,66,13,100,36,26,41,75,43"/><T33/><D115/><U46/><E118/><V94/><F123/><W117/><G117/><T78/><D9/><U5/><E111/><V81/><F132/><W129/><G66/><T106/><D106/><U53/><E35/><V8/><F8/><W2/><G2/><T69/><D69/><U128/><E128/><V61/><F94/><W21/><G129/><T58/><D83/><U103/><E103/><V122/><F34/><W87/><G79/><T19/><D19/><U70/><E114/><V11/><F11/><W116/><G75/><T52/><D59/><U91/><E5/><V40/><REACH who="2" step="1"/><F122/><REACH who="2" ten="387,143,170,290" step="2"/><W24/><G116/><T112/><D112/><U97/><E70/><V86/><F86/><W14/><G87/><T64/><D33/><U93/><E68/><V113/><F113/><W49/><G21/><T133/><D32/><U62/><REACH who="1" step="1"/><E91/><REACH who="1" ten="387,133,170,290" step="2"/><V60/><F60/><W131/><G90/><N who="0" m="55799" /><D133/><U80/><AGARI ba="0,2" hai="22,23,46,51,53,56,62,65,72,77,80,88,93,97" machi="80" ten="30,7900,0" yaku="1,1,0,1,52,1,54,1,53,0" doraHai="107" doraHaiUra="71" who="1" fromWho="1" sc="387,-39,133,99,170,-20,290,-20" /><INIT seed="5,0,0,0,4,11" ten="348,232,150,270" oya="1" hai0="102,55,95,61,28,112,37,85,38,134,97,96,21" hai1="83,106,103,70,94,76,91,78,111,17,19,60,59" hai2="1,30,4,65,2,116,27,32,31,84,68,86,72" hai3="92,123,14,126,51,36,130,40,0,66,107,26,47"/><U16/><E70/><V49/><F72/><W77/><G107/><T6/><D134/><U12/><E111/><V89/><F86/><W5/><G0/><T121/><D112/><U3/><E3/><V15/><F116/><W105/><G123/><T56/><D6/><U125/><E125/><V13/><F31/><W98/><G105/><T64/><D97/><N who="1" m="57567" /><E103/><V104/><F104/><W117/><G36/><T24/><D121/><U50/><E106/><V48/><F65/><W79/><G130/><T90/><REACH who="0" step="1"/><D55/><REACH who="0" ten="338,232,150,270" step="2"/><N who="1" m="32247" /><E60/><V18/><F4/><W129/><G5/><T93/><AGARI ba="0,1" hai="21,24,28,37,38,56,61,64,85,90,93,95,96,102" machi="93" ten="20,8000,1" yaku="1,1,0,1,7,1,25,2,53,0" doraHai="11" doraHaiUra="45" who="0" fromWho="0" sc="338,90,232,-40,150,-20,270,-20" /><INIT seed="6,0,0,5,5,108" ten="428,192,130,250" oya="2" hai0="63,6,20,49,16,26,72,128,12,124,116,96,106" hai1="15,94,133,50,9,69,114,41,39,25,70,33,105" hai2="42,58,10,121,65,117,93,38,64,76,7,44,77" hai3="54,111,53,91,68,98,51,82,79,11,97,4,61"/><V119/><F121/><W35/><G35/><T22/><D72/><U1/><E105/><V56/><F93/><W107/><G111/><T3/><D63/><U57/><E39/><V55/><F58/><W86/><G68/><T8/><D49/><U125/><E1/><V60/><F119/><W130/><G130/><T52/><D52/><U110/><E110/><V59/><F117/><W126/><G126/><T46/><D46/><U13/><E125/><V103/><F103/><W101/><G98/><T37/><D37/><U2/><E133/><V78/><REACH who="2" step="1"/><F59/><REACH who="2" ten="428,192,120,250" step="2"/><W132/><G101/><T71/><D116/><U74/><E94/><V102/><F102/><W23/><G107/><T115/><D106/><U67/><E70/><V81/><F81/><W27/><G82/><T89/><D71/><U5/><E69/><V87/><F87/><W83/><G83/><T17/><D124/><U14/><E57/><V24/><F24/><W129/><G27/><T100/><D100/><U40/><E25/><V48/><F48/><W99/><G51/><T92/><D128/><U90/><E50/><V85/><F85/><W45/><G86/><T73/><D73/><U31/><E74/><V0/><AGARI ba="0,1" hai="0,7,10,38,42,44,55,56,60,64,65,76,77,78" machi="0" ten="30,3000,0" yaku="1,1,0,1,53,0" doraHai="108" doraHaiUra="120" who="2" fromWho="2" sc="428,-10,192,-10,120,40,250,-10" /><INIT seed="6,1,0,2,5,114" ten="418,182,160,240" oya="2" hai0="21,53,50,71,3,43,34,37,28,38,109,17,128" hai1="59,72,89,66,35,86,84,106,117,31,80,132,20" hai2="40,70,104,78,23,129,127,57,19,125,56,36,73" hai3="98,5,33,4,22,81,6,29,118,13,1,108,97"/><V88/><F104/><W121/><G118/><T103/><D109/><U99/><E35/><V15/><F70/><W126/><G33/><T87/><D103/><U39/><E39/><V102/><F102/><W110/><G1/><T9/><D43/><U52/><E66/><V75/><F129/><W85/><G121/><T45/><D87/><U131/><E131/><V10/><F10/><W51/><G126/><N who="2" m="48137" /><F88/><N who="3" m="51247" /><G108/><T135/><D135/><U69/><E117/><V123/><F123/><W96/><G110/><T122/><D128/><U41/><E132/><V119/><F119/><W120/><G120/><T54/><D54/><U0/><E69/><V115/><F115/><W12/><G51/><T55/><D55/><U94/><E52/><V46/><F78/><W112/><G112/><T7/><D71/><U74/><E106/><V134/><F134/><W91/><G91/><T24/><D122/><U16/><E89/><V48/><F36/><W44/><G44/><T27/><AGARI ba="1,0" hai="3,7,9,17,21,24,27,28,34,37,38,45,50,53" machi="27" ten="20,1500,0" yaku="0,1,7,1" doraHai="114" who="0" fromWho="0" sc="418,18,182,-5,160,-8,240,-5" /><INIT seed="7,0,0,0,1,55" ten="436,177,152,235" oya="3" hai0="21,36,84,105,54,52,60,16,45,66,120,67,1" hai1="95,83,37,86,27,42,74,53,7,104,75,90,131" hai2="112,127,133,73,77,62,56,63,50,71,41,39,51" hai3="115,4,34,48,28,110,33,12,10,59,49,114,43"/><W46/><G28/><T47/><D105/><U78/><E131/><V72/><F77/><W122/><G122/><T9/><D120/><U117/><E117/><V3/><F3/><W113/><G110/><T134/><D134/><U18/><E7/><V70/><F133/><W101/><G101/><T100/><D100/><U15/><E27/><V108/><F108/><W5/><G5/><T20/><D1/><U123/><E123/><V23/><F23/><N who="0" m="8778" /><D36/><U129/><E129/><V35/><F35/><W126/><G126/><T111/><D111/><U81/><E104/><V106/><F106/><W128/><G128/><T61/><D84/><U116/><E116/><V38/><F112/><W25/><G25/><T119/><D119/><U85/><E53/><AGARI ba="0,0" hai="4,10,12,33,34,43,46,48,49,53,59,113,114,115" machi="53" ten="40,3900,0" yaku="15,1,52,1" doraHai="55" who="3" fromWho="1" sc="436,0,177,-39,152,0,235,39" /><INIT seed="7,1,0,0,5,74" ten="436,138,152,274" oya="3" hai0="6,7,58,22,105,60,47,107,116,49,32,25,13" hai1="119,104,134,112,92,28,46,115,132,106,44,3,84" hai2="124,90,5,21,129,73,37,101,68,54,79,45,93" hai3="81,122,31,42,39,9,33,51,83,41,135,40,4"/><W91/><G122/><T108/><D32/><U55/><E3/><V114/><F68/><W94/><G39/><T24/><D108/><U67/><E67/><V30/><F114/><N who="1" m="43561" /><E28/><V77/><F37/><W82/><G135/><N who="1" m="51754" /><E119/><V100/><F5/><N who="0" m="1546" /><D107/><N who="1" m="41003" /><E55/><V88/><F129/><W126/><G126/><T53/><D105/><U61/><E61/><V20/><F124/><W80/><G31/><T15/><D116/><U87/><E92/><V16/><F73/><W70/><G70/><T18/><D15/><U69/><E69/><V62/><F30/><W131/><G131/><T0/><D0/><U50/><E50/><V59/><F45/><AGARI ba="1,0" hai="44,45,46,84,87" m="41003,51754,43561" machi="45" ten="40,8000,1" yaku="28,2,15,1,20,1" doraHai="74" who="1" fromWho="2" sc="436,0,138,83,152,-83,274,0" owari="436,54.0,221,-18.0,69,-43.0,274,7.0" /></mjloggm>