<mjloggm ver="2.3"><GO type="41" lobby="0"/><UN n0="%E6%98%8E%E6%97%A5%E8%91%89" n1="%E3%83%AC%E3%83%90%E3%83%8B%E3%83%A9%E3%83%AC%E3%83%90" n2="%E5%B0%B1%E6%B4%BB%E7%94%9F%40%E5%B7%9D%E6%9D%91%E8%BB%8D%E5%9B%A3" n3="%33%7A%75" dan="14,15,16,14" rate="1924.45,1990.07,2068.82,1886.25" sx="M,M,M,F"/><TAIKYOKU oya="0"/><INIT seed="0,0,0,3,2,135" ten="250,250,250,250" oya="0" hai0="26,27,62,20,36,39,18,22,99,91,87,116,126" hai1="134,66,117,6,15,102,48,80,68,44,42,109,85" hai2="45,67,3,127,53,107,119,61,13,31,9,108,60" hai3="95,83,50,71,54,0,43,77,51,63,21,19,115"/><T93/><D126/><U25/><E117/><V17/><F3/><W79/><G0/><T123/><D123/><U121/><E121/><V106/><F127/><W52/><G115/><T96/><D116/><U122/><E122/><V28/><F119/><W32/><G32/><T40/><D40/><U110/><E134/><V37/><F108/><W1/><G1/><T72/><D72/><U70/><E102/><V7/><F107/><W5/><G5/><T75/><D75/><U105/><E105/><V97/><F106/><W58/><G43/><T92/><D62/><U78/><E25/><V47/><F97/><W100/><G71/><T90/><REACH who="0" step="1"/><D87/><REACH who="0" ten="240,250,250,250" step="2"/><U49/><E110/><V89/><F37/><W56/><G63/><T65/><D65/><U130/><E66/><V23/><F60/><W120/><G120/><T8/><D8/><U73/><E73/><V84/><F53/><W11/><G11/><T10/><D10/><U82/><E85/><V128/><F128/><W104/><G104/><T133/><D133/><U55/><E42/><V57/><F31/><AGARI ba="0,1" hai="18,20,22,26,27,31,36,39,90,91,92,93,96,99" machi="31" ten="30,5800,0" yaku="1,1,7,1,9,1,53,0" doraHai="135" doraHaiUra="118" who="0" fromWho="2" sc="240,68,250,0,250,-58,250,0" /><INIT seed="0,1,0,2,0,84" ten="308,250,192,250" oya="0" hai0="24,96,19,63,72,129,17,118,100,52,85,30,64" hai1="27,107,59,79,46,38,88,126,49,15,99,106,13" hai2="108,71,120,48,12,25,61,123,87,134,57,54,40" hai3="44,50,67,39,93,33,81,86,121,131,31,3,8"/><T18/><D72/><U36/><E79/><V29/><F108/><W97/><G39/><T4/><D118/><U0/><E0/><V95/><F134/><W117/><G121/><T98/><D129/><U135/><E135/><V9/><F95/><W51/><G131/><T28/><D4/><U80/><E126/><V70/><F87/><W111/><G67/><T82/><D24/><U1/><E1/><V53/><F40/><W43/><G111/><T73/><D73/><U20/><E107/><V114/><F114/><W113/><G113/><T90/><D98/><U124/><E124/><V92/><F92/><W6/><G33/><T115/><D115/><U91/><E38/><V60/><F71/><W127/><G31/><T62/><D62/><U75/><E36/><V105/><F105/><W116/><G51/><T14/><D14/><U66/><E106/><V55/><F70/><W11/><G11/><T69/><REACH who="0" step="1"/><D52/><REACH who="0" ten="298,250,192,250" step="2"/><N who="1" m="29751" /><E75/><V47/><F54/><W7/><G7/><T58/><D58/><U32/><E99/><V37/><F60/><W2/><G2/><T26/><D26/><U122/><E122/><V119/><F119/><W132/><G132/><T83/><D83/><U45/><E80/><V41/><F120/><W78/><G127/><T76/><D76/><U5/><E5/><N who="2" m="3119" /><F123/><W74/><G74/><T10/><D10/><U94/><E13/><V101/><F101/><AGARI ba="1,1" hai="3,6,8,43,44,50,78,81,86,93,97,101,116,117" machi="101" ten="30,1000,0" yaku="7,1" doraHai="84" who="3" fromWho="2" sc="298,0,250,0,192,-13,250,23" /><INIT seed="1,0,0,5,5,52" ten="298,250,179,273" oya="1" hai0="4,25,130,94,37,121,116,87,49,79,60,20,57" hai1="21,74,39,41,24,61,120,90,76,72,18,32,68" hai2="54,55,108,19,78,84,112,5,85,62,96,133,58" hai3="26,88,8,50,115,30,11,98,42,2,14,59,99"/><U13/><E120/><V69/><F69/><W111/><G115/><T123/><D116/><U105/><E105/><V27/><F112/><W43/><G2/><T104/><D37/><U44/><E76/><V56/><F108/><W34/><G8/><T132/><D104/><U70/><E70/><V114/><F114/><W64/><G111/><T40/><D4/><U91/><E91/><V127/><F133/><W3/><G3/><T119/><D119/><U95/><E32/><V75/><F127/><W36/><G99/><T93/><D132/><U83/><E83/><V73/><F5/><W125/><G36/><T131/><D79/><U109/><E109/><V53/><F75/><W65/><G65/><T122/><D87/><N who="2" m="33354" /><F73/><W97/><G97/><T106/><D93/><U31/><E95/><V110/><F110/><W66/><G66/><N who="0" m="39183" /><D94/><U47/><E90/><V77/><F96/><W1/><G1/><T45/><D106/><U10/><E47/><V15/><F27/><W28/><G125/><T102/><D102/><U16/><REACH who="1" step="1"/><E31/><AGARI ba="0,0" hai="20,25,31,40,45,49,121,122,123,130,131" m="39183" machi="31" ten="30,2000,0" yaku="13,1,52,1" doraHai="52" who="0" fromWho="1" sc="298,20,250,-20,179,0,273,0" /><INIT seed="2,0,0,2,3,39" ten="318,230,179,273" oya="2" hai0="46,63,129,126,22,61,3,25,72,79,107,49,92" hai1="81,32,83,73,62,70,69,87,17,74,75,60,28" hai2="71,50,68,42,115,123,84,76,19,26,93,20,131" hai3="98,44,91,113,90,133,37,114,110,77,134,31,108"/><V15/><F115/><N who="3" m="44043" /><G31/><T9/><D107/><U102/><E102/><V86/><F123/><W119/><G37/><T64/><D126/><U125/><E125/><V5/><F131/><W38/><G38/><T55/><D129/><U116/><E116/><V78/><F71/><W34/><G44/><T35/><D35/><U24/><E17/><V1/><F1/><W82/><G34/><T88/><D79/><N who="2" m="30250" /><F68/><W0/><G0/><T57/><D72/><U96/><E96/><V36/><F36/><W111/><G119/><T124/><D124/><U104/><E104/><V4/><F93/><N who="3" m="56631" /><G91/><T120/><D120/><U16/><E70/><V51/><F51/><W48/><G48/><T109/><D3/><U66/><E62/><V21/><F4/><W132/><G132/><T122/><D61/><U40/><E87/><AGARI ba="0,0" hai="77,82,87,108,110,111,133,134" m="56631,44043" machi="87" ten="40,8000,1" yaku="14,1,11,1,34,2" doraHai="39" who="3" fromWho="1" sc="318,0,230,-80,179,0,273,80" /><INIT seed="3,0,0,0,4,131" ten="318,150,179,353" oya="3" hai0="81,2,101,26,31,78,84,47,63,82,117,72,97" hai1="34,29,112,106,128,36,61,103,41,37,56,113,19" hai2="38,91,83,3,15,95,75,104,107,28,120,74,121" hai3="50,33,6,0,39,42,53,16,130,49,13,58,5"/><W66/><G130/><T18/><D117/><U110/><E128/><V71/><F38/><W48/><G33/><T94/><D2/><U109/><E106/><N who="2" m="40491" /><F3/><W22/><G0/><T68/><D47/><N who="1" m="23975" /><E103/><V35/><F71/><W30/><G30/><T44/><D44/><U9/><E19/><V79/><F15/><W12/><G39/><T135/><D18/><U23/><E9/><V122/><F28/><W43/><G66/><T87/><D68/><U17/><E29/><V118/><F35/><W54/><G13/><T80/><D63/><U62/><E34/><V4/><F4/><W25/><G25/><T119/><D119/><U1/><E1/><V46/><F46/><W52/><REACH who="3" step="1"/><G58/><REACH who="3" ten="318,150,179,343" step="2"/><T114/><D26/><U59/><E37/><V100/><F118/><W123/><G123/><T21/><D31/><U126/><E59/><V111/><F111/><W77/><G77/><T24/><D24/><N who="1" m="14447" /><E56/><V70/><F70/><W92/><G92/><T27/><D27/><U7/><E110/><V132/><F132/><W85/><G85/><T88/><D135/><U124/><E109/><V125/><F125/><W73/><G73/><T60/><D72/><U51/><E124/><V127/><F127/><W20/><G20/><T133/><D21/><U64/><E126/><V115/><F115/><W89/><G89/><T102/><D114/><U98/><E113/><V55/><F74/><W14/><G14/><T65/><D65/><U108/><E108/><V90/><F100/><W40/><AGARI ba="0,1" hai="5,6,12,16,22,40,42,43,48,49,50,52,53,54" machi="40" ten="40,18000,2" yaku="1,1,0,1,29,2,8,1,54,2,53,0" doraHai="131" doraHaiUra="96" who="3" fromWho="3" sc="318,-60,150,-60,179,-60,343,190" /><INIT seed="3,1,0,0,3,6" ten="258,90,119,533" oya="3" hai0="5,45,34,128,109,74,121,127,97,134,15,10,57" hai1="41,92,37,8,77,35,122,67,108,76,78,83,110" hai2="55,132,131,36,44,30,106,91,47,4,81,42,96" hai3="19,90,133,12,79,89,17,100,39,25,84,28,124"/><W9/><G39/><T7/><D34/><U11/><E122/><V33/><F131/><W43/><G133/><T93/><D74/><U56/><E35/><V75/><F132/><W113/><G113/><T20/><D121/><U72/><E92/><V13/><F33/><W116/><G116/><T23/><D128/><U130/><E130/><V68/><F68/><W59/><G124/><T70/><D70/><U3/><E3/><V87/><F30/><W53/><G43/><T29/><D109/><N who="1" m="42091" /><E41/><V38/><F75/><W32/><G100/><T1/><D29/><U50/><E37/><V51/><F38/><W112/><G112/><T135/><D127/><U125/><E125/><V27/><F27/><W94/><G89/><T26/><D45/><U101/><E101/><V40/><F40/><W24/><G24/><T14/><D26/><U73/><E73/><V82/><F106/><W117/><G117/><T46/><D46/><U102/><E102/><V107/><F107/><W120/><G79/><N who="1" m="30282" /><E67/><V66/><F66/><W2/><G2/><T58/><D1/><U0/><E0/><V114/><F114/><W129/><G129/><T64/><D64/><U119/><E119/><V80/><REACH who="2" step="1"/><F96/><REACH who="2" ten="258,90,109,533" step="2"/><W49/><G120/><T85/><D97/><U21/><E21/><V123/><F123/><W61/><G61/><T69/><D69/><U16/><E16/><AGARI ba="1,1" hai="9,12,16,17,19,25,28,32,49,53,59,84,90,94" machi="16" ten="30,5800,0" yaku="7,1,52,1,54,1" doraHai="6" who="3" fromWho="1" sc="258,0,90,-61,109,0,533,71" /><INIT seed="3,2,0,1,2,34" ten="258,29,109,604" oya="3" hai0="23,13,27,29,5,98,61,132,62,53,19,26,56" hai1="15,92,102,18,84,87,59,134,119,57,41,108,2" hai2="67,130,96,37,22,131,44,43,32,49,124,133,85" hai3="90,126,93,106,54,20,113,125,14,89,30,65,8"/><W123/><G123/><T21/><D132/><U51/><E134/><V58/><F32/><W72/><G106/><T81/><D81/><U10/><E119/><V48/><F96/><W60/><G72/><T73/><D73/><U114/><E114/><V88/><F133/><W17/><G113/><T79/><D79/><U121/><E121/><V82/><F124/><W100/><G54/><T52/><D98/><U105/><E105/><V91/><F91/><W109/><G109/><T75/><D75/><U42/><E108/><V1/><F1/><W12/><G100/><T135/><D135/><U128/><E128/><N who="2" m="49195" /><F22/><W127/><G93/><T66/><D62/><AGARI ba="2,0" hai="37,43,44,48,49,58,62,67,82,85,88" m="49195" machi="62" ten="30,2000,0" yaku="19,1,54,1" doraHai="34" who="2" fromWho="0" sc="258,-26,29,0,109,26,604,0" /><INIT seed="4,0,0,5,1,132" ten="232,29,135,604" oya="0" hai0="20,37,44,10,54,39,125,91,38,121,59,1,3" hai1="17,87,111,14,84,48,81,134,73,72,96,86,110" hai2="22,116,11,128,28,77,98,41,55,107,65,101,60" hai3="32,6,49,35,89,94,46,8,102,58,82,66,95"/><T113/><D121/><U33/><E33/><V79/><F116/><W83/><G102/><T40/><D113/><U100/><E134/><V69/><F128/><W24/><G95/><T31/><D125/><U61/><E61/><V129/><F129/><W109/><G24/><T108/><D108/><N who="1" m="41515" /><E14/><V88/><F41/><W21/><G21/><T26/><D91/><N who="1" m="51599" /><E48/><V124/><F124/><W119/><G119/><T64/><D64/><U27/><E27/><V90/><F55/><W0/><G35/><T67/><D67/><U71/><E71/><V76/><REACH who="2" step="1"/><F11/><REACH who="2" ten="232,29,125,604" step="2"/><W30/><G8/><T80/><D10/><U47/><E47/><V45/><F45/><W75/><G46/><T53/><D53/><U19/><E19/><V68/><F68/><W112/><G109/><T127/><D127/><U74/><E17/><V12/><F12/><W57/><G66/><T16/><D16/><U9/><E9/><V36/><F36/><W130/><G130/><T4/><D4/><U5/><E5/><V97/><F97/><W18/><G6/><T78/><D38/><U56/><E56/><V25/><AGARI ba="0,1" hai="22,25,28,60,65,69,76,77,79,88,90,98,101,107" machi="25" ten="30,4000,0" yaku="1,1,0,1,54,1,53,0" doraHai="132" doraHaiUra="106" who="2" fromWho="2" sc="232,-20,29,-10,125,50,604,-10" /><INIT seed="5,0,0,3,4,32" ten="212,19,175,594" oya="1" hai0="119,11,128,38,74,127,2,53,78,41,36,90,98" hai1="43,108,83,115,96,52,3,39,93,72,64,113,10" hai2="118,100,34,51,21,63,33,120,97,55,86,1,95" hai3="131,129,40,5,54,9,76,110,87,8,99,0,85"/><U48/><E108/><V20/><F120/><W7/><G110/><T62/><D119/><U122/><E122/><V107/><F118/><W56/><G40/><T114/><D114/><N who="1" m="43531" /><E64/><V49/><F63/><W125/><G99/><T123/><D123/><U103/><E43/><V91/><F1/><W26/><G26/><T133/><D38/><U92/><E39/><V37/><F37/><W50/><G76/><T88/><D98/><N who="1" m="59847" /><E83/><V14/><F51/><W60/><G50/><T44/><D62/><U132/><E72/><V81/><F81/><W94/><G94/><T13/><D53/><U79/><E79/><V112/><F112/><W42/><G42/><T116/><D116/><U104/><E104/><V19/><REACH who="2" step="1"/><F21/><REACH who="2" ten="212,19,165,594" step="2"/><W134/><G134/><T28/><D133/><U29/><E132/><V15/><F15/><W80/><G80/><N who="0" m="45143" /><D13/><U73/><E73/><V82/><F82/><W27/><G0/><T16/><D36/><U35/><E3/><V22/><F22/><W70/><G60/><T117/><D2/><U23/><E35/><V71/><F71/><W102/><G70/><T69/><D69/><U109/><E109/><V121/><F121/><W45/><G27/><T17/><D117/><U124/><E124/><V135/><F135/><W58/><G125/><T67/><D127/><U30/><E23/><V66/><F66/><W12/><G12/><T31/><D67/><U77/><E77/><V59/><AGARI ba="0,1" hai="14,19,20,33,34,49,55,59,86,91,95,97,100,107" machi="59" ten="20,12000,2" yaku="1,1,0,1,7,1,25,2,53,1" doraHai="32" doraHaiUra="47" who="2" fromWho="2" sc="212,-30,19,-60,165,130,594,-30" owari="182,-22.0,-41,-54.0,295,10.0,564,66.0" /></mjloggm>