<mjloggm ver="2.3"><GO type="97" lobby="0"/><UN n0="%52%61%69%6E%6E%6E" n1="%E6%9F%8F%E6%9C%A8%E3%82%A7%E3%82%A7" n2="%E3%83%86%E3%83%AC%E3%83%93%E3%81%A3%E5%AD%90" n3="%E3%83%88%E3%83%88%E3%83%AA%E5%85%88%E7%94%9F%31%39%E6%AD%B3" dan="14,15,15,13" rate="1913.92,2030.05,2019.24,1965.60" sx="F,M,M,F"/><TAIKYOKU oya="0"/><INIT seed="0,0,0,4,1,72" ten="250,250,250,250" oya="0" hai0="70,30,97,71,59,84,69,115,134,44,12,113,64" hai1="131,25,90,63,37,108,92,122,87,32,88,98,24" hai2="94,38,99,67,22,41,5,111,62,55,120,17,60" hai3="106,45,85,121,61,15,81,133,86,21,65,49,39"/><T126/><D126/><U114/><E122/><V19/><F111/><W50/><G106/><T79/><D30/><U107/><E37/><V8/><F120/><W26/><G121/><T76/><D134/><U43/><E108/><V77/><F41/><W124/><G133/><T9/><D44/><U6/><E43/><V47/><F38/><W20/><G124/><T11/><D97/><U42/><E42/><V33/><F33/><W91/><G39/><T93/><D11/><U118/><E118/><V96/><F77/><W23/><G15/><T129/><D129/><U125/><E125/><V102/><F99/><W14/><G14/><T46/><D46/><U112/><E131/><V110/><F110/><W56/><G45/><T117/><D117/><U16/><E63/><V0/><F22/><N who="3" m="8811" /><G85/><T128/><D128/><U103/><E6/><V54/><F54/><W10/><G10/><T2/><D2/><U127/><E127/><V52/><F55/><W57/><G57/><T89/><D115/><N who="1" m="44075" /><E16/><AGARI ba="0,0" hai="16,23,26,49,50,56,61,65,81,86,91" m="8811" machi="16" ten="30,2000,0" yaku="8,1,54,1" doraHai="72" who="3" fromWho="1" sc="250,0,250,-20,250,0,250,20" /><INIT seed="1,0,0,5,1,30" ten="250,230,250,270" oya="1" hai0="124,23,130,41,118,2,67,75,68,117,9,134,4" hai1="92,81,18,16,106,96,127,59,97,65,14,122,34" hai2="42,135,99,58,107,56,54,85,15,125,126,86,121" hai3="88,74,119,50,108,53,12,80,82,20,79,38,72"/><U17/><E122/><V11/><F42/><W116/><G38/><T33/><D75/><U21/><E106/><V6/><F121/><W94/><G108/><T27/><D41/><U98/><E127/><N who="2" m="48651" /><F135/><W28/><G80/><T128/><D124/><U73/><E34/><V113/><F113/><W5/><G74/><T13/><D134/><U103/><E73/><V87/><F54/><W110/><G110/><T39/><D39/><U83/><E97/><V90/><F107/><W114/><G114/><T46/><D46/><U63/><E98/><V1/><F1/><W55/><G5/><T40/><D40/><U48/><E48/><V3/><F3/><W102/><G102/><T115/><D115/><U132/><E132/><V49/><F49/><W77/><G77/><T101/><D101/><U129/><E129/><N who="0" m="49769" /><D67/><U24/><REACH who="1" step="1"/><E14/><REACH who="1" ten="250,220,250,270" step="2"/><V91/><F99/><N who="3" m="57799" /><G12/><T100/><D100/><U32/><E32/><V69/><F86/><W71/><G50/><T35/><D68/><U111/><E111/><V109/><F69/><W19/><G71/><T47/><D47/><U62/><E62/><V95/><F109/><W105/><G105/><T78/><D2/><U52/><E52/><V64/><F64/><W120/><G120/><T8/><D8/><U60/><E60/><V43/><F43/><W10/><G55/><T37/><D37/><U29/><AGARI ba="0,1" hai="16,17,18,21,24,29,59,63,65,81,83,92,96,103" machi="29" ten="30,18000,2" yaku="1,1,0,1,25,2,8,1,54,1,53,0" doraHai="30" doraHaiUra="45" who="1" fromWho="1" sc="250,-60,220,190,250,-60,270,-60" /><INIT seed="1,1,0,5,4,65" ten="190,410,190,210" oya="1" hai0="55,12,124,56,96,32,50,132,60,4,29,23,46" hai1="99,53,106,80,78,36,64,108,6,116,43,48,83" hai2="125,14,98,126,73,22,130,135,119,115,27,63,15" hai3="72,131,61,17,84,57,89,118,42,100,13,110,9"/><U44/><E116/><V31/><F73/><W70/><G72/><T33/><D132/><U105/><E108/><V103/><F119/><W68/><G118/><T51/><D124/><N who="2" m="47722" /><F115/><W41/><G110/><T134/><D134/><U45/><E99/><V128/><F63/><W97/><G131/><N who="2" m="50217" /><F135/><W120/><G120/><T40/><D96/><U111/><E111/><V7/><F7/><W122/><G122/><T10/><REACH who="0" step="1"/><D60/><REACH who="0" ten="180,410,190,210" step="2"/><U112/><E112/><V2/><F2/><W16/><G97/><T117/><D117/><U74/><E83/><V71/><F71/><W81/><G70/><T77/><D77/><U66/><E105/><AGARI ba="1,1" hai="14,15,22,27,31,98,103,105" m="50217,47722" machi="105" ten="30,2000,0" yaku="18,1,19,1" doraHai="65" who="2" fromWho="1" sc="180,0,410,-23,190,33,210,0" /><INIT seed="2,0,0,4,1,2" ten="180,387,223,210" oya="2" hai0="43,112,93,125,46,8,122,48,79,45,88,106,5" hai1="40,39,133,91,85,55,119,100,13,66,83,104,74" hai2="120,61,82,37,33,129,20,28,51,101,124,22,16" hai3="64,27,113,4,110,103,90,127,14,107,17,95,65"/><V53/><F37/><W87/><G110/><T56/><D106/><U52/><E119/><V109/><F120/><W19/><G127/><T9/><D122/><U78/><E66/><V57/><F129/><W35/><G113/><T1/><D112/><U126/><E126/><V3/><F3/><W123/><G123/><T76/><D125/><U38/><E133/><V24/><F33/><W71/><G35/><T62/><D9/><U108/><E108/><V67/><F101/><W70/><G70/><T77/><D46/><U111/><E111/><V118/><F118/><W115/><G115/><T98/><REACH who="0" step="1"/><D79/><REACH who="0" ten="170,387,223,210" step="2"/><U25/><E78/><V96/><F124/><W94/><G107/><T73/><D73/><U42/><E74/><V6/><F109/><W0/><G71/><T31/><D31/><U114/><E114/><V47/><F47/><W59/><G19/><T29/><D29/><U80/><E104/><V18/><F28/><W49/><G17/><T86/><D86/><U92/><E85/><V12/><F18/><W121/><G87/><T128/><D128/><U81/><E25/><V72/><F24/><W30/><G27/><T58/><D58/><U75/><E75/><V116/><F72/><W134/><G30/><T117/><D117/><U130/><E130/><V34/><F116/><W105/><G105/><T10/><D10/><U50/><E39/><V32/><F34/><W15/><G121/><T11/><D11/><U135/><E38/><V69/><F32/><W132/><G132/><T36/><D36/><U102/><E135/><V60/><F69/><W54/><G134/><RYUUKYOKU ba="0,1" sc="170,30,387,-10,223,-10,210,-10" hai0="1,5,8,43,45,48,56,62,76,77,88,93,98" /><INIT seed="3,1,1,0,1,41" ten="200,377,213,200" oya="3" hai0="89,6,40,25,97,121,85,128,126,50,127,74,115" hai1="10,23,67,132,96,100,112,37,118,65,98,33,64" hai2="49,95,11,48,78,93,117,18,58,62,22,0,114" hai3="34,108,135,123,120,116,44,63,68,90,1,69,9"/><W29/><G116/><T61/><D74/><U72/><E33/><V102/><F114/><W119/><G119/><T42/><D121/><U70/><E112/><V14/><F117/><W106/><G135/><T84/><D115/><U105/><E72/><V77/><F0/><W73/><G108/><T26/><D6/><U7/><E118/><V27/><F78/><W52/><G106/><T60/><D128/><U87/><E37/><V15/><F77/><W80/><G34/><T124/><D97/><U2/><E132/><V133/><F15/><W88/><G29/><T32/><D32/><U99/><E70/><V24/><F24/><N who="0" m="9322" /><D50/><N who="2" m="19562" /><F102/><W122/><G44/><T129/><D129/><U113/><E113/><V19/><F133/><W134/><G134/><T107/><D107/><U51/><E23/><V82/><F82/><W39/><G39/><T3/><D3/><U31/><E31/><V4/><F4/><N who="3" m="1167" /><G69/><T53/><D53/><AGARI ba="1,1" hai="11,14,18,19,22,27,53,58,62,93,95" m="19562" machi="53" ten="30,1000,0" yaku="8,1" doraHai="41" who="2" fromWho="0" sc="200,-13,377,0,213,23,200,0" owari="187,-31.0,377,47.0,236,4.0,200,-20.0" /></mjloggm>