<mjloggm ver="2.3"><GO type="225" lobby="0"/><UN n0="%E3%83%88%E3%83%88%E3%83%AA%E5%85%88%E7%94%9F%31%39%E6%AD%B3" n1="%E9%95%B7%E5%B7%9E%E3%81%AE%E5%85%8B" n2="%70%61%78%65%6C%6C" n3="%6D%61%74%69%67%75%73%61" dan="18,16,16,16" rate="2296.92,2120.54,2104.57,2134.10" sx="F,M,M,M"/><TAIKYOKU oya="0"/><INIT seed="0,0,0,3,1,54" ten="250,250,250,250" oya="0" hai0="40,67,124,108,8,128,26,22,89,0,122,1,70" hai1="97,87,44,104,116,58,129,123,41,117,109,71,98" hai2="84,53,42,111,105,47,30,19,33,134,125,6,45" hai3="93,96,119,50,94,77,20,51,132,21,68,103,28"/><T75/><D122/><U76/><E71/><V126/><F105/><W17/><G119/><T63/><D75/><U80/><E109/><V39/><F134/><W81/><G68/><T52/><D128/><U100/><E123/><V99/><F6/><W78/><G132/><T112/><D112/><U46/><E98/><V36/><F111/><W31/><G96/><T113/><D113/><U62/><E129/><V11/><F99/><W79/><G81/><T15/><D108/><U29/><E46/><V135/><F84/><W121/><G121/><T91/><D40/><U10/><E10/><V55/><F135/><W14/><G103/><T102/><D102/><U92/><E29/><N who="3" m="11338" /><G21/><T25/><D124/><N who="2" m="47722" /><F45/><W120/><G120/><T110/><D110/><U61/><E61/><V5/><F19/><W85/><G85/><T86/><D91/><U59/><E62/><V69/><F69/><W27/><G14/><T32/><D32/><U34/><E34/><V16/><F39/><W83/><G83/><N who="0" m="49375" /><D1/><U127/><E127/><V43/><F43/><W130/><G130/><T115/><D0/><U64/><E64/><V9/><F30/><W82/><G82/><T118/><D118/><U4/><E4/><V49/><F33/><W18/><G18/><N who="0" m="8551" /><D115/><U2/><E2/><N who="2" m="183" /><F36/><W48/><AGARI ba="0,0" hai="17,20,27,48,50,51,77,78,79,93,94" m="11338" machi="48" ten="40,1500,0" yaku="8,1" doraHai="54" who="3" fromWho="3" sc="250,-7,250,-4,250,-4,250,15" /><INIT seed="1,0,0,5,0,22" ten="243,246,246,265" oya="1" hai0="118,115,38,98,134,92,13,15,76,130,67,2,34" hai1="29,97,26,103,42,1,10,46,21,24,74,35,55" hai2="33,87,127,3,32,56,106,5,49,108,135,65,107" hai3="104,131,114,93,71,4,78,23,121,59,16,102,69"/><U64/><E74/><V89/><F107/><W101/><G121/><T84/><D115/><U95/><E64/><V19/><F106/><W54/><G104/><T60/><D118/><U72/><E72/><V113/><F5/><W39/><G114/><T7/><D38/><U48/><E1/><V61/><F3/><W82/><G39/><T51/><D34/><U20/><E10/><V9/><F113/><W0/><G131/><T79/><D130/><U96/><E97/><V53/><F108/><W31/><G31/><T36/><D36/><U125/><E125/><V123/><F123/><W88/><G4/><T86/><D2/><U80/><E80/><V17/><F135/><W120/><G0/><T99/><D134/><U122/><E122/><V66/><F127/><W128/><G120/><T124/><D51/><U41/><E35/><V100/><F100/><W83/><G69/><T47/><D47/><U129/><E129/><V70/><F66/><W75/><G71/><T119/><D119/><U12/><E12/><N who="0" m="4681" /><D7/><U45/><E46/><V112/><F112/><W73/><G128/><T27/><D99/><U63/><E63/><V37/><F37/><W43/><G43/><T30/><D124/><U11/><E11/><V109/><F109/><W8/><G8/><T85/><D60/><U28/><AGARI ba="0,0" hai="20,21,24,26,28,29,41,42,45,48,55,95,96,103" machi="28" ten="20,18000,2" yaku="0,1,7,1,9,1,8,1,52,2" doraHai="22" who="1" fromWho="1" sc="243,-60,246,180,246,-60,265,-60" /><INIT seed="1,1,0,1,3,67" ten="183,426,186,205" oya="1" hai0="39,110,42,78,32,13,69,33,15,83,129,27,70" hai1="56,73,103,47,97,11,115,132,38,53,48,94,23" hai2="120,99,74,12,6,92,112,131,44,68,71,54,46" hai3="86,100,17,24,108,40,25,62,91,77,93,84,64"/><U79/><E115/><V80/><F120/><W22/><G108/><T106/><D106/><U1/><E132/><V104/><F104/><W7/><G7/><T87/><D110/><U133/><E133/><V119/><F119/><W116/><G116/><T107/><D107/><U125/><E125/><V101/><F112/><W81/><G40/><T135/><D135/><U57/><E38/><V19/><F6/><W51/><G51/><T126/><D126/><U52/><E73/><V20/><F131/><W88/><G100/><T130/><D42/><U114/><E79/><V90/><F54/><W66/><G25/><T36/><D27/><U95/><E1/><V45/><REACH who="2" step="1"/><F90/><REACH who="2" ten="183,426,176,205" step="2"/><W128/><G128/><N who="0" m="49259" /><D39/><U58/><E53/><V30/><F30/><W4/><G4/><T16/><D36/><U105/><E114/><V109/><F109/><W96/><REACH who="3" step="1"/><G62/><REACH who="3" ten="183,426,176,195" step="2"/><T124/><D124/><U72/><E105/><V2/><F2/><W98/><G98/><T35/><D15/><U29/><E97/><V8/><F8/><AGARI ba="1,2" hai="8,13,16,32,33,35,69,70,78,83,87" m="49259" machi="8" ten="40,8000,1" yaku="19,1,52,2,54,1" doraHai="67" who="0" fromWho="2" sc="183,103,426,0,176,-83,195,0" /><INIT seed="2,0,0,1,0,84" ten="286,426,93,195" oya="2" hai0="21,125,89,131,133,62,105,36,109,27,72,123,112" hai1="5,117,96,34,83,45,94,37,130,42,51,95,32" hai2="70,49,73,63,132,79,100,57,115,120,75,7,23" hai3="54,1,121,71,101,28,129,24,67,113,108,124,9"/><V119/><F115/><W53/><G9/><T13/><RYUUKYOKU type="yao9" ba="0,0" sc="286,0,426,0,93,0,195,0" hai0="13,21,27,36,62,72,89,105,109,112,123,125,131,133" /><INIT seed="2,1,0,0,1,18" ten="286,426,93,195" oya="2" hai0="15,39,58,122,32,105,81,91,102,20,27,57,2" hai1="22,5,131,44,46,88,24,16,125,34,71,31,14" hai2="93,110,1,117,48,112,133,42,38,62,123,99,101" hai3="50,51,111,73,98,78,103,63,36,87,64,43,128"/><V21/><F112/><W65/><G73/><T84/><D122/><U74/><E71/><V9/><F123/><W7/><G36/><T69/><D39/><U116/><E74/><V77/><F117/><W40/><G111/><T95/><D2/><U100/><E100/><V61/><F38/><W79/><G128/><T12/><D69/><U29/><E131/><V41/><F110/><W17/><G7/><T28/><D105/><U129/><E129/><V118/><F118/><W26/><G98/><N who="0" m="59743" /><D32/><U37/><E116/><V49/><F133/><W23/><G103/><T3/><D3/><U80/><E31/><V124/><F124/><W25/><G17/><T127/><D127/><U72/><E37/><V121/><F121/><W11/><G87/><T19/><D19/><U75/><E125/><V0/><F77/><W82/><G82/><T104/><D104/><U4/><E75/><V60/><F1/><W76/><G11/><T10/><D10/><U8/><E72/><V52/><F21/><W126/><G126/><T130/><D130/><U59/><E59/><AGARI ba="1,0" hai="12,15,20,27,28,57,58,59,81,84,91" m="59743" machi="59" ten="30,2000,0" yaku="8,1,52,1" doraHai="18" who="0" fromWho="1" sc="286,23,426,-23,93,0,195,0" /><INIT seed="3,0,0,0,4,81" ten="309,403,93,195" oya="3" hai0="90,34,4,69,56,106,18,86,115,6,125,64,39" hai1="97,55,124,107,41,5,120,22,72,36,66,85,45" hai2="104,117,75,114,16,33,70,49,27,9,127,23,53" hai3="91,130,128,116,14,123,79,93,105,76,133,89,65"/><W77/><G65/><T78/><D106/><U122/><E72/><V60/><F114/><W42/><G42/><T96/><D39/><U12/><E66/><V87/><F75/><W132/><G14/><T37/><D37/><U68/><E68/><V84/><F104/><W99/><G123/><T67/><D69/><U54/><E124/><V28/><F117/><W73/><G116/><T43/><D34/><U50/><E107/><V8/><F127/><W3/><G3/><T61/><D125/><U111/><E97/><V7/><F70/><W40/><G40/><T131/><D43/><U19/><E111/><V110/><F60/><W17/><G17/><T112/><D131/><N who="3" m="50217" /><G105/><T118/><D118/><U88/><E5/><V98/><F98/><W0/><G0/><T74/><D67/><U129/><E129/><V95/><F110/><W44/><G44/><T121/><D96/><U62/><E62/><V29/><F95/><N who="3" m="56815" /><G73/><T92/><D121/><U126/><E126/><V10/><F7/><W20/><G20/><T101/><D18/><U48/><E36/><V103/><F103/><W100/><G100/><T11/><D101/><U24/><E41/><V108/><F108/><W71/><G71/><T80/><REACH who="0" step="1"/><D6/><REACH who="0" ten="299,403,93,195" step="2"/><U31/><E120/><V15/><REACH who="2" step="1"/><F28/><REACH who="2" ten="299,403,83,195" step="2"/><W135/><G135/><T51/><D51/><U13/><E122/><V57/><AGARI ba="0,2" hai="8,9,10,15,16,23,27,29,33,49,53,57,84,87" machi="57" ten="30,12000,2" yaku="1,1,2,1,0,1,52,2,54,1,53,0" doraHai="81" doraHaiUra="35" who="2" fromWho="2" sc="299,-30,403,-30,83,140,195,-60" owari="269,7.0,373,47.0,223,-18.0,135,-36.0" /></mjloggm>