<mjloggm ver="2.3"><GO type="41" lobby="0"/><UN n0="%E5%BF%8D%E2%98%86%E5%BF%8D" n1="%E3%83%9F%E3%83%89%E3%83%AA%E3%82%B4%E3%82%B1" n2="%E3%81%82%E3%81%8D%E3%81%BB%E3%82%8A" n3="%E5%B0%B1%E6%B4%BB%E7%94%9F%40%E5%B7%9D%E6%9D%91%E8%BB%8D%E5%9B%A3" dan="14,14,13,15" rate="1918.24,1933.70,1909.22,2009.98" sx="M,M,M,M"/><TAIKYOKU oya="0"/><INIT seed="0,0,0,4,1,46" ten="250,250,250,250" oya="0" hai0="22,95,38,12,120,41,69,26,5,2,29,27,131" hai1="80,115,25,17,134,132,126,49,85,66,93,40,20" hai2="122,74,6,71,9,110,84,61,0,88,67,15,118" hai3="18,128,35,89,24,103,65,100,70,114,60,133,81"/><T55/><D120/><U78/><E126/><V109/><F122/><W34/><G128/><T16/><D69/><U33/><E115/><V58/><F74/><W127/><G114/><T19/><D131/><U112/><E112/><V39/><F118/><W1/><G1/><T14/><D41/><U68/><E33/><V82/><F39/><W94/><G127/><T21/><D38/><U4/><E4/><V129/><F129/><W13/><G133/><T47/><D95/><U105/><E105/><V57/><REACH who="2" step="1"/><F0/><REACH who="2" ten="250,250,240,250" step="2"/><W125/><G125/><T79/><D2/><U62/><E132/><V92/><F92/><W101/><G81/><T45/><D5/><U86/><E134/><V107/><F107/><W83/><G83/><T72/><D72/><U99/><E80/><V48/><F48/><W87/><REACH who="3" step="1"/><G24/><REACH who="3" ten="250,250,240,240" step="2"/><N who="0" m="9259" /><D79/><U8/><E25/><V54/><F54/><W121/><G121/><T43/><D29/><U56/><E40/><V116/><F116/><W53/><G53/><T11/><D43/><U102/><E66/><V90/><F90/><W130/><G130/><T44/><D55/><U59/><E78/><V124/><F124/><W37/><G37/><T52/><D52/><U98/><E49/><V77/><F77/><W73/><G73/><T106/><D106/><U76/><E76/><V75/><F75/><W123/><G123/><T32/><D32/><U113/><E113/><V117/><F117/><W91/><G91/><T36/><D36/><U64/><E64/><V111/><AGARI ba="0,2" hai="6,9,15,57,58,61,67,71,82,84,88,109,110,111" machi="111" ten="30,7900,0" yaku="1,1,0,1,14,1,54,1,53,0" doraHai="46" doraHaiUra="119" who="2" fromWho="2" sc="250,-39,250,-20,240,99,240,-20" /><INIT seed="1,0,0,1,1,51" ten="211,230,339,220" oya="1" hai0="108,102,129,14,91,57,26,124,121,87,84,114,22" hai1="45,54,64,72,67,16,74,65,27,25,115,63,37" hai2="120,77,131,113,83,75,128,8,47,40,9,60,97" hai3="13,62,1,82,100,122,17,2,105,52,133,10,33"/><U4/><E115/><V19/><F120/><W48/><G122/><T18/><D121/><U92/><E4/><V61/><F113/><W127/><G33/><T104/><D114/><U123/><E123/><V95/><F61/><W43/><G133/><T118/><D118/><U38/><E38/><V20/><F60/><W89/><G127/><T53/><D124/><U41/><E92/><V132/><F132/><W55/><G105/><T112/><D112/><U99/><E99/><V6/><F19/><W24/><G100/><T7/><D129/><N who="2" m="49738" /><F20/><N who="3" m="13327" /><G2/><T11/><D108/><U134/><E134/><V3/><F8/><W110/><G1/><T80/><D87/><U76/><E76/><V34/><F34/><W101/><G101/><T73/><D73/><U56/><REACH who="1" step="1"/><E27/><REACH who="1" ten="211,220,339,220" step="2"/><V86/><F97/><W78/><G110/><T49/><D102/><U0/><E0/><V66/><F95/><W46/><G78/><T103/><D103/><U94/><E94/><V29/><F77/><W135/><G135/><T93/><D104/><U85/><E85/><V5/><F86/><N who="3" m="50391" /><G62/><T30/><REACH who="0" step="1"/><D93/><REACH who="0" ten="201,220,339,220" step="2"/><U98/><E98/><V96/><F96/><W28/><G28/><AGARI ba="0,2" hai="7,11,14,18,22,26,28,30,49,53,57,80,84,91" machi="28" ten="40,8000,1" yaku="1,1,2,1,8,1,52,1,53,0" doraHai="51" doraHaiUra="42" who="0" fromWho="3" sc="201,100,220,0,339,0,220,-80" /><INIT seed="2,0,0,0,0,43" ten="301,220,339,140" oya="2" hai0="80,41,125,101,72,76,17,120,69,70,87,24,15" hai1="60,38,104,1,89,114,61,75,14,97,90,134,108" hai2="48,116,112,3,85,12,95,58,50,36,52,34,84" hai3="127,73,16,99,94,126,64,111,30,7,117,68,59"/><V86/><F3/><W106/><G68/><T135/><D120/><U91/><E1/><V79/><F112/><W23/><G106/><T19/><D135/><U13/><E114/><V39/><F116/><W123/><G73/><T118/><D118/><U121/><E108/><V66/><F79/><W8/><G111/><T22/><D125/><U110/><E110/><V96/><F34/><W67/><G123/><T6/><D6/><U74/><E121/><V124/><F124/><W37/><G117/><T44/><D101/><U98/><E38/><V0/><F0/><W113/><G113/><T27/><D72/><U25/><E25/><V82/><F82/><W105/><G105/><T100/><D100/><U20/><E91/><V54/><F66/><W26/><G37/><T10/><D27/><U119/><E104/><V31/><F12/><W93/><G93/><T78/><D78/><U32/><E119/><V56/><REACH who="2" step="1"/><F31/><REACH who="2" ten="301,220,329,140" step="2"/><W83/><G83/><T33/><D33/><U57/><E32/><V11/><F11/><W42/><G64/><T133/><D133/><U88/><E134/><V2/><F2/><W129/><G129/><T9/><D10/><U77/><E77/><V46/><F46/><W102/><G7/><T28/><D28/><U49/><E13/><V4/><F4/><W115/><G115/><T18/><D18/><U81/><E81/><V103/><AGARI ba="0,1" hai="36,39,48,50,52,54,56,58,84,85,86,95,96,103" machi="103" ten="30,11700,0" yaku="1,1,0,1,9,1,54,1,53,0" doraHai="43" doraHaiUra="130" who="2" fromWho="2" sc="301,-39,220,-39,329,127,140,-39" /><INIT seed="2,1,0,0,5,74" ten="262,181,456,101" oya="2" hai0="85,72,124,99,25,52,103,75,96,36,116,135,78" hai1="90,126,56,83,130,34,39,117,65,14,43,59,21" hai2="8,82,102,54,2,80,20,98,48,104,37,81,115" hai3="16,66,27,127,77,132,35,134,6,125,61,79,42"/><V95/><F37/><W28/><G42/><T18/><D36/><U19/><E34/><V10/><F115/><W22/><G6/><T57/><D116/><U55/><E117/><V93/><F20/><W97/><G97/><T29/><D18/><U73/><E130/><V128/><F128/><W120/><G120/><T84/><D135/><N who="3" m="51753" /><G22/><T44/><D44/><U107/><E107/><V118/><F118/><W123/><G123/><T131/><D131/><U87/><E126/><N who="3" m="48138" /><G16/><T113/><D124/><U46/><E65/><V53/><F53/><W38/><G38/><T7/><D7/><U15/><E73/><V49/><F49/><W17/><G17/><T76/><D113/><U3/><E3/><V60/><F60/><W89/><G89/><T13/><D13/><U109/><E109/><V86/><F2/><W106/><G106/><T26/><D103/><U41/><E41/><V9/><REACH who="2" step="1"/><F86/><REACH who="2" ten="262,181,446,101" step="2"/><W88/><G88/><T40/><D40/><U71/><E55/><V47/><AGARI ba="1,1" hai="8,9,10,47,48,54,80,81,82,93,95,98,102,104" machi="47" ten="30,6000,0" yaku="1,1,2,1,0,1,53,0" doraHai="74" doraHaiUra="64" who="2" fromWho="2" sc="262,-21,181,-21,446,73,101,-21" /><INIT seed="2,2,0,2,2,122" ten="241,160,519,80" oya="2" hai0="124,70,73,133,36,46,78,80,90,71,29,12,48" hai1="49,106,101,17,109,82,13,5,95,92,98,38,52" hai2="51,9,87,18,130,26,129,135,134,75,66,44,115" hai3="125,108,131,112,116,61,97,59,21,42,126,23,107"/><V132/><F75/><W117/><G107/><T10/><D29/><U100/><E38/><V94/><F115/><W121/><G97/><T85/><D36/><U79/><E5/><V119/><F119/><N who="3" m="45643" /><G23/><T43/><D133/><U103/><E109/><V86/><F66/><N who="3" m="39231" /><G21/><T93/><REACH who="0" step="1"/><D124/><REACH who="0" ten="231,160,519,80" step="2"/><N who="3" m="47721" /><G121/><T62/><D62/><U118/><E118/><V113/><F113/><W39/><G112/><T30/><D30/><U54/><E106/><V84/><F94/><W81/><G81/><T27/><D27/><U19/><E95/><V25/><F25/><W105/><G105/><T104/><D104/><U33/><E92/><V15/><F26/><W102/><G102/><T67/><D67/><U50/><E103/><V37/><F37/><W69/><G69/><T41/><D41/><AGARI ba="2,1" hai="9,15,18,41,44,51,84,86,87,129,130,132,134,135" machi="41" ten="50,2400,0" yaku="20,1" doraHai="122" who="2" fromWho="0" sc="231,-30,160,0,519,40,80,0" /><INIT seed="2,3,0,4,2,105" ten="201,160,559,80" oya="2" hai0="2,56,127,107,8,42,80,124,12,111,110,75,53" hai1="130,19,25,72,21,70,79,131,99,91,132,52,101" hai2="119,83,123,65,89,46,28,87,63,103,51,81,6" hai3="77,95,38,67,82,129,35,133,126,33,98,66,62"/><V125/><F119/><W78/><G126/><N who="0" m="48171" /><D42/><U0/><E0/><V41/><F125/><W60/><G38/><T57/><D107/><U16/><E70/><V112/><F112/><W108/><G133/><T100/><D100/><U120/><E132/><V18/><F123/><W13/><G129/><N who="1" m="49162" /><E120/><V5/><F103/><W84/><G108/><N who="0" m="41515" /><D2/><U40/><E91/><V44/><F28/><W49/><G49/><T102/><D102/><U128/><E40/><V74/><F18/><W88/><G13/><T47/><D47/><U106/><N who="1" m="49170" /><U9/><DORA hai="76" /><E52/><V86/><F46/><W118/><G118/><T116/><D116/><U20/><E9/><V104/><F104/><W94/><G94/><T135/><D135/><U17/><E25/><V90/><F74/><W85/><G35/><T7/><D53/><U121/><E121/><V96/><F96/><W26/><G33/><T23/><D23/><U48/><E48/><V22/><F22/><W30/><G30/><T109/><N who="0" m="41523" /><T93/><DORA hai="113" /><D93/><U58/><E58/><AGARI ba="3,0" hai="5,6,41,44,51,58,63,65,81,83,86,87,89,90" machi="58" ten="30,12000,1" yaku="7,1,9,1,8,1,52,2" doraHai="105,76,113" who="2" fromWho="1" sc="201,0,160,-129,559,129,80,0" /><INIT seed="2,4,0,3,1,81" ten="201,31,688,80" oya="2" hai0="74,62,75,56,130,117,10,28,79,110,54,9,32" hai1="16,128,123,19,33,131,119,1,132,46,134,88,87" hai2="38,92,57,59,70,93,13,31,100,108,0,127,94" hai3="24,120,53,109,42,124,66,129,30,80,64,106,61"/><V69/><F0/><W85/><G106/><T77/><D117/><U89/><E119/><V82/><F100/><W2/><G120/><T121/><D121/><U27/><E123/><V21/><F38/><W6/><G124/><T68/><D68/><U112/><E112/><V116/><F116/><W5/><G129/><N who="1" m="49738" /><E1/><V98/><F98/><W84/><G109/><T83/><D130/><U43/><E33/><V4/><F127/><W23/><G42/><T97/><D110/><U72/><E72/><V34/><F108/><W7/><G2/><T29/><D97/><U15/><E27/><V102/><F102/><W73/><G73/><T25/><D29/><U8/><E19/><V22/><F34/><W65/><G80/><AGARI ba="4,0" hai="9,10,25,28,32,54,56,62,74,75,77,79,80,83" machi="80" ten="40,1300,0" yaku="9,1" doraHai="81" who="0" fromWho="3" sc="201,25,31,0,688,0,80,-25" /><INIT seed="3,0,0,5,4,70" ten="226,31,688,55" oya="3" hai0="91,35,18,4,98,40,37,5,122,68,24,28,17" hai1="33,121,29,89,38,120,41,9,94,134,84,8,36" hai2="54,95,13,129,131,119,52,66,90,71,3,113,61" hai3="19,127,10,80,87,46,34,100,67,25,26,103,109"/><W124/><G67/><T55/><D68/><U105/><E105/><V114/><F3/><W107/><G109/><T108/><D108/><U16/><E41/><V2/><F2/><W82/><G34/><T48/><D122/><U43/><E43/><V77/><F77/><W88/><G80/><T81/><D5/><U97/><E134/><V63/><F13/><N who="3" m="7607" /><G46/><T111/><D111/><U116/><E116/><V14/><F14/><W47/><G47/><T102/><D4/><U92/><E121/><V0/><F0/><W65/><G65/><T101/><D18/><U56/><E120/><V132/><F119/><W72/><G72/><T104/><D17/><U21/><E33/><V39/><F132/><W126/><G107/><T23/><D35/><U83/><E94/><V75/><F75/><W110/><G110/><T79/><D40/><U73/><E73/><V115/><F39/><W69/><G69/><T59/><D37/><U125/><E56/><V30/><F30/><W112/><G112/><T22/><D22/><U86/><E86/><N who="2" m="52695" /><F61/><W93/><G82/><T1/><D1/><U128/><E29/><V96/><F96/><W7/><G7/><T78/><D81/><U130/><E8/><V135/><F135/><W99/><G99/><T85/><D104/><U6/><E9/><V44/><F44/><W60/><G60/><T58/><D58/><U51/><E6/><V32/><F32/><W64/><G64/><T53/><D98/><U74/><E97/><V20/><F20/><W62/><G62/><T12/><D23/><U42/><E21/><V50/><F113/><RYUUKYOKU ba="0,0" sc="226,-10,31,-10,688,-10,55,30" hai3="25,26,87,88,93,100,103,124,126,127" /><INIT seed="3,1,0,2,1,24" ten="216,21,678,85" oya="3" hai0="60,115,3,8,17,10,98,38,35,25,79,83,48" hai1="106,104,118,31,116,73,15,55,121,37,9,99,14" hai2="7,49,114,61,66,74,94,113,93,87,12,92,86" hai3="18,41,72,30,80,71,20,19,130,108,103,16,109"/><W132/><G71/><T1/><D38/><U97/><E121/><V59/><F74/><W126/><G130/><T32/><D60/><U50/><E37/><V67/><F114/><W124/><G132/><T107/><D115/><U90/><E73/><V5/><F113/><W77/><G41/><T65/><D65/><N who="2" m="24586" /><F49/><W120/><G103/><T117/><D117/><N who="1" m="45163" /><E31/><V13/><F13/><N who="1" m="4617" /><E9/><N who="2" m="4143" /><F7/><W84/><G72/><T23/><D3/><U75/><E75/><V82/><F82/><W51/><G51/><T22/><D1/><U34/><E34/><V43/><F43/><W110/><G120/><T42/><D35/><U125/><E125/><N who="3" m="48234" /><G30/><T96/><D32/><U91/><E99/><V70/><F70/><W36/><G36/><T81/><D10/><U76/><E76/><V69/><F69/><W101/><G101/><T6/><D8/><U29/><E29/><V100/><F100/><W128/><G128/><T134/><D6/><U39/><E39/><V52/><AGARI ba="1,0" hai="52,59,61,86,87,92,93,94" m="4143,24586" machi="52" ten="30,2000,0" yaku="8,1,54,1" doraHai="24" who="2" fromWho="2" sc="216,-6,21,-6,678,23,85,-11" /><INIT seed="4,0,0,2,1,93" ten="210,15,701,74" oya="0" hai0="24,96,127,38,105,97,71,117,6,37,2,48,54" hai1="30,17,5,45,42,107,40,113,92,10,11,9,114" hai2="86,126,121,103,119,33,87,69,0,78,123,81,4" hai3="25,35,31,36,8,95,133,46,104,83,62,65,49"/><T55/><D71/><U134/><E107/><V26/><F119/><W129/><G129/><T51/><D105/><U43/><E134/><V66/><F126/><W59/><G133/><T125/><D24/><U21/><E30/><V63/><F103/><W73/><G104/><T112/><D112/><N who="1" m="43115" /><E92/><V61/><F61/><W100/><G36/><T50/><D6/><U128/><E128/><V111/><F111/><W12/><G73/><T57/><D57/><U52/><E5/><V7/><F87/><W22/><G35/><T131/><D131/><U14/><E9/><V68/><F68/><W1/><G1/><T98/><D2/><U74/><E74/><V60/><F60/><W16/><G83/><T101/><D101/><U32/><E32/><V3/><F4/><W41/><G95/><T72/><D72/><U47/><E47/><V130/><F130/><W88/><G100/><T77/><D77/><U18/><E18/><V116/><F116/><W89/><AGARI ba="0,0" hai="8,12,16,22,25,31,41,46,49,59,62,65,88,89" machi="89" ten="30,7900,0" yaku="0,1,8,1,54,2" doraHai="93" who="3" fromWho="3" sc="210,-39,15,-20,701,-20,74,79" owari="171,-3.0,-5,-51.0,681,79.0,153,-25.0" /></mjloggm>