<mjloggm ver="2.3"><GO type="233" lobby="0"/><UN n0="%E3%81%8A%E7%9F%A5%E3%82%89%E3%81%9B" n1="%4D%4B%5A" n2="%E3%82%A6%E3%83%AB%E3%83%88%E3%83%A9%E7%AB%8B%E7%9B%B4" n3="%66%75%6A%69" dan="16,16,17,16" rate="2113.57,2114.02,2209.39,2038.27" sx="M,M,M,M"/><TAIKYOKU oya="0"/><INIT seed="0,0,0,4,0,129" ten="250,250,250,250" oya="0" hai0="29,111,130,33,38,92,86,49,91,19,68,22,93" hai1="62,106,56,131,122,67,25,85,58,109,4,116,112" hai2="82,31,32,47,69,121,34,133,1,64,55,104,128" hai3="10,13,66,127,40,79,50,120,21,57,107,14,20"/><T11/><D38/><U17/><E106/><V12/><F55/><W90/><G107/><T60/><D130/><U101/><E116/><V88/><F12/><W97/><G79/><T105/><D105/><U16/><E101/><V46/><F31/><W6/><G127/><T48/><D11/><U26/><E131/><V43/><F88/><W59/><G120/><T75/><D75/><U54/><E122/><V89/><F89/><W73/><G73/><T110/><D33/><U118/><E118/><V8/><F47/><N who="3" m="25959" /><G66/><T123/><D29/><U24/><E109/><N who="0" m="41481" /><D123/><U102/><E102/><V117/><F104/><W132/><G132/><T113/><D113/><U83/><E4/><V119/><F121/><W77/><G77/><T27/><D93/><U72/><E72/><V108/><F128/><W2/><G2/><T135/><D135/><U28/><E28/><V99/><F108/><W71/><G71/><T70/><D70/><U98/><E98/><V84/><F99/><W115/><G115/><T61/><D61/><N who="1" m="35991" /><E112/><V42/><F133/><W134/><G134/><T81/><D81/><U45/><E45/><V9/><F46/><W124/><G124/><T126/><D126/><U18/><E26/><V36/><F36/><W78/><G78/><AGARI ba="0,0" hai="16,17,18,24,25,58,62,67,78,83,85" m="35991" machi="78" ten="30,2000,0" yaku="8,1,54,1" doraHai="129" who="1" fromWho="3" sc="250,0,250,20,250,0,250,-20" /><INIT seed="1,0,0,5,4,97" ten="250,270,250,230" oya="1" hai0="21,65,67,131,29,39,118,128,115,85,130,51,134" hai1="90,135,95,61,116,28,22,78,60,50,38,104,98" hai2="82,44,68,31,94,108,77,16,93,119,112,2,111" hai3="53,101,105,1,72,62,3,43,83,0,127,117,132"/><U76/><E38/><V15/><F2/><W34/><G34/><T126/><D126/><U27/><E116/><V18/><F119/><W89/><G117/><T12/><D134/><U7/><E104/><V41/><F68/><W37/><G132/><T92/><D39/><U20/><E135/><V52/><F31/><W70/><G127/><T33/><D115/><U113/><E113/><V114/><F93/><W58/><G70/><T17/><D118/><U75/><E7/><V73/><F94/><W57/><G57/><T42/><D29/><U9/><E9/><V123/><F18/><W56/><G56/><T96/><D33/><U120/><E20/><N who="2" m="11295" /><F123/><W66/><G43/><T102/><REACH who="0" step="1"/><D85/><REACH who="0" ten="240,270,250,230" step="2"/><U122/><E120/><V81/><F114/><W24/><G37/><T11/><D11/><U84/><E122/><V103/><F112/><W30/><G30/><T19/><D19/><U4/><E4/><V91/><F73/><W80/><G72/><T71/><D71/><U107/><E75/><V59/><F111/><W86/><G86/><T106/><D106/><U23/><E107/><V47/><F108/><W69/><G105/><T100/><D100/><U14/><E84/><V48/><F103/><W45/><G101/><T74/><D74/><U49/><E23/><V109/><F109/><W133/><G133/><T40/><D40/><U87/><E87/><N who="2" m="48559" /><F41/><W32/><G32/><T125/><D125/><U129/><E22/><V64/><F82/><W25/><G80/><T46/><AGARI ba="0,1" hai="12,17,21,42,46,51,65,67,92,96,102,128,130,131" machi="46" ten="40,8000,1" yaku="1,1,0,1,19,1,52,1,53,1" doraHai="97" doraHaiUra="10" who="0" fromWho="0" sc="240,90,270,-40,250,-20,230,-20" /><INIT seed="2,0,0,4,1,128" ten="330,230,230,210" oya="2" hai0="47,23,79,94,118,29,53,80,45,124,64,19,24" hai1="97,83,130,134,115,70,41,71,0,119,52,44,13" hai2="31,51,86,38,48,61,129,107,32,132,34,111,58" hai3="106,127,6,93,78,87,18,90,120,109,28,105,16"/><V103/><F38/><W9/><G120/><T36/><D124/><U108/><E0/><V7/><F129/><W42/><G127/><T110/><D110/><U84/><E130/><V12/><F111/><W27/><G109/><T101/><D36/><U117/><E108/><V100/><F34/><W26/><G42/><T40/><D64/><U4/><E115/><V113/><F113/><W89/><G78/><T1/><D1/><U95/><E71/><V25/><F132/><W112/><G112/><T63/><D40/><U85/><E70/><V43/><F86/><W135/><G135/><T74/><D118/><U75/><E75/><V81/><F81/><W30/><G87/><T8/><D63/><U69/><E69/><V56/><F107/><W2/><G93/><T5/><D53/><U10/><E134/><V33/><F33/><W76/><G76/><T91/><D101/><U68/><E68/><V82/><F82/><W21/><G2/><T125/><D125/><U123/><E123/><V60/><F43/><W15/><G21/><T116/><D116/><U11/><E119/><V17/><F7/><W122/><G122/><T59/><D59/><U114/><E114/><V39/><F39/><W50/><G6/><T73/><D73/><U22/><E117/><V3/><F3/><W35/><G35/><T98/><D5/><U88/><E4/><V96/><F58/><W54/><G15/><N who="0" m="7655" /><D45/><U66/><E41/><V72/><F72/><W46/><G46/><T62/><D47/><U102/><E66/><N who="2" m="39175" /><F61/><W57/><G57/><T20/><D62/><U77/><E44/><RYUUKYOKU ba="0,0" sc="330,30,230,-10,230,-10,210,-10" hai0="20,23,24,29,74,79,80,91,94,98" /><INIT seed="3,1,0,2,5,87" ten="360,220,220,200" oya="3" hai0="112,79,135,38,67,134,3,39,10,110,37,72,125" hai1="116,8,88,47,55,19,82,86,122,68,13,40,46" hai2="26,63,114,18,44,97,73,91,96,118,61,25,4" hai3="76,105,70,117,48,42,85,80,99,35,123,89,24"/><W101/><G117/><T109/><D125/><U65/><E122/><V104/><F73/><W33/><G123/><T34/><D34/><U49/><E116/><V93/><F114/><W14/><G70/><T111/><D67/><U129/><E129/><V21/><F118/><W54/><G42/><T100/><D100/><U57/><E68/><V78/><F78/><W69/><G69/><T64/><D64/><U45/><REACH who="1" step="1"/><E65/><REACH who="1" ten="360,210,220,200" step="2"/><V119/><F119/><W12/><G76/><T17/><D79/><U108/><E108/><V59/><F104/><W9/><G24/><T107/><D111/><U71/><E71/><V16/><F26/><W66/><G66/><T32/><D110/><U102/><E102/><V41/><F25/><W126/><G126/><T106/><D109/><U31/><E31/><V128/><F128/><W36/><G36/><AGARI ba="1,1" hai="8,13,19,36,40,45,46,47,49,55,57,82,86,88" machi="36" ten="30,8000,1" yaku="1,1,7,1,52,1,54,1,53,1" doraHai="87" doraHaiUra="7" who="1" fromWho="3" sc="360,0,210,93,220,0,200,-83" /><INIT seed="4,0,0,4,1,107" ten="360,303,220,117" oya="0" hai0="31,126,124,92,113,103,73,86,45,34,76,46,132" hai1="109,118,44,108,19,127,26,78,128,101,72,68,123" hai2="18,61,28,10,41,91,9,120,38,105,4,43,67" hai3="89,11,97,133,36,60,49,98,77,94,82,75,95"/><T17/><D73/><U119/><E68/><V0/><F120/><W30/><G36/><T114/><D34/><U99/><E19/><V57/><F105/><W25/><G133/><T102/><D31/><U96/><E26/><V58/><F28/><W74/><G11/><T14/><D132/><U125/><E44/><N who="0" m="17001" /><D76/><U12/><E12/><V27/><F38/><W55/><G60/><T1/><D1/><U20/><E123/><V83/><F83/><W122/><G122/><T59/><D59/><U87/><E20/><V85/><F58/><W106/><G106/><T93/><D86/><U40/><E87/><V8/><F4/><W135/><G135/><T22/><D93/><N who="1" m="58511" /><E99/><V62/><F0/><W7/><G7/><T110/><D110/><N who="1" m="42603" /><E40/><V15/><F43/><W70/><G70/><T104/><D104/><U116/><E128/><V56/><F41/><W48/><G74/><T66/><D66/><U51/><E51/><V121/><F121/><W117/><G55/><T3/><D3/><U50/><E50/><V134/><F134/><W24/><G117/><T54/><D54/><U23/><E23/><N who="2" m="13815" /><F57/><W64/><G64/><T84/><D103/><U131/><E131/><V71/><F71/><W37/><G37/><T47/><D47/><U111/><E111/><V100/><F100/><N who="3" m="60471" /><G30/><T32/><D32/><U80/><AGARI ba="0,0" hai="72,78,80,116,118,119,125,127" m="42603,58511" machi="80" ten="40,5200,0" yaku="34,2,52,1" doraHai="107" who="1" fromWho="1" sc="360,-26,303,52,220,-13,117,-13" /><INIT seed="5,0,0,5,1,101" ten="334,355,207,104" oya="1" hai0="102,34,87,132,14,17,46,119,77,118,30,13,84" hai1="112,6,109,11,99,38,72,54,85,128,104,123,68" hai2="49,70,15,0,44,117,12,20,32,23,114,10,116" hai3="90,45,81,94,130,115,66,83,37,100,27,74,7"/><U126/><RYUUKYOKU type="yao9" ba="0,0" sc="334,0,355,0,207,0,104,0" hai1="6,11,38,54,68,72,85,99,104,109,112,123,126,128" /><INIT seed="5,1,0,1,4,118" ten="334,355,207,104" oya="1" hai0="125,124,2,59,52,72,75,101,113,44,48,19,98" hai1="29,64,51,5,20,56,87,96,70,28,133,86,103" hai2="41,85,116,17,92,104,102,1,88,38,37,18,21" hai3="94,115,11,49,53,31,15,46,74,83,43,80,24"/><U30/><E70/><V90/><F1/><W73/><G115/><T134/><D113/><U67/><E5/><V33/><F33/><W32/><G74/><T89/><D89/><U135/><E51/><V26/><F116/><W93/><G43/><T39/><D2/><U16/><E96/><V106/><F102/><W62/><G62/><T55/><D19/><U130/><E103/><V10/><F90/><W14/><G14/><T50/><D39/><U60/><E64/><V69/><F69/><W63/><G63/><T47/><D59/><U120/><E120/><V8/><F8/><W82/><REACH who="3" step="1"/><G73/><REACH who="3" ten="334,355,207,94" step="2"/><T117/><D117/><U54/><E67/><V97/><F41/><W105/><G105/><T95/><D72/><U81/><E130/><V13/><F104/><W112/><G112/><T127/><D75/><U91/><REACH who="1" step="1"/><E87/><REACH who="1" ten="334,345,207,94" step="2"/><V45/><F85/><W36/><G36/><T108/><D125/><U66/><E66/><V71/><F38/><W9/><G9/><T131/><D127/><U99/><E99/><V42/><F106/><W3/><G3/><T4/><D124/><U58/><E58/><V132/><F71/><W35/><G35/><T7/><D131/><U34/><E34/><V78/><F37/><W128/><G128/><T40/><D98/><U76/><E76/><V84/><F78/><W79/><G79/><T122/><D122/><U114/><E114/><V119/><F97/><W123/><G123/><T109/><D48/><U68/><E68/><V22/><F119/><W121/><G121/><T27/><D50/><U57/><E57/><V129/><F129/><RYUUKYOKU ba="1,2" sc="334,-15,345,15,207,-15,94,15" hai1="16,20,28,29,30,54,56,60,81,86,91,133,135" hai3="11,15,24,31,32,46,49,53,80,82,83,93,94" /><INIT seed="5,2,2,3,0,94" ten="319,360,192,109" oya="1" hai0="3,7,5,66,17,8,78,63,24,50,59,49,115" hai1="33,65,126,116,52,69,13,40,72,25,111,26,113" hai2="83,21,129,51,56,67,122,15,133,1,98,68,11" hai3="92,45,127,81,123,85,48,0,121,20,107,84,18"/><U22/><E116/><V54/><F122/><W102/><G0/><T96/><D115/><U101/><E72/><V125/><F1/><W62/><G107/><T35/><D78/><U100/><E113/><V16/><F125/><W39/><G39/><T75/><D75/><U91/><E26/><V14/><F129/><W6/><G6/><T118/><D118/><U61/><E126/><V9/><F133/><W119/><G127/><T32/><D7/><U70/><E70/><V60/><F83/><W10/><G10/><T128/><D128/><U28/><E40/><V117/><F117/><W53/><G62/><T38/><D38/><U103/><E13/><V132/><F132/><W97/><G119/><T108/><D108/><U131/><E131/><V57/><F68/><W82/><G82/><T112/><D32/><U86/><E52/><V71/><F71/><W19/><G85/><T31/><D112/><U99/><E111/><V55/><F67/><W64/><G64/><T73/><D73/><U4/><E4/><V134/><F134/><W124/><G124/><T74/><D74/><U130/><E22/><V89/><F15/><W95/><G95/><AGARI ba="2,2" hai="9,11,14,16,21,51,54,55,56,57,60,89,95,98" machi="95" ten="40,5200,0" yaku="8,1,52,1,54,1" doraHai="94" who="2" fromWho="3" sc="319,0,360,0,192,78,109,-58" /><INIT seed="6,0,0,2,2,42" ten="319,360,270,51" oya="2" hai0="76,115,105,21,58,121,40,20,5,104,92,37,15" hai1="45,60,118,65,4,22,117,119,111,106,27,34,83" hai2="123,70,125,89,16,112,49,103,86,6,14,33,69" hai3="110,13,75,39,62,35,87,124,99,84,11,64,36"/><V78/><F123/><W113/><G110/><T3/><D3/><U133/><E106/><V41/><F33/><W54/><G75/><T79/><D40/><U88/><E34/><V130/><F125/><W93/><G124/><T81/><D37/><U135/><E111/><V95/><F112/><W18/><G35/><T122/><D58/><U82/><E4/><V96/><F130/><W114/><G84/><T56/><D56/><U2/><E2/><V131/><F131/><W68/><G87/><T101/><D92/><U55/><E45/><N who="2" m="25775" /><F70/><W0/><G0/><T28/><D115/><N who="3" m="44041" /><G54/><T127/><D127/><U74/><E55/><V71/><F69/><W46/><G46/><T59/><D59/><N who="1" m="37023" /><E74/><V100/><F71/><W43/><G43/><T26/><D121/><U132/><E88/><AGARI ba="0,0" hai="11,13,18,36,39,62,64,68,88,93,99" m="44041" machi="88" ten="30,3900,0" yaku="15,1,11,1,54,1" doraHai="42" who="3" fromWho="1" sc="319,0,360,-39,270,0,51,39" /><INIT seed="7,0,0,0,3,104" ten="319,321,270,90" oya="3" hai0="124,38,113,84,64,21,118,37,119,0,17,33,80" hai1="9,92,101,74,68,62,112,103,85,30,11,66,61" hai2="46,53,35,90,95,106,27,94,110,111,87,129,34" hai3="51,108,63,135,39,1,7,56,99,100,31,91,10"/><W40/><G135/><T5/><D33/><U102/><E74/><V52/><F106/><W65/><G108/><T67/><D5/><U49/><E112/><V14/><F129/><W77/><G31/><T18/><D0/><U76/><E30/><V42/><F35/><W134/><G134/><T26/><D113/><U59/><E49/><V44/><F34/><W133/><G133/><T81/><D21/><U127/><E127/><V29/><F29/><W98/><G77/><T58/><D58/><U70/><E70/><V24/><F14/><W117/><G117/><T60/><D60/><U36/><E36/><V41/><F87/><W109/><G109/><T128/><D84/><U114/><E114/><V126/><F90/><W107/><G39/><T120/><D26/><U115/><E115/><V131/><F131/><W116/><G116/><T72/><D72/><U96/><E85/><V47/><F47/><W16/><G16/><T69/><D128/><U71/><E76/><V25/><F25/><W12/><G1/><T86/><D124/><AGARI ba="0,0" hai="24,27,41,42,44,46,52,53,94,95,110,111,124,126" machi="124" ten="25,3200,0" yaku="22,2,54,1" doraHai="104" who="2" fromWho="0" sc="319,-32,321,0,270,32,90,0" owari="287,-11.0,321,42.0,302,10.0,90,-41.0" /></mjloggm>