<mjloggm ver="2.3"><GO type="41" lobby="0"/><UN n0="%E5%B0%B1%E6%B4%BB%E7%94%9F%40%E5%B7%9D%E6%9D%91%E8%BB%8D%E5%9B%A3" n1="%E4%BA%94%E5%91%B3%E3%81%98%E3%81%98%E3%81%84" n2="%4E%6F%2D%48%6F%72%61" n3="%63%6F%63%6F%6C%75%6C%75" dan="15,14,14,14" rate="1991.66,1973.68,1918.47,1907.36" sx="M,M,M,M"/><TAIKYOKU oya="0"/><INIT seed="0,0,0,0,3,20" ten="250,250,250,250" oya="0" hai0="36,124,134,105,100,38,80,64,53,23,62,135,39" hai1="17,14,1,114,0,10,106,76,26,129,115,67,43" hai2="127,98,111,56,86,34,60,113,103,48,51,73,122" hai3="65,28,123,128,25,87,9,90,132,61,107,88,84"/><T120/><D120/><U33/><E106/><V15/><F34/><W21/><G123/><T109/><D105/><U71/><E43/><V74/><F122/><W13/><G128/><T75/><D100/><U50/><E129/><V81/><F113/><W99/><G132/><N who="0" m="50731" /><D124/><U131/><E131/><V30/><F127/><W68/><G107/><T91/><D109/><U31/><E50/><V46/><F30/><W7/><REACH who="3" step="1"/><G99/><REACH who="3" ten="250,250,250,240" step="2"/><T83/><D75/><U2/><REACH who="1" step="1"/><E76/><REACH who="1" ten="250,240,250,240" step="2"/><V27/><F111/><W59/><G59/><N who="0" m="36959" /><D91/><AGARI ba="0,2" hai="7,9,13,21,25,28,61,65,68,84,87,88,90,91" machi="91" ten="40,5200,0" yaku="1,1,52,1,54,1,53,0" doraHai="20" doraHaiUra="93" who="3" fromWho="0" sc="250,-52,240,0,250,0,240,72" /><INIT seed="1,0,0,2,3,61" ten="198,240,250,312" oya="1" hai0="45,25,8,114,76,97,21,122,60,0,116,117,92" hai1="65,109,99,93,73,69,124,67,82,77,135,9,17" hai2="120,112,37,64,34,35,121,18,52,5,101,125,3" hai3="46,98,40,119,57,100,47,58,128,39,132,53,83"/><U2/><E124/><V6/><F37/><W42/><G83/><T50/><D114/><U20/><E135/><V105/><F105/><W118/><G98/><T110/><D122/><N who="2" m="47210" /><F64/><W59/><G100/><T19/><D110/><U7/><E69/><V74/><F101/><W81/><G81/><T13/><D76/><U88/><REACH who="1" step="1"/><E109/><REACH who="1" ten="198,230,250,312" step="2"/><V24/><F125/><W54/><G132/><T85/><D0/><U70/><E70/><V131/><F112/><W28/><G28/><T22/><D116/><N who="3" m="44585" /><G128/><T33/><D117/><U49/><E49/><AGARI ba="0,1" hai="39,40,42,46,47,49,53,54,57,58,59" m="44585" machi="49" ten="30,3900,0" yaku="12,1,34,2" doraHai="61" who="3" fromWho="1" sc="198,0,230,-39,250,0,312,49" /><INIT seed="2,0,0,5,4,12" ten="198,191,250,361" oya="2" hai0="3,122,0,133,67,1,126,108,31,128,92,110,4" hai1="70,62,115,16,79,103,34,135,123,132,74,35,18" hai2="125,51,112,10,36,40,94,5,93,8,134,109,17" hai3="46,19,28,130,21,47,64,106,41,99,75,33,118"/><V52/><F112/><W38/><G118/><T26/><D67/><N who="1" m="41335" /><E115/><V131/><F131/><W73/><G130/><T58/><D58/><U101/><E123/><V20/><F134/><N who="1" m="51241" /><E79/><V100/><F125/><W2/><G2/><T121/><D133/><U69/><E74/><V111/><F40/><W85/><G64/><T25/><D92/><N who="2" m="35434" /><F100/><N who="1" m="38473" /><E69/><V60/><F36/><W127/><G127/><T124/><D128/><U61/><E61/><V32/><F60/><W15/><G47/><T42/><D42/><U90/><E90/><V89/><F89/><W65/><G65/><T57/><D57/><U80/><E80/><V6/><F111/><N who="0" m="42538" /><D4/><N who="2" m="1642" /><F109/><W11/><G99/><T104/><D104/><U54/><E54/><V129/><F129/><W95/><G106/><T59/><D59/><U114/><E114/><V76/><F76/><W71/><G71/><T23/><D26/><U13/><E13/><N who="2" m="9263" /><F32/><AGARI ba="0,0" hai="16,18,32,34,35" m="38473,51241,41335" machi="32" ten="30,7700,0" yaku="20,1,52,2,54,1" doraHai="12" who="1" fromWho="2" sc="198,0,191,77,250,-77,361,0" /><INIT seed="3,0,0,2,0,91" ten="198,268,173,361" oya="3" hai0="42,50,55,114,10,130,126,104,44,67,7,1,51" hai1="116,59,108,76,129,87,16,8,73,33,105,122,95" hai2="23,57,56,94,39,46,135,96,71,70,90,125,38" hai3="117,111,120,97,86,63,102,79,49,100,4,35,68"/><W75/><G117/><T83/><D104/><U15/><E122/><V134/><F125/><W69/><G120/><T101/><D126/><U85/><E108/><V66/><F23/><W48/><G35/><T81/><D130/><U80/><E105/><V113/><F113/><W103/><G75/><T22/><D114/><U127/><E127/><V6/><F6/><W36/><G36/><N who="2" m="13865" /><F46/><W21/><G97/><T78/><D101/><U123/><E33/><V41/><F41/><W93/><G4/><T128/><D128/><U118/><E123/><V89/><F89/><W2/><G2/><T115/><D115/><U64/><E129/><V99/><F99/><W131/><G131/><T65/><D22/><U12/><E12/><V72/><F72/><W5/><G5/><T19/><D19/><U29/><E29/><V0/><F0/><W62/><G21/><T45/><REACH who="0" step="1"/><D83/><REACH who="0" ten="188,268,173,361" step="2"/><U43/><E118/><V74/><F135/><W37/><G103/><T77/><D77/><U31/><E116/><V28/><F134/><W53/><G79/><T13/><D13/><U84/><E95/><V40/><F28/><W88/><G93/><T9/><D9/><U61/><E31/><V32/><F32/><W124/><G124/><T98/><D98/><U25/><E25/><V27/><F27/><W112/><G112/><T30/><D30/><U3/><E3/><V18/><F18/><W110/><G100/><T109/><D109/><U60/><E73/><AGARI ba="0,1" hai="1,7,10,42,44,45,50,51,55,65,67,73,78,81" machi="73" ten="30,2000,0" yaku="1,1,7,1,53,0" doraHai="91" doraHaiUra="52" who="0" fromWho="1" sc="188,30,268,-20,173,0,361,0" /><INIT seed="4,0,0,1,1,22" ten="218,248,173,361" oya="0" hai0="31,6,76,96,134,64,3,94,1,129,123,103,105" hai1="131,43,17,79,84,67,115,52,66,119,85,41,126" hai2="12,130,55,8,44,18,107,82,91,26,133,38,74" hai3="60,35,46,95,65,110,42,49,5,68,11,69,45"/><T56/><D123/><U24/><E115/><V36/><F107/><W14/><G110/><T15/><D129/><U4/><E119/><V70/><F70/><W16/><G35/><T90/><D134/><U0/><E131/><V29/><F130/><W97/><G46/><T127/><D76/><U77/><E126/><V39/><F133/><W135/><G135/><T47/><D127/><U132/><E0/><V13/><F13/><W51/><G5/><T9/><D47/><U10/><E132/><V117/><F117/><W63/><G51/><T28/><D3/><U121/><E4/><V114/><F114/><W120/><G120/><T57/><D1/><U30/><E30/><V25/><F29/><W93/><G97/><T106/><D106/><U20/><E121/><V33/><F33/><W116/><G116/><T122/><D122/><U118/><E10/><V58/><F44/><W62/><G62/><T104/><D104/><U71/><E71/><V27/><F74/><W109/><G109/><T72/><D72/><U92/><E118/><V113/><F113/><W111/><G111/><T78/><D78/><U37/><E37/><V73/><F73/><W99/><G99/><N who="0" m="57815" /><D64/><AGARI ba="0,0" hai="11,14,16,42,45,49,60,63,64,65,68,69,93,95" machi="64" ten="40,2600,0" yaku="9,1,54,1" doraHai="22" who="3" fromWho="0" sc="218,-26,248,0,173,0,361,26" /><INIT seed="5,0,0,5,5,101" ten="192,248,173,387" oya="1" hai0="94,17,58,54,30,71,56,97,16,76,42,48,95" hai1="65,133,120,110,135,105,131,61,53,115,18,130,75" hai2="37,77,5,99,103,109,7,121,64,13,25,26,102" hai3="57,14,78,52,74,50,44,89,12,106,43,129,55"/><U23/><E75/><V122/><F109/><W134/><G129/><N who="1" m="49162" /><E120/><V63/><F37/><W70/><G70/><T10/><D71/><N who="1" m="42415" /><E115/><V100/><F77/><W107/><G134/><N who="1" m="51210" /><E53/><V31/><F121/><W92/><G78/><T15/><D76/><U82/><E82/><V22/><F122/><W62/><G55/><T81/><D81/><U34/><E34/><V112/><F112/><W80/><G80/><T113/><D113/><U6/><E6/><V69/><F5/><W111/><G74/><T114/><D114/><U38/><E38/><V83/><F83/><W29/><G111/><T21/><D30/><U79/><E79/><V59/><F7/><W19/><G29/><T2/><D42/><U90/><E90/><V33/><F69/><W104/><REACH who="3" step="1"/><G19/><REACH who="3" ten="192,248,173,377" step="2"/><T49/><D17/><U1/><E110/><V66/><F66/><W68/><G68/><T119/><D119/><U11/><E1/><V40/><F40/><W9/><G9/><T93/><D2/><U126/><E11/><V125/><F31/><W20/><G20/><T3/><D3/><U96/><E23/><V132/><F33/><W123/><G123/><T73/><D73/><U41/><E18/><N who="2" m="10575" /><F132/><W88/><G88/><N who="0" m="55463" /><D10/><U72/><E72/><V85/><F100/><W39/><G39/><T87/><D87/><AGARI ba="0,1" hai="12,14,43,44,50,52,57,62,87,89,92,104,106,107" machi="87" ten="40,12000,2" yaku="1,1,52,3,54,1,53,1" doraHai="101" doraHaiUra="36" who="3" fromWho="0" sc="192,-120,248,0,173,0,377,130" /><INIT seed="6,0,0,4,5,69" ten="72,248,173,507" oya="2" hai0="33,108,49,125,85,67,90,59,124,133,64,9,75" hai1="110,47,121,38,7,56,62,109,23,74,100,39,32" hai2="40,30,76,120,135,42,21,36,134,81,95,0,46" hai3="131,98,61,94,50,24,11,28,27,13,26,119,44"/><V101/><F120/><W122/><G119/><T17/><D33/><U6/><E74/><V86/><F0/><W104/><G104/><T116/><D75/><U12/><E32/><V53/><F40/><W65/><G122/><T68/><D116/><U105/><E121/><V88/><F101/><W60/><G131/><T37/><D108/><U71/><E71/><V19/><F30/><W2/><G2/><T10/><D133/><N who="2" m="50698" /><F53/><N who="3" m="29895" /><G65/><T118/><D118/><U117/><E117/><V58/><F58/><W15/><G28/><T112/><D112/><U84/><E110/><V127/><F127/><W57/><G57/><T14/><D68/><U54/><E109/><V93/><F76/><W79/><G79/><T29/><D29/><U130/><E130/><V123/><F123/><W22/><G22/><T83/><D10/><U132/><E132/><V16/><F19/><N who="3" m="8639" /><G15/><AGARI ba="0,0" hai="15,16,21,36,42,46,81,86,88,93,95" m="50698" machi="15" ten="30,11600,0" yaku="20,1,52,1,54,2" doraHai="69" who="2" fromWho="3" sc="72,0,248,0,173,116,507,-116" /><INIT seed="6,1,0,5,1,26" ten="72,248,289,391" oya="2" hai0="86,67,12,36,107,61,63,45,19,99,23,50,132" hai1="5,1,92,123,105,133,3,2,94,121,31,58,116" hai2="7,28,30,59,35,21,74,29,104,128,83,113,27" hai3="131,125,11,34,49,64,98,108,41,91,95,119,79"/><V14/><F104/><W80/><G119/><T65/><D36/><U129/><E116/><V56/><F35/><W55/><G108/><T93/><D132/><U54/><E105/><V77/><F128/><W115/><G115/><T97/><D107/><U109/><E109/><V112/><F7/><W66/><G34/><T87/><D63/><U110/><E110/><V100/><F14/><W134/><G41/><T126/><D126/><U127/><E127/><V18/><REACH who="2" step="1"/><F100/><REACH who="2" ten="72,248,279,391" step="2"/><W85/><G125/><T89/><D99/><U118/><E129/><V70/><F70/><W106/><G131/><T17/><D17/><U51/><E118/><V135/><F135/><W82/><G134/><T103/><D61/><U22/><E133/><V122/><F122/><W25/><G106/><T10/><D23/><U8/><E123/><V24/><F24/><W33/><G11/><T111/><D111/><U39/><E121/><V0/><F0/><W16/><G82/><T73/><D73/><U9/><E5/><V20/><F20/><N who="3" m="13447" /><G33/><T90/><D103/><U101/><E22/><V57/><AGARI ba="1,1" hai="18,21,27,28,29,30,56,57,59,74,77,83,112,113" machi="57" ten="40,12000,1" yaku="1,1,0,1,52,3,53,0" doraHai="26" doraHaiUra="130" who="2" fromWho="2" sc="72,-41,248,-41,279,133,391,-41" /><INIT seed="6,2,0,1,2,50" ten="31,207,412,350" oya="2" hai0="37,128,94,62,100,103,79,120,117,55,18,89,83" hai1="1,43,125,51,21,96,90,10,26,27,13,11,109" hai2="34,122,108,61,53,77,22,28,58,17,64,29,111" hai3="49,132,126,106,59,48,25,5,130,56,52,54,6"/><V116/><F122/><W42/><G106/><T16/><D37/><U68/><E68/><V118/><F77/><W124/><G130/><T110/><D110/><N who="2" m="42026" /><F34/><W87/><G132/><T75/><D120/><U67/><E109/><V65/><F28/><W70/><G70/><T84/><D128/><U131/><E125/><N who="3" m="48234" /><G25/><T4/><D4/><N who="3" m="1641" /><G87/><T121/><D121/><U91/><E1/><V24/><F29/><W8/><G8/><T35/><D35/><U81/><E131/><V135/><F135/><W133/><G133/><T92/><D117/><AGARI ba="2,0" hai="17,22,24,53,58,61,64,65,116,117,118" m="42026" machi="117" ten="30,2900,0" yaku="10,1,52,1" doraHai="50" who="2" fromWho="0" sc="31,-35,207,0,412,35,350,0" owari="-4,-50.0,207,-19.0,447,54.0,350,15.0" /></mjloggm>