<mjloggm ver="2.3"><GO type="169" lobby="0"/><UN n0="%E3%82%A6%E3%83%AB%E3%83%88%E3%83%A9%E7%AB%8B%E7%9B%B4" n1="%E3%82%AF%E3%83%AD%E3%83%8E%E3%82%B9%40" n2="%E7%B4%A0%E6%9C%B4%E3%81%AA%E5%91%B3%E3%82%8F%E3%81%84" n3="%E5%AE%AE%E6%9C%AC%E4%BE%86%E5%A4%8F" dan="18,18,16,16" rate="2198.63,2223.85,2109.79,2121.86" sx="M,M,M,F"/><TAIKYOKU oya="0"/><INIT seed="0,0,0,2,5,82" ten="250,250,250,250" oya="0" hai0="19,4,108,102,65,105,56,111,51,110,99,42,77" hai1="116,87,3,30,17,104,46,8,5,126,118,0,109" hai2="11,36,81,86,53,6,9,69,122,22,29,57,125" hai3="23,129,98,101,92,112,106,27,12,10,24,133,44"/><T18/><D4/><U74/><E104/><V2/><F69/><W1/><G112/><T103/><D103/><U32/><E74/><V80/><F36/><W37/><G133/><T35/><D35/><U131/><E46/><V128/><F122/><W7/><G129/><T76/><D42/><U134/><E87/><V75/><F125/><W113/><G113/><T119/><D119/><U100/><E100/><V97/><F128/><W73/><G73/><T20/><D19/><U85/><E85/><V58/><F97/><W25/><G106/><T127/><D127/><U62/><E62/><V33/><F33/><W107/><G107/><T48/><D65/><U135/><E131/><V21/><F9/><W117/><G117/><N who="1" m="45162" /><E109/><V90/><F29/><W71/><G71/><T59/><D59/><U95/><E95/><V38/><F38/><W47/><G37/><T31/><D31/><U63/><E63/><V114/><F114/><W83/><G83/><T61/><D61/><U93/><E93/><V89/><F58/><W66/><G66/><T15/><REACH who="0" step="1"/><D56/><REACH who="0" ten="240,250,250,250" step="2"/><U54/><E126/><V121/><F121/><W50/><G47/><T34/><D34/><U94/><E17/><V14/><F6/><W91/><G44/><T120/><D120/><U115/><E30/><V78/><F57/><W49/><G7/><T26/><D26/><U130/><E5/><V72/><F53/><W70/><G70/><T43/><BYE who="3" /><D43/><U96/><E54/><V13/><F75/><W67/><G67/><T28/><D28/><U88/><E130/><V41/><F72/><UN n3="%E5%AE%AE%E6%9C%AC%E4%BE%86%E5%A4%8F" /><W64/><G23/><RYUUKYOKU ba="0,1" sc="240,30,250,-10,250,-10,250,-10" hai0="15,18,20,48,51,76,77,99,102,105,108,110,111" /><INIT seed="0,1,1,1,4,83" ten="270,240,240,240" oya="0" hai0="90,130,26,0,87,37,74,108,25,131,60,129,72" hai1="32,1,79,65,107,49,27,86,91,109,48,66,93" hai2="36,102,89,47,85,97,76,38,92,4,18,20,28" hai3="30,55,44,33,63,132,15,77,12,70,106,134,96"/><T115/><D37/><U45/><E1/><V29/><F4/><W103/><G77/><T81/><D115/><U56/><E107/><V127/><F127/><W75/><G75/><N who="0" m="28715" /><D0/><U13/><E109/><V110/><F110/><W61/><G61/><T9/><D108/><U117/><E117/><V119/><F119/><W104/><G104/><T100/><D100/><U43/><E13/><V59/><F76/><W99/><G99/><T22/><D9/><U8/><E8/><V73/><F73/><W16/><G15/><T125/><D125/><U82/><E27/><N who="0" m="10249" /><D60/><U128/><E32/><V88/><F47/><W3/><G3/><T34/><D22/><U5/><E128/><V135/><F135/><N who="3" m="51755" /><G33/><AGARI ba="1,1" hai="33,34,81,87,90,129,130,131" m="10249,28715" machi="33" ten="40,3900,0" yaku="19,1,52,1" doraHai="83" who="0" fromWho="3" sc="270,52,240,0,240,0,240,-42" /><INIT seed="0,2,0,3,2,119" ten="322,240,240,198" oya="0" hai0="11,4,127,3,49,0,81,2,115,105,20,34,5" hai1="91,56,72,69,99,97,25,43,101,74,67,41,17" hai2="24,62,77,52,84,30,1,55,14,7,135,68,16" hai3="124,92,39,65,53,121,104,70,18,19,82,33,8"/><T89/><D105/><U60/><E69/><V123/><F123/><W122/><G104/><T10/><D115/><U40/><E91/><V110/><F110/><W93/><G33/><T21/><D49/><U54/><E67/><V90/><F77/><W116/><G39/><T23/><D127/><U38/><E38/><V73/><F73/><W96/><G116/><T126/><D126/><U51/><E51/><V106/><F106/><W117/><G117/><T112/><D112/><U134/><E134/><V42/><F135/><W86/><G53/><T58/><D58/><U26/><E99/><V71/><F42/><W94/><G96/><T85/><REACH who="0" step="1"/><D34/><REACH who="0" ten="312,240,240,198" step="2"/><U15/><E56/><V79/><F71/><W129/><G124/><T6/><AGARI ba="2,1" hai="0,2,3,4,5,6,10,11,20,21,23,81,85,89" machi="6" ten="40,12000,1" yaku="1,1,2,1,0,1,29,2,53,0" doraHai="119" doraHaiUra="131" who="0" fromWho="0" sc="312,136,240,-42,240,-42,198,-42" /><INIT seed="0,3,0,3,3,4" ten="448,198,198,156" oya="0" hai0="29,130,50,27,111,133,85,115,48,120,114,20,36" hai1="34,19,5,119,13,53,101,67,38,132,80,78,103" hai2="134,92,41,87,66,74,3,84,31,105,97,60,99" hai3="112,58,117,35,109,125,81,52,25,64,128,70,10"/><T118/><D36/><U96/><E38/><V124/><F74/><W22/><G112/><T39/><D39/><U17/><E34/><V15/><F3/><W46/><G117/><T69/><D69/><U108/><E108/><V91/><F124/><W16/><G109/><T68/><D68/><U102/><E132/><V131/><F131/><W1/><G125/><T129/><D111/><U83/><E119/><V63/><F41/><W11/><G1/><T82/><D118/><U93/><E67/><V7/><F134/><W30/><G128/><N who="0" m="49259" /><D120/><U113/><E113/><N who="0" m="43017" /><D133/><U45/><E45/><V88/><F31/><W37/><G81/><N who="1" m="31306" /><E53/><V44/><F44/><W65/><G70/><T98/><D98/><N who="2" m="37386" /><F66/><N who="3" m="25707" /><G46/><T26/><D26/><U21/><E78/><AGARI ba="3,0" hai="20,27,29,48,50,78,82,85" m="43017,49259" machi="78" ten="30,1500,0" yaku="19,1" doraHai="4" who="0" fromWho="1" sc="448,24,198,-24,198,0,156,0" /><INIT seed="0,4,0,2,3,47" ten="472,174,198,156" oya="0" hai0="15,5,130,117,40,110,96,87,121,41,36,128,0" hai1="114,127,81,43,67,24,55,49,22,101,76,63,56" hai2="44,113,88,92,107,65,119,66,134,28,115,13,23" hai3="39,131,95,97,57,4,35,79,89,59,30,58,122"/><T38/><D0/><U108/><E108/><V69/><F107/><W118/><G118/><T33/><D33/><U14/><E127/><V135/><F119/><W90/><G39/><T85/><D117/><U29/><E114/><V32/><F32/><W21/><G35/><T100/><D121/><U11/><E101/><V2/><F2/><W53/><G79/><T74/><D74/><U7/><E43/><V72/><F72/><W93/><G131/><T125/><D125/><U61/><REACH who="1" step="1"/><E67/><REACH who="1" ten="472,164,198,156" step="2"/><N who="2" m="25611" /><F115/><W91/><G122/><T77/><D110/><U83/><E83/><V102/><F113/><W132/><G132/><T73/><D41/><U129/><E129/><V48/><F102/><W25/><G4/><T1/><D40/><U34/><E34/><V9/><F69/><W80/><G80/><T105/><D5/><U71/><E71/><V10/><F135/><W109/><G109/><T104/><D100/><U103/><E103/><V27/><F134/><W75/><G75/><AGARI ba="4,1" hai="7,11,14,22,24,29,49,55,56,61,63,75,76,81" machi="75" ten="30,7700,0" yaku="1,1,7,1,52,1,53,1" doraHai="47" doraHaiUra="106" who="1" fromWho="3" sc="472,0,164,99,198,0,156,-89" /><INIT seed="1,0,0,1,3,63" ten="472,263,198,67" oya="1" hai0="27,58,46,21,30,44,124,116,18,39,81,135,114" hai1="133,84,32,16,74,51,55,92,83,67,45,34,98" hai2="20,10,75,11,68,127,24,69,106,38,82,25,117" hai3="125,59,22,130,29,42,104,3,73,99,101,40,60"/><U85/><E74/><V43/><F117/><W76/><G125/><T128/><D116/><U4/><E133/><V49/><F106/><W50/><G130/><T132/><D114/><U110/><E4/><V7/><F127/><W89/><G3/><T72/><D124/><U79/><E85/><V109/><F109/><W23/><G50/><T111/><D111/><U57/><E110/><V86/><F11/><W107/><G107/><T2/><D2/><U48/><E16/><V87/><F75/><W12/><G89/><T103/><D103/><U78/><E78/><V9/><F9/><W47/><G47/><T93/><D128/><U56/><E56/><V119/><F38/><W80/><G23/><T88/><D58/><U123/><E123/><V13/><F24/><W15/><G15/><T118/><D18/><U97/><E97/><V28/><F119/><W41/><G12/><T90/><D39/><U66/><E32/><V94/><F94/><W6/><G6/><T14/><D14/><U71/><E71/><V122/><F122/><W113/><G113/><T134/><D118/><U64/><E34/><V8/><F8/><W31/><REACH who="3" step="1"/><G22/><REACH who="3" ten="472,263,198,57" step="2"/><T19/><D19/><U54/><E51/><V5/><F5/><W33/><G33/><T102/><D90/><N who="1" m="55575" /><E45/><N who="2" m="25791" /><F87/><W96/><G96/><N who="0" m="59663" /><D72/><U36/><E36/><V17/><F28/><W62/><G62/><T65/><D46/><U61/><E48/><V26/><F26/><W112/><G112/><T100/><D44/><U131/><E131/><V126/><F126/><W52/><AGARI ba="0,1" hai="29,31,40,41,42,52,59,60,73,76,80,99,101,104" machi="52" ten="30,12000,2" yaku="1,1,0,1,54,1,53,3" doraHai="63" doraHaiUra="37" who="3" fromWho="3" sc="472,-30,263,-60,198,-30,57,130" /><INIT seed="2,0,0,4,4,11" ten="442,203,168,187" oya="2" hai0="98,41,36,126,105,79,47,122,73,57,108,109,95" hai1="111,59,24,16,125,100,33,43,12,25,63,118,88" hai2="74,6,37,107,48,4,19,55,133,85,92,69,10" hai3="3,68,86,124,64,120,127,27,102,104,76,34,99"/><V131/><F107/><W117/><G120/><T90/><D122/><U123/><E118/><V84/><F74/><W53/><G117/><T81/><D126/><U30/><E111/><N who="0" m="42569" /><D57/><U94/><E125/><N who="3" m="48202" /><G53/><T135/><D105/><U56/><E43/><V65/><F37/><W66/><G3/><T62/><D62/><U87/><E123/><V121/><F133/><AGARI ba="0,0" hai="36,41,47,73,79,81,90,95,98,133,135" m="42569" machi="133" ten="30,1000,0" yaku="14,1" doraHai="11" who="0" fromWho="2" sc="442,10,203,0,168,-10,187,0" /><INIT seed="3,0,0,1,1,67" ten="452,203,158,187" oya="3" hai0="6,66,131,61,60,116,51,117,104,24,91,63,94" hai1="48,62,114,41,37,22,4,105,68,112,115,77,39" hai2="47,21,71,36,10,16,118,14,54,34,109,89,3" hai3="98,73,38,92,0,110,86,18,53,96,46,44,108"/><W40/><G73/><T30/><D104/><U52/><E105/><V65/><F118/><W100/><G0/><T1/><D131/><U106/><E106/><V88/><F109/><N who="3" m="42091" /><G86/><T90/><D6/><U80/><E4/><V111/><F111/><W83/><G83/><T28/><D1/><U25/><E41/><V11/><F34/><W123/><G98/><T35/><D91/><U55/><E22/><V103/><F103/><W82/><G82/><T101/><D101/><U13/><E13/><V7/><F11/><W87/><G87/><T84/><D30/><U95/><E25/><V126/><F126/><W57/><G18/><T99/><D84/><U78/><E95/><V20/><F20/><W5/><G5/><T85/><D85/><U102/><E102/><V9/><F21/><W19/><G19/><T58/><D116/><U134/><E80/><V33/><F33/><W49/><G123/><T2/><D2/><U17/><E17/><V79/><F79/><W72/><G72/><T29/><D117/><U122/><E122/><V23/><F23/><W64/><G64/><T107/><D107/><U124/><E78/><V133/><F133/><W70/><G46/><T97/><D29/><U56/><E77/><V15/><F3/><W132/><G132/><T45/><D97/><U127/><E134/><V125/><F125/><W135/><G135/><T120/><D120/><U130/><E127/><V12/><F12/><W8/><G8/><T32/><D32/><U27/><E124/><V42/><F54/><AGARI ba="0,0" hai="24,28,35,45,51,54,58,60,61,63,66,90,94,99" machi="54" ten="30,1000,0" yaku="7,1" doraHai="67" who="0" fromWho="2" sc="452,10,203,0,158,-10,187,0" /><INIT seed="4,0,0,4,4,72" ten="462,203,148,187" oya="0" hai0="93,35,132,78,124,118,31,121,38,5,55,58,79" hai1="60,11,75,115,47,134,92,133,39,49,96,106,114" hai2="32,15,123,42,129,6,87,69,21,27,4,41,88" hai3="116,86,54,10,67,74,57,48,50,127,122,28,73"/><T119/><D38/><U33/><E33/><V103/><F123/><W1/><G116/><T68/><D68/><U84/><E75/><V18/><F69/><W97/><G122/><T61/><D121/><U37/><E11/><V135/><F129/><W34/><G127/><T44/><D124/><U102/><E60/><V43/><F135/><N who="1" m="51721" /><E106/><V20/><F32/><W3/><G97/><T24/><D5/><U126/><E126/><V53/><F53/><W130/><G130/><T113/><D113/><N who="1" m="43019" /><E84/><V29/><REACH who="2" step="1"/><F103/><REACH who="2" ten="462,203,138,187" step="2"/><W105/><G34/><T65/><D132/><U117/><E117/><V110/><F110/><W7/><G54/><AGARI ba="0,1" hai="37,39,47,49,54,92,96,102" m="43019,51721" machi="54" ten="30,3900,0" yaku="20,1,15,1,11,1" doraHai="72" who="1" fromWho="3" sc="462,0,203,49,138,0,187,-39" /><INIT seed="5,0,0,3,2,109" ten="462,252,138,148" oya="1" hai0="57,17,105,5,37,72,95,103,84,133,51,101,29" hai1="99,74,13,112,80,127,56,49,41,78,110,114,4" hai2="42,119,135,76,104,3,63,48,47,90,15,0,125" hai3="10,129,69,77,53,67,121,64,82,86,117,70,130"/><U40/><E127/><V24/><F119/><W46/><G121/><T34/><D37/><U120/><E120/><V108/><F108/><W2/><G117/><T22/><D72/><U27/><E110/><V83/><F104/><W100/><G100/><T43/><D105/><U39/><E99/><V79/><F135/><W8/><G67/><T134/><D5/><U81/><E27/><V116/><F116/><W6/><G10/><T21/><D34/><U26/><E26/><V55/><F125/><W50/><REACH who="3" step="1"/><G64/><REACH who="3" ten="462,252,138,138" step="2"/><T62/><D101/><U59/><E39/><V30/><F0/><W18/><G18/><T96/><D17/><U60/><E4/><V115/><F3/><W58/><G58/><T75/><D57/><U88/><E56/><V68/><F68/><AGARI ba="0,1" hai="2,6,8,46,50,53,68,69,70,77,82,86,129,130" machi="68" ten="40,1300,0" yaku="1,1,53,0" doraHai="109" doraHaiUra="122" who="3" fromWho="2" sc="462,0,252,0,138,-13,138,23" /><INIT seed="6,0,0,5,5,114" ten="462,252,125,161" oya="2" hai0="71,12,14,36,51,56,73,103,59,108,129,112,70" hai1="99,79,6,102,26,58,128,96,78,67,21,106,20" hai2="125,82,64,135,4,23,10,33,123,13,41,61,90" hai3="122,97,134,133,62,116,53,30,9,63,93,37,7"/><V48/><F123/><W43/><G122/><T89/><D36/><U42/><E128/><V40/><F33/><W52/><G116/><T126/><D73/><U92/><E6/><V49/><F125/><W107/><G30/><T72/><D72/><U132/><E42/><V47/><F135/><N who="3" m="51723" /><G107/><T1/><D1/><U91/><E20/><V16/><F40/><W124/><G124/><T66/><D103/><U80/><E80/><V81/><F48/><W77/><G77/><T31/><D31/><U127/><E132/><V8/><F90/><N who="3" m="55479" /><G62/><T69/><D126/><U3/><E3/><V131/><F131/><W83/><G83/><T130/><D129/><U55/><E67/><V17/><F17/><W35/><G35/><T88/><D130/><U57/><E57/><N who="2" m="36911" /><F10/><W24/><G24/><AGARI ba="0,0" hai="4,8,13,16,23,24,41,47,49,81,82" m="36911" machi="24" ten="30,2900,0" yaku="8,1,54,1" doraHai="114" who="2" fromWho="3" sc="462,0,252,0,125,29,161,-29" /><INIT seed="6,1,0,1,3,99" ten="462,252,154,132" oya="2" hai0="32,130,89,20,50,81,10,51,122,73,84,80,124" hai1="46,113,106,48,128,75,57,92,22,40,71,62,107" hai2="129,31,53,105,97,109,44,13,30,96,135,88,33" hai3="102,43,3,38,112,55,23,14,63,110,17,5,78"/><V37/><F135/><W61/><G110/><T1/><D32/><U87/><E75/><V132/><F132/><W98/><G78/><T2/><D122/><U86/><E71/><V85/><F129/><W12/><G3/><T103/><D20/><U0/><E0/><V70/><F70/><W9/><G112/><T15/><D89/><U74/><E74/><V108/><F13/><W100/><G55/><T11/><D84/><U41/><E41/><N who="2" m="22575" /><F53/><W77/><G77/><T134/><D15/><U8/><E113/><V49/><F49/><W34/><G34/><T72/><D130/><U123/><E48/><V79/><F79/><W58/><G58/><T101/><D134/><U125/><E57/><V65/><F65/><W68/><G68/><T120/><D120/><U25/><E46/><V121/><F121/><W69/><G69/><T118/><D118/><U127/><E40/><V104/><F104/><W117/><G117/><T111/><D111/><N who="2" m="42570" /><F33/><W59/><G43/><T35/><D35/><U66/><E107/><V116/><F116/><W56/><G38/><T67/><D67/><U36/><E106/><V119/><F119/><W27/><G59/><T47/><D47/><U39/><E36/><V18/><F18/><N who="3" m="12791" /><G61/><T91/><D1/><U64/><E39/><V126/><F126/><W26/><G14/><T54/><D2/><U45/><E128/><V16/><F16/><W7/><G56/><T82/><D124/><N who="1" m="47691" /><E45/><V24/><F105/><W76/><G76/><T21/><D54/><U60/><E123/><V131/><F131/><W52/><G52/><T133/><D133/><RYUUKYOKU ba="1,0" sc="462,0,252,0,154,0,132,0" /><INIT seed="7,2,0,2,2,117" ten="462,252,154,132" oya="3" hai0="59,43,46,44,37,89,21,9,134,56,11,12,51" hai1="24,124,18,73,129,58,105,118,71,19,48,6,110" hai2="107,55,17,76,29,97,135,92,7,3,30,121,131" hai3="94,104,80,111,126,31,28,114,50,106,103,86,127"/><W42/><G114/><T10/><D134/><U33/><E71/><V27/><F107/><W130/><G111/><T75/><D75/><U53/><E105/><V81/><F131/><W36/><G130/><T4/><D89/><U34/><E124/><N who="3" m="47658" /><G36/><T120/><D4/><U5/><E53/><V112/><F112/><W125/><N who="3" m="47666" /><W132/><DORA hai="100" /><G132/><T40/><D120/><U39/><E73/><V64/><F64/><W72/><G72/><T57/><D21/><U96/><E58/><V41/><F41/><W63/><G63/><T119/><D119/><U113/><E48/><V49/><F121/><W90/><G94/><T23/><D23/><U20/><E33/><V69/><F69/><W14/><G14/><T115/><D115/><U133/><E34/><V2/><F3/><W102/><G102/><T54/><REACH who="0" step="1"/><D12/><REACH who="0" ten="452,252,154,132" step="2"/><U45/><E20/><V88/><F135/><W78/><G90/><T16/><D16/><U123/><E19/><V74/><F17/><W26/><G103/><T13/><D13/><U108/><E18/><V65/><F7/><W68/><G68/><T1/><D1/><U82/><E5/><V15/><F2/><W67/><G67/><T60/><AGARI ba="2,1" hai="9,10,11,37,40,43,44,46,51,54,56,57,59,60" machi="60" ten="30,2000,0" yaku="1,1,0,1,53,0" doraHai="117,100" doraHaiUra="66,109" who="0" fromWho="0" sc="452,36,252,-7,154,-7,132,-12" owari="488,58.0,245,5.0,147,-25.0,120,-38.0" /></mjloggm>