<mjloggm ver="2.3"><GO type="169" lobby="0"/><UN n0="%72%61%74%74%61%74%74%61" n1="%E3%82%A6%E3%83%AB%E3%83%88%E3%83%A9%E7%AB%8B%E7%9B%B4" n2="%E3%83%89%E3%83%A9%EF%BC%91%EF%BC%92%EF%BC%90%EF%BC%85" n3="%E3%81%88%E3%83%A2%E3%83%B3" dan="17,17,16,16" rate="2121.64,2128.12,2047.65,2021.72" sx="M,M,M,F"/><TAIKYOKU oya="0"/><INIT seed="0,0,0,3,4,120" ten="250,250,250,250" oya="0" hai0="49,45,30,95,31,61,116,112,72,62,92,1,67" hai1="106,37,46,66,11,111,9,54,29,13,19,108,80" hai2="125,122,51,90,15,25,84,131,20,88,85,119,77" hai3="121,117,132,110,100,123,38,17,63,128,48,79,69"/><T8/><D112/><U12/><E106/><V21/><F122/><W102/><G38/><T87/><D72/><U53/><E66/><V42/><F131/><W109/><G117/><T6/><D116/><U44/><E29/><V78/><F125/><W76/><G128/><T94/><D87/><U52/><E80/><N who="2" m="49191" /><F15/><W36/><G36/><T97/><D97/><U0/><E0/><V130/><F130/><W27/><G132/><T101/><D101/><N who="3" m="39017" /><G48/><T39/><D39/><U40/><REACH who="1" step="1"/><E46/><REACH who="1" ten="250,240,250,250" step="2"/><N who="2" m="26071" /><F119/><W81/><G123/><T5/><D67/><U74/><E74/><V71/><F71/><W115/><G121/><T60/><REACH who="0" step="1"/><D6/><AGARI ba="0,1" hai="6,9,11,12,13,19,37,40,44,52,53,54,108,111" machi="6" ten="40,8000,1" yaku="1,1,52,2,54,1,53,0" doraHai="120" doraHaiUra="16" who="1" fromWho="0" sc="250,-80,240,90,250,0,250,0" /><INIT seed="1,0,0,5,0,83" ten="170,330,250,250" oya="1" hai0="122,53,0,4,92,45,115,110,37,87,103,19,29" hai1="93,63,102,65,113,8,26,91,62,112,97,2,41" hai2="131,34,107,22,78,48,18,16,40,77,109,106,118" hai3="14,117,13,42,95,99,64,79,127,15,56,76,33"/><U114/><E41/><V82/><F118/><W80/><G33/><T108/><D115/><U1/><E26/><V50/><F109/><W105/><G105/><T111/><D122/><U9/><E63/><V134/><F34/><W72/><G117/><T120/><D120/><U36/><E36/><V68/><F68/><W52/><G127/><T94/><D29/><U44/><E44/><V38/><F38/><W129/><G79/><T61/><D61/><U70/><E9/><V101/><F134/><W133/><G133/><T135/><D135/><U47/><E47/><V119/><F119/><W46/><G129/><T69/><D69/><U81/><E8/><V39/><F39/><W6/><G64/><T49/><D37/><U10/><E10/><V43/><F82/><W55/><G6/><T124/><D124/><U66/><E66/><V31/><F31/><W116/><G116/><T21/><D4/><U28/><E28/><V35/><F35/><W59/><G42/><T130/><D130/><U60/><E60/><V12/><F101/><W67/><G67/><T121/><D0/><U57/><E70/><V128/><REACH who="2" step="1"/><F12/><REACH who="2" ten="170,330,240,250" step="2"/><W5/><G5/><T104/><D121/><U73/><E102/><V125/><F125/><W85/><G72/><T30/><D30/><U89/><E73/><V58/><F58/><N who="3" m="22059" /><G46/><T11/><D45/><U51/><E2/><V17/><F17/><W132/><G132/><T88/><D110/><U98/><E1/><V3/><F3/><W96/><G13/><T75/><D111/><U32/><E32/><V23/><AGARI ba="0,1" hai="16,18,22,23,40,43,48,50,77,78,106,107,128,131" machi="23" ten="25,8000,1" yaku="1,1,0,1,22,2,54,1,53,0" doraHai="83" doraHaiUra="20" who="2" fromWho="2" sc="170,-20,330,-40,240,90,250,-20" /><INIT seed="2,0,0,3,0,54" ten="150,290,330,230" oya="2" hai0="47,5,9,135,66,119,107,50,20,52,14,86,38" hai1="103,115,88,34,101,61,0,25,53,11,87,123,42" hai2="102,89,15,6,118,26,97,69,18,75,128,19,90" hai3="31,21,82,98,130,99,39,65,109,84,57,83,45"/><V49/><F75/><W93/><G130/><T56/><D107/><U113/><E123/><V76/><F128/><W7/><G109/><T51/><D38/><U114/><E42/><V78/><F69/><W37/><G37/><T131/><D131/><U67/><E53/><V91/><F118/><W35/><G35/><T58/><D119/><U27/><E0/><V30/><F6/><W32/><G32/><T71/><D135/><U62/><E11/><V10/><F19/><W122/><G122/><T12/><D71/><U124/><E124/><V79/><F49/><W110/><G110/><T63/><D86/><U68/><E62/><V117/><F117/><W132/><G7/><T43/><REACH who="0" step="1"/><D20/><REACH who="0" ten="140,290,330,230" step="2"/><U100/><REACH who="1" step="1"/><E34/><REACH who="1" ten="140,280,330,230" step="2"/><V108/><F108/><W41/><G132/><T72/><D72/><U4/><E4/><V2/><F2/><AGARI ba="0,2" hai="2,5,9,12,14,43,47,50,51,52,56,58,63,66" machi="2" ten="30,8000,1" yaku="1,1,7,1,52,2,54,1,53,0" doraHai="54" doraHaiUra="111" who="0" fromWho="2" sc="140,100,280,0,330,-80,230,0" /><INIT seed="3,0,0,5,3,36" ten="240,280,250,230" oya="3" hai0="126,10,85,38,110,2,4,105,101,19,24,95,32" hai1="23,35,7,6,125,57,121,28,17,15,14,97,130" hai2="116,84,72,100,104,79,58,16,53,82,76,21,66" hai3="1,78,54,67,118,88,49,114,120,8,42,45,90"/><W13/><G114/><T63/><D105/><U9/><E121/><V41/><F116/><W124/><G120/><T22/><D110/><U20/><E97/><V50/><F66/><W102/><G118/><T74/><D74/><U112/><E57/><V113/><F113/><W26/><G1/><T40/><D126/><U29/><E112/><V48/><F104/><W133/><G124/><T106/><D106/><U109/><E125/><V43/><F100/><W31/><G102/><T128/><D128/><U69/><E69/><V33/><F33/><W68/><G133/><T65/><D32/><U127/><E127/><V52/><F79/><W122/><G122/><T3/><D3/><U56/><E56/><N who="2" m="32775" /><F72/><W99/><G78/><T119/><D119/><U70/><E70/><V89/><F89/><W11/><G67/><T27/><D27/><AGARI ba="0,0" hai="16,21,27,41,43,50,53,58,76,82,84" m="32775" machi="27" ten="30,8000,1" yaku="8,1,52,2,54,2" doraHai="36" who="2" fromWho="0" sc="240,-80,280,0,250,80,230,0" /><INIT seed="4,0,0,3,4,117" ten="160,280,330,230" oya="0" hai0="121,22,97,135,126,38,134,73,122,16,0,53,112" hai1="65,102,57,131,60,19,40,109,11,100,31,15,43" hai2="1,108,56,54,4,45,47,85,2,25,42,5,77" hai3="94,129,28,95,30,41,50,106,81,52,99,101,105"/><T93/><D73/><U51/><E109/><V87/><F108/><W34/><G129/><T18/><D0/><U71/><E131/><V37/><F45/><W123/><G123/><T29/><D38/><U128/><E128/><V113/><F113/><W46/><G81/><T36/><D36/><U67/><E71/><V115/><F115/><W74/><G74/><T33/><D33/><U35/><E35/><V26/><F2/><W89/><G41/><N who="1" m="15946" /><E51/><V39/><F39/><W58/><G46/><T9/><D112/><U20/><E67/><V91/><F77/><W12/><G34/><T55/><D126/><U61/><E61/><V66/><F66/><W62/><G62/><T70/><D70/><U49/><E49/><V10/><F4/><W8/><G106/><T80/><D80/><U116/><E116/><V125/><F87/><N who="3" m="52543" /><G105/><T6/><D29/><U72/><E72/><V44/><F44/><W13/><G13/><N who="0" m="7215" /><D6/><AGARI ba="0,0" hai="6,8,12,28,30,50,52,58,95,99,101" m="52543" machi="6" ten="30,2000,0" yaku="8,1,54,1" doraHai="117" who="3" fromWho="0" sc="160,-20,280,0,330,0,230,20" /><INIT seed="5,0,0,3,4,28" ten="140,280,330,250" oya="1" hai0="75,126,90,27,42,54,78,103,77,7,57,63,46" hai1="70,48,124,2,53,128,88,73,64,36,51,135,105" hai2="122,98,71,15,97,9,49,82,8,85,43,79,104" hai3="134,106,60,26,110,95,5,41,69,59,61,12,116"/><U130/><E73/><V133/><F71/><W58/><G106/><T38/><D126/><U87/><E105/><V83/><F122/><W76/><G69/><T24/><D103/><U91/><E2/><V100/><F133/><W68/><G68/><T119/><D119/><U29/><E36/><V34/><F34/><W111/><G134/><T112/><D112/><U30/><E135/><V4/><F98/><W101/><G41/><T127/><D127/><U120/><E120/><V10/><F83/><W107/><G107/><T99/><D77/><U123/><E123/><V94/><F104/><W44/><G44/><AGARI ba="0,0" hai="4,8,9,10,15,43,44,49,79,82,85,94,97,100" machi="44" ten="40,5200,0" yaku="25,2,8,1" doraHai="28" who="2" fromWho="3" sc="140,0,280,0,330,52,250,-52" /><INIT seed="6,0,0,0,1,83" ten="140,280,382,198" oya="2" hai0="19,117,109,66,4,61,13,92,128,17,67,63,52" hai1="76,18,33,106,65,2,55,94,14,110,78,39,24" hai2="54,86,38,107,116,35,41,27,56,89,20,105,62" hai3="25,23,29,88,22,100,99,134,51,9,49,129,28"/><V10/><F116/><W57/><G129/><T90/><D109/><U21/><E106/><V101/><F35/><W111/><G111/><T5/><D128/><U73/><E39/><V75/><F75/><W87/><G134/><T44/><D117/><U82/><E65/><V12/><F41/><W113/><G113/><T32/><D32/><U34/><E2/><V104/><F38/><W30/><G9/><T8/><D5/><U31/><E110/><V95/><F101/><W74/><G74/><T46/><D4/><U60/><E78/><V72/><F72/><W103/><G22/><T43/><D17/><U37/><E37/><V53/><F53/><N who="3" m="31919" /><G51/><T114/><D114/><U40/><E40/><V112/><F112/><W131/><G131/><T123/><D123/><U6/><E6/><V98/><F98/><W118/><G118/><T50/><D61/><U58/><E94/><V16/><REACH who="2" step="1"/><F107/><REACH who="2" ten="140,280,372,198" step="2"/><W36/><G36/><T84/><REACH who="0" step="1"/><D63/><REACH who="0" ten="130,280,372,198" step="2"/><U26/><E34/><V64/><F64/><W85/><G30/><AGARI ba="0,2" hai="10,12,16,20,27,30,54,56,62,86,89,95,104,105" machi="30" ten="30,11600,0" yaku="1,1,7,1,52,1,54,1,53,0" doraHai="83" doraHaiUra="125" who="2" fromWho="3" sc="130,0,280,0,372,136,198,-116" /><INIT seed="6,1,0,4,4,48" ten="130,280,508,82" oya="2" hai0="34,84,58,118,39,38,80,71,44,96,49,61,64" hai1="18,87,25,97,69,112,54,121,56,62,66,1,108" hai2="117,119,9,89,68,81,83,94,4,130,116,52,7" hai3="129,5,65,95,99,75,86,88,28,60,8,122,53"/><V23/><F68/><W124/><G75/><T82/><D34/><U36/><E1/><V72/><F130/><W40/><G122/><T73/><D118/><U78/><E36/><V115/><F115/><W33/><G129/><T46/><D46/><U2/><E2/><V55/><F23/><W63/><G124/><T45/><D45/><U32/><E108/><V90/><F72/><W105/><G40/><T50/><D96/><U6/><E6/><N who="2" m="2091" /><F9/><W26/><G105/><T106/><D106/><U3/><E3/><V59/><F59/><W51/><G65/><T41/><D73/><U114/><E121/><V134/><F94/><W100/><G51/><T92/><D92/><U43/><E66/><V128/><F134/><W20/><G33/><T19/><D19/><U22/><E18/><V16/><F16/><W104/><REACH who="3" step="1"/><G53/><REACH who="3" ten="130,280,508,72" step="2"/><N who="2" m="20553" /><F128/><W127/><G127/><T85/><D38/><U15/><E32/><V77/><F77/><W113/><G113/><T133/><D133/><U101/><E78/><V57/><F57/><W30/><G30/><T79/><D58/><U13/><E56/><V110/><F110/><W17/><G17/><T126/><D126/><U10/><E114/><V70/><F70/><W29/><G29/><T24/><D24/><U12/><E25/><V123/><F123/><W135/><G135/><T74/><D74/><U120/><E69/><V91/><AGARI ba="1,1" hai="81,83,89,90,91,116,117,119" m="20553,2091" machi="91" ten="40,18000,2" yaku="28,2,52,3,54,1" doraHai="48" who="2" fromWho="2" sc="130,-61,280,-61,508,193,72,-61" /><INIT seed="6,2,0,4,4,38" ten="69,219,701,11" oya="2" hai0="74,89,97,73,90,45,123,5,132,17,49,66,46" hai1="133,9,72,112,122,81,7,96,88,92,77,11,94" hai2="19,85,70,102,126,26,31,125,79,64,28,32,119" hai3="61,108,99,68,51,58,2,84,93,106,86,47,101"/><V114/><F119/><W83/><G108/><T111/><D111/><U82/><E11/><V131/><F114/><W115/><G115/><T117/><D123/><U95/><E133/><V104/><F28/><W121/><G121/><T52/><D66/><U6/><E6/><V127/><F131/><W103/><G2/><T55/><D5/><U18/><E18/><V14/><F85/><W39/><G39/><T12/><D132/><U8/><E8/><V118/><F79/><W107/><G68/><T35/><D35/><U120/><E112/><V42/><F42/><W53/><G101/><T54/><D117/><U1/><E82/><V30/><F30/><W128/><G86/><T62/><D74/><U3/><E3/><V110/><F110/><W100/><G100/><T22/><D73/><U44/><E94/><V135/><F135/><W37/><G37/><T21/><D21/><U13/><E13/><V113/><F113/><W27/><G27/><T76/><D76/><U59/><E59/><V25/><F25/><W56/><G56/><N who="0" m="35079" /><D97/><U63/><E63/><N who="2" m="40223" /><F118/><W29/><G128/><T134/><D134/><U23/><E120/><V0/><F0/><W48/><G29/><T16/><D17/><U65/><E122/><V67/><F67/><W41/><REACH who="3" step="1"/><G61/><REACH who="3" ten="69,219,701,1" step="2"/><T50/><AGARI ba="2,1" hai="12,16,22,45,46,49,50,54,55,89,90" m="35079" machi="50" ten="30,4000,0" yaku="8,1,54,2" doraHai="38" who="0" fromWho="0" sc="69,56,219,-12,701,-22,1,-12" owari="125,-27.0,207,1.0,679,77.0,-11,-51.0" /></mjloggm>