<mjloggm ver="2.3"><GO type="41" lobby="0"/><UN n0="%E5%B0%B1%E6%B4%BB%E7%94%9F%40%E5%B7%9D%E6%9D%91%E8%BB%8D%E5%9B%A3" n1="%E5%BB%83%E4%BA%BA%E9%81%94%E9%9B%86%E5%90%88" n2="%E8%88%AC%E5%8D%93%E6%B0%91%E3%81%AE%E6%9C%9D%E3%81%AF%E6%97%A9%E3%81%84" n3="%E5%9B%9B%E7%95%B3%E5%8D%8A%E7%A5%9E%E8%A9%B1%E5%A4%A7%E7%B3%BB" dan="15,15,15,16" rate="1998.50,2054.92,2024.82,2053.39" sx="M,M,M,M"/><TAIKYOKU oya="0"/><INIT seed="0,0,0,0,4,131" ten="250,250,250,250" oya="0" hai0="2,6,67,100,127,5,9,129,96,109,85,3,27" hai1="42,86,12,114,41,132,83,66,78,4,19,79,15" hai2="104,118,98,81,21,126,80,22,58,7,18,95,89" hai3="94,1,82,73,106,88,31,39,25,116,49,125,84"/><T123/><D123/><U71/><E114/><V33/><F33/><W74/><G39/><T28/><D129/><U61/><E132/><V48/><F126/><W35/><G1/><T107/><D127/><U59/><E71/><V124/><F124/><W128/><G128/><T53/><D109/><U112/><E112/><V14/><F118/><W57/><G125/><T75/><D67/><U50/><E79/><V26/><F104/><W64/><G116/><T117/><D117/><U43/><E4/><V16/><REACH who="2" step="1"/><F7/><REACH who="2" ten="250,250,240,250" step="2"/><W120/><G106/><T17/><D6/><U40/><E19/><V69/><F69/><W56/><G35/><T23/><D75/><U34/><E34/><V10/><F10/><W130/><G74/><T62/><D3/><U0/><E0/><V72/><F72/><W8/><G73/><T122/><D122/><U36/><E36/><V113/><F113/><W91/><G8/><T102/><D17/><U133/><E133/><V52/><AGARI ba="0,1" hai="14,16,18,21,22,26,48,52,58,80,81,89,95,98" machi="52" ten="30,12000,2" yaku="1,1,0,1,8,1,54,2,53,2" doraHai="131" doraHaiUra="76" who="2" fromWho="2" sc="250,-60,250,-30,240,130,250,-30" /><INIT seed="1,0,0,0,0,94" ten="190,220,370,220" oya="1" hai0="97,24,115,72,59,117,26,7,110,47,15,123,104" hai1="129,57,44,80,27,0,28,116,29,41,95,49,9" hai2="118,100,23,69,132,13,71,75,102,30,56,46,128" hai3="82,76,96,37,48,64,124,93,90,11,8,60,105"/><U99/><E116/><V73/><F118/><W77/><G37/><T108/><D72/><U119/><E119/><V54/><F128/><W33/><G33/><T86/><D117/><U109/><E129/><V36/><F132/><W103/><G124/><T67/><D115/><U14/><E0/><V98/><F73/><W53/><G76/><T81/><D123/><U4/><E109/><N who="0" m="42089" /><D47/><U111/><E111/><V114/><F75/><W45/><G82/><T78/><D7/><U50/><E80/><V38/><F102/><W52/><G77/><T89/><D15/><U131/><E131/><V107/><F114/><W1/><G53/><T32/><D32/><U25/><E25/><N who="0" m="9833" /><D104/><U84/><E84/><V62/><F30/><W88/><G1/><T16/><D16/><U31/><E27/><V21/><F38/><W112/><G112/><T130/><D130/><U91/><REACH who="1" step="1"/><E57/><REACH who="1" ten="190,210,370,220" step="2"/><V34/><F56/><W2/><G2/><T20/><D59/><U133/><E133/><V5/><F69/><W22/><G22/><T121/><D20/><U126/><E126/><V51/><F71/><W10/><REACH who="3" step="1"/><G105/><REACH who="3" ten="190,210,370,210" step="2"/><T42/><D121/><U68/><E68/><AGARI ba="0,2" hai="8,10,11,45,48,52,60,64,68,88,90,93,96,103" machi="68" ten="40,8000,1" yaku="1,1,2,1,52,1,54,2,53,0" doraHai="94" doraHaiUra="18" who="3" fromWho="1" sc="190,0,210,-80,370,0,210,100" /><INIT seed="2,0,0,5,5,65" ten="190,130,370,310" oya="2" hai0="93,124,13,24,35,78,28,127,16,39,67,75,8" hai1="56,129,52,128,108,94,15,6,84,106,26,64,37" hai2="70,42,41,109,119,50,90,112,25,102,85,81,97" hai3="107,82,80,111,2,60,22,100,21,126,12,103,87"/><V123/><F112/><W96/><G2/><T83/><D39/><U7/><E37/><V36/><F119/><W45/><G111/><T20/><D67/><U9/><E106/><V121/><F109/><W33/><G33/><T30/><D93/><U125/><E108/><V74/><F36/><W14/><G126/><T0/><REACH who="0" step="1"/><D30/><REACH who="0" ten="180,130,370,310" step="2"/><U23/><E64/><V3/><F121/><W51/><G107/><T89/><D89/><U34/><E125/><V130/><F123/><W113/><G113/><T88/><D88/><U131/><E34/><V114/><F114/><W4/><G103/><T27/><D27/><U116/><E94/><V38/><F38/><W104/><G104/><T43/><D43/><U73/><E116/><V95/><F41/><W18/><G100/><T68/><D68/><U47/><E26/><V55/><F70/><W110/><G110/><T57/><D57/><U29/><E29/><V48/><F25/><W44/><G82/><T86/><D86/><U66/><E84/><V40/><F40/><W92/><G87/><T11/><D11/><U10/><E66/><V105/><F42/><W17/><G80/><T115/><D115/><U58/><E23/><V101/><F101/><W120/><G120/><T134/><D134/><U98/><E73/><V59/><F74/><W63/><G92/><T5/><AGARI ba="0,1" hai="0,5,8,13,16,20,24,28,35,75,78,83,124,127" machi="5" ten="30,8000,1" yaku="1,1,0,1,24,2,54,1,53,0" doraHai="65" doraHaiUra="69" who="0" fromWho="0" sc="180,90,130,-20,370,-40,310,-20" /><INIT seed="3,0,0,5,3,60" ten="270,110,330,290" oya="3" hai0="88,87,119,38,117,35,75,101,92,97,95,107,93" hai1="70,22,66,25,104,61,131,69,102,3,111,109,17" hai2="126,56,62,42,33,108,133,98,58,103,76,12,116" hai3="44,72,130,79,29,47,52,19,65,123,112,46,110"/><W13/><G123/><T23/><D38/><U7/><E131/><V18/><F116/><N who="0" m="44618" /><D35/><U50/><E70/><V91/><F108/><W31/><G112/><T21/><D21/><U28/><E50/><V48/><F126/><W9/><G130/><T24/><D23/><U124/><E124/><V89/><F133/><W54/><G110/><T10/><D10/><U118/><E118/><V85/><F33/><W90/><G72/><T135/><D24/><U99/><REACH who="1" step="1"/><E17/><REACH who="1" ten="270,100,330,290" step="2"/><V113/><F48/><W59/><G19/><T34/><D135/><U14/><E14/><V81/><F12/><W40/><G13/><T115/><D115/><U49/><E49/><V32/><F113/><W73/><G31/><T77/><D34/><U120/><E120/><V84/><F32/><W37/><G29/><T67/><D67/><U71/><E71/><V0/><F18/><W36/><G37/><T20/><D20/><U125/><E125/><V64/><F64/><W41/><G65/><T55/><D55/><U27/><E27/><V1/><F1/><W5/><G54/><T86/><D75/><U128/><E128/><V45/><F0/><W30/><G36/><T96/><D96/><U6/><E6/><V68/><F98/><W39/><G39/><T121/><D121/><U80/><E80/><AGARI ba="0,1" hai="77,80,86,87,88,92,93,95,97,101,107" m="44618" machi="80" ten="30,3900,0" yaku="34,2,54,1" doraHai="60" who="0" fromWho="1" sc="270,49,100,-39,330,0,290,0" /><INIT seed="4,0,0,2,3,98" ten="319,61,330,290" oya="0" hai0="108,32,19,31,117,45,60,41,29,69,17,76,11" hai1="47,72,22,81,100,14,62,102,124,26,109,49,13" hai2="59,104,128,97,75,34,123,95,110,106,3,111,6" hai3="132,86,44,25,71,4,56,54,23,126,70,61,0"/><T30/><D117/><U90/><E109/><V101/><F123/><W131/><G126/><T113/><D113/><U87/><E72/><V127/><F127/><W37/><G131/><T50/><D108/><U94/><E124/><V9/><F128/><W105/><G105/><T24/><D76/><U122/><E122/><V93/><F75/><W51/><G132/><T96/><D69/><U64/><E94/><V107/><F34/><W77/><G0/><T133/><D133/><U35/><E35/><V38/><F38/><W114/><G114/><T88/><D60/><U120/><E120/><V10/><F10/><W46/><G4/><T36/><D36/><U65/><E65/><V53/><REACH who="2" step="1"/><F95/><REACH who="2" ten="319,61,320,290" step="2"/><W73/><G73/><T118/><D118/><U1/><E1/><V125/><F125/><W7/><G37/><T91/><D32/><U8/><E8/><V74/><F74/><W103/><G23/><N who="0" m="13423" /><D96/><U15/><E22/><V2/><F2/><W42/><G86/><T39/><D39/><U119/><E119/><V121/><F121/><W40/><G42/><T57/><D11/><U52/><REACH who="1" step="1"/><E26/><REACH who="1" ten="319,51,320,290" step="2"/><V68/><F68/><AGARI ba="0,2" hai="13,14,15,47,49,52,62,64,68,81,87,90,100,102" machi="68" ten="40,12000,2" yaku="1,1,2,1,52,2,54,1,53,1" doraHai="98" doraHaiUra="43" who="1" fromWho="2" sc="319,0,51,140,320,-120,290,0" /><INIT seed="5,0,0,1,2,70" ten="319,191,200,290" oya="1" hai0="129,15,14,23,47,132,125,50,60,117,35,45,58" hai1="130,43,118,91,82,0,101,19,78,90,92,48,30" hai2="4,126,41,135,3,99,8,106,46,100,53,80,54" hai3="42,79,112,93,77,52,116,85,67,75,2,62,6"/><U11/><E118/><V108/><F108/><W25/><G75/><T123/><D117/><U33/><E101/><V9/><F126/><W114/><G2/><T21/><D123/><U31/><E130/><V81/><F135/><W96/><G6/><T124/><D35/><U16/><E33/><V102/><F102/><W40/><G116/><T84/><D129/><U7/><E30/><V32/><F32/><W120/><G120/><T49/><D84/><U22/><E31/><V63/><F9/><W87/><G25/><T107/><D107/><U110/><E110/><V73/><F63/><W37/><G37/><T72/><D72/><U64/><E64/><V34/><F34/><W111/><G111/><T89/><D89/><U69/><E69/><V65/><F65/><W26/><G26/><T51/><D60/><U97/><E90/><V94/><F106/><W109/><G109/><T113/><D58/><U134/><E22/><N who="0" m="8201" /><D113/><U36/><E36/><N who="2" m="21799" /><F80/><W44/><G62/><T98/><D98/><U57/><E134/><V10/><F10/><W38/><G96/><T119/><D119/><U121/><E121/><V59/><F59/><W71/><G114/><T83/><D83/><U131/><E131/><V39/><F39/><W28/><G38/><T66/><D66/><U56/><E56/><V88/><F100/><W104/><G67/><T76/><D76/><AGARI ba="0,0" hai="3,4,8,53,54,73,76,81,88,94,99" m="21799" machi="76" ten="30,3900,0" yaku="25,1,52,1,54,1" doraHai="70" who="2" fromWho="0" sc="319,-39,191,0,200,39,290,0" /><INIT seed="6,0,0,0,3,119" ten="280,191,239,290" oya="2" hai0="25,114,88,17,63,66,44,26,51,13,130,11,102" hai1="40,135,46,85,36,128,89,9,29,129,94,67,79" hai2="14,20,32,96,107,75,90,110,86,133,52,82,65" hai3="55,97,6,53,57,108,100,106,38,127,58,117,71"/><V80/><F32/><W35/><G108/><T0/><D114/><U124/><E124/><V101/><F110/><W87/><G117/><T77/><D0/><U64/><E135/><V42/><F133/><W76/><G38/><T48/><D102/><U43/><E29/><V28/><F42/><W93/><G71/><T116/><D77/><U39/><E79/><V83/><F65/><W74/><G35/><T10/><D10/><U62/><E9/><V98/><F98/><W56/><G6/><T60/><D130/><U19/><E19/><V72/><F52/><W99/><G127/><T18/><D18/><U47/><REACH who="1" step="1"/><E64/><REACH who="1" ten="280,181,239,290" step="2"/><V61/><F28/><W21/><G76/><T120/><D17/><U5/><E5/><V12/><F72/><W69/><G74/><T41/><D11/><U30/><E30/><V1/><F75/><W73/><G73/><T132/><D66/><U2/><E2/><V22/><F1/><W91/><G69/><AGARI ba="0,1" hai="36,39,40,43,46,47,62,67,69,85,89,94,128,129" machi="69" ten="40,2600,0" yaku="1,1,9,1,53,0" doraHai="119" doraHaiUra="24" who="1" fromWho="3" sc="280,0,181,36,239,0,290,-26" /><INIT seed="7,0,0,5,1,16" ten="280,217,239,264" oya="3" hai0="121,102,77,111,93,35,128,76,91,112,74,105,29" hai1="13,37,89,83,60,72,114,31,110,26,100,132,133" hai2="115,2,80,88,98,75,69,11,5,43,81,106,61" hai3="48,62,4,7,65,120,99,64,66,14,28,34,78"/><W56/><G120/><T30/><D111/><U50/><E110/><V45/><F115/><W109/><G109/><T79/><D121/><U117/><E114/><V53/><F75/><W123/><G123/><T52/><D35/><U70/><E37/><V25/><F106/><W39/><G39/><T122/><D74/><U46/><E100/><V12/><F2/><W101/><G78/><T130/><D112/><U10/><E117/><V119/><F119/><W107/><G48/><T87/><D122/><U67/><E72/><V51/><F25/><W1/><G1/><T49/><D102/><U126/><E126/><V36/><F69/><W125/><G125/><T85/><D85/><U71/><E71/><V55/><F61/><W54/><REACH who="3" step="1"/><G14/><REACH who="3" ten="280,217,239,254" step="2"/><T21/><D105/><U124/><E124/><V127/><F127/><W73/><G73/><T33/><D77/><U0/><E0/><V27/><F36/><W134/><G134/><T22/><D79/><U129/><E132/><V57/><F12/><W18/><G18/><T135/><D76/><U82/><E133/><V59/><F51/><W131/><G131/><T42/><D135/><U95/><E129/><V15/><F15/><W19/><G19/><T17/><D130/><U113/><E113/><V97/><F5/><W92/><G92/><T94/><D94/><U8/><E13/><V32/><F80/><W116/><G116/><T90/><D17/><U9/><E95/><V68/><F81/><W6/><G6/><T108/><D128/><U38/><E38/><V44/><F57/><W58/><G58/><N who="0" m="33039" /><D93/><U104/><E104/><RYUUKYOKU ba="0,1" sc="280,-10,217,-10,239,-10,254,30" hai3="4,7,28,34,54,56,62,64,65,66,99,101,107" /><INIT seed="7,1,1,5,3,53" ten="270,207,229,284" oya="3" hai0="89,71,107,1,8,96,130,100,101,7,61,52,133" hai1="66,10,69,31,83,38,12,77,54,47,123,20,57" hai2="103,94,80,50,42,95,108,118,27,60,129,119,131" hai3="24,55,106,76,14,9,92,93,64,90,117,6,13"/><W85/><G106/><T22/><D130/><N who="2" m="49674" /><F108/><W114/><G117/><T11/><D133/><U5/><E123/><V124/><F124/><W67/><G114/><T82/><D100/><U104/><E104/><V79/><F27/><W128/><G128/><T111/><D111/><U65/><E69/><V81/><F60/><W134/><G134/><T33/><D33/><U40/><E31/><V32/><F32/><W121/><G121/><T3/><D22/><U43/><E20/><V56/><F80/><W116/><G116/><N who="2" m="44585" /><F103/><W4/><G24/><T63/><D71/><U127/><E43/><V112/><F112/><W23/><G76/><T36/><D36/><U34/><E34/><V73/><F42/><W120/><G120/><T25/><D25/><U102/><E102/><V87/><F73/><W84/><G23/><T109/><D109/><U110/><E110/><V44/><F44/><W59/><G13/><T51/><D8/><U30/><E30/><V16/><F16/><W29/><G29/><T15/><D1/><U21/><E21/><V91/><F79/><W105/><G105/><T37/><D3/><U98/><E127/><V17/><F17/><W41/><G41/><T28/><D28/><U86/><REACH who="1" step="1"/><E98/><REACH who="1" ten="270,197,229,284" step="2"/><V39/><F39/><W122/><G122/><T2/><D37/><U58/><E58/><V78/><F78/><W72/><G59/><T46/><D2/><U49/><AGARI ba="1,2" hai="5,10,12,38,40,47,49,54,57,65,66,77,83,86" machi="49" ten="20,12000,2" yaku="1,1,0,1,7,1,52,1,53,2" doraHai="53" doraHaiUra="62" who="1" fromWho="1" sc="270,-31,197,143,229,-31,284,-61" owari="239,4.0,340,44.0,198,-30.0,223,-18.0" /></mjloggm>