<mjloggm ver="2.3"><GO type="169" lobby="0"/><UN n0="%E3%82%A6%E3%83%AB%E3%83%88%E3%83%A9%E7%AB%8B%E7%9B%B4" n1="%E3%82%84%E3%81%BE%E3%83%BC%E3%82%93" n2="%5B%E5%BE%A1%E5%9D%82%E7%BE%8E%E7%90%B4%5D" n3="%EF%BC%88%E2%88%AA%EF%BC%BE%CF%89%EF%BC%BE%EF%BC%89%E3%81%8A%EF%BC%81" dan="17,16,16,16" rate="2121.40,2127.22,2077.16,2131.50" sx="M,M,F,M"/><TAIKYOKU oya="0"/><INIT seed="0,0,0,0,0,129" ten="250,250,250,250" oya="0" hai0="76,5,98,58,26,24,29,21,95,63,38,8,134" hai1="81,111,124,65,112,126,28,93,88,103,41,100,56" hai2="30,2,36,71,16,90,15,113,75,6,3,74,61" hai3="22,55,50,37,118,40,18,116,84,123,7,43,119"/><T108/><D38/><U125/><E111/><V11/><F113/><W57/><G7/><T92/><D108/><U10/><E112/><V99/><F36/><W17/><G84/><T1/><D76/><U130/><E130/><V135/><F30/><W9/><G123/><T117/><D117/><U66/><E41/><V12/><F135/><W109/><G109/><T86/><D86/><N who="1" m="50255" /><E28/><V80/><F75/><W85/><G37/><T107/><D134/><U53/><E10/><V23/><F74/><W49/><G85/><T46/><D46/><U89/><E100/><V106/><F80/><W27/><G49/><T48/><D48/><N who="1" m="30759" /><E103/><V122/><F122/><W51/><G51/><T105/><D26/><U78/><E78/><V114/><F114/><W59/><REACH who="3" step="1"/><G57/><REACH who="3" ten="250,250,250,240" step="2"/><T4/><D4/><U104/><E104/><V45/><F106/><W131/><G131/><T34/><D95/><U73/><E73/><V64/><REACH who="2" step="1"/><F45/><REACH who="2" ten="250,250,240,240" step="2"/><W102/><G102/><T14/><D107/><U115/><E115/><V44/><F44/><W39/><G39/><T79/><D105/><U33/><E33/><V128/><F128/><W91/><G91/><T35/><D35/><U94/><E89/><V19/><F19/><W60/><G60/><T54/><D34/><U97/><E97/><V62/><F62/><W68/><G68/><T32/><D32/><U101/><E101/><V96/><F96/><W82/><G82/><T47/><D98/><U127/><E127/><V13/><F13/><AGARI ba="0,2" hai="9,13,17,18,22,27,40,43,50,55,59,116,118,119" machi="13" ten="40,1300,0" yaku="1,1,53,0" doraHai="129" doraHaiUra="0" who="3" fromWho="2" sc="250,0,250,0,240,-13,240,33" /><INIT seed="1,0,0,5,1,77" ten="250,250,227,273" oya="1" hai0="80,133,116,95,128,8,13,16,105,110,19,47,23" hai1="113,53,61,78,131,15,74,66,31,85,17,83,124" hai2="25,59,134,32,102,5,82,64,119,114,1,63,3" hai3="98,88,12,117,51,90,108,73,52,21,121,38,104"/><U107/><E113/><V44/><F119/><W125/><G117/><T100/><D105/><U20/><E124/><V101/><F114/><W93/><G108/><T94/><D116/><U30/><E107/><V126/><F126/><W49/><G125/><T68/><D68/><U22/><E131/><V33/><F134/><W75/><G121/><T58/><D110/><U7/><E7/><V130/><F130/><W37/><G49/><T2/><D2/><U111/><E111/><V62/><F44/><W6/><G104/><T40/><D133/><U28/><E53/><V76/><F5/><W54/><G54/><T96/><D58/><N who="1" m="37175" /><E74/><V123/><F123/><W92/><G38/><T29/><D29/><U103/><E103/><V120/><F120/><W69/><G37/><T106/><D128/><U86/><E86/><V91/><F91/><W70/><G70/><T34/><D34/><U97/><E97/><V129/><F129/><W14/><G69/><T57/><D57/><U56/><E56/><V41/><F3/><W35/><G35/><T89/><D47/><U0/><E0/><V11/><F1/><W10/><G73/><T65/><D65/><U26/><AGARI ba="0,0" hai="15,17,20,22,26,28,30,31,78,83,85" m="37175" machi="26" ten="30,3000,0" yaku="8,1,52,1" doraHai="77" who="1" fromWho="1" sc="250,-10,250,30,227,-10,273,-10" /><INIT seed="1,1,0,5,0,12" ten="240,280,217,263" oya="1" hai0="35,101,22,67,113,135,62,79,33,85,122,130,50" hai1="96,30,59,46,86,110,94,123,3,17,38,100,78" hai2="45,28,87,134,13,107,1,77,66,18,43,56,19" hai3="81,48,2,104,99,26,54,124,84,11,119,0,115"/><U91/><E123/><V93/><F107/><W9/><G119/><T69/><D113/><U97/><E3/><V106/><F106/><W53/><G115/><T108/><D130/><U75/><E110/><V10/><F1/><W61/><G124/><T74/><D135/><U49/><E30/><V125/><F125/><W47/><G26/><T58/><D108/><U105/><E96/><V41/><F134/><W103/><G0/><T15/><D74/><U42/><E17/><N who="2" m="8375" /><F28/><W117/><G117/><T21/><D101/><U112/><E112/><V92/><F43/><W127/><G127/><T25/><D122/><U120/><E120/><V31/><F31/><W52/><G2/><T72/><D72/><U8/><E8/><V131/><F131/><W98/><G98/><T111/><D111/><U34/><E34/><V83/><F93/><W4/><G4/><T16/><D69/><U90/><E90/><V114/><F92/><W32/><G32/><T7/><D7/><U133/><E133/><V102/><F102/><W64/><G11/><T116/><D116/><U51/><REACH who="1" step="1"/><E59/><REACH who="1" ten="240,270,217,263" step="2"/><V82/><F114/><W44/><G9/><T129/><D33/><U132/><E132/><V39/><F56/><W6/><G6/><T20/><D35/><U24/><E24/><V71/><F71/><W121/><G121/><T70/><D129/><U118/><E118/><V40/><F39/><W55/><N who="3" m="13312" /><DORA hai="128" /><W29/><G29/><T73/><D25/><U14/><E14/><V95/><F77/><N who="3" m="46127" /><G48/><T88/><D50/><U36/><E36/><V80/><F19/><W68/><AGARI ba="1,1" hai="44,47,61,64,68,99,103,104" m="46127,13312" machi="68" ten="40,2700,0" yaku="5,1,54,1" doraHai="12,128" who="3" fromWho="3" sc="240,-8,270,-14,217,-8,263,40" /><INIT seed="2,0,0,4,5,73" ten="232,256,209,303" oya="2" hai0="61,15,108,38,135,20,99,26,60,4,84,30,70" hai1="111,103,31,74,126,83,36,43,66,11,0,3,81" hai2="64,41,94,112,71,115,105,101,76,128,53,32,95" hai3="10,78,92,67,58,47,122,52,97,40,19,44,106"/><V37/><F32/><W13/><G122/><T132/><D38/><U86/><E111/><V57/><F128/><W88/><G106/><T8/><D108/><U27/><E126/><V125/><F125/><W1/><G1/><T49/><D70/><U45/><E103/><V93/><F71/><W34/><G34/><T59/><D99/><U85/><E66/><V90/><F64/><W39/><G67/><T2/><D84/><U107/><E107/><V119/><F119/><W18/><G44/><T79/><D79/><N who="1" m="44279" /><E83/><V56/><F56/><W80/><G18/><N who="0" m="10335" /><D49/><U100/><E0/><V72/><F112/><W63/><G80/><T130/><D130/><U12/><E12/><V50/><F115/><W124/><G124/><T69/><D69/><U24/><E100/><V82/><F41/><W102/><G78/><T75/><D75/><U129/><E27/><V131/><F37/><W9/><REACH who="3" step="1"/><G102/><REACH who="3" ten="232,256,209,293" step="2"/><T89/><D2/><U16/><E129/><V68/><F131/><W33/><G33/><T98/><D4/><N who="1" m="1439" /><E16/><V14/><F72/><W62/><G62/><T55/><D61/><U46/><E46/><V17/><F76/><W113/><G113/><T29/><D60/><U65/><E65/><V28/><F105/><W5/><G5/><T23/><D59/><U87/><E31/><V110/><F28/><W25/><G25/><T54/><D30/><U133/><E24/><V6/><F68/><W77/><G77/><T117/><D29/><U116/><E116/><V134/><F110/><W48/><G48/><T121/><D117/><U104/><E104/><V35/><F50/><RYUUKYOKU ba="0,1" sc="232,-15,256,15,209,-15,293,15" hai1="36,43,45,85,86,87,133" hai3="9,10,13,19,39,40,47,52,58,63,88,92,97" /><INIT seed="3,1,1,4,4,135" ten="217,271,194,308" oya="3" hai0="122,123,38,108,134,82,9,19,103,100,68,43,37" hai1="104,35,79,74,54,119,15,102,130,33,89,8,63" hai2="47,94,96,60,84,0,7,127,24,111,31,1,75" hai3="87,56,28,88,76,39,17,90,23,64,25,109,45"/><W16/><G39/><T126/><D68/><U18/><E130/><V34/><F75/><W70/><G70/><T46/><D19/><N who="3" m="7241" /><G109/><T112/><D9/><U125/><E104/><V58/><F111/><W77/><G45/><T4/><D4/><U69/><E102/><V66/><F84/><W30/><G30/><T81/><D108/><U83/><E119/><V40/><F7/><W80/><G90/><T72/><D72/><U129/><E129/><V48/><REACH who="2" step="1"/><F127/><REACH who="2" ten="217,271,184,308" step="2"/><W73/><G73/><T36/><D126/><U42/><E125/><V97/><F97/><W114/><G114/><T32/><D112/><U95/><E74/><V41/><F41/><W105/><G105/><T92/><D43/><U21/><E42/><V115/><F115/><W44/><G44/><T11/><D46/><U71/><E8/><V29/><F29/><W49/><G49/><T120/><D11/><U65/><E69/><V20/><F20/><W57/><G57/><T85/><D32/><U91/><E71/><V86/><F86/><W101/><G101/><AGARI ba="1,2" hai="0,1,24,31,34,40,47,48,58,60,66,94,96,101" machi="101" ten="30,3900,0" yaku="1,1,7,1,53,1" doraHai="135" doraHaiUra="22" who="2" fromWho="3" sc="217,0,271,0,184,62,308,-42" /><INIT seed="4,0,0,0,1,57" ten="217,271,246,266" oya="0" hai0="123,82,95,126,43,19,73,124,105,115,60,26,36" hai1="125,5,74,31,8,102,98,132,71,131,133,63,47" hai2="84,87,135,59,42,116,48,103,7,97,69,29,86" hai3="34,70,6,11,72,106,21,104,38,27,56,110,111"/><T28/><D105/><U33/><E125/><N who="0" m="48233" /><D123/><U51/><E131/><V49/><F69/><W3/><G38/><T118/><D118/><U121/><E121/><V20/><F116/><W50/><G72/><T32/><D115/><U99/><E74/><V22/><F135/><N who="1" m="51785" /><E31/><V108/><F108/><W4/><G70/><T25/><D43/><N who="1" m="25087" /><E33/><V80/><F7/><W53/><G4/><T93/><D36/><U66/><E102/><V44/><F29/><W92/><G34/><T37/><D37/><U18/><E18/><V16/><F22/><W41/><G41/><T119/><D119/><U127/><E127/><V96/><F103/><W2/><G2/><AGARI ba="0,0" hai="2,5,8,63,66,71,98,99" m="25087,51785" machi="2" ten="30,2000,0" yaku="20,1,52,1" doraHai="57" who="1" fromWho="3" sc="217,0,271,20,246,0,266,-20" /><INIT seed="5,0,0,0,3,99" ten="217,291,246,246" oya="1" hai0="25,61,12,127,28,19,13,108,111,94,70,114,56" hai1="116,92,89,43,87,119,18,100,76,36,16,80,35" hai2="37,121,21,118,29,2,46,112,75,110,59,81,77" hai3="51,130,34,71,98,66,123,135,6,134,38,73,49"/><U60/><E35/><V96/><F121/><W33/><G73/><T27/><D70/><U44/><E100/><V131/><F110/><W22/><G123/><T101/><D127/><U63/><E63/><V88/><F131/><W20/><G38/><T1/><D1/><U65/><E116/><V41/><F118/><W132/><G6/><T58/><D114/><U67/><E67/><V102/><F112/><W125/><G66/><T69/><D69/><U72/><REACH who="1" step="1"/><E119/><REACH who="1" ten="217,281,246,246" step="2"/><V68/><F68/><AGARI ba="0,1" hai="16,18,36,43,44,60,65,68,72,76,80,87,89,92" machi="68" ten="30,12000,1" yaku="1,1,2,1,7,1,54,1,53,1" doraHai="99" doraHaiUra="64" who="1" fromWho="2" sc="217,0,281,130,246,-120,246,0" /><INIT seed="5,1,0,3,4,128" ten="217,411,126,246" oya="1" hai0="100,90,54,123,33,79,122,63,77,9,32,110,43" hai1="107,6,106,59,0,15,98,96,84,1,74,78,10" hai2="113,91,95,16,11,48,134,72,4,70,57,120,28" hai3="133,42,87,80,71,68,23,37,3,51,101,114,14"/><U112/><E112/><V20/><F72/><W129/><G3/><T130/><D100/><U62/><E74/><V103/><F70/><W18/><G114/><T102/><D102/><U26/><E26/><V99/><F120/><W116/><G129/><T94/><D43/><U118/><E118/><V93/><F113/><W49/><G101/><T69/><D9/><U88/><E78/><N who="0" m="29705" /><D110/><U97/><E106/><V105/><F105/><W56/><G116/><T66/><D54/><U24/><E24/><V55/><F28/><W13/><G37/><T31/><D31/><U22/><E107/><V50/><F134/><W45/><G68/><T58/><D69/><U2/><E22/><V8/><F4/><W27/><G71/><T12/><D12/><U131/><E131/><V21/><F50/><W119/><G119/><T38/><D38/><U35/><E35/><V108/><F21/><W126/><G126/><T109/><D109/><U111/><E111/><V104/><F104/><W36/><G36/><T127/><D127/><U117/><E117/><V92/><F92/><W25/><G14/><T125/><D125/><U76/><E76/><V135/><F135/><W41/><G133/><T67/><D67/><U46/><E15/><N who="2" m="9247" /><F108/><W52/><G41/><T30/><D130/><U34/><E34/><N who="0" m="13417" /><D30/><U83/><REACH who="1" step="1"/><E46/><REACH who="1" ten="217,401,126,246" step="2"/><V47/><F47/><W40/><G40/><T19/><D123/><U89/><E89/><AGARI ba="1,1" hai="13,18,23,25,27,42,45,49,51,52,56,80,87,89" machi="89" ten="30,3900,0" yaku="7,1,8,1,54,1" doraHai="128" who="3" fromWho="1" sc="217,0,401,-42,126,0,246,52" /><INIT seed="6,0,0,3,1,76" ten="217,359,126,298" oya="2" hai0="6,15,73,96,75,4,14,105,20,100,107,67,93" hai1="132,50,23,18,19,94,123,80,7,59,69,30,72" hai2="22,85,47,110,2,33,55,63,83,104,61,45,60" hai3="70,49,106,68,8,53,40,122,17,116,86,84,98"/><V42/><F104/><W114/><G122/><T103/><D67/><U119/><E69/><V32/><F2/><W16/><G116/><T36/><D93/><U134/><E119/><V3/><F3/><W125/><G40/><T101/><D101/><U11/><E123/><V56/><F110/><W74/><G74/><T43/><D43/><U135/><E94/><V79/><F33/><W91/><G125/><T27/><D27/><N who="1" m="16767" /><E50/><N who="2" m="26935" /><F32/><W26/><G8/><T54/><D20/><U127/><E127/><V57/><F22/><W9/><G9/><T115/><D115/><U25/><E25/><V39/><F39/><W0/><G0/><T44/><D44/><U92/><E59/><V38/><F38/><W24/><G114/><T31/><D36/><U51/><E72/><V13/><F13/><W88/><G106/><T65/><D75/><U28/><E28/><V120/><F120/><W128/><G98/><T64/><D73/><U1/><E92/><V78/><F78/><W21/><G21/><T117/><D31/><U102/><E132/><V113/><F113/><W5/><G5/><T124/><D124/><U35/><E35/><V29/><F29/><W129/><G49/><AGARI ba="0,0" hai="47,49,55,56,57,60,61,63,79,83,85" m="26935" machi="49" ten="30,2900,0" yaku="8,1,52,1" doraHai="76" who="2" fromWho="3" sc="217,0,359,0,126,29,298,-29" /><INIT seed="6,1,0,1,5,134" ten="217,359,155,269" oya="2" hai0="68,6,28,8,72,63,117,9,13,76,23,88,102" hai1="125,116,100,19,126,112,123,81,121,95,61,71,109" hai2="105,20,50,93,124,38,92,43,56,3,45,16,36" hai3="127,11,27,14,29,104,15,111,48,7,84,17,86"/><V118/><F105/><W131/><G104/><T101/><D117/><U40/><E109/><V58/><F3/><W52/><G111/><T49/><D76/><U4/><E112/><V41/><F118/><W57/><G131/><T108/><D72/><U60/><E116/><V129/><F124/><N who="1" m="47721" /><E40/><V89/><F93/><W35/><REACH who="3" step="1"/><G127/><REACH who="3" ten="217,359,155,259" step="2"/><T79/><D108/><U78/><E121/><V33/><F129/><W133/><G133/><T120/><D120/><U53/><E123/><V130/><F130/><W73/><G73/><T55/><D102/><U62/><E71/><V0/><F33/><W5/><G5/><T25/><D6/><U135/><E4/><V110/><F110/><W77/><G77/><T34/><D79/><U83/><E135/><V106/><F106/><W74/><G74/><T1/><D101/><U69/><E69/><V37/><F0/><W21/><AGARI ba="1,1" hai="7,11,14,15,17,21,27,29,35,48,52,57,84,86" machi="21" ten="20,8000,1" yaku="1,1,0,1,7,1,54,1,53,1" doraHai="134" doraHaiUra="31" who="3" fromWho="3" sc="217,-21,359,-21,155,-41,259,93" /><INIT seed="7,0,0,4,3,35" ten="196,338,114,352" oya="3" hai0="114,74,91,69,41,23,43,95,126,28,54,27,120" hai1="18,34,52,50,112,72,25,3,9,67,17,59,85" hai2="71,42,8,123,78,15,109,2,31,6,101,46,10" hai3="32,38,13,110,39,73,87,0,79,19,55,45,90"/><W135/><G135/><T93/><D69/><U131/><E72/><V16/><F71/><W70/><G70/><T33/><D74/><U133/><E67/><V116/><F116/><W118/><G32/><T26/><D95/><U66/><E133/><V1/><F109/><W75/><G118/><T60/><D126/><U82/><E66/><V62/><F123/><W63/><G0/><T97/><D114/><U80/><E112/><V111/><F111/><W102/><G102/><T64/><D64/><U5/><E131/><V57/><F31/><W121/><G121/><T94/><D94/><U99/><E99/><V65/><F78/><W29/><G29/><T125/><D125/><U89/><REACH who="1" step="1"/><E80/><REACH who="1" ten="196,328,114,352" step="2"/><V58/><F101/><W14/><G110/><T11/><D11/><U24/><E24/><V48/><REACH who="2" step="1"/><F58/><REACH who="2" ten="196,328,104,352" step="2"/><W122/><G122/><T44/><D28/><AGARI ba="0,2" hai="3,5,9,17,18,25,28,34,50,52,59,82,85,89" machi="28" ten="40,5200,0" yaku="1,1,52,1,54,1,53,0" doraHai="35" doraHaiUra="107" who="1" fromWho="0" sc="196,-52,328,72,104,0,352,0" owari="144,-26.0,400,51.0,104,-40.0,352,15.0" /></mjloggm>