<mjloggm ver="2.3"><GO type="169" lobby="0"/><UN n0="%E6%9D%BE%E5%AE%9F%E7%8E%84%E3%81%98%E3%82%83%E3%81%AA%E3%81%84" n1="%E3%82%A6%E3%83%AB%E3%83%88%E3%83%A9%E7%AB%8B%E7%9B%B4" n2="%30%30%73%61%69" n3="%E6%9C%88%E3%83%9F%E7%85%A7%E2%98%86" dan="17,17,18,16" rate="2134.28,2194.69,2205.81,2080.86" sx="F,M,M,M"/><TAIKYOKU oya="0"/><INIT seed="0,0,0,2,2,64" ten="250,250,250,250" oya="0" hai0="75,131,71,55,130,27,113,10,80,40,94,99,57" hai1="77,50,121,119,117,88,38,16,37,51,5,9,123" hai2="126,42,52,17,96,108,122,91,43,18,47,3,54" hai3="67,23,90,45,20,48,4,11,68,106,110,76,87"/><T103/><D113/><U98/><E77/><V70/><F122/><W44/><G106/><T0/><D40/><U118/><E5/><V104/><F3/><W46/><G76/><N who="0" m="44063" /><D27/><U15/><E51/><V69/><F126/><W73/><G73/><T39/><D39/><U84/><E98/><V81/><F104/><W78/><G48/><T79/><D79/><U53/><E38/><V32/><F32/><W60/><G78/><T31/><D31/><U63/><E63/><V86/><F96/><W135/><G135/><T85/><D85/><U134/><E37/><V35/><F35/><W61/><G61/><N who="0" m="36031" /><D71/><N who="2" m="27146" /><F43/><W102/><G102/><T109/><D10/><U41/><E134/><V8/><F17/><W93/><REACH who="3" step="1"/><G110/><REACH who="3" ten="250,250,250,240" step="2"/><T24/><D109/><U33/><E41/><V82/><F108/><W29/><G29/><T115/><D115/><U101/><E101/><V97/><F42/><W1/><AGARI ba="0,1" hai="1,4,11,20,23,44,45,46,60,67,68,87,90,93" machi="1" ten="30,4000,0" yaku="1,1,0,1,52,1,53,0" doraHai="64" doraHaiUra="92" who="3" fromWho="3" sc="250,-20,250,-10,250,-10,240,50" /><INIT seed="1,0,0,3,1,89" ten="230,240,240,290" oya="1" hai0="3,68,55,51,103,48,76,38,58,77,60,127,49" hai1="54,128,59,117,66,6,106,93,80,32,112,14,36" hai2="78,111,5,53,72,8,22,13,105,74,37,67,125" hai3="0,84,87,119,11,52,7,64,88,108,28,63,96"/><U107/><E117/><V75/><F105/><W71/><G119/><T85/><D3/><U26/><E36/><V17/><F111/><W86/><G108/><T135/><D38/><U56/><E112/><V45/><F125/><W23/><G96/><T62/><D127/><U31/><E128/><V42/><F67/><W132/><G132/><T21/><D135/><U44/><E44/><V95/><F53/><W40/><G40/><T24/><D103/><U131/><E131/><V33/><F33/><W118/><G118/><T57/><D85/><U15/><E80/><V73/><F73/><W46/><G28/><T83/><D68/><U50/><E93/><V124/><F124/><W121/><G23/><T104/><D83/><U115/><E115/><V10/><F10/><W27/><G27/><T116/><D104/><U123/><E123/><V122/><F122/><W130/><G130/><T100/><D100/><U81/><E81/><V2/><REACH who="2" step="1"/><F95/><REACH who="2" ten="230,240,230,290" step="2"/><W34/><G34/><T110/><D110/><U30/><E107/><V101/><F101/><W1/><G121/><T94/><D94/><U4/><E106/><V120/><F120/><W99/><G64/><N who="0" m="38927" /><D116/><U97/><E66/><V92/><F92/><W39/><G99/><T18/><AGARI ba="0,1" hai="18,21,24,48,49,51,55,58,62,76,77" m="38927" machi="18" ten="30,1100,0" yaku="8,1" doraHai="89" who="0" fromWho="0" sc="230,21,240,-5,230,-3,290,-3" /><INIT seed="2,0,0,3,0,81" ten="251,235,227,287" oya="2" hai0="72,116,45,69,41,115,10,75,26,11,24,91,74" hai1="63,33,101,42,50,112,92,130,131,106,128,87,71" hai2="15,96,68,120,4,90,56,98,97,35,39,31,17" hai3="6,30,117,16,8,2,102,23,124,93,85,94,66"/><V43/><F120/><W84/><G117/><T76/><D115/><U57/><E33/><V67/><F68/><W119/><G119/><T78/><D69/><U114/><E106/><V20/><F4/><W21/><G124/><T32/><D91/><N who="1" m="53375" /><E101/><V14/><F14/><W44/><G66/><T95/><D95/><U118/><E71/><V70/><F70/><W77/><G44/><T59/><D59/><U107/><E107/><V83/><F43/><W88/><G30/><T123/><D32/><U86/><E118/><V79/><F39/><W46/><G46/><T22/><D26/><U5/><E5/><V103/><F35/><W53/><G53/><T29/><D123/><U61/><E61/><N who="2" m="38311" /><F31/><W40/><G40/><T122/><D122/><U113/><E50/><V89/><F103/><W82/><REACH who="3" step="1"/><G16/><REACH who="3" ten="251,235,227,277" step="2"/><T58/><D116/><U25/><E42/><V38/><F38/><W19/><G19/><T49/><D58/><U133/><E114/><V108/><F108/><W51/><G51/><T126/><D126/><U3/><E113/><V18/><F17/><W105/><G105/><T127/><D127/><U28/><E112/><V62/><F62/><W104/><G104/><T64/><D64/><U36/><E63/><V1/><F1/><W37/><G37/><T52/><D41/><U54/><E3/><V0/><F0/><W135/><G135/><T100/><D10/><U47/><E133/><V111/><F111/><W121/><G121/><T48/><D11/><U129/><E36/><V134/><F134/><W125/><G125/><T73/><N who="0" m="18432" /><DORA hai="55" /><T65/><D49/><RYUUKYOKU ba="0,1" sc="251,-15,235,-15,227,15,277,15" hai2="15,18,20,79,83,89,90,96,97,98" hai3="2,6,8,21,23,77,82,84,85,88,93,94,102" /><INIT seed="2,1,1,1,1,113" ten="236,220,242,292" oya="2" hai0="0,109,64,76,128,87,1,16,73,61,32,25,31" hai1="58,85,104,13,78,42,50,124,40,120,38,10,91" hai2="66,60,107,116,105,30,6,45,132,83,47,100,122" hai3="44,82,118,110,54,134,68,15,12,95,63,11,123"/><V34/><F122/><W9/><G123/><T125/><D73/><U99/><E120/><V111/><F6/><W106/><G106/><T72/><D72/><U51/><E38/><V3/><F3/><W57/><G134/><T39/><D39/><U5/><E124/><V35/><F132/><W46/><G110/><T21/><D109/><U121/><E121/><V8/><F8/><N who="3" m="3147" /><G68/><T53/><D53/><N who="1" m="32063" /><E104/><V90/><F111/><W101/><G118/><T117/><D128/><U17/><E50/><V102/><F116/><W108/><G82/><T70/><D125/><U20/><E99/><V96/><F83/><W69/><G69/><T86/><D117/><U130/><E78/><V103/><F90/><W115/><G115/><T80/><REACH who="0" step="1"/><D87/><REACH who="0" ten="226,220,242,292" step="2"/><U133/><E130/><V33/><F105/><W23/><G108/><T43/><D43/><U28/><E133/><V27/><F107/><W126/><G126/><T49/><D49/><U52/><E52/><V114/><F114/><W75/><G75/><T29/><D29/><U112/><E28/><V48/><F96/><W4/><G54/><T26/><AGARI ba="1,2" hai="0,1,16,21,25,26,31,32,61,64,70,76,80,86" machi="26" ten="20,8000,1" yaku="1,1,0,1,7,1,54,1,53,1" doraHai="113" doraHaiUra="77" who="0" fromWho="0" sc="226,103,220,-21,242,-41,292,-21" /><INIT seed="3,0,0,2,3,33" ten="329,199,201,271" oya="3" hai0="6,16,38,69,128,32,25,23,109,117,30,78,88" hai1="34,50,14,70,17,121,15,83,66,19,2,132,101" hai2="127,5,47,35,124,43,122,72,95,102,0,11,51" hai3="74,40,77,120,130,94,27,76,87,60,8,48,115"/><W105/><G120/><T59/><D69/><U36/><E36/><V131/><F35/><W24/><G105/><T116/><D38/><U46/><E34/><V13/><F122/><W104/><G104/><T10/><D78/><U73/><E121/><V18/><F72/><W135/><G74/><T97/><D109/><U114/><E101/><V103/><F131/><W123/><G115/><T4/><D59/><U31/><E31/><V56/><F56/><W20/><G123/><T39/><D39/><U79/><E2/><V12/><F12/><W68/><G135/><T85/><D97/><U49/><E132/><V44/><F44/><N who="3" m="25607" /><G68/><T53/><D53/><U65/><E114/><V62/><F62/><W57/><G8/><T113/><D128/><U89/><E70/><V29/><F29/><N who="3" m="17543" /><G27/><T54/><D113/><U129/><E129/><V45/><F45/><W111/><G111/><T64/><D4/><U86/><E46/><V93/><F103/><W71/><G71/><T67/><D117/><U52/><E50/><V133/><F133/><W55/><G130/><T81/><D116/><U80/><E49/><V28/><F28/><W107/><G107/><T42/><D42/><U108/><E108/><V98/><REACH who="2" step="1"/><F93/><REACH who="2" ten="329,199,191,271" step="2"/><W41/><G41/><T91/><D30/><U58/><E14/><V126/><F126/><W75/><G75/><T92/><D32/><U96/><E15/><V134/><F134/><W82/><G94/><T22/><D92/><N who="1" m="56335" /><E73/><V37/><F37/><W7/><G7/><T9/><D6/><U106/><E106/><V61/><F61/><W125/><G125/><RYUUKYOKU ba="0,1" sc="329,-15,199,-15,191,15,271,15" hai2="0,5,11,13,18,43,47,51,95,98,102,124,127" hai3="55,57,60,76,77,82,87" /><INIT seed="3,1,1,3,5,81" ten="314,184,206,286" oya="3" hai0="93,31,67,62,38,108,25,12,70,100,86,24,128" hai1="47,133,129,112,66,74,41,92,63,45,104,89,43" hai2="122,117,91,20,53,1,37,50,121,125,55,96,77" hai3="56,78,2,26,32,103,39,73,116,42,99,11,98"/><W94/><G116/><T15/><D38/><U34/><E74/><V61/><F1/><W65/><G56/><T72/><D72/><U68/><E104/><V71/><F77/><W60/><G99/><T4/><D108/><U90/><E34/><V10/><F10/><W110/><G110/><T29/><D128/><U87/><E112/><V84/><F96/><W64/><G32/><T0/><D0/><U28/><E28/><V16/><F37/><W130/><G26/><T114/><D4/><U115/><E115/><V27/><F117/><W124/><G124/><T19/><D100/><U95/><E129/><V134/><F134/><W58/><G130/><T49/><D49/><U22/><E22/><V21/><F21/><W120/><G120/><N who="2" m="46185" /><F50/><W113/><G113/><T82/><D12/><U44/><REACH who="1" step="1"/><E133/><REACH who="1" ten="314,174,206,286" step="2"/><V54/><F125/><W46/><G73/><T51/><D31/><U48/><E48/><V36/><F36/><W107/><G107/><T18/><D51/><U118/><E118/><V17/><F71/><W7/><REACH who="3" step="1"/><G78/><REACH who="3" ten="314,174,206,276" step="2"/><T83/><D114/><U132/><E132/><V111/><F111/><W80/><G80/><T88/><D83/><U23/><E23/><V69/><F69/><W35/><G35/><T57/><D82/><U126/><E126/><V127/><F127/><W85/><G85/><AGARI ba="1,3" hai="41,43,44,45,47,63,66,68,85,87,89,90,92,95" machi="85" ten="40,8000,1" yaku="1,1,9,1,52,2,53,0" doraHai="81" doraHaiUra="135" who="1" fromWho="3" sc="314,0,174,113,206,0,276,-83" /><INIT seed="4,0,0,1,1,130" ten="314,287,206,193" oya="0" hai0="13,86,87,109,25,135,64,60,46,104,117,79,121" hai1="100,59,111,116,106,56,101,4,108,7,63,26,3" hai2="6,58,84,67,122,51,1,126,40,96,31,89,134" hai3="14,47,128,80,43,76,105,22,72,45,10,112,18"/><T33/><D117/><U20/><E116/><V91/><F122/><W16/><G128/><T125/><D121/><U50/><E106/><V131/><F131/><W37/><G105/><T19/><D79/><U69/><E69/><V2/><F31/><W61/><G112/><T44/><D125/><U5/><E3/><V21/><F21/><W66/><G47/><T17/><D104/><U77/><E77/><V38/><F38/><W110/><G110/><T81/><D87/><U127/><E127/><V85/><F126/><W68/><REACH who="3" step="1"/><G22/><REACH who="3" ten="314,287,206,183" step="2"/><T118/><D44/><U9/><E111/><V27/><F40/><W35/><G35/><T15/><D46/><U115/><E115/><V94/><F1/><W88/><G88/><T57/><D109/><U75/><E20/><V55/><F2/><W82/><G82/><T24/><D33/><U133/><E108/><V113/><F113/><W8/><G8/><T42/><D42/><U49/><E9/><V0/><F0/><W30/><G30/><T129/><D129/><U39/><E100/><V54/><F91/><W107/><G107/><T62/><D81/><U102/><E101/><V28/><F28/><W98/><G98/><T36/><D118/><U92/><E102/><V48/><F96/><W12/><G12/><T74/><D13/><U71/><E92/><V95/><F94/><W93/><G93/><T114/><D15/><U65/><E26/><V124/><F27/><W103/><G103/><T73/><D114/><U132/><E39/><V97/><F95/><W52/><G52/><T34/><D36/><U119/><E119/><RYUUKYOKU ba="0,1" sc="314,-10,287,-10,206,-10,183,30" hai3="10,14,16,18,37,43,45,61,66,68,72,76,80" /><INIT seed="5,1,1,3,2,76" ten="304,277,196,213" oya="1" hai0="125,16,12,39,4,84,55,134,115,1,57,63,83" hai1="112,48,123,124,95,86,26,82,51,33,10,8,38" hai2="104,52,71,85,116,120,130,80,121,111,135,46,62" hai3="66,97,32,20,118,43,106,3,6,92,77,87,129"/><U133/><E38/><V96/><F111/><W74/><G32/><T18/><D39/><U34/><E34/><V42/><F116/><W73/><G66/><T50/><D1/><U37/><E37/><V64/><F130/><W89/><G43/><T28/><D28/><U78/><E123/><V108/><F108/><W100/><G129/><T70/><D115/><U114/><E124/><V9/><F135/><W7/><G118/><T2/><D2/><U36/><E36/><V122/><F42/><W98/><G20/><T25/><D134/><U13/><E95/><V14/><F96/><N who="3" m="61703" /><G3/><T90/><D70/><U58/><E133/><V128/><F104/><W30/><G30/><T69/><D69/><U103/><E103/><V5/><F128/><W40/><G40/><T113/><D25/><U41/><E41/><V109/><F109/><W56/><G56/><N who="0" m="32887" /><D113/><N who="1" m="43627" /><E58/><V45/><REACH who="2" step="1"/><F52/><REACH who="2" ten="304,277,186,213" step="2"/><W91/><G7/><T107/><D107/><U110/><E110/><V23/><F23/><W105/><G6/><T29/><D125/><U47/><E48/><V117/><F117/><W81/><G105/><T17/><D4/><U19/><E51/><V101/><F101/><W21/><G21/><T49/><D49/><U72/><E33/><V68/><F68/><W75/><G98/><T44/><D44/><U102/><E102/><AGARI ba="1,2" hai="73,74,75,77,81,87,89,91,92,97,102" m="61703" machi="102" ten="30,12000,2" yaku="35,5,52,1" doraHai="76" who="3" fromWho="1" sc="304,0,277,-123,186,0,213,143" /><INIT seed="6,0,0,0,3,6" ten="304,154,186,356" oya="2" hai0="37,39,130,90,4,69,119,44,49,101,36,113,9" hai1="42,11,118,35,94,25,93,117,125,56,82,48,68" hai2="57,40,100,116,0,88,18,58,60,28,108,72,24" hai3="65,17,50,23,71,132,38,103,95,31,75,97,62"/><V83/><F116/><W92/><G38/><T22/><D69/><U120/><E68/><V41/><F108/><W5/><G75/><T126/><D119/><U77/><E118/><V76/><F100/><W59/><G132/><T91/><D101/><U87/><E117/><V134/><F134/><W131/><G131/><T73/><D73/><U133/><E133/><V121/><F121/><W26/><G5/><T64/><D130/><U105/><E105/><V10/><F57/><W34/><G71/><T55/><D64/><U19/><E120/><V109/><F109/><W129/><G129/><T98/><D113/><U61/><E125/><V81/><F0/><W2/><G2/><T51/><D98/><U63/><E35/><V15/><F88/><W52/><G95/><N who="1" m="36362" /><E25/><V110/><F81/><W104/><G104/><T30/><D51/><U127/><E127/><V33/><REACH who="2" step="1"/><F110/><REACH who="2" ten="304,154,176,356" step="2"/><W135/><G135/><T46/><D126/><U1/><E1/><V86/><F86/><W80/><G80/><T84/><D84/><U14/><E56/><V107/><F107/><W85/><G85/><T54/><D91/><U66/><E66/><AGARI ba="0,1" hai="10,15,18,24,28,33,40,41,58,60,66,72,76,83" machi="66" ten="30,11600,0" yaku="1,1,7,1,52,1,53,1" doraHai="6" doraHaiUra="74" who="2" fromWho="1" sc="304,0,154,-116,176,126,356,0" /><INIT seed="6,1,0,4,0,11" ten="304,38,302,356" oya="2" hai0="112,135,46,64,54,61,83,86,16,97,62,8,79" hai1="125,45,14,29,55,89,95,58,47,56,74,133,93" hai2="119,81,130,104,53,22,51,110,19,24,25,28,9" hai3="109,48,102,126,52,17,42,39,41,121,35,80,36"/><V98/><F119/><W21/><G35/><T3/><D112/><U6/><E74/><V113/><F113/><W127/><G121/><T108/><D108/><U20/><E125/><N who="3" m="47626" /><G109/><T0/><D135/><U92/><E133/><V44/><F110/><W90/><G102/><T59/><D97/><U111/><E111/><V103/><F130/><W101/><G101/><T2/><D46/><U32/><E32/><V12/><F81/><W10/><G10/><T75/><D75/><U100/><E100/><V7/><REACH who="2" step="1"/><F28/><REACH who="2" ten="304,38,292,356" step="2"/><W5/><G80/><T13/><REACH who="0" step="1"/><D0/><AGARI ba="1,1" hai="0,7,9,12,19,22,24,25,44,51,53,98,103,104" machi="0" ten="30,12000,1" yaku="1,1,2,1,7,1,52,1,53,1" doraHai="11" doraHaiUra="94" who="2" fromWho="0" sc="304,-123,38,0,292,133,356,0" /><INIT seed="6,2,0,3,5,93" ten="181,38,425,356" oya="2" hai0="127,111,39,60,109,71,99,53,40,42,88,56,18" hai1="110,129,13,113,33,1,82,3,100,2,96,122,116" hai2="47,87,24,5,98,28,27,135,35,84,125,45,106" hai3="89,57,15,83,10,101,75,134,30,17,123,23,41"/><V62/><F135/><W66/><G123/><T69/><D18/><U14/><E110/><N who="0" m="41993" /><D88/><U34/><E122/><V126/><F62/><N who="3" m="38223" /><G75/><T12/><D99/><U43/><E43/><N who="0" m="16425" /><D12/><U8/><E116/><V81/><F5/><W94/><G134/><T102/><D102/><U70/><E70/><N who="0" m="26633" /><D39/><U73/><E113/><V79/><F87/><W44/><G101/><T29/><D29/><U58/><E58/><V95/><F106/><W115/><G115/><T92/><D92/><U22/><E129/><V72/><F72/><W132/><G132/><T32/><D32/><U97/><E22/><V37/><F37/><W68/><G68/><T49/><D127/><N who="2" m="48650" /><F24/><N who="3" m="16671" /><G83/><T26/><D26/><U25/><E25/><V85/><F84/><W90/><G94/><T20/><D20/><U107/><E96/><V130/><F81/><W105/><G105/><T86/><D86/><U117/><E117/><V77/><F85/><W131/><G90/><T108/><D108/><U67/><E67/><V46/><F95/><W16/><G89/><T52/><D49/><U4/><REACH who="1" step="1"/><E14/><REACH who="1" ten="181,28,425,356" step="2"/><V133/><F98/><W50/><G131/><T31/><D31/><U119/><E119/><V9/><F130/><W6/><AGARI ba="2,1" hai="6,10,15,16,17,41,44,50" m="16671,38223" machi="6" ten="30,2000,0" yaku="8,1,54,1" doraHai="93" who="3" fromWho="3" sc="181,-7,28,-7,425,-12,356,36" /><INIT seed="7,0,0,0,2,113" ten="174,21,413,392" oya="3" hai0="16,121,0,105,23,98,128,111,60,87,108,135,65" hai1="21,76,34,102,41,49,10,47,64,84,35,33,75" hai2="97,24,43,90,83,42,118,15,74,116,45,85,106" hai3="25,46,123,119,117,5,32,26,6,77,1,68,110"/><W72/><G68/><T133/><D0/><U14/><E75/><V71/><F71/><W13/><G123/><T27/><D121/><U55/><E35/><V127/><F127/><W104/><G46/><T109/><D128/><U8/><E34/><V70/><F70/><W61/><G61/><T107/><D87/><U17/><E33/><V82/><F43/><W52/><G52/><T86/><D86/><U92/><E64/><V88/><F15/><W51/><G51/><T3/><D3/><U39/><E76/><N who="2" m="44311" /><F24/><W63/><G63/><T59/><D98/><U11/><E102/><N who="2" m="62799" /><F45/><W94/><G94/><T48/><D48/><U91/><E10/><V20/><F20/><W93/><G93/><T132/><AGARI ba="0,0" hai="16,23,27,59,60,65,105,107,108,109,111,132,133,135" machi="132" ten="40,5200,0" yaku="0,1,20,1,54,1" doraHai="113" who="0" fromWho="0" sc="174,52,21,-13,413,-13,392,-26" owari="226,-17.0,8,-49.0,400,49.0,366,17.0" /></mjloggm>