<mjloggm ver="2.3"><GO type="41" lobby="0"/><UN n0="%E3%82%B3%E3%83%B3%E3%83%87%E3%82%A3%E3%82%B7%E3%83%A7%E3%83%8A%E3%83%BC" n1="%79%6F%73%68%6F%69%72%69" n2="%41%31%31%30%31%36" n3="%E5%B0%B1%E6%B4%BB%E7%94%9F%40%E5%B7%9D%E6%9D%91%E8%BB%8D%E5%9B%A3" dan="15,14,15,15" rate="2093.71,1958.47,2075.48,2010.92" sx="M,M,M,M"/><TAIKYOKU oya="0"/><INIT seed="0,0,0,3,2,85" ten="250,250,250,250" oya="0" hai0="55,135,40,70,87,35,34,65,105,89,114,134,22" hai1="131,43,44,125,25,30,133,24,63,113,74,66,92" hai2="80,0,88,13,95,12,59,77,20,76,128,99,73" hai3="69,107,21,118,17,32,67,47,42,62,91,68,60"/><T10/><D105/><U11/><E74/><V61/><F0/><W50/><G32/><T36/><D114/><U103/><E113/><V38/><F38/><W104/><G118/><T6/><D22/><U129/><E133/><N who="0" m="50697" /><D55/><U124/><E11/><V97/><F77/><W31/><G31/><T126/><D126/><N who="1" m="48747" /><E103/><V28/><F128/><N who="1" m="49225" /><E92/><V58/><F58/><W37/><G37/><T111/><D111/><U119/><E119/><V39/><F39/><W56/><G91/><T82/><D70/><N who="1" m="42335" /><E30/><V64/><REACH who="2" step="1"/><F97/><REACH who="2" ten="250,250,240,250" step="2"/><W109/><G69/><T102/><D65/><U16/><E44/><V123/><F123/><W94/><G67/><T3/><D102/><U86/><E43/><V98/><F98/><W52/><G68/><T71/><D71/><U117/><E117/><V2/><F2/><W4/><G42/><T112/><D112/><U7/><E86/><V121/><F121/><W54/><G47/><AGARI ba="0,1" hai="3,6,10,34,35,36,40,47,82,87,89" m="50697" machi="47" ten="30,2900,0" yaku="20,1,52,1" doraHai="85" who="0" fromWho="3" sc="250,39,250,0,240,0,250,-29" /><INIT seed="0,1,0,3,4,79" ten="289,250,240,221" oya="0" hai0="94,55,1,23,104,100,106,131,119,71,31,93,124" hai1="102,24,98,91,43,10,64,117,57,96,67,14,35" hai2="115,113,135,73,16,114,69,76,125,12,58,84,18" hai3="103,50,27,46,112,17,110,101,66,105,40,82,108"/><T129/><D1/><U15/><E117/><V4/><F69/><W38/><G112/><T107/><D71/><U20/><E43/><V8/><F73/><W70/><G105/><T65/><D65/><U2/><E35/><V133/><F58/><W0/><G0/><T63/><D119/><U48/><E2/><V25/><F125/><W122/><G122/><T77/><D124/><U74/><E74/><V75/><F75/><W80/><G70/><T32/><D32/><U13/><E10/><V120/><F120/><W47/><G66/><T126/><D126/><U123/><E123/><V54/><F54/><W89/><G89/><T81/><D63/><U62/><E67/><V34/><F76/><W61/><G61/><T109/><D55/><U45/><E91/><V128/><F84/><W9/><G101/><T51/><D51/><U19/><E102/><V116/><F116/><W33/><G103/><T39/><D39/><U99/><E48/><V127/><F127/><W132/><G132/><N who="2" m="50761" /><F128/><N who="0" m="49226" /><D100/><U83/><E45/><V60/><F60/><W134/><G134/><T56/><D56/><U53/><E64/><V7/><F18/><W44/><G33/><T68/><D68/><U90/><E90/><V111/><F111/><N who="3" m="42539" /><G44/><T36/><D36/><U118/><E118/><V30/><AGARI ba="1,0" hai="4,7,8,12,16,25,30,34,113,114,115" m="50761" machi="30" ten="40,8000,1" yaku="20,1,34,2,54,1" doraHai="79" who="2" fromWho="2" sc="289,-41,250,-21,240,83,221,-21" /><INIT seed="1,0,0,4,4,103" ten="248,229,323,200" oya="1" hai0="37,114,98,113,3,68,21,118,19,33,131,23,88" hai1="104,73,97,124,116,46,39,121,59,27,64,51,101" hai2="120,4,115,96,58,76,5,20,100,95,83,105,81" hai3="123,30,12,13,28,2,65,127,60,31,16,66,22"/><U75/><E121/><V18/><F120/><W90/><G123/><T14/><D33/><U134/><E116/><V112/><F58/><W87/><G2/><T50/><D37/><U92/><E39/><V70/><F70/><W34/><G127/><T24/><D68/><U29/><E124/><V38/><F38/><W63/><G34/><T9/><D118/><U8/><E134/><V128/><F128/><W54/><G12/><T10/><D131/><U72/><E8/><V117/><F117/><W1/><G1/><T125/><D125/><U62/><E92/><V84/><F83/><W15/><G15/><T55/><D3/><U35/><E75/><V86/><F86/><W77/><G77/><T25/><D14/><U41/><AGARI ba="0,0" hai="27,29,35,41,46,51,59,62,64,72,73,97,101,104" machi="41" ten="20,3900,0" yaku="0,1,7,1,52,1" doraHai="103" who="1" fromWho="1" sc="248,-13,229,39,323,-13,200,-13" /><INIT seed="1,1,0,5,4,129" ten="235,268,310,187" oya="1" hai0="121,68,64,86,43,101,116,1,72,93,123,24,5" hai1="110,74,117,111,73,102,25,52,21,56,71,88,53" hai2="87,7,61,106,18,126,65,13,57,131,77,34,119" hai3="27,36,118,8,10,85,125,55,104,112,11,76,17"/><U46/><E117/><V0/><F119/><W58/><G118/><T44/><D116/><RYUUKYOKU type="kaze4" ba="1,0" sc="235,0,268,0,310,0,187,0" /><INIT seed="1,2,0,1,1,99" ten="235,268,310,187" oya="1" hai0="101,119,123,73,5,0,92,62,21,128,2,35,15" hai1="44,10,22,38,116,104,42,6,3,29,61,26,60" hai2="93,43,11,84,100,117,31,113,110,30,103,37,69" hai3="114,91,13,32,77,74,53,130,95,41,78,45,133"/><U126/><E116/><V102/><F69/><W17/><G114/><T23/><D35/><U20/><E126/><V28/><F117/><W131/><G32/><T108/><D73/><U1/><E104/><V80/><F113/><W52/><G133/><T81/><D119/><U134/><E1/><V56/><F37/><W59/><G41/><T97/><D123/><U76/><E134/><V135/><F135/><W86/><G45/><T25/><D128/><N who="3" m="49193" /><G74/><T112/><D112/><U111/><E111/><V12/><F43/><W50/><G53/><T47/><D81/><U79/><E20/><AGARI ba="2,0" hai="13,17,20,50,52,59,77,78,86,91,95" m="49193" machi="20" ten="30,3900,0" yaku="25,1,19,1,54,1" doraHai="99" who="3" fromWho="1" sc="235,0,268,-45,310,0,187,45" /><INIT seed="2,0,0,4,1,72" ten="235,223,310,232" oya="2" hai0="106,40,42,131,25,134,93,29,100,39,53,102,15" hai1="126,111,7,84,10,13,49,68,82,47,128,57,121" hai2="45,30,38,77,94,122,21,116,80,5,36,105,33" hai3="12,109,34,26,75,27,35,37,48,118,6,112,124"/><V89/><F105/><W2/><G37/><T73/><D106/><U97/><E68/><V51/><F116/><W127/><G75/><T60/><D131/><U67/><E128/><V98/><F33/><N who="3" m="12299" /><G48/><T114/><D73/><U41/><E121/><V117/><F117/><W119/><G2/><T22/><D114/><U56/><E111/><V8/><F21/><W107/><G107/><T87/><D15/><U52/><E126/><N who="3" m="48170" /><G109/><T58/><D134/><U92/><E67/><V64/><F30/><W66/><G66/><T54/><D39/><U104/><E104/><V113/><F64/><W17/><G112/><T46/><D46/><U103/><REACH who="1" step="1"/><E52/><REACH who="1" ten="235,213,310,232" step="2"/><V32/><F122/><W135/><G135/><T95/><D54/><U1/><E1/><V14/><F113/><W83/><G119/><T19/><D53/><U88/><AGARI ba="0,1" hai="7,10,13,41,47,49,56,57,82,84,88,92,97,103" machi="88" ten="20,8000,1" yaku="1,1,0,1,7,1,8,1,54,1,53,0" doraHai="72" doraHaiUra="16" who="1" fromWho="1" sc="235,-20,213,90,310,-40,232,-20" /><INIT seed="3,0,0,4,4,87" ten="215,303,270,212" oya="3" hai0="135,113,72,35,119,103,79,11,65,30,51,31,36" hai1="129,125,95,48,56,32,5,70,40,118,78,14,52" hai2="102,123,131,122,61,93,4,19,106,121,132,82,98" hai3="115,60,18,91,43,73,1,107,24,53,28,80,134"/><W54/><G115/><T3/><D36/><U16/><E70/><V55/><F4/><W126/><G107/><T2/><D103/><U49/><E32/><V0/><F0/><W116/><G116/><T57/><D119/><U114/><E118/><V133/><F19/><W38/><G134/><N who="2" m="51817" /><F61/><W71/><G126/><T120/><D120/><U41/><E114/><V45/><F45/><W29/><G1/><T8/><D79/><U22/><E125/><V50/><F55/><W81/><G38/><T39/><D39/><U6/><E129/><V68/><F68/><W83/><G43/><T127/><D135/><U44/><E41/><V63/><F63/><W128/><G128/><T109/><D127/><U96/><E78/><V66/><F66/><W108/><G73/><T9/><D65/><U124/><E124/><V10/><F50/><W7/><G7/><T46/><D51/><U20/><E22/><V23/><F10/><W37/><G37/><T97/><D9/><U21/><E20/><V12/><F23/><N who="3" m="13431" /><G71/><T13/><D113/><U74/><E74/><V104/><F12/><W17/><G17/><T111/><D13/><U92/><E92/><V33/><F33/><W58/><G108/><T105/><D35/><U47/><E44/><V85/><F131/><W76/><G76/><AGARI ba="0,0" hai="76,82,85,93,98,102,104,106,121,122,123" m="51817" machi="76" ten="40,8000,1" yaku="13,1,20,1,34,2" doraHai="87" who="2" fromWho="3" sc="215,0,303,0,270,80,212,-80" /><INIT seed="4,0,0,3,1,135" ten="215,303,350,132" oya="0" hai0="39,50,55,91,116,33,94,105,35,96,73,79,80" hai1="48,85,128,49,126,69,71,72,26,41,117,100,20" hai2="43,25,57,37,52,17,111,101,54,81,70,109,93" hai3="38,0,27,130,23,45,119,12,21,123,4,1,2"/><T76/><D39/><U89/><E72/><V120/><F120/><W104/><G104/><T65/><D65/><U103/><E117/><V56/><F70/><W106/><G106/><T16/><D116/><U98/><E103/><V107/><F107/><W82/><G119/><T88/><D105/><U47/><E128/><V129/><F129/><W127/><G130/><T29/><D29/><U6/><E6/><V7/><F7/><W118/><G118/><T102/><D79/><U51/><E71/><V131/><F131/><W46/><G123/><T132/><D132/><U59/><E69/><V113/><F113/><W90/><G38/><T134/><D134/><U84/><E84/><V8/><F81/><W58/><G58/><T19/><D35/><U5/><E5/><V74/><F74/><W108/><G108/><T115/><D33/><U112/><E59/><V87/><F37/><W10/><G23/><T13/><D115/><U114/><E114/><V28/><F43/><W14/><G14/><T60/><D60/><U53/><E112/><V125/><F125/><W11/><G11/><T133/><D133/><U122/><E126/><V30/><F17/><N who="0" m="6730" /><D13/><U99/><E122/><V124/><F8/><W83/><G127/><T24/><D24/><U97/><E100/><V22/><F28/><W66/><G66/><T77/><D77/><U40/><E26/><V64/><F124/><W95/><G27/><T67/><D67/><U42/><E20/><V9/><F64/><W44/><REACH who="3" step="1"/><G21/><REACH who="3" ten="215,303,350,122" step="2"/><T75/><D75/><U86/><E89/><N who="0" m="34377" /><D55/><U110/><E110/><V92/><F111/><RYUUKYOKU ba="0,1" sc="215,10,303,10,350,-30,122,10" hai0="50,73,76,80,94,96,102" hai1="40,41,42,47,48,49,51,53,85,86,97,98,99" hai3="0,1,2,4,10,12,44,45,46,82,83,90,95" /><INIT seed="4,1,1,5,0,30" ten="225,313,320,132" oya="0" hai0="45,94,89,23,12,127,71,123,21,88,7,50,53" hai1="47,114,3,8,91,4,107,72,102,125,81,78,75" hai2="120,54,37,70,129,99,130,33,24,16,82,20,126" hai3="110,74,67,60,76,105,35,69,121,14,106,38,73"/><T85/><D71/><U104/><E125/><V133/><F120/><W31/><G14/><T29/><D123/><U57/><E57/><V13/><F70/><W26/><G110/><T42/><D127/><U124/><E124/><V97/><F126/><W2/><G121/><T109/><D109/><U51/><E75/><N who="3" m="28682" /><G76/><T95/><D29/><U58/><E58/><V90/><F37/><W56/><G56/><T83/><D83/><U92/><E102/><V116/><F54/><W1/><G38/><T84/><D53/><U98/><E114/><V48/><F48/><W80/><G80/><T34/><D34/><U41/><AGARI ba="1,1" hai="3,4,8,41,47,51,72,78,81,91,92,98,104,107" machi="41" ten="20,1500,0" yaku="0,1,7,1" doraHai="30" who="1" fromWho="1" sc="225,-8,313,28,320,-5,132,-5" /><INIT seed="5,0,0,1,3,126" ten="217,341,315,127" oya="1" hai0="103,83,33,94,60,7,86,49,28,84,55,50,26" hai1="135,43,12,120,51,101,91,128,22,107,96,10,19" hai2="125,41,80,124,118,122,29,77,116,17,15,90,2" hai3="97,114,123,119,16,25,112,48,37,92,99,35,21"/><U54/><E120/><V62/><F2/><W34/><G37/><T36/><D36/><U5/><E135/><V42/><F122/><W111/><G123/><T81/><D7/><U38/><E38/><V113/><F90/><W82/><G111/><T47/><D60/><U121/><E121/><V56/><F29/><W64/><G119/><T102/><D94/><U6/><E43/><V52/><F113/><W76/><G64/><T59/><D84/><U85/><E10/><V117/><F17/><W58/><G99/><T78/><REACH who="0" step="1"/><D83/><REACH who="0" ten="207,341,315,127" step="2"/><U88/><E91/><V20/><F80/><W110/><G110/><T106/><D106/><U30/><E5/><V73/><F73/><W133/><G133/><T89/><D89/><U40/><E6/><V3/><F77/><W23/><G114/><T93/><D93/><U87/><E88/><V8/><F3/><W32/><G112/><T9/><D9/><U132/><E132/><V68/><F116/><W105/><G105/><T131/><D131/><U46/><E128/><V0/><F117/><W57/><G92/><T1/><D1/><U39/><REACH who="1" step="1"/><E30/><REACH who="1" ten="207,331,315,127" step="2"/><V75/><F118/><W127/><G97/><T109/><D109/><U100/><E100/><V45/><F124/><W44/><G127/><T53/><AGARI ba="0,2" hai="26,28,33,47,49,50,53,55,59,78,81,86,102,103" machi="53" ten="20,2700,0" yaku="1,1,0,1,7,1,53,0" doraHai="126" doraHaiUra="14" who="0" fromWho="0" sc="207,47,331,-13,315,-7,127,-7" /><INIT seed="6,0,0,4,4,104" ten="254,318,308,120" oya="2" hai0="3,106,2,82,43,120,90,53,54,121,48,16,47" hai1="38,7,68,75,102,117,110,74,112,128,49,29,61" hai2="63,130,133,4,103,22,84,27,114,37,65,19,91" hai3="66,105,113,81,5,51,12,126,28,11,85,118,36"/><V88/><F37/><W32/><G36/><T70/><D70/><U10/><E38/><V100/><F114/><W55/><G105/><T41/><D106/><U69/><E110/><V96/><F133/><W124/><G118/><T89/><D47/><U87/><E117/><V107/><F130/><W80/><G66/><T17/><D48/><U31/><E102/><V93/><F4/><W131/><G131/><T6/><D82/><U1/><E112/><V109/><F109/><W98/><G113/><T24/><D6/><U57/><E69/><V116/><F116/><W72/><G98/><T122/><D120/><U129/><E129/><V59/><F107/><W9/><G32/><T15/><D15/><U78/><E78/><V119/><REACH who="2" step="1"/><F119/><REACH who="2" ten="254,318,298,120" step="2"/><W46/><G28/><T76/><D122/><U60/><E128/><V79/><F79/><W62/><G124/><T92/><D121/><U35/><E31/><V20/><F20/><W64/><G126/><T83/><D76/><U111/><E111/><V0/><F0/><W18/><G85/><T25/><D2/><U26/><E87/><V108/><F108/><W8/><G72/><T134/><D3/><U34/><E34/><V21/><F21/><W99/><G99/><T77/><D77/><U14/><E1/><V33/><F33/><W39/><G39/><T50/><D134/><U73/><E73/><V132/><F132/><W101/><G101/><T95/><D83/><AGARI ba="0,1" hai="19,22,27,59,63,65,83,84,88,91,93,96,100,103" machi="83" ten="30,11600,0" yaku="1,1,7,1,8,1,54,1,53,0" doraHai="104" doraHaiUra="45" who="2" fromWho="0" sc="254,-116,318,0,298,126,120,0" /><INIT seed="6,1,0,1,2,124" ten="138,318,424,120" oya="2" hai0="70,37,75,84,30,83,46,67,31,130,95,50,103" hai1="25,85,71,89,92,98,23,27,24,88,14,19,135" hai2="2,55,52,133,94,68,113,63,18,121,48,1,22" hai3="93,108,120,97,110,107,114,42,58,51,86,82,13"/><V41/><F121/><W3/><G3/><T77/><D37/><U132/><REACH who="1" step="1"/><E71/><REACH who="1" ten="138,308,424,120" step="2"/><V10/><F113/><W74/><G114/><T49/><D70/><U36/><E36/><V105/><F68/><W32/><G120/><T116/><D116/><U112/><E112/><V40/><F133/><W66/><G108/><T126/><D126/><U44/><E44/><V34/><F41/><W100/><G110/><T134/><D134/><U76/><E76/><V54/><F40/><W122/><G122/><T102/><D77/><U64/><E64/><V56/><F54/><W79/><G32/><T15/><D67/><U72/><E72/><V57/><F34/><W87/><G66/><T119/><D75/><U33/><E33/><V129/><F105/><W91/><G42/><T99/><D46/><U8/><E8/><V111/><F111/><W118/><G118/><T115/><D119/><U28/><E28/><V90/><F10/><W117/><G117/><T11/><D115/><U12/><E12/><V123/><F123/><W59/><G13/><T127/><D127/><U38/><E38/><V17/><F129/><W69/><G69/><T81/><D130/><U131/><E131/><V80/><F2/><W39/><G39/><T47/><D47/><U4/><E4/><V5/><F1/><W78/><G51/><T73/><D73/><U29/><E29/><V106/><F5/><W43/><G43/><T26/><D31/><U7/><E7/><V128/><F128/><W125/><G125/><T62/><D50/><U35/><E35/><V65/><F48/><W45/><G45/><RYUUKYOKU ba="1,1" sc="138,-15,308,15,424,-15,120,15" hai1="14,19,23,24,25,27,85,88,89,92,98,132,135" hai3="58,59,74,78,79,82,86,87,91,93,97,100,107" /><INIT seed="7,2,1,5,4,135" ten="123,323,409,135" oya="3" hai0="105,82,63,134,87,62,0,23,115,108,112,84,58" hai1="83,95,90,16,52,65,122,20,4,41,125,34,42" hai2="15,97,96,17,67,73,133,32,100,114,51,70,49" hai3="57,19,30,38,76,14,27,116,74,130,131,107,25"/><W94/><G107/><T109/><D0/><U123/><E34/><V24/><F73/><W6/><G38/><T113/><D105/><U11/><E65/><V8/><F133/><W61/><G116/><T36/><D36/><U69/><E69/><V126/><F114/><W118/><G118/><T18/><D134/><U43/><E83/><V59/><F96/><W102/><G6/><T129/><D129/><N who="3" m="49161" /><G74/><T111/><D82/><U53/><E125/><V101/><F101/><W110/><G76/><T75/><D75/><U86/><E123/><V12/><F12/><W120/><G120/><T72/><D72/><U50/><E122/><V132/><F132/><W68/><G68/><T22/><D22/><U7/><E11/><V92/><F59/><W46/><G46/><T44/><D44/><U39/><E39/><V55/><F55/><N who="3" m="33983" /><G30/><T28/><D28/><U85/><E85/><N who="0" m="32841" /><D58/><N who="1" m="33047" /><E53/><V33/><F33/><W56/><G56/><T91/><D91/><U119/><E119/><V98/><F97/><N who="3" m="59703" /><G110/><T1/><D1/><U99/><E99/><V71/><F71/><W2/><G2/><T45/><D45/><U80/><E80/><V121/><F70/><W37/><G37/><T79/><D79/><U35/><E35/><V78/><F121/><W54/><G54/><T124/><D124/><U60/><E60/><V3/><F78/><W64/><G64/><T5/><D5/><U88/><E90/><V21/><F3/><W93/><G93/><T103/><D103/><U106/><E106/><V13/><F67/><W128/><N who="3" m="49169" /><W26/><DORA hai="40" /><G19/><T77/><D77/><RYUUKYOKU ba="2,1" sc="123,10,323,10,409,-30,135,10" hai0="18,23,62,63,108,109,111,112,113,115" hai1="4,7,16,20,41,42,43,86,88,95" hai3="14,25,26,27" /><INIT seed="7,3,1,2,5,27" ten="133,333,379,145" oya="3" hai0="65,129,117,28,79,106,36,6,96,11,119,127,69" hai1="98,10,40,132,118,55,81,37,15,17,112,130,116" hai2="67,72,29,107,16,68,20,102,21,125,2,18,122" hai3="58,134,82,120,60,77,73,128,110,31,44,52,90"/><W80/><G120/><T45/><D79/><U61/><E112/><V23/><F72/><W103/><G110/><T42/><D129/><U92/><E130/><V87/><F2/><W7/><G128/><T91/><D127/><U14/><E132/><V76/><F125/><W24/><G134/><T75/><D75/><U5/><E118/><V131/><F131/><W135/><G135/><T99/><D99/><U66/><E55/><V88/><F76/><W4/><G103/><N who="0" m="62823" /><D91/><U70/><E81/><V95/><F122/><W50/><G90/><T48/><D48/><U74/><E74/><V78/><F78/><W49/><G49/><T101/><D101/><U22/><E116/><V100/><F107/><W9/><G9/><T109/><D109/><U84/><E84/><V94/><F68/><W38/><G38/><T97/><D97/><U62/><E62/><V121/><F67/><W54/><G82/><T113/><D113/><U32/><E32/><AGARI ba="3,1" hai="4,7,24,31,32,44,50,52,54,58,60,73,77,80" machi="32" ten="30,5800,0" yaku="7,1,52,1,54,1" doraHai="27" who="3" fromWho="1" sc="133,0,333,-67,379,0,145,77" /><INIT seed="7,4,0,0,4,14" ten="133,266,379,222" oya="3" hai0="24,99,88,26,13,54,4,47,67,61,76,19,32" hai1="84,93,80,119,105,82,35,114,50,56,79,10,100" hai2="106,134,28,38,135,109,1,86,11,42,17,9,129" hai3="122,3,44,83,70,64,37,34,117,68,60,81,116"/><W58/><G34/><T69/><D76/><U8/><E35/><V16/><F106/><W92/><G3/><T40/><D4/><U31/><E31/><V0/><F109/><W62/><G122/><T91/><D54/><U66/><E105/><V48/><F38/><W103/><G116/><T104/><D104/><U77/><E119/><V23/><F86/><W111/><G111/><T115/><D115/><U51/><E114/><V15/><F48/><W59/><G117/><T130/><D130/><U6/><E100/><V49/><F49/><W94/><G37/><T132/><D132/><N who="2" m="50730" /><F42/><W123/><G44/><T87/><D99/><U20/><E93/><V5/><F129/><W45/><G45/><T2/><D2/><U128/><E20/><V53/><F53/><W57/><G123/><T113/><D113/><U112/><E112/><V63/><F63/><W95/><G103/><T36/><D32/><U41/><E10/><V85/><F85/><W126/><G126/><T131/><D131/><U75/><E41/><V65/><F65/><AGARI ba="4,0" hai="57,58,59,60,62,64,65,68,70,81,83,92,94,95" machi="65" ten="40,2000,0" yaku="9,1" doraHai="14" who="3" fromWho="2" sc="133,0,266,0,379,-32,222,32" /><INIT seed="7,5,0,1,1,85" ten="133,266,347,254" oya="3" hai0="48,105,107,97,63,28,44,110,88,118,127,29,125" hai1="84,26,135,68,34,126,82,69,92,62,124,15,47" hai2="53,22,14,25,35,27,4,95,66,8,45,24,12" hai3="80,122,32,30,55,94,76,86,6,79,46,16,49"/><W18/><G122/><T83/><D118/><U130/><E135/><V0/><F66/><W129/><G129/><T40/><D110/><U103/><E130/><V117/><F117/><W106/><G106/><T120/><D120/><U104/><E104/><V90/><F45/><W17/><G6/><T64/><D107/><U78/><E47/><V89/><F53/><W87/><G32/><T36/><D105/><U59/><E15/><V96/><F35/><W99/><G30/><T134/><D134/><U131/><E131/><V133/><F133/><W11/><G11/><T91/><D83/><U58/><E58/><V65/><F65/><W60/><G60/><T21/><D97/><N who="1" m="59815" /><E26/><V75/><F75/><W2/><G2/><T20/><D36/><U39/><E39/><V115/><F115/><W111/><G111/><T38/><D38/><U19/><E19/><N who="2" m="10599" /><F0/><W116/><G116/><T113/><D113/><U132/><E132/><V42/><F42/><W23/><G86/><T9/><D9/><U33/><E33/><V51/><F51/><W41/><G41/><T109/><D109/><U81/><E34/><V5/><F5/><W128/><G128/><T98/><D98/><U121/><E121/><V3/><F3/><W13/><REACH who="3" step="1"/><G79/><REACH who="3" ten="133,266,347,244" step="2"/><T71/><D29/><U101/><E78/><V10/><F8/><W72/><G72/><T67/><D67/><N who="1" m="39391" /><E84/><V112/><F112/><W93/><G93/><T108/><D108/><U31/><E31/><V61/><F61/><W119/><G119/><T102/><D28/><U56/><E82/><V73/><F73/><W50/><G50/><RYUUKYOKU ba="5,1" sc="133,-15,266,-15,347,15,244,15" hai2="4,10,14,24,25,27,89,90,95,96" hai3="13,16,17,18,23,46,49,55,76,80,87,94,99" /><INIT seed="7,6,1,3,2,76" ten="118,251,362,259" oya="3" hai0="111,78,62,67,80,92,15,125,86,91,38,133,57" hai1="106,0,69,9,52,124,54,131,120,110,104,101,5" hai2="4,117,7,20,37,74,61,81,33,31,132,121,112" hai3="12,88,64,99,65,48,75,70,90,23,100,41,21"/><W6/><G75/><T55/><D133/><U77/><E110/><V53/><F37/><W44/><G70/><T95/><D125/><U58/><E120/><V126/><F117/><W30/><G100/><T107/><D107/><U122/><E122/><V50/><F121/><W97/><G30/><T85/><D38/><U17/><E69/><V42/><F126/><W25/><G6/><T39/><D39/><U8/><E124/><V29/><F33/><W134/><G134/><T93/><D111/><U123/><E123/><V118/><F118/><W105/><G12/><T82/><REACH who="0" step="1"/><D15/><REACH who="0" ten="108,251,362,259" step="2"/><U127/><E127/><V22/><F132/><W34/><G105/><T28/><D28/><U94/><E131/><V2/><F31/><W11/><G11/><T45/><D45/><U59/><E9/><V46/><F29/><N who="3" m="17599" /><G21/><T16/><D16/><U36/><E36/><V87/><F22/><W14/><G14/><T89/><D89/><N who="3" m="34409" /><G34/><T79/><D79/><U43/><E17/><V129/><F20/><W108/><G108/><T40/><D40/><U32/><E77/><V83/><F129/><W66/><AGARI ba="6,2" hai="41,44,48,64,65,66,97,99" m="34409,17599" machi="66" ten="30,3000,0" yaku="8,1,54,1" doraHai="76" who="3" fromWho="3" sc="108,-16,251,-16,362,-16,259,68" /><INIT seed="7,7,0,0,3,131" ten="92,235,346,327" oya="3" hai0="28,47,38,98,133,94,40,61,24,62,112,85,72" hai1="59,60,35,34,107,8,10,122,41,43,130,74,99" hai2="124,15,42,92,78,73,56,22,19,11,113,132,120" hai3="96,88,55,14,87,45,44,134,21,32,31,3,121"/><W71/><G3/><T89/><D72/><U49/><E130/><V37/><F113/><W0/><G0/><T68/><D112/><U76/><E122/><V36/><F120/><W100/><G121/><T52/><D68/><U103/><E8/><V51/><F124/><W123/><G71/><T115/><D115/><U9/><E9/><V83/><F132/><W95/><G123/><T110/><D110/><U69/><E41/><V128/><F128/><W27/><G134/><T108/><D108/><U6/><E69/><V48/><F48/><W18/><REACH who="3" step="1"/><G55/><REACH who="3" ten="92,235,346,317" step="2"/><T20/><D133/><U135/><E135/><V114/><F114/><W26/><G26/><T81/><REACH who="0" step="1"/><D52/><REACH who="0" ten="82,235,346,317" step="2"/><U39/><E43/><V66/><F42/><W80/><AGARI ba="7,2" hai="14,18,21,27,31,32,44,45,80,87,88,95,96,100" machi="80" ten="20,7800,0" yaku="1,1,0,1,7,1,54,1,53,0" doraHai="131" doraHaiUra="104" who="3" fromWho="3" sc="82,-33,235,-33,346,-33,317,119" owari="49,-45.0,202,-20.0,313,11.0,436,54.0" /></mjloggm>