<mjloggm ver="2.3"><GO type="97" lobby="0"/><UN n0="%28%EF%BC%BE%CF%89%EF%BC%BE%29%E3%81%8A%E3%81%89%E3%82%93" n1="%E5%B0%B1%E6%B4%BB%E7%94%9F%40%E5%B7%9D%E6%9D%91%E8%BB%8D%E5%9B%A3" n2="%E3%81%93%E3%83%BC%E3%81%A9" n3="%E9%AB%8F%E3%80%85%E5%AE%AE%E3%82%AB%E3%83%AB%E3%82%BF" dan="14,14,13,14" rate="1985.24,1957.46,1823.54,1896.78" sx="F,M,M,F"/><TAIKYOKU oya="0"/><INIT seed="0,0,0,3,5,103" ten="250,250,250,250" oya="0" hai0="51,127,23,17,60,7,90,19,38,36,129,8,125" hai1="116,88,105,130,111,70,33,39,62,2,98,104,27" hai2="45,0,54,34,119,50,133,123,48,42,4,86,108" hai3="132,22,28,18,47,69,5,121,24,9,87,67,66"/><T58/><D129/><U117/><E2/><V52/><F123/><W12/><G69/><T16/><D51/><U31/><E39/><V59/><F34/><W40/><G132/><T114/><D114/><U6/><E130/><V97/><F108/><W84/><G121/><T73/><D73/><U101/><E6/><V82/><F133/><W93/><G93/><T71/><D71/><U113/><E113/><V61/><F119/><W63/><G28/><T128/><D128/><U43/><E43/><V109/><F109/><W3/><G3/><T94/><D36/><U102/><E111/><V85/><F97/><W68/><REACH who="3" step="1"/><G66/><REACH who="3" ten="250,250,250,240" step="2"/><T14/><D38/><AGARI ba="0,1" hai="5,9,12,18,22,24,38,40,47,63,67,68,84,87" machi="38" ten="30,7700,0" yaku="1,1,2,1,7,1,53,1" doraHai="103" doraHaiUra="20" who="3" fromWho="0" sc="250,-77,250,0,250,0,240,87" /><INIT seed="1,0,0,0,0,114" ten="173,250,250,327" oya="1" hai0="8,115,84,133,57,19,106,127,128,88,86,74,58" hai1="36,77,63,135,52,0,1,89,49,118,100,61,20" hai2="56,120,75,93,112,35,98,31,43,87,4,53,39" hai3="70,40,69,103,55,13,64,130,23,27,104,30,17"/><U21/><E36/><V123/><F75/><W33/><G130/><T2/><D115/><U6/><E118/><V16/><F112/><W28/><G40/><T94/><D74/><U14/><E135/><V76/><F4/><W131/><G131/><T29/><D128/><U102/><E1/><V107/><F107/><W109/><G109/><T119/><D106/><U110/><E0/><V32/><F43/><W51/><G30/><T48/><D127/><U121/><E121/><V15/><F39/><W46/><G104/><T47/><D133/><U41/><E77/><V68/><F68/><W9/><G103/><N who="1" m="39466" /><E41/><V37/><F37/><W5/><REACH who="3" step="1"/><G64/><REACH who="3" ten="173,250,250,317" step="2"/><T92/><D119/><U34/><E110/><V113/><F31/><W11/><G11/><T3/><D29/><U67/><E34/><V7/><F113/><W44/><G44/><T83/><D2/><AGARI ba="0,1" hai="2,5,9,13,17,23,27,28,33,46,51,55,69,70" machi="2" ten="30,7700,0" yaku="1,1,7,1,24,2,53,0" doraHai="114" doraHaiUra="73" who="3" fromWho="0" sc="173,-77,250,0,250,0,317,87" /><INIT seed="2,0,0,0,3,69" ten="96,250,250,404" oya="2" hai0="59,75,0,87,131,80,64,106,20,14,114,36,119" hai1="38,50,84,54,104,107,4,62,101,66,24,98,90" hai2="94,70,42,74,45,83,48,49,126,33,91,100,1" hai3="10,65,132,99,11,81,22,128,121,52,13,31,112"/><V5/><F126/><W110/><G121/><T12/><D106/><U96/><E38/><V127/><F127/><W26/><G110/><T55/><D114/><U92/><E4/><V16/><F70/><W18/><G132/><T73/><D0/><U108/><E108/><V17/><F33/><W56/><G65/><T97/><D131/><U47/><E24/><V116/><F116/><W21/><G128/><T39/><D119/><U77/><E77/><V122/><F122/><W117/><G117/><T30/><D97/><U46/><E46/><V2/><F100/><W58/><G112/><T105/><D105/><U120/><E120/><V88/><F49/><W41/><G41/><T19/><D64/><U68/><E98/><V43/><F43/><W82/><G58/><T95/><D30/><U72/><E72/><V34/><F34/><W76/><G99/><T123/><D123/><U118/><E118/><V85/><F74/><W130/><G130/><T23/><D75/><U8/><E8/><N who="3" m="3114" /><G76/><T93/><D73/><U15/><E15/><V32/><F32/><W29/><G29/><T86/><D59/><U133/><E133/><V71/><F71/><W35/><G35/><T53/><REACH who="0" step="1"/><D19/><REACH who="0" ten="86,250,250,404" step="2"/><U125/><E125/><V109/><F109/><W67/><G67/><T25/><D25/><U40/><E107/><V7/><F1/><W135/><G135/><T37/><D37/><U28/><E28/><V60/><F2/><W6/><G6/><N who="2" m="2057" /><F60/><AGARI ba="0,1" hai="13,18,21,22,26,31,52,56,60,81,82" m="3114" machi="60" ten="30,2000,0" yaku="8,1,54,1" doraHai="69" who="3" fromWho="2" sc="86,0,250,0,250,-20,404,30" /><INIT seed="3,0,0,5,3,94" ten="86,250,230,434" oya="3" hai0="59,99,127,71,10,32,74,19,119,50,33,29,62" hai1="45,46,42,116,91,66,47,25,60,31,89,12,112" hai2="57,15,117,64,20,5,83,23,107,87,41,73,18" hai3="115,58,106,3,135,134,77,36,130,6,86,13,118"/><W21/><G118/><T40/><D119/><U22/><E112/><V16/><F117/><W39/><G86/><T113/><D74/><U82/><E116/><V1/><F73/><W122/><G77/><T81/><D127/><U68/><E42/><V75/><F75/><W72/><G13/><T0/><D113/><U104/><E104/><V79/><F107/><W97/><G58/><T26/><D71/><U38/><E38/><V65/><F41/><W124/><G21/><T53/><D33/><U92/><E82/><V80/><F80/><W2/><G97/><T109/><D109/><U56/><E68/><V4/><F1/><W105/><G6/><T126/><D126/><U121/><E121/><V108/><F108/><W76/><G76/><T7/><D81/><U55/><E66/><V52/><F4/><W95/><G72/><T125/><D125/><U84/><E91/><V123/><F5/><W100/><G95/><T14/><D40/><U44/><E12/><N who="2" m="9223" /><F123/><W88/><G88/><T101/><D101/><U48/><E44/><V103/><F103/><W37/><G100/><T34/><D34/><U9/><E9/><V133/><F133/><W30/><G124/><T98/><REACH who="0" step="1"/><D50/><AGARI ba="0,0" hai="15,18,23,50,52,57,64,65,79,83,87" m="9223" machi="50" ten="30,3900,0" yaku="8,1,54,2" doraHai="94" who="2" fromWho="0" sc="86,-39,250,0,230,39,434,0" owari="47,-45.0,250,-15.0,269,7.0,434,53.0" /></mjloggm>