<mjloggm ver="2.3"><GO type="97" lobby="0"/><UN n0="%E8%97%A4%E7%94%B0%E5%92%B2" n1="%E6%AD%A3%E9%96%80%E3%81%AE%E3%83%A1%E3%82%A4%E3%81%A1%E3%82%83%E3%82%93" n2="%E5%B0%8F%E8%B1%86%E6%A2%93%E2%99%AA" n3="%E5%B0%B1%E6%B4%BB%E7%94%9F%40%E5%B7%9D%E6%9D%91%E8%BB%8D%E5%9B%A3" dan="13,13,14,15" rate="1889.72,1931.70,1933.38,1989.46" sx="M,M,F,M"/><TAIKYOKU oya="0"/><INIT seed="0,0,0,2,5,70" ten="250,250,250,250" oya="0" hai0="120,11,33,27,5,118,107,91,52,10,17,112,40" hai1="19,39,103,113,128,64,61,6,48,109,93,76,45" hai2="127,8,78,54,131,79,65,82,20,83,115,26,101" hai3="106,75,13,100,24,111,123,7,129,96,132,98,72"/><T77/><D107/><U41/><E109/><V69/><F115/><W22/><G123/><T25/><D120/><U9/><E113/><V32/><F127/><W67/><G129/><T50/><D118/><U47/><E128/><V68/><F131/><W57/><G132/><T66/><D66/><U46/><E76/><V56/><F101/><W80/><G111/><T53/><D77/><U121/><E121/><V12/><F32/><W1/><G1/><T86/><D112/><U89/><E103/><V119/><F119/><W90/><G7/><T73/><D27/><U36/><E19/><N who="2" m="8583" /><F68/><W71/><G13/><N who="0" m="5327" /><D73/><U49/><E9/><V105/><F69/><W88/><G71/><T74/><D74/><U35/><E6/><V125/><F65/><W110/><G110/><T16/><D33/><U94/><E35/><V0/><F0/><W23/><G75/><T42/><D53/><U117/><E117/><V60/><F105/><W116/><G116/><T21/><D11/><U31/><E31/><N who="2" m="17863" /><F125/><W134/><G134/><T104/><D17/><U95/><E89/><V3/><F3/><W84/><G72/><T55/><D104/><U122/><E122/><V58/><F79/><W130/><G130/><T15/><D25/><U135/><E135/><V114/><F78/><W85/><G24/><T38/><D38/><N who="1" m="14379" /><E41/><N who="0" m="15977" /><D50/><N who="1" m="19563" /><E64/><N who="2" m="38919" /><F114/><W81/><G96/><T124/><D124/><U126/><E126/><V99/><F99/><W102/><G102/><T44/><D91/><U63/><AGARI ba="0,0" hai="45,46,47,61,63,93,94,95" m="19563,14379" machi="63" ten="40,8000,1" yaku="28,2,52,3" doraHai="70" who="1" fromWho="1" sc="250,-40,250,80,250,-20,250,-20" /><INIT seed="1,0,0,0,0,51" ten="210,330,230,230" oya="1" hai0="7,16,108,61,43,56,117,112,125,49,32,127,5" hai1="102,46,20,55,88,131,93,45,0,72,60,74,31" hai2="65,109,104,40,119,41,100,30,57,50,44,1,89" hai3="13,36,58,80,21,23,84,90,78,37,26,86,29"/><U96/><E0/><V38/><F119/><W4/><G37/><T130/><D117/><U39/><E131/><V15/><F1/><W128/><G36/><T91/><D32/><U120/><E120/><V11/><F109/><W110/><G110/><T129/><D112/><U103/><E72/><V18/><F104/><W9/><G128/><N who="0" m="49259" /><D108/><U79/><E79/><V34/><F100/><N who="1" m="38441" /><E74/><V27/><F89/><W64/><G23/><T69/><D91/><U17/><E31/><V134/><F134/><W118/><G118/><T53/><D69/><U47/><E39/><V95/><F95/><W71/><G71/><T121/><D121/><U63/><E55/><V54/><F40/><W75/><G75/><T70/><D70/><U66/><E66/><V97/><F65/><W42/><G42/><T12/><D43/><U52/><E52/><V123/><F123/><W107/><G107/><T59/><D59/><U28/><E28/><V82/><REACH who="2" step="1"/><F97/><REACH who="2" ten="210,330,220,230" step="2"/><W85/><G90/><T24/><D61/><AGARI ba="0,1" hai="4,9,13,21,26,29,58,61,64,78,80,84,85,86" machi="61" ten="40,1300,0" yaku="8,1" doraHai="51" who="3" fromWho="0" sc="210,-13,330,0,220,0,230,23" /><INIT seed="2,0,0,2,3,129" ten="197,330,220,253" oya="2" hai0="51,109,62,1,84,42,134,53,60,41,32,112,114" hai1="33,72,20,22,30,39,48,89,111,83,49,99,3" hai2="24,46,69,57,103,63,27,9,86,35,105,68,97" hai3="21,6,16,11,12,91,92,36,10,115,2,71,4"/><V96/><F9/><W104/><G104/><T133/><D1/><U34/><E39/><V70/><F46/><W40/><G115/><N who="0" m="44075" /><D84/><U101/><E3/><V117/><F117/><W135/><G71/><T19/><D19/><U37/><E37/><V79/><F79/><W95/><G135/><N who="0" m="51723" /><D32/><U8/><E8/><V73/><F73/><W31/><G31/><T102/><D102/><U122/><E101/><V75/><F75/><W98/><G36/><T120/><D120/><U131/><E34/><V45/><F86/><W26/><G40/><N who="0" m="15467" /><D109/><U78/><E33/><V65/><F96/><W107/><G107/><T106/><D106/><U82/><E122/><V85/><F85/><W100/><G95/><T126/><D126/><U108/><E108/><V93/><F93/><W25/><G100/><T127/><D127/><U52/><E111/><V28/><F27/><AGARI ba="0,0" hai="2,4,6,10,11,12,16,21,25,26,27,91,92,98" machi="27" ten="30,2000,0" yaku="7,1,54,1" doraHai="129" who="3" fromWho="2" sc="197,0,330,0,220,-20,253,20" /><INIT seed="3,0,0,2,2,114" ten="197,330,200,273" oya="3" hai0="58,115,21,81,93,0,109,105,6,71,23,122,15" hai1="69,62,125,46,73,77,95,2,80,111,44,11,59" hai2="9,130,89,92,102,74,135,35,20,106,134,108,57" hai3="18,47,127,65,86,75,13,118,8,25,40,60,98"/><W19/><G75/><T88/><D105/><U119/><E111/><V70/><F35/><W83/><G127/><T113/><D122/><U48/><E125/><V64/><F74/><W43/><G118/><T50/><D71/><U33/><E33/><V107/><F108/><W39/><G98/><N who="0" m="57639" /><D81/><U116/><E69/><V4/><F130/><W120/><G120/><T29/><D109/><U45/><E95/><V87/><F70/><W34/><G43/><T32/><D32/><U42/><E11/><V67/><F20/><W61/><G65/><N who="2" m="25161" /><F57/><W26/><G26/><T31/><D0/><U51/><E51/><V27/><F27/><W126/><G126/><T79/><D79/><U124/><E2/><N who="2" m="151" /><F102/><W117/><G117/><N who="1" m="45130" /><E124/><V12/><F12/><W54/><G34/><T1/><D1/><U101/><E101/><V5/><F5/><W103/><G103/><T99/><D99/><U110/><E110/><V10/><F10/><W38/><G39/><T128/><D128/><U36/><E48/><V37/><F37/><W56/><G8/><N who="0" m="4503" /><D50/><U68/><E68/><V112/><F112/><N who="0" m="43082" /><D58/><U133/><E133/><AGARI ba="0,0" hai="87,89,92,106,107,133,134,135" m="151,25161" machi="133" ten="30,1000,0" yaku="20,1" doraHai="114" who="2" fromWho="1" sc="197,0,330,-10,200,10,273,0" owari="197,-30.0,320,42.0,210,-19.0,273,7.0" /></mjloggm>