<mjloggm ver="2.3"><GO type="41" lobby="0"/><UN n0="%E5%B0%B1%E6%B4%BB%E7%94%9F%40%E5%B7%9D%E6%9D%91%E8%BB%8D%E5%9B%A3" n1="%68%61%6C%79" n2="%E3%81%94%E3%82%80%E3%81%87%E3%82%93" n3="%61%4C%69%76%61%E6%AD%A3%E5%AE%97" dan="16,14,15,13" rate="2037.01,1886.34,2003.17,1833.44" sx="M,M,M,M"/><TAIKYOKU oya="0"/><INIT seed="0,0,0,4,4,105" ten="250,250,250,250" oya="0" hai0="13,83,37,40,45,127,84,89,87,49,134,56,117" hai1="114,73,6,39,46,102,21,20,86,119,57,128,72" hai2="133,135,132,96,1,3,103,90,110,120,113,101,5" hai3="47,14,35,124,23,88,38,91,107,15,131,36,123"/><T33/><D117/><U4/><E119/><V76/><F120/><W65/><G35/><T16/><D33/><U111/><E102/><V19/><F113/><W52/><G107/><T108/><D134/><U80/><E57/><V12/><F110/><W44/><G131/><T51/><D127/><U41/><E111/><V115/><F115/><W129/><G65/><T63/><D108/><U55/><E55/><V28/><F5/><W27/><G129/><T43/><D87/><U78/><E114/><V54/><F28/><W121/><G27/><T100/><D100/><N who="2" m="38474" /><F76/><W60/><G23/><T77/><D77/><U106/><E106/><V22/><F54/><W29/><G29/><T0/><D0/><N who="2" m="74" /><F90/><N who="3" m="34347" /><G60/><T11/><REACH who="0" step="1"/><D43/><REACH who="0" ten="240,250,250,250" step="2"/><U93/><E128/><V81/><F81/><W8/><G124/><T50/><D50/><U69/><E78/><V98/><AGARI ba="0,1" hai="12,19,22,96,98,132,133,135" m="74,38474" machi="98" ten="40,1500,0" yaku="20,1" doraHai="105" who="2" fromWho="2" sc="240,-7,250,-4,250,25,250,-4" /><INIT seed="1,0,0,2,3,57" ten="233,246,275,246" oya="1" hai0="47,133,98,109,93,25,26,81,75,127,107,61,128" hai1="9,112,0,45,51,77,72,83,42,118,125,56,115" hai2="54,71,76,131,106,104,37,23,12,129,126,21,24" hai3="101,69,134,67,5,11,100,4,53,111,130,43,85"/><U18/><E118/><V92/><F37/><W88/><G111/><T78/><D107/><U15/><E125/><V38/><F71/><W33/><G130/><T123/><D127/><U59/><REACH who="1" step="1"/><E0/><REACH who="1" ten="233,236,275,246" step="2"/><V73/><F126/><W80/><G134/><T41/><D133/><U6/><E6/><V27/><F131/><W66/><G5/><T50/><D128/><U95/><E95/><V22/><F92/><W114/><G114/><AGARI ba="0,1" hai="9,15,18,42,45,51,56,59,72,77,83,112,114,115" machi="114" ten="40,2000,0" yaku="1,1,53,0" doraHai="57" doraHaiUra="124" who="1" fromWho="3" sc="233,0,236,30,275,0,246,-20" /><INIT seed="1,1,0,2,5,95" ten="233,266,275,226" oya="1" hai0="90,93,58,14,19,89,116,110,115,13,27,36,118" hai1="98,114,0,17,54,135,120,101,106,91,92,9,24" hai2="79,97,21,73,67,42,104,125,122,94,45,59,23" hai3="57,129,51,68,38,32,25,130,82,124,31,5,111"/><U70/><E114/><V103/><F122/><W34/><G38/><T81/><D36/><U113/><E113/><V40/><F125/><W62/><G68/><T99/><D115/><U15/><E120/><V105/><F40/><W55/><G34/><T56/><D116/><U117/><E117/><V1/><F1/><W84/><G124/><T128/><D128/><U126/><E126/><V112/><F112/><W88/><G5/><T50/><D118/><U7/><E70/><V43/><F43/><W26/><G25/><T11/><D110/><U109/><E109/><V37/><F21/><W61/><REACH who="3" step="1"/><G111/><REACH who="3" ten="233,266,275,216" step="2"/><T119/><D119/><U2/><E24/><V66/><F66/><W39/><G39/><T33/><D33/><U18/><E7/><V4/><F4/><W85/><G85/><N who="0" m="50351" /><D27/><U29/><E2/><V77/><F67/><W49/><G49/><T16/><D50/><U63/><E0/><V8/><F37/><W102/><G102/><T3/><D3/><U96/><E29/><V127/><F103/><W132/><G132/><T72/><D72/><U60/><E135/><V76/><F73/><W47/><G47/><T74/><D74/><U133/><E133/><V100/><F45/><W121/><G121/><T44/><D44/><U20/><E63/><AGARI ba="1,1" hai="26,31,32,51,55,57,61,62,63,82,84,88,129,130" machi="63" ten="40,2600,0" yaku="1,1,54,1,53,0" doraHai="95" doraHaiUra="123" who="3" fromWho="1" sc="233,0,266,-29,275,0,216,39" /><INIT seed="2,0,0,2,5,122" ten="233,237,275,255" oya="2" hai0="56,94,9,46,16,13,129,29,109,49,92,47,8" hai1="23,84,123,51,68,32,110,132,10,1,98,27,60" hai2="14,105,45,35,97,104,111,71,40,100,115,96,76" hai3="44,86,73,30,48,82,107,124,119,89,70,31,59"/><V43/><F115/><W83/><G107/><T65/><D129/><U28/><E132/><V36/><F35/><W125/><G70/><T34/><D34/><U87/><E123/><V17/><F76/><W134/><G119/><T39/><D39/><U102/><E51/><V80/><F80/><W117/><G117/><T37/><D37/><U53/><E23/><V12/><F71/><W50/><G134/><T55/><D29/><U75/><E75/><V3/><F3/><W126/><G59/><T69/><D69/><U106/><E53/><V112/><F112/><W135/><G135/><T19/><D109/><U88/><E110/><V120/><F120/><W103/><G103/><T90/><D65/><N who="1" m="40999" /><E88/><V99/><F40/><W91/><G50/><T63/><D94/><U21/><E21/><V67/><F67/><W33/><G33/><T81/><D81/><U4/><AGARI ba="0,0" hai="1,4,10,27,28,32,84,87,98,102,106" m="40999" machi="4" ten="30,1100,0" yaku="25,1" doraHai="122" who="1" fromWho="1" sc="233,-3,237,11,275,-5,255,-3" /><INIT seed="3,0,0,1,4,46" ten="230,248,270,252" oya="3" hai0="95,102,19,79,26,3,58,110,111,87,108,64,135" hai1="134,90,77,1,21,4,126,122,62,98,92,14,69" hai2="130,45,99,86,59,57,112,0,28,51,40,97,65" hai3="10,47,13,83,91,131,89,55,16,94,61,119,41"/><W24/><G119/><T85/><D3/><U105/><E122/><V34/><F0/><W127/><G127/><T118/><D118/><U75/><E1/><V113/><F130/><W25/><G131/><T103/><D135/><U121/><E121/><V63/><F86/><W129/><G129/><T7/><D7/><U120/><E120/><V37/><F28/><W96/><G83/><T78/><D64/><U56/><E69/><V125/><F34/><W74/><G74/><T109/><D58/><U93/><E105/><V33/><F33/><W15/><G91/><N who="0" m="53743" /><D26/><U9/><E77/><N who="0" m="29193" /><D19/><U123/><E75/><V107/><F125/><W84/><G84/><T53/><D53/><U5/><E123/><V128/><F107/><W8/><G55/><T29/><D29/><U22/><E4/><V36/><F128/><W27/><G61/><T11/><D11/><U70/><E70/><V106/><F106/><W82/><G82/><T133/><D133/><U76/><E76/><V32/><F32/><W39/><REACH who="3" step="1"/><G25/><REACH who="3" ten="230,248,270,242" step="2"/><T12/><D87/><N who="1" m="52319" /><E126/><V18/><F63/><W38/><G38/><T20/><D111/><U48/><E134/><V132/><F36/><W104/><G104/><T115/><D115/><U50/><E62/><V67/><F37/><W71/><G71/><T31/><D31/><U6/><E98/><N who="2" m="37387" /><F132/><W116/><G116/><T30/><D30/><U60/><E60/><N who="2" m="38031" /><F113/><W2/><G2/><T49/><D49/><U43/><E50/><V17/><F112/><W52/><G52/><T68/><D68/><U73/><E48/><V72/><F72/><W114/><G114/><RYUUKYOKU ba="0,1" sc="230,10,248,-30,270,10,242,10" hai0="12,20,102,103,108,109,110" hai2="17,18,40,45,51,59,67" hai3="8,10,13,15,16,24,27,39,41,47,89,94,96" /><INIT seed="3,1,1,5,5,70" ten="240,218,280,252" oya="3" hai0="57,82,96,44,60,18,93,101,124,13,135,45,16" hai1="59,89,15,69,50,71,9,51,35,1,121,10,75" hai2="64,0,106,25,81,130,118,38,74,102,98,95,90" hai3="83,23,97,40,67,80,63,2,55,8,123,22,52"/><W37/><G123/><T3/><D3/><U39/><E39/><V108/><F0/><W109/><G109/><T92/><D135/><U131/><E1/><V19/><F108/><W125/><G125/><T78/><D124/><U12/><E59/><V114/><F130/><W4/><G97/><T14/><D93/><U120/><E35/><V76/><F114/><W66/><G67/><T7/><D7/><U41/><E41/><V122/><F64/><W128/><G128/><T61/><D61/><U26/><E131/><V21/><F122/><W11/><G8/><T94/><D94/><U29/><E89/><V127/><F127/><W105/><G105/><T86/><D14/><U73/><E26/><V112/><F112/><W27/><G23/><N who="0" m="11663" /><D18/><U100/><E29/><V115/><F115/><W20/><G22/><T53/><AGARI ba="1,1" hai="44,45,53,57,60,78,82,86,92,96,101" m="11663" machi="53" ten="30,2000,0" yaku="8,1,54,1" doraHai="70" who="0" fromWho="0" sc="240,33,218,-6,280,-6,252,-11" /><INIT seed="4,0,0,0,4,104" ten="273,212,274,241" oya="0" hai0="2,11,102,108,33,55,23,123,1,71,122,0,47" hai1="100,9,109,28,10,116,73,134,89,125,101,106,85" hai2="17,18,98,105,32,111,56,42,57,131,40,86,90" hai3="45,99,64,76,46,8,78,126,80,91,133,38,48"/><T20/><D71/><U70/><E70/><V24/><F111/><W112/><G112/><T124/><D102/><U14/><E109/><V130/><F98/><W3/><G126/><T93/><D108/><U107/><E28/><V39/><F105/><W36/><G133/><T67/><D67/><U44/><E44/><V21/><F32/><W63/><G46/><T7/><D55/><U72/><E14/><V127/><F17/><W117/><G117/><T27/><D47/><U53/><E53/><V82/><F39/><W132/><G132/><T83/><D83/><N who="1" m="49343" /><E10/><V31/><F31/><W114/><G114/><T81/><D81/><U13/><E13/><V79/><F90/><W12/><G3/><N who="0" m="1099" /><D93/><U129/><E9/><V35/><F127/><W65/><G38/><T51/><D51/><U19/><E19/><V52/><F35/><W74/><G36/><T75/><D75/><N who="1" m="28747" /><E125/><V68/><F68/><W26/><G78/><T88/><D124/><U50/><E50/><N who="2" m="30743" /><F57/><W59/><G26/><T87/><D33/><U77/><E134/><V30/><F30/><W119/><G119/><T120/><D27/><U16/><E116/><V15/><F15/><W60/><G91/><T94/><D94/><U4/><E77/><V84/><F84/><W5/><G99/><T135/><D135/><U22/><E4/><V41/><F41/><N who="3" m="24623" /><G64/><T115/><D115/><U110/><E110/><V34/><F34/><W121/><G121/><T66/><D66/><U49/><E107/><V97/><F42/><W29/><G29/><T58/><D58/><U37/><E106/><V118/><F40/><RYUUKYOKU ba="0,0" sc="273,15,212,-15,274,-15,241,15" hai0="2,7,11,20,23,87,88,120,122,123" hai3="5,8,12,59,60,63,65,74,76,80" /><INIT seed="4,1,0,0,4,63" ten="288,197,259,256" oya="0" hai0="135,32,58,2,7,123,54,34,55,42,133,82,87" hai1="98,77,95,130,41,113,134,44,47,121,126,93,56" hai2="117,91,0,61,6,29,11,94,3,19,51,75,59" hai3="115,5,72,86,97,31,53,99,24,73,125,92,23"/><T71/><D71/><U4/><E121/><V13/><F75/><W17/><G125/><T36/><D123/><U30/><E77/><V25/><F117/><W70/><G70/><T67/><D2/><U20/><E4/><V103/><F51/><W38/><G38/><T101/><D7/><U57/><E126/><V1/><F103/><W105/><G105/><T27/><D101/><U129/><E134/><N who="0" m="51209" /><D42/><U39/><E47/><V100/><F100/><W104/><G104/><T52/><D36/><U64/><E113/><V40/><F40/><W9/><G115/><T96/><D96/><U10/><E10/><V8/><F91/><W76/><G73/><T74/><D74/><U112/><E112/><V12/><F94/><W21/><G72/><T89/><D27/><N who="1" m="16743" /><E98/><V62/><F59/><W16/><G53/><N who="0" m="20587" /><D67/><U60/><E57/><V109/><REACH who="2" step="1"/><F109/><REACH who="2" ten="288,197,249,256" step="2"/><W83/><G92/><T81/><D81/><U18/><E95/><V119/><F119/><W88/><G76/><T37/><D37/><U33/><E93/><V79/><F79/><W22/><G24/><T28/><D28/><U15/><E39/><V35/><AGARI ba="1,1" hai="0,1,3,6,8,11,12,13,19,25,29,35,61,62" machi="35" ten="30,2000,0" yaku="1,1,0,1,53,0" doraHai="63" doraHaiUra="131" who="2" fromWho="2" sc="288,-11,197,-6,249,33,256,-6" /><INIT seed="5,0,0,0,2,18" ten="277,191,282,250" oya="1" hai0="126,72,90,75,112,110,62,43,130,105,135,79,28" hai1="102,127,33,1,118,100,84,65,95,51,83,125,117" hai2="87,82,59,78,71,120,49,32,89,99,86,9,22" hai3="67,122,53,8,63,115,103,38,16,41,25,111,35"/><U129/><E1/><V94/><F32/><W2/><G111/><T97/><D110/><U58/><E33/><V19/><F71/><W133/><G122/><T10/><D43/><U30/><E30/><V96/><F9/><W60/><G133/><T104/><D28/><U56/><E129/><V39/><F39/><W3/><G115/><T101/><D62/><N who="1" m="38087" /><E51/><V13/><F120/><W46/><G63/><T17/><D17/><U57/><E57/><V80/><F80/><W45/><G53/><AGARI ba="0,0" hai="13,19,22,49,53,59,78,82,86,87,89,94,96,99" machi="53" ten="40,8000,1" yaku="25,2,8,1,52,1" doraHai="18" who="2" fromWho="3" sc="277,0,191,0,282,80,250,-80" /><INIT seed="6,0,0,5,2,83" ten="277,191,362,170" oya="2" hai0="50,47,15,67,97,60,21,100,64,105,26,19,6" hai1="134,95,35,14,132,49,113,116,2,48,3,41,81" hai2="71,38,27,115,130,135,30,23,96,99,129,42,86" hai3="37,56,57,123,104,72,112,5,33,40,69,79,43"/><V98/><F115/><W62/><G123/><T65/><D6/><U90/><E113/><V39/><F135/><N who="1" m="51753" /><E35/><V87/><F71/><W89/><G104/><T8/><D8/><U70/><E70/><V88/><F42/><W32/><G33/><T82/><D82/><U114/><E114/><V1/><F1/><N who="1" m="9" /><E41/><V4/><F4/><W16/><G32/><T78/><D78/><U11/><E81/><N who="2" m="49231" /><F87/><W18/><G112/><T80/><D80/><U9/><E116/><V106/><F106/><W55/><G69/><T111/><D111/><U36/><E36/><V29/><F29/><W101/><G37/><T22/><D60/><U61/><E61/><V117/><F117/><W120/><G120/><T128/><D128/><AGARI ba="0,0" hai="23,27,30,38,39,96,98,99,128,129,130" m="49231" machi="128" ten="30,5800,0" yaku="19,1,52,1,54,1" doraHai="83" who="2" fromWho="0" sc="277,-58,191,0,362,58,170,0" /><INIT seed="6,1,0,2,3,135" ten="219,191,420,170" oya="2" hai0="1,104,26,90,75,105,40,38,32,71,65,33,112" hai1="37,79,67,74,62,68,102,57,6,108,18,24,118" hai2="34,120,70,60,95,91,129,56,46,100,66,103,94" hai3="30,116,69,115,98,78,80,54,27,61,106,99,97"/><V31/><F120/><W124/><G116/><T14/><D1/><U109/><E37/><V86/><F129/><W85/><G115/><T13/><D75/><U8/><E118/><V101/><F31/><W84/><G54/><T50/><D112/><U17/><E102/><V29/><F46/><W125/><G85/><T35/><D38/><U131/><E131/><V28/><F70/><W20/><G106/><T53/><D40/><U83/><E68/><V76/><F76/><W2/><REACH who="3" step="1"/><G2/><REACH who="3" ten="219,191,420,160" step="2"/><T77/><D104/><U96/><E109/><V88/><F34/><W45/><G45/><T117/><D105/><U72/><E108/><V11/><F11/><W127/><G127/><T128/><D117/><U119/><E74/><V133/><F133/><W92/><G92/><T123/><D123/><U10/><E119/><V63/><REACH who="2" step="1"/><F63/><REACH who="2" ten="219,191,410,160" step="2"/><W89/><G89/><T130/><D128/><U64/><E62/><V7/><F7/><W5/><G5/><T3/><D90/><U122/><E6/><V110/><F110/><W49/><G49/><T52/><D50/><U126/><E122/><V82/><F82/><W111/><G111/><T44/><D130/><U19/><E83/><V134/><F134/><W42/><G42/><T43/><D44/><U93/><E79/><V48/><F48/><W12/><G12/><T9/><D77/><U73/><E24/><V87/><AGARI ba="1,2" hai="28,29,56,60,66,86,87,88,91,94,95,100,101,103" machi="87" ten="30,12000,1" yaku="1,1,0,1,9,1,8,1,54,1,53,0" doraHai="135" doraHaiUra="132" who="2" fromWho="2" sc="219,-41,191,-41,410,143,160,-41" /><INIT seed="6,2,0,5,5,16" ten="178,150,553,119" oya="2" hai0="117,30,90,102,0,99,37,121,8,127,4,130,96" hai1="105,63,104,133,50,120,89,87,91,101,114,59,3" hai2="21,92,52,123,53,47,76,35,23,51,19,11,111" hai3="38,29,62,134,69,110,126,70,15,22,58,81,36"/><V2/><F35/><W12/><G110/><T106/><D121/><U40/><E3/><V94/><F2/><W33/><G126/><T72/><D72/><U41/><E120/><V98/><F111/><W100/><G134/><T119/><D37/><U113/><E133/><V112/><F112/><N who="1" m="43113" /><E101/><N who="2" m="60615" /><F123/><W78/><G33/><T83/><D127/><U10/><E10/><V42/><F94/><W66/><G100/><T49/><D130/><U1/><E1/><V118/><F76/><W25/><G38/><T108/><D108/><U57/><E91/><V26/><F11/><W82/><G36/><T20/><D96/><U44/><E41/><V32/><F32/><W103/><G103/><T135/><D135/><U17/><E17/><N who="2" m="12591" /><F118/><W46/><G46/><T128/><D128/><U34/><E34/><V80/><F80/><W86/><G82/><T74/><D83/><U27/><E105/><V13/><AGARI ba="2,0" hai="13,19,23,42,47,51,52,53" m="12591,60615" machi="13" ten="30,11700,0" yaku="8,1,52,2,54,1" doraHai="16" who="2" fromWho="2" sc="178,-41,150,-41,553,123,119,-41" /><INIT seed="6,3,0,4,0,97" ten="137,109,676,78" oya="2" hai0="36,132,109,107,64,110,20,83,21,59,61,45,115" hai1="63,131,96,95,32,37,129,35,13,120,30,133,66" hai2="43,38,0,74,52,12,53,118,125,39,4,48,111" hai3="80,117,99,104,14,134,113,49,87,77,58,65,82"/><V16/><F74/><W62/><G117/><T33/><D107/><U22/><E37/><V106/><F106/><W24/><G134/><T130/><D33/><U73/><E73/><V55/><F118/><W78/><G113/><T70/><D132/><U11/><E133/><V101/><F4/><W17/><G24/><T93/><D115/><U23/><E120/><V90/><F0/><W3/><G3/><T9/><D70/><U42/><E42/><V15/><F90/><W26/><G26/><T86/><D93/><U135/><E30/><V79/><F79/><W50/><G104/><T116/><D116/><U31/><E23/><V57/><F16/><W128/><G128/><N who="1" m="49226" /><E22/><V27/><F27/><W122/><G122/><T112/><D112/><U126/><E31/><V108/><F125/><W98/><G99/><T40/><D130/><U46/><E126/><V81/><F81/><W85/><REACH who="3" step="1"/><G98/><REACH who="3" ten="137,109,676,68" step="2"/><T89/><D110/><U60/><E135/><V34/><F111/><W67/><G67/><T94/><D109/><U91/><E66/><V41/><F108/><W71/><G71/><T124/><D124/><U92/><E96/><V18/><F38/><W6/><G6/><T75/><D75/><U100/><E35/><V102/><F34/><W1/><G1/><T114/><D114/><U105/><E32/><V68/><F39/><W84/><G84/><T7/><D94/><U127/><E95/><V25/><F68/><W29/><G29/><T88/><D89/><U69/><E69/><V123/><F123/><W103/><G103/><N who="2" m="39433" /><F57/><W2/><G2/><AGARI ba="3,1" hai="2,7,9,20,21,36,40,45,59,61,64,83,86,88" machi="2" ten="30,2000,0" yaku="7,1,54,1" doraHai="97" who="0" fromWho="3" sc="137,39,109,0,676,0,68,-29" /><INIT seed="7,0,0,2,1,125" ten="176,109,676,39" oya="3" hai0="0,96,47,89,16,55,103,120,80,31,22,56,21" hai1="33,57,87,4,46,35,28,63,25,76,90,104,27" hai2="93,53,130,102,44,115,100,85,119,123,94,135,51" hai3="118,86,88,34,109,122,117,24,62,58,95,11,43"/><W61/><G122/><T132/><D0/><U110/><E104/><V50/><F115/><W108/><G11/><T82/><D132/><U20/><E76/><V29/><F135/><W74/><G74/><T114/><D114/><U78/><E78/><V48/><F123/><W126/><G126/><T54/><D31/><U121/><E121/><V15/><F119/><W17/><G43/><T83/><D89/><U105/><E105/><V106/><F106/><W6/><G6/><T127/><D127/><U1/><E46/><V111/><F29/><N who="3" m="19751" /><G17/><T124/><D21/><U99/><E99/><V131/><F15/><W14/><G14/><T65/><D124/><U81/><E27/><V68/><F68/><W38/><G38/><T41/><D120/><U128/><E110/><N who="3" m="42602" /><G61/><N who="0" m="38055" /><D96/><U92/><E4/><V66/><F85/><W91/><G91/><T70/><D103/><N who="2" m="39466" /><F111/><W7/><G7/><T79/><D79/><U49/><E1/><V98/><F66/><AGARI ba="0,0" hai="58,62,66,86,88,95,117,118" m="42602,19751" machi="66" ten="30,2900,0" yaku="10,1,54,1" doraHai="125" who="3" fromWho="2" sc="176,0,109,0,676,-29,39,29" /><INIT seed="7,1,0,2,4,87" ten="176,109,647,68" oya="3" hai0="57,77,91,132,79,82,9,28,126,38,67,60,53" hai1="90,127,56,70,49,89,3,102,50,95,7,109,116" hai2="68,83,58,92,48,121,27,55,4,54,110,31,51" hai3="84,113,71,101,120,125,115,46,86,81,74,88,24"/><W8/><G71/><T29/><D126/><U123/><E70/><V111/><F68/><W130/><G120/><T128/><D132/><U134/><E109/><V98/><F83/><W26/><G125/><T19/><D128/><U0/><E123/><V114/><F4/><W105/><G46/><T96/><D38/><U12/><E3/><V112/><F121/><W63/><G63/><T97/><D67/><U47/><E0/><V103/><F114/><N who="3" m="43531" /><G8/><T25/><D97/><N who="1" m="59711" /><E134/><V94/><F94/><W69/><G69/><T133/><D133/><U1/><E1/><V40/><F40/><W73/><G26/><T66/><D66/><U61/><E127/><V131/><F131/><W11/><G24/><T42/><D42/><N who="1" m="24823" /><E50/><V43/><F43/><W59/><G59/><T30/><D96/><U52/><E116/><V45/><F112/><W129/><G11/><AGARI ba="1,0" hai="7,11,12,52,56,61,89,90" m="24823,59711" machi="11" ten="30,7700,0" yaku="8,1,52,2,54,1" doraHai="87" who="1" fromWho="3" sc="176,0,109,80,647,0,68,-80" owari="176,-22.0,189,-1.0,647,74.0,-12,-51.0" /></mjloggm>