<mjloggm ver="2.3"><GO type="97" lobby="0"/><UN n0="%64%61%69%64%61%6F%72%65" n1="%6D%61%73%61%69%2E" n2="%E3%83%96%E3%83%B3%E3%82%AC%E3%82%AF" n3="%E5%B0%B1%E6%B4%BB%E7%94%9F%40%E5%B7%9D%E6%9D%91%E8%BB%8D%E5%9B%A3" dan="15,13,14,14" rate="1971.63,1908.66,1926.92,2028.33" sx="M,M,M,M"/><TAIKYOKU oya="0"/><INIT seed="0,0,0,5,2,32" ten="250,250,250,250" oya="0" hai0="115,133,105,20,80,4,64,63,132,62,90,107,83" hai1="92,73,7,70,112,102,16,134,84,15,66,104,78" hai2="56,38,114,1,25,93,37,9,123,116,47,50,135" hai3="45,14,113,19,117,119,36,109,71,23,125,110,27"/><T130/><D115/><U34/><E34/><V10/><F114/><W55/><G71/><T118/><D118/><N who="3" m="45065" /><G36/><T85/><D130/><U127/><E73/><V65/><F116/><W81/><G45/><T57/><D80/><U103/><E104/><V24/><F123/><W91/><G55/><N who="0" m="34111" /><D4/><U52/><E112/><V72/><F72/><W95/><G81/><T75/><D20/><U96/><E70/><V59/><F135/><N who="0" m="51786" /><D75/><U22/><E134/><V41/><F65/><W31/><G95/><T69/><AGARI ba="0,0" hai="63,64,69,83,85,90,105,107" m="51786,34111" machi="69" ten="30,1500,0" yaku="20,1" doraHai="32" who="0" fromWho="0" sc="250,15,250,-5,250,-5,250,-5" /><INIT seed="0,1,0,4,3,15" ten="265,245,245,245" oya="0" hai0="133,38,81,47,69,87,23,18,93,113,31,22,17" hai1="33,116,57,128,41,53,46,25,110,14,50,78,68" hai2="90,40,35,70,125,117,79,13,100,108,29,3,118" hai3="63,19,124,58,119,1,111,49,80,43,92,102,85"/><T104/><D113/><U45/><E116/><N who="2" m="44651" /><F70/><W95/><G1/><T101/><D104/><U109/><E78/><V66/><F66/><N who="3" m="39287" /><G111/><N who="1" m="42506" /><E68/><V86/><F108/><W44/><G119/><T72/><D69/><U12/><E33/><V120/><F3/><W77/><G124/><T129/><D72/><U59/><E25/><V94/><F40/><W39/><G39/><T112/><D112/><U97/><E97/><V130/><F130/><W60/><G102/><T123/><D123/><U62/><E12/><V10/><F125/><W27/><G60/><T32/><D129/><U64/><E14/><V54/><F100/><W24/><G24/><T134/><D32/><U9/><E9/><V56/><F79/><W51/><G51/><T105/><D105/><U121/><E121/><V16/><F120/><W132/><G132/><N who="0" m="50795" /><D31/><U74/><E74/><V8/><F35/><W122/><G122/><T135/><D135/><U96/><E96/><V71/><F71/><W126/><G126/><T107/><D107/><U55/><E128/><V88/><F90/><W115/><G115/><T76/><D101/><U84/><E84/><V52/><F29/><W91/><G91/><T6/><D76/><U61/><E41/><V20/><F54/><W48/><G48/><AGARI ba="1,0" hai="8,10,13,16,20,48,52,56,86,88,94" m="44651" machi="48" ten="30,12000,2" yaku="25,1,12,1,52,1,54,3" doraHai="15" who="2" fromWho="3" sc="265,0,245,0,245,123,245,-123" /><INIT seed="1,0,0,4,1,29" ten="265,245,368,122" oya="1" hai0="38,4,67,83,43,127,114,14,45,119,12,97,81" hai1="80,74,1,129,0,133,62,130,46,54,100,88,36" hai2="3,6,112,21,28,109,131,25,42,107,59,110,87" hai3="71,17,10,117,53,101,47,132,93,105,84,35,121"/><U106/><E133/><V15/><F107/><W40/><G105/><T64/><D119/><U2/><E106/><V82/><F131/><N who="1" m="50185" /><E100/><V89/><F112/><W113/><G117/><T102/><D114/><U5/><E5/><V20/><F42/><W79/><G121/><T122/><D122/><U8/><E8/><N who="2" m="2143" /><F59/><W76/><G113/><T104/><D127/><U86/><E74/><V108/><F15/><W77/><G71/><T18/><D4/><U23/><E36/><V73/><F73/><W9/><G132/><T70/><D12/><U57/><E46/><V118/><F118/><W92/><G35/><AGARI ba="0,0" hai="20,21,25,28,35,82,87,89,108,109,110" m="2143" machi="35" ten="30,2000,0" yaku="14,1,52,1" doraHai="29" who="2" fromWho="3" sc="265,0,245,0,368,20,122,-20" /><INIT seed="2,0,0,4,5,38" ten="265,245,388,102" oya="2" hai0="116,120,100,131,130,52,39,56,117,32,34,125,67" hai1="27,105,55,68,59,6,77,110,119,17,20,19,48" hai2="25,81,103,115,50,0,99,42,43,107,69,86,71" hai3="129,72,88,61,98,8,58,126,84,97,76,89,102"/><V18/><F115/><W112/><G112/><T45/><D120/><U108/><E105/><V75/><F0/><W28/><G126/><T4/><D100/><U128/><E68/><V122/><F75/><W9/><G129/><N who="0" m="49163" /><D125/><U133/><E128/><V46/><F122/><W113/><G113/><T7/><D67/><U51/><E119/><V124/><F124/><W41/><G28/><T15/><D45/><U31/><E133/><V10/><F71/><W118/><G118/><N who="0" m="45675" /><D39/><U78/><E6/><N who="0" m="2089" /><D15/><U47/><E31/><V64/><F69/><W104/><G41/><N who="2" m="15369" /><F64/><W30/><G30/><T132/><D132/><U54/><REACH who="1" step="1"/><E19/><REACH who="1" ten="265,235,388,102" step="2"/><V33/><F107/><W1/><G104/><T83/><D83/><U12/><E12/><V90/><F33/><W35/><G1/><T16/><D16/><U79/><AGARI ba="0,1" hai="17,20,27,47,48,51,54,55,59,77,78,79,108,110" machi="79" ten="30,4000,0" yaku="1,1,0,1,53,1" doraHai="38" doraHaiUra="22" who="1" fromWho="1" sc="265,-10,235,50,388,-20,102,-10" /><INIT seed="3,0,0,0,0,36" ten="255,285,368,92" oya="3" hai0="111,41,76,46,83,45,98,17,92,79,121,22,87" hai1="105,123,5,80,44,60,134,119,12,72,15,58,101" hai2="26,128,73,63,115,24,100,21,10,20,96,30,27" hai3="18,38,33,62,109,75,113,88,68,67,108,7,70"/><W14/><G38/><T19/><D121/><U40/><E119/><V81/><F115/><W2/><G75/><T64/><D64/><U6/><E123/><V65/><F128/><W89/><G33/><T61/><D61/><U85/><E72/><V56/><F10/><N who="3" m="2423" /><G70/><T112/><D112/><U118/><E118/><V1/><F1/><W53/><G53/><T23/><D111/><N who="3" m="42569" /><G113/><T82/><D23/><AGARI ba="0,0" hai="14,18,23,62,67,68,88,89" m="42569,2423" machi="23" ten="30,5800,0" yaku="14,1,10,1,54,1" doraHai="36" who="3" fromWho="0" sc="255,-58,285,0,368,0,92,58" /><INIT seed="3,1,0,2,3,45" ten="197,285,368,150" oya="3" hai0="29,93,84,22,39,122,60,53,55,115,135,64,35" hai1="119,98,23,92,63,131,99,86,21,70,117,125,67" hai2="116,16,48,43,56,83,66,97,51,79,44,95,20" hai3="89,107,0,9,127,74,52,109,101,38,41,73,76"/><W37/><G127/><T112/><D122/><U120/><E125/><V106/><F106/><W36/><G89/><N who="0" m="53415" /><D35/><U104/><E131/><V94/><F116/><W71/><G109/><T77/><D77/><U33/><E33/><V59/><F79/><W13/><G71/><N who="0" m="42375" /><D39/><U58/><E120/><V78/><F78/><W47/><G73/><T2/><D2/><U65/><E104/><V126/><F83/><N who="3" m="45463" /><G13/><T91/><D135/><U80/><E65/><V1/><F1/><W49/><G101/><T118/><D118/><N who="1" m="45067" /><E70/><V72/><F72/><W134/><G107/><T17/><D29/><U85/><E85/><V61/><F126/><W128/><G128/><T32/><D32/><U3/><E3/><V114/><F97/><N who="1" m="36873" /><E92/><V88/><F114/><N who="0" m="43562" /><D91/><AGARI ba="1,0" hai="21,23,58,63,67,80,86,91" m="36873,45067" machi="91" ten="30,1000,0" yaku="12,1" doraHai="45" who="1" fromWho="0" sc="197,-13,285,13,368,0,150,0" owari="184,-22.0,298,10.0,368,47.0,150,-35.0" /></mjloggm>