<mjloggm ver="2.3"><GO type="169" lobby="0"/><UN n0="%E3%82%A6%E3%83%AB%E3%83%88%E3%83%A9%E7%AB%8B%E7%9B%B4" n1="%74%6F%6D%75%74%6F%6D%69" n2="%62%65%65%73%6F%6E%6F" n3="%E3%81%8D%E3%81%8F%E3%81%A6%E3%81%83%E3%81%99%E2%98%86" dan="17,16,16,16" rate="2133.49,2096.33,2091.42,2133.90" sx="M,M,M,M"/><TAIKYOKU oya="0"/><INIT seed="0,0,0,2,5,54" ten="250,250,250,250" oya="0" hai0="77,5,13,31,29,101,16,30,52,128,123,113,24" hai1="125,131,135,80,91,121,103,63,79,82,97,9,78" hai2="122,12,6,61,81,100,50,57,99,27,11,56,110" hai3="25,84,132,112,42,109,32,70,130,46,127,90,26"/><T73/><D123/><U1/><E121/><V83/><F122/><W120/><G120/><RYUUKYOKU type="kaze4" ba="0,0" sc="250,0,250,0,250,0,250,0" /><INIT seed="0,1,0,1,5,127" ten="250,250,250,250" oya="0" hai0="21,32,60,46,19,39,87,126,103,59,69,50,54" hai1="122,0,124,12,36,58,110,63,135,104,102,84,98" hai2="62,97,109,48,68,108,74,2,66,64,52,78,20" hai3="111,95,1,30,107,22,73,18,8,119,5,16,10"/><T85/><D126/><U131/><E0/><V44/><F2/><W116/><G107/><T72/><D72/><U57/><E36/><V33/><F33/><W99/><G73/><T3/><D3/><U55/><E122/><V56/><F78/><W38/><G38/><T26/><D103/><U45/><E124/><V47/><F74/><W79/><G79/><T31/><D69/><U88/><E45/><N who="2" m="27663" /><F20/><W77/><G77/><T65/><REACH who="0" step="1"/><D39/><REACH who="0" ten="240,250,250,250" step="2"/><U9/><E135/><V96/><F96/><W117/><G119/><T40/><D40/><U43/><E43/><V23/><F97/><W118/><G117/><T106/><D106/><U17/><E57/><V91/><F56/><W51/><G118/><T7/><D7/><U94/><REACH who="1" step="1"/><E110/><REACH who="1" ten="240,240,250,250" step="2"/><V132/><F109/><W11/><G111/><T101/><D101/><U42/><E42/><V123/><F108/><W70/><G116/><T13/><AGARI ba="1,2" hai="13,19,21,26,31,32,46,50,54,59,60,65,85,87" machi="13" ten="20,3900,0" yaku="1,1,0,1,7,1,53,0" doraHai="127" doraHaiUra="115" who="0" fromWho="0" sc="240,62,240,-14,250,-14,250,-14" /><INIT seed="0,2,0,4,1,59" ten="302,226,236,236" oya="0" hai0="13,8,66,22,70,108,109,61,49,3,47,36,44" hai1="35,38,103,135,87,4,121,58,68,19,117,15,111" hai2="48,110,62,39,60,54,114,94,17,29,43,81,11" hai3="37,55,116,98,90,105,21,14,34,46,67,76,88"/><T129/><D129/><U31/><E68/><V41/><F114/><W80/><G116/><T77/><D77/><U84/><E38/><V57/><F110/><N who="0" m="42602" /><D36/><U124/><E121/><V75/><F29/><W128/><G34/><T125/><D125/><U91/><E117/><V93/><F75/><W56/><G128/><T113/><D113/><U123/><E103/><V27/><F81/><W52/><G67/><T78/><D78/><U5/><E123/><V65/><F39/><W120/><G120/><T97/><D97/><U85/><E135/><V24/><F24/><W30/><G105/><T28/><D49/><U131/><E131/><V96/><F93/><W132/><G132/><T100/><D100/><U74/><E74/><V20/><F11/><W99/><G37/><T115/><D115/><U72/><E72/><V9/><F9/><W42/><G42/><N who="2" m="15881" /><F65/><W16/><G30/><T89/><D89/><AGARI ba="2,0" hai="17,20,27,48,54,57,60,62,89,94,96" m="15881" machi="89" ten="30,3900,0" yaku="8,1,52,2" doraHai="59" who="2" fromWho="0" sc="302,-45,226,0,236,45,236,0" /><INIT seed="1,0,0,4,4,87" ten="257,226,281,236" oya="1" hai0="18,66,27,121,29,6,1,19,83,98,39,12,21" hai1="59,120,24,123,95,48,25,72,92,102,125,118,76" hai2="50,108,96,109,57,40,112,54,51,80,133,13,94" hai3="60,81,103,89,26,45,82,35,44,132,49,111,33"/><U74/><E118/><V77/><F112/><W97/><G111/><N who="2" m="42569" /><F133/><W42/><G132/><T107/><D39/><U78/><E59/><V106/><F106/><W71/><G82/><T46/><D121/><U55/><E48/><N who="2" m="30919" /><F13/><W65/><G26/><T117/><D117/><U75/><E55/><V119/><F40/><W88/><G45/><T62/><D46/><U105/><E125/><V93/><F93/><N who="1" m="35913" /><E25/><V110/><F110/><W79/><G33/><T116/><D62/><U16/><E16/><V84/><F119/><W47/><G35/><T129/><D19/><U101/><E24/><V20/><F20/><W114/><G114/><T2/><D18/><U67/><E67/><V10/><F10/><W56/><G71/><T91/><D66/><U9/><E9/><V5/><F5/><W15/><G15/><T41/><D12/><U69/><E69/><V126/><F126/><W11/><G11/><T30/><D21/><U130/><E130/><V4/><F4/><W36/><G36/><T128/><D6/><U38/><E38/><V90/><AGARI ba="0,0" hai="50,51,77,80,84,90,94,96" m="30919,42569" machi="90" ten="30,2000,0" yaku="14,1,52,1" doraHai="87" who="2" fromWho="2" sc="257,-5,226,-10,281,20,236,-5" /><INIT seed="2,0,0,4,4,61" ten="252,216,301,231" oya="2" hai0="36,39,19,134,15,11,32,106,82,86,112,122,0" hai1="124,65,20,49,9,57,37,94,110,104,41,55,123" hai2="98,50,59,47,58,63,4,128,72,107,62,100,16" hai3="75,118,66,83,92,14,131,56,81,24,119,130,109"/><V33/><F128/><N who="3" m="49195" /><G109/><T6/><D122/><U45/><E104/><V48/><F72/><W97/><G24/><T30/><D106/><U133/><E94/><V101/><F33/><W12/><G12/><T25/><D134/><U51/><E20/><V52/><F4/><W95/><G14/><T23/><REACH who="0" step="1"/><D112/><REACH who="0" ten="242,216,301,231" step="2"/><U3/><E133/><V76/><F107/><W35/><G119/><T125/><D125/><U40/><E124/><V44/><F76/><AGARI ba="0,1" hai="0,6,11,15,19,23,25,30,32,36,39,76,82,86" machi="76" ten="30,8000,1" yaku="1,1,7,1,24,2,53,1" doraHai="61" doraHaiUra="77" who="0" fromWho="2" sc="242,90,216,0,301,-80,231,0" /><INIT seed="3,0,0,0,5,11" ten="332,216,221,231" oya="3" hai0="118,23,87,27,58,123,109,7,21,75,125,35,113" hai1="93,19,127,110,28,114,102,47,41,126,40,30,72" hai2="5,55,131,95,60,46,96,53,51,65,61,25,83" hai3="129,81,80,62,71,49,48,92,69,39,111,85,3"/><W32/><G39/><T36/><D75/><U66/><E114/><V13/><F131/><W10/><G129/><T42/><D118/><U112/><E112/><V82/><F25/><W116/><G116/><T14/><D123/><U133/><E72/><V50/><F61/><W128/><G128/><T78/><D109/><U20/><E110/><V57/><F5/><W115/><G115/><T86/><D35/><U122/><E66/><V29/><F13/><W99/><G111/><T59/><D125/><N who="1" m="47627" /><E133/><V64/><F29/><N who="1" m="11369" /><E47/><V34/><F34/><W135/><G32/><T90/><D36/><U119/><E122/><V117/><F65/><W12/><G3/><T101/><D42/><U132/><E132/><V45/><F117/><W44/><G135/><T24/><D101/><AGARI ba="0,0" hai="45,46,50,51,53,55,57,60,64,82,83,95,96,101" machi="101" ten="30,3900,0" yaku="7,1,9,1,8,1" doraHai="11" who="2" fromWho="0" sc="332,-39,216,0,221,39,231,0" /><INIT seed="4,0,0,1,2,4" ten="293,216,260,231" oya="0" hai0="58,27,9,134,51,3,12,26,46,67,110,79,93" hai1="133,50,87,66,122,52,109,135,33,116,64,65,43" hai2="124,104,76,105,62,22,13,57,86,125,38,121,91" hai3="71,29,107,118,63,89,53,128,23,37,97,81,42"/><T44/><D3/><U106/><E106/><V82/><F38/><W25/><G118/><T103/><D134/><U88/><E33/><V48/><F48/><W131/><G37/><T49/><D79/><U11/><E116/><V56/><F56/><W60/><G42/><T113/><D113/><U31/><E109/><V8/><F22/><W1/><G1/><T100/><D110/><U16/><E122/><V41/><F91/><W115/><G115/><T72/><D72/><U34/><E31/><V30/><F41/><W112/><G112/><T98/><D103/><U36/><E34/><V99/><F99/><W69/><G107/><T83/><D83/><N who="1" m="49279" /><E43/><V119/><F30/><W61/><G53/><N who="0" m="32063" /><D67/><U14/><E36/><V108/><F119/><W114/><G114/><T2/><D2/><U96/><E96/><V19/><F121/><W73/><G73/><T130/><D130/><N who="3" m="49705" /><G81/><T47/><D49/><U35/><E35/><V117/><F108/><W45/><G45/><AGARI ba="0,0" hai="11,14,16,45,50,52,64,65,66,133,135" m="49279" machi="45" ten="30,8000,1" yaku="25,1,52,1,54,3" doraHai="4" who="1" fromWho="3" sc="293,0,216,80,260,0,231,-80" /><INIT seed="5,0,0,1,4,69" ten="293,296,260,151" oya="1" hai0="105,103,73,92,122,22,12,77,21,88,55,24,59" hai1="61,58,128,124,102,82,9,44,131,40,13,100,111" hai2="68,94,46,106,112,7,89,85,80,72,134,27,30" hai3="78,76,108,79,101,81,75,45,133,118,91,6,83"/><U31/><E31/><V121/><F68/><W135/><G6/><T25/><D122/><U11/><E124/><V29/><F121/><W125/><G45/><T86/><D12/><U119/><E119/><V113/><F106/><W60/><G60/><T57/><D24/><U70/><E70/><V43/><F7/><W26/><G26/><T129/><D129/><N who="1" m="49739" /><E82/><V51/><F134/><N who="3" m="51211" /><G118/><T65/><D65/><N who="1" m="39095" /><E111/><V39/><F51/><W33/><G33/><T15/><D15/><U66/><E66/><V62/><F62/><W10/><G10/><N who="1" m="3594" /><E13/><V97/><F72/><N who="3" m="43143" /><G125/><T96/><D25/><U28/><E28/><V49/><F49/><AGARI ba="0,0" hai="40,44,49,100,102" m="3594,39095,49739" machi="49" ten="30,1500,0" yaku="19,1" doraHai="69" who="1" fromWho="2" sc="293,0,296,15,260,-15,151,0" /><INIT seed="5,1,0,2,3,5" ten="293,311,245,151" oya="1" hai0="64,97,114,83,0,22,57,3,80,84,27,107,55" hai1="73,109,37,69,38,77,53,59,19,56,61,12,92" hai2="6,121,133,45,13,24,125,78,8,123,35,79,20" hai3="42,36,9,81,50,110,98,117,135,115,62,70,32"/><U118/><E118/><V16/><F79/><W82/><G110/><T17/><D114/><U7/><E69/><V18/><F78/><W10/><G117/><T103/><D64/><U40/><E7/><V31/><F45/><W116/><G116/><T130/><D130/><U102/><E109/><V101/><F101/><W47/><G115/><T46/><D46/><U126/><E126/><V89/><F89/><W29/><G135/><T4/><D83/><U68/><E68/><V131/><F133/><W105/><G50/><T111/><D111/><U23/><E40/><V63/><F131/><W52/><G82/><T95/><D107/><U112/><E73/><V90/><F63/><W58/><G81/><T48/><D4/><U54/><E77/><AGARI ba="1,0" hai="0,3,17,22,27,48,55,57,77,80,84,95,97,103" machi="77" ten="30,1000,0" yaku="7,1" doraHai="5" who="0" fromWho="1" sc="293,13,311,-13,245,0,151,0" /><INIT seed="6,0,0,3,3,38" ten="306,298,245,151" oya="2" hai0="59,133,27,126,77,64,96,71,81,61,3,43,82" hai1="93,20,68,33,94,45,79,58,29,84,118,10,32" hai2="46,24,111,121,39,30,105,80,54,108,23,31,26" hai3="2,97,125,112,49,122,52,44,21,87,130,131,113"/><V70/><F70/><W50/><G2/><T37/><D3/><U55/><E118/><V85/><F105/><W57/><G97/><T90/><D126/><U63/><E68/><V101/><F101/><W95/><G95/><T91/><D133/><U132/><E132/><V15/><F15/><W42/><G87/><T62/><D96/><U135/><E135/><V86/><F121/><W9/><G122/><T40/><D37/><U36/><E32/><V4/><F4/><W19/><G9/><T76/><D27/><N who="1" m="16615" /><E33/><V14/><F14/><N who="3" m="9463" /><G125/><T8/><D8/><U89/><E36/><V28/><F85/><W107/><G107/><T88/><D71/><U103/><E10/><V114/><F114/><AGARI ba="0,0" hai="42,44,49,50,52,57,112,113,114,130,131" m="9463" machi="114" ten="30,7700,0" yaku="15,1,11,1,52,1,54,1" doraHai="38" who="3" fromWho="2" sc="306,0,298,0,245,-77,151,77" /><INIT seed="7,0,0,3,4,110" ten="306,298,168,228" oya="3" hai0="23,25,0,69,40,88,94,30,120,20,85,90,124" hai1="51,15,56,105,125,123,121,43,1,65,19,47,132" hai2="28,4,52,37,109,5,119,13,53,70,122,89,27" hai3="78,96,76,36,95,130,135,61,129,31,34,2,106"/><W74/><G2/><T58/><D69/><U80/><E105/><V41/><F41/><W44/><G135/><T54/><D120/><U127/><E1/><V98/><F122/><W83/><G106/><T16/><D0/><U64/><E132/><V103/><F119/><W17/><G78/><T63/><D124/><N who="1" m="47691" /><E80/><V86/><F109/><W62/><G17/><T3/><D3/><U26/><E26/><V101/><F37/><W8/><G8/><T46/><D90/><U59/><E123/><V104/><F70/><W114/><G114/><T68/><D68/><U10/><E121/><V45/><F101/><W57/><G57/><AGARI ba="0,0" hai="10,15,19,43,47,51,56,57,59,64,65" m="47691" machi="57" ten="30,1000,0" yaku="18,1" doraHai="110" who="1" fromWho="3" sc="306,0,298,10,168,0,228,-10" owari="306,11.0,308,40.0,168,-33.0,218,-18.0" /></mjloggm>