<mjloggm ver="2.3"><GO type="169" lobby="0"/><UN n0="%E3%81%8A%E3%81%A7%E3%82%93%E3%81%A4%E3%81%8F%E3%82%8D%EF%BC%81" n1="%E3%82%82%E3%82%81%E3%82%93%E3%81%AA%E3%81%A1%E3%82%83%E3%81%84" n2="%E3%82%A6%E3%83%AB%E3%83%88%E3%83%A9%E7%AB%8B%E7%9B%B4" n3="%74%61%72%6F%33%39%30%30" dan="16,16,16,17" rate="2040.22,2083.62,2151.74,2121.65" sx="M,F,M,M"/><TAIKYOKU oya="0"/><BYE who="1" /><INIT seed="0,0,0,2,4,97" ten="250,250,250,250" oya="0" hai0="29,74,26,48,98,106,1,51,16,65,0,72,32" hai1="36,94,132,85,89,83,52,71,50,111,23,128,134" hai2="109,62,55,25,125,116,124,5,59,57,33,60,73" hai3="108,76,34,20,63,13,84,120,44,81,2,58,68"/><T21/><D65/><U31/><E31/><V4/><F73/><W130/><G108/><T30/><D72/><U64/><E64/><V6/><F109/><W39/><G34/><T107/><D74/><U123/><E123/><V110/><F110/><W135/><G2/><T67/><D67/><U7/><E7/><V114/><F114/><W113/><G68/><T14/><D30/><U54/><E54/><V11/><F11/><W38/><G113/><T28/><D28/><U70/><E70/><V40/><F40/><W22/><G130/><T86/><D86/><U47/><E47/><V126/><F116/><W27/><G135/><T95/><D106/><U12/><E12/><V61/><F55/><W77/><G120/><T119/><D107/><U121/><E121/><V8/><F8/><W43/><G39/><T75/><D75/><U102/><E102/><V96/><F96/><W127/><G127/><T45/><D119/><U117/><E117/><V19/><F33/><W133/><G133/><T46/><D48/><U66/><E66/><V78/><F78/><W56/><G77/><T99/><D99/><U90/><E90/><V118/><F118/><W10/><G63/><T9/><D32/><U79/><E79/><V122/><F122/><W35/><G35/><T15/><D15/><U131/><E131/><V104/><F104/><W112/><G112/><T18/><D29/><U91/><E91/><V129/><F129/><W37/><G37/><T93/><D45/><U92/><E92/><N who="0" m="35401" /><D98/><U49/><E49/><V105/><F105/><W53/><G38/><T17/><D17/><RYUUKYOKU ba="0,0" sc="250,15,250,-15,250,15,250,-15" hai0="0,1,9,14,16,18,21,26,46,51" hai2="4,5,6,19,25,57,59,60,61,62,124,125,126" /><INIT seed="0,1,0,3,4,75" ten="265,235,265,235" oya="0" hai0="106,80,41,97,1,125,90,27,82,81,84,116,63" hai1="65,49,103,93,120,29,0,11,70,17,127,13,22" hai2="10,36,54,25,50,133,62,61,57,58,87,31,12" hai3="89,132,104,6,121,94,99,111,67,64,5,51,71"/><T44/><D116/><U35/><E35/><V3/><F36/><W79/><G111/><T105/><D1/><U33/><E33/><V47/><F3/><W108/><G108/><T69/><D125/><U32/><E32/><V91/><F133/><W102/><G132/><T107/><D27/><U100/><E100/><V117/><F117/><W8/><G121/><T18/><D97/><U77/><E77/><V9/><F25/><W134/><G134/><T74/><D18/><U118/><E118/><V52/><F31/><W124/><G124/><T83/><D74/><U34/><E34/><V43/><REACH who="2" step="1"/><F12/><REACH who="2" ten="265,235,255,235" step="2"/><W59/><G71/><T123/><D123/><U14/><E14/><V92/><AGARI ba="1,1" hai="9,10,43,47,50,52,54,57,58,61,62,87,91,92" machi="92" ten="20,12000,2" yaku="1,1,2,1,0,1,7,1,9,1,8,1,54,1,53,0" doraHai="75" doraHaiUra="20" who="2" fromWho="2" sc="265,-61,235,-31,255,133,235,-31" /><INIT seed="1,0,0,4,3,62" ten="204,204,388,204" oya="1" hai0="7,71,10,82,52,59,74,6,8,122,127,107,70" hai1="61,101,111,49,73,116,46,94,24,45,134,20,60" hai2="1,103,26,2,55,92,130,76,25,44,99,53,43" hai3="79,84,132,47,97,64,65,50,13,51,98,30,66"/><U39/><E39/><V85/><F130/><W104/><G132/><T126/><D107/><U129/><E129/><V5/><F2/><W114/><G114/><T80/><D122/><U19/><E19/><V131/><F131/><W17/><G30/><T90/><D90/><U124/><E124/><V89/><F76/><W4/><G4/><T106/><D106/><U117/><E117/><V18/><F5/><W21/><G104/><T105/><D105/><U37/><E37/><V96/><F1/><W34/><G34/><T75/><REACH who="0" step="1"/><D59/><REACH who="0" ten="194,204,388,204" step="2"/><U72/><E72/><V100/><F89/><W133/><G133/><T23/><D23/><U102/><E102/><V31/><F103/><W86/><G79/><T110/><D110/><U123/><E123/><V77/><F100/><W128/><G128/><T78/><D78/><U88/><E88/><V48/><F77/><W68/><G68/><T12/><D12/><U56/><E56/><V125/><F125/><W41/><REACH who="3" step="1"/><G51/><REACH who="3" ten="194,204,388,194" step="2"/><T28/><D28/><U36/><E36/><V38/><F31/><W108/><G108/><T91/><D91/><U109/><E109/><V81/><F38/><W33/><G33/><T11/><D11/><U95/><E95/><V67/><F92/><W135/><G135/><T35/><D35/><U22/><E22/><V3/><F48/><W15/><G15/><T16/><D16/><U69/><E69/><V118/><F18/><W40/><G40/><T58/><D58/><U27/><E27/><V83/><F26/><W113/><G113/><T29/><D29/><U42/><E42/><V32/><F25/><RYUUKYOKU ba="0,2" sc="194,15,204,-15,388,-15,194,15" hai0="6,7,8,10,52,70,71,74,75,80,82,126,127" hai3="13,17,21,41,47,50,64,65,66,84,86,97,98" /><INIT seed="2,1,2,2,3,128" ten="209,189,373,209" oya="2" hai0="81,94,30,36,122,73,106,40,132,34,107,104,84" hai1="64,48,7,70,112,69,33,93,14,41,59,82,92" hai2="22,66,45,62,115,126,102,80,13,52,121,17,9" hai3="21,77,113,44,124,0,53,43,116,127,3,47,131"/><V38/><F121/><W87/><G116/><T16/><D122/><U67/><E67/><V60/><F115/><W50/><G131/><T57/><D73/><U23/><E23/><V78/><F126/><N who="3" m="48171" /><G113/><T101/><D57/><U49/><E49/><V12/><F102/><W134/><G134/><T58/><D58/><U18/><E18/><UN n1="%E3%82%82%E3%82%81%E3%82%93%E3%81%AA%E3%81%A1%E3%82%83%E3%81%84" /><V105/><F105/><W110/><G110/><T37/><D132/><U55/><E55/><V130/><F130/><W39/><G21/><T90/><D40/><U129/><E129/><V63/><F38/><W125/><G125/><T119/><D119/><U85/><E85/><V56/><F45/><W5/><G5/><T95/><D16/><U114/><E114/><V10/><F66/><W91/><G77/><T31/><D81/><AGARI ba="1,2" hai="0,3,39,43,44,47,50,53,81,87,91" m="48171" machi="81" ten="30,1000,0" yaku="18,1" doraHai="128" who="3" fromWho="0" sc="209,-13,189,0,373,0,209,33" /><INIT seed="3,0,0,5,5,126" ten="196,189,373,242" oya="3" hai0="53,10,101,120,79,21,49,127,96,78,25,70,103" hai1="31,6,13,90,35,92,29,34,67,81,4,105,66" hai2="64,27,133,22,63,76,100,30,20,8,2,45,115" hai3="40,50,114,24,7,72,73,69,16,104,19,128,46"/><W89/><G114/><T113/><D120/><U116/><E116/><V60/><F115/><W123/><BYE who="1" /><G123/><T23/><D70/><U17/><E17/><V33/><F133/><W75/><G69/><T0/><D113/><U94/><E94/><V37/><F63/><W88/><G104/><T85/><D127/><U131/><E131/><V3/><F76/><W125/><G125/><T108/><D108/><U42/><E42/><V110/><F110/><W121/><G121/><T99/><D85/><U55/><E55/><V5/><F2/><W132/><G132/><T59/><D0/><U18/><E18/><V39/><F100/><W111/><G111/><T12/><D99/><U52/><E52/><V65/><F65/><W68/><G68/><T135/><D135/><U112/><E112/><V102/><F102/><N who="0" m="38922" /><D96/><U84/><E84/><V14/><F45/><W48/><G128/><T58/><D58/><U77/><E77/><N who="0" m="29193" /><D25/><U122/><E122/><V86/><F86/><W119/><G119/><T28/><D28/><U11/><E11/><V47/><F47/><W93/><G73/><T134/><D134/><U26/><E26/><V51/><F51/><W129/><G129/><T71/><D71/><U80/><E80/><V15/><F60/><W1/><G75/><T57/><D57/><U43/><E43/><V91/><F64/><W117/><G1/><T106/><D106/><U41/><E41/><V54/><F54/><W62/><G72/><T98/><D98/><U118/><E118/><V95/><F5/><AGARI ba="0,0" hai="5,10,12,21,23,49,53,59" m="29193,38922" machi="5" ten="30,1000,0" yaku="8,1" doraHai="126" who="0" fromWho="2" sc="196,10,189,0,373,-10,242,0" /><INIT seed="4,0,0,4,1,0" ten="206,189,363,242" oya="0" hai0="46,61,13,63,20,58,36,78,1,4,33,73,16" hai1="28,125,17,72,6,22,25,131,53,132,103,79,81" hai2="135,11,90,102,44,21,69,129,45,64,38,7,51" hai3="71,54,34,82,18,126,29,15,50,127,41,93,94"/><T40/><D33/><U70/><E70/><V32/><F32/><W68/><G41/><T65/><D61/><U31/><E31/><V134/><F129/><W122/><G122/><T95/><D95/><U47/><E47/><V104/><F21/><W39/><G39/><T118/><D118/><U8/><E8/><V97/><F90/><W84/><G71/><T114/><D114/><U124/><E124/><N who="3" m="47658" /><G68/><T89/><D89/><U12/><E12/><V62/><F38/><W111/><G111/><T35/><D35/><UN n1="%E3%82%82%E3%82%81%E3%82%93%E3%81%AA%E3%81%A1%E3%82%83%E3%81%84" /><U52/><E103/><V133/><F51/><W42/><G42/><T130/><D130/><U56/><E56/><V55/><F55/><W37/><G37/><T119/><D119/><U100/><E100/><V108/><F108/><W10/><G29/><T3/><REACH who="0" step="1"/><D4/><REACH who="0" ten="196,189,363,242" step="2"/><U48/><E48/><V106/><F104/><W88/><G34/><T112/><D112/><U5/><E52/><V24/><F106/><W109/><G109/><T19/><D19/><U117/><E22/><V123/><F102/><W76/><G76/><T80/><AGARI ba="0,1" hai="1,3,13,16,20,36,40,46,58,63,65,73,78,80" machi="80" ten="30,6000,0" yaku="1,1,0,1,54,1,53,0" doraHai="0" doraHaiUra="2" who="0" fromWho="0" sc="196,70,189,-20,363,-20,242,-20" /><INIT seed="4,1,0,1,0,111" ten="266,169,343,222" oya="0" hai0="56,29,116,19,48,59,80,76,100,93,64,70,108" hai1="9,134,5,110,46,21,122,51,77,61,38,87,25" hai2="74,15,91,8,109,3,102,40,98,72,73,94,18" hai3="44,86,36,120,26,12,105,34,4,14,30,69,101"/><T22/><D116/><U125/><E87/><V11/><F109/><W121/><G69/><T58/><D29/><U28/><E61/><V75/><F75/><W97/><G86/><N who="0" m="48391" /><D70/><U57/><E25/><V113/><F40/><N who="3" m="22535" /><G4/><T130/><D130/><U123/><E125/><V45/><F45/><W17/><G17/><T39/><D39/><U41/><E134/><V92/><F3/><W16/><G16/><T32/><D32/><U104/><E123/><AGARI ba="1,0" hai="12,14,26,30,34,97,101,105,120,121,123" m="22535" machi="123" ten="30,1000,0" yaku="13,1" doraHai="111" who="3" fromWho="1" sc="266,0,169,-13,343,0,222,13" /><INIT seed="5,0,0,2,5,7" ten="266,156,343,235" oya="1" hai0="24,90,92,114,17,91,62,44,3,133,130,89,1" hai1="9,2,41,120,30,18,97,78,71,19,14,82,33" hai2="4,84,67,21,70,125,113,16,45,73,116,117,37" hai3="57,79,35,65,131,85,54,110,38,55,115,103,101"/><U107/><E41/><V53/><F73/><W11/><G110/><T135/><D130/><U102/><E102/><V52/><F125/><W28/><G38/><T74/><D74/><U26/><E26/><V6/><F113/><W5/><G115/><T12/><D24/><U76/><E76/><V112/><F112/><W50/><G131/><T111/><D111/><U64/><E64/><V8/><F4/><W23/><G35/><T25/><D25/><U94/><E94/><V75/><F75/><W69/><G23/><N who="0" m="11687" /><D114/><U31/><E31/><V106/><F106/><W77/><G28/><T100/><D62/><U127/><E127/><V56/><F70/><W109/><G109/><T32/><D32/><U15/><E15/><N who="2" m="5527" /><F37/><W10/><G5/><T123/><D123/><U47/><E82/><V126/><F126/><W104/><G104/><T43/><D92/><U61/><E47/><V80/><F45/><N who="3" m="27983" /><G65/><T49/><D100/><N who="3" m="38473" /><G69/><T98/><D98/><U13/><E61/><N who="2" m="38311" /><F116/><W132/><G132/><AGARI ba="0,0" hai="1,3,43,44,49,89,90,91,132,133,135" m="11687" machi="132" ten="30,1000,0" yaku="20,1" doraHai="7" who="0" fromWho="3" sc="266,10,156,0,343,0,235,-10" /><INIT seed="6,0,0,1,0,0" ten="276,156,343,225" oya="2" hai0="67,69,32,66,51,117,59,30,23,75,94,35,6" hai1="65,36,1,97,106,9,87,47,10,105,82,40,70" hai2="126,72,83,121,110,129,88,89,22,56,64,21,109" hai3="60,8,58,52,125,61,115,101,12,45,122,4,50"/><V133/><F121/><W114/><G122/><T33/><D75/><U134/><E134/><V19/><F126/><W73/><G73/><T24/><D69/><U31/><E31/><V15/><F129/><W53/><G125/><T28/><D117/><U55/><E55/><V111/><F133/><W128/><G128/><T39/><D39/><U98/><E98/><V107/><F107/><W74/><G74/><T14/><D30/><U103/><E103/><V78/><F22/><W2/><G101/><T120/><D120/><U113/><E113/><N who="3" m="43018" /><G2/><T44/><D59/><U135/><E135/><V17/><F17/><W118/><G61/><AGARI ba="0,0" hai="15,19,21,56,61,64,72,78,83,88,89,109,110,111" machi="61" ten="40,3900,0" yaku="10,1,54,1" doraHai="0" who="2" fromWho="3" sc="276,0,156,0,343,39,225,-39" /><INIT seed="6,1,0,3,1,51" ten="276,156,382,186" oya="2" hai0="76,26,44,111,37,3,123,63,52,132,42,124,36" hai1="133,12,25,105,4,86,97,73,70,22,107,20,72" hai2="115,58,16,126,119,47,5,60,116,94,19,89,90" hai3="104,62,88,130,87,85,122,49,95,69,23,59,28"/><V13/><F126/><W11/><G104/><T114/><D111/><U103/><E103/><V10/><F115/><W78/><G122/><T39/><D123/><U61/><E61/><V48/><F116/><W55/><G130/><T84/><D124/><U2/><E2/><V14/><F119/><W8/><G69/><T79/><D114/><U134/><E134/><V7/><F48/><W15/><G62/><T46/><D3/><U68/><E68/><V121/><F47/><W32/><G32/><T109/><D109/><U92/><E92/><V56/><F58/><W38/><G38/><T131/><D131/><U100/><E100/><V33/><F33/><W27/><G15/><T9/><D132/><U129/><E129/><V29/><F29/><W30/><G28/><T24/><D9/><U135/><E135/><V106/><F106/><W66/><G66/><T0/><D0/><U18/><E18/><V35/><F35/><W50/><G50/><T40/><D39/><U74/><E74/><V98/><F90/><W118/><G118/><T125/><D125/><U65/><E65/><V21/><F121/><W53/><G53/><AGARI ba="1,0" hai="5,7,10,13,14,16,19,21,53,56,60,89,94,98" machi="53" ten="30,11600,0" yaku="7,1,8,1,52,1,54,1" doraHai="51" who="2" fromWho="3" sc="276,0,156,0,382,119,186,-119" /><INIT seed="6,2,0,3,5,20" ten="276,156,501,67" oya="2" hai0="63,49,97,130,10,66,37,31,123,83,29,87,104" hai1="11,51,108,125,53,15,93,124,41,48,58,60,98" hai2="132,122,19,95,78,67,112,24,96,107,129,42,105" hai3="13,109,118,56,80,59,38,84,135,72,30,76,17"/><V39/><F122/><W2/><G118/><T74/><D37/><U114/><E114/><V55/><F112/><W99/><G2/><T86/><D74/><U23/><E23/><V50/><F129/><W25/><G38/><T133/><D123/><U34/><E34/><V3/><F3/><W1/><G1/><T12/><D49/><U40/><E40/><V128/><F128/><W134/><G109/><T79/><D87/><U71/><E71/><V103/><F132/><W5/><G5/><T111/><D111/><U110/><E110/><V43/><F78/><W90/><G99/><T73/><D73/><U57/><E57/><V62/><F105/><W6/><G6/><T75/><D75/><U61/><E61/><V113/><F113/><W52/><G59/><T131/><D133/><U14/><E14/><V100/><F107/><W106/><G106/><T82/><D82/><U88/><E88/><V4/><F103/><W89/><G135/><T126/><D126/><U81/><E81/><V16/><F4/><W8/><G72/><T47/><D47/><U33/><E33/><V35/><F43/><W120/><G120/><T26/><D130/><U102/><E102/><V115/><F42/><W18/><G18/><T9/><D131/><U119/><E119/><V117/><F39/><W116/><G134/><T69/><D104/><U121/><E121/><V65/><F115/><W27/><G116/><T77/><D77/><U85/><E85/><V92/><F117/><W101/><G101/><T36/><D36/><U70/><E70/><V44/><F100/><W28/><G76/><RYUUKYOKU ba="2,0" sc="276,0,156,0,501,0,67,0" /><INIT seed="7,3,0,5,1,47" ten="276,156,501,67" oya="3" hai0="71,91,73,23,120,62,50,79,117,86,43,113,3" hai1="82,112,31,54,19,87,108,1,84,60,104,101,114" hai2="93,61,35,33,105,8,27,36,75,111,92,135,97" hai3="132,130,126,123,18,122,119,48,25,127,116,125,109"/><W95/><G95/><T128/><D117/><N who="3" m="45129" /><G48/><T88/><D71/><U5/><E108/><V44/><F97/><W115/><G25/><T63/><D63/><U68/><E114/><V55/><F61/><W80/><G18/><T16/><D62/><U13/><E13/><V34/><F93/><W69/><G80/><T121/><D113/><U57/><E57/><V107/><F92/><W9/><G69/><T10/><D121/><N who="3" m="46089" /><G9/><T134/><D10/><U12/><E12/><V29/><F8/><W83/><G83/><T6/><D120/><U133/><E133/><V89/><F135/><W65/><G65/><T77/><D134/><U124/><E124/><V24/><F24/><W40/><G132/><T118/><D118/><U21/><E21/><V32/><F27/><W94/><G115/><T2/><D50/><U76/><E76/><V52/><F34/><W11/><G109/><T67/><D67/><U96/><E96/><V37/><F33/><W56/><G130/><T102/><D79/><U106/><E106/><V42/><F35/><W78/><G78/><T103/><D77/><U110/><E110/><V90/><F32/><W100/><G40/><T17/><D43/><U64/><E64/><V20/><F42/><W15/><G56/><T85/><D17/><U14/><E14/><V129/><F107/><W4/><G94/><T74/><D16/><U99/><E99/><V7/><F105/><W70/><G70/><T22/><D128/><U39/><E39/><V58/><F129/><W72/><G72/><T66/><D66/><U59/><E59/><V51/><F75/><RYUUKYOKU ba="3,0" sc="276,15,156,-15,501,-15,67,15" hai0="2,3,6,22,23,73,74,85,86,88,91,102,103" hai3="4,11,15,100,125,126,127" /><INIT seed="7,4,0,5,1,85" ten="291,141,486,82" oya="3" hai0="128,23,51,58,125,33,67,12,16,69,121,57,80" hai1="25,98,110,34,19,9,123,60,15,118,53,79,96" hai2="133,86,61,93,108,122,0,13,134,89,29,104,135" hai3="4,95,70,14,68,102,59,1,82,8,54,73,65"/><W39/><G39/><T52/><D121/><U27/><E27/><V101/><F108/><W76/><G65/><T94/><D33/><U112/><E112/><V113/><F113/><W48/><G102/><T18/><D69/><U107/><E107/><V20/><F0/><W17/><REACH who="3" step="1"/><G95/><REACH who="3" ten="291,141,486,72" step="2"/><T35/><D94/><U106/><E106/><V41/><F104/><W38/><G38/><T132/><D67/><U42/><E42/><V78/><F101/><W109/><G109/><T30/><D132/><U62/><E62/><V64/><F41/><W28/><G28/><T50/><D30/><U74/><E74/><V120/><F29/><W81/><G81/><T87/><D80/><U72/><E72/><V40/><F40/><W31/><G31/><T55/><D35/><U129/><E129/><V2/><F61/><W6/><G6/><T97/><D128/><U37/><E37/><V45/><F64/><W43/><G43/><T26/><D51/><U63/><E63/><V100/><F100/><W32/><G32/><T117/><D50/><U46/><E46/><V127/><F45/><W116/><G116/><T88/><D117/><U84/><E84/><V90/><F93/><W130/><G130/><T77/><D87/><U10/><E10/><AGARI ba="4,1" hai="1,4,8,10,14,17,48,54,59,68,70,73,76,82" machi="10" ten="30,11600,0" yaku="1,1,7,1,53,2" doraHai="85" doraHaiUra="5" who="3" fromWho="1" sc="291,0,141,-128,486,0,72,138" /><INIT seed="7,5,0,4,2,102" ten="291,13,486,210" oya="3" hai0="124,111,79,45,80,101,15,3,84,22,135,48,56" hai1="71,109,121,5,123,52,122,33,92,94,58,134,129" hai2="115,24,32,23,54,97,57,27,28,114,16,104,9" hai3="93,126,46,7,20,107,26,113,75,110,98,87,88"/><W74/><G113/><N who="2" m="43017" /><F9/><W130/><G130/><T120/><D111/><U6/><E6/><V0/><F0/><W69/><G69/><T128/><D3/><U77/><E77/><V67/><F67/><W2/><G110/><T118/><D128/><U127/><E127/><V60/><F104/><W89/><G126/><T11/><D124/><U43/><E43/><V116/><F97/><W59/><G46/><T108/><D108/><U63/><E63/><V14/><F27/><W49/><G7/><T29/><D101/><U85/><E85/><V47/><F47/><W125/><G2/><T36/><D36/><U13/><E13/><V12/><F12/><W41/><G125/><T53/><D120/><U18/><E18/><V17/><F17/><W96/><G96/><T68/><D68/><U117/><E117/><AGARI ba="5,0" hai="14,16,23,24,28,32,54,57,60,116,117" m="43017" machi="117" ten="30,2000,0" yaku="15,1,54,1" doraHai="102" who="2" fromWho="1" sc="291,0,13,-35,486,35,210,0" owari="291,9.0,-22,-52.0,521,62.0,210,-19.0" /></mjloggm>