<mjloggm ver="2.3"><GO type="97" lobby="0"/><UN n0="%E4%BA%8C%E9%9A%8E%E5%A0%82%E6%AF%94%E9%9C%B2" n1="%E2%80%A0%E6%9C%88%E8%A9%A0%E2%80%A0" n2="%73%79%69%72%70%68%69%64" n3="%E3%83%88%E3%83%88%E3%83%AA%E5%85%88%E7%94%9F%31%39%E6%AD%B3" dan="15,14,13,14" rate="1877.94,1928.52,1950.86,2036.80" sx="M,F,M,F"/><TAIKYOKU oya="0"/><INIT seed="0,0,0,1,4,116" ten="250,250,250,250" oya="0" hai0="128,35,98,21,130,90,87,27,89,49,108,73,40" hai1="101,26,95,59,12,126,43,42,92,8,22,5,99" hai2="44,129,47,3,62,9,74,20,61,78,48,84,57" hai3="6,97,34,111,110,16,93,52,54,65,11,72,127"/><T88/><D73/><U55/><E126/><V69/><F74/><W30/><G72/><T121/><D35/><U83/><E83/><V91/><F78/><W70/><G127/><T36/><D36/><U133/><E133/><V63/><F69/><W77/><G77/><T51/><D108/><N who="3" m="41513" /><G30/><N who="0" m="17775" /><D98/><U124/><E124/><V109/><F109/><W71/><G34/><T125/><D125/><U120/><E120/><V1/><F129/><N who="0" m="49770" /><D40/><U113/><E113/><V135/><F135/><W134/><G134/><T32/><D32/><U123/><E123/><V25/><F3/><N who="3" m="479" /><G65/><T29/><D121/><U14/><E14/><V0/><F0/><W132/><G132/><T131/><D29/><N who="1" m="17623" /><E95/><V112/><F112/><W66/><G66/><T94/><N who="0" m="49778" /><T122/><DORA hai="114" /><D122/><U19/><E19/><V100/><F1/><W106/><G106/><T105/><D105/><U82/><E82/><V60/><F9/><W41/><G41/><T31/><D31/><U2/><E2/><V28/><F100/><N who="3" m="60463" /><G16/><T53/><D53/><AGARI ba="0,0" hai="52,53,54,70,71" m="60463,479,41513" machi="53" ten="30,2000,0" yaku="14,1,54,1" doraHai="116,114" who="3" fromWho="0" sc="250,-20,250,0,250,0,250,20" /><INIT seed="1,0,0,0,2,80" ten="230,250,250,270" oya="1" hai0="50,129,52,98,69,73,29,85,54,89,59,41,5" hai1="8,10,58,83,62,76,94,17,42,40,56,0,55" hai2="63,33,21,65,95,60,121,132,130,125,90,135,48" hai3="105,110,24,68,131,106,45,117,120,11,97,66,64"/><U101/><E0/><V119/><F33/><W2/><G120/><T77/><D129/><U3/><E3/><V14/><F121/><W9/><G131/><T47/><D69/><U7/><E7/><V49/><F130/><W31/><G110/><T34/><D5/><U87/><E17/><N who="2" m="10423" /><F119/><W91/><G117/><T114/><D114/><U43/><E58/><N who="2" m="37015" /><F63/><N who="3" m="39967" /><G66/><T4/><D4/><U134/><E134/><N who="2" m="51243" /><F125/><W75/><G2/><T118/><D118/><U103/><E103/><V78/><F78/><W20/><G11/><T93/><D34/><U26/><E26/><V70/><F70/><W35/><G9/><T116/><D116/><U82/><E82/><V1/><F1/><W79/><G20/><T107/><D77/><U22/><E22/><V113/><F113/><W28/><G79/><T16/><D73/><U30/><E30/><V39/><F39/><W109/><G31/><T102/><D29/><U12/><E12/><V128/><F128/><W111/><G75/><T27/><D27/><U32/><E32/><V92/><F92/><N who="3" m="56479" /><G106/><T133/><D133/><U53/><E53/><V38/><F38/><W74/><G105/><T57/><D54/><U72/><E72/><V99/><AGARI ba="0,0" hai="48,49,90,95,99" m="51243,37015,10423" machi="99" ten="30,1100,0" yaku="20,1" doraHai="80" who="2" fromWho="2" sc="230,-3,250,-5,250,11,270,-3" /><INIT seed="2,0,0,2,4,67" ten="227,245,261,267" oya="2" hai0="47,0,83,115,37,41,85,57,52,63,31,53,33" hai1="36,5,108,60,22,94,112,134,78,131,51,76,107" hai2="98,15,105,65,95,109,81,10,28,2,44,11,66" hai3="32,128,116,111,18,84,124,77,130,59,39,40,106"/><V69/><F105/><W93/><G116/><T49/><D0/><U56/><E107/><V50/><F28/><W29/><G106/><T71/><D115/><U90/><E112/><V27/><F27/><N who="3" m="18495" /><G39/><T110/><D110/><U101/><E36/><V127/><F109/><W35/><G40/><T12/><D12/><U1/><E108/><V23/><F127/><W75/><G35/><T72/><D72/><U9/><E134/><V104/><F104/><W89/><G59/><T61/><D33/><U135/><E135/><V80/><F2/><W13/><G77/><T82/><D31/><U42/><E131/><N who="3" m="50218" /><G75/><T48/><D85/><U117/><E101/><V133/><F133/><W91/><G91/><T3/><D3/><U73/><E73/><V26/><F80/><W87/><G87/><T100/><D83/><U6/><E117/><V86/><F81/><W30/><G30/><T34/><D82/><U126/><E78/><V92/><F86/><W103/><G103/><T99/><D34/><U129/><E76/><V132/><F132/><W74/><G74/><T46/><D100/><U79/><E129/><V88/><F92/><W21/><G111/><T70/><D99/><U118/><E79/><V17/><F69/><AGARI ba="0,0" hai="37,41,46,47,48,49,52,53,57,61,63,69,70,71" machi="69" ten="40,16000,3" yaku="35,6,52,3,54,1" doraHai="67" who="0" fromWho="2" sc="227,160,245,0,261,-160,267,0" /><INIT seed="3,0,0,3,1,86" ten="387,245,101,267" oya="3" hai0="56,103,0,88,6,58,66,18,31,67,38,48,116" hai1="104,78,118,111,5,53,14,23,105,15,123,10,44" hai2="73,99,7,24,92,93,1,11,107,61,77,12,2" hai3="131,85,94,120,71,4,19,40,115,102,74,42,119"/><W129/><G115/><T9/><D38/><U114/><E123/><V55/><F107/><W25/><G119/><T49/><D103/><U112/><E118/><V97/><F73/><W87/><G120/><T65/><D31/><U34/><E111/><V16/><F77/><W121/><G74/><T37/><D37/><U117/><E117/><V132/><F132/><W20/><G121/><T68/><D68/><U124/><E124/><V70/><F70/><W91/><G71/><T62/><D18/><U54/><E34/><V109/><F109/><W106/><G4/><T135/><D135/><U39/><E78/><V46/><F24/><W83/><G106/><T63/><D66/><U26/><E15/><V8/><F2/><W51/><G102/><T60/><D60/><U69/><E69/><V84/><F84/><W35/><G35/><T125/><D125/><U113/><E54/><V43/><F55/><W122/><G122/><T96/><D116/><U33/><E33/><V57/><F61/><W98/><G98/><T17/><D17/><U72/><E72/><V110/><F110/><W128/><REACH who="3" step="1"/><G51/><REACH who="3" ten="387,245,101,257" step="2"/><T90/><D96/><U82/><E113/><V47/><F97/><W28/><G28/><T32/><D32/><U22/><E114/><V52/><F99/><W127/><G127/><T36/><D36/><U29/><E112/><V101/><F101/><W80/><G80/><T89/><AGARI ba="0,1" hai="0,6,9,48,49,56,58,62,63,65,67,88,89,90" machi="89" ten="30,12000,2" yaku="0,1,9,1,52,3,54,1" doraHai="86" who="0" fromWho="0" sc="387,130,245,-30,101,-30,257,-60" owari="517,61.0,215,2.0,71,-43.0,197,-20.0" /></mjloggm>