<mjloggm ver="2.3"><GO type="41" lobby="0"/><UN n0="%56%E9%AD%82" n1="%E6%A5%93%EF%BC%A0%EF%BC%AF%EF%BC%A3%EF%BC%A5%EF%BC%A1%EF%BC%AE" n2="%E5%B0%B1%E6%B4%BB%E7%94%9F%40%E5%B7%9D%E6%9D%91%E8%BB%8D%E5%9B%A3" n3="%E5%8D%97%E4%B8%89%E6%9D%A1" dan="14,14,15,13" rate="1962.20,1907.95,1969.31,1839.51" sx="M,M,M,F"/><TAIKYOKU oya="0"/><INIT seed="0,0,0,4,1,135" ten="250,250,250,250" oya="0" hai0="21,91,55,6,26,27,38,78,31,121,68,90,80" hai1="66,99,105,45,87,22,11,70,118,124,117,16,95" hai2="41,86,114,37,128,134,7,36,76,98,69,34,24" hai3="129,62,8,132,2,83,25,12,14,47,104,29,54"/><T130/><D121/><U32/><E32/><V61/><F134/><W113/><G104/><T107/><D107/><U49/><E105/><V44/><F128/><W103/><G103/><T18/><D68/><U9/><E87/><V43/><F7/><W111/><G113/><T84/><D38/><U93/><E93/><V125/><F98/><W33/><G132/><T42/><D42/><U35/><E35/><V75/><F86/><W10/><G2/><T65/><D65/><U77/><E77/><V82/><F114/><W109/><G129/><T17/><D130/><U88/><E124/><V51/><F51/><N who="3" m="29055" /><G62/><T131/><D131/><U97/><E97/><V127/><F43/><W3/><G83/><T52/><D6/><U123/><E123/><V13/><F13/><N who="3" m="5227" /><G3/><T48/><D55/><U50/><E70/><V71/><F37/><W4/><G4/><T112/><D112/><U81/><E66/><N who="2" m="41167" /><F71/><W102/><G102/><T1/><D1/><U126/><E118/><V85/><F85/><W64/><G64/><T59/><REACH who="0" step="1"/><D18/><REACH who="0" ten="240,250,250,250" step="2"/><U73/><E117/><V20/><F41/><W106/><G106/><T53/><D53/><U108/><E16/><N who="2" m="12295" /><F36/><W0/><G0/><T116/><D116/><U119/><E119/><V92/><F44/><W15/><G15/><T89/><D89/><U101/><E88/><V39/><F39/><W79/><G79/><T40/><D40/><U96/><E45/><V30/><F76/><W63/><G63/><T100/><D100/><U60/><E101/><V58/><F58/><W5/><G5/><T28/><D28/><U57/><E57/><RYUUKYOKU ba="0,1" sc="240,15,250,-15,250,-15,250,15" hai0="17,21,26,27,31,48,52,59,78,80,84,90,91" hai3="8,10,25,29,33,109,111" /><INIT seed="0,1,1,1,4,64" ten="255,235,235,265" oya="0" hai0="125,95,121,113,116,30,90,100,35,53,55,84,72" hai1="18,127,123,2,68,38,122,130,23,96,85,40,97" hai2="59,86,33,81,0,79,88,112,19,6,13,107,16" hai3="15,46,83,28,111,29,60,98,1,109,76,5,70"/><T73/><D116/><U101/><E2/><V106/><F112/><W124/><G1/><T102/><D113/><U11/><E97/><V10/><F33/><W120/><G120/><T57/><D121/><U31/><E11/><V52/><F79/><W51/><G98/><T50/><D125/><U82/><E31/><V42/><F42/><W93/><G93/><T131/><D131/><U114/><E114/><V67/><F67/><W63/><G124/><T104/><D104/><U47/><E127/><V4/><F4/><W54/><G15/><T37/><D37/><U66/><E130/><V12/><F0/><W126/><G5/><T80/><D73/><U135/><E135/><V45/><F45/><W74/><G126/><T34/><D72/><U44/><E47/><V110/><F110/><N who="3" m="41995" /><G63/><N who="0" m="36287" /><D34/><U133/><E133/><V14/><F106/><W20/><G20/><T108/><D35/><U21/><E66/><AGARI ba="1,1" hai="28,29,46,51,54,60,66,70,74,76,83" m="41995" machi="66" ten="30,2000,0" yaku="14,1,52,1" doraHai="64" who="3" fromWho="1" sc="255,0,235,-23,235,0,265,33" /><INIT seed="1,0,0,2,0,125" ten="255,212,235,298" oya="1" hai0="44,134,16,36,14,52,124,97,83,51,131,64,43" hai1="78,98,88,21,72,76,101,99,92,132,112,123,111" hai2="73,96,80,57,100,32,135,116,77,4,69,55,35" hai3="115,25,38,49,70,2,29,84,133,130,5,93,41"/><U118/><E123/><V107/><F135/><W22/><G70/><T117/><D124/><U67/><E118/><V54/><F116/><W50/><G38/><T89/><D117/><U0/><E0/><V106/><F106/><W94/><G2/><T6/><D134/><U45/><E132/><V68/><F4/><W34/><G133/><T82/><D6/><U87/><E112/><V81/><F81/><W3/><G3/><T74/><D64/><U71/><E71/><V11/><F11/><W53/><G5/><T91/><D131/><U120/><E120/><V15/><F15/><W75/><G130/><T108/><D108/><U60/><E72/><V59/><F69/><W40/><G75/><T103/><D74/><U42/><E21/><V102/><F102/><W28/><G34/><T33/><D33/><U66/><E111/><V121/><F68/><W30/><G50/><T109/><D109/><U17/><E60/><V1/><F1/><W20/><G84/><T86/><D83/><U126/><E17/><V56/><F121/><W12/><G115/><T105/><D36/><U8/><E8/><V26/><F26/><N who="3" m="16455" /><G12/><T127/><D127/><U113/><E113/><V95/><F107/><W58/><G30/><T24/><D24/><U114/><E114/><V65/><F65/><N who="1" m="24585" /><E126/><V63/><F59/><W110/><G110/><T39/><D39/><N who="1" m="21727" /><E101/><V129/><F129/><W46/><G46/><T62/><D62/><AGARI ba="0,0" hai="32,35,54,55,56,57,62,63,73,77,80,95,96,100" machi="62" ten="30,2000,0" yaku="7,1,9,1" doraHai="125" who="2" fromWho="0" sc="255,-20,212,0,235,20,298,0" /><INIT seed="2,0,0,3,1,2" ten="235,212,255,298" oya="2" hai0="117,120,63,79,20,21,42,41,17,118,110,1,55" hai1="74,0,98,134,25,32,102,130,95,129,85,113,58" hai2="122,61,83,88,38,44,18,52,26,7,72,103,69" hai3="4,133,39,45,22,112,31,37,89,46,78,24,51"/><V73/><F122/><W125/><G78/><T90/><D120/><U13/><E0/><V97/><F38/><W10/><G46/><T107/><D107/><U34/><E74/><V27/><F69/><W19/><G112/><T128/><D110/><U54/><E25/><V80/><F73/><W6/><G125/><T11/><D128/><U65/><E65/><V119/><F72/><W96/><G133/><T106/><D106/><U40/><E40/><V75/><F75/><W77/><G77/><T15/><D79/><U16/><E85/><N who="2" m="50215" /><F83/><W48/><G48/><T28/><D90/><U114/><E134/><V111/><F119/><N who="0" m="45578" /><D28/><U43/><E114/><V104/><F7/><N who="3" m="2603" /><G39/><T99/><D1/><U121/><E113/><V105/><F105/><W84/><G37/><T87/><D99/><U70/><E70/><V76/><F76/><W53/><G96/><T123/><D87/><U23/><E121/><V101/><F104/><W124/><G10/><T30/><D123/><U29/><E43/><N who="0" m="16393" /><D30/><U9/><E34/><V108/><F97/><W5/><G124/><T35/><D35/><U8/><E32/><V92/><F101/><W47/><N who="3" m="2611" /><W86/><DORA hai="81" /><G86/><T115/><D115/><U49/><E29/><V82/><F103/><W3/><G3/><T14/><D11/><U12/><E9/><V100/><F44/><N who="3" m="27879" /><G31/><T62/><D62/><U59/><E130/><V36/><F61/><W131/><G131/><T64/><D63/><U57/><E129/><V50/><F36/><W109/><G109/><T94/><D64/><U132/><E132/><V60/><F111/><RYUUKYOKU ba="0,0" sc="235,-15,212,15,255,-15,298,15" hai1="8,12,13,16,23,49,54,57,58,59,95,98,102" hai3="19,22,24,45,47,84,89" /><INIT seed="3,1,0,4,1,127" ten="220,227,240,313" oya="3" hai0="73,105,132,86,106,72,15,114,102,124,128,75,52" hai1="69,42,76,37,123,51,9,79,57,112,24,45,92" hai2="115,39,129,89,46,88,36,64,99,20,118,28,13" hai3="74,109,84,23,31,4,12,14,83,131,119,0,19"/><W1/><G74/><T27/><D124/><U59/><E123/><V16/><F118/><W55/><G119/><T96/><D27/><U130/><E112/><V85/><F115/><W134/><G31/><T50/><D114/><U17/><E69/><V2/><F2/><W53/><G1/><T121/><D121/><U71/><E71/><V41/><F64/><W101/><G0/><T103/><D132/><U66/><E37/><V10/><F39/><W122/><G122/><T54/><D15/><U11/><E92/><V98/><F89/><W48/><G101/><T117/><D117/><U47/><E45/><V5/><F129/><W29/><G29/><T6/><D6/><U80/><E76/><V7/><F28/><W95/><G95/><T30/><D30/><U110/><E110/><V25/><REACH who="2" step="1"/><F5/><REACH who="2" ten="220,227,230,313" step="2"/><W56/><G131/><T18/><D128/><U91/><E130/><V60/><F60/><W62/><G4/><T116/><D116/><U34/><E91/><V77/><F77/><N who="3" m="46191" /><G134/><T82/><D18/><U100/><E100/><V32/><F32/><W97/><G109/><T65/><D65/><U22/><E34/><V63/><F63/><W81/><G62/><T104/><D102/><U107/><E66/><V58/><F58/><W93/><G56/><T21/><D103/><U87/><E59/><V3/><F3/><W67/><G67/><T49/><D105/><U125/><E107/><V35/><F35/><W43/><G48/><T126/><D106/><U26/><E125/><V108/><F108/><W78/><G78/><T111/><D104/><U70/><E70/><RYUUKYOKU ba="1,1" sc="220,-10,227,-10,230,30,313,-10" hai2="7,10,13,16,20,25,36,41,46,85,88,98,99" /><INIT seed="4,2,1,4,1,31" ten="210,217,260,303" oya="0" hai0="72,25,95,36,116,12,109,14,55,123,0,29,97" hai1="6,70,122,126,7,64,124,74,135,101,98,34,102" hai2="22,115,44,35,120,13,39,85,43,71,20,128,10" hai3="129,103,99,80,66,46,86,75,5,67,131,111,4"/><T58/><D123/><U100/><E74/><V90/><F71/><W92/><G75/><T3/><D116/><U93/><E122/><V23/><F120/><W32/><G32/><T17/><D36/><U134/><E64/><N who="3" m="24618" /><G46/><T121/><D72/><U117/><E117/><V30/><F115/><W77/><G111/><T82/><D109/><U45/><E70/><V91/><F128/><AGARI ba="2,1" hai="4,5,77,80,86,92,99,103,128,129,131" m="24618" machi="128" ten="30,1000,0" yaku="19,1" doraHai="31" who="3" fromWho="2" sc="210,0,217,0,260,-16,303,26" /><INIT seed="5,0,0,4,4,83" ten="210,217,244,329" oya="1" hai0="27,105,71,53,29,24,84,45,98,73,109,62,38" hai1="5,70,90,67,96,48,22,33,47,64,131,49,113" hai2="110,92,55,32,108,34,134,7,14,69,58,44,56" hai3="129,2,79,18,76,93,61,124,60,104,3,85,13"/><U30/><E33/><V102/><F69/><W31/><G104/><T12/><D73/><U123/><E123/><V122/><F122/><W86/><G31/><T4/><D109/><U97/><E70/><V132/><F44/><W35/><G93/><T43/><D105/><U80/><E113/><V115/><F115/><W16/><G13/><T75/><D75/><U72/><E72/><V50/><F34/><W63/><G35/><T87/><D98/><N who="1" m="37995" /><E5/><V26/><F102/><W59/><G59/><T88/><D71/><U112/><E112/><V41/><F41/><W42/><G42/><T100/><D100/><U9/><E9/><N who="2" m="4415" /><F56/><W36/><G63/><T68/><D68/><U28/><E48/><V0/><F92/><W89/><G89/><T11/><D88/><U54/><E131/><V118/><F0/><W1/><G1/><T94/><D94/><U19/><E90/><V21/><F32/><W111/><G111/><T130/><D130/><U99/><E80/><V40/><F40/><W17/><G129/><T114/><D114/><U121/><E121/><V57/><F57/><W39/><G18/><T128/><D128/><U117/><E117/><V15/><F15/><W135/><G135/><N who="2" m="51753" /><F118/><W125/><AGARI ba="0,0" hai="2,3,16,17,36,39,60,61,76,79,85,86,124,125" machi="125" ten="25,12000,2" yaku="0,1,22,2,52,2,54,1" doraHai="83" who="3" fromWho="3" sc="210,-30,217,-60,244,-30,329,120" /><INIT seed="6,0,0,5,4,20" ten="180,157,214,449" oya="2" hai0="15,122,64,34,0,101,55,51,135,26,117,53,99" hai1="57,134,128,9,29,103,33,67,41,4,121,2,30" hai2="116,69,105,48,7,31,17,61,127,54,63,46,93" hai3="91,130,68,25,92,114,21,27,72,75,96,133,118"/><V42/><F105/><W97/><G68/><T28/><D0/><U38/><E103/><V56/><F7/><W76/><G118/><T36/><D36/><U71/><E30/><V78/><F78/><W13/><G76/><T119/><D135/><U37/><E57/><V35/><F35/><W88/><G133/><T129/><D129/><U87/><E134/><V32/><F32/><W10/><G130/><T6/><D122/><U95/><E128/><V109/><F31/><W45/><G45/><T83/><D83/><U1/><E1/><V62/><F93/><W40/><G40/><T50/><D64/><U74/><E41/><V131/><F17/><W84/><G25/><T123/><D123/><U102/><E74/><V104/><F104/><W111/><G97/><T126/><D126/><U124/><E121/><V65/><F131/><W3/><G3/><T44/><D6/><U81/><E124/><V14/><F14/><W59/><G59/><T5/><D5/><U120/><E120/><V23/><F23/><W73/><G73/><T100/><D15/><U19/><E19/><V106/><F106/><W70/><G70/><T11/><D11/><U108/><E33/><V77/><F77/><W47/><G75/><T22/><D34/><U79/><E38/><N who="2" m="21847" /><F127/><W60/><G72/><T113/><D99/><N who="1" m="59775" /><E29/><V86/><F116/><N who="0" m="44618" /><D113/><U115/><E115/><V49/><F86/><W80/><G114/><T107/><D107/><U89/><E79/><V39/><F109/><W18/><G111/><T66/><D66/><U8/><E108/><V90/><F39/><W12/><G10/><RYUUKYOKU ba="0,0" sc="180,30,157,-10,214,-10,449,-10" hai0="22,26,28,44,50,51,53,55,100,101" /><INIT seed="7,1,0,5,5,72" ten="210,147,204,439" oya="3" hai0="58,32,90,70,103,53,129,120,93,135,37,97,82" hai1="49,59,51,47,26,9,88,94,112,46,113,7,10" hai2="36,52,74,132,21,41,1,29,23,111,62,66,39" hai3="127,65,31,55,76,110,5,61,2,12,80,109,117"/><W77/><G2/><T22/><D32/><U56/><E7/><V104/><F1/><W57/><G31/><T45/><D70/><U107/><E94/><V6/><F104/><W99/><G99/><T128/><D135/><U63/><E63/><V64/><F74/><W125/><G80/><T11/><D120/><U85/><E85/><V101/><F101/><W84/><G84/><N who="0" m="50455" /><D11/><U105/><E26/><V126/><F111/><N who="3" m="42507" /><G117/><T106/><D22/><U124/><REACH who="1" step="1"/><E88/><REACH who="1" ten="210,137,204,439" step="2"/><V69/><F62/><N who="3" m="36159" /><G5/><T43/><D93/><U131/><E131/><V75/><F6/><W48/><G48/><T25/><D25/><U14/><E14/><V122/><F75/><W24/><G12/><T27/><D27/><U130/><E130/><V16/><F29/><W67/><G24/><T133/><D129/><U95/><E95/><V54/><F69/><N who="3" m="42159" /><G67/><T35/><D128/><U119/><E119/><V42/><F66/><W86/><G86/><T91/><D91/><U115/><E115/><V102/><F64/><W18/><G18/><T15/><D15/><U38/><E38/><V118/><F16/><W34/><G76/><T17/><D17/><U33/><E33/><V73/><F102/><W0/><G34/><T100/><D35/><U79/><E79/><V8/><F73/><W71/><G77/><T116/><D103/><U83/><E83/><V87/><F87/><W108/><G0/><T4/><D116/><U134/><E134/><V19/><F39/><W92/><G71/><T68/><D68/><U44/><E44/><V28/><F36/><W98/><G92/><T121/><D133/><RYUUKYOKU ba="1,1" sc="210,-10,137,30,204,-10,439,-10" hai1="9,10,46,47,49,51,56,59,105,107,112,113,124" owari="200,0.0,167,-33.0,194,-21.0,439,54.0" /></mjloggm>