<mjloggm ver="2.3"><GO type="169" lobby="0"/><UN n0="%72%76%70" n1="%4E%6E%31%33%34" n2="%E3%82%A6%E3%83%AB%E3%83%88%E3%83%A9%E7%AB%8B%E7%9B%B4" n3="%64%61%6E%6E%63%68%69" dan="16,16,16,16" rate="2149.20,2111.31,2099.31,2043.92" sx="M,M,M,M"/><TAIKYOKU oya="0"/><INIT seed="0,0,0,0,2,111" ten="250,250,250,250" oya="0" hai0="16,131,113,132,61,31,46,18,72,99,2,63,4" hai1="105,82,116,68,76,126,78,23,135,122,58,26,69" hai2="10,87,86,67,93,108,5,32,128,19,94,36,1" hai3="110,79,65,59,43,130,104,15,91,114,85,83,109"/><T115/><D72/><U89/><E122/><V25/><F36/><W73/><G43/><T6/><D131/><U124/><E116/><V97/><F108/><W84/><G130/><T44/><D31/><U35/><E35/><V49/><F128/><W45/><G104/><T37/><D37/><U90/><E105/><V52/><F67/><W129/><G129/><T121/><D99/><U95/><E135/><V7/><F7/><W53/><G73/><T92/><D92/><U33/><E33/><V77/><F77/><N who="1" m="29801" /><E58/><V64/><F64/><W60/><G114/><T8/><D132/><U21/><E82/><V119/><F119/><W117/><G117/><T118/><D118/><U88/><E95/><V41/><F94/><W71/><G45/><T17/><D121/><U75/><E75/><V66/><F66/><W102/><G109/><T39/><D39/><U133/><E133/><V14/><F1/><W20/><G65/><T100/><D100/><U62/><E62/><N who="0" m="23561" /><D8/><U38/><E38/><V29/><F41/><W51/><G102/><T127/><D2/><U125/><E26/><V112/><F112/><N who="0" m="43082" /><D127/><U47/><E47/><AGARI ba="0,0" hai="4,6,16,17,18,44,46,47" m="43082,23561" machi="47" ten="40,18000,2" yaku="28,2,52,3,54,1" doraHai="111" who="0" fromWho="1" sc="250,180,250,-180,250,0,250,0" /><INIT seed="0,1,0,1,1,23" ten="430,70,250,250" oya="0" hai0="22,80,120,2,18,119,78,26,118,21,66,72,70" hai1="129,128,8,71,121,109,130,33,43,85,62,75,123" hai2="15,48,11,40,99,124,41,111,73,132,55,81,105" hai3="126,27,79,45,56,9,98,57,63,102,94,113,116"/><T64/><D120/><N who="1" m="46155" /><E85/><V44/><F124/><W125/><G113/><T134/><D134/><U133/><E8/><V88/><F132/><W0/><G79/><T31/><D2/><U10/><E10/><V50/><F111/><W4/><G116/><T84/><D72/><U96/><E96/><V95/><F105/><W51/><G27/><T112/><D112/><U115/><E33/><V90/><F50/><W135/><G135/><T36/><D36/><U103/><E103/><V42/><F73/><W83/><G83/><T37/><D37/><U12/><E12/><V101/><REACH who="2" step="1"/><F81/><REACH who="2" ten="430,70,240,250" step="2"/><W60/><G60/><N who="0" m="40199" /><D80/><U59/><E75/><V35/><F35/><W104/><G104/><T74/><D118/><U13/><E133/><V38/><F38/><W82/><G82/><T54/><D74/><U30/><E115/><V92/><F92/><W69/><G125/><T5/><D119/><U110/><E109/><V131/><F131/><W61/><G61/><T107/><D78/><U28/><E110/><V1/><F1/><W20/><G126/><T39/><D107/><U6/><E43/><V106/><F106/><W25/><G94/><T91/><D39/><U46/><E46/><V19/><AGARI ba="1,1" hai="11,15,19,40,41,42,44,48,55,88,90,95,99,101" machi="19" ten="30,7900,0" yaku="1,1,0,1,8,1,54,1,53,0" doraHai="23" doraHaiUra="52" who="2" fromWho="2" sc="430,-40,70,-21,240,92,250,-21" /><INIT seed="1,0,0,4,4,32" ten="390,49,332,229" oya="1" hai0="121,5,124,9,56,22,3,78,114,7,89,96,17" hai1="12,50,23,49,81,107,113,84,95,37,39,76,28" hai2="31,15,58,71,123,127,45,53,97,18,21,42,112" hai3="109,64,118,61,8,30,103,54,102,43,125,65,105"/><U13/><E107/><V117/><F71/><W126/><G109/><T74/><D114/><U116/><E113/><V128/><F112/><W92/><G43/><T40/><D124/><N who="3" m="47721" /><G105/><T48/><D121/><U2/><E116/><V106/><F117/><W35/><G118/><T72/><D7/><U4/><E37/><V67/><F67/><W120/><G120/><T104/><D78/><U79/><E39/><V46/><F123/><W59/><G8/><T73/><D73/><U110/><E110/><V34/><F42/><W115/><G115/><T80/><D80/><U1/><E95/><V88/><F128/><W131/><G131/><T133/><D133/><U68/><E68/><V77/><F77/><W33/><G92/><T63/><D48/><U85/><E23/><V38/><F38/><W20/><G20/><T108/><D40/><U134/><E28/><V55/><F34/><N who="3" m="12811" /><G30/><T69/><D69/><U0/><E134/><V47/><F31/><W91/><G91/><T83/><D83/><U132/><E132/><V24/><F106/><W44/><G65/><N who="0" m="39143" /><D108/><U135/><E135/><V86/><F127/><W60/><G44/><T94/><D104/><U41/><E41/><V90/><F58/><AGARI ba="0,0" hai="54,58,59,60,61,64,102,103" m="12811,47721" machi="58" ten="30,1000,0" yaku="18,1" doraHai="32" who="3" fromWho="2" sc="390,0,49,0,332,-10,229,10" /><INIT seed="2,0,0,1,1,58" ten="390,49,322,239" oya="2" hai0="114,80,19,120,21,71,111,31,125,16,8,109,89" hai1="74,94,121,54,53,34,2,65,128,7,44,64,133" hai2="112,51,60,29,107,70,62,82,117,23,6,61,102" hai3="67,116,105,118,39,72,48,68,131,129,130,119,75"/><V11/><F112/><W79/><G105/><T15/><D114/><U90/><E74/><V135/><F117/><W124/><G39/><T18/><D120/><U110/><E34/><V87/><F135/><W132/><G132/><T45/><D71/><U57/><E133/><V91/><F70/><W123/><G79/><T4/><D125/><U28/><E28/><V47/><F107/><W100/><G100/><T77/><D89/><U122/><E7/><V13/><F102/><W41/><G124/><T99/><D99/><U76/><E76/><V50/><F47/><N who="3" m="25711" /><G123/><N who="1" m="47114" /><E2/><V46/><F46/><W86/><G86/><N who="0" m="48399" /><D45/><U97/><E110/><N who="0" m="41993" /><D31/><U73/><E73/><V98/><F98/><W40/><G40/><T115/><D115/><U35/><E128/><V106/><F106/><W33/><G33/><T25/><AGARI ba="0,0" hai="4,8,15,16,18,19,21,25" m="41993,48399" machi="25" ten="30,2000,0" yaku="14,1,54,1" doraHai="58" who="0" fromWho="0" sc="390,20,49,-5,322,-10,239,-5" /><INIT seed="3,0,0,4,0,2" ten="410,44,312,234" oya="3" hai0="18,129,99,63,132,113,105,47,62,108,49,107,127" hai1="116,135,37,91,90,16,24,131,27,120,50,10,66" hai2="36,97,87,38,125,82,20,70,32,53,45,128,31" hai3="93,75,111,65,54,55,89,112,51,58,94,6,14"/><W92/><G75/><T130/><D108/><U103/><E37/><V81/><F32/><W4/><G112/><T71/><D132/><U123/><E135/><V61/><F82/><W126/><G126/><T56/><D71/><U115/><E115/><V19/><F31/><W124/><G124/><T68/><D68/><U33/><E103/><V73/><F73/><W39/><G39/><T60/><D127/><U46/><E131/><N who="0" m="50185" /><D113/><U74/><E74/><V34/><F34/><W28/><G28/><T110/><D110/><U0/><E116/><V102/><F125/><W122/><G122/><T57/><D18/><U106/><E106/><N who="0" m="40457" /><D99/><U84/><E66/><V21/><F70/><W17/><G65/><T15/><D15/><U95/><E120/><V96/><F97/><W3/><G3/><T88/><D88/><U41/><E123/><V26/><F96/><W9/><G111/><T121/><D121/><U11/><E90/><V98/><F102/><W35/><G35/><T104/><D104/><U79/><E79/><V40/><F98/><W43/><G43/><AGARI ba="0,0" hai="43,47,49,56,57,60,62,63" m="40457,50185" machi="43" ten="40,1300,0" yaku="19,1" doraHai="2" who="0" fromWho="3" sc="410,13,44,0,312,0,234,-13" /><INIT seed="4,0,0,4,3,50" ten="423,44,312,221" oya="0" hai0="37,68,109,45,75,72,70,2,106,126,8,41,18" hai1="60,80,66,108,56,93,74,134,59,13,124,19,135" hai2="16,46,90,33,11,91,117,61,1,98,112,119,103" hai3="4,84,58,115,77,12,63,5,105,132,62,26,38"/><T78/><D126/><U85/><E108/><V101/><F33/><W127/><G38/><T24/><D109/><U32/><E124/><V104/><F112/><W107/><G115/><T94/><D94/><U42/><E32/><V125/><F125/><W118/><G118/><N who="2" m="45065" /><F103/><W110/><G132/><T96/><D24/><U64/><E42/><V128/><F128/><W36/><G36/><T129/><D18/><U95/><E74/><V7/><F46/><W31/><G63/><T34/><D34/><U10/><E135/><V69/><F16/><W57/><G57/><T40/><D40/><U86/><E134/><V111/><F111/><W47/><G47/><T15/><D15/><U113/><E113/><V54/><F54/><W81/><G110/><T82/><D75/><U35/><E35/><V55/><F55/><W87/><G12/><T73/><D73/><U76/><REACH who="1" step="1"/><E86/><REACH who="1" ten="423,34,312,221" step="2"/><V29/><F29/><W22/><G84/><T130/><D130/><U49/><E49/><V79/><F79/><W9/><G127/><T52/><D129/><U51/><E51/><V23/><F23/><W97/><G22/><T0/><D72/><U39/><E39/><V89/><F61/><AGARI ba="0,1" hai="10,13,19,56,59,60,61,64,66,76,80,85,93,95" machi="61" ten="40,8000,1" yaku="1,1,9,1,8,1,53,2" doraHai="50" doraHaiUra="53" who="1" fromWho="2" sc="423,0,34,90,312,-80,221,0" /><INIT seed="5,0,0,2,0,36" ten="423,124,232,221" oya="1" hai0="45,50,27,113,63,18,44,6,39,80,73,55,62" hai1="93,132,31,57,89,94,117,61,87,9,33,114,129" hai2="24,110,0,12,69,42,23,79,64,85,84,101,102" hai3="71,51,82,92,119,76,4,8,86,32,98,72,48"/><U14/><E117/><V128/><F0/><W17/><G71/><T130/><D113/><U123/><E123/><V133/><F110/><W13/><G32/><T34/><D130/><U54/><E132/><V59/><F69/><W10/><G72/><T37/><D6/><U105/><E105/><V70/><F70/><W77/><G77/><T40/><D39/><U3/><E114/><V118/><F118/><W90/><REACH who="3" step="1"/><G119/><REACH who="3" ten="423,124,232,211" step="2"/><T96/><D73/><U127/><E129/><V103/><F79/><W20/><G20/><T91/><D34/><U116/><E116/><V83/><F128/><W15/><AGARI ba="0,1" hai="4,8,10,13,15,17,48,51,76,82,86,90,92,98" machi="15" ten="20,5200,0" yaku="1,1,0,1,7,1,8,1,53,0" doraHai="36" doraHaiUra="100" who="3" fromWho="3" sc="423,-13,124,-26,232,-13,211,62" /><INIT seed="6,0,0,5,3,122" ten="410,98,219,273" oya="2" hai0="124,45,59,18,87,47,129,83,130,69,0,42,135" hai1="75,112,46,7,71,49,123,76,120,53,91,79,70" hai2="68,43,90,66,20,77,99,10,11,29,81,119,61" hai3="39,17,106,38,55,14,103,89,62,25,132,35,48"/><V118/><F43/><W102/><G62/><T52/><D69/><U113/><E7/><V40/><F40/><W72/><G72/><T5/><D135/><U107/><E107/><V82/><F29/><W64/><G64/><T78/><D124/><U3/><E3/><V73/><F20/><W33/><G89/><T92/><D18/><U50/><E75/><V65/><F65/><W98/><G102/><T114/><D114/><N who="1" m="44139" /><E91/><V31/><F31/><W12/><G12/><T32/><D32/><U94/><E94/><V108/><F11/><W44/><G132/><T117/><D52/><N who="1" m="29751" /><E79/><V126/><F10/><W15/><G15/><T100/><D59/><N who="1" m="33207" /><E76/><V110/><F126/><W109/><G33/><T131/><D117/><U115/><N who="1" m="44147" /><U28/><DORA hai="101" /><E28/><V85/><F99/><W6/><G35/><T111/><D5/><U41/><E41/><V93/><F93/><W105/><G105/><T80/><D42/><U13/><E13/><V22/><F22/><W67/><G98/><N who="0" m="59463" /><D0/><U8/><E8/><V34/><F34/><W26/><G106/><T84/><D83/><U54/><E54/><V86/><F73/><W125/><G55/><T133/><D133/><U60/><E60/><V9/><F9/><W97/><G97/><T1/><D1/><U57/><E57/><V2/><F2/><W121/><G6/><T36/><D80/><U74/><E74/><V128/><F119/><W96/><G96/><T56/><D56/><U104/><E104/><V21/><F118/><W19/><G14/><T30/><D84/><U134/><E134/><V23/><F86/><RYUUKYOKU ba="0,0" sc="410,-10,98,30,219,-10,273,-10" hai1="70,71,120,123" /><INIT seed="7,1,0,4,3,0" ten="400,128,209,263" oya="3" hai0="1,63,43,83,87,56,58,114,51,116,100,64,62" hai1="74,16,23,118,109,128,25,6,72,12,33,54,124" hai2="45,86,61,2,80,107,31,85,111,122,22,131,19" hai3="65,134,46,9,93,47,44,67,123,55,57,50,92"/><W53/><G123/><T135/><D116/><U108/><E72/><V133/><F107/><W13/><G134/><T8/><D135/><U130/><E74/><V97/><F133/><W17/><REACH who="3" step="1"/><G55/><REACH who="3" ten="400,128,209,253" step="2"/><T132/><D132/><U106/><E54/><V40/><F122/><W78/><G78/><T28/><D114/><U49/><E49/><V119/><F119/><W95/><AGARI ba="1,1" hai="9,13,17,44,46,47,50,53,57,65,67,92,93,95" machi="95" ten="30,6000,0" yaku="1,1,0,1,8,1,53,0" doraHai="0" doraHaiUra="18" who="3" fromWho="3" sc="400,-21,128,-21,209,-21,253,73" /><INIT seed="7,2,0,5,3,62" ten="379,107,188,326" oya="3" hai0="32,108,125,116,44,86,37,23,50,6,101,41,72" hai1="110,119,129,74,0,134,113,64,28,90,48,94,92" hai2="88,51,1,109,38,115,114,30,103,69,120,22,102" hai3="40,21,47,132,46,70,24,13,91,135,131,93,117"/><W121/><G70/><T42/><D108/><U73/><E110/><V81/><F38/><W2/><G117/><T19/><D32/><U95/><E0/><V12/><F1/><W67/><G2/><T5/><D116/><U133/><E119/><V80/><F69/><W54/><G121/><T75/><D101/><N who="2" m="38410" /><F109/><W118/><G118/><T130/><D125/><U61/><E113/><N who="2" m="43019" /><F120/><W85/><G13/><T122/><D122/><U83/><E129/><V98/><F51/><W8/><G131/><T89/><D130/><U7/><E7/><N who="0" m="2569" /><D72/><U100/><E28/><V39/><F39/><W65/><G8/><T128/><D75/><U58/><E100/><V111/><F111/><W82/><G54/><N who="0" m="30023" /><D37/><U33/><E33/><V17/><F30/><N who="3" m="17679" /><G82/><N who="0" m="49367" /><D128/><U112/><E112/><V59/><F59/><W97/><G97/><T78/><D78/><U99/><E73/><V34/><F34/><W43/><G46/><T27/><AGARI ba="2,0" hai="19,23,27,41,42" m="49367,30023,2569" machi="27" ten="30,1100,0" yaku="8,1" doraHai="62" who="0" fromWho="0" sc="379,17,107,-5,188,-5,326,-7" owari="396,50.0,102,-40.0,183,-22.0,319,12.0" /></mjloggm>