<mjloggm ver="2.3"><GO type="97" lobby="0"/><UN n0="%E3%82%89%E3%82%8A%E3%81%8F%E3%81%BE" n1="%E6%9D%B1%E8%A5%BF%E5%8D%97%E5%8C%97" n2="%4C%61%79%6C%61" n3="%E5%B0%B1%E6%B4%BB%E7%94%9F%40%E5%B7%9D%E6%9D%91%E8%BB%8D%E5%9B%A3" dan="15,14,14,15" rate="1952.95,1985.98,1848.22,1996.25" sx="M,M,M,M"/><TAIKYOKU oya="0"/><INIT seed="0,0,0,3,3,52" ten="250,250,250,250" oya="0" hai0="4,47,135,39,105,53,63,100,43,122,90,112,99" hai1="79,114,48,22,7,89,51,85,3,30,103,76,21" hai2="110,84,42,28,67,59,23,29,134,95,117,75,62" hai3="116,14,92,128,121,65,55,68,13,54,27,119,1"/><T115/><D135/><U24/><E114/><V17/><F75/><W77/><G1/><T94/><D122/><U106/><E22/><V120/><F110/><W32/><G121/><T20/><D4/><U83/><E106/><V104/><F104/><W26/><G77/><T113/><D20/><U36/><E36/><V31/><F134/><W86/><G128/><T10/><D10/><U111/><E111/><V98/><F42/><W56/><G68/><T38/><D38/><U66/><E103/><V5/><F5/><W12/><G65/><T80/><D80/><U33/><E33/><V107/><F107/><W19/><G55/><T108/><D108/><U132/><E132/><V82/><F117/><W72/><G72/><T35/><D35/><U45/><E66/><V81/><F84/><W16/><G32/><T25/><D25/><N who="3" m="9225" /><G119/><T18/><D53/><U88/><E76/><V129/><F129/><W101/><G116/><T71/><D71/><U60/><E60/><V0/><F0/><W15/><N who="3" m="3584" /><DORA hai="109" /><W87/><G101/><T133/><D63/><U6/><E3/><V11/><F11/><W61/><G87/><T41/><D133/><U2/><E2/><V50/><F50/><N who="1" m="18985" /><E45/><V74/><F74/><W8/><G8/><T93/><D41/><U126/><E126/><V96/><F120/><W78/><G78/><T34/><D34/><U57/><E79/><V102/><F98/><W97/><G97/><N who="0" m="57527" /><D105/><U70/><E70/><V44/><F44/><W64/><G64/><T9/><D115/><U73/><E89/><AGARI ba="0,0" hai="16,19,54,56,61,86,89,92" m="3584,9225" machi="89" ten="40,5200,0" yaku="8,1,52,1,54,1" doraHai="52,109" who="3" fromWho="1" sc="250,0,250,-52,250,0,250,52" /><INIT seed="1,0,0,0,3,133" ten="250,198,250,302" oya="1" hai0="47,1,97,103,67,105,117,73,111,41,69,30,94" hai1="130,72,14,57,87,27,91,50,118,31,132,131,43" hai2="40,102,112,98,79,65,23,96,17,116,11,126,62" hai3="29,48,52,13,51,89,63,21,92,114,93,127,125"/><U5/><E118/><V78/><F116/><W80/><G114/><T6/><D73/><U82/><E132/><V120/><F120/><W123/><G80/><T109/><D30/><U55/><E72/><V2/><F112/><W24/><G13/><T36/><D94/><U28/><E43/><V121/><F121/><W71/><G92/><T85/><D85/><U58/><E58/><V75/><F40/><W113/><G113/><T90/><D90/><U54/><E54/><V61/><F75/><W122/><G122/><T101/><D101/><U60/><E60/><V25/><F62/><W76/><G76/><T49/><D49/><U100/><E100/><V7/><F98/><N who="3" m="57647" /><G71/><T12/><D12/><U77/><E91/><V42/><F42/><W4/><G4/><T107/><D107/><U115/><E115/><V135/><F135/><W19/><G29/><T84/><D84/><U124/><E27/><V81/><F81/><W39/><G39/><T66/><D66/><U35/><E35/><V64/><F64/><W15/><G15/><T83/><D83/><U108/><E108/><V45/><F45/><W18/><G123/><T95/><D95/><U59/><E59/><V10/><F10/><W53/><G19/><T44/><D44/><U119/><E119/><V134/><F134/><W106/><G106/><T20/><D20/><U56/><E56/><N who="2" m="37031" /><F79/><W32/><G32/><T88/><D117/><U9/><E31/><V129/><F78/><W46/><G63/><N who="0" m="40191" /><D88/><U86/><E28/><V16/><F129/><N who="1" m="49161" /><E87/><V70/><F70/><W37/><G37/><T110/><D111/><RYUUKYOKU ba="0,0" sc="250,10,198,10,250,-30,302,10" hai0="1,6,36,41,47,97,103,105,109,110" hai1="5,9,14,50,55,57,77,82,86,124" hai3="18,21,24,46,48,51,52,53,125,127" /><INIT seed="1,1,0,2,0,66" ten="260,208,220,312" oya="1" hai0="8,4,109,76,70,50,102,108,127,52,40,86,30" hai1="64,33,36,98,53,105,51,14,58,9,32,41,124" hai2="11,68,6,38,20,79,49,129,47,117,10,101,16" hai3="112,95,115,128,133,59,118,21,104,31,12,125,55"/><U61/><E124/><V1/><F117/><W0/><G104/><T87/><D40/><U100/><E41/><V63/><F38/><W111/><G0/><N who="0" m="7" /><D102/><U44/><REACH who="1" step="1"/><E36/><REACH who="1" ten="260,198,220,312" step="2"/><V39/><F39/><W92/><G125/><T56/><D127/><U67/><E67/><V83/><F129/><W90/><G128/><T110/><D108/><U122/><E122/><V82/><F1/><W46/><G111/><T135/><D109/><U88/><E88/><V72/><F79/><W114/><G118/><T42/><D110/><U116/><E116/><V97/><F101/><W62/><G115/><T85/><D42/><U26/><E26/><V24/><F24/><W57/><G114/><T19/><D76/><U29/><E29/><V120/><F120/><W22/><G112/><T74/><D30/><U77/><E77/><V132/><F132/><W23/><G90/><T28/><D135/><U60/><E60/><V43/><F63/><W99/><G31/><T123/><D28/><U71/><E71/><V113/><F68/><W131/><G131/><T75/><D70/><U37/><E37/><V89/><F43/><W134/><G62/><T45/><D123/><U17/><AGARI ba="1,1" hai="9,14,17,32,33,44,51,53,58,61,64,98,100,105" machi="17" ten="20,3900,0" yaku="1,1,0,1,7,1,53,0" doraHai="66" doraHaiUra="2" who="1" fromWho="1" sc="260,-14,198,52,220,-14,312,-14" /><INIT seed="1,2,0,4,5,82" ten="246,250,206,298" oya="1" hai0="84,5,21,129,122,33,24,88,50,0,118,52,2" hai1="124,51,102,92,123,74,28,128,134,1,94,13,40" hai2="67,30,53,47,79,72,81,58,69,4,64,103,91" hai3="98,7,120,26,62,125,96,10,63,105,49,36,119"/><U78/><E123/><V8/><F69/><W31/><G36/><T106/><D106/><U41/><E1/><V3/><F103/><W46/><G120/><T6/><D33/><U111/><E128/><V126/><F126/><W11/><G119/><T93/><D118/><U16/><E124/><V131/><F131/><W104/><G125/><T112/><D112/><U110/><E134/><V23/><F47/><W99/><G105/><T108/><D108/><N who="1" m="41515" /><E28/><V25/><REACH who="2" step="1"/><F91/><REACH who="2" ten="246,250,196,298" step="2"/><W12/><G104/><T116/><D129/><U127/><E127/><V87/><F87/><W9/><G7/><T70/><D70/><U130/><E102/><V18/><F18/><W77/><G77/><T15/><D116/><U101/><E101/><V56/><F56/><W95/><G46/><T100/><D100/><U117/><E130/><V114/><F114/><W44/><G44/><T39/><D122/><U27/><E117/><V35/><F35/><W107/><G107/><T61/><D5/><U80/><E78/><V57/><F57/><W43/><G43/><T73/><D73/><U113/><E41/><V14/><F14/><W115/><G12/><T38/><D2/><U19/><E13/><V34/><F34/><W59/><G115/><T20/><D0/><U45/><E113/><V85/><F85/><W71/><G71/><T60/><D6/><U76/><E19/><V90/><F90/><W55/><G59/><N who="0" m="33175" /><D39/><U75/><E74/><V68/><F68/><W66/><G26/><T42/><D42/><U48/><E51/><AGARI ba="2,1" hai="3,4,8,23,25,30,51,53,58,64,67,72,79,81" machi="51" ten="30,2000,0" yaku="1,1,7,1,53,0" doraHai="82" doraHaiUra="37" who="2" fromWho="1" sc="246,0,250,-26,196,36,298,0" /><INIT seed="2,0,0,5,0,85" ten="246,224,232,298" oya="2" hai0="118,13,65,119,59,5,35,102,37,81,16,10,8" hai1="58,45,63,135,27,14,104,124,6,24,98,41,55" hai2="113,101,50,33,30,122,112,56,47,52,97,2,92" hai3="89,19,32,70,61,75,21,86,105,1,117,76,125"/><V88/><F2/><W128/><G117/><N who="0" m="44555" /><D37/><U106/><E124/><V9/><F122/><W48/><G32/><T84/><D102/><U29/><E135/><V34/><F9/><W127/><G105/><T130/><D35/><U121/><E121/><V123/><F123/><W79/><G1/><N who="0" m="47" /><D130/><U17/><E6/><V120/><F120/><W53/><G128/><T132/><D59/><U115/><E115/><V90/><F34/><W39/><G39/><T26/><D26/><U12/><E24/><V20/><F33/><W107/><G107/><T116/><N who="0" m="44563" /><T11/><DORA hai="103" /><D65/><U54/><E98/><V126/><F126/><N who="3" m="48139" /><G75/><T83/><D132/><U4/><E55/><N who="2" m="30175" /><F113/><W38/><G38/><T7/><D84/><U77/><E77/><V42/><F42/><W133/><G133/><T80/><D80/><U23/><E4/><V22/><F112/><W99/><G99/><T18/><D18/><U3/><E3/><AGARI ba="0,0" hai="3,7,10,11,13,16,81,83" m="47,44563" machi="3" ten="40,2600,0" yaku="12,1,54,1" doraHai="85,103" who="0" fromWho="1" sc="246,26,224,-26,232,0,298,0" /><INIT seed="3,0,0,1,5,60" ten="272,198,232,298" oya="3" hai0="27,47,124,131,20,5,114,62,31,83,49,103,72" hai1="96,14,42,73,6,53,64,89,98,66,95,67,28" hai2="111,51,55,29,35,58,36,12,32,26,75,91,9" hai3="39,100,116,107,80,120,105,37,135,23,127,4,10"/><W24/><G120/><T126/><D103/><U132/><E73/><V113/><F36/><W43/><G116/><T86/><D72/><U8/><E132/><V1/><F111/><W34/><G34/><T108/><D108/><U38/><E28/><V40/><F40/><W65/><G135/><T16/><D5/><U90/><E53/><V101/><F101/><W13/><G127/><T81/><D131/><U122/><E122/><V46/><F75/><W11/><G11/><T99/><D99/><U56/><E42/><V45/><F35/><W77/><G65/><T110/><D110/><U117/><E117/><V123/><F113/><W69/><G69/><T2/><D2/><U44/><E44/><V115/><F115/><W21/><G21/><T63/><D114/><U0/><E0/><V68/><F68/><W109/><G109/><T33/><D83/><U71/><E38/><V54/><F123/><W87/><G100/><T106/><D106/><U118/><E71/><V82/><F55/><W79/><G79/><T119/><D119/><U78/><E78/><V93/><F82/><W84/><G84/><T61/><D33/><U57/><E118/><V15/><F1/><W74/><G74/><T22/><D126/><U102/><E102/><V88/><F91/><W104/><G43/><T129/><D129/><U128/><E128/><V25/><F25/><W70/><G70/><T85/><D124/><U97/><E90/><V94/><F15/><W76/><G76/><T30/><D30/><U59/><AGARI ba="0,0" hai="6,8,14,56,57,59,64,66,67,89,95,96,97,98" machi="59" ten="30,8000,1" yaku="0,1,8,1,52,3" doraHai="60" who="1" fromWho="1" sc="272,-20,198,80,232,-20,298,-40" /><INIT seed="4,0,0,0,4,79" ten="252,278,212,258" oya="0" hai0="67,123,48,126,40,88,49,84,56,95,41,47,98" hai1="16,115,105,70,96,54,10,37,73,114,43,130,104" hai2="28,118,72,33,7,19,74,22,61,124,108,23,134" hai3="99,12,9,83,92,77,64,94,44,65,127,27,135"/><T60/><D126/><U102/><E130/><V116/><F108/><W2/><G127/><T125/><D125/><U106/><E70/><V129/><F124/><W29/><G135/><T38/><D123/><U55/><E73/><N who="2" m="28267" /><F7/><W18/><G2/><T81/><REACH who="0" step="1"/><D41/><REACH who="0" ten="242,278,212,258" step="2"/><U82/><E43/><V17/><F134/><W66/><G44/><T62/><D62/><U86/><E114/><V39/><F39/><W112/><G112/><T103/><AGARI ba="0,1" hai="38,40,47,48,49,56,60,67,81,84,88,95,98,103" machi="103" ten="20,12000,1" yaku="1,1,0,1,7,1,52,1,54,1,53,0" doraHai="79" doraHaiUra="32" who="0" fromWho="0" sc="242,130,278,-40,212,-40,258,-40" owari="372,47.0,238,4.0,172,-33.0,218,-18.0" /></mjloggm>