<mjloggm ver="2.3"><GO type="169" lobby="0"/><UN n0="%E7%89%8C%E3%81%AE%E9%9F%B3%E8%89%B2" n1="%E3%81%82%E3%81%84%E3%81%A0%E3%81%A6" n2="%E3%82%A6%E3%83%AB%E3%83%88%E3%83%A9%E7%AB%8B%E7%9B%B4" n3="%E9%BA%BB%E7%94%9F%E9%9B%80%E5%AD%90" dan="16,16,17,17" rate="2035.65,2139.86,2123.00,2247.84" sx="M,M,M,F"/><TAIKYOKU oya="0"/><INIT seed="0,0,0,5,1,12" ten="250,250,250,250" oya="0" hai0="66,120,43,71,21,94,41,99,64,4,59,108,31" hai1="106,13,0,19,33,107,63,42,112,75,84,35,98" hai2="67,2,130,49,93,23,70,22,126,58,79,80,102" hai3="103,27,82,3,117,15,121,6,101,25,1,116,72"/><T10/><D120/><U110/><E110/><V34/><F34/><W69/><G69/><T39/><D71/><U122/><E75/><V113/><F2/><W129/><G72/><T65/><D108/><U55/><E0/><V20/><F126/><W90/><G121/><T57/><D39/><U53/><E42/><N who="0" m="15881" /><D10/><U105/><E112/><V56/><F130/><W29/><G129/><T40/><N who="0" m="15889" /><T28/><DORA hai="114" /><D21/><U111/><E111/><V51/><F113/><W44/><G44/><T73/><D4/><U61/><E98/><V132/><F132/><W131/><G131/><T7/><D7/><U88/><E33/><V96/><F70/><W97/><G3/><T26/><D26/><U50/><E53/><V100/><F100/><W89/><G1/><T109/><D73/><U78/><E35/><V91/><F102/><W86/><G15/><T119/><D119/><U36/><E36/><V30/><F30/><N who="0" m="11306" /><D109/><U32/><E32/><V8/><F8/><W5/><G29/><T85/><D85/><U133/><E133/><V60/><F58/><W135/><G86/><AGARI ba="0,0" hai="20,22,23,49,51,56,60,67,79,80,86,91,93,96" machi="86" ten="40,1300,0" yaku="8,1" doraHai="12,114" who="2" fromWho="3" sc="250,0,250,0,250,13,250,-13" /><INIT seed="1,0,0,0,5,80" ten="250,250,263,237" oya="1" hai0="111,37,78,41,64,10,88,61,14,18,73,120,101" hai1="24,6,9,68,54,19,32,125,110,97,11,15,77" hai2="51,133,63,124,98,91,108,8,128,117,121,42,85" hai3="36,127,123,20,21,75,105,40,94,45,76,3,106"/><U67/><E68/><V39/><F117/><W134/><G123/><T57/><D120/><U129/><E67/><V4/><F121/><W35/><G35/><T43/><D111/><U90/><E125/><V7/><F39/><W104/><G127/><T118/><D118/><U71/><E71/><V23/><F108/><W132/><G94/><T66/><D37/><U102/><E110/><V5/><F124/><W34/><G34/><T53/><D101/><U116/><E77/><V65/><F128/><W109/><G3/><T93/><D78/><U33/><E129/><V131/><F131/><W30/><G109/><T99/><REACH who="0" step="1"/><D73/><REACH who="0" ten="240,250,263,237" step="2"/><U96/><E102/><V82/><F133/><N who="3" m="51307" /><G30/><T60/><D60/><U50/><E116/><V25/><F63/><W70/><G70/><T49/><D49/><U17/><E32/><V52/><F65/><AGARI ba="0,1" hai="10,14,18,41,43,53,57,61,64,65,66,88,93,99" machi="65" ten="40,5200,0" yaku="1,1,8,1,54,1,53,0" doraHai="80" doraHaiUra="0" who="0" fromWho="2" sc="240,62,250,0,263,-52,237,0" /><INIT seed="2,0,0,2,1,40" ten="302,250,211,237" oya="2" hai0="99,78,24,28,127,12,19,70,7,103,51,86,90" hai1="82,94,98,10,92,131,77,97,84,121,71,49,105" hai2="32,53,30,35,129,59,34,5,2,8,21,14,67" hai3="119,72,20,96,128,76,118,120,31,111,38,102,112"/><V68/><F129/><W43/><G128/><T107/><D70/><U1/><E71/><V22/><F67/><W62/><G62/><T64/><D64/><U85/><E131/><V3/><F68/><W37/><G120/><T122/><D127/><U109/><E1/><V46/><F59/><W42/><G111/><T26/><D7/><U93/><E10/><V23/><F53/><W132/><G20/><N who="2" m="7785" /><F46/><N who="3" m="23887" /><G31/><T48/><D122/><U29/><E109/><V52/><F52/><W54/><G54/><T44/><D28/><U36/><E36/><V124/><F124/><W115/><G132/><T104/><D104/><U45/><E45/><V58/><F58/><W33/><G33/><N who="2" m="8449" /><V89/><DORA hai="74" /><F89/><W95/><G76/><T81/><D48/><U110/><E49/><V87/><F87/><N who="1" m="33353" /><E29/><V41/><F41/><W80/><G80/><T101/><D90/><N who="1" m="55447" /><E110/><V65/><F65/><W11/><G11/><T18/><D51/><U133/><E133/><V25/><AGARI ba="0,0" hai="2,3,5,8,14,23,25,30" m="8449,7785" machi="25" ten="50,12000,1" yaku="35,5" doraHai="40,74" who="2" fromWho="2" sc="302,-40,250,-40,211,120,237,-40" /><INIT seed="2,1,0,2,1,38" ten="262,210,331,197" oya="2" hai0="132,44,15,100,64,85,45,41,86,109,10,125,12" hai1="123,20,110,128,60,76,134,102,11,53,63,106,13" hai2="113,3,94,108,66,5,81,69,14,18,104,114,95" hai3="61,43,111,65,50,40,55,8,58,130,71,68,4"/><V101/><F3/><W131/><G111/><T48/><D109/><U24/><E110/><V33/><F5/><W99/><G99/><T37/><D125/><U115/><E128/><N who="3" m="49194" /><G8/><T46/><D132/><U82/><E134/><V26/><F108/><W9/><G9/><T126/><D126/><U31/><E115/><V127/><F127/><W89/><G89/><T135/><D135/><U19/><E123/><V39/><F39/><W87/><G87/><T120/><D120/><U88/><E102/><V6/><F81/><W51/><G4/><T92/><D64/><U54/><E106/><V133/><F95/><W56/><G50/><T32/><D32/><U70/><E70/><AGARI ba="1,0" hai="40,43,51,55,56,58,61,65,68,70,71" m="49194" machi="70" ten="30,8000,1" yaku="19,1,34,2,52,2" doraHai="38" who="3" fromWho="1" sc="262,0,210,-83,331,0,197,83" /><INIT seed="3,0,0,3,0,58" ten="262,127,331,280" oya="3" hai0="23,84,39,89,29,100,123,99,57,18,32,59,127" hai1="92,107,33,102,67,129,43,80,44,101,87,111,34" hai2="91,74,76,85,35,125,9,97,71,119,115,15,82" hai3="121,56,14,52,113,94,5,117,78,55,110,130,36"/><W13/><G117/><T134/><D39/><U83/><E111/><V20/><F35/><W42/><G113/><T11/><D134/><U47/><E129/><V103/><F125/><W24/><G121/><T69/><D69/><U28/><E107/><V30/><F71/><W88/><G130/><T109/><D109/><U21/><E92/><V7/><F115/><W116/><G116/><T27/><D127/><U50/><E67/><V37/><F37/><W124/><G124/><T128/><D128/><U68/><E68/><V133/><F133/><W131/><G131/><T54/><D123/><U31/><E43/><V135/><F135/><W40/><G78/><T41/><D41/><N who="3" m="15977" /><G36/><T6/><D54/><U26/><E87/><V93/><F119/><W64/><G24/><T49/><D49/><U48/><REACH who="1" step="1"/><E26/><REACH who="1" ten="262,117,331,280" step="2"/><N who="2" m="16711" /><F74/><W51/><G110/><T72/><D72/><U106/><E106/><V126/><F126/><W132/><G132/><T120/><D120/><U4/><E4/><V65/><F65/><W8/><G64/><T53/><D6/><U25/><E25/><V96/><F96/><N who="3" m="57415" /><G55/><T38/><D53/><U1/><E1/><V10/><F97/><W61/><G13/><T86/><D27/><U45/><E45/><V114/><F114/><W66/><G66/><T70/><D70/><U105/><E105/><V46/><F46/><W108/><G108/><T118/><D118/><U62/><E62/><AGARI ba="0,1" hai="5,8,14,51,52,56,61,62" m="57415,15977" machi="62" ten="30,12000,1" yaku="8,1,52,2,54,2" doraHai="58" who="3" fromWho="1" sc="262,0,117,-120,331,0,280,130" owari="262,-14.0,-3,-50.0,331,13.0,410,51.0" /></mjloggm>