<mjloggm ver="2.3"><GO type="97" lobby="0"/><UN n0="%E3%82%8B%E3%82%93%28%6A%61%6D%29" n1="%E5%98%98%E3%81%AF%E7%BD%AA" n2="%E3%81%8D%E3%82%8A%E3%81%B5%E3%81%A0" n3="%E5%B0%B1%E6%B4%BB%E7%94%9F%40%E5%B7%9D%E6%9D%91%E8%BB%8D%E5%9B%A3" dan="13,14,15,15" rate="1903.20,1945.70,2060.26,2085.46" sx="M,M,M,M"/><TAIKYOKU oya="0"/><INIT seed="0,0,0,0,5,23" ten="250,250,250,250" oya="0" hai0="126,113,32,83,73,48,29,54,66,87,60,93,132" hai1="61,3,114,102,24,20,134,51,90,80,64,52,59" hai2="67,110,55,127,72,44,65,124,85,13,71,11,41" hai3="115,16,105,109,92,5,36,120,99,19,131,70,116"/><T98/><D113/><U91/><E134/><V63/><F72/><W74/><RYUUKYOKU type="yao9" ba="0,0" sc="250,0,250,0,250,0,250,0" hai3="5,16,19,36,70,74,92,99,105,109,115,116,120,131" /><INIT seed="0,1,0,1,1,49" ten="250,250,250,250" oya="0" hai0="80,51,63,46,71,135,111,73,33,121,84,30,57" hai1="132,117,66,88,50,32,82,31,91,94,41,43,109" hai2="92,16,6,126,100,101,131,123,98,68,59,90,56" hai3="8,85,23,107,14,97,124,11,119,114,1,37,102"/><T76/><D121/><U72/><E117/><V67/><F123/><W42/><G119/><T40/><D135/><U108/><E132/><V129/><F6/><W133/><G114/><T105/><D105/><U78/><E66/><V89/><F126/><W19/><G124/><T120/><D120/><U62/><E62/><V83/><F68/><W0/><G133/><T58/><D111/><N who="1" m="42571" /><E91/><V20/><F131/><W118/><G118/><T116/><D116/><U7/><E7/><V24/><F129/><W3/><G42/><T104/><D104/><U93/><E94/><V2/><F2/><W55/><G37/><T70/><D63/><U53/><E31/><V99/><F67/><W5/><G85/><T127/><D127/><U79/><E78/><V122/><F122/><W27/><G8/><T130/><D76/><U38/><E32/><V75/><F75/><W134/><G134/><T17/><D33/><U12/><E12/><V18/><F83/><W10/><G10/><T45/><D73/><U87/><E38/><V39/><F39/><W110/><G110/><T28/><D130/><U9/><E9/><V74/><F74/><W125/><G125/><T113/><D113/><U61/><E61/><V96/><F92/><W64/><G64/><T21/><D80/><U81/><E82/><V95/><F95/><W106/><G106/><T54/><D71/><U60/><E60/><V25/><F99/><W15/><G15/><N who="0" m="9407" /><D70/><U112/><E112/><V86/><F20/><W77/><G77/><T22/><D22/><U65/><E65/><V26/><F26/><W48/><G27/><RYUUKYOKU ba="1,0" sc="250,-30,250,10,250,10,250,10" hai1="41,43,50,53,72,79,81,87,88,93" hai2="16,18,24,25,56,59,86,89,90,96,98,100,101" hai3="0,1,3,5,11,14,19,23,48,55,97,102,107" /><INIT seed="1,2,0,2,2,37" ten="220,260,260,260" oya="1" hai0="100,20,80,17,45,95,116,119,65,82,70,91,4" hai1="74,90,40,42,2,87,67,33,126,54,44,106,84" hai2="43,112,85,117,26,6,39,108,21,56,83,76,66" hai3="46,49,130,48,98,134,79,59,96,63,88,0,31"/><U53/><E33/><V23/><F117/><W8/><G130/><T94/><D116/><U71/><E2/><V32/><F108/><W132/><G79/><T25/><D119/><U123/><E123/><V29/><F112/><W30/><G0/><T109/><D109/><U18/><E106/><V36/><F36/><W62/><G8/><T86/><D4/><U102/><E102/><V50/><F6/><W47/><REACH who="3" step="1"/><G59/><REACH who="3" ten="220,260,260,250" step="2"/><T131/><D131/><U110/><E110/><V115/><F115/><W125/><G125/><T69/><D70/><U22/><E126/><V99/><F76/><W113/><G113/><T104/><D69/><U57/><E71/><V78/><F32/><W81/><G81/><T11/><D80/><U60/><E74/><V72/><F72/><W28/><G28/><T51/><D11/><U14/><E87/><V77/><F77/><W12/><G12/><T129/><D86/><U7/><E7/><V9/><F85/><W38/><G38/><T61/><D129/><U107/><E107/><V101/><F39/><W27/><G27/><T127/><D25/><U75/><E75/><V41/><F26/><W34/><G34/><T16/><D104/><U19/><E18/><V35/><F83/><W73/><G73/><T89/><D82/><N who="1" m="49431" /><E67/><V55/><F66/><W10/><G10/><T133/><D65/><U120/><E120/><V15/><F9/><W135/><G135/><T111/><D133/><U103/><E103/><V122/><F101/><W58/><G58/><T13/><D111/><U52/><E44/><V128/><F122/><W97/><G97/><RYUUKYOKU ba="2,1" sc="220,-15,260,15,260,-15,250,15" hai1="14,19,22,40,42,52,53,54,57,60" hai3="30,31,46,47,48,49,62,63,88,96,98,132,134" /><INIT seed="1,3,1,3,3,57" ten="205,275,245,265" oya="1" hai0="128,37,127,89,67,65,68,41,7,42,133,69,87" hai1="12,13,47,114,52,27,16,24,40,113,10,21,123" hai2="126,28,46,100,83,4,58,110,32,17,78,103,129" hai3="101,43,8,96,53,131,25,77,64,5,80,66,93"/><U33/><E123/><V56/><F4/><W135/><G135/><T6/><D133/><U132/><E132/><V35/><F110/><W26/><G131/><T124/><D37/><U92/><E33/><V23/><F129/><W45/><G53/><T74/><D74/><U105/><E105/><V29/><F126/><N who="0" m="48170" /><D87/><U48/><E27/><V18/><F46/><W49/><G26/><T59/><D128/><U55/><E13/><V86/><F86/><N who="3" m="48399" /><G25/><T3/><D89/><U19/><REACH who="1" step="1"/><E92/><REACH who="1" ten="205,265,245,265" step="2"/><V120/><F120/><W9/><G9/><T72/><D3/><U109/><E109/><V134/><F134/><W104/><G104/><T79/><D72/><U22/><E22/><V44/><F23/><W106/><G106/><T116/><D116/><U62/><E62/><V130/><F130/><W107/><G107/><T60/><D60/><U95/><E95/><V121/><F121/><W94/><G93/><T54/><D41/><U84/><E84/><V71/><F35/><W2/><G2/><T73/><D42/><U118/><E118/><V1/><F32/><W82/><G8/><T36/><D73/><U63/><E63/><V70/><F1/><W111/><G111/><T20/><D20/><U85/><E85/><V122/><F122/><W34/><G34/><T102/><D79/><U90/><E90/><V99/><F78/><W15/><G82/><T38/><D102/><U30/><E30/><V51/><F83/><W119/><G119/><T76/><D76/><U50/><E50/><V31/><F31/><W75/><G75/><T125/><D125/><U11/><E11/><RYUUKYOKU ba="3,2" sc="205,-15,265,15,245,-15,265,15" hai1="10,12,16,19,21,24,40,47,48,52,55,113,114" hai3="5,15,43,45,49,64,66,94,96,101" /><INIT seed="1,4,2,3,1,117" ten="190,280,230,280" oya="1" hai0="18,91,78,123,35,1,37,29,17,55,7,16,81" hai1="95,62,58,108,106,32,129,24,49,107,68,84,21" hai2="2,30,112,13,119,74,76,130,25,87,128,10,26" hai3="124,20,12,5,110,85,111,89,73,22,105,40,104"/><U109/><E129/><N who="2" m="49771" /><F74/><W94/><G73/><T127/><D37/><U43/><E68/><V60/><F119/><W121/><G121/><T125/><D91/><U59/><E32/><V114/><F60/><W93/><G124/><N who="0" m="47691" /><D123/><U103/><E43/><V82/><F2/><W69/><G69/><T31/><D35/><U53/><E84/><V47/><F47/><W97/><G40/><T4/><D55/><U3/><E3/><V135/><F135/><W116/><G116/><T102/><D102/><U41/><E41/><V67/><F67/><W118/><G118/><T11/><D4/><U19/><E95/><V126/><F126/><W39/><G39/><T14/><D1/><U45/><E45/><V63/><BYE who="1" /><F63/><W80/><G5/><T8/><D8/><U100/><E100/><V79/><F79/><N who="3" m="46239" /><G12/><T33/><D33/><U54/><E54/><V134/><F134/><W50/><G50/><UN n1="%E5%98%98%E3%81%AF%E7%BD%AA" /><T71/><D71/><U115/><E115/><N who="2" m="44075" /><F30/><W44/><G44/><T113/><D113/><U34/><E34/><V86/><F86/><AGARI ba="4,2" hai="7,11,14,16,17,18,29,31,78,81,86" m="47691" machi="86" ten="30,2000,0" yaku="18,1,54,1" doraHai="117" who="0" fromWho="2" sc="190,52,280,0,230,-32,280,0" /><INIT seed="2,0,0,0,2,58" ten="242,280,198,280" oya="2" hai0="0,23,52,19,110,39,28,113,63,118,55,122,61" hai1="86,3,97,36,111,109,33,64,26,104,15,102,30" hai2="70,95,84,85,119,107,75,123,100,50,21,68,105" hai3="82,101,125,31,93,115,2,130,80,88,43,20,40"/><V45/><F123/><W103/><G2/><T134/><D122/><U27/><E36/><V74/><F119/><W66/><G115/><T62/><D113/><U72/><E72/><V92/><F21/><W129/><G66/><T99/><D39/><U90/><E3/><V71/><F50/><W46/><G20/><T59/><D0/><U47/><E47/><V79/><F45/><W35/><G31/><T121/><D121/><U127/><E127/><V14/><F14/><W120/><G35/><T60/><D118/><U32/><E15/><V94/><F79/><W124/><G120/><T106/><D28/><U135/><E135/><V34/><F34/><W83/><G46/><T22/><D134/><U81/><E64/><V96/><REACH who="2" step="1"/><F107/><REACH who="2" ten="242,280,188,280" step="2"/><W7/><G43/><T77/><D22/><U6/><E33/><V13/><F13/><W41/><G40/><T91/><D106/><U89/><E6/><V53/><F53/><W126/><G41/><T29/><D55/><U25/><E32/><V73/><AGARI ba="0,1" hai="68,70,71,73,74,75,84,85,92,94,95,96,100,105" machi="73" ten="50,12000,1" yaku="1,1,0,1,29,2,53,0" doraHai="58" doraHaiUra="44" who="2" fromWho="2" sc="242,-40,280,-40,188,130,280,-40" /><INIT seed="2,1,0,1,5,11" ten="202,240,318,240" oya="2" hai0="28,109,10,91,103,45,9,132,133,93,107,46,4" hai1="128,62,119,111,80,112,16,18,0,88,76,96,74" hai2="41,56,108,5,122,49,73,66,32,100,102,92,125" hai3="84,36,33,2,21,120,20,65,77,126,42,26,105"/><V81/><F32/><W75/><G120/><T113/><D113/><U86/><E128/><V121/><F5/><W31/><G105/><T24/><D109/><U54/><E112/><V23/><F23/><W69/><G2/><T117/><D117/><U17/><E111/><V101/><F56/><W14/><G75/><T51/><D103/><U97/><E119/><V127/><F66/><W34/><G126/><N who="2" m="48137" /><F49/><W59/><G69/><T39/><D107/><U22/><E0/><V71/><F41/><W115/><G115/><T90/><D39/><U130/><E130/><V58/><F58/><W15/><G42/><T89/><D93/><U106/><E106/><V70/><F108/><W52/><G36/><T7/><D4/><U19/><E62/><V82/><F92/><W72/><G72/><T83/><D7/><U37/><E54/><V87/><F87/><W110/><G65/><T79/><D9/><U123/><E37/><V13/><F13/><N who="3" m="4619" /><G33/><T60/><D10/><U64/><E64/><V40/><F40/><W129/><G129/><T53/><D60/><U50/><E50/><V27/><F73/><W43/><G43/><T61/><D61/><U78/><E123/><N who="2" m="47115" /><F27/><W124/><G124/><T114/><D114/><U48/><E48/><V85/><F85/><W104/><G104/><T68/><D68/><AGARI ba="1,0" hai="68,70,71,81,82,100,101,102" m="47115,48137" machi="68" ten="40,7700,0" yaku="28,2,18,1" doraHai="11" who="2" fromWho="0" sc="202,-80,240,0,318,80,240,0" /><INIT seed="2,2,0,5,4,100" ten="122,240,398,240" oya="2" hai0="53,129,120,75,82,90,84,83,91,113,15,74,35" hai1="135,54,46,96,65,107,111,38,105,26,55,8,125" hai2="112,85,117,47,69,64,28,71,34,122,51,79,45" hai3="23,13,25,130,1,95,77,124,19,127,109,24,76"/><V134/><F122/><W126/><G1/><T60/><D35/><U29/><E135/><V73/><F73/><W10/><G130/><T123/><D15/><U104/><E125/><V48/><F117/><W36/><G36/><T56/><D129/><U58/><E111/><V2/><F2/><W18/><G109/><T62/><D113/><U98/><E8/><V3/><F3/><W40/><G40/><T57/><D120/><U0/><E0/><V20/><F34/><W102/><G25/><T9/><D9/><U115/><E115/><V66/><F71/><W94/><G94/><T99/><D123/><U67/><E55/><V11/><F69/><W39/><G39/><T5/><D5/><U70/><E46/><V103/><F11/><W31/><G31/><T30/><D30/><U16/><E16/><V41/><F103/><W14/><G24/><T43/><D43/><U61/><E38/><V59/><F134/><W4/><G4/><T110/><D110/><U132/><E132/><V92/><F41/><W106/><G95/><T72/><D72/><U50/><REACH who="1" step="1"/><E67/><REACH who="1" ten="122,230,398,240" step="2"/><V7/><F66/><W27/><G27/><T17/><D17/><U101/><E101/><V89/><F64/><W87/><G102/><T93/><REACH who="0" step="1"/><D82/><REACH who="0" ten="112,230,398,240" step="2"/><U133/><E133/><V97/><F112/><W44/><G124/><T121/><D121/><U52/><E52/><AGARI ba="2,2" hai="52,53,56,57,60,62,74,75,83,84,90,91,93,99" machi="52" ten="30,7700,0" yaku="1,1,7,1,9,1,54,1,53,0" doraHai="100" doraHaiUra="118" who="0" fromWho="1" sc="112,103,230,-83,398,0,240,0" /><INIT seed="3,0,0,4,4,0" ten="215,147,398,240" oya="3" hai0="45,18,96,19,88,87,95,100,82,78,55,7,90" hai1="97,21,135,44,85,6,51,17,79,123,1,47,10" hai2="104,76,67,73,83,40,114,125,92,133,116,61,99" hai3="98,94,53,28,108,48,91,134,9,32,34,24,33"/><W71/><G71/><T57/><D45/><U39/><E123/><V75/><F116/><W2/><G134/><T64/><D64/><U110/><E135/><V120/><F114/><W93/><G108/><T16/><REACH who="0" step="1"/><D7/><REACH who="0" ten="205,147,398,240" step="2"/><U12/><E110/><V127/><F133/><W22/><G94/><T86/><D86/><U8/><E39/><V15/><F104/><W103/><G103/><T128/><D128/><U66/><E66/><V42/><F75/><W60/><G60/><AGARI ba="0,1" hai="16,18,19,55,57,60,78,82,87,88,90,95,96,100" machi="60" ten="40,8000,1" yaku="1,1,8,1,54,2,53,0" doraHai="0" doraHaiUra="37" who="0" fromWho="3" sc="205,90,147,0,398,0,240,-80" owari="295,10.0,147,-35.0,398,49.0,160,-24.0" /></mjloggm>