<mjloggm ver="2.3"><GO type="97" lobby="0"/><UN n0="%E5%B0%B1%E6%B4%BB%E7%94%9F%40%E5%B7%9D%E6%9D%91%E8%BB%8D%E5%9B%A3" n1="%E9%A7%92%E5%BD%A2%E9%BE%8D" n2="%48%65%61%72%E2%80%A0%73%31%38" n3="%63%74%32%30%30%30%68" dan="15,13,14,13" rate="1957.86,1876.00,1963.20,1867.70" sx="M,M,F,M"/><TAIKYOKU oya="0"/><INIT seed="0,0,0,4,2,4" ten="250,250,250,250" oya="0" hai0="75,64,103,14,60,79,93,83,44,110,39,129,86" hai1="76,104,41,98,114,127,92,34,96,134,54,31,25" hai2="23,9,108,7,101,36,22,97,8,63,116,128,59" hai3="10,6,90,3,66,47,77,27,24,5,132,131,89"/><T113/><D113/><U29/><E114/><V125/><F36/><W46/><G77/><T100/><D129/><U126/><E41/><V123/><F123/><W118/><G118/><T21/><D110/><U85/><E134/><V112/><F112/><W35/><G132/><T18/><D39/><U88/><E31/><V102/><F128/><W61/><G131/><T70/><REACH who="0" step="1"/><D44/><REACH who="0" ten="240,250,250,250" step="2"/><U17/><E126/><V1/><F125/><W120/><G120/><T13/><D13/><U20/><E127/><V91/><F108/><W0/><G35/><T78/><D78/><U51/><E76/><V52/><F116/><W68/><G47/><T37/><D37/><U87/><E104/><V106/><F1/><W122/><G46/><T11/><D11/><N who="2" m="4170" /><F106/><W109/><G122/><T49/><D49/><U32/><E32/><V84/><F7/><W30/><G109/><T81/><D81/><U119/><E119/><V73/><F73/><W62/><G10/><T45/><D45/><U40/><E40/><V38/><F38/><W48/><G48/><T115/><D115/><U55/><E51/><V99/><F102/><W105/><G105/><T80/><D80/><U67/><E34/><V43/><F43/><W19/><G5/><T56/><D56/><U124/><E124/><V71/><F101/><W117/><G117/><T111/><D111/><U94/><E29/><V50/><F50/><W42/><G6/><T15/><D15/><U72/><E72/><V121/><F121/><W26/><G30/><T130/><D130/><U2/><E2/><V12/><F12/><W53/><G3/><RYUUKYOKU ba="0,1" sc="240,30,250,-10,250,-10,250,-10" hai0="14,18,21,60,64,70,75,79,83,86,93,100,103" /><INIT seed="0,1,1,0,4,78" ten="270,240,240,240" oya="0" hai0="20,53,107,93,86,14,35,69,23,46,94,38,44" hai1="133,47,84,104,43,111,1,134,29,7,41,127,36" hai2="120,118,123,51,39,89,71,16,79,73,103,37,32" hai3="48,56,62,95,24,27,100,75,97,101,64,54,116"/><T77/><D35/><U135/><E104/><V113/><F113/><W117/><G75/><T67/><D107/><U50/><E29/><V30/><F103/><W129/><G129/><T106/><D106/><U98/><E127/><V112/><F112/><W121/><G121/><T57/><D69/><U55/><E111/><V92/><F71/><W132/><G132/><T5/><D67/><U108/><E108/><V12/><F118/><W15/><G101/><T114/><D114/><U125/><E125/><V11/><F32/><W28/><G24/><T34/><D34/><U0/><E98/><V31/><F123/><W3/><G15/><T33/><D33/><U6/><E84/><V2/><F2/><N who="1" m="1129" /><E43/><V10/><F10/><W42/><G42/><T119/><D119/><U52/><E55/><V80/><F51/><W115/><G3/><T124/><D124/><U91/><E91/><V26/><F120/><W87/><G87/><T105/><D105/><U59/><AGARI ba="1,1" hai="6,7,36,41,47,50,52,59,133,134,135" m="1129" machi="59" ten="40,2700,0" yaku="20,1,54,1" doraHai="78" who="1" fromWho="1" sc="270,-14,240,40,240,-8,240,-8" /><INIT seed="1,0,0,0,2,82" ten="256,280,232,232" oya="1" hai0="18,7,17,64,98,15,44,14,84,117,42,115,72" hai1="57,127,65,135,87,50,60,86,28,91,46,6,107" hai2="40,78,99,105,8,108,24,67,47,59,26,106,35" hai3="76,31,30,9,92,88,21,74,101,25,71,85,2"/><U1/><E107/><V69/><F108/><W5/><G71/><T73/><D115/><U52/><E28/><V13/><F78/><W89/><G101/><T102/><D117/><U39/><E135/><V41/><F69/><W3/><G3/><T63/><D7/><U119/><E119/><V33/><F33/><W93/><G76/><T32/><D32/><U100/><E100/><V131/><F131/><W77/><G77/><T112/><D112/><U133/><E133/><V48/><F41/><W43/><G43/><T62/><D84/><U22/><E39/><V116/><F116/><W109/><G109/><T111/><D111/><U68/><E22/><V10/><F10/><W45/><G45/><T130/><D130/><U70/><E127/><V36/><F35/><W104/><G104/><T114/><D114/><U75/><E75/><V118/><F118/><W37/><G37/><T66/><D42/><U134/><E134/><V29/><F29/><W129/><G129/><T126/><D102/><U96/><E96/><V121/><F99/><W90/><G90/><T113/><D98/><U83/><REACH who="1" step="1"/><E87/><REACH who="1" ten="256,270,232,232" step="2"/><V79/><F106/><W123/><G74/><T95/><D113/><U38/><E38/><V80/><F105/><W49/><G31/><T55/><D126/><U12/><E12/><V120/><F36/><W124/><G124/><T53/><D73/><U58/><E58/><V4/><F24/><W11/><G11/><AGARI ba="0,1" hai="1,6,11,46,50,52,57,60,65,68,70,83,86,91" machi="11" ten="40,12000,1" yaku="1,1,52,1,54,1,53,1" doraHai="82" doraHaiUra="54" who="1" fromWho="3" sc="256,0,270,130,232,0,232,-120" /><INIT seed="1,1,0,5,3,69" ten="256,400,232,112" oya="1" hai0="125,112,93,27,86,73,20,87,37,62,0,33,124" hai1="129,44,7,57,56,5,4,123,88,120,70,85,122" hai2="80,117,54,61,115,79,113,128,19,36,3,108,100" hai3="30,98,23,6,116,43,74,41,10,99,40,82,60"/><U75/><E75/><V105/><F117/><W83/><G116/><T110/><D73/><U119/><E119/><V50/><F108/><W9/><G74/><T31/><D0/><U38/><E70/><V21/><F128/><W11/><G6/><T26/><D110/><U59/><E129/><V72/><F3/><W53/><G30/><N who="0" m="17735" /><D112/><N who="2" m="43082" /><F61/><W28/><G28/><T17/><D37/><U92/><E44/><N who="2" m="27975" /><F100/><W67/><G23/><T1/><D1/><U121/><N who="1" m="30720" /><DORA hai="81" /><U132/><E132/><V66/><F66/><W25/><G25/><T107/><D107/><U118/><E118/><V90/><F105/><W49/><G67/><T131/><D131/><U48/><E48/><V68/><F68/><W77/><G60/><T39/><D39/><AGARI ba="1,0" hai="4,5,7,38,39,56,57,59,85,88,92" m="30720" machi="39" ten="80,18000,2" yaku="29,2,52,3,54,1" doraHai="69,81" who="1" fromWho="0" sc="256,-183,400,183,232,0,112,0" /><INIT seed="1,2,0,3,0,71" ten="73,583,232,112" oya="1" hai0="122,93,91,56,61,13,106,78,6,103,118,60,25" hai1="84,70,4,22,132,45,47,40,35,54,124,44,75" hai2="105,113,79,133,52,73,38,102,16,80,51,120,19" hai3="36,88,77,8,7,31,49,82,107,87,3,111,112"/><U108/><E35/><V131/><F120/><W85/><G112/><T53/><D118/><U89/><E75/><V94/><F105/><W34/><G107/><T97/><D122/><U26/><E4/><V83/><F113/><W114/><G114/><T69/><D78/><U104/><E104/><V14/><F80/><W127/><G127/><T135/><D135/><U18/><E70/><V63/><F133/><W43/><G111/><T2/><D2/><U101/><E132/><V68/><F38/><W0/><G0/><T115/><D115/><U99/><E124/><V39/><F39/><W86/><G49/><T74/><D74/><U66/><E66/><V117/><F117/><W98/><G31/><T42/><D42/><U20/><E108/><V33/><F33/><W11/><G11/><T32/><D6/><U15/><E101/><V119/><F131/><W17/><G17/><T29/><D13/><U126/><E99/><V1/><F1/><W92/><REACH who="3" step="1"/><G34/><REACH who="3" ten="73,583,232,102" step="2"/><T24/><D24/><U110/><E110/><V129/><F119/><W23/><G23/><T72/><D72/><U109/><E109/><V121/><F121/><W9/><G9/><T57/><D69/><U21/><E126/><V130/><F130/><W10/><G10/><T48/><REACH who="0" step="1"/><D56/><REACH who="0" ten="63,583,232,102" step="2"/><U100/><E26/><V50/><F129/><W30/><G30/><T116/><D116/><U96/><E15/><V58/><F68/><W55/><G55/><T95/><D95/><U67/><E54/><V128/><F128/><W27/><G27/><T64/><D64/><U37/><E67/><V28/><F14/><RYUUKYOKU ba="2,2" sc="63,15,583,-15,232,-15,102,15" hai0="25,29,32,48,53,57,60,61,91,93,97,103,106" hai3="3,7,8,36,43,77,82,85,86,87,88,92,98" /><INIT seed="2,3,2,0,0,13" ten="78,568,217,117" oya="2" hai0="54,26,88,72,51,42,7,92,78,122,17,68,87" hai1="71,108,79,20,80,34,84,45,90,102,77,22,19" hai2="40,117,98,11,129,112,89,43,82,58,115,44,36" hai3="9,14,6,67,110,131,63,85,99,114,93,81,57"/><V4/><F117/><W111/><G131/><T37/><D122/><U0/><E71/><V60/><F129/><W53/><G114/><T65/><D72/><U39/><E34/><V104/><F40/><W118/><G118/><T95/><D78/><U133/><E0/><V27/><F27/><W75/><G75/><T86/><D68/><U30/><E102/><V38/><F38/><W56/><G85/><T18/><D65/><U46/><E30/><V96/><F96/><W69/><G81/><T83/><D7/><U132/><E22/><V76/><F104/><W119/><G119/><T52/><D37/><U120/><E120/><V61/><F98/><W101/><REACH who="3" step="1"/><G53/><REACH who="3" ten="78,568,217,107" step="2"/><N who="0" m="20587" /><D26/><U74/><E74/><N who="2" m="43287" /><F115/><W48/><G48/><T135/><D135/><N who="1" m="51787" /><E39/><V130/><F112/><W2/><G2/><T10/><D10/><U28/><E108/><AGARI ba="3,3" hai="6,9,14,56,57,63,67,69,93,99,101,108,110,111" machi="108" ten="40,2600,0" yaku="1,1,14,1,53,0" doraHai="13" doraHaiUra="41" who="3" fromWho="1" sc="78,0,568,-35,217,0,107,65" /><INIT seed="3,0,0,0,4,6" ten="78,533,217,172" oya="3" hai0="83,4,121,114,31,91,15,55,86,108,90,49,26" hai1="23,100,75,92,12,33,82,132,54,20,84,8,10" hai2="21,53,29,36,47,96,107,22,64,95,51,13,17" hai3="34,94,39,71,101,44,88,124,117,62,113,123,70"/><W11/><G117/><T122/><D108/><U35/><E132/><V52/><F107/><W112/><G123/><T78/><D114/><U129/><E75/><V97/><F36/><W61/><G34/><T119/><D119/><U63/><E129/><V120/><F120/><W133/><G133/><T93/><D121/><U104/><E104/><V105/><F105/><W72/><G72/><T134/><D134/><U99/><E33/><V110/><F110/><W125/><G101/><T14/><D122/><U127/><E35/><V7/><F7/><W67/><G44/><T40/><D40/><U130/><E130/><V41/><F64/><N who="3" m="41231" /><G39/><T37/><D37/><U25/><E127/><N who="3" m="48714" /><G11/><N who="1" m="4138" /><E12/><V42/><F42/><W79/><G79/><T74/><D4/><U128/><E128/><V46/><F46/><W111/><G111/><T32/><D90/><N who="1" m="51479" /><E25/><N who="2" m="16559" /><F97/><AGARI ba="0,0" hai="62,67,71,88,94,97,112,113" m="48714,41231" machi="97" ten="30,2900,0" yaku="18,1,54,1" doraHai="6" who="3" fromWho="2" sc="78,0,533,0,217,-29,172,29" /><INIT seed="3,1,0,0,3,58" ten="78,533,188,201" oya="3" hai0="98,110,11,84,16,15,90,91,55,97,35,68,44" hai1="26,92,43,31,12,59,20,1,65,82,77,60,52" hai2="118,9,119,99,25,34,17,123,122,72,108,7,24" hai3="70,6,5,127,87,135,19,45,102,71,88,49,8"/><W48/><G102/><T109/><D35/><U78/><E1/><N who="2" m="239" /><F72/><W47/><G127/><T27/><D68/><U89/><E43/><V69/><F99/><W128/><G128/><T18/><D109/><U39/><E39/><V21/><F69/><W80/><G135/><T113/><D113/><U40/><E40/><V81/><F81/><W56/><G71/><T62/><D110/><U0/><E0/><V116/><F108/><W57/><G70/><T75/><D75/><U51/><E12/><V85/><F85/><W74/><G74/><T115/><D115/><U101/><E101/><V66/><F66/><W73/><G73/><T4/><D27/><U30/><E30/><AGARI ba="1,0" hai="17,21,24,25,30,34,116,118,119,122,123" m="239" machi="30" ten="40,2600,0" yaku="34,2" doraHai="58" who="2" fromWho="1" sc="78,0,533,-29,188,29,201,0" owari="78,-42.0,504,60.0,217,2.0,201,-20.0" /></mjloggm>