<mjloggm ver="2.3"><GO type="169" lobby="0"/><UN n0="%E3%83%88%E3%83%88%E3%83%AA%E5%85%88%E7%94%9F%31%39%E6%AD%B3" n1="%E9%8A%80%E3%81%B0%E3%81%95%E3%81%BF" n2="%E6%98%9F%E6%B5%81%EF%BC%A0%53%65%69%52%75" n3="%79%6F%6A%6F" dan="18,18,16,16" rate="2280.89,2290.00,2038.76,2135.79" sx="F,M,M,F"/><TAIKYOKU oya="0"/><INIT seed="0,0,0,0,2,58" ten="250,250,250,250" oya="0" hai0="50,131,66,41,56,129,51,29,35,89,10,99,127" hai1="100,65,109,26,61,102,116,27,115,78,98,97,24" hai2="132,46,3,44,105,1,91,82,4,25,113,133,85" hai3="86,8,80,130,2,34,48,93,118,53,57,87,106"/><T47/><D127/><U107/><E116/><V77/><F113/><W111/><G118/><T28/><D10/><U125/><E115/><V83/><F105/><W120/><G106/><T42/><D99/><U124/><E78/><V7/><F25/><W5/><G34/><T81/><D89/><U9/><E9/><V22/><F22/><W18/><G111/><T52/><D81/><U75/><E75/><V69/><F69/><W76/><G130/><N who="0" m="49675" /><D35/><U64/><E109/><V37/><F37/><W123/><G18/><T30/><D66/><U67/><E61/><V84/><REACH who="2" step="1"/><F91/><REACH who="2" ten="250,250,240,250" step="2"/><W6/><G120/><T88/><D88/><U13/><E107/><V112/><F112/><W21/><G123/><T55/><AGARI ba="0,1" hai="28,29,30,41,42,47,50,51,52,55,56" m="49675" machi="55" ten="40,3900,0" yaku="19,1,54,1" doraHai="58" who="0" fromWho="0" sc="250,49,250,-13,240,-13,250,-13" /><INIT seed="0,1,0,1,0,116" ten="299,237,227,237" oya="0" hai0="81,120,56,18,103,53,114,95,66,23,25,39,65" hai1="2,99,45,7,87,35,98,117,105,6,122,79,129" hai2="108,32,54,67,97,21,83,118,134,92,1,85,0" hai3="10,130,11,27,71,119,13,43,16,24,5,74,59"/><T19/><D114/><U101/><E122/><V88/><F32/><W4/><G71/><T91/><D39/><U62/><E117/><V57/><F118/><W113/><G74/><T30/><D120/><U106/><E35/><V46/><F108/><W44/><G119/><T80/><D103/><U107/><E129/><V60/><F134/><W127/><G113/><T33/><D19/><U111/><E111/><V22/><F1/><W96/><G130/><T15/><D65/><U94/><E62/><V86/><F0/><W132/><G132/><T102/><D102/><U78/><E45/><V121/><F121/><W48/><G127/><T9/><D66/><U17/><E17/><V89/><F97/><W52/><G96/><T26/><D26/><N who="3" m="9769" /><G10/><T128/><D128/><U112/><E112/><V28/><F28/><W14/><G14/><T61/><REACH who="0" step="1"/><D33/><REACH who="0" ten="289,237,227,237" step="2"/><U90/><E101/><V75/><F75/><W58/><G5/><T72/><D72/><U124/><E6/><V77/><F77/><W20/><G4/><T50/><D50/><AGARI ba="1,1" hai="21,22,46,50,54,57,60,67,83,85,86,88,89,92" machi="50" ten="40,2600,0" yaku="8,1,54,1" doraHai="116" who="2" fromWho="0" sc="289,-29,237,0,227,39,237,0" /><INIT seed="1,0,0,5,0,53" ten="260,237,266,237" oya="1" hai0="84,1,108,26,93,30,109,129,44,33,101,105,124" hai1="6,0,70,128,89,17,81,22,63,99,31,54,119" hai2="75,69,28,38,104,49,92,25,66,94,80,85,29" hai3="74,130,35,68,133,37,45,59,56,102,71,13,61"/><U82/><E119/><V9/><F38/><W5/><G35/><T113/><D1/><U134/><E128/><V127/><F104/><W8/><G74/><T46/><D113/><U97/><E134/><V67/><F75/><W96/><G130/><T43/><D129/><U77/><E31/><V14/><F127/><W58/><G133/><T16/><D124/><U11/><E89/><V111/><F111/><N who="0" m="42570" /><D105/><U131/><E131/><V32/><F29/><W106/><REACH who="3" step="1"/><G61/><REACH who="3" ten="260,237,266,227" step="2"/><T72/><D72/><U125/><E125/><V103/><F32/><W62/><G62/><T86/><D44/><U98/><E77/><V135/><F135/><W116/><G116/><T122/><D122/><U115/><E115/><V79/><F79/><W3/><G3/><T20/><D33/><U12/><REACH who="1" step="1"/><E70/><REACH who="1" ten="260,227,266,227" step="2"/><V23/><F69/><W52/><G52/><T18/><D30/><U36/><E36/><V121/><F121/><W95/><G95/><T83/><D93/><U132/><E132/><V87/><F92/><W112/><G112/><T21/><D83/><U47/><E47/><V39/><F39/><W50/><G50/><T91/><D46/><U51/><E51/><V48/><F49/><W73/><G73/><T120/><D120/><U100/><E100/><V65/><F48/><W60/><G60/><T110/><D101/><U34/><E34/><V118/><F118/><W41/><AGARI ba="0,2" hai="5,8,13,37,41,45,56,58,59,68,71,96,102,106" machi="41" ten="30,8000,1" yaku="1,1,0,1,52,3,53,0" doraHai="53" doraHaiUra="27" who="3" fromWho="3" sc="260,-20,227,-40,266,-20,227,100" /><INIT seed="2,0,0,1,0,61" ten="240,187,246,327" oya="2" hai0="68,105,72,117,44,89,102,74,104,115,135,5,64" hai1="111,84,30,36,27,62,90,4,9,40,124,76,56" hai2="93,42,63,7,71,123,12,96,106,21,15,97,1" hai3="134,77,83,73,125,33,86,131,119,87,49,116,38"/><V101/><F123/><W75/><G38/><T34/><D115/><U57/><E111/><V20/><F1/><W46/><G33/><T37/><D34/><U79/><E124/><V92/><F42/><W98/><G125/><T107/><D135/><U3/><E40/><V70/><F106/><W29/><G29/><T53/><D117/><U112/><E56/><V54/><F54/><W11/><G134/><T31/><D31/><U110/><E36/><V127/><F127/><W59/><G131/><T45/><D102/><U13/><E3/><V113/><F113/><W60/><G98/><T129/><D129/><U81/><E110/><V128/><F128/><W41/><G87/><T78/><D5/><U109/><E109/><V52/><F71/><W122/><G122/><T0/><D0/><U43/><E43/><V99/><F99/><W80/><G11/><T132/><D37/><U69/><E69/><V22/><F7/><W17/><G17/><T48/><D132/><U66/><REACH who="1" step="1"/><E112/><REACH who="1" ten="240,177,246,327" step="2"/><V114/><F114/><W103/><G59/><T16/><D45/><U24/><E24/><V126/><F126/><W108/><G46/><T130/><D130/><U67/><E67/><V39/><F39/><W121/><G108/><T8/><D64/><U28/><E28/><V118/><F118/><W82/><G119/><T85/><D68/><U94/><E94/><V133/><F133/><W95/><G95/><N who="0" m="54703" /><D78/><U19/><E19/><V65/><REACH who="2" step="1"/><F52/><REACH who="2" ten="240,177,236,327" step="2"/><W10/><G116/><T35/><D105/><U100/><E100/><AGARI ba="0,2" hai="12,15,20,21,22,63,65,70,92,93,96,97,100,101" machi="100" ten="40,12000,1" yaku="1,1,2,1,9,1,52,1,53,0" doraHai="61" doraHaiUra="2" who="2" fromWho="1" sc="240,0,177,-120,236,140,327,0" /><INIT seed="2,1,0,3,4,26" ten="240,57,376,327" oya="2" hai0="42,14,44,10,77,60,49,32,4,47,51,18,96" hai1="25,40,128,130,72,94,131,31,102,129,69,24,61" hai2="80,125,84,53,56,74,8,45,23,21,93,11,29" hai3="20,87,114,120,33,117,36,66,109,62,30,17,6"/><V126/><F74/><W115/><G117/><T7/><D32/><U127/><N who="1" m="33280" /><DORA hai="124" /><U65/><E127/><N who="2" m="48651" /><F93/><W37/><G120/><T38/><D38/><U116/><E116/><V27/><F45/><W79/><G6/><T98/><D77/><U78/><E40/><V133/><F23/><W1/><G1/><T64/><D4/><U118/><E118/><V68/><F68/><W5/><G5/><T88/><D7/><U63/><E63/><N who="2" m="36239" /><F133/><W107/><G37/><T73/><D73/><U15/><E15/><V119/><F119/><W28/><G36/><T58/><D88/><AGARI ba="1,0" hai="8,11,21,27,29,80,84,88" m="36239,48651" machi="88" ten="30,5800,0" yaku="18,1,52,1,54,1" doraHai="26,124" who="2" fromWho="0" sc="240,-61,57,0,376,61,327,0" /><INIT seed="2,2,0,0,0,70" ten="179,57,437,327" oya="2" hai0="18,78,46,53,76,21,135,6,32,19,68,27,43" hai1="109,48,130,67,33,133,36,72,111,121,79,39,40" hai2="89,59,105,49,69,87,81,108,95,77,60,11,80" hai3="93,64,101,84,7,20,100,4,29,85,112,114,61"/><V115/><F105/><W107/><G107/><T62/><D135/><U44/><E33/><V50/><F115/><N who="3" m="44075" /><G29/><T9/><D32/><U3/><E3/><V134/><F69/><N who="3" m="42127" /><G20/><T128/><D19/><U92/><E121/><V37/><F37/><N who="1" m="14409" /><E67/><V2/><F81/><W56/><G56/><T15/><D68/><U47/><E47/><V52/><F134/><W94/><G94/><T26/><D26/><U97/><E133/><V90/><F90/><N who="3" m="53447" /><G85/><T131/><D62/><U91/><E79/><V25/><F25/><W31/><G31/><T28/><D28/><U99/><E72/><V13/><F2/><W30/><G30/><T98/><D53/><U125/><E99/><N who="2" m="57839" /><F108/><N who="1" m="41545" /><E130/><N who="0" m="49705" /><D98/><U88/><E125/><V55/><F55/><W119/><G119/><T12/><D27/><U96/><E96/><V129/><F129/><W103/><AGARI ba="2,0" hai="4,7,100,101,103" m="53447,42127,44075" machi="103" ten="30,1100,0" yaku="11,1" doraHai="70" who="3" fromWho="3" sc="179,-5,57,-5,437,-7,327,17" /><INIT seed="3,0,0,2,3,90" ten="174,52,430,344" oya="3" hai0="96,23,82,36,81,70,108,0,119,116,67,40,92" hai1="65,51,12,69,102,83,21,88,132,20,110,101,43" hai2="105,91,79,18,53,24,9,71,59,61,77,94,11" hai3="22,39,33,49,72,93,129,48,120,115,123,2,17"/><W73/><G115/><T60/><D0/><U37/><E37/><V135/><F105/><W28/><G129/><T4/><D108/><U6/><E110/><V44/><F71/><W7/><G39/><T57/><D4/><U106/><E132/><V124/><F124/><W50/><G28/><T85/><D70/><U114/><E114/><V86/><F135/><W52/><G33/><T8/><D8/><N who="2" m="3146" /><F44/><W128/><G7/><T75/><D75/><U113/><E113/><V95/><F95/><W26/><G2/><T97/><D97/><U125/><E125/><V74/><F74/><W62/><G128/><T80/><D85/><U121/><E121/><V30/><F30/><W98/><G73/><T99/><D99/><U14/><E106/><V38/><F38/><W118/><G72/><T5/><D5/><U1/><E6/><V127/><F127/><W100/><REACH who="3" step="1"/><G118/><REACH who="3" ten="174,52,430,334" step="2"/><T130/><D130/><U103/><E1/><V55/><F18/><W104/><G104/><T45/><D116/><U68/><E68/><V54/><F24/><W126/><G126/><T35/><D119/><U131/><E131/><V13/><F13/><W107/><G107/><T87/><D35/><U32/><E32/><V34/><F34/><W117/><G117/><T41/><D36/><U47/><E14/><V64/><AGARI ba="0,1" hai="53,54,55,59,61,64,77,79,86,91,94" m="3146" machi="64" ten="30,2000,0" yaku="8,1,52,1" doraHai="90" who="2" fromWho="2" sc="174,-5,52,-5,430,30,334,-10" /><INIT seed="4,0,0,4,4,4" ten="169,47,460,324" oya="0" hai0="65,134,120,109,34,125,14,43,59,90,11,108,37" hai1="118,124,68,27,52,36,70,89,80,39,63,128,22" hai2="44,94,42,127,113,115,28,18,2,116,103,31,86" hai3="135,72,60,24,20,16,32,53,46,85,3,131,56"/><T110/><D120/><U64/><E118/><V51/><F2/><W106/><G72/><T25/><D134/><U100/><E128/><V114/><F127/><W83/><G106/><T1/><D1/><U5/><E124/><V26/><F116/><W96/><G3/><T57/><D125/><U122/><E122/><V117/><F117/><W33/><G135/><T99/><D65/><U93/><E70/><V54/><F18/><W87/><G131/><T88/><D43/><U81/><E100/><V126/><F126/><W10/><G96/><T130/><D37/><U107/><E107/><V9/><F9/><W101/><G101/><T23/><D34/><U104/><E104/><V121/><F121/><W105/><G105/><T95/><D90/><U29/><E5/><V17/><F17/><W45/><G85/><T78/><D78/><U123/><E123/><V91/><F103/><W6/><G6/><N who="0" m="3447" /><D130/><U67/><E67/><V8/><F8/><W92/><G33/><T77/><D77/><U111/><E39/><N who="2" m="21599" /><F26/><W102/><G32/><T112/><D112/><U129/><E129/><V71/><F71/><W58/><G102/><T79/><D79/><U84/><E36/><V74/><F74/><W48/><G92/><T21/><D21/><U38/><E38/><V119/><F119/><W15/><G83/><T7/><D7/><U98/><E84/><V69/><F69/><W35/><G35/><T133/><D133/><U62/><REACH who="1" step="1"/><E111/><REACH who="1" ten="169,37,460,324" step="2"/><V47/><AGARI ba="0,1" hai="28,31,47,51,54,86,91,94,113,114,115" m="21599" machi="47" ten="30,1100,0" yaku="15,1" doraHai="4" who="2" fromWho="2" sc="169,-5,37,-3,460,21,324,-3" /><INIT seed="5,0,0,5,5,53" ten="164,34,481,321" oya="1" hai0="32,5,58,85,95,34,73,105,30,11,42,116,37" hai1="39,9,18,98,74,19,20,88,127,93,129,45,57" hai2="120,13,12,126,2,59,90,4,67,83,122,16,6" hai3="128,66,134,102,119,7,91,100,131,1,80,114,109"/><U123/><E123/><V40/><F2/><W17/><G109/><T60/><D116/><U65/><E74/><V28/><F28/><W84/><G114/><T82/><D105/><U115/><E115/><V87/><F126/><W135/><G119/><T117/><D117/><U26/><E127/><V55/><F40/><W101/><G66/><T112/><D112/><U108/><E108/><V54/><F120/><W124/><G124/><T44/><D95/><U33/><E33/><V48/><F122/><W132/><G17/><T78/><D85/><U133/><E133/><V25/><F67/><W103/><G102/><T31/><D34/><U70/><E70/><V130/><F130/><N who="3" m="49707" /><G7/><N who="2" m="2601" /><F55/><W52/><G52/><N who="0" m="33863" /><D32/><U27/><E129/><V61/><F61/><W46/><G46/><T107/><D107/><U68/><E68/><V76/><F76/><W0/><AGARI ba="0,0" hai="0,1,80,84,91,100,101,103,132,134,135" m="49707" machi="0" ten="40,2700,0" yaku="20,1,19,1" doraHai="53" who="3" fromWho="3" sc="164,-7,34,-13,481,-7,321,27" /><INIT seed="6,0,0,0,1,134" ten="157,21,474,348" oya="2" hai0="23,17,49,27,51,120,80,40,43,67,19,99,89" hai1="35,29,92,14,71,83,22,84,28,76,90,5,65" hai2="53,129,37,12,6,111,93,16,70,119,9,26,59" hai3="69,68,121,57,98,123,102,104,86,133,114,109,64"/><V30/><F70/><W31/><G109/><T18/><D120/><U52/><E35/><V8/><F119/><W24/><G133/><T132/><D132/><U79/><E71/><V46/><F129/><W75/><G86/><N who="0" m="50375" /><D67/><U41/><E65/><V107/><F107/><W54/><G114/><T25/><D99/><U97/><E41/><N who="0" m="15945" /><D25/><U124/><E124/><V7/><F46/><W100/><G100/><T2/><D2/><U78/><E52/><V116/><F37/><W73/><G69/><T21/><D21/><U62/><E62/><V34/><F116/><W38/><G38/><T15/><D15/><U42/><E42/><V126/><F126/><W55/><G55/><T85/><D85/><U118/><E118/><V11/><F93/><W122/><G57/><T20/><D20/><U56/><E56/><V131/><F131/><W127/><G54/><T128/><D128/><U0/><E0/><V32/><F32/><N who="3" m="20583" /><G127/><T63/><D63/><AGARI ba="0,0" hai="63,64,68,73,75,98,102,104,121,122,123" m="20583" machi="63" ten="30,2000,0" yaku="25,1,23,1" doraHai="134" who="3" fromWho="0" sc="157,-20,21,0,474,0,348,20" /><INIT seed="7,0,0,1,1,53" ten="137,21,474,368" oya="3" hai0="111,11,79,2,78,99,128,48,19,109,92,90,68" hai1="127,4,56,12,73,101,84,117,18,43,1,26,110" hai2="121,67,88,0,100,33,81,132,122,116,82,14,37" hai3="98,41,39,38,70,9,135,74,130,93,113,31,42"/><W131/><G74/><T76/><D68/><U44/><E110/><V87/><F0/><W108/><G108/><T46/><D128/><N who="3" m="49193" /><G135/><T115/><D115/><U107/><E117/><V16/><F37/><N who="3" m="13835" /><G70/><T112/><D112/><U94/><E127/><V64/><F116/><W28/><G113/><T103/><D2/><U114/><E114/><V45/><F132/><W80/><G80/><T40/><D111/><U34/><E73/><V124/><F124/><W27/><G9/><T126/><D126/><U72/><E72/><V119/><F119/><W106/><G106/><T104/><D104/><U58/><E107/><V32/><F82/><W29/><G27/><T22/><D11/><U75/><E75/><V91/><F100/><AGARI ba="0,0" hai="28,29,31,41,42,93,98,100" m="13835,49193" machi="100" ten="40,2000,0" yaku="19,1" doraHai="53" who="3" fromWho="2" sc="137,0,21,0,474,-20,368,20" /><INIT seed="7,1,0,3,5,119" ten="137,21,454,388" oya="3" hai0="44,92,59,61,111,66,4,2,39,1,121,83,48" hai1="63,67,84,129,124,77,80,38,9,41,110,51,30" hai2="60,86,16,127,8,45,85,123,117,91,78,94,17" hai3="95,126,24,130,46,106,3,100,133,69,27,53,71"/><W36/><G106/><T23/><D121/><U49/><E110/><V56/><F117/><W108/><G3/><T107/><D107/><U73/><E129/><V128/><F128/><W14/><G130/><T32/><D32/><U115/><E124/><V34/><F34/><W87/><G126/><T98/><D111/><U43/><E115/><V35/><F35/><W131/><G131/><T13/><D39/><U113/><E113/><V118/><F118/><W105/><G108/><T31/><D83/><U57/><E30/><V47/><F123/><W0/><G0/><T68/><D68/><U40/><E51/><V70/><F70/><W11/><G133/><T62/><D62/><U90/><E90/><V116/><F116/><W79/><G105/><T74/><D74/><U89/><E89/><V7/><F47/><W20/><G27/><N who="0" m="16895" /><D13/><U82/><E82/><N who="2" m="47319" /><F45/><W103/><G71/><T88/><D88/><U102/><E102/><N who="3" m="38954" /><G69/><T15/><D15/><U50/><E73/><V97/><F97/><W42/><G53/><N who="0" m="29831" /><D4/><U96/><E96/><V120/><F120/><W21/><G24/><T10/><D10/><U26/><E26/><V125/><F125/><W55/><G55/><T93/><D93/><U109/><E109/><V122/><F122/><W99/><G99/><T12/><D12/><U134/><E38/><V25/><F127/><W37/><G37/><T64/><D64/><U54/><E134/><V135/><F135/><W19/><G95/><T65/><D65/><U132/><E132/><V52/><F25/><W33/><G33/><T81/><D81/><U75/><E9/><RYUUKYOKU ba="1,0" sc="137,10,21,-30,454,10,388,10" hai0="1,2,59,61,66,92,98" hai2="7,8,16,17,52,56,60,86,91,94" hai3="11,14,19,20,21,36,42,46,79,87" owari="147,-25.0,-9,-51.0,464,56.0,398,20.0" /></mjloggm>