<mjloggm ver="2.3"><GO type="193" lobby="0"/><UN n0="%E9%BB%92%E9%AB%AA%E6%B8%85%E7%B4%94%E5%B0%91%E5%A5%B3%41%58" n1="%E3%83%88%E3%83%88%E3%83%AA%E5%85%88%E7%94%9F%31%39%E6%AD%B3" n2="%E8%A5%BF%E6%B5%A6%E9%AB%98%E9%BA%BB%E9%9B%80%E9%83%A8%E4%BC%9A%E8%A8%88" n3="%73%6B%74%65%67%6B" dan="12,12,12,11" rate="1736.75,1902.56,1708.20,1545.35" sx="F,F,M,M"/><TAIKYOKU oya="0"/><INIT seed="0,0,0,3,4,60" ten="250,250,250,250" oya="0" hai0="41,88,128,65,89,50,80,3,82,84,16,110,105" hai1="108,17,79,78,115,100,75,22,37,40,119,98,13" hai2="10,68,120,106,44,25,5,116,46,54,101,45,126" hai3="95,31,34,71,18,70,67,96,72,99,64,85,12"/><T90/><D128/><U24/><E119/><V77/><F68/><W114/><G72/><T59/><D3/><U86/><E108/><V51/><F120/><W66/><G114/><T97/><D105/><U23/><E115/><V76/><F126/><W30/><G71/><T69/><D69/><U14/><E75/><V52/><F116/><W7/><G7/><T19/><D110/><U47/><E86/><V56/><F106/><W9/><G70/><T81/><D97/><N who="3" m="37449" /><G34/><T62/><D84/><U124/><E124/><V92/><F101/><W32/><G32/><T27/><D27/><U26/><E13/><V73/><F73/><W8/><G8/><T1/><D1/><U28/><REACH who="1" step="1"/><E14/><REACH who="1" ten="250,240,250,250" step="2"/><V132/><F25/><W112/><G112/><T0/><REACH who="0" step="1"/><D0/><REACH who="0" ten="240,240,250,250" step="2"/><U94/><AGARI ba="0,2" hai="17,22,23,24,26,28,37,40,47,78,79,94,98,100" machi="94" ten="20,5200,0" yaku="1,1,2,1,0,1,7,1,53,0" doraHai="60" doraHaiUra="130" who="1" fromWho="1" sc="240,-26,240,72,250,-13,250,-13" /><INIT seed="1,0,0,5,3,61" ten="214,312,237,237" oya="1" hai0="128,124,18,36,69,31,4,107,35,115,101,117,116" hai1="85,104,96,71,70,109,87,91,83,56,84,79,121" hai2="29,93,98,114,15,33,59,86,53,11,73,43,94" hai3="32,49,65,24,1,47,37,72,127,123,9,7,89"/><U58/><E121/><V125/><F73/><W23/><G89/><T67/><D115/><U45/><E109/><V135/><F43/><W76/><G49/><T82/><D36/><U118/><E118/><V8/><F114/><W74/><G23/><T34/><D34/><U16/><E45/><V10/><F125/><W110/><G127/><T112/><D112/><U92/><E87/><V105/><F135/><W42/><G123/><T14/><D4/><U113/><E113/><V60/><F105/><W130/><G110/><T22/><D82/><U13/><E71/><V122/><F122/><W6/><G6/><T46/><D46/><U48/><E70/><V62/><F29/><N who="3" m="19495" /><G74/><T40/><D128/><U0/><E0/><V111/><F111/><W120/><G120/><T102/><D40/><U131/><E131/><V90/><F33/><W99/><G99/><N who="0" m="61887" /><D102/><N who="1" m="60679" /><E48/><V64/><F15/><W63/><G63/><N who="0" m="40191" /><D124/><U132/><E132/><V19/><F19/><W133/><G65/><T68/><D68/><U77/><E104/><V50/><REACH who="2" step="1"/><F64/><REACH who="2" ten="214,312,227,237" step="2"/><W97/><G133/><T80/><D80/><N who="1" m="49575" /><E77/><V88/><AGARI ba="0,1" hai="8,10,11,50,53,59,60,62,86,88,90,93,94,98" machi="88" ten="30,8000,1" yaku="1,1,0,1,8,1,54,1,53,1" doraHai="61" doraHaiUra="55" who="2" fromWho="2" sc="214,-20,312,-40,227,90,237,-20" /><INIT seed="2,0,0,2,5,102" ten="194,272,317,217" oya="2" hai0="39,75,87,103,48,0,38,108,77,61,31,28,65" hai1="72,19,126,111,4,49,79,50,2,122,96,5,92" hai2="105,127,66,80,120,37,98,47,25,55,54,128,74" hai3="78,57,71,34,101,109,30,115,116,123,73,11,107"/><V36/><F120/><W93/><G57/><T7/><D108/><U121/><E111/><V85/><F74/><W118/><G93/><T64/><D75/><U97/><E126/><V13/><F127/><W94/><G94/><T84/><D103/><U76/><E92/><V113/><F113/><W53/><G53/><T1/><D7/><U15/><E72/><V46/><F128/><W99/><G123/><T132/><D132/><U134/><E15/><V63/><F25/><N who="3" m="18767" /><G109/><T106/><D106/><U8/><E8/><V32/><F32/><W20/><G20/><T89/><D89/><U135/><REACH who="1" step="1"/><E19/><REACH who="1" ten="194,262,317,217" step="2"/><V82/><F80/><N who="3" m="45135" /><G11/><T62/><REACH who="0" step="1"/><D77/><REACH who="0" ten="184,262,317,217" step="2"/><U129/><E129/><V29/><F36/><W117/><G115/><T69/><D69/><AGARI ba="0,2" hai="69,71,99,101,107,116,117,118" m="45135,18767" machi="69" ten="30,2000,0" yaku="23,1,52,1" doraHai="102" who="3" fromWho="0" sc="184,-20,262,0,317,0,217,40" /><INIT seed="3,0,0,1,2,112" ten="164,262,317,257" oya="3" hai0="122,2,11,34,93,124,115,113,127,98,16,87,103" hai1="19,35,77,8,46,121,60,89,109,88,97,68,6" hai2="134,1,108,59,37,10,3,45,71,120,44,42,90" hai3="49,101,22,79,74,21,83,62,56,128,65,85,119"/><W28/><G128/><T107/><D34/><U66/><E121/><V33/><F33/><W78/><G119/><T102/><D2/><U69/><E109/><V43/><F120/><W70/><G101/><T125/><D11/><U99/><E68/><V94/><F71/><W131/><G131/><T40/><D16/><U91/><E35/><V27/><F134/><W135/><G135/><T17/><D17/><U20/><E77/><V52/><F108/><W110/><G110/><T111/><D40/><U26/><REACH who="1" step="1"/><E46/><REACH who="1" ten="164,252,317,257" step="2"/><V12/><F1/><AGARI ba="0,1" hai="1,6,8,19,20,26,60,66,69,88,89,91,97,99" machi="1" ten="40,5200,0" yaku="1,1,2,1,54,1,53,0" doraHai="112" doraHaiUra="39" who="1" fromWho="2" sc="164,0,252,62,317,-52,257,0" owari="164,-34.0,314,41.0,265,7.0,257,-14.0" /></mjloggm>