<mjloggm ver="2.3"><GO type="169" lobby="0"/><UN n0="%E7%A2%BA%E7%8E%87%E9%BA%BB%E9%9B%80" n1="%E3%82%A6%E3%83%AB%E3%83%88%E3%83%A9%E7%AB%8B%E7%9B%B4" n2="%4B%69%72%63%68%65" n3="%41%49%53%4C%49%4E%4E" dan="17,17,16,17" rate="2153.72,2197.70,2066.08,2163.60" sx="M,M,M,F"/><TAIKYOKU oya="0"/><INIT seed="0,0,0,0,0,128" ten="250,250,250,250" oya="0" hai0="114,133,4,75,0,60,108,113,120,82,24,22,36" hai1="80,64,105,111,62,28,32,92,5,84,89,79,88" hai2="102,61,58,38,48,135,46,55,31,43,11,86,10" hai3="101,37,117,100,125,34,66,129,134,74,71,16,1"/><T57/><D120/><U19/><E111/><V21/><F102/><W26/><RYUUKYOKU type="yao9" ba="0,0" sc="250,0,250,0,250,0,250,0" hai3="1,16,26,34,37,66,71,74,100,101,117,125,129,134" /><INIT seed="0,1,0,3,5,67" ten="250,250,250,250" oya="0" hai0="52,135,13,22,124,57,109,32,61,27,86,45,4" hai1="88,31,101,68,37,117,51,89,7,35,1,125,84" hai2="129,103,95,73,66,54,47,33,60,19,110,55,21" hai3="126,15,83,18,40,12,36,120,78,63,71,42,25"/><T38/><D135/><U72/><E37/><V8/><F33/><W50/><G126/><T87/><D124/><U23/><E72/><V128/><F73/><W30/><G36/><T134/><D134/><U62/><E117/><V108/><F8/><W115/><G115/><T44/><D32/><U98/><E125/><V75/><F75/><W132/><G132/><T91/><D109/><N who="2" m="42090" /><F103/><W104/><G104/><T114/><D114/><U121/><E121/><V119/><F95/><W5/><G120/><T65/><D38/><U133/><E133/><V9/><F9/><W131/><G131/><N who="2" m="50249" /><F119/><W127/><G127/><T74/><D74/><U6/><E23/><V111/><N who="2" m="42098" /><V130/><N who="2" m="50257" /><DORA hai="112" /><V20/><DORA hai="82" /><F47/><N who="0" m="17994" /><D13/><U85/><E1/><V81/><F81/><W26/><G83/><N who="0" m="49631" /><D4/><U122/><E6/><V93/><F93/><W17/><G5/><T11/><D11/><U107/><E7/><V79/><F79/><W34/><G78/><T14/><D14/><U70/><E122/><V48/><F48/><W49/><G34/><T56/><D87/><N who="1" m="33355" /><E51/><V69/><F21/><W92/><G12/><AGARI ba="1,0" hai="12,19,20,54,55,60,66,69" m="50257,42098" machi="12" ten="60,7700,0" yaku="14,1,19,1,52,1" doraHai="67,112,82" who="2" fromWho="3" sc="250,0,250,0,250,80,250,-80" /><INIT seed="1,0,0,2,3,83" ten="250,250,330,170" oya="1" hai0="95,67,127,101,106,99,66,3,5,47,56,105,104" hai1="12,52,31,26,78,89,126,133,73,20,54,125,134" hai2="74,82,28,41,88,68,84,39,16,30,123,65,44" hai3="10,116,27,94,62,76,46,112,0,59,71,98,1"/><U129/><E73/><V85/><F74/><W124/><G112/><T55/><D127/><N who="1" m="48651" /><E78/><V18/><F123/><W29/><G124/><T69/><D69/><U102/><E102/><V32/><F68/><W132/><G132/><N who="1" m="50794" /><E89/><V15/><F65/><W86/><G116/><T13/><D3/><U61/><E61/><V35/><F35/><W77/><G71/><T109/><D109/><U96/><E96/><V70/><F70/><W100/><G46/><T93/><D93/><U121/><E121/><V45/><F45/><W90/><G1/><T60/><D47/><U58/><E58/><V11/><F32/><W108/><G108/><T64/><D66/><U115/><E115/><V111/><F111/><W113/><G113/><T92/><D92/><U43/><E43/><V135/><F135/><W114/><G114/><T53/><D67/><U57/><E57/><V6/><F84/><W91/><G10/><T42/><D42/><U63/><E63/><V103/><F103/><W14/><G14/><T118/><D118/><U48/><E48/><V97/><F97/><W34/><G0/><T72/><D72/><U23/><E129/><V37/><F37/><W17/><G91/><T119/><D119/><U80/><E80/><V21/><F18/><AGARI ba="0,0" hai="12,18,20,23,26,31,52,54" m="50794,48651" machi="18" ten="30,5800,0" yaku="18,1,20,1,54,1" doraHai="83" who="1" fromWho="2" sc="250,0,250,58,330,-58,170,0" /><INIT seed="1,1,0,5,5,103" ten="250,308,272,170" oya="1" hai0="21,86,120,24,30,76,54,35,117,23,45,49,36" hai1="110,80,123,104,55,59,46,85,82,67,3,31,40" hai2="19,112,90,44,41,22,81,11,134,65,130,27,107" hai3="91,92,20,25,118,47,12,129,15,75,94,8,108"/><U56/><E123/><V111/><F112/><W38/><G108/><T125/><D117/><U57/><E3/><V89/><F111/><W121/><G121/><T124/><D120/><U87/><E110/><V119/><F119/><W93/><G118/><T73/><D73/><U69/><E104/><V88/><F107/><W63/><G129/><T64/><D64/><U95/><E31/><V48/><F130/><W131/><G131/><T99/><D36/><U33/><E33/><V66/><F134/><W0/><G75/><T6/><D6/><U28/><E28/><V105/><F105/><W60/><G0/><T16/><D99/><U101/><E55/><V7/><REACH who="2" step="1"/><F81/><REACH who="2" ten="250,308,262,170" step="2"/><W122/><G122/><T62/><D125/><U17/><E82/><V96/><F96/><W4/><G93/><T132/><D124/><U53/><E80/><V37/><F37/><W68/><G94/><T51/><D132/><U78/><E95/><V84/><F84/><W127/><G127/><T128/><D128/><U135/><E87/><V5/><F5/><W26/><G38/><T113/><D113/><U50/><E85/><V72/><F72/><W115/><G115/><T13/><D86/><U61/><E135/><V83/><F83/><W9/><G4/><T18/><D76/><U52/><E78/><V79/><F79/><W29/><G92/><T70/><D35/><U102/><E101/><V74/><F74/><W109/><G109/><T1/><D1/><AGARI ba="1,1" hai="1,7,11,19,22,27,41,44,48,65,66,88,89,90" machi="1" ten="40,5200,0" yaku="1,1,54,1,53,1" doraHai="103" doraHaiUra="39" who="2" fromWho="0" sc="250,-55,308,0,262,65,170,0" /><INIT seed="2,0,0,0,0,102" ten="195,308,327,170" oya="2" hai0="113,112,132,85,63,52,6,28,82,42,12,69,35" hai1="38,23,94,16,96,1,17,46,33,124,76,64,11" hai2="114,88,37,18,44,80,47,3,27,92,51,20,118" hai3="75,45,131,5,68,70,95,104,14,43,105,8,79"/><V67/><F118/><W117/><G131/><T115/><D132/><U86/><E33/><V26/><F3/><W54/><G117/><T81/><D42/><U135/><E124/><V50/><F114/><W65/><G54/><T91/><D35/><U71/><E135/><V103/><F67/><W111/><G111/><T101/><D28/><U58/><E71/><V61/><F61/><W116/><G116/><T72/><D101/><U77/><E86/><V97/><F27/><W49/><G95/><T29/><D29/><U125/><E125/><V120/><F120/><W122/><G122/><T109/><D109/><U55/><E64/><V78/><F103/><W98/><G98/><T128/><D128/><U2/><E2/><V119/><F119/><W48/><G48/><T107/><D107/><U53/><E11/><V0/><F0/><W89/><G89/><T32/><D32/><U121/><E1/><V22/><F20/><W59/><G59/><T19/><D6/><U36/><E38/><V31/><F31/><W83/><REACH who="3" step="1"/><G65/><REACH who="3" ten="195,308,327,160" step="2"/><T126/><D126/><U15/><E55/><V99/><F97/><W40/><G40/><T21/><D69/><AGARI ba="0,1" hai="5,8,14,43,45,49,68,69,70,75,79,83,104,105" machi="69" ten="40,5200,0" yaku="1,1,52,2,53,0" doraHai="102" doraHaiUra="30" who="3" fromWho="0" sc="195,-52,308,0,327,0,160,62" /><INIT seed="3,0,0,3,1,53" ten="143,308,327,222" oya="3" hai0="117,130,97,89,109,0,32,70,62,124,73,35,94" hai1="105,60,3,121,18,39,67,116,104,129,2,131,78" hai2="133,85,106,125,115,123,23,118,11,41,26,95,84" hai3="102,77,75,45,107,132,52,122,37,51,113,61,99"/><W20/><G132/><T134/><RYUUKYOKU type="yao9" ba="0,0" sc="143,0,308,0,327,0,222,0" hai0="0,32,35,62,70,73,89,94,97,109,117,124,130,134" /><INIT seed="3,1,0,3,3,121" ten="143,308,327,222" oya="3" hai0="25,91,63,120,0,58,61,16,103,98,37,66,55" hai1="52,89,65,111,94,8,104,60,35,72,19,57,59" hai2="42,40,69,85,36,3,107,46,39,77,48,10,102" hai3="81,43,132,49,135,96,9,128,1,28,7,125,108"/><W100/><G128/><T130/><D120/><U92/><E104/><V31/><F31/><W13/><G125/><T118/><D118/><U73/><E35/><V97/><F42/><W83/><G108/><T68/><D130/><U34/><E34/><V117/><F117/><W24/><G1/><T127/><D127/><U79/><E111/><V95/><F95/><W15/><G15/><T133/><D133/><N who="3" m="51273" /><G49/><T113/><D113/><U30/><E30/><V4/><F69/><W99/><G43/><T20/><D0/><U33/><E33/><V74/><F85/><W26/><G99/><T124/><D124/><U76/><E73/><V129/><F129/><W75/><G28/><T45/><D45/><U109/><E109/><V14/><F14/><W2/><G2/><T70/><D68/><U71/><E71/><V64/><F64/><W115/><G115/><T87/><D37/><U84/><E72/><V123/><F123/><W126/><G126/><T56/><D70/><U38/><E38/><V50/><F50/><W131/><G131/><T93/><REACH who="0" step="1"/><D87/><REACH who="0" ten="133,308,327,222" step="2"/><U41/><E84/><V105/><F39/><W90/><G75/><T101/><AGARI ba="1,1" hai="16,20,25,55,56,58,61,63,66,91,93,98,101,103" machi="101" ten="30,12000,2" yaku="1,1,2,1,0,1,25,2,8,1,54,1,53,0" doraHai="121" doraHaiUra="116" who="0" fromWho="0" sc="133,133,308,-31,327,-31,222,-61" /><INIT seed="4,0,0,5,2,47" ten="266,277,296,161" oya="0" hai0="88,61,30,123,66,103,130,80,16,53,77,109,78" hai1="69,18,134,1,97,56,101,114,91,115,87,95,37" hai2="131,31,127,100,34,40,36,39,71,85,73,105,83" hai3="29,46,49,10,22,48,116,68,17,86,70,128,99"/><T2/><D123/><U27/><E69/><V62/><F85/><W59/><G116/><T19/><D2/><U65/><E37/><V102/><F102/><W54/><G128/><T67/><D130/><U90/><E1/><V6/><F6/><W96/><G68/><T132/><D132/><U52/><E65/><N who="0" m="24585" /><D109/><U104/><E134/><V38/><F131/><W94/><G70/><T4/><D4/><U24/><E91/><V12/><F12/><N who="3" m="9511" /><G29/><T63/><D30/><U20/><REACH who="1" step="1"/><E24/><REACH who="1" ten="266,267,296,161" step="2"/><N who="2" m="18791" /><F39/><W0/><G0/><T75/><D103/><U58/><E58/><V42/><F38/><W41/><G10/><T21/><D75/><U129/><E129/><V9/><F36/><W74/><G74/><T13/><D19/><U119/><E119/><V14/><F100/><W32/><G32/><T72/><D72/><U35/><E35/><V120/><F71/><W11/><G11/><T108/><D108/><U28/><E28/><V76/><F9/><W125/><G125/><T7/><D7/><U15/><E15/><V64/><F14/><W92/><G92/><T107/><D107/><U126/><E126/><V45/><F105/><W60/><G60/><AGARI ba="0,1" hai="18,20,27,52,56,60,87,90,95,97,101,104,114,115" machi="60" ten="40,2600,0" yaku="1,1,54,1,53,0" doraHai="47" doraHaiUra="122" who="1" fromWho="3" sc="266,0,267,36,296,0,161,-26" /><INIT seed="5,0,0,1,4,37" ten="266,303,296,135" oya="1" hai0="8,43,35,47,90,17,10,4,70,13,121,11,36" hai1="99,71,103,50,96,12,82,65,86,127,101,27,64" hai2="132,77,117,29,0,76,62,130,108,39,42,88,118" hai3="115,20,59,52,120,81,57,46,87,72,66,56,51"/><U97/><E127/><V89/><F0/><W80/><G115/><T100/><D121/><U58/><E12/><V112/><F108/><W126/><G120/><T114/><D114/><U7/><E7/><V104/><F104/><W9/><G126/><T41/><D35/><U119/><E119/><V1/><F1/><W83/><G72/><T123/><D123/><U74/><E74/><V28/><F112/><W91/><G20/><T111/><D111/><U6/><E6/><V94/><F62/><W109/><G109/><T34/><D34/><U75/><E75/><V129/><F94/><W32/><G32/><T30/><D30/><U38/><E38/><V92/><F92/><W85/><G66/><N who="1" m="25706" /><E27/><V110/><F110/><W69/><G69/><T68/><D100/><U24/><E24/><V23/><F23/><W54/><G9/><T78/><D78/><N who="1" m="46423" /><E71/><V53/><F39/><W67/><G67/><T15/><D10/><U122/><E122/><V18/><F18/><W3/><G3/><T106/><D106/><U63/><E63/><V31/><F31/><W55/><REACH who="3" step="1"/><G91/><REACH who="3" ten="266,303,296,125" step="2"/><T22/><D11/><U131/><E103/><V84/><F89/><W113/><G113/><T33/><D33/><U133/><E101/><V102/><F102/><W19/><G19/><T44/><D90/><U26/><E26/><V95/><F88/><W25/><G25/><T105/><D105/><U60/><E99/><V107/><F107/><W40/><AGARI ba="0,1" hai="40,46,51,52,54,55,56,57,59,80,81,83,85,87" machi="40" ten="40,12000,2" yaku="1,1,0,1,29,2,8,1,52,1,54,1,53,0" doraHai="37" doraHaiUra="128" who="3" fromWho="3" sc="266,-30,303,-60,296,-30,125,130" /><INIT seed="6,0,0,0,3,30" ten="236,243,266,255" oya="2" hai0="70,129,50,58,102,88,103,130,52,29,105,49,19" hai1="126,127,115,135,20,0,119,54,84,35,78,124,40" hai2="13,108,128,47,72,36,61,28,131,98,133,90,99" hai3="114,4,6,56,8,87,81,93,75,117,25,65,3"/><V39/><F72/><W45/><G117/><T59/><D70/><U91/><E119/><V53/><F108/><W32/><G6/><T57/><D29/><U7/><E115/><V100/><F28/><W74/><G114/><T9/><D105/><U109/><E109/><V21/><F133/><W38/><G25/><T51/><D88/><U48/><E135/><V97/><F100/><N who="0" m="38442" /><D9/><N who="1" m="2279" /><E20/><V83/><F83/><W86/><G93/><T77/><D77/><U14/><E14/><V41/><F90/><W125/><G74/><T27/><D19/><U2/><E40/><V37/><F53/><W94/><G94/><T132/><D132/><U101/><E101/><V111/><F61/><W107/><G81/><T26/><D52/><U63/><E63/><V66/><F66/><W123/><G65/><T16/><D16/><U33/><E2/><V121/><F111/><W1/><G1/><T31/><D31/><U18/><E18/><N who="2" m="10447" /><F121/><W82/><G123/><T118/><D118/><U23/><E23/><V55/><F55/><W22/><G22/><T89/><D89/><U73/><E78/><V95/><F95/><W80/><G107/><T134/><D134/><U76/><E76/><V60/><F60/><W112/><G112/><T43/><D43/><U67/><E67/><V69/><F69/><W44/><G75/><T113/><D113/><U42/><E42/><V110/><F110/><W15/><G3/><T24/><AGARI ba="0,0" hai="24,26,27,49,50,51,57,58,59,129,130" m="38442" machi="24" ten="40,8000,1" yaku="29,2,28,2" doraHai="30" who="0" fromWho="0" sc="236,80,243,-20,266,-40,255,-20" /><INIT seed="7,0,0,5,4,11" ten="316,223,226,235" oya="3" hai0="27,76,82,23,115,7,26,80,61,119,52,45,35" hai1="91,31,83,51,43,98,110,41,8,6,107,130,50" hai2="37,85,106,29,53,73,123,79,121,128,60,44,129" hai3="24,96,125,68,78,18,9,25,100,63,47,17,99"/><W93/><G125/><T40/><D119/><U38/><E110/><V132/><F106/><W88/><G78/><T74/><D115/><U20/><E130/><N who="2" m="50283" /><F73/><W28/><G47/><T62/><D7/><U3/><E107/><V135/><F29/><W12/><G18/><T57/><D35/><U126/><E126/><V64/><F85/><W111/><G111/><T86/><D61/><U14/><E3/><V102/><F102/><W65/><REACH who="3" step="1"/><G28/><REACH who="3" ten="316,223,226,225" step="2"/><T97/><D45/><U69/><E38/><V19/><F19/><W0/><G0/><T81/><D74/><U122/><E122/><V15/><F79/><W72/><G72/><T34/><D40/><U118/><E118/><V133/><F37/><W66/><G66/><T16/><D76/><U42/><E69/><V32/><F64/><W113/><G113/><T54/><D16/><U22/><E31/><V1/><F1/><W117/><G117/><T124/><D124/><U90/><E43/><V21/><F123/><W94/><AGARI ba="0,1" hai="9,12,17,24,25,63,65,68,88,93,94,96,99,100" machi="94" ten="20,12000,1" yaku="1,1,0,1,7,1,52,1,54,1,53,0" doraHai="11" doraHaiUra="108" who="3" fromWho="3" sc="316,-40,223,-40,226,-40,225,130" owari="276,8.0,183,-32.0,186,-21.0,355,45.0" /></mjloggm>