<mjloggm ver="2.3"><GO type="169" lobby="0"/><UN n0="%41%49%53%4C%49%4E%4E" n1="%E3%82%A6%E3%83%AB%E3%83%88%E3%83%A9%E7%AB%8B%E7%9B%B4" n2="%E3%82%8C%E3%81%A3%E3%81%A9%E3%81%82%E3%81%84" n3="%E3%81%86%E3%81%83%E3%83%BC%E3%81%A1%E3%82%83%E3%82%93" dan="16,18,16,16" rate="2117.42,2215.11,2049.52,2147.37" sx="F,M,M,M"/><TAIKYOKU oya="0"/><INIT seed="0,0,0,1,3,23" ten="250,250,250,250" oya="0" hai0="99,48,103,116,130,54,101,123,42,3,111,12,127" hai1="91,97,32,68,6,39,10,95,78,53,66,129,0" hai2="89,70,58,81,105,125,131,64,45,83,44,1,88" hai3="11,5,49,29,63,2,122,75,56,15,38,113,52"/><T55/><D116/><U94/><E129/><V21/><F131/><W43/><G113/><T73/><D123/><U25/><E39/><V7/><F105/><W14/><G122/><T118/><D118/><U80/><E53/><V100/><F100/><W8/><G75/><T114/><D3/><U26/><E32/><V40/><F125/><W87/><G29/><T84/><D73/><U128/><E128/><V115/><F70/><W108/><G108/><T85/><D111/><U4/><E4/><V110/><F115/><W76/><G38/><T20/><D127/><U13/><E0/><V106/><F106/><W98/><G98/><T34/><D34/><U36/><E36/><V16/><F7/><W37/><G37/><T50/><D42/><U19/><E6/><V28/><F28/><W74/><G74/><T41/><D41/><U46/><E46/><N who="2" m="18027" /><F40/><W27/><G43/><T71/><D71/><U30/><E30/><V18/><F1/><W82/><G27/><T61/><D114/><U112/><E112/><V67/><F18/><W47/><G11/><T79/><D130/><U121/><E121/><V107/><F107/><W102/><G102/><T59/><D101/><U92/><E78/><V33/><F33/><W119/><G119/><T117/><D79/><U35/><E35/><V104/><F104/><W77/><G77/><T69/><D117/><U72/><E72/><V133/><F110/><W93/><G2/><T132/><D103/><U96/><E80/><V135/><F81/><W90/><G76/><T120/><D120/><U126/><E126/><V57/><F83/><RYUUKYOKU ba="0,0" sc="250,0,250,0,250,0,250,0" /><INIT seed="1,1,0,3,5,97" ten="250,250,250,250" oya="1" hai0="29,77,13,11,108,125,30,18,64,123,79,115,122" hai1="51,16,96,63,71,116,50,38,9,129,45,134,83" hai2="89,35,105,27,73,100,3,8,107,22,2,20,28" hai3="67,66,121,70,84,62,86,68,56,78,113,126,55"/><U0/><E116/><V44/><F73/><W34/><G34/><T59/><D115/><U74/><E129/><V42/><F89/><W60/><G78/><N who="0" m="29707" /><D108/><U48/><E134/><V76/><F76/><W127/><G127/><T52/><D64/><U24/><E83/><V37/><F107/><W39/><G126/><T103/><D125/><U101/><E74/><V26/><F8/><W75/><G75/><T95/><D122/><U14/><E0/><V46/><F46/><W33/><G33/><T57/><D57/><U104/><E24/><V114/><F114/><W135/><G135/><T15/><D15/><U87/><E87/><V81/><F81/><W21/><G121/><T117/><D117/><U90/><E90/><V72/><F72/><W124/><G113/><T132/><D132/><U99/><E99/><V131/><F131/><W93/><G39/><T6/><D6/><U102/><E102/><V118/><F118/><W5/><G124/><T130/><D130/><U49/><E38/><V106/><F106/><W133/><G133/><T82/><D82/><U1/><E1/><V36/><F36/><W109/><G5/><T40/><D40/><U110/><E110/><V4/><F4/><W65/><G109/><T41/><D41/><U80/><E80/><V91/><F2/><W54/><G70/><T128/><D128/><U19/><E19/><V7/><F3/><W25/><G68/><T47/><D123/><U58/><E71/><V69/><F69/><W12/><G86/><T32/><D29/><U111/><N who="1" m="12288" /><DORA hai="31" /><U10/><E111/><V119/><F119/><RYUUKYOKU ba="1,0" sc="250,0,250,0,250,0,250,0" /><INIT seed="2,2,0,3,1,128" ten="250,250,250,250" oya="2" hai0="77,66,50,53,18,103,52,92,33,87,81,37,16" hai1="91,124,36,51,49,74,27,133,127,60,67,97,14" hai2="115,106,32,99,80,62,123,85,100,101,120,8,54" hai3="108,24,113,131,130,132,78,48,57,134,40,0,41"/><V95/><F115/><W12/><G0/><T47/><D33/><U42/><E74/><V26/><F101/><W44/><G113/><T104/><D37/><U4/><E27/><V122/><F8/><W110/><G78/><T76/><D66/><U93/><E36/><V90/><F62/><W96/><G96/><N who="0" m="59783" /><D104/><U45/><E51/><V89/><F54/><N who="0" m="21098" /><D77/><U88/><E14/><V10/><F10/><W116/><G12/><T73/><D73/><U11/><E11/><V114/><F114/><W68/><G24/><T46/><D50/><U86/><E4/><V135/><F32/><W102/><G102/><T119/><D119/><U107/><E107/><V43/><F26/><W20/><G116/><T55/><N who="0" m="21106" /><T25/><DORA hai="72" /><D25/><U2/><E2/><V38/><F38/><W17/><G68/><T58/><D58/><U129/><E129/><N who="3" m="49162" /><G57/><T112/><D112/><U83/><REACH who="1" step="1"/><E133/><REACH who="1" ten="250,240,250,250" step="2"/><N who="3" m="51306" /><G40/><T29/><D29/><U79/><E79/><V75/><F43/><W19/><G20/><T70/><D70/><AGARI ba="2,1" hai="42,45,49,60,67,70,83,86,88,91,93,97,124,127" machi="70" ten="40,2600,0" yaku="1,1,54,1,53,0" doraHai="128,72" doraHaiUra="126,109" who="1" fromWho="0" sc="250,-32,240,42,250,0,250,0" /><INIT seed="3,0,0,0,3,79" ten="218,282,250,250" oya="3" hai0="1,30,0,46,120,38,61,40,53,129,21,54,5" hai1="77,13,115,11,73,14,126,114,62,42,16,130,74" hai2="31,45,27,78,100,55,117,109,92,125,59,63,99" hai3="132,35,47,22,93,87,43,50,24,34,83,33,12"/><W123/><G132/><T39/><D120/><U96/><E126/><V25/><F109/><W49/><G123/><T105/><D105/><U8/><E130/><V98/><F117/><W3/><G3/><T19/><D129/><U52/><E42/><V95/><F125/><W65/><G65/><T6/><D30/><U107/><E107/><V106/><F106/><W69/><G69/><T70/><D38/><U134/><E134/><V104/><F104/><W66/><G66/><T127/><D127/><U71/><E96/><V36/><F31/><W7/><G93/><T51/><D0/><U101/><E101/><V131/><F131/><W85/><G50/><T32/><D32/><U18/><E71/><V23/><F23/><W133/><G133/><T17/><D17/><U44/><E77/><V108/><F78/><W72/><G72/><T89/><D1/><U116/><E116/><V97/><F97/><W29/><G85/><T110/><D110/><U60/><E44/><V64/><F108/><W102/><G102/><T80/><D70/><U67/><E67/><V2/><F2/><W84/><G84/><N who="0" m="50311" /><D39/><U9/><REACH who="1" step="1"/><E8/><REACH who="1" ten="218,272,250,250" step="2"/><V121/><F36/><W91/><REACH who="3" step="1"/><G7/><REACH who="3" ten="218,272,250,240" step="2"/><N who="0" m="2571" /><D61/><U94/><E94/><V112/><F95/><W111/><G111/><T113/><D113/><U26/><E26/><AGARI ba="0,2" hai="19,21,26,40,46,51,53,54" m="2571,50311" machi="26" ten="30,2000,0" yaku="8,1,52,1" doraHai="79" who="0" fromWho="1" sc="218,40,272,-20,250,0,240,0" /><INIT seed="4,0,0,5,4,126" ten="258,252,250,240" oya="0" hai0="78,95,16,20,98,47,33,118,125,74,103,131,73" hai1="120,5,64,85,29,0,108,69,96,2,71,80,133" hai2="112,13,90,77,114,106,94,9,75,10,51,122,76" hai3="41,12,100,44,81,107,60,72,63,25,111,135,52"/><T67/><D118/><U105/><E120/><V56/><F106/><W83/><G135/><T62/><D125/><U113/><E108/><V54/><F122/><W3/><G3/><T129/><D33/><U34/><E133/><V14/><F75/><W132/><G111/><T36/><D36/><U40/><E40/><V26/><F26/><W32/><G132/><T18/><D47/><U109/><E109/><V128/><F128/><W97/><G12/><N who="2" m="4713" /><F114/><W91/><G32/><T102/><D102/><U35/><E35/><V24/><F24/><W116/><G25/><N who="0" m="14471" /><D18/><U38/><E38/><V30/><F30/><W82/><G116/><T101/><D101/><U23/><E23/><V84/><F112/><W58/><G63/><T134/><D78/><AGARI ba="0,0" hai="9,10,51,54,56,76,77,78,84,90,94" m="4713" machi="78" ten="30,1000,0" yaku="8,1" doraHai="126" who="2" fromWho="0" sc="258,-10,252,0,250,10,240,0" /><INIT seed="5,0,0,1,5,39" ten="248,252,260,240" oya="1" hai0="9,28,26,6,124,121,60,87,104,70,53,1,130" hai1="135,3,119,7,66,131,4,19,109,76,103,81,14" hai2="42,85,65,69,5,40,73,51,125,17,61,82,13" hai3="58,113,111,45,127,47,101,22,94,98,11,31,62"/><U38/><E119/><V86/><F125/><W27/><G127/><T68/><D104/><U100/><E109/><V67/><F67/><W106/><G111/><T126/><D121/><U25/><E131/><V16/><F73/><W132/><G132/><T46/><D130/><U96/><E135/><V116/><F116/><W134/><G134/><T56/><D68/><U71/><E38/><V97/><F97/><W110/><G113/><T120/><D120/><U12/><E3/><V55/><F5/><W107/><G110/><T78/><D70/><U35/><E100/><V63/><F63/><W59/><G59/><T48/><D78/><U20/><E35/><V92/><F92/><W123/><G123/><T29/><D87/><U43/><E43/><V79/><F86/><W114/><G114/><T108/><D28/><U24/><E66/><V52/><F55/><W90/><G90/><T0/><D1/><U117/><E71/><V89/><F79/><W95/><G11/><T32/><REACH who="0" step="1"/><D108/><REACH who="0" ten="238,252,260,240" step="2"/><U115/><E115/><V118/><F118/><W105/><REACH who="3" step="1"/><G95/><REACH who="3" ten="238,252,260,230" step="2"/><T10/><D10/><U8/><E117/><V49/><F49/><W2/><G2/><T34/><D34/><U122/><E122/><V112/><F112/><W128/><G128/><T102/><D102/><U83/><E76/><V15/><F51/><W133/><G133/><T64/><AGARI ba="0,2" hai="0,6,9,26,29,32,46,48,53,56,60,64,124,126" machi="64" ten="30,2000,0" yaku="1,1,0,1,53,0" doraHai="39" doraHaiUra="91" who="0" fromWho="0" sc="238,40,252,-10,260,-5,230,-5" /><INIT seed="6,0,0,4,5,13" ten="278,242,255,225" oya="2" hai0="3,73,37,30,113,34,61,60,86,71,63,95,129" hai1="44,75,2,83,99,106,124,123,127,116,72,62,100" hai2="128,27,42,29,118,134,55,11,76,111,125,53,12" hai3="22,98,26,56,74,41,117,23,132,105,45,50,85"/><V67/><F118/><W16/><G117/><T69/><D37/><U51/><E2/><V87/><F125/><N who="1" m="48201" /><E116/><V24/><F128/><W131/><G131/><T80/><D3/><U38/><E38/><V92/><F134/><W91/><G132/><T102/><D73/><U33/><E33/><V10/><F111/><W81/><G74/><T18/><D129/><U58/><E83/><N who="2" m="47591" /><F42/><W66/><G23/><T133/><D133/><U20/><E123/><V36/><F36/><W14/><G105/><T52/><D30/><U32/><E32/><V110/><F110/><W28/><G98/><N who="0" m="59743" /><D34/><U68/><E68/><V119/><F119/><W90/><G90/><N who="0" m="51527" /><D113/><U96/><E96/><V112/><F112/><W6/><G6/><T121/><D121/><U1/><E1/><V54/><F29/><W39/><G28/><T46/><D69/><U9/><E99/><V17/><F92/><W101/><G101/><T40/><D40/><N who="1" m="24967" /><E100/><V135/><F135/><W8/><G39/><T57/><D46/><U97/><E97/><V4/><F67/><W107/><G107/><T114/><D71/><U65/><E106/><V31/><F31/><N who="3" m="17879" /><G56/><T59/><D57/><U7/><E75/><V104/><F104/><W15/><G66/><T0/><D0/><N who="1" m="231" /><E72/><V93/><F93/><W126/><G126/><T120/><D120/><U84/><E84/><V122/><F122/><W49/><G85/><T94/><D114/><U77/><E77/><V48/><F48/><N who="3" m="26671" /><G81/><T5/><D94/><U88/><E88/><V47/><F47/><W35/><G91/><T79/><D79/><U43/><E43/><RYUUKYOKU ba="0,0" sc="278,-15,242,15,255,15,225,-15" hai1="20,58,62,65" hai2="4,10,11,12,17,24,27,53,54,55" /><INIT seed="6,1,0,3,1,22" ten="263,257,270,210" oya="2" hai0="28,92,6,86,10,45,13,21,7,26,94,12,33" hai1="42,98,1,52,95,34,115,129,104,44,89,73,99" hai2="96,69,55,5,122,76,113,18,37,8,49,40,11" hai3="85,78,60,82,120,50,68,130,107,134,19,23,91"/><V125/><F122/><W29/><G130/><T9/><D45/><U59/><E73/><V0/><F69/><W81/><G134/><T135/><D135/><U31/><E1/><V133/><F133/><W62/><G120/><T65/><D65/><U57/><E57/><V32/><F32/><W17/><G107/><T75/><D75/><U118/><E118/><V126/><F76/><W102/><G102/><T63/><D63/><U109/><E109/><V105/><F37/><W114/><G114/><T24/><D86/><U121/><E121/><V106/><F40/><W88/><G68/><T87/><D87/><U72/><E72/><V58/><F96/><W27/><G50/><T53/><D53/><U4/><E4/><V111/><F113/><W84/><G78/><T124/><D124/><N who="2" m="47722" /><F111/><W3/><G3/><T38/><D38/><U132/><E132/><V46/><F46/><W39/><G39/><T83/><D83/><U56/><E56/><V54/><F55/><W30/><G17/><AGARI ba="1,0" hai="6,7,9,10,12,13,17,21,24,26,28,33,92,94" machi="17" ten="30,7700,0" yaku="7,1,9,1,52,2" doraHai="22" who="0" fromWho="3" sc="263,80,257,0,270,0,210,-80" /><INIT seed="7,0,0,2,0,36" ten="343,257,270,130" oya="3" hai0="122,135,126,84,48,92,67,59,102,11,62,54,34" hai1="129,26,93,128,123,105,28,76,114,117,106,64,30" hai2="45,112,125,115,47,35,101,37,96,12,119,130,90" hai3="81,10,97,5,86,41,7,108,110,40,20,89,131"/><W63/><G131/><N who="1" m="50250" /><E114/><N who="2" m="43563" /><F130/><W42/><G20/><T19/><D34/><N who="1" m="20759" /><E123/><V56/><F119/><W52/><G97/><T32/><D32/><U46/><E117/><V107/><F125/><W15/><REACH who="3" step="1"/><G7/><REACH who="3" ten="343,257,270,120" step="2"/><T8/><D122/><U53/><E30/><V49/><F96/><W23/><G23/><T118/><D118/><U73/><E106/><V75/><F107/><W24/><G24/><T91/><D126/><U95/><E105/><V13/><F35/><W58/><AGARI ba="0,1" hai="5,10,15,40,41,42,52,58,63,81,86,89,108,110" machi="58" ten="30,18000,2" yaku="1,1,0,1,52,3,54,1,53,1" doraHai="36" doraHaiUra="1" who="3" fromWho="3" sc="343,-60,257,-60,270,-60,120,190" owari="283,8.0,197,-30.0,210,-19.0,310,41.0" /></mjloggm>