<mjloggm ver="2.3"><GO type="169" lobby="0"/><UN n0="%E3%82%A6%E3%83%AB%E3%83%88%E3%83%A9%E7%AB%8B%E7%9B%B4" n1="%E6%96%B0%E4%B8%96%E7%95%8C%E3%81%AE%E7%B4%99" n2="%E4%BA%BA%E9%B3%A5%E4%BE%8D%E6%A5%B5" n3="%7A%79%61%6E" dan="16,18,16,16" rate="2110.92,2246.81,2145.80,2100.02" sx="M,M,F,M"/><TAIKYOKU oya="0"/><INIT seed="0,0,0,1,2,81" ten="250,250,250,250" oya="0" hai0="84,69,116,74,15,60,129,27,35,127,120,11,87" hai1="110,13,133,111,112,30,122,8,49,72,102,83,45" hai2="98,97,44,64,24,18,34,131,50,48,117,54,63" hai3="3,10,71,41,95,125,0,113,93,6,96,47,52"/><T90/><D74/><U21/><E122/><V65/><F131/><W82/><G113/><T85/><D120/><U59/><E112/><V115/><F115/><W76/><G125/><T9/><D116/><U22/><E133/><V31/><F117/><W62/><G0/><T26/><D129/><U126/><E126/><V73/><F73/><W12/><G96/><T79/><D127/><U23/><E102/><V106/><F50/><N who="3" m="26991" /><G3/><T118/><D118/><U37/><E37/><V1/><F1/><W101/><G101/><T132/><D132/><U109/><E59/><V104/><F18/><W80/><G71/><T39/><D39/><U92/><E92/><N who="3" m="35402" /><G76/><T57/><D69/><U56/><E72/><V77/><F77/><W36/><G36/><T99/><D79/><U19/><E56/><AGARI ba="0,0" hai="6,10,12,52,56,62,80,82" m="35402,26991" machi="56" ten="30,2000,0" yaku="8,1,54,1" doraHai="81" who="3" fromWho="1" sc="250,0,250,-20,250,0,250,20" /><INIT seed="1,0,0,2,1,119" ten="250,230,250,270" oya="1" hai0="128,83,20,134,109,76,53,9,86,91,21,24,78" hai1="34,7,54,106,12,121,1,0,17,123,23,35,103" hai2="27,96,99,70,26,100,81,116,124,68,93,127,105" hai3="110,14,82,80,4,59,88,30,112,115,95,11,120"/><U98/><E54/><V41/><F116/><W74/><G30/><T10/><D109/><U45/><E45/><V5/><F81/><W92/><G110/><T32/><D32/><U79/><E79/><N who="0" m="30249" /><D128/><U131/><E131/><V15/><F41/><W118/><G74/><T52/><D134/><U57/><E57/><V49/><F49/><W108/><G108/><T18/><D21/><U72/><E72/><V117/><F117/><W97/><G118/><T39/><D39/><U107/><E107/><V61/><F15/><W60/><G120/><T69/><D69/><N who="2" m="26730" /><F5/><W63/><G95/><T87/><D87/><U48/><E48/><V101/><F61/><W2/><G2/><T44/><D44/><U111/><E111/><V73/><F73/><W129/><G129/><T65/><D65/><U71/><E71/><V43/><F43/><W58/><G115/><T33/><D33/><U46/><E1/><V89/><F89/><W84/><G112/><T85/><D85/><U55/><E34/><V133/><F133/><W40/><G40/><T50/><D50/><N who="1" m="29143" /><E35/><V66/><F66/><W47/><G47/><T104/><D104/><U75/><E75/><V51/><F51/><W125/><G125/><AGARI ba="0,0" hai="26,27,93,96,99,100,101,105,124,125,127" m="26730" machi="125" ten="30,1000,0" yaku="18,1" doraHai="119" who="2" fromWho="3" sc="250,0,230,0,250,10,270,-10" /><INIT seed="2,0,0,3,2,16" ten="250,230,260,260" oya="2" hai0="21,1,59,39,76,79,124,115,102,40,103,37,46" hai1="89,121,82,30,99,77,58,22,51,9,118,101,81" hai2="123,7,45,14,67,84,11,126,5,78,68,87,75" hai3="95,88,17,110,32,20,0,8,98,26,97,38,63"/><V10/><F123/><W66/><G38/><T116/><D1/><U120/><E118/><V129/><F129/><W134/><G134/><T4/><D115/><U29/><E9/><V112/><F112/><W100/><G110/><T74/><D4/><U28/><E89/><V33/><F33/><W83/><G32/><T57/><D124/><U19/><E58/><V69/><F126/><W71/><G83/><T111/><D111/><U70/><E70/><V54/><F67/><W3/><REACH who="3" step="1"/><G8/><REACH who="3" ten="250,230,260,250" step="2"/><T72/><D116/><U50/><E120/><V104/><F11/><W49/><G49/><T85/><D37/><U53/><E121/><V127/><F127/><W117/><G117/><T15/><D39/><U47/><E51/><V6/><F10/><W91/><G91/><T125/><D125/><U12/><REACH who="1" step="1"/><E77/><REACH who="1" ten="250,220,260,250" step="2"/><V24/><F78/><W48/><G48/><T135/><D76/><U128/><E128/><V113/><F113/><W60/><G60/><T52/><D79/><U43/><E43/><V41/><F41/><W42/><G42/><T107/><D40/><U73/><E73/><V105/><F75/><W92/><AGARI ba="0,2" hai="0,3,17,20,26,63,66,71,88,92,95,97,98,100" machi="92" ten="20,8000,1" yaku="1,1,0,1,7,1,52,1,54,1,53,0" doraHai="16" doraHaiUra="131" who="3" fromWho="3" sc="250,-20,220,-20,260,-40,250,100" /><INIT seed="3,0,0,5,5,34" ten="230,200,220,350" oya="3" hai0="97,32,124,67,43,4,17,104,66,18,103,33,47" hai1="111,114,55,129,25,95,23,135,13,84,88,50,68" hai2="42,24,92,110,112,65,19,98,82,70,36,16,48" hai3="57,62,30,94,15,37,86,71,102,119,131,134,38"/><W9/><G119/><T79/><D124/><U14/><E114/><V73/><F112/><W72/><G72/><T56/><D79/><U27/><E111/><V106/><F36/><W130/><G71/><T78/><D78/><U46/><E135/><V12/><F106/><W52/><G134/><T120/><D120/><U2/><E129/><N who="3" m="49162" /><G30/><T26/><D4/><U100/><E68/><V69/><F110/><W101/><G86/><T87/><D87/><U40/><E2/><V53/><F42/><W96/><G102/><T11/><D67/><U51/><E100/><V116/><F82/><W90/><G101/><T123/><D123/><U49/><E49/><V83/><F83/><W3/><G3/><T39/><D66/><U107/><E107/><V5/><F73/><W76/><G76/><T8/><D56/><U10/><E10/><N who="2" m="4175" /><F65/><W61/><G61/><T64/><D64/><U35/><E35/><V126/><F126/><W128/><N who="3" m="49170" /><W60/><DORA hai="0" /><G60/><T20/><REACH who="0" step="1"/><D8/><REACH who="0" ten="220,200,220,350" step="2"/><U93/><E93/><V21/><F70/><W28/><G28/><T29/><D29/><N who="1" m="17599" /><E27/><V54/><F69/><W45/><G45/><AGARI ba="0,1" hai="13,14,40,45,46,50,51,55,84,88,95" m="17599" machi="45" ten="30,2000,0" yaku="8,1,54,1" doraHai="34,0" who="1" fromWho="3" sc="220,0,200,30,220,0,350,-20" /><INIT seed="4,0,0,0,0,99" ten="220,230,220,330" oya="0" hai0="48,45,40,112,113,62,61,107,41,30,24,77,9" hai1="94,39,97,38,66,110,129,17,83,82,54,63,80" hai2="70,0,3,58,73,7,21,25,88,135,104,85,55" hai3="128,71,57,8,44,12,37,120,33,118,59,126,98"/><T134/><D107/><U101/><E110/><V18/><F70/><W103/><G118/><T16/><D77/><U106/><E129/><V35/><F73/><W117/><G117/><T50/><D134/><U133/><E133/><V105/><F135/><W13/><G33/><T111/><D111/><U74/><E74/><V65/><F65/><W102/><G71/><T96/><D96/><U131/><E131/><V43/><F43/><W67/><G128/><T5/><D48/><U19/><E54/><V29/><F7/><W56/><G67/><T108/><D40/><U92/><E92/><V4/><F4/><W51/><G37/><T114/><D108/><U121/><E121/><V90/><F90/><W60/><G60/><T46/><D46/><U130/><E130/><V91/><F91/><W10/><G120/><T115/><N who="0" m="28672" /><DORA hai="14" /><T132/><D132/><U47/><E106/><V79/><F79/><W93/><G126/><T6/><D6/><U15/><E47/><V127/><F127/><W49/><G44/><T36/><D36/><U52/><E52/><V125/><F125/><W95/><G59/><T64/><D64/><U22/><REACH who="1" step="1"/><E19/><REACH who="1" ten="220,220,220,330" step="2"/><V78/><F105/><W1/><G98/><T28/><D61/><U75/><E75/><V87/><F104/><W100/><REACH who="3" step="1"/><G100/><REACH who="3" ten="220,220,220,320" step="2"/><T89/><D62/><U27/><E27/><V86/><F25/><W81/><G81/><T72/><D24/><U109/><E109/><V122/><F122/><W34/><G34/><T26/><D26/><U124/><E124/><V2/><F35/><W11/><G11/><T32/><D9/><RYUUKYOKU ba="0,2" sc="220,-15,220,15,220,-15,320,15" hai1="15,17,22,38,39,63,66,80,82,83,94,97,101" hai3="1,8,10,12,13,49,51,56,57,93,95,102,103" /><INIT seed="5,1,2,5,0,120" ten="205,235,205,335" oya="1" hai0="43,102,79,64,49,27,78,97,14,61,115,68,20" hai1="126,132,19,125,77,28,54,129,34,47,107,53,90" hai2="58,93,92,71,41,50,67,106,44,112,16,46,56" hai3="25,75,70,62,87,80,66,108,33,57,11,113,110"/><U3/><E132/><V84/><F106/><W13/><G113/><T130/><D130/><U73/><E129/><V109/><F109/><W9/><G75/><T0/><D0/><U32/><E3/><V111/><F111/><W10/><G70/><T72/><D115/><U51/><E107/><V122/><F122/><W131/><G131/><T29/><D72/><U124/><E28/><V95/><F112/><W121/><G121/><T7/><D7/><U17/><E90/><V88/><F71/><W6/><G6/><T101/><D14/><U21/><E54/><V86/><F67/><W37/><G37/><T30/><D30/><U99/><E99/><V42/><F16/><N who="1" m="6217" /><E21/><V74/><F74/><W82/><G13/><T63/><D63/><U4/><E4/><V100/><F100/><W96/><G96/><T26/><D26/><U15/><E15/><V2/><F2/><W5/><G5/><T55/><D43/><U114/><E114/><V91/><REACH who="2" step="1"/><F95/><REACH who="2" ten="205,235,195,335" step="2"/><W127/><G108/><T39/><D102/><U117/><E117/><V133/><F133/><W69/><G110/><T116/><D116/><U22/><E22/><V36/><AGARI ba="1,3" hai="36,41,42,44,46,50,56,58,84,86,88,91,92,93" machi="36" ten="20,8000,1" yaku="1,1,0,1,7,1,9,1,54,1,53,0" doraHai="120" doraHaiUra="118" who="2" fromWho="2" sc="205,-21,235,-41,195,113,335,-21" /><INIT seed="6,0,0,3,5,76" ten="184,194,308,314" oya="2" hai0="91,36,125,115,83,4,11,22,85,130,117,49,23" hai1="107,118,82,132,80,7,113,68,62,98,90,123,126" hai2="40,61,21,59,42,71,38,1,29,103,122,26,31" hai3="119,8,34,106,95,101,52,89,112,127,64,24,9"/><V47/><F122/><W51/><G119/><T133/><D36/><U13/><E118/><V69/><F1/><W37/><G37/><T43/><D117/><U18/><E123/><V5/><F5/><W55/><G106/><T77/><D125/><U100/><E126/><V72/><F42/><W135/><G127/><T81/><D130/><U16/><E113/><V14/><F14/><W124/><G124/><T58/><D115/><U121/><E121/><V99/><F31/><W104/><G112/><T17/><D133/><U30/><E132/><V92/><REACH who="2" step="1"/><F72/><REACH who="2" ten="184,194,298,314" step="2"/><W78/><G135/><T33/><D17/><U87/><E30/><V20/><F20/><W48/><G34/><T3/><D33/><U46/><E7/><V102/><F102/><W6/><G101/><T134/><D134/><U120/><E120/><V109/><F109/><W50/><G6/><T96/><D23/><U45/><E18/><V15/><F15/><W88/><G24/><T67/><D22/><U41/><E41/><V44/><F44/><W129/><G129/><T105/><D43/><U54/><E13/><V53/><AGARI ba="0,1" hai="21,26,29,38,40,47,53,59,61,69,71,92,99,103" machi="53" ten="20,7800,0" yaku="1,1,0,1,7,1,53,1" doraHai="76" doraHaiUra="97" who="2" fromWho="2" sc="184,-26,194,-26,298,88,314,-26" /><INIT seed="6,1,0,2,4,42" ten="158,168,386,288" oya="2" hai0="116,48,36,70,129,119,13,27,68,76,103,72,123" hai1="39,109,92,53,71,118,61,37,79,108,46,49,5" hai2="47,30,94,52,45,111,41,19,93,105,58,2,128" hai3="122,106,34,133,83,131,7,17,67,6,22,78,44"/><V90/><F105/><W20/><G122/><T18/><D36/><N who="1" m="13899" /><E92/><V51/><F2/><W127/><G106/><T57/><D123/><U15/><E15/><V73/><F73/><W100/><G127/><T3/><D3/><U54/><E79/><V21/><F111/><N who="1" m="42569" /><E5/><V95/><F30/><W104/><G104/><T124/><D124/><U62/><E118/><N who="0" m="45097" /><D27/><U98/><E98/><V66/><F41/><W40/><G34/><T125/><D125/><U96/><E96/><V56/><F128/><W55/><G131/><T88/><D103/><U89/><E89/><V4/><F4/><W35/><G100/><T26/><D26/><U115/><E115/><V121/><F121/><W11/><G35/><T24/><D24/><U135/><E135/><V134/><F134/><W80/><G133/><T113/><D113/><U43/><E71/><V130/><F130/><W0/><G6/><T23/><D88/><U120/><E120/><V86/><F86/><W31/><G0/><T87/><D87/><U32/><E32/><V28/><F28/><W64/><G7/><T101/><D101/><U85/><E85/><V91/><F91/><W8/><G31/><T117/><N who="0" m="45105" /><T10/><DORA hai="75" /><D129/><U50/><E43/><V74/><F90/><W14/><G40/><T84/><D84/><U110/><N who="1" m="42577" /><U126/><DORA hai="65" /><E126/><V97/><F97/><W25/><G25/><T112/><D112/><U60/><E60/><N who="2" m="38167" /><F74/><W29/><G29/><T102/><D102/><U81/><E81/><V59/><F95/><W99/><G83/><N who="0" m="45447" /><D10/><U33/><E33/><V16/><F94/><RYUUKYOKU ba="1,0" sc="158,15,168,15,386,-15,288,-15" hai0="13,18,23,48,57,68,70" hai1="46,49,50,53,54,61,62" /><INIT seed="7,2,0,1,1,121" ten="173,183,371,273" oya="3" hai0="106,34,118,85,63,25,110,59,103,116,83,23,4" hai1="40,64,20,55,115,126,38,1,130,129,97,21,27" hai2="41,100,84,78,82,71,18,133,52,31,105,53,117" hai3="47,124,39,58,45,94,119,98,60,90,131,17,89"/><W10/><G119/><T69/><D110/><U81/><E115/><V61/><F117/><W123/><G123/><T33/><D4/><U16/><E126/><V67/><F41/><W76/><G124/><T11/><D11/><U70/><E1/><V113/><F113/><W108/><G131/><N who="1" m="50186" /><E55/><V128/><F133/><W120/><G120/><T102/><D34/><U9/><E9/><V125/><F125/><W22/><G39/><T49/><D33/><U14/><E81/><V29/><F18/><W132/><G132/><T24/><D118/><U5/><E5/><V32/><F29/><W68/><G68/><T35/><D116/><U42/><E97/><N who="2" m="61583" /><F128/><W80/><G10/><T77/><D35/><U135/><E135/><V107/><F107/><W36/><G36/><T93/><D106/><U109/><E109/><V79/><F78/><W19/><G108/><T75/><D75/><U54/><E54/><V114/><F114/><W8/><G8/><T7/><D7/><U101/><E101/><N who="0" m="38409" /><D93/><U46/><E42/><V92/><F92/><W72/><G89/><T104/><D104/><U86/><E86/><V2/><F2/><W12/><G17/><N who="0" m="12399" /><D69/><U37/><E37/><V62/><F61/><W3/><G3/><T48/><D25/><AGARI ba="2,0" hai="25,31,32,52,53,62,67,71,79,82,84" m="61583" machi="25" ten="30,2000,0" yaku="25,1,54,1" doraHai="121" who="2" fromWho="0" sc="173,-26,183,0,371,26,273,0" owari="147,-35.0,183,-22.0,397,50.0,273,7.0" /></mjloggm>