<mjloggm ver="2.3"><GO type="97" lobby="0"/><UN n0="%59%48%73" n1="%E3%83%88%E3%83%88%E3%83%AA%E5%85%88%E7%94%9F%31%39%E6%AD%B3" n2="%E2%97%86%E3%82%82%E3%81%86%E3%82%89%E2%97%86" n3="%E3%83%81%E3%82%AD%E3%83%B3" dan="13,15,14,14" rate="1805.59,2092.34,1870.00,1915.13" sx="M,F,M,M"/><TAIKYOKU oya="0"/><INIT seed="0,0,0,3,3,125" ten="250,250,250,250" oya="0" hai0="46,50,128,101,0,113,124,47,51,105,106,26,119" hai1="77,86,130,9,17,126,99,129,96,38,104,87,64" hai2="89,5,37,24,123,117,127,93,120,135,88,110,76" hai3="43,73,98,81,58,57,74,109,75,133,61,121,48"/><T103/><D26/><U62/><E38/><V14/><F37/><W100/><G133/><T66/><D124/><U45/><E126/><V27/><F127/><W122/><G109/><T80/><D0/><U23/><E45/><V31/><F117/><W7/><G7/><T35/><D35/><U131/><E9/><V36/><F36/><W28/><G28/><T115/><D66/><U10/><E10/><V112/><F112/><W12/><G12/><T3/><D3/><U90/><E77/><V6/><F135/><W42/><G81/><T4/><D80/><N who="1" m="49479" /><E87/><V34/><F110/><W111/><G111/><T53/><D4/><U1/><E104/><V134/><F134/><W11/><G11/><T85/><D85/><U30/><E30/><V67/><F76/><W19/><G19/><T97/><D119/><U54/><E54/><V8/><F6/><W78/><G78/><T107/><D128/><U2/><E2/><V84/><F27/><W79/><G79/><T18/><D18/><U114/><E1/><V22/><F34/><W13/><G13/><T59/><D59/><N who="1" m="36959" /><E114/><V21/><F21/><W20/><G20/><T70/><D70/><U102/><E102/><V44/><F89/><W116/><G116/><T94/><D103/><U55/><E55/><AGARI ba="0,0" hai="46,47,50,51,53,55,94,97,101,105,106,107,113,115" machi="55" ten="40,2000,0" yaku="9,1" doraHai="125" who="0" fromWho="1" sc="250,20,250,-20,250,0,250,0" /><INIT seed="0,1,0,3,3,46" ten="270,230,250,250" oya="0" hai0="69,81,75,37,33,40,30,60,45,21,23,17,18" hai1="64,39,25,134,124,63,13,34,113,66,6,44,77" hai2="109,71,16,84,52,97,82,101,59,65,105,100,129" hai3="49,96,53,61,68,62,130,51,70,110,99,31,116"/><T55/><D33/><U20/><E134/><V119/><F119/><W26/><G116/><T123/><D30/><U90/><E124/><V7/><F129/><W24/><G110/><T102/><D102/><U93/><E113/><V35/><F35/><W112/><G112/><T9/><D9/><U5/><E34/><V133/><F109/><W120/><G120/><T28/><D28/><U76/><E44/><V88/><F101/><W106/><G53/><T15/><D75/><U132/><E39/><V50/><F133/><W91/><G91/><T74/><D74/><U14/><E132/><V92/><F7/><N who="1" m="2569" /><E63/><V3/><F3/><W126/><G31/><T95/><D81/><U38/><E38/><V19/><F65/><N who="1" m="25193" /><E77/><V67/><F67/><W58/><G58/><T94/><D69/><U107/><E76/><V73/><F71/><W103/><G103/><T42/><D42/><U80/><E80/><V48/><F48/><W86/><G86/><T2/><D2/><U56/><E56/><V54/><F54/><W115/><G115/><T85/><D85/><N who="1" m="52431" /><E107/><V32/><F32/><W117/><G106/><T47/><D123/><U89/><E89/><V10/><F10/><W98/><G98/><T4/><D4/><U29/><AGARI ba="1,0" hai="13,14,20,25,29" m="52431,25193,2569" machi="29" ten="30,1100,0" yaku="8,1" doraHai="46" who="1" fromWho="1" sc="270,-6,230,14,250,-4,250,-4" /><INIT seed="1,0,0,5,2,130" ten="264,244,246,246" oya="1" hai0="103,99,94,100,36,2,83,52,104,22,27,73,19" hai1="20,38,127,39,45,16,7,3,95,69,122,134,75" hai2="15,116,101,1,13,97,86,121,9,115,87,113,6" hai3="78,58,48,70,65,28,74,56,80,61,111,112,76"/><U14/><E122/><V62/><F116/><W4/><G112/><T117/><D36/><U92/><E69/><V89/><F121/><W67/><G111/><T18/><D2/><U54/><E75/><V102/><F62/><W42/><G78/><T11/><D104/><U30/><E127/><V126/><F126/><W21/><G4/><T77/><D117/><U46/><E134/><V105/><F102/><W123/><G123/><T79/><D79/><U8/><E39/><V72/><F72/><W118/><G118/><T40/><D40/><U5/><E5/><V114/><REACH who="2" step="1"/><F87/><REACH who="2" ten="264,244,236,246" step="2"/><W64/><G70/><T57/><D103/><U23/><E38/><V43/><F43/><W96/><G96/><T55/><D55/><U131/><E131/><V133/><F133/><W93/><G61/><T106/><D106/><U90/><E54/><V35/><F35/><W125/><G125/><T31/><REACH who="0" step="1"/><D11/><REACH who="0" ten="254,244,236,246" step="2"/><U135/><E8/><V60/><F60/><AGARI ba="0,2" hai="18,19,22,27,31,52,57,60,73,77,83,94,99,100" machi="60" ten="30,7700,0" yaku="1,1,2,1,7,1,54,1,53,0" doraHai="130" doraHaiUra="120" who="0" fromWho="2" sc="254,97,244,0,236,-77,246,0" /><INIT seed="2,0,0,4,5,88" ten="351,244,159,246" oya="2" hai0="54,84,112,128,123,109,3,126,115,99,130,74,116" hai1="48,66,114,135,105,19,134,101,122,86,30,90,43" hai2="62,42,50,121,7,81,106,118,36,10,31,83,55" hai3="21,39,85,132,53,124,9,117,8,110,104,94,29"/><V2/><F121/><W97/><G104/><T64/><D54/><U82/><E114/><N who="0" m="43561" /><D64/><U28/><E122/><V4/><F118/><W23/><G39/><T95/><D3/><U49/><E66/><V13/><F106/><W131/><G117/><T125/><D116/><U80/><E80/><V26/><F62/><W56/><G110/><T102/><D109/><U107/><E19/><V79/><F7/><W65/><G65/><T47/><D47/><N who="1" m="25727" /><E49/><V98/><F13/><W58/><G132/><N who="1" m="50730" /><E101/><V14/><F14/><W113/><G113/><T18/><D18/><U63/><E63/><V92/><F79/><W127/><G131/><N who="0" m="50219" /><D74/><U119/><E119/><V33/><F42/><W44/><G44/><T60/><D60/><U68/><E68/><V89/><F36/><W6/><G6/><T77/><D123/><U37/><E37/><V17/><REACH who="2" step="1"/><F17/><REACH who="2" ten="351,244,149,246" step="2"/><W20/><G127/><T45/><D45/><AGARI ba="0,1" hai="2,4,10,26,31,33,45,50,55,81,83,89,92,98" machi="45" ten="30,11600,0" yaku="1,1,2,1,7,1,52,1,53,0" doraHai="88" doraHaiUra="100" who="2" fromWho="0" sc="351,-116,244,0,149,126,246,0" /><INIT seed="2,1,0,0,5,82" ten="235,244,275,246" oya="2" hai0="7,19,84,65,40,112,61,79,129,66,122,72,14" hai1="60,111,119,68,27,17,62,103,33,110,124,76,81" hai2="125,131,8,22,114,48,9,105,52,39,127,56,80" hai3="91,30,12,50,37,97,6,94,106,20,130,121,120"/><V75/><F39/><W16/><G37/><T71/><D72/><U116/><E124/><N who="2" m="47691" /><F114/><W59/><G106/><T64/><D7/><U74/><E103/><V32/><F32/><W54/><G130/><T135/><D129/><U108/><E17/><V78/><F131/><W132/><G132/><T87/><D135/><U104/><E104/><V55/><F105/><W93/><G30/><T44/><D112/><U67/><REACH who="1" step="1"/><E62/><REACH who="1" ten="235,234,275,246" step="2"/><N who="2" m="36103" /><F22/><W36/><G6/><T23/><D122/><U47/><E47/><AGARI ba="1,1" hai="8,9,47,48,55,75,78,80" m="36103,47691" machi="47" ten="30,2900,0" yaku="18,1,54,1" doraHai="82" who="2" fromWho="1" sc="235,0,234,-32,275,42,246,0" /><INIT seed="2,2,0,1,3,9" ten="235,202,317,246" oya="2" hai0="45,106,43,39,130,37,68,116,38,28,19,125,27" hai1="110,111,134,92,48,90,135,115,95,34,11,131,62" hai2="100,101,133,15,118,93,70,120,127,126,71,91,46" hai3="103,121,6,88,69,2,35,40,57,33,30,98,67"/><V12/><F120/><W84/><G121/><T42/><D19/><U56/><E34/><V18/><F118/><W54/><G69/><T7/><D116/><U59/><E115/><V64/><F133/><N who="1" m="50697" /><E131/><V20/><F46/><W87/><G40/><T26/><D26/><U1/><E48/><V60/><F71/><W66/><G87/><T109/><D130/><U25/><E25/><V58/><F70/><W83/><G33/><T82/><D125/><N who="2" m="47626" /><F12/><W14/><G2/><T53/><D68/><U119/><E119/><V129/><F129/><W24/><G6/><T41/><D7/><N who="1" m="1519" /><E56/><V16/><F18/><W44/><G44/><T108/><D82/><U94/><E59/><V123/><F123/><W17/><G57/><T3/><D3/><U63/><E90/><V112/><F112/><W0/><G0/><T50/><D106/><U73/><E73/><V72/><F72/><W51/><G51/><T89/><D89/><U114/><E114/><V47/><F47/><W81/><G54/><T102/><D102/><U31/><E31/><V74/><F74/><W29/><G29/><T32/><AGARI ba="2,0" hai="27,28,32,37,38,39,41,42,43,45,50,53,108,109" machi="32" ten="40,1500,0" yaku="0,1" doraHai="9" who="0" fromWho="0" sc="235,21,202,-6,317,-9,246,-6" /><INIT seed="3,0,0,3,0,88" ten="256,196,308,240" oya="3" hai0="38,87,19,112,122,44,76,70,46,106,32,40,4" hai1="36,20,89,121,10,129,85,61,48,110,65,109,127" hai2="49,94,9,41,30,66,13,90,64,116,120,7,1" hai3="114,0,107,91,18,80,74,125,105,96,3,133,115"/><W117/><G18/><T42/><D70/><U81/><E121/><V16/><F116/><W98/><G0/><T130/><D106/><N who="3" m="40457" /><G3/><T15/><D32/><U108/><E36/><V113/><F113/><N who="3" m="43019" /><G117/><T68/><D122/><U118/><E118/><V21/><F120/><W27/><G27/><T33/><D33/><U72/><E129/><V34/><F41/><W29/><G29/><T14/><D130/><U56/><E127/><V95/><F49/><W69/><G69/><T103/><D103/><U92/><E10/><V50/><F50/><W126/><G133/><T25/><D68/><U97/><E72/><V111/><F90/><W119/><G119/><T84/><D76/><U2/><E2/><V22/><F22/><W71/><G71/><T100/><D100/><U26/><E48/><V135/><F135/><W73/><G80/><T54/><D54/><U63/><E63/><V55/><F55/><W79/><G79/><T93/><D25/><U128/><E128/><V75/><F75/><N who="3" m="28683" /><G91/><T58/><D112/><U78/><REACH who="1" step="1"/><E109/><REACH who="1" ten="256,186,308,240" step="2"/><V37/><F111/><W86/><G86/><T52/><D87/><U60/><E60/><V24/><F37/><W23/><G126/><T17/><D38/><U57/><E57/><V82/><F82/><W6/><G125/><T45/><D42/><U51/><E51/><V5/><F5/><W67/><G98/><T35/><D40/><U104/><E104/><V124/><F124/><W131/><G96/><T123/><D58/><U101/><E101/><V99/><F99/><W43/><G131/><T28/><D123/><U132/><E132/><RYUUKYOKU ba="0,1" sc="256,-15,186,15,308,15,240,-15" hai1="20,26,56,61,65,78,81,85,89,92,97,108,110" hai2="1,7,9,13,16,21,24,30,34,64,66,94,95" owari="241,4.0,201,-30.0,333,43.0,225,-17.0" /></mjloggm>