<mjloggm ver="2.3"><GO type="169" lobby="0"/><UN n0="%6B%69%6E%67%32%33%32%33" n1="%E2%98%85%E9%9B%80%E9%AC%BC%E7%99%BE%E7%80%AC%E2%98%85" n2="%E3%82%A6%E3%83%AB%E3%83%88%E3%83%A9%E7%AB%8B%E7%9B%B4" n3="%E3%81%AE%E3%81%A9%E3%81%94%E3%81%97%E3%80%88%E7%94%9F%E3%80%89" dan="17,18,18,16" rate="2158.59,2188.56,2171.26,2064.56" sx="M,M,M,M"/><TAIKYOKU oya="0"/><INIT seed="0,0,0,2,1,23" ten="250,250,250,250" oya="0" hai0="5,71,35,28,52,32,9,105,82,101,98,121,68" hai1="117,25,72,109,116,100,88,26,6,108,46,8,127" hai2="14,125,128,67,57,20,66,106,112,103,60,130,132" hai3="114,76,91,54,15,10,70,1,129,92,86,4,97"/><T81/><D121/><U94/><E72/><V17/><F112/><W104/><G70/><T22/><D35/><U45/><E100/><V85/><F125/><W44/><G114/><T96/><D32/><U87/><E127/><V29/><F132/><W99/><G129/><N who="2" m="49769" /><F85/><W115/><G115/><T64/><D96/><U31/><E45/><V123/><F123/><W90/><G76/><T55/><D68/><U38/><E46/><V58/><F29/><W42/><G54/><T21/><D81/><U50/><E50/><V56/><F67/><W120/><G104/><T119/><D119/><N who="1" m="45643" /><E38/><V84/><F84/><W19/><G91/><T73/><D71/><U65/><E31/><V16/><F17/><W39/><G120/><T124/><D124/><U30/><E30/><V61/><F61/><W40/><G40/><T51/><D64/><U111/><E65/><V0/><F0/><AGARI ba="0,0" hai="0,6,8,25,26,87,88,94,108,109,111" m="45643" machi="0" ten="40,8000,1" yaku="14,1,52,2,54,1" doraHai="23" who="1" fromWho="2" sc="250,0,250,80,250,-80,250,0" /><INIT seed="1,0,0,5,5,50" ten="250,330,170,250" oya="1" hai0="123,95,41,37,28,36,52,48,86,8,72,35,25" hai1="113,82,133,74,70,102,14,30,29,97,81,132,131" hai2="57,68,110,93,32,22,46,4,42,18,21,17,100" hai3="43,101,78,40,125,3,92,77,94,84,124,6,128"/><U107/><E70/><V122/><F68/><W31/><G31/><T1/><D72/><U115/><E29/><V19/><F122/><W33/><G33/><T127/><D41/><U60/><E30/><V69/><F69/><W109/><G6/><T104/><D104/><U9/><E60/><V58/><F32/><W76/><G3/><T103/><D127/><N who="3" m="48713" /><G43/><T112/><D112/><N who="1" m="43083" /><E74/><V20/><F110/><W119/><G109/><T96/><D123/><U0/><E0/><V108/><F108/><W66/><G40/><T116/><D116/><U79/><E79/><V55/><F4/><W120/><G66/><T63/><D1/><U12/><E12/><V111/><F111/><W24/><G24/><T130/><D8/><U65/><E65/><V85/><F42/><W15/><G15/><T34/><D34/><U53/><E14/><V89/><F100/><W56/><G56/><T39/><D86/><U38/><E9/><V27/><F27/><W135/><G120/><T105/><D63/><U121/><E121/><V134/><F134/><W90/><G135/><T88/><D130/><U49/><E131/><V45/><REACH who="2" step="1"/><F58/><REACH who="2" ten="250,330,160,250" step="2"/><W47/><G128/><T118/><D118/><U62/><E133/><V10/><F10/><W117/><G47/><T5/><D5/><U67/><E132/><V83/><F83/><W126/><G126/><T2/><D2/><U61/><E81/><V75/><F75/><W73/><G73/><T114/><D114/><U129/><E82/><V13/><F13/><W106/><G106/><T64/><D105/><N who="1" m="63695" /><E129/><V11/><F11/><W87/><G101/><RYUUKYOKU ba="0,1" sc="250,-15,330,-15,160,15,250,15" hai2="17,18,19,20,21,22,45,46,55,57,85,89,93" hai3="76,77,78,84,87,90,92,94,117,119" /><INIT seed="2,1,1,0,0,111" ten="235,315,175,265" oya="2" hai0="82,85,8,22,41,24,51,134,66,54,20,30,110" hai1="130,63,72,126,99,0,116,103,62,3,10,55,18" hai2="88,127,2,57,133,53,61,42,115,76,26,28,128" hai3="68,34,113,129,80,94,48,64,95,118,56,29,81"/><V31/><F2/><W84/><G68/><T122/><D122/><U43/><E72/><V123/><F123/><W106/><G106/><T6/><D110/><U114/><E116/><V132/><F127/><W98/><G29/><T65/><D134/><N who="2" m="51818" /><F128/><W58/><G34/><T27/><D41/><U9/><E0/><V19/><F76/><W93/><G118/><T17/><D6/><U35/><E3/><V109/><F109/><W121/><G80/><T120/><D8/><U101/><E130/><V135/><N who="2" m="51826" /><V73/><DORA hai="16" /><F73/><W60/><G113/><T45/><REACH who="0" step="1"/><D120/><REACH who="0" ten="225,315,175,265" step="2"/><U4/><E4/><V70/><F42/><W37/><G121/><T23/><D23/><U1/><E43/><V67/><F115/><W12/><G129/><T14/><D14/><U38/><E114/><V52/><F70/><W90/><G12/><T119/><D119/><U71/><E71/><V117/><F117/><W83/><G37/><T50/><D50/><U104/><E1/><V7/><F7/><W11/><G11/><T59/><D59/><U75/><E38/><V36/><F36/><W69/><G69/><T131/><D131/><U124/><E9/><V91/><F19/><W102/><G48/><T107/><D107/><U39/><E18/><V77/><F31/><W5/><G5/><T78/><AGARI ba="1,2" hai="17,20,22,24,27,30,45,51,54,65,66,78,82,85" machi="78" ten="20,12000,2" yaku="1,1,0,1,7,1,8,1,52,2,53,1" doraHai="111,16" doraHaiUra="97,47" who="0" fromWho="0" sc="225,143,315,-31,175,-61,265,-31" /><BYE who="2" /><INIT seed="3,0,0,2,0,133" ten="368,284,114,234" oya="3" hai0="111,13,126,45,64,66,118,47,84,12,57,14,54" hai1="78,61,49,96,89,124,27,59,72,20,33,105,120" hai2="85,8,35,75,130,83,52,58,39,117,104,4,71" hai3="65,107,94,55,32,24,74,123,38,77,86,90,68"/><W26/><G38/><UN n2="%E3%82%A6%E3%83%AB%E3%83%88%E3%83%A9%E7%AB%8B%E7%9B%B4" /><T63/><D118/><U17/><E120/><V3/><F35/><W129/><G107/><T134/><D134/><U15/><E72/><V101/><F117/><W100/><G100/><T112/><D112/><U56/><E78/><V11/><F130/><W80/><G32/><T79/><D111/><U132/><E132/><V122/><F122/><W22/><G65/><T41/><D126/><U2/><E2/><V48/><F71/><W34/><G68/><T95/><D45/><U29/><E124/><V67/><F39/><W108/><G34/><T82/><REACH who="0" step="1"/><D95/><REACH who="0" ten="358,284,114,234" step="2"/><U92/><E105/><V6/><F104/><W53/><G108/><T0/><D0/><U16/><E61/><V87/><F101/><W30/><G123/><T127/><D127/><U128/><E128/><V93/><F93/><W7/><G129/><T40/><D40/><U69/><E69/><V113/><F113/><W81/><G94/><T10/><D10/><U73/><E92/><V97/><F8/><W50/><G81/><T51/><AGARI ba="0,1" hai="12,13,14,41,47,51,54,57,63,64,66,79,82,84" machi="51" ten="30,4000,0" yaku="1,1,0,1,8,1,53,0" doraHai="133" doraHaiUra="121" who="0" fromWho="0" sc="358,50,284,-10,114,-10,234,-20" /><INIT seed="4,0,0,5,3,17" ten="408,274,104,214" oya="0" hai0="92,31,88,32,55,91,53,43,7,54,106,130,76" hai1="33,73,81,61,127,109,38,63,15,25,105,71,89" hai2="113,52,100,90,0,45,13,108,72,65,133,47,14" hai3="59,74,4,10,41,132,110,107,135,119,80,70,83"/><T117/><D117/><U51/><E38/><V103/><F72/><W56/><G70/><T35/><D106/><U124/><E105/><V48/><F0/><W68/><G68/><T134/><D134/><U82/><E109/><V62/><F108/><W46/><G107/><T5/><D130/><U11/><E71/><V8/><F133/><N who="3" m="51275" /><G119/><T120/><D120/><U50/><E73/><V87/><F47/><W112/><G112/><T118/><D118/><U97/><E97/><V129/><F129/><W37/><G110/><T64/><D64/><U114/><E114/><V69/><F113/><W122/><G122/><T96/><D43/><U16/><E33/><V34/><F34/><W40/><G40/><T86/><D76/><U78/><E78/><V116/><F116/><W29/><G29/><T26/><REACH who="0" step="1"/><D35/><REACH who="0" ten="398,274,104,214" step="2"/><U21/><E127/><V84/><F65/><W98/><G41/><T6/><D6/><U115/><E124/><V57/><F69/><W95/><G4/><T67/><D67/><U1/><E115/><V126/><F126/><W111/><G111/><T125/><D125/><U94/><E1/><V27/><F103/><W18/><G74/><T121/><D121/><U104/><E104/><V85/><F100/><W49/><G37/><T9/><D9/><U123/><E123/><V36/><F8/><W24/><G10/><T131/><D131/><U128/><E128/><V93/><F36/><W44/><G49/><T2/><D2/><U39/><E39/><V60/><F48/><N who="1" m="18473" /><E61/><V3/><F62/><W66/><G44/><T20/><D20/><U79/><E63/><RYUUKYOKU ba="0,1" sc="398,30,274,-10,104,-10,214,-10" hai0="5,7,26,31,32,53,54,55,86,88,91,92,96" /><INIT seed="4,1,1,0,5,76" ten="428,264,94,204" oya="0" hai0="62,132,67,86,17,49,14,110,11,26,133,135,20" hai1="1,64,123,68,63,10,70,47,19,41,107,81,22" hai2="82,37,134,104,51,45,109,25,16,94,116,56,122" hai3="27,74,97,32,6,91,87,99,30,18,119,12,73"/><T13/><D110/><U113/><E107/><V58/><F104/><W38/><G38/><T53/><D86/><U98/><E123/><V117/><F109/><W59/><G59/><N who="0" m="33199" /><D11/><U39/><E98/><V79/><F122/><W72/><G6/><T112/><D112/><U118/><E118/><N who="2" m="45675" /><F37/><W106/><G106/><T111/><D111/><U40/><E40/><N who="2" m="24999" /><F134/><N who="0" m="34306" /><T126/><DORA hai="9" /><D126/><U61/><E113/><V52/><F52/><W120/><G120/><T31/><D31/><U114/><E114/><V121/><F94/><W34/><G119/><T46/><D46/><U29/><E47/><V55/><F55/><W103/><G34/><T7/><D7/><U69/><E41/><V2/><F2/><W50/><G50/><T5/><D5/><U57/><E1/><V36/><F36/><W92/><REACH who="3" step="1"/><G103/><REACH who="3" ten="428,264,94,194" step="2"/><T129/><D129/><U66/><E39/><V125/><F121/><W85/><G85/><T102/><D102/><U4/><E4/><V28/><F125/><W105/><G105/><T78/><D78/><U115/><E115/><V127/><F127/><W0/><G0/><T54/><D54/><U15/><E64/><V90/><F90/><W83/><G83/><T101/><D101/><U60/><E81/><V108/><F108/><W84/><G84/><T23/><D62/><U95/><E95/><V44/><F82/><W77/><G77/><T35/><D67/><U33/><E33/><N who="2" m="20623" /><F79/><W131/><G131/><T80/><D80/><U89/><E89/><V100/><F100/><W124/><G124/><T43/><D35/><U48/><E48/><V128/><F128/><RYUUKYOKU ba="1,2" sc="428,-15,264,15,94,-15,194,15" hai1="10,15,19,22,29,57,60,61,63,66,68,69,70" hai3="12,18,27,30,32,72,73,74,87,91,92,97,99" /><INIT seed="5,2,2,5,2,11" ten="413,279,79,209" oya="1" hai0="39,58,102,22,83,46,30,120,42,74,131,135,24" hai1="133,97,0,81,7,10,27,23,86,48,127,56,40" hai2="129,104,79,106,52,31,112,125,35,105,111,69,67" hai3="87,55,2,128,54,100,75,71,17,20,96,84,88"/><U47/><E127/><V121/><F121/><W122/><G71/><T109/><D109/><U8/><E133/><V68/><F111/><W19/><G75/><T72/><D135/><U93/><E56/><V114/><F125/><W9/><G84/><T64/><D131/><U15/><E0/><V119/><F119/><W65/><G65/><T124/><D124/><U123/><E10/><V95/><F129/><W28/><G28/><T45/><D120/><U76/><E123/><V60/><F69/><W57/><G57/><T32/><D102/><U5/><E5/><V21/><F21/><W50/><G50/><T33/><D46/><U62/><E62/><V73/><F95/><W14/><G128/><T94/><D94/><U77/><E77/><V18/><F18/><W37/><G37/><T13/><D83/><U4/><E4/><V85/><F85/><W110/><G110/><T63/><REACH who="0" step="1"/><D32/><REACH who="0" ten="403,279,79,209" step="2"/><U6/><E93/><V36/><F36/><W108/><G108/><T113/><D113/><U118/><E118/><V29/><F35/><W26/><G122/><T53/><D53/><U116/><E116/><V126/><F126/><W92/><G2/><T82/><D82/><AGARI ba="2,3" hai="9,14,17,19,20,26,54,55,82,87,88,92,96,100" machi="82" ten="30,7700,0" yaku="7,1,8,1,52,1,54,1" doraHai="11" who="3" fromWho="0" sc="403,-83,279,0,79,0,209,113" /><INIT seed="6,0,0,1,1,6" ten="320,279,79,322" oya="2" hai0="120,100,114,9,31,124,50,34,111,48,122,76,91" hai1="135,65,36,83,13,52,92,35,58,45,133,37,108" hai2="134,105,60,12,107,97,69,128,20,17,84,64,123" hai3="40,16,30,109,43,79,28,53,95,3,18,2,68"/><V126/><F123/><W55/><G68/><T127/><D111/><U115/><E35/><V77/><F126/><N who="0" m="48170" /><D114/><U46/><E108/><V75/><F128/><W24/><G79/><T90/><D76/><U47/><E83/><V56/><F134/><N who="1" m="51209" /><E115/><V113/><F113/><W118/><G95/><T103/><D9/><U72/><E72/><V21/><F75/><W71/><G71/><T74/><D74/><U8/><E92/><V112/><F112/><W41/><G118/><T119/><D31/><N who="3" m="11817" /><G24/><T59/><D34/><U101/><E101/><N who="0" m="38985" /><D59/><U86/><E86/><V130/><F130/><W117/><G117/><T66/><D66/><U89/><E89/><N who="0" m="33801" /><D119/><U10/><E65/><V15/><F69/><W61/><G61/><T44/><D44/><U29/><E29/><V121/><F121/><AGARI ba="0,0" hai="48,50,120,121,122" m="33801,38985,48170" machi="121" ten="40,5200,0" yaku="28,2,18,1" doraHai="6" who="0" fromWho="2" sc="320,52,279,0,79,-52,322,0" /><INIT seed="7,0,0,1,3,81" ten="372,279,27,322" oya="3" hai0="87,130,15,110,80,107,7,105,40,42,95,30,2" hai1="50,117,5,28,101,38,25,45,72,59,22,55,88" hai2="37,100,12,21,49,113,16,4,127,109,129,0,131" hai3="41,13,52,54,77,19,51,11,6,43,99,74,104"/><W69/><G69/><T123/><D2/><U112/><E72/><V27/><F49/><W124/><G74/><T53/><D53/><U18/><E112/><V32/><F100/><W103/><G77/><T84/><D95/><U36/><E117/><V62/><F62/><W115/><G124/><T67/><D15/><U120/><E120/><V97/><F97/><W71/><G71/><T26/><D40/><U63/><E101/><V33/><F37/><W78/><G78/><T133/><D84/><U73/><E73/><V47/><F47/><W23/><G54/><T70/><D26/><U8/><E28/><V34/><F127/><W93/><G104/><T96/><D67/><U75/><E75/><V29/><F113/><W64/><G64/><T44/><D96/><U20/><E20/><V86/><F86/><W66/><G66/><T98/><D30/><U111/><E111/><V132/><F132/><W106/><G106/><T89/><D44/><U9/><E9/><V17/><F109/><W122/><G122/><T91/><D87/><U126/><E126/><V83/><F83/><W58/><REACH who="3" step="1"/><G115/><REACH who="3" ten="372,279,27,312" step="2"/><T125/><D105/><U10/><E10/><N who="2" m="2311" /><F129/><W121/><G121/><T48/><D107/><U118/><E118/><V60/><F131/><W68/><G68/><T24/><D130/><U3/><REACH who="1" step="1"/><E88/><REACH who="1" ten="372,269,27,312" step="2"/><V116/><F116/><W61/><G61/><T119/><D89/><U135/><E135/><V134/><F134/><W39/><G39/><T85/><D91/><U31/><E31/><V79/><F29/><W65/><G65/><AGARI ba="0,2" hai="3,5,8,18,22,25,36,38,45,50,55,59,63,65" machi="65" ten="30,2000,0" yaku="1,1,7,1,53,0" doraHai="81" doraHaiUra="76" who="1" fromWho="3" sc="372,0,269,40,27,0,312,-20" owari="372,47.0,309,11.0,27,-47.0,292,-11.0" /></mjloggm>