<mjloggm ver="2.3"><GO type="169" lobby="0"/><UN n0="%79%6F%6A%6F" n1="%EF%BC%A4%EF%BC%B2%EF%BC%AF%EF%BC%B0" n2="%E3%82%A6%E3%83%AB%E3%83%88%E3%83%A9%E7%AB%8B%E7%9B%B4" n3="%E3%81%A8%E3%82%82%E3%81%8D%E3%82%85%E3%82%93%E2%99%AA" dan="16,16,17,16" rate="2071.24,2077.23,2210.33,2144.46" sx="F,M,M,F"/><TAIKYOKU oya="0"/><INIT seed="0,0,0,3,1,75" ten="250,250,250,250" oya="0" hai0="117,28,84,120,47,22,15,10,87,98,135,3,119" hai1="55,67,108,71,29,48,11,45,126,36,91,8,39" hai2="7,19,89,20,63,35,72,38,60,103,68,49,95" hai3="101,44,41,129,9,107,85,21,6,65,64,74,58"/><T17/><D120/><U33/><E108/><V32/><F38/><W34/><G74/><T54/><D135/><U130/><E126/><V57/><F68/><W69/><G69/><T100/><D117/><U94/><E130/><V24/><F103/><W81/><G34/><T1/><D119/><U26/><E67/><V110/><F110/><W114/><G114/><T51/><D3/><U113/><E71/><V133/><F133/><W105/><G129/><T31/><D31/><U16/><E113/><V14/><F72/><W80/><G80/><T97/><D1/><U122/><E122/><V37/><F37/><W4/><G21/><T134/><D134/><U127/><E127/><V66/><F60/><W92/><G105/><T40/><D40/><U124/><E8/><V86/><F49/><N who="3" m="26767" /><G107/><T12/><D28/><U123/><E123/><V59/><F59/><W112/><G112/><T53/><D53/><U88/><E91/><V70/><F70/><W77/><G58/><T104/><REACH who="0" step="1"/><D97/><REACH who="0" ten="240,250,250,250" step="2"/><U27/><E124/><V96/><F96/><N who="3" m="59527" /><G9/><T73/><D73/><U82/><E11/><N who="2" m="4479" /><F32/><W118/><G118/><T5/><AGARI ba="0,1" hai="5,10,12,15,17,22,47,51,54,84,87,98,100,104" machi="5" ten="20,7800,0" yaku="1,1,0,1,7,1,53,1" doraHai="75" doraHaiUra="46" who="0" fromWho="0" sc="240,88,250,-26,250,-26,250,-26" /><INIT seed="0,1,0,5,1,36" ten="328,224,224,224" oya="0" hai0="74,4,97,48,55,39,68,50,87,17,34,38,108" hai1="104,133,116,40,109,106,107,96,125,62,130,19,7" hai2="42,119,98,33,66,37,135,8,21,67,76,126,58" hai3="26,120,23,123,59,101,79,88,93,89,71,9,114"/><T118/><D74/><U11/><E116/><V113/><F33/><W100/><G71/><T44/><D34/><U54/><E109/><V2/><F113/><W110/><G110/><T86/><D4/><U129/><E125/><V24/><F126/><W111/><G111/><T80/><D68/><U78/><E133/><V5/><F135/><W103/><G79/><T3/><D3/><U18/><E78/><V12/><F119/><W14/><G114/><T57/><D118/><U51/><E96/><V31/><F58/><W92/><G59/><T84/><D108/><U77/><E77/><V16/><F76/><W6/><G92/><T49/><D97/><U0/><E62/><V32/><REACH who="2" step="1"/><F98/><REACH who="2" ten="328,224,214,224" step="2"/><W20/><G120/><T115/><D57/><U131/><REACH who="1" step="1"/><E54/><REACH who="1" ten="328,214,214,224" step="2"/><V22/><F22/><W25/><G123/><T13/><D55/><U43/><E43/><V70/><F70/><W128/><G128/><T127/><D127/><U72/><E72/><V64/><F64/><W73/><G73/><T99/><D99/><U47/><AGARI ba="1,2" hai="0,7,11,18,19,40,47,51,104,106,107,129,130,131" machi="47" ten="40,12000,2" yaku="1,1,0,1,19,1,52,1,53,3" doraHai="36" doraHaiUra="124" who="1" fromWho="1" sc="328,-61,214,143,214,-31,224,-31" /><INIT seed="1,0,0,5,4,93" ten="267,357,183,193" oya="1" hai0="83,35,56,125,42,128,1,6,73,131,43,15,60" hai1="127,119,81,29,122,20,45,103,0,49,48,100,38" hai2="126,107,53,114,71,123,92,96,64,25,88,102,23" hai3="26,135,112,24,28,116,36,109,55,113,30,37,133"/><U124/><E122/><V44/><F126/><W19/><G55/><T63/><D35/><U95/><E0/><V51/><F123/><W89/><G89/><T101/><D125/><N who="1" m="48203" /><E81/><V7/><F114/><W67/><G67/><T32/><D32/><U2/><E2/><V117/><F117/><W57/><G57/><T78/><D1/><U34/><E34/><V79/><F79/><W41/><G41/><T104/><D63/><U4/><E4/><V8/><F64/><W62/><G62/><T39/><D39/><U14/><E38/><V33/><F33/><W129/><G116/><T10/><D43/><U18/><E29/><V74/><F74/><W13/><G129/><T120/><D42/><N who="1" m="24631" /><E119/><V108/><F7/><W12/><REACH who="3" step="1"/><G19/><REACH who="3" ten="267,357,183,183" step="2"/><T16/><D16/><U58/><E58/><V110/><F71/><W105/><G105/><T76/><D104/><U17/><E17/><V66/><F107/><W5/><G5/><T84/><D6/><U65/><E65/><V68/><F66/><W85/><G85/><T99/><D84/><U130/><E130/><V47/><F68/><W50/><G50/><T115/><D56/><U22/><E49/><V80/><F51/><W132/><G132/><T21/><D131/><U82/><E18/><N who="2" m="12535" /><F47/><W94/><G94/><T86/><D128/><U70/><E95/><V9/><F44/><W52/><G52/><T11/><D60/><U121/><E70/><V98/><F53/><W77/><G77/><T111/><D78/><U75/><E121/><V3/><F92/><W59/><G59/><T91/><D120/><U90/><E90/><RYUUKYOKU ba="0,1" sc="267,-10,357,-10,183,-10,183,30" hai3="12,13,24,26,28,30,36,37,109,112,113,133,135" /><INIT seed="2,1,1,3,3,10" ten="257,347,173,213" oya="2" hai0="4,57,72,121,79,69,83,22,27,76,49,52,13" hai1="23,54,125,61,134,17,58,34,97,129,70,87,118" hai2="47,101,28,32,63,42,3,62,31,117,132,133,71" hai3="6,68,7,18,120,94,111,80,33,106,30,119,20"/><V0/><F101/><W135/><G106/><T85/><D121/><U11/><E118/><V102/><F102/><W41/><G120/><T53/><D69/><U103/><E34/><V43/><F71/><W127/><G119/><T38/><D38/><U37/><E37/><V60/><F117/><W130/><G111/><T2/><D2/><N who="2" m="554" /><F47/><W45/><G68/><T95/><D95/><U50/><E11/><V91/><F91/><W114/><G80/><T40/><D40/><N who="2" m="15402" /><F32/><W14/><G94/><T109/><D109/><U92/><E103/><V124/><F124/><W105/><G127/><T93/><D93/><U25/><E125/><V108/><F108/><W64/><G45/><T1/><D1/><U74/><E70/><V89/><F89/><W26/><G41/><T116/><D116/><U98/><E92/><V75/><F75/><W78/><G33/><T84/><D72/><U107/><E74/><V24/><F24/><W90/><G90/><T128/><D27/><U29/><E25/><V8/><F8/><W126/><G126/><T113/><D83/><U9/><E9/><V15/><F15/><W39/><G26/><T65/><D13/><U66/><E97/><V77/><F77/><W112/><G78/><T99/><D79/><U122/><E98/><V110/><F110/><W55/><G14/><T88/><D99/><U5/><E122/><V51/><F51/><W86/><G39/><T36/><D49/><U16/><E50/><V131/><F131/><W44/><G130/><T82/><D36/><U48/><E129/><V96/><F96/><W104/><G44/><RYUUKYOKU ba="1,1" sc="257,-10,347,-10,173,30,213,-10" hai2="28,31,60,62,63,132,133" /><INIT seed="2,2,1,1,3,21" ten="247,337,203,203" oya="2" hai0="30,44,17,97,122,100,71,66,83,118,130,94,106" hai1="19,60,90,61,121,68,69,123,63,133,54,22,52" hai2="70,87,75,36,34,7,11,77,92,111,10,0,26" hai3="114,85,50,105,80,43,9,107,31,109,47,25,46"/><V1/><F87/><W104/><G109/><T14/><D122/><N who="1" m="46603" /><E90/><V135/><F92/><W116/><G116/><T41/><D130/><U91/><E91/><V126/><F111/><W45/><G114/><T132/><D132/><U108/><E108/><V39/><F135/><W134/><G9/><T59/><D71/><N who="1" m="27211" /><E133/><V38/><F70/><W6/><G6/><T53/><D83/><U89/><E89/><V81/><F126/><W67/><G67/><T95/><D66/><U35/><E35/><V42/><F42/><W8/><G8/><T3/><D3/><U86/><E86/><V28/><F11/><W74/><G74/><T56/><D118/><U127/><E127/><V98/><REACH who="2" step="1"/><F98/><REACH who="2" ten="247,337,193,203" step="2"/><W64/><G134/><T125/><D125/><U72/><E72/><V49/><F49/><W27/><G43/><T62/><D95/><U88/><E88/><V128/><F128/><W73/><G50/><T33/><D94/><U102/><E102/><V18/><F18/><W93/><G93/><T129/><D17/><U78/><E78/><V29/><F29/><W57/><G31/><T32/><D30/><U79/><E79/><V131/><F131/><W37/><G73/><T4/><D129/><U96/><E96/><V120/><F120/><W2/><G85/><T103/><D103/><U84/><E84/><V124/><F124/><W48/><G48/><N who="0" m="26639" /><D56/><U117/><E117/><V5/><F5/><W112/><G57/><T58/><D59/><U99/><E99/><V113/><F113/><W15/><G112/><T12/><D4/><U55/><E19/><V51/><F51/><RYUUKYOKU ba="2,2" sc="247,10,337,10,193,10,203,-30" hai0="12,14,32,33,53,58,62,97,100,106" hai1="22,52,54,55,60,61,63" hai2="0,1,7,10,26,28,34,36,38,39,75,77,81" /><INIT seed="2,3,2,0,3,30" ten="257,347,203,173" oya="2" hai0="37,104,32,87,60,69,0,101,20,78,43,118,49" hai1="105,68,22,111,15,47,96,8,112,3,124,53,89" hai2="52,94,108,126,120,34,92,16,42,36,59,133,61" hai3="12,35,114,27,4,99,64,28,73,33,72,7,77"/><V25/><F120/><W62/><G114/><T23/><D0/><U71/><E112/><V66/><F126/><W31/><G77/><T119/><D32/><U19/><E111/><V70/><F108/><W129/><G129/><T24/><D37/><U80/><E124/><V113/><F113/><W121/><G121/><T115/><D115/><U74/><E3/><V18/><F133/><W88/><G72/><T83/><D101/><N who="1" m="62631" /><E22/><N who="2" m="13511" /><F34/><W2/><G73/><T10/><D104/><U125/><E74/><V95/><F18/><W57/><G2/><T9/><D20/><U51/><E125/><V130/><F130/><W29/><G12/><T45/><D69/><U86/><AGARI ba="3,2" hai="8,15,19,47,51,53,68,71,80,86,89" m="62631" machi="86" ten="30,1100,0" yaku="25,1" doraHai="30" who="1" fromWho="1" sc="257,-6,347,40,203,-8,173,-6" /><INIT seed="3,0,0,3,5,78" ten="251,387,195,167" oya="3" hai0="61,38,32,49,129,43,47,84,9,130,30,31,42" hai1="29,106,87,24,81,62,80,101,82,115,108,48,53" hai2="66,97,88,135,134,79,11,52,34,33,57,86,40" hai3="51,98,64,72,104,89,54,26,68,69,119,55,8"/><W132/><G119/><T25/><D31/><U23/><E115/><V60/><F40/><W121/><G121/><T59/><D9/><U94/><E106/><V123/><F123/><W15/><G132/><N who="2" m="50729" /><F79/><W118/><G118/><T91/><D42/><U102/><E62/><N who="2" m="36135" /><F97/><W124/><G72/><T28/><D28/><U109/><E87/><V12/><F12/><W18/><G26/><T95/><REACH who="0" step="1"/><D38/><REACH who="0" ten="241,387,195,167" step="2"/><U56/><E108/><V105/><F11/><W85/><G124/><T46/><D46/><U0/><E109/><V77/><F105/><W76/><G104/><T125/><D125/><U45/><E0/><V75/><F75/><W117/><G117/><T99/><D99/><N who="1" m="59639" /><E45/><V122/><F122/><W83/><G98/><T128/><D128/><U110/><E110/><V20/><F20/><W10/><G8/><T116/><D116/><U19/><E29/><V107/><F107/><W65/><G68/><T96/><D96/><U92/><E102/><V14/><F33/><W22/><G69/><T113/><D113/><U90/><E23/><V127/><F34/><W120/><G120/><T3/><D3/><U13/><E19/><V50/><F127/><W58/><G10/><T100/><D100/><U36/><E36/><V16/><F16/><W4/><G4/><T17/><D17/><U133/><E133/><V7/><F7/><W39/><G39/><T67/><AGARI ba="0,1" hai="25,30,32,43,47,49,59,61,67,84,91,95,129,130" machi="67" ten="30,2000,0" yaku="1,1,0,1,53,0" doraHai="78" doraHaiUra="131" who="0" fromWho="0" sc="241,30,387,-5,195,-5,167,-10" /><INIT seed="4,0,0,0,1,3" ten="271,382,190,157" oya="0" hai0="23,101,85,107,22,37,36,124,27,19,106,82,64" hai1="70,30,2,93,121,98,55,69,10,41,39,53,91" hai2="125,117,11,65,73,63,105,44,87,132,118,115,72" hai3="103,102,67,20,48,79,94,110,68,134,34,61,135"/><T90/><D124/><U58/><E121/><V86/><F105/><W25/><G34/><T109/><D109/><U46/><E30/><V131/><F125/><W111/><G79/><T59/><D106/><U5/><REACH who="1" step="1"/><E55/><REACH who="1" ten="271,372,190,157" step="2"/><V43/><F117/><W113/><G110/><T57/><D64/><U9/><E9/><V104/><F11/><W74/><G111/><T1/><D23/><U84/><E84/><V127/><F87/><W99/><G74/><T78/><D22/><U56/><E56/><V28/><F86/><W80/><G134/><T88/><D59/><U116/><E116/><V100/><F73/><W108/><G135/><T49/><D57/><U21/><E21/><V29/><F72/><W17/><G108/><T18/><D85/><U52/><E52/><V45/><F65/><W71/><G71/><T83/><D83/><U42/><E42/><V81/><F43/><W47/><G80/><T96/><D82/><U12/><E12/><V128/><F81/><W66/><G66/><T119/><D119/><U26/><E26/><V126/><F118/><W62/><G62/><AGARI ba="0,1" hai="2,5,10,39,41,46,53,58,62,69,70,91,93,98" machi="62" ten="30,7700,0" yaku="1,1,7,1,52,1,53,1" doraHai="3" doraHaiUra="4" who="1" fromWho="3" sc="271,0,372,87,190,0,157,-77" /><INIT seed="5,0,0,1,3,1" ten="271,459,190,80" oya="1" hai0="101,84,82,74,118,62,75,96,17,15,113,54,112" hai1="95,102,119,105,128,133,22,120,94,5,49,46,110" hai2="51,47,14,26,104,7,0,87,79,65,3,64,60" hai3="70,93,135,10,39,59,34,42,131,85,86,127,6"/><U36/><E36/><V78/><F104/><W20/><G34/><T8/><D118/><U33/><E33/><V125/><F125/><W89/><G70/><T28/><D28/><U25/><E105/><V41/><F3/><W58/><G127/><T121/><D121/><U38/><E38/><V81/><F0/><W40/><G131/><T67/><D54/><U50/><E50/><V73/><F73/><W116/><G135/><T32/><D32/><U72/><E72/><V11/><F79/><W57/><G116/><T97/><D97/><U9/><E102/><V13/><F26/><W52/><G20/><T18/><D18/><U76/><E76/><V106/><F106/><W109/><G109/><T45/><D45/><U16/><E120/><V100/><F100/><W80/><G39/><T103/><D103/><U69/><E69/><V83/><F83/><W129/><G129/><T48/><D48/><U88/><E95/><V68/><F14/><W30/><G30/><T92/><D84/><U24/><E128/><V108/><REACH who="2" step="1"/><F65/><REACH who="2" ten="271,459,180,80" step="2"/><W122/><G122/><T132/><D82/><U4/><E25/><V114/><F114/><N who="0" m="44138" /><D132/><U98/><E133/><V27/><F27/><W90/><REACH who="3" step="1"/><G52/><REACH who="3" ten="271,459,180,70" step="2"/><T23/><D67/><U126/><E119/><V44/><F44/><W29/><G29/><T124/><D124/><U21/><E126/><V56/><F56/><W115/><G115/><T130/><D130/><U123/><E123/><V111/><AGARI ba="0,2" hai="7,11,13,41,47,51,60,64,68,78,81,87,108,111" machi="111" ten="30,8000,1" yaku="1,1,0,1,25,2,52,1,53,0" doraHai="1" doraHaiUra="55" who="2" fromWho="2" sc="271,-20,459,-40,180,100,70,-20" /><INIT seed="6,0,0,3,2,76" ten="251,419,280,50" oya="2" hai0="52,103,107,133,17,92,33,32,64,2,104,80,47" hai1="46,128,26,34,55,12,122,59,70,94,0,106,77" hai2="109,50,75,131,1,110,20,127,125,124,72,114,43" hai3="35,14,88,9,24,108,112,69,129,30,8,37,96"/><V90/><F1/><W31/><G69/><T48/><D133/><U61/><E106/><V126/><N who="2" m="31744" /><DORA hai="102" /><V36/><F36/><W58/><G37/><T95/><D64/><U5/><E34/><V38/><F38/><W45/><G108/><N who="2" m="41577" /><F114/><W22/><G112/><T65/><D65/><U16/><E0/><V105/><F105/><W28/><G45/><T82/><D2/><U83/><E46/><N who="2" m="25951" /><F131/><W11/><G58/><T111/><D107/><U134/><E59/><V85/><F20/><W19/><REACH who="3" step="1"/><G129/><REACH who="3" ten="251,419,280,40" step="2"/><T53/><D111/><U115/><E70/><V123/><F123/><W97/><G97/><T3/><D47/><U71/><E71/><V74/><F74/><W60/><G60/><T21/><D48/><U40/><E61/><V57/><F57/><W93/><AGARI ba="0,1" hai="8,9,11,14,19,22,24,28,30,31,35,88,93,96" machi="93" ten="30,12000,2" yaku="1,1,0,1,54,1,53,4" doraHai="76,102" doraHaiUra="10,4" who="3" fromWho="3" sc="251,-30,419,-30,280,-60,40,130" /><INIT seed="7,0,0,1,5,99" ten="221,389,220,170" oya="3" hai0="132,111,92,131,135,76,107,44,17,1,104,11,102" hai1="90,59,45,15,60,37,9,43,128,0,26,106,66" hai2="79,124,70,72,80,94,96,91,65,123,33,103,10" hai3="93,83,129,62,14,119,100,52,25,117,46,54,121"/><W95/><G121/><T87/><D111/><U35/><E106/><N who="2" m="63847" /><F33/><W49/><G119/><T108/><D108/><U68/><E128/><V2/><F65/><W63/><G117/><T134/><D131/><U6/><E35/><V5/><F70/><W41/><G129/><T67/><D67/><U89/><E26/><V21/><F21/><W31/><G83/><N who="0" m="47591" /><D44/><U32/><E32/><V116/><F116/><W86/><G14/><N who="0" m="7391" /><D1/><U130/><E130/><V88/><F91/><N who="3" m="53495" /><G31/><T27/><D27/><U82/><E82/><V28/><F28/><W115/><G25/><T55/><D55/><N who="3" m="21033" /><G115/><T36/><D36/><U39/><E39/><V127/><F123/><W38/><G38/><T71/><D71/><U77/><E68/><V56/><F56/><W51/><G51/><T61/><D61/><U122/><E122/><V84/><AGARI ba="0,0" hai="2,5,10,72,79,80,84,88,94,124,127" m="63847" machi="84" ten="30,4000,0" yaku="24,1,52,1,54,1" doraHai="99" who="2" fromWho="2" sc="221,-10,389,-10,220,40,170,-20" owari="211,-19.0,379,48.0,260,6.0,150,-35.0" /></mjloggm>