<mjloggm ver="2.3"><GO type="97" lobby="0"/><UN n0="%E3%83%88%E3%83%88%E3%83%AA%E5%85%88%E7%94%9F%31%39%E6%AD%B3" n1="%4C%65%69%63%61" n2="%E5%A4%A9%E8%8D%89%E4%BD%8D" n3="%E3%83%A9%E3%82%B9%E3%81%A7%E3%81%99%E3%81%8C%E4%BD%95%E3%81%8B%EF%BC%9F" dan="14,14,13,16" rate="2030.47,1929.77,1886.45,2059.53" sx="F,M,M,M"/><TAIKYOKU oya="0"/><INIT seed="0,0,0,5,1,97" ten="250,250,250,250" oya="0" hai0="108,11,12,17,39,64,81,104,52,4,71,30,33" hai1="103,115,118,110,7,58,18,37,74,0,85,93,109" hai2="80,113,120,78,107,22,13,116,72,6,68,44,122" hai3="87,128,29,86,36,130,67,131,9,50,26,8,111"/><T42/><D104/><U69/><E118/><V63/><F116/><W49/><G111/><N who="1" m="42506" /><E69/><V125/><F113/><W48/><G36/><T119/><D108/><U65/><E74/><V83/><F125/><W124/><G124/><T19/><D119/><U94/><E37/><V51/><F107/><W31/><G67/><T88/><D64/><U46/><E115/><V95/><F68/><W112/><G112/><T117/><D71/><U127/><E127/><V66/><F83/><W126/><G126/><T77/><D117/><U60/><E46/><V43/><F95/><W38/><G38/><T84/><D42/><U90/><E18/><V75/><F75/><W24/><G24/><T98/><D39/><U91/><E103/><V121/><F66/><W132/><G132/><T134/><D134/><U23/><E23/><V10/><F22/><W1/><G1/><T16/><D30/><N who="3" m="11273" /><G26/><T102/><D33/><U61/><E61/><V79/><F63/><W114/><G114/><T55/><D102/><U89/><E85/><AGARI ba="0,0" hai="8,9,48,49,50,85,86,87,128,130,131" m="11273" machi="85" ten="40,5200,0" yaku="28,2,19,1" doraHai="97" who="3" fromWho="1" sc="250,0,250,-52,250,0,250,52" /><INIT seed="1,0,0,1,3,63" ten="250,198,250,302" oya="1" hai0="132,22,100,103,48,87,131,72,83,23,117,50,115" hai1="125,49,91,8,93,107,56,14,10,42,2,70,77" hai2="61,20,27,135,102,75,35,51,18,108,104,30,86" hai3="24,58,94,32,80,98,0,9,29,3,33,112,39"/><U26/><E107/><V60/><F75/><W67/><G39/><T79/><D115/><U76/><E70/><V90/><F108/><W122/><G122/><T38/><D38/><U4/><E125/><V64/><F135/><W40/><G40/><T11/><D117/><U105/><E105/><V6/><F6/><W71/><G71/><T99/><D132/><U78/><E26/><V127/><F127/><W124/><G124/><T28/><D131/><U89/><E42/><V31/><F51/><N who="0" m="19498" /><D72/><U46/><E46/><V66/><F104/><W5/><G3/><T129/><D129/><U110/><E110/><V41/><F102/><N who="0" m="38954" /><D99/><U21/><E21/><V113/><F41/><W13/><G98/><T92/><D92/><U36/><E36/><V88/><F113/><W68/><G68/><T123/><D28/><N who="2" m="10794" /><F35/><W54/><G32/><T130/><D123/><U121/><E121/><V134/><F134/><W84/><G94/><T85/><D130/><U114/><E114/><V69/><F69/><W34/><G34/><T12/><D87/><U118/><E118/><V74/><F74/><W37/><G37/><T126/><D126/><U55/><REACH who="1" step="1"/><E93/><REACH who="1" ten="250,188,250,302" step="2"/><N who="2" m="54423" /><F90/><W95/><G95/><T53/><D23/><U17/><AGARI ba="0,1" hai="2,4,8,10,14,17,49,55,56,76,77,78,89,91" machi="17" ten="30,12000,1" yaku="1,1,0,1,53,3" doraHai="63" doraHaiUra="73" who="1" fromWho="1" sc="250,-40,188,130,250,-40,302,-40" /><INIT seed="1,1,0,4,2,7" ten="210,318,210,262" oya="1" hai0="29,65,131,39,23,124,133,13,38,129,47,103,1" hai1="6,54,99,48,5,87,76,62,22,77,30,53,108" hai2="114,66,28,3,121,119,32,88,115,80,36,102,63" hai3="0,12,34,86,24,33,55,21,89,74,72,70,42"/><U100/><E108/><V11/><F121/><W68/><G0/><T83/><D1/><U64/><E53/><V45/><F119/><W98/><G42/><T120/><D120/><U105/><E30/><V20/><F102/><W85/><G98/><T112/><D112/><N who="2" m="43050" /><F32/><W27/><G12/><T9/><D133/><U94/><E22/><V81/><F28/><W10/><G89/><T51/><D124/><U84/><E105/><V56/><F20/><W93/><G21/><T111/><D111/><U128/><E128/><N who="0" m="49225" /><D65/><U52/><E54/><V127/><F127/><W19/><G55/><N who="0" m="30207" /><D103/><U25/><E77/><V106/><F106/><W37/><G93/><T91/><D91/><U49/><E25/><V26/><F26/><W130/><G130/><T78/><D23/><U104/><E104/><V41/><F88/><W82/><G82/><N who="2" m="31849" /><F3/><W44/><G70/><T126/><D126/><U40/><E76/><V117/><F117/><W125/><G68/><T35/><D35/><U17/><E40/><V31/><F31/><W71/><G125/><T61/><D29/><U57/><E17/><V8/><AGARI ba="1,0" hai="8,11,36,41,45,56,63,66" m="31849,43050" machi="8" ten="30,4000,0" yaku="11,1,52,2" doraHai="7" who="2" fromWho="2" sc="210,-11,318,-21,210,43,262,-11" /><INIT seed="2,0,0,0,3,33" ten="199,297,253,251" oya="2" hai0="90,42,134,131,85,109,127,118,78,113,97,11,114" hai1="116,15,37,30,62,25,28,93,51,122,69,89,76" hai2="125,46,72,126,59,57,44,41,94,3,47,105,74" hai3="8,86,29,112,56,121,130,88,95,36,79,92,35"/><V102/><F105/><W68/><G68/><T128/><D42/><U106/><E37/><V31/><F31/><W73/><G121/><T81/><D11/><U63/><E106/><V61/><F41/><W99/><G36/><T49/><D49/><U27/><E116/><V71/><F71/><W40/><G40/><T83/><D118/><U16/><E122/><V80/><F3/><W0/><G130/><N who="0" m="49707" /><D109/><U64/><E76/><V123/><F123/><W14/><G29/><N who="1" m="11370" /><E51/><V24/><F24/><N who="1" m="9289" /><E64/><V120/><F120/><W66/><G66/><T26/><D26/><U84/><E69/><V7/><F7/><W17/><G35/><T77/><D134/><U100/><E100/><V133/><F133/><W5/><G5/><T129/><N who="0" m="49715" /><T10/><DORA hai="115" /><D10/><AGARI ba="0,0" hai="10,15,16,62,63,84,89,93" m="9289,11370" machi="10" ten="30,2000,0" yaku="8,1,54,1" doraHai="33,115" who="1" fromWho="0" sc="199,-20,297,20,253,0,251,0" /><INIT seed="3,0,0,0,1,0" ten="179,317,253,251" oya="3" hai0="131,46,7,12,105,66,109,11,80,2,125,28,3" hai1="50,108,88,70,58,55,115,48,1,91,37,79,18" hai2="10,62,39,130,24,101,121,68,25,128,93,82,44" hai3="100,8,33,73,83,34,20,110,133,127,119,63,56"/><W98/><G119/><T120/><D120/><U36/><E115/><V52/><F121/><W49/><G133/><T96/><D109/><U53/><E70/><V35/><F82/><W106/><G127/><T14/><D125/><U124/><E124/><V84/><F10/><W19/><G110/><T107/><D131/><N who="2" m="50218" /><F35/><W114/><G114/><T97/><D28/><U71/><E18/><V129/><F129/><W118/><G118/><T6/><D80/><U26/><E53/><V78/><F78/><W42/><G8/><T135/><D11/><U64/><E50/><N who="2" m="28743" /><F39/><W76/><G49/><T43/><D46/><U75/><E36/><V41/><F41/><W32/><G42/><T122/><D43/><U102/><E37/><V90/><F101/><W21/><REACH who="3" step="1"/><G19/><REACH who="3" ten="179,317,253,241" step="2"/><T87/><D122/><U45/><E108/><V23/><F23/><W104/><G104/><T22/><D22/><U30/><E30/><V81/><F81/><W134/><G134/><T4/><D135/><U5/><E5/><V13/><F13/><W38/><G38/><T54/><D7/><U65/><E1/><V116/><F116/><W123/><G123/><T85/><D54/><AGARI ba="0,1" hai="20,21,32,33,34,54,56,63,73,76,83,98,100,106" machi="54" ten="40,3900,0" yaku="1,1,53,1" doraHai="0" doraHaiUra="94" who="3" fromWho="0" sc="179,-39,317,0,253,0,241,49" /><INIT seed="3,1,0,1,4,84" ten="140,317,253,290" oya="3" hai0="124,132,93,90,134,110,18,50,120,38,105,82,109" hai1="33,78,75,12,96,72,4,107,69,37,59,39,41" hai2="95,76,87,114,1,55,20,67,65,83,80,103,104" hai3="52,66,117,113,63,125,111,10,30,40,44,29,99"/><W128/><G113/><T54/><D38/><U0/><E69/><V48/><F114/><W74/><G117/><T24/><D18/><U73/><E12/><V9/><F104/><W61/><G74/><N who="1" m="28778" /><E59/><V121/><F121/><W108/><G128/><T86/><D24/><U6/><E6/><V14/><F1/><W135/><G125/><T70/><D70/><U15/><E15/><V47/><F20/><W23/><G135/><N who="0" m="51755" /><D50/><U71/><E71/><V7/><F83/><W16/><G10/><T68/><D54/><U58/><E58/><V36/><F36/><N who="1" m="13897" /><E41/><V119/><REACH who="2" step="1"/><F119/><REACH who="2" ten="140,317,243,290" step="2"/><W98/><G23/><T26/><D68/><U34/><E0/><V106/><F106/><W13/><G111/><N who="0" m="42507" /><D26/><U64/><E34/><V79/><F79/><W92/><G108/><T115/><D115/><U25/><E33/><V57/><F57/><W123/><G13/><T122/><D105/><U88/><E78/><V130/><F130/><W8/><G8/><T100/><D124/><U131/><E107/><V28/><F28/><W11/><G30/><T101/><D82/><U126/><E131/><V43/><F43/><W27/><G40/><T118/><D118/><U81/><E126/><V32/><F32/><W31/><G31/><T62/><D62/><U3/><E81/><V45/><F45/><W46/><G63/><T2/><D2/><U89/><E3/><V42/><F42/><W56/><G61/><T19/><D19/><U21/><E4/><V91/><F91/><W60/><G60/><T129/><D129/><U77/><E89/><V133/><F133/><W97/><G46/><RYUUKYOKU ba="1,1" sc="140,15,317,-15,243,15,290,-15" hai0="86,90,93,100,101,120,122" hai2="7,9,14,47,48,55,65,67,76,80,87,95,103" owari="155,-34.0,312,40.0,258,-14.0,275,8.0" /></mjloggm>