<mjloggm ver="2.3"><GO type="169" lobby="0"/><UN n0="%E3%82%A6%E3%83%AB%E3%83%88%E3%83%A9%E7%AB%8B%E7%9B%B4" n1="%44%6F%72%61%6B%6F" n2="%66%75%6B%75%30%32" n3="%E6%9C%A7%E5%A4%8F%E6%9C%88" dan="17,17,17,17" rate="2175.90,2155.80,2138.33,2141.28" sx="M,M,M,M"/><TAIKYOKU oya="0"/><INIT seed="0,0,0,0,3,71" ten="250,250,250,250" oya="0" hai0="61,7,2,108,123,16,66,38,17,31,129,53,20" hai1="51,76,83,68,55,37,88,46,132,125,25,24,93" hai2="103,120,119,65,81,98,96,79,36,110,52,45,30" hai3="44,6,47,13,50,105,73,85,15,77,111,78,62"/><T118/><D123/><U56/><E132/><V57/><F120/><W74/><G105/><T26/><D118/><U114/><E125/><V82/><F119/><W122/><G122/><T128/><D53/><U0/><E0/><V102/><F110/><W23/><G62/><T22/><D38/><U29/><E114/><V126/><F126/><W60/><G60/><T89/><D89/><U92/><E68/><V95/><F65/><W112/><G112/><T14/><D108/><U63/><E37/><V133/><F133/><W104/><G104/><T86/><D86/><U40/><E29/><V34/><F30/><W99/><G99/><T80/><D80/><U116/><E116/><V70/><F34/><W135/><G135/><T107/><D107/><U115/><E115/><V28/><F28/><W49/><G85/><T27/><D61/><U97/><REACH who="1" step="1"/><E92/><REACH who="1" ten="250,240,250,250" step="2"/><V101/><F70/><W106/><G106/><T9/><D66/><U130/><E130/><V127/><F127/><W4/><G111/><T134/><D134/><U87/><AGARI ba="0,1" hai="24,25,40,46,51,55,56,63,76,83,87,88,93,97" machi="87" ten="20,8000,1" yaku="1,1,0,1,7,1,8,1,54,1,53,0" doraHai="71" doraHaiUra="35" who="1" fromWho="1" sc="250,-40,240,90,250,-20,250,-20" /><INIT seed="1,0,0,4,1,55" ten="210,330,230,230" oya="1" hai0="35,72,101,111,121,83,62,45,81,128,68,112,64" hai1="66,3,90,9,122,34,86,57,33,4,49,79,21" hai2="87,116,53,92,27,16,40,100,67,126,103,29,130" hai3="37,113,52,28,19,109,74,124,22,115,76,44,36"/><U43/><E122/><V25/><F116/><W17/><G28/><T73/><D112/><U42/><E79/><V0/><F0/><W133/><G109/><T106/><D111/><U107/><E107/><V15/><F126/><W56/><G124/><T32/><D128/><U30/><E43/><V71/><F130/><W78/><G133/><T5/><D5/><U99/><E99/><V61/><F40/><W132/><G132/><T6/><D121/><U104/><E104/><V48/><F87/><W82/><G78/><T91/><D45/><U2/><E2/><V75/><F75/><W7/><G7/><T24/><D6/><U119/><E119/><V38/><F38/><W47/><G47/><T58/><D91/><U31/><E42/><V65/><F65/><W102/><G102/><T60/><D81/><U134/><E134/><V94/><F103/><W88/><G88/><T108/><D83/><N who="1" m="49503" /><E30/><V131/><F131/><W1/><G1/><T93/><D93/><U13/><E3/><V120/><F120/><W59/><G19/><T70/><D35/><U84/><E84/><V12/><F100/><W10/><G37/><T50/><D108/><U23/><E33/><N who="2" m="20655" /><F94/><W77/><G36/><T95/><D106/><U14/><E66/><V51/><F92/><W118/><G118/><T20/><D95/><U125/><E125/><V123/><F123/><W69/><G115/><T39/><D101/><U89/><E89/><V105/><F105/><W8/><G113/><T129/><D39/><U41/><E34/><V117/><F117/><W63/><G74/><T98/><D73/><RYUUKYOKU ba="0,0" sc="210,0,330,0,230,0,230,0" /><INIT seed="2,1,0,4,0,43" ten="210,330,230,230" oya="2" hai0="96,83,108,71,2,0,7,29,39,10,106,20,44" hai1="67,41,111,91,35,115,50,105,135,125,64,112,100" hai2="31,58,81,49,38,130,109,69,14,34,127,46,5" hai3="53,94,8,25,99,51,4,110,113,42,32,59,54"/><V6/><F69/><W84/><G110/><T24/><D71/><U88/><E35/><V119/><F119/><W13/><G113/><T37/><D108/><U86/><E111/><V101/><F109/><W79/><G32/><T92/><D106/><U56/><E135/><V104/><F127/><W120/><G120/><T122/><D122/><U28/><E125/><V63/><F38/><W98/><G25/><T114/><D114/><U55/><E105/><V85/><F130/><W78/><G42/><T133/><D133/><U18/><E100/><V128/><F128/><W102/><G99/><T17/><D0/><U11/><E28/><V23/><F34/><W129/><G129/><T26/><D83/><N who="1" m="49247" /><E112/><V57/><F101/><W70/><G70/><T77/><D77/><U52/><E41/><N who="2" m="24783" /><F104/><W116/><G116/><T87/><D87/><U134/><E134/><V27/><F14/><W40/><G40/><T1/><D1/><U66/><E115/><V118/><F118/><W9/><G84/><T61/><D39/><U21/><E91/><N who="2" m="51631" /><F58/><N who="3" m="33087" /><G9/><T121/><D121/><U60/><E11/><V48/><F48/><AGARI ba="1,0" hai="4,8,13,48,54,59,78,79,94,98,102" m="33087" machi="48" ten="30,1000,0" yaku="8,1" doraHai="43" who="3" fromWho="2" sc="210,0,330,0,230,-13,230,13" /><INIT seed="3,0,0,0,3,84" ten="210,330,217,243" oya="3" hai0="6,54,105,110,127,37,102,106,88,24,10,130,57" hai1="125,61,35,21,87,96,103,19,55,85,36,51,100" hai2="132,11,33,20,39,16,94,4,114,91,18,2,82" hai3="22,44,126,9,97,108,64,79,81,98,75,56,60"/><W49/><G126/><T86/><D37/><U12/><E36/><V23/><F33/><W83/><G108/><T5/><D110/><U13/><E125/><V93/><F114/><W77/><G9/><T30/><D127/><U59/><E35/><V53/><F39/><W76/><G22/><T124/><D124/><U63/><E12/><V38/><F38/><W133/><G133/><T15/><D102/><N who="1" m="38955" /><E96/><V42/><F42/><W128/><G128/><T31/><D130/><U116/><E116/><V121/><F121/><W129/><G129/><T62/><D5/><U135/><E135/><V34/><F34/><W67/><G67/><T40/><D40/><U134/><E134/><V99/><F132/><W43/><REACH who="3" step="1"/><G77/><REACH who="3" ten="210,330,217,233" step="2"/><T29/><REACH who="0" step="1"/><D24/><REACH who="0" ten="200,330,217,233" step="2"/><U58/><E63/><V45/><F4/><W66/><G66/><AGARI ba="0,2" hai="13,19,21,51,55,58,59,61,66,85,87" m="38955" machi="66" ten="30,1000,0" yaku="8,1" doraHai="84" who="1" fromWho="3" sc="200,0,330,30,217,0,233,-10" /><INIT seed="4,0,0,4,1,14" ten="200,360,217,223" oya="0" hai0="124,109,7,119,75,10,44,41,83,74,101,125,27" hai1="20,15,62,110,117,1,60,30,127,98,90,11,39" hai2="48,106,50,100,16,42,107,115,35,6,55,105,46" hai3="65,57,34,2,92,23,79,58,116,133,37,126,28"/><T12/><D119/><U53/><E117/><V51/><F35/><W63/><G37/><T120/><D120/><U36/><E110/><V135/><F115/><W99/><G2/><T131/><D109/><U59/><E127/><N who="0" m="48713" /><D131/><U24/><E1/><V81/><F135/><W112/><G126/><T19/><D101/><U18/><E39/><V43/><F6/><W111/><G111/><T22/><D83/><U134/><E134/><V71/><F71/><W84/><G34/><T95/><D95/><N who="1" m="56695" /><E36/><AGARI ba="0,0" hai="7,10,12,19,22,27,36,41,44,74,75" m="48713" machi="36" ten="30,2900,0" yaku="18,1,52,1" doraHai="14" who="0" fromWho="1" sc="200,29,360,-29,217,0,223,0" /><INIT seed="4,1,0,2,4,97" ten="229,331,217,223" oya="0" hai0="39,44,70,35,60,113,36,59,31,26,71,95,86" hai1="24,32,33,68,9,40,110,65,49,115,37,79,127" hai2="38,67,114,93,133,13,16,19,56,91,46,54,120" hai3="118,42,1,135,80,94,18,6,89,66,103,15,20"/><T116/><D116/><U75/><E9/><V5/><F120/><W102/><G118/><T21/><D113/><U130/><E24/><V98/><F114/><W85/><G135/><T83/><D35/><U101/><E49/><N who="2" m="28983" /><F38/><W47/><G66/><T129/><D129/><U87/><E65/><V121/><F121/><W119/><G119/><T3/><D3/><U72/><E87/><V99/><F99/><W14/><G1/><T7/><D7/><U107/><E79/><V63/><F133/><W52/><G80/><T23/><D23/><U4/><E4/><V55/><F67/><W90/><G90/><T105/><D105/><U27/><E107/><V74/><F74/><W10/><REACH who="3" step="1"/><G52/><REACH who="3" ten="229,331,217,213" step="2"/><N who="0" m="33895" /><D83/><U58/><E115/><V11/><AGARI ba="1,1" hai="5,11,13,16,19,55,56,63,91,93,98" m="28983" machi="11" ten="30,2000,0" yaku="8,1,54,1" doraHai="97" who="2" fromWho="2" sc="229,-11,331,-6,217,33,213,-6" /><INIT seed="5,0,0,4,1,40" ten="218,325,250,207" oya="1" hai0="50,24,67,79,1,27,13,135,58,123,17,16,96" hai1="122,103,49,75,97,55,66,108,64,12,81,124,52" hai2="92,70,134,62,99,74,114,126,38,3,2,94,4" hai3="119,20,63,88,21,117,80,107,51,0,57,132,65"/><U15/><E122/><V32/><F74/><W84/><G132/><T25/><D1/><U35/><E35/><V133/><F32/><W33/><G33/><T104/><D135/><N who="2" m="51722" /><F126/><W100/><G0/><T125/><D125/><U131/><E131/><V39/><F114/><W6/><G6/><T34/><D123/><U87/><E75/><V130/><F3/><W59/><G100/><T47/><D34/><U76/><E76/><V93/><BYE who="1" /><F99/><W37/><G37/><T30/><D30/><U71/><E71/><V102/><F102/><W109/><G107/><T105/><D79/><U72/><E72/><V89/><F89/><W48/><G109/><T29/><D29/><U95/><E95/><V82/><F82/><W26/><G21/><N who="0" m="11407" /><D96/><U31/><E31/><V56/><F70/><W36/><G36/><T116/><D116/><N who="3" m="44617" /><G59/><T83/><D83/><U91/><E91/><V112/><F112/><W8/><G8/><T115/><D115/><U23/><E23/><V85/><F85/><W127/><G127/><T11/><D105/><U77/><E77/><V28/><F28/><AGARI ba="0,0" hai="20,26,28,48,51,57,63,65,80,84,88" m="44617" machi="28" ten="30,2000,0" yaku="12,1,54,1" doraHai="40" who="3" fromWho="2" sc="218,0,325,0,250,-20,207,20" /><INIT seed="6,0,0,2,0,23" ten="218,325,230,227" oya="2" hai0="134,56,9,68,82,15,124,67,65,17,127,85,72" hai1="89,108,76,121,55,111,11,52,34,6,66,78,48" hai2="75,63,25,131,29,119,132,69,16,112,12,42,28" hai3="99,106,109,21,93,79,114,32,91,128,71,122,126"/><V103/><F119/><W130/><G32/><T84/><D134/><U88/><E88/><V53/><F75/><W22/><G109/><T14/><D68/><U37/><E37/><V46/><F132/><W35/><G35/><T74/><D56/><U86/><E86/><V59/><F131/><N who="3" m="50219" /><G122/><T80/><D9/><U24/><E24/><V57/><F112/><W115/><G126/><T54/><D54/><U98/><E98/><V20/><F69/><W36/><G36/><T58/><D58/><U26/><E26/><V129/><F129/><W62/><G79/><T102/><D102/><U116/><E116/><V0/><F0/><W101/><G62/><T70/><D70/><U1/><E1/><V117/><F117/><W51/><G51/><T19/><AGARI ba="0,0" hai="14,15,17,19,65,67,72,74,80,82,84,85,124,127" machi="19" ten="25,3200,0" yaku="0,1,22,2" doraHai="23" who="0" fromWho="0" sc="218,32,325,-8,230,-16,227,-8" /><INIT seed="7,0,0,2,2,84" ten="250,317,214,219" oya="3" hai0="6,35,10,63,124,19,76,121,3,94,106,103,13" hai1="93,72,100,54,59,108,89,126,28,120,36,109,127" hai2="2,14,130,88,65,64,75,32,68,87,122,31,80" hai3="26,131,129,22,134,82,43,39,11,24,0,73,61"/><W81/><G134/><T38/><D38/><U77/><E77/><V71/><F2/><W37/><G61/><T69/><D121/><U92/><E92/><V83/><F122/><W101/><G101/><T49/><D106/><U135/><E135/><V9/><F130/><N who="3" m="49675" /><G73/><T7/><D35/><U112/><E112/><V119/><F119/><W115/><G115/><T60/><D124/><U53/><E53/><V46/><F32/><W44/><G39/><T25/><D3/><U70/><E70/><V118/><F31/><N who="3" m="17815" /><G26/><T107/><D107/><U99/><E99/><V78/><F118/><W42/><G42/><T85/><D25/><U116/><E116/><V128/><F128/><W15/><G0/><T41/><D69/><U17/><E17/><AGARI ba="0,0" hai="11,15,17,37,43,44,81,82" m="17815,49675" machi="17" ten="30,1500,0" yaku="19,1" doraHai="84" who="3" fromWho="1" sc="250,0,317,-15,214,0,219,15" /><INIT seed="7,1,0,3,0,87" ten="250,302,214,234" oya="3" hai0="73,120,46,127,14,80,100,70,42,84,21,104,61" hai1="6,118,34,96,106,95,23,31,27,110,114,71,122" hai2="102,3,89,135,111,88,67,50,35,26,128,79,72" hai3="68,29,69,117,93,132,49,113,78,24,22,36,5"/><W15/><G36/><T86/><D120/><U64/><E64/><V105/><F111/><W60/><G117/><T39/><D127/><U63/><E63/><V13/><F3/><W75/><G113/><T126/><D126/><U51/><E51/><V133/><F128/><W92/><G132/><N who="2" m="50761" /><F67/><W4/><G78/><T99/><D61/><U101/><E101/><V90/><F13/><W25/><G75/><T81/><D70/><U108/><E108/><V97/><F50/><W48/><G60/><T1/><D1/><U77/><E77/><V57/><F57/><W98/><G98/><T47/><D47/><U9/><E9/><V56/><F56/><W0/><G0/><T11/><D21/><U37/><E37/><V131/><F131/><W123/><G15/><T66/><D66/><U76/><E76/><V45/><F45/><W103/><G103/><T130/><D130/><U2/><E2/><V115/><F115/><W65/><G65/><T38/><D38/><U43/><E43/><V32/><F26/><W18/><G123/><T19/><D73/><U107/><E107/><V85/><F85/><W125/><G125/><T59/><D59/><U124/><E124/><V129/><F129/><W82/><G68/><T54/><D54/><U112/><E112/><V17/><F17/><W30/><G69/><T16/><D19/><U41/><E41/><V94/><F105/><W109/><G109/><T12/><D12/><U134/><E134/><V58/><F58/><W28/><G25/><T121/><D121/><U8/><E8/><V52/><F52/><W40/><G24/><RYUUKYOKU ba="1,0" sc="250,15,302,-15,214,15,234,-15" hai0="11,14,16,39,42,46,80,81,84,86,99,100,104" hai2="32,35,72,79,88,89,90,94,97,102" /><INIT seed="8,2,0,3,2,122" ten="265,287,229,219" oya="0" hai0="78,95,23,121,17,85,34,86,74,25,31,77,44" hai1="125,126,40,118,100,21,102,55,82,41,33,49,110" hai2="15,117,124,99,46,116,87,20,111,115,0,96,45" hai3="63,35,89,113,92,30,50,107,14,48,68,97,5"/><T79/><D121/><U28/><E28/><V39/><F0/><W43/><G113/><T62/><D74/><U16/><E16/><N who="2" m="10271" /><F115/><W51/><G107/><UN n1="%44%6F%72%61%6B%6F" /><T60/><D34/><U65/><E33/><V22/><F124/><W83/><G43/><N who="1" m="16458" /><E118/><N who="2" m="45675" /><F39/><W93/><G83/><T109/><D109/><U64/><E82/><V108/><F87/><N who="0" m="33290" /><D95/><U3/><E110/><N who="2" m="42027" /><F22/><W135/><G135/><T128/><D23/><U2/><E21/><V133/><F133/><W32/><G30/><T6/><D31/><U37/><E37/><V131/><F131/><W134/><G134/><T53/><D128/><U13/><E2/><V18/><F18/><W69/><G93/><T98/><D17/><U94/><E94/><V12/><F12/><W129/><G129/><T9/><D25/><U132/><E13/><V58/><F58/><W52/><G68/><T114/><D114/><U90/><E3/><V7/><F7/><W104/><G104/><T36/><D36/><U8/><E132/><V54/><F54/><W26/><G26/><T10/><D6/><U56/><E125/><V66/><F66/><W59/><REACH who="3" step="1"/><G69/><REACH who="3" ten="265,287,229,209" step="2"/><T72/><D72/><U106/><E106/><V27/><F27/><W1/><G1/><T84/><D78/><U73/><E73/><V120/><F120/><W57/><G57/><T103/><D79/><U123/><E126/><V101/><F101/><W130/><G130/><T80/><D77/><U119/><E119/><V75/><F75/><W67/><G67/><N who="1" m="25674" /><E123/><V47/><AGARI ba="2,1" hai="45,46,47,96,99" m="42027,45675,10271" machi="47" ten="40,12000,2" yaku="16,1,12,1,52,3,54,1" doraHai="122" who="2" fromWho="2" sc="265,-62,287,-32,229,136,209,-32" owari="203,-20.0,255,6.0,365,46.0,177,-32.0" /></mjloggm>