<mjloggm ver="2.3"><GO type="97" lobby="0"/><UN n0="%E5%B0%B1%E6%B4%BB%E7%94%9F%40%E5%B7%9D%E6%9D%91%E8%BB%8D%E5%9B%A3" n1="%EF%BC%A0%E3%81%99%E3%81%9A" n2="%E3%83%8B%E3%82%B3%E5%8E%A8%EF%BC%A0%E5%B7%9D%E6%9D%91%E8%BB%8D%E5%9B%A3" n3="%E3%82%89%E3%81%99%E3%81%A1%E3%82%83%E3%82%93%E9%9B%80%E5%A3%AB" dan="14,15,15,14" rate="1978.53,1990.74,2016.80,1998.82" sx="M,M,F,F"/><TAIKYOKU oya="0"/><INIT seed="0,0,0,3,1,130" ten="250,250,250,250" oya="0" hai0="42,88,63,58,80,19,30,132,120,79,102,84,113" hai1="78,123,9,105,62,76,41,27,135,55,38,110,68" hai2="65,112,81,45,21,31,20,86,108,24,98,121,16" hai3="34,64,83,7,125,117,26,44,82,1,36,23,6"/><T104/><D120/><U43/><E105/><V46/><F121/><W60/><G117/><T25/><D113/><U56/><E123/><V134/><F112/><W119/><G119/><T124/><D124/><U33/><E110/><V13/><F108/><W77/><G34/><T12/><D42/><U71/><E9/><V37/><F65/><W17/><G125/><T96/><D132/><U53/><E27/><V40/><F134/><W91/><G91/><T66/><D79/><U18/><E18/><V69/><F69/><N who="1" m="26697" /><E33/><V49/><F98/><W126/><G126/><T35/><D19/><U4/><E4/><V92/><F92/><W103/><G103/><T3/><REACH who="0" step="1"/><D12/><REACH who="0" ten="240,250,250,250" step="2"/><U51/><E76/><N who="2" m="46375" /><F37/><W0/><G77/><T50/><D50/><N who="1" m="30775" /><E78/><V128/><F128/><W47/><G17/><T93/><D93/><U59/><E38/><V73/><F73/><W106/><G36/><T52/><D52/><N who="1" m="34151" /><E135/><V87/><F87/><W101/><G0/><AGARI ba="0,1" hai="0,3,25,30,35,58,63,66,80,84,88,96,102,104" machi="0" ten="40,3900,0" yaku="1,1,54,1,53,0" doraHai="130" doraHaiUra="118" who="0" fromWho="3" sc="240,49,250,0,250,0,250,-39" /><INIT seed="0,1,0,0,1,78" ten="289,250,250,211" oya="0" hai0="125,119,58,34,76,46,105,102,68,99,33,107,85" hai1="8,132,1,32,106,114,74,40,96,123,127,49,11" hai2="86,83,79,16,37,97,118,26,56,126,101,66,19" hai3="95,41,111,91,134,110,35,77,9,135,75,129,18"/><T42/><D119/><U117/><E96/><V71/><F71/><W130/><G35/><T122/><D122/><U23/><E49/><V63/><F37/><W109/><G41/><T73/><D85/><U90/><E90/><V48/><F126/><W10/><G18/><T43/><D43/><U13/><E13/><V93/><F118/><W3/><G3/><T53/><D68/><U51/><E51/><V14/><F14/><W81/><G10/><T59/><D59/><U21/><E11/><V65/><F65/><W24/><G9/><T27/><D107/><U47/><E23/><V128/><F128/><N who="3" m="49259" /><G24/><T2/><D125/><U57/><E8/><V70/><F70/><W89/><G89/><T25/><D2/><U55/><E40/><V80/><F48/><W87/><AGARI ba="1,0" hai="75,77,81,87,91,95,109,110,111,134,135" m="49259" machi="87" ten="40,8000,1" yaku="14,1,19,1,34,2,52,1" doraHai="78" who="3" fromWho="3" sc="289,-41,250,-21,250,-21,211,83" /><INIT seed="1,0,0,5,2,120" ten="248,229,229,294" oya="1" hai0="117,14,101,85,105,10,57,41,5,111,37,46,86" hai1="53,32,113,35,48,132,75,99,127,15,50,121,118" hai2="16,68,124,45,28,59,25,114,9,13,39,92,2" hai3="49,33,62,1,70,96,36,30,55,109,67,129,115"/><U60/><E121/><V102/><F68/><W88/><G36/><T65/><D117/><U26/><E113/><V123/><F114/><W51/><G1/><T100/><D111/><U22/><E118/><V8/><F123/><W107/><G109/><T131/><D131/><U126/><E75/><V47/><F124/><N who="1" m="47657" /><E132/><V12/><F2/><W0/><G0/><T82/><D105/><U103/><E60/><V40/><F47/><W66/><G129/><T90/><D65/><U71/><E71/><V87/><F59/><W52/><G67/><T98/><D57/><N who="1" m="32935" /><E15/><V42/><F42/><W110/><G62/><T27/><D98/><U80/><E80/><V134/><F134/><W61/><G96/><T94/><D27/><U76/><E76/><AGARI ba="0,0" hai="5,10,14,37,41,46,76,82,85,86,90,94,100,101" machi="76" ten="30,1000,0" yaku="7,1" doraHai="120" who="0" fromWho="1" sc="248,10,229,-10,229,0,294,0" /><INIT seed="2,0,0,2,1,84" ten="258,219,229,294" oya="2" hai0="107,56,52,104,38,75,33,76,100,23,116,7,94" hai1="88,133,64,69,127,111,60,113,53,93,18,135,91" hai2="50,77,122,87,71,39,119,41,2,134,49,118,110" hai3="3,0,114,24,130,123,27,62,1,11,81,121,48"/><V15/><F122/><N who="3" m="46603" /><G81/><T47/><D33/><U80/><E111/><V66/><F2/><W13/><G62/><T89/><D116/><U16/><E113/><V106/><F106/><W85/><G85/><T34/><D34/><U25/><E127/><V96/><F134/><N who="1" m="51209" /><E53/><V103/><F110/><W73/><G48/><T78/><D75/><U63/><E63/><V55/><F50/><W45/><G45/><T79/><D7/><U37/><E37/><V9/><F41/><W112/><G130/><T31/><D100/><U70/><E70/><V105/><F39/><W42/><G42/><T95/><D95/><U59/><E69/><V22/><F66/><W125/><G125/><T54/><D38/><U51/><E51/><V99/><F71/><W90/><G73/><T46/><D107/><U117/><E117/><V8/><F99/><W72/><G72/><T17/><D31/><U44/><E44/><N who="0" m="16937" /><D104/><U97/><E25/><V28/><F119/><W129/><G129/><T86/><D56/><U12/><E12/><AGARI ba="0,0" hai="12,17,23,52,54,76,78,79,86,89,94" m="16937" machi="12" ten="30,3900,0" yaku="8,1,52,1,54,1" doraHai="84" who="0" fromWho="1" sc="258,39,219,-39,229,0,294,0" /><INIT seed="3,0,0,0,0,98" ten="297,180,229,294" oya="3" hai0="91,16,41,120,122,61,114,68,9,44,96,133,94" hai1="134,26,29,111,7,11,12,69,31,34,125,67,84" hai2="64,28,54,5,1,13,52,103,47,109,37,97,50" hai3="14,38,99,70,23,57,63,42,82,80,22,126,45"/><W88/><G70/><T129/><D129/><U48/><E111/><V51/><F37/><W108/><G108/><T92/><D133/><U20/><E84/><V10/><F28/><W56/><G126/><T4/><D114/><U116/><E48/><V105/><F64/><W0/><G0/><T60/><D16/><N who="1" m="10247" /><E67/><V131/><F131/><W121/><G121/><T83/><D83/><U72/><E72/><V3/><REACH who="2" step="1"/><F109/><REACH who="2" ten="297,180,219,294" step="2"/><W2/><G2/><T53/><D68/><U95/><E69/><V75/><F75/><W49/><G38/><T100/><D122/><U127/><E95/><V79/><F79/><W89/><G57/><AGARI ba="0,1" hai="1,3,5,10,13,47,50,51,52,54,57,97,103,105" machi="57" ten="30,8000,1" yaku="1,1,7,1,52,1,54,1,53,1" doraHai="98" doraHaiUra="43" who="2" fromWho="3" sc="297,0,180,0,219,90,294,-80" owari="297,10.0,180,-32.0,309,41.0,214,-19.0" /></mjloggm>