<mjloggm ver="2.3"><GO type="41" lobby="0"/><UN n0="%4D%63%43%6C%61%6E%65%2E" n1="%61%6B%61%70%79%30" n2="%E5%B0%B1%E6%B4%BB%E7%94%9F%40%E5%B7%9D%E6%9D%91%E8%BB%8D%E5%9B%A3" n3="%68%61%6E%61%6B%6F%32" dan="14,13,17,13" rate="1845.77,1857.41,2151.26,1906.17" sx="M,F,M,F"/><TAIKYOKU oya="0"/><INIT seed="0,0,0,4,3,56" ten="250,250,250,250" oya="0" hai0="131,70,83,19,64,97,75,118,50,55,21,46,31" hai1="105,15,47,17,81,6,91,29,112,129,124,53,65" hai2="3,119,123,116,13,120,43,115,10,24,109,8,92" hai3="26,66,30,48,103,36,117,95,12,68,74,101,59"/><T16/><D118/><N who="2" m="45098" /><F43/><W78/><G117/><T93/><D131/><U4/><E105/><V18/><F92/><W5/><G36/><T27/><D75/><U58/><E129/><V20/><F115/><W33/><G74/><T63/><REACH who="0" step="1"/><D83/><REACH who="0" ten="240,250,250,250" step="2"/><U22/><E112/><V40/><F109/><W9/><G78/><T72/><D72/><U108/><E108/><V114/><F114/><W57/><G95/><T126/><D126/><U25/><E124/><V39/><F120/><W14/><G103/><AGARI ba="0,1" hai="16,19,21,27,31,46,50,55,63,64,70,93,97,103" machi="103" ten="30,11600,0" yaku="1,1,7,1,52,1,54,1,53,0" doraHai="56" doraHaiUra="1" who="0" fromWho="3" sc="240,126,250,0,250,0,250,-116" /><INIT seed="0,1,0,4,0,102" ten="366,250,250,134" oya="0" hai0="98,132,52,58,29,42,76,55,70,40,117,21,118" hai1="85,133,38,20,10,116,49,36,57,4,94,126,125" hai2="3,68,91,56,23,1,63,9,90,27,65,111,73" hai3="60,8,104,47,35,41,135,77,71,120,74,7,34"/><T32/><D32/><U39/><E116/><V93/><F73/><W72/><G135/><T31/><D70/><U22/><E133/><V69/><F111/><W44/><G120/><T45/><D132/><U50/><E85/><V6/><F1/><N who="3" m="111" /><G47/><T33/><D76/><U54/><E94/><V134/><F134/><W99/><G44/><T96/><D33/><N who="3" m="12297" /><G41/><T123/><D45/><U79/><E79/><V86/><REACH who="2" step="1"/><F91/><REACH who="2" ten="366,250,240,134" step="2"/><W95/><G95/><T0/><D0/><U97/><E126/><V129/><F129/><W130/><G130/><T53/><D118/><U88/><E125/><V67/><F67/><N who="3" m="41447" /><G77/><T124/><D124/><U48/><E88/><V2/><F2/><W110/><G110/><T51/><D117/><U112/><E112/><V115/><F115/><W107/><G99/><T37/><D98/><U17/><E97/><V128/><F128/><W83/><G83/><T80/><D80/><U24/><REACH who="1" step="1"/><E22/><REACH who="1" ten="366,240,240,134" step="2"/><V13/><F13/><AGARI ba="1,2" hai="4,10,13,17,20,24,36,38,39,48,49,50,54,57" machi="13" ten="40,2600,0" yaku="1,1,2,1,53,0" doraHai="102" doraHaiUra="122" who="1" fromWho="2" sc="366,0,240,49,240,-29,134,0" /><INIT seed="1,0,0,0,2,65" ten="366,289,211,134" oya="1" hai0="16,84,87,33,62,80,45,28,134,52,82,88,135" hai1="83,24,41,12,51,42,6,92,133,20,68,126,72" hai2="39,132,76,75,36,127,74,93,5,56,86,116,29" hai3="58,112,70,79,124,130,46,98,23,0,8,128,34"/><U38/><E38/><V118/><F29/><W26/><G112/><T10/><D33/><U44/><E41/><V71/><F71/><W60/><G124/><T55/><D28/><U111/><E126/><V63/><F127/><W115/><G115/><T113/><D113/><U47/><E47/><V129/><F129/><N who="3" m="49771" /><G34/><T107/><D107/><U106/><E106/><V35/><F35/><W48/><G79/><N who="0" m="46111" /><D62/><U53/><E92/><V91/><F132/><N who="0" m="50730" /><D45/><U99/><E99/><V77/><F5/><N who="3" m="1063" /><G98/><T27/><D10/><U22/><E133/><V73/><F39/><W109/><G109/><T90/><D90/><U1/><E111/><V37/><F36/><W125/><G125/><T119/><D119/><U131/><E131/><V96/><F37/><W25/><G23/><AGARI ba="0,0" hai="16,23,27,52,55,82,87,88" m="50730,46111" machi="23" ten="30,7700,0" yaku="20,1,54,3" doraHai="65" who="0" fromWho="3" sc="366,77,289,0,211,0,134,-77" /><INIT seed="2,0,0,1,5,36" ten="443,289,211,57" oya="2" hai0="120,135,12,50,9,127,115,93,45,112,57,86,124" hai1="118,75,107,113,24,23,109,72,129,106,40,25,89" hai2="41,64,79,91,123,84,5,98,56,11,130,59,61" hai3="16,81,31,114,76,18,14,39,108,53,126,110,63"/><V17/><F123/><W6/><G126/><N who="0" m="48171" /><D120/><U33/><E113/><V69/><F130/><W34/><G114/><T82/><D57/><U35/><E118/><V49/><F98/><W71/><G39/><T117/><D93/><U8/><E8/><V7/><F69/><W73/><G31/><T30/><D30/><U77/><E89/><V99/><F99/><W94/><G34/><T128/><D135/><U19/><E77/><V26/><F79/><W83/><G94/><T42/><D117/><U122/><E122/><V102/><F102/><W121/><G121/><T111/><D111/><N who="3" m="42537" /><G83/><T4/><D128/><U3/><E109/><V38/><F38/><W132/><G132/><T32/><D32/><U66/><E66/><V87/><F87/><W62/><G71/><T0/><D0/><U51/><E3/><V68/><F68/><W13/><G6/><T105/><D105/><U28/><E35/><V29/><F29/><W125/><G125/><T60/><D60/><N who="3" m="23081" /><G53/><T119/><D119/><U10/><E10/><V2/><F7/><W80/><G81/><T70/><D70/><U133/><E133/><V55/><F17/><AGARI ba="0,0" hai="13,14,16,17,18,73,76,80" m="23081,42537" machi="17" ten="30,2000,0" yaku="14,1,54,1" doraHai="36" who="3" fromWho="2" sc="443,0,289,0,211,-20,57,20" /><INIT seed="3,0,0,2,3,35" ten="443,289,191,77" oya="3" hai0="19,10,16,100,111,44,97,46,62,3,55,76,17" hai1="63,77,40,52,117,28,127,49,30,53,109,126,102" hai2="4,38,13,120,82,66,22,9,20,108,132,88,58" hai3="113,70,93,98,21,124,118,33,95,47,50,94,104"/><W68/><G118/><T18/><D76/><U36/><E117/><V27/><F38/><W122/><G33/><T59/><D111/><U69/><E77/><V119/><F108/><W72/><G122/><T78/><D78/><U89/><E102/><V73/><F120/><W79/><G113/><T67/><D67/><N who="1" m="41215" /><E89/><V39/><F39/><W51/><G124/><N who="1" m="47658" /><E28/><V75/><F132/><W86/><G72/><T7/><REACH who="0" step="1"/><D19/><REACH who="0" ten="433,289,191,77" step="2"/><U48/><E109/><V5/><F119/><W92/><N who="3" m="24064" /><DORA hai="131" /><W29/><G79/><T45/><D45/><N who="1" m="23687" /><E30/><V125/><F125/><W87/><G47/><T6/><D6/><U103/><E103/><V42/><F5/><W133/><G133/><T106/><AGARI ba="0,1" hai="3,7,10,16,17,18,44,46,55,59,62,97,100,106" machi="106" ten="30,12000,2" yaku="1,1,0,1,52,1,54,1,53,2" doraHai="35,131" doraHaiUra="57,0" who="0" fromWho="0" sc="433,130,289,-30,191,-30,77,-60" /><INIT seed="4,0,0,4,3,90" ten="563,259,161,17" oya="0" hai0="21,88,51,46,132,118,100,86,19,16,62,11,48" hai1="75,120,58,99,26,96,85,89,130,82,15,25,74" hai2="110,29,98,1,0,61,3,4,117,101,112,127,34" hai3="14,115,27,8,31,32,80,60,42,131,40,124,129"/><T106/><D118/><U18/><E120/><V105/><F112/><W104/><G104/><T10/><D132/><U47/><E130/><N who="3" m="49674" /><G115/><T95/><D62/><U76/><E47/><V33/><F117/><W35/><G60/><T39/><D39/><U37/><E37/><V125/><F110/><W50/><G80/><T30/><D30/><U63/><E99/><V36/><F4/><N who="3" m="3335" /><G40/><T73/><D73/><U83/><E96/><V49/><F49/><W5/><G50/><T121/><D48/><U93/><E75/><V24/><F34/><N who="3" m="20863" /><G42/><T69/><D69/><U71/><E74/><V13/><F13/><W65/><G65/><T94/><D106/><U128/><E128/><V56/><REACH who="2" step="1"/><F36/><REACH who="2" ten="563,259,151,17" step="2"/><W92/><G5/><T108/><D51/><U41/><E63/><V6/><F6/><W78/><G124/><T2/><D108/><U22/><E15/><V79/><F79/><W44/><G78/><T133/><D46/><U113/><E76/><V28/><F28/><W23/><G44/><T123/><D123/><U38/><E113/><V134/><F134/><W70/><G70/><T103/><D133/><U9/><E38/><V68/><F68/><W111/><G111/><T7/><D7/><U116/><E71/><V97/><F97/><W77/><G77/><T135/><D135/><U72/><E116/><V84/><F84/><W114/><G114/><T126/><D86/><U43/><E85/><V64/><AGARI ba="0,1" hai="0,1,3,24,29,33,56,61,64,98,101,105,125,127" machi="64" ten="40,5200,0" yaku="1,1,0,1,53,1" doraHai="90" doraHaiUra="54" who="2" fromWho="2" sc="563,-26,259,-13,151,62,17,-13" /><INIT seed="5,0,0,5,4,3" ten="537,246,213,4" oya="1" hai0="67,132,85,27,43,91,105,62,64,55,112,120,109" hai1="24,9,34,108,57,63,5,72,104,86,54,130,19" hai2="73,94,78,40,50,75,17,65,133,97,95,135,35" hai3="129,53,69,36,79,122,2,89,103,98,22,134,6"/><U13/><E72/><N who="2" m="27723" /><F35/><W77/><G122/><T51/><D112/><U107/><E130/><V126/><F65/><W32/><G69/><T76/><D132/><N who="2" m="50762" /><F17/><W15/><G134/><T16/><D105/><U52/><E108/><V4/><F40/><W121/><G36/><T46/><D76/><N who="3" m="29257" /><G32/><T31/><D16/><U21/><E34/><V88/><F50/><W59/><G2/><T99/><D99/><U20/><E20/><V0/><F126/><W84/><G129/><T74/><D120/><U30/><E30/><V56/><F56/><W113/><G121/><T124/><D124/><U10/><E10/><N who="2" m="2311" /><F78/><W115/><G22/><T60/><D43/><U8/><E8/><V116/><F95/><N who="3" m="58847" /><G113/><T37/><D74/><U90/><REACH who="1" step="1"/><E54/><REACH who="1" ten="537,236,213,4" step="2"/><V49/><F116/><W118/><G115/><T58/><D55/><U47/><E47/><V14/><F49/><N who="3" m="31151" /><G118/><T81/><D46/><U66/><E66/><V29/><F29/><W68/><G68/><T131/><D67/><U127/><E127/><V25/><F14/><W12/><G6/><T18/><D31/><U1/><E1/><V38/><F25/><W48/><G48/><T125/><D27/><U128/><E128/><V71/><F71/><W70/><G70/><T101/><D51/><U42/><E42/><V93/><F38/><W45/><G45/><T96/><D37/><U123/><E123/><V82/><F97/><W33/><G33/><T26/><D96/><U23/><E23/><V28/><F28/><W11/><G11/><T92/><D125/><U102/><E102/><V41/><F41/><W87/><G89/><RYUUKYOKU ba="0,1" sc="537,-30,236,10,213,10,4,10" hai1="5,9,13,19,21,24,52,57,63,86,90,104,107" hai2="82,88,93,94" hai3="12,15,84,87" /><INIT seed="5,1,1,5,0,4" ten="507,246,223,14" oya="1" hai0="131,49,20,9,128,90,72,106,5,93,18,24,16" hai1="3,35,27,71,38,98,39,87,104,56,59,134,51" hai2="13,78,17,113,22,28,116,30,0,119,89,21,61" hai3="74,109,33,52,111,37,43,99,7,63,101,95,10"/><U83/><E71/><V31/><F78/><W75/><G33/><T117/><D106/><U84/><E3/><V29/><F89/><W65/><G37/><T50/><D72/><U64/><E84/><V85/><F85/><W41/><G75/><T82/><D82/><U47/><E134/><V2/><F61/><W53/><G74/><T73/><D18/><U12/><E12/><V133/><F133/><W26/><G26/><T44/><D73/><U132/><E132/><V32/><F113/><W115/><G115/><T48/><D44/><U126/><E126/><V77/><F77/><W11/><G7/><T67/><D67/><U121/><E121/><V100/><F100/><W96/><G65/><T88/><D117/><N who="2" m="45130" /><F32/><W125/><G63/><T46/><D46/><U42/><E39/><V40/><F40/><W92/><REACH who="3" step="1"/><G101/><REACH who="3" ten="507,246,223,4" step="2"/><T94/><D5/><U80/><E27/><AGARI ba="1,2" hai="0,2,13,17,21,22,27,28,29,30,31" m="45130" machi="27" ten="30,2000,0" yaku="34,2" doraHai="4" who="2" fromWho="1" sc="507,0,246,-23,223,43,4,0" /><INIT seed="6,0,0,4,0,49" ten="507,223,266,4" oya="2" hai0="52,127,104,83,18,129,102,15,64,121,6,39,38" hai1="95,62,70,31,89,91,48,112,85,99,119,73,115" hai2="76,43,114,126,122,51,8,135,13,21,22,106,16" hai3="58,33,80,77,28,130,133,110,14,41,56,125,60"/><V98/><F114/><N who="1" m="43561" /><E73/><V3/><F122/><W105/><G110/><T124/><D64/><N who="1" m="41239" /><E31/><V57/><F126/><W118/><G125/><T82/><D6/><U101/><E119/><V7/><F135/><W42/><G118/><T113/><D129/><U69/><E69/><V40/><F76/><W4/><G105/><T93/><D104/><U30/><E30/><V2/><F22/><W71/><G130/><T55/><D113/><U128/><E128/><V65/><F3/><W88/><G133/><T111/><D121/><U75/><E75/><V61/><REACH who="2" step="1"/><F51/><REACH who="2" ten="507,223,256,4" step="2"/><W54/><G33/><T66/><D124/><U108/><E108/><V74/><F74/><W19/><G77/><T59/><D127/><U46/><E85/><V12/><F12/><W34/><G34/><T84/><D15/><U100/><E100/><AGARI ba="0,1" hai="2,7,8,13,16,21,40,43,57,61,65,98,100,106" machi="100" ten="40,3900,0" yaku="1,1,54,1,53,0" doraHai="49" doraHaiUra="24" who="2" fromWho="1" sc="507,0,223,-39,256,49,4,0" /><INIT seed="6,1,0,4,4,87" ten="507,184,305,4" oya="2" hai0="5,60,61,82,106,27,29,37,130,114,132,47,66" hai1="112,3,101,125,44,126,16,89,84,15,74,120,25" hai2="68,30,118,56,43,8,133,22,80,111,83,17,35" hai3="99,52,108,0,4,86,121,12,123,64,97,59,78"/><V88/><F68/><W113/><G108/><T95/><D106/><U18/><E74/><V38/><F35/><W55/><G0/><T33/><D114/><U119/><E3/><V20/><F118/><W85/><G113/><T77/><D130/><U39/><E119/><V135/><F38/><W46/><G46/><T131/><D132/><N who="2" m="50762" /><F43/><W129/><G129/><T104/><D104/><U128/><E128/><V115/><F115/><W75/><G75/><T50/><D37/><U71/><E71/><V103/><F103/><W7/><G78/><T73/><D66/><U72/><E72/><V109/><F56/><W70/><G70/><T11/><D95/><U49/><E39/><V110/><F30/><W93/><G64/><T45/><D45/><U41/><E112/><V26/><F8/><W67/><G67/><T65/><D65/><U48/><E101/><V127/><F127/><N who="1" m="48649" /><E120/><V91/><F22/><W122/><G12/><T57/><D57/><U102/><E102/><V90/><AGARI ba="1,0" hai="17,20,26,80,83,88,90,91,109,110,111" m="50762" machi="90" ten="40,18000,2" yaku="10,1,20,1,52,3,54,1" doraHai="87" who="2" fromWho="2" sc="507,-61,184,-61,305,183,4,-61" owari="446,25.0,123,-28.0,488,59.0,-57,-56.0" /></mjloggm>