<mjloggm ver="2.3"><GO type="169" lobby="0"/><UN n0="%E3%82%AB%E3%83%A9%E3%82%B9%E3%81%AE%E5%AD%90" n1="%E3%81%BD%E3%81%BF%E3%82%85" n2="%E3%82%A6%E3%83%AB%E3%83%88%E3%83%A9%E7%AB%8B%E7%9B%B4" n3="%E5%B0%B1%E6%B4%BB%E7%94%9F%40%E5%B7%9D%E6%9D%91%E8%BB%8D%E5%9B%A3" dan="19,16,17,16" rate="2223.76,2059.29,2111.90,2049.26" sx="M,F,M,M"/><TAIKYOKU oya="0"/><INIT seed="0,0,0,1,3,118" ten="250,250,250,250" oya="0" hai0="42,83,68,131,61,3,67,43,101,49,56,110,95" hai1="22,106,127,2,116,71,75,76,85,48,124,90,47" hai2="119,18,129,132,15,30,108,111,11,73,59,50,117" hai3="16,115,60,107,79,93,69,74,100,21,29,45,54"/><T6/><D131/><U4/><E71/><V88/><F73/><W25/><G115/><T121/><D121/><U8/><E106/><V38/><F38/><W112/><G112/><T89/><D110/><N who="2" m="42026" /><F129/><W96/><G69/><T66/><D101/><U63/><E63/><V12/><F30/><W40/><G74/><T53/><D67/><U125/><E116/><V44/><F132/><W133/><G79/><T14/><D83/><N who="1" m="45471" /><E22/><N who="2" m="11615" /><F88/><W94/><G133/><T52/><D53/><U123/><E90/><V55/><F59/><W19/><G54/><T33/><D33/><U97/><E97/><V34/><F34/><W65/><G94/><T105/><D105/><U87/><E123/><V81/><F81/><W20/><G107/><T9/><REACH who="0" step="1"/><D3/><REACH who="0" ten="240,250,250,250" step="2"/><U80/><E80/><V99/><F119/><W28/><G65/><T113/><D113/><U24/><E2/><V51/><F117/><W58/><G58/><T103/><D103/><U13/><E125/><V62/><F55/><W46/><G60/><T64/><D64/><U78/><E127/><V104/><F62/><W128/><G128/><T109/><D109/><U10/><E124/><V27/><F104/><W135/><G135/><T31/><D31/><N who="3" m="11849" /><G40/><T130/><D130/><U114/><E114/><V35/><F35/><W82/><G82/><T84/><AGARI ba="0,1" hai="6,9,14,42,43,49,52,56,61,66,68,84,89,95" machi="84" ten="20,12000,1" yaku="1,1,0,1,7,1,54,1,53,1" doraHai="118" doraHaiUra="91" who="0" fromWho="0" sc="240,130,250,-40,250,-40,250,-40" /><INIT seed="0,1,0,5,5,106" ten="370,210,210,210" oya="0" hai0="28,24,69,39,100,84,125,102,93,45,75,124,107" hai1="80,134,113,122,133,46,119,52,95,108,55,135,68" hai2="116,97,36,54,128,98,104,31,131,14,126,66,129" hai3="50,72,37,118,56,0,87,20,60,51,130,9,121"/><T103/><D69/><U43/><E95/><V22/><F36/><W1/><G118/><T21/><D107/><U120/><E80/><V70/><F116/><W23/><G37/><T111/><D39/><N who="1" m="21887" /><E119/><V40/><F40/><W30/><G30/><T16/><D45/><U35/><E35/><V90/><F104/><W81/><G121/><N who="1" m="46698" /><E108/><V71/><F126/><N who="0" m="48746" /><D111/><U74/><E74/><V6/><F54/><N who="1" m="20521" /><E68/><V25/><F90/><W114/><G81/><T63/><D63/><U8/><E8/><N who="2" m="4375" /><F71/><W92/><G9/><T127/><D127/><U26/><E26/><V59/><F70/><W65/><G60/><AGARI ba="1,0" hai="22,25,31,59,60,66,97,98,128,129,131" m="4375" machi="60" ten="30,1000,0" yaku="19,1" doraHai="106" who="2" fromWho="3" sc="370,0,210,0,210,13,210,-13" /><INIT seed="1,0,0,1,3,101" ten="370,210,223,197" oya="1" hai0="75,102,7,26,45,30,54,69,125,110,116,109,93" hai1="100,70,81,6,55,31,121,2,27,36,107,14,4" hai2="91,112,65,35,42,41,62,78,92,24,16,122,82" hai3="134,94,104,9,103,19,58,124,59,127,17,79,37"/><U129/><E36/><V38/><F38/><W119/><G37/><T98/><D116/><U74/><E70/><V108/><F122/><W50/><G79/><T85/><D75/><U61/><E2/><V0/><F0/><W12/><G119/><T90/><D69/><U64/><E121/><V131/><F108/><N who="0" m="41578" /><D125/><N who="3" m="48201" /><G134/><T97/><D7/><U18/><E55/><V76/><F131/><W111/><G111/><T8/><D8/><U48/><E48/><V43/><F82/><W80/><G80/><T10/><D10/><U33/><E81/><V66/><F35/><W28/><G28/><T72/><D72/><U67/><E67/><N who="2" m="25611" /><F62/><W1/><G1/><T57/><D45/><U113/><E74/><V135/><F135/><W95/><G19/><T20/><D102/><U105/><E129/><V87/><F112/><W84/><G84/><T60/><AGARI ba="0,0" hai="20,26,30,54,57,60,85,90,93,97,98" m="41578" machi="60" ten="30,1100,0" yaku="14,1" doraHai="101" who="0" fromWho="0" sc="370,11,210,-5,223,-3,197,-3" /><INIT seed="2,0,0,3,1,60" ten="381,205,220,194" oya="2" hai0="58,41,3,85,81,89,110,73,33,45,132,47,37" hai1="28,17,65,31,130,120,22,62,82,131,118,71,91" hai2="14,64,123,43,9,101,68,117,0,112,25,114,127" hai3="88,46,94,6,77,63,75,54,30,8,56,79,5"/><V12/><F0/><W50/><G30/><T96/><D33/><U16/><E118/><V116/><F101/><W67/><G75/><T80/><D3/><U104/><E104/><V119/><F123/><W95/><G95/><T11/><D110/><U72/><E120/><V66/><F68/><W97/><REACH who="3" step="1"/><G5/><REACH who="3" ten="381,205,220,184" step="2"/><T84/><D73/><U92/><E17/><V90/><F117/><W121/><G121/><T24/><D81/><U98/><E82/><V48/><F116/><W129/><G129/><N who="1" m="49162" /><E72/><V107/><F119/><W122/><G122/><T113/><D80/><U135/><E135/><V93/><F107/><W133/><G133/><T7/><D132/><U86/><E98/><V105/><F105/><W115/><G115/><T18/><D113/><U128/><N who="1" m="49170" /><U34/><DORA hai="100" /><E34/><V111/><F114/><W102/><G102/><T15/><D96/><U32/><E32/><V4/><F112/><W29/><G29/><T52/><D18/><U36/><E36/><V53/><F4/><W35/><G35/><T38/><D7/><U27/><AGARI ba="0,1" hai="16,22,27,28,31,62,65,71,86,91,92" m="49170" machi="27" ten="40,5200,0" yaku="19,1,52,1,54,1" doraHai="60,100" who="1" fromWho="1" sc="381,-13,205,62,220,-26,184,-13" /><INIT seed="3,0,0,2,2,115" ten="368,267,194,171" oya="3" hai0="56,53,101,43,34,64,18,76,69,124,79,33,116" hai1="98,63,36,47,23,113,51,22,31,11,118,95,20" hai2="44,134,24,6,85,52,89,94,27,61,48,29,111" hai3="120,26,102,45,96,55,122,57,42,103,9,114,97"/><W128/><G114/><T65/><D124/><U83/><E36/><V90/><F111/><W10/><G128/><T50/><D101/><U106/><E106/><V37/><F134/><W131/><G131/><T91/><D116/><U12/><E113/><V135/><F135/><W100/><G26/><T54/><D43/><U87/><E63/><V123/><F123/><W58/><G122/><T15/><D34/><U105/><E105/><V35/><F37/><W77/><G120/><T17/><D33/><U4/><E31/><V8/><F61/><W70/><G77/><N who="0" m="29771" /><D69/><U71/><E71/><V104/><F104/><W132/><G70/><T112/><D112/><U59/><E59/><N who="3" m="22538" /><G42/><T13/><D54/><N who="1" m="30079" /><E118/><V67/><F67/><N who="0" m="25674" /><D91/><N who="1" m="51711" /><E22/><V25/><REACH who="2" step="1"/><F89/><AGARI ba="0,0" hai="4,11,12,20,23,89,95,98" m="51711,30079" machi="89" ten="30,1000,0" yaku="8,1" doraHai="115" who="1" fromWho="2" sc="368,0,267,10,194,-10,171,0" /><INIT seed="4,0,0,5,5,1" ten="368,277,184,171" oya="0" hai0="132,117,98,116,33,121,71,59,106,77,53,96,58" hai1="2,0,122,83,7,62,91,12,30,104,79,40,119" hai2="128,118,69,101,29,125,102,22,97,17,8,43,18" hai3="89,52,10,49,74,65,41,103,76,31,99,60,45"/><T127/><D33/><U109/><E104/><V34/><F69/><W87/><G31/><T105/><D71/><U126/><E109/><V48/><F34/><W44/><G76/><T6/><D77/><U85/><E122/><V25/><F118/><W70/><G74/><T131/><D131/><U35/><E119/><V100/><F125/><W56/><G10/><T84/><D127/><U50/><E126/><V20/><F128/><W68/><G68/><T133/><D84/><U88/><E35/><V51/><F97/><W134/><G134/><T61/><D61/><U37/><E30/><V86/><F86/><W92/><REACH who="3" step="1"/><G41/><REACH who="3" ten="368,277,184,161" step="2"/><T130/><D130/><U11/><E79/><V13/><F43/><W111/><G111/><T21/><D117/><U90/><E40/><V15/><AGARI ba="0,1" hai="8,13,15,17,18,20,22,25,29,48,51,100,101,102" machi="15" ten="30,2000,0" yaku="0,1,8,1" doraHai="1" who="2" fromWho="2" sc="368,-10,277,-5,184,30,161,-5" /><INIT seed="5,0,0,2,3,40" ten="358,272,214,156" oya="1" hai0="44,1,58,114,48,22,52,120,71,29,60,129,104" hai1="75,23,97,70,13,73,80,83,61,112,125,94,45" hai2="99,79,12,9,66,28,11,57,67,30,72,68,18" hai3="3,130,119,59,50,85,25,65,88,81,108,47,35"/><U49/><E112/><V14/><F68/><W24/><G108/><T128/><D114/><U64/><E125/><V92/><F79/><W82/><G35/><T90/><D1/><U117/><E117/><V53/><F72/><W21/><G3/><T126/><D126/><U115/><E115/><V100/><F28/><N who="3" m="17423" /><G119/><T39/><D120/><U26/><E13/><V132/><F30/><W111/><G111/><T33/><D33/><U4/><E4/><V123/><F132/><W124/><G25/><N who="0" m="16567" /><D104/><U96/><E75/><V74/><F74/><W78/><G130/><N who="0" m="50283" /><D90/><U27/><E27/><V8/><F123/><W41/><G124/><T77/><D77/><U34/><E34/><V116/><F116/><W69/><G69/><T102/><D102/><U36/><E36/><V105/><F105/><W109/><G109/><T15/><D15/><U84/><E73/><V46/><F11/><W91/><G82/><T2/><D2/><U56/><E70/><V6/><F12/><W121/><G121/><T86/><D71/><U87/><E83/><V131/><F9/><W17/><G17/><T51/><D86/><N who="1" m="32811" /><E80/><V101/><F18/><W54/><G65/><T106/><D106/><U113/><E94/><V32/><F32/><W55/><G55/><T37/><D51/><AGARI ba="0,0" hai="41,47,50,51,54,59,78,81,85,88,91" m="17423" machi="51" ten="30,3900,0" yaku="8,1,52,1,54,1" doraHai="40" who="3" fromWho="0" sc="358,-39,272,0,214,0,156,39" /><INIT seed="6,0,0,1,4,57" ten="319,272,214,195" oya="2" hai0="90,53,17,111,59,96,112,97,123,130,101,54,45" hai1="70,102,27,3,15,92,40,64,16,24,35,127,65" hai2="18,120,50,124,32,39,85,132,72,69,33,98,37" hai3="55,105,41,115,74,109,43,30,95,82,79,129,125"/><V4/><F72/><W5/><G109/><T93/><D111/><U67/><E3/><V29/><F120/><W84/><G105/><T8/><D123/><U78/><E127/><V128/><F4/><W116/><G116/><T107/><D112/><U38/><E70/><V88/><F69/><W46/><G125/><T9/><D130/><U21/><E78/><V126/><F98/><W99/><G129/><T108/><D108/><U121/><E121/><V47/><F128/><W104/><G115/><T66/><D66/><U62/><E35/><N who="2" m="13387" /><F29/><W118/><G30/><T0/><D0/><U61/><E40/><N who="2" m="24935" /><F18/><W77/><G5/><T49/><D17/><U110/><E38/><N who="2" m="14347" /><F132/><W63/><G118/><T25/><REACH who="0" step="1"/><D25/><REACH who="0" ten="309,272,214,195" step="2"/><N who="1" m="9803" /><E110/><V31/><F31/><W12/><G12/><T6/><D6/><U75/><E75/><V86/><F126/><W36/><G74/><T81/><D81/><U1/><E1/><V56/><F124/><W10/><G10/><T28/><D28/><U11/><E11/><V89/><F86/><W131/><G131/><T133/><D133/><U134/><E134/><V20/><F85/><W52/><G79/><T2/><D2/><U13/><E13/><V60/><F20/><W91/><G104/><T73/><D73/><U117/><E117/><V100/><F100/><W119/><G119/><T103/><D103/><U7/><E7/><V42/><F89/><W122/><G122/><T87/><D87/><U44/><E102/><V94/><F88/><W51/><G63/><AGARI ba="0,1" hai="8,9,45,49,53,54,59,63,90,93,96,97,101,107" machi="63" ten="30,3900,0" yaku="1,1,7,1,52,1,53,0" doraHai="57" doraHaiUra="14" who="0" fromWho="3" sc="309,49,272,0,214,0,195,-39" /><INIT seed="7,0,0,5,5,75" ten="358,272,214,156" oya="3" hai0="38,30,17,88,7,71,135,73,106,43,27,25,13" hai1="74,80,20,32,111,12,45,59,67,36,66,24,4" hai2="15,81,65,35,97,70,23,110,93,41,117,107,91" hai3="21,51,29,68,3,108,121,114,44,125,10,112,77"/><W130/><G68/><T103/><D73/><U76/><E111/><V34/><F107/><W16/><G121/><T133/><D71/><U84/><E32/><V62/><F110/><W39/><G108/><T86/><D7/><U78/><E36/><V14/><F117/><W58/><G130/><T18/><D103/><U5/><E45/><V82/><F41/><W98/><G125/><T0/><D0/><U119/><E119/><V49/><F49/><W50/><G29/><T126/><D106/><U33/><E33/><V28/><F15/><N who="3" m="9375" /><G98/><T52/><D126/><U56/><E74/><V22/><F35/><W132/><G132/><T60/><D43/><U64/><E78/><V57/><F70/><W115/><G58/><N who="1" m="22058" /><E12/><V61/><F34/><W96/><G96/><T123/><D30/><AGARI ba="0,0" hai="4,5,20,24,30,64,66,67,76,80,84" m="22058" machi="30" ten="30,2000,0" yaku="8,1,52,1" doraHai="75" who="1" fromWho="0" sc="358,-20,272,20,214,0,156,0" owari="338,44.0,292,9.0,214,-19.0,156,-34.0" /></mjloggm>