<mjloggm ver="2.3"><GO type="169" lobby="0"/><UN n0="%6D%69%6E%32%30%30%32" n1="%E3%81%88%E3%81%B3%E3%83%81%E3%83%AA%EF%BC%94" n2="%E3%83%89%E3%82%A4%E3%83%AB" n3="%E3%83%88%E3%83%88%E3%83%AA%E5%85%88%E7%94%9F%31%39%E6%AD%B3" dan="16,16,16,17" rate="2116.86,2082.64,2069.50,2226.71" sx="F,M,M,F"/><TAIKYOKU oya="0"/><INIT seed="0,0,0,5,3,129" ten="250,250,250,250" oya="0" hai0="113,130,106,85,84,71,16,32,77,22,73,133,66" hai1="93,62,82,63,78,26,126,49,34,89,76,30,37" hai2="55,44,70,81,100,47,10,110,13,69,48,75,8" hai3="3,21,20,65,119,29,38,5,17,58,53,112,23"/><T99/><D32/><U90/><E37/><V56/><F110/><W115/><G38/><T96/><D130/><U33/><E126/><V109/><F109/><W7/><G119/><T95/><D113/><U60/><E34/><V19/><F100/><W111/><G111/><T9/><D9/><U120/><E120/><V123/><F123/><W72/><G72/><T118/><D118/><U86/><REACH who="1" step="1"/><E49/><REACH who="1" ten="250,240,250,250" step="2"/><V74/><F74/><W127/><G127/><T134/><D73/><U101/><E101/><V45/><F75/><W57/><G115/><T0/><D106/><U36/><E36/><V35/><F35/><W51/><G112/><T2/><D77/><U122/><E122/><V1/><F1/><W50/><G3/><T117/><D117/><U83/><E83/><V41/><F81/><W59/><G50/><T98/><D95/><U116/><E116/><V27/><F41/><W103/><G103/><T54/><D2/><U107/><E107/><V12/><REACH who="2" step="1"/><F27/><REACH who="2" ten="250,240,240,250" step="2"/><W24/><G24/><T67/><D0/><U108/><E108/><V88/><F88/><W135/><G135/><T125/><D125/><U64/><E64/><V43/><F43/><W79/><G65/><N who="0" m="24587" /><D54/><U11/><E11/><V4/><AGARI ba="0,2" hai="4,8,10,12,13,19,44,45,47,48,55,56,69,70" machi="4" ten="30,2000,0" yaku="1,1,0,1,53,0" doraHai="129" doraHaiUra="97" who="2" fromWho="2" sc="250,-10,240,-5,240,40,250,-5" /><INIT seed="1,0,0,4,2,6" ten="240,235,280,245" oya="1" hai0="3,65,36,29,57,111,117,90,125,81,32,22,68" hai1="84,134,67,12,2,45,75,58,72,11,17,128,10" hai2="53,115,8,50,19,9,43,46,34,7,106,73,79" hai3="33,15,62,40,103,63,101,28,37,132,66,120,76"/><U119/><E119/><V78/><F106/><W30/><G120/><T39/><D117/><U1/><E134/><V100/><F100/><W108/><G132/><T69/><D68/><U133/><E133/><V0/><F34/><W51/><G37/><T52/><D32/><U102/><E102/><V59/><F73/><W18/><G108/><T99/><D3/><U96/><E96/><V116/><F116/><W122/><G122/><T77/><D111/><U23/><E45/><V74/><F74/><W41/><G76/><T85/><D125/><U60/><E128/><V48/><REACH who="2" step="1"/><F115/><REACH who="2" ten="240,235,270,245" step="2"/><W113/><G113/><T123/><D123/><U98/><E75/><V27/><F27/><W94/><G33/><T95/><D39/><U83/><E72/><V121/><F121/><W54/><G103/><T92/><D36/><U129/><E129/><V61/><F61/><W105/><G105/><T55/><D95/><U64/><E64/><V35/><F35/><W114/><G114/><T104/><D104/><U38/><E38/><V70/><F70/><N who="3" m="42327" /><G63/><N who="0" m="38127" /><D69/><U110/><E110/><V112/><F112/><W126/><G94/><T109/><D109/><U82/><E82/><V127/><F127/><W88/><G101/><T91/><D91/><U86/><E83/><V97/><F97/><W31/><G88/><T124/><D124/><U89/><E98/><V49/><F49/><W56/><G126/><T135/><D135/><U24/><E24/><AGARI ba="0,1" hai="22,24,29,52,55,77,81,85,90,92,99" m="38127" machi="24" ten="30,2000,0" yaku="8,1,54,1" doraHai="6" who="0" fromWho="1" sc="240,30,235,-20,270,0,245,0" /><INIT seed="2,0,0,0,5,61" ten="270,215,270,245" oya="2" hai0="24,100,112,89,38,39,7,107,83,128,96,36,10" hai1="110,60,55,31,47,67,90,80,33,3,16,72,1" hai2="104,19,28,56,66,42,97,101,26,65,32,103,98" hai3="57,35,105,4,37,88,87,133,58,121,111,2,124"/><V92/><F42/><W78/><G121/><T13/><D112/><U51/><E110/><V17/><F56/><W27/><G105/><T127/><D128/><U106/><E106/><V44/><F44/><W0/><G37/><T95/><D127/><U91/><E91/><V84/><F84/><W130/><G111/><T43/><D24/><U74/><E31/><V23/><REACH who="2" step="1"/><F17/><REACH who="2" ten="270,215,260,245" step="2"/><W99/><G57/><T63/><D43/><U113/><E16/><V40/><F40/><W129/><G58/><T119/><D119/><U76/><E72/><V77/><F77/><W115/><G78/><T132/><D39/><U64/><E113/><V59/><F59/><W93/><G87/><T117/><D117/><U9/><E60/><V114/><F114/><W71/><G115/><T134/><D63/><U11/><E90/><V75/><F75/><W6/><G88/><T116/><D116/><U131/><E131/><V69/><F69/><W73/><G71/><T34/><D83/><U46/><E46/><V49/><F49/><W122/><G73/><T135/><D38/><U48/><E48/><V21/><F21/><W102/><G130/><T94/><D36/><U125/><E33/><V53/><F53/><W123/><G35/><T52/><D34/><U22/><E22/><V82/><F82/><W118/><G129/><T50/><D89/><U15/><E125/><V18/><F18/><W108/><G124/><T86/><D86/><U68/><E68/><V41/><F41/><W70/><G118/><T109/><D109/><U14/><E74/><V62/><F62/><W5/><G108/><RYUUKYOKU ba="0,1" sc="270,15,215,-15,260,15,245,-15" hai0="7,10,13,50,52,94,95,96,100,107,132,134,135" hai2="19,23,26,28,32,65,66,92,97,98,101,103,104" /><INIT seed="2,1,1,1,4,24" ten="285,200,275,230" oya="2" hai0="88,38,45,86,77,50,85,36,81,10,53,116,32" hai1="105,124,19,97,43,94,35,104,79,46,80,128,129" hai2="120,59,55,28,25,52,126,74,39,18,121,133,114" hai3="14,0,16,41,33,69,130,37,67,82,26,60,65"/><V83/><F114/><W92/><G0/><T54/><D32/><U44/><E35/><V102/><F39/><W29/><G130/><N who="1" m="50282" /><E19/><V117/><F117/><W7/><G7/><T99/><D116/><U100/><E124/><V63/><F126/><W48/><G37/><T31/><D31/><U6/><E6/><V5/><F5/><W72/><G65/><T132/><D132/><U91/><E44/><V98/><F133/><W4/><G4/><T61/><D99/><N who="1" m="57823" /><E46/><V122/><F18/><W89/><G48/><T96/><D96/><U113/><E43/><V118/><F118/><W106/><G41/><T70/><D10/><U51/><E51/><V87/><F74/><W71/><G106/><T15/><D15/><U42/><E42/><V76/><F55/><W101/><G101/><T62/><D70/><U20/><E20/><V75/><F75/><W11/><G82/><N who="0" m="49239" /><D38/><U95/><E113/><V131/><F131/><W103/><G72/><AGARI ba="1,1" hai="72,79,80,95,97,100,104,105" m="57823,50282" machi="72" ten="30,3900,0" yaku="19,1,34,2" doraHai="24" who="1" fromWho="3" sc="285,0,200,52,275,0,230,-42" /><INIT seed="3,0,0,4,3,9" ten="285,252,275,188" oya="3" hai0="52,57,101,111,70,92,59,43,131,22,1,67,14" hai1="135,5,86,133,105,126,118,93,49,83,60,130,19" hai2="39,90,97,12,11,16,36,64,66,0,68,103,88" hai3="73,33,106,79,84,81,35,41,76,107,18,114,132"/><W23/><G114/><T95/><D1/><U45/><E105/><V65/><F68/><W80/><G132/><N who="1" m="50762" /><E5/><V71/><F71/><W89/><G41/><T56/><D131/><U74/><E130/><V44/><F0/><W48/><G48/><N who="0" m="30727" /><D70/><U42/><E126/><V17/><F17/><W58/><G58/><N who="0" m="22027" /><D111/><U31/><E31/><V94/><REACH who="2" step="1"/><F44/><REACH who="2" ten="285,252,265,188" step="2"/><W98/><G79/><T124/><D124/><U119/><E19/><V85/><F85/><W46/><G46/><T37/><D67/><U77/><E60/><V51/><F51/><W102/><REACH who="3" step="1"/><G107/><REACH who="3" ten="285,252,265,178" step="2"/><T38/><D38/><AGARI ba="0,2" hai="11,12,16,36,38,39,64,65,66,88,90,94,97,103" machi="38" ten="40,8000,1" yaku="1,1,52,1,54,2,53,1" doraHai="9" doraHaiUra="15" who="2" fromWho="0" sc="285,-80,252,0,265,100,178,0" /><INIT seed="4,0,0,3,2,132" ten="205,252,365,178" oya="0" hai0="110,48,13,23,43,36,96,92,111,99,83,93,63" hai1="25,80,129,108,17,120,77,115,16,60,35,8,5" hai2="88,126,116,75,134,97,56,90,133,18,102,52,34" hai3="28,103,61,125,117,121,45,127,49,87,112,31,68"/><T11/><D36/><U44/><E108/><N who="0" m="41513" /><D63/><U101/><E129/><V41/><F41/><W94/><G117/><T95/><D83/><U32/><E120/><V47/><F116/><W7/><G121/><T14/><D23/><U2/><E115/><V118/><F118/><W12/><G112/><T107/><D107/><U59/><E101/><V1/><F75/><W72/><G72/><T79/><D79/><U100/><E44/><V76/><F76/><W85/><G7/><N who="0" m="3327" /><D14/><U67/><E100/><V71/><F71/><W3/><G12/><T122/><D122/><U40/><E40/><V69/><F69/><W30/><G3/><T0/><D0/><U78/><E78/><V27/><F1/><W113/><G113/><T135/><D135/><N who="2" m="51722" /><F47/><AGARI ba="0,0" hai="43,47,48,92,93,95,96,99" m="3327,41513" machi="47" ten="30,1500,0" yaku="10,1" doraHai="132" who="0" fromWho="2" sc="205,15,252,0,365,-15,178,0" /><INIT seed="4,1,0,3,3,78" ten="220,252,350,178" oya="0" hai0="122,28,25,109,56,17,54,77,26,82,35,115,86" hai1="84,69,32,42,134,19,107,99,16,97,9,83,4" hai2="93,62,60,117,20,6,125,118,89,81,88,135,5" hai3="124,111,85,79,132,94,119,53,59,130,72,30,91"/><T68/><D122/><U36/><E69/><V40/><F125/><W33/><G111/><T133/><D109/><U129/><E32/><V90/><F135/><W63/><G119/><N who="2" m="45577" /><F40/><W104/><G132/><T13/><D133/><U100/><E134/><V92/><F20/><W75/><G124/><T24/><D68/><U46/><E99/><V108/><F108/><W128/><G104/><T44/><D44/><U52/><E129/><N who="3" m="49770" /><G79/><T113/><D113/><U48/><E4/><N who="2" m="1643" /><F81/><W114/><G114/><T80/><D80/><U21/><E9/><V121/><F121/><W110/><G110/><T34/><D34/><U120/><E21/><V64/><F64/><W127/><G127/><T71/><D71/><U76/><E120/><V50/><F50/><W2/><G2/><T73/><D73/><U22/><E22/><V7/><F7/><W103/><G103/><T15/><D115/><U11/><E11/><V49/><F49/><W14/><G14/><T3/><D3/><U98/><REACH who="1" step="1"/><E97/><REACH who="1" ten="220,242,350,178" step="2"/><V95/><AGARI ba="1,1" hai="60,62,88,89,90,92,93,95" m="1643,45577" machi="95" ten="40,8000,1" yaku="28,2,12,1,54,1" doraHai="78" who="2" fromWho="2" sc="220,-41,242,-21,350,93,178,-21" /><INIT seed="5,0,0,2,3,41" ten="179,221,443,157" oya="1" hai0="30,74,97,130,38,64,102,2,120,66,17,55,8" hai1="90,48,87,93,37,60,86,116,52,57,70,31,47" hai2="3,122,132,6,15,63,11,109,45,25,14,26,128" hai3="58,98,51,4,50,100,114,72,46,19,103,22,77"/><U69/><E116/><V73/><F73/><W18/><G114/><T5/><D38/><U10/><E31/><V111/><F122/><W71/><G71/><T104/><D120/><U1/><E37/><V9/><F63/><W121/><G121/><T110/><D110/><U81/><E1/><V105/><F105/><W12/><G72/><T65/><D74/><U107/><E107/><V34/><F45/><W62/><G77/><T21/><D130/><U59/><E10/><V85/><F85/><W119/><G119/><T83/><D83/><U36/><E59/><V33/><F128/><W91/><G4/><T42/><D42/><U53/><REACH who="1" step="1"/><E36/><REACH who="1" ten="179,211,443,157" step="2"/><V92/><F3/><W78/><G58/><T94/><D30/><U112/><E112/><V43/><F11/><N who="3" m="6431" /><G62/><T96/><D104/><U82/><E82/><V88/><F9/><W127/><G127/><T113/><D113/><U56/><E56/><V108/><F111/><W61/><G61/><T126/><D126/><U28/><E28/><V23/><F109/><W80/><G51/><T20/><D94/><U67/><E67/><V35/><F92/><N who="3" m="56607" /><G80/><T101/><D66/><U124/><E124/><V89/><F108/><W79/><G79/><AGARI ba="0,1" hai="47,48,52,53,57,60,69,70,79,81,86,87,90,93" machi="79" ten="30,11600,0" yaku="1,1,7,1,52,1,54,1,53,0" doraHai="41" doraHaiUra="32" who="1" fromWho="3" sc="179,0,211,126,443,0,157,-116" /><INIT seed="5,1,0,3,3,50" ten="179,337,443,41" oya="1" hai0="35,74,93,20,32,29,81,58,123,15,60,37,125" hai1="31,121,118,17,33,131,46,22,44,56,57,0,39" hai2="64,71,109,36,7,59,115,70,94,3,101,103,30" hai3="11,128,78,66,100,90,1,34,102,105,83,25,117"/><U82/><E121/><V76/><F109/><W52/><G117/><T120/><D125/><U12/><E118/><V127/><F36/><W9/><G128/><T116/><D37/><U84/><E131/><V65/><F76/><W108/><G108/><T72/><D116/><U91/><E0/><V96/><F127/><W2/><G66/><T85/><D93/><U87/><E39/><V51/><F30/><W18/><G90/><T6/><D6/><U86/><E33/><V47/><F103/><W23/><G34/><T75/><D15/><U133/><E31/><V104/><F104/><W16/><G105/><T4/><D4/><U89/><E133/><V10/><F65/><W55/><G2/><T99/><D99/><U107/><E86/><V19/><F19/><W132/><G132/><T119/><D119/><U124/><E124/><V21/><F21/><N who="3" m="13479" /><G1/><T24/><D85/><U98/><E98/><V122/><F122/><N who="0" m="46634" /><D81/><N who="1" m="49295" /><E107/><V61/><F115/><W53/><G83/><T80/><D80/><U114/><E114/><V43/><AGARI ba="1,0" hai="3,7,10,43,47,51,59,61,64,70,71,94,96,101" machi="43" ten="20,1500,0" yaku="0,1,7,1" doraHai="50" who="2" fromWho="2" sc="179,-5,337,-8,443,18,41,-5" /><INIT seed="6,0,0,2,1,10" ten="174,329,461,36" oya="2" hai0="35,20,26,9,2,58,88,74,30,104,11,131,60" hai1="29,64,31,115,63,89,27,68,55,86,97,113,72" hai2="52,121,100,123,94,106,110,47,33,1,84,119,96" hai3="25,66,3,95,54,83,124,80,6,81,85,49,17"/><V5/><F33/><W73/><G73/><T116/><D104/><U126/><E72/><V117/><F110/><W133/><G133/><T98/><D74/><U22/><E126/><V46/><F5/><W71/><G124/><T15/><D131/><U67/><E97/><V103/><F1/><W99/><G3/><T12/><D116/><U57/><E68/><V13/><F13/><N who="0" m="5194" /><D2/><U38/><E38/><V45/><F106/><W75/><G75/><T39/><D39/><U16/><E64/><V82/><F103/><W28/><G71/><T125/><D35/><U7/><E67/><V50/><F119/><W23/><G66/><N who="0" m="39191" /><D125/><U93/><REACH who="1" step="1"/><E7/><REACH who="1" ten="174,319,461,36" step="2"/><V19/><F117/><W120/><G6/><T114/><D114/><AGARI ba="0,1" hai="16,22,27,29,31,55,57,63,86,89,93,113,114,115" machi="114" ten="40,8000,1" yaku="1,1,2,1,15,1,54,1,53,0" doraHai="10" doraHaiUra="107" who="1" fromWho="0" sc="174,-80,319,90,461,0,36,0" /><INIT seed="7,0,0,5,1,1" ten="94,409,461,36" oya="3" hai0="49,68,87,72,103,83,127,112,90,88,80,41,20" hai1="108,59,19,29,135,86,97,93,25,92,28,62,76" hai2="73,131,70,65,118,82,35,98,122,99,111,75,13" hai3="107,66,2,47,30,52,63,119,113,100,115,54,60"/><W32/><G119/><T57/><D68/><U125/><E135/><V89/><F111/><W58/><G2/><T74/><D103/><U33/><E125/><V132/><F118/><W124/><G30/><T50/><D127/><U117/><E108/><V34/><F132/><W61/><G32/><T79/><D112/><N who="3" m="43081" /><G100/><T120/><D120/><U36/><E36/><V96/><F13/><W78/><G107/><T126/><D126/><U22/><E117/><V71/><F122/><W26/><G26/><T106/><D106/><U23/><E23/><V81/><F89/><W91/><G78/><T14/><D57/><U12/><E33/><N who="2" m="12299" /><F65/><W102/><G102/><T64/><D64/><U109/><E109/><V123/><F131/><W31/><G31/><T121/><D121/><U51/><E51/><V42/><F42/><W11/><G124/><T5/><D41/><U128/><E128/><V8/><F8/><W46/><G91/><T94/><D20/><U133/><E133/><V39/><F39/><W114/><N who="3" m="43089" /><W105/><DORA hai="116" /><G105/><T85/><D74/><N who="2" m="28170" /><F123/><W44/><G11/><T134/><D134/><U130/><E130/><V27/><F27/><W95/><G95/><T3/><D3/><U6/><E92/><V0/><F0/><W7/><G7/><T17/><D5/><U9/><E76/><V10/><F10/><W55/><AGARI ba="0,0" hai="44,46,47,52,54,55,58,60,61,63,66" m="43089" machi="55" ten="50,12000,1" yaku="15,1,34,2,54,1" doraHai="1,116" who="3" fromWho="3" sc="94,-40,409,-40,461,-40,36,120" /><INIT seed="7,1,0,0,3,132" ten="54,369,421,156" oya="3" hai0="30,43,8,67,5,99,71,0,7,61,25,55,53" hai1="116,81,16,96,135,125,46,123,72,38,115,3,128" hai2="44,90,14,50,63,45,28,20,109,133,119,124,47" hai3="24,130,66,76,34,127,10,107,114,19,23,126,62"/><W15/><G107/><T21/><D43/><U49/><RYUUKYOKU type="yao9" ba="1,0" sc="54,0,369,0,421,0,156,0" hai1="3,16,38,46,49,72,81,96,115,116,123,125,128,135" /><INIT seed="7,2,0,3,0,82" ten="54,369,421,156" oya="3" hai0="50,71,44,23,90,106,12,33,24,126,95,123,79" hai1="77,14,97,100,10,74,29,125,40,83,4,93,99" hai2="25,55,8,52,61,103,94,13,132,88,20,63,118" hai3="101,119,87,48,31,6,76,64,39,59,17,60,133"/><W3/><G119/><T121/><D106/><U131/><E125/><V45/><F118/><W134/><G39/><T51/><D126/><U22/><E131/><V112/><F103/><W102/><G31/><T2/><D2/><U27/><E97/><N who="2" m="57543" /><F112/><W49/><G3/><T58/><D71/><U5/><E40/><V122/><F122/><W69/><G6/><T21/><D33/><U53/><E53/><N who="2" m="20555" /><F45/><W46/><G17/><T1/><D1/><U7/><E74/><V86/><F86/><W81/><G69/><T36/><D36/><U73/><E73/><V35/><F35/><W42/><G49/><T107/><D107/><U108/><E108/><V32/><F32/><W113/><G113/><T130/><D130/><U78/><REACH who="1" step="1"/><E83/><REACH who="1" ten="54,359,421,156" step="2"/><V109/><F109/><W105/><G105/><T43/><D123/><U56/><E56/><V18/><F132/><AGARI ba="2,1" hai="42,46,48,59,60,64,76,81,87,101,102,132,133,134" machi="132" ten="40,3900,0" yaku="20,1,52,1" doraHai="82" who="3" fromWho="2" sc="54,0,359,0,421,-45,156,55" /><INIT seed="7,3,0,0,5,55" ten="54,359,376,211" oya="3" hai0="66,16,132,28,115,44,37,20,80,123,40,14,1" hai1="135,71,127,89,27,120,83,94,121,35,69,36,63" hai2="125,34,25,130,116,131,64,29,68,101,21,41,26" hai3="30,24,87,72,6,67,47,99,126,113,62,81,96"/><W91/><G113/><T77/><D123/><U11/><E135/><V23/><F116/><W17/><G126/><T109/><D109/><U49/><E36/><V59/><F41/><W53/><G72/><T118/><D118/><U82/><E127/><V84/><F125/><W104/><G104/><T0/><D132/><U103/><E103/><V18/><F101/><W133/><G133/><T112/><D66/><U43/><E11/><V97/><F97/><W60/><G6/><T76/><D76/><U111/><E111/><V45/><F45/><W75/><G75/><T2/><D28/><U52/><E43/><V122/><F122/><W78/><G17/><T57/><D80/><U56/><E120/><V106/><F106/><W39/><G39/><T114/><REACH who="0" step="1"/><D77/><REACH who="0" ten="44,359,376,211" step="2"/><U7/><E121/><V13/><F64/><W100/><G78/><T33/><D33/><U95/><E83/><V51/><F34/><W88/><G67/><T15/><D15/><U3/><E82/><V74/><F13/><W22/><G81/><T46/><D46/><U58/><E35/><V98/><F131/><W8/><G47/><T32/><D32/><U38/><E38/><V61/><F29/><W70/><G30/><T48/><D48/><U134/><E134/><V129/><F51/><W90/><G24/><T85/><D85/><U119/><E27/><V19/><F74/><W124/><G87/><T105/><D105/><U73/><E73/><V65/><F84/><W107/><G107/><T5/><D5/><U128/><E119/><V92/><F68/><W117/><G70/><T12/><D12/><RYUUKYOKU ba="3,1" sc="44,15,359,-15,376,15,211,-15" hai0="0,1,2,14,16,20,37,40,44,57,112,114,115" hai2="18,19,21,23,25,26,59,61,65,92,98,129,130" owari="59,-44.0,344,14.0,401,50.0,196,-20.0" /></mjloggm>