<mjloggm ver="2.3"><GO type="169" lobby="0"/><UN n0="%E7%B7%92%E6%96%B9%E6%99%BA%E7%B5%B5%E9%87%8C%2B" n1="%44%26%46" n2="%E3%83%88%E3%83%88%E3%83%AA%E5%85%88%E7%94%9F%31%39%E6%AD%B3" n3="%6E%6E%6E%6E%6E%6E" dan="16,16,18,17" rate="2110.30,2056.95,2267.78,2135.74" sx="M,M,F,M"/><TAIKYOKU oya="0"/><INIT seed="0,0,0,0,1,109" ten="250,250,250,250" oya="0" hai0="75,96,105,124,11,57,122,13,118,116,117,30,71" hai1="132,80,44,92,38,54,9,52,130,123,134,21,1" hai2="7,72,5,67,0,107,98,99,84,26,119,112,64" hai3="55,16,40,51,20,47,87,128,133,45,24,17,36"/><T95/><D122/><U135/><E123/><V3/><F84/><W108/><G108/><T114/><D71/><U85/><E92/><V15/><F15/><W19/><G133/><T90/><D75/><U102/><E102/><V42/><F26/><W88/><REACH who="3" step="1"/><G128/><REACH who="3" ten="250,250,250,240" step="2"/><T103/><D124/><U70/><E130/><V48/><F119/><W22/><G22/><T121/><D121/><U110/><E21/><V62/><F3/><W127/><G127/><T12/><D11/><U27/><E110/><V69/><F0/><W6/><G6/><T66/><D118/><U31/><E9/><V115/><F7/><W23/><G23/><T97/><D117/><U14/><E1/><V4/><F5/><W78/><G78/><T28/><D116/><U111/><E111/><V89/><F4/><W18/><G18/><T65/><D30/><U46/><E31/><V32/><F32/><W77/><G77/><T86/><D28/><U73/><E132/><V83/><F112/><W33/><G33/><T61/><D114/><U68/><E134/><V101/><F115/><W100/><G100/><T82/><D66/><U34/><E34/><V113/><F113/><W60/><G60/><T129/><D129/><U56/><E135/><V10/><F67/><W104/><G104/><T79/><AGARI ba="0,1" hai="12,13,57,61,65,79,82,86,90,95,96,97,103,105" machi="79" ten="20,2100,0" yaku="0,1,7,1" doraHai="109" who="0" fromWho="0" sc="250,31,250,-7,250,-7,240,-7" /><INIT seed="0,1,0,0,0,120" ten="281,243,243,233" oya="0" hai0="50,132,18,70,82,99,130,98,47,79,55,75,125" hai1="91,133,54,3,34,68,86,20,93,85,116,97,7" hai2="121,122,64,61,102,14,60,38,51,84,106,107,58" hai3="94,66,35,8,119,115,2,24,37,48,134,101,57"/><T17/><D130/><U11/><E116/><V110/><F38/><W0/><G119/><T87/><D132/><U10/><E34/><V124/><F124/><W44/><G115/><T15/><D125/><U27/><E68/><V131/><F131/><W74/><G74/><T127/><D127/><U69/><E69/><V117/><F117/><W112/><G37/><T135/><D135/><U77/><E11/><V30/><F30/><W128/><G128/><T100/><D70/><U104/><E104/><V123/><F102/><W67/><G112/><T113/><D113/><U103/><E77/><V73/><F73/><W96/><G8/><T45/><D75/><U42/><E42/><V36/><F36/><W4/><G4/><T46/><D18/><U32/><E32/><V1/><F1/><W9/><G9/><N who="0" m="6383" /><D100/><U78/><E103/><V52/><F14/><W111/><G2/><T71/><D71/><U5/><E5/><V80/><F61/><W92/><G35/><T56/><AGARI ba="1,0" hai="45,46,47,50,55,56,79,82,87,98,99" m="6383" machi="56" ten="30,1500,0" yaku="8,1" doraHai="120" who="0" fromWho="0" sc="281,18,243,-6,243,-6,233,-6" /><INIT seed="0,2,0,5,4,134" ten="299,237,237,227" oya="0" hai0="52,105,43,82,122,69,26,30,29,15,4,100,103" hai1="104,16,31,101,44,133,124,12,96,130,126,54,11" hai2="64,79,116,23,102,112,53,65,58,76,120,125,60" hai3="19,20,21,6,67,123,33,32,36,109,84,114,132"/><T66/><D122/><U94/><E133/><V85/><F120/><W131/><G36/><T111/><D111/><U78/><E130/><V91/><F112/><W46/><G114/><T87/><D43/><U48/><E78/><N who="2" m="29739" /><F116/><W49/><G109/><T99/><D103/><U73/><E73/><V97/><F102/><W113/><G113/><T40/><D40/><U80/><E80/><N who="2" m="49575" /><F97/><W77/><G33/><T106/><D106/><U107/><REACH who="1" step="1"/><E31/><REACH who="1" ten="299,227,237,227" step="2"/><V92/><F125/><AGARI ba="2,1" hai="11,12,16,44,48,54,94,96,101,104,107,124,125,126" machi="125" ten="40,12000,2" yaku="1,1,2,1,18,1,52,3,54,1,53,0" doraHai="134" doraHaiUra="71" who="1" fromWho="2" sc="299,0,227,136,237,-126,227,0" /><INIT seed="1,0,0,2,2,74" ten="299,363,111,227" oya="1" hai0="14,97,117,48,51,33,91,50,111,107,68,75,93" hai1="9,69,24,79,70,115,34,81,78,46,47,103,7" hai2="118,15,127,2,109,61,94,25,90,41,124,108,59" hai3="3,39,132,67,76,83,53,4,125,65,26,101,37"/><U112/><E103/><V128/><F2/><W43/><G132/><T20/><D117/><U12/><E24/><V77/><F118/><W23/><G125/><N who="2" m="48201" /><F128/><W135/><G135/><T104/><D33/><U42/><E34/><V73/><F41/><W13/><G13/><T58/><D68/><U30/><E30/><V71/><F71/><W11/><G101/><T129/><D129/><U126/><E126/><V120/><F120/><W35/><G35/><T22/><D75/><U99/><E99/><N who="2" m="57815" /><F15/><W17/><G53/><T63/><D111/><N who="2" m="42570" /><F25/><W106/><G106/><T105/><REACH who="0" step="1"/><D14/><REACH who="0" ten="289,363,111,227" step="2"/><U0/><E69/><V6/><F6/><W119/><G119/><T110/><D110/><U133/><E70/><V16/><F16/><W92/><G3/><T102/><D102/><U1/><E1/><V19/><F19/><W121/><G17/><T134/><D134/><U55/><E133/><V116/><F116/><W21/><G121/><T113/><D113/><U96/><E112/><V84/><F73/><W72/><G72/><T5/><D5/><U64/><E0/><V66/><F84/><W131/><G4/><T44/><D44/><U89/><E47/><V36/><F36/><W98/><G37/><T82/><D82/><U130/><E130/><V45/><F45/><W87/><G131/><T88/><D88/><U95/><E7/><V8/><F8/><W57/><G11/><T122/><D122/><U18/><E9/><V56/><F56/><W32/><G57/><T29/><D29/><U38/><E46/><V54/><F77/><N who="3" m="46575" /><G39/><T62/><D62/><U60/><E38/><RYUUKYOKU ba="0,1" sc="289,15,363,-15,111,15,227,-15" hai0="20,22,48,50,51,58,63,91,93,97,104,105,107" hai2="54,59,61,66" /><INIT seed="2,1,1,2,2,37" ten="304,348,126,212" oya="2" hai0="18,7,77,98,35,2,31,17,134,78,83,9,29" hai1="34,27,113,30,3,70,5,96,67,87,48,111,53" hai2="126,1,51,110,4,106,49,60,38,72,24,62,59" hai3="125,28,74,101,66,109,104,25,127,50,63,119,57"/><V69/><F106/><W10/><G109/><T15/><D134/><U46/><E111/><V84/><F110/><W91/><G119/><T86/><D18/><U129/><E113/><V0/><F72/><W82/><G10/><T117/><D117/><U90/><E96/><V122/><F122/><W114/><G114/><T81/><D98/><U133/><E133/><V40/><F126/><N who="3" m="48139" /><G101/><T39/><D39/><U61/><E129/><V85/><F24/><W97/><G97/><T54/><D54/><U21/><E5/><V131/><F38/><W20/><G50/><T41/><D41/><U56/><E3/><V43/><F59/><W79/><G91/><T68/><D68/><U45/><E34/><V115/><F115/><W73/><G104/><T11/><REACH who="0" step="1"/><D35/><REACH who="0" ten="294,348,126,212" step="2"/><U92/><AGARI ba="1,2" hai="21,27,30,45,46,48,53,56,61,67,70,87,90,92" machi="92" ten="20,1500,0" yaku="0,1,7,1" doraHai="37" who="1" fromWho="1" sc="294,-5,348,38,126,-8,212,-5" /><INIT seed="3,0,0,0,3,19" ten="289,386,118,207" oya="3" hai0="24,79,27,83,96,87,126,62,69,93,6,15,123" hai1="71,135,28,63,100,42,10,29,109,12,97,45,85" hai2="44,81,52,21,20,131,32,125,65,18,43,80,134" hai3="70,73,31,2,33,49,46,67,14,111,54,64,95"/><W41/><G2/><T101/><D123/><U98/><E109/><V132/><F32/><W103/><G73/><T128/><D128/><U37/><E85/><V130/><F65/><W4/><G111/><T35/><D126/><U25/><E135/><N who="2" m="51755" /><F125/><W127/><G70/><T122/><D122/><U102/><E102/><V53/><F81/><W66/><G127/><T16/><D35/><U59/><E71/><V34/><F80/><W61/><G31/><T121/><D121/><U39/><E39/><N who="2" m="21631" /><F34/><W56/><G33/><T68/><D68/><U133/><E133/><V13/><F21/><W1/><G1/><T89/><D6/><U30/><E25/><N who="0" m="9801" /><D69/><U0/><E0/><V120/><F120/><W118/><G118/><T115/><D115/><U47/><E47/><V58/><F58/><W88/><G103/><T124/><D124/><U92/><E98/><V106/><F106/><W9/><REACH who="3" step="1"/><G67/><REACH who="3" ten="289,386,118,197" step="2"/><T78/><D101/><U5/><E30/><V55/><AGARI ba="0,1" hai="13,18,20,52,53,55,130,131" m="21631,51755" machi="55" ten="40,5200,0" yaku="20,1,52,1,54,1" doraHai="19" who="2" fromWho="2" sc="289,-13,386,-13,118,62,197,-26" /><INIT seed="4,0,0,0,2,97" ten="276,373,180,171" oya="0" hai0="72,115,129,91,38,88,12,120,28,134,63,128,11" hai1="43,58,75,55,41,107,127,89,25,49,111,85,39" hai2="1,123,102,106,57,122,74,64,96,73,45,0,13" hai3="110,4,92,119,113,34,18,60,47,37,98,114,51"/><T80/><D120/><U8/><E75/><V112/><F112/><N who="3" m="43115" /><G110/><T124/><D115/><U99/><E111/><V125/><F125/><W118/><G37/><T132/><D38/><U54/><E39/><V35/><F35/><W82/><G4/><T126/><D28/><U27/><E127/><N who="0" m="48681" /><D63/><U44/><E99/><V130/><F130/><N who="0" m="50282" /><D72/><U29/><E107/><V105/><F73/><W5/><G5/><N who="0" m="3183" /><D80/><N who="1" m="49319" /><E8/><V135/><F74/><W104/><G82/><T48/><D48/><N who="1" m="31079" /><E29/><V19/><F123/><W86/><G60/><T67/><D67/><U14/><E14/><V30/><F13/><W103/><G119/><T50/><D50/><N who="1" m="26911" /><E41/><V7/><F64/><W9/><G118/><T62/><D62/><U26/><E26/><V23/><F122/><W78/><G51/><T76/><D76/><U131/><E131/><V59/><F30/><W56/><G47/><AGARI ba="0,0" hai="25,27,47,49,54" m="26911,31079,49319" machi="47" ten="30,1000,0" yaku="8,1" doraHai="97" who="1" fromWho="3" sc="276,0,373,10,180,0,171,-10" /><INIT seed="5,0,0,1,3,60" ten="276,383,180,161" oya="1" hai0="97,5,11,64,117,30,116,45,66,2,68,38,13" hai1="24,1,112,121,72,32,26,92,120,67,20,133,110" hai2="89,107,128,109,87,98,51,100,108,61,21,41,7" hai3="130,82,135,48,123,126,10,102,95,101,105,111,132"/><U18/><E72/><V34/><F34/><W50/><G123/><T124/><D30/><U15/><E1/><V62/><F128/><W114/><G111/><T90/><D124/><U113/><E110/><V80/><F62/><W63/><G126/><T58/><D68/><U103/><E133/><N who="3" m="51274" /><G130/><T77/><D77/><U59/><E92/><V17/><F7/><W14/><G105/><T65/><D58/><U46/><E46/><V19/><F19/><N who="3" m="8663" /><G114/><N who="1" m="44138" /><E103/><N who="3" m="39434" /><G82/><T4/><D4/><U39/><E39/><V70/><F51/><W55/><G95/><T27/><D27/><N who="1" m="10283" /><E32/><V84/><F109/><W118/><G118/><T40/><REACH who="0" step="1"/><D2/><REACH who="0" ten="266,383,180,161" step="2"/><U122/><E59/><AGARI ba="0,1" hai="48,50,55,59,63" m="39434,8663,51274" machi="59" ten="30,1000,0" yaku="20,1" doraHai="60" who="3" fromWho="1" sc="266,0,383,-10,180,0,161,20" /><INIT seed="6,0,0,1,0,67" ten="266,373,180,181" oya="2" hai0="36,128,22,23,103,21,101,2,76,24,111,72,7" hai1="34,50,84,13,110,93,54,63,83,132,52,79,134" hai2="125,94,109,59,9,57,77,82,44,1,104,31,26" hai3="48,127,91,8,96,64,130,131,89,58,27,12,47"/><V18/><F104/><W107/><G127/><T95/><D111/><U45/><E34/><V46/><F125/><W108/><G108/><T78/><D36/><U61/><E110/><V28/><F109/><W66/><G27/><T81/><D128/><U19/><E93/><V29/><F94/><N who="3" m="56399" /><G107/><T97/><D103/><U115/><E115/><V15/><F1/><W10/><G8/><T65/><D78/><U60/><E54/><V35/><F26/><W32/><G32/><T41/><D41/><U98/><E98/><V40/><F35/><W126/><G126/><T53/><D53/><U25/><E25/><V106/><F106/><W11/><G11/><T90/><D7/><U113/><E113/><V86/><REACH who="2" step="1"/><F44/><REACH who="2" ten="266,373,170,181" step="2"/><W43/><G131/><T88/><D2/><U14/><E14/><V37/><AGARI ba="0,1" hai="9,15,18,28,29,31,37,40,46,57,59,77,82,86" machi="37" ten="30,12000,1" yaku="1,1,2,1,0,1,53,2" doraHai="67" doraHaiUra="55" who="2" fromWho="2" sc="266,-40,373,-40,170,130,181,-40" /><INIT seed="6,1,0,2,0,24" ten="226,333,300,141" oya="2" hai0="84,89,13,93,128,109,32,133,4,92,12,121,5" hai1="81,127,45,35,20,94,66,80,75,86,42,70,119" hai2="118,56,23,18,0,7,63,21,37,78,55,62,41" hai3="28,110,108,132,116,25,69,14,90,122,120,17,102"/><V49/><F118/><W34/><G69/><T60/><D121/><N who="3" m="46697" /><G102/><T130/><D109/><N who="3" m="42089" /><G90/><N who="0" m="53319" /><D32/><U64/><E35/><V111/><F111/><W112/><G116/><T58/><D133/><U101/><E119/><V71/><F78/><W74/><G74/><T100/><D100/><U68/><E68/><V99/><F99/><W30/><G132/><T44/><D44/><U97/><E75/><V3/><F63/><W22/><G112/><T82/><D82/><U57/><E57/><V15/><F7/><N who="0" m="2634" /><D130/><U115/><E70/><V10/><F0/><W105/><G105/><T131/><D131/><U43/><E81/><V126/><F126/><W104/><G104/><T50/><D50/><U31/><E127/><V91/><F91/><W123/><N who="3" m="46705" /><W117/><DORA hai="98" /><G117/><T39/><D39/><U67/><E45/><N who="2" m="23727" /><F3/><W88/><G88/><T2/><D2/><U73/><E73/><V65/><AGARI ba="1,0" hai="10,15,18,21,23,49,55,56,62,65,71" m="23727" machi="65" ten="30,1500,0" yaku="24,1" doraHai="24,98" who="2" fromWho="2" sc="226,-6,333,-6,300,18,141,-6" /><INIT seed="6,2,0,2,2,48" ten="220,327,318,135" oya="2" hai0="27,108,33,134,81,6,63,11,105,95,70,59,10" hai1="135,68,56,90,49,83,130,85,117,17,28,8,115" hai2="119,64,91,120,35,65,16,52,112,106,100,94,76" hai3="78,79,77,102,3,116,121,67,5,127,25,86,103"/><V96/><F119/><W7/><G116/><T124/><D108/><U125/><E68/><V12/><F120/><W131/><G121/><T129/><D105/><U62/><E117/><V20/><F35/><W18/><G3/><T47/><D134/><U55/><E135/><V98/><F112/><W72/><G72/><T109/><D109/><U26/><E125/><V111/><F111/><W24/><G127/><T133/><D133/><U89/><E130/><V40/><F40/><W42/><G42/><T54/><D124/><U118/><E115/><V30/><F30/><W45/><G86/><T44/><D129/><U29/><E89/><V126/><F126/><W69/><G69/><T43/><D70/><U87/><E87/><V13/><F76/><W74/><G74/><T51/><D81/><U80/><E80/><V60/><F12/><W9/><G67/><T92/><D11/><U57/><E118/><V123/><F123/><W114/><G131/><T4/><D4/><U21/><E8/><V84/><F98/><W93/><G45/><T15/><D44/><U73/><E73/><V104/><F104/><W132/><G132/><T66/><D43/><U31/><E31/><V53/><F65/><AGARI ba="2,0" hai="17,21,26,28,29,49,55,56,57,62,65,83,85,90" machi="65" ten="30,3900,0" yaku="7,1,8,1,52,1" doraHai="48" who="1" fromWho="2" sc="220,0,327,45,318,-45,135,0" /><INIT seed="7,0,0,2,4,114" ten="220,372,273,135" oya="3" hai0="90,47,85,84,75,34,79,113,130,53,107,104,54" hai1="121,13,12,33,119,117,4,95,45,55,78,8,56" hai2="122,22,62,70,20,73,125,58,19,26,83,135,38" hai3="133,7,48,72,127,29,41,108,101,64,59,71,15"/><W93/><G72/><T51/><D113/><U61/><E33/><V105/><F38/><W91/><G71/><T36/><D130/><U2/><E121/><V69/><F105/><W65/><G133/><T100/><D34/><U110/><E110/><V14/><F135/><W28/><G127/><T88/><D75/><U129/><E78/><V6/><F122/><W24/><G101/><T112/><D36/><U87/><E45/><V43/><F43/><W44/><G108/><T3/><D3/><U120/><E120/><V132/><F132/><W94/><G94/><T27/><D112/><U124/><E124/><V32/><F32/><W35/><G29/><T68/><D68/><U134/><E134/><V46/><F46/><W9/><REACH who="3" step="1"/><G59/><REACH who="3" ten="220,372,273,125" step="2"/><N who="0" m="33215" /><D100/><U115/><E115/><V99/><F125/><W131/><G131/><T31/><D31/><U77/><E129/><V60/><F69/><W63/><G63/><T49/><D107/><U42/><E95/><V0/><F70/><W23/><G23/><T111/><D104/><U18/><E61/><V21/><F60/><W39/><G39/><T17/><D111/><U109/><E109/><V50/><F62/><W16/><G16/><T52/><D17/><U10/><E18/><N who="2" m="12599" /><F22/><W1/><G1/><T106/><D106/><U37/><E2/><V76/><F0/><W97/><AGARI ba="0,1" hai="7,9,15,24,28,35,41,44,48,64,65,91,93,97" machi="97" ten="20,3900,0" yaku="1,1,0,1,7,1,53,0" doraHai="114" doraHaiUra="80" who="3" fromWho="3" sc="220,-13,372,-13,273,-13,125,49" /><INIT seed="7,1,0,4,3,25" ten="207,359,260,174" oya="3" hai0="92,35,30,2,12,17,27,37,54,87,91,7,95" hai1="118,36,117,125,10,57,22,6,89,106,73,93,123" hai2="51,134,98,60,132,129,88,42,66,21,100,102,3" hai3="34,63,135,29,112,79,74,0,126,50,84,128,77"/><W55/><G0/><T40/><D37/><U49/><E106/><V52/><F3/><W28/><G112/><T26/><D40/><U64/><E36/><V78/><F129/><W47/><G128/><T99/><D2/><U114/><E73/><V108/><F108/><W127/><G135/><N who="2" m="51753" /><F42/><N who="3" m="24951" /><G74/><T45/><D26/><U56/><E57/><N who="2" m="32927" /><F78/><N who="3" m="29707" /><G34/><T44/><D7/><U122/><E114/><V101/><F21/><W111/><G111/><T53/><D44/><U85/><E22/><V4/><F4/><W115/><G115/><T110/><D45/><U81/><E122/><V130/><F130/><W86/><G55/><T97/><D110/><U116/><E123/><V90/><F98/><W20/><G63/><T41/><D99/><U107/><E107/><V113/><F113/><W43/><G43/><T59/><D41/><U96/><E118/><V14/><F14/><W94/><G20/><T13/><D13/><U15/><E117/><V32/><F32/><W83/><G94/><T11/><D59/><AGARI ba="1,0" hai="59,60,66,88,90,100,101,102" m="32927,51753" machi="59" ten="30,3900,0" yaku="20,1,54,2" doraHai="25" who="2" fromWho="0" sc="207,-42,359,0,260,42,174,0" owari="165,-33.0,359,46.0,302,10.0,174,-23.0" /></mjloggm>