<mjloggm ver="2.3"><GO type="41" lobby="0"/><UN n0="%79%75%79%61%70%61%70%61" n1="%E5%B0%B1%E6%B4%BB%E7%94%9F%40%E5%B7%9D%E6%9D%91%E8%BB%8D%E5%9B%A3" n2="%E3%83%A6%E3%82%AD%E3%82%AB%E3%82%BC" n3="%E2%91%A3%E3%82%BB%E3%83%B3%E3%83%81" dan="13,16,13,16" rate="1907.97,2168.45,1940.09,2126.91" sx="M,M,F,M"/><TAIKYOKU oya="0"/><INIT seed="0,0,0,1,5,51" ten="250,250,250,250" oya="0" hai0="81,62,49,68,22,21,67,119,4,15,27,76,99" hai1="132,122,125,38,55,90,117,50,20,16,79,70,94" hai2="108,14,42,107,88,124,3,31,35,97,84,44,58" hai3="66,73,110,129,112,93,6,61,89,36,57,118,75"/><T104/><D119/><U32/><E38/><V12/><F3/><W133/><G36/><T1/><D1/><U33/><E70/><V23/><F124/><W69/><G118/><T100/><D49/><U95/><E122/><V59/><F35/><W8/><G112/><T113/><D113/><U52/><E117/><V54/><F108/><W18/><G110/><T0/><D0/><U65/><E125/><V101/><F58/><W74/><G133/><T71/><D71/><U135/><E79/><V116/><F116/><W87/><G129/><T96/><D96/><N who="1" m="57431" /><E65/><V91/><F91/><W24/><G69/><T34/><D4/><U28/><E95/><V47/><F42/><W126/><G126/><T7/><D7/><U120/><E28/><V45/><F31/><W82/><G18/><T98/><D98/><U10/><E10/><V85/><F85/><W103/><G24/><T64/><D15/><N who="1" m="9247" /><E55/><V9/><F23/><W77/><G103/><T29/><D67/><U80/><E80/><V86/><F86/><AGARI ba="0,0" hai="21,22,27,29,34,62,64,68,76,81,86,99,100,104" machi="86" ten="30,5800,0" yaku="7,1,25,2" doraHai="51" who="0" fromWho="2" sc="250,58,250,0,250,-58,250,0" /><INIT seed="0,1,0,0,3,85" ten="308,250,192,250" oya="0" hai0="73,37,117,83,121,77,31,76,62,95,116,120,103" hai1="38,47,71,107,23,96,29,28,26,32,113,67,98" hai2="48,61,134,13,45,27,24,2,126,93,35,69,56" hai3="109,15,80,0,70,22,57,99,34,135,115,102,40"/><T111/><D37/><U87/><E113/><V63/><F2/><W8/><G70/><T131/><D31/><U74/><E74/><V130/><F126/><W5/><G115/><T49/><D62/><U110/><E110/><V17/><F130/><W66/><G109/><T132/><D111/><U60/><E107/><V65/><F134/><W133/><G34/><T105/><D49/><U104/><E104/><V3/><F3/><W50/><G80/><N who="0" m="45071" /><D131/><U125/><E125/><V51/><F35/><W128/><G128/><T114/><D114/><U7/><E7/><V11/><F51/><W6/><G66/><T118/><D132/><N who="3" m="50761" /><G22/><T127/><D127/><U46/><E46/><V122/><F122/><W25/><G25/><T84/><D105/><U106/><E106/><V10/><F10/><N who="3" m="2343" /><G57/><T101/><D95/><U58/><E29/><V39/><F39/><W112/><G112/><T90/><D77/><U9/><E9/><V19/><F19/><W92/><G50/><T100/><AGARI ba="1,0" hai="83,84,90,100,101,103,116,117,118,120,121" m="45071" machi="100" ten="40,7800,0" yaku="34,2,52,1" doraHai="85" who="0" fromWho="0" sc="308,81,250,-27,192,-27,250,-27" /><INIT seed="0,2,0,4,4,110" ten="389,223,165,223" oya="0" hai0="8,57,48,40,97,26,44,109,18,51,83,79,135" hai1="76,122,5,24,98,94,14,102,88,50,0,114,91" hai2="72,38,89,87,3,29,90,113,30,86,127,21,41" hai3="100,93,104,128,11,95,60,45,85,115,36,28,32"/><T66/><D109/><U61/><E0/><V19/><F3/><W42/><G11/><T46/><D135/><U59/><E122/><V70/><F70/><W17/><G17/><T124/><D124/><U63/><E76/><V116/><F72/><W99/><G128/><T6/><D97/><U107/><E24/><V106/><F106/><W13/><G13/><T56/><D66/><U119/><E119/><V22/><F116/><W133/><G133/><T2/><D26/><U134/><E134/><V120/><F41/><W54/><G54/><T81/><D18/><U105/><E105/><V64/><F19/><W84/><G84/><T123/><D123/><U27/><E27/><V35/><F120/><W7/><G7/><T1/><D1/><U49/><E63/><V12/><F64/><W58/><G28/><T117/><D117/><U55/><E114/><V101/><F101/><W34/><G115/><T20/><D20/><U80/><E80/><V126/><F38/><W15/><G15/><T52/><REACH who="0" step="1"/><D83/><REACH who="0" ten="379,223,165,223" step="2"/><U37/><E98/><V74/><F12/><W73/><G32/><T43/><D43/><U78/><E5/><V77/><F35/><W103/><G34/><T108/><D108/><U53/><E14/><V112/><F74/><AGARI ba="2,1" hai="2,6,8,40,44,46,48,51,52,56,57,74,79,81" machi="74" ten="30,5800,0" yaku="1,1,7,1,54,1,53,0" doraHai="110" doraHaiUra="23" who="0" fromWho="2" sc="379,74,223,0,165,-64,223,0" /><INIT seed="0,3,0,4,4,31" ten="453,223,101,223" oya="0" hai0="5,4,103,61,11,15,30,2,32,8,12,57,78" hai1="40,120,47,33,86,130,9,121,72,109,73,56,107" hai2="119,112,71,80,111,58,124,105,29,7,76,70,10" hai3="59,21,87,96,67,17,101,64,13,131,132,20,22"/><T46/><D103/><U42/><E86/><V88/><F112/><W65/><G132/><T99/><D99/><U63/><E9/><V16/><F119/><W39/><G39/><T127/><D78/><U37/><E42/><V41/><F105/><W117/><G117/><T52/><D127/><U38/><E107/><V118/><F118/><W34/><G131/><T0/><D46/><U97/><E97/><V1/><F124/><W84/><G59/><T115/><D115/><U60/><E40/><V28/><F111/><W6/><G6/><T50/><D61/><U110/><E56/><V36/><F58/><W54/><G54/><T69/><D69/><U77/><E77/><V114/><F114/><W94/><REACH who="3" step="1"/><G34/><REACH who="3" ten="453,223,101,213" step="2"/><T100/><D100/><U113/><E113/><V25/><F70/><W116/><G116/><T102/><D102/><U134/><E134/><V89/><F71/><W43/><G43/><T108/><D108/><U129/><E47/><V68/><F68/><W45/><G45/><T92/><D92/><U135/><E135/><V128/><F41/><W123/><G123/><T26/><AGARI ba="3,1" hai="0,2,4,5,8,11,12,15,26,30,32,50,52,57" machi="26" ten="30,11700,0" yaku="0,1,9,1,52,1,54,1" doraHai="31" who="0" fromWho="0" sc="453,136,223,-42,101,-42,213,-42" /><INIT seed="0,4,0,2,5,115" ten="589,181,59,171" oya="0" hai0="120,90,8,70,102,50,37,84,77,15,113,35,86" hai1="123,62,61,44,82,76,103,69,87,71,72,64,10" hai2="98,32,92,91,74,117,116,47,63,132,20,9,111" hai3="45,126,17,33,13,24,114,54,124,97,109,51,39"/><T96/><D113/><U22/><E123/><V79/><F32/><W41/><G114/><T95/><D37/><U25/><E103/><V83/><F47/><W122/><G122/><T23/><D35/><U127/><E127/><N who="3" m="48682" /><G109/><T19/><D120/><U56/><E10/><V29/><F111/><W14/><G97/><T100/><D70/><U133/><E133/><V26/><F132/><W128/><G128/><T80/><D50/><U58/><E44/><V135/><F135/><W93/><G93/><T66/><D66/><U46/><E46/><V75/><F75/><W85/><G85/><T107/><D102/><U42/><E42/><V134/><F134/><W30/><G17/><T110/><D110/><U119/><E119/><N who="2" m="45643" /><F63/><W38/><G38/><T6/><D23/><U52/><E72/><V81/><F81/><W73/><G73/><T12/><D19/><AGARI ba="4,0" hai="19,22,25,52,56,58,61,62,64,69,71,76,82,87" machi="19" ten="30,2000,0" yaku="7,1,54,1" doraHai="115" who="1" fromWho="0" sc="589,-32,181,32,59,0,171,0" /><INIT seed="1,0,0,5,4,43" ten="557,213,59,171" oya="1" hai0="71,68,12,118,50,124,44,21,14,103,41,69,85" hai1="75,28,82,64,55,58,130,53,6,78,31,2,88" hai2="19,13,73,46,97,91,4,112,56,40,18,123,22" hai3="54,1,52,37,84,74,109,98,49,66,26,126,107"/><U8/><E130/><V30/><F73/><W86/><G74/><T39/><D118/><U80/><E64/><V70/><F70/><W94/><G37/><T23/><D124/><U15/><E2/><V0/><F123/><W57/><G107/><T95/><D39/><U122/><E122/><V133/><F133/><W89/><G1/><T115/><D115/><U127/><E127/><V65/><F112/><W120/><G120/><T63/><D63/><U131/><E131/><V33/><F19/><W16/><G66/><T59/><D59/><U116/><E116/><V3/><F3/><W24/><G109/><T29/><D23/><U17/><E55/><V61/><F33/><W92/><G126/><T32/><D32/><U79/><E6/><V114/><F30/><W135/><G135/><T7/><D7/><U108/><E108/><V96/><F114/><W129/><G129/><T60/><D60/><U77/><E88/><V36/><F4/><W128/><G128/><T34/><D34/><U113/><E113/><V76/><F0/><W25/><G92/><T35/><D35/><U117/><E117/><V27/><F76/><W111/><G111/><T87/><D103/><U121/><E121/><V134/><F134/><W132/><G132/><T93/><D29/><N who="1" m="11339" /><E75/><V72/><F72/><W47/><G16/><T105/><D105/><U42/><E42/><V45/><F27/><W81/><G81/><T38/><D38/><U83/><E83/><V90/><F90/><W11/><G11/><T102/><D102/><U101/><E101/><V51/><F91/><W99/><G99/><RYUUKYOKU ba="0,0" sc="557,-30,213,10,59,10,171,10" hai1="8,15,17,53,58,77,78,79,80,82" hai2="13,18,22,36,40,45,46,51,56,61,65,96,97" hai3="24,25,26,47,49,52,54,57,84,86,89,94,98" /><INIT seed="1,1,0,3,0,67" ten="527,223,69,181" oya="1" hai0="112,108,109,23,82,98,54,132,121,43,106,78,21" hai1="58,91,97,19,124,40,129,5,96,99,133,32,81" hai2="123,33,120,44,130,6,104,17,95,36,70,131,30" hai3="100,50,89,10,122,63,9,92,25,102,101,41,90"/><U74/><E32/><V93/><F6/><W128/><G122/><T119/><D112/><U60/><E124/><V22/><F36/><W35/><G35/><T84/><D119/><U87/><E129/><N who="2" m="49163" /><F44/><N who="3" m="25871" /><G128/><T27/><D43/><U4/><E133/><V103/><F104/><W69/><G69/><T8/><D132/><U56/><E74/><V116/><F116/><W48/><G63/><T73/><D121/><N who="2" m="46666" /><F70/><W71/><G71/><T72/><D8/><N who="3" m="3177" /><G92/><N who="2" m="35401" /><F103/><W125/><G125/><T46/><D98/><U37/><E37/><V110/><F110/><N who="0" m="42602" /><D106/><U52/><E40/><V135/><F135/><W64/><G64/><T127/><D127/><U85/><E85/><V11/><F11/><W34/><G34/><T66/><D66/><N who="1" m="39175" /><E19/><V114/><F33/><W45/><G25/><T61/><D23/><U13/><E13/><V26/><F114/><W107/><G107/><T47/><D73/><U16/><E16/><AGARI ba="1,0" hai="16,17,22,26,30" m="35401,46666,49163" machi="16" ten="40,2600,0" yaku="19,1,54,1" doraHai="67" who="2" fromWho="1" sc="527,0,223,-29,69,29,181,0" /><INIT seed="2,0,0,5,1,102" ten="527,194,98,181" oya="2" hai0="113,29,57,121,34,135,18,85,68,61,40,107,45" hai1="81,66,91,31,101,12,48,6,3,49,73,37,26" hai2="89,51,119,43,62,118,124,134,59,0,116,100,17" hai3="47,27,79,115,21,111,106,96,126,83,52,70,23"/><V10/><F124/><W36/><G70/><T114/><D121/><U90/><E37/><V74/><F74/><W94/><G126/><T22/><D135/><U80/><E3/><V97/><F134/><W60/><G111/><T88/><D68/><U9/><E101/><V82/><F43/><W33/><G115/><T2/><D2/><U117/><E117/><V109/><F51/><W46/><G33/><T1/><D1/><U42/><E66/><V133/><F133/><W129/><G129/><T20/><D34/><U63/><E63/><V11/><F109/><W16/><G21/><T64/><D29/><U127/><E127/><V110/><F110/><W24/><G24/><T93/><D107/><U5/><E5/><V28/><F28/><W15/><G15/><T84/><D84/><U95/><E90/><V13/><F89/><N who="3" m="55375" /><G106/><T105/><D105/><U71/><E71/><V54/><F82/><N who="1" m="31849" /><E42/><V65/><F0/><W38/><G38/><T56/><D56/><U8/><E8/><V14/><F65/><W39/><G39/><T132/><D132/><U25/><E73/><V86/><F86/><N who="3" m="48511" /><G36/><T69/><D69/><U130/><E130/><V108/><F108/><W67/><G67/><T103/><D103/><U99/><E31/><V120/><F120/><W32/><G32/><T50/><D22/><U19/><E6/><V122/><F122/><W72/><G72/><T7/><D7/><U41/><E49/><V123/><F123/><W44/><G60/><T35/><D35/><U92/><E92/><N who="2" m="58407" /><F119/><W77/><G77/><T55/><D64/><U78/><E78/><RYUUKYOKU ba="0,0" sc="527,0,194,0,98,0,181,0" hai0="18,20,40,45,50,55,57,61,85,88,93,113,114" hai1="9,12,19,25,26,41,48,91,95,99" hai2="10,11,13,14,17,54,59,62,116,118" hai3="16,23,27,44,46,47,52" /><INIT seed="2,1,0,1,0,82" ten="527,194,98,181" oya="2" hai0="73,12,37,56,51,69,22,105,20,14,119,126,114" hai1="58,25,86,53,96,68,103,71,23,57,109,38,77" hai2="104,88,93,48,81,135,95,34,134,43,130,36,24" hai3="62,21,133,121,13,110,59,17,115,117,113,26,123"/><V78/><F36/><W124/><G124/><T90/><D114/><N who="3" m="43529" /><G59/><T5/><D69/><U111/><E38/><V33/><F104/><W74/><G62/><T99/><D37/><U79/><E71/><V98/><F24/><W3/><G74/><T101/><D73/><U44/><E44/><N who="2" m="25631" /><F130/><W80/><G80/><T60/><D126/><U107/><E68/><V132/><F95/><W116/><G3/><T92/><D51/><U15/><E15/><V27/><F27/><W2/><G2/><T16/><D119/><N who="3" m="45641" /><G133/><N who="2" m="34049" /><V45/><DORA hai="100" /><F45/><W64/><G64/><T108/><D108/><N who="1" m="41547" /><E86/><AGARI ba="1,0" hai="33,34,78,81,86,88,93,98" m="34049,25631" machi="86" ten="40,7700,0" yaku="20,1,52,1,54,1" doraHai="82,100" who="2" fromWho="1" sc="527,0,194,-80,98,80,181,0" /><INIT seed="2,2,0,3,5,75" ten="527,114,178,181" oya="2" hai0="6,38,84,123,78,115,122,85,9,71,17,29,98" hai1="104,121,19,58,54,69,124,120,68,63,113,21,56" hai2="42,102,53,94,3,20,14,23,48,100,49,62,25" hai3="125,34,16,26,110,97,126,66,8,67,30,5,112"/><V106/><F106/><W77/><G110/><T103/><D115/><U40/><E104/><V108/><F3/><N who="3" m="63" /><G112/><T1/><D71/><N who="1" m="27211" /><E21/><V114/><F114/><W51/><G97/><T59/><D38/><U70/><E19/><N who="2" m="10359" /><F108/><W87/><G51/><N who="2" m="19529" /><F42/><W82/><G16/><T39/><D39/><U2/><E2/><V52/><F94/><W18/><G18/><T116/><D116/><U127/><E113/><V128/><F128/><W15/><G15/><T92/><D29/><U73/><E73/><V111/><F111/><W4/><G4/><T27/><D59/><N who="1" m="35319" /><E40/><V101/><F62/><W107/><G107/><T72/><D72/><U10/><N who="1" m="27219" /><U93/><DORA hai="89" /><E93/><V22/><F22/><W44/><G26/><T90/><D85/><U119/><E10/><V99/><F99/><W134/><G34/><T132/><D132/><U0/><E0/><V81/><F81/><W105/><G134/><T86/><D86/><U130/><E130/><V33/><F33/><W31/><G105/><T131/><D131/><U74/><E74/><V43/><F43/><W57/><G87/><T65/><D27/><U117/><E117/><V129/><F129/><W95/><G95/><T135/><D17/><AGARI ba="2,0" hai="17,23,25,52,53,100,101,102" m="19529,10359" machi="17" ten="30,2900,0" yaku="8,1,54,1" doraHai="75,89" who="2" fromWho="0" sc="527,-35,114,0,178,35,181,0" /><INIT seed="2,3,0,1,0,29" ten="492,114,213,181" oya="2" hai0="11,28,48,22,0,49,59,99,31,133,110,81,100" hai1="53,131,114,33,12,116,2,15,106,39,66,96,42" hai2="125,117,92,82,107,123,102,35,6,95,16,4,113" hai3="63,32,64,19,70,27,30,79,83,135,101,37,128"/><V13/><F123/><W47/><G128/><T129/><D129/><U38/><E131/><V73/><F113/><W126/><G126/><T41/><D110/><U69/><E2/><V8/><F117/><W97/><G135/><T94/><D133/><U21/><E114/><V55/><F125/><W67/><G67/><T60/><D0/><U10/><E116/><V108/><F107/><W34/><G19/><T7/><D81/><U57/><E33/><V124/><F35/><N who="3" m="20959" /><G47/><T51/><D11/><U127/><E127/><V76/><F124/><W104/><G37/><T118/><D7/><U84/><E84/><AGARI ba="3,0" hai="32,34,63,64,70,79,83,84,97,101,104" m="20959" machi="84" ten="30,7700,0" yaku="25,1,52,3" doraHai="29" who="3" fromWho="1" sc="492,0,114,-86,213,0,181,86" /><INIT seed="3,0,0,1,2,120" ten="492,28,213,267" oya="3" hai0="1,65,31,70,92,72,106,104,24,40,100,5,52" hai1="54,45,69,60,126,20,12,107,127,50,55,48,123" hai2="23,117,73,130,101,115,59,113,39,108,14,15,102" hai3="0,4,25,49,21,87,27,61,43,132,41,68,29"/><W42/><G132/><T119/><D119/><U97/><E107/><V128/><F73/><W94/><G0/><T83/><D40/><U74/><E74/><V96/><F39/><W116/><G116/><T7/><D92/><U134/><E20/><V131/><F117/><W28/><G4/><T125/><D125/><N who="1" m="47627" /><E97/><V129/><F96/><W80/><G94/><T10/><D5/><U35/><E35/><V78/><F131/><W3/><G3/><T133/><D133/><U30/><E30/><V19/><F78/><W71/><G49/><T114/><D114/><N who="2" m="43530" /><F59/><W22/><REACH who="3" step="1"/><G61/><REACH who="3" ten="492,28,213,257" step="2"/><T99/><D106/><U98/><E98/><V77/><F130/><W121/><G121/><T75/><D83/><U44/><E134/><V17/><F129/><W95/><G95/><T90/><D90/><AGARI ba="0,1" hai="21,22,25,27,28,29,41,42,43,68,71,80,87,90" machi="90" ten="40,3900,0" yaku="1,1,9,1,53,0" doraHai="120" doraHaiUra="46" who="3" fromWho="0" sc="492,-39,28,0,213,0,257,49" /><INIT seed="3,1,0,4,5,30" ten="453,28,213,306" oya="3" hai0="58,110,77,80,63,118,10,90,33,104,85,103,101" hai1="126,116,122,69,125,70,74,9,98,73,97,113,34" hai2="19,117,130,35,75,81,20,0,22,39,93,37,79" hai3="66,11,18,78,67,132,92,12,1,127,96,50,47"/><W51/><G127/><N who="1" m="48650" /><E9/><V52/><F117/><W31/><G132/><T129/><D118/><U53/><E116/><V4/><F130/><W68/><G1/><T64/><D129/><U82/><E82/><V43/><F22/><W59/><G68/><N who="1" m="26218" /><E53/><V128/><F128/><W60/><G78/><T112/><D112/><U111/><E111/><V124/><F93/><W14/><G31/><T32/><D110/><U45/><E45/><V56/><F39/><W76/><G76/><T8/><D77/><U41/><E41/><V65/><F65/><W89/><G67/><T54/><D104/><U24/><E24/><V95/><F95/><W100/><G47/><T105/><D105/><U16/><E122/><V3/><F4/><W61/><G61/><T27/><D64/><U91/><E91/><V62/><F124/><W17/><REACH who="3" step="1"/><G89/><REACH who="3" ten="453,28,213,296" step="2"/><T38/><D103/><U29/><E29/><V83/><F3/><W121/><G121/><T106/><D101/><U49/><E49/><V72/><F0/><W36/><G36/><T94/><D106/><U135/><E135/><V25/><F75/><N who="1" m="28681" /><E113/><V6/><F72/><W133/><G133/><T88/><D38/><U28/><E28/><V71/><F79/><W86/><G86/><T21/><D90/><U109/><E109/><V5/><F71/><W15/><G15/><T57/><D57/><U55/><E55/><V40/><F37/><W123/><G123/><T23/><D54/><U114/><E114/><V120/><F43/><W13/><G13/><T87/><D88/><U115/><E115/><V26/><F120/><W2/><G2/><RYUUKYOKU ba="1,1" sc="453,-10,28,-10,213,-10,296,30" hai3="11,12,14,17,18,50,51,59,60,66,92,96,100" /><INIT seed="3,2,1,1,0,88" ten="443,18,203,326" oya="3" hai0="11,3,94,48,63,43,110,122,13,106,34,47,8" hai1="115,131,101,92,26,74,79,40,96,10,0,9,22" hai2="57,90,31,121,114,86,100,127,89,60,36,102,50" hai3="118,15,80,23,44,38,21,116,125,128,42,29,76"/><W55/><G125/><T123/><D106/><U53/><E115/><V5/><F36/><W69/><G69/><T72/><D34/><U12/><E131/><V66/><F114/><W65/><G65/><T30/><D30/><U133/><E133/><V16/><F121/><W24/><G128/><T85/><D72/><U107/><E40/><V84/><F127/><W78/><G78/><T64/><D3/><U62/><E0/><V27/><F5/><W130/><G130/><T87/><D110/><U95/><E74/><V98/><F50/><W25/><G55/><T56/><D11/><U39/><E79/><V108/><F108/><W49/><G15/><T1/><D1/><U113/><E39/><V99/><F99/><W37/><G118/><T67/><D67/><U73/><E73/><V7/><F7/><W4/><G4/><T120/><REACH who="0" step="1"/><D94/><REACH who="0" ten="433,18,203,326" step="2"/><N who="1" m="58519" /><E113/><V71/><F31/><W97/><G116/><T83/><D83/><U41/><E107/><V117/><F117/><W20/><G20/><T112/><D112/><U58/><E41/><V132/><F132/><W134/><G134/><T81/><D81/><U126/><E126/><V135/><F135/><W119/><G119/><T35/><D35/><U46/><E46/><V59/><F86/><W6/><G97/><T33/><D33/><U68/><E68/><V82/><F71/><W109/><G109/><T54/><D54/><U75/><E75/><V51/><F57/><W18/><G6/><AGARI ba="2,2" hai="6,8,13,43,47,48,56,63,64,85,87,120,122,123" machi="6" ten="40,1300,0" yaku="1,1,53,0" doraHai="88" doraHaiUra="93" who="0" fromWho="3" sc="433,39,18,0,203,0,326,-19" /><INIT seed="4,0,0,0,5,123" ten="472,18,203,307" oya="0" hai0="71,101,80,35,124,49,126,75,100,113,109,9,45" hai1="128,26,94,41,18,30,85,83,77,93,102,24,86" hai2="0,7,62,20,27,57,125,90,107,74,59,115,44" hai3="31,131,64,92,33,38,46,130,3,55,61,99,73"/><T32/><D71/><U106/><E128/><N who="3" m="49194" /><G73/><T120/><D120/><U118/><E118/><V47/><F107/><W19/><G3/><T91/><D113/><U1/><E1/><V72/><F7/><W17/><G31/><T23/><D9/><U134/><E134/><V121/><F0/><W29/><G29/><T103/><D23/><U11/><E41/><V34/><F34/><W67/><G33/><T39/><D39/><U56/><E56/><V63/><F90/><N who="3" m="55703" /><G67/><T105/><D105/><U89/><E106/><V135/><F121/><W37/><G55/><T5/><D5/><U119/><E119/><V40/><F135/><W69/><G46/><T133/><D133/><U111/><E111/><V114/><F27/><W4/><G4/><T116/><D116/><U52/><E52/><V50/><F50/><W54/><G54/><N who="0" m="29999" /><D109/><U132/><E132/><V82/><F40/><W22/><G19/><T12/><D12/><AGARI ba="0,0" hai="12,17,22,37,38,61,64,69" m="55703,49194" machi="12" ten="30,1000,0" yaku="19,1" doraHai="123" who="3" fromWho="0" sc="472,-10,18,0,203,0,307,10" /><INIT seed="5,0,0,5,3,69" ten="462,18,203,317" oya="1" hai0="45,68,100,71,75,0,130,121,19,25,5,113,65" hai1="127,67,1,51,85,122,128,10,48,131,73,78,82" hai2="97,44,47,111,102,62,27,28,49,52,18,96,46" hai3="91,66,87,84,124,21,129,8,37,17,90,61,59"/><U133/><E122/><V83/><F111/><W81/><G129/><N who="1" m="49738" /><E67/><V95/><F83/><W72/><G124/><T14/><D130/><U123/><E123/><V89/><F18/><W41/><G72/><T70/><D121/><U36/><E127/><V2/><F2/><W107/><G107/><T22/><D75/><U16/><E133/><V38/><F62/><W26/><G41/><T119/><D119/><U12/><E1/><V79/><F79/><W74/><G74/><T43/><D113/><U3/><E3/><V33/><F38/><W4/><G37/><T108/><D108/><U63/><E63/><V39/><F39/><W11/><REACH who="3" step="1"/><G4/><REACH who="3" ten="462,18,203,307" step="2"/><T20/><D100/><U135/><E135/><V134/><F134/><W60/><G60/><T93/><D65/><U29/><E29/><V6/><F6/><W101/><G101/><T57/><D57/><U40/><E73/><V104/><AGARI ba="0,1" hai="27,28,33,44,46,47,49,52,89,95,96,97,102,104" machi="104" ten="20,2700,0" yaku="0,1,7,1,54,1" doraHai="69" who="2" fromWho="2" sc="462,-7,18,-13,203,37,307,-7" /><INIT seed="6,0,0,0,5,79" ten="455,5,240,300" oya="2" hai0="85,34,96,126,101,64,52,92,121,40,102,118,46" hai1="67,23,127,58,133,38,35,7,50,1,0,66,135" hai2="45,28,86,5,74,4,3,62,51,22,16,71,83" hai3="117,78,87,14,114,53,65,93,61,104,42,72,122"/><V119/><F74/><W109/><G109/><T12/><D121/><U129/><E35/><V6/><F119/><W80/><G117/><T21/><D34/><U33/><E33/><V48/><F28/><W91/><G122/><T111/><D111/><U124/><E23/><V29/><F29/><W55/><G114/><T54/><D118/><U84/><E84/><V15/><F3/><N who="1" m="1097" /><E7/><V68/><F68/><W100/><G14/><T113/><D113/><U116/><E116/><V43/><F71/><W30/><G42/><T82/><D102/><U88/><E88/><N who="2" m="51295" /><F51/><W44/><G44/><T123/><D64/><N who="1" m="24619" /><E58/><V128/><F128/><W108/><G30/><T20/><D126/><N who="1" m="48171" /><E50/><V13/><F62/><W36/><G108/><T107/><D107/><U37/><E129/><V47/><F47/><W27/><G100/><T120/><D120/><U131/><E131/><V31/><F31/><W81/><G104/><T11/><D123/><U110/><E110/><V10/><AGARI ba="0,0" hai="4,5,6,10,13,15,16,22,43,45,48" m="51295" machi="10" ten="30,11700,0" yaku="8,1,52,1,54,2" doraHai="79" who="2" fromWho="2" sc="455,-39,5,-39,240,117,300,-39" owari="416,51.0,-34,-53.0,357,16.0,261,-14.0" /></mjloggm>