<mjloggm ver="2.3"><GO type="169" lobby="0"/><UN n0="%72%79%6F%E2%80%A6%31%35" n1="%E3%81%A8%E3%82%8C%E3%82%82%E3%82%8D" n2="%E3%83%88%E3%83%88%E3%83%AA%E5%85%88%E7%94%9F%31%39%E6%AD%B3" n3="%E3%82%A6%E3%82%A7%E3%83%AB" dan="17,17,17,16" rate="2156.12,2139.30,2264.20,2109.95" sx="M,M,F,F"/><TAIKYOKU oya="0"/><INIT seed="0,0,0,5,5,71" ten="250,250,250,250" oya="0" hai0="79,82,9,49,61,43,41,124,0,72,37,52,116" hai1="47,107,63,75,110,30,15,44,106,33,57,6,104" hai2="134,59,21,81,46,58,77,51,130,70,40,12,54" hai3="109,8,55,114,29,108,1,111,53,67,23,76,121"/><T115/><D115/><U102/><BYE who="0" /><E75/><UN n0="%72%79%6F%E2%80%A6%31%35" /><V7/><F70/><W66/><G114/><T45/><D116/><U4/><E110/><V11/><F130/><W56/><G121/><T28/><D28/><U96/><E30/><V24/><F134/><W10/><G1/><T5/><D124/><U73/><E73/><V48/><F48/><W94/><G94/><T3/><D3/><U91/><E91/><V2/><F54/><N who="3" m="20491" /><G56/><N who="0" m="32783" /><D43/><U118/><E33/><V93/><F93/><W22/><G29/><T100/><D100/><U117/><E117/><V36/><F36/><W97/><G97/><T101/><D101/><U78/><E118/><V112/><F2/><W135/><G76/><T50/><D50/><U132/><E78/><V14/><F14/><W68/><G68/><T92/><D92/><N who="1" m="58631" /><E132/><V74/><F112/><W122/><G122/><T95/><D95/><U103/><E103/><V125/><F125/><W123/><G123/><T26/><D26/><U31/><E31/><AGARI ba="0,0" hai="7,11,12,21,24,31,40,46,51,58,59,74,77,81" machi="31" ten="30,1000,0" yaku="7,1" doraHai="71" who="2" fromWho="1" sc="250,0,250,-10,250,10,250,0" /><INIT seed="1,0,0,0,0,78" ten="250,240,260,250" oya="1" hai0="7,79,15,104,131,11,80,71,39,40,59,101,103" hai1="20,23,123,62,1,110,125,32,132,70,55,82,66" hai2="42,121,122,34,8,108,106,134,18,97,81,120,95" hai3="49,2,83,118,68,31,45,63,48,100,52,128,28"/><U89/><E123/><V69/><F34/><W90/><G2/><T14/><D71/><U88/><E32/><V10/><F69/><W33/><G118/><T124/><D124/><U111/><E1/><V57/><F106/><W98/><G128/><T99/><D103/><U72/><E125/><V65/><F108/><N who="1" m="41513" /><E132/><V87/><F134/><W117/><G117/><T56/><D131/><U30/><E55/><V16/><F42/><W22/><G22/><N who="1" m="8234" /><E30/><V53/><F65/><W64/><G49/><T130/><D130/><U24/><E24/><V54/><F8/><W25/><G31/><T84/><D15/><U6/><E6/><V77/><F10/><W61/><G61/><T41/><D41/><U26/><E26/><V38/><F38/><W85/><G98/><T93/><D104/><U60/><E60/><V3/><F3/><W102/><AGARI ba="0,0" hai="25,28,33,45,48,52,63,64,68,83,85,90,100,102" machi="102" ten="30,4000,0" yaku="0,1,52,1,54,1" doraHai="78" who="3" fromWho="3" sc="250,-10,240,-20,260,-10,250,40" /><INIT seed="2,0,0,3,2,110" ten="240,220,250,290" oya="2" hai0="65,19,48,69,96,72,119,73,23,104,34,71,101" hai1="42,132,89,6,28,21,82,40,67,43,0,61,46" hai2="130,106,47,126,134,2,63,77,33,18,95,102,36" hai3="54,109,129,38,45,60,97,100,49,52,123,17,116"/><V120/><F120/><W55/><G109/><T92/><D119/><U29/><E132/><V103/><F2/><W59/><G129/><T114/><D34/><U44/><E6/><V58/><F33/><W13/><G123/><T5/><D5/><U90/><E0/><V1/><F1/><W88/><G116/><T64/><D114/><U12/><E12/><V85/><F130/><W7/><G7/><T22/><D104/><U113/><E113/><V4/><F4/><W121/><G38/><T11/><D11/><U75/><E75/><V131/><F106/><W31/><G31/><N who="1" m="11850" /><E21/><V79/><F131/><W99/><G100/><N who="2" m="38441" /><F36/><W91/><G121/><T24/><D48/><U37/><E37/><V83/><F126/><W105/><G105/><T115/><D115/><U3/><E3/><V117/><F117/><W30/><G30/><T86/><D73/><U118/><E118/><V68/><F68/><W78/><G78/><T107/><D72/><U98/><E98/><N who="3" m="37386" /><G55/><T124/><D124/><U27/><E27/><V93/><F77/><W53/><G53/><T32/><D32/><U56/><E90/><V94/><F134/><W70/><G70/><T26/><D69/><U81/><E89/><V112/><F112/><W41/><G41/><T125/><D71/><U111/><E111/><V108/><F108/><W10/><AGARI ba="0,0" hai="10,13,17,45,49,52,54,59,60,88,91" m="37386" machi="10" ten="30,4000,0" yaku="8,1,54,2" doraHai="110" who="3" fromWho="3" sc="240,-10,220,-10,250,-20,290,40" /><INIT seed="3,0,0,3,3,111" ten="230,210,230,330" oya="3" hai0="116,119,100,132,19,106,120,59,34,54,105,104,81" hai1="133,52,53,65,76,15,1,115,89,9,75,17,79" hai2="33,126,2,118,28,8,36,30,42,48,10,68,77" hai3="31,96,101,6,16,29,82,0,72,98,124,107,127"/><W57/><G0/><T93/><D34/><U50/><E115/><V90/><F118/><W25/><G6/><T64/><D120/><U78/><E75/><V43/><F68/><W73/><G98/><T84/><D64/><U103/><E103/><V7/><F36/><W14/><G57/><T121/><D121/><U108/><E108/><V20/><F126/><N who="3" m="48171" /><G82/><T125/><D125/><U45/><E133/><V55/><F33/><N who="3" m="20655" /><G31/><T24/><D132/><U66/><E1/><V87/><F77/><W74/><G74/><T18/><D81/><U92/><REACH who="1" step="1"/><E53/><REACH who="1" ten="230,200,230,330" step="2"/><V85/><F55/><W113/><G113/><T62/><D100/><U117/><E117/><V95/><F2/><W23/><AGARI ba="0,1" hai="14,16,23,72,73,96,101,107" m="20655,48171" machi="23" ten="30,3000,0" yaku="18,1,54,1" doraHai="111" who="3" fromWho="3" sc="230,-10,200,-10,230,-10,330,40" /><INIT seed="3,1,0,2,5,114" ten="220,190,220,370" oya="3" hai0="20,12,35,70,5,11,43,98,120,25,126,53,57" hai1="27,133,73,29,32,81,4,77,104,118,127,88,89" hai2="66,65,19,63,2,51,99,106,10,87,46,45,36" hai3="111,110,22,76,117,95,107,7,6,0,3,15,50"/><W69/><G95/><T91/><D70/><U103/><E127/><V105/><F65/><W86/><G50/><T92/><D126/><U96/><E133/><V31/><F31/><W38/><G38/><T55/><D120/><U125/><E125/><V39/><F87/><W116/><G107/><T102/><D35/><U82/><E4/><N who="3" m="1578" /><G69/><T74/><D74/><U47/><E118/><N who="3" m="45674" /><G86/><T26/><D26/><U123/><E123/><V109/><F51/><W68/><G68/><T56/><D43/><U119/><E119/><V75/><F66/><W33/><G76/><T42/><D42/><U97/><E47/><V9/><F99/><W30/><G15/><T112/><D102/><U61/><E61/><V24/><F63/><W21/><G33/><T128/><D56/><U16/><E97/><V94/><F94/><W64/><G64/><T14/><D14/><U80/><E80/><V83/><F83/><W40/><G40/><T23/><D57/><U37/><E37/><V18/><F75/><W52/><G52/><T60/><D55/><U135/><E82/><V130/><F39/><W41/><G41/><T28/><D53/><U44/><E44/><V13/><F36/><W113/><G113/><T62/><D112/><U90/><E90/><V122/><F13/><W1/><G30/><T58/><D58/><U93/><E89/><V100/><F100/><W108/><AGARI ba="1,0" hai="0,1,3,21,22,108,110,111" m="45674,1578" machi="108" ten="50,24000,3" yaku="28,2,14,1,10,1,34,2,52,3" doraHai="114" who="3" fromWho="3" sc="220,-81,190,-81,220,-81,370,243" /><INIT seed="3,2,0,1,5,83" ten="139,109,139,613" oya="3" hai0="105,65,24,119,129,101,47,96,51,108,73,102,63" hai1="99,75,57,54,32,56,29,98,17,70,4,113,10" hai2="91,88,110,82,38,7,55,33,120,22,52,6,9" hai3="3,106,12,8,90,109,107,134,128,45,21,62,112"/><W66/><G112/><T60/><D119/><U127/><E70/><V81/><F33/><W123/><G123/><T43/><D73/><U97/><E113/><V59/><F38/><W74/><G74/><T77/><D77/><U30/><E127/><V126/><F120/><W131/><G134/><T72/><D72/><U71/><E71/><V36/><F36/><W41/><G3/><T135/><D108/><U132/><E132/><V14/><F126/><W94/><G21/><T114/><D135/><U118/><E118/><V27/><F7/><W87/><G106/><T100/><D129/><U69/><E69/><V64/><F64/><W95/><G95/><T78/><D78/><U2/><E75/><V116/><F110/><W53/><G53/><T49/><D114/><U40/><E40/><V1/><F1/><W19/><G107/><T61/><D65/><U5/><E5/><V50/><F55/><W37/><REACH who="3" step="1"/><G109/><REACH who="3" ten="139,109,139,603" step="2"/><T85/><D105/><U115/><E54/><V104/><F104/><W28/><G28/><T79/><D43/><U44/><E30/><N who="2" m="17783" /><F116/><W18/><G18/><T11/><D11/><U13/><E115/><V20/><F20/><W48/><G48/><T16/><D51/><U68/><E29/><V58/><F81/><W42/><G42/><T124/><D49/><U76/><E10/><V117/><F82/><W80/><G80/><T130/><D124/><U39/><E17/><V31/><F117/><W125/><G125/><T93/><D16/><U35/><E39/><V89/><F31/><W0/><G0/><T26/><D93/><U25/><E2/><RYUUKYOKU ba="2,1" sc="139,-15,109,-15,139,15,603,15" hai2="6,9,14,50,52,58,59,88,89,91" hai3="8,12,19,37,41,45,62,66,87,90,94,128,131" /><INIT seed="3,3,1,5,1,121" ten="124,94,154,618" oya="3" hai0="93,100,43,21,40,105,130,49,119,86,29,71,123" hai1="15,124,34,90,19,127,62,69,35,70,4,48,89" hai2="65,131,110,108,16,78,83,67,41,75,107,122,10" hai3="79,117,94,125,80,55,2,72,111,1,23,36,25"/><W50/><G117/><T88/><D119/><U47/><E4/><V112/><F112/><W53/><G125/><N who="1" m="48202" /><E90/><V91/><F107/><W133/><G133/><T38/><D38/><U14/><E89/><V45/><F122/><W84/><G36/><T3/><D3/><U22/><E14/><N who="2" m="7255" /><F91/><W57/><G53/><T97/><D123/><U5/><E5/><V128/><F67/><W7/><G72/><T42/><D71/><N who="1" m="27147" /><E62/><V114/><F65/><W109/><G94/><T66/><D66/><U13/><E15/><V46/><F114/><W85/><G85/><T134/><D134/><U73/><E73/><V104/><F104/><W120/><G120/><T116/><D116/><U98/><E98/><V28/><F28/><W51/><G51/><T54/><D29/><U115/><E115/><V74/><F74/><W24/><G25/><T101/><D101/><U64/><E64/><V95/><F95/><W60/><G60/><T27/><D27/><U9/><E9/><V126/><F126/><W33/><G33/><T96/><D96/><U58/><E58/><V11/><F11/><W81/><G80/><T6/><D105/><U129/><E129/><N who="2" m="49739" /><F46/><W37/><G37/><AGARI ba="3,1" hai="37,41,45,75,78,83,108,110" m="49739,7255" machi="37" ten="30,7700,0" yaku="19,1,52,2,54,1" doraHai="121" who="2" fromWho="3" sc="124,0,94,0,154,96,618,-86" /><INIT seed="4,0,0,2,3,84" ten="124,94,250,532" oya="0" hai0="37,43,4,33,115,34,21,2,106,112,114,100,72" hai1="120,132,113,26,27,117,5,38,126,125,59,75,58" hai2="95,85,102,94,79,108,90,29,35,83,70,63,104" hai3="119,20,73,50,41,25,69,76,127,57,39,55,97"/><T8/><D72/><U77/><E117/><V118/><F118/><W88/><G127/><N who="1" m="48650" /><E120/><V133/><F108/><W3/><G3/><T123/><D123/><U110/><E110/><V40/><F40/><W89/><G73/><T49/><D49/><U111/><E111/><V129/><F29/><W67/><G76/><T98/><REACH who="0" step="1"/><D21/><REACH who="0" ten="114,94,250,532" step="2"/><U135/><E38/><V101/><F35/><W36/><G36/><T42/><D42/><U66/><E75/><V92/><F63/><W134/><G39/><T116/><D116/><U82/><E135/><V80/><F133/><W31/><G134/><T62/><D62/><U32/><E132/><V122/><F122/><W10/><G41/><T124/><D124/><U11/><E32/><V99/><F70/><W121/><G121/><T22/><D22/><U64/><E113/><V54/><F129/><W15/><G119/><T19/><D19/><U128/><E128/><V71/><F71/><W61/><G97/><T14/><D14/><N who="1" m="5487" /><E26/><V81/><F54/><W47/><G69/><T1/><D1/><U109/><E27/><V18/><F18/><AGARI ba="0,1" hai="10,15,18,20,25,31,47,50,55,57,61,67,88,89" machi="18" ten="30,8000,1" yaku="7,1,8,1,52,2,54,1" doraHai="84" who="3" fromWho="2" sc="114,0,94,0,250,-80,532,90" /><INIT seed="5,0,0,3,3,89" ten="114,94,170,622" oya="1" hai0="65,102,124,88,29,4,128,7,1,3,110,83,34" hai1="35,108,18,122,71,17,134,55,41,53,57,52,87" hai2="125,27,20,39,120,103,105,61,31,86,118,36,115" hai3="81,95,73,79,72,49,43,48,75,114,33,16,106"/><U51/><E122/><V121/><F118/><W9/><G106/><T45/><D110/><U0/><E71/><V90/><F125/><W25/><G114/><T126/><D128/><U28/><E0/><V66/><F115/><W69/><G69/><T119/><D65/><U76/><E108/><V133/><F133/><W129/><G129/><T101/><D29/><U123/><E123/><V82/><F120/><W2/><G43/><T107/><D34/><U78/><E134/><V37/><F121/><W127/><G127/><T14/><D14/><U38/><E38/><V92/><F105/><W77/><G77/><N who="1" m="29802" /><E35/><V131/><F131/><W117/><G117/><T111/><D107/><U135/><E135/><V13/><F13/><W6/><G72/><T132/><D119/><U74/><E74/><V68/><REACH who="2" step="1"/><F103/><REACH who="2" ten="114,94,160,622" step="2"/><W70/><G2/><T58/><D132/><U50/><E41/><V109/><F109/><W47/><G73/><T85/><D111/><U64/><E28/><V40/><F40/><W59/><G75/><T19/><D3/><U10/><E18/><V26/><F26/><W8/><G16/><T23/><D1/><U11/><E17/><V15/><F15/><W116/><G25/><T100/><D126/><U21/><E11/><V130/><F130/><W63/><G8/><T112/><D124/><U5/><E10/><V42/><F42/><W54/><G9/><T67/><D112/><U91/><E5/><V84/><F84/><W97/><G6/><T46/><D7/><U56/><E87/><V98/><F98/><W12/><G97/><T94/><D4/><RYUUKYOKU ba="0,1" sc="114,-10,94,-10,160,30,622,-10" hai2="20,27,31,36,37,39,61,66,68,82,86,90,92" /><INIT seed="6,1,1,0,1,51" ten="104,84,190,612" oya="2" hai0="83,55,50,32,54,92,122,132,102,20,75,98,65" hai1="61,128,108,124,44,24,131,19,29,85,4,68,82" hai2="125,73,59,133,70,93,13,36,7,67,114,74,60" hai3="81,52,46,58,28,11,2,116,1,105,41,71,95"/><V135/><F36/><W134/><G105/><T72/><D32/><U118/><E108/><V109/><F109/><W112/><G71/><T42/><D122/><U8/><E118/><V63/><F114/><W22/><G134/><N who="2" m="51209" /><F125/><W86/><G116/><T30/><D132/><U106/><E106/><V14/><F93/><W121/><G95/><T10/><D75/><N who="2" m="28682" /><F7/><W89/><G11/><T119/><D119/><U62/><E19/><V18/><F18/><W16/><G28/><T27/><D65/><AGARI ba="1,1" hai="13,14,59,60,63,65,67,70" m="28682,51209" machi="65" ten="30,1500,0" yaku="20,1" doraHai="51" who="2" fromWho="0" sc="104,-18,84,0,190,28,612,0" /><INIT seed="6,2,0,4,3,93" ten="86,84,218,612" oya="2" hai0="101,78,12,97,31,57,61,90,79,41,66,89,111" hai1="67,99,83,70,44,127,22,114,39,60,130,98,33" hai2="119,92,135,77,36,118,9,20,73,2,124,113,115" hai3="91,86,51,45,123,103,25,81,65,74,75,120,42"/><V1/><F36/><W69/><G103/><T87/><D111/><U94/><E33/><V13/><F73/><W71/><G25/><T82/><D41/><U46/><E114/><N who="2" m="43531" /><F77/><W32/><G32/><T5/><D31/><U80/><E127/><V102/><F102/><W110/><G110/><T28/><D28/><U121/><E130/><V64/><F64/><W37/><G37/><T27/><D27/><U100/><E121/><V10/><F92/><W40/><G40/><T38/><D38/><U23/><E39/><V30/><F135/><W17/><G17/><T105/><REACH who="0" step="1"/><D79/><REACH who="0" ten="76,84,218,612" step="2"/><U35/><E35/><V26/><F30/><W112/><G112/><T29/><D29/><U125/><E125/><V126/><F26/><W106/><G120/><T0/><D0/><U58/><E70/><V117/><F126/><W43/><G71/><T96/><D96/><U47/><E99/><V18/><F124/><W116/><G75/><T63/><D63/><U128/><E128/><V131/><F131/><W68/><G45/><T11/><AGARI ba="2,1" hai="5,11,12,57,61,66,78,82,87,89,90,97,101,105" machi="11" ten="30,7900,0" yaku="1,1,0,1,52,1,53,1" doraHai="93" doraHaiUra="56" who="0" fromWho="0" sc="76,95,84,-22,218,-41,612,-22" /><INIT seed="7,0,0,4,1,71" ten="171,62,177,590" oya="3" hai0="32,100,49,26,134,93,78,80,25,54,112,9,31" hai1="107,91,16,10,84,30,1,19,47,96,117,67,123" hai2="70,8,103,37,69,92,102,12,126,111,36,3,2" hai3="46,129,20,79,35,105,81,86,109,40,115,83,24"/><W127/><G83/><T77/><D134/><U4/><E123/><V122/><F111/><W108/><G20/><T76/><D26/><U7/><E117/><V97/><F122/><W21/><G105/><T68/><D68/><U135/><E135/><V118/><F118/><W82/><G21/><N who="0" m="15791" /><D112/><U17/><E30/><V29/><F29/><W65/><G82/><T28/><D28/><U52/><E67/><V130/><F130/><W61/><G24/><T60/><D60/><U62/><E4/><V23/><F23/><W41/><G46/><N who="0" m="27959" /><D32/><U58/><E47/><V133/><F133/><W38/><G86/><N who="0" m="48391" /><D9/><U64/><E64/><V94/><F8/><W55/><G127/><T44/><D44/><U90/><REACH who="1" step="1"/><E84/><REACH who="1" ten="171,52,177,590" step="2"/><V128/><F126/><W14/><G109/><T104/><D104/><U48/><E48/><V45/><F45/><W74/><G108/><T18/><D18/><U106/><E106/><V5/><F5/><W72/><G115/><T73/><D73/><U113/><E113/><V121/><F121/><W27/><G72/><T15/><D15/><U33/><E33/><V131/><F12/><W57/><G74/><T22/><D22/><U53/><E53/><V114/><F114/><W13/><G35/><T59/><D59/><U89/><E89/><V124/><F124/><W98/><G55/><T39/><D78/><U119/><E119/><V51/><F51/><W11/><G57/><T0/><D77/><U75/><E75/><V34/><F34/><W99/><G79/><T63/><D0/><U56/><E56/><V85/><F85/><W43/><G129/><RYUUKYOKU ba="0,1" sc="171,-15,52,15,177,15,590,-15" hai1="1,7,10,16,17,19,52,58,62,90,91,96,107" hai2="2,3,36,37,69,70,92,94,97,102,103,128,131" owari="156,-24.0,67,-43.0,192,-1.0,585,68.0" /></mjloggm>