<mjloggm ver="2.3"><GO type="97" lobby="0"/><UN n0="%4D%4F%4C%44%41%59" n1="%68%6F%70%65%5F%31%30" n2="%E3%82%B4%E3%82%AD%E3%83%96%E3%83%AA%E3%83%BC%E3%83%81%EF%BC%81" n3="%E5%B0%B1%E6%B4%BB%E7%94%9F%40%E5%B7%9D%E6%9D%91%E8%BB%8D%E5%9B%A3" dan="14,13,13,15" rate="1953.20,1917.02,1841.21,2028.72" sx="M,M,M,M"/><TAIKYOKU oya="0"/><INIT seed="0,0,0,0,1,85" ten="250,250,250,250" oya="0" hai0="8,28,95,121,131,73,106,19,26,128,61,51,18" hai1="104,77,0,72,134,40,6,15,118,122,31,126,34" hai2="43,132,112,45,23,116,7,120,4,24,37,64,113" hai3="67,81,111,94,47,13,2,10,133,35,48,9,86"/><T92/><D106/><U76/><E77/><V127/><F120/><W71/><G35/><N who="0" m="20887" /><D121/><U130/><E15/><V80/><F116/><W93/><G133/><T100/><D73/><U3/><E40/><V83/><F132/><W108/><G2/><T90/><D61/><U29/><E76/><V56/><F127/><W65/><G10/><T21/><D8/><U125/><E29/><V102/><F113/><W96/><G71/><T103/><D51/><U63/><E6/><V27/><F112/><W105/><G105/><T114/><D114/><U38/><E31/><V53/><F64/><W55/><G67/><T58/><D58/><U124/><E63/><V78/><F102/><N who="0" m="38954" /><D21/><U12/><E0/><V97/><F23/><W84/><G65/><T14/><D14/><U44/><E44/><V119/><F119/><W98/><G98/><N who="0" m="57623" /><D95/><U68/><E125/><V49/><F97/><W50/><G50/><T135/><D135/><U82/><E82/><V39/><F83/><W87/><G81/><T5/><D5/><U41/><E41/><V32/><F4/><W70/><G70/><T107/><D107/><U101/><E12/><V16/><F7/><W36/><G36/><T62/><D62/><U42/><E42/><V89/><F39/><W99/><G99/><T66/><D66/><U79/><E101/><V110/><F78/><W11/><G11/><T22/><D22/><U33/><E79/><V25/><F32/><W60/><G60/><T123/><D123/><U109/><E34/><V1/><F1/><W75/><G75/><T74/><D74/><U117/><E126/><RYUUKYOKU ba="0,0" sc="250,15,250,15,250,-15,250,-15" hai0="18,19,128,131" hai1="3,33,38,68,72,104,109,117,118,122,124,130,134" /><INIT seed="0,1,0,1,2,132" ten="265,265,235,235" oya="0" hai0="116,26,39,1,5,45,105,96,108,61,11,131,75" hai1="88,50,15,102,113,106,22,59,46,115,36,81,121" hai2="52,111,44,33,127,60,18,90,93,107,97,16,83" hai3="62,110,104,6,109,0,72,43,78,35,49,79,48"/><T82/><D116/><U10/><E22/><V84/><F127/><W76/><G104/><T129/><D108/><N who="3" m="41577" /><G35/><T70/><D26/><U47/><E121/><V99/><F111/><W54/><G72/><T37/><D45/><U24/><E24/><V41/><F33/><W31/><G31/><T23/><D23/><U98/><E36/><V57/><F107/><W34/><G34/><T134/><D134/><U21/><E21/><V65/><F99/><W112/><G112/><N who="1" m="43082" /><E59/><V20/><F20/><W74/><G74/><T14/><D14/><U13/><E50/><N who="2" m="28743" /><F41/><W56/><G43/><T3/><D3/><U89/><E81/><V40/><F40/><W101/><G101/><AGARI ba="1,0" hai="16,18,57,60,65,83,84,90,93,97,101" m="28743" machi="101" ten="30,3900,0" yaku="8,1,54,2" doraHai="132" who="2" fromWho="3" sc="265,0,265,0,235,42,235,-42" /><INIT seed="1,0,0,2,1,7" ten="265,265,277,193" oya="1" hai0="58,134,108,97,71,56,107,135,81,50,100,89,115" hai1="10,77,29,54,72,31,112,25,110,28,37,78,75" hai2="47,20,105,48,87,33,61,109,85,80,65,42,74" hai3="12,3,86,95,43,53,99,57,130,5,126,132,55"/><U106/><E37/><V52/><F109/><W16/><G130/><T94/><D108/><U18/><E106/><V90/><F33/><W44/><G126/><T64/><D115/><U4/><E110/><V63/><F105/><W1/><G132/><N who="0" m="50731" /><D71/><U22/><E112/><V114/><F74/><W128/><G128/><T8/><D64/><U62/><E62/><V133/><F133/><W38/><G86/><N who="0" m="50383" /><D50/><U34/><E54/><V36/><F114/><W40/><G40/><T120/><D120/><U88/><E88/><V101/><F101/><W11/><G57/><N who="0" m="22123" /><D8/><U49/><E49/><V129/><F129/><W123/><G123/><T116/><D116/><U91/><E91/><V103/><F103/><W27/><G55/><T69/><D69/><U117/><E117/><V46/><F20/><W59/><G53/><T121/><D121/><U83/><E77/><V66/><F66/><W30/><G59/><T32/><D32/><U98/><E98/><V14/><F65/><W113/><G113/><T21/><D21/><U39/><E39/><V15/><F87/><W102/><REACH who="3" step="1"/><G5/><REACH who="3" ten="265,265,277,183" step="2"/><T17/><D17/><U68/><E68/><V119/><F119/><W51/><G51/><T125/><D107/><U24/><REACH who="1" step="1"/><E75/><REACH who="1" ten="265,255,277,183" step="2"/><V127/><F36/><W60/><G60/><T104/><D104/><U124/><E124/><AGARI ba="0,2" hai="94,97,100,124,125" m="22123,50383,50731" machi="124" ten="30,1000,0" yaku="20,1" doraHai="7" who="0" fromWho="1" sc="265,30,255,-10,277,0,183,0" /><INIT seed="2,0,0,2,5,40" ten="295,245,277,183" oya="2" hai0="30,122,49,60,59,71,21,47,0,36,6,96,7" hai1="119,15,84,56,4,78,99,24,51,113,25,44,13" hai2="66,8,98,50,37,130,48,32,107,131,43,28,94" hai3="89,81,92,14,9,68,116,104,127,1,57,128,72"/><V120/><F120/><W69/><G104/><T100/><D122/><U23/><E119/><V62/><F107/><W63/><G116/><T91/><D0/><U133/><E113/><V61/><F8/><W106/><G106/><T115/><D115/><U93/><E133/><V105/><F105/><W22/><G1/><T45/><D91/><U76/><E56/><V88/><F62/><W34/><G34/><T12/><D36/><U95/><E95/><V18/><F28/><W16/><G128/><N who="2" m="49193" /><F32/><W11/><G127/><T38/><D38/><U3/><E3/><V129/><F18/><W90/><G69/><T86/><D71/><U77/><E15/><V41/><N who="2" m="49201" /><V109/><DORA hai="101" /><F109/><W126/><G68/><T55/><D86/><U35/><E35/><V85/><F98/><N who="3" m="57615" /><G72/><T39/><D39/><U29/><E13/><V54/><F48/><W27/><G14/><T64/><D49/><U80/><E4/><N who="0" m="1577" /><D64/><U19/><E25/><V20/><F37/><W114/><G126/><T70/><D70/><U75/><E29/><V42/><F66/><N who="3" m="39279" /><G114/><T46/><D100/><N who="1" m="60527" /><E75/><V79/><F61/><W65/><G65/><T108/><D108/><U17/><E19/><V117/><F117/><W33/><G33/><T135/><D135/><U123/><E123/><V112/><F112/><W134/><G134/><T102/><D96/><U53/><AGARI ba="0,0" hai="17,23,24,44,51,53,76,77,78,80,84" m="60527" machi="53" ten="30,2000,0" yaku="8,1,52,1" doraHai="40,101" who="1" fromWho="1" sc="295,-5,245,20,277,-10,183,-5" /><INIT seed="3,0,0,5,0,48" ten="290,265,267,178" oya="3" hai0="29,3,62,83,10,43,38,97,133,28,24,58,44" hai1="79,84,50,96,4,130,41,54,18,0,60,1,40" hai2="107,11,33,125,112,127,49,65,51,111,114,106,36" hai3="109,2,27,132,14,66,116,19,126,7,31,23,55"/><W25/><G116/><T82/><D133/><U77/><E130/><V94/><F36/><W67/><G132/><T120/><D120/><U86/><E60/><V71/><F33/><W102/><G126/><T98/><D3/><U72/><E72/><V57/><F71/><W35/><G102/><T101/><D10/><U13/><E1/><V53/><F111/><W61/><G109/><T42/><D42/><N who="1" m="16491" /><E4/><V30/><F30/><W129/><G129/><T5/><D5/><U56/><E0/><V110/><F110/><W15/><G27/><T46/><D46/><U78/><E96/><V117/><F117/><W99/><G99/><T124/><D124/><N who="2" m="47690" /><F65/><W64/><G15/><T93/><D98/><U118/><E118/><V47/><F94/><W21/><G21/><AGARI ba="0,0" hai="13,18,21,50,54,56,77,78,79,84,86" m="16491" machi="21" ten="30,2000,0" yaku="8,1,52,1" doraHai="48" who="1" fromWho="3" sc="290,0,265,20,267,0,178,-20" /><INIT seed="4,0,0,1,0,112" ten="290,285,267,158" oya="0" hai0="99,38,2,122,20,80,14,73,120,28,123,135,43" hai1="26,91,87,101,117,11,89,13,21,16,132,17,56" hai2="72,23,58,107,81,34,118,29,131,105,129,36,33" hai3="97,79,78,124,71,74,25,128,22,1,106,37,82"/><T88/><D2/><U104/><E117/><V103/><F36/><W84/><G124/><T126/><D126/><U4/><E132/><V55/><F23/><W83/><G128/><N who="2" m="49225" /><F72/><W77/><G37/><T39/><D135/><U0/><E104/><N who="2" m="40011" /><F103/><W9/><G71/><T30/><D30/><U67/><E101/><V64/><F64/><W54/><G78/><T46/><D38/><U50/><E87/><V76/><F29/><W15/><G1/><T66/><D66/><U96/><E96/><V63/><F81/><W119/><G97/><T24/><D14/><N who="1" m="5479" /><E67/><V133/><F133/><W85/><G106/><T18/><D18/><U44/><E0/><V35/><F76/><W114/><G114/><T110/><D110/><U19/><E56/><V134/><F134/><W42/><G74/><T116/><D116/><AGARI ba="0,0" hai="33,34,35,55,58,63,116,118" m="40011,49225" machi="116" ten="40,5200,0" yaku="19,1,52,2" doraHai="112" who="2" fromWho="0" sc="290,-52,285,0,267,52,158,0" owari="238,-16.0,285,9.0,319,41.0,158,-34.0" /></mjloggm>