<mjloggm ver="2.3"><GO type="169" lobby="0"/><UN n0="%E5%B0%B1%E6%B4%BB%E7%94%9F%40%E5%B7%9D%E6%9D%91%E8%BB%8D%E5%9B%A3" n1="%E3%82%A6%E3%83%AB%E3%83%88%E3%83%A9%E7%AB%8B%E7%9B%B4" n2="%E3%83%AD%E3%83%B3%E3%82%88%E3%82%8A%E8%A8%BC%E6%8B%A0" n3="%E3%81%A0%E3%81%A3%E3%81%A6%E3%81%84%E3%81%86" dan="16,17,16,17" rate="2055.65,2203.79,2107.66,2115.90" sx="M,M,M,M"/><TAIKYOKU oya="0"/><INIT seed="0,0,0,1,1,53" ten="250,250,250,250" oya="0" hai0="95,80,92,15,105,119,26,102,123,64,103,13,120" hai1="29,62,116,33,81,16,110,35,55,61,117,121,71" hai2="96,14,101,9,107,73,19,56,83,112,111,124,57" hai3="66,129,122,40,72,128,37,34,39,82,78,47,0"/><T59/><D105/><U125/><E121/><V21/><F112/><W113/><G113/><T100/><D119/><U31/><E81/><V18/><F111/><W115/><G115/><T109/><D109/><U42/><E55/><V32/><F32/><W89/><G122/><T30/><D120/><U49/><E49/><V44/><F124/><W93/><G34/><T130/><D130/><N who="3" m="50281" /><G66/><T1/><D1/><U27/><E42/><V134/><F134/><W5/><G5/><T7/><D80/><U54/><E54/><V2/><F44/><W65/><G65/><T25/><D123/><U4/><E4/><V98/><F98/><N who="3" m="57647" /><G0/><T6/><D6/><U97/><E110/><V127/><F127/><W38/><AGARI ba="0,0" hai="37,38,39,40,47,72,78,82" m="57647,50281" machi="38" ten="30,1100,0" yaku="19,1" doraHai="53" who="3" fromWho="3" sc="250,-5,250,-3,250,-3,250,11" /><INIT seed="1,0,0,3,5,99" ten="245,247,247,261" oya="1" hai0="120,125,0,129,106,64,21,135,50,31,90,17,15" hai1="59,49,2,98,43,104,72,91,25,40,115,88,57" hai2="48,89,87,86,1,61,66,107,35,92,29,44,27" hai3="54,93,76,117,7,20,56,33,6,103,114,83,46"/><U45/><E115/><V77/><F1/><W68/><G33/><T9/><D106/><U10/><E72/><V12/><F107/><W16/><G68/><T39/><D39/><U101/><E40/><V13/><F77/><W52/><G46/><T130/><D64/><U19/><E2/><V78/><F78/><W126/><G126/><T60/><D60/><U63/><E57/><V74/><F74/><W118/><G114/><T5/><D50/><U127/><E127/><V32/><F87/><N who="3" m="48615" /><G54/><T26/><D90/><U11/><E11/><V79/><F79/><W18/><G18/><T53/><D53/><U94/><E104/><V108/><F35/><W8/><G8/><N who="0" m="2087" /><D125/><U14/><REACH who="1" step="1"/><E25/><REACH who="1" ten="245,237,247,261" step="2"/><V22/><F108/><W58/><G56/><T134/><D120/><U23/><E23/><V110/><F32/><W65/><G118/><T51/><D51/><U75/><E75/><V132/><F110/><W81/><G117/><T71/><D71/><U123/><E123/><V82/><F22/><W42/><G42/><T24/><D26/><U41/><E41/><V70/><F27/><N who="3" m="14727" /><G65/><AGARI ba="0,1" hai="10,14,19,43,45,49,59,63,65,88,91,94,98,101" machi="65" ten="30,12000,1" yaku="1,1,7,1,8,1,52,1,54,1,53,0" doraHai="99" doraHaiUra="34" who="1" fromWho="3" sc="245,0,237,130,247,0,261,-120" /><INIT seed="1,1,0,0,4,45" ten="245,367,247,141" oya="1" hai0="122,109,82,95,20,31,67,59,65,110,27,100,105" hai1="0,44,13,11,113,53,52,94,117,47,76,6,60" hai2="91,92,79,128,29,64,21,58,24,18,36,121,25" hai3="134,111,34,90,1,35,103,104,16,33,89,70,124"/><U71/><E117/><V74/><F121/><W37/><G1/><T123/><D105/><U15/><E113/><V116/><F116/><W48/><G37/><T129/><D129/><U4/><E0/><V86/><F36/><W106/><G70/><T55/><D82/><U19/><E4/><V14/><F128/><W131/><G111/><N who="0" m="42507" /><D95/><U57/><E71/><V77/><F25/><W2/><G2/><T51/><D100/><U10/><E76/><V114/><F114/><W130/><G124/><T101/><D101/><U46/><REACH who="1" step="1"/><E94/><REACH who="1" ten="245,357,247,141" step="2"/><V5/><F5/><W63/><G131/><T135/><D135/><U75/><E75/><V9/><F74/><W78/><G134/><T112/><D112/><U28/><E28/><V83/><F92/><W61/><G78/><T108/><D108/><U80/><E80/><V120/><F120/><AGARI ba="1,1" hai="20,27,31,51,55,59,65,67,120,122,123" m="42507" machi="120" ten="30,3900,0" yaku="13,1,14,1,52,1" doraHai="45" who="0" fromWho="2" sc="245,52,357,0,247,-42,141,0" /><INIT seed="2,0,0,3,5,88" ten="297,357,205,141" oya="2" hai0="121,116,70,16,67,68,62,41,12,123,35,69,14" hai1="109,32,82,94,24,33,91,38,55,18,0,101,17" hai2="45,114,108,13,44,84,20,89,106,115,100,4,46" hai3="66,125,134,58,7,27,95,42,31,8,39,3,74"/><V2/><F2/><W105/><G105/><T103/><D35/><U23/><E38/><V76/><F76/><W80/><G125/><T96/><D116/><U53/><E0/><V98/><F108/><W110/><G110/><T9/><D41/><U111/><E101/><V43/><F43/><W57/><G134/><T19/><D121/><U133/><E133/><V26/><F13/><W30/><G66/><T131/><D131/><U54/><E82/><V107/><F4/><W77/><G95/><T72/><D72/><U83/><E83/><V61/><F61/><W129/><G129/><T119/><D119/><U75/><E75/><V113/><F107/><W132/><G132/><T135/><D135/><U97/><E33/><V130/><F130/><W29/><REACH who="3" step="1"/><G27/><REACH who="3" ten="297,357,205,131" step="2"/><T90/><D123/><U128/><E128/><V120/><F120/><W59/><G59/><T49/><D69/><U86/><E111/><V48/><F48/><W52/><G52/><T51/><D70/><U56/><E54/><V81/><REACH who="2" step="1"/><F115/><REACH who="2" ten="297,357,195,131" step="2"/><W71/><G71/><T124/><D51/><N who="1" m="30783" /><E109/><V73/><F73/><W21/><G21/><T10/><D49/><U36/><E32/><V122/><F122/><W25/><G25/><T34/><D34/><U99/><E36/><V93/><F93/><W117/><G117/><T104/><D124/><U1/><E1/><V37/><F37/><W65/><G65/><T47/><D47/><AGARI ba="0,2" hai="3,7,8,29,30,31,39,42,47,57,58,74,77,80" machi="47" ten="40,5200,0" yaku="1,1,25,2,53,0" doraHai="88" doraHaiUra="85" who="3" fromWho="0" sc="297,-52,357,0,195,0,131,72" /><INIT seed="3,0,0,3,1,71" ten="245,357,195,203" oya="3" hai0="34,11,13,24,14,49,85,106,36,60,41,112,82" hai1="125,47,77,8,3,102,89,88,25,52,128,64,30" hai2="134,37,79,86,46,51,26,68,38,6,101,10,107" hai3="42,21,110,43,65,12,59,18,129,23,104,113,67"/><W97/><G113/><T130/><D106/><U78/><E64/><V103/><F68/><W122/><G122/><T96/><D130/><U4/><E102/><V108/><F108/><W83/><G129/><T58/><D112/><U29/><E128/><V94/><F107/><W55/><G110/><T69/><D96/><U84/><E89/><V5/><F134/><W17/><G83/><T15/><D69/><U48/><E125/><V95/><F26/><W61/><G97/><T73/><D73/><U80/><REACH who="1" step="1"/><E30/><REACH who="1" ten="245,347,195,203" step="2"/><V45/><F79/><W117/><G104/><T93/><D82/><U87/><E87/><V132/><F132/><W120/><G120/><T76/><D85/><U2/><E2/><V75/><F86/><W62/><G117/><T131/><D76/><U54/><E54/><V111/><F111/><W81/><G81/><T33/><D93/><U63/><E63/><V90/><F90/><W7/><G62/><T28/><D60/><U135/><E135/><V109/><F109/><W27/><G7/><T56/><D28/><U44/><E44/><V53/><F53/><W35/><G65/><T98/><D98/><U121/><E121/><V126/><F126/><W133/><G67/><T19/><D131/><U92/><E92/><V123/><F123/><W91/><G91/><T66/><D66/><U105/><E105/><V70/><F70/><W57/><G133/><T20/><D58/><U1/><E1/><V16/><F75/><W115/><G59/><T0/><D0/><U32/><AGARI ba="0,1" hai="3,4,8,25,29,32,47,48,52,77,78,80,84,88" machi="32" ten="20,8000,1" yaku="1,1,0,1,7,1,54,2,53,0" doraHai="71" doraHaiUra="39" who="1" fromWho="1" sc="245,-20,347,90,195,-20,203,-40" /><INIT seed="4,0,0,3,5,51" ten="225,437,175,163" oya="0" hai0="80,12,103,11,126,16,5,53,65,106,76,45,102" hai1="30,134,1,47,99,27,104,96,117,46,28,111,10" hai2="25,120,86,42,44,82,3,125,56,9,19,40,4" hai3="91,72,90,133,108,48,38,0,115,88,85,71,66"/><T89/><D126/><U54/><E117/><V59/><F120/><W26/><G38/><T121/><D121/><U34/><E111/><V24/><F125/><W2/><G108/><T97/><D65/><U75/><E75/><V77/><F42/><W123/><G123/><T41/><D103/><U32/><E134/><V6/><F6/><W84/><G72/><T131/><D131/><U29/><E29/><V35/><F25/><W78/><G133/><T79/><D5/><U116/><E116/><V14/><F3/><W67/><G115/><T36/><D89/><U113/><E10/><V128/><F128/><W31/><G78/><T94/><D106/><U57/><E1/><V107/><F107/><W87/><G67/><T58/><REACH who="0" step="1"/><D80/><REACH who="0" ten="215,437,175,163" step="2"/><U13/><E104/><V33/><F33/><W95/><G95/><T52/><D52/><U37/><E54/><V74/><F35/><W112/><G112/><T21/><D21/><U20/><E20/><V109/><F109/><W68/><G66/><T81/><D81/><U132/><E34/><V135/><F135/><W8/><G68/><T7/><D7/><U43/><E32/><V127/><F127/><W114/><G71/><T105/><D105/><U110/><E110/><V92/><F82/><W124/><G124/><T18/><D18/><U17/><E17/><V119/><F4/><N who="3" m="1031" /><G2/><T129/><D129/><U15/><E132/><V60/><F119/><W122/><G114/><T70/><D70/><U83/><E113/><V93/><F77/><W69/><G69/><T22/><D22/><U62/><E83/><V49/><F19/><RYUUKYOKU ba="0,1" sc="215,30,437,-10,175,-10,163,-10" hai0="11,12,16,36,41,45,53,58,76,79,94,97,102" /><INIT seed="4,1,1,1,5,66" ten="245,427,165,153" oya="0" hai0="41,77,117,102,10,81,59,42,134,78,13,8,109" hai1="130,123,44,97,107,76,85,128,116,15,96,71,5" hai2="98,9,79,129,1,30,35,91,32,27,20,58,105" hai3="57,62,100,29,3,135,2,70,23,45,47,53,84"/><T31/><D117/><U89/><E116/><V36/><F36/><W120/><G135/><T72/><D134/><U86/><E71/><V64/><F129/><N who="1" m="49769" /><E107/><V24/><F79/><W111/><G111/><T7/><D109/><U131/><E131/><V88/><F35/><W104/><G120/><T19/><D78/><U125/><E125/><V103/><F1/><W28/><G70/><T14/><D102/><U133/><E133/><V34/><F9/><W55/><G84/><T61/><REACH who="0" step="1"/><D31/><REACH who="0" ten="235,427,165,153" step="2"/><U21/><E76/><V83/><F103/><W82/><G100/><T22/><D22/><U121/><E21/><V39/><F34/><W124/><G23/><T54/><AGARI ba="1,2" hai="7,8,10,13,14,19,41,42,54,59,61,72,77,81" machi="54" ten="20,7800,0" yaku="1,1,0,1,7,1,53,1" doraHai="66" doraHaiUra="75" who="0" fromWho="0" sc="235,101,427,-27,165,-27,153,-27" /><INIT seed="4,2,0,2,5,67" ten="336,400,138,126" oya="0" hai0="9,59,52,108,56,10,22,104,24,49,118,54,127" hai1="122,3,96,4,120,103,97,37,62,55,1,8,102" hai2="132,28,126,135,78,123,89,17,82,47,74,105,134" hai3="29,111,32,80,33,23,110,131,114,100,27,101,121"/><T2/><D104/><U44/><E3/><V63/><F123/><W106/><G121/><T48/><D118/><U133/><E133/><V58/><F105/><W112/><G80/><T128/><D128/><U85/><E85/><V79/><F126/><W51/><G51/><T35/><D35/><N who="3" m="13385" /><G106/><T72/><D72/><U119/><E119/><V71/><F28/><W16/><G100/><T68/><D127/><U43/><E97/><V46/><F79/><W70/><G70/><T95/><D108/><N who="3" m="41513" /><G101/><T36/><D36/><U90/><E90/><V18/><F89/><W124/><G124/><T7/><D10/><U21/><E102/><V81/><F81/><W0/><G0/><T88/><D68/><U115/><E96/><V57/><F57/><W73/><G73/><T92/><REACH who="0" step="1"/><D88/><REACH who="0" ten="326,400,138,126" step="2"/><U76/><E8/><V66/><F71/><W53/><G131/><T12/><D12/><U116/><E37/><V60/><F135/><W99/><G99/><T87/><D87/><U31/><E116/><V94/><F134/><W75/><G75/><T125/><D125/><U45/><E120/><V15/><F132/><W129/><G129/><T40/><D40/><U50/><E43/><V26/><F74/><W130/><G130/><T64/><D64/><U77/><E122/><V84/><F84/><W20/><G53/><T69/><D69/><U25/><E1/><V98/><F98/><W109/><N who="3" m="41521" /><W39/><DORA hai="86" /><G39/><T5/><D5/><U13/><E4/><V83/><F66/><W65/><G65/><T19/><AGARI ba="2,1" hai="2,7,9,19,22,24,48,49,52,54,56,59,92,95" machi="19" ten="20,12000,1" yaku="1,1,0,1,7,1,9,1,54,1,53,0" doraHai="67,86" doraHaiUra="42,113" who="0" fromWho="0" sc="326,136,400,-42,138,-42,126,-42" /><INIT seed="4,3,0,5,5,74" ten="462,358,96,84" oya="0" hai0="107,89,40,1,134,109,111,14,35,133,6,103,83" hai1="123,77,22,117,2,101,128,125,87,122,99,65,78" hai2="58,104,10,56,37,46,124,20,60,75,8,12,31" hai3="51,64,30,41,113,34,81,118,62,126,50,79,9"/><T130/><D35/><U45/><E2/><V18/><F104/><W63/><G118/><T119/><D1/><U27/><E65/><V85/><F75/><W92/><G126/><T49/><D6/><U98/><E45/><V91/><F124/><W102/><G113/><T105/><D14/><U94/><E125/><V90/><F90/><W114/><G114/><T47/><D119/><U69/><E69/><V13/><F37/><W97/><G41/><T93/><D130/><U17/><E117/><V15/><F46/><W88/><G63/><T76/><D103/><N who="1" m="60887" /><E17/><V129/><F31/><W71/><G9/><T44/><D47/><U36/><E22/><V73/><F73/><W38/><G38/><T23/><D23/><U0/><E27/><V26/><F129/><W95/><G30/><T132/><D107/><N who="1" m="63935" /><E0/><V135/><F135/><W5/><G5/><T19/><D19/><U54/><E54/><V21/><F21/><W68/><G68/><T52/><D105/><U59/><E59/><V86/><F86/><N who="3" m="48447" /><G71/><T24/><D24/><U66/><E128/><V112/><F112/><W16/><G34/><T127/><D127/><U121/><E36/><V55/><REACH who="2" step="1"/><F58/><REACH who="2" ten="462,358,86,84" step="2"/><N who="3" m="36951" /><G16/><T4/><D4/><U53/><E122/><V84/><F84/><AGARI ba="3,1" hai="50,51,84,88,92,95,97,102" m="36951,48447" machi="84" ten="30,3900,0" yaku="8,1,52,1,54,1" doraHai="74" who="3" fromWho="2" sc="462,0,358,0,86,-48,84,58" /><INIT seed="5,0,0,1,3,134" ten="462,358,38,142" oya="1" hai0="98,120,48,108,52,20,56,32,17,2,14,132,112" hai1="64,44,67,125,41,133,96,117,33,77,0,119,59" hai2="34,42,45,88,15,39,8,28,38,90,22,60,123" hai3="65,55,9,85,10,69,68,30,118,83,122,50,19"/><U66/><E0/><V126/><F123/><W47/><G122/><T80/><D120/><U121/><E121/><V16/><F39/><W49/><G118/><N who="1" m="45066" /><E33/><V21/><F34/><W72/><G72/><T43/><D132/><U18/><E133/><V95/><F90/><W11/><G30/><T93/><D108/><U131/><E18/><V37/><F37/><W87/><G87/><T31/><D2/><U99/><E77/><V89/><F89/><W104/><G104/><T75/><D32/><U25/><E25/><V51/><F28/><W103/><G103/><T70/><D70/><U5/><E5/><V115/><F115/><W4/><G19/><T76/><D31/><U53/><E131/><V26/><F26/><W36/><G68/><T24/><D112/><U102/><E102/><V74/><F74/><W61/><G36/><T109/><D109/><U86/><E86/><V62/><F38/><W128/><G128/><T82/><D82/><U27/><E27/><V92/><F92/><W7/><G83/><T107/><D107/><U23/><E23/><N who="2" m="8715" /><F126/><W124/><G124/><T3/><D3/><U1/><E1/><V94/><F94/><W54/><G85/><AGARI ba="0,0" hai="8,15,16,42,45,51,60,62,85,88,95" m="8715" machi="85" ten="30,3900,0" yaku="8,1,54,2" doraHai="134" who="2" fromWho="3" sc="462,0,358,0,38,39,142,-39" /><INIT seed="6,0,0,1,0,98" ten="462,358,77,103" oya="2" hai0="22,63,8,77,20,126,81,27,1,102,26,40,13" hai1="55,64,134,121,101,74,46,86,133,97,117,59,115" hai2="14,123,96,89,49,107,57,60,111,11,72,91,36" hai3="61,113,28,47,116,73,132,84,52,54,90,6,10"/><V37/><F123/><W23/><G116/><T21/><D1/><U43/><E74/><V94/><F72/><W71/><G73/><T51/><D126/><U62/><E117/><V127/><F127/><W124/><G124/><T4/><D102/><U50/><E121/><V58/><F111/><W125/><G125/><T129/><D63/><U99/><E115/><V0/><F0/><W108/><G108/><T16/><D129/><U120/><E120/><V45/><F107/><W35/><G35/><T130/><D130/><U69/><E86/><V88/><F37/><W104/><G104/><T34/><D34/><U32/><E32/><V68/><F68/><W119/><G119/><T83/><D77/><U48/><E99/><V25/><F25/><N who="0" m="9226" /><D4/><U70/><E97/><V38/><F38/><W39/><G132/><N who="1" m="50794" /><E101/><N who="2" m="60567" /><F60/><W2/><G61/><T79/><D79/><U112/><E112/><V131/><F36/><W103/><G71/><AGARI ba="0,0" hai="43,46,48,50,55,59,62,64,69,70,71" m="50794" machi="71" ten="30,3900,0" yaku="20,1,34,2" doraHai="98" who="1" fromWho="3" sc="462,0,358,39,77,0,103,-39" /><INIT seed="7,0,0,4,1,85" ten="462,397,77,64" oya="3" hai0="81,22,58,126,96,73,132,112,36,50,45,19,130" hai1="54,64,40,98,20,105,34,125,78,133,72,33,47" hai2="4,103,75,124,63,55,49,118,1,48,67,17,28" hai3="91,123,23,115,11,42,76,10,87,122,26,116,111"/><W46/><G115/><T79/><D112/><U3/><E20/><V51/><F118/><W134/><G116/><T113/><D113/><U37/><E54/><V39/><F39/><W24/><G134/><T61/><D132/><U135/><E64/><V35/><F75/><W71/><G71/><T127/><D36/><U92/><E125/><V41/><F124/><N who="0" m="47658" /><D96/><U16/><E16/><V53/><F41/><W84/><G111/><T8/><D8/><N who="3" m="3113" /><G123/><T62/><D58/><U60/><E60/><V13/><F4/><W117/><G117/><T25/><D130/><U128/><E128/><V109/><F1/><W101/><G101/><T93/><D93/><U89/><E135/><V106/><F109/><W7/><G7/><T0/><D0/><U57/><E133/><V102/><F106/><W121/><G122/><T83/><D83/><U90/><E3/><V119/><F119/><W68/><G68/><T18/><D19/><U29/><E105/><V129/><F129/><W108/><G108/><T44/><D44/><U43/><E33/><V56/><F35/><W131/><G131/><T110/><D110/><U9/><E34/><V14/><F28/><W70/><G70/><T88/><D88/><U86/><E29/><V77/><F77/><W38/><G121/><T15/><D15/><N who="2" m="5642" /><F17/><W107/><G107/><T104/><D104/><U80/><E9/><V74/><F74/><W65/><G65/><T59/><D59/><U69/><E57/><V12/><F12/><W66/><G66/><T99/><D99/><U114/><E69/><V5/><F5/><W32/><G32/><RYUUKYOKU ba="0,0" sc="462,15,397,-15,77,15,64,-15" hai0="18,22,25,45,50,61,62,73,79,81" hai2="48,49,51,53,55,56,63,67,102,103" owari="477,58.0,382,18.0,92,-31.0,49,-45.0" /></mjloggm>