<mjloggm ver="2.3"><GO type="97" lobby="0"/><UN n0="%E3%82%B3%E3%82%B3%E5%8A%A9" n1="%4D%59%4E%41%4D%45" n2="%63%6F%61" n3="%E3%83%88%E3%83%88%E3%83%AA%E5%85%88%E7%94%9F%31%39%E6%AD%B3" dan="14,14,15,14" rate="1873.83,1910.49,2018.40,2007.21" sx="M,M,M,F"/><TAIKYOKU oya="0"/><INIT seed="0,0,0,1,0,44" ten="250,250,250,250" oya="0" hai0="134,90,126,96,91,4,106,79,13,109,101,100,128" hai1="80,50,70,81,62,38,95,41,37,110,88,87,72" hai2="31,84,12,99,75,83,105,103,93,39,24,133,58" hai3="14,77,104,108,40,45,67,123,33,69,116,27,130"/><T111/><D4/><U52/><E110/><N who="0" m="41993" /><D13/><U35/><E35/><V17/><F133/><W30/><G116/><T29/><D134/><U85/><E72/><V76/><F39/><W92/><G104/><T112/><D29/><U55/><E41/><V127/><F127/><W82/><G130/><T9/><D112/><U73/><E73/><V26/><F31/><W0/><G123/><T2/><D2/><U119/><E119/><V43/><F43/><W47/><G108/><T42/><D42/><U97/><E70/><V18/><F18/><W115/><G115/><T5/><D128/><U121/><E121/><V57/><F105/><W86/><G0/><T49/><D49/><U68/><E68/><V15/><F75/><W32/><G14/><N who="2" m="5161" /><F17/><W25/><G40/><T71/><D71/><U124/><E124/><V107/><F107/><W135/><G135/><T89/><D5/><U46/><E62/><V125/><F125/><W48/><G32/><T21/><D9/><U129/><E55/><V74/><F74/><W118/><G118/><T120/><D21/><U16/><E129/><V54/><F58/><W63/><G27/><T59/><D59/><U19/><E37/><V20/><F20/><W117/><G117/><T53/><D53/><U98/><E38/><V78/><F26/><W122/><G122/><T131/><D131/><U7/><E7/><V61/><F24/><W8/><G8/><T1/><D1/><U6/><E6/><V36/><F36/><W28/><G28/><T132/><D132/><U113/><E113/><V3/><F3/><W64/><G69/><RYUUKYOKU ba="0,0" sc="250,-10,250,-10,250,30,250,-10" hai2="54,57,61,76,78,83,84,93,99,103" /><INIT seed="1,1,0,0,2,127" ten="240,240,280,240" oya="1" hai0="70,104,98,100,9,102,12,46,50,133,23,121,65" hai1="115,76,40,94,87,130,78,117,49,55,2,106,36" hai2="64,13,43,10,26,39,101,44,6,111,35,86,80" hai3="96,41,22,63,14,128,61,103,110,125,108,68,85"/><U77/><E106/><V34/><F111/><N who="3" m="42539" /><G125/><T33/><D33/><U29/><E2/><V31/><F101/><W66/><G41/><T30/><D121/><U69/><E69/><V38/><F64/><N who="3" m="40975" /><G85/><T56/><D102/><U124/><E117/><V82/><F82/><W132/><G132/><T20/><D133/><U67/><E67/><V118/><F118/><W91/><G91/><T53/><D70/><U25/><E115/><V11/><F11/><W37/><G37/><T42/><D65/><U74/><E124/><V114/><F114/><W57/><G14/><T120/><D120/><U135/><E74/><V131/><F35/><W21/><G128/><T88/><D88/><U15/><E135/><V122/><F131/><W4/><G4/><T71/><D71/><U73/><E73/><V109/><F122/><W7/><G7/><T119/><D119/><U60/><E15/><V92/><F109/><W27/><G27/><T75/><D75/><U99/><E36/><V126/><F126/><W0/><G0/><T1/><D1/><U19/><E130/><V48/><F92/><AGARI ba="1,0" hai="21,22,57,63,66,92,96,103" m="40975,42539" machi="92" ten="30,1000,0" yaku="14,1" doraHai="127" who="3" fromWho="2" sc="240,0,240,0,280,-13,240,13" /><INIT seed="2,0,0,4,1,16" ten="240,240,267,253" oya="2" hai0="92,122,101,90,124,121,36,94,17,69,0,127,133" hai1="106,72,8,81,115,61,59,5,111,98,50,123,100" hai2="134,25,79,105,23,131,57,21,20,51,32,35,47" hai3="62,6,88,12,130,66,118,104,48,110,86,26,119"/><V3/><F3/><W125/><G104/><T68/><D0/><U73/><E115/><V117/><F105/><W70/><G110/><T58/><D36/><U126/><E123/><V9/><F117/><W28/><G130/><T113/><D113/><U1/><E111/><V49/><F131/><W95/><G125/><N who="0" m="48203" /><D58/><U46/><E81/><V56/><F134/><W29/><G29/><T42/><D42/><U71/><E71/><N who="0" m="27209" /><D133/><U41/><REACH who="1" step="1"/><E126/><REACH who="1" ten="240,230,267,253" step="2"/><V15/><F79/><W40/><G119/><T13/><D122/><U96/><E96/><V2/><F2/><W74/><G118/><T116/><D116/><U89/><E89/><V19/><F57/><W109/><G109/><T128/><D128/><U80/><E80/><V53/><REACH who="2" step="1"/><F25/><REACH who="2" ten="240,230,257,253" step="2"/><W39/><G26/><T44/><D121/><U4/><E4/><V82/><F82/><W37/><G6/><T84/><D44/><U7/><E7/><V54/><AGARI ba="0,2" hai="9,15,19,20,21,23,32,35,47,49,51,53,54,56" machi="54" ten="30,12000,1" yaku="1,1,0,1,52,3,53,0" doraHai="16" doraHaiUra="85" who="2" fromWho="2" sc="240,-40,230,-40,257,140,253,-40" /><INIT seed="2,1,0,5,2,3" ten="200,190,397,213" oya="2" hai0="130,30,91,7,81,72,67,40,68,6,75,120,36" hai1="38,33,128,73,71,79,19,51,112,94,14,103,122" hai2="77,66,24,52,98,12,65,100,133,43,102,125,23" hai3="55,9,78,28,26,18,92,48,49,117,10,61,96"/><V113/><F113/><W0/><G117/><T46/><D120/><U124/><E51/><V70/><F70/><W110/><G110/><T29/><D130/><U93/><E14/><V106/><F43/><W121/><G121/><T63/><D72/><U132/><E19/><V16/><F102/><W111/><G111/><T116/><D116/><U97/><E93/><V39/><F39/><W34/><G78/><T109/><D109/><U32/><E94/><V25/><F77/><W64/><G18/><T88/><D91/><U57/><E57/><V59/><F125/><W47/><G48/><T131/><D131/><U1/><E97/><V135/><F25/><W35/><G0/><T83/><D83/><U86/><E86/><V118/><F118/><W104/><G35/><T85/><REACH who="0" step="1"/><D75/><REACH who="0" ten="190,190,397,213" step="2"/><U37/><E79/><V126/><F126/><W42/><G42/><T56/><D56/><U2/><E103/><V76/><F76/><W107/><G10/><T27/><D27/><U13/><E33/><V69/><F69/><W15/><G9/><T129/><D129/><U99/><E99/><V53/><F24/><W127/><G127/><T50/><D50/><U89/><E89/><V84/><F59/><W41/><G41/><T22/><D22/><U123/><E38/><V108/><F108/><W11/><G34/><T4/><AGARI ba="1,1" hai="4,6,7,29,30,36,40,46,63,67,68,81,85,88" machi="4" ten="30,12000,2" yaku="1,1,0,1,52,3,54,1,53,0" doraHai="3" doraHaiUra="95" who="0" fromWho="0" sc="190,133,190,-31,397,-61,213,-31" /><INIT seed="3,0,0,3,3,34" ten="323,159,336,182" oya="3" hai0="5,103,119,7,3,10,32,19,102,18,44,121,12" hai1="4,77,16,89,95,125,116,48,50,92,35,22,47" hai2="49,31,124,135,13,106,46,56,62,118,84,115,128" hai3="1,108,0,133,79,105,52,59,65,111,24,81,126"/><W53/><G105/><T28/><D119/><U25/><E116/><V100/><F118/><W130/><G130/><T45/><D121/><U132/><E125/><V134/><F115/><W6/><G126/><T14/><D102/><U2/><E132/><N who="2" m="50731" /><F124/><W37/><G37/><T9/><D103/><U97/><E35/><V64/><F128/><W38/><G38/><T68/><D68/><U43/><E77/><V107/><F100/><W98/><G133/><T39/><D39/><U33/><E33/><V8/><F31/><W66/><G98/><T90/><D90/><U63/><E63/><V61/><F84/><N who="3" m="48191" /><G24/><N who="0" m="18439" /><D44/><U69/><E95/><V76/><F61/><N who="3" m="36071" /><G53/><T120/><D120/><U17/><E50/><V72/><F76/><W131/><G131/><T42/><D42/><U78/><E78/><V71/><F72/><W70/><G6/><N who="0" m="2059" /><D45/><U113/><E113/><V94/><F94/><W117/><G117/><T11/><D11/><U67/><E17/><N who="2" m="8359" /><F71/><W82/><G82/><T122/><D122/><U29/><E29/><V58/><F58/><W27/><G70/><T123/><D123/><U91/><E91/><V96/><F96/><W93/><G93/><T101/><D101/><U83/><E83/><V21/><F107/><W109/><G65/><T60/><D60/><U104/><E104/><V127/><F127/><W87/><G66/><T54/><D54/><U75/><E75/><V86/><F106/><W88/><G88/><T99/><D99/><U30/><E30/><V112/><F112/><W51/><G87/><T40/><D40/><U15/><E69/><V55/><F86/><RYUUKYOKU ba="0,0" sc="323,15,159,-15,336,15,182,-15" hai0="3,9,10,12,14,18,19" hai2="21,46,49,55,56,62,64" owari="338,14.0,144,-36.0,351,45.0,167,-23.0" /></mjloggm>