<mjloggm ver="2.3"><GO type="41" lobby="0"/><UN n0="%48%6F%6F%6F%6F%6F%6F%69" n1="%64%33%76%64%72" n2="%E5%A4%9C%E9%87%A3%E3%82%8A%38" n3="%E5%B0%B1%E6%B4%BB%E7%94%9F%40%E5%B7%9D%E6%9D%91%E8%BB%8D%E5%9B%A3" dan="15,13,13,15" rate="2043.11,1901.62,1925.57,2013.07" sx="M,M,F,M"/><TAIKYOKU oya="0"/><INIT seed="0,0,0,5,4,32" ten="250,250,250,250" oya="0" hai0="13,47,80,91,11,8,123,110,93,108,21,78,132" hai1="121,46,75,59,44,118,16,74,76,26,69,17,31" hai2="89,66,58,23,113,70,40,101,1,125,42,100,38" hai3="83,135,114,67,37,92,112,99,34,3,116,64,127"/><T88/><D123/><U15/><E69/><V120/><F113/><W39/><G34/><T6/><D132/><U51/><E121/><V95/><F70/><W29/><G135/><T45/><D21/><U25/><E118/><V130/><F1/><W97/><G116/><T134/><D134/><U104/><E104/><V55/><F66/><W79/><G29/><T24/><D24/><U98/><E31/><V35/><F38/><W63/><G127/><T2/><D47/><U68/><E68/><V128/><F125/><W86/><G3/><T117/><D45/><U43/><E75/><V119/><F35/><W126/><G126/><T30/><D30/><U5/><E74/><V14/><F120/><W111/><G111/><N who="0" m="42539" /><D93/><U41/><E25/><V49/><F119/><W109/><G109/><T105/><D105/><U0/><E26/><V52/><F55/><W10/><G10/><T81/><D117/><U90/><E43/><V115/><F115/><W85/><G112/><T18/><D81/><U56/><E41/><V131/><F40/><W106/><G114/><T33/><D33/><U87/><E46/><V84/><F42/><W57/><G106/><T73/><AGARI ba="0,0" hai="2,6,8,11,13,18,73,78,80,88,91" m="42539" machi="73" ten="30,11700,0" yaku="14,1,10,1,52,1,54,1" doraHai="32" who="0" fromWho="0" sc="250,117,250,-39,250,-39,250,-39" /><INIT seed="0,1,0,0,4,132" ten="367,211,211,211" oya="0" hai0="71,38,102,66,112,46,63,33,113,76,117,28,82" hai1="14,74,84,121,100,0,115,97,11,7,103,65,44" hai2="18,1,23,24,64,90,67,15,89,49,8,50,95" hai3="25,68,16,41,10,29,114,48,81,129,108,80,9"/><T51/><D102/><U42/><E121/><V40/><F1/><W12/><G114/><T92/><D92/><U60/><E115/><V13/><F13/><W32/><G68/><T36/><D117/><U20/><E74/><V3/><F3/><W135/><G135/><T77/><D77/><U34/><E34/><V47/><F50/><W52/><G129/><T62/><D28/><U130/><E130/><V27/><F27/><W120/><G120/><T70/><D33/><U94/><E0/><V98/><REACH who="2" step="1"/><F89/><REACH who="2" ten="367,211,201,211" step="2"/><W109/><G10/><T31/><D51/><U83/><E11/><V116/><F116/><W55/><G41/><T57/><D112/><U21/><E42/><V54/><F54/><W85/><G55/><T91/><D91/><U4/><E14/><V78/><F78/><W6/><G6/><AGARI ba="1,1" hai="6,8,15,18,23,24,40,47,49,64,67,90,95,98" machi="6" ten="30,3900,0" yaku="1,1,7,1,8,1,53,0" doraHai="132" doraHaiUra="30" who="2" fromWho="3" sc="367,0,211,0,201,52,211,-42" /><INIT seed="1,0,0,4,0,37" ten="367,211,253,169" oya="1" hai0="130,101,58,65,57,102,109,75,129,84,83,42,38" hai1="2,68,72,11,4,35,59,81,5,95,17,92,52" hai2="120,54,88,10,45,117,103,44,3,134,14,70,28" hai3="15,41,122,1,62,0,16,125,24,66,131,124,116"/><U7/><E68/><V12/><F3/><W9/><G122/><T79/><D109/><U100/><E35/><V118/><F120/><W133/><G116/><T53/><D65/><U34/><E34/><V18/><F28/><W56/><G131/><N who="0" m="50187" /><D75/><U98/><E2/><V22/><F103/><N who="0" m="39434" /><D53/><U64/><E64/><V69/><F134/><W76/><G133/><T71/><D71/><U77/><E17/><V63/><F69/><W80/><G24/><T43/><D38/><U36/><E36/><V105/><F105/><W104/><G104/><T90/><D90/><U23/><E23/><V106/><F106/><W126/><REACH who="3" step="1"/><G41/><AGARI ba="0,0" hai="41,42,43,57,58,79,83,84" m="39434,50187" machi="41" ten="30,7700,0" yaku="19,1,52,3" doraHai="37" who="0" fromWho="3" sc="367,77,211,0,253,0,169,-77" /><INIT seed="2,0,0,4,5,61" ten="444,211,253,92" oya="2" hai0="92,17,87,47,20,49,125,122,88,5,110,123,32" hai1="11,15,21,66,119,86,3,129,68,45,120,18,30" hai2="132,4,16,90,55,13,38,121,131,40,64,130,22" hai3="75,41,65,70,56,59,51,97,114,124,31,91,1"/><V128/><F121/><W26/><G75/><T80/><D32/><U23/><E119/><V79/><F132/><W105/><G1/><T67/><D110/><U25/><E120/><V83/><F90/><W69/><G114/><T72/><D125/><U37/><E129/><V107/><F107/><W44/><G124/><T89/><D5/><U27/><E3/><V19/><F55/><W9/><G9/><T96/><D72/><U71/><E86/><N who="2" m="48511" /><F4/><W29/><G29/><T8/><D8/><U39/><E45/><N who="2" m="23703" /><F19/><W84/><G97/><T53/><D67/><AGARI ba="0,0" hai="13,16,22,64,67,128,130,131" m="23703,48511" machi="67" ten="30,11600,0" yaku="19,1,52,2,54,1" doraHai="61" who="2" fromWho="0" sc="444,-116,211,0,253,116,92,0" /><INIT seed="2,1,0,0,5,134" ten="328,211,369,92" oya="2" hai0="17,38,57,106,70,39,44,6,42,102,48,131,45" hai1="3,36,22,50,97,8,9,120,109,103,125,25,26" hai2="28,95,73,82,119,68,108,122,113,133,2,79,41" hai3="77,128,69,98,62,111,1,4,99,116,67,33,101"/><V32/><RYUUKYOKU type="yao9" ba="1,0" sc="328,0,211,0,369,0,92,0" hai2="2,28,32,41,68,73,79,82,95,108,113,119,122,133" /><INIT seed="2,2,0,2,4,123" ten="328,211,369,92" oya="2" hai0="19,132,52,9,31,120,77,86,111,12,57,66,67" hai1="130,105,92,26,90,135,84,5,48,20,79,1,88" hai2="127,83,93,43,30,100,110,18,107,112,28,42,17" hai3="121,58,24,129,2,23,51,128,27,36,53,7,95"/><V6/><F112/><W62/><G36/><T47/><D120/><U97/><E130/><V21/><F107/><W33/><G121/><T73/><D73/><U54/><E135/><V85/><F6/><W118/><G118/><T78/><D111/><U61/><E79/><N who="0" m="30217" /><D31/><U80/><E105/><V64/><F64/><W133/><G133/><T101/><D101/><U69/><E1/><V45/><F127/><W8/><G33/><T106/><D106/><U131/><E5/><V49/><F42/><W91/><G51/><N who="0" m="28799" /><D132/><U15/><E131/><V59/><F59/><W40/><G40/><T46/><D46/><U71/><E71/><V104/><F17/><W82/><G82/><T56/><D86/><U76/><E69/><V44/><F45/><W81/><G81/><T41/><D41/><U10/><E76/><N who="2" m="46311" /><F104/><W75/><G75/><T13/><D57/><U116/><E116/><V50/><F50/><W113/><G113/><T14/><D66/><U103/><E48/><V117/><F110/><W102/><G102/><T65/><D65/><U108/><E108/><V3/><F3/><W99/><REACH who="3" step="1"/><G27/><REACH who="3" ten="328,211,369,82" step="2"/><T72/><D72/><U94/><E103/><V126/><F117/><W74/><G74/><T39/><D39/><U32/><E32/><V38/><F38/><W115/><G115/><T125/><D125/><U124/><E124/><V96/><F126/><W29/><AGARI ba="2,1" hai="2,7,8,23,24,29,53,58,62,91,95,99,128,129" machi="29" ten="30,2000,0" yaku="1,1,0,1,53,0" doraHai="123" doraHaiUra="109" who="3" fromWho="3" sc="328,-7,211,-7,369,-12,82,36" /><INIT seed="3,0,0,4,3,50" ten="321,204,357,118" oya="3" hai0="127,45,86,29,61,30,122,94,109,76,1,89,82" hai1="5,19,115,100,24,106,54,92,107,113,34,131,35" hai2="130,31,84,56,78,52,38,81,74,48,27,134,116" hai3="79,44,36,120,32,85,98,102,118,124,4,2,37"/><W11/><G120/><T9/><D122/><U105/><E5/><V126/><F116/><W23/><G118/><T68/><D109/><U21/><E131/><V28/><F38/><W39/><G32/><T99/><D127/><U75/><E75/><V47/><F130/><W3/><G124/><T69/><D45/><U46/><E100/><V114/><F114/><W77/><G2/><T15/><D1/><U104/><E92/><V17/><F134/><W53/><G23/><T70/><REACH who="0" step="1"/><D61/><REACH who="0" ten="311,204,357,118" step="2"/><U62/><E62/><N who="2" m="36103" /><F126/><W123/><G123/><T43/><D43/><U103/><E115/><V57/><F47/><W65/><G65/><T97/><D97/><U73/><E113/><V64/><F64/><W83/><G77/><T101/><D101/><U125/><E125/><V22/><F74/><W111/><G111/><T117/><D117/><U119/><E73/><V95/><F95/><W33/><G33/><T12/><D12/><U41/><E119/><V26/><F27/><W90/><G79/><T93/><D93/><U10/><E34/><V121/><F121/><W13/><G3/><T55/><D55/><AGARI ba="0,1" hai="17,22,26,28,31,48,55,57,78,81,84" m="36103" machi="55" ten="30,7700,0" yaku="8,1,52,2,54,1" doraHai="50" who="2" fromWho="0" sc="311,-77,204,0,357,87,118,0" /><INIT seed="4,0,0,4,4,100" ten="234,204,444,118" oya="0" hai0="19,53,64,131,6,28,49,88,60,41,55,87,127" hai1="73,92,79,80,0,97,89,70,86,8,59,85,14" hai2="135,23,32,123,34,69,75,107,27,95,12,2,104" hai3="50,61,110,94,116,62,16,120,15,108,26,52,133"/><T48/><D127/><U81/><E70/><V113/><F123/><W9/><G116/><T35/><D131/><U98/><E0/><V22/><F75/><W83/><G120/><T45/><D6/><U132/><E132/><V134/><F69/><W71/><G133/><N who="2" m="50697" /><F2/><W96/><G108/><T1/><D1/><U25/><E59/><V90/><F12/><W125/><G125/><T58/><D19/><U77/><E25/><V40/><F22/><N who="3" m="13639" /><G71/><T105/><D105/><N who="2" m="40522" /><F40/><W57/><G83/><T3/><D3/><U4/><AGARI ba="0,0" hai="4,8,14,73,77,79,80,81,85,86,89,92,97,98" machi="4" ten="20,1500,0" yaku="0,1,7,1" doraHai="100" who="1" fromWho="1" sc="234,-7,204,15,444,-4,118,-4" /><INIT seed="5,0,0,1,4,125" ten="227,219,440,114" oya="1" hai0="18,126,30,25,112,31,58,59,5,134,95,84,42" hai1="65,88,135,63,77,34,9,60,52,51,32,41,129" hai2="128,119,36,27,50,108,106,61,93,4,75,26,12" hai3="98,130,82,87,23,8,44,123,113,64,0,127,104"/><U102/><E135/><V109/><F106/><W120/><G127/><T89/><D112/><U24/><E77/><V86/><F36/><W114/><G64/><T11/><D134/><U28/><E41/><V132/><F119/><W46/><G23/><N who="0" m="13559" /><D42/><U101/><E32/><V79/><F75/><W133/><G133/><T105/><D105/><U39/><E39/><V115/><F61/><W6/><G120/><T17/><D5/><U122/><E122/><V131/><F115/><N who="3" m="44043" /><G123/><T10/><D126/><U3/><E63/><V2/><F50/><W53/><G53/><T96/><D96/><U57/><E129/><N who="2" m="49739" /><F2/><W69/><G69/><T35/><D59/><U29/><E29/><V72/><F72/><W1/><G1/><T92/><D58/><U21/><E34/><V54/><F54/><W90/><G130/><T48/><D48/><U121/><E121/><V38/><F38/><W124/><G124/><T45/><D35/><U91/><E3/><V78/><F78/><W107/><G107/><T62/><D31/><U7/><E65/><V76/><F76/><W55/><G55/><T43/><D30/><U15/><E60/><V118/><F118/><W16/><G16/><T97/><D62/><U14/><E14/><V110/><F132/><W13/><G0/><T68/><D17/><U117/><E117/><V71/><F71/><W111/><G111/><T85/><D68/><U67/><E67/><V40/><F40/><W73/><G73/><T33/><D43/><U19/><E19/><V70/><F70/><W116/><G116/><T20/><D45/><U74/><E74/><RYUUKYOKU ba="0,0" sc="227,-15,219,15,440,-15,114,15" hai1="7,9,15,21,24,28,51,52,57,88,91,101,102" hai3="6,8,13,44,46,82,87,90,98,104" /><INIT seed="5,1,0,3,3,6" ten="212,234,425,129" oya="1" hai0="134,75,120,68,72,90,33,113,21,133,87,38,88" hai1="84,109,78,58,121,79,16,23,93,67,46,117,44" hai2="65,80,105,91,101,82,116,115,124,122,15,125,63" hai3="100,98,3,10,108,45,76,47,35,34,17,62,81"/><U73/><E121/><V83/><F122/><W0/><G108/><T37/><D33/><U54/><E117/><V49/><F116/><W110/><G110/><T1/><D1/><U95/><E109/><V29/><F29/><W53/><G3/><T26/><D120/><U97/><E67/><V64/><F91/><N who="0" m="34858" /><D87/><U99/><E73/><N who="0" m="28233" /><D68/><U31/><E31/><V50/><F101/><W123/><G123/><T22/><D26/><U71/><E71/><V55/><F105/><W131/><G131/><T132/><D113/><U8/><E84/><V85/><F63/><W20/><G35/><T60/><D60/><U19/><E23/><AGARI ba="1,0" hai="21,22,23,37,38,132,133,134" m="28233,34858" machi="23" ten="40,8000,1" yaku="28,2,20,1,54,1" doraHai="6" who="0" fromWho="1" sc="212,83,234,-83,425,0,129,0" /><INIT seed="6,0,0,2,0,13" ten="295,151,425,129" oya="2" hai0="94,89,70,103,100,22,54,0,72,84,10,107,63" hai1="74,105,78,73,85,19,25,57,80,129,130,65,21" hai2="52,76,7,86,46,37,110,91,40,124,101,68,4" hai3="99,112,29,3,82,79,69,119,98,66,14,60,117"/><V128/><F68/><W59/><G3/><T36/><D36/><U113/><E105/><V121/><F121/><W28/><G69/><T104/><D100/><U26/><E113/><V123/><F123/><W34/><G112/><T43/><D43/><U118/><E118/><V96/><F76/><W35/><G117/><T18/><D72/><U58/><E65/><V20/><F20/><W133/><G133/><T71/><D0/><U42/><E42/><V12/><F12/><W92/><G119/><T97/><D10/><U31/><E74/><V61/><F128/><N who="1" m="49257" /><E73/><V24/><F24/><W116/><G116/><T23/><D107/><U38/><E38/><V6/><F110/><W111/><G111/><T32/><D32/><AGARI ba="0,0" hai="19,21,25,26,31,32,57,58,78,80,85" m="49257" machi="32" ten="30,2000,0" yaku="19,1,52,1" doraHai="13" who="1" fromWho="0" sc="295,-20,151,20,425,0,129,0" /><INIT seed="7,0,0,4,4,65" ten="275,171,425,129" oya="3" hai0="85,83,60,123,26,80,15,78,36,84,58,89,53" hai1="61,51,93,72,120,105,100,104,52,70,109,86,56" hai2="126,4,73,13,112,66,21,18,107,98,25,106,10" hai3="79,111,131,97,17,54,92,87,96,103,2,64,30"/><W43/><G111/><T114/><D36/><U101/><E109/><V47/><F73/><W132/><G2/><T57/><D114/><U118/><E120/><V24/><F126/><W110/><G110/><T39/><D39/><U8/><E72/><V75/><F75/><W81/><G131/><T20/><D15/><U99/><E118/><V62/><F98/><W38/><G132/><T127/><D127/><U7/><E100/><V91/><F91/><W11/><G30/><N who="0" m="17735" /><D123/><U40/><E86/><V9/><F47/><W128/><G128/><T95/><D58/><U134/><E134/><V76/><F76/><W12/><G64/><T34/><D34/><U135/><E135/><V129/><F112/><W0/><G0/><T33/><D33/><U67/><E40/><V122/><F25/><W1/><G1/><AGARI ba="0,0" hai="1,7,8,51,52,56,61,67,70,93,99,101,104,105" machi="1" ten="30,3900,0" yaku="7,1,52,1,54,1" doraHai="65" who="1" fromWho="3" sc="275,0,171,39,425,0,129,-39" owari="275,8.0,210,-19.0,425,52.0,90,-41.0" /></mjloggm>