<mjloggm ver="2.3"><GO type="41" lobby="0"/><UN n0="%E7%AB%B9%E5%86%85%E5%8A%9B" n1="%E5%B0%B1%E6%B4%BB%E7%94%9F%40%E5%B7%9D%E6%9D%91%E8%BB%8D%E5%9B%A3" n2="%E3%83%87%E3%82%A3%E3%82%BD%E3%83%BC%E3%83%AB" n3="%E3%82%B6%E3%83%B3%E3%82%B0%E3%83%BC%E3%82%B9" dan="15,14,15,14" rate="2029.00,1972.00,1989.54,1999.49" sx="M,M,M,M"/><TAIKYOKU oya="0"/><INIT seed="0,0,0,2,1,19" ten="250,250,250,250" oya="0" hai0="42,70,64,131,3,34,12,50,120,76,94,84,25" hai1="47,123,119,16,28,128,7,40,54,38,26,101,35" hai2="23,79,63,62,99,24,83,88,27,130,31,71,118" hai3="13,53,68,61,17,110,29,113,46,115,45,21,8"/><T126/><D3/><U57/><E123/><V82/><F118/><W51/><G110/><T4/><D120/><U106/><E119/><V20/><F130/><W125/><G45/><T74/><D74/><U39/><E128/><V48/><F71/><W0/><G125/><T103/><D126/><U121/><E121/><V86/><F48/><W114/><G68/><T32/><D131/><U9/><E39/><V117/><F117/><W80/><G80/><T67/><D70/><U44/><E44/><V22/><F99/><W95/><G95/><T132/><D132/><U116/><E116/><V41/><F41/><W92/><G92/><T33/><D25/><N who="2" m="9802" /><F31/><W122/><G122/><T73/><D73/><U59/><E106/><V129/><F129/><W134/><G134/><T52/><D42/><U2/><E101/><V56/><F56/><W89/><G89/><T58/><D103/><U98/><E98/><V87/><AGARI ba="0,0" hai="20,22,23,62,63,79,82,83,86,87,88" m="9802" machi="87" ten="30,8000,1" yaku="8,1,52,3,54,1" doraHai="19" who="2" fromWho="2" sc="250,-40,250,-20,250,80,250,-20" /><INIT seed="1,0,0,1,3,36" ten="210,230,330,230" oya="1" hai0="93,18,43,121,111,47,74,21,70,108,64,0,120" hai1="46,69,84,83,123,25,71,110,117,76,127,125,133" hai2="73,92,60,32,91,122,81,128,134,126,26,102,53" hai3="56,109,100,2,65,86,101,79,39,67,95,34,41"/><U6/><E117/><V49/><F122/><N who="0" m="47210" /><D0/><U35/><E123/><V72/><F126/><N who="1" m="48137" /><E6/><V105/><F128/><W68/><G109/><N who="0" m="42059" /><D74/><U58/><E110/><V9/><F134/><W24/><G2/><T85/><D64/><U50/><E133/><V45/><F105/><W17/><G67/><T11/><D11/><U61/><E25/><V63/><F102/><W132/><G132/><T77/><D70/><U14/><E14/><V103/><F103/><W75/><G75/><T116/><D116/><U96/><E96/><V99/><F9/><W40/><G68/><T87/><D77/><U29/><E29/><V10/><F10/><W52/><G65/><T115/><D93/><U118/><E35/><V42/><F81/><N who="3" m="47423" /><G39/><N who="0" m="22015" /><D115/><U20/><E20/><V16/><F73/><W104/><G104/><T98/><D98/><U8/><E8/><V114/><F114/><W59/><G34/><T31/><D31/><U78/><E78/><V57/><F72/><W113/><G113/><T30/><D30/><U19/><E19/><V1/><F1/><W27/><G95/><T119/><D119/><U106/><E106/><V22/><REACH who="2" step="1"/><F32/><REACH who="2" ten="210,230,320,230" step="2"/><W62/><G101/><T90/><D90/><U13/><E118/><V28/><F28/><W51/><G100/><T37/><D37/><AGARI ba="0,1" hai="16,22,26,37,42,45,49,53,57,60,63,91,92,99" machi="37" ten="30,8000,1" yaku="1,1,7,1,52,1,54,1,53,1" doraHai="36" doraHaiUra="48" who="2" fromWho="0" sc="210,-80,230,0,320,90,230,0" /><INIT seed="2,0,0,1,0,88" ten="130,230,410,230" oya="2" hai0="135,23,65,49,85,39,59,73,17,63,25,56,32" hai1="5,20,28,113,77,107,114,97,103,75,126,120,112" hai2="127,86,9,30,123,51,64,96,98,76,95,66,115" hai3="125,104,29,83,70,80,72,67,74,3,15,26,99"/><V110/><F123/><W37/><G3/><T4/><D39/><U119/><E119/><V105/><F115/><W116/><G37/><T8/><D73/><U0/><E120/><V82/><F127/><W93/><G116/><T45/><D32/><U16/><E126/><V24/><F110/><W2/><G2/><T58/><D135/><U12/><E28/><V13/><F105/><W90/><G125/><T6/><D85/><U91/><E91/><V7/><F51/><W133/><G133/><T55/><REACH who="0" step="1"/><D4/><REACH who="0" ten="120,230,410,230" step="2"/><U101/><E5/><V94/><F98/><W100/><G72/><T87/><D87/><U22/><E75/><V69/><F69/><W36/><G36/><T46/><D46/><U38/><E38/><V117/><F117/><W21/><G74/><T53/><D53/><U48/><E113/><V47/><F47/><W108/><G108/><T132/><D132/><U81/><E114/><V124/><F124/><W68/><G67/><N who="2" m="25641" /><F96/><W71/><G104/><T129/><D129/><U111/><E112/><V128/><F128/><W50/><G71/><T31/><D31/><U18/><E111/><V44/><F44/><W106/><G70/><T42/><D42/><U57/><E97/><V130/><F130/><W121/><G68/><T79/><D79/><U52/><E107/><V134/><F134/><W61/><G121/><T84/><D84/><N who="1" m="48175" /><E0/><AGARI ba="0,1" hai="0,6,8,17,23,25,45,49,55,56,58,59,63,65" machi="0" ten="30,3900,0" yaku="1,1,7,1,53,1" doraHai="88" doraHaiUra="33" who="0" fromWho="1" sc="120,49,230,-39,410,0,230,0" /><INIT seed="3,0,0,0,0,16" ten="169,191,410,230" oya="3" hai0="18,3,67,99,64,32,76,5,79,82,24,78,56" hai1="58,62,0,31,94,71,96,48,13,27,95,40,50" hai2="36,92,63,15,54,98,130,9,128,28,110,30,120" hai3="65,35,38,118,49,88,106,77,89,55,107,51,42"/><W45/><G35/><T60/><D67/><U19/><E0/><V122/><F36/><W113/><G118/><T116/><D116/><U29/><E71/><V1/><F1/><W129/><G113/><T123/><D123/><N who="2" m="47146" /><F110/><W44/><G129/><N who="2" m="49769" /><F54/><W86/><G77/><T39/><D39/><U104/><E104/><V124/><F63/><W68/><G68/><T20/><D32/><U102/><E94/><V100/><F124/><W75/><G75/><T70/><D99/><U131/><E131/><V115/><F115/><W97/><G65/><T47/><D47/><U105/><E105/><V91/><F100/><W21/><G38/><T132/><D70/><U111/><E111/><V61/><F61/><W7/><G7/><AGARI ba="0,0" hai="7,9,15,28,30,91,92,98" m="49769,47146" machi="7" ten="30,2000,0" yaku="13,1,19,1" doraHai="16" who="2" fromWho="3" sc="169,0,191,0,410,20,230,-20" /><INIT seed="4,0,0,0,5,120" ten="169,191,430,210" oya="0" hai0="62,98,45,86,41,42,27,16,101,114,21,100,79" hai1="129,106,130,56,17,8,93,40,67,113,132,83,26" hai2="82,53,117,96,15,38,84,87,9,75,28,22,36" hai3="32,50,39,104,43,61,118,49,25,124,133,71,35"/><T47/><D114/><U115/><E106/><V64/><F75/><W110/><G104/><T97/><D62/><N who="1" m="38343" /><E40/><N who="0" m="15465" /><D86/><U2/><E132/><V37/><F117/><W116/><G133/><T131/><D79/><U19/><E93/><V10/><F64/><W23/><G124/><T46/><D131/><N who="1" m="50187" /><E83/><V0/><F0/><W66/><G39/><T57/><D57/><U3/><E26/><V4/><F96/><AGARI ba="0,0" hai="16,21,27,45,46,47,96,97,98,100,101" m="15465" machi="96" ten="30,2900,0" yaku="8,1,54,1" doraHai="120" who="0" fromWho="2" sc="169,29,191,0,430,-29,210,0" /><INIT seed="4,1,0,1,4,5" ten="198,191,401,210" oya="0" hai0="59,14,15,87,3,45,71,76,21,82,38,96,97" hai1="13,108,56,50,17,23,135,11,33,0,119,2,46" hai2="22,129,52,26,92,40,32,105,110,85,91,68,94" hai3="35,75,125,34,61,58,81,12,67,118,47,103,41"/><T114/><D71/><U74/><E119/><V116/><F110/><W60/><G118/><T69/><D69/><U107/><E107/><V86/><F116/><W30/><G125/><T101/><D3/><U24/><E74/><V124/><F105/><W98/><G75/><T43/><D114/><U16/><E108/><V19/><F124/><W123/><G81/><T126/><D126/><U106/><E106/><V10/><F129/><W90/><G90/><T55/><D21/><U120/><E120/><V109/><F109/><W132/><G132/><T122/><D122/><U31/><E56/><V27/><F68/><W8/><G123/><T7/><D101/><U20/><E135/><V18/><F40/><W54/><G30/><T112/><D112/><U62/><E62/><V6/><F32/><W72/><G72/><T93/><D93/><U113/><E113/><V115/><F115/><W66/><G61/><T78/><D78/><U42/><E33/><V64/><F64/><W130/><G130/><T100/><D100/><U79/><REACH who="1" step="1"/><E79/><REACH who="1" ten="198,181,401,210" step="2"/><V1/><F86/><W128/><G128/><T89/><D76/><U131/><E131/><V104/><F104/><W88/><G35/><T37/><D59/><U49/><E49/><V99/><F85/><W111/><G34/><T9/><D87/><U77/><E77/><V84/><F84/><W73/><G111/><T29/><D38/><U70/><E70/><V51/><F99/><W63/><G73/><T65/><D37/><U134/><E134/><V28/><F51/><N who="3" m="27119" /><G63/><T80/><D97/><U121/><E121/><V127/><F127/><RYUUKYOKU ba="1,1" sc="198,-10,181,30,401,-10,210,-10" hai1="0,2,11,13,16,17,20,23,24,31,42,46,50" /><INIT seed="5,2,1,2,1,64" ten="188,211,391,200" oya="1" hai0="8,114,87,74,18,69,107,42,117,71,31,124,41" hai1="134,33,43,32,30,119,12,58,62,61,132,52,35" hai2="51,9,27,57,112,128,83,16,54,123,97,99,24" hai3="47,50,122,3,90,78,95,2,110,102,66,68,20"/><U38/><E119/><V7/><F123/><W21/><G110/><T5/><D74/><U23/><E61/><V80/><F128/><W100/><G122/><T85/><D107/><U73/><E73/><V48/><F112/><W116/><G116/><T130/><D117/><U104/><E104/><V39/><F39/><W63/><G78/><T45/><D130/><U22/><E30/><V93/><F51/><W1/><G102/><T126/><D114/><U34/><N who="1" m="8704" /><DORA hai="11" /><U13/><E43/><V67/><F67/><W135/><G100/><T70/><D31/><U17/><E38/><V109/><F109/><W15/><G135/><T75/><D18/><AGARI ba="2,1" hai="12,13,17,18,22,23,52,58,62,132,134" m="8704" machi="18" ten="70,12000,1" yaku="9,1,52,2,54,1" doraHai="64,11" who="1" fromWho="0" sc="188,-126,211,136,391,0,200,0" /><INIT seed="5,3,0,1,3,45" ten="62,347,391,200" oya="1" hai0="37,134,82,123,42,65,17,132,22,0,44,30,114" hai1="98,74,99,62,40,10,116,127,87,8,57,36,35" hai2="18,105,24,119,2,26,133,109,106,100,102,6,115" hai3="32,34,130,31,129,59,93,128,91,81,16,92,21"/><U3/><E116/><V29/><F119/><W5/><G5/><T126/><D0/><U122/><E122/><V75/><F109/><W47/><G47/><T19/><D123/><U73/><E35/><V68/><F68/><W96/><G31/><T80/><D65/><U46/><E127/><V84/><F18/><W7/><G7/><T89/><D126/><U51/><E36/><V38/><F29/><W4/><G4/><T94/><D30/><U78/><E87/><V12/><F6/><W121/><G121/><T118/><D17/><U131/><E131/><V61/><F2/><W49/><G81/><T20/><D20/><U83/><E73/><V39/><F61/><W14/><G93/><T54/><D118/><U113/><E3/><V13/><F75/><W69/><G69/><T72/><D114/><U70/><E70/><V76/><F115/><W53/><AGARI ba="3,0" hai="14,16,21,32,34,49,53,59,91,92,96,128,129,130" machi="53" ten="40,8000,1" yaku="0,1,19,1,52,1,54,1" doraHai="45" who="3" fromWho="3" sc="62,-23,347,-43,391,-23,200,89" /><INIT seed="6,0,0,1,5,67" ten="39,304,368,289" oya="2" hai0="68,38,134,54,71,105,117,1,23,92,52,125,28" hai1="17,95,34,58,107,26,84,76,86,99,46,120,126" hai2="81,104,69,135,7,77,18,42,90,115,33,82,19" hai3="43,53,25,37,70,129,128,112,21,47,51,114,72"/><V24/><F104/><W44/><G72/><T100/><D105/><U61/><E120/><V73/><F115/><N who="3" m="44075" /><G25/><T113/><D1/><U119/><E119/><V78/><F135/><W121/><G121/><T55/><D113/><U16/><E126/><V96/><F7/><W8/><G8/><T36/><D23/><N who="1" m="13671" /><E34/><V65/><F42/><W2/><G2/><T15/><D15/><U29/><E29/><V57/><F33/><W108/><G21/><T123/><D28/><U0/><E0/><V133/><F133/><W60/><G108/><T111/><D92/><U122/><E107/><V89/><F24/><W74/><G74/><T13/><D13/><U50/><E17/><V9/><F9/><W6/><G6/><T32/><D100/><N who="1" m="60543" /><E76/><V109/><F109/><W20/><G20/><T59/><D32/><U4/><E4/><V91/><F73/><W14/><G14/><T118/><D111/><U75/><E75/><V49/><F96/><W27/><G27/><T132/><D123/><U48/><E122/><V66/><F78/><W22/><G22/><T87/><D87/><N who="1" m="33323" /><E46/><V106/><F106/><W79/><G79/><T102/><D102/><U80/><E80/><V30/><F77/><W88/><G88/><T5/><D5/><U130/><E130/><V103/><F91/><W31/><G31/><T63/><D125/><U45/><E45/><V98/><F30/><W41/><G41/><T85/><D85/><U124/><E124/><V83/><F90/><W56/><G47/><T64/><D134/><U94/><E94/><V93/><F93/><W10/><G10/><RYUUKYOKU ba="0,0" sc="39,-15,304,15,368,-15,289,15" hai1="48,50,58,61" hai3="37,43,44,51,53,56,60,70,128,129" /><INIT seed="7,1,0,5,4,45" ten="24,319,353,304" oya="3" hai0="19,43,131,109,100,2,123,33,107,47,74,84,31" hai1="83,29,90,23,65,89,44,134,70,9,135,73,3" hai2="75,88,87,52,64,51,103,7,34,68,57,62,78" hai3="12,122,97,92,13,94,111,39,36,79,76,110,25"/><W54/><G122/><T53/><D19/><U120/><E120/><V61/><F34/><W125/><G25/><T40/><D53/><U1/><E70/><V98/><F7/><W112/><G54/><T50/><D84/><U106/><E106/><V5/><F5/><W132/><G97/><T93/><D50/><U56/><E65/><V116/><F116/><W42/><G42/><T24/><D93/><U117/><E117/><V63/><F78/><W67/><G67/><T21/><D21/><U96/><E56/><N who="2" m="36967" /><F75/><W4/><G4/><T129/><D47/><U119/><E119/><V17/><F68/><W102/><G102/><T108/><D24/><U28/><E96/><V10/><F98/><W58/><G58/><T16/><D2/><U38/><E3/><V104/><F104/><W59/><G59/><T115/><D74/><U32/><E32/><V0/><F0/><W114/><REACH who="3" step="1"/><G125/><REACH who="3" ten="24,319,353,294" step="2"/><T99/><D123/><U22/><E1/><V41/><F103/><W11/><G11/><T30/><D115/><U46/><E9/><V8/><F41/><W49/><G49/><T18/><D40/><U77/><E38/><V66/><F66/><W126/><G126/><T105/><D43/><U85/><E29/><V35/><F35/><W6/><G6/><T80/><D33/><U14/><E28/><V121/><F121/><W91/><G91/><T124/><D124/><U82/><E90/><V37/><F37/><W69/><G69/><T86/><D100/><U128/><E89/><V118/><F118/><W130/><G130/><T55/><D99/><U15/><E128/><RYUUKYOKU ba="1,1" sc="24,-10,319,-10,353,-10,294,30" hai3="12,13,36,39,76,79,92,94,110,111,112,114,132" /><INIT seed="7,2,1,2,4,46" ten="14,309,343,324" oya="3" hai0="76,126,64,25,75,73,96,13,27,10,97,23,114" hai1="55,65,34,36,105,50,115,132,37,107,94,110,66" hai2="100,42,58,80,28,91,128,26,102,3,4,90,52" hai3="56,16,19,117,57,123,125,77,67,29,95,54,49"/><W134/><G117/><T112/><D64/><U35/><E110/><V103/><F42/><W101/><G123/><T81/><D23/><U43/><E132/><V8/><F128/><W63/><G134/><T41/><D41/><U98/><E115/><V120/><F120/><W38/><G38/><T86/><D13/><U71/><E107/><V122/><F122/><W60/><G60/><T93/><D10/><U74/><E74/><V17/><F17/><N who="3" m="6731" /><G125/><T79/><D25/><U106/><E106/><V1/><F1/><W9/><G9/><T127/><D27/><U121/><E121/><V69/><F69/><W40/><G40/><T53/><D53/><U131/><E131/><V5/><F5/><W47/><G77/><T31/><D31/><U88/><E105/><V12/><F3/><W21/><G56/><T18/><D18/><U6/><E6/><V68/><F68/><W70/><G70/><T61/><D61/><N who="1" m="40367" /><E66/><V72/><F72/><W113/><G113/><T124/><D96/><U22/><E22/><N who="2" m="15447" /><F80/><W78/><G78/><T118/><D118/><U133/><E133/><V48/><AGARI ba="2,1" hai="4,8,12,48,52,58,90,91,100,102,103" m="15447" machi="48" ten="30,4000,0" yaku="8,1,52,1,54,1" doraHai="46" who="2" fromWho="2" sc="14,-12,309,-12,343,56,324,-22" owari="2,-50.0,297,-10.0,399,50.0,302,10.0" /></mjloggm>