<mjloggm ver="2.3"><GO type="97" lobby="0"/><UN n0="%E3%83%B4%E3%82%A3%E3%83%A9%E3%81%AE%E7%A5%9E" n1="%63%68%69%6E%75%35%30" n2="%E5%B0%B1%E6%B4%BB%E7%94%9F%40%E5%B7%9D%E6%9D%91%E8%BB%8D%E5%9B%A3" n3="%E2%98%86%E3%83%89%E3%83%8A%E3%83%AB%E3%83%89%E6%95%99%E5%BE%92%E2%98%86" dan="14,13,15,14" rate="2012.06,1911.73,1957.25,1887.28" sx="M,M,M,M"/><TAIKYOKU oya="0"/><INIT seed="0,0,0,5,1,13" ten="250,250,250,250" oya="0" hai0="51,65,90,50,87,85,57,32,132,133,101,4,74" hai1="108,71,28,77,110,6,124,9,31,66,58,134,96" hai2="98,130,107,95,2,5,127,20,91,30,42,92,93" hai3="82,114,128,34,61,120,86,17,79,48,18,88,39"/><T62/><D32/><U131/><E71/><V22/><F127/><W73/><G114/><T38/><D74/><U19/><E124/><V40/><F130/><W94/><G39/><T55/><D38/><U111/><E77/><V45/><F107/><W125/><G125/><T99/><D4/><U68/><E68/><V116/><F116/><W63/><G128/><T25/><D50/><U84/><E84/><V106/><F106/><W100/><G34/><T16/><D90/><U115/><E115/><V0/><F30/><W119/><G119/><T53/><D53/><U35/><E96/><V109/><F109/><W47/><G100/><T113/><D113/><U27/><E66/><V67/><F67/><W29/><G29/><N who="1" m="11338" /><E58/><V24/><F24/><W102/><G102/><T135/><D99/><U105/><E105/><V126/><F126/><W117/><G120/><T7/><D101/><U60/><E60/><N who="3" m="23114" /><G117/><T103/><D103/><U44/><E44/><V121/><F121/><W49/><G49/><T70/><REACH who="0" step="1"/><D7/><REACH who="0" ten="240,250,250,250" step="2"/><U15/><E131/><V36/><F5/><W112/><G112/><T69/><D69/><U56/><E35/><V12/><F45/><W11/><G73/><T3/><D3/><U76/><E76/><V118/><F118/><W1/><G1/><T122/><D122/><U46/><E134/><V78/><F2/><W123/><G123/><T80/><D80/><U52/><E6/><V43/><F0/><W83/><G82/><T23/><AGARI ba="0,1" hai="16,23,25,51,55,57,62,65,70,85,87,132,133,135" machi="23" ten="40,12000,1" yaku="1,1,0,1,20,1,52,1,54,1,53,0" doraHai="13" doraHaiUra="89" who="0" fromWho="0" sc="240,130,250,-40,250,-40,250,-40" /><INIT seed="0,1,0,3,3,108" ten="370,210,210,210" oya="0" hai0="30,106,71,38,40,20,12,14,113,122,65,7,134" hai1="115,2,8,90,36,130,124,110,67,44,25,120,92" hai2="10,75,127,101,88,42,60,55,68,45,76,61,87" hai3="26,93,54,34,86,15,91,81,59,125,56,62,109"/><T43/><D113/><U0/><E120/><V48/><F127/><W117/><G117/><T50/><D134/><U4/><E124/><V84/><F75/><W83/><G125/><T51/><D106/><U28/><E130/><V11/><F101/><W95/><G109/><T132/><D132/><U116/><E116/><V104/><F104/><W98/><G34/><T27/><D122/><U13/><E110/><V128/><F128/><W94/><G26/><T121/><D71/><U131/><E67/><V89/><F76/><W58/><G98/><T47/><D65/><U37/><E131/><V64/><F42/><W39/><G39/><T32/><D40/><U99/><E37/><V19/><F19/><W63/><G15/><T33/><D14/><U16/><E36/><V112/><F112/><W69/><G69/><T3/><D121/><U105/><E44/><V18/><F18/><W52/><G58/><T77/><D77/><U118/><E118/><V79/><F79/><W119/><G119/><T107/><D107/><U23/><E105/><V53/><F53/><W1/><G1/><T74/><D74/><U73/><E73/><V17/><F17/><W41/><G41/><T31/><D33/><N who="1" m="20623" /><E0/><V135/><F135/><W6/><G6/><T9/><D38/><U82/><E82/><AGARI ba="1,0" hai="52,54,56,59,62,63,81,82,83,86,91,93,94,95" machi="82" ten="40,5200,0" yaku="9,1,8,1,54,1" doraHai="108" who="3" fromWho="1" sc="370,0,210,-55,210,0,210,55" /><INIT seed="1,0,0,2,0,35" ten="370,155,210,265" oya="1" hai0="135,56,62,66,103,17,58,111,109,39,97,134,104" hai1="80,73,101,89,14,92,6,87,61,85,70,110,12" hai2="100,22,117,128,114,33,21,107,91,50,54,75,8" hai3="55,44,63,31,0,119,32,52,5,24,65,9,7"/><U2/><E110/><N who="0" m="41993" /><D39/><U96/><E73/><V36/><F33/><W20/><G119/><T74/><D74/><U57/><E70/><V28/><F36/><W13/><G44/><T106/><D17/><U38/><E38/><V19/><F75/><W49/><G49/><T37/><D37/><U108/><E108/><V86/><F117/><W77/><G7/><T115/><D115/><U29/><E29/><V30/><F128/><W121/><G77/><T124/><D124/><U15/><E87/><V102/><F107/><N who="0" m="41002" /><D58/><U122/><E122/><V67/><F67/><W18/><G121/><T82/><D82/><U3/><REACH who="1" step="1"/><E6/><REACH who="1" ten="370,145,210,265" step="2"/><V133/><F114/><W90/><G90/><T68/><D68/><AGARI ba="0,1" hai="0,5,9,13,18,20,24,31,32,52,55,63,65,68" machi="68" ten="30,8000,1" yaku="7,1,24,2,52,1,54,1" doraHai="35" who="3" fromWho="0" sc="370,-80,145,0,210,0,265,90" /><INIT seed="2,0,0,2,3,15" ten="290,145,210,355" oya="2" hai0="124,118,86,62,57,25,52,11,127,2,66,75,79" hai1="33,78,98,60,40,84,32,12,133,129,9,91,125" hai2="39,111,21,65,14,48,120,69,50,34,54,134,103" hai3="45,30,114,121,119,3,130,97,6,1,35,18,113"/><V95/><F34/><W10/><G119/><T71/><D75/><U128/><E40/><V101/><F39/><W24/><G121/><T131/><D131/><U49/><E60/><V67/><F120/><W8/><G97/><T7/><D25/><U0/><E49/><V26/><F69/><W100/><G100/><N who="2" m="38473" /><F134/><W115/><G45/><T93/><D118/><U61/><E61/><V19/><F111/><W20/><G130/><N who="1" m="50282" /><E78/><V46/><F95/><W87/><G87/><T116/><D116/><U70/><E70/><V96/><F96/><W110/><G110/><T43/><D43/><U90/><E0/><N who="3" m="74" /><G6/><T58/><D71/><U104/><E133/><V74/><F74/><W37/><G37/><T132/><D79/><U122/><E122/><V64/><F50/><W85/><G85/><T28/><D86/><U68/><E68/><V80/><F80/><W112/><N who="3" m="28672" /><DORA hai="106" /><W63/><G63/><T102/><D132/><U77/><E104/><V123/><F123/><W44/><G44/><T135/><D135/><U22/><E98/><V4/><F4/><W36/><G36/><T5/><D102/><U27/><E77/><V56/><F46/><W38/><G38/><T99/><D99/><U109/><E109/><V47/><F47/><W89/><G89/><N who="1" m="33802" /><E84/><V23/><F64/><W31/><G35/><T83/><D66/><U88/><N who="1" m="33810" /><U105/><DORA hai="72" /><E105/><V117/><F117/><W126/><G126/><T81/><D124/><U53/><E125/><V73/><F73/><W41/><G41/><T82/><D127/><U13/><E53/><V51/><F51/><RYUUKYOKU ba="0,0" sc="290,-15,145,-15,210,15,355,15" hai2="14,19,21,23,26,48,54,56,65,67" hai3="8,10,18,20,24,30,31" /><INIT seed="2,1,0,4,0,9" ten="275,130,225,370" oya="2" hai0="131,66,1,79,116,40,93,91,49,53,29,61,10" hai1="75,31,121,19,114,108,88,37,39,87,62,78,42" hai2="110,73,44,52,45,104,55,28,132,94,124,48,36" hai3="65,50,70,20,84,81,135,77,63,7,117,120,67"/><V32/><F104/><W60/><G120/><T23/><D79/><U125/><E31/><V119/><F119/><W92/><G117/><T8/><D131/><U17/><E114/><V106/><F106/><W25/><G135/><T82/><D40/><U105/><E105/><V134/><F73/><W129/><G129/><T43/><D43/><U115/><E115/><V83/><F124/><W71/><G7/><T5/><D82/><U95/><E121/><V122/><F122/><W68/><G50/><T118/><D10/><U113/><E113/><V58/><F110/><W80/><G80/><T128/><D23/><U59/><E125/><V101/><F83/><W90/><G71/><T46/><D29/><U112/><E112/><V127/><F127/><W24/><G20/><T96/><REACH who="0" step="1"/><D128/><REACH who="0" ten="265,130,225,370" step="2"/><U18/><E108/><V76/><F76/><W0/><G0/><T41/><D41/><U15/><E42/><V86/><F28/><W85/><AGARI ba="1,1" hai="24,25,60,63,65,67,68,70,77,81,84,85,90,92" machi="85" ten="20,2700,0" yaku="0,1,7,1,9,1" doraHai="9" who="3" fromWho="3" sc="265,-8,130,-8,225,-14,370,40" /><INIT seed="3,0,0,1,1,62" ten="257,122,211,410" oya="3" hai0="106,19,43,30,15,1,88,109,123,95,9,74,21" hai1="58,32,51,28,60,99,87,91,126,72,0,68,103" hai2="23,119,127,50,130,5,59,26,134,131,80,124,115" hai3="25,122,111,96,84,107,53,27,112,34,6,37,67"/><W22/><G112/><T31/><D106/><U97/><E0/><V100/><F100/><W36/><G122/><T11/><D74/><U24/><E72/><V47/><F119/><W57/><G111/><T102/><D102/><U73/><E73/><V40/><F5/><W16/><G6/><T104/><D104/><U117/><E117/><V78/><F115/><W63/><G84/><T108/><D43/><U113/><E113/><V93/><F93/><W45/><G34/><T110/><D123/><U82/><E126/><N who="2" m="48171" /><F80/><W90/><G27/><N who="0" m="14783" /><D1/><U7/><E7/><V105/><F105/><W12/><G37/><T44/><D44/><U85/><E85/><V116/><F78/><W92/><G107/><T64/><D64/><U121/><E121/><V133/><F59/><W20/><G36/><T35/><D35/><U41/><E68/><V56/><F56/><W39/><G39/><T76/><D76/><U33/><E33/><V18/><F116/><W94/><G94/><T77/><D77/><U83/><E83/><V42/><F42/><W65/><G45/><T75/><D75/><U89/><E89/><V120/><F120/><W66/><G22/><T49/><D88/><U54/><E103/><V38/><F38/><W135/><G12/><T14/><D95/><U69/><REACH who="1" step="1"/><E41/><REACH who="1" ten="257,112,211,410" step="2"/><V132/><AGARI ba="0,1" hai="18,23,26,40,47,50,130,131,132,133,134" m="48171" machi="132" ten="40,8000,1" yaku="30,2,20,1,18,1" doraHai="62" who="2" fromWho="2" sc="257,-20,112,-20,211,90,410,-40" owari="237,-16.0,92,-41.0,301,10.0,370,47.0" /></mjloggm>