<mjloggm ver="2.3"><GO type="193" lobby="0"/><UN n0="%E3%83%88%E3%83%88%E3%83%AA%E5%85%88%E7%94%9F%31%39%E6%AD%B3" n1="%E8%B5%A4%E3%81%84%E5%BD%97%E6%98%9F%E3%81%AE%E3%82%B7%E3%83%A3%E3%82%A2" n2="%E3%82%8A%E3%82%83%E3%82%93%E3%82%8A%E3%82%83%E3%82%93" n3="%74%65%6E%68%6F%75%31%32" dan="11,7,12,12" rate="1802.12,1714.51,1660.38,1741.25" sx="F,M,M,M"/><TAIKYOKU oya="0"/><INIT seed="0,0,0,3,4,2" ten="250,250,250,250" oya="0" hai0="86,99,104,62,12,25,56,108,39,118,74,97,9" hai1="112,113,131,7,48,59,68,64,20,73,117,43,103" hai2="29,132,94,121,52,38,77,19,24,123,95,54,109" hai3="27,79,4,106,0,11,126,58,21,120,65,93,75"/><T5/><D118/><U40/><E73/><V42/><F109/><W63/><G126/><T128/><D74/><U72/><E72/><V102/><F77/><W22/><G106/><T35/><D39/><U115/><E103/><V114/><F114/><W83/><G120/><T101/><D128/><U69/><E20/><V78/><F78/><W129/><G129/><T16/><D108/><U45/><E7/><V87/><F132/><W81/><G27/><T32/><D99/><U6/><E6/><V50/><F19/><W98/><REACH who="3" step="1"/><G83/><REACH who="3" ten="250,250,250,240" step="2"/><T130/><D130/><U111/><E131/><V134/><F121/><W124/><G124/><T110/><D110/><U60/><E111/><V26/><F123/><W3/><G3/><T135/><D135/><U71/><E117/><V127/><F134/><W37/><G37/><T125/><D125/><U33/><E33/><V55/><F127/><W76/><G76/><T13/><D25/><U51/><E51/><V82/><F24/><W89/><AGARI ba="0,1" hai="0,4,11,21,22,58,63,65,75,79,81,89,93,98" machi="89" ten="20,5200,0" yaku="1,1,0,1,7,1,52,1,53,0" doraHai="2" doraHaiUra="44" who="3" fromWho="3" sc="250,-26,250,-13,250,-13,240,62" /><INIT seed="1,0,0,2,5,69" ten="224,237,237,302" oya="1" hai0="85,115,133,32,86,93,29,91,14,74,54,82,84" hai1="34,24,36,118,80,60,1,81,45,73,111,104,41" hai2="96,114,98,47,42,117,113,59,27,87,89,49,64" hai3="125,53,122,79,63,66,126,110,94,35,13,106,132"/><U67/><E118/><V7/><F117/><W20/><G110/><T62/><D115/><N who="2" m="44042" /><F7/><W39/><G132/><T26/><D133/><U2/><E81/><N who="2" m="49391" /><F27/><W0/><G35/><T65/><D74/><U128/><E128/><V11/><F11/><W77/><G106/><T131/><D131/><U48/><E48/><V6/><F6/><W5/><G0/><T101/><D54/><U116/><E116/><V129/><F129/><W21/><G122/><T43/><D43/><U76/><E104/><V52/><F64/><W83/><G79/><T99/><REACH who="0" step="1"/><D14/><REACH who="0" ten="214,237,237,302" step="2"/><U130/><E130/><V31/><F31/><W57/><G13/><T8/><D8/><U88/><E111/><V55/><F55/><W112/><G53/><T4/><D4/><U50/><E50/><AGARI ba="0,1" hai="42,47,49,50,52,59,96,98" m="49391,44042" machi="50" ten="30,2000,0" yaku="11,1,54,1" doraHai="69" who="2" fromWho="1" sc="214,0,237,-20,237,30,302,0" /><INIT seed="2,0,0,3,2,126" ten="214,217,267,302" oya="2" hai0="44,46,94,130,34,92,77,131,78,89,116,124,52" hai1="23,118,108,60,70,26,110,68,121,43,90,133,63" hai2="123,25,2,82,88,111,100,4,64,32,91,15,55" hai3="65,61,96,50,113,59,47,48,129,117,62,35,7"/><V85/><F123/><W57/><G35/><T112/><D112/><U127/><E118/><V38/><F64/><W75/><G75/><T9/><D34/><U97/><E127/><V119/><F119/><W12/><G117/><T102/><D116/><U67/><E121/><V101/><F2/><W16/><G7/><T107/><D124/><U74/><E74/><V98/><F38/><W10/><G129/><N who="0" m="49163" /><D107/><U17/><E43/><V54/><F32/><W31/><G31/><T76/><D9/><U39/><E39/><V95/><F25/><W69/><G113/><T29/><D29/><U71/><E133/><V21/><F111/><N who="1" m="42537" /><E67/><V37/><F37/><W36/><G69/><N who="1" m="17666" /><U42/><DORA hai="20" /><E42/><V132/><F132/><W58/><G65/><T24/><D24/><U79/><E79/><V135/><F135/><W72/><G10/><T80/><D52/><N who="2" m="20010" /><F4/><W49/><G47/><N who="0" m="17963" /><D102/><U18/><E18/><AGARI ba="0,0" hai="15,18,21,82,85,88,91,95,98,100,101" m="20010" machi="18" ten="30,5800,0" yaku="8,1,54,2" doraHai="126,20" who="2" fromWho="1" sc="214,0,217,-58,267,58,302,0" /><INIT seed="2,1,0,4,3,38" ten="214,159,325,302" oya="2" hai0="66,82,24,56,101,42,127,51,39,52,9,111,58" hai1="37,8,108,63,78,83,11,68,55,107,33,119,18" hai2="48,114,69,120,91,7,27,25,90,89,81,4,47" hai3="116,118,60,26,79,88,96,41,104,98,14,1,93"/><V123/><F69/><W20/><G1/><T17/><D111/><U75/><E119/><V71/><F114/><W95/><G104/><T23/><D127/><U125/><E125/><V57/><F71/><W32/><G32/><T84/><D101/><U134/><E134/><V100/><F120/><W10/><G79/><T121/><D121/><U22/><E108/><V135/><F123/><W103/><G60/><N who="0" m="38167" /><D39/><U12/><E33/><V2/><F135/><W130/><G41/><T21/><D21/><U36/><E107/><V49/><F100/><W74/><G74/><T85/><D9/><U94/><E94/><V92/><F2/><W16/><REACH who="3" step="1"/><G130/><REACH who="3" ten="214,159,325,292" step="2"/><T129/><D129/><U53/><E37/><V110/><F110/><W102/><G102/><T73/><D73/><U115/><E36/><V5/><F81/><W124/><G124/><T19/><D82/><U31/><E115/><V44/><F92/><W80/><G80/><T70/><D70/><U67/><REACH who="1" step="1"/><E11/><REACH who="1" ten="214,149,325,292" step="2"/><V34/><F34/><W46/><G46/><N who="2" m="17449" /><F57/><W6/><AGARI ba="1,2" hai="6,10,14,16,20,26,88,93,95,96,98,103,116,118" machi="6" ten="20,8000,1" yaku="1,1,0,1,7,1,54,2,53,0" doraHai="38" doraHaiUra="133" who="3" fromWho="3" sc="214,-21,149,-21,325,-41,292,103" /><INIT seed="3,0,0,2,2,57" ten="193,128,284,395" oya="3" hai0="93,63,52,18,124,28,116,2,98,47,91,83,74" hai1="110,103,61,78,30,0,128,117,17,15,34,51,68" hai2="14,85,42,40,20,134,115,38,12,41,69,55,86" hai3="109,48,121,84,76,120,37,25,133,21,99,92,43"/><W70/><G70/><T3/><D116/><U94/><E110/><V79/><F115/><W127/><G37/><T89/><D124/><U125/><E78/><V62/><F134/><W118/><G76/><T59/><D28/><U29/><E117/><V95/><F38/><W7/><G84/><T82/><D74/><U5/><E103/><V67/><F79/><W131/><G92/><T105/><D105/><U102/><E102/><V13/><F55/><W10/><G99/><T87/><D82/><U101/><E101/><V56/><F69/><W60/><G43/><T80/><D80/><U66/><E51/><V130/><F130/><W58/><G48/><T100/><D100/><U50/><E50/><V49/><F49/><W119/><G118/><T22/><REACH who="0" step="1"/><D47/><REACH who="0" ten="183,128,284,395" step="2"/><U4/><E125/><V114/><F114/><W26/><G119/><T6/><D6/><U8/><E128/><V81/><F81/><W104/><G131/><T77/><D77/><U90/><E5/><V88/><F85/><W44/><G133/><T71/><D71/><U75/><E75/><V32/><F32/><W65/><G127/><T132/><D132/><U129/><E129/><V111/><F111/><W33/><G109/><T126/><D126/><U135/><E135/><V64/><F20/><W108/><G21/><T73/><D73/><U72/><E72/><V35/><F35/><W1/><G33/><T9/><D9/><U19/><E19/><V53/><AGARI ba="0,1" hai="12,13,14,40,41,42,53,56,62,64,67,86,88,95" machi="53" ten="30,7900,0" yaku="0,1,8,1,52,1,54,1" doraHai="57" who="2" fromWho="2" sc="183,-20,128,-20,284,89,395,-39" owari="163,-24.0,108,-39.0,373,47.0,356,16.0" /></mjloggm>