<mjloggm ver="2.3"><GO type="97" lobby="0"/><UN n0="%63%68%69%6E%75%35%30" n1="%6D%38%28%5E%6F%5E%29" n2="%41%6D%75%73%61%6D%61" n3="%E3%83%88%E3%83%88%E3%83%AA%E5%85%88%E7%94%9F%31%39%E6%AD%B3" dan="15,13,14,15" rate="1986.59,1962.33,1906.24,2053.65" sx="M,M,M,F"/><TAIKYOKU oya="0"/><INIT seed="0,0,0,0,3,26" ten="250,250,250,250" oya="0" hai0="117,66,38,37,123,29,80,102,108,68,113,133,73" hai1="18,85,79,105,45,5,81,107,24,94,92,55,30" hai2="103,3,9,10,48,87,64,4,130,11,78,90,126" hai3="59,67,16,44,71,65,51,39,76,27,60,52,34"/><T61/><D123/><U88/><E5/><V31/><F130/><W49/><G76/><T35/><D117/><U13/><E94/><V62/><F103/><W115/><G115/><T23/><D113/><U101/><E101/><V129/><F129/><W47/><G34/><T111/><D23/><U63/><E63/><V84/><F78/><W33/><G33/><T131/><D131/><U119/><E119/><V120/><F120/><W83/><G83/><T95/><D133/><U50/><E13/><V56/><F87/><W98/><G98/><T134/><D134/><U99/><E18/><V14/><F126/><W96/><G96/><T122/><D122/><U109/><REACH who="1" step="1"/><E109/><REACH who="1" ten="250,240,250,250" step="2"/><N who="0" m="42057" /><D95/><U43/><E43/><V15/><F4/><W77/><G16/><T54/><D102/><U89/><E89/><V69/><F3/><W22/><G77/><N who="0" m="44079" /><D54/><U17/><E17/><V82/><F15/><W72/><G52/><T106/><D106/><U20/><AGARI ba="0,1" hai="20,24,30,45,50,55,79,81,85,88,92,99,105,107" machi="20" ten="20,8000,1" yaku="1,1,0,1,7,1,52,1,54,1,53,0" doraHai="26" doraHaiUra="8" who="1" fromWho="1" sc="250,-40,240,90,250,-20,250,-20" /><INIT seed="1,0,0,3,2,69" ten="210,330,230,230" oya="1" hai0="85,125,51,94,34,86,22,95,130,92,68,88,54" hai1="53,41,97,112,16,39,76,56,72,71,32,36,28" hai2="103,128,100,120,105,47,89,59,15,90,116,7,45" hai3="65,31,124,84,67,115,129,63,38,73,55,117,79"/><U12/><E71/><V29/><F116/><W17/><G115/><T61/><D34/><U37/><E112/><V127/><F127/><W83/><G124/><T4/><D125/><U106/><E41/><V25/><F128/><W102/><G129/><T110/><D130/><U48/><E32/><V121/><F105/><W24/><G117/><T77/><D110/><U35/><E35/><V80/><F80/><W43/><G17/><T123/><D123/><U74/><E28/><V6/><F59/><W99/><G73/><T60/><D4/><U98/><E76/><V42/><F15/><W87/><G87/><T133/><D133/><U122/><E122/><V101/><F42/><W96/><G96/><T126/><D126/><U70/><E70/><V8/><F8/><W23/><G55/><T46/><D68/><U9/><REACH who="1" step="1"/><E98/><REACH who="1" ten="210,320,230,230" step="2"/><V82/><F121/><W132/><G132/><T50/><D77/><U135/><E135/><V20/><F120/><W3/><G43/><T44/><D22/><U111/><E111/><V93/><F20/><W62/><G99/><T2/><D2/><U114/><E114/><V64/><F29/><W19/><G3/><T52/><REACH who="0" step="1"/><D95/><REACH who="0" ten="200,320,230,230" step="2"/><U10/><E10/><V5/><F93/><W49/><G23/><T18/><D18/><U26/><E26/><V0/><F25/><W107/><G19/><T131/><D131/><U13/><E13/><V91/><F0/><W30/><G24/><T108/><D108/><U104/><E104/><V78/><F64/><W21/><G67/><T75/><D75/><AGARI ba="0,2" hai="5,6,7,45,47,75,78,82,89,90,91,100,101,103" machi="75" ten="50,3200,0" yaku="29,2" doraHai="69" who="2" fromWho="0" sc="200,-32,320,0,230,52,230,0" /><INIT seed="2,0,0,2,4,105" ten="168,320,282,230" oya="2" hai0="57,100,102,43,59,106,97,89,125,14,11,28,45" hai1="42,47,0,62,38,67,124,88,121,10,127,69,103" hai2="54,93,2,122,104,114,129,12,116,41,16,87,19" hai3="123,49,9,66,120,13,82,74,25,4,113,118,17"/><V20/><F122/><W46/><G118/><T94/><D102/><U63/><E121/><V8/><F104/><W79/><G113/><T86/><D28/><U40/><E103/><V131/><F116/><W68/><G68/><T34/><D34/><U1/><E10/><V119/><F119/><W76/><G66/><T52/><D125/><N who="1" m="48203" /><E42/><V56/><F2/><N who="1" m="1129" /><E63/><V130/><F41/><W65/><G65/><T61/><D59/><U72/><E88/><N who="2" m="53407" /><F114/><W96/><G96/><T77/><D77/><U37/><E72/><V133/><F133/><W112/><G112/><T58/><D58/><U73/><E73/><V80/><F80/><W27/><G76/><T35/><D35/><U60/><E60/><N who="2" m="35863" /><F20/><W99/><G99/><T26/><D26/><U108/><E108/><V51/><F51/><AGARI ba="0,0" hai="37,38,40,47,51,62,67,69" m="1129,48203" machi="51" ten="30,1000,0" yaku="18,1" doraHai="105" who="1" fromWho="2" sc="168,0,320,10,282,-10,230,0" /><INIT seed="3,0,0,4,4,106" ten="168,330,272,230" oya="3" hai0="27,11,22,81,80,104,50,17,118,12,124,32,86" hai1="8,69,55,120,4,77,88,29,135,96,107,30,131" hai2="49,67,119,5,13,0,31,61,57,43,64,33,18" hai3="98,85,128,71,97,56,100,125,103,66,60,37,76"/><W93/><G37/><T78/><D104/><U73/><E120/><V58/><F119/><W24/><G128/><T3/><D118/><U2/><E131/><V59/><F0/><W105/><G125/><T70/><D124/><U65/><E135/><V63/><F5/><W7/><G7/><T127/><D127/><U20/><E55/><V129/><F129/><W99/><G105/><T132/><D132/><U112/><E112/><V10/><F33/><W62/><G24/><T36/><D36/><U40/><E73/><V19/><F31/><W113/><G113/><T16/><D70/><U6/><E77/><V75/><F75/><W54/><G76/><T25/><D3/><U79/><E79/><V90/><F19/><W109/><G109/><T42/><D32/><U26/><E40/><V133/><F133/><W95/><G85/><T82/><REACH who="0" step="1"/><D27/><REACH who="0" ten="158,330,272,230" step="2"/><U53/><E26/><V38/><F38/><W35/><REACH who="3" step="1"/><G35/><REACH who="3" ten="158,330,272,220" step="2"/><T115/><D115/><U21/><E2/><V44/><F90/><W47/><G47/><AGARI ba="0,2" hai="11,12,16,17,22,25,42,47,50,78,80,81,82,86" machi="47" ten="40,5200,0" yaku="1,1,8,1,54,1,53,0" doraHai="106" doraHaiUra="92" who="0" fromWho="3" sc="158,72,330,0,272,0,220,-52" owari="230,-17.0,330,43.0,272,7.0,168,-33.0" /></mjloggm>