<mjloggm ver="2.3"><GO type="41" lobby="0"/><UN n0="%77%69%6E%63" n1="%E6%87%90%E3%81%8F%E5%AE%B6%E7%95%9C" n2="%E5%B0%B1%E6%B4%BB%E7%94%9F%40%E5%B7%9D%E6%9D%91%E8%BB%8D%E5%9B%A3" n3="%74%6F%6F%72%75%31%30%36" dan="14,14,15,14" rate="1897.11,1907.36,2099.76,1868.86" sx="M,M,M,M"/><TAIKYOKU oya="0"/><INIT seed="0,0,0,5,4,105" ten="250,250,250,250" oya="0" hai0="89,112,132,62,16,69,61,50,102,41,103,43,129" hai1="100,113,98,13,131,56,52,95,66,94,31,32,40" hai2="4,82,73,49,71,33,28,6,26,122,29,118,21" hai3="42,8,11,117,54,53,25,75,27,120,19,46,48"/><T101/><D112/><U76/><E113/><V104/><F122/><W58/><G75/><T36/><D36/><U128/><E40/><V1/><F71/><W51/><G117/><T45/><D43/><U88/><E66/><V24/><F104/><W119/><G119/><T83/><D69/><U15/><E76/><V14/><F1/><W121/><G54/><T74/><D132/><U34/><E13/><V20/><F118/><W5/><G19/><T55/><D41/><U115/><E115/><V39/><F39/><W65/><G65/><T38/><D38/><U63/><E15/><V9/><F49/><W87/><G87/><N who="0" m="50431" /><D74/><U96/><REACH who="1" step="1"/><E31/><REACH who="1" ten="250,240,250,250" step="2"/><V78/><REACH who="2" step="1"/><F33/><AGARI ba="0,1" hai="32,33,34,52,56,63,88,94,95,96,98,100,128,131" machi="33" ten="40,8000,1" yaku="1,1,2,1,54,2,53,0" doraHai="105" doraHaiUra="10" who="1" fromWho="2" sc="250,0,240,90,250,-80,250,0" /><INIT seed="1,0,0,1,1,102" ten="250,330,170,250" oya="1" hai0="50,77,126,110,125,76,64,80,16,8,113,116,60" hai1="115,107,111,100,112,97,114,0,95,18,84,134,37" hai2="133,117,86,41,51,36,9,38,121,128,14,33,119" hai3="123,3,59,78,28,99,104,22,69,31,118,101,57"/><U106/><E0/><V46/><F33/><W83/><G118/><T70/><D116/><U26/><E37/><V42/><F121/><W71/><G3/><T120/><D113/><U130/><E18/><V30/><F128/><W11/><G123/><T13/><D120/><U48/><E48/><V127/><F133/><W32/><G32/><T79/><D50/><U73/><E26/><V89/><F127/><W44/><G44/><T12/><D110/><U132/><E130/><V61/><F30/><W7/><G69/><T92/><D92/><U27/><E27/><V20/><F20/><W29/><G22/><T74/><REACH who="0" step="1"/><D12/><REACH who="0" ten="240,330,170,250" step="2"/><U17/><E111/><V91/><F119/><W40/><G71/><T108/><D108/><U25/><E73/><V34/><F117/><W35/><G35/><T109/><D109/><U94/><E25/><V105/><F105/><N who="1" m="39945" /><E17/><V10/><F51/><W87/><G40/><T23/><D23/><U90/><AGARI ba="0,1" hai="84,90,94,95,97,100,112,114,115,132,134" m="39945" machi="90" ten="40,12000,1" yaku="34,2,52,3" doraHai="102" who="1" fromWho="1" sc="240,-40,330,130,170,-40,250,-40" /><INIT seed="1,1,0,1,5,43" ten="200,460,130,210" oya="1" hai0="130,68,69,134,50,112,39,128,86,64,118,120,97" hai1="7,72,29,37,127,81,75,91,17,4,94,78,26" hai2="27,79,28,6,2,133,15,114,117,99,46,116,25" hai3="10,19,113,82,103,23,47,11,121,102,126,104,100"/><U51/><E37/><V124/><F2/><W84/><G121/><T108/><D39/><U5/><E127/><V87/><F124/><W30/><G126/><T24/><D118/><U135/><E135/><V131/><F133/><W96/><G113/><T107/><D134/><U73/><E17/><V90/><F131/><W16/><G30/><T18/><D112/><U14/><E14/><V42/><F114/><W85/><G85/><T67/><D86/><U109/><E109/><V70/><F70/><W54/><G19/><T119/><D119/><U132/><E132/><V93/><F116/><W55/><G104/><T45/><D69/><U57/><E57/><V76/><F117/><W1/><G96/><T13/><D68/><U92/><E51/><N who="2" m="27095" /><F28/><W88/><G1/><T129/><D24/><N who="2" m="9290" /><F99/><W31/><G31/><T38/><D120/><U89/><E29/><V83/><F93/><N who="1" m="35945" /><E26/><V12/><F12/><N who="3" m="9607" /><G55/><N who="0" m="30159" /><D38/><U65/><E65/><V62/><F62/><W48/><AGARI ba="1,0" hai="10,11,47,48,54,82,84,88,100,102,103" m="9607" machi="48" ten="30,7900,0" yaku="8,1,52,1,54,2" doraHai="43" who="3" fromWho="3" sc="200,-21,460,-40,130,-21,210,82" /><INIT seed="2,0,0,2,5,107" ten="179,420,109,292" oya="2" hai0="4,32,38,50,49,103,101,17,8,59,79,20,55" hai1="47,42,29,65,52,97,69,9,41,99,2,13,43" hai2="67,11,31,33,88,57,122,3,135,94,35,113,78" hai3="112,95,74,87,89,10,6,16,115,40,96,125,105"/><V22/><F122/><W114/><G40/><T91/><D38/><U76/><E2/><V132/><F113/><W72/><G125/><T83/><D32/><U14/><E29/><V70/><F70/><W71/><G71/><T119/><D91/><U100/><E65/><V98/><F3/><N who="3" m="351" /><G16/><T116/><D50/><N who="1" m="28767" /><E69/><V111/><F11/><W129/><G129/><T106/><D106/><U5/><E76/><V24/><F78/><W109/><G109/><T130/><D130/><U19/><E100/><AGARI ba="0,0" hai="72,74,87,89,95,96,100,105,112,114,115" m="351" machi="100" ten="30,3900,0" yaku="11,1,52,2" doraHai="107" who="3" fromWho="1" sc="179,0,420,-39,109,0,292,39" /><INIT seed="3,0,0,0,4,90" ten="179,381,109,331" oya="3" hai0="41,38,124,30,34,68,0,37,105,123,67,100,93" hai1="21,44,59,19,119,63,126,133,48,20,75,64,128" hai2="60,135,36,46,94,125,98,13,118,17,16,4,108" hai3="28,18,3,110,132,115,47,12,70,129,10,83,101"/><W2/><G101/><T120/><D0/><U79/><E119/><V80/><F118/><W91/><G83/><T117/><D117/><U8/><E126/><V127/><F108/><W27/><G91/><T24/><D124/><N who="2" m="47690" /><F135/><W56/><G70/><T40/><D93/><U107/><E107/><V58/><F80/><W96/><G96/><T99/><D41/><U103/><E133/><V9/><F46/><W89/><G47/><T53/><D53/><U104/><E128/><V112/><F36/><W50/><G50/><T72/><D72/><U134/><E75/><V106/><F106/><W5/><G89/><T65/><D67/><U130/><E134/><V97/><F97/><W35/><G56/><T77/><D77/><U121/><E130/><V61/><F112/><W114/><G129/><T73/><D73/><U116/><E79/><V102/><F60/><W45/><G45/><T52/><D52/><AGARI ba="0,0" hai="4,9,13,16,17,52,58,61,94,98,102" m="47690" machi="52" ten="30,7700,0" yaku="18,1,52,1,54,2" doraHai="90" who="2" fromWho="0" sc="179,-77,381,0,109,77,331,0" /><INIT seed="4,0,0,0,0,134" ten="102,381,186,331" oya="0" hai0="56,17,116,44,87,102,106,28,104,132,57,90,123" hai1="36,14,0,122,30,135,29,118,109,24,69,12,1" hai2="53,11,42,19,111,107,83,67,127,68,60,20,50" hai3="89,23,103,84,7,26,117,96,119,61,98,49,97"/><T34/><D123/><U129/><E69/><V105/><F127/><W46/><G7/><T133/><D116/><U40/><E36/><V75/><F111/><W81/><G61/><T108/><D108/><U73/><E73/><V52/><F42/><W80/><G119/><T37/><D17/><U128/><E40/><V95/><F11/><W121/><G117/><T85/><D102/><U74/><E74/><V131/><F131/><N who="1" m="50249" /><E118/><V125/><F125/><W101/><G121/><T62/><D87/><U110/><E122/><V94/><F75/><W3/><G3/><N who="1" m="1098" /><E135/><N who="0" m="51785" /><D56/><U6/><E30/><V66/><F83/><W35/><G35/><T120/><D120/><U8/><E14/><V65/><F105/><W91/><G80/><N who="0" m="49447" /><D37/><U2/><E12/><N who="2" m="9319" /><F68/><W10/><G10/><T43/><D44/><U9/><E9/><V124/><F124/><W31/><G91/><T51/><D43/><AGARI ba="0,0" hai="23,26,31,43,46,49,81,84,89,96,97,98,101,103" machi="43" ten="40,1300,0" yaku="8,1" doraHai="134" who="3" fromWho="0" sc="102,-13,381,0,186,0,331,13" /><INIT seed="5,0,0,1,1,132" ten="89,381,186,344" oya="1" hai0="41,16,34,35,131,74,101,57,127,10,56,65,119" hai1="37,25,76,60,13,97,1,124,109,100,75,9,63" hai2="24,14,30,22,116,125,59,115,32,85,126,81,48" hai3="80,122,12,133,43,49,102,51,29,129,118,11,40"/><U58/><E37/><V103/><F116/><W0/><G133/><T44/><D74/><U33/><E1/><V90/><F115/><W67/><G122/><T135/><D119/><U61/><E109/><V70/><F70/><W94/><G118/><T26/><D135/><U72/><E76/><V96/><F14/><W55/><G129/><T121/><D121/><U84/><E84/><V47/><F59/><W73/><G29/><T36/><D131/><U20/><E33/><V99/><F32/><W15/><G67/><T120/><D120/><U105/><E58/><V18/><F30/><W3/><G73/><T68/><D101/><U83/><E83/><V4/><F4/><W107/><G107/><T64/><D68/><U89/><E89/><V79/><F79/><W123/><G123/><T108/><D108/><U98/><E98/><V17/><F17/><W95/><G102/><T82/><D82/><U27/><E27/><V5/><F5/><W38/><G38/><T78/><D78/><U6/><REACH who="1" step="1"/><E124/><REACH who="1" ten="89,371,186,344" step="2"/><N who="2" m="47723" /><F103/><W91/><G0/><T134/><D127/><U8/><E8/><V39/><F39/><W46/><G3/><T54/><D134/><U2/><E2/><V7/><F7/><W69/><G69/><T104/><D57/><U62/><N who="1" m="15872" /><DORA hai="23" /><U113/><E113/><V50/><F50/><W42/><G51/><T112/><D112/><U93/><E93/><N who="3" m="35338" /><G11/><T130/><D104/><U88/><E88/><V66/><F66/><W128/><G128/><T28/><D130/><U19/><AGARI ba="0,1" hai="6,9,13,19,20,25,72,75,97,100,105" m="15872" machi="19" ten="40,7800,0" yaku="1,1,0,1,52,1,53,0" doraHai="132,23" doraHaiUra="53,86" who="1" fromWho="1" sc="89,-26,371,88,186,-26,344,-26" /><INIT seed="5,1,0,2,5,31" ten="63,459,160,318" oya="1" hai0="74,87,96,102,28,92,118,29,48,55,63,15,86" hai1="22,42,99,9,3,53,81,130,71,73,85,91,21" hai2="33,14,124,70,75,18,100,12,113,127,105,61,65" hai3="36,132,88,72,24,103,122,131,52,90,30,41,115"/><U25/><E71/><V94/><F75/><W76/><G122/><T128/><D74/><U32/><E130/><V101/><F105/><W23/><G131/><T10/><D118/><U82/><E42/><V121/><F121/><W17/><G132/><T37/><D37/><U0/><E0/><V62/><F33/><W84/><G115/><T133/><D128/><U93/><E73/><V60/><F113/><W51/><G103/><N who="2" m="39497" /><F94/><W8/><G41/><T1/><D1/><U80/><E3/><V104/><F104/><W134/><G36/><T89/><D133/><U59/><E9/><N who="2" m="6415" /><F14/><N who="3" m="7367" /><G72/><T98/><D86/><U45/><E45/><V69/><F65/><W50/><G134/><T68/><D98/><U112/><E112/><V64/><F64/><W26/><G26/><T49/><D68/><U83/><E32/><V20/><F20/><W123/><G123/><T95/><D63/><N who="1" m="36335" /><E25/><V129/><F129/><W56/><G51/><T117/><D49/><U5/><E5/><V58/><F58/><W111/><G111/><T4/><REACH who="0" step="1"/><D117/><REACH who="0" ten="53,459,160,318" step="2"/><U57/><E85/><V54/><F54/><W35/><G35/><T47/><AGARI ba="1,1" hai="4,10,15,28,29,47,48,55,87,89,92,95,96,102" machi="47" ten="20,8000,1" yaku="1,1,2,1,0,1,7,1,8,1,53,0" doraHai="31" doraHaiUra="34" who="0" fromWho="0" sc="53,93,459,-41,160,-21,318,-21" /><INIT seed="6,0,0,4,4,122" ten="146,418,139,297" oya="2" hai0="127,1,51,34,86,90,38,42,108,68,72,37,50" hai1="17,78,53,102,117,55,52,105,5,81,60,19,115" hai2="88,107,121,48,98,112,126,12,71,135,104,18,56" hai3="41,58,43,3,134,28,103,22,114,123,62,11,27"/><V73/><F121/><W133/><G123/><T64/><D72/><U125/><E117/><V0/><F0/><W2/><G114/><T74/><D74/><U25/><E115/><V132/><F73/><W32/><G103/><T13/><D34/><U61/><E125/><V23/><F71/><W46/><G32/><T4/><D1/><N who="3" m="9" /><G11/><T15/><D127/><U110/><E5/><V109/><F126/><W80/><G80/><T9/><D50/><U87/><E102/><V119/><F119/><W26/><G26/><T111/><D38/><U92/><E105/><V36/><F36/><W8/><G8/><T59/><D37/><U14/><E92/><N who="2" m="56583" /><F112/><W100/><G46/><T101/><D68/><U67/><E67/><V54/><F109/><W65/><G100/><T69/><D101/><U91/><E110/><V93/><F93/><W57/><G57/><T129/><D69/><U29/><E78/><V49/><F49/><W31/><G31/><T79/><D79/><U20/><REACH who="1" step="1"/><E19/><REACH who="1" ten="146,408,139,297" step="2"/><V7/><F7/><W95/><G95/><T10/><D64/><U116/><E116/><V75/><F75/><W97/><G97/><T89/><D90/><U118/><E118/><V99/><F99/><W120/><G120/><T24/><D129/><U66/><E66/><V33/><F107/><W39/><G39/><T131/><D131/><U106/><E106/><V76/><F104/><W30/><G30/><T113/><D113/><U35/><AGARI ba="0,1" hai="14,17,20,25,29,35,52,53,55,60,61,81,87,91" machi="35" ten="30,4000,0" yaku="1,1,0,1,54,1,53,0" doraHai="122" doraHaiUra="96" who="1" fromWho="1" sc="146,-10,408,50,139,-20,297,-10" /><INIT seed="7,0,0,4,0,14" ten="136,458,119,287" oya="3" hai0="26,1,13,28,110,77,41,122,73,125,23,38,85" hai1="46,9,56,16,3,17,24,19,8,80,104,6,135" hai2="45,121,103,97,36,107,57,117,68,20,128,67,88" hai3="18,115,74,112,69,12,99,106,49,120,113,10,114"/><W87/><N who="3" m="29184" /><DORA hai="102" /><W60/><G120/><T29/><D122/><U53/><E135/><V78/><F117/><W31/><G31/><T83/><D110/><U119/><E119/><V37/><F78/><W98/><G74/><T59/><D1/><U96/><E8/><V43/><F121/><W5/><G87/><T58/><D125/><U134/><E134/><V65/><F128/><W64/><G49/><T27/><D73/><U47/><E24/><V50/><F20/><N who="3" m="11335" /><G106/><T100/><D41/><U61/><E80/><V25/><F25/><W130/><G130/><T94/><D38/><U108/><E108/><V84/><F68/><W76/><G76/><T95/><D13/><AGARI ba="0,0" hai="5,10,13,60,64,69,98,99" m="11335,29184" machi="13" ten="60,5800,0" yaku="15,1,52,1" doraHai="14,102" who="3" fromWho="0" sc="136,-58,458,0,119,0,287,58" /><INIT seed="7,1,0,4,2,45" ten="78,458,119,345" oya="3" hai0="70,46,61,68,105,103,132,36,89,9,90,5,91" hai1="3,133,119,65,96,4,19,75,128,86,134,77,106" hai2="83,112,114,118,16,13,94,76,14,74,24,67,99" hai3="73,25,6,37,80,110,69,101,47,109,63,71,10"/><W51/><G101/><T17/><D17/><U30/><E119/><V130/><F118/><W121/><G121/><T82/><D132/><N who="1" m="50795" /><E75/><V108/><F108/><N who="3" m="41579" /><G37/><T85/><D61/><U11/><E128/><V79/><F79/><N who="3" m="44143" /><G63/><T111/><D111/><U21/><E65/><V59/><F130/><W34/><G34/><T42/><D103/><N who="1" m="62823" /><E30/><V50/><F67/><W48/><G25/><T92/><D105/><U123/><E123/><V135/><F24/><W97/><G97/><T100/><D100/><U127/><E127/><V115/><F135/><W20/><G20/><T117/><D117/><U40/><E40/><V18/><F99/><W113/><G113/><T12/><D92/><U98/><E98/><V15/><F94/><W58/><G58/><T28/><D28/><U84/><E77/><V55/><AGARI ba="1,0" hai="13,14,15,16,18,50,55,59,74,76,83,112,114,115" machi="55" ten="40,8000,1" yaku="0,1,15,1,52,1,54,1" doraHai="45" who="2" fromWho="2" sc="78,-21,458,-21,119,83,345,-41" owari="57,-44.0,437,54.0,202,-20.0,304,10.0" /></mjloggm>