<mjloggm ver="2.3"><GO type="169" lobby="0"/><UN n0="%E3%82%B7%E3%83%AB%E3%83%93%E3%82%A3" n1="%E3%82%81%E3%83%BC%E3%81%A8" n2="%E3%82%A6%E3%83%AB%E3%83%88%E3%83%A9%E7%AB%8B%E7%9B%B4" n3="%E6%88%B8%E6%84%9A%E5%91%82%E3%83%BB%E5%A7%89" dan="18,16,16,16" rate="2230.93,2065.37,2116.78,2067.48" sx="F,M,M,M"/><TAIKYOKU oya="0"/><INIT seed="0,0,0,2,1,54" ten="250,250,250,250" oya="0" hai0="95,106,74,52,89,3,34,28,69,64,45,36,81" hai1="100,98,77,86,60,129,107,114,87,116,37,97,61" hai2="62,55,48,44,119,115,120,56,63,50,21,51,8" hai3="20,103,26,9,123,32,49,25,108,1,23,12,110"/><T99/><D3/><U42/><E116/><V102/><F119/><W10/><G103/><T80/><D106/><U35/><E35/><V134/><F115/><W4/><G49/><T57/><D74/><U33/><E33/><V124/><F120/><W90/><G90/><T11/><D11/><U0/><E0/><V118/><F118/><W96/><G96/><T85/><D69/><U113/><E129/><V78/><F124/><W59/><G59/><T109/><D64/><U94/><E42/><V39/><F134/><W47/><G47/><T2/><D2/><U70/><E37/><V68/><F102/><W84/><G84/><T24/><D109/><N who="3" m="42089" /><G123/><T75/><D75/><U19/><E19/><V79/><F39/><W41/><G41/><T88/><D36/><U127/><E127/><V5/><F44/><W112/><G112/><N who="1" m="43114" /><E70/><V7/><F68/><W93/><G93/><T117/><D45/><U66/><E66/><V128/><F63/><N who="1" m="24137" /><E77/><V82/><F79/><W53/><G53/><T6/><D117/><U121/><E121/><V67/><F67/><W91/><G91/><AGARI ba="0,0" hai="86,87,91,94,97,98,100,107" m="24137,43114" machi="91" ten="30,1000,0" yaku="11,1" doraHai="54" who="1" fromWho="3" sc="250,0,250,10,250,0,250,-10" /><INIT seed="1,0,0,5,0,10" ten="250,260,250,240" oya="1" hai0="89,12,109,128,93,27,8,57,118,126,44,54,95" hai1="121,43,135,90,5,83,28,102,60,55,132,94,73" hai2="18,80,15,36,99,88,104,3,92,82,77,131,38" hai3="20,24,56,35,7,87,53,134,101,91,64,133,46"/><U120/><E43/><V130/><F3/><W23/><G101/><T33/><D118/><U40/><E40/><V114/><F104/><W62/><G7/><T111/><D126/><U68/><E28/><V74/><F82/><W105/><G105/><T45/><D128/><U16/><E5/><V26/><F26/><W17/><G35/><T2/><D2/><U85/><E68/><V72/><F72/><W9/><G9/><T70/><D70/><U81/><E60/><V115/><F38/><W96/><G96/><T51/><D27/><U34/><E34/><V19/><F36/><W1/><G1/><T49/><D33/><U113/><E55/><V59/><F59/><W76/><G76/><T122/><D122/><U29/><E29/><V22/><REACH who="2" step="1"/><F19/><REACH who="2" ten="250,260,240,240" step="2"/><W66/><G17/><N who="0" m="8327" /><D57/><U31/><E16/><V32/><F32/><W86/><G24/><T84/><D111/><U21/><E73/><V65/><F65/><W124/><G66/><T123/><D109/><U30/><E30/><V37/><F37/><W78/><G64/><T6/><D123/><U42/><E120/><V106/><F106/><W98/><G56/><T48/><D6/><U0/><E0/><V13/><F13/><W71/><G71/><T107/><D107/><U58/><E58/><V108/><F108/><W25/><G25/><T112/><D112/><AGARI ba="0,1" hai="15,18,22,74,77,80,88,92,99,112,114,115,130,131" machi="112" ten="40,12000,2" yaku="1,1,11,1,52,1,54,1,53,2" doraHai="10" doraHaiUra="125" who="2" fromWho="0" sc="250,-120,260,0,240,130,240,0" /><INIT seed="2,0,0,1,1,65" ten="130,260,370,240" oya="2" hai0="113,79,131,118,106,53,128,16,77,123,64,115,69" hai1="111,13,120,45,48,89,34,50,68,12,23,26,129" hai2="47,100,84,78,92,67,127,0,80,2,73,44,95" hai3="61,56,41,96,52,105,99,22,37,8,46,3,51"/><V25/><F127/><W75/><G75/><T101/><D123/><U90/><E34/><V63/><F2/><W110/><G110/><T5/><D5/><U81/><E111/><V42/><F0/><W35/><G35/><T83/><D118/><U74/><E129/><N who="0" m="49737" /><D53/><U70/><E120/><V102/><F25/><W87/><G105/><T91/><D91/><U103/><E103/><V54/><F54/><W59/><G87/><N who="0" m="48623" /><D79/><U97/><E74/><V107/><F47/><W58/><G22/><T88/><D106/><U30/><E50/><V134/><F134/><W19/><G59/><T119/><D101/><U125/><E125/><V29/><F29/><W72/><G72/><T104/><D104/><U33/><E90/><V133/><F133/><W60/><G37/><T38/><D38/><U32/><E32/><V62/><F107/><W40/><G40/><T66/><D119/><U135/><E135/><V57/><F63/><W85/><G85/><T20/><D88/><U4/><E4/><V122/><F122/><W17/><G3/><T24/><D69/><U11/><E81/><V117/><F117/><W109/><G109/><T94/><D94/><N who="2" m="35882" /><F73/><W71/><G71/><T98/><D98/><N who="3" m="37417" /><G8/><T1/><D1/><U15/><E97/><V130/><F130/><W126/><G126/><T9/><D9/><U108/><E108/><V27/><F27/><W76/><G76/><T86/><D86/><U55/><E89/><V49/><AGARI ba="0,0" hai="42,44,49,57,62,67,78,80,84,100,102" m="35882" machi="49" ten="30,1500,0" yaku="8,1" doraHai="65" who="2" fromWho="2" sc="130,-5,260,-5,370,15,240,-5" /><INIT seed="2,1,0,5,3,48" ten="125,255,385,235" oya="2" hai0="59,96,111,124,65,40,71,38,31,43,64,81,126" hai1="80,84,89,2,131,102,112,100,130,119,77,41,1" hai2="117,45,123,135,8,16,29,55,134,67,51,70,86" hai3="127,52,35,69,98,133,116,108,101,54,58,132,125"/><V7/><F123/><W39/><G108/><T42/><D31/><U83/><E41/><V34/><F117/><W61/><G116/><T106/><D81/><U75/><E119/><V10/><F86/><W115/><G115/><T46/><D96/><U28/><E28/><V33/><F67/><N who="3" m="39351" /><G35/><T13/><D13/><U104/><E112/><V3/><F70/><W129/><G69/><T37/><D106/><U90/><E1/><V19/><F29/><W6/><G39/><N who="0" m="14859" /><D111/><U103/><E2/><V57/><F57/><W121/><G129/><N who="1" m="49162" /><E90/><V20/><F10/><W18/><G6/><T26/><D26/><U0/><E0/><V97/><F97/><AGARI ba="1,0" hai="75,77,80,83,84,89,97,100,102,103,104" m="49162" machi="97" ten="30,3900,0" yaku="19,1,34,2" doraHai="48" who="1" fromWho="2" sc="125,0,255,42,385,-42,235,0" /><INIT seed="3,0,0,0,0,23" ten="125,297,343,235" oya="3" hai0="6,118,104,135,28,37,36,73,121,100,98,43,126" hai1="8,113,124,122,27,42,50,0,125,78,53,115,76" hai2="32,75,81,60,120,48,95,49,2,92,132,58,97" hai3="22,1,33,107,14,45,110,99,9,12,67,13,38"/><W46/><G33/><T123/><D118/><U129/><E42/><V131/><F2/><W15/><G1/><T56/><D135/><U101/><E122/><V119/><F119/><W16/><G110/><T7/><D126/><N who="1" m="48747" /><E101/><V24/><F131/><W3/><G3/><T4/><D73/><U103/><E103/><V29/><F132/><W105/><G67/><T89/><D89/><U35/><E129/><V96/><F120/><W51/><G99/><T83/><D83/><U87/><E87/><V69/><F69/><W55/><REACH who="3" step="1"/><G9/><REACH who="3" ten="125,297,343,225" step="2"/><T44/><D121/><U134/><E8/><V59/><F32/><W21/><G21/><T64/><D123/><U61/><E0/><V130/><F97/><W74/><G74/><T70/><D70/><U11/><E134/><V94/><F96/><W85/><G85/><T127/><D127/><U102/><E11/><V68/><F75/><W108/><G108/><T86/><D86/><U17/><E35/><V71/><F130/><W20/><G20/><T116/><D116/><U80/><E115/><V91/><F71/><W93/><G93/><T41/><D64/><U5/><E113/><V128/><F68/><W62/><G62/><T19/><D98/><U18/><E61/><V111/><F60/><W57/><G57/><N who="2" m="21513" /><F111/><W34/><G34/><T30/><D100/><U65/><E102/><V82/><F128/><W133/><G133/><T90/><D56/><U106/><E65/><V72/><F72/><W10/><G10/><T109/><D109/><U77/><E80/><N who="2" m="30827" /><F91/><W47/><G47/><N who="0" m="23975" /><D90/><U88/><E88/><V84/><F84/><RYUUKYOKU ba="0,1" sc="125,-15,297,-15,343,15,225,15" hai2="24,29,48,49,92,94,95" hai3="12,13,14,15,16,22,38,45,46,51,55,105,107" /><INIT seed="3,1,1,5,2,98" ten="110,282,358,240" oya="3" hai0="11,39,51,48,109,19,129,43,74,57,120,47,3" hai1="68,101,6,121,88,89,71,91,20,62,53,73,76" hai2="103,21,30,112,81,134,65,119,85,42,29,92,94" hai3="13,117,80,25,35,110,104,132,126,59,93,50,78"/><W75/><G117/><T115/><D120/><U133/><E121/><V52/><F112/><W38/><G104/><T102/><D115/><U45/><E6/><V46/><F119/><W44/><G126/><T72/><D109/><U82/><E133/><V131/><F134/><W124/><G124/><T40/><D129/><U41/><E101/><V107/><F131/><W24/><G132/><T66/><D102/><U23/><E53/><V31/><F65/><W2/><G2/><T9/><D39/><U86/><E86/><V4/><F4/><W56/><G38/><T16/><D66/><U95/><E95/><V5/><F5/><W26/><G35/><T96/><D96/><U122/><E122/><V22/><F42/><W12/><G93/><T18/><D3/><U127/><E127/><V37/><F37/><W108/><G56/><T106/><D57/><U135/><E135/><V114/><F114/><W69/><G59/><T58/><D58/><U8/><E8/><N who="0" m="3145" /><D47/><U97/><E97/><N who="2" m="59815" /><F94/><W67/><G67/><T17/><N who="0" m="4096" /><DORA hai="0" /><T7/><D7/><U54/><E54/><V28/><N who="2" m="7168" /><DORA hai="99" /><V32/><F32/><W125/><G69/><T116/><D116/><U128/><E128/><V130/><F107/><W49/><G125/><T113/><D106/><U79/><E71/><V111/><F111/><N who="3" m="42539" /><G49/><N who="0" m="19019" /><D113/><U61/><E68/><V36/><F36/><W1/><G1/><T10/><N who="0" m="3153" /><T64/><DORA hai="105" /><D64/><U14/><E45/><V60/><F130/><W87/><G87/><T70/><D70/><U100/><E23/><V118/><F85/><W123/><G123/><RYUUKYOKU ba="1,1" sc="110,15,282,-15,358,-15,240,15" hai0="40,43,72,74" hai3="12,13,24,25,26,44,50,75,78,80" /><INIT seed="3,2,1,1,2,48" ten="125,267,343,255" oya="3" hai0="67,129,110,59,27,90,68,102,105,47,74,83,16" hai1="5,70,100,119,112,127,35,18,93,106,71,23,50" hai2="128,91,57,34,111,96,95,22,58,30,45,113,75" hai3="126,109,81,49,135,14,10,97,132,84,94,11,103"/><W115/><G115/><T12/><D68/><U63/><E112/><V33/><F113/><W98/><G126/><T65/><D110/><U116/><E35/><V107/><F75/><W41/><G98/><T46/><D129/><U54/><E106/><V99/><F111/><W85/><G109/><T0/><D0/><U61/><E5/><V121/><F128/><W89/><G85/><N who="0" m="50495" /><D74/><U3/><E3/><V125/><F125/><W77/><G103/><T117/><D105/><U120/><E120/><V40/><F34/><W9/><G41/><T2/><D2/><U53/><E127/><V44/><F33/><W6/><G49/><T8/><D102/><U114/><E114/><V130/><F130/><W20/><G20/><T80/><D80/><U51/><E93/><N who="2" m="56383" /><F40/><W21/><G21/><N who="0" m="13735" /><D117/><N who="1" m="45131" /><E100/><V62/><F107/><W131/><G131/><T7/><D67/><U133/><E133/><AGARI ba="2,1" hai="6,9,10,11,14,77,81,84,89,94,97,132,133,135" machi="133" ten="40,2000,0" yaku="20,1" doraHai="48" who="3" fromWho="1" sc="125,0,267,-26,343,0,255,36" /><INIT seed="3,3,0,0,4,56" ten="125,241,343,291" oya="3" hai0="126,19,71,100,61,105,86,15,120,48,39,28,72" hai1="34,31,78,89,110,25,106,67,109,123,131,17,12" hai2="51,26,107,33,87,130,13,91,76,60,104,135,125" hai3="46,53,59,0,133,102,80,83,63,113,70,121,108"/><W44/><G113/><T62/><D120/><U74/><E106/><V75/><F125/><W9/><G121/><T92/><D39/><U85/><E123/><V14/><F130/><W6/><G133/><T49/><D72/><U90/><E131/><V7/><F135/><W42/><G108/><N who="1" m="41578" /><E74/><V93/><F51/><W68/><G102/><T16/><D126/><U82/><E67/><V116/><F116/><W1/><G1/><T124/><D124/><U99/><E99/><V118/><F118/><W94/><G94/><T64/><D28/><U101/><E101/><V111/><F111/><W55/><G55/><T21/><D62/><U32/><E32/><V22/><F33/><W81/><REACH who="3" step="1"/><G46/><REACH who="3" ten="125,241,343,281" step="2"/><T23/><D105/><U24/><E24/><V69/><F26/><W112/><G112/><T30/><D30/><U88/><E78/><V38/><F76/><W29/><G29/><T40/><D40/><U95/><E95/><V66/><F93/><W65/><G65/><T2/><D2/><U77/><E77/><V132/><F66/><W4/><G4/><T50/><D100/><U41/><E41/><V115/><F7/><W127/><G127/><T3/><D3/><U128/><E128/><V20/><F115/><W96/><G96/><T103/><D103/><U97/><E97/><V18/><F107/><W11/><G11/><AGARI ba="3,1" hai="11,12,17,25,31,34,82,85,88,89,90" m="41578" machi="11" ten="30,2000,0" yaku="14,1,54,1" doraHai="56" who="1" fromWho="3" sc="125,0,241,39,343,0,281,-29" /><INIT seed="4,0,0,4,1,109" ten="125,280,343,252" oya="0" hai0="113,93,60,55,48,96,92,128,42,47,114,105,20" hai1="38,118,40,115,45,9,21,85,18,107,135,0,62" hai2="56,104,54,80,19,12,77,28,133,110,53,79,120" hai3="16,100,51,125,131,126,43,29,50,46,111,71,75"/><T61/><D128/><U15/><E107/><V124/><F110/><W119/><G111/><T68/><D105/><U24/><E118/><V14/><F120/><W30/><G119/><T106/><D106/><U39/><E135/><V76/><F104/><W65/><G131/><T27/><D92/><U132/><E132/><V73/><F133/><W94/><G75/><T99/><D99/><U11/><E62/><V91/><F28/><W57/><G71/><T134/><D134/><U121/><E121/><V83/><F124/><N who="3" m="47723" /><G16/><N who="0" m="12679" /><D68/><U129/><E129/><V90/><F77/><W69/><G69/><T64/><D64/><U49/><E0/><V97/><F97/><N who="3" m="59447" /><G65/><T7/><D7/><U67/><E67/><V127/><F127/><W123/><G123/><T31/><D31/><U87/><E11/><V66/><F66/><W3/><G3/><T112/><D42/><U63/><E9/><V122/><F122/><W108/><G108/><T4/><D4/><U86/><E24/><V81/><F81/><W6/><G6/><T72/><D72/><U59/><E39/><V74/><F19/><W37/><G37/><T13/><D13/><U52/><E38/><V78/><F12/><W58/><G29/><T25/><D25/><U101/><E101/><AGARI ba="0,0" hai="47,48,55,60,61,93,96,101,112,113,114" m="12679" machi="101" ten="30,12000,1" yaku="15,1,52,3,54,1" doraHai="109" who="0" fromWho="1" sc="125,120,280,-120,343,0,252,0" /><INIT seed="4,1,0,3,1,6" ten="245,160,343,252" oya="0" hai0="25,70,107,71,109,72,40,41,16,76,88,122,47" hai1="133,112,45,29,36,31,10,69,27,9,75,54,108" hai2="97,116,39,14,12,65,100,93,18,38,60,58,68" hai3="55,99,43,59,98,121,46,129,49,34,77,87,78"/><T51/><D122/><U91/><E75/><V113/><F113/><W124/><G124/><T105/><D40/><U44/><E108/><V33/><F33/><W67/><G129/><T42/><D42/><U89/><E69/><V131/><F131/><W132/><G132/><T0/><D0/><U90/><E133/><V106/><F116/><W101/><G34/><T80/><D109/><U64/><E64/><V30/><F30/><N who="1" m="11273" /><E36/><V20/><F106/><W110/><G110/><T50/><D50/><N who="1" m="28999" /><E112/><V56/><F68/><W57/><G121/><T126/><D126/><U4/><E4/><V1/><F1/><W85/><G67/><T130/><D130/><U114/><E114/><V81/><F81/><N who="3" m="47279" /><G101/><T82/><D107/><U26/><E45/><V66/><F14/><W74/><G74/><T15/><D105/><U95/><E95/><V118/><F118/><W7/><G7/><T61/><D25/><AGARI ba="1,0" hai="9,10,25,26,27,89,90,91" m="28999,11273" machi="25" ten="30,3900,0" yaku="8,1,52,2" doraHai="6" who="1" fromWho="0" sc="245,-42,160,42,343,0,252,0" /><INIT seed="5,0,0,4,0,117" ten="203,202,343,252" oya="1" hai0="33,58,97,101,67,54,74,109,73,25,107,46,4" hai1="91,119,55,100,9,7,50,40,92,1,134,133,13" hai2="116,123,19,128,95,26,23,99,86,42,70,29,11" hai3="53,36,71,105,57,56,75,34,30,69,39,24,41"/><U49/><E119/><V43/><F70/><N who="3" m="26635" /><G56/><T135/><D109/><U108/><E100/><V63/><F116/><W8/><G53/><T120/><D46/><N who="1" m="25799" /><E1/><V45/><F123/><W64/><G57/><T79/><D67/><U21/><E108/><V52/><F128/><W118/><G64/><T90/><D90/><U10/><E133/><V6/><F86/><W38/><G118/><T32/><D135/><U127/><E127/><V14/><F29/><W89/><G89/><T68/><D68/><U83/><E83/><V121/><F121/><W35/><G8/><T96/><D120/><U130/><E130/><V93/><F93/><W87/><G87/><T106/><D4/><U51/><E134/><V110/><F110/><W62/><G75/><T77/><D58/><N who="1" m="33143" /><E51/><N who="2" m="28783" /><F63/><W112/><G62/><T48/><D54/><U28/><E10/><V27/><F27/><N who="3" m="18783" /><G41/><T81/><D48/><U124/><E124/><V0/><F0/><W47/><G105/><T18/><D25/><N who="1" m="16431" /><E92/><V78/><F78/><W16/><G35/><T94/><D94/><U5/><E91/><AGARI ba="0,0" hai="6,11,14,19,23,26,42,43,91,95,99" m="28783" machi="91" ten="30,2000,0" yaku="8,1,54,1" doraHai="117" who="2" fromWho="1" sc="203,0,202,-20,343,20,252,0" /><INIT seed="6,0,0,3,2,135" ten="203,182,363,252" oya="2" hai0="21,19,41,36,42,100,84,85,15,78,125,24,37" hai1="111,129,52,118,5,43,69,66,18,119,47,10,76" hai2="1,29,116,124,11,30,89,50,7,71,27,120,33" hai3="99,9,131,79,40,93,94,56,81,127,67,104,82"/><V115/><F71/><W59/><G131/><T91/><D100/><U35/><E111/><V65/><F65/><W117/><G117/><T38/><D125/><U97/><E129/><V110/><F124/><W64/><G127/><T49/><D78/><U103/><E76/><V28/><F116/><W108/><G108/><T61/><D61/><U8/><E35/><V98/><F110/><W112/><G112/><T109/><D109/><U31/><E31/><N who="2" m="11851" /><F50/><W46/><G104/><T80/><D85/><U132/><E132/><V90/><F98/><W123/><G123/><T2/><D2/><U3/><E66/><V4/><F90/><W102/><G99/><T54/><REACH who="0" step="1"/><D24/><REACH who="0" ten="193,182,363,252" step="2"/><U17/><E3/><V128/><F128/><W26/><G102/><T20/><D20/><U105/><E8/><V57/><F27/><W63/><G26/><T25/><D25/><U101/><E101/><V114/><F11/><W121/><G9/><T86/><D86/><U88/><E118/><V23/><F1/><W134/><G79/><T96/><D96/><U92/><E119/><V133/><F23/><W6/><G134/><T113/><D113/><U73/><E73/><V22/><F133/><W45/><G63/><T77/><D77/><U87/><E69/><V72/><F22/><W107/><G107/><T126/><D126/><U106/><E106/><V48/><F115/><W14/><G67/><T32/><D32/><U13/><REACH who="1" step="1"/><E52/><REACH who="1" ten="193,172,363,252" step="2"/><N who="2" m="31879" /><F33/><W44/><G64/><T62/><D62/><U0/><E0/><V68/><F114/><W122/><G40/><T39/><N who="0" m="9216" /><DORA hai="130" /><T74/><D74/><RYUUKYOKU ba="0,2" sc="193,15,172,15,363,-15,252,-15" hai0="15,19,21,41,42,49,54,80,84,91" hai1="5,10,13,17,18,43,47,87,88,92,97,103,105" /><INIT seed="7,1,2,3,4,16" ten="208,187,348,237" oya="3" hai0="70,61,114,118,62,102,65,92,130,110,85,119,127" hai1="34,72,40,21,120,91,52,132,69,79,67,41,44" hai2="81,60,24,33,78,121,82,35,76,11,112,10,6" hai3="64,90,39,129,43,63,133,47,66,68,59,45,73"/><W80/><G129/><T32/><D110/><U0/><E34/><V77/><F24/><W15/><G133/><T9/><D32/><U55/><E120/><V12/><F35/><W23/><G47/><T84/><D130/><U125/><E132/><V42/><F33/><W124/><G124/><T38/><D38/><U128/><E128/><V134/><F134/><W107/><G107/><T17/><D127/><U86/><E125/><V5/><F112/><W93/><G80/><T19/><D114/><U48/><E0/><V3/><F121/><W109/><G73/><T111/><D111/><U25/><E72/><V113/><F113/><W108/><G66/><T123/><D123/><U131/><E79/><V106/><F106/><W13/><G68/><T94/><D9/><U99/><E99/><V20/><F20/><W103/><G103/><T101/><D65/><U97/><E97/><V89/><F89/><W1/><G1/><T27/><D27/><U57/><E131/><V117/><F117/><W31/><G15/><T105/><D105/><U4/><E4/><V7/><F7/><W75/><G75/><T135/><D135/><U18/><E67/><V104/><F104/><W58/><G13/><T30/><D70/><U87/><E69/><V115/><F115/><W126/><G126/><T14/><D14/><U22/><E22/><V53/><F42/><N who="1" m="16489" /><E91/><V95/><F3/><W8/><G90/><T36/><D36/><U50/><AGARI ba="1,2" hai="18,21,25,44,48,50,52,55,57,86,87" m="16489" machi="50" ten="30,4000,0" yaku="8,1,52,1,54,1" doraHai="16" who="1" fromWho="1" sc="208,-11,187,63,348,-11,237,-21" owari="197,-30.0,250,5.0,337,43.0,216,-18.0" /></mjloggm>