<mjloggm ver="2.3"><GO type="193" lobby="0"/><UN n0="%4C%69%61%6D%2E%47" n1="%E3%83%88%E3%83%88%E3%83%AA%E5%85%88%E7%94%9F%31%39%E6%AD%B3" n2="%E3%83%AD%E3%83%BC%E3%82%BA%E3%83%90%E3%83%88%E3%83%A9%E3%83%BC" n3="%53%54%50%41%52%41%54%45" dan="12,10,13,12" rate="1634.34,1870.83,1761.73,1613.91" sx="M,F,F,M"/><TAIKYOKU oya="0"/><INIT seed="0,0,0,2,2,113" ten="250,250,250,250" oya="0" hai0="25,41,14,56,103,46,84,62,7,76,116,33,99" hai1="39,92,20,69,130,110,34,106,9,61,65,109,72" hai2="70,108,127,87,10,49,101,88,95,43,91,12,37" hai3="6,129,19,128,48,121,134,125,23,32,50,132,85"/><T79/><D116/><U52/><E34/><V24/><F70/><W124/><G32/><T42/><D42/><U8/><E106/><V17/><F37/><W90/><G121/><T117/><D76/><U68/><E39/><V78/><F108/><N who="1" m="41577" /><E72/><V4/><F127/><N who="3" m="48715" /><G6/><T16/><D33/><U96/><E130/><N who="3" m="50282" /><G23/><T71/><D7/><U104/><E104/><V67/><F67/><W51/><G19/><T97/><D71/><U30/><E68/><V13/><F24/><W0/><G0/><T31/><D117/><U29/><E52/><V100/><F91/><W77/><G77/><T111/><D111/><U45/><E45/><N who="2" m="25791" /><F100/><W21/><G21/><N who="0" m="15791" /><D103/><N who="1" m="60807" /><E20/><N who="2" m="11311" /><F101/><W36/><G36/><T22/><D79/><AGARI ba="0,0" hai="4,10,12,78,79,87,88,95" m="11311,25791" machi="79" ten="30,2000,0" yaku="8,1,54,1" doraHai="113" who="2" fromWho="0" sc="250,-20,250,0,250,20,250,0" /><INIT seed="1,0,0,5,4,73" ten="230,250,270,250" oya="1" hai0="55,3,126,98,92,56,103,131,133,85,129,32,100" hai1="10,81,123,119,8,99,34,17,93,59,79,28,125" hai2="90,16,113,77,89,128,4,41,76,49,5,87,121" hai3="18,88,62,112,40,13,37,12,83,72,36,116,27"/><U117/><E123/><V132/><F121/><W52/><G112/><T45/><D3/><U53/><E125/><V42/><F132/><W50/><G116/><T120/><D32/><U68/><E68/><V39/><F39/><W78/><G27/><T104/><D45/><U84/><E28/><V1/><F1/><W106/><G40/><N who="2" m="15465" /><F128/><N who="0" m="49226" /><D120/><U46/><E34/><V33/><F33/><W95/><G106/><T114/><D114/><U2/><E46/><V71/><F71/><W122/><G62/><N who="0" m="36127" /><D85/><U0/><E0/><V67/><F113/><W60/><G60/><T80/><D80/><U75/><E75/><V70/><F70/><W58/><G122/><T43/><D43/><U48/><E2/><V19/><F67/><W115/><G115/><T91/><D133/><U127/><E127/><V9/><F49/><W63/><G63/><T69/><D69/><U54/><E54/><V108/><F108/><W96/><REACH who="3" step="1"/><G13/><REACH who="3" ten="230,250,270,240" step="2"/><T11/><D126/><U29/><E117/><V107/><F107/><W130/><G130/><T23/><D104/><U109/><E119/><V26/><F26/><W64/><G64/><T7/><D23/><AGARI ba="0,1" hai="12,18,23,36,37,50,52,58,72,78,83,88,95,96" machi="23" ten="30,8000,1" yaku="1,1,7,1,52,1,54,2,53,0" doraHai="73" doraHaiUra="30" who="3" fromWho="0" sc="230,-80,250,0,270,0,240,90" /><INIT seed="2,0,0,5,5,125" ten="150,250,270,330" oya="2" hai0="105,14,110,130,82,79,59,57,23,99,75,69,2" hai1="49,11,22,58,131,128,65,61,132,83,107,21,29" hai2="97,90,9,41,112,43,73,119,60,52,108,106,104" hai3="116,134,50,68,54,85,89,24,78,7,66,1,35"/><V51/><F119/><W98/><G116/><T126/><D69/><U55/><E107/><V46/><F112/><W91/><G134/><T36/><D2/><U133/><E83/><V48/><F73/><W77/><G68/><T135/><D36/><U86/><E86/><V76/><F76/><W44/><G66/><T63/><D135/><N who="1" m="51787" /><E11/><V20/><F106/><W16/><G7/><T80/><D80/><U25/><E21/><V33/><F33/><W45/><G1/><T123/><D123/><U3/><E3/><V92/><F104/><W64/><G64/><T101/><D126/><U34/><E34/><V37/><F60/><W122/><G122/><T102/><D102/><U114/><E114/><V120/><F41/><W121/><G121/><T96/><D96/><U94/><E94/><V62/><F37/><W5/><G5/><T70/><D70/><AGARI ba="0,0" hai="22,25,29,49,55,58,61,65,70,128,131" m="51787" machi="70" ten="30,3900,0" yaku="20,1,52,2" doraHai="125" who="1" fromWho="0" sc="150,-39,250,39,270,0,330,0" /><INIT seed="3,0,0,3,3,52" ten="111,289,270,330" oya="3" hai0="84,28,132,77,58,26,42,96,108,8,69,100,87" hai1="54,134,106,6,12,4,57,112,61,66,50,39,7" hai2="22,71,9,43,93,63,101,76,115,110,126,33,41" hai3="15,10,38,74,62,24,46,56,34,123,13,129,18"/><W30/><G123/><T37/><D37/><U97/><E112/><V135/><F115/><W124/><G129/><T95/><D77/><U88/><E39/><V0/><F33/><W114/><G124/><T109/><D69/><U113/><E113/><V29/><F126/><W65/><G114/><T48/><D8/><U125/><E125/><V133/><F110/><W131/><G131/><T70/><D42/><U68/><E134/><N who="2" m="51211" /><F76/><W78/><G78/><T79/><D70/><U118/><E118/><V75/><F75/><W60/><G74/><T127/><D132/><U11/><REACH who="1" step="1"/><E106/><REACH who="1" ten="111,279,270,330" step="2"/><V92/><F29/><W40/><G15/><T80/><D127/><U102/><E102/><V94/><F101/><W105/><G105/><T119/><D119/><U90/><E90/><V3/><F22/><W44/><G38/><T128/><D128/><U120/><E120/><V98/><F98/><W47/><G40/><N who="2" m="15433" /><F9/><W2/><G2/><T86/><D28/><U103/><E103/><V104/><F104/><W32/><G32/><T51/><D26/><U82/><E82/><V73/><F73/><W85/><G85/><T36/><D36/><U81/><E81/><V99/><F99/><W55/><REACH who="3" step="1"/><G65/><AGARI ba="0,1" hai="0,3,63,65,71,92,93,94" m="15433,51211" machi="65" ten="40,1300,0" yaku="20,1" doraHai="52" who="2" fromWho="3" sc="111,0,279,0,270,23,330,-13" owari="111,-39.0,279,-12.0,293,9.0,317,42.0" /></mjloggm>