<mjloggm ver="2.3"><GO type="97" lobby="0"/><UN n0="%E7%B4%84%E6%9D%9F%E3%81%AE%E6%97%A5" n1="%E5%B0%B1%E6%B4%BB%E7%94%9F%40%E5%B7%9D%E6%9D%91%E8%BB%8D%E5%9B%A3" n2="%E7%97%A9%E8%BA%AB%E3%81%AE%E9%9B%80%E5%A3%AB" n3="%E3%82%84%E3%81%8D%E3%81%AB%E3%81%8F" dan="15,14,14,14" rate="2043.72,2003.39,1983.84,1912.60" sx="M,M,M,M"/><TAIKYOKU oya="0"/><INIT seed="0,0,0,1,1,87" ten="250,250,250,250" oya="0" hai0="74,59,129,83,30,94,19,53,104,2,122,71,7" hai1="49,40,110,41,65,106,6,118,24,43,4,50,36" hai2="109,81,14,99,16,103,0,121,80,38,17,28,124" hai3="84,67,64,37,68,75,47,52,112,133,126,72,114"/><T21/><D122/><U125/><E106/><V88/><F121/><W44/><G84/><T73/><D71/><U123/><E36/><V8/><F124/><W15/><G15/><T85/><D104/><U116/><E123/><V31/><F38/><W89/><G37/><T128/><D30/><N who="2" m="11306" /><F0/><W86/><G86/><T111/><D111/><U105/><E105/><V18/><F109/><W82/><G82/><N who="2" m="31849" /><F103/><W97/><G97/><T32/><D94/><AGARI ba="0,0" hai="8,14,16,17,18,88,94,99" m="31849,11306" machi="94" ten="30,7700,0" yaku="8,1,52,1,54,2" doraHai="87" who="2" fromWho="0" sc="250,-77,250,0,250,77,250,0" /><INIT seed="1,0,0,0,4,69" ten="173,250,327,250" oya="1" hai0="104,77,110,83,85,19,50,23,54,49,117,0,96" hai1="114,26,120,108,98,20,75,129,91,118,34,18,16" hai2="65,116,44,97,121,86,22,6,107,94,122,55,109" hai3="134,37,9,73,46,24,132,25,36,56,62,119,33"/><U40/><E75/><V10/><F116/><W81/><G73/><T68/><D0/><U99/><E120/><V131/><F109/><W124/><G119/><T76/><D68/><U29/><E118/><V52/><F131/><W95/><G124/><T53/><D117/><U63/><E114/><V8/><F65/><W2/><G81/><T113/><D113/><U92/><E129/><V31/><F107/><W135/><G46/><T27/><D110/><U93/><E108/><V17/><F86/><W42/><G42/><T84/><D104/><U128/><E128/><V127/><F127/><W30/><G95/><T101/><D96/><U3/><E3/><V58/><F44/><W28/><G9/><T115/><D101/><U67/><E40/><V14/><F55/><N who="3" m="34079" /><G2/><T130/><D130/><U123/><E123/><V57/><F57/><W78/><G78/><T74/><D115/><U45/><E45/><V38/><F38/><W102/><G102/><T106/><D106/><U90/><REACH who="1" step="1"/><E34/><AGARI ba="0,0" hai="24,25,28,30,33,34,36,37,132,134,135" m="34079" machi="34" ten="30,3900,0" yaku="20,1,52,2" doraHai="69" who="3" fromWho="1" sc="173,0,250,-39,327,0,250,39" /><INIT seed="2,0,0,3,4,0" ten="173,211,327,289" oya="2" hai0="101,63,18,105,73,108,32,124,66,3,97,4,37" hai1="25,59,90,35,111,118,117,39,84,133,113,72,70" hai2="114,48,11,91,57,50,89,103,71,26,6,24,22" hai3="5,44,82,58,1,2,110,40,88,98,33,87,41"/><V29/><F114/><W130/><G33/><T99/><D97/><U9/><E70/><V85/><F71/><W83/><G110/><T100/><D100/><U69/><E69/><V7/><F103/><W102/><G130/><T107/><D107/><U76/><E39/><V123/><F11/><W19/><G19/><T15/><D37/><U28/><E113/><V54/><F123/><W42/><G58/><T115/><D115/><U122/><E122/><V61/><F26/><W52/><G52/><T96/><D96/><U46/><E111/><V104/><F104/><W14/><G14/><T86/><D73/><U30/><E133/><V127/><F127/><W109/><G83/><T56/><D124/><U60/><E30/><V116/><F116/><W134/><G134/><T80/><D108/><U31/><E31/><V38/><F38/><W81/><G81/><T20/><D32/><U10/><E76/><V132/><F132/><W131/><G131/><T93/><D105/><U13/><E72/><V92/><F91/><W34/><G34/><T8/><D3/><U43/><E117/><V75/><F75/><W125/><G1/><T135/><D135/><U68/><E68/><V49/><AGARI ba="0,0" hai="6,7,22,24,29,48,49,50,54,57,61,85,89,92" machi="49" ten="30,11700,0" yaku="0,1,8,1,52,2" doraHai="0" who="2" fromWho="2" sc="173,-39,211,-39,327,117,289,-39" /><INIT seed="2,1,0,0,5,16" ten="134,172,444,250" oya="2" hai0="37,30,87,84,127,100,85,28,96,48,122,78,0" hai1="25,45,76,9,125,27,102,105,131,64,60,6,52" hai2="41,22,12,110,72,103,124,56,5,77,121,116,90" hai3="11,44,26,119,86,69,123,18,61,134,58,129,115"/><V101/><F116/><W38/><G119/><T99/><D122/><U91/><E125/><V50/><F121/><W51/><G123/><T104/><D0/><U108/><E131/><V133/><F124/><W93/><G129/><T62/><D37/><U113/><E113/><V71/><F71/><W128/><G11/><T39/><D39/><U63/><E108/><V94/><F133/><W23/><G134/><T118/><D127/><U111/><E76/><V120/><F110/><W20/><G69/><T66/><D96/><U42/><E111/><V80/><F120/><W95/><G38/><T49/><D78/><U1/><E91/><V32/><F32/><W2/><G2/><T74/><D74/><U7/><E7/><V14/><F14/><N who="3" m="9303" /><G86/><T17/><D118/><U98/><E60/><V112/><F112/><W70/><G70/><T53/><D66/><U24/><E42/><V31/><F31/><N who="3" m="17887" /><G115/><T33/><D33/><U10/><E10/><V4/><F103/><W46/><G46/><T54/><D62/><U79/><E79/><V75/><F101/><W59/><G59/><T34/><D34/><U65/><E63/><V68/><F75/><W3/><G3/><T83/><D83/><U107/><E107/><V55/><F68/><W36/><G36/><T109/><D109/><U89/><E89/><V82/><F82/><W97/><G97/><T19/><D49/><U43/><E43/><V47/><F47/><W40/><G128/><T35/><D48/><N who="1" m="28687" /><E1/><V114/><F41/><W21/><G40/><T132/><D132/><U13/><E105/><V106/><F106/><RYUUKYOKU ba="1,0" sc="134,-10,172,30,444,-10,250,-10" hai1="6,9,13,24,25,27,64,65,98,102" /><INIT seed="3,2,0,4,5,49" ten="124,202,434,240" oya="3" hai0="68,65,130,46,107,48,71,38,10,43,27,125,23" hai1="44,22,133,92,67,33,12,121,26,112,3,93,77" hai2="50,14,103,5,83,119,122,41,17,84,91,11,100" hai3="105,60,115,124,98,32,0,120,37,64,123,34,109"/><W94/><G94/><T78/><D107/><U104/><E3/><V21/><F119/><W99/><G99/><T116/><D78/><U59/><E104/><V87/><F122/><W75/><G60/><T1/><D116/><U51/><E121/><V66/><F66/><W39/><G98/><T117/><D117/><U90/><E112/><V15/><F84/><W28/><G64/><T118/><D118/><U70/><E133/><V102/><F50/><W6/><G105/><T25/><D10/><U9/><E33/><V20/><F41/><W128/><G115/><T69/><D1/><U57/><E77/><V19/><F5/><W61/><G61/><T79/><D79/><U81/><E81/><V132/><F132/><W74/><G6/><T63/><D27/><U55/><E70/><V30/><F11/><W80/><G0/><T58/><D130/><U62/><E90/><V106/><F106/><W114/><G114/><T97/><D97/><U52/><E12/><V24/><F30/><W47/><G28/><T45/><D23/><U127/><E9/><V29/><F29/><W101/><G80/><T108/><D25/><AGARI ba="2,0" hai="14,15,17,19,20,21,24,25,83,87,91,100,102,103" machi="25" ten="40,2600,0" yaku="9,1,8,1" doraHai="49" who="2" fromWho="0" sc="124,-32,202,0,434,32,240,0" owari="92,-41.0,202,-20.0,466,57.0,240,4.0" /></mjloggm>