<mjloggm ver="2.3"><GO type="169" lobby="0"/><UN n0="%E7%89%8C%E7%A5%9E" n1="%E3%82%A2%E3%82%AB%E3%82%AE%EF%BC%A0%E5%B7%9D%E6%9D%91%E8%BB%8D%E5%9B%A3" n2="%E3%83%88%E3%83%88%E3%83%AA%E5%85%88%E7%94%9F%31%39%E6%AD%B3" n3="%49%63%68%69%6B%61%77%61" dan="16,16,18,16" rate="2068.53,2148.56,2182.40,2045.95" sx="M,M,F,M"/><TAIKYOKU oya="0"/><INIT seed="0,0,0,2,3,73" ten="250,250,250,250" oya="0" hai0="3,20,51,48,22,110,123,56,125,132,85,104,62" hai1="60,71,43,90,29,103,135,49,134,46,52,105,10" hai2="44,96,31,1,98,18,107,113,12,91,93,115,2" hai3="84,54,9,64,92,122,70,35,32,116,124,97,129"/><T27/><D123/><U68/><E29/><V67/><F67/><W37/><G116/><T0/><D104/><U17/><E90/><V26/><F44/><W11/><G37/><T61/><D125/><U41/><E103/><V106/><F113/><W57/><G35/><T74/><D74/><U82/><E105/><V5/><F115/><W34/><G34/><T133/><D85/><U59/><E82/><V14/><F14/><W78/><G32/><T109/><D56/><U79/><E79/><V40/><F40/><N who="1" m="15433" /><E17/><V108/><F108/><W128/><G124/><T127/><D127/><U13/><E13/><V39/><F39/><W72/><G72/><T83/><D83/><U65/><E10/><V131/><F131/><N who="3" m="50251" /><G64/><T121/><D121/><U87/><E87/><V95/><F2/><W102/><G70/><AGARI ba="0,0" hai="46,49,52,59,60,65,68,70,71,134,135" m="15433" machi="70" ten="30,3900,0" yaku="34,2,54,1" doraHai="73" who="1" fromWho="3" sc="250,0,250,39,250,0,250,-39" /><INIT seed="1,0,0,1,4,71" ten="250,289,250,211" oya="1" hai0="70,113,61,68,73,87,46,124,20,98,3,58,30" hai1="52,55,75,17,106,26,102,63,59,12,94,32,24" hai2="64,65,97,134,25,13,78,48,22,66,109,125,10" hai3="33,9,82,54,103,118,6,122,126,42,19,117,84"/><U8/><E75/><V128/><F109/><W43/><G122/><T79/><D73/><U41/><E106/><V92/><F125/><W14/><G33/><T105/><D3/><U86/><E41/><V77/><F128/><W130/><G130/><T21/><D46/><U132/><E132/><V91/><F134/><W29/><G29/><T89/><D79/><U135/><E135/><V2/><F2/><W129/><G129/><T104/><D113/><U39/><E39/><V5/><REACH who="2" step="1"/><F48/><REACH who="2" ten="250,289,240,211" step="2"/><W110/><G110/><T101/><D124/><U31/><E26/><V119/><F119/><W23/><G126/><T100/><D61/><U51/><E51/><V4/><F4/><W74/><G118/><T112/><D112/><U115/><E115/><V111/><F111/><W120/><G117/><T38/><D38/><U44/><E24/><V35/><F35/><W69/><G120/><T95/><D105/><U81/><E32/><V7/><F7/><W116/><G6/><T108/><D108/><U18/><E63/><V83/><F83/><W47/><G82/><T85/><D104/><U56/><E81/><V37/><F37/><W123/><G116/><T0/><D0/><U88/><E12/><V131/><F131/><W1/><G14/><T90/><D95/><U40/><E94/><V45/><F45/><W67/><G47/><T15/><D15/><U93/><E44/><V80/><F80/><W16/><G1/><T50/><D50/><U96/><E93/><V36/><F36/><W99/><G123/><T60/><D60/><U53/><E8/><V27/><F27/><RYUUKYOKU ba="0,1" sc="250,-10,289,-10,240,30,211,-10" hai2="5,10,13,22,25,64,65,66,77,78,91,92,97" /><INIT seed="2,1,1,1,3,75" ten="240,279,270,201" oya="2" hai0="118,2,46,35,87,15,68,110,73,80,129,93,85" hai1="43,50,33,88,8,99,105,21,17,13,54,39,22" hai2="124,62,130,42,3,120,66,77,90,48,36,25,84" hai3="123,67,70,26,1,28,47,128,34,86,41,6,119"/><V49/><F120/><W102/><G123/><T89/><D2/><U44/><E33/><V19/><F3/><W9/><G119/><T63/><D35/><U108/><E108/><V38/><F130/><W111/><G111/><T14/><D110/><U7/><E105/><V97/><F124/><W96/><G128/><T94/><D73/><U71/><E71/><V121/><F121/><W4/><G86/><T125/><D125/><U74/><E74/><V53/><F97/><W122/><G122/><T16/><D14/><U126/><E126/><V116/><F116/><W132/><G132/><T57/><D68/><U101/><E101/><V12/><F25/><W83/><G83/><N who="0" m="49343" /><D46/><U24/><E22/><V20/><F42/><W0/><G6/><T131/><D118/><U114/><E114/><V52/><F77/><W103/><G103/><T10/><D131/><U100/><E100/><V30/><F30/><W117/><G117/><T18/><D18/><U82/><E82/><V81/><F38/><N who="3" m="21943" /><G4/><T106/><D106/><U56/><E99/><V79/><F36/><W11/><G11/><T55/><D129/><U92/><E92/><V69/><REACH who="2" step="1"/><F90/><AGARI ba="1,1" hai="10,15,16,55,57,63,80,87,90,93,94" m="49343" machi="90" ten="30,2000,0" yaku="8,1,54,1" doraHai="75" who="0" fromWho="2" sc="240,33,279,0,270,-23,201,0" /><INIT seed="3,0,0,0,0,95" ten="273,279,247,201" oya="3" hai0="50,122,34,24,121,75,73,20,42,27,127,113,13" hai1="68,99,14,76,21,111,62,48,12,72,94,9,61" hai2="39,115,112,6,85,92,126,135,1,30,114,107,11" hai3="119,65,109,49,57,63,100,4,64,130,96,23,101"/><W86/><G119/><T89/><D127/><U74/><E111/><V90/><F90/><W44/><G130/><T106/><D106/><U103/><E48/><V60/><F107/><W18/><G4/><T41/><D89/><U97/><E76/><V15/><F39/><W3/><G3/><T22/><D50/><U37/><E37/><V25/><F85/><W0/><G0/><T66/><D13/><U10/><E21/><V120/><F92/><W16/><G109/><T110/><D66/><U56/><E68/><V81/><F81/><W43/><G101/><T17/><D17/><U78/><E78/><V54/><F54/><W105/><G86/><T125/><D125/><U87/><E87/><V33/><F60/><W46/><G65/><T47/><D47/><U67/><E62/><V2/><F126/><W117/><G117/><T131/><D34/><U28/><E28/><V59/><F59/><W40/><REACH who="3" step="1"/><G23/><REACH who="3" ten="273,279,247,191" step="2"/><T7/><D110/><U128/><E128/><V45/><F2/><W84/><G84/><T123/><D7/><N who="1" m="3135" /><E74/><V80/><F1/><W51/><AGARI ba="0,1" hai="16,18,40,43,44,46,49,51,57,63,64,96,100,105" machi="51" ten="20,18000,2" yaku="1,1,0,1,7,1,9,1,52,1,54,1,53,0" doraHai="95" doraHaiUra="26" who="3" fromWho="3" sc="273,-60,279,-60,247,-60,191,190" /><INIT seed="3,1,0,0,3,33" ten="213,219,187,381" oya="3" hai0="67,97,87,73,65,60,25,5,93,106,81,61,125" hai1="120,43,21,35,95,17,15,82,100,96,23,7,110" hai2="86,129,71,34,10,91,101,69,90,39,98,85,30" hai3="127,16,126,4,32,123,38,102,8,14,56,117,111"/><W114/><G38/><T44/><D106/><U36/><E35/><V37/><F129/><W89/><G102/><T40/><D73/><U122/><E110/><V107/><F10/><W62/><G123/><T74/><D74/><U130/><E130/><V77/><F77/><W76/><G117/><T104/><D104/><U94/><E82/><V55/><F55/><N who="3" m="34079" /><G114/><T46/><D125/><N who="3" m="47625" /><G32/><T50/><D25/><U132/><E132/><V9/><F39/><W78/><G111/><T70/><D5/><U12/><E95/><V115/><F37/><W6/><G89/><T99/><D46/><U75/><E122/><V72/><F72/><W59/><G59/><T26/><D44/><U79/><E120/><V131/><F115/><W18/><G18/><T108/><D108/><U118/><E118/><V109/><F109/><W128/><G128/><T57/><D57/><U83/><E36/><V31/><F131/><W63/><G63/><T11/><D61/><U48/><E48/><V116/><F116/><W112/><G112/><T41/><D60/><U2/><E17/><V80/><F34/><W135/><G135/><T84/><D50/><U0/><E75/><V20/><F31/><W121/><G121/><T49/><D49/><U13/><E79/><AGARI ba="1,0" hai="4,6,8,14,16,76,78,79" m="47625,34079" machi="79" ten="30,2900,0" yaku="18,1,54,1" doraHai="33" who="3" fromWho="1" sc="213,0,219,-32,187,0,381,32" /><INIT seed="3,2,0,0,3,21" ten="213,187,187,413" oya="3" hai0="71,99,12,4,82,107,84,32,43,10,14,94,3" hai1="42,33,13,9,65,15,29,129,95,41,36,34,105" hai2="24,114,122,93,28,67,5,26,81,80,127,117,23" hai3="110,63,90,35,103,37,111,2,123,11,8,78,125"/><W113/><G123/><T96/><D71/><U60/><E105/><V66/><F114/><W0/><G113/><T16/><D32/><U76/><E129/><V126/><F117/><W92/><G103/><T124/><D124/><N who="2" m="47658" /><F122/><W87/><G125/><T130/><D130/><U62/><E76/><V109/><F109/><N who="3" m="41483" /><G37/><T120/><D120/><U128/><E128/><V55/><F5/><W40/><G40/><T75/><D75/><U106/><E106/><V1/><F1/><N who="3" m="619" /><G35/><T68/><D43/><U85/><E36/><V70/><F55/><W74/><G63/><T20/><D107/><U132/><E62/><N who="2" m="40279" /><F93/><W118/><G118/><T88/><D68/><U49/><E95/><V131/><F67/><W102/><G102/><T54/><D54/><U104/><E65/><V121/><F121/><W38/><G38/><T98/><REACH who="0" step="1"/><D3/><REACH who="0" ten="203,187,187,413" step="2"/><U52/><E42/><V39/><F131/><W50/><G74/><T25/><D25/><U44/><E41/><V56/><F39/><W77/><G50/><T69/><D69/><U133/><E49/><V27/><F56/><W91/><G91/><AGARI ba="2,1" hai="4,10,12,14,16,20,82,84,88,91,94,96,98,99" machi="91" ten="30,8000,1" yaku="1,1,7,1,8,1,54,2,53,0" doraHai="21" doraHaiUra="108" who="0" fromWho="3" sc="203,96,187,0,187,0,413,-86" /><INIT seed="4,0,0,1,3,106" ten="299,187,187,327" oya="0" hai0="95,28,121,80,25,85,56,70,135,107,57,115,45" hai1="110,100,71,54,37,58,19,62,112,78,15,66,22" hai2="104,123,96,49,39,47,65,50,2,97,8,99,117" hai3="63,127,27,125,79,59,18,76,10,67,9,5,7"/><T36/><D107/><U60/><E110/><V35/><F123/><W55/><G67/><T75/><D70/><U20/><E112/><V111/><F111/><W102/><G102/><T92/><D115/><U122/><E122/><V69/><F35/><W118/><G118/><T44/><D121/><U131/><E131/><V41/><F104/><W23/><G10/><T119/><D135/><U29/><E37/><V30/><F30/><W38/><G38/><T124/><D124/><N who="3" m="47689" /><G5/><T113/><D113/><U116/><E116/><V89/><F117/><W61/><G61/><T40/><D119/><U31/><E100/><V109/><F109/><W14/><AGARI ba="0,0" hai="7,9,14,18,23,27,55,59,63,76,79" m="47689" machi="14" ten="30,1100,0" yaku="18,1" doraHai="106" who="3" fromWho="3" sc="299,-5,187,-3,187,-3,327,11" /><INIT seed="5,0,0,2,5,55" ten="294,184,184,338" oya="1" hai0="119,134,69,101,40,85,94,133,56,135,80,131,87" hai1="19,62,61,45,95,117,88,35,46,75,122,71,38" hai2="64,23,28,127,3,63,5,10,111,68,2,114,109" hai3="97,112,123,47,86,96,115,132,16,60,103,106,66"/><U31/><E122/><V59/><F127/><W104/><G123/><T102/><D69/><U126/><E117/><V129/><F129/><W121/><G121/><T89/><D40/><U52/><E75/><V83/><F3/><W91/><G132/><T20/><D20/><U8/><E126/><V6/><F6/><W14/><G47/><N who="1" m="17930" /><E35/><V82/><F114/><N who="3" m="43563" /><G103/><T7/><D7/><U79/><E38/><V58/><F111/><W107/><G86/><T44/><D44/><U43/><E71/><V124/><F109/><W57/><G91/><N who="0" m="51623" /><D131/><U12/><E79/><V4/><F4/><W110/><G110/><T17/><D119/><U25/><E43/><V36/><F36/><W42/><G42/><T74/><D74/><U108/><E108/><V37/><F37/><W21/><AGARI ba="0,0" hai="14,16,21,57,60,66,96,97,104,106,107" m="43563" machi="21" ten="40,5200,0" yaku="15,1,52,1,54,1" doraHai="55" who="3" fromWho="3" sc="294,-13,184,-26,184,-13,338,52" /><INIT seed="6,0,0,5,3,100" ten="281,158,171,390" oya="2" hai0="80,79,15,115,114,122,130,7,125,84,2,99,35" hai1="83,54,18,89,3,116,56,28,69,17,65,14,93" hai2="38,46,117,49,128,0,8,86,29,132,13,78,76" hai3="24,53,9,77,96,58,74,31,106,81,92,47,103"/><V94/><F117/><W1/><G47/><T102/><D35/><U133/><E116/><V75/><F38/><W20/><G9/><N who="0" m="4543" /><D2/><U48/><E3/><V26/><F0/><W123/><G1/><T135/><D122/><U91/><E133/><V68/><F68/><W59/><G123/><T70/><D70/><U37/><E37/><V45/><F128/><W16/><G31/><T43/><D43/><U62/><E28/><V110/><F132/><W44/><G44/><T134/><D125/><U101/><E83/><V121/><F121/><W124/><G124/><T64/><D64/><U111/><E111/><V41/><F75/><W118/><G118/><T61/><D61/><U87/><E91/><N who="2" m="53623" /><F110/><W25/><G25/><T108/><D108/><U55/><E101/><V6/><F46/><W5/><G5/><T82/><D82/><U66/><E69/><V52/><F41/><W126/><G126/><T27/><D27/><U30/><E30/><V33/><F33/><W95/><G59/><T50/><D50/><AGARI ba="0,0" hai="16,20,24,50,53,58,74,77,81,92,95,96,103,106" machi="50" ten="30,3900,0" yaku="7,1,52,1,54,1" doraHai="100" who="3" fromWho="0" sc="281,-39,158,0,171,0,390,39" /><INIT seed="7,0,0,3,4,73" ten="242,158,171,429" oya="3" hai0="65,91,119,37,114,70,77,112,106,13,71,50,59" hai1="44,111,69,134,123,75,60,110,28,62,55,15,64" hai2="109,130,76,61,6,116,93,0,135,45,32,56,103" hai3="30,29,108,23,4,96,3,48,115,104,126,120,38"/><W67/><G48/><T84/><D106/><U17/><E75/><V131/><F116/><W33/><G67/><T128/><D37/><U10/><E123/><V107/><F109/><W8/><G96/><T58/><D128/><N who="2" m="49194" /><F135/><W83/><G83/><T82/><D119/><U99/><E134/><V81/><F32/><W31/><G23/><T80/><D13/><U34/><E99/><N who="2" m="59887" /><F107/><W35/><G8/><T125/><D125/><U39/><E62/><V47/><F6/><W132/><G4/><T97/><D97/><U14/><E14/><V12/><F12/><W101/><G101/><T68/><D50/><U41/><REACH who="1" step="1"/><E55/><REACH who="1" ten="242,148,171,429" step="2"/><N who="2" m="33951" /><F0/><W113/><G3/><T18/><D71/><U51/><E51/><V52/><F52/><W85/><G132/><T92/><D70/><U86/><E86/><AGARI ba="0,1" hai="45,47,76,81,86" m="33951,59887,49194" machi="86" ten="30,2000,0" yaku="19,1,52,1" doraHai="73" who="2" fromWho="1" sc="242,0,148,-20,171,30,429,0" owari="242,4.0,128,-37.0,201,-20.0,429,53.0" /></mjloggm>