<mjloggm ver="2.3"><GO type="97" lobby="0"/><UN n0="%E3%83%88%E3%83%88%E3%83%AA%E5%85%88%E7%94%9F%31%39%E6%AD%B3" n1="%68%61%68%75" n2="%41%6D%65%74%68%75%73" n3="%E5%B0%8F%E6%9D%8E%E5%BA%83" dan="15,14,15,14" rate="2008.10,1944.09,1944.60,1925.01" sx="F,M,M,M"/><TAIKYOKU oya="0"/><INIT seed="0,0,0,4,5,57" ten="250,250,250,250" oya="0" hai0="52,50,75,130,135,37,81,127,18,64,48,42,89" hai1="114,12,16,11,128,23,78,94,54,67,2,6,96" hai2="8,119,32,85,95,93,72,10,79,59,132,116,20" hai3="0,102,120,26,45,83,27,91,38,115,80,7,28"/><T87/><D130/><U74/><E128/><V35/><F72/><W86/><G115/><T105/><D105/><U111/><E114/><V103/><F132/><W71/><G71/><T15/><D135/><U99/><E111/><V30/><F20/><W62/><G102/><T22/><D127/><U109/><E109/><V92/><F103/><W117/><G27/><T126/><D126/><U122/><E122/><V124/><F124/><W112/><G112/><T100/><D37/><U55/><E96/><V84/><F59/><W133/><G133/><T41/><D100/><U39/><E39/><V97/><F97/><W29/><G7/><T61/><D75/><U90/><E78/><V134/><F134/><W24/><G0/><T66/><D48/><U101/><E74/><V110/><F110/><W33/><G45/><N who="0" m="27727" /><D61/><U13/><E2/><V68/><F68/><W69/><G38/><T40/><AGARI ba="0,0" hai="15,18,22,40,41,42,64,66,81,87,89" m="27727" machi="40" ten="30,3000,0" yaku="8,1,54,1" doraHai="57" who="0" fromWho="0" sc="250,30,250,-10,250,-10,250,-10" /><INIT seed="0,1,0,4,1,109" ten="280,240,240,240" oya="0" hai0="11,48,129,98,84,130,32,75,65,6,127,121,100" hai1="78,29,119,9,30,54,66,14,94,88,93,111,51" hai2="92,19,56,2,25,126,90,122,69,7,124,21,114" hai3="118,83,17,67,36,80,1,4,63,128,76,27,33"/><T55/><D121/><U15/><E119/><V13/><F69/><W47/><G128/><N who="0" m="49259" /><D75/><U135/><E111/><V86/><F122/><W120/><G83/><T97/><D127/><N who="2" m="48682" /><F56/><W0/><G118/><T102/><D32/><U10/><E135/><V28/><F2/><W40/><G120/><T46/><D65/><U110/><E78/><V43/><F43/><W45/><G45/><T49/><D84/><U117/><E66/><V58/><F58/><W73/><G4/><T91/><D49/><U101/><E101/><N who="0" m="39017" /><D91/><U59/><E117/><V71/><F7/><W89/><G89/><T34/><D34/><U57/><E110/><V12/><F71/><N who="3" m="42495" /><G17/><T70/><D70/><U134/><E134/><V60/><F60/><W77/><G76/><T96/><D96/><U116/><E116/><V53/><F53/><W23/><G23/><T99/><D99/><U72/><E72/><V131/><F131/><W61/><G61/><T38/><D38/><U103/><E103/><V37/><F37/><W74/><G74/><T81/><D81/><U107/><E107/><V105/><F105/><W87/><G87/><T26/><D26/><U50/><E54/><V95/><F95/><W68/><G68/><T42/><D42/><U18/><E88/><V104/><F104/><W125/><G125/><T31/><D31/><AGARI ba="1,0" hai="0,1,27,31,33,36,40,47,73,77,80" m="42495" machi="31" ten="30,2000,0" yaku="33,2" doraHai="109" who="3" fromWho="0" sc="280,-23,240,0,240,0,240,23" /><INIT seed="1,0,0,0,2,44" ten="257,240,240,263" oya="1" hai0="133,49,68,106,92,47,28,40,10,13,2,33,56" hai1="135,112,82,95,9,74,126,69,0,51,124,7,84" hai2="104,91,16,63,81,37,89,123,71,75,36,80,55" hai3="61,97,31,54,122,114,29,83,87,98,52,94,43"/><U70/><E112/><V22/><F123/><W103/><G114/><T38/><D106/><U14/><E135/><V12/><F104/><W96/><G122/><T76/><D68/><U11/><E74/><V102/><F102/><W99/><G43/><T24/><D2/><U105/><E95/><V34/><F34/><W118/><G118/><T65/><D133/><U120/><E105/><V116/><F116/><W32/><G32/><T108/><D108/><U107/><E107/><V131/><F131/><W23/><G23/><T4/><D76/><U27/><E27/><V53/><F75/><W78/><G61/><T18/><D92/><U121/><E121/><V59/><F71/><W3/><G3/><T88/><D88/><N who="2" m="33866" /><F37/><W66/><G66/><T6/><REACH who="0" step="1"/><D65/><REACH who="0" ten="247,240,240,263" step="2"/><U64/><E64/><N who="2" m="39039" /><F36/><W30/><AGARI ba="0,1" hai="29,30,31,52,54,78,83,87,94,96,97,98,99,103" machi="30" ten="30,4000,0" yaku="0,1,8,1,54,1" doraHai="44" who="3" fromWho="3" sc="247,-10,240,-20,240,-10,263,50" /><INIT seed="2,0,0,1,4,19" ten="237,220,230,313" oya="2" hai0="119,88,97,111,118,27,100,41,99,125,112,110,113" hai1="103,116,62,68,107,104,115,4,35,66,29,82,91" hai2="11,45,8,63,44,0,56,73,42,60,51,3,122" hai3="87,132,33,20,126,71,43,96,57,61,98,131,83"/><V58/><F51/><W9/><G33/><T65/><D65/><BYE who="0" /><U133/><E116/><V31/><F31/><W74/><G132/><T85/><D85/><U76/><E133/><UN n0="%E3%83%88%E3%83%88%E3%83%AA%E5%85%88%E7%94%9F%31%39%E6%AD%B3" /><V14/><F14/><W124/><G74/><T108/><D41/><U64/><E115/><N who="0" m="44105" /><D27/><N who="1" m="18879" /><E91/><V18/><F18/><W47/><G9/><T90/><D125/><U34/><E4/><V22/><F42/><W69/><G69/><T127/><D127/><N who="3" m="48681" /><G71/><T89/><D97/><N who="1" m="61551" /><E66/><V49/><F49/><N who="3" m="26879" /><G131/><T81/><D81/><U5/><E5/><V101/><F73/><W39/><G39/><T17/><D17/><U92/><E92/><AGARI ba="0,0" hai="88,89,90,92,99,100,108,110,111,118,119" m="44105" machi="92" ten="40,8000,1" yaku="14,1,34,2,54,1" doraHai="19" who="0" fromWho="1" sc="237,80,220,-80,230,0,313,0" /><INIT seed="3,0,0,1,3,80" ten="317,140,230,313" oya="3" hai0="16,56,24,114,27,43,49,124,46,4,111,7,1" hai1="23,26,102,130,87,36,84,109,100,134,73,135,35" hai2="83,54,45,126,61,18,77,88,112,91,55,119,39" hai3="85,108,116,117,12,76,32,86,70,107,96,113,66"/><W41/><G32/><T28/><D111/><U2/><E2/><V21/><F119/><W9/><G108/><T93/><D124/><U97/><E109/><V15/><F112/><W40/><G113/><T62/><D114/><U29/><E36/><V53/><F126/><W78/><G70/><T63/><D1/><U25/><E73/><V89/><F39/><W58/><G107/><T81/><D63/><U121/><E121/><V20/><F61/><N who="3" m="38199" /><G96/><T14/><D81/><U104/><E102/><V132/><F132/><W98/><G98/><T75/><D93/><U0/><E0/><V5/><F5/><N who="0" m="2122" /><D28/><U118/><E118/><V13/><F45/><W103/><G103/><T6/><D6/><U48/><E130/><V42/><F42/><N who="3" m="16491" /><G117/><T67/><D75/><U51/><E51/><V133/><F133/><W69/><G69/><T60/><D60/><U50/><E135/><V122/><F122/><W59/><G59/><T94/><D94/><U57/><E134/><V31/><F31/><W82/><G82/><T129/><D129/><U65/><E50/><V17/><F77/><N who="3" m="29803" /><G116/><T110/><D110/><U72/><E72/><V10/><F10/><AGARI ba="0,0" hai="10,14,16,24,27,43,46,49,56,62,67" m="2122" machi="10" ten="30,2000,0" yaku="8,1,54,1" doraHai="80" who="0" fromWho="2" sc="317,20,140,0,230,-20,313,0" owari="337,44.0,140,-36.0,210,-19.0,313,11.0" /></mjloggm>