<mjloggm ver="2.3"><GO type="41" lobby="0"/><UN n0="%E3%83%8D%E3%82%AA%E3%81%91%E3%82%8D%E3%81%A3%E3%81%A1%E3%82%87" n1="%73%68%69%62%61%70%61%70" n2="%72%65%6F%5F%42%42" n3="%E3%83%88%E3%83%88%E3%83%AA%E5%85%88%E7%94%9F%31%39%E6%AD%B3" dan="14,14,14,14" rate="1958.89,1905.62,1893.56,2031.62" sx="M,M,M,F"/><TAIKYOKU oya="0"/><INIT seed="0,0,0,0,1,32" ten="250,250,250,250" oya="0" hai0="96,129,28,94,131,12,64,130,9,5,78,62,109" hai1="41,4,20,103,114,99,133,25,100,111,51,102,104" hai2="0,106,93,116,47,85,22,60,69,90,11,83,37" hai3="56,72,27,80,84,35,3,124,91,38,134,63,23"/><T117/><D117/><U77/><E133/><V73/><F116/><W6/><G38/><T57/><D78/><U75/><E111/><V121/><F121/><W1/><G134/><T2/><D28/><U59/><E114/><V43/><F106/><W18/><G124/><T79/><D79/><U88/><E4/><N who="2" m="1415" /><F22/><W52/><G6/><T105/><D105/><U76/><E75/><V16/><F69/><W98/><G72/><T30/><D30/><U68/><E68/><V82/><F60/><W34/><G34/><T36/><D36/><U118/><E118/><V74/><F83/><W101/><G35/><T92/><D109/><U10/><E10/><V33/><F33/><W123/><G123/><T113/><D113/><U58/><E58/><V97/><F16/><W14/><G27/><T7/><D7/><U61/><E104/><AGARI ba="0,0" hai="1,3,14,18,23,52,56,63,80,84,91,98,101,104" machi="104" ten="30,7700,0" yaku="7,1,52,2,54,1" doraHai="32" who="3" fromWho="1" sc="250,0,250,-77,250,0,250,77" /><INIT seed="1,0,0,3,2,53" ten="250,173,250,327" oya="1" hai0="117,123,91,44,83,63,26,120,130,124,46,14,84" hai1="86,68,39,27,100,108,50,17,1,97,12,93,10" hai2="35,22,51,23,2,118,115,62,70,107,128,6,11" hai3="5,98,112,56,74,103,119,42,75,34,116,55,104"/><U47/><E68/><V49/><F107/><W48/><G112/><T127/><D117/><N who="3" m="45129" /><G34/><T32/><D14/><U43/><E108/><V54/><F115/><W72/><G5/><T65/><D32/><U99/><E1/><V30/><F118/><W89/><G89/><T105/><D105/><U134/><E134/><V111/><F111/><W90/><G90/><T113/><D26/><U79/><E99/><V24/><F128/><W125/><G42/><T81/><D113/><U7/><E39/><V129/><F129/><W132/><G125/><N who="0" m="48203" /><D83/><N who="1" m="47487" /><E27/><V101/><F101/><W60/><G48/><T36/><D130/><U28/><E28/><V15/><F23/><W121/><G132/><T126/><N who="0" m="48211" /><T82/><DORA hai="29" /><D82/><U76/><E76/><V95/><F95/><W77/><G121/><N who="0" m="46667" /><D36/><U80/><E80/><AGARI ba="0,0" hai="55,56,60,72,74,75,77,80,98,103,104" m="45129" machi="80" ten="30,2000,0" yaku="12,1,52,1" doraHai="53,29" who="3" fromWho="1" sc="250,0,173,-20,250,0,327,20" /><INIT seed="2,0,0,4,2,79" ten="250,153,250,347" oya="2" hai0="131,80,123,77,81,30,125,13,120,44,43,71,4" hai1="32,52,134,60,20,130,85,6,18,54,24,22,59" hai2="111,91,16,126,64,107,105,70,62,97,118,69,35" hai3="90,37,14,8,102,25,108,94,121,12,46,56,113"/><V42/><F118/><W109/><G121/><T58/><D71/><U106/><E134/><V76/><F76/><W116/><G116/><T51/><D30/><U53/><E130/><V114/><F114/><W50/><G113/><T87/><D131/><U11/><E106/><V40/><F70/><W39/><G102/><T78/><D125/><U49/><E85/><V31/><F126/><W36/><G56/><T29/><D29/><U21/><E32/><V88/><F111/><N who="3" m="42571" /><G25/><T0/><D0/><U86/><E86/><V57/><F57/><W127/><G127/><T82/><D120/><U84/><E84/><V74/><F74/><W55/><G8/><N who="0" m="4231" /><D123/><U104/><E104/><V2/><F2/><W132/><G132/><T23/><D87/><AGARI ba="0,0" hai="12,14,36,37,39,46,50,55,87,90,94" m="42571" machi="87" ten="40,1300,0" yaku="14,1" doraHai="79" who="3" fromWho="0" sc="250,-13,153,0,250,0,347,13" /><INIT seed="3,0,0,5,1,36" ten="237,153,250,360" oya="3" hai0="37,10,125,77,40,82,102,20,95,71,50,90,38" hai1="127,68,63,89,106,130,133,31,23,24,15,76,49" hai2="115,21,91,59,104,55,126,8,18,7,120,66,101" hai3="73,88,45,78,129,107,110,114,12,22,33,109,97"/><W118/><G114/><T69/><D125/><U72/><E127/><V75/><F115/><W2/><G118/><T54/><D102/><U96/><E130/><V11/><F126/><W128/><G33/><T132/><D132/><U3/><E133/><V65/><F75/><W112/><G112/><T47/><D38/><U34/><E3/><V19/><F104/><W105/><G2/><T111/><D111/><N who="3" m="42505" /><G45/><T58/><D10/><U87/><E49/><V81/><F101/><W42/><G42/><T6/><D20/><U57/><E15/><N who="2" m="5535" /><F11/><W52/><G52/><T39/><D6/><U67/><E23/><V43/><F120/><W100/><G12/><T41/><D69/><U123/><E123/><V16/><F43/><N who="0" m="16458" /><D71/><U44/><E44/><V26/><F91/><W64/><G22/><T5/><D39/><U86/><E57/><V27/><F81/><N who="3" m="45263" /><G64/><N who="2" m="24681" /><F21/><W61/><G61/><AGARI ba="0,0" hai="16,18,19,26,27,55,59,61" m="24681,5535" machi="61" ten="30,2000,0" yaku="8,1,54,1" doraHai="36" who="2" fromWho="3" sc="237,0,153,0,250,20,360,-20" /><INIT seed="4,0,0,5,3,46" ten="237,153,270,340" oya="0" hai0="127,76,78,27,80,64,41,117,59,20,17,91,121" hai1="114,98,38,55,26,77,81,104,60,129,111,42,116" hai2="62,6,11,74,2,85,7,65,67,21,90,57,39" hai3="79,1,16,102,123,29,34,97,101,13,43,89,49"/><T51/><D127/><U134/><E116/><V128/><F74/><W61/><G1/><T25/><D121/><U105/><E111/><V44/><F7/><W71/><G123/><T32/><D117/><U122/><E122/><V83/><F128/><W88/><G79/><T125/><D125/><U35/><E129/><V24/><F39/><W3/><G3/><T109/><D109/><U87/><E134/><V119/><F119/><W19/><G34/><T52/><D32/><U135/><E135/><V126/><F44/><N who="3" m="25759" /><G71/><T112/><D112/><U15/><E114/><V132/><F132/><W124/><G29/><T84/><D41/><U5/><E35/><V28/><F126/><W10/><G124/><T36/><D36/><U70/><E26/><N who="0" m="9737" /><D64/><AGARI ba="0,0" hai="2,6,11,21,24,28,57,62,64,65,67,83,85,90" machi="64" ten="30,1000,0" yaku="7,1" doraHai="46" who="2" fromWho="0" sc="237,-10,153,0,270,10,340,0" /><INIT seed="5,0,0,2,3,30" ten="227,153,280,340" oya="1" hai0="51,89,102,28,96,80,116,86,79,105,124,39,4" hai1="67,56,50,14,24,113,60,29,18,22,112,71,21" hai2="7,52,133,128,97,65,57,49,46,2,34,90,123" hai3="125,19,8,120,9,66,23,134,131,0,92,82,115"/><U114/><REACH who="1" step="1"/><E50/><REACH who="1" ten="227,143,280,340" step="2"/><N who="2" m="28759" /><F123/><W27/><G120/><T110/><D51/><U31/><E31/><V129/><F49/><W109/><G131/><T5/><D28/><U117/><E117/><V81/><F128/><W132/><G134/><T103/><D116/><U73/><E73/><V77/><F129/><W45/><G132/><T61/><D39/><U1/><E1/><V10/><F2/><W126/><G0/><T47/><D61/><U91/><E91/><V37/><F90/><W74/><G74/><N who="0" m="43127" /><D47/><U69/><AGARI ba="0,1" hai="14,18,21,22,24,29,56,60,67,69,71,112,113,114" machi="69" ten="40,12000,1" yaku="21,2,0,1,15,1,53,0" doraHai="30" doraHaiUra="122" who="1" fromWho="1" sc="227,-40,143,130,280,-40,340,-40" /><INIT seed="5,1,0,4,3,125" ten="187,273,240,300" oya="1" hai0="43,9,31,83,89,96,2,88,55,113,32,37,56" hai1="92,33,134,110,19,20,27,109,66,22,99,8,49" hai2="29,39,77,73,50,24,71,17,94,3,131,123,12" hai3="114,84,52,112,98,18,41,75,120,45,60,69,86"/><U65/><E134/><V129/><F39/><W126/><G120/><T63/><D113/><N who="3" m="43625" /><G75/><T81/><D31/><U132/><E132/><V11/><F3/><W95/><G126/><T61/><D32/><U21/><E49/><V97/><F71/><W25/><G25/><T57/><D43/><U35/><E8/><V87/><F123/><W119/><G18/><T42/><D42/><U108/><E19/><V38/><F38/><N who="3" m="21687" /><G119/><T101/><D37/><U90/><REACH who="1" step="1"/><E27/><REACH who="1" ten="187,263,240,300" step="2"/><V40/><F50/><W91/><G69/><T23/><D9/><U130/><E130/><V106/><F131/><W14/><G14/><T116/><D2/><U6/><E6/><V104/><F24/><W4/><G4/><T127/><D127/><U133/><E133/><V46/><F129/><W72/><G72/><T53/><D116/><U34/><AGARI ba="1,1" hai="20,21,22,33,34,35,65,66,90,92,99,108,109,110" machi="34" ten="50,12000,1" yaku="1,1,0,1,29,2,10,1,53,0" doraHai="125" doraHaiUra="64" who="1" fromWho="1" sc="187,-41,263,133,240,-41,300,-41" /><INIT seed="5,2,0,3,2,10" ten="146,396,199,259" oya="1" hai0="49,134,83,111,101,75,54,28,40,67,131,57,92" hai1="37,41,53,65,33,127,50,39,60,7,71,21,103" hai2="23,12,94,104,109,62,48,58,98,85,45,91,47" hai3="121,132,130,34,27,55,108,90,6,42,93,78,36"/><U20/><E33/><V107/><F109/><W66/><G108/><T82/><D134/><U32/><E32/><V135/><F135/><W119/><G121/><T69/><D131/><U46/><E127/><V100/><F48/><W2/><G132/><T22/><D111/><U44/><E103/><V56/><F104/><W73/><G130/><T38/><D75/><U114/><E114/><V129/><F129/><W89/><G66/><T88/><D101/><U31/><E31/><V81/><F56/><W80/><G119/><T51/><D28/><U11/><E39/><V3/><F3/><AGARI ba="2,0" hai="3,7,11,20,21,37,41,44,46,50,53,60,65,71" machi="3" ten="30,1500,0" yaku="7,1" doraHai="10" who="1" fromWho="2" sc="146,0,396,21,199,-21,259,0" /><INIT seed="5,3,0,2,4,133" ten="146,417,178,259" oya="1" hai0="69,18,61,57,26,129,65,134,113,85,47,62,79" hai1="128,42,90,22,99,130,24,25,112,98,29,135,102" hai2="28,97,109,67,9,70,123,66,81,87,53,94,58" hai3="114,120,7,64,101,104,103,2,56,121,100,17,1"/><U31/><E135/><V37/><F37/><W86/><G104/><T59/><D79/><U55/><E42/><V45/><F123/><W117/><G114/><T38/><D26/><U52/><E112/><V12/><F70/><W75/><G75/><T95/><D134/><U33/><E90/><N who="2" m="51567" /><F109/><W10/><G1/><T16/><D113/><U19/><E19/><N who="2" m="8591" /><F28/><W54/><G117/><T111/><D111/><U35/><E22/><V43/><F43/><W32/><G32/><T108/><D108/><U48/><E48/><N who="2" m="28815" /><F58/><W30/><G30/><T78/><D69/><U27/><E27/><V84/><F84/><W127/><G86/><T14/><D129/><U83/><REACH who="1" step="1"/><E83/><REACH who="1" ten="146,407,178,259" step="2"/><V36/><F36/><W8/><G120/><T119/><D38/><U105/><E105/><V91/><AGARI ba="3,1" hai="66,67,91,94,97" m="28815,8591,51567" machi="91" ten="30,2000,0" yaku="25,1,8,1" doraHai="133" who="2" fromWho="2" sc="146,-8,407,-13,178,39,259,-8" /><INIT seed="6,0,0,2,5,104" ten="138,394,217,251" oya="2" hai0="68,15,42,66,129,61,127,32,37,80,54,14,55" hai1="115,0,40,5,110,27,28,3,122,130,49,45,76" hai2="24,95,85,12,30,92,21,23,6,4,16,46,105" hai3="72,133,2,73,20,100,57,63,75,108,64,114,48"/><V124/><F105/><W70/><G108/><T43/><D32/><U102/><E110/><V99/><F124/><W135/><G2/><T87/><D127/><U39/><E115/><V101/><F46/><W11/><G114/><T34/><D34/><U38/><E130/><V111/><F111/><W31/><G100/><T71/><D14/><U119/><E119/><V10/><F85/><W83/><G11/><T60/><D15/><U94/><E122/><V103/><F92/><W97/><G97/><T41/><D80/><U132/><E132/><N who="3" m="50762" /><G83/><T118/><D87/><U134/><E134/><V93/><F93/><W62/><G48/><T33/><D129/><U131/><E131/><V77/><F77/><W106/><G106/><T29/><D29/><U117/><E117/><V82/><F82/><W36/><G36/><T109/><D33/><U67/><E76/><V58/><F58/><W84/><G84/><T47/><D109/><U9/><E67/><V112/><F112/><W89/><G89/><T8/><D8/><U17/><E17/><N who="2" m="8343" /><F103/><W65/><G31/><T51/><D118/><U69/><E69/><V78/><F78/><W120/><G20/><T116/><D116/><U26/><E94/><V86/><F86/><W22/><G22/><T7/><D7/><U107/><E102/><V35/><F35/><W125/><G125/><T126/><D126/><U90/><E90/><V98/><F98/><W18/><G18/><T53/><D37/><U128/><E128/><V50/><F50/><W56/><G70/><T74/><D74/><U19/><E107/><V52/><F52/><RYUUKYOKU ba="0,0" sc="138,10,394,-30,217,10,251,10" hai0="41,42,43,47,51,53,54,55,60,61,66,68,71" hai2="4,6,16,21,23,24,30,95,99,101" hai3="56,57,62,63,64,65,72,73,75,120" /><INIT seed="6,1,0,1,1,92" ten="148,364,227,261" oya="2" hai0="83,12,114,121,1,69,21,130,109,99,39,38,64" hai1="66,75,73,19,11,35,58,119,56,46,98,48,79" hai2="43,8,31,61,70,76,126,131,89,4,59,27,65" hai3="135,33,14,129,80,40,100,50,105,120,107,117,85"/><V9/><F76/><W123/><G33/><T29/><D1/><U2/><E119/><V94/><F131/><W37/><G37/><T44/><D114/><U95/><E35/><V26/><F126/><W15/><G117/><T91/><D121/><U13/><E2/><V90/><F43/><W0/><G0/><T116/><D130/><U42/><E75/><V53/><F4/><W18/><G129/><T60/><D109/><U57/><E73/><V25/><F31/><W22/><G135/><T55/><D116/><U132/><E132/><V112/><F112/><W6/><G6/><T104/><D83/><U36/><E79/><V122/><F122/><W103/><G15/><T71/><D71/><U72/><E72/><V133/><F133/><W124/><G124/><T110/><D110/><U102/><E36/><V41/><F41/><W24/><G120/><T88/><D91/><U108/><REACH who="1" step="1"/><E108/><REACH who="1" ten="148,354,227,261" step="2"/><V62/><REACH who="2" step="1"/><F89/><REACH who="2" ten="148,354,217,261" step="2"/><W111/><G123/><T7/><D88/><U54/><E54/><V87/><AGARI ba="1,2" hai="8,9,25,26,27,53,59,61,62,65,70,87,90,94" machi="87" ten="30,6000,0" yaku="1,1,2,1,0,1,53,0" doraHai="92" doraHaiUra="101" who="2" fromWho="2" sc="148,-21,354,-21,217,83,261,-21" /><INIT seed="6,2,0,5,4,8" ten="127,333,300,240" oya="2" hai0="78,94,49,74,103,108,127,10,19,134,90,100,1" hai1="99,67,88,112,58,15,28,45,130,26,27,93,41" hai2="123,120,85,84,47,57,56,37,43,42,33,125,96" hai3="89,117,114,50,54,83,109,68,61,65,82,38,121"/><V59/><F33/><W66/><G109/><T6/><D108/><U5/><E130/><V55/><F125/><W12/><G117/><T51/><D134/><U7/><E112/><V73/><F73/><W16/><G121/><T107/><D127/><U113/><E113/><V81/><F43/><W131/><G114/><T11/><D100/><U31/><E45/><V23/><F23/><N who="3" m="11655" /><G131/><T104/><D103/><U0/><E0/><V17/><F17/><W60/><G38/><T32/><D32/><U52/><E41/><V70/><F70/><W86/><G68/><T95/><D95/><U135/><E67/><N who="3" m="25610" /><G83/><T119/><D119/><U77/><E77/><V76/><F120/><W122/><G122/><T101/><D101/><U35/><E135/><V115/><F115/><W24/><G24/><N who="1" m="9258" /><E7/><V75/><F75/><W71/><G71/><T14/><D78/><U129/><E35/><V44/><F76/><W92/><G82/><T34/><D34/><U133/><E133/><V22/><F81/><W110/><G110/><T128/><D128/><U124/><E124/><V132/><F123/><W118/><G118/><T126/><D126/><U105/><E105/><V9/><F37/><W4/><G4/><T53/><D74/><U62/><E129/><V29/><F132/><W72/><G72/><T116/><D116/><U40/><E40/><V98/><F42/><W46/><AGARI ba="2,0" hai="46,50,54,60,61,86,89,92" m="25610,11655" machi="46" ten="30,4000,0" yaku="8,1,52,1,54,1" doraHai="8" who="3" fromWho="3" sc="127,-12,333,-12,300,-22,240,46" /><INIT seed="7,0,0,5,5,92" ten="115,321,278,286" oya="3" hai0="126,125,5,91,104,38,118,71,31,78,4,109,75" hai1="124,111,21,110,73,12,129,116,26,14,84,64,53" hai2="69,1,19,95,18,77,83,115,15,55,28,96,133" hai3="82,114,56,99,30,106,87,57,101,72,8,119,80"/><W93/><G119/><T17/><D31/><U32/><E73/><V35/><F1/><W13/><G114/><T44/><D78/><U22/><E84/><V51/><F69/><W49/><G106/><T130/><D44/><U43/><E53/><V74/><F115/><W25/><G72/><T70/><D91/><U94/><E94/><V107/><F107/><W134/><G134/><T37/><D17/><U65/><E43/><V132/><F35/><W123/><G123/><T46/><D46/><U23/><E116/><V36/><F28/><W33/><G49/><T81/><D81/><U102/><E102/><N who="2" m="60703" /><F36/><W47/><G47/><T41/><D41/><U86/><E86/><V88/><F88/><W48/><G48/><T122/><D5/><U62/><E62/><V34/><F34/><W60/><G60/><T27/><D27/><U89/><E89/><V113/><F15/><N who="1" m="5673" /><E32/><V6/><F6/><W3/><G3/><T42/><D42/><U24/><E124/><V40/><F40/><W105/><G105/><T103/><D103/><U20/><N who="1" m="5632" /><DORA hai="45" /><U97/><E129/><V7/><F7/><W52/><G52/><T29/><D29/><U108/><E97/><V54/><F54/><W76/><G82/><T39/><D4/><AGARI ba="0,0" hai="4,8,13,25,30,33,56,57,76,80,87,93,99,101" machi="4" ten="30,2900,0" yaku="7,1,52,1" doraHai="92,45" who="3" fromWho="0" sc="115,-29,321,0,278,0,286,29" /><INIT seed="7,1,0,5,0,27" ten="86,321,278,315" oya="3" hai0="126,63,33,3,72,111,106,84,79,45,14,112,107" hai1="34,65,69,37,104,32,53,29,132,44,49,41,80" hai2="87,60,124,28,92,57,19,10,117,83,130,73,17" hai3="71,119,13,25,131,35,91,121,26,31,82,20,46"/><W24/><G119/><T70/><D79/><U50/><E132/><V47/><F117/><W128/><G121/><T114/><D63/><U116/><E116/><V58/><F130/><N who="3" m="49707" /><G71/><T48/><D45/><U108/><E108/><V39/><F124/><W88/><G13/><T62/><D84/><U43/><E80/><V102/><F73/><W15/><G25/><T22/><D48/><U115/><E115/><V109/><F109/><W86/><G15/><T21/><D62/><N who="1" m="40119" /><E104/><V129/><F129/><W100/><G100/><T75/><D14/><U23/><E23/><V2/><F2/><W127/><G127/><T85/><D85/><U11/><E11/><V123/><F123/><W7/><G7/><T120/><D21/><U122/><E122/><V93/><F10/><W54/><G54/><T64/><D22/><U42/><E29/><V90/><F57/><W9/><G46/><T77/><D77/><U56/><E49/><V134/><F134/><W101/><G101/><T97/><D97/><U12/><E12/><V98/><F28/><N who="3" m="19863" /><G9/><T103/><D103/><U16/><E16/><V36/><F36/><W52/><G52/><T133/><D64/><U76/><E76/><AGARI ba="1,0" hai="20,24,31,76,82,86,88,91" m="19863,49707" machi="76" ten="30,11600,0" yaku="19,1,52,2,54,1" doraHai="27" who="3" fromWho="1" sc="86,0,321,-119,278,0,315,119" owari="86,-41.0,202,-20.0,278,8.0,434,53.0" /></mjloggm>