<mjloggm ver="2.3"><GO type="97" lobby="0"/><UN n0="%E5%B0%B1%E6%B4%BB%E7%94%9F%40%E5%B7%9D%E6%9D%91%E8%BB%8D%E5%9B%A3" n1="%E5%85%A8%E5%B1%80%E5%8F%82%E5%8A%A0%E5%9E%8B%E9%9B%80%E5%A3%AB" n2="%4B%49%44%4F" n3="%59%4F%47%48%4F%55%52%54" dan="14,15,13,13" rate="1946.76,2003.55,1952.39,1860.28" sx="M,M,M,M"/><TAIKYOKU oya="0"/><INIT seed="0,0,0,3,1,114" ten="250,250,250,250" oya="0" hai0="100,16,24,39,118,95,48,33,126,72,34,113,18" hai1="56,47,77,129,80,14,23,63,32,15,83,115,70" hai2="78,28,88,99,65,107,122,130,91,4,75,123,42" hai3="102,127,50,37,132,10,89,133,12,43,54,101,0"/><T61/><D39/><U27/><E115/><V135/><F65/><W7/><G37/><T64/><D72/><U67/><E32/><V62/><F42/><W108/><G43/><T84/><D113/><U1/><E1/><V105/><F62/><W35/><G35/><T53/><D126/><U97/><E129/><V74/><F28/><W98/><G127/><T44/><D118/><U26/><E70/><V2/><F4/><W58/><G108/><T36/><D36/><U131/><E131/><V121/><F2/><W87/><G0/><T106/><D106/><N who="2" m="40458" /><F130/><W41/><G98/><T76/><D100/><U82/><E77/><V21/><F21/><W59/><G41/><T117/><D117/><U3/><E3/><V19/><F19/><W22/><G22/><T9/><D9/><U17/><E27/><V68/><F68/><W116/><G116/><T8/><D8/><U30/><E30/><V60/><F60/><W38/><G38/><T11/><D11/><U40/><E97/><V134/><F99/><W20/><G59/><T92/><D34/><U128/><E128/><V6/><F6/><W5/><G5/><T85/><D33/><U109/><E109/><V96/><F96/><W94/><G20/><N who="0" m="13319" /><D18/><U86/><E86/><N who="0" m="33385" /><D76/><U25/><E25/><V52/><F52/><W120/><G120/><N who="2" m="30721" /><V73/><DORA hai="112" /><F78/><W79/><G79/><T71/><D71/><U66/><REACH who="1" step="1"/><E66/><REACH who="1" ten="250,240,250,250" step="2"/><V111/><F111/><W81/><REACH who="3" step="1"/><G81/><REACH who="3" ten="250,240,250,240" step="2"/><T119/><D119/><U49/><AGARI ba="0,2" hai="14,15,17,23,26,40,47,49,56,63,67,80,82,83" machi="49" ten="30,7900,0" yaku="1,1,2,1,0,1,8,1,53,0" doraHai="114,112" doraHaiUra="125,69" who="1" fromWho="1" sc="250,-39,240,99,250,-20,240,-20" /><INIT seed="1,0,0,3,5,132" ten="211,339,230,220" oya="1" hai0="118,116,79,85,41,124,18,114,65,109,128,34,3" hai1="53,33,4,40,82,46,12,80,123,8,112,108,121" hai2="20,24,45,58,49,92,70,90,75,119,127,81,27" hai3="56,11,14,17,10,103,47,96,36,63,67,39,73"/><U106/><E106/><V64/><F70/><W66/><G73/><T74/><D74/><U98/><E112/><V31/><F119/><W55/><G10/><T89/><D114/><U76/><E33/><V1/><F1/><W71/><G47/><T87/><D34/><U5/><E5/><V22/><F127/><W38/><REACH who="3" step="1"/><G71/><REACH who="3" ten="211,339,230,210" step="2"/><T23/><D118/><U25/><E46/><V130/><F130/><W86/><G86/><T104/><D128/><U13/><E8/><V129/><F129/><W97/><G97/><T44/><D116/><U99/><E98/><V57/><F64/><W16/><G16/><T134/><D124/><U125/><E99/><N who="2" m="57751" /><F81/><W62/><G62/><T77/><D65/><U83/><E82/><V21/><F75/><W9/><G9/><T37/><D85/><U6/><E83/><V131/><F131/><W30/><G30/><T69/><D69/><U113/><E80/><V133/><F133/><W95/><AGARI ba="0,1" hai="11,14,17,36,38,39,55,56,63,66,67,95,96,103" machi="95" ten="30,2000,0" yaku="1,1,0,1,53,0" doraHai="132" doraHaiUra="117" who="3" fromWho="3" sc="211,-5,339,-10,230,-5,210,30" /><INIT seed="2,0,0,4,0,21" ten="206,329,225,240" oya="2" hai0="16,25,109,97,59,12,55,63,53,14,62,92,22" hai1="84,124,42,20,71,56,19,78,2,101,1,96,64" hai2="90,39,94,34,104,88,89,98,116,100,68,107,35" hai3="7,13,130,6,36,58,23,95,108,40,123,5,28"/><V114/><F68/><W0/><G36/><T48/><D109/><U122/><E71/><V18/><F39/><W85/><G40/><T72/><D72/><U24/><E122/><V9/><F116/><W115/><G58/><N who="0" m="35151" /><D48/><U120/><E42/><V37/><F37/><W99/><G85/><T38/><D38/><U43/><E43/><V102/><F114/><W4/><G95/><T127/><D127/><U110/><E124/><V79/><F79/><W15/><G99/><T51/><D51/><U126/><E126/><V17/><F94/><W54/><G54/><T45/><D45/><U29/><E120/><V66/><F66/><W30/><G123/><T93/><D93/><U91/><E78/><V46/><F46/><W134/><G130/><T87/><D87/><U57/><E110/><V81/><F81/><W132/><G108/><T128/><D128/><U129/><E129/><V125/><F125/><W133/><G115/><T73/><D73/><U74/><E74/><V77/><F77/><W41/><G41/><T8/><D8/><U76/><E76/><V33/><F9/><W86/><G86/><T60/><D60/><U27/><E96/><AGARI ba="0,0" hai="17,18,33,34,35,88,89,90,96,98,100,102,104,107" machi="96" ten="50,4800,0" yaku="9,1,54,1" doraHai="21" who="2" fromWho="1" sc="206,0,329,-48,225,48,240,0" /><INIT seed="2,1,0,3,1,1" ten="206,281,273,240" oya="2" hai0="43,72,81,65,25,129,94,127,108,103,87,126,32" hai1="55,118,112,31,69,125,120,123,98,61,84,74,100" hai2="45,26,59,53,79,33,42,83,106,131,64,52,102" hai3="109,96,16,35,107,93,62,71,56,92,78,124,12"/><V15/><F131/><W49/><G109/><T3/><D129/><U28/><E74/><V58/><F106/><W17/><G124/><N who="0" m="47659" /><D108/><U37/><E37/><V57/><F102/><W115/><G35/><T24/><D3/><U2/><E2/><V76/><F33/><W22/><G115/><T86/><D65/><U119/><E125/><V134/><F26/><W85/><G71/><T90/><D72/><U67/><E112/><V111/><F64/><N who="3" m="38983" /><G107/><T34/><D43/><U113/><E113/><V40/><F134/><W36/><G36/><T116/><D116/><N who="1" m="44587" /><E55/><N who="2" m="21067" /><F111/><W114/><G114/><T105/><D105/><N who="1" m="63639" /><E84/><N who="2" m="48231" /><F79/><W122/><G122/><AGARI ba="1,0" hai="28,31,61,67,69,120,122,123" m="63639,44587" machi="122" ten="30,1000,0" yaku="13,1" doraHai="1" who="1" fromWho="3" sc="206,0,281,13,273,0,240,-13" /><INIT seed="3,0,0,2,0,33" ten="206,294,273,227" oya="3" hai0="103,56,64,21,66,15,98,79,32,50,135,68,99" hai1="126,47,133,125,22,1,5,13,131,88,117,29,12" hai2="124,78,67,122,35,40,9,93,85,127,104,70,43" hai3="121,58,63,28,25,45,10,37,17,110,89,73,96"/><W48/><G121/><T75/><D32/><U41/><E117/><V108/><F104/><W36/><G73/><T97/><D68/><U6/><E88/><N who="2" m="53391" /><F35/><W60/><G110/><T0/><D0/><U116/><E116/><V100/><F122/><W69/><G63/><T123/><D123/><U107/><E107/><V71/><F108/><W61/><G61/><T81/><D135/><U42/><E133/><V112/><F100/><W134/><G69/><N who="2" m="26121" /><F67/><W65/><G134/><T87/><D75/><U111/><E111/><V52/><F112/><W83/><G10/><T84/><D103/><U27/><E47/><V113/><F113/><W118/><G118/><T114/><D114/><U44/><E44/><V77/><F9/><W54/><G17/><N who="0" m="10431" /><D84/><U14/><E1/><V109/><F109/><W18/><G18/><T106/><D106/><U4/><REACH who="1" step="1"/><E131/><REACH who="1" ten="206,284,273,227" step="2"/><V49/><F43/><AGARI ba="0,1" hai="4,5,6,12,13,14,22,27,29,41,42,43,125,126" machi="43" ten="50,3200,0" yaku="1,1,2,1,53,0" doraHai="33" doraHaiUra="120" who="1" fromWho="2" sc="206,0,284,42,273,-32,227,0" owari="206,-29.0,326,42.0,241,4.0,227,-17.0" /></mjloggm>