<mjloggm ver="2.3"><GO type="41" lobby="0"/><UN n0="%E3%82%BF%E3%83%BC%E3%83%AB%E3%83%BB%E3%82%BF%E3%83%90%E3%83%83%E3%82%B3" n1="%4D%68%69%72%6F%70%6F%6E" n2="%E5%B0%B1%E6%B4%BB%E7%94%9F%40%E5%B7%9D%E6%9D%91%E8%BB%8D%E5%9B%A3" n3="%63%68%72%6F%75%73%61" dan="15,14,14,15" rate="1957.85,1895.15,1959.05,2004.95" sx="M,M,M,M"/><TAIKYOKU oya="0"/><INIT seed="0,0,0,1,3,133" ten="250,250,250,250" oya="0" hai0="76,25,10,90,21,72,27,8,26,80,5,33,95" hai1="66,125,60,12,24,3,2,32,63,111,98,45,11" hai2="39,113,134,108,74,96,36,120,101,52,124,40,19" hai3="46,92,84,14,102,103,43,85,9,128,135,15,88"/><T68/><D68/><U59/><E111/><V123/><F108/><W87/><G135/><T117/><D117/><U122/><E122/><V114/><F134/><W37/><G128/><T20/><D33/><U61/><E45/><V73/><F19/><W77/><G77/><T47/><D47/><U100/><E125/><V110/><F110/><W28/><G28/><T58/><D58/><U109/><E109/><V127/><F40/><W38/><G38/><N who="2" m="14377" /><F52/><W121/><G121/><N who="2" m="46665" /><F96/><W0/><G0/><T89/><D89/><U71/><E61/><V6/><F6/><W55/><G55/><T78/><D78/><U29/><E63/><V105/><F105/><W56/><G56/><T65/><D65/><U57/><E3/><V83/><F83/><W118/><G118/><T86/><REACH who="0" step="1"/><D10/><REACH who="0" ten="240,250,250,250" step="2"/><U49/><E2/><AGARI ba="0,1" hai="2,5,8,20,21,25,26,27,72,76,80,86,90,95" machi="2" ten="40,3900,0" yaku="1,1,2,1,53,0" doraHai="133" doraHaiUra="67" who="0" fromWho="1" sc="240,49,250,-39,250,0,250,0" /><INIT seed="0,1,0,5,1,12" ten="289,211,250,250" oya="0" hai0="74,111,123,52,126,70,36,78,15,26,64,45,87" hai1="95,113,24,88,71,16,135,44,55,96,81,75,80" hai2="34,25,120,99,30,7,107,77,116,122,62,56,133" hai3="46,35,9,101,38,5,6,49,65,2,47,61,41"/><T37/><D123/><U54/><E71/><V109/><F116/><W60/><G101/><T53/><D126/><U128/><E75/><V1/><F133/><W27/><G6/><T86/><D26/><U67/><E113/><V23/><F109/><W69/><G60/><T8/><D74/><U114/><E114/><V33/><F77/><W112/><G112/><T13/><D70/><U130/><E67/><V10/><F107/><W32/><REACH who="3" step="1"/><G27/><REACH who="3" ten="289,211,250,240" step="2"/><T76/><D111/><U21/><E135/><V98/><F120/><W82/><G82/><N who="1" m="31850" /><E44/><V66/><F122/><W83/><G83/><T105/><D45/><U106/><E106/><V22/><F34/><W89/><G89/><T84/><D105/><U72/><E72/><V131/><F131/><AGARI ba="1,1" hai="16,21,24,54,55,88,95,96,128,130,131" m="31850" machi="131" ten="30,7700,0" yaku="19,1,52,1,54,2" doraHai="12" who="1" fromWho="2" sc="289,0,211,90,250,-80,240,0" /><INIT seed="1,0,0,1,5,132" ten="289,301,170,240" oya="1" hai0="125,133,103,129,18,83,119,67,39,40,91,74,19" hai1="61,36,7,81,76,128,55,88,112,28,52,45,117" hai2="38,4,95,70,0,126,35,79,75,110,49,134,94" hai3="41,78,122,2,97,23,59,66,107,30,105,106,72"/><U60/><E117/><V58/><F70/><W131/><G2/><T84/><D119/><U118/><E112/><V68/><F68/><W86/><G122/><T47/><D129/><U69/><E128/><V50/><F38/><W113/><G41/><T5/><D133/><U64/><E118/><V15/><F35/><W43/><G43/><T12/><D103/><U135/><E135/><V73/><F79/><W10/><G10/><T32/><D32/><U123/><E123/><V62/><F0/><W54/><G66/><T85/><D74/><U6/><E28/><V65/><F134/><W56/><G23/><T21/><D67/><U53/><E61/><V9/><F110/><W17/><G17/><T96/><D96/><U51/><E36/><V101/><F126/><W34/><G78/><T13/><D125/><U127/><E127/><V57/><F49/><W31/><G34/><T104/><D104/><U77/><E88/><V114/><F114/><W14/><G107/><T22/><D85/><U44/><E44/><V120/><F120/><W25/><G86/><T33/><D33/><U102/><E102/><V124/><F124/><W20/><G106/><T3/><D3/><U116/><E116/><V90/><F95/><W11/><G105/><T63/><D63/><U89/><E89/><V93/><F93/><W71/><G71/><T46/><D46/><U37/><E37/><V80/><F80/><W92/><G92/><T16/><REACH who="0" step="1"/><D19/><REACH who="0" ten="279,301,170,240" step="2"/><U1/><E1/><V27/><F101/><W99/><G131/><T82/><D82/><U24/><E81/><V100/><F100/><RYUUKYOKU ba="0,1" sc="279,30,301,-10,170,-10,240,-10" hai0="5,12,13,16,18,21,22,39,40,47,83,84,91" /><INIT seed="2,1,1,1,3,109" ten="309,291,160,230" oya="2" hai0="53,132,65,94,20,5,83,70,121,51,24,91,2" hai1="64,99,47,41,124,76,106,95,60,100,36,45,79" hai2="74,48,119,61,102,54,72,107,108,117,68,55,42" hai3="25,59,103,104,52,56,3,110,46,73,66,101,81"/><V57/><F108/><W67/><G3/><T75/><D132/><U116/><E116/><V114/><F114/><W33/><G104/><T129/><D129/><U113/><E113/><V58/><F42/><W133/><G133/><T135/><D135/><U93/><E124/><V105/><F68/><W118/><G118/><T112/><D121/><U28/><E28/><V122/><F122/><W1/><G1/><T49/><D112/><U77/><REACH who="1" step="1"/><E47/><REACH who="1" ten="309,281,160,230" step="2"/><V50/><REACH who="2" step="1"/><F61/><REACH who="2" ten="309,281,150,230" step="2"/><W131/><G110/><T123/><D123/><U43/><E43/><V69/><F69/><AGARI ba="1,3" hai="36,41,45,60,64,69,76,77,79,93,95,99,100,106" machi="69" ten="40,1300,0" yaku="1,1,53,0" doraHai="109" doraHaiUra="125" who="1" fromWho="2" sc="309,0,281,46,150,-16,230,0" /><INIT seed="3,0,0,0,3,16" ten="309,327,134,230" oya="3" hai0="40,49,33,12,89,107,64,134,48,17,5,65,0" hai1="51,118,22,9,37,34,47,4,52,135,13,11,50" hai2="98,78,80,75,133,18,79,62,68,95,125,85,128" hai3="124,3,84,131,30,121,112,2,63,69,23,122,6"/><W103/><G112/><T45/><D107/><U100/><E118/><V28/><F128/><W120/><G131/><T31/><D134/><U32/><E135/><V126/><F28/><W20/><G124/><N who="2" m="47721" /><F68/><W93/><G30/><T44/><D89/><U43/><E100/><N who="2" m="60511" /><F62/><W56/><G69/><T36/><D36/><U54/><E22/><V71/><F71/><W116/><G116/><T1/><D1/><U25/><E25/><V10/><F10/><W108/><G108/><T119/><D119/><U21/><E21/><V88/><F18/><W7/><G84/><T57/><D31/><U81/><E81/><N who="2" m="45279" /><F133/><W96/><G6/><T70/><D70/><U42/><E11/><V76/><AGARI ba="0,0" hai="76,79,80,85,88" m="45279,60511,47721" machi="76" ten="30,7900,0" yaku="18,1,34,2,54,1" doraHai="16" who="2" fromWho="2" sc="309,-20,327,-20,134,79,230,-39" /><INIT seed="4,0,0,2,3,72" ten="289,307,213,191" oya="0" hai0="25,102,4,131,76,7,74,18,33,41,55,44,88" hai1="134,132,121,56,51,81,92,21,94,20,37,26,127" hai2="130,36,57,78,87,3,67,90,77,129,71,133,73" hai3="113,8,38,101,10,14,6,97,63,9,15,1,82"/><T117/><D117/><U5/><E121/><V123/><F73/><W107/><G113/><T31/><D102/><U120/><E120/><V75/><F75/><W114/><G114/><T42/><D131/><N who="2" m="50186" /><F71/><W12/><G38/><T93/><D18/><U135/><E37/><V126/><F123/><W105/><G105/><T39/><D55/><N who="1" m="31871" /><E5/><V124/><F3/><W19/><G63/><T91/><D42/><U118/><E118/><V47/><F36/><W48/><G48/><T61/><D61/><U109/><E109/><V49/><F57/><W43/><G43/><T32/><D32/><U83/><E127/><N who="2" m="48683" /><F67/><W50/><G50/><T104/><D74/><U29/><E21/><V128/><F128/><W34/><G34/><T99/><D33/><U110/><E110/><V28/><F28/><W52/><G1/><T103/><D31/><U23/><E23/><V35/><F35/><W116/><G116/><T79/><D39/><U122/><E122/><V84/><F133/><N who="1" m="34049" /><U106/><DORA hai="125" /><E106/><V27/><F27/><W115/><G107/><T40/><D104/><U96/><E94/><N who="2" m="54599" /><F87/><W89/><G115/><T70/><D70/><U24/><E24/><V13/><F13/><W62/><G12/><T54/><D25/><U58/><E58/><V45/><F45/><W46/><G15/><T11/><D44/><U85/><E85/><V60/><F60/><W100/><G62/><T86/><D86/><U108/><E108/><V66/><F66/><W80/><G46/><T22/><D41/><AGARI ba="0,0" hai="41,47,49,77,78" m="54599,48683,50186" machi="41" ten="30,12000,2" yaku="19,1,18,1,52,5" doraHai="72,125" who="2" fromWho="0" sc="289,-120,307,0,213,120,191,0" /><INIT seed="5,0,0,5,2,0" ten="169,307,333,191" oya="1" hai0="25,97,79,55,35,42,87,119,116,57,95,17,92" hai1="104,34,12,44,75,29,134,24,56,74,127,31,13" hai2="86,60,90,128,130,115,18,7,109,103,53,14,16" hai3="28,41,63,102,1,72,70,78,15,125,121,43,23"/><U36/><E134/><V64/><F109/><W76/><G121/><T21/><D35/><U110/><E110/><V129/><F103/><W108/><G108/><T67/><D42/><U62/><E127/><V118/><F118/><W126/><G1/><T11/><D11/><U59/><E104/><V113/><F53/><W123/><G102/><T88/><D67/><U5/><E36/><V77/><F77/><W120/><G15/><T9/><D9/><U132/><E132/><V32/><F32/><W106/><G23/><T111/><D111/><U54/><E44/><V89/><F7/><W124/><G106/><T112/><D112/><N who="2" m="43082" /><F14/><W46/><G78/><T66/><D66/><U101/><E31/><V94/><F90/><W82/><G76/><T84/><D84/><U6/><E101/><V8/><F8/><W2/><G120/><T71/><D71/><AGARI ba="0,0" hai="16,18,60,64,71,86,89,94,128,129,130" m="43082" machi="71" ten="40,8000,1" yaku="19,1,15,1,11,1,54,1" doraHai="0" who="2" fromWho="0" sc="169,-80,307,0,333,80,191,0" /><INIT seed="6,0,0,0,0,100" ten="89,307,413,191" oya="2" hai0="34,5,11,135,50,36,87,93,40,12,21,41,115" hai1="58,31,118,51,18,116,46,20,43,96,121,112,88" hai2="125,103,70,79,78,35,67,22,130,23,128,17,16" hai3="134,86,97,71,25,53,63,9,81,3,76,129,66"/><V126/><F70/><W122/><G134/><T127/><D127/><N who="2" m="48650" /><F67/><W49/><G129/><N who="2" m="49769" /><F103/><W84/><G122/><T108/><D135/><U82/><E121/><V38/><F38/><W107/><G9/><T10/><D34/><U2/><E112/><V45/><F45/><W77/><G3/><T27/><D115/><U32/><E2/><V123/><F123/><W133/><G25/><T59/><D36/><U98/><E58/><V99/><F99/><W101/><G133/><T110/><D11/><U131/><E131/><V26/><F35/><W47/><REACH who="3" step="1"/><G77/><REACH who="3" ten="89,307,413,181" step="2"/><T1/><D1/><U124/><E124/><V30/><F30/><W72/><AGARI ba="0,1" hai="47,49,53,63,66,71,72,76,81,84,86,97,101,107" machi="72" ten="20,8000,1" yaku="1,1,2,1,0,1,7,1,52,1,53,0" doraHai="100" doraHaiUra="4" who="3" fromWho="3" sc="89,-20,307,-20,413,-40,181,90" /><INIT seed="7,0,0,1,0,87" ten="69,287,373,271" oya="3" hai0="2,107,28,17,126,58,103,72,119,31,109,75,5" hai1="100,24,85,26,81,97,22,120,86,10,47,91,64" hai2="135,1,93,123,132,88,39,121,4,15,79,124,113" hai3="128,40,56,29,12,111,67,90,19,125,65,49,52"/><W96/><G125/><T54/><D126/><U74/><E120/><N who="2" m="46155" /><F113/><W59/><G128/><T42/><D119/><U133/><E133/><N who="2" m="51275" /><F124/><W37/><G111/><T84/><D109/><U80/><E74/><V14/><F79/><W6/><G29/><T7/><D42/><U115/><E115/><V102/><F102/><W9/><G59/><T68/><D68/><U89/><E10/><N who="2" m="2319" /><F39/><W60/><G37/><T99/><D72/><U50/><E64/><V82/><F82/><W3/><G3/><T21/><D75/><U117/><E22/><V53/><F53/><W131/><G131/><T13/><D31/><U41/><REACH who="1" step="1"/><E117/><REACH who="1" ten="69,277,373,271" step="2"/><V129/><F129/><W77/><G67/><T95/><D28/><U0/><E0/><V101/><F101/><W130/><G65/><T27/><D27/><U98/><E98/><AGARI ba="0,1" hai="14,15,88,93,98" m="2319,51275,46155" machi="98" ten="30,7700,0" yaku="13,1,20,1,52,1,54,1" doraHai="87" who="2" fromWho="1" sc="69,0,277,-77,373,87,271,0" owari="69,-43.0,200,-20.0,460,56.0,271,7.0" /></mjloggm>