<mjloggm ver="2.3"><GO type="169" lobby="0"/><UN n0="%E3%82%B5%E3%83%B3%E3%83%9E%E9%81%93%E6%A5%BD%E4%BB%A3%E8%A1%A8" n1="%E3%83%88%E3%83%88%E3%83%AA%E5%85%88%E7%94%9F%31%39%E6%AD%B3" n2="%6E%6E%6E%6E%6E%6E" n3="%E9%A3%9B%E6%B2%AB" dan="17,18,16,16" rate="2207.18,2189.17,2131.00,2090.54" sx="M,F,M,M"/><TAIKYOKU oya="0"/><INIT seed="0,0,0,3,3,49" ten="250,250,250,250" oya="0" hai0="115,70,35,120,116,127,66,10,96,43,74,67,84" hai1="65,25,100,109,85,125,5,126,36,107,105,6,39" hai2="94,92,44,111,59,9,121,22,71,98,26,102,16" hai3="8,73,11,60,57,23,128,29,113,83,93,55,0"/><T124/><D74/><U18/><E85/><V50/><F111/><W129/><G113/><T42/><D35/><U104/><E25/><V28/><F71/><W131/><G0/><T24/><D24/><U114/><E18/><V53/><F121/><W99/><G29/><T56/><D120/><U90/><E90/><V103/><F92/><W33/><G23/><T64/><D96/><U41/><E41/><N who="0" m="15369" /><D84/><U132/><E65/><V12/><REACH who="2" step="1"/><F44/><REACH who="2" ten="250,250,240,250" step="2"/><W87/><G73/><T118/><D115/><U122/><E114/><V21/><F21/><W47/><G47/><T7/><D70/><U97/><E122/><V48/><F48/><W123/><G33/><T1/><D56/><U135/><E109/><V108/><F108/><W78/><REACH who="3" step="1"/><G123/><REACH who="3" ten="250,250,240,240" step="2"/><T75/><D75/><U72/><E72/><V76/><F76/><W58/><G58/><T134/><D134/><U32/><E32/><V45/><F45/><W82/><G82/><T30/><D30/><U2/><E132/><V68/><F68/><W133/><G133/><T62/><D62/><U52/><E135/><V61/><F61/><W106/><G106/><T69/><D69/><U38/><E105/><V4/><F4/><W95/><G95/><T80/><D80/><U17/><E6/><V86/><F86/><W91/><AGARI ba="0,2" hai="8,11,55,57,60,78,83,87,91,93,99,128,129,131" machi="91" ten="30,7900,0" yaku="1,1,0,1,19,1,52,1,53,0" doraHai="49" doraHaiUra="15" who="3" fromWho="3" sc="250,-39,250,-20,240,-20,240,99" /><INIT seed="1,0,0,3,0,68" ten="211,230,220,339" oya="1" hai0="95,42,17,34,72,6,88,79,77,38,66,102,1" hai1="57,100,43,49,7,26,32,78,91,39,33,120,37" hai2="45,125,119,90,80,92,75,85,104,109,0,47,112" hai3="63,56,86,5,31,71,58,134,123,69,132,126,74"/><U133/><E120/><V21/><F119/><W107/><G74/><T82/><D79/><U118/><E118/><V59/><F0/><W62/><G107/><T128/><D128/><U28/><E33/><V27/><F125/><W29/><G5/><T70/><D34/><U19/><E133/><N who="3" m="51306" /><G86/><T23/><D102/><U114/><E114/><V108/><F112/><W2/><G2/><T22/><D70/><N who="3" m="26633" /><G29/><T50/><D66/><U105/><E78/><V13/><F13/><W106/><G31/><T113/><D50/><U12/><E7/><V129/><F129/><W51/><G106/><T60/><D60/><N who="3" m="23081" /><G123/><T110/><D113/><U131/><E131/><V8/><F8/><W9/><G9/><N who="0" m="2255" /><D17/><U3/><E3/><V40/><F104/><W30/><G30/><T111/><D22/><U94/><E100/><V116/><F116/><W93/><G93/><T117/><D23/><U46/><E105/><V65/><F75/><W115/><G115/><T52/><D117/><U25/><E25/><V73/><F73/><W89/><G89/><T61/><D95/><U96/><REACH who="1" step="1"/><E57/><REACH who="1" ten="211,220,220,339" step="2"/><V11/><F59/><W135/><G135/><T35/><D35/><U99/><E99/><V18/><F27/><W67/><G67/><T24/><D24/><U53/><E53/><V127/><F65/><W121/><G121/><T36/><D52/><U122/><E122/><V54/><F54/><N who="3" m="31839" /><G58/><T101/><D77/><U130/><E130/><V83/><F85/><W64/><G64/><T16/><D101/><U103/><E103/><V20/><F90/><W14/><G126/><T44/><D88/><RYUUKYOKU ba="0,1" sc="211,-15,220,15,220,-15,339,15" hai1="12,19,26,28,32,37,39,43,46,49,91,94,96" hai3="14" /><INIT seed="1,1,1,3,4,12" ten="196,235,205,354" oya="1" hai0="114,54,85,84,100,113,92,50,33,17,39,5,105" hai1="37,45,28,70,25,93,97,102,65,11,52,87,20" hai2="40,24,15,35,115,22,83,122,16,121,49,46,34" hai3="69,4,61,96,19,119,77,128,60,112,73,91,104"/><U89/><E70/><V79/><F115/><W74/><G112/><T14/><D39/><U53/><E65/><V13/><F15/><W47/><G4/><T21/><D33/><U57/><E37/><V67/><F67/><W108/><G108/><T68/><D68/><U18/><E45/><V120/><REACH who="2" step="1"/><F13/><REACH who="2" ten="196,235,195,354" step="2"/><W6/><G128/><T36/><D114/><U78/><E11/><V82/><F82/><W118/><G119/><T81/><D113/><U130/><E130/><V31/><F31/><W32/><G118/><T29/><D29/><U43/><E43/><V101/><F101/><W123/><G123/><T131/><D131/><U95/><E28/><V129/><F129/><W23/><G32/><T64/><D64/><U63/><E53/><V90/><F90/><W127/><G91/><T9/><D100/><U51/><E78/><V99/><F99/><W1/><G77/><T7/><D9/><U124/><E124/><V110/><F110/><W80/><G127/><T106/><D54/><U76/><E76/><V26/><F26/><W103/><G103/><T133/><D7/><U117/><E117/><V59/><F59/><W3/><G6/><T27/><D5/><U66/><E66/><V42/><F42/><W75/><G69/><T134/><D14/><U132/><E132/><V135/><F135/><W109/><G109/><T2/><D133/><U62/><AGARI ba="1,2" hai="18,20,25,51,52,57,62,63,87,89,93,95,97,102" machi="62" ten="30,11700,0" yaku="0,1,8,1,52,1,54,1" doraHai="12" who="1" fromWho="1" sc="196,-40,235,140,195,-40,354,-40" /><INIT seed="1,2,0,4,4,61" ten="156,375,155,314" oya="1" hai0="46,70,45,125,17,60,67,128,104,36,13,84,48" hai1="133,58,92,59,107,52,35,87,1,112,7,97,38" hai2="115,83,32,8,102,26,77,110,24,20,88,121,113" hai3="111,40,134,105,118,0,126,95,68,108,116,54,22"/><U85/><E112/><N who="2" m="43083" /><F110/><N who="3" m="42027" /><G105/><T6/><D104/><U103/><E38/><V119/><F119/><N who="3" m="45611" /><G0/><T131/><D6/><U93/><E35/><V21/><F121/><W50/><G22/><N who="2" m="8809" /><F102/><W96/><G68/><T129/><D70/><U106/><E133/><V62/><F62/><W94/><G134/><T51/><D84/><U43/><E43/><V63/><F63/><W33/><G33/><T49/><D17/><U89/><E59/><V73/><F32/><W55/><G126/><T99/><D13/><U47/><E47/><N who="0" m="17929" /><D99/><U117/><E87/><N who="2" m="50303" /><F8/><W44/><G94/><T57/><D36/><U18/><E117/><V123/><F123/><W90/><AGARI ba="2,0" hai="40,44,50,54,55,90,95,96" m="45611,42027" machi="90" ten="30,2000,0" yaku="14,1,12,1" doraHai="61" who="3" fromWho="3" sc="156,-7,375,-12,155,-7,314,26" /><INIT seed="2,0,0,0,0,17" ten="149,363,148,340" oya="2" hai0="88,25,56,19,107,20,50,87,61,58,97,105,0" hai1="100,27,86,90,101,118,134,69,110,113,85,30,6" hai2="1,51,75,24,37,8,135,103,83,106,117,14,104" hai3="98,39,114,40,52,18,67,64,59,26,72,46,71"/><V122/><F122/><W91/><G72/><T38/><D38/><U76/><E69/><V47/><F117/><W35/><G114/><T2/><D105/><U44/><E113/><V57/><F1/><W119/><G119/><T31/><D31/><U73/><E118/><V121/><F135/><W43/><G43/><T125/><D125/><U95/><E73/><V130/><F130/><W21/><G35/><T11/><D11/><U82/><E134/><V93/><F57/><W132/><G71/><T80/><D107/><U92/><E110/><V115/><F37/><W68/><G68/><T84/><D97/><U74/><E6/><V79/><F121/><W128/><G128/><T33/><D33/><U13/><E13/><V23/><F93/><N who="3" m="56639" /><G132/><T133/><D133/><U55/><E95/><V28/><F103/><W36/><G36/><T126/><D126/><U70/><E74/><V65/><F65/><W89/><G89/><T9/><D9/><U78/><E78/><V7/><REACH who="2" step="1"/><F115/><REACH who="2" ten="149,363,138,340" step="2"/><W108/><G108/><T32/><D2/><U96/><E70/><V4/><F4/><W60/><AGARI ba="0,1" hai="18,21,26,39,40,46,52,59,60,64,67" m="56639" machi="60" ten="30,4000,0" yaku="25,1,52,1,54,1" doraHai="17" who="3" fromWho="3" sc="149,-10,363,-10,138,-20,340,50" /><INIT seed="3,0,0,5,5,81" ten="139,353,118,390" oya="3" hai0="102,64,116,134,123,26,69,88,97,86,27,8,79" hai1="90,53,76,111,87,38,50,54,40,80,48,1,125" hai2="44,130,77,58,70,47,62,78,124,57,39,20,119" hai3="71,110,61,35,135,43,115,89,67,46,82,91,92"/><W60/><G115/><T10/><D123/><U16/><E1/><V85/><F119/><W15/><G35/><T19/><D116/><U56/><E111/><V37/><F130/><W75/><G110/><T113/><D113/><U126/><E38/><V23/><F62/><W73/><G135/><T118/><D118/><U2/><E40/><V100/><F100/><W109/><G109/><T55/><D69/><U49/><E2/><V103/><F103/><W41/><G61/><T3/><D64/><U31/><E31/><V0/><F0/><W52/><G82/><T21/><D3/><U42/><E42/><V107/><F124/><N who="1" m="47721" /><E16/><V133/><F107/><W14/><G73/><T12/><D79/><U51/><E76/><V114/><F114/><W129/><G75/><T34/><D55/><AGARI ba="0,0" hai="48,49,50,51,53,54,55,56,80,87,90" m="47721" machi="55" ten="30,2000,0" yaku="18,1,52,1" doraHai="81" who="1" fromWho="0" sc="139,-20,353,20,118,0,390,0" /><INIT seed="4,0,0,2,1,126" ten="119,373,118,390" oya="0" hai0="39,86,23,9,8,31,61,83,26,12,117,99,98" hai1="94,24,29,67,36,71,90,10,44,125,110,104,105" hai2="65,113,19,72,56,33,43,68,51,103,18,116,106" hai3="107,124,17,87,109,134,76,21,84,102,120,46,47"/><T7/><D39/><U4/><E110/><V50/><F72/><W38/><G109/><T132/><D117/><U2/><E125/><V37/><F33/><W13/><G124/><T30/><D30/><U97/><E67/><V131/><F116/><W1/><G1/><T42/><D132/><U54/><E71/><V27/><F113/><W22/><G134/><T55/><D42/><U119/><E119/><V112/><F112/><W92/><G107/><T121/><D121/><U52/><E36/><V3/><F3/><W32/><G32/><T128/><D9/><U129/><E129/><V35/><F131/><W70/><G70/><T48/><D61/><U123/><E123/><V80/><F80/><N who="3" m="47111" /><G38/><T5/><D5/><U114/><E114/><V60/><F56/><W127/><G127/><T101/><D101/><U25/><E25/><V93/><F93/><W91/><G120/><T53/><D128/><U45/><E45/><N who="3" m="16906" /><G102/><T62/><D62/><U40/><E40/><V20/><F43/><W130/><G130/><T85/><D85/><U95/><E95/><V59/><F37/><W41/><G41/><T63/><D63/><U66/><E66/><V11/><F68/><W78/><G78/><N who="0" m="46455" /><D53/><U89/><E89/><V34/><F34/><W0/><G0/><T115/><D115/><U88/><E90/><V108/><F35/><W96/><G87/><T111/><D111/><U75/><E75/><V74/><F74/><W79/><G79/><T69/><D69/><U122/><E122/><V28/><F108/><W16/><G17/><N who="2" m="6153" /><F11/><AGARI ba="0,0" hai="11,13,16,21,22,91,92,96" m="16906,47111" machi="11" ten="30,2000,0" yaku="8,1,54,1" doraHai="126" who="3" fromWho="2" sc="119,0,373,0,118,-20,390,20" /><INIT seed="5,0,0,4,1,10" ten="119,373,98,410" oya="1" hai0="107,34,108,81,125,18,98,19,7,90,52,134,110" hai1="71,20,32,23,67,30,80,69,123,119,126,128,5" hai2="120,115,49,65,104,41,94,55,53,36,78,92,8" hai3="31,46,114,122,17,0,9,129,64,109,2,58,15"/><U61/><E119/><V12/><F120/><W45/><G122/><T74/><D34/><U22/><E123/><V95/><F104/><W121/><G121/><T57/><D134/><U43/><E128/><V132/><F36/><W3/><G109/><T60/><D125/><U42/><E126/><V28/><F132/><W62/><G114/><T25/><D7/><U68/><E5/><V63/><F78/><W29/><REACH who="3" step="1"/><G129/><REACH who="3" ten="119,373,98,400" step="2"/><T33/><D108/><U1/><E1/><V124/><F115/><W102/><G102/><T50/><D110/><U86/><E32/><V26/><F124/><W77/><G77/><T89/><D33/><U47/><E30/><AGARI ba="0,1" hai="0,2,3,9,15,17,29,30,31,45,46,58,62,64" machi="30" ten="40,2600,0" yaku="1,1,52,1,53,0" doraHai="10" doraHaiUra="100" who="3" fromWho="1" sc="119,0,373,-26,98,0,400,36" /><INIT seed="6,0,0,0,1,25" ten="119,347,98,436" oya="2" hai0="98,51,99,13,60,91,1,128,116,77,126,57,2" hai1="22,53,10,11,33,72,38,104,89,56,14,29,41" hai2="19,7,59,82,134,121,62,111,131,103,118,44,124" hai3="93,63,80,119,52,49,0,16,67,84,83,66,18"/><V113/><F118/><W15/><G0/><T105/><D116/><U109/><E104/><V9/><F121/><W96/><G119/><T122/><D122/><U130/><E72/><V88/><F103/><N who="3" m="60815" /><G63/><T107/><D77/><U36/><E109/><V106/><F106/><W32/><G32/><T64/><D126/><U81/><E130/><V68/><F124/><W74/><G74/><T35/><D35/><U87/><E33/><V123/><F123/><W110/><G110/><T97/><D128/><U120/><E120/><V135/><F68/><W58/><G18/><T133/><D133/><N who="2" m="50698" /><F113/><W20/><G83/><T39/><D39/><U40/><E36/><V4/><F44/><W102/><G102/><T27/><D27/><N who="1" m="16631" /><E38/><V108/><F131/><W125/><G125/><T79/><D79/><AGARI ba="0,0" hai="15,16,20,49,52,58,66,67,79,80,84" m="60815" machi="79" ten="30,3900,0" yaku="8,1,54,2" doraHai="25" who="3" fromWho="0" sc="119,-39,347,0,98,0,436,39" /><INIT seed="7,0,0,5,4,33" ten="80,347,98,475" oya="3" hai0="78,48,52,86,61,91,47,9,8,76,60,121,56" hai1="14,41,125,106,46,12,7,124,13,131,67,42,130" hai2="63,58,133,18,83,94,51,82,57,5,19,93,50" hai3="40,22,4,3,45,25,126,34,2,66,0,123,80"/><W90/><G34/><T53/><D61/><U134/><E106/><V32/><F32/><W39/><G66/><T89/><D89/><U120/><E67/><N who="2" m="39407" /><F133/><W108/><G126/><N who="1" m="48746" /><E46/><V15/><F5/><W30/><G108/><T81/><D121/><U54/><E54/><N who="2" m="32087" /><F51/><W114/><G114/><T111/><D111/><U16/><E120/><V28/><F28/><W95/><G80/><N who="2" m="30761" /><F19/><W85/><G123/><T27/><D27/><U43/><E7/><V29/><F29/><W110/><G110/><T17/><D17/><U11/><E11/><AGARI ba="0,0" hai="11,15,18,93,94" m="30761,32087,39407" machi="11" ten="30,1000,0" yaku="8,1" doraHai="33" who="2" fromWho="1" sc="80,0,347,-10,98,10,475,0" /><AGARI ba="0,0" hai="8,9,11,47,48,52,53,56,60,76,78,81,86,91" machi="11" ten="40,2600,0" yaku="8,1,54,1" doraHai="33" who="0" fromWho="1" sc="80,26,337,-26,108,0,475,0" owari="106,-39.0,311,11.0,108,-29.0,475,57.0" /></mjloggm>