<mjloggm ver="2.3"><GO type="97" lobby="0"/><UN n0="%E5%85%A8%E5%B1%80%E5%8F%82%E5%8A%A0%E5%9E%8B%E9%9B%80%E5%A3%AB" n1="%E3%81%82%E3%81%A3%E3%81%95%E3%82%80" n2="%E8%B6%85%E8%83%BD%E5%8A%9B%E8%80%85" n3="%E5%B0%B1%E6%B4%BB%E7%94%9F%40%E5%B7%9D%E6%9D%91%E8%BB%8D%E5%9B%A3" dan="14,14,13,15" rate="2066.18,1995.44,1876.68,2004.66" sx="M,M,M,M"/><TAIKYOKU oya="0"/><INIT seed="0,0,0,3,0,97" ten="250,250,250,250" oya="0" hai0="129,123,94,52,32,100,83,29,11,98,24,93,36" hai1="81,19,117,132,61,131,0,86,70,107,130,121,21" hai2="48,110,28,44,30,47,54,102,26,2,99,78,118" hai3="66,122,45,101,85,128,135,27,84,59,55,49,73"/><T4/><D36/><U76/><E107/><V35/><F2/><W39/><G73/><T103/><D123/><U25/><E0/><V87/><F110/><W71/><G122/><T69/><D129/><N who="1" m="49163" /><E121/><V43/><F30/><W119/><G119/><T88/><D69/><U134/><E117/><V106/><F118/><W14/><G128/><T57/><D83/><U64/><AGARI ba="0,0" hai="19,21,25,61,64,70,76,81,86,132,134" m="49163" machi="64" ten="30,1100,0" yaku="19,1" doraHai="97" who="1" fromWho="1" sc="250,-5,250,11,250,-3,250,-3" /><INIT seed="1,0,0,4,0,2" ten="245,261,247,247" oya="1" hai0="31,112,99,127,41,73,43,13,17,72,102,121,114" hai1="68,52,25,100,39,42,126,9,65,87,33,32,77" hai2="7,36,27,38,49,57,104,3,26,129,85,120,4" hai3="117,130,84,62,134,110,97,1,58,95,11,60,132"/><U86/><E100/><V90/><F120/><W69/><G117/><T5/><D121/><U107/><E107/><V78/><F104/><W24/><G130/><T28/><D127/><U89/><E68/><V105/><F105/><W75/><G75/><T56/><D56/><U50/><E65/><V93/><F3/><W76/><G110/><T67/><D67/><U30/><E33/><V53/><F129/><W125/><G69/><T122/><D122/><U92/><E126/><V101/><F38/><W64/><G125/><T108/><D108/><U79/><E86/><N who="2" m="52439" /><F36/><W131/><G131/><T111/><D111/><U82/><E9/><V22/><F101/><W123/><G62/><T29/><D17/><U88/><E39/><V81/><F26/><W55/><G123/><T15/><D102/><U96/><REACH who="1" step="1"/><E42/><REACH who="1" ten="245,251,247,247" step="2"/><V63/><F63/><W45/><G60/><T74/><D99/><U66/><E66/><V35/><F35/><W59/><G97/><T118/><D118/><U98/><E98/><V47/><F57/><AGARI ba="0,1" hai="25,30,32,50,52,57,77,79,82,87,88,89,92,96" machi="57" ten="30,11600,0" yaku="1,1,7,1,54,2,53,0" doraHai="2" doraHaiUra="135" who="1" fromWho="2" sc="245,0,251,126,247,-116,247,0" /><INIT seed="1,1,0,1,1,39" ten="245,377,131,247" oya="1" hai0="25,97,41,35,103,10,6,18,33,104,100,128,61" hai1="52,9,121,87,85,115,67,50,127,123,70,112,38" hai2="54,78,119,76,84,81,96,99,48,101,82,90,109" hai3="1,11,31,43,80,40,86,53,7,15,13,130,111"/><U62/><E9/><V135/><F119/><W106/><G106/><T17/><D128/><U8/><E8/><V117/><F117/><W46/><G130/><T110/><D110/><U63/><E38/><V20/><F109/><W57/><G111/><T91/><D100/><U116/><E116/><V113/><F113/><N who="1" m="43593" /><E85/><V49/><F135/><W134/><G31/><T72/><D72/><U93/><E93/><V68/><F68/><W42/><G46/><T19/><D91/><U125/><E87/><V26/><F82/><W32/><G32/><T23/><D61/><U21/><E21/><V131/><F131/><W3/><G3/><T107/><D107/><U45/><E63/><V16/><F49/><W71/><G71/><T36/><D36/><U122/><AGARI ba="1,0" hai="45,50,52,62,67,70,121,122,123,125,127" m="43593" machi="122" ten="40,7800,0" yaku="34,2,54,1" doraHai="39" who="1" fromWho="1" sc="245,-27,377,81,131,-27,247,-27" /><INIT seed="1,2,0,0,0,22" ten="218,458,104,220" oya="1" hai0="51,127,121,53,27,131,90,94,89,75,110,106,46" hai1="21,30,4,9,128,112,31,107,1,96,0,86,123" hai2="101,67,40,66,55,100,48,74,25,91,80,99,85" hai3="116,36,47,49,119,43,63,132,19,56,23,120,24"/><U38/><E38/><V117/><F117/><N who="3" m="45131" /><G120/><T41/><D106/><U77/><E30/><V34/><F74/><W11/><G132/><T76/><D121/><U58/><E86/><V79/><F40/><W70/><G70/><T15/><D15/><U39/><E58/><V82/><F100/><W14/><G36/><T118/><D118/><U95/><E95/><V2/><F2/><W102/><G102/><T130/><D127/><U122/><E96/><V54/><F54/><N who="3" m="34199" /><G11/><T12/><D110/><U44/><E9/><V18/><F82/><W68/><G68/><T111/><D111/><U29/><E39/><V26/><F79/><W114/><G114/><T72/><D76/><U92/><E77/><V98/><F34/><W115/><G115/><T129/><D12/><AGARI ba="2,0" hai="12,14,19,23,24,43,47,49" m="34199,45131" machi="12" ten="30,2000,0" yaku="12,1,52,1" doraHai="22" who="3" fromWho="0" sc="218,-26,458,0,104,0,220,26" /><INIT seed="2,0,0,1,2,107" ten="192,458,104,246" oya="2" hai0="44,51,24,82,135,6,106,125,21,23,49,57,56" hai1="62,71,38,48,103,54,42,119,85,66,0,70,132" hai2="22,61,60,76,123,83,43,68,84,55,77,131,29" hai3="11,97,79,102,96,101,98,8,111,93,100,72,99"/><V127/><F123/><W122/><G122/><T30/><D106/><U78/><E119/><V86/><F127/><W88/><REACH who="3" step="1"/><G111/><REACH who="3" ten="192,458,104,236" step="2"/><T47/><D125/><U108/><E108/><V28/><F131/><W14/><G14/><T73/><D135/><U129/><E0/><V90/><F43/><W124/><G124/><T34/><D24/><U17/><E42/><V81/><F68/><W18/><G18/><T65/><D30/><U27/><E17/><V20/><REACH who="2" step="1"/><F55/><REACH who="2" ten="192,458,94,236" step="2"/><W118/><G118/><T53/><D53/><U120/><E70/><V3/><F3/><W92/><G92/><T112/><D112/><U25/><E71/><V133/><F133/><W113/><G113/><T4/><D65/><U67/><E67/><V40/><F40/><W64/><G64/><T41/><D41/><U109/><E66/><V1/><F1/><W7/><G7/><T35/><D4/><U91/><E54/><V75/><F75/><W74/><G74/><T9/><D6/><U89/><E120/><V2/><F2/><W63/><G63/><T50/><D73/><U26/><E62/><V94/><F94/><W87/><G87/><T130/><D130/><U116/><E85/><V37/><F37/><W19/><G19/><T110/><D110/><U33/><E38/><V16/><F16/><W104/><G104/><T128/><D128/><U114/><E109/><V5/><F5/><W13/><G13/><T117/><D117/><U95/><E116/><V31/><F31/><W39/><G39/><T115/><D115/><U105/><E114/><V80/><F80/><AGARI ba="0,2" hai="8,11,72,79,80,88,93,96,97,98,99,100,101,102" machi="80" ten="40,5200,0" yaku="1,1,52,1,54,1,53,0" doraHai="107" doraHaiUra="121" who="3" fromWho="2" sc="192,0,458,0,94,-52,236,72" /><INIT seed="3,0,0,1,4,1" ten="192,458,42,308" oya="3" hai0="85,106,60,126,93,44,89,38,50,97,111,76,35" hai1="82,41,26,73,125,58,47,46,119,55,14,45,17" hai2="33,133,53,118,103,112,100,84,12,59,114,9,116" hai3="4,108,13,30,117,64,65,68,5,130,101,129,16"/><W22/><G117/><T7/><D38/><U49/><E73/><V83/><F59/><W110/><G101/><T29/><D126/><U79/><E119/><V88/><F53/><W21/><G68/><T42/><D35/><U102/><E102/><V122/><F33/><W25/><G64/><T80/><D29/><U8/><E125/><V19/><F19/><W90/><G65/><T134/><D111/><N who="3" m="42537" /><G90/><T31/><D31/><U24/><E79/><V3/><F3/><W40/><G40/><T128/><D134/><U95/><E82/><V123/><F12/><W23/><G23/><T63/><D128/><AGARI ba="0,0" hai="4,5,13,16,21,22,25,30,128,129,130" m="42537" machi="128" ten="30,24000,3" yaku="19,1,14,1,10,1,34,2,52,2,54,1" doraHai="1" who="3" fromWho="0" sc="192,-240,458,0,42,0,308,240" owari="-48,-55.0,458,26.0,42,-36.0,548,65.0" /></mjloggm>