<mjloggm ver="2.3"><GO type="169" lobby="0"/><UN n0="%E9%AC%BC%E5%8F%A3%E3%81%BE%E3%81%93%E3%81%A8" n1="%E3%82%8C%E3%81%A3%E3%81%A9%E3%81%82%E3%81%84" n2="%6E%61%6B%61%6A%75%75%6E" n3="%E3%82%A6%E3%83%AB%E3%83%88%E3%83%A9%E7%AB%8B%E7%9B%B4" dan="16,16,19,18" rate="2132.32,2058.53,2236.56,2206.13" sx="M,M,M,M"/><TAIKYOKU oya="0"/><INIT seed="0,0,0,5,5,59" ten="250,250,250,250" oya="0" hai0="52,45,126,78,4,113,34,32,63,114,1,79,15" hai1="27,88,73,116,21,105,40,2,44,90,0,17,18" hai2="29,94,6,127,111,25,109,24,104,130,122,118,74" hai3="102,13,96,131,67,80,12,99,58,49,16,65,43"/><T10/><D1/><U85/><E73/><V61/><F74/><W108/><G108/><T82/><D126/><U47/><E116/><V71/><F104/><W50/><G13/><T5/><D45/><U56/><E105/><V11/><F94/><W81/><G131/><T120/><D120/><U41/><E56/><V38/><F38/><W39/><G39/><T46/><D46/><U28/><E0/><V124/><F122/><W93/><G99/><T68/><D68/><U3/><E3/><N who="2" m="479" /><F130/><W100/><G100/><T35/><D4/><U75/><E75/><V95/><F95/><W123/><G123/><T23/><D23/><U76/><E2/><V36/><F36/><W133/><G133/><T110/><D110/><N who="2" m="41994" /><F118/><W117/><G117/><T60/><D79/><U121/><E121/><V103/><F103/><W26/><G81/><T7/><D7/><U51/><E76/><V19/><F19/><N who="1" m="7177" /><E85/><V30/><F61/><W84/><G50/><AGARI ba="0,0" hai="21,27,28,40,41,44,47,50,51,88,90" m="7177" machi="50" ten="30,2000,0" yaku="8,1,54,1" doraHai="59" who="1" fromWho="3" sc="250,0,250,20,250,0,250,-20" /><INIT seed="1,0,0,2,3,66" ten="250,270,250,230" oya="1" hai0="56,39,12,86,72,8,28,111,61,124,103,84,45" hai1="57,40,89,15,51,35,85,6,38,26,71,22,42" hai2="132,11,121,47,63,104,125,13,27,14,95,97,126" hai3="69,49,98,115,18,30,70,112,74,108,105,131,58"/><U55/><E35/><V110/><F121/><W25/><G74/><T73/><D103/><U94/><E71/><N who="3" m="27146" /><G18/><T120/><D28/><U29/><E38/><V128/><F104/><W7/><G49/><T101/><D101/><U52/><E55/><V87/><F87/><W102/><G58/><T50/><D39/><U37/><E37/><V93/><F97/><W81/><G81/><T65/><D73/><U44/><E44/><V31/><F63/><W10/><G108/><T17/><D72/><U48/><E48/><V123/><F110/><W114/><G131/><T2/><D2/><U24/><E24/><V99/><F128/><W119/><G119/><T64/><D64/><U77/><E77/><V62/><F99/><W60/><G60/><T34/><D34/><U16/><E29/><V21/><F62/><W0/><G114/><T33/><D33/><AGARI ba="0,0" hai="0,7,10,25,30,33,98,102,105,112,115" m="27146" machi="33" ten="30,7700,0" yaku="23,1,52,3" doraHai="66" who="3" fromWho="0" sc="250,-77,270,0,250,0,230,77" /><INIT seed="2,0,0,2,3,64" ten="173,270,250,307" oya="2" hai0="92,22,131,60,55,129,39,98,3,108,99,135,58" hai1="41,95,44,89,124,5,68,67,119,130,31,36,104" hai2="93,27,21,46,94,0,76,40,74,81,87,133,47" hai3="45,61,34,24,25,14,32,128,33,23,109,4,49"/><V69/><F0/><W102/><G102/><T91/><D3/><U88/><E119/><V11/><F133/><W100/><G100/><T115/><D39/><U9/><E104/><V16/><F69/><W80/><G61/><T63/><D115/><U19/><E31/><V127/><F127/><W106/><G106/><T26/><D108/><U112/><E112/><V65/><F65/><W73/><G109/><T116/><D116/><U86/><E124/><V48/><F74/><W28/><G80/><T13/><D13/><U82/><E130/><N who="0" m="49673" /><D135/><U52/><E19/><V30/><REACH who="2" step="1"/><F47/><REACH who="2" ten="173,270,240,307" step="2"/><W105/><G45/><T101/><D63/><U90/><E67/><V17/><F17/><W15/><G73/><T83/><D83/><U84/><E68/><V43/><F43/><W20/><G128/><T50/><D60/><U2/><E52/><V53/><F53/><W120/><G120/><T110/><D110/><U1/><E1/><V126/><F126/><W78/><G4/><T96/><D101/><U125/><E125/><V134/><F134/><W7/><G7/><T38/><D38/><U66/><E66/><V132/><F132/><W117/><G117/><T42/><D42/><U70/><E70/><V113/><F113/><W59/><G49/><T85/><D50/><U51/><E36/><V103/><F103/><W72/><G105/><T114/><D114/><U111/><E111/><V35/><F35/><W77/><G72/><T29/><D55/><U107/><E107/><V97/><F97/><W118/><G118/><T79/><D58/><U57/><E57/><V75/><F75/><RYUUKYOKU ba="0,1" sc="173,10,270,10,240,10,307,-30" hai0="22,26,29,79,85,91,92,96,98,99" hai1="2,5,9,41,44,51,82,84,86,88,89,90,95" hai2="11,16,21,27,30,40,46,48,76,81,87,93,94" /><INIT seed="2,1,1,1,2,72" ten="183,280,250,277" oya="2" hai0="107,111,51,97,91,104,22,95,60,109,114,135,68" hai1="31,44,9,122,85,128,30,88,129,76,35,0,133" hai2="75,4,11,8,43,5,62,57,90,56,110,69,130" hai3="64,100,92,99,42,10,86,24,94,52,74,46,98"/><V87/><F130/><N who="1" m="50281" /><E133/><V47/><F75/><W80/><G74/><T120/><D120/><U36/><E35/><V7/><F69/><W126/><G126/><T14/><D114/><U84/><E122/><V18/><F110/><N who="0" m="41994" /><D135/><U127/><E127/><V21/><F43/><W81/><G64/><N who="0" m="40967" /><D51/><U67/><E67/><N who="2" m="39367" /><F57/><W1/><G42/><T26/><D14/><U13/><E0/><V32/><F32/><W29/><G1/><T17/><AGARI ba="1,1" hai="17,22,26,91,95,97,104,107" m="40967,41994" machi="17" ten="30,1100,0" yaku="14,1" doraHai="72" who="0" fromWho="0" sc="183,24,280,-4,250,-6,277,-4" /><INIT seed="3,0,0,1,1,0" ten="207,276,244,273" oya="3" hai0="43,109,11,126,19,26,35,97,14,17,90,79,44" hai1="37,56,91,95,115,111,112,82,98,15,120,8,134" hai2="13,78,65,80,34,72,50,41,16,54,71,96,57" hai3="49,58,12,85,124,36,47,32,33,27,117,94,76"/><W55/><G117/><T3/><D109/><U105/><E120/><V31/><F41/><W129/><G124/><T70/><D126/><U66/><E111/><V108/><F108/><W128/><G12/><T38/><D70/><U28/><E37/><V127/><F127/><W123/><G123/><T89/><D3/><U73/><E134/><V29/><F34/><W69/><G69/><T106/><D79/><N who="1" m="44399" /><E28/><V60/><REACH who="2" step="1"/><F96/><REACH who="2" ten="207,276,234,273" step="2"/><W131/><G33/><T48/><D38/><U93/><E98/><V135/><F135/><W39/><G32/><T84/><D35/><U113/><E113/><V68/><F68/><W61/><G39/><T125/><D125/><U40/><E40/><V88/><F88/><N who="3" m="53519" /><G76/><T92/><D106/><U9/><E105/><V64/><F64/><N who="3" m="38967" /><G36/><T5/><REACH who="0" step="1"/><D26/><AGARI ba="0,1" hai="26,27,47,49,55,128,129,131" m="38967,53519" machi="26" ten="30,2900,0" yaku="19,1,54,1" doraHai="0" who="3" fromWho="0" sc="207,-29,276,0,234,0,273,39" /><INIT seed="3,1,0,3,0,3" ten="178,276,234,312" oya="3" hai0="66,24,120,78,130,21,50,6,18,37,0,41,17" hai1="48,26,114,61,13,106,55,2,32,94,47,9,54" hai2="23,72,68,10,87,135,29,28,27,112,62,19,65" hai3="51,14,25,117,40,111,96,89,113,70,85,100,88"/><W42/><G117/><T7/><D0/><U34/><E106/><V36/><F72/><W93/><G113/><T39/><D120/><U84/><E114/><V108/><F112/><W8/><G70/><T56/><D39/><U4/><E61/><V76/><F36/><W74/><G74/><T73/><D37/><U134/><E134/><V49/><F108/><W131/><G131/><T57/><D73/><U16/><E55/><V43/><F135/><W82/><G111/><T5/><D78/><U101/><E26/><V15/><F76/><W122/><G122/><T35/><D35/><U119/><E119/><V60/><F87/><W128/><G128/><T86/><D86/><U44/><E47/><V115/><F115/><W129/><G129/><T98/><D98/><U99/><REACH who="1" step="1"/><E84/><REACH who="1" ten="178,266,234,312" step="2"/><V95/><F60/><W83/><G25/><N who="0" m="14511" /><D130/><U63/><E63/><V105/><F105/><W91/><G42/><T97/><D66/><U11/><AGARI ba="1,1" hai="2,4,9,11,13,16,32,34,44,48,54,94,99,101" machi="11" ten="20,12000,2" yaku="1,1,0,1,7,1,52,1,54,1,53,2" doraHai="3" doraHaiUra="30" who="1" fromWho="1" sc="178,-31,266,133,234,-31,312,-61" /><INIT seed="4,0,0,0,5,93" ten="147,399,203,251" oya="0" hai0="18,113,90,83,25,46,10,106,70,122,75,33,84" hai1="13,62,81,17,110,120,94,99,50,11,4,23,15" hai2="125,9,97,80,86,42,55,67,41,123,40,37,21" hai3="76,68,116,5,38,65,59,135,57,101,60,26,119"/><T61/><D122/><U30/><E110/><V109/><F109/><W0/><G101/><T32/><D113/><U52/><E120/><V6/><F123/><W98/><G76/><T111/><D111/><U63/><E81/><V89/><F125/><W78/><G78/><T85/><D75/><U103/><E30/><V35/><F35/><W82/><G82/><T104/><D46/><AGARI ba="0,0" hai="4,11,13,15,17,23,46,50,52,62,63,94,99,103" machi="46" ten="30,7700,0" yaku="7,1,8,1,52,1,54,1" doraHai="93" who="1" fromWho="0" sc="147,-77,399,77,203,0,251,0" /><INIT seed="5,0,0,0,0,0" ten="70,476,203,251" oya="1" hai0="110,15,10,104,13,34,126,8,44,51,106,116,90" hai1="69,59,130,95,48,66,132,127,31,39,3,43,93" hai2="67,7,72,119,111,115,129,27,128,64,124,71,28" hai3="58,135,68,53,125,100,19,81,73,117,84,86,49"/><U25/><E3/><V50/><F119/><W21/><G68/><T121/><D116/><U41/><E127/><V23/><F111/><W101/><G117/><T17/><D126/><U87/><E130/><N who="2" m="50283" /><F72/><W78/><G135/><T102/><D110/><U107/><E107/><V114/><F124/><W75/><G125/><T98/><D121/><U94/><E39/><V74/><F74/><W56/><G75/><T20/><D34/><U5/><E5/><V24/><F7/><W45/><G84/><T2/><D2/><U6/><E6/><V33/><F50/><W96/><G73/><T83/><D106/><U99/><E87/><V29/><F71/><W85/><G85/><T123/><D123/><U16/><E31/><V9/><F9/><W52/><G96/><T4/><D90/><U113/><E69/><V40/><F40/><W61/><G45/><T65/><D83/><U105/><E105/><V89/><F89/><W112/><G112/><AGARI ba="0,0" hai="23,24,27,28,29,33,64,67,112,114,115" m="50283" machi="112" ten="30,3900,0" yaku="15,1,11,1,19,1" doraHai="0" who="2" fromWho="3" sc="70,0,476,0,203,39,251,-39" /><INIT seed="6,0,0,0,1,77" ten="70,476,242,212" oya="2" hai0="87,71,125,83,99,133,55,78,121,92,100,49,115" hai1="101,132,89,108,82,88,62,74,31,93,24,123,94" hai2="95,56,28,15,114,59,98,107,117,129,27,14,91" hai3="97,54,20,37,51,43,120,53,67,38,19,10,30"/><V12/><F117/><W86/><G120/><T96/><D71/><U64/><E108/><V90/><F129/><W76/><G67/><T126/><D55/><U128/><E132/><V109/><F114/><W5/><G30/><T39/><D39/><U33/><E123/><V9/><F107/><W70/><G70/><T50/><D121/><U112/><E112/><V36/><F36/><W6/><G6/><T11/><D115/><U46/><E46/><V25/><F109/><W102/><G53/><T3/><D3/><U57/><E101/><V48/><F9/><W16/><G19/><T110/><D110/><U8/><E8/><V80/><F48/><W63/><G63/><T134/><D11/><U61/><E61/><V66/><F66/><W47/><G54/><T122/><D122/><U40/><E40/><V44/><F44/><W0/><G76/><T4/><D4/><U45/><E45/><V135/><F135/><N who="0" m="51722" /><D49/><U130/><E130/><V131/><F131/><W72/><G72/><T41/><D41/><U75/><E75/><V111/><F111/><W35/><G86/><T13/><D13/><U127/><E74/><V23/><F27/><W103/><G51/><T113/><D113/><U124/><E128/><V52/><F52/><W18/><G38/><T85/><D85/><AGARI ba="0,0" hai="12,14,15,23,25,28,56,59,80,85,90,91,95,98" machi="85" ten="40,3900,0" yaku="8,1,52,1" doraHai="77" who="2" fromWho="0" sc="70,-39,476,0,242,39,212,0" /><INIT seed="6,1,0,2,2,32" ten="31,476,281,212" oya="2" hai0="31,77,8,67,66,33,84,1,127,132,47,118,50" hai1="110,76,20,34,83,130,25,81,49,94,55,10,106" hai2="131,80,9,70,73,38,71,63,103,11,24,119,58" hai3="46,45,129,86,14,12,40,17,99,74,121,93,82"/><V26/><F119/><W5/><G74/><T35/><D118/><U59/><E106/><V109/><F38/><W52/><G121/><T113/><D132/><U48/><E110/><V28/><F131/><W123/><G123/><T105/><D127/><U60/><E34/><V126/><F126/><W117/><G117/><T92/><D113/><U22/><E130/><V100/><F73/><W135/><G135/><T56/><D105/><U19/><E10/><V64/><F80/><N who="1" m="30793" /><E76/><V57/><F63/><W79/><G129/><T111/><D77/><U115/><E115/><V102/><F64/><W18/><G5/><T95/><D111/><U125/><E125/><V98/><F98/><W43/><G14/><T87/><D50/><U134/><E134/><V4/><F4/><W51/><G45/><T44/><D56/><U91/><E22/><V6/><F6/><W21/><G18/><T53/><D53/><U23/><E23/><V108/><F103/><AGARI ba="1,0" hai="12,17,21,40,43,46,51,52,79,82,86,93,99,103" machi="103" ten="30,3900,0" yaku="7,1,8,1,54,1" doraHai="32" who="3" fromWho="2" sc="31,0,476,0,281,-42,212,42" /><INIT seed="7,0,0,3,3,31" ten="31,476,239,254" oya="3" hai0="118,113,27,21,44,124,98,6,94,135,28,111,61" hai1="125,119,38,129,30,83,69,99,81,55,110,29,89" hai2="97,84,116,11,14,103,58,73,126,41,20,67,23" hai3="19,93,112,17,47,57,68,3,54,70,102,87,85"/><W22/><G3/><T74/><D21/><U10/><E69/><V100/><F73/><W134/><G134/><T50/><D27/><U59/><E38/><V117/><F126/><W65/><G112/><T9/><D28/><U66/><E66/><V56/><F117/><W33/><G33/><T79/><D94/><N who="1" m="56783" /><E110/><V72/><F72/><W48/><G68/><T82/><D50/><U88/><E125/><V60/><F116/><W26/><G70/><T127/><D44/><U109/><E129/><V37/><F37/><W49/><G19/><T35/><D9/><U114/><E114/><V76/><F41/><W46/><G102/><N who="2" m="38953" /><F97/><W52/><G93/><T75/><D6/><U4/><E81/><N who="2" m="47143" /><F56/><W39/><G39/><T43/><D61/><AGARI ba="0,0" hai="17,22,26,46,47,48,49,52,54,57,61,65,85,87" machi="61" ten="40,7700,0" yaku="9,1,8,1,54,1" doraHai="31" who="3" fromWho="0" sc="31,-77,476,0,239,0,254,77" owari="-46,-55.0,476,58.0,239,-16.0,331,13.0" /></mjloggm>